<mjloggm ver="2.3"><GO type="225" lobby="0"/><UN n0="%72%61%6B%33" n1="%6D%75%75%6D%75%72%61" n2="%E3%83%B4%E3%82%A3%E3%83%AF%E3%82%B3%E3%82%B0%E3%83%8B" n3="%E7%B4%94%E6%BD%94%E3%83%94%E3%83%A9%E3%83%8B%E3%82%A2" dan="17,16,16,17" rate="2222.88,2168.36,2180.90,2196.78" sx="M,F,M,M"/><TAIKYOKU oya="0"/><INIT seed="0,0,0,3,5,118" ten="250,250,250,250" oya="0" hai0="63,35,72,88,20,4,110,86,11,55,130,129,69" hai1="132,97,54,61,50,2,28,114,125,53,76,16,59" hai2="37,0,103,121,113,109,101,44,42,48,5,131,78" hai3="60,96,9,126,33,117,79,99,43,39,71,67,84"/><T100/><D35/><U26/><E2/><V133/><F113/><W93/><G33/><T46/><D72/><U107/><E125/><V32/><F109/><W3/><G117/><T23/><D100/><U74/><E114/><V56/><F32/><W1/><G99/><T52/><D110/><U22/><E132/><V21/><F133/><W91/><G126/><T134/><D134/><U115/><E115/><V85/><F21/><W68/><G68/><T70/><D46/><U29/><E74/><V12/><F0/><W102/><G79/><T122/><D122/><U15/><E76/><V58/><F37/><W128/><G128/><N who="0" m="49259" /><D20/><U57/><REACH who="1" step="1"/><E26/><REACH who="1" ten="250,240,250,250" step="2"/><V75/><F75/><W24/><G24/><T14/><D23/><U10/><E10/><N who="2" m="4175" /><F131/><W120/><G9/><T116/><D116/><U41/><E41/><V27/><F27/><W25/><G25/><T77/><D77/><U66/><E66/><V94/><F78/><W34/><G34/><T7/><D7/><U18/><E18/><V8/><F8/><W49/><G3/><T36/><D36/><U31/><E31/><V89/><F121/><W13/><G1/><T65/><D69/><U40/><E40/><V82/><F103/><AGARI ba="0,1" hai="15,16,22,28,29,50,53,54,57,59,61,97,103,107" machi="103" ten="40,5200,0" yaku="1,1,54,1,53,1" doraHai="118" doraHaiUra="98" who="1" fromWho="2" sc="250,0,240,62,250,-52,250,0" /><INIT seed="1,0,0,1,3,51" ten="250,302,198,250" oya="1" hai0="36,3,93,25,8,112,113,2,54,30,100,98,5" hai1="53,15,111,20,101,128,21,23,64,47,87,4,75" hai2="118,86,33,123,57,0,133,121,115,104,65,37,99" hai3="19,94,10,102,26,59,7,12,73,106,69,78,44"/><U46/><E75/><V27/><F0/><W71/><G106/><T16/><D36/><U124/><E128/><V55/><F118/><W76/><G73/><T24/><D2/><U125/><E111/><V17/><F37/><W62/><G44/><T114/><D30/><U32/><E32/><V6/><F6/><W96/><G69/><T81/><D81/><U61/><E101/><N who="2" m="62527" /><F65/><W38/><G71/><T92/><D92/><U39/><E39/><V35/><F86/><W70/><G70/><T67/><D67/><U117/><E117/><V135/><F17/><W40/><G40/><T127/><D127/><N who="1" m="48715" /><E64/><V28/><F33/><W89/><G102/><T105/><D105/><U9/><E87/><V110/><F110/><W41/><G41/><T11/><REACH who="0" step="1"/><D54/><REACH who="0" ten="240,302,198,250" step="2"/><U131/><E131/><V91/><F115/><W97/><G38/><T72/><D72/><U13/><E13/><AGARI ba="0,1" hai="3,5,8,11,13,16,24,25,93,98,100,112,113,114" machi="13" ten="40,2600,0" yaku="1,1,54,1,53,0" doraHai="51" doraHaiUra="83" who="0" fromWho="1" sc="240,36,302,-26,198,0,250,0" /><INIT seed="2,0,0,4,0,7" ten="276,276,198,250" oya="2" hai0="50,116,112,73,14,87,35,98,24,105,121,104,16" hai1="59,43,74,12,13,19,126,97,101,42,56,131,85" hai2="64,119,53,49,117,118,57,120,67,115,78,9,54" hai3="5,28,34,108,46,3,110,123,75,77,113,40,95"/><V133/><F115/><W96/><G123/><T17/><D73/><U39/><E74/><V23/><F120/><W125/><G125/><T80/><D112/><U37/><E126/><V4/><F133/><W41/><G113/><T60/><D121/><U36/><E131/><V122/><F122/><W63/><G63/><T107/><D116/><U132/><E132/><V20/><F78/><W69/><G69/><T11/><D60/><U102/><E85/><V52/><F64/><W106/><G106/><T15/><D50/><U86/><E86/><V25/><F67/><W128/><G28/><T68/><D68/><U38/><E38/><V82/><F82/><N who="3" m="45375" /><G34/><T32/><D98/><U30/><E30/><V44/><F25/><W62/><G62/><T18/><D24/><U71/><E71/><V10/><F57/><W130/><G5/><T47/><D47/><U31/><E31/><V81/><F81/><W22/><G22/><T92/><D92/><U94/><E102/><V84/><F84/><W27/><G3/><T103/><D103/><U76/><E76/><V70/><F70/><W45/><G27/><T58/><D58/><U65/><E13/><V2/><REACH who="2" step="1"/><F9/><REACH who="2" ten="276,276,188,250" step="2"/><W21/><G46/><T111/><D11/><U99/><E65/><V93/><F93/><W79/><G79/><T1/><D105/><U55/><E59/><V72/><F72/><W8/><G8/><T29/><D107/><U61/><REACH who="1" step="1"/><E97/><REACH who="1" ten="276,266,188,250" step="2"/><V127/><F127/><W90/><G130/><T88/><D32/><U109/><E109/><N who="3" m="42090" /><G128/><T0/><D111/><U124/><E124/><V33/><F33/><RYUUKYOKU ba="0,2" sc="276,-15,266,15,188,15,250,-15" hai1="12,19,36,37,39,42,43,55,56,61,94,99,101" hai2="2,4,10,20,23,44,49,52,53,54,117,118,119" /><INIT seed="2,1,2,4,0,10" ten="261,281,203,235" oya="2" hai0="6,77,47,94,17,121,39,0,19,22,38,9,89" hai1="68,131,63,79,113,70,24,135,93,37,130,16,48" hai2="90,54,83,123,82,69,65,23,36,67,78,125,40" hai3="102,46,49,124,58,92,88,55,117,21,103,44,120"/><V50/><F125/><W132/><G117/><T118/><D121/><U2/><E37/><V64/><F123/><W27/><G120/><T106/><D106/><U29/><E113/><V72/><F36/><W80/><G124/><T128/><D128/><N who="1" m="49195" /><E2/><V41/><F69/><W105/><G132/><T53/><D118/><U61/><E135/><V75/><F23/><W110/><G110/><T91/><D77/><U109/><E109/><V112/><F112/><W3/><G3/><T14/><D91/><U101/><E79/><V71/><F71/><N who="1" m="27177" /><E48/><V7/><F7/><W98/><G80/><T73/><D73/><U119/><E119/><V100/><F100/><N who="3" m="38443" /><G105/><T25/><D53/><U8/><E29/><AGARI ba="1,2" hai="21,27,29,44,46,49,55,58,88,92,98" m="38443" machi="29" ten="30,2000,0" yaku="8,1,54,1" doraHai="10" who="3" fromWho="1" sc="261,0,281,-23,203,0,235,43" /><INIT seed="3,0,0,5,5,109" ten="261,258,203,278" oya="3" hai0="101,15,56,20,41,60,113,93,102,105,4,79,91" hai1="57,87,10,38,32,54,126,18,122,125,81,2,30" hai2="135,112,92,107,77,26,51,132,96,131,58,11,118" hai3="108,24,130,75,48,90,44,39,94,119,133,106,104"/><W116/><G75/><T80/><D105/><U86/><E122/><V28/><F118/><W76/><G39/><T71/><D71/><U22/><E38/><V82/><F107/><W128/><G76/><T12/><D113/><U121/><E121/><V88/><F11/><W31/><G108/><T83/><D41/><U1/><E32/><V5/><F5/><W59/><G133/><N who="2" m="51273" /><F131/><N who="3" m="50219" /><G59/><T36/><D36/><U21/><E30/><V29/><F58/><W120/><G106/><T52/><D15/><N who="1" m="7543" /><E2/><V61/><F61/><W78/><G78/><T124/><D124/><N who="1" m="47723" /><E1/><V89/><F51/><W100/><G100/><T114/><D114/><U23/><E81/><V45/><F28/><W14/><G14/><T8/><D20/><U62/><AGARI ba="0,0" hai="21,22,23,54,57,62,86,87" m="47723,7543" machi="62" ten="30,1100,0" yaku="18,1" doraHai="109" who="1" fromWho="1" sc="261,-3,258,11,203,-3,278,-5" /><INIT seed="4,0,0,3,3,73" ten="258,269,200,273" oya="0" hai0="75,63,44,79,74,90,87,55,34,65,123,18,37" hai1="56,54,19,130,6,131,50,58,104,77,28,92,86" hai2="100,29,121,45,80,62,103,116,12,11,91,76,52" hai3="71,15,41,98,113,4,88,84,32,24,64,111,53"/><T97/><D123/><U14/><E104/><V81/><F121/><W89/><G111/><T134/><D134/><U102/><E28/><V127/><F127/><W59/><G41/><T99/><D34/><U1/><E1/><V60/><F116/><W33/><G113/><T26/><D74/><U30/><E30/><V5/><F29/><W49/><G24/><T85/><D75/><U48/><E6/><V118/><F118/><W68/><G98/><T96/><D37/><U93/><E102/><N who="2" m="38955" /><F91/><W3/><G89/><T119/><D119/><U114/><E114/><V47/><F81/><W61/><G3/><T38/><D38/><U117/><E117/><V110/><F110/><W42/><G42/><T27/><D18/><U135/><E135/><V43/><F43/><W69/><G4/><T132/><D132/><U78/><E130/><V20/><F20/><W120/><G15/><T106/><D106/><U83/><E78/><V70/><F70/><W108/><G108/><T129/><D129/><U31/><E31/><V22/><F22/><W82/><REACH who="3" step="1"/><G120/><REACH who="3" ten="258,269,200,263" step="2"/><T9/><D90/><U115/><E131/><V0/><F0/><W23/><G23/><T72/><D26/><U39/><E115/><V107/><F107/><W109/><G109/><T10/><D27/><U35/><E35/><AGARI ba="0,1" hai="32,33,35,49,53,59,61,64,68,69,71,82,84,88" machi="35" ten="40,2600,0" yaku="1,1,54,1,53,0" doraHai="73" doraHaiUra="125" who="3" fromWho="1" sc="258,0,269,-26,200,0,263,36" /><INIT seed="5,0,0,4,1,60" ten="258,243,200,299" oya="1" hai0="81,23,25,50,90,22,11,86,59,83,134,129,41" hai1="42,53,43,35,36,97,77,126,6,3,38,125,69" hai2="87,29,128,88,131,133,5,17,32,28,119,78,84" hai3="82,74,2,34,94,95,31,16,105,103,92,56,54"/><U79/><E35/><V65/><F119/><W107/><G2/><T104/><D104/><U7/><E53/><V70/><F5/><N who="1" m="1545" /><E97/><V91/><F78/><N who="1" m="29705" /><E69/><V113/><F133/><W37/><G37/><N who="1" m="14442" /><E3/><V10/><F113/><W85/><G74/><T109/><D134/><U124/><AGARI ba="0,0" hai="42,43,124,125,126" m="14442,29705,1545" machi="124" ten="40,7800,0" yaku="28,2,18,1" doraHai="60" who="1" fromWho="1" sc="258,-26,243,78,200,-26,299,-26" owari="232,-16.8,321,42.1,174,-32.6,273,7.3" /></mjloggm>