<mjloggm ver="2.3"><GO type="225" lobby="0"/><UN n0="%6D%75%75%6D%75%72%61" n1="%72%69%6F%75%63%68%61%6E" n2="%E7%A7%8B%E6%9C%88%E7%9C%9F%E7%90%86%E4%BA%9E" n3="%E5%AF%82%E5%AF%9E%E3%82%AE%E3%83%8D%E3%82%B9%E3%83%93%E3%83%BC%E3%83%AB" dan="16,17,16,16" rate="2217.63,2165.90,2128.34,2141.69" sx="F,M,F,M"/><TAIKYOKU oya="0"/><INIT seed="0,0,0,1,3,87" ten="250,250,250,250" oya="0" hai0="24,126,116,58,30,26,0,22,108,117,35,25,20" hai1="110,34,8,120,97,33,86,31,2,106,115,135,90" hai2="83,123,127,133,82,50,118,92,54,38,28,78,75" hai3="29,85,57,125,19,1,45,62,67,105,39,32,130"/><T66/><D126/><U46/><E120/><V15/><F123/><W102/><G125/><T100/><D0/><U132/><E110/><V121/><F121/><W42/><G130/><T10/><D108/><U3/><E115/><V81/><F127/><W16/><G1/><N who="1" m="10" /><E31/><V41/><F133/><N who="1" m="51273" /><E8/><V134/><F134/><W89/><G102/><T55/><D10/><U52/><E97/><V77/><F28/><W101/><G101/><T104/><D66/><U88/><E106/><V60/><F118/><W72/><G72/><T17/><D104/><U74/><E74/><V119/><F119/><W109/><G105/><T124/><D100/><U27/><E27/><V9/><F75/><W12/><G109/><T84/><D124/><U40/><E52/><V79/><F60/><W68/><G12/><T7/><D7/><U95/><E90/><V47/><F92/><W65/><G29/><T113/><D113/><U70/><E70/><V49/><REACH who="2" step="1"/><F54/><REACH who="2" ten="250,250,240,250" step="2"/><W122/><G122/><T56/><D116/><U93/><E93/><V94/><F94/><W80/><G32/><T103/><D117/><U51/><AGARI ba="0,1" hai="33,34,40,46,51,86,88,95" m="51273,10" machi="51" ten="30,4000,0" yaku="20,1,52,1,54,1" doraHai="87" who="1" fromWho="1" sc="250,-20,250,50,240,-10,250,-10" /><INIT seed="1,0,0,5,3,64" ten="230,300,230,240" oya="1" hai0="135,131,60,30,120,100,58,105,88,39,87,53,45" hai1="52,12,44,28,111,54,93,74,69,81,14,48,31" hai2="19,132,114,84,86,21,68,16,24,73,118,82,47" hai3="10,90,65,104,37,38,96,78,43,83,63,67,106"/><U109/><E69/><V126/><F118/><W95/><G67/><T116/><D116/><U79/><E54/><V121/><F121/><W2/><G2/><T122/><D131/><U25/><E28/><V36/><F126/><W42/><G10/><T66/><D135/><U115/><E115/><V62/><F132/><W130/><G130/><T3/><D3/><U5/><E93/><V27/><F114/><W61/><G61/><T128/><D128/><U1/><E1/><V127/><F127/><W103/><G43/><T55/><D30/><U0/><E0/><V92/><F92/><W85/><G42/><T97/><D39/><U59/><E44/><V75/><F47/><W46/><G46/><T50/><REACH who="0" step="1"/><D55/><REACH who="0" ten="220,300,230,240" step="2"/><U17/><E5/><V77/><F36/><W89/><G37/><T99/><D99/><U15/><REACH who="1" step="1"/><E17/><REACH who="1" ten="220,290,230,240" step="2"/><V133/><F133/><W80/><G38/><T13/><D13/><U34/><AGARI ba="0,2" hai="12,14,15,25,31,34,48,52,59,74,79,81,109,111" machi="34" ten="30,18000,2" yaku="1,1,2,1,0,1,54,1,53,3" doraHai="64" doraHaiUra="9" who="1" fromWho="1" sc="220,-60,290,200,230,-60,240,-60" /><INIT seed="1,1,0,2,3,14" ten="160,490,170,180" oya="1" hai0="124,77,39,31,37,24,97,60,72,10,47,85,119" hai1="112,68,122,0,3,104,84,50,115,92,78,21,61" hai2="79,110,38,26,41,23,32,82,30,1,42,12,63" hai3="49,94,89,76,106,120,56,16,13,20,127,33,132"/><U83/><E122/><V17/><F110/><W51/><G120/><T113/><D119/><U73/><E104/><V88/><F38/><W43/><G106/><T52/><D113/><U98/><E73/><V128/><F128/><W111/><G33/><T75/><D124/><U62/><BYE who="2" /><E0/><V22/><F22/><W126/><G111/><T7/><D97/><UN n2="%E7%A7%8B%E6%9C%88%E7%9C%9F%E7%90%86%E4%BA%9E" /><U44/><E3/><V55/><F1/><W108/><G108/><T81/><D75/><U107/><E107/><V48/><F63/><W9/><G76/><T29/><D72/><U103/><E61/><V8/><F32/><W53/><G132/><T71/><D24/><U90/><E103/><V18/><F30/><W118/><G118/><T4/><D37/><U35/><E35/><V34/><F34/><W134/><G134/><T105/><D105/><U95/><E95/><V116/><F79/><W133/><G133/><T117/><D117/><U109/><E109/><V6/><F6/><W57/><G9/><T2/><D4/><U100/><E100/><V80/><F116/><W129/><G129/><T70/><D70/><U46/><E68/><V69/><F69/><W91/><G91/><T87/><D87/><U74/><E84/><N who="2" m="50183" /><F82/><W58/><G127/><T40/><REACH who="0" step="1"/><D71/><REACH who="0" ten="150,490,170,180" step="2"/><U59/><E115/><V15/><F26/><W65/><G126/><T93/><D93/><U121/><E112/><V27/><F27/><W99/><G65/><T125/><D125/><U25/><E121/><V54/><F54/><W114/><G114/><T96/><D96/><U28/><E74/><V11/><F11/><W102/><G102/><RYUUKYOKU ba="1,1" sc="150,10,490,-30,170,10,180,10" hai0="2,7,10,29,31,39,40,47,52,60,77,81,85" hai2="8,12,15,17,18,23,41,42,48,55" hai3="13,16,20,43,49,51,53,56,57,58,89,94,99" /><INIT seed="2,2,1,1,1,35" ten="160,460,180,190" oya="2" hai0="110,49,94,70,66,6,69,11,81,57,131,3,45" hai1="67,16,126,134,124,63,130,85,96,116,62,14,46" hai2="97,13,80,118,31,53,7,135,102,89,23,100,133" hai3="114,56,27,9,68,103,123,50,105,109,101,122,20"/><V41/><F118/><W65/><G109/><T39/><D110/><U121/><E116/><V104/><F41/><W36/><G36/><T26/><D131/><U90/><E121/><V76/><F89/><W112/><G68/><T25/><D39/><U51/><E130/><V72/><F102/><N who="3" m="38923" /><G9/><T87/><D94/><N who="1" m="56407" /><E134/><N who="2" m="51211" /><F53/><N who="3" m="31799" /><G65/><T58/><D69/><U22/><E67/><V78/><F78/><W71/><G71/><T47/><D70/><U4/><E4/><V127/><F127/><N who="1" m="48681" /><E85/><V83/><F83/><W84/><G84/><T117/><D117/><U132/><E132/><V88/><F88/><W91/><G105/><T17/><D66/><U77/><E77/><V40/><F7/><W60/><G91/><T29/><D87/><U2/><E2/><V108/><F108/><W15/><G123/><T113/><D81/><U125/><N who="1" m="48689" /><U48/><DORA hai="92" /><E48/><V52/><F80/><W0/><G0/><T55/><D3/><U28/><E28/><V21/><F76/><W106/><G106/><T37/><D29/><U43/><AGARI ba="2,1" hai="14,16,22,43,46,51,62,63" m="48689,56407" machi="43" ten="40,5200,0" yaku="18,1,52,1,54,1" doraHai="35,92" who="1" fromWho="1" sc="160,-15,460,68,180,-28,190,-15" /><INIT seed="3,0,0,0,5,8" ten="145,528,152,175" oya="3" hai0="73,46,19,59,65,50,6,21,82,35,17,64,22" hai1="127,20,103,0,100,52,96,2,122,80,48,54,14" hai2="45,61,79,47,106,18,98,95,51,13,55,60,81" hai3="128,91,26,53,129,3,12,118,87,123,108,33,57"/><W93/><G3/><T99/><D35/><U30/><E122/><V125/><F106/><W107/><G123/><T84/><D73/><U72/><E127/><V97/><F125/><W119/><G107/><T90/><D6/><U112/><E112/><V23/><F47/><W77/><G77/><T16/><D99/><U4/><E30/><V9/><F23/><N who="0" m="8714" /><D59/><U7/><E0/><V29/><F29/><N who="3" m="19639" /><G108/><T49/><D49/><U126/><E126/><V71/><F71/><W109/><G109/><T116/><D116/><U56/><E2/><V10/><F10/><W43/><G119/><T124/><D124/><U15/><E72/><V117/><F117/><W102/><G118/><T120/><D120/><U89/><E54/><AGARI ba="0,0" hai="16,17,19,46,50,54,64,65,82,84,90" m="8714" machi="54" ten="30,2000,0" yaku="8,1,54,1" doraHai="8" who="0" fromWho="1" sc="145,20,528,-20,152,0,175,0" owari="165,-23.5,508,60.8,152,-34.8,175,-2.5" /></mjloggm>