<mjloggm ver="2.3"><GO type="225" lobby="0"/><UN n0="%E3%83%A9%E3%83%BC%E3%83%A1%E3%83%B3%E4%BA%94%E9%83%8E" n1="%E3%83%B4%E3%83%A0%EF%BC%99%E3%81%A6" n2="%E4%B8%8B%E6%AE%B5%E3%83%81%E3%82%A7%E3%83%AA%E3%83%BC" n3="%E7%B4%94%E6%BD%94%E3%83%94%E3%83%A9%E3%83%8B%E3%82%A2" dan="16,17,16,17" rate="2039.75,2220.88,2115.12,2233.44" sx="M,M,M,M"/><TAIKYOKU oya="0"/><INIT seed="0,0,0,4,1,130" ten="250,250,250,250" oya="0" hai0="57,25,39,28,30,44,103,127,27,75,50,133,74" hai1="15,26,63,12,35,115,70,38,92,20,53,110,83" hai2="9,99,86,31,89,118,59,61,105,82,55,125,64" hai3="101,87,76,85,102,48,109,129,46,131,37,41,114"/><T11/><D127/><U16/><E38/><V1/><F118/><W6/><G114/><T91/><D103/><N who="3" m="39433" /><G76/><T126/><D126/><U40/><E40/><V8/><F125/><W123/><G109/><T60/><D39/><U81/><E110/><V54/><F105/><W97/><G97/><T95/><D74/><U117/><E117/><V36/><F36/><W58/><G6/><T134/><D75/><U17/><E115/><V0/><F99/><W79/><G79/><T73/><D73/><U47/><E92/><V56/><F31/><N who="0" m="11818" /><D11/><U88/><E35/><V13/><F64/><W72/><G72/><T21/><D21/><U32/><E32/><V90/><F90/><W65/><G123/><T121/><D121/><U34/><E34/><V116/><F116/><W108/><G108/><T7/><D7/><U124/><E124/><V107/><F107/><W4/><G4/><T71/><D71/><U100/><E100/><V23/><F0/><W3/><G3/><T49/><D57/><N who="1" m="35247" /><E70/><V120/><F1/><W5/><G5/><T96/><D60/><U113/><E113/><V93/><F120/><W18/><G18/><T67/><D67/><U84/><E17/><N who="2" m="10671" /><F93/><W2/><G2/><T98/><D98/><U132/><E83/><V52/><F55/><N who="3" m="32103" /><G65/><T94/><D95/><U10/><E81/><V51/><AGARI ba="0,0" hai="8,9,51,52,54,56,59,61,82,86,89" m="10671" machi="51" ten="30,2000,0" yaku="8,1,54,1" doraHai="130" who="2" fromWho="2" sc="250,-10,250,-5,250,20,250,-5" /><INIT seed="1,0,0,5,5,35" ten="240,245,270,245" oya="1" hai0="122,120,49,17,106,68,74,15,43,56,121,93,73" hai1="57,30,113,33,19,126,71,128,108,135,36,12,95" hai2="112,27,124,109,37,58,119,92,83,24,72,8,55" hai3="123,32,47,44,94,79,23,125,97,98,38,39,60"/><U51/><E113/><V28/><F119/><W0/><G32/><T1/><D106/><U110/><E71/><V54/><F112/><W22/><G79/><T131/><D68/><U81/><E36/><V52/><F37/><W132/><G60/><T86/><D131/><U65/><E128/><V69/><F69/><W46/><G46/><N who="0" m="25823" /><D56/><U130/><E130/><V111/><F124/><W85/><G94/><T20/><D1/><U10/><E126/><V117/><F117/><W75/><G85/><T63/><D63/><U2/><E135/><V18/><F92/><W134/><G125/><T88/><AGARI ba="0,0" hai="15,17,20,73,74,86,88,93,120,121,122" m="25823" machi="88" ten="40,2700,0" yaku="13,1,54,1" doraHai="35" who="0" fromWho="0" sc="240,27,245,-13,270,-7,245,-7" /><INIT seed="2,0,0,3,3,92" ten="267,232,263,238" oya="2" hai0="21,8,108,122,120,53,50,23,43,41,111,5,84" hai1="10,83,90,9,66,25,15,76,40,30,4,62,127" hai2="38,55,35,68,125,109,20,130,79,104,98,19,93" hai3="33,31,2,54,26,59,7,67,123,99,107,51,131"/><V113/><F113/><W11/><G131/><T119/><D119/><U89/><E127/><V12/><F125/><W110/><G110/><N who="0" m="42027" /><D84/><U85/><E10/><V133/><F130/><W16/><G123/><N who="0" m="47147" /><D21/><U121/><E40/><V32/><F109/><W101/><G67/><T116/><D23/><U71/><REACH who="1" step="1"/><E121/><REACH who="1" ten="267,222,263,238" step="2"/><V94/><F38/><W114/><G114/><T132/><D116/><U48/><E48/><V3/><F3/><W70/><G70/><T77/><D41/><U69/><E69/><V126/><F68/><W27/><G27/><T87/><D43/><U82/><E82/><V86/><F126/><W115/><G115/><T13/><D50/><U100/><E100/><V80/><F133/><W44/><G44/><T45/><D132/><U118/><E118/><V81/><F81/><W22/><REACH who="3" step="1"/><G33/><AGARI ba="0,1" hai="4,9,15,25,30,33,62,66,71,76,83,85,89,90" machi="33" ten="30,2000,0" yaku="1,1,7,1,53,0" doraHai="92" doraHaiUra="129" who="1" fromWho="3" sc="267,0,222,30,263,0,238,-20" /><INIT seed="3,0,0,4,3,84" ten="267,252,263,218" oya="3" hai0="96,15,93,125,68,130,55,17,89,35,47,25,19" hai1="65,127,57,129,23,80,59,95,121,42,4,33,107" hai2="31,21,26,22,79,1,75,9,104,37,105,113,53" hai3="135,61,110,74,11,39,109,97,45,49,119,92,66"/><W30/><G74/><T52/><D68/><U70/><E107/><V85/><F113/><W43/><G119/><T48/><D130/><U116/><E33/><V2/><F37/><W51/><G30/><T123/><D123/><U91/><E121/><V118/><F118/><W50/><G11/><N who="0" m="6399" /><D35/><U102/><E102/><V16/><F75/><W90/><REACH who="3" step="1"/><G135/><REACH who="3" ten="267,252,263,208" step="2"/><T69/><D125/><U98/><E127/><V128/><F9/><W60/><G60/><T44/><D69/><AGARI ba="0,1" hai="39,43,45,49,50,51,61,66,69,90,92,97,109,110" machi="69" ten="40,3900,0" yaku="1,1,52,1,53,0" doraHai="84" doraHaiUra="78" who="3" fromWho="0" sc="267,-39,252,0,263,0,208,49" /><INIT seed="3,1,0,0,2,45" ten="228,252,263,257" oya="3" hai0="65,3,0,2,44,74,127,119,12,96,78,84,41" hai1="70,62,1,43,77,5,53,93,71,26,66,73,57" hai2="122,36,33,38,23,4,67,60,58,64,113,31,80" hai3="11,110,135,28,76,126,10,61,88,63,130,68,128"/><W85/><G76/><T6/><D119/><U42/><E1/><V39/><F113/><W8/><G126/><T69/><D127/><U114/><E5/><V20/><F122/><W100/><G100/><T75/><D96/><U18/><E114/><V72/><F64/><W123/><G123/><T106/><D106/><U109/><E109/><V97/><F4/><W25/><G110/><T91/><D65/><U129/><E129/><N who="3" m="49770" /><G68/><T87/><D69/><U17/><E70/><V104/><F33/><N who="3" m="20623" /><G135/><T102/><D102/><U108/><E108/><V107/><F97/><W81/><AGARI ba="1,0" hai="8,10,11,61,63,81,85,88" m="20623,49770" machi="81" ten="30,3000,0" yaku="19,1,54,1" doraHai="45" who="3" fromWho="3" sc="228,-11,252,-11,263,-11,257,33" /><INIT seed="3,2,0,4,2,10" ten="217,241,252,290" oya="3" hai0="122,24,64,50,52,4,67,87,129,100,8,47,15" hai1="131,31,132,107,86,58,135,80,29,42,125,51,118" hai2="6,3,17,49,116,22,40,130,119,14,78,66,27" hai3="95,112,39,120,60,73,54,102,84,89,128,9,30"/><W36/><G112/><T115/><D129/><U59/><E107/><V34/><F66/><W104/><G120/><T90/><D122/><U41/><E131/><V45/><F130/><W94/><G104/><T114/><D24/><U28/><E125/><V71/><F71/><W82/><G30/><T5/><D100/><U68/><E68/><V93/><F93/><W44/><G9/><T83/><REACH who="0" step="1"/><D4/><REACH who="0" ten="207,241,252,290" step="2"/><U53/><E118/><V121/><F121/><W85/><G128/><T32/><D32/><U25/><E25/><V0/><F119/><W16/><G102/><T98/><D98/><U110/><E110/><V2/><F116/><W18/><G73/><T101/><D101/><U63/><E132/><V12/><F34/><W108/><G108/><T1/><D1/><U126/><E135/><V103/><F103/><W37/><G85/><T75/><D75/><U61/><E126/><V105/><F105/><W91/><G91/><T21/><D21/><U134/><E134/><V117/><F117/><W70/><G18/><T79/><D79/><N who="1" m="46367" /><E61/><V124/><F124/><W43/><G16/><T7/><D7/><U76/><E76/><V11/><REACH who="2" step="1"/><F78/><REACH who="2" ten="207,241,242,290" step="2"/><W74/><G89/><T77/><D77/><U46/><E63/><V23/><F23/><W35/><G60/><T81/><D81/><U123/><E123/><V56/><F56/><AGARI ba="2,2" hai="28,29,31,41,42,46,51,53,56,58,59" m="46367" machi="56" ten="30,1000,0" yaku="8,1" doraHai="10" who="1" fromWho="2" sc="207,0,241,36,242,-16,290,0" /><INIT seed="4,0,0,3,2,60" ten="207,277,226,290" oya="0" hai0="5,74,77,109,130,84,111,38,97,3,31,103,113" hai1="62,86,11,124,79,105,58,121,81,91,41,32,26" hai2="66,127,37,16,116,110,115,63,73,35,42,0,134" hai3="125,44,126,114,15,59,52,93,117,34,56,1,46"/><T47/><D113/><U78/><E121/><V94/><RYUUKYOKU type="yao9" ba="0,0" sc="207,0,277,0,226,0,290,0" hai2="0,16,35,37,42,63,66,73,94,110,115,116,127,134" /><INIT seed="4,1,0,2,5,19" ten="207,277,226,290" oya="0" hai0="129,21,109,41,30,115,131,6,92,20,47,71,48" hai1="107,1,78,125,25,4,42,123,63,44,54,2,97" hai2="82,104,29,69,52,126,46,34,15,135,85,43,110" hai3="95,49,14,68,8,99,5,33,100,103,75,50,7"/><T113/><D109/><U3/><E123/><V32/><F110/><W18/><G68/><T13/><D71/><U80/><E125/><V64/><F104/><W93/><G33/><T127/><D127/><U102/><E25/><V24/><F126/><W77/><G77/><T79/><D79/><U26/><E26/><V0/><F0/><W83/><G83/><T86/><D86/><U87/><E63/><V89/><F135/><W90/><G75/><T118/><D118/><U39/><REACH who="1" step="1"/><E54/><REACH who="1" ten="207,267,226,290" step="2"/><V16/><F34/><W22/><G100/><T55/><D55/><U56/><E56/><V9/><F69/><W119/><G119/><T35/><D35/><U10/><AGARI ba="1,1" hai="1,2,3,4,10,39,42,44,78,80,87,97,102,107" machi="10" ten="30,2000,0" yaku="1,1,0,1,53,0" doraHai="19" doraHaiUra="88" who="1" fromWho="1" sc="207,-11,267,33,226,-6,290,-6" owari="196,-30.4,300,40.0,220,-18.0,284,8.4" /></mjloggm>