<mjloggm ver="2.3"><GO type="225" lobby="0"/><UN n0="%E5%A4%9C%E3%81%AE%E3%82%AC%E3%82%B9%E3%83%91%E3%83%BC%E3%83%AB" n1="%E3%81%B5%E3%81%98%E3%81%8B%E3%81%A4" n2="%E3%80%93%E3%81%97%E3%83%BC%E3%82%89%E3%80%93" n3="%E9%A6%AC%E4%BA%86%E9%9A%94%E5%A3%81" dan="16,17,16,18" rate="2133.11,2212.54,2096.70,2211.19" sx="M,M,M,M"/><TAIKYOKU oya="0"/><INIT seed="0,0,0,2,3,48" ten="250,250,250,250" oya="0" hai0="8,106,101,94,56,100,42,1,35,4,34,2,62" hai1="58,21,5,12,74,108,31,64,134,132,53,18,41" hai2="96,76,84,29,7,73,0,102,80,38,52,30,115" hai3="60,45,92,114,126,22,13,85,26,82,61,118,6"/><T98/><D2/><U10/><E74/><V133/><F115/><W57/><G114/><T9/><D9/><U55/><E41/><V3/><F133/><N who="1" m="51305" /><E31/><V81/><F38/><W33/><G118/><T128/><D128/><U124/><E124/><V17/><F17/><W47/><G33/><T88/><D42/><U75/><E75/><V46/><F3/><W68/><G92/><T79/><D79/><U90/><E90/><V63/><F7/><W49/><G68/><T14/><D1/><N who="1" m="303" /><E108/><V119/><F0/><W36/><G36/><T117/><D117/><U86/><E86/><V19/><F19/><W123/><G123/><T43/><D43/><U20/><E20/><V78/><F119/><W37/><G37/><T107/><D101/><U105/><E105/><V127/><F127/><W125/><G125/><T24/><D107/><U54/><E64/><V135/><F135/><W121/><G121/><T109/><D109/><U65/><E65/><V40/><F40/><W130/><G126/><T104/><D104/><U28/><E28/><V95/><REACH who="2" step="1"/><F46/><REACH who="2" ten="250,250,240,250" step="2"/><W83/><G47/><T70/><D4/><U122/><E122/><V93/><F93/><W59/><G45/><T113/><D113/><U99/><E99/><V51/><F51/><AGARI ba="0,1" hai="12,18,21,51,53,54,55,58" m="303,51305" machi="51" ten="30,7700,0" yaku="20,1,52,3" doraHai="48" who="1" fromWho="2" sc="250,0,250,87,240,-77,250,0" /><INIT seed="1,0,0,0,2,75" ten="250,337,163,250" oya="1" hai0="54,23,73,45,78,128,102,38,91,69,53,26,90" hai1="125,100,33,48,64,84,82,44,13,14,101,118,18" hai2="87,1,50,32,107,42,132,126,81,76,62,21,123" hai3="103,59,135,49,29,5,4,119,111,47,85,28,117"/><U20/><E118/><N who="3" m="45066" /><G111/><T77/><D69/><U116/><E125/><V74/><F32/><W70/><G70/><T46/><D128/><U55/><E116/><V109/><F107/><W94/><G135/><T61/><D102/><U122/><E33/><V131/><F1/><W67/><G59/><N who="0" m="35055" /><D73/><U106/><E122/><V98/><F123/><W37/><G67/><T129/><D38/><U113/><E113/><V19/><F131/><W2/><G37/><T24/><D129/><U3/><E3/><V11/><F132/><W79/><G103/><T133/><D133/><U27/><E64/><V15/><F109/><W99/><G99/><T35/><D35/><U60/><E60/><V114/><F114/><W30/><G2/><T112/><D26/><U89/><E106/><V57/><F126/><W41/><G94/><T52/><D112/><U6/><E14/><V65/><F98/><W9/><G9/><AGARI ba="0,0" hai="6,9,13,18,20,27,44,48,55,82,84,89,100,101" machi="9" ten="40,2000,0" yaku="8,1" doraHai="75" who="1" fromWho="3" sc="250,0,337,20,163,0,250,-20" /><INIT seed="1,1,0,2,2,123" ten="250,357,163,230" oya="1" hai0="88,125,2,96,55,34,70,77,25,131,132,135,12" hai1="102,39,53,11,89,61,38,106,42,116,128,82,26" hai2="133,0,4,127,117,7,75,71,84,112,47,54,97" hai3="36,35,100,122,15,107,29,98,74,13,37,48,90"/><U118/><E128/><V1/><F75/><W81/><G122/><T129/><D2/><U104/><E26/><V78/><F71/><W20/><G35/><T59/><D70/><U65/><E53/><V22/><F117/><W85/><G37/><T33/><D77/><U119/><E11/><V99/><F133/><N who="0" m="51274" /><D12/><U46/><E38/><V87/><F127/><W67/><G36/><T28/><D34/><U134/><E134/><V114/><F78/><W31/><G67/><T111/><D111/><U124/><E124/><V73/><F54/><W126/><G126/><T18/><D18/><U91/><E82/><V6/><F73/><W95/><G48/><N who="0" m="31207" /><D125/><U83/><E83/><V58/><F58/><W60/><G60/><T50/><D50/><U79/><E79/><V113/><F22/><W130/><G130/><T92/><AGARI ba="1,0" hai="25,28,33,88,92,96,129,131" m="31207,51274" machi="92" ten="30,2000,0" yaku="20,1,54,1" doraHai="123" who="0" fromWho="0" sc="250,23,357,-11,163,-6,230,-6" /><INIT seed="2,0,0,1,2,20" ten="273,346,157,224" oya="2" hai0="0,109,96,77,35,120,123,126,52,31,72,14,50" hai1="92,54,23,113,64,46,9,78,25,130,104,55,101" hai2="26,60,69,81,34,2,10,116,11,5,39,128,103" hai3="89,100,115,68,107,102,19,3,108,79,12,63,17"/><V97/><F128/><W59/><G3/><T83/><D0/><U122/><E130/><V44/><F116/><W1/><G1/><T38/><D38/><U7/><E113/><V47/><F11/><W117/><G117/><T6/><D109/><U21/><E104/><N who="2" m="63599" /><F81/><W99/><G108/><T33/><D126/><U73/><E64/><N who="2" m="41095" /><F39/><W49/><G115/><T74/><D74/><U45/><E21/><V48/><F48/><W127/><G127/><T95/><D6/><U67/><E67/><V114/><F114/><W57/><G102/><T91/><D14/><U53/><E101/><V75/><F75/><W93/><G79/><T88/><D91/><U98/><E78/><V8/><F8/><W18/><G12/><T119/><D119/><U15/><E73/><V82/><F82/><W16/><N who="3" m="4096" /><DORA hai="32" /><W112/><G112/><T13/><D13/><U61/><E61/><V28/><AGARI ba="0,0" hai="2,5,10,26,28,34,44,47" m="41095,63599" machi="28" ten="30,6000,0" yaku="25,1,52,2" doraHai="20,32" who="2" fromWho="2" sc="273,-20,346,-20,157,60,224,-20" /><INIT seed="2,1,0,3,1,14" ten="253,326,217,204" oya="2" hai0="1,57,130,118,134,135,32,132,99,49,60,4,17" hai1="47,11,84,31,119,94,104,113,68,61,12,59,126" hai2="52,100,80,133,86,16,83,110,96,41,43,44,9" hai3="22,71,102,101,106,129,115,6,77,64,82,97,67"/><V127/><F133/><W42/><G129/><T29/><D118/><U117/><E113/><V13/><F127/><W128/><G128/><T62/><D130/><U50/><E104/><V95/><F110/><W73/><G115/><T38/><D38/><U123/><E126/><V103/><F103/><W125/><G125/><T21/><D29/><U26/><E68/><V88/><F83/><W76/><G102/><T36/><D32/><U98/><E123/><V58/><F44/><W7/><G42/><T8/><D36/><U0/><E0/><V121/><F121/><W39/><G39/><T72/><D72/><U51/><E84/><V2/><F2/><W105/><G105/><T89/><D99/><U108/><E108/><V63/><AGARI ba="1,0" hai="9,13,16,41,43,52,58,63,80,86,88,95,96,100" machi="63" ten="20,18000,2" yaku="0,1,7,1,8,1,52,1,54,3" doraHai="14" who="2" fromWho="2" sc="253,-61,326,-61,217,183,204,-61" /><INIT seed="2,2,0,3,0,126" ten="192,265,400,143" oya="2" hai0="75,108,64,58,105,116,118,39,122,62,47,23,60" hai1="3,13,50,17,81,52,27,71,14,59,88,12,96" hai2="22,103,42,119,9,100,106,114,80,35,15,82,104" hai3="32,18,53,115,40,56,85,37,125,111,30,55,74"/><V2/><F35/><W6/><G74/><T77/><D105/><U73/><E71/><V107/><F2/><W26/><G125/><T98/><D122/><U78/><E3/><V133/><F119/><N who="0" m="45610" /><D108/><U84/><E27/><V57/><F42/><W121/><G121/><T29/><D98/><U91/><E96/><V124/><F124/><W21/><G111/><T83/><D62/><U46/><E46/><V7/><F114/><W63/><G115/><T89/><D89/><N who="1" m="34379" /><E73/><V102/><F133/><W10/><G85/><T131/><D131/><U16/><AGARI ba="2,0" hai="12,13,14,16,17,50,52,59,78,81,84" m="34379" machi="16" ten="30,7900,0" yaku="8,1,54,3" doraHai="126" who="1" fromWho="1" sc="192,-22,265,85,400,-41,143,-22" /><INIT seed="3,0,0,2,2,2" ten="170,350,359,121" oya="3" hai0="130,72,9,47,56,76,39,85,111,79,29,131,117" hai1="42,80,31,53,120,82,13,18,8,43,10,24,30" hai2="132,116,107,38,122,67,135,11,124,78,129,17,3" hai3="88,87,58,65,21,113,35,77,75,91,16,83,115"/><W49/><G35/><T74/><D117/><U69/><E120/><V46/><F107/><W93/><G91/><T96/><D111/><U64/><E64/><V40/><F116/><W101/><G101/><T6/><D29/><N who="1" m="10763" /><E69/><V33/><F33/><W126/><G126/><T109/><D109/><U112/><E112/><V97/><F122/><W100/><G100/><T5/><D96/><U23/><E53/><V50/><F124/><W95/><G95/><T108/><D108/><U71/><E71/><V110/><F110/><W44/><G65/><T105/><D85/><U61/><E61/><V99/><F67/><W20/><G20/><T66/><D56/><U55/><E55/><V34/><F34/><W7/><G7/><N who="0" m="2571" /><D9/><N who="1" m="3691" /><E24/><V37/><F78/><N who="0" m="29738" /><D105/><U54/><E54/><V125/><F125/><W59/><G59/><T28/><D66/><U57/><E57/><V15/><F3/><W4/><G4/><T98/><D98/><N who="2" m="37386" /><F129/><N who="0" m="49162" /><D28/><U121/><E121/><V114/><F114/><W123/><G123/><T45/><D45/><U22/><E22/><V128/><F128/><W84/><G84/><T90/><D90/><U63/><E63/><V1/><F1/><W36/><G36/><T118/><D118/><U73/><E73/><V52/><F40/><AGARI ba="0,0" hai="39,40,47,72,74" m="49162,29738,2571" machi="40" ten="30,7700,0" yaku="19,1,52,3" doraHai="2" who="0" fromWho="2" sc="170,77,350,0,359,-77,121,0" /><AGARI ba="0,0" hai="13,18,23,40,42,43,80,82" m="3691,10763" machi="40" ten="30,1000,0" yaku="8,1" doraHai="2" who="1" fromWho="2" sc="247,0,350,10,282,-10,121,0" owari="247,-15.3,360,46.0,272,7.2,121,-37.9" /></mjloggm>