<mjloggm ver="2.3"><GO type="225" lobby="0"/><UN n0="%E5%AD%90%E4%BE%9B%E4%BC%9A%E5%93%A1" n1="%33%74%72%65%65" n2="%E3%81%A6%E3%82%93%E3%81%8F%E3%81%86" n3="%E3%82%B3%E3%83%90%E3%83%AC%E3%82%A4" dan="17,16,17,16" rate="2116.28,2142.50,2237.80,2105.72" sx="M,F,M,M"/><TAIKYOKU oya="0"/><INIT seed="0,0,0,5,2,41" ten="250,250,250,250" oya="0" hai0="68,64,3,85,17,4,102,96,128,48,89,133,70" hai1="114,69,130,71,28,20,8,77,81,1,29,44,103" hai2="100,108,57,111,125,53,50,49,33,37,59,86,22" hai3="98,9,95,76,91,43,106,47,94,134,35,16,88"/><T11/><D128/><U135/><E130/><V63/><F33/><W110/><G35/><T109/><D133/><U75/><E135/><V82/><F37/><W73/><G134/><T18/><D109/><N who="2" m="42058" /><F100/><W12/><G106/><T54/><D64/><U6/><E114/><V123/><F123/><W31/><G31/><T93/><D70/><U5/><E103/><V23/><F125/><W42/><G110/><T65/><D65/><U83/><E5/><V118/><F118/><W52/><G76/><T61/><D61/><U119/><E119/><V84/><F49/><N who="3" m="28735" /><G73/><T56/><REACH who="0" step="1"/><D68/><REACH who="0" ten="240,250,250,250" step="2"/><U115/><E69/><V90/><F84/><AGARI ba="0,1" hai="9,12,16,42,43,84,88,91,94,95,98" m="28735" machi="84" ten="30,8000,1" yaku="8,1,52,1,54,3" doraHai="41" who="3" fromWho="2" sc="240,0,250,0,250,-80,250,90" /><INIT seed="1,0,0,3,5,134" ten="240,250,170,340" oya="1" hai0="14,40,0,15,99,81,35,36,17,92,90,94,16" hai1="78,18,101,131,51,67,48,85,25,105,23,129,31" hai2="49,80,130,135,11,114,61,3,50,68,47,34,21" hai3="102,65,104,62,60,46,44,41,86,39,73,20,74"/><U76/><E67/><V111/><F34/><W93/><G62/><T109/><D0/><U8/><E105/><V10/><F135/><W32/><G46/><T56/><D35/><U100/><E8/><V38/><F130/><N who="1" m="49673" /><E31/><V83/><F111/><W82/><G32/><T97/><D109/><U103/><E85/><V33/><F33/><W43/><G43/><T57/><D81/><U63/><E63/><V115/><F21/><W95/><G104/><T66/><D40/><U58/><E58/><N who="0" m="22633" /><D36/><U110/><E110/><V2/><F61/><W117/><G20/><N who="0" m="11287" /><D66/><U70/><E70/><V91/><F47/><W118/><G65/><T52/><D52/><U133/><E133/><V72/><F72/><W71/><G60/><T42/><D42/><U54/><E51/><V27/><F27/><W6/><G71/><T1/><D1/><U121/><E48/><V75/><F75/><W24/><G74/><T89/><D17/><U125/><E54/><V106/><F68/><W4/><G73/><T98/><D15/><U116/><E116/><V119/><F106/><W64/><G64/><T22/><D22/><U96/><E18/><V9/><F9/><W5/><G39/><T123/><D123/><U132/><E23/><V122/><F122/><W59/><G41/><T7/><D7/><U45/><E25/><V29/><F38/><W69/><G69/><T26/><D26/><U77/><E121/><V84/><F119/><N who="3" m="45579" /><G24/><T124/><D124/><U19/><E125/><V108/><F108/><W120/><G120/><T113/><D113/><U37/><E37/><V28/><F84/><AGARI ba="0,0" hai="84,89,90,92,94,97,98,99" m="11287,22633" machi="84" ten="30,3900,0" yaku="6,1,8,1,54,1" doraHai="134" who="0" fromWho="2" sc="240,39,250,0,170,-39,340,0" /><INIT seed="2,0,0,3,4,125" ten="279,250,131,340" oya="2" hai0="83,106,133,58,19,39,16,79,118,108,50,111,71" hai1="112,98,57,116,55,23,9,38,78,82,8,73,37" hai2="18,123,62,47,75,29,66,100,104,45,121,44,10" hai3="11,64,35,99,95,87,31,91,120,53,21,85,119"/><V128/><F75/><W3/><G120/><T117/><D71/><U96/><E112/><V107/><F29/><W43/><G35/><T90/><D39/><U24/><E116/><N who="0" m="44649" /><D106/><U76/><E76/><V59/><F104/><W49/><G119/><T4/><D4/><U68/><E68/><V33/><F33/><W77/><G64/><T127/><D90/><U52/><E55/><V15/><REACH who="2" step="1"/><F128/><REACH who="2" ten="279,250,121,340" step="2"/><W80/><G31/><T36/><D111/><U42/><E73/><V105/><F105/><W40/><G43/><T48/><D108/><U129/><E42/><V135/><F135/><W51/><G40/><T22/><D133/><U1/><E129/><V5/><F5/><W81/><G3/><T110/><D110/><U126/><E1/><V101/><F101/><W109/><G109/><T115/><D115/><U89/><E37/><V28/><F28/><W0/><G0/><T131/><D36/><U6/><E6/><V114/><F114/><W86/><G81/><T20/><D131/><U26/><E38/><V134/><F134/><W97/><G80/><T122/><D83/><U69/><E82/><V67/><F67/><W60/><G77/><T93/><D79/><U46/><E78/><V63/><F63/><W84/><G60/><T65/><D65/><U130/><E130/><V7/><F7/><W74/><G74/><T34/><D34/><U132/><E132/><V41/><F41/><W56/><G95/><T25/><D93/><U88/><E89/><V54/><F54/><W2/><G91/><T94/><D94/><N who="1" m="56391" /><E52/><V72/><F72/><W113/><G113/><RYUUKYOKU ba="0,1" sc="279,-10,250,-10,121,30,340,-10" hai2="10,15,18,44,45,47,59,62,66,100,107,121,123" /><INIT seed="2,1,1,3,1,1" ten="269,240,151,330" oya="2" hai0="55,2,47,7,75,29,60,77,52,105,86,46,44" hai1="54,68,85,64,40,69,128,108,17,92,104,71,57" hai2="13,102,39,43,127,91,28,18,8,113,123,24,49" hai3="9,10,36,82,110,84,76,111,120,51,61,125,48"/><V22/><F113/><W0/><G36/><T5/><D105/><U130/><E108/><N who="3" m="41514" /><G120/><T19/><D75/><U133/><E133/><V70/><F123/><W11/><G125/><T23/><D2/><U56/><E104/><V98/><F127/><W26/><G0/><T97/><D29/><U58/><E17/><V115/><F70/><N who="1" m="27241" /><E85/><V15/><F115/><W63/><G26/><N who="0" m="14719" /><D97/><U109/><E92/><N who="2" m="58695" /><F39/><W126/><G126/><T79/><D60/><AGARI ba="1,1" hai="9,10,11,48,51,60,61,63,76,82,84" m="41514" machi="60" ten="30,1000,0" yaku="14,1" doraHai="1" who="3" fromWho="0" sc="269,-13,240,0,151,0,330,23" /><INIT seed="3,0,0,2,3,84" ten="256,240,151,353" oya="3" hai0="70,79,11,90,87,59,119,65,114,31,54,78,103" hai1="109,23,100,106,64,58,124,17,86,129,82,34,60" hai2="48,1,93,91,76,32,6,122,53,85,37,9,72" hai3="120,117,30,107,111,130,15,134,118,40,113,56,5"/><W26/><G107/><T126/><D119/><N who="3" m="45577" /><G40/><T95/><D126/><U35/><E109/><V25/><F122/><W75/><G75/><T102/><D70/><U88/><E129/><V29/><F37/><W108/><G56/><T49/><D114/><U62/><E124/><V13/><F76/><N who="0" m="29226" /><D31/><U50/><E50/><V112/><F112/><W19/><G113/><T28/><D28/><U73/><E73/><V97/><F72/><W57/><G57/><N who="0" m="32975" /><D11/><U16/><E62/><AGARI ba="0,0" hai="59,62,65,87,90,95,102,103" m="32975,29226" machi="62" ten="30,2000,0" yaku="8,1,52,1" doraHai="84" who="0" fromWho="1" sc="256,20,240,-20,151,0,353,0" owari="276,7.6,220,-18.0,151,-34.9,353,45.3" /></mjloggm>