<mjloggm ver="2.3"><GO type="225" lobby="0"/><UN n0="%E9%80%9F%E6%B0%B4%E5%87%9B%E9%A6%99" n1="%E3%81%99%E3%81%84%E3%81%BE%E3%81%9B%E3%83%BC%E3%82%93" n2="%6D%75%75%6D%75%72%61" n3="%45%6C%79%73%69%75%6D" dan="16,16,17,18" rate="2115.17,2132.50,2192.84,2148.30" sx="F,M,F,F"/><TAIKYOKU oya="0"/><INIT seed="0,0,0,2,4,123" ten="250,250,250,250" oya="0" hai0="96,63,9,51,121,1,127,12,85,122,112,5,65" hai1="103,101,19,71,94,84,30,124,15,41,75,57,11" hai2="17,52,100,88,116,132,126,131,78,3,86,32,117" hai3="102,43,49,20,74,8,125,45,10,61,28,114,70"/><T58/><D112/><U40/><E71/><V42/><F126/><W14/><G74/><T105/><D127/><U89/><E124/><V95/><F131/><W93/><G125/><T115/><D115/><U77/><E30/><V54/><F132/><W0/><G114/><T7/><D7/><U104/><E75/><V79/><F32/><W26/><G0/><T67/><D67/><U118/><E118/><N who="2" m="45675" /><F3/><W36/><G36/><T129/><D129/><U48/><E77/><N who="2" m="29195" /><F42/><N who="1" m="16489" /><E104/><V106/><F17/><W56/><G14/><T47/><D1/><U29/><E29/><V99/><AGARI ba="0,0" hai="52,54,86,88,95,99,100,106" m="29195,45675" machi="99" ten="30,4000,0" yaku="12,1,54,2" doraHai="123" who="2" fromWho="2" sc="250,-20,250,-10,250,40,250,-10" /><INIT seed="1,0,0,3,4,94" ten="230,240,290,240" oya="1" hai0="114,66,90,17,21,27,64,107,72,97,38,126,102" hai1="79,59,85,24,15,132,54,125,129,65,116,5,52" hai2="130,96,11,77,28,84,14,121,82,83,63,70,35" hai3="100,4,95,74,53,55,8,89,75,46,113,119,51"/><U123/><E116/><V78/><F121/><W39/><G39/><T36/><D114/><U112/><E112/><V19/><F130/><W86/><G113/><T106/><D72/><U110/><E123/><V104/><F35/><W60/><G119/><T81/><D126/><U48/><E129/><V45/><F28/><W68/><G100/><T80/><D107/><U111/><E125/><V101/><F45/><W43/><G53/><T34/><D66/><U29/><E132/><V57/><F70/><W26/><G26/><T56/><D34/><U69/><E54/><V120/><F120/><W117/><G117/><T103/><D103/><U22/><E69/><V93/><F104/><W124/><G124/><T98/><D81/><N who="2" m="30730" /><F84/><W7/><G7/><T49/><D80/><N who="1" m="47263" /><E65/><AGARI ba="0,0" hai="11,14,19,57,63,65,77,78,93,96,101" m="30730" machi="65" ten="30,2000,0" yaku="8,1,52,1" doraHai="94" who="2" fromWho="1" sc="230,0,240,-20,290,20,240,0" /><INIT seed="2,0,0,5,2,35" ten="230,220,310,240" oya="2" hai0="120,130,96,59,110,94,13,40,106,122,65,87,17" hai1="25,2,73,67,3,20,16,6,69,125,103,131,119" hai2="64,42,63,109,19,70,23,27,14,114,113,98,57" hai3="116,55,78,15,79,38,89,112,52,51,61,99,135"/><V24/><F109/><W117/><G38/><T28/><D110/><U8/><E119/><V37/><F70/><W111/><G111/><T0/><D130/><U121/><E73/><V93/><F37/><W50/><G61/><T21/><D40/><U60/><E131/><V101/><REACH who="2" step="1"/><F42/><REACH who="2" ten="230,220,300,240" step="2"/><W53/><G116/><T66/><D122/><U123/><E125/><V43/><F43/><W107/><G117/><T68/><D120/><N who="1" m="46155" /><E103/><V127/><F127/><W75/><G112/><AGARI ba="0,1" hai="14,19,23,24,27,57,63,64,93,98,101,112,113,114" machi="112" ten="40,3900,0" yaku="1,1,53,1" doraHai="35" doraHaiUra="62" who="2" fromWho="3" sc="230,0,220,0,300,49,240,-39" /><INIT seed="2,1,0,3,2,98" ten="230,220,349,201" oya="2" hai0="29,96,55,38,54,56,95,62,106,71,23,100,34" hai1="124,46,64,61,127,88,133,33,69,12,72,59,4" hai2="40,115,3,65,83,118,70,85,26,112,1,114,14" hai3="87,20,25,11,111,36,41,86,31,135,104,130,122"/><V92/><F118/><W108/><G122/><T0/><D0/><U134/><E33/><V99/><F40/><W16/><G104/><T32/><D38/><U89/><E72/><V67/><F14/><N who="3" m="7263" /><G130/><T132/><D132/><N who="1" m="50795" /><E69/><V66/><F70/><W35/><G135/><T128/><D128/><U45/><E4/><V82/><F26/><N who="3" m="18935" /><G41/><T6/><D6/><U93/><E12/><V13/><F13/><W58/><G58/><T73/><D73/><U10/><E10/><V42/><F42/><W15/><G36/><T49/><D106/><U22/><E22/><V120/><F120/><W123/><G123/><T119/><D119/><U105/><E105/><V129/><F129/><W44/><G44/><N who="1" m="17002" /><E89/><V28/><F28/><N who="3" m="17447" /><G15/><T126/><D71/><U63/><E63/><V117/><F117/><W47/><G47/><T9/><D62/><U19/><E19/><V68/><F68/><W52/><G86/><AGARI ba="1,0" hai="59,61,64,86,88,93,124,127" m="17002,50795" machi="86" ten="30,2000,0" yaku="20,1,54,1" doraHai="98" who="1" fromWho="3" sc="230,0,220,23,349,0,201,-23" /><INIT seed="3,0,0,4,5,44" ten="230,243,349,178" oya="3" hai0="73,97,66,126,46,107,20,110,31,114,61,89,53" hai1="37,80,18,100,105,86,103,30,29,26,23,78,124" hai2="13,118,74,25,116,131,121,67,14,42,79,129,69" hai3="8,91,134,16,12,36,1,81,50,2,40,65,119"/><W19/><G119/><T93/><D73/><U101/><E124/><V54/><F121/><W6/><G134/><T10/><D126/><U51/><E37/><V96/><F42/><W98/><G36/><T63/><D110/><U55/><E105/><V84/><F74/><W58/><G1/><T5/><D114/><U115/><E115/><V102/><F25/><W95/><G81/><T60/><D107/><U130/><E130/><N who="2" m="49675" /><F54/><N who="3" m="32087" /><G2/><T56/><D20/><U3/><E3/><V82/><F67/><W75/><G75/><T35/><D31/><U123/><E123/><V59/><F59/><AGARI ba="0,0" hai="18,23,26,29,30,51,55,59,78,80,86,100,101,103" machi="59" ten="40,2600,0" yaku="8,1,52,1" doraHai="44" who="1" fromWho="2" sc="230,0,243,26,349,-26,178,0" owari="230,-17.0,269,6.9,323,42.3,178,-32.2" /></mjloggm>