<mjloggm ver="2.3"><GO type="225" lobby="0"/><UN n0="%E6%A0%B9%E5%85%83%E3%81%8B%E3%82%89%E5%90%B9%E3%81%A3%E9%A3%9B%E3%81%B6" n1="%E9%89%A2%E5%B7%BB%E3%82%AC%E3%83%96" n2="%33%74%72%65%65" n3="%E3%81%86%E3%82%8B%E3%81%8A%E3%81%A1%E3%82%83" dan="17,16,16,16" rate="2232.31,2063.87,2147.30,2068.29" sx="F,M,F,F"/><TAIKYOKU oya="0"/><INIT seed="0,0,0,0,5,112" ten="250,250,250,250" oya="0" hai0="34,23,61,29,15,83,56,42,96,124,116,110,80" hai1="9,2,106,97,38,120,87,86,60,64,131,63,69" hai2="35,46,54,51,49,84,50,45,107,103,12,113,128" hai3="68,130,16,132,71,52,126,81,82,4,36,76,24"/><T26/><D124/><U70/><E120/><V93/><F113/><W77/><G36/><T90/><D42/><U127/><E38/><V17/><F128/><W55/><G4/><T117/><D110/><U30/><E127/><V67/><F35/><W114/><G126/><T85/><D96/><U37/><E37/><V78/><F67/><W41/><G41/><T95/><D15/><U27/><E131/><V20/><F107/><W111/><G114/><T58/><D34/><N who="1" m="20831" /><E63/><V101/><F50/><W8/><G130/><T59/><REACH who="0" step="1"/><D61/><REACH who="0" ten="240,250,250,250" step="2"/><U32/><E32/><V40/><F12/><N who="3" m="7175" /><G111/><T135/><D135/><U119/><E60/><V133/><F133/><W79/><G132/><T6/><D6/><U10/><E97/><V57/><F40/><W65/><G71/><T22/><D22/><U92/><E70/><V74/><F20/><W19/><G68/><T5/><D5/><U72/><E69/><V125/><F125/><W44/><G65/><T88/><D88/><U89/><E64/><V123/><F123/><W129/><G129/><T28/><D28/><U48/><E89/><N who="2" m="53415" /><F17/><W43/><G43/><T62/><D62/><U99/><E99/><V11/><F11/><W25/><G55/><T91/><D91/><U98/><E9/><V66/><F66/><W94/><G19/><T105/><D105/><U134/><E106/><V31/><F31/><W115/><G115/><T14/><D14/><U53/><E134/><V73/><F54/><W3/><G52/><T18/><D18/><U108/><E108/><V104/><F104/><W102/><G25/><T75/><D75/><RYUUKYOKU ba="0,1" sc="240,30,250,-10,250,-10,250,-10" hai0="23,26,29,56,58,59,80,83,85,90,95,116,117" /><INIT seed="0,1,1,2,3,2" ten="270,240,240,240" oya="0" hai0="75,35,93,105,56,100,107,62,21,36,114,87,90" hai1="96,44,27,81,130,69,108,30,1,59,89,84,122" hai2="85,74,19,82,5,54,129,29,73,125,112,120,78" hai3="98,49,52,117,80,95,71,102,4,50,76,40,103"/><T0/><D114/><U43/><E122/><V109/><F112/><W58/><G71/><T104/><D35/><U83/><E69/><V86/><F120/><W26/><G117/><T110/><D36/><U46/><E108/><V32/><F109/><W132/><G132/><T113/><D113/><U3/><E130/><V72/><F129/><W51/><G26/><T6/><D75/><U111/><E111/><V38/><F125/><W12/><G103/><T70/><D70/><U23/><E59/><V10/><F38/><W13/><G13/><T127/><D127/><U41/><E96/><V124/><F124/><W91/><G102/><T60/><D100/><U79/><E44/><V25/><F54/><W17/><G4/><T134/><D134/><U34/><E43/><V64/><F64/><W55/><G40/><T47/><D47/><U88/><E34/><V61/><F61/><W31/><G31/><T37/><D37/><U99/><E99/><V8/><F85/><N who="3" m="48263" /><G55/><T14/><D110/><U118/><E118/><V92/><F92/><W45/><G45/><T128/><D128/><U97/><E97/><V133/><F133/><W68/><G68/><T33/><D33/><U94/><E94/><V63/><F63/><W131/><G131/><T101/><D101/><U123/><E123/><V16/><REACH who="2" step="1"/><F5/><REACH who="2" ten="270,240,230,240" step="2"/><W42/><G42/><T116/><D116/><U57/><E83/><V135/><F135/><W126/><G126/><T11/><D62/><U28/><E81/><V18/><AGARI ba="1,2" hai="8,10,16,18,19,25,29,32,72,73,74,78,82,86" machi="18" ten="40,12000,2" yaku="1,1,0,1,54,1,53,3" doraHai="2" doraHaiUra="106" who="2" fromWho="2" sc="270,-61,240,-31,230,143,240,-31" /><INIT seed="1,0,0,5,3,13" ten="209,209,373,209" oya="1" hai0="129,46,38,121,22,71,36,70,74,94,100,42,3" hai1="113,68,37,8,9,54,97,102,131,45,28,105,85" hai2="25,21,60,110,124,107,12,16,67,103,89,40,69" hai3="130,122,61,56,6,62,1,20,123,18,81,79,5"/><U17/><E113/><V31/><F110/><W87/><G130/><T63/><D129/><U50/><E68/><V82/><F124/><W114/><G114/><T133/><D3/><U72/><E72/><V119/><F119/><W49/><G1/><T32/><D32/><U53/><E131/><V126/><F126/><W93/><G122/><T55/><D74/><U80/><E28/><V117/><F117/><W29/><G29/><T75/><D75/><U52/><E37/><V0/><F0/><W109/><G109/><T30/><D133/><U33/><E33/><V51/><F82/><W95/><G49/><T59/><D121/><U43/><REACH who="1" step="1"/><E17/><REACH who="1" ten="209,199,373,209" step="2"/><V128/><F128/><W120/><G123/><T65/><D38/><U35/><E35/><V108/><F31/><W10/><G120/><T83/><D71/><U90/><AGARI ba="0,1" hai="8,9,43,45,50,52,53,54,80,85,90,97,102,105" machi="90" ten="30,6000,0" yaku="1,1,0,1,54,1,53,0" doraHai="13" doraHaiUra="125" who="1" fromWho="1" sc="209,-20,199,70,373,-20,209,-20" /><INIT seed="1,1,0,2,4,75" ten="189,269,353,189" oya="1" hai0="107,35,119,65,111,59,17,99,112,110,21,67,135" hai1="7,57,96,128,90,42,10,37,68,53,34,70,9" hai2="25,80,51,106,1,46,131,29,97,31,117,133,95" hai3="16,66,0,2,27,91,122,89,125,134,61,13,63"/><U55/><E128/><V60/><F1/><W54/><G122/><T126/><D119/><U30/><E30/><V85/><F106/><W82/><G2/><T14/><D126/><U100/><E34/><V93/><F133/><W132/><G0/><T33/><D112/><U79/><E90/><N who="3" m="34314" /><G27/><T5/><D5/><U41/><E57/><V101/><F93/><W115/><G115/><T118/><D118/><U19/><E19/><V56/><F25/><W20/><G125/><T102/><D135/><N who="3" m="51753" /><G54/><T109/><REACH who="0" step="1"/><D59/><REACH who="0" ten="179,269,353,189" step="2"/><U58/><E58/><V50/><F56/><N who="3" m="37159" /><G82/><T49/><D49/><U124/><E124/><V123/><F50/><W116/><G116/><T74/><D74/><U88/><E7/><V11/><F51/><W81/><G81/><T8/><D8/><U103/><E70/><V38/><F11/><W18/><G18/><T84/><D84/><U36/><E68/><V130/><F85/><W52/><G52/><T69/><D69/><U44/><E53/><V127/><F80/><W72/><G72/><T3/><D3/><U12/><E55/><V78/><F127/><W94/><G94/><T120/><D120/><U87/><E87/><V108/><F123/><W22/><G63/><T15/><D15/><U104/><E12/><V40/><F117/><W71/><G71/><T47/><D47/><U77/><E44/><V98/><F60/><W48/><G48/><T129/><D129/><U24/><E104/><V43/><F46/><W4/><G4/><T114/><D114/><U76/><E9/><AGARI ba="1,1" hai="9,13,16,20,22" m="37159,51753,34314" machi="9" ten="30,2000,0" yaku="20,1,54,1" doraHai="75" who="3" fromWho="1" sc="179,0,269,-23,353,0,189,33" /><INIT seed="2,0,0,1,3,111" ten="179,246,353,222" oya="2" hai0="79,1,110,42,117,22,50,17,82,112,94,2,45" hai1="125,26,10,105,5,48,87,127,21,135,108,93,40" hai2="29,128,102,115,119,134,92,64,68,36,41,60,31" hai3="113,114,8,25,32,35,38,76,66,46,101,86,81"/><V118/><F115/><N who="3" m="44043" /><G101/><T132/><D112/><U91/><E108/><V63/><F128/><W88/><G66/><T19/><D110/><U70/><E105/><V85/><F134/><W72/><G8/><T49/><D132/><U59/><E70/><V74/><F68/><W43/><G25/><T4/><D117/><U15/><E135/><V121/><F102/><W78/><G78/><T73/><D94/><AGARI ba="0,0" hai="32,35,38,43,46,72,76,81,86,88,94" m="44043" machi="94" ten="30,8000,1" yaku="11,1,52,3,54,1" doraHai="111" who="3" fromWho="0" sc="179,-80,246,0,353,0,222,80" /><INIT seed="3,0,0,1,5,44" ten="99,246,353,302" oya="3" hai0="133,116,51,52,87,17,120,75,113,24,67,35,129" hai1="40,19,128,22,3,107,74,28,115,101,73,112,58" hai2="1,41,123,4,69,39,0,98,89,2,100,9,79" hai3="135,91,72,86,70,122,108,131,62,30,134,83,25"/><W125/><G122/><T130/><D116/><U102/><E3/><V55/><F123/><W57/><G70/><T23/><D120/><U14/><E128/><V8/><F69/><W90/><G72/><T53/><D113/><U82/><E40/><V96/><F79/><W117/><G117/><T132/><D75/><U104/><E28/><V95/><F9/><W84/><G125/><T42/><D67/><U114/><E58/><V18/><F18/><W92/><G131/><N who="0" m="50187" /><D35/><U45/><E45/><V31/><F41/><W12/><G12/><T105/><D105/><U29/><E29/><V60/><F39/><W110/><G57/><N who="0" m="32927" /><D87/><U124/><E73/><V99/><F31/><W127/><G62/><T66/><D66/><U103/><E74/><V33/><F33/><W63/><G63/><T93/><D93/><U85/><E107/><V21/><F60/><W36/><G127/><T15/><D53/><U16/><E104/><V56/><F56/><W49/><G36/><T71/><D71/><U7/><E112/><V5/><F0/><W76/><G49/><T121/><D121/><U106/><E106/><V54/><F1/><W94/><G25/><T81/><D81/><U126/><E114/><V59/><F59/><W26/><G83/><T38/><D15/><U27/><E115/><V109/><F2/><W32/><REACH who="3" step="1"/><G76/><REACH who="3" ten="99,246,353,292" step="2"/><T11/><D11/><N who="1" m="4479" /><E126/><V6/><F8/><W10/><G10/><T68/><D68/><U118/><E124/><V97/><F100/><W77/><G77/><T20/><D20/><U78/><E118/><V80/><N who="2" m="24576" /><DORA hai="43" /><V119/><F119/><RYUUKYOKU ba="0,1" sc="99,10,246,10,353,-30,292,10" hai0="17,23,24,38,42,132,133" hai1="16,19,22,27,78,82,85,101,102,103" hai3="26,30,32,84,86,90,91,92,94,108,110,134,135" /><INIT seed="3,1,1,1,1,24" ten="109,256,323,302" oya="3" hai0="41,37,14,77,28,62,36,109,108,51,111,0,132" hai1="119,129,134,18,74,4,31,56,57,75,127,34,70" hai2="59,27,29,72,13,73,38,23,67,86,15,42,97" hai3="82,35,130,107,85,69,54,9,80,16,93,87,121"/><W102/><G121/><T124/><D0/><U52/><E70/><V21/><F38/><W39/><G39/><T106/><D106/><U115/><E115/><V81/><F72/><W114/><G35/><T100/><D100/><U68/><E68/><V11/><F73/><W1/><G114/><T60/><D77/><U3/><E129/><V10/><F42/><W32/><G32/><T99/><D99/><U122/><E122/><V117/><F97/><N who="3" m="59695" /><G69/><T22/><D14/><N who="2" m="5130" /><F23/><W47/><G107/><T84/><D84/><N who="3" m="32329" /><G1/><T83/><D83/><N who="3" m="31785" /><G130/><T95/><D95/><U45/><E18/><V65/><F117/><W43/><G43/><T8/><D8/><N who="2" m="3114" /><F59/><W58/><G9/><T112/><D112/><U5/><E3/><V19/><F19/><W89/><G16/><T101/><D101/><U49/><E34/><V53/><F53/><W2/><G2/><T135/><D22/><U48/><E56/><V55/><F55/><W128/><G128/><T63/><D28/><U12/><E57/><V64/><F64/><W104/><G104/><T46/><D124/><U98/><E127/><V126/><F126/><W66/><G89/><AGARI ba="1,1" hai="21,27,29,65,67,81,86,89" m="3114,5130" machi="89" ten="30,2000,0" yaku="8,1,52,1" doraHai="24" who="2" fromWho="3" sc="109,0,256,0,323,33,302,-23" owari="109,-39.1,256,-14.4,356,45.6,279,7.9" /></mjloggm>