<mjloggm ver="2.3"><GO type="225" lobby="0"/><UN n0="%E6%A1%9C%E8%8A%B1%E9%96%83%E3%80%85" n1="%E3%81%B7%E3%82%8A%E3%82%93%E8%81%96%E4%BA%BA" n2="%E8%A8%88%E7%AE%97%E6%A9%9F%E8%87%AA%E7%84%B6" n3="%48%61%61%61%6C%61%6E%64" dan="18,16,17,17" rate="2222.96,2156.19,2187.37,2236.16" sx="M,M,M,M"/><TAIKYOKU oya="0"/><INIT seed="0,0,0,2,3,22" ten="250,250,250,250" oya="0" hai0="53,55,99,19,72,100,119,92,57,118,127,86,20" hai1="120,17,95,111,88,121,105,133,74,58,11,46,47" hai2="66,36,39,21,2,61,107,75,110,54,6,5,52" hai3="123,31,93,26,132,81,106,32,63,97,77,23,10"/><T70/><D70/><U3/><E74/><V37/><F75/><W91/><G132/><T82/><D127/><U124/><E105/><V41/><F107/><W13/><G123/><T135/><D72/><U43/><E124/><V125/><F125/><W12/><G106/><T62/><D135/><U89/><E58/><V126/><F126/><W71/><G32/><T24/><REACH who="0" step="1"/><D55/><REACH who="0" ten="240,250,250,250" step="2"/><U49/><E133/><V30/><F54/><W115/><G115/><T8/><D8/><U79/><E11/><V76/><F52/><W73/><REACH who="3" step="1"/><G10/><REACH who="3" ten="240,250,250,240" step="2"/><T60/><D60/><U129/><E120/><V102/><F61/><W69/><G69/><T96/><D96/><U83/><E121/><V113/><F113/><W104/><G104/><T78/><AGARI ba="0,2" hai="19,20,24,53,57,62,78,82,86,92,99,100,118,119" machi="78" ten="20,7800,0" yaku="1,1,0,1,7,1,52,1,53,0" doraHai="22" doraHaiUra="29" who="0" fromWho="0" sc="240,98,250,-26,250,-26,240,-26" /><INIT seed="0,1,0,3,5,21" ten="338,224,224,214" oya="0" hai0="125,69,57,100,63,98,133,29,72,24,112,5,68" hai1="67,124,74,48,79,59,101,90,31,64,97,91,92" hai2="23,88,32,18,54,58,66,83,9,45,43,6,39" hai3="120,93,65,94,119,102,12,118,103,34,41,115,70"/><T106/><D112/><U28/><E124/><V87/><F32/><W17/><G115/><T11/><D133/><U108/><E108/><V104/><F104/><W73/><G73/><T19/><D19/><U30/><E74/><V49/><F66/><N who="1" m="25129" /><E79/><V33/><F33/><W47/><G34/><T26/><D125/><U89/><E48/><V71/><F71/><W56/><G70/><T1/><D72/><U86/><E59/><V10/><REACH who="2" step="1"/><F6/><REACH who="2" ten="338,224,214,214" step="2"/><W55/><G65/><T81/><D69/><U114/><E114/><V77/><F77/><W121/><G121/><T99/><D68/><U46/><E46/><V60/><F60/><W96/><G120/><T134/><D134/><U2/><E2/><V62/><F62/><W40/><G47/><T132/><D132/><U35/><E35/><V127/><F127/><W7/><G7/><T61/><D61/><U13/><E13/><AGARI ba="1,1" hai="9,10,13,18,23,39,43,45,49,54,58,83,87,88" machi="13" ten="30,7700,0" yaku="1,1,7,1,54,1,53,1" doraHai="21" doraHaiUra="82" who="2" fromWho="1" sc="338,0,224,-80,214,90,214,0" /><INIT seed="1,0,0,5,4,41" ten="338,144,304,214" oya="1" hai0="12,25,108,124,56,127,121,126,116,131,24,133,67" hai1="60,53,87,106,85,61,54,92,128,107,34,28,90" hai2="69,46,102,49,77,55,111,135,14,42,26,118,20" hai3="45,110,21,44,80,93,16,72,5,18,75,95,48"/><U119/><E119/><V23/><F118/><W35/><G35/><T62/><D116/><U8/><E128/><V96/><F69/><W122/><G122/><T22/><D131/><U2/><E34/><V123/><F111/><W29/><G110/><T47/><D108/><U100/><E28/><V15/><F135/><W86/><G5/><T19/><D133/><U91/><E100/><V0/><F0/><W7/><G7/><T63/><D121/><U11/><REACH who="1" step="1"/><E92/><REACH who="1" ten="338,134,304,214" step="2"/><V79/><F123/><W97/><G93/><T115/><D126/><U105/><E105/><V130/><F130/><W10/><G29/><T104/><D104/><U94/><E94/><V51/><F102/><W84/><G95/><T31/><D31/><U117/><E117/><V52/><F96/><W71/><G97/><T112/><D127/><U58/><E58/><V40/><F46/><W113/><G44/><T129/><D124/><U99/><E99/><V88/><F88/><W81/><G45/><T1/><D129/><U57/><E57/><V64/><F64/><W9/><G71/><T68/><D47/><U125/><E125/><V38/><F38/><W66/><G66/><T70/><D70/><U134/><E134/><V65/><F65/><W98/><G98/><T37/><D37/><U114/><E114/><V39/><F39/><W76/><G113/><T27/><D112/><U59/><E59/><V103/><F103/><W120/><G120/><T78/><D115/><U109/><E109/><V50/><F50/><W13/><G48/><T17/><D68/><U43/><E43/><V101/><F101/><RYUUKYOKU ba="0,1" sc="338,-15,134,15,304,15,214,-15" hai1="2,8,11,53,54,60,61,85,87,90,91,106,107" hai2="14,15,20,23,26,40,42,49,51,52,55,77,79" /><INIT seed="1,1,1,2,1,81" ten="323,149,319,199" oya="1" hai0="92,67,131,66,70,87,59,60,51,119,105,111,68" hai1="5,100,21,37,46,6,127,77,133,58,13,109,45" hai2="64,112,134,124,54,114,50,55,118,10,65,29,18" hai3="43,91,24,11,42,56,26,28,82,120,75,101,76"/><U31/><E133/><V88/><F118/><W97/><G120/><T107/><D119/><U15/><E100/><V104/><F104/><W96/><G91/><T25/><D111/><U36/><E109/><V122/><F122/><W128/><G128/><T135/><D135/><U126/><E58/><V102/><F102/><W48/><G11/><T40/><D131/><U62/><E62/><V20/><F134/><W53/><G24/><T80/><D92/><U4/><E77/><V35/><F35/><W38/><G38/><T14/><D14/><N who="1" m="5131" /><E21/><V99/><F10/><W115/><G115/><N who="2" m="44073" /><F29/><W30/><G30/><T117/><D70/><U121/><E31/><V95/><F54/><W32/><REACH who="3" step="1"/><G96/><REACH who="3" ten="323,149,319,189" step="2"/><T72/><D117/><U41/><E121/><V94/><F99/><W17/><G17/><T129/><D129/><U116/><E116/><V98/><F98/><W110/><G110/><T49/><D25/><U1/><E1/><V19/><F19/><W61/><G61/><T83/><D60/><U27/><E27/><V63/><F63/><W33/><G33/><T2/><D2/><U23/><E23/><V93/><F88/><W39/><G39/><N who="1" m="14922" /><E41/><V34/><F34/><W125/><G125/><AGARI ba="1,2" hai="4,5,6,45,46,125,126,127" m="14922,5131" machi="125" ten="40,7700,0" yaku="28,2,18,1" doraHai="81" who="1" fromWho="3" sc="323,0,149,100,319,0,189,-80" /><INIT seed="1,2,0,4,2,15" ten="323,249,319,109" oya="1" hai0="78,21,0,131,132,12,11,67,83,117,120,19,107" hai1="31,103,91,108,114,72,122,20,3,44,9,35,101" hai2="113,124,28,109,98,52,88,74,2,40,24,123,50" hai3="48,57,69,47,61,99,26,96,10,87,125,80,82"/><U100/><E72/><V13/><F123/><W60/><G125/><T90/><D117/><U14/><E35/><V119/><F2/><W55/><G69/><T111/><D120/><U79/><E79/><V70/><F70/><W112/><G112/><T63/><D111/><U81/><E3/><V18/><F74/><W5/><G26/><T76/><D107/><U102/><E114/><V126/><F40/><W130/><G60/><T85/><D132/><U135/><E135/><V4/><F4/><W93/><G130/><T56/><D131/><U8/><E8/><V39/><F39/><W30/><G30/><T116/><D116/><U53/><E122/><V110/><F119/><W17/><G93/><T7/><AGARI ba="2,0" hai="0,7,11,12,19,21,56,63,67,76,78,83,85,90" machi="7" ten="30,2000,0" yaku="0,1,52,1" doraHai="15" who="0" fromWho="0" sc="323,26,249,-12,319,-7,109,-7" /><INIT seed="2,0,0,1,1,116" ten="349,237,312,102" oya="2" hai0="39,49,81,73,41,84,82,124,91,14,25,57,103" hai1="2,135,61,115,70,31,106,132,7,89,83,107,10" hai2="95,85,18,51,121,110,4,43,11,76,108,88,62" hai3="127,8,74,12,47,112,99,105,64,16,0,111,48"/><V134/><F134/><N who="1" m="51241" /><E89/><V6/><F76/><W59/><G111/><N who="2" m="42537" /><F121/><W72/><G127/><T114/><D114/><U24/><E83/><V15/><F62/><W87/><G112/><T133/><D39/><U104/><E115/><V120/><F120/><W94/><G105/><T71/><D71/><U69/><E61/><V60/><F60/><W50/><G0/><T19/><D103/><U65/><E65/><V13/><F15/><W46/><G64/><T3/><D14/><U128/><E128/><V130/><F130/><W90/><G59/><T30/><D57/><U33/><AGARI ba="0,0" hai="2,7,10,24,31,33,69,70,104,106,107" m="51241" machi="33" ten="40,2700,0" yaku="20,1,23,1" doraHai="116" who="1" fromWho="1" sc="349,-7,237,27,312,-13,102,-7" /><INIT seed="3,0,0,5,1,99" ten="342,264,299,95" oya="3" hai0="88,103,59,48,130,118,122,26,83,51,94,112,86" hai1="82,72,58,49,31,11,4,105,132,106,107,30,3" hai2="98,43,67,2,57,63,87,70,102,125,18,89,25" hai3="46,84,34,96,0,131,91,29,65,90,5,55,10"/><W129/><G65/><T79/><D122/><U116/><E132/><V27/><F125/><W128/><G34/><T37/><D118/><U22/><E116/><V62/><F2/><W50/><G29/><T15/><D37/><U92/><E72/><V47/><F18/><W39/><G39/><T75/><D130/><U81/><E92/><V95/><F62/><W111/><G111/><T20/><D112/><U85/><E22/><V17/><F17/><W23/><G23/><T133/><D133/><U28/><E85/><V41/><F70/><W64/><G64/><T54/><D103/><U35/><E35/><V61/><F61/><W119/><G119/><T78/><D15/><U100/><E58/><V110/><F110/><W123/><G123/><T56/><D79/><U52/><REACH who="1" step="1"/><E100/><REACH who="1" ten="342,254,299,95" step="2"/><V77/><F77/><W45/><G96/><N who="0" m="57415" /><D75/><U135/><E135/><V24/><REACH who="2" step="1"/><F47/><REACH who="2" ten="342,254,289,95" step="2"/><N who="3" m="28127" /><G90/><T117/><D117/><U14/><E14/><V74/><F74/><W42/><G42/><T93/><D59/><U36/><E36/><V16/><F16/><W66/><G66/><T33/><D56/><U108/><E108/><V68/><F68/><W124/><G124/><T101/><D26/><U127/><E127/><V40/><F40/><W76/><G76/><T71/><D71/><U113/><E113/><V134/><F134/><W53/><G53/><T126/><D54/><U114/><E114/><V120/><F120/><W9/><G9/><T6/><D126/><U13/><E13/><V19/><F19/><W8/><G8/><T32/><D78/><U69/><E69/><V12/><F12/><RYUUKYOKU ba="0,2" sc="342,-30,254,10,289,10,95,10" hai1="3,4,11,28,30,31,49,52,81,82,105,106,107" hai2="24,25,27,41,43,57,63,67,87,89,95,98,102" hai3="0,5,10,45,46,84,91,128,129,131" /><INIT seed="3,1,2,2,3,110" ten="312,264,299,105" oya="3" hai0="79,3,123,113,131,116,5,30,32,58,15,33,50" hai1="26,24,62,51,129,38,21,117,65,42,87,67,4" hai2="10,75,122,68,135,0,112,105,59,1,88,82,127" hai3="121,72,104,106,125,8,20,130,69,118,28,41,97"/><W101/><G118/><T74/><D116/><U83/><E117/><V98/><F68/><W49/><G121/><T48/><D3/><U34/><E38/><V103/><F112/><W93/><G125/><T25/><D113/><U47/><E4/><V46/><F10/><W52/><G130/><T90/><D123/><U31/><E62/><V111/><F122/><W56/><G72/><T71/><D71/><U61/><E61/><V43/><F59/><W70/><G70/><T133/><D33/><U80/><E80/><V100/><F100/><W29/><G69/><T60/><D90/><U92/><E92/><V35/><F35/><W85/><G41/><T57/><D57/><U37/><E37/><N who="2" m="21871" /><F111/><W89/><G106/><T64/><D133/><U126/><E126/><V94/><F135/><W55/><G8/><T16/><D5/><U9/><E9/><V40/><F40/><W19/><REACH who="3" step="1"/><G55/><REACH who="3" ten="312,264,299,95" step="2"/><T109/><D131/><U128/><E128/><V36/><F127/><W6/><G6/><T81/><D109/><U134/><E129/><V119/><F119/><W76/><G76/><T66/><D66/><U86/><E134/><V18/><F105/><W115/><G115/><T124/><D124/><U7/><E7/><V22/><F75/><W99/><G99/><T45/><D74/><U23/><E86/><N who="2" m="50263" /><F36/><W14/><AGARI ba="1,3" hai="14,19,20,28,29,49,52,56,85,89,93,97,101,104" machi="14" ten="20,18000,2" yaku="1,1,0,1,7,1,25,2,54,1,53,1" doraHai="110" doraHaiUra="53" who="3" fromWho="3" sc="312,-61,264,-61,299,-61,95,213" owari="251,5.1,203,-29.7,238,-16.2,308,40.8" /></mjloggm>