<mjloggm ver="2.3"><GO type="225" lobby="0"/><UN n0="%E5%AF%82%E5%AF%9E%E3%82%AE%E3%83%8D%E3%82%B9%E3%83%93%E3%83%BC%E3%83%AB" n1="%E3%81%86%E3%83%BC%E3%81%B1%E3%83%BC" n2="%E7%AD%89%E3%80%85%E5%8A%9B%E5%8A%87%E5%A0%B4" n3="%53%61%63%68%69%30%34" dan="16,16,16,16" rate="2124.90,2216.77,2161.19,2069.20" sx="M,F,M,M"/><TAIKYOKU oya="0"/><INIT seed="0,0,0,0,0,15" ten="250,250,250,250" oya="0" hai0="126,97,2,36,119,54,130,38,131,62,8,112,92" hai1="35,0,78,129,75,20,64,33,90,40,110,87,127" hai2="71,4,117,44,88,26,99,94,80,5,32,103,27" hai3="37,120,65,67,91,3,23,107,22,122,96,39,73"/><T123/><D112/><U31/><E64/><N who="3" m="24650" /><G3/><T118/><D123/><N who="3" m="47145" /><G73/><T7/><D126/><U57/><E0/><V109/><F71/><W125/><G125/><T41/><D54/><U124/><E40/><V10/><F109/><W132/><G132/><T50/><D50/><U18/><E31/><V86/><F117/><N who="0" m="44554" /><D62/><U12/><E110/><V135/><F135/><W9/><G9/><T25/><D41/><U101/><E75/><V70/><F70/><W85/><G96/><T79/><D25/><U14/><E124/><V105/><F32/><W43/><G107/><T46/><D46/><U104/><E104/><V56/><F105/><W83/><G39/><T58/><D79/><U49/><E78/><V89/><F27/><W48/><G37/><T17/><D58/><U34/><E127/><V98/><F44/><AGARI ba="0,0" hai="22,23,43,44,48,83,85,91" m="47145,24650" machi="44" ten="30,1000,0" yaku="13,1" doraHai="15" who="3" fromWho="2" sc="250,0,250,0,250,-10,250,10" /><INIT seed="1,0,0,5,0,83" ten="250,250,240,260" oya="1" hai0="125,51,74,32,53,22,28,38,33,81,109,69,117" hai1="107,85,16,82,110,6,130,78,77,43,11,27,56" hai2="104,84,13,90,95,62,126,25,92,112,60,68,61" hai3="72,44,65,128,120,122,100,57,18,80,96,76,66"/><U135/><E107/><V31/><F104/><W71/><G71/><T7/><D117/><U132/><E130/><V129/><F126/><W111/><G128/><T89/><D38/><U37/><E56/><V106/><F106/><W12/><G111/><T42/><D42/><U91/><E43/><V113/><F129/><W94/><G44/><T123/><D69/><U124/><E37/><V41/><F41/><W10/><REACH who="3" step="1"/><G57/><REACH who="3" ten="250,250,240,250" step="2"/><T9/><D109/><U26/><E110/><V45/><F45/><W121/><AGARI ba="0,1" hai="10,12,18,65,66,72,76,80,94,96,100,120,121,122" machi="121" ten="30,4000,0" yaku="1,1,2,1,0,1,53,0" doraHai="83" doraHaiUra="19" who="3" fromWho="3" sc="250,-10,250,-20,240,-10,250,50" /><INIT seed="2,0,0,2,1,70" ten="240,230,230,300" oya="2" hai0="50,5,131,41,46,35,83,94,63,44,34,109,71" hai1="48,89,124,103,60,66,22,98,2,36,102,33,118" hai2="75,47,101,110,97,90,62,40,21,38,128,112,55" hai3="121,39,58,1,93,108,115,11,67,57,10,32,23"/><V78/><F112/><W85/><G32/><T37/><D109/><U133/><E2/><V104/><F128/><W7/><G121/><T91/><D131/><U72/><E118/><V114/><F114/><W18/><G39/><T96/><D5/><U52/><E33/><V51/><F110/><W125/><G115/><T99/><D99/><U116/><E72/><V95/><F21/><W8/><G125/><T6/><D6/><U69/><E36/><V3/><F3/><W27/><G108/><T86/><D63/><U77/><E77/><V17/><F17/><W20/><G20/><T84/><D71/><U64/><E64/><V19/><F19/><W31/><G58/><T127/><D84/><U59/><E116/><V56/><F78/><W68/><G57/><T9/><D9/><U111/><E124/><V24/><F24/><W130/><G31/><T73/><D73/><U45/><BYE who="0" /><E133/><V74/><REACH who="2" step="1"/><F62/><REACH who="2" ten="240,230,220,300" step="2"/><UN n0="%E5%AF%82%E5%AF%9E%E3%82%AE%E3%83%8D%E3%82%B9%E3%83%93%E3%83%BC%E3%83%AB" /><W113/><G113/><T14/><D14/><U105/><E111/><V106/><F106/><W53/><G27/><T119/><D127/><U4/><E22/><V117/><F117/><W87/><G23/><T30/><D119/><U81/><E105/><V76/><F76/><W120/><G130/><T135/><D135/><U126/><E126/><V15/><F15/><W42/><G18/><T129/><D129/><U123/><E4/><V132/><F132/><W43/><G7/><T122/><D30/><U107/><E107/><V25/><F25/><W0/><G1/><T16/><D16/><U65/><E60/><V13/><F13/><W12/><G0/><RYUUKYOKU ba="0,1" sc="240,-10,230,-10,220,30,300,-10" hai2="38,40,47,51,55,56,74,75,90,95,97,101,104" /><INIT seed="2,1,1,4,1,15" ten="230,220,250,290" oya="2" hai0="49,4,53,0,57,6,60,109,23,25,132,88,83" hai1="77,120,102,20,33,37,10,13,21,24,62,54,18" hai2="1,75,14,48,69,90,130,5,16,41,38,27,67" hai3="121,29,17,94,36,59,28,81,64,76,2,79,91"/><V135/><F75/><W66/><G36/><T30/><D109/><U68/><E37/><V55/><F135/><W50/><G121/><T32/><D132/><U125/><E120/><V72/><F72/><W97/><G2/><T26/><D0/><U129/><E125/><V71/><F130/><W47/><G17/><T103/><D103/><U39/><E39/><V73/><F73/><W87/><G79/><T115/><D115/><U124/><E129/><V80/><F38/><W110/><G110/><T3/><D3/><U19/><E124/><V78/><F41/><N who="3" m="24943" /><G59/><T131/><D131/><U85/><E33/><V52/><F1/><W101/><G76/><T116/><D116/><U100/><E68/><V31/><F5/><W58/><G58/><T114/><D114/><U9/><E62/><V122/><F122/><W44/><G44/><T117/><D117/><U107/><E54/><V134/><F134/><W22/><G22/><N who="0" m="15671" /><D60/><U46/><E46/><V126/><F126/><W8/><G8/><N who="1" m="3178" /><E107/><V42/><F71/><W63/><G63/><T111/><D32/><U95/><E77/><V93/><F78/><W104/><G104/><T105/><D105/><U96/><E85/><V119/><F119/><W84/><G84/><N who="0" m="50207" /><D111/><U35/><E35/><V43/><F69/><W89/><G101/><AGARI ba="1,1" hai="13,18,19,20,21,24,95,96,100,101,102" m="3178" machi="101" ten="30,3900,0" yaku="8,1,52,2" doraHai="15" who="1" fromWho="3" sc="230,0,220,52,250,0,290,-42" /><INIT seed="3,0,0,5,4,118" ten="230,272,250,248" oya="3" hai0="68,96,38,119,62,35,113,126,75,85,34,70,93" hai1="131,63,51,59,108,76,105,36,117,115,114,130,122" hai2="104,90,33,67,47,4,52,135,55,22,53,107,86" hai3="40,78,24,21,32,6,28,25,14,134,45,58,2"/><W5/><G134/><T98/><D119/><U106/><E117/><V1/><F33/><W29/><G78/><T31/><D75/><U46/><E76/><V110/><F110/><W20/><G58/><T66/><D38/><U7/><E7/><N who="3" m="2570" /><G45/><T57/><D113/><N who="1" m="43019" /><E105/><V23/><F135/><W64/><G40/><T50/><D70/><U39/><E106/><V37/><F107/><W43/><G43/><T42/><D126/><U71/><E71/><V124/><F104/><W44/><G44/><T60/><D42/><N who="1" m="25047" /><E108/><V3/><F124/><W120/><G64/><T95/><D50/><U116/><E116/><V103/><F67/><W91/><G91/><T16/><D68/><U111/><E111/><V92/><F37/><N who="1" m="14409" /><E122/><V127/><F127/><W73/><G73/><T132/><D132/><U81/><E81/><V27/><F1/><W84/><G84/><T87/><D66/><AGARI ba="0,0" hai="59,63,66,130,131" m="14409,25047,43019" machi="66" ten="30,2000,0" yaku="34,2" doraHai="118" who="1" fromWho="0" sc="230,-20,272,20,250,0,248,0" /><INIT seed="4,0,0,0,1,55" ten="210,292,250,248" oya="0" hai0="13,89,65,7,85,110,81,51,97,112,95,39,123" hai1="105,121,88,20,71,126,114,42,75,26,119,79,49" hai2="73,14,135,22,106,1,29,35,60,10,40,23,2" hai3="19,111,87,127,56,117,98,37,28,104,76,63,48"/><T113/><D39/><U52/><E105/><V107/><F73/><W50/><G111/><T59/><D123/><U12/><E71/><V31/><F40/><W74/><G117/><T125/><D110/><U103/><E103/><V66/><F35/><W96/><G74/><T134/><D134/><U86/><E42/><V46/><F46/><W100/><G37/><T41/><D125/><U53/><E53/><V83/><F83/><N who="3" m="47591" /><G104/><T57/><D41/><U30/><E75/><V131/><F107/><W3/><G3/><N who="2" m="1033" /><F60/><W47/><G28/><N who="2" m="10825" /><F66/><N who="3" m="39271" /><G127/><T43/><D65/><U130/><E30/><V6/><F106/><W11/><G47/><N who="0" m="26111" /><D113/><U78/><E114/><V58/><F58/><N who="0" m="22026" /><D112/><U17/><E126/><V21/><F135/><W124/><G124/><T34/><D34/><U69/><E69/><V120/><F120/><W92/><G98/><T38/><D38/><U27/><E121/><V54/><F54/><W101/><G101/><N who="0" m="60607" /><D13/><AGARI ba="0,0" hai="11,13,19,48,50,92,96,100" m="39271,47591" machi="13" ten="30,2000,0" yaku="8,1,52,1" doraHai="55" who="3" fromWho="0" sc="210,-20,292,0,250,0,248,20" /><INIT seed="5,0,0,0,3,13" ten="190,292,250,268" oya="1" hai0="59,12,38,132,28,75,124,68,121,15,85,72,2" hai1="53,81,47,109,6,55,88,54,118,101,128,58,119" hai2="104,107,103,79,25,123,71,93,113,8,102,14,39" hai3="130,19,48,67,78,131,36,31,127,40,32,18,60"/><U115/><E58/><V83/><F39/><W92/><G36/><T7/><D68/><U37/><E101/><V10/><F71/><W3/><G3/><T61/><D38/><U5/><E37/><V134/><F123/><W63/><G127/><T9/><D124/><U62/><E62/><N who="3" m="23594" /><G67/><T1/><D121/><U57/><E57/><V4/><F134/><W44/><G78/><T24/><D132/><U65/><E65/><V120/><F120/><W87/><G31/><T51/><D51/><U96/><E47/><V91/><F113/><W111/><G32/><T20/><D85/><N who="1" m="50223" /><E96/><V82/><F107/><W110/><G92/><T41/><D41/><U133/><E133/><V97/><F104/><W52/><G87/><T116/><D116/><U106/><E106/><V66/><F66/><W33/><G33/><T34/><D1/><U114/><E128/><N who="3" m="49194" /><G40/><T105/><D105/><U11/><E109/><AGARI ba="0,0" hai="18,19,44,48,52,109,110,111" m="49194,23594" machi="109" ten="30,7700,0" yaku="19,1,52,2,54,1" doraHai="13" who="3" fromWho="1" sc="190,0,292,-77,250,0,268,77" owari="190,-31.0,215,-18.5,250,5.0,345,44.5" /></mjloggm>