<mjloggm ver="2.3"><GO type="225" lobby="0"/><UN n0="%E6%B5%81%E3%82%8C%EF%BC%9F%53%4F%41" n1="%E5%B8%86%E7%AB%8B%E5%A4%8F%E8%A1%A3" n2="%E3%83%A9%E3%83%96%E3%83%AC%E3%83%BC" n3="%70%68%65%6E%6F%6D%65" dan="16,17,18,17" rate="2072.67,2132.02,2273.04,2204.82" sx="M,M,M,M"/><TAIKYOKU oya="0"/><INIT seed="0,0,0,0,3,84" ten="250,250,250,250" oya="0" hai0="83,75,85,41,79,50,55,81,130,23,56,49,4" hai1="54,42,101,62,114,134,72,40,98,77,66,106,70" hai2="116,19,132,129,107,121,91,27,73,25,13,33,53" hai3="35,110,16,5,39,43,124,20,113,65,44,36,95"/><T60/><D130/><U100/><E134/><V3/><F107/><W105/><G105/><T86/><D75/><U104/><E114/><V48/><F3/><W88/><G113/><T93/><D4/><U115/><E115/><V94/><F73/><W17/><G35/><T7/><D7/><U63/><E54/><V97/><F121/><W0/><G110/><T87/><D41/><U61/><E61/><V21/><F132/><W108/><G108/><T68/><D68/><U47/><E63/><V32/><F129/><W69/><G124/><T28/><D93/><U45/><E42/><V6/><F116/><W1/><G39/><T2/><D2/><U11/><E11/><V111/><F111/><W58/><G69/><T119/><D119/><U92/><E101/><V127/><F127/><W29/><G29/><T99/><D99/><U133/><E47/><V82/><F82/><N who="0" m="31242" /><D79/><U8/><E133/><V118/><F118/><W57/><G17/><T96/><D96/><U80/><REACH who="1" step="1"/><E8/><REACH who="1" ten="250,240,250,250" step="2"/><V12/><F53/><W22/><G43/><T78/><D78/><U51/><AGARI ba="0,1" hai="40,45,51,62,66,70,72,77,80,92,98,100,104,106" machi="51" ten="20,5200,0" yaku="1,1,2,1,0,1,7,1,53,0" doraHai="84" doraHaiUra="109" who="1" fromWho="1" sc="250,-26,240,62,250,-13,250,-13" /><INIT seed="1,0,0,3,3,18" ten="224,302,237,237" oya="1" hai0="95,83,4,48,60,21,30,124,126,19,123,116,89" hai1="5,52,125,109,67,84,90,118,70,35,7,98,61" hai2="29,72,94,75,101,68,54,27,47,17,92,128,0" hai3="45,133,23,39,66,44,69,1,16,102,93,64,107"/><U51/><E118/><V115/><F68/><W122/><G122/><T132/><D116/><U24/><E125/><N who="0" m="48233" /><D123/><U134/><E134/><V119/><F0/><W103/><G1/><T58/><D4/><U33/><E98/><V8/><F115/><W32/><G32/><T34/><D83/><U81/><E109/><V57/><F128/><W9/><G133/><T31/><D48/><U74/><E74/><V117/><F47/><N who="3" m="17995" /><G69/><T71/><D71/><U100/><E100/><N who="3" m="38442" /><G39/><T76/><D76/><U112/><E112/><V15/><F75/><W20/><G107/><T56/><D34/><U85/><E35/><V38/><F72/><W40/><G40/><T99/><D132/><U28/><REACH who="1" step="1"/><E84/><REACH who="1" ten="224,292,237,237" step="2"/><V86/><F86/><W25/><G93/><T113/><D113/><U59/><AGARI ba="0,1" hai="5,7,24,28,33,51,52,59,61,67,70,81,85,90" machi="59" ten="20,18000,2" yaku="1,1,2,1,0,1,7,1,54,1,53,1" doraHai="18" doraHaiUra="50" who="1" fromWho="1" sc="224,-60,292,190,237,-60,237,-60" /><INIT seed="1,1,0,5,5,63" ten="164,482,177,177" oya="1" hai0="70,25,108,9,13,107,79,105,20,127,90,58,132" hai1="120,122,48,52,32,134,128,23,106,50,117,97,24" hai2="42,26,118,64,103,91,86,71,72,102,18,39,94" hai3="85,129,4,31,2,45,123,110,68,77,16,109,59"/><U83/><E117/><V44/><F118/><W61/><G123/><T135/><D70/><U53/><E32/><V0/><F0/><W75/><G75/><T1/><D1/><U124/><E128/><V35/><F72/><W115/><G115/><T126/><D79/><U8/><E124/><N who="0" m="47657" /><D90/><U36/><E134/><N who="0" m="51241" /><D58/><U96/><E36/><V98/><F18/><W66/><G129/><T47/><D47/><U15/><E83/><V113/><F113/><W125/><G31/><N who="0" m="17831" /><D108/><U27/><E106/><V95/><F103/><W57/><G125/><T34/><D34/><U78/><E78/><V62/><F35/><W100/><G45/><T67/><D67/><U12/><REACH who="1" step="1"/><E23/><REACH who="1" ten="164,472,177,177" step="2"/><V43/><F39/><W84/><G77/><T40/><D40/><U81/><E81/><V133/><F43/><W69/><G109/><T92/><D92/><U121/><E121/><V116/><F42/><W76/><G76/><T80/><D80/><U54/><E54/><V73/><F95/><W38/><G110/><T3/><D3/><U49/><E49/><V17/><F94/><W41/><G38/><T14/><D14/><U11/><AGARI ba="1,1" hai="8,11,12,15,24,27,48,50,52,53,96,97,120,122" machi="11" ten="25,12000,1" yaku="1,1,0,1,22,2,54,1,53,0" doraHai="63" doraHaiUra="65" who="1" fromWho="1" sc="164,-41,472,133,177,-41,177,-41" /><INIT seed="1,2,0,1,0,18" ten="123,605,136,136" oya="1" hai0="116,114,121,2,61,49,28,8,0,107,36,22,92" hai1="48,83,126,110,117,47,119,96,93,74,132,124,6" hai2="94,42,103,4,53,31,17,34,57,111,71,100,7" hai3="41,65,43,109,12,60,11,1,78,68,84,20,82"/><U85/><E6/><V55/><F71/><W95/><G109/><T88/><D36/><U123/><E48/><V14/><F111/><W52/><G1/><T75/><D107/><U129/><E47/><V99/><F42/><W105/><G105/><T59/><D114/><U19/><E19/><V122/><F122/><W38/><G38/><T66/><D75/><U32/><E32/><V134/><F134/><W81/><G95/><T112/><D112/><U130/><E110/><V25/><F103/><W50/><G81/><T3/><D116/><N who="1" m="44619" /><E74/><V24/><F24/><W9/><G9/><T72/><D72/><U10/><E10/><V98/><F55/><W108/><G108/><T44/><D121/><U73/><E73/><V67/><F67/><W27/><G12/><T58/><D58/><U125/><E123/><V39/><F39/><W80/><G80/><T97/><D8/><U45/><E45/><V62/><F99/><W115/><G11/><AGARI ba="2,0" hai="4,7,11,14,17,25,31,34,53,57,62,94,98,100" machi="11" ten="30,1000,0" yaku="7,1" doraHai="18" who="2" fromWho="3" sc="123,0,605,0,136,16,136,-16" /><INIT seed="2,0,0,3,2,8" ten="123,605,152,120" oya="2" hai0="0,100,37,133,68,35,81,112,92,101,65,46,30" hai1="43,105,3,103,7,32,58,13,21,120,20,117,23" hai2="79,25,24,97,36,98,51,107,1,5,95,116,126" hai3="75,62,89,118,132,131,27,110,50,134,108,87,41"/><V17/><F116/><W102/><G75/><T115/><D0/><U11/><E32/><V130/><F36/><W96/><G62/><T28/><D81/><U72/><E120/><V34/><F107/><N who="3" m="63943" /><G27/><T18/><D18/><U63/><E72/><V122/><F79/><W4/><G4/><T6/><D6/><U80/><E43/><V55/><F122/><W14/><G41/><T125/><D92/><U31/><E80/><V71/><F71/><W90/><G50/><T48/><D37/><U109/><E109/><N who="3" m="42090" /><G118/><T114/><D65/><U52/><E21/><V9/><F25/><W49/><G49/><T106/><D68/><U91/><E91/><N who="3" m="34826" /><G14/><T93/><D115/><U60/><E23/><V29/><F51/><W119/><G119/><T69/><D69/><U38/><E58/><V73/><F73/><W19/><G19/><T86/><D48/><U57/><E105/><V66/><F17/><W15/><G15/><T44/><D106/><U113/><E103/><V53/><F34/><W56/><G56/><T42/><D42/><U47/><E113/><V128/><F24/><W61/><G61/><T26/><D26/><U22/><E63/><V82/><F29/><W88/><G131/><T54/><D35/><U94/><E117/><V84/><F130/><W16/><G16/><T127/><D54/><U123/><E123/><V64/><F55/><W104/><G104/><T85/><REACH who="0" step="1"/><D93/><AGARI ba="0,0" hai="87,88,93,132,134" m="34826,42090,63943" machi="93" ten="30,7700,0" yaku="14,1,34,2,54,1" doraHai="8" who="3" fromWho="0" sc="123,-77,605,0,152,0,120,77" /><INIT seed="3,0,0,0,2,87" ten="46,605,152,197" oya="3" hai0="54,20,35,22,23,68,3,11,74,102,26,5,84" hai1="81,134,59,17,39,116,61,4,123,15,77,16,112" hai2="38,80,30,14,66,94,128,118,62,69,124,114,110" hai3="95,75,86,93,50,13,0,127,103,32,99,56,1"/><W63/><G75/><T96/><D74/><U37/><E116/><V120/><F114/><W10/><G32/><T27/><D68/><U49/><E112/><V57/><F118/><W105/><G50/><T108/><D108/><U41/><E123/><V40/><F110/><W106/><G127/><T52/><D35/><U58/><E134/><V85/><F124/><W7/><G95/><T21/><N who="0" m="5120" /><DORA hai="71" /><T104/><REACH who="0" step="1"/><D84/><REACH who="0" ten="36,605,152,197" step="2"/><U42/><E4/><V101/><F85/><W6/><G7/><T33/><D33/><U125/><E125/><V65/><F69/><W109/><G109/><T111/><D111/><U76/><E49/><V29/><F120/><W34/><G34/><T25/><AGARI ba="0,1" hai="3,5,11,25,26,27,52,54,96,102,104" m="5120" machi="25" ten="50,6400,0" yaku="1,1,0,1,54,1,53,0" doraHai="87,71" doraHaiUra="132,8" who="0" fromWho="0" sc="36,74,605,-16,152,-16,197,-32" owari="110,-39.0,589,68.9,136,-26.4,165,-3.5" /></mjloggm>