<mjloggm ver="2.3"><GO type="225" lobby="0"/><UN n0="%E8%81%B7%E6%A5%AD%E3%80%81%E9%A2%A8%32" n1="%72%61%6B%33" n2="%E5%90%88%E6%B3%95%E3%82%B4%E3%83%AA%E3%83%A9" n3="%E3%81%9F%E3%81%8C%E3%82%84%E3%81%99" dan="16,18,16,17" rate="2147.77,2192.43,2031.48,2189.52" sx="M,M,M,M"/><TAIKYOKU oya="0"/><INIT seed="0,0,0,1,3,7" ten="250,250,250,250" oya="0" hai0="17,18,93,28,59,95,58,12,85,87,76,1,103" hai1="16,30,34,77,63,71,116,26,118,119,42,14,80" hai2="134,19,49,129,41,78,104,106,111,99,40,75,53" hai3="81,67,57,135,51,56,126,89,102,83,97,48,79"/><T31/><D1/><U8/><E42/><V45/><F111/><W21/><G89/><T131/><D131/><U72/><REACH who="1" step="1"/><E118/><REACH who="1" ten="250,240,250,250" step="2"/><V98/><F41/><W128/><G128/><T122/><D122/><U64/><AGARI ba="0,1" hai="8,14,16,26,30,34,63,64,71,72,77,80,116,119" machi="64" ten="30,8000,1" yaku="1,1,2,1,0,1,52,1,54,1,53,0" doraHai="7" doraHaiUra="125" who="1" fromWho="1" sc="250,-40,240,90,250,-20,250,-20" /><INIT seed="1,0,0,4,5,101" ten="210,330,230,230" oya="1" hai0="43,36,85,15,100,61,34,80,81,98,60,113,134" hai1="118,25,23,95,0,20,8,84,21,116,27,110,74" hai2="120,96,1,24,18,93,92,86,50,6,39,121,107" hai3="41,57,94,109,7,49,99,76,69,48,114,62,28"/><U72/><E95/><V13/><F39/><W71/><G7/><T123/><D113/><U130/><E84/><V133/><F133/><W22/><G114/><T102/><D134/><U117/><E130/><V12/><F1/><W125/><G109/><T11/><D34/><U42/><E42/><V112/><F112/><W65/><G125/><T70/><D102/><U31/><E110/><V30/><F6/><W90/><G76/><T29/><D29/><U52/><E52/><V105/><F12/><W35/><G35/><T87/><D70/><U91/><E91/><V9/><F86/><N who="0" m="32778" /><D43/><U68/><E68/><V97/><F50/><W89/><G71/><T104/><D104/><U40/><E40/><V67/><F67/><W88/><G69/><T135/><D36/><U77/><E77/><V59/><F59/><W37/><G37/><T46/><D46/><U3/><E8/><V124/><F124/><W54/><G41/><T128/><D123/><U103/><E103/><V79/><F79/><W119/><G119/><T129/><D135/><U64/><E64/><V5/><F5/><W2/><G2/><N who="1" m="554" /><E31/><V19/><F19/><W56/><G49/><T83/><D98/><N who="2" m="37994" /><F121/><W58/><REACH who="3" step="1"/><G57/><REACH who="3" ten="210,330,230,220" step="2"/><T17/><D100/><U38/><E38/><V122/><F122/><W10/><G10/><T47/><D47/><U14/><E118/><V127/><F127/><W63/><G63/><N who="0" m="24139" /><D129/><U126/><E126/><V131/><F131/><W53/><G53/><T45/><D45/><U51/><E117/><V66/><F120/><W33/><G33/><T111/><D128/><U44/><E116/><RYUUKYOKU ba="0,1" sc="210,15,330,-15,230,-15,220,15" hai0="11,15,17,80,81,83,111" hai3="22,28,48,54,56,58,62,65,88,89,90,94,99" /><INIT seed="2,1,1,3,3,16" ten="225,315,215,235" oya="2" hai0="8,57,0,43,66,88,96,126,94,58,65,37,84" hai1="45,67,36,85,63,6,103,18,106,3,75,101,34" hai2="15,71,102,118,49,25,26,10,81,83,30,82,77" hai3="86,20,29,112,17,79,135,100,54,119,89,110,55"/><V28/><F118/><W33/><G79/><T73/><D73/><U44/><E34/><V95/><F71/><W107/><G119/><T129/><D129/><U13/><E75/><V124/><F124/><W59/><G110/><T42/><D126/><U31/><E31/><N who="2" m="11819" /><F77/><W133/><G112/><T27/><D0/><U117/><E3/><V50/><F102/><W105/><G29/><T56/><D37/><U99/><E103/><V22/><F95/><W108/><G108/><T98/><D27/><N who="2" m="10250" /><F22/><W39/><G39/><T93/><D8/><U134/><E101/><V21/><F21/><W61/><G54/><T46/><D84/><U7/><E85/><V125/><F125/><W9/><G9/><T60/><D46/><U38/><E44/><V53/><F53/><W111/><G111/><T2/><D2/><U11/><E45/><V68/><F68/><W4/><G4/><AGARI ba="1,1" hai="4,10,15,49,50,81,82,83" m="10250,11819" machi="4" ten="30,1500,0" yaku="8,1" doraHai="16" who="2" fromWho="3" sc="225,0,315,0,215,28,235,-18" /><INIT seed="2,2,0,3,5,120" ten="225,315,243,217" oya="2" hai0="17,37,75,106,101,89,129,119,76,68,105,66,9" hai1="92,88,127,130,67,44,131,95,14,122,54,51,56" hai2="36,133,0,100,125,85,113,72,13,16,86,78,49" hai3="21,115,12,111,82,94,34,116,32,7,29,19,73"/><V117/><F113/><W22/><G94/><T79/><D37/><U43/><E122/><V24/><F117/><W8/><G82/><T18/><D129/><U25/><E127/><V135/><F36/><W110/><G73/><T28/><D28/><U60/><E95/><V33/><F0/><N who="3" m="103" /><G116/><T123/><D123/><U102/><E102/><V58/><F100/><W38/><G38/><T3/><D119/><U26/><E14/><V10/><F72/><W61/><G61/><T107/><D101/><U57/><E131/><V4/><F125/><W81/><G81/><T93/><D66/><U40/><E130/><V55/><F78/><W63/><G63/><T77/><D68/><U70/><E70/><V112/><F112/><W99/><G99/><T39/><D39/><U42/><REACH who="1" step="1"/><E44/><REACH who="1" ten="225,305,243,217" step="2"/><V128/><F128/><W62/><G115/><T83/><D3/><U48/><E48/><V46/><F46/><W80/><G62/><T132/><D105/><U52/><E52/><V96/><F96/><AGARI ba="2,1" hai="25,26,40,42,43,51,54,56,57,60,67,88,92,96" machi="96" ten="40,5200,0" yaku="1,1,8,1,54,1,53,0" doraHai="120" doraHaiUra="35" who="1" fromWho="2" sc="225,0,305,68,243,-58,217,0" /><INIT seed="3,0,0,5,2,35" ten="225,373,185,217" oya="3" hai0="77,39,45,11,113,74,24,61,91,44,62,38,15" hai1="53,124,50,57,70,103,5,116,59,128,78,10,101" hai2="28,4,64,79,125,121,89,16,47,119,34,97,58" hai3="85,130,112,122,0,27,73,68,26,127,6,107,46"/><W131/><G73/><T65/><D62/><U29/><E70/><V1/><F119/><W8/><G122/><T82/><D113/><U31/><E124/><V95/><F125/><W54/><G127/><T92/><D24/><U25/><E128/><N who="3" m="49194" /><G112/><T43/><D45/><U18/><E18/><V102/><F121/><W106/><G68/><T132/><D132/><U2/><E116/><V67/><F79/><W114/><G114/><T63/><D65/><U69/><E69/><V110/><F110/><W55/><G85/><T88/><D91/><U120/><E120/><V115/><F115/><W13/><G13/><T98/><D39/><U84/><E29/><V134/><F134/><W135/><G135/><T21/><D21/><U111/><E111/><V117/><F117/><W83/><G83/><T9/><D9/><U126/><E126/><V76/><F76/><W96/><G46/><T133/><D133/><U60/><E84/><V75/><F75/><W22/><G27/><T123/><D123/><U90/><E90/><V33/><F47/><W108/><G108/><T14/><D14/><U40/><E78/><V105/><F58/><W80/><G80/><T94/><D94/><U20/><E40/><V86/><F34/><W12/><G12/><T56/><D56/><U49/><E49/><V3/><F16/><AGARI ba="0,0" hai="11,15,16,38,43,44,61,63,74,77,82,88,92,98" machi="16" ten="30,3900,0" yaku="7,1,54,2" doraHai="35" who="0" fromWho="2" sc="225,39,373,0,185,-39,217,0" owari="264,6.4,373,47.3,146,-35.4,217,-18.3" /></mjloggm>