<mjloggm ver="2.3"><GO type="225" lobby="0"/><UN n0="%E7%B4%94%E6%BD%94%E3%83%94%E3%83%A9%E3%83%8B%E3%82%A2" n1="%E3%81%95%E3%81%8D%E3%81%9F%E3%81%BE%E6%9E%97%E6%AA%8E" n2="%E6%98%93%E5%88%A9%E8%96%A9%E4%BC%AF" n3="%48%49%52%4F%4B%49%4E%47" dan="17,16,16,16" rate="2062.93,2111.76,2097.79,2054.83" sx="M,M,F,M"/><TAIKYOKU oya="0"/><INIT seed="0,0,0,4,1,63" ten="250,250,250,250" oya="0" hai0="23,1,80,15,129,43,127,49,61,116,119,125,34" hai1="108,89,115,126,29,70,32,57,86,21,47,45,39" hai2="58,100,41,113,71,53,66,112,98,124,22,35,28" hai3="59,54,95,111,5,102,106,38,52,94,90,85,2"/><T8/><D80/><U88/><E70/><V12/><F41/><W31/><G111/><T105/><D49/><U46/><E108/><V103/><F103/><W114/><G38/><T17/><D43/><U101/><E32/><V64/><F71/><W81/><G114/><T134/><D105/><U79/><E115/><V26/><F113/><W97/><G31/><T25/><D61/><U128/><E128/><V3/><F3/><W60/><G5/><N who="0" m="1071" /><D134/><U73/><E73/><V118/><F112/><W121/><G2/><T93/><D93/><U7/><E39/><V56/><F124/><N who="0" m="47690" /><D129/><U75/><E75/><V122/><F122/><W77/><G121/><T65/><D65/><U55/><E7/><V40/><F40/><W78/><G77/><T132/><D132/><U18/><E29/><AGARI ba="0,0" hai="15,17,23,25,29,34,116,119" m="47690,1071" machi="29" ten="30,11600,0" yaku="24,1,18,1,34,2" doraHai="63" who="0" fromWho="1" sc="250,116,250,-116,250,0,250,0" /><INIT seed="0,1,0,1,2,104" ten="366,134,250,250" oya="0" hai0="90,60,102,18,34,95,65,10,58,71,120,81,53" hai1="91,38,68,128,80,2,87,132,66,54,12,41,99" hai2="69,118,52,107,22,74,21,19,37,46,24,86,105" hai3="45,117,96,111,49,50,85,127,6,82,97,110,94"/><T119/><D119/><U106/><E132/><V88/><F69/><W1/><G117/><T89/><D120/><U57/><E128/><V56/><F74/><W64/><G64/><T63/><D34/><U44/><E2/><V33/><F33/><W35/><G35/><T39/><D39/><U84/><E106/><V126/><F126/><W116/><G6/><T7/><D18/><U75/><E99/><V27/><F46/><W32/><G1/><T62/><D62/><N who="1" m="40023" /><E87/><V16/><F37/><W23/><G32/><T29/><D29/><U14/><E14/><V5/><F5/><W83/><G127/><T125/><D125/><U103/><E103/><V135/><F135/><W4/><G116/><T73/><D95/><U115/><E12/><V100/><F100/><W26/><G4/><T108/><D108/><U9/><E9/><V31/><F31/><W92/><G45/><T78/><REACH who="0" step="1"/><D102/><REACH who="0" ten="356,134,250,250" step="2"/><U36/><E36/><V40/><F118/><W93/><G111/><T72/><D72/><U131/><E131/><V61/><F40/><W59/><G110/><T8/><D8/><U48/><E115/><V133/><F133/><W129/><G92/><AGARI ba="1,1" hai="16,19,21,22,24,27,52,56,61,86,88,92,105,107" machi="92" ten="30,8000,1" yaku="7,1,9,1,54,3" doraHai="104" who="2" fromWho="3" sc="356,0,134,0,250,93,250,-83" /><INIT seed="1,0,0,1,4,72" ten="356,134,343,167" oya="1" hai0="134,73,83,30,51,97,95,56,49,106,85,29,59" hai1="75,96,91,54,20,121,104,124,34,64,52,46,57" hai2="61,118,102,81,2,94,98,71,101,130,23,45,3" hai3="93,27,16,74,123,84,120,80,41,10,31,108,8"/><U22/><E121/><V26/><F118/><W65/><G108/><T62/><D73/><U24/><E124/><V9/><F130/><W32/><G74/><T105/><D106/><U70/><E75/><V15/><F102/><W50/><G65/><T79/><D105/><U109/><E70/><V132/><F81/><W86/><G93/><T11/><D11/><U48/><E34/><V111/><F111/><W114/><G114/><T4/><D4/><U103/><E109/><V99/><F99/><W35/><G35/><T40/><D134/><U25/><E91/><V63/><F45/><W89/><G8/><T13/><D13/><U92/><E104/><V122/><F122/><W60/><G60/><T112/><D112/><U110/><E64/><V17/><F132/><W131/><G131/><T135/><D135/><U37/><E110/><V76/><F76/><W119/><G119/><T68/><D68/><U33/><E37/><V117/><F117/><W5/><G84/><T107/><D56/><U39/><E39/><V125/><F125/><W47/><G16/><T69/><D69/><U42/><E33/><V87/><F87/><W67/><G67/><N who="0" m="39391" /><D107/><U1/><E1/><AGARI ba="0,0" hai="1,5,10,27,31,32,41,47,50,80,86,89,120,123" machi="1" ten="30,1000,0" yaku="7,1" doraHai="72" who="3" fromWho="1" sc="356,0,134,-10,343,0,167,10" /><INIT seed="2,0,0,2,2,92" ten="356,124,343,177" oya="2" hai0="47,66,87,122,55,109,8,90,107,76,125,127,123" hai1="133,108,41,112,35,101,121,44,114,10,78,98,73" hai2="36,64,96,40,15,30,77,7,81,61,126,104,1" hai3="118,82,75,100,62,71,83,106,11,72,56,5,59"/><V129/><F129/><W130/><G118/><T110/><D107/><U32/><E108/><N who="0" m="41577" /><D66/><U43/><E133/><V86/><F126/><N who="0" m="48138" /><D8/><U2/><E121/><V46/><F30/><W65/><G130/><T45/><D76/><U29/><E43/><V88/><F15/><W74/><G82/><N who="0" m="49527" /><D55/><U120/><E120/><AGARI ba="0,0" hai="45,47,120,122,123" m="49527,48138,41577" machi="120" ten="40,2600,0" yaku="14,1,18,1" doraHai="92" who="0" fromWho="1" sc="356,26,124,-26,343,0,177,0" /><INIT seed="3,0,0,3,2,129" ten="382,98,343,177" oya="3" hai0="61,80,91,130,77,75,66,95,33,72,90,101,43" hai1="3,8,99,45,6,98,120,26,63,14,59,134,104" hai2="79,21,0,30,11,42,81,71,25,60,13,119,4" hai3="36,67,65,37,96,23,117,82,105,44,49,128,38"/><W50/><G117/><T113/><D33/><U18/><E120/><V22/><F119/><W39/><G128/><T2/><D2/><U70/><E70/><V135/><F42/><W58/><G82/><T55/><D55/><U74/><E74/><V107/><F107/><W122/><G122/><T24/><D24/><U85/><E85/><V125/><F125/><W56/><G23/><T116/><D116/><U100/><E26/><V131/><F131/><W114/><G96/><T68/><D72/><U15/><E99/><V115/><F115/><W31/><G31/><T48/><D113/><U20/><E45/><V28/><F28/><W109/><G105/><T118/><D101/><U103/><E103/><V133/><F60/><N who="3" m="38023" /><G109/><T19/><D95/><U132/><REACH who="1" step="1"/><E3/><REACH who="1" ten="382,88,343,177" step="2"/><V47/><F71/><W87/><G114/><T29/><D68/><U110/><E110/><V46/><F46/><W53/><G87/><T51/><D75/><U88/><E88/><V93/><F93/><W106/><G106/><T89/><D91/><U12/><E12/><V10/><F47/><W54/><G39/><T40/><D90/><U84/><E84/><V73/><REACH who="2" step="1"/><F22/><REACH who="2" ten="382,88,333,177" step="2"/><W102/><G102/><T64/><D118/><U69/><E69/><V9/><F9/><W27/><G27/><T112/><D130/><U32/><E32/><V35/><F35/><W78/><G78/><T86/><D77/><U123/><E123/><V17/><AGARI ba="0,2" hai="0,4,10,11,13,17,21,25,30,73,79,81,133,135" machi="17" ten="30,7900,0" yaku="1,1,0,1,52,2,53,0" doraHai="129" doraHaiUra="121" who="2" fromWho="2" sc="382,-20,88,-20,333,99,177,-39" owari="362,16.2,68,-43.2,432,53.2,138,-26.2" /></mjloggm>