<mjloggm ver="2.3"><GO type="225" lobby="0"/><UN n0="%E3%83%99%E3%83%AB%E3%83%A2%E3%83%83%E3%83%88" n1="%E9%B3%B3%E6%9D%B1%E3%81%AE%E3%81%86%E3%81%95%E3%81%8E%E3%81%95%E3%82%93" n2="%E3%81%8C%E3%81%9F" n3="%E3%81%82%E3%81%99%E3%81%AB%E3%82%83%E3%82%80" dan="16,17,17,16" rate="2075.16,2257.06,2146.47,2149.00" sx="M,M,M,F"/><TAIKYOKU oya="0"/><INIT seed="0,0,0,1,0,115" ten="250,250,250,250" oya="0" hai0="66,67,107,134,118,97,2,130,90,39,20,33,8" hai1="82,120,79,135,51,117,3,110,95,122,23,102,69" hai2="49,133,127,59,83,27,65,24,113,40,31,98,88" hai3="61,78,77,81,105,17,11,72,4,116,99,91,60"/><T10/><D33/><U119/><E3/><V14/><F113/><W54/><G78/><T63/><D39/><U100/><E69/><V32/><F127/><W94/><G116/><N who="1" m="44618" /><E51/><V26/><F133/><W12/><G105/><T13/><D118/><U125/><E23/><V129/><F129/><W15/><REACH who="3" step="1"/><G54/><REACH who="3" ten="250,250,250,240" step="2"/><T84/><D130/><U109/><E135/><V58/><F32/><W87/><G87/><T1/><D107/><U21/><E125/><V62/><F31/><W74/><G74/><T7/><D134/><U73/><E21/><AGARI ba="0,1" hai="4,11,12,15,17,21,60,61,72,77,81,91,94,99" machi="21" ten="30,3900,0" yaku="1,1,7,1,53,1" doraHai="115" doraHaiUra="76" who="3" fromWho="1" sc="250,0,250,-39,250,0,240,49" /><INIT seed="1,0,0,4,3,130" ten="250,211,250,289" oya="1" hai0="69,6,3,58,135,111,133,114,67,65,4,63,125" hai1="77,18,91,123,47,85,30,5,93,2,50,119,103" hai2="121,80,14,66,60,57,61,105,37,124,24,131,115" hai3="45,22,96,54,31,23,49,110,86,82,104,106,73"/><U41/><E119/><V97/><F121/><W101/><G110/><T33/><D33/><U32/><E123/><V55/><F131/><W87/><G106/><T118/><D114/><U59/><E103/><V92/><F37/><W62/><G31/><T10/><D118/><U17/><E77/><V122/><F122/><W52/><G73/><T9/><D111/><U8/><REACH who="1" step="1"/><E59/><REACH who="1" ten="250,201,250,289" step="2"/><V127/><F57/><W132/><G101/><T95/><D125/><U83/><E83/><V112/><F80/><W40/><G82/><T113/><D113/><U107/><E107/><V109/><F105/><W44/><G104/><T26/><D58/><U117/><E117/><V94/><F112/><W28/><G44/><T128/><D128/><U74/><E74/><V75/><F75/><W11/><G45/><T126/><D126/><U90/><E90/><V78/><F115/><W48/><G62/><T81/><D81/><U53/><E53/><V29/><F60/><W76/><G52/><T88/><D67/><U16/><E16/><V72/><F55/><W98/><G54/><T68/><D68/><U39/><E39/><V12/><F61/><W89/><G76/><T134/><D134/><U43/><E43/><V19/><F66/><W27/><G132/><T38/><D38/><U51/><E51/><V13/><F124/><W34/><G48/><T79/><D79/><U99/><E99/><V64/><F64/><W100/><G49/><T70/><D70/><U116/><E116/><V108/><F127/><W42/><G96/><T0/><D133/><U71/><E71/><V102/><F108/><RYUUKYOKU ba="0,1" sc="250,-10,201,30,250,-10,289,-10" hai1="2,5,8,17,18,30,32,41,47,50,85,91,93" /><INIT seed="1,1,1,1,4,53" ten="240,231,240,279" oya="1" hai0="37,80,29,106,22,112,7,43,15,31,97,109,70" hai1="134,34,79,6,115,3,113,46,122,36,19,16,65" hai2="81,110,1,119,10,121,4,74,35,66,56,95,114" hai3="96,94,133,18,5,99,73,2,41,40,28,59,14"/><U54/><E122/><V76/><F119/><W130/><G73/><T67/><D109/><U107/><E107/><V126/><F121/><W90/><G130/><T11/><D112/><U92/><E34/><V89/><F110/><W128/><G128/><T98/><D106/><U62/><E134/><V33/><F126/><W21/><G133/><T84/><D37/><U111/><E111/><V86/><REACH who="2" step="1"/><F114/><REACH who="2" ten="240,231,230,279" step="2"/><W32/><G40/><T60/><D43/><U49/><E115/><V27/><F27/><W25/><G41/><T9/><D31/><U91/><E113/><V93/><F93/><W48/><G94/><T131/><D131/><U44/><E92/><V68/><F68/><W0/><G99/><T20/><D29/><U108/><E108/><V132/><F132/><W26/><G96/><T103/><D98/><U23/><E36/><V64/><F64/><W17/><G26/><T55/><D97/><U38/><E65/><V116/><F116/><W82/><G28/><T12/><D103/><U118/><E38/><V127/><F127/><W129/><G129/><T117/><D117/><U39/><E39/><V123/><F123/><W57/><G32/><T45/><D70/><U50/><E118/><V85/><F85/><W88/><G25/><T104/><D67/><U105/><E105/><V51/><F51/><W101/><G48/><N who="0" m="29071" /><D104/><U8/><E49/><V78/><F78/><W13/><G101/><T125/><D125/><U100/><E79/><V47/><F47/><W72/><G72/><T61/><D84/><U71/><E44/><V52/><F52/><W124/><G124/><RYUUKYOKU ba="1,2" sc="240,-10,231,-10,230,30,279,-10" hai2="1,4,10,33,35,56,66,74,76,81,86,89,95" /><INIT seed="2,2,2,1,2,50" ten="230,221,260,269" oya="2" hai0="102,67,13,115,106,5,14,32,93,104,47,7,105" hai1="18,96,121,15,38,84,117,82,74,45,52,30,55" hai2="92,131,65,127,17,39,97,77,89,35,49,75,24" hai3="90,134,42,22,34,72,103,91,98,120,20,116,56"/><V123/><F123/><W9/><G34/><T69/><D115/><U114/><E117/><V23/><F39/><W59/><G116/><T83/><D32/><U46/><E114/><V31/><F131/><W109/><G72/><T11/><D83/><U119/><E119/><V58/><F127/><W40/><G109/><T61/><D47/><N who="1" m="17931" /><E74/><V43/><F43/><N who="3" m="16427" /><G134/><T0/><REACH who="0" step="1"/><D7/><REACH who="0" ten="220,221,260,269" step="2"/><U79/><E38/><V133/><F133/><W118/><G118/><T73/><D73/><U71/><E121/><V95/><F75/><W130/><G120/><T108/><D108/><U6/><E6/><V27/><F77/><W63/><G130/><T48/><D48/><U3/><E3/><V80/><F80/><W10/><G63/><T112/><D112/><U135/><E135/><V122/><F122/><W29/><G20/><T53/><D53/><U28/><E71/><V44/><F44/><W2/><G22/><T86/><D86/><U64/><E64/><V76/><F76/><W128/><G128/><T25/><D25/><U41/><E41/><V37/><F37/><W68/><G68/><T26/><D26/><U85/><E85/><N who="2" m="52271" /><F49/><W1/><G1/><T125/><D125/><U78/><E78/><V54/><F54/><N who="1" m="20521" /><E96/><AGARI ba="2,3" hai="0,5,11,13,14,61,67,69,93,96,102,104,105,106" machi="96" ten="40,1300,0" yaku="1,1,53,0" doraHai="50" doraHaiUra="132" who="0" fromWho="1" sc="220,49,221,-19,260,0,269,0" /><INIT seed="3,0,0,4,1,97" ten="269,202,260,269" oya="3" hai0="88,21,63,79,43,81,105,48,12,11,7,15,24" hai1="99,112,45,10,61,119,29,8,93,116,25,104,90" hai2="122,96,19,87,49,36,118,85,72,91,120,37,65" hai3="126,101,56,23,98,82,42,74,47,106,110,77,108"/><W95/><G126/><T16/><D105/><U113/><E45/><V134/><F118/><N who="1" m="45097" /><E61/><V27/><F72/><W133/><G133/><T0/><D63/><U2/><E104/><V6/><F134/><W89/><G23/><T26/><D26/><U128/><E128/><V5/><F65/><W44/><G56/><T100/><D100/><N who="1" m="60527" /><E2/><V135/><F135/><W4/><G4/><N who="2" m="1641" /><F49/><W125/><G125/><T53/><D43/><U78/><E78/><V117/><F117/><W28/><G28/><T67/><D88/><U41/><E90/><V20/><F96/><W62/><G62/><T70/><D70/><U94/><E94/><N who="2" m="54639" /><F87/><N who="3" m="52671" /><G42/><T52/><D53/><U57/><E57/><V22/><F36/><W55/><G55/><T123/><D123/><N who="2" m="47146" /><F37/><W35/><G35/><T34/><D67/><U107/><E107/><V102/><F102/><W33/><G33/><T1/><D1/><U14/><E41/><V83/><F83/><W59/><G59/><T40/><D40/><U115/><E14/><V64/><F64/><W131/><G131/><T31/><D34/><AGARI ba="0,0" hai="8,10,25,29,34,112,113,115" m="60527,45097" machi="34" ten="40,2600,0" yaku="12,1,52,1" doraHai="97" who="1" fromWho="0" sc="269,-26,202,26,260,0,269,0" /><INIT seed="4,0,0,5,1,132" ten="243,228,260,269" oya="0" hai0="89,99,112,66,42,63,4,122,15,130,11,47,129" hai1="49,95,18,46,26,0,110,52,90,82,85,48,111" hai2="2,67,134,3,128,10,92,74,28,88,121,37,105" hai3="64,55,30,133,116,69,101,106,1,31,114,94,135"/><T14/><D112/><U120/><E120/><V127/><F121/><W96/><G1/><T117/><D117/><U22/><E0/><V59/><F74/><W24/><G114/><T53/><D53/><U36/><E36/><V56/><F105/><W65/><G116/><T98/><D122/><U119/><E119/><V91/><F37/><W71/><G55/><T118/><D118/><U76/><REACH who="1" step="1"/><E48/><REACH who="1" ten="243,218,260,269" step="2"/><V13/><F3/><W7/><G133/><T27/><D129/><U57/><E57/><V123/><F59/><W45/><G135/><T84/><D130/><U5/><E5/><V17/><F56/><W124/><G7/><T19/><D27/><U126/><E126/><V33/><F127/><W54/><G124/><T102/><D66/><U75/><AGARI ba="0,1" hai="18,22,26,46,49,52,75,76,82,85,90,95,110,111" machi="75" ten="20,8000,1" yaku="1,1,0,1,7,1,54,1,53,1" doraHai="132" doraHaiUra="43" who="1" fromWho="1" sc="243,-40,218,90,260,-20,269,-20" owari="203,-29.7,308,40.8,240,-16.0,249,4.9" /></mjloggm>