<mjloggm ver="2.3"><GO type="225" lobby="0"/><UN n0="%E3%81%99%E3%81%84%E3%81%BE%E3%81%9B%E3%83%BC%E3%82%93" n1="%E3%81%95%E3%81%8D%E3%81%9F%E3%81%BE%E6%9E%97%E6%AA%8E" n2="%E3%81%BF%E3%81%BF%E3%81%9A" n3="%E5%B8%86%E7%AB%8B%E5%A4%8F%E8%A1%A3" dan="18,16,18,16" rate="2248.05,2079.54,2264.15,2166.03" sx="M,M,M,M"/><TAIKYOKU oya="0"/><INIT seed="0,0,0,1,4,27" ten="250,250,250,250" oya="0" hai0="51,13,1,0,97,16,82,3,49,8,20,43,45" hai1="121,21,32,56,30,113,134,81,53,85,7,70,93" hai2="33,10,98,24,91,92,109,52,103,39,75,61,72" hai3="130,50,67,79,46,77,122,126,114,69,57,110,78"/><T111/><D111/><U59/><E121/><V38/><F109/><W102/><G110/><T73/><D97/><U31/><E32/><V63/><F10/><W131/><G122/><T14/><D51/><U88/><E70/><V86/><F72/><W66/><G69/><T54/><D43/><U64/><E134/><V41/><F75/><W6/><G114/><T99/><D99/><N who="1" m="57767" /><E113/><V107/><F41/><W4/><G102/><T74/><REACH who="0" step="1"/><D82/><REACH who="0" ten="240,250,250,250" step="2"/><U132/><E132/><V35/><F39/><W76/><G50/><T12/><D12/><U42/><E42/><V15/><F38/><W36/><G36/><T105/><D105/><U125/><E125/><V17/><F15/><W100/><G126/><T5/><AGARI ba="0,1" hai="0,1,3,5,8,13,14,16,20,45,49,54,73,74" machi="5" ten="30,18000,2" yaku="1,1,0,1,54,1,53,3" doraHai="27" doraHaiUra="34" who="0" fromWho="0" sc="240,190,250,-60,250,-60,250,-60" /><INIT seed="0,1,0,5,2,70" ten="430,190,190,190" oya="0" hai0="120,96,109,98,2,47,44,93,89,34,27,119,106" hai1="4,21,88,74,1,36,50,76,124,42,102,38,127" hai2="55,85,32,66,90,130,63,59,75,68,135,84,35" hai3="57,79,129,25,126,87,5,33,82,67,41,117,104"/><T37/><D119/><U29/><E102/><V14/><F75/><W22/><G117/><T111/><D2/><U12/><E1/><V9/><F130/><W118/><G118/><T60/><D120/><U133/><E133/><V86/><F135/><W105/><G129/><T53/><D37/><N who="1" m="14443" /><E29/><V123/><F123/><W95/><G33/><T64/><D53/><U17/><E4/><V108/><F108/><N who="0" m="41546" /><D27/><U3/><E3/><V97/><F97/><W39/><G5/><T71/><D34/><U131/><E131/><V58/><F68/><W26/><G95/><N who="0" m="56431" /><D106/><U11/><E11/><V121/><F121/><W99/><G104/><T7/><D7/><U8/><E8/><V52/><F66/><W46/><G22/><T19/><D19/><U10/><E10/><V6/><REACH who="2" step="1"/><F90/><AGARI ba="1,0" hai="44,47,60,64,71,90,93,98" m="56431,41546" machi="90" ten="30,2900,0" yaku="14,1,10,1" doraHai="70" who="0" fromWho="2" sc="430,32,190,0,190,-32,190,0" /><INIT seed="0,2,0,3,0,49" ten="462,190,158,190" oya="0" hai0="80,89,52,108,78,91,86,33,65,31,123,83,90" hai1="113,77,16,55,97,21,17,98,107,9,51,102,30" hai2="92,117,120,7,58,57,103,56,115,73,10,26,105" hai3="15,70,45,133,99,81,94,14,109,131,79,13,2"/><T25/><D123/><U32/><E32/><V122/><F115/><W5/><G109/><T40/><D108/><U59/><E113/><V88/><F73/><W69/><G133/><T96/><D65/><U71/><E71/><V48/><F117/><W4/><G131/><T29/><D40/><U20/><E77/><V60/><F26/><W11/><G5/><T68/><D68/><U95/><E9/><V111/><F111/><W93/><G93/><T24/><D96/><U39/><E39/><V119/><F119/><W100/><REACH who="3" step="1"/><G45/><REACH who="3" ten="462,190,158,180" step="2"/><T3/><D3/><U1/><E1/><V132/><F132/><W126/><G126/><T0/><D0/><U124/><E124/><V74/><F120/><W104/><G104/><T114/><D114/><U116/><E116/><V135/><F105/><W12/><N who="3" m="3072" /><DORA hai="129" /><W28/><G28/><T62/><D31/><U27/><REACH who="1" step="1"/><E21/><REACH who="1" ten="462,180,158,180" step="2"/><V127/><F127/><W18/><G18/><T67/><D33/><U125/><E125/><V75/><F122/><W121/><G121/><T37/><D29/><U64/><E64/><V87/><F135/><W43/><G43/><T106/><D67/><U54/><E54/><V118/><F118/><W22/><G22/><T66/><D52/><U23/><E23/><V6/><F6/><W110/><G110/><T128/><D66/><U85/><E85/><AGARI ba="2,2" hai="2,4,11,69,70,79,81,85,94,99,100" m="3072" machi="85" ten="50,3200,0" yaku="1,1,53,1" doraHai="49,129" doraHaiUra="134,76" who="3" fromWho="1" sc="462,0,180,-38,158,0,180,58" /><INIT seed="1,0,0,5,1,71" ten="462,142,158,238" oya="1" hai0="124,31,67,101,61,83,18,86,54,87,85,80,9" hai1="79,100,70,90,104,28,24,22,16,81,29,105,58" hai2="63,122,27,106,17,65,108,130,107,50,98,82,118" hai3="57,131,49,60,38,3,121,113,26,4,68,95,41"/><U109/><E70/><V116/><F122/><W62/><G113/><T72/><D124/><U128/><E128/><V14/><F108/><W123/><G26/><T36/><D36/><U51/><E109/><V126/><F126/><W52/><G95/><T69/><D72/><U30/><E90/><V37/><F37/><W2/><G2/><T91/><D101/><U84/><REACH who="1" step="1"/><E100/><REACH who="1" ten="462,132,158,238" step="2"/><V35/><F130/><W76/><G131/><T97/><D91/><U93/><E93/><V11/><F118/><W129/><G129/><T89/><D89/><U94/><E94/><V56/><F116/><W19/><G68/><T42/><D69/><U92/><E92/><V111/><F111/><W10/><G121/><T6/><D97/><U110/><E110/><V77/><F98/><W39/><G123/><T7/><D83/><U117/><E117/><V99/><F99/><W48/><G76/><T47/><D80/><U55/><AGARI ba="0,1" hai="16,22,24,28,29,30,51,55,58,79,81,84,104,105" machi="55" ten="30,6000,0" yaku="1,1,0,1,54,1,53,0" doraHai="71" doraHaiUra="115" who="1" fromWho="1" sc="462,-20,132,70,158,-20,238,-20" /><INIT seed="1,1,0,2,5,85" ten="442,202,138,218" oya="1" hai0="131,50,61,2,58,39,42,40,110,28,124,84,109" hai1="44,72,45,29,113,97,93,106,133,70,16,118,107" hai2="71,125,126,5,4,14,105,18,31,83,24,102,91" hai3="6,22,77,21,0,81,11,79,49,51,41,38,46"/><U13/><E113/><V3/><F71/><W119/><G119/><T92/><D2/><U73/><E118/><V48/><F102/><W100/><G100/><T122/><D131/><U99/><E70/><V34/><F105/><W135/><G79/><T37/><D124/><N who="2" m="47722" /><F48/><W90/><G90/><N who="0" m="53319" /><D28/><U26/><E73/><V134/><F83/><W127/><G127/><T128/><D128/><U57/><E72/><V117/><F117/><W20/><REACH who="3" step="1"/><G135/><REACH who="3" ten="442,202,138,208" step="2"/><T62/><D110/><U59/><E133/><V132/><F91/><W75/><AGARI ba="1,1" hai="0,6,11,20,21,22,38,41,46,49,51,75,77,81" machi="75" ten="30,8000,1" yaku="1,1,2,1,0,1,25,2,53,0" doraHai="85" doraHaiUra="115" who="3" fromWho="3" sc="442,-21,202,-41,138,-21,208,93" /><INIT seed="2,0,0,5,3,129" ten="421,161,117,301" oya="2" hai0="10,0,85,110,53,116,60,61,65,13,17,9,133" hai1="93,28,109,22,51,75,119,123,76,92,87,126,15" hai2="38,33,41,44,106,6,91,42,118,46,88,114,20" hai3="125,39,90,67,57,127,73,12,113,69,71,130,83"/><V34/><F114/><W45/><G130/><T26/><D110/><U105/><E109/><V78/><F118/><W95/><G113/><T5/><D133/><U124/><E119/><V2/><F106/><W104/><G104/><T115/><D115/><U89/><E123/><V54/><F54/><W82/><G12/><T72/><D72/><U8/><E105/><V56/><F56/><W132/><G132/><T131/><D131/><U79/><E93/><V47/><F20/><W30/><G30/><T107/><D107/><U21/><E51/><V84/><F78/><N who="1" m="29737" /><E28/><V64/><F64/><W19/><G19/><T31/><D116/><U11/><E11/><V16/><F16/><W59/><G73/><T3/><D3/><U29/><E29/><V27/><F27/><W55/><G59/><T101/><D53/><U122/><E122/><V96/><F96/><W102/><G102/><T70/><D101/><U24/><E24/><V36/><F46/><W1/><G1/><T98/><D98/><U134/><E134/><V111/><F111/><W35/><G35/><T117/><D117/><U74/><E74/><V99/><F99/><N who="3" m="57847" /><G83/><T32/><D85/><U81/><E81/><V77/><F77/><W58/><G82/><T23/><D10/><U48/><E75/><V86/><REACH who="2" step="1"/><F2/><REACH who="2" ten="421,161,107,301" step="2"/><W108/><G67/><T50/><D65/><U80/><E22/><V100/><F100/><W43/><G58/><T18/><D17/><N who="1" m="8423" /><E21/><V66/><F66/><W62/><G108/><T121/><D121/><U25/><E25/><V37/><F37/><W14/><G14/><T128/><D13/><RYUUKYOKU ba="0,1" sc="421,-15,161,-15,107,15,301,15" hai2="6,33,34,36,38,41,42,44,47,84,86,88,91" hai3="39,43,45,55,57,62,69,71,125,127" /><INIT seed="2,1,1,5,3,103" ten="406,146,122,316" oya="2" hai0="100,42,30,123,124,61,59,92,3,128,62,109,0" hai1="50,63,47,28,135,34,41,64,106,107,6,122,52" hai2="14,4,20,131,76,118,95,10,29,126,104,44,85" hai3="2,134,21,121,102,25,88,125,93,87,35,89,49"/><V68/><F118/><W90/><G121/><T5/><D123/><U74/><E74/><V58/><F68/><W1/><G35/><T72/><D72/><U36/><E6/><V48/><F104/><W70/><G70/><T91/><D100/><U57/><E122/><V53/><F126/><W77/><G125/><T94/><D5/><U23/><E34/><V114/><F114/><W39/><G39/><T45/><D30/><U55/><E55/><V31/><F131/><W46/><G134/><T110/><D42/><U117/><E117/><V16/><F44/><W33/><G33/><T75/><D45/><U127/><E135/><V133/><F133/><W80/><G102/><T67/><D75/><U9/><E9/><V111/><F111/><W27/><G27/><T51/><D128/><U37/><E37/><V11/><F11/><W18/><REACH who="3" step="1"/><G93/><REACH who="3" ten="406,146,122,306" step="2"/><T78/><D94/><U56/><REACH who="1" step="1"/><E127/><REACH who="1" ten="406,136,122,306" step="2"/><V13/><F76/><W116/><G116/><T71/><D78/><U120/><E120/><V73/><F73/><W99/><G99/><T24/><D124/><U43/><E43/><AGARI ba="1,3" hai="1,2,18,21,25,43,46,49,77,80,87,88,89,90" machi="43" ten="40,5200,0" yaku="1,1,54,1,53,1" doraHai="103" doraHaiUra="22" who="3" fromWho="1" sc="406,0,136,-55,122,0,306,85" /><INIT seed="3,0,0,5,4,3" ten="406,81,122,391" oya="3" hai0="40,29,53,25,126,69,107,99,12,23,14,82,127" hai1="106,91,79,57,89,85,112,115,43,50,49,118,41" hai2="123,110,71,30,108,129,28,16,78,73,13,8,37" hai3="111,66,24,102,95,33,101,42,98,68,62,1,75"/><W63/><G75/><T61/><D40/><U27/><E106/><V45/><F129/><W77/><G77/><T7/><D7/><U46/><E118/><V135/><F71/><W26/><G1/><T104/><D82/><U132/><E132/><V114/><F114/><W103/><G111/><N who="2" m="42537" /><F135/><W65/><G42/><T122/><D122/><U124/><E124/><V22/><F123/><W121/><G121/><T90/><D107/><U84/><E27/><N who="3" m="10282" /><G68/><T72/><D72/><U21/><E21/><V134/><F134/><W70/><G70/><T44/><D69/><U113/><E79/><V17/><F45/><W60/><G33/><T133/><D133/><U83/><E57/><V130/><F37/><W48/><G48/><N who="0" m="28807" /><D104/><U93/><REACH who="1" step="1"/><E115/><REACH who="1" ten="406,71,122,391" step="2"/><V74/><F130/><W67/><AGARI ba="0,1" hai="60,62,63,65,66,67,95,98,101,102,103" m="10282" machi="67" ten="40,2100,0" yaku="8,1" doraHai="3" who="3" fromWho="3" sc="406,-7,71,-7,122,-7,391,31" owari="399,19.9,64,-43.6,115,-28.5,422,52.2" /></mjloggm>