<mjloggm ver="2.3"><GO type="225" lobby="0"/><UN n0="%E3%81%8B%E3%82%8F%E3%81%A1%E3%82%83%E3%82%93%35%38" n1="%E6%A1%9C%E8%8A%B1%E9%96%83%E3%80%85" n2="%E6%A0%B9%E5%85%83%E3%81%8B%E3%82%89%E5%90%B9%E3%81%A3%E9%A3%9B%E3%81%B6" n3="%6D%75%75%73%61%6E%6D%75" dan="16,16,17,16" rate="2147.84,2211.28,2187.99,2095.52" sx="M,M,F,F"/><TAIKYOKU oya="0"/><INIT seed="0,0,0,3,3,3" ten="250,250,250,250" oya="0" hai0="69,116,50,110,99,22,89,102,126,127,96,132,51" hai1="125,68,17,107,49,90,81,117,121,12,93,41,1" hai2="113,26,4,129,55,124,78,65,77,5,104,48,56" hai3="122,105,14,6,8,135,133,15,9,94,44,31,74"/><T114/><D114/><U42/><E117/><V75/><F104/><W80/><G105/><T29/><D116/><U40/><E121/><V24/><F75/><W111/><G122/><T11/><D69/><U18/><E1/><V43/><F113/><W45/><G111/><T52/><D132/><N who="3" m="50761" /><G31/><T108/><D89/><U85/><E125/><N who="0" m="47625" /><D50/><U54/><E107/><V101/><F129/><W16/><G94/><T62/><D62/><U95/><E68/><V115/><F115/><W32/><G32/><T83/><D83/><U59/><REACH who="1" step="1"/><E18/><REACH who="1" ten="250,240,250,250" step="2"/><V91/><F124/><W92/><G92/><N who="0" m="58631" /><D99/><U73/><E73/><V34/><F34/><W82/><G82/><T57/><D11/><AGARI ba="0,1" hai="11,12,17,40,41,42,49,54,59,81,85,90,93,95" machi="11" ten="40,2600,0" yaku="1,1,8,1,53,0" doraHai="3" doraHaiUra="60" who="1" fromWho="0" sc="250,-26,240,36,250,0,250,0" /><INIT seed="1,0,0,1,1,108" ten="224,276,250,250" oya="1" hai0="45,10,81,105,27,74,95,17,115,46,128,35,106" hai1="14,121,112,48,9,86,127,16,18,111,130,7,22" hai2="62,76,107,19,49,110,1,94,77,36,119,4,135" hai3="97,103,25,133,96,101,28,90,102,15,56,89,34"/><U98/><E121/><V33/><F110/><W61/><G133/><T113/><D10/><U68/><E111/><V42/><F107/><N who="0" m="40970" /><D17/><U99/><E127/><V69/><F33/><W12/><G12/><T124/><D45/><U5/><E112/><N who="0" m="43081" /><D46/><U123/><E68/><V82/><F19/><W37/><G15/><T51/><D51/><U40/><E123/><V116/><F4/><N who="1" m="1609" /><E130/><V134/><F1/><W73/><G37/><T79/><D128/><U80/><E48/><V91/><F49/><W57/><G61/><T29/><D95/><U63/><E63/><V70/><F94/><W58/><G34/><T93/><D93/><U117/><E40/><V100/><F62/><W131/><G131/><T83/><D83/><U44/><E44/><V32/><F82/><W54/><G54/><T104/><N who="0" m="40978" /><T47/><DORA hai="118" /><D47/><U109/><E109/><V52/><F42/><W122/><G122/><T64/><D64/><U59/><E59/><V21/><F52/><W65/><G65/><T30/><D30/><U26/><E80/><V50/><F69/><W39/><G39/><T71/><D124/><U78/><E18/><V31/><F50/><W13/><G28/><T41/><D41/><U66/><E66/><V23/><F31/><W92/><G13/><T84/><D84/><U38/><E86/><V75/><F36/><W88/><G25/><T43/><D43/><U85/><E26/><V87/><F134/><W126/><G126/><T8/><D8/><U20/><E9/><V6/><F135/><W132/><G132/><T125/><D125/><U114/><E114/><RYUUKYOKU ba="0,0" sc="224,30,276,-10,250,-10,250,-10" hai0="27,29,35,71,74,79,81" /><INIT seed="2,1,0,3,5,122" ten="254,266,240,240" oya="2" hai0="29,8,49,134,42,126,82,108,77,100,31,117,89" hai1="3,105,97,23,124,128,40,36,69,114,118,70,56" hai2="87,103,96,17,81,61,95,78,5,62,68,65,30" hai3="135,54,83,27,127,99,33,76,93,41,6,131,84"/><V98/><F30/><W92/><G127/><T4/><D100/><U102/><E114/><V72/><F5/><W59/><G131/><T47/><D126/><U26/><E124/><V45/><F17/><W21/><G135/><T119/><D89/><U55/><E118/><N who="0" m="45065" /><D108/><U109/><E3/><V20/><F20/><W111/><G111/><T73/><D134/><U71/><E128/><V13/><F13/><AGARI ba="1,0" hai="4,8,13,29,31,42,47,49,73,77,82" m="45065" machi="13" ten="30,1000,0" yaku="12,1" doraHai="122" who="0" fromWho="2" sc="254,13,266,0,240,-13,240,0" /><INIT seed="3,0,0,5,5,51" ten="267,266,227,240" oya="3" hai0="66,28,52,60,57,5,24,122,16,17,83,130,105" hai1="84,54,43,97,12,128,6,31,44,98,126,48,46" hai2="61,117,71,35,70,4,111,68,2,47,3,22,87" hai3="1,121,94,18,27,30,7,76,11,129,13,34,85"/><W15/><G121/><T101/><D122/><U25/><E128/><V21/><F117/><W14/><G129/><T89/><D5/><U72/><E126/><V102/><F35/><W125/><G125/><T123/><D123/><U99/><E72/><V103/><F61/><W109/><G109/><T135/><D130/><U82/><E12/><V39/><F87/><W106/><G106/><T86/><D135/><U49/><E6/><V74/><F74/><W134/><G134/><T69/><D101/><N who="2" m="38410" /><F4/><W65/><G65/><T124/><D105/><U10/><E10/><V62/><F62/><W92/><REACH who="3" step="1"/><G18/><REACH who="3" ten="267,266,227,230" step="2"/><T119/><D124/><U23/><E98/><V93/><F111/><W77/><G77/><AGARI ba="0,1" hai="23,25,31,43,44,46,48,49,54,77,82,84,97,99" machi="77" ten="30,3900,0" yaku="7,1,8,1,52,1" doraHai="51" who="1" fromWho="3" sc="267,0,266,49,227,0,230,-39" owari="267,6.7,315,41.5,227,-17.3,191,-30.9" /></mjloggm>