<mjloggm ver="2.3"><GO type="225" lobby="0"/><UN n0="%E3%81%8D%E3%82%85%E3%81%86" n1="%E3%80%93%E3%81%97%E3%83%BC%E3%82%89%E3%80%93" n2="%E3%81%B5%E3%81%98%E3%81%8B%E3%81%A4" n3="%E6%B8%A9%E2%98%85%E6%83%85%E2%98%85%E6%8E%AA%E2%98%85%E7%BD%AE" dan="16,16,16,17" rate="2067.32,2080.71,2188.96,2232.70" sx="M,M,M,M"/><TAIKYOKU oya="0"/><INIT seed="0,0,0,1,5,62" ten="250,250,250,250" oya="0" hai0="82,40,57,81,75,71,59,133,100,64,113,131,26" hai1="104,94,16,31,134,72,95,90,58,125,35,116,56" hai2="74,80,21,83,118,108,25,107,7,111,6,106,33" hai3="98,4,87,0,115,24,11,1,3,79,86,135,17"/><T76/><D113/><U120/><E104/><N who="2" m="39979" /><F33/><W12/><G115/><T128/><D133/><U129/><E134/><V101/><F101/><W36/><G36/><T112/><D112/><U91/><E72/><V130/><F74/><W27/><G135/><T89/><D100/><U121/><E116/><V109/><F118/><W45/><G98/><T44/><D26/><U124/><E35/><V123/><F123/><W38/><G79/><T14/><D14/><U10/><E10/><V15/><F130/><N who="0" m="49706" /><D82/><N who="2" m="31274" /><F15/><W34/><G27/><T70/><D89/><U32/><E32/><V30/><AGARI ba="0,0" hai="6,7,21,25,30,108,109,111" m="31274,39979" machi="30" ten="40,1500,0" yaku="14,1" doraHai="62" who="2" fromWho="2" sc="250,-7,250,-4,250,15,250,-4" /><INIT seed="1,0,0,4,2,128" ten="243,246,265,246" oya="1" hai0="30,108,95,130,45,135,20,34,60,78,82,17,114" hai1="87,123,106,116,111,26,74,43,98,75,105,113,100" hai2="33,133,52,48,117,112,2,126,88,55,19,76,59" hai3="104,72,110,51,3,8,80,121,23,84,24,61,94"/><U85/><E43/><V79/><F117/><W32/><G121/><T120/><D114/><U49/><E49/><N who="2" m="31119" /><F133/><W71/><G104/><N who="1" m="40042" /><E26/><V124/><F33/><W53/><G32/><T83/><D130/><U31/><E31/><V9/><F2/><W107/><G107/><T40/><D108/><U29/><E29/><V27/><F112/><W58/><G110/><T102/><D60/><U54/><E54/><V16/><F124/><W0/><G94/><T57/><D57/><U15/><E15/><N who="2" m="7279" /><F126/><W129/><G72/><N who="1" m="27690" /><E111/><V39/><F39/><W92/><G129/><T91/><D135/><U46/><E113/><V101/><F101/><W4/><G0/><T93/><D102/><U81/><E116/><V65/><F65/><W18/><G71/><T42/><D34/><U99/><E123/><V28/><F28/><W103/><G103/><T35/><D30/><U118/><E118/><V41/><F41/><W115/><G115/><T37/><D35/><U63/><E100/><V11/><F27/><W25/><G25/><T66/><D42/><U50/><E63/><V90/><F19/><W97/><G61/><T47/><D120/><U134/><E134/><V132/><F132/><W13/><G3/><T119/><D119/><U69/><E69/><V64/><F11/><W122/><G122/><T62/><D17/><U21/><E21/><V12/><F12/><W56/><G18/><T77/><D62/><U68/><E68/><V36/><F36/><W14/><G56/><T7/><D37/><U22/><E22/><V70/><F70/><W1/><G23/><T10/><D20/><RYUUKYOKU ba="0,0" sc="243,0,246,0,265,0,246,0" /><INIT seed="2,1,0,4,4,82" ten="243,246,265,246" oya="2" hai0="4,18,107,44,16,22,9,132,1,111,79,92,28" hai1="33,6,56,63,43,40,109,50,13,119,98,17,32" hai2="46,66,113,134,103,125,67,110,114,94,58,86,74" hai3="25,45,75,105,106,84,39,55,104,73,87,5,126"/><V57/><F74/><W93/><G126/><T7/><D107/><U133/><E119/><V100/><F125/><W70/><G70/><T38/><D111/><U85/><E109/><V30/><F110/><W115/><G115/><T117/><D117/><U42/><E133/><V102/><F134/><W130/><G130/><T69/><D69/><U48/><E6/><V64/><F30/><W35/><G5/><T127/><D127/><U120/><E120/><V122/><F122/><W27/><G93/><T10/><D92/><U52/><E98/><V8/><F8/><W47/><G55/><T112/><D132/><U19/><E19/><V60/><F46/><N who="3" m="17419" /><G35/><T83/><D112/><U121/><E121/><V59/><F60/><W68/><G39/><T11/><D11/><U118/><E118/><V91/><AGARI ba="1,0" hai="57,58,59,64,66,67,86,91,94,100,102,103,113,114" machi="91" ten="40,12000,1" yaku="0,1,29,2,52,1" doraHai="82" who="2" fromWho="2" sc="243,-41,246,-41,265,123,246,-41" /><INIT seed="2,2,0,2,4,11" ten="202,205,388,205" oya="2" hai0="83,70,29,123,79,101,96,119,99,64,93,16,134" hai1="31,30,44,103,60,13,98,82,105,124,75,17,132" hai2="47,55,10,102,32,61,43,77,73,116,76,107,6" hai3="69,111,18,26,66,21,48,65,120,45,54,57,115"/><V125/><F116/><W114/><G120/><T128/><D123/><U28/><E124/><V89/><F32/><W63/><G111/><T94/><D128/><U58/><E132/><V131/><F89/><W97/><G97/><T108/><D108/><U86/><E75/><V95/><F95/><W25/><G25/><T113/><D113/><N who="3" m="43017" /><G66/><T53/><D29/><U34/><E44/><AGARI ba="2,0" hai="18,21,26,44,45,48,54,57,63,65,69" m="43017" machi="44" ten="30,1000,0" yaku="11,1" doraHai="11" who="3" fromWho="1" sc="202,0,205,-16,388,0,205,16" /><INIT seed="3,0,0,1,0,122" ten="202,189,388,221" oya="3" hai0="71,2,9,20,22,89,117,3,74,1,108,4,17" hai1="45,56,83,62,103,41,87,30,13,81,86,23,38" hai2="27,11,135,66,121,127,107,15,132,84,119,26,25" hai3="115,34,102,39,47,128,5,28,126,133,0,134,21"/><W130/><G102/><T12/><D71/><U72/><E103/><V33/><F84/><W112/><G34/><T60/><D74/><U111/><E111/><V110/><F66/><W95/><G95/><T7/><D108/><U32/><E32/><V96/><F107/><W50/><G39/><T91/><D117/><U100/><E100/><V88/><F96/><W76/><G76/><T6/><D60/><U94/><E72/><V37/><F88/><W64/><G64/><T24/><REACH who="0" step="1"/><D22/><REACH who="0" ten="192,189,388,221" step="2"/><U54/><E94/><V79/><F110/><W67/><G21/><T44/><D44/><U73/><E73/><V69/><F33/><W16/><G47/><T10/><D10/><U14/><E83/><V46/><F11/><W58/><G115/><T85/><D85/><U90/><REACH who="1" step="1"/><E87/><REACH who="1" ten="192,179,388,221" step="2"/><V57/><F119/><W68/><G112/><T131/><D131/><U29/><E29/><AGARI ba="0,2" hai="1,2,3,4,6,7,9,12,17,20,24,29,89,91" machi="29" ten="50,1600,0" yaku="1,1,53,0" doraHai="122" doraHaiUra="61" who="0" fromWho="1" sc="192,36,179,-16,388,0,221,0" owari="228,2.8,163,-33.7,388,48.8,221,-17.9" /></mjloggm>