<mjloggm ver="2.3"><GO type="225" lobby="0"/><UN n0="%E5%AE%AE%E4%BF%9D%E9%B6%8F%E8%82%89" n1="%E6%97%A5%E6%9B%9C%E6%97%A5%E3%82%88%E3%82%8A%E3%81%AE%E4%BD%BF%E8%80%85" n2="%70%68%65%6E%6F%6D%65" n3="%E6%80%AA%E3%81%97%E3%81%99%E3%81%8E%E3%82%8B%E3%83%81%E3%83%BC" dan="16,17,16,16" rate="2132.30,2154.17,2142.04,2177.36" sx="M,M,M,M"/><TAIKYOKU oya="0"/><INIT seed="0,0,0,5,1,13" ten="250,250,250,250" oya="0" hai0="38,49,113,5,114,45,64,106,34,39,55,44,26" hai1="126,58,82,101,87,4,41,61,25,92,22,15,43" hai2="77,88,112,56,111,102,135,31,131,71,125,127,62" hai3="19,57,11,89,2,27,108,32,78,50,73,54,59"/><T42/><D106/><U119/><E119/><V74/><F112/><N who="0" m="43114" /><D5/><U68/><E68/><V124/><F111/><W70/><G108/><T63/><D26/><U130/><E126/><V75/><F131/><W37/><G70/><N who="0" m="42271" /><D34/><U86/><E130/><V105/><F135/><W0/><G37/><AGARI ba="0,0" hai="37,38,39,42,44,45,49,55" m="42271,43114" machi="37" ten="30,2900,0" yaku="34,2" doraHai="13" who="0" fromWho="3" sc="250,29,250,0,250,0,250,-29" /><INIT seed="0,1,0,4,0,33" ten="279,250,250,221" oya="0" hai0="32,92,61,96,6,10,13,103,121,11,79,113,40" hai1="131,133,132,41,48,124,65,107,104,64,1,77,89" hai2="122,52,38,8,73,102,54,127,35,129,39,0,4" hai3="53,26,82,123,20,83,62,86,14,105,87,134,29"/><T5/><D113/><U25/><E77/><V22/><F122/><W49/><G105/><N who="1" m="40522" /><E25/><V36/><F35/><W68/><G134/><N who="1" m="51818" /><E124/><V2/><F127/><W47/><G123/><T125/><D121/><U66/><E131/><V51/><F129/><W9/><G68/><T43/><D32/><U63/><E89/><V97/><F73/><W110/><G62/><T67/><D79/><U19/><E19/><V57/><F22/><W130/><G110/><T88/><D103/><U81/><E81/><V111/><F111/><W106/><G106/><T90/><D90/><U95/><E95/><V117/><F117/><W120/><G130/><T60/><D60/><U24/><E24/><V50/><F102/><W84/><REACH who="3" step="1"/><G120/><REACH who="3" ten="279,250,250,211" step="2"/><T108/><D108/><U31/><E31/><V45/><REACH who="2" step="1"/><F97/><REACH who="2" ten="279,250,240,211" step="2"/><W7/><AGARI ba="1,2" hai="7,9,14,20,26,29,47,49,53,82,83,84,86,87" machi="7" ten="30,7900,0" yaku="1,1,2,1,0,1,8,1,53,0" doraHai="33" doraHaiUra="98" who="3" fromWho="3" sc="279,-40,250,-21,240,-21,211,102" /><INIT seed="1,0,0,2,2,109" ten="239,229,219,313" oya="1" hai0="85,76,11,37,73,100,59,98,120,93,127,88,62" hai1="23,125,66,16,112,25,21,114,86,42,102,68,40" hai2="128,103,31,3,24,72,38,2,27,79,18,97,6" hai3="71,90,41,58,116,57,33,118,13,56,14,74,99"/><U39/><E125/><V48/><F38/><W113/><G113/><T54/><D37/><U134/><E134/><V81/><F128/><W34/><G71/><T9/><D120/><U4/><E4/><V111/><F111/><W104/><G74/><T7/><D127/><U119/><E119/><N who="3" m="45610" /><G41/><T60/><D60/><U0/><E0/><V77/><F79/><W12/><G90/><T22/><D22/><U67/><E102/><AGARI ba="0,0" hai="12,13,14,33,34,56,57,58,99,102,104" m="45610" machi="102" ten="40,1300,0" yaku="12,1" doraHai="109" who="3" fromWho="1" sc="239,0,229,-13,219,0,313,13" /><INIT seed="2,0,0,2,5,10" ten="239,216,219,326" oya="2" hai0="45,26,18,35,113,17,9,48,86,94,87,110,47" hai1="60,78,79,111,34,118,104,0,117,44,98,54,28" hai2="41,122,127,2,82,22,107,112,109,100,95,49,102" hai3="83,77,69,106,92,25,12,11,120,21,119,37,76"/><V7/><F112/><W8/><G106/><T97/><D113/><U1/><E34/><V75/><F2/><W50/><G37/><T31/><D110/><U73/><E28/><V15/><F122/><W67/><G119/><N who="1" m="45578" /><E78/><V68/><F68/><W99/><G50/><T29/><D29/><U53/><E54/><V65/><F65/><W46/><G46/><T72/><D47/><U70/><E53/><V40/><F107/><W116/><G120/><T89/><D72/><U85/><E85/><V123/><F123/><W74/><G77/><T128/><D128/><U58/><E58/><V126/><F109/><W56/><G69/><T91/><D9/><U57/><E57/><V66/><F66/><W30/><G12/><T132/><D132/><U32/><E44/><N who="2" m="25735" /><F41/><W133/><G133/><T13/><D17/><U4/><E32/><V20/><F82/><W14/><G14/><T5/><D5/><U61/><E4/><V64/><F64/><W16/><G16/><T52/><D91/><U71/><E61/><V24/><F75/><W38/><G38/><T88/><D89/><U81/><E111/><V130/><F130/><W63/><G116/><T84/><D84/><U6/><E60/><V3/><F3/><N who="1" m="1097" /><E6/><V108/><F108/><W134/><G134/><T90/><D90/><AGARI ba="0,0" hai="8,11,21,25,30,56,63,67,74,76,83,90,92,99" machi="90" ten="30,1000,0" yaku="7,1" doraHai="10" who="3" fromWho="0" sc="239,-10,216,0,219,0,326,10" /><INIT seed="3,0,0,4,1,99" ten="229,216,219,336" oya="3" hai0="135,72,64,8,47,79,63,48,119,83,39,11,62" hai1="13,56,134,49,4,98,122,107,85,105,55,36,53" hai2="1,32,76,95,90,58,86,82,44,18,115,54,19" hai3="103,112,127,84,30,129,104,97,2,118,121,89,0"/><W20/><G129/><T131/><D39/><U17/><E122/><V28/><F115/><W40/><G127/><T3/><D119/><U52/><E36/><V113/><F113/><W14/><G40/><T73/><D73/><U78/><E134/><V109/><F1/><W69/><G69/><T29/><D135/><U59/><E107/><V132/><F132/><W88/><G118/><T74/><D74/><U116/><E116/><V50/><F109/><W9/><G89/><T57/><D3/><U111/><E111/><V77/><F32/><W126/><G126/><T10/><D29/><U108/><E108/><V94/><F28/><W125/><G121/><T61/><REACH who="0" step="1"/><D131/><REACH who="0" ten="219,216,219,336" step="2"/><U12/><E105/><V60/><F94/><N who="3" m="58807" /><G125/><T6/><D6/><U68/><E68/><V35/><F35/><W45/><G2/><T91/><D91/><U130/><E130/><V25/><F77/><W51/><G88/><T80/><D80/><N who="1" m="47255" /><E4/><V71/><F71/><W93/><G30/><T87/><D87/><U110/><E110/><V65/><F95/><W114/><G84/><T124/><D124/><U70/><E70/><V15/><F76/><W37/><G93/><T7/><D7/><U27/><E98/><V81/><F82/><W5/><G104/><T101/><D101/><U106/><E106/><V120/><F120/><W42/><G37/><T96/><D96/><U24/><E12/><V33/><F15/><W66/><G14/><T21/><D21/><N who="1" m="11439" /><E59/><V123/><F123/><W22/><G112/><T38/><D38/><U26/><AGARI ba="0,1" hai="24,26,27,49,52,53,55,56" m="11439,47255" machi="26" ten="30,2000,0" yaku="8,1,54,1" doraHai="99" who="1" fromWho="1" sc="219,-5,216,30,219,-5,336,-10" owari="214,-18.6,246,4.6,214,-28.6,326,42.6" /></mjloggm>