<mjloggm ver="2.3"><GO type="225" lobby="0"/><UN n0="%E3%83%AD%E3%83%83%E3%83%86%E9%9B%80%E7%90%83" n1="%E3%81%A1%E3%82%85%E3%81%86%E3%81%A9%E3%81%8F%E8%B1%A1%E3%81%95%E3%82%93" n2="%E3%81%A9%E3%82%8F%E3%82%93%E3%81%94" n3="%E3%81%9F%E3%81%A3%E3%81%A1%E3%82%87" dan="17,16,16,16" rate="2181.02,2150.78,2173.66,2114.94" sx="M,M,M,M"/><TAIKYOKU oya="0"/><INIT seed="0,0,0,3,4,22" ten="250,250,250,250" oya="0" hai0="28,45,11,105,14,80,76,84,47,119,19,17,31" hai1="24,46,129,89,112,100,35,32,95,34,36,72,21" hai2="96,94,85,122,27,10,99,7,26,37,64,41,110" hai3="127,104,114,90,60,87,71,29,63,74,3,117,38"/><T55/><D119/><U2/><E2/><V6/><F122/><W118/><G38/><T107/><D107/><U61/><E72/><V133/><F37/><W111/><G111/><T98/><D105/><U73/><E73/><V93/><F110/><W116/><G74/><T18/><D98/><U113/><E100/><V79/><F133/><W4/><G114/><N who="1" m="44138" /><E129/><V59/><F41/><W106/><G127/><T25/><D31/><N who="1" m="17807" /><E61/><N who="2" m="37951" /><F99/><W97/><G60/><T5/><REACH who="0" step="1"/><D55/><REACH who="0" ten="240,250,250,250" step="2"/><U52/><E35/><AGARI ba="0,1" hai="5,11,14,17,18,19,25,28,35,45,47,76,80,84" machi="35" ten="40,18000,2" yaku="1,1,2,1,52,1,53,3" doraHai="22" doraHaiUra="12" who="0" fromWho="1" sc="240,190,250,-180,250,0,250,0" /><INIT seed="0,1,0,2,5,3" ten="430,70,250,250" oya="0" hai0="116,56,72,29,73,94,49,74,20,123,135,110,112" hai1="9,102,44,83,24,15,16,58,17,98,106,6,14" hai2="19,65,93,119,76,47,75,81,35,80,100,40,131" hai3="122,108,129,99,42,45,113,67,25,4,50,2,34"/><T120/><D112/><U69/><E69/><V121/><F131/><W39/><G113/><T117/><D20/><U101/><E101/><V5/><F121/><W13/><G122/><N who="0" m="46635" /><D49/><U134/><E134/><V32/><F119/><W55/><G99/><T66/><D56/><U11/><E83/><V8/><F19/><W54/><G108/><T46/><D46/><U105/><E58/><V26/><F81/><W84/><G129/><T92/><D66/><U30/><E44/><V127/><F127/><W104/><G67/><T132/><D29/><U7/><REACH who="1" step="1"/><E105/><REACH who="1" ten="430,60,250,250" step="2"/><V59/><F59/><W90/><G104/><T96/><D135/><U107/><E107/><V88/><F100/><W64/><G45/><T79/><D132/><U22/><AGARI ba="1,1" hai="6,7,9,11,14,15,16,17,22,24,30,98,102,106" machi="22" ten="20,12000,2" yaku="1,1,0,1,7,1,9,1,52,2,54,1,53,0" doraHai="3" doraHaiUra="41" who="1" fromWho="1" sc="430,-61,60,133,250,-31,250,-31" /><INIT seed="1,0,0,3,2,71" ten="369,193,219,219" oya="1" hai0="55,51,108,107,11,9,59,93,98,97,67,40,83" hai1="102,49,112,39,86,73,128,50,105,111,45,18,31" hai2="37,125,15,19,129,120,60,106,131,116,78,3,66" hai3="46,48,103,13,23,130,109,123,81,75,114,1,53"/><U72/><E112/><V127/><F120/><W43/><G123/><T58/><D108/><U64/><E31/><V21/><F106/><W63/><G114/><T24/><D107/><U30/><E30/><V124/><F3/><W65/><G109/><T16/><D40/><U62/><E111/><V95/><F116/><W42/><G130/><N who="2" m="49673" /><F78/><W44/><G1/><T2/><D2/><U17/><E128/><V29/><F29/><W115/><G103/><T135/><D135/><U8/><E86/><V113/><F95/><W6/><G115/><T4/><D83/><U12/><E18/><V74/><F74/><W84/><G75/><T79/><D79/><U47/><E102/><V26/><F26/><W36/><G53/><T7/><D67/><U57/><E105/><V88/><F88/><W54/><G54/><T22/><D59/><U96/><E96/><N who="0" m="36969" /><D93/><U56/><E56/><N who="2" m="37127" /><F113/><W34/><G34/><T25/><D24/><U77/><E77/><V90/><F90/><W126/><G6/><AGARI ba="0,0" hai="4,6,7,9,11,16,22,25,51,55,58" m="36969" machi="6" ten="30,2000,0" yaku="8,1,54,1" doraHai="71" who="0" fromWho="3" sc="369,20,193,0,219,0,219,-20" /><INIT seed="2,0,0,1,5,69" ten="389,193,219,199" oya="2" hai0="2,53,34,99,109,22,37,30,91,49,96,64,125" hai1="29,28,61,122,105,101,43,97,59,48,88,75,119" hai2="126,135,25,9,60,21,19,100,57,84,117,65,6" hai3="133,121,83,74,0,131,23,36,10,13,33,103,72"/><V66/><F117/><W14/><G121/><T51/><D37/><U20/><E119/><V111/><F135/><W120/><G33/><T56/><D34/><U77/><E122/><V35/><F126/><W11/><G120/><T32/><D32/><U12/><E75/><V38/><F35/><W116/><G116/><T118/><D2/><U134/><E134/><V93/><F111/><W79/><G133/><T18/><D109/><U55/><E77/><V114/><F38/><W27/><G36/><T40/><D30/><U67/><E43/><V92/><F114/><W1/><G131/><T85/><D64/><U90/><E28/><V58/><F100/><W129/><G103/><T110/><D125/><U68/><REACH who="1" step="1"/><E12/><REACH who="1" ten="389,183,219,199" step="2"/><N who="2" m="5175" /><F84/><W26/><G129/><T63/><D40/><U104/><E104/><V87/><F87/><W132/><G132/><T130/><D130/><U106/><E106/><V44/><F44/><W78/><REACH who="3" step="1"/><G83/><REACH who="3" ten="389,183,219,189" step="2"/><T127/><D110/><U124/><E124/><V82/><F82/><W54/><G54/><T52/><D52/><U108/><E108/><V70/><F93/><W89/><G89/><T107/><D91/><U94/><E94/><V4/><F92/><W123/><G123/><T7/><D127/><U16/><E16/><V24/><F19/><W17/><G17/><T113/><D18/><U62/><E62/><V50/><F60/><W3/><G3/><T41/><D63/><U15/><E15/><V98/><F25/><AGARI ba="0,2" hai="20,25,29,48,55,59,61,67,68,88,90,97,101,105" machi="25" ten="40,5200,0" yaku="1,1,54,1,53,1" doraHai="69" doraHaiUra="47" who="1" fromWho="2" sc="389,0,183,72,219,-52,189,0" /><INIT seed="3,0,0,1,0,106" ten="389,255,167,189" oya="3" hai0="54,114,72,134,115,0,131,122,7,135,50,91,83" hai1="31,22,69,65,5,42,113,64,36,55,130,120,127" hai2="29,133,19,39,44,6,62,97,78,53,128,41,123" hai3="109,34,119,3,24,27,28,74,37,129,58,4,57"/><W23/><G119/><T116/><D122/><U21/><E113/><N who="0" m="43017" /><D131/><U30/><E69/><V94/><F128/><W33/><G57/><T52/><D116/><U100/><E100/><V12/><F123/><W40/><G24/><T81/><D54/><U71/><E71/><V87/><F133/><W15/><G15/><T20/><D20/><U80/><E5/><V84/><F29/><W125/><G4/><T98/><D98/><U60/><E55/><V121/><F6/><W117/><G37/><T103/><D103/><U96/><E96/><V126/><F126/><W11/><G125/><T8/><D91/><U89/><E42/><V16/><F121/><W35/><G40/><T111/><D111/><U66/><E36/><V47/><F78/><W77/><G109/><T132/><D72/><U13/><E127/><V82/><F82/><W61/><G117/><T49/><D49/><U38/><E120/><V25/><F25/><W73/><G27/><T99/><D99/><U56/><E38/><V104/><F104/><W68/><G129/><T26/><D26/><U48/><E130/><V95/><F19/><W1/><G28/><N who="1" m="10794" /><E48/><N who="2" m="28831" /><F62/><W45/><G61/><T14/><D0/><U118/><E118/><V110/><F110/><W63/><G1/><T88/><D88/><U86/><E13/><V67/><F67/><N who="3" m="39415" /><G77/><T105/><D105/><U102/><E102/><N who="2" m="60727" /><F95/><W124/><G68/><T51/><D51/><U9/><E9/><N who="2" m="6159" /><F39/><W18/><G45/><AGARI ba="0,0" hai="7,8,14,45,50,52,81,83,132,134,135" m="43017" machi="45" ten="40,5200,0" yaku="20,1,11,1,54,1" doraHai="106" who="0" fromWho="3" sc="389,52,255,0,167,0,189,-52" owari="441,54.1,255,5.5,167,-23.3,137,-36.3" /></mjloggm>