<mjloggm ver="2.3"><GO type="225" lobby="0"/><UN n0="%6D%75%75%6D%75%72%61" n1="%E3%82%82%E3%81%90%E3%82%89" n2="%E3%81%95%E3%81%8D%E3%81%9F%E3%81%BE%E6%9E%97%E6%AA%8E" n3="%74%61%6B%75%61%6B%61" dan="16,16,16,17" rate="2166.05,2207.01,2067.73,2225.50" sx="F,M,M,M"/><TAIKYOKU oya="0"/><INIT seed="0,0,0,5,2,13" ten="250,250,250,250" oya="0" hai0="84,33,11,88,44,57,25,116,12,95,93,127,68" hai1="52,73,108,81,48,99,106,1,112,110,65,78,49" hai2="67,103,82,41,30,37,46,51,96,113,121,123,89" hai3="34,118,90,53,124,80,40,23,15,56,83,114,102"/><T42/><D68/><U77/><E112/><V87/><F113/><W7/><G34/><T20/><D116/><U101/><E1/><V122/><F30/><W38/><G114/><T128/><D128/><U86/><E65/><V31/><F31/><W97/><G118/><T71/><D71/><U126/><E48/><V58/><F67/><W16/><G124/><T17/><D57/><U64/><E64/><V36/><REACH who="2" step="1"/><F58/><REACH who="2" ten="250,250,240,250" step="2"/><W135/><G135/><T115/><D115/><U92/><E126/><V72/><F72/><W105/><G7/><T119/><D33/><U24/><E73/><V69/><F69/><W120/><G120/><T98/><D127/><U133/><E133/><V6/><F6/><W100/><G100/><T130/><D119/><U14/><E101/><V85/><F85/><W2/><G2/><T111/><D130/><U50/><E86/><V79/><F79/><W27/><G90/><T0/><D0/><U4/><E78/><V39/><F39/><W5/><G38/><T22/><D111/><U9/><E77/><V28/><F28/><W125/><G125/><T131/><D131/><U59/><E110/><V91/><F91/><W29/><G5/><T10/><D84/><U19/><E4/><V134/><F134/><W8/><REACH who="3" step="1"/><G40/><REACH who="3" ten="250,250,240,240" step="2"/><T47/><D42/><U109/><E108/><V55/><F55/><W3/><G3/><T60/><D88/><N who="1" m="55687" /><E52/><V62/><F62/><AGARI ba="0,2" hai="8,15,16,23,27,29,53,56,62,80,83,97,102,105" machi="62" ten="30,7700,0" yaku="1,1,7,1,52,1,54,1,53,0" doraHai="13" doraHaiUra="74" who="3" fromWho="2" sc="250,0,250,0,240,-77,240,97" /><INIT seed="1,0,0,2,3,16" ten="250,250,163,337" oya="1" hai0="38,28,41,61,104,127,117,105,21,50,9,20,17" hai1="131,92,119,53,99,121,13,7,10,100,37,22,123" hai2="114,109,111,45,95,130,73,54,82,74,27,112,101" hai3="40,4,96,75,62,34,107,57,69,126,72,43,1"/><U55/><E119/><V113/><F54/><W48/><G34/><T66/><D117/><U122/><E37/><V14/><F45/><W68/><G126/><T98/><D38/><U86/><E131/><V18/><F27/><W84/><G84/><T35/><D127/><U39/><E39/><V93/><F14/><W102/><G68/><T33/><D9/><U110/><E110/><N who="2" m="41995" /><F18/><W77/><G69/><N who="0" m="42191" /><D17/><U59/><E59/><V81/><F130/><W87/><G87/><T3/><D105/><U49/><E49/><V132/><F132/><W118/><G118/><T80/><D80/><N who="2" m="30826" /><F101/><W135/><G48/><T2/><D35/><U91/><REACH who="1" step="1"/><E22/><REACH who="1" ten="250,240,163,337" step="2"/><V23/><F23/><W52/><G57/><T5/><D21/><U46/><E46/><V26/><F26/><W89/><G135/><T71/><D20/><U44/><E44/><V67/><F67/><W94/><G62/><T51/><D51/><U115/><E115/><V63/><F63/><W88/><G40/><T58/><D41/><U36/><E36/><V85/><F85/><W125/><G43/><T42/><D42/><U133/><E133/><V103/><F103/><W47/><G102/><T0/><D50/><U106/><AGARI ba="0,1" hai="7,10,13,53,55,86,91,92,99,100,106,121,122,123" machi="106" ten="30,3000,0" yaku="1,1,0,1,53,0" doraHai="16" doraHaiUra="25" who="1" fromWho="1" sc="250,-10,240,40,163,-10,337,-10" /><INIT seed="1,1,0,4,5,110" ten="240,280,153,327" oya="1" hai0="95,77,44,119,72,122,100,19,117,27,47,134,81" hai1="76,131,16,74,3,64,11,10,101,130,78,9,96" hai2="79,62,58,24,23,133,118,15,111,40,35,128,90" hai3="56,121,68,125,112,98,86,36,55,107,91,92,84"/><U99/><E64/><V26/><F111/><W54/><G68/><T20/><D134/><U39/><E39/><V94/><F133/><W75/><G36/><T50/><D122/><U21/><E3/><V46/><F128/><N who="1" m="49193" /><E74/><V73/><F118/><W102/><G121/><T132/><D132/><U82/><E82/><V5/><F35/><W14/><G125/><T2/><D2/><U49/><E49/><V41/><F73/><W67/><G75/><T106/><D106/><N who="1" m="63783" /><E99/><V4/><F79/><W61/><G112/><T28/><D100/><U42/><E42/><V80/><F80/><W37/><G37/><T8/><D95/><U103/><E103/><V43/><F46/><W33/><G33/><T124/><D47/><U71/><E71/><V53/><F94/><W108/><G108/><T45/><D45/><U0/><E0/><V13/><F90/><W57/><G84/><T120/><D124/><U18/><E18/><V51/><F51/><W63/><G14/><AGARI ba="1,0" hai="9,10,11,14,16,21,76,78" m="63783,49193" machi="14" ten="30,2900,0" yaku="19,1,54,1" doraHai="110" who="1" fromWho="3" sc="240,0,280,32,153,0,327,-32" /><INIT seed="1,2,0,5,3,86" ten="240,312,153,295" oya="1" hai0="13,90,108,66,36,126,27,134,50,128,73,120,5" hai1="111,71,24,14,34,109,79,28,81,125,114,69,2" hai2="58,41,8,17,35,48,23,132,110,59,21,113,99" hai3="103,61,93,97,78,16,112,32,1,92,56,130,101"/><U98/><E2/><V135/><F110/><N who="1" m="41993" /><E114/><V43/><F35/><W95/><G112/><T85/><D36/><U0/><E0/><V12/><F113/><W91/><G130/><T63/><D108/><U52/><E125/><V87/><F99/><N who="3" m="59647" /><G32/><T124/><D73/><N who="1" m="43247" /><E14/><V10/><F87/><N who="3" m="52351" /><G1/><T51/><D128/><U89/><E52/><V11/><F11/><W6/><G6/><T105/><D5/><U47/><E47/><V70/><F12/><W57/><G78/><T45/><D13/><U94/><AGARI ba="2,0" hai="24,28,34,69,71,89,94,98" m="43247,41993" machi="94" ten="30,6000,0" yaku="14,1,10,1,52,1" doraHai="86" who="1" fromWho="1" sc="240,-22,312,66,153,-22,295,-22" /><INIT seed="1,3,0,0,2,87" ten="218,378,131,273" oya="1" hai0="66,32,94,16,29,39,19,2,91,41,37,114,121" hai1="17,12,52,102,107,104,103,69,11,128,42,79,89" hai2="84,118,90,26,110,71,105,135,92,14,38,83,51" hai3="36,113,123,33,73,132,77,50,126,97,64,116,28"/><U108/><E69/><V46/><F110/><W75/><G50/><T133/><D114/><U106/><E128/><V63/><F135/><W93/><G64/><T125/><D133/><U134/><E134/><V74/><F118/><W48/><G48/><T72/><D2/><U101/><E42/><V115/><F115/><W122/><G28/><T34/><D72/><U54/><E108/><V21/><F38/><W40/><G40/><T60/><D125/><U65/><E65/><V13/><F105/><W86/><G33/><T58/><D121/><N who="3" m="46089" /><G36/><T117/><D117/><U99/><REACH who="1" step="1"/><E79/><REACH who="1" ten="218,368,131,273" step="2"/><V56/><F71/><W0/><G132/><T6/><D66/><U129/><E129/><V25/><F25/><W3/><G77/><T47/><D41/><U44/><E44/><V96/><F74/><W20/><G73/><T55/><D47/><U67/><E67/><V112/><F112/><W27/><G75/><T53/><D53/><U5/><E5/><V85/><F46/><W78/><G78/><T4/><D4/><U24/><E24/><V119/><F26/><W120/><G113/><T68/><D6/><U81/><E81/><V43/><F83/><W61/><G120/><T31/><D68/><U88/><E88/><V109/><F90/><W7/><G7/><T82/><D82/><U23/><E23/><V9/><F43/><W76/><G20/><T95/><D91/><U45/><E45/><V49/><F21/><W100/><G27/><T98/><D55/><U18/><E18/><V22/><F22/><W127/><G76/><T131/><D131/><U59/><E59/><RYUUKYOKU ba="3,1" sc="218,-10,368,30,131,-10,273,-10" hai1="11,12,17,52,54,89,99,101,102,103,104,106,107" /><INIT seed="1,4,1,0,1,73" ten="208,398,121,263" oya="1" hai0="22,47,68,49,128,45,42,28,83,4,12,24,39" hai1="21,44,66,0,88,92,23,69,115,5,135,36,76" hai2="107,132,89,101,27,46,117,90,6,7,43,2,134" hai3="53,13,37,58,9,56,59,78,31,64,91,95,77"/><U129/><E115/><V41/><F117/><W111/><G111/><T72/><D128/><U16/><E69/><V29/><F107/><W112/><G112/><T60/><D4/><N who="2" m="1578" /><F101/><W119/><G37/><T80/><D12/><U11/><E66/><V50/><F43/><W96/><G119/><T124/><D124/><U57/><E57/><N who="3" m="22122" /><G64/><T86/><D72/><U33/><E33/><V118/><F118/><W35/><G31/><T55/><REACH who="0" step="1"/><D86/><REACH who="0" ten="198,398,121,263" step="2"/><U105/><E129/><V110/><F2/><W98/><G98/><T108/><D108/><U3/><E3/><V127/><F127/><W75/><G75/><T104/><D104/><U97/><E105/><V125/><F125/><W106/><G106/><T65/><AGARI ba="4,2" hai="22,24,28,39,42,45,47,49,55,60,65,68,80,83" machi="65" ten="30,4000,0" yaku="1,1,0,1,53,1" doraHai="73" doraHaiUra="70" who="0" fromWho="0" sc="198,72,398,-24,121,-14,263,-14" /><INIT seed="2,0,0,1,4,73" ten="270,374,107,249" oya="2" hai0="19,14,101,5,40,47,16,17,71,75,1,56,133" hai1="80,55,64,132,125,108,123,41,118,13,115,31,112" hai2="77,51,21,122,70,113,15,22,62,102,111,18,127" hai3="2,114,92,95,60,26,30,4,0,58,27,36,67"/><V44/><F113/><W49/><G36/><T103/><D71/><U45/><E118/><V69/><F122/><W8/><G114/><T68/><D68/><U81/><E64/><V38/><F38/><W57/><G0/><T83/><D133/><U48/><E132/><V25/><F127/><W33/><G49/><T78/><D56/><U65/><E65/><V29/><F111/><W10/><G57/><T74/><D74/><U52/><E108/><V63/><F70/><W116/><G116/><T35/><D35/><U134/><E134/><V46/><F69/><W120/><G120/><T96/><D14/><U42/><E123/><V84/><F102/><W93/><G8/><N who="0" m="2095" /><D96/><U107/><E107/><V97/><F97/><W100/><REACH who="3" step="1"/><G26/><REACH who="3" ten="270,374,107,239" step="2"/><T72/><D72/><U131/><E115/><V24/><F24/><W54/><G54/><T23/><D23/><U7/><E55/><N who="2" m="30183" /><F46/><W86/><G86/><T90/><D90/><U76/><E45/><V110/><F110/><W43/><G43/><T34/><D34/><U32/><E42/><V126/><F126/><W59/><G59/><T129/><D129/><U3/><E131/><V89/><F89/><W94/><G94/><T128/><D128/><U37/><E41/><V105/><F105/><W66/><G66/><T11/><D11/><U87/><E3/><V98/><F98/><AGARI ba="0,1" hai="2,4,10,27,30,33,58,60,67,92,93,95,98,100" machi="98" ten="40,1300,0" yaku="1,1,53,0" doraHai="73" doraHaiUra="124" who="3" fromWho="2" sc="270,0,374,0,107,-13,239,23" /><INIT seed="3,0,0,4,5,69" ten="270,374,94,262" oya="3" hai0="57,28,88,105,99,18,30,66,94,89,26,64,31" hai1="127,104,53,24,125,132,8,41,16,14,34,103,27" hai2="6,113,122,75,19,70,61,52,121,108,56,63,109" hai3="36,51,111,115,74,76,126,135,87,130,71,78,102"/><W86/><G36/><T50/><D105/><U23/><E132/><V44/><F75/><W133/><G71/><T81/><D26/><U43/><E34/><V38/><F19/><W97/><G51/><T96/><D18/><U3/><E3/><V29/><F29/><W59/><G59/><T32/><D32/><U2/><E2/><V60/><F6/><W11/><G11/><T47/><D57/><U110/><E27/><V62/><F70/><W114/><G130/><T79/><D79/><N who="3" m="30249" /><G74/><T55/><REACH who="0" step="1"/><D81/><REACH who="0" ten="260,374,94,262" step="2"/><U5/><E16/><V1/><F1/><W80/><G126/><T46/><D46/><U128/><E125/><V12/><F12/><W35/><G35/><T90/><D90/><U123/><E104/><V68/><F68/><W77/><G111/><N who="2" m="42569" /><F113/><N who="3" m="43019" /><G86/><T82/><D82/><U118/><E14/><V117/><F117/><W13/><G13/><T67/><D67/><U119/><E119/><V73/><F73/><W15/><G15/><T92/><AGARI ba="0,1" hai="28,30,31,47,50,55,64,66,88,89,92,94,96,99" machi="92" ten="30,8000,1" yaku="1,1,0,1,9,1,8,1,54,1,53,0" doraHai="69" doraHaiUra="72" who="0" fromWho="0" sc="260,90,374,-20,94,-20,262,-40" owari="350,15.0,354,45.4,74,-42.6,222,-17.8" /></mjloggm>