<mjloggm ver="2.3"><GO type="225" lobby="0"/><UN n0="%E3%82%82%E3%81%90%E3%82%89" n1="%E3%83%A1%E3%82%AC%E3%83%87%E3%82%B8" n2="%E8%81%B7%E6%A5%AD%E3%80%81%E9%A2%A8%32" n3="%73%61%6E%64%69%72%69%73" dan="17,16,16,16" rate="2215.56,2091.94,2140.89,2169.87" sx="M,F,M,M"/><TAIKYOKU oya="0"/><INIT seed="0,0,0,0,0,83" ten="250,250,250,250" oya="0" hai0="56,68,92,29,2,30,77,62,87,123,120,22,122" hai1="81,119,82,103,65,129,58,124,8,100,102,64,45" hai2="74,34,15,13,11,126,20,33,127,131,5,93,57" hai3="97,66,4,90,16,109,61,52,35,134,41,54,133"/><T130/><BYE who="3" /><D130/><U32/><E119/><V125/><F74/><W71/><G71/><T115/><D115/><U95/><E129/><V27/><F131/><W6/><G6/><T43/><D2/><U101/><E32/><N who="2" m="12395" /><F57/><W117/><G117/><T51/><D68/><U85/><E124/><N who="2" m="31747" /><V9/><DORA hai="50" /><F93/><W70/><G70/><T18/><D51/><U105/><E105/><V48/><F48/><W53/><G53/><T39/><D43/><U49/><E81/><V114/><F114/><W24/><G24/><T75/><D39/><U72/><E72/><V37/><F37/><W55/><G55/><T14/><D75/><U91/><E58/><V19/><F11/><W121/><G121/><T38/><D38/><U21/><E8/><V113/><F113/><W3/><G3/><AGARI ba="0,0" hai="3,5,9,13,15,19,20,27" m="31747,12395" machi="3" ten="40,5200,0" yaku="18,1,34,2" doraHai="83,50" who="2" fromWho="3" sc="250,0,250,0,250,52,250,-52" /><INIT seed="1,0,0,3,4,45" ten="250,250,302,198" oya="1" hai0="54,78,0,18,71,119,52,134,117,46,2,29,6" hai1="75,85,107,96,67,118,34,3,21,84,42,63,91" hai2="108,93,59,55,79,65,33,25,74,70,100,15,80" hai3="92,77,35,41,132,111,86,104,51,73,40,17,89"/><U90/><E75/><V26/><F108/><W58/><G58/><T98/><D71/><U14/><E3/><V19/><F70/><W38/><G38/><T61/><D134/><U94/><E34/><V128/><F65/><W126/><G126/><T37/><D29/><U47/><E118/><V122/><F128/><W31/><G31/><T69/><D78/><UN n3="%73%61%6E%64%69%72%69%73" /><U13/><E107/><V49/><F122/><W1/><G35/><T125/><D125/><U10/><E21/><V114/><F114/><W120/><G1/><T66/><D2/><U123/><E123/><V127/><F127/><W95/><G104/><T4/><D18/><U62/><E96/><V99/><REACH who="2" step="1"/><F33/><REACH who="2" ten="250,250,292,198" step="2"/><W20/><G111/><T50/><D119/><U36/><E67/><V27/><F27/><W5/><G120/><T32/><D32/><U43/><E43/><V44/><F44/><W112/><G41/><T105/><D117/><U131/><E131/><V83/><F83/><W87/><G40/><T135/><D135/><U28/><E47/><V72/><F72/><W23/><G73/><T9/><D37/><U7/><E42/><V48/><F48/><W56/><G51/><T133/><D133/><U115/><E36/><V103/><F103/><W110/><G112/><T76/><D54/><U30/><E115/><V64/><F64/><W53/><G53/><T129/><D129/><U130/><E130/><V97/><F97/><W68/><G68/><T24/><D24/><U88/><E62/><V106/><F106/><W121/><G132/><T109/><D105/><U16/><E63/><V81/><F81/><RYUUKYOKU ba="0,1" sc="250,-10,250,-10,292,30,198,-10" hai2="15,19,25,26,49,55,59,74,79,80,93,99,100" /><INIT seed="2,1,1,3,5,29" ten="240,240,322,188" oya="2" hai0="59,129,0,6,36,79,89,24,104,130,76,55,37" hai1="13,35,73,124,48,74,86,68,32,52,43,54,47" hai2="118,53,119,11,88,82,23,64,115,125,34,33,21" hai3="15,31,107,127,101,40,69,105,122,113,49,114,95"/><V106/><F115/><N who="3" m="44043" /><G69/><T12/><D104/><U9/><E68/><V22/><F106/><W63/><G122/><T111/><D0/><U4/><E124/><V66/><F125/><W3/><G3/><T67/><D67/><U60/><E86/><V58/><F11/><W62/><G127/><T42/><D111/><U108/><E108/><V120/><F120/><W57/><G105/><T109/><D109/><U20/><E54/><V102/><F102/><W30/><G107/><T96/><D24/><U81/><E20/><V1/><F1/><W117/><G117/><T41/><D89/><U28/><E28/><N who="3" m="10794" /><G15/><T51/><D96/><U85/><E60/><V7/><F7/><W126/><G126/><T84/><D12/><U112/><E112/><V121/><F121/><W134/><G134/><T17/><D6/><U10/><E10/><V72/><F118/><W94/><G101/><T61/><D17/><U135/><E135/><V39/><F119/><W93/><G40/><T26/><D41/><U99/><E99/><V80/><F64/><W91/><G91/><T44/><D26/><U103/><E52/><AGARI ba="1,1" hai="49,52,57,62,63,93,94,95" m="10794,44043" machi="52" ten="40,2600,0" yaku="11,1,54,1" doraHai="29" who="3" fromWho="1" sc="240,0,240,-29,322,0,188,39" /><INIT seed="3,0,0,3,2,112" ten="240,211,322,227" oya="3" hai0="46,28,30,89,59,61,60,127,128,108,102,75,10" hai1="7,36,55,68,23,18,53,131,37,126,16,33,58" hai2="74,63,120,78,97,106,20,88,62,80,96,6,83" hai3="25,54,45,47,109,19,104,79,110,2,42,107,85"/><W40/><G2/><T0/><D75/><U101/><E68/><V105/><F6/><W115/><G115/><T22/><D108/><N who="3" m="41577" /><G54/><T35/><D35/><U41/><E33/><V129/><F120/><W125/><G125/><T51/><D128/><U43/><E126/><V38/><F62/><W95/><G47/><T84/><D102/><U31/><E31/><V94/><F63/><W29/><G19/><T44/><D61/><U103/><E23/><V135/><F20/><N who="3" m="15527" /><G40/><T118/><D22/><U3/><E7/><V64/><F64/><W9/><G9/><T133/><D10/><U1/><REACH who="1" step="1"/><E58/><REACH who="1" ten="240,201,322,227" step="2"/><V132/><F129/><AGARI ba="0,1" hai="1,3,16,18,36,37,41,43,53,55,101,103,129,131" machi="129" ten="25,8000,1" yaku="1,1,2,1,22,2,54,1,53,0" doraHai="112" doraHaiUra="117" who="1" fromWho="2" sc="240,0,201,90,322,-80,227,0" /><INIT seed="4,0,0,2,3,16" ten="240,291,242,227" oya="0" hai0="92,49,13,101,38,75,131,53,114,19,8,22,32" hai1="44,63,117,62,119,25,61,111,81,30,74,113,10" hai2="80,109,96,15,99,64,7,102,60,20,122,39,11" hai3="70,110,86,124,73,89,9,14,48,69,94,103,82"/><T59/><D75/><U129/><E111/><V65/><F109/><W106/><G110/><T105/><D38/><U104/><E104/><V66/><F39/><W31/><G124/><T40/><D114/><U97/><E129/><V87/><F122/><W43/><G31/><T41/><D32/><U135/><E135/><V125/><F125/><W127/><G127/><T6/><D105/><U28/><E113/><V95/><F99/><N who="3" m="61823" /><G48/><T37/><D37/><U36/><E97/><V67/><F20/><W120/><G43/><T4/><D131/><U100/><E100/><V128/><F128/><W58/><G58/><T133/><D133/><U1/><E30/><V0/><F0/><W107/><G120/><T29/><D29/><U72/><E10/><V12/><F67/><W93/><G93/><T18/><D41/><U83/><E44/><V77/><REACH who="2" step="1"/><F15/><REACH who="2" ten="240,291,232,227" step="2"/><W52/><G14/><N who="0" m="9559" /><D40/><U76/><E1/><V88/><F88/><W47/><G9/><T45/><D45/><U5/><E36/><V98/><F98/><AGARI ba="0,1" hai="4,6,8,13,19,49,53,59,92,98,101" m="9559" machi="98" ten="30,2900,0" yaku="8,1,52,1" doraHai="16" who="0" fromWho="2" sc="240,39,291,0,232,-29,227,0" /><INIT seed="4,1,0,4,1,84" ten="279,291,203,227" oya="0" hai0="21,78,57,10,11,17,71,105,96,70,35,123,50" hai1="132,6,58,115,9,64,8,47,30,40,88,102,130" hai2="100,77,110,124,112,63,4,107,134,1,109,24,79" hai3="94,16,23,51,34,22,65,106,104,43,98,18,87"/><T122/><D35/><U3/><E130/><V36/><F112/><W55/><G34/><T92/><D105/><U80/><E132/><V2/><F36/><W7/><G7/><T89/><D78/><N who="2" m="29706" /><F134/><W72/><G72/><T45/><D71/><U120/><E120/><V121/><F121/><W114/><G114/><T125/><D70/><U90/><E115/><V29/><F124/><W53/><G65/><T61/><D125/><U68/><E68/><V25/><F63/><W81/><G43/><N who="0" m="24895" /><D123/><U27/><E102/><V101/><F4/><W67/><G67/><N who="0" m="39343" /><D122/><U37/><E80/><V76/><N who="2" m="29714" /><V128/><DORA hai="14" /><F128/><W97/><G81/><T95/><D95/><U39/><E9/><V42/><F42/><W113/><G113/><T83/><D83/><U133/><E39/><V116/><F116/><W12/><G104/><T20/><D20/><U117/><E117/><V131/><F131/><W103/><G106/><T127/><D127/><U0/><E0/><N who="2" m="107" /><F107/><W73/><G73/><T5/><D5/><U32/><E133/><V48/><F48/><W46/><G51/><T28/><D28/><U54/><E64/><V118/><F118/><W74/><G74/><T69/><D69/><U66/><E66/><V56/><F56/><W15/><G46/><T99/><D99/><N who="3" m="37897" /><G103/><N who="2" m="39497" /><F29/><W126/><G126/><T13/><AGARI ba="1,0" hai="10,11,13,17,21,89,92,96" m="39343,24895" machi="13" ten="30,6000,0" yaku="8,1,52,2" doraHai="84,14" who="0" fromWho="0" sc="279,63,291,-21,203,-21,227,-21" owari="342,44.2,270,7.0,182,-31.8,206,-19.4" /></mjloggm>