<mjloggm ver="2.3"><GO type="225" lobby="0"/><UN n0="%E5%A4%96%E5%B7%9D%E7%AB%9C%E6%88%90" n1="%E5%8F%AF%E5%85%90%E9%82%A3%E7%94%B1%E5%A4%9A" n2="%E3%82%B2%E3%82%B9%E8%8C%82%E5%8B%9D" n3="%6B%75%7A%75%6E" dan="16,17,16,17" rate="2177.14,2218.26,2057.30,2176.92" sx="M,F,F,M"/><TAIKYOKU oya="0"/><INIT seed="0,0,0,0,3,119" ten="250,250,250,250" oya="0" hai0="116,36,63,6,69,109,35,120,87,74,65,26,24" hai1="128,18,10,96,114,61,15,83,106,31,131,48,60" hai2="127,100,98,108,23,107,135,94,118,8,111,112,124" hai3="29,71,115,99,113,80,44,34,95,39,101,78,2"/><T132/><D116/><U11/><E114/><V12/><F118/><W52/><G71/><T64/><D74/><U93/><E106/><V86/><F23/><W85/><G2/><T117/><D117/><U9/><E31/><V67/><F67/><W21/><G34/><T53/><D36/><U20/><E83/><V51/><F112/><W57/><G44/><T104/><D64/><U43/><E131/><V103/><F51/><W58/><G58/><T37/><D37/><U40/><E128/><V4/><F135/><W13/><G39/><T41/><D41/><N who="1" m="15947" /><E48/><V47/><F47/><W28/><G28/><T97/><D132/><U72/><E72/><V77/><F77/><W46/><G46/><T88/><D109/><N who="2" m="42058" /><F100/><AGARI ba="0,0" hai="9,10,11,15,18,20,60,61,93,96,100" m="15947" machi="100" ten="30,1000,0" yaku="8,1" doraHai="119" who="1" fromWho="2" sc="250,0,250,10,250,-10,250,0" /><INIT seed="1,0,0,3,1,14" ten="250,260,240,250" oya="1" hai0="116,129,91,93,71,35,92,102,20,26,30,133,127" hai1="48,74,41,72,126,69,94,55,21,4,34,96,135" hai2="109,90,78,120,88,75,59,77,43,10,115,0,98" hai3="37,107,13,64,31,118,123,85,70,82,80,76,44"/><U40/><E34/><V56/><F109/><W42/><G123/><T27/><D116/><U16/><E69/><V58/><F120/><W17/><G118/><T100/><D71/><U54/><E135/><V33/><F33/><W97/><G31/><T61/><D133/><U89/><E126/><V15/><F115/><W103/><G70/><T57/><D127/><U101/><E4/><V108/><F108/><W106/><G64/><T19/><D129/><U119/><E119/><V47/><F0/><W87/><G106/><T63/><D93/><U7/><E7/><V105/><F105/><W60/><G60/><T36/><D36/><U18/><E74/><V132/><F132/><W2/><G2/><T114/><D114/><U29/><E72/><V39/><F98/><W86/><REACH who="3" step="1"/><G82/><REACH who="3" ten="250,260,240,240" step="2"/><T110/><D110/><U24/><E101/><V3/><F3/><W12/><G12/><T79/><D63/><U38/><E38/><V5/><F75/><W45/><G45/><T49/><D61/><U121/><E121/><V65/><F65/><W28/><G28/><T124/><D124/><U53/><E48/><V67/><F67/><W83/><G83/><T131/><D131/><U95/><E94/><V66/><F66/><W62/><G62/><T68/><D68/><U81/><E81/><V22/><F39/><W125/><G125/><T99/><D49/><U122/><E122/><V32/><F47/><W25/><G25/><T8/><D57/><U46/><E46/><V6/><F59/><W23/><AGARI ba="0,1" hai="13,17,23,37,42,44,76,80,85,86,87,97,103,107" machi="23" ten="20,5200,0" yaku="1,1,0,1,7,1,52,1,53,0" doraHai="14" doraHaiUra="112" who="3" fromWho="3" sc="250,-13,260,-26,240,-13,240,62" /><INIT seed="2,0,0,3,5,135" ten="237,234,227,302" oya="2" hai0="127,68,101,134,129,53,131,72,125,99,69,128,14" hai1="73,86,81,106,85,30,4,40,126,132,23,37,82" hai2="121,7,103,123,70,24,109,119,124,113,114,111,38" hai3="108,61,43,52,3,84,15,9,55,25,78,79,8"/><V91/><F38/><W65/><G108/><N who="2" m="41545" /><F70/><N who="0" m="27242" /><D72/><U83/><E106/><V2/><F103/><W118/><G118/><T67/><D67/><U130/><E132/><V87/><F124/><N who="0" m="47690" /><D14/><U41/><E126/><V76/><F76/><W59/><G43/><T58/><D134/><U19/><E41/><V120/><F24/><W96/><G96/><T29/><D29/><U12/><E30/><V60/><F60/><W64/><G25/><T18/><D18/><U49/><E73/><V115/><F7/><W97/><G97/><T75/><D75/><U62/><E4/><V90/><F2/><W10/><G3/><T50/><D131/><U33/><E130/><V77/><F77/><W74/><G74/><T20/><D20/><U45/><E23/><V57/><F57/><N who="3" m="34983" /><G15/><T46/><D58/><U100/><E12/><V6/><F6/><W92/><G79/><T51/><D51/><U89/><E49/><V0/><F0/><W44/><G78/><T98/><D98/><U104/><E19/><V1/><F1/><W56/><G59/><T93/><AGARI ba="0,0" hai="46,50,53,93,99,101,128,129" m="47690,27242" machi="93" ten="40,8000,1" yaku="18,1,52,3" doraHai="135" who="0" fromWho="0" sc="237,80,234,-20,227,-40,302,-20" /><INIT seed="3,0,0,5,4,46" ten="317,214,187,282" oya="3" hai0="17,117,109,26,32,66,3,49,96,29,12,43,53" hai1="33,111,4,73,82,123,70,62,10,95,80,23,5" hai2="77,64,40,127,88,104,47,119,86,24,125,7,48" hai3="72,105,55,84,68,25,100,114,11,74,110,38,39"/><W35/><G114/><T28/><D117/><U54/><E123/><V56/><F119/><W113/><G113/><T81/><D3/><U85/><E33/><V121/><F104/><W36/><G84/><T42/><D29/><U83/><E73/><N who="3" m="28266" /><G55/><T0/><D0/><U8/><E111/><V103/><F103/><W34/><G11/><N who="1" m="4138" /><E70/><V131/><F7/><N who="1" m="2633" /><E23/><V15/><F15/><W69/><G110/><T122/><D109/><U21/><E21/><V18/><F121/><W63/><G63/><T92/><D12/><U126/><E126/><N who="2" m="48139" /><F77/><W118/><G118/><T133/><D17/><U52/><E62/><N who="2" m="37959" /><F131/><W101/><G25/><T115/><D122/><U76/><E76/><V1/><F1/><W50/><G50/><T22/><D115/><U134/><E134/><V90/><F86/><W120/><G120/><T57/><D133/><U45/><E45/><V99/><F99/><N who="3" m="61599" /><G101/><T61/><D32/><AGARI ba="0,0" hai="32,34,35,36,38,39,68,69" m="61599,28266" machi="32" ten="40,3900,0" yaku="33,2" doraHai="46" who="3" fromWho="0" sc="317,-39,214,0,187,0,282,39" owari="278,7.8,214,-18.6,187,-31.3,321,42.1" /></mjloggm>