<mjloggm ver="2.3"><GO type="225" lobby="0"/><UN n0="%E7%AB%8B%E8%8A%B1%E9%9F%BF" n1="%77%72%77%72%77%72%77%72" n2="%E3%81%A9%E3%82%8F%E3%82%93%E3%81%94" n3="%E3%83%99%E3%83%AB%E3%83%A2%E3%83%83%E3%83%88" dan="17,16,16,16" rate="2156.46,2259.14,2115.81,2092.87" sx="F,M,M,M"/><TAIKYOKU oya="0"/><INIT seed="0,0,0,5,3,81" ten="250,250,250,250" oya="0" hai0="78,19,17,109,67,129,73,62,103,35,111,125,96" hai1="87,0,3,10,101,41,31,25,5,83,51,22,1" hai2="63,38,90,13,107,24,55,106,112,20,116,46,40" hai3="127,12,77,33,42,124,72,39,28,117,133,68,92"/><T70/><D35/><U131/><E131/><V94/><F112/><W100/><G12/><T52/><D129/><U86/><E101/><V29/><F116/><W108/><G117/><T27/><D78/><U122/><E122/><V8/><F63/><W9/><G9/><T58/><D73/><U128/><E128/><V30/><F30/><W104/><G92/><T75/><D75/><U121/><E121/><V134/><F55/><W76/><G76/><T43/><D43/><U89/><REACH who="1" step="1"/><E86/><REACH who="1" ten="250,240,250,250" step="2"/><V26/><F107/><W7/><G100/><T126/><D70/><U98/><E98/><V32/><F106/><W64/><G104/><N who="0" m="63591" /><D67/><U91/><E91/><V23/><F90/><W82/><G64/><T97/><D97/><U95/><E95/><V61/><F94/><W45/><G68/><T6/><D6/><U53/><E53/><V34/><F40/><W69/><G69/><T123/><D123/><U50/><E50/><V118/><F118/><W18/><G7/><T11/><D125/><U65/><E65/><V37/><F38/><W59/><G124/><T36/><D126/><U71/><E71/><V85/><F37/><W130/><G127/><T47/><D36/><U84/><E84/><V74/><F85/><W120/><G130/><T135/><D109/><U16/><E16/><V80/><F74/><W93/><G18/><T114/><D111/><U14/><E14/><V132/><F13/><W21/><G108/><T54/><D19/><U57/><E57/><V110/><F110/><W105/><G120/><T49/><D17/><U66/><E66/><V113/><F113/><RYUUKYOKU ba="0,1" sc="250,-10,240,30,250,-10,250,-10" hai1="0,1,3,5,10,22,25,31,41,51,83,87,89" /><INIT seed="1,1,1,2,4,43" ten="240,270,240,240" oya="1" hai0="60,46,82,49,34,75,66,122,105,86,113,1,99" hai1="39,132,115,68,59,95,63,12,80,13,74,22,100" hai2="84,5,25,55,2,112,88,114,83,45,126,108,35" hai3="0,89,117,94,91,116,23,8,4,71,51,79,42"/><U20/><E115/><N who="2" m="44075" /><F108/><W18/><G71/><T61/><D113/><U14/><E39/><V54/><F126/><W118/><G79/><T128/><D75/><U10/><E68/><V62/><F62/><W130/><G130/><T64/><D34/><U69/><E69/><V107/><F107/><W9/><G9/><T125/><D1/><U70/><E70/><V15/><F2/><W50/><G94/><T19/><D125/><U104/><E104/><V7/><F15/><W29/><G29/><T131/><D122/><U96/><E132/><V17/><F17/><W47/><REACH who="3" step="1"/><G51/><REACH who="3" ten="240,270,240,230" step="2"/><T76/><D128/><U65/><E74/><V129/><F129/><W127/><G127/><T81/><D131/><U72/><E72/><V27/><F35/><W57/><G57/><T121/><D121/><U48/><E80/><V44/><F7/><W109/><G109/><T24/><D82/><U134/><E134/><V98/><F5/><W111/><G111/><T52/><D105/><U119/><E10/><V90/><F45/><W6/><G6/><T85/><D85/><U21/><E48/><N who="2" m="28935" /><F55/><W120/><G120/><T11/><D11/><U40/><E40/><V30/><F30/><W67/><G67/><N who="0" m="25643" /><D99/><U92/><E96/><V135/><F135/><W3/><G3/><T37/><D37/><U28/><E28/><V106/><F106/><W56/><G56/><T78/><D78/><U36/><E36/><V58/><F58/><W102/><G102/><T38/><D38/><U32/><E100/><V16/><F16/><W97/><G97/><T103/><D103/><U123/><E123/><RYUUKYOKU ba="1,2" sc="240,10,270,-30,240,10,230,10" hai0="19,24,46,49,52,60,61,76,81,86" hai2="25,27,83,84,88,90,98" hai3="0,4,8,18,23,42,47,50,89,91,116,117,118" /><INIT seed="2,2,2,2,4,42" ten="250,240,250,240" oya="2" hai0="101,5,40,85,117,103,133,126,35,89,129,25,1" hai1="120,30,77,115,37,15,92,72,7,41,114,68,44" hai2="23,88,39,47,33,109,45,48,27,99,10,84,75" hai3="59,116,21,22,134,78,26,94,12,87,57,100,55"/><V131/><F33/><W36/><G36/><T132/><D129/><U2/><E68/><V112/><F75/><W4/><G116/><T9/><D117/><U49/><E120/><V53/><F112/><W13/><G134/><N who="0" m="51819" /><D126/><U31/><E15/><V76/><F131/><W105/><G105/><T104/><D104/><U60/><E60/><V69/><F69/><W125/><G59/><T19/><D40/><U121/><E92/><N who="2" m="56711" /><F39/><W34/><G34/><T63/><D63/><U80/><E49/><V130/><F130/><W86/><G125/><T54/><D54/><U28/><REACH who="1" step="1"/><E121/><REACH who="1" ten="250,230,250,240" step="2"/><V38/><F38/><W93/><G12/><T62/><D62/><U98/><E98/><V111/><F10/><AGARI ba="2,3" hai="2,7,10,28,30,31,37,41,44,72,77,80,114,115" machi="10" ten="40,8000,1" yaku="1,1,25,2,52,1,53,0" doraHai="42" doraHaiUra="67" who="1" fromWho="2" sc="250,0,230,116,250,-86,240,0" /><INIT seed="3,0,0,2,3,74" ten="250,346,164,240" oya="3" hai0="102,109,0,28,66,82,86,112,108,125,10,97,88" hai1="81,130,99,90,37,129,18,43,23,122,52,132,2" hai2="117,13,60,40,87,80,75,119,29,134,98,69,32" hai3="5,70,126,24,41,44,118,27,19,57,84,26,46"/><W25/><G70/><T64/><D28/><U104/><E122/><V68/><F134/><W91/><G126/><T38/><D38/><U110/><E2/><V89/><F40/><W39/><G5/><N who="0" m="1319" /><D125/><U58/><E132/><V78/><F13/><W36/><G57/><T105/><D112/><U51/><E110/><AGARI ba="0,0" hai="64,66,82,86,88,97,102,105,108,109,110" m="1319" machi="110" ten="30,2000,0" yaku="14,1,54,1" doraHai="74" who="0" fromWho="1" sc="250,20,346,-20,164,0,240,0" owari="270,7.0,326,42.6,164,-33.6,240,-16.0" /></mjloggm>