<mjloggm ver="2.3"><GO type="225" lobby="0"/><UN n0="%6D%75%75%73%61%6E%6D%75" n1="%E5%BA%97%E9%95%B7%4D" n2="%E3%81%95%E3%81%8D%E3%81%9F%E3%81%BE%E6%9E%97%E6%AA%8E" n3="%E6%B5%81%E3%82%8C%EF%BC%9F%53%4F%41" dan="17,16,16,16" rate="2161.59,2081.73,2069.17,2178.96" sx="F,M,M,M"/><TAIKYOKU oya="0"/><INIT seed="0,0,0,5,2,134" ten="250,250,250,250" oya="0" hai0="69,86,32,12,40,51,60,53,10,16,117,118,73" hai1="123,45,104,52,29,133,100,21,80,81,35,47,115" hai2="0,22,91,105,15,99,96,129,107,48,9,46,6" hai3="5,112,95,31,87,50,25,125,130,106,126,44,70"/><T77/><D73/><U41/><E123/><V33/><F129/><W49/><G112/><T56/><D32/><U39/><E35/><V23/><F33/><W17/><G106/><T68/><D40/><U13/><E133/><V108/><F108/><W114/><G114/><T55/><D77/><U14/><E115/><V7/><F91/><N who="3" m="53759" /><G70/><T92/><D86/><U111/><E111/><V3/><F48/><W124/><G5/><T38/><D92/><U76/><E100/><V62/><F62/><W119/><G119/><T85/><D85/><U34/><E34/><V1/><F46/><W97/><G130/><T66/><D38/><U26/><E104/><V11/><F3/><W84/><G97/><T113/><D113/><U127/><E127/><V24/><REACH who="2" step="1"/><F15/><REACH who="2" ten="250,250,240,250" step="2"/><W4/><G49/><T54/><REACH who="0" step="1"/><D51/><REACH who="0" ten="240,250,240,250" step="2"/><U79/><E79/><V72/><F72/><W36/><G36/><T102/><D102/><U103/><E103/><V43/><F43/><W57/><G50/><T20/><D20/><U61/><E47/><V98/><F98/><W63/><G44/><T89/><D89/><U121/><E76/><V120/><F120/><W135/><G135/><T116/><AGARI ba="0,2" hai="10,12,16,53,54,55,56,60,66,68,69,116,117,118" machi="116" ten="40,7800,0" yaku="1,1,0,1,54,1,53,0" doraHai="134" doraHaiUra="132" who="0" fromWho="0" sc="240,98,250,-26,240,-26,250,-26" /><INIT seed="0,1,0,2,3,62" ten="338,224,214,224" oya="0" hai0="49,6,106,30,3,44,20,120,50,52,88,37,91" hai1="104,11,10,35,58,9,126,73,45,125,46,130,94" hai2="70,5,34,14,85,96,53,109,112,132,25,84,92" hai3="116,76,107,57,103,32,129,28,133,131,19,83,33"/><T38/><D120/><U39/><E104/><V81/><F112/><W87/><G116/><T42/><D106/><U134/><E73/><V47/><F70/><W124/><G28/><T69/><D69/><U60/><E35/><V127/><F127/><N who="1" m="48649" /><E130/><N who="3" m="49674" /><G124/><T118/><D118/><U56/><E134/><V18/><F132/><W82/><G133/><T68/><D68/><U17/><E94/><V78/><F109/><W111/><G111/><T51/><D3/><U115/><E115/><V67/><F5/><W128/><N who="3" m="49682" /><W0/><DORA hai="48" /><G0/><T122/><D122/><U95/><E95/><V26/><F34/><W54/><G19/><T110/><D110/><U59/><E17/><V98/><F85/><N who="3" m="48327" /><G103/><T23/><D6/><U117/><E117/><V135/><F135/><W7/><G7/><T72/><D30/><U55/><E46/><V8/><F98/><W123/><G107/><T65/><D72/><U77/><E77/><V113/><F113/><W27/><G27/><T105/><D105/><U63/><E63/><V90/><REACH who="2" step="1"/><F67/><REACH who="2" ten="338,224,204,224" step="2"/><W97/><G97/><T13/><D65/><U15/><E15/><V61/><F61/><N who="3" m="36023" /><G123/><T74/><D13/><U89/><E89/><AGARI ba="1,1" hai="32,33,83,87,89" m="36023,48327,49682" machi="89" ten="40,2600,0" yaku="19,1,52,1" doraHai="62,48" who="3" fromWho="1" sc="338,0,224,-29,204,0,224,39" /><INIT seed="1,0,0,0,3,98" ten="338,195,204,263" oya="1" hai0="90,73,45,87,124,29,99,74,7,30,135,103,58" hai1="11,32,113,71,94,48,93,5,131,128,28,85,133" hai2="33,118,65,49,119,10,43,127,21,116,59,108,130" hai3="23,86,125,12,52,120,66,2,67,57,126,15,95"/><U40/><E71/><V41/><F33/><W114/><G120/><T69/><D69/><U47/><E113/><V61/><F21/><W83/><G2/><T3/><D3/><U129/><E133/><V39/><F10/><W36/><G36/><T92/><D7/><U63/><E85/><V62/><F130/><W121/><G121/><T76/><D45/><U80/><E80/><V79/><F79/><N who="3" m="46463" /><G114/><T68/><D68/><U64/><E63/><V106/><F106/><W14/><G23/><T72/><D76/><U132/><E64/><N who="2" m="38975" /><F127/><N who="3" m="48651" /><G95/><T35/><D124/><U6/><E132/><V54/><F39/><W0/><G0/><T55/><D135/><U9/><E9/><V38/><F38/><W107/><G107/><T16/><D35/><U26/><REACH who="1" step="1"/><E6/><REACH who="1" ten="338,185,204,263" step="2"/><V53/><F108/><W111/><G111/><T123/><D123/><U25/><E25/><V100/><F65/><W18/><G18/><T81/><REACH who="0" step="1"/><D16/><REACH who="0" ten="328,185,204,263" step="2"/><U1/><AGARI ba="0,2" hai="1,5,11,26,28,32,40,47,48,93,94,128,129,131" machi="1" ten="30,6000,0" yaku="1,1,0,1,19,1,53,0" doraHai="98" doraHaiUra="56" who="1" fromWho="1" sc="328,-20,185,80,204,-20,263,-20" /><INIT seed="1,1,0,0,4,53" ten="308,265,184,243" oya="1" hai0="78,94,89,80,93,8,83,39,20,79,107,19,88" hai1="108,92,104,18,90,40,110,25,5,31,46,1,44" hai2="99,65,123,43,13,29,96,120,124,27,118,55,28" hai3="101,35,119,60,57,105,69,59,132,81,72,73,70"/><U112/><E104/><V54/><F118/><W86/><G35/><T0/><D39/><U49/><E112/><V116/><F116/><W32/><G119/><T7/><D107/><U21/><E46/><V45/><F65/><W127/><G32/><T97/><D79/><U41/><E41/><V115/><F115/><W100/><G60/><T36/><D36/><U47/><E47/><V63/><F124/><W113/><G113/><T121/><D121/><U23/><E5/><V130/><F130/><W2/><G81/><T52/><D78/><U68/><E1/><V87/><F87/><W14/><G14/><T10/><D10/><U48/><E48/><V76/><F76/><W75/><G86/><T109/><D109/><N who="1" m="42091" /><E68/><N who="3" m="26218" /><G105/><T17/><D80/><U34/><E18/><V4/><F63/><W71/><N who="3" m="26226" /><W84/><DORA hai="66" /><G84/><AGARI ba="1,0" hai="21,23,25,31,34,40,44,49,84,90,92" m="42091" machi="84" ten="30,2900,0" yaku="14,1,10,1" doraHai="53,66" who="1" fromWho="3" sc="308,0,265,32,184,0,243,-32" /><INIT seed="1,2,0,1,2,110" ten="308,297,184,211" oya="1" hai0="113,95,128,66,116,101,61,50,2,135,35,69,60" hai1="44,31,118,23,46,115,129,42,127,107,56,117,21" hai2="96,36,111,97,26,57,77,90,104,41,5,7,8" hai3="109,119,29,62,131,74,51,83,91,81,80,93,28"/><U125/><E107/><V75/><F111/><W121/><G109/><T24/><D116/><U40/><E56/><V120/><F120/><W1/><G121/><T79/><D2/><U65/><E31/><V88/><F5/><W16/><G1/><T103/><D113/><U85/><E85/><V30/><F36/><W84/><G119/><T73/><D60/><U48/><E65/><V130/><F41/><W68/><G74/><T20/><D35/><U12/><E12/><V70/><F70/><W78/><G78/><T54/><D128/><U100/><E100/><V43/><F43/><W32/><G32/><T122/><D135/><U25/><E48/><V33/><F130/><W38/><G38/><T71/><D71/><U18/><E18/><V132/><F132/><W72/><G72/><T82/><D95/><U6/><E25/><V37/><F37/><W99/><G99/><N who="2" m="37961" /><F104/><W10/><G51/><T34/><D34/><U98/><E98/><V108/><F108/><W47/><G47/><T49/><D49/><U112/><E6/><V102/><F102/><W133/><G133/><T52/><D54/><U76/><E76/><V11/><F57/><W126/><G131/><AGARI ba="2,0" hai="21,23,40,42,44,46,112,115,117,118,125,127,129,131" machi="131" ten="25,9600,0" yaku="22,2,52,2" doraHai="110" who="1" fromWho="3" sc="308,0,297,102,184,0,211,-102" /><INIT seed="1,3,0,2,2,121" ten="308,399,184,109" oya="1" hai0="97,19,13,93,122,37,89,107,24,125,117,80,75" hai1="130,14,44,73,85,4,60,45,47,33,74,3,127" hai2="78,16,41,35,118,83,104,62,98,109,126,0,64" hai3="95,106,79,21,15,132,81,55,10,112,32,50,108"/><U28/><E127/><V72/><F118/><W49/><G32/><T43/><D117/><U56/><E130/><V30/><F0/><W12/><G106/><T87/><D125/><U92/><E3/><V101/><F126/><W110/><G112/><T135/><D122/><U65/><E33/><V111/><F41/><W119/><G119/><T113/><D113/><U40/><E28/><V57/><REACH who="2" step="1"/><F16/><REACH who="2" ten="308,399,174,109" step="2"/><N who="3" m="10375" /><G132/><T34/><D43/><U103/><E40/><V29/><F29/><W120/><G120/><T63/><D19/><U91/><E4/><V99/><F99/><W23/><G23/><T105/><D97/><U114/><E14/><V115/><F115/><W48/><G95/><T8/><D93/><U59/><E114/><V58/><F58/><N who="3" m="33127" /><G15/><T124/><D13/><U86/><E59/><V90/><F90/><W1/><G1/><T68/><D89/><U2/><E2/><V5/><F5/><W70/><G70/><T100/><D68/><U38/><E38/><V39/><F39/><W31/><G31/><T25/><D37/><U46/><E103/><V11/><F11/><W66/><G10/><T102/><D8/><U88/><N who="1" m="11264" /><DORA hai="69" /><U71/><REACH who="1" step="1"/><E71/><REACH who="1" ten="308,389,174,109" step="2"/><V77/><F77/><W51/><G79/><T94/><D124/><U42/><E42/><V9/><F9/><W82/><G66/><T27/><D102/><U76/><E76/><V54/><F54/><W17/><G17/><T36/><D100/><U84/><E84/><V20/><F20/><W61/><G61/><T7/><D63/><U123/><E123/><V116/><F116/><W67/><G67/><RYUUKYOKU ba="3,2" sc="308,-30,389,10,174,10,109,10" hai1="56,60,65,73,74,85,86,88,91,92" hai2="30,35,57,62,64,72,78,83,98,101,104,109,111" hai3="49,50,51,81,82,108,110" /><INIT seed="1,4,2,3,4,28" ten="278,399,184,119" oya="1" hai0="12,126,129,79,46,24,8,106,90,62,16,18,94" hai1="135,86,63,45,105,104,47,37,60,103,101,112,14" hai2="115,71,81,122,5,0,80,107,33,114,39,58,100" hai3="85,61,75,36,128,13,117,83,89,20,99,84,124"/><U120/><E112/><N who="2" m="43051" /><F122/><W1/><G1/><T32/><D106/><U109/><E120/><V59/><F71/><W111/><G36/><T67/><D126/><U97/><E37/><V132/><F132/><W2/><G2/><T54/><D129/><U131/><E131/><V10/><F39/><W7/><G128/><T35/><D79/><U92/><E135/><V3/><F3/><W119/><G75/><T31/><D46/><U66/><E109/><V6/><F6/><W44/><G44/><T52/><D35/><U125/><E125/><V134/><F134/><W43/><G43/><T51/><D18/><U23/><E63/><V93/><F107/><W11/><G99/><T127/><D51/><U48/><E47/><V74/><F74/><W95/><G124/><T87/><D127/><U21/><E86/><V88/><F100/><W40/><G40/><T123/><D123/><U76/><E76/><V4/><F4/><W64/><G20/><T41/><D41/><U68/><E14/><V15/><F33/><W19/><G7/><T72/><D72/><U55/><E92/><V96/><F0/><W98/><G111/><T70/><AGARI ba="4,2" hai="8,12,16,24,31,32,52,54,62,67,70,87,90,94" machi="70" ten="20,8000,1" yaku="0,1,7,1,52,1,54,2" doraHai="28" who="0" fromWho="0" sc="278,112,399,-44,184,-24,119,-24" /><INIT seed="2,0,0,0,4,115" ten="390,355,160,95" oya="2" hai0="16,74,2,47,102,95,86,36,5,104,43,60,9" hai1="80,34,125,26,72,62,121,49,8,46,126,33,99" hai2="105,15,87,97,111,103,64,96,40,4,63,66,134" hai3="130,22,114,67,55,131,38,79,59,30,69,92,73"/><V108/><F134/><W110/><G38/><T101/><D74/><U89/><E121/><V53/><F40/><W14/><G110/><N who="2" m="42025" /><F87/><W107/><G107/><T57/><D104/><U17/><E62/><V18/><F4/><W44/><G44/><T129/><D129/><N who="3" m="49161" /><G114/><T127/><D127/><N who="1" m="48651" /><E99/><V135/><F135/><W42/><G42/><T113/><D113/><U90/><E72/><V78/><F78/><W94/><G67/><T25/><D86/><N who="1" m="50375" /><E90/><V27/><F97/><W84/><G73/><T65/><D95/><U45/><E45/><V1/><F1/><W85/><G69/><T98/><D98/><U119/><E119/><V106/><F106/><W109/><G109/><T35/><REACH who="0" step="1"/><D16/><REACH who="0" ten="380,355,160,95" step="2"/><U50/><E8/><N who="2" m="6503" /><F96/><W76/><G84/><T77/><D77/><N who="3" m="29769" /><G85/><T3/><D3/><U28/><E17/><V52/><F105/><W116/><G116/><T133/><D133/><U54/><E49/><V37/><F37/><W12/><G12/><T0/><D0/><U13/><E13/><V48/><F48/><N who="3" m="31207" /><G14/><T20/><D20/><AGARI ba="0,1" hai="20,26,28,33,34,46,50,54" m="50375,48651" machi="20" ten="30,1000,0" yaku="18,1" doraHai="115" who="1" fromWho="0" sc="380,-10,355,20,160,0,95,0" /><INIT seed="3,0,0,0,2,72" ten="370,375,160,95" oya="3" hai0="30,19,52,118,18,127,123,97,20,113,110,3,86" hai1="62,23,105,46,99,81,117,53,56,12,45,40,107" hai2="37,131,17,59,115,92,15,7,39,47,109,26,69" hai3="124,36,9,10,106,84,0,78,28,93,122,31,121"/><W66/><G93/><T50/><D118/><U34/><E34/><V114/><F69/><W77/><G84/><T125/><D123/><N who="3" m="47113" /><G66/><T41/><D3/><U60/><E117/><V55/><F92/><W73/><G73/><T58/><D110/><U8/><E23/><V76/><F109/><W21/><G0/><T64/><D113/><U98/><E81/><V48/><F39/><W27/><G27/><N who="0" m="16743" /><D97/><N who="1" m="36875" /><E107/><V63/><F37/><W14/><G36/><T89/><D64/><U82/><E105/><V80/><F114/><W49/><G106/><T29/><D29/><N who="3" m="11337" /><G21/><T126/><D41/><U119/><E119/><V33/><F115/><W108/><G14/><T44/><D58/><N who="1" m="34895" /><E82/><AGARI ba="0,0" hai="18,19,44,50,52,82,86,89,125,126,127" m="16743" machi="82" ten="30,2000,0" yaku="18,1,54,1" doraHai="72" who="0" fromWho="1" sc="370,20,375,-20,160,0,95,0" owari="390,49.0,355,15.5,160,-24.0,95,-40.5" /></mjloggm>