<mjloggm ver="2.3"><GO type="225" lobby="0"/><UN n0="%E3%81%9F%E3%81%A3%E3%81%A1%E3%82%87" n1="%72%69%6F%75%63%68%61%6E" n2="%E3%83%B4%E3%83%A0%EF%BC%99%E3%81%A6" n3="%E6%A1%9C%E8%8A%B1%E9%96%83%E3%80%85" dan="16,17,17,18" rate="2057.87,2226.84,2193.27,2273.55" sx="M,M,M,M"/><TAIKYOKU oya="0"/><INIT seed="0,0,0,2,4,52" ten="250,250,250,250" oya="0" hai0="30,114,67,93,74,32,92,128,104,79,110,127,28" hai1="112,94,39,69,90,29,72,119,60,34,54,51,12" hai2="129,20,15,48,97,2,101,80,63,103,99,115,125" hai3="126,120,4,46,40,134,113,105,49,91,55,24,89"/><T130/><D114/><U86/><E119/><V68/><F2/><W107/><G113/><T84/><D104/><U102/><E112/><V59/><F115/><W37/><G126/><T66/><D127/><U14/><E72/><V33/><F33/><W132/><G4/><T16/><D110/><U96/><E39/><V36/><F36/><W83/><G120/><T3/><D3/><U53/><E34/><V57/><F129/><N who="0" m="49770" /><D74/><U61/><E29/><N who="0" m="11369" /><D32/><U35/><E35/><V117/><F117/><W11/><G24/><T131/><N who="0" m="49778" /><T111/><DORA hai="17" /><D111/><U124/><E124/><V77/><F68/><W8/><G105/><T76/><D84/><U108/><E108/><V22/><F125/><W64/><G107/><T135/><D16/><U106/><E69/><V78/><F15/><W98/><G8/><T44/><D44/><U88/><E60/><V23/><F48/><W0/><G11/><T58/><D135/><U65/><E65/><N who="0" m="24585" /><D58/><N who="2" m="22026" /><F63/><W56/><G0/><T19/><D19/><U100/><E61/><V73/><F73/><W95/><G64/><T1/><D1/><U70/><E70/><V116/><F116/><W121/><G121/><T31/><N who="0" m="11377" /><T13/><DORA hai="5" /><D13/><N who="1" m="5227" /><E106/><V25/><F25/><W6/><G6/><T18/><D18/><U47/><E54/><V122/><F122/><W85/><AGARI ba="0,0" hai="37,40,46,49,55,56,83,85,89,91,95,98,132,134" machi="85" ten="30,2000,0" yaku="0,1,52,1" doraHai="52,17,5" who="3" fromWho="3" sc="250,-10,250,-5,250,-5,250,20" /><INIT seed="1,0,0,3,0,88" ten="240,245,245,270" oya="1" hai0="103,21,92,52,81,33,67,132,84,56,118,44,102" hai1="55,128,62,106,53,46,9,107,131,87,104,23,75" hai2="110,134,63,74,45,1,4,127,48,8,42,70,15" hai3="51,26,49,13,31,126,22,98,2,12,43,58,120"/><U78/><E75/><V41/><F110/><W50/><G120/><T39/><D118/><U71/><E9/><V66/><F127/><W38/><G126/><T111/><D33/><U130/><E23/><V97/><F134/><W119/><G2/><T115/><D115/><U133/><E133/><V109/><F109/><W90/><G119/><T122/><D111/><U60/><E46/><V7/><F74/><W37/><G43/><T117/><D117/><U123/><E123/><V6/><F41/><W101/><G90/><T100/><D132/><U96/><E96/><V57/><F70/><W85/><G85/><T113/><D113/><U10/><E10/><V19/><REACH who="2" step="1"/><F97/><REACH who="2" ten="240,245,235,270" step="2"/><W14/><REACH who="3" step="1"/><G58/><REACH who="3" ten="240,245,235,260" step="2"/><T59/><D56/><N who="1" m="34831" /><E71/><V11/><AGARI ba="0,2" hai="1,4,6,7,8,11,15,19,42,45,48,57,63,66" machi="11" ten="20,2700,0" yaku="1,1,0,1,7,1,53,0" doraHai="88" doraHaiUra="82" who="2" fromWho="2" sc="240,-7,245,-13,235,47,260,-7" /><INIT seed="2,0,0,4,4,93" ten="233,232,282,253" oya="2" hai0="80,21,19,115,114,117,60,87,133,70,12,90,113" hai1="64,58,119,22,52,61,27,91,96,85,57,75,38" hai2="1,24,37,122,112,84,62,82,135,83,78,99,50" hai3="33,101,121,79,20,95,7,18,30,32,17,16,106"/><V105/><F112/><W92/><G121/><T26/><D133/><U5/><E119/><V109/><F122/><W6/><G79/><T102/><D102/><U42/><E75/><V72/><F37/><W25/><G106/><T110/><D110/><U47/><E5/><N who="3" m="1546" /><G95/><T130/><D130/><U123/><E123/><V23/><F1/><W124/><G92/><T118/><REACH who="0" step="1"/><D26/><REACH who="0" ten="223,232,282,253" step="2"/><U10/><E96/><V100/><F24/><N who="3" m="16647" /><G101/><T0/><D0/><U34/><E34/><N who="3" m="13418" /><G124/><T15/><D15/><U111/><E111/><V35/><F135/><W73/><G73/><T131/><D131/><U98/><E98/><V56/><F109/><W94/><G94/><T51/><D51/><U126/><E126/><V103/><F50/><W29/><G29/><T36/><D36/><U39/><E38/><V108/><F108/><W86/><G86/><T129/><D129/><U125/><E125/><V46/><F100/><W31/><G31/><T134/><D134/><U127/><E127/><V116/><F103/><W132/><G132/><T67/><AGARI ba="0,1" hai="12,19,21,60,67,70,80,87,90,113,114,115,117,118" machi="67" ten="40,2700,0" yaku="1,1,0,1,53,0" doraHai="93" doraHaiUra="53" who="0" fromWho="0" sc="223,37,232,-7,282,-13,253,-7" /><INIT seed="3,0,0,1,5,63" ten="260,225,269,246" oya="3" hai0="6,124,103,25,116,50,62,58,114,107,71,120,18" hai1="93,102,85,21,99,51,70,125,48,44,39,79,73" hai2="19,41,64,87,131,30,66,74,109,105,60,7,128" hai3="49,5,67,97,16,35,45,36,24,82,112,113,17"/><W75/><G36/><T108/><D116/><U53/><E125/><V117/><F117/><W134/><G5/><T12/><D120/><U9/><E70/><V100/><F74/><W94/><G134/><T57/><D108/><U3/><E73/><V20/><F109/><W130/><G130/><N who="2" m="49705" /><F60/><W80/><G35/><T46/><D124/><U86/><E39/><V91/><F30/><W69/><G69/><T92/><D25/><U2/><E79/><V32/><F7/><W123/><G123/><T122/><D107/><U22/><E9/><V54/><F54/><W65/><G112/><T38/><D114/><U4/><E4/><V119/><F41/><N who="3" m="24751" /><G75/><T95/><D6/><U29/><E29/><V1/><F1/><W77/><G113/><T37/><D71/><U28/><E2/><V14/><F32/><W68/><G68/><T115/><D115/><U26/><E3/><V88/><F119/><W55/><G55/><T34/><D37/><U118/><E118/><V129/><F129/><W43/><G43/><T23/><D38/><U40/><REACH who="1" step="1"/><E22/><REACH who="1" ten="260,215,269,246" step="2"/><V33/><F33/><W8/><G77/><T90/><D34/><U59/><AGARI ba="0,1" hai="21,26,28,40,44,48,51,53,59,85,86,93,99,102" machi="59" ten="20,12000,2" yaku="1,1,2,1,0,1,7,1,8,1,53,2" doraHai="63" doraHaiUra="81" who="1" fromWho="1" sc="260,-30,215,130,269,-30,246,-60" owari="230,-17.0,345,44.5,239,3.9,186,-31.4" /></mjloggm>