<mjloggm ver="2.3"><GO type="225" lobby="0"/><UN n0="%E3%81%86%E3%81%A9%E3%82%93%E3%81%93" n1="%E3%82%BC%E3%83%AB%E3%83%80%E3%81%AE%E4%BC%9D%E8%AA%AC" n2="%E5%86%B7%E5%87%8D%E3%82%AE%E3%83%A7%E3%83%BC%E3%82%B6" n3="%E8%83%83%E3%81%A8%E8%85%B8" dan="16,17,16,16" rate="2155.06,2194.16,2129.99,2223.00" sx="M,M,M,M"/><TAIKYOKU oya="0"/><INIT seed="0,0,0,5,0,102" ten="250,250,250,250" oya="0" hai0="25,113,109,24,101,47,16,54,105,45,116,57,37" hai1="4,59,18,88,122,67,58,23,94,117,79,55,78" hai2="125,48,83,20,35,52,63,42,21,31,82,130,134" hai3="65,132,104,73,64,93,90,22,100,14,107,27,74"/><T106/><D106/><BYE who="0" /><U108/><E117/><V49/><F125/><W112/><G112/><T129/><D129/><U51/><E108/><V110/><F110/><W99/><G14/><T95/><D95/><U3/><E122/><V103/><F130/><W72/><G132/><T114/><D114/><U128/><E128/><V30/><F134/><W0/><G0/><T135/><D135/><U15/><E4/><V127/><F127/><W85/><REACH who="3" step="1"/><G107/><REACH who="3" ten="250,250,250,240" step="2"/><T96/><D96/><U61/><REACH who="1" step="1"/><E3/><REACH who="1" ten="250,240,250,240" step="2"/><V77/><F31/><AGARI ba="0,2" hai="22,27,31,64,65,72,73,74,85,90,93,99,100,104" machi="31" ten="40,8000,1" yaku="1,1,2,1,52,1,53,2" doraHai="102" doraHaiUra="62" who="3" fromWho="2" sc="250,0,240,0,250,-80,240,100" /><INIT seed="1,0,0,4,4,78" ten="250,240,170,340" oya="1" hai0="93,5,115,95,42,61,50,135,64,30,43,62,132" hai1="36,67,49,21,73,28,53,125,103,127,60,124,91" hai2="99,90,74,46,13,110,57,9,72,88,16,15,114" hai3="105,35,134,1,52,22,121,80,104,56,89,97,126"/><U8/><E36/><V66/><F110/><W68/><G35/><T133/><D133/><U98/><E73/><V101/><F114/><W26/><G121/><T7/><D7/><U63/><E8/><V130/><F130/><W70/><G1/><T122/><D122/><U3/><E3/><V83/><F46/><W107/><G134/><T17/><D17/><U87/><E28/><V92/><F15/><W0/><G0/><T37/><D37/><U116/><E21/><V81/><F74/><W100/><G126/><T27/><D27/><U32/><E32/><V58/><F72/><W129/><G129/><T82/><D82/><N who="2" m="31242" /><F66/><W20/><G68/><T123/><D123/><U84/><E116/><V86/><F101/><W6/><G70/><T65/><D65/><U19/><E67/><V12/><F12/><W79/><G79/><T44/><D44/><U33/><E33/><V96/><F96/><W14/><G100/><T108/><D108/><U69/><E69/><V51/><F51/><W18/><G97/><T25/><D25/><U23/><E103/><V4/><F4/><W85/><G6/><T71/><D71/><U45/><E98/><V29/><F29/><W48/><G105/><T131/><D131/><U120/><E120/><V128/><F128/><W55/><G107/><T41/><D41/><U54/><E45/><V117/><F117/><W112/><G104/><T102/><D102/><U118/><E49/><V31/><F31/><N who="3" m="17863" /><G112/><T40/><D40/><U39/><E118/><V38/><F38/><W119/><G119/><T2/><D2/><U10/><E125/><RYUUKYOKU ba="0,0" sc="250,-15,240,-15,170,15,340,15" hai2="9,13,16,57,58,86,88,90,92,99" hai3="14,18,22,48,52,55,56,80,85,89" /><INIT seed="2,1,0,2,3,17" ten="235,225,185,355" oya="2" hai0="134,51,43,92,50,95,75,41,44,73,115,79,45" hai1="57,7,48,8,89,78,74,61,99,40,135,112,30" hai2="118,125,9,71,26,63,77,37,0,34,110,19,3" hai3="31,56,85,93,25,122,94,47,18,33,52,103,107"/><V130/><F77/><W15/><G122/><T72/><D72/><U104/><E112/><V117/><F63/><W32/><G32/><T65/><D65/><U16/><E135/><V100/><F71/><W96/><G47/><T113/><D113/><U108/><E108/><V10/><F100/><W42/><G42/><T84/><D84/><U102/><E30/><N who="2" m="19799" /><F37/><W35/><G35/><T106/><D106/><U39/><E39/><V80/><F80/><W116/><G116/><N who="2" m="44649" /><F110/><W109/><G85/><T29/><D29/><U131/><E89/><V27/><F125/><W53/><G109/><T58/><D58/><U123/><E78/><V133/><F133/><W97/><G56/><T62/><D62/><U12/><E74/><V76/><F76/><W46/><G46/><T21/><D21/><N who="1" m="11399" /><E48/><V24/><F130/><W6/><G107/><T59/><D59/><U83/><E131/><V20/><F27/><W49/><G49/><T68/><D68/><U129/><E129/><V98/><F98/><W128/><G128/><T66/><D66/><N who="1" m="39215" /><E83/><V5/><F9/><W23/><G94/><T67/><D67/><U111/><E111/><V70/><F70/><W54/><G96/><T13/><D13/><AGARI ba="1,0" hai="0,3,5,10,13,19,20,24" m="44649,19799" machi="13" ten="30,5800,0" yaku="34,2,52,1" doraHai="17" who="2" fromWho="0" sc="235,-61,225,0,185,61,355,0" /><INIT seed="2,2,0,4,1,22" ten="174,225,246,355" oya="2" hai0="103,9,21,49,119,82,126,118,60,127,62,19,11" hai1="95,40,26,69,17,32,30,90,43,91,71,39,4" hai2="100,94,24,88,78,93,25,50,125,1,135,113,5" hai3="101,52,92,87,61,45,15,8,84,34,7,51,129"/><V59/><F113/><W2/><G129/><T110/><D110/><U80/><E4/><V33/><F125/><W56/><G2/><T86/><D86/><U131/><E131/><V36/><F36/><W23/><G34/><T38/><D38/><U79/><E17/><V111/><F135/><W66/><REACH who="3" step="1"/><G23/><REACH who="3" ten="174,225,246,345" step="2"/><T106/><D106/><U6/><E32/><V41/><F33/><W55/><G55/><T109/><D109/><U132/><E132/><V77/><F111/><W65/><G65/><T96/><D96/><AGARI ba="2,1" hai="7,8,15,45,51,52,56,61,66,84,87,92,96,101" machi="96" ten="40,8000,1" yaku="1,1,8,1,54,1,53,1" doraHai="22" doraHaiUra="44" who="3" fromWho="0" sc="174,-86,225,0,246,0,345,96" /><INIT seed="3,0,0,5,5,83" ten="88,225,246,441" oya="3" hai0="98,119,76,59,50,94,108,38,3,129,57,44,71" hai1="132,86,2,4,15,112,74,28,51,85,33,88,53" hai2="89,29,120,96,102,121,37,73,116,14,24,27,111" hai3="70,78,52,128,130,54,26,118,40,21,67,19,107"/><W72/><G118/><T80/><D80/><U22/><E112/><V9/><F37/><W93/><G107/><T99/><D99/><U13/><E74/><V115/><F115/><W123/><G123/><N who="2" m="47177" /><F111/><W84/><G40/><T47/><D47/><N who="1" m="27903" /><E132/><V66/><F116/><W104/><G104/><T17/><D17/><N who="1" m="10543" /><E15/><V31/><F66/><W125/><G72/><T60/><D60/><U25/><E88/><V97/><F89/><N who="3" m="53415" /><G78/><T68/><D68/><U49/><E49/><V95/><F96/><W65/><G125/><T100/><D100/><U58/><E58/><V113/><F73/><W92/><G92/><T117/><D117/><U12/><E12/><V106/><F106/><W61/><G65/><T87/><D87/><U7/><E7/><N who="2" m="3391" /><F113/><W81/><G81/><T34/><D34/><U131/><E131/><AGARI ba="0,0" hai="19,21,26,52,54,61,67,70,128,130,131" m="53415" machi="131" ten="30,5800,0" yaku="19,1,52,1,54,1" doraHai="83" who="3" fromWho="1" sc="88,0,225,-58,246,0,441,58" owari="88,-41.2,167,-23.3,246,4.6,499,59.9" /></mjloggm>