<mjloggm ver="2.3"><GO type="225" lobby="0"/><UN n0="%E5%B0%8F%E9%B3%A5%E9%81%8A%E7%B7%B4%E7%84%A1%32%31%E6%AD%B3" n1="%72%65%6E%6B%75%6E" n2="%72%69%6F%75%63%68%61%6E" n3="%E3%81%86%E3%83%BC%E3%81%B1%E3%83%BC" dan="16,17,16,16" rate="2149.22,2279.80,2116.03,2160.34" sx="F,M,M,F"/><TAIKYOKU oya="0"/><INIT seed="0,0,0,4,1,27" ten="250,250,250,250" oya="0" hai0="107,102,1,124,88,79,55,4,61,90,112,122,37" hai1="69,29,52,64,15,34,125,48,17,67,82,117,98" hai2="5,23,135,121,84,6,77,8,111,2,109,24,126" hai3="7,108,95,35,45,42,32,38,91,16,113,68,134"/><T14/><D122/><U129/><E117/><V105/><F105/><W133/><G113/><T87/><D112/><U57/><E125/><V81/><F121/><W50/><G68/><T131/><D37/><U44/><E129/><V103/><F135/><N who="3" m="51723" /><G7/><T99/><D124/><U97/><E69/><V83/><F126/><W86/><G108/><T101/><D101/><U22/><E82/><V66/><F103/><W54/><G16/><T123/><D1/><U130/><E130/><V59/><F6/><W96/><G86/><T76/><D90/><U72/><E72/><V53/><F66/><N who="1" m="25129" /><E34/><V21/><F83/><W33/><G32/><T51/><D61/><N who="1" m="36007" /><E29/><V127/><F127/><W9/><G9/><N who="0" m="4391" /><D131/><U11/><E11/><V104/><F104/><W40/><G40/><AGARI ba="0,0" hai="15,17,22,40,44,48,97,98" m="36007,25129" machi="40" ten="30,2000,0" yaku="8,1,54,1" doraHai="27" who="1" fromWho="3" sc="250,0,250,20,250,0,250,-20" /><INIT seed="1,0,0,4,4,33" ten="250,270,250,230" oya="1" hai0="112,22,113,100,54,76,125,115,16,57,105,87,117" hai1="118,67,59,47,111,41,25,2,53,98,71,73,83" hai2="50,69,103,6,101,119,56,10,9,31,135,5,95" hai3="107,49,70,26,81,60,99,62,84,46,124,93,61"/><U66/><E118/><V102/><F135/><W90/><G124/><T108/><D117/><U121/><E121/><V0/><F119/><W133/><G133/><T44/><D108/><U134/><E134/><V68/><F31/><W116/><G116/><T97/><D44/><U3/><E111/><V77/><F77/><W88/><G107/><T122/><D122/><U58/><E25/><V123/><F123/><W34/><G70/><T75/><D75/><U132/><E132/><V27/><F27/><W29/><REACH who="3" step="1"/><G62/><REACH who="3" ten="250,270,250,220" step="2"/><T131/><D125/><U23/><E71/><V78/><F69/><W126/><G126/><T17/><D131/><U65/><E98/><V96/><F68/><W74/><G74/><T36/><D113/><U94/><E94/><V55/><REACH who="2" step="1"/><F78/><REACH who="2" ten="250,270,240,220" step="2"/><W13/><G13/><AGARI ba="0,2" hai="0,5,6,9,10,13,50,55,56,95,96,101,102,103" machi="13" ten="30,7700,0" yaku="1,1,2,1,7,1,52,1,53,0" doraHai="33" doraHaiUra="38" who="2" fromWho="3" sc="250,0,270,0,240,97,220,-77" /><INIT seed="2,0,0,3,5,14" ten="250,270,337,143" oya="2" hai0="123,90,5,114,108,3,112,81,85,0,57,105,124" hai1="120,121,135,96,116,70,106,48,102,67,89,13,40" hai2="11,17,104,44,110,20,127,111,125,132,25,18,45" hai3="63,43,34,99,46,115,74,50,87,65,98,61,39"/><V80/><F132/><W126/><G74/><T30/><D123/><N who="1" m="47179" /><E135/><V35/><F104/><W29/><G126/><N who="2" m="48137" /><F35/><W32/><G115/><T6/><D108/><N who="2" m="41514" /><F80/><W26/><G34/><T77/><D105/><U84/><E116/><V62/><F62/><W60/><G65/><T37/><D37/><U97/><E67/><V82/><F82/><W109/><G109/><T8/><D124/><U95/><E70/><V49/><F49/><W134/><G134/><T9/><D77/><U83/><E48/><V2/><F18/><W53/><REACH who="3" step="1"/><G87/><REACH who="3" ten="250,270,337,133" step="2"/><T58/><D112/><U10/><E84/><V16/><F2/><W56/><AGARI ba="0,1" hai="26,29,32,39,43,46,50,53,56,60,61,63,98,99" machi="56" ten="30,4000,0" yaku="1,1,2,1,0,1,53,0" doraHai="14" doraHaiUra="101" who="3" fromWho="3" sc="250,-10,270,-10,337,-20,133,50" /><INIT seed="3,0,0,1,4,85" ten="240,260,317,183" oya="3" hai0="8,12,97,121,87,106,130,33,116,65,109,117,112" hai1="134,68,15,80,64,26,54,30,57,104,99,79,69" hai2="27,40,44,36,76,92,91,18,49,86,84,128,53" hai3="56,102,2,16,118,22,37,96,83,126,122,95,50"/><W46/><G122/><T42/><D121/><U59/><E134/><V55/><F128/><W7/><G118/><T5/><D109/><U113/><E113/><V119/><F119/><W120/><G120/><T78/><D112/><U88/><E15/><V105/><F105/><W4/><G2/><T63/><D33/><U111/><E111/><V38/><F38/><W48/><G37/><T77/><D130/><U25/><E64/><V41/><F36/><W73/><G126/><T32/><D32/><U75/><E104/><V0/><F0/><W81/><G73/><T72/><D72/><U39/><E39/><V52/><F40/><N who="3" m="24647" /><G50/><T90/><D42/><U93/><E26/><V51/><F51/><W103/><G103/><T108/><D108/><U23/><REACH who="1" step="1"/><E57/><REACH who="1" ten="240,250,317,183" step="2"/><V43/><F43/><W123/><G56/><T101/><D116/><U45/><E45/><V89/><F76/><W29/><G123/><T114/><D117/><U31/><E31/><V133/><F133/><W6/><G29/><T35/><D114/><U34/><E34/><V1/><F1/><W131/><G131/><T66/><D35/><U100/><E100/><V125/><F125/><W21/><G21/><T11/><D66/><U28/><E28/><V74/><F41/><W135/><G135/><T71/><D8/><U58/><E58/><V70/><F44/><W107/><G107/><T24/><D24/><AGARI ba="0,1" hai="4,6,7,16,22,24,81,83,95,96,102" m="24647" machi="24" ten="30,2900,0" yaku="8,1,54,1" doraHai="85" who="3" fromWho="0" sc="240,-29,250,0,317,0,183,39" /><INIT seed="3,1,0,4,1,20" ten="211,250,317,222" oya="3" hai0="85,125,1,131,123,128,134,81,28,91,48,129,124" hai1="102,76,99,113,29,66,77,74,49,10,127,92,106" hai2="54,36,41,30,75,53,18,135,78,34,84,122,95" hai3="64,101,69,88,6,24,86,39,19,55,114,94,130"/><W8/><G114/><T58/><D1/><U47/><E113/><V111/><F75/><W93/><G39/><T7/><D7/><U25/><E127/><N who="0" m="48713" /><D123/><U82/><E66/><V61/><F122/><W15/><G130/><T133/><D28/><U83/><E10/><V79/><F135/><N who="0" m="51722" /><D48/><U119/><E119/><V110/><F30/><W35/><G69/><T45/><D58/><U67/><E67/><V126/><F36/><W31/><G64/><T73/><D45/><U118/><E106/><V32/><F126/><W109/><G109/><T104/><D73/><U4/><E4/><V100/><F111/><W87/><G55/><T46/><D46/><U38/><E38/><V52/><F110/><W68/><G68/><T0/><D0/><U40/><E118/><V63/><F53/><W51/><G51/><T105/><AGARI ba="1,0" hai="81,85,91,104,105,128,129,131" m="51722,48713" machi="105" ten="40,32000,5" yakuman="39" doraHai="20" who="0" fromWho="0" sc="211,323,250,-81,317,-81,222,-161" owari="534,63.4,169,-23.1,236,3.6,61,-43.9" /></mjloggm>