<mjloggm ver="2.3"><GO type="225" lobby="0"/><UN n0="%6D%75%75%6D%75%72%61" n1="%E3%81%A1%E3%82%85%E3%81%86%E3%81%A9%E3%81%8F%E8%B1%A1%E3%81%95%E3%82%93" n2="%E5%B8%86%E7%AB%8B%E5%A4%8F%E8%A1%A3" n3="%E5%80%89%E6%A9%8B%EF%BC%A0%E4%BA%8B%E5%8B%99" dan="16,17,17,16" rate="2130.67,2217.01,2128.49,2099.05" sx="F,M,M,M"/><TAIKYOKU oya="0"/><INIT seed="0,0,0,2,2,72" ten="250,250,250,250" oya="0" hai0="111,10,35,83,36,14,77,6,93,112,100,116,118" hai1="88,29,48,113,51,85,127,96,119,71,120,12,15" hai2="31,105,130,52,64,44,70,123,107,103,11,26,75" hai3="115,124,81,94,109,53,45,121,114,62,23,25,133"/><T122/><D112/><U9/><E119/><V97/><F123/><W33/><G121/><T50/><D122/><U39/><E120/><V40/><F130/><W110/><G33/><T38/><D35/><U63/><E39/><V104/><F75/><W59/><G133/><T67/><D111/><N who="3" m="42505" /><G124/><T98/><D67/><U17/><E127/><V1/><F1/><W131/><G131/><T84/><REACH who="0" step="1"/><D50/><REACH who="0" ten="240,250,250,250" step="2"/><U132/><E51/><V47/><F64/><W76/><G115/><T43/><D43/><U79/><E48/><V54/><F40/><W4/><G114/><T20/><D20/><U57/><E113/><V22/><F22/><W101/><G23/><T19/><D19/><U3/><E132/><V18/><F18/><W126/><G126/><T90/><D90/><U2/><E17/><V125/><F125/><W82/><G62/><T7/><D7/><U129/><E88/><V28/><F54/><W34/><G4/><T49/><D49/><U16/><E63/><V135/><F52/><W60/><G34/><T41/><D41/><U5/><E16/><V58/><F135/><W42/><G42/><T13/><D13/><U24/><E129/><V32/><F32/><W87/><G45/><T80/><D80/><U27/><E15/><V86/><F47/><W56/><G82/><T91/><D91/><U65/><E65/><V61/><F44/><W55/><G25/><T78/><D78/><U68/><E24/><V106/><N who="2" m="26624" /><DORA hai="128" /><V89/><F26/><W102/><G81/><T117/><AGARI ba="0,1" hai="6,10,14,36,38,77,83,84,93,98,100,116,117,118" machi="117" ten="30,11700,0" yaku="1,1,0,1,52,1,53,1" doraHai="72,128" doraHaiUra="73,134" who="0" fromWho="0" sc="240,127,250,-39,250,-39,250,-39" /><INIT seed="0,1,0,0,5,21" ten="367,211,211,211" oya="0" hai0="31,98,99,61,108,115,76,59,89,9,0,111,113" hai1="82,118,52,57,84,51,66,87,23,11,110,19,85" hai2="72,94,65,27,128,90,20,133,37,124,121,1,102" hai3="42,71,126,134,49,46,14,123,83,45,86,129,105"/><T10/><D76/><U35/><E118/><V8/><F121/><W16/><G105/><T112/><D31/><U22/><E110/><N who="0" m="42025" /><D89/><U135/><E135/><V75/><F124/><W67/><G134/><T60/><D59/><U130/><E130/><V2/><F128/><W74/><G129/><T28/><D28/><U109/><E109/><V55/><F65/><W30/><G126/><T5/><D9/><U69/><E35/><V15/><F102/><W96/><G74/><T63/><AGARI ba="1,0" hai="0,5,10,60,61,63,98,99,112,113,115" m="42025" machi="63" ten="40,3900,0" yaku="14,1,10,1" doraHai="21" who="0" fromWho="0" sc="367,42,211,-14,211,-14,211,-14" /><INIT seed="0,2,0,1,3,109" ten="409,197,197,197" oya="0" hai0="102,92,86,11,98,50,20,53,120,77,2,18,52" hai1="55,15,71,130,39,133,89,80,94,16,125,76,96" hai2="110,33,91,7,9,72,132,10,84,106,121,107,83" hai3="104,61,38,78,12,6,85,68,58,31,127,54,59"/><T19/><D120/><U17/><E133/><V43/><F110/><W99/><G38/><T117/><D117/><U49/><E130/><V118/><F132/><W103/><G127/><T48/><D2/><U70/><E125/><V34/><F121/><W1/><G1/><T41/><D11/><U111/><E39/><V129/><F43/><W21/><G68/><T65/><D65/><U123/><E123/><V95/><F118/><W4/><G31/><T113/><D113/><U0/><E0/><V27/><F129/><W90/><G78/><T13/><D18/><U122/><E122/><V79/><F10/><W135/><G135/><T24/><D24/><U116/><E116/><V40/><F40/><W124/><G124/><T63/><D63/><U82/><E17/><V66/><F66/><W97/><G97/><T36/><D36/><U3/><E3/><V29/><F34/><W25/><G12/><AGARI ba="2,0" hai="7,9,12,27,29,33,72,79,83,84,91,95,106,107" machi="12" ten="30,1000,0" yaku="7,1" doraHai="109" who="2" fromWho="3" sc="409,0,197,0,197,16,197,-16" /><INIT seed="1,0,0,3,1,74" ten="409,197,213,181" oya="1" hai0="115,77,32,80,62,124,134,36,93,16,129,38,34" hai1="70,84,8,109,83,41,29,113,0,55,42,11,89" hai2="1,51,88,82,68,130,53,59,125,122,52,131,6" hai3="127,95,119,28,121,48,50,20,100,112,65,4,96"/><U99/><E113/><V47/><F122/><W101/><G121/><T24/><D115/><U17/><E70/><V85/><F68/><W120/><G112/><T43/><D124/><U14/><E109/><V104/><F104/><W46/><G120/><T87/><D134/><U108/><E108/><V69/><F69/><W22/><G127/><T92/><D129/><N who="2" m="49162" /><F125/><W54/><G119/><T97/><D62/><U40/><E29/><V103/><F103/><W73/><G73/><T30/><D34/><U128/><E128/><V90/><F6/><W117/><G117/><T76/><D76/><N who="1" m="46183" /><E0/><V7/><F7/><W107/><G4/><T98/><D43/><U116/><E116/><V135/><F135/><W64/><G28/><T126/><D126/><U63/><E8/><V45/><F1/><W33/><G33/><T27/><D32/><U102/><E102/><V110/><F110/><W79/><G101/><T75/><D30/><U2/><E2/><V9/><F9/><W44/><G107/><T10/><D75/><U15/><E15/><V39/><F39/><W133/><G133/><T18/><D10/><U49/><E63/><N who="2" m="36327" /><F90/><W58/><G79/><T56/><D77/><U35/><E35/><V114/><F114/><W66/><REACH who="3" step="1"/><G58/><AGARI ba="0,0" hai="45,47,51,53,58,82,85,88" m="36327,49162" machi="58" ten="30,3900,0" yaku="19,1,54,2" doraHai="74" who="2" fromWho="3" sc="409,0,197,0,213,39,181,-39" /><INIT seed="2,0,0,3,3,128" ten="409,197,252,142" oya="2" hai0="60,124,78,49,71,77,126,37,43,72,19,53,95" hai1="107,62,99,56,101,15,92,125,120,70,23,28,0" hai2="67,44,97,20,1,85,51,36,79,80,31,8,82" hai3="121,117,50,59,104,65,27,130,55,103,132,89,111"/><V39/><F67/><W10/><G117/><T69/><D95/><U52/><E0/><V17/><F97/><W74/><G74/><T4/><D4/><U75/><E75/><V6/><F31/><W57/><G121/><T16/><D37/><U45/><E120/><V76/><F76/><N who="0" m="29290" /><D43/><U66/><E125/><N who="0" m="48233" /><D60/><U5/><E45/><V110/><F80/><W58/><G130/><T54/><D72/><U2/><E2/><V73/><F73/><W47/><G111/><T38/><D38/><U40/><E40/><V98/><F98/><W133/><G104/><T48/><D48/><U94/><E28/><V86/><F110/><W96/><G103/><T34/><D34/><U129/><E129/><V131/><F86/><W106/><G106/><T135/><D135/><N who="3" m="51785" /><G10/><T87/><D87/><U68/><E68/><N who="0" m="26185" /><D54/><U88/><E107/><V14/><F131/><W25/><G65/><T105/><D105/><U7/><E66/><V18/><F85/><W35/><G35/><T114/><D114/><U93/><E70/><V108/><F108/><W115/><G115/><T83/><D83/><U11/><E101/><V26/><F82/><W123/><G123/><T13/><D13/><N who="1" m="5359" /><E7/><V30/><F79/><W24/><G47/><AGARI ba="0,0" hai="16,19,47,49,53" m="26185,48233,29290" machi="47" ten="30,2000,0" yaku="18,1,54,1" doraHai="128" who="0" fromWho="3" sc="409,20,197,0,252,0,142,-20" /><INIT seed="3,0,0,0,3,135" ten="429,197,252,122" oya="3" hai0="128,75,1,105,34,53,116,48,113,40,4,90,60" hai1="11,80,45,41,43,15,61,107,30,63,72,86,28" hai2="119,104,133,18,52,9,57,54,112,67,58,127,110" hai3="71,33,78,97,8,44,109,103,51,2,124,24,66"/><W134/><G134/><T131/><D116/><U125/><E72/><V99/><F127/><W26/><G78/><T0/><D34/><U29/><E107/><V94/><F104/><N who="3" m="63599" /><G24/><T42/><D105/><U91/><E125/><V36/><F112/><W92/><G92/><T56/><D113/><U19/><E45/><V115/><F119/><W121/><G121/><T59/><D75/><U114/><E114/><V25/><F115/><W87/><G87/><T68/><D90/><U23/><E23/><N who="2" m="13559" /><F133/><W83/><G83/><T88/><D68/><U77/><E77/><V73/><F73/><W21/><G21/><T95/><D42/><AGARI ba="0,0" hai="11,15,19,28,29,30,41,42,43,61,63,80,86,91" machi="42" ten="40,1300,0" yaku="8,1" doraHai="135" who="1" fromWho="0" sc="429,-13,197,13,252,0,122,0" owari="416,51.6,210,-19.0,252,5.2,122,-37.8" /></mjloggm>