<mjloggm ver="2.3"><GO type="225" lobby="0"/><UN n0="%6D%75%75%6D%75%72%61" n1="%E3%81%A8%E3%81%82%E3%82%8B%E3%83%A1%E3%83%B3%E3%83%90%E3%83%BC" n2="%E3%82%82%E3%81%90%E3%82%89" n3="%77%72%77%72%77%72%77%72" dan="16,16,16,16" rate="2136.08,2058.10,2192.84,2146.83" sx="F,M,M,M"/><TAIKYOKU oya="0"/><INIT seed="0,0,0,4,0,58" ten="250,250,250,250" oya="0" hai0="70,100,93,12,4,106,72,117,53,31,47,98,63" hai1="120,16,45,111,71,62,74,131,91,92,28,99,59" hai2="54,17,73,41,32,128,94,105,108,35,97,33,107" hai3="29,42,80,77,8,109,13,129,96,85,21,65,3"/><T37/><D117/><U23/><E120/><V130/><F73/><W125/><G109/><T95/><D72/><U36/><E74/><V9/><F108/><W40/><G129/><N who="2" m="49769" /><F41/><W113/><G125/><T15/><D31/><U26/><E111/><V5/><F54/><W90/><G113/><T52/><D37/><U19/><E131/><V122/><F17/><W68/><G3/><T43/><D43/><U67/><REACH who="1" step="1"/><E71/><REACH who="1" ten="250,240,250,250" step="2"/><V61/><F122/><W81/><G68/><T34/><D70/><U50/><E50/><V25/><F35/><W127/><G127/><T79/><D34/><U87/><E87/><V30/><F33/><W69/><G69/><T118/><D118/><U44/><E44/><V89/><F107/><W66/><G96/><T38/><D106/><U84/><E84/><V46/><F46/><W18/><G42/><AGARI ba="0,1" hai="16,19,23,26,28,36,42,45,59,62,67,91,92,99" machi="42" ten="40,8000,1" yaku="1,1,52,1,54,1,53,1" doraHai="58" doraHaiUra="24" who="1" fromWho="3" sc="250,0,240,90,250,0,250,-80" /><INIT seed="1,0,0,4,4,74" ten="250,330,250,170" oya="1" hai0="104,122,62,107,48,36,31,127,50,3,58,63,49" hai1="6,17,18,83,29,44,46,0,123,113,66,84,111" hai2="11,133,35,99,112,129,73,61,55,102,88,25,51" hai3="22,13,78,40,20,70,56,91,68,118,100,33,128"/><U57/><E113/><V131/><F112/><W115/><G115/><T47/><D3/><U9/><E123/><V12/><F73/><W67/><G33/><T19/><D122/><U64/><E29/><V110/><F110/><W14/><G128/><N who="2" m="49225" /><F133/><W125/><G125/><T121/><D121/><U109/><E44/><V80/><F61/><W26/><G118/><T16/><D31/><U82/><E46/><N who="2" m="28151" /><F25/><W30/><G100/><T96/><D127/><U77/><E82/><V38/><F38/><W108/><G40/><T69/><D69/><U34/><E34/><V97/><F35/><W32/><G108/><N who="1" m="41546" /><E57/><V1/><F1/><W87/><G56/><T94/><D63/><U120/><E120/><V8/><F102/><W130/><G130/><T4/><D36/><U28/><E28/><V41/><F41/><W76/><G68/><T7/><D47/><U114/><E114/><V24/><F24/><W42/><G42/><T95/><D107/><U103/><E103/><V71/><F71/><W90/><G70/><T92/><D104/><U132/><E132/><V105/><F105/><W134/><G134/><T81/><D96/><N who="2" m="36938" /><F12/><W106/><G106/><T79/><D58/><U85/><E84/><AGARI ba="0,0" hai="8,11,80,84,88" m="36938,28151,49225" machi="84" ten="30,2000,0" yaku="19,1,54,1" doraHai="74" who="2" fromWho="1" sc="250,0,330,-20,250,20,170,0" /><INIT seed="2,0,0,0,0,10" ten="250,310,270,170" oya="2" hai0="121,107,76,128,30,64,31,57,95,98,39,6,118" hai1="11,103,131,3,67,66,79,97,60,50,52,32,16" hai2="54,26,9,99,45,127,34,56,90,17,37,4,111" hai3="22,115,1,86,87,28,85,78,48,40,106,125,81"/><V46/><F127/><W69/><G125/><T25/><D121/><U24/><E131/><V53/><F111/><W89/><G115/><T102/><D128/><U70/><E67/><V120/><F120/><W88/><G106/><T27/><D39/><U110/><E110/><V15/><F37/><W42/><G69/><T8/><D107/><U132/><E132/><V133/><F133/><W109/><G1/><T73/><D73/><U83/><E3/><V96/><F54/><W84/><G109/><T49/><D76/><U117/><E117/><V68/><F68/><W126/><G126/><T135/><D135/><U100/><E97/><V2/><F2/><W104/><G104/><T5/><D118/><U93/><E93/><N who="2" m="56375" /><F34/><W20/><G48/><T23/><D49/><U38/><E38/><V19/><F99/><W63/><G63/><N who="0" m="37999" /><D8/><U21/><E11/><V7/><F46/><W0/><G0/><T77/><D77/><U108/><E32/><AGARI ba="0,0" hai="5,6,23,25,27,30,31,32,95,98,102" m="37999" machi="32" ten="30,1000,0" yaku="25,1" doraHai="10" who="0" fromWho="1" sc="250,10,310,-10,270,0,170,0" /><INIT seed="3,0,0,0,0,51" ten="260,300,270,170" oya="3" hai0="20,74,13,69,50,134,125,33,68,78,66,108,123" hai1="90,46,135,31,56,40,83,0,4,109,113,43,7" hai2="102,133,22,111,105,84,67,39,70,121,6,55,44" hai3="122,37,12,24,3,130,120,79,104,86,17,2,11"/><W131/><G37/><T15/><D33/><U32/><E113/><V48/><F111/><W91/><G104/><T42/><D123/><N who="3" m="47145" /><G79/><T36/><D36/><U65/><E109/><V21/><F121/><W129/><G86/><T81/><D108/><U34/><E135/><V98/><F133/><W88/><G88/><T107/><D134/><U26/><E34/><V57/><F84/><W58/><G91/><T112/><D112/><U27/><E27/><V62/><F6/><N who="3" m="3191" /><G58/><T95/><D107/><U92/><E83/><V47/><F47/><W10/><G24/><T19/><D66/><U29/><E26/><V106/><F106/><W114/><G114/><T60/><D95/><U1/><E92/><V118/><F118/><W45/><G45/><T5/><D60/><U110/><E56/><V117/><F117/><W53/><G53/><T54/><D42/><AGARI ba="0,0" hai="21,22,39,42,44,48,55,57,62,67,70,98,102,105" machi="42" ten="40,5200,0" yaku="24,2,52,1" doraHai="51" who="2" fromWho="0" sc="260,-52,300,0,270,52,170,0" owari="208,-19.2,300,10.0,322,42.2,170,-33.0" /></mjloggm>