<mjloggm ver="2.3"><GO type="225" lobby="0"/><UN n0="%E8%BE%9B%E5%8F%A3%E3%82%AB%E3%83%AC%E3%83%BC%E3%83%A9%E3%82%A4%E3%82%B9" n1="%E7%89%B9%E6%9D%B1%E3%81%AF%E4%B8%96%E7%95%8C%E3%82%92%E6%95%91%E3%81%86" n2="%72%69%6F%75%63%68%61%6E" n3="%4C%4F%4C%49%54%41" dan="16,16,17,16" rate="2181.97,2167.35,2290.57,2186.34" sx="M,M,M,F"/><TAIKYOKU oya="0"/><INIT seed="0,0,0,5,1,11" ten="250,250,250,250" oya="0" hai0="50,92,59,94,135,23,74,31,66,4,48,63,9" hai1="21,3,1,100,110,111,14,53,16,56,107,62,80" hai2="8,27,39,60,69,28,75,121,129,38,36,32,76" hai3="68,13,130,34,98,133,72,115,106,81,87,70,126"/><T10/><D74/><U132/><E132/><V25/><F121/><W64/><G115/><T0/><D135/><U54/><E80/><V125/><F129/><W29/><G133/><T82/><D82/><U93/><E107/><V85/><F125/><W131/><G126/><T89/><D10/><U127/><E127/><V44/><F85/><W77/><G64/><T30/><D94/><U118/><E54/><V6/><F27/><N who="3" m="18751" /><G87/><T116/><D116/><U105/><E118/><V52/><F76/><W83/><G13/><T7/><D7/><U17/><E105/><V124/><F124/><W18/><G18/><T2/><D2/><U35/><E35/><V49/><F75/><W40/><G40/><T67/><D67/><U90/><E100/><V78/><F78/><W113/><G113/><T86/><REACH who="0" step="1"/><D23/><REACH who="0" ten="240,250,250,250" step="2"/><U26/><E1/><V73/><F73/><W88/><G81/><T91/><D91/><U102/><E3/><V57/><F69/><N who="3" m="26731" /><G88/><T114/><D114/><U122/><E102/><AGARI ba="0,1" hai="72,77,83,98,102,106,130,131" m="26731,18751" machi="102" ten="30,1000,0" yaku="23,1" doraHai="11" who="3" fromWho="1" sc="240,0,250,-10,250,0,250,20" /><INIT seed="1,0,0,2,0,112" ten="240,240,250,270" oya="1" hai0="66,83,123,47,128,59,100,51,101,8,40,63,24" hai1="75,48,127,122,102,2,109,74,54,77,5,65,104" hai2="70,113,21,93,18,120,98,60,133,64,81,37,16" hai3="135,110,9,56,115,94,17,29,90,19,27,58,80"/><U71/><E122/><V57/><F133/><W4/><G115/><T62/><D128/><U11/><E127/><V118/><F118/><W125/><G110/><T134/><D134/><U85/><E109/><V108/><F108/><W20/><G135/><T13/><D123/><U7/><E7/><V106/><F120/><W111/><G111/><T121/><D121/><U52/><E54/><V67/><F113/><W103/><G125/><T39/><D24/><U23/><E23/><V14/><F37/><W105/><G80/><T87/><D62/><U68/><E85/><V30/><F106/><W131/><G131/><T91/><REACH who="0" step="1"/><D39/><REACH who="0" ten="230,240,250,270" step="2"/><U88/><E71/><V25/><F70/><W116/><G27/><T119/><D119/><U114/><E114/><V28/><F67/><W33/><G116/><T126/><D126/><U117/><E117/><V35/><F35/><W78/><G33/><T124/><D124/><U55/><E65/><V86/><F28/><W132/><G29/><T15/><D15/><U50/><E68/><V89/><REACH who="2" step="1"/><F14/><REACH who="2" ten="230,240,240,270" step="2"/><W49/><G132/><T45/><D45/><U1/><E1/><V31/><F31/><W12/><G12/><T96/><D96/><U6/><E2/><V69/><F69/><W129/><G129/><T38/><D38/><U41/><E50/><V99/><F99/><W73/><G49/><T43/><D43/><U44/><E41/><V53/><F53/><W95/><G58/><T32/><D32/><U10/><E52/><V107/><F107/><W92/><G105/><T0/><D0/><N who="1" m="295" /><E104/><V34/><F34/><W26/><G56/><RYUUKYOKU ba="0,2" sc="230,15,240,-15,240,15,270,-15" hai0="8,13,40,47,51,59,63,66,83,87,91,100,101" hai2="16,18,21,25,30,57,60,64,81,86,89,93,98" /><INIT seed="2,1,2,5,4,21" ten="245,225,255,255" oya="2" hai0="104,110,115,124,3,91,58,43,96,116,40,71,122" hai1="27,76,24,69,30,60,46,53,126,55,129,128,45" hai2="14,93,2,61,32,84,47,86,59,106,6,15,33" hai3="49,77,39,101,5,36,107,100,38,74,72,23,108"/><V65/><F106/><W90/><G108/><T132/><RYUUKYOKU type="yao9" ba="1,2" sc="245,0,225,0,255,0,255,0" hai0="3,40,43,58,71,91,96,104,110,115,116,122,124,132" /><INIT seed="2,2,2,2,2,47" ten="245,225,255,255" oya="2" hai0="125,15,24,48,35,63,95,42,110,16,107,80,56" hai1="71,29,40,79,106,65,25,5,51,134,14,61,1" hai2="98,123,101,103,113,50,77,104,68,129,32,114,105" hai3="93,133,9,99,43,57,82,13,96,73,86,69,102"/><V55/><F123/><W84/><G69/><T91/><D107/><U81/><E1/><V120/><F120/><W20/><G133/><T70/><D110/><U12/><E134/><V97/><F129/><W38/><G73/><T67/><D125/><U111/><E111/><V39/><F39/><W60/><G38/><T52/><D80/><U54/><E40/><V8/><F32/><W3/><G3/><T2/><D2/><U85/><E5/><V28/><F68/><W36/><G36/><T17/><D42/><U22/><REACH who="1" step="1"/><E106/><REACH who="1" ten="245,215,255,255" step="2"/><V0/><F0/><W74/><G43/><T11/><D35/><U18/><E18/><V94/><F105/><W27/><G96/><T7/><D24/><U46/><AGARI ba="2,3" hai="12,14,22,25,29,46,51,54,61,65,71,79,81,85" machi="46" ten="20,8000,1" yaku="1,1,0,1,7,1,52,1,53,1" doraHai="47" doraHaiUra="83" who="1" fromWho="1" sc="245,-22,215,116,255,-42,255,-22" /><INIT seed="3,0,0,4,2,107" ten="223,331,213,233" oya="3" hai0="59,57,100,51,130,131,90,80,13,21,129,82,29" hai1="126,44,96,40,26,9,43,114,104,47,73,109,67" hai2="98,42,8,76,31,69,81,106,77,110,49,1,60" hai3="91,124,25,54,19,105,3,11,123,6,53,38,125"/><W2/><G123/><T24/><D100/><U36/><E73/><V46/><F110/><W58/><G38/><T7/><D51/><U78/><E78/><V102/><F31/><W122/><G122/><T18/><D7/><U133/><E114/><V112/><F112/><W48/><G105/><T120/><D120/><U121/><E121/><V55/><F81/><N who="0" m="31338" /><D90/><U127/><E133/><V75/><F75/><W134/><G134/><T22/><AGARI ba="0,0" hai="13,18,21,22,24,29,57,59,129,130,131" m="31338" machi="22" ten="40,1500,0" yaku="19,1" doraHai="107" who="0" fromWho="0" sc="223,15,331,-4,213,-4,233,-7" owari="238,3.8,327,42.7,209,-29.1,226,-17.4" /></mjloggm>