<mjloggm ver="2.3"><GO type="225" lobby="0"/><UN n0="%E8%81%B7%E6%A5%AD%E3%80%81%E9%A2%A8%32" n1="%E3%83%94%E3%82%B3%E3%83%9E%E3%82%B9%E3%83%86%E3%82%A3%E3%83%95" n2="%E3%82%BC%E3%83%AB%E3%83%80%E3%81%AE%E4%BC%9D%E8%AA%AC" n3="%E3%81%B8%E3%82%80%E3%81%B8%E3%82%80%EF%BC%92%E5%8F%B7" dan="16,17,16,16" rate="2143.25,2172.90,2179.07,2118.49" sx="M,M,M,M"/><TAIKYOKU oya="0"/><INIT seed="0,0,0,2,5,96" ten="250,250,250,250" oya="0" hai0="74,129,1,22,4,92,125,85,89,95,12,126,100" hai1="111,70,35,99,134,40,79,29,16,28,115,24,58" hai2="13,36,127,51,53,47,104,32,6,105,54,71,93" hai3="25,123,132,42,50,62,57,27,46,82,23,38,34"/><T80/><D129/><U122/><E122/><V135/><F32/><W63/><G123/><T31/><D1/><U81/><E70/><V119/><F71/><W61/><G132/><T17/><D4/><U11/><E134/><V88/><F135/><W9/><G34/><T59/><D74/><U72/><E111/><V5/><F127/><N who="0" m="48650" /><D31/><U69/><E69/><V102/><F119/><W75/><G9/><T2/><D2/><U33/><E115/><V3/><F36/><W120/><G120/><T65/><D100/><U56/><E40/><V103/><F3/><W114/><G114/><T118/><D118/><U7/><E99/><N who="2" m="57767" /><F104/><W43/><G43/><T8/><D8/><U64/><E64/><V131/><F105/><W94/><G94/><T110/><D110/><U101/><E101/><N who="2" m="38411" /><F131/><W107/><G107/><T108/><D108/><U130/><E130/><V68/><F68/><W37/><G37/><T73/><D73/><U21/><E35/><V48/><F13/><W14/><G14/><T26/><D12/><N who="1" m="5247" /><E33/><V87/><F87/><W66/><G38/><T78/><D78/><U52/><E72/><V116/><F116/><W49/><G75/><T10/><D10/><U20/><E79/><V60/><F60/><AGARI ba="0,0" hai="17,22,26,59,60,65,80,85,89,92,95" m="48650" machi="60" ten="30,1500,0" yaku="18,1" doraHai="96" who="0" fromWho="2" sc="250,15,250,0,250,-15,250,0" /><INIT seed="0,1,0,4,2,56" ten="265,250,235,250" oya="0" hai0="4,78,22,41,59,118,58,112,45,122,81,53,28" hai1="99,55,31,35,116,129,88,36,69,125,32,13,126" hai2="94,84,14,135,82,70,2,132,43,6,73,74,37" hai3="104,66,8,30,42,124,105,48,5,114,29,96,79"/><T21/><D118/><U123/><E123/><V50/><F2/><W61/><G114/><T12/><D122/><U90/><E116/><V1/><F1/><W127/><G79/><T87/><D112/><U65/><E36/><V95/><F37/><W121/><G121/><T119/><D119/><U130/><E13/><V91/><F70/><W47/><G29/><T68/><D68/><U115/><E115/><V134/><F43/><W92/><G30/><T63/><D59/><U49/><E65/><V71/><F71/><W39/><G39/><T40/><D28/><U107/><E69/><V46/><F6/><W7/><G104/><T102/><D102/><N who="1" m="62943" /><E31/><V93/><REACH who="2" step="1"/><F14/><REACH who="2" ten="265,250,225,250" step="2"/><W108/><G7/><T34/><D40/><U0/><E0/><V120/><F120/><W85/><G5/><T128/><D128/><N who="1" m="49259" /><E32/><V83/><F83/><W51/><G42/><T17/><D34/><U111/><E35/><V117/><F117/><W64/><G124/><N who="1" m="47722" /><E111/><V131/><F131/><W80/><G127/><T26/><D4/><U113/><E113/><V27/><F27/><W15/><G108/><T38/><D26/><U25/><E25/><V9/><F9/><AGARI ba="1,1" hai="9,12,17,21,22,38,41,45,53,58,63,78,81,87" machi="9" ten="30,2900,0" yaku="7,1,52,1" doraHai="56" who="0" fromWho="2" sc="265,42,250,0,225,-32,250,0" /><INIT seed="0,2,0,1,0,82" ten="307,250,193,250" oya="0" hai0="31,121,48,44,124,103,89,135,113,43,18,11,23" hai1="75,86,65,4,2,77,25,106,123,51,41,20,102" hai2="84,83,26,122,118,17,85,130,108,19,105,32,5" hai3="8,45,98,81,30,114,125,9,69,107,126,111,7"/><T58/><D121/><U46/><E123/><V59/><F122/><W21/><G69/><T22/><D113/><U34/><E34/><V120/><F120/><W92/><G114/><T54/><D135/><U33/><E33/><V16/><F105/><W29/><G107/><T14/><D124/><N who="3" m="47721" /><G111/><T88/><D103/><U67/><E75/><V109/><F130/><W68/><G68/><T133/><D133/><U62/><E2/><V55/><F118/><W132/><G132/><T96/><D96/><U94/><E4/><V40/><F40/><W35/><G35/><T72/><D72/><U28/><E106/><V36/><F36/><W104/><G104/><T127/><D127/><U93/><E102/><V42/><F42/><W49/><G81/><T79/><D79/><U78/><E67/><V117/><F5/><W97/><G9/><T56/><D56/><N who="1" m="37063" /><E94/><V80/><F117/><W10/><G10/><T15/><D31/><N who="3" m="11785" /><G21/><N who="0" m="7691" /><D15/><U71/><E71/><V74/><F32/><W60/><G60/><AGARI ba="2,0" hai="11,14,18,43,44,48,54,58,60,88,89" m="7691" machi="60" ten="30,2900,0" yaku="8,1,54,1" doraHai="82" who="0" fromWho="3" sc="307,35,250,0,193,0,250,-35" /><INIT seed="0,3,0,4,4,100" ten="342,250,193,215" oya="0" hai0="89,41,123,22,94,120,32,29,58,81,21,103,15" hai1="6,72,78,33,127,85,56,76,24,75,132,98,0" hai2="68,7,131,95,3,10,69,118,50,34,62,74,66" hai3="64,42,14,109,8,88,115,125,40,90,49,1,82"/><T23/><D41/><N who="3" m="15977" /><G115/><T43/><D43/><U45/><E45/><V124/><F50/><W2/><G2/><T102/><D32/><U105/><E56/><V9/><F124/><W44/><G1/><T35/><D35/><U97/><E33/><V83/><F131/><W65/><G109/><T67/><D29/><U19/><E0/><V117/><F34/><W121/><G121/><T77/><D15/><U55/><E55/><V59/><F10/><W80/><G49/><T25/><D25/><U46/><E46/><V39/><F39/><W54/><G54/><T122/><D67/><N who="3" m="25673" /><G44/><T63/><D63/><U26/><E127/><V84/><F74/><W12/><G125/><T48/><D48/><U128/><E128/><V38/><F95/><W114/><G114/><T47/><D47/><U107/><E85/><V30/><F30/><W133/><G133/><T61/><D58/><U101/><E101/><V60/><F38/><W17/><G12/><T16/><D61/><U104/><E104/><V111/><F111/><W71/><G71/><N who="2" m="27209" /><F62/><W116/><G116/><T86/><D123/><U31/><E132/><V130/><F130/><W91/><AGARI ba="3,0" hai="8,14,17,80,82,88,90,91" m="25673,15977" machi="91" ten="30,2000,0" yaku="8,1,54,1" doraHai="100" who="3" fromWho="3" sc="342,-13,250,-8,193,-8,215,29" /><INIT seed="1,0,0,0,2,85" ten="329,242,185,244" oya="1" hai0="7,96,103,127,10,37,2,123,118,19,72,133,46" hai1="44,119,68,60,84,71,66,111,32,5,27,62,3" hai2="129,89,122,132,87,101,108,134,20,28,107,83,74" hai3="88,39,92,34,25,82,109,130,47,93,77,75,78"/><U40/><E119/><V51/><F51/><W104/><G104/><T57/><D123/><U52/><E111/><V13/><F28/><W65/><G109/><T22/><D118/><U97/><E3/><V53/><F108/><W120/><G120/><T30/><D72/><U1/><E32/><V67/><F122/><W50/><G130/><T91/><D127/><U131/><E131/><V33/><F129/><W58/><G39/><T24/><D133/><N who="2" m="51306" /><F33/><W35/><G78/><T61/><D46/><U113/><E113/><V81/><F67/><W124/><G124/><T102/><D37/><U26/><E97/><N who="2" m="61871" /><F53/><W99/><G93/><N who="0" m="56383" /><D30/><U0/><E0/><V86/><F13/><W105/><G105/><T23/><D23/><U128/><E128/><V21/><F74/><W116/><G116/><T45/><D45/><U73/><E73/><V98/><F98/><W55/><REACH who="3" step="1"/><G25/><REACH who="3" ten="329,242,185,234" step="2"/><T106/><D106/><U90/><E27/><V76/><AGARI ba="0,1" hai="20,21,76,81,83,86,87,89" m="61871,51306" machi="76" ten="30,2000,0" yaku="20,1,52,1" doraHai="85" who="2" fromWho="2" sc="329,-5,242,-10,185,30,234,-5" /><INIT seed="2,0,0,3,2,74" ten="324,232,215,229" oya="2" hai0="112,97,113,107,102,39,1,77,43,63,131,72,128" hai1="122,100,81,67,86,98,69,54,9,12,11,123,87" hai2="92,13,52,132,24,64,42,26,134,20,35,125,121" hai3="22,33,0,119,90,89,4,31,17,32,28,118,110"/><V7/><F121/><N who="1" m="46089" /><E67/><V82/><F125/><W111/><G90/><T116/><D1/><U45/><E69/><V49/><F64/><W59/><G59/><T95/><D63/><U44/><E54/><V115/><F115/><N who="0" m="44106" /><D43/><U58/><E58/><V40/><F92/><W55/><G55/><T75/><D39/><U23/><E23/><V8/><F35/><N who="3" m="13387" /><G89/><T2/><D2/><U103/><E11/><V105/><F105/><W85/><G85/><N who="1" m="32266" /><E81/><V60/><F82/><W73/><G73/><N who="0" m="28235" /><D116/><N who="3" m="44585" /><G0/><T53/><D53/><U36/><E36/><V30/><F60/><W130/><G130/><N who="0" m="49707" /><D77/><U76/><E76/><V96/><F40/><W51/><G51/><T25/><D25/><U18/><E45/><V21/><F42/><W6/><G6/><T50/><D50/><U15/><E44/><V38/><F38/><W83/><G4/><T16/><D16/><U14/><E18/><V104/><F49/><W61/><G61/><T68/><D68/><U129/><E129/><V56/><F56/><W57/><G57/><T48/><D48/><U79/><E79/><V84/><F52/><W70/><G70/><T10/><D10/><U41/><E9/><V117/><F117/><W78/><G17/><T99/><D99/><U91/><E41/><V124/><F96/><W94/><G22/><T34/><D34/><U101/><E98/><V29/><F7/><W62/><G62/><T27/><D27/><U120/><E120/><V5/><F5/><W114/><G114/><T46/><D46/><U71/><E71/><V109/><F26/><W106/><G31/><N who="2" m="11785" /><F24/><W133/><G28/><RYUUKYOKU ba="0,0" sc="324,15,232,15,215,-15,229,-15" hai0="95,97,102,107" hai1="12,14,15,91,100,101,103" /><INIT seed="3,1,0,0,3,93" ten="339,247,200,214" oya="3" hai0="30,98,31,54,127,71,35,47,49,7,25,83,117" hai1="12,41,23,90,3,56,103,84,18,106,62,24,122" hai2="79,28,75,22,45,9,13,120,129,95,34,52,81" hai3="58,108,66,46,27,135,43,42,4,92,73,82,55"/><W104/><G104/><T114/><D71/><U85/><E3/><V70/><F70/><W96/><G135/><T19/><D117/><U14/><E122/><V36/><F120/><W101/><G108/><T5/><D127/><U118/><E118/><V50/><F129/><W115/><G115/><T123/><D123/><U37/><E37/><V74/><F36/><W67/><G4/><T124/><D124/><U40/><E103/><V112/><F112/><W48/><G42/><N who="1" m="16490" /><E106/><V87/><F34/><W60/><G73/><T69/><D69/><U78/><E78/><V15/><F95/><W133/><G133/><T89/><D83/><N who="1" m="49439" /><E85/><V26/><REACH who="2" step="1"/><F15/><REACH who="2" ten="339,247,190,214" step="2"/><W10/><G82/><T97/><D35/><U32/><E32/><V116/><F116/><W51/><G27/><T21/><D114/><U109/><E109/><V33/><F33/><W131/><G131/><T53/><D25/><U126/><E126/><V16/><AGARI ba="1,1" hai="9,13,16,22,26,28,45,50,52,74,75,79,81,87" machi="16" ten="20,8000,1" yaku="1,1,0,1,7,1,54,2,53,0" doraHai="93" doraHaiUra="125" who="2" fromWho="2" sc="339,-21,247,-21,190,93,214,-41" owari="318,41.8,226,-17.4,283,8.3,173,-32.7" /></mjloggm>