<mjloggm ver="2.3"><GO type="225" lobby="0"/><UN n0="%E5%8F%AF%E5%85%90%E9%82%A3%E7%94%B1%E5%A4%9A" n1="%E9%87%8E%E3%80%85%E5%AE%AE%E8%97%8D" n2="%6D%61%74%69%67%75%73%61" n3="%E3%82%B2%E3%82%B9%E8%8C%82%E5%8B%9D" dan="17,17,17,16" rate="2157.43,2215.30,2217.83,2116.96" sx="F,F,M,F"/><TAIKYOKU oya="0"/><INIT seed="0,0,0,1,3,17" ten="250,250,250,250" oya="0" hai0="75,60,23,85,89,113,127,125,35,39,74,77,110" hai1="109,128,14,33,1,105,51,21,101,36,84,56,38" hai2="53,66,72,107,112,87,104,82,43,79,55,99,31" hai3="70,126,90,7,94,130,67,5,97,44,63,132,78"/><T42/><D35/><U115/><E1/><V50/><F112/><W57/><G130/><T76/><D113/><U11/><E33/><V20/><F66/><W19/><G132/><T13/><D60/><U69/><E69/><V25/><F72/><N who="0" m="27690" /><D42/><U121/><E121/><V32/><F32/><W12/><G126/><N who="0" m="48139" /><D39/><U123/><E123/><V111/><F111/><W81/><G44/><T61/><D61/><U6/><E109/><V86/><F43/><W129/><G129/><T34/><D34/><U124/><E115/><V62/><F86/><N who="3" m="48439" /><G70/><T134/><D110/><U95/><E128/><V48/><F62/><W98/><G98/><T122/><D122/><U24/><E124/><V16/><F99/><W103/><G103/><T64/><D64/><U46/><E38/><V83/><F83/><W102/><G102/><T54/><D54/><U27/><E36/><V91/><F79/><W15/><G15/><T131/><D131/><U8/><E101/><V49/><REACH who="2" step="1"/><F31/><REACH who="2" ten="250,250,240,250" step="2"/><W58/><G67/><T18/><D134/><U100/><E84/><V47/><F47/><W68/><G68/><T26/><D26/><U0/><E27/><V135/><F135/><W37/><G37/><T40/><D40/><U133/><E133/><V118/><F118/><W119/><G119/><T80/><AGARI ba="0,1" hai="13,18,23,76,77,80,85,89" m="48139,27690" machi="80" ten="30,3000,0" yaku="18,1,52,1" doraHai="17" who="0" fromWho="0" sc="250,40,250,-10,240,-10,250,-10" /><INIT seed="0,1,0,1,2,101" ten="290,240,230,240" oya="0" hai0="115,12,89,128,68,133,35,126,39,112,32,104,130" hai1="4,110,3,121,2,5,92,76,122,47,98,57,33" hai2="73,46,85,7,116,69,71,56,64,124,117,42,86" hai3="9,55,31,123,11,23,41,127,13,67,6,45,93"/><T77/><D39/><U38/><E33/><N who="0" m="12873" /><D77/><U36/><E110/><V96/><F73/><W49/><G127/><T19/><D89/><U15/><E76/><V134/><F7/><W18/><G123/><T81/><D81/><U8/><E57/><V43/><F96/><W100/><G67/><T70/><D104/><U52/><E36/><V74/><F74/><W82/><G82/><T83/><D83/><U59/><E47/><V65/><F56/><W91/><G100/><T90/><D90/><U87/><E87/><V58/><F58/><W51/><G31/><T0/><D0/><U1/><E5/><V102/><F102/><W79/><G79/><T27/><D27/><U29/><E29/><V105/><F46/><N who="3" m="25807" /><G6/><T97/><D97/><AGARI ba="1,0" hai="9,11,13,18,23,45,51,55,91,93,97" m="25807" machi="97" ten="30,1000,0" yaku="8,1" doraHai="101" who="3" fromWho="0" sc="290,-13,240,0,230,0,240,13" /><INIT seed="1,0,0,0,1,123" ten="277,240,230,253" oya="1" hai0="132,5,103,95,16,53,37,100,107,26,96,58,71" hai1="81,85,75,6,77,9,94,20,18,35,127,45,86" hai2="25,116,67,93,41,84,40,19,15,62,131,46,97" hai3="47,117,21,113,11,89,106,98,61,76,129,0,55"/><U36/><E35/><V3/><F3/><W80/><G113/><T72/><D71/><U88/><E127/><V48/><F131/><W73/><G129/><T124/><D37/><U33/><E33/><V17/><F116/><W79/><G79/><T110/><D72/><U111/><E111/><V66/><F84/><W30/><G117/><T56/><D124/><U42/><E20/><N who="2" m="13471" /><F62/><W115/><G115/><T28/><D132/><U121/><E18/><V23/><F41/><W10/><G0/><T99/><D5/><U91/><E121/><V60/><F60/><W52/><G55/><T22/><D110/><U108/><E108/><V50/><F50/><W13/><G106/><T4/><D4/><U83/><E83/><V57/><F57/><W32/><G32/><T27/><REACH who="0" step="1"/><D53/><REACH who="0" ten="267,240,230,253" step="2"/><U104/><E6/><V38/><F38/><W39/><G39/><T82/><D82/><U43/><E43/><V135/><F135/><W74/><G80/><T63/><D63/><U112/><E112/><V101/><AGARI ba="0,1" hai="15,17,23,40,46,48,66,67,93,97,101" m="13471" machi="101" ten="30,1100,0" yaku="8,1" doraHai="123" who="2" fromWho="2" sc="267,-3,240,-5,230,21,253,-3" /><INIT seed="2,0,0,3,2,7" ten="264,235,251,250" oya="2" hai0="37,117,97,88,25,1,14,57,106,103,56,42,8" hai1="133,80,71,20,129,39,90,9,45,86,29,132,131" hai2="12,66,0,122,50,55,87,35,89,28,102,123,130" hai3="17,65,111,15,99,60,104,79,110,127,38,3,64"/><V83/><F0/><W18/><G3/><T41/><D1/><U116/><E116/><V43/><F130/><N who="1" m="49673" /><E71/><V75/><F43/><W22/><G38/><T91/><D117/><U128/><N who="1" m="49681" /><U40/><DORA hai="70" /><E9/><V59/><F75/><W95/><G127/><T108/><D108/><N who="3" m="41513" /><G104/><T48/><D37/><U100/><E100/><V76/><F102/><N who="3" m="60799" /><G79/><T96/><D106/><U2/><E2/><V121/><F66/><W74/><G74/><T23/><D103/><U27/><AGARI ba="0,0" hai="20,27,29,39,40,45,80,86,90,132,133" m="49681" machi="27" ten="50,3200,0" yaku="19,1,52,1" doraHai="7,70" who="1" fromWho="1" sc="264,-8,235,32,251,-16,250,-8" /><INIT seed="3,0,0,0,4,77" ten="256,267,235,242" oya="3" hai0="40,56,44,115,2,17,91,127,131,48,135,57,37" hai1="120,33,41,132,26,34,3,80,100,66,114,122,54" hai2="31,28,98,65,63,5,45,19,22,21,46,134,61" hai3="78,117,43,55,4,39,70,51,94,99,95,25,52"/><W128/><G117/><T130/><D2/><U105/><E114/><V27/><F134/><W68/><G128/><N who="0" m="49195" /><D17/><U16/><E3/><V29/><F5/><W90/><G4/><T59/><D91/><U7/><E7/><V84/><F98/><W71/><G78/><T12/><D12/><U133/><E66/><V111/><F111/><W107/><G107/><T73/><D73/><U97/><E41/><V15/><F84/><W75/><G75/><T13/><D13/><U116/><E116/><V18/><REACH who="2" step="1"/><F63/><REACH who="2" ten="256,267,225,242" step="2"/><W82/><G99/><T74/><D135/><U79/><E133/><V8/><F8/><W10/><G71/><AGARI ba="0,1" hai="15,18,19,21,22,27,28,29,31,45,46,61,65,71" machi="71" ten="40,2600,0" yaku="1,1,53,1" doraHai="77" doraHaiUra="9" who="2" fromWho="3" sc="256,0,267,0,225,36,242,-26" /><INIT seed="4,0,0,0,3,45" ten="256,267,261,216" oya="0" hai0="96,4,108,24,64,87,71,22,81,72,17,40,121" hai1="92,123,31,21,54,1,55,103,38,10,93,74,7" hai2="46,29,112,91,76,30,57,80,23,88,14,49,126" hai3="107,60,83,53,19,11,104,120,18,122,82,59,105"/><T47/><D121/><N who="3" m="46697" /><G11/><T119/><D119/><U133/><E123/><V100/><F112/><W56/><G60/><T65/><D108/><U58/><E38/><V39/><F126/><W97/><G97/><T85/><D72/><U62/><E74/><V86/><F39/><W69/><G69/><T61/><D65/><U33/><E33/><V12/><F57/><N who="3" m="22091" /><G53/><T66/><D66/><U95/><E133/><V89/><F100/><W3/><G3/><T113/><D113/><U78/><E78/><V9/><F23/><W16/><AGARI ba="0,0" hai="16,18,19,82,83,104,105,107" m="22091,46697" machi="16" ten="40,8000,1" yaku="28,2,13,1,54,1" doraHai="45" who="3" fromWho="3" sc="256,-40,267,-20,261,-20,216,80" /><INIT seed="5,0,0,2,3,19" ten="216,247,241,296" oya="1" hai0="33,42,123,10,18,32,31,59,29,28,1,72,127" hai1="40,14,120,6,53,91,67,44,100,103,34,99,87" hai2="116,79,41,55,85,77,5,3,36,107,8,76,88" hai3="117,27,112,115,37,108,23,78,60,81,131,118,46"/><U121/><E34/><N who="0" m="13417" /><D72/><U50/><E67/><V35/><F116/><N who="3" m="44651" /><G108/><T114/><D59/><U25/><E25/><V84/><F35/><W122/><G131/><T75/><D75/><U105/><E103/><V119/><F119/><W104/><G104/><T49/><D49/><U94/><REACH who="1" step="1"/><E40/><REACH who="1" ten="216,237,241,296" step="2"/><V98/><F41/><N who="3" m="22831" /><G60/><T65/><D42/><U2/><E2/><V0/><F0/><W135/><G122/><T86/><D65/><U24/><E24/><V57/><F3/><W52/><G135/><T16/><D123/><U12/><E12/><V124/><F107/><W113/><G52/><T62/><D62/><U56/><E56/><V97/><F57/><W82/><G78/><T102/><D102/><U133/><E133/><V39/><F55/><W30/><AGARI ba="0,1" hai="23,27,30,81,82,112,113,115" m="22831,44651" machi="30" ten="40,5200,0" yaku="15,1,12,1,52,1" doraHai="19" who="3" fromWho="3" sc="216,-13,237,-26,241,-13,296,62" owari="203,-29.7,211,-18.9,228,2.8,358,45.8" /></mjloggm>