<mjloggm ver="2.3"><GO type="225" lobby="0"/><UN n0="%6D%75%75%73%61%6E%6D%75" n1="%E3%80%93%E3%81%97%E3%83%BC%E3%82%89%E3%80%93" n2="%E3%81%A9%E3%82%93%E3%82%88%E3%81%8F%4D%6B%2E%32" n3="%E3%81%99%E3%81%84%E3%81%BE%E3%81%9B%E3%83%BC%E3%82%93" dan="16,16,16,18" rate="2141.58,2157.84,2164.72,2296.63" sx="F,M,M,M"/><TAIKYOKU oya="0"/><INIT seed="0,0,0,1,5,134" ten="250,250,250,250" oya="0" hai0="92,68,4,113,98,117,110,28,81,114,58,80,43" hai1="99,12,108,67,133,63,42,128,77,11,26,132,49" hai2="0,23,32,82,18,16,125,90,35,41,15,88,79" hai3="124,9,93,21,22,3,118,65,64,121,95,78,70"/><T96/><D117/><U104/><E108/><V27/><F0/><W109/><G118/><T100/><D68/><U44/><E128/><V46/><F125/><W40/><G109/><T34/><D110/><U130/><E130/><V54/><F54/><W105/><G105/><T116/><D116/><U13/><E77/><V87/><F32/><W53/><G78/><T1/><D43/><U135/><E11/><V111/><F111/><W123/><G9/><T24/><D1/><U38/><E38/><V33/><F33/><W50/><G40/><T71/><D71/><N who="1" m="42495" /><E26/><V30/><REACH who="2" step="1"/><F18/><REACH who="2" ten="250,250,240,250" step="2"/><W45/><G3/><T52/><D4/><U25/><E135/><V6/><F6/><W48/><G53/><T89/><D113/><U69/><E133/><V84/><F84/><W106/><G124/><T19/><D114/><U51/><E132/><V91/><F91/><W2/><G2/><T5/><D5/><U101/><E99/><V31/><F31/><W59/><G123/><T14/><D19/><U83/><E101/><V47/><F47/><W7/><G45/><T75/><D75/><U62/><E44/><V131/><F131/><W126/><G126/><T85/><D96/><U107/><E42/><V86/><F86/><W97/><G97/><T36/><D28/><U122/><E122/><V94/><F94/><W10/><G7/><T66/><D34/><U129/><E129/><V20/><F20/><W115/><G121/><T56/><D85/><U112/><E112/><V120/><F120/><W8/><G115/><T37/><D98/><U73/><E107/><V17/><F17/><RYUUKYOKU ba="0,1" sc="250,-10,250,-10,240,30,250,-10" hai2="15,16,23,27,30,35,41,46,79,82,87,88,90" /><INIT seed="1,1,1,3,0,125" ten="240,240,270,240" oya="1" hai0="126,121,19,33,61,82,48,47,124,29,77,85,118" hai1="104,25,132,97,4,119,31,72,88,59,84,62,115" hai2="117,3,51,10,52,37,110,94,103,98,95,55,53" hai3="76,40,15,64,133,71,20,11,18,13,44,78,74"/><U57/><E115/><V106/><F117/><W108/><G108/><T105/><D118/><U36/><E36/><V134/><F134/><W91/><G133/><T49/><D49/><U34/><E72/><V70/><F37/><W67/><G71/><T8/><D105/><U63/><E132/><V50/><F70/><W7/><G91/><T24/><D121/><U114/><E114/><V122/><F122/><W116/><G116/><T23/><D61/><U39/><E39/><V112/><F112/><W56/><G56/><T90/><D77/><N who="3" m="29801" /><G74/><T0/><D0/><U66/><E4/><V83/><F110/><W2/><G2/><T99/><D99/><U16/><E119/><V6/><F83/><W130/><G130/><T41/><REACH who="0" step="1"/><D8/><REACH who="0" ten="230,240,270,240" step="2"/><U45/><E104/><V120/><F120/><W28/><G28/><T22/><D22/><U107/><E107/><V111/><F111/><W73/><G73/><T113/><D113/><U80/><E97/><V17/><REACH who="2" step="1"/><F17/><REACH who="2" ten="230,240,260,240" step="2"/><W87/><G87/><T131/><D131/><U5/><E16/><V89/><F89/><W9/><G9/><T81/><D81/><U43/><E88/><V93/><AGARI ba="1,3" hai="3,6,10,50,51,52,53,55,93,94,95,98,103,106" machi="93" ten="30,7900,0" yaku="1,1,0,1,54,1,53,1" doraHai="125" doraHaiUra="100" who="2" fromWho="2" sc="230,-21,240,-40,260,112,240,-21" /><INIT seed="2,0,0,3,4,41" ten="209,200,372,219" oya="2" hai0="106,28,8,97,9,80,26,81,132,23,39,78,19" hai1="30,13,79,24,82,15,49,71,99,5,1,64,43" hai2="84,16,118,104,6,7,123,121,102,0,76,112,77" hai3="52,33,10,31,22,63,117,73,59,109,66,133,58"/><V75/><F75/><W68/><G117/><T119/><D119/><U114/><E114/><V45/><F112/><W60/><G33/><T12/><D132/><U107/><E1/><V44/><F118/><W54/><G73/><T92/><D106/><U95/><E5/><V20/><F104/><W124/><G133/><T48/><D39/><U38/><E38/><V122/><F102/><W130/><G130/><T103/><D48/><U29/><E107/><V128/><F128/><W11/><G109/><T131/><D131/><U72/><E30/><V135/><F135/><W35/><G35/><T67/><D67/><U25/><E25/><V32/><F32/><W21/><G124/><T126/><D126/><U94/><E94/><V3/><F84/><W127/><G127/><T4/><REACH who="0" step="1"/><D78/><REACH who="0" ten="199,200,372,219" step="2"/><U113/><E113/><V50/><F50/><W116/><G116/><T134/><D134/><U14/><E64/><V56/><F77/><W40/><G40/><T86/><D86/><U62/><E43/><V90/><F76/><W47/><G66/><T34/><D34/><U93/><E49/><V83/><F122/><W88/><G63/><T51/><D51/><U110/><E79/><V17/><F123/><W120/><G60/><T74/><D74/><U36/><E62/><V69/><F121/><W70/><G120/><T55/><D55/><U53/><E36/><V96/><F96/><W91/><G47/><T42/><D42/><U65/><E99/><V100/><F45/><W61/><G61/><T46/><D46/><U111/><E53/><V115/><F44/><W37/><G37/><RYUUKYOKU ba="0,1" sc="199,15,200,-15,372,-15,219,15" hai0="4,8,9,12,19,23,26,28,80,81,92,97,103" hai3="10,11,21,22,31,52,54,58,59,68,70,88,91" /><INIT seed="3,1,1,5,5,20" ten="214,185,357,234" oya="3" hai0="27,68,125,47,57,12,5,115,121,111,9,21,22" hai1="127,116,72,91,36,95,40,44,93,34,1,131,45" hai2="31,106,98,32,104,109,4,117,102,58,112,61,38" hai3="124,54,75,123,24,81,51,23,43,119,6,118,50"/><W19/><G123/><T16/><D68/><U65/><E1/><V46/><F112/><W11/><G124/><T69/><D121/><U89/><E127/><V52/><F117/><W105/><G105/><T59/><D69/><U67/><E116/><V129/><F129/><W76/><G50/><T114/><D125/><U88/><E72/><V77/><F77/><W107/><G43/><T71/><D71/><U132/><E131/><V78/><F78/><W82/><G81/><T63/><D111/><U60/><E132/><V108/><F4/><W100/><G100/><T30/><D47/><U26/><E45/><V13/><F13/><W92/><G92/><T49/><D49/><U83/><E83/><V39/><F106/><W25/><G24/><T73/><D73/><U120/><E120/><V96/><F96/><W66/><G66/><T62/><D114/><U17/><E67/><V74/><F74/><W41/><G41/><T87/><D87/><U55/><E55/><V8/><F8/><W64/><G64/><T94/><D94/><U48/><E36/><V7/><F7/><W84/><G107/><T110/><D110/><N who="2" m="42602" /><F46/><W85/><G119/><T101/><D101/><U135/><E135/><V133/><F133/><W37/><G118/><T42/><D115/><U97/><E95/><V33/><F31/><W28/><G28/><T10/><D42/><U90/><E34/><AGARI ba="1,1" hai="32,33,34,38,39,52,58,61,98,102,104" m="42602" machi="34" ten="30,2000,0" yaku="14,1,54,1" doraHai="20" who="2" fromWho="1" sc="214,0,185,-23,357,33,234,0" owari="214,-18.6,162,-33.8,390,49.0,234,3.4" /></mjloggm>