<mjloggm ver="2.3"><GO type="225" lobby="0"/><UN n0="%E3%83%B4%E3%83%A0%EF%BC%99%E3%81%A6" n1="%E3%81%9F%E3%81%8C%E3%82%84%E3%81%99" n2="%72%61%6B%33" n3="%61%69%73%79%6F" dan="17,16,17,17" rate="2196.90,2119.26,2209.89,2152.67" sx="M,M,M,M"/><TAIKYOKU oya="0"/><INIT seed="0,0,0,5,4,23" ten="250,250,250,250" oya="0" hai0="66,46,105,42,99,17,24,26,75,128,77,39,49" hai1="107,59,108,121,111,58,43,123,7,132,124,15,37" hai2="87,81,85,68,51,135,45,55,57,84,112,90,113" hai3="50,27,0,62,69,96,33,3,114,54,117,80,36"/><T32/><D128/><U98/><E98/><V125/><F125/><W9/><G36/><T93/><D105/><U21/><E107/><V103/><F135/><W126/><G114/><T95/><D32/><U28/><E43/><V92/><F68/><W65/><G126/><T110/><D110/><N who="1" m="42027" /><E37/><V115/><F103/><W4/><G117/><T86/><D75/><U109/><E109/><V2/><F2/><W12/><G96/><T56/><D17/><U88/><E124/><V127/><F127/><W70/><G80/><N who="0" m="47375" /><D39/><U30/><E132/><V8/><F8/><W116/><G70/><T35/><D35/><U83/><E7/><V63/><REACH who="2" step="1"/><F81/><REACH who="2" ten="250,250,240,250" step="2"/><W20/><G116/><T38/><D38/><U102/><E102/><V67/><AGARI ba="0,1" hai="45,51,55,57,63,67,84,85,87,90,92,112,113,115" machi="67" ten="30,4000,0" yaku="1,1,2,1,0,1,53,0" doraHai="23" doraHaiUra="29" who="2" fromWho="2" sc="250,-20,250,-10,240,50,250,-10" /><INIT seed="1,0,0,2,2,58" ten="230,240,290,240" oya="1" hai0="122,11,65,27,30,7,93,117,29,56,31,120,80" hai1="69,63,44,73,131,132,22,34,35,15,37,100,107" hai2="28,101,52,50,59,81,57,70,108,10,1,112,55" hai3="60,49,87,54,79,111,134,53,74,75,85,64,42"/><U116/><E73/><V102/><F70/><W128/><G111/><T8/><D80/><U99/><E116/><V0/><F108/><W96/><G128/><T98/><D117/><U135/><E131/><V105/><F112/><W12/><G134/><N who="1" m="51242" /><E22/><V106/><F81/><W94/><G74/><T18/><D18/><U133/><N who="1" m="51250" /><U78/><DORA hai="92" /><E15/><V82/><F82/><W125/><G125/><T97/><D27/><U6/><E6/><V45/><F45/><N who="3" m="25783" /><G79/><T32/><D32/><U89/><E89/><V16/><F50/><W39/><G39/><T3/><D8/><U121/><E78/><V26/><F10/><W33/><G33/><T5/><D5/><U115/><E121/><N who="0" m="46697" /><D93/><U126/><E115/><V14/><F14/><W71/><G12/><T46/><D46/><U38/><E126/><V130/><F130/><W36/><G94/><T124/><D124/><U61/><E38/><V62/><F26/><W113/><G36/><T17/><D17/><U95/><E95/><V21/><F16/><W114/><G114/><T129/><D129/><U41/><E63/><AGARI ba="0,0" hai="3,7,11,29,30,31,56,63,65,97,98" m="46697" machi="63" ten="30,7700,0" yaku="13,1,52,3" doraHai="58,92" who="0" fromWho="1" sc="230,77,240,-77,290,0,240,0" /><INIT seed="2,0,0,5,0,121" ten="307,163,290,240" oya="2" hai0="44,63,22,20,15,11,122,80,131,5,117,81,103" hai1="39,101,52,56,29,70,64,74,35,0,23,126,133" hai2="120,12,49,76,16,37,62,84,78,60,65,58,125" hai3="92,53,55,135,114,95,123,104,14,130,100,98,106"/><V107/><F120/><W102/><G123/><T17/><D122/><U54/><E74/><V36/><F125/><W88/><G135/><T19/><D131/><U18/><E0/><V83/><F107/><W99/><G130/><T68/><D117/><U57/><E126/><V110/><F110/><W50/><G114/><T87/><D103/><U89/><E39/><V4/><F4/><W9/><G100/><T28/><D28/><U82/><E64/><V115/><F115/><W3/><G3/><T66/><D44/><U61/><E70/><V109/><F109/><W1/><G1/><T128/><D128/><U134/><E101/><V51/><F78/><W40/><G40/><T111/><D111/><U97/><E29/><V116/><F116/><W2/><G2/><T129/><D129/><U27/><E35/><V43/><F62/><W105/><REACH who="3" step="1"/><G50/><REACH who="3" ten="307,163,290,230" step="2"/><T31/><D31/><U42/><E42/><V112/><F112/><W71/><G71/><T127/><D127/><U59/><E59/><V38/><REACH who="2" step="1"/><F43/><REACH who="2" ten="307,163,280,230" step="2"/><W32/><G32/><T41/><D41/><U8/><E134/><V10/><AGARI ba="0,2" hai="10,12,16,36,37,38,49,51,58,60,65,76,83,84" machi="10" ten="30,12000,1" yaku="1,1,2,1,0,1,54,1,53,1" doraHai="121" doraHaiUra="6" who="2" fromWho="2" sc="307,-40,163,-40,280,140,230,-40" /><INIT seed="2,1,0,2,2,33" ten="267,123,420,190" oya="2" hai0="24,15,104,34,80,49,26,42,23,95,37,43,71" hai1="117,126,41,22,64,58,31,88,65,77,18,112,63" hai2="74,68,27,75,134,72,54,91,21,133,106,100,38" hai3="69,7,105,60,44,46,127,102,25,89,35,1,98"/><V51/><F38/><W123/><G127/><T131/><D104/><U40/><E77/><V122/><F68/><W109/><G109/><T101/><D37/><U39/><E117/><V135/><F91/><W92/><G123/><T132/><D71/><U90/><E112/><V4/><F122/><W85/><G7/><T130/><D132/><U125/><E65/><V110/><F110/><W108/><G1/><T78/><D101/><U47/><E40/><V57/><F4/><W97/><G97/><T96/><D15/><U8/><E8/><V99/><F21/><W48/><G48/><T82/><D34/><U30/><E30/><V10/><F10/><W124/><G124/><N who="1" m="47722" /><E31/><V3/><F27/><AGARI ba="1,0" hai="18,22,27,39,41,47,58,63,64,88,90" m="47722" machi="27" ten="30,2000,0" yaku="18,1,54,1" doraHai="33" who="1" fromWho="2" sc="267,0,123,23,420,-23,190,0" /><INIT seed="3,0,0,4,2,40" ten="267,146,397,190" oya="3" hai0="15,127,100,14,8,130,0,81,133,61,79,85,55" hai1="63,52,45,68,121,86,105,134,109,126,13,7,37" hai2="76,11,74,69,18,84,50,25,42,122,75,4,23" hai3="60,29,125,72,65,128,30,113,12,6,131,106,115"/><W57/><G106/><T120/><D120/><U111/><E105/><V132/><F69/><W124/><G72/><T1/><D133/><U70/><E121/><V26/><F26/><W103/><G103/><T9/><D127/><N who="3" m="48713" /><G6/><T49/><D100/><U51/><E126/><V31/><F132/><W38/><G12/><T67/><D130/><N who="3" m="49705" /><G38/><T99/><D99/><U64/><E134/><V97/><F97/><W114/><AGARI ba="0,0" hai="29,30,57,60,65,113,114,115" m="49705,48713" machi="114" ten="40,3900,0" yaku="18,1,19,1" doraHai="40" who="3" fromWho="3" sc="267,-13,146,-13,397,-13,190,39" /><INIT seed="3,1,0,3,3,91" ten="254,133,384,229" oya="3" hai0="9,112,78,14,132,102,25,59,33,66,95,127,94" hai1="101,106,126,108,131,88,30,90,27,115,45,82,93" hai2="57,32,113,98,92,99,80,47,71,110,119,63,46" hai3="48,15,16,43,109,111,134,128,117,20,61,7,68"/><W64/><G117/><T31/><D132/><U38/><E106/><V103/><F113/><W104/><G134/><T73/><D112/><U40/><E115/><V2/><F2/><W76/><G128/><T22/><D102/><U18/><E131/><V52/><F119/><W4/><G104/><T65/><D127/><U39/><E126/><V17/><F110/><N who="3" m="41995" /><G76/><T49/><D33/><U105/><E108/><V53/><F32/><W55/><G43/><T81/><D65/><U133/><E133/><V29/><F71/><W118/><G118/><T56/><D56/><AGARI ba="1,0" hai="4,7,15,16,20,48,55,56,61,64,68" m="41995" machi="56" ten="30,5800,0" yaku="14,1,10,1,54,1" doraHai="91" who="3" fromWho="0" sc="254,-61,133,0,384,0,229,61" /><INIT seed="3,2,0,3,4,131" ten="193,133,384,290" oya="3" hai0="83,89,127,26,123,128,7,46,3,102,71,11,101" hai1="48,82,44,30,13,59,19,121,114,91,67,88,80" hai2="81,113,111,112,50,125,68,104,8,118,49,37,23" hai3="55,21,43,58,99,122,100,76,25,108,84,42,27"/><W72/><G122/><T95/><D123/><U135/><E30/><V18/><F37/><W0/><G72/><T40/><D71/><U75/><E121/><V33/><F33/><W77/><G0/><T92/><D128/><U110/><E114/><V63/><F104/><W103/><G108/><T20/><D83/><U60/><E110/><V41/><F118/><W31/><G27/><T96/><D95/><U105/><E105/><V74/><F8/><W66/><G66/><T10/><D10/><U45/><E75/><V126/><F111/><W116/><G116/><T73/><D127/><U97/><E135/><V6/><F6/><W78/><G84/><T90/><D102/><N who="3" m="38953" /><G99/><T120/><D73/><U129/><E129/><V107/><F107/><W106/><G106/><T85/><D85/><U52/><E44/><V35/><F35/><W24/><G24/><T4/><D4/><U12/><E12/><V70/><F74/><W64/><G64/><T98/><D98/><U34/><E34/><V17/><F81/><N who="1" m="31337" /><E97/><V54/><F113/><W22/><G22/><T130/><D130/><U87/><E87/><V28/><F112/><W51/><AGARI ba="2,0" hai="21,25,31,42,43,51,55,58,76,77,78" m="38953" machi="51" ten="30,1500,0" yaku="8,1" doraHai="131" who="3" fromWho="3" sc="193,-7,133,-7,384,-7,290,21" /><INIT seed="3,3,0,1,5,109" ten="186,126,377,311" oya="3" hai0="52,86,25,72,58,128,111,110,46,121,2,134,24" hai1="131,88,113,45,77,31,99,80,10,74,92,4,30" hai2="82,17,76,13,98,5,36,104,81,89,62,55,122" hai3="38,68,84,106,63,130,123,75,118,19,73,9,12"/><W64/><G118/><T132/><D72/><U1/><E131/><V112/><F112/><W26/><G123/><T21/><D121/><U20/><E113/><V85/><F36/><W91/><G130/><T11/><D128/><U6/><E20/><V59/><F122/><W32/><G38/><T127/><D127/><U79/><E79/><V101/><F5/><W124/><G106/><T37/><D86/><U93/><E6/><V60/><F60/><W39/><G39/><T114/><D114/><U95/><E95/><V126/><F126/><W44/><G44/><T23/><D11/><U71/><E71/><V54/><F54/><W135/><G135/><N who="0" m="51755" /><D2/><U61/><E61/><V34/><F34/><W67/><G67/><T94/><D94/><U22/><E45/><V97/><F97/><W18/><G124/><T47/><D21/><U116/><E116/><V70/><F70/><W0/><G0/><T117/><D117/><U7/><E7/><V50/><F62/><W119/><G119/><T8/><D8/><U56/><E56/><V15/><F17/><W66/><G66/><T40/><D46/><U48/><E48/><V105/><F105/><W90/><G18/><N who="0" m="12407" /><D25/><U53/><E53/><V14/><F14/><W96/><G96/><T16/><D16/><U41/><E41/><V65/><F65/><W102/><G102/><T33/><D33/><U29/><E92/><V87/><AGARI ba="3,0" hai="13,15,50,55,59,76,81,82,85,87,89,98,101,104" machi="87" ten="20,1500,0" yaku="0,1,7,1" doraHai="109" who="2" fromWho="2" sc="186,-7,126,-7,377,24,311,-10" owari="179,-22.1,119,-38.1,401,50.1,301,10.1" /></mjloggm>