<mjloggm ver="2.3"><GO type="225" lobby="0"/><UN n0="%6D%75%75%6D%75%72%61" n1="%E3%83%B4%E3%83%A0%EF%BC%99%E3%81%A6" n2="%E6%A1%9C%E8%8A%B1%E9%96%83%E3%80%85" n3="%43%68%65" dan="17,17,17,16" rate="2209.58,2188.90,2183.58,2074.25" sx="F,M,M,M"/><TAIKYOKU oya="0"/><INIT seed="0,0,0,5,3,30" ten="250,250,250,250" oya="0" hai0="86,45,29,23,7,88,104,133,26,90,70,134,81" hai1="59,50,132,15,74,93,44,100,127,25,82,103,51" hai2="17,108,71,94,117,76,49,12,2,46,10,41,68" hai3="83,6,62,113,14,31,8,16,135,126,112,116,72"/><T56/><D70/><U123/><E123/><V128/><F108/><W48/><G116/><T5/><D104/><U102/><E127/><V47/><F117/><W130/><G126/><T55/><D45/><U120/><E120/><V57/><F128/><W125/><G125/><T61/><REACH who="0" step="1"/><D90/><REACH who="0" ten="240,250,250,250" step="2"/><U0/><E44/><V105/><F47/><W85/><G113/><T11/><D11/><U107/><E107/><V115/><F105/><W53/><G112/><T87/><D87/><U34/><E100/><V28/><F71/><W63/><G130/><T35/><D35/><U89/><E102/><V91/><F68/><W21/><G72/><T101/><D101/><U38/><E89/><V75/><F75/><W60/><G135/><AGARI ba="0,1" hai="5,7,23,26,29,55,56,61,81,86,88,133,134,135" machi="135" ten="40,7700,0" yaku="1,1,20,1,54,1,53,0" doraHai="30" doraHaiUra="4" who="0" fromWho="3" sc="240,87,250,0,250,0,250,-77" /><INIT seed="0,1,0,2,0,37" ten="327,250,250,173" oya="0" hai0="128,112,40,9,26,111,14,39,54,74,75,134,72" hai1="59,20,114,88,63,25,80,55,71,24,44,1,66" hai2="124,45,84,118,104,8,130,27,101,117,113,62,73" hai3="10,105,77,120,122,110,106,64,92,30,38,31,132"/><T127/><D112/><U29/><E114/><V6/><F113/><W100/><G64/><T78/><D127/><U17/><E1/><V0/><F73/><W28/><G38/><T15/><D128/><U56/><E44/><V32/><F124/><W85/><G110/><T60/><D134/><U67/><E71/><V22/><F130/><W21/><G132/><T95/><D111/><U42/><E42/><V90/><F32/><W121/><G21/><T19/><D78/><U70/><E70/><V123/><F123/><W108/><G108/><T43/><D39/><U135/><E135/><V12/><F0/><W41/><G10/><T16/><D26/><U107/><E107/><V7/><F7/><W13/><G13/><T133/><D95/><U83/><E59/><V51/><F62/><W4/><G4/><T98/><D98/><U94/><E67/><V50/><F101/><W34/><G34/><T129/><D129/><U36/><E66/><V2/><F104/><W86/><G41/><T81/><D81/><U48/><E48/><N who="2" m="18475" /><F45/><W116/><G116/><T115/><D115/><U33/><E36/><V11/><F11/><W65/><G65/><T46/><D133/><U47/><E47/><V102/><F102/><W57/><G57/><N who="0" m="34871" /><D46/><U93/><E93/><N who="2" m="54471" /><F2/><W35/><G35/><T131/><D131/><U97/><AGARI ba="1,0" hai="17,20,24,25,29,33,55,56,63,80,83,88,94,97" machi="97" ten="20,8000,1" yaku="0,1,7,1,25,2,54,1" doraHai="37" who="1" fromWho="1" sc="327,-41,250,83,250,-21,173,-21" /><INIT seed="1,0,0,1,4,84" ten="286,333,229,152" oya="1" hai0="47,32,115,110,102,78,63,82,20,59,40,38,48" hai1="93,95,108,68,89,126,64,54,80,90,73,116,132" hai2="127,55,26,57,72,107,88,14,46,62,51,37,33" hai3="34,83,123,24,0,35,94,8,39,16,122,13,70"/><U79/><E116/><V18/><F107/><W50/><G39/><T106/><D32/><N who="3" m="12329" /><G70/><T31/><D110/><U1/><E1/><V67/><F127/><W104/><G83/><T19/><D115/><U133/><E126/><V111/><F111/><W134/><G50/><T27/><D106/><U53/><E108/><V25/><F72/><W130/><G94/><N who="1" m="35850" /><E53/><V119/><F119/><W52/><G52/><T10/><D102/><U7/><E7/><V61/><F33/><W124/><G104/><T6/><D38/><U29/><E29/><V103/><F103/><W109/><G109/><T21/><D59/><U3/><E3/><V129/><F129/><W28/><G124/><T86/><D63/><N who="1" m="39967" /><E54/><V44/><F61/><W56/><G56/><T15/><REACH who="0" step="1"/><D20/><REACH who="0" ten="276,333,229,152" step="2"/><U85/><E73/><V49/><F37/><W43/><G130/><T22/><D22/><U96/><E96/><V100/><F100/><W66/><G66/><T98/><D98/><U81/><E81/><V2/><F67/><W42/><G123/><T36/><D36/><U45/><E45/><V11/><F46/><W99/><G99/><T92/><D92/><U41/><E80/><V131/><F131/><W69/><G69/><T74/><D74/><U75/><E75/><V87/><F62/><W23/><G122/><T4/><AGARI ba="0,1" hai="4,6,10,15,19,21,27,31,40,47,48,78,82,86" machi="4" ten="30,4000,0" yaku="1,1,0,1,8,1,53,0" doraHai="84" doraHaiUra="65" who="0" fromWho="0" sc="276,50,333,-20,229,-10,152,-10" /><INIT seed="2,0,0,4,2,106" ten="326,313,219,142" oya="2" hai0="25,83,19,5,41,48,127,112,84,103,65,30,133" hai1="87,4,99,114,8,90,64,1,118,28,123,95,26" hai2="50,45,34,22,68,16,131,31,10,86,14,3,15" hai3="75,92,49,11,13,7,51,72,24,101,33,2,71"/><V69/><F131/><W74/><G71/><T21/><D112/><U97/><E114/><V111/><F111/><W78/><G78/><T12/><D127/><U128/><E118/><V32/><F32/><W70/><G70/><T52/><D133/><U46/><E128/><V18/><F3/><W107/><G107/><T79/><D103/><U20/><E123/><V132/><F132/><W134/><G134/><T38/><D65/><U76/><E64/><V60/><F60/><W88/><G101/><T17/><D38/><U113/><E113/><V135/><F135/><W125/><G125/><T98/><D98/><U59/><E59/><V104/><F104/><W43/><G2/><T116/><D41/><U6/><E6/><V63/><F63/><W102/><G102/><T115/><D116/><U93/><E76/><V96/><F96/><W39/><G39/><T89/><D79/><U81/><E97/><V67/><F86/><W119/><G43/><T66/><D66/><U129/><E129/><V57/><F57/><W124/><G124/><T121/><D121/><U105/><E105/><V27/><REACH who="2" step="1"/><F67/><REACH who="2" ten="326,313,209,142" step="2"/><W122/><G119/><T40/><D115/><U44/><E99/><V36/><F36/><W47/><G122/><T91/><D84/><U56/><E56/><V35/><F35/><W82/><G47/><T94/><D48/><U100/><E100/><V54/><AGARI ba="0,1" hai="10,14,15,16,18,22,27,31,34,45,50,54,68,69" machi="54" ten="20,7800,0" yaku="1,1,0,1,7,1,54,1,53,0" doraHai="106" doraHaiUra="73" who="2" fromWho="2" sc="326,-26,313,-26,209,88,142,-26" /><INIT seed="2,1,0,1,3,55" ten="300,287,297,116" oya="2" hai0="36,0,18,100,127,12,4,124,83,43,27,106,122" hai1="72,33,75,101,110,108,19,38,40,74,16,20,15" hai2="66,3,87,125,14,84,25,52,128,35,44,70,67" hai3="123,5,68,135,53,24,99,132,62,105,86,26,41"/><V120/><F120/><W130/><G123/><T11/><D122/><U58/><E33/><V80/><F3/><W32/><G130/><T113/><D113/><U103/><E38/><V69/><F128/><W64/><G41/><T22/><D83/><U13/><E40/><V9/><F125/><N who="0" m="48202" /><D100/><U97/><E58/><V91/><F69/><W8/><G86/><T109/><D106/><U47/><E47/><V111/><F70/><W21/><G53/><T78/><D78/><U31/><E31/><V50/><F111/><N who="1" m="42537" /><E97/><V82/><F25/><W129/><G129/><T45/><D109/><U73/><N who="1" m="18432" /><DORA hai="102" /><U46/><E46/><V48/><F48/><W51/><G51/><T96/><D96/><U61/><E61/><V107/><F107/><W126/><G126/><T29/><D29/><U115/><E115/><V59/><F35/><W94/><G105/><T71/><D71/><U90/><E90/><N who="2" m="51463" /><F59/><W2/><G32/><T114/><D114/><U30/><E30/><V37/><F37/><W104/><G104/><T23/><D23/><AGARI ba="1,0" hai="13,15,16,19,20,23,101,103" m="18432,42537" machi="23" ten="60,3900,0" yaku="14,1,54,1" doraHai="55,102" who="1" fromWho="0" sc="300,-42,287,42,297,0,116,0" /><INIT seed="3,0,0,4,4,128" ten="258,329,297,116" oya="3" hai0="25,92,48,99,6,112,17,95,5,89,126,14,62" hai1="45,83,102,36,51,55,90,15,68,110,119,96,22" hai2="67,39,105,94,7,77,69,66,58,113,30,100,63" hai3="50,129,26,116,101,79,8,80,75,44,65,57,78"/><W132/><G116/><T84/><D112/><U61/><E119/><V85/><F113/><W70/><G129/><T24/><D126/><U3/><E3/><V23/><F39/><W120/><G120/><T88/><D48/><U109/><E36/><V114/><F105/><W103/><G70/><T64/><D5/><U81/><E90/><V20/><F7/><W31/><G79/><T34/><D6/><U72/><E72/><V76/><F67/><W73/><G73/><T9/><REACH who="0" step="1"/><D34/><REACH who="0" ten="248,329,297,116" step="2"/><U47/><E51/><V104/><F114/><W71/><G71/><AGARI ba="0,1" hai="9,14,17,24,25,62,64,71,84,88,89,92,95,99" machi="71" ten="30,7700,0" yaku="1,1,2,1,7,1,54,1,53,0" doraHai="128" doraHaiUra="135" who="0" fromWho="3" sc="248,87,329,0,297,0,116,-77" owari="335,43.5,329,12.9,297,-10.3,39,-46.1" /></mjloggm>