<mjloggm ver="2.3"><GO type="225" lobby="0"/><UN n0="%E5%B8%86%E7%AB%8B%E5%A4%8F%E8%A1%A3" n1="%E3%81%AF%E3%82%88%E3%81%8A%E3%81%98%E3%81%95%E3%82%93" n2="%61%6D%65%6B%69" n3="%E5%80%89%E6%A9%8B%EF%BC%A0%E4%BA%8B%E5%8B%99" dan="16,16,16,16" rate="2104.76,2177.61,2069.40,2110.99" sx="M,M,M,M"/><TAIKYOKU oya="0"/><INIT seed="0,0,0,3,1,77" ten="250,250,250,250" oya="0" hai0="86,65,21,1,116,53,38,39,118,70,18,85,40" hai1="44,129,71,122,124,132,108,93,60,10,104,58,126" hai2="74,13,57,131,107,49,103,79,37,47,95,16,15" hai3="26,55,128,105,50,67,62,119,23,94,7,24,2"/><T5/><D70/><U42/><E104/><V83/><F131/><W64/><G105/><T11/><D65/><U29/><E29/><V68/><F68/><W0/><G119/><T134/><D134/><U133/><E93/><V109/><F109/><W25/><G128/><T51/><D118/><U30/><E30/><V33/><F33/><W32/><G32/><T121/><D121/><U96/><E96/><V54/><F107/><W72/><G72/><T101/><D101/><U80/><E129/><V69/><F69/><W75/><G75/><T125/><D125/><N who="1" m="48235" /><E10/><V63/><F37/><W34/><G34/><T113/><D113/><U120/><E80/><V61/><F61/><W17/><G94/><T22/><D22/><U81/><E81/><V78/><F78/><W20/><G7/><T114/><D114/><U127/><N who="1" m="48243" /><U48/><DORA hai="117" /><E71/><V90/><F103/><W9/><G9/><T87/><D116/><U76/><E76/><V3/><F3/><W12/><G23/><T46/><REACH who="0" step="1"/><D40/><REACH who="0" ten="240,250,250,250" step="2"/><U66/><E108/><V106/><F106/><W98/><G67/><T45/><D45/><U135/><AGARI ba="0,1" hai="42,44,48,58,60,66,120,122,132,133,135" m="48243" machi="135" ten="50,12000,2" yaku="20,1,18,1,34,2,52,2" doraHai="77,117" who="1" fromWho="1" sc="240,-60,250,130,250,-30,250,-30" /><INIT seed="1,0,0,2,4,63" ten="180,380,220,220" oya="1" hai0="64,124,91,79,19,106,105,52,39,87,7,125,129" hai1="90,10,108,4,41,92,118,43,128,123,88,95,34" hai2="126,25,18,9,116,60,114,22,69,3,32,82,103" hai3="50,98,104,100,56,86,20,81,101,83,84,57,51"/><U28/><E123/><V131/><F116/><W45/><G20/><T13/><D39/><U49/><E118/><V58/><F131/><W66/><G104/><T75/><D7/><U112/><E112/><V14/><F126/><N who="0" m="48746" /><D129/><U47/><E128/><V21/><F69/><W120/><G120/><T11/><D75/><U36/><E108/><V54/><F114/><W42/><G45/><T55/><D79/><U8/><E36/><V107/><F3/><W67/><G98/><T110/><D110/><U93/><E43/><AGARI ba="0,0" hai="42,43,50,51,56,57,66,67,81,83,84,86,100,101" machi="43" ten="25,8000,1" yaku="22,2,8,1,52,2" doraHai="63" who="3" fromWho="1" sc="180,0,380,-80,220,0,220,80" /><INIT seed="2,0,0,2,2,14" ten="180,300,220,300" oya="2" hai0="6,100,16,37,112,26,25,28,59,60,12,22,53" hai1="30,96,130,93,84,63,129,41,128,42,27,3,5" hai2="29,67,76,121,117,57,88,43,44,21,65,47,131" hai3="4,83,133,94,95,90,39,9,87,79,107,19,89"/><V66/><F117/><W48/><G39/><T113/><D37/><U64/><E84/><V86/><F121/><W34/><G107/><T115/><D100/><N who="1" m="60431" /><E5/><V102/><F131/><W45/><G34/><T110/><D110/><U114/><E3/><V68/><F68/><W97/><G133/><T82/><D6/><U11/><E11/><V92/><F102/><W58/><G58/><T38/><D38/><U0/><E0/><V54/><F76/><W123/><G123/><T134/><D134/><U103/><E103/><V127/><F127/><W36/><G36/><T81/><REACH who="0" step="1"/><D26/><REACH who="0" ten="170,300,220,300" step="2"/><U49/><E114/><V31/><F43/><W18/><G4/><T111/><D111/><U132/><E132/><V71/><F71/><W105/><G105/><T85/><D85/><U15/><E42/><V118/><F118/><W24/><G24/><T72/><D72/><U46/><E27/><N who="2" m="16623" /><F31/><W116/><G116/><T99/><D99/><U124/><E30/><V55/><F55/><N who="3" m="30095" /><G9/><AGARI ba="0,1" hai="9,12,16,22,25,28,53,59,60,81,82,112,113,115" machi="9" ten="40,8000,1" yaku="1,1,52,1,54,1,53,1" doraHai="14" doraHaiUra="52" who="0" fromWho="3" sc="170,90,300,0,220,0,300,-80" /><INIT seed="3,0,0,0,5,71" ten="260,300,220,220" oya="3" hai0="5,89,72,0,135,134,27,105,78,14,91,94,11" hai1="42,129,38,90,52,9,1,85,80,131,40,82,117" hai2="84,53,127,49,51,93,133,96,24,130,60,115,110" hai3="74,107,12,119,21,132,98,31,43,19,104,64,59"/><W41/><G74/><T83/><D105/><U32/><E117/><V34/><F115/><W35/><G119/><T124/><D124/><U20/><E32/><V18/><F127/><W76/><G132/><N who="0" m="50731" /><D27/><U92/><E38/><V102/><F110/><W61/><G76/><T99/><D91/><U121/><E121/><V22/><F130/><N who="1" m="49673" /><E20/><V25/><F133/><W120/><G120/><T2/><AGARI ba="0,0" hai="0,2,5,11,14,72,78,83,89,94,99" m="50731" machi="2" ten="30,1100,0" yaku="20,1" doraHai="71" who="0" fromWho="0" sc="260,11,300,-3,220,-3,220,-5" /><INIT seed="4,0,0,4,5,72" ten="271,297,217,215" oya="0" hai0="45,88,68,120,28,75,105,18,57,27,126,97,93" hai1="125,17,128,47,67,71,3,108,80,64,121,103,76" hai2="79,2,58,56,39,48,100,34,83,86,7,32,84" hai3="55,119,41,113,43,92,112,38,124,78,36,52,102"/><T25/><D120/><U59/><E108/><V135/><F39/><N who="3" m="14891" /><G92/><T44/><D68/><U16/><E121/><V116/><F116/><W4/><G102/><T1/><D126/><U21/><E71/><V5/><F100/><W23/><G23/><N who="0" m="15423" /><D105/><U91/><E3/><V65/><F135/><W46/><G4/><T99/><D1/><U13/><E125/><V53/><F86/><W130/><G124/><T114/><D114/><N who="3" m="44137" /><G119/><T0/><D0/><U104/><E91/><V14/><F2/><W31/><G31/><T51/><D75/><U73/><E47/><V22/><F34/><W15/><G15/><T70/><D70/><U69/><E69/><V20/><F32/><W26/><G26/><T131/><D99/><U37/><E37/><V106/><F106/><W11/><G11/><T35/><D35/><U24/><E59/><V61/><F7/><W101/><G101/><T12/><D27/><U96/><E128/><V122/><F122/><W109/><G130/><T30/><D131/><U77/><E77/><V63/><F5/><W117/><G117/><T74/><D74/><U85/><E73/><V9/><F9/><AGARI ba="0,0" hai="9,13,16,17,21,24,64,67,76,80,85,96,103,104" machi="9" ten="30,3900,0" yaku="7,1,52,1,54,1" doraHai="72" who="1" fromWho="2" sc="271,0,297,39,217,-39,215,0" owari="271,7.1,336,43.6,178,-32.2,215,-18.5" /></mjloggm>