<mjloggm ver="2.3"><GO type="225" lobby="0"/><UN n0="%E3%81%8F%E3%81%BE%E3%81%96%E3%82%8F" n1="%E3%81%A1%E3%82%85%E3%81%86%E3%81%A9%E3%81%8F%E8%B1%A1%E3%81%95%E3%82%93" n2="%E3%81%95%E3%81%8D%E3%81%9F%E3%81%BE%E6%9E%97%E6%AA%8E" n3="%E3%81%8F%E3%82%8A%E3%83%94%E3%83%BC" dan="16,17,16,16" rate="2037.29,2178.15,2150.05,2102.29" sx="M,M,M,M"/><TAIKYOKU oya="0"/><INIT seed="0,0,0,1,2,86" ten="250,250,250,250" oya="0" hai0="36,16,104,96,82,5,12,73,127,77,97,95,29" hai1="10,0,52,19,94,31,22,108,132,113,131,84,117" hai2="1,20,54,56,80,55,114,68,135,57,79,116,66" hai3="61,49,21,76,124,69,37,123,58,89,63,92,62"/><T27/><D127/><U88/><E117/><V38/><F114/><W35/><G35/><T32/><D36/><U64/><E64/><V26/><F135/><W83/><G37/><T24/><D104/><U65/><E65/><V74/><F38/><W18/><G69/><T14/><D5/><U28/><E132/><V34/><F34/><W103/><G103/><T4/><D4/><U133/><E133/><V47/><F1/><W99/><G123/><T33/><D97/><U120/><E120/><V53/><F47/><W93/><G93/><T75/><D75/><U115/><E108/><V59/><F68/><W81/><G124/><T3/><D3/><U9/><E131/><V2/><F2/><W46/><G58/><T72/><D72/><U70/><E70/><V134/><F134/><W41/><REACH who="3" step="1"/><G76/><REACH who="3" ten="250,250,250,240" step="2"/><T105/><D105/><U51/><E113/><V106/><F106/><W118/><G118/><T11/><D33/><U130/><E115/><V102/><F102/><W48/><G48/><T126/><D126/><U13/><E130/><V100/><F100/><W42/><G42/><T128/><D128/><U43/><E43/><V122/><F122/><W30/><G30/><N who="1" m="11306" /><E0/><V45/><F116/><W78/><G78/><T98/><D29/><U107/><E107/><V129/><F129/><W6/><G6/><N who="0" m="3191" /><D32/><U25/><E25/><AGARI ba="0,1" hai="18,21,25,41,46,49,61,62,63,81,83,89,92,99" machi="25" ten="40,8000,1" yaku="1,1,8,1,52,1,53,1" doraHai="86" doraHaiUra="87" who="3" fromWho="1" sc="250,0,250,-80,250,0,240,90" /><INIT seed="1,0,0,2,0,14" ten="250,170,250,330" oya="1" hai0="106,132,35,51,2,65,105,86,103,102,129,50,104" hai1="80,120,7,76,1,96,26,62,19,74,134,84,123" hai2="28,114,131,88,37,45,91,61,111,79,82,31,127" hai3="108,21,48,130,57,94,97,78,68,18,128,109,122"/><U54/><E134/><V11/><F111/><N who="3" m="42571" /><G68/><T95/><D2/><U60/><E74/><V0/><F131/><N who="3" m="50219" /><G78/><T110/><D129/><U42/><E42/><N who="2" m="22735" /><F127/><W47/><G57/><T8/><D35/><U112/><E112/><V133/><F133/><W3/><G3/><T29/><D132/><U52/><E96/><V64/><F31/><W34/><G34/><T38/><D38/><U41/><E41/><V22/><F22/><W67/><G67/><T90/><D65/><U4/><E123/><V46/><F46/><W85/><G85/><T32/><D29/><U126/><E126/><V107/><F107/><W27/><G122/><T118/><D32/><U56/><E120/><V77/><F77/><W40/><G94/><T33/><D33/><U6/><E1/><V69/><F28/><W15/><G97/><T43/><D105/><U9/><E54/><V101/><F101/><N who="0" m="38410" /><D43/><U116/><E116/><V25/><F114/><W98/><G98/><T125/><D118/><U20/><REACH who="1" step="1"/><E9/><REACH who="1" ten="250,160,250,330" step="2"/><V83/><F11/><W49/><G40/><T17/><D125/><U100/><E100/><V24/><F0/><W99/><G99/><T89/><D110/><U93/><E93/><V23/><F83/><W70/><G70/><T115/><D115/><U135/><E135/><V39/><F82/><W13/><G47/><T36/><D36/><U53/><E53/><V72/><F69/><W63/><G63/><AGARI ba="0,1" hai="4,6,7,19,20,26,52,56,60,62,63,76,80,84" machi="63" ten="40,12000,1" yaku="1,1,8,1,52,1,54,1,53,1" doraHai="14" doraHaiUra="75" who="1" fromWho="3" sc="250,0,160,130,250,0,330,-120" /><INIT seed="1,1,0,3,3,34" ten="250,290,250,210" oya="1" hai0="69,83,30,113,24,27,87,48,126,60,65,82,35" hai1="84,26,32,128,6,4,57,125,29,64,63,39,1" hai2="98,61,112,36,53,70,33,127,68,107,28,86,121" hai3="9,11,5,134,14,81,104,88,94,110,108,118,3"/><U13/><E39/><V114/><F121/><W12/><G104/><T23/><D126/><U0/><E125/><V10/><F127/><W67/><G134/><T130/><D130/><U45/><E128/><V75/><F75/><W96/><G118/><T62/><D113/><N who="2" m="43626" /><F36/><W91/><G67/><T15/><D15/><U122/><E122/><V40/><F40/><W55/><G55/><T92/><D48/><U116/><E116/><V21/><F33/><W129/><G129/><T38/><D38/><U56/><E45/><V78/><F10/><W73/><G91/><T25/><D25/><U7/><E84/><V101/><F78/><N who="3" m="44239" /><G11/><T52/><D92/><U99/><E99/><V133/><F133/><W49/><G49/><T16/><REACH who="0" step="1"/><D87/><REACH who="0" ten="240,290,250,210" step="2"/><U119/><E119/><V89/><F86/><W58/><G14/><T74/><D74/><U111/><E13/><V90/><F107/><W42/><G12/><T17/><D17/><U124/><E124/><V44/><F28/><W72/><G72/><T20/><D20/><U54/><REACH who="1" step="1"/><E111/><REACH who="1" ten="240,280,250,210" step="2"/><V71/><F98/><W76/><G96/><T59/><AGARI ba="1,2" hai="16,23,24,27,30,35,52,59,60,62,65,69,82,83" machi="59" ten="30,7900,0" yaku="1,1,0,1,54,2,53,0" doraHai="34" doraHaiUra="85" who="0" fromWho="0" sc="240,102,280,-40,250,-21,210,-21" /><INIT seed="2,0,0,0,2,58" ten="342,240,229,189" oya="2" hai0="0,132,122,80,117,42,90,91,11,81,39,56,129" hai1="70,6,1,25,8,38,3,35,4,36,29,101,93" hai2="68,23,75,10,44,124,83,100,111,105,73,16,31" hai3="104,2,24,115,106,37,107,128,60,14,55,9,118"/><V74/><F124/><W65/><G118/><T50/><D122/><U63/><E93/><V61/><F31/><W47/><G2/><T40/><D117/><U84/><E84/><V134/><F134/><W67/><G128/><T126/><D132/><U89/><E89/><V28/><F28/><W21/><G115/><T92/><D39/><U26/><E26/><V77/><F10/><W49/><G37/><T133/><D133/><U78/><E78/><V13/><F111/><W97/><G97/><T22/><D0/><U114/><E101/><V30/><F30/><W19/><REACH who="3" step="1"/><G60/><REACH who="3" ten="342,240,229,179" step="2"/><T43/><D129/><U108/><E114/><V116/><F116/><W131/><G131/><T46/><D126/><U33/><E108/><V54/><F44/><W135/><G135/><T125/><D125/><U94/><E35/><V113/><F113/><W71/><G71/><T7/><D46/><U53/><E70/><V123/><F123/><W45/><G45/><T82/><D56/><U98/><E38/><V72/><F68/><W41/><G41/><T15/><D50/><U66/><E36/><V79/><F61/><W110/><G110/><T57/><D57/><U59/><E1/><V121/><F121/><W102/><G102/><T87/><D42/><U95/><E98/><V120/><F120/><W64/><G64/><T88/><D43/><U69/><E69/><V76/><F54/><W127/><G127/><T86/><D40/><U130/><E130/><V48/><F48/><W18/><AGARI ba="0,1" hai="9,14,18,19,21,24,47,49,55,65,67,104,106,107" machi="18" ten="30,2000,0" yaku="1,1,0,1,53,0" doraHai="58" doraHaiUra="27" who="3" fromWho="3" sc="342,-5,240,-5,229,-10,179,30" /><INIT seed="3,0,0,2,1,85" ten="337,235,219,209" oya="3" hai0="108,36,16,106,41,97,69,18,2,131,101,66,42" hai1="27,103,86,100,62,50,81,67,63,119,89,44,39" hai2="74,87,75,59,116,133,33,51,125,48,15,29,118" hai3="30,72,1,104,23,55,58,52,96,117,3,9,84"/><W37/><G72/><T8/><D108/><U13/><E119/><V5/><F133/><W80/><G117/><T128/><D42/><U24/><E39/><V61/><F125/><W109/><G37/><T112/><D112/><U64/><E13/><V22/><F118/><W43/><G43/><T49/><D49/><U0/><E0/><V53/><F33/><W127/><G127/><T132/><D132/><U20/><E63/><V91/><F75/><W65/><G109/><T134/><D134/><U93/><E24/><N who="2" m="16535" /><F74/><W47/><G47/><N who="0" m="23975" /><D16/><N who="1" m="12679" /><E81/><N who="2" m="49647" /><F116/><W110/><G110/><T92/><D18/><U115/><E115/><V105/><F105/><W114/><G114/><T130/><D92/><U71/><E71/><V99/><F99/><W57/><G104/><T19/><D19/><U17/><E17/><V35/><F35/><W68/><G96/><T111/><D111/><U56/><E64/><V31/><F31/><W73/><G73/><T6/><D66/><U126/><E126/><V79/><F79/><N who="3" m="46111" /><G65/><T95/><D95/><U107/><E107/><V7/><F7/><N who="3" m="1263" /><G3/><T25/><D25/><U90/><E90/><V94/><F94/><W121/><G68/><AGARI ba="0,0" hai="2,6,8,68,69,97,101,106,128,130,131" m="23975" machi="68" ten="30,2000,0" yaku="19,1,23,1" doraHai="85" who="0" fromWho="3" sc="337,20,235,0,219,0,209,-20" owari="357,45.7,235,3.5,219,-18.1,189,-31.1" /></mjloggm>