<mjloggm ver="2.3"><GO type="225" lobby="0"/><UN n0="%E9%B3%B3%E6%9D%B1%E3%81%AE%E3%81%86%E3%81%95%E3%81%8E%E3%81%95%E3%82%93" n1="%E3%81%8F%E3%81%BE%E3%81%96%E3%82%8F" n2="%45%6C%79%73%69%75%6D" n3="%41%54%53%4D" dan="16,16,18,16" rate="2161.58,2058.81,2160.99,2099.69" sx="M,M,F,M"/><TAIKYOKU oya="0"/><INIT seed="0,0,0,4,2,118" ten="250,250,250,250" oya="0" hai0="45,14,21,24,6,124,58,46,84,47,63,48,69" hai1="55,1,19,64,41,60,131,109,0,76,102,123,3" hai2="61,116,98,31,40,86,59,17,68,132,77,81,88" hai3="57,18,39,112,101,29,25,115,104,97,38,66,127"/><T8/><D124/><U52/><E41/><V49/><F116/><W110/><G110/><T22/><D69/><U108/><E76/><V62/><F132/><W83/><G127/><T32/><D48/><U103/><E131/><V89/><F31/><W87/><G18/><T16/><D32/><U27/><E123/><V106/><F68/><W134/><G134/><T72/><D72/><U67/><E19/><V95/><F106/><W15/><G15/><T70/><D70/><U117/><E117/><V73/><F17/><W33/><G66/><N who="1" m="25130" /><E60/><V125/><F125/><W129/><G57/><T135/><D135/><U126/><E27/><V94/><REACH who="2" step="1"/><F40/><REACH who="2" ten="250,250,240,250" step="2"/><W65/><G129/><T11/><D24/><U37/><E126/><V53/><AGARI ba="0,1" hai="49,53,59,61,62,73,77,81,86,88,89,94,95,98" machi="53" ten="30,8000,1" yaku="1,1,2,1,0,1,54,1,53,1" doraHai="118" doraHaiUra="54" who="2" fromWho="2" sc="250,-40,250,-20,240,90,250,-20" /><INIT seed="1,0,0,5,3,88" ten="210,230,330,230" oya="1" hai0="42,6,123,77,8,129,116,103,64,96,106,43,63" hai1="74,68,33,67,35,44,113,55,4,92,90,86,22" hai2="83,124,48,95,23,10,14,59,135,87,39,60,21" hai3="18,102,104,17,15,52,25,61,13,80,91,51,93"/><U121/><E113/><V69/><F39/><W89/><G104/><T78/><D129/><U133/><E121/><V11/><F135/><W107/><G107/><T19/><D116/><U117/><E117/><V112/><F112/><W37/><G37/><T58/><D123/><U76/><E133/><V7/><F124/><W110/><G61/><T29/><D19/><N who="3" m="7177" /><G25/><T72/><D29/><U26/><E4/><V31/><F48/><W94/><G110/><T53/><D64/><U12/><E68/><V81/><F69/><W50/><G102/><T9/><D9/><U16/><E67/><N who="2" m="39327" /><F10/><W85/><G51/><T38/><D38/><U122/><E122/><V40/><F40/><W99/><G80/><N who="2" m="30793" /><F31/><W105/><G105/><T36/><D72/><U1/><E1/><V134/><F134/><W101/><G101/><T84/><D36/><U114/><E114/><V131/><F131/><W128/><G128/><T2/><D42/><U56/><E74/><V75/><F75/><W120/><G120/><T97/><D43/><U3/><E3/><V28/><F28/><W57/><AGARI ba="0,0" hai="13,15,50,52,57,85,89,91,93,94,99" m="7177" machi="57" ten="30,7900,0" yaku="8,1,52,2,54,1" doraHai="88" who="3" fromWho="3" sc="210,-20,230,-39,330,-20,230,79" /><INIT seed="2,0,0,2,0,2" ten="190,191,310,309" oya="2" hai0="114,26,42,79,17,101,80,36,128,4,108,61,73" hai1="91,118,65,126,94,51,127,103,57,117,32,55,82" hai2="37,12,106,130,24,100,124,50,58,110,44,20,102" hai3="6,49,5,64,66,15,129,105,95,11,63,35,45"/><V111/><F106/><W59/><G105/><T70/><D114/><U89/><E32/><V119/><F119/><N who="1" m="45577" /><E65/><V121/><F121/><W131/><G35/><T46/><D108/><N who="2" m="41514" /><F130/><N who="3" m="49675" /><G95/><T78/><D101/><U29/><E29/><N who="2" m="17543" /><F124/><N who="1" m="47657" /><E82/><V31/><F31/><W60/><G15/><T75/><D128/><U21/><E21/><V69/><F69/><N who="3" m="42119" /><G11/><T87/><D80/><U43/><E43/><AGARI ba="0,0" hai="5,6,43,45,49,59,63,66" m="42119,49675" machi="43" ten="30,3900,0" yaku="19,1,52,2" doraHai="2" who="3" fromWho="1" sc="190,0,191,-39,310,0,309,39" /><INIT seed="3,0,0,2,1,1" ten="190,152,310,348" oya="3" hai0="66,25,38,111,41,78,115,129,90,130,32,0,57" hai1="31,10,54,93,33,61,103,49,34,20,74,18,35" hai2="112,97,82,77,29,46,19,88,3,30,15,70,4" hai3="89,133,48,53,16,27,127,101,42,106,63,105,73"/><W26/><G73/><T75/><D0/><U51/><E74/><V11/><F70/><W71/><G42/><T123/><D123/><U40/><E40/><V131/><F112/><W72/><G72/><T55/><D115/><U99/><E31/><V69/><F69/><W124/><G133/><T92/><D66/><U14/><E61/><V36/><F131/><N who="0" m="50186" /><D111/><U2/><REACH who="1" step="1"/><E54/><REACH who="1" ten="190,142,310,348" step="2"/><V94/><F36/><W107/><G63/><T7/><D55/><U128/><E128/><V24/><F46/><W98/><G53/><T126/><D41/><U5/><AGARI ba="0,1" hai="2,5,10,14,18,20,33,34,35,49,51,93,99,103" machi="5" ten="40,5200,0" yaku="1,1,0,1,52,1,53,0" doraHai="1" doraHaiUra="109" who="1" fromWho="1" sc="190,-13,142,62,310,-13,348,-26" owari="177,-32.3,204,-19.6,297,9.7,322,42.2" /></mjloggm>