<mjloggm ver="2.3"><GO type="225" lobby="0"/><UN n0="%E3%81%8C%E3%81%9F" n1="%E3%81%95%E3%81%8D%E3%81%9F%E3%81%BE%E6%9E%97%E6%AA%8E" n2="%72%69%6F%75%63%68%61%6E" n3="%6D%75%75%6D%75%72%61" dan="16,16,16,16" rate="2145.18,2171.02,2141.42,2134.58" sx="M,M,M,F"/><TAIKYOKU oya="0"/><INIT seed="0,0,0,2,4,41" ten="250,250,250,250" oya="0" hai0="80,105,108,47,74,61,69,8,34,70,78,43,58" hai1="83,122,59,12,26,91,87,112,5,64,20,65,38" hai2="86,18,25,46,100,85,102,68,120,126,16,131,82" hai3="76,106,48,98,90,132,93,50,71,37,113,60,97"/><T130/><D34/><U123/><E38/><V33/><F120/><W119/><G113/><T73/><D105/><U11/><E112/><V31/><F68/><W53/><G119/><T125/><D74/><U49/><E123/><V66/><F66/><W81/><G132/><T7/><D130/><U57/><E122/><V3/><F3/><W89/><G37/><T21/><D21/><U44/><E64/><V15/><F126/><W39/><G39/><N who="0" m="22015" /><D125/><U94/><E94/><V124/><F124/><W36/><G36/><T104/><D104/><U121/><E65/><V22/><F131/><W115/><G115/><T96/><D96/><U4/><E4/><V14/><F46/><W9/><G9/><T17/><D17/><U35/><E35/><V52/><F52/><W95/><G106/><T92/><D92/><U54/><REACH who="1" step="1"/><E121/><REACH who="1" ten="250,240,250,250" step="2"/><V1/><F1/><W40/><G71/><T45/><D108/><U101/><E101/><V129/><F129/><W56/><REACH who="3" step="1"/><G40/><REACH who="3" ten="250,240,250,240" step="2"/><T79/><D70/><U75/><E75/><AGARI ba="0,2" hai="48,50,53,56,60,75,76,81,89,90,93,95,97,98" machi="75" ten="30,7700,0" yaku="1,1,2,1,7,1,9,1,53,0" doraHai="41" doraHaiUra="117" who="3" fromWho="1" sc="250,0,240,-77,250,0,240,97" /><INIT seed="1,0,0,4,0,36" ten="250,163,250,337" oya="1" hai0="14,20,83,44,121,118,72,23,112,32,130,84,117" hai1="75,28,5,66,9,88,127,74,104,1,22,69,15" hai2="110,70,90,87,27,107,26,108,89,71,62,51,52" hai3="128,8,34,18,98,47,68,126,78,101,10,96,25"/><U50/><E104/><V59/><F107/><W129/><G68/><N who="2" m="26153" /><F62/><W54/><G126/><T2/><D112/><U56/><E69/><V58/><F58/><W40/><G54/><T134/><D2/><U29/><E127/><V48/><F48/><N who="3" m="26727" /><G78/><T13/><D32/><U93/><E74/><V73/><F73/><W33/><G96/><T46/><D72/><U53/><E75/><V67/><F67/><W41/><G41/><T119/><D130/><N who="3" m="50281" /><G18/><T35/><D35/><N who="3" m="13321" /><G25/><N who="2" m="9225" /><F87/><W100/><G100/><T99/><D99/><U19/><REACH who="1" step="1"/><E66/><REACH who="1" ten="250,153,250,337" step="2"/><V95/><F95/><AGARI ba="0,1" hai="8,10,95,98,101" m="13321,50281,26727" machi="95" ten="30,2000,0" yaku="19,1,52,1" doraHai="36" who="3" fromWho="2" sc="250,0,153,0,250,-20,337,30" /><INIT seed="2,0,0,1,4,14" ten="250,153,230,367" oya="2" hai0="119,83,3,84,21,26,133,81,5,55,112,0,122" hai1="72,16,104,88,69,10,25,6,68,100,65,35,47" hai2="50,41,98,107,30,101,85,103,19,51,90,80,64" hai3="13,48,9,77,116,15,128,45,59,8,29,49,4"/><V132/><F132/><W75/><G116/><T37/><D122/><U61/><E72/><V17/><F30/><W114/><G128/><T126/><D112/><U53/><E69/><V67/><F103/><W127/><G127/><T28/><D133/><U91/><E53/><V56/><F50/><W18/><G29/><T7/><D126/><U99/><E47/><V23/><F19/><W31/><G31/><T1/><D37/><U27/><E27/><V102/><F101/><W70/><G70/><T66/><D66/><U135/><E135/><V108/><F108/><W92/><G114/><T36/><D36/><U130/><E130/><V22/><F22/><W96/><G75/><T71/><D71/><U87/><E87/><V73/><F73/><W93/><G77/><T82/><D119/><U111/><E111/><V121/><F121/><W12/><G12/><T52/><REACH who="0" step="1"/><D84/><REACH who="0" ten="240,153,230,367" step="2"/><U78/><E78/><V120/><F120/><W57/><G8/><T63/><D63/><U97/><E97/><V110/><F110/><W54/><G9/><T38/><D38/><U32/><E32/><V109/><F109/><W106/><G96/><T44/><D44/><U34/><E34/><V124/><F124/><W46/><G46/><T11/><D11/><U105/><E105/><V40/><F64/><W60/><G106/><T2/><N who="0" m="0" /><DORA hai="95" /><T118/><D118/><U58/><E58/><V24/><REACH who="2" step="1"/><F51/><REACH who="2" ten="240,153,220,367" step="2"/><W62/><G49/><T115/><D115/><U79/><E65/><V125/><F125/><W89/><G48/><T76/><D76/><U39/><E79/><V113/><F113/><RYUUKYOKU ba="0,2" sc="240,15,153,-15,220,15,367,-15" hai0="5,7,21,26,28,52,55,81,82,83" hai2="17,23,24,40,41,56,67,80,85,90,98,102,107" /><INIT seed="2,1,2,4,1,109" ten="255,138,235,352" oya="2" hai0="2,83,44,64,126,42,41,45,58,26,117,120,102" hai1="106,97,73,92,99,70,5,81,59,54,101,118,128" hai2="127,55,135,21,10,112,37,96,113,116,3,105,89" hai3="72,6,86,132,79,133,76,66,12,9,60,98,111"/><V56/><F116/><W40/><G111/><T43/><D120/><U36/><E36/><V90/><F37/><W31/><G72/><T1/><D117/><U63/><E118/><V108/><F108/><W19/><G40/><T91/><D102/><U107/><E128/><V13/><F3/><W53/><G53/><T14/><D126/><U24/><E70/><V29/><F127/><W82/><G31/><T104/><D104/><U22/><E5/><V74/><F74/><W46/><G46/><T75/><D26/><U110/><E110/><V17/><F135/><N who="3" m="51787" /><G98/><T35/><D35/><U85/><E73/><V65/><F65/><W134/><G134/><T78/><D91/><U57/><E57/><V39/><F39/><W48/><G48/><T80/><D80/><U52/><E99/><V7/><F29/><W67/><G79/><T77/><D77/><U129/><E129/><V51/><F89/><W131/><G131/><T16/><D1/><U122/><E122/><V130/><F130/><W95/><G95/><T11/><REACH who="0" step="1"/><D2/><REACH who="0" ten="245,138,235,352" step="2"/><U61/><E61/><AGARI ba="1,3" hai="11,14,16,41,42,43,44,45,58,61,64,75,78,83" machi="61" ten="40,5200,0" yaku="1,1,2,1,54,1,53,0" doraHai="109" doraHaiUra="88" who="0" fromWho="1" sc="245,85,138,-55,235,0,352,0" /><INIT seed="3,0,0,2,1,35" ten="330,83,235,352" oya="3" hai0="97,123,108,60,67,24,111,73,69,38,25,101,64" hai1="53,50,113,44,18,52,129,65,23,54,122,109,134" hai2="128,72,110,58,80,118,30,41,133,102,78,9,130" hai3="112,75,91,59,127,28,94,119,26,117,84,56,76"/><W88/><G75/><T40/><D123/><U29/><E29/><V27/><F118/><W11/><G112/><T85/><D73/><U70/><E18/><V37/><F110/><N who="0" m="42026" /><D85/><U62/><E23/><V86/><F133/><W55/><G76/><T104/><D67/><U83/><E83/><V21/><F102/><W39/><G39/><T96/><D96/><U74/><E74/><V103/><F103/><W46/><G127/><T12/><D12/><U45/><E109/><V105/><F105/><W32/><G11/><T93/><D93/><U116/><E122/><V66/><F66/><W125/><G125/><T4/><D4/><U47/><E113/><V61/><F86/><W8/><G8/><T89/><D89/><U36/><E134/><V98/><F98/><W49/><REACH who="3" step="1"/><G91/><REACH who="3" ten="330,83,235,342" step="2"/><T81/><D81/><U79/><E79/><V7/><F61/><W2/><G2/><T87/><D87/><U106/><E106/><V126/><F58/><AGARI ba="0,1" hai="26,28,32,46,49,55,56,58,59,84,88,94,117,119" machi="58" ten="40,3900,0" yaku="1,1,54,1,53,0" doraHai="35" doraHaiUra="132" who="3" fromWho="2" sc="330,0,83,0,235,-39,342,49" owari="330,13.0,83,-41.7,196,-20.4,391,49.1" /></mjloggm>