<mjloggm ver="2.3"><GO type="225" lobby="0"/><UN n0="%E3%81%86%E3%81%A9%E3%82%93%E3%81%93" n1="%E6%9D%B1%E9%A2%A8%E3%81%AE%E3%81%8D%E3%82%83%E3%81%B7%E3%81%95%E3%82%93" n2="%E3%81%B5%E3%81%98%E3%81%8B%E3%81%A4" n3="%E3%81%BF%E3%81%BF%E3%81%9A" dan="16,17,16,16" rate="2195.17,2267.20,2195.19,2234.94" sx="M,M,M,M"/><TAIKYOKU oya="0"/><INIT seed="0,0,0,0,2,12" ten="250,250,250,250" oya="0" hai0="76,120,54,43,96,13,93,58,79,47,15,63,66" hai1="94,108,3,123,14,84,89,115,103,114,36,64,44" hai2="110,74,73,113,18,19,102,88,49,20,33,99,65" hai3="112,68,6,100,28,41,77,7,48,116,21,62,29"/><T119/><D119/><U2/><E64/><V27/><F113/><N who="1" m="43017" /><E123/><V86/><F33/><W109/><G112/><T53/><D120/><U46/><E108/><V57/><F110/><W125/><G109/><T121/><D121/><U75/><E75/><V23/><F65/><W90/><G116/><T83/><D54/><U128/><E128/><V60/><F49/><W135/><G100/><T69/><D76/><U122/><E122/><V82/><F57/><W78/><G68/><T50/><D93/><U130/><E130/><V4/><F4/><W51/><G135/><T61/><REACH who="0" step="1"/><D96/><REACH who="0" ten="240,250,250,250" step="2"/><N who="1" m="59799" /><E36/><V9/><F60/><W81/><G62/><T134/><D134/><U17/><E44/><V97/><F102/><W40/><G81/><T118/><D118/><U59/><E46/><V106/><F106/><W37/><G78/><T127/><D127/><U92/><E59/><V0/><F73/><AGARI ba="0,1" hai="13,15,43,47,50,53,58,61,63,66,69,73,79,83" machi="73" ten="30,2900,0" yaku="1,1,7,1,53,0" doraHai="12" doraHaiUra="132" who="0" fromWho="2" sc="240,39,250,0,250,-29,250,0" /><INIT seed="0,1,0,1,5,124" ten="279,250,221,250" oya="0" hai0="37,45,57,62,24,2,54,68,55,6,91,96,110" hai1="27,51,78,53,88,64,60,58,102,128,1,20,119" hai2="31,22,77,99,113,131,134,100,26,90,52,114,50" hai3="16,70,34,87,12,33,94,101,83,107,23,133,132"/><T38/><D68/><U103/><E1/><V86/><F134/><N who="3" m="51819" /><G70/><T129/><D110/><U76/><E119/><V29/><F77/><N who="3" m="46575" /><G107/><T46/><D24/><U116/><E116/><V21/><F131/><W130/><G130/><T126/><D126/><U4/><E128/><V56/><F21/><W79/><G79/><T15/><D2/><U105/><E4/><V115/><F31/><W43/><G43/><T44/><D129/><U69/><E105/><V127/><F127/><W111/><G111/><T30/><D30/><U0/><E0/><V93/><REACH who="2" step="1"/><F114/><REACH who="2" ten="279,250,211,250" step="2"/><W41/><G41/><T72/><D72/><U125/><E76/><V81/><AGARI ba="1,1" hai="22,26,29,50,52,56,81,86,90,93,99,100,113,115" machi="81" ten="20,12000,2" yaku="1,1,2,1,0,1,7,1,54,1,53,1" doraHai="124" doraHaiUra="25" who="2" fromWho="2" sc="279,-61,250,-31,211,133,250,-31" /><INIT seed="1,0,0,2,3,47" ten="218,219,344,219" oya="1" hai0="29,85,108,132,75,67,43,88,38,24,92,62,115" hai1="133,56,126,94,80,9,76,45,118,3,79,101,34" hai2="117,122,15,5,48,111,23,11,64,18,90,72,7" hai3="35,63,69,42,61,98,129,119,37,60,121,39,135"/><U49/><E34/><V52/><F117/><W19/><G35/><T125/><D115/><U55/><E118/><V6/><F122/><W81/><G119/><T14/><D108/><U131/><E133/><V33/><F111/><W120/><G98/><T93/><D132/><U134/><E134/><V44/><F72/><W104/><G135/><T12/><D75/><U26/><E126/><V84/><F33/><W102/><G81/><T73/><D73/><U17/><E131/><V58/><F64/><N who="3" m="41095" /><G19/><T66/><D125/><U13/><E3/><V103/><F103/><W70/><G102/><T130/><D130/><U100/><E94/><N who="2" m="54599" /><F44/><N who="3" m="23631" /><G104/><T10/><D92/><U112/><E112/><V30/><F30/><W123/><G129/><T2/><D2/><AGARI ba="0,0" hai="2,5,6,7,11,15,18,23,48,52,58" m="54599" machi="2" ten="30,3900,0" yaku="25,1,52,1,54,1" doraHai="47" who="2" fromWho="0" sc="218,-39,219,0,344,39,219,0" /><INIT seed="2,0,0,2,1,132" ten="179,219,383,219" oya="2" hai0="95,66,31,60,72,15,68,107,133,74,5,87,12" hai1="14,125,86,20,52,24,62,104,3,53,2,37,10" hai2="48,99,100,121,46,92,102,129,111,79,17,59,16" hai3="85,43,63,77,109,78,131,76,122,8,127,61,22"/><V54/><F121/><W84/><G122/><T7/><D107/><U80/><E104/><V103/><F129/><W110/><G131/><T11/><D133/><U81/><E37/><V36/><F36/><W30/><G43/><T71/><D71/><U70/><E125/><V123/><F123/><W126/><G8/><T28/><D7/><U83/><E86/><N who="3" m="33386" /><G30/><T49/><D12/><U108/><E108/><N who="3" m="41578" /><G22/><T134/><D134/><U27/><E70/><V50/><F111/><W98/><G98/><T96/><D87/><U128/><E128/><V119/><F79/><W112/><G112/><T73/><REACH who="0" step="1"/><D49/><REACH who="0" ten="169,219,383,219" step="2"/><U39/><E39/><V25/><F119/><W106/><G106/><T23/><D23/><U42/><E20/><N who="2" m="13447" /><F17/><W82/><G82/><T116/><D116/><U29/><E80/><V117/><F117/><W118/><G118/><T34/><D34/><N who="1" m="20775" /><E83/><V18/><F18/><W75/><G75/><T33/><D33/><U55/><E2/><V120/><F120/><W101/><G101/><AGARI ba="0,1" hai="5,11,15,28,31,60,66,68,72,73,74,95,96,101" machi="101" ten="40,2600,0" yaku="1,1,53,1" doraHai="132" doraHaiUra="1" who="0" fromWho="3" sc="169,36,219,0,383,0,219,-26" /><INIT seed="3,0,0,0,4,34" ten="205,219,383,193" oya="3" hai0="102,77,99,81,124,118,129,114,61,86,87,106,74" hai1="94,93,51,92,104,35,55,0,12,109,56,90,110" hai2="8,39,6,125,97,41,52,122,117,100,43,130,103" hai3="95,29,72,19,57,30,84,22,50,42,20,45,31"/><W119/><G119/><T27/><D118/><U111/><E35/><V21/><F117/><W38/><G72/><T64/><D129/><U32/><E32/><V36/><F52/><W47/><G57/><T132/><D132/><U53/><E104/><V23/><F97/><W59/><G59/><T2/><D2/><U13/><E0/><V113/><F8/><W66/><G66/><T71/><D124/><U80/><E53/><V25/><F25/><W15/><G95/><N who="1" m="36426" /><E80/><V37/><F6/><W91/><G84/><AGARI ba="0,0" hai="12,13,51,55,56,84,90,94,109,110,111" m="36426" machi="84" ten="30,1000,0" yaku="14,1" doraHai="34" who="1" fromWho="3" sc="205,0,219,10,383,0,193,-10" owari="205,-19.5,229,2.9,383,48.3,183,-31.7" /></mjloggm>