<mjloggm ver="2.3"><GO type="225" lobby="0"/><UN n0="%E3%81%B5%E3%81%98%E3%81%8B%E3%81%A4" n1="%77%72%77%72%77%72%77%72" n2="%E9%B3%B3%E6%9D%B1%E3%81%AE%E3%81%86%E3%81%95%E3%81%8E%E3%81%95%E3%82%93" n3="%E5%8D%A0%E3%81%84%E5%B8%AB%E8%A3%8F%E3%81%AA%E3%81%84%E3%81%97" dan="16,17,17,17" rate="2169.98,2181.98,2230.63,2158.73" sx="M,M,M,M"/><TAIKYOKU oya="0"/><INIT seed="0,0,0,5,0,45" ten="250,250,250,250" oya="0" hai0="35,92,83,37,12,36,95,122,74,2,20,97,109" hai1="17,123,102,59,132,50,31,86,47,57,81,135,11" hai2="82,33,105,52,5,115,124,3,53,101,28,67,26" hai3="76,46,91,65,117,99,66,56,77,98,7,43,119"/><T40/><D122/><U24/><E123/><V111/><F115/><W1/><G117/><T93/><D35/><U4/><E102/><V121/><F121/><W84/><G119/><T90/><D2/><U42/><E17/><V58/><F111/><W0/><G7/><T125/><D109/><U64/><E64/><V108/><F108/><W128/><G128/><T133/><D125/><U9/><E9/><V107/><F124/><W116/><G116/><T60/><D133/><N who="1" m="51275" /><E24/><V21/><F3/><W70/><G70/><T41/><D60/><U134/><N who="1" m="51283" /><U71/><DORA hai="51" /><E31/><V103/><F5/><W78/><G1/><T130/><D130/><U29/><E29/><V39/><F107/><W10/><G10/><T14/><D74/><U19/><E19/><V127/><F105/><W16/><G0/><T61/><D61/><U72/><E72/><V27/><F27/><W13/><G65/><T126/><D126/><U48/><E71/><V112/><F26/><W79/><G66/><T38/><D20/><U94/><E94/><V54/><F21/><N who="3" m="11407" /><G56/><N who="1" m="21578" /><E48/><V15/><F127/><W62/><N who="3" m="19456" /><DORA hai="118" /><W88/><G62/><T114/><D37/><U89/><E11/><V6/><F39/><W8/><G8/><T75/><D75/><U96/><E4/><V49/><F6/><W25/><G25/><T30/><D38/><U120/><E120/><V18/><F33/><W85/><G85/><N who="0" m="50495" /><D36/><U32/><E32/><V106/><F106/><W22/><G22/><T80/><D30/><U55/><E96/><N who="3" m="36906" /><G84/><T63/><D63/><U34/><E34/><V100/><F67/><RYUUKYOKU ba="0,0" sc="250,-15,250,15,250,-15,250,15" hai1="42,47,50,55,81,86,89" hai3="43,46,88,91" /><INIT seed="1,1,0,1,0,112" ten="235,265,235,265" oya="1" hai0="103,80,92,40,109,42,115,68,75,5,64,97,73" hai1="58,87,41,54,50,107,131,7,133,125,60,91,104" hai2="22,117,69,16,59,100,34,127,105,121,90,130,113" hai3="10,78,48,74,110,46,9,126,65,44,43,86,128"/><U19/><E131/><V15/><F121/><W70/><G74/><T72/><D115/><U135/><E7/><V27/><F113/><W122/><G122/><T96/><D109/><U101/><E125/><V134/><F69/><W24/><G110/><T114/><D114/><U67/><E41/><V33/><F130/><W28/><G128/><T94/><D5/><U102/><E107/><V11/><F127/><W124/><G65/><T82/><D68/><U56/><E19/><V77/><F134/><N who="1" m="51209" /><E104/><V6/><F117/><W88/><G70/><T118/><D64/><U49/><E50/><V81/><F90/><W30/><G78/><T14/><D14/><U45/><E58/><V25/><F59/><W83/><G124/><T84/><D42/><U8/><E8/><N who="3" m="3178" /><G126/><T4/><D4/><U38/><E38/><V18/><F100/><W108/><G108/><T47/><D118/><U129/><E129/><V17/><F105/><W20/><G44/><T52/><D40/><U12/><E12/><N who="2" m="9479" /><F81/><AGARI ba="1,0" hai="45,49,54,56,60,67,81,87,91,101,102" m="51209" machi="81" ten="30,1500,0" yaku="20,1" doraHai="112" who="1" fromWho="2" sc="235,0,265,18,235,-18,265,0" /><INIT seed="1,2,0,0,0,41" ten="235,283,217,265" oya="1" hai0="37,48,111,125,99,27,58,94,112,110,97,70,109" hai1="29,119,1,30,47,33,61,86,64,60,93,75,130" hai2="2,134,7,11,39,8,84,24,123,80,81,9,12" hai3="68,107,102,20,31,90,116,114,0,127,40,71,129"/><U62/><E75/><V15/><F123/><W6/><G114/><T19/><D112/><U17/><E119/><V4/><F134/><W79/><G90/><T57/><D37/><U74/><E74/><V45/><F24/><W52/><G79/><T100/><D70/><U132/><E1/><V128/><F128/><W105/><G40/><T38/><D38/><U118/><E118/><V83/><F39/><W36/><G36/><T73/><D73/><U106/><E106/><V46/><REACH who="2" step="1"/><F84/><REACH who="2" ten="235,283,207,265" step="2"/><W77/><G129/><T63/><D27/><U69/><E86/><V103/><F103/><W133/><G102/><N who="0" m="60727" /><D125/><U104/><E132/><V34/><F34/><W76/><G127/><T13/><D100/><U3/><E33/><V44/><F44/><W18/><G133/><T35/><D35/><U51/><E47/><V115/><F115/><W88/><G116/><T53/><D99/><U78/><E130/><V95/><F95/><W89/><G107/><T91/><D91/><U66/><E93/><V21/><F21/><W49/><G20/><N who="0" m="11375" /><D58/><U10/><E104/><V50/><F50/><AGARI ba="2,1" hai="48,50,53,57,63,109,110,111" m="11375,60727" machi="50" ten="30,1000,0" yaku="14,1" doraHai="41" who="0" fromWho="2" sc="235,26,283,0,207,-16,265,0" /><INIT seed="2,0,0,4,2,65" ten="261,283,191,265" oya="2" hai0="61,8,38,68,15,21,125,53,66,100,44,86,112" hai1="98,39,59,121,134,119,1,71,114,89,135,110,7" hai2="116,97,50,109,40,17,104,19,131,34,115,49,23" hai3="33,46,117,25,51,28,58,76,18,77,2,118,81"/><V85/><F115/><W20/><G2/><T127/><D112/><U69/><E114/><V92/><F116/><W120/><G58/><T72/><D72/><U129/><E119/><V27/><F131/><W12/><G77/><T96/><D86/><U93/><E129/><V107/><F34/><W94/><G94/><T63/><D21/><U11/><E110/><V70/><F109/><W56/><G56/><N who="0" m="34959" /><D44/><U26/><E39/><V73/><F73/><W126/><G126/><N who="0" m="48139" /><D38/><U6/><E6/><V79/><F70/><W55/><REACH who="3" step="1"/><G120/><REACH who="3" ten="261,283,191,255" step="2"/><T30/><D63/><U130/><E121/><V48/><F40/><W123/><G123/><T67/><D66/><U108/><E59/><V124/><F124/><W83/><G83/><T22/><D67/><U64/><E64/><V32/><F32/><W113/><G113/><T128/><D128/><U106/><E108/><V14/><F79/><W35/><G35/><T133/><D133/><N who="1" m="50699" /><E130/><V88/><REACH who="2" step="1"/><F97/><REACH who="2" ten="261,283,181,255" step="2"/><W105/><G105/><T16/><D96/><U13/><E106/><V4/><F4/><W29/><G29/><T54/><D30/><U111/><E111/><V90/><F90/><W78/><G78/><T3/><D100/><U95/><E89/><V0/><F0/><W24/><G24/><T47/><D3/><U37/><E98/><V74/><F74/><AGARI ba="0,2" hai="12,18,20,25,28,33,46,51,55,74,76,81,117,118" machi="74" ten="30,2000,0" yaku="1,1,7,1,53,0" doraHai="65" doraHaiUra="122" who="3" fromWho="2" sc="261,0,283,0,181,-20,255,40" /><INIT seed="3,0,0,1,2,96" ten="261,283,161,295" oya="3" hai0="11,32,24,79,84,7,85,22,20,78,111,2,43" hai1="35,132,17,3,117,134,41,103,107,18,8,51,66" hai2="88,75,120,60,59,21,74,119,98,63,97,128,109" hai3="100,105,127,52,46,38,108,4,72,49,47,29,80"/><W26/><G127/><T19/><D111/><U99/><E35/><V126/><F119/><W90/><G108/><T130/><D130/><U23/><E117/><V9/><F109/><W94/><G4/><T89/><D43/><U37/><E37/><V45/><F128/><W76/><G38/><T34/><D22/><U39/><E39/><V110/><F110/><W0/><G0/><T112/><D112/><U93/><E66/><V15/><F126/><W73/><G73/><T135/><D135/><N who="1" m="51755" /><E107/><V61/><F120/><W33/><G105/><T129/><D129/><U27/><E3/><V68/><F68/><W55/><G100/><T57/><D57/><U5/><E5/><N who="2" m="3503" /><F74/><W123/><G123/><T40/><D40/><U36/><E36/><V12/><F75/><W122/><G122/><T16/><D19/><N who="1" m="12799" /><E8/><V124/><F124/><W125/><G125/><T114/><D114/><U77/><E77/><V133/><F133/><W53/><G47/><AGARI ba="0,0" hai="17,18,41,47,51,93,99,103" m="12799,51755" machi="47" ten="30,2000,0" yaku="20,1,52,1" doraHai="96" who="1" fromWho="3" sc="261,0,283,20,161,0,295,-20" owari="261,-13.9,303,40.3,161,-33.9,275,7.5" /></mjloggm>