<mjloggm ver="2.3"><GO type="225" lobby="0"/><UN n0="%E5%A4%96%E5%B7%9D%E7%AB%9C%E6%88%90" n1="%72%65%6E%6B%75%6E" n2="%EF%BC%94%36" n3="%6D%75%75%73%61%6E%6D%75" dan="16,17,16,16" rate="2115.51,2257.49,2067.21,2141.97" sx="M,M,M,F"/><TAIKYOKU oya="0"/><INIT seed="0,0,0,0,1,23" ten="250,250,250,250" oya="0" hai0="87,124,56,107,127,32,111,106,35,130,17,84,7" hai1="93,73,66,3,88,58,91,92,105,20,27,80,76" hai2="131,18,40,79,117,6,21,133,81,12,60,128,99" hai3="49,74,83,4,108,38,122,36,50,30,115,72,126"/><T14/><D7/><U57/><E105/><N who="0" m="39945" /><D56/><U42/><E3/><V94/><F117/><W112/><G4/><T19/><D14/><U8/><E42/><V95/><F133/><W46/><G30/><T110/><D130/><U129/><E129/><N who="2" m="49739" /><F99/><W33/><G46/><T97/><D97/><U104/><E104/><V119/><F119/><W123/><G33/><N who="0" m="12875" /><D84/><U55/><E8/><N who="2" m="4119" /><F60/><W89/><G89/><T45/><D87/><U22/><E66/><V53/><F40/><W90/><G90/><T37/><D45/><U101/><E101/><V75/><F53/><W52/><G52/><T34/><N who="0" m="12883" /><T125/><DORA hai="9" /><D37/><N who="3" m="14441" /><G83/><T0/><D0/><U109/><E55/><V67/><F67/><W118/><G118/><T51/><D51/><N who="3" m="19465" /><G126/><T134/><D134/><U121/><E80/><V77/><F77/><W47/><G47/><T13/><D13/><AGARI ba="0,0" hai="13,18,21,75,79,81,94,95" m="4119,49739" machi="13" ten="30,3900,0" yaku="19,1,52,2" doraHai="23,9" who="2" fromWho="0" sc="250,-39,250,0,250,39,250,0" /><INIT seed="1,0,0,2,3,14" ten="211,250,289,250" oya="1" hai0="53,46,100,65,61,85,24,119,88,18,42,9,135" hai1="86,97,122,102,110,8,132,82,0,98,5,133,32" hai2="63,81,89,59,77,129,37,43,123,87,124,111,29" hai3="66,84,112,92,17,95,27,116,41,38,62,33,49"/><U45/><E122/><V22/><F123/><W12/><G112/><T83/><D135/><N who="1" m="51787" /><E32/><V19/><F29/><W76/><G38/><T57/><D119/><U69/><E69/><V94/><F37/><W34/><G116/><T47/><D100/><U6/><E6/><V7/><F43/><W21/><G76/><T13/><D42/><U60/><E45/><V121/><F121/><W79/><G79/><T3/><D3/><U106/><E60/><V109/><F7/><W51/><G33/><T99/><D99/><N who="1" m="61791" /><E110/><V70/><F70/><W96/><G34/><T103/><D103/><U2/><E2/><V105/><F105/><W125/><G41/><T130/><D130/><U101/><E101/><V52/><F129/><W11/><G49/><T4/><D53/><U71/><E71/><V126/><F111/><W20/><G51/><T1/><REACH who="0" step="1"/><D24/><REACH who="0" ten="201,250,289,250" step="2"/><U15/><E0/><V44/><F109/><W91/><G27/><T58/><D58/><U134/><N who="1" m="51795" /><U115/><DORA hai="131" /><E115/><V26/><REACH who="2" step="1"/><F44/><REACH who="2" ten="201,250,279,250" step="2"/><W128/><G128/><T35/><D35/><U75/><E75/><AGARI ba="0,2" hai="19,22,26,52,59,63,75,77,81,87,89,94,124,126" machi="75" ten="40,8000,1" yaku="1,1,2,1,52,1,54,1,53,0" doraHai="14,131" doraHaiUra="118,30" who="2" fromWho="1" sc="201,0,250,-80,279,100,250,0" /><INIT seed="2,0,0,2,1,40" ten="201,170,379,250" oya="2" hai0="71,103,111,29,85,110,104,4,128,53,1,57,102" hai1="129,67,84,108,12,121,26,6,91,81,113,16,56" hai2="68,126,46,22,34,30,3,25,131,14,101,98,77" hai3="38,18,120,49,37,51,123,127,118,86,28,107,39"/><V105/><F3/><W106/><G118/><T11/><D71/><U119/><E113/><V134/><F126/><W112/><G127/><T58/><D128/><U125/><E119/><V65/><F131/><W13/><G112/><T61/><D29/><U70/><E125/><V15/><F134/><W97/><G28/><T63/><D85/><U66/><E129/><V64/><F77/><W20/><G86/><T109/><REACH who="0" step="1"/><D104/><REACH who="0" ten="191,170,379,250" step="2"/><U122/><E70/><V87/><F87/><W32/><G107/><T116/><D116/><U88/><E108/><V100/><F68/><W99/><G106/><T92/><D92/><U21/><E121/><V115/><F115/><W130/><G130/><T50/><D50/><U132/><E132/><V27/><F30/><W59/><G51/><T43/><D43/><U19/><E122/><V45/><F105/><W90/><G49/><T33/><D33/><U31/><E91/><V79/><F34/><W76/><G32/><T94/><D94/><U80/><E80/><V24/><F98/><W78/><G97/><T73/><D73/><U60/><REACH who="1" step="1"/><E67/><AGARI ba="0,1" hai="1,4,11,53,57,58,61,63,67,102,103,109,110,111" machi="67" ten="40,5200,0" yaku="1,1,14,1,53,1" doraHai="40" doraHaiUra="0" who="0" fromWho="1" sc="191,62,170,-52,379,0,250,0" /><INIT seed="3,0,0,4,2,46" ten="253,118,379,250" oya="3" hai0="128,40,130,108,6,37,124,31,32,83,111,56,41" hai1="99,24,95,65,29,30,48,58,84,107,50,7,106" hai2="112,44,27,113,4,131,59,75,3,89,97,49,21" hai3="94,11,119,51,92,2,28,103,61,36,15,125,133"/><W123/><G36/><T63/><D6/><U120/><E120/><V39/><F75/><W1/><G119/><T85/><D31/><U45/><E7/><V87/><F39/><W38/><G38/><T13/><D13/><U22/><E84/><V72/><F72/><W69/><G123/><T132/><D32/><U9/><E9/><V43/><F131/><N who="0" m="50218" /><D132/><U42/><E30/><V14/><F3/><W62/><G133/><T71/><D71/><U25/><E25/><V67/><F97/><N who="3" m="59815" /><G69/><T20/><D20/><U19/><E19/><V74/><F74/><W105/><G2/><T115/><D124/><U57/><E57/><V77/><F4/><N who="3" m="3559" /><G1/><T34/><D34/><U118/><E118/><V33/><F33/><W102/><G125/><T64/><D115/><U109/><E109/><N who="0" m="42057" /><D37/><U86/><E86/><V129/><F87/><W96/><G28/><T88/><AGARI ba="0,0" hai="40,41,56,63,64,83,85,88" m="42057,50218" machi="88" ten="30,4000,0" yaku="19,1,14,1,54,1" doraHai="46" who="0" fromWho="0" sc="253,40,118,-10,379,-10,250,-20" owari="293,9.3,108,-39.2,369,46.9,230,-17.0" /></mjloggm>