<mjloggm ver="2.3"><GO type="225" lobby="0"/><UN n0="%E7%82%8E%E3%81%AE%E3%83%88%E3%83%AC%E3%83%BC%E3%83%80%E3%83%BC" n1="%E3%81%9F%E3%81%8C%E3%82%84%E3%81%99" n2="%E7%9C%9F%E4%B8%80" n3="%E3%82%BC%E3%83%AB%E3%83%80%E3%81%AE%E4%BC%9D%E8%AA%AC" dan="16,16,17,16" rate="2160.29,2170.67,2258.05,2103.43" sx="M,M,M,M"/><TAIKYOKU oya="0"/><INIT seed="0,0,0,5,2,89" ten="250,250,250,250" oya="0" hai0="1,78,38,84,16,110,91,126,21,13,94,82,72" hai1="44,8,62,74,35,19,115,97,24,125,49,123,58" hai2="57,43,50,76,42,132,52,122,20,111,93,29,116" hai3="102,121,101,99,18,86,70,108,92,118,73,40,96"/><T65/><D126/><U0/><E74/><V83/><F122/><W105/><G70/><T10/><D38/><U32/><E123/><V85/><F111/><W107/><G121/><T104/><D110/><U103/><E125/><V87/><F132/><W31/><G108/><T69/><D104/><U34/><E115/><V14/><F116/><W27/><G118/><T67/><D69/><U59/><E0/><V90/><F29/><W54/><G73/><T133/><D133/><U37/><E37/><V51/><F50/><W11/><G40/><T7/><AGARI ba="0,0" hai="1,7,10,13,16,21,65,67,72,78,82,84,91,94" machi="7" ten="30,6000,0" yaku="0,1,52,1,54,1" doraHai="89" who="0" fromWho="0" sc="250,60,250,-20,250,-20,250,-20" /><INIT seed="0,1,0,0,4,19" ten="310,230,230,230" oya="0" hai0="26,64,22,115,16,44,88,113,29,4,61,101,18" hai1="85,67,79,9,30,52,11,108,21,95,25,129,109" hai2="133,130,118,33,84,76,59,82,5,98,53,91,63" hai3="93,14,35,104,49,58,60,36,40,83,87,42,128"/><T24/><D101/><U126/><E67/><V17/><F130/><W103/><G128/><T54/><D4/><U100/><E129/><V1/><F133/><W114/><G114/><T134/><D134/><U125/><E79/><V112/><F33/><W15/><G35/><T8/><D54/><U48/><E100/><V107/><F112/><W41/><G104/><T65/><D44/><N who="1" m="27655" /><E85/><V127/><F127/><N who="1" m="48649" /><E95/><V66/><F118/><W69/><G49/><T80/><D115/><U131/><E131/><V77/><F1/><W122/><G69/><T92/><D80/><U71/><E71/><V68/><F5/><W55/><G36/><T99/><D113/><U56/><E56/><V89/><F107/><W23/><G122/><T28/><D8/><AGARI ba="1,0" hai="8,9,11,21,25,30,108,109" m="48649,27655" machi="8" ten="30,3900,0" yaku="18,1,52,1,54,1" doraHai="19" who="1" fromWho="0" sc="310,-42,230,42,230,0,230,0" /><INIT seed="1,0,0,5,5,128" ten="268,272,230,230" oya="1" hai0="94,25,66,43,20,74,14,102,72,110,133,132,22" hai1="60,109,46,9,10,80,17,71,107,90,50,83,6" hai2="126,36,64,88,119,27,2,30,91,67,123,112,108" hai3="0,75,11,48,21,26,114,41,5,100,69,111,28"/><U120/><E107/><V79/><F119/><W121/><G121/><T103/><D43/><U42/><E120/><V118/><F118/><W122/><G122/><T33/><D110/><U73/><E109/><V23/><F123/><W31/><G111/><T86/><D33/><U63/><E71/><V39/><F108/><W61/><G114/><T124/><D124/><U34/><E34/><V113/><F2/><W95/><G75/><T8/><D66/><N who="2" m="25130" /><F79/><W19/><G61/><T55/><D55/><U76/><E17/><V59/><F59/><W98/><REACH who="3" step="1"/><G69/><REACH who="3" ten="268,272,230,220" step="2"/><T82/><D74/><U81/><E63/><V101/><F113/><W85/><G85/><T54/><D72/><U104/><E60/><V13/><F112/><W51/><G51/><T89/><D86/><U106/><E73/><V92/><F39/><W77/><G77/><T52/><D54/><U68/><E68/><V57/><F36/><W87/><G87/><T53/><D52/><U70/><E70/><V37/><F37/><W96/><G96/><T131/><D53/><U29/><E76/><V32/><F57/><W135/><G135/><T49/><D133/><U116/><E116/><V115/><F115/><W40/><G40/><T56/><D132/><U105/><E50/><V1/><F126/><W45/><AGARI ba="0,1" hai="0,5,11,19,21,26,28,31,41,45,48,95,98,100" machi="45" ten="30,2000,0" yaku="1,1,0,1,53,0" doraHai="128" doraHaiUra="127" who="3" fromWho="3" sc="268,-5,272,-10,230,-5,220,30" /><INIT seed="2,0,0,0,0,76" ten="263,262,225,250" oya="2" hai0="41,68,42,1,93,51,2,129,27,110,103,38,127" hai1="20,72,44,54,39,132,111,98,15,78,118,99,46" hai2="126,7,36,62,75,84,90,25,77,119,58,37,89" hai3="88,131,18,70,12,48,79,124,63,122,92,125,55"/><V123/><F119/><W34/><G122/><T14/><D68/><U22/><E39/><V4/><F123/><W26/><G131/><T32/><D38/><U16/><E118/><V130/><F37/><W28/><G79/><T49/><D129/><U66/><E66/><V43/><F130/><W74/><G74/><T65/><D65/><U81/><E132/><V104/><F104/><W101/><G101/><T133/><D14/><U57/><E111/><V135/><F75/><W10/><G63/><T117/><D110/><U67/><E67/><N who="2" m="39383" /><F36/><W56/><REACH who="3" step="1"/><G70/><REACH who="3" ten="263,262,225,240" step="2"/><T109/><D109/><U52/><E72/><V47/><F135/><W61/><G61/><T115/><D103/><U45/><E78/><V71/><F71/><W59/><G59/><T3/><D133/><U128/><E57/><V96/><F77/><W95/><G95/><T120/><D93/><U87/><E128/><V24/><F90/><W83/><G83/><T116/><D120/><U17/><E81/><N who="2" m="49295" /><F126/><W50/><G50/><T134/><D127/><U0/><E0/><V94/><F47/><W8/><G8/><T19/><D134/><U29/><E45/><V53/><F43/><W64/><G64/><T102/><D42/><U107/><E107/><V9/><F53/><W11/><G11/><T105/><D41/><U73/><E54/><V114/><F114/><W113/><G113/><T69/><D115/><U6/><E52/><V97/><F9/><W33/><G33/><T35/><D117/><U85/><E73/><V91/><F96/><AGARI ba="0,1" hai="10,12,18,26,28,34,48,55,56,88,92,96,124,125" machi="96" ten="40,5200,0" yaku="1,1,54,1,53,1" doraHai="76" doraHaiUra="21" who="3" fromWho="2" sc="263,0,262,0,225,-52,240,62" /><INIT seed="3,0,0,3,5,108" ten="263,262,173,302" oya="3" hai0="101,128,7,1,23,15,50,117,85,125,49,28,48" hai1="60,73,44,47,67,25,38,21,58,18,94,96,81" hai2="11,20,35,113,9,122,30,98,90,39,64,33,71" hai3="52,17,105,55,93,100,130,99,2,43,83,87,34"/><W22/><G34/><T84/><D117/><U114/><E38/><V65/><F39/><W79/><G2/><T116/><D116/><U66/><E114/><V76/><F76/><W133/><G133/><T68/><D68/><U97/><E66/><V88/><F20/><W102/><G130/><T131/><D101/><N who="3" m="39017" /><G43/><T0/><D125/><U92/><E73/><V115/><F30/><W132/><G105/><T32/><D32/><U121/><E121/><V13/><F13/><N who="3" m="9519" /><G132/><T19/><D28/><U118/><E81/><V80/><F80/><W12/><G12/><T8/><REACH who="0" step="1"/><D1/><REACH who="0" ten="253,262,173,302" step="2"/><U106/><E118/><V103/><F71/><W95/><G95/><N who="1" m="36394" /><E106/><V119/><F103/><AGARI ba="0,1" hai="52,55,79,83,87,93,99,103" m="9519,39017" machi="103" ten="30,2900,0" yaku="8,1,54,1" doraHai="108" who="3" fromWho="2" sc="253,0,262,0,173,-29,302,39" owari="253,-14.7,262,6.2,144,-35.6,341,44.1" /></mjloggm>