<mjloggm ver="2.3"><GO type="225" lobby="0"/><UN n0="%E3%81%8C%E3%81%9F" n1="%E5%A0%80%E5%B7%9D%E9%9B%B7%E9%BC%93" n2="%E3%81%82%E3%81%84%E3%81%82%E3%81%8A%E3%81%84" n3="%E5%B8%86%E7%AB%8B%E5%A4%8F%E8%A1%A3" dan="16,16,18,17" rate="2094.15,2067.61,2203.04,2153.51" sx="F,F,M,M"/><TAIKYOKU oya="0"/><INIT seed="0,0,0,4,3,98" ten="250,250,250,250" oya="0" hai0="71,133,43,5,12,83,19,68,48,34,111,63,38" hai1="101,24,85,103,31,14,8,45,9,74,13,88,120" hai2="42,28,53,95,6,116,112,37,72,134,100,122,114" hai3="58,11,46,1,2,89,7,91,57,17,70,118,75"/><T94/><D34/><U86/><E74/><V110/><F28/><W82/><G118/><T55/><D133/><U50/><E120/><V44/><F122/><W4/><G70/><T113/><D113/><U117/><E117/><V107/><F116/><W121/><G121/><T35/><D35/><U79/><E24/><V131/><F134/><W130/><G130/><T20/><D5/><N who="1" m="3215" /><E31/><V56/><F131/><W102/><G17/><T29/><D29/><U92/><E85/><V76/><F110/><W23/><G23/><T3/><D3/><U87/><E87/><V132/><F132/><W49/><G75/><T27/><D111/><U109/><E79/><V59/><F59/><W60/><G82/><T78/><D94/><U15/><E109/><V126/><F107/><W61/><G11/><T99/><D99/><U84/><E84/><V128/><F128/><W51/><REACH who="3" step="1"/><G46/><REACH who="3" ten="250,250,250,240" step="2"/><T77/><D68/><U0/><E0/><V104/><F44/><W30/><G30/><T135/><D83/><U127/><E127/><V16/><F72/><W62/><G62/><T67/><D135/><U47/><E47/><V80/><F80/><W81/><G81/><T129/><D129/><U41/><E15/><V119/><F126/><W36/><G36/><T108/><D108/><U105/><E105/><V115/><F37/><W64/><G64/><T106/><D106/><U33/><E33/><V32/><F114/><W25/><G25/><T123/><D123/><U69/><E69/><V97/><F112/><W93/><G93/><T90/><D27/><U54/><E41/><V96/><F115/><RYUUKYOKU ba="0,1" sc="250,-15,250,15,250,-15,240,15" hai1="9,14,45,50,54,86,88,92,101,103" hai3="1,2,4,7,49,51,57,58,60,61,89,91,102" /><INIT seed="1,1,1,3,0,133" ten="235,265,235,255" oya="1" hai0="125,107,99,16,93,11,51,59,81,80,101,37,42" hai1="47,4,108,27,0,104,57,25,18,102,44,89,31" hai2="64,111,82,50,9,98,76,74,19,92,129,23,112" hai3="83,86,95,115,60,24,6,36,58,127,12,70,53"/><U15/><E0/><V105/><F111/><W29/><G115/><T73/><D37/><U122/><E122/><V46/><F129/><W130/><G36/><T33/><D33/><U131/><E4/><V109/><F109/><W100/><G127/><T134/><D134/><U77/><E108/><V62/><F105/><W30/><G70/><T97/><D73/><U10/><E77/><V26/><F9/><N who="3" m="4151" /><G130/><T85/><D125/><U110/><E110/><V96/><F92/><W17/><G95/><T90/><D97/><U66/><E131/><V78/><F76/><N who="3" m="46439" /><G100/><T113/><D113/><U45/><E104/><V14/><F26/><W5/><G5/><T114/><D114/><U79/><E79/><V88/><F88/><W22/><AGARI ba="1,1" hai="17,22,24,29,30,53,58,60" m="46439,4151" machi="22" ten="30,1100,0" yaku="8,1" doraHai="133" who="3" fromWho="3" sc="235,-4,265,-6,235,-4,255,24" /><INIT seed="2,0,0,2,0,52" ten="231,259,231,279" oya="2" hai0="21,78,40,80,125,102,131,12,126,112,108,11,63" hai1="77,89,88,111,74,123,132,119,26,6,118,1,69" hai2="9,30,7,103,27,32,94,79,105,68,28,41,96" hai3="84,64,31,48,113,93,22,60,50,38,56,33,62"/><V110/><F30/><W55/><G113/><T51/><D112/><U70/><E6/><V20/><F110/><W67/><G38/><T57/><D108/><U17/><E1/><V82/><F68/><W75/><G75/><T42/><D131/><U39/><E39/><V90/><F41/><W10/><G10/><T83/><D21/><N who="1" m="13615" /><E111/><V116/><F116/><W65/><G33/><T61/><D102/><U97/><E69/><V81/><F32/><W128/><G128/><T53/><D63/><U71/><E71/><V109/><F109/><W35/><G35/><T0/><D0/><U15/><E70/><V101/><F105/><W37/><G37/><T2/><D2/><U104/><E15/><V18/><F28/><W8/><G8/><T46/><D42/><U76/><E104/><V16/><F18/><W58/><G31/><T121/><D121/><U66/><E66/><V98/><F98/><W54/><G22/><T135/><D135/><U122/><E132/><V91/><F103/><W23/><G23/><T34/><D34/><U117/><E74/><V59/><F59/><W44/><G44/><T36/><D36/><U129/><E129/><V87/><REACH who="2" step="1"/><F81/><REACH who="2" ten="231,259,221,279" step="2"/><W133/><G133/><T73/><REACH who="0" step="1"/><D80/><REACH who="0" ten="221,259,221,279" step="2"/><U115/><E115/><V100/><F100/><W3/><G67/><T5/><AGARI ba="0,2" hai="5,11,12,40,46,51,53,57,61,73,78,83,125,126" machi="5" ten="30,7900,0" yaku="1,1,2,1,0,1,52,1,53,0" doraHai="52" doraHaiUra="95" who="0" fromWho="0" sc="221,99,259,-20,221,-39,279,-20" /><INIT seed="3,0,0,3,5,51" ten="320,239,182,259" oya="3" hai0="128,38,42,59,23,3,78,62,114,12,5,25,40" hai1="49,45,107,76,125,19,112,111,126,7,67,90,68" hai2="70,39,58,77,87,28,18,11,20,21,82,93,69" hai3="64,85,123,109,13,121,117,94,24,50,34,65,84"/><W31/><G117/><T1/><D128/><U41/><E107/><V81/><F39/><W9/><G109/><T110/><D110/><U36/><E111/><V124/><F124/><N who="1" m="47721" /><E76/><V44/><F44/><W103/><G85/><T32/><D32/><U101/><E101/><V104/><F104/><W108/><G108/><T130/><D130/><U15/><E7/><V120/><F120/><W2/><G2/><T86/><D23/><N who="1" m="11775" /><E112/><V0/><F93/><W74/><G74/><T30/><D3/><U14/><E14/><V119/><F119/><W133/><G133/><T135/><D12/><U60/><E90/><V26/><F82/><W66/><G103/><T61/><D78/><U91/><E91/><V33/><F21/><W106/><G106/><T57/><D5/><U8/><E8/><V54/><F0/><W79/><G94/><T89/><D89/><U37/><AGARI ba="0,0" hai="36,37,41,45,49,60,67,68" m="11775,47721" machi="37" ten="30,1100,0" yaku="18,1" doraHai="51" who="1" fromWho="1" sc="320,-3,239,11,182,-3,259,-5" owari="317,41.7,250,-15.0,179,-32.1,254,5.4" /></mjloggm>