<mjloggm ver="2.3"><GO type="225" lobby="0"/><UN n0="%E3%81%A9%E3%82%8F%E3%82%93%E3%81%94" n1="%38%63%E3%81%AF%E3%81%A3%E3%81%97%E3%83%BC" n2="%4C%4F%4C%49%54%41" n3="%E3%83%8F%E3%82%AC%E3%82%BF%E3%82%AB%E3%81%AE%E3%81%88%E3%81%98%E3%81%8D" dan="16,16,16,16" rate="2137.03,2084.91,2144.86,2194.22" sx="M,M,F,M"/><TAIKYOKU oya="0"/><INIT seed="0,0,0,4,1,120" ten="250,250,250,250" oya="0" hai0="107,14,113,51,80,76,46,2,64,8,9,105,95" hai1="110,25,58,97,37,112,47,40,132,123,34,134,93" hai2="98,33,81,44,31,43,20,90,6,111,100,85,10" hai3="7,135,35,83,63,96,26,69,19,77,24,118,87"/><T4/><D113/><U53/><E123/><V60/><F33/><W36/><G118/><T131/><D131/><U23/><E34/><V103/><F111/><W133/><G36/><T67/><D95/><U116/><E116/><V39/><F60/><W128/><G7/><T86/><D105/><U130/><E130/><V42/><F42/><W48/><G128/><T122/><D107/><U117/><E117/><V16/><F31/><W121/><G121/><T89/><D122/><U108/><E112/><V22/><F98/><W59/><G96/><T27/><D27/><U126/><E126/><V13/><REACH who="2" step="1"/><F22/><REACH who="2" ten="250,250,240,250" step="2"/><W30/><G63/><T82/><D67/><U99/><E97/><V74/><F74/><W17/><G69/><T129/><D64/><U49/><E132/><V29/><F29/><W70/><G70/><T0/><D129/><U55/><E55/><V66/><F66/><W65/><G65/><T92/><D9/><U73/><E73/><V109/><F109/><N who="1" m="42089" /><E134/><V125/><F125/><W71/><G71/><T75/><D82/><U102/><E23/><V38/><F38/><W88/><G83/><T3/><REACH who="0" step="1"/><D3/><AGARI ba="0,1" hai="3,6,10,13,16,20,39,43,44,81,85,90,100,103" machi="3" ten="30,3900,0" yaku="1,1,7,1,54,1,53,0" doraHai="120" doraHaiUra="56" who="2" fromWho="0" sc="250,-39,250,0,240,49,250,0" /><INIT seed="1,0,0,4,2,70" ten="211,250,289,250" oya="1" hai0="64,6,88,77,52,135,113,92,71,1,79,114,31" hai1="11,105,81,68,8,67,93,90,48,56,134,14,26" hai2="16,40,63,95,32,110,97,28,5,109,45,119,91" hai3="103,117,3,41,12,15,85,49,62,24,72,104,74"/><U118/><E105/><V73/><F119/><W133/><G3/><T128/><D1/><U96/><E118/><V17/><F73/><W111/><G117/><T37/><D37/><U84/><E68/><V39/><F5/><W126/><G62/><T61/><D6/><U13/><E134/><V18/><REACH who="2" step="1"/><F63/><REACH who="2" ten="211,250,279,250" step="2"/><W86/><G133/><T76/><D135/><U57/><E67/><V125/><F125/><W44/><G74/><T36/><D114/><U132/><E132/><V98/><F98/><W121/><G72/><T38/><D113/><U83/><E96/><V107/><F107/><W47/><G104/><T60/><D128/><U27/><E84/><V9/><F9/><W94/><G86/><T59/><REACH who="0" step="1"/><D31/><REACH who="0" ten="201,250,279,250" step="2"/><U122/><E122/><V29/><F29/><W131/><G121/><T108/><D108/><U50/><REACH who="1" step="1"/><E93/><REACH who="1" ten="201,240,279,250" step="2"/><V65/><F65/><W46/><G94/><T2/><D2/><U34/><E34/><V66/><F66/><W100/><G131/><T43/><D43/><U53/><E53/><V112/><F112/><W19/><G41/><T58/><D58/><U78/><E78/><V54/><F54/><W4/><G111/><T55/><D55/><U106/><E106/><V25/><AGARI ba="0,3" hai="16,17,18,25,28,32,39,40,45,91,95,97,109,110" machi="25" ten="30,7900,0" yaku="1,1,0,1,52,1,54,1,53,0" doraHai="70" doraHaiUra="10" who="2" fromWho="2" sc="201,-20,240,-39,279,109,250,-20" /><INIT seed="2,0,0,2,2,12" ten="181,201,388,230" oya="2" hai0="21,132,9,97,33,24,71,118,27,98,133,6,53" hai1="43,94,102,131,128,48,91,117,85,18,29,84,122" hai2="126,22,20,66,13,112,59,124,35,57,50,47,63" hai3="8,1,0,16,7,86,30,114,109,123,39,52,67"/><V134/><F35/><W83/><G39/><T51/><D71/><U2/><E2/><V40/><F112/><W93/><G123/><T4/><D33/><U108/><E29/><V3/><F3/><W107/><G107/><T14/><D6/><U105/><E43/><V90/><F134/><N who="0" m="51818" /><D118/><U23/><E117/><V54/><F90/><W115/><G1/><T37/><D37/><U65/><E65/><V106/><F106/><W73/><G30/><N who="0" m="17679" /><D27/><U42/><E122/><V34/><F34/><W45/><G67/><T19/><D4/><U70/><E70/><V82/><F13/><N who="3" m="7207" /><G73/><T76/><D76/><U113/><E113/><N who="3" m="43018" /><G93/><T75/><D75/><U44/><E105/><V81/><F81/><W41/><G41/><T11/><D9/><U17/><E94/><V74/><F74/><W5/><G0/><T104/><D104/><U111/><E42/><V130/><F82/><W89/><G109/><T46/><AGARI ba="0,0" hai="11,14,19,46,51,53,97,98" m="17679,51818" machi="46" ten="30,2000,0" yaku="20,1,52,1" doraHai="12" who="0" fromWho="0" sc="181,20,201,-5,388,-10,230,-5" /><INIT seed="3,0,0,2,5,124" ten="201,196,378,225" oya="3" hai0="103,107,6,18,51,36,3,134,16,128,86,120,26" hai1="54,114,73,98,97,89,110,70,69,61,133,28,59" hai2="24,127,5,104,79,27,48,109,66,88,129,68,135" hai3="65,2,84,57,102,106,105,42,113,8,17,67,14"/><W87/><G113/><T132/><D36/><U10/><E114/><V39/><F129/><W0/><G42/><T112/><D112/><U44/><E73/><V118/><F39/><W43/><G43/><T64/><D120/><U131/><E131/><V83/><F104/><W123/><G123/><T40/><D128/><U78/><E78/><V93/><F118/><W60/><G67/><T101/><D64/><U55/><E110/><V108/><F135/><N who="0" m="51754" /><D86/><U35/><E133/><V91/><F127/><W111/><G111/><N who="2" m="42569" /><F5/><W85/><REACH who="3" step="1"/><G105/><REACH who="3" ten="201,196,378,215" step="2"/><T50/><D107/><U122/><E122/><V74/><F66/><W82/><G82/><T30/><D40/><U15/><E54/><V53/><F53/><W92/><G92/><T119/><D119/><U77/><E55/><V34/><F93/><W37/><G37/><T95/><D95/><U90/><E70/><V1/><F68/><W80/><G80/><T62/><D62/><U45/><E69/><V99/><F83/><W76/><G76/><T75/><D50/><U49/><E77/><V32/><F48/><W56/><G56/><T115/><D51/><U47/><E49/><V19/><F79/><W38/><G38/><T33/><D75/><U21/><E59/><V126/><F74/><W117/><G117/><T25/><D115/><U94/><E61/><V29/><F126/><W9/><G9/><N who="0" m="2271" /><D103/><U71/><E71/><V23/><F91/><N who="1" m="34825" /><E94/><V31/><F88/><W22/><G22/><N who="0" m="13511" /><D101/><U4/><E21/><V116/><F116/><W12/><G12/><T72/><D72/><U121/><E121/><V41/><F23/><RYUUKYOKU ba="0,1" sc="201,10,196,10,378,-30,215,10" hai0="18,26,30,33" hai1="4,10,15,28,35,44,45,47,97,98" hai3="0,2,8,14,17,57,60,65,84,85,87,102,106" /><INIT seed="3,1,1,0,3,91" ten="211,206,348,225" oya="3" hai0="101,131,93,40,8,37,113,121,114,75,46,125,24" hai1="27,68,85,81,16,108,100,74,98,65,102,82,30" hai2="18,119,34,23,104,54,127,29,109,123,21,107,5" hai3="25,88,38,53,17,0,57,72,67,129,43,49,78"/><W124/><G0/><T80/><D121/><U71/><E108/><V63/><F119/><W77/><G72/><T92/><D131/><U47/><E74/><V31/><F34/><W44/><G129/><T86/><D75/><U52/><E16/><V14/><F109/><W116/><G116/><T106/><D125/><U11/><E11/><V90/><F127/><W115/><G115/><N who="0" m="44043" /><D24/><U3/><E3/><V36/><F36/><W87/><G124/><T20/><D20/><U126/><E126/><V79/><F79/><W1/><G1/><T13/><D101/><U99/><E65/><V70/><F5/><W35/><G67/><T83/><D106/><U97/><E68/><V56/><F70/><W118/><G118/><T10/><D10/><U33/><E71/><V103/><F107/><W132/><G132/><T48/><D37/><U110/><E110/><V55/><F103/><W105/><G105/><T4/><D83/><U9/><E9/><V7/><F104/><W39/><G39/><T69/><D69/><U130/><E130/><V58/><F7/><W128/><G128/><T94/><D80/><U6/><E6/><V73/><F73/><W84/><G84/><AGARI ba="1,1" hai="4,8,13,40,46,48,84,86,92,93,94" m="44043" machi="84" ten="30,7700,0" yaku="11,1,52,3" doraHai="91" who="0" fromWho="3" sc="211,90,206,0,348,0,225,-80" owari="301,10.1,206,-19.4,348,44.8,145,-35.5" /></mjloggm>