<mjloggm ver="2.3"><GO type="225" lobby="0"/><UN n0="%E6%A0%B9%E5%85%83%E3%81%8B%E3%82%89%E5%90%B9%E3%81%A3%E9%A3%9B%E3%81%B6" n1="%E9%B3%B3%E6%9D%B1%E3%81%AE%E3%81%86%E3%81%95%E3%81%8E%E3%81%95%E3%82%93" n2="%E6%B4%BE%E9%81%A3%E3%81%AE%E3%82%B8%E3%83%A3%E3%83%83%E3%82%AF" n3="%E8%90%BD%E6%97%A5" dan="17,17,16,16" rate="2224.18,2179.47,2189.62,2065.65" sx="F,M,M,F"/><TAIKYOKU oya="0"/><INIT seed="0,0,0,0,3,14" ten="250,250,250,250" oya="0" hai0="44,68,132,17,1,49,25,0,111,116,47,66,43" hai1="27,23,79,26,65,119,34,112,107,114,90,61,51" hai2="37,98,33,29,72,15,21,121,58,40,41,3,39" hai3="73,4,108,22,36,127,97,89,8,91,110,28,32"/><T78/><D116/><U54/><E119/><V52/><F72/><W76/><G36/><T103/><D132/><U18/><E107/><V6/><F121/><W113/><G32/><T100/><D78/><U64/><E79/><V124/><F98/><W35/><G35/><T56/><D0/><U115/><E61/><V42/><F124/><W48/><G113/><T126/><D1/><U10/><E90/><V117/><F117/><W101/><G127/><T80/><D80/><U82/><E82/><V92/><F92/><W9/><G76/><T20/><D111/><N who="3" m="42537" /><G73/><T2/><D2/><U70/><E70/><V59/><F59/><W135/><G48/><N who="0" m="26655" /><D68/><U77/><E10/><N who="3" m="4202" /><G4/><T84/><D84/><U134/><E77/><V46/><F3/><W86/><G86/><T109/><D126/><U24/><E134/><V128/><F128/><W19/><G28/><T11/><D11/><U74/><E74/><V62/><F6/><W95/><G135/><T55/><D109/><U88/><E34/><V102/><F39/><W71/><G71/><T75/><D75/><U99/><E112/><V133/><F133/><W63/><G63/><AGARI ba="0,0" hai="17,20,25,47,49,55,56,63,66,100,103" m="26655" machi="63" ten="30,2900,0" yaku="8,1,52,1" doraHai="14" who="0" fromWho="3" sc="250,29,250,0,250,0,250,-29" /><INIT seed="0,1,0,2,0,63" ten="279,250,250,221" oya="0" hai0="62,117,135,77,72,130,79,54,124,36,81,16,45" hai1="52,51,40,85,75,14,93,61,11,42,115,103,41" hai2="129,30,74,23,116,100,84,92,6,33,20,107,133" hai3="7,96,57,13,19,128,55,28,5,24,125,122,47"/><T111/><D111/><U83/><BYE who="0" /><E115/><UN n0="%E6%A0%B9%E5%85%83%E3%81%8B%E3%82%89%E5%90%B9%E3%81%A3%E9%A3%9B%E3%81%B6" /><V12/><F74/><W25/><G125/><T132/><D117/><U97/><E75/><V127/><F107/><W114/><G114/><T95/><D124/><U102/><E102/><V17/><F127/><W87/><G128/><T50/><D130/><U56/><E51/><V35/><F129/><W86/><G47/><T38/><D79/><U15/><REACH who="1" step="1"/><E11/><REACH who="1" ten="279,240,250,221" step="2"/><V37/><F100/><W105/><G122/><T101/><D50/><U58/><E58/><V49/><F49/><W26/><G28/><T1/><D72/><U70/><E70/><V53/><F30/><W94/><G105/><T98/><D38/><U10/><E10/><V113/><F37/><W67/><G7/><T131/><D36/><U2/><E2/><V32/><F6/><W59/><G5/><T108/><D1/><U104/><E104/><V66/><F113/><W27/><G59/><T89/><D131/><U90/><AGARI ba="1,1" hai="14,15,40,41,42,52,56,61,83,85,90,93,97,103" machi="90" ten="30,7900,0" yaku="1,1,0,1,8,1,54,1,53,0" doraHai="63" doraHaiUra="118" who="1" fromWho="1" sc="279,-40,240,92,250,-21,221,-21" /><INIT seed="1,0,0,1,1,97" ten="239,332,229,200" oya="1" hai0="95,80,118,96,39,62,41,124,36,132,42,99,57" hai1="40,8,7,20,45,75,33,26,2,114,134,23,109" hai2="126,18,123,130,24,32,72,1,89,55,29,125,113" hai3="115,73,83,94,59,131,38,3,100,116,43,82,98"/><U28/><E114/><V77/><F123/><W84/><G115/><T133/><D118/><U135/><E75/><V16/><F113/><W53/><G116/><T22/><D80/><U108/><E45/><V74/><F1/><W0/><G131/><T9/><D9/><U101/><E101/><V81/><F74/><W70/><G70/><T78/><D78/><U13/><E40/><N who="0" m="15465" /><D22/><N who="1" m="8235" /><E2/><V63/><F130/><W121/><G121/><T37/><D124/><N who="2" m="47722" /><F89/><W127/><G127/><T67/><D95/><U85/><E85/><V79/><F79/><W102/><G73/><T86/><D86/><U103/><E103/><V10/><F10/><W68/><G68/><T31/><D31/><U4/><E4/><V27/><F27/><W111/><G82/><T15/><D15/><U47/><E47/><V92/><F92/><W35/><G102/><T5/><D5/><U46/><E46/><V120/><F120/><W76/><G35/><T107/><D107/><U58/><E58/><AGARI ba="0,0" hai="16,18,24,29,32,55,58,63,72,77,81" m="47722" machi="58" ten="30,2000,0" yaku="18,1,54,1" doraHai="97" who="2" fromWho="1" sc="239,0,332,-20,229,20,200,0" /><INIT seed="2,0,0,4,3,79" ten="239,312,249,200" oya="2" hai0="9,127,30,98,14,28,110,24,50,12,18,107,101" hai1="74,26,76,97,82,94,78,72,111,84,43,99,81" hai2="61,19,0,93,45,37,113,52,95,40,112,39,25" hai3="36,70,62,75,90,104,41,64,65,55,121,116,56"/><V83/><F0/><W29/><G104/><T73/><D110/><U118/><E111/><V69/><F39/><W53/><G75/><N who="1" m="28714" /><E26/><V106/><F106/><W135/><G29/><T125/><D73/><N who="1" m="43151" /><E43/><V133/><F133/><W6/><G6/><T33/><D30/><U89/><E118/><V100/><F83/><W115/><G116/><T117/><D117/><U60/><E60/><V134/><F134/><W59/><G135/><T126/><D50/><U122/><E99/><V92/><F100/><W54/><G115/><T119/><D119/><U102/><E122/><V7/><F7/><W124/><G121/><T23/><REACH who="0" step="1"/><D14/><REACH who="0" ten="229,312,249,200" step="2"/><U88/><AGARI ba="0,1" hai="78,82,84,88,89,94,97,102" m="43151,28714" machi="88" ten="30,16000,3" yaku="35,5,52,2,54,1" doraHai="79" who="1" fromWho="1" sc="229,-40,312,170,249,-80,200,-40" /><INIT seed="3,0,0,3,5,62" ten="189,482,169,160" oya="3" hai0="19,11,50,86,21,84,80,91,44,101,130,29,127" hai1="111,31,73,128,118,35,6,122,71,25,78,8,47" hai2="116,52,82,14,15,46,135,48,56,109,107,95,92" hai3="96,70,22,54,68,39,58,121,66,4,61,20,36"/><W65/><G121/><T1/><D127/><U88/><E122/><V114/><F107/><W131/><G4/><T79/><D101/><U38/><E71/><V34/><F34/><W26/><G131/><T5/><D29/><U3/><E111/><V43/><F109/><W64/><G96/><T119/><D119/><U10/><E10/><V77/><F114/><W133/><G133/><T87/><D79/><U67/><E67/><V104/><F104/><W45/><G22/><T90/><D90/><U81/><E88/><V42/><F116/><W126/><G126/><T51/><D51/><U28/><E28/><V74/><F42/><W100/><G100/><T53/><D130/><U105/><E105/><V33/><F33/><W18/><REACH who="3" step="1"/><G45/><REACH who="3" ten="189,482,169,150" step="2"/><T125/><D125/><U13/><E128/><V59/><F135/><W134/><G134/><T57/><D44/><U113/><E118/><V94/><REACH who="2" step="1"/><F59/><REACH who="2" ten="189,482,159,150" step="2"/><W110/><G110/><T75/><D57/><U99/><E6/><V102/><F102/><W106/><G106/><T117/><D5/><U97/><E99/><V40/><F40/><W0/><G0/><T89/><D1/><U2/><E47/><V123/><F123/><W69/><AGARI ba="0,2" hai="18,20,26,36,39,54,58,61,64,65,66,68,69,70" machi="69" ten="40,12000,1" yaku="1,1,0,1,52,3,53,0" doraHai="62" doraHaiUra="32" who="3" fromWho="3" sc="189,-40,482,-40,159,-40,150,140" /><INIT seed="3,1,0,4,2,93" ten="149,442,119,290" oya="3" hai0="56,21,59,64,73,109,107,22,39,4,127,95,123" hai1="25,18,20,97,117,54,38,13,24,118,100,9,135" hai2="112,128,26,7,89,130,71,81,43,94,6,1,75" hai3="17,103,125,92,46,55,116,96,90,69,98,27,65"/><W114/><G114/><T51/><D123/><U31/><E38/><V113/><F71/><W85/><G116/><N who="1" m="44650" /><E135/><V47/><F26/><W115/><G115/><T15/><D109/><U41/><E41/><V83/><F112/><W33/><G125/><T133/><D107/><N who="1" m="63887" /><E24/><V61/><F61/><W58/><G69/><T5/><D51/><U40/><E40/><V50/><F113/><W30/><G17/><T108/><D5/><N who="1" m="3247" /><E54/><V53/><F43/><W111/><G111/><T34/><D39/><U77/><E77/><V126/><F126/><W82/><G98/><T106/><D127/><U129/><E129/><N who="2" m="49771" /><F1/><W57/><REACH who="3" step="1"/><G65/><REACH who="3" ten="149,442,119,280" step="2"/><T74/><D64/><U84/><E84/><V52/><F53/><W91/><G91/><T66/><D108/><U87/><E87/><N who="2" m="52543" /><F75/><W121/><G121/><T14/><D74/><U48/><E18/><V86/><F86/><W101/><G101/><T23/><D73/><U36/><E36/><V70/><F70/><W12/><G12/><T8/><D15/><U79/><E79/><V35/><F35/><W32/><G32/><T120/><D34/><U11/><E11/><V131/><N who="2" m="49779" /><V2/><DORA hai="42" /><F2/><W119/><G119/><T16/><D66/><U102/><E102/><V44/><F44/><W0/><G0/><T104/><D8/><U76/><E76/><V134/><F134/><W68/><G68/><T3/><D133/><U10/><E10/><V62/><F62/><W105/><G105/><T80/><D106/><U124/><E124/><V28/><F28/><W60/><G60/><T122/><D3/><U63/><E63/><RYUUKYOKU ba="1,1" sc="149,-30,442,10,119,10,280,10" hai1="20,25,31,48" hai2="6,7,47,50,52,81,83" hai3="27,30,33,46,55,57,58,82,85,90,92,96,103" /><INIT seed="3,2,1,0,3,50" ten="119,452,129,290" oya="3" hai0="99,65,91,44,64,53,13,47,26,51,93,39,23" hai1="68,38,73,54,16,105,40,112,57,7,61,113,63" hai2="66,45,8,49,18,100,19,67,80,27,126,36,6" hai3="77,106,101,52,46,20,128,35,78,82,108,130,41"/><W115/><G115/><T1/><D1/><U48/><E105/><V90/><F36/><W70/><G70/><T22/><D39/><U25/><E73/><V42/><F100/><W117/><G35/><T116/><D116/><U30/><E16/><N who="2" m="6187" /><F126/><W34/><G34/><T14/><D44/><N who="1" m="23575" /><E7/><V110/><F110/><W97/><G117/><T122/><D122/><U31/><E61/><V76/><F76/><W129/><G108/><T62/><D64/><N who="1" m="40991" /><E30/><V9/><F27/><W0/><G0/><T104/><D104/><U109/><E109/><V86/><F6/><W135/><G135/><T60/><D60/><U2/><E2/><V69/><F69/><W83/><G20/><AGARI ba="2,1" hai="20,25,31,48,54,57,112,113" m="40991,23575" machi="20" ten="30,2000,0" yaku="24,1,52,1" doraHai="50" who="1" fromWho="3" sc="119,0,452,36,129,0,290,-26" owari="119,-38.1,488,58.8,129,-27.1,264,6.4" /></mjloggm>