<mjloggm ver="2.3"><GO type="225" lobby="0"/><UN n0="%E3%83%97%E3%83%AC%E3%83%B4%E3%82%A1%E3%83%86%E3%82%A3" n1="%73%75%7A%75%72%61%6E%65" n2="%E3%81%A9%E3%82%8F%E3%82%93%E3%81%94" n3="%E3%81%99%E3%81%84%E3%81%BE%E3%81%9B%E3%83%BC%E3%82%93" dan="16,16,16,17" rate="2115.91,2025.40,2070.33,2235.39" sx="F,M,M,M"/><TAIKYOKU oya="0"/><INIT seed="0,0,0,0,3,3" ten="250,250,250,250" oya="0" hai0="16,26,101,15,62,17,113,71,91,13,83,53,36" hai1="0,60,31,33,102,120,29,116,7,32,109,48,39" hai2="50,115,131,84,85,133,123,132,117,82,98,43,74" hai3="93,89,45,96,119,73,80,37,21,42,99,110,69"/><T59/><D113/><U6/><E39/><V56/><F115/><W41/><G119/><T126/><D36/><U95/><E116/><V10/><F117/><W88/><G110/><T128/><D126/><U111/><E60/><V122/><F43/><W90/><G69/><T100/><D128/><U5/><E48/><V52/><F131/><W12/><G42/><T92/><D71/><U130/><E130/><V125/><F125/><W79/><REACH who="3" step="1"/><G93/><REACH who="3" ten="250,250,250,240" step="2"/><T105/><D105/><U108/><E120/><V81/><F123/><W118/><G118/><T58/><D83/><U106/><E95/><V78/><F122/><W75/><G75/><T63/><D26/><U135/><E135/><V86/><F82/><W70/><G70/><T23/><D92/><U22/><E0/><V66/><F133/><W20/><G20/><T8/><D91/><U38/><E22/><V121/><F132/><W104/><G104/><T2/><D2/><U1/><E1/><V124/><F121/><W49/><G49/><T44/><REACH who="0" step="1"/><D44/><REACH who="0" ten="240,250,250,240" step="2"/><U4/><E38/><V24/><F124/><W46/><G46/><T28/><D28/><U9/><E29/><V61/><F24/><W30/><G30/><T51/><D51/><U35/><E31/><V94/><F94/><W55/><G55/><AGARI ba="0,2" hai="8,13,15,16,17,23,53,55,58,59,62,63,100,101" machi="55" ten="30,12000,1" yaku="1,1,7,1,9,1,8,1,54,1,53,0" doraHai="3" doraHaiUra="76" who="0" fromWho="3" sc="240,140,250,0,250,0,240,-120" /><INIT seed="0,1,0,5,4,117" ten="380,250,250,120" oya="0" hai0="15,106,120,71,130,79,83,30,67,129,63,51,43" hai1="4,68,29,48,32,107,18,92,38,24,8,27,6" hai2="65,56,102,98,53,34,74,108,41,86,69,133,12" hai3="112,131,58,90,54,57,9,62,135,13,19,121,123"/><T20/><D106/><U40/><E38/><V59/><F74/><W66/><G112/><T39/><D51/><U77/><E107/><V81/><F34/><W45/><G131/><N who="0" m="50187" /><D43/><U46/><E68/><V100/><F41/><W132/><G90/><T42/><D42/><U26/><E77/><V125/><F59/><W82/><G45/><T127/><D39/><U52/><E92/><V126/><F56/><W3/><G82/><T33/><D33/><U93/><E93/><V31/><F100/><W101/><G101/><T5/><D127/><U21/><E26/><V95/><F102/><W99/><G3/><T110/><D110/><U118/><E118/><V91/><F108/><W7/><G7/><T87/><D30/><U10/><E40/><V28/><F31/><W23/><G99/><T76/><D76/><U25/><REACH who="1" step="1"/><E27/><REACH who="1" ten="380,240,250,120" step="2"/><V122/><F126/><W113/><G113/><T128/><D128/><U44/><E44/><V37/><F125/><W50/><REACH who="3" step="1"/><G9/><AGARI ba="1,1" hai="4,6,8,9,10,18,21,24,25,29,32,46,48,52" machi="9" ten="40,2600,0" yaku="1,1,54,1,53,0" doraHai="117" doraHaiUra="78" who="1" fromWho="3" sc="380,0,240,39,250,0,120,-29" /><INIT seed="1,0,0,0,2,132" ten="380,279,250,91" oya="1" hai0="29,134,87,75,109,41,117,25,21,31,28,123,5" hai1="81,77,52,23,55,97,89,92,83,44,60,13,27" hai2="101,50,131,86,91,34,12,124,36,84,107,24,22" hai3="46,48,8,114,78,122,130,65,110,6,104,70,133"/><U90/><E44/><V100/><F36/><W64/><G122/><T43/><D75/><U38/><E38/><V4/><F34/><W99/><G114/><T118/><D123/><U68/><E68/><V129/><F50/><W17/><G133/><T80/><D134/><U49/><E13/><V3/><F3/><W95/><G104/><T30/><D109/><U69/><E69/><V15/><F107/><W127/><G110/><T61/><D5/><U45/><E89/><V54/><F54/><W62/><G65/><T35/><D61/><U26/><E26/><V125/><F24/><W103/><G130/><N who="2" m="49673" /><F22/><W85/><G17/><T11/><D11/><U112/><E77/><V128/><F128/><W73/><G73/><T18/><N who="0" m="7168" /><DORA hai="113" /><T121/><D35/><U79/><E79/><V16/><F4/><W115/><G115/><T1/><D1/><U105/><E105/><V51/><F51/><W119/><G119/><T39/><D121/><U0/><E0/><V20/><F15/><W47/><G48/><T116/><REACH who="0" step="1"/><D39/><REACH who="0" ten="370,279,250,91" step="2"/><U9/><E9/><V74/><F74/><W40/><G8/><T63/><D63/><U33/><E33/><V111/><F111/><W10/><G10/><T66/><D66/><U106/><E112/><V108/><F108/><W126/><G6/><T14/><D14/><U120/><E120/><V59/><F12/><W96/><G64/><T72/><D72/><U82/><E60/><V102/><F20/><W32/><G62/><T42/><D42/><U7/><E7/><V135/><F135/><W58/><G40/><T98/><D98/><RYUUKYOKU ba="0,1" sc="370,30,279,-10,250,-10,91,-10" hai0="18,21,25,41,43,80,87,116,117,118" /><INIT seed="2,1,1,0,4,103" ten="400,269,240,81" oya="2" hai0="81,133,101,73,50,20,64,15,82,37,87,122,72" hai1="77,80,97,95,55,66,70,52,117,132,22,58,135" hai2="116,102,67,98,126,4,100,75,94,8,112,9,99" hai3="124,45,26,121,59,7,16,62,31,18,48,74,46"/><V57/><F116/><W24/><G121/><T32/><D37/><U39/><E39/><V109/><F126/><W13/><G74/><T51/><D32/><U23/><E117/><V0/><F75/><W14/><G124/><T110/><D122/><U123/><E123/><V19/><F112/><W93/><G7/><T38/><D38/><U6/><E6/><V78/><F78/><W61/><G93/><T63/><D110/><U119/><E119/><V40/><F40/><W79/><G79/><T88/><D133/><N who="1" m="51275" /><E70/><V35/><F35/><W47/><G48/><T2/><D2/><U104/><E66/><V69/><F69/><W41/><G41/><T131/><D131/><U27/><E104/><V21/><F109/><W120/><G120/><T54/><D101/><N who="1" m="60607" /><E58/><V53/><F67/><W76/><G76/><T68/><D81/><U84/><E23/><V127/><F127/><W43/><G43/><T130/><D130/><U1/><E1/><V33/><F33/><W115/><G115/><T34/><D34/><U105/><E105/><V3/><F4/><W91/><G59/><T29/><D73/><U125/><E125/><V56/><F94/><W17/><G91/><T85/><D72/><U36/><E36/><V114/><F114/><W30/><G47/><T25/><D85/><U71/><E71/><V60/><F57/><W129/><REACH who="3" step="1"/><G18/><AGARI ba="1,1" hai="18,22,27,52,55,77,80,84" m="60607,51275" machi="18" ten="30,2000,0" yaku="20,1,54,1" doraHai="103" who="1" fromWho="3" sc="400,0,269,33,240,0,81,-23" /><INIT seed="3,0,0,1,5,20" ten="400,302,240,58" oya="3" hai0="95,78,85,75,133,31,128,123,118,45,83,0,27" hai1="24,82,104,9,37,122,125,35,46,7,134,21,49" hai2="105,100,66,119,87,52,55,88,71,56,98,13,103" hai3="23,5,36,97,107,81,121,111,135,99,33,63,32"/><W18/><G121/><T70/><D123/><U42/><E134/><V109/><F119/><W130/><G135/><T15/><D133/><U3/><E125/><V74/><F74/><W124/><G124/><T64/><D118/><U12/><E122/><V106/><F109/><W39/><G111/><T129/><D0/><U86/><E104/><V1/><F1/><W25/><G130/><N who="0" m="50283" /><D15/><U76/><E35/><V73/><F73/><W53/><G5/><T94/><D75/><U44/><E3/><V68/><F13/><W72/><G33/><N who="0" m="20735" /><D45/><U43/><E21/><V6/><F6/><W113/><G32/><T47/><D47/><U14/><E14/><V108/><F108/><W79/><G113/><T48/><D48/><U89/><E89/><V65/><F87/><W16/><G18/><T69/><D64/><U22/><E22/><V41/><F56/><W34/><G34/><T117/><D117/><U116/><E116/><V120/><F120/><W84/><G72/><T38/><D38/><U17/><E17/><V58/><F58/><N who="3" m="35279" /><G107/><T110/><D110/><U115/><E115/><V8/><F98/><N who="3" m="37387" /><G39/><T126/><D126/><U10/><E10/><V29/><F29/><W127/><G36/><T30/><D30/><U114/><E114/><V67/><F67/><W40/><G127/><T102/><D102/><U62/><E62/><V77/><F105/><W101/><G101/><T96/><D96/><U28/><E28/><V51/><F106/><W61/><G61/><T50/><D50/><U131/><E131/><V112/><F112/><W92/><G40/><T19/><D19/><RYUUKYOKU ba="0,0" sc="400,10,302,10,240,-30,58,10" hai0="69,70,78,83,85,94,95" hai1="7,9,12,24,37,42,43,44,46,49,76,82,86" hai3="16,23,25,79,81,84,92" /><INIT seed="3,1,0,0,2,97" ten="410,312,210,68" oya="3" hai0="10,65,3,20,132,95,89,116,6,9,30,114,122" hai1="15,117,58,98,59,62,60,102,38,61,77,70,40" hai2="36,101,90,33,135,125,87,118,39,8,131,71,41" hai3="50,51,78,112,54,75,18,124,56,43,76,22,120"/><W82/><G112/><T35/><D114/><U37/><E77/><V94/><F33/><W28/><G120/><T1/><D122/><U91/><E117/><V34/><F71/><W29/><G124/><T53/><D116/><U103/><E70/><V12/><F34/><W4/><G4/><T44/><D132/><U42/><E15/><V104/><F118/><W11/><G11/><T92/><D65/><U73/><E73/><V74/><F125/><W115/><G78/><T99/><D35/><U119/><E119/><V25/><F135/><W63/><G115/><T21/><D30/><U108/><E91/><V134/><F134/><W130/><G130/><T123/><D123/><U19/><E19/><V109/><F39/><W66/><G43/><T72/><D72/><U86/><E86/><V46/><F74/><W128/><G128/><T52/><D44/><U47/><E98/><V127/><F131/><W84/><G75/><T45/><D45/><U32/><E32/><V2/><F2/><W69/><REACH who="3" step="1"/><G51/><REACH who="3" ten="410,312,210,58" step="2"/><T0/><D0/><U88/><E42/><V5/><F127/><W113/><G113/><T105/><D3/><U49/><E37/><V80/><F36/><W129/><G129/><T27/><D1/><U126/><E126/><V96/><F41/><W57/><G57/><T107/><D6/><U64/><E38/><V85/><F46/><W79/><G79/><T93/><D9/><U17/><E58/><V23/><F5/><W13/><AGARI ba="1,1" hai="13,18,22,28,29,50,54,56,63,66,69,76,82,84" machi="13" ten="20,3900,0" yaku="1,1,0,1,7,1,53,0" doraHai="97" doraHaiUra="68" who="3" fromWho="3" sc="410,-14,312,-14,210,-14,58,52" /><INIT seed="3,2,0,3,2,47" ten="396,298,196,110" oya="3" hai0="12,72,105,31,67,119,8,26,38,15,131,120,102" hai1="77,17,49,41,125,129,98,93,33,35,95,75,106" hai2="10,115,87,74,6,44,34,69,60,118,36,25,90" hai3="14,79,11,61,0,18,91,122,89,29,107,23,7"/><W30/><G122/><T56/><D120/><U65/><E129/><V3/><F74/><W9/><G107/><T113/><D131/><U76/><E125/><V66/><F115/><W42/><G79/><T134/><D38/><U59/><E106/><V48/><F118/><W70/><G42/><T53/><D119/><U97/><E75/><V82/><F36/><W19/><G70/><T84/><D72/><U55/><E65/><V62/><F62/><W135/><G61/><T103/><D113/><U32/><E17/><V73/><F73/><W43/><G43/><T81/><D67/><U21/><E21/><V63/><F63/><W121/><G121/><T116/><D105/><U96/><E41/><V100/><F100/><W133/><G91/><T54/><D116/><U4/><E4/><V83/><F25/><N who="3" m="14583" /><G89/><T130/><D134/><AGARI ba="2,0" hai="0,7,9,11,14,19,29,30,133,134,135" m="14583" machi="134" ten="30,5800,0" yaku="20,1,34,2" doraHai="47" who="3" fromWho="0" sc="396,-64,298,0,196,0,110,64" /><INIT seed="3,3,0,5,3,22" ten="332,298,196,174" oya="3" hai0="34,76,31,57,13,14,32,4,18,77,83,133,122" hai1="90,105,127,95,48,38,53,82,79,131,88,99,3" hai2="35,37,115,97,60,92,27,28,71,51,118,44,49" hai3="56,70,1,19,23,41,107,78,16,98,46,120,67"/><W117/><G117/><T0/><D122/><U103/><E38/><V54/><F118/><W47/><G120/><T129/><D133/><U125/><E3/><V74/><F74/><W85/><G70/><T69/><D69/><U40/><E40/><V94/><F115/><W73/><G73/><T15/><D57/><U104/><E131/><V75/><F75/><W124/><G1/><T128/><D77/><U61/><E61/><V123/><F123/><W132/><G132/><T126/><D83/><U8/><E8/><V64/><F37/><W110/><G124/><N who="1" m="47690" /><E53/><V6/><F6/><W62/><G110/><T114/><D76/><U100/><E48/><V43/><F97/><W65/><G65/><T24/><D126/><U63/><E63/><V108/><F108/><W29/><G107/><N who="1" m="41034" /><E90/><V7/><F7/><W36/><G98/><T55/><D55/><U112/><E112/><V58/><AGARI ba="3,0" hai="27,28,35,43,44,49,51,54,58,60,64,71,92,94" machi="58" ten="20,2700,0" yaku="0,1,7,1,52,1" doraHai="22" who="2" fromWho="2" sc="332,-10,298,-10,196,36,174,-16" owari="322,42.2,288,8.8,232,-16.8,158,-34.2" /></mjloggm>