<mjloggm ver="2.3"><GO type="225" lobby="0"/><UN n0="%4B%2E%32%2E%4B%2E" n1="%E9%BB%99%E8%81%B4%E3%81%AE%E3%81%99%E3%82%9D%E3%82%81" n2="%E3%80%90%E3%83%88%E3%83%AA%E3%83%A5%E3%83%95%E3%80%91" n3="%E3%82%B3%E3%83%90%E3%83%AC%E3%82%A4" dan="17,16,16,16" rate="2193.19,2137.30,2128.58,2201.79" sx="M,M,M,M"/><TAIKYOKU oya="0"/><INIT seed="0,0,0,0,5,57" ten="250,250,250,250" oya="0" hai0="98,105,75,87,24,128,2,77,5,122,0,54,107" hai1="71,60,56,4,113,17,83,110,47,84,66,104,101" hai2="134,43,13,68,58,35,133,64,72,73,100,118,36" hai3="108,34,39,18,15,88,53,130,81,26,30,112,103"/><T131/><D75/><U94/><E110/><V111/><F35/><W42/><G108/><T20/><D122/><U102/><E104/><N who="0" m="40009" /><D98/><U90/><E4/><V78/><F111/><W95/><G112/><T135/><D54/><U50/><E113/><V74/><F68/><W41/><G103/><T132/><D87/><N who="1" m="52575" /><E17/><V61/><F100/><W62/><G81/><T10/><D77/><N who="1" m="46191" /><E71/><V51/><F78/><W92/><G92/><T70/><D0/><U29/><E29/><V46/><F118/><W63/><G39/><T52/><D70/><U23/><E23/><V19/><REACH who="2" step="1"/><F36/><REACH who="2" ten="250,250,240,250" step="2"/><W123/><G123/><T97/><D97/><U38/><E38/><V25/><F25/><W126/><G26/><T31/><D52/><AGARI ba="0,1" hai="47,50,52,56,60,66,101,102" m="46191,52575" machi="52" ten="30,3900,0" yaku="8,1,52,1,54,1" doraHai="57" who="1" fromWho="0" sc="250,-39,250,49,240,0,250,0" /><INIT seed="1,0,0,5,1,41" ten="211,299,240,250" oya="1" hai0="33,97,63,62,71,134,38,120,135,4,130,133,17" hai1="11,85,14,122,105,59,77,40,44,47,118,1,23" hai2="46,68,88,106,35,42,39,9,6,101,119,73,49" hai3="16,110,31,55,69,15,113,54,80,2,37,102,52"/><U64/><E105/><V76/><F119/><W65/><G2/><T116/><D116/><U0/><E122/><V121/><F121/><W45/><G113/><T115/><D120/><U66/><E118/><V82/><F35/><W93/><G31/><T18/><D115/><U7/><E0/><N who="2" m="199" /><F49/><W72/><G110/><T12/><D33/><U67/><E1/><V126/><F126/><W125/><G125/><T29/><D29/><U94/><E23/><V20/><F88/><W36/><G37/><T114/><D114/><U87/><E87/><V92/><F92/><W117/><G72/><T123/><D123/><U99/><E40/><V83/><F83/><W74/><G74/><T89/><D130/><U25/><E25/><V127/><F20/><W26/><G26/><T129/><D129/><U53/><E85/><V22/><F22/><W107/><G80/><T43/><D4/><U79/><E79/><V30/><F30/><W70/><G36/><T86/><D97/><U50/><E77/><V3/><F3/><W60/><G117/><T112/><D112/><U8/><E8/><V132/><F132/><W51/><G107/><T58/><D71/><U81/><E81/><V109/><F109/><W28/><G28/><T5/><D5/><U103/><AGARI ba="0,0" hai="7,11,14,44,47,50,53,59,64,66,67,94,99,103" machi="103" ten="30,11700,0" yaku="0,1,8,1,52,2" doraHai="41" who="1" fromWho="1" sc="211,-39,299,117,240,-39,250,-39" /><INIT seed="1,1,0,3,2,120" ten="172,416,201,211" oya="1" hai0="125,99,20,131,40,105,95,51,24,81,135,34,17" hai1="104,76,103,27,6,113,54,49,4,48,86,97,67" hai2="127,98,121,12,59,35,106,90,82,41,130,42,69" hai3="31,39,0,71,32,50,70,15,45,79,85,102,37"/><U21/><E113/><V84/><F121/><W46/><G0/><T36/><D36/><U64/><E49/><V89/><F69/><W3/><G3/><T93/><D125/><U61/><E86/><V133/><F127/><W124/><G124/><T5/><D131/><U123/><E76/><V100/><F130/><W55/><G102/><T83/><D135/><U47/><E123/><V119/><F119/><W96/><G96/><T108/><D105/><U118/><E118/><V92/><F35/><W88/><G79/><T128/><D128/><U58/><REACH who="1" step="1"/><E67/><REACH who="1" ten="172,406,201,211" step="2"/><V43/><F133/><W16/><G39/><T94/><D51/><U78/><E78/><V2/><F2/><W65/><G65/><T80/><D80/><U87/><E87/><V112/><F112/><W101/><G37/><T14/><D83/><U53/><E53/><V129/><F129/><W57/><G46/><T7/><D81/><U115/><E115/><V26/><F84/><W126/><G126/><T44/><D44/><U109/><E109/><V18/><F82/><W117/><G117/><T122/><D108/><U9/><E9/><V38/><F43/><W74/><G45/><T91/><D122/><U33/><E33/><V110/><F42/><W11/><G32/><T52/><D40/><U8/><E8/><V56/><F110/><W66/><G66/><T23/><D34/><U68/><E68/><V30/><F41/><W114/><G114/><T29/><REACH who="0" step="1"/><D52/><REACH who="0" ten="162,406,201,211" step="2"/><U75/><E75/><V63/><F38/><W73/><G74/><T60/><D60/><U1/><E1/><V72/><F72/><RYUUKYOKU ba="1,2" sc="162,15,406,15,201,-15,211,-15" hai0="5,7,14,17,20,23,24,29,91,93,94,95,99" hai1="4,6,21,27,47,48,54,58,61,64,97,103,104" /><INIT seed="1,2,2,4,3,37" ten="177,421,186,196" oya="1" hai0="77,89,15,114,26,117,35,103,14,96,83,70,110" hai1="105,24,33,28,75,54,121,78,73,69,123,30,68" hai2="135,128,107,16,31,48,36,9,51,72,99,62,29" hai3="66,3,39,4,79,11,44,92,112,1,63,104,93"/><U21/><E105/><V97/><F36/><W86/><G112/><T126/><D114/><U133/><E133/><V64/><F72/><W0/><G104/><T67/><D117/><U65/><E54/><V12/><F128/><W56/><G79/><T127/><D110/><U124/><E124/><N who="0" m="47657" /><D89/><U2/><E21/><V100/><F97/><W61/><G61/><N who="0" m="40303" /><D26/><U118/><E118/><V38/><F38/><W8/><G86/><N who="0" m="48495" /><D35/><U90/><E90/><V58/><F135/><W81/><G81/><T115/><D115/><U98/><E24/><V101/><REACH who="2" step="1"/><F100/><REACH who="2" ten="177,421,176,196" step="2"/><W82/><G39/><T109/><D109/><U71/><E98/><V95/><F95/><AGARI ba="2,3" hai="14,15,95,96,103" m="48495,40303,47657" machi="95" ten="30,1000,0" yaku="18,1" doraHai="37" who="0" fromWho="2" sc="177,46,421,0,176,-16,196,0" /><INIT seed="2,0,0,5,4,133" ten="223,421,160,196" oya="2" hai0="29,28,17,70,132,43,1,23,53,13,119,105,38" hai1="111,60,30,76,27,16,100,84,9,62,96,117,42" hai2="78,87,97,31,81,102,59,66,115,101,11,67,126" hai3="44,57,112,92,129,125,19,95,104,83,50,103,99"/><V80/><F115/><W118/><G112/><T135/><D105/><U46/><E117/><V18/><F31/><W61/><G118/><T32/><D70/><U36/><E111/><V72/><F126/><W68/><G68/><T26/><D119/><U131/><E131/><V52/><F11/><W55/><G129/><T20/><D53/><U41/><E41/><V22/><F81/><W116/><G116/><T121/><D121/><U108/><E108/><V65/><F97/><W120/><G120/><T34/><D1/><U91/><E76/><V3/><F3/><W63/><G63/><T45/><D23/><U35/><E16/><V40/><F40/><W134/><G134/><N who="0" m="51243" /><D29/><U89/><E89/><V124/><F124/><W33/><G33/><T128/><D128/><U82/><E9/><V64/><N who="2" m="16384" /><DORA hai="75" /><V6/><F6/><W110/><G110/><T49/><D34/><U58/><E58/><V48/><F72/><W15/><G83/><T123/><D123/><U107/><AGARI ba="0,0" hai="27,30,35,36,42,46,60,62,82,84,91,96,100,107" machi="107" ten="20,1500,0" yaku="0,1,7,1" doraHai="133,75" who="1" fromWho="1" sc="223,-4,421,15,160,-7,196,-4" /><INIT seed="3,0,0,3,1,104" ten="219,436,153,192" oya="3" hai0="41,32,101,133,109,80,107,30,36,79,56,110,78" hai1="8,103,64,135,100,95,23,121,13,123,24,14,131" hai2="118,127,76,112,11,98,6,93,40,18,58,70,43" hai3="126,97,7,45,75,74,62,82,77,117,67,124,94"/><W25/><G117/><T66/><D133/><U90/><E131/><V84/><F112/><W21/><G7/><T20/><D32/><U63/><E135/><V10/><F118/><W51/><G74/><T57/><D41/><U114/><E114/><V129/><F70/><W130/><G130/><T3/><D36/><U28/><E123/><V89/><F129/><W60/><G60/><T111/><D3/><U87/><E13/><V65/><F127/><W22/><G22/><T115/><D115/><U39/><E39/><V44/><F18/><W1/><G1/><T12/><D66/><U71/><E121/><V42/><F65/><W86/><G86/><N who="0" m="48407" /><D79/><U125/><E125/><V34/><F58/><N who="0" m="22634" /><D12/><U15/><E15/><V102/><F34/><W55/><G62/><T38/><D38/><U52/><E52/><V68/><F68/><W128/><G67/><T19/><D30/><U113/><E113/><V92/><F76/><W72/><G72/><T61/><D61/><U47/><E47/><V5/><REACH who="2" step="1"/><F44/><REACH who="2" ten="219,436,143,192" step="2"/><W105/><G128/><T96/><D19/><AGARI ba="0,1" hai="8,14,19,23,24,28,63,64,71,87,90,95,100,103" machi="19" ten="30,1000,0" yaku="7,1" doraHai="104" who="1" fromWho="0" sc="219,-10,436,20,143,0,192,0" owari="209,0.9,456,55.6,143,-35.7,192,-20.8" /></mjloggm>