<mjloggm ver="2.3"><GO type="225" lobby="0"/><UN n0="%E3%81%82%E3%81%99%E3%81%AB%E3%82%83%E3%82%80" n1="%E5%A4%9C%E3%81%AE%E3%82%AC%E3%82%B9%E3%83%91%E3%83%BC%E3%83%AB" n2="%72%65%6E%6B%75%6E" n3="%E9%B3%B3%E6%9D%B1%E3%81%AE%E3%81%86%E3%81%95%E3%81%8E%E3%81%95%E3%82%93" dan="16,16,17,17" rate="2094.18,2126.49,2194.54,2265.33" sx="F,M,M,M"/><TAIKYOKU oya="0"/><INIT seed="0,0,0,3,4,35" ten="250,250,250,250" oya="0" hai0="104,24,49,38,32,88,134,99,48,69,103,31,85" hai1="73,52,91,89,117,115,132,28,119,50,96,124,46" hai2="83,14,101,56,75,47,93,23,5,63,10,121,74" hai3="87,11,19,2,41,62,1,122,37,42,82,112,79"/><T20/><D38/><U128/><E73/><V133/><F121/><W68/><G112/><T40/><D134/><U27/><E115/><V102/><F133/><W57/><G68/><T45/><D69/><U127/><E132/><V120/><F120/><W6/><G122/><T81/><REACH who="0" step="1"/><D49/><REACH who="0" ten="240,250,250,250" step="2"/><U126/><E128/><V95/><F75/><W30/><G37/><T58/><D58/><U18/><E18/><V107/><F47/><W97/><G19/><T66/><D66/><U39/><E39/><V25/><F74/><W26/><G97/><T34/><AGARI ba="0,1" hai="20,24,31,32,34,40,45,48,81,85,88,99,103,104" machi="34" ten="30,6000,0" yaku="1,1,0,1,54,1,53,0" doraHai="35" doraHaiUra="12" who="0" fromWho="0" sc="240,70,250,-20,250,-20,250,-20" /><INIT seed="0,1,0,1,4,58" ten="310,230,230,230" oya="0" hai0="35,56,27,43,100,21,92,71,83,87,64,17,52" hai1="4,36,125,11,22,55,124,82,2,33,126,3,68" hai2="41,37,20,15,89,14,93,115,97,19,109,5,70" hai3="40,38,79,46,113,99,63,120,119,134,13,69,91"/><T103/><D35/><U67/><E33/><V76/><F115/><W114/><G119/><T73/><D73/><U54/><E36/><V90/><F109/><W16/><G134/><T59/><D71/><U118/><E118/><V9/><F70/><W10/><G120/><T128/><D128/><U62/><E3/><V60/><F76/><W78/><G114/><T30/><D43/><U135/><E135/><V75/><F75/><W108/><G108/><T133/><D133/><U129/><E129/><V110/><F110/><W12/><G113/><T45/><D45/><U57/><E68/><V51/><F37/><W44/><G44/><T84/><D30/><U26/><REACH who="1" step="1"/><E82/><REACH who="1" ten="310,220,230,230" step="2"/><V72/><F72/><W66/><REACH who="3" step="1"/><G13/><REACH who="3" ten="310,220,230,220" step="2"/><T47/><D47/><U77/><E77/><V65/><F41/><W86/><G86/><T74/><D87/><U130/><E130/><V50/><REACH who="2" step="1"/><F89/><REACH who="2" ten="310,220,220,220" step="2"/><W107/><G107/><T53/><D74/><U94/><E94/><AGARI ba="1,3" hai="10,12,16,38,40,46,63,66,69,78,79,91,94,99" machi="94" ten="40,5200,0" yaku="1,1,52,1,54,1,53,0" doraHai="58" doraHaiUra="101" who="3" fromWho="1" sc="310,0,220,-55,220,0,220,85" /><INIT seed="1,0,0,1,4,35" ten="310,165,220,305" oya="1" hai0="116,20,19,97,135,45,74,109,115,106,62,90,123" hai1="121,23,134,10,18,17,25,24,49,75,43,53,99" hai2="129,38,91,72,69,89,125,87,47,6,54,117,27" hai3="111,11,60,58,34,7,65,70,119,83,131,102,120"/><U132/><E121/><V5/><F69/><W92/><G120/><T94/><D115/><U128/><E75/><V67/><F72/><W57/><G34/><T21/><D123/><U81/><E128/><V82/><F117/><W110/><G119/><T4/><D116/><U0/><E43/><V101/><F101/><W104/><G104/><T61/><D74/><U107/><E81/><V28/><F129/><W22/><G83/><T93/><D109/><N who="3" m="41481" /><G22/><T44/><D106/><U77/><E77/><V126/><F67/><W48/><G48/><T96/><D4/><N who="1" m="1287" /><E107/><V12/><F91/><W1/><G131/><T39/><D39/><U133/><E99/><AGARI ba="0,0" hai="1,7,11,57,58,60,65,70,92,99,102" m="41481" machi="99" ten="30,2000,0" yaku="14,1,52,1" doraHai="35" who="3" fromWho="1" sc="310,0,165,-20,220,0,305,20" /><INIT seed="2,0,0,2,1,57" ten="310,145,220,325" oya="2" hai0="6,69,10,24,100,38,107,74,131,37,65,50,86" hai1="42,28,76,19,70,41,8,125,99,103,114,3,67" hai2="58,71,93,92,11,82,48,83,36,43,73,123,89" hai3="132,113,133,54,14,108,95,121,18,13,68,115,129"/><V120/><F71/><W80/><G108/><T44/><D131/><U7/><E114/><N who="3" m="43530" /><G129/><T62/><D74/><U30/><E125/><V78/><F36/><W81/><G121/><T49/><D49/><U98/><E76/><V91/><F11/><N who="3" m="6463" /><G68/><T116/><D116/><U119/><E119/><V27/><F27/><W60/><G95/><T53/><D24/><U106/><E19/><V25/><F25/><W5/><G60/><T22/><D22/><U33/><E99/><N who="2" m="57743" /><F58/><W2/><G54/><T9/><D9/><U90/><E90/><V88/><F48/><W112/><G2/><T85/><D100/><U45/><E33/><V21/><F43/><W4/><G112/><T26/><D107/><U64/><E42/><V110/><F21/><W56/><G56/><T17/><D17/><U63/><REACH who="1" step="1"/><E67/><REACH who="1" ten="310,135,220,325" step="2"/><V34/><F34/><W1/><G4/><T39/><REACH who="0" step="1"/><D26/><REACH who="0" ten="300,135,220,325" step="2"/><U52/><E52/><V117/><F117/><W51/><G5/><T94/><D94/><U87/><E87/><N who="2" m="50303" /><F110/><W40/><G40/><T59/><D59/><U35/><E35/><V130/><F130/><W46/><G46/><T104/><D104/><U128/><E128/><V101/><F101/><W23/><G23/><T126/><D126/><U66/><E66/><V32/><F32/><W118/><G118/><T77/><D77/><U102/><E102/><V12/><F123/><W135/><G135/><T97/><D97/><U31/><E31/><V47/><F120/><W105/><G132/><T16/><D16/><U61/><E61/><V0/><F78/><W29/><G133/><T134/><D134/><RYUUKYOKU ba="0,2" sc="300,15,135,15,220,-15,325,-15" hai0="6,10,37,38,39,44,50,53,62,65,69,85,86" hai1="3,7,8,28,30,41,45,63,64,70,98,103,106" /><INIT seed="3,1,2,1,2,126" ten="315,150,205,310" oya="3" hai0="134,42,34,41,31,100,105,13,22,89,114,43,63" hai1="111,26,0,92,50,54,120,20,19,60,9,65,3" hai2="64,55,17,80,102,76,33,70,39,110,87,32,52" hai3="123,117,15,82,66,131,45,74,75,129,107,44,88"/><W103/><G117/><T29/><D34/><U130/><E120/><V122/><F39/><W132/><G123/><T2/><D2/><U124/><E124/><V84/><F122/><W72/><G66/><T51/><D105/><U48/><E111/><V62/><F110/><W115/><G115/><T91/><D114/><U77/><E77/><V23/><F102/><W69/><G69/><T128/><D128/><N who="3" m="49225" /><G132/><T113/><D134/><U83/><E130/><V53/><REACH who="2" step="1"/><F84/><REACH who="2" ten="315,150,195,310" step="2"/><N who="3" m="50199" /><G15/><AGARI ba="1,3" hai="15,17,23,32,33,52,53,55,62,64,70,76,80,87" machi="15" ten="40,5200,0" yaku="1,1,54,1,53,1" doraHai="126" doraHaiUra="57" who="2" fromWho="3" sc="315,0,150,0,195,85,310,-55" owari="315,41.5,150,-35.0,280,8.0,255,-14.5" /></mjloggm>