<mjloggm ver="2.3"><GO type="225" lobby="0"/><UN n0="%E6%B8%A9%E2%98%85%E6%83%85%E2%98%85%E6%8E%AA%E2%98%85%E7%BD%AE" n1="%E3%81%B2%E3%81%AA%E3%81%AE%E3%82%8A%E3%81%8F" n2="%E5%B0%8F%E9%B3%A5%E9%81%8A%E7%B7%B4%E7%84%A1%32%31%E6%AD%B3" n3="%E3%82%B7%E3%83%B3%E5%A4%AA%E6%9C%97" dan="17,17,16,16" rate="2206.56,2168.78,2207.02,2179.46" sx="M,M,F,M"/><TAIKYOKU oya="0"/><INIT seed="0,0,0,1,2,118" ten="250,250,250,250" oya="0" hai0="67,50,30,104,10,44,42,64,59,35,95,110,93" hai1="23,89,90,16,15,105,39,61,31,74,94,3,2" hai2="81,121,85,55,26,63,135,92,4,127,53,52,130" hai3="100,58,129,6,70,116,99,8,66,41,24,51,36"/><T14/><D104/><U119/><E74/><V82/><F130/><W68/><G129/><T46/><D110/><U71/><E39/><V45/><F135/><W62/><G116/><T20/><D35/><U34/><E105/><V7/><F127/><W131/><G131/><T12/><D46/><U1/><E119/><V132/><F132/><W106/><G36/><T109/><D109/><U37/><E37/><V54/><F121/><W49/><G24/><N who="0" m="16647" /><D14/><U98/><E34/><V97/><F26/><W43/><G49/><T125/><D125/><U111/><E111/><V22/><F22/><W33/><G33/><T65/><D59/><U108/><E108/><V102/><F63/><W47/><REACH who="3" step="1"/><G41/><REACH who="3" ten="250,250,250,240" step="2"/><T96/><D96/><U128/><E128/><V19/><F45/><W72/><G72/><T73/><D73/><U133/><E133/><V117/><F117/><W11/><G11/><T79/><D79/><U18/><E31/><V21/><F82/><W87/><G87/><T17/><AGARI ba="0,1" hai="10,12,17,42,44,50,64,65,67,93,95" m="16647" machi="17" ten="30,1500,0" yaku="8,1" doraHai="118" who="0" fromWho="0" sc="250,25,250,-5,250,-5,240,-5" /><INIT seed="0,1,0,1,3,31" ten="275,245,245,235" oya="0" hai0="22,133,55,58,131,130,95,36,121,52,129,57,29" hai1="39,74,86,112,120,85,23,67,75,10,46,43,51" hai2="30,25,82,59,40,24,50,103,48,115,35,132,3" hai3="127,78,12,77,100,56,90,110,135,106,118,91,108"/><T99/><D121/><U92/><E120/><V73/><F115/><W69/><G69/><T5/><D133/><U126/><E112/><V49/><F3/><W37/><G37/><T63/><D36/><U97/><E67/><V113/><F113/><W65/><G12/><T32/><D5/><U79/><E39/><V117/><F117/><W64/><G118/><T81/><D81/><U124/><E10/><V14/><F132/><W11/><G11/><T16/><D29/><U71/><E71/><V134/><F134/><W7/><G7/><T20/><D32/><U61/><E61/><V98/><F14/><W33/><G135/><T21/><D58/><U72/><E23/><V0/><F0/><W4/><G4/><T19/><D55/><U104/><E104/><V38/><F24/><W111/><G127/><N who="1" m="48682" /><E79/><N who="3" m="30218" /><G33/><T34/><D34/><U53/><E43/><V128/><F82/><W123/><G123/><T17/><D22/><U116/><E116/><V87/><F59/><W1/><G1/><T9/><D9/><U105/><E105/><V125/><F125/><W62/><G65/><T76/><D76/><U114/><E114/><V94/><F40/><W70/><G70/><T60/><D60/><U44/><E44/><V26/><F38/><W13/><G13/><T119/><D119/><U109/><E109/><N who="3" m="27906" /><W8/><DORA hai="89" /><G8/><T102/><AGARI ba="1,0" hai="16,17,19,20,21,52,57,63,95,99,102,129,130,131" machi="102" ten="40,12000,1" yaku="0,1,19,1,52,1,54,2" doraHai="31,89" who="0" fromWho="0" sc="275,123,245,-41,245,-41,235,-41" /><INIT seed="0,2,0,2,3,128" ten="398,204,204,194" oya="0" hai0="72,68,80,10,133,121,78,110,113,37,70,0,5" hai1="63,79,129,135,40,13,65,61,9,3,106,130,55" hai2="32,104,95,84,94,27,77,76,31,25,51,44,22" hai3="91,50,28,123,111,92,2,42,93,23,7,57,109"/><T97/><D113/><U11/><E106/><V41/><F104/><W87/><G123/><T33/><D121/><U81/><E3/><V29/><REACH who="2" step="1"/><F84/><REACH who="2" ten="398,204,194,194" step="2"/><W118/><G111/><T132/><D110/><U98/><E130/><V66/><F66/><W38/><G109/><T120/><D120/><U108/><E108/><V16/><F16/><W20/><G118/><T46/><D33/><U69/><E65/><V60/><F60/><W90/><G28/><T52/><D97/><U83/><E63/><V49/><F49/><W134/><G38/><T85/><D85/><U12/><E61/><V122/><F122/><W88/><G87/><T75/><D75/><U47/><E98/><V62/><F62/><W4/><G134/><N who="0" m="51819" /><D37/><U102/><E135/><V100/><F100/><W17/><G7/><T36/><D36/><U89/><E102/><V114/><F114/><W15/><G4/><T21/><D21/><U53/><E129/><V115/><F115/><W71/><G20/><T18/><D18/><U96/><E96/><V30/><F30/><W127/><G23/><T8/><D10/><U1/><E11/><V58/><F58/><W125/><G57/><T39/><D39/><U45/><E9/><V73/><F73/><W103/><G17/><T74/><D72/><U112/><E112/><V107/><F107/><W48/><G103/><T26/><D26/><U24/><E24/><V14/><F14/><W116/><G15/><T117/><D117/><U56/><E13/><V35/><F35/><W124/><G116/><T119/><D119/><U86/><E12/><V131/><F131/><RYUUKYOKU ba="2,1" sc="398,15,204,-15,194,15,194,-15" hai0="0,5,8,46,52,68,70,74,78,80" hai2="22,25,27,29,31,32,41,44,51,76,77,94,95" /><INIT seed="0,3,1,4,5,65" ten="413,189,209,179" oya="0" hai0="79,12,91,89,82,29,9,105,94,128,26,75,76" hai1="83,112,101,16,87,114,86,62,102,73,27,49,6" hai2="95,34,23,134,14,133,88,43,35,59,40,42,20" hai3="99,13,61,110,132,121,113,135,11,25,21,0,41"/><T126/><D128/><U37/><E37/><V92/><F59/><W72/><G72/><T44/><D126/><U90/><E73/><V19/><F23/><W2/><G41/><T38/><D105/><U81/><E6/><V93/><REACH who="2" step="1"/><F88/><REACH who="2" ten="413,189,199,179" step="2"/><W47/><G21/><T84/><D91/><U77/><E114/><V124/><F124/><W1/><G113/><T118/><D118/><U131/><E112/><V50/><F50/><W66/><G132/><AGARI ba="3,2" hai="14,19,20,34,35,40,42,43,92,93,95,132,133,134" machi="132" ten="50,3200,0" yaku="1,1,20,1,53,0" doraHai="65" doraHaiUra="53" who="2" fromWho="3" sc="413,0,189,0,199,61,179,-41" /><INIT seed="1,0,0,0,0,124" ten="413,189,260,138" oya="1" hai0="5,93,46,90,6,54,87,78,36,65,1,71,131" hai1="79,83,63,104,92,86,134,37,121,24,34,76,61" hai2="31,73,44,19,89,62,97,59,75,100,20,25,43" hai3="16,18,82,70,109,9,38,80,101,13,66,17,2"/><U0/><E104/><V115/><F115/><W99/><G38/><T84/><D1/><U39/><E0/><V22/><F89/><W51/><G109/><T45/><D36/><U133/><E92/><V120/><F120/><W113/><G113/><T117/><D65/><U94/><E94/><V48/><F97/><W112/><G112/><T126/><D71/><U64/><E121/><V53/><REACH who="2" step="1"/><F100/><REACH who="2" ten="413,189,250,138" step="2"/><W10/><G82/><T3/><D90/><U102/><E102/><V88/><F88/><W21/><G80/><T56/><D126/><U123/><E123/><V27/><AGARI ba="0,1" hai="19,20,22,25,27,31,43,44,48,53,59,62,73,75" machi="27" ten="20,2700,0" yaku="1,1,0,1,7,1,53,0" doraHai="124" doraHaiUra="96" who="2" fromWho="2" sc="413,-7,189,-13,250,37,138,-7" /><INIT seed="2,0,0,0,4,49" ten="406,176,287,131" oya="2" hai0="70,72,103,133,105,116,2,26,97,89,38,95,79" hai1="92,34,45,24,84,117,109,125,82,52,21,74,22" hai2="18,35,68,55,96,10,41,5,31,0,33,77,17" hai3="80,111,30,110,23,98,32,28,69,91,67,39,75"/><V126/><F68/><W130/><G130/><T42/><D70/><U100/><E74/><V123/><F123/><W128/><G128/><T81/><D2/><U88/><E117/><V16/><F41/><W90/><G39/><T93/><D116/><U120/><E120/><V64/><F64/><W83/><G32/><N who="2" m="12361" /><F77/><W58/><G69/><T121/><D121/><U59/><E125/><V65/><F65/><W76/><G83/><T54/><D26/><U78/><E100/><V29/><F55/><W108/><G98/><T43/><D38/><U101/><E101/><V4/><F96/><W124/><G124/><T48/><D133/><U20/><E45/><V61/><F61/><W50/><G30/><N who="2" m="11273" /><F126/><W134/><G134/><T51/><D51/><N who="1" m="31135" /><E34/><V112/><F4/><W63/><REACH who="3" step="1"/><G50/><REACH who="3" ten="406,176,287,121" step="2"/><T6/><D48/><U13/><E109/><V46/><F46/><W113/><G113/><AGARI ba="0,1" hai="0,5,10,16,17,18,112,113" m="11273,12361" machi="113" ten="40,7700,0" yaku="34,2,54,1" doraHai="49" who="2" fromWho="3" sc="406,0,176,0,287,87,121,-77" /><INIT seed="2,1,0,4,0,87" ten="406,176,374,44" oya="2" hai0="13,44,113,95,119,120,116,134,46,67,11,81,111" hai1="37,65,124,105,50,122,73,33,49,62,10,94,59" hai2="133,78,20,66,112,41,1,28,91,56,16,85,43" hai3="19,83,82,118,23,55,5,117,106,53,80,15,34"/><V0/><F112/><W68/><G68/><T35/><D113/><U27/><E105/><V4/><F78/><W115/><G115/><T103/><D120/><U107/><E107/><V72/><F28/><W84/><G106/><T71/><D35/><U131/><E37/><V104/><F72/><W96/><G34/><T54/><D111/><U97/><E73/><V129/><F129/><W110/><G110/><T21/><D134/><U132/><E132/><V127/><F127/><W42/><G42/><T89/><D21/><U29/><E124/><V128/><F128/><W125/><G125/><T24/><D24/><U114/><E114/><V88/><F104/><W26/><G96/><N who="0" m="59807" /><D54/><U9/><E122/><V92/><F133/><W98/><G98/><T38/><D38/><U47/><E50/><V90/><F4/><W6/><G84/><N who="0" m="50319" /><D67/><U12/><E131/><V18/><F0/><W100/><G100/><T25/><D25/><U123/><E123/><V75/><F1/><W108/><G108/><T60/><D60/><U77/><E12/><N who="2" m="9223" /><F75/><W58/><G53/><T39/><D39/><U79/><E10/><V76/><F18/><W64/><G64/><T102/><D71/><U7/><E9/><V63/><F92/><W130/><G130/><T14/><D102/><U51/><E7/><N who="3" m="2570" /><G26/><T86/><D14/><U17/><E27/><V57/><F57/><W52/><G55/><T93/><D13/><U8/><E59/><V126/><F126/><W74/><G74/><T61/><D11/><U36/><E33/><V48/><F48/><N who="3" m="30983" /><G15/><T3/><D3/><U31/><E36/><RYUUKYOKU ba="1,0" sc="406,-15,176,-15,374,15,44,15" hai2="41,43,56,63,66,76,85,88,90,91" hai3="19,23,80,82,83,117,118" /><INIT seed="2,2,0,2,5,48" ten="391,161,389,59" oya="2" hai0="114,4,103,116,111,122,25,79,29,88,18,77,118" hai1="124,30,129,66,65,27,109,47,75,135,5,101,84" hai2="68,87,23,76,33,107,112,60,78,110,97,134,96" hai3="59,104,105,22,99,128,61,85,98,2,43,117,34"/><V82/><F33/><W17/><G117/><N who="0" m="45163" /><D114/><U10/><E75/><V1/><F1/><W56/><G34/><N who="0" m="20783" /><D122/><U71/><E71/><V6/><F112/><W38/><G2/><T92/><D111/><U45/><E109/><V40/><F6/><W39/><G128/><T130/><D130/><U70/><E70/><V113/><F113/><W14/><G85/><N who="0" m="52239" /><D4/><U83/><E5/><V35/><F110/><W58/><G61/><T44/><D103/><U19/><E101/><V8/><F60/><W36/><REACH who="3" step="1"/><G43/><REACH who="3" ten="391,161,389,49" step="2"/><T64/><D64/><U120/><E66/><V106/><F40/><W119/><G119/><T24/><D44/><U95/><E47/><V21/><F87/><W53/><G53/><T127/><D127/><U12/><E84/><V41/><F41/><W20/><G20/><AGARI ba="2,1" hai="18,20,24,77,79" m="52239,20783,45163" machi="20" ten="30,2000,0" yaku="12,1,54,1" doraHai="48" who="0" fromWho="3" sc="391,36,161,0,389,0,49,-26" /><INIT seed="3,0,0,2,5,10" ten="427,161,389,23" oya="3" hai0="20,7,25,24,130,63,67,3,43,30,78,125,22" hai1="28,116,114,108,128,124,100,83,89,81,72,41,26" hai2="79,5,39,9,59,11,85,17,49,12,60,68,121" hai3="15,31,57,76,66,87,129,99,44,132,29,126,32"/><W13/><G132/><T90/><D130/><U0/><E0/><V111/><F39/><W127/><G129/><T112/><D112/><U97/><E108/><V120/><F111/><W84/><G99/><T62/><D125/><N who="3" m="47625" /><G44/><T86/><D78/><U64/><E41/><V65/><F68/><W113/><G113/><T80/><D43/><U96/><E96/><V23/><F49/><W61/><G32/><T45/><D45/><U107/><E114/><V38/><F38/><W105/><G105/><T103/><D103/><U134/><E100/><V92/><F92/><W109/><G109/><T95/><D67/><U16/><E64/><V34/><F34/><W119/><G119/><T18/><D3/><U102/><E102/><V122/><REACH who="2" step="1"/><F5/><REACH who="2" ten="427,161,379,23" step="2"/><W54/><G66/><T40/><D7/><U131/><E124/><V1/><F1/><W35/><G35/><T56/><D95/><U52/><E107/><V118/><F118/><W101/><G101/><T37/><D37/><U91/><E97/><V73/><F73/><W69/><G69/><T21/><D62/><U93/><E93/><V36/><F36/><W106/><G106/><T74/><D74/><U42/><E131/><V110/><F110/><W115/><G115/><T14/><D63/><U98/><E98/><V75/><F75/><W88/><G76/><T50/><D50/><U82/><E72/><V77/><F77/><W58/><G58/><T46/><D56/><U133/><E128/><V47/><F47/><W55/><G55/><T48/><D30/><N who="3" m="11273" /><G84/><T27/><AGARI ba="0,1" hai="14,18,20,21,22,24,25,27,40,46,48,80,86,90" machi="27" ten="30,4000,0" yaku="0,1,8,1,52,1" doraHai="10" who="0" fromWho="0" sc="427,50,161,-10,379,-10,23,-20" owari="477,57.7,151,-24.9,369,16.9,3,-49.7" /></mjloggm>