<mjloggm ver="2.3"><GO type="225" lobby="0"/><UN n0="%E3%81%B5%E3%81%98%E3%81%8B%E3%81%A4" n1="%E3%83%A9%E3%83%BC%E3%83%A1%E3%83%B3%E4%BA%94%E9%83%8E" n2="%E5%A4%9C%E5%85%89%E5%A4%A9%E6%A5%BC" n3="%72%69%6F%75%63%68%61%6E" dan="17,16,17,16" rate="2202.27,2078.62,2168.92,2165.37" sx="M,M,F,M"/><TAIKYOKU oya="0"/><INIT seed="0,0,0,4,0,0" ten="250,250,250,250" oya="0" hai0="85,86,6,125,59,39,25,132,60,127,21,19,27" hai1="66,3,12,26,23,28,50,105,119,41,88,16,134" hai2="96,47,108,15,114,102,13,90,106,33,121,30,29" hai3="91,36,46,83,31,89,56,52,94,68,109,110,112"/><T58/><D39/><U73/><E119/><V8/><F121/><W75/><G112/><T1/><D132/><U54/><E134/><V101/><F114/><W51/><G68/><T7/><D1/><U71/><E105/><V63/><F108/><N who="3" m="41579" /><G31/><T97/><D97/><U133/><E133/><V98/><F90/><N who="3" m="34315" /><G94/><T92/><D92/><U129/><E73/><V81/><F81/><W9/><G9/><T67/><D59/><U61/><E129/><V14/><F47/><W107/><G107/><T64/><D64/><U17/><E3/><V2/><F33/><W78/><G36/><T99/><D99/><N who="2" m="37930" /><F63/><W130/><G130/><T49/><D49/><U74/><E74/><V38/><F38/><W18/><G18/><T11/><D11/><U55/><E17/><V128/><F128/><W131/><G131/><T80/><D27/><U100/><E100/><N who="2" m="38507" /><F106/><W34/><G34/><T95/><D95/><U72/><E72/><V35/><F35/><W48/><G48/><T104/><D104/><U42/><E88/><V37/><F37/><W87/><G75/><T93/><D93/><U111/><E111/><V103/><F103/><W123/><G46/><T118/><D118/><U84/><E50/><V116/><F116/><W126/><G123/><T53/><D53/><N who="1" m="19979" /><E84/><N who="0" m="32361" /><D80/><U20/><E71/><V4/><F30/><W65/><G65/><T10/><D10/><U32/><E32/><V70/><F70/><W24/><G24/><T122/><D122/><U113/><E113/><V22/><F29/><W44/><G44/><T77/><D77/><U40/><E40/><V57/><F57/><RYUUKYOKU ba="0,0" sc="250,0,250,0,250,0,250,0" hai0="6,7,19,21,25,58,60,67,125,127" hai1="12,16,20,23,26,28,41,42,61,66" hai2="2,4,8,13,14,15,22" hai3="51,52,56,78,83,87,126" /><INIT seed="0,1,0,4,4,91" ten="250,250,250,250" oya="0" hai0="37,126,116,81,119,58,20,106,132,86,97,23,76" hai1="114,77,85,15,89,108,93,130,62,13,88,68,0" hai2="63,71,115,1,52,27,14,38,32,117,22,35,46" hai3="105,87,34,67,5,18,111,94,125,21,12,124,78"/><T53/><D37/><U65/><E0/><V74/><F115/><W30/><G111/><T80/><D126/><N who="3" m="48745" /><G105/><T17/><D132/><U64/><E108/><V59/><F1/><W95/><G67/><T92/><D106/><U60/><E114/><V101/><F74/><W96/><G96/><T79/><D116/><U10/><E130/><V73/><F73/><W49/><G49/><T29/><D29/><U3/><E77/><N who="0" m="29769" /><D119/><U90/><E3/><V16/><F117/><W9/><G30/><T57/><D57/><U28/><E28/><V135/><F135/><W43/><G43/><T24/><D86/><U8/><E8/><V134/><F134/><W40/><G40/><T83/><D23/><U19/><REACH who="1" step="1"/><E15/><REACH who="1" ten="250,240,250,250" step="2"/><V48/><F14/><N who="3" m="9431" /><G34/><T39/><D39/><U109/><E109/><V4/><F38/><W129/><G129/><T103/><D81/><AGARI ba="1,1" hai="5,9,12,78,81,87,94,95" m="9431,48745" machi="81" ten="30,3900,0" yaku="18,1,52,2" doraHai="91" who="3" fromWho="0" sc="250,-42,240,0,250,0,250,52" /><INIT seed="1,0,0,1,3,64" ten="208,240,250,302" oya="1" hai0="0,54,122,17,13,71,65,93,97,10,20,108,50" hai1="99,124,115,47,34,27,76,26,2,126,42,55,106" hai2="90,12,116,120,45,49,24,103,96,78,111,48,119" hai3="9,3,41,133,117,46,14,69,129,85,36,112,81"/><U101/><E115/><V131/><F120/><W77/><G112/><T84/><D122/><U16/><E2/><V59/><F131/><W100/><G129/><T4/><D108/><U88/><E76/><V23/><F111/><W11/><G133/><T79/><D79/><U110/><E110/><V68/><F78/><W21/><G117/><T118/><D118/><U44/><E34/><V30/><F90/><W130/><G130/><T73/><D73/><U51/><E88/><V107/><F68/><W134/><G134/><T127/><D127/><N who="1" m="48683" /><E16/><V31/><F31/><W32/><G32/><T28/><D28/><U92/><E106/><V7/><F59/><W89/><G69/><T83/><D83/><U75/><E75/><V67/><F49/><AGARI ba="0,0" hai="26,27,42,44,47,49,51,55,92,99,101" m="48683" machi="49" ten="30,1500,0" yaku="18,1" doraHai="64" who="1" fromWho="2" sc="208,0,240,15,250,-15,302,0" /><INIT seed="1,1,0,3,0,73" ten="208,255,235,302" oya="1" hai0="101,130,4,99,55,6,42,50,46,70,111,135,29" hai1="39,78,75,7,66,17,72,81,74,82,68,30,113" hai2="116,3,91,79,62,14,64,67,118,126,124,115,83" hai3="1,97,54,16,41,71,134,106,37,2,33,49,47"/><U102/><E113/><V21/><F3/><W100/><G33/><T36/><D111/><U108/><E39/><V34/><F34/><W129/><G129/><T8/><D135/><U48/><E108/><V53/><F91/><W11/><G134/><T5/><D130/><U133/><E133/><V44/><F115/><W120/><G120/><T112/><D112/><U31/><E7/><V123/><F123/><W87/><G71/><T125/><D125/><N who="2" m="48234" /><F14/><W58/><REACH who="3" step="1"/><G87/><REACH who="3" ten="208,255,235,292" step="2"/><T0/><D70/><U22/><E68/><V95/><F116/><W89/><G89/><T15/><D0/><U26/><E74/><V94/><F118/><W18/><G18/><T19/><D29/><U119/><E119/><V90/><F90/><W12/><AGARI ba="1,1" hai="1,2,11,12,16,37,41,47,49,54,58,97,100,106" machi="12" ten="30,4000,0" yaku="1,1,0,1,54,1,53,0" doraHai="73" doraHaiUra="128" who="3" fromWho="3" sc="208,-11,255,-21,235,-11,292,53" /><INIT seed="2,0,0,1,2,37" ten="197,234,224,345" oya="2" hai0="73,84,88,7,16,29,39,19,17,60,98,9,83" hai1="26,13,76,77,46,103,30,24,122,33,12,58,119" hai2="55,95,129,2,5,123,36,124,64,126,14,109,93" hai3="15,25,42,45,62,1,50,108,132,61,135,92,54"/><V49/><F123/><W118/><G1/><T127/><D127/><N who="2" m="48682" /><F36/><N who="3" m="21703" /><G108/><T8/><D39/><U116/><E58/><V114/><F114/><W74/><G74/><T31/><D73/><U117/><E122/><V35/><F35/><W131/><G118/><T43/><D43/><U87/><E103/><V53/><F2/><W125/><G125/><T28/><D7/><U27/><E46/><V99/><F64/><W78/><G78/><T112/><D112/><U41/><E33/><V86/><F49/><W128/><G25/><T6/><D6/><U96/><E30/><V22/><F109/><W51/><G92/><N who="0" m="56583" /><D60/><N who="3" m="23145" /><G50/><T32/><D32/><U97/><E117/><V133/><F133/><N who="3" m="51275" /><G15/><T11/><D31/><U40/><E26/><V91/><F5/><W90/><G90/><AGARI ba="0,0" hai="8,9,11,16,17,19,28,29,83,84,90" m="56583" machi="90" ten="30,3900,0" yaku="8,1,54,2" doraHai="37" who="0" fromWho="3" sc="197,39,234,0,224,0,345,-39" /><INIT seed="3,0,0,1,1,56" ten="236,234,224,306" oya="3" hai0="66,118,114,125,80,64,73,71,16,116,102,32,100" hai1="92,134,44,127,23,105,120,96,8,110,24,17,7" hai2="84,124,25,2,128,51,97,67,49,46,10,107,47" hai3="81,39,119,70,54,9,6,132,55,37,21,90,13"/><W52/><G119/><T82/><D32/><U22/><E120/><V101/><F128/><W74/><G70/><T1/><D1/><U69/><E69/><V29/><F124/><W135/><G21/><T103/><D71/><U65/><E105/><V79/><F67/><N who="0" m="25642" /><D73/><U63/><E127/><V111/><F111/><W26/><G26/><T60/><D125/><U18/><E110/><V11/><F2/><W129/><G129/><T59/><D114/><U122/><E122/><V36/><F36/><W61/><G61/><T131/><D131/><U83/><E83/><N who="0" m="31785" /><D118/><U20/><E134/><N who="3" m="51242" /><G90/><T112/><D112/><U72/><E72/><V106/><F84/><W126/><G126/><T68/><D68/><U87/><E87/><V42/><F79/><AGARI ba="0,0" hai="6,9,13,37,39,52,54,55,74,79,81" m="51242" machi="79" ten="30,2900,0" yaku="20,1,54,1" doraHai="56" who="3" fromWho="2" sc="236,0,234,0,224,-29,306,29" owari="236,3.6,234,-16.6,195,-30.5,335,43.5" /></mjloggm>