<mjloggm ver="2.3"><GO type="225" lobby="0"/><UN n0="%E5%8F%AF%E5%85%90%E9%82%A3%E7%94%B1%E5%A4%9A" n1="%E3%81%BF%E3%81%BF%E3%81%9A" n2="%E3%83%A9%E3%83%BC%E3%83%A1%E3%83%B3%E4%BA%94%E9%83%8E" n3="%E3%81%B5%E3%81%98%E3%81%8B%E3%81%A4" dan="17,16,16,16" rate="2169.54,2151.81,2048.88,2203.20" sx="F,M,M,M"/><TAIKYOKU oya="0"/><INIT seed="0,0,0,2,2,2" ten="250,250,250,250" oya="0" hai0="120,15,7,24,105,40,114,73,92,12,123,96,90" hai1="9,115,23,45,54,21,67,87,8,34,46,93,16" hai2="18,79,58,32,33,84,107,6,135,98,124,27,106" hai3="85,59,113,37,30,83,69,66,25,121,26,116,122"/><T43/><D114/><U133/><E34/><V65/><F124/><W126/><G113/><T49/><D73/><U80/><E115/><V101/><F107/><W125/><G37/><T103/><D24/><N who="1" m="14375" /><E67/><V53/><F135/><W31/><G69/><T74/><D74/><U131/><E131/><V127/><F65/><W52/><G66/><T41/><D49/><N who="1" m="28975" /><E133/><V76/><F127/><N who="3" m="48651" /><G116/><T94/><D105/><U112/><E112/><V104/><F104/><W56/><G56/><T48/><D48/><U38/><E38/><V111/><F32/><N who="3" m="20559" /><G26/><T44/><D44/><U28/><E93/><V35/><F35/><W57/><G57/><T118/><D118/><U75/><E46/><V42/><F33/><W14/><G14/><T134/><D15/><U78/><E75/><V71/><F71/><W19/><G31/><T64/><D134/><U132/><E132/><V39/><F39/><W11/><G19/><T82/><D64/><U88/><E78/><V70/><F76/><N who="3" m="46311" /><G11/><N who="1" m="4170" /><E28/><V130/><F79/><W61/><AGARI ba="0,0" hai="52,59,61,121,122" m="46311,20559,48651" machi="61" ten="30,2000,0" yaku="18,1,54,1" doraHai="2" who="3" fromWho="3" sc="250,-10,250,-5,250,-5,250,20" /><INIT seed="1,0,0,4,3,92" ten="240,245,245,270" oya="1" hai0="89,3,76,14,6,68,75,42,117,50,111,51,127" hai1="69,103,56,8,59,2,11,129,109,30,54,74,120" hai2="36,64,10,91,104,102,27,43,47,78,94,21,57" hai3="19,79,97,53,131,112,45,71,40,100,87,88,32"/><U48/><E120/><V35/><F35/><W90/><G112/><T116/><D68/><U123/><E69/><V134/><F134/><W107/><G71/><T70/><D70/><U4/><E123/><V72/><F10/><W113/><G32/><T93/><D3/><U61/><E74/><V12/><F12/><W106/><G53/><T84/><D111/><U17/><E109/><V66/><F104/><W55/><G55/><T101/><D127/><U52/><E129/><V38/><F38/><W18/><G113/><T28/><D28/><U82/><E82/><V128/><F128/><W125/><G125/><T83/><D101/><U110/><E110/><V24/><F24/><W60/><G60/><T26/><D26/><U63/><E103/><V119/><F119/><W133/><G107/><T29/><D29/><U81/><E81/><V39/><F39/><W65/><G65/><T20/><D42/><U7/><E17/><V46/><F102/><W126/><G126/><T15/><D15/><U25/><E48/><V13/><F13/><W105/><G105/><T118/><REACH who="0" step="1"/><D20/><REACH who="0" ten="230,245,245,270" step="2"/><U49/><E25/><V62/><F27/><W135/><G131/><T73/><D73/><U31/><E49/><V16/><F72/><W85/><G40/><T130/><D130/><U99/><E2/><V41/><F36/><W98/><G100/><T96/><D96/><AGARI ba="0,1" hai="4,7,8,11,30,31,52,54,56,59,61,63,96,99" machi="96" ten="25,18000,2" yaku="22,2,8,1,52,2,54,1" doraHai="92" who="1" fromWho="0" sc="230,-180,245,190,245,0,270,0" /><INIT seed="1,1,0,3,5,35" ten="50,435,245,270" oya="1" hai0="59,86,12,101,53,43,118,72,106,23,77,121,14" hai1="7,127,119,89,83,67,94,104,98,58,22,42,38" hai2="120,102,71,62,24,105,16,45,52,1,96,41,3" hai3="88,70,34,125,29,40,60,99,134,2,25,111,79"/><U5/><E119/><V91/><F120/><W109/><G79/><T85/><D118/><U64/><E104/><V66/><F91/><W9/><G40/><T84/><D121/><U97/><E127/><V30/><F52/><W80/><G125/><T6/><D43/><U112/><E112/><V36/><REACH who="2" step="1"/><F16/><REACH who="2" ten="50,435,235,270" step="2"/><W117/><G117/><T44/><D53/><U54/><E54/><V61/><F61/><W20/><G20/><AGARI ba="1,1" hai="1,3,20,24,30,36,41,45,62,66,71,96,102,105" machi="20" ten="30,7700,0" yaku="1,1,7,1,52,2,53,0" doraHai="35" doraHaiUra="15" who="2" fromWho="3" sc="50,0,435,0,235,90,270,-80" /><INIT seed="2,0,0,3,3,2" ten="50,435,325,190" oya="2" hai0="51,87,65,60,128,111,54,3,108,46,96,15,8" hai1="12,120,109,33,116,112,85,114,118,105,98,93,59" hai2="45,34,13,20,35,31,95,131,26,62,57,97,66" hai3="99,43,86,104,19,106,55,23,130,58,53,77,72"/><V14/><F131/><W67/><G130/><T68/><D128/><U30/><E12/><V88/><F34/><W78/><G43/><T134/><D3/><U32/><E59/><V22/><F35/><W52/><G72/><T41/><D134/><U117/><E30/><V29/><F45/><W11/><G11/><T71/><D71/><U0/><E0/><V9/><F9/><W124/><G124/><T75/><D75/><U4/><E4/><V82/><F82/><W7/><G7/><T42/><D96/><U36/><E36/><V63/><F63/><W28/><G28/><T91/><D111/><U47/><E47/><V103/><F103/><W115/><G115/><N who="1" m="44074" /><E32/><V40/><F40/><W56/><G99/><T125/><D125/><U94/><E33/><V80/><F80/><W5/><G5/><T135/><D135/><U1/><E1/><V132/><F132/><W89/><G104/><T61/><D108/><U48/><E109/><V84/><F97/><W10/><G106/><T69/><D69/><U49/><E120/><V73/><F73/><W127/><G127/><T119/><D119/><U81/><E48/><V101/><F101/><W21/><G10/><T79/><D61/><U90/><E49/><V39/><F39/><W27/><G23/><T25/><D42/><U92/><E105/><V122/><F122/><W64/><G58/><T126/><D41/><U24/><E24/><AGARI ba="0,0" hai="13,14,20,22,24,26,29,31,57,62,66,84,88,95" machi="24" ten="40,7700,0" yaku="9,1,8,1,54,1" doraHai="2" who="2" fromWho="1" sc="50,0,435,-77,325,77,190,0" /><INIT seed="2,1,0,1,5,48" ten="50,358,402,190" oya="2" hai0="88,38,69,65,94,56,46,36,104,131,12,97,91" hai1="74,128,37,118,24,129,132,58,80,1,39,19,130" hai2="124,45,20,106,6,3,100,72,114,86,89,53,49" hai3="13,125,42,82,18,93,41,78,16,113,70,50,35"/><V81/><F114/><W120/><G120/><T107/><D69/><U134/><E1/><V62/><F72/><W84/><G113/><T92/><D131/><U30/><E19/><V111/><F124/><W108/><G70/><T59/><D46/><U22/><E118/><V135/><F135/><N who="1" m="51753" /><E58/><V17/><F111/><W21/><G35/><T9/><D12/><U116/><E116/><V51/><F62/><W27/><G108/><T127/><D97/><U29/><E29/><V10/><F49/><W79/><G79/><AGARI ba="1,0" hai="22,24,30,37,39,74,79,80,128,129,130" m="51753" machi="79" ten="40,2600,0" yaku="19,1,20,1" doraHai="48" who="1" fromWho="3" sc="50,0,358,29,402,0,190,-29" /><INIT seed="3,0,0,0,5,100" ten="50,387,402,161" oya="3" hai0="88,118,47,50,114,58,86,42,71,70,135,45,0" hai1="59,63,31,115,56,105,122,107,101,128,90,134,25" hai2="124,98,3,28,73,125,53,26,54,78,85,127,62" hai3="40,113,89,43,21,111,34,112,39,117,91,1,41"/><W36/><G34/><T126/><D118/><U24/><E122/><V116/><F116/><W121/><G1/><T72/><D72/><U46/><E115/><N who="3" m="44106" /><G117/><T92/><D114/><U123/><E123/><V69/><F73/><W94/><G94/><T12/><D135/><U119/><E119/><V130/><F130/><W57/><G57/><T133/><D133/><U99/><E134/><V18/><F3/><W110/><G21/><T109/><D109/><N who="3" m="41481" /><G121/><T2/><D126/><U81/><E128/><V96/><F18/><W108/><N who="3" m="41489" /><W75/><DORA hai="55" /><G75/><T29/><D0/><U97/><E46/><V27/><F69/><W132/><G132/><T15/><D2/><U79/><E56/><N who="2" m="35087" /><F54/><W33/><G33/><T80/><D70/><U49/><E31/><V120/><F120/><W11/><G11/><T16/><D71/><U5/><E107/><V10/><F10/><W131/><G131/><T37/><D29/><U87/><E5/><V30/><F30/><W103/><G103/><T60/><D92/><U14/><E63/><V17/><F17/><W129/><G129/><T95/><D95/><N who="1" m="56567" /><E59/><V61/><F61/><W32/><G32/><T64/><REACH who="0" step="1"/><D16/><REACH who="0" ten="40,387,402,161" step="2"/><U35/><E35/><V23/><F27/><N who="1" m="10313" /><E14/><V20/><F20/><W44/><G44/><T84/><D84/><U48/><E87/><V65/><F65/><W104/><G104/><T93/><D93/><U77/><E81/><AGARI ba="0,1" hai="23,26,28,78,81,85,96,98,124,125,127" m="35087" machi="81" ten="30,2000,0" yaku="18,1,52,1" doraHai="100,55" who="2" fromWho="1" sc="40,0,387,-20,402,30,161,0" owari="40,-46.0,367,16.7,432,53.2,161,-23.9" /></mjloggm>