<mjloggm ver="2.3"><GO type="225" lobby="0"/><UN n0="%E3%83%A9%E3%82%A4%E3%83%B3%E3%81%AE%E8%99%8E" n1="%E3%83%A9%E3%82%B9%E7%8E%87%EF%BC%93%E5%89%B2" n2="%6D%75%75%73%61%6E%6D%75" n3="%E3%83%A9%E3%83%BC%E3%83%A1%E3%83%B3%E4%BA%94%E9%83%8E" dan="16,16,16,16" rate="2100.68,2180.41,2121.04,2141.46" sx="M,F,F,M"/><TAIKYOKU oya="0"/><INIT seed="0,0,0,2,4,116" ten="250,250,250,250" oya="0" hai0="55,115,107,68,62,49,88,61,109,17,25,46,38" hai1="29,45,14,93,3,127,133,37,117,11,90,95,19" hai2="66,75,89,76,69,58,124,96,24,64,121,74,77" hai3="31,82,0,32,112,42,94,70,131,122,1,33,104"/><T119/><D115/><U50/><E117/><V87/><F69/><W10/><G112/><T114/><D114/><U21/><E133/><V12/><F124/><W110/><G94/><T30/><D119/><U39/><E127/><V35/><F96/><W91/><G110/><T51/><D107/><U84/><E93/><V100/><F100/><W47/><G131/><T56/><D109/><U73/><E73/><V59/><F75/><W108/><G108/><T118/><D118/><U40/><REACH who="1" step="1"/><E29/><REACH who="1" ten="250,240,250,250" step="2"/><V16/><F74/><W26/><G31/><T98/><D68/><U71/><E71/><V79/><F121/><W60/><G122/><T132/><D132/><U86/><E86/><V97/><F97/><W5/><G70/><T125/><D125/><U99/><E99/><V92/><F24/><W85/><G85/><T53/><D38/><U81/><E81/><V123/><F123/><W120/><G82/><T111/><D111/><U101/><E101/><V41/><F87/><W15/><G26/><T36/><D36/><U8/><E8/><N who="2" m="6151" /><F92/><W9/><G120/><T103/><D103/><U106/><E106/><V67/><F35/><W57/><G32/><T65/><D30/><U28/><E28/><V23/><F23/><W80/><G33/><T113/><D113/><U78/><E78/><V7/><F89/><W54/><G104/><T128/><D88/><U22/><E22/><V135/><F135/><W2/><G91/><T63/><D98/><U27/><E27/><V34/><F34/><W44/><G80/><T134/><D134/><U20/><E20/><V43/><F7/><AGARI ba="0,1" hai="3,7,11,14,19,21,37,39,40,45,50,84,90,95" machi="7" ten="40,2600,0" yaku="1,1,6,1,53,0" doraHai="116" doraHaiUra="102" who="1" fromWho="2" sc="250,0,240,36,250,-26,250,0" /><INIT seed="1,0,0,2,4,133" ten="250,276,224,250" oya="1" hai0="90,92,0,6,98,60,96,93,24,30,41,74,56" hai1="9,104,40,52,120,26,4,91,111,44,62,123,84" hai2="14,127,28,118,42,77,3,12,10,47,112,8,78" hai3="2,57,46,132,106,108,34,58,81,20,83,68,1"/><U17/><E104/><V25/><F118/><W126/><G34/><T107/><D74/><U114/><E114/><V61/><F3/><W11/><G68/><T75/><D75/><U101/><E101/><V51/><F112/><W22/><G106/><T128/><D107/><U35/><E111/><V64/><F127/><W89/><G46/><T125/><D128/><U97/><E97/><V102/><F102/><W95/><G11/><T117/><D41/><U7/><E7/><V65/><F10/><W100/><G100/><T50/><D50/><U49/><E62/><V82/><F14/><W73/><G73/><T45/><D45/><U15/><E40/><V79/><F82/><W86/><G132/><T87/><D117/><U5/><E5/><V121/><F121/><W55/><G108/><T122/><D122/><U70/><E70/><V19/><REACH who="2" step="1"/><F61/><REACH who="2" ten="250,276,214,250" step="2"/><N who="3" m="36031" /><G1/><T80/><D0/><U99/><E4/><V66/><F66/><W103/><G2/><T23/><D6/><U53/><E123/><V69/><F69/><W48/><G126/><T59/><D125/><U36/><E120/><V116/><F116/><W39/><G81/><T67/><D67/><U21/><E9/><V37/><F37/><W13/><G39/><T94/><D60/><U76/><E36/><V110/><F110/><W129/><G13/><T54/><D54/><U33/><E53/><V119/><F119/><W115/><G115/><T72/><D72/><U38/><E38/><V135/><F135/><W31/><G103/><T88/><D80/><N who="1" m="47111" /><E15/><V105/><F105/><W18/><G83/><T32/><D32/><AGARI ba="0,1" hai="8,12,19,25,28,32,42,47,51,64,65,77,78,79" machi="32" ten="40,2600,0" yaku="1,1,6,1,53,0" doraHai="133" doraHaiUra="131" who="2" fromWho="0" sc="250,-26,276,0,214,36,250,0" /><INIT seed="2,0,0,3,2,61" ten="224,276,250,250" oya="2" hai0="41,101,108,90,46,2,33,95,28,98,38,58,19" hai1="51,27,75,66,103,68,77,36,117,42,135,37,85" hai2="80,49,44,127,129,56,112,131,88,21,107,84,116" hai3="24,52,110,99,13,10,40,124,82,105,26,23,8"/><V122/><F112/><W78/><G110/><T106/><D108/><U3/><E3/><V133/><F116/><W74/><G124/><T30/><D2/><U79/><E75/><V54/><F122/><W53/><G40/><T130/><D130/><N who="2" m="49674" /><F127/><W29/><G26/><T67/><D19/><U60/><E135/><V31/><F133/><W16/><REACH who="3" step="1"/><G8/><REACH who="3" ten="224,276,250,240" step="2"/><T12/><D33/><U43/><E42/><V87/><F107/><W65/><G65/><T91/><D106/><U0/><E43/><V89/><F21/><W97/><G97/><T5/><D98/><U96/><E96/><V6/><F31/><W81/><G81/><T64/><D30/><U32/><E27/><V126/><F126/><W93/><G93/><T34/><D95/><U7/><E32/><V9/><F9/><W11/><G11/><T14/><D28/><U62/><E117/><V4/><F44/><W48/><G48/><T121/><D46/><U20/><E20/><V63/><F49/><W50/><G50/><T125/><D34/><U104/><E51/><V119/><F119/><W83/><G83/><AGARI ba="0,1" hai="4,6,54,56,63,80,83,84,87,88,89" m="49674" machi="83" ten="30,2900,0" yaku="19,1,54,1" doraHai="61" who="2" fromWho="3" sc="224,0,276,0,250,39,240,-29" /><INIT seed="2,1,0,3,4,74" ten="224,276,289,211" oya="2" hai0="78,67,105,128,125,121,51,96,24,20,46,59,115" hai1="134,69,92,28,40,117,23,37,76,60,18,44,129" hai2="41,73,84,7,95,94,10,80,63,123,124,2,113" hai3="93,85,99,103,132,58,42,122,48,130,29,65,91"/><V50/><F113/><W81/><G130/><T87/><D121/><U111/><E117/><V0/><F123/><W108/><G108/><T104/><D115/><U79/><E129/><V49/><F73/><W21/><G132/><T101/><D128/><U114/><E114/><V109/><F109/><W97/><G122/><T88/><D125/><U112/><E112/><V68/><F124/><W89/><G42/><T86/><D104/><U131/><E131/><V31/><F2/><W54/><G65/><T35/><D35/><U70/><E134/><V25/><F68/><W71/><G71/><T15/><D15/><U135/><E135/><V11/><F63/><W3/><G3/><T61/><D78/><U56/><E111/><V106/><F11/><W64/><G64/><T116/><D116/><U110/><E28/><V9/><F9/><W133/><G133/><T5/><D5/><U62/><E70/><V39/><F106/><W16/><G29/><T12/><D12/><U83/><E83/><V52/><F39/><W22/><REACH who="3" step="1"/><G16/><REACH who="3" ten="224,276,289,201" step="2"/><T6/><D6/><U119/><E110/><V118/><F118/><W17/><G17/><T27/><D27/><N who="1" m="14839" /><E119/><V30/><F30/><W1/><G1/><T14/><D24/><U102/><E69/><V126/><F126/><W8/><G8/><T57/><D67/><U47/><E40/><V4/><F41/><W33/><G33/><T107/><D14/><U90/><E37/><V45/><F7/><W72/><G72/><T34/><D34/><U13/><E13/><V100/><F4/><W77/><G77/><T82/><D20/><RYUUKYOKU ba="1,1" sc="224,-10,276,-10,289,-10,201,30" hai3="21,22,48,54,58,81,85,89,91,93,97,99,103" /><INIT seed="3,2,1,0,0,33" ten="214,266,279,231" oya="3" hai0="70,66,121,21,60,83,129,78,47,116,9,28,73" hai1="15,43,12,38,56,102,14,103,109,0,91,98,16" hai2="53,115,87,58,23,77,72,10,130,68,13,49,104" hai3="118,6,52,111,71,41,18,29,62,120,11,110,89"/><W108/><G118/><T1/><D116/><U99/><E0/><V79/><F115/><W27/><G120/><T117/><D117/><U131/><E109/><V92/><F104/><W20/><G41/><T135/><D121/><U67/><E131/><V114/><F72/><W75/><G75/><T17/><D129/><U113/><E113/><V84/><F68/><W74/><G74/><T94/><D135/><U44/><E16/><N who="2" m="8247" /><F114/><W32/><G89/><T24/><D94/><U45/><E45/><N who="2" m="27823" /><F130/><W95/><G71/><T82/><D82/><U123/><E123/><V64/><F23/><W31/><G32/><T36/><D28/><U54/><E67/><V106/><F106/><W97/><G52/><T51/><D36/><U124/><E124/><V35/><F35/><W8/><G8/><T48/><REACH who="0" step="1"/><D47/><REACH who="0" ten="204,266,279,231" step="2"/><U107/><E38/><V25/><F92/><W119/><G119/><T90/><D90/><U19/><E91/><V85/><F79/><W122/><G122/><T88/><D88/><U50/><E44/><V59/><F77/><W105/><G95/><T34/><D34/><U112/><E112/><V134/><F134/><W100/><G62/><T37/><D37/><U4/><E19/><V80/><F80/><W7/><G7/><AGARI ba="2,2" hai="1,7,9,17,21,24,48,51,60,66,70,73,78,83" machi="7" ten="40,2600,0" yaku="1,1,52,1,53,0" doraHai="33" doraHaiUra="26" who="0" fromWho="3" sc="204,52,266,0,279,0,231,-32" /><INIT seed="4,0,0,2,2,18" ten="256,266,279,199" oya="0" hai0="121,54,87,79,127,38,17,15,94,51,84,106,67" hai1="2,70,81,31,123,103,132,98,21,118,134,58,85" hai2="46,49,66,39,131,102,33,28,80,110,101,60,45" hai3="90,13,111,10,56,114,30,130,50,78,24,35,0"/><T71/><D106/><U76/><E70/><V22/><F110/><W52/><G111/><T91/><D121/><U115/><E2/><V23/><F39/><W29/><G114/><T5/><D38/><U47/><E123/><V122/><F33/><W42/><G130/><T43/><D127/><U12/><E118/><V37/><F37/><W92/><G0/><T48/><D5/><U68/><E68/><V62/><F122/><W108/><G108/><T63/><D43/><U20/><E115/><V1/><F1/><W9/><G78/><T113/><D113/><U64/><E47/><N who="2" m="17931" /><F49/><W105/><G42/><T128/><D128/><U112/><E12/><V74/><F74/><W119/><G119/><T120/><D120/><U95/><E112/><V124/><F28/><W7/><G30/><T25/><D25/><U8/><E8/><V4/><F124/><W83/><G105/><T41/><D54/><U44/><E44/><V135/><F135/><N who="1" m="51753" /><E31/><V88/><F4/><W99/><G10/><T16/><D41/><U93/><E93/><V97/><F66/><W14/><G83/><T69/><D69/><U125/><E125/><V53/><F53/><W27/><REACH who="3" step="1"/><G13/><REACH who="3" ten="256,266,279,189" step="2"/><T57/><D79/><U133/><E133/><V107/><F107/><W104/><G104/><T117/><D117/><U65/><E65/><V3/><F3/><W26/><AGARI ba="0,1" hai="7,9,14,24,26,27,29,35,50,52,56,90,92,99" machi="26" ten="30,4000,0" yaku="1,1,0,1,54,1,53,0" doraHai="18" doraHaiUra="82" who="3" fromWho="3" sc="256,-20,266,-10,279,-10,189,50" /><INIT seed="5,0,0,4,0,112" ten="236,256,269,239" oya="1" hai0="108,74,119,13,114,62,69,116,55,11,130,23,7" hai1="125,42,102,22,35,68,24,131,36,133,122,92,18" hai2="43,9,109,27,110,63,78,80,124,89,104,99,83" hai3="5,21,127,87,105,40,45,76,17,51,0,98,58"/><U52/><E122/><V129/><F43/><W41/><G127/><T67/><D108/><N who="2" m="41578" /><F63/><W50/><G0/><T57/><D114/><U60/><E131/><V101/><F27/><W132/><G5/><T85/><D74/><U117/><E133/><V38/><F9/><W30/><G30/><T20/><D130/><U73/><E73/><N who="2" m="43087" /><F38/><W95/><G105/><T107/><D107/><U134/><E134/><V100/><F129/><W46/><G132/><T4/><D85/><U72/><E35/><V44/><F44/><W96/><G58/><T94/><D94/><U118/><E42/><V3/><F3/><W66/><G66/><T106/><D106/><U120/><E36/><V115/><F115/><W121/><G121/><T84/><D84/><U39/><E120/><V54/><F54/><W33/><G33/><T88/><D88/><U111/><E39/><V49/><F49/><W28/><G28/><T65/><D4/><U61/><E72/><V75/><F124/><W12/><REACH who="3" step="1"/><G95/><REACH who="3" ten="236,256,269,229" step="2"/><T103/><D67/><N who="1" m="41063" /><E125/><V32/><F32/><W10/><G10/><T123/><D123/><U48/><E111/><V86/><F75/><W81/><AGARI ba="0,1" hai="12,17,21,40,41,45,46,50,51,76,81,87,96,98" machi="81" ten="30,7900,0" yaku="1,1,0,1,9,1,8,1,53,0" doraHai="112" doraHaiUra="29" who="3" fromWho="3" sc="236,-20,256,-39,269,-20,229,89" owari="216,-28.4,217,-18.3,249,4.9,318,41.8" /></mjloggm>