<mjloggm ver="2.3"><GO type="225" lobby="0"/><UN n0="%E3%83%B4%E3%83%A0%EF%BC%99%E3%81%A6" n1="%E8%90%BD%E6%97%A5" n2="%E3%82%8C%E3%81%99%E3%81%93" n3="%E8%B6%85%E7%B4%9A%E9%B3%B3%E5%87%B0" dan="16,16,16,16" rate="2109.45,2120.91,2108.30,2181.21" sx="M,F,F,F"/><TAIKYOKU oya="0"/><INIT seed="0,0,0,0,0,88" ten="250,250,250,250" oya="0" hai0="1,41,100,123,122,92,78,59,11,102,36,130,107" hai1="74,73,25,93,43,62,133,110,29,101,28,49,63" hai2="47,104,120,75,131,51,127,84,95,87,106,55,56" hai3="111,85,112,115,113,117,97,96,34,58,103,3,9"/><T39/><D107/><U37/><E37/><V48/><F120/><W108/><G34/><T114/><D114/><U125/><E110/><N who="3" m="42026" /><G58/><T105/><D105/><U27/><E125/><V81/><F127/><W22/><G22/><T65/><D130/><U45/><E133/><V26/><F131/><W135/><G9/><T18/><D78/><U19/><E19/><V12/><F75/><W44/><G44/><T31/><D31/><U57/><E73/><V23/><F12/><W14/><G14/><T6/><D18/><U109/><E74/><V35/><F35/><W98/><G3/><T134/><D134/><U83/><E83/><V94/><F106/><N who="3" m="63847" /><G135/><T0/><D0/><U128/><E128/><V30/><F104/><W72/><G72/><T89/><D123/><U86/><E109/><V61/><F51/><W82/><G117/><T16/><D16/><U54/><E63/><V118/><F118/><W71/><G71/><T80/><D122/><U38/><E38/><V32/><F32/><W129/><G129/><T5/><D5/><U40/><E40/><N who="2" m="24679" /><F87/><W53/><G53/><T17/><D39/><U119/><E119/><V15/><F15/><W13/><G13/><T70/><D70/><U42/><E42/><V116/><F116/><W4/><G4/><T67/><D41/><U99/><E86/><V7/><F7/><W60/><G60/><T90/><D36/><U46/><REACH who="1" step="1"/><E45/><REACH who="1" ten="250,240,250,250" step="2"/><V2/><F2/><W8/><G8/><N who="0" m="2127" /><D17/><U33/><E33/><V77/><AGARI ba="0,1" hai="23,26,30,55,56,61,77,81,84,94,95" m="24679" machi="77" ten="30,4000,0" yaku="8,1,52,2" doraHai="88" who="2" fromWho="2" sc="250,-20,240,-10,250,50,250,-10" /><INIT seed="1,0,0,2,5,38" ten="230,230,300,240" oya="1" hai0="122,46,34,84,28,67,66,102,85,104,39,6,48" hai1="134,117,69,95,54,25,58,132,109,2,73,35,99" hai2="24,87,76,131,36,89,79,81,123,113,29,21,61" hai3="112,57,120,121,4,130,41,33,124,44,52,93,27"/><U126/><E117/><V0/><F123/><W98/><G112/><T3/><D39/><U49/><E2/><V125/><F0/><W32/><G130/><T75/><D75/><U20/><E73/><V111/><F111/><W110/><G110/><T64/><D122/><U42/><E109/><V11/><F131/><W129/><G129/><T55/><D34/><U83/><E126/><V43/><F125/><W50/><G124/><T13/><D3/><U82/><E35/><V7/><F113/><W71/><G71/><T9/><D104/><U53/><E69/><V108/><F108/><W22/><G33/><T19/><D28/><U88/><E54/><V65/><F11/><W17/><G4/><T60/><D102/><U74/><E42/><V68/><REACH who="2" step="1"/><F7/><REACH who="2" ten="230,230,290,240" step="2"/><W59/><G32/><T23/><D6/><U1/><E1/><V127/><F127/><W5/><G5/><T31/><D60/><U14/><E14/><V103/><F103/><W106/><G106/><T37/><D37/><U135/><REACH who="1" step="1"/><E74/><REACH who="1" ten="230,220,290,240" step="2"/><V97/><F97/><W119/><G119/><T26/><AGARI ba="0,2" hai="9,13,19,23,26,31,46,48,55,64,66,67,84,85" machi="26" ten="30,2000,0" yaku="0,1,8,1" doraHai="38" who="0" fromWho="0" sc="230,40,220,-10,290,-5,240,-5" /><INIT seed="2,0,0,1,2,30" ten="270,210,285,235" oya="2" hai0="49,41,26,133,24,65,111,54,128,66,60,17,14" hai1="56,51,110,113,53,4,88,120,125,69,45,12,97" hai2="7,34,90,108,102,43,106,101,123,127,131,83,71" hai3="18,104,20,91,27,103,118,80,116,35,61,0,32"/><V94/><F123/><W112/><G0/><T100/><D111/><U6/><E113/><V126/><F71/><W74/><G112/><T107/><D128/><U48/><E110/><V95/><F108/><W37/><G37/><T50/><D133/><U8/><E69/><V36/><F131/><W57/><G104/><T3/><D3/><U64/><E125/><N who="2" m="47627" /><F106/><W79/><G103/><N who="2" m="39433" /><F7/><W89/><G89/><T115/><D115/><U67/><E6/><V117/><F117/><W129/><G129/><T68/><D65/><U10/><E10/><V2/><F2/><W25/><G91/><T122/><D122/><U52/><E120/><V33/><F83/><W134/><G134/><T21/><D107/><U46/><E56/><V13/><F13/><W98/><G98/><T78/><D100/><U19/><E4/><V86/><F95/><AGARI ba="0,0" hai="8,12,19,45,46,48,51,52,53,64,67,88,95,97" machi="95" ten="40,8000,1" yaku="9,1,8,1,54,2" doraHai="30" who="1" fromWho="2" sc="270,0,210,80,285,-80,235,0" /><INIT seed="3,0,0,2,0,41" ten="270,290,205,235" oya="3" hai0="7,69,112,5,67,17,18,80,2,35,50,52,119" hai1="125,24,85,48,9,64,106,90,71,3,127,91,16" hai2="134,114,121,1,93,128,109,62,29,70,49,81,111" hai3="28,76,27,107,118,113,79,133,46,135,120,43,4"/><W53/><G113/><T25/><D119/><U13/><E106/><V0/><F114/><W33/><G118/><T89/><D112/><U55/><E3/><V96/><F134/><N who="3" m="51211" /><G120/><T117/><D117/><U23/><E64/><N who="2" m="41239" /><F121/><W116/><G116/><T63/><D35/><U74/><E74/><V132/><F132/><W88/><G107/><T105/><D105/><U36/><E36/><V78/><F29/><W103/><G103/><T84/><D25/><U57/><E71/><V31/><F31/><W86/><G4/><T37/><D37/><U108/><E108/><N who="2" m="41547" /><F128/><W122/><G53/><T83/><D83/><U102/><E102/><N who="2" m="60687" /><F49/><N who="3" m="26847" /><G122/><T14/><D2/><U68/><E68/><V20/><F20/><W66/><G66/><T115/><D115/><U32/><E32/><V126/><F126/><N who="1" m="48137" /><E85/><AGARI ba="0,0" hai="0,1,78,81,85" m="60687,41547,41239" machi="85" ten="30,1000,0" yaku="14,1" doraHai="41" who="2" fromWho="1" sc="270,0,290,-10,205,10,235,0" /><INIT seed="4,0,0,0,1,47" ten="270,280,215,235" oya="0" hai0="68,102,0,44,70,75,106,21,90,14,50,65,57" hai1="95,31,84,19,51,33,59,122,79,88,126,58,24" hai2="135,114,107,27,94,45,46,28,67,17,20,49,113" hai3="77,64,86,5,26,93,117,48,3,55,1,36,13"/><T74/><D0/><U41/><E122/><V56/><F107/><W16/><G117/><T130/><D130/><U37/><E37/><V91/><F135/><W9/><G36/><T4/><D57/><U40/><E126/><V60/><F28/><W43/><G64/><T85/><D106/><U29/><E29/><V118/><F118/><W82/><G93/><T80/><D102/><U22/><E79/><V96/><REACH who="2" step="1"/><F46/><REACH who="2" ten="270,280,205,235" step="2"/><N who="3" m="25695" /><G55/><AGARI ba="0,1" hai="17,20,27,45,49,55,56,60,67,91,94,96,113,114" machi="55" ten="40,2600,0" yaku="1,1,52,1,53,0" doraHai="47" doraHaiUra="120" who="2" fromWho="3" sc="270,0,280,0,205,36,235,-26" /><INIT seed="5,0,0,0,0,46" ten="270,280,241,209" oya="1" hai0="74,68,19,59,121,65,21,125,78,131,92,129,77" hai1="112,97,118,23,67,49,134,98,81,11,84,113,106" hai2="32,44,76,1,41,50,24,22,60,7,2,110,8" hai3="9,17,86,111,51,100,56,54,70,26,130,105,30"/><U96/><E118/><V82/><F110/><W43/><G111/><T37/><D68/><U72/><E72/><V93/><F32/><W85/><G70/><T99/><D37/><U122/><E122/><V18/><F93/><W14/><G130/><N who="0" m="49675" /><D125/><U13/><E23/><V0/><REACH who="2" step="1"/><F60/><REACH who="2" ten="270,280,231,209" step="2"/><W117/><G117/><T38/><D92/><U80/><E106/><V53/><F53/><W119/><G119/><T40/><D121/><U87/><E67/><V47/><F47/><W35/><REACH who="3" step="1"/><G43/><REACH who="3" ten="270,280,231,199" step="2"/><T5/><D40/><U103/><E134/><V55/><F55/><W114/><G114/><T39/><D65/><U42/><E112/><V115/><F115/><W28/><G28/><T108/><D108/><U94/><E113/><V133/><F133/><W128/><G128/><T48/><D74/><AGARI ba="0,2" hai="0,1,2,7,8,18,22,24,41,44,50,74,76,82" machi="74" ten="30,3900,0" yaku="1,1,7,1,52,1,53,0" doraHai="46" doraHaiUra="116" who="2" fromWho="0" sc="270,-39,280,0,231,59,199,0" /><INIT seed="6,0,0,0,5,85" ten="231,280,290,199" oya="2" hai0="24,88,41,82,73,3,55,70,30,64,78,124,28" hai1="57,86,111,129,21,48,10,104,79,42,35,53,0" hai2="15,29,34,49,134,100,62,47,89,109,123,13,66" hai3="60,87,40,126,39,19,114,131,69,59,80,71,50"/><V127/><F123/><W96/><G131/><T101/><D3/><U106/><E35/><V58/><F134/><W14/><G126/><T77/><D124/><U17/><E111/><V31/><F127/><W121/><G121/><T33/><D41/><U112/><E112/><V103/><F109/><W12/><G114/><T38/><D38/><U2/><E129/><V98/><F89/><W120/><G120/><T128/><D128/><U84/><E42/><N who="2" m="24823" /><F34/><W107/><G39/><T4/><D4/><U5/><E2/><V74/><F74/><W81/><G40/><T56/><D30/><N who="2" m="11274" /><F98/><W44/><G107/><T83/><D101/><AGARI ba="0,0" hai="13,15,58,62,66,100,101,103" m="11274,24823" machi="101" ten="30,1500,0" yaku="8,1" doraHai="85" who="2" fromWho="0" sc="231,-15,280,0,290,15,199,0" owari="216,-18.4,280,8.0,305,40.5,199,-30.1" /></mjloggm>