<mjloggm ver="2.3"><GO type="225" lobby="0"/><UN n0="%E7%B4%94%E6%BD%94%E3%83%94%E3%83%A9%E3%83%8B%E3%82%A2" n1="%E7%8B%82%E6%B0%97%E3%81%AE%E7%9E%B3" n2="%E6%98%93%E5%88%A9%E8%96%A9%E4%BC%AF" n3="%6D%75%75%73%61%6E%6D%75" dan="17,16,16,17" rate="2123.13,2044.82,2095.12,2170.55" sx="M,F,F,F"/><TAIKYOKU oya="0"/><INIT seed="0,0,0,1,4,32" ten="250,250,250,250" oya="0" hai0="77,42,13,82,112,65,94,132,103,93,110,85,135" hai1="98,4,33,101,84,50,37,45,38,55,43,2,134" hai2="109,61,51,88,56,48,17,6,19,22,91,81,69" hai3="104,113,96,8,12,86,124,79,26,115,59,89,126"/><T92/><D42/><U111/><E111/><V95/><F109/><W75/><G26/><T108/><D65/><U49/><E134/><N who="0" m="51241" /><D13/><U15/><E33/><V121/><F69/><W73/><G12/><T105/><D112/><N who="3" m="43081" /><G59/><T74/><D85/><U102/><E84/><N who="2" m="50191" /><F6/><W34/><G34/><T20/><D20/><U67/><E67/><N who="2" m="39335" /><F121/><W87/><G8/><T21/><D21/><U72/><E72/><N who="3" m="27722" /><G79/><T64/><D64/><U9/><E15/><N who="2" m="9535" /><F19/><W120/><G120/><T106/><D106/><U35/><E35/><V53/><F53/><W54/><G54/><T24/><D24/><U16/><E16/><V52/><F52/><W97/><G86/><AGARI ba="0,0" hai="48,51,86,91,95" m="9535,39335,50191" machi="86" ten="30,2000,0" yaku="8,1,54,1" doraHai="32" who="2" fromWho="3" sc="250,0,250,0,250,20,250,-20" /><INIT seed="1,0,0,3,0,61" ten="250,250,270,230" oya="1" hai0="108,111,59,91,29,5,122,79,70,16,134,101,15" hai1="125,44,41,99,37,34,105,46,77,92,63,86,130" hai2="75,115,93,96,106,13,133,31,120,112,72,35,87" hai3="131,107,109,82,2,17,18,7,6,78,20,104,71"/><U49/><E34/><V126/><F13/><W23/><G71/><T8/><D70/><U88/><E130/><V67/><F31/><W51/><G131/><T57/><D122/><U94/><E125/><V52/><F35/><W42/><G109/><N who="0" m="42059" /><D29/><U19/><E105/><V127/><F52/><W73/><G104/><T103/><D79/><U47/><E19/><V56/><F56/><N who="0" m="21578" /><D134/><U83/><E63/><V85/><F67/><W0/><G107/><T69/><D69/><U118/><E37/><V132/><F106/><W89/><G2/><N who="0" m="55" /><D91/><U48/><E41/><V54/><F54/><W68/><G68/><T66/><D66/><U117/><REACH who="1" step="1"/><E94/><REACH who="1" ten="250,240,270,230" step="2"/><V64/><F93/><W53/><G42/><T65/><D65/><U32/><E32/><V4/><F64/><W1/><G17/><T97/><D97/><U40/><E40/><V90/><F96/><W11/><G18/><T113/><D113/><U84/><E84/><V12/><F126/><W102/><G20/><AGARI ba="0,1" hai="15,16,20,101,103" m="55,21578,42059" machi="20" ten="30,2000,0" yaku="14,1,54,1" doraHai="61" who="0" fromWho="3" sc="250,30,240,0,270,0,230,-20" /><INIT seed="2,0,0,4,1,35" ten="280,240,270,210" oya="2" hai0="49,131,101,12,68,64,55,50,125,67,103,53,73" hai1="96,27,122,81,1,117,88,79,77,31,4,107,104" hai2="102,121,89,48,10,19,112,9,105,21,97,116,63" hai3="95,60,26,59,127,134,75,90,83,32,7,39,130"/><V20/><F112/><W93/><G39/><T8/><D73/><U132/><E117/><V82/><F116/><W58/><G130/><T14/><D68/><U42/><E42/><V114/><F114/><W28/><G134/><T52/><D125/><U54/><E132/><V76/><F121/><W0/><G127/><T110/><D110/><U46/><E122/><V6/><F89/><W98/><G75/><T47/><D131/><U38/><E79/><V92/><F105/><W115/><G115/><T34/><D34/><U109/><E109/><V94/><F94/><W91/><G83/><T74/><D74/><N who="1" m="43191" /><E88/><V72/><F63/><W126/><G126/><T11/><D53/><U3/><E54/><V120/><F120/><W86/><REACH who="3" step="1"/><G60/><REACH who="3" ten="280,240,270,200" step="2"/><T113/><D113/><U44/><E38/><V133/><F133/><W37/><G37/><T25/><D47/><U99/><E44/><V70/><F82/><W66/><G66/><T56/><D56/><U23/><E46/><V111/><F72/><W108/><G108/><T119/><D119/><U18/><E104/><V41/><F111/><W106/><G106/><T45/><D45/><U61/><E107/><V85/><F76/><W2/><G2/><T22/><D64/><U124/><E1/><V123/><F123/><W13/><G13/><T40/><D67/><U17/><E124/><V30/><F48/><W51/><G51/><T78/><D40/><U128/><E61/><V84/><F41/><W100/><G100/><T62/><D62/><U80/><E80/><V16/><F102/><W87/><G87/><T5/><D101/><RYUUKYOKU ba="0,1" sc="280,-10,240,-10,270,-10,200,30" hai3="0,7,26,28,32,58,59,86,90,91,93,95,98" /><INIT seed="3,1,1,5,3,59" ten="270,230,260,230" oya="3" hai0="36,38,23,72,2,105,24,92,113,65,119,101,64" hai1="102,6,9,133,67,130,76,8,93,127,69,40,124" hai2="71,94,56,33,31,115,20,3,11,27,95,25,58" hai3="46,52,41,106,87,118,96,112,83,84,81,1,116"/><W26/><G112/><T55/><D119/><U99/><E133/><V42/><F71/><W90/><G1/><T80/><D105/><U7/><E130/><V17/><F115/><W86/><G26/><T39/><D2/><U30/><E30/><V91/><F42/><W48/><G106/><T29/><D55/><U85/><E40/><V114/><F114/><W88/><G96/><T79/><D113/><U98/><E98/><V103/><F103/><W43/><G86/><T10/><D10/><N who="1" m="4203" /><E69/><V18/><F95/><W78/><G78/><T122/><D122/><U22/><E22/><V63/><F63/><W28/><G28/><T61/><D65/><U89/><E67/><V68/><F68/><W74/><G74/><T66/><D64/><U132/><E132/><V16/><F3/><W0/><G0/><T120/><D120/><U107/><E76/><V117/><F117/><AGARI ba="1,1" hai="41,43,46,48,52,81,83,84,87,88,90,116,117,118" machi="117" ten="40,7700,0" yaku="9,1,54,2" doraHai="59" who="3" fromWho="2" sc="270,0,230,0,260,-80,230,90" owari="270,7.0,230,-17.0,180,-32.0,320,42.0" /></mjloggm>