<mjloggm ver="2.3"><GO type="225" lobby="0"/><UN n0="%E6%98%93%E5%88%A9%E8%96%A9%E4%BC%AF" n1="%54%4F%52" n2="%E7%BD%AA%E5%88%91%E6%B3%95%E5%AE%9A%E4%B8%BB%E7%BE%A9" n3="%E3%81%BD%E3%81%A1%E3%81%9F%E3%81%93%E3%82%84" dan="16,17,16,17" rate="2139.49,2262.46,2181.60,2158.71" sx="F,M,M,M"/><TAIKYOKU oya="0"/><INIT seed="0,0,0,1,0,99" ten="250,250,250,250" oya="0" hai0="68,94,48,7,50,55,45,71,2,25,52,81,62" hai1="67,96,69,23,66,14,64,63,72,27,24,56,123" hai2="102,131,58,106,112,116,36,41,43,121,39,8,117" hai3="124,101,130,89,9,108,73,111,53,59,60,129,19"/><T47/><D2/><U95/><E123/><V103/><F121/><W120/><G120/><T114/><D114/><U42/><E72/><V33/><F33/><W18/><G124/><T15/><D62/><U32/><E42/><N who="2" m="15883" /><F112/><W3/><G73/><T79/><D25/><U76/><E76/><V105/><F58/><W31/><G31/><T77/><D94/><U51/><E69/><V135/><F8/><W16/><G101/><N who="2" m="38409" /><F135/><W87/><G9/><T80/><REACH who="0" step="1"/><D15/><REACH who="0" ten="240,250,250,250" step="2"/><U21/><E63/><V110/><F131/><N who="3" m="50187" /><G3/><T5/><AGARI ba="0,1" hai="5,7,45,47,48,50,52,55,68,71,77,79,80,81" machi="5" ten="25,12000,1" yaku="1,1,0,1,22,2,54,1,53,0" doraHai="99" doraHaiUra="35" who="0" fromWho="0" sc="240,130,250,-40,250,-40,250,-40" /><INIT seed="0,1,0,4,4,57" ten="370,210,210,210" oya="0" hai0="36,113,123,82,27,14,63,101,72,39,19,52,8" hai1="45,59,116,24,130,18,65,131,112,100,2,10,83" hai2="4,26,55,105,119,79,11,38,135,49,129,96,125" hai3="32,15,13,53,85,43,109,92,9,80,22,61,31"/><T74/><D113/><U17/><E116/><V29/><F38/><W1/><G32/><T110/><D123/><U132/><E112/><V25/><F119/><W95/><G1/><T102/><D110/><U20/><E132/><V16/><F135/><W30/><G43/><T107/><D74/><U3/><E100/><V118/><F118/><W104/><G104/><T41/><D41/><U121/><E121/><V35/><F125/><W48/><G61/><T54/><D107/><U50/><E83/><V111/><F111/><W87/><G109/><T58/><D27/><U127/><E127/><V44/><F79/><N who="3" m="46239" /><G15/><T70/><D70/><U120/><E120/><V88/><F129/><N who="1" m="49161" /><E50/><V33/><F105/><W115/><G22/><T6/><D39/><U28/><E2/><V94/><F16/><N who="3" m="8239" /><G115/><T106/><D36/><U90/><E20/><V69/><F69/><W71/><G71/><T103/><D106/><U12/><E24/><V73/><F73/><W133/><G133/><T75/><D75/><U128/><E12/><V5/><REACH who="2" step="1"/><F11/><REACH who="2" ten="370,210,200,210" step="2"/><W81/><G30/><AGARI ba="1,1" hai="4,5,25,26,29,30,33,35,44,49,55,88,94,96" machi="30" ten="40,8000,1" yaku="1,1,2,1,9,1,54,1,53,0" doraHai="57" doraHaiUra="60" who="2" fromWho="3" sc="370,0,210,0,200,93,210,-83" /><INIT seed="1,0,0,5,0,28" ten="370,210,293,127" oya="1" hai0="63,88,49,83,100,34,87,13,79,35,47,65,76" hai1="32,112,7,42,69,135,31,82,110,70,24,53,29" hai2="60,39,21,68,99,25,86,56,124,20,125,108,73" hai3="16,6,48,96,22,72,120,104,126,93,46,55,94"/><U80/><E112/><V12/><F73/><W36/><G120/><T77/><D100/><U75/><E135/><V38/><F68/><W97/><G126/><N who="2" m="48745" /><F108/><W134/><G134/><T85/><D85/><U109/><E7/><V98/><F86/><W89/><G72/><T51/><D13/><U50/><E42/><V117/><F12/><W74/><G74/><T129/><D129/><U122/><E122/><V102/><F20/><W62/><G36/><N who="2" m="13865" /><F102/><W40/><G6/><T14/><D14/><U67/><E31/><N who="2" m="17839" /><F117/><W54/><G104/><T127/><D127/><U118/><E118/><V106/><F106/><W95/><G62/><T15/><D15/><U1/><E1/><V105/><F105/><W119/><G119/><T130/><D130/><U121/><E121/><V41/><F41/><W131/><G131/><T84/><D84/><U17/><E17/><V132/><F132/><W10/><G10/><T78/><D78/><U92/><E92/><V2/><F2/><W23/><G23/><T103/><D103/><U8/><E8/><V113/><F113/><W116/><G116/><T33/><REACH who="0" step="1"/><D47/><REACH who="0" ten="360,210,293,127" step="2"/><U64/><E75/><V27/><F27/><N who="3" m="14791" /><G95/><T43/><D43/><U5/><E5/><V45/><F45/><W37/><G37/><T114/><D114/><U128/><E128/><V133/><F133/><W0/><G0/><T44/><D44/><N who="1" m="27847" /><E82/><V115/><F115/><W9/><G9/><T30/><D30/><U91/><E80/><V26/><F26/><W90/><AGARI ba="0,1" hai="40,46,48,54,55,89,90,93,94,96,97" m="14791" machi="90" ten="30,2000,0" yaku="8,1,54,1" doraHai="28" who="3" fromWho="3" sc="360,-5,210,-10,293,-5,127,30" /><INIT seed="2,0,0,4,0,4" ten="355,200,288,157" oya="2" hai0="50,113,135,82,0,53,26,115,14,88,68,27,23" hai1="123,20,10,62,3,76,65,32,24,69,85,116,79" hai2="99,110,2,56,35,126,91,22,51,54,29,48,77" hai3="130,121,98,11,67,120,73,5,17,74,40,58,90"/><V84/><F126/><W6/><G130/><T111/><D0/><U86/><E116/><V72/><F2/><W45/><G17/><T96/><D68/><U108/><E32/><V60/><F35/><W97/><G67/><T112/><D111/><U105/><E105/><V64/><F110/><W44/><G58/><T122/><D122/><U25/><E108/><V46/><F72/><W66/><G66/><T15/><D27/><U28/><E123/><V106/><F106/><W127/><G90/><T39/><D39/><U13/><E3/><V19/><F29/><W119/><G40/><T102/><D102/><U36/><E36/><V117/><F117/><W9/><REACH who="3" step="1"/><G119/><REACH who="3" ten="355,200,288,147" step="2"/><T80/><D88/><U1/><E79/><V70/><F64/><W55/><G55/><T133/><D53/><U37/><E76/><V103/><F56/><W18/><G18/><T43/><D43/><U129/><E129/><V94/><F77/><W104/><G104/><T124/><D112/><U128/><E128/><V107/><F54/><W33/><G33/><T78/><D115/><U21/><E65/><V87/><F107/><W38/><G38/><T41/><D41/><U134/><E37/><V109/><F19/><W47/><G47/><T132/><D113/><U81/><E69/><V89/><F70/><W57/><G57/><T114/><D78/><U63/><E63/><V8/><F60/><W71/><G71/><T30/><D114/><U7/><E62/><V75/><F46/><W93/><G93/><T125/><D50/><U131/><E131/><V100/><F51/><W12/><G12/><RYUUKYOKU ba="0,1" sc="355,-10,200,-10,288,-10,147,30" hai3="5,6,9,11,44,45,73,74,97,98,120,121,127" /><INIT seed="3,1,1,4,1,4" ten="345,190,278,177" oya="3" hai0="112,33,9,30,20,26,35,119,40,69,12,131,15" hai1="34,123,92,48,113,103,11,106,80,128,124,101,71" hai2="3,22,13,59,90,104,129,93,84,73,98,117,114" hai3="14,96,58,28,78,70,126,94,108,87,111,5,125"/><W44/><G70/><T53/><D69/><U97/><E113/><V60/><F114/><W49/><G58/><T74/><D40/><U45/><E123/><V105/><F3/><W23/><G28/><T86/><D74/><U50/><E71/><V121/><F117/><W16/><G5/><T2/><D53/><U82/><E34/><N who="0" m="12809" /><D86/><U21/><E124/><N who="3" m="47722" /><G87/><T41/><D41/><U115/><E115/><V122/><F129/><W63/><G63/><T56/><D56/><U81/><E128/><V88/><F73/><W57/><G57/><T110/><D112/><U91/><E21/><V118/><F118/><W102/><G78/><T130/><D119/><U132/><E132/><V55/><F122/><W61/><G61/><T95/><D30/><U52/><E106/><V65/><F121/><W1/><G1/><T107/><D107/><U77/><E77/><V62/><F105/><W64/><G64/><T42/><D2/><U6/><REACH who="1" step="1"/><E48/><REACH who="1" ten="345,180,278,177" step="2"/><N who="2" m="31207" /><F104/><W66/><G66/><T79/><D79/><U24/><E24/><V76/><F76/><W31/><G31/><T36/><D26/><U19/><E19/><N who="2" m="10607" /><F65/><W68/><G68/><T17/><D131/><U133/><E133/><V109/><F109/><N who="3" m="42059" /><G49/><T85/><D130/><U18/><E18/><V134/><F134/><W8/><G23/><T127/><D110/><U43/><E43/><V46/><F46/><AGARI ba="1,2" hai="8,14,16,44,46,94,96,102" m="42059,47722" machi="46" ten="30,12000,1" yaku="18,1,14,1,10,1,52,1,54,1" doraHai="4" who="3" fromWho="2" sc="345,0,180,0,278,-123,177,143" /><INIT seed="3,2,0,1,5,127" ten="345,180,155,320" oya="3" hai0="10,39,86,6,131,30,128,76,82,121,8,19,60" hai1="17,123,66,105,103,84,115,25,129,23,74,56,20" hai2="29,57,51,122,125,70,59,113,55,73,62,15,18" hai3="93,41,88,54,22,87,45,4,11,99,116,53,117"/><W13/><G22/><T119/><D119/><U126/><E74/><V133/><F113/><W79/><G116/><T80/><D39/><U47/><E115/><V83/><F125/><W65/><G65/><T111/><D121/><U40/><E126/><V91/><F133/><W92/><G117/><T130/><D111/><U12/><E123/><V89/><F122/><W31/><G31/><T0/><D30/><U98/><E129/><V132/><F70/><W112/><G112/><T109/><D109/><U24/><E84/><V58/><F132/><W96/><G96/><T95/><D60/><U110/><E110/><V16/><F29/><W64/><G64/><T3/><D95/><U68/><E68/><V2/><F2/><N who="0" m="554" /><D19/><N who="2" m="7210" /><F73/><W69/><G69/><T97/><D97/><U48/><REACH who="1" step="1"/><E23/><REACH who="1" ten="345,170,155,320" step="2"/><V81/><F15/><W94/><G79/><N who="0" m="46367" /><D6/><U38/><E38/><V7/><F7/><W100/><G94/><T50/><D50/><AGARI ba="2,1" hai="4,11,13,41,45,50,53,54,87,88,92,93,99,100" machi="50" ten="30,5800,0" yaku="7,1,8,1,54,1" doraHai="127" who="3" fromWho="0" sc="345,-64,170,0,155,0,320,74" owari="281,8.1,170,-23.0,155,-34.5,394,49.4" /></mjloggm>