<mjloggm ver="2.3"><GO type="225" lobby="0"/><UN n0="%E3%82%BC%E3%83%AB%E3%83%80%E3%81%AE%E4%BC%9D%E8%AA%AC" n1="%73%69%72%6F%75%74" n2="%E4%B8%89%E5%86%A0%E7%8E%8B%E3%83%BB%E5%B1%B1%E7%94%B0%E5%93%B2%E4%BA%BA" n3="%E3%81%B7%E3%82%8A%E3%82%93%E8%81%96%E4%BA%BA" dan="16,16,17,16" rate="2114.82,2143.11,2220.11,2073.19" sx="M,M,M,M"/><TAIKYOKU oya="0"/><INIT seed="0,0,0,4,3,119" ten="250,250,250,250" oya="0" hai0="20,74,83,44,79,100,11,109,124,98,118,39,105" hai1="2,125,126,16,77,32,24,117,1,84,33,93,102" hai2="76,66,112,31,127,63,103,53,89,78,107,101,60" hai3="123,110,111,56,37,7,57,67,120,59,68,3,85"/><T58/><D118/><U50/><E50/><V61/><F112/><W134/><G3/><T92/><BYE who="1" /><D124/><U94/><E94/><V75/><F127/><W43/><G7/><T45/><D109/><N who="3" m="41481" /><G85/><T19/><D39/><U15/><E15/><V114/><F114/><W21/><G21/><T13/><D58/><U96/><E96/><V40/><F40/><W6/><G6/><T35/><D35/><U46/><E46/><V23/><F66/><W70/><G134/><T9/><REACH who="0" step="1"/><D105/><REACH who="0" ten="240,250,250,250" step="2"/><U73/><E73/><V115/><F107/><W90/><G67/><T121/><D121/><N who="3" m="46665" /><G90/><T41/><D41/><U97/><E97/><V72/><F89/><W91/><G91/><T25/><D25/><U29/><E29/><V113/><F113/><W49/><G37/><T116/><D116/><U18/><E18/><V52/><F115/><W129/><G129/><T38/><D38/><U10/><E10/><AGARI ba="0,1" hai="9,10,11,13,19,20,44,45,74,79,83,92,98,100" machi="10" ten="40,2000,0" yaku="1,1,53,0" doraHai="119" doraHaiUra="81" who="0" fromWho="1" sc="240,30,250,-20,250,0,250,0" /><INIT seed="0,1,0,4,5,83" ten="270,230,250,250" oya="0" hai0="13,71,54,5,10,28,44,127,80,18,64,14,99" hai1="30,45,62,26,117,61,100,50,16,87,7,39,52" hai2="86,56,36,84,33,132,3,94,51,111,66,1,11" hai3="106,8,134,21,91,126,53,101,65,46,89,128,109"/><T120/><D120/><U32/><E32/><V96/><F36/><W69/><G134/><UN n1="%73%69%72%6F%75%74" /><T55/><D127/><U57/><E117/><V116/><F132/><W85/><G128/><T121/><D121/><U49/><E100/><V68/><F116/><W123/><G126/><T31/><D71/><U37/><E7/><V77/><F33/><W63/><G123/><T12/><D64/><U19/><E39/><V74/><F68/><W72/><G72/><T90/><D14/><U81/><E37/><V130/><F130/><W29/><G8/><N who="0" m="6407" /><D99/><U114/><E114/><V118/><F118/><W40/><G53/><N who="0" m="19979" /><D44/><U122/><E122/><V41/><F96/><W17/><G29/><T98/><D98/><U104/><E104/><V88/><F66/><W108/><G101/><T105/><D105/><U35/><E49/><V43/><F51/><W42/><G106/><T107/><D107/><U60/><REACH who="1" step="1"/><E45/><REACH who="1" ten="270,220,250,250" step="2"/><V48/><F48/><W9/><G46/><T47/><D47/><U95/><E95/><V22/><F94/><W92/><G42/><T112/><D112/><U102/><E102/><V59/><F43/><W79/><G40/><T124/><D124/><U82/><E82/><V113/><F41/><W133/><G133/><T103/><D103/><U135/><E135/><V67/><F113/><W58/><G69/><T15/><D5/><U119/><E119/><V34/><F34/><W6/><G6/><T129/><D129/><U78/><AGARI ba="1,1" hai="16,19,26,30,35,50,52,57,60,61,62,78,81,87" machi="78" ten="30,12000,2" yaku="1,1,0,1,52,1,54,2,53,1" doraHai="83" doraHaiUra="73" who="1" fromWho="1" sc="270,-61,220,133,250,-31,250,-31" /><INIT seed="1,0,0,2,5,93" ten="209,353,219,219" oya="1" hai0="75,56,42,113,74,85,51,96,38,123,71,129,82" hai1="84,130,31,25,87,58,49,43,128,3,67,41,62" hai2="19,77,22,40,69,36,54,10,4,116,5,108,117" hai3="76,20,102,120,89,0,18,106,17,101,37,24,44"/><U50/><E3/><V91/><F69/><W119/><G0/><T47/><D113/><U94/><E130/><V131/><F131/><W126/><G120/><T112/><D112/><U83/><E128/><V66/><F66/><W100/><G76/><T86/><D129/><U48/><E94/><V63/><F108/><W12/><G119/><T28/><D123/><U135/><E135/><V97/><F77/><W52/><G126/><T95/><D71/><U114/><E114/><V27/><F36/><W2/><G2/><T107/><D28/><U115/><E115/><V90/><F40/><W14/><G24/><T16/><D107/><U73/><E73/><V29/><F29/><W35/><G35/><T132/><D132/><U13/><E13/><N who="2" m="5319" /><F5/><W72/><G72/><T105/><D105/><U30/><E84/><V6/><F6/><W61/><G37/><T32/><D32/><U57/><E57/><N who="2" m="35255" /><F90/><W111/><G111/><T68/><D68/><U7/><E7/><V15/><F15/><W65/><G89/><N who="0" m="53679" /><D74/><U103/><E103/><V98/><F117/><W122/><G122/><T70/><D70/><U104/><E104/><V127/><F116/><W26/><G106/><T1/><D1/><U110/><E110/><V34/><F127/><W99/><G26/><T39/><D75/><U46/><E41/><V33/><F91/><W21/><G65/><T60/><D39/><U11/><E31/><N who="2" m="19711" /><F34/><W88/><G102/><T23/><D38/><U134/><E134/><V9/><F9/><W55/><G101/><T121/><D121/><U133/><E133/><V125/><F125/><RYUUKYOKU ba="0,0" sc="209,-10,353,-10,219,30,219,-10" hai2="19,22,97,98" /><INIT seed="2,1,0,5,4,104" ten="199,343,249,209" oya="2" hai0="81,110,14,129,63,5,125,48,128,59,12,17,7" hai1="34,79,96,49,93,103,40,70,57,111,132,101,33" hai2="41,4,65,27,134,13,84,30,44,71,15,52,83" hai3="109,87,97,130,119,108,61,54,10,114,69,46,82"/><V28/><F134/><W47/><G119/><T86/><D110/><N who="3" m="42601" /><G114/><T99/><D125/><U19/><E70/><V1/><F1/><W18/><G97/><T8/><D48/><U88/><E79/><V75/><F75/><W68/><G130/><N who="0" m="50283" /><D14/><U91/><E33/><V9/><F15/><N who="3" m="7543" /><G54/><N who="0" m="34295" /><D99/><U20/><E96/><V29/><F52/><W135/><G135/><T0/><D0/><U94/><E40/><V53/><F53/><W80/><G80/><T43/><D43/><U66/><E132/><V55/><F55/><W25/><G25/><T56/><D56/><U118/><E118/><V76/><F71/><N who="3" m="27211" /><G61/><T74/><D74/><U2/><E103/><V21/><REACH who="2" step="1"/><F65/><REACH who="2" ten="199,343,239,209" step="2"/><W24/><G24/><T51/><D51/><AGARI ba="1,1" hai="4,9,13,21,27,28,29,30,41,44,51,76,83,84" machi="51" ten="30,18000,2" yaku="1,1,2,1,7,1,25,2,8,1,53,0" doraHai="104" doraHaiUra="115" who="2" fromWho="0" sc="199,-183,343,0,239,193,209,0" /><INIT seed="2,2,0,3,4,91" ten="16,343,432,209" oya="2" hai0="56,90,46,36,62,6,16,31,49,94,50,3,41" hai1="29,92,134,20,37,114,2,57,115,24,23,26,119" hai2="4,73,118,70,71,96,86,133,66,117,15,18,122" hai3="113,83,25,79,108,35,34,10,80,123,125,19,30"/><V76/><F73/><W101/><G123/><T97/><D31/><U135/><E37/><V33/><F33/><W87/><G35/><T129/><D129/><U27/><E57/><V17/><F4/><W67/><G113/><N who="1" m="43018" /><E92/><V22/><F122/><W65/><G101/><T14/><D3/><U9/><E119/><V55/><F71/><W58/><G108/><T40/><D6/><N who="1" m="1239" /><E29/><V128/><F66/><W98/><G125/><T107/><D107/><U0/><E0/><V21/><F70/><W74/><G98/><T39/><D39/><U82/><E82/><V106/><F106/><W5/><G19/><T48/><D40/><U81/><E81/><V64/><F18/><W100/><G100/><T130/><D130/><U45/><E45/><V52/><F17/><W68/><G68/><T54/><REACH who="0" step="1"/><D36/><REACH who="0" ten="6,343,432,209" step="2"/><U43/><E43/><V28/><F128/><W75/><G75/><T44/><D44/><U69/><E69/><V103/><F28/><W88/><G58/><T126/><D126/><U120/><E120/><V32/><F117/><W77/><G77/><T131/><D131/><U112/><N who="1" m="43026" /><U132/><AGARI ba="2,1" hai="20,23,24,26,27,132,134,135" m="1239,43026" machi="132" ten="50,8000,1" yaku="4,1,20,1,34,2" doraHai="91" who="1" fromWho="1" sc="6,-22,343,96,432,-42,209,-22" owari="-16,-51.6,439,53.9,390,19.0,187,-21.3" /></mjloggm>