<mjloggm ver="2.3"><GO type="225" lobby="0"/><UN n0="%E3%81%B2%E3%81%AA%E3%81%AE%E3%82%8A%E3%81%8F" n1="%E3%81%B5%E3%81%98%E3%81%8B%E3%81%A4" n2="%E4%BF%BA%E3%81%A8%E5%A6%96%E5%A4%A2" n3="%6D%61%74%69%67%75%73%61" dan="17,16,17,17" rate="2197.25,2166.15,2158.54,2167.35" sx="M,M,F,M"/><TAIKYOKU oya="0"/><INIT seed="0,0,0,3,1,4" ten="250,250,250,250" oya="0" hai0="123,124,69,125,31,10,26,43,92,74,24,53,28" hai1="103,73,76,27,99,44,41,106,98,12,134,63,68" hai2="117,72,96,57,0,119,51,64,65,39,8,18,113" hai3="104,40,66,19,110,22,131,48,49,108,30,37,85"/><T130/><D123/><U47/><E134/><V13/><F113/><W118/><G104/><T114/><D114/><U97/><E47/><V32/><F39/><W75/><G75/><T6/><D74/><U116/><E116/><N who="2" m="44619" /><F72/><W87/><G118/><T100/><D130/><U93/><E27/><N who="0" m="10281" /><D69/><U122/><E122/><V7/><F32/><W78/><G30/><T35/><D35/><U89/><E73/><V115/><F115/><W91/><G66/><T20/><D20/><U94/><E76/><V105/><F51/><W38/><G78/><T111/><D43/><U128/><E128/><V60/><F65/><W58/><G22/><T1/><D111/><U82/><E68/><V102/><F18/><W52/><G19/><T55/><D31/><U70/><E70/><V81/><F81/><W25/><G40/><T109/><D28/><U95/><E41/><V133/><F133/><W45/><G131/><T36/><D36/><U80/><E63/><V54/><F64/><W88/><G45/><T86/><D109/><U121/><E44/><V129/><F129/><W17/><G17/><T127/><D86/><N who="1" m="52407" /><E121/><V135/><F135/><W23/><G25/><T9/><D9/><U62/><E62/><V83/><F83/><N who="1" m="31785" /><E12/><AGARI ba="0,0" hai="0,7,8,12,13,54,57,60,96,102,105" m="44619" machi="12" ten="30,2000,0" yaku="12,1,52,1" doraHai="4" who="2" fromWho="1" sc="250,0,250,-20,250,20,250,0" /><INIT seed="1,0,0,0,0,116" ten="250,230,270,250" oya="1" hai0="68,23,83,129,41,132,44,34,2,67,58,70,121" hai1="80,43,115,78,22,105,37,98,89,103,55,130,127" hai2="91,1,24,134,13,87,51,74,109,110,27,38,104" hai3="81,75,125,14,42,57,102,3,108,53,135,60,39"/><U72/><E115/><V82/><F1/><W90/><G3/><T52/><D34/><U29/><E127/><V71/><F38/><W33/><G33/><T96/><D2/><U35/><E130/><V46/><F71/><W101/><G108/><N who="2" m="41577" /><F104/><W47/><G135/><T0/><D0/><U66/><E66/><V4/><F74/><W133/><G133/><T77/><D132/><U32/><E22/><V31/><F31/><W76/><G125/><T88/><D67/><U30/><E55/><N who="2" m="30199" /><F134/><W5/><REACH who="3" step="1"/><G90/><REACH who="3" ten="250,230,270,240" step="2"/><T99/><D88/><U62/><E89/><V128/><F128/><W6/><G6/><T49/><D129/><U18/><E35/><V65/><F65/><W36/><G36/><T21/><D70/><U86/><E32/><V113/><F113/><W126/><G126/><T120/><D68/><U79/><E37/><V7/><F7/><W114/><G114/><T48/><D99/><U69/><E98/><V92/><F82/><W61/><G61/><T131/><D96/><N who="1" m="61671" /><E62/><V123/><F123/><N who="0" m="47178" /><D131/><U19/><E69/><V8/><AGARI ba="0,1" hai="4,8,13,24,27,87,91,92" m="30199,41577" machi="8" ten="30,1100,0" yaku="14,1" doraHai="116" who="2" fromWho="2" sc="250,-3,230,-5,270,21,240,-3" /><INIT seed="2,0,0,0,0,94" ten="247,225,291,237" oya="2" hai0="120,101,22,128,80,127,130,15,89,3,72,66,8" hai1="83,135,91,38,119,47,100,53,5,93,74,76,108" hai2="13,121,37,86,92,43,40,49,52,98,90,116,48" hai3="16,75,10,56,84,9,114,123,59,70,106,46,85"/><V30/><F116/><W79/><G70/><T97/><D120/><U6/><E119/><V21/><F121/><W109/><G123/><T39/><D39/><U81/><E108/><V65/><F37/><W132/><G75/><T7/><D127/><U77/><E135/><V23/><F65/><W12/><G109/><T29/><D66/><U82/><E100/><V96/><F30/><W62/><G106/><T2/><D29/><U112/><E112/><V104/><F104/><W26/><G132/><T33/><D22/><N who="2" m="8202" /><F13/><N who="3" m="7215" /><G26/><T125/><D33/><U57/><E38/><V35/><F35/><W129/><G129/><N who="0" m="49771" /><D125/><U111/><E111/><V103/><F103/><W41/><G59/><T131/><N who="0" m="49779" /><T64/><DORA hai="50" /><D64/><U44/><E44/><N who="2" m="25607" /><F43/><W61/><G41/><T58/><D101/><U14/><E47/><AGARI ba="0,0" hai="47,49,52,86,90,92,96,98" m="25607,8202" machi="47" ten="30,12000,1" yaku="8,1,52,3,54,1" doraHai="94,50" who="2" fromWho="1" sc="247,0,225,-120,291,120,237,0" /><INIT seed="2,1,0,4,5,13" ten="247,105,411,237" oya="2" hai0="56,52,135,128,74,81,65,110,60,7,101,70,82" hai1="8,43,100,79,94,34,54,117,40,30,36,28,12" hai2="109,85,31,83,113,26,45,25,44,96,67,49,33" hai3="5,104,22,124,57,1,63,119,24,21,111,93,19"/><V0/><F113/><W88/><G104/><T50/><D110/><U95/><E117/><V102/><F0/><W84/><G124/><T90/><D135/><U42/><E36/><V108/><F67/><W46/><G119/><T27/><D128/><U105/><E79/><V91/><F25/><N who="3" m="14527" /><G1/><T125/><D101/><U98/><E34/><V68/><F68/><W38/><G38/><T39/><D125/><U14/><E105/><V11/><F11/><W133/><G111/><N who="2" m="42569" /><F49/><W114/><G133/><T15/><D39/><U10/><E54/><V48/><F48/><W2/><G2/><T76/><D27/><U122/><E122/><V78/><F78/><W61/><G114/><T47/><D70/><U17/><REACH who="1" step="1"/><E95/><AGARI ba="1,0" hai="26,31,33,44,45,83,85,91,95,96,102" m="42569" machi="95" ten="30,2900,0" yaku="14,1,10,1" doraHai="13" who="2" fromWho="1" sc="247,0,105,-32,411,32,237,0" /><INIT seed="2,2,0,2,3,54" ten="247,73,443,237" oya="2" hai0="77,5,103,66,74,114,120,21,131,134,89,16,35" hai1="123,53,19,29,64,109,15,2,96,125,33,92,93" hai2="52,106,65,104,17,9,132,57,118,45,129,58,63" hai3="25,70,30,112,87,49,68,31,116,40,23,90,27"/><V91/><F118/><W128/><G112/><T127/><D120/><U55/><E123/><V113/><F113/><W20/><G116/><T75/><D35/><U95/><E109/><V80/><F129/><W81/><REACH who="3" step="1"/><G128/><REACH who="3" ten="247,73,443,227" step="2"/><T101/><D114/><U83/><E125/><V56/><F132/><W119/><G119/><T50/><D134/><U111/><E111/><V94/><F106/><W79/><G79/><T105/><D77/><U3/><E64/><V122/><F104/><W28/><G28/><T133/><D105/><U100/><E83/><V72/><F122/><W110/><G110/><T61/><D133/><U76/><E76/><V78/><F17/><W69/><G69/><T26/><D131/><U0/><E29/><V48/><F9/><W11/><G11/><T14/><D127/><U98/><E33/><V124/><F124/><W97/><G97/><AGARI ba="2,1" hai="45,48,52,56,57,58,63,65,72,78,80,91,94,97" machi="97" ten="30,12000,1" yaku="7,1,52,3,54,1" doraHai="54" who="2" fromWho="3" sc="247,0,73,0,443,136,227,-126" /><INIT seed="2,3,0,5,4,80" ten="247,73,579,101" oya="2" hai0="86,75,5,68,106,132,94,118,46,35,105,34,97" hai1="120,6,28,38,48,19,116,96,12,20,99,93,91" hai2="119,15,125,130,64,89,56,27,123,90,41,55,26" hai3="62,37,51,8,60,29,59,63,21,40,113,23,54"/><V115/><F119/><W0/><G113/><T69/><D75/><U108/><E108/><V101/><F115/><W83/><G37/><T67/><D5/><U82/><E120/><V71/><F123/><W111/><G111/><T126/><D126/><U121/><E121/><V107/><F125/><W100/><G0/><T114/><D114/><U70/><E70/><V72/><F72/><W14/><G100/><T65/><D46/><U30/><E38/><V109/><F71/><W135/><G135/><T25/><D25/><U124/><E124/><V18/><F64/><W85/><G40/><T133/><D94/><U9/><E116/><V16/><F41/><W78/><REACH who="3" step="1"/><G29/><REACH who="3" ten="247,73,579,91" step="2"/><T1/><D1/><U61/><E30/><V128/><F101/><W36/><G36/><T117/><D132/><U112/><E28/><V110/><F110/><W11/><G11/><T98/><D133/><U44/><E112/><V88/><F109/><W134/><G134/><T49/><D118/><U104/><E104/><V31/><F107/><W81/><G81/><T127/><D127/><U45/><E82/><V50/><F31/><W92/><G92/><T79/><D106/><U10/><E10/><V32/><F32/><W131/><G131/><N who="2" m="50217" /><F18/><AGARI ba="3,1" hai="8,14,18,21,23,51,54,59,60,62,63,78,83,85" machi="18" ten="40,8000,1" yaku="1,1,8,1,52,1,53,1" doraHai="80" doraHaiUra="53" who="3" fromWho="2" sc="247,0,73,0,579,-89,91,99" /><INIT seed="3,0,0,2,5,129" ten="247,73,490,190" oya="3" hai0="92,84,62,59,69,98,54,101,106,41,64,71,27" hai1="124,108,8,68,18,20,95,3,6,110,128,7,130" hai2="73,10,36,26,102,4,28,99,125,112,55,90,91" hai3="57,17,32,107,37,103,51,74,70,100,11,58,131"/><W75/><G37/><T60/><D41/><U15/><E68/><V135/><F112/><W117/><G70/><T56/><D27/><U76/><E76/><V34/><F73/><W87/><G117/><T113/><D113/><U120/><E95/><V119/><F119/><W134/><G32/><T89/><AGARI ba="0,0" hai="54,56,59,60,62,64,69,71,84,89,92,98,101,106" machi="89" ten="30,1100,0" yaku="0,1" doraHai="129" who="0" fromWho="0" sc="247,11,73,-3,490,-3,190,-5" owari="258,5.8,70,-43.0,487,58.7,185,-21.5" /></mjloggm>