<mjloggm ver="2.3"><GO type="225" lobby="0"/><UN n0="%E6%A1%9C%E8%8A%B1%E9%96%83%E3%80%85" n1="%2D%E8%B1%8A%E5%8F%A3%E3%82%81%E3%81%90%E3%81%BF%2D" n2="%E3%81%B2%E3%81%AA%E3%81%AE%E3%82%8A%E3%81%8F" n3="%E3%81%BF%E3%81%BF%E3%81%9A" dan="16,17,17,18" rate="2141.83,2172.03,2205.76,2252.67" sx="M,F,M,M"/><TAIKYOKU oya="0"/><INIT seed="0,0,0,5,0,73" ten="250,250,250,250" oya="0" hai0="102,29,69,94,13,120,100,89,118,101,56,53,72" hai1="90,84,97,61,129,75,119,49,91,15,63,8,116" hai2="7,135,80,21,23,124,123,25,128,82,131,122,68" hai3="55,88,34,92,45,127,130,59,28,67,98,111,42"/><T38/><D118/><U113/><E75/><V22/><F68/><W85/><G111/><T5/><D120/><N who="2" m="46122" /><F80/><W106/><G127/><T99/><D69/><U60/><E129/><N who="2" m="49739" /><F82/><W71/><G130/><T57/><D38/><U115/><E97/><V109/><F109/><W96/><G67/><T18/><D29/><U58/><E58/><V3/><F124/><W70/><G28/><T50/><D5/><U11/><E49/><V112/><F135/><W87/><G34/><T12/><D72/><U83/><E91/><V35/><F112/><N who="1" m="43081" /><E8/><N who="2" m="2175" /><F35/><W4/><G70/><T17/><D56/><U48/><E48/><V46/><F46/><W110/><G71/><T41/><D41/><U44/><E44/><V26/><AGARI ba="0,0" hai="21,22,23,25,26" m="2175,49739,46122" machi="26" ten="40,5200,0" yaku="19,1,34,2" doraHai="73" who="2" fromWho="2" sc="250,-26,250,-13,250,52,250,-13" /><INIT seed="1,0,0,5,2,45" ten="224,237,302,237" oya="1" hai0="123,121,107,33,37,25,12,88,46,98,132,120,10" hai1="129,82,83,80,101,76,119,29,23,19,134,35,62" hai2="5,112,125,79,53,22,55,60,43,7,110,116,15" hai3="64,59,118,113,75,6,72,91,21,99,28,39,84"/><U44/><E119/><V54/><F116/><W87/><G118/><T2/><D132/><U86/><E134/><V26/><F110/><W96/><G113/><T42/><D2/><U85/><E129/><V49/><F112/><W34/><G34/><T68/><D68/><U11/><E35/><V61/><F125/><W27/><G39/><T114/><D114/><U102/><E29/><V16/><F79/><W66/><G72/><T78/><D78/><U56/><E11/><N who="2" m="4591" /><F7/><W111/><G75/><T122/><N who="0" m="30720" /><DORA hai="50" /><T41/><D41/><U73/><E73/><V14/><F14/><W51/><G111/><T57/><D57/><U74/><E74/><V90/><F90/><W77/><G6/><T124/><D124/><U9/><E9/><V93/><F93/><W105/><G77/><T63/><D63/><N who="2" m="24138" /><F43/><W40/><G105/><T115/><D115/><U48/><E101/><V92/><F92/><W3/><G3/><T109/><D109/><U31/><E102/><V32/><F32/><W24/><G40/><T106/><D88/><U20/><E76/><V94/><F94/><N who="3" m="56415" /><G99/><T36/><D98/><U30/><E85/><N who="3" m="32842" /><G27/><T65/><D37/><U67/><E86/><V81/><F81/><W103/><G103/><T117/><D117/><U8/><E8/><V104/><F104/><N who="0" m="39978" /><D25/><N who="1" m="14495" /><E23/><V100/><F100/><W71/><G71/><T135/><D33/><U18/><E83/><V0/><F0/><W126/><G126/><T17/><D135/><U47/><E82/><V108/><F108/><W38/><G38/><T89/><D89/><U128/><E80/><V95/><F95/><RYUUKYOKU ba="0,0" sc="224,10,237,-30,302,10,237,10" hai0="10,12,17,36,42,46,65" hai2="16,22,26,49,53,54,55" hai3="21,24,28,51,59,64,66" /><INIT seed="2,1,0,2,3,64" ten="234,207,312,247" oya="2" hai0="26,60,94,110,73,119,127,48,91,98,2,123,109" hai1="92,74,128,77,126,0,116,54,3,33,132,125,86" hai2="11,20,31,84,104,21,24,124,83,70,103,87,113" hai3="95,93,106,49,50,51,97,133,122,65,16,7,44"/><V107/><F113/><W117/><G117/><T39/><D123/><U27/><E116/><V46/><F124/><N who="1" m="47721" /><E74/><V105/><F103/><W69/><G122/><T22/><D39/><U71/><E128/><V56/><F70/><W42/><G7/><T67/><D127/><U10/><E132/><V18/><F11/><W38/><G133/><T120/><D120/><U57/><E10/><V40/><F56/><W131/><G131/><T135/><D135/><U43/><E43/><V88/><F87/><W30/><G30/><T59/><D119/><U66/><E33/><V80/><F80/><W19/><G106/><T108/><D73/><U96/><E27/><V114/><F114/><W115/><G115/><T25/><D2/><U75/><E75/><V102/><F102/><W82/><G82/><T58/><D22/><U130/><E130/><V4/><F4/><W9/><G9/><T78/><D78/><U29/><E29/><V100/><F100/><W85/><G93/><T6/><D6/><U35/><E35/><V5/><F5/><W15/><G15/><T1/><D1/><U68/><E66/><V14/><REACH who="2" step="1"/><F107/><REACH who="2" ten="234,207,302,247" step="2"/><W45/><G65/><T81/><D81/><N who="1" m="47407" /><E0/><V34/><F34/><W129/><G129/><T134/><D134/><U55/><E3/><V101/><F101/><W99/><G69/><N who="1" m="26698" /><E57/><V76/><F76/><W32/><G32/><T23/><D23/><U61/><E61/><V41/><F41/><W13/><G42/><T79/><D79/><U8/><E8/><V37/><AGARI ba="1,1" hai="14,18,20,21,24,31,37,40,46,83,84,88,104,105" machi="37" ten="20,7800,0" yaku="1,1,0,1,7,1,54,1,53,0" doraHai="64" doraHaiUra="111" who="2" fromWho="2" sc="234,-27,207,-27,302,91,247,-27" /><INIT seed="2,2,0,5,5,61" ten="207,180,393,220" oya="2" hai0="124,25,20,89,132,77,120,80,33,72,71,32,96" hai1="78,2,100,75,67,39,84,51,73,31,121,81,58" hai2="54,101,79,106,38,68,112,88,129,95,111,5,57" hai3="12,1,47,109,55,37,65,115,118,107,23,14,50"/><V62/><F112/><W91/><G118/><T63/><D120/><U97/><E39/><V87/><F38/><W130/><G1/><T8/><D124/><U117/><E117/><V133/><F79/><W70/><G115/><T45/><D132/><U15/><E2/><V49/><F133/><W43/><G109/><T21/><D8/><U11/><E31/><V116/><F116/><W40/><G107/><T24/><D45/><U41/><E121/><V131/><F5/><W99/><G130/><T123/><D123/><U60/><E51/><V94/><F106/><W46/><G23/><T110/><D89/><U125/><E41/><V93/><F101/><W26/><G26/><T6/><D96/><U30/><E30/><V134/><F111/><W66/><G70/><T53/><D6/><U4/><REACH who="1" step="1"/><E125/><REACH who="1" ten="207,170,393,220" step="2"/><V98/><F49/><N who="3" m="29111" /><G40/><T17/><D110/><U59/><E59/><V13/><F57/><W34/><G37/><T3/><D3/><U9/><E9/><V7/><F131/><W113/><G113/><T114/><D114/><U127/><E127/><V128/><F128/><W135/><G135/><T102/><D71/><U36/><E36/><V22/><F68/><W104/><G34/><N who="0" m="13419" /><D21/><U108/><E108/><V0/><F22/><W35/><G35/><T86/><D25/><U103/><E103/><V105/><F0/><W19/><G12/><T27/><D102/><U92/><AGARI ba="2,1" hai="4,11,15,58,60,67,73,75,78,81,84,92,97,100" machi="92" ten="20,5200,0" yaku="1,1,0,1,7,1,52,1,53,0" doraHai="61" doraHaiUra="69" who="1" fromWho="1" sc="207,-15,170,68,393,-28,220,-15" /><INIT seed="3,0,0,3,4,56" ten="192,238,365,205" oya="3" hai0="98,75,47,43,88,20,116,81,51,97,0,67,2" hai1="85,76,60,66,127,37,121,125,23,129,62,41,83" hai2="68,135,119,63,130,128,102,27,107,58,65,86,40" hai3="134,101,11,52,13,14,73,1,26,70,44,32,114"/><W133/><G114/><T89/><D116/><U19/><E121/><V59/><F107/><W53/><G73/><T77/><D67/><U55/><E129/><V94/><F40/><W64/><G101/><T30/><D0/><U61/><E55/><N who="3" m="21066" /><G44/><T28/><D2/><U38/><E66/><V104/><F102/><W5/><G26/><T33/><D33/><U106/><E106/><V105/><F27/><W8/><G32/><T79/><D20/><U12/><E41/><V25/><F25/><W100/><G100/><T39/><D39/><U95/><E95/><V117/><F68/><W112/><G112/><T18/><D18/><U124/><AGARI ba="0,0" hai="12,19,23,37,38,60,61,62,76,83,85,124,125,127" machi="124" ten="40,8000,1" yaku="0,1,18,1,52,3" doraHai="56" who="1" fromWho="1" sc="192,-20,238,80,365,-20,205,-40" owari="172,-22.8,318,11.8,345,44.5,165,-33.5" /></mjloggm>