<mjloggm ver="2.3"><GO type="225" lobby="0"/><UN n0="%E3%83%89%E3%83%A9%E3%81%8F%E3%82%8C" n1="%E3%80%93%E3%81%97%E3%83%BC%E3%82%89%E3%80%93" n2="%6D%79%6D%65%6C%6F%58%58" n3="%72%61%6B%33" dan="16,16,16,16" rate="2222.55,2087.58,2137.12,2095.37" sx="M,M,F,M"/><TAIKYOKU oya="0"/><INIT seed="0,0,0,0,1,15" ten="250,250,250,250" oya="0" hai0="36,7,72,5,77,6,35,46,133,53,79,60,39" hai1="112,102,47,32,21,4,109,59,28,126,85,61,100" hai2="37,84,101,29,67,91,130,81,118,63,95,117,74" hai3="62,38,75,55,123,14,13,31,27,45,73,132,54"/><T86/><D35/><U105/><E32/><V129/><F37/><W89/><G132/><T110/><D133/><U57/><E109/><V119/><F29/><W114/><G114/><T17/><D72/><U103/><E112/><V42/><F42/><W96/><G123/><T12/><D110/><U92/><E126/><V106/><F63/><W111/><G111/><T48/><D60/><U104/><E4/><V90/><F67/><W70/><G89/><T113/><D113/><U51/><E105/><V87/><F74/><W30/><G96/><AGARI ba="0,0" hai="81,84,87,90,91,95,96,101,106,117,118,119,129,130" machi="96" ten="50,8000,1" yaku="12,1,34,3" doraHai="15" who="2" fromWho="3" sc="250,0,250,0,250,80,250,-80" /><INIT seed="1,0,0,0,0,110" ten="250,250,330,170" oya="1" hai0="70,94,19,74,6,63,59,40,22,92,121,102,42" hai1="127,17,54,100,107,104,34,118,87,26,25,1,57" hai2="135,30,131,21,55,83,76,88,115,101,108,133,35" hai3="98,23,15,99,82,134,28,106,64,13,44,49,10"/><U117/><E1/><V84/><F108/><W53/><G134/><N who="2" m="51209" /><F131/><W69/><G106/><T93/><D74/><U32/><E87/><V41/><F41/><W73/><G69/><T47/><D70/><U4/><E4/><V89/><F35/><W125/><G64/><T9/><D121/><U77/><E77/><V96/><F55/><W65/><G65/><T0/><D47/><U111/><E111/><V113/><F30/><W72/><G125/><T97/><D42/><U62/><E127/><V114/><F21/><W46/><G46/><T36/><D40/><U122/><E122/><V91/><F76/><W39/><G39/><T119/><D119/><U33/><E17/><V20/><F20/><W66/><G66/><T38/><D38/><U50/><E62/><V128/><F128/><W124/><G124/><T29/><D36/><U45/><E45/><V5/><F5/><W78/><G73/><T2/><D2/><U3/><E3/><V129/><F129/><W37/><G37/><T130/><D29/><U126/><E126/><V120/><F120/><W81/><G28/><T68/><D68/><U80/><E80/><N who="3" m="30826" /><G78/><T67/><REACH who="0" step="1"/><D130/><REACH who="0" ten="240,250,330,170" step="2"/><U90/><E118/><V12/><F12/><AGARI ba="0,1" hai="0,6,9,12,19,22,59,63,67,92,93,94,97,102" machi="12" ten="30,7700,0" yaku="1,1,2,1,7,1,53,1" doraHai="110" doraHaiUra="8" who="0" fromWho="2" sc="240,87,250,0,330,-77,170,0" /><INIT seed="2,0,0,3,4,115" ten="327,250,253,170" oya="2" hai0="102,56,100,32,14,121,125,106,67,49,88,50,109" hai1="92,27,70,3,72,12,44,71,23,20,21,22,17" hai2="83,117,114,38,86,118,123,116,81,6,110,55,30" hai3="124,77,53,97,122,105,64,84,42,130,43,13,93"/><V101/><F114/><W119/><G122/><T87/><D121/><U15/><E72/><V80/><F123/><W112/><G112/><T111/><D32/><U52/><E3/><V18/><F38/><W0/><G0/><T57/><D125/><U26/><E70/><V54/><F6/><W127/><G130/><T126/><D126/><N who="3" m="48169" /><G64/><T94/><D14/><U16/><E71/><V19/><F30/><W34/><G34/><T8/><D8/><N who="1" m="6151" /><E92/><V96/><F86/><W134/><G53/><N who="0" m="31791" /><D106/><U51/><AGARI ba="0,0" hai="15,17,20,21,22,23,26,27,44,51,52" m="6151" machi="51" ten="30,4000,0" yaku="8,1,54,2" doraHai="115" who="1" fromWho="1" sc="327,-10,250,40,253,-20,170,-10" /><INIT seed="3,0,0,0,3,43" ten="317,290,233,160" oya="3" hai0="26,13,127,58,60,91,130,72,87,108,46,93,117" hai1="115,44,67,98,18,61,111,12,103,49,59,17,124" hai2="89,116,123,102,38,54,47,8,16,92,79,63,14" hai3="35,86,85,32,109,5,22,28,50,51,36,39,48"/><W114/><G114/><T118/><D72/><U97/><E115/><V119/><F102/><W110/><G22/><T4/><D130/><U19/><E124/><V75/><F123/><W132/><G5/><T3/><D3/><U68/><E111/><N who="3" m="42506" /><G28/><T125/><D108/><U94/><E98/><V42/><F79/><W40/><G132/><T15/><D46/><U56/><REACH who="1" step="1"/><E12/><REACH who="1" ten="317,280,233,160" step="2"/><V37/><F119/><W77/><G77/><T90/><D118/><U129/><E129/><V133/><F116/><W21/><G21/><T64/><D117/><U20/><E20/><V57/><F133/><W9/><G9/><T7/><D15/><U74/><E74/><V6/><F75/><W31/><G31/><T1/><D13/><U65/><E65/><V2/><F2/><W80/><G80/><N who="0" m="49511" /><D1/><U27/><E27/><V81/><F81/><W112/><G112/><T0/><D26/><U34/><E34/><N who="3" m="12842" /><G40/><AGARI ba="0,1" hai="17,18,19,40,44,49,56,59,61,67,68,94,97,103" machi="40" ten="40,8000,1" yaku="1,1,52,1,53,2" doraHai="43" doraHaiUra="55" who="1" fromWho="3" sc="317,0,280,90,233,0,160,-80" owari="317,11.7,370,47.0,233,-16.7,80,-42.0" /></mjloggm>