<mjloggm ver="2.3"><GO type="225" lobby="0"/><UN n0="%E3%81%99%E3%81%84%E3%81%BE%E3%81%9B%E3%83%BC%E3%82%93" n1="%EF%BC%94%36" n2="%E3%81%95%E3%81%8D%E3%81%9F%E3%81%BE%E6%9E%97%E6%AA%8E" n3="%E3%83%81%E3%83%AF%E3%83%AF%E9%9A%8A%E9%95%B7" dan="18,16,16,17" rate="2291.30,2044.88,2054.13,2231.63" sx="M,M,M,M"/><TAIKYOKU oya="0"/><INIT seed="0,0,0,4,1,85" ten="250,250,250,250" oya="0" hai0="130,93,75,7,13,41,104,114,2,0,59,123,66" hai1="18,84,64,111,120,125,117,99,3,9,23,4,124" hai2="27,73,31,116,76,37,79,44,55,49,81,28,39" hai3="36,32,82,94,71,103,69,92,47,132,109,113,19"/><T63/><D114/><U119/><E64/><V121/><F121/><W107/><G113/><T95/><D104/><U29/><E99/><V112/><F112/><W14/><G32/><T98/><D123/><U87/><E120/><V96/><F116/><W61/><G107/><T5/><D75/><U51/><E51/><V83/><F96/><W134/><G109/><T70/><D130/><U80/><E87/><V65/><F65/><N who="3" m="41135" /><G71/><T97/><D41/><U89/><E29/><V74/><REACH who="2" step="1"/><F31/><REACH who="2" ten="250,250,240,250" step="2"/><W54/><G132/><T56/><D66/><U50/><E111/><V35/><AGARI ba="0,1" hai="27,28,35,37,39,44,49,55,73,74,76,79,81,83" machi="35" ten="20,8000,1" yaku="1,1,2,1,0,1,7,1,9,1,53,0" doraHai="85" doraHaiUra="1" who="2" fromWho="2" sc="250,-40,250,-20,240,90,250,-20" /><INIT seed="1,0,0,4,1,59" ten="210,230,330,230" oya="1" hai0="22,56,105,47,13,19,102,16,84,90,104,14,1" hai1="81,25,115,26,113,36,100,134,77,103,62,23,92" hai2="3,89,38,5,73,40,75,50,54,117,74,30,112" hai3="45,46,18,28,37,64,98,121,78,32,42,61,99"/><U124/><E36/><V85/><F117/><W106/><G121/><T66/><D1/><U7/><E7/><V60/><F112/><W122/><G122/><T68/><D68/><U72/><E26/><V15/><F3/><W108/><G108/><T118/><D118/><U27/><E25/><V29/><F38/><W129/><G129/><T24/><D47/><U44/><E44/><V120/><F40/><W93/><G78/><T135/><D135/><U114/><E134/><V67/><F120/><W48/><G106/><T111/><D111/><U86/><E124/><V71/><F15/><W126/><G126/><T12/><D102/><U57/><E72/><V9/><F9/><W21/><G32/><T20/><D105/><U101/><E92/><V88/><F5/><W2/><G28/><T79/><D79/><U130/><E130/><V131/><F131/><W125/><G2/><T91/><D104/><U4/><E4/><V82/><REACH who="2" step="1"/><F89/><REACH who="2" ten="210,230,320,230" step="2"/><W41/><G125/><T35/><D91/><U39/><E39/><V49/><F49/><W76/><G76/><T119/><D119/><U128/><E128/><V87/><F87/><W34/><G37/><T80/><D35/><U96/><E96/><V69/><F69/><W132/><G99/><T6/><D6/><U43/><E43/><V110/><F110/><W53/><G42/><T55/><D66/><N who="1" m="39247" /><E114/><V33/><F33/><W133/><G34/><T116/><D116/><U70/><E70/><V127/><F127/><W83/><G41/><T107/><D107/><U52/><E52/><V63/><F63/><AGARI ba="0,1" hai="12,13,14,16,19,20,22,24,55,56,63,80,84,90" machi="63" ten="30,7700,0" yaku="7,1,8,1,52,1,54,1" doraHai="59" who="0" fromWho="2" sc="210,87,230,0,320,-77,230,0" /><INIT seed="2,0,0,0,1,23" ten="297,230,243,230" oya="2" hai0="69,62,10,22,88,5,115,105,59,114,41,101,135" hai1="14,16,27,127,96,117,74,33,24,84,61,130,94" hai2="112,107,73,81,89,2,70,121,64,43,87,29,102" hai3="19,26,34,4,116,50,40,54,109,67,12,120,65"/><V76/><F121/><W11/><G120/><T134/><D69/><U118/><E74/><V63/><F112/><W75/><G116/><T55/><D41/><U83/><E33/><V131/><F2/><W32/><G75/><T9/><D101/><N who="1" m="60567" /><E118/><V124/><F124/><W95/><G40/><T92/><D105/><U58/><E127/><V48/><F131/><W77/><G77/><T56/><D56/><U52/><E130/><V6/><F6/><W90/><G109/><T104/><D104/><U35/><E35/><V68/><F68/><W0/><G34/><T91/><D91/><N who="1" m="51615" /><E117/><V85/><F85/><W21/><G32/><T46/><D115/><U119/><E119/><V38/><F38/><W111/><G0/><T100/><D100/><U106/><E106/><V71/><F71/><W17/><G111/><T37/><D37/><U108/><E108/><V97/><F29/><W51/><G4/><T1/><D5/><U25/><E25/><V47/><REACH who="2" step="1"/><F73/><REACH who="2" ten="297,230,233,230" step="2"/><W79/><G17/><T13/><D1/><U45/><E45/><V53/><F53/><W126/><G54/><T72/><D55/><U60/><E60/><V57/><F57/><W110/><G126/><T113/><D62/><U98/><E98/><V133/><F133/><W39/><G110/><T44/><D114/><U78/><E78/><AGARI ba="0,1" hai="43,47,48,63,64,70,76,78,81,87,89,97,102,107" machi="78" ten="40,2000,0" yaku="1,1,53,0" doraHai="23" doraHaiUra="123" who="2" fromWho="1" sc="297,0,230,-20,233,30,230,0" /><INIT seed="2,1,0,3,2,120" ten="297,210,263,230" oya="2" hai0="45,63,42,82,7,76,95,79,43,98,26,49,46" hai1="91,30,77,75,112,109,0,67,3,124,5,129,33" hai2="93,57,84,31,134,125,54,58,59,101,70,41,55" hai3="103,22,88,118,53,8,108,89,130,34,18,132,123"/><V36/><F31/><W96/><G123/><T17/><D7/><U48/><E112/><V121/><F101/><W68/><G118/><T131/><D131/><U51/><E67/><V62/><F93/><W87/><G34/><T15/><D26/><N who="1" m="18647" /><E5/><V99/><F99/><W2/><G68/><T4/><D63/><U28/><E28/><V117/><F84/><W16/><G130/><T83/><D4/><U27/><E27/><V110/><F121/><W69/><G69/><T23/><D82/><N who="1" m="45375" /><E129/><V127/><F117/><W52/><G2/><N who="1" m="554" /><E91/><V126/><F134/><W78/><G132/><T25/><D25/><U81/><E81/><V119/><F119/><W122/><G122/><T60/><D83/><U14/><E14/><V107/><F107/><W38/><G78/><T6/><D6/><U116/><E116/><V10/><F10/><W9/><G89/><T47/><D60/><U90/><E90/><V72/><F72/><W21/><G8/><T111/><D79/><U19/><E19/><N who="3" m="7210" /><G9/><T44/><D76/><U94/><E94/><V32/><F32/><W65/><G65/><T39/><D95/><U29/><E29/><V100/><F100/><W115/><G115/><T20/><D20/><U106/><E106/><V64/><F70/><W92/><G21/><T1/><D1/><U71/><E71/><V85/><F85/><W128/><G22/><T11/><D23/><U114/><E114/><V74/><F74/><W56/><G87/><T97/><D11/><U102/><E102/><V104/><F104/><W12/><G103/><T40/><D15/><U73/><E73/><RYUUKYOKU ba="1,0" sc="297,0,210,0,263,0,230,0" /><INIT seed="3,2,0,2,1,84" ten="297,210,263,230" oya="3" hai0="101,105,99,23,43,26,18,88,76,97,5,49,35" hai1="79,54,135,39,131,0,67,122,46,19,13,60,55" hai2="2,47,103,93,117,17,72,21,37,91,107,33,71" hai3="62,20,1,82,74,25,85,124,109,114,31,40,53"/><W8/><G114/><T24/><D76/><U110/><E0/><V64/><F117/><W50/><G74/><T80/><D5/><U116/><E122/><V15/><F2/><W11/><G124/><T95/><D80/><U121/><E121/><V120/><F120/><W119/><G119/><T28/><D49/><U6/><E6/><V130/><F72/><W118/><G118/><T12/><D43/><U89/><E79/><V133/><F133/><W30/><G109/><T63/><D63/><U4/><E4/><V58/><F71/><W106/><G106/><T7/><D7/><U128/><E135/><V126/><F126/><W86/><G1/><T29/><D12/><U113/><E113/><V68/><F68/><W44/><G30/><T32/><D18/><U111/><E116/><V104/><F33/><AGARI ba="2,0" hai="23,24,26,28,29,32,33,35,88,95,97,99,101,105" machi="33" ten="30,3900,0" yaku="7,1,52,1,54,1" doraHai="84" who="0" fromWho="2" sc="297,45,210,0,263,-45,230,0" owari="342,44.2,210,-29.0,218,-18.2,230,3.0" /></mjloggm>