<mjloggm ver="2.3"><GO type="225" lobby="0"/><UN n0="%E3%81%95%E3%81%8D%E3%81%9F%E3%81%BE%E6%9E%97%E6%AA%8E" n1="%72%69%6F%75%63%68%61%6E" n2="%E9%80%86%E9%80%A3%E5%B8%AF%E3%81%AE%E9%AC%BC" n3="%E3%81%BF%E3%81%BF%E3%81%9A" dan="16,16,16,17" rate="2147.39,2173.56,2132.01,2215.59" sx="M,M,M,M"/><TAIKYOKU oya="0"/><INIT seed="0,0,0,4,1,104" ten="250,250,250,250" oya="0" hai0="59,20,42,5,52,53,74,9,130,102,26,10,57" hai1="107,11,70,86,64,66,97,21,77,39,124,111,121" hai2="15,84,19,126,63,25,18,29,125,8,89,85,134" hai3="2,112,35,13,54,83,98,32,135,36,51,43,4"/><T132/><D132/><U69/><E121/><V37/><F134/><W120/><G112/><T133/><D133/><U82/><E111/><V38/><F63/><W6/><G135/><T76/><D130/><U31/><E124/><N who="2" m="47723" /><F19/><W117/><G117/><T123/><D123/><U108/><E108/><V93/><F85/><W47/><G120/><T16/><D102/><U46/><E11/><V129/><F129/><W127/><G127/><T48/><D42/><U90/><E70/><V92/><F92/><W28/><G2/><T55/><D74/><U12/><E69/><V62/><F62/><W109/><G109/><T87/><D5/><U27/><E12/><V71/><F71/><W88/><G28/><T14/><D10/><U113/><E113/><V3/><F3/><W50/><G13/><T1/><D1/><U73/><E46/><V67/><F67/><W30/><G30/><N who="0" m="17735" /><D48/><U41/><E41/><V44/><F44/><W100/><G50/><T128/><D128/><U34/><E39/><V58/><F58/><N who="3" m="33119" /><G4/><T115/><D115/><U72/><E72/><V81/><F93/><N who="3" m="58447" /><G6/><T65/><D65/><U60/><E60/><V94/><F94/><W99/><G83/><AGARI ba="0,0" hai="9,14,16,52,53,55,57,59,76,83,87" m="17735" machi="83" ten="30,5800,0" yaku="8,1,54,2" doraHai="104" who="0" fromWho="3" sc="250,58,250,0,250,0,250,-58" /><INIT seed="0,1,0,2,3,123" ten="308,250,250,192" oya="0" hai0="130,22,132,126,82,58,105,66,97,24,51,26,92" hai1="118,5,85,80,25,35,113,28,90,14,87,48,46" hai2="20,88,70,103,37,12,111,64,112,124,128,95,63" hai3="9,13,76,43,6,23,117,1,32,107,59,54,106"/><T129/><D105/><U121/><E118/><V39/><F112/><W75/><G117/><T94/><D126/><U81/><E121/><V41/><F124/><W42/><G32/><T29/><D132/><U7/><E113/><V127/><F127/><W122/><G122/><T73/><D26/><U67/><E67/><V49/><F128/><W84/><G75/><T61/><D51/><U47/><E14/><V55/><F103/><W65/><G65/><T45/><D45/><U62/><E62/><V27/><F12/><W131/><G131/><N who="0" m="50187" /><D97/><U71/><E71/><V86/><F41/><W2/><G107/><T68/><D68/><U109/><E109/><V133/><F111/><W57/><G106/><T8/><D8/><U79/><REACH who="1" step="1"/><E46/><REACH who="1" ten="308,240,250,192" step="2"/><V0/><F133/><W119/><G119/><T36/><D66/><U78/><E78/><V40/><F0/><W44/><G1/><T11/><D61/><U69/><E69/><V110/><F110/><W19/><G44/><T17/><D58/><U120/><E120/><V3/><F3/><W101/><G59/><T16/><D24/><U89/><E89/><V99/><F64/><W74/><G101/><T91/><D91/><U115/><E115/><V135/><F70/><W53/><G74/><T4/><D4/><U83/><E83/><V114/><F135/><W134/><G134/><T125/><D82/><U15/><E15/><V56/><F114/><W77/><G57/><T18/><D73/><U98/><E98/><V52/><F99/><W38/><G84/><T72/><D72/><U34/><E34/><V30/><F86/><RYUUKYOKU ba="1,1" sc="308,-10,240,30,250,-10,192,-10" hai1="5,7,25,28,35,47,48,79,80,81,85,87,90" /><INIT seed="1,2,1,1,2,125" ten="298,270,240,182" oya="1" hai0="82,28,57,131,32,1,29,59,124,65,31,39,12" hai1="4,26,67,85,127,132,11,2,22,118,61,50,6" hai2="79,41,80,105,62,98,121,55,86,103,15,52,74" hai3="25,47,107,56,109,114,96,120,70,40,116,9,78"/><U38/><E127/><V122/><F41/><W95/><G70/><T68/><D124/><U75/><E132/><V102/><F102/><W10/><G114/><T126/><D126/><U13/><E118/><V92/><F15/><W88/><G120/><T133/><D133/><U106/><E75/><V17/><F17/><W97/><G116/><T48/><D39/><U51/><E38/><V36/><F36/><W7/><G109/><T77/><D1/><U58/><E106/><V115/><F115/><W94/><G107/><T129/><D32/><U0/><E85/><V76/><F76/><W134/><G134/><T91/><D91/><U45/><E6/><V135/><F135/><W72/><G56/><T100/><D100/><U110/><E110/><V37/><F37/><W108/><G108/><T117/><D117/><U18/><REACH who="1" step="1"/><E51/><REACH who="1" ten="298,260,240,182" step="2"/><V128/><F122/><W33/><G72/><N who="0" m="43303" /><D48/><U113/><E113/><V69/><F121/><W19/><G78/><T84/><D84/><U130/><E130/><N who="0" m="49673" /><D12/><U23/><E23/><V104/><F128/><W111/><G111/><T27/><D27/><U101/><E101/><V87/><F87/><W99/><G33/><T34/><D34/><U20/><E20/><V112/><F112/><W42/><G25/><T73/><D73/><U81/><E81/><V60/><F74/><W90/><G97/><T71/><D71/><U46/><E46/><V8/><F69/><W53/><G47/><T119/><D119/><U66/><E66/><V35/><F35/><W3/><G53/><AGARI ba="2,2" hai="0,2,4,11,13,18,22,26,45,50,53,58,61,67" machi="53" ten="30,2900,0" yaku="1,1,7,1,53,0" doraHai="125" doraHaiUra="83" who="1" fromWho="3" sc="298,0,260,55,240,0,182,-35" /><INIT seed="1,3,0,4,4,34" ten="298,315,240,147" oya="1" hai0="5,133,22,88,93,4,16,87,49,98,64,100,29" hai1="123,121,114,55,10,39,17,81,35,63,84,20,12" hai2="11,33,99,61,73,129,66,97,25,70,134,102,53" hai3="77,105,48,89,74,72,3,21,76,7,36,101,92"/><U130/><E130/><V106/><F129/><W62/><G36/><T78/><D133/><U27/><E114/><V124/><F134/><W69/><G21/><T95/><D29/><U90/><E39/><V80/><F124/><W42/><G105/><T59/><D78/><U115/><E115/><V104/><F53/><W94/><G101/><T8/><D8/><U37/><E37/><V111/><F111/><W56/><G69/><T96/><D96/><U128/><E128/><V28/><F11/><W15/><G15/><N who="0" m="9503" /><D49/><U2/><E35/><V44/><F44/><W1/><G7/><T46/><D46/><U85/><E2/><V65/><F65/><W91/><G48/><T54/><D54/><U132/><E132/><V32/><F32/><W60/><REACH who="3" step="1"/><G56/><REACH who="3" ten="298,315,240,137" step="2"/><T135/><D135/><U116/><E123/><V14/><F106/><W26/><G26/><T117/><D117/><U110/><E121/><V71/><F14/><W52/><G52/><T6/><D59/><N who="1" m="35327" /><E116/><V57/><F71/><W40/><AGARI ba="3,1" hai="1,3,40,42,60,62,72,74,76,77,89,91,92,94" machi="40" ten="25,12000,2" yaku="1,1,0,1,22,2,52,2,53,0" doraHai="34" doraHaiUra="41" who="3" fromWho="3" sc="298,-33,315,-63,240,-33,137,139" /><INIT seed="2,0,0,4,2,111" ten="265,252,207,276" oya="2" hai0="56,41,35,22,113,121,32,18,9,57,70,118,116" hai1="0,74,90,131,106,54,119,45,128,43,100,84,103" hai2="92,2,62,30,98,134,59,29,117,49,87,46,16" hai3="13,53,126,10,37,48,135,60,127,124,1,27,132"/><V114/><F117/><N who="0" m="45162" /><D121/><U77/><E119/><V64/><F2/><W83/><G37/><T110/><D110/><U66/><E0/><V17/><F134/><N who="3" m="51243" /><G27/><T78/><D70/><U122/><E122/><V109/><F109/><W104/><G104/><T6/><D41/><U68/><E54/><V80/><F114/><W125/><N who="3" m="31744" /><DORA hai="105" /><W112/><G112/><T94/><D94/><U89/><E106/><V39/><F39/><W52/><G1/><N who="0" m="207" /><D78/><U102/><E90/><V31/><F87/><W101/><G101/><T19/><D19/><U50/><E77/><V95/><F80/><W73/><G60/><T120/><D120/><U23/><E23/><V58/><F58/><N who="0" m="22634" /><D113/><U79/><E79/><V4/><F4/><N who="3" m="3271" /><G48/><T86/><D86/><U130/><E68/><V75/><F95/><W3/><G3/><T7/><D7/><U96/><E66/><V25/><F25/><AGARI ba="0,0" hai="18,22,25,32,35" m="22634,207,45162" machi="25" ten="30,1000,0" yaku="12,1" doraHai="111,105" who="0" fromWho="2" sc="265,10,252,0,207,-10,276,0" /><INIT seed="3,0,0,1,2,108" ten="275,252,197,276" oya="3" hai0="135,112,19,5,100,134,116,28,129,104,125,49,20" hai1="13,39,12,92,55,89,101,93,78,22,36,38,6" hai2="45,130,15,121,59,77,106,73,56,43,35,0,109" hai3="53,58,10,37,9,68,48,95,87,98,3,23,133"/><W83/><G133/><N who="0" m="50699" /><D116/><U26/><E78/><V86/><F121/><W24/><G68/><T127/><D5/><U113/><E113/><V21/><F35/><W82/><G37/><T69/><D69/><U102/><E55/><V120/><F120/><W31/><G3/><T11/><D11/><U111/><E111/><V110/><F106/><W91/><G83/><T63/><D28/><U122/><E122/><V76/><F0/><W119/><G119/><T16/><D112/><U70/><E70/><V99/><F73/><W54/><G54/><T128/><D63/><U115/><E115/><V41/><F130/><N who="0" m="50282" /><D49/><U60/><E60/><V67/><F110/><W105/><G105/><T17/><D20/><U44/><E44/><V65/><F109/><W4/><REACH who="3" step="1"/><G4/><REACH who="3" ten="275,252,197,266" step="2"/><T34/><D34/><U64/><E6/><V52/><F67/><W131/><G131/><T72/><D72/><U8/><E64/><V118/><F65/><W79/><AGARI ba="0,1" hai="9,10,23,24,31,48,53,58,79,82,87,91,95,98" machi="79" ten="20,12000,1" yaku="1,1,0,1,7,1,8,1,53,1" doraHai="108" doraHaiUra="90" who="3" fromWho="3" sc="275,-40,252,-40,197,-40,266,130" owari="235,3.5,212,-18.8,157,-34.3,396,49.6" /></mjloggm>