<mjloggm ver="2.3"><GO type="225" lobby="0"/><UN n0="%6D%75%75%6D%75%72%61" n1="%4D%50%43%32%38%30%30" n2="%E3%81%B7%E3%82%8A%E3%82%93%E8%81%96%E4%BA%BA" n3="%E3%81%AA%E3%81%8C%E3%81%95%E3%82%8F%E3%81%BE%E3%81%95%E3%81%BF" dan="17,16,16,16" rate="2205.94,2101.37,2119.53,2123.43" sx="F,M,M,F"/><TAIKYOKU oya="0"/><INIT seed="0,0,0,1,4,65" ten="250,250,250,250" oya="0" hai0="20,19,102,29,100,132,1,33,131,77,90,124,118" hai1="73,50,35,87,24,135,107,21,127,7,76,104,99" hai2="130,123,59,108,53,84,43,101,38,18,6,71,23" hai3="97,121,95,57,52,134,110,116,47,117,80,44,42"/><T133/><D118/><U10/><E135/><N who="0" m="51785" /><D1/><U78/><E127/><V128/><F123/><W48/><G134/><T86/><D124/><U27/><E73/><V111/><F101/><W88/><G121/><T0/><D0/><U70/><E70/><V109/><F6/><W105/><G110/><T34/><D77/><U9/><E50/><V93/><F43/><W28/><G105/><T114/><D114/><U55/><E55/><V39/><F71/><W49/><G28/><T40/><D40/><U14/><E35/><N who="0" m="13321" /><D29/><U106/><E99/><V5/><F5/><W91/><REACH who="3" step="1"/><G44/><REACH who="3" ten="250,250,250,240" step="2"/><T74/><D131/><U81/><E107/><V89/><F128/><W115/><G115/><T67/><D74/><U46/><E106/><V92/><F130/><W119/><G119/><T15/><D67/><U126/><E46/><V125/><F125/><W4/><G4/><T61/><D61/><U122/><E7/><V72/><F72/><W25/><G25/><T60/><D60/><U129/><E104/><V12/><F93/><AGARI ba="0,1" hai="15,19,20,86,90,93,100,102" m="13321,51785" machi="93" ten="30,1500,0" yaku="20,1" doraHai="65" who="0" fromWho="2" sc="250,25,250,0,250,-15,240,0" /><INIT seed="0,1,0,0,5,30" ten="275,250,235,240" oya="0" hai0="95,6,135,52,20,59,0,11,73,75,93,36,53" hai1="122,103,68,29,40,78,127,65,97,118,105,7,31" hai2="26,47,72,94,49,5,87,117,132,55,130,17,109" hai3="18,39,108,69,10,62,48,15,1,58,128,116,111"/><T51/><D36/><U66/><E118/><V38/><F72/><W25/><G116/><T37/><D37/><U112/><E40/><V79/><F117/><W96/><G39/><T90/><D135/><U23/><E122/><V77/><F132/><W74/><G74/><T129/><D129/><U115/><E78/><V24/><F130/><W120/><G128/><T102/><D20/><U14/><E31/><V42/><F5/><W100/><G120/><T80/><D80/><U110/><E110/><V101/><F109/><W57/><G1/><T63/><D95/><U82/><E82/><V35/><F35/><W19/><G69/><T34/><D102/><U89/><E89/><V12/><F77/><W81/><G81/><T104/><D34/><U56/><E68/><V22/><F79/><W131/><G131/><T119/><D104/><U60/><E66/><V28/><F28/><W3/><G3/><T99/><REACH who="0" step="1"/><D119/><REACH who="0" ten="265,250,235,240" step="2"/><U121/><E121/><V76/><F101/><W71/><G111/><T123/><D123/><U106/><E105/><V54/><F38/><W33/><G108/><T107/><D107/><U88/><E103/><V133/><F133/><W134/><G33/><T46/><AGARI ba="1,1" hai="0,6,11,46,51,52,53,59,63,73,75,90,93,99" machi="46" ten="20,12000,1" yaku="1,1,0,1,7,1,54,1,53,1" doraHai="30" doraHaiUra="4" who="0" fromWho="0" sc="265,133,250,-41,235,-41,240,-41" /><INIT seed="0,2,0,3,4,1" ten="398,209,194,199" oya="0" hai0="46,132,85,39,32,63,81,111,91,86,17,120,113" hai1="52,65,101,77,40,30,87,110,27,58,76,71,61" hai2="6,75,133,125,45,68,73,3,56,93,124,121,49" hai3="57,88,134,107,84,108,36,78,109,29,8,126,10"/><T135/><D113/><U100/><E110/><N who="3" m="42602" /><G36/><T23/><D111/><U2/><E2/><V129/><F68/><W0/><G107/><T104/><D120/><U47/><E100/><V43/><F121/><W5/><G134/><T80/><D104/><U55/><E101/><V9/><F133/><W116/><G116/><T18/><D32/><U54/><E87/><V62/><F93/><N who="3" m="54407" /><G10/><T82/><D63/><U4/><E4/><V106/><F106/><W102/><G102/><T130/><D130/><U90/><E90/><V128/><F75/><W24/><G57/><T13/><D80/><U95/><E95/><V97/><F97/><W20/><G78/><T122/><D122/><U53/><N who="1" m="13312" /><DORA hai="99" /><U28/><E71/><V21/><F73/><W131/><G131/><N who="2" m="50249" /><F21/><W123/><G123/><T112/><D112/><U31/><REACH who="1" step="1"/><E27/><REACH who="1" ten="398,199,194,199" step="2"/><V33/><F33/><W15/><G0/><T26/><D132/><U19/><E19/><V103/><F103/><W14/><G15/><T48/><D135/><U11/><E11/><V83/><F83/><W69/><G69/><T92/><D82/><U89/><E89/><V67/><AGARI ba="2,1" hai="3,6,9,43,45,49,56,62,67,124,125" m="50249" machi="67" ten="30,2000,0" yaku="19,1,52,1" doraHai="1,99" who="2" fromWho="2" sc="398,-12,199,-7,194,36,199,-7" /><INIT seed="1,0,0,4,0,44" ten="386,192,230,192" oya="1" hai0="129,56,47,10,94,97,19,114,89,126,52,99,41" hai1="85,134,117,103,45,5,128,120,2,33,37,1,106" hai2="127,133,31,88,6,35,66,130,123,73,9,74,22" hai3="112,12,25,92,113,65,30,24,32,122,135,0,49"/><U125/><RYUUKYOKU type="yao9" ba="0,0" sc="386,0,192,0,230,0,192,0" hai1="1,2,5,33,37,45,85,103,106,117,120,125,128,134" /><INIT seed="1,1,0,4,2,135" ten="386,192,230,192" oya="1" hai0="66,77,4,63,6,1,93,46,20,97,123,27,44" hai1="126,8,53,128,119,122,94,72,15,96,37,84,31" hai2="109,22,21,120,65,80,25,125,36,104,124,71,108" hai3="42,18,34,39,75,74,107,43,91,16,133,86,98"/><U62/><E119/><V38/><F104/><W79/><G133/><T32/><D32/><U73/><E122/><V102/><F102/><N who="3" m="62935" /><G34/><T127/><D127/><N who="2" m="48714" /><F120/><W64/><G64/><T47/><D77/><U14/><E37/><N who="2" m="14443" /><F80/><N who="3" m="45175" /><G75/><T28/><D1/><U11/><E84/><V129/><F129/><W85/><G85/><T90/><REACH who="0" step="1"/><D123/><REACH who="0" ten="376,192,230,192" step="2"/><U52/><E126/><V76/><F76/><W87/><G39/><T0/><D0/><U54/><E128/><V110/><F25/><W101/><G101/><T115/><D115/><U26/><E73/><V59/><F71/><AGARI ba="1,1" hai="4,6,20,27,28,44,46,47,63,66,71,90,93,97" machi="71" ten="40,1300,0" yaku="1,1,53,0" doraHai="135" doraHaiUra="117" who="0" fromWho="2" sc="376,26,192,0,230,-16,192,0" /><INIT seed="2,0,0,5,2,70" ten="402,192,214,192" oya="2" hai0="109,55,130,120,85,12,104,129,7,52,128,15,65" hai1="49,60,0,30,53,69,51,66,32,83,17,19,78" hai2="8,76,72,79,29,92,36,56,34,54,90,47,16" hai3="5,105,23,6,67,35,20,91,4,108,41,43,73"/><V40/><F34/><W98/><G73/><T84/><D120/><U124/><E0/><V71/><F71/><W9/><G35/><T46/><D109/><U82/><E124/><V119/><F29/><W24/><G108/><T11/><D104/><U134/><E134/><V107/><F107/><W1/><G1/><T42/><D65/><U21/><E83/><V39/><F39/><W115/><G115/><T111/><D15/><U97/><E97/><V106/><F106/><W113/><G113/><T103/><D103/><U114/><E114/><V74/><F72/><W101/><G9/><T62/><D111/><U18/><E32/><V37/><F37/><W3/><G3/><T75/><D75/><U118/><E118/><V26/><F74/><W89/><G67/><T86/><D62/><U13/><E51/><AGARI ba="0,0" hai="7,11,12,42,46,51,52,55,84,85,86,128,129,130" machi="51" ten="50,3200,0" yaku="19,1,54,1" doraHai="70" who="0" fromWho="1" sc="402,32,192,-32,214,0,192,0" /><INIT seed="3,0,0,1,4,74" ten="434,160,214,192" oya="3" hai0="102,123,111,57,89,3,44,104,116,36,121,59,60" hai1="106,135,79,77,49,119,20,83,40,118,23,86,28" hai2="132,88,25,58,128,107,9,43,21,131,125,6,22" hai3="87,130,16,134,129,114,50,95,52,96,18,72,67"/><W122/><G114/><T105/><D116/><N who="1" m="44587" /><E106/><V91/><F107/><W84/><G122/><T76/><D76/><N who="1" m="46439" /><E135/><V63/><F43/><W29/><G72/><T13/><D60/><U81/><E81/><V101/><F101/><N who="3" m="60575" /><G29/><T61/><D57/><U98/><E98/><V38/><F38/><W5/><G67/><T115/><D13/><U0/><E0/><V54/><F132/><W19/><G134/><T11/><D11/><U27/><E23/><V35/><F35/><W66/><G66/><T93/><D115/><U48/><E48/><V117/><F117/><W7/><G87/><T68/><D3/><U108/><E108/><V112/><F112/><W33/><G33/><T71/><D111/><U51/><E49/><V2/><F22/><W109/><G109/><T92/><D105/><U97/><E97/><V46/><F46/><AGARI ba="0,0" hai="20,27,28,40,46,51,77,79" m="46439,44587" machi="46" ten="30,7700,0" yaku="12,1,52,3" doraHai="74" who="1" fromWho="2" sc="434,0,160,77,214,-77,192,0" owari="434,53.4,237,3.7,137,-36.3,192,-20.8" /></mjloggm>