<mjloggm ver="2.3"><GO type="225" lobby="0"/><UN n0="%E3%81%B2%E3%81%AA%E3%81%AE%E3%82%8A%E3%81%8F" n1="%E3%81%A1%E3%82%85%E3%81%86%E3%81%A9%E3%81%8F%E8%B1%A1%E3%81%95%E3%82%93" n2="%43%68%65" n3="%72%69%6F%75%63%68%61%6E" dan="16,17,16,17" rate="2140.37,2153.28,2127.45,2237.07" sx="M,M,M,M"/><TAIKYOKU oya="0"/><INIT seed="0,0,0,4,2,45" ten="250,250,250,250" oya="0" hai0="58,65,64,41,108,76,7,120,57,104,17,2,67" hai1="14,35,87,111,98,33,110,113,6,83,60,100,82" hai2="84,59,135,92,126,12,73,116,39,132,81,74,32" hai3="70,3,134,66,55,119,105,129,107,47,15,123,128"/><T112/><D112/><U106/><E113/><V94/><F32/><W121/><G119/><T24/><D120/><N who="3" m="46153" /><G3/><T4/><D104/><N who="3" m="40009" /><G134/><N who="2" m="51241" /><F39/><W46/><G15/><T37/><D76/><N who="1" m="46535" /><E60/><V99/><F116/><W62/><G55/><T48/><D37/><U90/><E6/><N who="0" m="2089" /><D2/><U26/><E14/><V20/><F59/><W125/><G125/><T54/><D108/><N who="1" m="41515" /><E26/><V102/><F126/><W42/><G46/><N who="0" m="27927" /><D41/><U43/><E43/><V103/><F20/><AGARI ba="0,0" hai="17,20,24,57,58,64,65,67" m="27927,2089" machi="20" ten="30,2900,0" yaku="8,1,52,1" doraHai="45" who="0" fromWho="2" sc="250,29,250,0,250,-29,250,0" /><INIT seed="0,1,0,0,0,10" ten="279,250,221,250" oya="0" hai0="88,20,132,82,87,22,53,29,70,126,125,114,95" hai1="32,13,81,91,34,7,25,103,75,129,80,99,48" hai2="14,21,35,78,23,30,68,93,28,16,58,101,115" hai3="134,43,60,135,123,36,33,27,127,100,66,31,122"/><T1/><D114/><U117/><E117/><V72/><F68/><W110/><G110/><T133/><D70/><U38/><E38/><V57/><F115/><W94/><G127/><N who="0" m="48651" /><D1/><U69/><E69/><V105/><F105/><W8/><G8/><T41/><D41/><U104/><E129/><V128/><F128/><W111/><G111/><T73/><D53/><U52/><E25/><N who="2" m="16431" /><F35/><W56/><G100/><T130/><D130/><U4/><E80/><V17/><F30/><W51/><G94/><T119/><D119/><U86/><E75/><V90/><F101/><W26/><G36/><T47/><D47/><U79/><E79/><V108/><F78/><W55/><G43/><T12/><D29/><U83/><E83/><V62/><F72/><W97/><G97/><N who="0" m="57575" /><D73/><U49/><E49/><V89/><F108/><W5/><G26/><T118/><D118/><U76/><E76/><V106/><F106/><W65/><G65/><T84/><D84/><U37/><E37/><V124/><F124/><W50/><G50/><T64/><D64/><U44/><REACH who="1" step="1"/><E4/><REACH who="1" ten="279,240,221,250" step="2"/><V45/><F45/><N who="3" m="28143" /><G5/><T61/><D61/><U24/><E24/><N who="2" m="14439" /><F62/><W42/><G42/><T19/><D22/><U74/><E74/><V116/><F116/><W67/><G67/><T121/><D121/><AGARI ba="1,1" hai="27,31,33,56,60,66,121,122,123,134,135" m="28143" machi="121" ten="30,1000,0" yaku="13,1" doraHai="10" who="3" fromWho="0" sc="279,-13,240,0,221,0,250,23" /><INIT seed="1,0,0,3,1,74" ten="266,240,221,273" oya="1" hai0="38,40,42,101,107,111,83,47,43,114,118,32,44" hai1="52,104,77,57,1,108,0,34,120,132,127,56,122" hai2="90,3,23,6,131,65,16,89,79,36,20,110,59" hai3="7,113,64,31,123,95,41,119,58,86,39,71,49"/><U116/><E104/><V70/><F70/><W67/><G123/><T62/><D114/><U50/><E116/><V21/><F36/><W12/><G113/><T35/><D118/><U88/><E34/><V25/><F110/><W105/><G105/><T22/><D111/><U33/><E33/><V84/><F131/><W66/><G119/><T2/><D2/><U45/><E108/><V133/><F133/><W11/><G31/><T91/><D62/><U106/><E106/><V129/><F129/><W97/><G39/><T100/><D22/><N who="2" m="8810" /><F6/><W37/><G37/><T15/><D15/><U112/><E112/><V82/><F3/><W26/><G26/><T53/><D53/><U121/><E132/><V27/><F27/><W85/><G71/><T103/><D107/><U18/><E127/><V92/><F92/><W28/><G28/><T30/><D30/><U72/><E18/><V81/><F81/><W10/><G10/><T9/><D9/><U29/><E29/><V69/><F69/><W4/><G4/><T93/><D83/><U80/><E0/><V135/><F135/><W8/><G8/><T96/><REACH who="0" step="1"/><D43/><REACH who="0" ten="256,240,221,273" step="2"/><U124/><E1/><V78/><F65/><W76/><G41/><T115/><D115/><U98/><REACH who="1" step="1"/><E124/><REACH who="1" ten="256,230,221,273" step="2"/><V99/><F59/><W130/><G58/><T60/><D60/><U68/><E68/><V63/><F63/><W128/><G130/><T51/><AGARI ba="0,2" hai="32,35,38,40,42,44,47,51,91,93,96,100,101,103" machi="51" ten="30,2000,0" yaku="1,1,0,1,53,0" doraHai="74" doraHaiUra="54" who="0" fromWho="0" sc="256,40,230,-10,221,-5,273,-5" /><INIT seed="2,0,0,3,0,129" ten="296,220,216,268" oya="2" hai0="3,102,96,59,101,68,16,84,37,130,133,18,17" hai1="0,23,134,91,56,9,100,82,80,31,29,98,120" hai2="60,42,22,75,85,119,116,10,71,65,123,115,52" hai3="30,83,104,28,45,7,106,54,117,25,51,107,103"/><V78/><F75/><W132/><G132/><T38/><D68/><U1/><E120/><V109/><F123/><W72/><G117/><T90/><D130/><U66/><E9/><V48/><F42/><W41/><G7/><T63/><D3/><U88/><E56/><V128/><F128/><W46/><G103/><T33/><D33/><U49/><E49/><V124/><F115/><W12/><G12/><T95/><D102/><U50/><E50/><V5/><F124/><W20/><G30/><T99/><D99/><U40/><E40/><V4/><F22/><W86/><G72/><T35/><D35/><U19/><E100/><V39/><F39/><W114/><G114/><T131/><D133/><U69/><E98/><V58/><F109/><W36/><REACH who="3" step="1"/><G106/><REACH who="3" ten="296,220,216,258" step="2"/><T13/><D131/><U62/><E134/><V118/><REACH who="2" step="1"/><F10/><REACH who="2" ten="296,220,206,258" step="2"/><W89/><AGARI ba="0,2" hai="20,25,28,36,41,45,46,51,54,83,86,89,104,107" machi="89" ten="20,5200,0" yaku="1,1,2,1,0,1,7,1,53,0" doraHai="129" doraHaiUra="121" who="3" fromWho="3" sc="296,-13,220,-13,206,-26,258,72" /><INIT seed="3,0,0,1,0,81" ten="283,207,180,330" oya="3" hai0="66,6,16,111,56,132,70,105,125,14,10,19,48" hai1="29,130,126,61,91,43,104,123,36,5,33,49,99" hai2="74,79,76,35,90,38,39,133,100,75,82,117,13" hai3="65,42,102,34,50,24,20,93,8,12,103,68,53"/><W122/><G122/><T88/><D105/><U71/><E123/><V15/><F35/><W69/><G34/><T85/><D111/><U95/><E126/><V63/><F117/><W2/><G2/><T46/><D132/><U11/><E130/><V134/><F82/><W112/><G112/><T73/><D73/><U113/><E113/><V131/><F90/><W0/><G0/><T124/><D70/><U41/><E36/><V1/><F1/><W4/><G42/><N who="0" m="24663" /><D124/><U72/><E72/><V129/><REACH who="2" step="1"/><F63/><REACH who="2" ten="283,207,170,330" step="2"/><W77/><G77/><T97/><D125/><U64/><E33/><V31/><F31/><W106/><G103/><AGARI ba="0,1" hai="13,15,38,39,74,75,76,79,100,103,129,131,133,134" machi="103" ten="25,3200,0" yaku="1,1,22,2,53,0" doraHai="81" doraHaiUra="27" who="2" fromWho="3" sc="283,0,207,0,170,42,330,-32" /><INIT seed="4,0,0,0,0,17" ten="283,207,212,298" oya="0" hai0="88,56,84,112,110,96,129,34,108,64,104,22,18" hai1="115,131,70,28,14,107,27,45,0,122,73,44,48" hai2="43,81,90,16,121,20,99,72,125,77,94,92,50" hai3="66,38,74,11,26,62,3,78,71,32,39,76,100"/><T1/><D34/><U59/><E122/><V52/><F121/><W8/><G100/><N who="0" m="62471" /><D1/><U130/><E107/><V133/><F133/><W132/><G132/><T13/><D129/><N who="1" m="49163" /><E0/><V24/><F94/><W114/><G114/><T23/><D112/><U87/><E70/><V118/><F125/><W35/><G11/><N who="0" m="6463" /><D56/><U25/><E73/><V41/><F118/><W57/><G57/><AGARI ba="0,0" hai="16,20,24,41,43,50,52,57,72,77,81,90,92,99" machi="57" ten="30,7700,0" yaku="7,1,52,1,54,2" doraHai="17" who="2" fromWho="3" sc="283,0,207,0,212,77,298,-77" /><INIT seed="5,0,0,4,0,101" ten="283,207,289,221" oya="1" hai0="133,49,14,131,115,9,84,93,130,8,92,118,90" hai1="114,63,48,33,105,3,15,100,81,126,20,34,102" hai2="70,12,35,6,41,0,40,2,87,29,112,88,89" hai3="110,120,24,28,82,98,127,53,72,124,50,67,52"/><U132/><E3/><V83/><F70/><W11/><G110/><T108/><D108/><U7/><E114/><V128/><F112/><W25/><G120/><T77/><D115/><U134/><E126/><N who="3" m="48170" /><G67/><T32/><D118/><U123/><E123/><V42/><F128/><N who="0" m="49194" /><D32/><U104/><E81/><V116/><F116/><W59/><G11/><T56/><D77/><U39/><E39/><V45/><F45/><N who="3" m="27727" /><G98/><T4/><D9/><N who="1" m="4543" /><E63/><V66/><F66/><W60/><G28/><T106/><D133/><N who="1" m="51307" /><E48/><V109/><F109/><W117/><G117/><T76/><D76/><AGARI ba="0,0" hai="24,25,53,59,60,72,76,82" m="27727,48170" machi="76" ten="30,2000,0" yaku="18,1,54,1" doraHai="101" who="3" fromWho="0" sc="283,-20,207,0,289,0,221,20" /><INIT seed="6,0,0,1,0,104" ten="263,207,289,241" oya="2" hai0="40,19,33,107,29,4,100,32,78,89,12,60,85" hai1="84,0,109,108,115,5,44,36,34,71,86,72,15" hai2="64,92,101,112,7,20,83,128,47,122,16,125,62" hai3="22,13,73,18,8,49,43,28,90,67,99,30,88"/><V95/><F122/><W119/><G119/><T21/><D78/><U91/><E115/><V79/><F112/><W17/><G73/><T3/><D40/><U135/><E71/><V121/><F121/><W74/><G74/><T53/><D100/><U126/><E34/><V94/><F125/><W27/><G67/><T96/><D96/><U37/><E126/><V131/><F7/><W1/><G1/><T124/><D107/><U129/><E72/><N who="2" m="43495" /><F47/><N who="3" m="25855" /><G99/><T63/><D124/><U127/><E127/><V98/><F16/><N who="3" m="6251" /><G28/><T97/><D97/><U39/><E0/><V50/><F50/><W31/><G30/><T65/><D53/><U59/><E44/><V69/><F20/><W102/><G102/><T106/><D106/><U9/><E84/><V58/><F69/><W93/><G93/><T117/><D117/><U11/><E11/><V6/><F6/><AGARI ba="0,0" hai="6,8,13,22,27,31,88,90" m="6251,25855" machi="6" ten="30,3900,0" yaku="8,1,54,2" doraHai="104" who="3" fromWho="2" sc="263,0,207,0,289,-39,241,39" /><INIT seed="7,0,0,4,5,49" ten="263,207,250,280" oya="3" hai0="4,42,54,63,46,90,55,53,47,97,134,13,12" hai1="21,133,30,99,124,118,8,62,119,128,45,3,0" hai2="114,51,85,88,60,130,113,82,20,125,135,26,23" hai3="29,32,121,93,15,52,95,64,123,104,11,39,40"/><W66/><G104/><T101/><D134/><U76/><E76/><V6/><F135/><W31/><G32/><T117/><D117/><N who="1" m="44555" /><E133/><V7/><F125/><W38/><G40/><T115/><D115/><N who="2" m="44042" /><F130/><W36/><G52/><T65/><D90/><U50/><E99/><V81/><F60/><W10/><G36/><T58/><D4/><N who="2" m="1578" /><F51/><W111/><G15/><N who="0" m="5707" /><D42/><U33/><E62/><V69/><F69/><W57/><G57/><T14/><N who="0" m="5715" /><T17/><DORA hai="92" /><D17/><U132/><E132/><V91/><F26/><W86/><G86/><AGARI ba="0,0" hai="20,23,81,82,85,86,88,91" m="1578,44042" machi="86" ten="30,2000,0" yaku="15,1,54,1" doraHai="49,92" who="2" fromWho="3" sc="263,0,207,0,250,20,280,-20" owari="263,6.3,207,-29.3,270,37.0,260,-14.0" /></mjloggm>