<mjloggm ver="2.3"><GO type="225" lobby="0"/><UN n0="%E3%81%BF%E3%81%BF%E3%81%9A" n1="%E5%8D%A0%E3%81%84%E5%B8%AB%E8%A3%8F%E3%81%AA%E3%81%84%E3%81%97" n2="%E9%B3%B3%E6%9D%B1%E3%81%AE%E3%81%BF%E3%81%91%E3%81%AB%E3%82%83%E3%82%93" n3="%E4%BA%95%E5%B8%AF" dan="17,17,17,16" rate="2243.46,2206.81,2151.67,2047.74" sx="M,M,F,M"/><TAIKYOKU oya="0"/><INIT seed="0,0,0,1,2,31" ten="250,250,250,250" oya="0" hai0="60,70,121,8,107,5,100,125,88,21,55,67,52" hai1="89,104,77,42,114,35,123,34,135,54,71,23,90" hai2="111,38,11,18,92,24,112,130,36,12,41,46,76" hai3="95,59,115,110,48,78,105,91,106,4,32,109,68"/><T58/><D121/><U108/><E123/><V86/><F112/><W118/><G68/><T10/><D125/><U20/><E114/><V83/><F111/><N who="3" m="42507" /><G118/><T113/><D113/><U117/><E108/><V63/><F130/><W25/><G4/><T13/><D107/><U56/><E104/><V127/><F127/><W84/><G78/><T47/><D100/><U82/><E71/><V97/><F63/><W22/><G115/><T14/><D70/><U50/><E117/><V27/><REACH who="2" step="1"/><F38/><REACH who="2" ten="250,250,240,250" step="2"/><W51/><G106/><T85/><D47/><U53/><E135/><V37/><F37/><W99/><G105/><T133/><D133/><U124/><E124/><V7/><F7/><W75/><G48/><T26/><D10/><U3/><E50/><V96/><F96/><W122/><G99/><T33/><D13/><U65/><E3/><V103/><AGARI ba="0,1" hai="11,12,18,24,27,36,41,46,76,83,86,92,97,103" machi="103" ten="20,5200,0" yaku="1,1,0,1,7,1,53,1" doraHai="31" doraHaiUra="9" who="2" fromWho="2" sc="250,-26,250,-13,240,62,250,-13" /><INIT seed="1,0,0,5,5,3" ten="224,237,302,237" oya="1" hai0="126,7,76,102,134,33,31,40,44,64,14,12,4" hai1="50,77,43,58,71,85,72,116,95,86,99,97,74" hai2="115,123,83,114,120,104,26,28,65,23,122,34,27" hai3="90,41,78,18,79,9,101,25,108,55,49,51,35"/><U128/><E71/><V36/><F104/><W67/><G108/><T84/><D126/><U38/><E38/><V130/><F36/><W111/><G111/><T124/><D124/><U125/><E125/><V10/><F65/><W118/><G101/><T5/><D134/><U131/><E43/><V127/><F127/><W60/><G41/><T11/><D64/><U121/><E58/><V48/><F48/><W56/><G49/><N who="0" m="26759" /><D102/><U119/><E50/><V113/><F83/><W37/><G37/><T29/><D33/><U54/><E54/><V132/><F130/><N who="1" m="49705" /><E121/><V100/><F100/><W70/><G118/><N who="1" m="45098" /><E77/><V24/><F132/><W39/><G39/><T80/><D14/><U22/><E22/><V0/><F23/><W69/><G69/><T17/><AGARI ba="0,0" hai="4,5,7,11,12,17,29,31,76,80,84" m="26759" machi="17" ten="30,7900,0" yaku="8,1,52,3" doraHai="3" who="0" fromWho="0" sc="224,79,237,-39,302,-20,237,-20" /><INIT seed="2,0,0,3,5,10" ten="303,198,282,217" oya="2" hai0="95,99,96,8,134,52,23,101,93,25,75,50,61" hai1="51,2,128,81,82,106,49,130,17,20,15,32,132" hai2="90,76,79,120,64,1,63,133,117,21,3,31,74" hai3="91,92,55,6,37,59,129,100,102,71,41,36,126"/><V83/><F117/><W112/><G126/><T13/><D134/><U45/><E2/><V122/><F133/><W135/><G129/><N who="1" m="49770" /><E132/><V33/><F79/><W35/><G71/><T118/><D75/><U5/><E32/><V70/><F90/><W97/><G112/><T77/><D77/><U119/><E119/><V67/><F21/><W40/><G35/><T105/><D61/><U88/><E106/><V4/><F64/><W125/><G6/><N who="0" m="3223" /><D105/><U124/><E124/><V0/><REACH who="2" step="1"/><F4/><REACH who="2" ten="303,198,272,217" step="2"/><W57/><G135/><T114/><D118/><U115/><E5/><V123/><F123/><W56/><G125/><T22/><D114/><U62/><E115/><V43/><F43/><W53/><G41/><T11/><D11/><U87/><E81/><V94/><F94/><W12/><G40/><T42/><D42/><U109/><E82/><V78/><F78/><W107/><G37/><T116/><D116/><U24/><E20/><N who="0" m="7721" /><D25/><AGARI ba="0,1" hai="0,1,3,25,31,33,63,67,70,74,76,83,120,122" machi="25" ten="40,12000,1" yaku="1,1,23,2,53,1" doraHai="10" doraHaiUra="58" who="2" fromWho="0" sc="303,-120,198,0,272,130,217,0" /><INIT seed="2,1,0,5,0,72" ten="183,198,402,217" oya="2" hai0="45,49,41,0,30,135,64,98,16,23,70,15,34" hai1="6,113,58,11,126,1,39,40,133,4,77,106,3" hai2="111,79,67,123,36,73,35,66,88,38,14,134,128" hai3="101,27,86,50,129,52,114,48,12,103,2,90,89"/><V31/><F88/><W85/><G2/><T87/><D135/><U105/><E113/><V9/><F79/><W115/><G27/><T28/><D0/><U100/><E126/><V92/><F92/><W59/><G12/><T63/><D34/><U54/><E133/><V120/><F66/><W17/><G17/><T25/><D87/><U13/><E13/><V110/><F67/><W97/><G97/><T19/><REACH who="0" step="1"/><D98/><REACH who="0" ten="173,198,402,217" step="2"/><U7/><E3/><V119/><F35/><W56/><G129/><T104/><D104/><U65/><E105/><V37/><F128/><W109/><G109/><T69/><D69/><U71/><E71/><V130/><F130/><W82/><G115/><T127/><D127/><U32/><E32/><V42/><F134/><W96/><G96/><T122/><D122/><U80/><E1/><V108/><F120/><W117/><G114/><T74/><D74/><U121/><E106/><V91/><F123/><W95/><G117/><T68/><D68/><U55/><E121/><V43/><F119/><W29/><G86/><T84/><D84/><U124/><E124/><V21/><F73/><W24/><G82/><T76/><D76/><U118/><E77/><V26/><REACH who="2" step="1"/><F91/><REACH who="2" ten="173,198,392,217" step="2"/><W94/><G90/><T116/><D116/><U131/><E118/><V102/><F102/><W62/><G103/><T20/><AGARI ba="1,2" hai="15,16,19,20,23,25,28,30,41,45,49,63,64,70" machi="20" ten="20,5200,0" yaku="1,1,0,1,7,1,54,1,53,0" doraHai="72" doraHaiUra="99" who="0" fromWho="0" sc="173,75,198,-14,392,-27,217,-14" /><INIT seed="3,0,0,5,0,46" ten="248,184,365,203" oya="3" hai0="40,95,30,117,92,69,88,54,60,129,118,20,68" hai1="130,7,135,101,15,50,74,93,127,36,4,133,51" hai2="72,120,22,19,110,124,56,104,48,31,3,97,2" hai3="78,131,106,28,107,100,45,49,42,79,82,102,103"/><W66/><G131/><T25/><D40/><U17/><E36/><V53/><F72/><W64/><G28/><T90/><D129/><U99/><E74/><V44/><F31/><W35/><G35/><T113/><D113/><U34/><E34/><V81/><F110/><W12/><G12/><T132/><D132/><N who="1" m="50763" /><E130/><V84/><F124/><W65/><REACH who="3" step="1"/><G82/><REACH who="3" ten="248,184,365,193" step="2"/><T77/><D30/><U128/><E128/><V105/><F2/><W123/><G123/><T73/><D25/><U70/><E127/><V115/><F3/><W116/><G116/><T52/><D117/><U122/><E122/><V63/><F120/><W91/><G91/><T38/><D90/><U98/><E70/><V76/><F115/><W57/><G57/><T58/><D58/><U109/><E109/><V33/><F33/><W23/><G23/><T114/><D20/><N who="1" m="11327" /><E99/><V16/><F97/><W26/><G26/><T89/><D118/><U5/><AGARI ba="0,1" hai="4,5,7,50,51,93,98,101" m="11327,50763" machi="5" ten="30,4000,0" yaku="20,1,52,2" doraHai="46" who="1" fromWho="1" sc="248,-10,184,50,365,-10,193,-20" owari="238,3.8,234,-16.6,355,45.5,173,-32.7" /></mjloggm>