<mjloggm ver="2.3"><GO type="225" lobby="0"/><UN n0="%E5%8D%A0%E3%81%84%E5%B8%AB%E8%A3%8F%E3%81%AA%E3%81%84%E3%81%97" n1="%E9%B3%B3%E6%9D%B1%E3%81%AE%E3%81%BF%E3%81%91%E3%81%AB%E3%82%83%E3%82%93" n2="%63%68%78%62%64" n3="%E3%81%B5%E3%81%98%E3%81%8B%E3%81%A4" dan="16,17,16,16" rate="2157.21,2189.95,2158.91,2190.15" sx="M,F,M,M"/><TAIKYOKU oya="0"/><INIT seed="0,0,0,1,4,70" ten="250,250,250,250" oya="0" hai0="88,36,33,87,21,43,34,107,8,69,22,16,113" hai1="114,12,94,40,110,32,106,27,19,129,64,111,86" hai2="6,93,99,96,80,85,77,3,101,20,124,72,38" hai3="100,39,11,132,35,97,5,103,0,61,1,105,42"/><T104/><D113/><U50/><E106/><V125/><F38/><W57/><G132/><T4/><D69/><U30/><E64/><V67/><F67/><W131/><G131/><T45/><D22/><U9/><E129/><V127/><F20/><W120/><G103/><T108/><D108/><U128/><E128/><V66/><F66/><W60/><G120/><T17/><D17/><U123/><E123/><V24/><F24/><W37/><G35/><T115/><D115/><U73/><E73/><V55/><F55/><W89/><G0/><T76/><D76/><U98/><E86/><V116/><F116/><W31/><G31/><T10/><D104/><U135/><E135/><V126/><N who="2" m="31744" /><DORA hai="59" /><V23/><F23/><W65/><G42/><T47/><D47/><U121/><E121/><V95/><F6/><W117/><G117/><T133/><D107/><U130/><E114/><V46/><F46/><W13/><G1/><T29/><D29/><U44/><REACH who="1" step="1"/><E130/><REACH who="1" ten="250,240,250,250" step="2"/><V112/><F112/><W75/><G75/><T90/><D133/><U52/><E52/><V53/><F53/><W58/><G89/><AGARI ba="0,1" hai="9,12,19,27,30,32,40,44,50,89,94,98,110,111" machi="89" ten="40,2600,0" yaku="1,1,53,1" doraHai="70,59" doraHaiUra="51,92" who="1" fromWho="3" sc="250,0,240,36,250,0,250,-26" /><INIT seed="1,0,0,3,4,45" ten="250,276,250,224" oya="1" hai0="91,47,9,16,118,31,1,19,99,32,11,83,6" hai1="117,37,35,77,128,115,13,123,95,82,4,121,57" hai2="53,75,134,30,125,110,94,43,88,122,20,62,2" hai3="48,36,28,15,42,126,100,26,129,60,52,76,120"/><U80/><E37/><V92/><F122/><W18/><G120/><T104/><D118/><U86/><E35/><V54/><F2/><W89/><G126/><T12/><D104/><U87/><E115/><V133/><F75/><W33/><G129/><T49/><D32/><U50/><E128/><V44/><F125/><W93/><G76/><T23/><D31/><U64/><E117/><V90/><F110/><W55/><G100/><T70/><D70/><U69/><E69/><V41/><F20/><W58/><G36/><T106/><D106/><U72/><E64/><V66/><F30/><W97/><G42/><T119/><D119/><U27/><E27/><V38/><F41/><W131/><G131/><T124/><D124/><U74/><E13/><V102/><F102/><W81/><G81/><T61/><D61/><U107/><E4/><V105/><F105/><W65/><REACH who="3" step="1"/><G48/><REACH who="3" ten="250,276,250,214" step="2"/><T135/><D83/><U68/><E50/><V59/><F133/><W34/><G34/><T40/><D135/><U96/><E77/><V21/><F134/><W84/><G84/><T39/><D91/><U3/><E82/><V130/><F130/><W63/><G63/><T111/><D111/><U71/><E80/><V101/><F101/><W25/><G25/><N who="0" m="14567" /><D39/><U51/><E121/><V0/><F88/><W78/><G78/><T5/><D99/><U116/><E96/><V7/><F90/><W85/><G85/><T73/><D73/><U132/><E74/><V17/><F38/><W79/><G79/><T114/><D114/><U29/><E72/><V56/><F43/><W22/><AGARI ba="0,1" hai="15,18,22,26,28,33,52,55,58,60,65,89,93,97" machi="22" ten="20,8000,1" yaku="1,1,5,1,0,1,7,1,54,1,53,0" doraHai="45" doraHaiUra="108" who="3" fromWho="3" sc="250,-20,276,-40,250,-20,214,90" /><INIT seed="2,0,0,2,3,43" ten="230,236,230,304" oya="2" hai0="99,20,80,88,8,86,108,63,135,56,116,92,95" hai1="125,100,87,28,118,123,78,96,57,68,124,109,26" hai2="50,0,42,25,45,14,75,107,90,23,121,104,114" hai3="129,22,47,111,59,122,24,83,128,15,93,94,71"/><V77/><F121/><W101/><G122/><T30/><D108/><U41/><E68/><V110/><F0/><W49/><G71/><T61/><D135/><U55/><E118/><V5/><F114/><W17/><G111/><T19/><D116/><U10/><E10/><N who="2" m="4431" /><F75/><W126/><G126/><N who="1" m="48746" /><E41/><V130/><F104/><W115/><G115/><T1/><D1/><U40/><E40/><V65/><F107/><W72/><G59/><T102/><D8/><U105/><E78/><V70/><F70/><W62/><G62/><T31/><D80/><U38/><E87/><V69/><F69/><W133/><G133/><T76/><D76/><U27/><E38/><V18/><F110/><W2/><G2/><T37/><D61/><N who="1" m="36031" /><E109/><V35/><F35/><W64/><G72/><T98/><D86/><U60/><E60/><V52/><F130/><W127/><G127/><T97/><D97/><U120/><E27/><N who="2" m="14839" /><F77/><W29/><G128/><T117/><D37/><U84/><E84/><V82/><F65/><W131/><G64/><N who="0" m="39015" /><D117/><U53/><E53/><V113/><F113/><W48/><G131/><T36/><D36/><U12/><E12/><AGARI ba="0,0" hai="12,19,20,30,31,88,92,95,98,99,102" m="39015" machi="12" ten="30,2000,0" yaku="8,1,54,1" doraHai="43" who="0" fromWho="1" sc="230,20,236,-20,230,0,304,0" /><INIT seed="3,0,0,3,4,54" ten="250,216,230,304" oya="3" hai0="79,80,81,97,75,91,128,33,118,26,100,129,37" hai1="125,59,82,132,84,18,107,28,94,2,76,112,12" hai2="99,17,53,23,9,24,48,21,10,51,124,29,1" hai3="135,42,57,49,78,130,15,31,93,61,89,106,87"/><W85/><G106/><T63/><D37/><U103/><E112/><V45/><F124/><W50/><G135/><T83/><D118/><U131/><E2/><V39/><F39/><W109/><G130/><N who="0" m="50283" /><D63/><U40/><E131/><V36/><F36/><W126/><G126/><T25/><D91/><U14/><E125/><V5/><F48/><W19/><G31/><N who="0" m="19695" /><D26/><U69/><E69/><V4/><F99/><N who="3" m="57775" /><G109/><T47/><D47/><U86/><E132/><V92/><F92/><AGARI ba="0,0" hai="75,79,80,81,83,92,97,100" m="19695,50283" machi="92" ten="30,1000,0" yaku="19,1" doraHai="54" who="0" fromWho="2" sc="250,10,216,0,230,-10,304,0" owari="260,6.0,216,-28.4,220,-18.0,304,40.4" /></mjloggm>