<mjloggm ver="2.3"><GO type="225" lobby="0"/><UN n0="%6D%75%75%73%61%6E%6D%75" n1="%E3%81%B5%E3%81%98%E3%81%8B%E3%81%A4" n2="%6B%69%72%61%64%6F%6B%69" n3="%E9%97%98%E5%B0%86%E3%81%A0%E3%82%93%E3%81%A7%E3%81%83" dan="16,16,16,16" rate="2105.91,2181.60,2122.60,2133.43" sx="F,M,M,M"/><TAIKYOKU oya="0"/><INIT seed="0,0,0,2,3,35" ten="250,250,250,250" oya="0" hai0="118,48,113,6,101,27,40,134,36,34,78,28,14" hai1="92,124,2,84,87,17,89,39,3,67,11,22,125" hai2="52,81,64,96,122,75,7,80,33,18,38,79,4" hai3="72,65,13,21,88,32,115,105,127,116,85,108,8"/><T45/><D113/><U56/><E39/><V69/><F122/><W99/><G32/><T71/><D118/><U130/><E130/><V60/><F33/><W50/><G72/><T76/><D71/><U135/><E11/><V1/><F38/><W37/><G37/><T102/><D134/><U62/><E135/><V0/><F81/><W16/><G116/><T10/><REACH who="0" step="1"/><D36/><REACH who="0" ten="240,250,250,250" step="2"/><U109/><E109/><V20/><F96/><W44/><G115/><T70/><D70/><U24/><REACH who="1" step="1"/><E84/><REACH who="1" ten="240,240,250,250" step="2"/><V120/><F120/><W31/><G108/><T51/><D51/><U42/><E42/><V93/><F75/><W129/><G85/><T83/><D83/><U90/><E90/><V43/><F80/><W82/><G88/><T54/><D54/><U25/><E25/><V73/><F43/><W103/><G82/><T110/><D110/><U55/><E55/><V41/><F52/><W23/><G50/><T119/><D119/><U91/><E91/><V26/><F41/><W47/><G129/><T30/><D30/><U107/><E107/><V68/><F73/><W66/><G31/><T95/><D95/><U74/><E74/><V106/><F93/><W15/><G105/><T131/><D131/><U128/><E128/><V132/><F106/><W86/><G86/><T5/><D5/><U98/><E98/><V57/><F132/><W94/><G94/><T19/><D19/><U53/><E53/><V77/><F4/><W112/><G99/><T97/><D97/><U12/><E12/><V126/><F7/><W133/><G15/><T59/><D59/><U121/><E121/><RYUUKYOKU ba="0,2" sc="240,15,240,15,250,-15,250,-15" hai0="6,10,14,27,28,34,40,45,48,76,78,101,102" hai1="2,3,17,22,24,56,62,67,87,89,92,124,125" /><INIT seed="0,1,2,2,3,21" ten="255,255,235,235" oya="0" hai0="114,33,131,3,39,6,97,56,111,29,13,109,129" hai1="125,18,35,8,108,106,10,25,46,84,119,85,16" hai2="51,105,17,55,79,98,104,74,95,121,38,86,20" hai3="89,81,5,23,93,128,40,102,0,82,92,52,49"/><T124/><D39/><U116/><E106/><V99/><F38/><W26/><G128/><N who="0" m="49227" /><D114/><U57/><E46/><V76/><F121/><W60/><G60/><T59/><D3/><U32/><E57/><N who="2" m="33023" /><F74/><W67/><G67/><T19/><D6/><U118/><E125/><V7/><F7/><W54/><G40/><T50/><D124/><U41/><E41/><V45/><F105/><W65/><G65/><T134/><D134/><U110/><REACH who="1" step="1"/><E118/><REACH who="1" ten="255,245,235,235" step="2"/><V117/><F45/><W77/><G54/><T87/><D56/><U94/><E94/><V80/><F104/><W101/><G92/><T78/><D59/><U113/><E113/><V122/><F117/><W48/><G52/><T123/><D123/><U31/><E31/><V34/><F122/><W37/><G93/><T63/><D50/><U61/><E61/><V28/><F95/><W71/><G37/><T130/><D63/><U75/><E75/><V107/><F107/><W90/><G49/><T42/><D42/><U70/><E70/><V22/><F28/><W53/><G71/><T83/><D130/><U12/><E12/><V62/><F62/><W88/><G53/><T47/><D47/><U2/><E2/><V103/><F99/><W126/><G48/><T120/><D97/><U68/><E68/><V14/><F98/><W24/><G126/><T66/><D120/><U127/><E127/><V11/><F14/><W135/><G0/><T58/><D58/><U64/><E64/><V132/><F132/><W69/><G69/><T72/><D66/><U91/><E91/><V9/><F86/><W73/><G135/><RYUUKYOKU ba="1,3" sc="255,-10,245,30,235,-10,235,-10" hai1="8,10,16,18,25,32,35,84,85,108,110,116,119" /><INIT seed="1,2,3,3,0,2" ten="245,275,225,225" oya="1" hai0="47,4,66,27,62,54,83,24,26,45,91,103,60" hai1="53,98,129,58,34,5,68,31,112,42,25,115,88" hai2="30,80,105,69,1,72,127,114,78,134,117,28,108" hai3="46,36,75,85,125,18,14,16,56,124,9,93,110"/><U97/><E68/><V20/><RYUUKYOKU type="yao9" ba="2,3" sc="245,0,275,0,225,0,225,0" hai2="1,20,28,30,69,72,78,80,105,108,114,117,127,134" /><INIT seed="1,3,3,3,5,67" ten="245,275,225,225" oya="1" hai0="84,10,114,129,124,11,37,4,93,26,24,43,61" hai1="34,130,31,133,80,56,86,90,27,105,21,1,19" hai2="9,100,54,20,117,16,33,78,25,45,94,113,126" hai3="83,132,115,102,60,59,99,32,18,96,89,41,97"/><U131/><E133/><V65/><F117/><W71/><G115/><T111/><D114/><U103/><E1/><V12/><F113/><W120/><G120/><T81/><D111/><U125/><E125/><V7/><F126/><W127/><G127/><T134/><D124/><U88/><E56/><V53/><F78/><W106/><G32/><T35/><D129/><N who="1" m="49163" /><E103/><V58/><F33/><W119/><G71/><T23/><D134/><U48/><E48/><N who="2" m="28815" /><F65/><W63/><G132/><T39/><D35/><U28/><E105/><V112/><F112/><W38/><G119/><T116/><D116/><U14/><E31/><V57/><F54/><W107/><G63/><T74/><D61/><U49/><E49/><V36/><F36/><W122/><G122/><T128/><D128/><U62/><E62/><V15/><F25/><W135/><G135/><T0/><D26/><U64/><E64/><V5/><F5/><W101/><G38/><T17/><D39/><U22/><E34/><V68/><F68/><W50/><G50/><T91/><D4/><U40/><E40/><V29/><F29/><W85/><G41/><T121/><D0/><U95/><E95/><V72/><F72/><W76/><G106/><T92/><D121/><U82/><E82/><V6/><F6/><W108/><G107/><T98/><D74/><U47/><E47/><V109/><F109/><W2/><G2/><T79/><D93/><U30/><E30/><V77/><F100/><W110/><G102/><T42/><D37/><U104/><E104/><V70/><F94/><W118/><G101/><T66/><D66/><RYUUKYOKU ba="3,3" sc="245,15,275,15,225,-15,225,-15" hai0="10,11,17,23,24,42,43,79,81,84,91,92,98" hai1="14,19,21,22,27,28,80,86,88,90" /><INIT seed="1,4,3,2,3,97" ten="260,290,210,210" oya="1" hai0="91,30,99,68,92,35,2,116,108,87,80,107,6" hai1="23,3,72,42,86,43,132,10,24,12,84,4,98" hai2="103,69,44,11,27,123,18,100,120,126,70,74,46" hai3="127,41,111,71,93,55,113,9,77,89,57,51,37"/><U90/><E132/><V26/><F18/><W60/><G113/><T65/><D116/><U36/><E72/><V19/><F19/><W48/><G111/><T52/><D108/><U54/><E3/><V15/><F74/><W22/><G127/><T1/><D6/><U40/><E36/><V109/><F109/><W81/><G71/><N who="2" m="27145" /><F11/><W7/><G37/><T121/><D52/><U82/><E54/><V124/><F15/><N who="3" m="5567" /><G41/><T31/><D31/><N who="1" m="17823" /><E86/><V131/><F131/><W20/><G81/><T104/><D80/><U34/><E34/><V38/><F26/><W76/><G22/><T110/><D107/><U53/><E53/><V33/><F27/><W61/><G20/><T25/><D110/><U16/><E98/><V75/><F75/><W134/><G134/><T119/><D119/><U125/><E125/><N who="2" m="48235" /><F33/><W79/><G61/><N who="0" m="39983" /><D121/><N who="2" m="46666" /><F38/><W95/><G95/><T50/><D50/><U32/><E32/><V105/><F105/><W47/><G47/><AGARI ba="4,3" hai="44,46,47,100,103" m="46666,48235,27145" machi="47" ten="40,8000,1" yaku="28,2,18,1,52,2" doraHai="97" who="2" fromWho="3" sc="260,0,290,0,210,122,210,-92" /><INIT seed="2,0,0,4,2,39" ten="260,290,332,118" oya="2" hai0="12,37,63,77,23,128,50,106,114,18,97,53,0" hai1="68,132,113,83,75,30,49,69,43,6,116,121,11" hai2="122,38,131,130,99,89,123,47,112,129,54,36,4" hai3="46,74,19,24,92,42,98,52,118,81,67,85,17"/><V94/><F4/><W78/><G118/><T58/><D114/><U73/><E116/><V27/><F112/><W64/><G74/><T103/><D37/><N who="2" m="14442" /><F27/><W108/><G108/><T72/><D128/><U135/><E113/><V55/><F47/><W16/><G24/><T87/><D0/><U115/><E30/><V96/><F96/><W93/><G42/><T102/><D102/><U86/><E115/><V66/><F66/><W20/><G20/><T134/><D134/><N who="1" m="51243" /><E121/><AGARI ba="0,0" hai="54,55,89,94,99,121,122,123,129,130,131" m="14442" machi="121" ten="40,2000,0" yaku="19,1" doraHai="39" who="2" fromWho="1" sc="260,0,290,-20,332,20,118,0" /><INIT seed="2,1,0,3,4,113" ten="260,270,352,118" oya="2" hai0="105,79,111,37,56,123,106,93,11,25,34,19,101" hai1="90,133,16,29,51,35,84,68,120,10,28,47,128" hai2="6,41,23,20,88,70,43,82,42,24,103,71,61" hai3="110,54,112,127,32,94,48,89,1,12,18,2,107"/><V0/><F103/><W86/><G107/><T108/><D123/><U5/><E68/><V104/><F104/><W64/><G110/><N who="0" m="42027" /><D37/><U22/><E120/><V78/><F6/><W50/><G127/><T59/><D79/><U91/><E133/><V83/><F0/><W115/><G32/><T122/><D122/><U124/><E128/><V99/><F20/><W4/><G64/><T38/><D38/><U85/><E124/><V13/><F13/><W30/><G30/><N who="0" m="19791" /><D19/><U17/><E35/><V53/><F70/><W74/><G74/><T95/><D11/><U55/><E85/><V118/><F118/><W76/><G76/><T102/><D102/><U92/><E91/><V21/><F21/><W97/><G4/><T80/><D80/><U132/><E132/><V131/><F71/><W109/><G112/><T130/><D130/><U52/><E55/><V27/><F27/><W7/><G7/><T62/><D56/><U36/><E36/><V69/><F69/><W96/><G115/><T15/><D15/><N who="1" m="7287" /><E5/><V49/><F78/><W135/><G1/><T9/><D9/><U117/><E117/><V14/><F14/><AGARI ba="1,0" hai="14,17,22,28,29,47,51,52,84,90,92" m="7287" machi="14" ten="30,3900,0" yaku="8,1,54,2" doraHai="113" who="1" fromWho="2" sc="260,0,270,42,352,-42,118,0" /><INIT seed="3,0,0,3,5,62" ten="260,312,310,118" oya="3" hai0="133,81,94,85,48,122,53,55,63,84,88,67,83" hai1="87,35,12,73,26,104,112,38,106,124,50,1,117" hai2="126,101,43,131,108,36,118,30,13,127,14,79,24" hai3="0,11,69,105,78,93,61,42,23,18,92,135,64"/><W60/><G135/><T98/><D122/><U58/><E112/><V115/><F115/><W130/><G130/><T116/><D116/><U134/><E1/><V100/><F118/><W103/><G78/><T90/><D133/><U57/><E38/><V27/><F131/><W121/><G121/><T45/><D55/><U56/><E73/><V72/><F108/><W33/><G33/><T65/><D63/><U75/><E75/><V28/><F43/><W91/><G42/><T37/><D37/><U41/><E117/><V109/><F36/><W15/><G91/><AGARI ba="0,0" hai="45,48,53,65,67,81,83,84,85,88,90,91,94,98" machi="91" ten="30,12000,2" yaku="7,1,9,1,8,1,52,2,54,1" doraHai="62" who="0" fromWho="3" sc="260,120,312,0,310,0,118,-120" owari="380,48.0,312,11.2,310,-9.0,-2,-50.2" /></mjloggm>