<mjloggm ver="2.3"><GO type="225" lobby="0"/><UN n0="%33%74%72%65%65" n1="%E5%B8%86%E7%AB%8B%E5%A4%8F%E8%A1%A3" n2="%E3%83%AB%E3%83%9B%E3%83%B3%E3%83%87%E3%82%A3%E3%82%A8" n3="%4E%6F%2E%30%30%30%31" dan="17,16,17,18" rate="2196.89,2102.00,2184.05,2233.47" sx="F,M,M,M"/><TAIKYOKU oya="0"/><INIT seed="0,0,0,1,1,19" ten="250,250,250,250" oya="0" hai0="1,83,7,37,94,51,120,67,2,116,133,52,75" hai1="112,24,119,73,6,32,105,27,44,76,14,122,123" hai2="48,78,95,93,92,3,84,9,42,82,132,118,30" hai3="87,45,125,113,117,68,36,54,81,102,33,50,100"/><T131/><D116/><U126/><E105/><V71/><F132/><W106/><G117/><T46/><D120/><U23/><E73/><V31/><F71/><W12/><G113/><T128/><D133/><U63/><E76/><V58/><F118/><W74/><G74/><T26/><D37/><U88/><E119/><V80/><F3/><W79/><G68/><T59/><D94/><U38/><E112/><V91/><F9/><W25/><G125/><T57/><D26/><U53/><E126/><V124/><F124/><W96/><G100/><T13/><D13/><U121/><E32/><V61/><F48/><W28/><G12/><T108/><D108/><U21/><E63/><V90/><F42/><W109/><REACH who="3" step="1"/><G36/><REACH who="3" ten="250,250,250,240" step="2"/><T10/><D1/><U29/><E38/><V111/><F111/><AGARI ba="0,1" hai="25,28,33,45,50,54,79,81,87,96,102,106,109,111" machi="111" ten="40,2600,0" yaku="1,1,2,1,53,0" doraHai="19" doraHaiUra="89" who="3" fromWho="2" sc="250,0,250,0,250,-26,240,36" /><INIT seed="1,0,0,5,5,61" ten="250,250,224,276" oya="1" hai0="27,3,25,55,15,127,49,21,56,116,62,51,48" hai1="83,76,54,97,121,17,6,46,75,0,10,134,35" hai2="119,18,117,126,26,4,59,109,53,93,7,45,118" hai3="112,73,2,125,32,110,79,128,132,124,38,12,135"/><U113/><E134/><V37/><F109/><W58/><RYUUKYOKU type="yao9" ba="0,0" sc="250,0,250,0,224,0,276,0" hai3="2,12,32,38,58,73,79,110,112,124,125,128,132,135" /><INIT seed="1,1,0,2,0,117" ten="250,250,224,276" oya="1" hai0="42,0,43,19,22,2,9,8,86,109,61,1,135" hai1="71,120,88,3,94,74,72,47,6,58,28,91,108" hai2="77,111,93,112,49,76,20,10,92,73,104,107,7" hai3="15,30,25,21,54,133,87,99,98,11,27,41,67"/><U5/><E120/><V69/><F69/><W82/><G133/><T85/><D135/><U110/><E71/><V26/><F111/><N who="1" m="42537" /><E28/><V4/><F112/><W57/><G67/><T102/><D109/><U44/><E58/><V118/><F118/><W130/><G27/><T59/><D102/><U75/><E91/><V78/><F73/><W122/><G41/><T38/><D38/><U35/><E35/><V55/><F104/><W134/><G130/><T17/><D59/><U101/><E101/><V124/><F107/><W70/><G70/><T29/><D29/><U132/><E132/><V128/><F124/><W80/><G80/><T24/><D61/><U52/><E3/><V12/><F4/><N who="1" m="1641" /><E52/><V53/><F128/><W100/><G100/><T84/><REACH who="0" step="1"/><D19/><REACH who="0" ten="240,250,224,276" step="2"/><U13/><E13/><V40/><F12/><W121/><G134/><T119/><D119/><U34/><E34/><V125/><F7/><N who="3" m="3583" /><G122/><T105/><D105/><U68/><E68/><V95/><F125/><W116/><G121/><T14/><D14/><U46/><E46/><N who="2" m="25799" /><F10/><AGARI ba="1,1" hai="0,1,2,8,9,10,17,22,24,42,43,84,85,86" machi="10" ten="50,1600,0" yaku="1,1,53,0" doraHai="117" doraHaiUra="60" who="0" fromWho="2" sc="240,29,250,0,224,-19,276,0" /><INIT seed="2,0,0,5,2,16" ten="269,250,205,276" oya="2" hai0="118,41,92,58,97,11,84,61,94,32,25,105,117" hai1="43,1,121,96,64,73,78,95,6,124,53,71,102" hai2="10,31,112,0,23,123,45,79,131,77,106,49,26" hai3="35,90,134,2,82,37,8,86,74,75,135,33,107"/><V76/><F112/><W66/><G107/><T72/><D72/><N who="3" m="27689" /><G37/><T114/><D114/><U93/><E124/><V113/><F123/><W125/><G66/><T27/><D41/><U128/><E128/><V115/><F106/><W63/><G63/><T133/><D133/><N who="3" m="50697" /><G125/><T47/><D105/><U119/><E119/><V67/><F67/><W69/><G69/><T13/><D61/><U81/><E121/><V54/><REACH who="2" step="1"/><F131/><REACH who="2" ten="269,250,195,276" step="2"/><W111/><G111/><T101/><D118/><U15/><E64/><V51/><F51/><W110/><G110/><T55/><D117/><U24/><E71/><V83/><F83/><W39/><G39/><T30/><D94/><U50/><E93/><V38/><F38/><W89/><G89/><T3/><D92/><U29/><E50/><V85/><F85/><W104/><G104/><T17/><D84/><U5/><E73/><V18/><F18/><W59/><G90/><T57/><D17/><U62/><E81/><V20/><F20/><W9/><G86/><T108/><D108/><U14/><E95/><V120/><F120/><W56/><G82/><T129/><D129/><U126/><E126/><V21/><F21/><W42/><G33/><T87/><D87/><U4/><E62/><V19/><F19/><W48/><G35/><T100/><D32/><U132/><E132/><V7/><AGARI ba="0,1" hai="0,7,10,23,26,31,45,49,54,76,77,79,113,115" machi="7" ten="30,11700,0" yaku="1,1,0,1,52,1,53,1" doraHai="16" doraHaiUra="34" who="2" fromWho="2" sc="269,-39,250,-39,195,127,276,-39" /><INIT seed="2,1,0,4,4,41" ten="230,211,322,237" oya="2" hai0="52,20,31,106,131,114,42,54,83,56,38,133,59" hai1="121,100,98,89,112,36,1,88,79,9,110,119,39" hai2="91,49,3,43,29,63,118,16,48,107,33,68,25" hai3="58,93,26,115,7,103,44,57,61,132,53,69,123"/><V13/><F3/><W18/><G123/><T21/><D114/><U77/><E112/><V22/><F118/><W92/><G115/><T84/><D106/><U30/><E119/><V28/><F28/><W127/><G69/><T76/><D131/><U24/><E121/><V80/><F107/><W135/><G127/><T6/><D133/><N who="3" m="51273" /><G7/><T5/><D38/><U14/><E1/><V60/><F68/><W45/><G58/><N who="0" m="22059" /><D42/><U32/><E110/><V104/><F104/><W97/><G93/><T55/><D20/><AGARI ba="1,0" hai="18,20,26,44,45,53,57,61,92,97,103" m="51273" machi="20" ten="30,3900,0" yaku="20,1,52,2" doraHai="41" who="3" fromWho="0" sc="230,-42,211,0,322,0,237,42" /><INIT seed="3,0,0,1,3,106" ten="188,211,322,279" oya="3" hai0="90,38,41,20,75,24,19,130,80,56,87,103,40" hai1="118,86,135,61,8,128,84,98,10,32,30,27,104" hai2="25,52,119,114,121,92,76,39,115,111,49,73,132" hai3="33,125,134,58,14,77,5,116,57,93,48,97,46"/><W2/><G116/><T53/><D130/><U55/><E128/><V99/><F39/><W79/><G2/><T0/><D0/><U18/><E118/><V43/><F43/><W42/><G33/><T124/><D124/><U17/><E135/><V123/><F111/><W74/><G134/><T78/><D103/><U70/><E18/><V108/><F108/><W102/><G125/><T96/><D38/><U22/><E10/><V72/><F25/><W64/><G74/><N who="2" m="28777" /><F76/><N who="3" m="29259" /><G64/><T23/><D23/><U6/><E55/><V85/><F85/><W91/><G102/><T16/><D19/><U9/><E9/><AGARI ba="0,0" hai="5,9,14,42,46,48,57,58,91,93,97" m="29259" machi="9" ten="30,1500,0" yaku="8,1" doraHai="106" who="3" fromWho="1" sc="188,0,211,-15,322,0,279,15" /><INIT seed="3,1,0,3,2,38" ten="188,196,322,294" oya="3" hai0="109,41,48,26,75,35,98,114,28,97,117,132,25" hai1="4,40,79,17,113,86,118,126,11,135,20,77,60" hai2="19,52,93,14,64,71,29,95,62,66,7,124,13" hai3="110,45,84,16,44,119,99,46,80,33,122,76,3"/><W104/><G122/><T51/><D117/><U106/><E113/><V121/><F124/><W112/><G119/><T18/><D114/><U107/><E118/><V36/><F36/><W85/><G112/><T101/><D75/><U82/><E126/><V90/><F29/><W56/><G33/><T127/><D127/><U89/><E135/><V49/><F66/><W5/><G110/><T1/><D132/><U39/><E107/><V50/><F50/><W30/><G30/><T83/><D109/><U120/><E106/><V116/><F95/><W100/><G56/><T58/><D1/><U131/><E131/><V55/><F55/><W34/><G34/><T37/><D83/><U88/><E120/><V128/><F7/><W12/><G3/><T111/><D111/><U32/><E32/><V133/><F13/><W8/><REACH who="3" step="1"/><G5/><REACH who="3" ten="188,196,322,284" step="2"/><T74/><D58/><U67/><E4/><V23/><F116/><W42/><G42/><T15/><D74/><AGARI ba="1,1" hai="8,12,16,44,45,46,74,76,80,84,85,99,100,104" machi="74" ten="40,3900,0" yaku="1,1,54,1,53,0" doraHai="38" doraHaiUra="63" who="3" fromWho="0" sc="188,-42,196,0,322,0,284,52" owari="146,-35.4,196,-20.4,322,12.2,336,43.6" /></mjloggm>