<mjloggm ver="2.3"><GO type="225" lobby="0"/><UN n0="%E7%9C%9F%E4%B8%80" n1="%E9%89%A2%E5%B7%BB%E3%82%AC%E3%83%96" n2="%E3%83%A9%E3%83%96%E3%83%AC%E3%83%BC" n3="%73%61%6B%6F%EF%BC%A0%E6%9C%80" dan="17,16,18,17" rate="2192.30,2045.53,2202.15,2220.60" sx="M,M,M,M"/><TAIKYOKU oya="0"/><INIT seed="0,0,0,3,3,28" ten="250,250,250,250" oya="0" hai0="120,104,64,39,84,41,40,114,111,85,24,126,29" hai1="123,48,105,106,43,50,63,70,21,115,10,12,73" hai2="42,83,66,59,130,62,116,23,35,3,32,46,132" hai3="30,14,71,6,113,129,118,127,13,128,122,2,1"/><T117/><D120/><U53/><E123/><V58/><F3/><N who="3" m="1035" /><G71/><T57/><D117/><U80/><E115/><V15/><F116/><W88/><G122/><T52/><D114/><U95/><E21/><V78/><F130/><N who="3" m="50283" /><G118/><T31/><D104/><U49/><E95/><V75/><F132/><W94/><G113/><T124/><D64/><U60/><E43/><N who="0" m="16457" /><D39/><U26/><E26/><V68/><F68/><W51/><G127/><N who="0" m="48683" /><D31/><U110/><E105/><V11/><F23/><W36/><G36/><T76/><D76/><U67/><E106/><V125/><F59/><W56/><G30/><T98/><D98/><U72/><E67/><V8/><F125/><W18/><G6/><T5/><D5/><U90/><E70/><V87/><F75/><W82/><G18/><T101/><D101/><U99/><E72/><V33/><REACH who="2" step="1"/><F15/><REACH who="2" ten="250,250,240,250" step="2"/><W69/><G69/><T37/><D111/><U92/><E110/><V121/><F121/><W81/><G13/><T54/><D37/><AGARI ba="0,1" hai="8,11,32,33,35,37,42,46,58,62,66,78,83,87" machi="37" ten="40,8000,1" yaku="1,1,52,3,53,0" doraHai="28" doraHaiUra="112" who="2" fromWho="0" sc="250,-80,250,0,240,90,250,0" /><INIT seed="1,0,0,1,0,62" ten="170,250,330,250" oya="1" hai0="31,83,17,30,80,132,54,133,74,63,106,37,111" hai1="43,61,33,42,19,49,130,131,95,14,103,114,4" hai2="0,120,79,94,113,56,3,72,116,9,2,64,41" hai3="75,90,86,128,70,16,68,1,93,29,66,12,92"/><U100/><E114/><V47/><F120/><W52/><G75/><T45/><D106/><U18/><E33/><V36/><F116/><W23/><G1/><T39/><D111/><U59/><E4/><N who="2" m="1159" /><F94/><W126/><G126/><T82/><D74/><U98/><E100/><V96/><F96/><W89/><G128/><N who="1" m="49194" /><E49/><V117/><F117/><W78/><G78/><T112/><D112/><U101/><E101/><V107/><F107/><W51/><G29/><N who="0" m="10763" /><D17/><N who="1" m="6155" /><E14/><V119/><F113/><W20/><G20/><T15/><D15/><U28/><E28/><V69/><F119/><W71/><G90/><T127/><D127/><U65/><AGARI ba="0,0" hai="42,43,59,61,65,95,98,103" m="6155,49194" machi="65" ten="30,3000,0" yaku="19,1,52,1" doraHai="62" who="1" fromWho="1" sc="170,-10,250,30,330,-10,250,-10" /><INIT seed="1,1,0,1,4,66" ten="160,280,320,240" oya="1" hai0="85,99,67,60,24,93,16,106,92,98,87,14,75" hai1="43,56,48,88,84,17,10,7,35,42,119,132,40" hai2="120,19,61,59,69,126,30,45,49,15,32,27,82" hai3="8,89,39,23,3,124,68,51,74,94,11,105,129"/><U114/><E114/><V96/><F126/><W110/><G39/><T50/><D75/><U65/><E119/><V26/><F120/><W25/><G74/><T53/><D106/><U38/><E35/><V107/><F82/><W122/><G122/><T36/><D24/><U13/><E132/><V125/><F125/><W79/><G105/><T62/><D36/><U55/><E65/><V95/><F107/><W108/><G124/><T109/><D109/><N who="3" m="42089" /><G79/><T115/><D115/><U104/><E104/><V86/><F69/><W103/><G103/><T4/><D4/><U123/><E123/><V28/><F86/><N who="3" m="52535" /><G3/><T102/><D67/><U6/><REACH who="1" step="1"/><E38/><REACH who="1" ten="160,270,320,240" step="2"/><V130/><F32/><W71/><G129/><T118/><D118/><U78/><E78/><V80/><F130/><W63/><G51/><T22/><D62/><U18/><E18/><V9/><F61/><W134/><G134/><T83/><D60/><U1/><E1/><V29/><F19/><N who="3" m="12543" /><G63/><T73/><D73/><U113/><E113/><V47/><F49/><W54/><G54/><T135/><D135/><U31/><E31/><V121/><F121/><W127/><G127/><T100/><REACH who="0" step="1"/><D83/><AGARI ba="1,1" hai="6,7,10,13,17,40,42,43,48,55,56,83,84,88" machi="83" ten="40,7700,0" yaku="1,1,8,1,54,1,53,0" doraHai="66" doraHaiUra="112" who="1" fromWho="0" sc="160,-80,270,90,320,0,240,0" /><INIT seed="1,2,0,0,2,106" ten="80,360,320,240" oya="1" hai0="98,25,86,51,72,28,119,89,130,112,76,69,58" hai1="115,63,2,125,129,41,55,132,4,79,107,37,92" hai2="32,48,82,53,123,26,0,9,38,3,60,78,94" hai3="43,20,21,133,1,57,85,105,121,66,39,75,99"/><U27/><E107/><V68/><F123/><W6/><G121/><T110/><D112/><U113/><E4/><V124/><F38/><W31/><G85/><T30/><D119/><U46/><E2/><V8/><F124/><W71/><G71/><T12/><D69/><U56/><E92/><V84/><F94/><W102/><G133/><T50/><D110/><U117/><E27/><V34/><F0/><W64/><G75/><T116/><D116/><U128/><E117/><V77/><F78/><W127/><G127/><T96/><D130/><N who="1" m="50283" /><E125/><V14/><F9/><W5/><G1/><T87/><D12/><U61/><E79/><V29/><F60/><N who="1" m="23113" /><E132/><V10/><F68/><W91/><G5/><T109/><D76/><U67/><E67/><V95/><F95/><W15/><G6/><T13/><D13/><U131/><N who="1" m="50291" /><U62/><AGARI ba="2,0" hai="37,41,46,55,56,62,113,115" m="23113,50291" machi="62" ten="40,12000,1" yaku="4,1,19,1,34,2" doraHai="106" who="1" fromWho="1" sc="80,-42,360,126,320,-42,240,-42" /><INIT seed="1,3,0,4,2,18" ten="38,486,278,198" oya="1" hai0="51,82,54,92,43,88,30,57,32,29,20,91,89" hai1="44,19,94,129,35,8,121,95,70,11,17,72,117" hai2="25,75,12,128,41,46,64,7,135,110,80,49,77" hai3="109,55,6,63,86,111,9,48,0,108,16,93,119"/><U69/><E72/><V47/><F128/><W27/><G119/><T38/><D32/><U62/><E35/><V85/><F110/><W98/><G63/><T90/><D38/><U131/><E62/><V87/><F135/><W52/><G86/><T120/><D120/><U26/><E44/><V45/><F64/><W14/><G27/><T33/><D33/><U81/><E26/><V53/><F85/><W56/><G55/><T59/><D43/><U124/><E81/><V5/><F75/><W68/><G68/><T122/><D122/><U130/><E130/><V100/><F100/><W107/><G107/><T24/><D82/><U105/><E105/><V65/><F65/><W104/><G104/><T40/><D40/><U102/><E102/><V76/><F77/><W126/><G126/><T21/><D59/><U83/><E83/><V115/><F115/><W61/><G48/><T84/><REACH who="0" step="1"/><D20/><REACH who="0" ten="28,486,278,198" step="2"/><U118/><E121/><V127/><F41/><W103/><REACH who="3" step="1"/><G109/><REACH who="3" ten="28,486,278,188" step="2"/><T133/><D133/><U116/><E118/><V10/><F127/><AGARI ba="3,2" hai="8,11,17,19,69,70,94,95,116,117,124,127,129,131" machi="127" ten="25,2400,0" yaku="22,2" doraHai="18" who="1" fromWho="2" sc="28,0,486,53,278,-33,188,0" /><INIT seed="1,4,0,5,3,23" ten="28,539,245,188" oya="1" hai0="36,113,52,44,38,120,115,104,124,119,72,59,53" hai1="133,79,3,122,80,107,94,125,19,14,60,55,105" hai2="5,33,116,30,126,70,111,28,4,57,66,31,51" hai3="123,27,37,88,99,35,61,56,7,34,118,90,11"/><U73/><E122/><V2/><F116/><W6/><G123/><T16/><D104/><U93/><E3/><V81/><F70/><W85/><G37/><T127/><D72/><U131/><E131/><V132/><F126/><N who="0" m="48170" /><D16/><U54/><E133/><V21/><F132/><W130/><G130/><T42/><D120/><U39/><E39/><V41/><F111/><W47/><G118/><T46/><D119/><U24/><E94/><V86/><F33/><W40/><G34/><T50/><D53/><U64/><E54/><N who="2" m="31967" /><F66/><W117/><G117/><T76/><D76/><U18/><E55/><V112/><F41/><AGARI ba="4,0" hai="36,38,41,42,44,46,50,52,59,113,115" m="48170" machi="41" ten="30,7700,0" yaku="18,1,34,2,54,1" doraHai="23" who="0" fromWho="2" sc="28,89,539,0,245,-89,188,0" /><INIT seed="2,0,0,4,0,75" ten="117,539,156,188" oya="2" hai0="120,40,89,4,58,5,113,20,96,98,125,34,76" hai1="70,33,22,121,111,46,29,67,52,42,107,1,24" hai2="74,0,49,88,112,115,85,32,86,55,27,135,119" hai3="12,53,36,99,103,122,93,72,109,57,102,23,61"/><V2/><F74/><W25/><G122/><T77/><D120/><U116/><E116/><V123/><F119/><W41/><G72/><T18/><D34/><U38/><E121/><V124/><F123/><W104/><G109/><T8/><D125/><U19/><E107/><V131/><F124/><W43/><G36/><T71/><D71/><U105/><E105/><V90/><F135/><W47/><G12/><N who="0" m="5127" /><D40/><U17/><E1/><V64/><F64/><W100/><G104/><T134/><D134/><U128/><E128/><V129/><F27/><W26/><G26/><N who="0" m="14615" /><D5/><U3/><E3/><V92/><F32/><W60/><G60/><T101/><D113/><U94/><E94/><N who="2" m="54543" /><F2/><W118/><G118/><T66/><D101/><N who="3" m="39017" /><G47/><T97/><D89/><U48/><E67/><V81/><F92/><W51/><G61/><AGARI ba="0,0" hai="58,61,66,76,77,96,97,98" m="14615,5127" machi="61" ten="30,3900,0" yaku="8,1,52,2" doraHai="75" who="0" fromWho="3" sc="117,39,539,0,156,0,188,-39" /><INIT seed="3,0,0,0,5,51" ten="156,539,156,149" oya="3" hai0="123,12,6,78,80,10,0,33,29,106,56,98,93" hai1="132,101,61,52,44,1,4,133,92,77,35,24,53" hai2="74,5,57,64,28,58,75,9,43,131,76,40,20" hai3="97,118,17,59,86,112,37,95,96,15,107,69,129"/><W102/><G118/><T47/><D106/><U70/><E77/><V19/><F28/><W27/><G112/><T13/><D123/><U121/><E121/><V116/><F116/><W55/><G69/><T54/><D47/><U90/><E101/><V122/><F122/><W124/><G37/><T113/><D29/><U103/><E103/><V125/><F75/><W2/><G2/><T16/><D33/><U71/><E44/><V66/><F76/><W48/><G129/><T62/><D113/><U105/><E105/><V134/><F74/><W91/><G124/><T100/><D16/><U85/><E24/><N who="2" m="14367" /><F131/><W81/><G27/><T117/><D117/><U26/><E26/><V67/><F134/><N who="1" m="51817" /><E35/><V82/><F82/><W60/><G60/><T25/><D25/><U21/><E21/><V36/><F36/><W39/><G39/><T14/><D0/><U18/><E18/><V8/><F125/><W7/><G7/><T32/><D32/><U50/><E53/><V63/><F5/><W88/><REACH who="3" step="1"/><G17/><REACH who="3" ten="156,539,156,139" step="2"/><T104/><D104/><U94/><E61/><N who="2" m="37935" /><F67/><W3/><G3/><T79/><D79/><U41/><E70/><V30/><F30/><W34/><G34/><T38/><D38/><U11/><E71/><V45/><F45/><W49/><G49/><T120/><D120/><U23/><E1/><V126/><F126/><W42/><G42/><AGARI ba="0,1" hai="8,9,40,42,43,58,63,66" m="37935,14367" machi="42" ten="30,1000,0" yaku="8,1" doraHai="51" who="2" fromWho="3" sc="156,0,539,0,156,20,139,-10" owari="156,-24.4,539,63.9,176,-2.4,129,-37.1" /></mjloggm>