<mjloggm ver="2.3"><GO type="225" lobby="0"/><UN n0="%E3%82%BC%E3%83%AB%E3%83%80%E3%81%AE%E4%BC%9D%E8%AA%AC" n1="%54%4F%52" n2="%E3%81%A8%E3%82%93%E3%81%A8%E3%81%93%E3%81%A8%E3%82%93" n3="%73%6C%69%63%6B%33%31%39" dan="17,17,16,16" rate="2286.54,2268.72,2113.69,2093.24" sx="M,M,M,M"/><TAIKYOKU oya="0"/><INIT seed="0,0,0,4,1,133" ten="250,250,250,250" oya="0" hai0="47,14,114,96,92,51,97,94,99,103,30,105,29" hai1="21,107,129,130,36,24,3,42,31,80,20,91,65" hai2="66,58,127,22,38,17,67,43,89,35,79,100,77" hai3="13,115,101,98,119,32,69,6,117,131,134,113,132"/><T68/><D114/><N who="3" m="43529" /><G98/><T90/><D68/><U46/><E107/><V50/><F35/><W88/><G101/><T71/><D71/><U28/><E3/><V111/><F38/><W19/><G69/><T26/><D14/><U126/><E65/><N who="2" m="24587" /><F111/><W52/><G88/><T63/><D63/><U85/><REACH who="1" step="1"/><E126/><REACH who="1" ten="250,240,250,250" step="2"/><V37/><F127/><W40/><G132/><T27/><D105/><U25/><AGARI ba="0,1" hai="20,21,24,25,28,31,36,42,46,80,85,91,129,130" machi="25" ten="30,12000,2" yaku="1,1,2,1,0,1,9,1,53,2" doraHai="133" doraHaiUra="23" who="1" fromWho="1" sc="250,-60,240,130,250,-30,250,-30" /><INIT seed="1,0,0,1,2,6" ten="190,370,220,220" oya="1" hai0="84,44,9,57,125,85,97,66,51,115,47,11,52" hai1="13,96,1,126,93,104,69,60,94,25,83,46,27" hai2="0,101,121,22,55,54,8,91,16,64,35,48,3" hai3="7,107,135,68,98,15,30,40,112,119,102,123,133"/><U78/><E1/><V111/><F121/><W21/><G123/><T106/><D115/><U70/><E104/><V19/><F35/><W18/><G112/><T109/><D109/><U108/><E108/><V12/><F111/><W88/><G68/><T37/><D125/><U113/><E113/><V17/><F101/><W36/><G119/><T100/><D44/><U50/><E126/><V120/><F120/><W24/><G7/><T76/><D76/><U90/><E94/><V67/><F91/><W80/><G40/><T114/><D114/><U95/><E95/><V43/><F0/><W4/><G4/><T34/><D34/><U99/><E99/><V72/><F72/><W130/><G36/><T38/><D38/><U87/><E13/><N who="2" m="7207" /><F3/><W41/><G41/><T42/><REACH who="0" step="1"/><D66/><REACH who="0" ten="180,370,220,220" step="2"/><N who="2" m="25130" /><F19/><W81/><G130/><T74/><D74/><U5/><E78/><V75/><F75/><W2/><G135/><T124/><D124/><U39/><E39/><V71/><F71/><W23/><G133/><T129/><D129/><U45/><E69/><V62/><F62/><W32/><G32/><T77/><D77/><U53/><E60/><V65/><N who="2" m="25138" /><V117/><DORA hai="79" /><F117/><W61/><G61/><T14/><D14/><U10/><E70/><V103/><F103/><W59/><G2/><T132/><D132/><U105/><E5/><V58/><F58/><W56/><G59/><T128/><D128/><U86/><E25/><V28/><F12/><W26/><G56/><T127/><D127/><U20/><E27/><V73/><F73/><W29/><G24/><T122/><D122/><RYUUKYOKU ba="0,1" sc="180,30,370,-10,220,-10,220,-10" hai0="9,11,37,42,47,51,52,57,84,85,97,100,106" /><INIT seed="2,1,1,3,0,87" ten="210,360,210,210" oya="2" hai0="54,131,69,127,92,84,96,93,101,56,27,70,111" hai1="110,30,115,7,61,38,81,117,130,28,25,94,98" hai2="45,55,52,106,124,26,19,125,64,83,77,40,123" hai3="3,132,66,1,128,50,24,51,18,102,48,105,46"/><V71/><F106/><W4/><G66/><T119/><D111/><U23/><E115/><V134/><F26/><W104/><G46/><T41/><D127/><N who="2" m="48714" /><F19/><W133/><G128/><T20/><D131/><U82/><E117/><V53/><F83/><W100/><G18/><T78/><D41/><U12/><E110/><V113/><F77/><W32/><G24/><T68/><D119/><U85/><E30/><V121/><F134/><N who="3" m="51819" /><G32/><T35/><D35/><U14/><E130/><V10/><F10/><N who="3" m="2319" /><G3/><T90/><D78/><U11/><E14/><V86/><F86/><W6/><G6/><T5/><D5/><U63/><E38/><N who="2" m="21655" /><F113/><W49/><N who="3" m="12288" /><DORA hai="109" /><W22/><G22/><T15/><D15/><U97/><E81/><V33/><F33/><W47/><G47/><T57/><REACH who="0" step="1"/><D54/><REACH who="0" ten="200,360,210,210" step="2"/><U108/><E108/><V122/><F55/><W99/><G100/><T76/><D76/><U118/><E7/><V34/><F34/><W91/><G91/><T88/><D88/><U103/><E103/><V58/><F71/><W129/><G129/><T39/><D39/><U72/><E12/><V16/><F53/><W9/><G9/><T79/><D79/><U44/><E11/><V29/><F52/><W112/><G112/><T21/><D21/><U89/><E23/><V65/><F121/><W31/><G105/><T8/><D8/><U120/><E120/><V60/><F122/><W135/><G135/><T107/><D107/><U74/><E118/><V73/><F123/><W0/><G0/><T95/><D95/><U114/><E94/><V116/><F116/><W80/><G80/><RYUUKYOKU ba="1,2" sc="200,15,360,-15,210,-15,210,15" hai0="20,27,56,57,68,69,70,84,90,92,93,96,101" hai3="31,99,102,104" /><INIT seed="3,2,2,2,4,131" ten="215,345,195,225" oya="3" hai0="95,100,75,69,33,135,67,126,93,107,13,65,78" hai1="74,35,70,127,8,7,43,73,125,19,41,80,28" hai2="132,115,0,92,108,129,25,130,124,109,68,30,61" hai3="9,89,34,76,17,87,110,56,63,134,52,128,94"/><W23/><G34/><T77/><D33/><U104/><E104/><V133/><F115/><W98/><G128/><N who="2" m="49257" /><F124/><N who="1" m="47689" /><E70/><V58/><F0/><W54/><G134/><N who="2" m="51817" /><F92/><N who="3" m="54335" /><G76/><T26/><D13/><N who="1" m="7591" /><E7/><V31/><F68/><W50/><G9/><T113/><D93/><U59/><E59/><V71/><F71/><W20/><G17/><T11/><D69/><U84/><E28/><N who="2" m="10795" /><F25/><W53/><G110/><T120/><D26/><U15/><E15/><V45/><F45/><N who="3" m="27727" /><G53/><AGARI ba="2,2" hai="53,58,61,108,109" m="10795,51817,49257" machi="53" ten="40,8000,1" yaku="19,1,20,1,52,3" doraHai="131" who="2" fromWho="3" sc="215,0,345,0,195,106,225,-86" owari="215,-18.5,345,44.5,301,10.1,139,-36.1" /></mjloggm>