<mjloggm ver="2.3"><GO type="225" lobby="0"/><UN n0="%E3%81%93%E3%82%93%E3%81%A9%E3%83%BC%E3%81%95%E3%82%93" n1="%E6%B4%BE%E9%81%A3%E3%81%AE%E3%82%B8%E3%83%A3%E3%83%83%E3%82%AF" n2="%72%65%6E%6B%75%6E" n3="%E6%A0%B9%E5%85%83%E3%81%8B%E3%82%89%E5%90%B9%E3%81%A3%E9%A3%9B%E3%81%B6" dan="16,17,17,17" rate="2091.17,2170.68,2205.29,2188.10" sx="F,M,M,F"/><TAIKYOKU oya="0"/><INIT seed="0,0,0,1,2,92" ten="250,250,250,250" oya="0" hai0="56,82,14,71,132,28,63,55,58,109,21,36,51" hai1="4,106,118,53,131,27,57,119,6,85,47,33,99" hai2="65,42,79,23,94,54,83,38,5,95,102,10,111" hai3="61,50,124,120,101,52,17,9,29,35,127,2,110"/><T60/><D36/><U40/><E131/><V26/><F111/><W114/><G110/><T66/><D109/><U74/><E74/><V62/><F54/><W126/><G114/><T117/><D117/><U13/><E85/><V69/><F38/><W87/><G120/><T135/><D82/><U88/><E106/><V34/><F34/><W115/><G115/><T8/><D21/><U113/><E113/><V64/><F42/><W77/><G101/><T24/><D24/><U86/><E33/><V122/><F64/><W116/><G116/><T72/><D28/><U22/><E99/><V104/><F104/><W78/><G61/><T98/><D72/><U45/><E119/><V123/><F102/><W68/><G68/><T15/><D98/><U1/><E1/><V31/><F122/><W128/><G128/><T73/><D73/><U67/><E67/><V59/><F69/><W12/><G87/><T37/><D37/><U19/><E118/><V11/><F11/><W103/><G2/><T125/><D125/><U133/><E133/><N who="0" m="51273" /><D8/><N who="1" m="4247" /><E4/><V100/><F100/><W30/><G103/><T16/><D16/><N who="1" m="12743" /><E40/><V130/><F123/><W89/><G30/><T49/><D49/><N who="1" m="30895" /><E19/><V90/><F130/><W93/><G29/><T121/><D121/><U41/><E41/><V32/><F32/><W129/><G129/><T43/><D43/><U96/><E96/><V39/><F39/><W76/><G35/><T81/><D81/><AGARI ba="0,0" hai="45,47,81,86,88" m="30895,12743,4247" machi="81" ten="30,3900,0" yaku="8,1,54,2" doraHai="92" who="1" fromWho="0" sc="250,-39,250,39,250,0,250,0" /><INIT seed="1,0,0,0,5,77" ten="211,289,250,250" oya="1" hai0="20,42,66,131,22,62,88,79,81,117,73,13,4" hai1="18,9,107,112,133,121,38,122,49,48,116,82,28" hai2="17,91,58,87,72,92,134,6,74,101,71,108,103" hai3="51,109,65,33,128,3,52,102,57,111,37,99,2"/><U23/><E107/><V118/><F71/><W119/><G128/><T64/><D117/><U12/><E38/><V126/><F118/><W105/><G33/><T93/><D131/><U21/><E116/><V59/><F6/><W78/><G119/><T100/><D42/><U130/><E112/><V132/><F108/><N who="3" m="41547" /><G37/><T75/><D75/><N who="2" m="28714" /><F17/><W10/><G78/><T0/><D100/><N who="2" m="38474" /><F58/><N who="3" m="33055" /><G10/><T27/><D0/><N who="3" m="41" /><G65/><T80/><D79/><U84/><E130/><V44/><F59/><AGARI ba="0,0" hai="57,59,99,102,105" m="41,33055,41547" machi="59" ten="30,2000,0" yaku="14,1,54,1" doraHai="77" who="3" fromWho="2" sc="211,0,289,0,250,-20,250,20" /><INIT seed="2,0,0,4,1,67" ten="211,289,230,270" oya="2" hai0="79,1,8,89,15,73,41,132,12,45,30,38,127" hai1="78,36,108,111,33,46,90,68,99,66,109,0,71" hai2="96,123,126,17,35,21,135,100,83,20,31,26,9" hai3="72,106,124,133,125,47,28,6,84,16,7,95,52"/><V37/><F37/><W121/><G121/><T102/><D132/><U116/><E116/><V86/><F123/><W13/><G72/><T11/><D127/><N who="3" m="48713" /><G106/><T40/><D102/><U119/><E119/><V131/><F135/><W112/><G28/><T61/><D30/><U4/><E33/><V110/><F126/><W105/><G112/><T5/><D41/><N who="1" m="22823" /><E66/><V93/><F131/><W51/><G105/><T101/><D101/><U81/><E99/><V64/><F110/><W129/><G129/><T114/><D114/><U113/><E90/><V118/><F118/><W82/><G95/><T53/><D89/><U80/><E113/><V63/><F9/><N who="3" m="6191" /><G133/><T60/><D53/><U14/><E14/><V75/><F75/><W2/><G2/><T107/><D107/><U85/><E80/><V62/><F64/><W29/><G29/><T91/><D91/><AGARI ba="0,0" hai="6,7,47,51,52,82,84,91" m="6191,48713" machi="91" ten="30,7700,0" yaku="25,1,18,1,54,2" doraHai="67" who="3" fromWho="0" sc="211,-77,289,0,230,0,270,77" /><INIT seed="3,0,0,5,0,92" ten="134,289,230,347" oya="3" hai0="104,81,20,1,98,73,38,109,111,88,21,96,115" hai1="112,60,19,51,59,93,94,135,95,131,31,67,26" hai2="116,71,22,75,86,64,119,123,3,91,29,65,55" hai3="72,15,83,61,130,125,113,134,99,28,74,69,18"/><W76/><G113/><T39/><D1/><U2/><E2/><V90/><F3/><W25/><G125/><T118/><D118/><U47/><E112/><V106/><F75/><W36/><G130/><T17/><D115/><U127/><E127/><V128/><F106/><W4/><G134/><T23/><D73/><U53/><E135/><V77/><F77/><W79/><G36/><N who="0" m="13867" /><D104/><U121/><E121/><V126/><F128/><W110/><G15/><T54/><D54/><U100/><E131/><V105/><F105/><W56/><G18/><T32/><D32/><U85/><E85/><V80/><F123/><W5/><G76/><T13/><D17/><U12/><E31/><V102/><F102/><W84/><G69/><T57/><D57/><U124/><E124/><V101/><F101/><W49/><G61/><T24/><D24/><U89/><E26/><N who="2" m="16599" /><F71/><W103/><G56/><T48/><D48/><U0/><E0/><V63/><F126/><W10/><G49/><T132/><D13/><U44/><E44/><V97/><F119/><W30/><G74/><T14/><D14/><U62/><E62/><V27/><F27/><W37/><G25/><T33/><D33/><U87/><REACH who="1" step="1"/><E100/><REACH who="1" ten="134,279,230,347" step="2"/><V122/><F122/><W8/><G103/><T52/><D132/><U43/><E43/><V9/><F116/><W133/><G84/><N who="0" m="50191" /><D52/><U42/><E42/><V35/><F35/><W45/><G30/><T34/><D34/><U78/><E78/><V70/><F55/><W40/><G28/><T7/><D7/><U68/><E68/><V108/><F70/><W46/><G133/><RYUUKYOKU ba="0,1" sc="134,15,279,15,230,-15,347,-15" hai0="20,21,23,96,98,109,111" hai1="12,19,47,51,53,59,60,67,87,89,93,94,95" owari="149,-35.1,294,9.4,215,-18.5,342,44.2" /></mjloggm>