<mjloggm ver="2.3"><GO type="225" lobby="0"/><UN n0="%E3%83%81%E3%83%AF%E3%83%AF%E9%9A%8A%E9%95%B7" n1="%61%6D%65%6B%69" n2="%E3%81%BF%E3%81%BF%E3%81%9A" n3="%E3%81%9F%E3%81%8B%E3%80%82" dan="17,16,18,16" rate="2201.95,2066.21,2257.44,2085.20" sx="M,M,M,M"/><TAIKYOKU oya="0"/><INIT seed="0,0,0,1,4,101" ten="250,250,250,250" oya="0" hai0="13,98,47,75,43,129,111,70,126,30,9,8,12" hai1="42,91,72,120,66,105,50,97,36,64,127,71,10" hai2="106,56,2,29,76,124,57,99,114,14,1,22,116" hai3="48,93,78,4,82,31,135,92,123,19,39,115,59"/><T40/><D70/><U58/><E72/><V23/><F114/><W5/><G39/><T16/><D75/><U25/><E120/><V51/><F76/><W112/><G123/><T103/><D126/><U95/><E36/><V11/><F124/><W35/><G135/><T132/><D132/><U52/><E42/><V7/><F116/><W41/><G35/><T61/><D129/><U128/><E128/><V122/><F122/><W68/><G68/><T90/><D111/><U119/><E119/><V94/><F106/><W121/><G121/><T33/><D61/><U46/><E127/><V96/><F96/><W17/><G31/><T44/><D90/><U86/><E71/><V81/><F81/><W45/><G59/><N who="2" m="22601" /><F1/><W37/><G37/><T107/><D43/><U49/><E25/><V85/><F85/><W83/><G78/><T73/><D73/><U15/><E105/><V20/><F51/><W32/><G32/><T134/><D134/><U109/><E86/><V65/><F2/><W133/><G41/><T38/><D44/><U118/><E118/><V80/><F80/><W87/><G133/><T108/><D108/><U110/><E109/><V18/><F29/><W130/><G87/><T102/><D33/><U79/><E79/><V100/><F65/><W89/><G130/><T104/><D30/><U27/><E110/><V117/><F117/><W84/><G84/><T28/><D28/><U125/><E125/><V53/><F53/><W74/><G74/><T62/><D62/><U69/><E69/><V54/><F54/><W63/><G63/><T26/><D38/><RYUUKYOKU ba="0,0" sc="250,-10,250,-10,250,30,250,-10" hai2="7,11,14,18,20,22,23,94,99,100" /><INIT seed="1,1,0,2,5,106" ten="240,240,280,240" oya="1" hai0="64,89,88,118,75,2,98,114,104,126,105,31,15" hai1="74,113,102,107,91,99,60,63,59,62,66,18,1" hai2="83,92,108,111,52,49,80,117,26,101,35,122,81" hai3="96,39,134,42,112,20,13,103,36,38,32,110,6"/><U33/><E113/><V40/><F117/><W84/><G112/><T71/><D2/><U130/><E130/><V22/><F122/><W8/><G134/><T53/><D114/><U129/><E129/><V128/><F128/><W34/><G110/><N who="2" m="42025" /><F40/><W115/><G115/><T14/><D118/><U116/><E116/><V43/><F43/><W68/><G68/><T123/><D123/><U69/><E1/><V120/><F120/><W21/><G42/><T41/><D41/><U25/><E59/><N who="2" m="33167" /><F35/><W50/><G50/><T90/><D126/><U79/><E91/><V70/><F70/><W132/><G132/><T78/><D71/><U5/><E5/><V85/><F92/><W93/><REACH who="3" step="1"/><G84/><REACH who="3" ten="240,240,280,230" step="2"/><T30/><D105/><U72/><E79/><N who="2" m="46239" /><F101/><W86/><G86/><T16/><D104/><U28/><E18/><AGARI ba="1,1" hai="18,22,26,81,83" m="46239,33167,42025" machi="18" ten="30,2000,0" yaku="14,1,54,1" doraHai="106" who="2" fromWho="1" sc="240,0,240,-23,280,33,230,0" /><INIT seed="2,0,0,4,4,4" ten="240,217,313,230" oya="2" hai0="128,11,116,36,122,1,21,82,77,98,90,6,84" hai1="80,67,134,25,112,88,54,107,42,45,23,22,102" hai2="115,40,43,57,48,91,52,64,110,65,37,99,114" hai3="117,32,50,118,97,14,13,119,121,26,85,71,58"/><V87/><F114/><W132/><G71/><T133/><D122/><U129/><E112/><V3/><F115/><W70/><G70/><T68/><D36/><U12/><E129/><V106/><F3/><W74/><G74/><T51/><D68/><U78/><E134/><V81/><F110/><W113/><G132/><T94/><D133/><U0/><E0/><V27/><F106/><W55/><G121/><T39/><D128/><U135/><E67/><N who="2" m="25675" /><F37/><W10/><G113/><T9/><D39/><U126/><E126/><V79/><F27/><W38/><G38/><T34/><D34/><U63/><E135/><V95/><AGARI ba="0,0" hai="40,43,48,52,57,79,81,87,91,95,99" m="25675" machi="95" ten="30,3000,0" yaku="8,1,54,1" doraHai="4" who="2" fromWho="2" sc="240,-10,217,-10,313,30,230,-10" /><INIT seed="2,1,0,3,5,109" ten="230,207,343,220" oya="2" hai0="48,57,64,39,58,4,121,96,107,127,69,134,97" hai1="83,47,54,10,112,102,106,34,33,60,132,113,98" hai2="19,65,31,75,101,117,17,24,73,29,51,81,7" hai3="78,41,116,123,55,22,90,129,66,105,11,27,91"/><V25/><F117/><W14/><G123/><T15/><D121/><U62/><E132/><V56/><F7/><W92/><G116/><T0/><D39/><U128/><E128/><V3/><F3/><W35/><G35/><T94/><D0/><U135/><E135/><V23/><F101/><W63/><G129/><T67/><D134/><U44/><E83/><V68/><F68/><W79/><G105/><T20/><D69/><U76/><E76/><V84/><F75/><W130/><G130/><T74/><D74/><U8/><E54/><V70/><F70/><W115/><G115/><T110/><D110/><U28/><E28/><V100/><F100/><W108/><G108/><T95/><D107/><U18/><E102/><V38/><F38/><W45/><G55/><T86/><D127/><U126/><E106/><V2/><F2/><W49/><G63/><T59/><D48/><U82/><E82/><V71/><F71/><W1/><G66/><N who="0" m="25131" /><D86/><U72/><E18/><V103/><F103/><W61/><G61/><T99/><D20/><U46/><E98/><V13/><F73/><W85/><G90/><T40/><D40/><U87/><E87/><V88/><F65/><W26/><G1/><T6/><D15/><U30/><E30/><V114/><F114/><N who="1" m="44137" /><E72/><V118/><F118/><W125/><G125/><T43/><D43/><U131/><E131/><V9/><F24/><W104/><G104/><T133/><D133/><U12/><E126/><V120/><F120/><W50/><G27/><T37/><D37/><U93/><E34/><V21/><F29/><N who="3" m="17623" /><G50/><T32/><D32/><RYUUKYOKU ba="1,0" sc="230,15,207,-15,343,-15,220,15" hai0="4,6,57,58,59,94,95,96,97,99" hai3="11,14,41,45,49,78,79,85,91,92" /><INIT seed="3,2,0,0,5,56" ten="245,192,328,235" oya="3" hai0="73,112,125,45,115,106,24,51,129,63,91,49,55" hai1="27,57,83,75,61,30,32,102,120,28,72,85,132" hai2="88,48,47,114,10,87,131,82,98,78,37,11,0" hai3="9,41,38,33,69,90,25,133,68,13,66,59,23"/><W4/><G33/><T130/><D73/><U117/><E120/><V103/><F114/><N who="0" m="43562" /><D106/><U116/><E132/><V77/><F37/><W20/><G133/><T6/><D6/><U19/><E102/><V35/><F35/><W123/><G123/><T121/><D121/><U31/><E19/><V135/><F131/><N who="0" m="50186" /><D24/><U50/><E50/><V81/><F135/><W8/><G23/><T76/><D91/><U71/><E71/><V107/><F0/><W93/><G9/><T43/><D76/><U110/><E110/><V53/><F77/><W3/><G3/><T44/><D63/><U127/><E127/><AGARI ba="2,0" hai="43,44,45,49,51,55,125,127" m="50186,43562" machi="127" ten="40,8000,1" yaku="11,1,19,1,34,2" doraHai="56" who="0" fromWho="1" sc="245,86,192,-86,328,0,235,0" owari="331,43.1,106,-39.4,328,12.8,235,-16.5" /></mjloggm>