<mjloggm ver="2.3"><GO type="225" lobby="0"/><UN n0="%72%69%6F%75%63%68%61%6E" n1="%72%61%6B%33" n2="%E6%B2%A1%E7%94%B7" n3="%4C%4F%4C%49%54%41" dan="16,16,16,16" rate="2218.43,2162.96,2106.32,2179.16" sx="M,M,M,F"/><TAIKYOKU oya="0"/><INIT seed="0,0,0,2,5,39" ten="250,250,250,250" oya="0" hai0="0,94,81,6,130,125,5,108,63,43,52,50,15" hai1="131,51,68,11,72,120,1,58,104,20,78,57,84" hai2="97,16,61,128,105,75,12,123,22,60,100,91,86" hai3="46,55,70,8,40,117,119,31,102,101,96,3,4"/><T18/><D125/><U32/><E120/><V26/><F123/><W38/><G101/><T59/><D130/><U71/><E32/><V90/><F128/><W76/><G31/><T49/><D108/><U88/><E104/><V37/><F75/><W99/><G96/><T30/><D30/><U53/><E131/><V129/><F129/><W103/><G102/><T13/><D0/><U110/><E110/><V36/><F91/><W62/><G76/><T80/><D94/><U79/><E57/><V44/><F12/><W67/><REACH who="3" step="1"/><G55/><REACH who="3" ten="250,250,250,240" step="2"/><T28/><D28/><U98/><E98/><V93/><REACH who="2" step="1"/><F37/><REACH who="2" ten="250,250,240,240" step="2"/><W64/><G64/><T9/><D5/><U34/><E79/><V127/><F127/><W69/><G69/><T126/><D126/><U87/><E78/><V118/><F118/><W29/><G29/><T19/><D6/><U23/><E71/><V35/><F35/><W134/><G134/><T135/><D135/><U73/><E68/><V113/><F113/><W41/><G41/><AGARI ba="0,2" hai="16,22,26,36,41,44,60,61,86,90,93,97,100,105" machi="41" ten="40,8000,1" yaku="1,1,52,1,54,1,53,1" doraHai="39" doraHaiUra="92" who="2" fromWho="3" sc="250,0,250,0,240,100,240,-80" /><INIT seed="1,0,0,3,1,116" ten="250,250,340,160" oya="1" hai0="115,120,100,45,6,17,126,2,49,122,106,81,40" hai1="131,112,9,14,20,74,36,15,46,11,101,89,127" hai2="31,96,57,113,47,27,94,33,18,22,73,114,39" hai3="90,133,59,128,24,1,69,107,95,5,58,37,34"/><U62/><E74/><V28/><F73/><W75/><G69/><T42/><D115/><N who="2" m="44042" /><F57/><W72/><G37/><T19/><D126/><U134/><E112/><V4/><F4/><W93/><G107/><T54/><D81/><U88/><E127/><V85/><F85/><W82/><G128/><T129/><D129/><U118/><E131/><V79/><F79/><W55/><G133/><T61/><D6/><U65/><E134/><V23/><F23/><W7/><G82/><T111/><D2/><U10/><E118/><V13/><F31/><W56/><G1/><T109/><D100/><U110/><E101/><N who="2" m="60567" /><F47/><W92/><G90/><T21/><D106/><U35/><E35/><V3/><F3/><W52/><G34/><T132/><D132/><U99/><E20/><V80/><F80/><W51/><G24/><N who="0" m="14383" /><D19/><U41/><E110/><N who="0" m="41993" /><D61/><U84/><E99/><V105/><F105/><W68/><G68/><T130/><D130/><U63/><E63/><V104/><F104/><W43/><G72/><T121/><AGARI ba="0,0" hai="40,42,45,49,54,120,121,122" m="41993,14383" machi="121" ten="40,8000,1" yaku="13,1,14,1,52,3" doraHai="116" who="0" fromWho="0" sc="250,80,250,-40,340,-20,160,-20" /><INIT seed="2,0,0,0,3,66" ten="330,210,320,140" oya="2" hai0="122,69,76,1,121,72,105,46,19,73,94,83,23" hai1="5,130,62,42,81,54,102,119,135,64,48,117,13" hai2="75,118,59,35,101,4,31,40,63,114,80,16,134" hai3="50,123,45,25,60,22,8,30,68,27,107,132,128"/><V100/><F118/><W98/><G123/><T3/><D105/><U14/><E102/><V70/><F114/><W86/><G128/><T125/><D125/><U12/><E130/><V61/><F4/><W15/><G132/><T37/><D72/><U91/><E135/><V108/><F134/><W115/><G115/><T44/><D69/><U57/><E42/><V49/><F108/><W127/><G127/><T109/><D109/><U82/><E5/><V110/><F110/><W7/><G107/><T116/><D116/><U0/><E0/><V65/><F16/><W55/><G98/><T95/><D1/><U51/><E51/><V32/><F75/><W79/><G27/><T33/><D33/><U21/><E21/><V28/><F80/><W84/><REACH who="3" step="1"/><G79/><REACH who="3" ten="330,210,320,130" step="2"/><T36/><D122/><U77/><E77/><V6/><F101/><W112/><G112/><T17/><D121/><U52/><E119/><V9/><F100/><W93/><G93/><T96/><D95/><U129/><E117/><V88/><F88/><W89/><G89/><T2/><D94/><U120/><E129/><V11/><F35/><W53/><G53/><T39/><D96/><U74/><E120/><V124/><F32/><W29/><G29/><T78/><D76/><U87/><E54/><N who="2" m="34039" /><F124/><W47/><G47/><T85/><D46/><U41/><E41/><V26/><F26/><W24/><G24/><N who="0" m="14447" /><D44/><N who="1" m="27655" /><E82/><V133/><F133/><W56/><G56/><T10/><D73/><U111/><E74/><V71/><F31/><W126/><G126/><T38/><N who="0" m="9216" /><DORA hai="67" /><T104/><D104/><U58/><E111/><RYUUKYOKU ba="0,1" sc="330,10,210,10,320,-30,130,10" hai0="2,3,10,19,78,83,85" hai1="12,13,14,57,58,62,64,81,87,91" hai3="7,8,15,22,25,30,45,50,55,60,68,84,86" /><INIT seed="3,1,1,1,1,87" ten="340,220,290,140" oya="3" hai0="5,91,31,60,8,85,71,67,9,100,2,78,101" hai1="10,59,57,25,66,113,0,123,38,104,130,11,48" hai2="24,52,116,80,42,99,131,63,68,109,45,1,33" hai3="36,112,77,64,56,122,106,96,34,39,98,51,55"/><W132/><G112/><T47/><D31/><U22/><E113/><V15/><F116/><W75/><G122/><T134/><D134/><U58/><E123/><V3/><F1/><W124/><G34/><T128/><D128/><U127/><E38/><V54/><F3/><W18/><G132/><T13/><D47/><U30/><E130/><V49/><F131/><W69/><G124/><T46/><D78/><U81/><E127/><V53/><F109/><W95/><G106/><T102/><D46/><U89/><E104/><V114/><F114/><W97/><G18/><T19/><D101/><U107/><E107/><V37/><F99/><W133/><G133/><T35/><D35/><U103/><E103/><V83/><F15/><W7/><G7/><T90/><D90/><U111/><E111/><V40/><F40/><W129/><G129/><T28/><D28/><U70/><E0/><V44/><F80/><AGARI ba="1,1" hai="2,5,8,9,13,19,60,67,71,80,85,91,100,102" machi="80" ten="30,2000,0" yaku="7,1,52,1" doraHai="87" who="0" fromWho="2" sc="340,33,220,0,290,-23,140,0" owari="373,47.3,220,-18.0,267,6.7,140,-36.0" /></mjloggm>