<mjloggm ver="2.3"><GO type="225" lobby="0"/><UN n0="%E3%82%BC%E3%83%AB%E3%83%80%E3%81%AE%E4%BC%9D%E8%AA%AC" n1="%6D%75%75%6D%75%72%61" n2="%E3%82%B2%E3%82%B9%E8%8C%82%E5%8B%9D" n3="%E6%9D%B1%E9%A2%A8%E3%81%AE%E3%81%8D%E3%82%83%E3%81%B7%E3%81%95%E3%82%93" dan="17,16,16,16" rate="2144.89,2135.57,2095.12,2147.09" sx="M,F,F,M"/><TAIKYOKU oya="0"/><INIT seed="0,0,0,5,3,14" ten="250,250,250,250" oya="0" hai0="116,51,94,121,95,85,42,54,47,45,4,74,53" hai1="22,128,76,44,16,66,80,19,52,29,8,20,129" hai2="78,111,97,18,34,5,133,86,124,98,7,3,103" hai3="37,123,79,135,39,91,130,13,2,12,63,33,93"/><T125/><D74/><U32/><E32/><V38/><F34/><W114/><G33/><T105/><D116/><U15/><E66/><V100/><F111/><W113/><G2/><T72/><D121/><U75/><E29/><V59/><F38/><W82/><G123/><T57/><D72/><U96/><E96/><V73/><F73/><W110/><G135/><T119/><D119/><U71/><E71/><V90/><F133/><W70/><G130/><N who="1" m="50282" /><E19/><V28/><F78/><W35/><G110/><T115/><D115/><U31/><E31/><V62/><F28/><W88/><G35/><T126/><D105/><U68/><E68/><V48/><F48/><AGARI ba="0,0" hai="8,15,16,20,22,44,48,52,75,76,80" m="50282" machi="48" ten="30,7700,0" yaku="19,1,52,1,54,2" doraHai="14" who="1" fromWho="2" sc="250,0,250,77,250,-77,250,0" /><INIT seed="1,0,0,0,2,76" ten="250,327,173,250" oya="1" hai0="83,33,36,29,127,93,120,89,34,108,20,121,51" hai1="86,84,47,113,67,92,109,22,65,16,23,122,79" hai2="133,27,125,104,10,77,101,45,87,38,55,43,60" hai3="48,56,90,123,21,103,32,99,98,107,24,7,59"/><U117/><E113/><V88/><F133/><W106/><G32/><T12/><D36/><U119/><E122/><N who="0" m="47209" /><D108/><U116/><E109/><V132/><F132/><W57/><G7/><T49/><D127/><U68/><E47/><V72/><F125/><W71/><G71/><T52/><D51/><U28/><E68/><V82/><F27/><W73/><G73/><T31/><D12/><U5/><E5/><V124/><F124/><W118/><G123/><T53/><D53/><U75/><E28/><N who="0" m="10825" /><D20/><U18/><E75/><V134/><F134/><W95/><G118/><T130/><D130/><U14/><E116/><V78/><F10/><W96/><G48/><T111/><D83/><N who="1" m="47231" /><E119/><V9/><F9/><W17/><REACH who="3" step="1"/><G103/><REACH who="3" ten="250,327,173,240" step="2"/><T42/><D111/><U91/><E117/><V131/><F131/><W50/><G50/><T70/><D70/><U110/><E110/><V135/><F135/><W30/><G30/><T54/><D42/><U97/><E97/><AGARI ba="0,1" hai="17,21,24,56,57,59,90,95,96,97,98,99,106,107" machi="97" ten="40,1300,0" yaku="1,1,53,0" doraHai="76" doraHaiUra="11" who="3" fromWho="1" sc="250,0,327,-13,173,0,240,23" /><INIT seed="2,0,0,4,0,135" ten="250,314,173,263" oya="2" hai0="106,38,13,96,62,35,12,26,36,20,15,6,37" hai1="121,48,107,9,116,109,58,22,64,0,31,124,104" hai2="7,83,122,111,2,78,75,94,44,129,120,84,126" hai3="72,56,40,67,16,130,81,39,65,134,132,10,54"/><V55/><F7/><W4/><G130/><T17/><D62/><U92/><E116/><V127/><F2/><W119/><G4/><T70/><D70/><U1/><E109/><V21/><F129/><W88/><G72/><T19/><D6/><U57/><E121/><V27/><F55/><W77/><G77/><T69/><D69/><U8/><E31/><V45/><F111/><W52/><G40/><T60/><D35/><U63/><E22/><V76/><F94/><W98/><G39/><T113/><D113/><U89/><E104/><V42/><F75/><W123/><G123/><T61/><D19/><U91/><E107/><V34/><F34/><W93/><G81/><T46/><D46/><N who="2" m="18026" /><F76/><W73/><G73/><T128/><D128/><U51/><E92/><V105/><F105/><W118/><G54/><T28/><D28/><U100/><E1/><V49/><F49/><W103/><G103/><T41/><D41/><U95/><E95/><V68/><F68/><W86/><G98/><T66/><D66/><U87/><E64/><V74/><F74/><W117/><G67/><T99/><D99/><U53/><E0/><V112/><F112/><W125/><G65/><T79/><D79/><U59/><E51/><V97/><F97/><W29/><G29/><T115/><D115/><U80/><E48/><V101/><F42/><W85/><G118/><T50/><D50/><U3/><E3/><V32/><F32/><W18/><G119/><T14/><N who="0" m="3072" /><DORA hai="71" /><T82/><REACH who="0" step="1"/><D82/><REACH who="0" ten="240,314,173,263" step="2"/><U5/><E80/><V23/><F122/><W133/><G117/><T43/><D43/><RYUUKYOKU ba="0,1" sc="240,30,314,-10,173,-10,263,-10" hai0="17,20,26,36,37,38,60,61,96,106" /><INIT seed="3,1,1,5,1,109" ten="270,304,163,253" oya="3" hai0="26,94,58,20,118,15,47,11,87,76,82,92,16" hai1="69,134,126,46,5,86,9,63,13,2,107,35,83" hai2="28,4,61,55,119,80,48,132,40,117,54,103,91" hai3="21,29,30,10,62,18,81,17,129,37,68,88,1"/><W98/><G37/><T24/><D118/><U22/><E107/><V66/><F103/><W77/><G129/><T93/><D58/><U56/><E69/><V99/><F28/><W53/><G68/><T14/><D47/><U74/><E35/><V115/><F4/><AGARI ba="1,1" hai="4,11,14,15,16,20,24,26,76,82,87,92,93,94" machi="4" ten="40,2600,0" yaku="8,1,54,1" doraHai="109" who="0" fromWho="2" sc="270,39,304,0,163,-29,253,0" owari="309,40.9,304,10.4,134,-36.6,253,-14.7" /></mjloggm>