<mjloggm ver="2.3"><GO type="225" lobby="0"/><UN n0="%E3%81%A4%E3%81%A3%E3%81%B1%E3%82%8A%E3%83%9D%E3%83%BC%E3%83%AB" n1="%E6%A1%9C%E8%8A%B1%E9%96%83%E3%80%85" n2="%33%74%72%65%65" n3="%4D%6F%6E%61%6E%61" dan="17,16,16,16" rate="2228.40,2197.86,2158.59,2089.60" sx="M,M,F,F"/><TAIKYOKU oya="0"/><INIT seed="0,0,0,0,5,37" ten="250,250,250,250" oya="0" hai0="61,79,91,112,95,86,10,2,17,12,82,128,63" hai1="130,101,111,90,58,28,42,30,68,8,55,44,56" hai2="39,62,72,108,16,76,77,6,14,89,21,116,84" hai3="18,11,27,99,118,131,113,98,102,59,51,87,60"/><T129/><D112/><U85/><E111/><V69/><F108/><W24/><G113/><T4/><D129/><U15/><E130/><V19/><F116/><W32/><G118/><T20/><REACH who="0" step="1"/><D128/><REACH who="0" ten="240,250,250,250" step="2"/><U135/><E135/><V54/><F72/><AGARI ba="0,1" hai="2,4,10,12,17,20,61,63,72,79,82,86,91,95" machi="72" ten="30,5800,0" yaku="1,1,2,1,7,1,53,0" doraHai="37" doraHaiUra="25" who="0" fromWho="2" sc="240,68,250,0,250,-58,250,0" /><INIT seed="0,1,0,3,5,12" ten="308,250,192,250" oya="0" hai0="74,10,14,115,89,27,101,122,124,128,79,75,71" hai1="16,64,55,91,62,56,97,127,108,57,63,3,37" hai2="132,114,82,121,25,21,65,32,68,4,117,129,107" hai3="43,93,58,135,15,125,34,85,6,70,106,111,131"/><T73/><D115/><U103/><E108/><V104/><F82/><W26/><G106/><T77/><D122/><U69/><E127/><V105/><F121/><W78/><G70/><T67/><D124/><U60/><E3/><V100/><F114/><W118/><G43/><T102/><D128/><U23/><E37/><V72/><F129/><W88/><G118/><T7/><D89/><U40/><E40/><V59/><F117/><W36/><G36/><T20/><D67/><U49/><E91/><V13/><F72/><W112/><G112/><T46/><D46/><U9/><E9/><V53/><F132/><W38/><G38/><T133/><D71/><U44/><E69/><V52/><F100/><W17/><G125/><T119/><D133/><U99/><E64/><V0/><F59/><N who="1" m="22601" /><E103/><V96/><F65/><W47/><G135/><T22/><D119/><U48/><E49/><V42/><F42/><W110/><G131/><T19/><D102/><U130/><E130/><V84/><F0/><W41/><G78/><T18/><REACH who="0" step="1"/><D101/><REACH who="0" ten="298,250,192,250" step="2"/><U87/><E87/><V51/><F84/><W2/><G85/><T134/><D134/><U92/><E92/><V1/><F68/><W86/><G58/><T116/><D116/><U95/><E95/><V30/><F107/><W28/><G47/><T39/><D39/><U126/><E126/><V90/><F105/><W29/><G93/><T98/><D98/><U83/><E83/><V109/><F104/><W113/><G113/><T81/><D81/><U35/><E35/><V45/><F96/><W66/><G34/><T123/><D123/><RYUUKYOKU ba="1,1" sc="298,15,250,15,192,-15,250,-15" hai0="7,10,14,18,19,20,22,27,73,74,75,77,79" hai1="16,23,44,48,55,60,62,63,97,99" /><INIT seed="0,2,1,3,3,64" ten="313,265,177,235" oya="0" hai0="29,96,100,36,35,121,0,50,13,6,52,76,73" hai1="10,68,133,106,94,97,125,114,54,30,134,117,131" hai2="132,75,104,105,41,24,44,40,99,107,135,62,46" hai3="130,103,92,2,21,12,85,129,20,26,70,1,47"/><T37/><D0/><U89/><E117/><V112/><F112/><W110/><G110/><T27/><D121/><U78/><E114/><V59/><F75/><W32/><G47/><N who="2" m="17961" /><F99/><N who="3" m="59879" /><G85/><T72/><D6/><U18/><E30/><V7/><F7/><W3/><G12/><T5/><D13/><N who="1" m="7479" /><E125/><V122/><F122/><W67/><G32/><T16/><D5/><U4/><E4/><V90/><F90/><W79/><G79/><T51/><D16/><U126/><E126/><V38/><F38/><W11/><G11/><T42/><D37/><U109/><E54/><N who="2" m="34167" /><F24/><W127/><G127/><T22/><D35/><U91/><E106/><N who="2" m="27139" /><V108/><DORA hai="53" /><F108/><W101/><G101/><T55/><D36/><U58/><E78/><V31/><F31/><W25/><G25/><T34/><D76/><U80/><E109/><V45/><N who="2" m="17969" /><V74/><DORA hai="39" /><F74/><W113/><G113/><T88/><D34/><U82/><E91/><V56/><F56/><W111/><G111/><T66/><D73/><U83/><E58/><V48/><F48/><N who="0" m="18474" /><D72/><U19/><E19/><V17/><F17/><N who="3" m="12559" /><G21/><T86/><D100/><U33/><E33/><V71/><F71/><W120/><G120/><T43/><D96/><U65/><E68/><V28/><F28/><W8/><G8/><T9/><D9/><U63/><E97/><V102/><F102/><W84/><G84/><T61/><D86/><U123/><E123/><V98/><F98/><W77/><G77/><T87/><D87/><U81/><N who="1" m="20480" /><DORA hai="128" /><U60/><E89/><V124/><F124/><W15/><G15/><T115/><D88/><RYUUKYOKU ba="2,1" sc="313,-15,265,-15,177,15,235,15" hai2="40,41,132,135" hai3="1,2,3,67,70,129,130" /><INIT seed="1,3,1,0,1,12" ten="298,250,192,250" oya="1" hai0="40,131,100,30,105,85,46,7,112,83,118,121,80" hai1="53,45,95,114,24,50,49,37,101,87,35,127,76" hai2="14,63,66,27,43,18,111,129,58,6,64,54,5" hai3="0,88,39,15,1,8,47,51,89,42,71,91,128"/><U68/><E114/><V99/><F111/><W29/><G71/><T125/><D118/><U96/><E68/><V52/><F129/><W55/><G29/><T38/><D112/><U102/><E127/><V36/><F36/><W110/><G110/><T26/><D125/><U3/><E3/><V20/><F43/><W57/><REACH who="3" step="1"/><G128/><REACH who="3" ten="298,250,192,240" step="2"/><T86/><D30/><U117/><E117/><V10/><F5/><AGARI ba="3,2" hai="0,1,5,8,15,39,42,47,51,55,57,88,89,91" machi="5" ten="40,5200,0" yaku="1,1,2,1,54,1,53,0" doraHai="12" doraHaiUra="73" who="3" fromWho="2" sc="298,0,250,0,192,-61,240,81" /><INIT seed="2,0,0,1,0,24" ten="298,250,131,321" oya="2" hai0="0,71,96,93,27,78,73,35,34,58,88,29,132" hai1="112,31,8,109,94,70,129,89,124,123,121,135,72" hai2="91,87,59,36,120,50,131,98,5,86,53,55,4" hai3="104,133,92,6,12,26,117,85,17,60,62,45,68"/><V105/><F120/><W103/><G104/><T47/><D71/><U61/><E112/><V130/><F36/><W134/><G117/><T21/><D0/><U43/><E72/><V76/><F76/><W122/><G122/><N who="1" m="46602" /><E109/><V67/><F67/><W28/><G6/><T52/><D132/><N who="3" m="50793" /><G45/><T63/><REACH who="0" step="1"/><D47/><REACH who="0" ten="288,250,131,321" step="2"/><U83/><E70/><V111/><F111/><W64/><G68/><T33/><D33/><U9/><E135/><V108/><F108/><W49/><G64/><T81/><AGARI ba="0,1" hai="21,27,29,34,35,52,58,63,73,78,81,88,93,96" machi="81" ten="30,8000,1" yaku="1,1,0,1,52,1,54,2,53,0" doraHai="24" doraHaiUra="39" who="0" fromWho="0" sc="288,90,250,-20,131,-40,321,-20" /><INIT seed="3,0,0,0,3,122" ten="378,230,91,301" oya="3" hai0="1,89,54,58,130,49,116,106,5,44,3,60,91" hai1="37,16,59,34,72,125,95,97,132,15,62,9,50" hai2="70,123,46,133,126,20,98,18,104,82,83,6,10" hai3="111,119,22,13,134,112,30,33,103,86,80,128,57"/><W96/><G112/><T27/><D116/><U76/><E37/><V85/><F123/><W4/><G119/><T114/><D106/><U78/><E125/><V115/><F115/><W121/><G121/><T40/><D114/><U7/><E132/><V129/><F133/><W43/><G128/><T108/><D130/><U31/><E72/><V25/><F129/><W21/><G134/><T12/><D108/><U19/><E34/><V17/><F126/><W51/><G111/><T101/><D101/><U105/><E31/><V107/><F70/><W42/><G33/><T74/><D74/><U102/><E105/><V93/><F104/><W52/><G22/><T29/><D3/><U100/><E100/><V117/><F117/><W0/><G0/><T66/><D1/><U120/><E120/><V109/><F109/><W92/><G4/><T14/><D66/><U79/><REACH who="1" step="1"/><E50/><REACH who="1" ten="378,220,91,301" step="2"/><V26/><F107/><W8/><G30/><T84/><D49/><U77/><N who="1" m="19456" /><DORA hai="23" /><U127/><E127/><V36/><F85/><W73/><G73/><T61/><D84/><U39/><E39/><V87/><F87/><W135/><G135/><T24/><D29/><U11/><E11/><V2/><F36/><W90/><G8/><T67/><D91/><U48/><E48/><V75/><F75/><W56/><G56/><T124/><D89/><U32/><E32/><V71/><F71/><W38/><G38/><T35/><D58/><U69/><E69/><V113/><F113/><W88/><G103/><T99/><D124/><U55/><AGARI ba="0,1" hai="7,9,15,16,19,55,59,62,95,97,102" m="19456" machi="55" ten="40,8000,1" yaku="1,1,0,1,8,1,54,1,53,1" doraHai="122,23" doraHaiUra="81,53" who="1" fromWho="1" sc="378,-20,220,90,91,-20,301,-40" owari="358,45.8,310,11.0,71,-42.9,261,-13.9" /></mjloggm>