<mjloggm ver="2.3"><GO type="225" lobby="0"/><UN n0="%E3%82%B3%E3%83%90%E3%83%AC%E3%82%A4" n1="%E3%81%BF%E3%81%BF%E3%81%9A" n2="%4B%2E%32%2E%4B%2E" n3="%41%6F%54" dan="16,18,16,16" rate="2106.18,2252.71,2166.34,2075.07" sx="M,M,M,M"/><TAIKYOKU oya="0"/><INIT seed="0,0,0,0,1,98" ten="250,250,250,250" oya="0" hai0="51,3,105,17,70,43,64,9,59,119,22,23,19" hai1="84,53,65,10,66,122,88,15,106,92,117,131,4" hai2="44,41,116,48,67,74,99,25,58,2,89,24,129" hai3="120,101,104,111,0,103,135,125,45,26,124,94,115"/><T37/><D37/><U42/><E117/><V12/><F2/><W32/><G115/><T56/><D105/><U35/><E122/><V27/><F74/><W134/><G120/><T82/><D119/><U31/><E131/><V96/><F116/><W127/><G0/><T121/><D121/><U54/><E106/><V118/><F118/><W112/><G112/><T133/><D70/><U40/><E31/><V68/><F68/><W61/><G104/><T110/><D3/><U28/><E28/><V77/><F77/><W30/><G111/><T95/><D9/><U83/><E35/><V6/><F129/><W49/><G61/><N who="0" m="37927" /><D82/><U126/><E126/><V100/><F89/><W80/><G80/><T5/><D5/><U29/><E29/><V71/><F71/><W21/><G32/><T38/><D38/><U78/><E66/><V132/><F132/><N who="3" m="50731" /><G94/><T60/><D133/><U93/><E93/><N who="2" m="58383" /><F99/><W130/><G130/><T7/><D7/><U91/><E65/><V114/><F114/><W128/><G128/><T69/><D69/><U79/><E78/><V33/><F33/><W46/><G46/><N who="0" m="26079" /><D95/><U39/><E39/><V123/><F123/><W50/><G50/><T90/><D90/><N who="1" m="34347" /><E92/><V13/><F6/><W8/><G8/><T18/><D110/><U62/><E62/><AGARI ba="0,0" hai="12,13,24,25,27,41,44,48,58,62,67" m="58383" machi="62" ten="30,2000,0" yaku="8,1,52,1" doraHai="98" who="2" fromWho="1" sc="250,0,250,-20,250,20,250,0" /><INIT seed="1,0,0,2,2,127" ten="250,230,270,250" oya="1" hai0="24,34,114,38,21,106,52,59,2,41,94,56,62" hai1="74,18,82,129,31,29,1,65,97,85,32,40,33" hai2="133,96,6,128,12,109,110,47,80,95,17,86,93" hai3="27,53,44,57,113,81,112,103,43,64,84,58,120"/><U11/><E74/><V45/><F133/><W28/><G120/><T90/><D2/><U130/><E65/><V135/><F135/><W36/><G103/><T25/><D106/><U63/><E63/><V51/><F6/><W70/><G58/><T119/><D119/><U79/><E40/><V118/><F118/><W42/><G42/><T14/><D114/><U3/><E97/><V68/><F68/><W105/><G105/><T23/><D34/><N who="1" m="13419" /><E18/><V20/><F45/><W83/><G83/><T132/><D41/><U26/><E11/><V101/><F93/><W37/><G37/><T50/><D38/><U100/><E100/><V78/><F128/><N who="1" m="49257" /><E29/><V75/><F75/><W122/><G64/><T125/><D132/><U117/><E117/><V55/><AGARI ba="0,0" hai="12,17,20,47,51,55,78,80,86,95,96,101,109,110" machi="55" ten="30,1100,0" yaku="0,1" doraHai="127" who="2" fromWho="2" sc="250,-3,230,-5,270,11,250,-3" /><INIT seed="2,0,0,5,5,108" ten="247,225,281,247" oya="2" hai0="99,70,113,18,13,71,127,55,47,124,20,102,32" hai1="81,123,60,3,79,23,58,25,45,74,34,1,51" hai2="121,88,119,105,97,14,95,56,27,24,114,72,133" hai3="44,40,125,59,17,103,65,129,122,111,52,6,28"/><V62/><F119/><W78/><G122/><T57/><D32/><U38/><E34/><V8/><F121/><W115/><G111/><T30/><D30/><U134/><E38/><V109/><F133/><W120/><G120/><T96/><D96/><U10/><E134/><V82/><F109/><W93/><G129/><T112/><D47/><U63/><E123/><V90/><F114/><N who="0" m="44138" /><D57/><U126/><E126/><N who="0" m="48169" /><D55/><U29/><E10/><V106/><F97/><W77/><G52/><T19/><D18/><U64/><REACH who="1" step="1"/><E63/><REACH who="1" ten="247,215,281,247" step="2"/><V0/><F62/><W110/><G115/><T67/><D67/><U76/><E76/><V37/><F37/><W87/><G78/><T107/><AGARI ba="0,1" hai="13,19,20,70,71,99,102,107" m="48169,44138" machi="107" ten="30,7900,0" yaku="18,1,52,3" doraHai="108" who="0" fromWho="0" sc="247,89,215,-20,281,-39,247,-20" /><INIT seed="3,0,0,2,4,66" ten="336,195,242,227" oya="3" hai0="85,43,95,75,67,16,65,56,117,86,80,9,100" hai1="125,124,112,121,2,101,6,118,48,105,12,20,108" hai2="23,30,41,126,38,134,83,98,52,49,89,8,1" hai3="0,111,123,7,70,97,15,135,59,40,51,47,122"/><W39/><G0/><T21/><D75/><U5/><E101/><V27/><F126/><N who="1" m="48745" /><E105/><V91/><F134/><W131/><G135/><T113/><D43/><U114/><E48/><V64/><F64/><W102/><G70/><T46/><D46/><U116/><E121/><V110/><F110/><W72/><G72/><T73/><D73/><U93/><E93/><V120/><F120/><W90/><G111/><T3/><D117/><N who="1" m="45163" /><E108/><V25/><F98/><W79/><G79/><T36/><D36/><U94/><E94/><V103/><F103/><W129/><G90/><T22/><D95/><U128/><E128/><N who="3" m="49226" /><G59/><T77/><D56/><U11/><E5/><V35/><F89/><W99/><G51/><T68/><D100/><U132/><E132/><V63/><F91/><W58/><G58/><T4/><D86/><U37/><E37/><V50/><F50/><W127/><G127/><T82/><D85/><U32/><E32/><V28/><F49/><W17/><G7/><T78/><D77/><U96/><E96/><N who="3" m="36938" /><G102/><T87/><D78/><U26/><E2/><V34/><F1/><W60/><G60/><T88/><D3/><U19/><AGARI ba="0,0" hai="6,11,12,19,20,26,112,114" m="45163,48745" machi="19" ten="30,7900,0" yaku="18,1,12,1,34,2" doraHai="66" who="1" fromWho="1" sc="336,-20,195,79,242,-20,227,-39" owari="316,41.6,274,7.4,222,-17.8,188,-31.2" /></mjloggm>