<mjloggm ver="2.3"><GO type="225" lobby="0"/><UN n0="%E5%8F%AF%E5%85%90%E9%82%A3%E7%94%B1%E5%A4%9A" n1="%E3%83%B4%E3%83%A0%EF%BC%99%E3%81%A6" n2="%E5%8D%A0%E3%81%84%E5%B8%AB%E8%A3%8F%E3%81%AA%E3%81%84%E3%81%97" n3="%73%6C%69%63%6B%33%31%39" dan="16,17,17,16" rate="2196.09,2129.71,2141.62,2099.37" sx="F,M,M,M"/><TAIKYOKU oya="0"/><INIT seed="0,0,0,5,0,69" ten="250,250,250,250" oya="0" hai0="112,122,128,15,63,20,30,49,115,101,33,5,109" hai1="14,88,130,56,53,26,60,2,46,132,68,62,34" hai2="116,40,121,131,72,110,95,81,113,18,82,117,79" hai3="118,0,91,67,103,108,51,24,124,58,105,70,36"/><T1/><D101/><U52/><E2/><V94/><F121/><W47/><G118/><N who="2" m="45673" /><F18/><W98/><G0/><T99/><D99/><U97/><E130/><V28/><F28/><W57/><G108/><T11/><D49/><N who="1" m="28727" /><E68/><V66/><F66/><W23/><G124/><T134/><D63/><N who="1" m="36239" /><E34/><V21/><F40/><W19/><G70/><T92/><D92/><N who="2" m="35370" /><F21/><W31/><G91/><T78/><D78/><U119/><E119/><V135/><F110/><W59/><G36/><T114/><D109/><U120/><E120/><V16/><F131/><W129/><G129/><T22/><D128/><U29/><E132/><V48/><F48/><W96/><G96/><T27/><D122/><U54/><E14/><V83/><F135/><W12/><G67/><T93/><D93/><N who="1" m="56487" /><E54/><V73/><F113/><W13/><REACH who="3" step="1"/><G31/><REACH who="3" ten="250,250,250,240" step="2"/><T102/><D134/><U6/><E6/><V65/><F65/><W84/><G84/><T107/><D114/><U41/><E41/><AGARI ba="0,1" hai="12,13,19,23,24,41,47,51,57,58,59,98,103,105" machi="41" ten="40,1300,0" yaku="1,1,53,0" doraHai="69" doraHaiUra="125" who="3" fromWho="1" sc="250,0,250,-13,250,0,240,23" /><INIT seed="1,0,0,3,0,70" ten="250,237,250,263" oya="1" hai0="32,23,56,15,106,135,35,65,81,131,130,99,34" hai1="1,109,117,116,129,42,123,52,115,90,91,111,54" hai2="118,48,33,114,134,44,105,19,50,83,127,92,12" hai3="104,46,124,108,97,22,94,30,49,21,66,57,89"/><U71/><E115/><V9/><F118/><N who="1" m="45673" /><E123/><V76/><F105/><W18/><G108/><N who="1" m="41546" /><E129/><N who="0" m="49161" /><D135/><U20/><E71/><V8/><F134/><W60/><G124/><T17/><D81/><U72/><E1/><V62/><F33/><W80/><G104/><T0/><D0/><U86/><E72/><V69/><F127/><W85/><G30/><T16/><D17/><U14/><E42/><V78/><F114/><W121/><G121/><T88/><D106/><U75/><E75/><V37/><F69/><W103/><REACH who="3" step="1"/><G18/><REACH who="3" ten="250,237,250,253" step="2"/><T133/><D133/><U102/><E102/><V28/><F19/><W77/><G77/><T126/><D126/><U40/><E40/><AGARI ba="0,1" hai="21,22,40,46,49,57,60,66,80,85,89,94,97,103" machi="40" ten="30,7700,0" yaku="1,1,7,1,8,1,53,1" doraHai="70" doraHaiUra="47" who="3" fromWho="1" sc="250,0,237,-77,250,0,253,87" /><INIT seed="2,0,0,5,2,50" ten="250,160,250,340" oya="2" hai0="124,85,2,90,116,62,99,56,112,24,48,110,55" hai1="61,86,69,45,79,127,15,29,26,132,42,3,13" hai2="111,12,88,134,92,39,59,96,31,4,78,63,0" hai3="58,27,102,87,76,34,94,68,11,122,75,95,107"/><V115/><F115/><W19/><G68/><T30/><D112/><U35/><E3/><V33/><F39/><W129/><G122/><T121/><D121/><U72/><E72/><V81/><F0/><W97/><G129/><T77/><D2/><U100/><E127/><V83/><F134/><W105/><G75/><T49/><D124/><U41/><E132/><V9/><F111/><W67/><G11/><T108/><D116/><U128/><E128/><V109/><F109/><N who="0" m="42090" /><D99/><U25/><E100/><V47/><F47/><W89/><G76/><T28/><D77/><U7/><E26/><V38/><F38/><W64/><G64/><T52/><D24/><U119/><E119/><V131/><F131/><W98/><G87/><T54/><D48/><U91/><E79/><V16/><F4/><W46/><G46/><N who="0" m="27703" /><D55/><U104/><E104/><V126/><F126/><W6/><G97/><T123/><D123/><U82/><E41/><V74/><F78/><W114/><G98/><T36/><D36/><U21/><E35/><V8/><F33/><W37/><G27/><T1/><D1/><U73/><E73/><V135/><F74/><W113/><G34/><T22/><D22/><U44/><E42/><V71/><F135/><W106/><G37/><T101/><D101/><U133/><E133/><V57/><F96/><W18/><G102/><T130/><D130/><U103/><E103/><V23/><F23/><W60/><G114/><T65/><D65/><N who="1" m="41135" /><E15/><V32/><F12/><W17/><G113/><T80/><AGARI ba="0,0" hai="28,30,54,56,62,80,85,90" m="27703,42090" machi="80" ten="30,7900,0" yaku="14,1,52,2,54,1" doraHai="50" who="0" fromWho="0" sc="250,79,160,-20,250,-39,340,-20" /><INIT seed="3,0,0,0,3,132" ten="329,140,211,320" oya="3" hai0="74,33,125,51,58,25,54,14,134,104,7,122,32" hai1="65,92,91,116,86,43,128,44,20,23,80,41,81" hai2="49,21,39,9,76,102,95,79,17,6,83,119,117" hai3="108,30,100,64,34,47,105,56,109,131,62,29,126"/><W0/><G126/><T118/><D125/><U114/><E114/><V4/><F39/><W38/><G131/><T5/><D118/><U57/><E116/><V121/><F119/><W36/><G0/><T72/><D104/><U12/><E128/><V35/><F35/><W129/><G129/><T3/><D122/><U124/><E124/><V85/><F117/><W68/><G56/><T84/><D134/><U112/><E112/><V130/><F121/><W10/><G10/><T93/><D3/><U127/><E127/><V52/><F79/><W59/><G59/><T24/><D33/><U103/><E103/><V42/><F42/><N who="3" m="22983" /><G38/><T13/><D74/><U55/><E65/><V53/><F53/><W75/><G75/><T89/><D72/><U46/><E43/><V133/><F133/><W115/><G115/><T8/><D32/><U22/><E12/><N who="0" m="4713" /><D8/><U60/><REACH who="1" step="1"/><E41/><REACH who="1" ten="329,130,211,320" step="2"/><V19/><F102/><W123/><G123/><T90/><D24/><U2/><E2/><V48/><F130/><W16/><G16/><T45/><D25/><U66/><E66/><V37/><F17/><W61/><G61/><T70/><D70/><U96/><E96/><V15/><F19/><W120/><G120/><T31/><D31/><N who="3" m="11785" /><G34/><T88/><D58/><U1/><E1/><V87/><F15/><W113/><G113/><T69/><D69/><U71/><E71/><V101/><F101/><W106/><G100/><T73/><D73/><U99/><E99/><V110/><F110/><AGARI ba="0,1" hai="62,64,68,105,106,108,109,110" m="11785,22983" machi="110" ten="30,2900,0" yaku="14,1,10,1" doraHai="132" who="3" fromWho="2" sc="329,0,130,0,211,-29,320,39" owari="329,12.9,130,-37.0,182,-21.8,359,45.9" /></mjloggm>