<mjloggm ver="2.3"><GO type="225" lobby="0"/><UN n0="%E3%81%A4%E3%81%A3%E3%81%B1%E3%82%8A%E3%83%9D%E3%83%BC%E3%83%AB" n1="%6D%75%75%73%61%6E%6D%75" n2="%E9%B3%B3%E6%9D%B1%E3%81%AE%E3%81%86%E3%81%95%E3%81%8E%E3%81%95%E3%82%93" n3="%6C%61%6D%62" dan="16,16,17,16" rate="2161.46,2157.47,2223.88,2156.72" sx="M,F,M,M"/><TAIKYOKU oya="0"/><INIT seed="0,0,0,5,2,16" ten="250,250,250,250" oya="0" hai0="95,71,24,90,68,124,72,11,25,60,21,118,64" hai1="6,75,81,79,101,59,8,48,133,38,55,45,116" hai2="54,84,1,33,28,98,93,83,35,103,82,96,39" hai3="62,86,113,22,58,14,89,20,120,46,2,78,108"/><T128/><D118/><U31/><E116/><V91/><F1/><W50/><G2/><T15/><D128/><U3/><E133/><V126/><F126/><W85/><G113/><T42/><D124/><U23/><E101/><V130/><F130/><W32/><G32/><T99/><D72/><U87/><E87/><V131/><F131/><W94/><G108/><T44/><D71/><U53/><E53/><V9/><F39/><W135/><G135/><T10/><D25/><U67/><E67/><V0/><F82/><N who="3" m="47319" /><G14/><T97/><D97/><U4/><E4/><V5/><F28/><W134/><G120/><T112/><D15/><U12/><E12/><V109/><F109/><W27/><G27/><T41/><D112/><U115/><E115/><V105/><REACH who="2" step="1"/><F54/><REACH who="2" ten="250,250,240,250" step="2"/><N who="3" m="34135" /><G134/><T119/><D119/><U129/><E129/><V70/><F70/><W100/><G100/><AGARI ba="0,1" hai="0,5,9,33,35,83,84,91,93,96,98,100,103,105" machi="100" ten="30,2000,0" yaku="1,1,7,1,53,0" doraHai="16" doraHaiUra="123" who="2" fromWho="3" sc="250,0,250,0,240,30,250,-20" /><INIT seed="1,0,0,4,1,134" ten="250,250,270,230" oya="1" hai0="89,113,32,118,64,46,0,78,99,108,91,20,7" hai1="125,122,93,11,109,101,95,31,35,49,92,85,4" hai2="54,87,81,132,117,41,58,98,56,74,123,53,23" hai3="29,129,106,55,111,76,83,25,68,40,52,60,50"/><U70/><E122/><V69/><F123/><W59/><G106/><T100/><D32/><U19/><E70/><V28/><F117/><W119/><G119/><T12/><D118/><U37/><E37/><V88/><F69/><W124/><G111/><T21/><D0/><U82/><E109/><V103/><F132/><W14/><G129/><T10/><D113/><U114/><E114/><V86/><F74/><W94/><G124/><T63/><D78/><U38/><E38/><V57/><F41/><W27/><G40/><T80/><D46/><U42/><E35/><V13/><F86/><W18/><G94/><N who="0" m="58487" /><D108/><U105/><E31/><V48/><F54/><W102/><G102/><T97/><D80/><U16/><E125/><V51/><F51/><W66/><G29/><T34/><D34/><U72/><E72/><V84/><F84/><W112/><G55/><T127/><D127/><U73/><E73/><V44/><F13/><W24/><G112/><T61/><D64/><U130/><E130/><V15/><F15/><W115/><G115/><T90/><D97/><U22/><E105/><V128/><F128/><W8/><REACH who="3" step="1"/><G27/><REACH who="3" ten="250,250,270,220" step="2"/><T135/><D135/><U104/><E104/><V3/><F103/><W45/><G45/><T6/><D6/><U1/><E101/><V110/><F110/><W107/><G107/><T116/><D116/><U133/><E133/><V65/><F44/><W96/><G96/><T47/><D47/><N who="1" m="25847" /><E22/><AGARI ba="0,1" hai="7,10,12,20,21,22,61,63,89,90,91" m="58487" machi="22" ten="30,1000,0" yaku="8,1" doraHai="134" who="0" fromWho="1" sc="250,20,250,-10,270,0,220,0" /><INIT seed="2,0,0,4,1,86" ten="270,240,270,220" oya="2" hai0="134,130,81,113,44,32,23,39,116,16,88,91,114" hai1="112,35,70,127,96,118,4,7,8,48,95,106,82" hai2="108,93,45,2,131,78,40,26,53,29,63,58,50" hai3="14,28,92,85,27,111,11,12,19,94,123,31,102"/><V125/><F131/><W21/><G123/><T55/><D32/><U0/><E106/><V1/><F125/><W65/><G111/><T13/><D130/><U60/><E127/><V42/><F108/><W71/><G102/><T99/><D134/><U115/><E118/><V62/><F78/><W87/><G71/><T124/><D124/><U110/><E110/><V30/><F42/><W49/><G65/><T36/><D116/><U97/><E35/><V37/><F29/><W128/><G128/><T79/><D39/><U122/><E122/><V22/><REACH who="2" step="1"/><F93/><REACH who="2" ten="270,240,260,220" step="2"/><N who="3" m="35947" /><G28/><T120/><D79/><U41/><E97/><V109/><F109/><W135/><G135/><T73/><D99/><U76/><E96/><V107/><F107/><W43/><G12/><T77/><D120/><U72/><E76/><V100/><F100/><W56/><G43/><T84/><D73/><U9/><E72/><V117/><F117/><W104/><G104/><T46/><D114/><U67/><E112/><V129/><F129/><W57/><G49/><N who="0" m="29095" /><D113/><U98/><E115/><V54/><F54/><W64/><G64/><T133/><D133/><U51/><E41/><V68/><F68/><W89/><G85/><N who="0" m="48303" /><D36/><U38/><E38/><V47/><F47/><W103/><G103/><T6/><D84/><U61/><E70/><V74/><F74/><W90/><G87/><T66/><D46/><U80/><E67/><V25/><F25/><W15/><G15/><N who="0" m="9631" /><D66/><U132/><E132/><V59/><F59/><AGARI ba="0,1" hai="11,14,19,21,27,31,56,57,59,89,90" m="35947" machi="59" ten="30,3900,0" yaku="8,1,52,2" doraHai="86" who="3" fromWho="2" sc="270,0,240,0,260,-39,220,49" /><INIT seed="3,0,0,3,4,4" ten="270,240,221,269" oya="3" hai0="60,74,24,94,95,87,84,27,108,115,31,15,114" hai1="120,59,12,41,121,86,10,42,67,112,32,118,88" hai2="36,83,26,2,66,98,33,18,29,51,100,21,106" hai3="77,104,49,123,75,89,80,76,17,133,47,13,11"/><W105/><G123/><T20/><D74/><U57/><E112/><N who="0" m="43049" /><D108/><U127/><E32/><V85/><F36/><W40/><G133/><T14/><D60/><U48/><E127/><V22/><F2/><W19/><G77/><T78/><D27/><U134/><E134/><V122/><F122/><W119/><G119/><T68/><D68/><U62/><E118/><V97/><F97/><W101/><G101/><T63/><D63/><N who="1" m="38383" /><E48/><V69/><F51/><W96/><REACH who="3" step="1"/><G19/><REACH who="3" ten="270,240,221,259" step="2"/><T23/><D78/><U1/><E121/><V44/><F44/><W50/><G50/><T43/><D43/><U52/><E120/><V34/><F69/><W46/><G46/><T81/><D87/><U7/><E1/><V8/><F66/><W58/><G58/><T110/><D84/><U128/><E128/><V124/><F124/><W54/><G54/><T45/><D45/><U109/><E109/><V111/><F111/><W30/><G30/><T61/><D31/><U131/><E131/><V91/><REACH who="2" step="1"/><F34/><REACH who="2" ten="270,240,211,259" step="2"/><W102/><G102/><T28/><D110/><U99/><E99/><V125/><F125/><W92/><AGARI ba="0,2" hai="11,13,17,40,47,49,75,76,80,89,92,96,104,105" machi="92" ten="30,6000,0" yaku="1,1,0,1,52,1,53,0" doraHai="4" doraHaiUra="126" who="3" fromWho="3" sc="270,-20,240,-20,211,-20,259,80" owari="250,5.0,220,-18.0,191,-30.9,339,43.9" /></mjloggm>