<mjloggm ver="2.3"><GO type="225" lobby="0"/><UN n0="%E8%A8%88%E7%AE%97%E6%A9%9F%E8%87%AA%E7%84%B6" n1="%E4%B8%89%E5%86%A0%E7%8E%8B%E3%83%BB%E5%B1%B1%E7%94%B0%E5%93%B2%E4%BA%BA" n2="%E3%81%B2%E3%81%AA%E3%81%AE%E3%82%8A%E3%81%8F" n3="%6D%75%75%6D%75%72%61" dan="17,16,16,17" rate="2183.04,2138.06,2139.93,2178.44" sx="M,M,M,F"/><TAIKYOKU oya="0"/><INIT seed="0,0,0,3,1,42" ten="250,250,250,250" oya="0" hai0="108,8,15,40,65,102,113,128,97,122,82,71,126" hai1="103,30,48,18,61,85,31,84,130,51,93,100,25" hai2="111,77,81,125,73,28,135,132,5,99,69,52,19" hai3="131,120,98,49,78,83,55,112,7,91,24,121,68"/><T20/><D113/><U34/><E130/><V58/><F69/><W74/><G112/><T133/><D122/><U86/><E31/><V66/><F66/><W106/><G131/><T88/><D128/><U22/><E61/><V94/><F111/><W63/><G7/><T115/><D115/><U96/><REACH who="1" step="1"/><E100/><REACH who="1" ten="250,240,250,250" step="2"/><V33/><F28/><W16/><G63/><T75/><D102/><U123/><E123/><V72/><F132/><W134/><G134/><T105/><D133/><U114/><E114/><V56/><F135/><W26/><G121/><T17/><D65/><U41/><E41/><V124/><F124/><W4/><G120/><T107/><D126/><U45/><E45/><V89/><F125/><W9/><G68/><T35/><D40/><U50/><E50/><V76/><F33/><W37/><G49/><T43/><D43/><U27/><AGARI ba="0,1" hai="18,22,25,27,30,34,48,51,84,85,86,93,96,103" machi="27" ten="30,2000,0" yaku="1,1,0,1,53,0" doraHai="42" doraHaiUra="87" who="1" fromWho="1" sc="250,-10,240,30,250,-5,250,-5" /><INIT seed="1,0,0,0,1,78" ten="240,270,245,245" oya="1" hai0="30,14,107,97,10,96,25,60,106,40,105,73,89" hai1="62,131,103,93,12,18,51,0,80,120,113,125,75" hai2="57,42,81,111,16,109,100,112,95,2,69,7,79" hai3="8,90,126,132,102,77,116,47,41,37,3,13,9"/><U129/><E0/><V22/><F69/><W110/><G110/><N who="2" m="41993" /><F112/><W17/><G126/><T32/><D73/><U123/><E113/><V70/><F70/><W33/><G132/><T119/><D119/><U118/><E118/><V26/><F42/><W1/><G116/><T91/><D40/><U76/><E125/><V48/><F2/><W122/><G122/><T43/><D43/><U56/><E51/><V74/><F7/><W117/><G33/><T5/><REACH who="0" step="1"/><D60/><REACH who="0" ten="230,270,245,245" step="2"/><U114/><E114/><V24/><F48/><W49/><G117/><T135/><D135/><U38/><E38/><V61/><F61/><W34/><G37/><T82/><D82/><U35/><E123/><V46/><F81/><W28/><G41/><T108/><D108/><U66/><E120/><V87/><F74/><W19/><G49/><T115/><D115/><U63/><E63/><V55/><F46/><W52/><G47/><T85/><D85/><U31/><E80/><V21/><F87/><W121/><G121/><T72/><D72/><U23/><E75/><V11/><F79/><W130/><G77/><T39/><D39/><U71/><E76/><V59/><F11/><W65/><G9/><T134/><D134/><U88/><E71/><V128/><F128/><W101/><G130/><T68/><D68/><U124/><E124/><V27/><F59/><W6/><G8/><T86/><D86/><N who="1" m="52375" /><E131/><V54/><F57/><W15/><G1/><T44/><D44/><U67/><E129/><V58/><F58/><W84/><G3/><T53/><D53/><N who="2" m="19978" /><F22/><W127/><G127/><T4/><D4/><RYUUKYOKU ba="0,1" sc="230,15,270,-15,245,15,245,-15" hai0="5,10,14,25,30,32,89,91,96,97,105,106,107" hai2="16,21,24,26,27,95,100" /><INIT seed="2,1,1,0,3,67" ten="245,255,260,230" oya="2" hai0="65,130,135,62,34,103,70,68,40,126,7,124,43" hai1="123,100,71,82,116,94,31,11,107,88,47,30,27" hai2="32,15,42,102,10,35,132,18,98,133,105,72,64" hai3="127,75,96,61,80,78,128,118,19,106,36,59,115"/><V14/><F72/><W45/><G118/><T117/><D34/><U97/><E116/><V54/><F42/><N who="0" m="15914" /><D117/><U9/><E123/><V26/><F64/><W60/><G36/><T129/><D103/><U92/><E71/><N who="0" m="27177" /><D7/><U99/><E31/><V4/><F54/><W89/><G45/><T109/><D109/><U93/><E47/><V69/><F69/><W125/><G115/><T121/><D121/><U76/><E99/><V55/><F55/><W0/><G0/><T28/><D28/><U37/><E37/><V13/><F13/><W91/><G106/><T24/><D24/><U8/><E88/><V22/><REACH who="2" step="1"/><F15/><REACH who="2" ten="245,255,250,230" step="2"/><W6/><G75/><T5/><D5/><U131/><E9/><V3/><F3/><W119/><G6/><T49/><D49/><U111/><E8/><V104/><F104/><W73/><G73/><T83/><D65/><U114/><E11/><V90/><F90/><W63/><G91/><T46/><D62/><U122/><E122/><V21/><F21/><W101/><G89/><T20/><D20/><U1/><E1/><V57/><F57/><W77/><G59/><T38/><D38/><U110/><E107/><V74/><F74/><W41/><G41/><T48/><D48/><U58/><E58/><V66/><F66/><W87/><G63/><T2/><D2/><U108/><E108/><V17/><F17/><W56/><G61/><T44/><D46/><U134/><E111/><V53/><F53/><W84/><G56/><T95/><D44/><U23/><E110/><V12/><F12/><W86/><G60/><T120/><D120/><RYUUKYOKU ba="1,2" sc="245,-10,255,-10,250,30,230,-10" hai2="4,10,14,18,22,26,32,35,98,102,105,132,133" /><INIT seed="2,2,2,3,1,4" ten="235,245,280,220" oya="2" hai0="33,18,7,0,63,117,51,66,1,69,87,40,93" hai1="57,119,16,58,128,127,85,99,43,135,12,80,64" hai2="74,5,65,97,88,86,91,8,76,123,95,20,56" hai3="133,98,114,6,79,100,104,49,2,25,103,131,45"/><V9/><F123/><W75/><G131/><T31/><D117/><U41/><E119/><V23/><F74/><W83/><G133/><T118/><D118/><U62/><E128/><V94/><F76/><W112/><G103/><T89/><D18/><U48/><E127/><V126/><F126/><W78/><G78/><T73/><D73/><U55/><E99/><V39/><F39/><W15/><G2/><T36/><D36/><U81/><E135/><V116/><F116/><W10/><REACH who="3" step="1"/><G25/><REACH who="3" ten="235,245,280,210" step="2"/><T38/><D0/><U107/><E107/><V106/><F106/><W11/><G11/><N who="2" m="4169" /><F5/><W26/><G26/><T35/><D7/><U24/><E24/><V13/><F13/><W125/><G125/><T42/><D1/><U113/><E113/><V120/><F120/><W84/><G84/><T108/><D87/><U3/><E3/><V19/><F19/><W47/><G47/><T21/><D31/><U52/><E85/><V132/><F132/><W28/><G28/><T37/><D33/><U77/><E77/><V61/><AGARI ba="2,3" hai="20,23,56,61,65,86,88,91,94,95,97" m="4169" machi="61" ten="30,12000,1" yaku="8,1,52,3,54,1" doraHai="4" who="2" fromWho="2" sc="235,-42,245,-42,280,156,210,-42" /><INIT seed="2,3,0,3,3,40" ten="193,203,436,168" oya="2" hai0="33,16,96,6,64,87,23,51,50,21,58,69,133" hai1="78,61,102,85,92,0,19,101,25,42,39,9,30" hai2="117,13,123,75,12,76,56,62,135,97,5,41,84" hai3="15,104,38,10,126,130,134,118,7,131,94,55,31"/><V114/><F114/><W57/><G104/><T27/><D33/><U47/><E61/><V83/><F123/><W26/><G118/><T82/><D69/><U37/><E37/><V24/><F75/><W90/><G126/><T8/><D133/><U121/><E121/><V111/><F135/><W91/><G38/><T4/><D96/><U43/><E43/><V14/><F5/><N who="0" m="2154" /><D8/><U66/><E66/><V32/><F41/><W100/><G100/><T99/><D99/><U72/><E72/><V108/><F97/><W103/><G103/><T119/><D119/><U89/><E78/><V74/><F74/><W115/><G115/><T120/><D21/><U125/><E125/><V17/><F117/><W2/><G134/><T71/><D71/><U35/><REACH who="1" step="1"/><E0/><REACH who="1" ten="193,193,436,168" step="2"/><V73/><F73/><W113/><G2/><T65/><D120/><U70/><E70/><V53/><F76/><W11/><G113/><T128/><D64/><U132/><E132/><V52/><F62/><W46/><G130/><T81/><D128/><U54/><E54/><V93/><F52/><W79/><G131/><T98/><D65/><U107/><E107/><V18/><F53/><W77/><G57/><T68/><D68/><U122/><E122/><V34/><F56/><W3/><G3/><T67/><D67/><U1/><E1/><V22/><F108/><W124/><G124/><T95/><D58/><U106/><E106/><V44/><F111/><W29/><G79/><N who="0" m="46527" /><D82/><U28/><E28/><V60/><F83/><W110/><G110/><T45/><D45/><U86/><E86/><V112/><F44/><RYUUKYOKU ba="3,1" sc="193,15,193,15,436,-15,168,-15" hai0="16,23,27,50,51,95,98" hai1="9,19,25,30,35,39,42,47,85,89,92,101,102" /><INIT seed="3,4,1,0,5,47" ten="208,208,421,153" oya="3" hai0="98,39,115,130,8,33,24,32,10,44,131,1,42" hai1="118,20,86,93,126,71,84,127,78,104,11,65,18" hai2="133,87,16,101,7,45,54,22,68,0,2,49,77" hai3="113,90,81,121,73,72,31,75,30,106,34,109,40"/><W4/><G113/><T123/><D123/><U6/><E104/><V46/><F68/><W51/><G121/><T5/><D115/><U96/><E118/><V28/><F28/><W100/><G109/><T91/><D10/><U111/><E111/><V21/><F21/><W61/><G4/><T36/><D36/><U108/><E108/><V41/><F101/><W92/><G106/><T17/><D17/><U26/><E65/><V120/><F133/><W107/><G107/><T122/><D122/><U74/><E71/><V124/><F124/><N who="1" m="47657" /><E78/><V9/><F2/><W56/><G100/><T58/><D58/><U129/><E74/><V117/><F117/><W57/><G81/><T119/><D119/><U27/><E27/><V88/><F77/><W102/><G102/><T66/><D66/><U76/><E76/><V99/><F99/><W13/><G13/><T103/><D91/><N who="1" m="55359" /><E129/><N who="0" m="49161" /><D24/><U69/><E69/><V60/><F7/><W134/><G134/><T94/><AGARI ba="4,1" hai="1,5,8,32,33,39,42,44,94,98,103" m="49161" machi="94" ten="30,1100,0" yaku="19,1" doraHai="47" who="0" fromWho="0" sc="208,33,208,-7,421,-7,153,-9" owari="241,4.1,201,-19.9,414,51.4,144,-35.6" /></mjloggm>