<mjloggm ver="2.3"><GO type="225" lobby="0"/><UN n0="%E5%A4%9C%E5%85%89%E5%A4%A9%E6%A5%BC" n1="%E4%BA%BA%E9%96%93%E3%83%81%E3%83%A3%E3%83%BC%E3%83%8F%E3%83%B3" n2="%E5%B8%86%E7%AB%8B%E5%A4%8F%E8%A1%A3" n3="%E3%81%BF%E3%81%BF%E3%81%9A" dan="17,16,16,18" rate="2165.09,2086.77,2142.63,2263.87" sx="M,M,M,M"/><TAIKYOKU oya="0"/><INIT seed="0,0,0,5,0,89" ten="250,250,250,250" oya="0" hai0="62,118,5,42,46,122,55,107,75,69,7,11,100" hai1="33,18,48,17,126,110,61,31,54,23,74,9,57" hai2="119,36,116,120,65,64,44,27,93,88,98,95,59" hai3="134,124,70,45,94,77,83,80,131,41,82,53,10"/><T101/><D122/><U72/><E110/><V26/><F120/><W30/><G70/><T63/><D118/><N who="2" m="45098" /><F59/><W38/><G131/><T52/><D75/><U14/><E126/><V76/><F76/><W135/><G124/><T90/><D69/><U121/><E121/><V6/><F6/><N who="0" m="2058" /><D11/><U50/><E74/><V85/><F44/><W81/><G10/><T102/><D107/><U28/><E72/><V108/><F36/><W34/><G53/><N who="0" m="20555" /><D90/><U47/><E33/><V86/><F108/><W128/><G128/><T51/><AGARI ba="0,0" hai="42,46,51,62,63,100,101,102" m="20555,2058" machi="51" ten="30,3000,0" yaku="8,1,54,1" doraHai="89" who="0" fromWho="0" sc="250,30,250,-10,250,-10,250,-10" /><INIT seed="0,1,0,4,2,8" ten="280,240,240,240" oya="0" hai0="56,10,1,6,97,117,84,119,78,15,0,3,38" hai1="44,66,65,49,52,69,121,50,92,35,134,123,100" hai2="31,54,71,82,80,22,46,77,34,47,14,62,20" hai3="106,74,129,33,85,133,53,7,11,61,43,13,23"/><T86/><D38/><U122/><E35/><V17/><F34/><W127/><G74/><T27/><D27/><U55/><E100/><V111/><F111/><W89/><G33/><T103/><D56/><N who="1" m="32783" /><E92/><V18/><F31/><W94/><G127/><T67/><D67/><N who="1" m="25611" /><E134/><V114/><F71/><AGARI ba="1,0" hai="44,50,55,69,71,121,122,123" m="25611,32783" machi="71" ten="40,5200,0" yaku="34,2,54,1" doraHai="8" who="1" fromWho="2" sc="280,0,240,55,240,-55,240,0" /><INIT seed="1,0,0,5,4,42" ten="280,295,185,240" oya="1" hai0="23,89,21,78,125,97,104,57,100,66,64,55,88" hai1="77,129,72,73,134,44,119,65,84,35,102,41,50" hai2="45,121,25,120,9,108,133,16,56,75,109,123,49" hai3="82,94,62,71,118,58,36,112,31,106,18,91,105"/><U13/><E119/><V61/><F75/><W99/><G112/><T101/><D125/><U117/><E117/><V24/><F133/><W17/><G118/><T68/><D78/><U48/><E35/><V7/><F56/><W63/><G36/><T46/><D68/><U30/><E30/><V6/><F61/><W4/><G4/><N who="2" m="1577" /><F49/><W38/><G38/><T15/><D23/><U28/><E28/><V53/><F53/><W3/><G3/><T34/><D34/><U5/><E134/><V93/><F93/><W74/><G31/><T29/><D29/><U81/><E129/><V10/><F45/><W1/><G1/><T33/><D46/><N who="1" m="25679" /><E65/><N who="0" m="25193" /><D104/><U103/><E73/><V85/><F85/><W83/><G71/><T32/><D32/><U59/><E59/><V47/><F47/><W39/><G39/><T14/><D33/><U124/><E124/><V115/><F115/><W22/><G74/><T87/><D57/><U20/><E72/><V95/><F95/><W60/><G58/><T96/><D55/><N who="1" m="30151" /><E20/><N who="2" m="13319" /><F25/><N who="3" m="14543" /><G106/><T12/><D21/><U67/><E67/><V27/><F27/><W116/><G105/><T122/><D122/><N who="2" m="31234" /><V126/><DORA hai="98" /><F126/><W76/><G116/><T135/><D135/><U2/><E2/><V80/><F80/><W54/><G54/><T52/><D52/><U127/><E127/><V111/><AGARI ba="0,0" hai="9,10,108,109,111" m="31234,13319,1577" machi="111" ten="50,8000,1" yaku="14,1,34,2,54,1" doraHai="42,98" who="2" fromWho="2" sc="280,-20,295,-40,185,80,240,-20" /><INIT seed="2,0,0,2,2,11" ten="260,255,265,220" oya="2" hai0="47,63,102,59,53,134,4,32,51,128,31,107,10" hai1="21,113,2,106,126,34,131,72,17,1,7,37,93" hai2="119,67,46,0,125,48,124,45,117,38,109,50,9" hai3="73,3,55,19,133,20,8,41,105,74,85,84,80"/><V25/><F25/><W75/><G105/><T100/><D128/><U52/><E113/><V99/><F99/><W64/><G133/><T110/><D110/><U69/><E106/><V66/><F9/><W79/><G64/><N who="2" m="24617" /><F0/><W58/><G41/><T62/><D134/><U54/><E72/><V65/><F109/><W111/><G111/><T61/><D107/><U56/><E69/><V97/><F97/><W44/><G44/><N who="2" m="17001" /><F38/><W30/><G30/><T98/><D98/><U13/><E34/><V95/><F95/><W33/><G33/><T129/><D47/><U114/><E1/><V108/><F65/><W132/><G132/><T92/><D92/><U26/><E37/><V81/><F81/><W14/><G85/><T96/><D96/><U94/><E2/><V123/><F123/><W103/><G103/><N who="0" m="39467" /><D31/><U86/><E94/><V118/><F108/><W18/><G3/><T76/><D32/><U6/><E93/><V39/><F39/><W35/><G35/><T57/><D57/><U77/><E56/><V101/><F101/><W28/><G28/><T29/><D29/><U40/><E77/><V82/><F82/><W88/><G79/><T135/><D76/><U43/><E86/><V120/><F120/><W15/><G74/><T115/><D135/><U89/><E89/><V22/><F22/><W127/><G127/><AGARI ba="0,0" hai="48,50,117,118,119,124,125,127" m="17001,24617" machi="127" ten="40,12000,1" yaku="28,2,18,1,34,2" doraHai="11" who="2" fromWho="3" sc="260,0,255,0,265,120,220,-120" /><INIT seed="2,1,0,3,2,75" ten="260,255,385,100" oya="2" hai0="16,107,8,125,124,100,26,30,12,111,89,98,87" hai1="52,132,48,9,17,119,21,66,28,103,101,32,24" hai2="35,18,19,5,70,41,34,121,65,112,0,80,99" hai3="45,51,10,56,54,25,116,117,43,38,68,74,14"/><V31/><F112/><W44/><G25/><T122/><D111/><U88/><E119/><V123/><F41/><W108/><G74/><T129/><D122/><U76/><E132/><V115/><F80/><W46/><G14/><T33/><REACH who="0" step="1"/><D129/><REACH who="0" ten="250,255,385,100" step="2"/><U20/><E32/><V92/><F35/><W104/><G108/><T67/><D67/><U72/><E66/><V77/><F65/><W59/><G104/><T79/><D79/><U49/><E76/><V64/><F77/><W53/><G10/><T126/><D126/><U47/><E9/><V105/><F64/><W2/><G2/><T128/><D128/><U120/><E120/><V60/><F34/><W29/><G29/><T62/><D62/><U93/><E72/><V118/><F60/><N who="3" m="35855" /><G117/><T78/><D78/><U110/><E110/><V7/><F31/><W106/><G106/><T109/><D109/><U27/><REACH who="1" step="1"/><E49/><REACH who="1" ten="250,245,385,100" step="2"/><V6/><F118/><W58/><G116/><T83/><AGARI ba="1,2" hai="8,12,16,26,30,33,83,87,89,98,100,107,124,125" machi="83" ten="30,4000,0" yaku="1,1,0,1,54,1,53,0" doraHai="75" doraHaiUra="61" who="0" fromWho="0" sc="250,63,245,-11,385,-21,100,-11" /><INIT seed="3,0,0,4,0,117" ten="313,234,364,89" oya="3" hai0="33,68,126,79,131,42,23,27,45,44,104,7,112" hai1="55,34,120,110,41,118,8,70,10,109,39,111,54" hai2="18,31,56,5,72,25,124,73,80,127,21,123,103" hai3="6,28,87,71,92,32,50,47,82,121,46,40,74"/><W30/><G71/><T9/><D104/><U12/><E34/><N who="2" m="20847" /><F123/><W83/><G121/><T19/><D126/><N who="2" m="48170" /><F5/><W0/><G32/><T43/><D131/><U16/><E120/><V14/><F103/><W130/><G130/><T15/><D68/><U24/><E70/><V61/><F80/><W57/><G57/><T102/><D112/><U101/><E118/><V114/><F114/><W75/><G92/><T48/><D33/><U13/><E101/><V88/><F88/><W22/><G22/><T76/><REACH who="0" step="1"/><D102/><REACH who="0" ten="303,234,364,89" step="2"/><U53/><E24/><V94/><F94/><W65/><G65/><AGARI ba="0,1" hai="14,18,21,56,61,65,72,73" m="48170,20847" machi="65" ten="30,1000,0" yaku="18,1" doraHai="117" who="2" fromWho="3" sc="303,0,234,0,364,20,89,-10" owari="303,10.3,234,-16.6,384,48.4,79,-42.1" /></mjloggm>