<mjloggm ver="2.3"><GO type="225" lobby="0"/><UN n0="%E3%82%A2%E3%82%A4%E3%82%B9%E3%83%86%E3%82%A3%E3%83%BC%E3%81%82%E3%81%B9" n1="%E6%B8%A9%E2%98%85%E6%83%85%E2%98%85%E6%8E%AA%E2%98%85%E7%BD%AE" n2="%72%65%6E%6B%75%6E" n3="%E8%BE%9B%E5%8F%A3%E3%82%AB%E3%83%AC%E3%83%BC%E3%83%A9%E3%82%A4%E3%82%B9" dan="16,16,17,16" rate="2094.68,2157.57,2247.71,2223.30" sx="M,M,M,M"/><TAIKYOKU oya="0"/><INIT seed="0,0,0,1,2,107" ten="250,250,250,250" oya="0" hai0="43,13,91,8,64,57,2,36,16,131,121,119,106" hai1="44,24,69,9,68,34,40,111,50,45,41,82,62" hai2="1,117,25,29,122,5,70,112,63,46,31,15,52" hai3="132,92,102,128,94,17,33,93,95,14,54,90,59"/><T116/><D121/><U3/><E111/><V0/><F112/><W10/><G128/><T28/><D106/><U130/><E130/><V123/><F117/><W96/><G132/><T77/><D131/><U134/><E134/><V48/><F15/><W22/><G33/><T97/><D2/><U7/><E62/><V83/><F31/><W85/><REACH who="3" step="1"/><G10/><REACH who="3" ten="250,250,250,240" step="2"/><T110/><D110/><U18/><E34/><V23/><F122/><W87/><G87/><T108/><D108/><U42/><E82/><V118/><F123/><W71/><G71/><T6/><D8/><U65/><E69/><V30/><F118/><W126/><G126/><T66/><D119/><U99/><E68/><V100/><F70/><W79/><G79/><T51/><D77/><U56/><E99/><V127/><F127/><W49/><AGARI ba="0,1" hai="14,17,22,49,54,59,85,90,92,93,94,95,96,102" machi="49" ten="20,12000,2" yaku="1,1,0,1,7,1,25,2,8,1,53,1" doraHai="107" doraHaiUra="81" who="3" fromWho="3" sc="250,-60,250,-30,250,-30,240,130" /><INIT seed="1,0,0,4,5,15" ten="190,220,220,370" oya="1" hai0="79,28,40,131,4,22,23,123,105,24,86,117,132" hai1="58,97,32,61,91,92,63,69,54,84,116,46,31" hai2="93,128,62,109,101,1,67,66,49,90,2,27,43" hai3="20,74,75,25,112,52,100,19,55,85,134,42,5"/><U21/><E116/><V30/><F109/><W114/><G134/><T39/><D105/><U11/><E32/><V73/><F73/><W26/><G5/><T89/><D117/><U16/><E69/><V7/><F128/><W70/><G70/><T8/><D132/><U35/><E35/><V87/><F101/><W60/><G42/><T68/><D68/><U45/><E63/><V76/><F76/><W57/><G100/><T9/><D131/><U53/><E53/><V129/><F129/><W82/><G55/><T99/><D79/><U122/><E122/><V125/><F125/><W81/><G81/><T59/><D99/><U118/><E118/><V103/><F103/><W12/><G75/><T78/><D78/><U95/><E11/><V41/><F7/><W111/><G111/><T121/><D59/><U3/><E31/><V64/><F62/><W34/><G74/><T102/><D102/><N who="1" m="60711" /><E3/><V135/><F135/><W115/><REACH who="3" step="1"/><G34/><REACH who="3" ten="190,220,220,360" step="2"/><T96/><D4/><U88/><E91/><AGARI ba="0,1" hai="12,19,20,25,26,52,57,60,82,85,91,112,114,115" machi="91" ten="40,8000,1" yaku="1,1,2,1,52,1,54,1,53,0" doraHai="15" doraHaiUra="107" who="3" fromWho="1" sc="190,0,220,-80,220,0,360,90" /><INIT seed="2,0,0,1,2,122" ten="190,140,220,450" oya="2" hai0="115,60,10,1,80,134,71,114,16,0,50,38,102" hai1="65,70,3,84,66,88,42,69,4,30,47,18,7" hai2="93,110,90,72,28,14,41,133,116,27,104,5,125" hai3="31,2,82,120,109,89,25,12,130,6,123,36,44"/><V92/><F104/><W131/><G2/><T40/><D38/><U48/><E30/><V64/><F72/><W62/><G109/><T112/><D134/><U105/><E105/><V11/><F116/><W100/><G100/><T128/><D128/><N who="3" m="49193" /><G62/><T87/><D102/><U103/><E103/><V67/><F133/><W8/><G44/><T56/><D71/><U17/><E70/><V74/><F74/><W99/><G36/><T118/><D118/><U22/><E18/><V98/><F125/><W101/><G89/><T39/><D50/><U26/><E3/><V117/><F117/><W108/><G108/><T49/><D49/><U54/><E54/><V91/><F41/><W24/><G82/><T68/><D68/><U37/><E37/><V55/><F55/><W53/><G53/><T29/><D29/><U81/><REACH who="1" step="1"/><E69/><REACH who="1" ten="190,130,220,450" step="2"/><V58/><F110/><W97/><G31/><T79/><D39/><U78/><E78/><V34/><REACH who="2" step="1"/><F58/><REACH who="2" ten="190,130,210,450" step="2"/><W77/><G120/><T51/><D56/><U132/><E132/><V95/><F95/><W73/><G123/><T20/><D115/><U129/><E129/><V63/><F63/><W61/><G73/><T15/><D60/><U75/><E75/><V127/><F127/><W59/><G59/><T45/><D114/><U126/><E126/><V111/><F111/><W33/><G61/><T85/><D112/><U57/><E57/><V9/><F9/><W119/><G8/><T83/><D10/><U94/><E94/><V96/><AGARI ba="0,2" hai="5,11,14,27,28,34,64,67,90,91,92,93,96,98" machi="96" ten="20,7800,0" yaku="1,1,0,1,7,1,9,1,53,0" doraHai="122" doraHaiUra="121" who="2" fromWho="2" sc="190,-26,130,-26,210,98,450,-26" /><INIT seed="2,1,0,3,1,131" ten="164,104,308,424" oya="2" hai0="133,83,117,74,105,130,25,27,63,98,12,43,86" hai1="49,95,118,108,58,111,5,40,31,17,69,125,24" hai2="132,29,93,26,34,1,128,120,65,81,33,126,41" hai3="61,112,121,106,90,73,78,101,68,21,16,54,109"/><V114/><F41/><W123/><G109/><N who="1" m="42058" /><E69/><V91/><F65/><W92/><G112/><T129/><D74/><U102/><E118/><V79/><F1/><W77/><G101/><N who="0" m="62647" /><D43/><U100/><E5/><V35/><F114/><W36/><G106/><T75/><D75/><U50/><E17/><V97/><F120/><W53/><G53/><T42/><D42/><U15/><E15/><V62/><F62/><W51/><G61/><T96/><D96/><N who="1" m="59423" /><E102/><V30/><F128/><N who="0" m="49258" /><D117/><U14/><E125/><V104/><F104/><W18/><G18/><T4/><D63/><U3/><E3/><V28/><F126/><W119/><G119/><T64/><D64/><U122/><E122/><V89/><F26/><W22/><G121/><T9/><D133/><U44/><E14/><V2/><F2/><W46/><G68/><T124/><D124/><U107/><E107/><V13/><F13/><W6/><G123/><T57/><D57/><U94/><E94/><V55/><F55/><W135/><G54/><T84/><D84/><U59/><E50/><V10/><F132/><W67/><G51/><T80/><D80/><U8/><E8/><V127/><F10/><W88/><G73/><T99/><D99/><U47/><E47/><V48/><F48/><W38/><G38/><T76/><AGARI ba="1,0" hai="4,9,12,25,27,76,83,86" m="49258,62647" machi="76" ten="30,1100,0" yaku="19,1" doraHai="131" who="0" fromWho="0" sc="164,14,104,-4,308,-6,424,-4" /><INIT seed="3,0,0,0,2,115" ten="178,100,302,420" oya="3" hai0="86,68,116,6,60,108,27,38,77,61,119,124,130" hai1="87,29,83,118,112,73,24,17,26,45,133,44,5" hai2="90,111,13,69,74,88,80,85,41,28,104,0,89" hai3="34,36,58,14,10,81,134,23,43,21,19,94,121"/><W31/><G121/><T15/><D38/><U46/><E112/><V117/><F0/><W76/><G36/><T105/><D105/><U55/><E133/><V72/><F69/><W107/><G107/><T59/><D68/><U3/><E73/><N who="2" m="28267" /><F28/><W7/><G43/><T11/><D124/><U106/><E106/><V64/><F64/><W71/><G71/><T101/><D130/><U128/><E128/><V126/><F13/><W127/><G127/><T70/><D108/><U95/><E95/><V78/><F41/><W16/><G134/><T93/><D70/><U102/><E102/><V103/><F126/><W98/><G34/><T132/><D132/><U99/><E99/><N who="2" m="61567" /><F111/><W66/><G66/><T91/><D101/><U113/><E113/><V37/><F37/><W18/><G58/><T135/><D77/><U20/><E3/><V96/><F117/><W32/><G32/><T82/><D82/><U92/><E92/><AGARI ba="0,0" hai="78,80,85,88,89,90,92,96" m="61567,28267" machi="92" ten="30,12000,2" yaku="35,5,54,1" doraHai="115" who="2" fromWho="1" sc="178,0,100,-120,302,120,420,0" owari="178,-22.2,-20,-52.0,422,52.2,420,22.0" /></mjloggm>