<mjloggm ver="2.3"><GO type="225" lobby="0"/><UN n0="%E3%81%82%E3%82%86%E3%81%AE%E9%A2%A8" n1="%6B%79%6F%6E%6B%6F%31%31" n2="%E3%82%A2%E3%83%A1%E3%82%A2%E3%83%A9%E3%83%AC" n3="%E3%81%A4%E3%81%A3%E3%81%B1%E3%82%8A%E3%83%9D%E3%83%BC%E3%83%AB" dan="16,17,16,17" rate="2103.15,2155.98,2119.64,2225.43" sx="M,M,M,M"/><TAIKYOKU oya="0"/><INIT seed="0,0,0,4,3,122" ten="250,250,250,250" oya="0" hai0="119,84,68,6,115,69,131,10,111,82,127,116,106" hai1="51,30,94,67,86,87,42,92,107,24,32,16,123" hai2="113,13,2,89,31,72,58,96,44,124,97,130,46" hai3="20,5,71,65,12,118,121,74,61,29,95,77,104"/><T59/><D115/><U57/><E123/><V62/><F113/><W75/><G121/><T19/><D127/><U60/><E107/><V34/><F2/><W47/><G104/><T3/><D106/><U120/><E120/><V108/><F72/><W23/><G118/><T105/><D105/><U17/><E92/><V125/><F130/><W91/><G47/><T70/><D131/><U66/><E66/><V7/><F31/><W25/><G77/><T135/><D135/><U43/><E87/><V126/><F34/><W114/><G114/><T132/><D132/><U8/><E51/><V88/><F108/><W11/><REACH who="3" step="1"/><G23/><REACH who="3" ten="250,250,250,240" step="2"/><T100/><D119/><U37/><E37/><V27/><F125/><W45/><G45/><T99/><D116/><U1/><E32/><V93/><F124/><W98/><AGARI ba="0,1" hai="5,11,12,20,25,29,61,65,71,74,75,91,95,98" machi="98" ten="20,2700,0" yaku="1,1,0,1,7,1,53,0" doraHai="122" doraHaiUra="129" who="3" fromWho="3" sc="250,-13,250,-7,250,-7,240,37" /><INIT seed="1,0,0,4,0,79" ten="237,243,243,277" oya="1" hai0="44,77,22,119,6,41,71,84,38,5,122,57,26" hai1="61,23,56,92,135,83,104,10,117,16,13,42,21" hai2="113,99,0,76,49,33,64,15,72,120,132,66,9" hai3="80,29,131,115,110,103,78,1,112,86,40,52,34"/><U133/><E104/><V48/><F120/><W82/><G1/><T68/><D119/><U108/><E117/><V109/><F33/><W51/><G40/><T101/><D101/><U50/><E108/><V107/><F109/><W85/><G110/><T53/><D122/><U25/><E23/><V95/><F132/><W62/><G62/><T96/><D96/><U12/><E92/><V14/><F0/><W90/><G103/><T114/><D114/><U7/><E50/><V73/><F107/><W111/><G111/><T54/><D54/><U17/><E42/><V65/><F113/><W30/><G131/><T74/><D74/><U87/><E17/><V43/><F15/><W75/><G75/><T35/><D35/><U118/><E12/><V58/><F58/><W89/><G78/><T105/><D105/><U31/><E31/><V19/><F43/><W126/><G126/><T63/><D71/><U128/><E128/><V100/><REACH who="2" step="1"/><F72/><REACH who="2" ten="237,243,233,277" step="2"/><W125/><G125/><T116/><D116/><U37/><E118/><V123/><F123/><W27/><G30/><T4/><D68/><U81/><E135/><V28/><F28/><W69/><G69/><T124/><D124/><U8/><E133/><V70/><F70/><W98/><G98/><T32/><D32/><U36/><E8/><V97/><F97/><W55/><G55/><T102/><D53/><N who="1" m="33935" /><E87/><V67/><N who="2" m="16384" /><DORA hai="18" /><V20/><F20/><W91/><G115/><T45/><D22/><U11/><E11/><V127/><F127/><W93/><G112/><T3/><D84/><N who="3" m="32361" /><G93/><T121/><D121/><U129/><E129/><RYUUKYOKU ba="0,1" sc="237,-30,243,10,233,10,277,10" hai1="7,10,13,16,21,25,36,37,81,83" hai2="9,14,19,48,49,73,76,95,99,100" hai3="27,29,34,51,52,80,82,89,90,91" /><INIT seed="1,1,1,5,4,80" ten="207,253,243,287" oya="1" hai0="12,60,56,99,61,43,82,118,41,127,5,21,102" hai1="93,48,27,7,42,112,108,26,11,106,96,53,51" hai2="92,1,83,54,98,75,70,50,77,35,40,37,59" hai3="17,100,34,64,44,2,22,125,47,101,79,89,57"/><U103/><E112/><V16/><F1/><W67/><G34/><T84/><D127/><U105/><E108/><V4/><F35/><W14/><G2/><T109/><D109/><U55/><E42/><V46/><F4/><W87/><G79/><T9/><D118/><U71/><E71/><V91/><F70/><W49/><G125/><T90/><D21/><U121/><E121/><V114/><F114/><W94/><G47/><T113/><D113/><U38/><E38/><V134/><F134/><W13/><G13/><T23/><D23/><U97/><E51/><V29/><F29/><W122/><G122/><T25/><D25/><U74/><E74/><V123/><F123/><W135/><G135/><T107/><REACH who="0" step="1"/><D60/><REACH who="0" ten="197,253,243,287" step="2"/><U78/><E27/><V28/><F28/><W72/><G72/><T15/><D15/><U130/><E26/><V20/><F20/><W115/><G115/><T111/><D111/><U62/><E62/><V132/><F132/><W88/><G14/><T76/><D76/><U18/><E78/><V104/><F77/><W73/><G22/><T131/><D131/><U6/><E130/><V31/><F31/><W86/><G73/><T30/><D30/><U19/><E106/><V66/><F75/><W36/><G36/><T3/><D3/><U120/><E120/><V63/><F104/><W45/><G67/><AGARI ba="1,2" hai="5,9,12,41,43,56,61,67,82,84,90,99,102,107" machi="67" ten="30,3900,0" yaku="1,1,7,1,52,1,53,0" doraHai="80" doraHaiUra="126" who="0" fromWho="3" sc="197,62,253,0,243,0,287,-42" /><INIT seed="2,0,0,0,3,90" ten="259,253,243,245" oya="2" hai0="11,32,3,56,36,30,111,135,58,93,117,7,113" hai1="59,33,24,115,50,18,85,134,91,81,124,114,83" hai2="109,60,68,37,52,67,102,38,82,41,126,105,57" hai3="88,79,74,48,13,77,118,31,19,51,63,28,66"/><V84/><F126/><W129/><G118/><T29/><D113/><U100/><E124/><V25/><F109/><W123/><G123/><T121/><D121/><U76/><E134/><V107/><F25/><W21/><G129/><T27/><D111/><U130/><E130/><V80/><F80/><W133/><G133/><T86/><D135/><U122/><E122/><V94/><F105/><W101/><G101/><T47/><D117/><U1/><E1/><V96/><F41/><W39/><G39/><T78/><D78/><N who="3" m="29705" /><G74/><T98/><D86/><U43/><E100/><V92/><F38/><W26/><G63/><T71/><D71/><U49/><E50/><N who="3" m="18986" /><G66/><T9/><D47/><U87/><E59/><V62/><F37/><W2/><G2/><T106/><D106/><U23/><REACH who="1" step="1"/><E33/><REACH who="1" ten="259,243,243,245" step="2"/><V34/><F34/><W55/><G55/><T40/><D56/><U35/><E35/><V44/><F44/><AGARI ba="0,1" hai="18,23,24,43,44,49,76,81,83,85,87,91,114,115" machi="44" ten="40,2600,0" yaku="1,1,53,1" doraHai="90" doraHaiUra="17" who="1" fromWho="2" sc="259,0,243,36,243,-26,245,0" /><INIT seed="3,0,0,0,5,86" ten="259,279,217,245" oya="3" hai0="26,61,35,18,54,104,27,3,50,90,65,98,34" hai1="31,96,60,120,72,117,41,24,39,108,8,92,7" hai2="4,67,19,124,115,84,100,116,49,125,103,6,110" hai3="127,5,105,25,107,133,71,59,85,122,40,62,76"/><W16/><G122/><T74/><D74/><U37/><E120/><V94/><F115/><W119/><G71/><T9/><D104/><U89/><E72/><V91/><F116/><W131/><G119/><T15/><D3/><U79/><E117/><V43/><F110/><W23/><G5/><N who="2" m="2153" /><F67/><W123/><G123/><T97/><D97/><U58/><E41/><V73/><F73/><W77/><G40/><T113/><D113/><U45/><E45/><N who="2" m="25791" /><F19/><W44/><G44/><T22/><D35/><U13/><E79/><N who="3" m="30282" /><G107/><T101/><D101/><U2/><E108/><V106/><F106/><W29/><G105/><T47/><D34/><U93/><E93/><V134/><F134/><W102/><G102/><T99/><D99/><U78/><E78/><V32/><F32/><W10/><G133/><T70/><D22/><U53/><E2/><V64/><F64/><N who="3" m="39007" /><G131/><T121/><D121/><U109/><E109/><V30/><F30/><W75/><G75/><T81/><D98/><U28/><E28/><V21/><F21/><AGARI ba="0,0" hai="7,8,13,21,24,31,37,39,53,58,60,89,92,96" machi="21" ten="30,2000,0" yaku="7,1,52,1" doraHai="86" who="1" fromWho="2" sc="259,0,279,20,217,-20,245,0" /><INIT seed="4,0,0,1,4,120" ten="259,299,197,245" oya="0" hai0="91,123,128,85,131,34,27,8,81,82,95,47,20" hai1="75,101,21,33,68,59,63,70,106,5,57,109,79" hai2="72,32,129,87,43,0,84,17,3,52,86,88,25" hai3="118,23,24,36,108,92,94,53,116,45,38,1,37"/><T66/><D123/><U76/><E109/><V12/><F72/><W64/><G1/><T99/><D34/><U107/><E33/><V89/><F129/><N who="0" m="49738" /><D66/><U41/><E41/><V115/><F115/><W71/><G108/><T121/><D121/><U31/><E5/><V60/><F43/><W126/><G126/><T50/><D8/><U49/><E70/><V78/><F78/><W69/><G92/><T62/><D62/><U44/><E68/><N who="3" m="26186" /><G94/><T98/><D98/><U117/><E107/><V65/><F65/><W67/><G24/><T2/><D2/><U77/><E75/><V6/><F0/><W110/><G23/><T55/><D99/><U61/><E106/><V124/><F124/><W19/><G19/><AGARI ba="0,0" hai="19,20,27,47,50,55,81,82,85,91,95" m="49738" machi="19" ten="30,1500,0" yaku="19,1" doraHai="120" who="0" fromWho="3" sc="259,15,299,0,197,0,245,-15" /><INIT seed="4,1,0,0,5,118" ten="274,299,197,230" oya="0" hai0="117,30,57,135,4,11,17,102,58,63,72,89,45" hai1="9,104,40,25,78,15,22,68,77,18,16,107,85" hai2="5,8,65,46,24,32,133,75,3,86,42,81,122" hai3="20,26,99,12,33,35,31,130,121,66,71,91,67"/><T55/><D117/><U125/><E68/><V54/><F133/><W113/><G113/><T50/><D72/><U56/><E125/><V128/><F128/><W7/><G130/><T60/><D135/><U34/><E34/><V88/><F65/><W131/><G131/><T48/><D102/><U28/><E107/><V120/><F54/><W111/><G111/><T64/><D30/><U19/><E104/><V53/><F53/><W95/><G71/><T82/><D17/><N who="1" m="6763" /><E40/><V90/><F75/><W29/><G121/><T6/><D6/><U108/><E108/><V126/><F126/><W44/><G44/><T114/><D114/><U109/><E109/><V69/><F69/><W36/><G36/><T38/><D38/><U98/><E98/><V43/><F90/><W92/><G7/><T97/><D45/><U119/><E119/><V83/><F83/><W52/><G95/><N who="0" m="56559" /><D82/><N who="1" m="47311" /><E56/><V76/><F76/><AGARI ba="1,0" hai="9,15,19,22,25,28,76,78" m="47311,6763" machi="76" ten="30,2000,0" yaku="8,1,54,1" doraHai="118" who="1" fromWho="2" sc="274,0,299,23,197,-23,230,0" owari="274,7.4,322,42.2,174,-32.6,230,-17.0" /></mjloggm>