<mjloggm ver="2.3"><GO type="225" lobby="0"/><UN n0="%E3%82%B7%E3%83%B3%E5%A4%AA%E6%9C%97" n1="%6D%75%75%6D%75%72%61" n2="%E9%B3%B3%E6%9D%B1%E3%81%AE%E3%81%86%E3%81%95%E3%81%8E%E3%81%95%E3%82%93" n3="%77%72%77%72%77%72%77%72" dan="16,16,16,16" rate="2160.54,2102.75,2097.88,2126.49" sx="M,F,M,M"/><TAIKYOKU oya="0"/><INIT seed="0,0,0,4,5,32" ten="250,250,250,250" oya="0" hai0="59,102,85,98,118,12,111,61,27,40,57,120,123" hai1="80,125,116,92,78,4,67,42,66,89,121,13,49" hai2="8,109,71,75,87,53,127,43,90,135,131,72,38" hai3="1,115,106,37,122,31,68,26,29,63,119,99,83"/><T69/><D118/><U82/><E116/><V114/><F114/><W35/><G119/><T100/><D111/><U70/><E121/><V76/><F71/><W94/><G115/><T6/><D40/><U81/><E125/><V16/><F127/><W88/><G122/><T60/><D69/><U48/><E78/><V33/><F33/><W65/><G37/><T64/><D27/><U3/><E3/><V0/><F131/><W107/><G31/><T23/><D85/><U20/><E70/><V54/><F135/><W113/><G113/><T108/><D108/><U56/><E56/><V41/><F75/><W28/><G28/><T5/><D23/><U95/><E95/><V2/><F76/><W77/><REACH who="3" step="1"/><G1/><REACH who="3" ten="250,250,250,240" step="2"/><T7/><D12/><U130/><E13/><V50/><F38/><W45/><G45/><T128/><D128/><U44/><E44/><V73/><F109/><W97/><G97/><T34/><D34/><U84/><E130/><V129/><F129/><W112/><G112/><T103/><REACH who="0" step="1"/><D98/><REACH who="0" ten="240,250,250,240" step="2"/><U30/><E84/><AGARI ba="0,2" hai="26,29,35,63,65,68,77,83,84,88,94,99,106,107" machi="84" ten="30,7700,0" yaku="1,1,7,1,54,1,53,1" doraHai="32" doraHaiUra="93" who="3" fromWho="1" sc="240,0,250,-77,250,0,240,97" /><INIT seed="1,0,0,0,1,13" ten="240,173,250,337" oya="1" hai0="121,75,111,41,53,46,61,108,125,35,24,128,85" hai1="0,104,15,65,78,43,135,60,89,106,70,58,38" hai2="1,21,73,66,88,44,8,32,34,93,56,36,122" hai3="29,27,23,117,68,87,64,3,80,20,118,133,134"/><U96/><E135/><N who="3" m="51722" /><G3/><T72/><D125/><U9/><E0/><V131/><F122/><W124/><G124/><T48/><D128/><U30/><E78/><V99/><F131/><W103/><G103/><T63/><D121/><U130/><E130/><V107/><F73/><W7/><G7/><T54/><D85/><U16/><E30/><V6/><F107/><W31/><G64/><T11/><D11/><U90/><E70/><V19/><F66/><W114/><G68/><T101/><D101/><U55/><E65/><V115/><F115/><W50/><G50/><T119/><D119/><N who="3" m="45577" /><G114/><T94/><D94/><U71/><E71/><V10/><F56/><W2/><G2/><T4/><D4/><U81/><E90/><V86/><F99/><W127/><G127/><T69/><D69/><U57/><E57/><V52/><F36/><W95/><G95/><T18/><D75/><U22/><E9/><V126/><F8/><W112/><G112/><T67/><D72/><U83/><E83/><V42/><F126/><W92/><G92/><T39/><D67/><U77/><E77/><V5/><F5/><W123/><G123/><T12/><D61/><U49/><E38/><V91/><F91/><N who="3" m="51687" /><G31/><N who="0" m="19943" /><D63/><U62/><E62/><V76/><F76/><W110/><G110/><N who="0" m="42027" /><D39/><U17/><E106/><V28/><F28/><W74/><G74/><T79/><D79/><U47/><E104/><V25/><F42/><W26/><G29/><T51/><D48/><U98/><E17/><V116/><F116/><W132/><G132/><T37/><D37/><U40/><E40/><V100/><F100/><RYUUKYOKU ba="0,0" sc="240,0,173,0,250,0,337,0" hai0="12,18,41,46,51,53,54" hai1="15,16,22,43,47,49,55,58,60,81,89,96,98" hai2="1,6,10,19,21,25,32,34,44,52,86,88,93" hai3="20,23,26,27" /><INIT seed="1,1,0,2,3,69" ten="240,173,250,337" oya="1" hai0="41,117,29,76,103,83,121,38,125,104,88,59,64" hai1="31,8,12,18,94,119,122,81,42,63,85,4,62" hai2="130,71,106,19,9,14,98,27,129,5,105,35,28" hai3="74,16,46,116,21,53,87,37,48,131,124,60,84"/><U55/><E119/><V93/><F71/><W113/><G113/><T47/><D117/><U6/><E122/><V0/><F129/><W118/><G74/><T56/><D121/><U7/><E31/><V3/><F130/><W73/><G73/><T72/><D125/><U66/><E94/><V97/><F0/><W24/><G131/><T65/><D29/><U40/><E55/><V68/><F68/><W61/><G37/><T91/><D103/><U110/><E110/><V77/><F77/><W22/><G124/><T123/><D104/><U78/><REACH who="1" step="1"/><E66/><REACH who="1" ten="240,163,250,337" step="2"/><V101/><REACH who="2" step="1"/><F98/><REACH who="2" ten="240,163,240,337" step="2"/><W96/><G96/><T92/><D123/><U20/><E20/><AGARI ba="1,2" hai="3,5,9,14,19,20,27,28,35,93,97,101,105,106" machi="20" ten="30,12000,2" yaku="1,1,2,1,7,1,24,2,53,1" doraHai="69" doraHaiUra="89" who="2" fromWho="1" sc="240,0,163,-123,240,143,337,0" /><INIT seed="2,0,0,4,3,78" ten="240,40,383,337" oya="2" hai0="86,50,62,57,30,102,72,99,127,60,26,31,11" hai1="79,55,92,9,29,120,20,8,37,125,87,59,0" hai2="124,116,48,114,131,84,70,58,54,2,100,134,129" hai3="65,93,6,75,106,67,24,46,90,126,103,97,108"/><V109/><F114/><W82/><G108/><T15/><D72/><U91/><E125/><V74/><F116/><W123/><G123/><T118/><D127/><U4/><E120/><V64/><F124/><W38/><G126/><T18/><D118/><U63/><E37/><V94/><F74/><W22/><G6/><T88/><D50/><U96/><E0/><V51/><F2/><W107/><G107/><T76/><D76/><U5/><E5/><V83/><F134/><W71/><G71/><T117/><D117/><U3/><E3/><V113/><F113/><W73/><G73/><T119/><D119/><U77/><E4/><V89/><F109/><W81/><G75/><T80/><D26/><U28/><E79/><V13/><F13/><W35/><G35/><T23/><D23/><U14/><E20/><V110/><F110/><W135/><G135/><T12/><D12/><U44/><E44/><V10/><F10/><W17/><G38/><T56/><D57/><U69/><E69/><V122/><F122/><W115/><G46/><T49/><D49/><U21/><E21/><V45/><F70/><W19/><G19/><T66/><REACH who="0" step="1"/><D60/><REACH who="0" ten="230,40,383,337" step="2"/><U33/><E33/><V132/><F48/><W34/><G115/><T39/><D39/><U47/><E47/><V32/><F32/><W128/><G34/><T25/><D25/><U111/><E111/><V101/><F132/><W95/><G24/><T112/><D112/><U130/><E130/><V98/><F131/><W36/><G128/><T68/><D68/><U43/><E14/><V41/><F129/><W53/><G22/><RYUUKYOKU ba="0,1" sc="230,30,40,-10,383,-10,337,-10" hai0="11,15,18,30,31,56,62,66,80,86,88,99,102" /><INIT seed="3,1,1,1,0,34" ten="260,30,373,327" oya="3" hai0="24,29,110,39,88,2,118,60,53,58,92,61,90" hai1="135,22,30,100,96,113,64,14,103,71,0,66,52" hai2="91,21,129,87,31,4,17,15,83,107,84,56,37" hai3="45,1,35,47,36,126,67,124,117,42,120,74,23"/><W78/><G35/><T108/><D118/><U89/><E113/><V38/><F107/><W102/><G117/><T116/><D116/><U44/><E135/><V127/><F129/><W3/><G120/><T50/><D39/><U72/><E72/><V97/><F127/><N who="3" m="48683" /><G102/><T63/><D2/><U10/><E71/><V131/><F131/><W122/><G122/><T54/><D54/><U65/><E89/><V9/><F97/><W69/><G45/><T111/><REACH who="0" step="1"/><D92/><REACH who="0" ten="250,30,373,327" step="2"/><U81/><E81/><V11/><F38/><W7/><G7/><T75/><D75/><U106/><E0/><V76/><F37/><W51/><G36/><T8/><D8/><U82/><E82/><V133/><F9/><W46/><G46/><T119/><D119/><U99/><E10/><V112/><F4/><W86/><G74/><T77/><D77/><U85/><E85/><V80/><F11/><W57/><G69/><T13/><D13/><U18/><E30/><V68/><F31/><W41/><G41/><T123/><D123/><U6/><E6/><V49/><F68/><W132/><G132/><T95/><D95/><U128/><E128/><V59/><F133/><W55/><G42/><T27/><D27/><U70/><E70/><V101/><F76/><W109/><G109/><T62/><N who="0" m="15360" /><DORA hai="104" /><T121/><D121/><U134/><E134/><V28/><F28/><W105/><G105/><T16/><D16/><U25/><E14/><V114/><F17/><W115/><G78/><T79/><D79/><U98/><E106/><V26/><F112/><W93/><G115/><T125/><D125/><RYUUKYOKU ba="1,2" sc="250,15,30,15,373,-15,327,-15" hai0="24,29,50,53,58,88,90,108,110,111" hai1="18,22,25,44,52,64,65,66,96,98,99,100,103" owari="265,-13.5,45,-45.5,378,47.8,312,11.2" /></mjloggm>