<mjloggm ver="2.3"><GO type="225" lobby="0"/><UN n0="%E6%9D%BE%E6%9C%AC%E5%81%A5%E7%94%B7" n1="%E3%81%AF%E3%82%88%E3%81%8A%E3%81%98%E3%81%95%E3%82%93" n2="%E3%83%A9%E3%82%B9%E7%8E%87%EF%BC%93%E5%89%B2" n3="%E5%8F%AF%E5%85%90%E9%82%A3%E7%94%B1%E5%A4%9A" dan="16,17,16,17" rate="2168.64,2202.08,2190.44,2244.66" sx="M,M,F,F"/><TAIKYOKU oya="0"/><INIT seed="0,0,0,1,2,38" ten="250,250,250,250" oya="0" hai0="42,47,6,121,104,54,99,45,103,3,11,90,46" hai1="15,100,133,55,63,105,134,33,123,53,62,130,97" hai2="20,96,26,65,109,5,31,57,48,16,67,94,71" hai3="82,124,18,117,2,14,68,44,0,76,23,115,135"/><T87/><D54/><U114/><E123/><V52/><F109/><W66/><G115/><T10/><D10/><U88/><E33/><V80/><F71/><W56/><G117/><T22/><D22/><U110/><E110/><V24/><F5/><W39/><G68/><T17/><D17/><U29/><E29/><V86/><F26/><W106/><G106/><T92/><REACH who="0" step="1"/><D121/><REACH who="0" ten="240,250,250,250" step="2"/><U128/><E55/><V108/><F108/><W30/><G23/><T25/><D25/><U43/><E53/><V41/><F31/><W21/><G30/><T61/><D61/><U118/><E63/><V131/><F131/><W122/><G122/><T132/><D132/><U91/><E62/><V73/><F73/><W59/><G135/><T125/><D125/><U69/><E133/><V37/><F24/><W7/><G124/><T64/><D64/><U72/><E72/><V1/><F16/><W13/><G66/><T79/><D79/><U95/><E134/><V70/><F20/><W83/><G76/><T60/><D60/><U50/><E130/><V127/><F127/><W126/><G126/><T27/><D27/><U51/><E128/><V9/><F9/><W28/><G28/><T34/><D34/><U101/><E15/><V113/><F70/><W93/><G13/><T8/><D8/><U112/><E69/><V36/><F67/><W116/><G14/><T49/><AGARI ba="0,1" hai="3,6,11,42,45,46,47,49,87,90,92,99,103,104" machi="49" ten="20,12000,1" yaku="1,1,0,1,7,1,52,1,53,1" doraHai="38" doraHaiUra="84" who="0" fromWho="0" sc="240,130,250,-40,250,-40,250,-40" /><INIT seed="0,1,0,3,3,79" ten="370,210,210,210" oya="0" hai0="38,65,88,54,53,43,135,26,39,81,107,114,35" hai1="100,120,113,90,37,12,58,48,16,106,1,99,6" hai2="52,34,24,119,104,15,73,30,11,86,44,125,25" hai3="61,98,42,50,55,111,0,20,122,91,129,69,131"/><T40/><D107/><U8/><E120/><V29/><F73/><W47/><G0/><T17/><D135/><U75/><E37/><V130/><F104/><W97/><G122/><T77/><D114/><U109/><E113/><V64/><F130/><N who="3" m="49675" /><G111/><T60/><D39/><U57/><E109/><V95/><F125/><W56/><G69/><T103/><D103/><U62/><E75/><V70/><F119/><W84/><G20/><T36/><D36/><U19/><E90/><N who="2" m="53719" /><F70/><W49/><G61/><T67/><D88/><U85/><E85/><V59/><F34/><W2/><G2/><T66/><D60/><U121/><E121/><V41/><F64/><W132/><G132/><T23/><D35/><U123/><E123/><V33/><F33/><W21/><G21/><T51/><D53/><U93/><E106/><V71/><F71/><W112/><G112/><T115/><D38/><U134/><E134/><V31/><F41/><W13/><G13/><T92/><D92/><AGARI ba="1,0" hai="42,47,49,50,55,56,84,91,92,97,98" m="49675" machi="92" ten="30,1000,0" yaku="19,1" doraHai="79" who="3" fromWho="0" sc="370,-13,210,0,210,0,210,13" /><INIT seed="1,0,0,5,5,88" ten="357,210,210,223" oya="1" hai0="34,86,81,21,61,97,80,63,99,78,8,104,84" hai1="27,85,112,91,132,103,129,42,105,16,29,58,49" hai2="106,33,6,19,15,28,40,135,2,4,47,111,93" hai3="18,127,30,100,46,123,9,98,72,23,20,79,67"/><U102/><E112/><V69/><F106/><W76/><G123/><T54/><D34/><U116/><E116/><V39/><F111/><W75/><G127/><T87/><D8/><U115/><E115/><V38/><F135/><W71/><G46/><T48/><D21/><N who="1" m="15599" /><E105/><V60/><F2/><W77/><G9/><T125/><D125/><U119/><E129/><V44/><F28/><W53/><G53/><T0/><D0/><U109/><E119/><V24/><F24/><W126/><G126/><T74/><D81/><U90/><E132/><V121/><F33/><W83/><G30/><T70/><D70/><U82/><E109/><V3/><F3/><W65/><G23/><T68/><D68/><U131/><E131/><V14/><F69/><W107/><G71/><T73/><D73/><U26/><E91/><V41/><F60/><W56/><G56/><T89/><D89/><U11/><E26/><V118/><F118/><W12/><REACH who="3" step="1"/><G75/><REACH who="3" ten="357,210,210,213" step="2"/><T59/><D74/><U120/><E120/><V117/><F121/><W51/><G51/><T133/><D48/><U96/><E58/><V113/><F117/><W134/><G134/><T92/><D133/><U55/><E42/><V94/><REACH who="2" step="1"/><F19/><REACH who="2" ten="357,210,200,213" step="2"/><W36/><G36/><T128/><D128/><U122/><E122/><V45/><F45/><W43/><G43/><T35/><D35/><U37/><E16/><V95/><F95/><W50/><G50/><T114/><D114/><AGARI ba="0,2" hai="4,6,14,15,38,39,40,41,44,47,93,94,113,114" machi="114" ten="25,8000,1" yaku="1,1,22,2,52,2,53,0" doraHai="88" doraHaiUra="32" who="2" fromWho="0" sc="357,-80,210,0,200,100,213,0" /><INIT seed="2,0,0,4,0,59" ten="277,210,300,213" oya="2" hai0="32,99,90,103,130,111,55,132,40,18,113,96,46" hai1="14,127,79,67,61,12,124,38,29,42,28,37,31" hai2="101,73,62,100,81,49,121,9,98,109,23,2,134" hai3="86,70,92,36,118,27,114,44,95,108,84,133,10"/><V22/><F121/><W45/><G118/><T106/><D113/><U48/><E79/><V41/><F134/><W35/><G70/><T68/><D68/><U93/><E93/><V85/><F73/><W72/><G72/><T63/><D32/><U120/><E48/><V6/><F109/><W128/><G108/><T131/><D132/><U57/><E120/><V78/><F62/><W71/><G71/><T58/><D18/><U17/><E12/><N who="2" m="5175" /><F98/><W102/><G133/><T83/><D111/><U5/><E5/><V104/><F2/><W110/><G110/><T88/><D83/><U80/><E80/><V21/><F104/><W75/><G75/><T60/><D60/><U126/><REACH who="1" step="1"/><E42/><REACH who="1" ten="277,200,300,213" step="2"/><V34/><F41/><W0/><G95/><T119/><D99/><U26/><E26/><V13/><F49/><W16/><G27/><T8/><D40/><U94/><E94/><V24/><F13/><W1/><G92/><T3/><D106/><U20/><AGARI ba="0,1" hai="14,17,20,28,29,31,37,38,57,61,67,124,126,127" machi="20" ten="40,8000,1" yaku="1,1,0,1,18,1,52,1,53,0" doraHai="59" doraHaiUra="64" who="1" fromWho="1" sc="277,-20,200,90,300,-40,213,-20" /><INIT seed="3,0,0,3,2,38" ten="257,290,260,193" oya="3" hai0="5,71,112,61,120,51,87,27,41,60,103,79,57" hai1="134,39,40,32,73,96,17,35,12,116,118,56,111" hai2="25,2,107,14,132,95,37,8,19,82,81,77,46" hai3="97,1,113,100,126,80,124,75,84,7,102,59,89"/><W88/><G7/><T24/><D120/><U20/><E111/><V3/><F107/><W52/><G1/><T15/><D71/><U64/><E73/><V53/><F132/><W72/><G113/><T54/><D103/><N who="3" m="39465" /><G52/><T68/><D68/><U121/><E96/><V36/><F36/><W135/><G59/><T45/><D61/><N who="1" m="37927" /><E121/><V63/><F37/><W66/><G66/><T99/><D99/><U0/><E134/><V83/><F63/><W10/><G10/><N who="0" m="4559" /><D112/><U90/><E90/><V34/><F3/><W21/><G21/><T4/><D4/><U78/><E78/><V42/><F2/><W115/><G115/><T114/><D114/><U6/><E6/><V58/><F8/><W119/><G119/><N who="1" m="45610" /><E0/><V108/><F77/><W44/><G44/><AGARI ba="0,0" hai="12,17,20,32,35,39,40,44" m="45610,37927" machi="44" ten="30,2000,0" yaku="12,1,52,1" doraHai="38" who="1" fromWho="3" sc="257,0,290,20,260,0,193,-20" owari="257,-14.3,310,41.0,260,6.0,173,-32.7" /></mjloggm>