<mjloggm ver="2.3"><GO type="225" lobby="0"/><UN n0="%73%73%6B%5F%66%72%65%65" n1="%33%74%72%65%65" n2="%E5%8D%A0%E3%81%84%E5%B8%AB%E8%A3%8F%E3%81%AA%E3%81%84%E3%81%97" n3="%E4%BA%BA%E9%96%93%E3%83%81%E3%83%A3%E3%83%BC%E3%83%8F%E3%83%B3" dan="16,16,17,16" rate="2115.60,2160.72,2202.39,2082.80" sx="M,F,M,M"/><TAIKYOKU oya="0"/><INIT seed="0,0,0,5,0,115" ten="250,250,250,250" oya="0" hai0="107,114,103,120,5,54,9,118,38,73,51,31,53" hai1="128,109,32,56,101,52,42,55,48,90,99,20,100" hai2="97,26,71,43,94,44,76,75,1,66,131,80,132" hai3="69,41,67,130,21,116,105,119,122,25,57,70,126"/><T6/><D114/><U102/><E32/><V78/><F132/><W14/><G105/><T110/><D120/><U17/><E109/><V92/><F131/><W104/><G104/><T27/><D38/><U85/><E128/><V63/><F76/><W125/><G130/><T29/><D73/><U4/><E4/><V89/><F1/><W60/><G122/><T35/><D110/><U45/><E99/><V77/><F77/><W50/><G14/><T24/><D103/><U68/><E68/><N who="3" m="26218" /><G21/><T72/><D72/><U134/><E134/><V82/><F26/><W83/><G83/><T127/><D107/><U30/><E30/><V61/><F61/><W46/><G25/><T96/><D96/><U121/><E56/><V64/><F64/><W37/><G37/><T98/><D98/><U13/><REACH who="1" step="1"/><E121/><REACH who="1" ten="250,240,250,250" step="2"/><V7/><F7/><W79/><G79/><T65/><D5/><U49/><E49/><V16/><F97/><W40/><G40/><T135/><D135/><U8/><E8/><V62/><F78/><W74/><G74/><T58/><D6/><U59/><E59/><V106/><F71/><W34/><G34/><T123/><D35/><U2/><E2/><V28/><F75/><W19/><G19/><T81/><D31/><U93/><AGARI ba="0,1" hai="13,17,20,42,45,48,52,55,85,90,93,100,101,102" machi="93" ten="30,8000,1" yaku="1,1,0,1,8,1,54,1,53,1" doraHai="115" doraHaiUra="84" who="1" fromWho="1" sc="250,-40,240,90,250,-20,250,-20" /><INIT seed="1,0,0,5,1,58" ten="210,330,230,230" oya="1" hai0="30,130,103,68,102,29,9,5,16,3,28,124,125" hai1="15,119,116,129,76,18,104,100,105,38,126,34,95" hai2="111,19,72,40,79,77,57,24,112,88,49,86,50" hai3="82,61,109,22,69,33,31,115,132,65,80,94,120"/><U106/><E34/><V85/><F111/><W75/><G120/><T13/><D68/><U123/><E38/><V131/><F72/><W43/><G115/><T87/><D87/><U133/><E123/><V118/><F118/><W32/><G109/><T99/><D130/><U96/><E129/><V7/><F131/><W4/><G132/><T71/><D71/><U117/><E133/><V92/><F7/><W48/><G4/><T56/><D56/><U8/><REACH who="1" step="1"/><E76/><REACH who="1" ten="210,320,230,230" step="2"/><V83/><F79/><W47/><G33/><T17/><D124/><AGARI ba="0,1" hai="8,15,18,95,96,100,104,105,106,116,117,119,124,126" machi="124" ten="50,9600,0" yaku="1,1,2,1,53,1" doraHai="58" doraHaiUra="98" who="1" fromWho="0" sc="210,-96,320,106,230,0,230,0" /><INIT seed="1,1,0,2,5,132" ten="114,426,230,230" oya="1" hai0="97,84,122,98,27,108,107,2,14,66,52,8,61" hai1="82,96,26,128,59,90,48,0,55,111,67,36,58" hai2="89,77,31,28,71,49,91,51,131,19,109,94,134" hai3="100,43,12,99,35,18,76,41,87,110,133,30,85"/><U44/><E128/><V5/><F109/><W75/><G110/><T106/><D108/><U105/><E111/><V53/><F71/><W120/><G120/><T62/><D2/><U103/><E0/><V135/><F131/><W101/><G133/><N who="2" m="50697" /><F5/><W29/><G75/><T69/><D122/><U80/><E36/><V113/><F77/><W88/><G76/><T102/><D27/><U3/><E3/><V78/><F78/><W9/><G87/><T83/><D97/><U104/><E104/><V118/><F118/><W17/><G17/><T23/><D23/><U56/><E67/><V47/><F113/><W33/><G33/><T7/><D106/><U46/><E46/><N who="2" m="27831" /><F19/><W79/><G79/><T81/><REACH who="0" step="1"/><D84/><REACH who="0" ten="104,426,230,230" step="2"/><U34/><E96/><N who="2" m="57423" /><F91/><W127/><G99/><T38/><D38/><U54/><E90/><V15/><F15/><W50/><G35/><T25/><D25/><U37/><E26/><V13/><F13/><W117/><G12/><T123/><D123/><U116/><E34/><V74/><F74/><W11/><G117/><T60/><D60/><U121/><E116/><V92/><F92/><W125/><G85/><T22/><D22/><U65/><E105/><V10/><F10/><W130/><G130/><T1/><D1/><U70/><E121/><V32/><F32/><W95/><G88/><T124/><D124/><N who="3" m="47689" /><G11/><T126/><D126/><U63/><E82/><V39/><F39/><W20/><G9/><T115/><D115/><U72/><E72/><V40/><AGARI ba="1,1" hai="28,31,40,47,51" m="57423,27831,50697" machi="40" ten="30,1100,0" yaku="20,1" doraHai="132" who="2" fromWho="2" sc="104,-4,426,-6,230,24,230,-4" /><INIT seed="2,0,0,3,5,106" ten="100,420,254,226" oya="2" hai0="2,76,11,74,82,28,122,63,7,16,105,54,65" hai1="3,109,79,1,14,38,110,26,117,87,56,36,116" hai2="102,73,104,13,61,31,127,55,30,120,42,70,111" hai3="12,71,84,25,50,88,4,51,33,99,32,17,53"/><V89/><F120/><W124/><G124/><T113/><D113/><U83/><E26/><V98/><F127/><W132/><G132/><T37/><D122/><U97/><E14/><V49/><F73/><W45/><G71/><T130/><D54/><U103/><E56/><V134/><F134/><W39/><G39/><T60/><D60/><U101/><E38/><V58/><F111/><N who="1" m="42505" /><E36/><V68/><F89/><W67/><G67/><T118/><D118/><N who="1" m="45675" /><E101/><V90/><F90/><W126/><G126/><T119/><D119/><U0/><E0/><V75/><F75/><W125/><G125/><T78/><D130/><U29/><E29/><V77/><F77/><W93/><G4/><T10/><D78/><U135/><E135/><V35/><F13/><W24/><G33/><T133/><D133/><U85/><E87/><V43/><F30/><W91/><G51/><T64/><D64/><U59/><E59/><V20/><F20/><W114/><G114/><T27/><D37/><U96/><E96/><V22/><F22/><W108/><G108/><T86/><D105/><AGARI ba="0,0" hai="1,3,79,83,85,97,103,105" m="45675,42505" machi="105" ten="30,1000,0" yaku="14,1" doraHai="106" who="1" fromWho="0" sc="100,-10,420,10,254,0,226,0" /><INIT seed="3,0,0,1,3,8" ten="90,430,254,226" oya="3" hai0="126,15,93,71,20,63,129,22,115,77,17,33,41" hai1="81,105,75,25,106,57,107,90,44,0,39,67,3" hai2="110,100,98,36,96,73,4,6,97,37,52,38,102" hai3="66,13,113,120,125,121,87,54,59,29,83,130,18"/><W7/><G113/><T42/><D129/><U51/><E51/><V103/><F52/><W62/><G130/><T1/><D126/><U68/><E57/><V82/><F110/><W122/><G125/><T19/><D33/><U9/><E90/><V43/><F43/><W116/><G116/><T112/><D1/><U80/><E80/><V12/><F12/><W127/><G127/><T56/><D71/><U21/><E21/><V27/><F27/><W16/><G29/><T32/><D32/><U132/><E25/><V58/><F58/><W89/><REACH who="3" step="1"/><G66/><REACH who="3" ten="90,430,254,216" step="2"/><T119/><D119/><U26/><E67/><V86/><F73/><W74/><G74/><T35/><D35/><U124/><E75/><V5/><F82/><W47/><G47/><T48/><D42/><U104/><E44/><V101/><N who="2" m="25600" /><DORA hai="128" /><V118/><F118/><W55/><G55/><T45/><D112/><U117/><E81/><V2/><F2/><W88/><G88/><T70/><D115/><U60/><E104/><V133/><F86/><W24/><G24/><T94/><D77/><U111/><E26/><V28/><F28/><W76/><G76/><T30/><D30/><U72/><E72/><V49/><F133/><W14/><G14/><N who="0" m="9271" /><D93/><U85/><E132/><V50/><AGARI ba="0,1" hai="4,5,6,36,37,38,49,50,96,97,98" m="25600" machi="50" ten="60,32000,5" yakuman="41" doraHai="8,128" who="2" fromWho="2" sc="90,-80,430,-80,254,330,216,-160" owari="10,-49.0,350,15.0,584,68.4,56,-34.4" /></mjloggm>