<mjloggm ver="2.3"><GO type="225" lobby="0"/><UN n0="%6D%75%75%6D%75%72%61" n1="%E9%89%A2%E5%B7%BB%E3%82%AC%E3%83%96" n2="%72%69%6F%75%63%68%61%6E" n3="%E8%81%B7%E6%A5%AD%E3%80%81%E9%A2%A8%32" dan="16,16,17,16" rate="2130.18,2063.24,2162.95,2135.81" sx="F,M,M,M"/><TAIKYOKU oya="0"/><INIT seed="0,0,0,2,0,51" ten="250,250,250,250" oya="0" hai0="114,101,57,100,118,76,44,58,87,47,75,14,10" hai1="67,86,9,24,80,1,15,20,125,104,74,38,121" hai2="119,83,48,16,112,110,107,53,61,128,99,31,68" hai3="37,63,18,60,129,29,106,17,90,23,33,70,8"/><T85/><D114/><U71/><E121/><V98/><F112/><W52/><G37/><T81/><D118/><U127/><E104/><V88/><F119/><W22/><G129/><T97/><D75/><U113/><E38/><V94/><F128/><W65/><G106/><T133/><D85/><U26/><E1/><V95/><F107/><W6/><G33/><T96/><D133/><U41/><E41/><V89/><F110/><W77/><G77/><T84/><D14/><U135/><E135/><V132/><F132/><W32/><G32/><T79/><REACH who="0" step="1"/><D10/><REACH who="0" ten="240,250,250,250" step="2"/><U30/><E74/><V50/><F83/><AGARI ba="0,1" hai="44,47,57,58,76,79,81,83,84,87,96,97,100,101" machi="83" ten="25,12000,1" yaku="1,1,2,1,22,2,8,1,53,0" doraHai="51" doraHaiUra="45" who="0" fromWho="2" sc="240,130,250,0,250,-120,250,0" /><INIT seed="0,1,0,3,4,124" ten="370,250,130,250" oya="0" hai0="112,8,100,94,14,119,126,3,131,32,71,2,111" hai1="75,72,114,24,84,74,41,37,79,13,46,107,40" hai2="12,1,42,125,77,60,34,127,49,97,93,27,129" hai3="6,133,39,43,16,76,61,115,50,26,73,113,53"/><T54/><D112/><U86/><E114/><V59/><F1/><W30/><G133/><T98/><D119/><U89/><E107/><V63/><F77/><W95/><G6/><T122/><D122/><U103/><E103/><V99/><F99/><W88/><G61/><T15/><D126/><N who="2" m="48138" /><F12/><W105/><G105/><T109/><D32/><U35/><E40/><V33/><F27/><W62/><G39/><T44/><D71/><U38/><E38/><V118/><F118/><W121/><G121/><T96/><D96/><U4/><E79/><V28/><F28/><W55/><G73/><T9/><D15/><U45/><E45/><N who="2" m="25783" /><F60/><W69/><G76/><T5/><D3/><U108/><E24/><V17/><F17/><W18/><G113/><T23/><D23/><U130/><E35/><V25/><F25/><W80/><G115/><T21/><D21/><U57/><E86/><V51/><F51/><W117/><G117/><T58/><D44/><U101/><E101/><N who="2" m="60591" /><F129/><W87/><G30/><T31/><D31/><U0/><E130/><V92/><F92/><W19/><G26/><T20/><D20/><U134/><E0/><V132/><F132/><W29/><G29/><T52/><D131/><U7/><E134/><V47/><F47/><N who="3" m="25983" /><G95/><T85/><D58/><U78/><E13/><V11/><F11/><W123/><G123/><T56/><D56/><U64/><E57/><V110/><F110/><W104/><G104/><T116/><D116/><U36/><E108/><N who="0" m="41545" /><D85/><U48/><E4/><AGARI ba="1,0" hai="2,4,5,8,9,14,52,54,94,98,100" m="41545" machi="4" ten="30,5800,0" yaku="14,1,10,1,54,1" doraHai="124" who="0" fromWho="1" sc="370,61,250,-61,130,0,250,0" /><INIT seed="0,2,0,0,1,44" ten="431,189,130,250" oya="0" hai0="67,24,107,14,75,121,100,29,96,13,110,94,134" hai1="132,79,28,51,50,49,26,77,35,122,127,97,73" hai2="126,120,99,103,4,61,102,71,116,130,6,16,19" hai3="22,43,113,85,32,12,128,109,115,112,34,10,30"/><T1/><D121/><U93/><E122/><V101/><F120/><W65/><G43/><T82/><D1/><U46/><E132/><V27/><F126/><W90/><G65/><T15/><D134/><U62/><E127/><V63/><F130/><W40/><G40/><T81/><D110/><U2/><E2/><V91/><F116/><W117/><G117/><T18/><D67/><U133/><E133/><V88/><F71/><W98/><G98/><T47/><D107/><U36/><E62/><N who="2" m="23563" /><F99/><W8/><G128/><T124/><D124/><U25/><E36/><V21/><F19/><W41/><G41/><T42/><D75/><U58/><E58/><V38/><F38/><W52/><G109/><T135/><D135/><U54/><E73/><V53/><F53/><W95/><G34/><T17/><D17/><U89/><REACH who="1" step="1"/><E26/><REACH who="1" ten="431,179,130,250" step="2"/><V119/><F119/><W39/><G39/><T87/><D24/><U56/><E56/><V20/><F20/><W48/><G112/><T84/><D18/><U68/><E68/><V64/><F64/><W78/><G113/><T11/><D29/><U129/><E129/><V70/><F70/><W72/><G115/><T106/><D15/><U131/><E131/><V9/><F4/><W23/><G72/><T114/><D114/><U37/><E37/><V83/><F83/><N who="3" m="47351" /><G32/><T0/><D0/><U92/><E92/><V123/><F123/><W60/><G30/><T108/><D108/><U105/><E105/><V31/><F31/><W69/><G69/><T59/><D106/><U86/><E86/><V118/><F118/><W125/><G125/><RYUUKYOKU ba="2,1" sc="431,-15,179,15,130,15,250,-15" hai1="25,28,35,46,49,50,51,54,77,79,89,93,97" hai2="6,9,16,21,27,88,91,101,102,103" /><INIT seed="1,3,1,2,2,70" ten="416,194,145,235" oya="1" hai0="106,120,23,14,97,34,86,2,74,53,10,40,91" hai1="129,103,4,21,62,118,113,35,37,43,75,112,27" hai2="16,122,121,92,135,32,78,102,46,89,115,33,116" hai3="96,17,101,79,82,124,41,1,49,71,29,9,45"/><U80/><E118/><V51/><F116/><W109/><G109/><T110/><D34/><U94/><E35/><V44/><F32/><W59/><G124/><T5/><D74/><U65/><E4/><V57/><F33/><W72/><G71/><T30/><D110/><U128/><E80/><V56/><F135/><W107/><G29/><T67/><D120/><U123/><E75/><V3/><F3/><W105/><G59/><N who="2" m="22601" /><F122/><W132/><G132/><T83/><D53/><U48/><E123/><V55/><F121/><W90/><G90/><T6/><D67/><U108/><E48/><V93/><F115/><N who="1" m="44105" /><E62/><V84/><F78/><W36/><G49/><T87/><D40/><U18/><E65/><V69/><F69/><W47/><G47/><T119/><D119/><U11/><E94/><N who="2" m="54567" /><F102/><W114/><G114/><T50/><D50/><U22/><E103/><V54/><F44/><W15/><REACH who="3" step="1"/><G1/><REACH who="3" ten="416,194,145,225" step="2"/><T20/><D2/><U100/><E100/><V13/><F54/><W61/><G61/><T73/><D91/><U7/><E108/><V117/><F117/><W88/><G88/><T81/><D30/><U68/><E68/><V64/><F64/><W52/><G52/><T0/><D0/><N who="1" m="487" /><E43/><V8/><AGARI ba="3,2" hai="8,13,16,46,51,55,92,93" m="54567,22601" machi="8" ten="30,2000,0" yaku="8,1,54,1" doraHai="70" who="2" fromWho="2" sc="416,-8,194,-13,145,49,225,-8" /><INIT seed="2,0,0,1,4,19" ten="408,181,194,217" oya="2" hai0="33,133,94,65,0,120,97,64,11,102,25,95,22" hai1="59,82,113,125,112,34,68,51,24,131,28,53,79" hai2="47,16,93,78,100,37,49,119,69,110,106,89,1" hai3="91,17,5,118,88,29,132,109,60,135,14,76,84"/><V85/><F119/><W80/><G109/><T127/><D120/><U122/><E122/><V57/><F1/><W31/><G118/><T63/><D127/><U40/><E125/><V72/><F69/><W21/><G60/><T74/><D74/><U52/><E68/><V87/><F110/><W103/><G103/><T134/><D33/><U4/><E131/><V13/><F37/><W90/><REACH who="3" step="1"/><G5/><REACH who="3" ten="408,181,194,207" step="2"/><N who="0" m="1447" /><D63/><U92/><E4/><V58/><F100/><W104/><G104/><T71/><D71/><U107/><E107/><V2/><F106/><W20/><G20/><T10/><D10/><U98/><E40/><N who="2" m="24807" /><F2/><W73/><G73/><T43/><D43/><U35/><E35/><V117/><F72/><W75/><G75/><T23/><D23/><U129/><E129/><V105/><F117/><W6/><G6/><T128/><D128/><U8/><E8/><N who="2" m="6183" /><F105/><W66/><G66/><T50/><D65/><U86/><REACH who="1" step="1"/><E53/><REACH who="1" ten="408,171,194,207" step="2"/><V32/><F32/><W45/><G45/><T54/><D54/><U26/><E26/><V44/><F44/><W39/><G39/><T7/><D25/><U3/><E3/><V111/><F111/><W130/><G130/><T46/><D64/><U99/><E99/><V48/><F48/><W15/><G15/><T114/><D50/><U55/><E55/><V124/><F124/><W115/><G115/><T121/><D114/><U30/><E30/><AGARI ba="0,2" hai="14,17,21,29,30,31,76,80,84,88,90,91,132,135" machi="30" ten="40,8000,1" yaku="1,1,52,1,54,1,53,1" doraHai="19" doraHaiUra="81" who="3" fromWho="1" sc="408,0,171,-80,194,0,207,100" /><INIT seed="3,0,0,0,4,16" ten="408,91,194,307" oya="3" hai0="19,92,75,24,71,132,88,28,51,109,84,36,10" hai1="114,65,122,67,0,26,13,131,2,110,45,108,60" hai2="37,133,17,93,85,89,125,80,113,100,9,83,68" hai3="25,76,129,62,23,33,42,87,135,118,11,56,107"/><W46/><G107/><T119/><D36/><U134/><E13/><N who="2" m="7343" /><F113/><W79/><G118/><T78/><D119/><U126/><E26/><V50/><F37/><W102/><G33/><T22/><D71/><U15/><E15/><V49/><F68/><W98/><G129/><T61/><D109/><U21/><E21/><V116/><F125/><W44/><G135/><T86/><D132/><U7/><E7/><V123/><F123/><W53/><G11/><T124/><D75/><U31/><E31/><V111/><F111/><W63/><G63/><T35/><D124/><U115/><E134/><V43/><F43/><W5/><G5/><T74/><D74/><U97/><E97/><N who="2" m="59439" /><F133/><W3/><G3/><T6/><D61/><U121/><E126/><V12/><F116/><W27/><G27/><T32/><D51/><N who="2" m="19466" /><F12/><W103/><G87/><T57/><D57/><U34/><E34/><V30/><F30/><N who="3" m="17727" /><G98/><T29/><D35/><U58/><E2/><V81/><AGARI ba="0,0" hai="80,81,83,85,89" m="19466,59439,7343" machi="81" ten="30,1100,0" yaku="8,1" doraHai="16" who="2" fromWho="2" sc="408,-3,91,-3,194,11,307,-5" owari="405,50.5,88,-41.2,205,-19.5,302,10.2" /></mjloggm>