<mjloggm ver="2.3"><GO type="225" lobby="0"/><UN n0="%E3%81%B8%E3%82%80%E3%81%B8%E3%82%80%EF%BC%92%E5%8F%B7" n1="%E3%81%82%E3%81%99%E3%81%AB%E3%82%83%E3%82%80" n2="%6D%75%75%6D%75%72%61" n3="%E7%B4%94%E6%BD%94%E3%83%94%E3%83%A9%E3%83%8B%E3%82%A2" dan="16,16,16,18" rate="2095.44,2169.90,2143.75,2299.75" sx="M,F,F,M"/><TAIKYOKU oya="0"/><INIT seed="0,0,0,0,0,74" ten="250,250,250,250" oya="0" hai0="34,49,135,100,75,83,51,82,0,110,133,58,118" hai1="84,39,47,102,86,106,67,124,43,15,53,60,8" hai2="64,12,117,48,29,56,20,113,5,131,14,88,33" hai3="46,23,25,80,27,116,44,93,101,130,81,11,68"/><T71/><D71/><U1/><E1/><V91/><F113/><W111/><G68/><T10/><D118/><U69/><E124/><V41/><F33/><W24/><G111/><T3/><D110/><U9/><E9/><N who="2" m="4143" /><F117/><W72/><G130/><T121/><D121/><U28/><E28/><V40/><F131/><W79/><G81/><T77/><D34/><U21/><E21/><V120/><F120/><W125/><G116/><T70/><D70/><U65/><E65/><V78/><F78/><W85/><G125/><T103/><D58/><U134/><E134/><V129/><F129/><W97/><G72/><T4/><D83/><U94/><E106/><V26/><F14/><W32/><G32/><T61/><D61/><U42/><E42/><N who="2" m="16491" /><F64/><W55/><G11/><T18/><D0/><U128/><E128/><V2/><F2/><W30/><G55/><AGARI ba="0,0" hai="20,26,29,48,55,56,88,91" m="16491,4143" machi="55" ten="30,2000,0" yaku="8,1,54,1" doraHai="74" who="2" fromWho="3" sc="250,0,250,0,250,20,250,-20" /><INIT seed="1,0,0,5,3,113" ten="250,250,270,230" oya="1" hai0="69,134,2,97,72,51,28,75,107,92,129,100,124" hai1="60,130,57,39,116,112,101,13,68,89,63,111,79" hai2="7,119,82,9,110,54,71,70,78,73,42,12,19" hai3="21,121,115,118,25,105,55,109,96,61,27,132,83"/><U40/><E112/><V98/><F110/><W67/><G109/><T117/><D2/><U114/><E114/><V133/><F133/><W45/><G121/><T84/><D69/><U17/><E111/><V56/><F119/><W91/><G132/><T0/><D0/><U77/><E116/><V44/><F7/><W3/><G3/><T43/><D134/><U74/><E101/><V33/><F33/><W50/><G115/><T14/><D117/><U11/><E130/><V10/><F10/><W1/><G1/><T47/><D129/><U93/><E74/><V8/><F8/><W122/><G122/><T20/><D124/><U24/><E24/><V29/><F98/><W37/><G25/><T31/><D31/><U127/><E68/><V64/><F64/><W104/><G37/><T95/><D28/><U80/><E80/><V65/><F65/><W5/><G5/><T36/><D36/><U38/><E63/><V106/><F106/><W120/><G120/><T86/><D86/><U30/><E30/><V99/><F99/><W49/><G96/><T46/><D46/><N who="1" m="23831" /><E127/><V53/><F29/><N who="3" m="17647" /><G49/><T126/><D126/><U16/><E17/><V123/><F123/><W58/><G118/><T18/><REACH who="0" step="1"/><D84/><REACH who="0" ten="240,250,270,230" step="2"/><N who="1" m="52391" /><E39/><N who="2" m="21599" /><F71/><N who="3" m="42479" /><G45/><T34/><D34/><U85/><E85/><N who="2" m="48343" /><F70/><W66/><G66/><T135/><D135/><U26/><E26/><V15/><F73/><AGARI ba="0,1" hai="14,18,20,43,47,51,72,73,75,92,95,97,100,107" machi="73" ten="40,1300,0" yaku="1,1,53,0" doraHai="113" doraHaiUra="48" who="0" fromWho="2" sc="240,23,250,0,270,-13,230,0" /><INIT seed="2,0,0,0,3,17" ten="263,250,257,230" oya="2" hai0="73,55,103,71,110,78,116,1,109,11,43,124,63" hai1="85,13,84,37,101,9,80,115,20,108,93,75,134" hai2="27,126,22,26,2,88,127,106,95,14,131,3,57" hai3="81,66,128,96,68,64,33,77,40,28,21,61,53"/><V23/><F106/><W15/><G128/><T16/><D124/><N who="2" m="47658" /><F131/><W87/><G40/><T58/><D116/><U0/><E115/><V105/><F105/><W113/><G113/><T12/><D103/><U120/><E37/><V107/><F107/><W119/><G119/><T35/><D35/><U98/><E108/><N who="0" m="41577" /><D43/><U65/><E65/><N who="3" m="25194" /><G33/><T7/><D71/><U67/><E67/><V99/><F57/><N who="3" m="34991" /><G68/><T59/><D59/><U29/><E134/><V89/><F89/><W31/><G96/><T45/><D45/><U86/><E0/><N who="2" m="43" /><F14/><W24/><G15/><T102/><D102/><U42/><E42/><V72/><F72/><W118/><G118/><T94/><D94/><U44/><E44/><V56/><F56/><W6/><G6/><T111/><N who="0" m="41585" /><T135/><DORA hai="41" /><D135/><U10/><E120/><V83/><F83/><W32/><G32/><T92/><D92/><U100/><E100/><V49/><F49/><W52/><G52/><T104/><D104/><U18/><REACH who="1" step="1"/><E29/><AGARI ba="0,0" hai="21,24,28,29,31,77,81,87" m="34991,25194" machi="29" ten="30,2000,0" yaku="8,1,52,1" doraHai="17,41" who="3" fromWho="1" sc="263,0,250,-20,257,0,230,20" /><INIT seed="3,0,0,1,5,53" ten="263,230,257,250" oya="3" hai0="34,102,13,10,65,52,127,98,66,51,3,122,89" hai1="116,8,79,106,41,4,72,105,123,95,73,62,110" hai2="47,74,84,67,50,37,0,63,1,2,28,99,113" hai3="128,107,69,92,96,22,108,135,36,23,32,9,134"/><W54/><G32/><T78/><D122/><U93/><E110/><V124/><F74/><W7/><G96/><T119/><D119/><U111/><E123/><V24/><F37/><W12/><G69/><T46/><D34/><U101/><E41/><V80/><F124/><W82/><G107/><T104/><D127/><U87/><E116/><V77/><F99/><W91/><G36/><T26/><D78/><U71/><E111/><V39/><F39/><W35/><G35/><T90/><D3/><U30/><E30/><V44/><F113/><W48/><G108/><T58/><D26/><U18/><E18/><V132/><F132/><N who="3" m="50731" /><G128/><T121/><D121/><U59/><E71/><V21/><REACH who="2" step="1"/><F50/><REACH who="2" ten="263,230,247,250" step="2"/><W75/><G75/><T49/><D49/><U60/><E72/><V27/><F27/><W57/><G92/><T114/><D114/><U15/><E93/><V43/><F43/><W129/><G129/><T86/><D86/><AGARI ba="0,1" hai="7,9,12,22,23,48,54,57,82,86,91" m="50731" machi="86" ten="30,2900,0" yaku="20,1,52,1" doraHai="53" who="3" fromWho="0" sc="263,-29,230,0,247,0,250,39" /><INIT seed="3,1,0,3,5,1" ten="234,230,247,289" oya="3" hai0="104,115,15,40,80,79,105,89,94,67,103,0,127" hai1="59,27,49,123,63,48,58,111,66,43,129,69,107" hai2="60,78,102,73,114,45,4,32,53,44,91,93,130" hai3="52,56,35,110,90,132,117,122,100,88,25,36,41"/><W31/><G117/><T134/><D0/><U37/><E107/><V121/><F32/><W83/><G122/><T50/><D127/><U68/><E123/><V64/><F121/><W19/><G100/><T61/><D134/><U54/><E27/><V42/><F102/><W2/><G132/><T135/><D135/><U34/><E34/><V24/><F24/><W120/><G120/><T13/><D115/><U128/><E111/><V57/><F114/><W76/><G2/><T81/><D81/><U77/><E77/><V106/><F106/><W131/><G19/><T92/><D105/><U119/><E119/><V6/><F130/><N who="1" m="50281" /><E48/><N who="2" m="26647" /><F73/><W22/><G131/><T99/><D50/><U116/><E116/><V87/><F78/><W30/><G110/><T28/><D40/><U3/><E3/><V21/><F21/><W33/><G33/><T71/><D28/><U82/><E82/><V62/><F62/><W10/><G31/><T97/><REACH who="0" step="1"/><D104/><REACH who="0" ten="224,230,247,289" step="2"/><U126/><E126/><V9/><F45/><AGARI ba="1,1" hai="37,43,45,49,54,58,59,63,66,68,69" m="50281" machi="45" ten="30,3900,0" yaku="19,1,34,2" doraHai="1" who="1" fromWho="2" sc="224,0,230,52,247,-42,289,0" /><INIT seed="4,0,0,4,2,129" ten="224,282,205,289" oya="0" hai0="111,7,101,29,13,43,61,44,127,20,60,131,133" hai1="16,116,109,24,70,113,46,59,31,93,54,77,76" hai2="104,122,92,121,95,11,114,57,89,32,96,73,10" hai3="98,90,124,30,118,66,9,23,110,72,6,45,71"/><T132/><D131/><U50/><E109/><V102/><F32/><W3/><G110/><T12/><D111/><U14/><E116/><V115/><F73/><W56/><G118/><T49/><D127/><U19/><E70/><V22/><F22/><W0/><G72/><T120/><D120/><N who="2" m="46186" /><F57/><W41/><G71/><T78/><D78/><N who="1" m="30315" /><E113/><N who="2" m="43019" /><F104/><W2/><G124/><T42/><D101/><U107/><E107/><V33/><F33/><W75/><G75/><T52/><D61/><U103/><E14/><N who="0" m="5737" /><D7/><U83/><E83/><V64/><F64/><W117/><G66/><T18/><D29/><U125/><E125/><V106/><F106/><W27/><G56/><T79/><D79/><U40/><E31/><V69/><F69/><W88/><G117/><T85/><D85/><AGARI ba="0,0" hai="10,11,85,89,92,95,96,102" m="43019,46186" machi="85" ten="30,1000,0" yaku="15,1" doraHai="129" who="2" fromWho="0" sc="224,-10,282,0,205,10,289,0" /><INIT seed="5,0,0,0,1,30" ten="214,282,215,289" oya="1" hai0="35,36,129,7,103,9,6,126,135,4,92,45,41" hai1="62,109,133,119,51,87,66,95,59,121,80,110,97" hai2="101,32,75,127,68,22,108,116,117,70,76,57,71" hai3="131,52,115,67,89,5,107,44,125,20,88,124,128"/><U105/><E105/><V104/><F108/><N who="1" m="41577" /><E119/><V53/><F32/><W58/><G107/><T98/><D135/><U96/><E121/><V85/><F75/><W46/><G20/><T106/><D129/><N who="3" m="49737" /><G5/><T47/><D126/><N who="3" m="48745" /><G115/><T25/><D47/><N who="3" m="17961" /><G67/><T40/><D40/><U49/><E133/><V132/><F132/><W48/><AGARI ba="0,0" hai="48,52,58,88,89" m="17961,48745,49737" machi="48" ten="40,8000,1" yaku="19,1,18,1,54,2" doraHai="30" who="3" fromWho="3" sc="214,-20,282,-40,215,-20,289,80" owari="194,-30.6,242,4.2,195,-20.5,369,46.9" /></mjloggm>