<mjloggm ver="2.3"><GO type="225" lobby="0"/><UN n0="%48%61%61%61%6C%61%6E%64" n1="%72%69%6F%75%63%68%61%6E" n2="%73%69%72%6F%75%74" n3="%E7%B4%94%E6%BD%94%E3%83%94%E3%83%A9%E3%83%8B%E3%82%A2" dan="17,17,16,16" rate="2219.78,2247.73,2138.57,2097.48" sx="M,M,M,M"/><TAIKYOKU oya="0"/><INIT seed="0,0,0,3,4,28" ten="250,250,250,250" oya="0" hai0="92,112,84,55,39,3,57,33,34,124,110,90,129" hai1="115,42,50,101,69,49,20,132,86,109,85,18,54" hai2="60,53,11,4,32,37,77,113,135,1,24,121,19" hai3="22,15,8,114,43,130,131,13,126,21,102,96,46"/><T79/><D112/><U74/><E109/><V82/><F113/><W5/><G114/><T40/><D3/><U66/><E115/><V123/><F135/><W26/><G15/><T64/><D110/><U133/><E74/><V94/><F94/><W122/><G122/><T6/><D6/><U93/><E42/><V16/><F53/><W58/><G58/><T65/><D124/><U99/><E50/><V7/><F60/><W61/><G61/><T48/><D79/><U62/><E85/><V83/><F37/><W108/><G126/><T72/><D72/><U30/><E30/><N who="2" m="19527" /><F83/><W118/><G118/><T35/><REACH who="0" step="1"/><D129/><REACH who="0" ten="240,250,250,250" step="2"/><U23/><E133/><V14/><F77/><W75/><G75/><T51/><D51/><U38/><E38/><V0/><F82/><W27/><G108/><T9/><D9/><U68/><E132/><V105/><F105/><W95/><G131/><T70/><D70/><U71/><E68/><V63/><F63/><W87/><G130/><T45/><AGARI ba="0,1" hai="33,34,35,39,40,45,48,55,57,64,65,84,90,92" machi="45" ten="40,12000,1" yaku="1,1,0,1,52,3,53,0" doraHai="28" doraHaiUra="97" who="0" fromWho="0" sc="240,130,250,-40,250,-40,250,-40" /><INIT seed="0,1,0,0,2,67" ten="370,210,210,210" oya="0" hai0="21,68,22,9,72,64,85,111,39,24,123,45,19" hai1="120,27,97,55,98,78,60,18,66,81,52,5,121" hai2="112,28,109,15,116,63,7,58,44,70,50,125,127" hai3="134,99,41,108,69,89,13,106,105,32,117,49,33"/><T88/><D72/><U31/><E5/><V132/><F28/><W51/><G108/><T46/><D123/><U77/><E18/><V53/><F7/><W30/><G13/><T1/><D111/><U61/><E66/><N who="2" m="41311" /><F15/><W0/><G0/><T94/><D39/><U26/><E81/><V47/><F109/><W118/><G41/><T91/><D1/><U20/><E20/><V93/><F93/><W62/><G62/><T124/><D9/><U48/><E48/><V95/><F95/><W133/><G30/><AGARI ba="1,0" hai="26,27,30,31,52,55,60,61,77,78,97,98,120,121" machi="30" ten="25,3200,0" yaku="22,2,54,1" doraHai="67" who="1" fromWho="3" sc="370,0,210,35,210,0,210,-35" /><INIT seed="1,0,0,2,1,51" ten="370,245,210,175" oya="1" hai0="22,66,130,28,23,21,27,89,2,54,46,12,7" hai1="26,93,68,69,10,5,43,114,120,57,6,11,56" hai2="48,91,99,55,118,39,49,16,116,36,70,123,100" hai3="44,30,38,97,88,78,72,113,132,67,87,8,127"/><U92/><E26/><V58/><F123/><W53/><G113/><T101/><D130/><U85/><E43/><V0/><F0/><W29/><G132/><T9/><D101/><U40/><E40/><V25/><F70/><N who="1" m="27241" /><E85/><V63/><F39/><W135/><G67/><T102/><D102/><U14/><E14/><V4/><F36/><W134/><G38/><T65/><D89/><U122/><E114/><V131/><F131/><W129/><G129/><T41/><D41/><U17/><E17/><V15/><F118/><W64/><G64/><N who="0" m="24683" /><D2/><U94/><E56/><V108/><F108/><W84/><G127/><T76/><D76/><U47/><E57/><V109/><F109/><W115/><G115/><T37/><D37/><U59/><E47/><V86/><F25/><W107/><G107/><T128/><D128/><U31/><E31/><V119/><F4/><N who="1" m="1641" /><E59/><V121/><F121/><AGARI ba="0,0" hai="10,11,92,93,94,120,121,122" m="1641,27241" machi="121" ten="40,3900,0" yaku="28,2" doraHai="51" who="1" fromWho="2" sc="370,0,245,39,210,-39,175,0" /><INIT seed="1,1,0,2,4,44" ten="370,284,171,175" oya="1" hai0="65,48,69,86,28,80,24,39,84,99,40,16,79" hai1="22,72,128,36,52,9,68,92,31,74,119,47,64" hai2="107,111,132,131,71,46,45,15,116,14,17,20,91" hai3="61,42,6,77,35,115,18,129,23,59,103,38,90"/><U53/><E119/><V88/><F116/><W117/><G35/><T54/><D39/><U1/><E128/><V62/><F107/><W108/><G108/><T66/><D40/><U122/><E122/><V109/><F131/><W55/><G129/><T95/><D86/><U96/><E68/><V4/><F132/><W78/><G115/><T130/><D69/><U83/><E64/><V13/><F71/><W70/><G103/><T29/><D130/><U57/><E31/><N who="0" m="11849" /><D16/><U135/><E135/><V97/><F62/><W87/><G6/><T123/><D24/><U118/><E22/><V19/><F109/><W105/><G105/><T112/><D112/><U106/><E106/><V94/><F111/><W49/><G38/><T98/><D98/><U43/><E118/><V12/><F4/><W34/><G34/><T8/><D8/><U93/><E9/><V104/><F104/><W75/><G75/><T25/><D25/><U126/><E1/><V120/><F120/><W124/><G124/><T100/><D123/><U63/><E74/><V76/><F76/><W102/><G102/><T82/><D82/><U101/><E126/><V67/><F91/><W50/><G42/><T85/><D85/><U89/><E83/><V26/><REACH who="2" step="1"/><F67/><REACH who="2" ten="370,284,161,175" step="2"/><W21/><G70/><T113/><D113/><U0/><E89/><V110/><F110/><W58/><G117/><T10/><D65/><N who="1" m="39151" /><E0/><V134/><F134/><W56/><G77/><T127/><D66/><U114/><E114/><V7/><F7/><W51/><G78/><T121/><D79/><U81/><E93/><V2/><F2/><RYUUKYOKU ba="1,1" sc="370,-15,284,15,161,15,175,-15" hai1="36,43,47,52,53,72,81,92,96,101" hai2="12,13,14,15,17,19,20,26,45,46,88,94,97" /><INIT seed="1,2,1,1,2,46" ten="355,299,176,160" oya="1" hai0="86,97,108,120,29,123,105,130,135,25,2,26,61" hai1="31,93,44,121,87,18,73,94,129,116,28,15,106" hai2="58,83,96,4,5,42,32,125,27,16,17,82,67" hai3="72,37,20,115,24,57,71,33,50,126,100,107,43"/><U98/><E116/><V95/><F125/><W132/><G126/><T79/><D2/><U30/><E121/><N who="0" m="46665" /><D108/><U45/><E73/><V74/><F32/><W36/><G72/><T122/><D122/><U85/><E129/><V11/><F42/><W133/><G33/><T39/><D39/><U81/><E106/><V59/><F74/><W78/><G78/><T12/><D135/><N who="3" m="51785" /><G71/><T34/><D26/><U51/><E44/><V112/><F112/><W65/><G115/><T41/><D41/><N who="1" m="25007" /><E98/><V38/><F38/><W9/><G9/><T55/><D130/><U56/><E56/><V13/><F27/><W118/><G118/><T49/><D97/><U84/><E81/><N who="2" m="30731" /><F58/><W63/><G43/><T80/><D105/><U114/><E114/><V7/><F59/><N who="3" m="37119" /><G100/><T88/><D61/><U77/><E77/><V92/><F67/><W14/><G14/><T60/><D60/><U62/><E62/><V54/><F96/><W127/><G107/><T70/><D70/><U102/><E102/><V119/><F119/><W64/><G64/><T113/><D113/><U104/><E104/><V131/><F54/><N who="3" m="31959" /><G127/><T21/><D12/><U48/><E48/><V109/><F131/><W19/><AGARI ba="2,1" hai="19,20,24,36,37" m="31959,37119,51785" machi="19" ten="30,2000,0" yaku="20,1,52,1" doraHai="46" who="3" fromWho="3" sc="355,-7,299,-12,176,-7,160,36" /><INIT seed="2,0,0,4,5,103" ten="348,287,169,196" oya="2" hai0="49,52,69,118,76,90,74,110,98,101,57,97,99" hai1="21,8,130,77,29,38,131,27,1,105,114,68,35" hai2="28,46,88,132,15,23,53,59,67,134,120,39,26" hai3="116,78,34,123,96,20,18,55,31,17,2,113,6"/><V125/><F120/><W111/><G123/><T41/><D69/><U91/><E38/><V13/><F125/><W9/><G78/><T75/><D110/><U92/><E68/><V44/><F67/><W5/><G96/><T109/><D109/><U10/><E114/><V129/><F129/><N who="1" m="49161" /><E1/><V80/><F39/><W47/><G47/><N who="2" m="17961" /><F134/><W104/><G104/><T106/><D41/><U45/><E105/><V32/><F32/><W14/><G55/><T40/><D40/><U108/><E108/><V66/><F66/><W7/><G113/><T133/><D133/><U3/><E3/><V58/><F132/><W122/><G116/><T62/><D118/><U119/><E119/><V100/><F100/><W37/><G37/><T87/><D74/><U84/><E45/><V56/><F53/><W102/><G102/><T72/><D72/><U83/><E35/><V4/><F4/><N who="3" m="1175" /><G122/><T117/><D117/><U107/><E107/><V85/><AGARI ba="0,0" hai="13,15,23,26,28,56,58,59,80,85,88" m="17961" machi="85" ten="30,3000,0" yaku="8,1,54,1" doraHai="103" who="2" fromWho="2" sc="348,-10,287,-10,169,30,196,-10" /><INIT seed="2,1,0,3,4,50" ten="338,277,199,186" oya="2" hai0="134,130,52,34,54,56,28,36,132,49,25,33,84" hai1="13,116,117,45,97,12,105,74,43,102,68,61,39" hai2="5,85,81,21,86,93,108,9,7,129,103,126,44" hai3="71,51,124,1,60,99,91,67,127,23,46,40,122"/><V66/><F126/><N who="3" m="48171" /><G1/><T55/><D130/><U92/><E92/><V10/><F129/><W107/><G91/><T18/><D36/><U76/><E12/><V131/><F131/><W6/><G6/><N who="2" m="2057" /><F66/><W125/><N who="3" m="48179" /><W38/><DORA hai="41" /><G23/><T30/><D18/><U3/><E13/><V115/><F115/><W113/><G122/><T88/><D28/><U65/><REACH who="1" step="1"/><E3/><REACH who="1" ten="338,267,199,186" step="2"/><V109/><F108/><W90/><G113/><T48/><D33/><U0/><E0/><V95/><F109/><W69/><G107/><T87/><D87/><U24/><E24/><V2/><F86/><W26/><G26/><T19/><D19/><U135/><E135/><N who="0" m="51753" /><D48/><U120/><E120/><V114/><F85/><W64/><G38/><T83/><AGARI ba="1,1" hai="25,30,34,49,52,54,55,56,83,84,88" m="51753" machi="83" ten="30,12000,2" yaku="20,1,52,3,54,2" doraHai="50,41" who="0" fromWho="0" sc="338,133,267,-31,199,-61,186,-31" /><INIT seed="3,0,0,4,1,23" ten="471,236,138,155" oya="3" hai0="84,121,2,40,128,32,100,89,44,87,135,58,10" hai1="114,79,57,19,56,65,22,77,53,115,42,134,71" hai2="41,99,50,35,48,6,126,82,60,88,64,76,3" hai3="47,0,14,101,98,119,54,63,5,108,93,13,18"/><W74/><G74/><T37/><D121/><U107/><E107/><V59/><F35/><W109/><G119/><T124/><D32/><U116/><E71/><V12/><F3/><W90/><G0/><T120/><D120/><U36/><E115/><V7/><F126/><W81/><G5/><N who="2" m="1545" /><F41/><W49/><G63/><T103/><D10/><U113/><E113/><V26/><F26/><W45/><G45/><T30/><D30/><U129/><E114/><V8/><F76/><W94/><G81/><T131/><D135/><U85/><E36/><V130/><F130/><W96/><REACH who="3" step="1"/><G18/><REACH who="3" ten="471,236,138,145" step="2"/><T132/><D44/><U112/><E116/><V29/><F29/><W51/><G51/><T111/><D2/><U28/><E112/><V24/><F24/><W75/><G75/><T67/><D131/><U1/><E129/><V34/><F34/><W21/><G21/><T95/><D128/><U106/><E22/><V55/><F82/><W123/><G123/><T15/><D37/><U62/><E1/><V25/><F25/><W91/><G91/><T97/><D89/><U118/><E118/><V86/><F88/><W4/><G4/><T80/><D80/><U117/><E117/><V43/><F43/><W38/><G38/><T52/><D40/><U102/><E42/><V31/><F31/><W20/><G20/><T46/><D46/><U122/><E28/><V73/><F73/><W39/><G39/><T133/><D132/><U17/><E122/><V69/><F50/><W105/><G105/><T61/><D133/><U33/><E134/><V72/><F72/><W11/><G11/><RYUUKYOKU ba="0,1" sc="471,-10,236,-10,138,-10,145,30" hai3="13,14,47,49,54,90,93,94,96,98,101,108,109" /><INIT seed="3,1,1,0,4,30" ten="461,226,128,175" oya="3" hai0="36,53,73,33,120,108,118,11,12,123,126,8,129" hai1="130,92,110,35,56,22,28,50,4,15,99,80,88" hai2="60,78,90,43,20,76,68,74,24,2,127,115,85" hai3="101,27,61,86,9,64,116,102,23,69,124,19,113"/><W114/><G116/><T83/><D53/><N who="1" m="31799" /><E35/><V6/><F127/><W62/><G124/><T3/><D12/><U105/><E105/><V82/><F115/><W7/><G62/><T0/><D11/><N who="1" m="4583" /><E110/><V17/><F43/><W103/><REACH who="3" step="1"/><G86/><REACH who="3" ten="461,226,128,165" step="2"/><T29/><D126/><U135/><E135/><V55/><F74/><W59/><G59/><T91/><D118/><U49/><E130/><V121/><F121/><W134/><G134/><T97/><D129/><U32/><E32/><V41/><F68/><W89/><G89/><T40/><D33/><U72/><E72/><V46/><F60/><W57/><G57/><T18/><D91/><U109/><E109/><V31/><F90/><W38/><G38/><T63/><D63/><U5/><E49/><V58/><F76/><W44/><G44/><T95/><D108/><U75/><E75/><V132/><F132/><W67/><G67/><T112/><D73/><U79/><E79/><V25/><F46/><W71/><G71/><T94/><D36/><U51/><E51/><V93/><F58/><W119/><G119/><T84/><D84/><U66/><E66/><V14/><F78/><W70/><G70/><T133/><D133/><U125/><E125/><V100/><F85/><W128/><G128/><T87/><D87/><U10/><E80/><V21/><F82/><W26/><G26/><T13/><D83/><U34/><E34/><V37/><F37/><W52/><G52/><T122/><D123/><U45/><E45/><V65/><F55/><W106/><G106/><T77/><D120/><U39/><E39/><V48/><F65/><RYUUKYOKU ba="1,2" sc="461,-10,226,-10,128,-10,165,30" hai3="7,9,19,23,27,61,64,69,101,102,103,113,114" /><INIT seed="3,2,2,2,0,110" ten="451,216,118,195" oya="3" hai0="25,43,0,8,53,58,27,55,130,80,101,35,65" hai1="105,96,31,2,45,86,36,81,30,87,44,4,1" hai2="118,97,14,100,69,131,39,54,40,9,103,22,21" hai3="18,50,77,16,57,10,17,32,76,47,13,127,74"/><W106/><G106/><T124/><D124/><U99/><E105/><V115/><F118/><W112/><G112/><T67/><D130/><U75/><E4/><V98/><F69/><W11/><G127/><T28/><D43/><U122/><E81/><V93/><F131/><W119/><G119/><T92/><D80/><U20/><E20/><V83/><F83/><W5/><G32/><T68/><D68/><U114/><E114/><V88/><F115/><W94/><G74/><T56/><D56/><U111/><E111/><V128/><F128/><W61/><G10/><T19/><D53/><U117/><E117/><V3/><F3/><W37/><G37/><T90/><D101/><U7/><E7/><V63/><F40/><N who="3" m="24935" /><G94/><T82/><D0/><U121/><E75/><V23/><F39/><AGARI ba="2,2" hai="1,2,30,31,36,39,44,45,86,87,96,99,121,122" machi="39" ten="25,1600,0" yaku="22,2" doraHai="110" who="1" fromWho="2" sc="451,0,216,42,118,-22,195,0" owari="451,55.1,258,5.8,96,-40.4,195,-20.5" /></mjloggm>