<mjloggm ver="2.3"><GO type="225" lobby="0"/><UN n0="%E3%81%B5%E3%81%98%E3%81%8B%E3%81%A4" n1="%E3%81%99%E3%81%84%E3%81%BE%E3%81%9B%E3%83%BC%E3%82%93" n2="%33%74%72%65%65" n3="%6B%6F%64%61%6D%61%6E%37" dan="16,18,16,16" rate="2141.32,2208.00,2148.18,2081.40" sx="M,M,F,M"/><TAIKYOKU oya="0"/><INIT seed="0,0,0,5,3,125" ten="250,250,250,250" oya="0" hai0="114,47,8,9,100,75,35,12,96,23,24,39,1" hai1="60,86,79,15,89,34,17,2,99,72,98,113,76" hai2="5,41,26,135,126,10,43,109,38,46,130,19,28" hai3="42,27,106,111,131,80,134,97,73,54,124,112,103"/><T48/><D114/><U6/><E113/><V68/><F126/><W64/><G112/><T16/><D75/><U63/><E34/><V52/><F109/><W77/><G111/><T49/><D39/><U67/><E6/><V57/><F135/><W120/><G120/><T133/><D133/><U56/><E2/><V65/><F43/><W30/><G54/><T55/><D49/><U102/><E63/><V83/><F19/><W25/><G25/><T117/><D117/><U31/><E31/><V87/><F65/><W70/><G42/><T36/><D36/><U110/><E72/><V51/><F68/><W37/><G37/><T88/><D1/><U129/><E129/><V115/><F130/><W81/><G81/><T107/><D35/><U59/><E59/><V11/><F5/><W61/><G134/><T90/><REACH who="0" step="1"/><D9/><REACH who="0" ten="240,250,250,250" step="2"/><U104/><E110/><V116/><F116/><W53/><G124/><T22/><D22/><U122/><E122/><V85/><F115/><W14/><G73/><T13/><D13/><U40/><E15/><V45/><F10/><W93/><G14/><T108/><D108/><U20/><E20/><V0/><F11/><W32/><G32/><T44/><D44/><U127/><E127/><V84/><F0/><W18/><G27/><T50/><D50/><U69/><E60/><V62/><F46/><W105/><G61/><T7/><AGARI ba="0,1" hai="7,8,12,16,23,24,47,48,55,88,90,96,100,107" machi="7" ten="20,12000,1" yaku="1,1,0,1,7,1,54,2,53,0" doraHai="125" doraHaiUra="119" who="0" fromWho="0" sc="240,130,250,-40,250,-40,250,-40" /><INIT seed="0,1,0,5,4,85" ten="370,210,210,210" oya="0" hai0="131,14,19,54,108,88,74,79,93,28,62,6,39" hai1="21,134,127,126,107,34,24,106,10,2,124,129,116" hai2="77,63,25,49,7,101,52,42,98,47,90,122,112" hai3="121,118,51,48,78,76,16,17,65,45,33,86,38"/><T89/><D39/><U125/><E116/><V68/><F122/><W20/><G118/><T59/><D131/><U29/><N who="1" m="31744" /><DORA hai="114" /><U87/><E129/><V70/><F112/><W31/><G121/><T97/><D108/><U115/><E115/><V113/><F113/><W84/><G33/><T117/><D117/><U81/><E134/><V23/><F77/><N who="3" m="29803" /><G38/><T96/><D28/><U135/><E135/><V110/><F7/><W92/><G65/><T83/><D6/><N who="1" m="1367" /><E34/><V75/><F75/><W67/><G67/><T82/><D82/><U8/><E8/><V30/><F110/><W58/><G58/><T72/><D74/><U64/><E64/><V102/><F70/><W130/><G130/><T128/><D128/><U119/><E119/><V15/><F68/><W35/><G35/><T4/><D4/><U133/><E133/><V40/><F15/><N who="3" m="9247" /><G31/><T37/><D37/><U53/><E53/><V57/><F40/><N who="3" m="24615" /><G17/><T36/><D36/><U44/><E44/><V56/><F56/><W22/><G22/><T41/><D41/><U1/><E1/><V123/><F123/><W103/><G51/><T18/><D14/><U27/><E27/><V104/><F104/><W3/><G3/><T66/><D66/><U5/><E5/><V61/><F61/><W26/><G26/><T50/><D50/><U13/><E13/><V105/><F105/><W120/><G120/><T80/><D80/><U69/><E69/><V60/><F60/><W95/><G95/><AGARI ba="1,0" hai="18,19,54,59,62,72,79,83,88,89,93,95,96,97" machi="95" ten="40,12000,1" yaku="9,1,52,2,54,1" doraHai="85,114" who="0" fromWho="3" sc="370,123,210,0,210,0,210,-123" /><AGARI ba="1,0" hai="23,25,30,42,47,49,52,57,63,90,95,98,101,102" machi="95" ten="40,5200,0" yaku="8,1,52,1,54,1" doraHai="85,114" who="2" fromWho="3" sc="493,0,210,0,210,52,87,-52" /><INIT seed="0,2,0,0,4,55" ten="493,210,262,35" oya="0" hai0="120,97,2,53,83,18,128,85,82,4,90,73,75" hai1="5,7,107,77,122,20,104,25,79,80,14,96,27" hai2="78,1,84,109,58,43,48,70,0,71,135,12,50" hai3="26,22,49,21,29,130,133,32,100,131,10,57,54"/><T16/><D120/><U6/><E122/><V98/><F109/><W92/><G133/><T13/><D128/><N who="3" m="49193" /><G10/><T86/><D97/><AGARI ba="2,0" hai="21,22,26,29,32,49,54,57,92,97,100" m="49193" machi="97" ten="30,2000,0" yaku="19,1,52,1" doraHai="55" who="3" fromWho="0" sc="493,-26,210,0,262,0,35,26" /><INIT seed="1,0,0,4,2,67" ten="467,210,262,61" oya="1" hai0="84,48,41,18,12,99,90,20,128,68,120,92,39" hai1="32,14,69,80,54,127,29,31,19,36,117,123,45" hai2="77,71,101,70,86,2,109,130,63,37,49,53,98" hai3="0,106,79,64,97,43,115,75,9,44,28,94,10"/><U93/><E117/><V60/><F2/><W96/><G115/><T58/><D128/><U13/><E123/><V122/><F122/><W46/><G64/><T114/><D120/><U21/><E127/><V82/><F37/><W47/><G28/><T7/><D114/><U23/><E69/><V74/><F130/><W104/><G43/><T105/><D68/><U17/><E32/><V83/><F63/><W11/><G0/><T78/><D39/><U132/><E132/><V133/><F60/><W89/><G79/><T125/><D125/><U135/><E135/><V16/><F16/><W85/><REACH who="3" step="1"/><G75/><REACH who="3" ten="467,210,262,51" step="2"/><T72/><D72/><U116/><E116/><V26/><F77/><W3/><G3/><T35/><D78/><U126/><E126/><V1/><F1/><W88/><G88/><T4/><D41/><U30/><E30/><V112/><F74/><W61/><G61/><T24/><D90/><U40/><E31/><V134/><F112/><W6/><G6/><T107/><D7/><U42/><E29/><V51/><F133/><W8/><N who="3" m="2048" /><DORA hai="56" /><W119/><G119/><T50/><D4/><U57/><E42/><V113/><F134/><W108/><G108/><T33/><D35/><U124/><E124/><V121/><F109/><W5/><G5/><T52/><D33/><U22/><E40/><V59/><F113/><W95/><G95/><T118/><D92/><U103/><E93/><V91/><F91/><W66/><G66/><T62/><D118/><U55/><E36/><V34/><F34/><W131/><G131/><T110/><D110/><U81/><E19/><RYUUKYOKU ba="0,1" sc="467,-10,210,-10,262,-10,51,30" hai3="44,46,47,85,89,94,96,97,104,106" /><INIT seed="2,1,1,1,4,79" ten="457,200,252,81" oya="2" hai0="7,117,59,63,87,131,3,18,115,74,40,46,20" hai1="108,62,58,41,128,95,1,5,86,23,65,69,111" hai2="123,45,16,24,68,34,9,28,25,56,88,44,80" hai3="22,89,119,84,122,120,60,55,35,50,36,48,19"/><V2/><F68/><W107/><G35/><T77/><D115/><U92/><E128/><V90/><F123/><W33/><G33/><T110/><D117/><U127/><E127/><V96/><F2/><W15/><G107/><T130/><D74/><U29/><E41/><V83/><F34/><W116/><G36/><T73/><D73/><U43/><E43/><V133/><F133/><W67/><G120/><T106/><D110/><N who="1" m="42027" /><E69/><V39/><F56/><W134/><G122/><T99/><D59/><U121/><E121/><V8/><F96/><W38/><G38/><T126/><D87/><U101/><E101/><V76/><F76/><W114/><G114/><T32/><D77/><U10/><E86/><V82/><F28/><W4/><G4/><T42/><D18/><U125/><E125/><V14/><F8/><W129/><G129/><T85/><D20/><U47/><E47/><N who="2" m="17995" /><F39/><W13/><G13/><T26/><D99/><U17/><E29/><V118/><F118/><W103/><G103/><T31/><D126/><U97/><E97/><V64/><F64/><W6/><G134/><T53/><D3/><U135/><E135/><V66/><F66/><W98/><G98/><T81/><D130/><U0/><E0/><V27/><AGARI ba="1,1" hai="9,14,16,24,25,27,80,82,83,88,90" m="17995" machi="27" ten="40,18000,2" yaku="8,1,52,3,54,2" doraHai="79" who="2" fromWho="2" sc="457,-61,200,-61,252,193,81,-61" /><INIT seed="2,2,0,1,4,24" ten="396,139,445,20" oya="2" hai0="70,80,53,106,15,66,50,49,31,2,71,21,33" hai1="32,9,115,125,57,51,122,124,110,16,68,7,64" hai2="52,63,114,74,28,113,12,41,88,43,97,45,127" hai3="35,34,1,129,55,119,3,99,93,100,118,102,65"/><V131/><F127/><W81/><G129/><T20/><D106/><U79/><E115/><V23/><F131/><W85/><G65/><T95/><D2/><U96/><E110/><V112/><F74/><W29/><G102/><T10/><D33/><U84/><E32/><V107/><F107/><W92/><G55/><T5/><D80/><U54/><E122/><V98/><F98/><W59/><G59/><T117/><D117/><U104/><E68/><V19/><F28/><W116/><G93/><T69/><D66/><U87/><E64/><V121/><F121/><W103/><G100/><T101/><D31/><U73/><E96/><V46/><F46/><W82/><G81/><T90/><D101/><U134/><E104/><V30/><F30/><W76/><REACH who="3" step="1"/><G35/><REACH who="3" ten="396,139,445,10" step="2"/><T126/><D126/><U128/><E128/><V18/><F114/><W72/><G72/><T120/><D120/><U38/><E73/><V22/><F113/><W108/><G108/><T78/><D78/><U111/><E111/><V48/><F112/><W133/><G133/><T4/><D53/><U44/><E134/><V123/><F123/><W37/><G37/><T0/><D50/><U6/><E38/><V25/><F63/><W135/><G135/><T47/><D49/><N who="1" m="30927" /><E125/><V17/><F52/><W39/><G39/><T83/><D83/><U56/><E124/><V26/><F48/><W36/><G36/><T105/><D105/><U11/><E51/><V27/><F45/><W58/><G58/><T61/><D47/><U42/><E56/><V86/><F43/><W40/><G40/><T14/><D61/><RYUUKYOKU ba="2,1" sc="396,-10,139,-10,445,-10,10,30" hai3="1,3,29,34,76,82,85,92,99,103,116,118,119" /><INIT seed="3,3,1,0,1,50" ten="386,129,435,40" oya="3" hai0="16,34,24,28,106,55,133,127,125,52,118,6,27" hai1="111,130,115,63,33,92,117,73,74,47,96,60,38" hai2="85,80,128,57,116,12,100,48,5,64,97,87,84" hai3="101,95,25,37,121,0,56,42,4,75,81,72,61"/><W43/><G121/><T3/><D118/><U70/><E111/><V53/><F128/><W98/><G25/><T22/><D106/><U14/><E115/><V86/><F116/><W105/><G37/><T41/><D41/><U71/><E33/><V107/><F64/><W131/><G131/><T1/><D133/><U62/><E117/><V124/><F124/><N who="0" m="47690" /><D6/><U122/><E122/><V120/><F120/><W114/><G114/><T23/><D34/><U103/><E130/><V54/><F54/><AGARI ba="3,1" hai="1,3,16,22,23,24,27,28,52,54,55" m="47690" machi="54" ten="30,12000,2" yaku="18,1,52,3,54,2" doraHai="50" who="0" fromWho="2" sc="386,139,129,0,435,-129,40,0" owari="525,62.5,129,-27.1,306,10.6,40,-46.0" /></mjloggm>