<mjloggm ver="2.3"><GO type="225" lobby="0"/><UN n0="%E3%81%A9%E3%82%93%E3%82%88%E3%81%8F%4D%6B%2E%32" n1="%E3%81%B2%E3%81%AA%E3%81%AE%E3%82%8A%E3%81%8F" n2="%72%69%6F%75%63%68%61%6E" n3="%E3%80%93%E3%81%97%E3%83%BC%E3%82%89%E3%80%93" dan="16,16,16,16" rate="2154.88,2101.50,2151.17,2158.05" sx="M,M,M,M"/><TAIKYOKU oya="0"/><INIT seed="0,0,0,3,0,88" ten="250,250,250,250" oya="0" hai0="111,106,98,22,80,21,68,2,11,125,57,40,35" hai1="44,46,67,49,76,27,54,56,74,78,58,8,130" hai2="126,75,120,92,123,19,90,15,0,36,95,52,9" hai3="50,86,72,100,55,83,25,39,42,43,66,131,53"/><T47/><D68/><U132/><E132/><V29/><F36/><W28/><G72/><T122/><D122/><U69/><E69/><V113/><F113/><W85/><G131/><T87/><D35/><U70/><E70/><V71/><F71/><W13/><G66/><T5/><D125/><U7/><E130/><V133/><F75/><W112/><G39/><T114/><D114/><U104/><E104/><V48/><F133/><W102/><G13/><T101/><D57/><U94/><E27/><V82/><F126/><W4/><G4/><T103/><D103/><U77/><E74/><V33/><F0/><W121/><G25/><T81/><D111/><U10/><E10/><V38/><F38/><W107/><G83/><T59/><D59/><U99/><E58/><V26/><F82/><W18/><G50/><T30/><D30/><U129/><E67/><V41/><F41/><W89/><G28/><T105/><D81/><U51/><E51/><V6/><F6/><W73/><G73/><T91/><D106/><U16/><E16/><V134/><F134/><W128/><G18/><T60/><D60/><U3/><REACH who="1" step="1"/><E129/><REACH who="1" ten="250,240,250,250" step="2"/><V34/><F34/><W108/><G128/><T31/><D31/><U97/><E97/><V63/><F63/><W14/><G107/><T45/><D45/><U118/><E118/><V109/><F109/><W96/><G108/><T23/><D47/><U115/><E115/><V93/><REACH who="2" step="1"/><F90/><AGARI ba="0,1" hai="3,7,8,44,46,49,54,56,76,77,78,90,94,99" machi="90" ten="40,2600,0" yaku="1,1,52,1,53,0" doraHai="88" doraHaiUra="110" who="1" fromWho="2" sc="250,0,240,36,250,-26,250,0" /><INIT seed="1,0,0,0,3,111" ten="250,276,224,250" oya="1" hai0="96,26,114,131,124,25,88,39,18,104,0,122,100" hai1="32,43,73,19,128,109,102,85,48,46,64,97,10" hai2="74,77,117,82,50,9,118,44,68,133,135,65,15" hai3="13,81,47,4,107,66,56,34,1,49,127,63,134"/><U121/><E121/><V67/><F118/><W3/><G107/><T17/><D122/><U40/><E73/><V94/><F117/><W45/><G34/><T129/><D39/><U27/><E128/><N who="0" m="49225" /><D0/><U38/><E64/><V33/><F33/><W106/><G106/><T29/><D124/><U98/><E109/><V21/><F21/><W5/><G134/><N who="2" m="51209" /><F94/><W132/><G132/><T105/><D105/><U92/><E98/><V6/><F68/><W16/><G127/><T22/><D114/><U61/><E61/><V72/><F74/><W53/><G3/><T125/><D125/><U113/><E113/><V57/><F57/><W130/><G1/><T90/><D18/><U62/><E62/><V70/><F70/><W110/><G110/><T42/><D42/><AGARI ba="0,0" hai="6,9,15,42,44,50,65,67,72,77,82" m="51209" machi="42" ten="30,1000,0" yaku="20,1" doraHai="111" who="2" fromWho="0" sc="250,-10,276,0,224,10,250,0" /><INIT seed="2,0,0,4,4,67" ten="240,276,234,250" oya="2" hai0="33,103,114,104,1,120,65,77,75,108,62,99,119" hai1="26,40,101,47,71,66,38,41,94,10,61,134,73" hai2="130,2,45,80,64,97,3,37,76,123,91,83,17" hai3="43,118,117,111,55,18,82,11,126,106,29,93,34"/><V5/><F123/><W122/><G106/><T49/><D120/><U110/><E73/><V102/><F130/><W131/><G43/><T68/><D119/><U129/><E129/><V133/><F133/><W125/><G122/><T115/><D108/><U22/><E110/><V100/><F64/><W127/><G111/><T57/><D49/><U85/><E41/><N who="2" m="22703" /><F17/><W63/><G131/><T92/><D57/><U6/><E134/><V24/><F24/><N who="3" m="18727" /><G82/><N who="0" m="45375" /><D92/><U107/><E107/><V98/><F2/><W72/><G93/><T56/><D56/><U4/><E10/><N who="2" m="2367" /><F80/><W132/><G72/><T48/><D48/><U74/><E74/><N who="2" m="43415" /><F91/><W81/><G81/><T35/><D1/><U59/><E59/><V30/><F30/><W42/><G42/><T12/><D12/><U44/><E44/><V121/><F121/><W23/><G132/><T128/><D128/><U9/><E9/><V70/><F70/><W116/><G11/><T25/><D33/><U46/><E46/><V58/><F58/><N who="3" m="35295" /><G117/><T53/><D53/><U51/><E38/><V89/><F89/><W88/><G88/><T95/><D95/><U31/><REACH who="1" step="1"/><E85/><REACH who="1" ten="240,266,234,250" step="2"/><V7/><F7/><W13/><AGARI ba="0,1" hai="13,18,23,116,118,125,126,127" m="35295,18727" machi="13" ten="30,1100,0" yaku="18,1" doraHai="67" who="3" fromWho="3" sc="240,-3,266,-3,234,-5,250,21" /><INIT seed="3,0,0,2,0,131" ten="237,263,229,271" oya="3" hai0="61,5,14,84,115,51,31,109,40,32,91,33,130" hai1="29,8,27,110,44,88,23,42,60,123,118,132,124" hai2="68,10,28,37,128,12,94,120,104,11,54,86,59" hai3="56,26,18,13,57,48,63,38,107,43,21,73,0"/><W105/><G73/><T17/><D130/><U3/><E123/><V66/><F128/><W64/><G0/><T19/><D109/><U9/><E110/><V47/><F120/><W99/><G38/><T2/><D2/><U20/><E124/><V81/><F104/><W24/><G107/><T55/><D115/><U135/><E118/><V95/><F28/><W98/><G105/><T75/><D75/><U100/><E100/><V87/><F68/><W46/><G57/><T69/><D33/><U50/><E60/><N who="2" m="38175" /><F37/><W125/><G125/><T39/><D39/><U129/><E129/><V67/><F67/><W103/><G103/><T97/><D97/><AGARI ba="0,0" hai="13,18,21,24,26,43,46,48,56,63,64,97,98,99" machi="97" ten="40,2000,0" yaku="8,1" doraHai="131" who="3" fromWho="0" sc="237,-20,263,0,229,0,271,20" /><INIT seed="3,1,0,0,2,35" ten="217,263,229,291" oya="3" hai0="68,22,39,25,133,74,4,76,86,47,105,134,5" hai1="12,21,20,34,100,122,67,95,38,43,98,128,0" hai2="118,72,71,55,91,50,3,19,89,66,106,54,57" hai3="49,93,111,9,129,69,99,1,2,10,124,108,119"/><W103/><G69/><T82/><D68/><U13/><E122/><V104/><F118/><W78/><G119/><T24/><D105/><U130/><E34/><V48/><F72/><W92/><G124/><T113/><D113/><U8/><E67/><V75/><F75/><W112/><G112/><T14/><D74/><U107/><E107/><V109/><F109/><N who="3" m="42059" /><G78/><T87/><D87/><U83/><E83/><V59/><F71/><W32/><G32/><T16/><D39/><U41/><E0/><N who="3" m="106" /><G129/><T80/><D80/><U28/><E130/><V6/><F66/><W56/><G93/><T132/><D47/><U36/><E95/><V11/><F106/><W117/><G117/><T17/><REACH who="0" step="1"/><D25/><REACH who="0" ten="207,263,229,291" step="2"/><U26/><E26/><V29/><F104/><W110/><G110/><T62/><D62/><U18/><E128/><V90/><F29/><W120/><G120/><T79/><D79/><U77/><E77/><V64/><F64/><W84/><G84/><T58/><D58/><U40/><E28/><V115/><F115/><W65/><G49/><T121/><D121/><U116/><E116/><V27/><F27/><W97/><G99/><T127/><D127/><U126/><E126/><V125/><F125/><W102/><G103/><T44/><D44/><U131/><E131/><V45/><F45/><W85/><G85/><T7/><D7/><N who="1" m="3103" /><E38/><V53/><F19/><W88/><G102/><T33/><D33/><U135/><E36/><V123/><F123/><W31/><G31/><T42/><D42/><U37/><E37/><V73/><F73/><W94/><G94/><T52/><D52/><AGARI ba="1,1" hai="3,6,11,48,50,52,53,54,55,57,59,89,90,91" machi="52" ten="40,8000,1" yaku="6,1,9,1,52,1,54,1" doraHai="35" who="2" fromWho="0" sc="207,-83,263,0,229,93,291,0" owari="124,-37.6,263,-13.7,322,42.2,291,9.1" /></mjloggm>