<mjloggm ver="2.3"><GO type="225" lobby="0"/><UN n0="%E3%81%B5%E3%81%98%E3%81%8B%E3%81%A4" n1="%E9%B3%B3%E6%9D%B1%E3%81%AE%E3%81%86%E3%81%95%E3%81%8E%E3%81%95%E3%82%93" n2="%E6%97%A5%E6%9B%9C%E6%97%A5%E3%82%88%E3%82%8A%E3%81%AE%E4%BD%BF%E8%80%85" n3="%E3%83%97%E3%83%92" dan="16,17,17,16" rate="2084.48,2241.97,2130.62,2142.63" sx="M,M,M,M"/><TAIKYOKU oya="0"/><INIT seed="0,0,0,5,3,90" ten="250,250,250,250" oya="0" hai0="3,76,62,105,135,100,91,101,59,36,94,11,122" hai1="71,25,68,96,20,53,61,8,30,134,66,40,77" hai2="109,55,52,106,133,32,31,87,120,78,42,63,72" hai3="13,46,99,14,18,117,74,27,65,124,123,28,48"/><T81/><D36/><U41/><E134/><V113/><F72/><W85/><G74/><T49/><D122/><U118/><E118/><V29/><F106/><W107/><G117/><T16/><D135/><U130/><E130/><V47/><F32/><W128/><G128/><T103/><D3/><U34/><E71/><V35/><F35/><W5/><G65/><T125/><D125/><U116/><E116/><V44/><F78/><W98/><G107/><T89/><D49/><U9/><E77/><V131/><F87/><W58/><G5/><T108/><D105/><U95/><E34/><V26/><F26/><W6/><G6/><T7/><D7/><U119/><E53/><V70/><F70/><W129/><G58/><T17/><D108/><U79/><E79/><V45/><F42/><W2/><G2/><T114/><D114/><U4/><E119/><V132/><F109/><W104/><G104/><T80/><D11/><U50/><E50/><V1/><F1/><W64/><G129/><T43/><D43/><U126/><E8/><V83/><F131/><W24/><G48/><T15/><D89/><U86/><E86/><V97/><F113/><W37/><G85/><N who="0" m="52591" /><D76/><U60/><E60/><V12/><F63/><W33/><G124/><T127/><D127/><U51/><E51/><V38/><F133/><W57/><G37/><T22/><D17/><U102/><REACH who="1" step="1"/><E126/><REACH who="1" ten="250,240,250,250" step="2"/><V54/><F132/><W115/><G115/><T67/><AGARI ba="0,1" hai="15,16,22,59,62,67,80,81,100,101,103" m="52591" machi="67" ten="30,6000,0" yaku="8,1,52,1,54,1" doraHai="90" who="0" fromWho="0" sc="250,70,240,-20,250,-20,250,-20" /><INIT seed="0,1,0,1,1,37" ten="320,220,230,230" oya="0" hai0="112,52,59,105,46,118,126,70,88,10,132,104,89" hai1="45,30,117,31,49,51,19,44,130,15,63,54,65" hai2="68,2,85,131,110,86,1,135,101,17,128,33,56" hai3="114,47,109,107,66,120,29,43,127,95,3,6,62"/><T75/><D118/><U14/><E130/><N who="2" m="49707" /><F68/><W25/><G114/><T80/><D112/><U27/><E117/><V100/><F33/><W18/><G109/><T20/><D70/><U36/><E36/><V122/><F122/><W23/><G120/><T0/><D132/><U71/><E27/><V38/><F110/><W125/><G107/><T26/><D126/><N who="3" m="48137" /><G95/><T28/><D46/><U13/><REACH who="1" step="1"/><E19/><REACH who="1" ten="320,210,230,230" step="2"/><V5/><F38/><N who="3" m="22007" /><G6/><T116/><D116/><U119/><E119/><V73/><F5/><W40/><G3/><T74/><D0/><U111/><E111/><V102/><F1/><W57/><G40/><AGARI ba="1,1" hai="13,14,15,30,31,40,44,45,49,51,54,63,65,71" machi="40" ten="40,2600,0" yaku="1,1,52,1,53,0" doraHai="37" doraHaiUra="69" who="1" fromWho="3" sc="320,0,210,39,230,0,230,-29" /><INIT seed="1,0,0,2,0,69" ten="320,249,230,201" oya="1" hai0="32,7,108,105,67,92,73,54,116,37,124,38,133" hai1="134,96,68,83,63,85,87,45,53,121,118,48,43" hai2="25,77,13,49,132,18,31,109,3,75,117,35,30" hai3="57,81,58,1,62,70,20,24,10,106,74,26,4"/><U127/><E118/><V103/><F117/><W128/><G106/><T42/><D92/><U5/><E121/><V71/><F71/><W6/><G128/><T8/><D54/><U130/><E130/><V100/><F109/><W90/><G6/><T2/><D67/><U115/><E115/><V61/><F132/><W52/><G70/><T51/><D51/><U47/><E134/><V80/><F31/><W125/><G125/><T123/><D42/><U11/><E127/><V135/><F135/><W107/><G107/><T112/><D8/><U84/><E96/><V131/><F131/><W44/><G44/><T59/><D7/><U113/><E113/><V41/><F3/><W79/><G20/><T86/><D59/><U91/><E68/><V36/><F49/><W23/><G23/><T99/><D86/><U95/><E83/><V110/><F61/><W122/><G122/><T27/><D99/><U97/><E63/><V65/><F65/><W89/><REACH who="3" step="1"/><G58/><REACH who="3" ten="320,249,230,191" step="2"/><T126/><D126/><U28/><E28/><V120/><F120/><W98/><G98/><T9/><D123/><U129/><E129/><V19/><F30/><W76/><G76/><T29/><D124/><U17/><E17/><V34/><F19/><W14/><G14/><T40/><D29/><U119/><E119/><V21/><F13/><W104/><G104/><T66/><D116/><U88/><E5/><V46/><REACH who="2" step="1"/><F110/><REACH who="2" ten="320,249,220,191" step="2"/><W16/><G16/><T22/><D108/><U78/><E78/><V0/><F0/><W39/><G39/><T33/><D2/><U60/><E11/><V114/><F114/><RYUUKYOKU ba="0,2" sc="320,-15,249,-15,220,15,191,15" hai2="18,21,25,34,35,36,41,46,75,77,80,100,103" hai3="1,4,10,24,26,52,57,62,74,79,81,89,90" /><INIT seed="2,1,2,0,1,24" ten="305,234,235,206" oya="2" hai0="73,29,118,47,90,132,53,6,55,8,64,32,109" hai1="0,121,71,12,23,5,83,35,111,82,108,131,4" hai2="69,54,51,62,100,104,67,86,134,110,59,60,41" hai3="80,129,103,123,68,114,98,58,38,13,105,94,37"/><V28/><F134/><W133/><G123/><T43/><D132/><U3/><E71/><V18/><F110/><N who="1" m="42025" /><E131/><V97/><F28/><W48/><G133/><T112/><D109/><U119/><E35/><V117/><F117/><W14/><G68/><T93/><D112/><U115/><E115/><V85/><REACH who="2" step="1"/><F18/><REACH who="2" ten="305,234,225,206" step="2"/><W87/><G114/><T10/><D118/><U22/><E119/><V30/><F30/><W76/><G129/><T102/><D29/><U57/><E121/><V135/><F135/><W65/><G105/><T79/><D6/><U52/><E4/><V27/><F27/><W7/><G7/><T130/><D130/><U49/><E3/><V44/><AGARI ba="1,3" hai="41,44,51,54,59,60,62,67,69,85,86,97,100,104" machi="44" ten="30,6000,0" yaku="1,1,0,1,53,1" doraHai="24" doraHaiUra="50" who="2" fromWho="2" sc="305,-21,234,-21,225,93,206,-21" /><INIT seed="2,2,0,1,4,19" ten="284,213,318,185" oya="2" hai0="96,94,35,58,11,34,62,103,42,99,49,74,46" hai1="75,97,20,55,111,38,73,50,85,0,48,39,43" hai2="53,126,54,131,108,17,105,106,116,32,37,4,84" hai3="65,128,40,57,135,119,124,70,110,26,93,104,69"/><V79/><F32/><W95/><G104/><T14/><D74/><U109/><E0/><V67/><F37/><N who="1" m="13833" /><E85/><V31/><F31/><W27/><G40/><T81/><D81/><U100/><E43/><V30/><F30/><W101/><G119/><T56/><D99/><U8/><E8/><V118/><F4/><W123/><G101/><T10/><D10/><U52/><E20/><V1/><F1/><W129/><G57/><T130/><D130/><N who="3" m="50281" /><G65/><T60/><D58/><N who="1" m="33031" /><E55/><V41/><F54/><W68/><G123/><T107/><D107/><N who="1" m="63887" /><E50/><V120/><F53/><W102/><G102/><T113/><D113/><U23/><E23/><V115/><F115/><W44/><G44/><T6/><REACH who="0" step="1"/><D62/><REACH who="0" ten="274,213,318,185" step="2"/><U33/><E33/><V71/><F106/><W61/><G61/><T125/><D125/><U63/><E63/><V127/><F105/><W92/><G124/><T13/><D13/><U2/><E2/><V72/><F131/><W9/><G9/><T21/><D21/><U24/><E24/><V89/><F127/><W51/><G26/><T133/><D133/><U29/><E73/><V80/><F126/><W112/><G135/><T76/><D76/><U87/><E75/><V122/><F79/><W47/><G112/><T16/><D16/><U18/><E18/><V22/><F72/><W15/><G15/><T86/><D86/><U83/><E29/><V77/><F77/><W121/><G27/><T25/><D25/><U3/><E3/><V117/><F117/><W7/><G7/><T12/><D12/><U98/><E98/><V114/><F118/><W91/><G121/><RYUUKYOKU ba="2,1" sc="274,15,213,15,318,-15,185,-15" hai0="6,11,14,34,35,42,46,49,56,60,94,96,103" hai1="83,87,109,111" /><INIT seed="3,3,1,5,5,124" ten="289,228,303,170" oya="3" hai0="84,17,95,35,64,8,125,26,129,28,121,29,111" hai1="32,134,27,77,25,96,130,63,38,33,4,90,55" hai2="44,36,21,15,97,79,23,30,99,88,66,40,46" hai3="62,52,75,106,13,89,39,16,12,43,113,6,48"/><W69/><G113/><T76/><D121/><U50/><E38/><V91/><F79/><W73/><G106/><T93/><D125/><U122/><E122/><V94/><F66/><N who="3" m="41175" /><G6/><T41/><D64/><U58/><E4/><V118/><F118/><W131/><G12/><T71/><D71/><U47/><E77/><V2/><F2/><W24/><G24/><N who="0" m="18823" /><D41/><U22/><E134/><V132/><F132/><W109/><G109/><T117/><D76/><U98/><E25/><N who="2" m="16687" /><F40/><W56/><G89/><N who="2" m="34377" /><F36/><W92/><G92/><T86/><D111/><U110/><E110/><V119/><F119/><W18/><G131/><T87/><D117/><U83/><E130/><V68/><F68/><W9/><G18/><T7/><D129/><U1/><E1/><V78/><F78/><W126/><G126/><T107/><D107/><U53/><E32/><V120/><F120/><W102/><G102/><T80/><D80/><U72/><E33/><V49/><F94/><W108/><G108/><T104/><D104/><U133/><E133/><V3/><F3/><W10/><G10/><T70/><D70/><U54/><E54/><N who="2" m="29991" /><F46/><AGARI ba="3,1" hai="9,13,16,39,43,46,48,52,56,73,75" m="41175" machi="46" ten="30,5800,0" yaku="24,1,54,2" doraHai="124" who="3" fromWho="2" sc="289,0,228,0,303,-67,170,77" /><INIT seed="3,4,0,5,4,26" ten="289,228,236,247" oya="3" hai0="72,101,6,56,15,16,91,27,100,71,39,64,42" hai1="47,105,38,115,104,11,89,126,0,93,122,120,12" hai2="114,108,34,2,36,13,45,70,40,124,20,110,29" hai3="85,17,77,82,54,57,62,92,50,66,90,80,130"/><W21/><G130/><T131/><D72/><U55/><E115/><V73/><F114/><W44/><REACH who="3" step="1"/><G77/><REACH who="3" ten="289,228,236,237" step="2"/><T75/><D131/><U37/><E122/><V3/><F110/><W109/><G109/><T135/><D135/><U53/><E120/><V102/><F108/><W25/><AGARI ba="4,1" hai="17,21,25,44,50,54,57,62,66,80,82,85,90,92" machi="25" ten="20,7800,0" yaku="1,1,0,1,7,1,8,1,53,0" doraHai="26" doraHaiUra="67" who="3" fromWho="3" sc="289,-30,228,-30,236,-30,237,100" owari="259,5.9,198,-30.2,206,-19.4,337,43.7" /></mjloggm>