<mjloggm ver="2.3"><GO type="225" lobby="0"/><UN n0="%E3%81%BF%E3%81%BF%E3%81%9A" n1="%E6%B4%BE%E9%81%A3%E3%81%AE%E3%82%B8%E3%83%A3%E3%83%83%E3%82%AF" n2="%E4%BA%95%E5%B8%AF" n3="%E3%81%B5%E3%81%98%E3%81%8B%E3%81%A4" dan="17,17,16,16" rate="2217.73,2176.38,2046.14,2190.15" sx="M,M,M,M"/><TAIKYOKU oya="0"/><INIT seed="0,0,0,4,0,106" ten="250,250,250,250" oya="0" hai0="76,3,40,0,112,46,27,114,116,130,131,103,14" hai1="25,74,63,55,80,118,81,79,127,109,32,43,54" hai2="113,59,23,84,11,38,34,61,35,121,47,124,111" hai3="22,134,110,2,67,26,8,102,90,42,16,56,85"/><T91/><D103/><U108/><E118/><V10/><F113/><N who="0" m="43626" /><D91/><U117/><E117/><V1/><F121/><W5/><G110/><N who="1" m="42602" /><E127/><V50/><F124/><W31/><G134/><T53/><D53/><U68/><E43/><V33/><F38/><W44/><G102/><T95/><D95/><U129/><E129/><N who="0" m="49161" /><D116/><U28/><E80/><V65/><F23/><W51/><G56/><T105/><D105/><U72/><E72/><V94/><F1/><W69/><G67/><AGARI ba="0,0" hai="25,28,32,54,55,63,67,68,74,79,81" m="42602" machi="67" ten="30,2000,0" yaku="14,1,52,1" doraHai="106" who="1" fromWho="3" sc="250,0,250,20,250,0,250,-20" /><INIT seed="1,0,0,3,0,110" ten="250,270,250,230" oya="1" hai0="108,95,37,4,55,32,71,132,105,89,131,43,111" hai1="38,102,130,49,65,86,67,120,29,3,0,122,52" hai2="35,36,90,135,64,88,119,94,121,25,66,74,70" hai3="18,57,11,28,22,82,76,92,103,5,97,12,40"/><U21/><E38/><V99/><F121/><W134/><G134/><T124/><D105/><U84/><E102/><V101/><F119/><W62/><G28/><T6/><D32/><U30/><E49/><V117/><F117/><W129/><G129/><T80/><D131/><U59/><E130/><V34/><F135/><W10/><G40/><T68/><D80/><U15/><E59/><V56/><F74/><W75/><REACH who="3" step="1"/><G5/><REACH who="3" ten="250,270,250,220" step="2"/><T81/><D132/><U79/><E29/><V27/><F34/><W98/><G98/><T123/><D4/><U14/><E30/><V112/><F35/><W54/><AGARI ba="0,1" hai="10,11,12,18,22,54,57,62,75,76,82,92,97,103" machi="54" ten="20,2700,0" yaku="1,1,0,1,7,1,53,0" doraHai="110" doraHaiUra="114" who="3" fromWho="3" sc="250,-7,270,-13,250,-7,220,37" /><INIT seed="2,0,0,3,5,11" ten="243,257,243,257" oya="2" hai0="12,22,16,77,42,67,103,15,0,45,58,128,54" hai1="124,34,122,30,9,43,89,48,76,47,119,126,3" hai2="85,46,72,56,105,26,73,33,18,81,88,28,36" hai3="39,93,6,112,31,13,49,8,104,57,23,106,29"/><V109/><F109/><W69/><G39/><T135/><D0/><U120/><E76/><V116/><F116/><W111/><G69/><T62/><D128/><U108/><E108/><V98/><F56/><W113/><G111/><T80/><D135/><U40/><E119/><V61/><F61/><W53/><G93/><T121/><D121/><N who="1" m="46699" /><E89/><V123/><F123/><W32/><G32/><T99/><D67/><U82/><E82/><V7/><F7/><W133/><G133/><T66/><D66/><U96/><E96/><V130/><F130/><W21/><G21/><T90/><D90/><U1/><E40/><V64/><F64/><W118/><G118/><T131/><D131/><U92/><E92/><V10/><F36/><W79/><G79/><T87/><D45/><U51/><E51/><V132/><F46/><W71/><G71/><T4/><D42/><U68/><E68/><V55/><F55/><W52/><G53/><T41/><D41/><U25/><E3/><V27/><F132/><W100/><G100/><T17/><D4/><AGARI ba="0,0" hai="1,4,9,25,30,34,43,47,48,124,126" m="46699" machi="4" ten="30,1000,0" yaku="13,1" doraHai="11" who="1" fromWho="0" sc="243,-10,257,10,243,0,257,0" /><INIT seed="3,0,0,5,3,2" ten="233,267,243,257" oya="3" hai0="61,7,30,13,117,91,26,20,18,120,87,100,45" hai1="54,89,55,81,59,118,32,102,22,69,10,82,44" hai2="6,8,46,63,96,49,113,15,24,12,4,39,84" hai3="19,72,65,130,36,1,74,111,33,101,76,85,114"/><W16/><G114/><T14/><D117/><U90/><E69/><V93/><F113/><W58/><G33/><T92/><D120/><U75/><E32/><V79/><F39/><W83/><G1/><T9/><D100/><U68/><E68/><V133/><F133/><W25/><G36/><T94/><D45/><U64/><E102/><V126/><F126/><W23/><G130/><T37/><D37/><U124/><E124/><V80/><F24/><W40/><G40/><T11/><REACH who="0" step="1"/><D61/><REACH who="0" ten="223,267,243,257" step="2"/><U35/><E44/><V131/><F63/><N who="3" m="38135" /><G101/><T121/><D121/><U127/><E118/><V60/><F60/><W98/><G111/><T107/><D107/><U134/><E127/><V17/><F131/><W27/><G74/><T53/><D53/><U103/><E103/><N who="2" m="60815" /><F12/><W0/><G72/><T57/><D57/><U115/><E59/><V31/><F31/><N who="3" m="17855" /><G0/><T135/><D135/><U88/><E134/><V78/><F78/><W21/><G98/><T71/><D71/><U99/><E99/><V28/><F28/><AGARI ba="0,1" hai="16,19,21,27,28,76,83,85" m="17855,38135" machi="28" ten="30,2900,0" yaku="8,1,54,1" doraHai="2" who="3" fromWho="2" sc="223,0,267,0,243,-29,257,39" /><INIT seed="3,1,0,0,0,1" ten="223,267,214,296" oya="3" hai0="62,6,21,91,33,18,71,54,102,56,87,125,31" hai1="93,52,36,124,30,118,3,77,15,99,40,120,110" hai2="7,82,97,47,121,116,127,74,37,135,119,132,20" hai3="112,94,84,11,89,108,34,88,73,90,23,61,24"/><W46/><G112/><T59/><D125/><U78/><E3/><V117/><F127/><W63/><G73/><T17/><D102/><U53/><E120/><V25/><F121/><W45/><G34/><T131/><D71/><U68/><E68/><V106/><F47/><N who="3" m="17931" /><G108/><T55/><D131/><U42/><E124/><V43/><F43/><W22/><G11/><T109/><D109/><U107/><E107/><V10/><F37/><W19/><G23/><T5/><D31/><U9/><E110/><V100/><F74/><W26/><G26/><N who="0" m="14639" /><D18/><U41/><E36/><V44/><F44/><W129/><G129/><T32/><D33/><U111/><E30/><V57/><F57/><W70/><G70/><T66/><D32/><U126/><E118/><V35/><F82/><N who="3" m="49175" /><G90/><T49/><D54/><N who="1" m="21099" /><E126/><V50/><F35/><W133/><G133/><N who="2" m="51273" /><F20/><W113/><G113/><T72/><D72/><U39/><E39/><V81/><F81/><AGARI ba="1,0" hai="5,6,49,55,56,59,62,66,81,87,91" m="14639" machi="81" ten="30,3900,0" yaku="8,1,52,2" doraHai="1" who="0" fromWho="2" sc="223,42,267,0,214,-42,296,0" /><INIT seed="4,0,0,4,4,16" ten="265,267,172,296" oya="0" hai0="120,20,56,45,122,53,21,30,23,118,51,2,86" hai1="92,98,10,126,81,114,133,41,4,89,17,6,131" hai2="3,80,33,52,82,100,102,112,71,95,5,29,113" hai3="99,40,14,75,42,129,97,91,11,77,62,44,54"/><T72/><D118/><U94/><E126/><V50/><F71/><W67/><G129/><T110/><D72/><U127/><E127/><V39/><F39/><W36/><G42/><T46/><D2/><U1/><E133/><V90/><F5/><W31/><G31/><T0/><D0/><U58/><E131/><V65/><F3/><W105/><G54/><T111/><D30/><U13/><E41/><V49/><F65/><W117/><G117/><T59/><D86/><U93/><E114/><N who="2" m="44139" /><F29/><W106/><G77/><T104/><D104/><U135/><E135/><V84/><F33/><W38/><G38/><T85/><D85/><U19/><E58/><N who="0" m="22057" /><D45/><U103/><E1/><V121/><F121/><W70/><G75/><T107/><D107/><U119/><E119/><V132/><F132/><W26/><G26/><T134/><D134/><U25/><E81/><N who="2" m="31339" /><F49/><W68/><G68/><T96/><D96/><U108/><E108/><AGARI ba="0,0" hai="20,21,23,46,51,53,108,110,111,120,122" m="22057" machi="108" ten="30,11600,0" yaku="10,1,52,3" doraHai="16" who="0" fromWho="1" sc="265,116,267,-116,172,0,296,0" owari="381,48.1,151,-34.9,172,-22.8,296,9.6" /></mjloggm>