<mjloggm ver="2.3"><GO type="225" lobby="0"/><UN n0="%30%2E%31%32%30" n1="%E3%83%A9%E3%83%96%E3%83%AC%E3%83%BC" n2="%43%68%65" n3="%E3%81%8F%E3%81%BE%E3%81%96%E3%82%8F" dan="16,18,16,16" rate="2103.92,2262.39,2167.30,2051.68" sx="M,M,M,M"/><TAIKYOKU oya="0"/><INIT seed="0,0,0,1,4,74" ten="250,250,250,250" oya="0" hai0="104,117,46,45,62,53,85,73,48,78,83,111,100" hai1="41,69,126,71,92,4,101,58,132,29,121,17,23" hai2="50,65,129,38,5,133,8,120,108,39,116,106,123" hai3="31,94,125,67,56,3,134,6,81,15,57,103,32"/><T114/><D117/><U110/><E121/><V124/><F106/><W82/><G3/><T68/><D114/><U70/><E29/><V22/><F116/><W113/><G113/><T86/><D111/><U64/><E41/><V93/><F108/><W33/><G134/><T91/><D45/><U135/><E4/><V109/><F109/><W7/><G125/><T21/><D86/><U131/><E131/><V27/><F124/><W87/><G31/><T98/><D21/><U26/><E126/><V84/><F129/><W16/><G33/><T35/><D35/><U88/><E101/><V128/><F128/><W72/><G72/><T1/><D1/><U10/><E10/><V99/><F133/><N who="1" m="51273" /><E58/><V119/><F119/><W37/><G57/><T118/><D118/><U80/><E80/><N who="3" m="30826" /><G37/><T44/><D44/><U9/><E9/><V107/><F8/><N who="3" m="6247" /><G103/><T76/><REACH who="0" step="1"/><D73/><REACH who="0" ten="240,250,250,250" step="2"/><U66/><E110/><V52/><F22/><W43/><G32/><T36/><D36/><U14/><E14/><V0/><F0/><W34/><G34/><T79/><D79/><U47/><E47/><V19/><F39/><W115/><G115/><T60/><D60/><U90/><E90/><V11/><F38/><W28/><G43/><T122/><D122/><U96/><AGARI ba="0,1" hai="17,23,26,64,66,69,70,71,88,92,96" m="51273" machi="96" ten="40,2700,0" yaku="20,1,54,1" doraHai="74" who="1" fromWho="1" sc="240,-13,250,37,250,-7,250,-7" /><INIT seed="1,0,0,2,0,9" ten="227,287,243,243" oya="1" hai0="113,64,117,39,67,1,92,36,60,83,70,63,48" hai1="135,124,111,6,71,82,15,69,35,3,18,78,16" hai2="126,65,11,109,58,97,46,127,52,132,55,104,118" hai3="5,81,134,59,131,32,80,34,96,95,47,51,61"/><U105/><E105/><V128/><F118/><W107/><G107/><T40/><D83/><U122/><E122/><V115/><F109/><W110/><G110/><T28/><D1/><U87/><E3/><V85/><F128/><W29/><G131/><T31/><D113/><U41/><E35/><V22/><F115/><W116/><G134/><T108/><D108/><U17/><E111/><V25/><F132/><W24/><G32/><T101/><D117/><U103/><E103/><N who="2" m="62575" /><F85/><W79/><G5/><T50/><D101/><U74/><E74/><V86/><F86/><W93/><G116/><T8/><D8/><N who="1" m="4503" /><E135/><V68/><F68/><W33/><G33/><T133/><D133/><U53/><E53/><V112/><F11/><W123/><G123/><T7/><D7/><U13/><E71/><V2/><F46/><W129/><G129/><T27/><D92/><U100/><E69/><V72/><F72/><W23/><G93/><T120/><D120/><U38/><E100/><V62/><F2/><W20/><G95/><T98/><D70/><U125/><E38/><V88/><F112/><W0/><G0/><T19/><D40/><U76/><E41/><V14/><F55/><N who="3" m="30207" /><G96/><T45/><D98/><U26/><E78/><V56/><F65/><N who="3" m="39103" /><G79/><T73/><D73/><U49/><E49/><V10/><F58/><W114/><G114/><T94/><D94/><U119/><E119/><V89/><F89/><W77/><G77/><T4/><D45/><U91/><E76/><V90/><F90/><W54/><G54/><T30/><D39/><U12/><E26/><V43/><F88/><RYUUKYOKU ba="0,0" sc="227,-15,287,15,243,-15,243,15" hai1="12,13,16,17,18,82,87,91,124,125" hai3="20,23,24,29,34,80,81" /><INIT seed="1,1,0,2,2,116" ten="212,302,228,258" oya="1" hai0="133,126,82,117,30,52,62,8,83,5,104,114,10" hai1="50,11,39,77,70,98,118,15,93,125,16,89,127" hai2="12,91,29,68,92,26,18,45,106,97,86,108,47" hai3="19,105,124,42,95,90,3,76,87,14,109,84,121"/><U54/><E70/><V112/><F68/><W120/><G3/><T99/><D117/><U119/><E39/><V41/><F108/><W123/><G109/><T60/><D114/><U27/><E77/><V78/><F112/><W34/><G34/><T9/><D133/><U48/><E48/><V28/><F26/><W111/><G111/><T88/><D5/><U35/><E35/><V36/><F47/><W1/><G1/><T32/><D126/><N who="1" m="48139" /><E27/><V37/><F37/><W59/><G124/><T115/><D115/><U129/><E129/><V134/><F134/><W23/><G105/><T131/><D131/><U21/><E11/><N who="0" m="2817" /><T102/><DORA hai="130" /><D32/><U2/><E2/><V85/><F106/><W61/><G42/><T40/><D40/><U7/><E7/><V24/><F24/><W25/><G25/><T46/><D104/><U44/><AGARI ba="1,0" hai="15,16,21,44,50,54,89,93,98,118,119" m="48139" machi="44" ten="30,3000,0" yaku="18,1,54,1" doraHai="116,130" who="1" fromWho="1" sc="212,-11,302,33,228,-11,258,-11" /><INIT seed="1,2,0,5,4,105" ten="201,335,217,247" oya="1" hai0="83,130,74,15,13,123,30,21,82,52,49,20,122" hai1="35,10,55,31,109,45,16,104,120,54,125,77,8" hai2="92,72,27,22,53,65,51,108,0,39,90,40,12" hai3="134,78,118,37,87,38,69,25,133,131,23,1,96"/><U63/><E120/><N who="0" m="46121" /><D130/><U111/><E104/><V127/><F0/><W116/><G1/><T106/><D106/><U94/><E125/><V26/><F127/><W84/><G69/><T101/><D101/><U135/><E135/><N who="3" m="51722" /><G96/><T88/><D30/><U57/><E77/><V124/><F124/><W107/><G107/><T98/><D15/><N who="1" m="7271" /><E94/><V64/><F72/><W9/><G9/><T114/><D114/><U95/><E95/><V121/><F40/><W119/><G131/><T4/><D98/><U132/><E10/><V34/><F34/><W17/><G78/><N who="0" m="44375" /><D13/><U28/><E35/><V18/><F108/><N who="1" m="41545" /><E132/><V110/><F110/><W44/><G119/><T81/><D4/><U80/><E80/><N who="0" m="30793" /><D88/><U112/><E112/><V47/><F121/><W66/><G118/><T14/><D14/><U36/><E31/><V128/><F128/><W113/><G113/><T85/><D85/><U58/><E28/><V86/><F39/><W43/><G37/><T5/><D5/><U129/><E36/><V115/><F115/><W32/><G116/><T93/><D93/><U99/><E99/><V117/><F117/><W67/><G32/><T76/><D76/><U89/><E89/><V19/><REACH who="2" step="1"/><F27/><REACH who="2" ten="201,335,207,247" step="2"/><W29/><G38/><T100/><D100/><U59/><E129/><V56/><F56/><AGARI ba="2,1" hai="20,21,49,52,56" m="30793,44375,46121" machi="56" ten="30,3900,0" yaku="13,1,52,1,54,1" doraHai="105" who="0" fromWho="2" sc="201,55,335,0,207,-45,247,0" /><INIT seed="2,0,0,1,0,34" ten="256,335,162,247" oya="2" hai0="130,109,66,94,38,70,47,113,123,53,74,15,7" hai1="64,5,87,95,127,93,22,129,73,110,92,131,24" hai2="68,80,21,41,56,128,116,19,30,63,134,4,16" hai3="125,6,104,8,85,124,2,122,46,71,118,96,98"/><V72/><F116/><W58/><G118/><T135/><D74/><U62/><E5/><V35/><F68/><W57/><G71/><T51/><D113/><U102/><E73/><V61/><F35/><W88/><G122/><T40/><D123/><U69/><E127/><N who="3" m="48714" /><G46/><T42/><D109/><U60/><E110/><V50/><F4/><W12/><G12/><T18/><D135/><U107/><E87/><V59/><F134/><W112/><G112/><T49/><D130/><N who="1" m="49675" /><E62/><N who="2" m="23563" /><F72/><W48/><G48/><T119/><D49/><U126/><E126/><V90/><F128/><W1/><G1/><T100/><D38/><U79/><E79/><V117/><F117/><W28/><G28/><T67/><D119/><U36/><E107/><V37/><F37/><W20/><G20/><N who="0" m="11359" /><D70/><U75/><E75/><V108/><F108/><W23/><G23/><T54/><D7/><U97/><E36/><V105/><F105/><W132/><G132/><T78/><D78/><U13/><E13/><N who="2" m="9359" /><F19/><AGARI ba="0,0" hai="19,22,24,60,64,69,92,93,95,97,102" m="49675" machi="19" ten="30,1000,0" yaku="19,1" doraHai="34" who="1" fromWho="2" sc="256,0,335,10,162,-10,247,0" /><INIT seed="3,0,0,4,4,66" ten="256,345,152,247" oya="3" hai0="72,126,33,36,108,130,61,51,101,98,57,67,99" hai1="50,125,17,77,16,58,21,91,135,42,104,134,116" hai2="81,94,30,128,11,106,35,132,121,19,83,124,27" hai3="76,47,73,120,109,12,103,117,6,7,40,0,59"/><W24/><G117/><T92/><D36/><U46/><E104/><V84/><F106/><W55/><G120/><T44/><D108/><U1/><E1/><V112/><F112/><W89/><G0/><T90/><D72/><U41/><E77/><V52/><F121/><W5/><G103/><T85/><D130/><U23/><E125/><V64/><F124/><W3/><G3/><T79/><D33/><U111/><E111/><V68/><F128/><W49/><G24/><T38/><D38/><U96/><E42/><V74/><F132/><N who="1" m="50729" /><E58/><V18/><F74/><W118/><G118/><T26/><D126/><U100/><E91/><V86/><F94/><W53/><G109/><T32/><D92/><N who="1" m="58375" /><E116/><V71/><F52/><W123/><G123/><T129/><D67/><U75/><E75/><V102/><F102/><W131/><G131/><T29/><D101/><U107/><E107/><V22/><F64/><W54/><G89/><T69/><D90/><U2/><E2/><V122/><F122/><W31/><G31/><T10/><D29/><U78/><E78/><V114/><F114/><W28/><G28/><T115/><D79/><U56/><E56/><V119/><F119/><W113/><G113/><T34/><D57/><U37/><E37/><V15/><F83/><N who="3" m="45455" /><G59/><T70/><D115/><U97/><E97/><V93/><F93/><W8/><G55/><T80/><D99/><U45/><E46/><V43/><F43/><W127/><G127/><T63/><D44/><U9/><E17/><V110/><F110/><W60/><G54/><T13/><D129/><U14/><AGARI ba="0,0" hai="9,14,16,21,23,41,45,50" m="58375,50729" machi="14" ten="30,4000,0" yaku="5,1,20,1,54,1" doraHai="66" who="1" fromWho="1" sc="256,-10,345,40,152,-10,247,-20" owari="246,4.6,385,48.5,142,-35.8,227,-17.3" /></mjloggm>