<mjloggm ver="2.3"><GO type="225" lobby="0"/><UN n0="%E3%82%89%E3%81%84%E3%81%82%E3%82%93%E3%81%98%E3%82%83%E3%82%93" n1="%E3%81%B2%E3%81%AA%E3%81%AE%E3%82%8A%E3%81%8F" n2="%E8%81%B7%E6%A5%AD%E3%80%81%E9%A2%A8%32" n3="%E7%B4%AB%E3%81%AE%E9%8F%A1" dan="17,17,16,16" rate="2205.61,2200.86,2126.87,2026.42" sx="M,M,M,M"/><TAIKYOKU oya="0"/><INIT seed="0,0,0,1,0,112" ten="250,250,250,250" oya="0" hai0="33,37,89,105,125,45,12,9,134,113,73,92,24" hai1="132,6,14,28,10,58,42,43,83,25,63,34,54" hai2="0,131,128,35,117,26,81,126,1,20,16,38,82" hai3="93,87,80,96,56,41,5,52,84,103,100,22,59"/><T19/><D113/><U62/><E132/><V90/><F38/><W71/><G71/><T17/><D134/><U36/><E36/><V31/><F82/><W67/><G41/><T85/><D105/><U2/><E2/><N who="2" m="1131" /><F81/><W57/><G67/><T99/><D125/><U120/><E120/><V79/><F90/><W106/><G5/><T135/><D135/><U61/><REACH who="1" step="1"/><E83/><REACH who="1" ten="250,240,250,250" step="2"/><V15/><F126/><W77/><G22/><N who="0" m="13391" /><D33/><U95/><E95/><V53/><F79/><W104/><G103/><N who="0" m="60903" /><D37/><U98/><E98/><V8/><F117/><W127/><G127/><T21/><D73/><U48/><AGARI ba="0,1" hai="6,10,14,25,28,34,42,43,48,54,58,61,62,63" machi="48" ten="30,2000,0" yaku="1,1,0,1,53,0" doraHai="112" doraHaiUra="114" who="1" fromWho="1" sc="250,-10,240,30,250,-5,250,-5" /><INIT seed="1,0,0,0,5,84" ten="240,270,245,245" oya="1" hai0="74,48,100,131,60,109,75,128,39,19,115,119,21" hai1="102,16,52,27,88,111,93,120,13,17,3,103,85" hai2="107,55,7,70,49,41,33,87,56,83,32,121,26" hai3="132,63,95,89,94,51,113,4,133,43,34,127,73"/><U91/><E120/><V58/><F121/><W1/><G113/><T8/><D39/><U6/><E3/><V97/><F70/><W98/><G34/><T28/><D115/><U47/><E111/><V40/><F33/><W53/><G73/><T37/><D37/><U106/><E106/><V18/><F32/><W57/><G127/><T112/><D112/><U130/><E130/><N who="0" m="49705" /><D119/><U45/><E6/><V110/><F110/><W2/><G4/><T42/><D109/><U117/><E117/><V96/><F107/><W46/><REACH who="3" step="1"/><G95/><REACH who="3" ten="240,270,245,235" step="2"/><T78/><D74/><U122/><E122/><V72/><F7/><W118/><G118/><T67/><D75/><U10/><E27/><V29/><F72/><W71/><G71/><T36/><D28/><U116/><E116/><V35/><F29/><W50/><G50/><T108/><D36/><U44/><E17/><V126/><F35/><W15/><G15/><T77/><D108/><U86/><E52/><N who="2" m="31759" /><F18/><W25/><G25/><T80/><D19/><U0/><E0/><AGARI ba="0,1" hai="0,1,2,43,46,51,53,57,63,89,94,98,132,133" machi="0" ten="40,2600,0" yaku="1,1,52,1,53,0" doraHai="84" doraHaiUra="68" who="3" fromWho="1" sc="240,0,270,-26,245,0,235,36" /><INIT seed="2,0,0,0,1,75" ten="240,244,245,271" oya="2" hai0="27,38,83,107,9,62,97,4,12,35,52,82,112" hai1="22,85,56,32,29,46,103,73,71,124,100,127,20" hai2="91,113,130,6,66,92,15,48,26,25,16,3,125" hai3="84,68,123,63,17,36,95,41,59,133,118,98,88"/><V120/><F120/><W50/><G123/><T0/><D38/><U108/><E73/><V53/><F113/><W2/><G118/><T86/><D112/><U78/><E71/><V7/><F125/><N who="1" m="48201" /><E108/><V101/><F130/><W45/><G2/><T21/><D35/><U77/><E32/><V54/><F101/><N who="1" m="38985" /><E85/><N who="2" m="52335" /><F66/><N who="3" m="41055" /><G17/><N who="0" m="12719" /><D107/><U128/><E128/><V134/><F3/><W47/><G47/><T14/><D0/><U81/><E81/><N who="0" m="30729" /><D86/><U121/><E121/><V10/><F134/><W131/><G133/><T110/><D110/><U19/><E46/><N who="2" m="27799" /><F54/><N who="3" m="32215" /><G131/><T18/><D97/><AGARI ba="0,0" hai="36,41,45,84,88,95,97,98" m="32215,41055" machi="97" ten="30,2000,0" yaku="24,1,54,1" doraHai="75" who="3" fromWho="0" sc="240,-20,244,0,245,0,271,20" /><INIT seed="3,0,0,2,0,127" ten="220,244,245,291" oya="3" hai0="2,21,28,89,18,76,54,102,66,46,45,117,107" hai1="119,63,41,95,39,25,85,70,99,116,22,71,44" hai2="64,13,93,24,48,126,86,133,108,5,3,131,73" hai3="0,112,90,91,57,105,50,33,114,111,83,87,68"/><W37/><G37/><T103/><D117/><N who="1" m="45131" /><E85/><V49/><F73/><W135/><G68/><T34/><D2/><U36/><E36/><V19/><F126/><W53/><G105/><T59/><D76/><U75/><E63/><V109/><F131/><W32/><G0/><T120/><D120/><U123/><E75/><V29/><F133/><W110/><G91/><T26/><D66/><U9/><E9/><N who="2" m="2239" /><F64/><W97/><G97/><T38/><D38/><U74/><E74/><V72/><F93/><W11/><G11/><T106/><D106/><U84/><E84/><V100/><F100/><W42/><G42/><T129/><D129/><U124/><E123/><V47/><F86/><W4/><G4/><T61/><D89/><N who="1" m="55791" /><E124/><V7/><F72/><W101/><G101/><T79/><D79/><U88/><E88/><V10/><F7/><W14/><G14/><T1/><D1/><U125/><E125/><V130/><F130/><W96/><G96/><T121/><D121/><U16/><AGARI ba="0,0" hai="16,22,25,39,41,44,70,71" m="55791,45131" machi="16" ten="30,2000,0" yaku="12,1,54,1" doraHai="127" who="1" fromWho="1" sc="220,-5,244,20,245,-5,291,-10" /><INIT seed="4,0,0,4,0,7" ten="215,264,240,281" oya="0" hai0="87,36,39,57,70,22,121,31,116,134,122,117,40" hai1="110,88,104,52,69,103,13,97,47,59,5,133,120" hai2="113,80,64,19,99,27,111,128,44,112,42,63,68" hai3="95,106,26,83,33,84,75,98,15,4,10,61,125"/><T81/><D31/><U35/><E110/><V2/><F111/><W123/><G75/><T49/><D22/><U78/><E69/><V29/><F2/><W51/><G106/><T41/><D87/><U34/><E120/><N who="0" m="46185" /><D81/><U11/><E133/><V115/><F80/><W20/><G123/><T127/><D134/><U21/><E78/><V32/><F128/><W76/><G33/><T14/><D14/><U18/><E47/><V46/><F99/><W102/><G125/><T66/><D127/><U85/><E88/><V23/><REACH who="2" step="1"/><F42/><REACH who="2" ten="215,264,230,281" step="2"/><N who="0" m="16490" /><D70/><U109/><E109/><V6/><F6/><W1/><G1/><T90/><D90/><U67/><E85/><V0/><F0/><W25/><G98/><T92/><D92/><U119/><E97/><V72/><F72/><W105/><G95/><T94/><D94/><U56/><E5/><V118/><F118/><N who="0" m="45674" /><D66/><U73/><E73/><V58/><F58/><W74/><G74/><T17/><D17/><U86/><E119/><V96/><F96/><W132/><G132/><T82/><D82/><U131/><E86/><V60/><F60/><W24/><G61/><T107/><D107/><U129/><E104/><V91/><F91/><W79/><G105/><T108/><D108/><U28/><E18/><V101/><F101/><W114/><G102/><T12/><D57/><U30/><E59/><V38/><F38/><N who="0" m="14378" /><D49/><U54/><E56/><V3/><F3/><W16/><G51/><T48/><D48/><U77/><E103/><V130/><F130/><W45/><G4/><T50/><D50/><U62/><E67/><V100/><F100/><RYUUKYOKU ba="0,1" sc="215,15,264,-15,230,15,281,-15" hai0="12" hai2="19,23,27,29,32,44,46,63,64,68,112,113,115" /><INIT seed="4,1,1,4,1,127" ten="230,249,245,266" oya="0" hai0="129,35,93,85,16,53,66,32,60,8,50,101,40" hai1="38,52,24,110,18,82,34,39,128,108,31,104,114" hai2="123,75,48,102,25,112,33,124,116,115,54,20,9" hai3="13,105,125,88,26,61,28,59,92,46,5,117,4"/><T2/><D129/><U119/><E119/><V78/><F123/><W68/><G117/><T15/><D2/><U81/><E104/><V131/><F124/><W21/><G105/><T7/><D40/><U76/><E128/><V69/><F131/><W86/><G125/><T130/><D130/><U55/><E18/><V41/><F33/><W107/><G107/><T87/><D32/><U74/><E114/><N who="2" m="43563" /><F69/><W62/><G68/><T30/><D30/><U103/><E103/><V97/><F9/><W132/><G132/><T109/><D35/><U80/><E76/><V3/><F3/><W45/><G61/><T126/><D126/><U10/><E74/><V118/><F41/><W58/><G59/><N who="0" m="37151" /><D109/><U17/><E108/><V65/><F65/><W67/><G13/><T12/><D93/><U133/><E133/><V122/><F122/><W89/><G89/><T1/><D101/><U120/><E120/><V11/><F11/><W63/><G63/><T42/><D42/><U22/><E10/><V77/><F75/><W56/><G56/><N who="0" m="32823" /><D1/><U99/><E110/><V83/><F83/><W47/><AGARI ba="1,1" hai="4,5,21,26,28,45,46,47,58,62,67,86,88,92" machi="47" ten="30,4000,0" yaku="0,1,8,1,54,1" doraHai="127" who="3" fromWho="3" sc="230,-21,249,-11,245,-11,266,53" owari="209,-29.1,238,3.8,234,-16.6,319,41.9" /></mjloggm>