<mjloggm ver="2.3"><GO type="225" lobby="0"/><UN n0="%E6%81%A5%E6%99%92%E3%81%97" n1="%6D%75%75%73%61%6E%6D%75" n2="%E8%90%BD%E6%97%A5" n3="%61%6D%65%6B%69" dan="16,16,16,16" rate="2082.70,2153.18,2143.95,2053.78" sx="M,F,F,M"/><TAIKYOKU oya="0"/><BYE who="3" /><INIT seed="0,0,0,4,3,102" ten="250,250,250,250" oya="0" hai0="12,134,126,2,82,132,29,131,77,74,119,89,78" hai1="93,70,99,97,20,122,86,117,69,8,38,24,91" hai2="13,103,25,135,111,3,65,98,58,40,76,108,114" hai3="14,4,17,84,60,19,110,83,27,94,123,28,90"/><T115/><D119/><U47/><E122/><UN n3="%61%6D%65%6B%69" /><V34/><F3/><W129/><G123/><T9/><D115/><U46/><E117/><V31/><F114/><W18/><G110/><N who="2" m="42025" /><F135/><N who="0" m="51754" /><D2/><U43/><E8/><V0/><F0/><W101/><G129/><T133/><N who="0" m="51762" /><T61/><DORA hai="15" /><D131/><U35/><E35/><V44/><F76/><W41/><G41/><T26/><D126/><U112/><E112/><V6/><F65/><W37/><G37/><T124/><D124/><U75/><E75/><V49/><F58/><W67/><G4/><N who="0" m="3111" /><D61/><U55/><E38/><V54/><F40/><W109/><G109/><T100/><D100/><U57/><E43/><V63/><F63/><W51/><G51/><T106/><D74/><U88/><E70/><V5/><F13/><W96/><G14/><T104/><D89/><U72/><E69/><V128/><F128/><W105/><G60/><T30/><D30/><U50/><E72/><V21/><F34/><W116/><G116/><T68/><D68/><U16/><E91/><V64/><F64/><W59/><G59/><T87/><D78/><U53/><E46/><V56/><F44/><W92/><REACH who="3" step="1"/><G67/><REACH who="3" ten="250,250,250,240" step="2"/><T85/><D85/><U23/><E23/><AGARI ba="0,1" hai="17,18,19,23,27,28,83,84,90,92,94,96,101,105" machi="23" ten="40,12000,2" yaku="1,1,2,1,52,4,53,1" doraHai="102,15" doraHaiUra="81,130" who="3" fromWho="1" sc="250,0,250,-120,250,0,240,130" /><AGARI ba="0,0" hai="23,26,29,77,82,87,104,106" m="3111,51762" machi="23" ten="40,7700,0" yaku="20,1,52,2" doraHai="102,15" who="0" fromWho="1" sc="250,77,130,-77,250,0,370,0" /><INIT seed="0,1,0,1,1,106" ten="327,53,250,370" oya="0" hai0="35,14,34,32,124,41,66,109,107,2,10,59,39" hai1="45,85,44,60,12,134,22,30,51,123,6,112,5" hai2="40,88,21,1,67,83,120,43,92,62,113,33,116" hai3="90,53,20,68,86,13,122,0,133,132,37,87,119"/><T70/><D107/><U31/><E123/><V76/><F33/><W99/><G0/><T28/><D124/><U81/><E134/><N who="3" m="51818" /><G37/><T27/><D109/><U54/><E112/><V111/><F120/><W58/><G68/><T18/><D59/><U9/><E5/><V52/><F1/><W4/><G119/><T95/><D95/><U16/><E60/><V73/><F113/><W24/><G122/><T131/><D131/><U19/><E45/><V98/><F111/><W61/><G13/><T55/><D55/><U127/><E6/><V135/><F116/><W46/><G4/><N who="0" m="1303" /><D41/><U108/><E127/><V93/><F135/><W38/><G99/><T77/><D39/><U103/><E103/><V121/><F121/><W79/><G79/><T57/><D57/><U48/><E48/><V125/><F125/><W64/><G90/><T42/><D42/><U11/><E108/><V128/><F128/><W126/><G126/><T89/><D89/><U65/><E65/><V72/><F67/><W49/><G38/><T63/><D77/><U7/><E9/><V91/><F21/><W82/><G82/><T130/><D130/><U118/><E118/><V50/><F62/><W23/><G23/><AGARI ba="1,0" hai="14,18,23,27,28,32,34,35,63,66,70" m="1303" machi="23" ten="30,1500,0" yaku="24,1" doraHai="106" who="0" fromWho="3" sc="327,18,53,0,250,0,370,-18" /><INIT seed="0,2,0,4,5,52" ten="345,53,250,352" oya="0" hai0="112,74,65,119,99,59,107,78,57,82,44,63,71" hai1="120,39,87,117,135,94,104,62,3,19,123,51,69" hai2="26,35,29,110,95,14,90,36,113,130,55,89,48" hai3="132,37,31,77,129,126,108,58,50,84,27,33,125"/><T16/><D112/><U75/><E39/><V106/><F106/><W5/><G37/><T72/><D119/><U41/><E104/><V11/><F110/><W92/><G108/><T116/><D116/><U109/><E117/><V28/><F113/><W131/><G5/><T7/><D7/><U91/><E75/><V22/><F36/><W124/><G132/><T32/><D74/><U0/><E135/><V17/><F130/><N who="3" m="49675" /><G92/><T12/><D44/><U53/><E109/><V93/><F93/><W128/><G128/><T83/><D83/><U81/><E19/><V9/><F90/><W67/><G50/><T4/><D4/><U100/><E41/><V45/><REACH who="2" step="1"/><F29/><REACH who="2" ten="345,53,240,352" step="2"/><W133/><G133/><T80/><D80/><U42/><E81/><V122/><F122/><W66/><G77/><T38/><D38/><U68/><E120/><V18/><F18/><W114/><G114/><T46/><D107/><U24/><E123/><V47/><F47/><W98/><G98/><AGARI ba="2,1" hai="9,11,14,17,22,26,28,35,45,48,55,89,95,98" machi="98" ten="30,7700,0" yaku="1,1,7,1,53,2" doraHai="52" doraHaiUra="6" who="2" fromWho="3" sc="345,0,53,0,240,93,352,-83" /><INIT seed="1,0,0,4,0,0" ten="345,53,333,269" oya="1" hai0="37,101,105,84,104,95,128,30,65,117,108,90,100" hai1="102,68,70,46,64,14,106,116,10,2,63,132,22" hai2="32,111,130,114,86,99,17,1,82,71,92,15,55" hai3="107,50,29,13,135,38,25,56,7,26,96,77,4"/><U76/><E116/><V8/><F111/><W110/><G38/><T109/><D37/><U115/><E115/><V89/><F130/><W83/><G110/><N who="0" m="42603" /><D128/><U41/><E132/><V94/><F114/><W6/><G135/><T73/><D117/><U48/><E76/><V18/><F32/><W131/><G131/><T33/><D65/><U87/><E2/><V60/><F1/><W42/><G107/><N who="0" m="41035" /><D73/><U20/><E87/><V78/><F94/><W120/><G120/><T47/><D47/><U24/><E68/><V51/><F60/><W103/><G103/><N who="0" m="39499" /><D30/><U80/><E80/><V72/><F71/><W69/><G96/><T124/><D33/><U34/><E34/><V31/><F31/><W123/><G69/><T113/><D113/><U59/><E70/><V5/><REACH who="2" step="1"/><F72/><REACH who="2" ten="345,53,323,269" step="2"/><W118/><G118/><T112/><D112/><U12/><E106/><V134/><F134/><W127/><G29/><T23/><D23/><U119/><E119/><V126/><F126/><AGARI ba="0,1" hai="84,90,95,124,126" m="39499,41035,42603" machi="126" ten="40,5200,0" yaku="14,1,34,2" doraHai="0" who="0" fromWho="2" sc="345,62,53,0,323,-52,269,0" /><INIT seed="2,0,0,2,2,130" ten="407,53,271,269" oya="2" hai0="9,97,67,38,112,57,124,134,2,125,69,7,39" hai1="116,51,73,93,30,42,53,123,17,113,23,6,3" hai2="129,37,115,88,34,15,109,64,98,111,0,85,52" hai3="101,108,128,102,110,56,54,81,105,99,79,131,90"/><V77/><F0/><W28/><G28/><T40/><D112/><U104/><E113/><V117/><F115/><W10/><G10/><T61/><D134/><U100/><E104/><V21/><F117/><W32/><G32/><T8/><D97/><U60/><E116/><V35/><F37/><W11/><G11/><T29/><D29/><U19/><E73/><V72/><F64/><W106/><G90/><T118/><D118/><U46/><E3/><V63/><F98/><N who="3" m="61623" /><G54/><T13/><D57/><U86/><E123/><V58/><F77/><W27/><G27/><T89/><D89/><U103/><E6/><V94/><F72/><N who="3" m="43239" /><G56/><T66/><D66/><U122/><E122/><V70/><F70/><W48/><G48/><T14/><D14/><U59/><E30/><V22/><F129/><AGARI ba="0,0" hai="99,102,106,108,110,128,129,131" m="43239,61623" machi="129" ten="30,7700,0" yaku="19,1,23,1,34,2" doraHai="130" who="3" fromWho="2" sc="407,0,53,0,271,-77,269,77" /><INIT seed="3,0,0,3,0,51" ten="407,53,194,346" oya="3" hai0="83,132,87,81,65,62,99,60,37,12,14,9,34" hai1="113,11,100,119,59,46,69,115,79,90,107,30,71" hai2="106,28,35,72,86,118,54,19,124,97,91,127,105" hai3="29,68,48,2,92,133,1,74,7,122,121,42,84"/><W38/><G74/><T56/><D37/><U36/><E119/><V89/><F118/><W135/><G68/><T25/><D132/><N who="3" m="50761" /><G38/><T66/><D99/><U70/><E90/><V26/><F72/><W67/><G67/><T98/><D98/><U17/><E30/><V22/><F54/><W27/><G84/><T23/><D34/><U44/><E11/><V78/><F78/><W108/><G92/><T111/><D111/><U123/><E79/><V43/><F43/><W109/><G48/><T13/><D9/><U126/><E36/><V95/><F105/><W18/><G18/><N who="0" m="12535" /><D87/><U39/><E39/><V45/><F45/><W130/><G130/><T129/><D129/><U52/><E123/><N who="3" m="47114" /><G42/><T101/><D101/><U73/><E73/><V6/><F6/><W32/><G7/><T94/><D94/><U8/><E107/><V82/><F106/><W0/><AGARI ba="0,0" hai="0,1,2,27,29,32,108,109" m="47114,50761" machi="0" ten="50,12000,1" yaku="20,1,23,1,34,2" doraHai="51" who="3" fromWho="3" sc="407,-40,53,-40,194,-40,346,120" owari="367,16.7,13,-48.7,154,-24.6,466,56.6" /></mjloggm>