<mjloggm ver="2.3"><GO type="225" lobby="0"/><UN n0="%E3%82%A2%E3%83%A1%E3%82%A2%E3%83%A9%E3%83%AC" n1="%E6%81%A5%E6%99%92%E3%81%97" n2="%E6%97%A5%E6%9B%9C%E6%97%A5%E3%82%88%E3%82%8A%E3%81%AE%E4%BD%BF%E8%80%85" n3="%72%65%6E%6B%75%6E" dan="16,16,16,17" rate="2090.01,2136.34,2097.61,2273.36" sx="M,M,M,M"/><TAIKYOKU oya="0"/><INIT seed="0,0,0,1,1,119" ten="250,250,250,250" oya="0" hai0="108,77,128,104,110,112,71,88,100,2,113,44,15" hai1="72,69,39,8,41,133,17,32,73,35,40,84,101" hai2="121,20,102,31,28,114,21,45,65,26,107,134,135" hai3="117,85,60,95,9,75,93,48,123,13,109,50,62"/><T129/><D71/><U76/><E69/><V19/><F114/><N who="0" m="44138" /><D2/><U59/><E133/><N who="2" m="50699" /><F65/><W53/><G75/><T25/><D25/><U58/><E84/><V27/><F45/><W6/><G117/><T131/><D44/><U5/><E101/><V98/><F31/><W111/><G123/><AGARI ba="0,0" hai="19,20,21,26,27,28,98,102,107,121,123" m="50699" machi="123" ten="30,3900,0" yaku="20,1,52,2" doraHai="119" who="2" fromWho="3" sc="250,0,250,0,250,39,250,-39" /><INIT seed="1,0,0,5,1,84" ten="250,250,289,211" oya="1" hai0="55,74,9,123,10,54,53,18,33,135,52,131,46" hai1="57,3,6,105,112,81,45,108,68,61,41,59,65" hai2="21,25,49,75,117,0,125,102,132,101,121,43,97" hai3="12,28,77,99,79,38,51,124,120,87,85,42,130"/><U8/><E112/><V95/><F117/><W73/><G120/><T89/><D135/><U40/><E40/><V103/><F121/><W98/><G38/><T115/><D115/><U60/><E105/><V58/><F0/><W66/><G66/><T26/><D74/><U126/><E126/><V96/><F75/><W118/><G28/><T16/><D123/><U48/><E108/><V71/><F71/><W107/><G12/><T72/><D72/><U88/><REACH who="1" step="1"/><E61/><REACH who="1" ten="250,240,289,211" step="2"/><V129/><F125/><W20/><G42/><T82/><D131/><U50/><E50/><V35/><F129/><W17/><G51/><N who="0" m="28791" /><D33/><U128/><E128/><V133/><F35/><W91/><G124/><T76/><D76/><U11/><E11/><N who="0" m="4105" /><D26/><U100/><E100/><V13/><F103/><W23/><G130/><T86/><AGARI ba="0,1" hai="16,18,53,54,55,82,86,89" m="4105,28791" machi="86" ten="30,7900,0" yaku="8,1,52,1,54,2" doraHai="84" who="0" fromWho="0" sc="250,89,240,-39,289,-20,211,-20" /><INIT seed="2,0,0,1,3,83" ten="339,201,269,191" oya="2" hai0="64,96,74,17,84,110,28,73,78,87,15,16,127" hai1="58,91,12,77,102,61,48,57,122,9,6,13,30" hai2="49,2,25,98,105,85,55,80,132,126,130,44,33" hai3="128,116,124,41,20,135,90,51,45,86,11,35,18"/><V99/><F2/><W95/><G124/><T117/><D110/><U120/><E102/><V71/><F71/><W134/><G35/><T129/><D127/><U107/><E107/><V113/><F113/><W62/><G116/><T34/><D117/><U121/><E77/><V42/><F126/><W56/><G128/><T88/><D64/><U43/><E30/><V23/><F105/><W32/><G32/><T65/><D65/><N who="1" m="39087" /><E91/><V93/><F33/><W114/><G114/><T8/><D17/><U115/><E115/><V40/><F130/><W52/><REACH who="3" step="1"/><G11/><REACH who="3" ten="339,201,269,181" step="2"/><T60/><D8/><U37/><E9/><V125/><F125/><W19/><G19/><T70/><D16/><U24/><E6/><V89/><F132/><W94/><G94/><T97/><D129/><U14/><E24/><AGARI ba="0,1" hai="18,20,24,41,45,51,52,56,62,86,90,95,134,135" machi="24" ten="40,5200,0" yaku="1,1,52,1,54,1,53,0" doraHai="83" doraHaiUra="104" who="3" fromWho="1" sc="339,0,201,-52,269,0,181,62" /><INIT seed="3,0,0,2,2,6" ten="339,149,269,243" oya="3" hai0="111,23,65,50,55,122,17,43,117,21,44,61,116" hai1="2,94,22,54,12,25,132,49,37,67,92,91,135" hai2="48,129,26,103,110,124,100,98,106,19,3,75,28" hai3="134,70,95,40,42,118,33,121,125,9,20,24,108"/><W62/><G118/><T72/><D122/><U29/><E2/><V84/><F75/><W14/><G121/><T56/><D72/><U47/><E37/><V18/><F3/><W36/><G33/><T63/><D111/><U66/><E132/><V109/><F124/><W16/><G134/><T27/><D23/><U133/><E135/><V127/><F127/><W77/><G125/><T107/><D107/><U13/><E133/><V15/><F129/><W74/><G108/><N who="2" m="41577" /><F100/><W113/><G113/><T76/><D76/><U87/><E13/><V5/><F48/><W99/><G36/><T82/><D82/><U35/><E35/><N who="2" m="20887" /><F84/><W71/><G77/><T88/><D88/><U59/><E94/><V86/><F86/><W120/><G74/><T119/><D116/><U41/><REACH who="1" step="1"/><E12/><REACH who="1" ten="339,139,269,243" step="2"/><V102/><F15/><W81/><G81/><T96/><D117/><U123/><E123/><V0/><F0/><W57/><G120/><T79/><D119/><U126/><E126/><V8/><F106/><W130/><G130/><T104/><D104/><U52/><E52/><V1/><F98/><W51/><G71/><T45/><D96/><U93/><E93/><V89/><F103/><N who="3" m="60927" /><G70/><T68/><D68/><U4/><E4/><V58/><F102/><W78/><G42/><T80/><D43/><U31/><E31/><V97/><F97/><W10/><G40/><T7/><D7/><U83/><E83/><V60/><F89/><W39/><G39/><T131/><D80/><U53/><E53/><AGARI ba="0,1" hai="1,5,8,18,19,53,58,60" m="20887,41577" machi="53" ten="30,2000,0" yaku="14,1,52,1" doraHai="6" who="2" fromWho="1" sc="339,0,139,-20,269,30,243,0" owari="339,43.9,119,-38.1,299,9.9,243,-15.7" /></mjloggm>