<mjloggm ver="2.3"><GO type="225" lobby="0"/><UN n0="%E3%82%BC%E3%83%AB%E3%83%80%E3%81%AE%E4%BC%9D%E8%AA%AC" n1="%74%61%6B%75%61%6B%61" n2="%E9%B3%B3%E6%9D%B1%E3%81%AE%E3%81%86%E3%81%95%E3%81%8E%E3%81%95%E3%82%93" n3="%E5%AF%82%E5%AF%9E%E3%82%AE%E3%83%8D%E3%82%B9%E3%83%93%E3%83%BC%E3%83%AB" dan="16,16,16,16" rate="2134.68,2157.09,2241.44,2148.81" sx="M,M,M,M"/><TAIKYOKU oya="0"/><INIT seed="0,0,0,0,1,72" ten="250,250,250,250" oya="0" hai0="59,129,26,107,28,88,122,48,104,86,127,39,43" hai1="123,135,84,128,14,99,22,119,78,73,34,21,87" hai2="52,31,56,40,36,130,83,71,33,4,50,62,125" hai3="70,124,69,18,25,27,55,132,49,58,80,112,63"/><T1/><D122/><U15/><E119/><V111/><F4/><W66/><G112/><T76/><D1/><U89/><E34/><V113/><F113/><W92/><G132/><T75/><D39/><U57/><E135/><V44/><F111/><W54/><G124/><T9/><D127/><U102/><E123/><V16/><F125/><W65/><G92/><T116/><D116/><U17/><E128/><V24/><F130/><W133/><G133/><T68/><D68/><U93/><E57/><V118/><F118/><W97/><G97/><T38/><D38/><U61/><E61/><V13/><F83/><W96/><G96/><T117/><D9/><U64/><E64/><V6/><F6/><W121/><G121/><T60/><D117/><U3/><E3/><V2/><F2/><W5/><G5/><T81/><D129/><U95/><E73/><V0/><F0/><W115/><G115/><T108/><D108/><U11/><REACH who="1" step="1"/><E14/><REACH who="1" ten="250,240,250,250" step="2"/><V79/><F71/><W42/><G66/><T120/><D120/><U131/><E131/><V90/><F62/><W101/><G70/><T85/><D75/><U45/><E45/><V47/><F44/><W41/><G65/><T51/><D60/><U106/><E106/><V10/><REACH who="2" step="1"/><F90/><REACH who="2" ten="250,240,240,250" step="2"/><W100/><G69/><T114/><D114/><U12/><E12/><V32/><F32/><W8/><G63/><T134/><D134/><U30/><E30/><V103/><F103/><W37/><G101/><T29/><D29/><U91/><E91/><V94/><F94/><W74/><G100/><T110/><D88/><U7/><E7/><RYUUKYOKU ba="0,2" sc="250,-15,240,15,240,15,250,-15" hai1="11,15,17,21,22,78,84,87,89,93,95,99,102" hai2="10,13,16,24,31,33,36,40,47,50,52,56,79" /><INIT seed="1,1,2,1,5,72" ten="235,255,255,235" oya="1" hai0="13,125,104,134,30,12,64,58,94,78,108,21,59" hai1="126,130,57,66,84,77,103,43,37,132,127,69,1" hai2="5,39,40,70,120,7,96,123,48,6,129,31,55" hai3="18,3,133,105,115,114,25,26,110,135,121,22,107"/><U63/><E1/><V50/><F70/><W75/><G75/><T90/><D104/><N who="3" m="40009" /><G3/><T9/><D108/><U2/><E2/><V23/><F129/><W111/><G121/><T109/><D109/><N who="3" m="41481" /><G26/><N who="0" m="16719" /><D125/><N who="1" m="47627" /><E103/><V116/><F116/><W60/><G60/><N who="0" m="37911" /><D134/><AGARI ba="1,2" hai="18,22,25,114,115,133,134,135" m="41481,40009" machi="134" ten="40,2600,0" yaku="20,1,14,1" doraHai="72" who="3" fromWho="0" sc="235,-29,255,0,255,0,235,49" /><INIT seed="2,0,0,3,0,41" ten="206,255,255,284" oya="2" hai0="80,125,101,14,123,59,130,43,27,103,85,62,55" hai1="86,95,32,105,67,34,108,97,74,128,134,40,113" hai2="116,48,132,49,4,6,53,63,15,126,73,69,23" hai3="119,127,47,30,106,92,79,121,129,38,21,77,117"/><V109/><F116/><W84/><G106/><T31/><D125/><U98/><E74/><V11/><F126/><W122/><G127/><T26/><D130/><U102/><E113/><V82/><F132/><W88/><G129/><T75/><D123/><N who="3" m="47113" /><G47/><T99/><D75/><U10/><E134/><V28/><F109/><W68/><G68/><T96/><D43/><U61/><E108/><V118/><F118/><N who="3" m="45067" /><G21/><T20/><D14/><U56/><E128/><V89/><F69/><W22/><G22/><T39/><D39/><U78/><E40/><V71/><F71/><W65/><G65/><T64/><D27/><U5/><E78/><N who="3" m="29706" /><G30/><T110/><D110/><U60/><E86/><N who="2" m="50391" /><F73/><W50/><G50/><N who="2" m="19561" /><F23/><W91/><G38/><T87/><D64/><U3/><REACH who="1" step="1"/><E61/><REACH who="1" ten="206,245,255,284" step="2"/><V35/><F63/><W51/><G51/><T46/><D46/><U131/><E131/><V24/><F35/><W58/><G58/><T0/><D85/><U54/><E54/><V124/><F53/><W2/><G2/><T66/><D0/><U16/><E16/><N who="2" m="8319" /><F124/><W13/><G13/><T42/><D42/><U33/><E33/><V29/><F29/><W115/><G115/><T8/><D55/><U83/><E83/><V133/><F133/><W17/><G17/><T1/><D80/><U111/><E111/><V107/><F28/><W18/><G18/><T9/><D1/><U104/><E104/><V52/><F107/><W70/><G70/><T114/><D114/><U45/><E45/><V36/><F52/><W19/><G19/><T93/><D87/><U25/><E25/><V81/><F24/><RYUUKYOKU ba="0,1" sc="206,10,245,10,255,-30,284,10" hai0="8,9,20,26,31,59,62,66,93,96,99,101,103" hai1="3,5,10,32,34,56,60,67,95,97,98,102,105" hai3="84,88,91,92" /><INIT seed="3,1,1,1,5,123" ten="216,255,225,294" oya="3" hai0="13,108,106,75,63,49,102,86,48,36,129,89,121" hai1="2,135,84,45,80,52,42,19,131,58,74,11,0" hai2="118,37,14,79,126,31,30,40,1,96,51,66,130" hai3="77,26,93,127,88,20,34,27,90,22,109,110,119"/><W92/><G127/><T115/><D121/><U125/><E125/><V76/><F37/><W71/><G77/><T38/><D75/><U17/><E74/><V43/><F1/><W5/><G5/><T128/><D115/><U107/><E107/><V67/><F118/><W59/><G59/><T91/><D13/><U94/><E94/><V32/><F130/><N who="0" m="50282" /><D63/><U33/><E33/><V116/><F116/><W87/><G71/><T97/><D108/><N who="3" m="41577" /><G119/><T12/><D12/><U60/><E131/><V111/><F14/><W25/><G34/><T35/><D35/><U3/><E135/><V113/><F111/><W8/><G8/><T29/><D29/><U78/><REACH who="1" step="1"/><E11/><REACH who="1" ten="216,245,225,294" step="2"/><V105/><F32/><W104/><G104/><T134/><D134/><U73/><E73/><V28/><F126/><W53/><G53/><T98/><D98/><AGARI ba="1,2" hai="20,22,25,26,27,87,88,90,92,93,98" m="41577" machi="98" ten="30,18000,2" yaku="14,1,10,1,52,3,54,1" doraHai="123" who="3" fromWho="0" sc="216,-183,245,0,225,0,294,203" owari="33,-46.7,245,4.5,225,-17.5,497,59.7" /></mjloggm>