<mjloggm ver="2.3"><GO type="225" lobby="0"/><UN n0="%E3%82%82%E3%81%90%E3%82%89" n1="%6D%75%75%6D%75%72%61" n2="%E6%80%AA%E3%81%97%E3%81%99%E3%81%8E%E3%82%8B%E3%83%81%E3%83%BC" n3="%72%69%6F%75%63%68%61%6E" dan="17,16,16,17" rate="2191.81,2148.82,2151.43,2257.50" sx="M,F,M,M"/><TAIKYOKU oya="0"/><INIT seed="0,0,0,4,2,46" ten="250,250,250,250" oya="0" hai0="88,48,1,72,24,133,2,85,18,125,110,67,75" hai1="6,65,7,10,44,31,129,22,99,14,56,134,115" hai2="92,26,55,32,15,37,13,20,79,117,78,128,112" hai3="53,12,33,132,51,114,80,130,116,63,21,103,107"/><T27/><D133/><U97/><E134/><V113/><F128/><W38/><G130/><T16/><D125/><U124/><E129/><V109/><F109/><W118/><G132/><T52/><D67/><U135/><E135/><V131/><F131/><W106/><G114/><T101/><D101/><U50/><E124/><V87/><F32/><W89/><G38/><T123/><D123/><U19/><E115/><V49/><F37/><W45/><G33/><T11/><D110/><U58/><E31/><N who="2" m="17863" /><F117/><W94/><G80/><T105/><D105/><U59/><E65/><V98/><F113/><W61/><G107/><T111/><D111/><U83/><E83/><N who="2" m="47607" /><F79/><W43/><G106/><T100/><D100/><U84/><E84/><V42/><F42/><W62/><G103/><T127/><D75/><U34/><E34/><V9/><F9/><W77/><G77/><T8/><D72/><U28/><E28/><V96/><F112/><W81/><G81/><N who="0" m="49199" /><D1/><U60/><E60/><V122/><F122/><W29/><G29/><T71/><D71/><U82/><E82/><V68/><F68/><W3/><G3/><T91/><D91/><U36/><E36/><V30/><F30/><W95/><G118/><T5/><D127/><U121/><E121/><V74/><F74/><W23/><G116/><T17/><D11/><U25/><REACH who="1" step="1"/><E6/><REACH who="1" ten="250,240,250,250" step="2"/><V73/><F73/><W126/><G126/><T69/><D69/><U40/><AGARI ba="0,1" hai="7,10,14,19,22,25,40,44,50,56,58,59,97,99" machi="40" ten="30,12000,2" yaku="1,1,2,1,0,1,8,1,52,1,53,1" doraHai="46" doraHaiUra="41" who="1" fromWho="1" sc="250,-60,240,130,250,-30,250,-30" /><INIT seed="1,0,0,5,3,115" ten="190,370,220,220" oya="1" hai0="16,45,3,82,48,51,33,130,131,44,56,31,118" hai1="91,81,97,89,58,36,104,102,71,34,70,37,132" hai2="76,96,66,10,129,27,111,107,128,55,135,11,95" hai3="38,0,124,117,21,72,61,60,41,108,6,13,57"/><U46/><E132/><V69/><F107/><W12/><G108/><T47/><D3/><U32/><E58/><V64/><F111/><W93/><G124/><T98/><D33/><N who="1" m="12907" /><E91/><N who="2" m="55423" /><F135/><W133/><G133/><T43/><D31/><U7/><E89/><V78/><F55/><W126/><G126/><T105/><D82/><U24/><E24/><V29/><F27/><W121/><G121/><T114/><D114/><U125/><E125/><V42/><F29/><W90/><G117/><T120/><D120/><U23/><E23/><V54/><F54/><W19/><G0/><T22/><D118/><U122/><E7/><V67/><F42/><W109/><G109/><T99/><D56/><U65/><E122/><V20/><F20/><W49/><G72/><T75/><D75/><U35/><E35/><V110/><F69/><N who="1" m="26121" /><E65/><V62/><F110/><W85/><G38/><T17/><D47/><U14/><E14/><V40/><F40/><W68/><G68/><T8/><D8/><N who="2" m="3114" /><F62/><W103/><G41/><T39/><D51/><U94/><E46/><V87/><F87/><W123/><G123/><T25/><D17/><U18/><E18/><V92/><F92/><N who="3" m="54351" /><G12/><T106/><D48/><U5/><E94/><V30/><F30/><W59/><G6/><T77/><D45/><U84/><E5/><V50/><F50/><W79/><G57/><T26/><D26/><U4/><E4/><V63/><F63/><W116/><G116/><T1/><D1/><U119/><E119/><V100/><F100/><W52/><G79/><T134/><D134/><U127/><E127/><V74/><F78/><RYUUKYOKU ba="0,0" sc="190,-30,370,10,220,10,220,10" hai1="36,37,81,84,97,102,104" hai2="64,66,67,74,76,128,129" hai3="13,19,21,49,52,59,60,61,93,103" /><INIT seed="1,1,0,4,3,125" ten="160,380,230,230" oya="1" hai0="94,105,35,22,13,29,133,83,41,79,47,45,103" hai1="109,18,88,112,46,102,77,8,121,19,5,89,113" hai2="24,54,75,7,93,99,55,116,64,118,14,21,1" hai3="76,74,53,62,131,73,107,96,129,86,12,132,85"/><U92/><E121/><V126/><F75/><N who="3" m="28683" /><G12/><T9/><D133/><U123/><E123/><V60/><F126/><W71/><G132/><T120/><D105/><U66/><E77/><V59/><F1/><W122/><G122/><T10/><D35/><U28/><E109/><V52/><F14/><W39/><G39/><T57/><D120/><U0/><E28/><N who="2" m="17423" /><F7/><W101/><G53/><N who="2" m="13569" /><V72/><DORA hai="78" /><F72/><W115/><G62/><T95/><D57/><U70/><E46/><N who="0" m="17417" /><D41/><U58/><E58/><V106/><F106/><W81/><G71/><T31/><D10/><U111/><E111/><V44/><F44/><W25/><G25/><N who="0" m="16567" /><D103/><AGARI ba="1,0" hai="59,60,64,93,99,103,116,118" m="13569,17423" machi="103" ten="30,2000,0" yaku="25,1,54,1" doraHai="125,78" who="2" fromWho="0" sc="160,-23,380,0,230,23,230,0" /><INIT seed="2,0,0,1,5,65" ten="137,380,253,230" oya="2" hai0="13,60,90,101,132,91,121,78,76,118,66,122,35" hai1="126,31,79,81,112,68,9,94,97,36,39,88,129" hai2="7,56,63,44,34,26,89,32,12,93,84,43,38" hai3="22,47,46,104,45,16,113,110,107,71,114,105,29"/><V19/><F26/><N who="3" m="14663" /><G29/><T83/><D35/><U75/><E112/><N who="3" m="43114" /><G110/><T77/><D13/><U124/><E129/><V74/><F74/><W42/><G71/><T18/><D18/><U2/><E68/><V125/><F125/><N who="1" m="48233" /><E31/><V17/><F7/><AGARI ba="0,0" hai="2,7,9,36,39,75,79,81,88,94,97" m="48233" machi="7" ten="30,2000,0" yaku="18,1,54,1" doraHai="65" who="1" fromWho="2" sc="137,0,380,20,253,-20,230,0" /><INIT seed="3,0,0,3,0,123" ten="137,400,233,230" oya="3" hai0="103,89,17,74,71,5,58,130,101,7,44,61,21" hai1="60,115,53,128,38,84,76,6,117,67,75,19,4" hai2="96,109,111,80,120,43,29,1,10,28,118,134,30" hai3="49,46,119,25,56,41,124,107,114,50,108,131,125"/><W73/><G108/><N who="2" m="41545" /><F120/><W57/><G73/><T59/><D130/><U90/><E53/><V129/><F118/><W135/><G107/><T63/><D71/><U121/><E90/><V86/><F129/><W32/><G114/><T112/><D74/><U8/><E19/><V23/><F134/><W11/><G131/><T45/><D112/><U99/><E99/><V110/><F96/><W13/><G119/><T42/><D89/><U64/><E8/><V36/><F23/><W37/><G135/><T69/><D69/><U116/><E6/><N who="2" m="1359" /><F110/><W95/><G95/><T2/><D2/><U15/><E76/><N who="2" m="46343" /><F43/><W78/><G78/><T12/><D21/><U51/><E51/><N who="3" m="19466" /><G32/><T83/><D83/><U0/><E60/><V122/><F122/><W48/><G25/><T54/><D17/><U40/><E15/><V65/><F65/><W79/><G79/><T127/><D12/><U93/><E93/><V24/><F24/><W77/><G77/><T34/><D34/><U62/><E0/><V39/><AGARI ba="0,0" hai="28,29,30,36,39" m="46343,1359,41545" machi="39" ten="40,8000,1" yaku="14,1,52,3" doraHai="123" who="2" fromWho="2" sc="137,-20,400,-20,233,80,230,-40" owari="117,-38.3,380,48.0,313,11.3,190,-21.0" /></mjloggm>