<mjloggm ver="2.3"><GO type="225" lobby="0"/><UN n0="%E3%81%A4%E3%81%A3%E3%81%B1%E3%82%8A%E3%83%9D%E3%83%BC%E3%83%AB" n1="%E5%A4%9C%E3%81%AE%E3%82%AC%E3%82%B9%E3%83%91%E3%83%BC%E3%83%AB" n2="%E6%81%A5%E6%99%92%E3%81%97" n3="%E3%81%B2%E3%81%AA%E3%81%AE%E3%82%8A%E3%81%8F" dan="16,17,16,17" rate="2125.95,2169.86,2122.52,2139.70" sx="M,M,M,M"/><TAIKYOKU oya="0"/><INIT seed="0,0,0,5,4,73" ten="250,250,250,250" oya="0" hai0="17,64,20,51,113,39,65,70,58,33,25,115,131" hai1="46,61,47,129,83,118,79,123,3,27,23,134,7" hai2="11,38,116,29,68,85,103,93,16,44,106,117,110" hai3="12,67,55,54,21,45,35,69,111,98,102,19,77"/><T126/><D39/><U26/><E123/><V99/><F68/><W109/><G35/><T30/><D131/><U122/><E122/><V94/><F29/><W0/><G0/><T8/><D126/><U6/><E129/><V28/><F28/><W100/><G100/><T14/><D70/><U107/><E118/><N who="2" m="45675" /><F110/><N who="3" m="41995" /><G77/><T132/><D132/><U91/><E134/><V114/><F114/><W31/><G31/><T74/><D74/><U88/><E107/><V32/><F32/><W127/><G127/><T121/><D121/><U5/><E3/><V52/><F85/><W89/><G89/><N who="1" m="34378" /><E61/><V96/><F96/><W84/><G84/><T34/><D34/><U15/><E15/><N who="2" m="7295" /><F38/><W57/><G69/><T66/><D33/><U80/><E80/><V13/><F13/><W76/><G76/><T75/><D75/><U81/><E81/><V124/><F124/><W112/><G112/><T41/><D115/><U72/><E72/><V119/><N who="2" m="45683" /><V133/><DORA hai="135" /><F133/><W1/><G1/><T86/><D86/><N who="1" m="48511" /><E27/><V92/><F106/><N who="3" m="63831" /><G45/><N who="0" m="26031" /><D113/><U63/><E63/><AGARI ba="0,0" hai="12,19,21,54,55,57,63,67" m="63831,41995" machi="63" ten="30,1000,0" yaku="14,1" doraHai="73,135" who="3" fromWho="1" sc="250,0,250,-10,250,0,250,10" /><AGARI ba="0,0" hai="8,14,17,20,25,30,58,63,64,65,66" m="26031" machi="63" ten="30,1500,0" yaku="8,1" doraHai="73,135" who="0" fromWho="1" sc="250,15,240,-15,250,0,260,0" /><INIT seed="0,1,0,0,2,32" ten="265,225,250,260" oya="0" hai0="72,124,73,24,46,99,117,127,49,6,126,41,118" hai1="44,53,91,125,22,113,94,64,84,122,106,51,59" hai2="80,50,111,39,105,88,135,31,15,69,123,100,71" hai3="13,35,42,16,86,8,95,4,7,60,104,116,48"/><T115/><D115/><U107/><E122/><V12/><F123/><W62/><G104/><T96/><D6/><N who="3" m="2089" /><G35/><T61/><D24/><U2/><E113/><V57/><F39/><W17/><G17/><T78/><D61/><U37/><E125/><V21/><F111/><W92/><G116/><N who="0" m="44651" /><D78/><U0/><E64/><V56/><F135/><W102/><G95/><T10/><D10/><U43/><REACH who="1" step="1"/><E22/><REACH who="1" ten="265,215,250,260" step="2"/><V23/><F21/><W79/><G8/><T74/><AGARI ba="1,1" hai="41,46,49,72,73,74,96,99,124,126,127" m="44651" machi="74" ten="50,2400,0" yaku="18,1" doraHai="32" who="0" fromWho="0" sc="265,37,215,-9,250,-9,260,-9" /><INIT seed="0,2,0,5,2,48" ten="302,206,241,251" oya="0" hai0="90,8,7,124,61,92,57,83,115,118,37,51,32" hai1="34,53,121,101,103,20,54,122,46,75,52,43,16" hai2="62,116,4,22,55,112,128,125,42,91,97,95,47" hai3="110,85,70,77,73,67,113,49,31,44,23,107,58"/><T111/><D115/><U74/><E34/><V119/><F112/><W133/><G113/><T94/><D37/><U134/><E134/><V33/><F33/><W129/><G107/><T13/><D32/><U24/><E75/><V98/><F125/><W126/><G73/><T114/><D114/><U123/><REACH who="1" step="1"/><E74/><REACH who="1" ten="302,196,241,251" step="2"/><V27/><F119/><W102/><G133/><T66/><D118/><U84/><E84/><V10/><F116/><W104/><G85/><N who="0" m="50495" /><D124/><U76/><E76/><V80/><F128/><W5/><G77/><T30/><D111/><U26/><E26/><V3/><F27/><W2/><G110/><T120/><D120/><U79/><E79/><V78/><F78/><W18/><G129/><T93/><D30/><U56/><E56/><V81/><F98/><W127/><G31/><T64/><D51/><AGARI ba="2,1" hai="16,20,24,43,46,51,52,53,54,101,103,121,122,123" machi="51" ten="50,16000,3" yaku="1,1,52,3,54,2,53,2" doraHai="48" doraHaiUra="99" who="1" fromWho="0" sc="302,-166,196,176,241,0,251,0" /><INIT seed="1,0,0,2,0,2" ten="136,372,241,251" oya="1" hai0="65,36,125,50,134,55,94,28,103,107,49,115,80" hai1="102,19,89,54,13,6,9,12,87,57,52,46,32" hai2="126,74,1,3,83,71,91,84,92,86,15,111,135" hai3="95,62,27,21,75,130,77,40,41,98,61,123,29"/><U78/><E32/><V85/><F71/><W47/><G123/><T73/><D115/><U34/><E34/><V44/><F111/><W96/><G130/><T67/><D107/><U117/><E117/><V22/><F126/><W97/><G41/><T45/><D36/><U31/><E31/><V106/><F106/><W53/><G77/><T42/><D125/><U60/><E102/><V131/><F131/><W11/><G75/><T122/><D122/><U18/><E78/><V81/><F135/><W48/><G11/><T24/><D80/><N who="1" m="49383" /><E13/><V4/><F74/><W127/><G127/><T58/><D73/><U68/><E68/><V37/><F83/><W114/><G114/><T120/><D134/><U23/><E23/><V133/><F133/><W90/><REACH who="3" step="1"/><G40/><REACH who="3" ten="136,372,241,241" step="2"/><T93/><D120/><U116/><E116/><V113/><F113/><W79/><G79/><T30/><D30/><U25/><E25/><V99/><F81/><W112/><G112/><T69/><D69/><U101/><E101/><V20/><F37/><W128/><G128/><T33/><REACH who="0" step="1"/><D103/><REACH who="0" ten="126,372,241,241" step="2"/><U43/><E43/><V70/><F70/><W72/><G72/><T109/><D109/><U63/><E63/><AGARI ba="0,2" hai="21,27,29,47,48,53,61,62,63,90,95,96,97,98" machi="63" ten="40,2600,0" yaku="1,1,8,1,53,0" doraHai="2" doraHaiUra="110" who="3" fromWho="1" sc="126,0,372,-26,241,0,241,46" /><INIT seed="2,0,0,4,4,111" ten="126,346,241,287" oya="2" hai0="31,85,88,21,92,113,51,94,126,135,62,131,72" hai1="116,18,83,23,122,124,10,33,106,82,75,96,101" hai2="107,79,89,68,40,30,1,47,74,93,103,100,41" hai3="132,109,66,39,53,133,81,121,34,73,15,46,4"/><V127/><F127/><W80/><G109/><T128/><D126/><U117/><E124/><V25/><F68/><W97/><G34/><T67/><D72/><U2/><E33/><V58/><F1/><W48/><G121/><T11/><D135/><U26/><E122/><V28/><F58/><W7/><G66/><T50/><D11/><U95/><E83/><N who="3" m="31818" /><G39/><T37/><D37/><U8/><E8/><V13/><F79/><W61/><G61/><T9/><D9/><U91/><E10/><V69/><F74/><W112/><G73/><T119/><D94/><U134/><E2/><V84/><F13/><W99/><G15/><T123/><D123/><U44/><E44/><V56/><F69/><W87/><G87/><T76/><D76/><N who="1" m="44319" /><E134/><N who="3" m="51818" /><G112/><T102/><D119/><U24/><E24/><V36/><F107/><W115/><G115/><T16/><D113/><U54/><E54/><V90/><F41/><W71/><G71/><T120/><D120/><U22/><E22/><V3/><F3/><W49/><G48/><T38/><D38/><U105/><E105/><V45/><F36/><W27/><G27/><N who="0" m="14759" /><D50/><U0/><E0/><V29/><F25/><W63/><G63/><T42/><D51/><U43/><E117/><V65/><F40/><W104/><G104/><T55/><D42/><U17/><E116/><V70/><F70/><W32/><G32/><T20/><D55/><U35/><E43/><V118/><F118/><W110/><G110/><T78/><D78/><U57/><E35/><V125/><F125/><W114/><G114/><T59/><D102/><N who="2" m="38954" /><F90/><W77/><G77/><RYUUKYOKU ba="0,0" sc="126,10,346,-30,241,10,287,10" hai0="20,31,59,62,67,85,88,92,128,131" hai2="28,29,30,45,47,56,65,84,89,93" hai3="4,7,46,49,53,97,99" /><INIT seed="2,1,0,0,5,16" ten="136,316,251,297" oya="2" hai0="117,93,54,52,128,90,46,116,12,75,39,122,74" hai1="19,77,106,51,62,2,37,71,114,91,47,20,25" hai2="68,72,101,108,64,109,89,63,132,69,85,107,127" hai3="31,133,27,29,58,87,61,34,110,134,50,92,81"/><V73/><F69/><W84/><G31/><T79/><D12/><U98/><E114/><V18/><F127/><W120/><G120/><T112/><D112/><U129/><E37/><V86/><F86/><W131/><G110/><N who="2" m="42601" /><F132/><N who="3" m="50795" /><G131/><T95/><D79/><U115/><E115/><V30/><F30/><W0/><G0/><T9/><D9/><U126/><E2/><V121/><F121/><W53/><G92/><N who="0" m="35403" /><D122/><U33/><E126/><V40/><F40/><W11/><G11/><T135/><D135/><U56/><E71/><V55/><F55/><N who="0" m="21034" /><D90/><U105/><E91/><V111/><F111/><W45/><G81/><T24/><D24/><U67/><E25/><V113/><F113/><W76/><G76/><T123/><D123/><U118/><E77/><V38/><F38/><W57/><G57/><T124/><D124/><U48/><E56/><V44/><F101/><W96/><G96/><T99/><D99/><U1/><E98/><V5/><F5/><W65/><AGARI ba="1,0" hai="27,29,34,45,50,53,58,61,65,84,87" m="50795" machi="65" ten="30,1100,0" yaku="20,1" doraHai="16" who="3" fromWho="3" sc="136,-4,316,-4,251,-6,297,14" /><INIT seed="3,0,0,2,5,6" ten="132,312,245,311" oya="3" hai0="55,81,23,129,28,77,72,63,47,115,22,73,7" hai1="15,27,78,84,69,11,0,67,34,95,122,89,37" hai2="119,85,48,54,104,83,108,59,124,44,127,88,5" hai3="130,4,94,118,19,120,26,46,51,134,43,68,105"/><W65/><G118/><T101/><D129/><U21/><E122/><V64/><F119/><W86/><G120/><T131/><D131/><U57/><E37/><V126/><F108/><W18/><G105/><T12/><D115/><U123/><E123/><V76/><F104/><W110/><G130/><T33/><D101/><U121/><E121/><V132/><F132/><W98/><G134/><T29/><D73/><U91/><E69/><V60/><REACH who="2" step="1"/><F5/><REACH who="2" ten="132,312,235,311" step="2"/><W111/><G4/><T70/><D70/><U41/><E0/><V135/><F135/><W53/><G110/><T128/><D128/><U20/><E34/><V32/><F32/><W17/><G111/><T97/><D33/><U114/><E114/><V79/><AGARI ba="0,1" hai="44,48,54,59,60,64,76,79,83,85,88,124,126,127" machi="79" ten="40,8000,1" yaku="1,1,0,1,18,1,54,1,53,0" doraHai="6" doraHaiUra="39" who="2" fromWho="2" sc="132,-20,312,-20,235,90,311,-40" owari="112,-38.8,292,9.2,325,42.5,271,-12.9" /></mjloggm>