<mjloggm ver="2.3"><GO type="225" lobby="0"/><UN n0="%E3%83%9D%E3%82%B1%E3%83%83%E3%83%88" n1="%E3%83%A9%E3%82%A4%E3%83%B3%E3%81%AE%E8%99%8E" n2="%E4%B8%89%E5%88%86%E5%B0%8F%E5%83%A7" n3="%E3%82%8C%E3%81%99%E3%81%93" dan="16,16,16,17" rate="2099.55,2119.68,2097.67,2178.75" sx="M,M,M,F"/><TAIKYOKU oya="0"/><INIT seed="0,0,0,2,0,113" ten="250,250,250,250" oya="0" hai0="80,93,51,133,52,110,119,116,10,114,53,131,21" hai1="72,55,1,37,41,49,111,8,57,20,73,62,65" hai2="32,39,67,88,95,23,36,59,56,134,123,40,76" hai3="74,22,5,48,132,47,71,124,7,92,63,25,79"/><T121/><D114/><U89/><E111/><V81/><F32/><W4/><G132/><T14/><D121/><U94/><E20/><V6/><F134/><W100/><G124/><T33/><D133/><U97/><E1/><V46/><F123/><W105/><G105/><T54/><D33/><U91/><E8/><V26/><F6/><W101/><G74/><T128/><D110/><U9/><E9/><V2/><F67/><W112/><G112/><T61/><D21/><U58/><E58/><V106/><F106/><W75/><G71/><T66/><D93/><U68/><REACH who="1" step="1"/><E91/><REACH who="1" ten="250,240,250,250" step="2"/><V126/><F2/><W96/><G22/><T24/><D24/><U99/><E99/><V12/><F126/><W16/><G25/><T3/><D3/><U130/><E130/><N who="0" m="49705" /><D80/><U70/><E70/><V13/><F59/><W42/><G96/><T85/><D85/><U69/><E69/><V117/><F56/><W90/><G90/><T31/><D31/><U84/><E84/><V28/><F12/><W60/><G75/><T122/><D122/><U103/><E103/><V50/><F13/><W98/><G101/><T107/><D14/><U109/><E109/><V19/><F28/><W104/><G100/><T18/><D10/><U30/><E30/><V118/><F81/><W83/><G83/><T0/><D0/><U115/><E115/><V129/><F129/><W108/><G108/><T35/><D35/><U15/><E15/><V17/><F17/><W64/><G98/><T38/><D18/><U127/><E127/><V78/><F19/><W34/><G16/><T43/><D116/><RYUUKYOKU ba="0,1" sc="250,-10,240,30,250,-10,250,-10" hai1="37,41,49,55,57,62,65,68,72,73,89,94,97" /><INIT seed="1,1,1,1,3,19" ten="240,270,240,240" oya="1" hai0="35,22,75,130,59,107,77,51,123,68,81,33,115" hai1="65,41,16,45,114,29,47,49,90,74,57,78,85" hai2="0,58,53,5,100,122,117,95,112,8,97,89,128" hai3="21,72,109,88,26,124,32,73,86,30,13,67,126"/><U135/><E114/><V121/><F117/><W116/><G109/><T60/><D115/><U87/><E29/><V36/><F36/><W66/><G116/><T120/><D107/><U25/><E135/><V24/><F112/><W101/><G101/><T103/><D103/><U38/><E74/><N who="3" m="28778" /><G13/><T70/><D130/><U3/><E3/><V9/><F128/><W106/><G32/><N who="0" m="12363" /><D51/><U62/><E78/><V39/><F39/><W14/><G14/><T61/><D22/><N who="1" m="13511" /><E38/><V91/><F9/><W111/><G106/><T52/><D61/><U23/><E47/><V56/><F24/><W37/><G37/><T104/><D104/><U82/><E87/><V34/><F34/><W96/><G96/><T43/><D43/><U110/><E110/><V76/><F76/><W42/><G42/><T55/><D55/><U84/><E84/><V44/><F44/><W108/><G108/><T79/><D77/><U94/><E23/><V7/><F58/><W12/><G12/><T31/><D31/><U1/><E1/><V105/><F7/><W92/><G111/><T40/><D40/><U80/><AGARI ba="1,1" hai="41,45,49,57,62,65,80,82,85,90,94" m="13511" machi="80" ten="30,6000,0" yaku="8,1,52,1,54,1" doraHai="19" who="1" fromWho="1" sc="240,-21,270,73,240,-21,240,-21" /><INIT seed="1,2,0,5,3,92" ten="219,343,219,219" oya="1" hai0="64,17,40,67,57,54,44,5,4,41,20,76,101" hai1="55,60,12,74,6,16,15,79,34,51,47,84,72" hai2="11,86,128,88,70,2,133,25,121,61,18,129,122" hai3="99,53,126,115,69,111,38,65,66,58,3,30,73"/><U113/><E113/><V13/><F2/><W33/><G115/><T80/><D101/><U120/><E34/><V23/><F133/><W96/><G73/><T43/><D44/><U56/><E120/><V21/><F70/><W82/><G3/><T9/><D80/><N who="1" m="47135" /><E74/><V112/><F61/><W50/><G111/><T103/><D103/><U39/><E39/><V85/><F112/><W35/><G126/><T68/><D76/><U78/><E72/><V107/><F107/><W77/><G38/><T52/><D68/><U98/><E78/><V119/><F86/><N who="3" m="48463" /><G35/><T42/><N who="0" m="10240" /><DORA hai="97" /><T118/><D118/><U36/><E36/><V108/><F23/><W106/><G33/><T26/><D54/><N who="1" m="30079" /><E6/><N who="0" m="2665" /><D9/><N who="1" m="6159" /><E15/><V90/><F108/><W48/><G106/><T100/><D100/><U109/><E109/><V75/><F75/><W27/><G69/><T117/><D117/><U7/><E7/><N who="2" m="3327" /><F119/><W125/><G125/><T89/><D89/><N who="2" m="34410" /><F85/><W63/><G27/><T94/><D94/><U130/><E60/><AGARI ba="2,0" hai="17,20,26,52,57,60,64,67" m="2665,10240" machi="60" ten="40,2600,0" yaku="8,1,54,1" doraHai="92,97" who="0" fromWho="1" sc="219,32,343,-32,219,0,219,0" /><INIT seed="2,0,0,2,3,26" ten="251,311,219,219" oya="2" hai0="101,1,19,62,116,132,108,36,89,2,96,83,102" hai1="9,59,35,88,40,129,130,72,17,24,6,3,75" hai2="50,84,77,94,22,135,74,134,122,95,10,65,16" hai3="90,127,110,105,39,45,13,42,27,98,54,121,73"/><V76/><F122/><W80/><G121/><T49/><D36/><U43/><E59/><V30/><F74/><N who="1" m="28201" /><E88/><N who="2" m="53511" /><F10/><W112/><G110/><T55/><D132/><N who="2" m="50730" /><F65/><W64/><G64/><T104/><D116/><U131/><E17/><V114/><F114/><W32/><G112/><T4/><D19/><U71/><E71/><V34/><F95/><W87/><G73/><T18/><D4/><U20/><E20/><V133/><N who="2" m="50738" /><V125/><DORA hai="85" /><F125/><W57/><G127/><T82/><D18/><U7/><E7/><V128/><F128/><W99/><G105/><T23/><D104/><U66/><E66/><V38/><F38/><W47/><G47/><T63/><D108/><U69/><E69/><V79/><F50/><W93/><G93/><T61/><D49/><U29/><AGARI ba="0,0" hai="3,6,9,24,29,35,40,43,129,130,131" m="28201" machi="29" ten="40,2700,0" yaku="19,1,52,1" doraHai="26,85" who="1" fromWho="1" sc="251,-7,311,27,219,-13,219,-7" /><INIT seed="3,0,0,5,4,55" ten="244,338,206,212" oya="3" hai0="82,101,3,85,123,130,94,105,112,49,120,93,20" hai1="58,97,53,29,124,80,79,114,116,126,23,51,99" hai2="119,40,106,75,61,7,19,71,104,33,54,42,14" hai3="131,77,45,83,63,84,96,78,5,113,28,132,15"/><W69/><G113/><T89/><D3/><U37/><E37/><V76/><F33/><W8/><G132/><T110/><D20/><U88/><E114/><V36/><F119/><W6/><G131/><T67/><D67/><U100/><E88/><V95/><F7/><W47/><G5/><T127/><D49/><U22/><E99/><V24/><F24/><W118/><G118/><T26/><D26/><U98/><E98/><V129/><F129/><W134/><G134/><T35/><D35/><U48/><E48/><V2/><F2/><W11/><G11/><T59/><D112/><U92/><E116/><V107/><F95/><W102/><G28/><T72/><D94/><U18/><E29/><V16/><F36/><W25/><G25/><T44/><D44/><U68/><E68/><V41/><F14/><W73/><G69/><T122/><D130/><U128/><E128/><V31/><F31/><W17/><G6/><T103/><D105/><U46/><E46/><V34/><F34/><W90/><G63/><T117/><D117/><U60/><E60/><V52/><F54/><W4/><G4/><T32/><D32/><U1/><E1/><V74/><F71/><W135/><G135/><T43/><D122/><U10/><E10/><V21/><F76/><N who="3" m="29291" /><G73/><N who="2" m="27657" /><F21/><W30/><G30/><T66/><D123/><U12/><E22/><V64/><F64/><W13/><G13/><T9/><D66/><U109/><E23/><V62/><F62/><W108/><G108/><T65/><D110/><U133/><E109/><V91/><F91/><W38/><G38/><T57/><D120/><RYUUKYOKU ba="0,0" sc="244,-15,338,-15,206,15,212,15" hai2="16,19,40,41,42,52,61,104,106,107" hai3="8,15,17,45,47,83,84,90,96,102" /><INIT seed="3,1,0,2,0,29" ten="229,323,221,227" oya="3" hai0="72,54,117,2,84,19,49,48,125,20,64,101,91" hai1="93,46,74,105,47,108,111,62,43,73,119,127,121" hai2="30,58,1,132,27,16,45,21,120,129,79,37,116" hai3="42,7,4,55,97,14,113,12,32,53,107,110,13"/><W86/><G113/><T61/><D72/><U71/><E105/><V69/><F116/><W83/><G32/><T118/><D2/><U51/><E121/><V56/><F69/><W39/><G110/><N who="1" m="42026" /><E119/><V87/><F1/><W50/><G39/><T67/><D101/><U36/><E93/><V59/><F120/><W96/><G42/><T3/><D3/><U133/><E133/><V115/><F115/><W85/><G107/><T128/><D49/><U38/><E127/><V90/><F132/><W134/><G134/><T10/><D125/><U99/><E99/><N who="3" m="37962" /><G55/><T33/><D54/><N who="1" m="30071" /><E36/><V9/><F129/><W22/><G22/><T25/><D20/><U89/><E89/><V135/><F79/><N who="3" m="46335" /><G86/><T76/><D84/><U5/><E5/><V98/><F98/><W8/><G4/><T75/><D128/><U106/><E106/><V17/><F135/><W34/><G34/><T109/><D33/><U94/><E94/><V102/><F102/><W15/><G15/><T81/><D109/><U122/><E122/><V26/><F9/><W24/><G24/><T31/><D10/><U130/><E130/><V78/><F78/><W52/><G53/><T114/><D25/><U66/><AGARI ba="1,0" hai="38,43,47,62,66,71,73,74" m="30071,42026" machi="66" ten="30,1100,0" yaku="14,1" doraHai="29" who="1" fromWho="1" sc="229,-4,323,14,221,-4,227,-6" owari="225,2.5,337,43.7,217,-28.3,221,-17.9" /></mjloggm>