<mjloggm ver="2.3"><GO type="225" lobby="0"/><UN n0="%E3%81%A9%E3%82%8F%E3%82%93%E3%81%94" n1="%33%74%72%65%65" n2="%E7%99%BD%E6%97%A5%E9%9B%AA%E8%8F%9C" n3="%E3%81%93%E3%81%91%E6%A4%8D%E7%89%A9" dan="16,16,17,16" rate="2093.30,2206.65,2186.80,2077.47" sx="M,F,M,M"/><TAIKYOKU oya="0"/><INIT seed="0,0,0,5,2,15" ten="250,250,250,250" oya="0" hai0="80,96,83,111,106,81,9,87,68,42,105,85,64" hai1="120,61,45,54,39,115,91,30,11,21,38,107,16" hai2="29,86,26,78,18,20,46,113,76,43,52,125,50" hai3="27,37,13,47,58,32,84,128,77,94,69,104,65"/><T22/><D42/><U73/><E120/><V35/><F125/><W40/><G104/><T126/><D68/><U53/><E107/><N who="0" m="40969" /><D64/><U134/><E73/><V118/><F113/><W24/><G69/><T103/><D22/><U119/><E119/><V7/><F7/><W63/><G128/><T99/><D9/><U19/><E115/><V23/><F118/><W67/><G65/><T130/><D126/><U114/><E114/><V1/><F1/><W102/><G32/><T31/><D31/><U123/><E123/><V135/><F135/><W112/><G112/><T127/><D130/><U3/><E3/><V60/><F35/><W70/><G70/><T75/><D127/><U98/><E134/><V121/><F86/><N who="0" m="32778" /><D111/><U90/><E30/><V117/><F117/><W6/><G13/><T55/><D55/><U132/><E132/><V101/><F101/><W131/><G6/><T10/><D10/><U133/><E133/><V92/><F92/><W25/><G131/><T59/><D59/><U97/><E11/><V89/><F121/><W109/><G109/><T0/><D0/><U62/><E45/><V100/><F100/><W17/><G102/><T12/><D12/><U82/><E21/><V116/><F116/><W72/><G94/><N who="0" m="58775" /><D99/><U95/><E95/><V36/><F43/><W88/><G40/><T56/><D56/><U122/><E122/><V110/><F23/><N who="3" m="13423" /><G47/><T129/><D129/><U4/><E4/><V74/><F46/><W108/><G37/><T28/><D28/><U41/><E41/><V48/><F110/><W93/><G108/><T71/><D71/><RYUUKYOKU ba="0,0" sc="250,10,250,10,250,-30,250,10" hai0="75,80,81,83" hai1="16,19,38,39,53,54,61,62,82,90,91,97,98" hai3="25,27,58,63,67,72,77,84,88,93" /><INIT seed="0,1,0,2,4,57" ten="260,260,220,260" oya="0" hai0="121,96,71,123,76,30,99,104,5,8,87,81,111" hai1="73,72,62,126,125,107,46,108,92,63,44,29,20" hai2="54,114,34,43,0,90,25,113,55,27,128,23,115" hai3="40,119,88,78,120,9,93,52,50,124,127,116,1"/><T56/><D71/><U38/><E107/><V22/><F128/><W48/><G78/><T79/><D30/><U26/><E108/><V53/><F0/><W49/><G40/><T103/><D56/><U59/><E59/><V100/><F34/><W60/><G120/><T118/><D118/><U10/><E10/><V51/><F100/><W42/><G42/><T94/><D111/><U83/><E92/><V21/><REACH who="2" step="1"/><F90/><REACH who="2" ten="260,260,210,260" step="2"/><W13/><G1/><T122/><D76/><U37/><E126/><V80/><F80/><W33/><G33/><T106/><REACH who="0" step="1"/><D96/><REACH who="0" ten="250,260,210,260" step="2"/><U135/><E125/><V130/><F130/><W14/><G119/><T77/><D77/><U24/><E73/><V97/><F97/><W41/><G116/><T19/><D19/><U82/><E72/><V133/><F133/><W39/><G124/><T32/><D32/><U85/><E135/><V110/><F110/><W4/><G127/><T98/><D98/><U58/><E29/><V132/><F132/><W17/><G17/><T28/><D28/><U95/><E85/><V70/><F70/><W117/><G117/><T61/><D61/><U12/><E63/><V109/><F109/><W47/><G60/><T91/><D91/><U15/><E62/><V31/><F31/><W45/><G88/><T129/><D129/><U67/><E67/><V16/><F16/><W112/><G93/><T75/><D75/><U131/><E95/><V84/><F84/><W7/><G112/><T36/><D36/><U66/><E131/><V68/><F68/><W69/><G69/><T134/><D134/><U105/><E37/><RYUUKYOKU ba="1,2" sc="250,10,260,-30,210,10,260,10" hai0="5,8,79,81,87,94,99,103,104,106,121,122,123" hai2="21,22,23,25,27,43,51,53,54,55,113,114,115" hai3="4,7,9,13,14,39,41,45,47,48,49,50,52" /><INIT seed="0,2,2,5,4,21" ten="260,230,220,270" oya="0" hai0="36,32,86,52,37,14,12,124,4,27,70,35,38" hai1="71,44,3,97,51,10,13,20,1,102,41,8,17" hai2="59,72,49,90,129,46,95,61,9,62,128,135,11" hai3="120,40,75,117,19,99,123,89,56,121,115,127,18"/><T65/><D70/><U114/><E71/><V66/><F72/><W130/><G115/><T25/><D65/><U73/><E73/><V84/><F135/><W34/><G117/><T58/><D124/><U119/><E119/><V15/><F62/><W91/><G75/><T76/><D4/><U109/><E109/><V68/><F68/><W79/><G79/><T5/><D5/><U55/><E114/><V83/><F95/><W111/><G111/><T30/><D76/><U16/><E41/><V69/><F69/><W93/><G130/><N who="2" m="50281" /><F15/><W110/><G110/><T45/><D86/><U29/><E29/><V43/><AGARI ba="2,2" hai="9,11,43,46,49,59,61,66,83,84,90" m="50281" machi="43" ten="30,1100,0" yaku="19,1" doraHai="21" who="2" fromWho="2" sc="260,-7,230,-5,220,37,270,-5" /><INIT seed="1,0,0,5,4,116" ten="253,225,257,265" oya="1" hai0="9,20,132,29,40,114,121,2,14,80,71,32,101" hai1="70,75,69,74,3,6,76,112,1,134,73,49,108" hai2="18,35,61,55,91,47,45,65,42,79,117,0,131" hai3="115,102,97,34,57,133,28,90,123,4,95,25,46"/><U82/><E112/><V50/><F117/><W88/><G115/><T120/><D71/><N who="1" m="27147" /><E49/><V54/><F0/><N who="1" m="73" /><E6/><V78/><F35/><W125/><G4/><N who="0" m="1175" /><D40/><U8/><E8/><V30/><F30/><W105/><G90/><T64/><D64/><U72/><E108/><V107/><F91/><W33/><G34/><T21/><D114/><U53/><E53/><V56/><F55/><W10/><G125/><T68/><D68/><U110/><E110/><V92/><F54/><W109/><G133/><AGARI ba="0,0" hai="72,73,74,75,76,82,133,134" m="73,27147" machi="133" ten="40,2000,0" yaku="23,1" doraHai="116" who="1" fromWho="3" sc="253,0,225,20,257,0,265,-20" /><INIT seed="1,1,0,1,3,88" ten="253,245,257,245" oya="1" hai0="60,79,101,33,122,126,28,61,131,15,69,45,110" hai1="118,81,106,20,68,114,89,65,29,48,108,117,42" hai2="59,76,133,82,27,10,112,56,80,107,120,38,18" hai3="32,70,72,22,9,77,3,31,105,49,50,103,121"/><U51/><E114/><V93/><F107/><W129/><G70/><T92/><D110/><U66/><E106/><V57/><F120/><W41/><G32/><T99/><D122/><U4/><E108/><V24/><F38/><W1/><G129/><T5/><D131/><U90/><E4/><V111/><F111/><W67/><G67/><T55/><D126/><U44/><E68/><V21/><F133/><W17/><G121/><T73/><D69/><U34/><E34/><V13/><F112/><W23/><G105/><T132/><D132/><U75/><E75/><V71/><F71/><W2/><G103/><T91/><D73/><U115/><E115/><V134/><F134/><W25/><G9/><N who="0" m="4527" /><D79/><U52/><E118/><V14/><F93/><W54/><G41/><T26/><D33/><U40/><E40/><V113/><F113/><W19/><G31/><T86/><D26/><N who="2" m="9770" /><F76/><W97/><G97/><T47/><D28/><U102/><E117/><V8/><F21/><W30/><G23/><T83/><D55/><U95/><E20/><V125/><F125/><W39/><G39/><T78/><D78/><U100/><E29/><V43/><F43/><W84/><G54/><T94/><D83/><U109/><E109/><V58/><N who="2" m="14336" /><DORA hai="46" /><V37/><F37/><W87/><G72/><T128/><D128/><U0/><E0/><V36/><F36/><W104/><G77/><T116/><D116/><U11/><E81/><V85/><F85/><N who="3" m="32843" /><G104/><T124/><D124/><U7/><E66/><V16/><AGARI ba="1,0" hai="8,10,13,14,16,18,80,82" m="14336,9770" machi="16" ten="40,2700,0" yaku="8,1,54,1" doraHai="88,46" who="2" fromWho="2" sc="253,-8,245,-14,257,30,245,-8" /><INIT seed="2,0,0,0,2,34" ten="245,231,287,237" oya="2" hai0="68,96,129,108,57,105,21,54,45,30,97,38,126" hai1="16,128,86,69,22,49,18,102,80,119,29,9,111" hai2="25,75,116,62,90,36,0,106,123,74,43,95,135" hai3="121,127,103,91,13,60,8,133,26,100,39,87,33"/><V104/><F116/><W117/><G117/><T23/><D68/><U72/><E119/><V99/><F123/><W130/><G121/><T27/><D108/><U28/><E111/><V122/><F122/><W101/><G39/><T7/><D129/><U78/><E128/><V89/><F135/><W11/><G130/><T63/><D126/><U53/><E69/><V88/><F25/><W77/><G127/><T73/><D73/><N who="2" m="27658" /><F0/><W98/><G133/><T35/><D7/><U12/><E102/><N who="2" m="60799" /><F62/><W52/><G77/><T115/><D115/><U24/><REACH who="1" step="1"/><E72/><REACH who="1" ten="245,221,287,237" step="2"/><V131/><F131/><W17/><G100/><T47/><D105/><U114/><E114/><V85/><F106/><W37/><G101/><T134/><D134/><U46/><AGARI ba="0,1" hai="9,12,16,18,22,24,28,29,46,49,53,78,80,86" machi="46" ten="20,8000,1" yaku="1,1,0,1,7,1,8,1,54,1,53,0" doraHai="34" doraHaiUra="64" who="1" fromWho="1" sc="245,-20,221,90,287,-40,237,-20" /><INIT seed="3,0,0,5,4,103" ten="225,311,247,217" oya="3" hai0="75,32,67,35,58,28,52,14,73,119,53,38,112" hai1="6,23,132,120,101,91,105,45,21,90,24,62,87" hai2="85,64,68,9,33,56,59,84,111,114,86,55,69" hai3="83,44,89,5,20,133,7,16,92,49,127,97,108"/><W88/><G127/><T123/><D38/><U42/><E120/><V2/><F114/><W41/><G133/><T3/><D3/><U46/><E132/><V100/><F33/><W79/><G108/><T129/><D123/><U128/><E128/><V116/><F116/><W18/><G89/><T63/><D119/><U19/><E6/><V113/><F113/><W26/><REACH who="3" step="1"/><G18/><REACH who="3" ten="225,311,247,207" step="2"/><T15/><D112/><U99/><E90/><V77/><F111/><W109/><G109/><T76/><D129/><U104/><E91/><V74/><F77/><W43/><G43/><T25/><D76/><U95/><E42/><V125/><F125/><W102/><G102/><T93/><D35/><U50/><E19/><V54/><F100/><W117/><G117/><T66/><D93/><U96/><E95/><V70/><F70/><W10/><G10/><T81/><D81/><U78/><E101/><V39/><F69/><W94/><G94/><T22/><D32/><U13/><E78/><V122/><F68/><W130/><G130/><T71/><D71/><U31/><E23/><V40/><F40/><W135/><G135/><T36/><D36/><U4/><E21/><V115/><F9/><W118/><G118/><T12/><REACH who="0" step="1"/><D53/><REACH who="0" ten="215,311,247,207" step="2"/><U80/><E80/><V106/><F54/><W110/><G110/><T47/><D47/><U124/><E46/><V72/><F55/><W17/><G17/><T134/><D134/><U8/><E45/><V29/><F115/><W82/><G82/><T60/><D60/><U37/><E62/><V107/><F39/><W57/><G57/><N who="2" m="22089" /><F122/><W65/><G65/><AGARI ba="0,2" hai="12,14,15,22,25,28,52,58,63,65,66,67,73,75" machi="65" ten="40,5200,0" yaku="1,1,6,1,54,1,53,0" doraHai="103" doraHaiUra="34" who="0" fromWho="3" sc="215,72,311,0,247,0,207,-52" owari="287,8.7,311,41.1,247,-15.3,155,-34.5" /></mjloggm>