<mjloggm ver="2.3"><GO type="225" lobby="0"/><UN n0="%6D%75%75%6D%75%72%61" n1="%E3%81%95%E3%81%8D%E3%81%9F%E3%81%BE%E6%9E%97%E6%AA%8E" n2="%E4%B8%89%E5%86%A0%E7%8E%8B%E3%83%BB%E5%B1%B1%E7%94%B0%E5%93%B2%E4%BA%BA" n3="%E7%89%B9%E6%9D%B1%E3%81%AF%E4%B8%96%E7%95%8C%E3%82%92%E6%95%91%E3%81%86" dan="16,16,16,16" rate="2201.01,2157.86,2134.72,2119.97" sx="F,M,M,M"/><TAIKYOKU oya="0"/><INIT seed="0,0,0,4,0,40" ten="250,250,250,250" oya="0" hai0="52,68,35,126,18,5,51,50,112,24,95,19,27" hai1="44,91,88,106,7,80,101,90,64,46,93,10,76" hai2="104,43,125,32,8,73,15,71,9,114,30,102,131" hai3="89,81,26,49,34,111,59,41,22,105,75,6,79"/><T3/><D112/><U133/><E133/><V130/><F73/><W14/><G105/><T72/><D68/><U47/><E106/><V78/><F78/><W29/><G111/><T1/><D72/><U74/><E64/><V109/><F114/><W86/><G6/><T21/><D126/><U92/><REACH who="1" step="1"/><E101/><REACH who="1" ten="250,240,250,250" step="2"/><V12/><F102/><W128/><G128/><T69/><D69/><U118/><E118/><V38/><F104/><W103/><G103/><T62/><D1/><AGARI ba="0,1" hai="1,7,10,44,46,47,74,76,80,88,90,91,92,93" machi="1" ten="40,16000,3" yaku="1,1,52,3,54,1,53,3" doraHai="40" doraHaiUra="85" who="1" fromWho="0" sc="250,-160,240,170,250,0,250,0" /><INIT seed="1,0,0,4,4,130" ten="90,410,250,250" oya="1" hai0="62,114,42,26,5,56,45,38,46,87,84,116,54" hai1="34,135,49,101,113,98,91,30,39,94,37,41,10" hai2="103,89,21,134,44,12,25,97,133,120,106,9,20" hai3="15,77,73,78,2,81,125,107,111,53,121,83,71"/><U124/><E135/><N who="2" m="51723" /><F120/><W17/><G121/><T13/><D114/><U16/><E124/><V123/><F123/><W69/><G2/><T67/><D116/><U35/><E113/><V76/><F76/><W82/><G125/><T23/><D5/><U110/><E110/><V65/><F65/><W7/><G7/><T112/><D13/><U100/><E39/><V58/><F58/><W50/><G107/><T31/><D112/><U3/><E3/><V6/><F89/><W131/><G131/><T88/><D84/><U52/><E35/><V22/><F44/><W108/><G69/><T115/><D115/><U126/><E126/><V128/><F128/><W92/><G71/><T129/><D129/><U51/><E37/><V57/><F57/><N who="3" m="32951" /><G92/><T8/><D46/><U28/><E34/><V95/><F106/><W80/><G80/><T86/><D86/><U90/><E90/><V122/><F122/><W61/><G61/><T75/><D75/><U19/><E91/><V1/><F1/><W118/><G118/><T72/><D72/><U11/><E101/><V4/><F4/><W85/><G85/><T33/><D67/><U109/><E100/><V60/><F60/><W127/><G127/><T132/><D132/><U99/><E99/><V14/><F14/><W68/><G68/><T24/><D8/><U117/><E98/><V29/><AGARI ba="0,0" hai="6,9,12,20,21,22,25,29,95,97,103" m="51723" machi="29" ten="30,7900,0" yaku="20,1,52,3" doraHai="130" who="2" fromWho="2" sc="90,-20,410,-39,250,79,250,-20" /><INIT seed="2,0,0,5,1,51" ten="70,371,329,230" oya="2" hai0="22,123,16,24,76,90,78,134,31,61,49,129,72" hai1="35,67,56,73,25,108,107,97,101,5,135,118,110" hai2="85,59,115,87,58,48,98,88,111,14,81,103,83" hai3="15,133,26,44,33,120,86,34,124,2,71,29,99"/><V21/><F115/><W9/><G120/><T7/><D123/><U3/><E135/><V41/><F111/><N who="1" m="42537" /><E118/><V92/><F41/><W53/><G2/><T46/><D134/><U45/><E73/><V80/><F48/><W130/><G71/><T63/><D129/><U54/><E67/><V89/><F81/><W20/><G124/><T93/><D7/><U0/><E45/><V68/><F68/><W36/><G130/><T19/><D72/><U114/><E5/><V91/><F91/><W50/><G36/><T102/><D102/><U84/><E84/><V69/><F69/><W132/><G99/><T116/><D116/><U27/><E114/><V52/><F52/><W60/><G132/><T79/><D19/><AGARI ba="0,0" hai="14,19,21,58,59,80,83,85,87,88,89,92,98,103" machi="19" ten="40,7700,0" yaku="9,1,8,1,54,1" doraHai="51" who="2" fromWho="0" sc="70,-77,371,0,329,77,230,0" owari="-7,-50.7,371,17.1,406,50.6,230,-17.0" /></mjloggm>