<mjloggm ver="2.3"><GO type="225" lobby="0"/><UN n0="%73%61%6E%64%69%72%69%73" n1="%E3%83%AD%E3%83%83%E3%83%86%E9%9B%80%E7%90%83" n2="%E7%B4%94%E6%BD%94%E3%83%94%E3%83%A9%E3%83%8B%E3%82%A2" n3="%E5%AF%82%E5%AF%9E%E3%82%AE%E3%83%8D%E3%82%B9%E3%83%93%E3%83%BC%E3%83%AB" dan="16,17,17,16" rate="2148.29,2252.74,2227.99,2145.45" sx="M,M,M,M"/><TAIKYOKU oya="0"/><INIT seed="0,0,0,0,0,85" ten="250,250,250,250" oya="0" hai0="6,59,2,23,39,83,78,30,60,131,17,126,130" hai1="4,70,28,74,56,57,113,1,21,46,48,14,121" hai2="118,8,84,93,82,112,107,129,120,125,33,18,52" hai3="0,134,106,87,71,53,102,65,101,108,51,15,31"/><T111/><D39/><U11/><E121/><V79/><F107/><W127/><G0/><T128/><D126/><U12/><E74/><V24/><F125/><W116/><G127/><T9/><D111/><U55/><E70/><V62/><F112/><W115/><G116/><T80/><D30/><U58/><REACH who="1" step="1"/><E113/><REACH who="1" ten="250,240,250,250" step="2"/><V61/><F120/><W135/><G71/><T73/><D73/><U43/><E43/><V104/><F118/><W94/><G115/><T99/><D130/><U105/><E105/><V19/><F104/><W54/><G106/><T40/><D40/><U22/><E22/><V26/><F33/><W32/><G32/><T25/><D128/><U86/><E86/><V123/><F84/><W67/><G87/><T119/><D131/><U124/><E124/><V16/><F123/><W10/><G108/><T97/><D119/><U76/><E76/><V27/><F79/><W91/><G135/><T38/><D78/><U75/><E75/><V122/><F122/><W98/><G134/><T44/><D23/><U7/><E7/><V50/><F82/><W100/><G31/><T42/><D83/><U64/><E64/><V3/><F129/><W114/><G114/><T77/><D80/><U69/><E69/><V110/><F110/><W41/><G41/><T20/><D77/><U13/><E13/><V45/><REACH who="2" step="1"/><F93/><REACH who="2" ten="250,240,240,250" step="2"/><W95/><G94/><T63/><D97/><U72/><E72/><V90/><F90/><W109/><G109/><T68/><D99/><U88/><E88/><V47/><F47/><N who="3" m="27903" /><G54/><N who="0" m="33911" /><D68/><U117/><E117/><V5/><AGARI ba="0,2" hai="3,5,8,16,18,19,24,26,27,45,50,52,61,62" machi="5" ten="40,8000,1" yaku="1,1,0,1,54,2,53,0" doraHai="85" doraHaiUra="92" who="2" fromWho="2" sc="250,-40,240,-20,240,100,250,-20" /><INIT seed="1,0,0,3,5,116" ten="210,220,340,230" oya="1" hai0="28,130,51,37,6,128,36,19,66,97,12,64,96" hai1="21,59,15,126,124,32,43,45,91,102,44,65,7" hai2="100,35,16,106,119,109,82,39,95,5,112,25,125" hai3="108,72,111,27,107,47,98,42,57,92,48,133,85"/><U40/><E32/><V129/><F82/><W135/><G72/><T18/><D51/><U104/><E91/><V74/><F95/><W77/><G107/><T31/><D12/><U4/><E104/><V131/><F16/><W52/><G27/><T94/><D94/><U110/><E102/><V80/><F5/><AGARI ba="0,0" hai="5,6,18,19,28,31,36,37,64,66,96,97,128,130" machi="5" ten="25,1600,0" yaku="22,2" doraHai="116" who="0" fromWho="2" sc="210,16,220,0,340,-16,230,0" /><INIT seed="2,0,0,4,4,7" ten="226,220,324,230" oya="2" hai0="19,62,77,15,94,121,131,39,33,118,91,29,123" hai1="72,129,102,10,11,135,36,21,2,81,125,101,53" hai2="126,17,40,84,97,89,38,5,87,18,41,83,106" hai3="52,104,47,59,128,92,28,48,88,112,82,9,68"/><V54/><F126/><W14/><G104/><T57/><D39/><U66/><E2/><V44/><F41/><W95/><G68/><T3/><D3/><U46/><E125/><V134/><F134/><W13/><G128/><T113/><D113/><U69/><E129/><V20/><F5/><N who="3" m="3247" /><G112/><T96/><D131/><U119/><E119/><V42/><F42/><N who="3" m="24695" /><G28/><T34/><D118/><U60/><E135/><V50/><F87/><N who="3" m="50295" /><G14/><T24/><D34/><U30/><E36/><V75/><F75/><W122/><G122/><T74/><D74/><U64/><E72/><V51/><F38/><W86/><G86/><T73/><D77/><U8/><E81/><V63/><F106/><W105/><G105/><T76/><D76/><U130/><E130/><V61/><F97/><W127/><G127/><T43/><D43/><U90/><E90/><V27/><REACH who="2" step="1"/><F18/><REACH who="2" ten="226,220,314,230" step="2"/><W79/><G79/><T111/><D73/><U85/><E85/><V117/><F117/><W55/><G55/><T124/><D124/><U37/><E37/><V25/><F25/><W12/><G12/><T35/><D19/><U67/><E53/><V78/><F78/><W120/><G120/><T100/><D15/><U58/><E67/><V0/><F0/><W16/><G16/><T31/><D121/><U4/><E66/><V133/><F133/><W80/><G80/><T32/><D123/><U103/><E4/><V45/><AGARI ba="0,1" hai="17,20,27,40,44,45,50,51,54,61,63,83,84,89" machi="45" ten="20,18000,2" yaku="1,1,0,1,7,1,8,1,53,2" doraHai="7" doraHaiUra="56" who="2" fromWho="2" sc="226,-60,220,-60,314,190,230,-60" /><INIT seed="2,1,0,2,1,68" ten="166,160,504,170" oya="2" hai0="61,97,83,42,60,67,93,43,70,3,103,85,55" hai1="54,134,36,121,21,133,29,0,95,128,46,26,111" hai2="114,65,63,50,123,88,118,127,62,2,99,77,69" hai3="27,13,20,84,119,1,8,11,49,91,96,75,129"/><V117/><F114/><W106/><G119/><T132/><D132/><N who="1" m="50795" /><E111/><V90/><F2/><W57/><G75/><T22/><D3/><U15/><E128/><V14/><F123/><W25/><G129/><T82/><D82/><U31/><E121/><V102/><F77/><W51/><G1/><T48/><D22/><U16/><E0/><V64/><F50/><N who="3" m="18955" /><G96/><T115/><D61/><U113/><E54/><V53/><F53/><W105/><G57/><T71/><D71/><U80/><E113/><V58/><F127/><W23/><G106/><T7/><D7/><U89/><E80/><V66/><F66/><W18/><G105/><T19/><D19/><U74/><E74/><V33/><F33/><W73/><G73/><T86/><D115/><U110/><E110/><V45/><F45/><W125/><G125/><T38/><D38/><U12/><E31/><V78/><F78/><W122/><G122/><T79/><D86/><N who="1" m="52663" /><E29/><V107/><F118/><W34/><G34/><T44/><AGARI ba="1,0" hai="42,43,44,48,55,60,67,70,79,83,85,93,97,103" machi="44" ten="20,1500,0" yaku="0,1,7,1" doraHai="68" who="0" fromWho="0" sc="166,18,160,-5,504,-8,170,-5" /><INIT seed="3,0,0,1,3,131" ten="184,155,496,165" oya="3" hai0="90,79,75,86,15,68,83,128,20,3,0,62,69" hai1="70,26,114,120,111,2,12,106,32,81,55,121,110" hai2="123,88,112,42,45,84,94,87,107,129,135,51,11" hai3="126,39,108,53,47,134,80,19,34,76,66,105,92"/><W113/><G113/><T99/><D128/><U10/><E114/><V5/><F107/><W17/><G105/><T31/><D99/><U102/><E70/><V56/><F129/><W130/><G34/><T36/><D36/><U97/><E2/><V16/><F135/><W18/><G130/><T57/><D69/><U64/><E64/><V33/><F33/><W71/><G134/><T125/><D68/><U52/><E81/><V104/><F104/><W115/><G115/><T35/><D125/><U119/><E119/><V60/><F112/><W61/><G126/><T1/><D35/><U21/><E32/><V43/><F43/><W65/><G108/><N who="1" m="41514" /><E121/><V82/><F123/><W29/><G29/><T27/><D15/><U122/><E122/><V28/><F28/><W103/><G66/><T58/><D62/><U85/><E85/><V77/><F16/><W101/><G92/><T24/><D24/><U95/><E106/><V7/><F11/><W100/><G39/><T9/><D9/><U49/><E49/><V14/><F14/><W72/><REACH who="3" step="1"/><G17/><REACH who="3" ten="184,155,496,155" step="2"/><T78/><D31/><N who="1" m="17871" /><E120/><V23/><F23/><W132/><G132/><T48/><D20/><U93/><E93/><V22/><F22/><W38/><G38/><T98/><D83/><U40/><E40/><V8/><F8/><W50/><AGARI ba="0,1" hai="18,19,47,50,53,61,65,71,72,76,80,100,101,103" machi="50" ten="30,6000,0" yaku="1,1,0,1,53,1" doraHai="131" doraHaiUra="41" who="3" fromWho="3" sc="184,-20,155,-20,496,-20,155,70" /><INIT seed="3,1,0,1,1,26" ten="164,135,476,225" oya="3" hai0="118,122,38,23,12,63,83,40,68,18,73,25,97" hai1="111,13,49,94,115,99,29,106,76,60,84,19,78" hai2="81,7,39,105,0,52,32,91,114,1,113,8,3" hai3="48,134,85,16,11,93,88,50,119,70,127,125,5"/><W30/><G119/><T14/><D118/><U36/><E36/><V27/><F39/><W61/><G134/><T21/><D122/><U89/><E111/><V67/><F105/><W109/><G109/><T45/><D97/><U35/><E115/><V41/><F41/><W75/><G75/><T72/><D83/><U132/><E132/><V131/><F67/><N who="3" m="41327" /><G30/><T123/><D123/><U65/><E49/><V46/><F1/><N who="3" m="431" /><G16/><T55/><D12/><U34/><E106/><V62/><F3/><W22/><G22/><T82/><D82/><U104/><E104/><V107/><F81/><W64/><G64/><T71/><D71/><U101/><E101/><V120/><F120/><W57/><G57/><T58/><D68/><U108/><E108/><V66/><F66/><W126/><AGARI ba="1,0" hai="48,50,85,88,93,125,126,127" m="431,41327" machi="126" ten="30,3000,0" yaku="18,1,54,1" doraHai="26" who="3" fromWho="3" sc="164,-11,135,-11,476,-11,225,33" /><INIT seed="3,2,0,2,1,46" ten="153,124,465,258" oya="3" hai0="106,10,37,90,2,70,96,132,29,58,76,124,72" hai1="28,130,55,125,88,65,74,53,34,66,113,107,44" hai2="60,120,98,86,85,129,32,68,48,115,39,131,50" hai3="69,13,128,84,6,119,30,127,19,91,63,61,21"/><W16/><G119/><T94/><D70/><U97/><E113/><V81/><F39/><W52/><G128/><N who="2" m="49225" /><F32/><W8/><G127/><T15/><D37/><U82/><E130/><V77/><F115/><W43/><G43/><T83/><D132/><U80/><E125/><V27/><F120/><W87/><G69/><T75/><D124/><U20/><E34/><V102/><F86/><N who="3" m="32811" /><G91/><T11/><D75/><U7/><E7/><V24/><F60/><N who="3" m="23115" /><G52/><N who="1" m="20042" /><E107/><N who="2" m="63959" /><F68/><W117/><G117/><T71/><D71/><U18/><E28/><V134/><F134/><W38/><G38/><T14/><D29/><U133/><E133/><V95/><F95/><W42/><G42/><T121/><D121/><U108/><E108/><V64/><F64/><N who="1" m="24681" /><E74/><V89/><F89/><W103/><G103/><T78/><D106/><U114/><E114/><V41/><F41/><W3/><G3/><T57/><D2/><U51/><E44/><V31/><F31/><W1/><G1/><T126/><D126/><U62/><E62/><V36/><F36/><W101/><G101/><T73/><D73/><U122/><E122/><V109/><F109/><W4/><G30/><T23/><D72/><U47/><E47/><V49/><AGARI ba="2,0" hai="24,27,48,49,50,77,81,85" m="63959,49225" machi="49" ten="30,7900,0" yaku="19,1,52,3" doraHai="46" who="2" fromWho="2" sc="153,-22,124,-22,465,85,258,-41" owari="131,-26.9,102,-39.8,550,65.0,217,1.7" /></mjloggm>