<mjloggm ver="2.3"><GO type="225" lobby="0"/><UN n0="%E3%81%8B%E3%82%8F%E3%81%A1%E3%82%83%E3%82%93%35%38" n1="%E3%83%97%E3%83%AC%E3%83%B4%E3%82%A1%E3%83%86%E3%82%A3" n2="%E7%BD%AA%E5%88%91%E6%B3%95%E5%AE%9A%E4%B8%BB%E7%BE%A9" n3="%E7%89%B9%E6%9D%B1%E3%81%AF%E4%B8%96%E7%95%8C%E3%82%92%E6%95%91%E3%81%86" dan="16,16,16,16" rate="2190.11,2068.72,2168.49,2138.16" sx="M,F,M,M"/><TAIKYOKU oya="0"/><INIT seed="0,0,0,2,2,66" ten="250,250,250,250" oya="0" hai0="24,23,83,9,88,53,6,60,95,4,134,49,34" hai1="89,19,77,20,0,62,15,73,25,110,40,107,65" hai2="76,13,12,1,90,84,119,104,79,44,109,80,63" hai3="38,117,3,17,7,32,96,29,55,108,130,85,50"/><T45/><D134/><U86/><E107/><V21/><F1/><W93/><G117/><T112/><D112/><U43/><E0/><V46/><F119/><W94/><G38/><T128/><D128/><U30/><E110/><V36/><F104/><W42/><G42/><T81/><D34/><U54/><E54/><V74/><F109/><W87/><G130/><T39/><D39/><U56/><E77/><V118/><F118/><W133/><G133/><T131/><D131/><U51/><E51/><V5/><F36/><W123/><G123/><T99/><D60/><U120/><E73/><V2/><F79/><W35/><G93/><T26/><D26/><U127/><E127/><V70/><F2/><W10/><G17/><T113/><D113/><U27/><E27/><V121/><F121/><W111/><G87/><T33/><D33/><N who="3" m="12873" /><G85/><T52/><D53/><U69/><E120/><V8/><F21/><W75/><G29/><T67/><D67/><U82/><REACH who="1" step="1"/><E56/><REACH who="1" ten="250,240,250,250" step="2"/><V78/><F76/><W126/><G75/><T57/><D57/><U103/><E103/><V124/><F124/><W135/><G126/><T72/><D72/><U18/><E18/><V91/><F74/><W14/><G3/><T125/><D125/><U28/><E28/><V92/><F78/><W48/><G135/><T97/><D4/><U16/><E16/><V98/><F13/><W122/><G122/><T64/><D6/><U22/><AGARI ba="0,1" hai="15,19,20,22,25,30,40,43,62,65,69,82,86,89" machi="22" ten="20,5200,0" yaku="1,1,0,1,7,1,52,1,53,0" doraHai="66" doraHaiUra="132" who="1" fromWho="1" sc="250,-26,240,62,250,-13,250,-13" /><INIT seed="1,0,0,3,5,49" ten="224,302,237,237" oya="1" hai0="43,116,135,100,86,82,73,129,71,88,80,22,78" hai1="13,123,47,132,113,111,39,94,27,41,55,7,131" hai2="20,46,87,53,85,126,56,26,103,68,14,37,75" hai3="76,63,124,66,40,112,50,18,118,121,60,12,133"/><U62/><E113/><V9/><F75/><W3/><G112/><T105/><D71/><U48/><E123/><V90/><F68/><W122/><G3/><T15/><D43/><U52/><E131/><V0/><F0/><W117/><G76/><N who="0" m="44047" /><D15/><U108/><E132/><V119/><F119/><N who="3" m="45579" /><G133/><T97/><D22/><U120/><E120/><N who="3" m="46186" /><G124/><T11/><D11/><N who="1" m="4351" /><E94/><V95/><F126/><W115/><G115/><T29/><D29/><U84/><E84/><V16/><F103/><W77/><G77/><T81/><D116/><U74/><E74/><V79/><F37/><W2/><G2/><T5/><D5/><U23/><E39/><V31/><F46/><N who="3" m="25927" /><G66/><T134/><D129/><U38/><E38/><V109/><F109/><N who="1" m="42057" /><E62/><N who="2" m="36111" /><F79/><W127/><G127/><T93/><D82/><U4/><E4/><V51/><F51/><W6/><G6/><T28/><D28/><AGARI ba="0,0" hai="23,27,28,41,47,48,52,55" m="42057,4351" machi="28" ten="30,12000,1" yaku="14,1,10,1,52,2,54,1" doraHai="49" who="1" fromWho="0" sc="224,-120,302,120,237,0,237,0" /><INIT seed="1,1,0,1,4,135" ten="104,422,237,237" oya="1" hai0="124,65,34,46,28,89,134,6,74,17,52,3,5" hai1="36,53,101,58,113,57,35,125,39,84,92,24,22" hai2="103,43,33,31,32,78,51,69,70,23,21,7,11" hai3="72,114,129,9,90,26,112,85,10,118,108,115,109"/><U120/><E113/><V38/><F38/><W12/><G72/><T47/><D134/><U66/><E35/><V64/><F103/><W16/><G129/><T40/><D74/><U20/><E120/><V2/><F78/><W0/><G118/><T55/><D65/><U128/><E128/><V67/><F43/><W50/><G26/><T121/><D34/><U42/><E42/><V132/><F132/><W117/><G117/><T126/><D28/><U87/><E24/><V18/><F23/><W130/><G130/><T104/><D104/><U41/><E41/><V56/><F67/><W25/><G25/><T81/><D121/><U59/><E66/><V4/><F4/><W111/><G50/><T100/><D100/><U29/><E101/><V76/><F76/><W123/><G123/><T71/><D71/><U88/><E29/><V45/><F45/><W27/><G27/><T77/><D89/><U49/><E84/><V82/><F82/><N who="3" m="49463" /><G0/><T98/><D81/><U37/><REACH who="1" step="1"/><E125/><REACH who="1" ten="104,412,237,237" step="2"/><V94/><F64/><W30/><G30/><T106/><D40/><U91/><E91/><V19/><F31/><W95/><G115/><T93/><D77/><U83/><E83/><V99/><F33/><W8/><G95/><T75/><D75/><U86/><E86/><V48/><F32/><W44/><G114/><T133/><D133/><U79/><E79/><V80/><F94/><W107/><G112/><T14/><D93/><U13/><E13/><V131/><F80/><W97/><G12/><T68/><D14/><U105/><E105/><V127/><F131/><W102/><G107/><RYUUKYOKU ba="1,1" sc="104,-10,412,30,237,-10,237,-10" hai1="20,22,36,37,39,49,53,57,58,59,87,88,92" /><INIT seed="1,2,1,4,2,52" ten="94,442,227,227" oya="1" hai0="89,102,128,2,43,84,95,86,5,88,65,17,50" hai1="11,62,48,107,108,91,124,13,44,3,19,76,12" hai2="22,63,38,33,93,23,47,41,118,126,106,113,114" hai3="98,27,77,90,96,122,34,31,57,82,72,131,87"/><U29/><E107/><V51/><F118/><W111/><G111/><T6/><D128/><U70/><E124/><V105/><F33/><W26/><G122/><T18/><D102/><U49/><E76/><V53/><F126/><W39/><G131/><T97/><D65/><U119/><E119/><V36/><F93/><W74/><G39/><N who="2" m="14889" /><F63/><W83/><G74/><T133/><D133/><U46/><E3/><V101/><F101/><W20/><REACH who="3" step="1"/><G57/><REACH who="3" ten="94,442,227,217" step="2"/><T64/><D64/><U61/><E108/><V0/><F0/><W28/><AGARI ba="2,2" hai="20,26,27,28,31,34,72,77,82,83,87,90,96,98" machi="28" ten="20,5200,0" yaku="1,1,2,1,0,1,7,1,53,0" doraHai="52" doraHaiUra="66" who="3" fromWho="3" sc="94,-15,442,-28,227,-15,217,78" /><INIT seed="2,0,0,0,0,125" ten="79,414,212,295" oya="2" hai0="55,5,71,39,106,56,20,128,27,94,131,102,61" hai1="90,75,107,2,17,54,19,62,36,76,11,21,113" hai2="42,91,82,87,63,26,127,53,8,84,34,120,124" hai3="134,12,31,104,48,0,10,110,49,35,77,33,133"/><V72/><F72/><W74/><G104/><T97/><D39/><U32/><E107/><V22/><F34/><W6/><G110/><T7/><D71/><U38/><E113/><V85/><F120/><W81/><G0/><T96/><D5/><U135/><E32/><N who="3" m="12362" /><G31/><T86/><D86/><U122/><E122/><V41/><F8/><W116/><G116/><T79/><D79/><U88/><E135/><AGARI ba="0,0" hai="6,10,12,48,49,74,77,81,133,134,135" m="12362" machi="135" ten="30,1000,0" yaku="20,1" doraHai="125" who="3" fromWho="1" sc="79,0,414,-10,212,0,295,10" /><INIT seed="3,0,0,2,3,65" ten="79,404,212,305" oya="3" hai0="106,127,134,35,66,99,76,97,45,80,100,119,77" hai1="55,59,109,64,122,102,27,58,105,38,43,78,91" hai2="62,113,89,95,57,85,11,16,51,79,54,84,115" hai3="21,96,81,133,75,14,103,60,116,131,120,37,129"/><W15/><G120/><T2/><D45/><U125/><E122/><V22/><F11/><W46/><G116/><T18/><D18/><U17/><E109/><V68/><F79/><N who="3" m="44287" /><G21/><T94/><D2/><U121/><E121/><V8/><F8/><W73/><G73/><T24/><D24/><U130/><E78/><V71/><F85/><W1/><G1/><T124/><D66/><U72/><E72/><V48/><F48/><W49/><G37/><T126/><D35/><U83/><E38/><V3/><F3/><W31/><G31/><T25/><D25/><U40/><BYE who="0" /><E27/><V26/><REACH who="2" step="1"/><F51/><REACH who="2" ten="79,404,202,305" step="2"/><UN n0="%E3%81%8B%E3%82%8F%E3%81%A1%E3%82%83%E3%82%93%35%38" /><W104/><G49/><T34/><D34/><U111/><E111/><V63/><F63/><W50/><G60/><T19/><D19/><U90/><E64/><V114/><AGARI ba="0,1" hai="16,22,26,54,57,62,68,71,84,89,95,113,114,115" machi="114" ten="30,8000,1" yaku="1,1,0,1,52,2,54,1,53,0" doraHai="65" doraHaiUra="33" who="2" fromWho="2" sc="79,-20,404,-20,202,90,305,-40" owari="59,-44.1,384,48.4,292,9.2,265,-13.5" /></mjloggm>