<mjloggm ver="2.3"><GO type="225" lobby="0"/><UN n0="%6D%75%75%6D%75%72%61" n1="%E3%81%82%E3%81%B9%E3%81%99%E3%81%91" n2="%E5%B0%8F%E9%B3%A5%E9%81%8A%E7%B7%B4%E7%84%A1%32%31%E6%AD%B3" n3="%E7%B4%94%E6%BD%94%E3%83%94%E3%83%A9%E3%83%8B%E3%82%A2" dan="16,16,16,16" rate="2120.53,2147.57,2185.57,2149.59" sx="F,M,F,M"/><TAIKYOKU oya="0"/><INIT seed="0,0,0,0,5,121" ten="250,250,250,250" oya="0" hai0="68,48,14,63,71,21,45,26,39,132,112,56,47" hai1="114,44,80,111,97,58,134,43,135,76,110,20,72" hai2="113,101,129,1,67,81,27,40,16,115,59,102,118" hai3="88,130,127,8,78,52,94,85,109,84,53,41,89"/><T133/><D14/><U32/><E32/><V126/><F1/><W64/><G130/><T65/><D21/><U87/><E114/><V90/><F129/><W60/><G127/><T15/><D15/><U4/><E97/><V82/><F126/><W77/><G41/><N who="0" m="22719" /><D26/><U51/><E58/><V95/><F40/><W10/><G60/><T31/><D31/><U103/><E103/><N who="2" m="39435" /><F118/><W75/><G64/><T3/><D3/><U99/><E99/><N who="2" m="57847" /><F115/><W54/><G75/><T36/><D36/><U104/><E104/><V96/><F96/><W17/><G17/><T46/><D46/><U30/><E72/><V74/><F74/><W33/><G33/><T124/><D124/><U120/><E120/><V18/><F113/><W62/><G62/><T100/><D100/><U69/><E4/><V23/><F18/><W70/><G70/><T57/><D57/><U50/><E50/><V12/><F12/><W122/><G122/><T106/><D106/><U7/><E7/><V42/><F42/><W66/><G66/><T0/><D0/><U22/><E69/><N who="0" m="26697" /><D112/><U13/><E13/><V123/><F123/><W92/><G53/><AGARI ba="0,0" hai="47,48,53,56,63,65,132,133" m="26697,22719" machi="53" ten="30,2900,0" yaku="34,2" doraHai="121" who="0" fromWho="3" sc="250,29,250,0,250,0,250,-29" /><INIT seed="0,1,0,2,3,126" ten="279,250,250,221" oya="0" hai0="60,127,70,45,82,34,85,19,43,113,91,49,37" hai1="21,41,130,66,11,30,132,125,123,56,39,121,36" hai2="9,2,97,5,12,122,53,48,1,29,118,52,14" hai3="107,110,40,22,93,73,79,129,4,111,133,7,88"/><T46/><D113/><U67/><E125/><V74/><F122/><W38/><G107/><T71/><D127/><U62/><E11/><V98/><F74/><W103/><G103/><T128/><D34/><U120/><E132/><V20/><F118/><W116/><G116/><T99/><D128/><U87/><E130/><V69/><F69/><W89/><G129/><T101/><D60/><U75/><E75/><V83/><F83/><N who="3" m="45551" /><G133/><T119/><D19/><U95/><E67/><V27/><F1/><W59/><G22/><T108/><D108/><N who="3" m="41513" /><G59/><T50/><D119/><U57/><E57/><V96/><REACH who="2" step="1"/><F53/><REACH who="2" ten="279,250,240,221" step="2"/><W76/><G76/><T15/><D70/><U86/><E123/><V55/><F55/><W65/><G65/><T35/><D71/><U58/><E66/><V64/><F64/><W77/><G77/><T63/><D82/><U3/><E3/><V106/><F106/><W26/><G93/><T115/><D115/><U0/><E95/><V90/><F90/><N who="3" m="34923" /><G26/><T10/><D91/><U81/><E121/><V124/><F124/><W47/><AGARI ba="1,1" hai="4,7,38,40,47" m="34923,41513,45551" machi="47" ten="30,2000,0" yaku="14,1,54,1" doraHai="126" who="3" fromWho="3" sc="279,-11,250,-6,240,-6,221,33" /><INIT seed="1,0,0,3,1,25" ten="268,244,234,254" oya="1" hai0="77,64,48,115,24,135,75,7,34,80,113,4,107" hai1="51,89,101,0,109,98,15,128,2,27,86,66,129" hai2="133,91,81,71,53,49,47,12,37,1,106,102,33" hai3="20,30,57,60,114,56,131,18,35,120,74,52,79"/><U6/><E109/><V54/><F1/><W103/><G114/><T122/><D107/><U58/><E15/><V117/><F37/><W85/><G120/><T13/><D122/><U99/><E27/><V44/><F117/><W134/><G74/><T124/><D124/><U97/><E101/><V110/><F71/><W121/><G121/><T82/><D135/><U67/><E6/><V69/><F69/><W73/><G73/><T70/><D7/><U39/><E39/><V68/><F68/><W14/><G134/><T87/><D48/><U55/><E67/><V100/><F110/><W28/><G35/><T63/><D13/><U78/><E78/><V130/><F130/><N who="1" m="50281" /><E66/><V105/><F33/><W132/><G103/><T119/><D4/><U72/><E72/><V36/><F36/><W84/><G132/><T125/><D125/><U9/><E9/><V42/><F133/><W50/><G131/><T76/><REACH who="0" step="1"/><D119/><REACH who="0" ten="258,244,234,254" step="2"/><U40/><E40/><V31/><F42/><W38/><G38/><T10/><D10/><U59/><E59/><V88/><F49/><W95/><G56/><T83/><D83/><AGARI ba="0,1" hai="0,2,51,55,58,83,86,89,97,98,99" m="50281" machi="83" ten="30,1500,0" yaku="19,1" doraHai="25" who="1" fromWho="0" sc="258,-15,244,25,234,0,254,0" /><INIT seed="1,1,0,0,4,61" ten="243,269,234,254" oya="1" hai0="52,0,21,79,123,98,3,59,75,28,78,108,53" hai1="39,48,47,115,127,122,22,131,89,96,63,125,50" hai2="81,124,77,30,87,99,9,31,20,25,1,2,7" hai3="24,40,11,82,114,34,54,69,6,56,101,116,13"/><U66/><E122/><V26/><F124/><N who="1" m="47689" /><E115/><V10/><F99/><W57/><G69/><T119/><D119/><U36/><E131/><V80/><F80/><W37/><G114/><T88/><D123/><U64/><E22/><V113/><F113/><W73/><G116/><T84/><D75/><U65/><E50/><V135/><F135/><W109/><G109/><T107/><D108/><U32/><E32/><V134/><F134/><W19/><G101/><T49/><D3/><U117/><E117/><V102/><F102/><W111/><G40/><T94/><D0/><U95/><E63/><V110/><F110/><W17/><G37/><T29/><D107/><U12/><E12/><V120/><F120/><W60/><G111/><T68/><D68/><U18/><E18/><V128/><F128/><W100/><G100/><N who="0" m="60503" /><D53/><AGARI ba="1,0" hai="36,39,47,48,53,64,65,66,89,95,96" m="47689" machi="53" ten="30,11600,0" yaku="18,1,52,3" doraHai="61" who="1" fromWho="0" sc="243,-119,269,119,234,0,254,0" /><INIT seed="1,2,0,3,4,38" ten="124,388,234,254" oya="1" hai0="93,23,131,111,43,76,18,103,2,114,32,52,40" hai1="104,102,20,31,22,4,121,110,94,41,125,50,69" hai2="105,126,117,100,109,62,83,97,77,5,59,92,67" hai3="95,99,130,87,51,101,17,21,34,26,60,123,90"/><U47/><E121/><V118/><F109/><W79/><G130/><T116/><D114/><U63/><E104/><V84/><F126/><W120/><G34/><T80/><D32/><U85/><E125/><V8/><REACH who="2" step="1"/><F105/><REACH who="2" ten="124,388,224,254" step="2"/><W16/><G123/><T134/><D111/><U57/><E110/><V82/><F82/><W108/><G120/><T74/><D116/><U132/><E94/><V30/><F30/><W0/><G108/><T135/><D131/><U6/><E31/><V127/><F127/><W54/><G0/><AGARI ba="2,1" hai="0,5,8,59,62,67,77,83,84,92,97,100,117,118" machi="0" ten="30,3900,0" yaku="1,1,7,1,53,1" doraHai="38" doraHaiUra="81" who="2" fromWho="3" sc="124,0,388,0,224,55,254,-45" /><INIT seed="2,0,0,0,3,53" ten="124,388,279,209" oya="2" hai0="50,59,48,34,115,118,29,78,46,3,38,127,102" hai1="67,77,9,58,45,108,99,104,85,52,65,30,18" hai2="63,36,110,35,72,26,55,132,60,81,71,69,2" hai3="86,22,13,124,57,74,54,98,12,43,10,130,49"/><V93/><F2/><W109/><G74/><T44/><D115/><U8/><E108/><V126/><F110/><W84/><G109/><T25/><D127/><U82/><E30/><V27/><F36/><W4/><G124/><T40/><D118/><U122/><E122/><V42/><F126/><W1/><G130/><T23/><D3/><U7/><E45/><V24/><F42/><W64/><G43/><T14/><D78/><U101/><E18/><V97/><F35/><W94/><G64/><T70/><D70/><U80/><E82/><V103/><F132/><W37/><G37/><T96/><D38/><U11/><REACH who="1" step="1"/><E7/><REACH who="1" ten="124,378,279,209" step="2"/><V91/><F81/><W89/><G22/><T107/><D46/><U75/><E75/><V90/><F72/><W5/><G5/><T66/><D40/><U92/><E92/><V114/><F114/><W128/><G128/><T51/><D44/><U119/><E119/><V112/><F112/><W16/><G16/><T134/><D134/><U61/><AGARI ba="0,1" hai="8,9,11,52,58,61,65,67,77,80,85,99,101,104" machi="61" ten="30,7900,0" yaku="1,1,0,1,52,1,54,1,53,0" doraHai="53" doraHaiUra="39" who="1" fromWho="1" sc="124,-20,378,89,279,-39,209,-20" /><INIT seed="3,0,0,4,0,46" ten="104,467,240,189" oya="3" hai0="7,27,95,66,59,44,36,24,15,42,79,73,65" hai1="110,89,90,123,132,130,124,93,68,53,74,35,16" hai2="88,76,94,50,4,70,112,114,1,92,61,2,49" hai3="107,127,121,43,117,85,103,91,29,82,105,131,45"/><W86/><G117/><T134/><D134/><U96/><E16/><V75/><F94/><W72/><G121/><T125/><D125/><U87/><E53/><V71/><F76/><W37/><G127/><T33/><D33/><U30/><E30/><V122/><F75/><W62/><G72/><T5/><D79/><U39/><E90/><V101/><F101/><W17/><G131/><T57/><D73/><U118/><E123/><V3/><F4/><W77/><G103/><T14/><D36/><U119/><E39/><V116/><F116/><W69/><G29/><T133/><D133/><U9/><E9/><V58/><F122/><W38/><G37/><T34/><D34/><U18/><E18/><V6/><F6/><W102/><G102/><T55/><D95/><U40/><E93/><V81/><F81/><W48/><G38/><T115/><D115/><U129/><E74/><V83/><F83/><W28/><G28/><T67/><D67/><U56/><E35/><V19/><F114/><W64/><G17/><T60/><D44/><U54/><E124/><V12/><F112/><W25/><G25/><T100/><D100/><U32/><E32/><V0/><F71/><W22/><G22/><T120/><D120/><U47/><E68/><V41/><F70/><W135/><G135/><T111/><D111/><U126/><E110/><V99/><F41/><W113/><G113/><T8/><D42/><U26/><E132/><V20/><F0/><W128/><G128/><T31/><D31/><U63/><E130/><V104/><F104/><W98/><G77/><T51/><D65/><AGARI ba="0,0" hai="1,2,3,12,19,20,49,50,58,61,65,88,92,99" machi="65" ten="40,8000,1" yaku="6,1,52,2,54,1" doraHai="46" who="2" fromWho="0" sc="104,-80,467,0,240,80,189,0" owari="24,-47.6,467,56.7,320,12.0,189,-21.1" /></mjloggm>