<mjloggm ver="2.3"><GO type="225" lobby="0"/><UN n0="%E3%81%AF%E3%82%88%E3%81%8A%E3%81%98%E3%81%95%E3%82%93" n1="%E3%81%82%E3%81%84%E3%81%82%E3%81%8A%E3%81%84" n2="%66%72%61%63%74%75%72%65" n3="%E6%98%93%E5%88%A9%E8%96%A9%E4%BC%AF" dan="16,18,16,16" rate="2156.47,2221.67,2034.77,2132.86" sx="M,M,M,F"/><TAIKYOKU oya="0"/><INIT seed="0,0,0,3,4,3" ten="250,250,250,250" oya="0" hai0="20,42,91,7,35,120,103,12,48,81,2,73,133" hai1="31,38,29,84,69,64,40,111,122,75,0,30,78" hai2="102,19,97,62,110,106,123,94,90,134,121,104,68" hai3="58,127,115,39,32,1,114,117,99,15,96,119,9"/><T109/><D120/><U8/><E122/><V53/><F110/><W72/><G39/><T37/><D35/><U82/><E111/><V63/><F134/><W61/><G72/><T79/><D109/><U33/><E84/><V118/><F118/><W74/><G74/><T125/><D133/><U59/><E59/><V83/><F104/><W87/><G32/><T56/><D125/><U24/><E64/><V4/><F63/><W27/><G1/><T52/><D103/><U108/><E108/><V112/><F112/><W135/><G127/><T66/><D66/><U10/><E10/><V25/><F83/><W55/><G27/><T95/><D20/><U65/><E65/><V129/><F68/><W92/><G135/><T107/><D107/><U100/><E100/><V28/><F121/><W88/><G117/><T86/><D12/><U22/><E22/><V17/><F123/><W43/><G43/><T36/><REACH who="0" step="1"/><D42/><REACH who="0" ten="240,250,250,250" step="2"/><U45/><REACH who="1" step="1"/><E69/><REACH who="1" ten="240,240,250,250" step="2"/><V54/><F102/><W132/><G119/><T126/><D126/><U67/><E67/><V14/><F106/><W76/><G132/><T13/><D13/><U131/><E131/><V49/><F129/><W89/><G15/><T44/><D44/><U34/><E34/><V21/><F14/><W71/><G71/><T6/><D6/><AGARI ba="0,2" hai="0,6,8,24,29,30,31,33,38,40,45,75,78,82" machi="6" ten="40,8000,1" yaku="1,1,25,2,52,1,53,0" doraHai="3" doraHaiUra="57" who="1" fromWho="0" sc="240,-80,240,100,250,0,250,0" /><INIT seed="1,0,0,1,3,125" ten="160,340,250,250" oya="1" hai0="107,73,60,94,16,114,130,28,132,105,25,49,23" hai1="65,71,40,83,63,57,7,0,64,8,123,12,30" hai2="78,120,84,117,110,126,37,32,74,38,102,82,68" hai3="87,6,72,115,109,118,76,26,1,9,91,97,29"/><U43/><E123/><V44/><F120/><W51/><G115/><T55/><D114/><U47/><E30/><V113/><F117/><W42/><G109/><T58/><D132/><U100/><E100/><V3/><F113/><W5/><G5/><T33/><D73/><U98/><E98/><V70/><F110/><W81/><G118/><T34/><D34/><U31/><E31/><V101/><F32/><W21/><G97/><T88/><D130/><U86/><E0/><V66/><F74/><W13/><G1/><T35/><D35/><U48/><E71/><V93/><F38/><W99/><G72/><T4/><D4/><U75/><E75/><V17/><F68/><W129/><G129/><T119/><D119/><U135/><E135/><V18/><F3/><W95/><REACH who="3" step="1"/><G51/><REACH who="3" ten="160,340,250,240" step="2"/><T27/><D49/><U79/><REACH who="1" step="1"/><E43/><AGARI ba="0,1" hai="6,9,13,21,26,29,42,43,76,81,87,91,95,99" machi="43" ten="40,5200,0" yaku="1,1,2,1,8,1,53,0" doraHai="125" doraHaiUra="67" who="3" fromWho="1" sc="160,0,340,-52,250,0,240,62" /><INIT seed="2,0,0,3,0,70" ten="160,288,250,302" oya="2" hai0="48,92,134,123,105,31,129,41,44,111,102,114,43" hai1="52,45,3,106,85,93,107,58,101,7,126,124,82" hai2="81,0,57,127,96,104,118,94,40,30,22,25,35" hai3="53,98,130,54,78,131,12,87,74,83,69,16,77"/><V10/><F118/><W18/><G69/><T95/><D114/><U20/><E45/><V27/><F127/><N who="1" m="48681" /><E20/><V112/><F112/><W17/><G12/><T90/><D123/><U116/><E116/><V62/><F104/><W11/><G11/><T89/><D105/><U67/><E67/><V97/><F81/><W28/><G28/><T76/><D111/><U39/><E39/><V103/><F96/><W113/><G113/><T110/><D110/><U29/><E29/><V4/><F40/><W80/><REACH who="3" step="1"/><G98/><REACH who="3" ten="160,288,250,292" step="2"/><T63/><D31/><U72/><E3/><V71/><F71/><W36/><G36/><T84/><D129/><AGARI ba="0,1" hai="16,17,18,53,54,74,77,78,80,83,87,129,130,131" machi="129" ten="40,5200,0" yaku="1,1,19,1,54,1,53,0" doraHai="70" doraHaiUra="99" who="3" fromWho="0" sc="160,-52,288,0,250,0,292,62" /><INIT seed="3,0,0,5,1,17" ten="108,288,250,354" oya="3" hai0="102,119,13,46,27,8,100,22,42,117,120,133,49" hai1="121,81,54,75,56,69,3,97,107,40,99,67,71" hai2="135,80,53,123,72,134,68,61,125,43,111,62,103" hai3="73,87,104,30,33,63,91,12,34,47,84,86,116"/><W60/><G73/><T110/><D110/><U15/><E3/><V88/><F103/><W28/><G104/><T130/><D130/><U92/><E121/><V10/><F43/><W79/><G47/><T4/><D133/><N who="2" m="50698" /><F72/><W16/><G34/><T98/><D120/><U18/><E40/><V74/><F74/><W132/><G33/><T59/><D100/><U85/><E75/><V127/><F111/><W124/><G124/><N who="2" m="47689" /><F123/><W114/><G114/><T93/><REACH who="0" step="1"/><D59/><REACH who="0" ten="98,288,250,354" step="2"/><U21/><E56/><V24/><F68/><W89/><G132/><T6/><D6/><U20/><E71/><V118/><F118/><W115/><G116/><T50/><D50/><U109/><E69/><V23/><F53/><W11/><G63/><T32/><D32/><U78/><E54/><V39/><F39/><W38/><G60/><T25/><D25/><U65/><E109/><V108/><F108/><W52/><G52/><T1/><D1/><U131/><E67/><V57/><F57/><W45/><G38/><T51/><D51/><U36/><E65/><V105/><F105/><W35/><G35/><T129/><D129/><U64/><E131/><V44/><F44/><W76/><G45/><T14/><D14/><U126/><E126/><V70/><F70/><W55/><G12/><T83/><D83/><U58/><E36/><V66/><F66/><W41/><G115/><T0/><D0/><U26/><E107/><V48/><F48/><W9/><G55/><T5/><D5/><U122/><E122/><V19/><F10/><W31/><G9/><T113/><D113/><U77/><E64/><RYUUKYOKU ba="0,1" sc="98,15,288,-15,250,15,354,-15" hai0="4,8,13,22,27,42,46,49,93,98,102,117,119" hai2="19,23,24,61,62,80,88" owari="113,-38.7,273,7.3,265,-13.5,349,44.9" /></mjloggm>