<mjloggm ver="2.3"><GO type="225" lobby="0"/><UN n0="%E3%83%AD%E3%83%83%E3%83%86%E9%9B%80%E7%90%83" n1="%E9%81%85%E5%88%BB%E3%81%AE%E3%83%97%E3%83%AA%E3%83%B3%E3%82%B9%E2%99%AA" n2="%45%6C%79%73%69%75%6D" n3="%54%4F%52" dan="17,16,17,17" rate="2264.22,2176.73,2127.15,2237.83" sx="M,F,F,M"/><TAIKYOKU oya="0"/><INIT seed="0,0,0,0,3,8" ten="250,250,250,250" oya="0" hai0="124,1,28,71,85,92,118,53,44,100,67,57,102" hai1="111,105,41,38,40,104,75,77,20,36,9,51,132" hai2="30,56,25,18,5,59,43,119,125,95,122,96,24" hai3="116,91,107,81,93,74,31,88,64,26,82,60,58"/><T11/><D118/><U32/><E51/><V117/><F122/><W16/><G107/><T37/><D124/><U73/><E20/><N who="2" m="13335" /><F43/><W4/><G4/><T126/><D126/><U86/><E86/><V7/><F125/><W17/><G116/><N who="2" m="44617" /><F56/><W112/><G112/><T47/><D28/><U55/><E55/><V39/><F59/><W90/><G93/><T42/><D47/><U87/><E87/><V115/><F39/><W127/><G127/><T130/><D130/><U101/><E9/><V114/><F95/><W3/><G3/><T135/><D135/><U52/><E52/><V80/><F80/><W120/><G120/><T72/><D72/><U21/><E21/><N who="2" m="15663" /><F96/><W131/><G131/><T34/><D92/><U134/><E77/><V6/><AGARI ba="0,0" hai="5,6,7,114,115" m="15663,44617,13335" machi="6" ten="30,4000,0" yaku="12,1,34,2" doraHai="8" who="2" fromWho="2" sc="250,-20,250,-10,250,40,250,-10" /><INIT seed="1,0,0,3,1,67" ten="230,240,290,240" oya="1" hai0="66,69,114,111,83,43,1,28,47,76,73,56,100" hai1="94,116,8,93,102,53,118,19,72,68,92,5,109" hai2="60,95,128,74,2,17,33,125,87,75,88,45,115" hai3="63,79,6,107,98,82,89,20,119,24,32,54,48"/><U29/><E72/><V80/><F128/><W39/><G39/><N who="0" m="22015" /><D56/><U38/><E38/><V27/><F125/><W14/><G119/><T50/><D50/><U30/><E102/><V129/><F129/><W130/><G130/><T110/><D114/><U35/><E109/><N who="0" m="41481" /><D28/><U10/><E53/><V15/><F2/><W16/><G63/><N who="0" m="40159" /><D100/><U65/><E19/><V22/><F60/><W57/><G107/><T13/><D13/><U133/><E35/><V36/><F115/><W44/><G32/><T52/><D52/><U126/><E126/><V9/><F33/><W4/><G14/><T122/><D122/><U127/><E127/><V31/><REACH who="2" step="1"/><F95/><REACH who="2" ten="230,240,280,240" step="2"/><W81/><G6/><T134/><D134/><U90/><E133/><V97/><F97/><W55/><G4/><T84/><D1/><U18/><E5/><V91/><F91/><W101/><G79/><T96/><D96/><U26/><E90/><V40/><AGARI ba="0,1" hai="9,15,17,22,27,31,36,40,45,74,75,80,87,88" machi="40" ten="30,7900,0" yaku="1,1,0,1,54,1,53,1" doraHai="67" doraHaiUra="41" who="2" fromWho="2" sc="230,-20,240,-39,280,89,240,-20" /><INIT seed="2,0,0,3,4,35" ten="210,201,369,220" oya="2" hai0="113,2,130,74,42,93,37,85,118,70,11,97,82" hai1="132,73,22,89,116,63,80,131,57,24,33,117,114" hai2="88,101,16,13,75,76,100,110,8,27,86,66,78" hai3="31,32,14,46,95,96,94,12,6,128,17,59,108"/><V102/><F110/><W111/><G128/><T98/><D113/><U7/><E114/><V62/><F27/><W26/><G59/><T81/><D70/><U107/><E107/><V125/><F125/><W40/><G6/><N who="0" m="1495" /><D130/><U77/><E131/><V126/><F126/><W36/><G94/><T67/><D67/><U90/><E132/><V20/><F8/><W104/><G104/><T69/><D69/><U45/><E33/><V47/><F47/><W129/><G129/><T109/><D93/><U4/><E45/><V112/><F75/><W103/><REACH who="3" step="1"/><G12/><REACH who="3" ten="210,201,369,210" step="2"/><T84/><D109/><U87/><E7/><V49/><F112/><W30/><G30/><T135/><D135/><U54/><E4/><V19/><F19/><W119/><G119/><T10/><D118/><U92/><E90/><V65/><F88/><W44/><G44/><T133/><D133/><U53/><E53/><V61/><F66/><W50/><G50/><T91/><D37/><U124/><E124/><V83/><F49/><W71/><G71/><T51/><D51/><U58/><E58/><V18/><F65/><W25/><G25/><T127/><D127/><U39/><E39/><V134/><F134/><W105/><G105/><T56/><D56/><U72/><E117/><V60/><F18/><W55/><G55/><T123/><D42/><U121/><E116/><V5/><F5/><W29/><G29/><T115/><D115/><U43/><E43/><V21/><F13/><W120/><G120/><T79/><D123/><U38/><E121/><V64/><F64/><W9/><AGARI ba="0,1" hai="9,14,17,26,31,32,36,40,46,95,96,103,108,111" machi="9" ten="30,7900,0" yaku="1,1,0,1,53,2" doraHai="35" doraHaiUra="122" who="3" fromWho="3" sc="210,-20,201,-20,369,-39,210,89" /><INIT seed="3,0,0,2,4,29" ten="190,181,330,299" oya="3" hai0="75,65,2,21,68,112,26,11,70,51,92,76,106" hai1="115,73,110,129,9,81,71,87,38,32,50,0,118" hai2="1,130,125,124,43,122,100,23,31,107,72,48,90" hai3="133,14,24,64,91,111,34,95,8,63,41,67,108"/><W93/><G133/><T135/><D106/><U98/><RYUUKYOKU type="yao9" ba="0,0" sc="190,0,181,0,330,0,299,0" hai1="0,9,32,38,50,71,73,81,87,98,110,115,118,129" /><INIT seed="3,1,0,0,4,0" ten="190,181,330,299" oya="3" hai0="11,58,21,90,18,76,31,19,93,123,5,95,100" hai1="89,132,27,9,14,52,63,28,72,45,80,73,29" hai2="99,133,96,10,53,129,13,110,67,1,94,126,120" hai3="54,37,2,91,135,104,61,66,106,98,42,84,64"/><W118/><G118/><T74/><D123/><U131/><E132/><V134/><F110/><W59/><G135/><N who="2" m="51721" /><F1/><W87/><G2/><T17/><D74/><U62/><E131/><V88/><F129/><W122/><G122/><T6/><D76/><U34/><E73/><V4/><F120/><W121/><G121/><T116/><D116/><U25/><E72/><V111/><F111/><W23/><G37/><T115/><D115/><U114/><E114/><V35/><F35/><W55/><G42/><T20/><D58/><N who="1" m="35143" /><E63/><V22/><F126/><W128/><G128/><T79/><D79/><U86/><E45/><V75/><F75/><W83/><G55/><T130/><D130/><U97/><E97/><N who="2" m="57543" /><F67/><W50/><G66/><T112/><D112/><U125/><E125/><V39/><F39/><W117/><G117/><T8/><D100/><U113/><E113/><V109/><F109/><W92/><G23/><N who="0" m="8779" /><D31/><N who="1" m="11851" /><E34/><V57/><F22/><W85/><REACH who="3" step="1"/><G83/><REACH who="3" ten="190,181,330,289" step="2"/><T30/><D30/><U49/><E49/><AGARI ba="1,1" hai="4,10,13,49,53,57,96,99" m="57543,51721" machi="49" ten="30,3900,0" yaku="20,1,52,1,54,1" doraHai="0" who="2" fromWho="1" sc="190,0,181,-42,330,52,289,0" owari="190,-21.0,139,-36.1,382,48.2,289,8.9" /></mjloggm>