<mjloggm ver="2.3"><GO type="225" lobby="0"/><UN n0="%E5%8D%A0%E3%81%84%E5%B8%AB%E8%A3%8F%E3%81%AA%E3%81%84%E3%81%97" n1="%47%68%6F%73%74%55%30" n2="%E3%83%8F%E3%83%B3%E3%83%89%E3%83%A9%E3%83%BC%E3%83%BB%E3%83%AF%E3%83%B3" n3="%E5%A4%9C%E5%85%89%E5%A4%A9%E6%A5%BC" dan="17,17,17,17" rate="2184.41,2126.55,2173.64,2203.55" sx="M,M,M,M"/><TAIKYOKU oya="0"/><INIT seed="0,0,0,5,2,11" ten="250,250,250,250" oya="0" hai0="2,95,77,52,90,78,42,25,57,34,115,4,20" hai1="108,82,15,122,65,51,110,125,105,111,72,85,26" hai2="76,60,18,112,79,98,62,80,109,56,63,120,38" hai3="9,87,37,46,49,33,74,104,96,129,100,113,68"/><T88/><D115/><U58/><E122/><V123/><F112/><W36/><G113/><T6/><D34/><U66/><E105/><V12/><F38/><W135/><G33/><T27/><D42/><U118/><E72/><V102/><F109/><W93/><G68/><T5/><D2/><U73/><E73/><V13/><F123/><W131/><G74/><T23/><D23/><U107/><E107/><V84/><F120/><W117/><G117/><T53/><D25/><U114/><E114/><V50/><F79/><W47/><G135/><T39/><D39/><U94/><E125/><V59/><F50/><W132/><G132/><T97/><D90/><U61/><E118/><V54/><F18/><W29/><G29/><T30/><D53/><U31/><E51/><AGARI ba="0,0" hai="4,5,6,20,27,30,51,52,57,77,78,88,95,97" machi="51" ten="40,7700,0" yaku="8,1,54,2" doraHai="11" who="0" fromWho="1" sc="250,77,250,-77,250,0,250,0" /><INIT seed="0,1,0,1,3,36" ten="327,173,250,250" oya="0" hai0="86,101,12,88,47,60,24,84,7,124,27,116,57" hai1="53,72,77,83,20,13,70,21,125,102,131,14,108" hai2="10,71,73,64,110,23,115,26,61,122,85,89,39" hai3="76,93,135,129,15,120,17,3,11,32,97,58,118"/><T41/><D116/><U134/><E108/><V94/><F122/><W87/><G118/><T81/><D124/><U92/><E125/><V95/><F115/><W2/><G120/><T54/><D101/><U113/><E70/><V106/><F106/><W126/><G126/><T52/><D54/><U105/><E134/><V25/><F110/><W9/><G135/><T49/><D7/><U63/><E105/><V59/><F73/><W62/><G32/><T99/><D99/><U5/><E131/><V44/><F10/><W121/><G129/><T38/><D12/><U67/><E53/><V123/><F123/><W4/><G121/><T107/><D107/><U43/><E13/><V50/><F95/><W56/><G3/><T31/><D31/><U19/><E5/><V74/><F74/><W8/><G8/><T22/><D22/><U16/><E113/><V117/><F117/><W35/><G35/><T55/><D84/><U40/><E67/><V111/><F111/><W112/><G62/><T133/><D133/><U66/><E92/><V109/><F109/><W98/><G98/><T51/><D38/><U96/><E96/><V29/><F39/><W65/><G65/><T119/><D119/><U46/><E102/><V18/><F71/><W130/><G130/><T37/><D37/><U80/><E46/><AGARI ba="1,0" hai="24,27,41,46,47,49,51,52,55,57,60,81,86,88" machi="46" ten="30,12000,1" yaku="7,1,8,1,52,1,54,2" doraHai="36" who="0" fromWho="1" sc="327,123,173,-123,250,0,250,0" /><INIT seed="0,2,0,5,3,45" ten="450,50,250,250" oya="0" hai0="40,115,112,18,86,72,111,66,65,7,9,20,30" hai1="75,88,29,27,22,77,19,11,95,68,117,26,5" hai2="55,107,133,132,74,38,56,42,89,71,135,99,87" hai3="61,121,57,49,119,82,62,48,131,58,94,126,39"/><T43/><D72/><U116/><E68/><V128/><F71/><W120/><G119/><T60/><D30/><U41/><E41/><V63/><F74/><W91/><G39/><T130/><D130/><U90/><E77/><V21/><F128/><W93/><G131/><T35/><D35/><U64/><E64/><V100/><F21/><W0/><G82/><T6/><D111/><U13/><E75/><V37/><REACH who="2" step="1"/><F42/><REACH who="2" ten="450,50,240,250" step="2"/><W28/><G126/><T78/><D20/><U31/><E116/><V125/><F125/><W106/><G28/><T73/><D40/><U85/><E117/><V59/><F59/><W103/><G106/><T124/><D43/><U109/><E109/><V83/><AGARI ba="2,1" hai="37,38,55,56,63,83,87,89,99,100,107,132,133,135" machi="83" ten="30,4000,0" yaku="1,1,0,1,20,1,53,0" doraHai="45" doraHaiUra="16" who="2" fromWho="2" sc="450,-22,50,-12,240,56,250,-12" /><INIT seed="1,0,0,4,4,101" ten="428,38,296,238" oya="1" hai0="33,13,56,17,103,21,134,117,129,64,79,49,118" hai1="94,71,124,76,110,6,89,11,75,22,36,52,12" hai2="66,119,73,43,30,24,42,0,48,72,1,77,70" hai3="106,8,60,88,128,35,61,50,111,113,31,7,108"/><U126/><E71/><V74/><F119/><W104/><G113/><T15/><D33/><U116/><E116/><V84/><F66/><W63/><G128/><T127/><D129/><U65/><E65/><V86/><F70/><W14/><G31/><T123/><D134/><U68/><E68/><V4/><F4/><W58/><G35/><T102/><D79/><U57/><E36/><V16/><F77/><W92/><G58/><T130/><D130/><U93/><E93/><V10/><F48/><W20/><G20/><T132/><D132/><U32/><E32/><V39/><F39/><W37/><G50/><T81/><D49/><U41/><E41/><V55/><F55/><W91/><G37/><T46/><D64/><U83/><E110/><N who="3" m="42026" /><G91/><T29/><D29/><U40/><E40/><V80/><F30/><W125/><G125/><T99/><D127/><U28/><E28/><V97/><F43/><W25/><G25/><T51/><D21/><U85/><REACH who="1" step="1"/><E22/><REACH who="1" ten="428,28,296,238" step="2"/><V98/><F42/><W5/><G7/><T78/><D118/><U62/><AGARI ba="0,1" hai="6,11,12,52,57,62,75,76,83,85,89,94,124,126" machi="62" ten="30,12000,1" yaku="1,1,2,1,0,1,54,1,53,1" doraHai="101" doraHaiUra="82" who="1" fromWho="1" sc="428,-40,28,130,296,-40,238,-40" /><INIT seed="1,1,0,5,4,26" ten="388,158,256,198" oya="1" hai0="117,100,86,33,20,44,18,25,93,122,74,75,108" hai1="81,120,84,134,121,28,77,116,5,41,13,72,1" hai2="68,30,95,24,11,31,32,98,70,128,130,3,39" hai3="15,60,63,16,9,17,110,125,59,56,78,46,52"/><U129/><E116/><V2/><F39/><W10/><G110/><T105/><D117/><U83/><E1/><N who="2" m="11" /><F11/><W119/><G119/><T123/><D108/><U69/><E69/><N who="2" m="26731" /><F24/><W21/><G125/><T79/><D105/><U91/><E41/><V82/><F82/><W54/><G78/><T101/><D33/><U40/><E40/><V50/><F50/><W115/><G115/><T0/><D0/><U118/><E118/><V58/><F58/><W62/><G62/><T8/><D44/><U48/><E48/><V43/><F43/><W22/><G46/><T53/><D8/><U106/><E106/><V126/><F32/><W96/><G96/><T133/><D53/><U85/><E134/><V104/><F104/><W135/><G135/><T51/><D51/><U102/><E102/><N who="0" m="39529" /><D133/><U76/><E5/><V88/><F126/><W94/><G94/><T103/><D79/><U64/><E64/><V73/><F73/><W131/><G131/><AGARI ba="1,0" hai="30,31,88,95,98,128,130,131" m="26731,11" machi="131" ten="40,8000,1" yaku="19,1,52,2,54,1" doraHai="26" who="2" fromWho="3" sc="388,0,158,0,256,83,198,-83" /><INIT seed="2,0,0,3,5,64" ten="388,158,339,115" oya="2" hai0="95,120,55,103,130,67,134,33,125,3,112,80,8" hai1="91,68,19,58,104,75,110,114,74,116,87,85,62" hai2="69,16,82,123,88,39,34,99,83,52,128,5,78" hai3="124,105,37,2,108,119,117,126,1,60,79,135,121"/><V54/><F123/><W36/><G79/><T98/><D120/><U102/><E114/><V51/><F39/><N who="3" m="14923" /><G121/><T122/><D112/><U73/><E116/><N who="3" m="44618" /><G105/><T44/><D130/><U56/><E110/><V17/><F34/><W72/><G108/><T49/><D134/><U12/><E68/><V63/><F128/><W46/><G46/><T70/><D33/><U22/><E87/><N who="2" m="48599" /><F69/><W9/><G9/><T4/><D122/><U92/><REACH who="1" step="1"/><E62/><REACH who="1" ten="388,148,339,115" step="2"/><V48/><F63/><W94/><G60/><T81/><D70/><U96/><AGARI ba="0,1" hai="12,19,22,56,58,73,74,75,85,91,92,96,102,104" machi="96" ten="40,5200,0" yaku="1,1,2,1,0,1,53,0" doraHai="64" doraHaiUra="129" who="1" fromWho="1" sc="388,-13,148,62,339,-26,115,-13" /><INIT seed="3,0,0,0,1,67" ten="375,210,313,102" oya="3" hai0="107,53,14,21,27,94,16,95,114,18,52,32,70" hai1="47,103,22,51,24,60,118,125,93,23,110,57,33" hai2="1,112,92,55,131,66,120,19,9,50,54,29,133" hai3="65,10,28,115,87,46,89,101,56,0,85,59,76"/><W97/><G115/><T74/><D107/><U106/><E110/><V117/><F117/><W124/><G124/><T77/><D70/><U81/><E106/><V135/><F112/><W104/><G28/><T91/><D114/><U99/><E33/><V43/><F131/><W40/><G65/><T126/><D126/><U119/><E125/><V36/><F120/><W71/><G71/><T58/><D74/><U17/><E81/><V48/><F29/><W111/><G111/><T35/><D53/><N who="2" m="19978" /><F92/><W6/><G76/><T41/><D94/><U37/><E22/><V80/><F80/><W8/><G8/><T96/><D41/><U38/><E51/><N who="2" m="19499" /><F19/><W68/><G68/><T11/><D77/><U116/><E47/><N who="2" m="24039" /><F9/><W73/><G73/><T61/><AGARI ba="0,0" hai="11,14,16,18,21,27,32,35,52,58,61,91,95,96" machi="61" ten="20,12000,2" yaku="0,1,7,1,25,2,54,2" doraHai="67" who="0" fromWho="0" sc="375,120,210,-30,313,-30,102,-60" owari="495,59.5,180,-22.0,283,8.3,42,-45.8" /></mjloggm>