<mjloggm ver="2.3"><GO type="225" lobby="0"/><UN n0="%E8%90%BD%E6%97%A5" n1="%E3%83%B4%E3%82%A3%E3%83%AF%E3%82%B3%E3%82%B0%E3%83%8B" n2="%E3%81%8C%E3%81%9F" n3="%E3%81%B5%E3%81%98%E3%81%8B%E3%81%A4" dan="17,16,16,16" rate="2209.17,2157.83,2132.45,2153.55" sx="F,M,F,M"/><TAIKYOKU oya="0"/><INIT seed="0,0,0,1,1,9" ten="250,250,250,250" oya="0" hai0="53,49,14,10,116,97,27,5,96,41,66,99,33" hai1="112,101,17,15,4,115,44,26,120,95,16,81,37" hai2="11,62,76,0,64,54,58,90,123,132,102,20,21" hai3="25,108,30,55,32,122,135,45,77,111,3,80,71"/><T47/><D116/><U117/><E117/><V88/><F123/><W113/><G122/><T74/><D74/><U18/><E120/><V86/><F132/><W114/><G3/><T35/><D66/><U36/><E81/><V110/><F110/><N who="3" m="42027" /><G71/><T73/><D73/><U57/><E26/><V40/><F102/><W67/><G67/><T56/><REACH who="0" step="1"/><D27/><REACH who="0" ten="240,250,250,250" step="2"/><U61/><E115/><V118/><F118/><W78/><G135/><T85/><D85/><U125/><E112/><N who="3" m="43114" /><G80/><T127/><D127/><U131/><E125/><V7/><F64/><W89/><G89/><T105/><D105/><U29/><E37/><AGARI ba="0,1" hai="5,10,14,33,35,37,41,47,49,53,56,96,97,99" machi="37" ten="40,7700,0" yaku="1,1,52,1,53,1" doraHai="9" doraHaiUra="50" who="0" fromWho="1" sc="240,87,250,-77,250,0,250,0" /><INIT seed="0,1,0,3,5,95" ten="327,173,250,250" oya="0" hai0="13,87,9,129,112,125,118,106,52,114,107,63,50" hai1="76,117,79,78,123,26,89,43,59,113,99,120,71" hai2="30,0,80,54,45,44,68,3,70,111,1,103,94" hai3="116,40,42,48,22,57,65,128,69,77,12,17,72"/><T101/><D118/><U6/><E117/><V18/><F111/><W25/><G116/><T5/><D125/><U55/><E71/><V92/><F30/><W126/><G128/><T60/><D129/><U105/><E113/><V75/><F18/><W46/><G126/><T132/><D132/><U86/><E6/><V34/><F34/><W62/><G72/><T31/><D31/><U7/><E7/><V100/><F75/><W115/><G77/><T15/><D87/><U74/><E74/><V127/><F127/><W90/><G115/><T51/><D5/><U91/><E43/><V84/><F54/><W109/><G109/><T135/><D101/><U29/><E105/><V102/><F80/><W82/><G69/><N who="2" m="26729" /><F84/><N who="3" m="50455" /><G40/><T39/><D135/><U11/><E11/><V81/><F81/><W16/><G17/><T35/><D9/><U64/><E64/><V66/><F66/><W56/><G56/><T67/><D67/><U36/><E86/><V4/><F4/><W14/><AGARI ba="1,0" hai="12,14,16,22,25,42,46,48,57,62,65" m="50455" machi="14" ten="30,2000,0" yaku="8,1,54,1" doraHai="95" who="3" fromWho="3" sc="327,-11,173,-6,250,-6,250,23" /><INIT seed="1,0,0,3,1,105" ten="316,167,244,273" oya="1" hai0="87,92,36,103,107,16,101,70,38,43,13,114,134" hai1="119,122,1,42,3,25,106,111,31,91,72,93,126" hai2="65,89,69,61,17,67,74,95,5,46,108,120,39" hai3="99,121,44,20,27,23,117,54,123,86,115,128,18"/><U98/><E119/><V11/><F120/><W96/><G117/><T110/><D114/><U62/><E122/><V73/><F67/><W90/><G115/><T22/><D70/><U83/><E126/><V113/><F113/><W135/><G128/><T125/><D110/><U78/><E111/><V97/><F108/><W47/><G135/><T51/><D134/><U28/><E42/><V34/><F34/><W53/><G123/><T116/><D116/><U77/><E77/><V6/><F17/><W29/><G47/><T41/><D107/><U88/><E106/><V24/><F24/><W60/><G54/><T71/><D71/><U0/><E62/><V37/><F6/><W129/><G129/><T94/><D125/><U112/><E112/><V50/><F39/><W52/><G53/><T64/><D64/><U30/><REACH who="1" step="1"/><E91/><REACH who="1" ten="316,157,244,273" step="2"/><V132/><F132/><W55/><G60/><T40/><D51/><U21/><AGARI ba="0,1" hai="0,1,3,21,25,28,30,31,72,78,83,88,93,98" machi="21" ten="30,12000,1" yaku="1,1,2,1,0,1,52,1,54,1,53,0" doraHai="105" doraHaiUra="82" who="1" fromWho="1" sc="316,-40,157,130,244,-40,273,-40" /><INIT seed="1,1,0,5,0,90" ten="276,287,204,233" oya="1" hai0="116,75,59,27,126,63,71,112,102,20,50,99,123" hai1="70,96,14,30,41,39,88,65,67,46,37,28,80" hai2="115,49,134,17,19,95,76,13,81,120,22,45,108" hai3="9,74,60,118,79,29,32,62,121,130,23,54,52"/><U68/><E37/><V78/><F120/><W107/><G121/><T69/><D123/><U55/><E68/><V117/><F117/><W18/><G118/><T85/><D116/><U8/><E55/><V2/><F2/><W44/><G107/><T84/><D75/><U125/><E125/><V91/><F108/><W48/><G130/><T61/><D112/><U113/><E113/><V15/><F134/><W97/><G9/><T16/><D126/><U43/><E43/><V104/><F104/><W135/><G135/><T5/><D5/><U94/><E80/><V11/><F115/><W34/><G97/><T42/><D71/><U72/><E72/><V119/><F119/><W89/><G89/><T105/><D69/><U64/><REACH who="1" step="1"/><E70/><REACH who="1" ten="276,277,204,233" step="2"/><V21/><F81/><W36/><G54/><T87/><REACH who="0" step="1"/><D59/><REACH who="0" ten="266,277,204,233" step="2"/><U73/><E73/><V122/><F122/><W58/><G74/><T0/><D0/><U101/><E101/><V33/><F33/><W111/><G34/><T6/><D6/><AGARI ba="1,2" hai="6,8,14,28,30,39,41,46,64,65,67,88,94,96" machi="6" ten="40,7700,0" yaku="1,1,52,1,54,1,53,0" doraHai="90" doraHaiUra="47" who="1" fromWho="0" sc="266,-80,277,100,204,0,233,0" /><INIT seed="1,2,0,5,2,100" ten="186,377,204,233" oya="1" hai0="15,99,27,38,19,0,50,104,42,57,30,96,36" hai1="93,47,127,81,34,135,7,68,16,134,84,54,71" hai2="87,29,109,70,110,45,111,44,18,23,95,107,113" hai3="79,8,52,37,118,12,106,86,102,92,56,76,43"/><U129/><E34/><V78/><F70/><W67/><G67/><T122/><D0/><U94/><E127/><V66/><F113/><W6/><G118/><T39/><D122/><U114/><E114/><V130/><F66/><W46/><G106/><T72/><D72/><U77/><E129/><V119/><F119/><W4/><G4/><T53/><D42/><U10/><E68/><V40/><F130/><W61/><REACH who="3" step="1"/><G86/><REACH who="3" ten="186,377,204,223" step="2"/><T60/><D104/><U131/><E131/><V105/><F107/><W31/><G31/><T117/><D117/><U64/><E7/><V25/><F105/><W103/><G103/><T9/><REACH who="0" step="1"/><D60/><REACH who="0" ten="176,377,204,223" step="2"/><U58/><E135/><V133/><F133/><W2/><G2/><T22/><AGARI ba="2,2" hai="9,15,19,22,27,30,36,38,39,50,53,57,96,99" machi="22" ten="30,4000,0" yaku="1,1,2,1,0,1,53,0" doraHai="100" doraHaiUra="97" who="0" fromWho="0" sc="176,66,377,-22,204,-12,223,-12" /><INIT seed="2,0,0,4,3,40" ten="242,355,192,211" oya="2" hai0="80,36,127,72,100,129,15,123,44,98,91,111,96" hai1="4,35,86,1,46,71,27,117,37,116,132,112,51" hai2="64,122,88,89,75,3,81,54,128,7,25,97,49" hai3="38,41,12,32,95,58,23,113,119,26,77,65,18"/><V11/><F122/><W78/><G119/><T66/><D123/><U105/><E86/><V102/><F128/><W56/><G113/><T135/><D66/><U43/><E112/><V74/><F64/><W13/><G95/><T114/><D114/><U110/><E51/><V70/><F70/><W63/><G58/><T21/><D129/><U115/><E115/><V107/><F25/><W47/><REACH who="3" step="1"/><G12/><REACH who="3" ten="242,355,192,201" step="2"/><T53/><D15/><U92/><E116/><V52/><F81/><W106/><G106/><T82/><D82/><U85/><E105/><V120/><F120/><W61/><G61/><T109/><D80/><U48/><E92/><V84/><F54/><W39/><G39/><T69/><D36/><U133/><E37/><V108/><F108/><W126/><G126/><T10/><D127/><U28/><E110/><V104/><F104/><W33/><G33/><T9/><D69/><U130/><E71/><V76/><F76/><W20/><G20/><T62/><D21/><U60/><E117/><V68/><F68/><W8/><G8/><T29/><D10/><U22/><E35/><V118/><F118/><W2/><G2/><T73/><D9/><U87/><E1/><V99/><F99/><W121/><G121/><T50/><D109/><U101/><E130/><V17/><F107/><W93/><G93/><T83/><D111/><U59/><E60/><V31/><F3/><W57/><G57/><T124/><D98/><U103/><E59/><N who="2" m="33167" /><F97/><W131/><G131/><T67/><D96/><U134/><E134/><V16/><F11/><W90/><G90/><T24/><D91/><RYUUKYOKU ba="0,1" sc="242,-10,355,-10,192,-10,201,30" hai3="13,18,23,26,32,38,41,47,56,63,65,77,78" /><INIT seed="3,1,1,2,2,134" ten="232,345,182,231" oya="3" hai0="28,49,118,57,31,27,127,92,9,78,3,8,40" hai1="103,89,30,56,21,54,20,93,72,125,26,76,73" hai2="99,117,4,38,122,35,129,116,70,94,52,95,46" hai3="11,121,24,39,85,29,98,114,132,48,37,55,19"/><W13/><G121/><T53/><D118/><U61/><E125/><V25/><F70/><W87/><G114/><T84/><D127/><U33/><E103/><V82/><F122/><W77/><G132/><T5/><D9/><U18/><E76/><V80/><F129/><W16/><G98/><T109/><D109/><U42/><E42/><V17/><F4/><W64/><G64/><T41/><D31/><U131/><E20/><V128/><F128/><W105/><G105/><T23/><D92/><U100/><E100/><V91/><F95/><W6/><G39/><T126/><D126/><U32/><E131/><V10/><F10/><W22/><G37/><T110/><D110/><U47/><E47/><V75/><F38/><W83/><REACH who="3" step="1"/><G87/><REACH who="3" ten="232,345,182,221" step="2"/><T90/><D78/><U50/><E72/><V106/><F106/><W59/><AGARI ba="1,2" hai="6,11,13,16,19,22,24,29,48,55,59,77,83,85" machi="59" ten="20,18000,2" yaku="1,1,2,1,0,1,7,1,8,1,54,1,53,0" doraHai="134" doraHaiUra="102" who="3" fromWho="3" sc="232,-61,345,-61,182,-61,221,203" owari="171,-22.9,284,8.4,121,-37.9,424,52.4" /></mjloggm>