<mjloggm ver="2.3"><GO type="225" lobby="0"/><UN n0="%E3%81%BF%E3%81%BF%E3%81%9A" n1="%48%61%61%61%6C%61%6E%64" n2="%E3%83%88%E3%82%AD%E3%83%8E%E3%83%9F%E3%83%8E%E3%83%AB" n3="%E3%81%B5%E3%81%98%E3%81%8B%E3%81%A4" dan="16,18,16,16" rate="2211.38,2304.64,2089.76,2203.14" sx="M,M,M,M"/><TAIKYOKU oya="0"/><INIT seed="0,0,0,2,5,11" ten="250,250,250,250" oya="0" hai0="115,63,105,72,33,100,2,15,108,25,39,1,123" hai1="27,49,18,9,94,29,107,67,83,77,13,113,34" hai2="48,7,3,80,5,116,47,43,128,86,118,56,46" hai3="16,129,110,21,14,124,88,54,30,40,82,64,103"/><T23/><D115/><U26/><E107/><V85/><F128/><W127/><G129/><T6/><D72/><U120/><E120/><V24/><F86/><N who="3" m="50263" /><G103/><T78/><D78/><U122/><E122/><V126/><F126/><N who="3" m="48171" /><G110/><T132/><D39/><U111/><E111/><V37/><F24/><N who="3" m="16655" /><G40/><T4/><D100/><U104/><E104/><V97/><F97/><W106/><G64/><T44/><D105/><U91/><E67/><V102/><F102/><W130/><G106/><T114/><D123/><U101/><E101/><V8/><F5/><W58/><G130/><T125/><D108/><U68/><E68/><V73/><F56/><W20/><G58/><T28/><D125/><U74/><E113/><V76/><REACH who="2" step="1"/><F85/><REACH who="2" ten="250,250,240,250" step="2"/><W89/><G89/><T17/><D114/><U57/><E57/><V95/><F95/><W50/><G50/><T135/><D63/><U51/><REACH who="1" step="1"/><E27/><REACH who="1" ten="250,240,240,250" step="2"/><V96/><F96/><AGARI ba="0,2" hai="9,13,18,26,29,34,49,51,74,77,83,91,94,96" machi="96" ten="30,7700,0" yaku="1,1,2,1,7,1,52,1,53,0" doraHai="11" doraHaiUra="59" who="1" fromWho="2" sc="250,0,240,97,240,-77,250,0" /><INIT seed="1,0,0,5,1,79" ten="250,337,163,250" oya="1" hai0="125,63,19,110,61,113,50,44,102,26,4,67,112" hai1="93,84,106,103,15,114,29,33,43,8,21,98,87" hai2="119,22,96,133,16,10,132,35,95,52,27,82,90" hai3="31,73,9,64,130,30,99,94,6,123,122,135,118"/><U32/><E114/><V2/><F119/><W109/><G73/><T77/><D4/><U91/><E43/><V71/><F71/><W72/><G72/><T105/><D110/><U17/><E84/><V65/><F65/><W124/><G64/><T1/><D1/><U104/><E104/><V117/><F117/><W55/><G55/><T0/><D0/><U134/><E134/><N who="2" m="51819" /><F35/><W37/><G135/><T14/><D26/><U5/><REACH who="1" step="1"/><E29/><REACH who="1" ten="250,327,163,250" step="2"/><V20/><F20/><W62/><G31/><T36/><D105/><U107/><E107/><V89/><F2/><AGARI ba="0,1" hai="2,5,8,15,17,21,32,33,87,91,93,98,103,106" machi="2" ten="30,2900,0" yaku="1,1,7,1,53,0" doraHai="79" doraHaiUra="120" who="1" fromWho="2" sc="250,0,327,39,163,-29,250,0" /><INIT seed="1,1,0,4,2,92" ten="250,366,134,250" oya="1" hai0="103,122,26,66,54,115,113,14,29,127,43,64,79" hai1="131,53,4,85,80,28,19,45,46,133,25,119,48" hai2="129,98,112,2,84,17,97,118,23,110,7,88,20" hai3="94,38,123,65,61,6,70,18,33,124,91,102,13"/><U101/><E119/><V9/><F118/><W111/><G123/><T15/><D43/><U0/><E131/><V34/><F34/><W87/><G124/><T75/><D127/><U35/><E133/><V120/><F120/><W86/><G111/><T32/><D122/><U42/><E101/><V56/><F110/><W10/><G38/><T125/><D125/><U59/><E19/><V24/><F129/><W12/><G33/><T37/><D37/><U41/><E41/><V73/><F73/><W126/><G126/><T47/><D66/><U106/><E106/><V31/><F56/><W50/><G50/><T114/><D64/><U57/><E4/><V68/><F68/><W30/><G30/><T104/><D54/><U74/><E0/><V39/><F112/><W107/><G107/><T21/><D47/><U105/><E105/><V81/><F39/><W95/><G102/><T55/><D55/><U82/><E74/><V49/><F49/><W51/><G51/><T67/><D67/><U109/><E109/><V90/><F90/><W108/><G108/><T77/><D32/><U69/><E69/><V1/><F1/><W22/><REACH who="3" step="1"/><G95/><REACH who="3" ten="250,366,134,240" step="2"/><T52/><D104/><U121/><E121/><V116/><REACH who="2" step="1"/><F116/><REACH who="2" ten="250,366,124,240" step="2"/><W76/><G76/><N who="0" m="29259" /><D103/><U135/><E46/><V40/><F40/><W8/><G8/><T44/><D75/><U5/><E42/><V78/><F78/><W62/><G62/><T128/><D128/><U16/><E45/><V83/><F83/><W27/><G27/><AGARI ba="1,2" hai="2,7,9,17,20,23,24,27,31,81,84,88,97,98" machi="27" ten="30,12000,2" yaku="1,1,7,1,52,2,54,1,53,2" doraHai="92" doraHaiUra="93" who="2" fromWho="3" sc="250,0,366,0,124,143,240,-123" /><INIT seed="2,0,0,4,5,99" ten="250,366,267,117" oya="2" hai0="128,52,44,27,112,129,11,123,133,95,59,73,72" hai1="131,70,51,96,86,31,47,4,43,106,20,118,1" hai2="124,116,105,107,101,42,113,91,37,104,87,121,2" hai3="98,19,39,94,80,82,81,117,49,102,115,127,29"/><V41/><F2/><W84/><G39/><T83/><D123/><U45/><E70/><V12/><F121/><W36/><G36/><T6/><D112/><U97/><E118/><V23/><F113/><W66/><G115/><T60/><D133/><U67/><E67/><V13/><F116/><W69/><G117/><T68/><D68/><U16/><E131/><N who="0" m="50249" /><D83/><U76/><E31/><V62/><F124/><W89/><G127/><T120/><D120/><U25/><E106/><V85/><F62/><W18/><G29/><T10/><D95/><U100/><E45/><V125/><F125/><W26/><G26/><T55/><D27/><U64/><E64/><V46/><F41/><W119/><G119/><T58/><D44/><U135/><E47/><V32/><F32/><W5/><G5/><T75/><D6/><U56/><E4/><V126/><F126/><W48/><G69/><T109/><D109/><U24/><E24/><V22/><F85/><W130/><G66/><T103/><D103/><U65/><E100/><V79/><F79/><W3/><G3/><T108/><D108/><U134/><E1/><V74/><F74/><N who="0" m="18946" /><T0/><DORA hai="61" /><D0/><U63/><E134/><V9/><F101/><W53/><G130/><T110/><D110/><U132/><E135/><V88/><F87/><W93/><REACH who="3" step="1"/><G49/><AGARI ba="0,0" hai="10,11,49,52,55,58,59,60" m="18946,50249" machi="49" ten="40,2600,0" yaku="19,1,54,1" doraHai="99,61" who="0" fromWho="3" sc="250,26,366,0,267,0,117,-26" /><INIT seed="3,0,0,1,0,2" ten="276,366,267,91" oya="3" hai0="16,52,59,85,92,12,7,13,95,70,57,65,113" hai1="132,75,49,29,108,42,135,25,22,91,122,123,101" hai2="69,9,32,63,119,78,79,114,40,6,73,14,39" hai3="56,74,105,118,94,33,4,28,72,11,106,45,121"/><W93/><G118/><T66/><D70/><U98/><E108/><V103/><F119/><W17/><G121/><T131/><D131/><U129/><E129/><V36/><F114/><W81/><G17/><T60/><D113/><U64/><E75/><V127/><F32/><W67/><G45/><T15/><D85/><U134/><E91/><V68/><F103/><W111/><G111/><T3/><D3/><U100/><E64/><N who="0" m="24681" /><D59/><U115/><E115/><V43/><F63/><W89/><G72/><T5/><D16/><U38/><E38/><V34/><F34/><W76/><G33/><T109/><D109/><U37/><E37/><V10/><F14/><N who="0" m="3586" /><T82/><DORA hai="130" /><D82/><U1/><E1/><V19/><F73/><W46/><G46/><T20/><D20/><U21/><E21/><V35/><F35/><W86/><G28/><T90/><D95/><U107/><E123/><V41/><F41/><W54/><G67/><T47/><D47/><N who="1" m="25847" /><E122/><V26/><F19/><W55/><G94/><T53/><D53/><U116/><E116/><V58/><F58/><W120/><G120/><T112/><D112/><U117/><E117/><V96/><F96/><W31/><G31/><T50/><D50/><U80/><E80/><V83/><F83/><W23/><G23/><T102/><D90/><U77/><E98/><AGARI ba="0,0" hai="5,7,52,57,60,92,98,102" m="3586,24681" machi="98" ten="40,8000,1" yaku="8,1,52,2,54,1" doraHai="2,130" who="0" fromWho="1" sc="276,80,366,-80,267,0,91,0" owari="356,45.6,286,8.6,267,-13.3,91,-40.9" /></mjloggm>