<mjloggm ver="2.3"><GO type="225" lobby="0"/><UN n0="%E7%B5%82%E6%9C%AB%E3%81%AE%E6%95%91%E3%81%84" n1="%E3%83%97%E3%83%AC%E3%83%B4%E3%82%A1%E3%83%86%E3%82%A3" n2="%E5%86%B7%E5%87%8D%E3%82%AE%E3%83%A7%E3%83%BC%E3%82%B6" n3="%E3%81%AF%E3%82%88%E3%81%8A%E3%81%98%E3%81%95%E3%82%93" dan="16,16,17,17" rate="2090.63,2036.03,2213.69,2240.89" sx="F,F,M,M"/><TAIKYOKU oya="0"/><INIT seed="0,0,0,1,1,18" ten="250,250,250,250" oya="0" hai0="89,125,66,72,104,48,58,130,81,36,126,46,68" hai1="17,26,92,52,67,122,88,20,75,129,25,62,80" hai2="51,61,119,93,28,27,57,39,128,112,1,133,30" hai3="101,97,79,0,35,132,84,21,94,64,23,13,111"/><T114/><D104/><U4/><E122/><V120/><F39/><W15/><G35/><T16/><D114/><U40/><E129/><V106/><F106/><W103/><G0/><T50/><D130/><U131/><E131/><V29/><F120/><W74/><G74/><T76/><D68/><U117/><E4/><V3/><F112/><W6/><G111/><T99/><D36/><U105/><E105/><V38/><F38/><W107/><G132/><T86/><D99/><N who="1" m="57735" /><E40/><V42/><F128/><W100/><G64/><T60/><D46/><U71/><E71/><V115/><F115/><W90/><G107/><T12/><D125/><U14/><E117/><V96/><F133/><W47/><G47/><T95/><REACH who="0" step="1"/><D126/><REACH who="0" ten="240,250,250,250" step="2"/><U7/><E67/><V63/><F119/><W44/><G44/><T91/><D91/><U109/><E109/><V82/><F57/><W19/><G97/><T102/><D102/><U85/><E75/><V135/><F96/><W83/><G100/><T37/><D37/><U65/><E65/><V9/><F135/><W77/><G101/><T113/><D113/><U45/><E7/><V110/><F110/><W5/><G6/><T123/><D123/><U73/><E73/><V2/><F2/><W32/><G5/><T53/><D53/><U10/><E45/><V121/><F1/><W54/><G54/><T116/><D116/><U33/><E33/><V22/><F3/><W127/><G32/><T34/><D34/><U98/><E98/><V87/><F42/><W49/><G127/><T78/><D78/><N who="1" m="46231" /><E10/><AGARI ba="0,1" hai="10,12,16,48,50,58,60,66,72,76,81,86,89,95" machi="10" ten="30,5800,0" yaku="1,1,7,1,54,1,53,0" doraHai="18" doraHaiUra="70" who="0" fromWho="1" sc="240,68,250,-58,250,0,250,0" /><INIT seed="0,1,0,3,5,25" ten="308,192,250,250" oya="0" hai0="17,60,89,88,62,15,114,16,36,42,9,115,95" hai1="84,37,38,58,75,43,111,96,3,101,99,125,59" hai2="92,94,71,113,109,126,82,72,69,8,98,103,81" hai3="86,61,0,135,124,76,45,123,107,133,121,80,130"/><T110/><D110/><U4/><E111/><V73/><F8/><W13/><G0/><T20/><D42/><U33/><E75/><N who="2" m="28747" /><F69/><W6/><G107/><T91/><D36/><U129/><E125/><V35/><F35/><W7/><G124/><T2/><D2/><U57/><E129/><V34/><F34/><W44/><G130/><T78/><D78/><U56/><N who="1" m="14336" /><DORA hai="11" /><U52/><E33/><V47/><F47/><N who="3" m="17995" /><G61/><N who="0" m="23659" /><D114/><U27/><E43/><V74/><F71/><W24/><G24/><N who="0" m="14343" /><D115/><U79/><E27/><V51/><F51/><W41/><G41/><T68/><D68/><U14/><E3/><V40/><F40/><W12/><G6/><T50/><D50/><U18/><E4/><V39/><F39/><W54/><G54/><T97/><AGARI ba="1,0" hai="9,15,17,88,89,91,95,97" m="14343,23659" machi="97" ten="30,11700,0" yaku="8,1,52,1,54,2" doraHai="25,11" who="0" fromWho="0" sc="308,120,192,-40,250,-40,250,-40" /><INIT seed="0,2,0,3,2,27" ten="428,152,210,210" oya="0" hai0="89,0,120,111,94,101,132,6,82,47,25,85,12" hai1="92,99,22,44,73,31,71,112,59,38,113,77,18" hai2="42,115,105,86,9,56,119,62,61,118,135,95,13" hai3="19,51,11,129,106,78,69,133,102,26,81,110,124"/><T98/><D120/><U88/><E71/><V87/><F105/><W39/><G39/><T55/><D132/><U104/><E104/><V134/><F115/><N who="1" m="44105" /><E73/><V93/><F42/><W52/><G69/><T109/><D0/><U125/><E77/><V7/><BYE who="0" /><F13/><W60/><G133/><T10/><D10/><U1/><E1/><UN n0="%E7%B5%82%E6%9C%AB%E3%81%AE%E6%95%91%E3%81%84" /><V5/><F56/><W21/><G110/><N who="0" m="41995" /><D12/><N who="1" m="9543" /><E125/><V17/><F9/><W80/><G124/><T54/><D6/><U107/><E107/><V53/><F17/><W34/><G11/><T48/><D25/><U108/><E108/><V91/><F91/><W66/><G106/><T3/><D3/><U96/><E96/><V32/><REACH who="2" step="1"/><F53/><AGARI ba="2,0" hai="47,48,53,54,55,82,85,89,94,98,101" m="41995" machi="53" ten="30,2900,0" yaku="14,1,10,1" doraHai="27" who="0" fromWho="2" sc="428,35,152,0,210,-35,210,0" /><INIT seed="0,3,0,1,0,118" ten="463,152,175,210" oya="0" hai0="61,105,54,81,46,108,19,6,16,112,83,21,49" hai1="50,31,82,69,100,52,98,65,38,120,114,2,88" hai2="58,125,18,42,72,124,86,71,36,119,22,93,25" hai3="59,35,56,14,34,29,122,66,91,131,48,47,3"/><T132/><D112/><U115/><E2/><V40/><F71/><W7/><G3/><T127/><D105/><U15/><E38/><V96/><F72/><W57/><G131/><T37/><D132/><U87/><E31/><V116/><F86/><W20/><G66/><T135/><D127/><N who="2" m="48714" /><F58/><W32/><G91/><T70/><D108/><U95/><E120/><V51/><F51/><W109/><G122/><T45/><D6/><U64/><E69/><V73/><F73/><W99/><G99/><T24/><D135/><U133/><E133/><V76/><F76/><W5/><G109/><T123/><D123/><U101/><E101/><N who="2" m="60559" /><F36/><W44/><G44/><T79/><D79/><U102/><E100/><V13/><F25/><W11/><G47/><T128/><D128/><U0/><E0/><V78/><F78/><W74/><G74/><T26/><D70/><U62/><E62/><V104/><F104/><W28/><G48/><T39/><D61/><U80/><E80/><V106/><F106/><W10/><G20/><T23/><D39/><U53/><E53/><V60/><F60/><W134/><G134/><T89/><D89/><U129/><E129/><V107/><F107/><W55/><G55/><T30/><D30/><N who="3" m="11881" /><G14/><T110/><D110/><U126/><E126/><V85/><F85/><W17/><G17/><T92/><D92/><U41/><E41/><AGARI ba="3,0" hai="13,18,22,40,41,42,116,119" m="60559,48714" machi="41" ten="30,1000,0" yaku="18,1" doraHai="118" who="2" fromWho="1" sc="463,0,152,-19,175,19,210,0" /><AGARI ba="3,0" hai="16,19,21,23,24,26,37,41,45,46,49,54,81,83" machi="41" ten="40,3900,0" yaku="9,1,54,1" doraHai="118" who="0" fromWho="1" sc="463,39,133,-39,194,0,210,0" /><INIT seed="0,4,0,3,3,63" ten="502,94,194,210" oya="0" hai0="103,41,77,124,39,64,66,5,78,88,58,10,89" hai1="99,70,12,6,8,92,56,119,83,71,54,113,0" hai2="85,128,57,68,59,129,48,133,7,118,114,91,82" hai3="111,80,21,49,46,35,9,31,19,40,73,18,87"/><T15/><D124/><U27/><E119/><V36/><F36/><W97/><G73/><T20/><D103/><U26/><E113/><V24/><F68/><W43/><G111/><T120/><D120/><U1/><E71/><V122/><F122/><W110/><G110/><T72/><D72/><U13/><E70/><V104/><F104/><W2/><G35/><T86/><D39/><U130/><E130/><N who="2" m="50283" /><F114/><W121/><G121/><T61/><D41/><U90/><E0/><V30/><F133/><W16/><G97/><T32/><D32/><U95/><E83/><V42/><F7/><W60/><G60/><T74/><D74/><U125/><E125/><V94/><F94/><BYE who="2" /><UN n2="%E5%86%B7%E5%87%8D%E3%82%AE%E3%83%A7%E3%83%BC%E3%82%B6" /><W11/><G43/><T69/><D89/><U62/><E95/><V29/><F118/><W81/><G2/><T117/><D117/><U116/><E116/><V108/><F108/><W75/><G75/><T127/><D127/><U101/><E101/><V50/><F30/><W25/><REACH who="3" step="1"/><G81/><REACH who="3" ten="502,94,194,200" step="2"/><N who="0" m="49231" /><D69/><U93/><E93/><V115/><F115/><W67/><G67/><N who="0" m="39351" /><D20/><U132/><E132/><V4/><F4/><W53/><G53/><T84/><D84/><U100/><BYE who="2" /><E100/><V38/><F38/><W52/><G52/><T33/><D33/><U37/><REACH who="1" step="1"/><E37/><REACH who="1" ten="502,84,194,200" step="2"/><V45/><F45/><W44/><G44/><T107/><D107/><U51/><E51/><V17/><F17/><W102/><G102/><T28/><D28/><U47/><E47/><V106/><F106/><W96/><G96/><T34/><D34/><U134/><E134/><V3/><F3/><W131/><G131/><T109/><D109/><RYUUKYOKU ba="4,2" sc="502,10,84,10,194,-30,200,10" hai0="5,10,15,64,66,77,78" hai1="1,6,8,12,13,26,27,54,56,62,90,92,99" hai3="9,11,16,18,19,21,25,31,40,46,49,80,87" /><INIT seed="0,5,2,0,0,105" ten="512,94,164,210" oya="0" hai0="92,73,76,107,102,37,97,60,46,104,65,122,89" hai1="114,4,130,112,20,19,27,55,59,47,78,74,29" hai2="34,15,72,43,26,67,106,84,69,111,117,0,87" hai3="118,100,2,109,44,9,41,85,56,93,98,77,48"/><T23/><D122/><U131/><E47/><V54/><F54/><W71/><G118/><T10/><D23/><U11/><E29/><V28/><F28/><W70/><G109/><T88/><D10/><U12/><E78/><V40/><F40/><W14/><G2/><T116/><D116/><U110/><E110/><V64/><F64/><W113/><G113/><T128/><D128/><U86/><E86/><V7/><F7/><N who="3" m="3391" /><G56/><T125/><D125/><U94/><E94/><V57/><F57/><W68/><G68/><T126/><D126/><U132/><E132/><V45/><F45/><W133/><G133/><T18/><D18/><U50/><REACH who="1" step="1"/><E74/><REACH who="1" ten="512,84,164,210" step="2"/><V38/><F38/><W103/><G85/><T33/><D73/><U101/><E101/><V134/><F134/><W52/><G103/><T83/><D102/><U6/><E6/><V32/><F32/><W80/><G77/><T127/><D127/><U5/><E5/><V36/><F36/><W129/><G100/><T42/><D33/><U124/><E124/><V135/><F135/><W24/><G93/><T120/><D89/><U30/><E30/><V62/><F62/><W58/><G44/><T22/><D76/><U119/><E119/><V61/><F61/><W13/><G80/><T123/><D83/><U95/><E95/><V39/><F39/><W79/><G79/><T21/><D107/><U121/><E121/><N who="0" m="46665" /><D104/><U81/><E81/><V99/><F99/><W91/><G98/><T96/><D96/><U66/><E66/><V53/><F53/><W63/><G52/><T90/><D90/><U115/><AGARI ba="5,3" hai="4,11,12,19,20,27,50,55,59,112,114,115,130,131" machi="115" ten="40,8000,1" yaku="1,1,5,1,0,1,11,1,53,1" doraHai="105" doraHaiUra="51" who="1" fromWho="1" sc="512,-45,84,125,164,-25,210,-25" /><INIT seed="1,0,0,3,3,15" ten="467,209,139,185" oya="1" hai0="45,72,64,14,55,47,120,67,17,99,65,19,102" hai1="32,27,101,6,95,124,62,11,12,63,56,29,132" hai2="41,20,125,24,48,108,3,128,68,100,23,53,35" hai3="4,104,79,122,116,133,57,9,7,69,50,0,28"/><U93/><E124/><V80/><F80/><W134/><G69/><T78/><D120/><U96/><E132/><V36/><F36/><W88/><G104/><T130/><D130/><U26/><E26/><V98/><F98/><W87/><G122/><T109/><D109/><U37/><E37/><V1/><F1/><W44/><G116/><T46/><D72/><U106/><REACH who="1" step="1"/><E63/><REACH who="1" ten="467,199,139,185" step="2"/><V70/><F70/><W85/><G134/><T18/><D78/><U110/><E110/><V77/><F77/><W135/><G133/><T33/><D33/><U52/><AGARI ba="0,1" hai="6,11,12,27,29,32,52,56,62,93,95,96,101,106" machi="52" ten="20,7800,0" yaku="1,1,0,1,7,1,54,1,53,0" doraHai="15" doraHaiUra="129" who="1" fromWho="1" sc="467,-26,199,88,139,-26,185,-26" /><INIT seed="1,1,0,5,0,60" ten="441,287,113,159" oya="1" hai0="53,109,31,112,84,124,81,101,128,126,74,123,108" hai1="132,20,134,102,116,97,125,49,92,30,76,9,113" hai2="24,65,15,88,107,57,99,28,100,5,10,98,36" hai3="50,131,104,120,4,27,96,86,71,114,29,33,118"/><U41/><E116/><V0/><F0/><W58/><G71/><T47/><D31/><U21/><E113/><V89/><F89/><W83/><G114/><T77/><D112/><U37/><E37/><V23/><F23/><W52/><G120/><T72/><D53/><U127/><E76/><V111/><F111/><N who="0" m="42570" /><D47/><N who="1" m="25839" /><E9/><V8/><F8/><W14/><G118/><T66/><D128/><U115/><E115/><V105/><F105/><W93/><G104/><T70/><D101/><U43/><E43/><V22/><F22/><N who="1" m="8809" /><E30/><V119/><F119/><W35/><G131/><T64/><D70/><U95/><E95/><V46/><F46/><W82/><G33/><T6/><D6/><U19/><E19/><V38/><F38/><W91/><G4/><T11/><D11/><U45/><E45/><V12/><F12/><W54/><G14/><T75/><D123/><U1/><E1/><V130/><F130/><W87/><G83/><T121/><D121/><U106/><E106/><V135/><F135/><AGARI ba="1,0" hai="92,97,102,125,127,132,134,135" m="8809,25839" machi="135" ten="30,1500,0" yaku="20,1" doraHai="60" who="1" fromWho="2" sc="441,0,287,18,113,-18,159,0" /><INIT seed="1,2,0,5,5,110" ten="441,305,95,159" oya="1" hai0="53,57,112,118,117,44,108,126,80,46,85,130,47" hai1="77,95,22,43,14,106,37,97,96,113,121,10,101" hai2="25,40,26,84,78,0,55,38,61,79,127,3,27" hai3="92,93,39,86,51,12,24,45,49,48,18,32,36"/><U68/><E113/><V91/><F91/><W13/><G32/><T29/><D112/><U125/><E121/><V54/><F54/><W75/><G75/><T33/><D108/><U115/><E115/><V50/><F50/><W105/><G105/><T19/><D126/><U1/><E125/><V100/><F100/><W66/><G66/><T35/><D130/><U90/><E68/><V107/><F107/><W59/><G59/><T63/><D19/><U82/><E1/><V72/><F72/><W120/><G120/><T73/><D73/><U6/><E22/><V88/><F88/><N who="3" m="53271" /><G36/><T62/><D62/><U20/><E20/><V83/><F83/><W134/><G39/><T60/><D60/><U30/><E30/><V71/><F71/><W31/><G134/><T34/><REACH who="0" step="1"/><D29/><REACH who="0" ten="431,305,95,159" step="2"/><U116/><E116/><V76/><F76/><AGARI ba="2,1" hai="33,34,35,44,46,47,53,57,63,76,80,85,117,118" machi="76" ten="50,3200,0" yaku="1,1,2,1,53,0" doraHai="110" doraHaiUra="102" who="0" fromWho="2" sc="431,48,305,0,95,-38,159,0" /><INIT seed="2,0,0,4,5,90" ten="479,305,57,159" oya="2" hai0="31,100,77,120,84,6,131,3,28,73,48,76,125" hai1="63,113,74,57,117,21,115,72,22,15,104,70,118" hai2="123,119,25,55,99,101,114,116,79,110,98,24,27" hai3="4,65,107,68,13,96,53,95,93,102,135,14,64"/><V134/><F134/><W9/><G135/><T88/><D120/><U81/><E104/><V91/><F91/><W34/><G34/><T82/><D131/><U86/><E70/><V133/><F133/><W19/><G68/><T126/><D100/><U7/><E7/><V23/><F23/><N who="3" m="11759" /><G107/><T54/><D6/><U50/><E50/><V83/><F83/><W60/><G95/><N who="0" m="54663" /><D3/><U71/><E71/><V85/><F85/><W127/><G127/><N who="0" m="48651" /><D76/><U106/><E106/><V109/><F109/><W1/><G1/><T94/><D94/><U89/><E15/><V5/><F5/><W80/><G80/><T46/><AGARI ba="0,0" hai="28,31,46,48,54,73,77,82" m="48651,54663" machi="46" ten="30,4000,0" yaku="18,1,52,1,54,1" doraHai="90" who="0" fromWho="0" sc="479,40,305,-10,57,-20,159,-10" /><INIT seed="3,0,0,4,0,109" ten="519,295,37,149" oya="3" hai0="134,124,70,132,76,122,114,113,72,90,68,81,47" hai1="27,104,8,12,123,24,2,40,5,102,16,32,74" hai2="36,42,128,110,43,20,92,99,84,25,3,126,26" hai3="116,100,121,23,94,48,57,60,103,78,120,49,118"/><W18/><G78/><T105/><D122/><U35/><E74/><V97/><F97/><W65/><G121/><T28/><D124/><U135/><E123/><V29/><F29/><W55/><G120/><T112/><D105/><U39/><E104/><V95/><F95/><W82/><G82/><T75/><D75/><U59/><E102/><V89/><F89/><W11/><G11/><T22/><D47/><U45/><E135/><N who="0" m="51753" /><D90/><U80/><E80/><V64/><F64/><W13/><G48/><T119/><D119/><U77/><E77/><V115/><F115/><W21/><G21/><T58/><D58/><U125/><E125/><V87/><F87/><W101/><REACH who="3" step="1"/><G94/><REACH who="3" ten="519,295,37,139" step="2"/><T107/><D107/><U106/><E106/><V73/><F73/><W19/><G19/><T31/><D22/><U41/><E35/><V108/><F108/><W96/><G96/><T33/><D31/><U9/><E32/><V127/><F127/><W14/><G14/><T85/><D72/><U83/><E83/><V53/><F53/><W79/><G79/><T67/><D67/><U30/><E30/><V52/><F52/><W37/><G37/><T7/><D7/><U51/><E40/><V46/><F46/><AGARI ba="0,1" hai="13,18,23,46,49,55,57,60,65,100,101,103,116,118" machi="46" ten="40,3900,0" yaku="1,1,53,1" doraHai="109" doraHaiUra="44" who="3" fromWho="2" sc="519,0,295,0,37,-39,139,49" owari="519,61.9,295,9.5,-2,-50.2,188,-21.2" /></mjloggm>