<mjloggm ver="2.3"><GO type="225" lobby="0"/><UN n0="%73%75%7A%75%72%61%6E%65" n1="%E6%B4%BE%E9%81%A3%E3%81%AE%E3%82%B8%E3%83%A3%E3%83%83%E3%82%AF" n2="%E6%B0%B7%E5%B7%9D%E9%87%8C%E5%A5%88" n3="%43%68%65" dan="16,17,16,16" rate="2056.51,2231.53,2117.75,2171.35" sx="M,M,F,M"/><TAIKYOKU oya="0"/><INIT seed="0,0,0,4,4,71" ten="250,250,250,250" oya="0" hai0="78,20,39,15,110,106,125,60,47,91,62,11,109" hai1="73,118,76,27,21,34,56,6,127,64,41,32,2" hai2="48,92,23,1,83,117,111,130,108,84,8,69,105" hai3="116,87,66,99,98,58,86,0,59,72,68,40,124"/><T128/><D128/><U19/><E118/><V46/><F105/><W13/><G0/><T51/><D106/><U79/><E127/><V122/><F122/><W95/><G72/><T75/><D125/><U85/><E85/><V29/><F69/><W22/><G68/><T24/><D91/><U133/><E133/><V126/><F126/><W93/><G124/><T31/><D78/><U80/><E76/><V37/><F130/><W89/><G40/><N who="0" m="22943" /><D75/><U77/><E77/><V123/><F92/><W88/><G116/><T49/><D62/><U121/><E121/><V134/><F134/><W102/><G66/><T74/><D60/><U35/><E56/><N who="3" m="21546" /><G102/><T16/><D74/><U114/><E64/><V42/><F123/><W25/><G13/><T5/><D31/><AGARI ba="0,0" hai="22,25,31,86,87,88,89,93,95,98,99" m="21546" machi="31" ten="30,2000,0" yaku="8,1,54,1" doraHai="71" who="3" fromWho="0" sc="250,-20,250,0,250,0,250,20" /><INIT seed="1,0,0,4,0,85" ten="230,250,250,270" oya="1" hai0="36,54,19,9,32,27,86,37,122,18,111,14,64" hai1="89,25,17,81,91,62,88,83,38,75,103,109,55" hai2="76,116,26,30,115,21,97,6,126,65,23,128,124" hai3="46,59,106,102,56,119,3,87,49,31,72,48,5"/><U93/><E38/><V12/><F116/><W35/><G72/><T105/><D105/><U127/><E127/><N who="2" m="48683" /><F76/><W10/><G119/><T15/><D122/><U39/><E39/><V33/><F65/><W130/><G130/><T131/><D131/><U121/><E121/><V47/><F47/><W63/><G49/><T4/><D111/><U78/><E109/><V67/><F67/><W135/><G135/><T16/><D64/><U43/><E43/><V52/><F97/><W28/><G59/><T95/><D54/><U84/><E103/><V107/><F107/><W113/><G35/><T71/><D71/><U129/><E129/><V133/><F52/><W51/><G51/><T96/><D86/><N who="1" m="48439" /><E93/><V24/><F128/><W0/><G106/><T134/><D134/><U20/><E75/><V69/><F69/><W22/><G56/><AGARI ba="0,0" hai="17,20,25,55,56,62,83,84,88,89,91" m="48439" machi="56" ten="30,12000,1" yaku="8,1,52,3,54,1" doraHai="85" who="1" fromWho="3" sc="230,0,250,120,250,0,270,-120" /><INIT seed="1,1,0,1,2,59" ten="230,370,250,150" oya="1" hai0="6,45,104,87,72,74,110,18,91,109,22,26,130" hai1="39,10,63,29,54,69,16,111,65,103,97,120,43" hai2="101,70,56,37,55,64,83,23,116,86,57,7,121" hai3="93,50,119,3,114,17,98,105,82,60,34,48,1"/><U2/><E120/><V127/><F121/><W67/><G114/><T36/><D104/><U11/><E29/><V95/><F116/><W71/><G105/><T89/><D6/><U40/><E111/><N who="0" m="42505" /><D130/><U28/><E28/><V33/><F33/><W9/><G34/><T53/><D91/><U62/><E39/><V47/><F127/><W21/><G119/><T84/><D84/><U90/><E90/><V13/><F70/><W108/><G82/><N who="0" m="49399" /><D53/><U88/><E88/><N who="2" m="51295" /><F37/><W100/><G108/><T96/><D96/><U135/><E135/><V75/><F75/><W61/><G61/><BYE who="3" /><T44/><D44/><U117/><E117/><V92/><F101/><W77/><G77/><T123/><D123/><UN n3="%43%68%65" /><U19/><E2/><V99/><F99/><W4/><REACH who="3" step="1"/><G3/><REACH who="3" ten="230,370,250,140" step="2"/><T107/><D107/><U31/><E63/><N who="2" m="37991" /><F95/><W132/><G132/><T25/><D25/><AGARI ba="1,1" hai="1,4,9,17,21,25,48,50,60,67,71,93,98,100" machi="25" ten="30,3900,0" yaku="1,1,7,1,52,1,53,0" doraHai="59" doraHaiUra="134" who="3" fromWho="0" sc="230,-42,370,0,250,0,140,52" /><INIT seed="2,0,0,2,2,92" ten="188,370,250,192" oya="2" hai0="68,128,117,95,73,72,12,94,23,78,119,50,30" hai1="71,46,113,45,80,58,33,7,127,67,62,126,24" hai2="112,63,39,87,93,82,131,134,11,79,56,70,89" hai3="90,85,118,114,55,105,5,1,4,13,14,120,66"/><V60/><F112/><W6/><G118/><N who="0" m="45067" /><D128/><U121/><E113/><V135/><F39/><W49/><G114/><T124/><D68/><U88/><E7/><V77/><F131/><W109/><G1/><T99/><D124/><U76/><E121/><V15/><F70/><W100/><G120/><T18/><D78/><U132/><E132/><V98/><F77/><W48/><G66/><T107/><D107/><U111/><E111/><V16/><REACH who="2" step="1"/><F63/><REACH who="2" ten="188,370,240,192" step="2"/><W125/><G109/><T51/><D50/><U129/><E76/><V42/><F42/><W10/><G49/><T103/><D51/><U52/><E129/><V61/><F61/><W3/><G125/><T36/><D36/><U101/><E126/><V59/><F59/><W8/><G3/><T28/><D72/><U130/><E130/><V38/><F38/><W0/><G0/><T116/><D73/><U35/><E127/><V41/><F41/><W20/><G48/><T37/><D37/><U40/><E40/><V25/><F25/><W53/><G13/><T65/><D116/><U32/><E24/><V2/><F2/><W133/><G14/><T22/><D12/><U110/><E110/><V21/><F21/><W91/><G20/><T122/><D22/><U43/><E43/><V74/><F74/><W115/><G115/><T81/><D23/><U54/><E71/><V17/><F17/><W84/><G5/><T9/><D18/><U34/><E34/><V106/><F106/><W31/><G105/><T27/><D27/><U44/><E62/><V47/><F47/><W123/><G6/><T104/><D104/><RYUUKYOKU ba="0,1" sc="188,-10,370,-10,240,30,192,-10" hai2="11,15,16,56,60,79,82,87,89,93,98,134,135" /><INIT seed="2,1,1,4,1,21" ten="178,360,270,182" oya="2" hai0="28,101,19,88,73,9,130,55,8,31,86,121,84" hai1="78,1,39,30,99,45,89,104,4,48,103,46,113" hai2="63,72,114,109,94,118,134,79,129,65,10,2,22" hai3="97,102,29,98,120,49,53,11,34,69,133,112,57"/><V111/><F114/><W74/><G120/><T105/><D73/><U14/><E1/><V58/><F118/><W62/><G112/><T93/><D121/><U75/><E89/><V54/><F134/><W38/><G133/><T95/><D130/><U24/><E39/><V110/><F129/><W127/><G74/><T64/><D64/><U23/><E113/><V83/><F94/><W60/><G38/><T91/><D55/><U122/><E122/><V37/><F37/><W44/><G127/><T42/><D42/><U0/><E48/><V59/><F22/><W117/><G117/><T135/><D135/><U116/><E116/><V32/><F32/><W125/><G125/><T25/><D19/><N who="1" m="10743" /><E78/><V27/><F10/><W61/><G11/><T36/><D36/><U87/><E87/><V18/><F2/><W15/><G69/><T85/><D85/><U5/><E75/><V100/><F100/><W76/><G76/><T108/><D108/><U66/><E66/><V126/><F126/><W6/><G102/><T123/><D123/><U80/><E80/><V13/><F13/><W106/><G106/><T52/><D52/><U43/><E0/><V77/><F77/><W107/><G107/><T40/><D40/><U71/><E71/><V56/><F65/><W90/><G90/><T33/><D31/><U119/><E119/><V51/><F51/><W41/><G29/><T50/><D50/><N who="1" m="26943" /><E46/><V35/><F18/><W128/><G128/><T26/><D26/><U12/><E12/><V68/><F68/><W96/><G34/><T132/><D132/><U115/><E115/><RYUUKYOKU ba="1,1" sc="178,0,360,0,270,0,182,0" hai0="8,9,25,28,33,84,86,88,91,93,95,101,105" hai1="4,5,24,30,99,103,104" hai2="27,35,54,56,58,59,63,72,79,83,109,110,111" hai3="6,15,41,44,49,53,57,60,61,62,96,97,98" /><INIT seed="2,2,1,4,0,93" ten="178,360,270,182" oya="2" hai0="132,106,28,105,23,77,42,6,62,57,14,108,107" hai1="118,30,73,81,64,110,122,31,66,8,51,53,102" hai2="3,19,48,70,27,85,116,87,4,88,113,22,97" hai3="9,68,120,96,21,82,80,79,36,75,124,69,95"/><V54/><F113/><W83/><G120/><T92/><D108/><U112/><E110/><V134/><F116/><W104/><G36/><T29/><D132/><U131/><E112/><V32/><F70/><W35/><G35/><T114/><D114/><U12/><E118/><V119/><F119/><W34/><G34/><T20/><D77/><U46/><E131/><V37/><F37/><W26/><G104/><T39/><D39/><U111/><E111/><V123/><F123/><W11/><G124/><T15/><D42/><U84/><E102/><V117/><F117/><W44/><G69/><T0/><D0/><U121/><E73/><V67/><F67/><N who="1" m="25641" /><E122/><V40/><F32/><W10/><G68/><T103/><D92/><U17/><E121/><V86/><F134/><W38/><G44/><T16/><D103/><U52/><E53/><V91/><F40/><W65/><G65/><T98/><D98/><U129/><E129/><V55/><F91/><AGARI ba="2,1" hai="8,12,17,30,31,46,51,52,81,84,91" m="25641" machi="91" ten="30,3900,0" yaku="25,1,8,1,54,1" doraHai="93" who="1" fromWho="2" sc="178,0,360,55,270,-45,182,0" /><INIT seed="3,0,0,3,4,53" ten="178,415,225,182" oya="3" hai0="106,102,107,82,103,62,56,41,116,7,39,119,37" hai1="71,97,121,43,133,11,88,123,110,23,38,72,3" hai2="25,40,76,99,50,80,134,112,75,14,81,135,33" hai3="124,29,125,20,27,22,42,67,26,94,96,54,108"/><W91/><G108/><T132/><D7/><U70/><E72/><V87/><F112/><W85/><G67/><T6/><D6/><U113/><E133/><N who="2" m="50699" /><F99/><W1/><G1/><T105/><D132/><U126/><E11/><V15/><F40/><W21/><G42/><T19/><D19/><U48/><E48/><V4/><F50/><W90/><G54/><T9/><D9/><U31/><E88/><N who="2" m="51303" /><F4/><W24/><REACH who="3" step="1"/><G29/><AGARI ba="0,0" hai="14,15,25,29,33,75,76,81" m="51303,50699" machi="29" ten="30,2000,0" yaku="20,1,54,1" doraHai="53" who="2" fromWho="3" sc="178,0,415,0,225,20,182,-20" owari="178,-22.2,415,51.5,245,4.5,162,-33.8" /></mjloggm>