<mjloggm ver="2.3"><GO type="225" lobby="0"/><UN n0="%43%68%65" n1="%E3%81%AF%E3%82%88%E3%81%8A%E3%81%98%E3%81%95%E3%82%93" n2="%E3%81%A1%E3%82%85%E3%81%86%E3%81%A9%E3%81%8F%E8%B1%A1%E3%81%95%E3%82%93" n3="%E3%81%82%E3%82%93%E3%81%AA%E3%81%A4" dan="16,16,16,16" rate="2175.66,2178.60,2085.34,2123.34" sx="M,M,M,M"/><TAIKYOKU oya="0"/><INIT seed="0,0,0,5,3,132" ten="250,250,250,250" oya="0" hai0="68,120,98,80,130,94,84,60,13,107,6,66,10" hai1="62,3,18,33,97,25,135,52,88,125,122,75,96" hai2="64,110,131,95,37,24,73,39,70,83,22,71,26" hai3="41,23,118,115,42,8,32,14,89,87,46,105,16"/><T67/><D67/><U86/><E122/><V102/><F110/><W1/><G115/><T57/><D120/><U43/><E75/><V92/><F131/><W69/><G118/><T50/><D130/><U81/><E3/><V82/><F64/><W49/><G69/><T48/><D107/><U99/><E135/><V30/><F22/><W123/><G32/><T129/><D68/><U59/><E125/><V113/><F102/><W93/><G105/><T29/><D29/><U121/><E121/><V104/><F104/><W20/><G123/><T106/><D106/><U112/><E112/><V9/><F30/><W124/><G124/><T61/><D61/><U11/><E43/><V76/><F76/><W28/><G1/><T4/><D4/><U51/><E33/><V44/><F44/><W35/><REACH who="3" step="1"/><G42/><REACH who="3" ten="250,250,250,240" step="2"/><T56/><D129/><U91/><E62/><V47/><F113/><W19/><G19/><T134/><D134/><U103/><E103/><V38/><F95/><W117/><G117/><T36/><D36/><U78/><E25/><AGARI ba="0,1" hai="8,14,16,20,23,25,28,35,41,46,49,87,89,93" machi="25" ten="40,2600,0" yaku="1,1,54,1,53,0" doraHai="132" doraHaiUra="114" who="3" fromWho="1" sc="250,0,250,-26,250,0,240,36" /><INIT seed="1,0,0,0,4,82" ten="250,224,250,276" oya="1" hai0="116,57,48,11,94,130,32,61,51,105,86,80,126" hai1="76,132,19,84,52,18,27,72,55,46,100,36,39" hai2="22,73,15,54,47,33,67,12,111,96,30,44,127" hai3="103,70,16,65,45,118,0,124,99,69,95,110,63"/><U14/><E72/><V58/><F73/><W91/><G110/><T24/><D105/><U120/><E120/><V109/><F33/><W40/><G0/><T104/><D104/><U9/><E132/><V28/><F127/><W74/><G74/><T17/><D116/><U97/><E36/><V129/><F129/><W115/><G115/><T131/><D126/><U41/><E76/><V81/><F96/><W134/><G124/><T123/><D123/><U37/><E39/><V117/><F81/><W112/><G112/><T6/><D94/><U23/><REACH who="1" step="1"/><E84/><REACH who="1" ten="250,214,250,276" step="2"/><V25/><F117/><W79/><G79/><T53/><D131/><U20/><E20/><V68/><F22/><W3/><G118/><T64/><D130/><U49/><E49/><V119/><F119/><W87/><G134/><T43/><D51/><U77/><E77/><V50/><F111/><W114/><G114/><T98/><D32/><U5/><E5/><V89/><F109/><W13/><G87/><T125/><D125/><U113/><E113/><V102/><F50/><W71/><G70/><T108/><D108/><U2/><E2/><V135/><F68/><W34/><G3/><T75/><D75/><U62/><E62/><V59/><F135/><W60/><G34/><T1/><D43/><U107/><AGARI ba="0,1" hai="9,14,18,19,23,27,37,41,46,52,55,97,100,107" machi="107" ten="20,7800,0" yaku="1,1,0,1,7,1,54,1,53,0" doraHai="82" doraHaiUra="35" who="1" fromWho="1" sc="250,-26,214,88,250,-26,276,-26" /><INIT seed="1,1,0,4,1,66" ten="224,302,224,250" oya="1" hai0="132,100,71,74,68,27,88,67,113,10,31,11,86" hai1="73,35,18,33,93,82,61,131,38,126,37,36,57" hai2="106,110,30,59,62,109,80,92,16,14,44,39,63" hai3="2,47,124,119,117,84,56,20,17,91,51,29,22"/><U25/><E126/><V60/><F106/><W96/><G2/><T97/><D74/><U120/><E120/><V98/><F30/><W104/><G56/><T114/><D132/><U103/><E131/><V70/><F80/><W121/><G121/><T127/><D127/><U99/><E18/><V134/><F134/><W46/><G29/><T90/><D11/><U101/><E101/><N who="2" m="60615" /><F44/><W128/><G46/><T54/><D54/><U111/><E111/><N who="2" m="42507" /><F39/><W48/><G124/><T87/><D10/><U123/><E25/><V40/><F40/><W75/><G47/><T21/><D114/><U9/><E9/><N who="2" m="6223" /><F59/><W95/><G104/><T105/><D113/><U64/><E123/><V102/><F102/><W4/><G119/><T65/><D90/><U108/><E108/><V3/><F3/><W43/><G91/><T81/><REACH who="0" step="1"/><D87/><REACH who="0" ten="214,302,224,250" step="2"/><U69/><E73/><V133/><F133/><W50/><G84/><T130/><D130/><U78/><E103/><V45/><F45/><W83/><G75/><T12/><D12/><U58/><E36/><V5/><F5/><W72/><G4/><T89/><D89/><N who="1" m="55727" /><E37/><V7/><F7/><W6/><G6/><T32/><D32/><U19/><E38/><V77/><F77/><N who="3" m="44455" /><G128/><T28/><D28/><U53/><E33/><V41/><F41/><W85/><G43/><T8/><D8/><U26/><E35/><V13/><F13/><N who="3" m="9263" /><G85/><T125/><D125/><U52/><E53/><V94/><F94/><W42/><G42/><T49/><D49/><U112/><E52/><V55/><F55/><W116/><G22/><T76/><D76/><RYUUKYOKU ba="1,1" sc="214,10,302,-30,224,10,250,10" hai0="21,27,31,65,67,68,71,81,86,88,97,100,105" hai2="60,62,63,70" hai3="48,50,51,95,96,116,117" /><INIT seed="2,2,1,3,0,76" ten="224,272,234,260" oya="2" hai0="107,24,43,12,42,106,127,66,78,98,123,111,2" hai1="16,46,39,51,47,131,27,104,62,7,102,95,75" hai2="103,96,83,48,9,101,20,49,30,50,40,88,35" hai3="79,17,130,87,91,116,41,38,117,73,8,97,23"/><V105/><F35/><W74/><G130/><T11/><D123/><U14/><E75/><V82/><F40/><W108/><G108/><T10/><D111/><U0/><E104/><V28/><F9/><W59/><G97/><T119/><D2/><U129/><E27/><N who="2" m="16487" /><F105/><W67/><G8/><T93/><D10/><N who="1" m="6231" /><E39/><V109/><F30/><W34/><G34/><T118/><D66/><U54/><E0/><V6/><F109/><W4/><G41/><N who="0" m="15371" /><D24/><U71/><E7/><V63/><F6/><W55/><G4/><N who="0" m="3175" /><D78/><U25/><E25/><V120/><F120/><W100/><G79/><T33/><D33/><U37/><E37/><V52/><F88/><W19/><G91/><N who="0" m="55615" /><D127/><U45/><E71/><V92/><F103/><W44/><G100/><T64/><D64/><U84/><E131/><V110/><F110/><W29/><G67/><T72/><D72/><U85/><E129/><V81/><F63/><W26/><G74/><T68/><D68/><U22/><E62/><V133/><F133/><W18/><G73/><T32/><D32/><U125/><E125/><V53/><AGARI ba="2,1" hai="48,49,50,52,53,81,82,83,92,96,101" m="16487" machi="53" ten="40,12000,1" yaku="8,1,52,3,54,1" doraHai="76" who="2" fromWho="2" sc="224,-42,272,-42,234,136,260,-42" /><INIT seed="2,3,0,4,4,15" ten="182,230,370,218" oya="2" hai0="27,37,87,83,123,127,134,39,25,79,98,126,81" hai1="46,88,60,72,63,53,95,115,109,58,20,36,106" hai2="5,122,12,22,41,31,24,34,9,17,93,113,94" hai3="107,44,120,78,67,4,130,47,13,43,18,16,135"/><V19/><F122/><W65/><G120/><T77/><D123/><U73/><E115/><V52/><F113/><W75/><G107/><T51/><D134/><U101/><E109/><V100/><F41/><W132/><G130/><T82/><D98/><U64/><E106/><V56/><F100/><W55/><G75/><T97/><D97/><U54/><E101/><V2/><F17/><N who="3" m="6763" /><G78/><N who="0" m="29707" /><D51/><AGARI ba="3,0" hai="2,5,9,12,19,22,24,31,34,51,52,56,93,94" machi="51" ten="30,12000,1" yaku="7,1,24,2,52,1,54,1" doraHai="15" who="2" fromWho="0" sc="182,-129,230,0,370,129,218,0" /><INIT seed="2,4,0,5,2,105" ten="53,230,499,218" oya="2" hai0="17,13,38,32,75,74,78,119,63,123,0,31,44" hai1="84,81,71,80,86,121,124,49,115,90,125,48,60" hai2="110,53,41,128,36,117,26,52,1,9,21,58,76" hai3="64,14,132,24,96,103,135,47,16,22,113,23,5"/><V34/><F117/><W39/><G113/><T62/><D123/><U122/><E115/><V126/><F34/><W6/><G64/><T7/><D119/><U87/><E60/><V66/><F76/><W108/><G108/><T15/><D15/><U109/><E71/><V116/><F116/><W43/><G135/><T112/><D112/><U98/><E109/><V68/><F110/><W88/><G132/><T69/><D78/><U72/><E98/><V67/><F128/><W85/><G96/><T95/><D95/><U91/><E87/><V73/><F9/><W42/><G103/><T93/><D93/><U100/><E72/><N who="0" m="27689" /><D69/><U89/><E91/><V40/><F1/><W59/><G59/><T19/><D19/><U101/><AGARI ba="4,0" hai="48,49,80,81,84,86,89,90,100,101,121,122,124,125" machi="101" ten="25,3200,0" yaku="0,1,22,2" doraHai="105" who="1" fromWho="1" sc="53,-12,230,44,499,-20,218,-12" /><INIT seed="3,0,0,5,2,65" ten="41,274,479,206" oya="3" hai0="32,73,80,115,96,70,4,111,54,68,84,88,11" hai1="134,79,133,109,44,122,114,37,97,41,92,43,40" hai2="31,21,98,27,75,81,77,99,112,9,118,93,62" hai3="55,69,45,66,127,100,30,83,76,19,15,57,47"/><W48/><G127/><T135/><D111/><U126/><E109/><V90/><F112/><W58/><G30/><T25/><D115/><U61/><E114/><V20/><F118/><W87/><G100/><T86/><D135/><N who="1" m="51723" /><E126/><V14/><F62/><N who="3" m="38223" /><G69/><T51/><D73/><U24/><E122/><V105/><F105/><W128/><G128/><T53/><D96/><U23/><E79/><V78/><F78/><W16/><G19/><T119/><D119/><U8/><E8/><AGARI ba="0,0" hai="8,15,16,45,47,48,55,58,76,83,87" m="38223" machi="8" ten="30,2900,0" yaku="8,1,54,1" doraHai="65" who="3" fromWho="1" sc="41,0,274,-29,479,0,206,29" /><INIT seed="3,1,0,5,1,95" ten="41,245,479,235" oya="3" hai0="21,93,116,105,9,77,91,98,11,40,75,101,69" hai1="106,128,109,4,55,45,73,39,41,97,131,72,70" hai2="27,81,28,2,111,85,46,36,130,35,57,84,133" hai3="87,26,74,94,43,82,115,96,1,44,88,56,47"/><W12/><G1/><T3/><D116/><U113/><E113/><V15/><F2/><W71/><G71/><T52/><D69/><U17/><E109/><V119/><F111/><W49/><G115/><T80/><D3/><U67/><E4/><V134/><F130/><N who="1" m="49705" /><E55/><V89/><F119/><W68/><G68/><T54/><D40/><U22/><E97/><V51/><F15/><W13/><G74/><T79/><D79/><U24/><E106/><V62/><F85/><W53/><G26/><T59/><D21/><U61/><AGARI ba="1,0" hai="17,22,24,39,41,45,61,67,70,72,73" m="49705" machi="61" ten="30,1100,0" yaku="19,1" doraHai="95" who="1" fromWho="1" sc="41,-4,245,14,479,-4,235,-6" owari="37,-46.3,259,5.9,475,57.5,229,-17.1" /></mjloggm>