<mjloggm ver="2.3"><GO type="225" lobby="0"/><UN n0="%6D%75%75%73%61%6E%6D%75" n1="%72%65%6E%6B%75%6E" n2="%E3%80%93%E3%81%97%E3%83%BC%E3%82%89%E3%80%93" n3="%E6%B8%A9%E2%98%85%E6%83%85%E2%98%85%E6%8E%AA%E2%98%85%E7%BD%AE" dan="16,17,16,18" rate="2114.49,2191.23,2093.83,2205.93" sx="F,M,M,M"/><TAIKYOKU oya="0"/><INIT seed="0,0,0,2,4,106" ten="250,250,250,250" oya="0" hai0="54,73,61,85,69,117,56,96,105,81,7,10,63" hai1="55,11,3,49,32,134,37,2,26,33,116,67,8" hai2="34,122,97,71,119,84,38,76,133,28,42,47,25" hai3="124,79,101,57,131,16,41,135,46,65,83,23,115"/><T21/><D117/><U5/><E37/><V30/><F119/><W78/><G115/><T110/><D110/><U43/><E43/><V128/><F71/><W93/><G135/><T9/><D21/><U87/><E67/><V104/><F133/><W74/><G131/><T64/><D7/><U40/><E134/><V91/><F128/><W103/><G124/><T12/><D12/><U109/><E40/><V95/><F122/><W89/><G79/><T112/><D112/><U45/><E116/><V98/><F104/><W75/><G75/><T13/><D13/><U19/><E109/><V129/><F129/><W120/><G120/><T118/><D118/><U48/><E87/><V39/><F39/><W36/><G57/><T80/><D73/><U94/><E94/><V17/><F30/><W60/><G60/><T68/><D68/><U130/><E130/><V58/><F17/><W90/><G65/><T22/><D22/><U123/><E123/><V14/><F14/><W127/><G90/><T0/><D0/><U113/><E113/><V6/><F6/><W35/><G35/><T62/><D61/><U99/><E99/><V51/><REACH who="2" step="1"/><F76/><REACH who="2" ten="250,250,240,250" step="2"/><W27/><REACH who="3" step="1"/><G127/><REACH who="3" ten="250,250,240,240" step="2"/><T59/><D69/><U66/><E2/><V132/><F132/><W15/><G15/><T52/><D64/><U20/><E3/><V77/><F77/><W102/><G102/><T108/><D108/><U86/><E5/><V82/><F82/><W121/><G121/><T4/><D4/><U24/><E11/><V92/><F92/><W125/><G125/><T126/><D126/><U29/><E8/><RYUUKYOKU ba="0,2" sc="250,-15,250,-15,240,15,240,15" hai2="25,28,34,38,42,47,51,58,84,91,95,97,98" hai3="16,23,27,36,41,46,74,78,83,89,93,101,103" /><INIT seed="1,1,2,4,3,100" ten="235,235,255,255" oya="1" hai0="126,28,59,67,125,18,37,19,130,58,70,10,61" hai1="115,97,114,80,41,21,135,105,116,117,25,93,36" hai2="34,47,15,69,123,84,99,120,101,82,4,20,6" hai3="2,71,104,132,35,77,49,30,55,72,56,43,45"/><U0/><E0/><V103/><F69/><W78/><G132/><T60/><D130/><U107/><E36/><V111/><F34/><W27/><G2/><T75/><D37/><U108/><E41/><V9/><F111/><W110/><G110/><T63/><D75/><U33/><E33/><V122/><F4/><W113/><G113/><N who="1" m="43018" /><E21/><V89/><F47/><W96/><G72/><T11/><D28/><U133/><E80/><V3/><F20/><W26/><G71/><T29/><D29/><U44/><E44/><V7/><REACH who="2" step="1"/><F99/><REACH who="2" ten="235,235,245,255" step="2"/><W64/><G45/><T48/><D70/><U118/><E108/><V51/><F51/><W24/><G35/><T87/><D48/><U40/><E40/><V76/><F76/><W31/><G43/><T14/><D125/><U131/><E131/><V102/><F102/><W92/><G49/><T12/><D126/><U22/><E22/><V65/><F65/><W112/><G64/><T54/><D67/><U8/><E8/><AGARI ba="1,3" hai="3,6,7,8,9,15,82,84,89,101,103,120,122,123" machi="8" ten="40,5200,0" yaku="1,1,53,2" doraHai="100" doraHaiUra="98" who="2" fromWho="1" sc="235,0,235,-55,245,85,255,0" /><INIT seed="2,0,0,4,5,31" ten="235,180,330,255" oya="2" hai0="116,109,40,123,68,47,55,10,67,120,27,41,106" hai1="37,17,95,126,5,99,19,12,54,0,16,107,39" hai2="111,34,21,76,124,50,121,70,23,91,18,115,97" hai3="100,48,11,58,64,94,72,105,81,129,30,112,61"/><V69/><F115/><W33/><G105/><T51/><D106/><U53/><E126/><V49/><F121/><N who="0" m="46666" /><D10/><U114/><E107/><V118/><F124/><W119/><G112/><T62/><D27/><U93/><E114/><V84/><F76/><W74/><G119/><T125/><D125/><U52/><E0/><V29/><F97/><W3/><G81/><T89/><D89/><U7/><E12/><V24/><F118/><W79/><G79/><T102/><D102/><U78/><E78/><V135/><F135/><W42/><G94/><T38/><D116/><U80/><E80/><V71/><F111/><W4/><G100/><T134/><D134/><U1/><E1/><V122/><F122/><W110/><G110/><T85/><D85/><U65/><E65/><V2/><F2/><W87/><G87/><T56/><D109/><U9/><E9/><V98/><F98/><W22/><G22/><T103/><D103/><U14/><E14/><V66/><F66/><W132/><G132/><T90/><D90/><U59/><E59/><V45/><F18/><W15/><G15/><T57/><D41/><U26/><E26/><V88/><F91/><W127/><G127/><T104/><D104/><U25/><E25/><V86/><F86/><W20/><G20/><T113/><D113/><U6/><E99/><V35/><F23/><W73/><G30/><T77/><D77/><U82/><E82/><V92/><F21/><W108/><G108/><T46/><AGARI ba="0,0" hai="38,40,46,47,51,55,56,57,62,67,68" m="46666" machi="46" ten="30,2000,0" yaku="34,2" doraHai="31" who="0" fromWho="0" sc="235,20,180,-5,330,-10,255,-5" /><INIT seed="3,0,0,0,1,42" ten="255,175,320,250" oya="3" hai0="14,10,99,135,44,5,66,23,47,74,119,56,2" hai1="20,107,75,125,12,79,113,19,60,70,81,41,1" hai2="17,92,68,82,128,27,11,133,15,46,93,71,104" hai3="109,120,65,77,28,52,25,91,24,83,124,116,58"/><W90/><G116/><T8/><D119/><U88/><E113/><V80/><F104/><W67/><G120/><T111/><D74/><U105/><E125/><V57/><F71/><W95/><G124/><T84/><D111/><U18/><E1/><V118/><F68/><W39/><G39/><T78/><D135/><U51/><E70/><V130/><F118/><W112/><G112/><T94/><D23/><U0/><E0/><V69/><F69/><W40/><G40/><T21/><D21/><U114/><E60/><V89/><F93/><W110/><G77/><T122/><D122/><U76/><E114/><V3/><F3/><W9/><G83/><T108/><D108/><N who="3" m="41577" /><G9/><T72/><D72/><U36/><E36/><V43/><F133/><W16/><G91/><T33/><D33/><U31/><E31/><V59/><F82/><W87/><G16/><T97/><D8/><U123/><E123/><V49/><F80/><W86/><G86/><T35/><D35/><U54/><E41/><V98/><F27/><N who="3" m="10315" /><G28/><T126/><D126/><U132/><E132/><V53/><REACH who="2" step="1"/><F59/><REACH who="2" ten="255,175,310,250" step="2"/><W103/><G103/><T129/><D2/><U13/><E76/><V100/><F100/><W62/><AGARI ba="0,1" hai="52,58,62,65,67,87,90,95" m="10315,41577" machi="62" ten="30,6000,0" yaku="14,1,10,1,54,1" doraHai="42" who="3" fromWho="3" sc="255,-20,175,-20,310,-20,250,70" owari="235,-16.5,155,-34.5,290,9.0,320,42.0" /></mjloggm>