<mjloggm ver="2.3"><GO type="225" lobby="0"/><UN n0="%E5%B0%8F%E9%B3%A5%E9%81%8A%E7%B7%B4%E7%84%A1%32%31%E6%AD%B3" n1="%6D%75%75%6D%75%72%61" n2="%E3%81%AF%E3%83%BC%E3%81%A1%E3%82%83%E3%82%93" n3="%E6%B8%A9%E2%98%85%E6%83%85%E2%98%85%E6%8E%AA%E2%98%85%E7%BD%AE" dan="16,17,16,16" rate="2182.52,2142.79,2142.19,2171.12" sx="F,F,F,M"/><TAIKYOKU oya="0"/><INIT seed="0,0,0,4,2,59" ten="250,250,250,250" oya="0" hai0="90,89,62,94,54,25,30,102,124,115,45,132,112" hai1="43,8,73,85,35,16,91,129,13,116,36,84,78" hai2="1,68,33,17,93,44,72,79,104,113,69,21,92" hai3="134,133,38,6,75,31,127,0,103,4,52,109,29"/><T47/><D124/><U37/><E116/><V70/><F104/><W20/><G38/><T2/><D2/><U105/><E129/><V27/><F113/><W51/><G127/><T117/><D117/><U106/><E35/><V83/><F1/><W34/><G109/><T110/><D132/><N who="3" m="50793" /><G75/><T121/><D121/><U88/><E73/><V123/><F123/><W46/><G34/><T125/><D125/><U131/><E78/><V42/><REACH who="2" step="1"/><F33/><REACH who="2" ten="250,250,240,250" step="2"/><W22/><G0/><T87/><D112/><U26/><E131/><V49/><AGARI ba="0,1" hai="17,21,27,42,44,49,68,69,70,72,79,83,92,93" machi="49" ten="30,4000,0" yaku="1,1,2,1,0,1,53,0" doraHai="59" doraHaiUra="98" who="2" fromWho="2" sc="250,-20,250,-10,240,50,250,-10" /><INIT seed="1,0,0,0,4,81" ten="230,240,290,240" oya="1" hai0="129,67,95,32,94,73,97,117,125,51,38,131,66" hai1="79,20,100,101,121,76,71,98,25,134,63,58,11" hai2="0,8,104,48,26,96,23,114,31,29,74,5,113" hai3="61,85,119,62,93,133,7,39,43,122,52,78,21"/><U83/><E121/><V47/><F74/><W86/><G122/><T60/><D38/><U84/><E134/><V135/><F135/><W17/><G133/><T99/><D117/><U120/><E120/><V1/><F1/><W92/><G119/><T90/><D73/><U28/><E71/><V65/><F65/><W45/><G7/><T102/><D32/><U19/><E79/><V116/><F116/><W123/><G123/><T36/><D36/><U59/><E98/><V118/><F118/><W80/><G85/><T6/><D6/><U30/><E11/><V16/><F96/><W15/><REACH who="3" step="1"/><G52/><REACH who="3" ten="230,240,290,230" step="2"/><T14/><D125/><U112/><E112/><N who="2" m="43115" /><F104/><W69/><G69/><T87/><D131/><U106/><E58/><V64/><F64/><W57/><G57/><T53/><D129/><U42/><E106/><V124/><F124/><W103/><G103/><N who="1" m="39498" /><E42/><AGARI ba="0,1" hai="0,5,8,16,23,26,29,31,42,47,48" m="43115" machi="42" ten="30,2000,0" yaku="11,1,54,1" doraHai="81" who="2" fromWho="1" sc="230,0,240,-20,290,30,230,0" /><INIT seed="2,0,0,2,2,116" ten="230,220,320,230" oya="2" hai0="25,72,4,106,41,58,100,23,51,134,112,79,123" hai1="103,114,129,33,119,111,35,117,83,9,48,17,109" hai2="0,44,53,78,76,133,97,54,61,34,29,6,127" hai3="36,132,88,40,108,115,74,2,37,27,69,47,87"/><V56/><F127/><W99/><G74/><T95/><D112/><U73/><E73/><V24/><F133/><W105/><G2/><T1/><D134/><U82/><E103/><V31/><F31/><W125/><G132/><T16/><D106/><U3/><E48/><V26/><F26/><W49/><G69/><T30/><D123/><U38/><E38/><V32/><F32/><N who="1" m="12361" /><E82/><V81/><F6/><W65/><G65/><T15/><D79/><U12/><E83/><V75/><F78/><W120/><G120/><T60/><D72/><U128/><E3/><V118/><F0/><W8/><G27/><T77/><D77/><U42/><E42/><V71/><F71/><W62/><G62/><T86/><D1/><U5/><E5/><V98/><F118/><N who="1" m="45065" /><E114/><V121/><F121/><W91/><G115/><T57/><D4/><U80/><E80/><V89/><F89/><N who="3" m="34379" /><G87/><T107/><D60/><U102/><E102/><V55/><REACH who="2" step="1"/><F44/><REACH who="2" ten="230,220,310,230" step="2"/><W131/><G47/><N who="0" m="26095" /><D100/><U66/><E66/><AGARI ba="0,1" hai="24,29,34,53,54,55,56,61,66,75,76,81,97,98" machi="66" ten="40,2000,0" yaku="1,1,53,0" doraHai="116" doraHaiUra="126" who="2" fromWho="1" sc="230,0,220,-20,310,30,230,0" /><INIT seed="2,1,0,2,1,29" ten="230,200,340,230" oya="2" hai0="7,21,111,26,12,57,60,19,95,74,112,2,75" hai1="104,100,28,42,94,81,108,96,127,58,131,85,62" hai2="80,70,50,52,20,92,51,73,43,107,33,27,72" hai3="122,48,86,35,13,135,9,71,115,30,93,114,53"/><V121/><F107/><W61/><G122/><T84/><D111/><U1/><E108/><V117/><F70/><W120/><G120/><T79/><D112/><N who="3" m="43049" /><G135/><T41/><D41/><U31/><E127/><V3/><F117/><W38/><G38/><T25/><D2/><U11/><E131/><V78/><F3/><W105/><G105/><T91/><D7/><U10/><E104/><V116/><F116/><W132/><G132/><T16/><D79/><U59/><E42/><V88/><F121/><W5/><G61/><T134/><D134/><U83/><E1/><V56/><F73/><W65/><G65/><T18/><D26/><U90/><E83/><V4/><F4/><W54/><G71/><T67/><REACH who="0" step="1"/><D19/><REACH who="0" ten="220,200,340,230" step="2"/><U118/><E118/><V110/><F110/><W119/><G119/><T64/><D64/><N who="1" m="38999" /><E59/><V126/><F56/><W76/><G76/><T0/><D0/><U101/><E101/><V89/><F78/><W15/><G15/><T49/><D49/><U124/><E124/><V106/><F50/><W14/><G14/><T125/><D125/><U133/><E133/><V69/><F51/><W87/><G48/><T37/><D37/><U6/><E6/><V17/><F126/><W109/><G109/><T36/><D36/><U34/><E34/><V39/><F33/><W40/><G40/><T24/><D24/><U23/><E31/><V47/><F39/><W98/><G30/><T97/><D97/><U128/><E128/><V103/><F43/><W63/><G35/><T77/><D77/><U99/><E99/><V44/><F17/><W22/><G98/><RYUUKYOKU ba="1,1" sc="220,15,200,15,340,-15,230,-15" hai0="12,16,18,21,25,57,60,67,74,75,84,91,95" hai1="10,11,23,28,81,85,90,94,96,100" /><INIT seed="3,2,1,1,2,129" ten="235,215,325,215" oya="3" hai0="11,63,48,53,72,132,120,58,110,121,88,8,68" hai1="76,38,126,20,25,133,103,96,57,50,114,89,85" hai2="12,94,26,130,13,27,106,79,78,30,62,70,16" hai3="3,117,24,86,55,128,124,15,65,18,127,39,9"/><W135/><G117/><T74/><D110/><U34/><E38/><V5/><F106/><W64/><G128/><T113/><D113/><U19/><E114/><V46/><F130/><W33/><G39/><T14/><D8/><U44/><E34/><V31/><F70/><W84/><G3/><T131/><D131/><U116/><E126/><N who="3" m="48170" /><G135/><T115/><D115/><U71/><E71/><V51/><F62/><W90/><G55/><T118/><D118/><U35/><E35/><V83/><F12/><W95/><G86/><T69/><D132/><U29/><E133/><V22/><F94/><W125/><N who="3" m="48178" /><W37/><DORA hai="1" /><G37/><T23/><D121/><U87/><E116/><V97/><F97/><W6/><G18/><T67/><D120/><U107/><E19/><V32/><F5/><W28/><AGARI ba="2,1" hai="6,9,15,24,28,33,64,65,84,90,95" m="48178" machi="28" ten="40,3900,0" yaku="18,1,52,1" doraHai="129,1" who="3" fromWho="3" sc="235,-15,215,-15,325,-15,215,55" /><INIT seed="3,3,0,0,2,40" ten="220,200,310,270" oya="3" hai0="58,54,79,134,81,82,44,117,113,73,60,4,102" hai1="66,107,116,127,76,122,91,92,95,67,30,128,33" hai2="120,3,38,110,80,10,101,25,42,124,47,90,57" hai3="29,22,20,48,17,63,97,46,106,133,96,135,74"/><W111/><G74/><T132/><D117/><U39/><E122/><V50/><F110/><W31/><G63/><T2/><D113/><U55/><E107/><V64/><F120/><W131/><G111/><T34/><D34/><U28/><E39/><V130/><F124/><W1/><G1/><T9/><D102/><U56/><E33/><V94/><F130/><W100/><G97/><T14/><D82/><U16/><E128/><V93/><F101/><W78/><G78/><T62/><D62/><N who="1" m="36127" /><E76/><V41/><F41/><N who="3" m="24655" /><G131/><T104/><D104/><U15/><E116/><V8/><F3/><W72/><G72/><T77/><D77/><U5/><E5/><V87/><F25/><N who="3" m="14479" /><G22/><T37/><D14/><U6/><E6/><V13/><F8/><W75/><G75/><T86/><D86/><N who="1" m="52343" /><E95/><V45/><F94/><W26/><G26/><T126/><D126/><U109/><E109/><V115/><F93/><W32/><G32/><T98/><D98/><U68/><E68/><V65/><F115/><W85/><G85/><T53/><D37/><U43/><E127/><V59/><F38/><W88/><G88/><T114/><REACH who="0" step="1"/><D114/><REACH who="0" ten="210,200,310,270" step="2"/><U0/><E0/><V69/><F80/><W103/><G103/><T108/><D108/><U11/><E43/><V19/><F87/><W12/><G12/><T21/><D21/><U83/><E83/><V123/><F42/><W112/><G112/><T119/><D119/><U71/><E71/><V35/><F69/><W129/><G129/><T36/><D36/><U7/><E7/><N who="2" m="3295" /><F123/><W23/><G23/><T61/><D61/><U52/><E15/><RYUUKYOKU ba="3,1" sc="210,15,200,-15,310,-15,270,15" hai0="2,4,9,44,53,54,58,60,73,79,81,132,134" hai3="29,31,96,100,106,133,135" /><INIT seed="3,4,1,4,2,126" ten="225,185,295,285" oya="3" hai0="49,77,80,85,27,46,123,18,0,97,101,35,112" hai1="83,9,113,63,33,64,82,16,42,103,6,84,92" hai2="93,122,19,51,55,52,24,58,56,5,66,95,62" hai3="68,57,54,32,106,120,134,38,89,104,1,72,91"/><W25/><G120/><T105/><D123/><U53/><E33/><V10/><F122/><W90/><G68/><T29/><D0/><U79/><E113/><V44/><F24/><W23/><G32/><T40/><D18/><U125/><E125/><V129/><F129/><W111/><G38/><T21/><D35/><U96/><E42/><V50/><F19/><W70/><G70/><T74/><REACH who="0" step="1"/><D112/><REACH who="0" ten="215,185,295,285" step="2"/><U94/><E16/><V41/><F41/><W130/><G1/><AGARI ba="4,2" hai="1,5,10,44,50,51,52,55,56,58,62,66,93,95" machi="1" ten="30,2000,0" yaku="7,1,54,1" doraHai="126" who="2" fromWho="3" sc="215,0,185,0,295,52,285,-32" owari="215,-18.5,185,-31.5,347,44.7,253,5.3" /></mjloggm>