<mjloggm ver="2.3"><GO type="225" lobby="0"/><UN n0="%E5%A4%96%E5%B7%9D%E7%AB%9C%E6%88%90" n1="%E6%A0%B9%E5%85%83%E3%81%8B%E3%82%89%E5%90%B9%E3%81%A3%E9%A3%9B%E3%81%B6" n2="%E2%91%A3%E9%81%BF%E9%81%8A%E6%88%AF%E3%80%90%E6%9D%B1%E5%8D%97%E3%80%91" n3="%E3%82%AF%E3%82%A3%E3%82%A6" dan="16,16,16,16" rate="2135.61,2156.93,2139.19,2112.21" sx="M,F,M,M"/><TAIKYOKU oya="0"/><INIT seed="0,0,0,2,4,83" ten="250,250,250,250" oya="0" hai0="122,75,119,90,8,20,78,28,11,94,77,43,116" hai1="46,72,86,89,127,126,131,63,112,87,21,84,29" hai2="66,109,42,111,56,10,121,13,54,82,48,133,92" hai3="96,115,110,123,47,80,5,60,67,32,23,91,55"/><T99/><D122/><U31/><E131/><V74/><F121/><W62/><G115/><T38/><D43/><U37/><E72/><V14/><F133/><W53/><G32/><T1/><D38/><U59/><E112/><V117/><F117/><W132/><G123/><T114/><D114/><U6/><E89/><V71/><F92/><W15/><G110/><T73/><D28/><U36/><E6/><V85/><F74/><W33/><G33/><T7/><D20/><U39/><E46/><V130/><F130/><W51/><G132/><T134/><D134/><U2/><E2/><V34/><F34/><W120/><G120/><T17/><D17/><U76/><E76/><V19/><F42/><N who="3" m="25079" /><G67/><T118/><D11/><U70/><E70/><V135/><F135/><W27/><G5/><T129/><D129/><U58/><E21/><V3/><F3/><W95/><G80/><T81/><D78/><U107/><E107/><V97/><F71/><W98/><G15/><T79/><D77/><U104/><E104/><V30/><F66/><W0/><G0/><T101/><D75/><U106/><E106/><V88/><F14/><W41/><G41/><T26/><D26/><U113/><E113/><V24/><F97/><W65/><G98/><T12/><D1/><U40/><E40/><V68/><F68/><W105/><G105/><T52/><D52/><N who="3" m="20041" /><G65/><T93/><REACH who="0" step="1"/><D119/><REACH who="0" ten="240,250,250,250" step="2"/><U64/><REACH who="1" step="1"/><E59/><REACH who="1" ten="240,240,250,250" step="2"/><V128/><F128/><W9/><G9/><T108/><D108/><U61/><E61/><V124/><F109/><W16/><AGARI ba="0,2" hai="16,23,27,60,62,91,95,96" m="20041,25079" machi="16" ten="30,4000,0" yaku="8,1,54,2" doraHai="83" who="3" fromWho="3" sc="240,-20,240,-10,250,-10,250,60" /><INIT seed="1,0,0,3,3,117" ten="220,230,240,310" oya="1" hai0="87,64,36,109,12,23,125,46,71,112,122,105,102" hai1="91,76,17,65,61,82,110,86,10,21,52,124,13" hai2="97,99,67,11,131,103,88,101,16,54,55,84,111" hai3="58,47,123,8,75,53,128,56,63,2,73,72,9"/><U24/><E124/><V4/><F111/><W115/><G115/><T42/><D112/><U28/><E110/><V98/><F131/><W66/><G128/><T120/><D109/><U96/><E96/><V130/><F130/><W81/><G47/><T35/><D35/><U7/><E76/><V27/><F67/><W95/><G95/><T57/><D125/><U92/><E82/><V79/><F79/><W20/><G20/><T49/><D105/><U126/><E126/><V44/><F4/><W90/><G123/><N who="0" m="47147" /><D102/><N who="2" m="38922" /><F44/><W127/><G127/><T31/><D87/><U114/><E114/><V40/><F40/><W39/><G39/><T62/><D12/><U78/><E78/><V14/><F27/><W74/><G2/><T121/><N who="0" m="47155" /><T132/><DORA hai="19" /><D132/><U3/><E52/><V22/><F11/><W134/><G134/><T50/><D71/><U119/><E119/><V113/><F113/><W116/><G116/><T129/><D129/><U48/><E48/><V135/><F135/><W94/><G81/><AGARI ba="0,0" hai="14,16,22,54,55,81,84,88,97,98,99" m="38922" machi="81" ten="30,7700,0" yaku="8,1,52,1,54,2" doraHai="117,19" who="2" fromWho="3" sc="220,0,230,0,240,77,310,-77" /><INIT seed="2,0,0,3,4,81" ten="220,230,317,233" oya="2" hai0="124,33,82,105,122,3,120,43,65,46,17,127,20" hai1="94,116,118,130,111,30,60,89,117,11,133,27,7" hai2="63,71,131,55,26,86,14,106,36,9,64,68,93" hai3="104,114,129,47,59,42,22,80,51,23,34,88,29"/><V13/><F106/><W6/><G104/><T61/><D33/><U91/><E111/><V98/><F131/><W35/><G129/><T56/><D3/><U18/><E133/><V112/><F112/><W97/><G114/><T101/><D82/><U78/><E130/><V41/><F71/><W75/><G6/><T126/><D101/><U50/><E78/><V113/><F113/><W5/><G5/><T57/><D105/><U2/><E18/><V15/><F26/><W123/><G123/><N who="0" m="47147" /><D20/><U39/><E39/><V128/><F128/><W4/><G4/><T44/><D17/><U100/><E50/><V16/><F55/><W28/><G59/><N who="0" m="37055" /><D46/><U66/><E94/><V73/><F73/><W74/><G47/><T76/><D76/><U102/><E100/><V67/><F64/><W110/><G110/><T134/><D134/><U72/><E102/><V38/><F98/><W132/><G132/><T58/><D58/><U53/><E72/><V103/><F103/><W21/><G80/><T19/><D19/><U85/><E27/><V108/><F108/><W83/><G83/><T109/><D109/><U25/><E25/><V54/><F9/><W32/><G88/><T125/><N who="0" m="31744" /><DORA hai="96" /><T49/><AGARI ba="0,0" hai="43,44,49,56,57" m="31744,37055,47147" machi="49" ten="60,8000,1" yaku="4,1,18,1,34,2" doraHai="81,96" who="0" fromWho="0" sc="220,80,230,-20,317,-40,233,-20" /><INIT seed="3,0,0,3,2,72" ten="300,210,277,213" oya="3" hai0="79,125,42,110,65,2,62,74,1,19,37,84,20" hai1="47,96,28,134,132,15,120,114,45,0,35,107,113" hai2="92,89,106,127,98,112,44,105,12,94,70,73,81" hai3="8,24,91,52,40,21,76,119,50,116,57,51,71"/><W17/><G71/><T131/><D74/><U115/><E0/><V7/><F70/><W60/><G8/><T68/><D110/><U22/><E120/><V108/><F7/><W30/><G91/><T104/><D104/><N who="2" m="40042" /><F12/><W36/><G30/><T99/><D125/><U90/><E35/><V38/><F44/><W111/><G111/><T88/><D131/><U87/><E107/><V5/><F5/><W14/><G14/><T11/><D42/><U39/><E39/><V83/><F38/><W129/><G36/><T9/><D37/><U133/><E96/><N who="2" m="57359" /><F108/><W10/><G40/><T126/><D126/><U100/><E100/><N who="2" m="60503" /><F127/><W66/><G10/><T58/><D68/><U130/><E130/><V82/><F112/><W118/><G129/><T124/><D124/><U4/><E4/><V18/><F18/><W53/><G53/><T13/><D1/><U34/><E34/><V103/><F103/><W95/><G51/><T135/><D2/><U93/><E15/><V85/><F73/><W69/><REACH who="3" step="1"/><G95/><REACH who="3" ten="300,210,277,203" step="2"/><N who="0" m="56807" /><D9/><U29/><REACH who="1" step="1"/><E28/><REACH who="1" ten="300,200,277,203" step="2"/><V61/><F61/><W54/><G54/><T43/><D13/><U46/><E46/><V97/><F97/><W101/><G101/><T63/><D11/><U75/><E75/><V31/><F31/><W59/><G59/><T128/><D128/><U26/><AGARI ba="0,2" hai="22,26,29,45,47,87,90,93,113,114,115,132,133,134" machi="26" ten="40,5200,0" yaku="1,1,0,1,20,1,53,0" doraHai="72" doraHaiUra="121" who="1" fromWho="1" sc="300,-13,200,72,277,-13,203,-26" /><INIT seed="4,0,0,5,4,132" ten="287,272,264,177" oya="0" hai0="59,91,50,13,6,47,48,34,122,16,17,46,41" hai1="44,82,106,73,116,119,52,114,62,12,81,8,26" hai2="43,94,103,57,28,31,115,39,19,125,77,96,54" hai3="36,84,37,1,111,76,2,33,9,128,63,40,120"/><T110/><D122/><U102/><E114/><V35/><F115/><W42/><G120/><T78/><D34/><U70/><E26/><V71/><F71/><W130/><G111/><T10/><D110/><U53/><E106/><V7/><F35/><W49/><G33/><T112/><D112/><U123/><E102/><V27/><F7/><W134/><G134/><T87/><D78/><U14/><E70/><V107/><F77/><W55/><G9/><T29/><D59/><U85/><E73/><V117/><F107/><W15/><G15/><T68/><D29/><U38/><E38/><N who="3" m="14954" /><G84/><T65/><D65/><U74/><E74/><V11/><F117/><W118/><G118/><T97/><D68/><U86/><E8/><V90/><F39/><W79/><G63/><T5/><D97/><U121/><E62/><V21/><F43/><N who="3" m="16427" /><G55/><N who="0" m="30103" /><D5/><U18/><E18/><V51/><F11/><W25/><G49/><T95/><AGARI ba="0,0" hai="6,10,13,16,17,41,47,50,87,91,95" m="30103" machi="95" ten="30,3000,0" yaku="8,1,54,1" doraHai="132" who="0" fromWho="0" sc="287,30,272,-10,264,-10,177,-10" owari="317,41.7,262,6.2,254,-14.6,167,-33.3" /></mjloggm>