<mjloggm ver="2.3"><GO type="225" lobby="0"/><UN n0="%E3%81%B8%E3%82%80%E3%81%B8%E3%82%80%EF%BC%92%E5%8F%B7" n1="%E3%81%82%E3%81%99%E3%81%AB%E3%82%83%E3%82%80" n2="%E3%81%B7%E3%82%8A%E3%82%93%E8%81%96%E4%BA%BA" n3="%E3%83%B4%E3%83%A0%EF%BC%99%E3%81%A6" dan="17,16,16,17" rate="2149.39,2022.21,2137.58,2175.55" sx="M,F,M,M"/><TAIKYOKU oya="0"/><INIT seed="0,0,0,5,0,131" ten="250,250,250,250" oya="0" hai0="65,83,69,44,63,67,41,133,36,14,73,118,20" hai1="28,57,121,126,119,5,15,43,58,51,93,6,12" hai2="0,23,53,113,88,110,26,77,75,42,76,24,122" hai3="64,19,89,9,52,47,46,2,31,84,25,59,78"/><T115/><D118/><U117/><E121/><V17/><F0/><W87/><G64/><T35/><D115/><U66/><E126/><V39/><F113/><W128/><G128/><T90/><D35/><U13/><E117/><V11/><F122/><W38/><G78/><T61/><D73/><U94/><E119/><V97/><F11/><W129/><G129/><T62/><D62/><U92/><E28/><V68/><F68/><W125/><G125/><T96/><D96/><U10/><E66/><V16/><F110/><W130/><G130/><T29/><D14/><U8/><REACH who="1" step="1"/><E15/><REACH who="1" ten="250,240,250,250" step="2"/><V71/><F71/><W56/><G31/><T34/><D29/><U37/><E37/><V45/><F75/><W54/><G38/><T27/><D34/><U98/><E98/><V30/><F30/><W86/><G86/><T111/><D111/><U134/><E134/><V81/><F97/><W72/><G84/><T3/><D3/><U80/><E80/><V22/><F53/><W55/><G72/><T106/><D133/><U123/><E123/><V124/><F124/><W95/><G2/><T32/><D32/><U7/><E7/><V120/><F120/><W74/><G74/><T105/><D83/><U107/><E107/><V70/><F70/><W104/><G104/><T60/><D105/><U127/><E127/><V100/><F39/><W101/><G87/><T132/><D106/><U1/><E1/><V48/><F100/><W108/><G101/><T135/><D132/><U112/><E112/><V18/><F81/><W91/><G108/><T40/><D135/><U33/><E33/><RYUUKYOKU ba="0,1" sc="250,-10,240,30,250,-10,250,-10" hai1="5,6,8,10,12,13,43,51,57,58,92,93,94" /><INIT seed="1,1,1,5,2,24" ten="240,270,240,240" oya="1" hai0="67,98,72,126,39,51,53,28,8,19,17,96,131" hai1="41,82,74,45,29,54,75,125,26,128,112,15,102" hai2="119,16,18,38,99,135,36,88,91,11,44,48,86" hai3="92,129,108,115,103,23,20,106,0,121,57,34,32"/><U80/><E112/><V50/><F119/><W63/><G121/><T87/><D39/><U70/><E70/><V117/><F117/><W4/><G115/><T89/><D72/><U109/><E128/><V52/><F135/><W55/><G106/><T77/><D131/><U61/><E125/><V133/><F133/><W21/><G129/><T35/><D35/><U107/><E15/><V14/><F99/><N who="0" m="37930" /><D28/><U66/><E102/><V58/><F91/><W27/><G103/><T93/><D67/><U3/><E107/><V101/><F101/><W64/><G92/><T42/><D42/><U85/><E54/><V104/><F104/><W78/><G78/><T25/><D77/><U10/><E109/><V30/><F30/><W111/><G64/><T47/><D126/><U79/><E82/><V1/><F1/><W9/><G27/><T56/><D8/><U76/><E76/><V81/><F18/><N who="0" m="6666" /><D25/><U134/><E134/><V7/><F7/><W132/><G132/><T40/><D40/><AGARI ba="1,1" hai="11,14,16,36,38,40,44,48,50,52,58,81,86,88" machi="40" ten="30,7700,0" yaku="7,1,54,3" doraHai="24" who="2" fromWho="0" sc="240,-80,270,0,240,90,240,0" /><INIT seed="2,0,0,3,1,98" ten="160,270,330,240" oya="2" hai0="59,10,28,123,30,75,105,134,1,110,29,128,39" hai1="27,43,94,129,118,103,87,14,60,112,124,54,58" hai2="6,9,41,76,67,102,71,100,72,56,23,113,16" hai3="32,116,4,88,93,7,119,61,95,96,51,101,78"/><V2/><F71/><W65/><G32/><T42/><D123/><U22/><E112/><V120/><F120/><W0/><G78/><T33/><D110/><U77/><E118/><V69/><F69/><W108/><G108/><T35/><D59/><U79/><E129/><V121/><F121/><W84/><G0/><T80/><D105/><U18/><E43/><V125/><F113/><W50/><G119/><T86/><D134/><U55/><E124/><V44/><F56/><N who="3" m="37031" /><G116/><T47/><D86/><U49/><E27/><V64/><F64/><W92/><G92/><T63/><D63/><U135/><E135/><V91/><F91/><W3/><G3/><T132/><D128/><U8/><E8/><V115/><F67/><W106/><G106/><T131/><D131/><U127/><E127/><V122/><F115/><W26/><G26/><T31/><N who="0" m="7168" /><DORA hai="99" /><T57/><D57/><N who="1" m="32975" /><E87/><V52/><F52/><W5/><AGARI ba="0,0" hai="4,5,7,50,51,84,88,93,95,96,101" m="37031" machi="5" ten="30,7900,0" yaku="8,1,52,2,54,1" doraHai="98,99" who="3" fromWho="3" sc="160,-20,270,-20,330,-39,240,79" /><INIT seed="3,0,0,3,5,127" ten="140,250,291,319" oya="3" hai0="15,120,23,123,105,84,66,133,42,11,21,87,99" hai1="36,25,104,89,22,9,18,121,135,124,86,0,46" hai2="91,45,53,119,40,110,71,52,58,4,24,49,82" hai3="74,5,88,116,50,114,92,14,44,27,81,108,47"/><W1/><G116/><T73/><D73/><U31/><E121/><V103/><F71/><W93/><G114/><T128/><D42/><U48/><E124/><V59/><F119/><W63/><G1/><T61/><D128/><U39/><E135/><V125/><F125/><W2/><G2/><T101/><D133/><U72/><E72/><V32/><F4/><W95/><G108/><T13/><D120/><U65/><E104/><V134/><F134/><W106/><G106/><T78/><D123/><U107/><E107/><V20/><F32/><W57/><G27/><T26/><D78/><U90/><E65/><V35/><F35/><W51/><G74/><T98/><D98/><U43/><E90/><V8/><F8/><N who="3" m="4367" /><G81/><T94/><D105/><U55/><E43/><V131/><F131/><W96/><G92/><T28/><D21/><U100/><E0/><V76/><F103/><W12/><G12/><T10/><D13/><N who="1" m="7471" /><E100/><V80/><F91/><W19/><G19/><T130/><D130/><U79/><E79/><V7/><F7/><W6/><G93/><T77/><D77/><U68/><E68/><V111/><F111/><W3/><G6/><T85/><REACH who="0" step="1"/><D15/><REACH who="0" ten="130,250,291,319" step="2"/><U33/><E22/><V67/><F110/><W117/><G3/><T29/><D29/><U16/><E31/><V70/><F76/><W60/><G117/><T129/><D129/><U30/><E30/><V75/><F75/><W113/><G113/><T34/><D34/><U69/><E33/><V56/><F20/><W17/><G96/><T102/><D102/><U54/><E25/><V41/><F41/><RYUUKYOKU ba="0,1" sc="130,30,250,-10,291,-10,319,-10" hai0="10,11,23,26,28,61,66,84,85,87,94,99,101" owari="160,-34.0,240,-16.0,281,8.1,319,41.9" /></mjloggm>