<mjloggm ver="2.3"><GO type="225" lobby="0"/><UN n0="%E6%A0%B9%E5%85%83%E3%81%8B%E3%82%89%E5%90%B9%E3%81%A3%E9%A3%9B%E3%81%B6" n1="%4E%49%4A%49%49%52%4F" n2="%E6%B8%A9%E2%98%85%E6%83%85%E2%98%85%E6%8E%AA%E2%98%85%E7%BD%AE" n3="%E3%81%86%E3%83%BC%E3%81%B1%E3%83%BC" dan="17,17,16,17" rate="2206.63,2200.66,2176.51,2173.68" sx="F,M,M,M"/><TAIKYOKU oya="0"/><INIT seed="0,0,0,0,3,26" ten="250,250,250,250" oya="0" hai0="124,115,81,133,48,9,76,54,107,36,78,97,74" hai1="89,103,14,79,116,32,12,66,17,62,51,37,119" hai2="55,5,25,125,64,44,134,53,73,13,8,118,92" hai3="24,42,75,113,46,121,126,122,117,39,87,69,101"/><T108/><D115/><U4/><E37/><V19/><F125/><W60/><G113/><T18/><D133/><U49/><E32/><V2/><F134/><W20/><G75/><T0/><D36/><U131/><E131/><V104/><F118/><W27/><G117/><T123/><D123/><N who="3" m="47113" /><G126/><T120/><D78/><U6/><E79/><V21/><F104/><W94/><G27/><T84/><D108/><U83/><E103/><V56/><F73/><W88/><G101/><T50/><D74/><U7/><E116/><V52/><F92/><W80/><G94/><T130/><D130/><U95/><E83/><V1/><REACH who="2" step="1"/><F44/><REACH who="2" ten="250,250,240,250" step="2"/><W132/><G132/><T40/><D107/><U38/><E119/><V96/><F96/><W3/><G3/><T98/><D124/><U28/><E95/><V77/><F77/><W65/><G80/><T70/><D98/><U31/><E89/><V72/><F72/><W112/><G112/><T85/><D97/><U109/><E109/><V29/><F29/><N who="3" m="17543" /><G87/><T16/><D85/><U135/><E28/><V127/><F127/><W110/><G110/><T91/><D120/><U100/><E31/><V106/><F106/><W102/><G102/><T111/><D111/><U128/><E100/><V67/><F67/><W23/><G88/><T15/><D91/><U63/><E135/><V129/><F129/><W86/><G86/><T34/><D84/><U41/><E66/><V90/><F90/><W71/><G71/><T68/><D81/><U33/><E128/><V57/><F57/><W35/><G35/><T22/><D34/><U114/><E114/><RYUUKYOKU ba="0,1" sc="250,-15,250,-15,240,15,250,15" hai2="1,2,5,8,13,19,21,25,52,53,55,56,64" hai3="23,39,42,46,60,65,69" /><INIT seed="1,1,1,1,1,27" ten="235,235,255,265" oya="1" hai0="65,28,118,16,54,10,106,123,26,111,94,11,87" hai1="128,113,58,60,71,104,131,89,64,20,115,57,49" hai2="97,82,101,36,47,73,61,127,93,42,79,99,98" hai3="9,41,17,102,103,68,14,120,40,70,86,116,125"/><U91/><E104/><V72/><F127/><W56/><G120/><T22/><D118/><U133/><E20/><V39/><F39/><W59/><G125/><T62/><D123/><U76/><E76/><V108/><F108/><W18/><G14/><N who="0" m="7255" /><D106/><U4/><E4/><V100/><F73/><W30/><G86/><T126/><D111/><U69/><E89/><V81/><F81/><W63/><G63/><T0/><D0/><U90/><E90/><V52/><REACH who="2" step="1"/><F101/><REACH who="2" ten="235,235,245,265" step="2"/><W95/><G103/><T129/><D126/><U38/><E38/><V25/><F25/><W31/><G102/><T19/><D26/><U46/><E133/><V74/><F74/><W110/><G110/><T50/><D129/><N who="1" m="49739" /><E91/><V45/><F45/><W88/><G88/><T117/><D87/><U23/><E23/><V83/><F83/><W132/><G132/><T33/><D117/><U51/><E113/><V1/><F1/><W107/><G116/><T32/><D22/><U96/><E115/><V5/><F5/><W80/><G80/><T122/><D32/><U134/><E134/><V8/><F8/><W21/><G21/><T3/><D33/><U119/><E119/><V135/><F135/><W24/><G9/><T35/><D11/><U67/><E96/><V105/><F105/><W92/><G107/><T15/><D3/><U37/><E37/><V84/><F84/><W2/><G24/><T85/><D122/><U34/><E46/><V77/><F77/><W13/><G2/><T43/><D85/><U66/><E34/><V53/><F53/><W6/><G6/><T44/><D35/><RYUUKYOKU ba="1,2" sc="235,-15,235,-15,245,15,265,15" hai2="36,42,47,52,61,72,79,82,93,97,98,99,100" hai3="13,17,18,30,31,40,41,56,59,68,70,92,95" /><INIT seed="2,2,2,1,1,11" ten="220,220,260,280" oya="2" hai0="59,32,117,126,43,54,3,104,23,75,8,91,5" hai1="102,12,134,2,129,28,127,1,101,99,41,93,96" hai2="69,16,7,26,68,34,108,92,39,0,15,135,44" hai3="61,45,112,50,36,109,119,17,35,71,128,46,52"/><V40/><F135/><W87/><G35/><T9/><D32/><U123/><E134/><V29/><F108/><W20/><G119/><T111/><D117/><U131/><E123/><V24/><F24/><W37/><G109/><T22/><D104/><U63/><E41/><V51/><F92/><W33/><G33/><T25/><D75/><U66/><E28/><V105/><F105/><W85/><G128/><N who="1" m="49226" /><E127/><V65/><F65/><W121/><G121/><T124/><D111/><U90/><E12/><V62/><F62/><W116/><G112/><T114/><D114/><U95/><E102/><V89/><F89/><W53/><G116/><T130/><D43/><U21/><E21/><N who="2" m="11423" /><F39/><W58/><G71/><AGARI ba="2,2" hai="1,2,63,66,71,90,93,95,96,99,101" m="49226" machi="71" ten="30,1000,0" yaku="19,1" doraHai="11" who="1" fromWho="3" sc="220,0,220,36,260,0,280,-16" /><INIT seed="3,0,0,1,3,61" ten="220,256,260,264" oya="3" hai0="99,97,42,71,76,43,29,38,66,126,87,59,73" hai1="75,27,134,7,90,19,130,85,37,30,34,26,84" hai2="86,28,125,5,41,4,67,56,9,8,33,109,101" hai3="113,15,100,89,96,60,135,105,128,120,6,110,107"/><W129/><G113/><T111/><D73/><U104/><E75/><V2/><F109/><W47/><G120/><T127/><D71/><U121/><E121/><V50/><F125/><N who="0" m="47626" /><D111/><U88/><E104/><V22/><F33/><W79/><G110/><T36/><D29/><U69/><E37/><N who="0" m="14441" /><D87/><U53/><E69/><V77/><F101/><W80/><G135/><T117/><D76/><U114/><E134/><V124/><F124/><W64/><G105/><T65/><D117/><U83/><E114/><V24/><F86/><N who="3" m="50375" /><G47/><T0/><D0/><U44/><E84/><V57/><F77/><W103/><G79/><T17/><D17/><U122/><E85/><V52/><F2/><W39/><G39/><T54/><D99/><U70/><E19/><V51/><F4/><W93/><G107/><T3/><D97/><U63/><E7/><V12/><F5/><W131/><G6/><T74/><D3/><U18/><E70/><V108/><F108/><W45/><G45/><T16/><D16/><U40/><E18/><V68/><F68/><N who="3" m="41991" /><G15/><T92/><D92/><U11/><E122/><V72/><F12/><W48/><G48/><N who="0" m="31175" /><D74/><U20/><E30/><V31/><F31/><W91/><AGARI ba="0,0" hai="91,93,96,100,103,128,129,131" m="41991,50375" machi="91" ten="30,3000,0" yaku="19,1,52,1" doraHai="61" who="3" fromWho="3" sc="220,-10,256,-10,260,-10,264,30" /><INIT seed="3,1,0,3,2,72" ten="210,246,250,294" oya="3" hai0="76,11,100,129,114,96,60,14,90,32,41,57,102" hai1="67,77,85,83,28,127,5,125,121,50,99,20,97" hai2="128,42,70,6,68,65,31,17,35,24,119,93,62" hai3="52,44,112,64,134,122,19,4,26,103,7,56,82"/><W21/><G134/><T38/><D129/><U69/><E121/><V135/><F128/><W133/><G133/><T63/><D32/><U78/><E5/><V113/><F135/><W81/><G112/><T54/><D114/><U13/><E50/><V111/><F113/><W130/><G122/><T98/><D38/><U105/><E67/><V120/><F119/><W58/><G103/><N who="0" m="39467" /><D41/><U73/><E69/><V48/><F120/><W75/><G130/><T47/><D47/><U59/><E59/><N who="3" m="22570" /><G75/><T23/><D23/><U43/><E43/><V89/><F42/><W66/><G81/><T37/><D37/><U124/><E105/><V108/><F6/><N who="3" m="2091" /><G82/><T80/><D76/><N who="1" m="29291" /><E73/><V61/><F70/><W1/><G1/><T36/><D36/><U106/><E106/><V34/><F34/><W3/><G3/><T16/><D63/><U88/><E13/><V104/><F62/><W45/><G45/><T131/><D131/><U39/><E39/><V9/><F48/><AGARI ba="1,0" hai="19,21,26,44,48,52,64,66" m="2091,22570" machi="48" ten="30,2900,0" yaku="8,1,54,1" doraHai="72" who="3" fromWho="2" sc="210,0,246,0,250,-32,294,32" owari="210,-29.0,246,4.6,218,-18.2,326,42.6" /></mjloggm>