<mjloggm ver="2.3"><GO type="225" lobby="0"/><UN n0="%E5%A4%96%E5%B7%9D%E7%AB%9C%E6%88%90" n1="%EF%BC%81%E3%81%BC%E3%81%9F%E3%82%82%E3%81%A1%EF%BC%81" n2="%E3%81%86%E3%81%A3%E3%81%97%E3%83%BC%30%30" n3="%E8%91%89%E5%B1%B1%E9%99%BD%E5%92%8C" dan="16,16,16,16" rate="2116.66,2164.78,2123.91,2121.95" sx="M,M,M,M"/><TAIKYOKU oya="0"/><INIT seed="0,0,0,4,1,88" ten="250,250,250,250" oya="0" hai0="102,24,15,107,54,109,51,23,17,62,61,30,91" hai1="73,128,119,19,1,101,27,103,44,68,13,116,86" hai2="114,58,9,7,123,126,70,96,83,131,16,5,25" hai3="11,18,72,35,4,87,134,12,121,95,22,65,66"/><T60/><D109/><U117/><E73/><V14/><F70/><W41/><G134/><T106/><D102/><U113/><E1/><V0/><F123/><W34/><G72/><T10/><REACH who="0" step="1"/><D91/><REACH who="0" ten="240,250,250,250" step="2"/><U64/><E103/><V40/><F114/><W74/><G121/><T84/><D84/><U124/><E113/><V6/><F126/><W97/><G87/><T82/><D82/><U43/><E124/><V57/><F83/><W118/><G97/><T53/><D53/><U108/><E108/><V38/><F131/><W112/><G112/><T47/><AGARI ba="0,1" hai="10,15,17,23,24,30,47,51,54,60,61,62,106,107" machi="47" ten="30,3000,0" yaku="1,1,0,1,53,0" doraHai="88" doraHaiUra="99" who="0" fromWho="0" sc="240,40,250,-10,250,-10,250,-10" /><INIT seed="0,1,0,3,5,112" ten="280,240,240,240" oya="0" hai0="82,120,128,3,103,69,23,124,60,66,104,102,38" hai1="27,43,45,51,29,114,100,56,98,63,134,12,65" hai2="76,99,106,101,107,30,86,25,44,87,58,73,78" hai3="83,39,28,135,46,75,72,77,110,0,105,11,42"/><T9/><D120/><U95/><E134/><V36/><F107/><W4/><G135/><T16/><D38/><U96/><E114/><V40/><F58/><W15/><G110/><T109/><D124/><U35/><E98/><V80/><REACH who="2" step="1"/><F76/><REACH who="2" ten="280,240,230,240" step="2"/><W119/><G105/><T6/><D104/><U19/><E56/><V20/><AGARI ba="1,1" hai="20,25,30,36,40,44,73,78,80,86,87,99,101,106" machi="20" ten="20,5200,0" yaku="1,1,2,1,0,1,7,1,53,0" doraHai="112" doraHaiUra="117" who="2" fromWho="2" sc="280,-27,240,-14,230,65,240,-14" /><INIT seed="1,0,0,4,4,82" ten="253,226,295,226" oya="1" hai0="93,110,87,134,120,65,12,16,28,9,97,117,113" hai1="135,8,122,126,33,56,53,129,106,89,78,21,68" hai2="18,55,85,124,36,104,14,11,127,90,23,59,112" hai3="119,38,83,79,73,63,69,2,100,94,111,32,70"/><U102/><E33/><V123/><F123/><W34/><G2/><T72/><D113/><U40/><E68/><V48/><F112/><W116/><G38/><T5/><D117/><N who="3" m="45129" /><G111/><T39/><D72/><U64/><E64/><V132/><F104/><W19/><G19/><T95/><D39/><U46/><E122/><V109/><F109/><W131/><G131/><T42/><D42/><U30/><E135/><V88/><F132/><W80/><G83/><T92/><D65/><U133/><E78/><V15/><F36/><W99/><G63/><T54/><D28/><U0/><E126/><N who="2" m="48171" /><F85/><W74/><G74/><T103/><D54/><U52/><E133/><V67/><F67/><W3/><G3/><T51/><D51/><U20/><E53/><V105/><F105/><W24/><G34/><T25/><D134/><U4/><E129/><V47/><F47/><W6/><G6/><AGARI ba="0,0" hai="6,11,14,15,18,23,48,55,59,88,90" m="48171" machi="6" ten="30,2000,0" yaku="18,1,54,1" doraHai="82" who="2" fromWho="3" sc="253,0,226,0,295,20,226,-20" /><INIT seed="2,0,0,1,1,11" ten="253,226,315,206" oya="2" hai0="128,73,93,25,29,105,101,14,62,42,88,86,22" hai1="27,92,50,111,3,17,63,113,103,68,34,87,41" hai2="84,121,38,74,108,112,6,21,36,54,110,106,58" hai3="53,13,97,39,132,12,116,85,18,134,118,81,40"/><V123/><F74/><W26/><G97/><T90/><D128/><U52/><E3/><V82/><F106/><W126/><G53/><T56/><D73/><U30/><E113/><V76/><F112/><W91/><G126/><T49/><D105/><U51/><E111/><N who="2" m="42539" /><F6/><W9/><G26/><T2/><D2/><U98/><E41/><V43/><F21/><N who="3" m="11463" /><G39/><N who="2" m="14889" /><F43/><W119/><G40/><T96/><D86/><U99/><E87/><V24/><F24/><W125/><G125/><T44/><REACH who="0" step="1"/><D14/><REACH who="0" ten="243,226,315,206" step="2"/><U69/><E99/><V115/><F115/><W31/><G119/><T0/><D0/><U15/><E15/><V109/><F109/><W133/><G31/><T48/><D48/><AGARI ba="0,1" hai="48,54,58,76,82,84,121,123" m="14889,42539" machi="48" ten="30,2900,0" yaku="14,1,10,1" doraHai="11" who="2" fromWho="0" sc="243,-29,226,0,315,39,206,0" /><INIT seed="2,1,0,3,4,113" ten="214,226,354,206" oya="2" hai0="42,36,35,80,71,56,0,8,92,64,101,89,95" hai1="77,33,55,70,81,37,6,112,7,133,119,110,107" hai2="14,69,60,43,40,134,93,57,114,9,82,130,61" hai3="124,17,62,123,3,58,132,78,131,39,32,65,26"/><V38/><F114/><W135/><G123/><T109/><D35/><U30/><E112/><V28/><F69/><W121/><G121/><T98/><D71/><U68/><E37/><V54/><F61/><W5/><G39/><T46/><D109/><U11/><E7/><V72/><F28/><N who="3" m="19479" /><G78/><T94/><D0/><U45/><E119/><V117/><F93/><W49/><G49/><T23/><D8/><U66/><E107/><V25/><F82/><W126/><G17/><T76/><D23/><U59/><E45/><V29/><F29/><W128/><G5/><T83/><D83/><U79/><E66/><V100/><F72/><W87/><G87/><T24/><D24/><U53/><E79/><V22/><F25/><W120/><G3/><T103/><D89/><U108/><E30/><V16/><F16/><W74/><G74/><T21/><D21/><U44/><E33/><V31/><F22/><W122/><G120/><T86/><D103/><U18/><E18/><V1/><F14/><W12/><G12/><T34/><D34/><U97/><E44/><V104/><F1/><W99/><G99/><T102/><D102/><U73/><E97/><V20/><F20/><W127/><G122/><T47/><D46/><U2/><E110/><V4/><F4/><W19/><G19/><T106/><D56/><U67/><E108/><V91/><F57/><W50/><G50/><T84/><D64/><U90/><E90/><V41/><F91/><W75/><G75/><T13/><D13/><U88/><E88/><V96/><F96/><W111/><G111/><T52/><D52/><RYUUKYOKU ba="1,0" sc="214,15,226,-15,354,-15,206,15" hai0="36,42,47,76,80,84,86,92,94,95,98,101,106" hai3="58,62,65,124,126,127,128,131,132,135" /><INIT seed="3,2,0,1,5,88" ten="229,211,339,221" oya="3" hai0="33,79,92,70,109,75,115,59,119,108,15,67,86" hai1="76,66,80,27,104,63,121,54,10,135,69,28,11" hai2="2,25,87,93,41,103,8,29,17,102,1,45,90" hai3="84,21,34,129,51,124,19,123,122,126,105,9,112"/><W38/><G38/><T68/><D119/><U61/><E121/><V44/><F44/><W26/><G105/><T52/><D33/><U6/><E104/><V49/><F2/><W18/><G84/><T85/><D115/><U99/><E135/><V78/><F78/><W36/><G51/><T95/><D67/><U120/><E120/><N who="3" m="46122" /><G36/><T24/><D24/><U125/><E125/><N who="3" m="48234" /><G112/><T50/><D75/><U35/><E99/><V96/><F87/><W42/><G42/><T82/><D86/><U97/><E97/><V72/><F72/><W46/><G46/><T100/><D100/><U47/><E6/><V71/><F49/><W81/><G81/><T83/><D82/><U128/><E128/><V62/><F45/><W111/><G129/><T12/><D70/><U133/><E133/><V40/><F40/><W64/><G64/><T110/><D68/><U4/><E4/><V91/><F41/><W20/><G111/><T73/><D73/><U13/><E13/><AGARI ba="2,0" hai="12,13,15,50,52,59,79,83,85,92,95,108,109,110" machi="13" ten="40,8000,1" yaku="14,1,52,2,54,1" doraHai="88" who="0" fromWho="1" sc="229,86,211,-86,339,0,221,0" owari="315,11.5,125,-37.5,339,43.9,221,-17.9" /></mjloggm>