<mjloggm ver="2.3"><GO type="225" lobby="0"/><UN n0="%E8%81%B7%E6%A5%AD%E3%80%81%E9%A2%A8%32" n1="%6D%75%75%6D%75%72%61" n2="%E7%99%BD%E9%9B%AA%E4%B9%83%E6%84%9B" n3="%72%69%6F%75%63%68%61%6E" dan="16,16,16,17" rate="2093.84,2137.67,2055.62,2231.06" sx="M,F,F,M"/><TAIKYOKU oya="0"/><INIT seed="0,0,0,2,1,123" ten="250,250,250,250" oya="0" hai0="120,97,103,40,38,3,42,109,32,105,67,107,77" hai1="92,130,1,29,70,52,14,44,126,21,13,99,25" hai2="121,46,113,114,47,56,135,4,76,89,58,43,62" hai3="60,41,36,104,26,82,35,45,24,78,71,106,37"/><T90/><D120/><U119/><E119/><V0/><F76/><W112/><G112/><T124/><D3/><U102/><E70/><V9/><F121/><W16/><G36/><T31/><D67/><U116/><E116/><V22/><F135/><W33/><G24/><T81/><D124/><U66/><E126/><V39/><F47/><W72/><G16/><T115/><D115/><U132/><E132/><V61/><F22/><W18/><G18/><T63/><D63/><U84/><E1/><V2/><F2/><W49/><G49/><T87/><D42/><U6/><E130/><V131/><F131/><W53/><G53/><T94/><D40/><U20/><E66/><V134/><F134/><W125/><G125/><T85/><D38/><U86/><E20/><V133/><F133/><W65/><G33/><T28/><D32/><U98/><E98/><V110/><F89/><W7/><G7/><T17/><D107/><U79/><E79/><V83/><F83/><W55/><REACH who="3" step="1"/><G55/><REACH who="3" ten="250,250,250,240" step="2"/><T117/><D117/><U59/><E6/><V128/><F4/><W12/><G12/><N who="1" m="4714" /><E44/><V50/><F0/><W100/><G100/><T73/><D17/><U19/><E19/><V101/><F101/><W68/><G68/><T30/><REACH who="0" step="1"/><D109/><REACH who="0" ten="240,250,250,240" step="2"/><U15/><E15/><V75/><F110/><W48/><G48/><AGARI ba="0,2" hai="21,25,29,48,52,59,84,86,92,99,102" m="4714" machi="48" ten="30,2000,0" yaku="8,1,54,1" doraHai="123" who="1" fromWho="3" sc="240,0,250,40,250,0,240,-20" /><INIT seed="1,0,0,0,3,107" ten="240,290,250,220" oya="1" hai0="99,108,122,57,125,45,84,63,32,36,50,101,52" hai1="90,78,28,33,35,88,94,133,132,76,104,100,80" hai2="4,98,54,92,91,81,43,51,42,15,10,22,48" hai3="115,82,74,105,18,11,117,7,113,103,79,19,110"/><U46/><E104/><V20/><F48/><W29/><G110/><T53/><D32/><U5/><E5/><V62/><F62/><W49/><G117/><T89/><D108/><U106/><E106/><V111/><F111/><W135/><G135/><N who="1" m="51786" /><E46/><V16/><F81/><W77/><G29/><T123/><D125/><U86/><E100/><V34/><F34/><N who="1" m="12809" /><E28/><V21/><REACH who="2" step="1"/><F4/><REACH who="2" ten="240,290,240,220" step="2"/><W47/><G115/><T67/><D36/><U17/><E17/><V85/><F85/><AGARI ba="0,1" hai="76,78,80,85,86,88,90,94" m="12809,51786" machi="85" ten="30,2900,0" yaku="20,1,54,1" doraHai="107" who="1" fromWho="2" sc="240,0,290,39,240,-29,220,0" /><INIT seed="1,1,0,1,5,125" ten="240,329,211,220" oya="1" hai0="43,101,12,65,106,70,21,58,0,131,71,122,26" hai1="35,32,112,25,109,81,57,50,23,37,134,39,14" hai2="19,82,73,115,63,85,52,72,20,88,45,86,127" hai3="9,53,77,130,104,41,18,123,67,102,2,69,75"/><U49/><E112/><V90/><F127/><W66/><G123/><T129/><D0/><U103/><E134/><V42/><F115/><W8/><G53/><T91/><D122/><U95/><E109/><V1/><F1/><W55/><G55/><T27/><D43/><U6/><E81/><V36/><F63/><N who="3" m="40159" /><G18/><N who="0" m="10439" /><D58/><U117/><E117/><V47/><F47/><W29/><G9/><T7/><D7/><U107/><E107/><V84/><F52/><W126/><G126/><T96/><D91/><U60/><E14/><V92/><REACH who="2" step="1"/><F85/><REACH who="2" ten="240,329,201,220" step="2"/><W61/><G41/><T44/><D44/><U11/><E60/><V24/><AGARI ba="1,1" hai="19,20,24,36,42,45,72,73,82,84,86,88,90,92" machi="24" ten="20,8000,1" yaku="1,1,2,1,0,1,7,1,54,1,53,0" doraHai="125" doraHaiUra="93" who="2" fromWho="2" sc="240,-21,329,-41,201,93,220,-21" /><INIT seed="2,0,0,1,2,69" ten="219,288,294,199" oya="2" hai0="54,26,48,81,102,129,34,97,79,110,36,27,87" hai1="64,25,124,88,73,63,53,99,45,51,121,2,67" hai2="74,113,116,18,71,86,10,24,123,77,0,84,75" hai3="101,130,8,1,39,98,133,70,6,134,82,56,17"/><V47/><F113/><W66/><G130/><T118/><D129/><U55/><E2/><V59/><F116/><W83/><G70/><T131/><D131/><U92/><E73/><V103/><F71/><W80/><G39/><T85/><D118/><U30/><E124/><V72/><F123/><W33/><G33/><T135/><D36/><U3/><E3/><V38/><F103/><W94/><REACH who="3" step="1"/><G17/><REACH who="3" ten="219,288,294,189" step="2"/><T58/><D34/><U127/><E127/><V37/><F37/><W20/><G20/><T49/><D135/><U117/><E117/><V5/><F18/><W46/><G46/><T52/><D110/><U13/><E121/><V128/><F47/><W95/><G95/><N who="0" m="58687" /><D85/><U104/><E104/><V78/><F38/><W125/><G125/><T11/><D11/><U90/><E92/><V68/><F68/><W28/><G28/><T65/><D65/><U115/><E67/><V109/><F109/><W19/><G19/><T9/><D9/><U111/><E64/><V114/><F128/><W91/><G91/><T89/><D89/><U7/><E111/><V100/><F86/><W105/><G105/><T40/><D40/><U15/><E90/><V93/><F84/><W43/><G43/><T22/><D22/><U122/><E30/><V23/><F93/><W120/><G120/><T31/><D31/><U21/><E122/><V76/><F75/><W32/><G32/><T60/><D87/><U29/><E88/><V41/><F74/><W61/><AGARI ba="0,1" hai="1,6,8,56,61,66,80,82,83,94,98,101,133,134" machi="61" ten="30,4000,0" yaku="1,1,0,1,53,1" doraHai="69" doraHaiUra="57" who="3" fromWho="3" sc="219,-10,288,-10,294,-20,189,50" /><INIT seed="3,0,0,0,0,118" ten="209,278,274,239" oya="3" hai0="127,13,3,123,40,47,121,61,8,57,117,86,52" hai1="135,77,67,27,73,88,100,35,103,116,132,107,82" hai2="104,65,99,62,15,56,17,58,43,42,39,30,46" hai3="130,129,33,72,10,54,18,51,83,53,50,94,29"/><W101/><G33/><T24/><D117/><U34/><E116/><V89/><F30/><W79/><G29/><T59/><D3/><U98/><E67/><V22/><F43/><W97/><G50/><T115/><D115/><U19/><E19/><V85/><F104/><W74/><G72/><T80/><D127/><U4/><E4/><V122/><F99/><W41/><G41/><T11/><D59/><U25/><E103/><V119/><F119/><W91/><G53/><T120/><D24/><N who="1" m="9291" /><E88/><V16/><F17/><W0/><G18/><T92/><D92/><U78/><E78/><V96/><F96/><W106/><G10/><T28/><D28/><U26/><E26/><V49/><F122/><W114/><G0/><T105/><D105/><U134/><AGARI ba="0,0" hai="34,35,73,77,82,98,100,107,132,134,135" m="9291" machi="134" ten="40,1500,0" yaku="20,1" doraHai="118" who="1" fromWho="1" sc="209,-4,278,15,274,-4,239,-7" /><INIT seed="4,0,0,2,2,55" ten="205,293,270,232" oya="0" hai0="53,125,91,129,7,64,101,26,93,43,39,78,29" hai1="134,85,113,9,27,50,13,33,80,16,89,68,42" hai2="104,126,62,128,21,57,11,56,82,117,110,122,35" hai3="28,15,6,30,88,77,123,109,19,66,72,103,5"/><T100/><D125/><U46/><E68/><V52/><F35/><W36/><G109/><T74/><D129/><U111/><E111/><V118/><F110/><W34/><G36/><T98/><D7/><U41/><E134/><V47/><F122/><W105/><G123/><T3/><D3/><U20/><E113/><V63/><F104/><W67/><G77/><T0/><D0/><U107/><E107/><V51/><F126/><W38/><G72/><T84/><D64/><U44/><E33/><V61/><F128/><W40/><G40/><N who="1" m="15466" /><E50/><V97/><F97/><W76/><G76/><T18/><D18/><AGARI ba="0,0" hai="9,13,16,18,20,27,44,46,80,85,89" m="15466" machi="18" ten="30,2000,0" yaku="8,1,54,1" doraHai="55" who="1" fromWho="0" sc="205,-20,293,20,270,0,232,0" owari="185,-31.5,313,41.3,270,7.0,232,-16.8" /></mjloggm>