<mjloggm ver="2.3"><GO type="225" lobby="0"/><UN n0="%E3%81%A4%E3%81%A3%E3%81%B1%E3%82%8A%E3%83%9D%E3%83%BC%E3%83%AB" n1="%E3%82%B7%E3%83%B3%E5%A4%AA%E6%9C%97" n2="%4B%2E%32%2E%4B%2E" n3="%63%68%78%63%63" dan="16,16,16,16" rate="2098.91,2117.75,2135.48,2139.56" sx="M,M,M,M"/><TAIKYOKU oya="0"/><INIT seed="0,0,0,0,2,108" ten="250,250,250,250" oya="0" hai0="26,18,24,20,1,58,133,33,107,116,44,10,31" hai1="97,86,74,125,105,127,70,100,95,3,83,112,114" hai2="129,5,41,99,103,111,61,120,96,118,47,102,32" hai3="55,38,71,28,121,27,82,63,91,50,81,36,90"/><T53/><D107/><U93/><E74/><V42/><F120/><W57/><G121/><T123/><D123/><U34/><E70/><V79/><F32/><W35/><G82/><T65/><D116/><U126/><E34/><V80/><F118/><W30/><G30/><T87/><D133/><U21/><E21/><V6/><F111/><W92/><G81/><T72/><D72/><U122/><E3/><V9/><F61/><W2/><G2/><T15/><D44/><U52/><E52/><V69/><F129/><W115/><G90/><T89/><D65/><U62/><E62/><V64/><F64/><W13/><G13/><T56/><D53/><U43/><E43/><V40/><F47/><W134/><G134/><T77/><D77/><N who="1" m="46447" /><E122/><V19/><F69/><W25/><G71/><T132/><D132/><U59/><E59/><V17/><F80/><W110/><G110/><T22/><D33/><U106/><E93/><V94/><F79/><W8/><G36/><T29/><D1/><U39/><E39/><V46/><F46/><W67/><G38/><T68/><D68/><U131/><E131/><V23/><F23/><W78/><G67/><T4/><D4/><N who="2" m="1642" /><F9/><W76/><G8/><T73/><D73/><U88/><E106/><V54/><F54/><W48/><G76/><T109/><D109/><U113/><E105/><V37/><F37/><W85/><G78/><T11/><D10/><U51/><E51/><N who="3" m="19498" /><G27/><T98/><D58/><U119/><E119/><V12/><F12/><W101/><G101/><AGARI ba="0,0" hai="88,95,97,100,101,112,113,114,125,126,127" m="46447" machi="101" ten="40,16000,3" yaku="11,1,18,1,34,2,52,3,54,1" doraHai="108" who="1" fromWho="3" sc="250,0,250,160,250,0,250,-160" /><INIT seed="1,0,0,0,2,38" ten="250,410,250,90" oya="1" hai0="28,39,114,127,40,73,68,57,26,125,34,129,12" hai1="76,75,9,53,49,60,22,128,19,109,65,46,88" hai2="72,89,37,102,69,63,0,119,79,13,1,43,58" hai3="47,117,112,24,83,66,27,23,105,52,10,111,110"/><U93/><E128/><V5/><F119/><W81/><G117/><T21/><D68/><U16/><E109/><N who="3" m="41482" /><G105/><T51/><D129/><U92/><E75/><V48/><F69/><W84/><G66/><T78/><D114/><U29/><E76/><V82/><F37/><W97/><G97/><T120/><D39/><U41/><E29/><V116/><F116/><W130/><G112/><T91/><D91/><U44/><E9/><V103/><F103/><W132/><G132/><T42/><D120/><U87/><E93/><V135/><F102/><W70/><G70/><T94/><D94/><U32/><E32/><V8/><F135/><W61/><G83/><N who="0" m="45519" /><D12/><N who="1" m="9479" /><E19/><V99/><F99/><W2/><G2/><T107/><D34/><U33/><E33/><V6/><F89/><N who="3" m="51343" /><G10/><T56/><D107/><U20/><E20/><V98/><F98/><W108/><N who="3" m="41490" /><W134/><DORA hai="54" /><G134/><T14/><D21/><U67/><E60/><V74/><F74/><W35/><G35/><T131/><D131/><U101/><E101/><V7/><F1/><W50/><G130/><T113/><D113/><U122/><E122/><V104/><F104/><W90/><G90/><T11/><D11/><U100/><E100/><V18/><F0/><W45/><G61/><T85/><D85/><U115/><E115/><V15/><F5/><W25/><G23/><T30/><D127/><U124/><E124/><V3/><F3/><W77/><G77/><T123/><D125/><U121/><E121/><V64/><F13/><W4/><G4/><T106/><D14/><U36/><E88/><V133/><F133/><RYUUKYOKU ba="0,0" sc="250,-30,410,10,250,10,90,10" hai1="36,41,44,46,49,53,65,67,87,92" hai2="6,7,8,15,18,43,48,58,63,64,72,79,82" hai3="24,25,27,45,47,50,52" /><INIT seed="1,1,0,2,1,17" ten="220,420,260,100" oya="1" hai0="108,79,22,134,88,89,98,6,26,128,8,66,61" hai1="20,5,18,59,65,3,92,120,9,68,29,11,93" hai2="90,28,99,56,83,78,94,39,82,21,63,64,70" hai3="15,53,102,37,114,101,36,72,49,35,71,126,4"/><U129/><E120/><V41/><F39/><W23/><G71/><T58/><D108/><U7/><E129/><V130/><F130/><W103/><G35/><T47/><D128/><U112/><E112/><V123/><F123/><W12/><G72/><T48/><D134/><U107/><E107/><V0/><F0/><W31/><G114/><T60/><D79/><U124/><E124/><V74/><F41/><W119/><G119/><T43/><D98/><U40/><E68/><V45/><F45/><W54/><G126/><T75/><D75/><U67/><E29/><V1/><F1/><W76/><G76/><T13/><D61/><U34/><E40/><V80/><REACH who="2" step="1"/><F70/><REACH who="2" ten="220,420,250,100" step="2"/><W117/><G117/><T122/><REACH who="0" step="1"/><D122/><REACH who="0" ten="210,420,250,100" step="2"/><U69/><E69/><V19/><F19/><AGARI ba="1,2" hai="6,8,13,19,22,26,43,47,48,58,60,66,88,89" machi="19" ten="30,12000,2" yaku="1,1,2,1,7,1,8,1,52,1,54,1,53,1" doraHai="17" doraHaiUra="57" who="0" fromWho="2" sc="210,143,420,0,250,-123,100,0" /><INIT seed="2,0,0,0,4,129" ten="353,420,127,100" oya="2" hai0="56,76,121,26,15,80,104,133,123,100,131,10,128" hai1="32,52,84,63,71,115,96,85,109,1,9,101,2" hai2="91,48,125,20,86,79,28,127,135,55,12,23,92" hai3="5,98,21,43,122,62,103,44,53,42,64,0,45"/><V112/><F112/><W97/><G122/><T113/><D56/><U99/><E115/><V14/><F135/><W46/><G5/><T105/><D26/><U118/><E109/><V11/><F79/><W34/><G0/><T132/><D15/><N who="2" m="5674" /><F11/><W7/><G34/><T93/><D10/><U66/><E99/><V119/><F28/><W30/><G7/><T87/><D93/><U33/><E118/><V78/><F78/><W3/><G3/><T54/><D54/><U81/><E85/><V27/><F27/><W24/><G53/><T111/><D113/><U90/><E1/><V69/><F69/><W35/><G35/><T4/><D4/><U67/><E67/><V57/><F119/><W18/><G18/><T16/><D16/><U94/><E2/><V13/><N who="2" m="5682" /><V47/><DORA hai="41" /><F47/><W74/><G74/><T134/><D111/><U106/><E9/><V38/><F38/><W72/><G72/><T61/><D105/><U108/><E108/><V59/><F57/><N who="3" m="36943" /><G103/><T75/><D75/><U83/><E106/><V124/><AGARI ba="0,0" hai="20,23,48,55,59,86,91,92,124,125,127" m="5682" machi="124" ten="40,2100,0" yaku="18,1" doraHai="129,41" who="2" fromWho="2" sc="353,-7,420,-7,127,21,100,-7" /><INIT seed="2,1,0,1,5,35" ten="346,413,148,93" oya="2" hai0="14,128,20,37,66,102,106,13,23,87,71,80,64" hai1="8,17,77,108,36,110,62,132,135,122,117,84,111" hai2="47,63,85,76,124,18,123,107,54,12,15,90,74" hai3="0,22,83,6,57,116,3,68,94,2,131,7,95"/><V21/><F123/><W86/><G68/><T98/><D37/><U61/><E122/><V32/><F107/><W130/><G116/><T99/><D128/><N who="3" m="49193" /><G22/><T56/><D71/><U46/><E117/><V30/><F124/><W38/><G38/><T69/><D69/><U49/><E36/><V5/><F32/><W134/><G134/><N who="1" m="51242" /><E77/><V41/><F30/><W45/><G45/><T114/><D114/><U24/><E84/><V28/><F28/><W81/><G57/><T33/><D33/><U73/><E73/><V67/><F54/><W119/><G119/><T112/><D112/><U34/><E34/><V89/><F47/><W60/><G60/><T51/><D99/><U100/><E100/><V16/><F41/><W92/><G83/><T79/><D51/><U52/><E24/><V29/><F29/><W93/><N who="3" m="23552" /><DORA hai="19" /><W91/><AGARI ba="1,0" hai="0,2,3,6,7,81,86,91" m="23552,49193" machi="91" ten="50,8000,1" yaku="4,1,19,1,52,3" doraHai="35,19" who="3" fromWho="3" sc="346,-21,413,-21,148,-41,93,83" /><INIT seed="3,0,0,1,5,43" ten="325,392,107,176" oya="3" hai0="96,17,2,127,84,5,23,25,74,128,0,52,41" hai1="77,32,88,135,31,114,92,55,37,123,47,11,125" hai2="134,79,106,53,87,129,68,120,34,97,130,72,30" hai3="91,85,1,121,76,75,118,4,15,58,107,56,64"/><W38/><G118/><T21/><D74/><U124/><E123/><V40/><F68/><W66/><G1/><T115/><D128/><N who="2" m="49258" /><F40/><W8/><G38/><T50/><D127/><U111/><E11/><V71/><F30/><W35/><G107/><T26/><D115/><U101/><E101/><N who="2" m="62767" /><F53/><W36/><G121/><T27/><D96/><U9/><E88/><V126/><F71/><W83/><G36/><T10/><D41/><U20/><E92/><V14/><F14/><W80/><G35/><T65/><D65/><U51/><E77/><V42/><F42/><W122/><G122/><T94/><D94/><U132/><E111/><V45/><F34/><W54/><REACH who="3" step="1"/><G58/><REACH who="3" ten="325,392,107,166" step="2"/><T18/><D2/><U63/><E132/><V33/><F33/><W62/><AGARI ba="0,1" hai="4,8,15,54,56,62,64,66,75,76,80,83,85,91" machi="62" ten="20,7800,0" yaku="1,1,2,1,0,1,7,1,53,0" doraHai="43" doraHaiUra="16" who="3" fromWho="3" sc="325,-26,392,-26,107,-26,166,88" /><INIT seed="3,1,0,1,0,67" ten="299,366,81,254" oya="3" hai0="102,5,59,135,75,134,7,93,98,48,118,21,58" hai1="74,49,19,18,114,37,77,31,52,133,69,82,39" hai2="89,121,78,13,33,60,105,91,120,2,55,9,113" hai3="38,64,119,129,16,40,30,100,25,28,56,72,10"/><W57/><G119/><T45/><D75/><U104/><E114/><V71/><F2/><W20/><G72/><T73/><D118/><U68/><E104/><V63/><F113/><W80/><G129/><T24/><D73/><U43/><E31/><V112/><F112/><W44/><G100/><T26/><D26/><U109/><E109/><V36/><F36/><W70/><G80/><T27/><D27/><U115/><E115/><V61/><F61/><W1/><G1/><T53/><D135/><U32/><E32/><V126/><F13/><W96/><G96/><T23/><D23/><U83/><E133/><V0/><F0/><W97/><G97/><T4/><REACH who="0" step="1"/><D134/><REACH who="0" ten="289,366,81,254" step="2"/><U106/><E74/><V103/><F9/><W132/><G132/><T99/><D99/><U79/><E106/><V50/><F105/><W14/><REACH who="3" step="1"/><G30/><AGARI ba="1,1" hai="4,5,7,21,24,30,45,48,53,58,59,93,98,102" machi="30" ten="40,2600,0" yaku="1,1,8,1,53,0" doraHai="67" doraHaiUra="110" who="0" fromWho="3" sc="289,39,366,0,81,0,254,-29" owari="328,12.8,366,46.6,81,-41.9,225,-17.5" /></mjloggm>