<mjloggm ver="2.3"><GO type="225" lobby="0"/><UN n0="%E6%B4%BE%E9%81%A3%E3%81%AE%E3%82%B8%E3%83%A3%E3%83%83%E3%82%AF" n1="%E3%81%B5%E3%81%98%E3%81%8B%E3%81%A4" n2="%E7%B4%94%E6%BD%94%E3%83%94%E3%83%A9%E3%83%8B%E3%82%A2" n3="%4B%2E%32%2E%4B%2E" dan="17,16,16,16" rate="2182.83,2220.90,2140.07,2125.29" sx="M,M,M,M"/><TAIKYOKU oya="0"/><INIT seed="0,0,0,2,1,76" ten="250,250,250,250" oya="0" hai0="3,92,133,74,112,0,109,72,22,5,131,14,39" hai1="45,132,56,29,106,63,61,6,1,33,118,31,127" hai2="7,10,18,123,102,20,75,120,81,128,129,34,64" hai3="77,130,79,68,35,111,88,57,97,24,117,125,69"/><T94/><D112/><U40/><E118/><V38/><F38/><W91/><G117/><T84/><D39/><U52/><E106/><V82/><F102/><W26/><G111/><T86/><D5/><U12/><E127/><V16/><F34/><W8/><G125/><T54/><D22/><U15/><E132/><V104/><F104/><W113/><G113/><T27/><D27/><N who="3" m="10281" /><G8/><T108/><D14/><U134/><E134/><V114/><F75/><W55/><G35/><T19/><D133/><U83/><E33/><V65/><F20/><W85/><G68/><T73/><D54/><U59/><E1/><N who="0" m="585" /><D19/><N who="2" m="7210" /><F114/><W2/><G69/><T51/><D51/><N who="1" m="27047" /><E6/><V13/><F65/><W9/><G9/><T121/><D121/><N who="2" m="46666" /><F64/><W36/><G36/><T101/><D101/><U122/><E12/><V25/><F25/><W44/><G44/><T105/><D105/><U32/><E15/><V116/><F116/><W11/><G11/><T99/><D99/><U71/><E71/><V47/><F47/><W37/><G37/><T124/><D124/><U67/><E32/><V50/><F50/><W43/><G2/><T96/><D96/><U21/><E21/><V107/><F107/><W4/><G97/><T90/><D108/><U42/><E42/><V70/><F70/><W48/><G43/><T135/><D135/><U89/><E122/><V110/><F110/><W53/><G53/><T58/><D109/><U17/><E17/><V30/><F30/><W93/><G4/><T28/><D28/><U78/><E78/><N who="3" m="29706" /><G91/><N who="0" m="53351" /><D58/><U80/><E89/><V41/><F41/><W98/><G98/><RYUUKYOKU ba="0,0" sc="250,0,250,0,250,0,250,0" hai0="72,73,74,86,90,94,131" hai1="29,31,52,56,59,61,63,67,80,83" hai2="7,10,13,81,82,128,129" hai3="48,55,57,85,88,93,130" /><INIT seed="0,1,0,3,2,4" ten="250,250,250,250" oya="0" hai0="53,112,41,18,67,36,130,16,19,58,7,51,25" hai1="101,91,121,37,126,100,108,52,11,92,23,107,122" hai2="82,59,75,79,27,60,70,35,3,48,113,66,90" hai3="15,73,63,127,38,34,33,86,78,24,31,44,81"/><T115/><D130/><U46/><E37/><V125/><F113/><W72/><G127/><T0/><D25/><U114/><E114/><V106/><F125/><W98/><G34/><T128/><D128/><U102/><E126/><V124/><F124/><W110/><G110/><T111/><D111/><U65/><E65/><V55/><F3/><W21/><G98/><T99/><D67/><U61/><E108/><V77/><F106/><W120/><G120/><T71/><D71/><U8/><E107/><V17/><F17/><W26/><G15/><T129/><D129/><U69/><E69/><V118/><F118/><W39/><G63/><T80/><D80/><U89/><E89/><V84/><REACH who="2" step="1"/><F75/><REACH who="2" ten="250,250,240,250" step="2"/><W2/><G2/><T22/><D112/><U132/><E122/><V94/><F94/><W5/><G5/><T14/><D115/><U10/><E121/><V29/><AGARI ba="1,1" hai="27,29,35,48,55,59,60,66,70,77,79,82,84,90" machi="29" ten="30,7900,0" yaku="1,1,0,1,53,2" doraHai="4" doraHaiUra="74" who="2" fromWho="2" sc="250,-40,250,-21,240,92,250,-21" /><INIT seed="1,0,0,3,2,84" ten="210,229,332,229" oya="1" hai0="71,121,45,52,97,79,135,32,128,73,129,65,61" hai1="99,48,78,98,3,27,12,34,105,107,113,80,109" hai2="11,66,83,74,28,4,18,69,23,33,35,2,114" hai3="111,82,39,53,21,70,133,86,89,9,77,64,130"/><U126/><E3/><V17/><F114/><W103/><G39/><T120/><D32/><U25/><E113/><V57/><F69/><W72/><G111/><T1/><D1/><U115/><E115/><V26/><F66/><W19/><G130/><N who="0" m="50283" /><D97/><U56/><E109/><V50/><F57/><W117/><G133/><T31/><D31/><U108/><E108/><V15/><F50/><W131/><G131/><T41/><D79/><U7/><E126/><V104/><F104/><W119/><G103/><T118/><D73/><U102/><E34/><V30/><F83/><W76/><G9/><T125/><D125/><U24/><E98/><V96/><F74/><W20/><G53/><T40/><D135/><U54/><E107/><V5/><F96/><W92/><G77/><T106/><D106/><U87/><E7/><N who="2" m="1527" /><F18/><W67/><G21/><T36/><D118/><N who="3" m="45065" /><G70/><T94/><D94/><U101/><E101/><V0/><F0/><W13/><AGARI ba="0,0" hai="13,19,20,64,67,72,76,82,86,89,92" m="45065" machi="13" ten="30,2000,0" yaku="12,1,52,1" doraHai="84" who="3" fromWho="3" sc="210,-5,229,-10,332,-5,229,20" /><INIT seed="2,0,0,1,1,66" ten="205,219,327,249" oya="2" hai0="101,29,18,112,95,75,90,48,28,119,13,1,17" hai1="16,19,118,93,36,103,50,11,107,105,70,99,57" hai2="104,0,38,34,56,122,111,124,73,63,106,32,65" hai3="55,7,46,78,54,45,6,134,125,133,53,51,74"/><V60/><F122/><W80/><G125/><T3/><D75/><U47/><E118/><V10/><F124/><W117/><G117/><T4/><D119/><U113/><E113/><V67/><F73/><W61/><G61/><T21/><D101/><U88/><E36/><V81/><F38/><W37/><G37/><T52/><D112/><U72/><E70/><V59/><F81/><W92/><G92/><T12/><D3/><U41/><E72/><V2/><REACH who="2" step="1"/><F10/><REACH who="2" ten="205,219,317,249" step="2"/><W25/><G74/><T77/><D77/><U115/><E11/><V102/><F102/><W76/><G80/><T58/><D1/><U128/><E115/><V132/><F132/><W40/><G76/><T100/><D100/><U84/><E128/><V44/><F44/><W8/><G46/><T14/><D4/><U20/><E107/><V5/><F5/><W30/><G78/><T69/><D69/><U130/><E130/><V43/><F43/><W126/><G126/><T86/><REACH who="0" step="1"/><D13/><REACH who="0" ten="195,219,317,249" step="2"/><U109/><E105/><V49/><F49/><W97/><G6/><T89/><D89/><U121/><E103/><V127/><F127/><W24/><G133/><T135/><D135/><U42/><E88/><V31/><F31/><W26/><G134/><T62/><D62/><U64/><E121/><V129/><F129/><W71/><G71/><T23/><AGARI ba="0,2" hai="12,14,17,18,21,23,28,29,48,52,58,86,90,95" machi="23" ten="20,16000,3" yaku="1,1,0,1,7,1,9,1,25,2,8,1,54,1,53,0" doraHai="66" doraHaiUra="120" who="0" fromWho="0" sc="195,180,219,-40,317,-80,249,-40" /><INIT seed="3,0,0,5,4,39" ten="375,179,237,209" oya="3" hai0="34,88,21,60,101,13,100,98,89,94,120,6,118" hai1="68,114,119,33,113,73,52,90,32,25,83,75,108" hai2="10,127,93,104,47,65,45,131,96,22,48,99,46" hai3="36,9,8,1,78,87,128,95,3,117,74,35,31"/><W80/><G117/><T67/><D34/><U56/><E68/><V4/><F131/><W69/><G69/><T124/><D120/><U79/><E119/><V40/><F127/><W53/><G128/><T112/><D118/><U26/><E108/><V110/><F110/><W86/><G53/><T85/><D124/><U23/><E90/><V132/><F132/><W97/><G36/><T106/><D112/><U61/><E75/><V38/><F65/><W12/><G31/><T28/><D106/><U109/><E109/><V64/><F64/><W107/><G35/><T14/><D14/><U30/><REACH who="1" step="1"/><E33/><REACH who="1" ten="375,169,237,209" step="2"/><V135/><F135/><W126/><G126/><T19/><D88/><U58/><E58/><V123/><F123/><W20/><G74/><T129/><D89/><U134/><E134/><V130/><F130/><W122/><G122/><T29/><D129/><U0/><E0/><V41/><F99/><W17/><G1/><T133/><D98/><U82/><E82/><V125/><F96/><W5/><G3/><T37/><D133/><U27/><E27/><V11/><F125/><W44/><G44/><T66/><D100/><U92/><E92/><V76/><F93/><W115/><G115/><T54/><D94/><U105/><E105/><V111/><F104/><W84/><G107/><T49/><D101/><U59/><E59/><V7/><F47/><W16/><G80/><T102/><D102/><U24/><E24/><V43/><F38/><W121/><G78/><T70/><D37/><U50/><E50/><V2/><F2/><W71/><G71/><T91/><D70/><RYUUKYOKU ba="0,1" sc="375,-10,169,30,237,-10,209,-10" hai1="23,25,26,30,32,52,56,61,73,79,83,113,114" owari="375,47.5,199,-20.1,227,2.7,199,-30.1" /></mjloggm>