<mjloggm ver="2.3"><GO type="225" lobby="0"/><UN n0="%E8%B6%85%E7%B4%9A%E9%B3%B3%E5%87%B0" n1="%E8%83%83%E3%81%A8%E8%85%B8" n2="%6D%75%75%6D%75%72%61" n3="%4C%4F%4C%49%54%41" dan="16,17,16,16" rate="2142.91,2230.75,2133.32,2184.72" sx="M,M,F,F"/><TAIKYOKU oya="0"/><INIT seed="0,0,0,3,1,118" ten="250,250,250,250" oya="0" hai0="23,110,29,60,99,122,113,105,32,59,10,83,116" hai1="50,56,55,18,75,41,51,36,86,95,82,109,103" hai2="71,129,92,130,106,16,54,76,31,4,26,40,39" hai3="2,69,96,98,108,14,19,135,53,27,89,7,17"/><T128/><D116/><U20/><E109/><V94/><F106/><W34/><G69/><T119/><D119/><U81/><E36/><V64/><F4/><W57/><G108/><T97/><D32/><U24/><E75/><V30/><F76/><W134/><G2/><T79/><D10/><U35/><E35/><V25/><F54/><W133/><G7/><T21/><D110/><U77/><E81/><V33/><F40/><W47/><G47/><T131/><D113/><U78/><E78/><V70/><F39/><W43/><G43/><T44/><D44/><U0/><E0/><V37/><F37/><W127/><G127/><T6/><D6/><U85/><E41/><V52/><F52/><W28/><G89/><T74/><D21/><U65/><E65/><V9/><F33/><W117/><G117/><T13/><D105/><U114/><E114/><V107/><F107/><W111/><G111/><T58/><D58/><U80/><E80/><V88/><F9/><N who="3" m="6351" /><G19/><N who="0" m="10735" /><D29/><U66/><E66/><V112/><F64/><W72/><G72/><T3/><D3/><U87/><REACH who="1" step="1"/><E50/><AGARI ba="0,0" hai="27,28,34,50,53,57,96,98,133,134,135" m="6351" machi="50" ten="30,1000,0" yaku="20,1" doraHai="118" who="3" fromWho="1" sc="250,0,250,-10,250,0,250,10" /><INIT seed="1,0,0,3,4,123" ten="250,240,250,260" oya="1" hai0="64,7,96,61,119,99,40,1,128,46,88,76,104" hai1="66,122,115,105,9,14,120,11,12,81,82,17,86" hai2="85,16,4,52,18,133,102,51,132,109,129,106,110" hai3="6,33,79,108,74,65,36,68,55,103,131,10,70"/><U125/><E125/><V101/><F4/><W116/><G55/><T83/><D119/><U95/><E105/><V20/><F85/><W58/><G58/><T100/><D128/><U63/><E115/><V134/><F129/><W59/><G131/><T57/><D7/><U41/><E41/><V135/><F135/><W28/><G59/><T42/><D1/><U60/><E95/><V98/><F102/><W72/><G116/><T126/><D126/><U113/><E113/><V50/><F18/><W54/><G54/><T49/><D40/><U26/><E26/><N who="2" m="14599" /><F51/><W53/><G53/><T37/><D37/><U31/><E31/><V75/><F75/><W8/><G36/><T23/><D23/><U87/><REACH who="1" step="1"/><E17/><REACH who="1" ten="250,230,250,260" step="2"/><V48/><F48/><W35/><G28/><T114/><D114/><U93/><E93/><V44/><AGARI ba="0,1" hai="44,50,52,98,101,106,109,110,132,133,134" m="14599" machi="44" ten="40,8000,1" yaku="20,1,52,2,54,2" doraHai="123" who="2" fromWho="2" sc="250,-20,230,-40,250,90,260,-20" /><INIT seed="2,0,0,0,3,54" ten="230,190,340,240" oya="2" hai0="1,134,49,88,117,23,35,37,55,43,13,83,22" hai1="94,104,121,34,41,52,9,75,40,31,48,46,128" hai2="95,85,112,125,19,50,96,79,89,120,105,124,73" hai3="110,7,27,77,97,76,56,86,99,69,64,78,70"/><V26/><F26/><W36/><G36/><T122/><D122/><U127/><E104/><V28/><F28/><W87/><G110/><T6/><D35/><U47/><E121/><V59/><F19/><W12/><G27/><T8/><D134/><U92/><E127/><N who="2" m="48715" /><F120/><W82/><G70/><T65/><D117/><U98/><E128/><V44/><F44/><W51/><G69/><T30/><D65/><U29/><E75/><V15/><F15/><W24/><G24/><T18/><D37/><U58/><E9/><V74/><F112/><W71/><G71/><T115/><D115/><U108/><E108/><V100/><F50/><W107/><G107/><T17/><D43/><N who="1" m="16459" /><E34/><V101/><F59/><W63/><G51/><T20/><D30/><N who="1" m="11275" /><E92/><N who="2" m="54319" /><F79/><W32/><G32/><T3/><D1/><U53/><E53/><V68/><F68/><W132/><G77/><T38/><D38/><U33/><E33/><V4/><F4/><W21/><G7/><T60/><D3/><U81/><E47/><V72/><F72/><W102/><G76/><T103/><D49/><U123/><E123/><V45/><F45/><W130/><G78/><T5/><D8/><U10/><E10/><V113/><F113/><W16/><G21/><T66/><D20/><U109/><E109/><V119/><F119/><W106/><G64/><T133/><D22/><U126/><E126/><V135/><F135/><W90/><G63/><T11/><D23/><U93/><E46/><V131/><F131/><W111/><G111/><T114/><D133/><U14/><E48/><V129/><F74/><W39/><G132/><RYUUKYOKU ba="0,0" sc="230,0,190,0,340,0,240,0" /><INIT seed="3,1,0,1,5,88" ten="230,190,340,240" oya="3" hai0="18,84,102,80,52,6,108,49,66,76,42,58,83" hai1="24,55,14,12,87,92,113,118,131,132,119,121,37" hai2="45,101,32,70,95,2,105,19,25,47,46,5,22" hai3="74,7,9,15,117,100,31,107,62,39,51,17,85"/><W77/><G39/><T21/><D108/><U96/><E113/><V40/><F105/><W23/><G117/><N who="1" m="44554" /><E121/><V75/><F75/><W122/><G122/><T78/><D6/><U69/><E69/><V123/><F70/><W93/><G74/><T64/><D42/><U27/><E37/><V57/><F32/><W4/><G107/><T3/><D3/><U106/><E106/><V68/><F68/><W71/><G51/><T65/><D102/><U120/><E120/><V10/><F57/><W26/><G62/><T127/><D127/><U82/><E55/><V0/><F0/><W79/><G71/><T86/><D65/><U44/><E44/><V60/><F60/><W67/><G67/><T20/><D20/><U89/><E132/><V8/><F45/><W61/><G61/><T81/><D81/><U115/><E115/><V91/><F46/><W129/><G129/><T33/><D33/><U53/><E53/><V134/><F134/><W35/><G4/><T38/><D38/><U72/><E72/><V29/><F5/><W59/><G59/><T16/><D18/><U73/><E73/><V98/><F40/><W54/><G54/><T48/><D49/><U1/><E1/><V103/><F123/><W50/><G50/><T135/><D135/><U41/><E41/><V111/><F111/><W28/><G28/><T114/><D114/><U125/><E125/><V112/><F112/><W104/><G104/><T43/><D43/><U97/><E131/><V94/><F47/><W133/><G133/><T13/><AGARI ba="1,0" hai="13,16,21,48,52,58,64,66,76,78,80,83,84,86" machi="13" ten="20,12000,2" yaku="0,1,7,1,9,1,8,1,54,2" doraHai="88" who="0" fromWho="0" sc="230,123,190,-31,340,-31,240,-61" owari="353,45.3,159,-34.1,309,10.9,179,-22.1" /></mjloggm>