<mjloggm ver="2.3"><GO type="225" lobby="0"/><UN n0="%E6%A1%9C%E8%8A%B1%E9%96%83%E3%80%85" n1="%E7%BD%AA%E5%88%91%E6%B3%95%E5%AE%9A%E4%B8%BB%E7%BE%A9" n2="%E6%98%93%E5%88%A9%E8%96%A9%E4%BC%AF" n3="%E3%82%A2%E3%83%A1%E3%82%A2%E3%83%A9%E3%83%AC" dan="16,16,16,16" rate="2205.38,2129.24,2039.88,2186.14" sx="M,M,F,M"/><TAIKYOKU oya="0"/><INIT seed="0,0,0,1,5,26" ten="250,250,250,250" oya="0" hai0="114,96,121,81,40,56,43,98,23,130,82,24,27" hai1="83,21,46,73,52,14,59,11,35,109,102,107,97" hai2="112,104,37,106,91,123,42,29,57,115,25,80,28" hai3="70,69,9,2,33,113,41,86,100,108,13,10,135"/><T116/><D114/><U133/><E35/><V48/><F123/><W3/><G113/><T71/><D71/><U17/><E109/><V90/><F37/><W49/><G108/><T55/><D130/><U58/><E133/><V79/><F112/><W72/><G72/><T76/><D116/><U87/><E73/><V47/><F115/><W1/><G100/><T131/><D27/><U117/><E117/><V0/><F0/><W77/><G33/><T78/><D131/><U92/><E107/><V99/><F106/><W128/><G10/><T127/><D127/><U38/><E21/><V124/><F104/><W88/><G77/><N who="0" m="29803" /><D43/><U34/><E34/><V85/><F25/><W63/><G63/><N who="0" m="36255" /><D40/><U30/><E30/><N who="2" m="11883" /><F124/><W19/><G135/><T53/><D53/><U74/><E74/><V44/><F44/><W51/><G128/><T132/><D121/><U12/><E38/><V62/><F99/><N who="0" m="37930" /><D132/><U60/><E14/><V68/><F68/><W120/><G120/><T31/><AGARI ba="0,0" hai="23,24,31,81,82" m="37930,36255,29803" machi="31" ten="30,3000,0" yaku="8,1,52,1" doraHai="26" who="0" fromWho="0" sc="250,30,250,-10,250,-10,250,-10" /><INIT seed="0,1,0,0,0,92" ten="280,240,240,240" oya="0" hai0="61,33,47,107,55,132,123,18,104,57,53,72,135" hai1="118,133,85,25,32,35,75,20,34,76,83,2,128" hai2="64,30,125,86,38,74,28,12,114,37,73,81,9" hai3="121,116,108,88,49,122,111,41,113,90,59,109,80"/><T51/><D72/><U102/><E118/><V40/><F114/><W68/><G68/><T70/><D33/><U48/><E2/><V29/><F125/><W129/><G113/><T78/><D78/><U101/><E128/><V50/><F64/><W56/><G116/><T77/><D77/><U3/><E3/><V96/><F50/><W131/><G41/><T97/><D123/><N who="3" m="47113" /><G80/><T11/><D70/><U130/><E130/><N who="3" m="49674" /><G49/><T120/><D120/><U14/><E133/><N who="0" m="51273" /><D97/><U69/><E69/><V117/><F96/><W21/><G21/><T126/><D126/><U26/><E48/><V60/><F117/><W119/><G119/><T15/><AGARI ba="1,0" hai="11,15,18,47,51,53,55,57,61,104,107" m="51273" machi="15" ten="30,1500,0" yaku="20,1" doraHai="92" who="0" fromWho="0" sc="280,18,240,-6,240,-6,240,-6" /><INIT seed="0,2,0,0,3,66" ten="298,234,234,234" oya="0" hai0="132,92,86,102,2,118,117,101,65,64,123,135,134" hai1="128,11,63,120,99,80,110,16,33,35,112,114,68" hai2="42,7,61,125,70,116,12,131,45,105,0,6,76" hai3="21,88,43,111,1,93,115,108,39,13,126,83,24"/><T22/><D22/><U62/><E120/><V59/><F0/><W31/><G1/><T74/><D2/><U89/><E110/><N who="3" m="42026" /><G115/><N who="1" m="44074" /><E128/><V82/><F105/><W34/><G126/><T95/><D123/><U77/><E89/><V8/><F131/><W27/><G83/><T53/><D53/><U41/><E99/><V30/><F30/><W48/><G13/><T51/><D51/><U9/><E41/><V28/><F28/><N who="3" m="17423" /><G39/><T25/><D25/><U69/><E62/><V67/><F116/><N who="0" m="44650" /><D74/><N who="1" m="43063" /><E63/><V113/><F113/><W71/><G71/><N who="1" m="27210" /><E16/><V46/><F70/><W60/><G60/><T44/><D65/><U124/><E124/><V56/><F125/><W90/><G93/><N who="0" m="35915" /><D64/><U50/><E50/><V122/><F61/><W26/><G26/><T103/><D86/><U3/><E3/><V20/><F67/><W75/><G75/><T73/><D73/><U94/><E94/><V109/><F42/><W119/><G119/><T100/><D100/><U10/><AGARI ba="2,0" hai="9,10,11,33,35" m="27210,43063,44074" machi="10" ten="40,8000,1" yaku="11,1,52,3" doraHai="66" who="1" fromWho="1" sc="298,-42,234,86,234,-22,234,-22" /><INIT seed="1,0,0,5,4,130" ten="256,320,212,212" oya="1" hai0="60,23,98,116,109,59,62,31,117,71,39,84,104" hai1="132,133,21,131,92,118,135,79,107,54,113,64,114" hai2="26,4,53,12,7,93,105,80,49,51,50,122,78" hai3="57,82,72,76,119,73,58,6,56,36,16,8,96"/><U68/><E107/><V0/><F105/><W89/><G119/><T43/><D84/><U17/><E118/><V115/><F0/><W134/><G36/><T46/><D23/><U41/><E131/><V66/><F122/><W27/><G73/><T2/><D2/><U19/><E41/><V38/><F38/><W25/><G134/><T125/><D109/><U32/><E32/><V103/><F66/><W20/><G27/><T102/><D125/><U120/><E120/><V110/><F110/><W94/><REACH who="3" step="1"/><G57/><REACH who="3" ten="256,320,212,202" step="2"/><T100/><D59/><U28/><E114/><V126/><F26/><W106/><G106/><T95/><D116/><U13/><E113/><V69/><F115/><W35/><G35/><T121/><D117/><U75/><E75/><V22/><F69/><W9/><G9/><T128/><D121/><U70/><E70/><V111/><F111/><W48/><G48/><T67/><D128/><U63/><E135/><V15/><F51/><W123/><G123/><T83/><D71/><U5/><E133/><V74/><F50/><W87/><G87/><T101/><D104/><U24/><E132/><V90/><F49/><W55/><G55/><T44/><D39/><U47/><E54/><V124/><F53/><W65/><G65/><T40/><D67/><U42/><E64/><V127/><F127/><W33/><G33/><T11/><D11/><U91/><E68/><V1/><F126/><W97/><G97/><T52/><D98/><U61/><E24/><V81/><F74/><W88/><G88/><T77/><D101/><U29/><E91/><V112/><F124/><RYUUKYOKU ba="0,1" sc="256,-10,320,-10,212,-10,202,30" hai3="6,8,16,20,25,56,58,72,76,82,89,94,96" /><INIT seed="2,1,1,5,2,114" ten="246,310,202,232" oya="2" hai0="125,27,15,37,113,24,66,56,90,85,111,127,0" hai1="61,95,30,46,59,64,23,130,115,96,80,74,84" hai2="89,117,107,7,25,131,12,92,87,78,40,118,33" hai3="122,69,17,47,91,133,49,43,77,20,2,13,8"/><V4/><F107/><W93/><G122/><T83/><D113/><U53/><E74/><V21/><F33/><W116/><G133/><T112/><D0/><U65/><E115/><V28/><F131/><W10/><G69/><T135/><D112/><U129/><E129/><V67/><F67/><W22/><G77/><T48/><D37/><U18/><E30/><V5/><F40/><W109/><G109/><T134/><D15/><N who="1" m="9695" /><E46/><V31/><F31/><W132/><G132/><N who="0" m="50731" /><D111/><U110/><E130/><V52/><F12/><W97/><G116/><T9/><D9/><N who="3" m="3689" /><G2/><T19/><D19/><U126/><E126/><N who="0" m="48137" /><D48/><U50/><E50/><V57/><REACH who="2" step="1"/><F78/><REACH who="2" ten="246,310,192,232" step="2"/><W104/><G104/><T29/><D29/><U11/><E110/><V88/><F88/><W70/><G70/><T120/><D120/><U119/><E64/><V82/><F82/><W79/><G79/><T72/><D72/><U35/><E65/><V102/><F102/><W45/><G91/><T71/><D71/><U54/><E80/><V121/><F121/><W106/><G106/><T123/><D123/><U81/><E81/><V108/><F108/><W68/><G68/><T99/><D24/><U63/><E35/><V94/><F94/><W105/><G105/><T42/><D27/><U128/><E95/><V38/><F38/><W75/><G75/><T51/><D42/><U62/><E128/><V60/><AGARI ba="1,2" hai="4,5,7,21,25,28,52,57,60,87,89,92,117,118" machi="60" ten="30,24000,3" yaku="1,1,0,1,52,2,54,1,53,3" doraHai="114" doraHaiUra="1" who="2" fromWho="2" sc="246,-81,310,-81,192,263,232,-81" /><INIT seed="2,2,0,4,3,126" ten="165,229,455,151" oya="2" hai0="57,101,58,21,110,42,18,77,93,119,16,73,103" hai1="66,71,91,85,124,69,79,27,129,38,96,59,113" hai2="134,14,64,102,54,41,0,87,89,114,23,56,7" hai3="36,133,116,25,49,43,13,20,6,107,3,32,67"/><V130/><F114/><W117/><G107/><T8/><D110/><U127/><E38/><V10/><F130/><W31/><G133/><T22/><D119/><U123/><E129/><V75/><F75/><W35/><G36/><T97/><D42/><U94/><E113/><V118/><F134/><W46/><G67/><T45/><D45/><U128/><E128/><V78/><F102/><W24/><G35/><T34/><D34/><U82/><E123/><V100/><F100/><W26/><G116/><T48/><D73/><U40/><E40/><V122/><F41/><W37/><G37/><T44/><D77/><U108/><E108/><V115/><F115/><W84/><G84/><T50/><D8/><U111/><E111/><V120/><F64/><W83/><G83/><T92/><D44/><U15/><E15/><V131/><F78/><W53/><G43/><T109/><D109/><U28/><E59/><V11/><F23/><W99/><G99/><AGARI ba="2,0" hai="16,18,21,22,48,50,57,58,92,93,97,99,101,103" machi="99" ten="25,6400,0" yaku="22,2,8,1,54,1" doraHai="126" who="0" fromWho="3" sc="165,70,229,0,455,0,151,-70" /><INIT seed="3,0,0,4,1,96" ten="235,229,455,81" oya="3" hai0="133,135,20,30,81,88,86,59,4,89,64,87,31" hai1="94,18,13,127,35,1,91,48,29,114,15,115,32" hai2="22,69,68,34,44,71,7,130,2,98,36,55,113" hai3="83,41,57,123,67,93,124,107,84,95,110,21,134"/><W116/><G116/><T85/><D4/><U8/><E1/><V121/><F22/><W46/><G123/><T102/><D102/><U108/><E108/><V80/><F55/><W118/><G118/><T92/><D86/><U97/><E127/><V72/><F130/><W19/><G107/><T77/><D77/><U74/><E74/><V11/><F98/><W43/><G124/><T14/><D14/><U70/><E70/><V90/><F90/><W47/><G110/><T129/><D129/><U9/><E48/><V122/><F34/><W37/><G134/><N who="0" m="51211" /><D20/><U40/><E40/><N who="2" m="22535" /><F113/><W126/><G126/><T63/><AGARI ba="0,0" hai="30,31,59,63,64,81,85,87,88,89,92" m="51211" machi="63" ten="30,2000,0" yaku="20,1,54,1" doraHai="96" who="0" fromWho="0" sc="235,20,229,-5,455,-5,81,-10" owari="255,5.5,224,-17.6,450,55.0,71,-42.9" /></mjloggm>