<mjloggm ver="2.3"><GO type="225" lobby="0"/><UN n0="%E3%82%B2%E3%82%B9%E8%8C%82%E5%8B%9D" n1="%E6%A1%9C%E8%8A%B1%E9%96%83%E3%80%85" n2="%E6%B4%BE%E9%81%A3%E3%81%AE%E3%82%B8%E3%83%A3%E3%83%83%E3%82%AF" n3="%47%68%6F%73%74%55%30" dan="16,16,17,17" rate="2076.22,2109.31,2237.61,2151.17" sx="F,M,M,M"/><TAIKYOKU oya="0"/><INIT seed="0,0,0,2,2,6" ten="250,250,250,250" oya="0" hai0="108,94,14,102,55,40,34,8,85,18,17,53,12" hai1="109,39,99,92,46,93,20,22,30,118,45,1,41" hai2="71,23,117,90,132,87,124,123,121,103,112,88,13" hai3="15,62,28,66,51,37,31,0,105,83,5,126,98"/><T11/><D34/><U32/><E118/><V122/><F71/><W68/><G37/><T133/><D133/><U89/><E109/><V84/><F112/><W82/><G0/><T27/><D108/><U16/><E1/><V70/><F70/><W73/><G126/><T61/><D27/><N who="1" m="16759" /><E39/><V119/><F124/><W135/><G51/><T111/><D111/><U101/><E32/><V50/><F50/><W104/><G73/><T42/><D102/><U114/><E41/><N who="0" m="15977" /><D61/><U115/><E115/><V38/><F38/><W65/><G62/><T127/><D127/><U33/><E33/><V9/><F23/><W21/><G68/><T91/><AGARI ba="0,0" hai="8,11,12,14,17,18,53,55,85,91,94" m="15977" machi="91" ten="30,6000,0" yaku="8,1,52,2" doraHai="6" who="0" fromWho="0" sc="250,60,250,-20,250,-20,250,-20" /><INIT seed="0,1,0,2,1,105" ten="310,230,230,230" oya="0" hai0="132,87,100,10,125,85,37,44,90,62,8,22,15" hai1="40,17,84,117,127,58,97,76,66,88,109,104,14" hai2="31,3,95,122,99,86,7,96,75,70,33,27,56" hai3="115,130,53,52,102,134,77,103,26,28,135,61,78"/><T55/><D125/><U101/><E109/><V121/><F70/><W20/><G115/><T91/><D132/><N who="3" m="50729" /><G130/><T47/><D100/><N who="3" m="38441" /><G61/><T83/><D22/><U51/><E117/><V19/><F56/><W60/><G60/><T63/><D37/><U120/><E120/><V74/><F86/><W112/><G112/><T11/><D15/><U79/><E127/><V29/><F19/><W30/><G28/><T128/><D128/><U54/><E40/><V46/><F46/><W111/><G111/><T23/><D23/><U48/><E48/><V72/><F31/><W116/><G116/><T34/><D34/><U69/><E66/><V43/><F43/><W126/><G126/><T25/><D25/><U131/><E69/><V133/><F133/><W92/><G92/><T45/><REACH who="0" step="1"/><D55/><AGARI ba="1,0" hai="20,26,30,52,53,55,77,78" m="38441,50729" machi="55" ten="30,2000,0" yaku="20,1,54,1" doraHai="105" who="3" fromWho="0" sc="310,-23,230,0,230,0,230,23" /><INIT seed="1,0,0,2,2,96" ten="287,230,230,253" oya="1" hai0="128,57,85,44,63,73,100,50,116,36,35,87,75" hai1="99,65,14,121,97,56,83,52,19,108,105,77,23" hai2="115,30,109,43,48,82,28,68,114,67,11,94,64" hai3="29,101,15,113,8,120,70,69,6,32,24,7,111"/><U129/><E121/><V133/><F109/><W38/><G120/><T41/><D128/><U26/><E129/><V21/><F133/><W71/><G38/><T95/><D116/><U126/><E126/><V92/><F82/><W33/><G113/><N who="2" m="43017" /><F11/><W13/><G111/><T125/><D125/><U58/><E108/><V53/><F43/><W90/><G90/><T106/><D35/><U130/><E130/><V80/><F80/><W107/><G33/><T102/><D36/><U86/><E105/><V47/><F68/><W10/><G107/><T0/><D0/><U18/><E65/><N who="2" m="25163" /><F21/><W3/><G3/><T12/><D106/><U61/><REACH who="1" step="1"/><E56/><REACH who="1" ten="287,220,230,253" step="2"/><V81/><F81/><W54/><G70/><T39/><D73/><U98/><E98/><V91/><F92/><W103/><G71/><T72/><D75/><U4/><E4/><V124/><F124/><W134/><G69/><T49/><D72/><U76/><E76/><V135/><F135/><W132/><G132/><T59/><D95/><U20/><AGARI ba="0,1" hai="14,18,19,20,23,26,52,58,61,77,83,86,97,99" machi="20" ten="20,12000,1" yaku="1,1,0,1,7,1,8,1,54,1,53,0" doraHai="96" doraHaiUra="1" who="1" fromWho="1" sc="287,-40,220,130,230,-40,253,-40" /><INIT seed="1,1,0,5,4,83" ten="247,350,190,213" oya="1" hai0="118,110,116,59,4,16,130,114,92,90,74,36,126" hai1="125,57,30,0,72,87,50,22,107,109,122,12,34" hai2="89,8,39,41,51,102,47,64,40,67,49,31,68" hai3="45,113,94,103,9,5,79,44,100,84,128,119,101"/><U3/><E72/><V112/><F102/><W76/><G113/><T104/><D104/><U58/><E122/><V55/><F31/><W134/><G134/><T19/><D36/><U133/><E107/><V46/><F8/><W93/><G128/><T77/><D114/><U69/><E69/><V52/><F89/><N who="3" m="53415" /><G119/><T7/><D77/><N who="3" m="29769" /><G94/><T42/><D74/><U88/><E133/><V60/><F112/><W62/><G62/><T28/><D130/><U131/><E131/><V29/><F29/><W1/><G1/><T6/><D28/><U26/><E125/><V73/><F73/><W11/><G5/><T123/><D6/><U117/><E117/><V66/><F39/><W61/><G61/><T43/><D126/><U106/><E106/><V111/><F111/><W105/><G105/><T98/><D123/><U121/><E121/><V10/><F10/><AGARI ba="1,0" hai="9,10,11,44,45,100,101,103" m="29769,53415" machi="10" ten="30,2000,0" yaku="8,1,52,1" doraHai="83" who="3" fromWho="2" sc="247,0,350,0,190,-23,213,23" /><INIT seed="2,0,0,0,2,105" ten="247,350,167,236" oya="2" hai0="55,11,17,91,48,129,6,132,54,28,125,65,36" hai1="1,103,62,83,13,130,85,115,97,40,16,59,70" hai2="112,12,29,77,94,21,61,84,82,111,81,52,88" hai3="14,86,126,110,96,42,8,95,2,123,89,87,76"/><V41/><F112/><W49/><G123/><T122/><D36/><U124/><E1/><V24/><F111/><W60/><G2/><T7/><D28/><U121/><E115/><V26/><F41/><W78/><G126/><T71/><D122/><U68/><E40/><V47/><F24/><W45/><G110/><T127/><D17/><U135/><E135/><V108/><F108/><W99/><G60/><T56/><D129/><U92/><E130/><V3/><F3/><W80/><G78/><T35/><D35/><U53/><E124/><V27/><F27/><W15/><G15/><T113/><D132/><U34/><E34/><V33/><F77/><W18/><AGARI ba="0,0" hai="8,14,18,42,45,49,76,80,86,87,89,95,96,99" machi="18" ten="20,2700,0" yaku="0,1,7,1,8,1" doraHai="105" who="3" fromWho="3" sc="247,-7,350,-7,167,-13,236,27" /><INIT seed="3,0,0,3,4,6" ten="240,343,154,263" oya="3" hai0="57,10,30,79,81,114,43,47,109,52,108,35,100" hai1="25,21,132,8,55,134,32,49,74,87,14,50,20" hai2="7,126,68,88,121,75,67,118,122,60,0,111,82" hai3="61,37,113,124,53,133,107,12,36,62,92,127,9"/><W63/><G107/><T24/><D114/><U135/><E74/><V34/><F118/><W77/><G113/><T4/><D100/><U130/><E130/><V23/><F34/><W42/><G77/><T3/><D47/><N who="1" m="28095" /><E50/><V27/><F111/><W59/><G92/><T98/><D43/><U65/><E65/><V22/><F126/><N who="3" m="48171" /><G133/><T38/><D98/><U128/><E87/><V102/><F102/><W125/><N who="3" m="48179" /><W99/><DORA hai="123" /><G99/><T76/><D38/><N who="3" m="14953" /><G42/><T71/><D71/><U105/><E105/><V85/><F75/><W66/><G53/><T39/><D39/><U48/><E128/><V45/><F45/><W40/><G40/><T5/><D76/><U94/><E94/><V29/><REACH who="2" step="1"/><F23/><REACH who="2" ten="240,343,144,263" step="2"/><W116/><G116/><T90/><D35/><U84/><E21/><V1/><F1/><W129/><G129/><T13/><D3/><U19/><E32/><V2/><F2/><W70/><G70/><T28/><D108/><U56/><E20/><V110/><F110/><W104/><G104/><T117/><D109/><U97/><E134/><V83/><F83/><W78/><G59/><T72/><D57/><U89/><E56/><V106/><F106/><W58/><G58/><T44/><D81/><U103/><E135/><V69/><F69/><W95/><G95/><T112/><D117/><U80/><E132/><V51/><F51/><W86/><G66/><T120/><D112/><U41/><E103/><V26/><F26/><W31/><G63/><T17/><D72/><U11/><E80/><V18/><F18/><W93/><G61/><T16/><D17/><RYUUKYOKU ba="0,1" sc="240,-10,343,-10,144,30,263,-10" hai2="0,7,22,27,29,60,67,68,82,85,88,121,122" owari="230,-17.0,343,44.3,174,-32.6,253,5.3" /></mjloggm>