<mjloggm ver="2.3"><GO type="225" lobby="0"/><UN n0="%72%65%6E%6B%75%6E" n1="%E3%83%97%E3%83%AC%E3%83%B4%E3%82%A1%E3%83%86%E3%82%A3" n2="%E5%B0%8F%E9%B3%A5%E9%81%8A%E7%B7%B4%E7%84%A1%32%31%E6%AD%B3" n3="%77%72%77%72%77%72%77%72" dan="17,16,16,16" rate="2210.28,2103.72,2150.65,2260.91" sx="M,F,F,M"/><TAIKYOKU oya="0"/><INIT seed="0,0,0,0,1,42" ten="250,250,250,250" oya="0" hai0="27,12,101,18,135,105,72,128,46,37,100,71,87" hai1="24,96,13,117,80,89,123,119,56,14,108,0,53" hai2="7,17,112,40,131,95,50,94,35,60,90,45,2" hai3="16,57,92,52,81,4,48,63,130,125,82,75,32"/><T91/><D72/><U106/><E0/><V102/><F112/><W29/><G130/><T120/><D71/><U70/><E70/><V38/><F35/><W54/><G125/><T99/><D120/><U98/><E123/><V5/><F131/><W28/><G75/><T107/><D128/><U79/><E108/><V39/><F2/><W26/><G4/><T133/><D27/><U93/><E24/><V23/><F60/><W44/><G92/><T62/><D62/><U126/><E126/><V77/><F77/><W3/><G3/><T58/><D58/><U124/><E124/><V114/><F39/><W97/><G97/><T36/><D100/><U109/><E109/><V49/><F114/><W116/><G116/><T110/><D105/><U19/><E13/><V41/><F38/><W127/><G127/><T66/><D66/><U15/><E15/><N who="2" m="9663" /><F102/><W85/><G32/><T20/><D110/><U118/><E106/><V59/><F94/><W69/><G69/><T65/><D65/><U68/><E68/><V61/><F61/><W104/><G82/><T51/><D36/><U9/><E98/><N who="2" m="57719" /><F40/><W129/><G129/><T121/><D37/><U134/><E134/><V132/><F132/><W6/><G6/><T55/><REACH who="0" step="1"/><D121/><REACH who="0" ten="240,250,250,250" step="2"/><U67/><E67/><V33/><F33/><W25/><G104/><T47/><D47/><U111/><E111/><V115/><F115/><W73/><G73/><T21/><D21/><U86/><E118/><V10/><F10/><W84/><G44/><T103/><D103/><U30/><E30/><V8/><F8/><W122/><G122/><RYUUKYOKU ba="0,1" sc="240,10,250,10,250,10,250,-30" hai0="12,18,20,46,51,55,87,91,99,101,107,133,135" hai1="9,14,19,53,56,79,80,86,89,93,96,117,119" hai2="5,7,41,45,49,50,59" /><INIT seed="0,1,1,0,5,92" ten="250,260,260,220" oya="0" hai0="113,56,75,12,29,119,111,37,129,130,3,47,116" hai1="74,125,55,18,2,5,46,108,0,33,32,10,83" hai2="9,105,118,40,123,68,13,97,84,77,20,131,53" hai3="58,65,54,41,67,49,44,102,38,76,79,22,23"/><T69/><D69/><U93/><E108/><V30/><F68/><W16/><G22/><T103/><D3/><U36/><E125/><V112/><F123/><W42/><G102/><T122/><D75/><U81/><E0/><V61/><F40/><W107/><G107/><T82/><D29/><U57/><E18/><V19/><F118/><N who="0" m="45098" /><D82/><U117/><E83/><V115/><F131/><N who="0" m="50186" /><D103/><U89/><E117/><V100/><F77/><W86/><G41/><N who="0" m="22959" /><D12/><U110/><E110/><V78/><F78/><W71/><G86/><T101/><D101/><U1/><E1/><V48/><F84/><W26/><REACH who="3" step="1"/><G67/><REACH who="3" ten="250,260,260,210" step="2"/><T109/><D122/><U132/><E74/><V135/><F100/><W134/><G134/><T11/><D11/><U98/><E132/><V24/><F135/><W120/><G120/><T106/><D106/><U126/><E126/><V39/><F105/><W114/><G114/><T43/><D113/><U59/><E81/><V94/><F115/><W91/><G91/><T27/><D43/><U90/><E90/><V51/><F112/><W70/><G70/><T50/><D27/><U85/><E85/><V66/><F24/><W31/><G31/><T62/><D50/><U52/><E36/><V25/><F39/><W128/><G128/><T14/><D14/><U73/><E73/><V88/><F66/><AGARI ba="1,2" hai="56,62,66,109,111" m="22959,50186,45098" machi="66" ten="40,7700,0" yaku="19,1,34,2" doraHai="92" who="0" fromWho="2" sc="250,100,260,0,260,-80,210,0" /><INIT seed="0,2,0,4,2,125" ten="350,260,180,210" oya="0" hai0="63,20,45,117,86,90,118,26,25,85,91,88,16" hai1="120,14,106,99,94,114,10,103,81,73,17,31,23" hai2="42,135,53,113,77,11,98,95,54,92,72,69,102" hai3="109,104,134,7,107,6,35,9,124,40,12,60,33"/><T83/><D117/><U80/><E120/><V34/><F69/><W19/><G124/><T97/><D118/><U1/><E114/><V87/><F34/><W48/><G109/><T128/><D128/><U115/><E115/><V29/><F29/><W18/><G134/><T61/><D97/><U101/><E73/><V129/><F42/><W105/><G60/><T46/><D26/><U55/><E106/><V49/><F113/><W132/><G132/><T41/><D90/><U70/><E70/><V96/><F135/><W30/><G30/><T32/><D32/><U122/><E122/><V0/><F129/><W123/><G123/><T93/><REACH who="0" step="1"/><D45/><REACH who="0" ten="340,260,180,210" step="2"/><U127/><E127/><V108/><F98/><W130/><G33/><T56/><D56/><U4/><E103/><V15/><F102/><W58/><G35/><T39/><AGARI ba="2,1" hai="16,20,25,39,41,46,61,63,83,85,86,88,91,93" machi="39" ten="20,12000,1" yaku="1,1,0,1,7,1,54,2,53,0" doraHai="125" doraHaiUra="28" who="0" fromWho="0" sc="340,136,260,-42,180,-42,210,-42" /><INIT seed="0,3,0,5,4,9" ten="476,218,138,168" oya="0" hai0="50,100,5,45,49,96,101,97,114,10,132,110,17" hai1="108,123,70,56,25,57,15,30,32,22,127,115,20" hai2="116,54,35,31,75,107,46,98,89,11,82,120,13" hai3="52,60,3,61,130,129,21,0,24,63,71,93,4"/><T16/><D114/><U106/><E70/><V99/><F120/><W81/><G71/><T28/><D132/><U18/><E106/><V2/><F2/><W68/><G68/><T91/><D28/><U67/><E123/><V84/><F116/><W34/><G34/><T19/><D110/><U72/><E72/><V102/><F99/><N who="0" m="37962" /><D91/><U59/><E108/><V33/><F31/><W23/><G93/><T124/><D124/><U92/><E115/><V131/><F131/><N who="3" m="50187" /><G81/><T39/><D39/><U73/><E73/><V65/><F65/><W76/><G76/><T78/><D78/><U111/><E111/><V7/><F75/><W88/><G88/><T126/><D126/><U95/><E127/><V134/><F134/><W58/><G21/><T109/><D109/><U55/><E67/><V41/><REACH who="2" step="1"/><F54/><REACH who="2" ten="476,218,128,168" step="2"/><W12/><G0/><T6/><D101/><U118/><E118/><V85/><F85/><W26/><G3/><T36/><D100/><U87/><E87/><V48/><AGARI ba="3,1" hai="7,11,13,33,35,41,46,48,82,84,89,98,102,107" machi="48" ten="20,5200,0" yaku="1,1,0,1,7,1,52,1,53,0" doraHai="9" doraHaiUra="119" who="2" fromWho="2" sc="476,-29,218,-16,128,71,168,-16" /><INIT seed="1,0,0,3,5,63" ten="447,202,199,152" oya="1" hai0="50,81,38,82,49,57,62,87,60,25,77,28,113" hai1="122,125,7,66,12,24,29,30,6,109,129,126,51" hai2="110,132,102,54,67,130,91,32,48,44,13,79,59" hai3="56,33,124,16,71,108,96,17,116,107,11,76,34"/><U90/><E122/><V4/><F130/><W61/><G71/><T14/><D38/><U64/><E129/><V74/><F32/><W86/><G108/><T41/><D113/><U80/><E109/><V22/><F110/><W119/><G124/><N who="1" m="47722" /><E51/><N who="0" m="19465" /><D41/><U72/><E30/><V118/><F102/><W10/><G96/><T93/><D28/><U104/><E104/><V46/><F132/><W53/><G107/><T78/><D25/><U26/><E26/><V131/><F131/><W134/><G134/><T95/><D14/><U3/><E3/><V20/><F118/><N who="3" m="45099" /><G86/><N who="0" m="48431" /><D60/><U18/><E90/><V68/><F91/><W65/><G76/><T1/><D1/><U39/><E39/><V0/><F0/><W43/><G43/><T55/><AGARI ba="0,0" hai="55,57,62,78,82,87,93,95" m="48431,19465" machi="55" ten="30,1100,0" yaku="8,1" doraHai="63" who="0" fromWho="0" sc="447,11,202,-5,199,-3,152,-3" /><INIT seed="2,0,0,5,2,65" ten="458,197,196,149" oya="2" hai0="38,23,51,44,79,126,85,59,132,33,86,56,12" hai1="63,96,121,114,68,118,72,71,125,128,3,16,88" hai2="110,13,27,102,9,26,119,124,64,36,8,109,28" hai3="106,61,1,103,73,113,48,30,116,20,57,10,129"/><V66/><F36/><W83/><G116/><T87/><D33/><U117/><E114/><V2/><F119/><N who="1" m="45577" /><E72/><V131/><F102/><W55/><G113/><T19/><D38/><U90/><E63/><V29/><F131/><W5/><G129/><T52/><D126/><U22/><E128/><V21/><F2/><W78/><G103/><T50/><D132/><U108/><E3/><V89/><F89/><N who="1" m="34409" /><E96/><V6/><F124/><W47/><G106/><T24/><D79/><U104/><E125/><V82/><F82/><W32/><G32/><T135/><D135/><U81/><E81/><V99/><F99/><W122/><G122/><T37/><D37/><U97/><E97/><V39/><F39/><W49/><REACH who="3" step="1"/><G47/><REACH who="3" ten="458,197,196,139" step="2"/><N who="0" m="27743" /><D24/><AGARI ba="0,1" hai="1,5,10,20,24,30,48,49,55,57,61,73,78,83" machi="24" ten="40,2600,0" yaku="1,1,53,1" doraHai="65" doraHaiUra="18" who="3" fromWho="0" sc="458,-26,197,0,196,0,139,36" /><INIT seed="3,0,0,0,2,12" ten="432,197,196,175" oya="3" hai0="3,1,38,126,91,93,119,129,67,86,74,9,37" hai1="63,112,133,14,72,51,64,98,69,101,120,75,132" hai2="82,124,5,28,11,25,76,33,89,104,116,66,80" hai3="15,29,56,62,10,21,13,40,85,81,52,115,122"/><W53/><G115/><T0/><D119/><U6/><E112/><V71/><F116/><W78/><G122/><T99/><D74/><U97/><E120/><V2/><F124/><W44/><G53/><T125/><D129/><U39/><E51/><V48/><F89/><W18/><G29/><T111/><D111/><U31/><E31/><V121/><F121/><W110/><G110/><T46/><D67/><U24/><E24/><V32/><F80/><W127/><G127/><N who="0" m="48651" /><D9/><U123/><E98/><V16/><F48/><N who="3" m="26631" /><G15/><T128/><D128/><U105/><E123/><V42/><F42/><W35/><G35/><T100/><D46/><U60/><E60/><N who="2" m="40391" /><F16/><W22/><AGARI ba="0,0" hai="10,13,18,21,22,52,56,62,78,81,85" m="26631" machi="22" ten="30,6000,0" yaku="8,1,52,1,54,1" doraHai="12" who="3" fromWho="3" sc="432,-20,197,-20,196,-20,175,60" /><INIT seed="3,1,0,4,2,103" ten="412,177,176,235" oya="3" hai0="102,70,93,64,25,47,11,128,39,15,129,21,10" hai1="14,3,76,107,53,4,118,78,67,44,69,113,130" hai2="16,13,119,81,124,110,88,85,54,52,111,30,36" hai3="56,79,131,51,87,133,90,19,50,1,112,18,38"/><W0/><G38/><T58/><D70/><U121/><E113/><V60/><F119/><W5/><G79/><T91/><D102/><U57/><E121/><V28/><F36/><W26/><G5/><T42/><D64/><U27/><E3/><V23/><F124/><W132/><G87/><N who="0" m="52479" /><D15/><U125/><E107/><V115/><F115/><W99/><G56/><T41/><D41/><U62/><E125/><V105/><F105/><W55/><G19/><N who="0" m="12479" /><D58/><U20/><E130/><AGARI ba="1,0" hai="10,11,39,42,47,128,129,130" m="12479,52479" machi="130" ten="30,1000,0" yaku="19,1" doraHai="103" who="0" fromWho="1" sc="412,13,177,-13,176,0,235,0" owari="425,52.5,164,-33.6,176,-22.4,235,3.5" /></mjloggm>