<mjloggm ver="2.3"><GO type="225" lobby="0"/><UN n0="%E5%A4%96%E5%B7%9D%E7%AB%9C%E6%88%90" n1="%E7%B4%94%E6%BD%94%E3%83%94%E3%83%A9%E3%83%8B%E3%82%A2" n2="%E8%90%BD%E6%97%A5" n3="%E3%83%AD%E3%83%83%E3%83%86%E9%9B%80%E7%90%83" dan="16,17,18,17" rate="2204.29,2255.95,2188.19,2256.19" sx="M,M,F,M"/><TAIKYOKU oya="0"/><INIT seed="0,0,0,4,1,56" ten="250,250,250,250" oya="0" hai0="95,41,71,19,96,126,92,125,82,77,42,37,22" hai1="130,21,88,39,73,53,108,44,110,72,117,105,58" hai2="9,98,4,128,127,14,10,13,134,32,121,85,90" hai3="119,47,33,116,99,76,66,62,25,15,103,111,46"/><T29/><D29/><U104/><E39/><V132/><F121/><W59/><G111/><N who="1" m="42538" /><E44/><V106/><F32/><W89/><G89/><T6/><D6/><U63/><E117/><V78/><F128/><W27/><G76/><T0/><D0/><U52/><E130/><V7/><F127/><N who="0" m="48650" /><D71/><U54/><E21/><V114/><F114/><W24/><G33/><T40/><D37/><U8/><E8/><V87/><F78/><W133/><G133/><T67/><D67/><N who="1" m="39415" /><E88/><V38/><F38/><W109/><G109/><T51/><D96/><U26/><E26/><V65/><F65/><W20/><G119/><T5/><D5/><U55/><E55/><V97/><REACH who="2" step="1"/><F90/><REACH who="2" ten="250,250,240,250" step="2"/><W2/><G116/><T48/><D77/><U94/><E94/><N who="0" m="35881" /><D82/><U81/><E81/><V49/><F49/><W23/><G66/><T79/><D79/><U107/><AGARI ba="0,1" hai="52,53,54,72,73,104,105,107" m="39415,42538" machi="107" ten="40,5200,0" yaku="14,1,52,1,54,1" doraHai="56" who="1" fromWho="1" sc="250,-26,250,62,240,-13,250,-13" /><INIT seed="1,0,0,0,2,121" ten="224,312,227,237" oya="1" hai0="14,68,31,60,47,48,16,1,70,66,41,59,128" hai1="100,134,21,34,61,135,38,126,74,129,83,109,95" hai2="55,12,85,113,98,30,77,29,125,93,3,80,130" hai3="133,106,8,22,5,6,18,25,92,13,122,24,20"/><U110/><E34/><V39/><F125/><W10/><G106/><T112/><D112/><U11/><E126/><V104/><F3/><N who="3" m="63" /><G92/><T46/><D1/><U105/><E105/><V51/><F130/><W2/><G133/><N who="1" m="50698" /><E129/><V132/><F113/><W27/><G122/><T23/><D128/><U28/><E38/><V62/><F39/><W103/><G103/><T108/><D108/><N who="1" m="41579" /><E11/><AGARI ba="0,0" hai="2,6,10,11,13,18,20,22,24,25,27" m="63" machi="11" ten="30,8000,1" yaku="35,5" doraHai="121" who="3" fromWho="1" sc="224,0,312,-80,227,0,237,80" /><INIT seed="2,0,0,1,3,30" ten="224,232,227,317" oya="2" hai0="77,49,107,46,127,132,122,89,10,32,53,126,90" hai1="9,78,24,101,63,97,75,76,94,62,37,22,33" hai2="85,34,38,104,47,86,19,88,99,83,48,117,84" hai3="109,21,72,54,68,39,130,35,4,31,0,1,29"/><V105/><F117/><W13/><G72/><T121/><D132/><U15/><E37/><V73/><F38/><W135/><G68/><T8/><D107/><U14/><E33/><V108/><F108/><W124/><G39/><T96/><D77/><U44/><E44/><V51/><F51/><W129/><G124/><N who="0" m="47659" /><D32/><U133/><E133/><V74/><F34/><W131/><G135/><T115/><D115/><U11/><E14/><V113/><F113/><W20/><G109/><T100/><D90/><U57/><E75/><N who="2" m="28683" /><F19/><N who="3" m="10351" /><G54/><T82/><D100/><U43/><E43/><V102/><F48/><W52/><G52/><T2/><D2/><N who="3" m="1129" /><G35/><T71/><D71/><U55/><E63/><V114/><F47/><W42/><G42/><T45/><D45/><U25/><E11/><V5/><F5/><W58/><G58/><T70/><D70/><U56/><E56/><V87/><F114/><W41/><G41/><T128/><D96/><U3/><E3/><V103/><F103/><W134/><G134/><T118/><D118/><U6/><E22/><V91/><F105/><W16/><G4/><T93/><D8/><U36/><E36/><V92/><AGARI ba="0,0" hai="83,84,85,86,87,88,91,92,99,102,104" m="28683" machi="92" ten="30,18000,2" yaku="35,5,54,1" doraHai="30" who="2" fromWho="2" sc="224,-60,232,-60,227,180,317,-60" /><INIT seed="2,1,0,4,1,100" ten="164,172,407,257" oya="2" hai0="114,77,68,20,122,47,90,125,79,24,4,23,108" hai1="134,101,53,1,91,112,34,118,56,128,39,93,15" hai2="10,124,38,127,29,3,107,83,105,135,25,88,32" hai3="7,97,57,43,126,62,130,46,132,49,14,37,85"/><V0/><F38/><W45/><G126/><N who="2" m="48169" /><F135/><W27/><G130/><T52/><D114/><U120/><E101/><V44/><F44/><W72/><G72/><T84/><D122/><U78/><E1/><N who="2" m="587" /><F10/><W67/><G132/><T110/><D125/><U65/><E39/><V109/><F109/><N who="0" m="42090" /><D4/><U131/><E131/><V94/><F83/><W30/><G97/><AGARI ba="1,0" hai="25,29,32,88,94,97,105,107" m="587,48169" machi="97" ten="30,11600,0" yaku="18,1,52,2,54,1" doraHai="100" who="2" fromWho="3" sc="164,0,172,0,407,119,257,-119" /><INIT seed="2,2,0,1,1,134" ten="164,172,526,138" oya="2" hai0="124,112,91,14,18,64,102,54,50,45,60,105,128" hai1="41,9,11,10,129,118,27,42,67,70,30,108,39" hai2="36,38,3,123,88,31,52,119,5,15,97,110,103" hai3="61,99,85,94,100,20,24,121,37,83,48,122,93"/><V23/><F119/><W49/><G37/><T86/><D112/><U66/><E118/><V89/><F123/><W68/><G122/><T29/><D128/><U2/><E129/><V34/><F110/><W135/><G135/><T117/><D117/><U12/><E108/><V107/><F36/><W95/><G121/><T6/><D6/><U32/><E2/><V76/><F38/><W125/><G68/><T81/><D29/><U0/><E0/><V33/><F76/><W53/><G61/><T62/><D124/><U106/><E106/><V109/><F109/><W69/><G69/><T132/><D132/><U80/><E12/><V63/><F3/><W16/><G125/><T90/><D90/><U98/><E98/><V47/><F34/><W75/><G75/><T19/><D19/><U78/><E70/><V87/><F89/><W131/><G131/><T133/><D64/><U120/><E120/><V46/><F33/><W127/><G127/><T82/><D82/><U28/><E30/><V35/><F35/><W43/><G43/><T56/><D56/><U13/><E13/><V77/><F77/><N who="3" m="46319" /><G48/><T59/><D59/><AGARI ba="2,0" hai="16,20,24,49,53,59,93,94,95,99,100" m="46319" machi="59" ten="30,2000,0" yaku="8,1,54,1" doraHai="134" who="3" fromWho="0" sc="164,-26,172,0,526,0,138,26" /><INIT seed="3,0,0,0,1,89" ten="138,172,526,164" oya="3" hai0="88,39,21,5,14,11,91,16,67,1,7,122,130" hai1="35,102,128,97,66,55,15,87,42,110,48,76,126" hai2="51,25,68,62,111,40,98,104,61,129,80,125,120" hai3="71,19,53,78,0,131,49,52,106,23,119,34,9"/><W2/><G119/><T64/><D122/><U58/><E35/><V99/><F111/><W65/><G34/><T60/><D39/><U127/><E110/><V113/><F113/><W112/><G112/><T124/><D124/><N who="1" m="47659" /><E128/><V37/><F37/><W4/><G106/><T17/><D130/><U107/><E42/><V105/><F68/><W33/><G33/><T72/><D72/><U44/><E15/><V10/><F40/><W29/><G29/><T115/><D115/><U47/><E66/><N who="0" m="25129" /><D60/><U50/><E50/><V70/><F70/><W27/><G131/><T118/><D118/><U20/><E20/><V86/><F105/><W59/><G53/><T83/><D1/><U123/><E123/><V84/><F120/><W22/><G22/><T75/><D75/><U69/><E69/><V90/><F125/><W12/><REACH who="3" step="1"/><G78/><REACH who="3" ten="138,172,526,154" step="2"/><T46/><D46/><U101/><E47/><V73/><F129/><W93/><G93/><T100/><D100/><N who="1" m="62863" /><E44/><V74/><F104/><W57/><G57/><T28/><D28/><U82/><AGARI ba="0,1" hai="48,55,58,76,82,87,101,102" m="62863,47659" machi="82" ten="30,1100,0" yaku="18,1" doraHai="89" who="1" fromWho="1" sc="138,-3,172,21,526,-3,154,-5" owari="135,-36.5,193,-0.7,523,62.3,149,-25.1" /></mjloggm>