<mjloggm ver="2.3"><GO type="225" lobby="0"/><UN n0="%E5%AE%AE%E4%BF%9D%E9%B6%8F%E8%82%89" n1="%E5%A4%96%E5%B7%9D%E7%AB%9C%E6%88%90" n2="%74%61%6B%65%2D%79%6F%75" n3="%E3%81%86%E3%81%A3%E3%81%97%E3%83%BC%30%30" dan="16,16,17,16" rate="2104.71,2110.52,2205.12,2125.85" sx="M,M,M,M"/><TAIKYOKU oya="0"/><INIT seed="0,0,0,1,1,64" ten="250,250,250,250" oya="0" hai0="110,22,118,119,21,98,8,121,104,68,131,95,113" hai1="130,84,60,51,52,54,80,78,94,112,81,34,13" hai2="42,69,43,85,71,79,135,111,5,97,90,4,105" hai3="102,100,23,123,103,41,82,26,28,96,30,20,87"/><T133/><D113/><U19/><E130/><V132/><F111/><W74/><G123/><T15/><D121/><U49/><E34/><V18/><F79/><W24/><G74/><T9/><D104/><U47/><E112/><V86/><F18/><W61/><G61/><T124/><D131/><U50/><E94/><V67/><F67/><W3/><G3/><T129/><D129/><U57/><REACH who="1" step="1"/><E80/><REACH who="1" ten="250,240,250,250" step="2"/><V0/><F105/><W17/><G41/><T12/><D95/><U53/><E53/><V106/><F106/><W70/><G96/><T93/><D93/><U63/><E63/><V62/><F62/><W108/><G108/><T36/><D98/><U33/><E33/><V120/><F97/><W56/><G82/><T65/><D110/><U2/><E2/><V40/><F40/><W29/><G100/><T59/><D65/><U107/><E107/><V116/><F0/><W6/><G102/><T58/><D119/><U75/><E75/><V114/><F114/><W77/><G103/><T46/><D118/><U39/><E39/><V99/><F99/><W89/><G87/><T109/><D109/><U55/><E55/><V37/><F116/><W83/><G83/><T25/><D36/><U66/><E66/><V122/><F37/><W35/><G35/><T45/><D124/><U32/><E32/><V73/><F73/><W31/><G31/><T127/><D127/><U27/><E27/><V44/><F90/><W7/><G89/><T91/><D91/><U92/><E92/><V134/><F134/><W126/><G126/><T117/><D133/><U14/><E14/><RYUUKYOKU ba="0,1" sc="250,-15,240,15,250,15,250,-15" hai1="13,19,47,49,50,51,52,54,57,60,78,81,84" hai2="4,5,42,43,44,69,71,85,86,120,122,132,135" /><INIT seed="1,1,1,3,2,91" ten="235,255,265,235" oya="1" hai0="49,2,39,7,48,65,28,6,130,129,83,121,33" hai1="112,30,61,79,10,90,94,78,103,43,50,54,45" hai2="124,131,34,110,24,73,21,135,4,118,96,11,111" hai3="17,29,0,119,66,104,81,44,64,105,16,92,47"/><U38/><E112/><V89/><F118/><W36/><G0/><T101/><D39/><U19/><E103/><V13/><F131/><N who="0" m="50186" /><D121/><U57/><E30/><V76/><F34/><W84/><G29/><T27/><D101/><U107/><E107/><V122/><F122/><W133/><G36/><T18/><D65/><U99/><E38/><V56/><F135/><W26/><G84/><T106/><D106/><U15/><AGARI ba="1,1" hai="10,15,19,43,45,50,54,57,61,78,79,90,94,99" machi="15" ten="30,6000,0" yaku="0,1,8,1,52,1" doraHai="91" who="1" fromWho="1" sc="235,-21,255,73,265,-21,235,-21" /><INIT seed="1,2,0,1,0,109" ten="214,328,244,214" oya="1" hai0="41,114,75,110,52,116,78,0,58,36,127,101,55" hai1="38,15,91,118,34,124,47,53,45,98,99,33,132" hai2="120,49,19,77,121,96,28,5,82,130,30,104,27" hai3="48,111,125,102,129,54,117,83,16,88,69,122,93"/><U11/><E118/><V100/><F130/><W80/><G122/><T112/><D0/><U32/><E124/><V70/><F70/><W90/><G111/><T81/><D110/><U74/><E74/><V103/><F5/><W26/><G69/><T133/><D116/><U63/><E132/><V39/><F39/><W73/><G129/><T84/><D133/><U20/><E20/><V57/><F100/><W51/><G73/><T62/><D127/><U61/><E38/><V6/><F6/><W94/><G125/><T7/><D7/><U59/><E63/><V8/><F57/><W113/><G117/><T3/><D3/><U79/><E79/><V42/><F42/><W43/><G102/><T9/><D9/><U21/><E21/><V108/><F108/><W13/><G26/><T105/><D84/><U134/><E91/><V56/><F56/><W25/><G25/><T31/><D31/><U23/><E23/><V85/><F49/><W22/><G113/><T1/><D1/><U37/><E134/><V64/><F64/><W10/><G10/><T76/><D76/><U66/><E66/><V86/><F86/><N who="3" m="52375" /><G43/><T46/><REACH who="0" step="1"/><D55/><REACH who="0" ten="204,328,244,214" step="2"/><U71/><E11/><V72/><F72/><W50/><G54/><T12/><D12/><U126/><E53/><V24/><F30/><W65/><G65/><T18/><D18/><U67/><E126/><V17/><F17/><W123/><G123/><N who="2" m="47177" /><F28/><W35/><G35/><T4/><D4/><U68/><E34/><V128/><F128/><W44/><G44/><N who="1" m="16970" /><E33/><V106/><F106/><W89/><G16/><T92/><D92/><RYUUKYOKU ba="2,1" sc="204,15,328,-15,244,15,214,-15" hai0="36,41,46,52,58,62,75,78,81,101,105,112,114" hai2="8,19,24,27,77,82,85,96,103,104" /><INIT seed="2,3,1,0,5,3" ten="219,313,259,199" oya="2" hai0="61,123,19,76,36,24,49,93,46,7,67,112,88" hai1="81,34,92,100,122,86,118,45,57,111,29,70,42" hai2="4,132,91,8,13,128,66,23,119,131,69,16,71" hai3="83,126,82,102,63,84,127,5,135,78,35,28,14"/><V31/><F119/><W107/><G135/><T114/><D123/><U98/><E118/><V1/><F132/><W51/><G63/><T55/><D36/><U26/><E70/><V12/><F31/><W129/><G129/><N who="2" m="49737" /><F66/><W73/><G35/><T90/><D76/><U6/><E111/><V43/><F43/><W21/><G102/><T25/><D7/><U58/><E122/><V103/><F103/><W22/><G107/><T85/><D90/><U110/><E110/><V130/><N who="2" m="49745" /><V97/><DORA hai="40" /><F1/><W74/><G28/><T120/><D120/><U89/><E6/><V9/><F23/><W41/><G22/><T56/><REACH who="0" step="1"/><D19/><REACH who="0" ten="209,313,259,199" step="2"/><U79/><E79/><V17/><F17/><W133/><G133/><T47/><D47/><U11/><E45/><V52/><F91/><W20/><G78/><T53/><D53/><U33/><E89/><V80/><F52/><W99/><G5/><T15/><D15/><U64/><E100/><V54/><F54/><W27/><G14/><T94/><D94/><U95/><E92/><V109/><F109/><W48/><G41/><T121/><D121/><U32/><E95/><V101/><F80/><W59/><G74/><T75/><D75/><U124/><E42/><V60/><F12/><W106/><G73/><T116/><D116/><U72/><E72/><V104/><F16/><W65/><G83/><T125/><D125/><U44/><E81/><V113/><F13/><W38/><G82/><T77/><D77/><U117/><E124/><V30/><F4/><W62/><G126/><T10/><D10/><U2/><E117/><RYUUKYOKU ba="3,2" sc="209,30,313,-10,259,-10,199,-10" hai0="24,25,46,49,55,56,61,67,85,88,93,112,114" /><INIT seed="3,4,2,2,5,110" ten="239,303,249,189" oya="3" hai0="69,44,15,80,47,120,128,116,73,0,94,52,75" hai1="62,83,56,48,4,85,30,66,57,114,79,12,98" hai2="21,63,133,8,101,127,27,13,2,96,129,64,113" hai3="22,42,111,34,23,7,53,26,106,97,131,67,24"/><W135/><G135/><T123/><D116/><U118/><E114/><V18/><F133/><W65/><G131/><T102/><D128/><U5/><E118/><V46/><F129/><W77/><G111/><T89/><D69/><U43/><E30/><V124/><F2/><W50/><G42/><T1/><D102/><U40/><E98/><V84/><F84/><W134/><G77/><T105/><D105/><U39/><E39/><V29/><F46/><W115/><G115/><T55/><D80/><U117/><E117/><V49/><F49/><W104/><G34/><T95/><D15/><U9/><E5/><V61/><F113/><W19/><G7/><T25/><D89/><U81/><E81/><V59/><REACH who="2" step="1"/><F63/><REACH who="2" ten="239,303,239,189" step="2"/><W11/><G134/><T93/><D0/><U45/><E43/><V20/><F20/><W132/><G23/><T31/><D1/><U32/><E32/><V70/><F70/><AGARI ba="4,3" hai="4,9,12,40,45,48,56,57,62,66,70,79,83,85" machi="70" ten="30,3900,0" yaku="7,1,25,2" doraHai="110" who="1" fromWho="2" sc="239,0,303,81,239,-51,189,0" owari="239,3.9,384,48.4,188,-31.2,189,-21.1" /></mjloggm>