<mjloggm ver="2.3"><GO type="225" lobby="0"/><UN n0="%E3%81%95%E3%81%8D%E3%81%9F%E3%81%BE%E6%9E%97%E6%AA%8E" n1="%E9%80%9F%E6%B0%B4%E5%87%9B%E9%A6%99" n2="%6D%75%75%6D%75%72%61" n3="%E4%B8%89%E5%86%A0%E7%8E%8B%E3%83%BB%E5%B1%B1%E7%94%B0%E5%93%B2%E4%BA%BA" dan="16,16,16,16" rate="2097.12,2192.33,2132.55,2165.02" sx="M,F,F,M"/><TAIKYOKU oya="0"/><INIT seed="0,0,0,3,3,4" ten="250,250,250,250" oya="0" hai0="36,69,130,9,118,10,74,101,19,127,30,44,16" hai1="67,83,82,0,46,28,105,125,128,17,24,114,115" hai2="71,61,102,22,75,123,99,54,45,21,52,121,48" hai3="131,81,129,50,126,85,63,100,104,26,49,119,13"/><T1/><D118/><U47/><E105/><V78/><F75/><W111/><G119/><T112/><D74/><U60/><E0/><V103/><F78/><W3/><G3/><T84/><D112/><N who="1" m="43051" /><E128/><N who="3" m="49226" /><G111/><T66/><D1/><U124/><E17/><N who="0" m="6729" /><D69/><N who="1" m="42215" /><E82/><V133/><F133/><W11/><G26/><T27/><D36/><U70/><E70/><V64/><F54/><W51/><G126/><N who="1" m="48746" /><E83/><V73/><F73/><W6/><G104/><T55/><D127/><U88/><E88/><V20/><REACH who="2" step="1"/><F102/><REACH who="2" ten="250,250,240,250" step="2"/><W93/><G100/><T39/><D101/><U117/><E117/><V113/><F113/><W37/><G81/><T62/><D130/><U65/><E65/><V98/><F98/><W87/><G85/><T31/><D84/><U18/><E18/><V86/><F86/><W134/><G87/><T106/><D66/><U97/><E97/><V95/><AGARI ba="0,1" hai="20,21,22,45,48,52,61,64,71,95,99,103,121,123" machi="95" ten="30,4000,0" yaku="1,1,0,1,54,1,53,0" doraHai="4" doraHaiUra="132" who="2" fromWho="2" sc="250,-20,250,-10,240,50,250,-10" /><INIT seed="1,0,0,2,3,107" ten="230,240,290,240" oya="1" hai0="33,122,77,37,57,11,35,1,45,19,116,65,25" hai1="96,29,119,16,18,131,90,121,52,48,42,2,82" hai2="120,69,17,21,109,106,22,87,5,14,62,47,55" hai3="98,56,94,63,129,111,91,0,23,38,113,95,53"/><U85/><E121/><V76/><F120/><W4/><G113/><T34/><D116/><U9/><E119/><V6/><F106/><W30/><G38/><T105/><D105/><U70/><E131/><V72/><F109/><W86/><G111/><T32/><D122/><U58/><E70/><V40/><F72/><W67/><G129/><T3/><D77/><U127/><E127/><V15/><F69/><W100/><G0/><N who="0" m="75" /><D65/><U50/><E29/><V7/><F62/><W92/><G4/><T104/><D57/><U10/><E2/><V83/><F55/><W49/><G94/><T81/><D81/><U13/><E96/><V117/><F117/><W27/><REACH who="3" step="1"/><G49/><REACH who="3" ten="230,240,290,230" step="2"/><T115/><D37/><U88/><E90/><V79/><F79/><W128/><G128/><T36/><D36/><U66/><E66/><AGARI ba="0,1" hai="23,27,30,53,56,63,66,67,86,91,92,95,98,100" machi="66" ten="40,2600,0" yaku="1,1,8,1,53,0" doraHai="107" doraHaiUra="12" who="3" fromWho="1" sc="230,0,240,-26,290,0,230,36" /><INIT seed="2,0,0,0,3,75" ten="230,214,290,266" oya="2" hai0="1,133,81,102,29,57,67,6,8,46,51,38,109" hai1="10,30,60,32,52,70,48,47,116,96,21,89,128" hai2="120,61,27,127,39,9,125,122,0,91,7,5,41" hai3="3,43,92,2,53,79,18,17,105,54,111,121,104"/><V28/><F61/><W126/><G92/><T94/><D109/><U119/><E32/><N who="2" m="20511" /><F91/><W118/><G126/><N who="2" m="48137" /><F41/><W26/><G43/><T35/><D133/><U132/><E132/><V45/><F45/><W82/><G54/><T24/><D38/><U40/><E128/><V86/><F86/><W72/><G53/><T101/><D94/><N who="1" m="56399" /><E70/><V100/><F100/><W106/><G111/><T85/><D67/><U42/><E119/><V130/><F39/><W76/><G118/><T83/><D83/><U36/><E36/><V108/><F108/><W59/><G82/><T73/><D73/><U97/><E97/><V78/><F78/><W44/><G79/><T63/><D63/><U68/><E68/><V19/><F130/><W33/><G76/><T84/><D84/><U14/><E60/><V23/><F7/><W22/><G72/><T4/><D6/><N who="1" m="3415" /><E116/><V112/><F112/><W34/><G105/><T87/><D87/><U80/><E80/><V117/><F117/><W11/><G104/><T107/><D107/><U135/><E135/><V20/><F20/><W25/><G22/><T134/><D134/><U98/><E98/><V71/><F71/><W114/><G114/><T16/><D85/><U62/><E62/><V113/><F113/><W49/><G106/><T131/><D131/><U56/><E47/><V95/><F95/><W13/><G44/><T64/><D81/><U37/><E37/><V15/><AGARI ba="0,0" hai="0,5,9,15,19,23,120,122" m="48137,20511" machi="15" ten="30,11700,0" yaku="24,1,18,1,34,2" doraHai="75" who="2" fromWho="2" sc="230,-39,214,-39,290,117,266,-39" /><INIT seed="2,1,0,4,0,55" ten="191,175,407,227" oya="2" hai0="111,134,131,99,53,26,96,54,32,117,75,79,23" hai1="6,66,30,115,97,3,77,73,44,52,92,41,135" hai2="71,116,64,124,90,25,27,80,104,39,62,40,85" hai3="10,49,122,14,50,128,91,78,70,42,68,87,0"/><V22/><F116/><W7/><G122/><T121/><D111/><U9/><E66/><V35/><F124/><W28/><G128/><T65/><D121/><U36/><E115/><V113/><F104/><W89/><G28/><T114/><D114/><U118/><E118/><V4/><F113/><W76/><G0/><T100/><D117/><U94/><E30/><V38/><F35/><W88/><G76/><T11/><D131/><U103/><E135/><V61/><F40/><W133/><G133/><T81/><D134/><U33/><E33/><V84/><F4/><W21/><G21/><T120/><D120/><U98/><E52/><V129/><F129/><W60/><G60/><T51/><D65/><U95/><REACH who="1" step="1"/><E103/><REACH who="1" ten="191,165,407,227" step="2"/><V102/><F102/><W83/><G42/><T86/><D54/><U18/><E18/><V46/><F64/><W69/><AGARI ba="1,1" hai="7,10,14,49,50,68,69,70,78,83,87,88,89,91" machi="69" ten="40,2700,0" yaku="0,1,54,1" doraHai="55" who="3" fromWho="3" sc="191,-8,165,-8,407,-14,227,40" /><INIT seed="3,0,0,0,1,10" ten="183,157,393,267" oya="3" hai0="66,122,90,5,39,51,67,63,129,30,125,29,57" hai1="26,86,76,106,70,0,62,84,64,131,104,55,22" hai2="85,15,101,110,111,12,100,117,11,135,94,107,49" hai3="96,34,93,44,80,98,121,116,8,103,123,133,23"/><W19/><G34/><T16/><D122/><U89/><E0/><V115/><F117/><W92/><G116/><T118/><D118/><U113/><E113/><V71/><F115/><W95/><G133/><T45/><D39/><U68/><E131/><V7/><F135/><W81/><G8/><T105/><D105/><U88/><E76/><V13/><F71/><W79/><G44/><T124/><D129/><U112/><E112/><V9/><F107/><W61/><G61/><T41/><D5/><U53/><E26/><V27/><F27/><W18/><G93/><T40/><D40/><U3/><E3/><N who="2" m="255" /><F11/><W37/><G37/><T60/><D90/><U14/><E22/><V32/><F32/><W119/><G119/><T36/><D36/><U35/><E35/><V91/><F49/><W38/><G38/><T48/><D48/><U21/><E21/><V120/><F120/><W2/><G2/><T130/><D130/><U47/><E47/><V69/><F69/><W109/><G109/><AGARI ba="0,0" hai="12,13,15,85,91,94,100,101,109,110,111" m="255" machi="109" ten="30,7700,0" yaku="14,1,52,3" doraHai="10" who="2" fromWho="3" sc="183,0,157,0,393,77,267,-77" owari="183,-21.7,157,-34.3,470,57.0,190,-1.0" /></mjloggm>