<mjloggm ver="2.3"><GO type="225" lobby="0"/><UN n0="%79%75%72%69%6D%6F%67" n1="%E8%90%BD%E6%97%A5" n2="%E5%B0%8F%E9%B3%A5%E9%81%8A%E7%B7%B4%E7%84%A1%32%31%E6%AD%B3" n3="%E5%A4%9C%E3%81%AE%E3%82%AC%E3%82%B9%E3%83%91%E3%83%BC%E3%83%AB" dan="17,16,16,17" rate="2154.27,2144.93,2157.74,2173.46" sx="F,F,F,M"/><TAIKYOKU oya="0"/><INIT seed="0,0,0,1,5,48" ten="250,250,250,250" oya="0" hai0="64,68,78,1,66,96,109,33,128,122,70,119,35" hai1="2,51,22,53,23,8,85,42,86,90,55,73,49" hai2="61,82,124,40,121,43,62,98,27,76,74,118,123" hai3="91,20,131,47,111,50,100,13,3,106,127,130,79"/><T80/><D119/><U5/><E73/><V97/><F124/><W59/><G3/><T39/><D122/><U45/><E42/><V10/><F10/><W14/><G127/><T18/><D1/><U108/><E108/><V4/><F4/><W101/><G111/><T84/><D39/><U116/><E116/><V89/><F27/><W126/><G126/><T88/><D109/><U52/><E85/><V0/><F0/><W19/><G79/><T63/><D128/><N who="3" m="49193" /><G106/><T77/><D18/><U17/><E51/><V115/><F115/><W107/><G107/><T9/><D9/><U6/><E6/><V135/><F118/><W60/><G91/><T31/><D31/><U95/><E23/><V72/><F89/><W36/><G14/><AGARI ba="0,0" hai="2,5,8,14,17,22,45,49,52,53,55,86,90,95" machi="14" ten="30,8000,1" yaku="7,1,52,3,54,1" doraHai="48" who="1" fromWho="3" sc="250,0,250,80,250,0,250,-80" /><INIT seed="1,0,0,2,5,133" ten="250,330,250,170" oya="1" hai0="27,90,87,106,12,94,58,103,46,53,75,25,20" hai1="72,6,56,2,76,5,32,49,120,74,14,118,69" hai2="70,51,92,117,44,61,0,101,114,82,124,104,100" hai3="132,125,119,88,91,38,16,109,126,129,67,112,131"/><U77/><E69/><V71/><F117/><W95/><G38/><T99/><D75/><U10/><E32/><V134/><F114/><W45/><G112/><T43/><D12/><U34/><E34/><V97/><F0/><W30/><G119/><T84/><D84/><U98/><E118/><V85/><F134/><W36/><G132/><T110/><D110/><U113/><E113/><V135/><F135/><W86/><G109/><T40/><D46/><U7/><E120/><V57/><F124/><N who="3" m="47723" /><G30/><T127/><D27/><U89/><E77/><V28/><F28/><W9/><G67/><T73/><D73/><U79/><E76/><V105/><F101/><W111/><G111/><T18/><D127/><U26/><E79/><V11/><F82/><N who="3" m="49623" /><G36/><T17/><D17/><U31/><E7/><V29/><F29/><W130/><G45/><T65/><D65/><U121/><E31/><V47/><F47/><W80/><G80/><T54/><D54/><U48/><E74/><V78/><F44/><W68/><G68/><T13/><REACH who="0" step="1"/><D25/><REACH who="0" ten="240,330,250,170" step="2"/><U116/><E26/><V50/><F71/><W66/><G66/><T60/><AGARI ba="0,1" hai="13,18,20,40,43,53,58,60,87,90,94,99,103,106" machi="60" ten="20,5200,0" yaku="1,1,2,1,0,1,7,1,53,0" doraHai="133" doraHaiUra="42" who="0" fromWho="0" sc="240,62,330,-26,250,-13,170,-13" /><INIT seed="2,0,0,5,2,28" ten="302,304,237,157" oya="2" hai0="57,1,83,115,35,113,59,14,0,97,52,71,128" hai1="126,23,38,117,17,37,9,133,89,24,11,19,2" hai2="78,63,130,27,40,134,85,131,56,64,58,31,96" hai3="36,86,101,42,8,135,112,39,98,107,34,75,67"/><V102/><F134/><W51/><G135/><T29/><D71/><U26/><E133/><V79/><F40/><W114/><G75/><T22/><D59/><U16/><E126/><V121/><F56/><W21/><G67/><T6/><D128/><N who="2" m="49194" /><F85/><W77/><G8/><N who="0" m="2119" /><D1/><U69/><E69/><V7/><F7/><W3/><G3/><T50/><D83/><U73/><E117/><V4/><F4/><W18/><G34/><T72/><D97/><U48/><E73/><V99/><F99/><W76/><G51/><T81/><D81/><U62/><E2/><V116/><F121/><W92/><G107/><T25/><D72/><U30/><E38/><V119/><F116/><W46/><G39/><T60/><D60/><U132/><E37/><V45/><F119/><W65/><G65/><T70/><D70/><U123/><E123/><V127/><F127/><W5/><G5/><T61/><D61/><U111/><E62/><V103/><F45/><W109/><G109/><T41/><D41/><U94/><E48/><V20/><F102/><W91/><G101/><T88/><D88/><U82/><E111/><V55/><F64/><W105/><G105/><AGARI ba="0,0" hai="20,27,31,55,58,63,78,79,96,103,105" m="49194" machi="105" ten="30,1500,0" yaku="19,1" doraHai="28" who="2" fromWho="3" sc="302,0,304,0,237,15,157,-15" /><INIT seed="2,1,0,0,1,102" ten="302,304,252,142" oya="2" hai0="28,80,37,124,57,108,62,4,92,56,113,11,107" hai1="9,25,133,134,117,76,16,128,34,127,101,121,6" hai2="65,67,98,125,36,95,20,64,75,73,15,93,39" hai3="99,123,78,44,120,10,29,110,18,43,91,0,85"/><V60/><F125/><W13/><G110/><T55/><D108/><U40/><E40/><V5/><F60/><W30/><G0/><T61/><D37/><U45/><E45/><V7/><F20/><W116/><G116/><T23/><D124/><U72/><E127/><V106/><F15/><W24/><G99/><T52/><D107/><U17/><E117/><V84/><F84/><W129/><G129/><T50/><D113/><U70/><E70/><V12/><F12/><W114/><G114/><T68/><D80/><N who="1" m="45063" /><E101/><V54/><F54/><W19/><G19/><T47/><D92/><U1/><E128/><V42/><F65/><W88/><G30/><T119/><D68/><U74/><E74/><V32/><F98/><W51/><G78/><T103/><D103/><U96/><E96/><V111/><F42/><W97/><G97/><T131/><D131/><U132/><E121/><V33/><F111/><W115/><G115/><T104/><D104/><AGARI ba="1,0" hai="5,7,32,33,36,39,64,67,73,75,93,95,104,106" machi="104" ten="25,9600,0" yaku="22,2,52,2" doraHai="102" who="2" fromWho="0" sc="302,-99,304,0,252,99,142,0" /><INIT seed="2,2,0,1,3,12" ten="203,304,351,142" oya="2" hai0="126,122,14,84,97,20,35,64,0,99,89,57,98" hai1="19,119,94,54,49,38,55,24,82,62,125,16,70" hai2="77,96,121,93,120,11,23,85,101,107,65,52,28" hai3="8,13,112,37,114,73,27,131,6,30,33,87,29"/><V129/><F129/><W60/><G73/><T115/><D126/><U7/><E38/><V133/><F65/><W113/><G37/><T76/><D115/><U34/><E119/><V123/><F11/><W109/><G131/><T43/><D35/><U26/><E125/><V100/><F133/><W81/><G109/><T48/><D0/><U1/><E1/><V5/><F5/><W39/><G39/><T104/><D104/><U130/><E7/><V15/><F28/><W110/><G110/><T66/><D76/><U58/><E130/><V45/><F77/><W74/><G74/><T79/><D79/><U3/><E3/><V61/><F85/><W102/><G102/><T17/><D122/><U4/><E82/><V134/><F134/><W80/><G30/><T108/><D108/><U117/><E4/><V32/><F32/><W21/><G60/><T67/><D43/><U40/><E40/><V124/><F124/><W69/><G69/><T47/><D47/><U95/><E117/><V91/><F107/><W116/><G116/><T41/><D41/><U59/><E70/><V118/><F118/><W90/><REACH who="3" step="1"/><G33/><REACH who="3" ten="203,304,351,132" step="2"/><T18/><D48/><U71/><E71/><V2/><F61/><W103/><G103/><T78/><D78/><U9/><E34/><V128/><F101/><W75/><G75/><T86/><D89/><U111/><E111/><V10/><F91/><W88/><G88/><T72/><D72/><U51/><E62/><V42/><F121/><W83/><AGARI ba="2,1" hai="6,8,13,21,27,29,80,81,83,87,90,112,113,114" machi="83" ten="40,5200,0" yaku="1,1,0,1,11,1,53,0" doraHai="12" doraHaiUra="105" who="3" fromWho="3" sc="203,-15,304,-15,351,-28,132,68" /><INIT seed="3,0,0,4,4,51" ten="188,289,323,200" oya="3" hai0="115,112,107,81,57,101,94,90,123,66,103,91,134" hai1="99,86,15,45,48,83,106,0,44,30,38,52,131" hai2="124,1,22,36,14,105,3,61,127,65,24,130,74" hai3="102,19,70,9,42,75,21,128,132,31,64,126,76"/><W28/><G126/><N who="2" m="48169" /><F130/><W60/><G128/><T79/><D66/><U73/><E0/><V84/><F74/><W133/><G102/><N who="0" m="38923" /><D57/><U93/><E131/><V33/><F36/><W121/><G121/><T129/><D129/><U34/><E73/><V43/><F43/><W16/><G42/><T72/><D123/><U95/><E106/><V118/><F84/><W53/><G53/><T135/><D107/><U55/><E38/><V96/><F96/><W29/><G75/><T41/><D41/><N who="1" m="24591" /><E34/><V67/><F105/><W7/><G76/><T6/><D6/><U87/><E30/><N who="2" m="19655" /><F118/><W10/><G7/><T25/><D25/><U39/><E39/><V2/><F61/><W35/><G35/><T12/><D12/><U114/><E114/><N who="0" m="43561" /><D94/><N who="1" m="35851" /><E99/><V20/><F14/><N who="3" m="7247" /><G10/><T54/><D54/><N who="1" m="20523" /><E45/><V113/><F113/><W77/><G70/><T26/><D26/><U17/><E83/><V80/><F80/><W122/><G122/><T5/><D5/><U4/><E4/><V109/><F109/><W32/><G32/><T11/><D11/><AGARI ba="0,0" hai="11,15,17,86,87" m="20523,35851,24591" machi="11" ten="30,8000,1" yaku="8,1,52,3,54,1" doraHai="51" who="1" fromWho="0" sc="188,-80,289,80,323,0,200,0" owari="108,-39.2,369,46.9,323,12.3,200,-20.0" /></mjloggm>