<mjloggm ver="2.3"><GO type="225" lobby="0"/><UN n0="%E3%83%A9%E3%82%B9%E7%8E%87%EF%BC%93%E5%89%B2" n1="%6D%75%75%6D%75%72%61" n2="%E5%8F%AF%E5%85%90%E9%82%A3%E7%94%B1%E5%A4%9A" n3="%E7%B4%94%E6%BD%94%E3%83%94%E3%83%A9%E3%83%8B%E3%82%A2" dan="16,17,16,17" rate="2168.03,2143.88,2210.51,2159.48" sx="F,F,F,M"/><TAIKYOKU oya="0"/><INIT seed="0,0,0,2,1,48" ten="250,250,250,250" oya="0" hai0="127,67,38,52,27,82,0,104,119,64,121,113,73" hai1="120,102,10,99,13,1,79,85,112,130,36,8,81" hai2="95,90,100,101,63,41,59,123,86,54,78,40,11" hai3="31,33,25,58,18,62,45,132,103,76,108,77,16"/><T61/><D104/><U122/><E130/><V9/><F123/><W57/><G108/><T60/><D0/><U34/><E36/><V110/><F110/><W39/><G132/><T20/><D38/><U92/><E34/><V53/><F78/><W6/><G6/><T21/><D113/><U124/><E112/><V91/><F86/><W96/><G58/><N who="0" m="34887" /><D73/><U3/><E124/><V56/><F95/><W2/><G2/><T97/><D119/><U126/><E126/><V24/><F24/><W89/><G45/><T87/><D121/><U69/><E1/><V44/><F63/><W94/><G39/><T109/><D109/><U22/><E69/><V80/><REACH who="2" step="1"/><F44/><REACH who="2" ten="250,250,240,250" step="2"/><W28/><G76/><N who="0" m="46535" /><D127/><U115/><E115/><V12/><F12/><W88/><G77/><T19/><D61/><U7/><E120/><V98/><F98/><W129/><G129/><T93/><D21/><U43/><E122/><V47/><F47/><W70/><G70/><T49/><D49/><U74/><E22/><V14/><F14/><W42/><G62/><T111/><D111/><U66/><E74/><V26/><F26/><W65/><G25/><T5/><D5/><U51/><E3/><V50/><F50/><W105/><G33/><T133/><D133/><U83/><E7/><V35/><F35/><W114/><G114/><T17/><D17/><U134/><E134/><V84/><F84/><W125/><G18/><T29/><D29/><U46/><E85/><V68/><F68/><W75/><G28/><T32/><D32/><U37/><E37/><V72/><F72/><W118/><G75/><RYUUKYOKU ba="0,1" sc="250,15,250,-15,240,15,250,-15" hai0="19,20,27,64,67,93,97" hai2="9,11,40,41,53,54,56,59,80,90,91,100,101" /><INIT seed="0,1,1,2,0,24" ten="265,235,255,235" oya="0" hai0="104,84,80,62,66,59,108,124,39,48,88,90,65" hai1="75,125,57,42,26,9,109,63,27,135,111,46,114" hai2="18,83,120,14,45,98,113,20,28,43,3,79,41" hai3="116,69,5,52,44,13,132,118,0,95,117,89,50"/><T53/><D124/><U100/><E125/><V122/><F113/><W119/><G69/><T47/><D104/><U99/><E75/><V94/><F3/><W110/><G110/><N who="1" m="41994" /><E135/><V70/><F70/><W130/><G132/><T10/><D108/><U55/><E9/><V71/><F71/><W131/><N who="3" m="29696" /><DORA hai="103" /><W123/><G0/><T101/><D101/><U134/><E134/><V96/><F28/><W34/><G34/><T64/><D39/><N who="1" m="21855" /><E114/><V23/><F23/><W49/><G123/><T16/><D90/><U61/><E61/><V115/><F43/><W102/><G102/><T38/><D38/><U8/><E8/><V87/><F115/><W105/><G105/><AGARI ba="1,1" hai="26,27,55,57,63,99,100,105" m="21855,41994" machi="105" ten="30,2000,0" yaku="14,1,52,1" doraHai="24,103" who="1" fromWho="3" sc="265,0,235,33,255,0,235,-23" /><INIT seed="1,0,0,1,4,15" ten="265,268,255,212" oya="1" hai0="55,64,70,111,35,19,24,95,115,129,89,57,8" hai1="25,107,28,47,68,66,54,61,113,31,41,82,122" hai2="6,27,16,80,74,18,13,130,97,124,22,103,71" hai3="7,85,109,58,75,125,128,76,134,78,99,21,83"/><U104/><E113/><V116/><F71/><W11/><G109/><T14/><D115/><U0/><E122/><V100/><F116/><W135/><G125/><T36/><D36/><U73/><E0/><V87/><F74/><W45/><G128/><T69/><D111/><U117/><E117/><V79/><F130/><W127/><G127/><T106/><D106/><U88/><E54/><V38/><F38/><W120/><G120/><T105/><D105/><U92/><E82/><V90/><F124/><W48/><G58/><T62/><D129/><U93/><E93/><N who="2" m="56503" /><F6/><W50/><G50/><T4/><D64/><U119/><E73/><V77/><F77/><W133/><G99/><T123/><D123/><U91/><E119/><V112/><F112/><W110/><G110/><T30/><REACH who="0" step="1"/><D4/><REACH who="0" ten="255,268,255,212" step="2"/><U65/><E104/><V49/><F49/><W32/><G135/><T5/><D5/><U72/><E107/><V3/><F3/><W121/><G134/><T44/><D44/><U29/><E47/><V60/><F60/><W63/><G45/><T17/><D17/><U42/><E61/><V20/><AGARI ba="0,1" hai="13,16,18,20,22,27,79,80,87,100,103" m="56503" machi="20" ten="30,7900,0" yaku="8,1,52,2,54,1" doraHai="15" who="2" fromWho="2" sc="255,-20,268,-39,255,89,212,-20" /><INIT seed="2,0,0,2,0,69" ten="235,229,344,192" oya="2" hai0="90,9,28,68,44,47,14,99,31,131,19,30,86" hai1="10,121,36,120,84,100,115,58,113,65,52,49,75" hai2="114,50,54,101,79,34,118,39,104,41,91,5,0" hai3="111,134,123,61,103,125,116,72,22,53,85,46,17"/><V94/><F114/><W109/><G72/><T55/><D68/><U12/><E75/><V3/><F118/><W67/><G116/><T70/><D70/><U4/><E65/><V59/><F34/><W73/><G73/><T98/><D131/><U45/><E100/><V80/><F104/><W112/><G112/><T122/><D122/><N who="1" m="47211" /><E84/><V25/><F101/><W82/><G123/><T42/><D55/><U8/><E8/><V33/><F5/><W76/><G134/><T7/><D7/><U21/><E21/><V40/><F80/><W43/><G125/><T130/><D130/><U135/><E135/><V83/><F83/><W117/><G103/><T27/><D27/><U87/><E87/><V132/><F79/><W97/><G97/><N who="0" m="36875" /><D42/><AGARI ba="0,0" hai="4,10,12,36,42,45,49,52,58,113,115" m="47211" machi="42" ten="30,3900,0" yaku="13,1,52,1,54,1" doraHai="69" who="1" fromWho="0" sc="235,-39,229,39,344,0,192,0" /><INIT seed="3,0,0,5,3,23" ten="196,268,344,192" oya="3" hai0="74,81,24,14,52,109,118,133,59,46,57,8,78" hai1="82,84,94,119,125,65,44,92,108,100,104,15,134" hai2="95,58,113,124,32,34,5,56,50,38,72,89,77" hai3="126,115,86,127,80,18,43,49,7,48,35,30,69"/><W131/><G69/><T96/><D118/><U67/><E119/><V93/><F113/><W71/><G71/><T9/><D133/><U29/><E104/><V22/><F38/><W123/><G115/><T116/><D116/><U110/><E134/><V101/><F5/><W40/><G123/><T114/><D114/><U28/><E125/><N who="3" m="47626" /><G7/><T132/><D132/><U111/><E15/><V1/><F1/><W17/><G131/><T87/><D109/><U68/><E44/><V105/><F124/><W117/><G117/><T90/><D9/><U60/><E65/><V55/><F105/><W13/><G30/><N who="1" m="11882" /><E100/><V112/><F112/><W27/><G35/><T31/><D96/><U54/><E54/><V4/><F4/><W135/><G135/><T97/><D97/><U130/><E130/><V88/><F32/><W10/><G27/><T12/><D74/><U76/><AGARI ba="0,0" hai="60,67,68,76,82,84,92,94,108,110,111" m="11882" machi="76" ten="40,1500,0" yaku="14,1" doraHai="23" who="1" fromWho="1" sc="196,-4,268,15,344,-4,192,-7" owari="192,-20.8,283,8.3,340,44.0,185,-31.5" /></mjloggm>