<mjloggm ver="2.3"><GO type="225" lobby="0"/><UN n0="%72%65%6E%6B%75%6E" n1="%E3%82%A2%E3%82%A4%E3%82%B9%E3%83%86%E3%82%A3%E3%83%BC%E3%81%82%E3%81%B9" n2="%4C%4F%4C%49%54%41" n3="%E5%B8%86%E7%AB%8B%E5%A4%8F%E8%A1%A3" dan="17,16,16,16" rate="2206.36,2076.64,2155.53,2084.91" sx="M,M,F,M"/><TAIKYOKU oya="0"/><INIT seed="0,0,0,2,5,124" ten="250,250,250,250" oya="0" hai0="96,34,103,7,106,3,81,131,89,62,100,15,51" hai1="116,65,26,27,80,73,84,78,126,121,105,45,58" hai2="32,82,30,5,64,118,52,13,14,117,11,85,130" hai3="37,83,107,0,75,39,98,94,113,48,29,59,68"/><T43/><D34/><U123/><E116/><N who="2" m="44651" /><F64/><W120/><G113/><T18/><D103/><U104/><E126/><V56/><F32/><W111/><G68/><T63/><D3/><U36/><E73/><V17/><F30/><W97/><G29/><T24/><D24/><U4/><E4/><V21/><F130/><W53/><G0/><T31/><D31/><U90/><E78/><V46/><F46/><W135/><G135/><T1/><D7/><U12/><E12/><V134/><F134/><W112/><G112/><T35/><D35/><U86/><E45/><V49/><F85/><W38/><G111/><T101/><D101/><U70/><E58/><V99/><F82/><W114/><G114/><T16/><D1/><U25/><E36/><V76/><F76/><W19/><G83/><T41/><D18/><U71/><E86/><V61/><F99/><W109/><G75/><T110/><D110/><U66/><E65/><V119/><N who="2" m="44659" /><V132/><DORA hai="125" /><F132/><W108/><G108/><T93/><D81/><U8/><E66/><V9/><F61/><W57/><G109/><T91/><D63/><U10/><E71/><V42/><F42/><W92/><G98/><N who="0" m="57663" /><D62/><U133/><E70/><V72/><F72/><W2/><G97/><N who="0" m="61711" /><D51/><U77/><E77/><V6/><F6/><W95/><G107/><N who="1" m="41034" /><E133/><V127/><F127/><W20/><G2/><T128/><D96/><U55/><E55/><V79/><F79/><W102/><G102/><T87/><D87/><U47/><E47/><V44/><F44/><N who="3" m="27783" /><G120/><T23/><D89/><U28/><E28/><V40/><F40/><AGARI ba="0,0" hai="15,16,23,40,41,43,128,131" m="61711,57663" machi="40" ten="30,18000,2" yaku="6,1,52,4,54,1" doraHai="124,125" who="0" fromWho="2" sc="250,180,250,0,250,-180,250,0" /><INIT seed="0,1,0,4,3,119" ten="430,250,70,250" oya="0" hai0="133,45,36,81,1,88,70,26,57,29,126,59,46" hai1="127,21,121,125,84,32,122,111,134,75,23,100,109" hai2="27,13,12,131,62,20,96,90,76,105,58,112,50" hai3="94,120,4,106,73,130,115,79,5,37,39,97,98"/><T83/><D126/><N who="1" m="48139" /><E75/><V77/><F112/><W124/><G115/><T114/><D70/><U80/><E134/><V34/><F34/><W123/><G124/><T6/><D114/><U67/><E67/><V49/><F131/><W22/><G130/><T85/><D133/><U0/><E32/><V91/><F105/><W92/><G106/><T52/><D83/><U31/><E0/><V99/><F58/><W14/><G73/><T87/><D87/><U128/><E128/><V9/><F20/><N who="1" m="7753" /><E31/><V101/><F62/><W118/><G22/><T41/><D46/><U135/><E100/><V107/><F107/><W56/><G56/><T10/><REACH who="0" step="1"/><D52/><REACH who="0" ten="420,250,70,250" step="2"/><U19/><E135/><V68/><F68/><W38/><G79/><T69/><D69/><U78/><E19/><V72/><F72/><W108/><G118/><T33/><AGARI ba="1,1" hai="1,6,10,26,29,33,36,41,45,57,59,81,85,88" machi="33" ten="20,7800,0" yaku="1,1,0,1,7,1,54,1,53,0" doraHai="119" doraHaiUra="132" who="0" fromWho="0" sc="420,91,250,-27,70,-27,250,-27" /><INIT seed="0,2,0,3,2,100" ten="511,223,43,223" oya="0" hai0="111,57,84,92,98,86,77,47,113,119,85,114,109" hai1="0,6,79,13,20,56,75,14,48,5,8,61,94" hai2="73,101,135,120,87,99,30,3,21,124,58,91,118" hai3="22,123,128,32,41,115,29,11,95,19,28,80,116"/><T51/><D57/><U96/><E48/><V112/><F120/><W15/><G95/><T33/><D33/><U107/><E107/><V74/><F3/><W82/><G123/><T78/><D51/><U40/><E40/><V63/><F112/><N who="0" m="43114" /><D47/><U27/><E75/><V7/><F7/><W46/><G116/><T68/><D68/><U103/><E79/><N who="0" m="30217" /><D119/><U110/><E110/><N who="0" m="41993" /><D98/><U43/><E43/><V24/><F118/><W106/><G115/><T45/><D45/><U89/><E6/><V37/><F37/><W97/><G46/><T88/><AGARI ba="2,0" hai="84,85,86,88,92" m="41993,30217,43114" machi="88" ten="40,12000,1" yaku="14,1,10,1,34,2,54,1" doraHai="100" who="0" fromWho="0" sc="511,126,223,-42,43,-42,223,-42" /><INIT seed="0,3,0,1,1,58" ten="637,181,1,181" oya="0" hai0="98,92,20,54,70,91,89,111,33,10,85,67,15" hai1="93,76,73,115,129,24,6,36,74,16,134,127,125" hai2="7,77,45,42,69,55,0,118,95,71,116,124,107" hai3="32,56,39,52,113,13,82,120,18,25,14,105,44"/><T49/><D33/><U17/><E36/><V5/><F107/><W50/><G113/><T51/><D111/><U126/><E115/><V119/><F124/><W48/><G105/><T46/><D70/><N who="2" m="26634" /><F0/><W84/><G120/><T41/><D67/><U135/><E6/><V27/><F77/><N who="3" m="46159" /><G32/><T57/><D20/><N who="1" m="13319" /><E76/><V130/><F130/><W90/><G39/><T43/><D43/><U88/><E17/><V68/><N who="2" m="26642" /><V38/><DORA hai="108" /><F27/><W78/><G78/><T81/><REACH who="0" step="1"/><D15/><REACH who="0" ten="627,181,1,181" step="2"/><U80/><E129/><V94/><F55/><N who="3" m="31847" /><G90/><T30/><D30/><U66/><E127/><V79/><F79/><W8/><G14/><T29/><D29/><U75/><E126/><V109/><F109/><W96/><G25/><T19/><D19/><U131/><E125/><V37/><F38/><W83/><G83/><T59/><D59/><U9/><E131/><V72/><F72/><W117/><G117/><N who="2" m="29953" /><V26/><DORA hai="3" /><F26/><W53/><G53/><T101/><D101/><U86/><E80/><V110/><F110/><W104/><G104/><T31/><D31/><U63/><E75/><V61/><F61/><W62/><G62/><T97/><D97/><AGARI ba="3,1" hai="8,13,18,44,50,52,96,97" m="31847,46159" machi="97" ten="30,2000,0" yaku="8,1,54,1" doraHai="58,108,3" who="3" fromWho="0" sc="627,-29,181,0,1,0,181,39" /><INIT seed="1,0,0,4,5,92" ten="598,181,1,220" oya="1" hai0="45,15,46,28,102,82,104,23,85,78,77,93,27" hai1="50,65,5,6,58,109,94,63,83,56,132,57,126" hai2="95,9,39,134,91,79,118,32,111,86,16,21,73" hai3="113,33,101,120,43,26,0,36,129,53,4,70,84"/><U107/><E107/><V11/><F118/><W68/><G113/><T90/><D15/><U12/><E126/><V66/><F32/><W127/><G84/><T8/><D8/><U106/><E106/><V133/><F39/><W20/><G53/><T125/><D125/><U115/><E115/><V116/><F116/><W1/><G20/><T25/><D25/><U19/><E132/><N who="2" m="50795" /><F111/><W34/><G127/><T119/><D119/><U60/><E109/><V69/><F69/><N who="3" m="26731" /><G120/><T40/><D40/><U48/><E83/><N who="2" m="45551" /><F66/><W96/><G129/><T74/><REACH who="0" step="1"/><D78/><REACH who="0" ten="588,181,1,220" step="2"/><U72/><E12/><AGARI ba="0,1" hai="9,11,12,16,21,86,91,95" m="45551,50795" machi="12" ten="30,2000,0" yaku="20,1,54,1" doraHai="92" who="2" fromWho="1" sc="588,0,181,-20,1,30,220,0" /><INIT seed="2,0,0,3,1,107" ten="588,161,31,220" oya="2" hai0="12,70,45,105,67,53,117,62,35,99,60,92,102" hai1="22,13,52,42,135,28,63,116,72,74,57,38,119" hai2="133,30,64,121,55,76,18,84,33,89,71,48,68" hai3="115,50,34,118,7,126,56,27,5,80,54,77,8"/><V91/><F121/><W49/><G118/><T97/><D117/><U14/><E119/><V94/><F133/><W58/><G126/><T61/><D35/><U36/><E116/><V104/><F104/><W29/><G115/><T82/><D82/><U17/><E135/><V1/><F64/><W113/><G113/><T59/><D12/><U23/><E28/><V4/><F76/><W125/><G125/><T101/><D45/><U131/><E131/><V69/><F18/><W21/><G34/><T134/><D134/><U98/><E98/><V79/><F79/><W129/><G129/><T130/><D130/><U114/><E114/><V127/><F127/><W47/><G8/><T106/><D92/><U122/><E122/><V100/><F100/><W20/><G20/><T83/><D83/><U108/><E108/><V19/><F19/><W24/><G24/><T73/><D61/><U95/><E95/><V124/><F89/><W75/><G58/><T109/><D73/><U46/><E38/><V3/><F4/><W41/><AGARI ba="0,0" hai="5,7,21,27,29,41,47,49,50,54,56,75,77,80" machi="41" ten="20,2700,0" yaku="0,1,7,1,52,1" doraHai="107" who="3" fromWho="3" sc="588,-7,161,-7,31,-13,220,27" /><INIT seed="3,0,0,1,3,51" ten="581,154,18,247" oya="3" hai0="15,81,89,130,125,77,27,132,43,100,126,113,41" hai1="25,23,32,28,129,62,112,35,73,90,123,120,117" hai2="9,56,108,131,11,75,95,121,66,127,105,99,109" hai3="91,134,45,52,3,82,118,78,64,31,16,55,46"/><W37/><G118/><T40/><D113/><U74/><E112/><V49/><F105/><W85/><G3/><T44/><D130/><U7/><E129/><V50/><F66/><W116/><G37/><T98/><D132/><U29/><E117/><V10/><F131/><W20/><G134/><T68/><D68/><U59/><E7/><V34/><F34/><W57/><G31/><T19/><D27/><U42/><E42/><V47/><F56/><W58/><G116/><T93/><D100/><U101/><E101/><V13/><F13/><N who="3" m="9231" /><G78/><T107/><D107/><U69/><E69/><V84/><F84/><W102/><G102/><T1/><D1/><U0/><E0/><V106/><F106/><W60/><G64/><T88/><D89/><U4/><E4/><V36/><F36/><W17/><G17/><T61/><D15/><U6/><E6/><V80/><F75/><W21/><G21/><T92/><D19/><U94/><E23/><V38/><F38/><W48/><AGARI ba="0,0" hai="45,46,48,52,55,57,58,60,82,85,91" m="9231" machi="48" ten="30,12000,1" yaku="8,1,52,2,54,2" doraHai="51" who="3" fromWho="3" sc="581,-40,154,-40,18,-40,247,120" owari="541,64.1,114,-28.6,-22,-52.2,367,16.7" /></mjloggm>