<mjloggm ver="2.3"><GO type="225" lobby="0"/><UN n0="%E3%81%99%E3%81%84%E3%81%BE%E3%81%9B%E3%83%BC%E3%82%93" n1="%E9%B3%B3%E6%9D%B1%E3%81%AE%E3%81%86%E3%81%95%E3%81%8E%E3%81%95%E3%82%93" n2="%E3%81%82%E3%81%99%E3%81%AB%E3%82%83%E3%82%80" n3="%E7%BD%AA%E5%88%91%E6%B3%95%E5%AE%9A%E4%B8%BB%E7%BE%A9" dan="16,17,16,16" rate="2080.79,2268.96,2178.79,2117.47" sx="M,M,F,M"/><TAIKYOKU oya="0"/><INIT seed="0,0,0,3,1,35" ten="250,250,250,250" oya="0" hai0="29,103,49,125,63,95,42,83,99,64,45,28,90" hai1="48,106,34,128,43,15,135,7,44,131,53,13,12" hai2="84,31,54,5,67,9,52,77,114,18,57,72,104" hai3="130,120,61,41,75,100,59,14,38,60,68,24,122"/><T91/><D125/><U27/><E106/><V30/><F114/><W129/><G75/><T93/><D83/><U50/><E135/><V21/><F72/><W4/><G100/><T1/><D1/><U133/><E133/><V87/><F104/><W118/><G24/><T51/><D51/><U86/><E86/><N who="2" m="32811" /><F77/><W127/><G118/><T0/><D0/><U25/><E7/><V116/><F9/><N who="3" m="4391" /><G68/><T39/><D39/><U80/><E80/><V40/><F5/><W85/><G85/><T96/><REACH who="0" step="1"/><D103/><REACH who="0" ten="240,250,250,250" step="2"/><U109/><E50/><V6/><F116/><W105/><G127/><T56/><AGARI ba="0,1" hai="28,29,42,45,49,56,63,64,90,91,93,95,96,99" machi="56" ten="20,18000,2" yaku="1,1,2,1,0,1,7,1,9,1,8,1,53,0" doraHai="35" doraHaiUra="70" who="0" fromWho="0" sc="240,190,250,-60,250,-60,250,-60" /><INIT seed="0,1,0,3,0,100" ten="430,190,190,190" oya="0" hai0="73,74,103,12,38,10,96,129,124,19,37,62,81" hai1="54,104,61,133,117,27,43,6,48,8,98,107,108" hai2="91,94,114,84,82,59,106,7,50,79,49,21,44" hai3="77,5,40,64,1,34,131,39,130,134,9,112,116"/><T135/><D124/><U22/><E117/><V101/><F114/><W93/><G112/><T88/><D129/><N who="3" m="49161" /><G116/><T115/><D115/><U11/><E108/><V16/><F7/><W63/><G134/><T109/><D135/><U132/><E43/><V113/><F113/><W76/><G34/><T67/><D109/><U56/><E132/><V2/><F2/><W78/><G93/><T128/><D128/><U18/><E133/><V28/><F28/><W87/><G40/><T45/><D45/><U125/><E125/><V65/><F101/><W0/><G39/><T51/><D51/><U13/><E98/><V58/><F106/><W25/><G25/><T35/><D35/><U30/><REACH who="1" step="1"/><E48/><REACH who="1" ten="430,180,190,190" step="2"/><V95/><F49/><W110/><G110/><T119/><D119/><U85/><E85/><V126/><F126/><W69/><G0/><AGARI ba="1,1" hai="0,6,8,11,13,18,22,27,30,54,56,61,104,107" machi="0" ten="30,7700,0" yaku="1,1,7,1,52,2,53,0" doraHai="100" doraHaiUra="71" who="1" fromWho="3" sc="430,0,180,90,190,0,190,-80" /><INIT seed="1,0,0,1,5,44" ten="430,270,190,110" oya="1" hai0="46,9,19,53,117,54,94,27,29,107,65,79,71" hai1="64,121,42,55,133,7,85,3,114,124,32,35,113" hai2="115,135,20,73,39,131,16,119,11,97,78,26,86" hai3="22,1,132,52,36,100,21,8,72,45,82,92,103"/><U15/><E121/><V61/><F119/><W63/><G132/><T96/><D107/><U118/><E118/><V134/><F39/><W74/><G36/><T56/><D117/><U38/><E133/><N who="2" m="50699" /><F131/><W127/><G127/><T18/><D79/><U105/><E124/><V51/><F115/><W31/><G31/><T106/><D106/><U68/><E105/><V49/><F73/><W90/><G74/><T10/><D71/><U33/><E15/><N who="2" m="7295" /><F61/><W104/><G104/><T4/><D9/><N who="1" m="2303" /><E55/><V13/><F13/><W60/><G72/><T0/><D54/><U122/><E85/><V75/><F75/><W80/><G1/><T84/><D84/><U128/><E122/><V70/><F97/><W77/><G8/><T57/><D10/><U62/><E128/><V112/><F112/><W12/><G12/><T2/><D2/><U59/><E59/><V88/><F78/><W120/><G120/><T110/><D57/><U101/><E101/><N who="3" m="38986" /><G63/><T48/><D56/><U37/><E37/><V40/><F40/><W95/><G60/><T130/><D130/><U50/><E38/><V93/><F70/><W83/><G77/><T17/><D0/><U125/><E125/><V111/><F111/><W98/><G95/><T41/><D110/><U102/><E102/><V67/><F67/><W99/><G98/><T58/><D65/><U109/><E109/><V5/><F5/><W116/><G116/><T123/><D4/><U47/><E114/><V126/><F126/><W76/><G76/><T91/><D123/><U87/><E113/><V24/><F24/><W23/><G23/><RYUUKYOKU ba="0,0" sc="430,-30,270,10,190,10,110,10" hai1="32,33,35,42,47,50,62,64,68,87" hai2="20,26,49,51,86,88,93" hai3="21,22,45,52,80,82,83,90,92,99" /><INIT seed="1,1,0,0,2,73" ten="400,280,200,120" oya="1" hai0="75,59,33,84,18,108,14,60,80,78,43,65,15" hai1="81,7,64,28,112,52,90,113,89,16,45,135,124" hai2="4,97,105,118,20,55,36,132,101,122,57,23,130" hai3="37,41,5,34,46,110,54,100,32,21,70,67,72"/><U69/><E28/><V47/><F118/><W87/><G72/><T126/><D33/><U48/><E7/><V22/><F122/><W95/><G110/><T62/><D108/><U63/><E135/><V30/><F132/><W19/><G5/><T0/><D0/><U106/><E106/><V127/><F130/><W114/><G114/><T91/><D126/><U131/><E124/><V117/><F117/><W53/><G70/><T104/><D104/><U121/><E121/><V29/><F127/><W27/><G67/><T85/><D43/><U107/><E131/><V68/><F68/><W129/><G129/><T42/><D42/><U3/><E3/><V83/><F4/><W119/><G119/><T120/><D120/><U35/><E35/><V44/><F83/><W66/><G66/><T6/><D75/><U94/><E107/><V125/><F125/><W25/><G34/><T98/><D98/><U109/><E109/><V93/><F105/><W88/><REACH who="3" step="1"/><G100/><REACH who="3" ten="400,280,200,110" step="2"/><T39/><D6/><U26/><E113/><V134/><F134/><W24/><G24/><T38/><D14/><U115/><E112/><V10/><F29/><AGARI ba="1,1" hai="19,21,25,27,29,32,37,41,46,53,54,87,88,95" machi="29" ten="40,2600,0" yaku="1,1,54,1,53,0" doraHai="73" doraHaiUra="79" who="3" fromWho="2" sc="400,0,280,0,200,-29,110,39" /><INIT seed="2,0,0,1,5,123" ten="400,280,171,149" oya="2" hai0="64,48,35,7,27,130,90,100,58,22,103,46,4" hai1="13,127,25,12,81,80,115,18,36,59,120,114,87" hai2="119,11,68,40,15,29,109,85,117,28,134,61,107" hai3="116,67,74,106,57,51,129,112,110,47,41,42,121"/><V38/><F107/><W69/><G116/><T86/><D35/><U34/><E36/><V88/><F109/><W16/><G121/><T135/><D135/><U60/><E120/><V39/><F134/><W96/><G74/><T99/><D130/><U131/><E131/><V98/><F119/><W91/><G129/><T71/><D71/><U1/><E1/><V73/><F73/><W97/><G69/><T66/><D4/><U124/><E34/><V8/><F117/><W128/><G128/><T21/><D7/><U2/><E2/><V65/><F98/><W95/><G112/><T82/><D21/><N who="1" m="13495" /><E13/><V83/><F8/><W70/><G70/><T89/><D89/><N who="1" m="51431" /><E81/><V126/><F126/><N who="1" m="48169" /><E12/><V108/><F108/><W56/><G110/><T104/><D58/><U63/><E63/><V111/><F111/><W84/><G67/><AGARI ba="0,0" hai="59,60,67,114,115" m="48169,51431,13495" machi="67" ten="30,1000,0" yaku="18,1" doraHai="123" who="1" fromWho="3" sc="400,0,280,10,171,0,149,-10" /><INIT seed="3,0,0,5,2,32" ten="400,290,171,139" oya="3" hai0="7,13,56,31,34,42,25,131,1,68,2,103,106" hai1="49,113,38,125,60,67,52,46,6,112,74,41,111" hai2="57,70,30,39,59,108,29,94,53,9,107,81,80" hai3="26,85,43,24,62,114,98,61,15,118,134,58,73"/><W23/><G114/><T21/><D68/><N who="1" m="42087" /><E74/><V132/><F107/><W5/><G73/><T135/><D42/><U99/><E6/><V69/><F39/><W128/><G118/><T100/><D131/><U27/><E111/><V130/><F108/><W82/><G128/><T11/><D135/><U89/><E27/><N who="3" m="10282" /><G134/><T123/><D123/><U129/><E129/><V86/><F130/><W91/><G43/><T44/><D44/><N who="1" m="23607" /><E89/><N who="2" m="53559" /><F69/><W3/><G3/><T10/><D106/><U72/><E99/><V33/><F33/><W17/><G5/><N who="0" m="1327" /><D56/><N who="1" m="32783" /><E72/><V0/><F70/><W54/><G98/><T119/><D119/><U65/><E125/><V48/><F0/><W126/><G126/><T97/><D97/><U110/><E110/><V101/><F9/><W36/><G36/><T40/><D103/><U116/><E116/><V8/><F101/><W120/><G120/><T133/><D133/><U12/><E65/><V90/><F8/><W19/><G17/><N who="0" m="10415" /><D100/><U55/><E12/><V16/><F132/><W87/><G87/><T14/><D40/><U75/><E75/><V93/><F30/><W92/><G82/><T104/><D104/><U77/><E77/><V18/><F29/><W66/><G66/><T121/><D121/><U84/><E84/><V117/><F117/><W45/><G45/><T83/><D83/><N who="2" m="31818" /><F57/><W115/><G115/><T20/><D2/><U28/><E28/><V51/><F93/><W71/><G71/><T78/><D78/><U102/><E102/><V88/><F90/><W76/><G76/><T47/><D34/><U124/><E124/><V127/><F127/><RYUUKYOKU ba="0,0" sc="400,10,290,10,171,-30,139,10" hai0="7,11,14,20,25,31,47" hai1="46,55,112,113" hai3="15,19,23,54,58,61,62,85,91,92" /><INIT seed="3,1,0,4,0,63" ten="410,300,141,149" oya="3" hai0="52,86,23,109,97,1,90,60,89,129,117,27,100" hai1="24,15,20,91,41,30,4,12,13,62,18,70,101" hai2="79,122,69,43,95,37,19,128,105,85,108,123,61" hai3="2,126,127,134,14,72,88,54,119,50,87,82,74"/><W113/><G113/><T21/><D117/><U96/><E41/><V26/><F105/><W121/><G119/><T10/><D109/><U103/><E4/><V94/><F108/><W92/><G2/><T112/><D112/><U44/><E44/><N who="2" m="23663" /><F128/><W114/><G121/><N who="2" m="46089" /><F79/><N who="3" m="46559" /><G114/><T40/><D40/><U38/><E38/><V0/><F0/><W76/><G76/><T106/><D129/><U81/><E30/><V42/><F42/><W53/><G14/><T67/><D52/><N who="3" m="20073" /><G50/><T107/><D106/><U48/><E48/><V45/><F45/><W93/><G93/><T6/><D27/><U99/><E81/><V102/><F102/><W104/><G104/><T64/><D90/><U51/><E51/><V124/><F124/><N who="3" m="47659" /><G134/><T125/><D125/><U84/><E103/><V132/><F132/><W78/><G78/><T116/><D116/><U22/><E101/><V118/><F118/><W33/><G33/><T49/><D49/><U36/><E36/><V66/><F85/><AGARI ba="1,0" hai="72,74,85,88,92" m="47659,20073,46559" machi="85" ten="30,5800,0" yaku="18,1,54,2" doraHai="63" who="3" fromWho="2" sc="410,0,300,0,141,-61,149,61" /><INIT seed="3,2,0,1,0,7" ten="410,300,80,210" oya="3" hai0="123,60,38,116,84,2,54,74,22,8,132,55,108" hai1="103,71,44,66,29,35,16,75,41,135,59,110,10" hai2="101,83,98,17,117,99,111,121,51,85,27,68,49" hai3="134,14,20,88,82,73,87,113,94,1,104,36,3"/><W24/><G113/><T5/><D116/><U109/><E75/><V47/><F111/><N who="1" m="42505" /><E71/><V56/><F117/><W106/><G36/><T96/><D123/><U79/><E135/><V133/><F133/><W30/><G134/><T50/><D38/><U31/><E79/><V77/><F121/><W6/><G1/><T25/><D74/><U9/><E103/><V40/><F68/><W19/><G73/><T18/><D132/><U80/><E80/><V4/><F101/><W122/><G122/><T12/><D108/><U69/><E69/><V33/><F33/><W118/><G118/><T128/><D128/><U95/><E95/><V46/><F56/><W52/><G82/><T125/><D96/><U45/><E45/><V114/><F114/><W130/><G130/><T86/><D125/><U34/><E31/><V92/><F92/><W32/><G52/><T124/><D124/><U72/><E72/><V120/><F120/><W43/><G43/><T48/><D60/><N who="1" m="38175" /><E29/><V28/><F28/><W21/><G21/><T100/><D100/><U13/><E9/><AGARI ba="2,0" hai="3,6,9,14,19,20,24,30,32,87,88,94,104,106" machi="9" ten="40,12000,1" yaku="24,2,52,1,54,1" doraHai="7" who="3" fromWho="1" sc="410,0,300,-126,80,0,210,126" /><INIT seed="3,3,0,3,1,17" ten="410,174,80,336" oya="3" hai0="65,101,29,108,19,107,116,79,122,43,41,21,38" hai1="87,55,15,77,54,20,51,35,86,49,52,110,67" hai2="117,132,114,68,8,14,48,75,124,25,27,7,72" hai3="82,83,89,94,96,3,125,57,100,69,23,98,129"/><W99/><G69/><T63/><D116/><U102/><E35/><V123/><F68/><W33/><G33/><T115/><D122/><U50/><E110/><V97/><F123/><W61/><G3/><T40/><D108/><U10/><E67/><V46/><F117/><W84/><G129/><T26/><D115/><U104/><E77/><V58/><F114/><W18/><G125/><T88/><D79/><U92/><E104/><V85/><F124/><W90/><G100/><T105/><D38/><U120/><E120/><V60/><F132/><W37/><G37/><T111/><D111/><U70/><E70/><V5/><F5/><W24/><REACH who="3" step="1"/><G83/><REACH who="3" ten="410,174,80,326" step="2"/><T31/><D101/><U135/><E135/><V126/><F126/><W103/><G103/><T16/><D107/><U42/><E102/><V62/><F72/><W78/><G78/><T128/><D105/><U44/><E92/><V134/><F75/><W73/><G73/><T36/><D36/><U30/><E87/><V106/><F134/><W9/><G9/><T2/><D2/><U133/><E86/><V39/><F39/><W53/><AGARI ba="3,1" hai="18,23,24,53,57,61,82,84,89,90,94,96,98,99" machi="53" ten="20,24000,3" yaku="1,1,0,1,7,1,25,2,8,1,52,1,53,1" doraHai="17" doraHaiUra="59" who="3" fromWho="3" sc="410,-83,174,-83,80,-83,326,259" owari="327,12.7,91,-30.9,-3,-50.3,585,68.5" /></mjloggm>