<mjloggm ver="2.3"><GO type="225" lobby="0"/><UN n0="%E7%99%BD%E9%9B%AA%E4%B9%83%E6%84%9B" n1="%E3%81%86%E3%83%BC%E3%81%B1%E3%83%BC" n2="%6E%69%63%6F%6E%74%6F" n3="%E3%81%A8%E3%82%93%E3%81%A8%E3%81%93%E3%81%A8%E3%82%93" dan="16,16,17,16" rate="2084.32,2140.27,2121.84,2126.82" sx="F,F,M,F"/><TAIKYOKU oya="0"/><INIT seed="0,0,0,3,5,80" ten="250,250,250,250" oya="0" hai0="125,108,8,126,114,65,55,63,124,26,18,106,49" hai1="39,22,82,68,122,13,30,85,92,120,31,112,9" hai2="102,58,130,33,51,67,60,99,54,104,132,4,96" hai3="46,78,52,38,127,69,21,42,50,113,19,77,103"/><T116/><D114/><U123/><E39/><V35/><F132/><W101/><G113/><T56/><D116/><U48/><E112/><V43/><F130/><W59/><G127/><T121/><D106/><U87/><E68/><V86/><F4/><W0/><G0/><T97/><D121/><U5/><E22/><V129/><F129/><W36/><G36/><T94/><D108/><U75/><E75/><V20/><F20/><W61/><G103/><T44/><D26/><U131/><E131/><V89/><F99/><W40/><G101/><T76/><D76/><U111/><E111/><V70/><REACH who="2" step="1"/><F43/><REACH who="2" ten="250,250,240,250" step="2"/><W6/><G6/><T10/><REACH who="0" step="1"/><D18/><REACH who="0" ten="240,250,240,250" step="2"/><U2/><E123/><V81/><AGARI ba="0,2" hai="33,35,51,54,58,60,67,70,81,86,89,96,102,104" machi="81" ten="20,12000,2" yaku="1,1,2,1,0,1,7,1,52,1,53,1" doraHai="80" doraHaiUra="45" who="2" fromWho="2" sc="240,-60,250,-30,240,140,250,-30" /><INIT seed="1,0,0,2,2,60" ten="180,220,380,220" oya="1" hai0="15,33,112,43,76,66,21,126,40,96,109,128,69" hai1="75,130,37,92,32,101,106,67,89,29,62,38,83" hai2="117,123,54,61,99,9,132,120,7,100,82,72,46" hai3="93,95,135,78,55,49,5,77,6,52,88,51,108"/><U13/><E130/><V70/><F117/><W45/><G108/><T73/><D112/><U102/><E13/><V63/><F132/><W81/><G135/><T105/><D33/><U24/><E83/><V0/><F54/><W30/><G30/><T131/><D109/><U124/><E75/><V16/><F16/><W19/><G19/><N who="0" m="10495" /><D76/><U65/><E124/><V12/><F12/><W26/><G26/><T134/><D73/><U133/><E133/><V35/><F35/><W17/><G17/><T87/><D87/><U104/><E106/><N who="2" m="63775" /><F63/><W79/><G81/><T110/><D134/><U50/><E50/><V68/><F46/><N who="3" m="28087" /><G95/><T18/><D110/><U10/><E10/><V22/><F22/><W118/><G118/><T2/><D2/><U34/><E34/><V27/><F27/><W11/><G11/><T59/><D18/><U84/><E102/><V31/><F31/><W48/><G51/><T113/><D69/><N who="2" m="26730" /><F61/><W64/><G64/><T25/><D66/><U115/><E115/><V20/><F20/><W85/><AGARI ba="0,0" hai="5,6,45,48,52,77,78,79,85,88,93" m="28087" machi="85" ten="30,4000,0" yaku="8,1,54,2" doraHai="60" who="3" fromWho="3" sc="180,-10,220,-20,380,-10,220,40" /><INIT seed="2,0,0,2,1,69" ten="170,200,370,260" oya="2" hai0="48,96,62,110,12,100,55,32,79,50,132,66,33" hai1="38,53,75,116,80,1,109,19,20,49,30,131,73" hai2="118,94,31,99,112,122,93,78,42,8,70,45,123" hai3="24,0,47,71,2,92,35,128,5,51,63,108,84"/><V81/><F112/><W64/><G108/><T124/><D110/><U23/><E116/><V115/><F115/><W18/><G128/><T26/><D124/><U16/><E1/><V129/><F118/><W65/><G65/><T10/><D132/><U85/><E30/><V6/><F129/><W97/><G5/><T130/><D79/><U102/><E102/><V77/><F77/><W74/><G74/><T119/><D130/><U15/><E38/><V98/><F70/><W39/><G84/><T57/><D119/><U7/><E7/><V11/><F31/><W27/><G27/><T105/><D48/><U91/><E109/><V88/><F94/><W44/><G47/><T101/><D101/><U103/><E103/><V13/><F99/><W60/><G63/><T21/><D12/><U133/><E133/><V121/><F11/><W29/><G18/><T28/><REACH who="0" step="1"/><D10/><REACH who="0" ten="160,200,370,260" step="2"/><U67/><E131/><V9/><F9/><W59/><G39/><T36/><D36/><U82/><E75/><V34/><F123/><W86/><G0/><T4/><D4/><U104/><E73/><V83/><F122/><W114/><G2/><T87/><D87/><U125/><E125/><V14/><F121/><W106/><G86/><T134/><D134/><U61/><E82/><N who="2" m="31243" /><F14/><W89/><G114/><T54/><D54/><U117/><E117/><V41/><F78/><W22/><G51/><T58/><AGARI ba="0,1" hai="21,26,28,32,33,50,55,57,58,62,66,96,100,105" machi="58" ten="20,5200,0" yaku="1,1,0,1,7,1,53,1" doraHai="69" doraHaiUra="17" who="0" fromWho="0" sc="160,62,200,-13,370,-26,260,-13" /><INIT seed="3,0,0,1,1,1" ten="222,187,344,247" oya="3" hai0="118,28,67,129,74,59,51,5,71,133,116,46,85" hai1="27,10,49,35,25,48,131,96,88,21,47,64,42" hai2="40,61,44,120,45,97,121,125,4,126,106,69,43" hai3="89,32,53,63,80,105,84,108,94,77,52,113,3"/><W34/><G113/><T127/><D74/><U14/><E131/><V130/><F4/><W112/><G112/><T22/><D5/><N who="1" m="3407" /><E35/><V128/><F106/><W102/><G3/><T58/><D129/><N who="2" m="49770" /><F97/><N who="3" m="61647" /><G108/><T117/><D133/><U110/><E110/><V9/><F9/><W81/><G81/><T90/><D127/><N who="2" m="48650" /><F61/><W83/><G83/><T68/><D118/><U17/><E64/><V54/><F54/><N who="3" m="21099" /><G63/><T2/><D117/><U66/><E66/><V20/><F20/><W60/><G60/><T75/><D116/><U65/><E65/><V82/><F82/><W103/><G103/><T12/><D67/><U19/><E49/><N who="2" m="26759" /><F69/><W16/><G16/><N who="1" m="6218" /><E21/><V115/><F115/><W13/><G13/><T73/><D71/><U124/><E124/><V87/><F87/><W92/><G94/><AGARI ba="0,0" hai="25,27,42,47,48,88,94,96" m="6218,3407" machi="94" ten="30,7700,0" yaku="8,1,52,1,54,2" doraHai="1" who="1" fromWho="3" sc="222,0,187,77,344,0,247,-77" owari="222,-17.8,264,6.4,344,44.4,170,-33.0" /></mjloggm>