<mjloggm ver="2.3"><GO type="225" lobby="0"/><UN n0="%E6%A1%9C%E8%8A%B1%E9%96%83%E3%80%85" n1="%E3%82%BC%E3%83%AB%E3%83%80%E3%81%AE%E4%BC%9D%E8%AA%AC" n2="%E5%86%B7%E5%87%8D%E3%82%AE%E3%83%A7%E3%83%BC%E3%82%B6" n3="%E3%81%86%E3%83%BC%E3%81%B1%E3%83%BC" dan="17,16,16,16" rate="2125.84,2161.93,2117.16,2179.90" sx="M,M,M,F"/><TAIKYOKU oya="0"/><INIT seed="0,0,0,2,5,18" ten="250,250,250,250" oya="0" hai0="74,116,61,31,17,85,20,83,30,114,130,112,88" hai1="76,58,104,92,120,51,118,107,135,68,36,103,122" hai2="110,81,14,71,90,25,12,96,42,1,60,124,65" hai3="82,73,78,106,52,26,101,46,95,80,72,41,50"/><T102/><D116/><U99/><E118/><V127/><F110/><W111/><G111/><T131/><D102/><U126/><E68/><V125/><F1/><W6/><G106/><T38/><D38/><U7/><E36/><V113/><F113/><W29/><G6/><T53/><D74/><U3/><E3/><V56/><F42/><W10/><G10/><T100/><D100/><U97/><E7/><V62/><F25/><W57/><G95/><T13/><D114/><U16/><E76/><V24/><F24/><W37/><G101/><T28/><REACH who="0" step="1"/><D112/><REACH who="0" ten="240,250,250,250" step="2"/><U0/><E103/><V54/><F81/><W70/><G80/><T15/><D15/><U133/><E0/><V49/><F12/><W93/><G93/><T75/><D75/><U34/><E92/><N who="2" m="56343" /><F14/><W129/><G72/><T5/><D5/><U123/><E104/><V66/><F127/><W119/><G119/><T59/><AGARI ba="0,1" hai="13,17,20,28,30,31,53,59,61,83,85,88,130,131" machi="59" ten="30,11700,0" yaku="1,1,0,1,52,1,54,1,53,0" doraHai="18" doraHaiUra="4" who="0" fromWho="0" sc="240,127,250,-39,250,-39,250,-39" /><INIT seed="0,1,0,3,4,76" ten="367,211,211,211" oya="0" hai0="120,11,102,111,133,117,128,70,135,127,69,112,40" hai1="106,80,10,18,45,81,51,60,36,14,90,35,115" hai2="28,49,110,74,39,48,84,107,62,13,86,55,116" hai3="63,43,125,56,19,104,123,124,119,27,16,88,64"/><T94/><D112/><U96/><E96/><V61/><BYE who="1" /><F74/><W126/><G119/><T109/><D117/><U108/><E108/><N who="0" m="41545" /><D120/><U54/><E54/><V47/><F39/><W30/><G104/><T82/><D127/><U99/><E99/><V1/><F1/><W22/><G123/><T50/><D128/><U24/><E24/><V34/><F107/><W57/><G43/><T92/><D11/><U4/><E4/><V122/><F116/><W134/><G134/><N who="0" m="51211" /><D102/><U71/><E71/><N who="0" m="27145" /><D82/><U129/><E129/><V15/><F110/><W85/><REACH who="3" step="1"/><G57/><REACH who="3" ten="367,211,211,201" step="2"/><T38/><D38/><U105/><E105/><V9/><F122/><W52/><G52/><T83/><D83/><AGARI ba="1,1" hai="16,19,22,27,30,56,63,64,83,85,88,124,125,126" machi="83" ten="40,8000,1" yaku="1,1,18,1,52,1,54,2,53,0" doraHai="76" doraHaiUra="5" who="3" fromWho="0" sc="367,-83,211,0,211,0,201,93" /><INIT seed="1,0,0,0,2,48" ten="284,211,211,294" oya="1" hai0="67,68,3,93,69,47,22,27,12,70,118,105,91" hai1="26,54,88,2,21,11,77,16,18,86,99,117,45" hai2="84,41,19,89,39,30,35,81,6,75,17,92,29" hai3="76,124,5,57,90,23,72,59,121,1,43,108,32"/><U112/><E112/><V102/><F6/><W37/><G121/><T104/><D118/><U61/><E61/><V53/><F41/><W115/><G32/><T123/><D3/><U42/><E42/><V80/><F39/><W62/><G115/><T87/><D123/><U119/><E119/><V85/><F75/><W52/><G108/><T79/><D12/><U113/><E113/><V103/><F35/><W4/><G124/><T13/><D13/><U133/><E133/><V74/><F74/><W122/><G122/><T9/><D9/><U38/><E38/><V46/><F92/><W51/><G1/><T20/><D67/><U60/><E60/><V132/><F132/><W64/><G23/><T40/><D79/><U100/><E100/><V110/><F110/><W65/><G65/><T101/><D101/><U15/><E15/><V106/><F106/><W129/><G129/><T36/><REACH who="0" step="1"/><D20/><REACH who="0" ten="274,211,211,294" step="2"/><U111/><E111/><V126/><F103/><W10/><G10/><T97/><D97/><U63/><E63/><V73/><F102/><W28/><G76/><T135/><D135/><U128/><E128/><V50/><F126/><W66/><G66/><T58/><D58/><U0/><E0/><V25/><F73/><W44/><G72/><T107/><D107/><U120/><E120/><V98/><F98/><W130/><G130/><T125/><D125/><UN n1="%E3%82%BC%E3%83%AB%E3%83%80%E3%81%AE%E4%BC%9D%E8%AA%AC" /><U56/><E2/><V83/><F25/><W33/><REACH who="3" step="1"/><G90/><REACH who="3" ten="274,211,211,284" step="2"/><T109/><D109/><U114/><E114/><V131/><F131/><W49/><G49/><T127/><D127/><U55/><E88/><V71/><F89/><RYUUKYOKU ba="0,2" sc="274,15,211,-15,211,-15,284,15" hai0="22,27,36,40,47,68,69,70,87,91,93,104,105" hai3="4,5,28,33,37,43,44,51,52,57,59,62,64" /><INIT seed="2,1,2,5,3,50" ten="289,196,196,299" oya="2" hai0="134,78,133,91,28,6,119,59,89,26,92,123,102" hai1="70,97,115,48,65,51,32,45,40,93,44,52,113" hai2="54,33,7,100,129,37,63,75,104,60,130,5,1" hai3="124,22,95,109,80,9,2,76,74,105,110,85,34"/><V30/><F37/><W17/><G124/><T88/><D123/><U77/><E32/><V99/><F75/><W24/><G105/><T131/><D131/><N who="2" m="50186" /><F1/><W81/><G95/><T106/><D119/><U112/><E77/><V120/><F120/><W128/><G34/><T57/><D106/><U67/><REACH who="1" step="1"/><E70/><REACH who="1" ten="289,186,196,299" step="2"/><V127/><F127/><W122/><G128/><T107/><D78/><U84/><E84/><V79/><F79/><W29/><G122/><T126/><D126/><U35/><E35/><V64/><F33/><W20/><G85/><T15/><D134/><U111/><E111/><N who="3" m="42506" /><G76/><T47/><D133/><U62/><E62/><V13/><F63/><W14/><G74/><T0/><D91/><AGARI ba="1,3" hai="40,44,45,48,51,52,65,67,91,93,97,112,113,115" machi="91" ten="40,5200,0" yaku="1,1,52,1,54,1,53,0" doraHai="50" doraHaiUra="103" who="1" fromWho="0" sc="289,-55,186,85,196,0,299,0" /><INIT seed="3,0,0,1,2,63" ten="234,271,196,299" oya="3" hai0="133,77,61,105,126,53,43,56,65,23,51,131,107" hai1="1,54,18,73,40,5,86,46,72,28,104,83,60" hai2="64,108,45,66,91,26,81,87,89,127,109,70,75" hai3="102,98,4,29,30,132,79,59,27,25,113,135,52"/><W44/><G79/><T0/><D131/><U12/><E104/><V55/><F127/><W97/><G44/><T50/><D126/><U118/><E28/><N who="3" m="10858" /><G4/><T8/><D133/><N who="3" m="51273" /><G113/><T11/><D77/><U85/><E5/><V100/><F70/><W106/><G98/><T128/><D128/><U14/><E46/><V90/><F75/><W37/><G37/><T22/><D105/><U123/><E72/><V115/><F115/><W42/><G42/><T92/><D107/><U116/><E40/><V16/><F100/><W13/><G13/><T21/><D0/><U99/><E12/><V82/><F109/><W24/><G24/><T94/><D43/><U58/><E99/><V69/><F69/><W34/><G34/><T130/><D130/><U10/><E1/><V15/><F26/><W88/><G88/><N who="2" m="33897" /><F81/><W68/><G68/><T35/><D35/><U7/><E83/><V110/><F108/><W119/><G119/><T121/><D92/><U62/><E73/><V19/><F110/><W49/><AGARI ba="0,0" hai="25,27,49,52,59,97,102,106" m="51273,10858" machi="49" ten="30,3000,0" yaku="20,1,54,1" doraHai="63" who="3" fromWho="3" sc="234,-10,271,-10,196,-10,299,30" owari="224,-17.6,261,6.1,186,-31.4,329,42.9" /></mjloggm>