<mjloggm ver="2.3"><GO type="225" lobby="0"/><UN n0="%4B%2E%32%2E%4B%2E" n1="%77%72%77%72%77%72%77%72" n2="%E6%81%A5%E6%99%92%E3%81%97" n3="%E3%82%A2%E3%83%A1%E3%82%A2%E3%83%A9%E3%83%AC" dan="16,17,16,16" rate="2151.17,2213.11,2127.06,2101.45" sx="M,M,M,M"/><TAIKYOKU oya="0"/><INIT seed="0,0,0,1,4,26" ten="250,250,250,250" oya="0" hai0="73,43,63,127,48,122,49,126,119,67,23,90,30" hai1="100,14,130,61,81,96,87,4,17,75,80,7,128" hai2="132,106,92,13,33,56,98,46,20,60,79,116,53" hai3="85,55,54,123,44,12,91,110,58,71,2,107,18"/><T76/><D119/><U125/><E125/><N who="0" m="47625" /><D122/><U84/><E75/><V38/><F33/><W36/><G110/><T10/><D90/><U19/><E61/><V3/><F3/><W35/><G2/><T57/><D43/><U133/><E133/><V34/><F132/><W134/><G71/><T121/><D121/><U37/><E37/><V68/><F116/><W101/><G134/><T16/><D10/><U74/><E74/><V32/><F106/><W109/><G35/><T108/><D108/><U97/><E14/><V29/><F68/><W95/><G36/><T77/><D30/><U94/><E94/><V15/><F32/><W89/><G109/><T111/><D111/><U112/><REACH who="1" step="1"/><E100/><REACH who="1" ten="250,240,250,250" step="2"/><V69/><F38/><W114/><G101/><T9/><D9/><U105/><E105/><V52/><F69/><W6/><G107/><T21/><D21/><U39/><E39/><V0/><F0/><W47/><G123/><T88/><D73/><U40/><E40/><V86/><F34/><W5/><G95/><T82/><D49/><U118/><E118/><V99/><F13/><W72/><G12/><N who="0" m="9607" /><D48/><U45/><E45/><V135/><F135/><W103/><G47/><T124/><D124/><U41/><E41/><V64/><F46/><W1/><G44/><T113/><D113/><AGARI ba="0,1" hai="4,7,17,19,80,81,84,87,96,97,112,113,128,130" machi="113" ten="25,3200,0" yaku="1,1,22,2,53,0" doraHai="26" doraHaiUra="59" who="1" fromWho="0" sc="250,-32,240,42,250,0,250,0" /><INIT seed="1,0,0,3,1,112" ten="218,282,250,250" oya="1" hai0="115,120,6,92,5,43,119,24,44,99,94,72,117" hai1="58,17,110,113,32,128,31,36,80,64,104,125,114" hai2="83,69,132,71,7,76,100,86,40,8,109,87,23" hai3="50,129,68,28,65,13,12,79,70,51,55,16,33"/><U89/><E36/><V15/><F109/><W131/><G79/><T63/><D115/><U111/><E104/><V127/><F132/><W47/><G12/><T107/><D72/><U35/><E128/><N who="3" m="49226" /><G65/><T21/><D120/><U30/><E125/><V135/><F135/><W81/><G81/><T27/><D107/><U62/><E80/><V93/><F127/><W37/><G37/><T45/><D63/><U105/><E105/><V91/><F100/><W116/><G116/><T52/><D52/><U10/><E89/><V3/><F3/><W46/><G28/><N who="1" m="10794" /><E114/><V2/><F2/><W25/><G25/><T66/><D66/><U11/><E113/><V57/><F23/><N who="3" m="11663" /><G33/><N who="1" m="12874" /><E17/><V90/><F76/><W98/><G98/><T18/><D18/><U53/><E64/><V101/><F101/><W41/><AGARI ba="0,0" hai="41,46,47,50,51,55,68,70" m="11663,49226" machi="41" ten="30,2000,0" yaku="19,1,54,1" doraHai="112" who="3" fromWho="3" sc="218,-5,282,-10,250,-5,250,20" /><INIT seed="2,0,0,1,0,73" ten="213,272,245,270" oya="2" hai0="68,47,111,124,89,102,106,17,72,44,108,94,90" hai1="84,37,62,41,65,80,133,16,54,76,132,127,119" hai2="131,32,50,85,70,26,6,91,34,112,15,0,79" hai3="30,61,51,35,113,43,123,121,14,46,63,10,2"/><V135/><F112/><W109/><G109/><N who="0" m="42059" /><D68/><U75/><E119/><V57/><F70/><W58/><G2/><T25/><D25/><U31/><E31/><V78/><F0/><W104/><G104/><T92/><D17/><U83/><E127/><V8/><F131/><W103/><G103/><T13/><D13/><U52/><E41/><V66/><F135/><N who="1" m="51785" /><E37/><V55/><F66/><W5/><G113/><T64/><D64/><U107/><E107/><V101/><F101/><W95/><G95/><N who="0" m="36395" /><D124/><U82/><E82/><N who="2" m="49591" /><F32/><W120/><G58/><T56/><D56/><N who="1" m="37063" /><E16/><N who="2" m="8295" /><F34/><W98/><G35/><T110/><D110/><U77/><AGARI ba="0,0" hai="52,54,75,76,77,80,83,84" m="37063,51785" machi="77" ten="30,7900,0" yaku="20,1,52,2,54,1" doraHai="73" who="1" fromWho="1" sc="213,-20,272,79,245,-39,270,-20" /><INIT seed="3,0,0,2,2,30" ten="193,351,206,250" oya="3" hai0="71,93,3,59,96,129,91,132,22,82,25,53,126" hai1="4,124,121,6,28,114,90,83,81,115,55,108,62" hai2="11,122,39,54,94,134,5,98,23,79,26,61,101" hai3="19,15,38,37,86,72,135,112,12,21,105,40,88"/><W1/><G112/><T78/><D71/><U106/><E106/><V10/><F134/><W9/><G72/><T74/><D132/><U85/><E121/><V24/><F39/><W119/><G119/><T33/><D126/><U104/><E104/><V43/><F122/><W120/><G135/><T102/><D129/><U131/><E131/><V103/><F103/><W7/><G105/><T58/><D3/><U68/><E124/><V116/><F116/><W89/><G89/><T75/><D75/><U44/><E108/><V63/><F43/><W95/><G40/><T127/><D127/><U97/><E97/><V8/><F79/><W17/><REACH who="3" step="1"/><G120/><REACH who="3" ten="193,351,206,240" step="2"/><T47/><D102/><U32/><E115/><V70/><F101/><W20/><AGARI ba="0,1" hai="1,7,9,12,15,17,19,20,21,37,38,86,88,95" machi="20" ten="20,18000,2" yaku="1,1,2,1,0,1,7,1,9,1,54,1,53,1" doraHai="30" doraHaiUra="34" who="3" fromWho="3" sc="193,-60,351,-60,206,-60,240,190" owari="133,-36.7,291,9.1,146,-25.4,430,53.0" /></mjloggm>