<mjloggm ver="2.3"><GO type="225" lobby="0"/><UN n0="%E3%81%82%E3%81%84%E3%81%82%E3%81%8A%E3%81%84" n1="%E3%81%AF%E3%82%88%E3%81%8A%E3%81%98%E3%81%95%E3%82%93" n2="%E3%81%AA%E3%81%8C%E3%81%95%E3%82%8F%E3%81%BE%E3%81%95%E3%81%BF" n3="%48%61%61%61%6C%61%6E%64" dan="18,16,16,17" rate="2185.58,2149.34,2099.52,2143.50" sx="M,M,F,M"/><TAIKYOKU oya="0"/><INIT seed="0,0,0,3,4,14" ten="250,250,250,250" oya="0" hai0="11,20,1,122,85,89,9,68,49,126,38,72,118" hai1="131,31,119,13,2,64,57,60,129,86,116,92,111" hai2="21,8,15,55,37,36,66,76,100,25,35,53,22" hai3="46,67,3,47,65,93,80,7,107,123,130,16,0"/><T34/><D34/><U42/><E2/><V103/><F76/><W50/><G107/><T94/><D38/><U44/><E31/><V101/><F66/><W73/><G130/><N who="1" m="49674" /><E13/><V88/><F35/><W105/><G105/><T127/><D68/><U10/><E10/><V82/><F36/><W108/><G108/><T41/><D118/><N who="1" m="45099" /><E92/><V24/><F37/><W81/><G93/><T18/><D72/><U112/><E86/><N who="2" m="50263" /><F24/><W17/><G50/><T52/><D41/><U109/><E112/><V97/><F97/><W96/><G96/><T19/><D122/><U128/><N who="1" m="49682" /><U40/><DORA hai="74" /><E40/><V121/><F121/><W61/><G123/><T106/><D106/><U133/><E133/><V99/><F99/><W132/><G73/><T75/><D75/><U102/><E102/><V78/><F22/><W48/><G132/><T113/><D20/><U58/><E58/><V135/><F135/><W91/><G0/><T77/><D113/><U90/><E90/><V51/><F78/><W114/><G3/><T110/><D77/><U43/><E43/><V125/><F21/><W23/><G23/><T70/><D70/><U63/><E60/><V124/><F25/><W69/><G69/><T27/><D27/><U83/><E83/><V6/><F51/><AGARI ba="0,0" hai="42,44,51,57,63,64,109,111" m="45099,49682" machi="51" ten="50,6400,0" yaku="19,1,34,2" doraHai="14,74" who="1" fromWho="2" sc="250,0,250,64,250,-64,250,0" /><INIT seed="1,0,0,4,3,66" ten="250,314,186,250" oya="1" hai0="72,68,27,39,109,70,6,35,3,77,23,95,20" hai1="113,112,40,43,26,63,132,48,130,49,122,105,34" hai2="80,47,52,78,81,38,24,86,65,101,42,97,120" hai3="12,4,9,56,75,90,1,69,73,131,106,28,121"/><U25/><E105/><V54/><F120/><W74/><G121/><T44/><D109/><U31/><E122/><V21/><F65/><W108/><G108/><T111/><D111/><U119/><E119/><V61/><F81/><W126/><G126/><T100/><D35/><U98/><E98/><V55/><F61/><W36/><G36/><T13/><D13/><U18/><E63/><V7/><F7/><W62/><G131/><T82/><D95/><U91/><E91/><V37/><F37/><W92/><G106/><T103/><D103/><U79/><E79/><V2/><F2/><W114/><G28/><T67/><D67/><U102/><E102/><V30/><REACH who="2" step="1"/><F54/><REACH who="2" ten="250,314,176,250" step="2"/><W124/><G1/><T118/><D6/><U84/><E130/><V33/><F33/><W45/><G4/><T87/><D82/><U129/><E34/><V53/><F53/><W127/><G62/><T41/><D39/><U128/><E129/><V17/><F17/><W83/><G83/><T29/><D3/><U11/><E18/><V125/><F125/><W93/><G124/><T51/><D72/><U99/><E128/><V58/><F58/><W60/><G73/><T16/><D16/><U117/><E117/><V19/><F19/><W32/><G74/><T85/><D118/><U64/><E64/><V135/><F135/><W88/><G75/><T134/><D134/><U57/><E132/><V46/><F46/><W8/><G32/><T0/><D44/><N who="1" m="25607" /><E57/><V5/><F5/><W107/><G127/><T94/><D0/><U110/><E110/><V89/><F89/><N who="3" m="34411" /><G56/><T59/><D59/><RYUUKYOKU ba="0,1" sc="250,-10,314,-10,176,30,250,-10" hai2="21,24,30,38,42,47,52,55,78,80,86,97,101" /><INIT seed="2,1,1,5,2,44" ten="240,304,206,240" oya="2" hai0="7,77,87,26,39,21,91,67,125,99,112,63,94" hai1="108,122,37,52,50,6,16,40,85,86,96,4,8" hai2="126,124,106,25,73,56,47,72,48,28,9,10,54" hai3="133,30,42,0,109,22,78,64,12,71,68,60,97"/><V32/><F106/><W103/><G0/><T31/><D112/><U3/><E37/><V107/><F107/><W120/><G120/><T19/><D125/><N who="2" m="48234" /><F56/><W129/><G109/><T93/><D39/><U13/><E40/><V38/><F38/><W84/><G129/><T75/><D7/><N who="1" m="2603" /><E3/><V81/><F81/><W105/><G42/><T43/><D43/><U17/><E108/><V15/><F15/><W59/><G133/><T35/><D75/><AGARI ba="1,1" hai="9,10,25,28,32,47,48,54,72,73,75" m="48234" machi="75" ten="30,2900,0" yaku="18,1,52,1" doraHai="44" who="2" fromWho="0" sc="240,-32,304,0,206,42,240,0" /><INIT seed="2,2,0,1,4,114" ten="208,304,248,240" oya="2" hai0="130,16,0,72,84,88,10,99,31,32,103,13,21" hai1="85,34,23,109,14,45,47,77,107,102,71,60,35" hai2="73,115,65,105,15,108,2,19,40,33,129,117,7" hai3="55,92,68,124,27,126,30,98,39,110,93,123,113"/><V66/><F115/><W80/><G113/><T118/><D130/><U111/><E102/><V63/><F73/><W95/><G123/><T87/><D72/><U58/><E107/><V59/><F105/><W5/><G110/><N who="1" m="41994" /><E71/><V135/><F33/><N who="1" m="12297" /><E23/><V100/><F129/><W81/><G68/><T83/><D87/><U17/><E14/><V74/><F74/><W25/><G98/><T24/><D118/><U37/><E17/><V1/><F117/><W97/><G97/><T36/><D36/><U50/><E50/><V96/><F7/><W22/><G39/><T12/><D0/><U46/><E37/><V128/><F128/><W26/><G5/><T38/><D38/><U78/><E85/><V79/><F96/><W131/><G131/><T8/><REACH who="0" step="1"/><D13/><REACH who="0" ten="198,304,248,240" step="2"/><U62/><E78/><V6/><F79/><W3/><G3/><T133/><D133/><U116/><E77/><V122/><F135/><W20/><G124/><T91/><D91/><U49/><E116/><V104/><F108/><W42/><G126/><T57/><D57/><U94/><E58/><V89/><F89/><W9/><G81/><T69/><D69/><U64/><E45/><V43/><F1/><W82/><G80/><T61/><D61/><U28/><E60/><V70/><F70/><W54/><G82/><T41/><D41/><U90/><E47/><V106/><F100/><W4/><G42/><T53/><D53/><U132/><E132/><V67/><F40/><W52/><G30/><T101/><D101/><U44/><E28/><V56/><F43/><W11/><G4/><T75/><D75/><RYUUKYOKU ba="2,1" sc="198,15,304,-15,248,-15,240,15" hai0="8,10,12,16,21,24,31,32,83,84,88,99,103" hai3="9,11,20,22,25,26,27,52,54,55,92,93,95" /><INIT seed="3,3,1,1,1,20" ten="213,289,233,255" oya="3" hai0="57,44,80,70,117,14,11,61,98,100,122,39,54" hai1="102,51,6,96,52,59,129,30,26,99,9,35,31" hai2="110,5,22,90,64,47,3,45,25,127,126,24,108" hai3="63,58,115,29,73,114,133,93,113,53,101,68,109"/><W87/><G73/><T13/><D117/><U16/><E129/><V41/><F64/><W92/><G133/><T79/><D122/><U107/><E96/><V19/><F90/><W60/><G109/><N who="2" m="42089" /><F5/><W38/><G38/><T95/><D70/><U105/><E30/><V36/><F3/><W111/><G111/><T7/><D39/><U28/><E31/><V83/><F83/><W43/><G43/><T112/><D44/><U135/><E135/><V103/><F103/><W56/><G68/><T75/><REACH who="0" step="1"/><D112/><REACH who="0" ten="203,289,233,255" step="2"/><U82/><E59/><V125/><F45/><W50/><G115/><T78/><D78/><U33/><E35/><V18/><F18/><W48/><G113/><T27/><D27/><AGARI ba="3,2" hai="19,22,24,25,27,36,41,47,125,126,127" m="42089" machi="27" ten="40,8000,1" yaku="18,1,14,1,52,3" doraHai="20" who="2" fromWho="0" sc="203,-89,289,0,233,109,255,0" owari="114,-38.6,289,8.9,342,44.2,255,-14.5" /></mjloggm>