<mjloggm ver="2.3"><GO type="225" lobby="0"/><UN n0="%E3%82%B2%E3%82%B9%E8%8C%82%E5%8B%9D" n1="%6D%75%75%6D%75%72%61" n2="%E2%91%A3%E9%81%BF%E9%81%8A%E6%88%AF%E3%80%90%E6%9D%B1%E5%8D%97%E3%80%91" n3="%E5%B0%8F%E9%B3%A5%E9%81%8A%E7%B7%B4%E7%84%A1%32%31%E6%AD%B3" dan="16,16,16,16" rate="2087.79,2125.40,2063.40,2200.05" sx="F,F,M,F"/><TAIKYOKU oya="0"/><INIT seed="0,0,0,1,4,16" ten="250,250,250,250" oya="0" hai0="98,105,121,73,133,85,65,59,47,19,127,102,132" hai1="55,66,123,122,28,31,21,6,128,70,1,107,63" hai2="26,101,14,112,61,45,0,87,5,3,125,69,91" hai3="29,103,22,129,79,106,37,134,62,96,75,84,118"/><T13/><BYE who="3" /><D121/><UN n3="%E5%B0%8F%E9%B3%A5%E9%81%8A%E7%B7%B4%E7%84%A1%32%31%E6%AD%B3" /><U57/><E128/><V56/><F112/><W8/><G129/><T67/><D73/><U100/><E1/><V110/><F69/><W131/><G131/><T109/><D109/><U92/><E6/><V48/><F110/><W20/><G118/><T77/><D127/><U44/><E107/><V18/><F125/><W68/><G37/><T41/><D85/><U34/><E34/><V17/><F101/><W54/><G75/><T116/><D116/><U27/><E31/><V23/><F5/><W130/><G130/><T24/><D24/><U88/><E44/><V46/><F0/><W117/><G117/><T2/><D77/><U124/><E100/><V25/><F3/><W49/><G8/><T4/><D4/><U33/><E33/><V9/><F26/><W74/><G29/><T114/><D2/><U99/><REACH who="1" step="1"/><E124/><REACH who="1" ten="250,240,250,250" step="2"/><V7/><F7/><W38/><G106/><T95/><D105/><U53/><E53/><N who="2" m="31783" /><F61/><AGARI ba="0,1" hai="21,27,28,55,57,61,63,66,70,88,92,99,122,123" machi="61" ten="30,7700,0" yaku="1,1,7,1,52,1,54,1,53,0" doraHai="16" doraHaiUra="11" who="1" fromWho="2" sc="250,0,240,87,250,-77,250,0" /><INIT seed="1,0,0,3,4,58" ten="250,327,173,250" oya="1" hai0="95,127,46,81,6,120,106,80,111,50,84,8,97" hai1="16,22,92,13,122,17,71,82,60,103,75,4,28" hai2="116,64,25,35,76,132,99,131,26,69,112,31,79" hai3="34,41,47,30,91,125,5,129,78,108,115,52,66"/><U12/><E122/><V109/><F116/><W121/><G115/><T110/><D120/><U19/><E103/><V55/><F112/><W21/><G121/><T0/><D127/><U33/><E92/><V24/><F132/><W130/><G108/><N who="0" m="41515" /><D84/><U49/><E33/><V98/><F109/><W45/><G66/><T10/><D10/><U68/><E49/><V113/><F113/><W72/><G91/><N who="0" m="55551" /><D106/><U2/><E2/><V57/><F131/><N who="3" m="50187" /><G5/><T51/><D51/><U102/><E102/><V15/><F69/><W105/><G105/><T39/><D39/><U128/><E4/><V32/><F64/><W20/><G72/><T83/><D83/><U18/><E128/><V61/><F15/><W88/><G78/><T53/><AGARI ba="0,0" hai="0,6,8,46,50,53,80,81" m="55551,41515" machi="53" ten="30,1100,0" yaku="14,1" doraHai="58" who="0" fromWho="0" sc="250,11,327,-5,173,-3,250,-3" /><INIT seed="2,0,0,4,2,71" ten="261,322,170,247" oya="2" hai0="16,43,5,98,21,31,119,52,125,64,112,2,54" hai1="50,116,10,55,97,39,118,9,127,105,0,14,117" hai2="15,38,24,33,121,11,59,70,56,35,22,101,40" hai3="18,61,84,115,75,83,58,100,85,76,57,8,82"/><V104/><F121/><W120/><G120/><T17/><D112/><U88/><E127/><V45/><F70/><W134/><G134/><T4/><D125/><U48/><E39/><V28/><F104/><W80/><G115/><T25/><D119/><U60/><E0/><V92/><F35/><W20/><G100/><T53/><D64/><U13/><E60/><V81/><F81/><W27/><G57/><T12/><D43/><U102/><E88/><V65/><F65/><W63/><G75/><T68/><D68/><U3/><E3/><V95/><F33/><W94/><G8/><T37/><D37/><U90/><E90/><V30/><F28/><W89/><REACH who="3" step="1"/><G63/><REACH who="3" ten="261,322,170,237" step="2"/><T113/><D113/><U62/><E62/><V107/><F107/><W114/><G114/><T41/><D2/><U123/><E123/><V126/><F126/><W79/><G79/><T109/><D109/><U128/><E105/><V32/><F101/><W93/><G93/><T86/><D31/><U87/><E102/><V110/><F110/><W7/><G7/><T36/><D5/><U44/><E116/><V106/><F106/><W111/><G111/><T72/><D4/><U19/><E117/><V73/><F73/><W47/><G47/><T133/><D72/><U132/><E118/><V108/><F108/><W124/><G124/><T23/><D133/><U77/><E132/><V130/><F130/><W6/><G6/><T42/><D17/><U135/><E128/><V99/><F32/><W122/><G122/><T29/><D29/><U26/><E135/><V66/><F45/><W1/><G1/><RYUUKYOKU ba="0,1" sc="261,-10,322,-10,170,-10,237,30" hai3="18,20,27,58,61,76,80,82,83,84,85,89,94" /><INIT seed="3,1,1,5,0,57" ten="251,312,160,267" oya="3" hai0="54,37,15,47,132,65,113,124,56,11,120,112,80" hai1="16,33,77,102,82,7,41,10,126,39,76,107,135" hai2="127,2,131,18,78,51,83,26,42,108,125,110,5" hai3="95,117,61,0,100,58,106,114,21,81,133,118,32"/><W30/><G0/><T104/><D104/><U44/><E33/><V62/><F42/><W50/><G106/><T84/><D120/><U13/><E126/><N who="2" m="48139" /><F51/><W75/><G32/><T68/><D124/><U90/><E135/><V45/><F45/><W109/><G114/><N who="0" m="44139" /><D132/><U1/><E107/><V34/><F131/><W12/><G50/><N who="0" m="30807" /><D37/><U29/><E29/><N who="2" m="19767" /><F18/><W111/><G133/><T35/><D35/><U74/><E77/><V94/><F94/><W46/><G46/><T24/><D24/><U36/><E36/><V4/><F2/><W85/><G75/><T134/><D134/><U53/><E102/><V71/><F5/><W96/><G118/><T8/><D47/><U103/><E103/><V116/><F4/><W122/><G117/><T38/><D38/><U27/><E90/><V19/><F19/><W115/><G122/><T66/><D68/><U98/><E27/><V55/><F116/><W70/><G70/><T69/><D69/><U99/><E53/><V64/><F55/><W17/><G30/><T101/><D101/><U63/><E63/><V123/><F123/><W129/><G129/><T72/><D84/><U73/><E74/><V92/><F92/><W91/><REACH who="3" step="1"/><G115/><REACH who="3" ten="251,312,160,257" step="2"/><T40/><D40/><U23/><AGARI ba="1,2" hai="1,7,10,13,16,23,39,41,44,73,76,82,98,99" machi="23" ten="20,8000,1" yaku="0,1,7,1,25,2,54,1" doraHai="57" who="1" fromWho="1" sc="251,-21,312,103,160,-21,257,-41" owari="230,3.0,415,51.5,139,-36.1,216,-18.4" /></mjloggm>