<mjloggm ver="2.3"><GO type="225" lobby="0"/><UN n0="%70%6E%64%73%6E%67" n1="%4C%4F%4C%49%54%41" n2="%E3%82%A2%E3%83%A1%E3%82%A2%E3%83%A9%E3%83%AC" n3="%33%74%72%65%65" dan="16,16,16,16" rate="2122.31,2178.37,2120.49,2129.07" sx="M,F,M,F"/><TAIKYOKU oya="0"/><INIT seed="0,0,0,0,0,6" ten="250,250,250,250" oya="0" hai0="3,113,0,122,130,59,45,100,94,46,38,54,102" hai1="86,37,108,33,1,77,73,21,41,99,9,111,91" hai2="110,128,28,106,133,44,88,129,68,134,62,96,105" hai3="80,58,56,8,52,2,92,135,75,53,55,119,25"/><T51/><D113/><U104/><E33/><V118/><F110/><N who="1" m="42025" /><E37/><V131/><F118/><W60/><G119/><T12/><D122/><U107/><E41/><V18/><F28/><W67/><G135/><N who="2" m="51721" /><F44/><W50/><G92/><T42/><D130/><U22/><E77/><V49/><F49/><W95/><G95/><T23/><D46/><U61/><E61/><V35/><F35/><W123/><G123/><T39/><D39/><U31/><E73/><V32/><F32/><W40/><G40/><T89/><D3/><U34/><E34/><V101/><F18/><W47/><G25/><T66/><D66/><U16/><E31/><V74/><F74/><W93/><G47/><T114/><D0/><U57/><E57/><V97/><F88/><W71/><G58/><T90/><D90/><U82/><E99/><N who="2" m="37963" /><F101/><W70/><G56/><T30/><D114/><U84/><E84/><V69/><F62/><W116/><G60/><T48/><D38/><U20/><E1/><V76/><F76/><N who="3" m="44063" /><G67/><T115/><D115/><U103/><E103/><V85/><F85/><W72/><G72/><T132/><D132/><U79/><E79/><V29/><F29/><W19/><G2/><T121/><D121/><U98/><E98/><V126/><F126/><W7/><G116/><T81/><D81/><U120/><E120/><V5/><F5/><W65/><G65/><T124/><D124/><U125/><E125/><V36/><F36/><W112/><G112/><T24/><REACH who="0" step="1"/><D12/><AGARI ba="0,0" hai="9,12,16,20,21,22,82,86,91,104,107" m="42025" machi="12" ten="30,3900,0" yaku="14,1,52,1,54,1" doraHai="6" who="1" fromWho="0" sc="250,-39,250,39,250,0,250,0" /><INIT seed="1,0,0,0,2,78" ten="211,289,250,250" oya="1" hai0="114,14,125,124,74,96,31,73,50,82,18,29,68" hai1="59,57,23,118,109,6,104,21,83,38,19,46,52" hai2="60,56,81,30,32,25,16,13,27,130,51,58,33" hai3="107,113,134,89,2,76,63,111,64,106,103,70,122"/><U34/><E118/><V100/><F130/><W95/><G113/><T119/><D114/><U44/><E104/><V79/><F100/><W121/><G111/><T131/><D119/><U48/><E34/><V123/><F123/><W97/><G134/><T1/><D1/><U9/><E109/><V15/><F32/><W26/><G2/><T117/><D117/><U36/><E36/><V98/><F98/><W92/><G76/><T105/><D68/><U128/><E128/><V99/><F99/><W43/><G43/><T126/><D131/><U115/><E38/><V20/><F51/><W120/><G106/><T112/><D112/><U42/><E42/><V94/><F94/><W4/><G4/><T17/><D50/><N who="1" m="28743" /><E6/><V69/><F69/><W67/><G67/><T86/><D96/><U65/><E83/><V133/><F133/><W28/><REACH who="3" step="1"/><G89/><REACH who="3" ten="211,289,250,240" step="2"/><N who="0" m="51415" /><D105/><U75/><E115/><V91/><F91/><W7/><G7/><T24/><D74/><U39/><E75/><V53/><REACH who="2" step="1"/><F58/><REACH who="2" ten="211,289,240,240" step="2"/><W55/><G55/><T35/><D125/><U116/><E116/><V93/><F93/><W127/><G127/><T102/><D126/><U90/><E90/><V37/><F37/><W80/><G80/><T87/><D124/><U84/><E39/><V49/><F49/><W5/><G5/><T85/><D102/><U8/><E59/><V101/><F101/><W47/><G47/><T3/><D73/><AGARI ba="0,2" hai="13,15,16,20,25,27,30,33,53,56,60,73,79,81" machi="73" ten="30,12000,2" yaku="1,1,7,1,52,1,54,1,53,2" doraHai="78" doraHaiUra="22" who="2" fromWho="0" sc="211,-120,289,0,240,140,240,0" /><INIT seed="2,0,0,2,5,45" ten="91,289,380,240" oya="2" hai0="131,29,0,2,30,101,72,50,92,5,52,6,12" hai1="118,27,28,22,68,122,96,51,24,102,128,126,108" hai2="103,53,34,123,79,121,70,65,95,109,84,116,77" hai3="111,99,75,19,55,32,36,25,21,61,115,86,20"/><V37/><F116/><W60/><G75/><T64/><D72/><U38/><E38/><V88/><F34/><W10/><G111/><T18/><D131/><U106/><E118/><V127/><F37/><W94/><G115/><T1/><D64/><U14/><E108/><V93/><F109/><W58/><G36/><T59/><D6/><U80/><E128/><V4/><F4/><W98/><G32/><T71/><D5/><U73/><E126/><V91/><F53/><W33/><G33/><T135/><D71/><U16/><E68/><V35/><F35/><W17/><G10/><T107/><D107/><U104/><E122/><V83/><F70/><W97/><G86/><T11/><REACH who="0" step="1"/><D135/><REACH who="0" ten="81,289,380,240" step="2"/><U13/><E104/><V47/><F65/><W105/><G105/><T134/><D134/><U117/><E73/><V85/><F121/><W82/><G82/><T46/><D46/><U74/><E74/><V8/><F47/><W110/><G110/><T81/><D81/><U63/><E80/><V39/><F83/><W42/><G94/><T76/><D76/><U119/><E119/><V125/><F95/><W87/><G58/><T67/><D67/><U89/><E117/><V120/><F93/><W133/><G133/><T66/><D66/><U31/><E106/><V57/><F57/><W100/><G99/><AGARI ba="0,1" hai="0,1,2,11,12,18,29,30,50,52,59,92,99,101" machi="99" ten="40,5200,0" yaku="1,1,52,1,54,1,53,0" doraHai="45" doraHaiUra="56" who="0" fromWho="3" sc="81,62,289,0,380,0,240,-52" /><INIT seed="3,0,0,0,5,99" ten="143,289,380,188" oya="3" hai0="38,41,128,14,91,29,111,60,113,125,75,88,53" hai1="90,1,129,52,132,74,27,102,79,49,3,95,31" hai2="70,58,61,17,24,96,121,18,63,4,92,46,8" hai3="66,73,12,50,98,76,110,28,21,32,19,97,42"/><W2/><G2/><T36/><D75/><U48/><E129/><V100/><F121/><W30/><G110/><T68/><D111/><U26/><E132/><V130/><F130/><W25/><G28/><T65/><D128/><U67/><E67/><V134/><F134/><W94/><G66/><T10/><D125/><U62/><E74/><V7/><F70/><W116/><G116/><T40/><D113/><U47/><E79/><V89/><F46/><W43/><G97/><T115/><D115/><U114/><E62/><N who="2" m="23563" /><F58/><W77/><G73/><T135/><D135/><U124/><E124/><V34/><F34/><W33/><G33/><T87/><D29/><U54/><E114/><V131/><F89/><W112/><G112/><T13/><D53/><U69/><E69/><V23/><F131/><W84/><G84/><T133/><D133/><U57/><E26/><V78/><F78/><W71/><G71/><T20/><D20/><U83/><E83/><V123/><F123/><W5/><G43/><T80/><D91/><U119/><E119/><V103/><F103/><W45/><G5/><T106/><D106/><U82/><E82/><V127/><F127/><W0/><G0/><T93/><D80/><U101/><E1/><V44/><F7/><W35/><G35/><T51/><D51/><U72/><E3/><V126/><F4/><W104/><G104/><T6/><REACH who="0" step="1"/><D14/><REACH who="0" ten="133,289,380,188" step="2"/><U118/><E72/><V22/><F126/><W105/><G105/><T55/><D55/><U64/><E54/><V37/><F23/><W85/><G21/><T11/><D11/><U109/><E109/><RYUUKYOKU ba="0,1" sc="133,30,289,-10,380,-10,188,-10" hai0="6,10,13,36,38,40,41,60,65,68,87,88,93" owari="163,-33.7,279,7.9,380,48.0,178,-22.2" /></mjloggm>