<mjloggm ver="2.3"><GO type="225" lobby="0"/><UN n0="%E8%80%81%E6%A5%BD" n1="%E3%81%A9%E3%82%8F%E3%82%93%E3%81%94" n2="%72%61%6B%33" n3="%E6%B4%BE%E9%81%A3%E3%81%AE%E3%82%B8%E3%83%A3%E3%83%83%E3%82%AF" dan="16,16,16,17" rate="2111.48,2081.21,2094.38,2202.51" sx="M,M,M,M"/><TAIKYOKU oya="0"/><INIT seed="0,0,0,3,3,4" ten="250,250,250,250" oya="0" hai0="119,15,37,129,78,73,95,34,1,111,2,39,17" hai1="125,51,88,97,118,32,86,103,113,45,41,131,102" hai2="94,106,96,66,29,128,24,82,64,133,115,28,122" hai3="127,104,36,38,121,22,44,11,31,43,19,92,130"/><T48/><D119/><U70/><E32/><V9/><F122/><W0/><G104/><T68/><D34/><U108/><E118/><V21/><F115/><W112/><G112/><T77/><D68/><U60/><E113/><V25/><F133/><W12/><G121/><T84/><D73/><U134/><E134/><V90/><F128/><W65/><G130/><T83/><D129/><U20/><E131/><V33/><F106/><W120/><G120/><T59/><D78/><U46/><E108/><V72/><F72/><W13/><G127/><T61/><D111/><U67/><E125/><V105/><F105/><W132/><G132/><T23/><D48/><U5/><E97/><V76/><F76/><W58/><G0/><T114/><D114/><U14/><E46/><V99/><F82/><W81/><G81/><T42/><D95/><U55/><E41/><V93/><REACH who="2" step="1"/><F9/><REACH who="2" ten="250,250,240,250" step="2"/><W124/><G124/><T56/><D83/><U49/><E5/><V50/><F50/><W47/><G38/><T79/><D37/><U30/><E51/><V10/><F10/><W69/><G92/><T52/><D77/><U54/><E49/><V16/><F16/><N who="3" m="8223" /><G44/><T87/><D79/><U27/><E45/><V126/><F126/><W89/><G47/><N who="0" m="24031" /><D59/><N who="1" m="37279" /><E14/><V109/><F109/><W80/><G36/><T123/><D123/><U3/><E70/><V101/><AGARI ba="0,1" hai="21,24,25,28,29,33,64,66,90,93,94,96,99,101" machi="101" ten="20,2700,0" yaku="1,1,0,1,7,1,53,0" doraHai="4" doraHaiUra="110" who="2" fromWho="2" sc="250,-13,250,-7,240,37,250,-7" /><INIT seed="1,0,0,2,5,98" ten="237,243,277,243" oya="1" hai0="19,80,56,37,35,117,121,79,29,34,132,101,14" hai1="122,128,87,54,106,133,85,99,40,24,3,25,118" hai2="5,48,30,134,20,51,45,66,113,76,13,38,10" hai3="110,8,46,65,125,33,0,17,94,49,68,75,109"/><U2/><E122/><V21/><F134/><W124/><G75/><T97/><D117/><U130/><E118/><V102/><F113/><W120/><G33/><T119/><D119/><U62/><E40/><V86/><F38/><W27/><G120/><T72/><D121/><U70/><E133/><V74/><F74/><W12/><G27/><N who="1" m="10314" /><E54/><V11/><F30/><W28/><G28/><T83/><D132/><U89/><E62/><V39/><F39/><W84/><G0/><N who="1" m="42" /><E70/><V90/><F66/><W103/><G84/><N who="1" m="32330" /><E89/><V88/><F11/><W42/><G68/><T43/><D29/><U7/><E7/><V93/><F76/><W126/><G65/><T50/><D37/><U107/><E99/><AGARI ba="0,0" hai="8,12,17,42,46,49,94,99,103,109,110,124,125,126" machi="99" ten="50,3200,0" yaku="18,1,52,1" doraHai="98" who="3" fromWho="1" sc="237,0,243,-32,277,0,243,32" /><INIT seed="2,0,0,1,1,114" ten="237,211,277,275" oya="2" hai0="75,18,54,34,83,63,92,69,44,3,68,113,36" hai1="24,93,105,81,109,65,121,129,97,120,42,133,11" hai2="10,82,74,108,66,59,117,80,26,110,27,61,12" hai3="37,112,56,134,49,29,135,131,89,72,101,94,17"/><V43/><F43/><W33/><G37/><T64/><D34/><U28/><E42/><V127/><F127/><W35/><G72/><T15/><D3/><U4/><E109/><N who="2" m="42091" /><F117/><W91/><G112/><T9/><D113/><U6/><E133/><N who="3" m="50698" /><G131/><T39/><D69/><U38/><E38/><V106/><F106/><W87/><G17/><T47/><D75/><U126/><E105/><V13/><F13/><W125/><G125/><T128/><D128/><U25/><E129/><V31/><F74/><W73/><G73/><T118/><D92/><U102/><E126/><V46/><F46/><W71/><G71/><T67/><D44/><U52/><E65/><V99/><F99/><N who="3" m="59639" /><G29/><T85/><D67/><U45/><E28/><V100/><F100/><W95/><G89/><N who="0" m="51391" /><D118/><U0/><E6/><N who="2" m="3159" /><F27/><W55/><AGARI ba="0,0" hai="33,35,49,55,56,87,91,95" m="59639,50698" machi="55" ten="30,1100,0" yaku="20,1" doraHai="114" who="3" fromWho="3" sc="237,-3,211,-3,277,-5,275,11" /><INIT seed="3,0,0,5,1,132" ten="234,208,272,286" oya="3" hai0="36,110,15,19,22,134,74,73,35,79,45,61,87" hai1="130,107,49,51,23,127,90,60,89,20,112,10,16" hai2="65,43,37,58,14,63,78,9,129,82,106,115,108" hai3="75,64,103,100,33,120,133,67,70,86,69,88,91"/><W5/><G120/><T77/><D35/><U44/><E112/><V101/><F115/><W6/><G33/><T40/><D134/><U71/><E107/><V56/><F108/><W55/><G133/><T12/><D110/><U105/><E105/><V53/><F129/><W131/><G131/><T96/><D96/><U27/><E130/><V24/><F24/><W83/><G75/><T7/><D61/><U84/><E127/><V104/><F43/><W94/><G55/><T3/><D3/><U125/><E125/><V85/><F37/><W54/><G54/><T123/><D123/><U93/><E10/><V122/><F101/><N who="3" m="38987" /><G70/><T114/><D114/><U72/><E72/><V80/><F80/><W8/><G69/><T4/><D73/><U26/><E44/><V30/><F30/><W0/><G0/><T62/><D74/><U17/><REACH who="1" step="1"/><E90/><REACH who="1" ten="234,198,272,286" step="2"/><V50/><REACH who="2" step="1"/><F122/><REACH who="2" ten="234,198,262,286" step="2"/><W119/><G8/><T39/><D36/><U1/><E1/><V25/><F25/><W99/><G119/><T97/><D39/><U98/><E98/><V18/><AGARI ba="0,2" hai="9,14,18,50,53,56,58,63,65,78,82,85,104,106" machi="18" ten="20,5200,0" yaku="1,1,0,1,7,1,53,1" doraHai="132" doraHaiUra="48" who="2" fromWho="2" sc="234,-13,198,-13,262,72,286,-26" owari="221,-17.9,185,-31.5,334,43.4,260,6.0" /></mjloggm>