<mjloggm ver="2.3"><GO type="225" lobby="0"/><UN n0="%6D%61%74%69%67%75%73%61" n1="%77%72%77%72%77%72%77%72" n2="%E6%9D%B1%E9%A2%A8%E3%81%AE%E3%81%8D%E3%82%83%E3%81%B7%E3%81%95%E3%82%93" n3="%E3%83%99%E3%83%AB%E3%83%A2%E3%83%83%E3%83%88" dan="17,16,16,16" rate="2207.10,2262.20,2217.16,2089.39" sx="M,M,M,M"/><TAIKYOKU oya="0"/><INIT seed="0,0,0,4,5,58" ten="250,250,250,250" oya="0" hai0="81,93,52,21,68,104,26,30,64,107,117,87,24" hai1="7,94,45,90,28,44,38,16,5,125,69,109,131" hai2="102,66,57,106,121,48,134,115,124,101,35,29,132" hai3="8,13,56,37,118,97,99,92,51,127,96,11,86"/><T114/><D114/><U31/><E69/><V91/><F121/><W61/><G37/><T110/><D117/><U123/><E123/><V0/><F0/><W95/><G127/><T74/><D74/><U89/><E125/><V98/><F124/><W112/><G112/><T23/><D93/><U12/><E109/><V55/><F115/><W67/><G118/><T42/><D42/><U4/><E38/><V129/><F129/><W133/><G133/><T2/><D2/><U14/><E131/><V36/><F101/><W63/><G51/><T76/><D110/><U75/><E75/><V83/><F36/><W71/><G86/><T22/><D52/><U49/><E12/><V54/><F54/><W43/><G43/><T6/><D6/><U126/><E90/><V108/><F108/><W20/><G20/><T85/><D85/><N who="1" m="52527" /><E126/><V25/><F91/><W84/><G84/><T60/><REACH who="0" step="1"/><D22/><REACH who="0" ten="240,250,250,250" step="2"/><N who="1" m="11543" /><E44/><V113/><F113/><W80/><G80/><T105/><D105/><U50/><E50/><V88/><F83/><W135/><G135/><T1/><D1/><U9/><E9/><V47/><F134/><W73/><G73/><T77/><D77/><U120/><E120/><V10/><F132/><W18/><REACH who="3" step="1"/><G8/><REACH who="3" ten="240,250,250,240" step="2"/><T82/><D82/><U15/><E49/><V34/><F10/><W39/><G39/><T17/><AGARI ba="0,2" hai="17,21,23,24,26,30,60,64,68,76,81,87,104,107" machi="17" ten="20,7800,0" yaku="1,1,0,1,7,1,52,1,53,0" doraHai="58" doraHaiUra="53" who="0" fromWho="0" sc="240,98,250,-26,250,-26,240,-26" /><INIT seed="0,1,0,3,2,23" ten="338,224,224,214" oya="0" hai0="103,25,40,12,19,98,17,88,63,52,3,47,114" hai1="24,72,53,110,100,117,7,27,28,68,122,43,90" hai2="66,106,87,118,132,67,8,51,0,78,99,77,101" hai3="93,6,83,58,123,20,109,79,26,4,56,45,1"/><T30/><D3/><U14/><E117/><V54/><F118/><W89/><G109/><T119/><D114/><U31/><E122/><V29/><F132/><W44/><G1/><T71/><D119/><U35/><E68/><V10/><F29/><W39/><G39/><T57/><D71/><U33/><E72/><V48/><F48/><W92/><G83/><T108/><D108/><U65/><E65/><V128/><F128/><W73/><G73/><T81/><D103/><U134/><E110/><V115/><F115/><W38/><G79/><T104/><D104/><U22/><E43/><V95/><F106/><W111/><G111/><T133/><D133/><U107/><E90/><V9/><F0/><W121/><G38/><T85/><D98/><U76/><E76/><N who="2" m="29291" /><F87/><W46/><G89/><T130/><D130/><U131/><E131/><V18/><F18/><W50/><G50/><N who="0" m="26983" /><D12/><U2/><E134/><V125/><F125/><W80/><G80/><T64/><D64/><U41/><E41/><V124/><F124/><W11/><G11/><N who="2" m="2817" /><V120/><DORA hai="94" /><F120/><N who="3" m="46155" /><G4/><T70/><D70/><U60/><E2/><V59/><AGARI ba="1,0" hai="51,54,59,66,67,95,99,101" m="2817,29291" machi="59" ten="40,2700,0" yaku="8,1,52,1" doraHai="23,94" who="2" fromWho="2" sc="338,-14,224,-8,224,30,214,-8" /><INIT seed="1,0,0,4,3,2" ten="324,216,254,206" oya="1" hai0="111,61,31,90,97,132,55,54,104,38,77,69,121" hai1="57,91,130,68,67,120,21,47,44,37,64,117,3" hai2="71,133,123,27,32,83,24,134,96,20,35,128,75" hai3="40,1,115,49,10,101,52,125,39,89,106,65,51"/><U99/><E117/><V4/><F71/><W78/><G78/><T95/><D38/><U113/><E113/><V82/><F96/><W85/><G125/><T88/><D111/><U80/><E120/><V112/><F123/><W81/><G65/><T13/><D132/><U25/><E3/><V103/><F103/><W114/><G39/><T45/><D77/><U86/><E68/><V18/><F75/><W92/><G106/><T98/><D31/><U16/><E130/><V72/><F72/><W100/><G40/><T66/><D121/><U124/><E124/><V93/><F93/><W105/><G105/><T33/><D33/><U62/><E37/><V109/><F109/><W53/><G114/><T58/><D45/><N who="1" m="17483" /><E99/><V48/><F48/><N who="3" m="18507" /><G1/><T43/><D43/><U0/><E0/><V107/><F107/><W94/><G10/><T127/><D127/><U131/><E131/><V36/><F36/><W74/><G74/><T14/><D104/><U122/><E122/><V28/><F128/><W70/><G70/><T126/><D126/><U41/><E41/><V102/><F112/><W8/><G8/><T87/><D69/><U108/><E108/><V12/><F102/><N who="3" m="39531" /><G115/><T76/><D76/><U118/><E118/><V129/><F129/><W22/><G22/><T11/><D11/><U23/><E21/><V110/><F110/><W30/><G30/><T5/><D66/><AGARI ba="0,0" hai="16,23,25,57,62,64,66,67,80,86,91" m="17483" machi="66" ten="30,2900,0" yaku="8,1,54,1" doraHai="2" who="1" fromWho="0" sc="324,-29,216,29,254,0,206,0" /><INIT seed="1,1,0,3,3,86" ten="295,245,254,206" oya="1" hai0="83,72,18,1,75,10,5,23,43,69,119,106,58" hai1="47,84,24,29,25,45,79,7,123,124,68,20,56" hai2="110,34,60,90,3,26,103,88,89,91,130,80,38" hai3="99,114,40,66,37,128,78,109,76,98,57,77,107"/><U97/><E68/><V115/><F38/><W35/><G35/><T108/><D69/><U32/><E123/><V82/><F3/><W96/><G37/><T53/><D106/><U44/><E124/><V9/><F9/><W51/><G114/><T120/><D108/><U61/><E7/><V116/><F116/><W30/><G30/><T71/><D71/><U93/><E84/><V121/><F103/><W85/><G109/><T6/><D43/><U126/><E79/><V131/><F110/><W63/><G128/><N who="2" m="49193" /><F121/><W129/><G129/><T112/><D6/><U52/><E126/><V15/><F15/><W12/><G107/><T81/><D119/><U17/><REACH who="1" step="1"/><E44/><REACH who="1" ten="295,235,254,206" step="2"/><V100/><F115/><W117/><G117/><T118/><D112/><U28/><E28/><N who="2" m="19735" /><F100/><AGARI ba="1,1" hai="17,20,24,25,29,32,45,47,52,56,61,93,97,100" machi="100" ten="30,5800,0" yaku="1,1,7,1,54,1,53,0" doraHai="86" doraHaiUra="11" who="1" fromWho="2" sc="295,0,235,71,254,-61,206,0" /><INIT seed="1,2,0,1,5,55" ten="295,306,193,206" oya="1" hai0="116,15,84,13,93,123,5,51,32,44,20,0,100" hai1="101,80,11,87,96,30,97,134,46,28,82,111,72" hai2="118,6,4,124,73,71,34,92,68,79,126,129,110" hai3="27,135,102,3,88,98,52,1,99,77,42,86,85"/><U18/><E134/><V54/><F118/><W128/><G42/><T64/><D32/><U122/><E122/><V48/><F34/><W70/><G70/><N who="2" m="26665" /><F92/><W9/><G128/><T33/><D33/><U131/><E131/><V81/><F129/><W57/><G135/><T35/><D35/><U7/><E111/><V22/><F22/><W133/><G133/><T95/><D0/><U78/><E18/><V29/><F29/><W120/><G120/><T60/><D116/><U2/><E46/><N who="2" m="27927" /><F110/><W17/><G77/><T56/><D123/><U113/><E113/><V49/><F49/><N who="3" m="30863" /><G3/><T24/><D84/><U21/><E21/><V103/><F103/><W19/><G1/><T67/><D67/><U115/><E115/><V94/><F94/><N who="0" m="35850" /><D5/><U41/><E101/><V53/><F53/><W83/><G102/><T50/><D100/><U61/><E2/><V31/><F31/><W16/><G9/><T37/><D50/><U65/><E11/><V40/><F40/><W75/><G75/><T47/><D51/><U14/><E41/><V63/><F63/><W132/><G132/><T36/><D60/><U58/><E72/><V69/><N who="2" m="26673" /><V90/><DORA hai="59" /><F90/><N who="3" m="51519" /><G27/><T108/><D24/><U23/><E82/><AGARI ba="2,0" hai="16,17,19,82,86,88,98,99" m="51519,30863" machi="82" ten="30,8000,1" yaku="8,1,52,1,54,3" doraHai="55,59" who="3" fromWho="1" sc="295,0,306,-86,193,0,206,86" /><INIT seed="2,0,0,5,3,29" ten="295,220,193,292" oya="2" hai0="76,108,120,2,38,119,41,71,112,125,53,51,118" hai1="30,24,85,32,104,135,65,86,113,105,98,121,3" hai2="70,7,114,89,68,110,126,123,20,27,0,64,97" hai3="57,133,14,12,101,95,39,74,107,17,69,132,131"/><V88/><F123/><W109/><G69/><T10/><D76/><U35/><E113/><V116/><F114/><W111/><G74/><T83/><D83/><U34/><E3/><V47/><F116/><W48/><G39/><T18/><D18/><U33/><E121/><V36/><F70/><W6/><G107/><T61/><D10/><U92/><E65/><V127/><F97/><N who="3" m="59583" /><G6/><T1/><D1/><U49/><E135/><N who="3" m="51786" /><G17/><T23/><D71/><U80/><E85/><V87/><F7/><W90/><G90/><N who="2" m="34921" /><F0/><W55/><G131/><T25/><D38/><U50/><E104/><V93/><F93/><W81/><G81/><T66/><D2/><U82/><E105/><V73/><F73/><W58/><G58/><T129/><D129/><U103/><REACH who="1" step="1"/><E80/><REACH who="1" ten="295,210,193,292" step="2"/><V54/><F87/><W5/><G5/><T75/><D120/><U11/><E11/><V84/><F84/><W15/><AGARI ba="0,1" hai="12,14,15,48,55,57,109,111" m="51786,59583" machi="15" ten="40,1500,0" yaku="20,1" doraHai="29" who="3" fromWho="3" sc="295,-4,210,-4,193,-7,292,25" /><INIT seed="3,0,0,3,4,93" ten="291,206,186,317" oya="3" hai0="91,110,37,60,46,115,99,77,79,55,3,31,29" hai1="65,67,101,105,94,62,70,2,27,63,22,50,89" hai2="100,44,8,122,56,121,102,7,53,113,54,47,52" hai3="69,0,128,24,71,40,9,80,118,11,119,68,108"/><W38/><G24/><T116/><D116/><U81/><E2/><V49/><F113/><W114/><G11/><T6/><D110/><U78/><E50/><V132/><F132/><W90/><G114/><T57/><D115/><U109/><E109/><V104/><F47/><N who="3" m="23959" /><G108/><T111/><D111/><U123/><E123/><N who="2" m="47115" /><F104/><W131/><G90/><T134/><D134/><U16/><E101/><N who="2" m="39019" /><F44/><W112/><G80/><T130/><D130/><N who="3" m="49705" /><G112/><T98/><D3/><U26/><E105/><V35/><F35/><W61/><G61/><T33/><D6/><AGARI ba="0,0" hai="0,6,9,68,69,71,118,119" m="49705,23959" machi="6" ten="40,3900,0" yaku="19,1,23,1" doraHai="93" who="3" fromWho="0" sc="291,-39,206,0,186,0,317,39" owari="252,5.2,206,-19.4,186,-31.4,356,45.6" /></mjloggm>