<mjloggm ver="2.3"><GO type="225" lobby="0"/><UN n0="%E3%81%9F%E3%81%A3%E3%81%A1%E3%82%87" n1="%E7%BD%AA%E5%88%91%E6%B3%95%E5%AE%9A%E4%B8%BB%E7%BE%A9" n2="%E3%83%B4%E3%83%A0%EF%BC%99%E3%81%A6" n3="%6D%75%75%6D%75%72%61" dan="16,16,17,16" rate="2102.47,2183.64,2174.76,2098.92" sx="M,M,M,F"/><TAIKYOKU oya="0"/><INIT seed="0,0,0,3,5,29" ten="250,250,250,250" oya="0" hai0="52,80,23,44,100,0,34,55,66,18,72,119,36" hai1="128,48,135,32,76,12,92,2,90,30,111,54,7" hai2="17,39,95,58,61,64,132,40,53,122,113,11,103" hai3="60,107,26,62,120,13,49,114,8,33,106,93,104"/><T129/><D119/><U123/><E123/><V69/><F122/><W127/><G114/><T131/><D0/><U130/><E111/><V63/><F113/><W86/><G127/><T74/><D66/><U1/><E76/><V97/><F132/><W56/><G120/><T9/><D100/><U110/><E110/><V99/><F39/><W46/><G93/><T121/><D9/><N who="1" m="4159" /><E30/><V84/><F40/><W134/><G86/><T133/><D121/><U79/><E79/><V126/><F126/><W77/><G77/><T35/><D133/><U45/><E135/><V67/><F53/><N who="0" m="20554" /><D80/><U105/><E105/><V70/><F58/><W124/><G124/><T4/><D4/><U102/><E102/><V38/><F38/><W21/><G134/><T75/><D36/><U65/><E65/><V81/><F103/><W109/><G109/><T3/><D44/><U10/><E10/><V24/><F11/><W118/><G118/><T14/><D3/><U31/><E31/><V41/><F81/><W22/><G33/><T108/><D108/><U5/><E5/><V117/><F117/><W19/><G8/><T83/><D83/><U59/><E45/><V115/><F115/><W57/><G57/><T28/><D28/><U112/><E112/><V101/><F101/><W82/><G82/><T25/><D25/><U78/><E78/><V94/><F94/><W125/><G125/><T50/><D50/><U15/><E32/><V85/><F95/><W68/><G56/><T87/><D87/><N who="2" m="33354" /><F41/><N who="3" m="24783" /><G68/><T43/><D43/><U47/><E59/><V16/><F24/><N who="3" m="14399" /><G107/><T37/><D37/><RYUUKYOKU ba="0,0" sc="250,15,250,-15,250,15,250,-15" hai0="14,18,23,34,35,72,74,75,129,131" hai2="16,17,61,63,64,67,69,70,97,99" /><INIT seed="0,1,0,3,3,49" ten="265,235,265,235" oya="0" hai0="72,99,88,71,3,89,102,30,82,28,90,111,48" hai1="25,130,80,116,125,98,2,61,16,55,97,17,106" hai2="79,63,19,29,22,33,131,65,10,4,95,101,76" hai3="41,46,57,27,133,13,127,93,11,53,69,92,126"/><T83/><D3/><U34/><E116/><V67/><F131/><W100/><G69/><T59/><D71/><U36/><E36/><V96/><F33/><W124/><G133/><T40/><D72/><U81/><E2/><V1/><F67/><W132/><G132/><T108/><D40/><U32/><E130/><V52/><F29/><W121/><G27/><T38/><D38/><U21/><E125/><V8/><F8/><W66/><G66/><T26/><D59/><U129/><E129/><V54/><F65/><W45/><G121/><T50/><D50/><U86/><E106/><V103/><F103/><W74/><G74/><T56/><D56/><N who="1" m="34975" /><E34/><V119/><F119/><W23/><G23/><N who="0" m="15455" /><D48/><U24/><E32/><V58/><REACH who="2" step="1"/><F54/><REACH who="2" ten="265,235,255,235" step="2"/><W94/><G100/><T107/><D30/><U84/><E17/><V134/><F134/><W87/><G124/><T117/><D117/><U135/><E135/><V110/><F110/><AGARI ba="1,1" hai="82,83,88,89,90,99,102,107,108,110,111" m="15455" machi="110" ten="30,5800,0" yaku="14,1,10,1,54,1" doraHai="49" who="0" fromWho="2" sc="265,71,235,0,255,-61,235,0" /><INIT seed="0,2,0,0,0,105" ten="336,235,194,235" oya="0" hai0="51,90,108,32,14,47,54,7,18,4,29,128,35" hai1="97,78,133,102,116,107,95,61,76,2,11,100,64" hai2="85,82,30,131,101,114,122,134,126,40,63,25,56" hai3="57,52,3,37,104,48,49,94,55,106,65,1,124"/><T0/><D128/><U42/><E116/><V135/><F122/><W43/><G124/><T27/><D108/><U96/><E133/><V45/><F131/><W81/><G65/><T89/><D35/><U86/><E42/><V119/><F119/><W120/><G120/><T110/><D110/><U74/><E86/><V98/><F114/><W117/><G117/><T15/><D15/><U87/><E87/><V31/><F126/><W53/><G94/><T50/><D4/><U13/><E2/><V28/><F25/><W73/><G43/><T79/><D79/><U69/><REACH who="1" step="1"/><E74/><REACH who="1" ten="336,225,194,235" step="2"/><V83/><F85/><W93/><G73/><T58/><D0/><U46/><E46/><V21/><F134/><W24/><G3/><T129/><D129/><U17/><AGARI ba="2,1" hai="11,13,17,61,64,69,76,78,95,96,97,100,102,107" machi="17" ten="20,5200,0" yaku="1,1,0,1,7,1,53,1" doraHai="105" doraHaiUra="12" who="1" fromWho="1" sc="336,-28,225,68,194,-15,235,-15" /><INIT seed="1,0,0,1,5,17" ten="308,293,179,220" oya="1" hai0="114,98,12,35,132,54,77,108,68,110,95,101,27" hai1="1,121,76,69,70,7,32,65,19,82,48,52,96" hai2="115,125,44,45,24,118,120,129,38,127,97,92,100" hai3="64,3,58,94,116,126,103,112,26,30,84,90,36"/><U37/><E121/><V14/><F120/><W104/><G112/><T33/><D114/><U66/><E32/><V131/><F115/><W89/><G3/><T22/><D132/><U55/><E37/><V60/><F118/><W106/><G36/><T42/><D68/><U31/><E31/><V57/><F14/><W16/><G116/><T128/><D42/><U79/><E96/><V47/><F38/><W61/><G126/><T81/><D12/><U9/><E19/><V18/><F18/><W86/><G103/><T78/><D54/><U39/><E39/><V40/><F40/><W93/><REACH who="3" step="1"/><G16/><REACH who="3" ten="308,293,179,210" step="2"/><N who="0" m="12743" /><D128/><U56/><E70/><V73/><F24/><W8/><G8/><T83/><D77/><U113/><E79/><V5/><F5/><W88/><G88/><T0/><D0/><U134/><E113/><V51/><F131/><W23/><AGARI ba="0,1" hai="23,26,30,58,61,64,84,86,89,90,93,94,104,106" machi="23" ten="20,8000,1" yaku="1,1,0,1,7,1,9,1,52,1,53,0" doraHai="17" doraHaiUra="135" who="3" fromWho="3" sc="308,-20,293,-40,179,-20,210,90" /><INIT seed="2,0,0,0,4,11" ten="288,253,159,300" oya="2" hai0="16,111,130,6,123,100,115,54,43,27,71,135,128" hai1="78,23,31,46,61,2,104,87,96,101,14,33,3" hai2="58,24,107,73,82,67,64,5,85,83,45,80,44" hai3="91,32,74,124,133,1,63,116,127,51,9,59,89"/><V119/><F119/><W12/><G116/><T77/><D115/><U90/><E33/><V113/><F113/><W25/><G74/><T17/><D123/><U15/><E78/><V21/><F107/><W88/><G1/><T66/><D111/><U0/><E46/><V50/><F5/><W18/><G51/><T99/><D135/><U53/><E53/><N who="2" m="32055" /><F85/><W20/><G32/><T81/><D43/><U62/><E62/><V38/><F38/><W102/><G102/><T22/><D54/><U40/><E40/><V129/><F73/><W84/><G84/><N who="0" m="48175" /><D6/><U65/><E23/><V125/><F125/><N who="3" m="48203" /><G133/><T57/><D71/><U49/><E49/><V134/><F134/><W126/><N who="3" m="48211" /><W121/><DORA hai="108" /><G121/><T103/><D100/><U52/><E31/><N who="2" m="17807" /><F129/><W8/><G25/><T106/><D128/><U72/><E72/><V47/><AGARI ba="0,0" hai="44,45,47,64,67,80,82,83" m="17807,32055" machi="47" ten="30,1500,0" yaku="8,1" doraHai="11,108" who="2" fromWho="2" sc="288,-5,253,-5,159,15,300,-5" /><INIT seed="2,1,0,5,5,116" ten="283,248,174,295" oya="2" hai0="63,55,86,126,105,77,119,10,2,37,76,96,75" hai1="20,34,57,115,131,81,38,109,101,100,50,104,66" hai2="67,82,106,35,8,65,31,118,29,21,130,94,72" hai3="41,74,113,120,70,112,83,103,53,0,32,111,48"/><V135/><F118/><W110/><G70/><T108/><D119/><U52/><E115/><N who="3" m="44106" /><G32/><T36/><D108/><N who="3" m="41513" /><G0/><T45/><D75/><U47/><E34/><V49/><F106/><W30/><G30/><T117/><D117/><U97/><E109/><V91/><F35/><W125/><G125/><T56/><D126/><U99/><E131/><V85/><F130/><W59/><G103/><T89/><D105/><U60/><E38/><V123/><F135/><W68/><G68/><T44/><D2/><U107/><E20/><V133/><F133/><W18/><G18/><T7/><D36/><U24/><E81/><V93/><F29/><W92/><G92/><N who="2" m="35433" /><F72/><W28/><G28/><T11/><D37/><U12/><E12/><V69/><F69/><W71/><G71/><T73/><D7/><U98/><REACH who="1" step="1"/><E99/><REACH who="1" ten="283,238,174,295" step="2"/><V22/><F8/><W61/><G83/><N who="0" m="49375" /><D96/><U78/><E78/><N who="0" m="30313" /><D73/><U128/><E128/><V4/><F4/><W42/><G74/><T51/><D10/><U46/><E46/><V19/><F31/><W6/><G6/><T114/><D11/><U80/><E80/><V13/><F22/><W121/><G41/><N who="0" m="24975" /><D114/><U90/><E90/><V87/><F87/><W43/><G42/><T9/><D9/><U134/><E134/><V1/><F1/><W3/><G3/><T33/><D33/><U88/><E88/><V25/><F13/><W62/><G43/><T17/><D45/><U26/><AGARI ba="1,1" hai="24,26,47,50,52,57,60,66,97,98,100,101,104,107" machi="26" ten="30,7900,0" yaku="1,1,0,1,9,1,54,1,53,0" doraHai="116" doraHaiUra="132" who="1" fromWho="1" sc="283,-21,238,92,174,-40,295,-21" /><INIT seed="3,0,0,3,0,29" ten="262,330,134,274" oya="3" hai0="128,74,61,108,62,36,66,79,30,134,88,68,44" hai1="76,130,37,85,86,7,21,93,8,83,31,63,0" hai2="50,3,109,64,87,52,113,110,53,116,105,84,118" hai3="72,103,49,38,111,99,95,27,100,97,121,70,104"/><W51/><G121/><T78/><D128/><U122/><E130/><V67/><F105/><W10/><G38/><T102/><D134/><U6/><E122/><V17/><F3/><W124/><G124/><T42/><D108/><U115/><E115/><V18/><REACH who="2" step="1"/><F50/><REACH who="2" ten="262,330,124,274" step="2"/><W45/><G51/><N who="0" m="27031" /><D61/><U55/><E63/><V101/><F101/><W4/><G111/><T11/><D36/><U28/><E37/><V96/><F96/><W129/><G129/><T65/><D102/><U32/><E0/><V71/><F71/><W106/><G70/><T91/><D62/><U77/><E77/><V123/><F123/><W41/><G100/><T94/><D68/><U126/><E76/><V135/><F135/><W120/><G120/><T114/><D78/><U58/><E126/><V90/><F90/><W13/><G106/><T69/><D79/><U40/><E86/><V34/><F34/><W60/><G104/><T43/><D69/><U59/><E32/><V19/><F19/><W33/><G60/><T14/><D91/><U131/><E85/><V48/><F48/><W23/><G33/><T107/><D107/><U24/><E131/><V81/><F81/><W57/><G99/><T98/><D98/><U22/><E83/><V80/><F80/><W92/><G92/><T132/><D94/><U1/><E93/><V47/><F47/><W5/><G95/><T12/><D88/><U117/><E1/><V125/><F125/><W119/><G97/><T133/><D132/><U25/><E31/><V73/><F73/><W89/><G72/><T9/><D74/><U75/><E75/><RYUUKYOKU ba="0,1" sc="262,-10,330,-10,124,30,274,-10" hai2="17,18,52,53,64,67,84,87,109,110,113,116,118" owari="252,-14.8,330,43.0,154,-34.6,264,6.4" /></mjloggm>