<mjloggm ver="2.3"><GO type="225" lobby="0"/><UN n0="%E3%83%A9%E3%82%A4%E3%83%B3%E3%81%AE%E8%99%8E" n1="%30%2E%31%32%30" n2="%E3%81%BE%E3%81%A8%E3%81%9F" n3="%E4%B8%89%E5%88%86%E5%B0%8F%E5%83%A7" dan="16,16,16,16" rate="2112.68,2130.36,2163.83,2106.53" sx="M,M,M,M"/><TAIKYOKU oya="0"/><INIT seed="0,0,0,0,2,62" ten="250,250,250,250" oya="0" hai0="88,10,30,56,20,3,33,92,59,122,128,26,61" hai1="34,18,91,85,96,23,95,48,127,105,49,132,79" hai2="118,112,120,78,135,70,72,111,134,32,17,109,74" hai3="51,37,40,87,77,6,50,67,121,99,86,42,60"/><T115/><D115/><U94/><E127/><V123/><F32/><W5/><G37/><T114/><D114/><U63/><E48/><V45/><F17/><W107/><G107/><T9/><D128/><U71/><E34/><V64/><F45/><W52/><G99/><T119/><D119/><U69/><E105/><V90/><F112/><W131/><G131/><T12/><D122/><N who="2" m="46634" /><F118/><W133/><G133/><N who="2" m="50697" /><F78/><W27/><G27/><T84/><D3/><U11/><E132/><V44/><F44/><W101/><G101/><T103/><D103/><U82/><E11/><V73/><F90/><W35/><G35/><T97/><D33/><U29/><E29/><V113/><F113/><W14/><G121/><T1/><D1/><U55/><E63/><AGARI ba="0,0" hai="63,64,70,72,73,74,109,111" m="50697,46634" machi="63" ten="40,5200,0" yaku="20,1,23,1,52,1" doraHai="62" who="2" fromWho="1" sc="250,0,250,-52,250,52,250,0" /><INIT seed="1,0,0,1,4,59" ten="250,198,302,250" oya="1" hai0="110,109,24,32,113,115,74,18,112,50,14,48,105" hai1="67,135,26,54,134,100,39,73,102,13,123,131,120" hai2="94,84,60,16,3,125,38,80,29,87,114,91,76" hai3="11,99,124,101,19,17,122,95,82,25,37,33,51"/><U126/><E39/><V70/><F38/><W27/><G37/><T98/><D74/><U5/><E73/><V56/><F3/><W66/><G122/><N who="1" m="46634" /><E54/><V34/><F125/><W97/><G124/><T20/><D105/><U40/><E40/><V10/><F70/><W96/><G82/><T107/><D107/><U63/><E126/><V108/><F114/><W62/><G51/><T128/><D98/><N who="3" m="37993" /><G33/><T121/><D121/><U127/><E127/><V46/><F46/><W53/><G66/><T93/><D93/><U15/><E26/><N who="3" m="9738" /><G11/><T103/><D103/><N who="1" m="39467" /><E5/><V0/><F34/><W81/><G81/><T31/><D48/><U104/><E104/><V1/><F10/><W90/><G101/><T23/><D50/><U49/><E49/><V77/><F1/><W132/><G132/><N who="1" m="50730" /><E131/><V129/><F0/><W65/><G65/><T88/><D128/><U21/><E21/><N who="0" m="8265" /><D88/><U68/><AGARI ba="0,0" hai="13,15,63,67,68" m="50730,39467,46634" machi="68" ten="40,3900,0" yaku="20,1,52,1" doraHai="59" who="1" fromWho="1" sc="250,-13,198,39,302,-13,250,-13" /><INIT seed="1,1,0,1,4,66" ten="237,237,289,237" oya="1" hai0="126,67,14,49,13,125,0,29,12,2,131,79,68" hai1="84,103,135,120,20,30,17,134,5,130,121,81,109" hai2="48,51,72,98,104,11,108,113,93,15,114,97,47" hai3="35,42,69,116,70,101,18,9,6,52,43,78,19"/><U107/><E5/><V119/><F119/><W37/><G35/><T76/><D29/><U75/><E30/><V89/><F72/><W118/><G78/><N who="0" m="29739" /><D49/><U105/><E17/><N who="3" m="6154" /><G101/><T31/><D31/><U21/><E21/><V56/><F108/><W96/><G96/><T44/><D44/><U63/><E63/><V88/><F56/><W8/><G52/><T92/><D92/><U129/><E20/><V132/><F132/><N who="1" m="50729" /><E75/><V64/><F64/><W128/><G128/><N who="1" m="49258" /><E103/><V50/><F47/><W41/><G37/><T24/><D131/><U55/><E55/><V71/><F48/><W3/><G9/><T80/><D24/><U112/><E112/><V54/><F50/><W110/><G110/><T83/><D67/><U95/><E109/><V87/><F54/><W46/><G46/><T65/><D65/><U60/><E60/><V1/><F114/><W61/><G61/><T94/><D0/><U10/><E10/><V123/><F1/><W7/><G7/><T100/><D2/><U59/><E59/><V91/><F113/><W99/><G99/><T16/><D16/><U124/><E95/><V85/><F93/><W25/><G25/><T53/><D53/><U73/><E73/><V117/><F97/><W39/><G39/><T90/><D100/><U26/><E26/><V111/><F98/><W34/><G34/><T32/><D32/><U86/><E81/><N who="2" m="49199" /><F111/><W38/><G38/><T57/><D83/><U40/><E40/><V4/><F11/><W22/><G22/><T106/><D80/><U127/><E107/><V36/><F104/><W122/><G122/><RYUUKYOKU ba="1,0" sc="237,-10,237,-10,289,-10,237,30" hai3="3,6,8,41,42,43,69,70,116,118" /><INIT seed="2,2,0,5,2,87" ten="227,227,279,267" oya="2" hai0="37,112,1,96,59,11,121,48,109,122,57,90,45" hai1="68,33,47,78,114,111,92,2,74,24,86,52,21" hai2="53,14,104,66,105,54,71,106,26,27,94,51,79" hai3="18,67,110,126,93,41,40,132,89,44,31,117,113"/><V3/><F3/><W135/><G117/><T64/><D37/><U29/><E114/><V8/><F79/><W82/><G113/><T49/><D112/><U131/><E131/><V75/><F75/><W102/><G110/><T99/><D109/><U61/><E2/><V83/><F83/><W133/><G126/><T98/><D121/><U62/><E74/><V108/><F54/><W115/><G115/><T35/><D35/><U80/><E111/><V10/><F10/><W129/><G129/><T9/><D122/><U22/><E68/><V5/><F108/><W103/><G31/><T118/><D118/><U120/><E120/><V81/><F81/><W134/><G67/><T119/><D119/><U63/><REACH who="1" step="1"/><E92/><REACH who="1" ten="227,217,279,267" step="2"/><V76/><F94/><W23/><G133/><T32/><D1/><U123/><E123/><V84/><F71/><W127/><G127/><T85/><D32/><U91/><E91/><V100/><F76/><W36/><G82/><T6/><D90/><U19/><E19/><V77/><F77/><W46/><G89/><T20/><D6/><U70/><E70/><V4/><F4/><W56/><G93/><T130/><D130/><U128/><E128/><V7/><F7/><W25/><REACH who="3" step="1"/><G56/><REACH who="3" ten="227,217,279,257" step="2"/><T39/><D59/><U60/><N who="1" m="15360" /><DORA hai="42" /><U125/><E125/><V72/><F106/><W43/><G43/><T15/><D57/><U16/><E16/><V55/><F105/><W17/><G17/><T65/><D65/><U30/><E30/><V58/><F104/><W38/><AGARI ba="2,2" hai="18,23,25,36,38,40,41,44,46,102,103,132,134,135" machi="38" ten="30,12000,2" yaku="1,1,0,1,9,1,20,1,52,2,53,0" doraHai="87,42" doraHaiUra="95,124" who="3" fromWho="3" sc="227,-32,217,-32,279,-62,257,146" /><INIT seed="3,0,0,1,0,44" ten="195,185,217,403" oya="3" hai0="110,129,107,128,82,106,109,4,131,92,104,68,91" hai1="11,79,80,117,100,40,60,16,57,28,87,64,58" hai2="118,41,63,90,108,37,61,59,69,66,32,46,39" hai3="124,19,135,5,56,38,130,52,13,86,2,50,116"/><W115/><G38/><T47/><D68/><U25/><E117/><V74/><F74/><W6/><G86/><N who="0" m="50647" /><D4/><U83/><E100/><V126/><F32/><W114/><G56/><N who="1" m="21610" /><E40/><V54/><F118/><W34/><G13/><T78/><D78/><U95/><E60/><V65/><F90/><W48/><G52/><T21/><D21/><N who="1" m="15407" /><E64/><N who="2" m="41103" /><F108/><N who="0" m="41578" /><D47/><U73/><E73/><V99/><F66/><W43/><G19/><T20/><D20/><U132/><E132/><V75/><F75/><W26/><G26/><T33/><D33/><U84/><E95/><AGARI ba="0,0" hai="92,95,104,106,107,128,129,131" m="41578,50647" machi="95" ten="50,8000,1" yaku="19,1,14,1,34,2" doraHai="44" who="0" fromWho="1" sc="195,80,185,-80,217,0,403,0" owari="275,7.5,105,-39.5,217,-18.3,403,50.3" /></mjloggm>