<mjloggm ver="2.3"><GO type="225" lobby="0"/><UN n0="%E7%BD%AA%E5%88%91%E6%B3%95%E5%AE%9A%E4%B8%BB%E7%BE%A9" n1="%E7%B4%94%E6%BD%94%E3%83%94%E3%83%A9%E3%83%8B%E3%82%A2" n2="%E3%82%BC%E3%83%AB%E3%83%80%E3%81%AE%E4%BC%9D%E8%AA%AC" n3="%E6%B0%B7%E5%B7%9D%E9%87%8C%E5%A5%88" dan="16,17,17,16" rate="2167.98,2157.63,2224.74,2143.37" sx="M,M,M,F"/><TAIKYOKU oya="0"/><INIT seed="0,0,0,1,3,121" ten="250,250,250,250" oya="0" hai0="125,23,105,10,52,40,61,22,131,47,84,54,129" hai1="80,71,70,98,3,95,13,118,64,79,8,92,59" hai2="1,63,73,6,101,16,14,49,26,77,66,78,24" hai3="69,28,122,50,72,103,62,9,117,55,113,102,123"/><T83/><D105/><U36/><E36/><V56/><F1/><W15/><G113/><T12/><D125/><U41/><E41/><V135/><F135/><W133/><G117/><T25/><D61/><U21/><E118/><V109/><F109/><W31/><G72/><T75/><D75/><U20/><E3/><V2/><F2/><W128/><G133/><T34/><D34/><U86/><E92/><V126/><F126/><W68/><G128/><N who="0" m="49227" /><D40/><U114/><E114/><V90/><F101/><W32/><G32/><T48/><D54/><U119/><E119/><V124/><F124/><W65/><G69/><T74/><D25/><N who="2" m="9834" /><F73/><W43/><G43/><T106/><D106/><U110/><E110/><V29/><F29/><N who="3" m="11339" /><G50/><T88/><D74/><U51/><E71/><V33/><F33/><W81/><G55/><T130/><N who="0" m="49235" /><T42/><DORA hai="60" /><D42/><U127/><E70/><V96/><F6/><AGARI ba="0,0" hai="6,10,12,22,23,47,48,52,83,84,88" m="49235" machi="6" ten="40,7700,0" yaku="19,1,54,2" doraHai="121,60" who="0" fromWho="2" sc="250,77,250,0,250,-77,250,0" /><INIT seed="0,1,0,4,1,76" ten="327,250,173,250" oya="0" hai0="41,83,72,123,102,25,127,2,3,23,105,50,26" hai1="111,7,78,65,57,115,97,91,110,48,14,121,35" hai2="107,87,40,118,128,20,86,53,109,4,113,135,106" hai3="11,108,17,8,79,68,89,90,63,112,32,27,46"/><T18/><D123/><U66/><E35/><V74/><F74/><W69/><G79/><T37/><D37/><U103/><E78/><V0/><F113/><W42/><G112/><T120/><D120/><U34/><E34/><V6/><F20/><W96/><G108/><N who="1" m="41514" /><E91/><V54/><F109/><W99/><G89/><T22/><D72/><U59/><E121/><V84/><F40/><W126/><G126/><T62/><D127/><U124/><E115/><V61/><F61/><W58/><G69/><T36/><D36/><U81/><E81/><V5/><F0/><W88/><G68/><T133/><D62/><U134/><E134/><V95/><F95/><N who="3" m="56423" /><G32/><T130/><D133/><U24/><E24/><V45/><F135/><W132/><G132/><T28/><D2/><U125/><E125/><V49/><F128/><W104/><G104/><T19/><D3/><U51/><E57/><V122/><F122/><W100/><G100/><T85/><D102/><U30/><E30/><V21/><F118/><W33/><G33/><T60/><D105/><N who="1" m="63727" /><E59/><V9/><F107/><W15/><G27/><T114/><D114/><U12/><E12/><V31/><F106/><W70/><G70/><T92/><D130/><U82/><E82/><V16/><F31/><W56/><G56/><T1/><D1/><U129/><E124/><V29/><F29/><W55/><G90/><N who="0" m="51519" /><D28/><U44/><E129/><V101/><F101/><W39/><G99/><T47/><D92/><U67/><E44/><V13/><F9/><AGARI ba="1,0" hai="7,9,14,48,51,65,66,67" m="63727,41514" machi="9" ten="30,1000,0" yaku="14,1" doraHai="76" who="1" fromWho="2" sc="327,0,250,13,173,-13,250,0" /><INIT seed="1,0,0,1,1,29" ten="327,263,160,250" oya="1" hai0="33,77,8,62,11,67,2,120,68,44,115,64,105" hai1="118,47,86,18,41,15,83,82,111,126,132,112,95" hai2="94,14,91,134,19,79,80,34,21,45,73,35,71" hai3="17,20,108,84,128,117,116,119,16,69,63,42,92"/><U125/><E118/><V13/><F134/><W106/><G106/><T39/><D115/><U88/><E112/><V61/><F45/><W4/><G108/><T135/><D135/><U78/><E132/><V129/><F129/><W59/><G128/><T10/><D120/><U103/><E103/><V65/><REACH who="2" step="1"/><F13/><REACH who="2" ten="327,263,150,250" step="2"/><W46/><G117/><T55/><D44/><U101/><E111/><V85/><AGARI ba="0,1" hai="14,19,21,34,35,61,65,71,73,79,80,85,91,94" machi="85" ten="20,12000,2" yaku="1,1,2,1,0,1,7,1,52,2,53,1" doraHai="29" doraHaiUra="57" who="2" fromWho="2" sc="327,-30,263,-60,150,130,250,-30" /><INIT seed="2,0,0,4,2,32" ten="297,203,280,220" oya="2" hai0="94,3,15,9,72,23,71,125,44,25,30,131,38" hai1="0,42,69,109,104,84,33,95,73,111,18,48,39" hai2="13,117,62,8,60,120,112,74,43,132,61,46,58" hai3="123,98,50,45,6,116,128,93,66,124,11,56,81"/><V51/><F112/><W27/><G116/><T91/><D71/><U16/><E104/><V67/><F120/><W47/><G123/><T70/><D70/><U88/><E33/><V2/><F117/><W107/><G107/><T121/><D121/><U119/><E119/><V22/><F132/><W65/><G124/><T99/><D72/><U105/><E105/><V1/><F74/><W115/><G128/><T118/><D118/><U77/><E39/><V26/><F60/><W4/><G115/><T55/><D125/><U54/><E42/><V86/><F86/><W80/><G27/><T52/><D131/><U5/><E69/><V106/><F61/><W108/><G108/><N who="1" m="41546" /><E77/><V90/><F90/><W20/><G20/><T64/><D64/><U28/><E28/><V75/><F75/><W57/><G11/><T10/><D38/><U37/><E37/><V59/><F59/><W68/><G68/><T127/><D127/><U114/><E73/><V78/><F78/><W35/><G35/><T12/><D44/><N who="1" m="27911" /><E114/><V100/><F106/><W41/><G41/><T129/><D129/><U103/><E103/><V19/><F100/><W53/><G53/><N who="0" m="20555" /><D3/><U29/><E29/><AGARI ba="0,0" hai="1,2,8,13,19,22,26,29,43,46,51,58,62,67" machi="29" ten="30,5800,0" yaku="7,1,52,2" doraHai="32" who="2" fromWho="1" sc="297,0,203,-58,280,58,220,0" /><INIT seed="2,1,0,2,4,81" ten="297,145,338,220" oya="2" hai0="134,79,75,135,118,12,50,102,130,111,100,58,1" hai1="91,17,77,92,4,86,119,30,69,97,29,25,67" hai2="87,95,121,80,109,84,99,88,112,42,16,117,96" hai3="124,54,61,64,105,108,2,19,48,71,3,35,106"/><V120/><F42/><W73/><G35/><T116/><D1/><U43/><E119/><N who="0" m="45609" /><D12/><U126/><E126/><V33/><F117/><W56/><G73/><T6/><D6/><U103/><E43/><V39/><F39/><W89/><G108/><T57/><D50/><U125/><E125/><V55/><F33/><W31/><G124/><T114/><D111/><U129/><E129/><V104/><F109/><W83/><G31/><T110/><D110/><U98/><E4/><V66/><F66/><W13/><G3/><T46/><D46/><U9/><E69/><V18/><F112/><W65/><G2/><T41/><D41/><U37/><E37/><V72/><F72/><W21/><G65/><T127/><D127/><U32/><E67/><V27/><F104/><W36/><G36/><T133/><D114/><U51/><E30/><V45/><F120/><W107/><G107/><T113/><D113/><U10/><E17/><N who="2" m="6763" /><F27/><W7/><G7/><T11/><D11/><U14/><E14/><V63/><F121/><W115/><G115/><T47/><D47/><U60/><E10/><V90/><F45/><W23/><G23/><T132/><N who="0" m="33792" /><DORA hai="38" /><T40/><D40/><U5/><E9/><V24/><F24/><W62/><G106/><T52/><D130/><U22/><E22/><V122/><F122/><W49/><G105/><T68/><D68/><U94/><E5/><V85/><F63/><W28/><G28/><T20/><D20/><U44/><E60/><V53/><F53/><W123/><G123/><T131/><D131/><U76/><E98/><N who="2" m="37419" /><F55/><W128/><G128/><RYUUKYOKU ba="1,0" sc="297,-30,145,10,338,10,220,10" hai1="25,29,32,44,51,76,77,86,91,92,94,97,103" hai2="80,84,85,87,88,90,95" hai3="13,19,21,48,49,54,56,61,62,64,71,83,89" /><INIT seed="2,2,0,0,1,41" ten="267,155,348,230" oya="2" hai0="88,77,98,94,2,5,106,23,54,44,66,127,11" hai1="108,61,96,102,35,0,80,123,107,57,10,30,43" hai2="50,130,71,93,111,18,91,8,125,64,133,21,25" hai3="42,32,17,14,52,31,60,82,40,132,113,101,119"/><V38/><F38/><W105/><G119/><T128/><D127/><U19/><E108/><V46/><F125/><W56/><G132/><T76/><D128/><U120/><E35/><V87/><F130/><W78/><G113/><T109/><D109/><U126/><E30/><V92/><F111/><W65/><G105/><T124/><D124/><U95/><E126/><V110/><F110/><W59/><G101/><T129/><D129/><U39/><E80/><V9/><F133/><W62/><G31/><T48/><D106/><U75/><E75/><V3/><F3/><W20/><REACH who="3" step="1"/><G32/><REACH who="3" ten="267,155,348,220" step="2"/><T79/><D66/><U81/><E107/><V69/><F64/><W72/><AGARI ba="2,1" hai="14,17,20,40,42,52,56,59,60,62,65,72,78,82" machi="72" ten="20,12000,2" yaku="1,1,2,1,0,1,7,1,54,1,53,1" doraHai="41" doraHaiUra="15" who="3" fromWho="3" sc="267,-32,155,-32,348,-62,220,136" /><INIT seed="3,0,0,5,1,77" ten="235,123,286,356" oya="3" hai0="60,79,22,133,63,54,13,117,132,93,58,9,107" hai1="18,7,95,92,59,89,33,80,6,131,41,21,114" hai2="123,55,4,40,106,0,39,11,108,134,74,119,24" hai3="44,43,53,82,66,50,116,126,65,45,48,67,1"/><W135/><G1/><T130/><D107/><U78/><E33/><V98/><F119/><W109/><G116/><T23/><D117/><U122/><E114/><V51/><F24/><W61/><G126/><T90/><D130/><U99/><E131/><V96/><F106/><W124/><G124/><T75/><D133/><U69/><E69/><V101/><F101/><W62/><G135/><T46/><D132/><U12/><E122/><V118/><F118/><W97/><G109/><T20/><D46/><U16/><E41/><V87/><F87/><W81/><G97/><T88/><D79/><U14/><E92/><V15/><F15/><W5/><G5/><T113/><D75/><U25/><E25/><V121/><F74/><W31/><G31/><T28/><D113/><U64/><E64/><V30/><F30/><W56/><G65/><T83/><D28/><U37/><E59/><AGARI ba="0,0" hai="43,44,45,48,50,53,56,59,61,62,66,67,81,82" machi="59" ten="30,12000,1" yaku="7,1,9,1,8,1,52,2" doraHai="77" who="3" fromWho="1" sc="235,0,123,-120,286,0,356,120" owari="235,-16.5,3,-49.7,286,8.6,476,57.6" /></mjloggm>