<mjloggm ver="2.3"><GO type="225" lobby="0"/><UN n0="%77%72%77%72%77%72%77%72" n1="%E3%80%93%E3%81%97%E3%83%BC%E3%82%89%E3%80%93" n2="%68%6F%72%69%30%39%30%31" n3="%E3%81%B5%E3%81%98%E3%81%8B%E3%81%A4" dan="17,16,16,16" rate="2230.19,2072.44,2115.22,2209.05" sx="M,M,F,M"/><TAIKYOKU oya="0"/><INIT seed="0,0,0,5,1,59" ten="250,250,250,250" oya="0" hai0="111,113,133,1,33,67,14,117,74,13,53,72,21" hai1="69,127,121,61,45,101,90,73,106,32,70,42,60" hai2="65,52,124,15,109,71,2,55,49,105,24,125,87" hai3="63,114,34,81,25,9,86,8,92,19,64,95,108"/><T131/><D113/><U44/><E73/><V84/><F2/><W135/><G114/><T51/><D117/><U104/><E32/><V66/><F105/><N who="1" m="40553" /><E90/><V120/><F120/><W94/><G135/><T20/><D33/><U130/><E101/><V6/><F24/><W88/><G108/><T110/><D1/><U54/><E54/><N who="2" m="20523" /><F109/><N who="0" m="41482" /><D133/><U75/><E75/><N who="0" m="28713" /><D67/><N who="2" m="25610" /><F71/><N who="1" m="27145" /><E42/><V41/><F15/><N who="0" m="5642" /><D131/><U82/><E130/><V57/><F6/><W43/><G43/><T77/><D77/><U12/><E12/><V83/><F57/><AGARI ba="0,0" hai="20,21,51,53,57" m="5642,28713,41482" machi="57" ten="30,2900,0" yaku="14,1,10,1" doraHai="59" who="0" fromWho="2" sc="250,29,250,0,250,-29,250,0" /><INIT seed="0,1,0,2,2,17" ten="279,250,221,250" oya="0" hai0="113,13,132,55,23,31,48,120,106,75,66,79,76" hai1="135,20,117,110,95,33,63,38,134,81,57,72,27" hai2="4,91,21,124,82,129,12,44,8,77,43,10,89" hai3="9,92,16,24,45,15,109,119,87,62,32,47,34"/><T19/><D113/><U28/><E38/><V121/><F121/><W100/><G109/><T73/><D120/><U40/><E40/><V35/><F35/><W70/><G119/><T86/><D106/><U37/><E37/><V104/><F104/><W2/><G34/><T88/><D132/><N who="1" m="50731" /><E110/><V114/><F114/><W42/><G42/><T6/><D66/><N who="1" m="39279" /><E117/><V59/><F129/><W102/><G70/><T7/><D31/><U108/><E108/><V93/><F124/><W50/><G62/><T30/><D30/><U90/><E81/><V36/><F59/><W51/><G32/><T53/><D53/><U58/><E58/><V67/><F67/><W130/><G130/><T41/><D41/><U97/><E33/><V22/><F8/><W112/><G112/><T80/><D73/><AGARI ba="1,0" hai="20,27,28,72,73,90,95,97" m="39279,50731" machi="73" ten="30,2000,0" yaku="20,1,52,1" doraHai="17" who="1" fromWho="0" sc="279,-23,250,23,221,0,250,0" /><INIT seed="1,0,0,2,5,43" ten="256,273,221,250" oya="1" hai0="103,97,96,91,26,88,14,71,0,5,86,124,106" hai1="113,6,17,127,41,82,59,4,125,25,131,34,100" hai2="54,119,46,52,21,129,53,108,90,85,45,12,29" hai3="89,93,18,50,84,130,13,80,33,39,10,135,74"/><U105/><E113/><V102/><F119/><W69/><G135/><T44/><D124/><N who="1" m="47691" /><E131/><V8/><F108/><W47/><G130/><T94/><D71/><U63/><E82/><N who="2" m="49463" /><F129/><W95/><G69/><T19/><D26/><U107/><E41/><V112/><F112/><W30/><G74/><T32/><D32/><U133/><E133/><V83/><F102/><W79/><G39/><T117/><D117/><U57/><E57/><V62/><F62/><W114/><G114/><T73/><D73/><U66/><E100/><V67/><F67/><W7/><G7/><N who="1" m="2602" /><E17/><N who="2" m="8327" /><F83/><W72/><G33/><T126/><D5/><U3/><E3/><V109/><F109/><W110/><G110/><T31/><D0/><U1/><E1/><V70/><F70/><W56/><G56/><T118/><D118/><U122/><E122/><V23/><F23/><W104/><G104/><T98/><D103/><U87/><E87/><V55/><F55/><N who="3" m="30175" /><G30/><AGARI ba="0,0" hai="25,30,34,59,63,66,105,107" m="2602,47691" machi="30" ten="30,1500,0" yaku="18,1" doraHai="43" who="1" fromWho="3" sc="256,0,273,15,221,0,250,-15" /><INIT seed="1,1,0,1,0,66" ten="256,288,221,235" oya="1" hai0="80,73,104,48,100,18,121,122,111,27,51,28,65" hai1="91,81,89,19,84,88,61,133,130,59,79,76,85" hai2="14,5,8,60,2,124,95,47,129,40,117,42,97" hai3="115,101,9,128,37,78,82,50,105,39,26,90,16"/><U38/><E38/><V33/><F33/><W57/><G115/><T62/><D111/><U46/><E133/><V109/><F117/><W49/><G128/><T0/><D18/><U103/><E130/><V98/><F109/><W92/><G105/><T30/><D0/><U135/><E135/><V13/><F129/><W74/><G101/><T52/><D48/><U132/><E132/><V99/><F124/><W123/><G123/><N who="0" m="47115" /><D100/><U112/><E103/><V23/><F95/><W34/><G34/><T15/><D15/><U56/><E112/><V118/><F118/><W22/><G9/><T12/><D12/><U114/><E114/><V72/><F72/><W93/><G93/><T96/><D96/><U32/><E32/><V134/><F134/><W21/><G21/><T83/><D104/><U68/><E19/><V10/><F60/><W35/><G35/><N who="0" m="20895" /><D73/><U1/><E46/><V63/><F63/><W87/><REACH who="3" step="1"/><G50/><REACH who="3" ten="256,288,221,225" step="2"/><T94/><D94/><U6/><E81/><V4/><F23/><W127/><G127/><T86/><D80/><U113/><E113/><V102/><F102/><W44/><G44/><T7/><D51/><U3/><E3/><V41/><REACH who="2" step="1"/><F2/><REACH who="2" ten="256,288,211,225" step="2"/><W119/><G119/><T107/><D107/><U75/><E1/><V108/><F108/><W54/><AGARI ba="1,2" hai="16,22,26,37,39,49,54,57,74,78,82,87,90,92" machi="54" ten="30,8000,1" yaku="1,1,0,1,54,1,53,2" doraHai="66" doraHaiUra="71" who="3" fromWho="3" sc="256,-21,288,-41,211,-21,225,103" /><INIT seed="2,0,0,5,1,77" ten="235,247,190,328" oya="2" hai0="103,92,57,34,97,75,47,73,0,6,62,7,13" hai1="39,87,101,48,110,129,25,49,60,100,45,64,69" hai2="117,42,41,37,5,114,107,125,96,67,111,72,19" hai3="86,119,58,132,71,36,65,93,59,88,16,74,43"/><V46/><F117/><W70/><G119/><T91/><D34/><U17/><E110/><V44/><F111/><W85/><G74/><T8/><D47/><U2/><E2/><V15/><F72/><W38/><G132/><T68/><D68/><U126/><E129/><V31/><F114/><W116/><G116/><T130/><D130/><U55/><E126/><V12/><F31/><W94/><G43/><T3/><D3/><U84/><E39/><V128/><F128/><W14/><G38/><T29/><D29/><U4/><E4/><V40/><F67/><W133/><G36/><T18/><D103/><U80/><E87/><V81/><F125/><W112/><G133/><T79/><D79/><U54/><E17/><V26/><F5/><W118/><G118/><T104/><D104/><U102/><E25/><V50/><F40/><W115/><G65/><T131/><D6/><U99/><E99/><V120/><F120/><W113/><G85/><T124/><D124/><U66/><E66/><V83/><F26/><W78/><G94/><T95/><D95/><U127/><E127/><V76/><F76/><W121/><G78/><T27/><D27/><U51/><E45/><V30/><F30/><W21/><G121/><T53/><D131/><U98/><E98/><V22/><REACH who="2" step="1"/><F12/><REACH who="2" ten="235,247,180,328" step="2"/><W134/><G134/><T52/><D53/><U23/><E55/><V32/><F32/><W24/><G14/><T108/><D108/><U123/><E54/><V63/><F63/><W109/><G109/><T9/><AGARI ba="0,1" hai="0,7,8,9,13,18,52,57,62,73,75,91,92,97" machi="9" ten="20,2700,0" yaku="0,1,7,1,54,1" doraHai="77" who="0" fromWho="0" sc="235,37,247,-7,180,-13,328,-7" /><INIT seed="3,0,0,3,0,33" ten="272,240,167,321" oya="3" hai0="21,79,41,5,13,103,113,64,116,27,98,62,91" hai1="29,48,101,82,69,2,34,124,76,94,107,123,131" hai2="125,96,129,109,11,83,38,40,130,0,35,53,4" hai3="47,122,77,72,68,51,111,105,54,23,95,39,26"/><W50/><G122/><T17/><D116/><U119/><E48/><V135/><F35/><W121/><G105/><T87/><D41/><U86/><E69/><V25/><F109/><W63/><G121/><T84/><D113/><U74/><E123/><V102/><F25/><W55/><G111/><T115/><D115/><U127/><E29/><V67/><F53/><W106/><G106/><T81/><D5/><U1/><E34/><V66/><F83/><W88/><G39/><T118/><D118/><U133/><E119/><V117/><F117/><W22/><G72/><T44/><D44/><U57/><E57/><V97/><F97/><W56/><G77/><T42/><D42/><U7/><E7/><V20/><F20/><W132/><G132/><T120/><D120/><U99/><E131/><V3/><F135/><W104/><G104/><T12/><D103/><U16/><E16/><V18/><F18/><N who="3" m="12631" /><G68/><T65/><D98/><U32/><E32/><V128/><F125/><N who="1" m="48201" /><E133/><V71/><F71/><W31/><G23/><T90/><D64/><N who="2" m="24618" /><F40/><W9/><G31/><T45/><D65/><U10/><E10/><V36/><F96/><N who="3" m="57447" /><G9/><T46/><D79/><U61/><E61/><AGARI ba="0,0" hai="47,50,51,54,55,56,61,63" m="57447,12631" machi="61" ten="30,2900,0" yaku="8,1,54,1" doraHai="33" who="3" fromWho="1" sc="272,0,240,-29,167,0,321,29" owari="272,7.2,211,-18.9,167,-33.3,350,45.0" /></mjloggm>