<mjloggm ver="2.3"><GO type="225" lobby="0"/><UN n0="%E3%81%82%E3%81%B9%E3%81%99%E3%81%91" n1="%E3%82%B2%E3%82%B9%E8%8C%82%E5%8B%9D" n2="%E3%81%A8%E3%82%93%E3%81%A8%E3%81%93%E3%81%A8%E3%82%93" n3="%E4%BE%BF%E6%89%80" dan="16,16,16,16" rate="2075.53,2046.81,2084.05,2062.47" sx="M,F,M,M"/><TAIKYOKU oya="0"/><INIT seed="0,0,0,3,3,107" ten="250,250,250,250" oya="0" hai0="15,22,7,84,16,98,70,62,63,123,38,28,67" hai1="50,95,87,57,129,26,39,35,93,89,60,42,55" hai2="5,36,24,9,111,27,20,10,6,11,110,112,33" hai3="29,99,77,113,76,114,78,106,85,30,66,31,18"/><T14/><D123/><U51/><E129/><V47/><F47/><W88/><G66/><T19/><D38/><U124/><E124/><V121/><F36/><W82/><REACH who="3" step="1"/><G18/><REACH who="3" ten="250,250,250,240" step="2"/><T59/><D19/><U108/><E108/><N who="2" m="41515" /><F121/><W68/><G68/><T45/><D70/><U101/><E39/><V116/><F112/><W128/><G128/><T130/><D130/><U109/><E109/><V125/><F125/><W0/><G0/><T80/><D98/><U120/><E120/><V83/><F116/><W134/><G134/><T34/><D34/><U90/><E42/><V12/><F83/><W4/><G4/><N who="2" m="1641" /><F33/><W54/><G54/><T49/><D7/><U72/><E35/><V105/><F105/><W100/><AGARI ba="0,1" hai="29,30,31,76,77,78,82,85,88,99,100,106,113,114" machi="100" ten="40,5200,0" yaku="1,1,0,1,54,1,53,0" doraHai="107" doraHaiUra="52" who="3" fromWho="3" sc="250,-26,250,-13,250,-13,240,62" /><INIT seed="1,0,0,3,5,36" ten="224,237,237,302" oya="1" hai0="134,92,52,89,17,86,32,2,113,99,35,87,98" hai1="96,111,18,83,30,105,47,44,100,11,53,82,33" hai2="61,101,117,7,12,60,110,129,1,73,131,85,102" hai3="64,9,76,39,31,20,81,130,118,116,5,75,25"/><U41/><E30/><V65/><F73/><W28/><G130/><N who="2" m="49673" /><F117/><N who="3" m="45163" /><G39/><T43/><D113/><U125/><E33/><V79/><F1/><N who="3" m="175" /><G64/><T72/><D2/><U23/><E125/><V122/><F122/><W95/><G95/><T57/><D72/><U71/><E71/><V3/><F3/><W26/><G26/><T119/><D134/><U40/><E11/><N who="2" m="4223" /><F110/><W15/><G15/><T128/><D119/><U34/><E34/><V66/><F79/><W38/><G38/><T37/><D32/><U91/><E111/><V58/><F85/><W27/><G27/><T51/><D35/><U49/><E91/><V54/><F54/><W46/><G46/><T121/><D87/><U67/><E67/><V74/><F74/><W68/><G68/><AGARI ba="0,0" hai="58,60,61,65,66,68,101,102" m="4223,49673" machi="68" ten="30,1000,0" yaku="19,1" doraHai="36" who="2" fromWho="3" sc="224,0,237,0,237,10,302,-10" /><INIT seed="2,0,0,1,4,94" ten="224,237,247,292" oya="2" hai0="114,16,101,96,31,56,32,78,126,93,30,71,26" hai1="1,43,89,70,77,118,29,15,59,4,63,105,22" hai2="20,2,107,79,66,109,10,34,52,11,51,44,62" hai3="86,74,9,57,3,23,60,17,76,87,104,42,92"/><V37/><F34/><W48/><G104/><T103/><D114/><U21/><E105/><V33/><F33/><W27/><G74/><T113/><D71/><U108/><E70/><V67/><F107/><W124/><G124/><T111/><D113/><U14/><E108/><V6/><F37/><W47/><G76/><T135/><D111/><U35/><E35/><V116/><F116/><W81/><G81/><T13/><D126/><U18/><E77/><V75/><F109/><W84/><G3/><T117/><D117/><U98/><E118/><V73/><F79/><W115/><G9/><T12/><D31/><U72/><E72/><V68/><F67/><W28/><G115/><T24/><D13/><U53/><E43/><V36/><F20/><W125/><G125/><T80/><D56/><U133/><E133/><V39/><F39/><W83/><G83/><T7/><D7/><U100/><E100/><V5/><REACH who="2" step="1"/><F36/><REACH who="2" ten="224,237,237,292" step="2"/><W50/><G27/><T134/><D26/><U49/><E22/><V106/><F106/><W122/><G23/><T97/><D135/><U45/><E29/><V64/><F64/><W19/><G28/><T46/><D134/><U121/><E121/><V88/><F88/><W38/><G122/><T119/><D119/><U25/><E25/><V61/><F61/><W99/><G38/><T41/><D24/><U69/><E63/><V130/><F130/><W128/><G128/><T110/><D30/><U91/><E91/><V55/><F55/><N who="3" m="31975" /><G60/><T95/><D110/><U82/><E21/><V65/><F65/><W85/><N who="3" m="21504" /><DORA hai="58" /><W0/><G0/><AGARI ba="0,1" hai="0,2,5,6,10,11,44,51,52,62,66,68,73,75" machi="0" ten="30,18000,2" yaku="1,1,6,1,7,1,9,1,52,1,54,1,53,0" doraHai="94,58" doraHaiUra="120,112" who="2" fromWho="3" sc="224,0,237,0,237,190,292,-180" /><INIT seed="2,1,0,0,3,53" ten="224,237,427,112" oya="2" hai0="103,100,76,38,74,77,79,69,50,120,117,87,101" hai1="33,89,19,54,75,97,37,106,22,102,2,135,18" hai2="110,46,91,94,30,88,48,47,114,83,31,17,123" hai3="16,107,70,130,58,84,35,7,63,25,34,71,95"/><V78/><F114/><W113/><G107/><T24/><D69/><U96/><E135/><V104/><F104/><W8/><G113/><T92/><D38/><U11/><E37/><V28/><F123/><W80/><G130/><T132/><D24/><U65/><E33/><V124/><F124/><W93/><G71/><T116/><D50/><U128/><E128/><V10/><F110/><W36/><G70/><T29/><D29/><U126/><E126/><V1/><F94/><W115/><G36/><T57/><D57/><U98/><E75/><V13/><F1/><W43/><G43/><T51/><D51/><U56/><E65/><V26/><F26/><W21/><G35/><T119/><D132/><U60/><E89/><V133/><F133/><W66/><G34/><T5/><D5/><U3/><E18/><V121/><F121/><W40/><G40/><T59/><D59/><U99/><REACH who="1" step="1"/><E11/><REACH who="1" ten="224,227,427,112" step="2"/><V125/><F125/><W67/><G66/><T41/><D120/><U0/><E0/><V73/><REACH who="2" step="1"/><F47/><REACH who="2" ten="224,227,417,112" step="2"/><W42/><G115/><T72/><D41/><AGARI ba="1,2" hai="10,13,17,28,30,31,41,46,48,73,78,83,88,91" machi="41" ten="40,12000,1" yaku="1,1,2,1,54,1,53,1" doraHai="53" doraHaiUra="12" who="2" fromWho="0" sc="224,-123,227,0,417,143,112,0" /><INIT seed="2,2,0,1,5,50" ten="101,227,560,112" oya="2" hai0="111,20,4,105,34,12,103,54,80,63,120,106,30" hai1="102,26,9,89,44,128,84,73,41,3,70,21,22" hai2="130,35,114,126,93,45,77,47,75,122,134,82,53" hai3="85,31,0,38,25,24,16,10,101,46,8,52,55"/><V107/><F107/><W58/><G0/><T90/><D120/><U92/><E128/><V51/><F114/><W67/><G38/><T19/><D111/><U5/><E73/><V88/><F122/><W32/><G32/><T113/><D113/><U100/><E70/><V119/><F119/><W95/><G67/><T28/><D34/><U36/><E21/><V121/><F121/><W133/><G133/><T7/><D106/><U15/><E3/><V48/><F35/><W91/><G101/><T83/><D105/><U13/><E13/><V66/><F126/><W115/><G115/><T124/><D124/><U23/><E23/><V129/><F66/><W72/><G72/><T27/><D103/><U135/><E135/><V60/><F60/><N who="3" m="35911" /><G31/><AGARI ba="2,0" hai="5,9,15,22,26,31,36,41,44,84,89,92,100,102" machi="31" ten="30,1000,0" yaku="7,1" doraHai="50" who="1" fromWho="3" sc="101,0,227,16,560,0,112,-16" /><INIT seed="3,0,0,5,4,86" ten="101,243,560,96" oya="3" hai0="67,107,125,38,111,109,103,23,14,80,70,54,101" hai1="55,17,126,18,13,7,8,85,79,24,48,73,122" hai2="40,52,59,114,123,33,105,61,83,128,77,57,32" hai3="131,3,76,29,78,91,119,90,134,93,58,44,88"/><W22/><G119/><T66/><D38/><U10/><E73/><V89/><F114/><W100/><G3/><T42/><D125/><U121/><E126/><V92/><F105/><W16/><G131/><T72/><D42/><U108/><E108/><N who="0" m="41545" /><D70/><U37/><E37/><V133/><F123/><W135/><G29/><T102/><D107/><U104/><E104/><V81/><F133/><N who="3" m="50699" /><G44/><T87/><D72/><U98/><E98/><V117/><F117/><W68/><G68/><T110/><D54/><U132/><E132/><V65/><F128/><W4/><G4/><T9/><N who="0" m="41553" /><T49/><DORA hai="26" /><D49/><U46/><E18/><V45/><F32/><W74/><G74/><T84/><D23/><U82/><E24/><V51/><F33/><W20/><G58/><T12/><D87/><U120/><E120/><V71/><F77/><N who="3" m="29803" /><G16/><N who="0" m="8207" /><D14/><AGARI ba="0,0" hai="7,8,10,13,14,17,46,48,55,79,82,85,121,122" machi="14" ten="30,1000,0" yaku="7,1" doraHai="86,26" who="1" fromWho="0" sc="101,-10,243,10,560,0,96,0" owari="91,-40.9,253,5.3,560,66.0,96,-30.4" /></mjloggm>