<mjloggm ver="2.3"><GO type="225" lobby="0"/><UN n0="%4D%50%43%32%38%30%30" n1="%72%65%6E%6B%75%6E" n2="%E3%81%A9%E3%82%8F%E3%82%93%E3%81%94" n3="%77%72%77%72%77%72%77%72" dan="16,17,16,16" rate="2153.01,2213.58,2110.94,2252.78" sx="M,M,M,M"/><TAIKYOKU oya="0"/><INIT seed="0,0,0,4,2,19" ten="250,250,250,250" oya="0" hai0="80,4,45,108,27,134,74,130,85,119,14,41,11" hai1="39,60,115,133,132,6,70,32,51,97,109,89,17" hai2="2,20,55,105,68,116,125,92,53,69,120,42,98" hai3="75,102,38,71,86,72,56,83,25,23,107,65,67"/><T40/><D119/><U82/><E32/><V16/><F120/><W24/><G38/><T8/><D134/><U61/><E39/><V13/><F105/><W63/><G107/><T59/><D130/><U95/><E115/><V123/><F116/><W114/><G114/><T26/><D74/><U54/><E109/><V35/><F2/><W12/><G102/><T106/><D106/><U52/><E6/><V10/><F35/><W3/><G3/><T22/><D108/><U1/><E1/><V47/><F123/><W110/><G110/><T73/><D73/><U62/><E70/><V76/><F76/><W49/><G12/><N who="0" m="5127" /><D59/><U121/><E121/><V5/><F125/><W28/><G65/><T126/><D126/><U111/><E111/><V15/><F69/><W48/><G48/><N who="0" m="26663" /><D22/><U29/><E29/><V93/><F68/><W88/><REACH who="3" step="1"/><G25/><REACH who="3" ten="250,250,250,240" step="2"/><T0/><D0/><U81/><E132/><V33/><F15/><W57/><G57/><T128/><D128/><U124/><E133/><V78/><F13/><W50/><G50/><T99/><D27/><U46/><E124/><V84/><F47/><W127/><G127/><T66/><D66/><U100/><E100/><V30/><F42/><W94/><G94/><T118/><D118/><U91/><E51/><V101/><F93/><W129/><G129/><T96/><D41/><U79/><E46/><V44/><F44/><W7/><G7/><N who="0" m="3455" /><D26/><U87/><E81/><N who="2" m="47159" /><F5/><W58/><G58/><T64/><D64/><U18/><E60/><V104/><F104/><W113/><G113/><T37/><D37/><U90/><E62/><RYUUKYOKU ba="0,1" sc="250,15,250,-15,250,-15,240,15" hai0="80,85,96,99" hai3="23,24,28,49,56,63,67,71,72,75,83,86,88" /><INIT seed="0,1,1,5,2,13" ten="265,235,235,255" oya="0" hai0="127,100,22,85,112,121,42,117,106,62,33,122,70" hai1="71,111,76,126,15,97,109,40,58,36,7,19,32" hai2="26,82,57,103,90,24,101,129,118,115,9,21,27" hai3="43,96,84,56,93,81,5,110,74,50,54,0,69"/><T68/><D33/><U104/><E71/><V124/><F115/><W46/><G110/><N who="1" m="41994" /><E32/><V134/><F129/><W29/><G69/><T73/><D73/><U14/><E76/><V11/><F134/><W102/><G74/><T4/><D112/><U35/><E35/><V95/><F124/><W49/><G29/><T17/><D117/><U75/><E75/><V135/><F82/><W128/><G128/><T2/><D127/><U1/><E58/><V99/><F135/><W52/><G0/><T131/><D131/><U44/><E126/><V38/><F38/><W79/><REACH who="3" step="1"/><G5/><REACH who="3" ten="265,235,235,245" step="2"/><T120/><D70/><U130/><E130/><V37/><F118/><W83/><G83/><T86/><D2/><U87/><E1/><V25/><F37/><W125/><G125/><T47/><D4/><U12/><E7/><V34/><F34/><W105/><G105/><T133/><D133/><U63/><E87/><V48/><F9/><W41/><AGARI ba="1,2" hai="41,43,46,49,50,52,54,56,79,81,84,93,96,102" machi="41" ten="30,7900,0" yaku="1,1,0,1,8,1,54,1,53,0" doraHai="13" doraHaiUra="114" who="3" fromWho="3" sc="265,-40,235,-21,235,-21,245,102" /><INIT seed="1,0,0,3,3,5" ten="225,214,214,347" oya="1" hai0="6,39,14,113,127,112,64,135,124,35,9,41,130" hai1="24,75,81,132,46,93,53,68,8,31,90,1,54" hai2="19,23,13,104,12,101,59,47,4,89,38,69,55" hai3="78,131,52,114,96,62,36,109,134,99,103,51,126"/><U88/><E68/><V77/><F69/><W123/><G114/><N who="0" m="44139" /><D39/><U94/><E132/><V63/><F77/><W125/><G123/><T37/><D135/><U128/><E128/><V45/><F38/><W10/><G109/><T20/><D35/><U65/><E65/><V2/><F2/><W82/><G36/><T43/><D64/><U106/><E106/><V56/><F104/><W71/><G131/><T49/><D37/><U61/><E61/><V115/><F101/><W100/><G62/><T18/><D49/><U122/><E75/><V17/><F4/><W67/><G67/><T133/><D133/><U15/><E1/><V121/><F121/><W105/><G71/><T3/><D43/><U33/><E81/><V28/><F28/><W48/><G10/><N who="0" m="2399" /><D41/><U102/><E102/><V117/><F117/><W58/><G48/><T98/><D98/><U76/><E76/><V27/><F115/><W84/><G134/><T95/><D95/><U73/><E122/><V91/><F59/><W29/><G29/><T116/><D116/><U129/><E129/><V87/><F47/><W111/><G111/><T11/><D130/><U32/><E32/><V44/><F45/><W92/><AGARI ba="0,0" hai="51,52,58,78,82,84,92,96,99,100,103,105,125,126" machi="92" ten="30,2000,0" yaku="0,1,54,1" doraHai="5" who="3" fromWho="3" sc="225,-5,214,-10,214,-5,347,20" /><INIT seed="2,0,0,5,5,5" ten="220,204,209,367" oya="2" hai0="120,55,23,51,81,125,44,71,52,94,54,6,4" hai1="115,26,134,73,116,86,74,7,67,30,96,32,92" hai2="22,130,132,123,129,101,85,35,60,83,108,21,48" hai3="53,41,102,113,88,47,3,66,76,131,20,128,93"/><V14/><F123/><W103/><G3/><T121/><D125/><U126/><E116/><V38/><F35/><W0/><G0/><T95/><D71/><U11/><E115/><V16/><F38/><W59/><G66/><T65/><D65/><U13/><E126/><V12/><F132/><W25/><G76/><T90/><D120/><U100/><E134/><V40/><F101/><W57/><G57/><T64/><D64/><U69/><REACH who="1" step="1"/><E86/><REACH who="1" ten="220,194,209,367" step="2"/><V70/><F108/><W2/><G113/><T15/><D121/><U118/><E118/><V61/><F70/><W106/><G131/><N who="2" m="50185" /><F85/><W43/><G128/><T98/><D81/><U91/><E91/><V77/><F83/><W110/><G88/><T72/><D72/><U124/><E124/><V84/><F84/><W114/><G114/><T24/><D90/><U28/><E28/><V135/><F77/><W37/><G110/><T10/><D98/><U36/><E36/><V42/><F135/><W34/><G37/><T63/><D63/><AGARI ba="0,1" hai="7,11,13,26,30,32,63,67,69,73,74,92,96,100" machi="63" ten="40,5200,0" yaku="1,1,52,1,53,1" doraHai="5" doraHaiUra="58" who="1" fromWho="0" sc="220,-52,194,62,209,0,367,0" /><INIT seed="3,0,0,5,4,40" ten="168,256,209,367" oya="3" hai0="41,36,17,92,86,88,103,106,126,105,46,93,19" hai1="23,42,107,101,26,31,57,65,135,53,69,125,115" hai2="3,74,16,124,37,58,104,10,85,27,130,5,63" hai3="132,75,108,133,68,52,2,80,13,4,24,95,18"/><W20/><G68/><T1/><D1/><U60/><E115/><V83/><F104/><W117/><G117/><T99/><D126/><U14/><E125/><V33/><F74/><W90/><G108/><T89/><REACH who="0" step="1"/><D106/><REACH who="0" ten="158,256,209,367" step="2"/><U59/><E135/><V82/><F124/><W66/><G2/><T113/><D113/><U91/><E107/><V25/><F3/><W38/><G133/><T121/><D121/><U11/><E101/><V120/><F120/><W43/><G132/><T94/><D94/><U29/><E69/><V21/><F130/><W97/><G95/><T7/><D7/><N who="1" m="3455" /><E91/><V123/><F5/><W28/><G4/><T35/><D35/><U30/><E42/><V72/><F123/><W44/><G90/><T12/><D12/><U15/><E15/><V134/><F33/><W109/><G13/><T22/><D22/><U116/><E116/><V122/><F21/><W79/><G20/><T49/><D49/><AGARI ba="0,1" hai="23,26,29,30,31,49,53,57,59,60,65" m="3455" machi="49" ten="30,1000,0" yaku="8,1" doraHai="40" who="1" fromWho="0" sc="158,-10,256,20,209,0,367,0" owari="148,-35.2,276,7.6,209,-19.1,367,46.7" /></mjloggm>