<mjloggm ver="2.3"><GO type="225" lobby="0"/><UN n0="%E3%83%A9%E3%83%BC%E3%83%A1%E3%83%B3%E4%BA%94%E9%83%8E" n1="%E3%83%81%E3%83%AF%E3%83%AF%E9%9A%8A%E9%95%B7" n2="%E7%89%B9%E6%9D%B1%E3%81%AF%E4%B8%96%E7%95%8C%E3%82%92%E6%95%91%E3%81%86" n3="%E3%81%AF%E3%82%88%E3%81%8A%E3%81%98%E3%81%95%E3%82%93" dan="16,17,16,17" rate="2127.74,2149.25,2167.09,2137.68" sx="M,M,M,M"/><TAIKYOKU oya="0"/><INIT seed="0,0,0,4,4,69" ten="250,250,250,250" oya="0" hai0="52,21,32,102,31,68,131,27,126,107,37,24,9" hai1="6,3,70,72,2,94,59,132,19,91,116,23,117" hai2="130,99,62,106,43,114,123,76,101,4,34,80,28" hai3="77,135,18,129,127,48,41,125,22,42,83,122,49"/><T17/><D126/><N who="3" m="48137" /><G129/><T12/><D131/><U98/><E70/><V56/><F130/><W38/><G135/><T65/><D107/><U96/><E72/><V64/><F123/><W11/><G11/><T79/><D102/><U67/><E132/><V35/><F114/><W61/><G61/><T60/><D79/><U15/><E96/><V20/><F4/><W97/><G97/><T118/><D118/><U105/><E105/><V53/><F43/><N who="3" m="16395" /><G122/><T36/><REACH who="0" step="1"/><D52/><REACH who="0" ten="240,250,250,250" step="2"/><U92/><E117/><V84/><F53/><W14/><G38/><T109/><D109/><U121/><E116/><V73/><F73/><AGARI ba="0,1" hai="14,18,22,48,49,73,77,83" m="16395,48137" machi="73" ten="30,1000,0" yaku="18,1" doraHai="69" who="3" fromWho="2" sc="240,0,250,0,250,-10,250,20" /><INIT seed="1,0,0,4,5,40" ten="240,250,240,270" oya="1" hai0="83,89,4,21,57,113,79,115,88,58,39,125,62" hai1="129,27,119,134,55,95,11,90,84,56,75,54,0" hai2="34,106,35,33,8,42,65,81,85,112,49,99,6" hai3="82,36,18,80,133,9,28,47,31,20,37,64,108"/><U111/><E119/><V124/><F124/><W104/><G104/><T77/><D39/><U53/><E75/><V109/><F109/><W107/><G107/><T74/><D125/><U46/><E111/><V22/><F65/><W1/><G108/><T122/><D122/><U93/><E129/><V116/><F116/><W26/><G64/><T30/><D4/><U59/><E134/><V98/><F112/><W86/><G80/><T71/><D71/><U128/><E128/><V50/><F22/><W117/><G133/><T72/><D57/><N who="1" m="22091" /><E0/><V130/><F130/><W70/><G70/><T7/><D7/><U38/><E38/><V69/><F69/><W67/><G67/><T76/><D76/><U127/><E127/><V94/><F106/><W118/><G37/><T15/><D115/><U17/><E95/><V16/><F16/><W52/><G1/><T61/><D113/><U19/><E19/><V92/><F92/><W101/><G101/><T103/><D103/><U60/><E60/><V3/><F42/><W24/><G26/><N who="0" m="16719" /><D15/><N who="1" m="7423" /><E27/><V123/><F123/><W14/><G28/><T96/><D62/><U91/><E91/><V12/><F3/><W63/><G36/><T5/><D5/><U2/><E2/><V66/><F66/><W44/><G118/><T41/><D74/><U78/><E78/><N who="2" m="46263" /><F94/><W29/><G31/><T135/><D135/><U102/><E102/><V48/><F35/><W10/><G9/><T32/><D32/><U120/><E120/><V97/><F34/><W45/><G117/><T51/><D79/><U68/><E68/><V132/><F132/><RYUUKYOKU ba="0,0" sc="240,-15,250,15,240,15,270,-15" hai1="46,53,54,55,84,90,93" hai2="6,8,12,33,48,49,50,97,98,99" /><INIT seed="1,1,0,5,0,27" ten="225,265,255,255" oya="1" hai0="62,40,110,112,60,119,123,57,105,70,78,58,71" hai1="100,99,46,116,130,34,51,14,128,59,102,124,24" hai2="94,98,5,101,111,28,127,45,72,81,96,75,15" hai3="66,86,8,77,13,39,134,31,49,87,38,73,36"/><U19/><E116/><V35/><F111/><W16/><G134/><T121/><D105/><U54/><E124/><V1/><F127/><W6/><G66/><N who="0" m="39183" /><D78/><U135/><E135/><V2/><F15/><W21/><G31/><T129/><D119/><U65/><E65/><V32/><F45/><W41/><G73/><T30/><D112/><U108/><E108/><V61/><F61/><W126/><G126/><T50/><D30/><N who="1" m="19783" /><E59/><V80/><F94/><W4/><G4/><T26/><D26/><U33/><E99/><V0/><F5/><W88/><G77/><T95/><D95/><U114/><E33/><N who="2" m="12875" /><F101/><W52/><G41/><T82/><D82/><N who="2" m="31850" /><F28/><W113/><G88/><T85/><D85/><U23/><E114/><V25/><F25/><W133/><G133/><T107/><D107/><U20/><E20/><V17/><F17/><W91/><G91/><T109/><D129/><AGARI ba="1,0" hai="14,19,23,46,51,54,100,102,128,129,130" m="19783" machi="129" ten="30,2900,0" yaku="19,1,52,1" doraHai="27" who="1" fromWho="0" sc="225,-32,265,32,255,0,255,0" /><INIT seed="1,2,0,3,0,4" ten="193,297,255,255" oya="1" hai0="75,121,39,124,69,125,81,95,132,127,26,37,114" hai1="106,110,87,14,120,93,8,49,42,64,40,44,96" hai2="19,30,52,80,36,73,131,7,16,29,6,102,105" hai3="25,82,94,21,15,88,35,99,71,32,90,61,55"/><U1/><E120/><V117/><F117/><W20/><G71/><T48/><D114/><U89/><E1/><V11/><F36/><W13/><G32/><T38/><D121/><U33/><E33/><V123/><F123/><W113/><G113/><T76/><D69/><U111/><E64/><V112/><F112/><W84/><G35/><T83/><D95/><U67/><E67/><V100/><F131/><W78/><G21/><T74/><D48/><U72/><E72/><V50/><F73/><W77/><G55/><T12/><D12/><N who="3" m="4681" /><G61/><T135/><REACH who="0" step="1"/><D26/><REACH who="0" ten="183,297,255,255" step="2"/><U115/><E115/><V57/><F105/><W104/><G104/><T27/><D27/><U58/><E106/><V31/><F80/><W62/><G62/><T53/><D53/><U79/><E93/><V66/><F66/><W134/><G134/><T133/><D133/><U85/><E49/><V109/><F109/><W24/><G25/><T119/><D119/><U130/><E111/><V128/><F128/><W45/><G45/><T108/><D108/><U59/><E44/><V92/><F92/><W41/><G41/><T2/><D2/><U86/><E40/><V22/><F50/><W56/><G56/><T43/><D43/><U51/><E110/><V122/><F122/><W60/><G60/><T70/><D70/><U118/><E42/><V18/><F52/><W101/><G101/><T63/><D63/><U23/><E58/><V68/><F57/><W65/><G65/><T5/><D5/><N who="2" m="1546" /><F68/><W103/><G103/><N who="2" m="39465" /><F11/><W47/><G47/><T54/><D54/><N who="1" m="32223" /><E118/><V98/><F98/><W3/><G3/><RYUUKYOKU ba="2,1" sc="183,10,297,-30,255,10,255,10" hai0="37,38,39,74,75,76,81,83,124,125,127,132,135" hai2="16,18,19,22,29,30,31" hai3="20,24,77,78,82,84,88,90,94,99" /><INIT seed="2,3,1,4,4,20" ten="193,267,265,265" oya="2" hai0="106,1,120,116,105,30,10,17,78,122,4,50,69" hai1="86,127,129,118,108,13,99,22,21,62,9,124,70" hai2="35,131,68,80,133,121,2,5,8,34,38,84,132" hai3="26,36,119,79,104,31,14,32,102,6,11,115,81"/><V40/><F121/><W103/><G119/><T33/><D69/><U111/><E118/><V117/><F117/><W24/><G36/><T45/><D116/><U53/><E129/><V107/><F68/><W16/><G115/><T25/><D78/><U74/><E74/><V75/><F107/><W109/><G109/><N who="1" m="42058" /><E86/><V55/><F131/><W58/><G104/><T126/><D126/><N who="1" m="48171" /><E99/><V60/><F75/><W63/><G24/><T110/><D110/><U57/><E70/><V96/><F96/><W18/><G102/><T91/><D122/><U65/><E65/><V87/><F87/><W92/><G92/><T134/><D120/><U123/><E123/><V77/><F84/><W100/><G100/><T51/><D134/><U93/><E93/><V130/><F77/><W42/><G42/><T94/><D17/><AGARI ba="3,1" hai="9,13,17,21,22,53,57,62" m="48171,42058" machi="17" ten="30,2000,0" yaku="14,1,18,1" doraHai="20" who="1" fromWho="0" sc="193,-29,267,39,265,0,265,0" /><INIT seed="3,0,0,0,2,19" ten="164,306,265,265" oya="3" hai0="8,18,45,128,52,64,78,17,1,105,84,111,110" hai1="94,97,117,130,79,26,127,113,80,115,86,3,121" hai2="131,135,87,89,6,27,2,10,109,85,40,129,93" hai3="51,66,57,68,112,21,36,9,61,120,49,34,37"/><W53/><G112/><N who="1" m="43082" /><E3/><V15/><F109/><W123/><G34/><T92/><D105/><U76/><E26/><V41/><F135/><W4/><G21/><T104/><D104/><U48/><E48/><V62/><F2/><W29/><G29/><T50/><D128/><N who="2" m="49226" /><F62/><W13/><REACH who="3" step="1"/><G49/><REACH who="3" ten="164,306,265,255" step="2"/><T99/><D110/><U134/><E130/><V14/><F27/><W5/><G5/><T114/><D111/><U46/><E134/><V11/><F87/><W90/><G90/><T65/><D114/><U133/><E133/><V118/><F118/><W60/><G60/><T63/><D8/><U88/><E117/><V116/><F116/><W67/><G67/><T35/><D35/><U23/><E86/><V28/><F28/><W16/><G16/><AGARI ba="0,1" hai="6,10,11,14,15,16,40,41,85,89,93" m="49226" machi="16" ten="30,2000,0" yaku="19,1,54,1" doraHai="19" who="2" fromWho="3" sc="164,0,306,0,265,30,255,-20" owari="164,-33.6,306,40.6,295,9.5,235,-16.5" /></mjloggm>