<mjloggm ver="2.3"><GO type="225" lobby="0"/><UN n0="%E3%81%BF%E3%81%BF%E3%81%9A" n1="%E3%81%A8%E3%82%93%E3%81%A8%E3%81%93%E3%81%A8%E3%82%93" n2="%72%65%6E%6B%75%6E" n3="%77%72%77%72%77%72%77%72" dan="16,16,17,16" rate="2113.07,2164.77,2266.59,2196.45" sx="M,F,M,M"/><TAIKYOKU oya="0"/><INIT seed="0,0,0,3,0,127" ten="250,250,250,250" oya="0" hai0="0,30,33,121,135,110,118,106,97,134,16,36,95" hai1="29,74,66,83,70,104,58,61,72,67,133,90,44" hai2="120,112,80,42,129,32,26,89,103,93,131,56,5" hai3="17,79,130,7,10,73,12,114,55,107,69,126,101"/><T21/><D118/><U37/><E104/><V11/><F112/><W46/><G114/><T48/><D121/><U77/><E133/><N who="0" m="50697" /><D36/><U71/><E29/><N who="2" m="19511" /><F42/><W27/><G126/><T123/><D123/><U31/><E31/><V40/><F40/><W87/><G69/><T105/><D0/><U125/><E125/><V60/><F120/><W128/><G73/><T51/><D30/><U84/><E67/><V68/><F68/><W8/><G101/><N who="0" m="60607" /><D33/><U45/><E72/><V15/><F80/><N who="3" m="47519" /><G107/><N who="0" m="40971" /><D110/><U117/><E117/><V124/><F124/><W132/><G132/><T43/><D43/><U111/><E111/><V23/><F103/><W64/><G64/><T19/><D19/><U41/><REACH who="1" step="1"/><E44/><REACH who="1" ten="250,240,250,250" step="2"/><V94/><F89/><W119/><G46/><T47/><D47/><U9/><E9/><V50/><F23/><N who="3" m="13807" /><G10/><T20/><D20/><U116/><E116/><V96/><F11/><W4/><G119/><T6/><D6/><U65/><E65/><V102/><F5/><W82/><G4/><T38/><D38/><U57/><E57/><V86/><F102/><W1/><G1/><T22/><D22/><U122/><E122/><V109/><F56/><W3/><G3/><T2/><D2/><U59/><E59/><V53/><F109/><W24/><G7/><T113/><D113/><U98/><E98/><V13/><F96/><W25/><G8/><T92/><D21/><U39/><E39/><V88/><F60/><W115/><G115/><T54/><D16/><U91/><E91/><N who="2" m="53495" /><F50/><N who="0" m="18986" /><D54/><U34/><E34/><V14/><F53/><W99/><G55/><T76/><D76/><RYUUKYOKU ba="0,1" sc="250,10,240,10,250,10,250,-30" hai0="92" hai1="37,41,45,58,61,66,70,71,74,77,83,84,90" hai2="13,14,15,88,94,129,131" /><INIT seed="0,1,1,5,1,102" ten="260,250,260,220" oya="0" hai0="70,7,0,113,117,16,45,106,99,122,47,107,25" hai1="27,131,82,60,95,98,2,121,5,18,6,34,78" hai2="13,74,49,29,58,105,32,100,126,9,14,135,44" hai3="109,30,15,39,89,119,20,123,96,54,19,41,42"/><T8/><D113/><U110/><E121/><V35/><F74/><W85/><G119/><T38/><D122/><U3/><E110/><V28/><F126/><W11/><G123/><T59/><D117/><U12/><E131/><V73/><F73/><W127/><G109/><T75/><D70/><U91/><E2/><V111/><F111/><W114/><G114/><T76/><D59/><U71/><E3/><V116/><F116/><W81/><G127/><T112/><D112/><U37/><E37/><V90/><F58/><W108/><G39/><T86/><D86/><U130/><E130/><V128/><F90/><W93/><G108/><T79/><D99/><U92/><E34/><V72/><F72/><W87/><G87/><T132/><D45/><U53/><E27/><V68/><F68/><W83/><G83/><N who="0" m="45471" /><D79/><U24/><E24/><V46/><F49/><W67/><G67/><T17/><D132/><U1/><E1/><V103/><F9/><W118/><G118/><T124/><D124/><U10/><E71/><V4/><F4/><W52/><G20/><N who="0" m="13447" /><D17/><U97/><E18/><V63/><F63/><W57/><G30/><T55/><D55/><N who="3" m="21033" /><G57/><T101/><D101/><AGARI ba="1,1" hai="11,15,19,41,42,81,85,89,93,96,101" m="21033" machi="101" ten="30,2000,0" yaku="8,1,54,1" doraHai="102" who="3" fromWho="0" sc="260,-23,250,0,260,0,220,33" /><INIT seed="1,0,0,5,0,106" ten="237,250,260,253" oya="1" hai0="124,18,91,82,112,39,97,7,15,34,16,130,133" hai1="68,84,44,22,134,67,4,75,3,96,14,58,63" hai2="121,21,9,92,24,32,23,90,98,94,45,128,116" hai3="55,74,78,102,20,27,73,62,95,30,26,12,87"/><U13/><E75/><V50/><F121/><W51/><G62/><T126/><D112/><U122/><E122/><V11/><F116/><W129/><G129/><T118/><D118/><U86/><E134/><V71/><F71/><W135/><G135/><T99/><D133/><U100/><E3/><V114/><F114/><W81/><G12/><T49/><D39/><U64/><E68/><V31/><F128/><W105/><G105/><T47/><D34/><U127/><E64/><V56/><F56/><W54/><G54/><T69/><D69/><U131/><E44/><V66/><F66/><W120/><G120/><T88/><D130/><U1/><E1/><V37/><F37/><W59/><REACH who="3" step="1"/><G27/><REACH who="3" ten="237,250,260,243" step="2"/><T65/><D65/><U33/><E131/><V6/><F11/><W25/><G25/><T10/><D124/><U119/><E127/><V117/><F117/><W103/><G103/><T101/><D126/><U52/><E119/><V93/><F23/><W8/><G8/><T132/><D132/><U72/><E52/><N who="2" m="29775" /><F32/><W125/><G125/><T115/><D115/><U48/><E33/><V2/><F2/><W38/><G38/><T111/><D111/><U40/><E22/><V5/><F9/><W43/><G43/><N who="0" m="24831" /><D101/><U42/><E100/><V109/><F109/><W29/><G29/><T53/><D53/><U108/><E108/><V77/><F5/><W76/><G76/><T61/><D61/><U46/><E4/><V0/><F77/><W113/><G113/><T80/><D7/><U70/><E40/><V41/><F41/><W36/><G36/><T60/><D60/><RYUUKYOKU ba="0,1" sc="237,-15,250,-15,260,15,243,15" hai2="0,6,21,24,31,90,92,93,94,98" hai3="20,26,30,51,55,59,73,74,78,81,87,95,102" /><INIT seed="2,1,1,3,4,123" ten="222,235,275,258" oya="2" hai0="3,62,125,101,35,114,42,91,56,120,80,55,27" hai1="75,97,85,103,72,48,81,107,53,41,95,109,73" hai2="23,57,119,131,96,2,51,31,33,1,92,60,40" hai3="111,108,112,106,30,78,76,121,99,26,47,118,65"/><V4/><F119/><W69/><G121/><T44/><D120/><U46/><E109/><N who="3" m="42058" /><G118/><T90/><D114/><U70/><E70/><V29/><F33/><N who="3" m="20695" /><G112/><T54/><D3/><U130/><E130/><V36/><F36/><W79/><G47/><T11/><D125/><U134/><E134/><V15/><F131/><W89/><G89/><T20/><D35/><U52/><REACH who="1" step="1"/><E107/><REACH who="1" ten="222,225,275,258" step="2"/><V32/><F32/><W116/><G116/><T113/><D113/><U67/><E67/><V28/><F28/><W64/><G69/><T17/><D101/><AGARI ba="1,2" hai="64,65,76,78,79,99,101,106" m="20695,42058" machi="101" ten="30,7700,0" yaku="14,1,52,3" doraHai="123" who="3" fromWho="0" sc="222,-80,225,0,275,0,258,100" /><INIT seed="3,0,0,2,3,58" ten="142,225,275,358" oya="3" hai0="123,20,66,42,133,1,37,5,7,72,59,74,19" hai1="121,117,69,43,116,71,26,40,23,25,114,82,100" hai2="11,105,2,103,79,36,29,130,113,120,0,126,76" hai3="57,46,107,13,125,110,102,44,3,86,118,80,65"/><W6/><G118/><T127/><D123/><U94/><E82/><V28/><F103/><W62/><G3/><T122/><D122/><U51/><E121/><V106/><F120/><W14/><G125/><T12/><D127/><U56/><E56/><V124/><F11/><W50/><G110/><T24/><D133/><U4/><E4/><V104/><F104/><W88/><G6/><T90/><D7/><U92/><E51/><V53/><F53/><W108/><G108/><T97/><D37/><U68/><E100/><V81/><F81/><W64/><G64/><T129/><D42/><U61/><E23/><V22/><F22/><W52/><G107/><T67/><D129/><U115/><E69/><V99/><F99/><W49/><G102/><T16/><D1/><U84/><E84/><V70/><F70/><W60/><G60/><AGARI ba="0,0" hai="25,26,40,43,60,61,68,71,92,94,114,115,116,117" machi="60" ten="25,6400,0" yaku="22,2,52,2" doraHai="58" who="1" fromWho="3" sc="142,0,225,64,275,0,358,-64" /><INIT seed="4,0,0,1,2,12" ten="142,289,275,294" oya="0" hai0="50,100,15,16,107,80,68,129,29,13,38,114,106" hai1="46,113,31,47,84,85,110,28,45,95,6,116,58" hai2="108,128,21,59,134,78,65,127,131,88,54,0,119" hai3="135,125,112,43,104,70,79,7,37,14,25,130,132"/><T3/><D38/><U22/><E113/><V8/><F108/><W120/><G104/><T5/><D68/><U123/><E123/><V71/><F78/><W30/><G70/><T124/><D114/><U61/><E116/><V111/><F111/><W11/><G112/><T4/><D3/><U91/><E110/><V49/><F119/><W73/><G120/><T122/><D122/><U81/><E6/><N who="2" m="1095" /><F71/><W75/><G130/><N who="2" m="49705" /><F65/><W69/><G69/><T42/><D129/><U27/><E31/><V99/><F21/><W67/><G67/><T89/><D29/><U92/><E85/><V77/><F77/><W44/><G125/><T60/><D124/><U66/><AGARI ba="0,0" hai="22,27,28,45,46,47,58,61,66,81,84,91,92,95" machi="66" ten="30,2000,0" yaku="0,1,8,1" doraHai="12" who="1" fromWho="1" sc="142,-10,289,20,275,-5,294,-5" owari="132,-36.8,309,40.9,270,-13.0,289,8.9" /></mjloggm>