<mjloggm ver="2.3"><GO type="225" lobby="0"/><UN n0="%45%6C%79%73%69%75%6D" n1="%72%65%6E%6B%75%6E" n2="%6B%79%6F%6E%6B%6F%31%31" n3="%E5%A4%96%E5%B7%9D%E7%AB%9C%E6%88%90" dan="18,17,17,16" rate="2145.83,2239.97,2184.62,2087.81" sx="F,M,M,M"/><TAIKYOKU oya="0"/><INIT seed="0,0,0,4,1,127" ten="250,250,250,250" oya="0" hai0="43,61,8,88,49,57,90,107,98,18,58,9,20" hai1="97,82,55,60,1,52,39,103,129,27,38,72,21" hai2="62,69,71,119,63,70,117,89,19,122,56,26,11" hai3="23,133,120,37,13,4,46,66,41,110,31,93,105"/><T40/><D107/><U35/><E1/><V22/><F122/><W33/><G105/><T10/><D98/><U86/><E72/><V101/><F101/><W112/><G112/><T75/><D75/><U53/><E35/><V111/><F111/><W2/><G110/><T36/><D36/><U104/><E60/><V48/><F89/><N who="0" m="34410" /><D49/><U131/><E86/><V50/><F63/><W54/><G66/><N who="0" m="39215" /><D58/><U109/><E82/><V3/><F3/><W0/><G37/><T12/><AGARI ba="0,0" hai="8,9,10,12,18,20,40,43" m="39215,34410" machi="12" ten="30,3000,0" yaku="8,1,54,1" doraHai="127" who="0" fromWho="0" sc="250,30,250,-10,250,-10,250,-10" /><INIT seed="0,1,0,4,4,31" ten="280,240,240,240" oya="0" hai0="54,129,127,90,85,63,27,94,33,8,20,64,50" hai1="120,66,60,55,36,24,4,116,2,6,134,12,114" hai2="81,103,23,71,132,61,52,0,130,62,108,104,43" hai3="17,58,119,39,110,112,57,125,102,87,76,48,65"/><T128/><D127/><U122/><E36/><V96/><F0/><W133/><G112/><T15/><D33/><U5/><E116/><V80/><F108/><W106/><G39/><T22/><D50/><U16/><E114/><V93/><F130/><N who="0" m="50282" /><D54/><U18/><E55/><V1/><F1/><W109/><G119/><T10/><D27/><U101/><E101/><V77/><F132/><W13/><G48/><T74/><D74/><U30/><E60/><V42/><F104/><W51/><G51/><T113/><D113/><U59/><E59/><V105/><F105/><W86/><G57/><N who="0" m="36975" /><D8/><N who="1" m="2071" /><E66/><V123/><F123/><N who="1" m="47145" /><E134/><V83/><F77/><W89/><G58/><T95/><D94/><U9/><E6/><AGARI ba="1,0" hai="6,10,15,20,22,85,90,95" m="36975,50282" machi="6" ten="30,1500,0" yaku="19,1" doraHai="31" who="0" fromWho="1" sc="280,18,240,-18,240,0,240,0" /><INIT seed="0,2,0,5,3,33" ten="298,222,240,240" oya="0" hai0="102,4,110,132,12,8,37,49,93,46,112,98,43" hai1="32,66,52,63,2,28,1,125,68,95,30,116,100" hai2="26,96,51,99,47,48,81,128,131,5,9,121,113" hai3="83,29,53,7,71,77,36,89,92,57,11,74,14"/><T69/><D112/><U34/><E116/><V85/><F121/><W20/><G71/><T115/><D115/><U58/><E125/><V123/><F123/><W21/><G36/><T16/><D132/><U97/><E32/><V6/><F26/><W44/><G44/><T130/><D69/><U118/><E118/><V126/><F126/><W122/><G29/><T106/><D130/><N who="2" m="49706" /><F5/><W104/><G104/><T54/><D110/><U91/><E91/><N who="2" m="51631" /><F113/><W50/><REACH who="3" step="1"/><G122/><REACH who="3" ten="298,222,240,230" step="2"/><T23/><D106/><U86/><E86/><AGARI ba="2,1" hai="7,11,14,20,21,50,53,57,74,77,83,86,89,92" machi="86" ten="30,3900,0" yaku="1,1,2,1,7,1,53,0" doraHai="33" doraHaiUra="31" who="3" fromWho="1" sc="298,0,222,-45,240,0,230,55" /><INIT seed="1,0,0,5,4,105" ten="298,177,240,285" oya="1" hai0="52,108,77,96,106,120,71,11,56,69,75,40,94" hai1="80,58,76,124,85,51,88,14,18,72,15,28,110" hai2="78,82,5,26,74,104,2,90,59,24,32,19,130" hai3="54,95,27,84,37,0,41,34,83,49,91,7,53"/><U112/><E124/><V125/><F125/><W10/><G37/><T70/><D106/><U61/><E112/><V129/><F104/><W81/><G41/><T38/><D108/><U63/><E110/><V8/><F90/><W121/><G121/><T13/><D120/><U17/><E28/><V103/><F103/><W48/><G27/><T117/><D117/><U123/><E123/><V73/><F59/><W133/><G133/><T109/><D109/><U98/><E98/><V64/><F64/><W43/><G43/><T44/><D77/><U122/><E122/><V60/><F60/><W47/><G34/><T30/><D30/><U1/><E1/><V114/><F114/><W101/><G101/><T42/><D42/><U45/><E45/><AGARI ba="0,0" hai="0,7,10,45,47,48,49,53,54,81,83,84,91,95" machi="45" ten="30,2000,0" yaku="7,1,9,1" doraHai="105" who="3" fromWho="1" sc="298,0,177,-20,240,0,285,20" /><INIT seed="2,0,0,0,0,35" ten="298,157,240,305" oya="2" hai0="105,133,88,129,39,12,95,110,97,79,82,34,40" hai1="73,56,18,59,25,20,43,26,93,74,90,1,3" hai2="106,84,52,8,128,14,63,120,130,4,33,72,17" hai3="127,58,104,57,28,118,112,50,109,78,15,80,44"/><V98/><F120/><W83/><G118/><T24/><D110/><U94/><E43/><V38/><F72/><W41/><G104/><T113/><D113/><U55/><E26/><V96/><F38/><W48/><G109/><T7/><D129/><N who="2" m="49770" /><F33/><W70/><G70/><T53/><D133/><U123/><E123/><V67/><F106/><W66/><G28/><T91/><D105/><U116/><E116/><V65/><F84/><W27/><G27/><T23/><D34/><U46/><E46/><V29/><F29/><W30/><G30/><T126/><D126/><U5/><E93/><V0/><F65/><W2/><G66/><T117/><D117/><U103/><E103/><V69/><F52/><W85/><G85/><T31/><D53/><U87/><E56/><V107/><F107/><W6/><G58/><T9/><D39/><U134/><E134/><V121/><F121/><W32/><G57/><T10/><D40/><U86/><E86/><V99/><F17/><W42/><G32/><T62/><D62/><U100/><E100/><V135/><F135/><W19/><G19/><T64/><D64/><U11/><REACH who="1" step="1"/><E1/><AGARI ba="0,0" hai="0,1,4,8,14,63,67,69,96,98,99" m="49770" machi="1" ten="30,5800,0" yaku="19,1,52,2" doraHai="35" who="2" fromWho="1" sc="298,0,157,-58,240,58,305,0" /><INIT seed="2,1,0,0,0,97" ten="298,99,298,305" oya="2" hai0="0,127,85,95,110,46,90,36,119,81,75,45,126" hai1="94,83,61,130,78,107,31,17,122,7,13,25,68" hai2="99,50,6,2,132,124,114,14,118,43,91,33,62" hai3="121,38,52,88,106,92,35,19,12,55,69,16,1"/><V77/><F114/><W9/><G121/><T60/><D0/><U53/><E130/><V112/><F112/><W8/><G106/><T49/><D110/><U23/><E122/><V10/><F118/><W63/><G38/><T82/><D119/><U117/><E117/><V111/><F33/><W73/><G73/><T30/><D30/><U66/><E107/><V28/><F28/><W84/><G35/><T41/><D60/><U123/><E123/><V74/><F111/><W129/><G129/><T105/><D105/><U29/><E53/><V128/><F128/><W58/><G69/><T86/><D75/><U115/><E115/><V15/><F132/><W93/><G1/><T26/><D26/><U131/><E131/><V59/><F124/><N who="0" m="47658" /><D85/><U5/><E94/><V44/><F99/><W65/><G93/><T4/><D4/><U135/><E29/><V20/><F91/><W67/><G67/><T56/><D56/><U47/><E47/><V51/><F51/><W89/><G89/><T27/><D27/><U18/><E18/><N who="3" m="6698" /><G8/><T57/><D57/><U39/><E39/><V40/><F20/><W104/><G104/><T133/><D133/><U24/><E24/><V64/><REACH who="2" step="1"/><F43/><AGARI ba="1,0" hai="36,41,43,45,46,49,81,82,86,90,95" m="47658" machi="43" ten="30,1000,0" yaku="18,1" doraHai="97" who="0" fromWho="2" sc="298,13,99,0,298,-13,305,0" /><INIT seed="3,0,0,5,1,50" ten="311,99,285,305" oya="3" hai0="56,76,9,17,42,134,58,2,108,117,83,123,110" hai1="63,29,93,99,112,36,116,91,52,12,90,24,104" hai2="5,41,15,70,68,81,67,84,31,132,97,87,129" hai3="102,74,46,130,57,111,53,8,25,101,30,37,133"/><W128/><G111/><N who="0" m="42539" /><D123/><U88/><E36/><V122/><F122/><W54/><G133/><T95/><D117/><U38/><E38/><V126/><F132/><W124/><G124/><T106/><D106/><U19/><E112/><V89/><F126/><W51/><G74/><N who="0" m="43415" /><D134/><U131/><E131/><N who="3" m="50218" /><G8/><T0/><D42/><U66/><E66/><V16/><F129/><W35/><G37/><T7/><D0/><U3/><E3/><V4/><F41/><W118/><G118/><T114/><D114/><U10/><E104/><V21/><F97/><W82/><G82/><T105/><D105/><U96/><E96/><V113/><F113/><W92/><G92/><T86/><D17/><U59/><REACH who="1" step="1"/><E116/><REACH who="1" ten="311,89,285,305" step="2"/><V13/><F67/><W72/><G72/><T78/><D78/><U40/><E40/><V27/><F87/><W121/><G121/><T85/><D85/><U73/><E73/><V26/><F68/><W45/><G45/><T100/><D86/><U65/><E65/><V28/><F70/><W11/><G11/><T18/><D18/><U62/><E62/><AGARI ba="0,1" hai="25,30,35,46,51,53,54,57,62,101,102" m="50218" machi="62" ten="30,5800,0" yaku="19,1,52,2" doraHai="50" who="3" fromWho="1" sc="311,0,89,-58,285,0,305,68" owari="311,11.1,31,-46.9,285,-11.5,373,47.3" /></mjloggm>