<mjloggm ver="2.3"><GO type="225" lobby="0"/><UN n0="%72%69%6F%75%63%68%61%6E" n1="%E3%81%AE%E3%81%82%E3%83%9E%E3%82%B9%E3%82%BF%E3%83%BC%30%31" n2="%E7%99%BD%E6%97%A5%E9%9B%AA%E8%8F%9C" n3="%E6%9D%B1%E9%A2%A8%E3%81%AE%E3%81%8D%E3%82%83%E3%81%B7%E3%81%95%E3%82%93" dan="16,17,17,17" rate="2174.67,2175.23,2219.82,2223.57" sx="M,M,M,M"/><TAIKYOKU oya="0"/><INIT seed="0,0,0,4,2,90" ten="250,250,250,250" oya="0" hai0="85,44,48,47,42,110,127,12,73,116,133,80,51" hai1="103,1,125,108,96,79,3,88,124,119,61,113,14" hai2="76,92,39,50,38,59,34,117,111,121,112,17,26" hai3="13,106,11,100,10,94,24,37,18,77,0,89,101"/><T62/><D116/><U28/><E119/><V70/><F117/><W23/><G37/><T130/><D127/><N who="1" m="48715" /><E79/><V60/><F112/><W93/><G106/><T104/><D130/><U30/><E113/><V122/><F111/><W132/><G132/><T68/><D133/><U2/><E108/><V102/><F70/><W134/><G134/><T55/><D110/><U36/><E36/><V118/><F118/><W29/><G77/><T131/><D131/><U22/><E61/><V126/><F126/><W53/><G53/><T27/><D104/><N who="1" m="63591" /><E88/><V67/><F76/><W123/><G123/><T9/><D73/><U33/><E33/><V74/><F74/><W57/><G57/><T82/><D85/><U4/><E22/><V20/><F38/><W109/><G109/><T16/><REACH who="0" step="1"/><D27/><REACH who="0" ten="240,250,250,250" step="2"/><U31/><E14/><V52/><F121/><W84/><G0/><T56/><D56/><U41/><E1/><V75/><F122/><W95/><G10/><T114/><D114/><U86/><E86/><V5/><F75/><W69/><G69/><T135/><D135/><U15/><E2/><V19/><F26/><W21/><G11/><T64/><AGARI ba="0,1" hai="9,12,16,42,44,47,48,51,55,62,64,68,80,82" machi="64" ten="30,12000,1" yaku="1,1,0,1,54,1,53,2" doraHai="90" doraHaiUra="46" who="0" fromWho="0" sc="240,130,250,-40,250,-40,250,-40" /><INIT seed="0,1,0,2,5,112" ten="370,210,210,210" oya="0" hai0="36,122,103,42,22,127,37,0,110,68,29,48,60" hai1="105,118,104,123,131,31,92,67,85,69,86,89,98" hai2="91,62,15,124,6,18,8,38,132,63,76,7,94" hai3="26,55,57,102,100,9,87,59,109,11,47,125,65"/><T133/><D122/><U64/><E123/><V40/><F124/><W107/><G109/><T1/><D103/><N who="3" m="39465" /><G107/><T44/><D127/><U35/><E131/><V3/><F76/><W88/><G125/><T111/><D133/><U53/><E118/><V120/><F120/><W128/><G128/><T34/><D22/><U39/><E39/><V70/><F132/><W99/><G99/><T49/><D48/><U119/><E119/><V20/><F6/><W19/><G47/><T17/><D17/><U84/><E53/><V45/><REACH who="2" step="1"/><F70/><REACH who="2" ten="370,210,200,210" step="2"/><W78/><G78/><T24/><D68/><U130/><E130/><V80/><F80/><N who="3" m="49255" /><G65/><T81/><D81/><U113/><E113/><V106/><F106/><W134/><G134/><T25/><D111/><U23/><E67/><V83/><F83/><W96/><G96/><AGARI ba="1,1" hai="3,7,8,15,18,20,38,40,45,62,63,91,94,96" machi="96" ten="30,2000,0" yaku="1,1,7,1,53,0" doraHai="112" doraHaiUra="101" who="2" fromWho="3" sc="370,0,210,0,200,33,210,-23" /><INIT seed="1,0,0,5,4,5" ten="370,210,233,187" oya="1" hai0="46,11,128,19,63,133,31,122,74,77,41,106,42" hai1="56,32,52,17,88,107,44,15,91,4,12,76,119" hai2="18,103,6,110,35,58,131,93,23,80,90,48,53" hai3="68,71,61,57,86,75,87,21,1,96,28,123,65"/><U105/><E119/><V108/><F35/><W112/><G75/><T38/><D106/><U54/><E32/><V33/><F33/><W99/><G1/><T13/><D41/><U132/><E132/><V55/><F131/><W50/><G123/><T118/><D118/><U82/><E4/><V85/><F6/><W125/><G112/><T66/><D128/><U135/><E135/><V72/><F55/><W67/><G125/><T127/><D133/><U34/><E34/><V130/><F130/><W129/><G129/><T39/><D31/><U7/><E7/><V117/><F117/><W26/><G50/><T8/><D127/><U0/><E0/><V51/><F48/><W115/><G115/><T60/><D38/><U69/><E69/><V83/><F103/><W116/><G116/><T20/><D122/><U89/><E44/><V27/><REACH who="2" step="1"/><F72/><REACH who="2" ten="370,210,223,187" step="2"/><W40/><G40/><T3/><D3/><U47/><E54/><V114/><F114/><W92/><G99/><T43/><D42/><U102/><E102/><V126/><F126/><W95/><G95/><T109/><D109/><AGARI ba="0,1" hai="18,23,27,51,53,58,80,83,85,90,93,108,109,110" machi="109" ten="40,2600,0" yaku="1,1,14,1,53,0" doraHai="5" doraHaiUra="37" who="2" fromWho="0" sc="370,-26,210,0,223,36,187,0" /><INIT seed="2,0,0,4,1,63" ten="344,210,259,187" oya="2" hai0="67,126,20,87,119,106,16,134,27,79,95,90,127" hai1="78,93,73,38,37,56,61,71,72,98,112,117,34" hai2="28,66,70,53,33,6,88,43,129,14,7,121,50" hai3="97,80,19,41,101,104,54,18,2,52,8,77,105"/><V115/><F115/><W125/><G125/><N who="0" m="47627" /><D134/><U132/><E112/><V13/><F121/><W124/><G124/><T91/><D106/><U111/><E132/><V46/><F129/><W31/><G31/><T94/><D119/><U84/><E117/><V24/><F70/><W3/><G105/><T131/><D131/><U118/><E71/><V83/><F66/><W22/><G41/><T135/><D135/><U30/><E118/><V99/><F43/><W103/><G103/><T75/><D75/><U96/><E111/><V110/><F110/><W36/><G36/><T49/><D49/><U60/><E30/><V82/><F82/><W0/><G8/><T69/><D79/><U85/><E78/><V47/><F47/><W86/><REACH who="3" step="1"/><G19/><REACH who="3" ten="344,210,259,177" step="2"/><T64/><D69/><U12/><E38/><V48/><F28/><W68/><G68/><T40/><D40/><U100/><E37/><V55/><F6/><W11/><G11/><T59/><D59/><U81/><E56/><V42/><F7/><W23/><G23/><T35/><D35/><U123/><E34/><V32/><F32/><W21/><G21/><T122/><D122/><U9/><E123/><V39/><F39/><W17/><G17/><T5/><D5/><U76/><E100/><V65/><F42/><W44/><G44/><T130/><D130/><U102/><E102/><V25/><F46/><W45/><G45/><T120/><D120/><U10/><E10/><V116/><F33/><W109/><G109/><T133/><D133/><U89/><E9/><V108/><F108/><W57/><G57/><T114/><D114/><RYUUKYOKU ba="0,1" sc="344,15,210,-15,259,-15,177,15" hai0="16,20,27,64,67,87,90,91,94,95" hai3="0,2,3,18,22,52,54,77,80,86,97,101,104" /><INIT seed="3,1,1,0,0,133" ten="359,195,244,192" oya="3" hai0="102,90,99,25,44,2,41,109,100,85,122,65,18" hai1="112,16,0,42,7,8,51,118,53,101,130,125,72" hai2="108,58,73,74,86,117,46,105,76,24,61,135,113" hai3="75,48,114,81,55,78,47,91,63,93,5,50,3"/><W66/><G114/><T120/><D2/><U31/><E112/><V17/><F117/><W37/><G37/><T70/><D109/><U59/><E72/><V111/><F105/><W84/><G3/><T10/><D70/><U20/><E118/><V12/><F135/><W124/><G5/><T87/><D65/><U13/><E130/><V128/><F128/><W110/><G50/><N who="0" m="26895" /><D120/><U126/><E101/><N who="0" m="39017" /><D122/><U60/><E31/><V92/><F113/><W127/><REACH who="3" step="1"/><G110/><REACH who="3" ten="359,195,244,182" step="2"/><T56/><D56/><AGARI ba="1,2" hai="47,48,55,56,63,66,75,78,81,84,91,93,124,127" machi="56" ten="40,12000,1" yaku="1,1,2,1,52,2,53,0" doraHai="133" doraHaiUra="9" who="3" fromWho="0" sc="359,-123,195,0,244,0,182,143" owari="236,-16.4,195,-30.5,244,4.4,325,42.5" /></mjloggm>