<mjloggm ver="2.3"><GO type="225" lobby="0"/><UN n0="%E5%A4%96%E5%B7%9D%E7%AB%9C%E6%88%90" n1="%E3%83%A1%E3%82%AC%E3%83%87%E3%82%B8" n2="%E3%81%82%E3%81%99%E3%81%AB%E3%82%83%E3%82%80" n3="%E5%AF%82%E5%AF%9E%E3%82%AE%E3%83%8D%E3%82%B9%E3%83%93%E3%83%BC%E3%83%AB" dan="16,16,16,16" rate="2172.44,2107.22,2044.34,2155.86" sx="M,F,F,M"/><TAIKYOKU oya="0"/><INIT seed="0,0,0,0,5,102" ten="250,250,250,250" oya="0" hai0="47,77,75,96,39,133,106,95,87,48,68,76,10" hai1="6,104,123,81,98,31,67,9,116,130,69,108,14" hai2="99,5,2,18,52,41,25,135,65,27,66,26,43" hai3="110,0,90,15,57,29,71,113,118,32,121,134,36"/><T30/><D133/><U92/><E116/><V115/><F135/><W37/><RYUUKYOKU type="yao9" ba="0,0" sc="250,0,250,0,250,0,250,0" hai3="0,15,29,32,36,37,57,71,90,110,113,118,121,134" /><INIT seed="0,1,0,0,5,9" ten="250,250,250,250" oya="0" hai0="108,123,42,112,71,97,2,118,61,116,43,0,94" hai1="17,121,40,19,7,35,60,39,84,44,92,55,21" hai2="64,46,73,32,78,62,16,120,6,82,132,54,30" hai3="51,5,126,102,10,101,127,109,79,110,113,85,106"/><T119/><D112/><U83/><E35/><V135/><F120/><W57/><G113/><T29/><D123/><U49/><E121/><V58/><F6/><W65/><G79/><T99/><D29/><U74/><E7/><V105/><F105/><W33/><G33/><T27/><D27/><U37/><E74/><V128/><F128/><W31/><G85/><T1/><D108/><N who="3" m="41577" /><G31/><T98/><D94/><U23/><E92/><V59/><F30/><W75/><G75/><T15/><D15/><U124/><E124/><N who="3" m="47658" /><G106/><T133/><D133/><N who="2" m="51274" /><F46/><W68/><G68/><T76/><D76/><U45/><E39/><V47/><F47/><W28/><G28/><T125/><D125/><U88/><E23/><V34/><F16/><W77/><G77/><T25/><D25/><U50/><E37/><V134/><F134/><W38/><G38/><T86/><D86/><U115/><E115/><V24/><F24/><W89/><G89/><T22/><D22/><U131/><E131/><V129/><F129/><W13/><G51/><AGARI ba="1,0" hai="32,34,51,54,58,59,62,64,73,78,82" m="51274" machi="51" ten="30,1000,0" yaku="20,1" doraHai="9" who="2" fromWho="3" sc="250,0,250,0,250,13,250,-13" /><INIT seed="1,0,0,3,3,69" ten="250,250,263,237" oya="1" hai0="25,66,80,98,38,36,111,5,3,26,95,75,92" hai1="8,7,78,39,50,30,131,133,121,42,27,124,45" hai2="113,109,58,51,67,125,62,114,24,29,102,18,91" hai3="9,31,34,99,134,56,17,120,106,97,122,2,0"/><U35/><E121/><N who="3" m="46698" /><G56/><T64/><D5/><U41/><E131/><V12/><F109/><W32/><G106/><T54/><D3/><N who="3" m="1065" /><G97/><T90/><D111/><U103/><E133/><V104/><F125/><W116/><G99/><T96/><D54/><U100/><E124/><V94/><F51/><W53/><G53/><T15/><D15/><U33/><E33/><N who="3" m="12906" /><G31/><T86/><D75/><U117/><E42/><V129/><F102/><W126/><G126/><T21/><D64/><U20/><E35/><V46/><F104/><W10/><G134/><T40/><D66/><U14/><E50/><V61/><F58/><W87/><G87/><T63/><D63/><U101/><E78/><V19/><F67/><W60/><G60/><T81/><D40/><U57/><REACH who="1" step="1"/><E57/><REACH who="1" ten="250,240,263,237" step="2"/><V135/><F135/><W55/><G55/><T123/><D123/><U71/><E71/><V72/><F62/><W110/><G110/><T52/><D52/><U43/><E43/><V49/><F61/><W82/><G116/><AGARI ba="0,1" hai="7,8,14,20,27,30,39,41,45,100,101,103,116,117" machi="116" ten="40,7700,0" yaku="1,1,52,1,53,1" doraHai="69" doraHaiUra="22" who="1" fromWho="3" sc="250,0,240,87,263,0,237,-77" /><INIT seed="1,1,0,5,2,107" ten="250,327,263,160" oya="1" hai0="67,93,81,29,71,133,24,43,2,98,36,45,49" hai1="41,111,106,47,55,105,94,82,79,130,14,27,104" hai2="101,21,54,90,131,66,15,127,102,110,52,53,12" hai3="34,96,58,16,86,7,57,48,95,37,46,80,59"/><U3/><E3/><V84/><F110/><W92/><G34/><T122/><D2/><U63/><E130/><V77/><F77/><W30/><G37/><T134/><D122/><U121/><E121/><V118/><F118/><W70/><G70/><T115/><D115/><U120/><E120/><V11/><F131/><W119/><G119/><T91/><D81/><U60/><E111/><V72/><F72/><W40/><G30/><T112/><D112/><U126/><E126/><V109/><F109/><W5/><G16/><T132/><D71/><U9/><E94/><V129/><F127/><W88/><REACH who="3" step="1"/><G95/><REACH who="3" ten="250,327,263,150" step="2"/><T17/><D17/><U83/><E27/><V85/><F129/><W89/><AGARI ba="1,1" hai="5,7,40,46,48,57,58,59,80,86,88,89,92,96" machi="89" ten="30,8000,1" yaku="1,1,2,1,0,1,8,1,54,1,53,0" doraHai="107" doraHaiUra="4" who="3" fromWho="3" sc="250,-21,327,-41,263,-21,150,93" /><INIT seed="2,0,0,1,2,25" ten="229,286,242,243" oya="2" hai0="87,20,9,48,22,28,31,103,96,69,5,127,30" hai1="10,76,92,89,131,17,12,32,63,104,46,33,108" hai2="78,65,82,80,57,121,60,114,99,36,72,13,128" hai3="84,29,101,97,56,98,75,7,126,58,77,59,91"/><V3/><F3/><W54/><G126/><T117/><D69/><U52/><E104/><V107/><F114/><W86/><G75/><T35/><D35/><U124/><E124/><V81/><F121/><W135/><G135/><T50/><D127/><U79/><E108/><V47/><F128/><W43/><G43/><T61/><D117/><U100/><E131/><V44/><F13/><W109/><G109/><T26/><D61/><U133/><E133/><V23/><F23/><N who="0" m="8746" /><D26/><U93/><E33/><V123/><F123/><W74/><G74/><T37/><D37/><U51/><E32/><V66/><F66/><W90/><G29/><T73/><D73/><U120/><E120/><V134/><F134/><W105/><G7/><T94/><D87/><N who="1" m="52287" /><E63/><V19/><F19/><W119/><G119/><T34/><D34/><U1/><E1/><V0/><F0/><W118/><G118/><T27/><D27/><U45/><E45/><V111/><F111/><W4/><G105/><T24/><D24/><U116/><E116/><V115/><F115/><W49/><G4/><T55/><D55/><U70/><E70/><V62/><F62/><W15/><G15/><AGARI ba="0,0" hai="5,9,15,28,30,31,48,50,94,96,103" m="8746" machi="15" ten="30,7700,0" yaku="8,1,52,3" doraHai="25" who="0" fromWho="3" sc="229,77,286,0,242,0,243,-77" /><INIT seed="3,0,0,4,4,112" ten="306,286,242,166" oya="3" hai0="43,75,116,10,85,120,79,31,53,121,13,107,59" hai1="80,119,111,74,110,109,67,60,91,125,6,114,82" hai2="22,99,104,130,63,68,57,101,27,95,78,15,76" hai3="72,40,115,51,28,45,5,55,19,34,135,70,88"/><W41/><G115/><T44/><D107/><U84/><E114/><V50/><F130/><W33/><G135/><T117/><D75/><U89/><E125/><V122/><F122/><W36/><G72/><T61/><D31/><U124/><E124/><V18/><F104/><W58/><G5/><N who="0" m="3279" /><D121/><U81/><E119/><V20/><F50/><W25/><G70/><T105/><D105/><U66/><E6/><V29/><REACH who="2" step="1"/><F68/><REACH who="2" ten="306,286,232,166" step="2"/><W30/><G40/><T49/><D120/><U23/><E60/><V47/><F47/><W118/><G118/><T7/><D7/><U0/><E0/><V65/><AGARI ba="0,1" hai="15,18,20,22,27,29,57,63,65,76,78,95,99,101" machi="65" ten="20,16000,3" yaku="1,1,0,1,7,1,25,2,8,1,53,2" doraHai="112" doraHaiUra="73" who="2" fromWho="2" sc="306,-40,286,-40,232,170,166,-80" owari="266,6.6,246,-15.4,402,50.2,86,-41.4" /></mjloggm>