<mjloggm ver="2.3"><GO type="225" lobby="0"/><UN n0="%72%65%6E%6B%75%6E" n1="%E3%81%BF%E3%81%BF%E3%81%9A" n2="%48%61%61%61%6C%61%6E%64" n3="%E3%81%B5%E3%81%98%E3%81%8B%E3%81%A4" dan="17,17,18,16" rate="2217.85,2221.79,2243.79,2197.94" sx="M,M,M,M"/><TAIKYOKU oya="0"/><INIT seed="0,0,0,0,0,107" ten="250,250,250,250" oya="0" hai0="77,5,83,42,99,1,17,3,123,94,31,32,96" hai1="93,4,76,52,97,28,115,25,24,58,62,33,79" hai2="47,103,80,53,131,21,36,78,126,129,87,117,72" hai3="13,10,69,85,122,106,89,30,112,55,95,34,41"/><T108/><D123/><U16/><E115/><V91/><F126/><W67/><G122/><T74/><D108/><U86/><E86/><V104/><F117/><W125/><G112/><T19/><D42/><U71/><E4/><V68/><F68/><W135/><G125/><T20/><D96/><U45/><E71/><V120/><F120/><W134/><G106/><T51/><D51/><U64/><E64/><V15/><F103/><W66/><G41/><T98/><D98/><U40/><E25/><V54/><F104/><W101/><G101/><T48/><D48/><U59/><E59/><V29/><F36/><W8/><G34/><T37/><D37/><U38/><REACH who="1" step="1"/><E16/><REACH who="1" ten="250,240,250,250" step="2"/><N who="2" m="10399" /><F29/><W128/><G30/><T100/><D5/><U18/><E18/><V11/><F11/><W111/><G69/><T46/><D46/><U70/><E70/><V56/><F47/><W119/><G10/><T60/><D19/><U63/><E63/><V92/><F56/><W22/><G8/><T88/><D60/><U44/><E44/><V105/><F87/><W75/><G85/><T132/><D31/><U116/><E116/><V9/><F9/><W109/><G119/><T113/><D113/><U7/><E7/><V124/><F124/><W84/><G111/><T65/><D65/><U26/><E26/><V127/><F127/><W61/><G109/><T133/><D3/><U2/><E2/><V0/><F0/><W6/><G6/><T114/><D1/><U50/><E50/><V90/><F131/><W49/><G128/><T35/><D114/><U82/><E82/><N who="2" m="45383" /><F129/><W81/><G84/><RYUUKYOKU ba="0,1" sc="250,-10,240,30,250,-10,250,-10" hai1="24,28,33,38,40,45,52,58,62,76,79,93,97" /><INIT seed="1,1,1,0,5,99" ten="240,270,240,240" oya="1" hai0="77,72,92,26,15,97,122,68,11,121,47,106,93" hai1="51,115,38,102,79,52,3,62,114,119,25,32,1" hai2="65,14,134,125,132,29,63,50,2,30,111,88,66" hai3="34,57,58,54,130,86,44,17,37,41,84,7,36"/><U126/><E38/><V133/><F2/><W110/><G34/><T22/><D68/><U81/><E119/><V118/><F118/><W42/><G7/><N who="0" m="3583" /><D72/><U64/><E102/><V45/><F111/><W113/><G110/><T135/><D135/><U120/><E120/><N who="0" m="46185" /><D77/><U35/><E126/><V76/><F76/><W12/><G113/><T40/><D106/><U61/><E114/><V23/><F125/><W103/><G58/><T46/><D40/><U18/><E115/><V96/><F14/><W90/><G42/><T6/><D6/><U78/><E78/><V108/><F108/><W109/><G109/><T85/><D85/><U8/><E35/><V60/><F133/><W87/><G37/><T73/><D73/><U83/><E83/><V82/><F134/><W19/><G130/><T16/><D93/><U104/><E104/><V53/><F132/><W128/><G128/><T131/><D131/><U124/><E124/><V56/><F82/><W70/><G70/><T24/><D26/><U129/><E129/><V59/><F23/><W9/><G90/><AGARI ba="1,1" hai="16,22,24,46,47,90,92,97" m="46185,3583" machi="90" ten="30,2000,0" yaku="13,1,54,1" doraHai="99" who="0" fromWho="3" sc="240,33,270,0,240,0,240,-23" /><INIT seed="2,0,0,1,2,29" ten="273,270,240,217" oya="2" hai0="7,91,41,67,133,22,83,81,71,6,23,79,49" hai1="72,86,128,106,60,4,97,87,55,127,59,64,76" hai2="27,110,15,21,95,11,3,134,73,68,80,30,52" hai3="36,117,98,56,46,8,43,77,90,70,115,14,112"/><V33/><F134/><W107/><G117/><T61/><D133/><U123/><E127/><V66/><F110/><W116/><G70/><T108/><D108/><U5/><E128/><V19/><F95/><N who="3" m="56695" /><G107/><T131/><D131/><U130/><E130/><V102/><F102/><W118/><G77/><T12/><D91/><U44/><E72/><V82/><F73/><W74/><G74/><T13/><D13/><U39/><E123/><V51/><F66/><W85/><G85/><N who="0" m="48319" /><D7/><U53/><E106/><V69/><F69/><W47/><G56/><T57/><D83/><N who="1" m="47463" /><E97/><V42/><F42/><W31/><G31/><T20/><D71/><N who="1" m="42375" /><E53/><V92/><F68/><W35/><G47/><N who="0" m="25839" /><D6/><U26/><E87/><V10/><F92/><W54/><G118/><T65/><D12/><U132/><E26/><V88/><F3/><W93/><G116/><T58/><D58/><U114/><E114/><N who="3" m="43562" /><G93/><T104/><D104/><U62/><E62/><V101/><F82/><W129/><G129/><T37/><D37/><U1/><E1/><V119/><F119/><W28/><G54/><AGARI ba="0,0" hai="20,22,23,54,57,61,65,67" m="25839,48319" machi="54" ten="30,1000,0" yaku="8,1" doraHai="29" who="0" fromWho="3" sc="273,10,270,0,240,0,217,-10" /><INIT seed="3,0,0,4,2,119" ten="283,270,240,207" oya="3" hai0="52,94,55,130,53,99,46,108,93,54,92,97,72" hai1="61,2,47,63,101,114,125,34,40,13,50,77,124" hai2="35,83,89,100,1,8,104,91,69,33,9,118,67" hai3="45,123,49,81,134,68,28,12,70,21,58,60,31"/><W59/><G134/><T23/><D72/><U4/><E34/><V109/><F118/><W20/><G123/><T36/><D108/><U117/><E114/><V107/><F109/><W76/><G58/><T135/><D135/><U39/><E117/><V15/><F1/><W88/><G70/><T111/><D111/><U82/><E101/><V126/><F126/><N who="1" m="48745" /><E13/><V5/><F100/><W25/><G68/><T11/><D130/><U17/><E17/><V112/><F112/><W133/><G133/><T66/><D66/><U116/><E50/><V129/><F129/><W95/><G76/><T80/><D11/><N who="1" m="2455" /><E116/><V62/><F9/><W132/><G132/><T18/><D80/><U110/><E110/><V64/><F83/><W29/><G81/><T57/><D57/><U65/><E65/><V14/><F64/><N who="3" m="38943" /><G12/><N who="0" m="9671" /><D36/><U32/><E32/><V26/><F33/><W10/><G10/><T121/><D121/><U71/><E71/><V42/><F69/><W51/><G21/><T74/><D74/><AGARI ba="0,0" hai="39,40,47,61,63,74,77,82" m="2455,48745" machi="74" ten="30,2000,0" yaku="25,1,18,1" doraHai="119" who="1" fromWho="0" sc="283,-20,270,20,240,0,207,0" /><INIT seed="4,0,0,5,0,102" ten="263,290,240,207" oya="0" hai0="112,40,22,18,11,116,3,45,89,73,15,33,24" hai1="93,108,95,5,72,53,43,101,100,70,132,103,80" hai2="56,97,106,128,69,63,14,79,99,81,64,50,27" hai3="87,105,121,85,94,77,12,13,120,28,68,96,88"/><T123/><D123/><N who="3" m="47177" /><G68/><T46/><D116/><U7/><E70/><V59/><F128/><W60/><G60/><T17/><D112/><U8/><E108/><V41/><F14/><N who="3" m="5739" /><G28/><T57/><D73/><U61/><E43/><V37/><F27/><W113/><G113/><T130/><D33/><U23/><E72/><V131/><F131/><W90/><G77/><T49/><D3/><U76/><E132/><V44/><F106/><W127/><G127/><T74/><D74/><U20/><E80/><V114/><F114/><W135/><G135/><T48/><D130/><U35/><E35/><V83/><F83/><N who="3" m="49215" /><G87/><T133/><D133/><U9/><E76/><V25/><F25/><W91/><G91/><T134/><D134/><U32/><E32/><V84/><F69/><W126/><G126/><T62/><D89/><U2/><E20/><V47/><REACH who="2" step="1"/><F59/><REACH who="2" ten="263,290,230,207" step="2"/><W26/><G26/><T21/><D11/><N who="1" m="4171" /><E2/><V66/><F66/><W34/><G34/><T0/><D0/><U119/><E23/><V29/><F29/><W4/><G4/><N who="1" m="1610" /><E119/><V117/><F117/><W129/><G129/><T109/><D109/><U118/><E118/><V52/><AGARI ba="0,1" hai="37,41,44,47,50,52,56,63,64,79,81,84,97,99" machi="52" ten="20,8000,1" yaku="1,1,0,1,7,1,54,1,53,1" doraHai="102" doraHaiUra="38" who="2" fromWho="2" sc="263,-40,290,-20,230,90,207,-20" owari="223,-17.7,270,7.0,320,42.0,187,-31.3" /></mjloggm>