<mjloggm ver="2.3"><GO type="225" lobby="0"/><UN n0="%73%61%6E%64%69%72%69%73" n1="%E9%89%A2%E5%B7%BB%E3%82%AC%E3%83%96" n2="%E4%B8%AD%E5%B9%B4%E3%81%AE%E5%8D%B1%E6%A9%9F" n3="%E9%9B%80%E6%A5%B5%E3%81%AE%E3%81%B8" dan="16,16,16,16" rate="2193.23,2093.90,2164.30,2104.99" sx="M,M,M,M"/><TAIKYOKU oya="0"/><INIT seed="0,0,0,5,4,120" ten="250,250,250,250" oya="0" hai0="109,70,128,11,112,64,20,25,122,97,44,15,55" hai1="116,91,12,73,57,21,65,14,29,27,84,111,5" hai2="6,28,72,38,17,77,123,16,108,50,45,134,4" hai3="59,53,23,113,10,127,41,68,46,58,62,82,3"/><T107/><D112/><U48/><E116/><V129/><F123/><W94/><G113/><T118/><D118/><U60/><E73/><V106/><F38/><W90/><G127/><T19/><D122/><U78/><E78/><V88/><F106/><W71/><G82/><T49/><D128/><U132/><E132/><V24/><F72/><W93/><G23/><T135/><D135/><U101/><E101/><V43/><F77/><W2/><G94/><T80/><D80/><U87/><E87/><V66/><F129/><W54/><G10/><T81/><D70/><U79/><E79/><V69/><F134/><W67/><G3/><T31/><D64/><U18/><E48/><V125/><F125/><W42/><G2/><T98/><D107/><U9/><E14/><V95/><F108/><W130/><G130/><T103/><D103/><U75/><E111/><V33/><F66/><W121/><G121/><T61/><D109/><U34/><E34/><V30/><F30/><W114/><G114/><T22/><D61/><U89/><E89/><V92/><F92/><W56/><G71/><T39/><D39/><U76/><E76/><V7/><REACH who="2" step="1"/><F69/><REACH who="2" ten="250,250,240,250" step="2"/><W115/><G115/><T63/><D81/><N who="1" m="49551" /><E75/><V35/><F35/><W13/><G68/><T26/><REACH who="0" step="1"/><D63/><REACH who="0" ten="240,250,240,250" step="2"/><U126/><E126/><V96/><AGARI ba="0,2" hai="4,6,7,16,17,24,28,33,43,45,50,88,95,96" machi="96" ten="30,7900,0" yaku="1,1,0,1,54,2,53,0" doraHai="120" doraHaiUra="119" who="2" fromWho="2" sc="240,-39,250,-20,240,99,250,-20" /><INIT seed="1,0,0,1,3,44" ten="201,230,339,230" oya="1" hai0="105,18,52,79,6,92,56,19,110,59,3,104,38" hai1="62,12,70,122,117,101,102,46,127,36,81,65,42" hai2="94,97,1,28,72,4,40,2,26,66,55,131,64" hai3="33,78,15,113,5,25,87,83,123,7,84,76,133"/><U129/><E117/><V11/><F72/><W41/><G123/><T45/><D110/><U58/><E122/><V32/><F131/><W30/><G113/><T93/><D79/><U39/><E129/><V14/><F40/><W90/><G133/><T68/><D68/><U96/><E127/><V60/><F55/><W51/><G15/><T49/><D104/><U109/><E109/><V88/><REACH who="2" step="1"/><F64/><REACH who="2" ten="201,230,329,230" step="2"/><W89/><G41/><T91/><D52/><U31/><E65/><V115/><F115/><W99/><G76/><T20/><D38/><U130/><E39/><V103/><F103/><W74/><G74/><T128/><D128/><U121/><E102/><V27/><F27/><W17/><G78/><T132/><D132/><U16/><E130/><V57/><AGARI ba="0,1" hai="1,2,4,11,14,26,28,32,57,60,66,88,94,97" machi="57" ten="20,8000,1" yaku="1,1,0,1,7,1,54,1,53,1" doraHai="44" doraHaiUra="21" who="2" fromWho="2" sc="201,-20,230,-40,329,90,230,-20" /><INIT seed="2,0,0,5,1,129" ten="181,190,419,210" oya="2" hai0="104,27,65,53,124,75,7,13,23,110,19,94,3" hai1="15,82,108,4,106,20,14,26,120,50,98,126,114" hai2="125,109,118,90,16,84,107,89,96,1,76,9,18" hai3="8,95,22,33,29,135,10,31,17,127,38,64,123"/><V131/><F118/><W67/><G123/><T86/><D104/><U41/><E114/><V60/><F131/><W62/><G38/><T112/><D75/><U111/><E126/><V70/><F125/><W77/><G127/><T44/><D112/><U87/><E120/><V45/><F109/><W35/><G77/><T34/><D110/><N who="1" m="42027" /><E50/><V115/><F115/><W28/><G135/><T80/><D65/><U79/><E41/><V49/><F70/><W102/><G33/><T97/><D124/><U37/><E4/><V66/><F76/><W74/><G35/><T25/><D34/><U71/><E71/><V72/><F72/><W52/><G74/><T43/><D53/><U40/><E40/><V21/><F1/><W59/><G67/><T105/><D105/><U121/><E37/><V130/><F130/><W63/><G95/><T48/><D7/><U57/><E57/><V68/><F9/><N who="3" m="3691" /><G102/><N who="0" m="60727" /><D3/><U12/><E121/><V32/><F32/><W5/><G5/><T132/><D132/><U2/><E2/><V92/><F107/><W81/><G81/><T134/><D134/><U0/><E0/><V30/><F30/><W93/><G93/><T51/><D51/><U119/><E119/><V36/><F36/><W73/><G73/><T99/><D99/><U122/><E122/><V91/><F84/><W116/><G116/><T56/><D56/><U11/><E11/><V58/><F68/><N who="3" m="42007" /><G31/><T128/><D128/><U6/><E6/><V83/><F83/><W61/><G61/><T39/><D39/><U103/><E20/><V100/><F21/><W133/><G133/><RYUUKYOKU ba="0,0" sc="181,0,190,0,419,0,210,0" hai0="13,19,23,25,27,43,44,48,80,86" hai1="12,14,15,26,79,82,87,98,103,106" hai2="16,18,45,49,58,60,66,89,90,91,92,96,100" hai3="17,22,28,29,52,59,63" /><INIT seed="2,1,0,3,4,40" ten="181,190,419,210" oya="2" hai0="57,122,5,80,76,97,135,86,111,70,30,81,109" hai1="65,32,56,22,116,12,117,129,38,52,123,21,125" hai2="106,36,102,105,72,17,0,87,100,75,91,99,121" hai3="85,28,114,73,8,26,131,128,25,110,43,89,78"/><V14/><F0/><W46/><G110/><T18/><D70/><U19/><E32/><V53/><F36/><W101/><G101/><N who="2" m="39017" /><F14/><W39/><G114/><T64/><D122/><U45/><E125/><V63/><F53/><W41/><G41/><T133/><D5/><U92/><E129/><N who="3" m="49738" /><G73/><N who="2" m="28233" /><F17/><W49/><G78/><T16/><D97/><U50/><E123/><V24/><F24/><N who="3" m="9323" /><G8/><T96/><D96/><U66/><E92/><N who="2" m="56735" /><F63/><W33/><G28/><T54/><D81/><U104/><E104/><N who="2" m="40043" /><F121/><W58/><G33/><T47/><D64/><U3/><E3/><V103/><N who="2" m="39025" /><V71/><DORA hai="7" /><F71/><W55/><G39/><T51/><D30/><U79/><E38/><V20/><F20/><W69/><G69/><T107/><D107/><U2/><E2/><V13/><F13/><W120/><G120/><T112/><D57/><U60/><E65/><V132/><F132/><N who="0" m="50762" /><D112/><U34/><E34/><V59/><F59/><W44/><G43/><T127/><D127/><U88/><E66/><V113/><F113/><W94/><AGARI ba="1,0" hai="44,46,49,55,58,85,89,94" m="9323,49738" machi="94" ten="30,4000,0" yaku="19,1,52,2" doraHai="40,7" who="3" fromWho="3" sc="181,-11,190,-11,419,-21,210,43" /><INIT seed="3,0,0,0,1,69" ten="170,179,398,253" oya="3" hai0="56,92,83,134,0,53,21,33,100,131,3,63,125" hai1="119,76,130,109,40,22,24,6,45,84,58,77,107" hai2="132,43,80,91,64,14,16,129,62,71,79,81,106" hai3="101,96,50,28,98,7,34,48,93,39,31,57,78"/><W68/><G68/><T103/><D33/><U124/><E107/><V51/><F132/><W26/><G39/><T20/><D134/><U126/><E109/><V23/><F129/><W18/><G31/><T97/><D131/><U4/><E130/><V46/><F106/><W41/><G41/><T86/><D125/><N who="1" m="48235" /><E58/><V82/><REACH who="2" step="1"/><F91/><REACH who="2" ten="170,179,388,253" step="2"/><W117/><G101/><T66/><D103/><U105/><E105/><V118/><F118/><W72/><G117/><T95/><D95/><U67/><E119/><V15/><F15/><W121/><G93/><T9/><D0/><U128/><E128/><V116/><F116/><W36/><G26/><T75/><D3/><U123/><E123/><V89/><F89/><W35/><G121/><T111/><D111/><U112/><E24/><V37/><F37/><W113/><G36/><T85/><D75/><AGARI ba="0,1" hai="14,16,23,43,46,51,62,64,71,75,79,80,81,82" machi="75" ten="30,7700,0" yaku="1,1,7,1,54,1,53,1" doraHai="69" doraHaiUra="65" who="2" fromWho="0" sc="170,-77,179,0,388,87,253,0" owari="93,-40.7,179,-22.1,475,57.5,253,5.3" /></mjloggm>