<mjloggm ver="2.3"><GO type="225" lobby="0"/><UN n0="%E3%81%88%E3%82%89%E3%81%A6%E3%82%93" n1="%47%32%E9%BE%8D%E9%96%80" n2="%E3%81%A1%E3%82%85%E3%81%86%E3%81%A9%E3%81%8F%E8%B1%A1%E3%81%95%E3%82%93" n3="%E3%81%8F%E3%81%BE%E3%81%96%E3%82%8F" dan="17,16,17,16" rate="2236.06,2104.26,2186.73,2044.44" sx="M,M,M,M"/><TAIKYOKU oya="0"/><INIT seed="0,0,0,0,4,59" ten="250,250,250,250" oya="0" hai0="128,19,5,107,118,94,76,62,130,66,4,17,98" hai1="81,120,53,46,117,125,25,78,28,33,92,84,63" hai2="72,65,135,67,21,103,129,119,15,114,26,0,71" hai3="41,42,87,58,127,100,31,44,2,133,126,111,1"/><T68/><D118/><U89/><E120/><V123/><F103/><W88/><G111/><T64/><D107/><U3/><E117/><V24/><F15/><W101/><G31/><T32/><D32/><U69/><E125/><N who="3" m="47626" /><G133/><T47/><D76/><U132/><E3/><N who="3" m="1034" /><G58/><T60/><D47/><U16/><E132/><V27/><F0/><W124/><N who="3" m="47634" /><W113/><DORA hai="43" /><G113/><T109/><D109/><U18/><E69/><V83/><F71/><W48/><G41/><T7/><D19/><U57/><REACH who="1" step="1"/><E46/><REACH who="1" ten="250,240,250,250" step="2"/><V122/><F122/><W75/><G75/><AGARI ba="0,1" hai="16,18,25,28,33,53,57,63,75,78,81,84,89,92" machi="75" ten="30,12000,2" yaku="1,1,2,1,7,1,52,1,54,1,53,2" doraHai="59,43" doraHaiUra="74,85" who="1" fromWho="3" sc="250,0,240,130,250,0,250,-120" /><INIT seed="1,0,0,4,4,79" ten="250,370,250,130" oya="1" hai0="125,36,88,49,102,104,74,109,107,91,98,81,24" hai1="99,97,75,96,44,60,54,118,78,110,65,80,116" hai2="69,39,67,22,50,42,13,4,130,111,114,25,108" hai3="10,70,105,89,94,106,46,126,115,14,5,15,68"/><U47/><E110/><N who="2" m="42027" /><F130/><W76/><G115/><T26/><D109/><U55/><E54/><V56/><F114/><W112/><G112/><T16/><D36/><U72/><E72/><V19/><F39/><W77/><G126/><T27/><D125/><U9/><E9/><N who="2" m="4263" /><F69/><W6/><G46/><T34/><D104/><U131/><E131/><V73/><F73/><W123/><G94/><T31/><D49/><U18/><E18/><V93/><F93/><W43/><G89/><T62/><D62/><U122/><E122/><V3/><F3/><W58/><G58/><T11/><D11/><U117/><REACH who="1" step="1"/><E55/><REACH who="1" ten="250,360,250,130" step="2"/><N who="2" m="31863" /><F42/><W113/><G10/><T100/><D16/><U30/><E30/><V12/><F67/><W0/><G113/><T45/><D31/><U41/><E41/><V87/><F87/><W63/><G43/><T29/><D29/><U82/><E82/><V53/><F53/><W64/><G123/><T21/><D81/><U8/><E8/><V90/><F19/><W132/><G64/><T17/><D74/><U83/><E83/><V33/><F33/><W95/><G63/><T101/><D34/><U40/><E40/><V84/><F22/><W28/><G28/><T133/><D21/><U1/><E1/><V129/><F129/><W66/><G66/><T20/><D20/><U85/><E85/><V61/><F84/><W103/><G0/><T127/><D17/><U2/><E2/><V121/><F121/><W37/><G37/><T135/><D127/><U119/><N who="1" m="29696" /><DORA hai="7" /><U128/><E128/><V35/><F35/><W71/><G5/><T124/><D124/><RYUUKYOKU ba="0,1" sc="250,-10,360,30,250,-10,130,-10" hai1="44,47,60,65,75,78,80,96,97,99" /><INIT seed="1,1,1,4,2,32" ten="240,390,240,120" oya="1" hai0="57,96,73,63,117,13,34,82,54,90,115,130,43" hai1="88,55,15,99,111,78,45,106,114,0,127,65,8" hai2="107,97,104,131,68,5,84,53,113,118,93,35,132" hai3="64,12,134,3,135,56,98,61,44,25,122,95,100"/><U83/><E114/><V37/><F118/><W11/><G122/><T52/><D115/><U58/><E127/><V126/><F35/><W40/><G25/><T112/><D117/><U74/><E111/><V24/><F37/><W105/><G105/><T26/><D112/><U119/><E119/><V59/><F68/><W76/><G76/><T16/><D130/><U9/><E65/><V6/><F131/><W94/><G94/><T33/><D43/><U81/><E45/><V121/><F121/><W48/><G135/><T102/><D26/><U36/><E36/><V4/><F132/><W23/><G134/><T38/><D38/><U86/><E0/><V49/><F113/><W18/><REACH who="3" step="1"/><G3/><REACH who="3" ten="240,390,240,110" step="2"/><T125/><D125/><U62/><REACH who="1" step="1"/><E15/><REACH who="1" ten="240,380,240,110" step="2"/><V120/><F126/><W129/><G129/><T101/><D13/><U87/><E87/><V92/><F84/><W103/><G103/><AGARI ba="1,3" hai="8,9,55,58,62,74,78,81,83,86,88,99,103,106" machi="103" ten="40,12000,1" yaku="1,1,54,1,53,2" doraHai="32" doraHaiUra="79" who="1" fromWho="3" sc="240,0,380,153,240,0,110,-123" owari="240,4.0,533,63.3,240,-16.0,-13,-51.3" /></mjloggm>