<mjloggm ver="2.3"><GO type="225" lobby="0"/><UN n0="%E5%A4%9C%E3%81%AE%E3%82%AC%E3%82%B9%E3%83%91%E3%83%BC%E3%83%AB" n1="%E7%99%BD%E6%97%A5%E9%9B%AA%E8%8F%9C" n2="%E6%A1%9C%E8%8A%B1%E9%96%83%E3%80%85" n3="%72%69%6F%75%63%68%61%6E" dan="16,17,16,16" rate="2147.05,2173.20,2209.65,2192.02" sx="M,M,M,M"/><TAIKYOKU oya="0"/><INIT seed="0,0,0,1,5,120" ten="250,250,250,250" oya="0" hai0="80,19,119,104,83,14,114,26,1,79,55,130,110" hai1="47,92,27,105,41,35,24,45,132,117,53,62,97" hai2="103,49,112,29,31,25,57,125,98,122,89,71,30" hai3="61,101,34,134,3,131,86,82,56,32,107,64,17"/><T70/><D114/><U87/><E117/><V22/><F122/><W6/><G131/><T66/><D119/><U76/><E105/><V12/><F112/><W90/><G134/><T7/><D104/><U84/><E35/><V2/><F2/><W78/><G17/><T43/><D130/><U93/><E132/><V52/><F125/><W20/><G20/><T42/><D1/><U81/><E87/><V72/><F71/><W51/><G51/><T16/><D70/><U85/><E84/><V94/><F72/><W50/><G50/><T8/><D66/><U74/><E74/><V91/><REACH who="2" step="1"/><F12/><REACH who="2" ten="250,250,240,250" step="2"/><W58/><G3/><T40/><D14/><U123/><E123/><V5/><F5/><W108/><G6/><T128/><D7/><U46/><E27/><V75/><F75/><W111/><G78/><T121/><D121/><U13/><E13/><V63/><F63/><W28/><G28/><AGARI ba="0,1" hai="22,25,28,29,30,31,49,52,57,89,91,94,98,103" machi="28" ten="40,5200,0" yaku="1,1,8,1,54,1,53,0" doraHai="120" doraHaiUra="15" who="2" fromWho="3" sc="250,0,250,0,240,62,250,-52" /><INIT seed="1,0,0,3,1,47" ten="250,250,302,198" oya="1" hai0="37,98,134,121,75,125,108,36,38,4,8,133,5" hai1="16,100,51,113,84,109,21,18,40,82,14,78,119" hai2="52,20,94,35,103,87,6,2,45,110,60,104,64" hai3="54,83,29,30,27,3,97,31,10,93,105,22,56"/><U44/><E113/><V88/><F35/><W92/><G105/><T9/><D75/><U15/><E119/><V127/><F110/><W86/><G3/><T111/><D125/><U89/><E109/><N who="0" m="42057" /><D98/><U95/><E100/><V118/><F118/><W63/><G10/><N who="0" m="4203" /><D121/><U79/><E95/><V131/><F127/><W61/><G61/><T128/><D128/><U126/><E126/><V7/><F2/><W70/><G70/><T72/><D72/><U50/><E51/><N who="2" m="28783" /><F104/><W11/><G11/><AGARI ba="0,0" hai="11,14,15,16,18,21,40,44,50,78,79,82,84,89" machi="11" ten="30,11600,0" yaku="7,1,8,1,52,1,54,1" doraHai="47" who="1" fromWho="3" sc="250,0,250,116,302,0,198,-116" /><INIT seed="1,1,0,1,4,128" ten="250,366,302,82" oya="1" hai0="29,81,105,54,9,58,24,68,83,0,21,4,113" hai1="124,115,10,28,76,48,69,38,37,109,56,51,98" hai2="50,135,134,133,67,100,132,34,87,57,72,75,117" hai3="102,2,86,82,118,30,91,20,130,85,6,129,99"/><U26/><E115/><V103/><F117/><W25/><G118/><T23/><D68/><U59/><E69/><V125/><F125/><W1/><G6/><T36/><D105/><U32/><E76/><V93/><N who="2" m="33792" /><DORA hai="13" /><V55/><F34/><W70/><G70/><T77/><D36/><U88/><E124/><V74/><F67/><W39/><G39/><T45/><D45/><U73/><E73/><V42/><F42/><W40/><G40/><T16/><D77/><U12/><E38/><V95/><F87/><W108/><G108/><T65/><D65/><U121/><E37/><V123/><F123/><W61/><G61/><T101/><D101/><AGARI ba="1,0" hai="50,55,57,72,74,75,93,95,100,101,103" m="33792" machi="101" ten="80,8000,1" yaku="20,1,52,4" doraHai="128,13" who="2" fromWho="0" sc="250,-83,366,0,302,83,82,0" /><INIT seed="2,0,0,2,2,77" ten="167,366,385,82" oya="2" hai0="52,19,124,46,87,81,92,101,55,127,25,122,24" hai1="83,85,4,111,67,100,33,47,35,104,123,59,58" hai2="5,1,14,30,10,12,43,103,63,20,45,17,71" hai3="48,9,51,15,66,119,132,26,89,112,62,73,11"/><V98/><F30/><W125/><G125/><N who="0" m="48203" /><D122/><U64/><E123/><V105/><F71/><W120/><G132/><T54/><D46/><U7/><E111/><V49/><REACH who="2" step="1"/><F63/><REACH who="2" ten="167,366,375,82" step="2"/><W130/><G120/><T131/><D131/><U84/><E104/><V93/><F93/><W32/><G130/><T23/><D92/><U96/><E35/><V40/><F40/><W70/><G32/><T31/><D101/><U18/><E33/><V2/><AGARI ba="0,1" hai="1,2,5,10,12,14,17,20,43,45,49,98,103,105" machi="2" ten="30,3000,0" yaku="1,1,0,1,53,0" doraHai="77" doraHaiUra="114" who="2" fromWho="2" sc="167,-10,366,-10,375,40,82,-10" /><INIT seed="2,1,0,1,2,88" ten="157,356,415,72" oya="2" hai0="46,52,105,64,132,133,81,67,66,7,0,24,55" hai1="9,23,13,59,126,98,72,101,97,85,12,18,37" hai2="8,89,60,134,100,1,48,68,36,128,127,50,121" hai3="32,42,103,107,54,84,43,34,29,114,129,19,99"/><V2/><F121/><W58/><G129/><T109/><D105/><U30/><E72/><V47/><F128/><W77/><G114/><T11/><D109/><U87/><E37/><V79/><F100/><W95/><G19/><T38/><D81/><U120/><E126/><V92/><F127/><W110/><G110/><T10/><D24/><U74/><E74/><V104/><F104/><W5/><G5/><N who="0" m="1319" /><D46/><U63/><E120/><V112/><F134/><N who="0" m="51818" /><D38/><U20/><E20/><V119/><F79/><W76/><G77/><T91/><D91/><U27/><E13/><AGARI ba="1,0" hai="7,11,13,52,55,64,66,67" m="51818,1319" machi="13" ten="30,2000,0" yaku="20,1,54,1" doraHai="88" who="0" fromWho="1" sc="157,23,356,-23,415,0,72,0" /><INIT seed="3,0,0,3,1,98" ten="180,333,415,72" oya="3" hai0="94,41,33,101,56,8,95,63,121,84,43,99,66" hai1="11,18,30,50,37,106,65,133,126,31,115,40,26" hai2="79,82,108,10,4,124,117,16,119,127,36,92,72" hai3="52,116,34,21,14,20,45,7,62,69,51,111,12"/><W57/><G116/><T3/><D121/><U1/><E37/><V75/><F108/><W67/><G34/><T55/><D33/><U83/><E115/><V112/><F112/><W102/><G111/><T44/><D3/><U76/><E106/><V17/><F36/><W64/><G12/><T129/><D8/><U87/><E126/><N who="2" m="48171" /><F72/><W131/><G131/><T61/><D129/><U78/><E133/><V86/><F92/><W35/><G35/><T73/><D73/><U25/><E65/><N who="3" m="25162" /><G69/><T70/><REACH who="0" step="1"/><D44/><REACH who="0" ten="170,333,415,72" step="2"/><U58/><E1/><N who="2" m="271" /><F75/><W47/><G102/><T2/><D2/><U81/><E11/><V96/><F96/><W89/><G45/><T29/><D29/><U113/><E113/><V5/><F5/><W104/><G104/><T32/><D32/><U38/><E18/><AGARI ba="0,1" hai="16,17,18,79,82,86,117,119" m="271,48171" machi="18" ten="30,2000,0" yaku="18,1,54,1" doraHai="98" who="2" fromWho="1" sc="170,0,333,-20,415,30,72,0" owari="170,-23.0,313,11.3,445,54.5,72,-42.8" /></mjloggm>