<mjloggm ver="2.3"><GO type="225" lobby="0"/><UN n0="%6D%75%75%6D%75%72%61" n1="%E9%80%86%E9%80%A3%E5%B8%AF%E3%81%AE%E9%AC%BC" n2="%E6%80%AA%E3%81%97%E3%81%99%E3%81%8E%E3%82%8B%E3%83%81%E3%83%BC" n3="%72%69%6F%75%63%68%61%6E" dan="16,16,16,16" rate="2105.48,2145.94,2070.21,2186.92" sx="F,M,M,M"/><TAIKYOKU oya="0"/><INIT seed="0,0,0,5,4,122" ten="250,250,250,250" oya="0" hai0="95,88,120,5,0,127,115,19,105,131,123,69,74" hai1="9,52,68,44,31,85,64,10,113,126,97,117,133" hai2="1,37,4,60,78,104,87,23,77,132,41,55,84" hai3="63,3,2,80,94,129,13,61,110,58,35,79,50"/><T106/><D115/><U101/><E117/><V26/><F104/><W100/><G110/><T83/><D69/><U67/><E113/><V27/><F132/><W111/><G111/><T15/><D131/><U36/><E133/><V98/><F98/><W102/><G129/><T128/><D128/><U125/><E85/><V12/><F1/><W40/><G35/><T112/><D112/><U53/><E31/><V34/><F34/><W29/><G29/><T54/><D127/><U89/><E89/><V81/><F41/><W109/><G109/><T8/><D54/><U39/><E97/><V17/><F37/><W108/><G108/><T30/><D30/><U99/><E99/><V32/><F4/><W71/><G71/><T28/><D28/><U72/><E68/><V124/><F124/><W42/><G13/><T18/><D105/><U38/><E72/><V25/><F32/><W103/><G94/><T82/><D106/><U116/><E116/><V57/><REACH who="2" step="1"/><F84/><REACH who="2" ten="250,250,240,250" step="2"/><N who="3" m="48159" /><G2/><T65/><D0/><U73/><E38/><V43/><F43/><N who="3" m="16427" /><G3/><T16/><D120/><U114/><E114/><V14/><F14/><W56/><G50/><T7/><D123/><U135/><E135/><V119/><F119/><W90/><G61/><T20/><D7/><U134/><E134/><V33/><F33/><W107/><G63/><T76/><D5/><U59/><E126/><V93/><F93/><W75/><G107/><T70/><D95/><U47/><E125/><V62/><F62/><W51/><G75/><T91/><D74/><U21/><E73/><V92/><F92/><W45/><G90/><AGARI ba="0,1" hai="12,17,23,25,26,27,55,57,60,77,78,81,87,90" machi="90" ten="40,8000,1" yaku="1,1,6,1,8,1,53,1" doraHai="122" doraHaiUra="48" who="2" fromWho="3" sc="250,0,250,0,240,90,250,-80" /><INIT seed="1,0,0,3,3,1" ten="250,250,330,170" oya="1" hai0="39,126,3,129,85,110,83,101,47,95,28,63,123" hai1="16,78,120,32,113,124,131,112,18,92,23,48,4" hai2="128,38,93,116,27,40,80,73,86,114,20,117,21" hai3="109,74,84,36,31,46,24,13,67,44,77,133,41"/><U26/><E120/><V57/><F128/><W79/><G109/><T19/><D129/><U102/><E131/><V35/><F114/><W49/><G133/><T55/><D110/><U70/><E124/><V10/><F73/><W118/><G118/><T37/><D3/><U51/><E70/><V130/><F93/><W135/><G135/><T107/><D107/><U111/><E111/><V103/><F103/><W61/><G74/><T90/><D28/><U14/><E78/><V105/><F105/><W17/><G84/><T132/><D132/><U82/><E82/><V25/><F10/><W7/><G17/><T104/><D104/><U89/><E102/><V34/><F57/><W96/><G96/><T98/><D126/><U71/><E71/><V91/><F130/><W12/><G12/><T99/><D99/><U72/><E72/><V87/><F40/><W56/><G13/><T75/><D75/><U33/><E4/><V88/><REACH who="2" step="1"/><F38/><REACH who="2" ten="250,250,320,170" step="2"/><W43/><REACH who="3" step="1"/><G7/><REACH who="3" ten="250,250,320,160" step="2"/><T119/><D123/><U134/><E134/><V106/><F106/><W66/><G66/><T60/><D119/><U76/><E113/><V121/><F121/><W115/><G115/><T94/><D98/><U11/><E112/><V81/><AGARI ba="0,2" hai="20,21,25,27,34,35,80,81,86,87,88,91,116,117" machi="81" ten="25,8000,1" yaku="1,1,0,1,22,2,54,1,53,0" doraHai="1" doraHaiUra="6" who="2" fromWho="2" sc="250,-20,250,-40,320,100,160,-20" /><INIT seed="2,0,0,4,0,134" ten="230,210,420,140" oya="2" hai0="46,18,48,50,1,89,43,51,115,77,70,128,8" hai1="131,40,28,84,74,103,14,97,44,20,34,68,6" hai2="85,108,81,129,22,114,99,52,59,106,125,36,32" hai3="73,64,82,87,4,41,61,91,23,121,101,124,105"/><V88/><F125/><W109/><G121/><T111/><D115/><U56/><E74/><V112/><F32/><W96/><G109/><T0/><D70/><U126/><E68/><V53/><F36/><W16/><G4/><T58/><D77/><U66/><E131/><V57/><F129/><W90/><G41/><T13/><D111/><U11/><E34/><V33/><F33/><W119/><G119/><T135/><D135/><U29/><E126/><V55/><F108/><W25/><G73/><T117/><D128/><U17/><E84/><V133/><F133/><W76/><REACH who="3" step="1"/><G124/><REACH who="3" ten="230,210,420,130" step="2"/><T92/><D117/><U98/><E103/><V72/><F72/><W123/><G123/><T7/><D7/><U118/><E118/><V49/><F112/><W37/><G37/><T27/><D43/><U69/><E69/><AGARI ba="0,1" hai="16,23,25,61,64,69,76,82,87,90,91,96,101,105" machi="69" ten="30,3900,0" yaku="1,1,7,1,54,1,53,0" doraHai="134" doraHaiUra="5" who="3" fromWho="1" sc="230,0,210,-39,420,0,130,49" /><INIT seed="3,0,0,2,1,68" ten="230,171,420,179" oya="3" hai0="64,98,37,110,60,129,38,96,71,14,134,28,76" hai1="9,56,29,116,109,18,57,101,83,131,80,115,73" hai2="132,0,125,47,88,97,74,6,39,21,84,48,8" hai3="117,31,2,92,32,4,95,122,77,94,50,114,65"/><W66/><G117/><T55/><D110/><U44/><E116/><V23/><F39/><W40/><G114/><T10/><D28/><U81/><E115/><V118/><F74/><W26/><G122/><T106/><D129/><U69/><E131/><V113/><F113/><W15/><G2/><T46/><D134/><U41/><E69/><V35/><F35/><W127/><G127/><T51/><D76/><U86/><E73/><V124/><F97/><W82/><G4/><T123/><D96/><U100/><E29/><V70/><F70/><W45/><REACH who="3" step="1"/><G15/><REACH who="3" ten="230,171,420,169" step="2"/><T108/><D123/><U91/><E109/><V63/><F118/><W59/><G59/><T19/><D108/><U85/><E57/><V90/><F125/><W112/><G112/><T22/><D71/><U120/><E56/><V24/><F124/><W3/><G3/><T54/><D14/><N who="1" m="7503" /><E120/><V104/><F0/><W128/><G128/><T30/><D64/><U61/><E61/><V12/><F63/><W5/><G5/><T135/><D60/><U107/><E107/><V42/><F104/><W20/><G20/><T49/><D106/><U93/><E86/><AGARI ba="0,1" hai="26,31,32,40,45,50,65,66,77,82,86,92,94,95" machi="86" ten="40,3900,0" yaku="1,1,53,1" doraHai="68" doraHaiUra="79" who="3" fromWho="1" sc="230,0,171,-39,420,0,169,49" /><INIT seed="3,1,0,2,0,94" ten="230,132,420,218" oya="3" hai0="95,91,25,114,8,17,78,75,120,63,29,131,83" hai1="22,40,88,41,1,38,6,85,100,45,86,102,123" hai2="82,32,74,73,134,97,10,129,13,59,80,104,53" hai3="20,4,46,119,113,3,49,67,135,30,57,108,101"/><W92/><G113/><T103/><D120/><U37/><E123/><V15/><F32/><W39/><G119/><T33/><D114/><U54/><E54/><V132/><F129/><W24/><G135/><N who="2" m="51753" /><F97/><W66/><G39/><T96/><D131/><U5/><E22/><V31/><F104/><W18/><G108/><T130/><D130/><U56/><E56/><V124/><F31/><W115/><G115/><T36/><D36/><U58/><E58/><V64/><F64/><W107/><G107/><T68/><D17/><U61/><E61/><N who="2" m="36079" /><F124/><W126/><G126/><T52/><D8/><U60/><E60/><V9/><F15/><W112/><G112/><T50/><D50/><U43/><E1/><V118/><F118/><W44/><G3/><T26/><D52/><U65/><E65/><N who="3" m="24586" /><G4/><T128/><D68/><U28/><E28/><V12/><F10/><W121/><G121/><T111/><D128/><U116/><E116/><V42/><F42/><N who="3" m="24727" /><G57/><T72/><D111/><U127/><E127/><V34/><F34/><W62/><G62/><T110/><D63/><U55/><E55/><V27/><F73/><W69/><G69/><T14/><D110/><U105/><E105/><V133/><F74/><W71/><G71/><T81/><D33/><U84/><E38/><V7/><F133/><W89/><G46/><T79/><D29/><U117/><E117/><V35/><F35/><W99/><G30/><T77/><D72/><U93/><E45/><V51/><F7/><N who="1" m="2569" /><E37/><V87/><F9/><W109/><G109/><T70/><D70/><U90/><E93/><V122/><F122/><RYUUKYOKU ba="1,0" sc="230,-15,132,15,420,-15,218,15" hai1="40,41,43,84,85,86,88,90,100,102" hai3="18,20,24,89,92,99,101" /><INIT seed="3,2,0,1,5,55" ten="215,147,405,233" oya="3" hai0="67,61,19,22,0,30,66,49,51,52,68,85,104" hai1="76,18,20,103,106,114,100,130,131,135,59,111,23" hai2="108,36,69,26,21,86,91,81,84,82,98,128,110" hai3="71,16,78,9,3,127,8,45,74,27,134,34,1"/><W92/><G71/><T122/><D122/><U15/><E114/><V33/><F33/><W10/><G74/><T38/><D38/><U105/><E135/><V54/><F128/><W65/><G78/><T35/><D104/><U41/><E111/><N who="2" m="42539" /><F36/><W7/><G65/><T101/><D51/><U79/><E15/><V72/><F72/><W64/><G64/><T132/><D66/><U63/><E18/><N who="2" m="12599" /><F54/><W14/><G45/><T12/><D0/><N who="3" m="73" /><G92/><T24/><D132/><U109/><E109/><V29/><F29/><N who="3" m="19775" /><G134/><T83/><D101/><U90/><E90/><N who="2" m="51471" /><F98/><W17/><G127/><T97/><D97/><U44/><E44/><V93/><F69/><W50/><G50/><T120/><D120/><U39/><E39/><V112/><F93/><W28/><G28/><T124/><D124/><U25/><E25/><V119/><F112/><W2/><G9/><T62/><D67/><U75/><E75/><V123/><F123/><W40/><G40/><T53/><D53/><U129/><E129/><V77/><F77/><W95/><G95/><T89/><D68/><U99/><E99/><V121/><F121/><W56/><G56/><AGARI ba="2,0" hai="12,19,22,24,30,35,49,52,56,61,62,83,85,89" machi="56" ten="30,3900,0" yaku="7,1,52,1,54,1" doraHai="55" who="0" fromWho="3" sc="215,45,147,0,405,0,233,-45" owari="260,6.0,147,-35.3,405,50.5,188,-21.2" /></mjloggm>