<mjloggm ver="2.3"><GO type="225" lobby="0"/><UN n0="%E8%A8%88%E7%AE%97%E6%A9%9F%E8%87%AA%E7%84%B6" n1="%E7%9C%9F%E4%B8%80" n2="%43%68%65" n3="%6D%75%75%6D%75%72%61" dan="17,17,16,17" rate="2174.27,2225.59,2091.52,2203.91" sx="M,M,M,F"/><TAIKYOKU oya="0"/><INIT seed="0,0,0,3,2,45" ten="250,250,250,250" oya="0" hai0="103,85,13,75,37,24,64,93,70,89,90,88,116" hai1="91,30,7,18,81,9,135,8,121,32,134,54,117" hai2="92,122,35,14,87,0,126,12,72,132,120,11,61" hai3="44,58,29,43,76,4,27,46,42,111,131,38,119"/><T124/><D116/><U51/><E117/><V52/><F72/><W31/><G119/><T56/><D75/><U96/><E121/><V53/><F35/><W97/><G111/><T1/><D1/><U123/><E123/><V127/><F0/><W36/><G131/><T57/><D37/><U110/><E110/><V60/><F92/><W118/><G118/><T106/><D124/><U5/><E32/><V6/><F87/><W40/><G40/><T115/><D115/><U84/><E96/><V62/><F132/><N who="1" m="50729" /><E30/><V67/><F67/><W94/><G76/><T28/><D13/><N who="2" m="5226" /><F11/><N who="1" m="4169" /><E18/><V102/><F102/><W105/><G105/><T80/><D106/><U74/><E74/><V83/><F83/><W50/><G4/><T113/><D113/><U104/><E104/><V82/><F82/><W79/><G79/><T20/><D103/><U99/><E99/><V100/><F6/><W95/><G27/><T65/><D70/><U98/><E98/><V26/><F26/><W86/><G86/><N who="0" m="52375" /><D90/><U109/><E109/><V128/><F100/><W41/><G41/><T129/><D129/><U10/><N who="1" m="4177" /><U114/><DORA hai="47" /><E114/><V78/><F78/><W112/><G112/><T17/><D17/><U77/><E77/><V107/><F107/><W63/><G36/><T21/><D21/><U125/><E125/><N who="2" m="47627" /><F128/><W55/><G95/><T2/><D2/><U49/><E5/><V101/><F101/><AGARI ba="0,0" hai="29,31,38,42,43,44,46,50,55,58,63,94,97,101" machi="101" ten="30,3900,0" yaku="7,1,52,2" doraHai="45,47" who="3" fromWho="2" sc="250,0,250,0,250,-39,250,39" /><INIT seed="1,0,0,1,2,32" ten="250,250,211,289" oya="1" hai0="39,3,117,14,53,34,104,89,98,130,49,50,13" hai1="6,56,48,69,30,107,106,118,74,64,84,4,113" hai2="72,67,52,27,95,31,1,111,66,80,5,29,22" hai3="128,60,96,126,91,18,124,51,35,88,132,127,55"/><U8/><E118/><V92/><F111/><W116/><G116/><T122/><D39/><U17/><E74/><V57/><F31/><W73/><G128/><T43/><D34/><U133/><E69/><V71/><F71/><W93/><G132/><T25/><D122/><U79/><E30/><V11/><F72/><W135/><G135/><T41/><D3/><U61/><E113/><V2/><F2/><W26/><G73/><T103/><D25/><U45/><E133/><V105/><F80/><W33/><G91/><T23/><D130/><U75/><E75/><V129/><F105/><W114/><G114/><T21/><D89/><U121/><E121/><V63/><REACH who="2" step="1"/><F129/><REACH who="2" ten="250,250,201,289" step="2"/><W77/><G77/><T100/><D104/><U42/><E107/><V97/><F97/><W90/><G35/><T99/><D117/><U85/><E106/><V115/><F115/><W81/><G33/><T9/><D9/><U7/><E79/><V83/><F83/><W58/><G81/><T20/><D20/><U12/><AGARI ba="0,1" hai="4,6,7,8,12,17,42,45,48,56,61,64,84,85" machi="12" ten="30,3000,0" yaku="0,1,8,1" doraHai="32" who="1" fromWho="1" sc="250,-10,250,40,201,-10,289,-10" /><INIT seed="1,1,0,1,3,27" ten="240,290,191,279" oya="1" hai0="49,28,81,92,113,89,21,7,87,29,79,104,131" hai1="126,26,96,78,86,74,22,3,65,108,23,122,84" hai2="44,31,115,83,13,42,107,8,88,33,95,101,6" hai3="30,125,67,109,97,20,73,41,18,94,54,132,91"/><U11/><E122/><V10/><F115/><W121/><G121/><T40/><D113/><U45/><E126/><V111/><F111/><W57/><G109/><T93/><D104/><U46/><E74/><V120/><F120/><W130/><G125/><T36/><D36/><U116/><E116/><V37/><F107/><W117/><G117/><T52/><D131/><U76/><E65/><V71/><F71/><W38/><G130/><T77/><D40/><U55/><E108/><V50/><F37/><W2/><G2/><T14/><D93/><U15/><E3/><V82/><F101/><W1/><G1/><T70/><D70/><U80/><E96/><V135/><F10/><W47/><G132/><T134/><D134/><U127/><E127/><V66/><F66/><W85/><G73/><T4/><D21/><U124/><E124/><V56/><F135/><W5/><G5/><N who="0" m="2123" /><D14/><U51/><E46/><V133/><F56/><W19/><G85/><N who="0" m="48303" /><D79/><U43/><E43/><V105/><F105/><W72/><G72/><T112/><D112/><U98/><E98/><V12/><F12/><W100/><G100/><T0/><D0/><U129/><E26/><V48/><F133/><W110/><G110/><T106/><D106/><U64/><E129/><V35/><F35/><W61/><G67/><T99/><D99/><U58/><E78/><V39/><F83/><W123/><G123/><T128/><D128/><U75/><E75/><V25/><REACH who="2" step="1"/><F82/><REACH who="2" ten="240,290,181,279" step="2"/><W59/><REACH who="3" step="1"/><G57/><AGARI ba="1,1" hai="28,29,49,52,57,87,89,92" m="48303,2123" machi="57" ten="30,7700,0" yaku="8,1,52,2,54,1" doraHai="27" who="0" fromWho="3" sc="240,90,290,0,181,0,279,-80" /><INIT seed="2,0,0,1,0,91" ten="330,290,181,199" oya="2" hai0="95,12,24,126,25,10,94,14,45,41,18,64,53" hai1="104,2,6,40,19,84,50,4,38,78,7,15,43" hai2="82,3,58,62,114,74,44,125,119,73,42,79,26" hai3="96,8,75,129,36,23,70,103,100,65,116,81,113"/><V55/><F114/><W135/><G116/><T52/><D126/><U66/><E104/><V121/><F125/><W49/><G36/><T123/><D123/><U32/><E38/><V33/><F119/><W28/><G129/><T61/><D14/><U117/><E2/><V51/><F3/><W128/><G128/><T88/><D95/><U63/><E32/><V1/><F1/><W115/><G135/><T92/><D92/><U57/><E117/><V11/><F11/><W134/><G134/><T83/><D83/><N who="1" m="47223" /><E50/><V101/><F101/><W89/><G75/><T110/><D110/><U31/><E31/><V111/><F74/><W47/><G70/><T98/><D24/><U16/><E19/><V56/><F111/><W107/><G103/><T37/><D25/><U133/><E133/><V112/><F112/><W77/><G77/><T60/><D60/><U122/><E122/><V87/><F73/><W131/><G131/><T118/><D118/><U35/><E35/><V130/><F130/><W9/><G115/><T71/><AGARI ba="0,0" hai="10,12,18,37,41,45,52,53,61,64,71,88,94,98" machi="71" ten="20,8000,1" yaku="0,1,7,1,52,1,54,2" doraHai="91" who="0" fromWho="0" sc="330,80,290,-20,181,-40,199,-20" /><INIT seed="3,0,0,2,4,23" ten="410,270,141,179" oya="3" hai0="41,29,80,97,126,93,127,59,28,92,120,76,51" hai1="20,81,43,91,32,72,106,14,61,5,114,30,99" hai2="78,46,53,98,128,101,111,56,26,52,130,79,48" hai3="90,125,24,117,85,103,54,67,10,132,34,55,84"/><W36/><G117/><T7/><D7/><U8/><E32/><V40/><F111/><W75/><G75/><T16/><D16/><U122/><E43/><V124/><F124/><N who="0" m="47658" /><D92/><U13/><E91/><V6/><F6/><W129/><G67/><T115/><D120/><U15/><E61/><V70/><F70/><W27/><G85/><T77/><D115/><U113/><E81/><V123/><F123/><W58/><G34/><T121/><D76/><U38/><E38/><V105/><F53/><W25/><G36/><T94/><D94/><U96/><E72/><V131/><REACH who="2" step="1"/><F26/><REACH who="2" ten="410,270,131,179" step="2"/><W4/><G125/><T47/><D121/><U45/><E122/><V110/><F110/><W88/><G54/><T134/><D134/><U33/><E114/><V57/><F57/><W39/><G132/><T65/><D59/><U69/><E69/><V60/><AGARI ba="0,1" hai="40,46,48,52,56,60,78,79,98,101,105,128,130,131" machi="60" ten="30,7900,0" yaku="1,1,0,1,19,1,54,1,53,0" doraHai="23" doraHaiUra="0" who="2" fromWho="2" sc="410,-20,270,-20,131,89,179,-39" owari="390,49.0,250,5.0,220,-18.0,140,-36.0" /></mjloggm>