<mjloggm ver="2.3"><GO type="225" lobby="0"/><UN n0="%33%74%72%65%65" n1="%4D%6F%6E%61%6E%61" n2="%E4%BF%BA%E3%81%A8%E5%A6%96%E5%A4%A2" n3="%E6%81%A5%E6%99%92%E3%81%97" dan="16,16,17,16" rate="2125.35,2112.36,2177.95,2105.64" sx="F,F,F,M"/><TAIKYOKU oya="0"/><INIT seed="0,0,0,3,4,20" ten="250,250,250,250" oya="0" hai0="16,46,1,26,123,81,64,90,74,21,133,120,98" hai1="45,96,66,110,9,112,34,55,109,5,117,91,67" hai2="134,43,68,79,92,24,131,7,129,128,62,77,105" hai3="0,48,27,13,101,83,97,102,30,130,121,59,86"/><T88/><D133/><U49/><E117/><V10/><F134/><W54/><G0/><T29/><D1/><U22/><E112/><V32/><F105/><W31/><G130/><T47/><D123/><U14/><E34/><V23/><F32/><W12/><G121/><T95/><D120/><U37/><E37/><V2/><F43/><W113/><G113/><T132/><D132/><U3/><E3/><V71/><F92/><W25/><G31/><T56/><D29/><U11/><E11/><V114/><F114/><W115/><G115/><T84/><D74/><U58/><E45/><V51/><F51/><W118/><G118/><T57/><D57/><U63/><E22/><V87/><F87/><W108/><G108/><N who="1" m="41578" /><E63/><AGARI ba="0,0" hai="16,21,26,46,47,56,63,64,81,84,88,90,95,98" machi="63" ten="40,12000,1" yaku="8,1,52,1,54,2" doraHai="20" who="0" fromWho="1" sc="250,120,250,-120,250,0,250,0" /><INIT seed="0,1,0,0,4,83" ten="370,130,250,250" oya="0" hai0="92,102,115,78,40,101,26,64,112,53,114,52,74" hai1="110,31,25,66,27,61,87,11,75,8,116,106,30" hai2="118,6,47,13,59,80,1,2,62,36,97,129,41" hai3="130,49,72,89,9,100,122,35,134,70,4,88,69"/><T111/><D111/><U84/><E116/><V5/><F118/><W54/><G72/><T29/><D40/><U12/><E75/><V128/><F97/><W79/><G35/><T119/><D119/><U109/><E106/><V24/><F24/><W42/><G130/><N who="2" m="50281" /><F80/><W125/><G125/><T55/><D64/><U68/><E12/><V121/><F121/><W117/><G117/><T28/><D28/><U14/><E14/><V48/><F36/><W91/><G122/><T90/><D78/><U133/><E133/><V10/><F6/><W76/><G134/><T126/><D74/><U94/><E94/><V60/><F60/><W123/><G42/><T105/><D105/><U32/><E11/><V21/><F21/><W73/><G100/><T22/><REACH who="0" step="1"/><D126/><REACH who="0" ten="360,130,250,250" step="2"/><U57/><E68/><V113/><F113/><W16/><G70/><T45/><D45/><U135/><E135/><V46/><F47/><N who="3" m="27967" /><G69/><T93/><D93/><U15/><E109/><V82/><F82/><W39/><G73/><T131/><D131/><U71/><E110/><V67/><AGARI ba="1,1" hai="1,2,5,10,13,41,46,48,59,62,67" m="50281" machi="67" ten="30,1100,0" yaku="19,1" doraHai="83" who="2" fromWho="2" sc="360,-6,130,-4,250,24,250,-4" /><INIT seed="1,0,0,5,3,30" ten="354,126,274,246" oya="1" hai0="17,109,132,91,100,37,85,117,123,133,126,40,7" hai1="38,14,11,18,75,76,72,93,42,43,41,80,59" hai2="112,89,70,135,131,69,62,25,15,3,63,84,95" hai3="65,125,124,99,27,129,68,128,52,121,60,24,20"/><U86/><E38/><V73/><F3/><W53/><G99/><T127/><D109/><U83/><E75/><V130/><F73/><W134/><G121/><T6/><D117/><U10/><E93/><V116/><F116/><W115/><G115/><T46/><D100/><U19/><E59/><V97/><F112/><W39/><G27/><T13/><D123/><U8/><REACH who="1" step="1"/><E14/><REACH who="1" ten="354,116,274,246" step="2"/><V120/><F120/><W56/><G39/><T119/><D13/><U114/><E114/><V48/><F15/><W71/><G56/><T107/><D37/><U67/><E67/><V111/><F70/><W49/><G71/><T22/><D119/><U4/><E4/><V31/><F69/><W5/><G5/><T96/><D6/><U26/><E26/><V81/><F25/><W92/><G92/><T110/><D7/><U21/><E21/><V12/><F12/><W34/><G20/><T35/><D22/><U29/><E29/><V101/><F31/><N who="3" m="19815" /><G128/><T98/><D35/><U2/><E2/><V9/><F131/><W55/><G129/><T122/><D122/><U33/><E33/><V87/><F130/><W16/><G16/><T78/><D17/><U82/><E82/><V23/><F23/><W36/><G36/><T103/><D107/><U104/><E104/><V0/><F0/><W66/><G65/><T90/><D133/><U1/><E1/><V118/><F135/><W77/><G134/><T45/><D132/><U57/><E57/><V113/><F113/><W108/><G68/><T74/><D74/><U44/><E44/><V28/><F118/><W94/><G94/><RYUUKYOKU ba="0,1" sc="354,-10,116,30,274,-10,246,-10" hai1="8,10,11,18,19,41,42,43,72,76,80,83,86" /><INIT seed="1,1,1,0,2,7" ten="344,146,264,236" oya="1" hai0="93,127,121,48,106,27,81,115,99,108,60,86,101" hai1="59,47,89,133,116,102,94,57,130,0,5,36,49" hai2="128,105,104,79,113,119,87,64,29,98,96,88,91" hai3="33,97,34,92,21,82,111,76,67,45,52,12,109"/><U75/><E75/><V107/><F64/><W103/><G67/><T9/><D115/><U55/><E116/><V1/><F1/><W62/><G21/><T125/><D108/><N who="3" m="41545" /><G12/><T46/><D121/><U10/><E130/><V43/><F119/><W11/><G11/><T77/><D27/><U112/><E112/><V95/><F113/><W72/><G45/><T114/><D114/><U66/><E133/><V20/><F128/><W30/><G30/><T25/><D25/><U40/><E102/><V131/><F131/><W84/><G72/><T16/><D60/><U65/><REACH who="1" step="1"/><E57/><AGARI ba="1,1" hai="33,34,52,57,62,76,82,84,92,97,103" m="41545" machi="57" ten="30,2000,0" yaku="14,1,54,1" doraHai="7" who="3" fromWho="1" sc="344,0,146,-23,264,0,236,33" /><INIT seed="2,0,0,1,2,89" ten="344,123,264,269" oya="2" hai0="28,20,9,19,105,72,87,33,117,120,79,26,77" hai1="101,47,12,124,24,57,73,63,127,2,15,51,39" hai2="112,46,122,14,114,45,84,106,134,31,90,108,18" hai3="110,65,133,67,78,100,60,22,85,32,74,1,88"/><V25/><F122/><W43/><G32/><T131/><D120/><U61/><E2/><V111/><F106/><W96/><G110/><N who="2" m="42025" /><F134/><W64/><G1/><T66/><D131/><U5/><E73/><V4/><F4/><W48/><G133/><T23/><D72/><U16/><E39/><V42/><F14/><W37/><G37/><T10/><D105/><U44/><E101/><V116/><F18/><W6/><G6/><T70/><D117/><U98/><E5/><V118/><F118/><W97/><G74/><T13/><D33/><U80/><E80/><N who="2" m="49415" /><F116/><W91/><G22/><T71/><D77/><U113/><E113/><N who="2" m="43627" /><F42/><W11/><G11/><T81/><REACH who="0" step="1"/><D66/><REACH who="0" ten="334,123,264,269" step="2"/><U0/><E0/><V41/><F41/><W76/><G65/><T93/><D93/><U3/><E3/><V104/><F104/><W52/><G64/><T56/><D56/><U58/><E57/><V121/><F121/><W8/><G67/><T99/><D99/><U36/><E58/><V103/><F103/><W34/><G100/><T130/><D130/><U69/><E69/><AGARI ba="0,1" hai="9,10,13,19,20,23,26,28,69,70,71,79,81,87" machi="69" ten="40,2600,0" yaku="1,1,53,1" doraHai="89" doraHaiUra="83" who="0" fromWho="1" sc="334,36,123,-26,264,0,269,0" /><INIT seed="3,0,0,4,2,56" ten="370,97,264,269" oya="3" hai0="120,103,119,79,130,33,132,129,23,11,62,51,45" hai1="24,53,54,3,18,59,67,105,92,88,93,16,35" hai2="83,85,50,91,97,20,110,12,81,40,28,17,68" hai3="69,82,36,104,25,115,124,106,61,47,14,95,37"/><W26/><G115/><T44/><D33/><U100/><E3/><V0/><F0/><W21/><G95/><T78/><D119/><U10/><E105/><V133/><F68/><W128/><G82/><T42/><D120/><U84/><E35/><V107/><F110/><W52/><G124/><T48/><D132/><U116/><E116/><V49/><F133/><W9/><G128/><N who="0" m="49259" /><D103/><U126/><E126/><V94/><F28/><W15/><G69/><T38/><D11/><U34/><E34/><V87/><F40/><W22/><G47/><N who="0" m="24023" /><D62/><U113/><E113/><V72/><F72/><W135/><G135/><T108/><D108/><U98/><E18/><V30/><F30/><W46/><G9/><T7/><D7/><U60/><REACH who="1" step="1"/><E10/><REACH who="1" ten="370,87,264,269" step="2"/><V66/><F107/><W114/><G114/><T131/><D131/><U63/><E63/><V4/><F17/><W32/><G32/><T101/><D23/><U127/><E127/><V13/><F20/><W102/><G61/><T99/><D51/><U58/><E58/><V134/><F134/><W121/><G22/><T27/><D48/><U86/><E86/><N who="2" m="32779" /><F49/><N who="3" m="28727" /><G106/><N who="0" m="63807" /><D45/><U112/><E112/><V123/><F50/><W1/><G1/><T8/><D44/><U122/><E122/><V55/><F123/><W117/><G121/><T71/><D8/><U125/><E125/><V96/><F96/><N who="3" m="61511" /><G117/><T41/><D71/><U19/><E19/><V75/><F97/><W77/><G21/><T6/><D6/><U39/><E39/><V2/><F4/><W29/><G36/><T57/><D57/><U109/><E109/><V118/><F118/><RYUUKYOKU ba="0,1" sc="370,-10,87,30,264,-10,269,-10" hai1="16,24,53,54,59,60,67,84,88,92,93,98,100" owari="370,47.0,117,-38.3,254,-14.6,259,5.9" /></mjloggm>