<mjloggm ver="2.3"><GO type="225" lobby="0"/><UN n0="%6E%69%63%6B%6C%6F%77" n1="%79%69%6E%6E%65%72%30%36" n2="%E3%81%86%E3%83%BC%E3%81%B1%E3%83%BC" n3="%E8%81%B7%E6%A5%AD%E3%80%81%E9%A2%A8%32" dan="16,17,16,16" rate="2090.45,2159.74,2200.71,2162.81" sx="F,F,F,M"/><TAIKYOKU oya="0"/><INIT seed="0,0,0,2,3,135" ten="250,250,250,250" oya="0" hai0="47,122,10,56,52,18,14,49,91,6,109,16,93" hai1="87,51,76,111,86,41,60,98,84,124,131,70,78" hai2="1,72,9,81,125,36,83,95,38,105,44,53,42" hai3="118,108,45,29,89,22,107,106,119,5,88,120,20"/><T134/><D122/><U2/><E111/><V101/><F38/><W97/><G5/><T74/><D74/><U104/><E131/><V126/><F53/><W64/><G45/><T94/><D134/><U28/><E2/><V4/><F95/><W30/><G97/><T92/><D109/><U33/><E41/><V100/><F83/><W11/><G11/><T110/><D110/><U130/><E51/><V96/><F101/><W46/><G46/><T68/><D68/><U121/><E121/><V31/><F31/><N who="3" m="11787" /><G64/><T112/><D112/><U128/><E60/><V65/><F65/><W133/><G133/><T103/><D103/><N who="1" m="62583" /><E70/><V58/><F58/><W66/><G66/><T21/><D56/><U90/><E28/><V129/><F129/><N who="1" m="49769" /><E33/><V7/><F4/><W54/><G54/><T79/><D79/><AGARI ba="0,0" hai="1,7,9,36,42,44,72,79,81,96,100,105,125,126" machi="79" ten="40,12000,2" yaku="25,2,23,2,52,2" doraHai="135" who="2" fromWho="0" sc="250,-120,250,0,250,120,250,0" /><INIT seed="1,0,0,3,4,91" ten="130,250,370,250" oya="1" hai0="48,29,23,74,35,43,127,0,103,88,34,128,27" hai1="83,57,46,60,65,102,14,55,134,133,24,4,36" hai2="94,111,9,61,7,113,92,73,50,64,71,58,105" hai3="101,110,122,39,38,116,54,18,68,124,120,104,123"/><U56/><E102/><V22/><F105/><W95/><G116/><T81/><D0/><U98/><E98/><V132/><F73/><W99/><G110/><T129/><D103/><U96/><E96/><V89/><F111/><W13/><G68/><T44/><D74/><U28/><E83/><V62/><F50/><W79/><G124/><T2/><D2/><U16/><E4/><V76/><F76/><W45/><G79/><T77/><D77/><U114/><E114/><V17/><F89/><W118/><G118/><T108/><D127/><U59/><E36/><V80/><F80/><W109/><G109/><T47/><D47/><U10/><E46/><V6/><F6/><W119/><G119/><T12/><D108/><U21/><REACH who="1" step="1"/><E55/><REACH who="1" ten="130,240,370,250" step="2"/><V51/><F7/><W125/><G125/><T130/><REACH who="0" step="1"/><D12/><REACH who="0" ten="120,240,370,250" step="2"/><U107/><E107/><V75/><F75/><W32/><G104/><T126/><D126/><U84/><E84/><AGARI ba="0,2" hai="23,27,29,34,35,43,44,48,81,84,88,128,129,130" machi="84" ten="40,5200,0" yaku="1,1,19,1,54,1,53,0" doraHai="91" doraHaiUra="135" who="0" fromWho="1" sc="120,72,240,-52,370,0,250,0" /><INIT seed="2,0,0,3,2,70" ten="192,188,370,250" oya="2" hai0="36,130,123,76,37,14,25,29,3,49,81,129,134" hai1="15,132,61,93,91,127,12,114,113,82,122,94,20" hai2="95,13,6,119,67,68,17,53,84,42,108,19,101" hai3="16,41,124,45,104,5,38,98,126,80,118,10,1"/><V30/><F119/><W39/><G118/><T110/><D123/><U120/><E132/><V50/><F42/><W128/><G128/><N who="0" m="49259" /><D3/><U92/><E127/><N who="3" m="48682" /><G80/><T2/><D2/><U107/><E61/><V115/><F30/><W74/><G74/><N who="0" m="43159" /><D134/><U23/><E107/><V125/><F6/><W65/><G65/><T69/><D69/><U46/><E46/><V7/><F7/><W78/><G78/><T32/><D110/><U55/><E55/><V58/><F67/><W22/><G98/><T109/><D109/><U47/><E47/><V59/><F68/><W51/><G104/><T11/><D49/><U89/><E82/><V116/><F50/><W96/><G96/><T66/><D66/><U57/><REACH who="1" step="1"/><E92/><REACH who="1" ten="192,178,370,250" step="2"/><V133/><F95/><W75/><G75/><T105/><D105/><U121/><E121/><V90/><F125/><W88/><G45/><T79/><D79/><U73/><E73/><V135/><F133/><W85/><G41/><T77/><D77/><U48/><E48/><V86/><F135/><W112/><G51/><T8/><D8/><U106/><E106/><V111/><F108/><W71/><G71/><T64/><D64/><U103/><E103/><V34/><F101/><W52/><G52/><T102/><D102/><U40/><E40/><V56/><F53/><W26/><G10/><T117/><D117/><U63/><E63/><V54/><F116/><W97/><G39/><T35/><D35/><U83/><E83/><V18/><F54/><W99/><G38/><N who="0" m="14955" /><D11/><U44/><E44/><V24/><F111/><W72/><G1/><T4/><D4/><RYUUKYOKU ba="0,1" sc="192,15,178,15,370,-15,250,-15" hai0="14,25,29,32" hai1="12,15,20,23,57,89,91,93,94,113,114,120,122" /><INIT seed="3,1,1,2,3,30" ten="207,193,355,235" oya="3" hai0="123,39,78,61,110,101,119,93,81,133,67,18,74" hai1="44,121,86,48,22,46,2,5,106,76,29,0,75" hai2="38,19,41,96,63,131,43,92,31,87,14,7,27" hai3="70,1,116,90,56,21,99,127,129,23,71,128,73"/><W105/><G116/><T115/><D119/><U62/><E106/><V28/><F38/><W125/><G73/><T104/><D123/><U34/><E121/><V95/><F131/><N who="3" m="50251" /><G1/><T117/><D117/><U59/><E75/><V17/><F63/><W120/><G120/><T108/><D39/><U102/><E102/><V89/><F7/><W130/><G56/><T64/><D104/><U55/><E34/><V37/><F37/><W60/><G60/><T42/><D42/><N who="2" m="15882" /><F27/><W69/><G90/><T58/><D133/><U16/><E0/><V11/><F19/><W134/><G134/><T65/><D18/><U54/><E2/><V4/><F17/><W118/><G118/><T113/><D93/><U15/><E29/><V84/><F84/><W107/><G130/><T88/><D88/><AGARI ba="1,1" hai="4,11,14,28,31,87,88,89,92,95,96" m="15882" machi="88" ten="30,2000,0" yaku="8,1,54,1" doraHai="30" who="2" fromWho="0" sc="207,-23,193,0,355,33,235,0" owari="184,-31.6,193,-20.7,388,48.8,235,3.5" /></mjloggm>