<mjloggm ver="2.3"><GO type="225" lobby="0"/><UN n0="%72%61%6B%33" n1="%73%6C%69%63%6B%33%31%39" n2="%72%69%6F%75%63%68%61%6E" n3="%E2%98%86%E5%AD%AB%E7%87%95%E5%A7%BF%E2%98%86" dan="16,17,17,16" rate="2172.88,2178.22,2240.01,2187.15" sx="M,M,M,M"/><TAIKYOKU oya="0"/><INIT seed="0,0,0,4,4,122" ten="250,250,250,250" oya="0" hai0="83,30,96,72,104,110,7,126,17,131,18,119,125" hai1="6,27,79,108,114,49,65,81,73,135,11,76,116" hai2="102,62,51,38,0,64,100,56,105,94,68,97,32" hai3="130,28,67,66,40,23,26,85,31,36,55,90,13"/><T88/><D119/><U106/><E116/><V29/><F0/><W129/><G31/><T99/><D131/><N who="3" m="50185" /><G55/><T70/><D70/><U12/><E106/><V84/><F38/><W112/><G112/><T127/><D7/><U107/><E107/><V89/><F102/><W77/><G77/><N who="0" m="44455" /><D30/><U113/><E135/><V41/><F56/><W5/><G40/><T19/><D104/><U128/><E128/><V60/><F62/><W98/><G98/><N who="0" m="37419" /><D88/><U22/><E79/><V10/><F10/><N who="3" m="4303" /><G36/><T117/><D117/><U16/><E65/><V103/><F100/><W91/><G91/><T133/><D133/><U37/><E37/><V69/><F69/><W123/><G123/><T48/><D48/><U118/><E118/><V59/><F41/><W42/><G42/><T8/><D8/><U61/><E61/><V33/><REACH who="2" step="1"/><F29/><REACH who="2" ten="250,250,240,250" step="2"/><W43/><G43/><T3/><D3/><U1/><E49/><V75/><F75/><W24/><G24/><T20/><D20/><U87/><E73/><V120/><F120/><W109/><G26/><T21/><D21/><U46/><E1/><V78/><F78/><W74/><G74/><T52/><D52/><AGARI ba="0,1" hai="32,33,51,52,59,60,64,68,84,89,94,97,103,105" machi="52" ten="40,5200,0" yaku="1,1,54,1,53,1" doraHai="122" doraHaiUra="47" who="2" fromWho="0" sc="250,-52,250,0,240,62,250,0" /><INIT seed="1,0,0,2,3,33" ten="198,250,302,250" oya="1" hai0="120,80,124,4,11,15,122,125,130,127,28,53,22" hai1="75,87,25,68,23,133,72,91,59,60,104,103,56" hai2="121,134,2,83,62,100,114,89,118,14,96,10,66" hai3="95,128,106,126,79,71,99,123,116,61,74,32,82"/><U86/><E68/><V36/><F118/><W27/><G123/><N who="0" m="47147" /><D53/><U0/><E0/><V24/><F121/><W93/><G128/><T5/><D5/><U119/><E119/><V34/><F134/><W67/><G126/><T45/><D45/><U110/><BYE who="0" /><E133/><V1/><F114/><W113/><G113/><T85/><D85/><U94/><E110/><V117/><F36/><W115/><G115/><T9/><D9/><U111/><E111/><V97/><F117/><W105/><G116/><T3/><D3/><U69/><E69/><N who="2" m="42199" /><F97/><W107/><REACH who="3" step="1"/><G99/><REACH who="3" ten="198,250,302,240" step="2"/><T18/><D18/><U29/><E72/><V101/><F101/><W58/><G58/><T112/><D112/><U131/><E75/><V73/><F73/><W63/><G63/><T8/><D8/><U57/><E131/><V55/><F10/><W46/><G46/><T47/><D47/><U77/><E60/><V7/><F7/><W135/><G135/><T102/><D102/><U44/><E44/><V132/><F132/><W64/><G64/><T6/><D6/><U78/><E86/><N who="2" m="50399" /><F55/><W35/><G35/><T50/><D50/><U40/><E40/><V43/><F43/><W16/><G16/><T51/><D51/><U108/><E108/><V109/><F109/><W13/><G13/><T31/><D31/><AGARI ba="0,1" hai="27,31,32,61,67,71,74,79,82,93,95,105,106,107" machi="31" ten="40,1300,0" yaku="1,1,53,0" doraHai="33" doraHaiUra="98" who="3" fromWho="0" sc="198,-13,250,0,302,0,240,23" /><INIT seed="2,0,0,3,4,25" ten="185,250,302,263" oya="2" hai0="70,73,92,17,88,6,2,20,107,133,38,112,51" hai1="32,46,87,81,0,128,103,14,74,16,57,42,43" hai2="126,37,96,117,41,1,111,101,12,94,121,53,28" hai3="83,91,68,120,105,78,52,69,116,24,102,135,8"/><V132/><F117/><W63/><G116/><T49/><D49/><U109/><E0/><V23/><F121/><W108/><G120/><T127/><D127/><U97/><E32/><V93/><F132/><W26/><G135/><T47/><D47/><U50/><E74/><V55/><F126/><W48/><G91/><T62/><D62/><U4/><E109/><V21/><F1/><W80/><G80/><T10/><D10/><N who="1" m="6231" /><E57/><V61/><F111/><W134/><G108/><T18/><D18/><U56/><E56/><V90/><F61/><W7/><G102/><T36/><D36/><U31/><E4/><V84/><F12/><N who="3" m="5151" /><G105/><T13/><D13/><U113/><E113/><V54/><REACH who="2" step="1"/><F28/><REACH who="2" ten="185,250,292,263" step="2"/><W11/><G63/><T67/><D67/><U77/><E31/><V33/><F33/><W58/><G134/><T35/><D35/><U104/><E128/><V5/><F5/><W115/><G115/><T29/><D29/><U59/><E104/><V65/><F65/><W85/><G26/><T98/><D98/><U44/><E97/><V114/><F114/><W15/><G24/><T89/><D89/><U118/><E118/><V22/><F22/><W122/><G122/><T30/><D30/><U131/><E131/><V72/><F72/><W34/><G34/><T123/><D123/><U45/><E103/><V27/><F27/><W19/><G68/><T79/><D79/><U130/><E130/><V100/><F100/><W86/><G69/><T129/><D129/><U9/><E9/><V76/><F76/><W106/><G106/><T119/><D119/><U71/><E71/><RYUUKYOKU ba="0,1" sc="185,-30,250,10,292,10,263,10" hai1="42,43,44,45,46,50,59,77,81,87" hai2="21,23,37,41,53,54,55,84,90,93,94,96,101" hai3="11,15,19,48,52,58,78,83,85,86" /><INIT seed="2,1,1,5,3,129" ten="155,260,302,273" oya="2" hai0="32,12,127,112,77,117,116,99,89,90,134,67,94" hai1="28,15,26,11,25,98,100,4,115,14,41,119,95" hai2="60,75,61,72,49,53,27,6,80,63,65,131,17" hai3="1,9,59,66,34,73,35,91,31,46,50,92,44"/><V82/><F131/><W55/><G73/><T48/><D48/><U86/><E115/><V118/><F118/><W104/><G104/><T47/><D47/><U2/><E119/><V85/><F6/><W105/><G105/><T43/><D43/><U108/><E108/><V97/><F65/><W78/><G78/><T81/><D81/><U19/><E41/><V24/><F97/><W87/><G31/><T40/><D40/><U113/><E113/><V33/><F33/><W121/><G121/><T51/><D51/><U132/><E132/><V21/><F24/><W37/><G46/><T36/><D36/><U13/><E26/><V52/><F82/><W101/><G101/><T130/><D130/><U106/><E86/><V64/><F64/><W109/><G109/><T29/><D29/><U10/><REACH who="1" step="1"/><E106/><REACH who="1" ten="155,250,302,273" step="2"/><V23/><F53/><W122/><G122/><T58/><D58/><U30/><E30/><V5/><F75/><W20/><G37/><T123/><D123/><U3/><E3/><V128/><F72/><W42/><G42/><T70/><D70/><U125/><E125/><V88/><F128/><W83/><G55/><T16/><D16/><U7/><E7/><V111/><F111/><W0/><G0/><T120/><D120/><U22/><AGARI ba="1,2" hai="2,4,10,11,13,14,15,19,22,25,28,95,98,100" machi="22" ten="20,2700,0" yaku="1,1,0,1,7,1,53,0" doraHai="129" doraHaiUra="62" who="1" fromWho="1" sc="155,-8,250,50,302,-14,273,-8" /><INIT seed="3,0,0,3,4,44" ten="147,300,288,265" oya="3" hai0="60,54,91,2,112,119,101,83,107,33,23,3,124" hai1="51,92,35,79,9,49,39,98,52,66,21,65,30" hai2="74,11,56,99,61,19,108,88,111,71,53,93,95" hai3="41,127,5,113,62,7,68,82,15,59,38,134,78"/><W131/><G113/><T105/><D105/><U17/><E39/><V37/><F37/><W55/><G127/><T89/><D89/><N who="1" m="55567" /><E35/><V129/><F129/><W90/><G131/><T64/><D64/><N who="1" m="24683" /><E79/><V122/><F122/><W50/><G68/><T10/><D10/><U80/><E80/><V25/><F74/><W18/><G38/><T96/><D96/><U94/><E94/><N who="2" m="56775" /><F71/><W106/><G106/><T109/><D109/><N who="2" m="42058" /><F11/><W29/><G29/><T20/><D20/><AGARI ba="0,0" hai="19,20,25,53,56,61,93,95" m="42058,56775" machi="20" ten="30,3900,0" yaku="25,1,14,1,54,1" doraHai="44" who="2" fromWho="0" sc="147,-39,300,0,288,39,265,0" owari="108,-39.2,300,10.0,327,42.7,265,-13.5" /></mjloggm>