<mjloggm ver="2.3"><GO type="225" lobby="0"/><UN n0="%E6%B8%A1%E5%A4%A9%E8%97%8D" n1="%33%74%72%65%65" n2="%E7%99%BD%E6%97%A5%E9%9B%AA%E8%8F%9C" n3="%E3%81%BF%E3%81%BF%E3%81%9A" dan="16,16,17,17" rate="2080.98,2092.58,2222.03,2320.66" sx="M,F,M,M"/><TAIKYOKU oya="0"/><INIT seed="0,0,0,0,1,41" ten="250,250,250,250" oya="0" hai0="67,114,72,48,75,35,89,47,17,61,11,31,93" hai1="42,86,104,19,21,122,23,28,3,83,111,62,66" hai2="70,84,40,123,120,98,65,90,59,29,12,110,107" hai3="25,95,96,46,112,121,85,2,54,105,10,118,16"/><T13/><D114/><U82/><E122/><V5/><F70/><W132/><G112/><T1/><D1/><U113/><E113/><V55/><F65/><W44/><G118/><T94/><D31/><U4/><E111/><V134/><F110/><W45/><G105/><T20/><D35/><U30/><E104/><V15/><F29/><W34/><G34/><T6/><D93/><U37/><E4/><V78/><F78/><W130/><G121/><T76/><D76/><U108/><E3/><V64/><F64/><W99/><G132/><T97/><D11/><U101/><E101/><V51/><F134/><W79/><G130/><T119/><D6/><U73/><E73/><V9/><F40/><W53/><G2/><T74/><D119/><U0/><E0/><V71/><F71/><W7/><G7/><T131/><D131/><U77/><E82/><V115/><F15/><N who="3" m="7287" /><G25/><T43/><REACH who="0" step="1"/><D74/><REACH who="0" ten="240,250,250,250" step="2"/><U124/><E108/><V22/><F115/><W88/><G79/><T14/><D14/><U135/><E135/><V68/><F5/><W58/><G54/><T24/><D24/><U33/><E33/><V39/><F55/><W26/><G26/><T52/><D52/><U38/><E28/><V69/><F123/><W126/><G126/><T80/><D80/><U133/><E83/><V129/><F120/><W109/><G109/><T100/><D100/><U91/><E30/><V92/><F129/><W81/><G81/><T60/><D60/><AGARI ba="0,1" hai="44,45,46,53,58,60,85,88,95,96,99" m="7287" machi="60" ten="30,12000,2" yaku="8,1,52,3,54,2" doraHai="41" who="3" fromWho="0" sc="240,-120,250,0,250,0,250,130" /><INIT seed="1,0,0,2,3,30" ten="120,250,250,380" oya="1" hai0="22,113,119,51,128,12,25,101,15,4,89,41,43" hai1="116,11,79,105,97,104,59,19,29,111,100,66,16" hai2="99,102,35,122,26,103,50,65,62,60,32,87,70" hai3="84,38,68,71,69,133,63,90,132,106,77,124,24"/><U1/><E116/><V23/><F122/><W8/><G124/><T88/><D113/><U109/><E104/><V98/><F50/><W56/><G106/><T120/><D119/><U80/><E29/><V96/><F87/><W127/><G127/><T130/><D120/><U55/><E66/><V17/><REACH who="2" step="1"/><F62/><REACH who="2" ten="120,250,240,380" step="2"/><W72/><G63/><T0/><D128/><U83/><E109/><V21/><F21/><W14/><G38/><T20/><D130/><U54/><E111/><V53/><F53/><W3/><G84/><T9/><D51/><U49/><E54/><V134/><F134/><W123/><G123/><T61/><D61/><U125/><E125/><V91/><F91/><W107/><G90/><T75/><D75/><U57/><E79/><V6/><F6/><W46/><G72/><T7/><D101/><AGARI ba="0,1" hai="17,23,26,32,35,60,65,70,96,98,99,101,102,103" machi="101" ten="40,5200,0" yaku="1,1,52,2,53,0" doraHai="30" doraHaiUra="81" who="2" fromWho="0" sc="120,-52,250,0,240,62,380,0" /><INIT seed="2,0,0,0,1,82" ten="68,250,302,380" oya="2" hai0="42,74,100,108,122,115,0,30,62,2,109,66,95" hai1="13,96,103,35,60,5,32,111,83,54,17,34,81" hai2="121,37,48,57,128,27,1,4,110,29,38,25,9" hai3="75,71,51,117,33,105,6,112,87,45,123,31,47"/><V14/><F121/><W125/><G75/><T41/><D122/><U91/><E111/><N who="0" m="42569" /><D74/><U130/><E130/><V94/><F110/><W16/><G125/><T24/><D115/><U113/><E5/><V65/><F128/><W10/><G117/><T107/><D95/><U53/><E113/><V85/><F1/><W127/><G16/><T102/><D42/><U116/><E116/><V72/><F72/><W59/><G127/><T104/><D41/><U129/><E129/><V61/><F48/><W132/><G87/><T93/><D93/><U133/><E133/><V56/><F56/><W12/><G132/><T92/><D92/><U86/><E83/><V40/><F40/><W124/><G71/><N who="0" m="42455" /><D100/><U134/><E134/><V78/><F27/><W131/><G124/><T49/><D49/><U64/><E103/><V7/><F7/><W68/><G6/><T67/><D67/><U23/><REACH who="1" step="1"/><E96/><REACH who="1" ten="68,240,302,380" step="2"/><V19/><F4/><W58/><G131/><T63/><D63/><U43/><E43/><V118/><F118/><W28/><G112/><T15/><D15/><U50/><E50/><V89/><REACH who="2" step="1"/><F78/><REACH who="2" ten="68,240,292,380" step="2"/><W119/><G51/><T79/><D79/><U126/><E126/><V76/><F76/><W80/><G119/><T36/><D36/><U26/><E26/><V52/><F52/><W70/><G123/><T84/><D24/><U114/><E114/><V101/><F101/><W73/><G45/><T88/><D102/><U97/><E97/><V46/><F46/><W99/><G47/><T18/><D107/><U135/><E135/><V44/><F44/><W8/><G105/><RYUUKYOKU ba="0,2" sc="68,-15,240,15,292,15,380,-15" hai1="13,17,23,32,34,35,53,54,60,64,81,86,91" hai2="9,14,19,25,29,37,38,57,61,65,85,89,94" /><INIT seed="2,1,2,2,5,89" ten="53,255,307,365" oya="2" hai0="122,107,46,115,19,118,74,103,63,54,66,92,73" hai1="78,30,3,35,104,117,28,6,112,93,53,43,4" hai2="130,7,81,132,67,16,42,44,68,34,59,135,27" hai3="33,97,25,23,85,39,101,124,80,22,45,110,82"/><V108/><F68/><W10/><G110/><T47/><D122/><U96/><E104/><V48/><F130/><W134/><G124/><T87/><D115/><U102/><E117/><V49/><F7/><N who="1" m="2601" /><E3/><V71/><F71/><W15/><G134/><N who="2" m="51241" /><F108/><W75/><G75/><T99/><D118/><U88/><E35/><V100/><F100/><W94/><G33/><T50/><D19/><U77/><E112/><V40/><F81/><W69/><G69/><T109/><D109/><U116/><E116/><V128/><F128/><W52/><G39/><T114/><D114/><U84/><E43/><N who="2" m="24607" /><F16/><N who="3" m="8311" /><G25/><T26/><D26/><U70/><E70/><V36/><F36/><W105/><G105/><T90/><REACH who="0" step="1"/><D47/><REACH who="0" ten="43,255,307,365" step="2"/><U11/><E30/><N who="2" m="19807" /><F67/><W86/><G45/><T18/><D18/><U95/><E28/><V0/><F0/><W57/><G22/><T111/><D111/><U60/><E11/><V32/><F32/><W98/><G23/><T126/><D126/><U72/><E72/><V12/><F12/><W62/><G80/><T1/><D1/><U129/><E129/><V37/><F37/><W123/><G123/><T13/><D13/><U14/><E14/><V125/><F125/><W119/><G82/><T64/><D64/><U76/><E76/><V21/><F21/><W127/><G127/><T17/><D17/><U41/><E41/><V2/><F2/><W24/><G24/><T113/><D113/><U120/><E120/><V131/><F131/><W65/><G119/><T9/><D9/><U58/><AGARI ba="1,3" hai="53,58,60,77,78,84,88,93,95,96,102" m="2601" machi="58" ten="30,7900,0" yaku="8,1,52,2,54,1" doraHai="89" who="1" fromWho="1" sc="43,-21,255,112,307,-40,365,-21" /><INIT seed="3,0,0,4,5,104" ten="22,367,267,344" oya="3" hai0="62,120,27,8,17,10,63,47,113,11,60,5,126" hai1="114,111,64,32,91,14,125,44,65,6,29,112,135" hai2="73,1,72,61,26,117,133,19,74,93,96,77,67" hai3="25,15,53,131,59,54,30,69,90,108,43,57,70"/><W42/><G15/><T97/><D126/><U39/><E125/><V55/><F117/><W13/><G13/><T35/><D113/><U76/><E76/><V7/><F133/><W2/><G90/><T103/><D120/><U84/><E135/><V51/><F77/><W16/><G16/><T79/><D79/><U58/><E114/><V34/><F1/><W102/><G102/><T107/><D47/><U87/><E112/><V116/><F116/><W80/><G80/><T88/><D17/><U36/><E32/><V71/><F7/><W56/><G2/><T40/><D40/><N who="3" m="15401" /><G25/><T49/><D49/><U37/><E29/><V85/><F85/><W46/><G30/><T98/><D27/><U105/><E105/><V3/><F3/><W129/><G108/><T38/><D38/><N who="1" m="14955" /><E111/><V95/><F96/><W66/><G66/><T81/><D35/><U89/><E64/><V75/><N who="2" m="18432" /><DORA hai="28" /><V9/><F34/><W23/><G23/><T0/><REACH who="0" step="1"/><D97/><REACH who="0" ten="12,367,267,344" step="2"/><U92/><E39/><V52/><F26/><W119/><G119/><T134/><D134/><U21/><E6/><V41/><F19/><W33/><G33/><T115/><D115/><U45/><E14/><V124/><F124/><W99/><G99/><T86/><AGARI ba="0,1" hai="0,5,8,10,11,60,62,63,81,86,88,98,103,107" machi="86" ten="30,4000,0" yaku="1,1,0,1,54,1,53,0" doraHai="104,28" doraHaiUra="50,132" who="0" fromWho="0" sc="12,50,367,-10,267,-10,344,-20" owari="62,-43.8,357,45.7,257,-14.3,324,12.4" /></mjloggm>