<mjloggm ver="2.3"><GO type="225" lobby="0"/><UN n0="%73%75%7A%75%6D%65%33" n1="%4B%2E%32%2E%4B%2E" n2="%E7%B4%94%E6%BD%94%E3%83%94%E3%83%A9%E3%83%8B%E3%82%A2" n3="%E9%80%86%E9%80%A3%E5%B8%AF%E3%81%AE%E9%AC%BC" dan="17,16,17,16" rate="2211.97,2047.71,2251.18,2116.20" sx="M,M,M,M"/><TAIKYOKU oya="0"/><INIT seed="0,0,0,3,3,55" ten="250,250,250,250" oya="0" hai0="70,35,87,9,51,90,101,98,44,57,116,107,93" hai1="127,110,96,104,13,97,48,12,49,135,89,75,29" hai2="74,123,64,100,1,132,52,34,41,80,25,114,86" hai3="37,38,54,88,119,103,82,2,109,92,63,27,113"/><T47/><D70/><U71/><E75/><V124/><F100/><W76/><G119/><T95/><D116/><U31/><E71/><V45/><F64/><W122/><G109/><T4/><D35/><U5/><E104/><V117/><F52/><W20/><G2/><T134/><D134/><U19/><E135/><V77/><F86/><W14/><G113/><T53/><REACH who="0" step="1"/><D107/><REACH who="0" ten="240,250,250,250" step="2"/><U105/><E110/><V121/><F132/><W106/><G106/><T99/><D99/><U26/><E105/><V22/><F34/><W112/><G112/><T118/><D118/><U32/><E32/><V83/><F117/><W78/><G122/><T108/><D108/><U128/><E97/><V73/><F114/><W0/><G38/><T39/><D39/><U115/><E96/><V43/><F123/><W3/><G37/><T133/><D133/><U10/><E115/><V17/><F121/><W23/><G103/><T16/><D16/><U68/><E68/><V21/><F17/><W46/><G0/><AGARI ba="0,1" hai="0,4,9,44,47,51,53,57,87,90,93,95,98,101" machi="0" ten="30,5800,0" yaku="1,1,7,1,52,1,53,0" doraHai="55" doraHaiUra="72" who="0" fromWho="3" sc="240,68,250,0,250,0,250,-58" /><INIT seed="0,1,0,2,4,33" ten="308,250,250,192" oya="0" hai0="34,27,118,8,86,28,69,78,101,63,75,98,135" hai1="120,67,91,35,22,62,0,39,124,53,82,65,23" hai2="16,6,17,133,106,80,87,32,93,19,55,130,70" hai3="41,36,42,50,116,112,5,52,103,73,13,25,3"/><T127/><D118/><U77/><E35/><V10/><F106/><W94/><G112/><T131/><D86/><N who="1" m="48463" /><E39/><V44/><F32/><W89/><G116/><T59/><D135/><U15/><E0/><V72/><F70/><W109/><G73/><T121/><D121/><U18/><E120/><V115/><F115/><W2/><G109/><T85/><D85/><U37/><E37/><V100/><F72/><W12/><G103/><T61/><D131/><U54/><E124/><V71/><F71/><W4/><G25/><T1/><D127/><U132/><E132/><V92/><F100/><W60/><G60/><T48/><D78/><U64/><E62/><V29/><F29/><W117/><G117/><T24/><D24/><U90/><E23/><V122/><F130/><W105/><G105/><N who="0" m="63671" /><D48/><U74/><E74/><V114/><F122/><W11/><G13/><T76/><D76/><U95/><E91/><V31/><F31/><W104/><G104/><T47/><D47/><U14/><E14/><N who="2" m="5463" /><F114/><W57/><G5/><N who="0" m="1071" /><D75/><U20/><E22/><V9/><F9/><W83/><G83/><T99/><D63/><U97/><AGARI ba="1,0" hai="15,18,20,53,54,64,65,67,90,95,97" m="48463" machi="97" ten="30,1100,0" yaku="8,1" doraHai="33" who="1" fromWho="1" sc="308,-6,250,14,250,-4,192,-4" /><INIT seed="1,0,0,2,1,67" ten="302,264,246,188" oya="1" hai0="110,133,12,103,85,8,101,3,117,128,51,121,25" hai1="118,31,84,7,119,90,124,70,71,72,37,97,56" hai2="76,50,2,112,100,57,82,29,28,9,98,4,38" hai3="60,135,94,93,83,134,24,58,6,126,92,22,1"/><U45/><E72/><V59/><F38/><W14/><G126/><T131/><D117/><U16/><E124/><V107/><F112/><W113/><G113/><T109/><D3/><U91/><E31/><V122/><F122/><W54/><G1/><T115/><D115/><U47/><E7/><V13/><F2/><W69/><G83/><T106/><D121/><U77/><E56/><V52/><REACH who="2" step="1"/><F57/><REACH who="2" ten="302,264,236,188" step="2"/><W39/><G39/><T27/><D128/><U86/><E37/><V96/><F96/><W42/><G135/><T88/><D133/><U78/><E97/><V53/><F53/><W105/><G134/><T79/><D131/><U68/><E70/><V130/><F130/><W129/><G129/><T61/><D110/><U120/><E16/><V99/><F99/><W64/><G42/><T75/><D109/><U41/><E120/><V123/><F123/><W43/><G43/><AGARI ba="0,1" hai="41,43,45,47,68,71,77,78,84,86,90,91,118,119" machi="43" ten="25,9600,0" yaku="22,2,52,2" doraHai="67" who="1" fromWho="3" sc="302,0,264,106,236,0,188,-96" /><INIT seed="1,1,0,5,1,89" ten="302,370,236,92" oya="1" hai0="87,70,0,23,42,51,105,109,49,33,60,99,71" hai1="108,29,131,50,21,31,76,82,55,95,28,107,74" hai2="114,45,20,91,133,132,8,11,13,94,134,2,65" hai3="16,106,64,86,54,113,12,130,58,10,30,73,6"/><U66/><E107/><V112/><F65/><W97/><G130/><T56/><D33/><U26/><E131/><V39/><F20/><W72/><G113/><N who="2" m="43625" /><F2/><W115/><G115/><T120/><D120/><U41/><E108/><V43/><F13/><W92/><G30/><T83/><D109/><U126/><E126/><V78/><F78/><W98/><G64/><T121/><D0/><U69/><E41/><V104/><F104/><W27/><G106/><T90/><D121/><U119/><E66/><V135/><N who="2" m="33792" /><DORA hai="84" /><V48/><F39/><W47/><G47/><T59/><D23/><U36/><E36/><V88/><F94/><W85/><G73/><T44/><D105/><U123/><E123/><V122/><F122/><W129/><G72/><T14/><D14/><U1/><E1/><V37/><F37/><W63/><G129/><T4/><D70/><U100/><E69/><V22/><F22/><N who="3" m="13767" /><G98/><T103/><D71/><U124/><E31/><V24/><F24/><W101/><AGARI ba="1,0" hai="6,10,12,54,58,63,85,86,92,97,101" m="13767" machi="101" ten="30,4000,0" yaku="8,1,52,1,54,1" doraHai="89,84" who="3" fromWho="3" sc="302,-11,370,-21,236,-11,92,43" /><INIT seed="2,0,0,1,2,79" ten="291,349,225,135" oya="2" hai0="15,2,49,95,78,77,109,75,119,104,92,131,116" hai1="82,90,14,39,120,31,69,21,117,58,44,55,7" hai2="121,33,73,105,68,3,102,46,24,22,5,123,35" hai3="19,37,114,133,63,71,101,66,0,135,126,45,84"/><V41/><F68/><W43/><G0/><T129/><D2/><U52/><E69/><V60/><F60/><W26/><G114/><T4/><D49/><N who="1" m="29095" /><E39/><N who="2" m="21823" /><F73/><W36/><G126/><T81/><D109/><U89/><E117/><N who="0" m="45129" /><D77/><U67/><E67/><V128/><F22/><W38/><G101/><T103/><D15/><U1/><E1/><V76/><F76/><W50/><G84/><T12/><D12/><U125/><E125/><V53/><F53/><W115/><G115/><T87/><D4/><U40/><E40/><V59/><F59/><W88/><G88/><N who="1" m="33898" /><E120/><N who="2" m="46155" /><F24/><W54/><G19/><T118/><D118/><U16/><E31/><V74/><F74/><W27/><REACH who="3" step="1"/><G43/><REACH who="3" ten="291,349,225,125" step="2"/><T64/><D75/><U113/><E113/><V122/><F122/><W6/><G6/><T48/><D103/><U32/><E7/><V98/><F128/><W61/><G61/><T134/><D131/><U107/><E107/><V80/><F5/><W127/><G127/><T65/><D104/><U11/><E16/><V97/><F3/><W72/><G72/><T124/><D129/><U83/><E14/><V8/><F97/><W93/><G93/><T100/><D95/><U30/><E30/><V17/><F17/><W9/><G9/><T106/><D92/><U111/><E11/><V51/><F8/><W110/><G110/><T70/><D124/><U130/><E111/><V23/><F105/><W99/><G99/><T62/><D106/><U57/><E130/><V86/><F102/><W85/><G85/><T28/><D100/><U132/><E132/><AGARI ba="0,1" hai="26,27,36,37,38,45,50,54,63,66,71,132,133,135" machi="132" ten="50,3200,0" yaku="1,1,20,1,53,0" doraHai="79" doraHaiUra="108" who="3" fromWho="1" sc="291,0,349,-32,225,0,125,42" /><INIT seed="3,0,0,4,1,58" ten="291,317,225,167" oya="3" hai0="15,5,1,32,77,51,119,97,123,72,34,75,47" hai1="71,100,41,43,132,116,27,95,24,52,13,37,10" hai2="112,125,33,118,107,68,76,7,23,134,128,103,101" hai3="67,29,92,21,89,28,60,46,126,16,40,4,110"/><W19/><G110/><T96/><D123/><U9/><E71/><V70/><F76/><W61/><G126/><T83/><D72/><U102/><E37/><V49/><F7/><W53/><G4/><T66/><D119/><U50/><E132/><V91/><F33/><W131/><G131/><T111/><D111/><U11/><E116/><V82/><F91/><W8/><G8/><T120/><D120/><U85/><E13/><V87/><F107/><W42/><G53/><T56/><D1/><U108/><E108/><V106/><F106/><W2/><G2/><T109/><D109/><U73/><E73/><V84/><F23/><W129/><G129/><T74/><D74/><U38/><E38/><V130/><F49/><W81/><G81/><T25/><D25/><N who="1" m="9803" /><E85/><V45/><F118/><W54/><G54/><T93/><D97/><N who="1" m="59455" /><E102/><V59/><F112/><W69/><G61/><T65/><D15/><U64/><E64/><V62/><F62/><W124/><G124/><T12/><D66/><U122/><E122/><V26/><F125/><W31/><G21/><T22/><D5/><U86/><E86/><V57/><F82/><W104/><G104/><T14/><D22/><U44/><AGARI ba="0,0" hai="9,10,11,41,43,44,50,52" m="59455,9803" machi="44" ten="30,2000,0" yaku="8,1,54,1" doraHai="58" who="1" fromWho="1" sc="291,-5,317,20,225,-5,167,-10" owari="286,8.6,337,43.7,220,-18.0,157,-34.3" /></mjloggm>