<mjloggm ver="2.3"><GO type="225" lobby="0"/><UN n0="%E5%A4%96%E5%B7%9D%E7%AB%9C%E6%88%90" n1="%E6%9D%B1%E9%A2%A8%E3%81%AE%E3%81%8D%E3%82%83%E3%81%B7%E3%81%95%E3%82%93" n2="%E9%B3%B3%E6%9D%B1%E3%81%AE%E3%81%86%E3%81%95%E3%81%8E%E3%81%95%E3%82%93" n3="%E6%B4%BE%E9%81%A3%E3%81%AE%E3%82%B8%E3%83%A3%E3%83%83%E3%82%AF" dan="16,17,17,17" rate="2110.96,2200.10,2214.75,2196.67" sx="M,M,M,M"/><TAIKYOKU oya="0"/><INIT seed="0,0,0,4,5,47" ten="250,250,250,250" oya="0" hai0="38,83,104,114,44,91,50,18,80,92,70,101,110" hai1="52,20,26,89,64,124,132,69,121,77,33,109,119" hai2="16,15,34,81,35,107,36,40,12,53,61,99,43" hai3="129,105,10,19,63,45,94,8,97,68,117,86,21"/><T28/><D114/><U133/><E33/><V46/><F43/><W108/><G117/><T67/><D38/><U0/><E77/><V37/><F37/><W2/><G2/><T62/><D104/><U127/><E0/><V73/><F12/><W42/><G108/><T111/><D101/><U120/><E89/><V4/><F4/><W41/><G129/><T118/><D28/><U23/><E26/><V79/><F107/><W106/><G86/><T103/><D103/><U74/><E74/><V131/><F99/><W76/><G76/><T123/><D18/><U49/><E20/><V54/><F131/><W82/><G82/><T100/><D100/><U134/><E23/><V128/><F128/><W126/><G105/><T27/><D27/><U95/><E95/><V130/><F130/><W122/><G106/><T51/><D118/><U57/><E119/><V39/><F39/><W90/><G122/><N who="1" m="47210" /><E109/><N who="0" m="41481" /><D123/><U71/><E64/><V7/><F7/><W125/><G10/><T87/><D51/><U1/><E1/><V59/><F34/><W116/><G8/><T115/><D115/><U11/><E11/><V66/><F35/><W55/><G116/><T102/><D102/><U113/><E113/><V25/><F25/><W98/><G19/><T17/><D17/><U75/><E75/><V65/><F65/><N who="3" m="41023" /><G21/><AGARI ba="0,0" hai="15,16,21,36,40,46,53,54,59,61,66,73,79,81" machi="21" ten="30,2000,0" yaku="7,1,54,1" doraHai="47" who="2" fromWho="3" sc="250,0,250,0,250,20,250,-20" /><INIT seed="1,0,0,1,5,116" ten="250,250,270,230" oya="1" hai0="107,76,50,96,27,13,121,119,97,62,69,28,52" hai1="123,108,34,74,47,44,67,118,61,93,58,71,112" hai2="87,92,90,15,106,78,24,22,88,10,105,133,19" hai3="85,117,65,75,54,3,126,6,12,1,120,101,25"/><U59/><E74/><V36/><F133/><W60/><G75/><T45/><D119/><U128/><E34/><V40/><F78/><W99/><G117/><T4/><D76/><U11/><E118/><V30/><REACH who="2" step="1"/><F90/><REACH who="2" ten="250,250,260,230" step="2"/><W98/><G126/><T130/><D130/><U77/><E128/><V135/><F135/><W26/><G101/><T86/><D86/><U80/><E112/><V55/><F55/><W113/><G85/><T66/><D107/><U42/><E108/><V91/><F91/><W89/><G54/><T122/><D97/><U102/><E102/><V63/><F63/><W51/><G89/><T20/><REACH who="0" step="1"/><D96/><REACH who="0" ten="240,250,260,230" step="2"/><U94/><E94/><V31/><F31/><W109/><G98/><T72/><D72/><U84/><E93/><V110/><F110/><W21/><G99/><T131/><D131/><U129/><E129/><V103/><F103/><W64/><G109/><T43/><D43/><U0/><E42/><V57/><F57/><W73/><G73/><T48/><D48/><U29/><E58/><V115/><F115/><W8/><G51/><T16/><D16/><U39/><E59/><V7/><F7/><W81/><G113/><T9/><AGARI ba="0,2" hai="4,9,13,20,27,28,45,50,52,62,66,69,121,122" machi="9" ten="30,8000,1" yaku="1,1,0,1,52,2,54,1,53,0" doraHai="116" doraHaiUra="127" who="0" fromWho="0" sc="240,100,250,-40,260,-20,230,-20" /><INIT seed="2,0,0,3,1,31" ten="340,210,240,210" oya="2" hai0="60,41,6,73,55,86,26,92,47,28,12,2,82" hai1="76,107,84,120,123,109,29,5,135,15,129,18,27" hai2="96,23,72,101,91,71,33,11,61,115,17,35,9" hai3="85,95,10,77,32,99,78,49,56,52,100,40,43"/><V121/><F72/><W114/><G114/><T118/><D118/><U67/><E107/><V62/><F115/><W105/><G32/><T13/><D92/><U125/><E67/><V117/><F117/><W127/><G127/><T68/><D86/><U58/><E5/><V37/><F37/><W20/><G10/><N who="0" m="2391" /><D55/><U103/><E103/><V25/><F121/><N who="1" m="46665" /><E58/><V110/><F110/><W122/><G122/><T90/><D90/><U74/><E109/><V126/><F91/><W111/><G111/><T4/><D4/><U30/><E125/><V108/><F126/><W104/><G20/><T132/><D132/><U44/><E135/><V119/><F108/><W21/><G21/><T94/><D94/><U87/><E30/><V130/><F119/><W24/><G24/><T22/><D60/><U65/><E65/><V38/><F62/><W19/><G19/><T102/><D68/><U64/><E64/><V89/><F130/><W46/><G43/><T70/><D102/><U97/><E129/><V63/><F63/><N who="3" m="36231" /><G105/><T88/><D88/><U106/><E74/><V79/><F89/><W133/><G133/><T112/><D70/><U69/><E69/><V8/><F71/><W124/><G124/><T14/><D112/><U54/><E27/><V98/><F25/><W80/><G104/><T57/><D73/><U7/><E106/><V93/><F61/><W50/><G78/><T116/><D116/><U53/><E76/><V3/><F79/><W51/><AGARI ba="0,0" hai="40,46,49,50,51,77,80,85,95,99,100" m="36231" machi="51" ten="30,2000,0" yaku="8,1,54,1" doraHai="31" who="3" fromWho="3" sc="340,-5,210,-5,240,-10,210,20" /><INIT seed="3,0,0,4,5,84" ten="335,205,230,230" oya="3" hai0="53,54,83,81,114,31,120,9,125,24,108,118,74" hai1="99,85,132,26,70,126,107,115,66,33,13,68,92" hai2="116,6,96,12,98,11,10,48,87,67,88,64,45" hai3="58,135,50,72,131,78,79,100,38,34,101,63,86"/><W65/><G38/><T97/><D83/><U133/><E115/><V69/><F116/><W2/><G34/><T32/><D114/><U129/><E13/><N who="2" m="5335" /><F69/><W71/><G2/><T35/><D35/><U123/><E123/><V109/><F109/><W59/><G72/><T41/><D41/><U80/><E107/><V121/><F121/><W4/><G4/><T61/><D54/><U57/><E57/><V27/><F27/><W30/><G30/><T17/><D97/><N who="2" m="37482" /><F87/><W75/><G71/><T5/><D24/><U1/><E1/><V117/><F88/><W40/><G75/><T21/><D32/><U3/><E3/><V42/><F117/><W55/><G135/><N who="1" m="51786" /><E66/><V18/><AGARI ba="0,0" hai="11,12,18,42,45,48,64,67" m="37482,5335" machi="18" ten="30,1100,0" yaku="8,1" doraHai="84" who="2" fromWho="2" sc="335,-3,205,-3,230,11,230,-5" owari="332,43.2,202,-29.8,241,4.1,225,-17.5" /></mjloggm>