<mjloggm ver="2.3"><GO type="225" lobby="0"/><UN n0="%70%68%65%6E%6F%6D%65" n1="%6D%75%75%6D%75%72%61" n2="%E9%B3%B3%E6%9D%B1%E3%81%AE%E3%81%BF%E3%81%91%E3%81%AB%E3%82%83%E3%82%93" n3="%E5%A4%8F%E9%88%B4%E9%88%B4%E5%A4%8F" dan="16,16,16,16" rate="2100.91,2082.04,2059.76,2129.46" sx="M,F,F,M"/><TAIKYOKU oya="0"/><INIT seed="0,0,0,4,2,9" ten="250,250,250,250" oya="0" hai0="22,106,39,21,15,69,92,93,116,67,66,78,102" hai1="104,68,107,24,70,81,80,82,28,76,7,118,29" hai2="86,58,44,96,57,75,134,114,95,5,77,4,85" hai3="14,0,133,52,65,84,91,64,30,34,71,121,105"/><T87/><D116/><U54/><E118/><V42/><F114/><W110/><G0/><T83/><D39/><U12/><E76/><V20/><F134/><W26/><G133/><T59/><D69/><U46/><E54/><V63/><F75/><W120/><G110/><T6/><D106/><U37/><E46/><V18/><F4/><W17/><G105/><T129/><D129/><U130/><E37/><V40/><F5/><W11/><G52/><T127/><D127/><U88/><E81/><V123/><F77/><W55/><G55/><T103/><D6/><U132/><E7/><V112/><F42/><W19/><G17/><N who="0" m="10431" /><D22/><U56/><E132/><V109/><F58/><W72/><G72/><T131/><D131/><U117/><E56/><V13/><F123/><N who="3" m="47179" /><G71/><T50/><D50/><U38/><E117/><V45/><F109/><W25/><G26/><T62/><D66/><U122/><E24/><V47/><F40/><W74/><G74/><T3/><D3/><U41/><E41/><V43/><F43/><W2/><G2/><T79/><D78/><U10/><E122/><V89/><REACH who="2" step="1"/><F112/><REACH who="2" ten="250,250,240,250" step="2"/><W27/><G25/><T16/><D16/><U124/><E38/><V99/><F99/><W1/><G1/><T101/><AGARI ba="0,1" hai="59,62,67,79,83,87,92,93,101,102,103" m="10431" machi="101" ten="30,3000,0" yaku="8,1,52,1" doraHai="9" who="0" fromWho="0" sc="250,40,250,-10,240,-10,250,-10" /><INIT seed="0,1,0,0,4,90" ten="290,240,230,240" oya="0" hai0="5,112,61,4,118,76,87,115,91,38,1,122,51" hai1="111,18,127,11,94,23,79,113,15,105,9,49,84" hai2="22,37,85,29,106,28,120,16,75,100,24,102,68" hai3="42,130,60,46,93,99,109,66,36,6,89,83,71"/><T73/><D38/><U62/><E105/><V82/><F120/><W58/><G109/><T126/><D122/><U7/><E111/><V63/><F75/><W114/><G130/><T101/><D118/><U128/><E128/><V98/><F37/><W119/><G119/><T88/><D126/><U26/><E127/><V10/><F100/><W21/><G114/><T30/><D101/><U134/><E134/><V47/><F47/><W132/><G132/><T33/><D61/><U31/><E113/><V35/><F35/><W8/><G21/><T110/><D110/><U95/><E49/><V20/><F10/><W64/><G83/><T116/><D116/><U41/><E41/><V103/><F103/><W14/><REACH who="3" step="1"/><G71/><REACH who="3" ten="290,240,230,230" step="2"/><T13/><D112/><U44/><E11/><V96/><F22/><W117/><G117/><T50/><D115/><U34/><E34/><V27/><F20/><W25/><G25/><T54/><D33/><U65/><E31/><V52/><F24/><W97/><G97/><T43/><D30/><U78/><E26/><V53/><F96/><W40/><G40/><T0/><D43/><U108/><E108/><V17/><F27/><W55/><AGARI ba="1,1" hai="6,8,14,36,42,46,55,58,60,64,66,89,93,99" machi="55" ten="20,5200,0" yaku="1,1,0,1,7,1,52,1,53,0" doraHai="90" doraHaiUra="12" who="3" fromWho="3" sc="290,-27,240,-14,230,-14,230,65" /><INIT seed="1,0,0,2,3,134" ten="263,226,216,295" oya="1" hai0="26,40,0,22,59,10,75,102,23,42,60,109,1" hai1="4,82,21,13,49,64,47,98,68,14,111,127,46" hai2="66,86,43,81,96,83,124,125,126,52,103,122,115" hai3="89,65,92,128,2,55,41,39,131,29,74,11,61"/><U120/><E120/><V6/><F122/><W80/><G29/><T101/><D75/><U93/><E127/><V62/><F115/><W18/><G55/><T17/><D109/><U30/><E111/><V58/><F43/><W79/><G18/><T54/><D42/><U5/><E82/><N who="2" m="31243" /><F86/><W35/><G35/><T56/><D40/><U63/><E13/><V90/><F90/><W32/><G32/><T15/><D59/><U88/><E46/><V114/><F6/><N who="3" m="1495" /><G89/><T8/><D1/><U78/><E78/><V105/><F114/><W94/><G92/><T44/><D44/><U110/><E110/><V84/><F84/><W104/><G94/><T36/><D36/><U123/><E123/><V67/><AGARI ba="0,0" hai="52,58,62,66,67,96,103,105,124,125,126" m="31243" machi="67" ten="40,8000,1" yaku="18,1,52,3,54,1" doraHai="134" who="2" fromWho="2" sc="263,-20,226,-40,216,80,295,-20" /><INIT seed="2,0,0,3,3,25" ten="243,186,296,275" oya="2" hai0="20,86,41,56,28,22,48,6,89,133,125,13,37" hai1="33,62,24,1,38,55,3,110,66,91,59,85,73" hai2="93,17,88,31,0,82,49,14,116,113,58,98,47" hai3="19,74,114,103,29,109,35,135,100,87,128,112,69"/><V40/><F113/><W122/><G74/><T52/><D125/><U92/><E110/><V43/><F116/><W111/><G122/><T21/><D133/><U96/><E38/><V94/><F0/><W129/><G69/><T95/><D37/><U51/><E73/><V8/><F82/><W84/><G19/><T126/><D126/><U119/><E119/><V90/><F58/><W45/><G45/><T65/><D41/><U5/><E5/><V130/><F130/><W26/><G26/><N who="0" m="16455" /><D65/><U124/><E124/><V44/><F31/><W63/><G29/><T7/><D21/><U67/><E67/><V18/><F18/><AGARI ba="0,0" hai="6,7,13,18,22,48,52,56,86,89,95" m="16455" machi="18" ten="30,7700,0" yaku="25,1,8,1,52,1,54,1" doraHai="25" who="0" fromWho="2" sc="243,77,186,0,296,-77,275,0" /><INIT seed="3,0,0,3,4,7" ten="320,186,219,275" oya="3" hai0="79,66,54,115,42,133,53,41,101,55,134,18,21" hai1="126,116,29,80,57,6,125,74,12,23,45,27,106" hai2="70,9,10,15,131,25,89,34,82,5,103,32,124" hai3="107,51,71,28,76,48,117,2,97,20,121,58,88"/><W52/><G71/><T99/><D79/><U72/><E106/><V67/><F103/><W24/><G117/><T36/><D66/><U69/><E69/><V95/><F82/><W78/><G121/><T3/><D3/><U63/><E45/><V119/><F119/><W90/><G2/><T60/><D60/><U112/><E112/><V16/><F131/><W26/><G107/><N who="0" m="63935" /><D36/><U65/><E116/><V44/><F124/><N who="1" m="47721" /><E80/><V81/><F81/><W4/><G4/><T110/><D115/><U49/><E49/><V14/><F44/><N who="3" m="27655" /><G26/><N who="0" m="14647" /><D110/><U104/><E104/><V13/><F67/><W123/><G123/><T132/><AGARI ba="0,0" hai="41,42,53,54,55,132,133,134" m="14647,63935" machi="132" ten="40,1500,0" yaku="20,1" doraHai="7" who="0" fromWho="0" sc="320,15,186,-4,219,-4,275,-7" owari="335,43.5,182,-31.8,215,-18.5,268,6.8" /></mjloggm>