<mjloggm ver="2.3"><GO type="225" lobby="0"/><UN n0="%E6%A0%B9%E5%85%83%E3%81%8B%E3%82%89%E5%90%B9%E3%81%A3%E9%A3%9B%E3%81%B6" n1="%E3%83%AD%E3%83%83%E3%83%86%E9%9B%80%E7%90%83" n2="%47%68%6F%73%74%55%30" n3="%E7%89%B9%E6%9D%B1%E3%81%AF%E4%B8%96%E7%95%8C%E3%82%92%E6%95%91%E3%81%86" dan="17,16,17,16" rate="2154.85,2161.48,2133.10,2044.71" sx="F,M,M,M"/><TAIKYOKU oya="0"/><INIT seed="0,0,0,0,4,26" ten="250,250,250,250" oya="0" hai0="74,71,21,4,23,133,129,60,65,32,64,49,82" hai1="44,3,134,118,54,127,75,120,99,96,22,56,72" hai2="67,41,66,50,39,28,101,117,13,36,53,116,106" hai3="24,111,58,102,97,87,70,85,5,20,48,34,88"/><T10/><D32/><U51/><E118/><N who="2" m="45675" /><F13/><W73/><G73/><T93/><D129/><U115/><E127/><V119/><N who="2" m="45683" /><V107/><DORA hai="114" /><F101/><W90/><G70/><T45/><D64/><N who="2" m="24618" /><F28/><W77/><G34/><T79/><D93/><U46/><E134/><V124/><F124/><W47/><G58/><T52/><REACH who="0" step="1"/><D133/><REACH who="0" ten="240,250,250,250" step="2"/><U78/><E115/><V100/><F100/><W69/><G102/><T112/><D112/><U125/><E125/><V43/><F106/><W25/><G69/><T30/><D30/><U132/><E132/><V131/><F107/><W105/><G105/><T103/><D103/><U1/><E99/><V121/><F131/><W19/><G97/><T40/><D40/><N who="2" m="15434" /><F121/><W104/><G104/><T135/><D135/><U37/><E96/><V15/><F15/><AGARI ba="0,1" hai="4,10,15,21,23,45,49,52,60,65,71,74,79,82" machi="15" ten="30,11600,0" yaku="1,1,7,1,54,1,53,1" doraHai="26,114" doraHaiUra="11,86" who="0" fromWho="2" sc="240,126,250,0,250,-116,250,0" /><INIT seed="0,1,0,2,3,130" ten="366,250,134,250" oya="0" hai0="120,79,106,17,104,19,4,1,75,37,87,116,85" hai1="95,26,59,82,81,107,36,66,72,21,30,42,49" hai2="89,102,74,83,54,99,84,69,119,22,88,39,60" hai3="6,97,35,38,64,58,32,135,53,9,77,5,25"/><T52/><D116/><U114/><E107/><V48/><F119/><W65/><G38/><T70/><D120/><U110/><E110/><V93/><F39/><W121/><G121/><T91/><D70/><U44/><E114/><V123/><F123/><W111/><G111/><T2/><D37/><U98/><E72/><V133/><F74/><W134/><G77/><T16/><D75/><U100/><REACH who="1" step="1"/><E36/><REACH who="1" ten="366,240,134,250" step="2"/><V63/><F133/><N who="3" m="50699" /><G97/><T29/><D106/><U46/><E46/><V31/><F69/><W56/><G5/><T61/><D104/><U115/><E115/><V57/><REACH who="2" step="1"/><F102/><REACH who="2" ten="366,240,124,250" step="2"/><W109/><G109/><T126/><D126/><U76/><E76/><V101/><F101/><W124/><G124/><T125/><D125/><U122/><E122/><V13/><F13/><N who="3" m="5303" /><G56/><T94/><D79/><U92/><E92/><V10/><F10/><W90/><G90/><T41/><D91/><U24/><E24/><AGARI ba="1,2" hai="22,24,31,48,54,57,60,63,83,84,88,89,93,99" machi="24" ten="40,5200,0" yaku="1,1,8,1,54,1,53,0" doraHai="130" doraHaiUra="12" who="2" fromWho="1" sc="366,0,240,-55,124,75,250,0" /><INIT seed="1,0,0,0,3,96" ten="366,185,199,250" oya="1" hai0="37,104,11,93,28,23,35,26,42,55,82,111,43" hai1="128,95,12,85,56,123,1,27,73,32,22,92,10" hai2="59,64,54,72,102,103,77,90,100,36,83,71,86" hai3="51,87,121,110,45,14,47,7,8,68,31,13,131"/><U57/><E123/><V113/><F36/><W29/><G121/><T44/><D104/><U117/><E117/><V98/><F113/><W122/><G122/><T9/><D111/><U119/><E73/><V116/><F116/><W130/><G68/><T97/><D43/><U38/><E38/><V132/><F71/><W101/><G110/><T135/><D135/><U52/><E32/><V114/><F114/><W30/><G101/><T48/><D82/><U124/><E1/><V108/><F64/><W5/><G87/><T75/><D35/><U60/><E124/><V6/><F6/><N who="3" m="2059" /><G8/><T69/><D69/><U79/><E128/><N who="3" m="49194" /><G51/><N who="0" m="27031" /><D75/><U125/><E125/><V40/><F40/><W25/><G25/><T3/><D3/><U70/><E70/><V0/><F0/><W21/><G21/><T106/><D106/><U20/><E119/><V2/><F2/><W18/><G18/><T61/><D61/><N who="1" m="35975" /><E20/><V109/><F132/><W134/><G134/><T19/><D37/><U39/><E39/><V129/><F129/><W99/><G99/><T120/><D120/><U107/><E107/><V65/><F65/><W89/><G89/><N who="0" m="55471" /><D19/><N who="1" m="8599" /><E79/><V50/><REACH who="2" step="1"/><F98/><REACH who="2" ten="366,185,189,250" step="2"/><W63/><G63/><T4/><D4/><U126/><E126/><V80/><AGARI ba="0,1" hai="50,54,59,72,77,80,83,86,90,100,102,103,108,109" machi="80" ten="30,16000,3" yaku="1,1,2,1,0,1,52,3,53,2" doraHai="96" doraHaiUra="78" who="2" fromWho="2" sc="366,-40,185,-80,189,170,250,-40" /><INIT seed="2,0,0,5,5,32" ten="326,105,359,210" oya="2" hai0="41,90,30,45,3,103,109,126,75,92,36,56,125" hai1="46,27,122,132,20,49,4,44,8,37,25,35,11" hai2="133,95,68,54,64,23,135,99,117,58,100,114,33" hai3="119,21,63,57,84,96,107,81,42,65,39,9,48"/><V67/><F114/><W105/><G119/><T15/><D109/><U111/><E111/><V47/><F33/><W97/><G39/><T26/><D75/><U113/><E113/><V82/><F117/><W28/><G105/><T93/><D15/><U40/><E132/><N who="2" m="50763" /><F68/><W62/><G107/><T66/><D3/><U127/><E127/><N who="0" m="48649" /><D103/><U53/><E122/><V115/><F115/><W14/><G62/><N who="0" m="38215" /><D90/><U102/><E102/><V86/><F47/><N who="3" m="25719" /><G28/><T16/><D16/><U118/><E118/><V80/><F23/><AGARI ba="0,0" hai="23,26,30,36,41,45,92,93" m="38215,48649" machi="23" ten="30,1000,0" yaku="18,1" doraHai="32" who="0" fromWho="2" sc="326,10,105,0,359,-10,210,0" /><INIT seed="3,0,0,5,5,96" ten="336,105,349,210" oya="3" hai0="43,22,80,52,62,48,57,69,81,41,101,135,100" hai1="65,125,82,27,124,73,10,60,99,66,30,2,103" hai2="120,17,33,1,134,70,25,12,110,31,44,34,55" hai3="87,109,78,72,107,83,114,68,47,105,90,54,111"/><W46/><G68/><T89/><D135/><U45/><E45/><V36/><F1/><W121/><G121/><T53/><D69/><U39/><E39/><V75/><F70/><W131/><G114/><T122/><D22/><U8/><E73/><V127/><F75/><W130/><G47/><N who="0" m="27679" /><D122/><U97/><E82/><N who="0" m="31849" /><D89/><U0/><E27/><V76/><F134/><W84/><G54/><T116/><D116/><U92/><E92/><V6/><F120/><W63/><G63/><T28/><D28/><U32/><E30/><V113/><F113/><W86/><G90/><T49/><D41/><U50/><E50/><N who="2" m="29127" /><F36/><W85/><N who="3" m="21504" /><DORA hai="13" /><W58/><G58/><N who="0" m="33071" /><D43/><U118/><E60/><V77/><F34/><W112/><G46/><T93/><D93/><U42/><E42/><V40/><F40/><W21/><G21/><T7/><D7/><U24/><E24/><V19/><F127/><W35/><G35/><T94/><D94/><U102/><REACH who="1" step="1"/><E32/><REACH who="1" ten="336,95,349,210" step="2"/><V95/><F33/><W11/><G112/><T15/><D62/><U128/><E128/><V3/><F25/><W123/><G123/><T51/><D51/><U18/><E18/><V26/><F26/><W23/><G131/><T119/><D119/><AGARI ba="0,1" hai="0,2,8,10,65,66,97,99,102,103,118,119,124,125" machi="119" ten="25,12000,2" yaku="1,1,22,2,52,2,53,2" doraHai="96,13" doraHaiUra="117,133" who="1" fromWho="0" sc="336,-120,95,130,349,0,210,0" owari="216,-18.4,225,2.5,349,44.9,210,-29.0" /></mjloggm>