<mjloggm ver="2.3"><GO type="225" lobby="0"/><UN n0="%E4%B8%89%E5%86%A0%E7%8E%8B%E3%83%BB%E5%B1%B1%E7%94%B0%E5%93%B2%E4%BA%BA" n1="%E9%B3%B3%E6%9D%B1%E3%81%AE%E3%81%86%E3%81%95%E3%81%8E%E3%81%95%E3%82%93" n2="%E3%83%B4%E3%82%A3%E3%83%AF%E3%82%B3%E3%82%B0%E3%83%8B" n3="%72%65%6E%6B%75%6E" dan="16,16,16,17" rate="2131.34,2161.06,2164.23,2233.38" sx="M,M,M,M"/><TAIKYOKU oya="0"/><INIT seed="0,0,0,0,4,11" ten="250,250,250,250" oya="0" hai0="122,12,131,52,93,128,59,35,19,82,0,17,111" hai1="69,73,65,22,53,100,106,46,78,62,30,72,121" hai2="18,31,92,28,77,117,118,9,124,26,50,113,84" hai3="88,135,126,103,45,83,116,109,54,119,20,61,39"/><T6/><D122/><U63/><E121/><V86/><F113/><W25/><G103/><T40/><D111/><U51/><E78/><V123/><F123/><W36/><G109/><T41/><D35/><U23/><E63/><V70/><F70/><W132/><G126/><T79/><D93/><U115/><E115/><V125/><F50/><N who="3" m="29007" /><G61/><N who="0" m="36071" /><D6/><U37/><E37/><V127/><F92/><W32/><G32/><T129/><D19/><U95/><E106/><V33/><F31/><N who="3" m="17831" /><G36/><T60/><D0/><U68/><E68/><V114/><F114/><W112/><G39/><T44/><D44/><U76/><E30/><V67/><F67/><W27/><G112/><T34/><D34/><U74/><REACH who="1" step="1"/><E76/><REACH who="1" ten="250,240,250,250" step="2"/><V15/><REACH who="2" step="1"/><F77/><REACH who="2" ten="250,240,240,250" step="2"/><W64/><G64/><T75/><D60/><U43/><E43/><V56/><F56/><W4/><G116/><AGARI ba="0,2" hai="9,15,18,26,28,33,84,86,116,117,118,124,125,127" machi="116" ten="50,8000,1" yaku="1,1,12,1,18,1,52,1,53,0" doraHai="11" doraHaiUra="104" who="2" fromWho="3" sc="250,0,240,0,240,100,250,-80" /><INIT seed="1,0,0,0,3,125" ten="250,240,340,170" oya="1" hai0="102,14,90,8,31,113,53,13,78,87,79,2,12" hai1="115,104,132,118,33,133,17,128,19,127,56,81,71" hai2="112,18,59,54,76,21,62,111,131,126,55,122,110" hai3="60,97,57,77,94,103,16,106,92,74,0,11,116"/><U119/><E71/><V72/><F126/><W85/><G116/><N who="1" m="44586" /><E127/><V47/><F131/><W109/><G109/><N who="2" m="41481" /><F112/><W69/><G69/><T129/><D113/><U27/><E115/><V7/><F122/><W10/><G0/><T88/><D129/><U96/><E56/><V44/><F7/><W134/><G134/><N who="1" m="51818" /><E81/><N who="2" m="45191" /><F54/><W107/><G74/><T23/><D102/><N who="1" m="62535" /><E128/><V101/><F101/><W43/><G57/><T84/><D8/><U37/><E37/><V63/><F63/><W32/><G11/><T22/><D2/><U80/><E80/><V100/><F100/><W114/><G10/><T68/><D68/><U39/><E39/><V6/><F6/><W89/><G60/><T75/><D75/><U5/><E5/><V65/><F65/><W15/><G114/><T91/><D53/><U61/><E61/><V1/><F1/><W29/><G106/><T4/><D4/><U41/><E41/><V66/><F66/><W35/><G43/><T45/><D45/><U50/><E50/><V48/><F62/><W30/><G107/><T58/><D58/><U52/><E52/><V3/><F3/><W121/><G121/><T95/><D31/><AGARI ba="0,0" hai="17,19,27,31,33" m="62535,51818,44586" machi="31" ten="30,1500,0" yaku="20,1" doraHai="125" who="1" fromWho="0" sc="250,-15,240,15,340,0,170,0" /><INIT seed="1,1,0,3,0,35" ten="235,255,340,170" oya="1" hai0="12,71,40,115,90,133,95,21,111,116,64,29,69" hai1="98,125,67,52,2,19,76,24,37,101,59,16,57" hai2="49,129,113,41,123,77,15,85,81,117,32,62,38" hai3="44,105,36,86,70,104,112,45,43,65,50,89,8"/><U31/><E37/><V120/><F38/><W118/><G112/><T99/><D115/><U75/><E2/><V108/><F113/><W9/><G118/><T17/><D116/><U53/><E125/><V27/><F117/><W96/><G70/><T132/><D111/><U74/><E67/><V131/><F108/><W130/><G65/><T42/><D29/><U87/><E75/><V91/><F62/><W94/><G130/><N who="2" m="49673" /><F15/><W79/><G105/><T107/><D107/><U103/><E74/><V7/><F7/><W66/><G66/><T6/><D6/><U93/><E101/><V26/><F91/><W58/><G58/><N who="1" m="22026" /><E87/><V97/><F97/><W128/><G128/><T5/><D5/><U126/><E76/><V25/><F32/><W1/><G1/><T4/><D4/><U80/><E80/><V23/><F23/><W47/><G47/><AGARI ba="1,0" hai="25,26,27,41,47,49,77,81,85,120,123" m="49673" machi="47" ten="30,1000,0" yaku="19,1" doraHai="35" who="2" fromWho="3" sc="235,0,255,0,340,13,170,-13" /><INIT seed="2,0,0,5,3,67" ten="235,255,353,157" oya="2" hai0="68,99,53,104,35,129,49,113,27,13,60,34,75" hai1="52,19,37,117,51,62,61,38,115,45,7,25,47" hai2="121,64,3,92,131,119,100,103,133,72,123,36,88" hai3="83,28,77,114,125,32,14,94,108,126,87,80,17"/><V127/><F3/><W65/><G108/><T70/><D113/><U90/><E115/><V128/><F36/><W79/><G114/><T89/><D75/><U110/><E117/><V63/><F119/><W97/><G28/><T43/><D129/><N who="2" m="49738" /><F72/><W31/><G31/><T122/><D122/><N who="2" m="46602" /><F133/><W15/><G65/><T69/><D27/><U1/><E110/><V135/><F127/><W40/><G40/><T86/><D60/><U111/><E111/><V124/><F124/><W132/><G32/><T134/><D43/><U96/><E7/><V56/><F135/><W81/><G132/><T118/><D118/><U33/><E1/><V26/><F26/><W41/><G126/><T130/><D134/><U8/><E37/><V120/><F120/><W2/><G2/><T54/><D13/><N who="1" m="7591" /><E38/><V6/><F6/><W22/><G41/><T106/><D130/><U85/><E33/><V20/><F20/><W0/><G0/><T9/><D9/><U116/><E25/><V66/><F64/><W12/><G125/><T71/><N who="0" m="17408" /><DORA hai="55" /><T24/><D24/><U50/><E96/><AGARI ba="0,0" hai="56,63,66,88,92,96,100,103" m="46602,49738" machi="96" ten="30,5800,0" yaku="19,1,52,1,54,1" doraHai="67,55" who="2" fromWho="1" sc="235,0,255,-58,353,58,157,0" /><INIT seed="2,1,0,4,1,66" ten="235,197,411,157" oya="2" hai0="87,125,130,51,93,11,37,30,24,118,31,103,86" hai1="113,13,71,49,134,78,74,122,132,6,26,72,120" hai2="16,76,38,90,104,115,70,64,52,43,48,79,28" hai3="101,106,105,18,59,135,23,81,109,94,124,15,83"/><V80/><F104/><W114/><G109/><T14/><D37/><U25/><E49/><V88/><F115/><W69/><G114/><T34/><D125/><U40/><E40/><V84/><F28/><W99/><G124/><T82/><D130/><U46/><E46/><N who="2" m="23927" /><F90/><W2/><G2/><T123/><D123/><N who="1" m="47147" /><E113/><V95/><F16/><W58/><G69/><T127/><D118/><U108/><E71/><V121/><F95/><W75/><G135/><N who="1" m="51754" /><E108/><V41/><F41/><W102/><G75/><N who="1" m="28714" /><E78/><V0/><F0/><W55/><G58/><T111/><D111/><U33/><E33/><V77/><F77/><W44/><G44/><T27/><D127/><U110/><E110/><V32/><F32/><W92/><G105/><T85/><D34/><U53/><E53/><V100/><F76/><W133/><G133/><T12/><D31/><U128/><E128/><V3/><F79/><W73/><G73/><T68/><D30/><U57/><E57/><V8/><F3/><W60/><REACH who="3" step="1"/><G106/><REACH who="3" ten="235,197,411,147" step="2"/><T42/><D68/><U56/><E56/><N who="2" m="32775" /><F70/><W7/><G7/><T20/><D51/><U65/><E65/><V4/><F64/><W22/><G22/><T47/><D20/><U96/><E96/><AGARI ba="1,1" hai="15,18,23,55,59,60,81,83,92,94,96,99,101,102" machi="96" ten="40,5200,0" yaku="1,1,9,1,8,1,53,0" doraHai="66" doraHaiUra="36" who="3" fromWho="1" sc="235,0,197,-55,411,0,147,65" /><INIT seed="3,0,0,5,1,91" ten="235,142,411,212" oya="3" hai0="38,7,92,5,123,77,72,2,109,124,9,15,28" hai1="27,39,19,59,134,112,35,114,120,127,88,23,48" hai2="46,96,43,106,121,94,87,63,116,75,44,29,4" hai3="113,33,81,89,99,37,67,117,45,30,105,1,119"/><W3/><G113/><T16/><D38/><U47/><E134/><V62/><F75/><W118/><G89/><T51/><D123/><U76/><E127/><V131/><F106/><W93/><G81/><T126/><D109/><U78/><E120/><V58/><F116/><W65/><G65/><T31/><D77/><U102/><E112/><V26/><F121/><W68/><G93/><T130/><D72/><U71/><E71/><V79/><F4/><W128/><G128/><T56/><D7/><U13/><E114/><V11/><F11/><W57/><G57/><T82/><D82/><U25/><E102/><V110/><F131/><W103/><G45/><T97/><D130/><U85/><E59/><V95/><F110/><W74/><G37/><T86/><D86/><U84/><E39/><V129/><F129/><W18/><G18/><T104/><D104/><U34/><E34/><V60/><F58/><W125/><G74/><T107/><D107/><U55/><E35/><V101/><F43/><W83/><G83/><T90/><D51/><U0/><E0/><V80/><F94/><W24/><G125/><N who="0" m="48235" /><D56/><U49/><E49/><V54/><F54/><W10/><G10/><AGARI ba="0,0" hai="2,5,9,10,15,16,28,31,90,92,97" m="48235" machi="10" ten="30,3900,0" yaku="18,1,52,1,54,1" doraHai="91" who="0" fromWho="3" sc="235,39,142,0,411,0,212,-39" owari="274,7.4,142,-35.8,411,51.1,173,-22.7" /></mjloggm>