<mjloggm ver="2.3"><GO type="225" lobby="0"/><UN n0="%E3%82%89%E3%81%84%E3%81%B5%E3%81%8C%E3%83%BC%E3%81%A9%E3%81%99%E3%81%8D" n1="%E3%81%AF%E3%82%88%E3%81%8A%E3%81%98%E3%81%95%E3%82%93" n2="%E3%81%A9%E3%82%8F%E3%82%93%E3%81%94" n3="%E5%84%AA%40%41%42%43" dan="16,17,16,17" rate="2052.47,2223.21,2081.92,2145.43" sx="M,M,M,M"/><TAIKYOKU oya="0"/><INIT seed="0,0,0,0,3,40" ten="250,250,250,250" oya="0" hai0="10,4,71,63,74,81,55,132,43,32,64,134,17" hai1="16,36,61,106,114,73,129,47,92,50,29,45,11" hai2="7,88,35,119,98,109,101,122,125,21,80,24,123" hai3="89,23,12,87,117,65,53,9,77,100,135,111,14"/><T5/><D32/><U60/><E106/><V33/><F109/><W39/><G111/><T66/><D43/><U57/><E73/><V75/><F125/><W13/><G135/><N who="0" m="51755" /><D64/><U91/><E36/><V118/><F7/><W108/><G117/><N who="2" m="44553" /><F75/><W84/><G100/><T105/><D105/><U102/><E102/><V30/><F80/><N who="3" m="47119" /><G39/><T38/><D38/><U51/><E29/><V127/><F127/><W59/><G65/><T124/><D124/><U62/><E129/><V82/><F101/><W46/><G23/><T133/><D133/><U104/><E114/><V56/><F56/><W37/><G37/><T120/><D120/><N who="2" m="46122" /><F82/><N who="3" m="49399" /><G46/><N who="1" m="17418" /><E104/><V90/><F90/><W70/><G70/><T103/><D71/><U0/><E57/><V78/><F78/><W69/><G69/><T31/><D74/><U6/><E6/><V49/><F49/><N who="3" m="31151" /><G108/><T3/><D103/><U96/><E0/><V115/><F115/><W18/><AGARI ba="0,0" hai="9,12,13,14,18" m="31151,49399,47119" machi="18" ten="30,1100,0" yaku="8,1" doraHai="40" who="3" fromWho="3" sc="250,-5,250,-3,250,-3,250,11" /><INIT seed="1,0,0,0,0,25" ten="245,247,247,261" oya="1" hai0="79,68,128,35,3,10,48,134,82,69,46,42,77" hai1="132,52,59,53,51,117,60,58,129,56,114,122,65" hai2="86,105,75,40,93,32,96,34,31,6,123,37,95" hai3="13,12,87,33,124,109,4,16,92,30,133,112,126"/><U89/><E89/><V5/><F123/><W64/><G112/><T72/><D128/><U44/><E122/><V76/><F93/><W41/><G64/><T110/><D110/><U98/><E98/><V23/><F40/><W111/><G41/><T107/><D134/><U50/><E114/><V81/><F37/><W102/><G133/><T73/><D107/><U80/><E80/><V47/><F47/><W28/><G33/><T55/><D35/><U104/><E104/><V15/><F34/><W100/><G4/><N who="0" m="1311" /><D77/><U20/><E20/><V9/><F32/><W19/><G87/><T91/><D91/><U39/><E132/><V135/><F135/><W94/><AGARI ba="0,0" hai="12,13,16,19,28,30,92,94,100,102,109,111,124,126" machi="94" ten="25,12000,2" yaku="0,1,22,2,52,2,54,1" doraHai="25" who="3" fromWho="3" sc="245,-30,247,-60,247,-30,261,120" /><INIT seed="2,0,0,1,2,26" ten="215,187,217,381" oya="2" hai0="132,14,97,135,104,133,51,17,118,100,9,78,54" hai1="50,16,81,60,66,69,23,64,4,79,67,110,116" hai2="7,28,25,113,103,36,106,0,1,86,44,88,73" hai3="37,109,112,38,40,130,52,45,117,71,108,48,62"/><V22/><F113/><W85/><G117/><T6/><D118/><U94/><E116/><V57/><F73/><W12/><G112/><T68/><D68/><U59/><E110/><N who="3" m="42602" /><G85/><T129/><D129/><U131/><E131/><V39/><F57/><N who="3" m="32903" /><G12/><T46/><D78/><U33/><E33/><V49/><F103/><W24/><G24/><T126/><D126/><U21/><E21/><V74/><F74/><W90/><G90/><T43/><D43/><U127/><E127/><V15/><F106/><W8/><G8/><T128/><D128/><U96/><E4/><AGARI ba="0,0" hai="4,6,9,14,17,46,51,54,97,100,104,132,133,135" machi="4" ten="40,1300,0" yaku="20,1" doraHai="26" who="0" fromWho="1" sc="215,13,187,-13,217,0,381,0" /><INIT seed="3,0,0,2,4,84" ten="228,174,217,381" oya="3" hai0="67,39,5,19,122,75,38,36,110,111,52,68,62" hai1="77,73,70,99,130,26,12,88,96,124,89,21,13" hai2="28,58,126,24,133,121,135,34,129,23,41,128,87" hai3="31,57,85,63,50,117,18,107,131,3,103,86,53"/><W46/><G131/><N who="2" m="50249" /><F121/><W37/><G37/><T10/><D122/><U16/><E130/><V95/><F41/><W1/><G117/><T79/><D19/><U42/><E70/><V25/><F58/><W15/><G31/><T83/><D52/><U17/><E124/><V119/><F119/><W102/><G107/><T90/><REACH who="0" step="1"/><D90/><REACH who="0" ten="218,174,217,381" step="2"/><N who="1" m="34923" /><E73/><V14/><F126/><W125/><G125/><T33/><D33/><U43/><E77/><V2/><F34/><W74/><G74/><T134/><D134/><U59/><E59/><V6/><F135/><W55/><G1/><AGARI ba="0,1" hai="1,5,10,36,38,39,62,67,68,75,79,83,110,111" machi="1" ten="40,5200,0" yaku="1,1,23,2,53,0" doraHai="84" doraHaiUra="97" who="0" fromWho="3" sc="218,62,174,0,217,0,381,-52" owari="280,8.0,174,-32.6,217,-18.3,329,42.9" /></mjloggm>