<mjloggm ver="2.3"><GO type="225" lobby="0"/><UN n0="%E5%86%B7%E5%87%8D%E3%82%AE%E3%83%A7%E3%83%BC%E3%82%B6" n1="%72%69%6F%75%63%68%61%6E" n2="%E3%83%A9%E3%83%96%E3%83%AC%E3%83%BC" n3="%E7%99%BD%E6%97%A5%E9%9B%AA%E8%8F%9C" dan="16,16,18,16" rate="2213.98,2098.73,2171.86,2113.98" sx="M,M,M,M"/><TAIKYOKU oya="0"/><INIT seed="0,0,0,3,0,13" ten="250,250,250,250" oya="0" hai0="133,12,110,87,61,56,117,81,57,98,31,94,22" hai1="101,95,7,77,51,132,2,24,58,55,91,111,75" hai2="93,96,16,19,83,123,129,43,76,114,116,34,54" hai3="23,18,112,52,109,39,72,73,27,88,68,124,33"/><T36/><D117/><U41/><E111/><V15/><F123/><W108/><G112/><T60/><D133/><U84/><E132/><V66/><F114/><W115/><G115/><T126/><D36/><U104/><E41/><V89/><F34/><W127/><G39/><T134/><D126/><N who="3" m="48169" /><G68/><T11/><D134/><U69/><E69/><V9/><F43/><W6/><G6/><T10/><D110/><N who="3" m="42601" /><G33/><T74/><D74/><U135/><E135/><V79/><F116/><W65/><G65/><T125/><D125/><U25/><E2/><V53/><F66/><W0/><G0/><T105/><D105/><U100/><E7/><N who="2" m="3519" /><F129/><W106/><G106/><T26/><D61/><U67/><E67/><V70/><F70/><W47/><G88/><N who="0" m="55623" /><D60/><U113/><E113/><V59/><F54/><W38/><G38/><T48/><D48/><AGARI ba="0,0" hai="18,23,27,47,48,52,72,73" m="42601,48169" machi="48" ten="30,7700,0" yaku="18,1,14,1,52,1,54,1" doraHai="13" who="3" fromWho="0" sc="250,-77,250,0,250,0,250,77" /><INIT seed="1,0,0,3,2,11" ten="173,250,250,327" oya="1" hai0="21,82,12,129,116,32,14,25,9,83,76,7,101" hai1="35,75,49,27,80,104,2,42,131,34,59,70,55" hai2="40,113,85,60,13,108,132,117,99,62,10,17,3" hai3="4,112,37,79,31,24,52,125,107,67,58,6,124"/><U134/><E2/><V84/><F117/><W105/><G112/><T30/><D116/><U63/><E131/><V95/><F113/><W46/><G79/><T56/><D129/><U39/><E134/><V98/><F3/><W120/><G120/><T38/><D38/><U91/><E104/><N who="3" m="40010" /><G67/><T65/><D101/><U81/><E75/><V43/><F108/><W73/><G73/><T121/><D121/><U119/><E119/><V22/><F132/><W77/><G77/><T15/><D32/><N who="1" m="12331" /><E91/><V133/><F133/><W53/><G46/><T90/><D90/><U92/><E92/><V44/><F98/><W74/><G74/><T122/><D122/><U18/><E18/><V100/><F22/><N who="3" m="15767" /><G37/><T28/><D28/><U69/><E27/><V102/><F100/><W36/><G36/><T61/><REACH who="0" step="1"/><D82/><REACH who="0" ten="163,250,250,327" step="2"/><U103/><E103/><V115/><F115/><W45/><G125/><T47/><D47/><N who="1" m="24031" /><E69/><V126/><F44/><W130/><G45/><T71/><D71/><U72/><E72/><AGARI ba="0,1" hai="7,9,12,14,15,21,25,30,56,61,65,72,76,83" machi="72" ten="30,12000,2" yaku="1,1,7,1,52,3,53,1" doraHai="11" doraHaiUra="20" who="0" fromWho="1" sc="163,130,250,-120,250,0,327,0" /><INIT seed="2,0,0,4,1,79" ten="293,130,250,327" oya="2" hai0="81,128,120,100,3,36,55,53,47,20,15,119,91" hai1="54,30,64,114,4,106,56,19,105,116,22,40,17" hai2="124,12,125,63,104,123,111,49,82,122,73,133,98" hai3="57,31,10,78,60,2,27,99,90,88,37,93,94"/><V43/><F63/><W16/><G37/><T117/><D120/><U130/><E114/><V103/><F49/><W92/><G78/><T18/><D3/><U109/><E130/><V25/><F25/><W80/><G80/><T113/><D113/><U35/><E109/><V32/><F43/><W134/><G134/><T127/><D127/><N who="2" m="48714" /><F32/><W14/><G2/><T5/><D5/><U38/><E116/><N who="0" m="44617" /><D100/><U51/><E4/><V77/><F12/><W108/><G90/><T129/><D36/><U68/><E35/><V95/><F133/><W118/><G108/><T50/><D55/><U66/><E30/><V26/><F26/><W67/><G118/><T13/><D13/><U107/><E22/><AGARI ba="0,0" hai="10,14,16,22,27,31,57,60,67,88,92,93,94,99" machi="22" ten="30,7700,0" yaku="7,1,8,1,54,2" doraHai="79" who="3" fromWho="1" sc="293,0,130,-77,250,0,327,77" /><INIT seed="3,0,0,3,4,59" ten="293,53,250,404" oya="3" hai0="95,73,91,62,106,87,66,70,135,121,130,16,48" hai1="92,20,54,8,32,28,44,10,24,36,33,42,75" hai2="99,4,6,69,38,96,53,41,97,78,65,67,49" hai3="110,68,40,46,86,83,131,74,84,30,133,94,117"/><W102/><G117/><T122/><D130/><U126/><E126/><V109/><F109/><W18/><G68/><T134/><D106/><U39/><E75/><V93/><F38/><W61/><G61/><T80/><D48/><U90/><E36/><V120/><F41/><W51/><G131/><T64/><D64/><U82/><E82/><V0/><F120/><W55/><G30/><T56/><D70/><U129/><E129/><V43/><F43/><W37/><G110/><T50/><D50/><U115/><E115/><V13/><F0/><W72/><G133/><N who="0" m="50699" /><D16/><U113/><E113/><V107/><F107/><W14/><G102/><T1/><D1/><U22/><E54/><V118/><F78/><AGARI ba="0,0" hai="56,62,66,73,78,80,87,91,95,121,122" m="50699" machi="78" ten="30,2000,0" yaku="20,1,52,1" doraHai="59" who="0" fromWho="2" sc="293,20,53,0,250,-20,404,0" owari="313,11.3,53,-44.7,230,-17.0,404,50.4" /></mjloggm>