<mjloggm ver="2.3"><GO type="225" lobby="0"/><UN n0="%6D%75%75%6D%75%72%61" n1="%E5%A4%96%E5%B7%9D%E7%AB%9C%E6%88%90" n2="%E3%81%95%E3%81%8D%E3%81%9F%E3%81%BE%E6%9E%97%E6%AA%8E" n3="%72%69%6F%75%63%68%61%6E" dan="17,16,16,17" rate="2205.51,2119.74,2169.21,2268.62" sx="F,M,M,M"/><TAIKYOKU oya="0"/><INIT seed="0,0,0,3,0,4" ten="250,250,250,250" oya="0" hai0="59,134,67,0,27,44,105,107,100,80,22,25,40" hai1="116,70,101,49,85,92,50,51,64,79,14,72,45" hai2="66,48,117,15,58,65,21,9,89,52,33,32,24" hai3="23,76,31,56,12,53,35,16,26,1,113,5,36"/><T68/><D134/><U109/><E116/><V131/><F131/><W93/><G113/><T46/><D68/><U62/><E109/><V125/><F125/><W41/><G76/><T112/><D112/><U57/><E72/><V99/><F117/><W78/><G78/><T88/><D0/><U82/><E70/><V90/><F32/><W63/><G93/><T10/><D10/><U122/><E122/><V38/><F38/><W114/><G114/><T19/><D27/><U75/><E75/><V126/><F33/><W97/><G97/><T54/><D67/><N who="2" m="25610" /><F99/><W121/><G121/><T86/><D100/><U2/><E2/><V124/><F124/><W71/><G71/><T133/><D133/><U95/><E101/><V108/><F108/><W111/><G111/><T20/><D22/><U39/><E14/><V6/><F126/><W110/><G110/><T8/><D8/><U130/><E130/><V94/><F94/><N who="1" m="35881" /><E39/><V135/><F135/><W18/><G36/><T28/><D28/><AGARI ba="0,0" hai="6,9,15,21,24,28,48,52,58,89,90" m="25610" machi="28" ten="30,3900,0" yaku="8,1,52,1,54,1" doraHai="4" who="2" fromWho="0" sc="250,-39,250,0,250,39,250,0" /><INIT seed="1,0,0,5,3,119" ten="211,250,289,250" oya="1" hai0="102,80,109,27,18,131,133,61,50,72,38,58,135" hai1="86,34,134,90,75,84,56,17,51,26,40,0,93" hai2="79,2,69,124,43,130,66,33,13,99,23,9,96" hai3="24,3,67,42,132,31,107,118,129,103,64,108,4"/><U73/><E0/><V104/><F33/><W110/><G129/><T92/><D38/><U87/><E134/><V94/><F124/><W29/><G132/><T105/><D105/><U39/><E39/><V35/><F35/><W89/><G118/><T8/><D131/><U48/><E40/><V59/><F69/><W111/><G42/><T114/><D114/><U95/><E56/><V36/><F79/><W63/><G89/><T60/><D109/><U128/><E128/><V113/><F113/><W16/><G16/><T65/><D50/><U52/><E51/><V125/><F23/><W28/><G24/><T14/><D27/><U1/><E1/><V68/><F94/><W101/><G107/><T11/><D11/><U83/><E73/><V5/><F96/><W57/><REACH who="3" step="1"/><G64/><REACH who="3" ten="211,250,289,240" step="2"/><T62/><D133/><U49/><E90/><V116/><F66/><W127/><G127/><T82/><D135/><U10/><E17/><V126/><F43/><W117/><G117/><T98/><REACH who="0" step="1"/><D82/><REACH who="0" ten="201,250,289,240" step="2"/><U88/><E26/><V78/><F104/><W25/><G25/><T97/><D97/><U46/><E83/><V85/><F99/><W74/><G74/><T12/><D12/><U20/><E75/><V44/><F13/><W47/><G47/><T53/><D53/><U76/><E52/><V77/><F44/><W106/><G106/><T122/><D122/><U45/><E46/><V120/><F120/><W41/><G41/><T112/><D112/><U37/><E45/><V7/><F125/><W123/><G123/><T30/><D30/><U91/><E37/><V70/><F36/><RYUUKYOKU ba="0,2" sc="201,15,250,-15,289,-15,240,15" hai0="8,14,18,58,60,61,62,65,72,80,92,98,102" hai3="3,4,28,29,31,57,63,67,101,103,108,110,111" /><INIT seed="2,1,2,4,2,0" ten="216,235,274,255" oya="2" hai0="50,83,84,17,9,115,109,39,82,8,90,119,33" hai1="101,60,81,43,103,61,122,1,13,51,69,42,46" hai2="78,36,12,134,112,4,94,89,22,68,77,37,67" hai3="63,25,34,123,47,26,121,66,30,41,54,59,27"/><V114/><F68/><W53/><G34/><T98/><D115/><U58/><E1/><V93/><F67/><W76/><G30/><T11/><D109/><U52/><E122/><V44/><F44/><W48/><REACH who="3" step="1"/><G76/><REACH who="3" ten="216,235,274,245" step="2"/><T113/><D113/><U57/><E69/><V64/><F78/><W96/><G96/><T45/><D33/><U49/><E81/><V126/><F77/><W117/><G117/><T24/><D119/><U6/><E43/><V23/><F114/><W131/><G131/><T71/><D71/><U5/><E42/><V108/><F112/><W110/><G110/><T105/><D83/><U3/><E3/><V118/><F108/><W21/><G21/><T88/><D82/><U18/><E103/><V29/><F22/><W31/><G31/><T87/><D90/><U127/><E101/><V70/><F23/><W40/><G40/><N who="0" m="24871" /><D39/><U2/><E2/><V28/><F89/><W32/><G32/><T107/><D98/><U130/><E130/><V104/><F37/><W62/><G62/><T72/><D88/><U95/><E61/><V10/><F36/><W128/><G128/><T65/><D72/><U86/><E60/><V129/><F70/><W106/><G106/><T15/><D107/><U74/><E74/><V102/><F102/><W35/><G35/><T85/><D105/><U116/><E116/><V55/><F104/><W135/><G135/><T111/><D111/><U16/><E95/><V79/><F94/><W20/><G20/><N who="0" m="13327" /><D65/><U99/><E99/><V97/><F97/><W133/><G133/><T132/><D132/><U7/><E86/><RYUUKYOKU ba="1,3" sc="216,15,235,-15,274,-15,245,15" hai0="8,9,11,15,84,85,87" hai3="25,26,27,41,47,48,53,54,59,63,66,121,123" /><INIT seed="3,2,3,0,0,125" ten="231,220,259,260" oya="3" hai0="32,82,111,13,68,14,114,134,47,25,76,93,49" hai1="107,102,106,131,110,130,23,0,33,128,129,43,96" hai2="51,34,31,101,99,77,115,123,11,67,127,55,9" hai3="84,30,53,135,62,126,105,37,8,89,4,6,3"/><W119/><G119/><T72/><D111/><U61/><E110/><V78/><F115/><W98/><G37/><T58/><D68/><U63/><E33/><V46/><F127/><W74/><G126/><T109/><D109/><U50/><E131/><V100/><F67/><W87/><G74/><T59/><D114/><U118/><E118/><V28/><F34/><W108/><G108/><T120/><D120/><U10/><E23/><V117/><F117/><W52/><G135/><T27/><D134/><U29/><E29/><N who="2" m="11339" /><F123/><W121/><G121/><T133/><D32/><U92/><E43/><V57/><F57/><W65/><G30/><T24/><D59/><U116/><E50/><V97/><F11/><W17/><G6/><T19/><D58/><U1/><E116/><V79/><F9/><W41/><G41/><T73/><D73/><U95/><E107/><V69/><F69/><W15/><G105/><T44/><D44/><U38/><E38/><V75/><F75/><W104/><G104/><T60/><D60/><N who="1" m="23115" /><E0/><V124/><F124/><W132/><G132/><T112/><D133/><U83/><E83/><V64/><F64/><W21/><G98/><AGARI ba="2,3" hai="46,51,55,77,78,79,97,98,99,100,101" m="11339" machi="98" ten="30,1000,0" yaku="8,1" doraHai="125" who="2" fromWho="3" sc="231,0,220,0,259,46,260,-16" owari="231,-16.9,220,-28.0,305,40.5,244,4.4" /></mjloggm>