<mjloggm ver="2.3"><GO type="225" lobby="0"/><UN n0="%E3%83%A9%E3%82%B9%E7%8E%87%EF%BC%93%E5%89%B2" n1="%E5%B0%8F%E9%B3%A5%E9%81%8A%E7%B7%B4%E7%84%A1%32%31%E6%AD%B3" n2="%72%61%6B%33" n3="%E6%B8%A9%E2%98%85%E6%83%85%E2%98%85%E6%8E%AA%E2%98%85%E7%BD%AE" dan="16,16,17,16" rate="2159.25,2192.02,2200.23,2152.24" sx="F,F,M,M"/><TAIKYOKU oya="0"/><INIT seed="0,0,0,4,0,53" ten="250,250,250,250" oya="0" hai0="91,115,85,86,44,122,62,98,117,80,42,67,132" hai1="135,73,4,74,96,7,10,110,131,47,33,88,61" hai2="40,35,63,52,82,120,55,11,57,116,108,22,51" hai3="125,102,29,18,37,129,134,36,65,118,66,103,17"/><T109/><D115/><U19/><E33/><V79/><F35/><W105/><G105/><T76/><D117/><U49/><E110/><V43/><F108/><W78/><G78/><T15/><D109/><U6/><E131/><V81/><F120/><W100/><G118/><T130/><D132/><U127/><E127/><V26/><F116/><W14/><G129/><T84/><D130/><U121/><E121/><V0/><F0/><W27/><G125/><T94/><D15/><U77/><E77/><V21/><F11/><W48/><G134/><T93/><D93/><U95/><E135/><V41/><F26/><W60/><G48/><T133/><D133/><U101/><E61/><V87/><REACH who="2" step="1"/><F82/><REACH who="2" ten="250,250,240,250" step="2"/><W24/><G24/><T28/><D122/><U46/><E10/><V31/><F31/><W107/><G29/><T50/><REACH who="0" step="1"/><D28/><REACH who="0" ten="240,250,240,250" step="2"/><U54/><E19/><V119/><F119/><W123/><G18/><T9/><D9/><U56/><REACH who="1" step="1"/><E101/><REACH who="1" ten="240,240,240,250" step="2"/><V32/><F32/><W126/><G17/><T64/><D64/><N who="3" m="24681" /><G103/><T113/><D113/><U38/><E38/><V34/><F34/><W92/><G102/><T104/><D104/><U8/><E8/><V58/><AGARI ba="0,3" hai="21,22,40,41,43,51,52,55,57,58,63,79,81,87" machi="58" ten="30,16000,3" yaku="1,1,0,1,8,1,52,2,54,1,53,2" doraHai="53" doraHaiUra="16" who="2" fromWho="2" sc="240,-80,240,-40,240,190,250,-40" /><INIT seed="1,0,0,4,3,59" ten="160,200,430,210" oya="1" hai0="90,72,7,6,87,113,40,61,30,91,21,39,11" hai1="68,92,14,55,83,97,81,4,110,1,49,16,108" hai2="106,18,65,28,75,119,115,112,129,98,43,80,109" hai3="133,26,124,120,62,118,10,38,78,84,64,93,2"/><U101/><E68/><V48/><F109/><N who="1" m="42089" /><E4/><V45/><F119/><W3/><G38/><T107/><D72/><U76/><E76/><V105/><F129/><W51/><G120/><T66/><D113/><U79/><E79/><V102/><F106/><W69/><G118/><T125/><D107/><U46/><E1/><V42/><F28/><W122/><G122/><T111/><D125/><U132/><E132/><V53/><F18/><W103/><G124/><T114/><D114/><N who="2" m="43562" /><F65/><W13/><G64/><T36/><D7/><U33/><E33/><V35/><F35/><W22/><G133/><T94/><D40/><N who="2" m="15402" /><F80/><W121/><G121/><T104/><D104/><U5/><E5/><V100/><F100/><W67/><G103/><T15/><D111/><U130/><E130/><V58/><F75/><W96/><G67/><T86/><D30/><U82/><E81/><V17/><F17/><W117/><G117/><T123/><D123/><U19/><E19/><V70/><F45/><W74/><G74/><T95/><REACH who="0" step="1"/><D21/><AGARI ba="0,0" hai="14,16,21,46,49,55,82,83,92,97,101" m="42089" machi="21" ten="30,5800,0" yaku="14,1,10,1,54,1" doraHai="59" who="1" fromWho="0" sc="160,-58,200,58,430,0,210,0" /><INIT seed="1,1,0,4,2,68" ten="102,258,430,210" oya="1" hai0="102,92,44,101,81,77,109,58,108,130,70,73,95" hai1="22,4,24,127,15,23,88,75,50,28,94,116,26" hai2="79,107,61,48,96,13,110,66,27,43,132,57,103" hai3="105,37,80,72,34,65,74,69,17,93,41,120,98"/><U106/><E106/><V89/><F110/><N who="0" m="42602" /><D58/><U121/><E75/><V40/><F132/><W1/><G65/><T126/><D44/><U123/><E116/><V82/><F89/><W45/><G69/><T128/><D70/><U118/><E127/><V67/><F13/><W99/><G45/><T30/><D126/><U47/><E118/><V104/><F104/><W56/><G56/><T49/><D49/><U134/><E134/><V2/><F2/><W6/><G41/><T125/><D125/><U135/><E135/><V29/><F48/><W9/><G74/><T53/><D53/><U100/><E100/><N who="0" m="38505" /><D30/><U86/><E15/><V63/><F82/><W113/><G72/><T83/><D83/><U42/><REACH who="1" step="1"/><E4/><REACH who="1" ten="102,248,430,210" step="2"/><V71/><REACH who="2" step="1"/><F79/><REACH who="2" ten="102,248,420,210" step="2"/><W33/><G6/><T55/><D55/><U84/><E84/><V62/><F62/><W122/><G122/><T112/><D112/><U115/><E115/><V51/><F51/><W19/><G120/><T129/><AGARI ba="1,2" hai="73,77,81,92,95,128,129,130" m="38505,42602" machi="129" ten="40,8000,1" yaku="19,1,14,1,34,2" doraHai="68" who="0" fromWho="0" sc="102,103,248,-41,420,-21,210,-21" /><INIT seed="2,0,0,0,2,118" ten="205,207,399,189" oya="2" hai0="83,27,33,82,53,17,88,29,20,67,45,3,46" hai1="95,19,56,38,2,96,100,122,32,110,94,8,111" hai2="114,131,64,107,85,6,1,7,44,28,99,14,87" hai3="97,71,18,132,55,24,63,106,135,112,78,117,69"/><V103/><F114/><W79/><G117/><T13/><D67/><U90/><E38/><V121/><F121/><W84/><G112/><T34/><D34/><U113/><E32/><V98/><F131/><W81/><G79/><T21/><D33/><U115/><E56/><V12/><F1/><W50/><G63/><T76/><D3/><U92/><E19/><V129/><F129/><W134/><G24/><T61/><D76/><U65/><E65/><V40/><F64/><W10/><G97/><T70/><D70/><U93/><E8/><V116/><F28/><W86/><G86/><N who="0" m="50263" /><D83/><U16/><E2/><V119/><F103/><W30/><G30/><T72/><D72/><U42/><E42/><V126/><F40/><W73/><G73/><T36/><D36/><U26/><E100/><V91/><F91/><W47/><REACH who="3" step="1"/><G106/><REACH who="3" ten="205,207,399,179" step="2"/><T54/><D61/><U80/><E113/><V109/><F107/><W123/><G123/><T52/><AGARI ba="0,1" hai="13,17,20,21,27,29,45,46,52,53,54" m="50263" machi="52" ten="30,4000,0" yaku="8,1,54,2" doraHai="118" who="0" fromWho="0" sc="205,50,207,-10,399,-20,179,-10" /><INIT seed="3,0,0,5,0,110" ten="255,197,379,169" oya="3" hai0="103,51,65,96,93,123,90,41,55,72,47,45,53" hai1="13,42,12,124,76,20,10,17,109,40,100,14,21" hai2="64,8,66,69,95,18,25,89,68,28,83,88,11" hai3="112,52,49,75,15,114,97,27,78,101,113,118,127"/><W120/><G118/><T56/><D72/><U128/><E109/><V16/><F83/><W59/><G120/><T91/><D123/><U43/><E124/><V129/><F95/><W104/><G127/><T82/><D82/><U85/><E100/><V134/><F25/><W3/><G3/><T84/><D84/><U119/><E128/><V7/><F28/><W19/><G75/><T133/><D133/><U4/><E119/><V1/><F7/><W116/><G116/><T71/><D71/><U23/><E4/><V32/><F32/><W87/><G87/><T0/><D0/><U105/><E105/><V106/><F106/><W99/><G99/><T102/><D65/><U58/><E58/><V86/><F86/><W61/><G27/><T122/><D122/><U80/><AGARI ba="0,0" hai="10,12,13,14,17,20,21,23,40,42,43,76,80,85" machi="80" ten="40,2700,0" yaku="0,1,8,1" doraHai="110" who="1" fromWho="1" sc="255,-7,197,27,379,-7,169,-13" owari="248,4.8,224,-17.6,372,47.2,156,-34.4" /></mjloggm>