<mjloggm ver="2.3"><GO type="225" lobby="0"/><UN n0="%E4%B8%89%E5%86%A0%E7%8E%8B%E3%83%BB%E5%B1%B1%E7%94%B0%E5%93%B2%E4%BA%BA" n1="%E2%91%A3%E9%81%BF%E9%81%8A%E6%88%AF%E3%80%90%E6%9D%B1%E5%8D%97%E3%80%91" n2="%43%68%65" n3="%47%32%E9%BE%8D%E9%96%80" dan="16,16,16,16" rate="2135.96,2103.58,2108.42,2098.15" sx="M,M,M,M"/><TAIKYOKU oya="0"/><INIT seed="0,0,0,1,5,119" ten="250,250,250,250" oya="0" hai0="116,117,81,41,86,10,134,4,87,27,78,133,30" hai1="79,49,113,13,14,129,75,71,82,93,32,19,80" hai2="107,34,121,45,20,17,6,52,84,63,40,100,23" hai3="120,50,39,103,37,54,48,101,102,62,61,31,67"/><T97/><D41/><U47/><E113/><V128/><F34/><W105/><G105/><T91/><D97/><U22/><E32/><V26/><F128/><W15/><G31/><T3/><D117/><U124/><E129/><V130/><F130/><W64/><G15/><T115/><D115/><U2/><E2/><V83/><F6/><W57/><G120/><T94/><REACH who="0" step="1"/><D116/><REACH who="0" ten="240,250,250,250" step="2"/><U90/><E124/><V0/><F40/><W29/><G37/><T77/><D77/><U123/><E79/><V106/><F121/><W73/><G39/><T92/><D92/><U28/><E123/><V132/><F107/><W21/><G103/><T44/><D44/><U89/><E93/><V118/><F118/><W126/><G126/><T24/><D24/><U46/><E47/><V110/><F100/><W111/><G102/><T38/><D38/><U98/><E46/><V95/><F106/><W11/><G101/><T9/><D9/><U12/><E98/><V131/><F95/><W5/><G11/><T135/><D135/><U96/><E96/><V112/><F132/><W88/><G88/><T60/><D60/><U7/><E90/><N who="2" m="51487" /><F131/><W127/><G127/><T85/><D85/><U53/><E89/><V43/><F112/><W56/><G61/><T8/><D8/><U51/><E82/><V125/><F125/><W69/><G62/><T59/><D59/><U58/><E80/><V99/><F99/><W18/><G57/><T55/><D55/><U104/><E58/><N who="2" m="35271" /><F45/><W66/><G56/><T25/><D25/><U68/><E53/><V70/><F43/><W33/><G54/><RYUUKYOKU ba="0,1" sc="240,30,250,-10,250,-10,250,-10" hai0="3,4,10,27,30,78,81,86,87,91,94,133,134" /><INIT seed="0,1,1,2,4,82" ten="270,240,240,240" oya="0" hai0="27,105,95,56,125,1,15,4,18,83,116,44,26" hai1="99,28,97,74,133,92,109,71,78,50,87,100,69" hai2="60,93,54,2,111,24,45,38,25,8,102,3,43" hai3="115,9,96,106,131,53,67,14,42,47,33,129,132"/><T126/><D105/><U112/><E112/><V5/><F111/><W68/><G115/><T10/><D116/><U0/><E109/><V59/><F2/><W58/><G33/><T121/><D121/><U13/><E0/><V29/><F29/><W110/><G110/><T37/><D56/><U94/><E74/><V77/><F77/><W91/><G132/><T130/><D130/><N who="3" m="49673" /><G68/><T134/><D134/><U122/><E133/><V113/><F113/><W86/><G67/><T124/><D95/><U107/><E122/><V61/><F61/><W16/><G96/><T34/><D34/><U84/><E28/><V23/><F23/><W80/><G106/><T21/><REACH who="0" step="1"/><D83/><REACH who="0" ten="260,240,240,240" step="2"/><U12/><E107/><V89/><REACH who="2" step="1"/><F102/><REACH who="2" ten="260,240,230,240" step="2"/><W66/><G80/><T135/><D135/><U22/><E100/><V104/><F104/><W81/><G81/><T7/><D7/><U103/><E103/><V19/><F19/><W30/><G16/><T127/><D127/><U48/><E22/><V39/><F39/><W128/><G128/><T40/><AGARI ba="1,3" hai="1,4,10,15,18,21,26,27,37,40,44,124,125,126" machi="40" ten="40,7800,0" yaku="1,1,0,1,18,1,53,0" doraHai="82" doraHaiUra="62" who="0" fromWho="0" sc="260,111,240,-27,230,-27,240,-27" /><INIT seed="0,2,0,1,1,106" ten="371,213,203,213" oya="0" hai0="101,55,36,13,28,104,41,92,63,116,111,6,34" hai1="51,44,91,21,15,69,65,46,83,43,60,128,80" hai2="76,135,22,89,110,17,7,64,67,30,52,112,11" hai3="113,96,40,119,12,132,103,73,56,58,94,66,59"/><T5/><D104/><U25/><E128/><V125/><F112/><W32/><G113/><T126/><D36/><U127/><E127/><V84/><F125/><W74/><G119/><T98/><D41/><U18/><E91/><V130/><F130/><W117/><G117/><T71/><D55/><U48/><REACH who="1" step="1"/><E25/><REACH who="1" ten="371,203,203,213" step="2"/><V29/><F89/><W14/><G132/><T54/><D126/><U107/><E107/><V134/><F134/><W37/><G66/><T86/><D116/><U39/><E39/><V57/><F135/><W45/><REACH who="3" step="1"/><G32/><REACH who="3" ten="371,203,203,203" step="2"/><T82/><D34/><U108/><E108/><V100/><F67/><W87/><G87/><T42/><D86/><U131/><E131/><V9/><F64/><W3/><G3/><T23/><D111/><U90/><E90/><V81/><F110/><W105/><G105/><T97/><D101/><U62/><E62/><V78/><F100/><W123/><G123/><T114/><D63/><U53/><AGARI ba="2,2" hai="15,18,21,43,44,46,48,51,53,60,65,69,80,83" machi="53" ten="20,2700,0" yaku="1,1,0,1,7,1,53,0" doraHai="106" doraHaiUra="95" who="1" fromWho="1" sc="371,-15,203,53,203,-9,203,-9" /><INIT seed="1,0,0,0,3,79" ten="356,256,194,194" oya="1" hai0="3,73,60,30,121,50,5,55,101,90,124,99,133" hai1="87,96,56,103,114,102,113,14,115,116,4,23,72" hai2="88,6,9,97,89,32,83,59,35,39,49,8,117" hai3="38,92,47,15,91,46,1,48,126,128,24,130,54"/><U18/><E72/><V28/><F117/><W19/><G1/><T21/><D60/><U77/><E116/><V108/><F39/><W131/><G126/><T118/><D90/><U78/><E103/><V40/><F108/><W0/><G0/><T25/><D133/><U82/><E56/><V85/><F28/><W107/><G107/><T109/><D5/><U94/><E4/><V105/><F9/><W100/><G100/><T110/><D50/><U80/><REACH who="1" step="1"/><E115/><REACH who="1" ten="356,246,194,194" step="2"/><V123/><F59/><W37/><G46/><T112/><D73/><U129/><E129/><V51/><F6/><W120/><G120/><T20/><D101/><U34/><E34/><V11/><F35/><W93/><G131/><T43/><D112/><U41/><E41/><V86/><F32/><W10/><G130/><T64/><D43/><U111/><E111/><V119/><F40/><W42/><G128/><T81/><D118/><U31/><E31/><V84/><F119/><W63/><G42/><T44/><D30/><U122/><E122/><V67/><F123/><W27/><G37/><T134/><D121/><U75/><AGARI ba="0,1" hai="14,18,23,75,77,78,80,82,87,94,96,102,113,114" machi="75" ten="20,12000,1" yaku="1,1,0,1,7,1,52,2,53,0" doraHai="79" doraHaiUra="69" who="1" fromWho="1" sc="356,-40,246,130,194,-40,194,-40" /><INIT seed="1,1,0,5,2,76" ten="316,376,154,154" oya="1" hai0="20,52,72,121,87,19,30,131,6,100,24,99,37" hai1="26,38,61,69,79,93,103,28,2,117,63,102,81" hai2="82,124,13,95,91,67,44,115,7,83,62,34,70" hai3="33,45,15,86,132,41,107,106,59,1,80,92,98"/><U64/><E117/><V105/><F105/><W4/><G33/><T112/><D72/><U85/><E2/><V78/><F34/><W84/><G132/><T31/><D37/><U58/><E38/><V53/><F124/><W74/><G74/><T8/><D112/><U75/><E93/><V130/><F78/><W119/><G1/><T27/><D131/><U57/><E75/><V73/><F73/><W116/><G59/><T109/><D109/><U14/><E14/><V122/><F122/><W134/><G134/><T110/><D110/><U40/><E40/><V65/><F65/><W46/><G86/><T22/><D87/><U89/><E79/><V68/><F68/><W49/><G46/><T97/><D121/><U96/><E96/><V54/><F130/><W17/><G119/><T129/><D129/><U126/><E69/><V55/><F44/><W71/><G71/><T77/><D77/><U113/><E126/><V18/><F7/><W9/><G17/><T135/><D19/><U94/><E94/><V35/><F35/><W111/><G111/><T133/><D99/><U16/><E28/><V5/><F5/><W25/><G25/><T36/><D36/><U114/><E113/><V123/><F123/><W108/><G116/><T12/><REACH who="0" step="1"/><D52/><REACH who="0" ten="306,376,154,154" step="2"/><N who="1" m="33959" /><E114/><V125/><F115/><W23/><G108/><T128/><D128/><U29/><E29/><V60/><F125/><W0/><G98/><T118/><D118/><U104/><E104/><AGARI ba="1,1" hai="6,8,12,20,22,24,27,30,31,97,100,104,133,135" machi="104" ten="40,5200,0" yaku="1,1,9,1,53,1" doraHai="76" doraHaiUra="10" who="0" fromWho="1" sc="306,65,376,-55,154,0,154,0" /><INIT seed="2,0,0,3,3,82" ten="371,321,154,154" oya="2" hai0="27,129,69,32,109,83,51,14,24,66,120,118,56" hai1="55,125,10,48,131,91,79,46,42,70,18,59,39" hai2="52,126,89,61,106,78,132,13,92,85,47,6,4" hai3="107,12,98,81,9,71,53,20,94,2,62,23,25"/><V31/><F126/><W17/><G107/><T122/><D69/><U19/><E125/><V93/><F106/><W5/><G81/><T133/><D109/><U34/><E131/><V29/><F132/><W116/><G116/><T36/><D36/><U77/><E34/><V21/><F78/><W95/><G98/><T97/><D24/><U102/><E102/><V99/><F21/><W64/><REACH who="3" step="1"/><G53/><REACH who="3" ten="371,321,154,144" step="2"/><T28/><D83/><U3/><E55/><V38/><F38/><W114/><G114/><T134/><D97/><U115/><E39/><V121/><F121/><W105/><G105/><T119/><D119/><U74/><E115/><V111/><F111/><W96/><G96/><T65/><D118/><U101/><E42/><V45/><F45/><W30/><AGARI ba="0,1" hai="2,5,9,12,17,20,23,25,30,62,64,71,94,95" machi="30" ten="20,2700,0" yaku="1,1,0,1,7,1,53,0" doraHai="82" doraHaiUra="87" who="3" fromWho="3" sc="371,-7,321,-7,154,-13,144,37" /><INIT seed="3,0,0,0,5,54" ten="364,314,141,181" oya="3" hai0="134,41,71,53,88,11,82,135,77,33,50,110,75" hai1="23,89,120,126,69,92,68,34,124,19,97,95,70" hai2="74,28,8,86,31,57,81,36,21,61,32,116,29" hai3="5,39,0,106,63,56,93,14,131,58,117,84,43"/><W65/><G106/><T64/><D110/><U15/><E120/><V42/><F116/><W96/><G117/><T25/><D41/><U112/><E112/><V115/><F115/><W10/><G131/><T83/><D71/><U4/><E34/><V129/><F129/><W44/><G84/><T49/><D64/><U18/><E4/><V76/><F32/><W13/><REACH who="3" step="1"/><G56/><REACH who="3" ten="364,314,141,171" step="2"/><N who="0" m="32815" /><D135/><U125/><E70/><V91/><F8/><W12/><G12/><T80/><D134/><U47/><E69/><V30/><F36/><W130/><G130/><T113/><D11/><U85/><E68/><V87/><F42/><W59/><G59/><T122/><D113/><U35/><E47/><V45/><F45/><W100/><AGARI ba="0,1" hai="0,5,10,13,14,39,43,44,58,63,65,93,96,100" machi="100" ten="20,7800,0" yaku="1,1,0,1,7,1,52,1,53,0" doraHai="54" doraHaiUra="46" who="3" fromWho="3" sc="364,-26,314,-26,141,-26,171,88" /><INIT seed="3,1,0,4,0,62" ten="338,288,115,259" oya="3" hai0="94,123,0,28,115,1,92,59,11,76,24,98,121" hai1="112,127,12,128,69,61,131,134,15,64,32,71,72" hai2="14,84,51,18,66,103,49,38,7,93,129,67,43" hai3="46,87,53,85,23,135,82,90,27,30,81,78,31"/><W39/><G135/><T114/><D76/><U95/><E112/><N who="0" m="43049" /><D92/><U124/><E72/><V117/><F117/><W19/><REACH who="3" step="1"/><G39/><REACH who="3" ten="338,288,115,249" step="2"/><T99/><D123/><U20/><E134/><V68/><F38/><W5/><G5/><T13/><D121/><U104/><E32/><V77/><F7/><W16/><G16/><N who="0" m="8255" /><D0/><U58/><E104/><V10/><F129/><N who="1" m="49737" /><E95/><V110/><F110/><W73/><G73/><T21/><D1/><U8/><E20/><V4/><F18/><W6/><G6/><T96/><D94/><U74/><E74/><V130/><F130/><W37/><G37/><T29/><D29/><U118/><E118/><V105/><F105/><W102/><G102/><T119/><D119/><U63/><E8/><V55/><F68/><N who="1" m="26185" /><E63/><V33/><F33/><W47/><G47/><T111/><D21/><U3/><E3/><V133/><F133/><W80/><G80/><T56/><D28/><U41/><E41/><V100/><F100/><W107/><G107/><T48/><D98/><U60/><E60/><V52/><F103/><W44/><G44/><T116/><D99/><U86/><E86/><V132/><F132/><W34/><G34/><T70/><D96/><U35/><E35/><V50/><F43/><W126/><G126/><AGARI ba="1,1" hai="12,15,58,61,64,124,126,127" m="26185,49737" machi="126" ten="40,5200,0" yaku="18,1,19,1,52,1" doraHai="62" who="1" fromWho="3" sc="338,0,288,65,115,0,249,-55" owari="338,13.8,353,45.3,115,-38.5,194,-20.6" /></mjloggm>