<mjloggm ver="2.3"><GO type="225" lobby="0"/><UN n0="%E5%84%AA%40%41%42%43" n1="%4B%2E%32%2E%4B%2E" n2="%E9%89%A2%E5%B7%BB%E3%82%AC%E3%83%96" n3="%E3%81%B2%E3%81%AA%E3%81%AE%E3%82%8A%E3%81%8F" dan="18,16,16,17" rate="2279.44,2085.16,2048.85,2184.97" sx="M,M,M,M"/><TAIKYOKU oya="0"/><INIT seed="0,0,0,5,4,84" ten="250,250,250,250" oya="0" hai0="74,3,34,78,51,58,86,22,64,123,121,71,26" hai1="83,102,37,92,65,16,50,23,6,130,49,11,15" hai2="103,77,100,110,33,4,31,21,82,43,131,67,122" hai3="10,118,81,27,61,133,94,48,70,46,66,98,39"/><T107/><D3/><U88/><E37/><V17/><F122/><W85/><G39/><T14/><D74/><U91/><E130/><V44/><F110/><W108/><G108/><T134/><D107/><U20/><E65/><V29/><F131/><W128/><G128/><T40/><D34/><U2/><E23/><V79/><F4/><W104/><G104/><T55/><D134/><U76/><E102/><N who="2" m="38955" /><F67/><W13/><G133/><T132/><D132/><U113/><E113/><V28/><F82/><W12/><G118/><T69/><D14/><N who="1" m="9239" /><E2/><V87/><F87/><W125/><G125/><T72/><D72/><U62/><E62/><V54/><F43/><W111/><G111/><T117/><D40/><U0/><E0/><V90/><F90/><N who="1" m="34345" /><E92/><V109/><F109/><W120/><G94/><T7/><D64/><U60/><E60/><V68/><F68/><W30/><G70/><T1/><D117/><U95/><E95/><V80/><F33/><W8/><G61/><T5/><D71/><U124/><E124/><V42/><F42/><W97/><G66/><T45/><D69/><U127/><E127/><V19/><F80/><W41/><G81/><N who="0" m="47415" /><D1/><U9/><E9/><V114/><F114/><W63/><G63/><N who="0" m="36319" /><D123/><U38/><E38/><V57/><F21/><W129/><G129/><T135/><D121/><U47/><E47/><V106/><F44/><W73/><G120/><T119/><D119/><U116/><E116/><V89/><F106/><W105/><G105/><T93/><D93/><U96/><E96/><V36/><F36/><W25/><G98/><T99/><D99/><RYUUKYOKU ba="0,0" sc="250,-10,250,30,250,-10,250,-10" hai1="6,11,15,49,50,76,83" /><INIT seed="1,1,0,4,4,25" ten="240,280,240,240" oya="1" hai0="108,14,69,21,60,16,44,99,85,29,20,76,39" hai1="110,9,43,88,133,32,97,93,67,117,62,72,55" hai2="49,33,59,66,23,125,113,135,65,46,100,126,70" hai3="74,121,51,75,24,83,37,58,106,22,64,56,34"/><U90/><E117/><V19/><F33/><W119/><G121/><T96/><D108/><U36/><E32/><V28/><F100/><W1/><G37/><T45/><D69/><U109/><E72/><V53/><F19/><W47/><G1/><T57/><D39/><U54/><E133/><V130/><F23/><W30/><G106/><T77/><D44/><N who="1" m="23655" /><E9/><V50/><F28/><W3/><G3/><T61/><D45/><U41/><E41/><N who="2" m="24783" /><F135/><W11/><G119/><T112/><D112/><U8/><E8/><V48/><F113/><W94/><G11/><T35/><D35/><U131/><E90/><V91/><F91/><W103/><G34/><T82/><D77/><U105/><E105/><V73/><F73/><W115/><G115/><T92/><D61/><U80/><E80/><V40/><F70/><W122/><G122/><T68/><D68/><N who="1" m="42103" /><E131/><V13/><F130/><W42/><G83/><T12/><D92/><U31/><E31/><V4/><F40/><W124/><G75/><T132/><D132/><U52/><E97/><V38/><F38/><W84/><G74/><T123/><D123/><U26/><E26/><V27/><F27/><W78/><G78/><T111/><D29/><U81/><E81/><V95/><F95/><W102/><G30/><T101/><D101/><U6/><E6/><V120/><F120/><W15/><G103/><T107/><D107/><U10/><E10/><N who="2" m="4295" /><F48/><W104/><G104/><T18/><D111/><N who="1" m="42507" /><E93/><V87/><F87/><W114/><G94/><T17/><D18/><U129/><E129/><V2/><F2/><W71/><G114/><RYUUKYOKU ba="1,0" sc="240,10,280,10,240,10,240,-30" hai0="12,14,16,17,20,21,57,60,76,82,85,96,99" hai1="52,54,55,88" hai2="50,53,59,65,66,125,126" /><INIT seed="1,2,0,3,3,69" ten="250,290,250,210" oya="1" hai0="20,101,81,114,32,110,68,135,56,74,119,111,99" hai1="79,117,66,9,46,50,1,92,52,39,49,98,42" hai2="124,95,26,8,3,30,107,102,14,0,40,16,123" hai3="85,120,37,11,82,128,22,115,65,76,118,63,87"/><U7/><E117/><V57/><F123/><W2/><G120/><T94/><D68/><U31/><E66/><V18/><F107/><W75/><G115/><T132/><D32/><U53/><E31/><V89/><F102/><W72/><G118/><T67/><D20/><U104/><E104/><V25/><F124/><W44/><G128/><T105/><D119/><U36/><E79/><V35/><F40/><N who="3" m="22543" /><G22/><T51/><D67/><U29/><E29/><V73/><F73/><W4/><G75/><T125/><D56/><AGARI ba="2,0" hai="2,4,11,56,63,65,72,76,82,85,87" m="22543" machi="56" ten="30,2000,0" yaku="25,1,52,1" doraHai="69" who="3" fromWho="0" sc="250,-26,290,0,250,0,210,26" /><INIT seed="2,0,0,0,1,65" ten="224,290,250,236" oya="2" hai0="88,40,43,44,105,3,103,135,34,76,41,94,129" hai1="33,91,134,37,92,7,10,42,78,90,79,89,35" hai2="27,38,8,58,29,18,22,119,30,130,71,64,19" hai3="63,15,74,48,2,62,99,11,127,86,77,14,51"/><V93/><F119/><W52/><G74/><T80/><D34/><U126/><E126/><V124/><F124/><W109/><G2/><T112/><D112/><U97/><E134/><V45/><F130/><W60/><G109/><T128/><D3/><U39/><E35/><V24/><F71/><W5/><G127/><T46/><D135/><U68/><E33/><V133/><F133/><W9/><G99/><T53/><D103/><U85/><E68/><V20/><F38/><W81/><REACH who="3" step="1"/><G52/><REACH who="3" ten="224,290,250,226" step="2"/><T83/><D53/><U59/><E97/><V25/><F45/><W114/><G114/><T96/><D105/><U101/><E85/><V72/><F72/><W66/><G66/><T69/><D46/><U115/><E115/><V56/><F64/><W16/><AGARI ba="0,1" hai="5,9,11,14,15,16,48,51,60,62,63,77,81,86" machi="16" ten="30,7900,0" yaku="1,1,0,1,8,1,54,1,53,0" doraHai="65" doraHaiUra="125" who="3" fromWho="3" sc="224,-20,290,-20,250,-39,226,89" /><INIT seed="3,0,0,2,2,63" ten="204,270,211,315" oya="3" hai0="125,132,98,19,36,26,32,72,86,110,55,2,113" hai1="0,20,87,74,99,42,130,62,96,69,51,6,131" hai2="14,71,8,44,83,92,79,114,47,127,124,107,24" hai3="21,101,46,61,49,109,7,126,15,91,120,85,37"/><W100/><G120/><T115/><D72/><U11/><E74/><V97/><F114/><N who="0" m="43530" /><D110/><U65/><E42/><V9/><F107/><W35/><G37/><T77/><D132/><U5/><E5/><N who="2" m="3343" /><F71/><W66/><G35/><T108/><D108/><U27/><E51/><V4/><F24/><W3/><G3/><T117/><D117/><U94/><E87/><N who="2" m="48639" /><F9/><W134/><G134/><T16/><D125/><N who="2" m="48202" /><F4/><W81/><G7/><T1/><D36/><U133/><E133/><V28/><F28/><W112/><G112/><T118/><D118/><U29/><REACH who="1" step="1"/><E99/><REACH who="1" ten="204,260,211,315" step="2"/><V67/><F67/><W78/><G66/><T135/><D98/><U52/><E52/><V90/><AGARI ba="0,1" hai="44,47,90,92,97" m="48202,48639,3343" machi="90" ten="30,1100,0" yaku="18,1" doraHai="63" who="2" fromWho="2" sc="204,-3,260,-3,211,21,315,-5" owari="201,-29.9,257,5.7,232,-16.8,310,41.0" /></mjloggm>