<mjloggm ver="2.3"><GO type="225" lobby="0"/><UN n0="%45%6C%79%73%69%75%6D" n1="%E5%AF%82%E5%AF%9E%E3%82%AE%E3%83%8D%E3%82%B9%E3%83%93%E3%83%BC%E3%83%AB" n2="%E9%BB%92%E9%89%84%E7%8F%A0%E9%9B%AB" n3="%E3%82%A2%E3%83%BC%E3%83%A2%E3%83%AD%E3%83%BC%E3%83%B4%E3%82%A1" dan="17,16,16,16" rate="2119.25,2163.85,2150.27,2123.36" sx="F,M,F,M"/><TAIKYOKU oya="0"/><INIT seed="0,0,0,2,4,52" ten="250,250,250,250" oya="0" hai0="104,80,49,98,123,26,5,121,4,107,30,114,109" hai1="2,66,120,61,82,130,64,97,75,110,42,20,43" hai2="73,135,99,126,55,84,108,131,57,88,112,70,22" hai3="103,127,71,77,116,32,18,117,45,124,46,21,47"/><T93/><D114/><U68/><E120/><V87/><F112/><W96/><G32/><T33/><D109/><U0/><E110/><V129/><F73/><W83/><G71/><T39/><D39/><U102/><E130/><N who="2" m="49675" /><F108/><W92/><G18/><T67/><D104/><U62/><E20/><V90/><F70/><W63/><G63/><T59/><D80/><U7/><E82/><V14/><F135/><W28/><G21/><T31/><D31/><U16/><E75/><V105/><F126/><N who="3" m="48171" /><G28/><T58/><D107/><U122/><E122/><V125/><F125/><W79/><G79/><T106/><D106/><U24/><E7/><V44/><F44/><N who="3" m="11267" /><W85/><AGARI ba="0,0" hai="77,83,85,92,96,103,116,117" m="11267,48171" machi="85" ten="40,2700,0" yaku="4,1,18,1" doraHai="52" who="3" fromWho="3" sc="250,-13,250,-7,250,-7,250,27" /><INIT seed="1,0,0,1,4,135" ten="237,243,243,277" oya="1" hai0="96,90,27,121,45,31,114,85,73,43,1,66,124" hai1="74,17,16,49,107,57,89,120,2,13,133,3,86" hai2="26,72,125,65,59,39,79,5,70,131,106,9,105" hai3="119,38,111,10,25,87,118,23,61,20,4,42,92"/><U30/><E120/><V129/><F59/><W117/><G111/><T41/><D114/><U113/><E113/><V67/><BYE who="1" /><F26/><W128/><G128/><N who="2" m="49225" /><F39/><W21/><G61/><T51/><D73/><U15/><E15/><N who="2" m="5551" /><F70/><UN n1="%E5%AF%82%E5%AF%9E%E3%82%AE%E3%83%8D%E3%82%B9%E3%83%93%E3%83%BC%E3%83%AB" /><W40/><G38/><T36/><D1/><U94/><E133/><V123/><F123/><W77/><G25/><T126/><D96/><U83/><E107/><N who="2" m="40971" /><F125/><N who="0" m="48234" /><D121/><U12/><E3/><V134/><F134/><W99/><G99/><T62/><D36/><U109/><E2/><V33/><BYE who="1" /><F33/><W71/><G117/><T7/><D7/><U101/><E101/><V44/><F44/><W75/><G75/><T53/><D62/><U132/><E132/><V0/><F0/><UN n1="%E5%AF%82%E5%AF%9E%E3%82%AE%E3%83%8D%E3%82%B9%E3%83%93%E3%83%BC%E3%83%AB" /><W91/><G118/><T60/><D60/><U130/><E130/><V95/><F95/><W29/><G4/><T64/><D64/><U54/><E109/><V116/><F116/><W115/><G119/><T37/><D66/><U34/><E34/><V76/><F76/><W6/><G77/><T93/><D37/><U24/><E12/><V52/><F52/><W84/><G115/><T98/><D98/><U108/><E13/><V28/><F79/><W50/><G6/><T82/><D93/><U88/><E108/><V103/><F72/><W127/><G92/><T47/><D47/><U22/><E74/><V78/><F78/><W104/><G127/><T18/><D18/><U48/><E48/><V46/><F46/><W110/><G104/><T102/><D102/><U80/><E94/><V14/><F103/><W68/><G110/><T19/><D19/><U8/><E8/><RYUUKYOKU ba="0,0" sc="237,15,243,15,243,-15,277,-15" hai0="27,31,41,43,45,51,53,82,85,90" hai1="16,17,22,24,30,49,54,57,80,83,86,88,89" /><INIT seed="1,1,0,0,3,123" ten="252,258,228,262" oya="1" hai0="115,43,73,76,7,104,70,72,125,20,109,33,121" hai1="88,83,114,96,29,63,74,2,17,37,12,116,9" hai2="28,23,1,24,108,122,71,46,75,89,80,86,66" hai3="133,134,42,44,117,91,13,58,135,119,132,48,103"/><U40/><E114/><V4/><F122/><W21/><N who="3" m="33792" /><DORA hai="50" /><W107/><G91/><T79/><D20/><U53/><E116/><N who="3" m="44618" /><G58/><T16/><D70/><U35/><E2/><V85/><F75/><W129/><G129/><T54/><D73/><U110/><E74/><V14/><F1/><W49/><G21/><T32/><D76/><U60/><E110/><V61/><F86/><W126/><G13/><T90/><D79/><U100/><E35/><V81/><F46/><W105/><G126/><T94/><D72/><U52/><E29/><V102/><F102/><W18/><G18/><T31/><D16/><U19/><E19/><V62/><F62/><W118/><N who="3" m="44626" /><W38/><DORA hai="55" /><G103/><T41/><D125/><U39/><E63/><V0/><F0/><W77/><G77/><T10/><D32/><U26/><E60/><V67/><F67/><W92/><G92/><T82/><D94/><U36/><E26/><V15/><F15/><W45/><G38/><T113/><D33/><U30/><E30/><V11/><REACH who="2" step="1"/><F81/><REACH who="2" ten="252,258,218,262" step="2"/><W25/><G25/><T131/><D82/><U47/><E83/><V34/><F34/><W57/><G57/><T106/><D131/><U78/><E100/><V87/><F87/><W65/><G65/><T59/><D59/><U69/><E12/><V22/><F22/><W84/><G84/><T112/><D112/><U6/><E47/><V124/><F124/><W120/><G120/><T64/><D121/><U127/><E127/><V98/><F98/><W97/><G97/><T101/><D115/><U5/><E96/><V56/><F56/><RYUUKYOKU ba="1,1" sc="252,-15,258,-15,218,15,262,15" hai2="4,11,14,23,24,28,61,66,71,80,85,89,108" hai3="42,44,45,48,49,105,107" /><INIT seed="2,2,1,4,0,25" ten="237,243,233,277" oya="2" hai0="67,81,113,133,126,121,48,124,31,109,80,131,72" hai1="60,26,119,10,90,16,32,54,103,83,91,15,132" hai2="52,5,19,21,104,63,74,71,18,93,6,8,97" hai3="27,87,20,117,46,13,30,29,22,14,69,68,1"/><V9/><F74/><W37/><G117/><T82/><D121/><U11/><E119/><V43/><F104/><W41/><G1/><T99/><D113/><U75/><E103/><V86/><F86/><W96/><G96/><T39/><D39/><U2/><E132/><V45/><F71/><W35/><G87/><T51/><D72/><U134/><E134/><V114/><F114/><W105/><G105/><T0/><D133/><U70/><E2/><V135/><F135/><W122/><G122/><T53/><D0/><U89/><E10/><N who="2" m="4203" /><F43/><W28/><G35/><T98/><D109/><U62/><E70/><V130/><F130/><W84/><G68/><T120/><D131/><U65/><E65/><V64/><F64/><W4/><G4/><N who="2" m="1641" /><F21/><W36/><G69/><T12/><D67/><U56/><E75/><V17/><F45/><W79/><G36/><T49/><D120/><U50/><REACH who="1" step="1"/><E83/><REACH who="1" ten="237,233,233,277" step="2"/><V34/><F34/><W47/><G20/><T108/><D80/><U92/><E92/><V85/><F85/><W78/><G84/><T3/><D81/><U7/><E7/><V38/><F38/><W112/><G112/><T94/><D82/><U33/><E33/><V100/><F63/><W59/><G22/><T57/><D3/><U123/><E123/><V58/><F58/><W23/><G59/><T73/><D73/><U24/><E24/><V77/><F77/><N who="3" m="29195" /><G47/><T128/><D128/><U76/><E76/><V111/><F111/><W44/><G46/><T42/><D108/><U127/><E127/><V101/><F100/><W40/><G40/><T95/><D42/><RYUUKYOKU ba="2,2" sc="237,-30,233,10,233,10,277,10" hai1="11,15,16,26,32,50,54,56,60,62,89,90,91" hai2="17,18,19,52,93,97,101" hai3="13,14,23,27,28,29,30,37,41,44" /><INIT seed="2,3,2,2,0,68" ten="207,243,243,287" oya="2" hai0="134,110,26,77,99,11,0,127,37,126,73,64,14" hai1="135,33,78,109,46,16,106,13,48,9,102,23,80" hai2="59,29,119,32,115,132,6,60,27,20,3,90,98" hai3="49,4,8,65,22,15,25,94,61,95,117,76,42"/><V85/><F115/><W40/><G117/><T74/><D110/><U30/><E109/><V55/><F119/><W84/><G76/><T67/><D0/><U44/><E135/><V97/><F132/><W82/><G61/><T89/><D134/><U79/><E33/><V93/><REACH who="2" step="1"/><F20/><REACH who="2" ten="207,243,233,287" step="2"/><W131/><G22/><T2/><D126/><U129/><E23/><V107/><F107/><W18/><G131/><T128/><D127/><U122/><E106/><V71/><F71/><W88/><G25/><T92/><D26/><U24/><E129/><V12/><F12/><W35/><G35/><T125/><D125/><U104/><E24/><V70/><F70/><W58/><G15/><T111/><D128/><U130/><E130/><V75/><F75/><W87/><G94/><T101/><D2/><U108/><E13/><V114/><F114/><W53/><G95/><T121/><D111/><U113/><E104/><V5/><F5/><W133/><G4/><T52/><D74/><U45/><E108/><V86/><F86/><W91/><G133/><T56/><D73/><U51/><E113/><V81/><F81/><W17/><G84/><T21/><D21/><U103/><E80/><V72/><F72/><W123/><G87/><T54/><D14/><U31/><E31/><V118/><F118/><W96/><G82/><T124/><D124/><U50/><E30/><V39/><F39/><W105/><G105/><T41/><D37/><U69/><E69/><V19/><F19/><W63/><G18/><T7/><D7/><U57/><E16/><V34/><F34/><W100/><G17/><RYUUKYOKU ba="3,3" sc="207,-10,243,-10,233,30,287,-10" hai2="3,6,27,29,32,55,59,60,85,90,93,97,98" /><INIT seed="2,4,3,2,3,22" ten="197,233,263,277" oya="2" hai0="30,135,94,100,72,0,36,96,103,54,64,15,10" hai1="124,82,63,28,106,62,102,75,60,7,115,47,131" hai2="65,122,76,99,1,49,92,42,14,129,17,6,90" hai3="127,27,58,52,97,18,4,104,91,134,112,33,79"/><V69/><F122/><W101/><G127/><T9/><D72/><U70/><E115/><V109/><F129/><W67/><G112/><T98/><D36/><U105/><E124/><V121/><F121/><W32/><G134/><T110/><D135/><U24/><E70/><V44/><F76/><W12/><G67/><T113/><D113/><U13/><E131/><V133/><F133/><W128/><G79/><T120/><D120/><U68/><E68/><V83/><F83/><W86/><G4/><T88/><D110/><U119/><E119/><V107/><F107/><W19/><G128/><T117/><D117/><U40/><E102/><V57/><F69/><W118/><G118/><T95/><D64/><U25/><E82/><V81/><F81/><W41/><G41/><T123/><D123/><U74/><E75/><V50/><F109/><W56/><G56/><T126/><D126/><U34/><E74/><V85/><F1/><W89/><G33/><T87/><D30/><U125/><E25/><V53/><F65/><W114/><G114/><T31/><D31/><U21/><E125/><V46/><F6/><W130/><G130/><T5/><D54/><U108/><E108/><V11/><F57/><W2/><G2/><T84/><REACH who="0" step="1"/><D103/><REACH who="0" ten="187,233,263,277" step="2"/><U116/><E116/><V51/><F49/><W8/><G101/><T77/><D77/><U80/><E60/><V66/><F66/><W55/><G104/><T16/><AGARI ba="4,4" hai="0,5,9,10,15,16,84,87,88,94,95,96,98,100" machi="16" ten="20,8000,1" yaku="1,1,0,1,7,1,54,2,53,0" doraHai="22" doraHaiUra="38" who="0" fromWho="0" sc="187,132,233,-24,263,-44,277,-24" /><INIT seed="3,0,0,4,4,123" ten="319,209,219,253" oya="3" hai0="7,116,65,101,45,95,102,134,72,105,68,88,133" hai1="135,93,84,103,17,119,47,52,2,76,96,114,128" hai2="26,82,32,121,41,110,60,54,75,83,23,5,104" hai3="118,35,15,86,10,62,77,55,80,51,59,100,39"/><W120/><G118/><T112/><D72/><U61/><E114/><V42/><F104/><W14/><G120/><T89/><D116/><U132/><E119/><V92/><F32/><W94/><G39/><T48/><D112/><U74/><E128/><V106/><F106/><W29/><G35/><T117/><D117/><U4/><E74/><V20/><F75/><W34/><G34/><T19/><D7/><U79/><E17/><V67/><F5/><W46/><G29/><T63/><D19/><U78/><E84/><V130/><F130/><W131/><G10/><T40/><D105/><U13/><E2/><V24/><F121/><W66/><G131/><T85/><D89/><U8/><REACH who="1" step="1"/><E47/><REACH who="1" ten="319,199,219,253" step="2"/><V16/><F110/><W90/><REACH who="3" step="1"/><G100/><REACH who="3" ten="319,199,219,243" step="2"/><T57/><D101/><U64/><E64/><V73/><F67/><W38/><G38/><T126/><D102/><U129/><E129/><V98/><F73/><AGARI ba="0,2" hai="14,15,46,51,55,59,62,66,73,77,80,86,90,94" machi="73" ten="30,2900,0" yaku="1,1,7,1,53,0" doraHai="123" doraHaiUra="31" who="3" fromWho="2" sc="319,0,199,0,219,-29,243,49" /><INIT seed="3,1,0,1,3,7" ten="319,199,190,292" oya="3" hai0="71,115,50,31,68,38,135,24,26,80,61,22,5" hai1="55,89,70,84,43,132,93,100,64,16,133,108,29" hai2="69,106,58,27,82,54,46,33,18,57,4,52,114" hai3="77,102,91,17,40,63,25,8,110,13,111,42,127"/><W56/><G127/><T92/><D38/><U44/><E108/><N who="3" m="41514" /><G102/><T95/><D135/><N who="1" m="51787" /><E29/><V49/><F114/><W39/><G39/><T59/><D80/><U76/><E76/><V65/><F106/><W85/><G25/><T103/><D50/><N who="1" m="29127" /><E43/><V32/><F82/><N who="3" m="49591" /><G77/><T86/><D115/><U20/><E100/><V9/><F69/><W28/><G28/><T21/><D68/><U36/><E36/><V67/><F33/><W0/><G0/><T19/><D71/><U128/><E128/><V131/><F131/><W62/><G62/><T14/><D103/><U113/><E113/><V119/><F119/><W121/><G121/><T107/><D107/><U125/><E125/><V1/><F46/><W11/><G8/><N who="0" m="4367" /><D86/><U88/><E84/><V79/><F79/><W6/><G6/><T130/><D130/><U66/><E70/><V45/><F45/><W117/><G117/><T75/><D75/><U120/><E120/><V116/><F116/><W96/><G96/><T3/><D3/><U41/><E89/><V37/><F37/><W72/><G72/><T48/><D48/><U124/><E124/><V34/><F34/><W12/><G12/><T112/><D112/><U73/><E73/><V123/><F123/><W109/><N who="3" m="41522" /><W51/><DORA hai="99" /><G51/><T10/><D10/><U74/><E74/><V60/><REACH who="2" step="1"/><F32/><REACH who="2" ten="319,199,180,292" step="2"/><W129/><G129/><T53/><AGARI ba="1,1" hai="19,21,22,24,26,31,53,59,61,92,95" m="4367" machi="53" ten="30,2000,0" yaku="8,1,52,1" doraHai="7,99" who="0" fromWho="0" sc="319,33,199,-6,180,-6,292,-11" owari="352,45.2,193,-20.7,174,-32.6,281,8.1" /></mjloggm>