<mjloggm ver="2.3"><GO type="225" lobby="0"/><UN n0="%E3%81%8F%E3%81%BE%E3%81%96%E3%82%8F" n1="%E5%A4%96%E5%B7%9D%E7%AB%9C%E6%88%90" n2="%48%61%61%61%6C%61%6E%64" n3="%E6%A0%B9%E5%85%83%E3%81%8B%E3%82%89%E5%90%B9%E3%81%A3%E9%A3%9B%E3%81%B6" dan="16,16,17,16" rate="2041.99,2141.62,2167.75,2148.65" sx="M,M,M,F"/><TAIKYOKU oya="0"/><INIT seed="0,0,0,3,3,48" ten="250,250,250,250" oya="0" hai0="62,116,26,16,36,113,94,2,105,12,54,74,124" hai1="53,131,85,14,73,69,101,125,86,75,99,25,28" hai2="119,98,123,7,80,93,110,17,102,19,83,34,66" hai3="106,18,37,95,79,92,39,96,11,127,15,64,24"/><T91/><D113/><U118/><E118/><V4/><F123/><W43/><G127/><T22/><D116/><U38/><E125/><V81/><F119/><W56/><G79/><T135/><D124/><U52/><E38/><V32/><F110/><W120/><G120/><T57/><D135/><U132/><E69/><V128/><F128/><W23/><G106/><T115/><D105/><U3/><E3/><V51/><F66/><W35/><G35/><T29/><D115/><U49/><E131/><V58/><F32/><W114/><G43/><T33/><D36/><U59/><E132/><V10/><F34/><W27/><G27/><T103/><D74/><U63/><E75/><V87/><F87/><W40/><G40/><T8/><D103/><U60/><E60/><V121/><F121/><W133/><G114/><T61/><D61/><U50/><E63/><V21/><F10/><W30/><G95/><T47/><D47/><U109/><E14/><N who="2" m="9399" /><F19/><W55/><G64/><T31/><D31/><U112/><E73/><V108/><F108/><W72/><G133/><T45/><D45/><N who="1" m="27695" /><E112/><V44/><F58/><W88/><G72/><T5/><D2/><U6/><E6/><V126/><F126/><W82/><G82/><T20/><D33/><U68/><E109/><V90/><F102/><W1/><G1/><T78/><D5/><U130/><E68/><V76/><F76/><W42/><G42/><AGARI ba="0,0" hai="4,7,42,44,51,80,81,83,90,93,98" m="9399" machi="42" ten="30,1000,0" yaku="8,1" doraHai="48" who="2" fromWho="3" sc="250,0,250,0,250,10,250,-10" /><INIT seed="1,0,0,2,4,27" ten="250,250,260,240" oya="1" hai0="111,7,4,64,43,68,79,112,70,26,49,22,92" hai1="113,29,61,121,45,103,132,93,44,63,105,50,82" hai2="52,14,86,128,62,90,95,80,18,125,33,58,35" hai3="129,106,39,94,40,60,21,30,48,41,57,38,36"/><U37/><E113/><V0/><F0/><W56/><G106/><T122/><D112/><U126/><E121/><V119/><F119/><W17/><G129/><T78/><D122/><U13/><E105/><V47/><F128/><W71/><G17/><T65/><D111/><U20/><E126/><V9/><F125/><W134/><G94/><T131/><D131/><U127/><E127/><V97/><REACH who="2" step="1"/><F47/><REACH who="2" ten="250,250,250,240" step="2"/><W107/><G39/><T81/><D70/><U100/><E45/><V69/><F69/><W34/><G38/><T135/><D68/><U19/><E44/><V74/><F74/><W102/><G36/><T123/><D123/><U99/><E37/><V59/><F59/><W53/><G71/><T118/><D118/><U11/><E132/><V24/><F24/><N who="3" m="16655" /><G134/><T66/><D26/><N who="1" m="16583" /><E50/><V101/><AGARI ba="0,1" hai="9,14,18,33,35,52,58,62,80,86,90,95,97,101" machi="101" ten="20,5200,0" yaku="1,1,0,1,7,1,54,1,53,0" doraHai="27" doraHaiUra="120" who="2" fromWho="2" sc="250,-13,250,-26,250,62,240,-13" /><INIT seed="2,0,0,1,1,6" ten="237,224,312,227" oya="2" hai0="50,9,41,126,11,58,47,60,37,55,106,83,4" hai1="77,15,21,88,67,111,56,73,78,69,96,51,125" hai2="1,54,75,45,92,53,112,25,39,30,110,100,7" hai3="14,123,127,131,108,85,66,116,74,44,119,72,23"/><V61/><F112/><W32/><G66/><T89/><D126/><U19/><E125/><V128/><F75/><W133/><G44/><T81/><D106/><U26/><E111/><V49/><F39/><W115/><G85/><T5/><D37/><U3/><E3/><V134/><F128/><W22/><G14/><N who="0" m="5415" /><D89/><U36/><E36/><V103/><F134/><W24/><G24/><T17/><D5/><U48/><E69/><V10/><F110/><W57/><G57/><T16/><D11/><N who="1" m="6655" /><E73/><V120/><F120/><W8/><G8/><T122/><D122/><U97/><E97/><V130/><F130/><W82/><G72/><T35/><D35/><U87/><E96/><V98/><F103/><W62/><G32/><T27/><D27/><U59/><E67/><V93/><F98/><W29/><G115/><T118/><D118/><U121/><E121/><V80/><F100/><W105/><G105/><T52/><D41/><U114/><E114/><V40/><F40/><W109/><G119/><T79/><D79/><N who="1" m="30219" /><E59/><V65/><F25/><W132/><G109/><T28/><D28/><N who="1" m="17487" /><E56/><V64/><F30/><W18/><G133/><T68/><D68/><U42/><E42/><V129/><F7/><W20/><G29/><T113/><D113/><U12/><E12/><V104/><F104/><W0/><G0/><T38/><D38/><U63/><E63/><V70/><F129/><W90/><G131/><T13/><D13/><U76/><N who="1" m="30227" /><U91/><DORA hai="107" /><E91/><V95/><F61/><W101/><G62/><T34/><D34/><U71/><E71/><V2/><F70/><RYUUKYOKU ba="0,0" sc="237,15,224,15,312,-15,227,-15" hai0="16,17,47,50,52,55,58,60,81,83" hai1="48,51,87,88" /><INIT seed="3,1,0,5,5,86" ten="252,239,297,212" oya="3" hai0="119,1,135,60,104,38,99,22,51,109,28,106,50" hai1="6,24,10,85,122,127,88,49,96,117,31,23,18" hai2="91,21,37,35,72,26,25,111,7,78,89,97,8" hai3="128,83,114,36,15,121,113,77,124,87,70,58,44"/><W79/><G121/><T13/><D38/><U54/><E122/><V132/><F37/><W105/><G70/><T29/><D1/><U126/><E96/><V11/><F111/><W81/><G105/><T134/><D60/><U4/><E117/><V75/><F132/><W66/><G124/><N who="1" m="47658" /><E31/><V71/><F71/><W45/><G128/><T84/><D99/><U27/><E27/><V103/><F35/><W46/><G36/><T69/><D69/><U95/><E10/><V48/><F11/><W63/><REACH who="3" step="1"/><G15/><REACH who="3" ten="252,239,297,202" step="2"/><T52/><D13/><U5/><E5/><V19/><F7/><W53/><G53/><T3/><D52/><U129/><E129/><V47/><F8/><W101/><G101/><T123/><D123/><U110/><E110/><V112/><F103/><W76/><G76/><T64/><D134/><U40/><E40/><V120/><F78/><W65/><G65/><T9/><D64/><U131/><E131/><V125/><F120/><W30/><G30/><T115/><D135/><U90/><E90/><V33/><F91/><W42/><G42/><T32/><D109/><U17/><E17/><V133/><F125/><W73/><AGARI ba="1,1" hai="44,45,46,58,63,66,73,77,79,81,83,87,113,114" machi="73" ten="30,6000,0" yaku="1,1,0,1,53,1" doraHai="86" doraHaiUra="55" who="3" fromWho="3" sc="252,-21,239,-21,297,-21,202,73" /><INIT seed="3,2,0,1,3,9" ten="231,218,276,275" oya="3" hai0="27,103,132,97,112,11,45,78,96,55,84,91,36" hai1="20,104,13,83,18,24,111,114,115,131,129,66,3" hai2="74,76,87,4,93,52,19,72,94,23,62,65,16" hai3="113,17,37,108,46,40,79,53,110,128,42,5,118"/><W75/><G113/><N who="1" m="43018" /><E104/><V85/><F4/><W105/><G118/><T134/><D112/><U14/><E66/><V56/><F72/><W49/><G105/><T71/><D71/><U57/><E57/><N who="2" m="37071" /><F74/><W82/><G128/><N who="1" m="49226" /><E111/><N who="3" m="42538" /><G5/><T68/><D68/><U39/><E39/><V86/><F76/><W21/><G37/><T88/><D78/><U81/><E3/><V73/><F73/><W123/><G123/><T107/><D36/><U2/><E2/><V50/><F19/><W70/><G70/><T47/><D107/><U63/><E63/><V41/><F41/><W33/><G33/><T100/><D55/><U28/><E28/><V99/><F99/><W92/><G92/><T59/><D134/><U106/><E106/><V135/><F135/><W90/><G90/><T29/><D132/><U7/><E7/><V120/><F120/><W109/><G109/><T119/><D91/><U10/><E10/><V122/><F122/><W51/><G51/><T12/><D11/><U121/><E121/><V32/><F32/><W58/><G58/><T38/><D59/><U34/><E34/><V6/><F6/><W124/><G42/><T1/><D38/><U102/><E102/><V89/><F94/><W125/><G40/><T25/><D1/><U95/><E95/><V30/><F30/><W117/><G117/><T60/><D119/><U43/><E43/><V77/><F77/><W54/><G54/><T8/><D29/><U31/><E31/><V98/><F98/><W44/><G44/><N who="0" m="16971" /><D103/><U126/><E126/><V22/><F16/><W69/><G69/><T0/><D0/><RYUUKYOKU ba="2,0" sc="231,-30,218,10,276,10,275,10" hai1="13,14,18,20,24,81,83" hai2="22,23,50,52,56,85,86,87,89,93" hai3="17,21,46,49,53,75,79,82,124,125" /><INIT seed="3,3,0,3,4,1" ten="201,228,286,285" oya="3" hai0="28,106,114,113,100,94,6,124,122,80,41,82,40" hai1="66,13,72,29,19,115,47,60,32,43,105,70,52" hai2="12,109,48,39,78,75,123,84,69,55,99,64,4" hai3="14,97,73,34,131,37,132,133,11,112,17,51,117"/><W81/><G112/><N who="0" m="43115" /><D122/><U111/><E115/><V49/><F39/><W42/><G117/><T3/><D106/><U15/><E72/><V71/><F75/><W135/><G131/><T68/><D68/><U30/><E111/><V120/><F109/><W63/><G34/><T25/><D124/><U67/><E67/><V92/><F84/><W36/><G63/><T96/><D3/><U35/><E105/><V23/><F78/><N who="3" m="44239" /><G97/><T126/><D126/><U7/><E32/><V24/><F64/><W56/><G56/><T134/><D134/><U118/><E118/><V110/><F110/><W108/><G108/><T61/><D61/><U31/><E35/><V27/><F69/><W22/><G22/><N who="0" m="15415" /><D6/><U101/><E7/><V74/><F71/><W89/><G89/><T88/><D100/><U58/><E101/><N who="2" m="60647" /><F4/><W26/><G26/><T83/><AGARI ba="3,0" hai="40,41,80,82,83,88,94,96" m="15415,43115" machi="83" ten="30,2000,0" yaku="11,1,54,1" doraHai="1" who="0" fromWho="0" sc="201,29,228,-8,286,-8,285,-13" /><INIT seed="4,0,0,1,1,126" ten="230,220,278,272" oya="0" hai0="92,8,22,83,89,120,59,50,122,98,27,32,24" hai1="62,21,63,66,108,71,12,85,44,18,124,36,30" hai2="15,40,20,11,45,116,94,77,25,61,118,6,33" hai3="10,133,128,134,82,35,58,135,41,57,90,5,115"/><T110/><D110/><U86/><E124/><V48/><F33/><W111/><G111/><T125/><D125/><U129/><E108/><V103/><F61/><W52/><G35/><T26/><D32/><U121/><E121/><V96/><REACH who="2" step="1"/><F77/><REACH who="2" ten="230,220,268,272" step="2"/><W99/><G134/><T117/><D122/><U55/><E63/><V56/><F56/><W112/><G57/><T49/><D120/><U60/><E60/><V4/><F4/><W53/><G58/><T7/><D117/><U13/><E62/><V54/><F54/><W102/><G52/><T51/><D59/><U105/><E55/><V19/><AGARI ba="0,1" hai="6,11,15,19,20,25,40,45,48,94,96,103,116,118" machi="19" ten="30,2000,0" yaku="1,1,0,1,53,0" doraHai="126" doraHaiUra="64" who="2" fromWho="2" sc="230,-10,220,-5,268,30,272,-5" /><INIT seed="5,0,0,2,4,63" ten="220,215,298,267" oya="1" hai0="6,37,110,125,109,99,80,41,115,71,56,64,81" hai1="101,51,108,75,134,133,123,57,25,102,89,69,7" hai2="111,18,21,129,62,118,66,61,122,15,20,23,68" hai3="10,83,112,43,47,92,59,116,78,40,113,2,67"/><U105/><E123/><V70/><F122/><W48/><G43/><T3/><D110/><U104/><E108/><V93/><F111/><W84/><G92/><T103/><D109/><U131/><E131/><V120/><F120/><W24/><G24/><T49/><D115/><U65/><E75/><V74/><F74/><W30/><G30/><T39/><D39/><U90/><E7/><V119/><F129/><W76/><G76/><T88/><D125/><U54/><E25/><V9/><F93/><W34/><G34/><T35/><D35/><U128/><E128/><V127/><F127/><W46/><G46/><N who="0" m="23855" /><D3/><U5/><E5/><V124/><F124/><W45/><G45/><T100/><D100/><U94/><E102/><V91/><F91/><W38/><G38/><T86/><D6/><U79/><E79/><V33/><F33/><W11/><G2/><T121/><D121/><U73/><E73/><V58/><REACH who="2" step="1"/><F70/><REACH who="2" ten="220,215,288,267" step="2"/><W8/><G113/><T52/><D103/><U96/><E90/><V98/><F98/><W32/><G32/><T106/><D99/><U85/><REACH who="1" step="1"/><E104/><REACH who="1" ten="220,205,288,267" step="2"/><V77/><F77/><W4/><G78/><T97/><D106/><U132/><E132/><V12/><F12/><W130/><G130/><T27/><D27/><U29/><E29/><V22/><N who="2" m="5120" /><DORA hai="28" /><V36/><F36/><W126/><G126/><T60/><D97/><U19/><E19/><V26/><F26/><W1/><G112/><T95/><AGARI ba="0,2" hai="49,52,56,60,64,71,80,81,86,88,95" m="23855" machi="95" ten="30,7900,0" yaku="24,1,52,1,54,2" doraHai="63,28" who="0" fromWho="0" sc="220,99,205,-39,288,-20,267,-20" owari="319,41.9,166,-33.4,268,6.8,247,-15.3" /></mjloggm>