<mjloggm ver="2.3"><GO type="225" lobby="0"/><UN n0="%6D%75%75%6D%75%72%61" n1="%E3%81%B2%E3%81%AA%E3%81%AE%E3%82%8A%E3%81%8F" n2="%E3%81%9F%E3%81%8C%E3%82%84%E3%81%99" n3="%E3%81%A1%E3%82%85%E3%81%86%E3%81%A9%E3%81%8F%E8%B1%A1%E3%81%95%E3%82%93" dan="17,16,16,17" rate="2120.45,2178.82,2112.03,2188.19" sx="F,M,M,M"/><TAIKYOKU oya="0"/><INIT seed="0,0,0,2,0,112" ten="250,250,250,250" oya="0" hai0="114,11,132,4,34,88,81,15,35,21,110,38,45" hai1="86,74,20,29,57,23,84,102,6,18,25,104,54" hai2="3,79,93,13,9,72,131,117,127,115,39,129,52" hai3="0,62,61,96,33,46,2,63,60,109,66,71,80"/><T121/><D114/><U108/><E74/><V26/><F39/><W82/><G33/><T24/><D121/><U16/><E108/><V37/><F37/><W49/><G109/><T36/><D110/><U41/><E41/><V44/><F3/><W31/><G31/><T76/><D132/><U124/><E6/><V78/><F115/><W42/><REACH who="3" step="1"/><G96/><REACH who="3" ten="250,250,250,240" step="2"/><T65/><D34/><U91/><E29/><V90/><F131/><W128/><G128/><T32/><D32/><U17/><E124/><V83/><F129/><W7/><G7/><T97/><D35/><U73/><E18/><V53/><F127/><W107/><G107/><T126/><D126/><U89/><E104/><V135/><F135/><W30/><G30/><T133/><D133/><U95/><E102/><V125/><F125/><W19/><G19/><T111/><D111/><U103/><E103/><V67/><F72/><W12/><G12/><T58/><D97/><N who="1" m="57599" /><E73/><V48/><F13/><W1/><AGARI ba="0,1" hai="0,1,2,42,46,49,60,61,62,63,66,71,80,82" machi="1" ten="40,2700,0" yaku="1,1,0,1,53,0" doraHai="112" doraHaiUra="116" who="3" fromWho="3" sc="250,-13,250,-7,250,-7,240,37" /><INIT seed="1,0,0,4,2,122" ten="237,243,243,277" oya="1" hai0="92,132,9,16,112,111,53,47,54,66,4,109,41" hai1="73,80,6,83,74,97,49,104,34,59,108,86,90" hai2="75,68,113,94,1,85,31,38,106,105,95,103,91" hai3="115,44,89,24,36,20,114,18,63,27,134,13,7"/><U17/><E34/><V76/><F1/><W84/><G134/><T82/><D112/><U8/><E17/><V71/><F38/><W35/><G63/><T57/><D132/><U61/><E49/><V55/><F31/><W23/><G35/><T116/><D116/><U2/><E83/><N who="2" m="45471" /><F55/><W3/><G3/><T77/><D92/><U45/><E45/><V101/><F68/><W93/><G7/><T107/><D107/><N who="2" m="40970" /><F71/><W30/><REACH who="3" step="1"/><G24/><REACH who="3" ten="237,243,243,267" step="2"/><T72/><D4/><U78/><E2/><V26/><F26/><W19/><G19/><T43/><D16/><U135/><E6/><V121/><F121/><W51/><G51/><N who="0" m="28927" /><D66/><U29/><E135/><V128/><F113/><W110/><G110/><N who="0" m="41995" /><D9/><U69/><E8/><V62/><F62/><AGARI ba="0,1" hai="41,43,54,57,62,72,77,82" m="41995,28927" machi="62" ten="30,7700,0" yaku="14,1,52,3" doraHai="122" who="0" fromWho="2" sc="237,87,243,0,243,-77,267,0" /><INIT seed="2,0,0,1,1,103" ten="324,243,166,267" oya="2" hai0="2,53,56,127,33,51,124,67,125,36,106,130,15" hai1="80,92,89,23,30,63,13,108,19,29,126,39,69" hai2="101,27,31,44,1,35,70,42,9,99,115,59,32" hai3="65,58,64,75,18,6,41,93,0,109,131,57,68"/><V123/><F59/><W90/><G75/><T48/><D2/><U128/><E39/><N who="2" m="21599" /><F115/><W83/><G83/><T79/><D36/><U20/><E80/><V17/><F17/><W81/><G41/><T72/><D130/><U60/><E128/><V61/><F123/><W117/><G131/><T5/><D33/><U66/><E63/><V52/><F52/><W28/><G117/><T122/><D67/><U40/><E40/><V102/><F102/><W37/><G37/><T78/><D122/><U112/><E112/><V25/><F25/><W12/><G28/><T87/><D72/><U49/><E49/><V132/><F132/><W98/><G81/><N who="0" m="47543" /><D79/><U47/><E23/><V133/><F133/><W86/><G0/><T4/><D106/><U135/><E135/><V84/><F84/><W14/><G6/><N who="0" m="2667" /><D15/><U38/><E13/><V97/><F35/><W16/><G86/><T114/><D114/><U96/><E38/><V76/><F76/><W91/><G98/><T71/><D71/><U22/><E69/><V46/><F99/><W105/><G68/><T104/><D104/><U116/><E96/><V110/><F97/><W24/><G105/><T95/><D95/><U50/><E92/><V100/><F100/><W21/><G93/><T134/><D134/><U45/><E116/><V113/><F101/><W94/><G94/><T120/><D120/><U54/><E66/><N who="2" m="41295" /><F113/><W10/><G24/><T85/><D85/><U121/><E121/><V11/><F1/><W74/><G21/><T88/><D48/><U111/><E50/><V3/><F3/><W34/><G74/><RYUUKYOKU ba="0,0" sc="324,30,243,-10,166,-10,267,-10" hai0="51,53,56,88,124,125,127" /><INIT seed="3,1,0,4,3,26" ten="354,233,156,257" oya="3" hai0="80,94,24,23,111,14,17,113,106,56,107,119,46" hai1="68,36,116,42,52,135,70,27,25,4,63,38,51" hai2="8,40,29,19,50,55,96,35,22,103,1,90,0" hai3="104,133,64,45,74,59,108,92,30,75,124,105,86"/><W129/><G45/><T109/><D119/><U5/><E116/><V117/><F40/><W69/><G69/><T121/><D121/><U130/><E130/><V18/><F117/><W77/><G129/><T61/><D113/><U31/><E135/><V2/><F90/><W95/><G133/><T91/><D80/><U48/><E42/><V88/><F35/><W101/><G64/><T134/><D14/><U13/><E13/><V11/><F103/><W114/><G59/><T72/><D72/><N who="3" m="27689" /><G30/><T57/><D46/><U132/><E132/><V102/><F102/><W49/><G49/><T65/><D56/><U41/><E41/><V73/><F73/><W118/><G114/><T112/><D112/><U12/><E12/><V3/><N who="2" m="0" /><DORA hai="89" /><V39/><F39/><W44/><G44/><T122/><D122/><U34/><E34/><V60/><F60/><W16/><G16/><T7/><D7/><U127/><E63/><V123/><F123/><W33/><G33/><T37/><D37/><U97/><E52/><V28/><F19/><W67/><G67/><T84/><REACH who="0" step="1"/><D134/><REACH who="0" ten="344,233,156,257" step="2"/><U6/><E38/><V99/><F8/><W87/><G118/><T115/><D115/><U53/><E36/><V82/><F11/><W128/><G128/><T98/><D98/><U9/><E9/><V58/><F99/><N who="3" m="59623" /><G108/><AGARI ba="1,1" hai="17,23,24,57,61,65,84,91,94,106,107,108,109,111" machi="108" ten="40,8000,1" yaku="1,1,14,1,52,1,53,2" doraHai="26,89" doraHaiUra="83,21" who="0" fromWho="3" sc="344,93,233,0,156,0,257,-83" owari="437,53.7,233,3.3,156,-34.4,174,-22.6" /></mjloggm>