<mjloggm ver="2.3"><GO type="225" lobby="0"/><UN n0="%E7%B4%94%E6%BD%94%E3%83%94%E3%83%A9%E3%83%8B%E3%82%A2" n1="%6D%75%75%73%61%6E%6D%75" n2="%72%69%6F%75%63%68%61%6E" n3="%30%2E%31%32%30" dan="17,16,16,16" rate="2228.22,2061.44,2199.75,2114.02" sx="M,F,M,M"/><TAIKYOKU oya="0"/><INIT seed="0,0,0,0,3,71" ten="250,250,250,250" oya="0" hai0="17,65,76,120,45,5,78,125,43,67,15,62,48" hai1="80,34,101,109,38,121,123,3,96,134,75,18,0" hai2="104,74,27,112,40,108,98,22,32,26,117,99,77" hai3="82,106,107,28,89,49,55,87,29,119,90,39,95"/><T113/><D120/><U59/><E34/><V57/><F112/><W53/><G119/><T24/><D113/><U31/><E134/><V16/><F117/><W58/><G39/><T66/><D125/><U37/><E31/><V64/><F108/><W118/><G118/><T60/><D24/><U14/><E109/><V86/><F74/><W23/><G23/><T10/><REACH who="0" step="1"/><D5/><REACH who="0" ten="240,250,250,250" step="2"/><U105/><E121/><V129/><F27/><W122/><G122/><T69/><D69/><U50/><E123/><V81/><F129/><W52/><G28/><T7/><D7/><U63/><E0/><V2/><F2/><W21/><G29/><T36/><D36/><U94/><E3/><V126/><F126/><W1/><G1/><T44/><D44/><U11/><E50/><V9/><F32/><W41/><G58/><T110/><D110/><U20/><E11/><V85/><F9/><W46/><REACH who="3" step="1"/><G21/><REACH who="3" ten="240,250,250,240" step="2"/><T100/><D100/><U61/><E59/><V4/><F57/><W47/><G47/><T19/><D19/><U56/><E56/><V88/><F16/><W127/><G127/><T114/><D114/><U133/><E38/><V131/><F22/><W135/><G135/><T84/><D84/><AGARI ba="0,2" hai="41,46,49,52,53,55,82,84,87,89,90,95,106,107" machi="84" ten="40,2600,0" yaku="1,1,54,1,53,0" doraHai="71" doraHaiUra="124" who="3" fromWho="0" sc="240,-26,250,0,250,0,240,46" /><INIT seed="1,0,0,5,5,52" ten="214,250,250,286" oya="1" hai0="49,128,125,98,104,58,24,80,122,51,7,2,69" hai1="57,74,124,5,9,6,135,29,76,60,33,64,97" hai2="27,46,0,92,117,16,100,32,131,83,91,39,93" hai3="53,77,37,79,3,132,127,26,114,103,121,36,1"/><U84/><E124/><V67/><F117/><W40/><G121/><T115/><D125/><U72/><E135/><V118/><F118/><W133/><G127/><T89/><D115/><U126/><E126/><V111/><F0/><W61/><G103/><T120/><D69/><U13/><E6/><V55/><F111/><W14/><G26/><T99/><D7/><U41/><E41/><V23/><F131/><W102/><G102/><T42/><D2/><U12/><E12/><V11/><F32/><W96/><G14/><T15/><D15/><U38/><E38/><V73/><F11/><W10/><G10/><T28/><D42/><U107/><E107/><V31/><F67/><W95/><G95/><T71/><D71/><U44/><E97/><V130/><F130/><W43/><G96/><T21/><D128/><U47/><E84/><N who="2" m="50591" /><F100/><W68/><G68/><T30/><D104/><U87/><E87/><V129/><F73/><W94/><G132/><T17/><D98/><U105/><E105/><V63/><F39/><W78/><G36/><T86/><D99/><U8/><E8/><V45/><F31/><W19/><G37/><T119/><D119/><U65/><E64/><V56/><F129/><W34/><G133/><T59/><D122/><U20/><E33/><V48/><F45/><N who="1" m="17481" /><E76/><V116/><F116/><W50/><G1/><T4/><D120/><U75/><E75/><V110/><F110/><W18/><G3/><T62/><D4/><U85/><E85/><V70/><F70/><W134/><G134/><T113/><D113/><U54/><E65/><V101/><F101/><RYUUKYOKU ba="0,0" sc="214,-15,250,15,250,15,286,-15" hai1="5,9,13,20,29,54,57,60,72,74" hai2="16,23,27,46,48,55,56,63,92,93" /><INIT seed="1,1,0,4,3,114" ten="199,265,265,271" oya="1" hai0="74,21,0,134,29,47,83,94,127,106,97,59,70" hai1="51,26,50,115,102,76,57,92,19,42,63,130,123" hai2="124,9,103,37,58,111,109,55,89,88,125,33,39" hai3="118,16,4,96,129,78,73,84,67,48,80,85,41"/><U98/><E115/><V93/><F33/><W17/><G17/><T31/><D70/><U110/><E123/><V18/><F103/><W35/><G35/><T27/><D0/><U72/><E130/><V53/><F18/><W60/><G4/><T34/><D106/><U30/><E110/><N who="2" m="41995" /><F9/><W122/><G122/><T15/><D127/><N who="2" m="48714" /><F89/><W45/><G129/><T71/><D71/><U69/><E69/><V22/><F22/><W38/><G96/><T112/><D112/><U75/><E19/><V3/><F3/><W65/><G65/><T23/><D134/><U119/><E76/><V135/><F135/><W86/><G16/><T20/><D31/><U43/><E26/><V126/><N who="2" m="48722" /><V54/><DORA hai="120" /><F58/><W56/><G56/><T87/><D59/><U100/><E100/><V5/><F5/><W90/><G90/><T44/><D15/><U105/><E30/><V79/><F79/><W52/><G78/><T132/><D132/><U104/><E102/><V133/><F133/><W11/><G11/><T62/><D20/><U101/><E104/><V40/><F40/><W2/><G41/><T68/><D21/><U24/><E105/><V13/><F13/><W107/><G2/><T61/><D23/><U46/><E24/><V128/><F128/><W117/><G107/><T1/><D1/><U95/><E101/><V99/><AGARI ba="1,0" hai="37,39,53,54,55,88,93,99" m="48722,41995" machi="99" ten="50,12000,2" yaku="14,1,18,1,52,3,54,1" doraHai="114,120" who="2" fromWho="2" sc="199,-31,265,-61,265,123,271,-31" /><INIT seed="2,0,0,2,3,44" ten="168,204,388,240" oya="2" hai0="64,23,87,45,113,66,46,26,105,29,2,108,124" hai1="55,88,122,97,100,84,43,78,95,40,39,71,91" hai2="106,13,49,51,10,7,37,75,41,8,112,50,119" hai3="42,18,47,20,27,132,16,130,133,36,30,11,126"/><V107/><F112/><W28/><G126/><T31/><D113/><U24/><E71/><V61/><F119/><W93/><G130/><T9/><D105/><U65/><E65/><V81/><F61/><W121/><G121/><T90/><D108/><U77/><E122/><V76/><REACH who="2" step="1"/><F8/><REACH who="2" ten="168,204,378,240" step="2"/><W116/><G116/><T85/><D9/><U74/><E24/><V68/><F68/><W48/><G36/><T111/><D26/><U25/><E39/><V1/><F1/><W4/><G133/><T80/><D2/><U117/><E25/><V98/><F98/><W79/><G132/><T32/><D124/><U99/><E99/><V56/><F56/><W115/><G115/><T104/><D29/><U135/><E97/><V102/><F102/><W19/><G30/><T128/><D31/><U109/><E100/><V21/><F21/><W38/><G28/><T131/><D23/><U103/><E117/><V70/><F70/><W125/><G125/><T12/><D128/><U3/><E103/><V86/><F86/><W52/><G27/><T54/><D85/><U17/><E3/><V96/><F96/><W69/><G69/><T67/><D87/><U82/><E135/><V35/><F35/><W53/><G20/><T33/><D32/><U59/><E84/><V101/><F101/><W22/><G22/><T129/><D33/><U114/><E59/><V94/><F94/><W134/><G134/><T72/><D129/><U92/><E92/><V57/><F57/><W5/><G11/><T15/><D131/><U123/><E95/><V120/><F120/><W62/><G62/><RYUUKYOKU ba="0,1" sc="168,-10,204,-10,378,30,240,-10" hai2="7,10,13,37,41,49,50,51,75,76,81,106,107" /><INIT seed="2,1,1,4,2,0" ten="158,194,408,230" oya="2" hai0="99,98,120,9,58,117,50,119,37,64,82,62,118" hai1="122,109,86,48,22,80,112,47,26,101,67,132,128" hai2="70,76,4,28,34,13,46,56,116,105,121,129,39" hai3="35,127,108,89,83,21,68,33,60,36,97,69,3"/><V95/><F116/><W78/><G108/><T45/><D120/><U41/><E112/><V94/><F121/><W87/><G127/><T100/><D37/><U115/><E115/><V113/><F113/><W103/><G36/><T131/><D131/><U130/><E122/><V96/><F70/><W79/><G3/><T42/><D100/><U91/><E109/><V49/><F129/><W29/><G68/><T16/><REACH who="0" step="1"/><D82/><REACH who="0" ten="148,194,408,230" step="2"/><U75/><E101/><V15/><F39/><W102/><G102/><T133/><D133/><U111/><E132/><V90/><F105/><W63/><G103/><T27/><D27/><U114/><E111/><V74/><F95/><W32/><G83/><T51/><D51/><U110/><E114/><V12/><F94/><W135/><G135/><T53/><D53/><U54/><E110/><V25/><F49/><W88/><G60/><T77/><D77/><U52/><E128/><V85/><F76/><W65/><G63/><T40/><D40/><U124/><E130/><V31/><F90/><W23/><G89/><T20/><D20/><U73/><E124/><V10/><F25/><W44/><G21/><T14/><AGARI ba="1,2" hai="9,14,16,42,45,50,58,62,64,98,99,117,118,119" machi="14" ten="40,8000,1" yaku="1,1,0,1,12,1,54,1,53,0" doraHai="0" doraHaiUra="30" who="0" fromWho="0" sc="148,103,194,-21,408,-41,230,-21" /><INIT seed="3,0,0,0,4,81" ten="251,173,367,209" oya="3" hai0="106,76,54,61,10,2,8,62,96,101,34,99,130" hai1="118,43,71,66,123,37,100,95,121,5,16,51,13" hai2="115,85,120,9,122,113,17,55,69,48,111,134,56" hai3="25,89,59,90,7,18,38,46,12,126,91,26,93"/><W94/><G126/><T35/><D76/><U22/><E37/><V92/><F111/><W124/><G124/><T102/><D54/><U125/><E125/><V42/><F69/><W33/><G38/><T78/><D78/><U109/><E109/><V84/><F134/><W86/><G46/><T0/><D106/><U117/><E121/><N who="2" m="46699" /><F42/><W104/><G104/><T23/><D23/><U58/><E123/><V3/><F92/><W32/><G7/><T53/><D53/><U4/><E71/><V79/><F79/><W45/><G45/><T88/><D88/><N who="3" m="33897" /><G32/><T128/><AGARI ba="0,0" hai="0,2,8,10,34,35,61,62,96,99,101,102,128,130" machi="128" ten="25,3200,0" yaku="0,1,22,2" doraHai="81" who="0" fromWho="0" sc="251,32,173,-8,367,-8,209,-16" owari="283,8.3,165,-33.5,359,45.9,193,-20.7" /></mjloggm>