<mjloggm ver="2.3"><GO type="225" lobby="0"/><UN n0="%E3%83%AC%E3%82%A4%E3%83%88%E3%83%B3%E5%87%86%E6%95%99%E6%8E%88" n1="%E3%81%BF%E3%81%BF%E3%81%9A" n2="%E9%B3%B3%E6%9D%B1%E3%81%AE%E3%81%86%E3%81%95%E3%81%8E%E3%81%95%E3%82%93" n3="%47%32%E9%BE%8D%E9%96%80" dan="18,17,16,16" rate="2225.95,2240.87,2114.61,2107.57" sx="M,M,M,M"/><TAIKYOKU oya="0"/><INIT seed="0,0,0,2,2,126" ten="250,250,250,250" oya="0" hai0="28,76,32,1,8,73,104,78,74,3,57,36,99" hai1="116,33,107,129,66,80,17,69,112,81,48,37,109" hai2="101,9,29,25,16,115,58,40,96,85,127,93,56" hai3="79,103,97,70,122,42,44,11,106,133,86,21,7"/><T123/><D123/><U23/><E37/><V20/><F127/><W53/><G70/><T124/><D124/><U131/><E116/><V4/><F115/><W13/><G122/><T50/><D36/><U134/><E112/><V94/><F40/><W130/><G133/><T39/><D39/><U49/><E33/><V128/><F128/><N who="1" m="49225" /><E107/><V135/><F135/><W71/><G71/><T35/><D35/><U125/><E134/><V52/><F29/><W5/><G53/><T82/><D32/><U92/><E125/><V84/><F58/><W55/><G55/><T45/><D28/><U95/><E109/><V120/><F93/><N who="1" m="35913" /><E66/><V54/><F54/><W102/><G130/><T41/><D104/><U15/><E69/><V46/><F46/><W67/><G44/><T10/><D57/><U62/><E62/><V77/><F77/><W43/><G79/><T117/><D117/><U75/><E75/><V19/><F19/><W83/><G106/><T105/><D76/><U38/><E38/><V12/><F120/><W51/><G67/><T68/><D73/><U88/><E88/><V18/><F18/><W91/><G91/><T113/><D68/><U87/><E87/><V114/><F114/><W63/><G86/><T14/><D113/><U60/><E60/><AGARI ba="0,0" hai="4,9,12,16,20,25,52,56,60,84,85,94,96,101" machi="60" ten="30,7700,0" yaku="7,1,8,1,54,2" doraHai="126" who="2" fromWho="1" sc="250,0,250,-77,250,77,250,0" /><INIT seed="1,0,0,2,3,10" ten="250,173,327,250" oya="1" hai0="84,2,21,49,76,89,83,64,118,25,77,132,66" hai1="125,30,40,104,90,15,42,20,26,50,91,129,102" hai2="127,79,106,122,103,88,53,73,67,58,120,135,68" hai3="48,14,130,19,31,131,109,45,87,11,23,57,28"/><U6/><E125/><V51/><F127/><W27/><G109/><T112/><D118/><U114/><E114/><V78/><F106/><W34/><G57/><T41/><D112/><U52/><E129/><N who="3" m="49162" /><G87/><T8/><D132/><U3/><E3/><V22/><F103/><W35/><G48/><T74/><D2/><U18/><E6/><V16/><F135/><W43/><G45/><N who="0" m="25775" /><D8/><N who="1" m="6503" /><E102/><V115/><F115/><W59/><G59/><T9/><D9/><U101/><E101/><V1/><F1/><W29/><G43/><N who="1" m="16426" /><E104/><V63/><F88/><W113/><G113/><T119/><D74/><U99/><E99/><V54/><F54/><W47/><G47/><AGARI ba="0,0" hai="20,26,30,47,50,52,90,91" m="16426,6503" machi="47" ten="30,5800,0" yaku="8,1,52,1,54,1" doraHai="10" who="1" fromWho="3" sc="250,0,173,58,327,0,250,-58" /><INIT seed="1,1,0,3,0,77" ten="250,231,327,192" oya="1" hai0="26,34,108,14,92,50,91,134,121,117,44,42,2" hai1="129,56,21,11,35,29,125,7,133,61,16,67,4" hai2="132,57,39,37,48,30,118,93,36,58,96,20,82" hai3="119,70,13,114,112,45,6,10,86,17,110,88,28"/><U89/><E125/><V100/><F118/><W99/><G86/><T40/><D117/><U113/><E113/><V135/><F82/><W116/><G70/><T8/><D108/><U84/><E133/><N who="2" m="51275" /><F48/><W130/><G110/><T59/><D2/><U85/><E129/><V12/><F12/><W23/><G130/><T102/><D121/><U128/><E128/><V127/><F127/><W5/><G119/><T0/><D0/><U46/><E35/><V131/><F131/><W64/><G116/><T109/><D102/><U43/><E29/><V105/><F105/><W104/><G64/><T66/><D26/><AGARI ba="1,0" hai="20,26,30,36,37,39,57,58,93,96,100" m="51275" machi="26" ten="40,1300,0" yaku="20,1" doraHai="77" who="2" fromWho="0" sc="250,-16,231,0,327,16,192,0" /><INIT seed="2,0,0,4,1,51" ten="234,231,343,192" oya="2" hai0="112,114,62,87,81,123,116,42,125,115,5,37,117" hai1="41,9,90,122,66,2,48,46,97,56,95,64,70" hai2="50,73,52,43,19,84,33,58,89,109,54,105,25" hai3="128,53,107,29,27,0,68,85,72,111,102,11,45"/><V69/><F73/><W79/><G111/><T14/><D123/><U26/><E122/><V121/><F121/><W106/><G128/><T44/><D125/><U94/><E70/><V28/><F69/><W133/><G68/><T126/><D126/><U134/><E134/><V130/><F130/><W118/><G118/><N who="0" m="45675" /><D62/><U35/><E2/><V38/><F105/><W22/><G133/><T78/><D14/><U10/><E35/><V23/><F109/><W67/><G72/><T36/><D5/><U108/><E108/><V82/><F38/><AGARI ba="0,0" hai="36,37,38,42,44,78,81,87,112,114,115" m="45675" machi="38" ten="40,1300,0" yaku="12,1" doraHai="51" who="0" fromWho="2" sc="234,13,231,0,343,-13,192,0" /><INIT seed="3,0,0,5,3,41" ten="247,231,330,192" oya="3" hai0="127,39,76,44,68,89,42,106,116,111,107,134,126" hai1="119,85,135,60,98,15,14,25,102,124,108,84,128" hai2="56,62,24,58,105,8,117,129,93,31,21,130,54" hai3="33,81,113,51,11,95,71,91,9,28,26,61,118"/><W122/><G113/><T22/><D116/><U121/><E121/><V57/><F105/><W65/><G122/><T66/><D111/><U67/><E108/><V86/><F117/><W133/><G133/><T114/><D134/><U63/><E119/><V120/><F120/><W132/><G132/><T12/><D76/><U27/><E135/><V110/><F110/><W72/><G118/><T4/><D114/><U90/><E128/><N who="2" m="49259" /><F8/><W29/><G29/><T46/><D66/><U69/><E124/><N who="0" m="47657" /><D68/><U2/><E2/><V104/><F104/><W75/><G51/><T52/><D89/><AGARI ba="0,0" hai="21,24,31,54,56,57,58,62,86,89,93" m="49259" machi="89" ten="30,1000,0" yaku="19,1" doraHai="41" who="2" fromWho="0" sc="247,-10,231,0,330,10,192,0" owari="237,3.7,231,-16.9,340,44.0,192,-30.8" /></mjloggm>