<mjloggm ver="2.3"><GO type="225" lobby="0"/><UN n0="%72%61%6B%33" n1="%E8%83%83%E3%81%A8%E8%85%B8" n2="%6D%75%75%6D%75%72%61" n3="%E7%99%BD%E6%97%A5%E9%9B%AA%E8%8F%9C" dan="16,17,17,16" rate="2117.14,2251.59,2193.29,2144.73" sx="M,M,F,F"/><TAIKYOKU oya="0"/><INIT seed="0,0,0,1,3,68" ten="250,250,250,250" oya="0" hai0="45,115,10,123,124,83,97,129,125,80,75,21,86" hai1="109,5,110,26,108,133,98,20,87,64,81,7,135" hai2="104,63,82,46,107,120,49,94,117,55,99,51,8" hai3="43,28,0,18,57,22,90,118,84,67,60,101,44"/><T74/><BYE who="3" /><D21/><UN n3="%E7%99%BD%E6%97%A5%E9%9B%AA%E8%8F%9C" /><U54/><E64/><V40/><F120/><W4/><G4/><BYE who="3" /><N who="1" m="1610" /><E98/><UN n3="%E7%99%BD%E6%97%A5%E9%9B%AA%E8%8F%9C" /><V61/><F117/><W30/><G118/><T91/><D10/><U79/><E54/><V96/><F8/><W77/><G0/><T39/><D123/><U9/><E9/><V47/><F82/><W24/><G77/><T41/><D115/><U14/><E14/><V72/><F72/><W53/><G101/><T27/><D129/><U106/><E106/><V100/><REACH who="2" step="1"/><F104/><REACH who="2" ten="250,250,240,250" step="2"/><W15/><G67/><T33/><D83/><U2/><E2/><V111/><F111/><W102/><G102/><AGARI ba="0,1" hai="40,46,47,49,51,55,61,63,94,96,99,100,102,107" machi="102" ten="30,2000,0" yaku="1,1,7,1,53,0" doraHai="68" doraHaiUra="116" who="2" fromWho="3" sc="250,0,250,0,240,30,250,-20" /><INIT seed="1,0,0,5,5,130" ten="250,250,270,230" oya="1" hai0="83,107,129,122,80,105,21,79,12,118,101,27,31" hai1="29,85,89,63,94,28,34,98,116,33,121,23,112" hai2="17,95,36,37,11,120,6,26,127,4,58,113,110" hai3="43,42,19,54,5,67,64,117,109,96,68,35,51"/><U111/><E112/><V40/><F120/><W77/><G35/><T46/><D118/><U103/><E116/><V66/><F113/><W82/><G117/><T59/><D129/><U108/><E121/><V97/><F110/><N who="1" m="42025" /><E63/><V7/><F127/><W9/><G109/><T87/><D122/><U81/><E23/><V50/><F66/><W69/><G19/><T92/><D46/><U88/><E89/><V131/><F131/><W20/><G20/><T18/><D59/><U135/><E135/><V115/><F115/><W78/><G96/><T91/><D101/><U74/><E74/><V56/><F26/><W104/><G104/><T124/><D124/><U134/><E134/><V73/><F73/><W93/><G69/><T15/><D83/><U53/><E53/><V0/><F0/><W25/><G68/><T13/><REACH who="0" step="1"/><D31/><AGARI ba="0,0" hai="28,29,31,33,34,81,85,88,94,98,103" m="42025" machi="31" ten="30,5800,0" yaku="14,1,10,1,54,1" doraHai="130" who="1" fromWho="0" sc="250,-58,250,58,270,0,230,0" /><INIT seed="1,1,0,0,0,127" ten="192,308,270,230" oya="1" hai0="35,47,124,62,37,101,4,122,51,38,59,93,113" hai1="99,52,115,5,82,63,48,77,41,65,13,132,68" hai2="50,7,36,18,70,84,33,110,1,86,6,95,17" hai3="91,135,128,58,32,55,118,30,90,20,43,3,28"/><U80/><E115/><V89/><F36/><W25/><G3/><T19/><D35/><U119/><E119/><V69/><F33/><W92/><G135/><T81/><D113/><U49/><E132/><V79/><F110/><W85/><G118/><T64/><D124/><U126/><E126/><V42/><F70/><W120/><G120/><T74/><D122/><U76/><E99/><V22/><F69/><W75/><G75/><T107/><D107/><U105/><E105/><V9/><F6/><W11/><G43/><T117/><D117/><U100/><E100/><V104/><F104/><W12/><G32/><T46/><D4/><U109/><E109/><V111/><F111/><W26/><G128/><T10/><D46/><U130/><E130/><V56/><F22/><N who="3" m="15415" /><G91/><T73/><D93/><U54/><E41/><V0/><F0/><W133/><G133/><T44/><D101/><U27/><E27/><V14/><F1/><W29/><G29/><T121/><D121/><U72/><E13/><V87/><F79/><W131/><G131/><T2/><D2/><U31/><E31/><V61/><F89/><W67/><G67/><T24/><D37/><U66/><E66/><N who="2" m="39207" /><F95/><W8/><G12/><T108/><D108/><U123/><E123/><V125/><F125/><W23/><G20/><N who="0" m="13343" /><D38/><U98/><E5/><V97/><F97/><W53/><G53/><N who="1" m="20586" /><E98/><V71/><F71/><W96/><G96/><T57/><D74/><U112/><E112/><V39/><F39/><W106/><G106/><T114/><D114/><U88/><E77/><V134/><F134/><W78/><G78/><RYUUKYOKU ba="1,0" sc="192,-30,308,10,270,10,230,10" hai1="48,49,63,65,68,72,76,80,82,88" hai2="7,9,14,17,18,42,50,84,86,87" hai3="8,11,23,26,30,55,58,85,90,92" /><INIT seed="1,2,0,3,4,79" ten="162,318,280,240" oya="1" hai0="85,124,116,72,47,52,125,20,120,69,84,48,11" hai1="102,39,76,58,16,67,27,13,63,91,5,12,3" hai2="95,2,94,113,106,1,32,104,24,18,93,31,89" hai3="9,80,55,99,98,87,100,23,110,88,129,111,53"/><U90/><E39/><V57/><F113/><W105/><G129/><T62/><D116/><U64/><E3/><V97/><F2/><W42/><G42/><T46/><D72/><U26/><E102/><V4/><F57/><W50/><G9/><T21/><D11/><N who="1" m="4207" /><E76/><V37/><F4/><W22/><G99/><T15/><D120/><U7/><E7/><V114/><F1/><W112/><G112/><T103/><D103/><U135/><E64/><V19/><F114/><W133/><G133/><T60/><D15/><U25/><E135/><V29/><F29/><W70/><G70/><T6/><D6/><U131/><E131/><V78/><F37/><W59/><REACH who="3" step="1"/><G55/><REACH who="3" ten="162,318,280,230" step="2"/><T34/><D69/><U96/><E96/><V75/><F97/><W68/><G68/><T28/><D52/><U82/><E82/><V8/><F104/><W108/><AGARI ba="2,1" hai="22,23,50,53,59,80,87,88,98,100,105,108,110,111" machi="108" ten="30,12000,2" yaku="1,1,0,1,14,1,52,1,54,1,53,1" doraHai="79" doraHaiUra="81" who="3" fromWho="3" sc="162,-32,318,-62,280,-32,230,136" /><INIT seed="2,0,0,3,3,120" ten="130,256,248,366" oya="2" hai0="131,15,45,43,72,12,125,108,48,47,61,2,76" hai1="10,59,60,44,133,114,51,86,50,94,27,65,21" hai2="77,24,75,74,135,98,32,109,49,14,122,105,115" hai3="4,9,112,100,124,78,18,25,56,83,116,127,38"/><V11/><F115/><W123/><G123/><T92/><D2/><U30/><E133/><V1/><F122/><W70/><G70/><T3/><D3/><U81/><E114/><V62/><F135/><W69/><G69/><T66/><D125/><U67/><E10/><V71/><F1/><W0/><G116/><T90/><D131/><U68/><E94/><V29/><F49/><W41/><G112/><T54/><D72/><U46/><E68/><V85/><F85/><W34/><G100/><T118/><D76/><U7/><E7/><V111/><F77/><W20/><G56/><T28/><D28/><U129/><E65/><N who="2" m="41399" /><F74/><N who="3" m="43479" /><G34/><T36/><D118/><U13/><E13/><V82/><F82/><W64/><G64/><T87/><D108/><N who="2" m="41546" /><F75/><W35/><G35/><T128/><D128/><U17/><E50/><V132/><F132/><W126/><G38/><T58/><AGARI ba="0,0" hai="12,15,36,43,45,47,48,54,58,61,66,87,90,92" machi="58" ten="20,1500,0" yaku="0,1,7,1" doraHai="120" who="0" fromWho="0" sc="130,15,256,-4,248,-7,366,-4" /><INIT seed="3,0,0,4,1,11" ten="145,252,241,362" oya="3" hai0="101,65,43,30,67,12,60,10,2,119,132,35,121" hai1="93,115,33,114,109,42,61,91,15,38,133,32,34" hai2="127,57,1,72,69,90,17,120,9,95,94,112,22" hai3="79,66,59,20,56,45,77,108,70,18,105,54,100"/><W44/><G108/><T84/><D119/><U16/><E109/><V24/><F112/><W134/><G134/><T31/><D121/><U74/><E133/><V51/><F69/><W103/><G70/><T131/><D132/><U58/><E74/><V13/><F72/><W6/><G6/><T29/><D35/><U123/><E123/><V47/><F120/><W50/><G105/><T98/><D131/><U126/><E126/><V117/><F1/><W102/><G59/><T49/><D2/><U125/><E125/><V75/><F75/><W52/><G66/><T116/><D116/><U104/><E104/><V28/><F127/><W14/><G44/><T99/><D84/><U76/><E76/><V5/><F117/><W36/><G36/><T92/><D99/><U27/><E27/><V62/><F90/><W40/><G40/><T80/><D80/><U64/><E42/><N who="2" m="25079" /><F5/><W63/><AGARI ba="0,0" hai="14,18,20,45,50,52,54,56,63,77,79,100,102,103" machi="63" ten="30,11700,0" yaku="0,1,8,1,52,1,54,1" doraHai="11" who="3" fromWho="3" sc="145,-39,252,-39,241,-39,362,117" owari="106,-39.4,213,1.3,202,-19.8,479,57.9" /></mjloggm>