<mjloggm ver="2.3"><GO type="225" lobby="0"/><UN n0="%E5%A4%96%E5%B7%9D%E7%AB%9C%E6%88%90" n1="%E3%82%A2%E3%82%A4%E3%82%B9%E3%83%86%E3%82%A3%E3%83%BC%E3%81%82%E3%81%B9" n2="%6D%75%75%6D%75%72%61" n3="%48%61%61%61%6C%61%6E%64" dan="16,16,17,18" rate="2170.95,2118.21,2232.96,2198.42" sx="M,M,F,M"/><TAIKYOKU oya="0"/><INIT seed="0,0,0,0,3,84" ten="250,250,250,250" oya="0" hai0="83,124,79,91,8,62,39,74,89,122,114,95,64" hai1="33,131,46,75,68,82,31,3,60,21,15,11,48" hai2="77,2,93,24,78,111,13,59,63,9,72,70,107" hai3="123,32,54,120,53,129,97,56,101,18,36,88,47"/><T109/><D114/><U44/><E131/><V0/><F107/><W12/><G32/><T85/><D122/><N who="3" m="46633" /><G129/><T19/><D39/><U52/><E33/><V102/><F70/><W80/><G36/><T103/><D124/><U41/><E3/><V126/><F126/><W57/><G101/><T119/><D119/><U92/><E92/><V128/><F128/><W73/><G73/><T87/><D109/><U35/><E35/><V81/><F111/><W14/><G47/><T132/><D132/><U90/><E68/><V58/><F77/><W37/><G37/><T105/><D105/><U34/><E75/><V127/><F24/><W42/><G42/><T29/><D29/><U7/><E34/><V100/><F127/><W49/><G18/><T134/><D134/><U1/><E1/><V27/><F27/><W61/><G80/><T38/><D38/><U99/><E82/><V66/><F102/><W67/><G67/><T4/><D19/><U22/><E31/><V125/><F58/><W65/><G65/><T112/><D103/><U17/><E17/><V16/><REACH who="2" step="1"/><F125/><REACH who="2" ten="250,250,240,250" step="2"/><W50/><G61/><T6/><D112/><U51/><E60/><V43/><F43/><W30/><G30/><T10/><D62/><U55/><E41/><V94/><F94/><AGARI ba="0,1" hai="12,14,49,50,53,54,56,57,88,94,97" m="46633" machi="94" ten="30,3900,0" yaku="13,1,52,1,54,1" doraHai="84" who="3" fromWho="2" sc="250,0,250,0,240,-39,250,49" /><INIT seed="1,0,0,4,0,79" ten="250,250,201,299" oya="1" hai0="45,58,69,65,36,110,60,113,4,6,2,68,37" hai1="19,18,14,15,132,44,98,50,96,32,116,100,131" hai2="12,39,82,16,80,61,88,125,84,81,105,26,24" hai3="10,55,70,31,87,94,27,56,53,47,5,118,86"/><U109/><E116/><V130/><F39/><W38/><G70/><T134/><D2/><U115/><E115/><V75/><F105/><W112/><G112/><T91/><D113/><U121/><E121/><V99/><F75/><W21/><G118/><T119/><D119/><U54/><E32/><V33/><F33/><W59/><G38/><T48/><D91/><U104/><E132/><V43/><F130/><W25/><G25/><N who="2" m="9833" /><F125/><W114/><G114/><T90/><D134/><U128/><E109/><V127/><F127/><W107/><G107/><T95/><D110/><U17/><REACH who="1" step="1"/><E96/><REACH who="1" ten="250,240,201,299" step="2"/><V77/><F99/><W46/><G31/><T76/><D69/><U8/><E8/><N who="2" m="6151" /><F77/><W20/><G10/><T72/><D68/><U64/><E64/><V111/><F111/><W89/><G20/><T62/><D76/><U13/><AGARI ba="0,1" hai="13,14,15,17,18,19,44,50,54,98,100,104,128,131" machi="13" ten="40,3900,0" yaku="1,1,0,1,53,0" doraHai="79" doraHaiUra="135" who="1" fromWho="1" sc="250,-13,240,49,201,-13,299,-13" /><INIT seed="1,1,0,5,5,20" ten="237,289,188,286" oya="1" hai0="39,12,102,97,51,73,3,30,47,54,66,77,86" hai1="98,131,50,81,33,117,118,59,34,112,67,32,93" hai2="72,128,79,27,129,9,89,96,40,37,62,121,15" hai3="26,24,23,5,43,107,6,35,113,94,91,70,53"/><U104/><E112/><V19/><F121/><W135/><G113/><T64/><D3/><U49/><E104/><V68/><F72/><W100/><G135/><T84/><D39/><U111/><E131/><N who="2" m="50251" /><F79/><W17/><G70/><T2/><D2/><U127/><E127/><V99/><F37/><W41/><G107/><T58/><D73/><U114/><E114/><V22/><F40/><N who="3" m="15435" /><G35/><T38/><D30/><U78/><E111/><V31/><F89/><W88/><G53/><T134/><D38/><U122/><E122/><V44/><F44/><W80/><G24/><T125/><D47/><U0/><E0/><V105/><F105/><W76/><G76/><T115/><D77/><U116/><E67/><AGARI ba="1,0" hai="9,15,19,22,27,31,62,67,68,96,99" m="50251" machi="67" ten="30,2000,0" yaku="19,1,52,1" doraHai="20" who="2" fromWho="1" sc="237,0,289,-23,188,23,286,0" /><INIT seed="2,0,0,2,0,119" ten="237,266,211,286" oya="2" hai0="91,57,106,50,46,59,99,38,23,44,74,89,117" hai1="112,116,69,43,81,109,125,33,130,72,92,60,131" hai2="96,51,80,19,12,121,48,28,100,4,13,10,120" hai3="73,82,129,36,5,62,27,58,104,108,90,86,75"/><V42/><F28/><W45/><G108/><T37/><D117/><U25/><E109/><V68/><F68/><W83/><G129/><N who="1" m="49162" /><E116/><V98/><F80/><W110/><G110/><T95/><D106/><U53/><E43/><V66/><F66/><W41/><G104/><T76/><D23/><U2/><E2/><V67/><F67/><W65/><G5/><T79/><D50/><U115/><E125/><V70/><F70/><W0/><G0/><T105/><D105/><U124/><E124/><V118/><F118/><W114/><G114/><T31/><D31/><N who="1" m="19695" /><E92/><V39/><F39/><W9/><G9/><T63/><D95/><U102/><E102/><V29/><F29/><W11/><G11/><T94/><D94/><U55/><E69/><V54/><F42/><W113/><G113/><N who="1" m="43594" /><E60/><V30/><F30/><W16/><REACH who="3" step="1"/><G82/><REACH who="3" ten="237,266,211,276" step="2"/><T85/><D37/><U87/><E72/><V24/><F4/><W49/><G49/><T123/><D38/><U133/><E133/><V71/><F48/><W61/><G61/><T21/><D63/><U101/><E101/><V64/><F100/><W15/><G15/><T127/><D74/><U1/><E1/><V93/><F12/><W47/><G47/><T97/><D127/><U77/><AGARI ba="0,1" hai="53,55,77,81,87" m="43594,19695,49162" machi="77" ten="30,1100,0" yaku="19,1" doraHai="119" who="1" fromWho="1" sc="237,-3,266,21,211,-5,276,-3" /><INIT seed="3,0,0,2,4,58" ten="234,287,206,273" oya="3" hai0="22,47,60,128,77,37,135,99,44,43,89,53,130" hai1="69,132,108,131,5,0,39,71,119,31,63,68,125" hai2="82,19,78,17,93,64,26,134,20,81,15,54,6" hai3="11,95,55,13,9,16,83,7,92,34,88,40,91"/><W124/><G124/><T133/><D77/><U4/><E39/><V28/><F134/><N who="0" m="51210" /><D22/><U76/><E132/><V49/><F6/><W8/><G34/><T41/><D89/><N who="3" m="34377" /><G40/><T56/><D99/><U123/><E123/><V90/><F64/><W114/><G114/><T87/><D87/><U98/><E125/><V102/><F102/><W84/><G55/><T115/><D115/><U79/><E31/><V30/><F78/><N who="3" m="46199" /><G7/><T75/><D75/><U66/><E79/><V35/><F35/><W86/><G86/><T120/><D120/><U117/><E76/><V29/><F81/><W65/><G65/><T3/><D3/><U121/><E121/><V94/><F82/><W109/><G109/><T70/><D70/><U111/><E131/><V2/><F2/><W100/><G100/><T105/><D105/><U24/><E98/><V48/><F54/><W101/><G101/><T126/><D126/><U72/><E72/><V62/><F62/><W129/><G129/><T51/><AGARI ba="0,0" hai="37,41,43,44,47,51,53,56,60,128,130" m="51210" machi="51" ten="30,7900,0" yaku="20,1,34,2,52,1" doraHai="58" who="0" fromWho="0" sc="234,79,287,-20,206,-20,273,-39" owari="313,41.3,267,6.7,186,-31.4,234,-16.6" /></mjloggm>