<mjloggm ver="2.3"><GO type="225" lobby="0"/><UN n0="%E4%B8%89%E5%86%A0%E7%8E%8B%E3%83%BB%E5%B1%B1%E7%94%B0%E5%93%B2%E4%BA%BA" n1="%E3%81%9F%E3%81%A3%E3%81%A1%E3%82%87" n2="%E3%81%95%E3%81%8D%E3%81%9F%E3%81%BE%E6%9E%97%E6%AA%8E" n3="%E3%81%AA%E3%81%A1%30%39%32%37" dan="16,16,16,16" rate="2158.24,2065.89,2087.82,2022.90" sx="M,M,M,M"/><TAIKYOKU oya="0"/><INIT seed="0,0,0,3,1,24" ten="250,250,250,250" oya="0" hai0="101,13,88,32,130,50,105,70,11,121,132,103,76" hai1="62,118,93,30,97,100,67,54,74,82,111,65,113" hai2="108,58,53,56,83,5,116,10,25,29,79,42,21" hai3="22,128,33,112,120,31,78,9,27,52,57,90,69"/><T92/><D121/><U89/><E118/><V95/><F108/><W60/><G112/><T43/><D105/><U41/><E111/><V45/><F116/><W84/><G128/><T3/><D130/><U16/><E113/><V123/><F53/><W68/><G120/><T133/><D70/><U26/><E41/><V124/><F95/><W114/><G114/><T18/><D76/><U104/><E54/><V46/><F46/><W40/><G78/><T37/><D37/><U44/><E44/><V125/><F123/><W106/><G106/><T35/><D3/><U72/><E16/><V23/><F23/><W8/><G33/><T19/><D35/><N who="1" m="20951" /><E82/><V129/><F129/><W110/><G110/><T77/><D77/><U66/><E65/><V34/><F34/><W99/><G99/><N who="0" m="57735" /><D32/><U96/><E66/><V49/><F125/><W91/><G40/><T131/><D19/><U63/><E62/><V51/><F51/><W73/><G73/><T38/><D38/><U55/><E55/><V119/><F119/><W0/><G0/><T1/><D1/><U48/><E48/><V85/><REACH who="2" step="1"/><F124/><REACH who="2" ten="250,250,240,250" step="2"/><W115/><G115/><T39/><D131/><U7/><E104/><V14/><AGARI ba="0,1" hai="5,10,14,21,25,29,42,45,49,56,58,79,83,85" machi="14" ten="20,16000,3" yaku="1,1,2,1,0,1,7,1,25,2,8,1,52,1,53,1" doraHai="24" doraHaiUra="6" who="2" fromWho="2" sc="250,-80,250,-40,240,170,250,-40" /><INIT seed="1,0,0,0,3,111" ten="170,210,410,210" oya="1" hai0="8,21,57,117,65,123,13,130,107,74,50,36,132" hai1="45,96,131,60,103,38,40,88,28,86,104,12,109" hai2="122,106,134,1,63,78,17,69,93,76,39,67,20" hai3="27,4,108,124,73,62,105,25,110,52,116,119,49"/><U53/><E109/><N who="3" m="42090" /><G105/><T31/><D36/><U35/><E131/><V89/><F122/><W55/><G73/><T128/><D74/><U118/><E118/><N who="3" m="45098" /><G4/><T79/><D107/><U44/><E12/><V6/><F134/><W97/><G97/><T70/><D79/><U5/><E5/><V66/><F106/><W11/><G11/><T75/><D123/><U58/><E45/><V29/><F29/><W92/><G92/><T115/><D75/><U37/><E28/><V2/><F2/><W77/><G77/><T0/><D132/><U94/><REACH who="1" step="1"/><E35/><REACH who="1" ten="170,200,410,210" step="2"/><V33/><F33/><W82/><G124/><T24/><D117/><U71/><E71/><V9/><F69/><W120/><G120/><T129/><D70/><U68/><E68/><V54/><F6/><W101/><G27/><T83/><D0/><U114/><E114/><V135/><F1/><W56/><G25/><T48/><D115/><U90/><E90/><V26/><F89/><W133/><G133/><T102/><D102/><U32/><E32/><V30/><F135/><W47/><G101/><T42/><D13/><U125/><E125/><V95/><F30/><W43/><G82/><T46/><D83/><U85/><E85/><V100/><F100/><W84/><G84/><T113/><D113/><U15/><E15/><V81/><F81/><W64/><AGARI ba="0,1" hai="43,47,49,52,55,56,62,64" m="45098,42090" machi="64" ten="30,8000,1" yaku="14,1,12,1,34,2,54,1" doraHai="111" who="3" fromWho="3" sc="170,-20,200,-40,410,-20,210,90" /><INIT seed="2,0,0,5,2,98" ten="150,160,390,300" oya="2" hai0="90,114,100,96,18,7,105,68,66,65,128,38,49" hai1="32,115,44,104,77,133,53,109,117,94,34,26,125" hai2="15,76,47,86,84,8,93,70,25,108,80,81,45" hai3="57,24,52,54,2,42,39,92,123,61,103,127,21"/><V87/><F70/><W1/><G123/><T102/><D38/><U67/><E104/><V28/><F108/><W46/><G127/><T82/><D114/><U129/><E117/><V89/><F25/><W91/><G54/><T132/><D132/><U120/><E115/><V63/><F63/><W4/><G4/><T130/><D7/><U60/><E32/><V83/><F28/><W31/><REACH who="3" step="1"/><G103/><REACH who="3" ten="150,160,390,290" step="2"/><T22/><D102/><U19/><E120/><V121/><F121/><W134/><G134/><T3/><D130/><U69/><E129/><V110/><F110/><W36/><G36/><T113/><D128/><U30/><E125/><V40/><F40/><W33/><G33/><T11/><D113/><U58/><E34/><V37/><F37/><W111/><G111/><T126/><D126/><U51/><E109/><V116/><F116/><W20/><G20/><T55/><D22/><N who="1" m="15703" /><E133/><V56/><F76/><W9/><G9/><T16/><D11/><U10/><E77/><V14/><F8/><W59/><G59/><T35/><D35/><U97/><E69/><V112/><F112/><W119/><G119/><T50/><D68/><U62/><E10/><V74/><F56/><W41/><G41/><T17/><D3/><U85/><E58/><V99/><F74/><W72/><G72/><T78/><D90/><N who="1" m="55511" /><E67/><N who="0" m="25609" /><D55/><U101/><E101/><V88/><F89/><W27/><G27/><T71/><D71/><U6/><E6/><V5/><F5/><W106/><G106/><T75/><D105/><U95/><E53/><V73/><F73/><W107/><G107/><N who="0" m="63879" /><D75/><U0/><E0/><RYUUKYOKU ba="0,1" sc="150,10,160,-30,390,10,290,10" hai0="16,17,18,49,50,78,82" hai2="14,15,45,47,80,81,83,84,86,87,88,93,99" hai3="1,2,21,24,31,39,42,46,52,57,61,91,92" /><INIT seed="2,1,1,3,5,17" ten="160,130,400,300" oya="2" hai0="53,47,6,67,63,41,93,91,101,112,28,117,59" hai1="105,129,85,62,9,133,14,86,24,99,131,84,10" hai2="7,107,95,77,35,29,56,39,38,16,66,90,130" hai3="92,27,113,60,78,15,21,68,89,33,103,58,88"/><V43/><F107/><W126/><G68/><T1/><D112/><U31/><E133/><V83/><F7/><W127/><G33/><T121/><D121/><U135/><E135/><V119/><F119/><W100/><G78/><T115/><D115/><U55/><E105/><V69/><F69/><W123/><G15/><T96/><D117/><U104/><E104/><V5/><F5/><W114/><G123/><T52/><D28/><U0/><E99/><V98/><F130/><N who="1" m="49673" /><E0/><V26/><F43/><W71/><G71/><T11/><REACH who="0" step="1"/><D101/><REACH who="0" ten="150,130,400,300" step="2"/><U37/><E37/><AGARI ba="1,2" hai="1,6,11,37,41,47,52,53,59,63,67,91,93,96" machi="37" ten="30,7700,0" yaku="1,1,2,1,7,1,54,1,53,0" doraHai="17" doraHaiUra="124" who="0" fromWho="1" sc="150,100,130,-80,400,0,300,0" /><INIT seed="3,0,0,2,0,46" ten="250,50,400,300" oya="3" hai0="23,1,128,71,64,41,81,49,0,56,95,110,15" hai1="5,108,99,7,91,93,97,53,119,19,92,106,32" hai2="30,89,74,57,43,9,72,16,75,6,44,82,84" hai3="29,113,42,27,124,40,87,76,35,69,38,36,37"/><W39/><G113/><T11/><D110/><U98/><E19/><V90/><F30/><W112/><G112/><T68/><D128/><U63/><E108/><V60/><F90/><W102/><G124/><T80/><D68/><U18/><E18/><V94/><F94/><W34/><G34/><T28/><D71/><U13/><E91/><V65/><F16/><W58/><G69/><T51/><D0/><U85/><E85/><V105/><F105/><W26/><N who="3" m="9216" /><DORA hai="48" /><W130/><G130/><T79/><D1/><U86/><E86/><V118/><F118/><W2/><G2/><T61/><D41/><U70/><E70/><V117/><F117/><W78/><G26/><N who="0" m="16479" /><D95/><U66/><E119/><V55/><F65/><W59/><G102/><T123/><D123/><U107/><E63/><V21/><F21/><W50/><G59/><T132/><D132/><U54/><E13/><V111/><F111/><W101/><G101/><T125/><D125/><U4/><E66/><V83/><F83/><N who="0" m="31818" /><D79/><U104/><E32/><V33/><F33/><W114/><G114/><T103/><D103/><U14/><E14/><V22/><F22/><W31/><G76/><T120/><D120/><U115/><REACH who="1" step="1"/><E115/><REACH who="1" ten="250,40,400,300" step="2"/><V134/><F134/><W10/><G35/><T47/><D15/><U17/><E17/><V131/><F89/><W127/><G127/><T24/><D61/><U88/><E88/><V45/><F131/><W73/><G87/><T25/><D64/><U52/><AGARI ba="0,1" hai="4,5,7,52,53,54,92,93,97,98,99,104,106,107" machi="52" ten="50,32000,5" yakuman="40" doraHai="46,48" doraHaiUra="109,12" who="1" fromWho="1" sc="250,-80,40,330,400,-80,300,-160" owari="170,-23.0,370,47.0,320,12.0,140,-36.0" /></mjloggm>