<mjloggm ver="2.3"><GO type="225" lobby="0"/><UN n0="%43%4F%45%44%4F%E7%B7%91" n1="%73%6C%69%63%6B%33%31%39" n2="%E7%89%B9%E6%9D%B1%E3%81%AF%E4%B8%96%E7%95%8C%E3%82%92%E6%95%91%E3%81%86" n3="%E3%81%AF%E3%82%88%E3%81%8A%E3%81%98%E3%81%95%E3%82%93" dan="18,16,16,17" rate="2216.98,2104.31,2138.49,2191.30" sx="F,M,M,M"/><TAIKYOKU oya="0"/><INIT seed="0,0,0,0,2,47" ten="250,250,250,250" oya="0" hai0="19,131,23,39,100,108,125,16,84,120,123,44,45" hai1="67,80,28,5,81,112,95,11,78,13,116,46,130" hai2="82,33,14,32,104,66,88,113,119,0,111,89,129" hai3="133,57,35,62,64,53,99,124,98,22,94,107,69"/><T8/><D125/><U15/><E116/><V114/><F0/><W34/><G124/><T38/><D131/><U10/><E130/><V52/><F129/><W97/><G133/><T93/><D108/><U74/><E112/><V25/><F104/><W50/><G107/><T118/><D118/><U63/><E28/><V26/><F119/><W128/><G128/><T122/><D8/><U29/><E29/><V31/><F66/><W106/><G106/><T102/><D84/><U65/><E95/><V51/><F111/><W40/><G40/><T58/><D123/><U54/><E81/><V48/><F31/><W79/><G79/><T17/><D17/><U109/><E109/><V1/><F14/><W85/><REACH who="3" step="1"/><G22/><REACH who="3" ten="250,250,250,240" step="2"/><T43/><D43/><U56/><REACH who="1" step="1"/><E46/><REACH who="1" ten="250,240,250,240" step="2"/><V135/><F114/><W20/><G20/><T70/><D23/><U76/><E76/><V36/><F113/><W59/><G59/><T7/><D58/><U96/><E96/><V21/><F21/><W86/><G86/><T92/><D45/><U115/><E115/><V9/><F135/><W77/><G77/><T87/><D44/><U117/><E117/><V91/><F33/><W127/><G127/><T49/><D87/><U83/><E83/><V73/><F82/><W42/><G42/><T110/><D110/><U126/><E126/><V90/><F32/><W3/><G3/><T41/><D41/><U105/><E105/><V55/><F1/><W30/><G30/><T6/><D70/><U27/><E27/><V121/><F26/><W72/><G72/><T68/><D68/><U2/><E2/><RYUUKYOKU ba="0,2" sc="250,10,240,10,250,-30,240,10" hai0="6,7,16,19,38,39,49,92,93,100,102,120,122" hai1="5,10,11,13,15,54,56,63,65,67,74,78,80" hai3="34,35,50,53,57,62,64,69,85,94,97,98,99" /><INIT seed="0,1,2,1,3,23" ten="260,250,220,250" oya="0" hai0="67,91,57,21,51,75,46,3,66,13,38,58,6" hai1="133,65,79,118,101,14,27,129,10,120,47,35,128" hai2="41,88,89,132,31,69,36,104,44,2,37,64,8" hai3="123,105,5,16,87,42,17,22,52,73,131,106,85"/><T115/><D115/><U119/><E101/><V95/><F104/><W100/><G73/><T24/><D75/><U1/><E79/><V7/><F132/><W80/><G131/><N who="1" m="50250" /><E65/><N who="0" m="24585" /><D3/><U76/><E76/><V125/><F125/><W33/><G33/><T99/><D38/><U77/><E77/><V110/><F110/><W121/><G42/><T81/><D13/><U28/><E47/><V114/><F114/><W86/><G5/><T4/><D57/><U70/><E70/><V54/><F54/><W103/><G80/><T32/><D58/><U40/><E40/><V97/><F31/><W108/><G108/><T25/><D32/><U29/><E133/><V122/><F122/><N who="3" m="46603" /><G52/><N who="0" m="29815" /><D25/><N who="1" m="18831" /><E1/><V9/><F37/><W109/><G109/><T45/><D45/><U74/><E74/><V92/><F69/><W26/><G105/><T12/><D81/><U30/><E120/><V93/><F64/><W135/><G135/><T83/><D83/><U0/><E0/><V112/><F112/><W43/><G43/><T71/><D71/><U68/><E68/><V63/><F63/><W18/><G106/><T78/><D78/><U116/><E27/><V127/><F36/><W15/><G15/><T59/><D12/><U19/><AGARI ba="1,2" hai="10,14,19,29,30,116,118,119" m="18831,50250" machi="19" ten="40,8000,1" yaku="19,1,34,2,52,1" doraHai="23" who="1" fromWho="1" sc="260,-41,250,103,220,-21,250,-21" /><INIT seed="1,0,0,3,3,78" ten="219,353,199,229" oya="1" hai0="135,56,90,43,40,6,42,118,83,24,16,22,34" hai1="97,130,110,17,53,117,86,100,50,96,33,94,31" hai2="55,26,0,47,81,132,59,58,121,12,88,9,102" hai3="79,87,61,107,44,7,85,72,39,60,105,92,5"/><U82/><E117/><V38/><F121/><W71/><G72/><T76/><D118/><U75/><E75/><V126/><F0/><W36/><G79/><T54/><D135/><U91/><E130/><V84/><F132/><W49/><G92/><T131/><D131/><U70/><E70/><V101/><F126/><W68/><G49/><T116/><D116/><U99/><E110/><V106/><F26/><W35/><G44/><T77/><D34/><AGARI ba="0,0" hai="5,7,34,35,36,39,60,61,68,71,85,87,105,107" machi="34" ten="25,1600,0" yaku="22,2" doraHai="78" who="3" fromWho="0" sc="219,-16,353,0,199,0,229,16" /><INIT seed="2,0,0,0,1,36" ten="203,353,199,245" oya="2" hai0="80,33,11,24,55,42,43,99,69,16,1,100,88" hai1="130,77,74,67,87,10,134,120,47,89,68,23,17" hai2="98,27,30,92,51,49,48,83,15,94,106,73,122" hai3="90,39,86,20,70,113,97,104,78,103,133,72,107"/><V102/><F122/><W40/><G70/><T62/><D1/><U119/><E119/><V4/><F4/><W115/><G133/><T105/><D11/><U112/><E112/><N who="3" m="43082" /><G20/><T46/><D46/><U125/><E77/><V124/><F124/><W76/><G104/><T41/><D16/><U131/><E74/><V21/><REACH who="2" step="1"/><F15/><REACH who="2" ten="203,353,189,245" step="2"/><W132/><G132/><T116/><D116/><U6/><E125/><V63/><F63/><W108/><G108/><T95/><D69/><U9/><E6/><V110/><F110/><W26/><G72/><T59/><D80/><U66/><E134/><V81/><F81/><N who="3" m="49487" /><G26/><T82/><D82/><U13/><E120/><V57/><F57/><W58/><G58/><T32/><REACH who="0" step="1"/><D24/><REACH who="0" ten="193,353,189,245" step="2"/><U8/><E68/><V31/><F31/><W85/><G78/><AGARI ba="0,2" hai="21,27,30,48,49,51,73,78,83,92,94,98,102,106" machi="78" ten="40,3900,0" yaku="1,1,53,1" doraHai="36" doraHaiUra="25" who="2" fromWho="3" sc="193,0,353,0,189,59,245,-39" /><INIT seed="2,1,0,1,3,28" ten="193,353,248,206" oya="2" hai0="31,91,66,59,123,32,110,101,83,120,58,71,44" hai1="113,9,55,1,36,50,14,26,117,4,68,47,27" hai2="118,90,20,111,22,18,11,23,109,10,80,112,53" hai3="24,67,39,63,129,76,115,102,85,116,0,75,125"/><V78/><F112/><W135/><G116/><T42/><D110/><N who="2" m="41994" /><F118/><W33/><G0/><T99/><D58/><U96/><E113/><V30/><F30/><W89/><G115/><T5/><D59/><N who="1" m="33271" /><E1/><V130/><F130/><W103/><G39/><T86/><D86/><U132/><E96/><V51/><F90/><W16/><G129/><T61/><D5/><U7/><E7/><V131/><F18/><W45/><G45/><T2/><D2/><U52/><E117/><V57/><F131/><W121/><G121/><T70/><D70/><U64/><E52/><V37/><F37/><W100/><G125/><T128/><D128/><U122/><E132/><V34/><F34/><W74/><G76/><T114/><D114/><U104/><E104/><V6/><F6/><W12/><G33/><T82/><D91/><U134/><E134/><V62/><F51/><W69/><G24/><N who="0" m="18535" /><D123/><U48/><E48/><V87/><AGARI ba="1,0" hai="10,11,20,22,23,53,57,62,78,80,87" m="41994" machi="87" ten="30,3000,0" yaku="14,1,10,1" doraHai="28" who="2" fromWho="2" sc="193,-11,353,-11,248,33,206,-11" /><INIT seed="2,2,0,4,5,116" ten="182,342,281,195" oya="2" hai0="4,110,17,98,108,58,111,128,5,42,32,79,48" hai1="132,71,134,37,96,18,57,54,82,11,45,19,80" hai2="3,89,117,28,59,99,23,41,112,67,127,107,36" hai3="113,130,86,24,2,46,122,97,26,100,22,1,118"/><V92/><F117/><W7/><G122/><T77/><D128/><U47/><E71/><V20/><F112/><W120/><G120/><T62/><D32/><U94/><E82/><V33/><F3/><W38/><G118/><T126/><D126/><U14/><E80/><V30/><F107/><W35/><G130/><T115/><D115/><U51/><E19/><V60/><F127/><W131/><G131/><T66/><D17/><U65/><E65/><V56/><F36/><W83/><G35/><T125/><D98/><U53/><E37/><V124/><F41/><W133/><G133/><N who="1" m="51306" /><E53/><V12/><F124/><W49/><G38/><T114/><D114/><U10/><E10/><V104/><F104/><W0/><G7/><N who="0" m="2635" /><D125/><U72/><E72/><V101/><F30/><W8/><G8/><T69/><D69/><U61/><E61/><V73/><F73/><W25/><G113/><T121/><D121/><U135/><E135/><V15/><F67/><W88/><G22/><T40/><D40/><U93/><E93/><N who="2" m="58607" /><F33/><W55/><REACH who="3" step="1"/><G0/><REACH who="3" ten="182,342,281,185" step="2"/><T85/><D110/><U9/><E11/><V34/><F34/><W75/><G75/><T95/><D108/><U52/><E54/><V43/><F43/><W39/><G39/><T13/><D111/><U106/><E106/><AGARI ba="2,1" hai="1,2,24,25,26,46,49,55,83,86,88,97,100,106" machi="106" ten="40,2600,0" yaku="1,1,54,1,53,0" doraHai="116" doraHaiUra="64" who="3" fromWho="1" sc="182,0,342,-32,281,0,185,42" /><INIT seed="3,0,0,4,1,100" ten="182,310,281,227" oya="3" hai0="135,130,115,54,3,43,119,90,57,89,12,58,35" hai1="31,44,122,34,47,126,110,48,41,97,21,78,107" hai2="62,88,125,30,9,61,33,64,74,93,8,83,52" hai3="36,108,4,112,13,17,123,131,26,134,7,55,18"/><W42/><G112/><T76/><D119/><U72/><E122/><V32/><F125/><W23/><G123/><T28/><D3/><U10/><E34/><V19/><F74/><W37/><G131/><T114/><D130/><U79/><E72/><V46/><F83/><W104/><G104/><T102/><D135/><U45/><E126/><V75/><F75/><W71/><G71/><T91/><D76/><N who="1" m="29227" /><E107/><V65/><F30/><W118/><G118/><T121/><D121/><U94/><E10/><N who="2" m="4203" /><F32/><W15/><G108/><T50/><D43/><U68/><E68/><V40/><F19/><W1/><G134/><T39/><D39/><U95/><E95/><V109/><F33/><W70/><G70/><T113/><D12/><U51/><E51/><N who="2" m="27079" /><F109/><W14/><G1/><T120/><D120/><U73/><E73/><V53/><F62/><W16/><G55/><N who="2" m="21065" /><F61/><W124/><G124/><T56/><REACH who="0" step="1"/><D102/><REACH who="0" ten="172,310,281,227" step="2"/><U128/><E128/><V103/><F103/><W38/><REACH who="3" step="1"/><G42/><REACH who="3" ten="172,310,281,217" step="2"/><T84/><D84/><AGARI ba="0,2" hai="64,65,84,88,93" m="21065,27079,4203" machi="84" ten="30,3900,0" yaku="8,1,54,2" doraHai="100" who="2" fromWho="0" sc="172,-39,310,0,281,59,217,0" owari="133,-36.7,310,11.0,340,44.0,217,-18.3" /></mjloggm>