<mjloggm ver="2.3"><GO type="225" lobby="0"/><UN n0="%E3%81%B8%E3%82%80%E3%81%B8%E3%82%80%EF%BC%92%E5%8F%B7" n1="%E2%91%A3%E9%81%BF%E9%81%8A%E6%88%AF%E3%80%90%E6%9D%B1%E5%8D%97%E3%80%91" n2="%E3%83%9F%E3%83%AA%E3%83%80%E3%81%97%E3%82%88" n3="%E6%A1%9C%E8%8A%B1%E9%96%83%E3%80%85" dan="17,16,16,18" rate="2211.39,2114.66,2072.52,2248.35" sx="M,M,M,M"/><TAIKYOKU oya="0"/><INIT seed="0,0,0,4,3,66" ten="250,250,250,250" oya="0" hai0="19,79,96,63,111,5,80,110,116,49,88,127,75" hai1="32,14,13,0,74,94,55,60,10,71,120,105,114" hai2="40,118,95,108,68,85,84,54,134,86,64,48,24" hai3="65,11,100,82,124,113,78,41,51,16,52,62,133"/><T73/><D116/><U28/><E120/><V132/><F108/><N who="0" m="41514" /><D127/><U7/><E105/><V9/><F118/><W109/><G109/><T130/><D130/><U131/><E131/><V27/><F40/><W93/><G113/><T45/><D5/><U69/><E74/><V15/><F95/><W2/><G133/><N who="2" m="51305" /><F64/><W125/><G41/><N who="0" m="24751" /><D19/><U126/><E114/><V128/><F68/><W58/><G93/><N who="0" m="56359" /><D63/><U91/><E126/><N who="3" m="48746" /><G100/><T34/><D34/><U3/><E3/><V67/><F128/><W30/><G30/><T97/><D97/><U56/><E28/><V112/><F112/><W83/><G2/><T104/><D104/><U123/><E32/><V115/><F115/><W17/><G11/><T43/><D43/><U70/><REACH who="1" step="1"/><E123/><REACH who="1" ten="250,240,250,250" step="2"/><V50/><F9/><W46/><G83/><T77/><D77/><U122/><E122/><V135/><F135/><W4/><G4/><T23/><D23/><U33/><E33/><V72/><F72/><AGARI ba="0,1" hai="16,17,46,51,52,58,62,65,72,78,82" m="48746" machi="72" ten="30,3900,0" yaku="18,1,54,2" doraHai="66" who="3" fromWho="2" sc="250,0,240,0,250,-39,250,49" /><AGARI ba="0,0" hai="72,73,75,79,80" m="56359,24751,41514" machi="72" ten="30,5800,0" yaku="14,1,10,1,54,1" doraHai="66" who="0" fromWho="2" sc="250,58,240,0,211,-58,299,0" /><INIT seed="0,1,0,1,3,6" ten="308,240,153,299" oya="0" hai0="58,106,83,28,96,20,78,25,27,126,66,74,57" hai1="8,61,89,39,81,29,34,103,70,101,135,105,37" hai2="116,77,91,129,5,13,82,60,123,102,62,119,48" hai3="125,93,109,133,26,31,130,16,84,51,0,115,63"/><T44/><D126/><U80/><E135/><V4/><F123/><W35/><G115/><T72/><D72/><U32/><E89/><V33/><F33/><W104/><G104/><T15/><D66/><U56/><E70/><V65/><F129/><W1/><G130/><T19/><D44/><U24/><E34/><V18/><F102/><W49/><G125/><T122/><D122/><U110/><E110/><V22/><F91/><W111/><G63/><T36/><D36/><U90/><E81/><V86/><F48/><N who="3" m="18507" /><G133/><T47/><D47/><U124/><E124/><V52/><F62/><W114/><G114/><T9/><REACH who="0" step="1"/><D27/><REACH who="0" ten="298,240,153,299" step="2"/><U98/><E39/><V53/><F65/><W59/><G111/><T67/><D67/><U127/><E37/><V38/><F38/><W79/><G26/><T121/><D121/><U42/><E127/><V113/><F113/><W45/><G45/><T76/><D76/><U50/><E24/><V17/><F77/><W43/><G79/><T112/><D112/><U97/><E42/><V69/><F119/><W2/><G43/><T71/><D71/><U117/><E117/><V68/><F69/><W134/><G109/><T3/><D3/><U64/><E64/><V23/><F116/><W14/><G134/><T120/><D120/><U131/><E131/><V12/><F68/><W55/><G1/><T132/><D132/><U95/><E56/><N who="2" m="34823" /><F53/><W73/><G73/><T128/><D128/><U41/><E41/><V108/><F108/><W107/><G55/><T40/><D40/><U75/><E75/><V46/><F46/><W94/><G59/><RYUUKYOKU ba="1,1" sc="298,15,240,-15,153,15,299,-15" hai0="9,15,19,20,25,28,57,58,74,78,83,96,106" hai2="4,5,12,13,17,18,22,23,82,86" /><INIT seed="0,2,1,0,3,86" ten="313,225,168,284" oya="0" hai0="36,48,82,3,4,93,73,59,67,31,66,78,132" hai1="99,45,129,117,91,112,52,118,123,43,72,102,38" hai2="131,124,85,20,104,34,37,32,39,110,100,41,116" hai3="77,69,54,8,128,17,80,101,113,9,28,88,29"/><T76/><D132/><U92/><E123/><V11/><F110/><W119/><G113/><T10/><D36/><U107/><E112/><V120/><F120/><W0/><G119/><T7/><D7/><U55/><E72/><V51/><F116/><W97/><G69/><T87/><D31/><U105/><E105/><V103/><F131/><W111/><G111/><T61/><D48/><U84/><E129/><V81/><F124/><W108/><G108/><T13/><D3/><U65/><E65/><V56/><F11/><W109/><G101/><T74/><D93/><U49/><E55/><V44/><F20/><W96/><G96/><T134/><D134/><U25/><E25/><V60/><F37/><W21/><G54/><T94/><D67/><U115/><E115/><V79/><F39/><W62/><G62/><T27/><D78/><U58/><AGARI ba="2,1" hai="38,43,45,49,52,58,84,91,92,99,102,107,117,118" machi="58" ten="20,5200,0" yaku="0,1,7,1,52,1,54,1" doraHai="86" who="1" fromWho="1" sc="313,-28,225,68,168,-15,284,-15" /><INIT seed="1,0,0,0,4,62" ten="285,293,153,269" oya="1" hai0="56,124,15,85,51,18,29,106,59,89,131,111,113" hai1="104,118,17,1,94,31,21,125,2,14,20,103,65" hai2="110,19,34,45,95,68,8,7,54,121,123,10,84" hai3="11,122,101,43,28,97,120,108,36,114,87,105,40"/><U99/><E118/><V24/><F110/><W117/><G114/><T90/><D113/><U4/><E125/><V88/><F68/><W78/><G108/><T92/><D106/><U13/><E104/><V41/><F54/><W61/><G117/><T35/><D111/><U107/><E107/><V58/><F58/><W38/><G28/><T25/><D124/><U9/><E65/><V70/><F70/><W22/><G22/><T66/><D131/><U42/><E42/><V76/><F76/><W72/><G72/><T3/><D3/><U44/><E44/><V127/><F127/><W26/><G26/><T57/><D66/><U75/><E75/><V133/><F133/><W60/><G11/><T63/><D63/><N who="3" m="24137" /><G87/><T33/><D33/><U64/><E64/><V119/><F119/><W37/><G78/><T73/><D73/><U130/><E130/><V79/><F79/><W32/><G32/><T86/><D51/><U77/><E77/><V50/><F10/><W134/><G134/><T112/><D112/><U23/><E31/><V12/><REACH who="2" step="1"/><F34/><REACH who="2" ten="285,293,143,269" step="2"/><W16/><G43/><T46/><D46/><U48/><E48/><V109/><F109/><W71/><G71/><T6/><D59/><U67/><E67/><V115/><F115/><W129/><G40/><T30/><D56/><U98/><E2/><V74/><F74/><W47/><G129/><T81/><D57/><U102/><E1/><V0/><F0/><W27/><G47/><T80/><D35/><U83/><E9/><V55/><F55/><W93/><G105/><T91/><D91/><U135/><E135/><RYUUKYOKU ba="0,1" sc="285,-15,293,-15,143,15,269,15" hai2="7,8,12,19,24,41,45,50,84,88,95,121,123" hai3="16,27,36,37,38,93,97,101,120,122" /><INIT seed="2,1,1,0,4,22" ten="270,278,158,284" oya="2" hai0="23,116,56,135,85,79,15,26,38,14,124,9,51" hai1="68,101,28,12,20,82,11,36,43,97,132,96,47" hai2="58,46,120,128,13,117,18,71,33,35,106,45,17" hai3="30,130,41,70,81,72,7,31,6,111,57,73,5"/><V60/><F120/><W40/><G70/><T133/><D38/><U100/><E68/><V98/><F117/><W61/><G111/><T63/><D51/><U54/><E132/><N who="0" m="50761" /><D116/><U59/><E82/><V78/><F128/><W115/><G130/><T50/><D50/><U62/><E28/><N who="3" m="10794" /><G73/><T99/><D99/><U34/><E20/><V113/><F71/><W112/><G81/><N who="0" m="47295" /><D124/><U39/><E34/><V95/><F113/><N who="3" m="43595" /><G72/><T125/><D125/><U119/><E119/><V121/><F106/><W92/><G92/><T3/><D3/><U67/><E39/><V91/><F78/><W52/><AGARI ba="1,1" hai="5,6,7,40,41,52,57,61" m="43595,10794" machi="52" ten="40,2700,0" yaku="11,1,54,1" doraHai="22" who="3" fromWho="3" sc="270,-8,278,-8,158,-14,284,40" /><INIT seed="3,0,0,0,3,2" ten="262,270,144,324" oya="3" hai0="26,5,134,79,28,44,35,53,99,119,54,29,102" hai1="83,68,86,131,55,112,1,77,122,46,11,117,105" hai2="97,71,62,73,87,89,95,17,66,18,124,116,15" hai3="36,110,103,24,69,34,60,20,90,129,19,130,64"/><W37/><G110/><T41/><D119/><U125/><E117/><V6/><F73/><W127/><G127/><T56/><D134/><U118/><E122/><V10/><F116/><W4/><G4/><T33/><D79/><U42/><E118/><V13/><F124/><W16/><G103/><T65/><D65/><U47/><E125/><V88/><REACH who="2" step="1"/><F15/><REACH who="2" ten="262,270,134,324" step="2"/><W115/><G130/><T80/><D33/><U38/><E131/><V8/><F8/><W108/><G129/><T63/><D35/><U107/><E112/><V58/><F58/><W94/><G34/><T22/><D56/><U111/><E68/><V100/><F100/><W14/><G115/><T98/><D102/><U3/><E3/><V126/><F126/><W72/><G72/><T113/><D113/><U7/><E111/><V50/><F50/><W45/><G108/><T32/><D32/><U109/><E109/><V132/><F132/><W101/><G101/><T9/><D9/><U96/><E11/><V76/><F76/><W12/><G12/><T0/><D0/><U74/><E1/><V67/><F67/><W92/><G36/><T70/><D70/><U30/><E38/><V114/><F114/><W84/><G37/><T23/><D23/><U51/><E77/><V121/><F121/><W25/><G14/><T106/><D22/><U49/><E74/><V85/><F85/><W104/><G20/><T81/><D44/><U40/><E47/><V128/><F128/><W78/><G45/><T43/><D63/><U57/><E46/><V135/><F135/><W120/><G69/><T27/><D5/><RYUUKYOKU ba="0,1" sc="262,15,270,-15,134,15,324,-15" hai0="26,27,28,29,41,43,53,54,80,81,98,99,106" hai2="6,10,13,17,18,62,66,71,87,88,89,95,97" owari="277,7.7,255,-14.5,149,-35.1,319,41.9" /></mjloggm>