<mjloggm ver="2.3"><GO type="225" lobby="0"/><UN n0="%E3%82%B2%E3%82%B9%E8%8C%82%E5%8B%9D" n1="%E3%81%86%E3%83%BC%E3%81%B1%E3%83%BC" n2="%E3%81%BF%E3%81%BF%E3%81%9A" n3="%E3%81%82%E3%81%99%E3%81%AB%E3%82%83%E3%82%80" dan="16,16,16,16" rate="2041.75,2143.34,2128.83,2123.36" sx="F,F,M,F"/><TAIKYOKU oya="0"/><INIT seed="0,0,0,0,3,96" ten="250,250,250,250" oya="0" hai0="68,16,98,116,36,43,76,117,15,83,60,34,99" hai1="105,135,111,65,131,47,75,101,29,8,59,35,22" hai2="45,126,119,74,37,56,10,32,39,48,0,93,49" hai3="115,88,66,55,80,82,46,108,5,11,52,1,18"/><T123/><D123/><U54/><E75/><V64/><F74/><W53/><G115/><T95/><D34/><U103/><E105/><V104/><F104/><W31/><G31/><T28/><D28/><U121/><E35/><V107/><F107/><W118/><G118/><T12/><D12/><U3/><E121/><V113/><F32/><W86/><G108/><T58/><D68/><U57/><E111/><V44/><F113/><W4/><G66/><T6/><D6/><U90/><E8/><V94/><F119/><W9/><G18/><T25/><D25/><N who="1" m="16567" /><E3/><V125/><F10/><W2/><REACH who="3" step="1"/><G80/><REACH who="3" ten="250,250,250,240" step="2"/><T92/><D116/><U30/><E30/><V109/><F109/><W14/><G14/><T132/><D117/><U89/><E65/><V41/><F0/><W79/><G79/><T106/><D16/><U33/><E33/><V51/><F94/><W71/><G71/><T27/><D15/><U69/><E69/><V70/><F93/><W102/><G102/><N who="1" m="38922" /><E131/><V62/><F70/><W122/><G122/><T73/><D92/><U130/><E130/><V13/><F13/><W21/><G21/><T61/><D95/><U77/><E77/><V97/><F97/><W112/><G112/><T81/><D98/><U128/><E128/><V23/><F23/><W91/><G91/><N who="1" m="34826" /><E135/><V114/><F114/><W20/><G20/><T87/><D132/><U24/><E24/><V38/><F125/><W7/><G7/><T72/><D27/><U17/><E17/><V124/><F126/><W134/><G134/><T84/><D99/><U78/><E78/><V19/><F124/><RYUUKYOKU ba="0,1" sc="250,-15,250,15,250,-15,240,15" hai1="47,54,57,59" hai3="1,2,4,5,9,11,46,52,53,55,82,86,88" /><INIT seed="1,1,1,2,3,61" ten="235,265,235,255" oya="1" hai0="14,99,56,107,18,69,101,122,110,131,46,55,132" hai1="58,30,12,100,83,41,31,97,94,27,118,89,54" hai2="50,84,68,128,80,4,66,87,65,9,70,23,43" hai3="33,134,44,135,8,37,1,130,48,123,25,34,24"/><U117/><E41/><V57/><F128/><W73/><G37/><T120/><D110/><U112/><E112/><V13/><F87/><W5/><G73/><T19/><D131/><U91/><E12/><V67/><F23/><W75/><G75/><T10/><D132/><N who="3" m="50729" /><G123/><N who="0" m="47147" /><D69/><U60/><E31/><V129/><F129/><W103/><G103/><T90/><D46/><U126/><E126/><V42/><F42/><N who="3" m="24599" /><G130/><T108/><D108/><U47/><E47/><N who="2" m="25983" /><F57/><W121/><G121/><T111/><D111/><U2/><E2/><V102/><F102/><W133/><N who="3" m="50737" /><W0/><DORA hai="20" /><G0/><T77/><D77/><AGARI ba="1,1" hai="4,9,13,65,66,67,68,70,77,80,84" m="25983" machi="77" ten="30,7700,0" yaku="25,1,52,3" doraHai="61,20" who="2" fromWho="0" sc="235,-80,265,0,235,90,255,0" /><INIT seed="2,0,0,5,4,125" ten="155,265,325,255" oya="2" hai0="4,68,32,28,22,101,35,8,13,109,7,26,10" hai1="5,116,95,61,86,18,60,71,52,108,76,135,123" hai2="89,112,117,57,88,99,114,75,78,119,118,19,97" hai3="100,6,40,107,30,98,122,50,16,69,11,130,66"/><V96/><F19/><W21/><G130/><T121/><D68/><U70/><E116/><V41/><F41/><W87/><G122/><T81/><D101/><U129/><E5/><V133/><F57/><W47/><G30/><T56/><D81/><U103/><E123/><V20/><F20/><W92/><G66/><T79/><D79/><U106/><E108/><V29/><F29/><W39/><G69/><T91/><D91/><N who="2" m="34890" /><F133/><W1/><G87/><T59/><D56/><U111/><E135/><V58/><F58/><W83/><G83/><AGARI ba="0,0" hai="75,78,83,96,97,99,112,114,117,118,119" m="34890" machi="83" ten="40,7700,0" yaku="34,2,54,1" doraHai="125" who="2" fromWho="3" sc="155,0,265,0,325,77,255,-77" /><INIT seed="2,1,0,2,3,16" ten="155,265,402,178" oya="2" hai0="135,33,12,102,85,113,129,66,106,99,121,122,95" hai1="54,64,94,133,18,109,124,14,65,72,78,27,111" hai2="117,15,43,91,101,36,92,10,97,90,132,130,61" hai3="31,110,25,93,55,3,8,127,17,119,126,11,118"/><V59/><F117/><N who="3" m="44555" /><G55/><T46/><D113/><U28/><E124/><N who="3" m="47658" /><G93/><T50/><D129/><U96/><E133/><V42/><F132/><W9/><G110/><N who="1" m="41994" /><E54/><V76/><F76/><W73/><G73/><T7/><D135/><U29/><E78/><V134/><F130/><W60/><G60/><T34/><D66/><N who="1" m="25707" /><E27/><V37/><F37/><W23/><G3/><T22/><D121/><U38/><E72/><V83/><F36/><W0/><G0/><T58/><D122/><U47/><E47/><V89/><F83/><W71/><G71/><T75/><D75/><U4/><E4/><N who="2" m="3527" /><F134/><W87/><G87/><T116/><D116/><U108/><E38/><V103/><F101/><W70/><G70/><T41/><D58/><U84/><E84/><V62/><F62/><W125/><N who="3" m="47666" /><W51/><DORA hai="79" /><G51/><T45/><D85/><U30/><E108/><V82/><F82/><W112/><G112/><T49/><D106/><U86/><E86/><V1/><F1/><W98/><G98/><T105/><D105/><U44/><E44/><V32/><F61/><W39/><G39/><T6/><D45/><U40/><E40/><V123/><F90/><W57/><G57/><T67/><D67/><U53/><E53/><V104/><F89/><W21/><G8/><T80/><D50/><U69/><E69/><V48/><F104/><W68/><G68/><T115/><D80/><U81/><E81/><V13/><F59/><W19/><G31/><T88/><D102/><N who="1" m="60695" /><E30/><V131/><F103/><W24/><AGARI ba="1,0" hai="9,11,17,19,21,23,24,25" m="47666,44555" machi="24" ten="50,8000,1" yaku="18,1,34,2,52,2" doraHai="16,79" who="3" fromWho="3" sc="155,-21,265,-21,402,-41,178,83" /><INIT seed="3,0,0,3,3,28" ten="134,244,361,261" oya="3" hai0="82,24,50,110,27,128,36,53,104,102,91,38,31" hai1="133,79,45,95,71,13,41,4,74,40,15,120,134" hai2="132,48,92,56,43,63,87,52,46,84,47,57,78" hai3="21,6,96,117,73,51,26,76,126,108,0,107,77"/><W112/><G112/><T119/><D110/><U3/><E120/><V11/><F132/><N who="1" m="50793" /><E71/><V121/><F121/><W85/><G126/><T80/><D128/><U75/><E41/><V49/><F11/><W55/><G117/><T118/><D102/><U113/><E113/><V22/><F78/><W25/><G73/><T5/><D104/><U69/><E69/><V105/><F105/><W129/><G26/><T30/><D5/><U135/><N who="1" m="50801" /><U54/><DORA hai="60" /><E54/><N who="2" m="31815" /><F47/><W90/><G129/><T124/><D53/><U42/><E42/><V101/><F22/><W94/><G6/><T44/><D50/><U39/><E95/><V68/><F68/><W72/><G0/><T109/><D91/><U67/><E67/><V97/><AGARI ba="0,0" hai="43,46,49,52,57,63,84,87,92,97,101" m="31815" machi="97" ten="30,2000,0" yaku="8,1,54,1" doraHai="28,60" who="2" fromWho="2" sc="134,-5,244,-5,361,20,261,-10" owari="129,-37.1,239,-16.1,381,48.1,251,5.1" /></mjloggm>