<mjloggm ver="2.3"><GO type="225" lobby="0"/><UN n0="%72%69%6F%75%63%68%61%6E" n1="%E3%83%B4%E3%83%A0%EF%BC%99%E3%81%A6" n2="%E7%88%86%E8%A3%82%E9%83%BD%E5%B8%82%EF%BD%9E" n3="%E9%BB%92%E9%89%84%E7%8F%A0%E9%9B%AB" dan="17,16,16,16" rate="2161.58,2148.61,2111.55,2164.80" sx="M,M,M,F"/><TAIKYOKU oya="0"/><INIT seed="0,0,0,4,5,87" ten="250,250,250,250" oya="0" hai0="130,84,94,85,106,4,9,49,25,70,1,8,122" hai1="54,72,38,119,113,12,10,3,32,14,134,65,6" hai2="67,101,62,39,92,44,77,82,34,115,53,88,20" hai3="61,90,78,50,121,100,132,11,47,81,80,129,18"/><T46/><D130/><U123/><E123/><V40/><F115/><W5/><G129/><T96/><D122/><U30/><E119/><V56/><F34/><W89/><G132/><T95/><D70/><U124/><E65/><V48/><F20/><W99/><G121/><T19/><D106/><U37/><E37/><V91/><F101/><W104/><G61/><T125/><D125/><U128/><E124/><V110/><F92/><W41/><G18/><T111/><D111/><U58/><E38/><V114/><F114/><W51/><G51/><T118/><D118/><U109/><E72/><V31/><F31/><W97/><G97/><T76/><D76/><U68/><E68/><N who="2" m="42103" /><F110/><W133/><G133/><T35/><D95/><U17/><E128/><V107/><F107/><W55/><G55/><T36/><D36/><U86/><E109/><V59/><F56/><W22/><G22/><T112/><D112/><U102/><E58/><V57/><F57/><W103/><G103/><T2/><D35/><U24/><E102/><V126/><F126/><W26/><G26/><T66/><D66/><U33/><E33/><V69/><F69/><W127/><G127/><T108/><D108/><U98/><E113/><V73/><AGARI ba="0,0" hai="39,40,44,48,53,59,73,77,82,88,91" m="42103" machi="73" ten="30,7900,0" yaku="24,1,52,2,54,1" doraHai="87" who="2" fromWho="2" sc="250,-39,250,-20,250,79,250,-20" /><INIT seed="1,0,0,1,3,29" ten="211,230,329,230" oya="1" hai0="112,67,116,124,110,97,9,10,132,109,21,85,93" hai1="89,131,69,14,43,42,17,68,90,95,92,60,102" hai2="53,63,127,101,91,56,65,107,16,104,18,100,118" hai3="45,32,82,135,72,74,108,47,30,49,57,0,34"/><U55/><E131/><V125/><F118/><W70/><G70/><T33/><D124/><N who="2" m="47690" /><F91/><W31/><G0/><T7/><D132/><U98/><E69/><V1/><F1/><W71/><G71/><T111/><D112/><U25/><E25/><V54/><F54/><W2/><G2/><T62/><D116/><U12/><E102/><N who="2" m="39531" /><F65/><W6/><G6/><T59/><D33/><U134/><E134/><V40/><F40/><W114/><G114/><T24/><D85/><U106/><E106/><AGARI ba="0,0" hai="16,18,53,56,63,104,106,107" m="39531,47690" machi="106" ten="30,2000,0" yaku="18,1,54,1" doraHai="29" who="2" fromWho="1" sc="211,0,230,-20,329,20,230,0" /><INIT seed="2,0,0,4,4,45" ten="211,210,349,230" oya="2" hai0="120,67,52,135,88,64,131,34,20,78,85,23,115" hai1="134,14,74,83,107,76,27,75,6,124,9,57,127" hai2="86,44,43,51,21,72,117,56,80,53,112,87,108" hai3="77,49,103,15,111,66,63,132,133,58,73,48,61"/><V46/><F112/><W24/><G111/><T119/><D120/><U95/><E107/><V13/><F117/><W94/><G73/><T12/><D115/><U101/><E134/><N who="3" m="51818" /><G77/><T82/><D135/><U35/><E74/><V55/><F108/><W106/><G106/><T7/><D34/><U17/><E57/><V50/><F72/><W5/><G24/><T62/><D119/><U98/><E17/><N who="2" m="10415" /><F80/><W110/><G110/><T31/><D131/><U122/><E122/><V128/><F128/><W26/><G26/><N who="0" m="16839" /><D78/><U4/><REACH who="1" step="1"/><E6/><REACH who="1" ten="211,200,349,230" step="2"/><V126/><F126/><W59/><G5/><T105/><D105/><U1/><E1/><V79/><F79/><W36/><G15/><T2/><D2/><U68/><E68/><V39/><F39/><W10/><G36/><T116/><D116/><U130/><E130/><V92/><F92/><W84/><G10/><N who="0" m="4191" /><D23/><U104/><E104/><V33/><F33/><W28/><G28/><AGARI ba="0,1" hai="4,9,14,27,28,35,75,76,83,95,98,101,124,127" machi="28" ten="40,2600,0" yaku="1,1,53,1" doraHai="45" doraHaiUra="11" who="1" fromWho="3" sc="211,0,200,36,349,0,230,-26" /><INIT seed="3,0,0,3,0,97" ten="211,236,349,204" oya="3" hai0="39,105,119,49,42,57,45,79,51,123,92,60,10" hai1="47,78,125,122,68,31,4,19,120,23,64,7,91" hai2="127,61,41,129,108,83,133,86,50,35,130,24,102" hai3="69,131,16,88,134,93,72,101,13,9,74,20,17"/><W48/><G69/><T117/><D105/><U116/><E78/><V59/><F102/><W124/><G124/><T22/><D79/><U109/><E125/><V100/><F108/><W80/><G134/><T110/><D92/><U85/><E109/><V104/><F100/><W56/><G131/><N who="2" m="50185" /><F104/><W62/><G48/><N who="0" m="18507" /><D22/><U11/><E47/><V132/><F50/><W32/><G32/><T46/><D10/><U40/><E23/><V2/><F41/><W114/><G114/><T89/><D89/><U75/><E91/><V103/><F103/><W71/><G71/><T106/><D106/><U67/><E68/><V84/><F2/><W113/><G113/><T29/><D29/><U44/><E31/><N who="2" m="19943" /><F127/><W30/><G30/><T28/><D28/><U33/><E33/><V95/><F95/><W21/><G101/><T55/><D110/><U43/><E43/><V52/><F86/><W0/><G0/><T12/><D46/><U81/><E44/><V135/><F135/><W54/><G80/><T5/><D123/><U77/><E120/><V66/><F83/><W53/><G53/><T36/><D36/><U65/><E122/><V73/><F73/><W90/><G90/><T98/><D98/><U37/><E75/><V15/><F133/><W25/><G21/><T87/><D87/><AGARI ba="0,0" hai="9,13,16,17,20,25,54,56,62,72,74,87,88,93" machi="87" ten="30,5800,0" yaku="7,1,54,2" doraHai="97" who="3" fromWho="0" sc="211,-58,236,0,349,0,204,58" /><INIT seed="3,1,0,4,0,63" ten="153,236,349,262" oya="3" hai0="27,80,44,75,24,52,71,127,114,123,83,70,97" hai1="3,130,6,81,116,76,49,16,7,43,61,28,4" hai2="23,58,126,111,5,41,46,19,113,129,60,106,74" hai3="26,1,103,25,118,79,85,59,36,55,13,109,15"/><W38/><G118/><T101/><D123/><U125/><E116/><V133/><F113/><W73/><G1/><T54/><D75/><U91/><E125/><V132/><F126/><W67/><G73/><T122/><D127/><U51/><E130/><V53/><F129/><W39/><G103/><T117/><D117/><U82/><E28/><V115/><F115/><W14/><G109/><T17/><D114/><U20/><E3/><V124/><F124/><W50/><G79/><T110/><D122/><U56/><E91/><V29/><F74/><W48/><G85/><T2/><D2/><U33/><E33/><V121/><F121/><W99/><G99/><T134/><D110/><U68/><E68/><V57/><F111/><W47/><REACH who="3" step="1"/><G67/><REACH who="3" ten="153,236,349,252" step="2"/><T128/><D128/><U35/><E76/><V104/><F133/><W94/><G94/><T62/><D134/><U34/><E81/><V40/><F132/><W11/><G11/><T95/><D80/><U77/><E82/><V10/><F106/><W105/><G105/><T84/><D83/><U31/><E77/><V88/><F104/><W119/><G119/><T45/><D84/><U92/><E92/><V135/><F135/><W100/><G100/><T12/><D54/><AGARI ba="1,1" hai="13,14,15,25,26,36,38,39,47,48,50,54,55,59" machi="54" ten="50,2400,0" yaku="1,1,53,0" doraHai="63" doraHaiUra="120" who="3" fromWho="0" sc="153,-27,236,0,349,0,252,37" /><INIT seed="3,2,0,1,2,54" ten="126,236,349,289" oya="3" hai0="127,24,19,47,96,65,62,134,22,115,124,20,128" hai1="85,133,49,126,131,37,122,89,87,16,12,92,78" hai2="52,46,15,13,56,83,21,132,70,40,64,35,86" hai3="14,5,43,25,17,111,125,107,67,82,28,76,69"/><W114/><G114/><T50/><D128/><U39/><E122/><V84/><F35/><W88/><G107/><T61/><D115/><U104/><E104/><V0/><F0/><W31/><G5/><T36/><D134/><U2/><E2/><V66/><F132/><W7/><G7/><T3/><D36/><U9/><E133/><V112/><F112/><W109/><G43/><T26/><D3/><U4/><E126/><V55/><F55/><W130/><G130/><T32/><D32/><U77/><E131/><V113/><F70/><W30/><G125/><T91/><D127/><U98/><E4/><V45/><F45/><W23/><G69/><T48/><D124/><U57/><E39/><V27/><F84/><N who="1" m="32329" /><E37/><V68/><F113/><W6/><G67/><N who="2" m="25641" /><F46/><W18/><G6/><T117/><D117/><U118/><E118/><V59/><F40/><W102/><G102/><T129/><D129/><U121/><E121/><V108/><F59/><W105/><G105/><T95/><D65/><U8/><E9/><V41/><F41/><W81/><G76/><T103/><D103/><U119/><E119/><V53/><F53/><AGARI ba="2,0" hai="8,12,16,49,53,57,77,78,89,92,98" m="32329" machi="53" ten="30,3900,0" yaku="8,1,52,1,54,1" doraHai="54" who="1" fromWho="2" sc="126,0,236,45,349,-45,289,0" owari="126,-37.4,281,-11.9,304,40.4,289,8.9" /></mjloggm>