<mjloggm ver="2.3"><GO type="225" lobby="0"/><UN n0="%E2%91%A3%E9%81%BF%E9%81%8A%E6%88%AF%E3%80%90%E6%9D%B1%E5%8D%97%E3%80%91" n1="%E3%83%A1%E3%82%AC%E3%83%87%E3%82%B8" n2="%48%61%61%61%6C%61%6E%64" n3="%E3%81%99%E3%81%84%E3%81%BE%E3%81%9B%E3%83%BC%E3%82%93" dan="16,16,17,16" rate="2127.74,2083.49,2174.10,2137.05" sx="M,F,M,M"/><TAIKYOKU oya="0"/><INIT seed="0,0,0,2,0,68" ten="250,250,250,250" oya="0" hai0="122,113,131,45,69,81,7,101,48,109,65,130,107" hai1="56,99,121,62,79,89,73,115,97,71,133,67,129" hai2="132,116,17,24,102,3,85,58,78,75,57,27,11" hai3="15,39,54,110,64,104,118,49,28,2,0,112,52"/><T126/><D107/><U59/><E121/><V61/><F75/><W29/><G118/><T134/><D101/><U60/><E129/><N who="0" m="49161" /><D81/><U111/><E111/><V35/><F116/><W34/><G112/><T47/><D7/><U18/><E133/><V96/><F132/><W128/><G104/><T100/><D100/><U125/><E125/><V37/><F35/><W38/><G34/><T98/><D98/><U30/><E30/><V103/><F103/><W106/><G106/><T127/><D134/><U44/><E79/><V95/><F78/><W41/><G128/><T88/><D88/><U55/><E73/><V90/><F85/><W13/><G110/><T86/><D86/><U92/><E115/><V123/><F90/><W117/><G117/><T4/><D4/><U120/><E120/><V46/><F123/><W43/><G64/><T77/><D77/><U33/><E33/><V25/><F95/><W94/><G49/><T42/><D122/><U14/><E71/><V50/><F50/><W74/><G74/><T21/><D21/><N who="1" m="11479" /><E44/><V19/><F46/><W8/><G94/><T5/><D5/><U31/><E31/><V51/><F102/><W80/><REACH who="3" step="1"/><G8/><REACH who="3" ten="250,250,250,240" step="2"/><T76/><D109/><U63/><E62/><V72/><F61/><W84/><G84/><AGARI ba="0,1" hai="55,56,59,60,63,67,84,89,92,97,99" m="11479" machi="84" ten="30,1000,0" yaku="8,1" doraHai="68" who="1" fromWho="3" sc="250,0,250,20,250,0,240,-10" /><INIT seed="1,0,0,5,1,125" ten="250,270,250,230" oya="1" hai0="111,71,105,67,23,116,59,130,122,120,34,108,9" hai1="129,39,21,35,68,101,45,115,25,65,102,103,17" hai2="124,7,98,117,97,80,16,47,43,46,1,14,119" hai3="64,86,79,73,96,8,75,112,11,88,114,131,22"/><U19/><E115/><V58/><F124/><W99/><G64/><T36/><D59/><U94/><E35/><V53/><F1/><W55/><G22/><T6/><D67/><U123/><E123/><V83/><F7/><W76/><G55/><T27/><D71/><U40/><E94/><V31/><F31/><W135/><G135/><T93/><D36/><U107/><E107/><V113/><F113/><W109/><G86/><T13/><D105/><U38/><E38/><V110/><F110/><N who="0" m="42026" /><D93/><U28/><REACH who="1" step="1"/><E129/><REACH who="1" ten="250,260,250,230" step="2"/><V33/><F33/><W60/><G109/><T57/><D130/><U78/><E78/><V95/><F117/><W134/><G134/><T49/><D34/><U84/><E84/><V127/><F119/><W29/><G131/><T50/><D116/><U20/><E20/><N who="2" m="11287" /><F127/><W87/><G87/><T63/><D122/><U52/><E52/><V74/><F98/><W41/><G99/><T66/><D120/><U54/><E54/><V118/><F118/><W121/><G96/><T48/><D48/><U77/><E77/><V24/><F97/><W104/><G104/><T5/><D5/><U92/><E92/><V90/><F95/><W42/><G121/><T56/><D56/><U4/><E4/><V26/><F58/><W69/><G69/><T89/><D89/><U18/><E18/><AGARI ba="0,1" hai="6,9,13,18,23,27,49,50,57,63,66" m="42026" machi="18" ten="30,1000,0" yaku="14,1" doraHai="125" who="0" fromWho="1" sc="250,20,260,-10,250,0,230,0" /><INIT seed="2,0,0,2,5,103" ten="270,250,250,230" oya="2" hai0="108,23,100,88,82,39,18,56,78,62,106,120,80" hai1="123,95,52,134,93,49,1,27,41,89,71,20,65" hai2="135,58,32,16,3,110,87,63,4,24,99,118,11" hai3="64,101,61,10,0,9,44,54,77,90,8,30,21"/><V81/><F118/><W43/><G0/><T47/><D120/><U129/><E129/><V86/><F135/><W127/><G127/><T6/><D6/><U128/><E128/><V98/><F110/><W35/><G35/><T84/><D108/><U68/><E1/><V7/><F7/><W73/><G54/><T66/><D39/><U107/><E107/><V2/><F2/><W125/><G125/><T133/><D133/><U75/><E75/><V130/><F130/><W12/><G90/><T112/><D47/><U121/><E41/><V79/><F87/><W69/><G101/><T91/><D112/><U25/><E134/><V48/><F48/><W76/><G73/><T114/><D114/><U119/><E119/><V74/><F74/><W126/><G126/><T50/><D50/><U19/><E27/><V57/><F57/><W102/><G102/><T97/><D82/><U115/><E95/><V13/><F32/><W105/><G105/><T60/><D62/><U17/><E17/><V83/><F83/><W34/><G34/><T116/><D116/><U72/><E65/><N who="2" m="39159" /><F3/><W92/><G92/><T53/><REACH who="0" step="1"/><D66/><REACH who="0" ten="260,250,250,230" step="2"/><U40/><E115/><V117/><F117/><W15/><G44/><T42/><D42/><U104/><E40/><V46/><F46/><W22/><G43/><T31/><D31/><U113/><E113/><V51/><F51/><W111/><G111/><T26/><AGARI ba="0,1" hai="18,23,26,53,56,60,78,80,84,88,91,97,100,106" machi="26" ten="20,12000,2" yaku="1,1,0,1,7,1,52,1,54,1,53,1" doraHai="103" doraHaiUra="59" who="0" fromWho="0" sc="260,130,250,-30,250,-60,230,-30" /><INIT seed="3,0,0,1,0,72" ten="390,220,190,200" oya="3" hai0="118,116,66,15,113,34,122,46,3,23,29,80,5" hai1="7,25,42,45,82,18,53,28,47,130,84,36,112" hai2="114,27,31,78,110,127,32,13,22,128,79,14,106" hai3="50,107,115,134,4,111,35,21,71,109,57,24,90"/><W98/><G115/><T73/><D66/><U70/><E70/><V87/><F114/><W60/><G134/><T77/><D113/><U133/><E112/><V38/><F38/><W63/><G35/><T65/><D65/><U20/><E133/><V37/><F37/><W64/><G4/><T17/><D122/><U104/><E104/><V61/><F106/><W59/><G50/><T68/><D68/><U58/><E47/><V9/><F110/><N who="3" m="41995" /><G63/><T119/><D46/><U41/><E41/><V76/><F127/><W83/><G107/><T6/><D6/><U103/><E103/><V2/><F128/><W26/><G26/><N who="0" m="18743" /><D118/><U91/><E7/><N who="2" m="1271" /><F13/><W108/><N who="3" m="42003" /><W69/><DORA hai="92" /><G71/><T100/><D100/><U0/><E0/><V10/><F61/><W125/><G125/><T99/><D99/><U19/><E130/><V55/><F55/><W102/><G102/><T101/><D101/><U43/><E43/><V75/><F75/><W95/><G83/><T88/><D88/><U74/><E74/><V85/><F10/><AGARI ba="0,0" hai="3,5,10,15,17,23,73,77,80,116,119" m="18743" machi="10" ten="30,2000,0" yaku="24,1,52,1" doraHai="72,92" who="0" fromWho="2" sc="390,20,220,0,190,-20,200,0" owari="410,51.0,220,2.0,170,-33.0,200,-20.0" /></mjloggm>