<mjloggm ver="2.3"><GO type="225" lobby="0"/><UN n0="%E3%81%BF%E3%81%BF%E3%81%9A" n1="%47%32%E9%BE%8D%E9%96%80" n2="%E8%90%BD%E6%97%A5" n3="%79%6B%66%35%35%33%38%39" dan="17,16,19,16" rate="2269.49,2088.36,2242.94,2160.46" sx="M,M,F,M"/><TAIKYOKU oya="0"/><INIT seed="0,0,0,2,2,75" ten="250,250,250,250" oya="0" hai0="32,89,5,118,55,65,41,116,7,17,130,24,124" hai1="42,64,80,29,16,62,134,102,49,3,83,57,8" hai2="96,88,31,54,106,37,87,58,74,122,100,71,28" hai3="22,44,69,111,90,92,36,63,30,121,38,39,10"/><T131/><D41/><U9/><E134/><V40/><F71/><W4/><G111/><T95/><D65/><U27/><E102/><V113/><F122/><W34/><G34/><T104/><D104/><U114/><E114/><V1/><F1/><W56/><G69/><T82/><D82/><N who="1" m="31275" /><E3/><V11/><F74/><W60/><G121/><T70/><D70/><U6/><E6/><N who="0" m="2057" /><D55/><U18/><E29/><V85/><F11/><N who="1" m="4169" /><E27/><V125/><F125/><W108/><G108/><T93/><D124/><U98/><E98/><V126/><F126/><W45/><G30/><N who="0" m="19527" /><D95/><U129/><E129/><N who="0" m="49161" /><D17/><U105/><E105/><V97/><F113/><W77/><G92/><T43/><D43/><U66/><E64/><V117/><F40/><W25/><G4/><T59/><D59/><U53/><E42/><V12/><F37/><W0/><G56/><AGARI ba="0,0" hai="16,18,49,53,56,57,62,66" m="4169,31275" machi="56" ten="30,2000,0" yaku="8,1,54,1" doraHai="75" who="1" fromWho="3" sc="250,0,250,20,250,0,250,-20" /><INIT seed="1,0,0,3,1,5" ten="250,270,250,230" oya="1" hai0="65,49,15,129,78,10,42,127,22,58,60,94,26" hai1="88,64,71,62,67,69,75,121,32,34,21,131,109" hai2="118,76,31,89,41,8,119,35,123,126,112,111,84" hai3="86,16,12,36,70,0,98,122,46,81,106,14,132"/><U52/><E121/><V120/><F41/><W40/><G122/><N who="2" m="46633" /><F76/><W45/><G0/><T96/><D129/><U105/><E75/><V56/><F56/><W104/><G132/><T80/><D127/><U95/><E105/><V92/><F31/><W97/><G70/><T72/><D42/><U103/><E131/><V114/><F35/><W91/><G46/><T13/><D49/><U51/><E103/><V19/><F19/><W117/><G117/><N who="2" m="44553" /><F8/><W93/><G12/><T24/><D15/><U6/><E6/><V115/><F126/><W53/><G53/><T113/><D113/><U43/><E43/><V102/><F102/><W33/><G33/><T27/><D22/><U18/><E71/><V47/><F47/><W124/><G124/><T55/><D55/><U85/><E67/><V2/><F2/><W83/><G83/><T135/><D135/><U28/><E28/><V59/><F59/><W107/><REACH who="3" step="1"/><G81/><REACH who="3" ten="250,270,250,220" step="2"/><T37/><D37/><U90/><E69/><V82/><F82/><W101/><G101/><T39/><D39/><U20/><E52/><V87/><F87/><W63/><G63/><T44/><D44/><U108/><E62/><V77/><F77/><W23/><AGARI ba="0,1" hai="14,16,23,36,40,45,86,91,93,97,98,104,106,107" machi="23" ten="30,4000,0" yaku="1,1,0,1,54,1,53,0" doraHai="5" doraHaiUra="125" who="3" fromWho="3" sc="250,-10,270,-20,250,-10,220,50" /><INIT seed="2,0,0,4,5,39" ten="240,250,240,270" oya="2" hai0="115,110,121,17,82,88,98,56,85,63,55,81,14" hai1="51,62,113,50,3,23,87,84,96,126,28,1,76" hai2="43,79,30,99,53,112,64,114,128,73,65,89,46" hai3="69,40,103,9,70,132,52,10,26,125,8,4,44"/><V67/><F128/><W109/><G109/><T83/><D110/><U20/><E113/><V58/><F30/><W106/><G132/><T61/><D121/><U120/><E120/><V95/><F79/><W42/><G125/><T49/><D115/><U90/><E126/><V75/><F112/><W122/><G122/><T80/><REACH who="0" step="1"/><D98/><REACH who="0" ten="230,250,240,270" step="2"/><U27/><E96/><V93/><F114/><W48/><G106/><T77/><D77/><U135/><E76/><V59/><F95/><W119/><G119/><T38/><D38/><U19/><E135/><V94/><F93/><W25/><G103/><T60/><D60/><U54/><E62/><V117/><F117/><W6/><G70/><T130/><D130/><U105/><E105/><V116/><F116/><W35/><G69/><T18/><D18/><U21/><E19/><V91/><F91/><W134/><G134/><T101/><D101/><U31/><E90/><V66/><N who="2" m="16384" /><DORA hai="72" /><V127/><F127/><W5/><G35/><T97/><D97/><U107/><E107/><V33/><F33/><W34/><G34/><T78/><D78/><U15/><E50/><V45/><F75/><W12/><G12/><T102/><D102/><U47/><E15/><V22/><F73/><W131/><G131/><T11/><AGARI ba="0,1" hai="11,14,17,49,55,56,61,63,80,81,82,83,85,88" machi="11" ten="30,7900,0" yaku="1,1,0,1,8,1,54,1,53,0" doraHai="39,72" doraHaiUra="41,0" who="0" fromWho="0" sc="230,89,250,-20,240,-39,270,-20" /><INIT seed="3,0,0,3,3,79" ten="319,230,201,250" oya="3" hai0="113,76,36,78,131,109,42,62,50,13,81,68,35" hai1="127,119,58,52,10,112,57,105,123,63,21,75,38" hai2="26,11,23,116,8,53,31,115,33,124,84,117,16" hai3="86,100,65,39,49,4,64,66,59,82,45,30,80"/><W107/><G39/><T47/><D35/><U104/><E123/><V92/><F115/><W128/><G128/><T70/><D113/><U22/><E112/><V97/><F124/><W1/><G1/><T69/><D131/><U101/><E38/><V41/><F41/><N who="3" m="24751" /><G107/><T110/><D78/><U134/><E127/><V102/><F53/><W43/><G43/><T18/><D62/><U106/><E75/><V111/><F111/><N who="0" m="42506" /><D36/><U89/><E134/><V55/><F55/><W87/><G100/><T24/><D24/><U6/><E101/><V28/><F28/><W54/><G4/><T32/><D32/><U48/><E89/><V71/><F71/><W130/><G130/><T5/><D5/><U120/><E120/><V108/><F108/><W85/><G30/><T135/><D135/><U14/><REACH who="1" step="1"/><E119/><REACH who="1" ten="319,220,201,250" step="2"/><V83/><F116/><W74/><G74/><N who="0" m="43159" /><D70/><U19/><E19/><V125/><F125/><W118/><G118/><T96/><D96/><U17/><E17/><V61/><F117/><W133/><G133/><T46/><D46/><U9/><E9/><AGARI ba="0,1" hai="9,13,18,42,47,50,68,69" m="43159,42506" machi="9" ten="30,2000,0" yaku="14,1,52,1" doraHai="79" who="0" fromWho="1" sc="319,30,220,-20,201,0,250,0" owari="349,44.9,200,-30.0,201,-19.9,250,5.0" /></mjloggm>