<mjloggm ver="2.3"><GO type="225" lobby="0"/><UN n0="%72%61%6B%33" n1="%E5%B8%86%E7%AB%8B%E5%A4%8F%E8%A1%A3" n2="%4E%49%4A%49%49%52%4F" n3="%43%68%65" dan="17,16,17,16" rate="2171.40,2097.32,2213.80,2159.06" sx="M,M,M,M"/><TAIKYOKU oya="0"/><INIT seed="0,0,0,3,2,84" ten="250,250,250,250" oya="0" hai0="93,23,89,105,127,41,49,85,20,115,98,0,1" hai1="104,18,79,64,92,106,22,118,17,134,33,126,72" hai2="12,108,28,10,97,19,124,123,75,58,15,122,71" hai3="68,52,81,76,25,32,69,35,112,119,110,120,129"/><T83/><D115/><U59/><E118/><V61/><F71/><W128/><G112/><T29/><D127/><U14/><E134/><V133/><F124/><W48/><G119/><T102/><D29/><U107/><E126/><V60/><F133/><W101/><G101/><T21/><REACH who="0" step="1"/><D105/><REACH who="0" ten="240,250,250,250" step="2"/><U87/><E107/><V9/><F28/><W103/><G129/><T6/><D6/><U40/><E106/><V54/><F122/><W37/><G128/><T11/><D11/><U111/><E104/><V57/><F123/><W13/><G120/><T50/><D50/><U45/><E18/><V39/><F39/><W88/><G37/><T132/><D132/><U78/><E17/><V27/><F9/><W30/><G35/><T95/><D95/><U31/><E31/><V55/><F10/><W130/><G130/><T113/><D113/><U26/><E92/><V53/><F19/><W70/><G30/><T51/><D51/><U109/><E33/><V46/><F61/><W131/><G131/><T80/><D80/><U114/><E114/><V117/><F60/><W47/><G32/><T74/><D74/><U44/><E72/><V24/><F75/><W94/><G81/><T8/><D8/><U16/><E16/><V5/><F117/><W34/><G34/><T86/><D86/><U65/><E87/><V77/><F24/><W62/><G25/><T4/><D4/><U56/><E26/><V66/><F27/><W43/><G48/><T96/><D96/><U116/><E116/><V36/><F5/><W82/><G82/><T63/><D63/><U135/><E135/><RYUUKYOKU ba="0,1" sc="240,30,250,-10,250,-10,250,-10" hai0="0,1,20,21,23,41,49,83,85,89,93,98,102" /><INIT seed="0,1,1,1,0,75" ten="270,240,240,240" oya="0" hai0="56,78,72,80,68,120,21,30,63,6,76,52,69" hai1="7,47,96,126,135,27,24,25,49,119,108,110,87" hai2="51,118,81,40,89,122,28,14,104,116,9,20,43" hai3="101,124,82,95,12,70,34,83,92,50,37,105,127"/><T10/><D120/><U113/><E119/><N who="2" m="45611" /><F122/><W111/><G37/><T129/><D129/><U67/><E126/><N who="3" m="48170" /><G70/><T73/><D30/><U32/><E135/><V123/><F123/><W55/><G34/><T42/><D21/><U13/><E113/><V121/><F121/><W79/><G111/><N who="1" m="42538" /><E67/><V18/><F104/><W77/><G12/><T60/><D42/><N who="1" m="24823" /><E96/><V66/><F66/><W45/><G105/><T125/><D125/><U100/><E100/><V103/><F103/><W130/><G130/><T99/><D99/><U1/><E1/><V86/><F51/><W29/><G29/><T62/><D68/><U19/><E87/><V33/><F33/><W71/><G71/><T117/><D117/><U23/><E32/><V35/><F35/><W17/><G17/><T5/><D69/><U128/><E128/><V112/><F112/><W48/><G48/><T131/><D131/><U4/><AGARI ba="1,1" hai="4,7,13,19,23,24,25,27" m="24823,42538" machi="4" ten="40,1500,0" yaku="14,1" doraHai="75" who="1" fromWho="1" sc="270,-8,240,28,240,-5,240,-5" /><INIT seed="1,0,0,4,5,125" ten="262,268,235,235" oya="1" hai0="107,71,13,44,10,77,131,40,55,109,3,56,49" hai1="100,17,134,127,31,130,43,95,123,97,2,84,98" hai2="132,68,32,80,93,73,135,21,91,53,121,57,75" hai3="29,59,16,103,18,112,45,39,28,60,65,26,48"/><U50/><E2/><V4/><F68/><W35/><G112/><T82/><D107/><U85/><E123/><V66/><F32/><W47/><G39/><T126/><D126/><U69/><E69/><V111/><F111/><W30/><G103/><T106/><D106/><U34/><E127/><V96/><F121/><W33/><G47/><T1/><D71/><U115/><E115/><V6/><F66/><W52/><G29/><T120/><D131/><U14/><E130/><V74/><F21/><W108/><REACH who="3" step="1"/><G108/><REACH who="3" ten="262,268,235,225" step="2"/><T104/><D109/><U133/><E31/><V20/><F132/><N who="1" m="50793" /><E34/><V117/><F135/><W36/><G36/><T64/><D120/><U41/><E98/><V38/><F38/><W124/><G124/><T102/><D102/><U116/><E116/><V63/><F117/><W37/><G37/><T83/><D104/><U25/><E25/><AGARI ba="0,1" hai="16,18,25,26,28,30,33,35,45,48,52,59,60,65" machi="25" ten="40,8000,1" yaku="1,1,9,1,54,2,53,1" doraHai="125" doraHaiUra="42" who="3" fromWho="1" sc="262,0,268,-80,235,0,225,90" /><INIT seed="2,0,0,4,1,66" ten="262,188,235,315" oya="2" hai0="69,31,9,132,112,113,117,102,8,29,25,135,64" hai1="80,88,59,74,23,53,128,56,12,104,28,71,108" hai2="20,68,115,86,75,101,57,96,61,134,0,19,122" hai3="27,110,11,50,87,44,15,94,89,42,120,78,10"/><V118/><F118/><W109/><G120/><T65/><D102/><U7/><E108/><N who="3" m="41578" /><G15/><T81/><D81/><U91/><E104/><V129/><F122/><W103/><G27/><T90/><D90/><U106/><E106/><V13/><F0/><W130/><G130/><T116/><D25/><U121/><E128/><V6/><F129/><W37/><G37/><T34/><D34/><U131/><E131/><V39/><F39/><W119/><G119/><T76/><D76/><U99/><E121/><V60/><F115/><W105/><G78/><T98/><D98/><AGARI ba="0,0" hai="10,11,42,44,50,87,89,94,98,103,105" m="41578" machi="98" ten="30,1000,0" yaku="14,1" doraHai="66" who="3" fromWho="0" sc="262,-10,188,0,235,0,315,10" /><INIT seed="3,0,0,0,2,45" ten="252,188,235,325" oya="3" hai0="53,92,64,77,23,110,37,46,107,116,96,98,119" hai1="63,22,9,80,56,43,89,109,44,104,83,128,51" hai2="52,132,121,15,66,67,25,21,97,17,14,60,87" hai3="47,30,105,75,28,95,129,94,20,113,42,114,8"/><W102/><G75/><T69/><D110/><U49/><E109/><V91/><F132/><W59/><G105/><T4/><D4/><U38/><E104/><V82/><F121/><W72/><G72/><T54/><D77/><U76/><E128/><V101/><F52/><W26/><G129/><T122/><D122/><U48/><E22/><V18/><F18/><W33/><G33/><T1/><D1/><U108/><E108/><V126/><F126/><W62/><G8/><T27/><D107/><U118/><E118/><V130/><F130/><W41/><G30/><T39/><D69/><U86/><E9/><V34/><F34/><W78/><G78/><T127/><D64/><N who="1" m="39015" /><E38/><V24/><F24/><W12/><G12/><T61/><D27/><U112/><E112/><V57/><F67/><W0/><G0/><T99/><D23/><U13/><E13/><V55/><F66/><W117/><G117/><T111/><D111/><U124/><E124/><V10/><F10/><W2/><G2/><T6/><D127/><U79/><E79/><V35/><F35/><W106/><G106/><AGARI ba="0,0" hai="14,15,17,21,25,55,57,60,82,87,91,97,101,106" machi="106" ten="30,1000,0" yaku="7,1" doraHai="45" who="2" fromWho="3" sc="252,0,188,0,235,10,325,-10" owari="252,5.2,188,-31.2,245,-15.5,315,41.5" /></mjloggm>