<mjloggm ver="2.3"><GO type="225" lobby="0"/><UN n0="%6D%75%75%6D%75%72%61" n1="%4C%4F%4C%49%54%41" n2="%E7%9C%9F%E4%B8%80" n3="%E6%B0%B7%E5%B7%9D%E9%87%8C%E5%A5%88" dan="17,16,17,16" rate="2171.65,2169.14,2133.78,2109.37" sx="F,F,M,F"/><TAIKYOKU oya="0"/><INIT seed="0,0,0,1,3,112" ten="250,250,250,250" oya="0" hai0="0,65,88,124,122,17,23,63,96,127,130,69,103" hai1="9,75,121,12,106,22,43,109,45,79,7,32,98" hai2="54,113,115,35,80,97,126,26,76,110,48,46,18" hai3="34,70,116,47,27,71,77,61,128,125,53,89,55"/><T105/><D122/><U41/><E121/><V57/><F110/><W64/><G77/><T82/><D130/><U78/><E32/><V25/><F126/><W13/><G125/><T38/><D0/><U42/><E109/><V91/><F26/><W56/><G128/><T29/><D29/><U67/><E67/><V84/><F46/><W134/><G134/><T49/><D38/><U37/><E79/><V102/><F76/><W85/><G47/><T24/><REACH who="0" step="1"/><D49/><REACH who="0" ten="240,250,250,250" step="2"/><U31/><E31/><V120/><F120/><W10/><G34/><T21/><D21/><U52/><E22/><V3/><F3/><W14/><G10/><T92/><D92/><U114/><E37/><V28/><REACH who="2" step="1"/><F18/><REACH who="2" ten="240,250,240,250" step="2"/><W87/><G70/><T93/><D93/><AGARI ba="0,2" hai="25,28,35,48,54,57,80,84,91,93,97,102,113,115" machi="93" ten="30,3900,0" yaku="1,1,2,1,7,1,53,0" doraHai="112" doraHaiUra="1" who="2" fromWho="0" sc="240,-39,250,0,240,59,250,0" /><INIT seed="1,0,0,2,2,43" ten="201,250,299,250" oya="1" hai0="46,126,109,20,124,19,91,133,24,76,75,113,67" hai1="104,71,114,26,34,63,112,27,30,86,37,48,81" hai2="6,35,115,70,131,15,47,45,106,13,87,79,78" hai3="32,123,3,0,74,90,73,29,40,94,4,69,8"/><U85/><E37/><V110/><F70/><W80/><G123/><T77/><D113/><U31/><E104/><V1/><F106/><W39/><G0/><T59/><D109/><U129/><E129/><V7/><F35/><W56/><G69/><T38/><D91/><U18/><E18/><V9/><F110/><W21/><G32/><T98/><D98/><U60/><E48/><V105/><F105/><W116/><G116/><T53/><D133/><U65/><E60/><V134/><F134/><W83/><G83/><T50/><D75/><U10/><E10/><N who="2" m="4311" /><F1/><W41/><G56/><T128/><D128/><U125/><E86/><V103/><F103/><W2/><G2/><T72/><D72/><U117/><E125/><N who="0" m="48233" /><D38/><U62/><E63/><AGARI ba="0,0" hai="19,20,24,46,50,53,59,63,67,76,77" m="48233" machi="63" ten="30,2000,0" yaku="18,1,52,1" doraHai="43" who="0" fromWho="1" sc="201,20,250,-20,299,0,250,0" /><INIT seed="2,0,0,4,4,119" ten="221,230,299,250" oya="2" hai0="78,21,131,88,132,133,7,54,84,63,83,124,65" hai1="9,79,46,94,24,89,33,113,49,15,0,8,107" hai2="80,11,118,101,87,122,67,71,53,59,32,135,29" hai3="19,12,112,100,57,115,48,85,108,41,30,36,42"/><V126/><F118/><W74/><G74/><T50/><D124/><U102/><E113/><N who="3" m="43594" /><G108/><T109/><D109/><U104/><E102/><V55/><F126/><W22/><G36/><T14/><D131/><U62/><E79/><V129/><F71/><W16/><G100/><T40/><D40/><U77/><E77/><V34/><F101/><W10/><G30/><T103/><D103/><U76/><E76/><V105/><F105/><W90/><G57/><T81/><D7/><U5/><E62/><V52/><F29/><W73/><G48/><T2/><D2/><U64/><E24/><V106/><F106/><W68/><G68/><T127/><D127/><U44/><E64/><V92/><F129/><W61/><G61/><T70/><D21/><U26/><E26/><V60/><F135/><W110/><G110/><T31/><D14/><U47/><E49/><V4/><F92/><N who="3" m="54351" /><G73/><T95/><D31/><U43/><E33/><V120/><F34/><W116/><G116/><T18/><D18/><U45/><N who="1" m="11264" /><DORA hai="117" /><U97/><REACH who="1" step="1"/><E43/><REACH who="1" ten="221,220,299,250" step="2"/><V72/><F32/><W98/><G42/><T38/><D38/><U86/><E86/><V111/><F72/><W123/><G41/><T96/><REACH who="0" step="1"/><D81/><REACH who="0" ten="211,220,299,250" step="2"/><U20/><E20/><V37/><F37/><W99/><G22/><T25/><D25/><U66/><E66/><V27/><F111/><W128/><G128/><T114/><D114/><U130/><E130/><V69/><F27/><W121/><G19/><AGARI ba="0,2" hai="0,5,8,9,15,19,89,94,97,104,107" m="11264" machi="19" ten="50,1600,0" yaku="1,1,53,0" doraHai="119,117" doraHaiUra="23,82" who="1" fromWho="3" sc="211,0,220,36,299,0,250,-16" /><INIT seed="3,0,0,1,3,21" ten="211,256,299,234" oya="3" hai0="98,104,130,118,105,61,4,6,31,123,64,60,41" hai1="134,106,117,37,24,93,13,55,12,114,75,85,70" hai2="111,126,72,112,18,43,39,63,76,107,129,69,116" hai3="30,133,124,113,0,1,50,52,40,32,8,119,11"/><W29/><G113/><T67/><D118/><U88/><E114/><V53/><RYUUKYOKU type="yao9" ba="0,0" sc="211,0,256,0,299,0,234,0" hai2="18,39,43,53,63,69,72,76,107,111,112,116,126,129" /><INIT seed="3,1,0,1,2,131" ten="211,256,299,234" oya="3" hai0="23,27,68,80,33,104,36,95,34,46,119,96,67" hai1="93,87,1,91,18,83,101,2,38,105,90,55,106" hai2="123,50,121,48,112,135,3,120,25,98,29,114,124" hai3="20,84,61,24,17,31,54,41,94,44,65,7,63"/><W4/><G54/><T74/><D119/><U97/><E38/><V12/><F135/><W108/><G108/><T85/><D74/><U88/><E2/><V66/><F124/><W79/><G61/><T73/><D73/><U92/><E1/><V115/><F3/><W9/><G31/><T16/><D104/><N who="1" m="40043" /><E18/><V100/><F66/><W32/><G32/><T78/><D68/><U45/><E45/><V30/><F12/><W117/><G117/><T72/><D72/><U35/><E55/><V58/><F58/><N who="3" m="37111" /><G9/><T53/><D67/><U126/><E35/><N who="2" m="20911" /><F30/><W128/><G128/><T99/><D99/><N who="1" m="59623" /><E126/><V43/><F43/><W129/><G129/><T111/><D111/><U75/><E75/><V14/><F14/><W62/><G62/><T49/><REACH who="0" step="1"/><D36/><REACH who="0" ten="201,256,299,234" step="2"/><U10/><E10/><V47/><F121/><W103/><G4/><T133/><D133/><U70/><E70/><V113/><F113/><W132/><G7/><T102/><AGARI ba="1,1" hai="16,23,27,33,34,46,49,53,78,80,85,95,96,102" machi="102" ten="20,8000,1" yaku="1,1,0,1,7,1,54,1,53,1" doraHai="131" doraHaiUra="42" who="0" fromWho="0" sc="201,93,256,-21,299,-21,234,-41" /><INIT seed="4,0,0,4,3,51" ten="294,235,278,193" oya="0" hai0="120,134,6,35,43,7,124,72,90,74,130,25,45" hai1="126,91,81,14,15,32,63,114,57,112,133,68,99" hai2="23,48,61,73,20,104,27,67,80,0,41,62,123" hai3="86,30,56,59,77,55,82,105,70,95,42,46,92"/><T121/><D121/><U69/><E32/><V66/><F104/><W96/><G70/><T39/><D120/><U97/><E133/><V8/><F123/><W34/><G105/><T79/><D134/><U60/><E81/><V47/><F0/><W106/><G106/><T49/><D130/><U110/><E91/><V53/><F8/><W52/><G30/><T17/><D124/><U122/><E122/><V16/><F41/><W37/><G34/><T50/><D50/><U118/><E57/><V93/><F93/><W24/><G24/><T31/><D17/><U125/><REACH who="1" step="1"/><E110/><REACH who="1" ten="294,225,278,193" step="2"/><V83/><F73/><W54/><REACH who="3" step="1"/><G95/><REACH who="3" ten="294,225,278,183" step="2"/><T75/><D35/><U87/><E87/><V115/><F83/><W64/><G64/><N who="2" m="24617" /><F80/><W22/><G22/><T5/><D75/><U100/><E100/><AGARI ba="0,2" hai="37,42,46,52,54,55,56,59,77,82,86,92,96,100" machi="100" ten="40,8000,1" yaku="1,1,52,3,54,1,53,0" doraHai="51" doraHaiUra="132" who="3" fromWho="1" sc="294,0,225,-80,278,0,183,100" /><INIT seed="5,0,0,2,1,99" ten="294,145,278,283" oya="1" hai0="132,119,72,13,37,51,36,30,59,6,133,0,62" hai1="131,120,46,10,1,82,29,118,110,89,67,90,106" hai2="64,4,45,70,58,2,81,14,84,22,74,44,73" hai3="109,20,77,79,7,25,105,23,87,96,113,107,117"/><U80/><E118/><V95/><F70/><W101/><G109/><T26/><D119/><U122/><E110/><V38/><F2/><W55/><G117/><T135/><D0/><U76/><E131/><V65/><F38/><W124/><G7/><T3/><D3/><U100/><E29/><V27/><F74/><W85/><G124/><T12/><D51/><U69/><E1/><V33/><F73/><W128/><G113/><T16/><D72/><N who="1" m="43015" /><E46/><N who="2" m="18027" /><F95/><W43/><G43/><T48/><D6/><U86/><E10/><N who="2" m="4423" /><F58/><W5/><G5/><T94/><D48/><U15/><E15/><N who="0" m="5705" /><D16/><U116/><E67/><V97/><F97/><W39/><G39/><T66/><D94/><N who="1" m="54583" /><E69/><V71/><F33/><AGARI ba="0,0" hai="26,30,33,36,37,59,62,66,132,133,135" m="5705" machi="33" ten="30,1000,0" yaku="20,1" doraHai="99" who="0" fromWho="2" sc="294,10,145,0,278,-10,283,0" owari="304,40.4,145,-35.5,268,-13.2,283,8.3" /></mjloggm>