<mjloggm ver="2.3"><GO type="225" lobby="0"/><UN n0="%E9%97%98%E5%B0%86%E3%81%A0%E3%82%93%E3%81%A7%E3%81%83" n1="%E3%81%B5%E3%81%98%E3%81%8B%E3%81%A4" n2="%E7%99%BD%E6%97%A5%E9%9B%AA%E8%8F%9C" n3="%E3%81%8D%E3%82%85%E3%81%86" dan="16,16,17,16" rate="2146.60,2155.32,2216.17,2083.41" sx="M,M,M,M"/><TAIKYOKU oya="0"/><INIT seed="0,0,0,0,5,44" ten="250,250,250,250" oya="0" hai0="58,124,5,22,109,101,115,131,90,18,127,15,0" hai1="102,7,55,123,72,110,48,91,100,96,29,111,33" hai2="24,103,84,76,32,75,19,10,46,35,50,9,129" hai3="8,93,54,79,37,67,125,74,65,113,92,104,6"/><T59/><D115/><U23/><E123/><V87/><F129/><W36/><G104/><T85/><D131/><U17/><E72/><V14/><F75/><W2/><G113/><T120/><D120/><U11/><E91/><V25/><F103/><W135/><G135/><T105/><D109/><N who="1" m="41483" /><E29/><V128/><F128/><W112/><G125/><N who="0" m="48203" /><D0/><N who="1" m="487" /><E33/><V49/><F76/><W38/><G112/><T98/><D5/><U94/><E102/><V121/><F121/><W88/><G79/><T119/><D119/><U117/><E117/><V133/><F46/><W69/><G74/><T42/><D42/><U82/><E82/><AGARI ba="0,0" hai="15,18,22,58,59,82,85,90,98,101,105" m="48203" machi="82" ten="30,1500,0" yaku="18,1" doraHai="44" who="0" fromWho="1" sc="250,15,250,-15,250,0,250,0" /><INIT seed="0,1,0,2,5,86" ten="265,235,250,250" oya="0" hai0="110,92,57,97,14,77,87,127,45,55,115,10,108" hai1="2,16,68,118,106,103,17,51,131,25,78,19,109" hai2="132,134,76,62,100,85,46,80,93,107,0,32,40" hai3="11,123,48,13,135,129,47,111,73,35,23,63,66"/><T43/><D115/><U59/><E118/><V52/><F32/><W88/><G35/><T72/><D72/><U21/><E68/><V67/><F0/><W83/><G111/><N who="0" m="42539" /><D127/><U121/><E109/><V38/><F107/><W65/><G129/><T5/><D77/><U74/><E121/><V82/><F82/><W50/><G135/><T90/><D57/><U79/><E2/><V49/><F100/><W105/><G105/><T122/><D55/><U29/><E74/><V70/><REACH who="2" step="1"/><F93/><REACH who="2" ten="265,235,240,250" step="2"/><W64/><G123/><T53/><D122/><U125/><E131/><V94/><F94/><W124/><G124/><T28/><D28/><U1/><E1/><V133/><F133/><W20/><G73/><T69/><D69/><U128/><E128/><V81/><F81/><W7/><G63/><T71/><D71/><U120/><E120/><V15/><F15/><W18/><G7/><T54/><D97/><U30/><E125/><V60/><F60/><W4/><G4/><T84/><D84/><U12/><E12/><V130/><F130/><W95/><G83/><T22/><D22/><N who="3" m="8233" /><G47/><AGARI ba="1,1" hai="38,40,46,47,49,52,62,67,70,76,80,85,132,134" machi="47" ten="40,2600,0" yaku="1,1,54,1,53,0" doraHai="86" doraHaiUra="119" who="2" fromWho="3" sc="265,0,235,0,240,39,250,-29" /><INIT seed="1,0,0,5,1,75" ten="265,235,279,221" oya="1" hai0="44,130,107,84,99,85,37,10,19,113,47,121,76" hai1="30,1,3,71,58,79,116,53,12,8,90,112,80" hai2="69,97,29,34,122,63,6,18,21,103,104,87,125" hai3="2,7,43,123,128,119,46,126,98,101,27,86,92"/><U64/><E112/><V11/><F122/><W50/><G123/><T117/><D113/><U94/><E116/><V45/><F125/><W118/><G128/><T56/><D117/><U96/><E30/><V114/><F114/><W22/><G126/><T70/><D70/><U4/><E64/><N who="2" m="41119" /><F45/><W110/><G110/><T88/><D121/><U40/><E40/><V127/><F87/><W133/><G133/><T17/><D130/><U36/><E36/><V13/><F127/><W83/><G2/><T124/><D124/><U108/><E71/><V73/><F73/><W132/><G132/><T102/><D56/><U0/><E108/><V129/><F129/><W5/><G119/><T82/><D10/><U134/><E134/><V38/><F38/><W39/><G39/><T91/><D91/><U74/><REACH who="1" step="1"/><E0/><REACH who="1" ten="265,225,279,221" step="2"/><V41/><F41/><W26/><G118/><T49/><D37/><U115/><E115/><V52/><F52/><BYE who="2" /><W20/><G20/><T15/><D47/><UN n2="%E7%99%BD%E6%97%A5%E9%9B%AA%E8%8F%9C" /><U93/><E93/><V35/><F29/><N who="3" m="17623" /><G27/><T57/><D15/><U95/><E95/><V67/><F67/><W28/><G28/><T60/><D107/><U55/><E55/><V105/><F105/><W24/><G24/><T54/><D54/><U81/><E81/><V23/><F23/><W14/><G14/><T135/><D135/><U51/><AGARI ba="0,1" hai="1,3,4,8,12,51,53,58,74,79,80,90,94,96" machi="51" ten="20,7800,0" yaku="1,1,0,1,7,1,52,1,53,0" doraHai="75" doraHaiUra="59" who="1" fromWho="1" sc="265,-26,225,88,279,-26,221,-26" /><INIT seed="1,1,0,0,4,90" ten="239,313,253,195" oya="1" hai0="80,53,28,124,69,63,49,1,104,110,118,21,126" hai1="4,133,13,47,94,79,102,119,100,62,26,9,128" hai2="72,15,81,20,54,46,16,42,23,107,75,55,58" hai3="105,50,33,99,17,93,71,0,86,112,39,116,83"/><U40/><E119/><V27/><F107/><W56/><G39/><T127/><D118/><U51/><E133/><V57/><F57/><W68/><G116/><T78/><D110/><U131/><E79/><V64/><F64/><W123/><G123/><T22/><D1/><U41/><E41/><V67/><F67/><W89/><G112/><T60/><D104/><U120/><E120/><V5/><F81/><W92/><G105/><T11/><D11/><U109/><E109/><V18/><F5/><W88/><G0/><T85/><D69/><U31/><E62/><N who="0" m="23593" /><D28/><U121/><E121/><V45/><F58/><AGARI ba="1,0" hai="21,22,49,53,58,78,80,85,124,126,127" m="23593" machi="58" ten="30,1000,0" yaku="18,1" doraHai="90" who="0" fromWho="2" sc="239,13,313,0,253,-13,195,0" /><INIT seed="2,0,0,2,5,50" ten="252,313,240,195" oya="2" hai0="85,27,46,9,63,110,23,33,75,122,51,12,93" hai1="120,7,66,124,82,34,103,71,1,15,87,35,8" hai2="21,116,102,10,125,4,72,126,49,26,128,109,52" hai3="81,80,67,65,96,5,25,77,78,129,36,88,123"/><V68/><F116/><W29/><G36/><T95/><D75/><U114/><E114/><V104/><F72/><W37/><G37/><T121/><D33/><U130/><E103/><V97/><F68/><W135/><G129/><T30/><D110/><U118/><E118/><V100/><F128/><W86/><G135/><T98/><D63/><U32/><E130/><V18/><F100/><W17/><G5/><T112/><D112/><U54/><E124/><V73/><F73/><W94/><G17/><T31/><D31/><U58/><E120/><V79/><F79/><W11/><G11/><T61/><D61/><U74/><E74/><V115/><F109/><W42/><G42/><T45/><D45/><U22/><E71/><V117/><F117/><W57/><G57/><T76/><D98/><U105/><E66/><V20/><F20/><W111/><G111/><T13/><D13/><U113/><E105/><V127/><F115/><W108/><G108/><T48/><D48/><U60/><E113/><V69/><F69/><W70/><G70/><T106/><D106/><U133/><E133/><V0/><REACH who="2" step="1"/><F126/><REACH who="2" ten="252,313,230,195" step="2"/><W53/><G123/><T16/><D122/><U24/><E35/><V89/><F89/><W14/><G78/><T59/><D121/><U47/><E34/><V19/><F19/><W91/><G91/><T132/><D132/><U39/><E32/><V119/><F119/><W2/><G88/><T134/><D134/><U28/><E22/><V83/><F83/><W6/><G81/><T55/><D76/><U90/><E90/><V64/><F64/><W99/><G67/><RYUUKYOKU ba="0,1" sc="252,-10,313,-10,230,30,195,-10" hai2="0,4,10,18,21,26,49,52,97,102,104,125,127" /><INIT seed="2,1,1,0,5,129" ten="242,303,260,185" oya="2" hai0="71,91,69,78,112,50,104,76,93,113,68,96,94" hai1="39,27,102,86,11,62,20,84,26,16,111,87,130" hai2="117,37,114,74,10,121,108,36,134,54,85,122,101" hai3="131,98,115,64,3,105,135,13,7,72,18,106,5"/><V77/><F114/><W120/><G120/><T82/><D78/><U24/><E39/><V73/><F117/><W47/><G131/><T97/><D104/><U133/><E130/><V46/><F101/><W23/><G115/><T79/><D76/><U28/><E111/><V43/><F36/><W61/><G72/><T33/><D33/><U41/><E133/><V40/><F40/><W19/><G3/><T95/><D50/><U99/><E41/><V48/><F108/><W30/><G30/><T65/><D65/><U66/><E11/><V80/><F134/><W107/><G47/><T126/><D126/><U125/><E125/><V9/><F74/><W57/><G135/><T127/><D127/><U2/><E2/><V100/><F100/><W132/><G132/><T51/><D51/><U25/><E28/><V14/><F73/><W59/><G98/><T12/><D12/><U32/><E32/><V103/><F103/><W58/><REACH who="3" step="1"/><G19/><REACH who="3" ten="242,303,260,175" step="2"/><T1/><D1/><U89/><E99/><V118/><F118/><W6/><AGARI ba="1,2" hai="5,6,7,13,18,23,57,58,59,61,64,105,106,107" machi="6" ten="40,5200,0" yaku="1,1,2,1,0,1,53,0" doraHai="129" doraHaiUra="92" who="3" fromWho="3" sc="242,-14,303,-14,260,-27,175,75" /><INIT seed="3,0,0,3,5,11" ten="228,289,233,250" oya="3" hai0="87,21,27,1,19,12,81,129,44,5,131,38,65" hai1="79,18,70,114,120,25,66,93,122,72,116,108,119" hai2="106,101,30,55,73,6,96,36,91,111,90,109,33" hai3="97,34,54,56,133,29,47,103,115,60,99,94,2"/><W39/><G115/><T121/><D121/><N who="1" m="46699" /><E70/><V110/><F73/><W46/><G2/><T83/><D65/><U88/><E66/><V57/><F36/><W92/><G39/><T20/><D1/><U63/><E63/><V26/><REACH who="2" step="1"/><F6/><REACH who="2" ten="228,289,223,250" step="2"/><W61/><G133/><T45/><D5/><U95/><E72/><V104/><F104/><W105/><G105/><T3/><D3/><U42/><E114/><V37/><F37/><W7/><G7/><T15/><D38/><U127/><E119/><V89/><F89/><W78/><G78/><T107/><D107/><U40/><E79/><V123/><F123/><W112/><G112/><T41/><D129/><U8/><E88/><V117/><F117/><W76/><G76/><T86/><D131/><U31/><E116/><V49/><AGARI ba="0,1" hai="26,30,33,49,55,57,90,91,96,101,106,109,110,111" machi="49" ten="30,4000,0" yaku="1,1,0,1,14,1,53,0" doraHai="11" doraHaiUra="80" who="2" fromWho="2" sc="228,-10,289,-10,223,50,250,-20" /><INIT seed="4,0,0,5,3,67" ten="218,279,273,230" oya="0" hai0="71,6,110,30,92,24,40,106,129,36,125,35,53" hai1="41,87,111,80,104,60,79,65,81,134,98,7,68" hai2="75,128,17,25,44,132,57,97,74,91,55,69,49" hai3="101,4,121,118,72,116,28,131,76,96,122,3,43"/><T42/><D106/><U89/><E134/><V105/><F128/><W12/><G3/><T109/><D129/><U63/><E111/><N who="0" m="42505" /><D125/><U82/><E41/><V31/><F132/><W127/><G131/><T107/><D107/><U18/><E7/><V56/><F17/><W19/><G4/><T48/><D36/><U99/><E60/><V47/><F69/><W120/><G127/><T52/><D71/><U1/><E1/><V130/><F130/><W21/><G43/><N who="0" m="16427" /><D48/><U38/><E38/><V114/><F114/><W112/><G112/><T93/><D6/><U133/><E133/><V123/><F123/><W5/><G5/><T51/><D53/><U90/><E104/><V86/><F105/><N who="3" m="63655" /><G28/><T58/><AGARI ba="0,0" hai="24,30,35,51,52,58,92,93" m="16427,42505" machi="58" ten="30,3000,0" yaku="10,1,54,1" doraHai="67" who="0" fromWho="0" sc="218,30,279,-10,273,-10,230,-10" /><INIT seed="4,1,0,1,5,26" ten="248,269,263,220" oya="0" hai0="3,110,111,101,24,130,22,57,120,129,46,84,117" hai1="131,88,37,50,118,52,18,64,94,14,78,54,79" hai2="83,72,42,115,62,85,77,34,112,123,109,73,97" hai3="103,35,80,133,127,119,5,60,126,132,7,100,27"/><T44/><D3/><U19/><E118/><V48/><F109/><N who="0" m="41482" /><D117/><U76/><E37/><V69/><F123/><W128/><G119/><T13/><D120/><U6/><E131/><N who="0" m="50185" /><D13/><U93/><E64/><N who="2" m="41111" /><F34/><W106/><G60/><T31/><D101/><N who="3" m="38985" /><G80/><T58/><D84/><N who="1" m="52359" /><E94/><V1/><F1/><W33/><G106/><T116/><D116/><U38/><E38/><V67/><F67/><W66/><G66/><T2/><D2/><U65/><E65/><V89/><F97/><W36/><G36/><T11/><D11/><N who="1" m="4471" /><E54/><V121/><F121/><W0/><G128/><T53/><D58/><AGARI ba="1,0" hai="18,19,50,52,58,76,78,79" m="4471,52359" machi="58" ten="30,3900,0" yaku="8,1,54,2" doraHai="26" who="1" fromWho="0" sc="248,-42,269,42,263,0,220,0" owari="206,-29.4,311,41.1,263,6.3,220,-18.0" /></mjloggm>