<mjloggm ver="2.3"><GO type="225" lobby="0"/><UN n0="%E3%81%95%E3%81%8D%E3%81%9F%E3%81%BE%E6%9E%97%E6%AA%8E" n1="%E3%81%AF%E3%82%88%E3%81%8A%E3%81%98%E3%81%95%E3%82%93" n2="%74%61%6B%75%61%6B%61" n3="%E3%82%B7%E3%83%A5%E3%83%9E%E3%82%A4%E3%82%B1%E3%83%AB" dan="16,16,17,17" rate="2154.87,2163.98,2182.60,2247.16" sx="M,M,M,M"/><TAIKYOKU oya="0"/><INIT seed="0,0,0,1,3,55" ten="250,250,250,250" oya="0" hai0="65,12,124,78,106,134,59,101,116,74,14,112,67" hai1="70,62,4,83,107,11,87,53,97,77,33,3,94" hai2="27,18,30,15,135,104,88,32,42,21,99,102,129" hai3="26,47,29,28,131,122,57,89,120,82,118,6,121"/><T125/><D112/><U69/><E33/><V111/><F111/><W13/><G118/><T110/><D116/><U100/><E53/><V0/><F129/><W61/><G131/><T71/><D71/><U126/><E126/><N who="0" m="48745" /><D134/><U40/><E40/><V56/><F135/><W105/><G105/><T114/><D114/><U60/><E69/><V109/><F109/><W64/><G47/><T5/><D74/><U85/><E70/><V7/><F42/><W17/><G6/><T50/><D78/><U2/><E3/><V31/><F31/><W73/><G26/><T39/><D39/><U96/><REACH who="1" step="1"/><E85/><REACH who="1" ten="250,240,250,250" step="2"/><V92/><F0/><W54/><G54/><N who="0" m="32215" /><D110/><U98/><E98/><V91/><F99/><W49/><G73/><T66/><D5/><U132/><E132/><V79/><F7/><W46/><G46/><T36/><D36/><U34/><E34/><V52/><F32/><W35/><G35/><T90/><D90/><AGARI ba="0,1" hai="2,4,11,60,62,77,83,87,90,94,96,97,100,107" machi="90" ten="30,2000,0" yaku="1,1,7,1,53,0" doraHai="55" doraHaiUra="8" who="1" fromWho="0" sc="250,-20,240,30,250,0,250,0" /><INIT seed="1,0,0,0,5,90" ten="230,270,250,250" oya="1" hai0="71,9,24,124,105,84,65,6,21,79,38,29,119" hai1="132,12,93,31,99,17,10,103,3,66,97,114,63" hai2="117,73,25,46,78,26,76,43,113,108,115,7,64" hai3="104,55,75,16,88,67,133,58,20,47,112,0,27"/><U56/><E132/><V39/><F117/><W28/><G112/><N who="2" m="43081" /><F108/><W106/><G133/><T61/><D124/><U111/><E114/><V83/><F76/><W42/><G75/><T91/><D119/><U51/><E111/><V69/><F7/><W54/><G0/><T118/><D118/><U32/><E3/><V13/><F13/><W57/><G67/><T62/><D38/><U60/><E32/><V81/><F81/><W120/><G120/><T94/><D105/><U102/><E31/><V98/><F98/><W18/><G104/><T4/><D79/><U1/><E1/><V121/><F121/><W96/><G106/><T109/><D109/><U130/><E130/><V87/><F73/><W80/><G42/><T23/><D61/><AGARI ba="0,0" hai="25,26,39,43,46,61,64,69,78,83,87" m="43081" machi="61" ten="30,1000,0" yaku="11,1" doraHai="90" who="2" fromWho="0" sc="230,-10,270,0,250,10,250,0" /><INIT seed="2,0,0,1,3,0" ten="220,270,260,250" oya="2" hai0="91,135,103,88,75,33,22,78,40,70,109,97,19" hai1="82,58,23,90,1,80,57,29,6,116,64,110,61" hai2="112,17,101,38,25,117,16,42,115,79,134,3,53" hai3="83,133,93,76,27,54,28,118,85,14,30,36,62"/><V13/><F3/><W84/><G118/><T94/><D109/><U56/><E116/><V65/><F117/><W66/><G36/><T124/><D33/><U106/><E110/><V18/><F134/><W41/><G41/><T12/><D135/><U39/><E39/><V111/><F111/><W108/><G133/><T86/><D70/><U32/><E32/><V4/><F65/><W47/><G108/><T49/><D124/><U52/><E106/><V113/><F101/><W105/><G105/><T51/><D40/><U2/><E2/><V24/><F53/><W20/><G30/><T104/><D91/><U125/><E125/><V122/><F79/><W95/><G14/><T121/><D121/><U50/><E57/><V26/><F122/><W81/><G54/><T126/><D126/><U43/><E43/><V129/><F129/><W71/><REACH who="3" step="1"/><G47/><REACH who="3" ten="220,270,260,240" step="2"/><T21/><REACH who="0" step="1"/><D22/><REACH who="0" ten="210,270,260,240" step="2"/><U100/><E23/><V72/><F42/><W77/><AGARI ba="0,2" hai="20,27,28,62,66,71,76,77,81,83,84,85,93,95" machi="77" ten="20,12000,2" yaku="1,1,2,1,0,1,7,1,9,1,53,1" doraHai="0" doraHaiUra="59" who="3" fromWho="3" sc="210,-30,270,-30,260,-60,240,140" /><INIT seed="3,0,0,2,4,57" ten="180,240,200,380" oya="3" hai0="133,20,90,10,46,18,52,123,13,106,74,47,19" hai1="21,36,60,53,107,96,39,114,11,108,2,0,118" hai2="82,40,69,126,44,81,26,29,50,125,68,3,132" hai3="120,93,67,63,71,56,135,103,75,122,61,131,88"/><W70/><G75/><T12/><D123/><U128/><E114/><V83/><F3/><W55/><G131/><T116/><D116/><U129/><E21/><N who="2" m="15567" /><F132/><W101/><G135/><T97/><D133/><U92/><E108/><V105/><F105/><W109/><G71/><T91/><D74/><U42/><E107/><V30/><F30/><W22/><G109/><T100/><REACH who="0" step="1"/><D46/><REACH who="0" ten="170,240,200,380" step="2"/><N who="1" m="23879" /><E118/><V54/><F40/><W110/><G110/><T58/><D58/><U41/><E41/><V38/><F38/><W59/><G120/><T130/><D130/><U79/><E39/><V23/><F23/><W89/><G122/><T76/><D76/><U78/><E79/><V45/><F45/><W84/><G22/><T64/><D64/><U112/><E78/><V9/><F9/><W43/><G43/><T134/><D134/><U8/><E11/><V115/><F115/><W124/><G70/><T98/><D98/><U62/><E96/><V119/><F119/><W121/><G121/><T80/><D80/><U102/><E8/><V127/><AGARI ba="0,1" hai="44,50,54,68,69,81,82,83,125,126,127" m="15567" machi="127" ten="40,1500,0" yaku="18,1" doraHai="57" who="2" fromWho="2" sc="170,-4,240,-4,200,25,380,-7" owari="166,-33.4,236,3.6,225,-17.5,373,47.3" /></mjloggm>