<mjloggm ver="2.3"><GO type="225" lobby="0"/><UN n0="%E5%A4%96%E5%B7%9D%E7%AB%9C%E6%88%90" n1="%E7%AD%89%E3%80%85%E5%8A%9B%E5%8A%87%E5%A0%B4" n2="%E6%B4%BE%E9%81%A3%E3%81%AE%E3%82%B8%E3%83%A3%E3%83%83%E3%82%AF" n3="%E3%82%A2%E3%82%A4%E3%82%B9%E3%83%86%E3%82%A3%E3%83%BC%E3%81%82%E3%81%B9" dan="16,16,16,16" rate="2265.14,2122.97,2173.42,2083.85" sx="M,M,M,M"/><TAIKYOKU oya="0"/><INIT seed="0,0,0,0,0,8" ten="250,250,250,250" oya="0" hai0="38,127,108,134,12,9,1,68,40,26,47,73,96" hai1="33,28,57,70,65,76,41,74,105,121,133,60,63" hai2="22,52,24,122,42,123,48,46,64,54,95,92,21" hai3="20,14,43,79,39,115,82,135,15,67,25,90,120"/><T30/><D127/><U32/><E121/><V132/><F132/><W18/><G115/><T3/><D134/><U118/><E118/><V124/><F124/><W36/><G135/><T84/><D68/><U10/><E105/><V75/><F75/><W71/><G90/><T94/><D73/><U29/><E133/><V51/><F64/><W100/><G100/><T77/><D108/><U13/><E41/><V113/><F113/><W114/><G114/><T129/><D129/><U58/><E70/><V126/><F126/><W110/><G110/><T19/><D84/><U16/><E33/><V102/><F102/><W61/><G120/><T23/><REACH who="0" step="1"/><D77/><REACH who="0" ten="240,250,250,250" step="2"/><U88/><E76/><V103/><F122/><W59/><G71/><T85/><D85/><U86/><E74/><V66/><F123/><W130/><G130/><T69/><D69/><U119/><E119/><V106/><F66/><W131/><G131/><T62/><D62/><U93/><E32/><V117/><F117/><W55/><G79/><T81/><D81/><U97/><E86/><V34/><F34/><W7/><G82/><T107/><D107/><U78/><E78/><V128/><F128/><W4/><G67/><AGARI ba="0,1" hai="10,13,16,28,29,57,58,60,63,65,67,88,93,97" machi="67" ten="30,12000,2" yaku="7,1,9,1,8,1,52,1,54,2" doraHai="8" who="1" fromWho="3" sc="240,0,250,130,250,0,250,-120" /><INIT seed="1,0,0,1,2,6" ten="240,380,250,130" oya="1" hai0="3,114,123,92,43,124,38,85,40,73,134,107,64" hai1="121,106,84,126,60,77,113,5,69,4,7,94,71" hai2="34,81,23,39,109,98,32,14,132,2,42,66,56" hai3="11,52,1,63,19,25,20,88,90,46,21,9,53"/><U61/><E106/><V35/><F2/><W45/><G1/><T101/><D114/><U87/><E113/><V22/><F109/><W36/><G36/><T17/><D3/><U41/><E77/><V44/><F132/><W37/><G37/><T86/><D73/><U59/><E41/><V49/><F98/><W24/><G19/><T135/><D123/><U68/><E121/><V15/><F81/><W70/><G63/><N who="1" m="24138" /><E94/><V100/><F100/><W50/><G50/><T119/><D64/><U67/><E59/><V72/><F72/><W117/><G70/><T93/><D119/><AGARI ba="0,0" hai="9,11,20,21,24,25,45,46,52,53,88,90,117,119" machi="119" ten="25,12000,2" yaku="22,2,52,2,54,2" doraHai="6" who="3" fromWho="0" sc="240,-120,380,0,250,0,130,120" /><INIT seed="2,0,0,1,2,97" ten="120,380,250,250" oya="2" hai0="18,54,129,48,102,52,122,78,1,57,75,62,51" hai1="36,128,32,59,39,12,87,17,22,85,96,31,72" hai2="118,9,106,53,123,67,82,60,66,77,134,133,10" hai3="13,88,114,91,108,90,110,89,19,127,125,11,132"/><V14/><F118/><W20/><G132/><N who="2" m="50793" /><F123/><W38/><G114/><T40/><D122/><U76/><E128/><V104/><F53/><W71/><G71/><T15/><D1/><U124/><E124/><N who="3" m="47690" /><G38/><T135/><D135/><U26/><E72/><N who="2" m="43303" /><F66/><W100/><G100/><T69/><D129/><U94/><E59/><N who="2" m="37279" /><F10/><W29/><N who="3" m="22528" /><DORA hai="99" /><W119/><G119/><T55/><D69/><U116/><E116/><V49/><F49/><N who="0" m="19018" /><D78/><U130/><E130/><V21/><F21/><W8/><G29/><T73/><D73/><U50/><E50/><V45/><F45/><W115/><G115/><T121/><D75/><U83/><E87/><V98/><F98/><W113/><G113/><T44/><D121/><U16/><E39/><V27/><F27/><W81/><G81/><T131/><D131/><U35/><E36/><V92/><F92/><W37/><G37/><T84/><D84/><U101/><E17/><AGARI ba="0,0" hai="9,14,17,104,106" m="37279,43303,50793" machi="17" ten="30,1500,0" yaku="20,1" doraHai="97,99" who="2" fromWho="1" sc="120,0,380,-15,250,15,250,0" /><INIT seed="2,1,0,2,0,125" ten="120,365,265,250" oya="2" hai0="75,71,105,103,10,8,80,59,132,123,7,109,13" hai1="14,28,76,25,124,54,128,37,92,41,49,106,64" hai2="68,101,83,27,110,91,99,46,134,90,79,127,98" hai3="26,70,120,24,133,116,17,113,22,16,1,129,86"/><V77/><F68/><W96/><G120/><T100/><D123/><U65/><E106/><V33/><F46/><W118/><G70/><T84/><D71/><U36/><E124/><V69/><F69/><W55/><G133/><T50/><D132/><U5/><E41/><V131/><F127/><W121/><G121/><T0/><D75/><U67/><E76/><N who="2" m="29259" /><F27/><W15/><G1/><T73/><D73/><U3/><E3/><V119/><F33/><W35/><G86/><T43/><D105/><U81/><E81/><V114/><F134/><W6/><G96/><N who="2" m="36905" /><F114/><W112/><G55/><T45/><D109/><U82/><E54/><V62/><F62/><W2/><G129/><T56/><D103/><U23/><E128/><V60/><F60/><W130/><G130/><T53/><D100/><U44/><E44/><V111/><F131/><W57/><G57/><T58/><D8/><U126/><E25/><N who="3" m="9834" /><G17/><T48/><REACH who="0" step="1"/><D0/><REACH who="0" ten="110,365,265,250" step="2"/><U12/><E126/><V9/><F9/><N who="3" m="2263" /><G35/><T19/><D19/><U87/><E23/><V102/><F102/><W94/><G94/><T104/><D104/><U31/><E92/><V18/><F18/><W34/><G34/><T40/><D40/><U93/><E93/><V52/><F101/><W29/><G29/><T38/><D38/><U20/><E36/><V30/><F30/><W78/><G113/><T63/><D63/><U88/><E37/><V66/><F110/><W135/><G112/><T51/><D51/><U4/><E49/><V61/><F111/><W95/><G135/><T32/><D32/><U122/><E31/><V117/><F61/><RYUUKYOKU ba="1,1" sc="110,30,365,-10,265,-10,250,-10" hai0="7,10,13,43,45,48,50,53,56,58,59,80,84" /><INIT seed="3,2,1,1,4,37" ten="140,355,255,240" oya="3" hai0="133,41,119,34,100,55,66,56,24,29,70,125,78" hai1="83,31,16,58,9,122,86,60,77,111,45,128,112" hai2="59,107,72,42,54,36,110,115,3,32,43,6,85" hai3="38,1,134,63,8,11,99,20,53,50,17,27,124"/><W114/><G38/><T5/><D119/><U21/><E122/><V35/><F115/><W74/><G114/><T26/><D133/><U67/><E112/><V12/><F72/><W131/><G74/><T13/><D125/><U71/><E111/><V123/><F110/><W117/><G117/><T88/><D78/><U127/><E128/><V40/><F107/><W80/><G131/><T14/><D100/><U101/><E127/><V61/><F36/><W98/><G124/><T106/><D106/><U75/><E31/><V64/><F123/><W30/><G134/><T39/><D5/><U15/><E101/><V90/><F3/><W65/><G80/><T96/><D26/><U51/><E75/><V109/><F109/><W25/><G1/><T108/><D108/><U87/><E87/><V103/><F103/><W76/><G76/><T135/><D135/><U129/><E129/><V120/><F120/><W84/><G84/><T132/><D132/><U118/><E118/><V69/><F6/><W7/><G7/><T52/><D55/><N who="1" m="30191" /><E71/><V19/><F69/><W105/><G105/><T2/><D2/><U47/><E47/><V18/><F64/><W89/><G65/><T68/><D66/><U22/><AGARI ba="2,1" hai="9,15,16,21,22,58,60,67,77,83,86" m="30191" machi="22" ten="30,2000,0" yaku="8,1,54,1" doraHai="37" who="1" fromWho="1" sc="140,-7,355,36,255,-7,240,-12" owari="133,-36.7,391,49.1,248,4.8,228,-17.2" /></mjloggm>