<mjloggm ver="2.3"><GO type="225" lobby="0"/><UN n0="%E7%B4%94%E6%BD%94%E3%83%94%E3%83%A9%E3%83%8B%E3%82%A2" n1="%E3%81%8B%E3%82%8F%E3%81%A1%E3%82%83%E3%82%93%35%38" n2="%E3%81%A9%E3%82%93%E3%82%88%E3%81%8F%4D%6B%2E%32" n3="%E9%80%9F%E6%B0%B4%E5%87%9B%E9%A6%99" dan="18,16,16,16" rate="2222.33,2080.96,2176.63,2091.72" sx="M,M,M,F"/><TAIKYOKU oya="0"/><INIT seed="0,0,0,5,5,109" ten="250,250,250,250" oya="0" hai0="89,83,52,107,0,134,102,74,2,13,128,108,75" hai1="10,51,18,77,53,93,111,106,16,56,118,55,50" hai2="121,63,68,4,24,48,45,69,112,105,99,67,76" hai3="94,32,73,91,7,19,21,122,117,8,95,17,90"/><T71/><D89/><U100/><E118/><V116/><F121/><W6/><G32/><T49/><D13/><U33/><E111/><V59/><F116/><W104/><G73/><T98/><D108/><U115/><E33/><V126/><F76/><W5/><G104/><T46/><D128/><U62/><E106/><V20/><F126/><W14/><G117/><T42/><D71/><U79/><E115/><V131/><F131/><W78/><G78/><N who="1" m="29706" /><E10/><V1/><F1/><W54/><G122/><T101/><D101/><U103/><E51/><V125/><F4/><W70/><G70/><T92/><D134/><U11/><E11/><V132/><F132/><W72/><G72/><T130/><D130/><U26/><E26/><V38/><F38/><W123/><G123/><T81/><D75/><U88/><E100/><V85/><F125/><W57/><G95/><T113/><D113/><U120/><E103/><V36/><F112/><W127/><G94/><T47/><D107/><U58/><E120/><V86/><F36/><W66/><G66/><T44/><D74/><U133/><E133/><V30/><F69/><W29/><G29/><T84/><D84/><AGARI ba="0,0" hai="16,18,50,53,55,56,58,62,84,88,93" m="29706" machi="84" ten="30,3900,0" yaku="8,1,54,2" doraHai="109" who="1" fromWho="0" sc="250,-39,250,39,250,0,250,0" /><INIT seed="1,0,0,4,0,101" ten="211,289,250,250" oya="1" hai0="120,12,63,108,9,74,68,29,127,58,26,70,36" hai1="99,43,55,21,69,77,112,115,17,10,79,88,81" hai2="56,6,113,105,31,129,90,103,75,39,109,24,118" hai3="71,104,13,1,50,111,85,28,123,91,80,2,98"/><U86/><E69/><V23/><F75/><W38/><G38/><T73/><D108/><U3/><E43/><V52/><F118/><W97/><G71/><T92/><D36/><U121/><E121/><V76/><F76/><W51/><G123/><T54/><D120/><U62/><E3/><V27/><F39/><W66/><G66/><T16/><D127/><U125/><E125/><V117/><F117/><W47/><G111/><T46/><D70/><U4/><E10/><V124/><F124/><W33/><G33/><T96/><D68/><U64/><E4/><V49/><F109/><W72/><G28/><T135/><D135/><U132/><E64/><V126/><F126/><W102/><G50/><T25/><D46/><U22/><E22/><V67/><F6/><W84/><G98/><T82/><D82/><U106/><E79/><V5/><F5/><W61/><G61/><T116/><D116/><U114/><E132/><V37/><F37/><W131/><G131/><T14/><D14/><U32/><E32/><V95/><F67/><W60/><G60/><T122/><D122/><U45/><E77/><V20/><F129/><W48/><G48/><T11/><D9/><U94/><E114/><V65/><F65/><W128/><G128/><T83/><D83/><U8/><E115/><V87/><F113/><W119/><G72/><N who="0" m="27755" /><D29/><U100/><E112/><V18/><F103/><W44/><G119/><T7/><D7/><U133/><E133/><V89/><F89/><N who="3" m="51335" /><G13/><T134/><D134/><U93/><E88/><V35/><F35/><W107/><G1/><T41/><D41/><RYUUKYOKU ba="0,0" sc="211,15,289,-15,250,15,250,-15" hai0="11,12,16,25,26,54,58,63,92,96" hai2="18,20,23,24,27,31,49,52,56,87,90,95,105" /><INIT seed="2,1,0,0,3,8" ten="226,274,265,235" oya="2" hai0="33,103,34,130,115,75,111,100,66,87,26,10,21" hai1="110,17,19,84,36,56,95,97,76,6,79,99,124" hai2="92,57,28,12,31,44,112,51,1,128,116,129,90" hai3="65,42,85,23,77,35,70,63,45,127,18,54,109"/><V101/><F1/><W58/><G109/><T126/><D75/><U30/><E36/><V89/><F112/><W113/><G35/><T69/><D111/><U29/><E110/><V119/><F57/><W5/><G5/><T102/><D115/><U120/><E6/><V80/><F80/><W7/><G7/><T104/><D104/><U15/><E124/><V13/><F101/><W93/><G127/><T107/><D107/><U125/><E125/><V64/><F64/><W105/><G105/><T41/><D10/><U122/><E56/><V82/><F82/><W71/><G113/><T108/><D108/><U121/><E84/><V83/><F83/><W43/><G77/><N who="1" m="29770" /><E19/><V22/><F22/><W47/><G71/><T38/><D87/><U52/><E52/><V9/><F9/><W49/><G45/><T53/><D53/><U118/><E118/><V96/><F89/><N who="3" m="53423" /><G70/><T98/><D130/><N who="2" m="50282" /><F119/><W11/><G11/><T134/><D134/><U123/><E123/><V106/><F106/><W133/><G133/><T32/><D126/><U3/><E3/><V94/><F94/><W135/><G135/><T50/><D66/><U114/><E114/><V61/><F61/><W0/><G0/><T27/><D69/><U62/><E62/><V14/><F116/><W40/><G40/><AGARI ba="1,0" hai="12,13,14,28,31,40,44,51,90,92,96" m="50282" machi="40" ten="30,11600,0" yaku="19,1,52,3" doraHai="8" who="2" fromWho="3" sc="226,0,274,0,265,119,235,-119" /><INIT seed="2,2,0,5,4,14" ten="226,274,384,116" oya="2" hai0="105,134,77,8,40,70,55,118,52,28,130,125,25" hai1="32,67,48,71,96,99,23,79,92,131,124,21,66" hai2="88,29,47,31,90,116,43,37,81,57,123,38,83" hai3="89,103,1,5,72,4,6,42,85,34,26,13,54"/><V22/><F116/><W98/><G72/><T100/><D118/><U74/><E32/><V3/><F3/><W106/><G1/><T73/><D70/><U35/><E35/><V30/><F123/><W9/><G42/><T121/><D121/><U80/><E124/><V93/><F38/><W45/><G34/><T27/><D125/><U16/><E131/><V33/><F33/><W108/><G26/><T117/><D117/><U69/><E48/><V64/><F64/><W126/><G126/><T87/><D73/><U36/><E36/><V15/><F57/><W68/><G68/><T50/><D130/><U39/><E39/><V17/><REACH who="2" step="1"/><F90/><REACH who="2" ten="226,274,374,116" step="2"/><W7/><G108/><T76/><D134/><U111/><E111/><V63/><F63/><W113/><G113/><T0/><D0/><U112/><E112/><V127/><F127/><W122/><G122/><T101/><D50/><U11/><E67/><V41/><F41/><W135/><G135/><T102/><D40/><U132/><E66/><V10/><F10/><W75/><G75/><T104/><D8/><U110/><E132/><V94/><F94/><W60/><G60/><T129/><D129/><U115/><E110/><V119/><F119/><W18/><N who="3" m="1024" /><DORA hai="53" /><W44/><REACH who="3" step="1"/><G54/><REACH who="3" ten="226,274,374,106" step="2"/><T95/><D52/><U62/><E62/><V114/><F114/><W51/><G51/><T82/><D55/><U97/><E115/><V84/><AGARI ba="2,2" hai="15,17,22,29,30,31,37,43,47,81,83,84,88,93" machi="84" ten="30,11700,0" yaku="1,1,0,1,52,1,54,1,53,0" doraHai="14,53" doraHaiUra="49,109" who="2" fromWho="2" sc="226,-41,274,-41,374,143,106,-41" /><INIT seed="2,3,0,1,0,59" ten="185,233,517,65" oya="2" hai0="122,9,98,71,41,58,22,31,8,16,42,87,72" hai1="64,35,49,11,13,43,60,84,115,110,128,45,0" hai2="99,2,123,131,67,100,68,102,46,101,27,88,134" hai3="91,17,94,124,79,5,95,129,107,37,38,54,80"/><V32/><F2/><W12/><G107/><T125/><D72/><U113/><E35/><V28/><F123/><W73/><G5/><T108/><D71/><U86/><E0/><V104/><F131/><W66/><G129/><T47/><D122/><U33/><E33/><V90/><F46/><W133/><G133/><T56/><D108/><U121/><E128/><V50/><F50/><W57/><G124/><T25/><D125/><U74/><E74/><V48/><F48/><W109/><G66/><T3/><D3/><U85/><E110/><V55/><F55/><W76/><G76/><T6/><D6/><U39/><E39/><V51/><F51/><W82/><G82/><T135/><D135/><U89/><E121/><V81/><F134/><W23/><G109/><T112/><D112/><U20/><E20/><V114/><F114/><W92/><REACH who="3" step="1"/><G91/><REACH who="3" ten="185,233,517,55" step="2"/><N who="2" m="34857" /><F81/><W127/><G127/><T75/><D75/><U116/><E115/><V93/><F93/><W14/><G14/><T10/><D42/><U21/><E113/><V15/><F15/><W111/><G111/><T19/><D41/><U36/><E43/><V26/><F26/><W117/><G117/><T52/><D25/><U4/><E116/><V29/><F29/><W1/><G1/><T103/><D31/><U130/><E130/><V69/><F69/><W70/><G70/><T61/><D19/><U34/><E4/><V7/><F7/><W18/><G18/><T106/><D16/><U40/><E13/><V120/><F120/><W30/><G30/><T65/><D106/><U78/><E40/><V118/><F118/><RYUUKYOKU ba="3,1" sc="185,-15,233,-15,517,15,55,15" hai2="27,28,32,67,68,99,100,101,102,104" hai3="12,17,23,37,38,54,57,73,79,80,92,94,95" /><INIT seed="2,4,1,5,3,78" ten="170,218,532,70" oya="2" hai0="100,57,135,79,94,30,15,130,23,109,31,89,26" hai1="10,72,131,128,34,39,48,22,116,33,71,40,111" hai2="86,98,83,101,113,115,53,9,69,52,56,46,76" hai3="66,123,25,50,85,107,90,19,68,82,80,27,133"/><V62/><F69/><W88/><G123/><T1/><D1/><U5/><E116/><V18/><F46/><W6/><G107/><T17/><D109/><U132/><E71/><V93/><F53/><W118/><G118/><T0/><D0/><N who="1" m="295" /><E48/><V117/><F117/><W45/><G133/><T51/><D135/><U95/><E132/><V36/><F36/><W41/><G6/><T65/><D130/><U75/><E95/><V74/><F74/><N who="1" m="28201" /><E22/><V54/><F54/><W105/><G105/><T127/><D127/><U12/><E12/><V99/><F99/><W87/><G19/><T73/><D100/><U64/><E64/><V60/><F60/><AGARI ba="4,1" hai="25,27,41,45,50,60,66,68,80,82,85,87,88,90" machi="60" ten="40,8000,1" yaku="9,1,52,2,54,1" doraHai="78" who="3" fromWho="2" sc="170,0,218,0,532,-92,70,102" /><INIT seed="3,0,0,5,2,8" ten="170,218,440,172" oya="3" hai0="58,121,127,74,132,113,97,92,71,124,67,65,94" hai1="134,50,99,112,128,89,6,90,2,133,38,4,10" hai2="91,9,0,48,27,3,96,109,122,78,123,116,87" hai3="103,60,102,85,93,115,117,14,32,51,15,24,104"/><W86/><G117/><T129/><D121/><N who="2" m="46090" /><F116/><W29/><G115/><T18/><D71/><U83/><E38/><V46/><F109/><W79/><G104/><T21/><D113/><U95/><E112/><V77/><F96/><W39/><G39/><T25/><D74/><U35/><E35/><V81/><F27/><W119/><G119/><T62/><D129/><U7/><E128/><V130/><F130/><W13/><G60/><T34/><D132/><N who="1" m="50795" /><E50/><V20/><F20/><N who="3" m="15495" /><G51/><T100/><D34/><U105/><E105/><V72/><F9/><W52/><G32/><T68/><D68/><U108/><E108/><V45/><F45/><W55/><G79/><N who="2" m="30217" /><F72/><W36/><G36/><T111/><D111/><U135/><E135/><V110/><F110/><W118/><G118/><T30/><D65/><U54/><E54/><AGARI ba="0,0" hai="0,3,46,48,54,81,87,91" m="30217,46090" machi="54" ten="30,1000,0" yaku="13,1" doraHai="8" who="2" fromWho="1" sc="170,0,218,-10,440,10,172,0" owari="170,-33.0,208,0.8,450,55.0,172,-22.8" /></mjloggm>