<mjloggm ver="2.3"><GO type="225" lobby="0"/><UN n0="%72%69%6F%75%63%68%61%6E" n1="%E3%81%AA%E3%81%A1%30%39%32%37" n2="%E3%82%BC%E3%83%AB%E3%83%80%E3%81%AE%E4%BC%9D%E8%AA%AC" n3="%72%61%6B%33" dan="17,16,17,17" rate="2270.60,2078.92,2232.07,2176.25" sx="M,M,M,M"/><TAIKYOKU oya="0"/><INIT seed="0,0,0,0,1,110" ten="250,250,250,250" oya="0" hai0="89,48,85,46,121,21,30,86,101,34,122,26,10" hai1="123,127,7,105,113,58,106,47,130,20,117,55,66" hai2="88,32,3,132,22,107,115,54,98,97,0,116,19" hai3="93,84,57,41,70,77,39,11,67,35,62,29,36"/><T13/><D101/><U99/><E117/><V51/><F116/><W50/><G35/><T71/><D71/><U65/><E123/><V37/><F37/><W104/><G29/><T114/><D114/><U14/><E130/><V108/><F108/><W49/><G104/><T118/><D34/><U53/><E127/><V128/><F32/><W38/><G11/><T126/><D126/><U25/><E105/><V69/><F69/><W87/><G77/><T83/><D85/><U43/><E106/><V27/><F115/><W75/><G75/><T15/><D118/><U56/><E99/><V92/><F132/><W45/><G93/><T16/><REACH who="0" step="1"/><D15/><REACH who="0" ten="240,250,250,250" step="2"/><U1/><E14/><V59/><REACH who="2" step="1"/><F128/><REACH who="2" ten="240,250,240,250" step="2"/><W24/><G70/><T52/><AGARI ba="0,2" hai="10,13,16,21,26,30,46,48,52,83,86,89,121,122" machi="52" ten="20,24000,3" yaku="1,1,2,1,0,1,7,1,25,2,54,2,53,1" doraHai="110" doraHaiUra="40" who="0" fromWho="0" sc="240,260,250,-80,240,-80,250,-80" /><INIT seed="0,1,0,5,3,27" ten="500,170,160,170" oya="0" hai0="43,130,78,33,71,29,88,83,7,64,98,28,17" hai1="119,13,99,37,126,77,79,14,81,132,90,100,52" hai2="63,112,24,134,20,121,1,69,133,47,53,30,91" hai3="62,68,92,80,46,128,67,82,0,23,58,123,40"/><T84/><D130/><U16/><E119/><V57/><F121/><W114/><G114/><T34/><D7/><U109/><E37/><V115/><F1/><W31/><G0/><T36/><D33/><U106/><E109/><V21/><F69/><W103/><G68/><T26/><D36/><U8/><E132/><N who="2" m="50795" /><F91/><W6/><G6/><T97/><D43/><U116/><E126/><V75/><F75/><W39/><G123/><T95/><D17/><U72/><E116/><V124/><F124/><W65/><G65/><T19/><D19/><U70/><E70/><V85/><F85/><W108/><G108/><T129/><D129/><U11/><E79/><V54/><F21/><W111/><G111/><T2/><D2/><U3/><E3/><V76/><F76/><W125/><G128/><T32/><D29/><U73/><E90/><V56/><F47/><W110/><G125/><T89/><D34/><U35/><E35/><V122/><F122/><W51/><G39/><T107/><D107/><U66/><E66/><V55/><F55/><W5/><G5/><T127/><D127/><U93/><E106/><V117/><F117/><W61/><G110/><T44/><D44/><U38/><E38/><V60/><AGARI ba="1,0" hai="20,24,30,53,54,56,57,60,63,112,115" m="50795" machi="60" ten="30,2000,0" yaku="20,1,52,1" doraHai="27" who="2" fromWho="2" sc="500,-11,170,-6,160,23,170,-6" /><INIT seed="1,0,0,2,1,45" ten="489,164,183,164" oya="1" hai0="111,99,123,80,92,28,122,74,25,105,1,101,131" hai1="35,8,83,3,72,112,119,114,22,30,63,130,75" hai2="13,21,54,85,126,62,77,27,93,11,129,87,61" hai3="32,116,50,2,40,69,57,12,108,26,71,29,41"/><U91/><E119/><V86/><F126/><W113/><G2/><T125/><D111/><U94/><E130/><V95/><F129/><W120/><G113/><T115/><D131/><U121/><E121/><N who="0" m="46089" /><D115/><U132/><E35/><V98/><F77/><W76/><G108/><T59/><D125/><U46/><E132/><V90/><F93/><W110/><G110/><T38/><D38/><U118/><E118/><V100/><F100/><W64/><G76/><N who="0" m="44055" /><D1/><U44/><E83/><V60/><F54/><W49/><G116/><T68/><D68/><U15/><E3/><V135/><F135/><W37/><G37/><T66/><D105/><U65/><E75/><V18/><REACH who="2" step="1"/><F98/><REACH who="2" ten="489,164,173,164" step="2"/><W42/><G120/><T34/><D66/><U51/><E65/><V127/><F127/><W14/><G64/><T16/><D59/><U47/><E114/><V133/><F133/><W109/><G57/><T82/><D82/><U102/><E112/><V73/><F73/><W23/><G109/><T7/><D99/><U128/><E72/><V104/><F104/><W43/><G71/><T20/><D92/><U0/><E94/><V70/><F70/><W107/><G69/><T52/><D101/><U33/><E102/><V84/><F84/><W6/><G107/><T88/><D52/><U89/><E128/><V103/><F103/><W117/><G117/><T53/><D53/><U24/><E91/><V56/><F56/><W97/><G97/><T78/><D88/><U134/><E89/><V67/><F67/><W4/><G43/><T17/><D78/><U106/><E134/><V96/><F96/><RYUUKYOKU ba="0,1" sc="489,-10,164,-10,173,30,164,-10" hai2="11,13,18,21,27,60,61,62,85,86,87,90,95" /><INIT seed="2,1,1,5,5,77" ten="479,154,203,154" oya="2" hai0="22,29,79,72,16,107,7,132,61,84,125,25,12" hai1="121,105,57,80,68,44,90,118,110,127,30,71,97" hai2="60,59,100,83,66,91,13,37,95,98,38,47,112" hai3="56,28,42,48,133,124,19,135,93,67,119,89,10"/><V111/><F112/><W40/><G119/><T6/><D72/><U17/><E118/><V120/><F120/><W51/><G28/><T15/><D107/><U26/><E121/><V122/><F122/><W87/><G124/><T114/><D114/><U36/><E127/><V35/><F111/><W104/><G104/><T43/><D125/><U70/><E110/><V109/><F109/><W62/><G135/><T69/><D132/><U130/><E130/><V34/><F13/><N who="3" m="7607" /><G133/><T0/><D0/><U4/><E57/><V96/><F47/><W46/><G48/><T131/><D131/><U31/><E4/><V52/><F66/><W58/><G56/><T85/><D43/><AGARI ba="1,1" hai="40,42,43,46,51,58,62,67,87,89,93" m="7607" machi="43" ten="30,1000,0" yaku="8,1" doraHai="77" who="3" fromWho="0" sc="479,-13,154,0,203,0,154,23" /><INIT seed="3,0,0,3,2,128" ten="466,154,203,177" oya="3" hai0="57,41,10,115,63,74,50,134,118,132,106,104,44" hai1="7,117,68,109,31,89,39,78,116,97,13,82,12" hai2="61,5,73,85,28,8,34,38,93,90,110,77,16" hai3="107,22,20,51,99,11,14,35,83,131,102,103,0"/><W45/><G131/><T129/><D129/><U121/><E68/><V79/><F38/><W122/><G122/><T49/><D74/><N who="1" m="43351" /><E39/><V62/><F110/><W66/><G35/><T46/><D118/><N who="1" m="45675" /><E31/><V88/><F73/><W52/><G0/><T111/><D111/><U3/><E13/><N who="2" m="7207" /><F28/><W98/><G83/><T105/><D10/><U15/><E15/><V37/><F37/><W65/><G20/><T133/><D115/><U87/><E12/><V70/><F70/><W76/><G76/><N who="2" m="29257" /><F34/><W42/><G42/><N who="0" m="24727" /><D104/><U130/><E7/><V120/><F120/><W96/><G22/><T119/><D119/><U135/><E3/><V26/><F5/><W40/><G40/><T123/><D123/><U71/><E71/><V126/><F126/><W24/><G24/><T43/><D41/><U27/><E27/><V36/><F36/><W64/><REACH who="3" step="1"/><G107/><REACH who="3" ten="466,154,203,167" step="2"/><T81/><D81/><N who="1" m="49391" /><E121/><V95/><F26/><W75/><G75/><T108/><D108/><U59/><E130/><V114/><F114/><W21/><G21/><T54/><AGARI ba="0,1" hai="43,46,50,54,57,63,105,106,132,133,134" m="24727" machi="54" ten="30,7900,0" yaku="20,1,52,3" doraHai="128" who="0" fromWho="0" sc="466,89,154,-20,203,-20,167,-39" owari="555,65.5,134,-26.6,183,-1.7,128,-37.2" /></mjloggm>