<mjloggm ver="2.3"><GO type="225" lobby="0"/><UN n0="%72%69%6F%75%63%68%61%6E" n1="%E3%81%8B%E3%82%8F%E3%81%A1%E3%82%83%E3%82%93%35%38" n2="%E3%81%BE%E3%81%A8%E3%81%9F" n3="%E3%82%BC%E3%83%AB%E3%83%80%E3%81%AE%E4%BC%9D%E8%AA%AC" dan="16,17,16,17" rate="2249.58,2205.45,2121.10,2224.85" sx="M,M,M,M"/><TAIKYOKU oya="0"/><INIT seed="0,0,0,0,2,113" ten="250,250,250,250" oya="0" hai0="106,84,94,79,13,40,82,50,124,130,42,133,33" hai1="108,95,56,107,28,48,6,2,49,44,36,122,87" hai2="129,0,76,125,86,100,120,128,127,51,65,24,30" hai3="112,4,53,88,66,38,114,105,9,55,72,61,69"/><T1/><D1/><U19/><E107/><V10/><F100/><W91/><G105/><T96/><D124/><N who="2" m="47690" /><F65/><W109/><G72/><T73/><D133/><U101/><E122/><V3/><F51/><W103/><G103/><N who="0" m="62823" /><D33/><U52/><E108/><V121/><F86/><W64/><G109/><T20/><D130/><N who="2" m="50282" /><F76/><W46/><G66/><T102/><D102/><U31/><E36/><V43/><F43/><W15/><G53/><T93/><D94/><U81/><E6/><N who="2" m="1351" /><F3/><W111/><G111/><T80/><D82/><U75/><E2/><V131/><F131/><W119/><G55/><T22/><D50/><U132/><E75/><V35/><AGARI ba="0,0" hai="24,30,35,120,121" m="1351,50282,47690" machi="35" ten="30,8000,1" yaku="18,1,19,1,23,1,34,2" doraHai="113" who="2" fromWho="2" sc="250,-40,250,-20,250,80,250,-20" /><INIT seed="1,0,0,1,3,122" ten="210,230,330,230" oya="1" hai0="20,30,110,21,64,23,15,111,67,133,134,6,88" hai1="18,0,73,109,79,91,10,106,117,92,43,126,116" hai2="50,60,94,41,31,114,59,68,8,56,55,131,62" hai3="82,1,63,48,44,53,25,75,76,65,24,127,81"/><U46/><E106/><V125/><F125/><W9/><G127/><T99/><D30/><U12/><E126/><V57/><F31/><W49/><G82/><T35/><D35/><U113/><E113/><V26/><F26/><W84/><G75/><T80/><D6/><U93/><E0/><V121/><F121/><W7/><REACH who="3" step="1"/><G49/><REACH who="3" ten="210,230,330,220" step="2"/><T2/><D2/><U100/><E73/><V103/><F50/><W96/><G96/><T123/><D123/><U85/><E79/><V87/><F114/><W72/><G72/><T36/><D36/><U32/><E117/><V95/><F87/><W51/><G51/><T129/><D129/><U78/><E116/><V19/><F131/><W135/><G135/><N who="0" m="51723" /><D15/><U70/><E78/><V38/><F38/><W34/><G34/><T128/><D128/><U118/><E32/><V104/><F41/><W47/><G47/><T107/><D80/><U54/><E118/><V115/><F115/><W89/><G89/><T120/><D120/><U105/><E43/><V108/><F103/><W42/><G42/><T66/><D88/><U5/><E46/><V11/><F62/><W37/><G37/><T97/><D99/><U102/><E102/><AGARI ba="0,1" hai="20,21,23,64,66,67,97,102,107,110,111" m="51723" machi="102" ten="40,5200,0" yaku="20,1,52,2" doraHai="122" who="0" fromWho="1" sc="210,62,230,-52,330,0,220,0" /><INIT seed="2,0,0,5,0,126" ten="272,178,330,220" oya="2" hai0="25,66,26,118,70,98,124,50,82,58,95,44,105" hai1="133,48,129,102,60,31,117,87,16,21,90,91,64" hai2="39,33,36,23,99,132,46,106,38,97,40,115,78" hai3="81,111,47,94,114,92,52,54,68,1,4,112,93"/><V131/><F115/><N who="3" m="44075" /><G111/><T17/><D124/><U128/><E117/><V96/><F33/><W110/><G110/><T2/><D70/><U120/><E133/><V9/><F132/><W134/><G134/><T65/><D118/><U3/><E3/><V79/><F106/><W11/><G68/><T130/><D130/><N who="1" m="50283" /><E120/><V6/><F23/><W84/><G47/><T122/><D105/><U49/><E102/><V108/><F108/><W7/><G7/><T69/><D69/><N who="1" m="42119" /><E31/><V109/><F109/><W20/><G20/><T29/><D29/><U57/><E57/><V77/><REACH who="2" step="1"/><F131/><REACH who="2" ten="272,178,320,220" step="2"/><W37/><G37/><T121/><D122/><U89/><E87/><V67/><F67/><W28/><G28/><T100/><D66/><U116/><E116/><V0/><AGARI ba="0,1" hai="0,6,9,36,38,39,40,46,77,78,79,96,97,99" machi="0" ten="30,3000,0" yaku="1,1,0,1,53,0" doraHai="126" doraHaiUra="30" who="2" fromWho="2" sc="272,-10,178,-10,320,40,220,-10" /><INIT seed="2,1,0,0,1,70" ten="262,168,360,210" oya="2" hai0="122,27,111,17,3,72,31,52,56,93,51,125,22" hai1="28,62,133,121,118,80,104,60,45,88,127,57,33" hai2="131,85,65,50,116,5,34,82,55,26,19,42,23" hai3="106,61,96,75,112,44,98,66,64,128,92,59,69"/><V94/><F131/><W81/><G128/><T38/><D122/><U49/><E118/><V48/><F34/><W39/><G112/><T63/><D72/><U113/><E113/><V6/><F94/><W30/><G106/><T119/><D119/><U130/><E130/><V54/><F65/><W105/><G105/><T120/><D120/><U79/><E121/><V16/><F42/><W4/><G30/><T41/><D3/><U110/><E110/><V87/><F23/><W108/><G108/><T18/><D111/><U117/><E117/><V91/><F26/><W71/><G4/><T95/><D125/><U46/><E127/><V115/><F91/><W126/><G126/><T2/><D2/><U109/><E109/><V86/><F82/><W25/><G25/><T74/><D74/><U134/><E104/><V13/><F86/><W101/><G98/><T35/><D38/><U47/><E49/><V43/><F50/><W67/><G81/><T78/><D78/><U53/><E60/><V21/><F48/><W9/><G9/><T10/><D35/><U1/><E1/><V107/><F107/><W68/><G75/><T124/><D124/><U40/><E40/><V0/><F43/><W103/><G103/><T37/><D37/><U99/><E79/><V123/><F0/><W135/><G135/><N who="1" m="51722" /><E80/><V36/><F123/><W11/><G11/><T90/><D10/><U32/><E28/><V8/><F8/><W97/><G97/><N who="0" m="57527" /><D95/><AGARI ba="1,0" hai="32,33,45,46,47,53,57,62,88,95,99" m="51722" machi="95" ten="30,2000,0" yaku="20,1,54,1" doraHai="70" who="1" fromWho="0" sc="262,-23,168,23,360,0,210,0" /><INIT seed="3,0,0,1,2,126" ten="239,191,360,210" oya="3" hai0="20,135,22,85,37,36,132,102,0,74,120,44,118" hai1="28,39,33,123,59,88,38,19,50,108,104,21,43" hai2="124,89,23,57,3,107,41,71,24,42,9,60,131" hai3="119,87,66,11,106,7,98,15,69,61,29,75,67"/><W112/><G119/><T105/><D118/><U10/><E123/><V55/><F107/><W92/><G75/><T27/><D120/><U91/><E108/><V40/><F124/><W53/><G112/><T72/><D0/><U26/><E104/><V79/><F79/><W117/><G117/><T56/><D85/><U1/><E39/><N who="0" m="14921" /><D44/><U111/><E38/><V125/><F125/><W122/><G122/><T96/><D56/><U110/><E43/><V49/><F3/><W32/><G87/><T128/><D128/><U83/><E50/><V52/><F131/><W93/><G53/><T46/><D46/><U113/><E59/><V68/><F9/><W34/><G67/><T73/><D27/><U133/><E113/><V6/><F6/><W2/><G2/><T103/><D102/><U45/><E45/><V8/><F8/><W4/><G4/><T130/><D130/><U17/><E133/><AGARI ba="0,0" hai="20,22,72,73,74,96,103,105,132,133,135" m="14921" machi="133" ten="40,1300,0" yaku="20,1" doraHai="126" who="0" fromWho="1" sc="239,13,191,-13,360,0,210,0" owari="252,5.2,178,-32.2,360,46.0,210,-19.0" /></mjloggm>