<mjloggm ver="2.3"><GO type="225" lobby="0"/><UN n0="%E5%8D%A0%E3%81%84%E5%B8%AB%E8%A3%8F%E3%81%AA%E3%81%84%E3%81%97" n1="%E3%81%A4%E3%81%A3%E3%81%B1%E3%82%8A%E3%83%9D%E3%83%BC%E3%83%AB" n2="%E3%83%8F%E3%83%B3%E3%83%89%E3%83%A9%E3%83%BC%E3%83%BB%E3%83%AF%E3%83%B3" n3="%E6%B4%BE%E9%81%A3%E3%81%AE%E3%82%B8%E3%83%A3%E3%83%83%E3%82%AF" dan="17,16,17,17" rate="2156.36,2071.83,2238.27,2224.28" sx="M,M,M,M"/><TAIKYOKU oya="0"/><INIT seed="0,0,0,1,0,42" ten="250,250,250,250" oya="0" hai0="54,30,96,37,52,126,53,45,88,63,103,118,7" hai1="70,102,17,39,98,23,82,72,25,114,8,55,2" hai2="38,99,13,33,12,71,32,101,14,19,69,47,135" hai3="78,59,107,24,130,4,121,91,62,108,41,94,36"/><T104/><D118/><U26/><E114/><V31/><F135/><W105/><G108/><T48/><D37/><U116/><E116/><V3/><F3/><W109/><G109/><T95/><D126/><U129/><E129/><V6/><F6/><W65/><G130/><T67/><D30/><U125/><E125/><V51/><F19/><W115/><G115/><T80/><D80/><U56/><E70/><V1/><F1/><W85/><G121/><T74/><D74/><U87/><E39/><V44/><F38/><W43/><G4/><T16/><D16/><U86/><E72/><V84/><F84/><W9/><G9/><T49/><D49/><U46/><E26/><V120/><F120/><W22/><G78/><T76/><D76/><U57/><E86/><V10/><F10/><W112/><G112/><T40/><D7/><U77/><E2/><V64/><F51/><W79/><G79/><T127/><D127/><U27/><E27/><N who="2" m="18559" /><F71/><W93/><G93/><T132/><D132/><U124/><E8/><V92/><F92/><W122/><G122/><T133/><D133/><U18/><E18/><V100/><F100/><W68/><G68/><T134/><D134/><U90/><E77/><V0/><F0/><W117/><G117/><T97/><REACH who="0" step="1"/><D67/><REACH who="0" ten="240,250,250,250" step="2"/><U60/><E124/><V20/><F20/><W131/><G131/><T35/><D35/><U111/><E111/><V83/><F33/><W75/><G75/><T110/><D110/><U81/><E23/><V113/><F113/><W119/><G119/><T89/><D89/><U28/><E90/><V106/><F83/><RYUUKYOKU ba="0,1" sc="240,15,250,-15,250,15,250,-15" hai0="40,45,48,52,53,54,63,88,95,96,97,103,104" hai2="12,13,14,44,47,64,69,99,101,106" /><INIT seed="0,1,1,2,3,19" ten="255,235,265,235" oya="0" hai0="34,112,37,3,68,64,33,129,122,118,131,7,117" hai1="40,80,93,87,75,65,59,126,31,100,10,123,4" hai2="16,62,48,82,52,73,119,105,17,26,77,58,83" hai3="128,90,28,104,94,44,15,71,30,127,45,2,125"/><T67/><D112/><U55/><E123/><V99/><F119/><N who="0" m="45578" /><D122/><U56/><E126/><N who="3" m="48138" /><G2/><T49/><D49/><U20/><E75/><V103/><F82/><W72/><G72/><T110/><D37/><U74/><E74/><V115/><F115/><W50/><G71/><T36/><D36/><U78/><E40/><V39/><F39/><W106/><G128/><N who="0" m="49227" /><D68/><U135/><E135/><V79/><F79/><W84/><G45/><T81/><D81/><U11/><E65/><N who="0" m="25161" /><D110/><U124/><E124/><V63/><REACH who="2" step="1"/><F17/><REACH who="2" ten="255,235,255,235" step="2"/><W6/><G6/><T89/><D89/><U109/><E80/><V43/><F43/><W41/><G15/><T22/><D7/><U85/><E4/><V69/><F69/><W132/><G132/><T61/><D3/><U18/><E109/><V96/><F96/><W13/><G13/><T66/><D66/><U53/><E53/><V76/><F76/><W97/><G97/><T29/><D61/><U86/><E78/><V113/><F113/><W0/><G0/><T101/><D101/><U98/><E100/><V130/><F130/><W12/><G12/><T102/><D102/><U70/><E70/><V24/><F24/><AGARI ba="1,2" hai="22,24,29,33,34" m="25161,49227,45578" machi="24" ten="40,3900,0" yaku="19,1,52,1" doraHai="19" who="0" fromWho="2" sc="255,62,235,0,255,-42,235,0" /><INIT seed="0,2,0,2,4,132" ten="317,235,213,235" oya="0" hai0="110,91,89,72,84,97,88,135,96,101,42,34,99" hai1="104,93,103,82,0,54,61,55,115,70,41,111,14" hai2="129,87,29,102,3,63,39,17,25,109,100,76,45" hai3="116,80,106,43,92,121,105,123,86,22,133,124,12"/><T24/><D135/><U10/><E104/><V108/><F3/><W35/><G133/><T1/><D1/><U38/><E0/><V78/><F129/><W119/><G35/><T126/><D42/><U113/><E111/><N who="2" m="42571" /><F17/><N who="3" m="10535" /><G92/><N who="0" m="54279" /><D110/><U128/><E128/><V58/><F45/><W47/><G106/><N who="0" m="63783" /><D24/><U16/><E82/><N who="2" m="47559" /><F78/><N who="3" m="46359" /><G105/><T28/><D28/><U57/><E70/><V9/><F9/><W52/><G43/><T51/><D51/><U18/><E41/><V23/><F39/><W59/><G47/><T2/><D34/><U83/><E38/><V60/><F60/><N who="3" m="35943" /><G124/><T74/><D2/><U53/><E115/><V68/><F68/><W67/><G67/><AGARI ba="2,0" hai="23,25,29,58,63,67,100,102" m="47559,42571" machi="67" ten="30,1000,0" yaku="14,1" doraHai="132" who="2" fromWho="3" sc="317,0,235,0,213,16,235,-16" /><INIT seed="1,0,0,0,3,81" ten="317,235,229,219" oya="1" hai0="94,120,32,51,124,61,41,25,126,69,58,64,17" hai1="86,7,134,12,68,10,130,53,103,37,65,91,123" hai2="72,92,45,56,128,84,135,27,87,42,93,52,33" hai3="106,104,127,90,79,115,57,49,2,89,67,28,73"/><U116/><E116/><V24/><F72/><W133/><G115/><T34/><D120/><U117/><E117/><V98/><F128/><W132/><G2/><T109/><D109/><U131/><E123/><V54/><F135/><N who="3" m="51787" /><G28/><T21/><D94/><N who="2" m="36458" /><F33/><N who="0" m="12906" /><D41/><U76/><E76/><V47/><F98/><W96/><G127/><N who="0" m="48683" /><D51/><U62/><E134/><V16/><F54/><N who="3" m="31951" /><G67/><T13/><D13/><U43/><E43/><V18/><F27/><W44/><G44/><N who="2" m="16969" /><F42/><W55/><G55/><T38/><D38/><U105/><E53/><V118/><F118/><W6/><G6/><T108/><D108/><U113/><E37/><V129/><F129/><W0/><G0/><T63/><D63/><U39/><E39/><V36/><F36/><W97/><G97/><T35/><D35/><U125/><E125/><V112/><F112/><W102/><G104/><T71/><AGARI ba="0,0" hai="17,21,25,58,61,64,69,71" m="48683,12906" machi="71" ten="40,1500,0" yaku="18,1" doraHai="81" who="0" fromWho="0" sc="317,15,235,-7,229,-4,219,-4" /><INIT seed="2,0,0,3,2,32" ten="332,228,225,215" oya="2" hai0="43,2,104,130,107,65,80,15,10,50,113,42,135" hai1="56,62,110,0,40,119,85,102,121,96,118,14,27" hai2="128,59,26,64,36,132,88,111,81,66,122,134,6" hai3="63,90,79,39,108,72,94,75,25,112,7,38,61"/><V83/><F122/><W69/><G108/><T13/><D113/><U24/><E0/><V35/><F36/><W101/><G101/><T105/><D135/><N who="2" m="51754" /><F128/><W91/><G25/><T89/><D130/><U60/><E110/><V70/><F70/><W20/><G20/><T97/><D65/><U120/><E40/><V1/><F111/><W54/><G69/><T84/><D97/><U30/><E14/><V86/><F81/><W103/><G103/><T87/><D2/><U22/><E85/><V71/><F59/><W16/><G112/><T73/><D73/><U41/><E41/><V131/><F71/><W33/><G33/><T5/><D50/><U31/><E56/><V3/><F131/><W29/><G29/><T19/><REACH who="0" step="1"/><D84/><REACH who="0" ten="322,228,225,215" step="2"/><U92/><E119/><V67/><F6/><W28/><G7/><T18/><D18/><U127/><E118/><V34/><F34/><W49/><G16/><T99/><D99/><U48/><E48/><V124/><F124/><W53/><G49/><T21/><AGARI ba="0,1" hai="5,10,13,15,19,21,42,43,80,87,89,104,105,107" machi="21" ten="30,2000,0" yaku="1,1,0,1,53,0" doraHai="32" doraHaiUra="109" who="0" fromWho="0" sc="322,30,228,-5,225,-10,215,-5" /><INIT seed="3,0,0,5,4,102" ten="352,223,215,210" oya="3" hai0="31,25,107,6,17,50,21,77,34,62,48,1,121" hai1="23,101,100,61,105,123,42,40,51,124,78,30,89" hai2="43,76,133,103,75,14,29,46,91,98,130,79,12" hai3="5,84,112,27,95,20,80,99,69,39,82,66,108"/><W56/><G112/><T64/><D107/><U67/><E123/><V122/><F122/><W24/><G39/><T15/><D77/><U74/><E105/><V94/><F130/><W3/><G69/><N who="0" m="42135" /><D121/><U22/><E124/><V127/><F127/><W4/><G108/><T86/><D86/><U119/><E78/><N who="2" m="29739" /><F75/><W2/><G2/><T97/><D97/><U111/><E111/><V129/><F129/><W106/><G106/><T7/><D7/><N who="3" m="2633" /><G3/><T13/><D13/><N who="2" m="5226" /><F133/><W96/><G84/><T125/><D125/><U59/><E74/><V81/><F29/><N who="3" m="17543" /><G27/><T33/><D33/><U73/><E73/><V135/><F135/><W120/><G120/><T8/><AGARI ba="0,0" hai="1,6,8,15,17,21,25,31,34,48,50" m="42135" machi="8" ten="30,1100,0" yaku="24,1" doraHai="102" who="0" fromWho="0" sc="352,11,223,-3,215,-3,210,-5" owari="363,46.3,220,2.0,212,-18.8,205,-29.5" /></mjloggm>