<mjloggm ver="2.3"><GO type="225" lobby="0"/><UN n0="%E5%84%AA%40%41%42%43" n1="%72%69%6F%75%63%68%61%6E" n2="%E5%8D%A0%E3%81%84%E5%B8%AB%E8%A3%8F%E3%81%AA%E3%81%84%E3%81%97" n3="%E5%B0%8F%E9%B3%A5%E9%81%8A%E7%B7%B4%E7%84%A1%32%31%E6%AD%B3" dan="18,17,16,16" rate="2196.64,2150.58,2106.26,2183.82" sx="M,M,M,F"/><TAIKYOKU oya="0"/><INIT seed="0,0,0,2,1,84" ten="250,250,250,250" oya="0" hai0="54,132,14,39,41,83,68,93,119,116,48,12,94" hai1="9,91,82,4,131,107,16,60,106,13,6,121,78" hai2="31,112,103,109,36,85,21,55,44,26,11,130,69" hai3="71,99,114,80,19,95,86,63,53,108,56,7,117"/><T37/><D68/><U81/><E121/><V18/><F112/><W8/><G117/><T20/><D83/><U59/><E131/><V134/><F69/><W87/><G114/><T61/><D61/><U110/><E110/><V10/><F109/><W120/><G120/><T124/><D41/><U52/><E81/><V57/><F130/><W75/><G71/><T49/><D20/><U66/><E91/><V90/><F103/><W118/><G19/><T100/><D54/><U29/><E29/><V92/><F134/><W127/><G127/><T51/><D100/><U30/><E30/><V46/><F36/><W33/><G33/><T133/><REACH who="0" step="1"/><D49/><REACH who="0" ten="240,250,250,250" step="2"/><U129/><E129/><V111/><F111/><W24/><G108/><T126/><AGARI ba="0,1" hai="12,14,37,39,48,51,93,94,116,119,124,126,132,133" machi="126" ten="25,12000,1" yaku="1,1,2,1,0,1,22,2,53,0" doraHai="84" doraHaiUra="67" who="0" fromWho="0" sc="240,130,250,-40,250,-40,250,-40" /><INIT seed="0,1,0,2,0,59" ten="370,210,210,210" oya="0" hai0="56,44,24,54,120,17,127,50,129,79,109,98,95" hai1="49,74,135,86,73,102,57,118,71,39,130,125,58" hai2="85,0,48,53,15,113,30,29,82,90,69,103,51" hai3="26,1,20,97,45,76,116,91,106,2,65,16,41"/><T128/><D120/><U121/><E118/><V83/><F0/><W92/><G116/><T70/><D70/><U72/><E121/><V94/><F113/><W134/><G134/><T104/><D104/><U81/><E39/><V112/><F112/><W25/><G106/><T14/><D127/><U10/><E71/><V9/><F69/><W33/><G76/><T42/><D79/><U18/><E135/><V34/><F34/><W75/><G75/><T89/><D24/><U115/><E115/><V62/><F51/><W124/><G124/><T19/><D109/><U27/><E125/><V66/><F66/><W61/><G26/><T123/><D123/><U67/><E130/><N who="0" m="50281" /><D14/><U101/><E27/><V63/><F30/><W3/><G33/><T11/><D11/><U93/><E10/><V78/><F29/><W119/><G119/><T8/><D8/><U23/><E72/><V46/><F103/><W132/><G132/><T68/><D68/><U122/><E102/><V96/><F82/><W107/><G107/><T77/><D77/><U80/><E81/><V22/><F22/><W99/><G2/><T55/><D55/><U35/><E80/><V43/><F53/><W126/><G126/><T131/><N who="0" m="50289" /><T52/><DORA hai="110" /><D54/><U105/><E73/><V21/><F21/><W36/><G1/><T114/><D114/><U12/><E74/><V28/><F28/><W7/><G3/><T4/><D4/><AGARI ba="1,0" hai="4,9,15,43,46,48,62,63,78,83,85,90,94,96" machi="4" ten="30,12000,2" yaku="7,1,25,2,8,1,52,2" doraHai="59,110" who="2" fromWho="0" sc="370,-123,210,0,210,123,210,0" /><INIT seed="1,0,0,2,5,129" ten="247,210,333,210" oya="1" hai0="65,45,118,102,119,38,39,5,88,27,12,98,50" hai1="99,128,7,127,49,82,131,33,114,0,63,14,133" hai2="78,120,108,67,93,58,25,96,28,52,20,95,117" hai3="126,51,29,132,24,17,61,110,31,111,37,68,56"/><U30/><E133/><V36/><F117/><W21/><G37/><T115/><D115/><U97/><E114/><V57/><F120/><W94/><G126/><T41/><D65/><U84/><E127/><V4/><F36/><W6/><G68/><T34/><D39/><U13/><E0/><V103/><F108/><N who="3" m="41515" /><G51/><T10/><D50/><U59/><E49/><N who="2" m="30863" /><F93/><W11/><G94/><T62/><D62/><U135/><E135/><V122/><F78/><W124/><G124/><T48/><D48/><U55/><E30/><V130/><F122/><W85/><G85/><T125/><D125/><U64/><E33/><V9/><F130/><N who="1" m="49705" /><E64/><V44/><F44/><W107/><G107/><T23/><D34/><U8/><E14/><N who="2" m="5415" /><F58/><W35/><G132/><T53/><D53/><U81/><E81/><V40/><F67/><N who="3" m="39335" /><G35/><T86/><D118/><U19/><E7/><V83/><F83/><W3/><AGARI ba="0,0" hai="3,6,11,17,21,24,29,31" m="39335,41515" machi="3" ten="30,1100,0" yaku="14,1" doraHai="129" who="3" fromWho="3" sc="247,-3,210,-5,333,-3,210,11" /><INIT seed="2,0,0,5,5,16" ten="244,205,330,221" oya="2" hai0="97,28,26,88,95,59,54,128,76,113,64,73,63" hai1="60,12,68,84,106,66,82,130,115,100,7,114,132" hai2="93,124,101,129,125,123,126,31,105,71,13,44,85" hai3="131,116,17,21,2,91,43,5,46,72,69,89,108"/><V24/><F123/><W25/><G116/><T19/><D128/><U55/><E130/><V112/><F129/><W38/><G131/><T134/><D134/><U103/><E132/><V65/><F112/><W34/><G69/><T107/><D113/><U49/><E7/><V32/><F44/><W121/><G121/><T74/><D107/><U29/><E100/><V94/><F85/><W86/><G86/><T133/><D133/><U70/><E68/><V111/><F111/><W18/><G18/><T67/><D19/><U52/><E55/><V104/><F13/><W45/><G45/><T37/><D37/><U30/><E12/><V58/><F58/><W117/><G117/><T6/><D6/><U39/><E39/><V80/><F80/><W20/><G20/><T1/><D1/><U79/><E114/><V99/><F104/><W15/><G72/><T83/><REACH who="0" step="1"/><D73/><REACH who="0" ten="234,205,330,221" step="2"/><U92/><E106/><V23/><F105/><W3/><G3/><T96/><D96/><U50/><E115/><V9/><F99/><W35/><G2/><T56/><D56/><N who="1" m="34823" /><E70/><V33/><F71/><W87/><G5/><T77/><D77/><U78/><E79/><V22/><F125/><W120/><G38/><T36/><D36/><U42/><E78/><V53/><F124/><W51/><G120/><T61/><D61/><U4/><E4/><V118/><F126/><W41/><G87/><T102/><D102/><U122/><E103/><V109/><F101/><W98/><G98/><T62/><D62/><U119/><E84/><V81/><F118/><W75/><G75/><T48/><D48/><RYUUKYOKU ba="0,1" sc="234,30,205,-10,330,-10,221,-10" hai0="26,28,54,59,63,64,67,74,76,83,88,95,97" /><INIT seed="3,1,1,3,2,99" ten="264,195,320,211" oya="3" hai0="90,41,62,76,64,21,80,45,131,94,55,92,3" hai1="67,63,86,78,73,46,29,50,114,127,107,28,26" hai2="27,61,36,70,20,69,119,88,51,93,5,14,52" hai3="83,118,56,79,111,101,115,123,84,60,104,59,38"/><W71/><G115/><T47/><D3/><U82/><E114/><V31/><F36/><W129/><G118/><T37/><D131/><U87/><E127/><V110/><F119/><W44/><G123/><T100/><D100/><U54/><E107/><V32/><F110/><W74/><G129/><T25/><D47/><U33/><E28/><V39/><F39/><W134/><G134/><T34/><D55/><U0/><E0/><V133/><F61/><W30/><G111/><T22/><D34/><U125/><E125/><V135/><F5/><W89/><G30/><T72/><D90/><U8/><E8/><V19/><F133/><W97/><G60/><T12/><D12/><U17/><E17/><V11/><F11/><W103/><G71/><AGARI ba="1,1" hai="26,29,33,46,50,54,63,67,71,73,78,82,86,87" machi="71" ten="30,1000,0" yaku="7,1" doraHai="99" who="1" fromWho="3" sc="264,0,195,23,320,0,211,-13" owari="264,6.4,218,-18.2,320,42.0,198,-30.2" /></mjloggm>