<mjloggm ver="2.3"><GO type="225" lobby="0"/><UN n0="%79%75%72%69%6D%6F%67" n1="%E3%81%95%E3%81%8D%E3%81%9F%E3%81%BE%E6%9E%97%E6%AA%8E" n2="%48%49%52%4F%4B%49%4E%47" n3="%6B%79%6F%6E%6B%6F%31%31" dan="16,16,16,16" rate="2139.79,2099.69,2051.27,2145.45" sx="F,M,M,M"/><TAIKYOKU oya="0"/><INIT seed="0,0,0,1,1,24" ten="250,250,250,250" oya="0" hai0="98,33,101,59,13,18,27,35,44,56,97,118,93" hai1="11,85,89,91,9,117,99,135,34,82,36,95,79" hai2="8,68,20,88,90,57,16,64,66,81,52,53,26" hai3="104,54,37,61,130,74,76,5,71,107,22,28,29"/><T43/><D118/><U77/><E36/><V102/><F68/><W75/><G37/><T38/><D35/><U55/><E117/><V45/><F102/><W120/><G5/><T10/><REACH who="0" step="1"/><D98/><REACH who="0" ten="240,250,250,250" step="2"/><U100/><E34/><V108/><F108/><W133/><G120/><T2/><D2/><U110/><E110/><V46/><F8/><W42/><G133/><T125/><D125/><U128/><E135/><V83/><F53/><W132/><G132/><T65/><D65/><N who="2" m="25194" /><F45/><W19/><G54/><T39/><D39/><U73/><E55/><V86/><F46/><W103/><G42/><T84/><D84/><U67/><E128/><V47/><F47/><W51/><G130/><T119/><D119/><U96/><E67/><V48/><F83/><W105/><G74/><T4/><D4/><U58/><E9/><V129/><F129/><W3/><G3/><T111/><D111/><U70/><E11/><V25/><F25/><W78/><G75/><T50/><D50/><U113/><E82/><V134/><F134/><W17/><G51/><T23/><D23/><U14/><E73/><V131/><F131/><W40/><G22/><T127/><D127/><U80/><E80/><V31/><F31/><AGARI ba="0,1" hai="10,13,18,27,31,33,38,43,44,56,59,93,97,101" machi="31" ten="40,3900,0" yaku="1,1,52,1,53,0" doraHai="24" doraHaiUra="115" who="0" fromWho="2" sc="240,49,250,0,250,-39,250,0" /><INIT seed="0,1,0,3,4,94" ten="289,250,211,250" oya="0" hai0="19,126,61,7,86,23,97,17,49,50,8,64,104" hai1="36,102,133,114,129,63,113,131,91,10,103,79,5" hai2="73,96,120,52,135,39,16,119,134,41,125,29,89" hai3="72,71,31,110,111,53,121,32,117,76,59,15,12"/><T99/><D126/><U14/><E36/><V48/><F73/><W95/><G117/><T21/><D104/><U108/><E108/><N who="3" m="41514" /><G71/><T26/><D86/><U128/><E133/><N who="2" m="50699" /><F120/><W80/><G121/><T35/><D35/><U116/><E116/><V33/><F119/><W11/><G11/><T70/><D50/><U123/><E123/><V66/><F66/><W75/><G75/><T40/><D49/><U98/><E79/><V93/><F125/><W65/><G65/><T34/><D40/><U6/><E6/><V82/><F82/><W22/><G32/><T106/><D106/><U24/><E24/><N who="2" m="18599" /><F41/><W83/><G83/><T115/><D34/><U9/><E9/><V46/><F39/><W54/><G54/><T87/><D87/><U78/><E78/><V85/><F85/><W118/><G118/><T2/><D115/><N who="1" m="44043" /><E63/><V0/><F16/><W51/><G95/><AGARI ba="1,0" hai="5,10,14,91,95,98,102,103,128,129,131" m="44043" machi="95" ten="40,5200,0" yaku="19,1,11,1,52,1" doraHai="94" who="1" fromWho="3" sc="289,0,250,55,211,0,250,-55" /><INIT seed="1,0,0,2,3,65" ten="289,305,211,195" oya="1" hai0="42,83,85,12,109,24,45,95,119,13,38,108,11" hai1="48,99,87,113,88,123,86,114,78,19,44,89,14" hai2="79,106,102,17,27,25,3,73,71,117,18,127,7" hai3="94,40,2,29,37,129,128,101,92,74,124,70,60"/><U72/><E123/><V61/><F117/><W20/><G2/><T132/><D132/><U46/><E72/><V90/><F127/><W49/><G74/><T81/><D119/><U84/><E114/><V82/><F3/><W104/><G37/><T52/><D24/><U133/><E133/><V120/><F7/><W76/><G76/><T62/><D95/><U47/><E113/><V32/><F90/><N who="1" m="34921" /><E99/><N who="2" m="61791" /><F25/><N who="3" m="16551" /><G104/><T50/><D62/><U36/><E36/><V39/><F39/><W4/><G4/><T125/><D125/><U67/><E67/><N who="2" m="41455" /><F120/><W122/><G101/><T5/><D13/><U55/><E78/><V41/><F41/><W135/><G124/><T16/><D5/><U103/><E103/><V21/><F21/><AGARI ba="0,0" hai="14,19,21,44,46,47,48,55,84,86,87" m="34921" machi="21" ten="30,2900,0" yaku="8,1,54,1" doraHai="65" who="1" fromWho="2" sc="289,0,305,29,211,-29,195,0" /><INIT seed="1,1,0,0,4,77" ten="289,334,182,195" oya="1" hai0="87,59,65,44,31,39,35,117,8,129,128,106,11" hai1="13,109,18,72,67,122,51,27,108,29,125,69,48" hai2="5,66,81,70,52,101,105,76,62,97,96,131,134" hai3="102,89,99,28,4,23,54,126,16,90,9,57,111"/><U107/><E107/><V115/><F134/><W93/><G111/><N who="1" m="42570" /><E72/><V68/><F131/><N who="0" m="50250" /><D106/><U12/><E125/><V58/><F5/><W78/><G78/><T80/><D117/><U71/><E122/><V84/><F115/><W94/><G28/><T123/><D123/><U22/><E13/><V112/><F112/><W127/><G4/><T75/><D75/><U92/><E92/><V30/><F30/><W110/><G9/><T7/><D31/><U19/><E19/><V40/><F40/><W47/><G47/><T91/><D35/><U118/><E118/><V6/><F6/><W133/><G133/><T20/><D20/><U82/><E67/><V114/><F114/><W41/><G41/><N who="0" m="22591" /><D7/><U113/><E113/><V38/><F38/><W43/><G43/><T73/><D73/><U100/><E100/><V3/><F3/><W103/><G110/><T2/><D2/><U121/><E121/><V116/><F116/><W135/><G135/><T37/><D37/><U120/><E120/><V53/><REACH who="2" step="1"/><F96/><REACH who="2" ten="289,334,172,195" step="2"/><N who="3" m="57399" /><G127/><T130/><D130/><U36/><E36/><V46/><F46/><W34/><G126/><T45/><D45/><U63/><E29/><V124/><F124/><W74/><G34/><T55/><D65/><U61/><E18/><V79/><F79/><W95/><G103/><T50/><AGARI ba="1,1" hai="8,11,50,55,59,80,87,91" m="22591,50250" machi="50" ten="30,2000,0" yaku="19,1,52,1" doraHai="77" who="0" fromWho="0" sc="289,33,334,-11,172,-6,195,-6" /><INIT seed="2,0,0,1,2,82" ten="322,323,166,189" oya="2" hai0="93,33,47,46,63,90,26,15,72,91,3,111,78" hai1="56,43,10,32,103,59,95,79,30,27,113,132,0" hai2="7,45,117,85,31,102,101,29,124,60,21,39,73" hai3="110,97,62,58,94,52,133,19,55,16,51,61,34"/><V130/><F117/><W37/><G37/><T87/><D3/><U100/><E113/><V76/><F73/><W88/><G34/><T127/><D111/><U121/><E132/><V44/><F130/><W70/><G110/><T96/><D72/><U4/><E79/><V48/><F124/><W68/><G133/><T66/><D78/><U8/><E121/><V109/><F109/><W112/><G112/><T125/><D26/><U106/><E106/><V123/><F123/><W89/><G70/><T50/><D33/><U104/><E104/><V18/><F7/><W81/><G68/><T80/><D15/><U24/><E24/><N who="2" m="14391" /><F39/><W122/><G122/><T2/><D2/><U131/><E131/><V116/><F60/><W84/><G62/><T115/><D115/><U36/><E36/><V75/><F75/><W23/><G23/><T64/><D47/><AGARI ba="0,0" hai="16,19,47,51,52,55,58,61,81,84,88,89,94,97" machi="47" ten="30,12000,2" yaku="7,1,8,1,52,1,54,3" doraHai="82" who="3" fromWho="0" sc="322,-120,323,0,166,0,189,120" /><INIT seed="3,0,0,3,2,54" ten="202,323,166,309" oya="3" hai0="132,42,108,70,64,48,82,62,105,46,133,73,69" hai1="124,114,37,110,65,40,106,93,32,116,63,2,56" hai2="27,34,89,6,43,107,45,41,53,135,128,96,23" hai3="68,88,90,31,52,16,12,112,94,117,130,113,39"/><W81/><G117/><T51/><D105/><U10/><E114/><V121/><F135/><N who="0" m="51786" /><D73/><U19/><E106/><V102/><F121/><W3/><G3/><T80/><D108/><U15/><E32/><V92/><F128/><W24/><G68/><N who="0" m="42007" /><D82/><U47/><E110/><V131/><F131/><W14/><G39/><T126/><D80/><U28/><E124/><V11/><F34/><W120/><G120/><T104/><D104/><U91/><E116/><V76/><F76/><W71/><G71/><T30/><D30/><U67/><E28/><V5/><F53/><W49/><G130/><T118/><D118/><U9/><E67/><V8/><F8/><W84/><G31/><T35/><D35/><U95/><E91/><V58/><F58/><N who="3" m="33039" /><G113/><T13/><D13/><U85/><E85/><V100/><F107/><W60/><G60/><T79/><D79/><U122/><E122/><V55/><F100/><W123/><G112/><T17/><D17/><U22/><E2/><V119/><F102/><W7/><G7/><T50/><D126/><U29/><E29/><N who="2" m="17663" /><F119/><W125/><G125/><T77/><D77/><U26/><E9/><V115/><F115/><W57/><G57/><T97/><D97/><U98/><E98/><V87/><F96/><N who="3" m="57415" /><G123/><T103/><D103/><U74/><E74/><V33/><F33/><W127/><G127/><T66/><D66/><U0/><E0/><N who="2" m="423" /><F6/><W109/><G109/><T38/><AGARI ba="0,0" hai="38,42,46,48,50,51,69,70" m="42007,51786" machi="38" ten="30,4000,0" yaku="20,1,34,2" doraHai="54" who="0" fromWho="0" sc="202,40,323,-10,166,-10,309,-20" owari="242,-15.8,313,41.3,156,-34.4,289,8.9" /></mjloggm>