<mjloggm ver="2.3"><GO type="225" lobby="0"/><UN n0="%E6%98%BC%E4%B8%8B%E3%81%8C%E3%82%8A%E3%81%AE%E5%9B%A3%E5%9C%B0%E5%A6%BB" n1="%6D%75%75%73%61%6E%6D%75" n2="%E3%81%8C%E3%81%9F" n3="%E5%A4%9C%E3%81%AE%E3%82%AC%E3%82%B9%E3%83%91%E3%83%BC%E3%83%AB" dan="16,16,16,16" rate="2159.10,2104.83,2113.12,2131.27" sx="F,F,M,M"/><TAIKYOKU oya="0"/><INIT seed="0,0,0,3,4,118" ten="250,250,250,250" oya="0" hai0="18,3,120,109,4,45,8,72,14,132,58,69,128" hai1="10,80,101,81,90,5,99,89,28,48,115,79,12" hai2="127,59,44,73,47,135,82,93,0,113,131,94,77" hai3="70,97,57,111,95,106,63,25,110,32,86,87,119"/><T33/><D69/><U83/><E115/><V53/><F113/><W17/><G119/><T34/><D72/><U31/><E79/><V117/><F117/><W43/><G106/><T56/><D128/><U13/><E48/><V78/><F0/><W68/><G43/><T46/><D132/><U27/><E13/><V50/><F131/><W103/><G70/><T107/><D107/><U100/><E31/><V24/><F135/><W88/><G68/><T130/><D130/><U75/><E75/><V124/><F77/><W134/><G134/><T96/><D96/><U1/><E1/><V92/><REACH who="2" step="1"/><F24/><REACH who="2" ten="250,250,240,250" step="2"/><W7/><G25/><T36/><D3/><U15/><E15/><V52/><F52/><W40/><G111/><T2/><D109/><U20/><REACH who="1" step="1"/><E100/><REACH who="1" ten="250,240,240,250" step="2"/><V6/><F6/><W85/><G7/><T21/><D2/><U121/><E121/><V116/><F116/><W123/><G103/><T74/><D120/><U104/><AGARI ba="0,2" hai="5,10,12,20,27,28,80,81,83,89,90,99,101,104" machi="104" ten="30,2000,0" yaku="1,1,0,1,53,0" doraHai="118" doraHaiUra="105" who="1" fromWho="1" sc="250,-10,240,40,240,-5,250,-5" /><INIT seed="1,0,0,3,0,12" ten="240,280,235,245" oya="1" hai0="111,93,87,69,61,8,38,30,18,9,91,1,101" hai1="37,46,90,84,133,134,109,77,81,117,70,132,44" hai2="51,119,35,135,106,115,97,10,6,120,125,127,83" hai3="45,25,67,42,75,56,88,82,32,60,128,66,99"/><U21/><E117/><V126/><F119/><W122/><G122/><T57/><D38/><U33/><E33/><V76/><F120/><W114/><G114/><T24/><D111/><U53/><E109/><V100/><F35/><W118/><G118/><T59/><D101/><U98/><E70/><V40/><F115/><W86/><G128/><T29/><D29/><U130/><E130/><V36/><F51/><W73/><G67/><T129/><D129/><U110/><E110/><V79/><F135/><W27/><G99/><T49/><D1/><U54/><E21/><V22/><F22/><W17/><G32/><T123/><D123/><U14/><E14/><N who="2" m="5463" /><F83/><W104/><G104/><T4/><D4/><U26/><E26/><V71/><F71/><W89/><G17/><T19/><D69/><U72/><E98/><V107/><F107/><W52/><G89/><T63/><D49/><U47/><REACH who="1" step="1"/><E37/><REACH who="1" ten="240,270,235,245" step="2"/><V39/><F39/><W113/><G27/><T74/><D30/><U105/><E105/><V68/><F68/><W0/><G25/><T34/><D34/><U131/><E131/><V3/><F3/><W65/><G113/><T13/><D24/><U43/><E43/><V124/><F127/><W96/><G96/><T55/><D74/><U7/><E7/><V5/><F5/><W28/><G28/><T94/><D9/><U112/><E112/><V20/><F20/><W80/><G0/><T16/><D93/><AGARI ba="0,1" hai="44,46,47,53,54,72,77,81,84,90,93,132,133,134" machi="93" ten="50,4800,0" yaku="1,1,20,1,53,0" doraHai="12" doraHaiUra="121" who="1" fromWho="0" sc="240,-48,270,58,235,0,245,0" /><INIT seed="1,1,0,3,3,93" ten="192,328,235,245" oya="1" hai0="53,85,72,82,18,124,77,117,50,99,128,16,104" hai1="91,105,92,68,80,78,126,103,112,26,66,83,6" hai2="95,15,14,8,111,28,110,113,7,13,64,49,71" hai3="116,10,123,63,67,9,94,51,131,21,34,25,109"/><U96/><E112/><V135/><F113/><W59/><G123/><T81/><D117/><U39/><E39/><V0/><F135/><W55/><G34/><T90/><D128/><U57/><E126/><V102/><F28/><W20/><G131/><T134/><D134/><U43/><E68/><V17/><F49/><W119/><G109/><N who="2" m="41481" /><F64/><W60/><G60/><T35/><D35/><U58/><E43/><V46/><F46/><W86/><G21/><T101/><REACH who="0" step="1"/><D124/><REACH who="0" ten="182,328,235,245" step="2"/><U2/><E66/><V40/><F71/><W114/><G114/><T97/><D97/><U12/><E96/><N who="2" m="59679" /><F40/><W5/><G119/><T75/><D75/><U88/><E58/><AGARI ba="1,1" hai="16,18,50,53,58,72,77,81,82,85,90,99,101,104" machi="58" ten="30,12000,2" yaku="1,1,7,1,52,1,54,1,53,2" doraHai="93" doraHaiUra="79" who="0" fromWho="1" sc="182,133,328,-123,235,0,245,0" /><INIT seed="2,0,0,3,1,126" ten="315,205,235,245" oya="2" hai0="22,134,21,36,127,74,77,110,44,62,30,66,35" hai1="63,2,11,16,15,113,75,135,47,85,101,19,27" hai2="45,14,128,31,26,81,115,38,84,114,124,118,53" hai3="69,51,107,17,83,122,50,95,39,120,108,82,104"/><V80/><F118/><W55/><G39/><T5/><D127/><U99/><E75/><V0/><F0/><W88/><G69/><T100/><D110/><U94/><E113/><V117/><F117/><W57/><G108/><T10/><D134/><U79/><E135/><V61/><F124/><W78/><G82/><T28/><D100/><U123/><E2/><V93/><F14/><W37/><G37/><T9/><D9/><U3/><E3/><V42/><F128/><W72/><G17/><T112/><D112/><U132/><E132/><V49/><F61/><W133/><G51/><T24/><D30/><U12/><E123/><V6/><F6/><W71/><G71/><T59/><D74/><U121/><E121/><V106/><F106/><W46/><G133/><T96/><D96/><U70/><E47/><V87/><F114/><W60/><G120/><T41/><D77/><U98/><E27/><V102/><F102/><W23/><G23/><T58/><D59/><U40/><E40/><V52/><F53/><W67/><REACH who="3" step="1"/><G122/><REACH who="3" ten="315,205,235,235" step="2"/><T64/><D22/><N who="1" m="11527" /><E70/><V18/><F115/><W90/><G90/><T54/><D35/><U7/><E63/><V111/><F111/><W34/><G34/><T68/><D68/><U33/><E33/><N who="2" m="20727" /><F38/><W97/><AGARI ba="0,1" hai="46,50,55,57,60,67,72,78,83,88,95,97,104,107" machi="97" ten="20,12000,2" yaku="1,1,0,1,7,1,54,1,53,2" doraHai="126" doraHaiUra="103" who="3" fromWho="3" sc="315,-30,205,-30,235,-60,235,130" /><INIT seed="3,0,0,3,3,32" ten="285,175,175,365" oya="3" hai0="68,21,11,56,30,100,124,82,8,97,79,25,23" hai1="37,61,24,131,123,108,109,38,85,31,119,78,14" hai2="133,120,27,84,128,135,59,35,122,117,26,18,86" hai3="19,101,66,40,62,80,127,4,93,104,12,132,41"/><W73/><G104/><T16/><D68/><U22/><E123/><N who="2" m="47147" /><F117/><W95/><G4/><T106/><D124/><U103/><E119/><V64/><F128/><W105/><G132/><N who="2" m="50761" /><F18/><W76/><G105/><T53/><D56/><U17/><E131/><V107/><F107/><W10/><G101/><T36/><D36/><U126/><E126/><V83/><F35/><W47/><G95/><T42/><D42/><U29/><E103/><V113/><F113/><W48/><G93/><T96/><D96/><U89/><E78/><N who="2" m="46199" /><F86/><W72/><G127/><T87/><REACH who="0" step="1"/><D53/><REACH who="0" ten="275,175,175,365" step="2"/><U134/><E134/><V70/><F70/><W49/><G41/><T74/><D74/><U34/><E108/><V130/><F130/><W0/><G40/><T94/><D94/><N who="1" m="54575" /><E109/><V111/><F111/><W91/><G73/><T57/><D57/><U102/><E102/><V55/><F64/><W115/><G66/><T99/><D99/><U67/><E37/><V77/><F77/><W81/><G76/><T50/><D50/><AGARI ba="0,1" hai="26,27,50,55,59" m="46199,50761,47147" machi="50" ten="30,2000,0" yaku="13,1,20,1" doraHai="32" who="2" fromWho="0" sc="275,-20,175,0,175,30,365,0" owari="255,5.5,175,-32.5,205,-19.5,365,46.5" /></mjloggm>