<mjloggm ver="2.3"><GO type="225" lobby="0"/><UN n0="%E3%81%A4%E3%81%A3%E3%81%B1%E3%82%8A%E3%83%9D%E3%83%BC%E3%83%AB" n1="%4D%6F%6E%61%6E%61" n2="%E6%97%A5%E6%9B%9C%E6%97%A5%E3%82%88%E3%82%8A%E3%81%AE%E4%BD%BF%E8%80%85" n3="%E3%83%94%E3%83%B3%E3%82%B5%E3%83%AD%E5%BA%97%E5%93%A1" dan="17,16,16,16" rate="2192.64,2132.14,2086.35,2213.41" sx="M,F,M,M"/><TAIKYOKU oya="0"/><INIT seed="0,0,0,4,5,22" ten="250,250,250,250" oya="0" hai0="107,98,28,49,119,5,106,54,65,85,46,117,37" hai1="67,51,130,124,77,128,104,35,59,13,95,76,131" hai2="97,110,42,115,44,47,94,8,61,93,82,38,57" hai3="53,74,114,9,68,120,39,24,14,79,73,83,111"/><T6/><D65/><U50/><E104/><V25/><F115/><W134/><G114/><T62/><D28/><U63/><E124/><V125/><F125/><W87/><G39/><T26/><D37/><U33/><E13/><V118/><F110/><W122/><G68/><T109/><D109/><U75/><E95/><V100/><F118/><W2/><G2/><T84/><D62/><U70/><E75/><V27/><F47/><W11/><G111/><T20/><D107/><U132/><E132/><V91/><F82/><W89/><G134/><T71/><D71/><U116/><E116/><V88/><F8/><W40/><G40/><T29/><D119/><U23/><E23/><V7/><F7/><W60/><G11/><T121/><D121/><N who="3" m="46697" /><G79/><N who="1" m="30282" /><E70/><V101/><F101/><W10/><G10/><T135/><D117/><U21/><E21/><V18/><F18/><N who="3" m="8527" /><G24/><T56/><D135/><U55/><E67/><V4/><F4/><N who="0" m="1642" /><D106/><U86/><E86/><N who="0" m="33385" /><D98/><U90/><E90/><V81/><F81/><W92/><G83/><T129/><D129/><U96/><E96/><V45/><F100/><W108/><G108/><T48/><D20/><U52/><E63/><V66/><F94/><W32/><G32/><N who="1" m="12362" /><E59/><AGARI ba="0,0" hai="53,59,60,73,74,87,89,92" m="8527,46697" machi="59" ten="30,1000,0" yaku="13,1" doraHai="22" who="3" fromWho="1" sc="250,0,250,-10,250,0,250,10" /><INIT seed="1,0,0,5,4,83" ten="250,240,250,260" oya="1" hai0="98,53,45,35,88,71,109,59,55,62,78,30,96" hai1="43,105,82,117,93,25,57,9,66,116,113,124,129" hai2="65,47,90,115,21,111,52,132,26,97,70,67,34" hai3="14,81,49,38,56,46,108,85,84,76,44,51,86"/><U74/><E105/><V133/><F34/><W99/><G38/><T24/><D109/><U72/><E113/><V7/><F7/><W6/><G108/><T42/><D71/><U106/><E106/><V15/><F15/><W125/><G125/><T27/><D78/><U17/><E124/><V127/><F70/><W112/><G112/><T79/><D79/><U63/><E129/><V22/><F127/><W73/><G99/><T16/><D55/><U75/><E43/><V11/><F11/><N who="3" m="4471" /><G73/><T33/><D88/><U36/><E36/><V61/><F115/><W95/><G56/><T48/><REACH who="0" step="1"/><D16/><REACH who="0" ten="240,240,250,260" step="2"/><U31/><E116/><V13/><F111/><W87/><G95/><T119/><D119/><U50/><E117/><V10/><F90/><W0/><G0/><T32/><D32/><U60/><E82/><V122/><F133/><W69/><G69/><T104/><D104/><U89/><E31/><AGARI ba="0,1" hai="24,27,30,31,33,35,42,45,48,53,59,62,96,98" machi="31" ten="40,8000,1" yaku="1,1,9,1,53,2" doraHai="83" doraHaiUra="92" who="0" fromWho="1" sc="240,90,240,-80,250,0,260,0" /><INIT seed="2,0,0,5,3,69" ten="330,160,250,260" oya="2" hai0="74,103,63,4,79,37,90,76,124,127,121,126,25" hai1="28,117,54,55,109,97,62,80,66,61,118,27,94" hai2="2,82,59,47,72,71,86,24,48,10,11,15,98" hai3="130,108,88,38,12,41,40,32,1,87,123,91,16"/><V125/><F71/><W95/><G123/><T101/><D121/><U22/><E109/><V116/><F72/><W100/><G1/><T93/><D37/><U21/><E117/><V78/><F116/><W110/><G32/><T68/><D4/><U114/><E114/><V26/><F125/><W134/><G100/><N who="0" m="38475" /><D74/><U112/><E112/><V53/><F98/><N who="3" m="57703" /><G38/><T96/><D25/><U89/><E118/><V129/><F129/><W120/><G120/><T42/><D42/><U81/><E21/><V45/><F2/><W73/><G73/><T5/><D5/><U133/><E133/><V30/><F11/><N who="3" m="6175" /><G134/><T33/><D33/><U107/><E107/><V9/><F10/><W111/><G130/><T106/><D106/><U50/><E55/><V64/><F64/><AGARI ba="0,0" hai="63,64,68,76,79,90,93,96,124,126,127" m="38475" machi="64" ten="40,1300,0" yaku="18,1" doraHai="69" who="0" fromWho="2" sc="330,13,160,0,250,-13,260,0" /><INIT seed="3,0,0,4,0,4" ten="343,160,237,260" oya="3" hai0="55,31,2,29,10,109,70,96,68,123,81,88,22" hai1="72,97,3,75,84,73,24,12,15,23,53,35,127" hai2="77,87,5,41,1,125,11,26,113,95,44,120,30" hai3="8,46,62,112,58,80,106,78,32,111,52,42,117"/><W134/><G112/><T9/><D123/><U110/><E110/><V126/><F113/><W37/><G117/><T103/><D2/><U65/><E127/><N who="2" m="48651" /><F120/><W116/><G116/><T118/><D118/><U38/><E38/><N who="2" m="21559" /><F95/><W6/><G134/><T56/><D70/><U50/><E3/><V82/><F26/><W102/><G32/><T27/><D68/><U89/><E35/><V61/><F61/><W25/><G25/><T21/><D109/><U93/><E65/><V54/><F54/><W105/><G102/><T43/><D43/><U108/><E108/><V45/><F45/><W47/><G47/><T60/><D22/><U90/><E72/><V59/><F30/><W119/><G119/><T122/><D31/><U135/><E135/><V33/><F33/><W71/><G71/><T83/><D83/><U76/><E75/><V114/><F114/><W101/><G101/><T67/><D122/><U13/><E73/><V98/><F98/><W94/><G94/><N who="0" m="58775" /><D67/><U36/><E36/><V16/><F59/><W86/><REACH who="3" step="1"/><G111/><REACH who="3" ten="343,160,237,250" step="2"/><T19/><D29/><U92/><E76/><N who="2" m="46535" /><F16/><W63/><G63/><T121/><D121/><U107/><E107/><V131/><F131/><W34/><G34/><T130/><D130/><U66/><E66/><V64/><F64/><W132/><G132/><T115/><D115/><U133/><E133/><V104/><F77/><W48/><G48/><T69/><D69/><U99/><E24/><V28/><F28/><W57/><G57/><T20/><D56/><N who="1" m="32823" /><E23/><V124/><F124/><W40/><G40/><T85/><D21/><U51/><E51/><RYUUKYOKU ba="0,1" sc="343,0,160,0,237,0,250,0" hai0="9,10,19,20,27,55,60,81,85,88" hai1="12,13,15,84,89,90,92,93,97,99" hai2="1,5,11,104" hai3="6,8,37,42,46,52,58,62,78,80,86,105,106" /><INIT seed="3,1,1,4,2,32" ten="343,160,237,250" oya="3" hai0="25,132,0,110,82,23,87,105,97,11,16,129,94" hai1="89,135,68,91,61,66,116,58,117,62,10,133,75" hai2="12,33,5,55,126,8,22,112,131,24,119,47,127" hai3="20,48,102,21,128,9,6,54,73,95,43,29,26"/><W53/><G73/><T111/><D105/><U76/><E75/><V96/><F112/><W123/><G123/><T114/><D114/><U52/><E76/><V56/><F119/><N who="1" m="45641" /><E89/><V46/><F33/><W107/><G107/><T125/><D129/><U60/><E91/><V101/><F131/><W51/><G128/><T18/><D125/><N who="2" m="47626" /><F56/><W17/><G102/><T86/><D132/><N who="1" m="50763" /><E10/><V28/><F55/><W104/><G104/><AGARI ba="1,1" hai="5,8,12,22,24,28,46,47,96,101,104" m="47626" machi="104" ten="30,1000,0" yaku="18,1" doraHai="32" who="2" fromWho="3" sc="343,0,160,0,237,23,250,-13" owari="343,44.3,160,-34.0,260,6.0,237,-16.3" /></mjloggm>