<mjloggm ver="2.3"><GO type="225" lobby="0"/><UN n0="%E3%83%AD%E3%83%83%E3%83%86%E9%9B%80%E7%90%83" n1="%4C%4F%4C%49%54%41" n2="%E3%81%B2%E3%81%AA%E3%81%AE%E3%82%8A%E3%81%8F" n3="%E9%A1%94%E7%9C%9F%E5%8D%BF" dan="17,16,16,16" rate="2169.55,2187.51,2174.05,2093.04" sx="M,F,M,F"/><TAIKYOKU oya="0"/><INIT seed="0,0,0,4,0,109" ten="250,250,250,250" oya="0" hai0="2,40,7,78,91,12,122,15,86,63,46,125,49" hai1="9,55,127,33,69,81,6,114,113,88,31,1,22" hai2="53,76,95,111,61,131,92,14,134,3,123,108,34" hai3="128,0,106,65,30,5,47,120,41,62,66,29,38"/><T74/><D122/><U24/><E127/><V101/><F3/><W70/><G128/><T117/><D117/><U45/><E69/><V135/><F34/><W97/><G65/><T18/><D125/><U56/><E45/><V42/><F42/><W32/><G29/><T36/><D74/><U79/><E33/><V71/><F14/><W85/><G85/><T10/><D78/><U84/><REACH who="1" step="1"/><E79/><REACH who="1" ten="250,240,250,250" step="2"/><V102/><F71/><W87/><G120/><T103/><D46/><U4/><E4/><V67/><F76/><W43/><G43/><T44/><D7/><U19/><E19/><V89/><F123/><W100/><G5/><T48/><D44/><U17/><E17/><V28/><F111/><W60/><G32/><T50/><D18/><U107/><E107/><V129/><F108/><W104/><G30/><T83/><D40/><U105/><E105/><V51/><F28/><W118/><G104/><T121/><D121/><U8/><E8/><V96/><F129/><W58/><G118/><T64/><D10/><U94/><E94/><V52/><F131/><W77/><G77/><T23/><D23/><U25/><E25/><V54/><F95/><W99/><G106/><T98/><D36/><U82/><E82/><V90/><F92/><W39/><G39/><T59/><D2/><U20/><E20/><V116/><F116/><W72/><G0/><T93/><AGARI ba="0,1" hai="12,15,48,49,50,59,63,64,83,86,91,93,98,103" machi="93" ten="30,3000,0" yaku="0,1,8,1" doraHai="109" who="0" fromWho="0" sc="250,40,240,-10,250,-10,250,-10" /><INIT seed="0,1,0,1,4,96" ten="290,230,240,240" oya="0" hai0="111,26,3,14,10,130,74,6,92,50,78,73,86" hai1="41,98,94,27,64,32,102,129,110,65,12,0,58" hai2="53,57,46,44,5,68,45,16,70,51,36,19,135" hai3="79,114,9,116,104,121,80,93,76,99,48,122,15"/><T7/><D130/><U83/><E0/><V17/><F36/><W72/><G114/><T24/><D111/><U132/><E129/><V112/><F112/><W23/><G116/><T18/><D7/><U11/><E132/><V37/><F37/><W106/><G76/><T33/><D50/><U75/><E110/><V109/><F109/><W52/><G23/><T2/><D2/><U66/><E41/><V128/><F128/><W82/><G82/><T133/><D133/><U21/><E32/><V47/><F135/><W30/><G30/><T71/><D71/><U61/><E75/><V125/><F5/><W67/><G67/><T101/><D78/><U60/><E60/><V87/><F125/><W22/><G22/><N who="0" m="11607" /><D24/><U25/><E83/><V90/><N who="2" m="11264" /><DORA hai="55" /><V49/><REACH who="2" step="1"/><F51/><REACH who="2" ten="290,230,230,240" step="2"/><W113/><G113/><T38/><D38/><U20/><E27/><V63/><F63/><W119/><G119/><T59/><D6/><N who="1" m="3191" /><E25/><V118/><F118/><W123/><G48/><T117/><D26/><U85/><E85/><V13/><F13/><W4/><REACH who="3" step="1"/><G52/><AGARI ba="1,1" hai="20,21,52,58,61,64,65,66,94,98,102" m="3191" machi="52" ten="30,7700,0" yaku="8,1,52,2,54,1" doraHai="96,55" who="1" fromWho="3" sc="290,0,230,90,230,0,240,-80" /><INIT seed="1,0,0,2,4,80" ten="290,320,230,160" oya="1" hai0="29,4,20,48,83,74,19,93,127,6,77,116,50" hai1="106,54,101,14,114,103,12,1,78,5,118,120,130" hai2="40,135,57,117,23,110,52,34,2,71,122,21,124" hai3="44,99,111,133,72,42,62,68,105,15,69,113,76"/><U94/><E114/><V84/><F117/><W61/><G113/><T24/><D116/><U17/><E118/><V67/><F122/><W16/><G111/><T0/><D127/><U11/><E120/><V100/><F34/><W82/><G133/><T126/><D126/><U10/><E106/><V81/><F124/><W75/><G75/><T121/><D121/><U13/><E130/><V125/><F125/><W18/><G68/><T129/><D129/><U22/><E78/><V51/><F110/><W96/><G18/><T104/><D104/><U64/><E64/><V86/><F2/><W46/><G46/><T59/><D93/><U89/><E54/><V30/><F100/><W56/><G69/><T31/><D59/><U95/><E95/><V39/><F135/><W27/><G27/><T26/><D19/><U87/><REACH who="1" step="1"/><E1/><REACH who="1" ten="290,310,230,160" step="2"/><V41/><F67/><W115/><G115/><T49/><REACH who="0" step="1"/><D0/><REACH who="0" ten="280,310,230,160" step="2"/><U92/><E92/><V33/><F71/><W28/><G105/><T60/><D60/><U112/><E112/><V53/><F53/><W79/><G61/><T132/><D132/><U90/><E90/><V3/><F3/><W119/><G119/><T55/><D55/><U65/><E65/><V102/><F52/><N who="3" m="34055" /><G28/><T134/><D134/><U109/><E109/><V37/><F30/><W7/><G16/><AGARI ba="0,2" hai="5,10,11,12,13,14,16,17,22,87,89,94,101,103" machi="16" ten="30,12000,1" yaku="1,1,7,1,8,1,52,1,54,1,53,0" doraHai="80" doraHaiUra="70" who="1" fromWho="3" sc="280,0,310,140,230,0,160,-120" /><INIT seed="1,1,0,0,3,6" ten="280,450,230,40" oya="1" hai0="17,11,117,132,125,25,15,63,83,59,75,71,103" hai1="101,28,26,38,104,105,66,79,47,33,106,24,1" hai2="14,95,110,44,68,69,61,108,5,20,94,129,73" hai3="29,37,36,4,92,82,121,35,58,77,109,84,49"/><U39/><E1/><V65/><F73/><W42/><G121/><T76/><D117/><U30/><E79/><V99/><F129/><W80/><G109/><N who="2" m="42089" /><F69/><W10/><G35/><T51/><D125/><U48/><E66/><V100/><F44/><W7/><G29/><T97/><D132/><U81/><E81/><V128/><F128/><W3/><G92/><T8/><D25/><U119/><E101/><V91/><F91/><W78/><G4/><T134/><D51/><U126/><E126/><V0/><F0/><W16/><G16/><T123/><D71/><U90/><E90/><V19/><F5/><W113/><G113/><T89/><D89/><U45/><E45/><V62/><F62/><W52/><REACH who="3" step="1"/><G42/><REACH who="3" ten="280,450,230,30" step="2"/><T31/><D123/><U112/><E112/><V53/><F95/><W127/><G127/><T74/><D17/><U12/><E30/><V116/><F116/><W124/><G124/><T22/><D31/><U87/><E119/><V2/><F2/><W21/><G21/><T43/><D22/><U64/><E33/><V56/><F20/><W120/><G120/><T122/><D43/><U27/><E28/><V96/><F19/><W131/><G131/><T130/><D122/><U46/><E105/><V18/><F94/><W88/><G88/><T118/><D130/><U23/><E106/><V135/><F100/><W34/><G34/><T114/><D103/><U115/><E104/><V40/><F40/><W111/><G111/><T60/><D114/><U102/><E102/><V41/><F41/><W98/><G98/><T85/><D118/><U57/><E23/><RYUUKYOKU ba="1,1" sc="280,-10,450,-10,230,-10,30,30" hai3="3,7,10,36,37,49,52,58,77,78,80,82,84" /><INIT seed="2,2,1,4,4,57" ten="270,440,220,60" oya="2" hai0="7,67,116,46,130,13,9,98,101,71,61,18,1" hai1="108,8,15,42,103,135,60,119,24,47,96,25,0" hai2="132,79,92,120,81,107,115,63,123,76,134,36,129" hai3="65,16,125,26,41,114,84,128,118,43,20,104,50"/><V3/><F3/><W33/><G118/><T122/><D122/><U94/><E0/><V37/><F115/><W124/><G114/><T21/><D130/><U66/><E108/><V56/><F107/><W27/><G104/><T39/><D116/><U11/><E135/><N who="2" m="51755" /><F92/><W51/><G128/><T86/><D86/><U53/><E53/><N who="2" m="34191" /><F129/><W68/><G68/><T106/><D46/><U30/><E119/><V14/><F14/><W69/><G69/><T10/><REACH who="0" step="1"/><D39/><REACH who="0" ten="260,440,220,60" step="2"/><N who="2" m="14922" /><F79/><W99/><G84/><AGARI ba="2,2" hai="76,81,84,120,123" m="14922,34191,51755" machi="84" ten="30,2900,0" yaku="20,1,52,1" doraHai="57" who="2" fromWho="3" sc="260,0,440,0,220,55,60,-35" /><INIT seed="2,3,0,2,5,88" ten="260,440,275,25" oya="2" hai0="93,42,15,99,74,18,73,72,101,52,110,62,134" hai1="130,76,47,133,117,122,40,9,81,57,98,22,32" hai2="132,58,100,51,77,41,6,85,24,56,123,10,119" hai3="28,131,2,59,12,128,102,106,116,67,27,39,60"/><V14/><F119/><W16/><G116/><T8/><D110/><U71/><E117/><V43/><F123/><W3/><G3/><T19/><BYE who="3" /><D134/><U115/><E32/><V87/><F132/><W25/><G25/><T125/><D125/><UN n3="%E9%A1%94%E7%9C%9F%E5%8D%BF" /><U92/><E115/><V82/><F100/><W34/><G39/><T1/><D1/><U97/><E71/><V49/><F87/><W45/><G45/><T127/><D127/><U94/><E133/><V46/><REACH who="2" step="1"/><F24/><REACH who="2" ten="260,440,265,25" step="2"/><W36/><G36/><T21/><D42/><U61/><E40/><V68/><F68/><W64/><G102/><T89/><D101/><U11/><E122/><V114/><F114/><W75/><G75/><T23/><REACH who="0" step="1"/><D19/><REACH who="0" ten="250,440,265,25" step="2"/><U48/><E130/><N who="3" m="49706" /><G2/><T120/><D120/><U80/><E98/><V29/><F29/><W53/><G106/><T31/><D31/><U108/><E97/><V26/><F26/><W0/><G0/><T35/><D35/><U90/><E108/><V20/><F20/><AGARI ba="3,2" hai="12,16,20,27,28,34,53,59,60,64,67" m="49706" machi="20" ten="30,2000,0" yaku="19,1,54,1" doraHai="88" who="3" fromWho="2" sc="250,0,440,0,265,-29,25,49" /><INIT seed="3,0,0,4,2,55" ten="250,440,236,74" oya="3" hai0="86,66,78,109,88,73,65,112,128,43,47,70,101" hai1="18,38,111,7,118,123,120,68,104,108,117,59,121" hai2="95,79,50,103,91,81,20,122,99,129,22,9,26" hai3="114,125,102,62,16,63,119,27,49,17,48,54,3"/><W64/><G114/><T10/><D109/><N who="1" m="42059" /><E68/><V89/><F129/><W5/><G119/><N who="1" m="45578" /><E38/><V51/><F9/><W106/><G125/><T97/><D10/><U8/><E104/><V56/><F122/><W72/><G72/><T46/><D46/><U21/><E59/><V84/><F20/><N who="3" m="13703" /><G3/><T39/><D70/><U1/><E121/><V85/><F56/><N who="3" m="36935" /><G106/><N who="0" m="63791" /><D128/><U133/><E133/><V82/><F79/><W14/><G5/><T69/><D112/><U42/><E42/><V61/><F61/><W0/><G0/><T12/><D12/><AGARI ba="0,0" hai="1,7,8,12,18,21,120,123" m="45578,42059" machi="12" ten="30,7700,0" yaku="14,1,12,1,34,2" doraHai="55" who="1" fromWho="0" sc="250,-77,440,77,236,0,74,0" owari="173,-22.7,517,61.7,236,3.6,74,-42.6" /></mjloggm>