<mjloggm ver="2.3"><GO type="225" lobby="0"/><UN n0="%4B%2E%32%2E%4B%2E" n1="%6D%75%75%6D%75%72%61" n2="%E3%81%A9%E3%82%93%E3%82%88%E3%81%8F%4D%6B%2E%32" n3="%72%69%6F%75%63%68%61%6E" dan="17,16,16,16" rate="2245.67,2140.15,2199.70,2136.52" sx="M,F,M,M"/><TAIKYOKU oya="0"/><INIT seed="0,0,0,3,4,7" ten="250,250,250,250" oya="0" hai0="112,71,17,93,120,2,85,122,119,37,129,25,76" hai1="41,35,104,8,53,130,38,51,79,105,94,62,59" hai2="134,44,20,16,49,11,111,131,127,24,126,128,48" hai3="74,87,91,67,15,0,1,125,56,95,135,82,64"/><T101/><D37/><U77/><E35/><V40/><F111/><W30/><G125/><N who="2" m="47625" /><F49/><W4/><G135/><T100/><D112/><U45/><E130/><N who="2" m="49707" /><F11/><W10/><G30/><T65/><D2/><U92/><E104/><V46/><F46/><W86/><G74/><T88/><D119/><U115/><E105/><V3/><F3/><W14/><G0/><T22/><D129/><U23/><E115/><V78/><F78/><W99/><G87/><T6/><D6/><U12/><E23/><V72/><F72/><W97/><G99/><T70/><D76/><N who="1" m="29259" /><E38/><V108/><F108/><W110/><G110/><T114/><D114/><U117/><E117/><V80/><F80/><W47/><G47/><T81/><D81/><U96/><E96/><V19/><F19/><AGARI ba="0,0" hai="8,12,19,41,45,51,53,59,62,92,94" m="29259" machi="19" ten="30,2000,0" yaku="8,1,52,1" doraHai="7" who="1" fromWho="2" sc="250,0,250,20,250,-20,250,0" /><INIT seed="1,0,0,4,5,127" ten="250,270,230,250" oya="1" hai0="73,130,122,107,42,33,79,129,64,3,46,55,116" hai1="106,87,121,83,1,76,115,16,118,14,10,74,21" hai2="9,25,112,26,119,66,86,50,108,13,0,85,2" hai3="126,39,125,31,105,101,70,40,17,102,124,104,94"/><U43/><E115/><V28/><F112/><W27/><G70/><T113/><D113/><U111/><E118/><V24/><F119/><W20/><G94/><T59/><D116/><U36/><E121/><V100/><F108/><W134/><G134/><T98/><D122/><U54/><E106/><N who="3" m="41066" /><G40/><T131/><D33/><U81/><E111/><V114/><F114/><W68/><G39/><N who="0" m="21855" /><D3/><U80/><E54/><V92/><F28/><W48/><G68/><T35/><D35/><U23/><E23/><V51/><F66/><W30/><G48/><N who="0" m="31207" /><D64/><U65/><E65/><V18/><F0/><W133/><G133/><T97/><D107/><U58/><E58/><V6/><F86/><W5/><G5/><T99/><D79/><U29/><E87/><V45/><F45/><W91/><G91/><T44/><D44/><N who="1" m="23655" /><E29/><AGARI ba="0,0" hai="17,20,27,29,30,31,101,102,124,125,126" m="41066" machi="29" ten="40,1300,0" yaku="18,1" doraHai="127" who="3" fromWho="1" sc="250,0,270,-13,230,0,250,13" /><INIT seed="2,0,0,1,5,47" ten="250,257,230,263" oya="2" hai0="110,101,115,3,22,121,132,61,57,116,127,118,30" hai1="12,126,60,117,26,29,2,97,45,131,48,83,76" hai2="28,75,135,89,102,90,82,130,56,104,33,50,38" hai3="125,94,55,7,46,124,8,88,62,128,51,67,70"/><V73/><F38/><W109/><G109/><T64/><D115/><U65/><E2/><V105/><F130/><W91/><G128/><T63/><D121/><U100/><E131/><V42/><F135/><W69/><G69/><T98/><D132/><U43/><E12/><V36/><F36/><W106/><G106/><T5/><D110/><U86/><E126/><N who="3" m="48746" /><G94/><T92/><D127/><U16/><E117/><N who="0" m="45161" /><D63/><U20/><E29/><V58/><F33/><W44/><G46/><T95/><D5/><U13/><E13/><AGARI ba="0,0" hai="7,8,13,44,51,55,62,67,70,88,91" m="48746" machi="13" ten="30,3900,0" yaku="18,1,52,1,54,1" doraHai="47" who="3" fromWho="1" sc="250,0,257,-39,230,0,263,39" /><INIT seed="3,0,0,2,4,53" ten="250,218,230,302" oya="3" hai0="73,46,13,49,131,34,66,20,65,98,103,8,110" hai1="69,84,62,132,30,94,39,5,50,11,47,6,104" hai2="21,135,3,70,64,41,63,101,80,106,117,77,31" hai3="61,71,120,111,115,44,125,18,114,95,24,102,54"/><W91/><G120/><T122/><D73/><U76/><E104/><V90/><F3/><W107/><G125/><T33/><D122/><U58/><E39/><V93/><F117/><W17/><G111/><T36/><D36/><U119/><E69/><V35/><F135/><W116/><G116/><T19/><D131/><U124/><E132/><V121/><F121/><W100/><G107/><T78/><D78/><U26/><E124/><V45/><F21/><N who="3" m="13359" /><G71/><T37/><D37/><U129/><E129/><V52/><F106/><W27/><G115/><T43/><D110/><U113/><E113/><V15/><F101/><W81/><G81/><T108/><D34/><U1/><E119/><V87/><F35/><W68/><G68/><T72/><D72/><U96/><E6/><V55/><F31/><W16/><G114/><T14/><D33/><U23/><E76/><V7/><F7/><W109/><G109/><T88/><D103/><N who="3" m="39465" /><G27/><T105/><D105/><U83/><E96/><V42/><F15/><W86/><G61/><T57/><D108/><U133/><E133/><V128/><F128/><W97/><G97/><T12/><D98/><U9/><E94/><V38/><F41/><W89/><G91/><T4/><D88/><N who="1" m="51231" /><E1/><V92/><REACH who="2" step="1"/><F92/><REACH who="2" ten="250,218,220,302" step="2"/><W40/><G40/><T85/><D13/><U79/><E5/><V67/><F67/><W126/><G126/><T56/><D66/><N who="1" m="39255" /><E79/><V48/><F48/><AGARI ba="0,1" hai="16,18,44,48,54,86,89,95" m="39465,13359" machi="48" ten="30,2900,0" yaku="8,1,54,1" doraHai="53" who="3" fromWho="2" sc="250,0,218,0,220,-29,302,39" owari="250,5.0,218,-18.2,191,-30.9,341,44.1" /></mjloggm>