<mjloggm ver="2.3"><GO type="225" lobby="0"/><UN n0="%E3%81%8F%E3%81%BE%E3%81%96%E3%82%8F" n1="%E3%81%8C%E3%81%9F" n2="%E5%B8%86%E7%AB%8B%E5%A4%8F%E8%A1%A3" n3="%E6%A1%9C%E8%8A%B1%E9%96%83%E3%80%85" dan="16,16,17,16" rate="2015.30,2104.92,2149.16,2150.63" sx="M,F,M,M"/><TAIKYOKU oya="0"/><INIT seed="0,0,0,4,2,84" ten="250,250,250,250" oya="0" hai0="22,122,23,123,116,132,38,61,130,0,13,110,67" hai1="9,49,10,44,58,32,135,57,33,83,121,69,47" hai2="88,45,71,104,46,86,73,43,134,79,89,131,28" hai3="56,63,76,40,74,99,12,97,120,26,15,39,59"/><T35/><D116/><U109/><E121/><V54/><F134/><W77/><G120/><T66/><D0/><U2/><E69/><V102/><F131/><W65/><G39/><T106/><D35/><U53/><E109/><V20/><F71/><W101/><G40/><T96/><D38/><U70/><E70/><V129/><F129/><W118/><G118/><T27/><D130/><U25/><E135/><V24/><F104/><W1/><G1/><T68/><D67/><U51/><E2/><V52/><F102/><W72/><G26/><T90/><D132/><U30/><E32/><V19/><F28/><W60/><G101/><N who="0" m="62759" /><D13/><U6/><E83/><N who="2" m="47487" /><F73/><W36/><G36/><T98/><D122/><U94/><E94/><V113/><F113/><W127/><G127/><T133/><D27/><U29/><E29/><V91/><F45/><W103/><G103/><T119/><D119/><U16/><E6/><V80/><F80/><W126/><G126/><T108/><D133/><U95/><E33/><V50/><AGARI ba="0,0" hai="19,20,24,43,46,50,52,54,88,89,91" m="47487" machi="50" ten="30,12000,2" yaku="8,1,52,3,54,2" doraHai="84" who="2" fromWho="2" sc="250,-60,250,-30,250,120,250,-30" /><INIT seed="1,0,0,2,5,49" ten="190,220,370,220" oya="1" hai0="128,119,118,9,126,59,35,104,17,70,74,52,97" hai1="96,32,27,76,80,101,88,13,34,62,10,133,23" hai2="130,77,82,57,67,40,12,129,114,120,48,56,24" hai3="0,95,69,6,86,21,116,1,28,44,94,117,2"/><U102/><E133/><V91/><F120/><W131/><G69/><T19/><D70/><U37/><E37/><V72/><F114/><W100/><G131/><N who="2" m="50185" /><F67/><W47/><G6/><T89/><D128/><U39/><E39/><V8/><F24/><N who="3" m="16399" /><G100/><T84/><D74/><U115/><E115/><V14/><F91/><N who="3" m="53623" /><G95/><T4/><D35/><U135/><E135/><V29/><F29/><W22/><G22/><T111/><D104/><U108/><E108/><V71/><F71/><W124/><G124/><T66/><D66/><U122/><E122/><V51/><F14/><W41/><G41/><T75/><D75/><U15/><E34/><V125/><F125/><W123/><G123/><T90/><D111/><U46/><E32/><V55/><F40/><W83/><G83/><T103/><D126/><U20/><E13/><V106/><F106/><W93/><G93/><N who="0" m="56495" /><D103/><U64/><E101/><V53/><F12/><W16/><G16/><N who="0" m="6219" /><D4/><U33/><E102/><V61/><F8/><W36/><G36/><T68/><D68/><U58/><E33/><V60/><AGARI ba="0,0" hai="48,51,53,55,56,57,60,61,72,77,82" m="50185" machi="60" ten="30,4000,0" yaku="19,1,52,2" doraHai="49" who="2" fromWho="2" sc="190,-10,220,-20,370,40,220,-10" /><INIT seed="2,0,0,0,0,127" ten="180,200,410,210" oya="2" hai0="26,4,13,132,58,64,102,24,41,92,88,3,12" hai1="53,72,62,74,6,66,67,18,44,76,7,94,29" hai2="87,75,133,40,117,30,101,123,21,5,89,31,49" hai3="70,46,126,109,15,119,16,118,116,47,112,51,69"/><V77/><F117/><W105/><G126/><T128/><D132/><U68/><E29/><V114/><F89/><W32/><G32/><T82/><D3/><U86/><E67/><V91/><F91/><W42/><G105/><T111/><D111/><U35/><E35/><V45/><F87/><W0/><G0/><T52/><D41/><U57/><E44/><V28/><F49/><W113/><G109/><T10/><D64/><U124/><E124/><V135/><F45/><W90/><G90/><T71/><D71/><U9/><E18/><V34/><F34/><W131/><G131/><T2/><D13/><U120/><E94/><V56/><F56/><W93/><G93/><T106/><D2/><U134/><E134/><V96/><F96/><W17/><G17/><T37/><D37/><U36/><E36/><V107/><F31/><W50/><G16/><T108/><D106/><U48/><E120/><V61/><F30/><W25/><G15/><T14/><D14/><U121/><E121/><V122/><F28/><W100/><G100/><T84/><D108/><U19/><E19/><V27/><F122/><W59/><G59/><T60/><D128/><U33/><E33/><V85/><F123/><W125/><G25/><T95/><D95/><U1/><E9/><V63/><F133/><W23/><G23/><T129/><D129/><U22/><E22/><V83/><F135/><W43/><G125/><T38/><D38/><U65/><E1/><V81/><F21/><W20/><G20/><T115/><D115/><AGARI ba="0,0" hai="42,43,46,47,50,51,69,70,112,113,115,116,118,119" machi="115" ten="50,8000,1" yaku="9,1,11,1,34,3" doraHai="127" who="3" fromWho="0" sc="180,-80,200,0,410,0,210,80" /><INIT seed="3,0,0,5,5,125" ten="100,200,410,290" oya="3" hai0="112,134,97,98,45,73,71,61,121,105,36,132,116" hai1="18,107,3,62,93,75,5,79,89,0,28,92,7" hai2="108,135,113,37,84,122,10,128,43,25,2,96,15" hai3="102,56,115,86,31,76,119,100,6,104,20,130,123"/><W110/><G115/><T65/><D116/><U85/><E107/><V59/><F128/><W26/><G119/><T66/><D121/><U55/><E28/><V12/><F113/><W46/><G123/><T87/><D112/><U23/><E3/><V34/><F108/><W27/><G110/><T90/><D66/><U95/><E75/><V60/><F122/><W127/><G127/><T63/><D63/><U32/><E32/><V106/><F135/><W117/><G117/><T118/><D73/><U91/><E79/><V72/><F72/><W29/><G104/><T54/><D118/><U38/><E38/><V74/><F74/><W69/><G69/><T4/><D4/><N who="1" m="1611" /><E0/><V109/><F2/><W50/><G130/><T24/><D105/><U17/><E17/><V14/><F10/><W35/><G56/><T80/><D24/><N who="1" m="14455" /><E89/><V82/><F82/><W99/><G6/><T53/><D36/><U49/><E62/><V1/><F96/><W11/><G11/><T52/><REACH who="0" step="1"/><D45/><AGARI ba="0,0" hai="45,49,55,85,91,92,93,95" m="14455,1611" machi="45" ten="30,1000,0" yaku="8,1" doraHai="125" who="1" fromWho="0" sc="100,-10,200,10,410,0,290,0" owari="90,-41.0,210,-19.0,410,51.0,290,9.0" /></mjloggm>