<mjloggm ver="2.3"><GO type="225" lobby="0"/><UN n0="%6D%75%75%6D%75%72%61" n1="%E3%81%95%E3%81%8D%E3%81%9F%E3%81%BE%E6%9E%97%E6%AA%8E" n2="%E3%81%A1%E3%82%85%E3%81%86%E3%81%A9%E3%81%8F%E8%B1%A1%E3%81%95%E3%82%93" n3="%E3%81%8F%E3%82%8A%E3%83%94%E3%83%BC" dan="16,16,17,16" rate="2167.85,2142.19,2192.66,2104.16" sx="F,M,M,M"/><TAIKYOKU oya="0"/><INIT seed="0,0,0,5,1,8" ten="250,250,250,250" oya="0" hai0="114,25,86,38,102,130,57,131,66,16,9,35,64" hai1="52,127,118,17,63,107,46,97,39,28,94,19,84" hai2="109,128,121,60,83,105,123,11,80,14,67,132,59" hai3="134,81,100,91,45,61,108,113,133,99,13,76,41"/><T103/><D114/><U1/><E127/><V115/><F115/><W116/><G113/><T71/><D38/><U5/><E118/><V82/><F105/><W126/><G116/><T4/><D71/><U55/><E107/><V125/><F109/><W22/><G91/><T96/><D86/><U15/><E1/><V44/><F125/><W42/><G61/><T88/><D35/><U21/><E39/><V95/><F132/><W78/><G108/><T53/><D4/><U87/><E28/><V10/><F128/><N who="0" m="49194" /><D102/><U34/><E34/><V101/><F44/><W77/><G81/><T43/><D43/><U110/><E110/><V93/><F10/><W65/><G65/><T73/><D73/><U33/><E33/><V72/><F72/><W6/><G126/><T0/><D0/><U111/><E5/><V85/><F101/><W58/><G58/><T12/><D25/><N who="1" m="14511" /><E111/><V56/><F56/><W98/><G6/><T3/><D3/><U47/><E63/><V20/><F121/><W27/><G27/><T119/><D119/><U24/><E24/><V69/><F123/><W75/><G75/><T40/><D40/><U31/><E31/><V129/><F129/><W106/><G41/><T124/><D124/><U36/><E36/><V51/><F85/><N who="1" m="32841" /><E47/><V18/><F69/><W37/><REACH who="3" step="1"/><G99/><REACH who="3" ten="250,250,250,240" step="2"/><T26/><D26/><U50/><E97/><V74/><F74/><W112/><G112/><T70/><D70/><U120/><E120/><V48/><F83/><W32/><G32/><T122/><D122/><U7/><E7/><N who="2" m="3455" /><F82/><W90/><G90/><T68/><D88/><RYUUKYOKU ba="0,1" sc="250,-10,250,-10,250,-10,240,30" hai3="13,22,37,42,45,76,77,78,98,100,106,133,134" /><INIT seed="1,1,1,1,1,23" ten="240,240,240,270" oya="1" hai0="46,25,33,116,84,88,65,40,114,71,58,37,44" hai1="19,81,77,105,68,119,5,15,101,36,128,79,121" hai2="100,16,7,66,55,133,118,52,92,67,115,75,51" hai3="42,87,74,43,8,31,35,94,61,17,78,72,83"/><U85/><E119/><V107/><F118/><W96/><G35/><T47/><D116/><U104/><E121/><V122/><F122/><W91/><G31/><T112/><D71/><U21/><E36/><V56/><F107/><W97/><G74/><T12/><D12/><U11/><E68/><V49/><F75/><W76/><G76/><T99/><D99/><U18/><E128/><V111/><F111/><W57/><G96/><T131/><D131/><U80/><E101/><V45/><F115/><W93/><G93/><T39/><D65/><U34/><E34/><V32/><F32/><W132/><G132/><T0/><D58/><U69/><E69/><V86/><F133/><W26/><G72/><T22/><D0/><U129/><E19/><V54/><F7/><W30/><G30/><T62/><D62/><U13/><REACH who="1" step="1"/><E129/><REACH who="1" ten="240,230,240,270" step="2"/><V117/><F117/><W130/><G130/><T113/><D33/><U90/><E90/><N who="2" m="53335" /><F100/><W9/><G42/><T125/><D125/><U28/><E28/><V41/><F16/><W73/><G43/><T53/><D39/><U108/><E108/><V106/><F106/><W120/><G120/><T27/><D37/><U103/><E103/><V48/><F41/><W3/><G17/><T109/><D40/><U29/><E29/><V95/><F95/><W102/><G94/><T127/><D109/><U63/><E63/><V59/><AGARI ba="1,2" hai="45,48,49,51,52,54,55,56,59,66,67" m="53335" machi="59" ten="30,2000,0" yaku="8,1,54,1" doraHai="23" who="2" fromWho="2" sc="240,-6,230,-11,240,43,270,-6" /><INIT seed="2,0,0,3,5,47" ten="234,219,283,264" oya="2" hai0="51,26,130,94,90,32,12,0,107,21,34,25,85" hai1="15,38,101,44,92,53,52,100,86,62,40,57,59" hai2="95,112,50,82,114,29,70,103,10,41,28,76,118" hai3="35,80,55,11,109,102,13,78,23,43,66,8,87"/><V7/><F118/><W124/><G35/><T39/><D0/><U105/><E105/><V134/><F70/><W73/><G109/><T128/><D39/><U79/><E15/><N who="2" m="5599" /><F134/><W97/><G124/><T84/><D107/><U61/><REACH who="1" step="1"/><E92/><REACH who="1" ten="234,209,283,264" step="2"/><V9/><F114/><W83/><G13/><T30/><D12/><U113/><E113/><V98/><F112/><W45/><G83/><AGARI ba="0,1" hai="38,40,44,52,53,57,59,61,62,79,83,86,100,101" machi="83" ten="40,8000,1" yaku="1,1,9,1,54,1,53,1" doraHai="47" doraHaiUra="75" who="1" fromWho="3" sc="234,0,209,90,283,0,264,-80" /><INIT seed="3,0,0,0,4,13" ten="234,299,283,184" oya="3" hai0="17,63,62,133,111,38,125,130,59,22,115,97,92" hai1="12,0,105,134,85,89,96,71,112,44,90,36,119" hai2="28,87,65,56,64,83,95,54,103,5,49,104,84" hai3="19,24,1,86,45,135,88,51,39,91,16,57,50"/><W43/><G1/><T52/><D111/><U41/><E112/><V74/><F74/><W128/><G128/><T126/><D38/><U101/><E0/><V67/><F104/><W6/><G135/><T34/><D34/><U82/><E134/><V40/><F5/><W55/><G39/><T46/><D46/><U110/><E110/><V120/><F120/><W26/><G6/><T69/><D133/><U124/><E71/><V80/><F28/><W73/><G73/><T29/><D29/><U131/><E131/><V8/><F8/><W21/><G86/><N who="2" m="32809" /><F40/><W60/><G51/><N who="0" m="31135" /><D130/><U99/><E124/><N who="0" m="47721" /><D69/><U123/><E123/><V107/><F107/><W114/><G114/><T47/><D47/><U113/><E113/><V42/><F42/><W100/><G100/><N who="0" m="60455" /><D115/><U48/><E119/><V106/><F106/><W3/><G3/><T18/><D22/><AGARI ba="0,0" hai="16,19,21,22,24,26,43,45,50,55,57,60,88,91" machi="22" ten="40,18000,2" yaku="9,1,8,1,52,2,54,2" doraHai="13" who="3" fromWho="0" sc="234,-180,299,0,283,0,184,180" owari="54,-44.6,299,9.9,283,-11.7,364,46.4" /></mjloggm>