<mjloggm ver="2.3"><GO type="225" lobby="0"/><UN n0="%79%75%72%69%6D%6F%67" n1="%E3%83%81%E3%83%AF%E3%83%AF%E9%9A%8A%E9%95%B7" n2="%4B%2E%32%2E%4B%2E" n3="%E3%80%93%E3%81%97%E3%83%BC%E3%82%89%E3%80%93" dan="17,17,16,16" rate="2169.05,2198.50,2145.75,2181.63" sx="F,M,M,M"/><TAIKYOKU oya="0"/><INIT seed="0,0,0,4,5,26" ten="250,250,250,250" oya="0" hai0="110,134,65,68,100,63,27,10,105,123,87,69,70" hai1="127,66,34,111,44,43,57,91,115,117,64,36,52" hai2="48,121,62,128,38,24,31,12,37,96,49,102,103" hai3="125,98,6,132,80,72,67,55,101,89,28,124,76"/><T9/><D123/><U4/><E117/><V108/><F121/><W58/><G67/><T119/><D119/><U85/><E115/><V118/><F118/><W29/><G6/><T19/><D134/><U83/><E111/><V53/><F108/><W99/><G89/><T5/><D110/><U39/><E127/><N who="3" m="48714" /><G132/><T17/><D100/><U54/><E36/><V51/><F128/><W106/><G99/><T107/><D87/><U93/><E34/><V94/><F12/><W35/><G35/><T41/><D41/><U73/><E4/><V133/><F103/><W92/><G106/><T2/><D10/><U22/><E54/><V122/><F122/><W109/><G109/><T15/><D2/><U7/><E7/><V33/><REACH who="2" step="1"/><F133/><REACH who="2" ten="250,250,240,250" step="2"/><W120/><G120/><T78/><D107/><U32/><E32/><V50/><N who="2" m="12288" /><DORA hai="114" /><V75/><F75/><W112/><G112/><T1/><D105/><U116/><E116/><V135/><F135/><W86/><G72/><T23/><REACH who="0" step="1"/><D78/><REACH who="0" ten="240,250,240,250" step="2"/><U61/><E73/><V30/><F30/><W20/><G29/><T56/><D56/><AGARI ba="0,2" hai="24,31,33,37,38,53,56,62,94,96,102" m="12288" machi="56" ten="50,6400,0" yaku="1,1,52,1,53,1" doraHai="26,114" doraHaiUra="79,95" who="2" fromWho="0" sc="240,-64,250,0,240,84,250,0" /><INIT seed="1,0,0,0,2,54" ten="176,250,324,250" oya="1" hai0="114,121,55,32,3,94,10,102,33,60,35,15,18" hai1="79,126,125,51,68,52,49,48,11,119,47,104,26" hai2="8,95,13,62,91,73,5,87,38,106,58,134,110" hai3="40,124,89,80,117,82,30,76,111,39,67,131,65"/><U34/><E119/><V37/><F106/><W17/><G117/><T84/><D114/><U71/><E104/><V105/><F105/><W122/><G122/><T74/><D74/><U109/><E79/><V129/><F73/><W96/><G30/><T81/><D121/><U22/><E34/><V113/><F110/><W16/><G111/><T83/><D3/><U57/><E11/><V27/><F113/><W70/><G124/><N who="1" m="47722" /><E109/><V108/><F129/><W56/><G70/><N who="1" m="26666" /><E47/><V63/><F134/><W0/><G0/><T29/><D29/><AGARI ba="0,0" hai="22,26,29,48,49,51,52,57" m="26666,47722" machi="29" ten="30,5800,0" yaku="18,1,52,1,54,1" doraHai="54" who="1" fromWho="0" sc="176,-58,250,58,324,0,250,0" /><INIT seed="1,1,0,1,5,42" ten="118,308,324,250" oya="1" hai0="101,15,26,106,123,102,125,59,92,116,127,32,21" hai1="78,115,109,14,0,54,117,27,87,46,22,122,67" hai2="135,71,19,43,133,131,81,13,110,73,1,94,6" hai3="98,62,100,3,118,8,70,4,9,34,80,82,121"/><U72/><E0/><V24/><F71/><W61/><G34/><T77/><D116/><U83/><E117/><V114/><F110/><W58/><G118/><T11/><D32/><U38/><E115/><V60/><F114/><W51/><G121/><T47/><D106/><U49/><E122/><V45/><F131/><W40/><G9/><T68/><D68/><U129/><E129/><V25/><F60/><W113/><G113/><T64/><D123/><U90/><E109/><V104/><F94/><W18/><G18/><T132/><D77/><U31/><E38/><N who="2" m="21751" /><F104/><W33/><G33/><T65/><D132/><N who="2" m="50762" /><F6/><W79/><G70/><T93/><D59/><U55/><E67/><V63/><F63/><W17/><G17/><T86/><D93/><U112/><E112/><V85/><F73/><W107/><G82/><T96/><D102/><U44/><E72/><V56/><F56/><W30/><G30/><T111/><D111/><U134/><E134/><V105/><F105/><W37/><G58/><T2/><D2/><U10/><E31/><V103/><F103/><W41/><G51/><T50/><D86/><U28/><E49/><V29/><F29/><W74/><G41/><N who="0" m="24943" /><D127/><U97/><E55/><V88/><F1/><W66/><G66/><T128/><D125/><U12/><E54/><V7/><F7/><W108/><G108/><T36/><D36/><U91/><E87/><V5/><F5/><W126/><G126/><T53/><D128/><U76/><E97/><V89/><F89/><W69/><G69/><T130/><D130/><U119/><E91/><V20/><AGARI ba="1,0" hai="13,19,20,24,25,81,85,88" m="50762,21751" machi="20" ten="30,7900,0" yaku="5,1,20,1,52,1,54,1" doraHai="42" who="2" fromWho="2" sc="118,-21,308,-40,324,82,250,-21" /><INIT seed="2,0,0,3,2,69" ten="97,268,406,229" oya="2" hai0="79,42,6,44,101,45,41,56,70,93,43,132,15" hai1="21,118,73,19,48,65,55,61,84,76,51,68,95" hai2="33,99,90,63,10,12,108,130,36,1,0,54,83" hai3="37,39,52,57,110,131,127,49,67,74,40,17,97"/><V62/><F36/><N who="3" m="13899" /><G17/><T72/><D72/><U3/><E118/><V81/><F12/><W66/><G97/><T121/><D121/><U134/><E3/><V2/><F99/><W64/><G74/><T96/><D70/><U135/><E73/><V120/><F90/><W100/><G100/><T77/><D56/><U35/><E35/><V32/><F83/><W7/><G7/><T98/><D132/><N who="1" m="50731" /><E55/><V13/><F81/><W103/><G103/><T46/><D98/><U119/><E119/><V82/><F82/><W50/><G110/><T89/><D101/><U4/><E4/><V94/><F13/><W107/><G107/><T124/><REACH who="0" step="1"/><D124/><REACH who="0" ten="87,268,406,229" step="2"/><U26/><E76/><V85/><F120/><W122/><G122/><T29/><D29/><U128/><E128/><V111/><F130/><W104/><G131/><T123/><D123/><U20/><E84/><V117/><F85/><W71/><G127/><T102/><D102/><U53/><E68/><V27/><F111/><W31/><G31/><T28/><D28/><U105/><E105/><V133/><F108/><W34/><G104/><T14/><D14/><U18/><E26/><V75/><F75/><W11/><G71/><T5/><D5/><U47/><E18/><V8/><F133/><W88/><G57/><T87/><D87/><U30/><E19/><V125/><F125/><W106/><G106/><T24/><D24/><U116/><E30/><V16/><F16/><W23/><G34/><T25/><D25/><U78/><E116/><V113/><F33/><W112/><G112/><T9/><AGARI ba="0,1" hai="6,9,15,41,42,43,44,45,46,77,79,89,93,96" machi="9" ten="40,5200,0" yaku="1,1,0,1,8,1,53,0" doraHai="69" doraHaiUra="80" who="0" fromWho="0" sc="87,62,268,-13,406,-26,229,-13" /><INIT seed="3,0,0,1,5,117" ten="149,255,380,216" oya="3" hai0="56,96,111,15,28,5,86,109,108,93,35,29,48" hai1="132,127,22,68,3,21,121,34,128,40,11,26,72" hai2="67,100,95,123,120,129,102,84,55,33,30,53,16" hai3="24,75,0,27,124,89,107,65,32,17,82,50,80"/><W71/><G0/><T99/><D35/><U113/><RYUUKYOKU type="yao9" ba="0,0" sc="149,0,255,0,380,0,216,0" hai1="3,11,21,22,26,34,40,68,72,113,121,127,128,132" /><INIT seed="3,1,0,3,5,11" ten="149,255,380,216" oya="3" hai0="43,99,67,113,85,120,121,71,26,60,134,106,42" hai1="80,63,127,87,131,14,13,62,119,78,135,100,55" hai2="44,70,83,132,47,88,115,51,49,93,59,9,35" hai3="27,52,16,90,77,94,118,110,95,17,64,74,81"/><W40/><G118/><T61/><D134/><U92/><E119/><V48/><F70/><W65/><G110/><T30/><D85/><U69/><E135/><V114/><F35/><W133/><G133/><T1/><D113/><U130/><E127/><V57/><F83/><W6/><G40/><T108/><D108/><U128/><E55/><V105/><F105/><W107/><G107/><T29/><D29/><U7/><E7/><V3/><F9/><W32/><G6/><T129/><D1/><U73/><E62/><V22/><F22/><W101/><G101/><T24/><D26/><U91/><REACH who="1" step="1"/><E100/><REACH who="1" ten="149,245,380,216" step="2"/><V18/><F132/><W89/><G52/><T124/><D61/><U116/><E116/><V2/><F114/><W54/><G54/><T31/><D124/><U25/><E25/><V0/><F115/><W37/><G27/><T39/><D31/><U45/><E45/><V96/><F47/><W19/><G65/><AGARI ba="1,1" hai="13,14,63,65,69,73,78,80,87,91,92,128,130,131" machi="65" ten="40,8000,1" yaku="1,1,19,1,52,2,53,0" doraHai="11" doraHaiUra="46" who="1" fromWho="3" sc="149,0,245,93,380,0,216,-83" owari="149,-25.1,338,13.8,380,48.0,133,-36.7" /></mjloggm>