<mjloggm ver="2.3"><GO type="225" lobby="0"/><UN n0="%E6%A1%9C%E8%8A%B1%E9%96%83%E3%80%85" n1="%70%6E%64%73%6E%67" n2="%E6%81%A5%E6%99%92%E3%81%97" n3="%E3%81%A4%E3%81%A3%E3%81%B1%E3%82%8A%E3%83%9D%E3%83%BC%E3%83%AB" dan="16,16,16,17" rate="2211.31,2115.71,2088.55,2231.51" sx="M,M,M,M"/><TAIKYOKU oya="0"/><INIT seed="0,0,0,0,0,24" ten="250,250,250,250" oya="0" hai0="111,46,74,57,127,54,2,26,84,125,122,50,51" hai1="105,89,59,61,20,133,91,60,33,118,96,67,124" hai2="90,64,116,16,58,21,82,23,72,100,35,132,81" hai3="131,14,66,134,123,17,93,10,103,6,115,47,53"/><T48/><D74/><U38/><E33/><V7/><F132/><W121/><G115/><T70/><D2/><U80/><E118/><V44/><F35/><W31/><G134/><T129/><D84/><U13/><E38/><V106/><F116/><W1/><G131/><T15/><D15/><U128/><E128/><V85/><F7/><W11/><G66/><T41/><D129/><U69/><E133/><V68/><F68/><W22/><G103/><T42/><D26/><U98/><E105/><V112/><F44/><W25/><G93/><T8/><D8/><U107/><E107/><V39/><F39/><W113/><G113/><T114/><D114/><U40/><E40/><N who="0" m="15465" /><D122/><N who="3" m="46601" /><G47/><T75/><D75/><U28/><E80/><V5/><F82/><W88/><G53/><N who="0" m="29847" /><D70/><U120/><E69/><V56/><F72/><W108/><G88/><T102/><D102/><U18/><E91/><V34/><F112/><W109/><AGARI ba="0,0" hai="1,6,10,11,14,17,22,25,31,108,109" m="46601" machi="109" ten="30,7900,0" yaku="13,1,34,2,52,1" doraHai="24" who="3" fromWho="3" sc="250,-39,250,-20,250,-20,250,79" /><INIT seed="1,0,0,3,0,68" ten="211,230,230,329" oya="1" hai0="12,130,93,96,122,46,104,19,57,99,76,52,9" hai1="3,18,110,41,105,8,80,63,92,78,23,17,27" hai2="50,103,75,32,30,28,72,88,26,44,119,66,109" hai3="29,53,14,60,85,37,115,106,120,35,90,24,40"/><U0/><E105/><V67/><F119/><W135/><G115/><T4/><D130/><U10/><E110/><V74/><F109/><W20/><G120/><T25/><D122/><U33/><E41/><V124/><F124/><W123/><G106/><T111/><D111/><U7/><E92/><V112/><F103/><W89/><G123/><T1/><D104/><U34/><E63/><V51/><F112/><W100/><G100/><T98/><D76/><U87/><REACH who="1" step="1"/><E18/><REACH who="1" ten="211,220,230,329" step="2"/><V36/><F36/><W95/><G60/><T94/><D94/><U71/><E71/><V61/><F61/><W54/><G40/><T81/><D93/><U49/><E49/><V47/><F51/><W101/><G95/><T127/><D98/><U117/><E117/><V102/><F50/><W15/><G101/><T131/><D99/><U22/><E22/><V91/><F102/><W97/><G20/><T133/><D96/><U70/><E70/><V48/><F48/><W83/><G97/><T38/><D38/><U86/><E86/><V43/><F43/><W79/><G37/><T113/><D113/><U82/><E82/><V2/><F32/><W11/><G83/><T126/><D81/><U73/><E73/><V128/><F74/><W56/><G85/><T21/><D46/><U39/><E39/><V125/><F75/><W16/><G35/><T64/><D21/><U132/><E132/><V55/><F72/><W5/><G16/><N who="0" m="8207" /><D133/><U65/><E65/><V58/><F67/><W114/><G135/><T118/><D64/><U31/><E31/><N who="2" m="11819" /><F66/><W13/><G114/><T42/><D118/><RYUUKYOKU ba="0,1" sc="211,-10,220,30,230,-10,329,-10" hai1="0,3,7,8,10,17,23,27,33,34,78,80,87" /><INIT seed="1,1,1,4,5,0" ten="201,250,220,319" oya="1" hai0="55,82,134,89,33,77,19,100,14,20,27,116,101" hai1="114,4,108,71,97,83,51,112,129,58,40,6,28" hai2="7,39,109,76,66,68,59,133,9,50,91,75,65" hai3="70,29,23,85,25,69,35,17,67,115,2,1,88"/><U42/><E71/><V13/><F109/><W84/><G115/><T12/><D116/><U125/><E125/><V98/><F133/><W22/><G85/><T106/><D134/><U120/><E120/><V32/><F32/><W64/><G35/><T3/><D3/><U15/><E129/><V128/><F128/><W94/><G70/><T46/><D89/><U104/><E104/><V86/><F39/><W135/><G135/><T121/><D121/><U87/><E108/><V118/><F118/><W126/><G126/><T113/><D113/><U95/><E112/><V38/><F38/><W130/><G130/><T78/><D106/><U45/><E28/><V24/><F75/><W61/><REACH who="3" step="1"/><G67/><REACH who="3" ten="201,250,220,309" step="2"/><T56/><D33/><U49/><E114/><V18/><F66/><W63/><G63/><N who="0" m="36255" /><D78/><U11/><E87/><V10/><F68/><W132/><G132/><T72/><D72/><U107/><E83/><V117/><F76/><W44/><G44/><T131/><D131/><U122/><E122/><V16/><F86/><W111/><G111/><T48/><D82/><U124/><E124/><V123/><F123/><W31/><G31/><T127/><D77/><U110/><E110/><V43/><F117/><W62/><G62/><T105/><D127/><U36/><E58/><V103/><F59/><W57/><G57/><T79/><D79/><U99/><E45/><V52/><F65/><W47/><G47/><T96/><D101/><U92/><E97/><V53/><F103/><W8/><G8/><T30/><D30/><U5/><E99/><V93/><F10/><W81/><G81/><RYUUKYOKU ba="1,2" sc="201,15,250,-15,220,-15,309,15" hai0="12,14,19,20,27,46,48,96,100,105" hai3="1,2,17,22,23,25,29,61,64,69,84,88,94" /><INIT seed="2,2,2,3,0,61" ten="216,235,205,324" oya="2" hai0="88,40,7,102,99,28,106,73,69,79,60,93,129" hai1="29,118,57,38,18,5,51,110,45,19,113,41,13" hai2="126,134,11,3,36,54,23,114,26,34,50,48,58" hai3="64,17,46,31,112,49,127,0,72,65,128,70,68"/><V15/><F114/><W120/><G0/><T24/><D129/><U85/><E113/><V89/><F36/><W1/><G1/><T14/><D40/><U44/><E118/><V100/><F126/><W22/><G72/><T16/><D7/><U104/><E110/><V108/><F108/><W59/><G112/><T62/><D69/><U121/><E121/><V105/><F134/><W91/><G120/><T32/><D79/><U103/><E29/><N who="2" m="17631" /><F34/><W78/><G78/><T52/><D73/><U66/><E104/><V107/><F3/><W117/><G31/><T122/><D122/><U84/><E103/><V82/><F105/><W98/><G117/><T53/><D62/><N who="1" m="38223" /><E44/><V55/><F100/><W37/><G37/><T135/><D60/><U63/><E63/><N who="2" m="36311" /><F107/><W80/><G70/><T109/><D135/><U83/><E38/><V21/><F21/><W8/><G22/><T92/><D109/><U9/><E84/><N who="2" m="50327" /><F55/><W47/><G68/><T123/><D123/><U90/><AGARI ba="2,2" hai="5,9,13,18,19,41,45,51,83,85,90" m="38223" machi="90" ten="30,2000,0" yaku="8,1,52,1" doraHai="61" who="1" fromWho="1" sc="216,-7,235,46,205,-12,324,-7" /><INIT seed="3,0,0,4,1,21" ten="209,281,193,317" oya="3" hai0="53,32,10,127,83,33,114,106,81,19,16,24,63" hai1="112,68,69,46,98,49,109,131,82,80,126,74,129" hai2="28,101,77,71,20,48,65,78,104,84,88,29,12" hai3="117,58,115,17,35,45,66,3,56,44,8,39,2"/><W18/><G117/><T118/><D118/><U72/><E112/><V116/><F116/><W125/><G35/><T96/><D114/><U22/><E98/><V61/><F48/><W11/><G115/><T94/><D106/><U119/><E119/><V95/><F104/><W25/><G25/><T122/><D122/><U134/><E22/><V87/><F101/><W27/><G27/><T60/><D127/><U6/><E6/><V54/><F54/><W26/><G26/><T51/><D33/><U41/><E126/><V7/><F87/><W107/><G107/><T121/><D121/><U79/><E134/><V0/><F0/><W128/><G125/><T133/><D133/><U97/><E97/><V42/><F42/><W64/><G39/><T102/><D32/><U113/><E113/><V135/><F135/><W9/><G9/><T99/><D99/><U73/><E109/><V36/><F36/><W57/><G57/><N who="0" m="32959" /><D24/><U34/><E34/><V15/><F15/><W75/><G75/><T111/><D111/><U100/><E100/><V124/><F124/><W55/><G55/><T86/><D81/><U92/><E92/><V91/><F91/><W13/><G13/><N who="0" m="7223" /><D19/><U40/><E40/><V89/><F89/><AGARI ba="0,0" hai="60,63,83,86,89,94,96,102" m="7223,32959" machi="89" ten="30,2000,0" yaku="8,1,54,1" doraHai="21" who="0" fromWho="2" sc="209,20,281,0,193,-20,317,0" owari="229,-17.1,281,8.1,173,-32.7,317,41.7" /></mjloggm>