<mjloggm ver="2.3"><GO type="225" lobby="0"/><UN n0="%E3%81%A4%E3%81%A3%E3%81%B1%E3%82%8A%E3%83%9D%E3%83%BC%E3%83%AB" n1="%E6%9D%B1%E9%A2%A8%E3%81%AE%E3%81%8D%E3%82%83%E3%81%B7%E3%81%95%E3%82%93" n2="%E3%83%B4%E3%83%A0%EF%BC%99%E3%81%A6" n3="%73%73%6B%5F%66%72%65%65" dan="16,17,16,17" rate="2113.18,2208.89,2127.93,2228.30" sx="M,M,M,M"/><TAIKYOKU oya="0"/><INIT seed="0,0,0,1,0,100" ten="250,250,250,250" oya="0" hai0="57,10,25,53,40,67,122,16,52,5,99,83,22" hai1="12,64,56,113,131,78,68,49,30,91,37,0,129" hai2="45,79,96,9,19,90,106,114,42,73,34,119,23" hai3="109,63,125,69,20,102,133,29,88,107,130,31,80"/><T28/><D122/><U134/><E37/><V104/><F114/><W27/><G109/><T6/><D40/><U101/><E0/><V76/><F34/><N who="3" m="20799" /><G133/><T103/><D83/><U81/><E134/><V39/><F9/><W120/><G130/><N who="1" m="49674" /><E113/><V82/><F76/><W46/><G46/><T4/><D67/><U35/><E101/><V135/><F135/><W59/><G59/><T13/><REACH who="0" step="1"/><D57/><REACH who="0" ten="240,250,250,250" step="2"/><U132/><E81/><V14/><REACH who="2" step="1"/><F119/><REACH who="2" ten="240,250,240,250" step="2"/><W8/><G120/><T61/><D61/><N who="1" m="39951" /><E132/><V84/><F84/><W72/><G63/><T94/><AGARI ba="0,2" hai="4,5,6,10,13,16,22,25,28,52,53,94,99,103" machi="94" ten="30,12000,1" yaku="1,1,0,1,8,1,54,2,53,0" doraHai="100" doraHaiUra="71" who="0" fromWho="0" sc="240,140,250,-40,240,-40,250,-40" /><INIT seed="0,1,0,4,1,91" ten="380,210,200,210" oya="0" hai0="100,85,15,59,20,0,35,10,32,82,108,55,66" hai1="99,1,74,51,49,117,132,27,118,109,135,129,14" hai2="43,105,46,71,40,84,47,25,89,128,31,5,114" hai3="133,61,8,56,113,62,120,30,36,24,64,16,67"/><T22/><D0/><U76/><E1/><V86/><F114/><W68/><G133/><N who="1" m="51274" /><E27/><V77/><F71/><W92/><G120/><T52/><D108/><U97/><E14/><V6/><F105/><W79/><G36/><T72/><D72/><U110/><E51/><V80/><F128/><W12/><G113/><T122/><D35/><U57/><E57/><V18/><F18/><W93/><G79/><N who="0" m="46303" /><D32/><AGARI ba="1,0" hai="8,12,16,24,30,32,56,61,62,64,67,68,92,93" machi="32" ten="30,7700,0" yaku="7,1,52,2,54,1" doraHai="91" who="3" fromWho="0" sc="380,-80,210,0,200,0,210,80" /><INIT seed="1,0,0,2,0,35" ten="300,210,200,290" oya="1" hai0="110,68,78,95,122,0,82,6,40,29,117,47,24" hai1="10,27,69,49,3,133,55,121,60,115,126,71,20" hai2="97,45,14,63,129,32,44,62,2,26,94,123,25" hai3="135,112,106,107,59,46,28,113,100,7,76,109,134"/><U75/><E75/><V56/><F123/><W9/><G76/><T12/><D117/><U41/><E121/><V70/><F129/><W90/><G90/><T91/><D68/><U8/><E115/><V38/><F70/><W58/><G46/><T72/><D122/><U4/><E133/><N who="3" m="50698" /><G28/><T124/><D124/><U33/><E126/><V87/><F87/><W96/><G106/><T92/><D110/><U5/><E33/><V31/><F14/><N who="3" m="5439" /><G109/><T52/><D12/><U50/><E41/><V102/><F26/><W79/><G79/><T23/><D91/><U105/><E105/><V89/><F89/><W119/><G119/><T128/><D128/><U99/><E99/><V19/><F38/><W125/><G125/><T18/><D29/><U66/><E71/><V51/><F44/><W17/><G17/><T132/><D132/><U81/><E81/><V93/><F19/><W116/><G116/><T39/><D52/><U57/><E50/><V108/><F93/><W1/><G1/><T77/><D77/><U37/><E37/><V127/><F127/><W103/><G103/><T61/><D61/><N who="2" m="23050" /><F2/><W114/><AGARI ba="0,0" hai="58,59,96,100,107,112,113,114" m="5439,50698" machi="114" ten="40,1500,0" yaku="20,1" doraHai="35" who="3" fromWho="3" sc="300,-4,210,-7,200,-4,290,15" /><INIT seed="2,0,0,5,0,85" ten="296,203,196,305" oya="2" hai0="28,109,48,21,13,119,105,132,40,38,74,42,78" hai1="16,112,99,110,93,92,96,100,66,94,15,115,64" hai2="97,71,68,76,117,98,95,86,37,22,8,44,17" hai3="89,133,116,127,46,118,31,108,20,4,67,122,12"/><V114/><F114/><W61/><G122/><T101/><D38/><U106/><E110/><V128/><F117/><W87/><G133/><T84/><D74/><U32/><E32/><V104/><F128/><W131/><G131/><T102/><D105/><U107/><E115/><V111/><F111/><W79/><G79/><T75/><D75/><U59/><E59/><V29/><F29/><W36/><G127/><T120/><D120/><U91/><E112/><V33/><F33/><W24/><G108/><T49/><D109/><U3/><E3/><V27/><F104/><W80/><G36/><T77/><D132/><U65/><REACH who="1" step="1"/><E107/><REACH who="1" ten="296,193,196,305" step="2"/><V53/><F71/><W5/><G118/><T72/><D119/><U73/><E73/><V125/><F68/><W43/><G116/><T81/><D72/><U129/><E129/><V90/><F125/><W6/><G46/><T47/><D47/><U25/><E25/><V41/><F76/><W19/><G12/><T126/><D13/><U58/><E58/><V0/><REACH who="2" step="1"/><F53/><REACH who="2" ten="296,193,186,305" step="2"/><W134/><G134/><T124/><D78/><U69/><E69/><V14/><F14/><W121/><G121/><T88/><D77/><U56/><E56/><V39/><F39/><W82/><G24/><N who="0" m="16399" /><D126/><U50/><E50/><N who="0" m="19561" /><D124/><U113/><E113/><V1/><F1/><W10/><G61/><T54/><D54/><U34/><E34/><V135/><F135/><W2/><G2/><T70/><D70/><U60/><E60/><V63/><F63/><W51/><G51/><T18/><D18/><U83/><E83/><V52/><F52/><W45/><G80/><RYUUKYOKU ba="0,2" sc="296,10,193,10,186,10,305,-30" hai0="40,42,81,84,88,101,102" hai1="15,16,64,65,66,91,92,93,94,96,99,100,106" hai2="0,8,17,22,27,37,41,44,86,90,95,97,98" /><INIT seed="2,1,2,0,1,4" ten="306,203,196,275" oya="2" hai0="48,29,111,13,115,99,79,3,105,18,2,114,91" hai1="96,66,71,110,108,8,0,135,38,126,75,20,42" hai2="129,133,92,112,102,5,98,122,127,54,36,120,70" hai3="34,32,37,6,27,26,23,131,109,73,43,40,123"/><V16/><F112/><W121/><G109/><N who="1" m="42090" /><E96/><V58/><F70/><W68/><G68/><T77/><D29/><U12/><E135/><V9/><F133/><W53/><G73/><T106/><D111/><U130/><E130/><V1/><F129/><W44/><G131/><T62/><D62/><N who="1" m="40407" /><E126/><V128/><F128/><W61/><G43/><T78/><D48/><U103/><E103/><V85/><F36/><W7/><G53/><T117/><D117/><U76/><E20/><V47/><F47/><W33/><G61/><T97/><D97/><U52/><E42/><V72/><F72/><W45/><G45/><T100/><D106/><U56/><E38/><V101/><F101/><W59/><G59/><T119/><D119/><U132/><E132/><V57/><F127/><W80/><G80/><T46/><D46/><U90/><E90/><V113/><F113/><W17/><REACH who="3" step="1"/><G27/><REACH who="3" ten="306,203,196,265" step="2"/><T10/><D115/><U89/><E52/><V28/><F54/><W125/><G125/><T84/><REACH who="0" step="1"/><D114/><REACH who="0" ten="296,203,196,265" step="2"/><U35/><E56/><V69/><F69/><W11/><G11/><T134/><D134/><U60/><E60/><V88/><F57/><W87/><G87/><T22/><D22/><U95/><E8/><V74/><F58/><W49/><G49/><T50/><D50/><U83/><E75/><V118/><F74/><W14/><G14/><T93/><AGARI ba="1,4" hai="2,3,10,13,18,77,78,79,84,91,93,99,100,105" machi="93" ten="30,4000,0" yaku="1,1,0,1,52,1,53,0" doraHai="4" doraHaiUra="65" who="0" fromWho="0" sc="296,83,203,-11,196,-21,265,-11" /><INIT seed="3,0,0,4,0,121" ten="379,192,175,254" oya="3" hai0="120,103,128,80,85,64,123,34,42,91,20,109,33" hai1="75,47,77,127,131,132,95,58,104,130,90,78,65" hai2="89,116,11,118,35,3,67,96,28,52,32,122,71" hai3="83,56,41,81,63,54,49,46,24,126,87,76,25"/><W115/><G126/><T125/><D64/><U0/><E0/><V69/><F122/><W119/><G119/><T124/><D128/><N who="1" m="49195" /><E127/><N who="0" m="48713" /><D109/><U93/><E132/><V108/><F108/><W15/><G115/><T100/><D42/><U12/><E104/><V10/><F89/><W26/><G83/><T36/><D36/><U113/><E113/><V5/><F96/><W102/><G102/><N who="0" m="38955" /><D20/><U14/><E47/><V13/><F52/><W98/><G98/><T73/><D73/><U111/><E111/><V1/><F67/><W7/><REACH who="3" step="1"/><G26/><REACH who="3" ten="379,192,175,244" step="2"/><T107/><D107/><U22/><E75/><V31/><REACH who="2" step="1"/><F13/><REACH who="2" ten="379,192,165,244" step="2"/><W70/><G70/><T59/><D123/><U112/><E112/><V57/><F57/><W19/><G19/><T6/><D120/><U114/><E114/><V129/><F129/><W68/><G68/><T84/><D59/><U72/><E58/><V38/><F38/><W82/><G82/><N who="0" m="49559" /><D6/><AGARI ba="0,2" hai="1,3,5,6,10,11,28,31,32,35,69,71,116,118" machi="6" ten="25,3200,0" yaku="1,1,22,2,53,0" doraHai="121" doraHaiUra="43" who="2" fromWho="0" sc="379,-32,192,0,165,52,244,0" owari="347,44.7,192,-30.8,217,-18.3,244,4.4" /></mjloggm>