<mjloggm ver="2.3"><GO type="225" lobby="0"/><UN n0="%E3%81%99%E3%81%84%E3%81%BE%E3%81%9B%E3%83%BC%E3%82%93" n1="%72%69%6F%75%63%68%61%6E" n2="%E6%A0%B9%E5%85%83%E3%81%8B%E3%82%89%E5%90%B9%E3%81%A3%E9%A3%9B%E3%81%B6" n3="%E7%A7%8B%E6%9C%88%E7%9C%9F%E7%90%86%E4%BA%9E" dan="16,17,16,16" rate="2140.36,2248.64,2164.17,2099.76" sx="M,M,F,F"/><TAIKYOKU oya="0"/><INIT seed="0,0,0,2,2,75" ten="250,250,250,250" oya="0" hai0="92,124,48,95,122,84,101,41,135,63,7,73,16" hai1="115,56,33,31,102,15,131,55,118,5,68,51,134" hai2="119,100,39,89,12,42,72,71,53,64,59,21,0" hai3="80,38,65,45,87,37,36,26,81,69,116,112,58"/><T70/><D122/><U113/><E118/><V97/><F0/><W74/><G112/><N who="1" m="43082" /><E68/><V104/><F72/><W117/><G74/><T61/><D73/><U18/><E131/><V105/><F89/><W88/><G69/><T13/><D124/><U9/><E134/><V132/><F105/><W2/><G2/><T62/><D135/><U94/><E31/><V109/><F109/><W1/><G1/><T86/><D70/><U52/><E33/><V128/><F128/><W60/><G80/><T120/><D7/><U43/><E43/><V25/><F12/><W85/><G85/><N who="0" m="32875" /><D101/><U34/><E34/><V32/><F42/><W10/><G10/><N who="0" m="6199" /><D120/><U11/><E55/><V6/><F6/><W108/><G108/><T91/><D91/><U76/><E102/><V133/><F39/><W77/><G116/><T3/><D3/><N who="1" m="191" /><E94/><V127/><F119/><W29/><G117/><T40/><D40/><U49/><E51/><N who="2" m="31167" /><F32/><W19/><G38/><T66/><D66/><U17/><E18/><N who="2" m="12471" /><F127/><W126/><G126/><T20/><D41/><U35/><E35/><V23/><F133/><W111/><G111/><T90/><D90/><U22/><E11/><V24/><F132/><W107/><G107/><T121/><D121/><U27/><E15/><V78/><F64/><W129/><G129/><T28/><D48/><U46/><E56/><V110/><F110/><W98/><G19/><T44/><D44/><U50/><E49/><V30/><F71/><W57/><G45/><T4/><D4/><U14/><E14/><V82/><F82/><W114/><G114/><T130/><D130/><RYUUKYOKU ba="0,0" sc="250,10,250,10,250,10,250,-30" hai0="20,28,61,62,63,92,95" hai1="17,22,27,46,50,52,76" hai2="23,24,30,78,97,100,104" /><INIT seed="0,1,0,3,4,65" ten="260,260,260,220" oya="0" hai0="8,39,106,119,75,115,100,60,88,48,74,127,50" hai1="4,7,91,43,19,129,5,72,58,1,69,36,9" hai2="87,94,109,86,68,25,54,78,121,47,126,52,116" hai3="95,56,6,84,132,110,30,114,32,85,45,55,80"/><T62/><D115/><U24/><E129/><V26/><F121/><W16/><G114/><T2/><D119/><U112/><E112/><V81/><F109/><W107/><G107/><T28/><D39/><U97/><E69/><V133/><F133/><W102/><G132/><T117/><D117/><U135/><E135/><V12/><F126/><W34/><G110/><T37/><D37/><U40/><E72/><V131/><F131/><W33/><G6/><T15/><D2/><U122/><E122/><V92/><F68/><W41/><G30/><T130/><D28/><U31/><E58/><V99/><F12/><W89/><G16/><T44/><D127/><U38/><E38/><V79/><F81/><W17/><G17/><T93/><D130/><U73/><E73/><V66/><F66/><W123/><G123/><T71/><D75/><U10/><E19/><V14/><F14/><W105/><G105/><T49/><D74/><U111/><E111/><V98/><REACH who="2" step="1"/><F47/><REACH who="2" ten="260,260,250,220" step="2"/><W35/><G45/><T90/><D44/><U3/><E5/><V0/><F0/><W22/><N who="3" m="8192" /><DORA hai="61" /><W120/><G120/><T134/><D71/><U67/><E67/><V76/><F76/><W113/><G113/><T57/><D134/><U124/><E124/><V21/><F21/><W59/><G22/><T27/><D15/><U20/><REACH who="1" step="1"/><E36/><REACH who="1" ten="260,250,250,220" step="2"/><V51/><F51/><W11/><G11/><T118/><D8/><U70/><E70/><V77/><F77/><W101/><G41/><T13/><D118/><AGARI ba="1,2" hai="25,26,52,54,78,79,86,87,92,94,98,99,116,118" machi="118" ten="25,6400,0" yaku="1,1,22,2,54,1,53,0" doraHai="65,61" doraHaiUra="103,46" who="2" fromWho="0" sc="260,-67,250,0,250,87,220,0" /><INIT seed="1,0,0,2,3,9" ten="193,250,337,220" oya="1" hai0="80,14,60,15,91,82,23,33,133,46,97,102,32" hai1="47,43,36,42,52,55,113,7,2,107,66,61,104" hai2="29,123,125,13,54,6,53,126,70,41,68,48,96" hai3="24,45,4,31,11,35,63,89,87,59,128,129,93"/><U22/><E113/><V84/><F123/><W17/><G17/><T40/><D133/><U77/><E43/><V105/><F29/><W130/><G45/><T131/><D131/><U76/><E107/><V21/><F84/><W114/><G114/><T88/><D60/><U64/><E104/><V79/><F79/><W94/><G94/><T132/><D132/><U86/><E66/><V122/><F122/><W39/><G39/><T27/><D82/><U95/><E22/><V69/><F96/><W108/><G108/><T106/><D32/><U1/><E77/><V62/><F105/><W56/><REACH who="3" step="1"/><G63/><REACH who="3" ten="193,250,337,210" step="2"/><T78/><D46/><U26/><E95/><V73/><F62/><W3/><AGARI ba="0,1" hai="3,4,11,24,31,35,56,59,87,89,93,128,129,130" machi="3" ten="30,8000,1" yaku="1,1,2,1,0,1,19,1,53,1" doraHai="9" doraHaiUra="90" who="3" fromWho="3" sc="193,-20,250,-40,337,-20,210,90" /><INIT seed="2,0,0,2,5,70" ten="173,210,317,300" oya="2" hai0="50,71,42,28,37,27,132,54,130,122,30,29,107" hai1="16,32,99,57,84,75,0,79,60,3,52,15,33" hai2="102,43,118,86,73,106,133,98,20,82,135,45,61" hai3="65,77,9,23,46,112,1,83,96,53,39,59,80"/><V72/><F118/><W2/><G112/><T35/><D122/><U10/><E75/><V8/><F20/><W119/><G119/><T41/><D71/><U78/><E99/><V134/><F61/><W95/><G65/><T22/><D107/><U94/><E78/><V124/><F8/><W66/><G66/><T89/><D130/><U6/><E0/><V111/><F111/><W24/><G83/><T131/><D131/><U38/><E38/><V4/><F4/><W113/><G9/><T17/><D132/><U25/><E25/><V101/><F101/><W44/><G113/><T117/><D35/><U76/><E76/><V11/><F11/><W14/><G14/><T109/><D109/><U103/><E3/><V91/><REACH who="2" step="1"/><F124/><REACH who="2" ten="173,210,307,300" step="2"/><W31/><G1/><T121/><D117/><U67/><E103/><V40/><F40/><W81/><G2/><T85/><D121/><U87/><E6/><V105/><F105/><W128/><G128/><T68/><D68/><U18/><E18/><V104/><F104/><W56/><G23/><T26/><D26/><U69/><E32/><V125/><F125/><W13/><G24/><T126/><D126/><U36/><E33/><V12/><F12/><W64/><G13/><T34/><D34/><U114/><E114/><V62/><F62/><W49/><G31/><T97/><D30/><U108/><E108/><V115/><F115/><W116/><G116/><T120/><D120/><U55/><E60/><V93/><F93/><W129/><G95/><T90/><D29/><U127/><E127/><V51/><AGARI ba="0,1" hai="43,45,51,72,73,82,86,91,98,102,106,133,134,135" machi="51" ten="30,6000,0" yaku="1,1,0,1,20,1,53,0" doraHai="70" doraHaiUra="88" who="2" fromWho="2" sc="173,-20,210,-20,307,70,300,-20" /><INIT seed="2,1,0,5,2,24" ten="153,190,377,280" oya="2" hai0="73,122,19,45,39,7,68,63,41,124,21,72,46" hai1="58,33,64,81,115,55,60,70,52,51,27,62,86" hai2="112,50,71,127,76,117,133,91,79,121,16,130,23" hai3="99,105,17,54,2,123,88,83,31,36,12,25,69"/><V9/><F117/><W38/><G2/><T30/><D122/><U134/><E134/><V18/><F112/><W14/><G69/><T66/><D124/><U26/><E115/><V103/><F71/><W82/><G123/><T34/><D7/><U92/><E92/><V28/><F121/><W101/><G54/><T126/><D126/><U87/><E33/><V104/><F103/><W59/><G59/><T93/><D93/><U129/><E129/><V22/><F104/><W3/><G3/><T78/><D46/><U4/><E4/><V43/><F127/><W75/><G83/><T110/><D110/><U135/><E135/><V98/><F130/><W125/><G125/><T90/><D90/><U120/><E120/><V132/><F50/><W89/><G12/><T48/><D39/><U100/><E100/><V37/><F37/><W74/><G38/><T108/><D108/><U67/><E55/><V56/><F43/><W109/><G36/><T128/><D128/><U119/><E119/><V96/><F91/><W111/><G111/><T35/><D78/><U5/><E5/><V49/><F56/><W0/><G0/><T1/><D1/><U32/><E32/><V97/><F49/><W65/><G65/><T118/><D118/><U116/><E116/><V77/><F77/><N who="3" m="44343" /><G75/><T114/><D114/><U107/><E107/><V94/><F79/><W80/><G80/><T6/><D6/><U20/><E81/><V95/><F133/><W13/><G109/><T11/><D35/><U8/><E70/><V61/><F132/><W57/><G105/><T53/><D68/><RYUUKYOKU ba="1,0" sc="153,0,190,0,377,0,280,0" /><INIT seed="3,2,0,2,3,33" ten="153,190,377,280" oya="3" hai0="93,62,90,71,19,67,125,6,107,70,76,86,32" hai1="87,119,104,25,109,101,34,66,2,58,28,108,20" hai2="39,134,115,83,57,96,73,38,48,3,15,53,50" hai3="85,8,110,105,4,130,18,111,112,82,46,7,98"/><W132/><G112/><T12/><D32/><U97/><E2/><V78/><F3/><W120/><G120/><T41/><D125/><U49/><E119/><V127/><F127/><W61/><G130/><T24/><D107/><U17/><E87/><V80/><F134/><W21/><G132/><T77/><D71/><U114/><E114/><V103/><F50/><W10/><G46/><T74/><D74/><U75/><E75/><V68/><F68/><W91/><G61/><T123/><D123/><U121/><E121/><V55/><F55/><W35/><G35/><T27/><D41/><U116/><E116/><V95/><F83/><W13/><G105/><T1/><D77/><U131/><E131/><V117/><F117/><W133/><G98/><T59/><D76/><U122/><E122/><V84/><F73/><W36/><G36/><T69/><D70/><U31/><E49/><V94/><F94/><W40/><G40/><T52/><D1/><U22/><E34/><V128/><F128/><W23/><G133/><T124/><D124/><U64/><E28/><V5/><F115/><W26/><REACH who="3" step="1"/><G23/><REACH who="3" ten="153,190,377,270" step="2"/><N who="0" m="11751" /><D6/><U102/><E104/><V63/><F63/><W60/><G60/><T56/><D69/><U42/><E42/><V100/><F39/><W14/><AGARI ba="2,1" hai="4,7,8,10,13,14,18,21,26,82,85,91,110,111" machi="14" ten="30,6000,0" yaku="1,1,0,1,9,1,53,0" doraHai="33" doraHaiUra="99" who="3" fromWho="3" sc="153,-22,190,-22,377,-22,270,76" /><INIT seed="3,3,0,4,5,68" ten="131,168,355,346" oya="3" hai0="129,44,100,61,71,59,14,48,8,49,91,85,97" hai1="4,98,119,110,80,127,24,86,37,75,1,103,132" hai2="65,96,27,67,101,90,82,108,33,111,21,57,126" hai3="73,10,22,54,16,78,102,113,26,52,105,7,60"/><W112/><G73/><T12/><D129/><U81/><E37/><V69/><F126/><W122/><G78/><T130/><D71/><U93/><E110/><N who="2" m="42027" /><F69/><W118/><G118/><T120/><D120/><U43/><E127/><V56/><F33/><W38/><G122/><T47/><D130/><U77/><E119/><V95/><F82/><W13/><G38/><T40/><D97/><U135/><E43/><V70/><F101/><W45/><G54/><N who="0" m="29959" /><D100/><U46/><E46/><V35/><F35/><W6/><G6/><T25/><D25/><U53/><E53/><V55/><F70/><W5/><G5/><T128/><D128/><U79/><E24/><V39/><F39/><W20/><G20/><T125/><D125/><U15/><E1/><V117/><F117/><W17/><G7/><T87/><D8/><U19/><E4/><V31/><F57/><W88/><G88/><T30/><D30/><U83/><E83/><V72/><F72/><W28/><G28/><T92/><D87/><U114/><E114/><V89/><F89/><W76/><G76/><T123/><D123/><U63/><E63/><AGARI ba="3,0" hai="21,27,31,55,56,63,65,67,90,95,96" m="42027" machi="63" ten="30,1000,0" yaku="14,1" doraHai="68" who="2" fromWho="1" sc="131,0,168,-19,355,19,346,0" owari="131,-36.9,149,-25.1,374,47.4,346,14.6" /></mjloggm>