<mjloggm ver="2.3"><GO type="225" lobby="0"/><UN n0="%E3%81%B5%E3%81%98%E3%81%8B%E3%81%A4" n1="%E5%B0%8F%E9%B3%A5%E9%81%8A%E7%B7%B4%E7%84%A1%32%31%E6%AD%B3" n2="%E3%81%B2%E3%81%AA%E3%81%AE%E3%82%8A%E3%81%8F" n3="%72%65%6E%6B%75%6E" dan="16,16,17,17" rate="2195.63,2143.30,2212.70,2215.61" sx="M,F,M,M"/><TAIKYOKU oya="0"/><INIT seed="0,0,0,4,1,107" ten="250,250,250,250" oya="0" hai0="96,45,16,100,2,35,118,0,106,104,8,82,14" hai1="3,1,85,98,94,99,117,90,67,28,77,17,21" hai2="22,52,116,123,40,7,56,51,43,74,95,58,119" hai3="66,18,88,92,114,19,23,20,130,49,86,91,53"/><T26/><D118/><U11/><E117/><V6/><F123/><W37/><G37/><T76/><D106/><U5/><E28/><V108/><F108/><W124/><G114/><T120/><D120/><U39/><E39/><V93/><F22/><N who="3" m="8235" /><G130/><T42/><D35/><U15/><E67/><V112/><F112/><W89/><G124/><T81/><D26/><U84/><E1/><V34/><F34/><W103/><G66/><T121/><D121/><U50/><E77/><V73/><F51/><W54/><G54/><AGARI ba="0,0" hai="6,7,40,43,52,54,56,58,73,74,93,95,116,119" machi="54" ten="25,8000,1" yaku="22,2,52,2,54,1" doraHai="107" who="2" fromWho="3" sc="250,0,250,0,250,80,250,-80" /><INIT seed="1,0,0,0,0,61" ten="250,250,330,170" oya="1" hai0="120,118,76,82,24,71,22,15,4,10,96,80,44" hai1="123,17,106,52,49,130,117,73,39,119,19,2,104" hai2="86,70,133,88,53,51,87,103,23,68,114,43,69" hai3="122,90,85,110,92,127,33,94,102,113,31,37,28"/><U67/><E39/><V126/><F43/><W65/><G37/><T48/><D118/><U54/><E123/><V135/><F126/><W16/><G113/><T134/><D120/><U6/><E73/><V89/><F103/><W128/><G122/><T34/><D134/><N who="2" m="51210" /><F23/><W95/><G127/><T124/><D124/><U108/><E2/><V55/><F114/><W84/><G110/><T46/><D34/><U81/><E81/><N who="2" m="49231" /><F51/><W116/><G116/><T14/><D71/><U91/><E6/><V3/><F3/><W97/><G128/><T25/><D46/><U40/><E130/><V42/><F42/><W100/><G33/><T83/><D96/><U21/><E40/><V64/><F64/><W62/><G16/><N who="0" m="10527" /><D76/><U79/><E79/><V47/><F47/><W36/><G36/><T13/><D14/><U66/><E49/><V57/><F57/><N who="3" m="37071" /><G85/><T0/><D0/><U77/><E77/><V109/><F109/><W93/><G97/><T131/><D131/><U74/><E108/><V58/><F58/><W107/><G107/><T11/><D11/><U27/><E106/><V125/><F125/><W105/><G105/><T12/><D12/><U9/><E104/><V32/><F32/><W7/><G7/><T29/><D29/><AGARI ba="0,0" hai="28,29,31,84,90,92,93,94,95,100,102" m="37071" machi="29" ten="30,2000,0" yaku="8,1,52,1" doraHai="61" who="3" fromWho="0" sc="250,-20,250,0,330,0,170,20" /><INIT seed="2,0,0,4,0,67" ten="230,250,330,190" oya="2" hai0="130,36,6,10,121,32,124,71,77,59,64,83,111" hai1="49,57,25,41,47,0,34,128,18,114,13,73,90" hai2="70,88,109,46,93,23,50,60,2,104,81,127,14" hai3="29,80,44,33,56,86,92,112,30,43,118,15,132"/><V120/><F120/><W79/><G118/><T16/><D121/><U96/><E114/><V133/><F2/><W78/><G112/><T94/><D124/><U48/><E0/><V24/><F104/><W108/><G132/><T95/><D32/><U42/><E73/><V9/><F127/><W110/><G79/><T69/><D36/><U117/><E117/><V91/><F81/><W51/><G33/><T99/><D59/><U28/><E128/><V31/><F109/><W26/><G26/><T17/><D111/><N who="3" m="42537" /><G15/><T21/><D64/><U3/><E3/><V55/><F93/><W53/><G92/><T101/><D95/><U45/><E57/><V134/><F70/><W74/><G74/><T12/><D130/><U11/><E90/><V105/><F60/><AGARI ba="0,0" hai="29,30,43,44,51,53,56,60,78,80,86" m="42537" machi="60" ten="30,1000,0" yaku="14,1" doraHai="67" who="3" fromWho="2" sc="230,0,250,0,330,-10,190,10" /><INIT seed="3,0,0,3,3,30" ten="230,250,320,200" oya="3" hai0="51,15,97,125,49,21,113,28,48,7,11,12,79" hai1="116,106,74,117,47,35,16,94,132,39,13,123,4" hai2="22,6,3,80,87,118,8,60,133,31,104,55,85" hai3="34,67,26,38,32,112,78,23,18,73,45,128,130"/><W10/><G112/><T111/><D113/><U24/><E106/><V64/><F104/><W20/><G67/><T62/><D111/><U95/><E123/><V36/><F36/><W124/><G124/><T102/><D125/><U114/><E4/><V43/><F43/><N who="3" m="22775" /><G10/><N who="0" m="4191" /><D79/><U17/><E74/><V58/><F118/><N who="1" m="45673" /><E132/><V76/><F133/><W86/><G73/><T41/><D62/><U82/><E82/><V126/><F126/><W66/><G66/><T53/><D41/><N who="1" m="22975" /><E114/><V99/><F64/><W52/><G23/><T96/><D28/><N who="1" m="19847" /><E17/><V108/><F108/><W72/><G72/><T88/><D102/><U46/><E46/><V84/><F22/><AGARI ba="0,0" hai="13,16,22,94,95" m="19847,22975,45673" machi="22" ten="30,3900,0" yaku="12,1,52,1,54,1" doraHai="30" who="1" fromWho="2" sc="230,0,250,39,320,-39,200,0" /><INIT seed="4,0,0,2,0,91" ten="230,289,281,200" oya="0" hai0="127,70,103,81,114,115,132,111,61,74,78,20,29" hai1="73,69,31,87,54,94,47,60,79,113,89,95,8" hai2="34,53,122,58,42,129,120,0,105,10,66,112,6" hai3="80,13,109,123,5,64,67,75,43,97,107,57,96"/><T130/><D29/><U26/><E73/><V128/><F105/><W50/><G109/><T12/><D111/><U116/><E116/><V98/><F34/><W9/><G123/><T1/><D1/><U90/><E79/><V126/><F42/><W55/><G43/><T72/><D127/><U2/><E113/><N who="0" m="43017" /><D20/><N who="1" m="15815" /><E69/><V125/><F98/><W63/><G107/><T18/><D103/><U133/><E133/><V28/><F66/><W131/><G131/><N who="2" m="50249" /><F28/><W93/><G67/><N who="0" m="41327" /><D132/><U100/><E2/><V23/><F112/><W32/><G32/><T106/><D106/><U71/><E71/><V24/><F23/><W11/><G11/><N who="0" m="6431" /><D130/><U36/><E100/><V4/><F24/><W33/><G33/><T86/><AGARI ba="0,0" hai="72,74,78,81,86" m="6431,41327,43017" machi="86" ten="30,1500,0" yaku="15,1" doraHai="91" who="0" fromWho="0" sc="230,15,289,-5,281,-5,200,-5" /><INIT seed="4,1,0,5,2,9" ten="245,284,276,195" oya="0" hai0="123,61,80,115,87,19,30,20,104,62,135,57,76" hai1="70,114,50,93,48,91,10,78,43,77,45,49,74" hai2="109,127,16,89,27,44,111,56,42,34,107,81,24" hai3="46,108,13,8,98,106,117,128,126,99,4,40,22"/><T52/><D123/><U58/><E70/><V31/><F107/><W119/><G108/><T39/><D104/><U60/><E114/><V37/><F127/><W72/><G126/><T112/><D135/><U95/><E95/><V14/><F27/><W67/><G128/><T29/><D39/><U36/><E74/><V65/><F65/><W33/><G33/><T131/><D131/><U90/><E10/><V133/><F133/><W122/><G122/><T84/><D115/><U130/><E130/><V12/><F56/><W23/><G72/><T3/><D3/><U59/><E59/><V2/><F2/><W38/><G67/><T47/><D47/><U15/><E15/><V125/><F12/><W110/><G110/><T71/><D112/><U53/><REACH who="1" step="1"/><E91/><REACH who="1" ten="245,274,276,195" step="2"/><V54/><F125/><W66/><G66/><T79/><D71/><U118/><E118/><V102/><F102/><W116/><REACH who="3" step="1"/><G99/><AGARI ba="1,1" hai="36,43,45,48,49,50,53,58,60,77,78,90,93,99" machi="99" ten="40,1300,0" yaku="1,1,53,0" doraHai="9" doraHaiUra="105" who="1" fromWho="3" sc="245,0,274,26,276,0,195,-16" owari="245,-15.5,300,40.0,276,7.6,179,-32.1" /></mjloggm>