<mjloggm ver="2.3"><GO type="225" lobby="0"/><UN n0="%72%65%6E%6B%75%6E" n1="%72%69%6F%75%63%68%61%6E" n2="%E5%B0%8F%E9%B3%A5%E9%81%8A%E7%B7%B4%E7%84%A1%32%31%E6%AD%B3" n3="%E3%81%9F%E3%81%8C%E3%82%84%E3%81%99" dan="17,16,16,16" rate="2238.31,2096.73,2153.00,2217.13" sx="M,M,F,M"/><TAIKYOKU oya="0"/><INIT seed="0,0,0,3,5,122" ten="250,250,250,250" oya="0" hai0="83,121,79,117,91,28,120,78,75,81,3,135,66" hai1="74,26,80,88,68,116,19,54,92,27,2,51,25" hai2="102,90,133,0,72,103,123,42,128,62,53,32,47" hai3="73,100,84,118,82,40,15,69,8,50,114,22,98"/><T104/><D3/><U17/><E116/><V12/><F0/><W113/><G69/><T11/><D117/><U67/><E2/><V64/><F123/><N who="0" m="47178" /><D28/><U96/><E67/><V57/><F32/><W41/><G73/><N who="0" m="43215" /><D11/><U20/><E68/><V129/><F72/><W30/><G118/><T6/><D6/><U99/><E99/><V43/><F133/><W44/><G41/><T126/><D66/><U93/><E93/><V59/><F12/><W112/><G22/><T38/><D38/><U56/><REACH who="1" step="1"/><E20/><REACH who="1" ten="250,240,250,250" step="2"/><V7/><F64/><W58/><G114/><T87/><D104/><U130/><E130/><V124/><F129/><W101/><G113/><T45/><D135/><U110/><E110/><V24/><F128/><W52/><G112/><T9/><D9/><U89/><E89/><V76/><F90/><N who="3" m="51479" /><G98/><T16/><D91/><U94/><E94/><V109/><F109/><W39/><G101/><T33/><D33/><U60/><E60/><V4/><F103/><W132/><G100/><T5/><D79/><AGARI ba="0,1" hai="17,19,25,26,27,51,54,56,74,79,80,88,92,96" machi="79" ten="40,2600,0" yaku="1,1,54,1,53,0" doraHai="122" doraHaiUra="111" who="1" fromWho="0" sc="250,-26,240,36,250,0,250,0" /><INIT seed="1,0,0,0,4,79" ten="224,276,250,250" oya="1" hai0="98,127,7,21,35,95,4,131,74,20,37,40,29" hai1="9,129,64,16,31,112,19,44,62,42,91,130,110" hai2="17,93,78,122,13,15,24,1,46,26,80,73,119" hai3="58,116,23,85,33,86,63,128,107,28,57,84,82"/><U96/><E112/><V61/><F119/><W51/><G33/><T124/><D131/><N who="1" m="50187" /><E31/><V90/><F1/><W34/><G34/><T77/><D35/><U68/><E110/><V8/><F122/><W14/><G107/><T97/><D37/><N who="1" m="21583" /><E9/><V36/><F61/><W39/><G39/><T49/><D49/><U70/><E70/><V101/><F101/><W53/><G116/><T105/><D40/><U2/><E2/><V22/><F46/><W10/><G23/><T54/><D54/><U123/><E123/><V47/><F47/><W113/><G28/><T0/><D105/><U121/><E121/><V30/><F36/><W120/><G113/><T59/><D59/><U52/><E52/><V92/><F92/><AGARI ba="0,0" hai="16,19,62,64,68,91,92,96" m="21583,50187" machi="92" ten="30,2900,0" yaku="19,1,54,1" doraHai="79" who="1" fromWho="2" sc="224,0,276,29,250,-29,250,0" /><INIT seed="1,1,0,2,1,93" ten="224,305,221,250" oya="1" hai0="6,19,106,8,76,91,78,30,108,45,73,38,4" hai1="37,59,89,101,64,48,47,100,81,54,24,70,3" hai2="51,53,1,66,109,88,57,123,127,63,118,110,135" hai3="96,84,114,83,80,17,134,22,35,125,71,79,115"/><U120/><E120/><V122/><F1/><W26/><G71/><T92/><D106/><U62/><E3/><V111/><F118/><W23/><G35/><T117/><D117/><U29/><E89/><V27/><F27/><W33/><G33/><T116/><D116/><U107/><E81/><V52/><F135/><W90/><G125/><T16/><D108/><U0/><E0/><V11/><F11/><W60/><G60/><T97/><D30/><U49/><E107/><V129/><F129/><W87/><G134/><T40/><D76/><U13/><E13/><V44/><F127/><W9/><G9/><T18/><REACH who="0" step="1"/><D8/><REACH who="0" ten="214,305,221,250" step="2"/><U61/><E37/><V112/><F112/><W130/><G130/><T42/><D42/><U132/><E132/><V20/><F20/><W69/><G23/><T74/><D74/><U34/><REACH who="1" step="1"/><E49/><REACH who="1" ten="214,295,221,250" step="2"/><V58/><REACH who="2" step="1"/><F88/><REACH who="2" ten="214,295,211,250" step="2"/><W56/><G90/><T50/><D50/><AGARI ba="1,3" hai="44,50,51,52,53,57,58,63,66,109,110,111,122,123" machi="50" ten="40,12000,2" yaku="1,1,2,1,14,1,34,3,54,1,53,0" doraHai="93" doraHaiUra="99" who="2" fromWho="0" sc="214,-123,295,0,211,153,250,0" /><INIT seed="2,0,0,3,0,19" ten="91,295,364,250" oya="2" hai0="64,124,117,99,109,27,101,65,116,107,70,81,135" hai1="54,103,3,12,32,82,78,69,106,98,94,79,110" hai2="111,8,29,34,35,129,89,23,133,0,9,28,10" hai3="6,39,44,63,13,49,114,74,57,122,40,119,112"/><V45/><F45/><W123/><G13/><T128/><D27/><U84/><E3/><V130/><F89/><W21/><G21/><T125/><D64/><U51/><E32/><N who="2" m="12331" /><F133/><W4/><G4/><T118/><D65/><U55/><E110/><V132/><F132/><W16/><G16/><T7/><D7/><U134/><E134/><V88/><F88/><W17/><G17/><T102/><D70/><U42/><E69/><V53/><F53/><N who="3" m="31919" /><G6/><T97/><D135/><U87/><E12/><V77/><F77/><W58/><G74/><T11/><D11/><U96/><E42/><V56/><F56/><W67/><G119/><T108/><D81/><N who="1" m="47159" /><E51/><V113/><F113/><AGARI ba="0,0" hai="39,40,44,58,63,67,112,113,114,122,123" m="31919" machi="113" ten="30,3900,0" yaku="11,1,34,2" doraHai="19" who="3" fromWho="2" sc="91,0,295,0,364,-39,250,39" /><INIT seed="3,0,0,5,5,69" ten="91,295,325,289" oya="3" hai0="15,22,0,58,76,57,74,7,115,83,131,63,103" hai1="43,82,10,18,9,24,121,114,56,16,25,34,32" hai2="50,120,61,73,88,102,54,87,26,31,119,128,29" hai3="86,124,95,42,70,53,98,99,5,49,93,64,134"/><W12/><G70/><T65/><D131/><U4/><E56/><V48/><F73/><W110/><G64/><T13/><D115/><U126/><E82/><V101/><F119/><W40/><G134/><T72/><D103/><N who="2" m="39434" /><F128/><W1/><G1/><T17/><D57/><U135/><E43/><N who="3" m="16426" /><G124/><T19/><D7/><U39/><E39/><V60/><F48/><W59/><G110/><T111/><D111/><U28/><E121/><V35/><F35/><N who="1" m="13353" /><E114/><V14/><F14/><W52/><G53/><T45/><D45/><U41/><E41/><V23/><F31/><W84/><G95/><T118/><D0/><N who="1" m="135" /><E135/><V125/><F125/><W85/><G93/><T92/><D92/><U46/><E46/><N who="2" m="27991" /><F120/><W104/><G104/><T3/><D3/><U37/><E37/><V133/><F133/><W11/><AGARI ba="0,0" hai="5,11,12,49,52,59,84,85,86,98,99" m="16426" machi="11" ten="30,3000,0" yaku="8,1,54,1" doraHai="69" who="3" fromWho="3" sc="91,-10,295,-10,325,-10,289,30" owari="81,-41.9,285,-11.5,315,11.5,319,41.9" /></mjloggm>