<mjloggm ver="2.3"><GO type="225" lobby="0"/><UN n0="%E3%82%BC%E3%83%AB%E3%83%80%E3%81%AE%E4%BC%9D%E8%AA%AC" n1="%73%61%6E%64%69%72%69%73" n2="%E9%89%A2%E5%B7%BB%E3%82%AC%E3%83%96" n3="%E7%AD%89%E3%80%85%E5%8A%9B%E5%8A%87%E5%A0%B4" dan="16,16,16,16" rate="2213.83,2127.93,2053.59,2142.79" sx="M,M,M,M"/><TAIKYOKU oya="0"/><INIT seed="0,0,0,4,3,54" ten="250,250,250,250" oya="0" hai0="63,84,33,23,107,80,69,59,2,64,109,91,95" hai1="127,31,103,10,98,0,13,77,93,86,101,55,82" hai2="5,111,3,28,16,43,78,135,30,56,104,87,108" hai3="34,36,26,79,6,129,12,9,126,27,72,21,89"/><T29/><D2/><U88/><E127/><V65/><F104/><W81/><G129/><T117/><D117/><U121/><E121/><V18/><F43/><W92/><G126/><T20/><D109/><N who="2" m="42058" /><F5/><W53/><G36/><T110/><D110/><U132/><E132/><V122/><F3/><W52/><G34/><T73/><D107/><U83/><E0/><V130/><F122/><W71/><G71/><T123/><D123/><U57/><E31/><N who="2" m="11819" /><F130/><W42/><G42/><T50/><D69/><U106/><E83/><N who="2" m="47607" /><F135/><W7/><G7/><T38/><D38/><U116/><E116/><V75/><F75/><W60/><G21/><T24/><REACH who="0" step="1"/><D50/><REACH who="0" ten="240,250,250,250" step="2"/><N who="1" m="30967" /><E106/><V15/><F15/><W94/><G12/><T4/><D4/><AGARI ba="0,1" hai="4,10,13,77,82,86,88,93,98,101,103" m="30967" machi="4" ten="30,3900,0" yaku="8,1,52,1,54,1" doraHai="54" who="1" fromWho="0" sc="240,-39,250,49,250,0,250,0" /><INIT seed="1,0,0,4,0,40" ten="201,299,250,250" oya="1" hai0="61,98,111,131,92,90,57,60,16,71,67,47,103" hai1="120,70,114,56,62,124,12,79,77,94,8,80,102" hai2="135,32,43,55,34,115,7,97,85,109,22,69,19" hai3="63,104,37,107,106,121,128,74,30,112,41,119,93"/><U130/><E114/><V58/><F109/><W29/><G121/><T42/><D131/><U125/><E120/><V53/><F135/><W36/><G74/><T39/><D111/><U68/><E130/><V110/><F69/><W11/><G128/><T38/><D38/><U9/><E102/><V46/><F115/><W101/><G112/><T116/><D116/><U118/><E94/><V21/><F7/><W48/><G119/><T100/><REACH who="0" step="1"/><D16/><REACH who="0" ten="191,299,250,250" step="2"/><U33/><E118/><V134/><F19/><W113/><G36/><T17/><D17/><U108/><E108/><V44/><F110/><W49/><G37/><T28/><D28/><U1/><E8/><V26/><F26/><W87/><G29/><T82/><D82/><U64/><E80/><V2/><F134/><W45/><G30/><T4/><D4/><U75/><E9/><V25/><F25/><W86/><G11/><T3/><D3/><U10/><E10/><V51/><F2/><W0/><G0/><T18/><D18/><U15/><E1/><V117/><F117/><W127/><G113/><T84/><D84/><U35/><E12/><V83/><F85/><W59/><G87/><T126/><D126/><U96/><E15/><V88/><F83/><W129/><G86/><T23/><D23/><U123/><E124/><V65/><F21/><W31/><G31/><T66/><AGARI ba="0,1" hai="39,42,47,57,60,61,66,67,71,90,92,98,100,103" machi="66" ten="20,5200,0" yaku="1,1,0,1,7,1,52,1,53,0" doraHai="40" doraHaiUra="14" who="0" fromWho="0" sc="191,62,299,-26,250,-13,250,-13" /><INIT seed="2,0,0,1,5,24" ten="253,273,237,237" oya="2" hai0="132,105,86,82,25,15,125,31,35,42,84,120,4" hai1="88,67,45,80,115,95,22,133,61,111,12,112,64" hai2="36,94,37,81,97,116,70,1,71,32,124,0,127" hai3="76,130,11,131,3,49,62,48,66,38,121,34,102"/><V50/><F116/><W103/><G38/><N who="2" m="14953" /><F32/><W87/><G121/><T68/><D120/><U126/><E126/><N who="2" m="48171" /><F81/><W122/><G122/><T93/><D125/><U114/><E80/><V128/><F50/><W119/><G119/><T20/><D105/><U52/><E133/><V107/><F107/><W74/><G74/><T106/><D68/><N who="2" m="26154" /><F128/><W30/><G49/><T85/><D106/><U23/><E114/><V109/><F109/><W40/><G48/><T13/><D35/><U41/><E111/><V39/><N who="2" m="14961" /><V98/><DORA hai="92" /><F94/><W53/><G34/><T7/><D82/><U5/><E95/><V73/><F73/><W57/><G131/><T54/><D93/><U96/><E115/><V29/><F29/><W28/><G30/><T79/><D79/><U33/><E33/><V18/><F18/><W134/><G28/><T58/><D42/><U89/><E41/><V65/><F65/><W2/><G66/><T72/><D72/><U47/><E64/><V113/><F113/><W59/><G40/><T83/><D83/><U101/><E67/><V19/><F19/><W129/><G76/><T78/><D78/><U51/><E51/><V123/><F123/><W56/><G130/><T135/><D135/><U77/><E77/><V9/><F9/><W14/><G11/><T60/><D132/><U99/><E112/><V26/><F26/><W104/><G104/><T110/><D110/><U10/><E10/><V6/><F6/><AGARI ba="0,0" hai="4,6,7,13,15,20,25,31,54,58,60,84,85,86" machi="6" ten="40,2600,0" yaku="8,1,52,1" doraHai="24,92" who="0" fromWho="2" sc="253,26,273,0,237,-26,237,0" /><INIT seed="3,0,0,4,2,26" ten="279,273,211,237" oya="3" hai0="135,115,73,123,55,18,59,93,12,120,27,46,122" hai1="33,41,103,98,31,23,89,65,49,100,7,2,97" hai2="124,111,70,68,44,8,85,57,81,86,30,118,79" hai3="10,19,53,116,107,134,32,77,75,28,36,56,42"/><W96/><G116/><T17/><D73/><U63/><E33/><V76/><F118/><W61/><G134/><T37/><D135/><U9/><E89/><V3/><F111/><W29/><G32/><T131/><D131/><U15/><E41/><V71/><F124/><W48/><G36/><T58/><D115/><U95/><E49/><V112/><F112/><W69/><G75/><T129/><D129/><U132/><E132/><V38/><F57/><W104/><G77/><T39/><D93/><U119/><E119/><V91/><F85/><W47/><G69/><T92/><D92/><N who="1" m="58407" /><E2/><V45/><F38/><N who="0" m="14346" /><D27/><N who="1" m="16895" /><E63/><V54/><F76/><W94/><G107/><T24/><D46/><U90/><E90/><V50/><F45/><W101/><G104/><T80/><D80/><U62/><E62/><V126/><F79/><W128/><G128/><T0/><D0/><U16/><E65/><V1/><F126/><W11/><G11/><N who="0" m="6303" /><D55/><U6/><AGARI ba="0,0" hai="6,7,9,15,16,95,98,103" m="16895,58407" machi="6" ten="30,4000,0" yaku="8,1,52,1,54,1" doraHai="26" who="1" fromWho="1" sc="279,-10,273,40,211,-10,237,-20" owari="269,6.9,313,41.3,201,-29.9,217,-18.3" /></mjloggm>