<mjloggm ver="2.3"><GO type="225" lobby="0"/><UN n0="%E3%81%BF%E3%81%BF%E3%81%9A" n1="%48%61%61%61%6C%61%6E%64" n2="%E3%81%86%E3%82%8B%E3%81%8A%E3%81%A1%E3%82%83" n3="%E3%81%AF%E3%82%88%E3%81%8A%E3%81%98%E3%81%95%E3%82%93" dan="17,17,16,16" rate="2250.19,2147.03,2117.07,2091.88" sx="M,M,F,M"/><TAIKYOKU oya="0"/><INIT seed="0,0,0,2,1,75" ten="250,250,250,250" oya="0" hai0="52,63,31,79,16,69,132,18,10,7,11,95,58" hai1="114,91,41,116,94,62,121,135,45,27,109,12,59" hai2="60,130,66,112,35,70,107,89,126,90,131,64,134" hai3="92,99,54,74,125,23,21,39,47,106,14,104,117"/><T29/><D132/><U129/><E116/><V43/><F112/><W37/><G74/><T124/><D124/><U97/><E121/><V26/><F126/><W127/><G92/><T101/><D69/><U128/><E135/><V133/><F43/><W88/><G14/><N who="0" m="5471" /><D79/><U50/><E114/><V5/><F5/><W55/><G99/><N who="0" m="59647" /><D11/><U72/><E72/><V57/><F107/><W98/><G98/><T24/><D24/><U103/><E12/><V40/><F134/><W96/><G96/><T46/><D46/><U53/><E103/><V122/><F122/><W80/><G47/><T84/><D84/><U102/><E102/><V25/><F133/><W100/><G100/><T111/><D111/><U48/><E109/><V9/><F9/><W83/><REACH who="3" step="1"/><G88/><REACH who="3" ten="250,250,250,240" step="2"/><T56/><D56/><U81/><E91/><V13/><F57/><W3/><G3/><T22/><D22/><U38/><E97/><V123/><F90/><W76/><G76/><T8/><D8/><U34/><E94/><V15/><F89/><W0/><G0/><T119/><D119/><AGARI ba="0,1" hai="21,23,37,39,54,55,80,83,104,106,117,119,125,127" machi="119" ten="25,3200,0" yaku="1,1,22,2,53,0" doraHai="75" doraHaiUra="44" who="3" fromWho="0" sc="250,-32,250,0,250,0,240,42" /><INIT seed="1,0,0,2,0,121" ten="218,250,250,282" oya="1" hai0="39,113,64,72,130,101,120,73,1,35,21,46,26" hai1="129,87,115,122,15,11,91,27,9,30,114,13,93" hai2="74,103,104,25,58,47,6,41,89,81,102,14,8" hai3="124,100,66,19,98,42,134,22,51,92,90,77,33"/><U75/><E122/><V78/><F104/><W131/><G33/><T0/><D113/><U28/><E75/><V48/><F89/><W108/><G124/><T3/><D120/><U79/><E79/><V7/><F7/><W57/><G131/><T37/><D130/><U62/><E129/><V53/><REACH who="2" step="1"/><F25/><REACH who="2" ten="218,250,240,282" step="2"/><W68/><G90/><T128/><D128/><U88/><E27/><V80/><F80/><W107/><G107/><T94/><D35/><U60/><E93/><V116/><F116/><W10/><G92/><T82/><D64/><U24/><E24/><V5/><F5/><W61/><G66/><T43/><D39/><AGARI ba="0,1" hai="6,8,14,39,41,47,48,53,58,74,78,81,102,103" machi="39" ten="30,2000,0" yaku="1,1,7,1,53,0" doraHai="121" doraHaiUra="85" who="2" fromWho="0" sc="218,-20,250,0,240,30,282,0" /><INIT seed="2,0,0,2,1,65" ten="198,250,270,282" oya="2" hai0="45,88,133,32,25,87,124,81,103,64,94,27,118" hai1="28,76,6,9,31,109,60,66,92,13,126,21,67" hai2="116,110,108,95,132,55,91,40,96,30,17,130,58" hai3="34,70,19,43,36,78,115,57,123,112,90,42,0"/><V50/><F116/><W14/><G123/><T114/><D114/><U73/><E109/><N who="2" m="42091" /><F30/><W119/><G119/><T127/><D118/><U97/><E126/><N who="0" m="48169" /><D32/><U35/><E35/><V4/><F4/><W101/><G0/><T18/><D133/><U89/><E73/><V3/><F3/><W7/><G34/><T121/><D121/><U20/><E76/><V12/><F132/><W80/><G7/><T37/><D18/><U122/><E122/><V83/><F130/><W134/><G101/><T24/><D64/><N who="1" m="24619" /><E60/><V56/><F40/><W8/><G42/><N who="0" m="22735" /><D103/><U16/><E21/><N who="2" m="11431" /><F83/><AGARI ba="0,0" hai="24,25,27,81,83,87,88,94" m="22735,48169" machi="83" ten="30,2000,0" yaku="18,1,54,1" doraHai="65" who="0" fromWho="2" sc="198,20,250,0,270,-20,282,0" /><INIT seed="3,0,0,2,1,30" ten="218,250,250,282" oya="3" hai0="62,79,56,60,47,7,37,44,108,124,86,102,111" hai1="115,95,2,99,91,34,28,26,61,23,90,94,69" hai2="41,5,113,57,55,54,35,135,15,84,121,112,68" hai3="110,129,122,8,25,3,50,31,81,131,117,73,13"/><W0/><G117/><T11/><D102/><U48/><E115/><N who="2" m="44107" /><F84/><W1/><G122/><T42/><D124/><U24/><E2/><V22/><F22/><W109/><G50/><T80/><D47/><U33/><E48/><N who="2" m="30919" /><F15/><W21/><G81/><T88/><D79/><U101/><E26/><V14/><F14/><W132/><G132/><T38/><D38/><U100/><E69/><V4/><F4/><W46/><G46/><T89/><D89/><U119/><E119/><V114/><F5/><W106/><G106/><T97/><D97/><U45/><E45/><V71/><F41/><W32/><G21/><T105/><D105/><U133/><E133/><V29/><F135/><W78/><G78/><T59/><D59/><U70/><E101/><V87/><F87/><W64/><G64/><T126/><D126/><U123/><E123/><V63/><F121/><W134/><G73/><T72/><D72/><U27/><E27/><N who="2" m="18879" /><F114/><W58/><G58/><T127/><D127/><U36/><E36/><V116/><F116/><W12/><G134/><T67/><REACH who="0" step="1"/><D62/><REACH who="0" ten="208,250,250,282" step="2"/><U118/><E118/><V17/><F71/><W9/><G129/><T125/><D125/><U52/><E70/><V128/><F128/><W39/><G131/><T19/><D19/><U83/><E100/><V65/><F17/><N who="3" m="8327" /><G39/><T10/><D10/><U104/><E104/><V82/><F68/><W76/><G76/><T51/><D51/><U93/><E99/><V120/><F120/><W16/><AGARI ba="0,1" hai="0,1,3,9,13,16,25,31,32,109,110" m="8327" machi="16" ten="40,12000,1" yaku="34,2,52,1,54,1" doraHai="30" who="3" fromWho="3" sc="208,-40,250,-40,250,-40,282,130" owari="168,-33.2,210,1.0,210,-19.0,412,51.2" /></mjloggm>