<mjloggm ver="2.3"><GO type="225" lobby="0"/><UN n0="%E8%83%83%E3%81%A8%E8%85%B8" n1="%E3%81%8B%E3%82%8F%E3%81%A1%E3%82%83%E3%82%93%35%38" n2="%E7%BD%AA%E5%88%91%E6%B3%95%E5%AE%9A%E4%B8%BB%E7%BE%A9" n3="%4C%4F%4C%49%54%41" dan="16,17,16,16" rate="2151.20,2182.70,2179.52,2185.44" sx="M,M,M,F"/><TAIKYOKU oya="0"/><INIT seed="0,0,0,0,4,87" ten="250,250,250,250" oya="0" hai0="102,110,27,24,103,105,57,25,1,112,126,17,9" hai1="99,133,94,118,51,3,73,43,32,101,5,34,45" hai2="75,42,26,135,55,64,120,88,83,114,62,122,77" hai3="93,48,15,4,100,107,104,84,67,49,80,8,97"/><T10/><D112/><U37/><E118/><V131/><F114/><W58/><G49/><T28/><D126/><U33/><E133/><V6/><F135/><W2/><G2/><T134/><D134/><U70/><E70/><V66/><F131/><W130/><G130/><T54/><D110/><U92/><E73/><V44/><F55/><W69/><G69/><T22/><D105/><U95/><REACH who="1" step="1"/><E37/><REACH who="1" ten="250,240,250,250" step="2"/><V129/><F129/><W41/><G67/><T36/><D36/><U59/><E59/><V21/><F122/><W7/><G7/><T123/><D123/><U132/><E132/><V128/><F6/><W79/><G58/><T47/><D47/><AGARI ba="0,1" hai="4,8,15,41,47,48,79,80,84,93,97,100,104,107" machi="47" ten="40,2600,0" yaku="25,2" doraHai="87" who="3" fromWho="0" sc="250,-26,240,0,250,0,250,36" /><INIT seed="1,0,0,2,3,35" ten="224,240,250,286" oya="1" hai0="123,125,23,108,75,55,52,30,27,7,113,28,96" hai1="134,106,109,43,36,92,77,0,4,41,104,129,48" hai2="29,31,102,78,59,135,65,105,9,76,5,16,68" hai3="117,61,14,21,60,107,13,51,84,99,122,45,90"/><U124/><E48/><V67/><F68/><W12/><G122/><T85/><D75/><U22/><E22/><V80/><F135/><W127/><G127/><T110/><D113/><U34/><E34/><V18/><F102/><W119/><G21/><T71/><D71/><U79/><E92/><V115/><F105/><N who="1" m="40553" /><E36/><V19/><F115/><W126/><G126/><T50/><D125/><U10/><E124/><V70/><F70/><W98/><G60/><T26/><D123/><U20/><E20/><V54/><F29/><W86/><G61/><T69/><D69/><U63/><E63/><V32/><F31/><W47/><G107/><T15/><D96/><N who="3" m="36905" /><G45/><T44/><D85/><U56/><E56/><V66/><F32/><W111/><G90/><T33/><REACH who="0" step="1"/><D55/><REACH who="0" ten="214,240,250,286" step="2"/><U83/><E134/><V121/><F121/><W3/><G86/><T11/><AGARI ba="0,1" hai="7,11,15,23,26,27,28,30,33,44,50,52,108,110" machi="11" ten="30,7900,0" yaku="1,1,2,1,0,1,54,1,53,0" doraHai="35" doraHaiUra="82" who="0" fromWho="0" sc="214,89,240,-39,250,-20,286,-20" /><INIT seed="2,0,0,4,4,55" ten="303,201,230,266" oya="2" hai0="131,98,18,61,16,45,4,58,104,132,9,118,77" hai1="19,3,31,47,71,90,121,44,135,100,133,105,28" hai2="11,33,12,120,110,50,21,73,22,67,122,130,113" hai3="62,27,39,30,96,17,64,53,78,20,51,84,82"/><V25/><F73/><W99/><G39/><T54/><D131/><U119/><E119/><V10/><F67/><W68/><REACH who="3" step="1"/><G30/><REACH who="3" ten="303,201,230,256" step="2"/><T88/><D118/><U69/><E28/><V65/><F130/><W35/><G35/><T5/><D132/><U123/><E31/><V75/><F33/><W94/><G94/><N who="0" m="56647" /><D104/><U72/><E105/><V56/><F122/><W29/><G29/><T115/><D115/><U48/><E123/><V49/><F120/><W128/><G128/><T43/><D77/><U124/><E121/><V116/><F113/><W92/><G92/><T36/><D36/><U93/><E93/><V80/><F116/><W126/><G126/><T79/><D79/><U66/><E124/><V37/><F37/><W60/><G60/><T91/><D91/><U97/><E90/><V76/><F76/><W15/><G15/><N who="0" m="5543" /><D5/><U2/><E135/><V114/><F114/><W14/><G14/><T23/><D23/><U40/><E133/><V24/><F12/><W8/><G8/><T74/><D74/><U134/><E72/><V111/><F75/><W70/><G70/><T32/><D32/><U7/><E71/><V101/><F10/><W13/><G13/><T1/><D1/><U59/><E69/><V127/><F11/><W41/><G41/><T83/><D83/><U63/><E134/><V95/><F127/><W87/><G87/><T0/><D0/><N who="1" m="43" /><E7/><V81/><F95/><W102/><G102/><T6/><D6/><U117/><E117/><V26/><F101/><W57/><AGARI ba="0,1" hai="17,20,27,51,53,57,62,64,68,78,82,84,96,99" machi="57" ten="20,5200,0" yaku="1,1,0,1,7,1,52,1,53,0" doraHai="55" doraHaiUra="42" who="3" fromWho="3" sc="303,-13,201,-13,230,-26,256,62" /><INIT seed="3,0,0,1,1,133" ten="290,188,204,318" oya="3" hai0="82,105,4,1,69,15,13,130,135,21,57,77,76" hai1="78,101,50,99,115,32,24,22,19,26,59,95,87" hai2="118,8,92,9,75,56,16,97,42,43,71,34,88" hai3="73,81,0,102,132,120,12,134,41,29,93,62,65"/><W7/><G120/><T86/><D69/><U14/><E115/><V123/><F71/><W124/><G124/><T121/><D121/><U5/><E32/><V66/><F34/><W36/><G29/><T114/><D135/><N who="3" m="51753" /><G0/><T58/><D114/><U70/><E70/><V61/><F118/><W100/><G93/><T27/><D130/><U37/><E37/><V45/><F75/><W119/><G119/><T91/><D105/><U47/><E59/><V55/><F123/><W89/><G41/><T54/><D1/><U96/><E96/><V6/><F6/><W18/><G7/><T129/><D129/><U25/><E5/><V68/><F8/><N who="3" m="6407" /><G36/><T112/><D112/><U84/><REACH who="1" step="1"/><E78/><REACH who="1" ten="290,178,204,318" step="2"/><N who="0" m="30313" /><D4/><U127/><E127/><V128/><F128/><W83/><G100/><T117/><D117/><U85/><E85/><V52/><F45/><W23/><G102/><T31/><D57/><U40/><AGARI ba="0,1" hai="14,19,22,24,25,26,40,47,50,84,87,95,99,101" machi="40" ten="30,4000,0" yaku="1,1,0,1,8,1,53,0" doraHai="133" doraHaiUra="104" who="1" fromWho="1" sc="290,-10,178,50,204,-10,318,-20" /><INIT seed="4,0,0,2,2,15" ten="280,228,194,298" oya="0" hai0="69,84,40,32,128,61,6,28,50,125,113,67,89" hai1="11,63,106,129,107,77,101,19,121,35,83,46,14" hai2="57,132,108,130,13,99,81,119,16,73,86,9,92" hai3="3,71,80,79,82,17,5,95,85,62,25,126,52"/><T104/><D113/><U8/><E121/><V127/><F108/><W21/><G126/><T51/><D125/><U134/><E35/><V68/><F68/><W34/><G34/><T110/><D110/><U22/><E134/><V91/><F127/><W0/><G5/><T18/><D128/><U54/><E129/><V45/><F130/><W31/><G95/><T76/><D6/><U65/><E106/><V47/><F132/><W122/><G122/><T29/><D76/><U27/><E107/><V39/><F73/><W20/><G80/><T38/><D104/><U12/><E101/><V66/><F39/><W36/><G36/><T1/><D1/><U56/><E11/><V96/><F96/><W26/><REACH who="3" step="1"/><G52/><REACH who="3" ten="280,228,194,288" step="2"/><T109/><D32/><U72/><E46/><V64/><F119/><W75/><G75/><T97/><D38/><U41/><E41/><V78/><F57/><W114/><G114/><T37/><D37/><U90/><E54/><V93/><REACH who="2" step="1"/><F92/><REACH who="2" ten="280,228,184,288" step="2"/><W2/><G2/><T117/><D109/><U24/><REACH who="1" step="1"/><E90/><REACH who="1" ten="280,218,184,288" step="2"/><V30/><F30/><W49/><G49/><N who="0" m="18443" /><D28/><U10/><E10/><V98/><F98/><W87/><G87/><T94/><D29/><U103/><E103/><V124/><F124/><W123/><G123/><T74/><D97/><U88/><E88/><V135/><F135/><W4/><G4/><AGARI ba="0,3" hai="4,8,12,14,19,22,24,27,56,63,65,72,77,83" machi="4" ten="30,3900,0" yaku="1,1,7,1,52,1,53,0" doraHai="15" doraHaiUra="118" who="1" fromWho="3" sc="280,0,218,69,184,0,288,-39" /><INIT seed="5,0,0,0,5,124" ten="280,287,184,249" oya="1" hai0="56,129,93,101,75,113,49,127,108,55,21,130,22" hai1="47,71,4,131,54,91,120,95,34,122,42,13,83" hai2="15,119,94,19,88,79,61,74,24,116,99,100,72" hai3="1,63,68,118,128,117,111,76,60,27,98,86,89"/><U6/><E34/><V11/><F61/><W7/><G111/><T20/><D108/><U84/><E71/><V5/><F100/><W132/><G132/><T50/><D127/><U112/><E122/><V70/><F70/><W23/><G76/><T39/><D39/><U3/><E3/><V80/><F74/><W16/><G68/><T102/><D75/><U44/><E120/><V87/><F24/><W134/><G98/><T32/><D32/><U52/><E131/><N who="0" m="50185" /><D113/><U64/><E64/><V26/><F26/><W31/><G134/><T110/><D110/><U109/><E109/><V126/><F126/><W12/><G7/><N who="1" m="2602" /><E112/><V57/><F57/><W106/><G106/><T29/><D29/><U43/><E13/><V82/><REACH who="2" step="1"/><F5/><REACH who="2" ten="280,287,174,249" step="2"/><W9/><G128/><T73/><D73/><U133/><E133/><V10/><F10/><W62/><REACH who="3" step="1"/><G1/><REACH who="3" ten="280,287,174,239" step="2"/><T58/><D102/><U17/><E17/><V92/><F92/><AGARI ba="0,2" hai="9,12,16,23,27,31,60,62,63,86,89,92,117,118" machi="92" ten="40,5200,0" yaku="1,1,2,1,54,1,53,0" doraHai="124" doraHaiUra="96" who="3" fromWho="2" sc="280,0,287,0,174,-52,239,72" owari="280,-12.0,287,8.7,122,-37.8,311,41.1" /></mjloggm>