<mjloggm ver="2.3"><GO type="225" lobby="0"/><UN n0="%33%74%72%65%65" n1="%E5%AD%90%E4%BE%9B%E4%BC%9A%E5%93%A1" n2="%E3%81%A4%E3%81%A3%E3%81%B1%E3%82%8A%E3%83%9D%E3%83%BC%E3%83%AB" n3="%E6%A1%9C%E8%8A%B1%E9%96%83%E3%80%85" dan="16,17,17,16" rate="2144.35,2109.96,2225.64,2210.23" sx="F,M,M,M"/><TAIKYOKU oya="0"/><INIT seed="0,0,0,0,0,74" ten="250,250,250,250" oya="0" hai0="30,15,61,116,69,128,126,115,130,18,86,106,103" hai1="58,26,22,51,29,99,124,2,3,40,120,44,94" hai2="8,121,68,110,57,6,33,28,85,65,104,92,91" hai3="20,60,31,93,11,81,38,132,109,52,32,77,67"/><T111/><D115/><U16/><E120/><V78/><F121/><W84/><G109/><T76/><D116/><U95/><E124/><V41/><F110/><W117/><G117/><T27/><D111/><U37/><E95/><V107/><F68/><W122/><G122/><T0/><D0/><U36/><E29/><V24/><F41/><W47/><G132/><T113/><D113/><U55/><REACH who="1" step="1"/><E37/><REACH who="1" ten="250,240,250,250" step="2"/><V131/><F131/><W66/><G38/><T75/><D126/><U7/><E7/><V39/><F39/><W9/><G93/><T25/><D30/><U129/><E129/><V88/><F107/><W108/><G108/><T135/><D130/><U118/><E118/><V43/><F104/><W35/><G35/><T82/><D128/><U70/><E70/><V123/><F123/><W119/><G32/><T97/><D135/><U79/><E79/><V98/><F78/><W56/><G119/><T13/><D69/><U1/><E1/><V90/><F98/><W133/><G133/><T96/><D96/><U19/><E19/><V49/><F6/><W127/><G127/><T48/><D18/><U105/><E105/><V62/><F28/><W63/><G31/><T45/><D97/><U64/><E64/><V80/><F33/><W114/><G114/><T5/><D5/><U10/><E10/><N who="3" m="3594" /><G66/><T53/><D106/><U101/><AGARI ba="0,1" hai="2,3,16,22,26,36,40,44,51,55,58,94,99,101" machi="101" ten="20,8000,1" yaku="1,1,0,1,7,1,54,1,53,1" doraHai="74" doraHaiUra="54" who="1" fromWho="1" sc="250,-40,240,90,250,-20,250,-20" /><INIT seed="1,0,0,3,2,76" ten="210,330,230,230" oya="1" hai0="22,134,103,40,127,110,20,100,54,77,91,30,113" hai1="61,79,78,9,96,104,53,21,87,135,102,52,119" hai2="19,16,55,24,97,67,4,69,5,59,94,47,50" hai3="66,33,128,45,80,117,58,72,15,112,133,57,107"/><U7/><E119/><V2/><F69/><W92/><G107/><T123/><D113/><U12/><E135/><V73/><F73/><W3/><G3/><T41/><D134/><U98/><E98/><V43/><F67/><W14/><G133/><T64/><D110/><U81/><E79/><V99/><F99/><W90/><G112/><T120/><D127/><U56/><REACH who="1" step="1"/><E21/><REACH who="1" ten="210,320,230,230" step="2"/><N who="2" m="13351" /><F2/><W70/><G117/><T129/><D77/><U38/><E38/><V126/><F126/><W35/><G35/><T101/><D22/><U11/><E11/><V46/><F19/><W71/><G33/><T29/><D120/><U85/><E85/><V27/><F27/><W51/><G72/><T89/><D123/><U111/><E111/><V65/><F5/><W1/><G1/><T130/><D20/><U49/><E49/><N who="2" m="26847" /><F4/><W88/><G14/><T82/><D29/><U106/><E106/><V131/><F131/><W39/><G15/><T109/><D30/><U26/><E26/><V44/><F65/><AGARI ba="0,1" hai="7,9,12,52,53,56,61,65,78,81,87,96,102,104" machi="65" ten="30,12000,1" yaku="1,1,7,1,52,1,54,1,53,1" doraHai="76" doraHaiUra="95" who="1" fromWho="2" sc="210,0,320,130,230,-120,230,0" /><INIT seed="1,1,0,5,3,67" ten="210,450,110,230" oya="1" hai0="111,93,131,43,50,88,134,39,79,84,27,75,26" hai1="96,81,125,51,90,49,18,56,133,115,32,55,42" hai2="63,71,58,38,82,85,106,102,114,57,73,107,1" hai3="35,16,91,104,113,121,94,128,24,23,130,41,68"/><U135/><E115/><V47/><F114/><W116/><G121/><T78/><D111/><U5/><E125/><V100/><F1/><W123/><G123/><T110/><D110/><U46/><E32/><V132/><F132/><N who="1" m="50761" /><E5/><V108/><F108/><W20/><G113/><T40/><D131/><N who="3" m="50217" /><G104/><T124/><D124/><U103/><E18/><V109/><F109/><W22/><G116/><T53/><D134/><U126/><E126/><V37/><F73/><W97/><G41/><N who="0" m="15947" /><D39/><U33/><E33/><V105/><F47/><W12/><G68/><T72/><D72/><U69/><E69/><V6/><F6/><W14/><G14/><T13/><D13/><U98/><E103/><V62/><F71/><W117/><G117/><T21/><D75/><U7/><E7/><V34/><F34/><W66/><G66/><T86/><D86/><AGARI ba="1,0" hai="42,46,49,51,55,56,81,86,90,96,98" m="50761" machi="86" ten="30,1500,0" yaku="20,1" doraHai="67" who="1" fromWho="0" sc="210,-18,450,18,110,0,230,0" /><INIT seed="1,2,0,4,1,2" ten="192,468,110,230" oya="1" hai0="73,133,21,84,110,123,41,129,120,10,90,101,106" hai1="88,59,62,116,53,11,114,22,43,125,0,94,124" hai2="15,100,115,77,13,14,57,4,83,64,16,49,113" hai3="44,75,6,46,31,32,127,86,91,67,71,70,19"/><U87/><E116/><V52/><F100/><W96/><G75/><T40/><D73/><U25/><E114/><N who="2" m="43531" /><F64/><W93/><G127/><N who="1" m="48714" /><E43/><V9/><F77/><W111/><G111/><T99/><D110/><U48/><E0/><N who="2" m="135" /><F83/><W126/><G126/><T85/><D40/><U58/><E11/><AGARI ba="2,0" hai="11,13,14,15,16,49,52,57" m="135,43531" machi="11" ten="30,7700,0" yaku="11,1,52,1,54,2" doraHai="2" who="2" fromWho="1" sc="192,0,468,-83,110,83,230,0" /><INIT seed="2,0,0,1,5,66" ten="192,385,193,230" oya="2" hai0="104,35,51,62,63,31,60,91,16,68,69,13,33" hai1="41,71,131,119,43,53,122,127,90,93,49,97,47" hai2="37,114,82,134,59,121,78,124,113,74,86,24,4" hai3="56,99,18,132,40,96,9,94,57,28,34,135,1"/><V130/><F121/><W84/><G40/><N who="1" m="15434" /><E71/><V55/><F134/><N who="3" m="51243" /><G84/><T38/><D38/><U65/><E119/><V64/><F130/><W8/><G96/><T95/><D104/><U26/><E131/><V61/><F124/><W83/><G83/><T117/><D117/><U45/><E127/><V48/><F37/><W76/><G76/><T118/><D118/><U67/><E122/><V11/><F24/><N who="3" m="18695" /><G18/><T100/><D100/><U22/><E47/><V125/><F125/><W20/><G20/><T110/><D51/><U6/><E6/><V23/><F23/><W36/><G36/><T128/><D128/><U27/><E27/><V98/><F98/><W133/><N who="3" m="51251" /><W42/><DORA hai="79" /><G42/><T15/><D33/><U72/><E72/><V32/><F32/><W108/><G108/><T17/><D35/><U120/><E120/><V50/><F74/><W81/><G81/><T112/><D31/><AGARI ba="0,0" hai="22,26,31,45,49,53,65,67,90,93,97" m="15434" machi="31" ten="30,1000,0" yaku="8,1" doraHai="66,79" who="1" fromWho="0" sc="192,-10,385,10,193,0,230,0" /><INIT seed="3,0,0,0,3,85" ten="182,395,193,230" oya="3" hai0="105,12,9,4,121,124,87,79,134,100,8,122,45" hai1="14,131,129,51,2,104,24,86,71,33,31,29,35" hai2="107,48,88,94,74,41,118,6,113,92,80,40,83" hai3="13,19,108,52,127,23,57,28,101,1,114,81,46"/><W89/><G114/><T65/><D134/><U123/><E123/><V120/><F113/><W58/><G1/><T36/><D124/><U59/><E2/><V78/><F118/><W53/><G127/><T5/><D65/><U54/><E71/><V128/><F107/><W50/><G108/><T42/><D105/><U115/><E115/><V133/><F120/><W99/><G28/><N who="1" m="10826" /><E24/><V18/><F6/><W69/><G69/><T93/><D100/><U77/><E104/><V106/><F106/><W38/><G38/><T117/><D117/><U62/><E14/><V16/><F133/><W56/><G101/><T125/><D125/><U90/><E77/><V37/><F37/><W112/><G112/><T30/><D30/><U60/><E60/><V73/><F78/><W49/><G81/><N who="2" m="31305" /><F128/><N who="1" m="49225" /><E62/><V25/><F25/><W135/><G135/><T47/><D79/><U72/><E72/><V130/><F74/><W76/><G76/><T103/><D47/><U110/><E110/><V96/><F73/><W20/><G20/><T75/><D75/><U119/><E119/><V7/><F130/><W102/><G102/><T11/><D103/><U10/><E10/><N who="0" m="4201" /><D5/><U84/><E84/><N who="2" m="52231" /><F7/><W61/><G61/><T68/><D68/><U97/><E35/><V132/><F132/><W55/><G13/><T27/><D27/><U32/><E33/><V95/><F48/><W91/><G50/><T26/><D26/><U15/><E32/><V34/><F34/><W98/><G49/><T111/><D111/><U126/><E126/><V82/><N who="2" m="31313" /><V44/><DORA hai="39" /><F44/><W63/><G46/><RYUUKYOKU ba="0,0" sc="182,30,395,-10,193,-10,230,-10" hai0="4,11,12,36,42,45,87,93,121,122" owari="212,-18.8,385,48.5,183,-31.7,220,2.0" /></mjloggm>