<mjloggm ver="2.3"><GO type="225" lobby="0"/><UN n0="%E3%81%A9%E3%82%8F%E3%82%93%E3%81%94" n1="%E5%B8%86%E7%AB%8B%E5%A4%8F%E8%A1%A3" n2="%72%69%6F%75%63%68%61%6E" n3="%E3%81%BE%E3%81%A8%E3%81%9F" dan="16,16,17,16" rate="2225.54,2113.75,2223.80,2102.10" sx="M,M,M,M"/><TAIKYOKU oya="0"/><INIT seed="0,0,0,4,5,83" ten="250,250,250,250" oya="0" hai0="6,98,47,128,93,133,75,16,121,64,33,130,108" hai1="30,126,22,31,13,120,111,76,90,72,123,63,55" hai2="40,107,78,56,59,81,109,124,48,69,35,87,37" hai3="32,103,96,74,29,51,122,7,91,70,85,38,10"/><T60/><D121/><U77/><E126/><V61/><F109/><W82/><G38/><T19/><D33/><U119/><E119/><V127/><F107/><W15/><G70/><T39/><D75/><U53/><E111/><V104/><F104/><W102/><G74/><T14/><D108/><U20/><E72/><V84/><F35/><W8/><G122/><T58/><D133/><U41/><E13/><V54/><F69/><W135/><G135/><T28/><D28/><U25/><E90/><V52/><REACH who="2" step="1"/><F84/><REACH who="2" ten="250,250,240,250" step="2"/><W12/><G32/><T36/><D130/><U86/><E86/><V5/><F5/><W129/><G129/><T57/><D128/><U9/><E123/><V0/><F0/><W99/><G96/><T114/><D6/><U106/><E106/><V92/><F92/><W118/><G99/><T34/><D34/><U89/><E120/><V42/><F42/><W73/><G73/><T88/><D114/><U67/><E41/><V80/><F80/><W65/><G7/><T125/><D125/><U105/><E105/><V71/><F71/><W43/><G43/><T112/><D112/><U115/><E115/><V116/><F116/><W79/><G82/><T62/><D93/><U134/><E134/><V27/><F27/><W66/><G85/><T68/><D68/><U46/><E25/><V26/><F26/><W95/><G95/><N who="0" m="56679" /><D14/><U2/><E2/><V24/><F24/><W97/><G118/><T94/><D94/><U49/><E31/><V131/><F131/><W45/><G15/><T44/><D19/><U11/><E30/><V117/><F117/><RYUUKYOKU ba="0,1" sc="250,-10,250,-10,240,30,250,-10" hai2="37,40,48,52,54,56,59,61,78,81,87,124,127" /><INIT seed="1,1,1,1,3,35" ten="240,240,270,240" oya="1" hai0="65,109,33,61,114,46,127,122,97,19,111,69,94" hai1="78,11,134,50,124,41,80,43,62,6,107,21,85" hai2="81,40,51,42,75,52,18,115,0,38,29,31,49" hai3="25,56,123,10,121,23,126,7,96,91,28,59,76"/><U89/><E124/><V5/><F115/><W82/><G126/><T120/><D114/><U4/><E134/><V1/><F18/><W57/><G96/><T98/><D127/><U36/><E107/><V3/><F5/><W20/><G91/><T132/><D132/><U22/><E36/><V24/><F38/><W116/><G20/><T93/><D33/><U63/><E6/><V74/><F81/><W131/><G131/><T71/><D19/><U27/><E22/><V133/><F133/><W9/><G116/><T54/><D46/><N who="1" m="25935" /><E43/><N who="2" m="16427" /><F52/><W125/><G125/><T101/><D54/><U37/><E37/><V16/><F16/><W77/><G9/><T53/><D53/><U106/><E106/><V26/><F49/><W86/><REACH who="3" step="1"/><G76/><REACH who="3" ten="240,240,270,230" step="2"/><T58/><D111/><U13/><E89/><V135/><F135/><W110/><G110/><T108/><D109/><U92/><E92/><V100/><F100/><W55/><G55/><T102/><D108/><U8/><E11/><V113/><F51/><W112/><G112/><T64/><D64/><U130/><E130/><V48/><F48/><W12/><AGARI ba="1,2" hai="7,10,12,23,25,28,56,57,59,77,82,86,121,123" machi="12" ten="30,2000,0" yaku="1,1,0,1,53,0" doraHai="35" doraHaiUra="99" who="3" fromWho="3" sc="240,-6,240,-11,270,-6,230,43" /><INIT seed="2,0,0,4,3,91" ten="234,229,264,273" oya="2" hai0="8,82,92,10,13,14,123,16,26,52,20,48,18" hai1="33,76,132,45,103,5,110,134,55,113,115,42,131" hai2="24,35,111,116,0,65,79,59,127,124,30,36,3" hai3="135,32,112,99,69,94,47,27,126,39,15,125,23"/><V38/><F116/><W74/><G74/><T34/><D123/><U72/><E33/><V106/><F106/><W120/><G120/><T63/><D34/><U78/><E5/><V105/><F105/><W77/><G77/><N who="1" m="29802" /><E72/><V57/><F111/><W117/><G117/><T75/><D75/><U53/><E103/><V21/><F79/><W108/><G69/><T49/><D82/><U89/><E89/><V62/><F57/><W41/><G112/><N who="1" m="43082" /><E110/><V86/><F86/><W93/><G32/><T114/><D114/><U80/><E80/><V31/><F36/><W12/><G108/><T90/><D63/><U87/><E87/><V17/><F38/><W100/><G94/><T37/><D37/><U19/><E19/><V83/><F83/><W85/><G85/><N who="0" m="52303" /><D52/><N who="1" m="20043" /><E42/><V122/><F122/><W6/><G41/><T56/><D56/><U88/><E88/><V81/><F81/><W101/><G101/><T51/><D49/><U50/><E50/><V96/><F96/><W67/><G99/><T46/><D46/><U129/><E45/><V22/><F35/><W130/><G47/><T40/><D40/><U107/><E107/><V128/><F30/><AGARI ba="0,0" hai="8,10,13,14,16,18,20,26,30,48,51" m="52303" machi="30" ten="30,3900,0" yaku="8,1,52,1,54,1" doraHai="91" who="0" fromWho="2" sc="234,39,229,0,264,-39,273,0" /><INIT seed="3,0,0,0,0,22" ten="273,229,225,273" oya="3" hai0="50,6,91,46,126,28,90,71,114,98,31,27,76" hai1="51,42,83,100,16,65,24,18,134,111,30,2,66" hai2="38,115,106,108,58,122,4,101,10,109,62,82,19" hai3="92,59,34,94,44,129,11,72,119,53,116,103,95"/><W61/><G129/><T117/><D71/><U36/><E2/><V96/><F115/><W49/><G72/><T5/><D117/><U121/><E121/><V97/><F122/><W105/><G34/><T133/><D114/><U118/><E36/><V125/><F125/><W39/><G39/><T127/><D133/><U131/><E134/><V85/><F38/><W55/><REACH who="3" step="1"/><G11/><REACH who="3" ten="273,229,225,263" step="2"/><T23/><D127/><U8/><E8/><V70/><F70/><W7/><G7/><T104/><D126/><U12/><E131/><V80/><F4/><W32/><G32/><T110/><D5/><U107/><E118/><V132/><F132/><W87/><G87/><T15/><D6/><U99/><E111/><N who="2" m="42571" /><F97/><AGARI ba="0,1" hai="44,49,53,55,59,61,92,94,95,97,103,105,116,119" machi="97" ten="40,3900,0" yaku="1,1,53,1" doraHai="22" doraHaiUra="54" who="3" fromWho="2" sc="273,0,229,0,225,-39,263,49" owari="273,7.3,229,-17.1,186,-31.4,312,41.2" /></mjloggm>