<mjloggm ver="2.3"><GO type="225" lobby="0"/><UN n0="%E3%80%93%E3%81%97%E3%83%BC%E3%82%89%E3%80%93" n1="%E3%81%86%E3%81%A9%E3%82%93%E3%81%93" n2="%E3%81%95%E3%81%8D%E3%81%9F%E3%81%BE%E6%9E%97%E6%AA%8E" n3="%E3%81%BE%E3%81%A8%E3%81%9F" dan="17,16,16,16" rate="2142.44,2115.46,2085.13,2121.91" sx="M,M,M,M"/><TAIKYOKU oya="0"/><INIT seed="0,0,0,0,2,27" ten="250,250,250,250" oya="0" hai0="134,99,91,124,3,89,2,10,15,37,93,121,56" hai1="119,102,128,64,75,117,14,94,34,48,76,53,57" hai2="22,78,43,19,108,30,83,92,24,4,80,96,55" hai3="13,69,26,101,1,40,114,77,130,84,73,107,67"/><T23/><D37/><U33/><E128/><V127/><F108/><W103/><G1/><T61/><D121/><U52/><E64/><V28/><F127/><W11/><G73/><T132/><D124/><U35/><E14/><V109/><F109/><W41/><G114/><T74/><D74/><U17/><E17/><V97/><F4/><W66/><G107/><T47/><D47/><U90/><E102/><N who="3" m="38922" /><G69/><T98/><D23/><U38/><E38/><V63/><F43/><N who="3" m="16459" /><G26/><T125/><D125/><U126/><E126/><V58/><F78/><W87/><G130/><T9/><D91/><U88/><E90/><N who="2" m="55319" /><F97/><W81/><G87/><T110/><D98/><U129/><E129/><V111/><F111/><W12/><G12/><T45/><D45/><U85/><REACH who="1" step="1"/><E53/><REACH who="1" ten="250,240,250,250" step="2"/><V25/><F25/><W135/><G135/><N who="0" m="51755" /><D110/><U18/><E18/><AGARI ba="0,1" hai="11,13,18,66,67,77,81,84" m="16459,38922" machi="18" ten="30,1000,0" yaku="8,1" doraHai="27" who="3" fromWho="1" sc="250,0,240,-10,250,0,250,20" /><INIT seed="1,0,0,5,3,47" ten="250,230,250,270" oya="1" hai0="55,120,51,36,103,96,10,92,54,61,82,70,35" hai1="77,11,115,67,45,3,9,112,134,44,76,98,86" hai2="6,29,48,34,79,114,102,52,33,108,23,72,91" hai3="93,111,107,42,132,27,97,68,127,83,106,135,4"/><U130/><E130/><V88/><F108/><W12/><G68/><T133/><D35/><U59/><E134/><V109/><F109/><W58/><G42/><T56/><D36/><U57/><E86/><V78/><F72/><W38/><G38/><T25/><D133/><U63/><E63/><V131/><F131/><W73/><G111/><T0/><D120/><U100/><E100/><V16/><F114/><W5/><G127/><T71/><D25/><U104/><E98/><V43/><F43/><W75/><G27/><T2/><D82/><U94/><E94/><V53/><F102/><W99/><G93/><T21/><D21/><U116/><E3/><V62/><F6/><W37/><G37/><T15/><D71/><U124/><E67/><V84/><F29/><W31/><G31/><T117/><D117/><U49/><E104/><V7/><F7/><W85/><G85/><T64/><REACH who="0" step="1"/><D55/><REACH who="0" ten="240,230,250,270" step="2"/><U8/><E8/><V22/><F34/><W28/><G83/><T26/><D26/><U89/><E116/><V128/><F53/><W80/><G80/><T129/><D129/><U110/><E110/><V118/><F52/><W122/><G122/><T40/><D40/><U95/><E124/><V121/><F33/><W30/><G132/><T60/><D60/><U105/><E112/><V18/><F121/><W50/><G135/><T41/><D41/><U101/><E115/><V113/><F113/><W13/><G73/><T119/><D119/><U32/><E32/><V66/><F128/><W46/><G75/><T125/><D125/><U24/><E9/><V69/><F118/><RYUUKYOKU ba="0,1" sc="240,30,230,-10,250,-10,270,-10" hai0="0,2,10,15,51,54,56,61,64,70,92,96,103" /><INIT seed="2,1,1,2,3,106" ten="270,220,240,260" oya="2" hai0="127,93,35,102,34,98,50,86,13,113,87,90,125" hai1="82,79,112,26,67,11,123,32,21,72,58,39,37" hai2="88,5,36,7,41,27,103,54,70,20,131,2,25" hai3="10,51,107,17,75,47,99,81,129,40,128,29,135"/><V62/><F103/><N who="3" m="62975" /><G29/><T111/><D113/><U14/><E112/><V31/><F131/><N who="3" m="50251" /><G135/><T114/><D114/><U65/><E32/><V61/><F2/><W117/><G117/><T52/><D111/><U116/><E123/><V6/><F70/><W77/><G17/><T126/><D13/><U78/><E116/><V3/><F3/><W100/><G100/><T19/><D19/><U118/><E79/><V43/><F36/><N who="3" m="21895" /><G10/><T80/><REACH who="0" step="1"/><D87/><REACH who="0" ten="260,220,240,260" step="2"/><U9/><E118/><V59/><F27/><W66/><G66/><T23/><D23/><U71/><E67/><V109/><F109/><W124/><G51/><T56/><AGARI ba="1,2" hai="34,35,50,52,56,80,86,90,93,98,102,125,126,127" machi="56" ten="30,7900,0" yaku="1,1,0,1,18,1,54,1,53,0" doraHai="106" doraHaiUra="115" who="0" fromWho="0" sc="260,102,220,-21,240,-40,260,-21" /><INIT seed="3,0,0,2,3,46" ten="362,199,200,239" oya="3" hai0="129,34,90,39,48,99,113,102,3,8,26,107,72" hai1="69,82,92,135,45,80,20,25,41,84,58,94,103" hai2="89,105,122,22,7,17,16,56,55,87,53,91,63" hai3="118,62,131,31,74,112,59,106,115,101,132,130,75"/><W36/><G118/><T79/><D48/><N who="1" m="26671" /><E135/><V126/><F126/><W21/><G36/><T12/><D90/><N who="1" m="53319" /><E69/><V110/><F110/><W0/><G0/><T43/><D12/><U11/><E11/><V10/><F122/><W14/><G101/><T19/><D19/><N who="2" m="7242" /><F105/><W104/><G106/><T24/><D24/><U134/><E134/><V57/><F22/><W54/><G104/><T9/><D9/><U42/><E42/><V114/><F114/><W71/><G132/><T111/><D111/><U32/><E32/><V1/><F1/><W116/><G112/><T35/><D43/><U44/><E44/><V29/><F29/><W117/><G115/><T119/><D113/><U51/><E94/><V40/><F40/><W66/><G31/><T76/><D39/><U38/><E103/><V30/><F30/><W50/><G116/><T77/><D102/><U65/><E38/><V60/><F87/><W125/><G117/><T49/><D3/><U5/><E5/><V85/><F85/><W78/><G75/><T2/><D72/><U120/><E120/><V123/><F123/><W67/><G74/><T93/><D2/><U27/><E20/><V68/><F68/><W15/><G21/><T121/><D35/><U52/><E65/><V61/><F61/><W6/><G67/><T18/><D34/><U133/><E133/><V64/><F64/><W108/><G66/><T127/><D119/><U4/><E4/><V88/><F7/><W47/><G6/><T28/><D121/><U70/><E70/><V97/><F10/><W96/><G71/><T13/><D8/><RYUUKYOKU ba="0,0" sc="362,-15,199,15,200,15,239,-15" hai1="25,27,51,52,58,80,82" hai2="53,55,56,57,60,63,88,89,91,97" owari="347,44.7,214,-28.6,215,-18.5,224,2.4" /></mjloggm>