<mjloggm ver="2.3"><GO type="225" lobby="0"/><UN n0="%E8%81%B7%E6%A5%AD%E3%80%81%E9%A2%A8%32" n1="%E3%81%99%E3%81%84%E3%81%BE%E3%81%9B%E3%83%BC%E3%82%93" n2="%E3%81%AF%E3%82%88%E3%81%8A%E3%81%98%E3%81%95%E3%82%93" n3="%E5%8D%8D%E6%B1%A0%E8%A2%8B%E6%9C%80%E5%BC%B7%E5%8D%8D" dan="16,16,16,16" rate="2089.87,2091.08,2192.05,2144.85" sx="M,M,M,M"/><TAIKYOKU oya="0"/><INIT seed="0,0,0,4,4,93" ten="250,250,250,250" oya="0" hai0="122,41,5,17,113,7,73,43,135,46,53,1,9" hai1="128,16,30,96,39,62,29,65,126,94,95,117,10" hai2="108,27,37,42,31,82,118,114,130,12,100,86,74" hai3="112,59,48,104,14,40,81,123,111,24,91,119,20"/><T35/><D122/><U38/><E117/><V32/><F114/><W99/><G112/><T124/><D113/><U84/><E126/><V102/><F74/><W107/><G119/><T13/><D73/><U55/><E128/><V97/><F118/><W67/><G123/><T34/><D124/><U101/><E55/><V0/><F0/><W76/><G111/><T77/><D7/><U105/><E39/><V51/><F108/><W25/><G14/><T21/><D135/><U120/><E38/><V63/><F130/><W52/><G25/><T72/><D53/><U4/><E120/><V90/><F100/><W121/><G67/><T64/><D64/><U115/><E115/><V110/><F37/><W133/><G40/><T78/><D43/><U75/><E75/><V70/><F12/><W103/><G91/><T98/><D98/><U125/><E125/><V6/><F6/><W45/><G133/><T89/><D89/><N who="1" m="53543" /><E105/><N who="2" m="63695" /><F110/><W92/><G45/><T3/><D3/><U56/><E4/><V61/><F70/><W47/><G47/><T68/><D68/><U87/><E87/><V19/><F19/><W15/><G15/><AGARI ba="0,0" hai="10,15,16,29,30,56,62,65,95,96,101" m="53543" machi="15" ten="30,3900,0" yaku="8,1,52,1,54,1" doraHai="93" who="1" fromWho="3" sc="250,0,250,39,250,0,250,-39" /><INIT seed="1,0,0,3,3,77" ten="250,289,250,211" oya="1" hai0="33,61,82,76,0,66,118,134,64,27,103,58,1" hai1="24,73,31,97,94,128,126,21,35,122,53,62,17" hai2="114,4,111,99,86,91,96,10,55,113,67,32,36" hai3="78,40,124,129,18,38,68,30,119,54,37,125,56"/><U59/><E122/><V83/><F32/><W75/><G30/><T34/><D118/><U29/><E126/><N who="3" m="48746" /><G18/><T16/><D134/><U14/><E128/><V98/><F36/><W7/><G7/><T11/><D34/><U63/><E73/><V84/><F67/><W15/><G15/><T123/><D123/><U13/><E13/><V50/><F111/><W100/><G100/><T23/><D103/><U85/><E85/><V104/><F84/><W130/><G119/><T71/><D11/><U46/><E31/><V121/><F104/><W26/><G26/><T5/><D5/><U42/><E97/><V28/><F28/><W49/><G68/><T9/><D9/><U69/><E94/><V57/><REACH who="2" step="1"/><F121/><REACH who="2" ten="250,289,240,211" step="2"/><W117/><G117/><T92/><D33/><U44/><E35/><V95/><F95/><W81/><G40/><T70/><D92/><U127/><E42/><V88/><F88/><W133/><G133/><T20/><D66/><U109/><E127/><V132/><F132/><W65/><G65/><T72/><D64/><U45/><E69/><V107/><F107/><W47/><G47/><T3/><D70/><U131/><E45/><V52/><F52/><W74/><G75/><T135/><D71/><U120/><E120/><V80/><F80/><W112/><G112/><T89/><D135/><U6/><E46/><V41/><F41/><W22/><G22/><N who="0" m="13767" /><D89/><U115/><E115/><V102/><F102/><W8/><G8/><T2/><N who="0" m="0" /><DORA hai="105" /><T93/><D93/><U51/><E44/><V87/><F87/><W116/><G116/><T101/><D101/><RYUUKYOKU ba="0,1" sc="250,10,289,-30,240,10,211,10" hai0="20,23,58,61,72,76,82" hai2="4,10,50,55,57,83,86,91,96,98,99,113,114" hai3="37,38,49,54,56,74,78,81,129,130" /><INIT seed="2,1,1,4,0,92" ten="260,259,250,221" oya="2" hai0="111,79,32,85,106,40,118,70,122,11,26,105,4" hai1="74,1,25,116,60,65,48,16,35,100,46,55,97" hai2="43,119,135,51,129,10,17,2,3,33,107,8,61" hai3="90,87,50,38,27,62,66,54,108,98,101,18,71"/><V125/><F107/><W114/><G38/><T6/><D122/><U49/><E1/><V103/><F33/><W115/><G108/><T102/><D70/><U81/><E116/><V7/><F119/><W29/><G18/><T19/><D111/><U69/><E49/><V9/><F103/><W13/><G13/><T39/><D118/><U88/><E74/><V84/><F125/><W14/><G14/><T121/><D121/><U133/><E133/><V123/><F123/><W58/><G90/><T126/><D126/><U22/><E35/><V132/><F129/><W41/><G41/><T52/><D105/><U124/><E124/><V24/><F61/><W57/><G87/><T96/><D40/><U45/><E45/><N who="2" m="26047" /><F84/><W20/><REACH who="3" step="1"/><G71/><REACH who="3" ten="260,259,250,211" step="2"/><T112/><D39/><U82/><E88/><V77/><F77/><W0/><G0/><T86/><D85/><U75/><E75/><V83/><F2/><W63/><G63/><T15/><D86/><U47/><E82/><V91/><F91/><W131/><G131/><T68/><D79/><U44/><E81/><V130/><F83/><W34/><G34/><T59/><D68/><U93/><AGARI ba="1,2" hai="16,22,25,44,46,47,48,55,60,65,69,93,97,100" machi="93" ten="20,5200,0" yaku="0,1,7,1,52,1,54,1" doraHai="92" who="1" fromWho="1" sc="260,-14,259,75,250,-27,211,-14" /><INIT seed="3,0,0,0,0,47" ten="246,334,223,197" oya="3" hai0="45,8,51,42,20,12,61,1,110,16,128,117,55" hai1="7,73,59,121,4,28,36,105,123,115,82,112,39" hai2="19,132,18,87,83,10,88,99,91,5,130,118,108" hai3="26,3,71,9,102,56,89,93,66,111,98,100,75"/><W104/><G111/><T96/><D110/><U40/><E105/><V125/><F118/><W34/><G75/><T116/><D128/><U101/><E101/><V133/><F108/><W35/><G71/><T84/><D96/><U80/><E59/><V124/><F130/><W119/><G119/><T13/><D1/><U65/><E65/><V122/><F122/><W106/><G106/><T90/><D61/><U127/><E40/><V57/><F57/><W134/><G134/><N who="2" m="51817" /><F91/><W6/><G26/><T41/><D116/><U135/><E135/><V94/><F83/><W129/><G129/><T50/><D50/><U86/><E86/><V74/><F87/><W0/><G0/><T31/><D117/><U103/><E103/><V21/><F74/><W2/><G2/><T53/><D53/><U24/><E24/><N who="2" m="14391" /><F19/><W38/><G38/><T120/><D120/><U60/><E28/><V44/><F44/><W76/><G76/><T29/><D31/><U37/><E39/><V64/><F64/><W109/><G109/><T79/><D79/><U72/><E127/><V114/><F114/><W27/><G27/><N who="0" m="16615" /><D13/><AGARI ba="0,0" hai="5,10,13,88,94,99,124,125" m="14391,51817" machi="13" ten="30,2000,0" yaku="20,1,54,1" doraHai="47" who="2" fromWho="0" sc="246,-20,334,0,223,20,197,0" owari="226,-17.4,334,43.4,243,4.3,197,-30.3" /></mjloggm>