<mjloggm ver="2.3"><GO type="225" lobby="0"/><UN n0="%E4%B8%89%E5%86%A0%E7%8E%8B%E3%83%BB%E5%B1%B1%E7%94%B0%E5%93%B2%E4%BA%BA" n1="%E8%B7%AF%E9%9C%B8" n2="%E3%81%8C%E3%81%9F" n3="%4E%6F%2E%30%30%30%31" dan="16,17,16,18" rate="2172.98,2199.27,2141.59,2246.28" sx="M,M,M,M"/><TAIKYOKU oya="0"/><INIT seed="0,0,0,0,4,31" ten="250,250,250,250" oya="0" hai0="104,25,44,106,14,49,80,16,69,97,120,59,129" hai1="17,15,94,2,102,101,18,77,33,43,119,72,135" hai2="86,79,47,61,126,81,64,51,88,7,113,82,90" hai3="117,105,115,118,0,12,63,99,75,52,54,132,22"/><T45/><D69/><U67/><E2/><V4/><F126/><W23/><G115/><T56/><D120/><U112/><E112/><V110/><F110/><W58/><G0/><T87/><D129/><U91/><E119/><V38/><F38/><W83/><G132/><T98/><D25/><U27/><E135/><V85/><F79/><W9/><G75/><T65/><D106/><U30/><E43/><V24/><F24/><W32/><G83/><T35/><D35/><U48/><E48/><V41/><REACH who="2" step="1"/><F113/><REACH who="2" ten="250,250,240,250" step="2"/><W124/><G124/><T60/><D59/><AGARI ba="0,1" hai="4,7,41,47,51,59,61,64,81,82,85,86,88,90" machi="59" ten="30,12000,2" yaku="1,1,2,1,7,1,9,1,8,1,54,1,53,0" doraHai="31" doraHaiUra="100" who="2" fromWho="0" sc="250,-120,250,0,240,130,250,0" /><INIT seed="1,0,0,5,2,79" ten="130,250,370,250" oya="1" hai0="88,103,90,66,43,96,81,128,26,41,69,125,29" hai1="65,63,21,129,23,118,7,112,123,133,4,6,55" hai2="111,120,67,113,25,134,30,62,106,28,100,59,44" hai3="17,108,135,126,9,92,22,68,127,33,2,19,87"/><U101/><E123/><V89/><F120/><W75/><G75/><T51/><D125/><N who="3" m="47625" /><G68/><T71/><D128/><U130/><E118/><V119/><F119/><W84/><G108/><T57/><D90/><U3/><E112/><V42/><F111/><W46/><G33/><T34/><D71/><U47/><E3/><V73/><F73/><W5/><G135/><T102/><D69/><U109/><E109/><V12/><F134/><W1/><G1/><T24/><D24/><U98/><E133/><V50/><F12/><N who="3" m="9511" /><G92/><T20/><D34/><U53/><E23/><V0/><F0/><W11/><G46/><T124/><D124/><U16/><E47/><V61/><F113/><W35/><G35/><T64/><D102/><U32/><E32/><V14/><F14/><AGARI ba="0,0" hai="2,5,9,11,14,19,84,87" m="9511,47625" machi="14" ten="30,1000,0" yaku="18,1" doraHai="79" who="3" fromWho="2" sc="130,0,250,0,370,-10,250,10" /><INIT seed="2,0,0,4,4,117" ten="130,250,360,260" oya="2" hai0="55,119,127,12,90,57,76,7,39,83,47,89,129" hai1="4,125,100,19,6,26,78,66,91,87,8,114,75" hai2="38,3,123,35,122,48,52,118,58,120,15,102,80" hai3="30,71,95,51,11,68,41,9,99,21,40,121,103"/><V42/><F118/><W101/><G121/><T43/><D119/><U59/><E114/><V20/><F3/><W49/><G21/><T13/><D127/><U128/><E125/><V86/><F35/><W64/><G95/><T131/><D90/><U81/><E128/><V113/><F113/><W105/><G99/><T124/><D124/><U74/><E100/><V18/><F102/><W93/><G93/><T2/><D89/><U25/><E4/><V106/><F106/><W126/><G64/><T50/><D131/><U24/><E19/><V16/><F18/><W23/><G126/><T10/><REACH who="0" step="1"/><D129/><REACH who="0" ten="120,250,360,260" step="2"/><U46/><E91/><V111/><F111/><W45/><G103/><T85/><AGARI ba="0,1" hai="2,7,10,12,13,39,43,47,50,55,57,76,83,85" machi="85" ten="20,5200,0" yaku="1,1,2,1,0,1,7,1,53,0" doraHai="117" doraHaiUra="109" who="0" fromWho="0" sc="120,62,250,-13,360,-26,260,-13" /><INIT seed="3,0,0,5,0,103" ten="182,237,334,247" oya="3" hai0="27,9,5,132,74,120,109,91,49,2,108,8,84" hai1="16,35,6,41,4,40,53,125,78,45,31,133,50" hai2="39,73,43,65,66,85,107,23,134,122,46,118,67" hai3="44,128,130,127,99,119,14,70,0,3,37,131,60"/><W28/><G119/><T115/><D74/><U82/><E125/><V90/><F73/><W21/><G127/><T11/><D49/><U58/><E133/><V117/><F107/><W116/><G116/><T89/><D120/><U80/><E80/><V93/><F134/><W59/><G70/><T42/><D132/><U87/><E40/><V30/><REACH who="2" step="1"/><F122/><REACH who="2" ten="182,237,324,247" step="2"/><W56/><G130/><T105/><D42/><U29/><E35/><V102/><F102/><W24/><G131/><T98/><D115/><U20/><E41/><V64/><F64/><W124/><G128/><T121/><D121/><U104/><E104/><V7/><F7/><W63/><G124/><T17/><D91/><U68/><E4/><V81/><F81/><W38/><G38/><T33/><D33/><U106/><E6/><V96/><F96/><W95/><G99/><T79/><D79/><U52/><E106/><V69/><F69/><W101/><G101/><T129/><D129/><U111/><E68/><V32/><F32/><W113/><G37/><T22/><D98/><U13/><E111/><V114/><F114/><W112/><G112/><T36/><D36/><U18/><E18/><V54/><F54/><W72/><G72/><T48/><D105/><U62/><AGARI ba="0,1" hai="13,16,20,29,31,45,50,52,53,58,62,78,82,87" machi="62" ten="20,8000,1" yaku="0,1,7,1,8,1,54,2" doraHai="103" who="1" fromWho="1" sc="182,-20,237,90,324,-20,247,-40" owari="162,-33.8,327,42.7,304,10.4,207,-19.3" /></mjloggm>