<mjloggm ver="2.3"><GO type="225" lobby="0"/><UN n0="%E3%81%82%E3%81%84%E3%81%82%E3%81%8A%E3%81%84" n1="%72%61%6B%33" n2="%E3%83%A1%E3%82%AC%E3%83%87%E3%82%B8" n3="%E3%81%AF%E3%82%88%E3%81%8A%E3%81%98%E3%81%95%E3%82%93" dan="18,16,16,16" rate="2220.66,2238.28,2126.92,2133.54" sx="M,M,F,M"/><TAIKYOKU oya="0"/><INIT seed="0,0,0,3,1,105" ten="250,250,250,250" oya="0" hai0="43,98,62,27,1,111,9,119,124,20,87,5,128" hai1="83,76,29,135,132,113,18,26,41,38,102,66,58" hai2="117,7,11,89,4,82,15,71,97,127,88,35,118" hai3="116,44,24,55,80,50,8,47,104,37,32,48,3"/><T75/><D119/><N who="2" m="45578" /><F127/><W134/><G116/><T16/><D124/><U49/><E113/><V51/><F71/><W12/><G104/><T130/><D75/><U42/><E102/><V129/><F35/><W112/><G112/><T85/><D111/><U100/><E100/><V94/><F129/><N who="0" m="49770" /><D43/><U14/><E38/><V126/><F126/><W13/><G134/><T21/><D98/><U92/><E92/><V23/><F23/><W93/><G37/><T59/><D21/><U22/><E66/><AGARI ba="0,0" hai="1,5,9,16,20,27,59,62,66,85,87" m="49770" machi="66" ten="30,2900,0" yaku="19,1,54,1" doraHai="105" who="0" fromWho="1" sc="250,29,250,-29,250,0,250,0" /><INIT seed="0,1,0,5,1,16" ten="279,221,250,250" oya="0" hai0="28,131,25,110,132,43,49,34,56,62,135,17,71" hai1="29,68,52,15,129,46,19,99,48,101,104,61,100" hai2="12,4,44,77,87,115,130,121,106,73,40,133,96" hai3="41,123,11,14,59,18,83,81,108,119,7,91,92"/><T70/><D131/><U111/><E129/><V118/><F130/><W3/><G119/><T124/><D124/><U22/><E111/><V103/><F121/><W84/><G108/><T21/><D110/><U79/><E101/><V105/><F115/><W82/><G123/><T85/><D85/><U20/><E79/><V97/><F73/><W23/><G41/><T32/><D32/><U36/><E36/><V45/><F133/><N who="0" m="51274" /><D49/><U80/><E80/><V51/><F118/><W53/><REACH who="3" step="1"/><G83/><REACH who="3" ten="279,221,250,240" step="2"/><T116/><D43/><U90/><E90/><V94/><F40/><W42/><G42/><T57/><D116/><U64/><REACH who="1" step="1"/><E29/><REACH who="1" ten="279,211,250,240" step="2"/><V95/><F77/><W67/><G67/><N who="0" m="41335" /><D71/><U127/><E127/><V60/><F103/><W86/><G86/><T113/><D113/><U98/><E98/><V39/><F87/><W88/><G88/><T58/><D34/><U5/><E5/><V27/><F4/><W1/><G1/><T117/><D117/><U30/><E30/><AGARI ba="1,2" hai="17,21,25,28,30,56,57,58" m="41335,51274" machi="30" ten="30,2900,0" yaku="20,1,52,1" doraHai="16" who="0" fromWho="1" sc="279,52,211,-32,250,0,240,0" /><INIT seed="0,2,0,2,5,113" ten="331,179,250,240" oya="0" hai0="23,41,61,107,110,7,114,59,106,76,31,48,134" hai1="3,99,49,24,74,32,37,20,120,111,71,66,125" hai2="67,96,79,54,28,123,105,40,98,2,108,15,124" hai3="10,25,75,83,100,56,17,11,70,118,82,53,64"/><T131/><D114/><U112/><RYUUKYOKU type="yao9" ba="2,0" sc="331,0,179,0,250,0,240,0" hai1="3,20,24,32,37,49,66,71,74,99,111,112,120,125" /><INIT seed="0,3,0,2,2,82" ten="331,179,250,240" oya="0" hai0="28,90,4,88,99,26,132,85,42,119,78,74,29" hai1="129,67,130,65,44,81,38,16,122,21,54,14,86" hai2="20,75,115,9,50,116,13,128,71,36,58,63,11" hai3="1,34,17,18,22,68,62,117,3,51,7,43,126"/><T45/><D119/><U103/><E122/><V5/><F75/><W12/><G117/><T0/><D132/><U100/><E65/><V46/><F115/><W102/><G34/><T135/><D135/><U96/><E67/><V55/><F128/><N who="1" m="49257" /><E96/><V111/><F111/><W69/><G126/><T107/><D74/><U57/><E44/><V89/><F36/><W79/><G79/><T48/><D0/><U98/><E38/><V87/><F71/><W60/><G102/><T59/><D4/><U41/><E41/><V66/><F116/><W83/><G7/><T112/><D112/><U32/><E32/><V133/><F133/><W77/><G68/><T91/><D59/><U97/><E100/><V131/><F131/><W92/><G69/><T40/><D40/><U127/><E127/><V19/><REACH who="2" step="1"/><F5/><REACH who="2" ten="331,179,240,240" step="2"/><W106/><G1/><T39/><D39/><U94/><E98/><V10/><F10/><W6/><G6/><T31/><D99/><U24/><E24/><V70/><F70/><W125/><G3/><T134/><D134/><U109/><E109/><V101/><F101/><W110/><G110/><T105/><D26/><U27/><E27/><V123/><F123/><W72/><G125/><T47/><D107/><U35/><E35/><V25/><F25/><W84/><G106/><T95/><D105/><U49/><E103/><V93/><AGARI ba="3,1" hai="9,11,13,19,20,46,50,55,58,63,66,87,89,93" machi="93" ten="20,8000,1" yaku="1,1,0,1,7,1,8,1,52,1,53,0" doraHai="82" doraHaiUra="121" who="2" fromWho="2" sc="331,-43,179,-23,240,99,240,-23" /><INIT seed="1,0,0,1,4,18" ten="288,156,339,217" oya="1" hai0="70,79,28,32,42,123,57,121,117,110,24,134,106" hai1="80,98,62,77,113,111,74,92,61,30,39,13,44" hai2="97,81,101,132,34,85,89,67,21,9,60,36,105" hai3="37,133,25,93,48,49,15,45,87,43,114,69,2"/><U31/><E113/><V90/><F132/><W71/><G2/><T135/><D70/><U50/><E39/><V104/><F34/><W4/><G114/><T20/><D106/><U129/><E129/><V120/><F120/><N who="0" m="46154" /><D79/><U8/><E111/><V103/><F36/><W0/><G0/><T118/><D42/><U76/><E76/><V108/><F108/><W91/><G133/><N who="0" m="50699" /><D110/><U38/><E38/><V10/><F90/><W75/><G75/><T119/><D57/><U47/><E62/><V1/><F1/><W126/><G126/><T127/><D127/><U95/><E61/><V128/><F128/><W58/><G69/><T55/><D55/><U46/><E50/><V53/><F53/><W66/><G71/><T54/><D54/><U16/><REACH who="1" step="1"/><E95/><REACH who="1" ten="288,146,339,217" step="2"/><V14/><F60/><N who="3" m="38167" /><G37/><T112/><D112/><U82/><E82/><V78/><F67/><W63/><G63/><T94/><D94/><U12/><E12/><V35/><F14/><W5/><G48/><T52/><D52/><U56/><E56/><V100/><F81/><W19/><G15/><T26/><D119/><U99/><E99/><V29/><F97/><W22/><AGARI ba="0,1" hai="4,5,19,22,25,43,45,49,87,91,93" m="38167" machi="22" ten="30,2000,0" yaku="8,1,52,1" doraHai="18" who="3" fromWho="3" sc="288,-5,146,-10,339,-5,217,30" /><INIT seed="2,0,0,4,4,23" ten="283,136,334,247" oya="2" hai0="92,130,72,55,7,96,62,17,41,19,58,27,34" hai1="128,114,10,78,36,39,88,45,74,99,82,84,100" hai2="16,29,112,54,68,113,50,73,124,11,60,126,15" hai3="24,21,5,70,120,75,69,101,22,66,133,98,1"/><V91/><F73/><W123/><G75/><T109/><D72/><U9/><E128/><V118/><F118/><W3/><G133/><T102/><D109/><U86/><E114/><V61/><F91/><W47/><G47/><T65/><D130/><U110/><E110/><V81/><F81/><W94/><G22/><T106/><D41/><U57/><E57/><V6/><F6/><W80/><G80/><T13/><D106/><U134/><E134/><V35/><F113/><W97/><G98/><T18/><D55/><U31/><E31/><V64/><F61/><W83/><G83/><T48/><D48/><U104/><E86/><V131/><F131/><W30/><G5/><T116/><D116/><U4/><E45/><V117/><F117/><W129/><G129/><T103/><D103/><U67/><E67/><V33/><F112/><W44/><G44/><T25/><D34/><U122/><E122/><V121/><F121/><W59/><G120/><T14/><D14/><U95/><REACH who="1" step="1"/><E9/><AGARI ba="0,0" hai="7,9,13,17,18,19,25,27,58,62,65,92,96,102" machi="9" ten="40,5200,0" yaku="8,1,52,2" doraHai="23" who="0" fromWho="1" sc="283,52,136,-52,334,0,247,0" /><INIT seed="3,0,0,2,2,122" ten="335,84,334,247" oya="3" hai0="11,70,37,39,18,32,19,53,121,126,54,2,66" hai1="40,112,94,102,115,15,13,113,109,134,101,47,34" hai2="9,50,72,6,12,133,120,36,79,4,44,73,57" hai3="95,59,46,92,65,125,41,135,62,31,127,107,93"/><W1/><G107/><T22/><D32/><U3/><E34/><V68/><F68/><W82/><G1/><T51/><D121/><U132/><E3/><V71/><F71/><W131/><G31/><T33/><D33/><U43/><E94/><V17/><F120/><W21/><G21/><T38/><D126/><N who="3" m="48137" /><G131/><T24/><D18/><U114/><N who="1" m="28672" /><DORA hai="118" /><U105/><E105/><V104/><F104/><W0/><G0/><T116/><D116/><U63/><E63/><V87/><F133/><W91/><G82/><T83/><D83/><U29/><E29/><V86/><F36/><N who="3" m="21799" /><G135/><T108/><D2/><U35/><E35/><V85/><F79/><W99/><AGARI ba="0,0" hai="59,62,65,91,92,93,95,99" m="21799,48137" machi="99" ten="30,1500,0" yaku="18,1" doraHai="122,118" who="3" fromWho="3" sc="335,-5,84,-5,334,-5,247,15" /><INIT seed="3,1,0,5,5,17" ten="330,79,329,262" oya="3" hai0="62,4,13,95,5,108,78,71,96,77,35,69,14" hai1="90,123,65,104,124,28,103,36,67,25,12,16,79" hai2="99,42,84,113,73,1,27,39,75,38,101,105,34" hai3="51,110,126,24,56,98,100,122,106,107,2,48,47"/><W97/><G122/><T92/><D62/><U127/><E123/><V0/><F113/><W44/><G2/><N who="2" m="1129" /><F84/><W134/><G126/><T94/><D96/><U121/><E121/><V135/><F135/><W83/><G134/><T61/><D61/><U118/><E36/><N who="2" m="13867" /><F42/><W52/><G110/><T37/><D37/><U68/><E118/><V102/><F102/><W60/><G83/><T119/><D108/><U93/><E79/><N who="0" m="30217" /><D35/><U112/><E112/><V6/><F6/><N who="0" m="2666" /><D119/><U63/><E67/><V109/><F109/><W23/><G98/><T85/><D85/><U129/><E129/><V82/><F82/><W50/><REACH who="3" step="1"/><G107/><REACH who="3" ten="330,79,329,252" step="2"/><T53/><D53/><U111/><E111/><V43/><F43/><W33/><G33/><T21/><D21/><U74/><E74/><V91/><F91/><W81/><G81/><T22/><D22/><U117/><E117/><V58/><F75/><W128/><G128/><T66/><D66/><U40/><E40/><V132/><F73/><W20/><G20/><T59/><D59/><U133/><E133/><V26/><F132/><W76/><G76/><T115/><D115/><U31/><E104/><V41/><F41/><W45/><G45/><T72/><D72/><U114/><E114/><V88/><F34/><W130/><G130/><T10/><D10/><N who="1" m="6167" /><E103/><V9/><F9/><W70/><G70/><AGARI ba="1,1" hai="13,14,69,70,71,92,94,95" m="2666,30217" machi="70" ten="40,2600,0" yaku="28,2" doraHai="17" who="0" fromWho="3" sc="330,39,79,0,329,0,252,-29" owari="369,46.9,79,-42.1,329,12.9,223,-17.7" /></mjloggm>