<mjloggm ver="2.3"><GO type="225" lobby="0"/><UN n0="%E6%80%AA%E3%81%97%E3%81%99%E3%81%8E%E3%82%8B%E3%83%81%E3%83%BC" n1="%E6%A1%9C%E8%8A%B1%E9%96%83%E3%80%85" n2="%4E%6F%2E%30%30%30%31" n3="%E8%A8%88%E7%AE%97%E6%A9%9F%E8%87%AA%E7%84%B6" dan="16,18,18,17" rate="2143.64,2255.25,2216.81,2189.20" sx="M,M,M,M"/><TAIKYOKU oya="0"/><INIT seed="0,0,0,1,1,93" ten="250,250,250,250" oya="0" hai0="14,96,87,54,23,105,18,126,48,47,89,30,117" hai1="73,108,98,99,103,81,21,34,118,65,66,53,88" hai2="94,37,20,28,16,39,33,125,133,128,61,68,106" hai3="134,102,71,43,92,41,124,122,51,45,107,44,40"/><T75/><D75/><U116/><E34/><V83/><F106/><W35/><G35/><T110/><D117/><U13/><E108/><V22/><F128/><W121/><G107/><T85/><D110/><U4/><E73/><V80/><F133/><W115/><G115/><T3/><D3/><U11/><E116/><V15/><F33/><W58/><G71/><T60/><D126/><U57/><E21/><V49/><F125/><W131/><G124/><T135/><D135/><U7/><E7/><V72/><F49/><W119/><G119/><T62/><D30/><U100/><E118/><V95/><F39/><W67/><G134/><T130/><D130/><U77/><E77/><V38/><F37/><W79/><G79/><T127/><D127/><U6/><E6/><V25/><F38/><W69/><G69/><T114/><D114/><U12/><E12/><V82/><REACH who="2" step="1"/><F72/><REACH who="2" ten="250,250,240,250" step="2"/><W1/><G131/><T78/><D105/><U0/><E0/><V70/><F70/><W2/><G2/><T120/><D120/><U123/><E123/><V5/><F5/><W74/><G74/><T129/><D129/><U31/><E4/><V26/><F26/><W46/><G1/><T91/><D60/><U90/><E13/><V59/><F59/><W8/><G122/><T52/><D62/><U32/><E57/><V111/><F111/><W97/><G121/><T50/><D48/><U9/><E32/><V104/><F104/><W113/><G113/><T27/><D50/><U84/><E9/><V24/><F24/><W10/><G51/><T19/><D14/><U17/><E11/><RYUUKYOKU ba="0,1" sc="250,-15,250,-15,240,15,250,15" hai2="15,16,20,22,25,28,61,68,80,82,83,94,95" hai3="8,10,40,41,43,44,45,46,58,67,92,97,102" /><INIT seed="1,1,1,4,5,127" ten="235,235,255,265" oya="1" hai0="52,20,124,102,125,28,44,114,23,89,16,133,115" hai1="113,126,84,34,15,104,109,94,76,22,123,14,21" hai2="40,100,24,95,4,42,51,53,77,108,86,8,97" hai3="12,85,88,68,36,119,17,59,47,43,58,1,27"/><U106/><E34/><V29/><F108/><W101/><G1/><T74/><D133/><U105/><E113/><V6/><F77/><W81/><G68/><T107/><D74/><U55/><E123/><V26/><F86/><W67/><G119/><T129/><D129/><U110/><E126/><N who="0" m="48745" /><D89/><N who="1" m="53543" /><E76/><V48/><F48/><W32/><G67/><T41/><D28/><U7/><E55/><V9/><F9/><W54/><G101/><T61/><D102/><U118/><E118/><V122/><F4/><W10/><REACH who="3" step="1"/><G54/><REACH who="3" ten="235,235,255,255" step="2"/><T96/><D52/><U82/><E110/><V11/><F122/><W134/><G134/><T75/><D114/><U111/><E111/><V13/><F53/><W98/><G98/><T120/><D96/><U92/><E109/><V50/><F100/><W79/><G79/><T2/><D115/><U87/><E106/><V71/><F97/><W19/><G19/><T130/><D2/><U0/><E105/><V72/><F71/><W66/><G66/><T37/><D107/><U25/><E104/><V46/><F6/><W56/><G56/><T103/><D103/><U30/><E0/><V35/><F46/><W45/><G45/><T116/><D120/><U39/><E7/><V33/><F29/><AGARI ba="1,2" hai="10,12,17,27,29,32,36,43,47,58,59,81,85,88" machi="29" ten="40,2600,0" yaku="1,1,54,1,53,0" doraHai="127" doraHaiUra="131" who="3" fromWho="2" sc="235,0,235,0,255,-29,255,49" /><INIT seed="2,0,0,1,0,11" ten="235,235,226,304" oya="2" hai0="94,69,85,86,126,13,109,67,131,124,133,95,130" hai1="100,110,10,128,15,74,36,18,117,82,70,119,60" hai2="101,120,24,104,17,123,64,68,30,16,1,3,33" hai3="7,25,21,55,5,121,87,105,76,20,90,99,103"/><V29/><F101/><W49/><G76/><T45/><D109/><U83/><E110/><V96/><F96/><W51/><G121/><N who="2" m="46665" /><F64/><W50/><G55/><T91/><D13/><U27/><E36/><V4/><F68/><W58/><G58/><T93/><D45/><U81/><E74/><V88/><F88/><W84/><G20/><T92/><D133/><U62/><E100/><V8/><F104/><W135/><G135/><T35/><D35/><U43/><E43/><V65/><F65/><W52/><G52/><T127/><D85/><U32/><E70/><V6/><F30/><W118/><G84/><T77/><D77/><U61/><E82/><V46/><F46/><W72/><G72/><T41/><D41/><U22/><E83/><V19/><F4/><W47/><G47/><T37/><D37/><U34/><E81/><V106/><F106/><W89/><G89/><T44/><D44/><U112/><E61/><AGARI ba="0,0" hai="61,67,69,86,91,92,93,94,95,124,126,127,130,131" machi="61" ten="50,1600,0" yaku="18,1" doraHai="11" who="0" fromWho="1" sc="235,16,235,-16,226,0,304,0" /><INIT seed="3,0,0,2,1,90" ten="251,219,226,304" oya="3" hai0="52,98,7,78,133,4,63,119,22,126,127,43,23" hai1="69,102,107,81,73,44,26,93,112,72,80,50,8" hai2="113,65,12,106,9,3,34,70,49,32,121,16,92" hai3="135,118,94,59,14,60,31,87,131,61,33,66,108"/><W71/><G118/><T79/><D119/><U41/><E112/><V99/><F113/><W58/><G131/><T125/><D133/><U132/><E107/><V18/><F106/><W110/><G135/><T130/><D130/><U20/><E69/><V109/><F3/><W74/><G74/><T100/><D43/><U104/><E104/><V124/><F109/><N who="3" m="42091" /><G14/><T47/><D98/><N who="1" m="59727" /><E73/><V64/><F99/><W128/><G128/><T36/><D100/><U120/><E72/><V103/><F18/><W35/><G31/><T97/><D97/><U88/><E120/><V123/><F49/><W1/><G1/><T40/><D23/><U13/><E132/><V11/><F11/><W24/><G24/><T28/><D22/><U68/><E68/><V75/><F70/><W82/><G94/><T2/><D28/><N who="1" m="17479" /><E88/><V117/><F75/><W55/><G71/><T39/><D2/><U27/><E27/><V122/><F117/><W10/><G10/><T30/><D30/><U53/><E41/><V6/><F34/><W48/><G87/><T95/><D95/><U0/><E0/><V83/><F32/><W45/><G82/><T38/><D36/><U115/><E115/><V101/><F83/><W17/><G17/><AGARI ba="0,0" hai="8,13,17,44,50,53,80,81" m="17479,59727" machi="17" ten="30,2000,0" yaku="8,1,52,1" doraHai="90" who="1" fromWho="3" sc="251,0,219,20,226,0,304,-20" /><INIT seed="4,0,0,1,1,106" ten="251,239,226,284" oya="0" hai0="128,12,74,51,58,86,118,2,21,26,15,48,80" hai1="127,122,91,134,130,35,60,108,17,133,117,33,22" hai2="46,102,105,20,107,88,28,55,123,66,44,93,110" hai3="56,62,11,132,27,81,125,120,13,82,71,53,52"/><T1/><D118/><U42/><E117/><V30/><F110/><W54/><G71/><T50/><D128/><U126/><E42/><V31/><F123/><W100/><G125/><N who="1" m="47626" /><E60/><V64/><F102/><W114/><G114/><T119/><D58/><U8/><E91/><V124/><F124/><W72/><G72/><T40/><D74/><U47/><E47/><N who="2" m="17963" /><F107/><W96/><G132/><N who="1" m="50794" /><E108/><V92/><F105/><W34/><G120/><T25/><D40/><U57/><E57/><V18/><F55/><W113/><G53/><T16/><D119/><U87/><E122/><V7/><F7/><W78/><G54/><T5/><D2/><U61/><E61/><V99/><F93/><W116/><G116/><T69/><D1/><U97/><E97/><V10/><F10/><W103/><G96/><T67/><D69/><U41/><E41/><V90/><F90/><W63/><G63/><T121/><D67/><U59/><E59/><V14/><AGARI ba="0,0" hai="14,18,20,28,30,31,64,66,88,92,99" m="17963" machi="14" ten="30,2000,0" yaku="8,1,54,1" doraHai="106" who="2" fromWho="2" sc="251,-10,239,-5,226,20,284,-5" /><INIT seed="5,0,0,3,5,128" ten="241,234,246,279" oya="1" hai0="61,133,99,91,47,33,87,131,31,39,58,64,69" hai1="11,94,45,63,59,20,130,46,8,95,107,104,134" hai2="92,85,132,56,24,118,34,122,65,84,12,0,38" hai3="88,62,44,116,7,105,49,19,74,66,1,106,42"/><U52/><E130/><V50/><F118/><W77/><G116/><T127/><D131/><U115/><E115/><V16/><F122/><W82/><G19/><T51/><D127/><U120/><E120/><V93/><F38/><N who="3" m="21591" /><G88/><T125/><D125/><U21/><E59/><V5/><F132/><W22/><G22/><T41/><D133/><U28/><E28/><V40/><F0/><W25/><G25/><T27/><D99/><U9/><E9/><N who="2" m="4143" /><F34/><W3/><G49/><T43/><D43/><U135/><E52/><N who="2" m="31767" /><F65/><W67/><G67/><T37/><D69/><U35/><E35/><V18/><F40/><W123/><G1/><T114/><D114/><U53/><E53/><V70/><F70/><N who="3" m="42327" /><G123/><T60/><D60/><AGARI ba="0,0" hai="8,11,20,21,45,46,60,63,94,95,104,107,134,135" machi="60" ten="25,9600,0" yaku="22,2,52,2" doraHai="128" who="1" fromWho="0" sc="241,-96,234,96,246,0,279,0" owari="145,-35.5,330,43.0,246,-15.4,279,7.9" /></mjloggm>