<mjloggm ver="2.3"><GO type="225" lobby="0"/><UN n0="%2D%E8%B1%8A%E5%8F%A3%E3%82%81%E3%81%90%E3%81%BF%2D" n1="%E3%81%82%E3%81%99%E3%81%AB%E3%82%83%E3%82%80" n2="%E5%A4%96%E5%B7%9D%E7%AB%9C%E6%88%90" n3="%E3%81%99%E3%81%84%E3%81%BE%E3%81%9B%E3%83%BC%E3%82%93" dan="17,16,16,16" rate="2136.92,2167.72,2264.27,2113.52" sx="F,F,M,M"/><TAIKYOKU oya="0"/><INIT seed="0,0,0,5,5,132" ten="250,250,250,250" oya="0" hai0="16,115,114,5,61,123,84,49,72,14,96,124,80" hai1="109,46,103,116,68,82,18,129,95,13,58,89,70" hai2="48,23,56,6,107,134,21,90,65,31,41,24,120" hai3="30,9,12,74,93,60,50,119,97,126,34,10,57"/><T19/><D123/><U63/><E116/><V27/><F120/><W25/><G74/><T106/><D72/><U29/><E109/><V38/><F134/><W76/><G76/><T122/><D122/><U35/><E129/><V130/><F130/><W79/><G79/><T54/><D61/><U15/><E103/><V83/><F107/><W125/><G50/><T28/><D28/><U127/><E82/><V133/><F133/><W44/><G44/><T1/><D1/><U135/><E135/><V47/><F6/><W67/><G119/><T110/><D5/><U3/><E46/><V121/><F121/><W112/><G112/><T118/><D118/><U32/><E3/><V17/><F38/><W101/><REACH who="3" step="1"/><G9/><REACH who="3" ten="250,250,250,240" step="2"/><N who="0" m="6223" /><D114/><U53/><E63/><N who="2" m="38119" /><F83/><W36/><G36/><T85/><D115/><U64/><E68/><V102/><F102/><W78/><G78/><T108/><D80/><U94/><E70/><V59/><F59/><W131/><G131/><T87/><D108/><U75/><E58/><V69/><F69/><W37/><G37/><T88/><D110/><U99/><E75/><V128/><F128/><W7/><AGARI ba="0,1" hai="7,10,12,25,30,34,57,60,67,93,97,101,125,126" machi="7" ten="30,8000,1" yaku="1,1,0,1,52,2,53,1" doraHai="132" doraHaiUra="4" who="3" fromWho="3" sc="250,-40,250,-20,250,-20,240,90" /><INIT seed="1,0,0,5,2,126" ten="210,230,230,330" oya="1" hai0="83,17,110,50,67,75,59,64,55,5,63,53,7" hai1="47,58,33,54,131,31,99,121,18,45,87,77,29" hai2="56,125,36,28,6,11,48,97,102,57,113,10,34" hai3="40,41,96,123,72,132,14,90,100,104,94,26,68"/><U2/><E121/><V86/><F36/><W78/><G68/><T130/><D110/><U128/><E2/><V39/><F39/><W30/><G123/><T42/><D42/><U4/><E4/><V116/><F116/><W0/><G0/><T127/><D127/><U134/><E134/><V43/><F125/><W62/><G132/><T69/><D67/><U35/><E99/><V8/><F113/><W106/><G106/><T118/><D118/><U24/><E18/><V122/><F28/><W3/><G3/><T114/><D114/><U22/><E77/><V38/><F34/><N who="1" m="12809" /><E31/><V76/><F38/><W93/><G14/><T74/><D17/><U73/><E73/><V109/><F6/><W46/><G26/><T98/><D98/><U89/><E89/><V51/><F109/><W82/><G30/><T49/><D75/><U107/><E87/><V81/><F122/><W88/><G46/><T19/><D19/><U1/><E107/><V13/><F13/><W124/><G124/><T92/><D92/><U44/><E1/><V105/><REACH who="2" step="1"/><F43/><REACH who="2" ten="210,230,220,330" step="2"/><W133/><G40/><T37/><D37/><U111/><E111/><V115/><F115/><W21/><G41/><T70/><D7/><U101/><E101/><V119/><F119/><W71/><G133/><T91/><D5/><U16/><E29/><V27/><F27/><W32/><G100/><T20/><D20/><U52/><E58/><AGARI ba="0,1" hai="8,10,11,48,51,56,57,58,76,81,86,97,102,105" machi="58" ten="40,1300,0" yaku="1,1,53,0" doraHai="126" doraHaiUra="9" who="2" fromWho="1" sc="210,0,230,-13,220,23,330,0" /><INIT seed="2,0,0,0,5,105" ten="210,217,243,330" oya="2" hai0="30,27,101,58,45,129,111,50,96,36,83,65,134" hai1="20,53,68,76,24,56,34,114,15,47,97,92,94" hai2="122,14,67,11,116,38,99,118,35,82,1,112,70" hai3="61,37,84,5,81,120,132,66,18,28,103,89,78"/><V75/><F14/><W113/><G120/><T16/><D111/><U90/><E68/><V115/><F99/><W44/><G132/><T17/><D134/><U88/><E114/><N who="2" m="43563" /><F35/><W124/><G103/><T126/><D126/><U100/><E47/><V8/><F8/><W6/><G124/><T109/><D109/><U51/><E76/><N who="2" m="44319" /><F38/><W123/><G123/><T119/><D119/><U131/><E131/><V3/><F122/><W104/><G104/><T13/><D129/><U117/><E117/><N who="2" m="45163" /><F11/><W74/><G113/><T31/><D36/><U46/><E34/><V86/><F86/><W110/><G18/><T77/><D58/><U32/><E32/><V55/><F55/><W125/><G125/><T40/><D65/><U49/><E15/><V2/><F67/><W85/><G85/><T69/><D17/><N who="1" m="12303" /><E94/><V10/><F10/><W106/><G110/><T26/><D26/><U19/><E19/><V102/><F102/><W91/><G28/><T62/><D27/><U59/><E59/><V33/><F33/><W7/><G84/><N who="0" m="48239" /><D13/><U29/><E29/><V107/><F107/><W52/><G106/><N who="0" m="63783" /><D16/><U25/><E25/><V71/><AGARI ba="0,0" hai="1,2,3,70,71" m="45163,44319,43563" machi="71" ten="40,3900,0" yaku="23,1,52,1" doraHai="105" who="2" fromWho="2" sc="210,-13,217,-13,243,39,330,-13" /><INIT seed="2,1,0,3,0,75" ten="197,204,282,317" oya="2" hai0="107,17,133,95,4,120,24,132,62,71,72,94,36" hai1="27,99,127,135,2,68,73,65,35,102,109,87,119" hai2="121,41,116,16,61,54,53,124,18,66,67,50,51" hai3="117,46,30,98,64,1,125,13,69,28,84,108,110"/><V97/><F116/><W128/><G1/><T38/><D107/><U88/><E119/><V60/><F41/><W37/><G117/><T101/><D72/><U58/><E109/><V96/><REACH who="2" step="1"/><F124/><REACH who="2" ten="197,204,272,317" step="2"/><W112/><G110/><T106/><D36/><U6/><E127/><V76/><F76/><W12/><G37/><T45/><D38/><U85/><E135/><V49/><F49/><W43/><G125/><T25/><D133/><U22/><E73/><V129/><F129/><W15/><G43/><T79/><D132/><U123/><E123/><AGARI ba="1,1" hai="16,18,50,51,53,54,60,61,66,67,96,97,121,123" machi="123" ten="25,9600,0" yaku="1,1,22,2,54,1,53,0" doraHai="75" doraHaiUra="122" who="2" fromWho="1" sc="197,0,204,-99,272,109,317,0" /><INIT seed="2,2,0,4,3,102" ten="197,105,381,317" oya="2" hai0="71,46,93,126,90,44,14,9,101,135,60,82,80" hai1="62,3,52,65,87,48,113,110,103,33,100,45,19" hai2="54,117,77,81,134,61,95,70,32,116,31,104,68" hai3="7,42,66,112,111,10,51,37,75,127,105,15,0"/><V64/><F134/><W35/><G51/><T56/><D71/><U59/><E110/><V129/><F129/><W98/><G15/><T18/><D126/><U41/><E113/><V50/><F70/><W17/><G17/><T79/><D101/><U107/><E3/><V84/><F104/><W88/><G111/><T115/><D135/><U94/><E33/><V21/><F32/><W130/><G35/><T16/><D18/><U29/><E29/><V69/><F69/><W53/><G53/><T63/><D63/><U25/><E107/><V8/><F8/><W124/><G66/><T86/><D115/><U58/><E25/><V85/><F21/><W92/><G112/><T67/><REACH who="0" step="1"/><D82/><REACH who="0" ten="187,105,381,317" step="2"/><U109/><E19/><V76/><F68/><W118/><G127/><T114/><D114/><U72/><E109/><V123/><F61/><W132/><G124/><T74/><AGARI ba="2,1" hai="9,14,16,44,46,56,60,67,74,79,80,86,90,93" machi="74" ten="20,5200,0" yaku="1,1,0,1,7,1,54,1,53,0" doraHai="102" doraHaiUra="1" who="0" fromWho="0" sc="187,68,105,-15,381,-28,317,-15" /><INIT seed="3,0,0,4,3,11" ten="255,90,353,302" oya="3" hai0="15,116,65,131,107,6,16,30,80,32,17,34,10" hai1="39,102,74,21,38,112,18,121,120,81,93,51,66" hai2="89,99,95,86,76,132,4,78,82,133,83,67,43" hai3="48,100,119,5,106,25,108,115,123,42,28,1,114"/><W55/><G119/><T84/><D116/><U101/><E112/><V29/><F4/><W26/><G123/><T35/><D107/><U40/><E120/><V58/><F43/><W92/><G106/><T33/><D131/><U134/><E121/><V70/><F70/><W36/><G26/><T8/><D65/><U124/><E134/><N who="2" m="51819" /><F29/><W41/><G108/><T90/><REACH who="0" step="1"/><D10/><REACH who="0" ten="245,90,353,302" step="2"/><U53/><E66/><V125/><F67/><W54/><G115/><T96/><D96/><U50/><E124/><V7/><F125/><W130/><G130/><T75/><D75/><U97/><E101/><V13/><F99/><W104/><G104/><T88/><D88/><U117/><E117/><V2/><F89/><W47/><G114/><T9/><D9/><U135/><E135/><V113/><F113/><W85/><G85/><T64/><D64/><U45/><E74/><V37/><F86/><W52/><G100/><T118/><D118/><U3/><E81/><V62/><F83/><W128/><G92/><T56/><D56/><U14/><REACH who="1" step="1"/><E3/><REACH who="1" ten="245,80,353,302" step="2"/><V94/><F82/><W24/><G1/><T69/><D69/><U23/><E23/><V72/><F2/><W31/><G128/><T68/><D68/><U44/><AGARI ba="0,2" hai="14,18,21,38,39,40,44,45,50,51,53,93,97,102" machi="44" ten="20,5200,0" yaku="1,1,0,1,7,1,52,1,53,0" doraHai="11" doraHaiUra="20" who="1" fromWho="1" sc="245,-13,80,72,353,-13,302,-26" owari="232,-16.8,152,-34.8,340,44.0,276,7.6" /></mjloggm>