<mjloggm ver="2.3"><GO type="225" lobby="0"/><UN n0="%E5%8D%A0%E3%81%84%E5%B8%AB%E8%A3%8F%E3%81%AA%E3%81%84%E3%81%97" n1="%E5%B8%86%E7%AB%8B%E5%A4%8F%E8%A1%A3" n2="%E3%81%B2%E3%81%BE%E3%81%A4%E3%81%B6%E3%81%97" n3="%E3%81%82%E3%81%99%E3%81%AB%E3%82%83%E3%82%80" dan="16,16,16,16" rate="2112.73,2113.60,2140.27,2113.97" sx="M,M,M,F"/><TAIKYOKU oya="0"/><INIT seed="0,0,0,4,3,53" ten="250,250,250,250" oya="0" hai0="86,103,20,101,85,126,40,102,112,109,23,87,108" hai1="5,71,104,114,10,106,45,74,3,100,65,82,24" hai2="78,117,30,70,88,90,128,22,121,99,28,66,26" hai3="95,8,58,4,54,107,77,67,120,0,47,21,81"/><T116/><D112/><U124/><E124/><V118/><F121/><W93/><G107/><T17/><D126/><U72/><E114/><V98/><F78/><W125/><G120/><T52/><D116/><N who="2" m="44650" /><F128/><W92/><G125/><T110/><D40/><U80/><E80/><V60/><F30/><W14/><G67/><T132/><D132/><U48/><E24/><V33/><F33/><W61/><G47/><T43/><D43/><U29/><E29/><V127/><F127/><W63/><G21/><N who="0" m="8267" /><D52/><U73/><E82/><V15/><F15/><W64/><G64/><T32/><D17/><U57/><E71/><V1/><F1/><W42/><G42/><T34/><AGARI ba="0,0" hai="32,34,85,86,87,101,102,103,108,109,110" m="8267" machi="34" ten="50,18000,2" yaku="29,2,28,2,14,1,10,1" doraHai="53" who="0" fromWho="0" sc="250,180,250,-60,250,-60,250,-60" /><INIT seed="0,1,0,4,4,4" ten="430,190,190,190" oya="0" hai0="42,132,10,44,77,28,87,88,47,102,20,0,95" hai1="115,108,123,98,79,34,16,69,54,13,118,66,97" hai2="131,59,110,22,23,103,11,21,64,105,107,72,53" hai3="57,68,94,14,91,9,111,63,133,5,84,40,114"/><T96/><D132/><U33/><E118/><V128/><F72/><W109/><G133/><T93/><D77/><U85/><E123/><V92/><F64/><W112/><G40/><T46/><D0/><U49/><E108/><V45/><F45/><W61/><G68/><T129/><D129/><N who="2" m="49738" /><F110/><N who="3" m="41995" /><G63/><T52/><D52/><AGARI ba="1,0" hai="5,9,14,52,57,61,84,91,94,112,114" m="41995" machi="52" ten="30,3900,0" yaku="14,1,52,1,54,1" doraHai="4" who="3" fromWho="0" sc="430,-42,190,0,190,0,190,42" /><INIT seed="1,0,0,4,1,95" ten="388,190,190,232" oya="1" hai0="60,83,134,75,8,132,121,45,76,124,77,111,10" hai1="47,50,22,135,38,130,88,63,84,102,16,21,78" hai2="122,32,112,49,110,0,91,48,62,123,86,116,93" hai3="40,4,28,42,17,96,61,27,51,131,80,46,79"/><U104/><E38/><V52/><F0/><W69/><G131/><T33/><D111/><U72/><E130/><V87/><F110/><W25/><G4/><T64/><D33/><U54/><E135/><N who="0" m="51753" /><D121/><U59/><E72/><V125/><F32/><W100/><G17/><T65/><D124/><U12/><E78/><V58/><F125/><W31/><G42/><T128/><D128/><U113/><E113/><V98/><F116/><W115/><G115/><T97/><D64/><N who="1" m="39039" /><E102/><V74/><F74/><W120/><G120/><T81/><D45/><U105/><E105/><V35/><F35/><W18/><G69/><N who="0" m="42151" /><D97/><U107/><E107/><V94/><F112/><W127/><G127/><T99/><D99/><U67/><E104/><V90/><F123/><W109/><G109/><T56/><D56/><U82/><E67/><V92/><F122/><W133/><G133/><T129/><D129/><U20/><AGARI ba="0,0" hai="12,16,20,21,22,47,50,54,82,84,88" m="39039" machi="20" ten="30,6000,0" yaku="8,1,54,2" doraHai="95" who="1" fromWho="1" sc="388,-20,190,60,190,-20,232,-20" /><INIT seed="1,1,0,2,5,108" ten="368,250,170,212" oya="1" hai0="114,51,103,4,130,125,127,48,73,33,21,52,22" hai1="23,70,84,63,118,17,55,60,61,20,71,10,79" hai2="64,54,94,80,50,49,5,121,83,44,69,102,132" hai3="35,28,32,124,18,131,74,67,87,120,58,95,107"/><U57/><E118/><V36/><F121/><W45/><G107/><T66/><D33/><U42/><E71/><V106/><F106/><W0/><G74/><T46/><D73/><U40/><E70/><V12/><F132/><W62/><G120/><T14/><D114/><U88/><E79/><V37/><F37/><W43/><G131/><T89/><D103/><U122/><E10/><V76/><F36/><W112/><G0/><T41/><D66/><U82/><E23/><V91/><F102/><W116/><G116/><T134/><D134/><U81/><E81/><V56/><F69/><W113/><G124/><N who="0" m="47691" /><D130/><U109/><E122/><V8/><F64/><W135/><G135/><T38/><D38/><U97/><E97/><V30/><F30/><W3/><G3/><T78/><D78/><U105/><E109/><V11/><F11/><W99/><G87/><T101/><D101/><U19/><E19/><V77/><F77/><W68/><G18/><T126/><D89/><U34/><E34/><V1/><F1/><W6/><G35/><T2/><D2/><U104/><E104/><V75/><F75/><W27/><G6/><T24/><D126/><U25/><E105/><V26/><F76/><W128/><G68/><T110/><D110/><U92/><E92/><V96/><REACH who="2" step="1"/><F26/><REACH who="2" ten="368,250,160,212" step="2"/><W65/><G67/><T31/><D24/><U119/><E119/><V72/><F72/><W7/><G128/><T13/><D31/><U39/><E39/><V111/><F111/><W15/><G15/><T9/><D14/><U90/><E90/><V59/><F59/><AGARI ba="1,1" hai="4,9,13,21,22,41,46,48,51,52,59" m="47691" machi="59" ten="30,2000,0" yaku="18,1,54,1" doraHai="108" who="0" fromWho="2" sc="368,33,250,0,160,-23,212,0" /><INIT seed="2,0,0,0,3,28" ten="401,250,137,212" oya="2" hai0="42,3,94,17,132,27,56,37,133,6,93,58,74" hai1="124,123,70,107,108,51,115,49,33,82,110,15,101" hai2="75,111,34,78,112,38,1,45,72,44,86,113,67" hai3="85,60,23,13,40,69,25,47,81,64,18,120,134"/><V92/><F1/><W52/><G134/><N who="0" m="51819" /><D74/><N who="2" m="28202" /><F67/><W84/><G120/><T39/><D6/><U50/><E50/><V130/><F38/><N who="0" m="14346" /><D3/><U46/><E51/><V83/><F44/><W114/><G114/><N who="2" m="44137" /><F45/><W19/><G81/><T0/><D42/><U61/><E49/><V104/><F104/><W35/><G35/><T20/><D0/><U117/><E46/><V54/><F54/><W29/><G29/><T66/><D58/><U9/><E115/><V116/><F34/><W57/><G40/><T99/><D99/><U73/><E33/><V128/><F116/><W7/><G47/><T122/><D122/><U109/><E123/><V53/><F53/><W36/><G7/><T100/><D56/><U31/><E117/><V135/><F135/><W12/><G36/><T76/><D66/><U96/><E31/><V126/><F126/><W129/><G25/><T79/><D27/><U24/><E24/><V121/><F121/><W65/><G65/><T88/><D17/><N who="1" m="8431" /><E124/><V41/><F41/><W103/><G64/><T5/><D20/><U11/><E11/><V106/><F106/><W89/><G23/><T63/><D5/><U119/><E119/><V2/><F2/><W62/><G57/><T125/><D63/><U91/><E61/><V14/><F111/><W55/><G60/><T68/><D125/><U4/><E4/><V97/><F14/><W32/><G12/><T22/><D22/><U105/><E105/><V127/><F127/><W43/><G13/><T10/><D10/><U131/><E107/><V71/><F71/><W8/><G69/><T30/><D68/><RYUUKYOKU ba="0,0" sc="401,-10,250,-10,137,30,212,-10" hai2="78,83,86,92,97,128,130" /><INIT seed="2,1,0,0,0,21" ten="391,240,167,202" oya="2" hai0="95,93,102,124,57,104,88,115,49,120,130,91,108" hai1="46,29,106,56,58,69,114,55,4,86,62,72,13" hai2="54,32,89,6,121,18,103,61,94,67,125,109,47" hai3="64,123,63,51,27,99,126,34,113,66,107,10,78"/><V105/><F121/><W98/><G123/><T12/><D120/><U128/><E72/><V48/><F125/><W76/><G126/><T24/><D115/><U8/><E114/><V35/><F6/><W37/><G37/><T97/><D124/><U0/><E106/><V119/><F119/><W100/><G113/><T20/><D108/><U122/><E69/><V31/><F109/><W53/><G10/><T45/><D130/><U30/><E128/><V68/><F18/><W132/><G132/><T65/><D104/><U16/><E122/><V90/><F32/><W112/><G98/><T116/><D116/><U117/><E117/><V73/><F73/><W25/><G64/><T96/><D12/><N who="1" m="5127" /><E46/><V101/><F94/><N who="3" m="58487" /><G34/><T59/><D65/><N who="1" m="39111" /><E86/><V84/><F105/><W87/><G107/><T9/><D9/><N who="1" m="6191" /><E0/><V2/><F2/><W3/><G87/><T33/><D102/><U43/><E43/><V77/><F103/><W5/><G3/><T129/><D129/><U83/><E83/><N who="2" m="47215" /><F101/><W75/><G75/><T7/><D7/><U26/><E26/><N who="3" m="9738" /><G5/><T38/><D38/><U118/><E118/><V52/><F35/><W40/><G40/><N who="0" m="24743" /><D33/><U74/><E74/><V19/><F31/><AGARI ba="1,0" hai="20,24,31,57,59,88,91,93,95,96,97" m="24743" machi="31" ten="30,3900,0" yaku="8,1,52,1,54,1" doraHai="21" who="0" fromWho="2" sc="391,42,240,0,167,-42,202,0" /><INIT seed="3,0,0,0,4,114" ten="433,240,125,202" oya="3" hai0="89,95,111,56,129,112,99,74,106,133,116,9,51" hai1="14,108,40,76,55,134,22,18,44,78,16,88,47" hai2="110,63,12,3,122,82,71,72,92,101,70,37,81" hai3="66,52,43,50,46,118,30,34,125,28,77,109,97"/><W6/><G118/><T75/><D112/><U119/><E108/><V0/><F110/><W41/><G109/><T48/><D111/><U83/><E134/><V39/><F122/><W91/><G125/><T123/><D123/><U26/><E119/><V5/><F12/><W53/><G77/><N who="1" m="29802" /><E40/><N who="3" m="15434" /><G34/><T94/><D116/><U23/><E55/><V31/><F31/><N who="3" m="11819" /><G66/><T135/><D106/><U107/><E107/><V100/><F92/><N who="3" m="56479" /><G53/><T73/><D95/><U84/><AGARI ba="0,0" hai="14,16,18,22,23,26,44,47,83,84,88" m="29802" machi="84" ten="30,4000,0" yaku="8,1,54,2" doraHai="114" who="1" fromWho="1" sc="433,-10,240,40,125,-10,202,-20" owari="423,52.3,280,8.0,115,-38.5,182,-21.8" /></mjloggm>