<mjloggm ver="2.3"><GO type="225" lobby="0"/><UN n0="%E3%83%A9%E3%83%96%E3%83%AC%E3%83%BC" n1="%65%6B%61%72%75%74%65" n2="%E8%90%BD%E6%97%A5" n3="%E7%B4%94%E6%BD%94%E3%83%94%E3%83%A9%E3%83%8B%E3%82%A2" dan="18,16,18,18" rate="2241.55,2164.61,2195.27,2319.13" sx="M,M,F,M"/><TAIKYOKU oya="0"/><INIT seed="0,0,0,1,4,22" ten="250,250,250,250" oya="0" hai0="15,6,69,91,93,134,80,48,25,72,8,47,95" hai1="88,23,51,82,54,79,85,118,89,106,33,104,92" hai2="43,87,64,130,35,62,17,114,86,75,21,49,34" hai3="16,96,98,76,121,97,12,44,52,36,78,58,1"/><T110/><D69/><U66/><E118/><V94/><F75/><W39/><G1/><T18/><D134/><U45/><E33/><V32/><F114/><W63/><G121/><T60/><D60/><U102/><E66/><V108/><F108/><W65/><G39/><T50/><D110/><U9/><E9/><V90/><F130/><W135/><G135/><T105/><D105/><U101/><E89/><V0/><F0/><W81/><G81/><T29/><D6/><U55/><E55/><V115/><F115/><W38/><G38/><T125/><D125/><U74/><REACH who="1" step="1"/><E23/><REACH who="1" ten="250,240,250,250" step="2"/><V53/><F53/><W5/><G5/><T40/><D91/><U132/><E132/><V107/><F35/><W26/><G76/><T20/><REACH who="0" step="1"/><D50/><REACH who="0" ten="240,240,250,250" step="2"/><U13/><E13/><V113/><F49/><N who="3" m="28711" /><G36/><T73/><D73/><U19/><E19/><V119/><F17/><W11/><G78/><AGARI ba="0,2" hai="8,15,18,20,25,29,40,47,48,72,78,80,93,95" machi="78" ten="40,3900,0" yaku="1,1,52,1,53,0" doraHai="22" doraHaiUra="56" who="0" fromWho="3" sc="240,59,240,0,250,0,250,-39" /><INIT seed="0,1,0,5,2,129" ten="299,240,250,211" oya="0" hai0="70,51,12,96,48,59,94,76,34,122,67,32,88" hai1="62,43,108,74,39,50,19,132,30,29,98,21,47" hai2="60,101,113,135,31,6,23,128,35,103,91,81,15" hai3="87,124,111,57,92,14,119,45,22,66,38,117,7"/><T84/><D70/><U104/><E74/><V121/><F121/><W2/><G2/><T95/><D122/><U72/><E72/><V13/><F113/><W61/><G111/><T3/><D3/><U82/><E108/><V63/><F128/><W41/><G124/><T90/><D76/><U68/><E82/><V80/><F35/><W8/><REACH who="3" step="1"/><G22/><REACH who="3" ten="299,240,250,201" step="2"/><T17/><D34/><U5/><E21/><V20/><F31/><W110/><G110/><T100/><D32/><U123/><E30/><V133/><F91/><AGARI ba="1,1" hai="7,8,14,38,41,45,57,61,66,87,91,92,117,119" machi="91" ten="40,2600,0" yaku="1,1,53,1" doraHai="129" doraHaiUra="42" who="3" fromWho="2" sc="299,0,240,0,250,-29,201,39" /><INIT seed="1,0,0,1,0,84" ten="299,240,221,240" oya="1" hai0="0,45,116,5,67,134,105,6,89,10,19,26,53" hai1="117,54,55,88,41,97,119,38,110,28,48,72,90" hai2="34,60,40,61,74,102,82,91,114,14,125,37,126" hai3="63,1,129,44,33,32,20,94,108,62,51,46,39"/><U83/><E28/><V13/><F34/><W25/><G1/><T133/><D116/><U132/><E38/><V124/><F114/><W103/><G108/><T127/><D105/><U80/><E41/><V111/><F111/><W12/><G129/><T107/><D107/><U31/><E31/><V15/><F102/><W130/><G130/><T9/><D67/><U121/><E110/><V42/><F74/><W16/><G39/><T35/><D127/><U100/><E121/><V76/><F76/><W109/><G109/><T95/><D35/><U58/><E132/><V123/><F123/><W30/><G33/><T92/><D92/><U7/><E7/><V101/><F101/><W64/><G46/><T93/><D93/><N who="1" m="58415" /><E72/><V112/><F112/><W21/><G32/><T113/><D113/><U77/><E119/><V87/><REACH who="2" step="1"/><F37/><REACH who="2" ten="299,240,211,240" step="2"/><W106/><G106/><T98/><D134/><U65/><E117/><V81/><F81/><N who="1" m="31305" /><E77/><V50/><F50/><W79/><G79/><T78/><D78/><U86/><E65/><V69/><F69/><W43/><G64/><T17/><D133/><U75/><E75/><V104/><F104/><W68/><G68/><T73/><D73/><U29/><E29/><V23/><F23/><W70/><G70/><T59/><D0/><U56/><E86/><V27/><F27/><W99/><AGARI ba="0,1" hai="12,16,20,21,25,30,43,44,51,62,63,94,99,103" machi="99" ten="30,4000,0" yaku="0,1,8,1,54,1" doraHai="84" who="3" fromWho="3" sc="299,-10,240,-20,211,-10,240,50" /><INIT seed="2,0,0,0,0,85" ten="289,220,201,290" oya="2" hai0="128,10,12,14,15,116,72,28,124,5,126,61,99" hai1="66,55,4,45,42,24,134,82,133,112,97,1,16" hai2="115,20,6,17,94,60,119,98,111,47,114,118,36" hai3="91,73,129,27,21,7,2,58,110,103,3,65,117"/><V88/><F6/><W101/><G73/><T96/><D72/><U54/><E112/><V64/><F111/><W69/><G69/><T122/><D122/><U77/><E66/><V34/><F34/><W26/><G117/><T0/><D116/><U62/><E1/><V41/><F118/><W78/><G78/><T81/><D81/><U71/><E4/><V75/><F75/><W108/><G129/><T57/><D28/><U49/><E97/><V48/><F36/><W89/><G7/><T23/><D23/><N who="1" m="13415" /><E62/><V87/><F98/><W8/><G8/><T70/><D70/><U131/><E71/><V67/><F119/><W100/><G3/><T32/><D32/><U18/><E18/><V92/><F92/><W95/><G95/><T43/><D43/><U130/><E77/><V106/><F106/><W22/><G2/><T68/><D68/><U44/><E82/><V80/><F80/><W39/><G39/><T127/><D128/><N who="1" m="49195" /><E55/><AGARI ba="0,0" hai="0,5,10,12,14,15,55,57,61,96,99,124,126,127" machi="55" ten="50,1600,0" yaku="18,1" doraHai="85" who="0" fromWho="1" sc="289,16,220,-16,201,0,290,0" /><INIT seed="3,0,0,3,4,84" ten="305,204,201,290" oya="3" hai0="33,79,94,52,49,82,27,18,12,107,59,8,89" hai1="24,99,43,71,1,85,92,108,106,2,48,28,81" hai2="57,6,7,113,83,90,69,26,64,60,45,91,61" hai3="124,15,105,128,133,80,30,68,70,104,88,75,77"/><W67/><G124/><T72/><D107/><U129/><E71/><V46/><F113/><W5/><G128/><T35/><D27/><U62/><E106/><V44/><F26/><W31/><G133/><T20/><D8/><U17/><E129/><V4/><REACH who="2" step="1"/><F83/><REACH who="2" ten="305,204,191,290" step="2"/><W38/><G80/><T37/><D37/><U103/><E108/><V96/><F96/><AGARI ba="0,1" hai="12,18,20,33,35,49,52,59,72,79,82,89,94,96" machi="96" ten="30,3900,0" yaku="7,1,52,1,54,1" doraHai="84" who="0" fromWho="2" sc="305,49,204,0,191,-39,290,0" owari="354,45.4,204,-19.6,152,-34.8,290,9.0" /></mjloggm>