<mjloggm ver="2.3"><GO type="225" lobby="0"/><UN n0="%E7%89%B9%E6%9D%B1%E3%81%AF%E4%B8%96%E7%95%8C%E3%82%92%E6%95%91%E3%81%86" n1="%74%61%6B%65%2D%79%6F%75" n2="%E3%83%A9%E3%83%BC%E3%83%A1%E3%83%B3%E4%BA%94%E9%83%8E" n3="%72%69%6F%75%63%68%61%6E" dan="16,17,16,17" rate="2159.86,2150.36,2095.72,2270.70" sx="M,M,M,M"/><TAIKYOKU oya="0"/><INIT seed="0,0,0,0,4,66" ten="250,250,250,250" oya="0" hai0="118,62,109,61,128,83,50,45,7,53,70,124,85" hai1="92,58,48,95,4,46,16,10,55,11,35,6,103" hai2="133,107,40,108,99,84,36,80,38,77,102,96,106" hai3="32,65,41,26,18,131,73,135,129,75,63,121,34"/><T27/><D118/><U113/><E113/><V111/><F133/><W49/><G135/><T122/><D122/><U123/><E123/><V110/><REACH who="2" step="1"/><F40/><REACH who="2" ten="250,250,240,250" step="2"/><W105/><G41/><T20/><D109/><U112/><E112/><V76/><F76/><W17/><G121/><T115/><D115/><U60/><E4/><V37/><F37/><W42/><G42/><T74/><D7/><U28/><E6/><V52/><F52/><W134/><G134/><T56/><D53/><U86/><E55/><V88/><F88/><W104/><G65/><T116/><D116/><U33/><E103/><AGARI ba="0,1" hai="36,38,77,80,84,96,99,102,103,106,107,108,110,111" machi="103" ten="40,5200,0" yaku="1,1,9,1,14,1,53,0" doraHai="66" doraHaiUra="3" who="2" fromWho="1" sc="250,0,250,-52,240,62,250,0" /><INIT seed="1,0,0,1,3,34" ten="250,198,302,250" oya="1" hai0="16,112,25,78,133,46,3,51,15,60,8,26,89" hai1="17,85,38,88,64,10,71,47,73,21,7,117,69" hai2="121,125,37,44,94,1,80,81,123,110,19,132,93" hai3="42,61,124,35,128,66,53,54,102,22,30,48,4"/><U82/><E117/><V49/><F37/><W76/><G124/><T116/><D116/><U101/><E101/><V74/><F125/><W2/><G128/><T92/><D112/><U27/><E73/><V86/><F74/><W13/><G76/><T91/><D133/><U63/><E38/><V97/><F132/><W45/><G102/><T56/><D78/><U108/><E108/><V119/><F119/><W113/><G113/><T72/><D3/><U28/><E47/><V12/><F1/><W118/><G118/><T109/><D72/><U57/><REACH who="1" step="1"/><E28/><REACH who="1" ten="250,188,302,250" step="2"/><V105/><F110/><W90/><G30/><T99/><D109/><U6/><E6/><V11/><F123/><W83/><G4/><T107/><D107/><U0/><AGARI ba="0,1" hai="0,7,10,17,21,27,57,63,64,69,71,82,85,88" machi="0" ten="20,12000,1" yaku="1,1,0,1,7,1,52,1,54,1,53,0" doraHai="34" doraHaiUra="126" who="1" fromWho="1" sc="250,-40,188,130,302,-40,250,-40" /><INIT seed="1,1,0,2,1,101" ten="210,318,262,210" oya="1" hai0="131,135,80,49,1,34,51,98,95,29,114,78,134" hai1="85,0,132,30,41,28,109,77,64,89,79,53,82" hai2="126,60,12,24,119,116,66,75,6,87,9,62,107" hai3="58,57,38,128,68,94,19,120,54,121,93,105,47"/><U130/><E130/><V124/><F75/><W125/><G128/><T108/><D1/><U13/><E0/><V97/><F87/><W99/><G68/><T4/><D4/><U27/><E132/><N who="0" m="50729" /><D114/><U115/><E115/><V32/><F32/><W35/><G35/><T61/><D108/><U76/><E109/><V44/><F44/><W122/><G125/><N who="2" m="48233" /><F24/><W42/><G19/><T72/><D131/><U81/><E41/><V40/><F40/><W7/><G7/><T36/><D36/><U15/><E64/><V26/><F26/><W11/><G11/><T86/><D72/><U2/><E2/><V96/><F96/><W25/><G25/><N who="0" m="18735" /><D61/><N who="2" m="23658" /><F66/><W45/><G45/><T112/><D112/><U16/><E28/><V23/><F23/><W90/><G57/><T123/><D123/><U84/><E30/><V14/><F12/><W133/><G133/><T117/><D117/><U103/><E27/><V67/><F67/><W91/><G58/><T37/><D37/><U21/><E15/><V43/><F43/><W111/><G111/><T31/><D31/><U33/><E33/><V106/><F97/><W104/><REACH who="3" step="1"/><G54/><REACH who="3" ten="210,318,262,200" step="2"/><T83/><D83/><U39/><E53/><V5/><F6/><W69/><G69/><T63/><D63/><U74/><E21/><V48/><F48/><W10/><G10/><T110/><D110/><U56/><E39/><V71/><F71/><W52/><G52/><T22/><D22/><U3/><E56/><V102/><F102/><AGARI ba="1,1" hai="49,51,78,80,86,95,98,102" m="18735,50729" machi="102" ten="30,1000,0" yaku="20,1" doraHai="101" who="0" fromWho="2" sc="210,23,318,0,262,-13,200,0" /><INIT seed="2,0,0,5,5,1" ten="233,318,249,200" oya="2" hai0="54,45,34,33,66,22,41,134,113,87,11,128,67" hai1="31,130,94,38,116,80,23,15,65,14,106,44,71" hai2="25,72,74,59,27,43,35,89,100,108,121,101,28" hai3="107,12,117,37,63,17,111,96,98,69,62,20,32"/><V125/><F121/><W8/><G111/><T68/><D113/><U84/><E116/><V42/><F108/><W51/><G117/><T58/><D128/><U19/><E106/><V102/><F125/><W18/><G37/><T77/><D134/><U91/><E130/><V48/><F89/><W129/><G32/><T110/><D110/><U114/><E114/><V76/><F25/><W86/><G129/><T83/><D22/><U126/><E126/><V16/><F16/><W36/><G36/><T99/><D68/><U97/><E31/><V4/><F76/><W30/><G30/><T127/><D127/><U104/><E104/><V90/><F90/><W7/><G69/><T9/><D34/><U115/><E115/><V120/><F120/><W47/><G86/><T21/><D21/><U39/><E44/><V82/><F82/><W70/><G70/><T88/><D33/><U10/><E65/><N who="0" m="24585" /><D41/><U133/><E71/><V131/><F131/><W56/><G107/><T2/><D45/><U5/><E133/><V79/><F79/><AGARI ba="0,0" hai="5,10,14,15,19,23,38,39,79,80,84,91,94,97" machi="79" ten="30,2000,0" yaku="7,1,52,1" doraHai="1" who="1" fromWho="2" sc="233,0,318,20,249,-20,200,0" /><INIT seed="3,0,0,5,2,12" ten="233,338,229,200" oya="3" hai0="114,70,83,61,76,67,24,23,127,78,10,62,86" hai1="73,44,60,116,82,39,126,3,4,32,9,26,54" hai2="25,63,17,42,84,48,101,102,75,123,115,91,2" hai3="98,20,46,80,131,96,110,16,93,18,120,58,122"/><W34/><G34/><T14/><D127/><U68/><E126/><V37/><F115/><W8/><G131/><T51/><D114/><U29/><E116/><V66/><F2/><W74/><G110/><T132/><D132/><U107/><E107/><V36/><F75/><W109/><G109/><T72/><D51/><U6/><E6/><V33/><F36/><W77/><G46/><T94/><D94/><U49/><E39/><V40/><F37/><W99/><G93/><T108/><D108/><U111/><E111/><V121/><F33/><W27/><REACH who="3" step="1"/><G58/><REACH who="3" ten="233,338,229,190" step="2"/><T35/><D35/><U113/><E44/><N who="2" m="25607" /><F123/><W117/><G117/><T64/><D70/><U19/><E68/><V45/><F121/><W21/><G21/><T28/><D23/><U130/><E130/><V124/><F124/><W81/><G81/><T15/><D83/><U87/><E82/><N who="2" m="49559" /><F45/><W133/><G133/><T30/><D10/><U118/><E9/><V135/><F135/><W56/><G56/><T31/><D76/><U112/><E32/><V95/><F95/><W5/><G5/><T105/><D78/><U41/><E4/><V13/><F42/><W57/><G57/><T7/><D7/><U50/><E41/><V85/><F66/><W90/><G90/><T104/><D64/><U1/><E118/><V125/><F125/><W53/><G53/><T97/><D67/><U134/><E54/><V47/><F47/><W103/><G103/><T119/><D119/><U38/><E134/><V100/><F100/><W22/><G22/><T65/><D65/><U92/><E92/><V11/><F102/><RYUUKYOKU ba="0,1" sc="233,-10,338,-10,229,-10,190,30" hai3="8,16,18,20,27,74,77,80,96,98,99,120,122" /><INIT seed="3,1,1,5,1,66" ten="223,328,219,220" oya="3" hai0="4,7,120,108,37,34,59,92,23,38,126,33,13" hai1="67,50,32,121,135,3,93,40,129,16,17,55,54" hai2="113,89,5,87,68,79,94,15,65,109,56,131,58" hai3="19,25,74,10,76,57,119,71,75,96,36,29,111"/><W61/><G119/><T110/><D120/><U18/><E121/><V123/><F113/><W45/><G71/><T73/><D73/><U133/><E129/><V11/><F123/><W85/><G111/><N who="0" m="42539" /><D126/><U44/><E3/><V72/><F109/><W117/><G117/><T63/><D92/><U86/><E32/><N who="0" m="12393" /><D23/><U60/><E86/><V125/><F125/><W26/><G96/><T84/><D84/><U132/><E93/><V99/><F72/><W77/><G74/><T95/><D95/><U20/><E20/><V105/><F131/><W90/><G75/><T83/><D83/><U21/><E21/><V118/><F118/><W100/><G100/><T12/><D12/><U107/><E107/><V47/><F105/><W88/><G90/><T2/><D13/><U27/><E27/><N who="3" m="10250" /><G29/><T69/><D69/><AGARI ba="1,1" hai="16,17,18,40,44,50,54,55,60,67,69,132,133,135" machi="69" ten="50,6400,0" yaku="20,1,52,1,54,1" doraHai="66" who="1" fromWho="0" sc="223,-67,328,77,219,0,220,0" owari="156,-34.4,405,50.5,219,-18.1,220,2.0" /></mjloggm>