<mjloggm ver="2.3"><GO type="225" lobby="0"/><UN n0="%E3%81%B5%E3%81%98%E3%81%8B%E3%81%A4" n1="%E3%81%99%E3%81%84%E3%81%BE%E3%81%9B%E3%83%BC%E3%82%93" n2="%E3%83%97%E3%83%92" n3="%77%72%77%72%77%72%77%72" dan="16,17,17,17" rate="2190.50,2220.61,2159.78,2234.38" sx="M,M,M,M"/><TAIKYOKU oya="0"/><INIT seed="0,0,0,4,0,23" ten="250,250,250,250" oya="0" hai0="43,53,48,11,41,123,115,42,108,105,84,91,64" hai1="10,103,96,85,93,7,66,117,119,106,22,35,27" hai2="24,114,113,3,14,77,124,31,59,82,94,19,87" hai3="58,110,2,65,61,116,67,97,56,120,100,109,80"/><T121/><D105/><U99/><E35/><V4/><F124/><W130/><G116/><T133/><D115/><U122/><E85/><V17/><F3/><W54/><G2/><T49/><D133/><U68/><E122/><V129/><F129/><W73/><G130/><T29/><D64/><U83/><E83/><V76/><F4/><W34/><G34/><T107/><D107/><U81/><E81/><V44/><F77/><W18/><G120/><T32/><D108/><N who="3" m="41577" /><G18/><T5/><D49/><U104/><E66/><V50/><F59/><W69/><G69/><T98/><D98/><U52/><E68/><V88/><F113/><W75/><G80/><T92/><D32/><U13/><E52/><N who="2" m="29767" /><F114/><W21/><G65/><T135/><D135/><U47/><E47/><V128/><F128/><W111/><G111/><T63/><D63/><U33/><E33/><V102/><F102/><W0/><G0/><T95/><D95/><U30/><REACH who="1" step="1"/><E106/><REACH who="1" ten="250,240,250,250" step="2"/><V74/><F74/><W15/><G75/><T131/><D131/><U1/><E1/><V112/><F112/><W26/><G73/><T72/><D72/><U9/><E9/><V79/><F79/><W16/><G67/><T55/><D123/><U125/><E125/><V36/><F36/><W60/><G56/><N who="0" m="32807" /><D55/><U25/><E25/><V28/><F24/><W38/><G38/><T57/><D57/><U39/><E39/><V20/><F19/><W126/><G126/><T46/><D121/><U90/><AGARI ba="0,1" hai="7,10,13,22,27,30,90,93,96,99,103,104,117,119" machi="90" ten="20,8000,1" yaku="1,1,0,1,7,1,52,1,53,1" doraHai="23" doraHaiUra="101" who="1" fromWho="1" sc="250,-40,240,90,250,-20,250,-20" /><INIT seed="1,0,0,5,3,33" ten="210,330,230,230" oya="1" hai0="72,103,11,47,105,58,24,67,40,53,1,119,110" hai1="125,129,133,64,94,98,91,124,126,97,88,14,44" hai2="135,108,17,6,22,29,31,73,51,118,84,7,27" hai3="127,66,95,92,134,101,121,81,69,42,2,3,32"/><U62/><E129/><V131/><F73/><W50/><G121/><T23/><D119/><U85/><E133/><V48/><F118/><W19/><G134/><T56/><D110/><U59/><E44/><V83/><F135/><W75/><G32/><T80/><D67/><U12/><REACH who="1" step="1"/><E98/><REACH who="1" ten="210,320,230,230" step="2"/><V57/><F131/><W38/><G127/><T116/><D47/><U76/><E76/><N who="2" m="46183" /><F108/><W109/><G109/><T55/><D116/><U26/><E26/><V43/><F43/><W41/><G42/><T13/><D40/><U130/><E130/><V99/><F99/><W74/><G41/><T104/><D104/><U4/><E4/><N who="2" m="1579" /><F57/><W45/><G45/><T18/><D58/><U111/><E111/><V25/><F27/><W21/><G38/><T106/><D56/><U65/><E65/><V8/><F31/><W90/><G66/><T52/><D24/><U46/><E46/><V117/><F117/><W71/><G69/><T107/><D55/><U20/><E20/><V96/><F96/><W77/><G21/><T82/><D23/><U28/><E28/><V30/><F29/><W60/><G71/><T128/><D128/><U39/><E39/><V115/><F115/><W37/><G37/><T5/><D53/><U93/><AGARI ba="0,1" hai="12,14,59,62,64,85,88,91,93,94,97,124,125,126" machi="93" ten="40,18000,2" yaku="1,1,0,1,18,1,54,1,53,2" doraHai="33" doraHaiUra="10" who="1" fromWho="1" sc="210,-60,320,190,230,-60,230,-60" /><INIT seed="1,1,0,5,5,26" ten="150,510,170,170" oya="1" hai0="16,79,95,86,57,68,59,82,14,132,127,112,0" hai1="99,67,81,28,15,11,84,63,107,104,76,50,47" hai2="73,35,37,22,30,78,87,128,44,3,38,39,111" hai3="70,131,45,5,97,46,17,121,91,92,33,115,64"/><U75/><E75/><V29/><F3/><W120/><G115/><T69/><D112/><U24/><E99/><V36/><F73/><W56/><G70/><T122/><D0/><U8/><E8/><V21/><F35/><W65/><G33/><T55/><D127/><U2/><E2/><V116/><F116/><W123/><G131/><T62/><D132/><U119/><E119/><V72/><F72/><W58/><G5/><T31/><D122/><U48/><E48/><V102/><F102/><W9/><G9/><T49/><D31/><U6/><E63/><V118/><F118/><W90/><G17/><T32/><D32/><N who="1" m="20487" /><E67/><V101/><F101/><W23/><G23/><T13/><D13/><U125/><E125/><V135/><F128/><W124/><G124/><T129/><D129/><U80/><E80/><V52/><F135/><W105/><G105/><T34/><D34/><U54/><E54/><V93/><F36/><W1/><G1/><T109/><D95/><U42/><AGARI ba="1,0" hai="6,11,15,42,47,50,76,81,84,104,107" m="20487" machi="42" ten="30,3000,0" yaku="25,1,52,1" doraHai="26" who="1" fromWho="1" sc="150,-11,510,33,170,-11,170,-11" /><INIT seed="1,2,0,3,5,1" ten="139,543,159,159" oya="1" hai0="71,46,32,4,35,74,48,107,78,9,97,50,99" hai1="13,83,67,21,58,54,129,102,135,63,11,29,26" hai2="81,108,27,124,126,103,44,7,36,105,65,84,72" hai3="18,119,17,66,24,118,43,93,76,117,39,60,114"/><U112/><E112/><V69/><F72/><W45/><G114/><T115/><D115/><U16/><E129/><V94/><F105/><W20/><G76/><T73/><D71/><U113/><E113/><V128/><F128/><W28/><REACH who="3" step="1"/><G93/><REACH who="3" ten="139,543,159,149" step="2"/><T49/><D107/><U95/><E135/><V91/><F94/><W101/><G101/><T25/><D46/><U37/><E37/><V100/><F103/><W132/><G132/><T12/><D73/><U133/><E133/><V104/><F100/><W47/><G47/><T2/><D74/><U109/><E109/><V134/><F44/><W42/><G42/><T80/><D78/><U98/><E83/><V125/><F36/><W52/><G52/><AGARI ba="2,1" hai="11,13,16,21,26,29,52,54,58,63,67,95,98,102" machi="52" ten="40,12000,1" yaku="25,2,8,1,54,2" doraHai="1" who="1" fromWho="3" sc="139,0,543,136,159,0,149,-126" /><INIT seed="1,3,0,1,1,75" ten="139,679,159,23" oya="1" hai0="56,80,59,124,97,133,38,120,83,53,26,68,95" hai1="73,89,0,36,28,54,6,121,52,41,40,70,130" hai2="112,72,21,66,86,107,82,71,63,131,132,39,2" hai3="117,79,88,34,19,48,5,8,65,15,100,10,17"/><U57/><E121/><V128/><F132/><W24/><G65/><T129/><D133/><U62/><E130/><V106/><F2/><W4/><G100/><T1/><D129/><N who="2" m="49738" /><F112/><W94/><G117/><T27/><D124/><U118/><E118/><V44/><F21/><W69/><G69/><T111/><D68/><U135/><E135/><V101/><F101/><W32/><G48/><T81/><D38/><U9/><E70/><V60/><F60/><W134/><G134/><T92/><D1/><U67/><E73/><V108/><F108/><W119/><G119/><T115/><D111/><U12/><E0/><V42/><F72/><W125/><G125/><T29/><D115/><U64/><E36/><V87/><F87/><W110/><G110/><T13/><D13/><U46/><E28/><V105/><F107/><W126/><G126/><T11/><D11/><U123/><E123/><V91/><AGARI ba="3,0" hai="39,42,44,63,66,71,82,86,91,105,106" m="49738" machi="91" ten="30,1100,0" yaku="19,1" doraHai="75" who="2" fromWho="2" sc="139,-6,679,-8,159,20,23,-6" /><INIT seed="2,0,0,0,2,6" ten="133,671,179,17" oya="2" hai0="79,117,113,21,43,97,46,114,31,131,119,29,9" hai1="13,66,87,30,47,83,37,123,115,126,103,80,60" hai2="34,124,65,27,102,38,15,59,36,17,72,22,63" hai3="125,88,86,93,118,105,25,74,101,8,82,109,24"/><V129/><F124/><W111/><G118/><N who="0" m="45067" /><D97/><U35/><E115/><N who="0" m="44041" /><D79/><U4/><E123/><V104/><F129/><W68/><G68/><T127/><D127/><U10/><E126/><V41/><F72/><W108/><G125/><T56/><D56/><U3/><E103/><V26/><F41/><W89/><G89/><T33/><D131/><U100/><E100/><V1/><F1/><W90/><G90/><T20/><D33/><U61/><E3/><V69/><F59/><W62/><G62/><T14/><D46/><U52/><E83/><V50/><F50/><W2/><G105/><T19/><D43/><U23/><E35/><V91/><F91/><W120/><G120/><T71/><D71/><U7/><E37/><V112/><F112/><W94/><G74/><T85/><D85/><U134/><E61/><V45/><F45/><W18/><G101/><T64/><D64/><U128/><E66/><V5/><F102/><W54/><G54/><T53/><D53/><U75/><E75/><V98/><F98/><W0/><G94/><T107/><D107/><U84/><E47/><V49/><F104/><W92/><G92/><T122/><D122/><U110/><E52/><V133/><F69/><W51/><G93/><T130/><D130/><U32/><E128/><V132/><F34/><W11/><G51/><T39/><D39/><U95/><E32/><V116/><F49/><W81/><G81/><T73/><D73/><U78/><E60/><V48/><F48/><W121/><G121/><T16/><D21/><U70/><E70/><V42/><F38/><W96/><G82/><RYUUKYOKU ba="0,0" sc="133,30,671,-10,179,-10,17,-10" hai0="9,14,16,19,20,29,31" /><INIT seed="3,1,0,2,2,79" ten="163,661,169,7" oya="3" hai0="92,109,127,54,46,61,62,47,33,53,59,89,64" hai1="29,96,116,13,118,134,41,95,27,12,63,10,42" hai2="18,28,121,39,17,128,31,108,113,130,55,101,57" hai3="80,37,84,32,91,85,110,49,66,103,93,51,112"/><W40/><G112/><T14/><D33/><U9/><E134/><V107/><F113/><W45/><G32/><T70/><D109/><U25/><E63/><N who="2" m="36287" /><F39/><W97/><G110/><T100/><D127/><U73/><E73/><V123/><F108/><W44/><G66/><T22/><D100/><U1/><E1/><V4/><F4/><W83/><G44/><N who="0" m="16939" /><D70/><U71/><E71/><V77/><F77/><AGARI ba="1,0" hai="37,40,45,49,51,77,80,83,84,85,91,93,97,103" machi="77" ten="30,5800,0" yaku="7,1,52,2" doraHai="79" who="3" fromWho="2" sc="163,0,661,0,169,-61,7,61" /><INIT seed="3,2,0,4,1,93" ten="163,661,108,68" oya="3" hai0="129,103,15,12,110,29,112,6,21,63,66,53,68" hai1="85,87,81,86,42,89,77,39,55,8,38,109,120" hai2="80,43,36,35,32,41,51,128,127,16,84,105,119" hai3="111,31,125,126,104,10,57,118,99,76,2,114,67"/><W132/><G114/><T90/><D110/><U26/><E120/><V123/><F119/><W97/><G118/><T52/><D112/><U101/><E109/><V14/><F105/><W30/><G111/><T64/><D103/><U56/><E101/><V49/><F36/><W7/><G104/><T25/><D129/><U5/><E26/><V45/><F128/><W59/><G76/><T79/><D79/><U58/><E58/><N who="3" m="22026" /><G67/><N who="0" m="25643" /><D68/><U115/><E115/><V92/><F127/><N who="3" m="48651" /><G132/><T113/><D113/><U9/><E9/><V44/><F123/><W107/><G107/><T133/><D133/><U11/><E11/><V70/><F92/><W40/><G40/><T65/><D65/><U135/><E42/><V91/><F70/><W22/><G22/><AGARI ba="2,0" hai="14,16,22,32,35,41,43,44,45,49,51,80,84,91" machi="22" ten="30,3900,0" yaku="7,1,9,1,54,1" doraHai="93" who="2" fromWho="3" sc="163,0,661,0,108,45,68,-45" owari="163,-3.7,661,76.1,153,-24.7,23,-47.7" /></mjloggm>