<mjloggm ver="2.3"><GO type="225" lobby="0"/><UN n0="%E6%A1%9C%E8%8A%B1%E9%96%83%E3%80%85" n1="%E3%83%B4%E3%82%A3%E3%83%AF%E3%82%B3%E3%82%B0%E3%83%8B" n2="%E3%83%A9%E3%82%A4%E3%83%B3%E3%81%AE%E8%99%8E" n3="%E7%B4%94%E6%BD%94%E3%83%94%E3%83%A9%E3%83%8B%E3%82%A2" dan="17,16,16,17" rate="2213.33,2188.45,2113.35,2116.33" sx="M,M,M,M"/><TAIKYOKU oya="0"/><INIT seed="0,0,0,2,4,82" ten="250,250,250,250" oya="0" hai0="91,77,0,129,81,134,31,55,20,88,110,57,59" hai1="68,65,63,62,38,97,111,47,70,109,131,16,33" hai2="78,113,85,124,36,50,99,132,133,104,7,119,3" hai3="72,83,51,52,116,39,112,22,102,115,66,49,71"/><T8/><D129/><U79/><E33/><V64/><F36/><W48/><G39/><T67/><D134/><U103/><E131/><V29/><F113/><W80/><G116/><T54/><D67/><N who="1" m="41079" /><E79/><V95/><F29/><W69/><G102/><T21/><D110/><U27/><E27/><V56/><F7/><W107/><G107/><T58/><D8/><U14/><E14/><V24/><F24/><W12/><G66/><T25/><D0/><U9/><E16/><V60/><F3/><W117/><G117/><T120/><D120/><U32/><E32/><V123/><F123/><W11/><G22/><T128/><D20/><U130/><E9/><V114/><F114/><W44/><G112/><T13/><D13/><U61/><E61/><V6/><F6/><W76/><G69/><T18/><D18/><U135/><E130/><V19/><F19/><W118/><G71/><T122/><D122/><U5/><E5/><V94/><F119/><W105/><G105/><T108/><D108/><U28/><E28/><V41/><F104/><W43/><G115/><T121/><D121/><U100/><E135/><V74/><F132/><W90/><G118/><T75/><REACH who="0" step="1"/><D128/><REACH who="0" ten="240,250,250,250" step="2"/><U73/><E111/><V37/><F64/><W46/><G12/><T23/><D23/><U17/><E17/><V96/><F133/><W86/><G11/><T93/><D93/><N who="1" m="58415" /><E109/><V127/><F95/><W15/><G15/><T10/><D10/><U89/><E65/><V87/><F94/><W101/><G101/><T2/><D2/><U125/><E70/><V34/><F34/><W1/><G1/><RYUUKYOKU ba="0,1" sc="240,15,250,-15,250,-15,250,15" hai0="21,25,31,54,55,57,58,59,75,77,81,88,91" hai3="43,44,46,48,49,51,52,72,76,80,83,86,90" /><INIT seed="0,1,1,3,4,0" ten="255,235,235,265" oya="0" hai0="49,74,57,8,9,70,63,17,73,69,36,128,97" hai1="42,55,79,18,130,82,41,27,75,39,105,62,25" hai2="91,47,59,64,107,66,121,15,61,14,133,119,85" hai3="26,3,124,132,120,87,33,98,126,110,83,48,28"/><T5/><D36/><U20/><E105/><V111/><F121/><W44/><G120/><T50/><D128/><U99/><E130/><V1/><F1/><W129/><G129/><T37/><D37/><U21/><E99/><V11/><F107/><W104/><G3/><T115/><D115/><U58/><REACH who="1" step="1"/><E39/><REACH who="1" ten="255,225,235,265" step="2"/><V123/><F123/><W23/><G98/><T12/><D97/><U6/><E6/><V84/><F119/><W52/><G104/><T93/><D70/><U68/><E68/><V88/><F133/><W32/><G132/><T92/><D69/><U30/><AGARI ba="1,2" hai="18,20,21,25,27,30,41,42,55,58,62,75,79,82" machi="30" ten="20,2700,0" yaku="1,1,0,1,7,1,53,0" doraHai="0" doraHaiUra="131" who="1" fromWho="1" sc="255,-14,225,50,235,-8,265,-8" /><INIT seed="1,0,0,0,2,33" ten="241,275,227,257" oya="1" hai0="117,36,87,39,88,13,20,8,93,130,10,11,17" hai1="64,66,61,122,70,102,27,98,82,5,77,90,6" hai2="109,63,132,44,26,7,68,35,31,34,1,86,83" hai3="89,28,55,100,19,67,107,59,3,78,129,45,46"/><U84/><E122/><V124/><F109/><W111/><G111/><T108/><D108/><U15/><E64/><V51/><F124/><W133/><G129/><T81/><D117/><U4/><E27/><V125/><F125/><W18/><G133/><T118/><D118/><U57/><E70/><V49/><F132/><W101/><G28/><T54/><D130/><U116/><E116/><V94/><F94/><W14/><G18/><T12/><D12/><U91/><REACH who="1" step="1"/><E15/><REACH who="1" ten="241,265,227,257" step="2"/><V92/><F26/><W42/><G67/><T16/><D17/><U58/><E58/><V75/><F68/><W53/><G59/><T38/><REACH who="0" step="1"/><D54/><REACH who="0" ten="231,265,227,257" step="2"/><U131/><E131/><V41/><F31/><W21/><G55/><T29/><D29/><U97/><E97/><V52/><F52/><W96/><G53/><T24/><D24/><U69/><E69/><V60/><F60/><W135/><G19/><T0/><D0/><U9/><E9/><V25/><F25/><W2/><G3/><T128/><D128/><U32/><E32/><V79/><F63/><W119/><G2/><T50/><D50/><U22/><E22/><V30/><F30/><W76/><G21/><T62/><D62/><U99/><E99/><V123/><F51/><W106/><G14/><T43/><D43/><U72/><E72/><V105/><F75/><W95/><G119/><T47/><D47/><U65/><E65/><V114/><F44/><W74/><G74/><T126/><D126/><U104/><AGARI ba="0,2" hai="4,5,6,57,61,66,77,82,84,90,91,98,102,104" machi="104" ten="30,11700,0" yaku="1,1,0,1,53,2" doraHai="33" doraHaiUra="85" who="1" fromWho="1" sc="231,-39,265,137,227,-39,257,-39" /><INIT seed="1,1,0,5,4,1" ten="192,402,188,218" oya="1" hai0="87,16,60,54,70,38,122,18,10,82,12,7,42" hai1="86,3,75,6,52,33,88,112,90,108,115,131,0" hai2="98,65,28,25,76,106,102,41,45,55,68,124,34" hai3="85,114,61,50,134,95,130,21,37,58,29,132,129"/><U62/><E75/><V117/><F55/><W110/><G37/><T15/><D122/><U80/><E33/><V35/><F76/><W111/><G50/><T73/><D73/><U5/><E108/><N who="3" m="41514" /><G21/><T53/><D38/><U43/><E43/><V66/><F117/><W77/><G29/><T2/><D42/><U81/><E86/><V103/><F124/><W44/><G44/><T128/><D128/><N who="3" m="49257" /><G114/><T49/><D70/><U94/><E131/><V9/><F35/><W120/><G120/><T69/><D69/><U36/><E36/><V105/><F68/><W32/><G32/><T31/><D31/><U100/><E52/><V51/><REACH who="2" step="1"/><F9/><REACH who="2" ten="192,402,178,218" step="2"/><W113/><G113/><T119/><D119/><U79/><E115/><V116/><F116/><W123/><G123/><T64/><D54/><U99/><E112/><V22/><F22/><W71/><G71/><T126/><D126/><U4/><E62/><V19/><F19/><W109/><G109/><T83/><D16/><U78/><E0/><V72/><F72/><W107/><G77/><T74/><D60/><U133/><E3/><V118/><F118/><W8/><G8/><N who="0" m="6503" /><D2/><U135/><E78/><V127/><F127/><W13/><G61/><T96/><D74/><U91/><E79/><V30/><F30/><W27/><G27/><T14/><D10/><U17/><E17/><V125/><F125/><W92/><G13/><T11/><D14/><U84/><E4/><V93/><F93/><N who="3" m="35915" /><G58/><T48/><D12/><U104/><E5/><V67/><F67/><W20/><G20/><T40/><D64/><U46/><E6/><RYUUKYOKU ba="1,1" sc="192,-10,402,-10,178,30,218,-10" hai2="25,28,34,41,45,51,65,66,98,102,103,105,106" /><INIT seed="2,2,1,1,2,38" ten="182,392,208,208" oya="2" hai0="97,73,11,109,84,123,135,65,50,10,86,22,70" hai1="59,8,85,83,13,6,33,1,63,39,21,125,90" hai2="95,128,89,94,16,24,115,105,91,29,17,116,122" hai3="131,9,67,130,101,133,12,79,35,104,41,72,19"/><V102/><F115/><W62/><G35/><T43/><D123/><U25/><E39/><V18/><F116/><W77/><G133/><T66/><D73/><U64/><E125/><V28/><F122/><W47/><G101/><T81/><D135/><U113/><E113/><V75/><F75/><W3/><G104/><T7/><D109/><U120/><E120/><V5/><F128/><N who="3" m="49195" /><G3/><T60/><D97/><U34/><E1/><V26/><F5/><W42/><G47/><N who="0" m="25983" /><D70/><U121/><E121/><V0/><F0/><W129/><N who="3" m="49203" /><W127/><DORA hai="87" /><G127/><T32/><D32/><U45/><E45/><V31/><F102/><W80/><G79/><N who="0" m="46143" /><D7/><U51/><E51/><V37/><F37/><W93/><G93/><N who="2" m="35337" /><F105/><W126/><G126/><T111/><D111/><U74/><REACH who="1" step="1"/><E74/><REACH who="1" ten="182,382,208,208" step="2"/><V15/><F15/><W100/><G100/><T53/><D86/><U117/><E117/><V57/><F57/><AGARI ba="2,2" hai="9,12,19,41,42,57,62,67,72,77,80" m="49203" machi="57" ten="40,5200,0" yaku="19,1,52,2" doraHai="38,87" who="3" fromWho="2" sc="182,0,382,0,208,-58,208,78" /><INIT seed="3,0,0,4,1,121" ten="182,382,150,286" oya="3" hai0="60,22,76,44,7,97,101,85,27,57,20,31,6" hai1="94,32,12,132,122,23,107,53,86,52,100,55,5" hai2="30,129,112,130,72,81,0,8,9,16,75,11,58" hai3="15,111,109,108,17,29,91,41,102,10,125,62,24"/><W80/><G125/><T83/><D44/><U13/><E32/><V88/><F30/><W134/><G134/><T25/><D97/><N who="1" m="59447" /><E107/><V34/><F34/><W124/><G124/><T128/><D128/><N who="2" m="49258" /><F0/><W113/><G113/><T98/><D98/><U36/><E36/><V84/><F112/><W54/><G102/><T120/><D101/><U3/><E3/><V116/><F116/><W89/><G41/><T66/><D120/><U115/><E122/><V103/><F103/><W19/><G19/><AGARI ba="0,0" hai="6,7,19,20,22,25,27,31,57,60,66,76,83,85" machi="19" ten="30,2000,0" yaku="7,1,8,1" doraHai="121" who="0" fromWho="3" sc="182,20,382,0,150,0,286,-20" owari="202,-19.8,382,48.2,150,-35.0,266,6.6" /></mjloggm>