<mjloggm ver="2.3"><GO type="225" lobby="0"/><UN n0="%E7%B4%94%E6%BD%94%E3%83%94%E3%83%A9%E3%83%8B%E3%82%A2" n1="%E3%83%97%E3%83%92" n2="%E5%B8%9D%E4%BA%AC%E5%B9%B3%E6%88%90%E5%A4%A7%E5%AD%A6" n3="%33%74%72%65%65" dan="16,16,17,16" rate="2108.96,2148.67,2162.10,2045.54" sx="M,M,M,F"/><TAIKYOKU oya="0"/><INIT seed="0,0,0,0,1,114" ten="250,250,250,250" oya="0" hai0="76,25,42,23,36,32,29,111,100,121,22,129,106" hai1="93,37,30,61,105,126,119,12,44,59,112,21,26" hai2="82,6,135,108,48,24,99,38,52,94,13,80,20" hai3="107,54,134,4,72,57,55,7,51,39,66,8,75"/><T118/><D121/><U43/><E105/><V117/><F38/><W109/><G109/><T128/><D111/><U14/><E112/><V92/><F108/><W101/><G134/><T122/><D122/><U104/><E104/><V132/><F117/><W74/><G39/><T120/><D76/><U9/><E126/><V71/><F71/><W69/><G8/><T56/><D56/><U98/><E9/><N who="2" m="4279" /><F135/><W110/><G110/><T50/><D36/><U10/><E10/><V125/><F125/><W34/><G34/><T115/><D118/><U60/><E60/><V91/><F94/><W89/><G55/><T2/><D2/><U15/><E119/><V78/><F78/><W63/><REACH who="3" step="1"/><G89/><REACH who="3" ten="250,250,250,240" step="2"/><T45/><D115/><U97/><REACH who="1" step="1"/><E93/><REACH who="1" ten="250,240,250,240" step="2"/><V130/><F132/><W83/><G83/><T28/><D120/><U84/><E84/><V87/><F87/><W58/><G58/><T85/><D85/><U53/><AGARI ba="0,2" hai="12,14,15,21,26,30,37,43,44,53,59,61,97,98" machi="53" ten="30,8000,1" yaku="1,1,0,1,53,3" doraHai="114" doraHaiUra="11" who="1" fromWho="1" sc="250,-40,240,100,250,-20,240,-20" /><INIT seed="1,0,0,4,1,78" ten="210,340,230,220" oya="1" hai0="124,119,107,132,92,38,48,130,86,31,128,17,93" hai1="37,80,12,116,121,35,126,109,91,40,50,0,61" hai2="112,133,62,32,67,9,43,104,60,88,72,70,45" hai3="15,63,14,25,33,21,26,114,96,57,66,117,23"/><U135/><E116/><V75/><F104/><W76/><G114/><T100/><D38/><U8/><E0/><V127/><F112/><W51/><G117/><T20/><D119/><U10/><E35/><V97/><F32/><W24/><G33/><T27/><D124/><U42/><E37/><V22/><F127/><W125/><G125/><T89/><D132/><U111/><E121/><V115/><F115/><W4/><G96/><T118/><D118/><U101/><E101/><V58/><F133/><W77/><G51/><T3/><D3/><U49/><E61/><V84/><F97/><W99/><G99/><N who="0" m="59495" /><D107/><U79/><E91/><V71/><F9/><N who="1" m="3689" /><E12/><N who="3" m="4650" /><G4/><T129/><D48/><N who="1" m="18539" /><E126/><V110/><F45/><W65/><G65/><T74/><D74/><U29/><E29/><AGARI ba="0,0" hai="17,20,27,29,31,86,89,93,128,129,130" m="59495" machi="29" ten="30,1000,0" yaku="19,1" doraHai="78" who="0" fromWho="1" sc="210,10,340,-10,230,0,220,0" /><INIT seed="2,0,0,2,4,134" ten="220,330,230,220" oya="2" hai0="105,30,57,123,106,78,23,135,104,14,107,77,65" hai1="22,58,49,61,121,62,13,118,44,92,91,119,128" hai2="55,103,111,110,19,15,130,60,84,112,133,37,52" hai3="64,122,120,68,56,8,117,54,72,28,53,108,127"/><V0/><F112/><W82/><G117/><T98/><D135/><U41/><E128/><V79/><F133/><W48/><G108/><N who="2" m="41513" /><F0/><W101/><G28/><T132/><D132/><U90/><E121/><V115/><F115/><W45/><G101/><T102/><D123/><N who="3" m="47145" /><G8/><T71/><D71/><U100/><E100/><V88/><F130/><W20/><G20/><T7/><D7/><U11/><E22/><N who="2" m="11647" /><F37/><W76/><G82/><T63/><D14/><U74/><E74/><V94/><F79/><W4/><G76/><T66/><REACH who="0" step="1"/><D65/><REACH who="0" ten="210,330,230,220" step="2"/><U73/><E118/><V67/><F103/><W24/><G64/><T126/><D126/><U29/><E119/><V1/><F1/><W124/><G68/><AGARI ba="0,1" hai="52,55,60,67,68,84,88,94" m="11647,41513" machi="68" ten="30,11600,0" yaku="14,1,10,1,54,2" doraHai="134" who="2" fromWho="3" sc="210,0,330,0,230,126,220,-116" /><INIT seed="2,1,0,5,0,61" ten="210,330,356,104" oya="2" hai0="15,12,19,73,22,122,104,2,58,56,44,52,25" hai1="47,111,113,31,54,53,128,10,32,24,85,30,76" hai2="132,64,40,5,115,95,110,90,49,8,106,9,72" hai3="114,79,23,105,65,4,70,126,96,121,92,80,82"/><V134/><F115/><W63/><G121/><T26/><D104/><U75/><E113/><V78/><F106/><W135/><G135/><N who="2" m="51753" /><F110/><W99/><G126/><T21/><D2/><U112/><E112/><V35/><F35/><W102/><G114/><T59/><D73/><U27/><E75/><V46/><F64/><W67/><G4/><T7/><D122/><U101/><E111/><V118/><F118/><W29/><G79/><T60/><D7/><U62/><E128/><V74/><F78/><W28/><G67/><T36/><D36/><U103/><E10/><N who="2" m="4203" /><F5/><W48/><G48/><T107/><D107/><U45/><E103/><V127/><F127/><W98/><G28/><T38/><D38/><U13/><E101/><V83/><F83/><W130/><G130/><T33/><D33/><U55/><E13/><V129/><F129/><W109/><G109/><T16/><D60/><U119/><E62/><V50/><F50/><AGARI ba="1,0" hai="12,15,16,19,21,22,25,26,44,50,52,56,58,59" machi="50" ten="40,8000,1" yaku="9,1,8,1,54,2" doraHai="61" who="0" fromWho="2" sc="210,83,330,0,356,-83,104,0" /><INIT seed="3,0,0,3,5,23" ten="293,330,273,104" oya="3" hai0="104,51,108,134,41,112,74,111,53,82,20,129,68" hai1="58,61,93,21,32,114,70,107,0,62,89,123,120" hai2="109,79,127,110,124,3,92,22,14,55,8,63,121" hai3="105,6,131,60,116,11,43,85,27,31,36,103,45"/><W44/><G116/><T94/><D104/><U87/><E114/><V97/><F79/><W49/><G131/><T46/><D68/><U91/><E107/><V24/><F3/><W13/><G60/><T18/><D112/><U56/><E32/><V76/><F76/><W25/><G31/><T2/><D2/><U33/><E33/><V118/><F118/><W29/><G29/><T80/><D129/><U90/><E70/><V115/><F115/><W9/><G9/><T128/><D128/><U64/><E0/><V84/><F84/><W99/><REACH who="3" step="1"/><G85/><REACH who="3" ten="293,330,273,94" step="2"/><T130/><D130/><U132/><E120/><V5/><F121/><W48/><G48/><T125/><D74/><U102/><E123/><V12/><F8/><W57/><G57/><T35/><D35/><U75/><E75/><V119/><F119/><W88/><G88/><T47/><D108/><N who="2" m="41578" /><F127/><W39/><G39/><T65/><D111/><U113/><E113/><V30/><F124/><W100/><G100/><T101/><D125/><U1/><E102/><N who="2" m="60711" /><F5/><W37/><G37/><T96/><D134/><U135/><E90/><V15/><F63/><W98/><G98/><T16/><D18/><U73/><E89/><V50/><F50/><W133/><G133/><T86/><D86/><U106/><E73/><V67/><F67/><W126/><G126/><T10/><D65/><U28/><E132/><V17/><F30/><W42/><AGARI ba="0,1" hai="6,11,13,25,27,36,42,43,44,45,49,99,103,105" machi="42" ten="20,12000,1" yaku="1,1,0,1,7,1,52,2,53,0" doraHai="23" doraHaiUra="59" who="3" fromWho="3" sc="293,-40,330,-40,273,-40,94,130" /><INIT seed="3,1,0,3,3,2" ten="253,290,233,224" oya="3" hai0="44,11,8,101,41,62,16,21,126,50,77,84,75" hai1="133,125,54,85,32,124,90,60,53,22,3,116,119" hai2="20,111,115,103,114,113,121,19,48,6,135,72,12" hai3="14,57,34,36,82,80,5,100,42,93,128,37,86"/><W96/><G128/><T45/><D75/><U117/><E133/><V134/><F72/><W92/><G34/><T76/><D126/><N who="1" m="48747" /><E3/><V88/><F103/><W79/><G80/><T70/><D101/><U127/><N who="1" m="48755" /><U4/><DORA hai="106" /><E4/><V81/><F121/><W74/><G42/><T130/><D130/><U71/><E22/><V59/><F111/><W66/><G66/><T0/><D0/><U73/><E32/><V110/><F110/><W23/><G57/><T99/><D99/><U39/><E39/><V64/><F6/><W35/><G35/><T132/><D132/><N who="2" m="50730" /><F48/><W68/><G68/><T38/><D62/><U65/><E73/><V129/><F129/><W33/><G33/><T108/><D70/><U94/><AGARI ba="1,0" hai="53,54,60,65,71,85,90,94,116,117,119" m="48755" machi="94" ten="50,3200,0" yaku="12,1,18,1" doraHai="2,106" who="1" fromWho="1" sc="253,-9,290,35,233,-9,224,-17" owari="244,4.4,325,42.5,224,-17.6,207,-29.3" /></mjloggm>