<mjloggm ver="2.3"><GO type="225" lobby="0"/><UN n0="%E3%81%99%E3%81%84%E3%81%BE%E3%81%9B%E3%83%BC%E3%82%93" n1="%72%69%6F%75%63%68%61%6E" n2="%E3%81%AF%E3%82%88%E3%81%8A%E3%81%98%E3%81%95%E3%82%93" n3="%E4%B8%AD%E5%B9%B4%E3%81%AE%E5%8D%B1%E6%A9%9F" dan="16,17,16,16" rate="2121.96,2275.55,2206.98,2146.08" sx="M,M,M,M"/><TAIKYOKU oya="0"/><INIT seed="0,0,0,2,0,27" ten="250,250,250,250" oya="0" hai0="122,109,30,114,130,32,96,86,94,8,91,35,44" hai1="33,134,58,54,74,57,15,106,128,131,123,78,102" hai2="75,127,0,50,85,65,12,116,64,100,113,89,17" hai3="99,67,110,73,121,103,120,11,61,22,93,5,39"/><T95/><D114/><U6/><E123/><N who="3" m="47178" /><G39/><T77/><D122/><U125/><E125/><V107/><F113/><W10/><G73/><T76/><D130/><N who="1" m="49707" /><E134/><V82/><F0/><W23/><G110/><T20/><D109/><U112/><E112/><V87/><F75/><W53/><G53/><T1/><D44/><U36/><E36/><V59/><F127/><W60/><G60/><T14/><D1/><U84/><E74/><V126/><F126/><W34/><G34/><T45/><D45/><U21/><E33/><V2/><F2/><N who="3" m="311" /><G11/><T92/><D35/><U19/><E6/><V7/><F7/><W118/><G118/><T135/><D32/><U3/><E3/><V68/><F68/><AGARI ba="0,0" hai="22,23,61,67,68,93,99,103" m="311,47178" machi="68" ten="30,1000,0" yaku="13,1" doraHai="27" who="3" fromWho="2" sc="250,0,250,0,250,-10,250,10" /><INIT seed="1,0,0,1,5,97" ten="250,250,240,260" oya="1" hai0="46,105,88,83,87,70,20,50,34,67,98,75,9" hai1="116,3,134,45,133,40,51,84,115,107,111,21,23" hai2="135,42,93,126,124,117,79,28,65,122,103,128,66" hai3="123,90,54,0,80,2,25,39,60,44,58,10,110"/><U96/><E115/><V27/><F122/><W13/><G123/><T92/><D34/><U101/><E116/><V109/><F117/><W74/><G110/><T48/><D9/><U37/><E3/><V30/><F109/><W22/><G39/><T100/><D70/><U95/><E111/><V57/><F128/><W112/><G112/><T91/><D67/><U76/><E37/><V32/><F135/><N who="1" m="51721" /><E76/><V43/><F79/><W53/><G74/><T102/><D102/><N who="1" m="62919" /><E84/><V8/><F30/><W12/><G0/><T19/><D46/><U73/><E73/><V62/><F65/><W71/><G2/><T131/><D131/><U68/><E68/><V89/><F8/><W119/><G10/><T18/><D18/><U35/><E35/><V63/><F62/><W82/><G71/><T130/><D130/><U59/><E59/><V52/><F66/><W85/><G82/><T29/><D29/><U47/><E47/><V127/><REACH who="2" step="1"/><F103/><REACH who="2" ten="250,250,230,260" step="2"/><W129/><G129/><T106/><D100/><U15/><E101/><V113/><F113/><W38/><G119/><T94/><D75/><U72/><E72/><V36/><F36/><W7/><G38/><T118/><D118/><U64/><E64/><V56/><F56/><W14/><G44/><T108/><D108/><U24/><E21/><V33/><F33/><W77/><G77/><N who="0" m="46575" /><D106/><U11/><E23/><V6/><F6/><W26/><G7/><T114/><D114/><U99/><E11/><V1/><F1/><W81/><G22/><T121/><D121/><U31/><E45/><V41/><F41/><W5/><G58/><RYUUKYOKU ba="0,1" sc="250,-10,250,-10,230,30,260,-10" hai2="27,28,32,42,43,52,57,63,89,93,124,126,127" /><INIT seed="2,1,1,3,2,123" ten="240,240,260,250" oya="2" hai0="84,13,72,95,87,97,43,50,65,111,96,88,119" hai1="4,17,34,77,124,37,130,98,44,51,16,48,132" hai2="27,133,78,73,81,76,113,62,91,39,64,40,116" hai3="20,110,24,53,9,31,52,99,74,6,1,61,94"/><V12/><F116/><W47/><G74/><T107/><D111/><U85/><E124/><V0/><F113/><W33/><G110/><T7/><D72/><U80/><E130/><V23/><F0/><W5/><G5/><T46/><D119/><U129/><E129/><V89/><F133/><W117/><G117/><T106/><D65/><U101/><E34/><V38/><F76/><W135/><G135/><T114/><D114/><U54/><E132/><V28/><F12/><W32/><G53/><T59/><D59/><U35/><E35/><V93/><F40/><W66/><G47/><T30/><D30/><U108/><E108/><V75/><F73/><W86/><G86/><T120/><D120/><U131/><E131/><V2/><F2/><W21/><G21/><T18/><D7/><U128/><E128/><V125/><F125/><W122/><G52/><T112/><D112/><U55/><E37/><V67/><F67/><W56/><REACH who="3" step="1"/><G122/><REACH who="3" ten="240,240,260,240" step="2"/><T10/><REACH who="0" step="1"/><D87/><REACH who="0" ten="230,240,260,240" step="2"/><U14/><E4/><V57/><F75/><W115/><G115/><T126/><D126/><U100/><E17/><V109/><F109/><W92/><G92/><T42/><D42/><U22/><E98/><AGARI ba="1,3" hai="10,13,18,43,46,50,84,88,95,96,97,98,106,107" machi="98" ten="40,8000,1" yaku="1,1,54,1,53,2" doraHai="123" doraHaiUra="103" who="0" fromWho="1" sc="230,113,240,-83,260,0,240,0" /><INIT seed="3,0,0,4,0,132" ten="343,157,260,240" oya="3" hai0="84,98,13,80,115,107,126,56,87,14,6,29,39" hai1="68,97,71,9,53,62,75,133,124,91,123,73,85" hai2="59,37,129,89,93,118,90,78,108,11,64,25,55" hai3="66,23,47,130,57,116,51,82,94,128,34,60,36"/><W8/><G34/><T19/><D39/><U119/><E123/><V61/><F118/><W18/><G116/><T74/><D126/><U70/><E133/><V121/><F37/><W102/><G36/><T134/><D134/><U69/><N who="1" m="17408" /><DORA hai="86" /><U4/><E119/><V16/><F121/><W10/><G82/><T27/><D74/><U40/><E40/><V21/><F108/><W2/><G2/><T106/><D87/><U3/><E97/><V63/><F129/><W92/><G128/><T26/><D98/><U72/><E124/><V114/><F114/><W12/><G130/><T22/><D115/><U45/><E62/><V125/><F125/><W110/><G110/><T117/><D117/><U67/><E67/><V24/><F78/><W7/><G102/><T35/><D56/><U49/><REACH who="1" step="1"/><E72/><REACH who="1" ten="343,147,260,240" step="2"/><V88/><F61/><W81/><G81/><AGARI ba="0,1" hai="3,4,9,45,49,53,73,75,81,85,91" m="17408" machi="81" ten="70,8000,1" yaku="1,1,2,1,52,1,53,0" doraHai="132,86" doraHaiUra="96,17" who="1" fromWho="3" sc="343,0,147,90,260,0,240,-80" owari="343,44.3,237,-16.3,260,6.0,160,-34.0" /></mjloggm>