<mjloggm ver="2.3"><GO type="225" lobby="0"/><UN n0="%E3%83%A9%E3%83%96%E3%83%AC%E3%83%BC" n1="%E5%8D%A0%E3%81%84%E5%B8%AB%E8%A3%8F%E3%81%AA%E3%81%84%E3%81%97" n2="%63%68%78%62%64" n3="%E6%B4%BE%E9%81%A3%E3%81%AE%E3%82%B8%E3%83%A3%E3%83%83%E3%82%AF" dan="18,16,16,17" rate="2157.31,2137.56,2163.02,2215.75" sx="M,M,M,M"/><TAIKYOKU oya="0"/><INIT seed="0,0,0,1,3,123" ten="250,250,250,250" oya="0" hai0="66,58,43,62,102,75,36,111,129,73,131,41,77" hai1="15,28,26,29,65,91,115,5,11,98,60,94,24" hai2="44,86,112,125,119,132,56,90,100,13,47,64,130" hai3="40,72,8,48,51,83,67,16,2,117,46,9,53"/><T126/><D102/><U52/><E115/><V93/><F119/><W70/><G117/><T79/><D126/><U128/><E128/><N who="0" m="49225" /><D36/><U96/><E96/><V76/><F132/><W118/><G118/><T30/><D30/><N who="1" m="11883" /><E65/><V134/><F134/><W116/><G116/><T78/><D111/><U35/><E35/><V38/><F112/><W59/><G2/><T85/><D85/><U95/><E95/><V63/><F38/><W49/><G70/><T31/><D31/><U121/><E121/><V71/><F125/><W101/><G101/><T99/><D99/><U3/><E3/><V82/><F100/><W4/><G4/><T23/><D23/><U21/><E21/><V34/><F34/><W105/><G105/><T22/><D22/><U45/><E45/><V81/><F130/><W87/><G72/><AGARI ba="0,0" hai="41,43,58,62,66,72,73,75,77,78,79" m="49225" machi="72" ten="40,2000,0" yaku="19,1" doraHai="123" who="0" fromWho="3" sc="250,20,250,0,250,0,250,-20" /><INIT seed="0,1,0,4,5,74" ten="270,250,250,230" oya="0" hai0="36,25,52,82,45,67,96,0,46,105,41,127,18" hai1="5,20,50,33,129,65,31,75,71,6,85,97,26" hai2="102,61,55,3,54,51,69,58,63,72,120,76,73" hai3="68,84,53,81,83,35,13,22,132,80,57,21,106"/><T28/><D0/><U29/><E75/><V101/><F3/><W94/><G35/><T42/><D67/><U116/><E116/><V128/><F73/><W119/><G106/><T126/><D18/><U114/><E129/><V87/><F72/><W34/><G34/><T14/><D14/><U92/><E114/><V62/><F128/><W90/><G68/><T118/><D118/><U112/><E112/><V89/><F120/><W103/><G132/><T100/><D82/><U39/><E39/><V17/><F69/><W10/><G103/><N who="2" m="39433" /><F76/><W1/><G1/><T43/><D43/><U110/><E110/><V115/><F17/><W79/><G119/><T24/><D24/><U15/><E31/><V108/><F108/><W40/><G40/><T86/><D86/><U131/><E85/><V47/><F115/><W38/><G38/><N who="0" m="21687" /><D52/><U135/><E131/><V2/><F2/><W12/><G79/><T104/><D105/><U88/><E135/><V78/><F78/><W66/><G66/><T134/><D134/><U56/><E71/><V60/><F60/><N who="3" m="35887" /><G12/><T130/><D130/><U16/><REACH who="1" step="1"/><E50/><REACH who="1" ten="270,240,250,230" step="2"/><V27/><F51/><W122/><G122/><T11/><D36/><U70/><E70/><V4/><F87/><W111/><G111/><T19/><D28/><U107/><E107/><V117/><F117/><W49/><G49/><T48/><D25/><U123/><E123/><V64/><F27/><W95/><G95/><T77/><D77/><U93/><E93/><V125/><F47/><W8/><G13/><T91/><D91/><U113/><E113/><V109/><F89/><RYUUKYOKU ba="1,1" sc="270,10,240,10,250,-30,230,10" hai0="11,19,42,46,48,96,100,104,126,127" hai1="5,6,15,16,20,26,29,33,56,65,88,92,97" hai3="8,10,21,22,80,81,83,84,90,94" /><INIT seed="0,2,1,3,1,53" ten="280,250,220,240" oya="0" hai0="63,84,47,80,104,107,125,59,18,13,72,88,115" hai1="130,97,55,96,22,120,116,38,33,62,99,31,58" hai2="25,114,100,121,23,5,35,70,117,127,83,92,123" hai3="12,39,41,4,94,81,106,76,20,51,111,24,122"/><T69/><D69/><U67/><E116/><V21/><F114/><W103/><G106/><T61/><D115/><U10/><E120/><V37/><F70/><W52/><G122/><T66/><D63/><U17/><E38/><V28/><F37/><W93/><G111/><T36/><D72/><U128/><E10/><V77/><F117/><W26/><G39/><T135/><D125/><U86/><E31/><V34/><F127/><W75/><G41/><T1/><D1/><U49/><E86/><V74/><F5/><W15/><G103/><T82/><D82/><U2/><E33/><V9/><F9/><W113/><G113/><T131/><D131/><U112/><E2/><V91/><F100/><W19/><G24/><T126/><D126/><U133/><E133/><V85/><F35/><W16/><G4/><T78/><D78/><U57/><REACH who="1" step="1"/><E112/><REACH who="1" ten="280,240,220,240" step="2"/><V43/><F121/><W90/><G75/><T65/><D135/><U105/><E105/><V109/><F123/><W102/><G19/><T8/><D107/><U48/><E48/><V71/><F109/><W6/><G6/><T73/><D104/><U11/><E11/><V60/><REACH who="2" step="1"/><F43/><REACH who="2" ten="280,240,210,240" step="2"/><W110/><G110/><T27/><D36/><U0/><E0/><V89/><F89/><W50/><G90/><T54/><D88/><U7/><E7/><V129/><F129/><W14/><G102/><T98/><D8/><U134/><E134/><V30/><F30/><W42/><G42/><T101/><D101/><U118/><E118/><V132/><F132/><W44/><G50/><T79/><D18/><U40/><E40/><RYUUKYOKU ba="2,3" sc="280,-30,240,10,210,10,240,10" hai1="17,22,49,55,57,58,62,67,96,97,99,128,130" hai2="21,23,25,28,34,60,71,74,77,83,85,91,92" hai3="12,14,15,16,20,26,44,51,52,76,81,93,94" /><INIT seed="1,3,3,1,4,38" ten="250,250,220,250" oya="1" hai0="101,49,130,51,104,107,92,90,55,98,71,21,65" hai1="127,57,28,37,132,102,110,133,41,80,85,33,1" hai2="22,120,91,105,56,34,112,8,99,58,43,134,19" hai3="10,83,113,135,106,31,27,2,121,25,119,87,124"/><U6/><E127/><V108/><F120/><W115/><G106/><T79/><D79/><U46/><E102/><V89/><F34/><W122/><G87/><T72/><D72/><U12/><E1/><V117/><F117/><W0/><G83/><T88/><D107/><U42/><E110/><V116/><F116/><W81/><G81/><T84/><D130/><U64/><E28/><V53/><F108/><W111/><G119/><T131/><D131/><U97/><E33/><V100/><F134/><N who="1" m="51817" /><E97/><V125/><F8/><W96/><G96/><T4/><D4/><U93/><E93/><V17/><F125/><W61/><G61/><T95/><D21/><U32/><E32/><V3/><F3/><W103/><G103/><T36/><D36/><U20/><E46/><V44/><F112/><W78/><G135/><T50/><D71/><U29/><E37/><V45/><F45/><W14/><G124/><T30/><D30/><U66/><E6/><V59/><F53/><W114/><G111/><T23/><D23/><U76/><E57/><V70/><F70/><W15/><G114/><T26/><D65/><N who="1" m="25195" /><E12/><V18/><REACH who="2" step="1"/><F22/><REACH who="2" ten="250,250,210,250" step="2"/><W73/><G0/><T82/><D55/><U54/><E54/><V86/><F86/><W39/><G2/><T62/><D98/><U5/><E5/><V75/><F75/><W40/><G73/><T94/><D101/><U7/><E7/><V24/><F24/><AGARI ba="3,4" hai="20,24,29,41,42,76,80,85" m="25195,51817" machi="24" ten="30,5800,0" yaku="20,1,52,2" doraHai="38" who="1" fromWho="2" sc="250,0,250,107,210,-67,250,0" /><INIT seed="1,4,0,2,3,81" ten="250,357,143,250" oya="1" hai0="87,114,19,0,63,120,91,82,50,78,90,57,52" hai1="58,51,74,103,129,127,6,72,119,94,35,84,71" hai2="53,106,135,107,33,16,12,14,43,100,41,32,29" hai3="99,85,55,26,88,101,104,115,22,130,92,83,60"/><U118/><E71/><V45/><F135/><W1/><G130/><T67/><D114/><U3/><E35/><V23/><F53/><W37/><G115/><T121/><D0/><U25/><E129/><V62/><F62/><W70/><G37/><T95/><D19/><U59/><E127/><V133/><F133/><W134/><G134/><T69/><REACH who="0" step="1"/><D91/><REACH who="0" ten="240,357,143,250" step="2"/><U122/><E3/><V96/><F29/><W40/><G1/><T75/><AGARI ba="4,1" hai="50,52,57,63,67,69,75,78,82,87,90,95,120,121" machi="75" ten="30,8000,1" yaku="1,1,2,1,0,1,52,1,54,1,53,0" doraHai="81" doraHaiUra="68" who="0" fromWho="0" sc="240,102,357,-44,143,-24,250,-24" /><INIT seed="2,0,0,0,4,79" ten="342,313,119,226" oya="2" hai0="67,77,30,47,121,55,51,62,94,90,70,17,91" hai1="71,53,2,39,69,111,81,43,19,78,45,101,4" hai2="1,75,135,115,113,20,23,46,26,102,7,86,28" hai3="76,85,103,63,9,48,18,105,56,129,120,60,123"/><V29/><F75/><W68/><G129/><T66/><D121/><U117/><E19/><V109/><F102/><W50/><G103/><T64/><D30/><U96/><E53/><V42/><F86/><W133/><G105/><T72/><D91/><U14/><E14/><V132/><F46/><W97/><G97/><T87/><D77/><U110/><E117/><V65/><F65/><W38/><G38/><T35/><D35/><U15/><E15/><V122/><F42/><W57/><G68/><T21/><D72/><N who="1" m="43207" /><E111/><V10/><F109/><W33/><G133/><N who="2" m="51273" /><F122/><W0/><G33/><T74/><D74/><U130/><E130/><V13/><F1/><W11/><G0/><T106/><D106/><N who="1" m="63783" /><E110/><V125/><F125/><W126/><G126/><T44/><D44/><U80/><E80/><V112/><F28/><W54/><G18/><T32/><D32/><AGARI ba="0,0" hai="7,10,13,20,23,26,29,32,112,113,115" m="51273" machi="32" ten="40,7700,0" yaku="20,1,34,2" doraHai="79" who="2" fromWho="0" sc="342,-77,313,0,119,77,226,0" /><INIT seed="2,1,0,2,2,34" ten="265,313,196,226" oya="2" hai0="126,81,93,109,51,41,80,19,108,14,23,124,119" hai1="84,46,17,88,48,47,86,99,112,113,57,26,27" hai2="56,74,28,134,50,79,125,106,38,77,10,71,111" hai3="59,103,58,15,21,98,127,61,16,67,24,128,40"/><V62/><F106/><W43/><G127/><N who="0" m="48683" /><D119/><U6/><E6/><V123/><F125/><W55/><G128/><T122/><D122/><U32/><E32/><V130/><F123/><W102/><G24/><T114/><D114/><U60/><E113/><V89/><F38/><W45/><G45/><N who="0" m="26031" /><D93/><N who="1" m="56743" /><E47/><V117/><F117/><W20/><G20/><T3/><D3/><U97/><E97/><V65/><F134/><W7/><G7/><T90/><D90/><U129/><E129/><V63/><F130/><W44/><G44/><T39/><D39/><U100/><E100/><N who="3" m="38442" /><G98/><T9/><D23/><N who="1" m="13679" /><E27/><V107/><F107/><W131/><G131/><T76/><D81/><U25/><E25/><V2/><F111/><W18/><G18/><T121/><D121/><U68/><E68/><V85/><F74/><AGARI ba="1,0" hai="9,14,19,74,76,80,108,109" m="26031,48683" machi="74" ten="30,1000,0" yaku="18,1" doraHai="34" who="0" fromWho="2" sc="265,13,313,0,196,-13,226,0" /><INIT seed="3,0,0,5,4,127" ten="278,313,183,226" oya="3" hai0="9,62,33,11,20,124,112,120,39,48,10,108,26" hai1="75,74,86,56,58,4,104,37,71,80,93,126,99" hai2="88,19,111,0,15,51,23,125,117,76,52,97,91" hai3="130,106,95,43,66,85,69,109,63,92,77,115,65"/><W40/><G115/><T101/><D39/><U83/><E71/><V34/><F117/><W103/><G106/><T100/><D120/><U132/><E37/><V107/><F34/><W55/><G55/><T8/><D124/><U60/><E126/><V131/><F0/><W57/><G69/><T29/><D112/><U123/><E123/><V38/><F125/><W16/><G16/><T32/><D108/><U68/><E68/><V35/><F35/><W114/><G114/><T59/><D33/><U94/><E132/><V82/><F38/><W121/><G121/><T135/><D135/><U81/><E4/><V96/><F111/><W14/><G14/><T67/><D32/><U61/><E81/><V118/><F118/><W27/><G27/><T3/><D48/><U7/><E7/><V134/><F134/><W102/><G85/><T45/><D45/><U54/><E86/><N who="2" m="48455" /><F131/><W87/><G87/><T49/><D49/><U122/><E122/><V2/><F2/><W47/><G130/><T44/><D44/><U25/><E75/><V128/><F128/><W78/><G47/><T73/><D73/><U90/><E74/><V129/><F129/><W17/><G109/><T84/><D84/><N who="1" m="52423" /><E104/><V24/><F107/><W105/><G105/><T41/><D41/><U79/><E79/><V110/><F110/><W6/><G77/><T5/><D3/><U119/><E119/><V31/><F31/><W18/><G43/><T64/><D64/><N who="1" m="38919" /><E25/><V72/><F72/><W28/><G28/><T46/><D46/><U42/><E42/><V12/><F24/><W116/><G116/><RYUUKYOKU ba="0,0" sc="278,15,313,15,183,-15,226,-15" hai0="5,8,9,10,11,20,26,29,59,62,67,100,101" hai1="54,58,61,80,83,94,99" owari="293,9.3,328,42.8,168,-33.2,211,-18.9" /></mjloggm>