<mjloggm ver="2.3"><GO type="225" lobby="0"/><UN n0="%E4%B8%AD%E5%B9%B4%E3%81%AE%E5%8D%B1%E6%A9%9F" n1="%E3%82%BC%E3%83%AB%E3%83%80%E3%81%AE%E4%BC%9D%E8%AA%AC" n2="%E3%81%AA%E3%81%A1%30%39%32%37" n3="%E3%83%94%E3%82%B3%E3%83%9E%E3%82%B9%E3%83%86%E3%82%A3%E3%83%95" dan="17,17,16,17" rate="2180.45,2245.77,2079.91,2203.75" sx="M,M,M,M"/><TAIKYOKU oya="0"/><INIT seed="0,0,0,1,5,57" ten="250,250,250,250" oya="0" hai0="7,116,37,11,105,92,4,86,0,51,128,59,22" hai1="74,25,46,28,102,18,48,65,131,67,123,129,47" hai2="2,68,87,132,103,55,39,35,26,85,3,94,135" hai3="114,93,41,30,76,15,83,14,40,69,64,90,60"/><T8/><D105/><U70/><E123/><V122/><F122/><W56/><G114/><T10/><D37/><U9/><E74/><V29/><F39/><W101/><G101/><T61/><D116/><U82/><E102/><V19/><F68/><W98/><G30/><T119/><D119/><U62/><E82/><V120/><F120/><W95/><G95/><T106/><D106/><U109/><E109/><V12/><F55/><W81/><G69/><T75/><D75/><U99/><E99/><N who="2" m="59895" /><F87/><W36/><G83/><T127/><D127/><U126/><E67/><V45/><F45/><W80/><G80/><T34/><D34/><N who="1" m="20751" /><E126/><V118/><F85/><N who="3" m="48295" /><G36/><T110/><D110/><U63/><E48/><V88/><F88/><W23/><G23/><T16/><D51/><U43/><E43/><AGARI ba="0,0" hai="14,15,40,41,43,56,60,64,90,93,98" m="48295" machi="43" ten="30,2000,0" yaku="8,1,52,1" doraHai="57" who="3" fromWho="1" sc="250,0,250,-20,250,0,250,20" /><INIT seed="1,0,0,4,3,11" ten="250,230,250,270" oya="1" hai0="0,37,63,65,120,70,123,105,56,36,51,26,77" hai1="83,67,62,106,52,91,119,7,6,131,124,10,133" hai2="21,82,30,132,122,113,66,114,57,2,47,128,126" hai3="135,58,117,84,96,9,16,134,109,50,86,72,18"/><U23/><E119/><V39/><F2/><W116/><G72/><T29/><D0/><U59/><E106/><V32/><F122/><N who="0" m="46634" /><D77/><U48/><E124/><V98/><F126/><W14/><G109/><T99/><D56/><U76/><E133/><N who="3" m="50698" /><G96/><T90/><D51/><U121/><E121/><V31/><F128/><W94/><G18/><T110/><D90/><U71/><E131/><V3/><F32/><W60/><G50/><T19/><D19/><U54/><E91/><V1/><F98/><W104/><G104/><T68/><D68/><U13/><E54/><V103/><F66/><N who="3" m="39191" /><G94/><T53/><D53/><U25/><E25/><V80/><F39/><W115/><G115/><T17/><D17/><U89/><E89/><V5/><F103/><W34/><G34/><N who="0" m="20791" /><D110/><U15/><E23/><V111/><F111/><W42/><G42/><T125/><D125/><U33/><E33/><V46/><F21/><W100/><G100/><AGARI ba="0,0" hai="36,37,63,65,70,99,100,105" m="20791,46634" machi="100" ten="30,3900,0" yaku="25,1,13,1,23,1" doraHai="11" who="0" fromWho="3" sc="250,39,230,0,250,0,270,-39" /><INIT seed="2,0,0,0,0,6" ten="289,230,250,231" oya="2" hai0="100,47,80,55,54,41,74,35,126,65,33,123,113" hai1="34,43,67,64,45,28,21,77,22,39,90,83,68" hai2="92,20,26,66,105,120,57,56,0,81,11,129,127" hai3="104,19,3,50,30,40,112,84,69,29,110,130,91"/><V53/><F105/><W94/><G69/><T131/><D113/><U48/><E90/><V89/><F120/><W8/><G104/><T134/><D123/><U96/><E96/><V27/><F129/><W37/><G37/><T101/><D65/><U12/><E39/><V97/><F127/><W115/><G130/><T24/><D131/><U102/><E102/><V132/><F132/><W17/><G110/><T38/><D101/><U18/><E34/><V121/><F121/><W76/><G76/><N who="0" m="44055" /><D100/><U73/><REACH who="1" step="1"/><E68/><REACH who="1" ten="289,220,250,231" step="2"/><V16/><F97/><W82/><G115/><T109/><D33/><U46/><E46/><V71/><F71/><W61/><G112/><T23/><D35/><U116/><E116/><V78/><F89/><W79/><G79/><T51/><D38/><U44/><E44/><V1/><F78/><W42/><G82/><T15/><D109/><U75/><E75/><V70/><F70/><W5/><G91/><T31/><D134/><U135/><E135/><V95/><F81/><W125/><G84/><T7/><D126/><U128/><E128/><V133/><F133/><W72/><G125/><T99/><D99/><U119/><E119/><V13/><F95/><W87/><G72/><T36/><D36/><U63/><E63/><V108/><F92/><W59/><G94/><T52/><D41/><N who="3" m="15977" /><G87/><T2/><D51/><U60/><E60/><N who="2" m="38159" /><F108/><W106/><G106/><T49/><D47/><U32/><E32/><V114/><F114/><W117/><G117/><T122/><D122/><U10/><E10/><V86/><F86/><W25/><G61/><T88/><D88/><RYUUKYOKU ba="0,1" sc="289,-10,220,30,250,-10,231,-10" hai1="12,18,21,22,28,43,45,48,64,67,73,77,83" /><INIT seed="3,1,1,0,2,129" ten="279,250,240,221" oya="3" hai0="73,64,9,104,66,123,100,98,52,78,77,42,29" hai1="65,50,47,133,86,83,111,72,32,132,4,56,120" hai2="135,127,21,101,89,55,80,2,51,107,54,27,40" hai3="79,8,3,88,76,108,23,115,59,102,90,116,17"/><W6/><G115/><T96/><D123/><U67/><E120/><V15/><F2/><W112/><G112/><T92/><D42/><U75/><E111/><V26/><F107/><W71/><G71/><T113/><D113/><U58/><E32/><V68/><F68/><W70/><G70/><T63/><D29/><U0/><E4/><V94/><F127/><W128/><G116/><T41/><D41/><U18/><E18/><V131/><F131/><W45/><G128/><T20/><D20/><U7/><E7/><V44/><F135/><N who="1" m="51785" /><E0/><V53/><F80/><W43/><G102/><T10/><D73/><N who="1" m="28235" /><E67/><V106/><F101/><W119/><G119/><T62/><D66/><U31/><E31/><V14/><F106/><W125/><G125/><T118/><D118/><U12/><E12/><V11/><F11/><W117/><G117/><T95/><D104/><U1/><E65/><V93/><F27/><W5/><G108/><T134/><D64/><U57/><E1/><V114/><F94/><W28/><G5/><T30/><D30/><U74/><N who="1" m="28243" /><U99/><DORA hai="69" /><E99/><N who="2" m="57775" /><F114/><W39/><G28/><AGARI ba="1,1" hai="14,15,21,26,28,40,44,51,53,54,55" m="57775" machi="28" ten="30,1000,0" yaku="8,1" doraHai="129,69" who="2" fromWho="3" sc="279,0,250,0,240,23,221,-13" /><INIT seed="4,0,0,3,2,46" ten="279,250,263,208" oya="0" hai0="101,64,88,71,36,8,120,83,52,19,104,31,105" hai1="39,81,110,3,14,25,0,57,48,56,92,127,132" hai2="106,116,94,40,86,5,90,15,69,82,115,66,1" hai3="75,44,32,33,41,29,128,108,2,133,125,61,85"/><T50/><D36/><U38/><E110/><V100/><F115/><W96/><G108/><T54/><D120/><U7/><E92/><V78/><F116/><W28/><G75/><T103/><D105/><U84/><E127/><V51/><F69/><W45/><G2/><T87/><D104/><U131/><E132/><V67/><F1/><W72/><G72/><T12/><D54/><U95/><E95/><V93/><F106/><W34/><G133/><T24/><D64/><N who="2" m="24618" /><F90/><W102/><G61/><T97/><D97/><U112/><E131/><V135/><F135/><W27/><G125/><T113/><D71/><U76/><E112/><V10/><F100/><W119/><G119/><T6/><D6/><U114/><E114/><V98/><F98/><W16/><G128/><T80/><D80/><U122/><E122/><V77/><F77/><W37/><G85/><T126/><D126/><U129/><E129/><V17/><F17/><W89/><G89/><T30/><D113/><U63/><E0/><V70/><F70/><W55/><G102/><N who="0" m="38923" /><D24/><U62/><E25/><V79/><F79/><W35/><N who="3" m="8192" /><DORA hai="4" /><W117/><G96/><T23/><D23/><U65/><E3/><V11/><F11/><W73/><G73/><T68/><D68/><U107/><E107/><V53/><F40/><W134/><G117/><T59/><AGARI ba="0,0" hai="8,12,19,30,31,50,52,59,83,87,88" m="38923" machi="59" ten="30,12000,1" yaku="8,1,52,2,54,2" doraHai="46,4" who="0" fromWho="0" sc="279,120,250,-40,263,-40,208,-40" owari="399,49.9,210,-19.0,223,2.3,168,-33.2" /></mjloggm>