<mjloggm ver="2.3"><GO type="225" lobby="0"/><UN n0="%65%6B%61%72%75%74%65" n1="%6D%75%75%6D%75%72%61" n2="%4B%2E%32%2E%4B%2E" n3="%6A%79%75%6E%6F%68" dan="16,16,16,16" rate="2090.74,2216.56,2088.82,2132.98" sx="M,F,M,M"/><TAIKYOKU oya="0"/><INIT seed="0,0,0,3,4,10" ten="250,250,250,250" oya="0" hai0="43,44,16,51,119,81,62,12,46,8,25,118,4" hai1="42,113,116,96,20,64,126,128,60,48,135,123,18" hai2="87,114,56,33,63,84,104,69,23,71,89,78,94" hai3="21,115,98,24,3,15,74,14,130,1,91,67,41"/><T68/><D81/><U36/><E116/><V28/><F114/><W133/><G74/><T76/><D76/><U31/><E123/><V121/><F121/><W37/><G67/><T131/><D131/><U79/><E128/><V80/><F33/><W110/><G130/><T97/><D97/><U38/><E113/><V2/><F2/><N who="3" m="523" /><G91/><T59/><D68/><U82/><E126/><V73/><F104/><W35/><G41/><T50/><D25/><U45/><E135/><V19/><F28/><N who="3" m="19847" /><G37/><T106/><D4/><U88/><E31/><V112/><F73/><W105/><G98/><T86/><D86/><U52/><E42/><V102/><F102/><W95/><G95/><T129/><D106/><U92/><E82/><V134/><F134/><W6/><G105/><T61/><D129/><U7/><E7/><V77/><F77/><W5/><G133/><T29/><D29/><U39/><E79/><V65/><REACH who="2" step="1"/><F112/><REACH who="2" ten="250,250,240,250" step="2"/><W93/><G115/><T13/><D119/><U49/><E49/><V75/><F75/><W22/><G110/><T90/><D118/><U101/><E101/><V85/><F85/><W30/><G30/><T11/><D90/><U132/><E132/><V99/><F99/><W122/><G122/><T108/><D108/><U0/><E0/><V9/><F9/><N who="3" m="4399" /><G93/><T53/><D46/><U40/><E38/><V54/><F54/><W109/><G109/><T17/><AGARI ba="0,1" hai="8,11,12,13,16,17,43,44,50,51,53,59,61,62" machi="17" ten="20,18000,2" yaku="0,1,7,1,9,1,8,1,52,2,54,1" doraHai="10" who="0" fromWho="0" sc="250,190,250,-60,240,-60,250,-60" /><INIT seed="0,1,0,5,4,101" ten="440,190,180,190" oya="0" hai0="88,124,54,13,99,49,65,116,109,135,68,105,103" hai1="23,110,97,98,114,30,85,51,78,96,57,6,7" hai2="40,27,59,58,106,43,93,80,128,28,48,44,91" hai3="73,119,131,16,69,21,87,45,134,1,94,8,77"/><T79/><D116/><U32/><E110/><V112/><F112/><W75/><G69/><T46/><D109/><U2/><E114/><V26/><F128/><W47/><G119/><T29/><D124/><U74/><E32/><V61/><F106/><W52/><G131/><T15/><D135/><U53/><E74/><V126/><F126/><W92/><G134/><T108/><D108/><U71/><E71/><V35/><F80/><N who="3" m="47503" /><G1/><T55/><D79/><U129/><E129/><V22/><F40/><W18/><G75/><T0/><D0/><U130/><E130/><V9/><F9/><W36/><G36/><T90/><D54/><U64/><E64/><V72/><F61/><W115/><G73/><T82/><D29/><U31/><E2/><V63/><F63/><W50/><G115/><T81/><D82/><N who="1" m="47319" /><E31/><V25/><F72/><W70/><G70/><T122/><D81/><U12/><E12/><V3/><F3/><W83/><G83/><T11/><D15/><U24/><AGARI ba="1,0" hai="6,7,23,24,30,51,53,57,96,97,98" m="47319" machi="24" ten="30,1100,0" yaku="8,1" doraHai="101" who="1" fromWho="1" sc="440,-6,190,14,180,-4,190,-4" /><INIT seed="1,0,0,3,3,36" ten="434,204,176,186" oya="1" hai0="109,120,38,124,30,19,89,55,131,60,119,100,113" hai1="24,97,75,12,49,108,114,111,117,34,135,76,18" hai2="132,101,42,87,22,32,46,65,3,133,98,115,40" hai3="66,110,106,15,105,80,7,54,125,99,4,20,85"/><U48/><E114/><V74/><F74/><W5/><G110/><N who="1" m="42026" /><E117/><V0/><F32/><W77/><G125/><T118/><D38/><U79/><E135/><N who="2" m="51787" /><F115/><W41/><G66/><T129/><D30/><N who="1" m="19783" /><E97/><V94/><F65/><W104/><G54/><T73/><D113/><U130/><E130/><V14/><F87/><W92/><G20/><T59/><D109/><U11/><E75/><V96/><F96/><W1/><G1/><N who="2" m="585" /><F46/><W28/><G28/><T43/><D73/><U103/><E103/><V112/><F112/><W8/><REACH who="3" step="1"/><G41/><REACH who="3" ten="434,204,176,176" step="2"/><N who="2" m="15977" /><F14/><W37/><G37/><T56/><D119/><U16/><E18/><V102/><F22/><W25/><G25/><T44/><D118/><U67/><E67/><V95/><F102/><AGARI ba="0,1" hai="4,5,7,8,15,77,80,85,92,99,102,104,105,106" machi="102" ten="40,1300,0" yaku="1,1,53,0" doraHai="36" doraHaiUra="58" who="3" fromWho="2" sc="434,0,204,0,176,-13,176,23" /><INIT seed="2,0,0,5,0,108" ten="434,204,163,199" oya="2" hai0="122,80,4,95,118,51,65,28,125,98,13,52,36" hai1="107,67,75,132,85,86,8,2,97,81,60,37,30" hai2="110,133,0,127,49,24,22,10,38,83,117,130,134" hai3="114,100,72,14,61,25,70,74,40,19,20,33,41"/><V16/><F38/><W69/><G100/><T35/><D122/><U92/><E37/><V88/><F117/><W123/><G123/><T46/><D125/><U87/><E107/><V106/><F127/><W135/><G135/><N who="2" m="51721" /><F110/><W91/><G91/><T112/><D65/><U29/><E132/><V47/><F130/><W68/><G61/><T34/><D28/><N who="1" m="10859" /><E75/><V119/><F106/><W84/><G84/><N who="1" m="32362" /><E2/><V26/><F119/><W131/><G131/><T18/><D52/><U124/><E124/><V43/><F83/><W21/><G33/><T7/><D51/><U101/><E8/><V45/><F88/><W115/><G72/><T62/><D13/><U128/><E128/><V32/><F47/><W120/><G74/><T50/><D46/><U1/><E1/><V27/><F32/><W5/><G120/><T31/><D36/><U90/><E67/><V9/><F0/><W64/><G64/><T126/><D80/><U102/><E60/><V78/><F78/><AGARI ba="0,0" hai="78,81,87,90,92,97,101,102" m="32362,10859" machi="78" ten="30,1000,0" yaku="8,1" doraHai="108" who="1" fromWho="2" sc="434,0,204,10,163,-10,199,0" /><INIT seed="3,0,0,1,4,123" ten="434,214,153,199" oya="3" hai0="31,88,78,94,32,103,42,22,109,52,20,127,26" hai1="41,65,134,46,87,130,108,114,133,61,17,104,116" hai2="1,129,115,34,84,56,92,89,18,67,98,68,118" hai3="6,16,86,105,40,59,81,35,62,111,69,75,27"/><W97/><G111/><T125/><D109/><U121/><E121/><V19/><F68/><W58/><G75/><T63/><D103/><U3/><E114/><V128/><F34/><W15/><G40/><T66/><D78/><U77/><E108/><V45/><F118/><W13/><G6/><T2/><D52/><U71/><E104/><V107/><F1/><W126/><G126/><N who="0" m="48139" /><D2/><U9/><E130/><V93/><F107/><W33/><G69/><N who="0" m="42207" /><D42/><U80/><E116/><V10/><F115/><W0/><G0/><T53/><D53/><U82/><E82/><V131/><F10/><W70/><G13/><T7/><D7/><U135/><E3/><V124/><F124/><W102/><G70/><T47/><D47/><U50/><E17/><V44/><F67/><W21/><G15/><T43/><D43/><U55/><E41/><V100/><REACH who="2" step="1"/><F56/><REACH who="2" ten="434,214,143,199" step="2"/><W83/><G58/><T90/><D90/><U119/><E119/><V14/><F14/><W64/><G83/><T29/><D29/><U112/><E112/><V106/><F106/><W23/><G23/><T38/><D38/><U79/><E9/><V122/><F122/><W49/><G49/><T110/><D110/><U101/><E71/><V74/><F74/><W72/><G72/><T25/><D25/><U30/><E65/><V8/><F8/><W60/><G60/><T99/><AGARI ba="0,1" hai="20,22,26,31,32,88,94,99" m="42207,48139" machi="99" ten="30,2000,0" yaku="18,1,54,1" doraHai="123" who="0" fromWho="0" sc="434,30,214,-5,143,-5,199,-10" owari="464,56.4,209,0.9,138,-36.2,189,-21.1" /></mjloggm>