<mjloggm ver="2.3"><GO type="225" lobby="0"/><UN n0="%E7%BD%AA%E5%88%91%E6%B3%95%E5%AE%9A%E4%B8%BB%E7%BE%A9" n1="%E3%81%AA%E3%81%A1%30%39%32%37" n2="%E3%81%BF%E3%82%84%E3%81%93%E3%82%93%EF%BC%91%EF%BC%90%E6%AD%B3" n3="%6D%75%75%6D%75%72%61" dan="16,16,16,17" rate="2197.73,2105.28,2045.56,2178.19" sx="M,M,M,F"/><TAIKYOKU oya="0"/><INIT seed="0,0,0,4,4,132" ten="250,250,250,250" oya="0" hai0="68,91,45,101,23,47,40,115,52,109,12,130,88" hai1="36,108,102,82,131,124,60,104,54,63,49,113,76" hai2="93,64,14,128,77,97,34,87,114,90,62,53,48" hai3="56,51,10,26,13,29,7,27,61,31,1,112,6"/><T123/><D115/><U89/><E113/><V18/><F34/><N who="3" m="20791" /><G51/><N who="0" m="27047" /><D68/><U25/><E131/><V38/><F128/><W65/><G56/><T69/><D69/><U35/><E124/><V58/><F38/><W57/><G57/><T127/><D123/><U129/><E129/><V99/><F77/><W110/><G61/><T83/><D130/><U3/><E108/><V32/><F32/><N who="3" m="20607" /><G65/><T71/><D127/><U125/><E3/><V2/><F2/><W41/><G41/><T135/><D71/><U100/><E35/><V107/><F107/><W85/><G110/><T133/><D101/><U4/><E36/><V84/><F84/><W19/><G112/><T44/><D109/><U8/><E25/><V55/><F55/><W22/><G85/><N who="0" m="50239" /><D91/><U92/><E125/><V105/><F105/><W50/><G50/><N who="0" m="28743" /><D47/><U24/><E102/><V73/><F73/><W21/><G6/><T126/><D126/><U16/><E100/><V96/><F114/><W75/><G75/><T121/><D121/><U33/><E104/><V28/><F64/><W42/><G42/><T11/><D23/><AGARI ba="0,0" hai="1,7,10,13,19,21,22,23" m="20607,20791" machi="23" ten="30,12000,2" yaku="24,1,35,5" doraHai="132" who="3" fromWho="0" sc="250,-120,250,0,250,0,250,120" /><INIT seed="1,0,0,0,2,105" ten="130,250,250,370" oya="1" hai0="61,69,124,39,8,15,14,60,78,80,84,118,108" hai1="120,34,43,132,7,36,53,95,47,125,126,130,93" hai2="97,6,81,133,4,29,12,103,123,99,28,119,22" hai3="50,1,122,121,20,102,112,72,71,127,30,79,55"/><U94/><E120/><V131/><F119/><W77/><G1/><T42/><D118/><U49/><E34/><V58/><F123/><W38/><G38/><T74/><D108/><U51/><E130/><V73/><F131/><W129/><G129/><T11/><D124/><U52/><E132/><V21/><F133/><W87/><G127/><N who="1" m="48650" /><E7/><V98/><F103/><W66/><G112/><T92/><D69/><U116/><E116/><V0/><F0/><W3/><G3/><T44/><D84/><U76/><E76/><V41/><F41/><W67/><G102/><T104/><D104/><U88/><E36/><V13/><F58/><W35/><G35/><T89/><D14/><N who="2" m="5738" /><F81/><W19/><G71/><T111/><D111/><U128/><E128/><V134/><F73/><W48/><G72/><T25/><D25/><U90/><E43/><V109/><F134/><W40/><G79/><T16/><REACH who="0" step="1"/><D11/><REACH who="0" ten="120,250,250,370" step="2"/><U85/><E85/><V10/><F10/><W115/><G87/><T110/><D110/><U63/><E63/><V113/><F109/><W75/><G115/><T64/><D64/><U83/><E83/><V54/><F113/><W33/><G67/><T65/><D65/><U46/><AGARI ba="0,1" hai="46,47,49,51,52,53,88,90,93,94,95" m="48650" machi="46" ten="30,6000,0" yaku="18,1,54,2" doraHai="105" who="1" fromWho="1" sc="120,-20,250,70,250,-20,370,-20" /><INIT seed="1,1,0,4,0,34" ten="100,320,230,350" oya="1" hai0="76,92,62,130,135,128,73,87,22,35,52,8,113" hai1="40,133,122,48,121,44,79,61,103,14,96,33,30" hai2="105,5,23,2,41,9,20,59,55,86,101,63,65" hai3="132,18,82,104,106,6,27,36,98,93,45,1,3"/><U125/><E125/><V57/><F41/><W67/><G132/><T60/><D35/><U54/><E133/><V111/><F111/><W78/><G67/><T131/><D135/><U43/><E79/><V16/><F86/><W80/><G6/><T97/><D113/><U72/><E72/><V10/><F10/><W39/><G18/><T56/><D73/><U21/><E33/><V32/><F32/><W83/><G78/><T88/><D22/><U46/><E61/><V129/><F129/><W24/><G45/><T37/><D37/><N who="3" m="14409" /><G93/><T108/><D108/><U50/><E54/><V74/><F74/><W99/><G98/><T112/><D112/><U38/><E38/><V107/><F101/><W89/><G99/><T120/><D120/><U115/><E115/><V28/><F28/><W70/><G89/><T68/><D8/><U71/><E71/><V77/><F77/><W91/><G91/><T94/><D76/><U69/><E69/><V53/><F23/><W90/><G90/><T47/><D47/><U127/><E127/><V7/><F7/><W118/><G70/><T4/><D4/><U126/><E126/><V84/><F84/><W123/><G118/><T29/><D29/><U0/><E0/><N who="3" m="74" /><G123/><T64/><REACH who="0" step="1"/><D97/><REACH who="0" ten="90,320,230,350" step="2"/><U11/><E30/><V119/><F119/><W13/><G13/><T58/><D58/><U25/><E21/><V81/><F20/><W49/><G24/><T66/><D66/><U102/><E25/><V17/><F65/><W134/><G27/><T15/><D15/><U110/><E121/><V100/><F5/><W124/><G134/><RYUUKYOKU ba="1,1" sc="90,30,320,-10,230,-10,350,-10" hai0="52,56,60,62,64,68,87,88,92,94,128,130,131" /><INIT seed="2,2,1,2,1,49" ten="120,310,220,340" oya="2" hai0="83,4,76,134,98,0,109,30,55,19,59,26,91" hai1="64,94,3,92,25,70,132,113,82,53,32,35,42" hai2="88,65,129,73,110,67,128,111,104,48,74,45,127" hai3="40,54,107,126,56,69,8,24,46,121,135,90,6"/><V22/><F104/><W10/><G69/><T18/><D109/><N who="2" m="41482" /><F22/><W120/><G107/><T108/><D108/><U72/><E113/><V39/><F39/><W81/><G126/><T80/><D134/><U13/><E3/><V44/><F127/><W118/><G118/><T84/><D4/><U106/><E106/><V123/><F123/><W15/><G135/><T1/><D1/><U71/><E13/><V125/><F125/><W14/><G24/><T61/><D0/><U31/><E42/><V78/><F78/><W87/><G40/><T23/><REACH who="0" step="1"/><D98/><REACH who="0" ten="110,310,220,340" step="2"/><U103/><E132/><V7/><F7/><W34/><G6/><T60/><D60/><U38/><E71/><V112/><F112/><W5/><G5/><T9/><D9/><U119/><E70/><V62/><F62/><W12/><G10/><T16/><D16/><U33/><E119/><V116/><F116/><W57/><G8/><T68/><D68/><U86/><E35/><V133/><F133/><W36/><G34/><T43/><D43/><U102/><E32/><V97/><F129/><W58/><G120/><T101/><D101/><U29/><E33/><V124/><F128/><W115/><G121/><T28/><D28/><U75/><E31/><V66/><F124/><W131/><G131/><T2/><D2/><U99/><E29/><V96/><F96/><W21/><G115/><T27/><D27/><U114/><E99/><V93/><F48/><N who="3" m="28951" /><G36/><T50/><D50/><U95/><E102/><V100/><F100/><W122/><G122/><T85/><AGARI ba="2,2" hai="18,19,23,26,30,55,59,61,76,80,83,84,85,91" machi="85" ten="20,12000,2" yaku="1,1,0,1,7,1,8,1,52,1,53,2" doraHai="49" doraHaiUra="79" who="0" fromWho="0" sc="110,146,310,-32,220,-62,340,-32" /><INIT seed="3,0,0,3,4,118" ten="256,278,158,308" oya="3" hai0="46,45,9,30,36,84,108,1,79,3,66,70,54" hai1="103,86,117,37,61,22,119,128,133,31,65,50,114" hai2="129,112,94,51,64,68,10,49,85,2,7,21,78" hai3="40,105,77,113,98,106,130,132,25,121,69,87,67"/><W38/><G113/><T111/><D30/><U73/><E73/><V135/><F112/><W29/><G121/><T123/><D79/><U88/><E37/><V6/><F129/><W43/><G130/><T83/><D9/><U96/><E114/><V90/><F135/><W12/><G38/><T71/><D84/><U82/><E128/><V56/><F68/><N who="0" m="26154" /><D83/><U48/><E133/><V107/><F107/><W18/><G106/><T57/><D3/><U16/><E31/><V19/><F7/><W44/><G87/><T102/><D102/><U76/><E61/><V93/><F78/><W74/><G74/><T104/><D104/><N who="1" m="63591" /><E65/><V72/><F94/><W81/><G132/><T41/><D1/><U127/><E127/><V109/><F109/><N who="0" m="42058" /><D66/><U100/><E100/><V89/><F89/><W26/><G81/><T17/><D17/><U39/><E39/><V53/><F64/><W131/><G77/><T124/><D46/><U125/><E125/><V23/><F72/><W20/><G44/><T92/><D92/><N who="1" m="54295" /><E50/><V126/><F126/><W101/><G131/><T14/><D14/><N who="1" m="9495" /><E48/><V13/><REACH who="2" step="1"/><F51/><REACH who="2" ten="256,278,148,308" step="2"/><W110/><G110/><T63/><D124/><U4/><E4/><V58/><F58/><W0/><G67/><T97/><D97/><U32/><E76/><V122/><F122/><AGARI ba="0,1" hai="36,41,45,54,57,63,122,123" m="42058,26154" machi="122" ten="30,8000,1" yaku="14,1,34,2,52,2" doraHai="118" who="0" fromWho="2" sc="256,90,278,0,148,-80,308,0" owari="346,44.6,278,-12.2,68,-43.2,308,10.8" /></mjloggm>