<mjloggm ver="2.3"><GO type="225" lobby="0"/><UN n0="%E6%B0%B7%E5%B7%9D%E9%87%8C%E5%A5%88" n1="%E4%BE%BF%E6%89%80" n2="%72%61%6B%33" n3="%72%69%6F%75%63%68%61%6E" dan="16,16,17,17" rate="2137.08,2049.82,2161.66,2246.55" sx="F,M,M,M"/><TAIKYOKU oya="0"/><INIT seed="0,0,0,4,5,9" ten="250,250,250,250" oya="0" hai0="91,119,95,29,65,72,41,12,125,18,81,114,52" hai1="0,17,86,90,74,80,131,20,87,21,110,134,40" hai2="98,53,51,42,27,101,89,61,69,30,79,116,94" hai3="70,120,33,132,77,55,92,63,117,115,11,45,19"/><T102/><D114/><U28/><E0/><V5/><F116/><W96/><G132/><T128/><D119/><U106/><E106/><V50/><F79/><W16/><G117/><T25/><D128/><U78/><E131/><V75/><F75/><W108/><G108/><T14/><D125/><U93/><E110/><V103/><F5/><W68/><G115/><T99/><D41/><U31/><E134/><V57/><F69/><W35/><G120/><T112/><D112/><U56/><E40/><V60/><F51/><W135/><G135/><T71/><D65/><U37/><E37/><V47/><REACH who="2" step="1"/><F61/><REACH who="2" ten="250,250,240,250" step="2"/><W124/><G70/><T43/><D71/><U7/><E7/><V23/><AGARI ba="0,1" hai="23,27,30,42,47,50,53,57,60,89,94,98,101,103" machi="23" ten="20,8000,1" yaku="1,1,2,1,0,1,7,1,8,1,53,0" doraHai="9" doraHaiUra="123" who="2" fromWho="2" sc="250,-40,250,-20,240,90,250,-20" /><INIT seed="1,0,0,2,1,15" ten="210,230,330,230" oya="1" hai0="90,105,94,29,82,77,70,61,95,40,39,89,17" hai1="58,65,31,62,116,100,104,130,52,57,49,98,134" hai2="132,43,41,76,125,56,131,4,83,8,1,84,2" hai3="50,5,129,128,37,13,112,59,28,92,42,101,99"/><U26/><E134/><V0/><F132/><W69/><G112/><T133/><D133/><U106/><E130/><N who="3" m="50282" /><G69/><T74/><D105/><U115/><E115/><V12/><F131/><W47/><G28/><T53/><D29/><U54/><E116/><V72/><F125/><W81/><G81/><T79/><D79/><U88/><E106/><V120/><F120/><W85/><G85/><T121/><D121/><U10/><E10/><V3/><N who="2" m="0" /><DORA hai="20" /><V18/><F72/><W24/><G24/><T7/><D7/><U86/><E65/><V80/><F80/><W22/><G22/><T14/><D40/><U91/><E86/><V11/><F56/><W117/><G117/><T68/><D39/><U63/><E49/><V33/><F33/><AGARI ba="0,0" hai="26,31,33,52,54,57,58,62,63,88,91,98,100,104" machi="33" ten="30,12000,1" yaku="7,1,9,1,52,1,54,2" doraHai="15,20" who="1" fromWho="2" sc="210,0,230,120,330,-120,230,0" /><INIT seed="1,1,0,2,5,8" ten="210,350,210,230" oya="1" hai0="90,98,7,39,91,67,57,71,41,80,42,17,35" hai1="78,2,92,87,101,47,29,96,135,31,70,85,6" hai2="103,12,86,127,3,15,106,22,45,117,16,56,102" hai3="104,126,89,60,83,108,125,25,131,38,72,88,122"/><U115/><E115/><V34/><F117/><W82/><G122/><T59/><D35/><U73/><E70/><V21/><F34/><W121/><G121/><T79/><D7/><U49/><E135/><V51/><F3/><W26/><G38/><T69/><D39/><U33/><E73/><V105/><F127/><N who="3" m="48651" /><G104/><T37/><D37/><U124/><E124/><V9/><F56/><W44/><G44/><T46/><D46/><U23/><E33/><V63/><F63/><W27/><G108/><T54/><D67/><U66/><E66/><V114/><F114/><W11/><G131/><T64/><D64/><U48/><E48/><V109/><F109/><W94/><G60/><T120/><D120/><U107/><E107/><V5/><F106/><W123/><G123/><T18/><D54/><U68/><E68/><V76/><F21/><W112/><G112/><T113/><D113/><U62/><E62/><V61/><F61/><W58/><G58/><T132/><D132/><U134/><E134/><V95/><F105/><W4/><G72/><T116/><D116/><U128/><E128/><V40/><F95/><W119/><G119/><T75/><D75/><U24/><E31/><V74/><F74/><W14/><G89/><T111/><D111/><U84/><E78/><V97/><F97/><AGARI ba="1,0" hai="4,11,14,25,26,27,82,83,88,94,97" m="48651" machi="97" ten="30,3900,0" yaku="18,1,52,1,54,1" doraHai="8" who="3" fromWho="2" sc="210,0,350,0,210,-42,230,42" /><INIT seed="2,0,0,5,2,67" ten="210,350,168,272" oya="2" hai0="122,102,19,125,16,44,17,114,70,127,61,88,73" hai1="68,18,134,39,54,130,11,120,117,112,82,80,131" hai2="28,124,123,128,35,33,2,135,38,14,97,4,66" hai3="116,41,29,104,101,75,53,81,8,23,89,63,31"/><V113/><F38/><W48/><G116/><T7/><D122/><U37/><E117/><V99/><F123/><W87/><G75/><T110/><D114/><U108/><E120/><V111/><F113/><W40/><G8/><T52/><D110/><U10/><E112/><V132/><F111/><W98/><G63/><T109/><D109/><U72/><E108/><V93/><F2/><W83/><G81/><N who="1" m="31338" /><E134/><N who="2" m="51243" /><F124/><N who="0" m="47690" /><D102/><U9/><E72/><V55/><F128/><N who="1" m="49193" /><E68/><V56/><F66/><W13/><G29/><T58/><D73/><U3/><E3/><V26/><F33/><W22/><G22/><T32/><D32/><U126/><E126/><V133/><N who="2" m="51251" /><V1/><DORA hai="69" /><F1/><W100/><G100/><T77/><D77/><U103/><E103/><V46/><F46/><W74/><G74/><T51/><D7/><U57/><E18/><V65/><F65/><W119/><G119/><T115/><D115/><U92/><E92/><V24/><F93/><W121/><G121/><T21/><D70/><U105/><E105/><V95/><F95/><W85/><G85/><T79/><D79/><U42/><E42/><V47/><F99/><W27/><REACH who="3" step="1"/><G13/><REACH who="3" ten="210,350,168,262" step="2"/><N who="0" m="9359" /><D88/><U118/><E118/><V62/><F97/><W91/><G91/><T34/><D34/><U0/><E0/><V49/><F35/><W30/><G30/><T6/><D6/><U60/><AGARI ba="0,1" hai="9,10,11,37,39,54,57,60" m="49193,31338" machi="60" ten="40,5200,0" yaku="19,1,52,2" doraHai="67,69" who="1" fromWho="1" sc="210,-13,350,62,168,-26,262,-13" /><INIT seed="3,0,0,5,4,0" ten="197,412,142,249" oya="3" hai0="132,8,28,54,40,11,23,4,46,36,128,49,133" hai1="78,68,33,56,53,50,93,55,114,120,15,74,12" hai2="118,47,39,45,77,67,44,126,131,52,79,135,134" hai3="24,94,18,121,10,1,59,102,29,99,27,106,3"/><W60/><G121/><T96/><D128/><U90/><E120/><V58/><F79/><W17/><G106/><T19/><D28/><U21/><E114/><V108/><F77/><W9/><G1/><T31/><D31/><U71/><E33/><V88/><F131/><W63/><G63/><T127/><D96/><U110/><E110/><V41/><F108/><W82/><G82/><T75/><D75/><U30/><E74/><V66/><F88/><W5/><G10/><T62/><D62/><N who="1" m="36111" /><E78/><V95/><F95/><W113/><G113/><T115/><D115/><U2/><E71/><V14/><F14/><W32/><REACH who="3" step="1"/><G24/><REACH who="3" ten="197,412,142,239" step="2"/><T107/><D107/><U25/><E2/><V16/><F118/><W97/><G97/><T69/><D11/><U124/><E124/><V22/><F126/><W111/><G111/><T35/><D127/><U116/><E116/><V109/><F109/><W103/><G103/><T101/><D101/><U61/><E61/><N who="2" m="36039" /><F66/><AGARI ba="0,1" hai="3,5,9,17,18,27,29,32,59,60,66,94,99,102" machi="66" ten="30,5800,0" yaku="1,1,7,1,52,1,53,0" doraHai="0" doraHaiUra="104" who="3" fromWho="2" sc="197,0,412,0,142,-58,239,68" /><INIT seed="3,1,0,0,4,78" ten="197,412,84,307" oya="3" hai0="110,13,1,69,2,80,120,56,8,121,61,32,0" hai1="59,96,63,67,51,20,3,17,30,122,49,85,39" hai2="76,62,54,4,84,103,129,70,113,91,81,75,41" hai3="68,135,58,55,83,98,114,65,25,131,48,27,87"/><W94/><G131/><T100/><D32/><U97/><E122/><V111/><F129/><W90/><G135/><T9/><D69/><U12/><E39/><V125/><F113/><W38/><G114/><T86/><D100/><U50/><E3/><V115/><F115/><W18/><G38/><T16/><D110/><U46/><E30/><V53/><F111/><W107/><G107/><T31/><D31/><U79/><E46/><V116/><F116/><W93/><G93/><T92/><D92/><U64/><E64/><V66/><F125/><W112/><G112/><T124/><D9/><U35/><E35/><V130/><F130/><W22/><G68/><T47/><D47/><U128/><E128/><V19/><F4/><W57/><G65/><T28/><D28/><U36/><E36/><V126/><F126/><W117/><G117/><T5/><D5/><U29/><E29/><V74/><F74/><W45/><REACH who="3" step="1"/><G25/><REACH who="3" ten="197,412,84,297" step="2"/><T21/><D124/><U104/><E104/><V24/><F103/><AGARI ba="1,1" hai="18,22,27,45,48,55,57,58,83,87,90,94,98,103" machi="103" ten="30,12000,1" yaku="1,1,2,1,7,1,8,1,52,1,53,0" doraHai="78" doraHaiUra="7" who="3" fromWho="2" sc="197,0,412,0,84,-123,297,133" owari="197,-20.3,412,21.2,-39,-53.9,430,53.0" /></mjloggm>