<mjloggm ver="2.3"><GO type="225" lobby="0"/><UN n0="%E5%B8%86%E7%AB%8B%E5%A4%8F%E8%A1%A3" n1="%E6%80%AA%E3%81%97%E3%81%99%E3%81%8E%E3%82%8B%E3%83%81%E3%83%BC" n2="%E3%81%82%E3%81%84%E3%81%82%E3%81%8A%E3%81%84" n3="%E6%9D%BE%E6%9C%AC%E5%81%A5%E7%94%B7" dan="17,16,18,16" rate="2138.62,2089.70,2194.26,2138.99" sx="M,M,M,M"/><TAIKYOKU oya="0"/><INIT seed="0,0,0,0,1,44" ten="250,250,250,250" oya="0" hai0="36,48,75,79,130,74,81,8,121,16,4,46,65" hai1="104,12,49,68,33,57,93,31,132,110,109,84,27" hai2="24,118,43,42,111,88,117,76,37,97,39,28,7" hai3="103,108,102,128,54,80,126,35,105,83,82,99,50"/><T70/><D130/><U85/><E104/><V59/><F111/><N who="1" m="42505" /><E68/><V98/><F76/><W6/><G108/><T58/><D121/><U21/><E132/><V60/><F7/><W115/><G115/><T78/><D70/><U29/><E93/><N who="2" m="56487" /><F98/><W30/><G128/><T23/><D36/><U55/><E29/><V129/><F43/><W124/><G103/><T66/><D78/><U62/><E62/><V122/><F42/><W61/><G61/><T101/><D75/><U9/><E33/><V91/><F91/><W96/><G96/><T94/><D94/><U134/><E134/><V89/><F89/><W71/><G71/><T32/><D32/><U0/><E0/><V127/><F129/><W34/><G6/><AGARI ba="0,0" hai="6,9,12,21,27,31,49,55,57,84,85" m="42505" machi="6" ten="30,2000,0" yaku="14,1,52,1" doraHai="44" who="1" fromWho="3" sc="250,0,250,20,250,0,250,-20" /><INIT seed="1,0,0,5,5,42" ten="250,270,250,230" oya="1" hai0="132,2,93,24,29,35,22,104,45,122,127,105,85" hai1="128,71,124,8,86,76,109,113,64,96,90,16,7" hai2="38,91,56,75,44,17,41,83,46,57,114,84,118" hai3="102,30,81,77,32,67,23,36,97,11,18,59,39"/><U89/><E113/><V26/><F118/><W21/><G32/><T61/><D2/><U51/><E128/><V94/><F114/><W115/><G115/><T43/><D127/><U63/><E124/><V73/><F73/><W47/><G11/><T10/><D132/><U117/><E117/><V74/><F74/><W106/><G30/><T33/><D122/><U31/><E31/><V65/><F65/><W130/><G130/><T98/><D10/><U54/><E109/><V103/><F103/><W119/><G119/><T5/><D5/><U37/><E37/><V80/><F80/><W125/><G125/><T100/><D61/><U133/><E133/><V28/><F17/><W135/><G135/><T123/><D123/><U60/><E16/><V34/><REACH who="2" step="1"/><F46/><REACH who="2" ten="250,270,240,230" step="2"/><W3/><G47/><T55/><D105/><U6/><E64/><V48/><F48/><W107/><G18/><T87/><D104/><U52/><E51/><V1/><F1/><W14/><G3/><T68/><D68/><U101/><E101/><V13/><F13/><W79/><G14/><T116/><D116/><U4/><E7/><V49/><F49/><W70/><G70/><T69/><D69/><U126/><E6/><V112/><F112/><W88/><G107/><T20/><D100/><U58/><E71/><V92/><F92/><W15/><G15/><T12/><D93/><N who="1" m="56367" /><E126/><V82/><F82/><W134/><G134/><T27/><D45/><U0/><E0/><V110/><F110/><W25/><G106/><T120/><D120/><U95/><E95/><V9/><F9/><W50/><G102/><RYUUKYOKU ba="0,1" sc="250,-10,270,-10,240,30,230,-10" hai2="26,28,34,38,41,44,56,57,75,83,84,91,94" /><INIT seed="2,1,1,0,1,13" ten="240,260,270,220" oya="2" hai0="18,114,110,4,11,58,50,125,132,79,64,80,74" hai1="108,43,40,9,126,29,51,30,97,28,3,7,111" hai2="55,24,131,76,60,135,67,25,46,86,73,122,117" hai3="66,27,112,42,75,109,118,78,12,72,71,39,89"/><V101/><F117/><W133/><G118/><T48/><D110/><N who="1" m="42027" /><E126/><V61/><F122/><W94/><G109/><T21/><D125/><U32/><E32/><V37/><F73/><W17/><G133/><T6/><D132/><U47/><E97/><V105/><F135/><W124/><G124/><T36/><D36/><U63/><E63/><V52/><F131/><W99/><G112/><T87/><D114/><U104/><E104/><V41/><F105/><W70/><G27/><N who="0" m="14775" /><D74/><U88/><E88/><V129/><F101/><W107/><G107/><T128/><D128/><U115/><E115/><V53/><F129/><W23/><G72/><T38/><D38/><U127/><E127/><V68/><REACH who="2" step="1"/><F61/><REACH who="2" ten="240,260,260,220" step="2"/><W130/><G130/><T22/><D6/><U33/><E33/><V45/><F45/><W1/><G75/><T92/><D4/><U34/><E34/><V83/><AGARI ba="1,2" hai="24,25,37,41,46,52,53,55,60,67,68,76,83,86" machi="83" ten="30,6000,0" yaku="1,1,0,1,54,1,53,0" doraHai="13" doraHaiUra="120" who="2" fromWho="2" sc="240,-21,260,-21,260,83,220,-21" /><INIT seed="2,2,0,0,1,134" ten="219,239,343,199" oya="2" hai0="120,67,84,132,78,94,98,20,96,58,4,116,3" hai1="126,64,50,59,118,112,36,19,48,14,119,90,44" hai2="75,54,18,121,105,102,60,2,135,15,26,77,49" hai3="32,110,114,31,104,81,95,11,46,69,51,73,34"/><V43/><F2/><W107/><G69/><T101/><D120/><U66/><E126/><V41/><F121/><W55/><G110/><T103/><D132/><U65/><E112/><V131/><F60/><W100/><G114/><T57/><D116/><N who="1" m="44587" /><E90/><V111/><F26/><W85/><G73/><T62/><D4/><U76/><E19/><V17/><F17/><W74/><G74/><T99/><D3/><U80/><E80/><V123/><F102/><N who="0" m="38922" /><D20/><U35/><E76/><V72/><F77/><W16/><G95/><T92/><D58/><U25/><E14/><V7/><F15/><W63/><G63/><T5/><D5/><U115/><E25/><V70/><F7/><W12/><G31/><T39/><D39/><U133/><E35/><V42/><F18/><W6/><G6/><T124/><D124/><U89/><E89/><V68/><F75/><W129/><G100/><T24/><D24/><U8/><E8/><V127/><F72/><W9/><G9/><T71/><D71/><U61/><E115/><V122/><F70/><W113/><G113/><T37/><D37/><U83/><E83/><AGARI ba="2,0" hai="57,62,67,78,83,84,92,94,96,98,99" m="38922" machi="83" ten="30,1000,0" yaku="8,1" doraHai="134" who="0" fromWho="1" sc="219,16,239,-16,343,0,199,0" /><INIT seed="3,0,0,0,5,66" ten="235,223,343,199" oya="3" hai0="89,33,24,56,116,98,109,91,32,76,95,54,13" hai1="58,93,118,96,85,97,122,15,41,40,31,94,119" hai2="0,105,99,61,135,21,50,14,114,88,3,68,16" hai3="73,123,111,48,60,81,80,87,62,29,103,20,17"/><W7/><G123/><T42/><D109/><U25/><E122/><V43/><F114/><W5/><G111/><T19/><D116/><N who="1" m="44587" /><E15/><V69/><F61/><W133/><G133/><T2/><D2/><U46/><E58/><V28/><F28/><W26/><G103/><T112/><D112/><U70/><E70/><V36/><F36/><W104/><G104/><T121/><D121/><U124/><E85/><V18/><F105/><W113/><G113/><T52/><D76/><U125/><E93/><V1/><F135/><W65/><G73/><T86/><D42/><N who="1" m="16491" /><E46/><V75/><F75/><W4/><G48/><T83/><D54/><U63/><E63/><V82/><F50/><W108/><G108/><T64/><D64/><U130/><E130/><V117/><F43/><W102/><G102/><T38/><D38/><U34/><E96/><V115/><F99/><W71/><G62/><N who="0" m="36103" /><D13/><U8/><E8/><V128/><F1/><W45/><G45/><T12/><D12/><U132/><E132/><V72/><F0/><W44/><G44/><T27/><D19/><U51/><E51/><V120/><F3/><W110/><G110/><T37/><D37/><U67/><E67/><V35/><F120/><W131/><G131/><T101/><D101/><AGARI ba="0,0" hai="25,31,34,94,97,101,124,125" m="16491,44587" machi="101" ten="30,1000,0" yaku="12,1" doraHai="66" who="1" fromWho="0" sc="235,-10,223,10,343,0,199,0" owari="225,-17.5,233,3.3,343,44.3,199,-30.1" /></mjloggm>