<mjloggm ver="2.3"><GO type="225" lobby="0"/><UN n0="%E8%91%89%E5%B1%B1%E9%99%BD%E5%92%8C" n1="%E6%A0%B9%E5%85%83%E3%81%8B%E3%82%89%E5%90%B9%E3%81%A3%E9%A3%9B%E3%81%B6" n2="%6D%75%75%6D%75%72%61" n3="%72%69%6F%75%63%68%61%6E" dan="16,16,17,17" rate="2086.48,2185.90,2233.94,2248.38" sx="M,F,F,M"/><TAIKYOKU oya="0"/><INIT seed="0,0,0,0,1,65" ten="250,250,250,250" oya="0" hai0="101,103,105,37,18,58,57,94,106,84,77,43,91" hai1="29,92,112,60,59,83,121,117,124,34,24,47,32" hai2="110,95,2,67,127,131,111,69,97,132,20,78,12" hai3="119,35,17,66,48,89,109,61,21,33,9,85,71"/><T118/><D118/><U40/><E121/><V1/><F127/><W11/><G109/><N who="2" m="41481" /><F131/><W51/><G119/><T6/><D6/><U114/><E117/><V100/><F132/><W56/><G9/><T64/><D77/><U19/><E124/><V5/><F78/><W129/><G129/><T27/><D37/><U63/><E32/><V128/><F128/><W54/><G11/><T130/><D43/><U7/><E7/><V50/><F50/><W125/><G48/><T107/><D130/><U13/><E92/><V49/><F49/><W28/><G28/><T8/><D8/><N who="1" m="6567" /><E59/><V88/><F100/><W0/><G0/><T76/><D76/><U120/><E83/><V134/><F134/><W75/><G75/><T74/><D74/><U45/><E120/><V53/><F53/><W38/><G38/><T133/><D133/><U102/><E102/><V98/><F98/><W36/><G36/><T116/><D58/><U4/><E4/><V113/><F113/><N who="1" m="43625" /><E40/><V108/><N who="2" m="41489" /><V79/><DORA hai="72" /><F79/><W44/><G125/><T31/><D116/><U104/><E104/><V52/><F52/><W80/><REACH who="3" step="1"/><G56/><REACH who="3" ten="250,250,250,240" step="2"/><T70/><D57/><U46/><AGARI ba="0,1" hai="24,29,34,45,46,47,60,63" m="43625,6567" machi="46" ten="30,1100,0" yaku="11,1" doraHai="65,72" who="1" fromWho="1" sc="250,-5,250,21,250,-3,240,-3" /><INIT seed="1,0,0,4,3,34" ten="245,271,247,237" oya="1" hai0="29,64,107,77,22,41,124,14,98,75,5,4,85" hai1="129,21,122,25,37,84,7,9,87,69,127,54,112" hai2="59,66,100,131,57,27,99,15,104,128,119,89,78" hai3="30,88,120,102,32,53,38,111,123,28,133,93,108"/><U63/><E112/><V115/><F119/><W76/><G133/><T11/><D75/><U68/><E122/><V135/><F115/><W71/><G71/><T33/><D124/><U24/><E37/><V17/><F135/><W114/><G114/><T101/><D33/><U132/><E127/><V83/><F27/><N who="3" m="18463" /><G38/><T117/><D117/><U134/><E129/><N who="2" m="49739" /><F89/><W97/><G76/><T91/><D41/><U94/><E54/><V121/><F66/><W50/><G30/><T26/><D64/><U20/><E63/><V1/><F1/><W44/><G102/><T3/><D77/><U67/><E67/><V43/><F43/><W42/><G42/><T116/><D116/><U65/><E65/><V105/><F105/><W61/><G61/><T74/><D74/><U39/><E39/><V35/><F35/><W90/><G90/><T109/><D109/><AGARI ba="0,0" hai="44,50,53,88,93,97,108,109,111,120,123" m="18463" machi="109" ten="30,2000,0" yaku="14,1,54,1" doraHai="34" who="3" fromWho="0" sc="245,-20,271,0,247,0,237,20" /><INIT seed="2,0,0,5,3,55" ten="225,271,247,257" oya="2" hai0="15,132,131,126,130,63,74,71,4,16,65,18,11" hai1="0,100,135,96,22,86,30,95,77,117,129,36,98" hai2="99,72,46,83,23,49,35,85,109,10,106,73,47" hai3="28,13,1,82,124,66,118,76,37,21,93,53,19"/><V68/><F35/><W48/><G124/><T50/><D74/><U90/><E117/><V91/><F68/><W128/><G128/><N who="0" m="49195" /><D126/><U97/><E36/><V89/><F109/><W104/><G104/><T34/><D34/><U51/><E0/><V102/><F89/><W32/><G37/><T121/><D121/><U14/><E135/><V43/><F23/><W94/><G118/><T115/><D115/><U60/><E129/><V54/><REACH who="2" step="1"/><F10/><REACH who="2" ten="225,271,237,257" step="2"/><W120/><G120/><T57/><D132/><U133/><E22/><V52/><F52/><AGARI ba="0,1" hai="4,11,15,16,18,50,52,57,63,65,71" m="49195" machi="52" ten="30,7700,0" yaku="19,1,52,1,54,2" doraHai="55" who="0" fromWho="2" sc="225,87,271,0,237,-77,257,0" /><INIT seed="3,0,0,3,0,118" ten="312,271,160,257" oya="3" hai0="126,85,12,115,42,61,71,92,54,124,96,108,95" hai1="51,114,105,14,73,46,16,120,48,69,80,134,59" hai2="49,77,67,28,7,0,102,78,123,55,26,76,117" hai3="107,21,36,10,3,11,31,127,82,37,17,94,32"/><W79/><G107/><T83/><D108/><U129/><E69/><V45/><F117/><W30/><G127/><N who="0" m="48683" /><D115/><U19/><E105/><V112/><F112/><W111/><G111/><T66/><D42/><U81/><E129/><V113/><F113/><W40/><G94/><T63/><D12/><U122/><E134/><V24/><F102/><W18/><G18/><T100/><D54/><U43/><E114/><V44/><F67/><W33/><G31/><T8/><D8/><U90/><E19/><V41/><F7/><N who="3" m="1407" /><G11/><T35/><D35/><U98/><E98/><V1/><F1/><W29/><G29/><T62/><D95/><U106/><E106/><V88/><F0/><W52/><G52/><T132/><D132/><U84/><E51/><V104/><F104/><W50/><G50/><T135/><D135/><U103/><E43/><V110/><F110/><W39/><G39/><T86/><D86/><U23/><E48/><V75/><F75/><N who="3" m="43391" /><G30/><T5/><D5/><U121/><E73/><V65/><F65/><W15/><G36/><T56/><D56/><U130/><E59/><V4/><F4/><W6/><G6/><T58/><D58/><U34/><E103/><V87/><F28/><W89/><G89/><AGARI ba="0,0" hai="61,62,63,66,71,83,85,89,92,96,100" m="48683" machi="89" ten="30,1000,0" yaku="18,1" doraHai="118" who="0" fromWho="3" sc="312,10,271,0,160,0,257,-10" owari="322,42.2,271,7.1,160,-34.0,247,-15.3" /></mjloggm>