<mjloggm ver="2.3"><GO type="225" lobby="0"/><UN n0="%E3%81%B5%E3%81%98%E3%81%8B%E3%81%A4" n1="%E9%9B%80%E6%A5%B5%E3%81%AE%E3%81%B8" n2="%E6%A1%9C%E8%8A%B1%E9%96%83%E3%80%85" n3="%77%72%77%72%77%72%77%72" dan="16,16,16,17" rate="2207.90,2142.84,2109.27,2244.65" sx="M,M,M,M"/><TAIKYOKU oya="0"/><INIT seed="0,0,0,3,5,101" ten="250,250,250,250" oya="0" hai0="18,94,59,77,11,27,13,42,70,131,106,20,39" hai1="43,12,7,50,25,130,93,82,97,73,2,87,33" hai2="105,49,22,116,68,76,19,110,15,74,5,88,55" hai3="30,28,98,6,119,133,103,37,118,46,69,26,63"/><T62/><D70/><U90/><E2/><V114/><F114/><W23/><G30/><T8/><D131/><U109/><E109/><V81/><F110/><W47/><G133/><T92/><D77/><U40/><E73/><V54/><F68/><W60/><G6/><T129/><D129/><U3/><E3/><V135/><F135/><W108/><G108/><T21/><D106/><U112/><E112/><V134/><F134/><W100/><G100/><T126/><D126/><U95/><E95/><V83/><F116/><W85/><G85/><T65/><D39/><U64/><E64/><V29/><F105/><W78/><G78/><T14/><D42/><U71/><E71/><V61/><F5/><W132/><G132/><T44/><D44/><U111/><E130/><V35/><F61/><W31/><G31/><T41/><D41/><U38/><E38/><V57/><F55/><W120/><G120/><T45/><D45/><N who="1" m="25895" /><E43/><V127/><F127/><W72/><G72/><T115/><D115/><U117/><E25/><V91/><REACH who="2" step="1"/><F83/><REACH who="2" ten="250,250,240,250" step="2"/><W113/><G113/><T51/><D94/><U99/><E117/><N who="3" m="44554" /><G63/><T102/><D51/><U32/><E111/><V67/><F67/><N who="3" m="41191" /><G37/><T125/><D125/><U24/><E7/><V34/><F34/><W52/><G52/><T10/><REACH who="0" step="1"/><D21/><REACH who="0" ten="240,250,240,250" step="2"/><U36/><E33/><V128/><F128/><W122/><G46/><T121/><D121/><U86/><E36/><V17/><F17/><W124/><G47/><T79/><D79/><N who="1" m="46431" /><E32/><V96/><F96/><AGARI ba="0,2" hai="8,10,11,13,14,18,20,27,59,62,65,92,96,102" machi="96" ten="40,3900,0" yaku="1,1,8,1,53,0" doraHai="101" doraHaiUra="104" who="0" fromWho="2" sc="240,59,250,0,240,-39,250,0" /><INIT seed="0,1,0,1,4,22" ten="299,250,201,250" oya="0" hai0="1,10,26,77,74,123,127,12,39,50,107,53,126" hai1="60,121,20,15,18,103,81,34,59,36,114,132,76" hai2="80,5,48,100,49,47,29,14,119,28,106,55,42" hai3="87,130,69,72,120,92,57,125,122,37,115,23,90"/><T2/><D107/><U17/><E121/><N who="3" m="46698" /><G115/><T96/><D39/><U101/><E36/><V133/><F133/><W93/><G69/><T68/><D68/><U84/><E34/><V46/><F119/><W24/><G37/><T135/><D123/><U9/><E132/><V129/><F129/><W102/><G130/><T4/><D135/><U40/><E40/><V44/><F44/><W38/><G38/><T52/><D96/><U91/><E76/><V31/><F106/><W35/><G35/><T73/><D53/><U134/><E114/><V65/><F100/><W110/><G72/><T30/><D77/><U113/><E113/><V43/><F65/><W124/><G110/><T95/><D95/><U89/><E89/><V64/><F64/><W118/><G57/><N who="0" m="32919" /><D73/><U3/><E3/><V8/><F55/><W128/><G118/><T97/><D97/><U98/><E98/><V11/><F80/><N who="3" m="49511" /><G128/><T79/><D79/><U6/><E134/><V33/><REACH who="2" step="1"/><F8/><REACH who="2" ten="299,250,191,250" step="2"/><W25/><G102/><T62/><D74/><U83/><E101/><V99/><F99/><W7/><G93/><T94/><D94/><N who="1" m="54631" /><E103/><V66/><F66/><W56/><G92/><T116/><D116/><U88/><E81/><V86/><F86/><W70/><G70/><T67/><D67/><N who="1" m="39327" /><E83/><V54/><F54/><W63/><G56/><T112/><D112/><U51/><E88/><V19/><F19/><N who="3" m="12415" /><G63/><T85/><D62/><U117/><E117/><V104/><F104/><W131/><G131/><T111/><D85/><U0/><E18/><V21/><F21/><W45/><G45/><T13/><D111/><RYUUKYOKU ba="1,1" sc="299,-15,250,15,191,15,250,-15" hai1="0,6,9,15,17,20,51" hai2="5,11,14,28,29,31,33,42,43,46,47,48,49" /><INIT seed="1,2,1,0,4,109" ten="284,265,206,235" oya="1" hai0="25,135,4,118,104,10,123,65,67,84,81,23,1" hai1="121,52,90,34,45,63,77,69,53,59,134,5,108" hai2="110,75,82,26,95,17,61,64,85,57,40,6,131" hai3="19,16,9,43,37,73,96,38,58,35,46,99,50"/><U44/><E34/><V62/><F110/><W2/><G35/><T127/><D118/><U60/><E108/><V98/><F131/><W15/><G2/><T125/><D104/><U22/><E121/><V29/><F75/><W48/><G73/><T115/><D135/><U54/><E134/><V79/><F6/><W124/><G124/><N who="0" m="47691" /><D115/><U107/><E107/><V101/><F40/><W103/><G19/><N who="0" m="12543" /><D123/><U120/><E77/><AGARI ba="2,1" hai="1,4,10,65,67,77,81,84" m="12543,47691" machi="77" ten="30,1000,0" yaku="18,1" doraHai="109" who="0" fromWho="1" sc="284,26,265,-16,206,0,235,0" /><INIT seed="2,0,0,0,0,90" ten="310,249,206,235" oya="2" hai0="112,103,52,18,118,83,110,131,36,86,93,77,38" hai1="67,106,87,109,102,72,69,96,28,12,45,68,4" hai2="94,126,62,76,99,19,17,23,16,91,135,71,21" hai3="57,8,22,51,33,60,46,10,98,61,105,42,133"/><V120/><F120/><W107/><G133/><T82/><D112/><U44/><E72/><V26/><F135/><W119/><G119/><T54/><D110/><U31/><E109/><V101/><F126/><W117/><G33/><T1/><D1/><U39/><E87/><V104/><F76/><W3/><G117/><T123/><D123/><U66/><E68/><V53/><F21/><W132/><G132/><T116/><D131/><U79/><E79/><V40/><F40/><W97/><G3/><T74/><D38/><U92/><E106/><V129/><F129/><W73/><G73/><T108/><D108/><U64/><E69/><V43/><F43/><W25/><G107/><T75/><D36/><U81/><E81/><V11/><F11/><N who="3" m="4139" /><G105/><T29/><D29/><N who="1" m="11339" /><E39/><V111/><F111/><W114/><G60/><T32/><D32/><U37/><E37/><V100/><F71/><W34/><G34/><T27/><D75/><U48/><E48/><V89/><F89/><W125/><G125/><T58/><D83/><U47/><E12/><V59/><REACH who="2" step="1"/><F101/><REACH who="2" ten="310,249,196,235" step="2"/><W88/><G88/><N who="0" m="53399" /><D103/><U113/><E113/><V65/><F65/><N who="3" m="39087" /><G114/><T124/><D124/><U134/><E134/><V0/><F0/><W15/><G25/><T127/><D127/><U5/><AGARI ba="0,1" hai="4,5,44,45,47,64,66,67,92,96,102" m="11339" machi="5" ten="40,2700,0" yaku="8,1,52,1" doraHai="90" who="1" fromWho="1" sc="310,-7,249,37,196,-13,235,-7" /><INIT seed="3,0,0,1,3,44" ten="303,286,183,228" oya="3" hai0="51,56,73,130,135,116,124,106,96,61,95,64,129" hai1="17,21,23,117,38,98,58,19,50,126,109,114,120" hai2="47,111,25,76,119,89,100,128,88,26,65,28,87" hai3="36,6,0,118,3,133,72,31,5,81,39,53,8"/><W29/><G118/><T22/><D116/><U30/><E38/><V108/><F119/><W9/><G133/><T13/><D135/><U16/><E114/><V1/><F1/><W75/><G53/><T35/><D35/><U60/><E120/><V69/><F128/><N who="0" m="49258" /><D73/><U46/><E109/><N who="2" m="42059" /><F100/><W7/><G7/><T32/><D32/><U34/><E126/><V78/><F25/><W80/><AGARI ba="0,0" hai="0,3,5,6,8,9,29,31,36,39,72,75,80,81" machi="80" ten="25,4800,0" yaku="0,1,22,2" doraHai="44" who="3" fromWho="3" sc="303,-16,286,-16,183,-16,228,48" /><INIT seed="3,1,0,5,0,66" ten="287,270,167,276" oya="3" hai0="47,75,56,86,98,39,13,83,44,64,72,122,1" hai1="82,128,104,46,10,31,132,112,19,51,131,54,129" hai2="109,55,118,88,32,121,92,103,91,30,57,60,2" hai3="107,15,50,85,0,117,81,8,61,127,35,63,73"/><W76/><G117/><T74/><D122/><U80/><E112/><V87/><F118/><W7/><G127/><T96/><D1/><U34/><E104/><V133/><F109/><W14/><G107/><T59/><D39/><U125/><E125/><V45/><F133/><W102/><G35/><T70/><D13/><N who="1" m="7607" /><E132/><V12/><F2/><W22/><G102/><T126/><D126/><U26/><AGARI ba="1,0" hai="26,31,34,46,51,54,80,82,128,129,131" m="7607" machi="26" ten="40,1500,0" yaku="19,1" doraHai="66" who="1" fromWho="1" sc="287,-5,270,18,167,-5,276,-8" /><INIT seed="4,0,0,3,1,47" ten="282,288,162,268" oya="0" hai0="56,114,109,19,83,124,10,76,13,7,122,32,77" hai1="87,99,97,86,0,74,120,45,113,104,63,28,46" hai2="130,38,121,6,62,71,123,93,70,1,84,29,26" hai3="4,37,82,89,80,98,91,33,129,50,5,17,30"/><T58/><D122/><U131/><E0/><V51/><F38/><W11/><G37/><T43/><D32/><U128/><E74/><V25/><F130/><N who="1" m="49705" /><E120/><V57/><F121/><W103/><G33/><T125/><D114/><U31/><E113/><V88/><F123/><W116/><G30/><N who="1" m="11306" /><E63/><V69/><F29/><W14/><G116/><T22/><D43/><U112/><E112/><V95/><F95/><N who="3" m="58847" /><G80/><T110/><D56/><U73/><E73/><V85/><F85/><N who="1" m="32265" /><E104/><V72/><F72/><W60/><G82/><T133/><D58/><U118/><E118/><V79/><F79/><N who="0" m="30282" /><D83/><U108/><E108/><N who="0" m="41577" /><D133/><U75/><E75/><V117/><F117/><W105/><G129/><T135/><D135/><U36/><E46/><V54/><REACH who="2" step="1"/><F62/><REACH who="2" ten="282,288,152,268" step="2"/><W100/><G60/><T44/><D44/><U102/><E45/><V35/><F35/><W55/><G105/><T59/><D59/><U53/><E36/><V119/><F119/><W24/><G100/><T3/><AGARI ba="0,1" hai="3,7,10,13,19,22,124,125" m="41577,30282" machi="3" ten="30,1500,0" yaku="10,1" doraHai="47" who="0" fromWho="0" sc="282,25,288,-5,152,-5,268,-5" owari="307,40.7,283,8.3,147,-35.3,263,-13.7" /></mjloggm>