<mjloggm ver="2.3"><GO type="225" lobby="0"/><UN n0="%E3%81%B2%E3%81%AA%E3%81%AE%E3%82%8A%E3%81%8F" n1="%E3%81%BE%E3%81%A8%E3%81%9F" n2="%E7%B4%94%E6%BD%94%E3%83%94%E3%83%A9%E3%83%8B%E3%82%A2" n3="%E3%82%82%E3%81%90%E3%82%89" dan="17,16,16,17" rate="2190.86,2154.27,2148.22,2198.11" sx="M,M,M,M"/><TAIKYOKU oya="0"/><INIT seed="0,0,0,4,0,12" ten="250,250,250,250" oya="0" hai0="40,93,59,96,39,131,123,67,48,85,76,50,97" hai1="42,101,80,95,34,33,0,102,132,74,18,17,9" hai2="70,113,1,133,127,57,104,120,89,135,30,126,117" hai3="71,111,81,107,24,6,77,54,105,10,52,116,29"/><T5/><D123/><U73/><E42/><V37/><F30/><W60/><G116/><T99/><D131/><U78/><E132/><N who="2" m="50763" /><F89/><W45/><G111/><T103/><D39/><U46/><E46/><V49/><F104/><W83/><G45/><N who="0" m="25639" /><D5/><U31/><E74/><V44/><F1/><W119/><G119/><T124/><D124/><N who="2" m="47658" /><F117/><W26/><G71/><T21/><D21/><U118/><E118/><V36/><F70/><W91/><G91/><T43/><D43/><U134/><E134/><V87/><F87/><W109/><G109/><T3/><D3/><U68/><E68/><V90/><F90/><W94/><G6/><T128/><D85/><U100/><E95/><V65/><F113/><W13/><G94/><T106/><D106/><U4/><REACH who="1" step="1"/><E34/><REACH who="1" ten="250,240,250,250" step="2"/><V72/><F72/><W25/><G107/><T122/><D93/><U51/><E51/><V66/><F120/><W115/><G105/><T8/><D50/><U2/><E2/><V23/><F57/><W125/><G125/><T14/><D59/><U56/><E56/><V16/><F37/><W58/><G58/><T75/><D75/><U79/><E79/><V69/><F36/><W11/><G77/><T98/><D76/><U20/><E20/><V130/><F69/><W38/><G38/><T62/><D122/><U82/><E82/><V19/><F23/><W55/><G83/><T112/><D112/><U7/><E7/><V41/><F130/><W108/><G81/><T47/><D128/><U110/><E110/><V53/><F41/><W27/><G108/><T28/><D47/><U86/><E86/><RYUUKYOKU ba="0,1" sc="250,-15,240,15,250,15,250,-15" hai1="0,4,9,17,18,31,33,73,78,80,100,101,102" hai2="16,19,44,49,53,65,66" /><INIT seed="1,1,1,3,4,89" ten="235,255,265,235" oya="1" hai0="69,100,64,80,97,41,39,103,24,52,54,63,116" hai1="5,120,99,131,0,113,61,109,125,59,127,129,18" hai2="106,104,10,1,95,122,75,34,58,119,135,14,33" hai3="77,105,118,91,117,42,25,112,126,13,121,60,107"/><U31/><E120/><V102/><F122/><W55/><G121/><T11/><D116/><N who="3" m="44649" /><G112/><T67/><D67/><U66/><E113/><V49/><F1/><W76/><G126/><N who="1" m="48138" /><E31/><V87/><F75/><W115/><G115/><T21/><D103/><U44/><E18/><V20/><F135/><W123/><G123/><T134/><D134/><U7/><E0/><V48/><F20/><W32/><G42/><T110/><D110/><U28/><E28/><V65/><F65/><W45/><G13/><T81/><D11/><U68/><E7/><V96/><F119/><W111/><G111/><T130/><D130/><N who="1" m="49675" /><E99/><V6/><F34/><W19/><G19/><T37/><D37/><U2/><E5/><V17/><F33/><W30/><G30/><T9/><D9/><U70/><E2/><V132/><F132/><W98/><G25/><T4/><D4/><U124/><N who="1" m="48146" /><U84/><DORA hai="133" /><E84/><V92/><F6/><W23/><G98/><T26/><D26/><U114/><E109/><V27/><F27/><W38/><G38/><T47/><D24/><U74/><E114/><V36/><F87/><W79/><G32/><T101/><D21/><U108/><E108/><V57/><F96/><W90/><G23/><T73/><D97/><U53/><E74/><V8/><F17/><W94/><G107/><T86/><D73/><U51/><AGARI ba="1,1" hai="44,51,53,59,61,66,68,70" m="49675,48146" machi="51" ten="50,24000,3" yaku="18,1,19,1,34,2,52,4" doraHai="89,133" who="1" fromWho="1" sc="235,-81,255,253,265,-81,235,-81" /><INIT seed="1,2,0,1,3,64" ten="154,508,184,154" oya="1" hai0="90,96,89,107,9,61,66,36,67,74,113,22,126" hai1="122,109,93,50,106,27,95,25,85,23,63,71,115" hai2="128,100,131,77,91,38,48,76,24,54,60,78,79" hai3="81,111,6,7,98,10,45,47,43,104,49,56,26"/><U51/><E115/><V75/><F38/><W5/><G111/><T123/><D113/><U59/><E106/><V102/><F60/><W86/><G56/><T55/><D36/><U53/><E122/><V121/><F121/><W15/><G26/><T84/><D74/><U69/><E27/><V118/><F118/><W3/><G3/><T127/><D123/><U94/><E85/><V33/><F91/><W28/><G28/><T2/><D55/><U35/><E35/><V18/><F75/><W4/><G47/><T134/><D134/><U133/><E133/><V32/><N who="2" m="19456" /><DORA hai="119" /><V57/><F18/><W124/><G124/><N who="0" m="47659" /><D67/><U21/><E21/><V37/><F37/><W120/><G120/><T92/><D107/><U30/><E109/><V12/><F12/><W129/><G129/><N who="2" m="49737" /><F32/><W13/><G13/><T52/><D52/><U108/><E108/><V65/><F65/><W83/><G86/><T31/><D31/><AGARI ba="2,0" hai="24,31,33,48,54,57,100,102" m="49737,19456" machi="31" ten="50,1600,0" yaku="19,1" doraHai="64,119" who="2" fromWho="0" sc="154,-22,508,0,184,22,154,0" /><INIT seed="2,0,0,3,1,2" ten="132,508,206,154" oya="2" hai0="73,90,61,100,94,113,13,53,92,134,49,45,5" hai1="84,46,75,72,41,131,130,64,112,28,43,87,11" hai2="127,25,27,80,98,85,74,57,1,115,107,96,54" hai3="123,119,105,33,124,108,20,110,3,6,122,102,117"/><V56/><F1/><W88/><G33/><T93/><D113/><U106/><E106/><V4/><F74/><N who="1" m="28201" /><E64/><V129/><F115/><W121/><G105/><T38/><D73/><U60/><E60/><V109/><F127/><W89/><G102/><T59/><D134/><U120/><E120/><V65/><F129/><N who="1" m="49161" /><E28/><V95/><F107/><W0/><G124/><T21/><D38/><U29/><E29/><V70/><F70/><W66/><G66/><T19/><D100/><U24/><E24/><V62/><F109/><N who="3" m="42091" /><G20/><T16/><D19/><U79/><E43/><V51/><F98/><W125/><G125/><T48/><D48/><U52/><E52/><V69/><F69/><W83/><G0/><T86/><REACH who="0" step="1"/><D5/><REACH who="0" ten="122,508,206,154" step="2"/><U55/><E112/><V58/><F4/><W68/><G6/><T101/><D101/><U8/><E41/><AGARI ba="0,1" hai="13,16,21,41,45,49,53,59,61,86,90,92,93,94" machi="41" ten="30,7700,0" yaku="1,1,7,1,8,1,54,1,53,0" doraHai="2" doraHaiUra="32" who="0" fromWho="1" sc="122,87,508,-77,206,0,154,0" /><INIT seed="3,0,0,1,0,88" ten="209,431,206,154" oya="3" hai0="57,45,87,96,50,37,104,58,114,51,112,120,94" hai1="31,36,47,80,89,52,91,101,122,134,21,72,33" hai2="93,102,44,83,41,97,4,64,66,30,12,86,25" hai3="90,124,56,20,127,133,14,100,62,18,13,3,17"/><W116/><G116/><T16/><D104/><U15/><E33/><V85/><F85/><W8/><G133/><T59/><D120/><U109/><E91/><V76/><F12/><W27/><G100/><T9/><D87/><U132/><E89/><V65/><F4/><N who="3" m="1055" /><G90/><N who="0" m="55383" /><D37/><U29/><E101/><V46/><F41/><W95/><G95/><T53/><D51/><U54/><E122/><V43/><F43/><W34/><G56/><T135/><D135/><U49/><E49/><V82/><REACH who="2" step="1"/><F83/><REACH who="2" ten="209,431,196,154" step="2"/><W40/><G40/><T19/><D9/><U23/><E80/><V22/><AGARI ba="0,1" hai="22,25,30,44,46,64,65,66,76,82,86,93,97,102" machi="22" ten="30,8000,1" yaku="1,1,2,1,0,1,8,1,52,1,53,0" doraHai="88" doraHaiUra="70" who="2" fromWho="2" sc="209,-20,431,-20,196,90,154,-40" owari="189,-21.1,411,51.1,286,8.6,114,-38.6" /></mjloggm>