<mjloggm ver="2.3"><GO type="225" lobby="0"/><UN n0="%73%61%6E%64%69%72%69%73" n1="%E4%BE%BF%E6%89%80" n2="%E7%BD%AA%E5%88%91%E6%B3%95%E5%AE%9A%E4%B8%BB%E7%BE%A9" n3="%41%72%69%61" dan="16,16,16,16" rate="2150.28,2050.93,2180.71,2132.35" sx="M,M,M,F"/><TAIKYOKU oya="0"/><INIT seed="0,0,0,1,0,43" ten="250,250,250,250" oya="0" hai0="27,100,78,28,107,53,97,19,50,49,108,17,18" hai1="115,92,94,9,117,34,5,93,57,33,14,69,63" hai2="62,88,133,39,26,36,80,67,132,103,30,54,29" hai3="122,38,124,25,128,111,98,81,48,37,23,109,113"/><T32/><D108/><N who="3" m="41545" /><G113/><T35/><D35/><U99/><E117/><V121/><F103/><W126/><G128/><T95/><D78/><U123/><E123/><V89/><F54/><W127/><G122/><T4/><D4/><U102/><E69/><V66/><F121/><W22/><G98/><T51/><REACH who="0" step="1"/><D107/><REACH who="0" ten="240,250,250,250" step="2"/><U79/><E79/><V110/><F110/><W119/><G119/><T16/><N who="0" m="4096" /><DORA hai="86" /><T6/><D6/><U82/><E115/><V45/><F26/><W59/><G25/><T76/><D76/><U47/><E33/><V56/><F133/><W120/><G120/><T87/><D87/><U135/><E34/><V60/><F132/><W64/><G23/><T101/><D101/><U55/><E135/><V96/><F96/><W12/><G22/><T40/><D40/><U68/><E102/><V58/><F80/><W74/><G81/><T114/><D114/><U46/><E82/><V71/><F71/><W44/><G74/><T106/><D106/><U24/><E68/><V104/><F104/><W8/><G8/><T42/><D42/><U90/><E24/><V70/><F70/><W112/><G112/><T2/><D2/><U10/><E10/><V131/><F131/><W31/><G12/><T3/><D3/><U65/><E94/><V75/><F75/><W84/><G84/><T61/><D61/><N who="1" m="36031" /><E93/><V11/><F11/><W118/><G118/><T0/><D0/><U91/><E91/><V83/><F83/><W21/><G21/><T134/><D134/><U1/><E1/><V72/><F72/><W130/><G130/><T41/><D41/><RYUUKYOKU ba="0,1" sc="240,10,250,10,250,10,250,-30" hai0="27,28,32,49,50,51,53,95,97,100" hai1="5,9,14,46,47,63,65,90,92,99" hai2="29,30,36,39,45,56,58,60,62,66,67,88,89" /><INIT seed="0,1,1,0,5,40" ten="250,260,260,220" oya="0" hai0="100,30,21,54,113,78,75,122,74,36,10,19,73" hai1="16,112,126,134,66,57,34,128,12,124,27,15,84" hai2="104,38,17,29,6,86,24,91,51,118,7,18,105" hai3="120,11,93,46,43,44,37,28,65,107,23,70,3"/><T71/><D113/><U2/><E112/><V25/><F38/><W103/><G107/><T81/><D122/><U58/><E2/><V131/><F131/><W68/><G120/><T97/><D71/><U63/><E128/><V115/><F115/><W92/><G65/><T48/><D36/><U32/><E134/><V88/><F51/><W132/><G132/><T83/><D10/><U95/><E57/><V130/><F130/><W64/><G70/><T135/><D30/><U116/><E12/><V35/><F86/><W109/><G109/><T90/><D90/><N who="1" m="53703" /><E27/><V69/><F69/><W59/><G68/><T9/><D9/><N who="1" m="6255" /><E116/><V119/><F29/><W55/><G11/><T127/><D135/><U50/><E50/><V96/><REACH who="2" step="1"/><F96/><REACH who="2" ten="250,260,250,220" step="2"/><W31/><G28/><T1/><D48/><U101/><E101/><V110/><F110/><W5/><G103/><T76/><D97/><U22/><E22/><V56/><F56/><W14/><G23/><T49/><D100/><U87/><E87/><V39/><F39/><W102/><G31/><T0/><D49/><U111/><E111/><V33/><AGARI ba="1,2" hai="6,7,17,18,24,25,33,35,88,91,104,105,118,119" machi="33" ten="25,12000,2" yaku="1,1,0,1,22,2,54,1,53,2" doraHai="40" doraHaiUra="13" who="2" fromWho="2" sc="250,-61,260,-31,250,143,220,-31" /><INIT seed="1,0,0,4,2,55" ten="189,229,393,189" oya="1" hai0="17,58,65,120,40,131,60,77,35,95,6,100,28" hai1="123,37,18,107,129,70,113,7,13,50,119,20,25" hai2="14,42,84,56,59,109,8,114,126,32,90,125,45" hai3="92,0,54,30,22,33,128,57,112,41,26,135,85"/><U53/><E113/><V89/><F32/><W81/><G112/><T48/><D131/><U87/><E119/><V11/><F114/><W24/><G0/><T105/><D120/><U104/><E123/><V71/><F71/><W108/><G108/><T61/><D6/><U12/><E37/><V116/><F116/><W64/><G128/><T82/><D105/><U103/><E129/><V74/><F74/><W101/><G41/><T9/><D28/><U66/><E103/><V52/><F109/><W110/><G110/><T16/><D35/><U80/><E70/><V73/><F73/><W117/><G135/><T4/><D61/><U10/><E66/><V5/><F11/><W27/><G117/><T46/><D95/><U88/><REACH who="1" step="1"/><E25/><REACH who="1" ten="189,219,393,189" step="2"/><V38/><F126/><W1/><G64/><T72/><REACH who="0" step="1"/><D100/><REACH who="0" ten="179,219,393,189" step="2"/><U83/><E83/><V78/><F125/><W94/><G101/><T49/><D49/><U47/><AGARI ba="0,2" hai="7,10,12,13,18,20,47,50,53,80,87,88,104,107" machi="47" ten="20,7800,0" yaku="1,1,0,1,7,1,54,1,53,0" doraHai="55" doraHaiUra="127" who="1" fromWho="1" sc="179,-26,219,98,393,-26,189,-26" /><INIT seed="1,1,0,1,4,53" ten="153,317,367,163" oya="1" hai0="62,114,13,109,21,111,72,78,23,112,27,103,3" hai1="17,134,50,58,33,8,66,93,0,20,18,77,43" hai2="113,30,40,76,69,129,91,121,102,68,35,106,4" hai3="63,46,117,73,107,71,97,65,116,96,88,51,52"/><U84/><E33/><V125/><F121/><W101/><REACH who="3" step="1"/><G73/><REACH who="3" ten="153,317,367,153" step="2"/><T2/><D72/><U12/><E134/><V6/><F113/><W100/><G100/><T59/><D103/><U127/><E127/><V36/><F102/><W105/><G105/><T85/><D112/><U99/><E0/><V104/><F106/><W41/><G41/><T89/><D114/><U128/><E43/><V39/><F104/><W48/><G48/><T7/><D2/><U87/><E128/><V14/><F40/><W57/><G57/><T94/><D3/><U115/><E115/><V120/><F125/><W47/><G47/><T74/><D74/><U38/><E38/><V75/><F129/><W123/><G123/><T31/><D78/><U132/><E77/><V45/><F120/><W55/><G55/><T16/><REACH who="0" step="1"/><D7/><REACH who="0" ten="143,317,367,153" step="2"/><U60/><E132/><V118/><F6/><W24/><G24/><T15/><D15/><N who="1" m="9279" /><E50/><V81/><F76/><W83/><G83/><T131/><D131/><U124/><E124/><V32/><F81/><W28/><G28/><T29/><D29/><U37/><E37/><V70/><F30/><W67/><G67/><AGARI ba="1,2" hai="13,16,21,23,27,31,59,62,67,85,89,94,109,111" machi="67" ten="40,5200,0" yaku="1,1,52,1,54,1,53,0" doraHai="53" doraHaiUra="108" who="0" fromWho="3" sc="143,75,317,0,367,0,153,-55" /><INIT seed="2,0,0,3,4,34" ten="218,317,367,98" oya="2" hai0="85,94,123,17,59,90,83,132,97,26,76,111,45" hai1="128,114,104,10,120,103,75,14,96,23,93,5,87" hai2="77,71,6,3,117,135,50,15,74,63,70,21,99" hai3="27,116,29,12,78,18,38,131,89,1,31,55,110"/><V102/><F117/><W62/><G116/><T134/><D123/><U0/><E114/><V72/><F3/><W98/><G38/><T105/><D45/><U32/><E32/><V44/><F135/><N who="0" m="51754" /><D59/><U4/><E75/><V80/><F74/><W68/><G110/><T54/><D54/><U125/><E120/><V7/><F63/><W2/><G131/><T65/><D65/><U33/><E33/><V82/><F82/><W129/><G129/><T121/><D121/><U112/><E112/><V133/><F133/><W42/><G42/><T56/><D56/><U58/><E128/><V46/><F46/><W88/><G78/><T49/><D49/><U109/><E125/><V60/><F60/><W84/><G98/><T115/><D115/><U51/><E109/><V113/><F113/><W20/><G89/><T79/><D105/><U69/><E69/><V108/><F108/><W106/><G106/><T9/><D111/><U39/><E39/><V130/><F130/><W47/><G47/><T40/><D40/><U43/><E43/><V35/><F35/><W37/><G37/><T53/><D53/><U67/><E67/><V92/><F71/><W52/><G68/><T28/><D79/><U66/><E66/><V95/><F70/><W41/><G41/><T124/><D124/><U24/><E104/><V81/><F77/><W100/><G62/><T127/><D127/><U16/><E58/><V30/><F44/><W57/><G57/><T25/><D28/><N who="3" m="10825" /><G55/><T11/><D26/><U126/><E126/><V22/><F50/><W119/><G27/><T86/><D97/><RYUUKYOKU ba="0,0" sc="218,30,317,-10,367,-10,98,-10" hai0="9,11,17,25,76,83,85,86,90,94" /><INIT seed="3,1,0,5,5,33" ten="248,307,357,88" oya="3" hai0="48,81,37,19,124,9,82,29,114,90,72,27,57" hai1="122,99,79,44,101,121,135,112,102,67,129,110,18" hai2="66,88,76,39,117,41,1,69,36,89,8,119,58" hai3="59,77,10,106,28,87,75,126,65,13,23,34,7"/><W26/><G106/><T20/><D37/><U130/><E67/><V5/><F69/><W55/><G126/><T56/><D124/><U62/><E44/><V43/><F76/><W92/><G75/><T74/><D114/><U6/><E18/><V49/><F39/><W46/><G65/><T17/><D74/><U123/><E62/><V98/><F89/><W105/><G105/><T70/><D70/><U95/><E6/><V52/><F66/><W45/><G34/><T93/><D72/><U25/><E25/><V60/><F60/><W118/><G118/><T109/><D109/><U125/><E112/><V4/><F4/><W84/><G84/><T120/><D120/><U96/><E125/><V61/><F61/><W14/><G14/><N who="0" m="7375" /><D19/><U54/><E54/><V3/><F3/><W86/><G86/><N who="0" m="52439" /><D48/><U51/><E51/><V97/><F97/><W133/><G133/><T94/><D94/><N who="1" m="58519" /><E110/><V21/><F21/><W107/><G107/><T35/><D35/><U40/><E40/><N who="2" m="15435" /><F36/><W85/><G85/><T11/><D11/><U131/><E79/><V32/><F32/><W115/><G115/><T31/><D31/><U73/><E73/><V132/><F132/><AGARI ba="1,0" hai="95,99,102,121,122,123,129,130,131,132,135" m="58519" machi="132" ten="40,5200,0" yaku="19,1,34,2" doraHai="33" who="1" fromWho="2" sc="248,0,307,55,357,-55,88,0" owari="248,-15.2,362,46.2,302,10.2,88,-41.2" /></mjloggm>