<mjloggm ver="2.3"><GO type="225" lobby="0"/><UN n0="%E5%A4%96%E5%B7%9D%E7%AB%9C%E6%88%90" n1="%E4%B8%89%E6%A7%93%E5%AD%90" n2="%E3%81%8F%E3%82%8A%E3%83%94%E3%83%BC" n3="%E6%80%AA%E3%81%97%E3%81%99%E3%81%8E%E3%82%8B%E3%83%81%E3%83%BC" dan="16,16,16,16" rate="2143.09,2067.76,2082.03,2109.39" sx="M,F,M,M"/><TAIKYOKU oya="0"/><INIT seed="0,0,0,1,5,37" ten="250,250,250,250" oya="0" hai0="27,117,110,125,99,6,33,74,41,116,30,132,5" hai1="68,35,39,7,2,80,118,1,69,66,32,112,102" hai2="78,23,83,96,126,26,92,59,58,98,94,57,46" hai3="50,13,90,29,20,65,120,84,121,124,18,36,67"/><T25/><D74/><U76/><E118/><N who="0" m="45673" /><D99/><U4/><E102/><V40/><F126/><W113/><G124/><T73/><D73/><N who="1" m="43023" /><E112/><V108/><F108/><W43/><G113/><T130/><D125/><U128/><E128/><V107/><F107/><W10/><G36/><T0/><D41/><U100/><E100/><V77/><F98/><W42/><G29/><N who="0" m="19631" /><D130/><U61/><E69/><V87/><F78/><W49/><G20/><N who="0" m="15719" /><D110/><U93/><E93/><V19/><REACH who="2" step="1"/><F96/><REACH who="2" ten="250,250,240,250" step="2"/><W24/><G120/><T114/><D114/><U129/><E129/><V104/><F104/><W82/><G121/><T53/><D53/><U101/><E101/><V52/><F52/><W75/><G75/><T14/><D0/><U97/><E97/><V134/><F134/><W71/><G67/><T111/><D111/><U44/><E2/><V106/><F106/><W31/><G65/><T88/><D88/><U21/><E66/><V28/><F28/><W131/><G131/><T47/><D132/><U17/><E1/><V91/><F91/><W119/><G119/><T135/><D135/><U79/><E79/><V38/><AGARI ba="0,1" hai="19,23,26,38,40,46,57,58,59,77,83,87,92,94" machi="38" ten="30,7900,0" yaku="1,1,0,1,52,1,53,1" doraHai="37" doraHaiUra="12" who="2" fromWho="2" sc="250,-39,250,-20,240,89,250,-20" /><INIT seed="1,0,0,5,2,107" ten="211,230,329,230" oya="1" hai0="32,62,75,20,65,31,86,43,106,46,56,50,72" hai1="53,84,120,23,19,135,85,21,57,5,22,64,101" hai2="33,49,45,132,116,28,6,122,11,42,39,35,17" hai3="98,69,108,44,112,110,55,89,123,118,111,113,87"/><U79/><E120/><V52/><F116/><W67/><G98/><T121/><D106/><U134/><E5/><V58/><F122/><W128/><G123/><T95/><D32/><U129/><E64/><V0/><F132/><N who="1" m="50729" /><E101/><V127/><F127/><W109/><N who="3" m="27648" /><DORA hai="133" /><W1/><G1/><T16/><D31/><U34/><E34/><V7/><F28/><W77/><G77/><T96/><D86/><N who="1" m="33387" /><E79/><V27/><REACH who="2" step="1"/><F7/><REACH who="2" ten="211,230,319,230" step="2"/><W10/><G118/><T104/><D121/><U103/><E129/><V3/><F3/><W14/><G128/><T71/><D71/><U80/><E80/><V13/><F13/><W26/><G69/><T93/><D104/><U40/><E40/><V92/><F92/><W37/><G14/><T24/><REACH who="0" step="1"/><D93/><REACH who="0" ten="201,230,319,230" step="2"/><U82/><E19/><V114/><F114/><W130/><G112/><T117/><D117/><U74/><E82/><V83/><F83/><W63/><G113/><T97/><D97/><U70/><E70/><V48/><F48/><W54/><G130/><T78/><D78/><U81/><E81/><V126/><F126/><W66/><G37/><T36/><D36/><U41/><E74/><V60/><F60/><W25/><G87/><T47/><D47/><U38/><E38/><V4/><F4/><W30/><G44/><T8/><D8/><U91/><E41/><V9/><F9/><W18/><G10/><T125/><D125/><U88/><E91/><AGARI ba="0,2" hai="16,20,24,43,46,50,56,62,65,72,75,91,95,96" machi="91" ten="30,8000,1" yaku="1,1,7,1,52,2,54,1,53,0" doraHai="107,133" doraHaiUra="29,124" who="0" fromWho="1" sc="201,100,230,-80,319,0,230,0" /><INIT seed="2,0,0,1,1,117" ten="301,150,319,230" oya="2" hai0="20,19,119,107,46,68,77,29,133,91,96,28,76" hai1="94,2,125,112,88,56,66,16,1,99,21,109,40" hai2="97,74,49,70,64,100,41,44,67,116,134,132,85" hai3="122,54,58,80,124,26,42,48,57,7,79,6,87"/><V120/><F74/><W101/><G122/><T47/><D119/><U95/><E112/><V78/><F116/><W30/><G124/><T82/><D68/><U84/><E125/><V39/><F70/><W123/><G123/><T43/><D107/><U55/><E109/><V108/><F120/><W25/><G101/><T131/><D131/><U50/><E40/><V129/><F129/><W31/><G42/><T13/><D133/><N who="2" m="51306" /><F108/><W86/><G86/><N who="0" m="50647" /><D96/><U4/><E4/><N who="3" m="1578" /><G58/><T38/><D38/><U128/><E66/><V81/><F39/><W14/><G14/><T17/><D17/><U110/><E110/><V35/><F35/><W24/><AGARI ba="0,0" hai="24,25,26,30,31,48,54,57,79,80,87" m="1578" machi="24" ten="30,1100,0" yaku="8,1" doraHai="117" who="3" fromWho="3" sc="301,-3,150,-3,319,-5,230,11" /><INIT seed="3,0,0,2,1,8" ten="298,147,314,241" oya="3" hai0="16,5,84,130,82,87,59,28,26,32,83,11,81" hai1="95,121,10,91,69,99,92,25,71,94,128,80,124" hai2="105,0,29,117,2,48,115,88,58,78,61,66,9" hai3="22,46,27,18,4,41,132,108,119,114,15,120,86"/><W31/><G119/><T135/><D130/><U37/><E37/><V43/><F115/><W23/><G114/><T85/><D135/><U122/><E69/><V13/><F105/><W123/><G132/><T19/><REACH who="0" step="1"/><D59/><REACH who="0" ten="288,147,314,241" step="2"/><U112/><E71/><V49/><F117/><W73/><G108/><T24/><D24/><U42/><E25/><V35/><F58/><W100/><G73/><T53/><D53/><U7/><E112/><V45/><F66/><W111/><G111/><T76/><D76/><U74/><E42/><V79/><F78/><W55/><G100/><T89/><D89/><U72/><E128/><V51/><F88/><W90/><G55/><T133/><D133/><U70/><E70/><V126/><F79/><W93/><REACH who="3" step="1"/><G4/><REACH who="3" ten="288,147,314,231" step="2"/><T96/><D96/><U30/><E30/><V134/><F29/><W60/><G60/><T12/><AGARI ba="0,2" hai="5,11,12,16,19,26,28,32,81,82,83,84,85,87" machi="12" ten="30,8000,1" yaku="1,1,0,1,52,1,54,1,53,1" doraHai="8" doraHaiUra="20" who="0" fromWho="0" sc="288,100,147,-20,314,-20,231,-40" owari="388,48.8,127,-37.3,294,9.4,191,-20.9" /></mjloggm>