<mjloggm ver="2.3"><GO type="225" lobby="0"/><UN n0="%72%61%6B%33" n1="%E5%B8%86%E7%AB%8B%E5%A4%8F%E8%A1%A3" n2="%E9%BA%BB%E9%9B%80%E5%B0%91%E5%B9%B4" n3="%E3%81%A9%E3%82%8F%E3%82%93%E3%81%94" dan="16,17,17,16" rate="2210.23,2185.92,2166.04,2224.60" sx="M,M,M,M"/><TAIKYOKU oya="0"/><INIT seed="0,0,0,5,3,88" ten="250,250,250,250" oya="0" hai0="18,6,132,48,125,124,99,2,79,42,114,73,101" hai1="78,37,29,105,93,34,30,68,92,27,40,55,4" hai2="14,111,74,133,91,10,96,64,119,100,115,102,50" hai3="61,110,9,57,32,16,131,109,128,60,116,83,26"/><T53/><D114/><U84/><E105/><V5/><F115/><W107/><G116/><T39/><D132/><U28/><E68/><V25/><F133/><W62/><G107/><T130/><D130/><N who="3" m="49705" /><G83/><T20/><D42/><U80/><E37/><V71/><F74/><W52/><G32/><T113/><D39/><U90/><E40/><V65/><F119/><W120/><G120/><T13/><D113/><U81/><E4/><V98/><F111/><N who="3" m="42507" /><G26/><T33/><D33/><U135/><E135/><V15/><F25/><W67/><G67/><T0/><D79/><U35/><E35/><V112/><F112/><W24/><G24/><T108/><D73/><U70/><E70/><V22/><F91/><W66/><G66/><T59/><D108/><U46/><E27/><V54/><F71/><W77/><G77/><T129/><D129/><U44/><E34/><V47/><F15/><AGARI ba="0,0" hai="9,15,16,52,57,60,61,62" m="42507,49705" machi="15" ten="30,7700,0" yaku="19,1,14,1,54,2" doraHai="88" who="3" fromWho="2" sc="250,0,250,0,250,-77,250,77" /><INIT seed="1,0,0,5,2,72" ten="250,250,173,327" oya="1" hai0="104,41,16,74,95,124,38,82,99,90,62,1,88" hai1="7,76,2,37,118,0,46,53,26,25,66,49,103" hai2="55,121,23,105,22,56,128,69,14,73,123,97,67" hai3="12,96,80,59,63,119,100,64,125,111,3,84,89"/><U31/><E118/><V122/><F73/><W113/><G111/><T68/><D1/><U30/><E66/><V40/><F128/><W32/><G125/><T86/><D124/><U57/><E103/><V5/><F40/><W116/><G3/><T92/><D104/><U114/><E114/><V115/><F115/><W98/><G32/><T13/><D74/><U109/><E109/><V15/><F69/><W43/><G113/><T44/><D62/><U24/><E76/><V71/><F71/><W83/><G43/><T10/><D68/><U91/><E7/><V93/><F67/><W70/><G70/><T52/><D92/><U65/><E2/><V127/><F105/><W34/><G34/><T129/><D129/><U29/><E0/><V28/><F127/><W35/><G35/><T6/><REACH who="0" step="1"/><D52/><REACH who="0" ten="240,250,173,327" step="2"/><N who="1" m="29751" /><E65/><V4/><F123/><W120/><G120/><T51/><D51/><N who="1" m="30911" /><E37/><V132/><F122/><W54/><G64/><T133/><D133/><U60/><E60/><V61/><F132/><W94/><G119/><T11/><D11/><U77/><E77/><V78/><F78/><W79/><G116/><T81/><D81/><U110/><E110/><V101/><F121/><W135/><G135/><T36/><D36/><U58/><E58/><V45/><F56/><W18/><G83/><T20/><D20/><U108/><E108/><V112/><F23/><N who="3" m="11719" /><G79/><T117/><D117/><U126/><E126/><V19/><F22/><W48/><G63/><T85/><D85/><U8/><E8/><V47/><F112/><W42/><G98/><T107/><D107/><U106/><E106/><RYUUKYOKU ba="0,1" sc="240,10,250,10,173,-30,327,10" hai0="6,10,13,16,38,41,44,82,86,88,90,95,99" hai1="24,25,26,29,30,31,91" hai3="42,48,54,59,80,84,89,94,96,100" /><INIT seed="1,1,1,3,5,30" ten="250,260,143,337" oya="1" hai0="123,116,48,35,101,24,103,104,37,66,91,99,112" hai1="6,28,54,78,21,117,9,49,57,1,119,109,92" hai2="126,34,25,13,53,93,95,31,43,52,23,39,76" hai3="67,60,82,115,8,135,85,133,79,64,32,33,88"/><U122/><E122/><V130/><F126/><W62/><G115/><T26/><D112/><U134/><E134/><N who="3" m="51210" /><G8/><T114/><D114/><U129/><E129/><V18/><F130/><W84/><G62/><T3/><D3/><U51/><E78/><V61/><F76/><W71/><G67/><T7/><D7/><U98/><E109/><V77/><F77/><W120/><G120/><T87/><D37/><U63/><E63/><V132/><F132/><W27/><G27/><T29/><D103/><U50/><E119/><V100/><F61/><W94/><AGARI ba="1,1" hai="32,33,60,64,71,79,82,84,85,88,94" m="51210" machi="94" ten="30,7900,0" yaku="20,1,52,2,54,1" doraHai="30" who="3" fromWho="3" sc="250,-21,260,-40,143,-21,337,92" /><INIT seed="2,0,0,3,1,83" ten="229,220,122,429" oya="2" hai0="9,92,18,90,37,17,131,23,132,55,70,51,111" hai1="56,78,75,91,7,124,63,130,43,84,16,134,102" hai2="88,5,46,62,135,39,89,85,53,76,31,54,29" hai3="30,12,14,95,64,35,99,32,27,2,106,100,133"/><V3/><F135/><W105/><G2/><T119/><D37/><U22/><E134/><V57/><F76/><W101/><G133/><T125/><D132/><U47/><E124/><V0/><F39/><W98/><G64/><T61/><D111/><U60/><E130/><V40/><F89/><W68/><G68/><T10/><D125/><U28/><E7/><V38/><F54/><W33/><G95/><T45/><D131/><U11/><E102/><V107/><F107/><W34/><AGARI ba="0,0" hai="12,14,27,30,32,33,34,35,98,99,100,101,105,106" machi="34" ten="30,2000,0" yaku="0,1,9,1" doraHai="83" who="3" fromWho="3" sc="229,-5,220,-5,122,-10,429,20" /><INIT seed="3,0,0,3,0,61" ten="224,215,112,449" oya="3" hai0="36,130,65,83,23,78,1,85,120,67,39,42,32" hai1="71,21,47,104,48,20,31,99,94,49,88,79,17" hai2="40,111,15,125,82,12,58,126,5,13,26,11,97" hai3="92,9,93,18,116,51,90,81,115,8,57,109,74"/><W50/><G115/><T77/><D32/><U55/><E71/><V60/><F111/><W7/><G109/><T113/><D1/><U89/><E104/><V2/><F40/><W62/><G116/><T131/><D120/><U3/><E3/><V102/><F82/><W80/><G74/><T6/><D113/><U24/><E79/><V10/><F26/><W107/><G18/><T64/><D6/><U76/><E76/><V22/><F22/><W34/><G34/><T63/><D78/><U95/><E49/><V91/><F91/><N who="1" m="34889" /><E99/><V118/><F118/><W45/><G51/><T33/><D33/><U0/><E0/><V37/><F37/><N who="0" m="14410" /><D42/><U86/><E86/><V27/><F27/><AGARI ba="0,0" hai="17,20,21,24,27,31,47,48,55,94,95" m="34889" machi="27" ten="30,2000,0" yaku="8,1,54,1" doraHai="61" who="1" fromWho="2" sc="224,0,215,20,112,-20,449,0" owari="224,-17.6,235,3.5,92,-40.8,449,54.9" /></mjloggm>