<mjloggm ver="2.3"><GO type="225" lobby="0"/><UN n0="%63%68%78%62%64" n1="%E7%89%B9%E6%9D%B1%E3%81%AF%E4%B8%96%E7%95%8C%E3%82%92%E6%95%91%E3%81%86" n2="%E3%81%99%E3%81%84%E3%81%BE%E3%81%9B%E3%83%BC%E3%82%93" n3="%4B%2E%32%2E%4B%2E" dan="16,16,16,17" rate="2157.06,2087.92,2205.39,2191.97" sx="M,M,M,M"/><TAIKYOKU oya="0"/><INIT seed="0,0,0,1,2,101" ten="250,250,250,250" oya="0" hai0="102,57,7,67,98,92,42,91,99,0,27,16,11" hai1="79,93,118,119,126,84,89,94,15,103,8,82,51" hai2="60,29,3,14,52,58,46,63,19,66,56,129,6" hai3="107,75,73,18,86,128,12,109,32,38,43,77,124"/><T9/><D42/><U37/><E37/><V80/><F129/><W5/><G32/><T2/><D9/><U36/><E36/><V131/><F131/><W104/><G128/><T133/><D133/><U23/><E126/><V72/><F29/><W44/><G5/><T87/><D98/><U112/><E112/><V81/><F72/><W41/><G41/><T26/><D2/><U122/><E122/><V68/><F46/><W95/><G109/><T96/><D96/><U20/><E103/><V105/><F105/><W28/><G28/><T106/><REACH who="0" step="1"/><D16/><REACH who="0" ten="240,250,250,250" step="2"/><U47/><E8/><V125/><F3/><W111/><G18/><T64/><D64/><U74/><E15/><V34/><F6/><W108/><G12/><T123/><D123/><U59/><E119/><V62/><F125/><W71/><G43/><T88/><D88/><U69/><E118/><V61/><F19/><W76/><G124/><T97/><D97/><U115/><E89/><V120/><F14/><W83/><G38/><T134/><D134/><U100/><E100/><V24/><F120/><W13/><G13/><T127/><D127/><U1/><E1/><V114/><F66/><W113/><G77/><T22/><D22/><U85/><E23/><V21/><F21/><W50/><G76/><T53/><D53/><U35/><E20/><V4/><F4/><W116/><G116/><T40/><D40/><U48/><E79/><V110/><F34/><W33/><G33/><T45/><D45/><U132/><E132/><V17/><F17/><W10/><G44/><T70/><D70/><U30/><E69/><RYUUKYOKU ba="0,1" sc="240,30,250,-10,250,-10,250,-10" hai0="0,7,11,26,27,57,67,87,91,92,99,102,106" /><INIT seed="0,1,1,0,1,92" ten="270,240,240,240" oya="0" hai0="54,66,101,6,128,84,129,94,69,91,108,89,49" hai1="100,45,62,30,10,47,88,33,13,20,15,121,21" hai2="19,96,71,99,103,53,9,28,133,24,40,56,110" hai3="57,12,79,23,55,68,67,73,70,2,109,82,29"/><T122/><D122/><U124/><E121/><V3/><F110/><W102/><G2/><T26/><D108/><U61/><E33/><V14/><F133/><W18/><G109/><T5/><D101/><U90/><E100/><V117/><F71/><W98/><G67/><T115/><D115/><U60/><E124/><V132/><F132/><W58/><G29/><T80/><D26/><N who="1" m="16711" /><E21/><N who="2" m="15375" /><F3/><W95/><REACH who="3" step="1"/><G58/><REACH who="3" ten="270,240,240,230" step="2"/><T126/><D66/><U43/><E43/><V77/><F40/><W107/><G107/><T78/><D69/><U130/><E130/><N who="0" m="50281" /><D126/><U16/><E15/><V0/><F0/><W105/><G105/><T86/><D78/><U116/><E116/><V111/><F117/><W27/><G27/><T119/><D119/><U74/><E74/><V25/><F25/><W22/><G22/><T35/><D35/><U42/><E42/><V85/><F111/><W93/><G93/><T125/><D125/><U44/><AGARI ba="1,2" hai="10,13,16,44,45,47,60,61,62,88,90" m="16711" machi="44" ten="30,4000,0" yaku="8,1,54,2" doraHai="92" who="1" fromWho="1" sc="270,-21,240,63,240,-11,230,-11" /><INIT seed="1,0,0,2,5,58" ten="249,303,229,219" oya="1" hai0="70,112,18,50,100,103,41,90,35,85,37,47,53" hai1="129,13,98,75,130,101,10,123,124,125,22,84,8" hai2="99,33,49,105,94,102,104,63,25,65,74,89,109" hai3="54,91,131,72,73,34,46,15,76,134,39,69,5"/><U48/><E75/><V36/><F36/><W117/><G34/><T57/><D35/><U16/><E84/><V17/><F74/><W135/><G69/><T6/><D6/><U52/><E123/><V83/><F109/><W97/><G131/><N who="1" m="50186" /><E10/><V82/><F49/><N who="3" m="28983" /><G39/><T42/><D42/><U29/><E29/><N who="2" m="19631" /><F17/><W0/><G0/><T133/><D133/><N who="3" m="50697" /><G76/><T23/><D70/><U38/><E8/><V106/><F106/><W1/><G1/><T67/><D67/><U55/><E38/><V27/><F105/><W121/><G117/><T21/><D112/><U110/><E110/><V113/><F113/><W56/><G121/><T45/><D45/><N who="1" m="27663" /><E55/><V115/><F115/><W80/><G80/><T28/><D28/><U81/><E81/><V127/><F83/><W128/><G128/><T3/><D3/><U12/><E12/><V62/><F82/><W68/><G15/><T114/><D114/><U108/><E108/><V92/><F65/><W79/><G72/><T120/><D120/><U95/><AGARI ba="0,0" hai="13,16,22,95,98,101,124,125" m="27663,50186" machi="95" ten="30,6000,0" yaku="19,1,54,2" doraHai="58" who="1" fromWho="1" sc="249,-20,303,60,229,-20,219,-20" /><INIT seed="1,1,0,4,4,1" ten="229,363,209,199" oya="1" hai0="66,108,89,46,128,16,0,85,26,83,122,21,8" hai1="112,133,25,2,11,22,101,28,27,92,84,114,71" hai2="119,79,7,93,81,36,124,65,40,73,17,50,58" hai3="131,121,24,15,126,70,62,5,69,72,20,32,19"/><U91/><E133/><V120/><F119/><W90/><G121/><T75/><D108/><U134/><E134/><V48/><F120/><W10/><G126/><T110/><D110/><U86/><E71/><V94/><F124/><W49/><G131/><T18/><D128/><U82/><E101/><V44/><F17/><W23/><G72/><T129/><D129/><U102/><E102/><V95/><REACH who="2" step="1"/><F7/><REACH who="2" ten="229,363,199,199" step="2"/><W98/><G32/><T100/><D122/><U103/><E114/><V125/><F125/><W30/><G62/><AGARI ba="1,1" hai="36,40,44,48,50,58,62,65,73,79,81,93,94,95" machi="62" ten="40,2600,0" yaku="1,1,53,1" doraHai="1" doraHaiUra="76" who="2" fromWho="3" sc="229,0,363,0,199,39,199,-29" /><INIT seed="2,0,0,3,3,121" ten="229,363,238,170" oya="2" hai0="42,98,3,0,112,73,5,126,43,33,50,49,106" hai1="63,122,21,131,39,89,77,28,128,82,1,132,85" hai2="38,71,2,23,120,134,4,70,99,62,96,34,84" hai3="76,90,111,12,113,54,47,80,9,37,107,105,75"/><V101/><F120/><W115/><G54/><T65/><D112/><N who="3" m="43081" /><G37/><T31/><D73/><U110/><E110/><V72/><F72/><W117/><G47/><T125/><D65/><U130/><E132/><V78/><F34/><W40/><G40/><N who="0" m="15403" /><D31/><U88/><E39/><V92/><F38/><W48/><G48/><N who="0" m="18539" /><D5/><U57/><E1/><N who="0" m="585" /><D33/><U64/><E122/><V87/><F2/><W97/><G9/><T102/><D102/><U56/><E56/><V7/><F7/><W36/><G12/><T8/><D8/><U18/><E28/><V86/><F4/><W108/><G117/><T14/><D14/><AGARI ba="0,0" hai="14,18,21,57,63,64,77,82,85,88,89,128,130,131" machi="14" ten="40,2600,0" yaku="19,1,54,1" doraHai="121" who="1" fromWho="0" sc="229,-26,363,26,238,0,170,0" /><INIT seed="3,0,0,1,0,50" ten="203,389,238,170" oya="3" hai0="80,34,12,78,75,65,40,55,81,6,61,84,111" hai1="35,67,3,86,42,105,4,92,21,15,119,38,112" hai2="120,121,62,100,31,54,132,82,133,87,33,127,39" hai3="10,1,104,22,128,99,64,101,36,32,106,11,18"/><W57/><G36/><T16/><D34/><U71/><E105/><V95/><F127/><W56/><G32/><T107/><D111/><U66/><E3/><V41/><F31/><W17/><G128/><T24/><D107/><U53/><E66/><V30/><F30/><W27/><G106/><T83/><D40/><U68/><E112/><V103/><F33/><W114/><G114/><T63/><D6/><U110/><E86/><V74/><F74/><W124/><G124/><T102/><D102/><N who="2" m="38954" /><F95/><W76/><G1/><T69/><D24/><U26/><E15/><V19/><F19/><W90/><G76/><T28/><D28/><U108/><E42/><V59/><F41/><W14/><G10/><T43/><D43/><U79/><E21/><V37/><F37/><W122/><G122/><N who="2" m="47209" /><F39/><W131/><G131/><T73/><D73/><U126/><E71/><V89/><AGARI ba="0,0" hai="54,59,62,82,87,89,132,133" m="47209,38954" machi="89" ten="30,2000,0" yaku="13,1,52,1" doraHai="50" who="2" fromWho="2" sc="203,-5,389,-5,238,20,170,-10" owari="198,-20.2,384,48.4,258,5.8,160,-34.0" /></mjloggm>