<mjloggm ver="2.3"><GO type="225" lobby="0"/><UN n0="%E6%98%93%E5%88%A9%E8%96%A9%E4%BC%AF" n1="%72%69%6F%75%63%68%61%6E" n2="%E3%82%B7%E3%83%B3%E5%A4%AA%E6%9C%97" n3="%E8%B6%85%E7%B4%9A%E9%B3%B3%E5%87%B0" dan="16,17,16,16" rate="2051.40,2154.04,2190.79,2142.70" sx="F,M,M,M"/><TAIKYOKU oya="0"/><INIT seed="0,0,0,3,5,32" ten="250,250,250,250" oya="0" hai0="29,95,102,60,97,35,85,24,71,46,11,108,91" hai1="98,73,59,49,9,80,52,18,101,65,47,13,77" hai2="21,116,74,5,120,70,69,3,127,57,14,62,15" hai3="2,28,1,94,8,63,39,125,134,45,50,67,17"/><T83/><D108/><U7/><E65/><V22/><F116/><W81/><G125/><T133/><D133/><U30/><E30/><V106/><F120/><W51/><G134/><T124/><D124/><U113/><E113/><V72/><F127/><W82/><G28/><T37/><D11/><U121/><E121/><V115/><F106/><W110/><G110/><T132/><D132/><U114/><E114/><V16/><F115/><W66/><G39/><T89/><D71/><U43/><E18/><V109/><F109/><W122/><G122/><T26/><D26/><U128/><E128/><V12/><F70/><W105/><G105/><T117/><D60/><U104/><REACH who="1" step="1"/><E59/><REACH who="1" ten="250,240,250,250" step="2"/><V111/><F69/><W119/><G17/><T40/><REACH who="0" step="1"/><D117/><REACH who="0" ten="240,240,250,250" step="2"/><U93/><E93/><V76/><F111/><W38/><G94/><T107/><D107/><U34/><E34/><V87/><F62/><W64/><G63/><T58/><D58/><U6/><E6/><V41/><F57/><W75/><G119/><T20/><D20/><U33/><E33/><V78/><F22/><W112/><G112/><T23/><D23/><U90/><E90/><AGARI ba="0,2" hai="24,29,35,37,40,46,83,85,89,90,91,95,97,102" machi="90" ten="30,2900,0" yaku="1,1,7,1,53,0" doraHai="32" doraHaiUra="19" who="0" fromWho="1" sc="240,49,240,-29,250,0,250,0" /><INIT seed="0,1,0,4,1,26" ten="289,211,250,250" oya="0" hai0="11,95,118,106,90,76,72,119,125,54,116,23,37" hai1="34,20,40,127,66,128,110,65,22,126,121,33,78" hai2="21,63,5,114,73,88,27,129,89,6,59,3,9" hai3="81,74,24,12,29,7,91,123,8,25,133,10,51"/><T15/><D125/><N who="1" m="47627" /><E121/><V56/><F114/><W109/><G123/><T2/><D106/><U130/><E110/><V117/><F117/><W113/><G113/><T17/><D37/><U1/><E1/><V50/><F73/><W18/><G109/><T39/><D39/><U36/><E78/><V53/><F6/><W42/><G133/><T124/><D124/><U71/><E40/><V96/><F96/><W19/><G8/><T98/><D54/><U38/><E36/><V55/><REACH who="2" step="1"/><F129/><REACH who="2" ten="289,211,240,250" step="2"/><N who="1" m="49769" /><E38/><V131/><F131/><W16/><G74/><T80/><REACH who="0" step="1"/><D2/><REACH who="0" ten="279,211,240,250" step="2"/><U57/><E66/><V58/><F58/><W100/><G42/><T67/><D67/><U102/><E57/><V105/><F105/><W4/><G7/><T92/><D92/><U44/><E65/><V77/><F77/><W104/><G4/><T94/><D94/><U86/><E71/><V87/><F87/><W70/><G70/><T84/><D84/><U48/><E86/><V75/><F75/><W103/><G104/><T28/><D28/><AGARI ba="1,2" hai="3,5,9,21,27,28,50,53,55,56,59,63,88,89" machi="28" ten="30,7700,0" yaku="1,1,7,1,52,1,54,1,53,0" doraHai="26" doraHaiUra="69" who="2" fromWho="0" sc="279,-80,211,0,240,100,250,0" /><INIT seed="1,0,0,3,1,135" ten="199,211,340,250" oya="1" hai0="65,42,16,61,110,96,121,129,15,113,82,25,83" hai1="92,127,56,116,12,103,10,7,102,3,106,114,62" hai2="89,49,27,51,19,74,28,85,115,11,38,67,35" hai3="2,93,117,95,107,20,43,58,55,76,63,91,70"/><U31/><E127/><V23/><F38/><W17/><G107/><T26/><D113/><U24/><E114/><V111/><F111/><W131/><G2/><T104/><D110/><U128/><E128/><V78/><F115/><W88/><G131/><T1/><D1/><U126/><E126/><V18/><F67/><W120/><G120/><T30/><D121/><U57/><E116/><V99/><F99/><W39/><G117/><T69/><D42/><U44/><E106/><V72/><F19/><W53/><G70/><T84/><D129/><U109/><E109/><V64/><F64/><W40/><G76/><T119/><D119/><U8/><E44/><V81/><F11/><W50/><G39/><T132/><D84/><U60/><E56/><V47/><F78/><W122/><G122/><T32/><D26/><U125/><E125/><V14/><F51/><W5/><G5/><T6/><D6/><U9/><E62/><V73/><F73/><W66/><G93/><T90/><D132/><U124/><E124/><V71/><F71/><W37/><G37/><T29/><D29/><U123/><E123/><V100/><F100/><N who="1" m="38441" /><E3/><V52/><AGARI ba="0,0" hai="14,18,23,27,28,35,47,49,52,72,74,81,85,89" machi="52" ten="20,2700,0" yaku="0,1,7,1,54,1" doraHai="135" who="2" fromWho="2" sc="199,-7,211,-13,340,27,250,-7" /><INIT seed="2,0,0,5,4,28" ten="192,198,367,243" oya="2" hai0="58,115,113,134,22,93,91,1,43,92,57,130,132" hai1="102,74,24,109,56,53,11,98,16,101,105,116,54" hai2="50,127,111,42,20,60,66,82,7,87,27,45,67" hai3="3,46,8,30,131,48,79,37,96,5,34,126,68"/><V106/><F127/><W83/><G68/><T13/><D1/><U62/><E116/><V18/><F111/><W38/><G126/><T39/><D39/><U32/><E109/><V51/><F106/><W81/><G96/><T75/><D43/><U88/><E74/><V69/><F67/><W80/><G79/><T108/><D75/><U94/><E53/><V117/><F7/><W120/><G131/><T64/><D108/><U23/><E32/><V40/><F117/><W25/><REACH who="3" step="1"/><G120/><REACH who="3" ten="192,198,367,233" step="2"/><T2/><D130/><U10/><E101/><V107/><F107/><W77/><G77/><T90/><D91/><U110/><E110/><V133/><F69/><W49/><G49/><T128/><D90/><U99/><AGARI ba="0,1" hai="10,11,16,23,24,54,56,62,88,94,98,99,102,105" machi="99" ten="20,12000,2" yaku="0,1,7,1,25,2,54,2" doraHai="28" who="1" fromWho="1" sc="192,-30,198,130,367,-60,233,-30" /><INIT seed="3,0,0,4,2,52" ten="162,328,307,203" oya="3" hai0="33,104,39,88,84,119,107,120,73,90,14,2,66" hai1="123,83,31,46,68,4,59,19,122,108,82,34,22" hai2="75,106,130,16,47,57,49,80,61,37,53,30,129" hai3="28,127,97,94,69,42,11,113,58,103,128,65,67"/><W125/><G113/><T17/><D2/><U126/><E68/><V91/><F106/><W51/><G128/><N who="2" m="49257" /><F37/><W87/><G69/><T92/><D119/><U86/><E4/><V26/><F75/><W48/><G28/><T64/><D120/><U74/><E108/><V76/><F91/><W121/><G121/><T85/><D33/><U32/><E126/><N who="3" m="48138" /><G11/><T89/><D39/><U100/><E100/><V71/><F71/><W98/><G87/><T116/><D73/><U12/><E74/><N who="2" m="43031" /><F16/><W8/><G8/><T41/><D41/><U63/><E82/><V13/><F13/><W45/><G98/><T3/><D3/><U40/><E123/><V111/><F111/><W50/><G67/><T43/><D43/><U79/><E122/><V114/><F114/><W132/><G132/><T44/><D116/><U133/><E133/><V131/><N who="2" m="49265" /><V77/><DORA hai="70" /><F77/><W95/><G95/><T21/><D44/><U6/><E6/><V54/><F30/><W118/><G118/><T72/><D72/><U15/><E15/><V36/><F36/><W124/><G124/><T24/><D24/><AGARI ba="0,0" hai="24,26,47,49,53,54,57,61" m="43031,49265" machi="24" ten="40,2600,0" yaku="19,1,52,1" doraHai="52,70" who="2" fromWho="0" sc="162,-26,328,0,307,26,203,0" owari="136,-36.4,328,12.8,333,43.3,203,-19.7" /></mjloggm>