<mjloggm ver="2.3"><GO type="225" lobby="0"/><UN n0="%77%72%77%72%77%72%77%72" n1="%E3%83%AC%E3%82%A4%E3%83%88%E3%83%B3%E5%87%86%E6%95%99%E6%8E%88" n2="%E3%81%B2%E3%81%AA%E3%81%AE%E3%82%8A%E3%81%8F" n3="%E6%B4%BE%E9%81%A3%E3%81%AE%E3%82%B8%E3%83%A3%E3%83%83%E3%82%AF" dan="16,18,17,16" rate="2085.75,2210.70,2219.28,2156.42" sx="M,M,M,M"/><TAIKYOKU oya="0"/><INIT seed="0,0,0,4,5,50" ten="250,250,250,250" oya="0" hai0="84,48,126,17,65,67,111,26,93,96,133,116,97" hai1="52,72,24,55,62,105,102,19,22,99,86,63,75" hai2="13,10,77,57,88,27,82,121,46,9,59,130,109" hai3="112,49,61,70,83,43,79,131,38,78,122,51,23"/><T18/><D116/><U20/><E86/><V32/><F121/><W8/><G112/><T68/><D133/><U115/><E115/><V89/><F109/><W4/><G122/><T98/><D111/><U91/><E91/><V41/><F130/><W64/><G23/><T33/><D126/><U101/><E101/><V5/><F32/><W119/><G78/><T42/><D68/><U60/><REACH who="1" step="1"/><E20/><REACH who="1" ten="250,240,250,250" step="2"/><V103/><F103/><W66/><G131/><T30/><D84/><U127/><E127/><V34/><F34/><W36/><G119/><T39/><D93/><U11/><E11/><V37/><F10/><W69/><G8/><T124/><D124/><U113/><E113/><V31/><F89/><W2/><G79/><T90/><D90/><U44/><E44/><V28/><F88/><W54/><G83/><T12/><D33/><U114/><E114/><V132/><F132/><W95/><G95/><T129/><D129/><U110/><E110/><V85/><F85/><W134/><G134/><T16/><D98/><U6/><E6/><V29/><F82/><W45/><G4/><T108/><D97/><U87/><E87/><V3/><F77/><W81/><G81/><T135/><D96/><U104/><E104/><V125/><F125/><W80/><G80/><T1/><D135/><U117/><E117/><V76/><F76/><W58/><G2/><T0/><D108/><U92/><E92/><V53/><F3/><W74/><G74/><AGARI ba="0,1" hai="19,22,24,52,55,60,62,63,72,74,75,99,102,105" machi="74" ten="40,8000,1" yaku="1,1,52,2,54,1,53,0" doraHai="50" doraHaiUra="7" who="1" fromWho="3" sc="250,0,240,90,250,0,250,-80" /><INIT seed="1,0,0,1,0,17" ten="250,330,250,170" oya="1" hai0="19,11,91,130,71,61,68,82,96,52,94,32,69" hai1="1,72,50,117,78,131,126,66,111,35,76,12,16" hai2="4,134,48,5,80,57,99,63,120,79,112,115,103" hai3="10,38,101,106,89,62,31,128,15,44,83,28,73"/><U65/><E117/><V124/><F120/><W2/><G128/><T105/><D130/><U6/><E131/><V33/><F33/><W46/><G2/><T81/><D32/><U133/><E133/><V36/><F36/><W75/><G106/><T88/><D105/><U114/><E114/><N who="2" m="43563" /><F124/><W102/><G62/><T92/><D11/><U20/><E126/><V55/><F134/><W122/><G122/><T104/><D104/><U53/><E111/><V14/><F14/><W54/><G38/><T37/><D37/><U118/><E35/><V30/><F30/><W27/><G89/><T7/><D7/><U42/><E42/><V26/><F26/><W21/><G31/><T121/><D19/><U113/><E118/><V45/><F99/><W132/><G132/><T87/><REACH who="0" step="1"/><D121/><REACH who="0" ten="240,330,250,170" step="2"/><U3/><E6/><V43/><F103/><W59/><G101/><T119/><D119/><U58/><E113/><V40/><F40/><W93/><G102/><T107/><D107/><U51/><E16/><V125/><F125/><W86/><G10/><T56/><AGARI ba="0,1" hai="52,56,61,68,69,71,81,82,87,88,91,92,94,96" machi="56" ten="40,8000,1" yaku="1,1,0,1,54,2,53,0" doraHai="17" doraHaiUra="39" who="0" fromWho="0" sc="240,90,330,-40,250,-20,170,-20" /><INIT seed="2,0,0,0,0,127" ten="330,290,230,150" oya="2" hai0="78,4,41,45,9,123,25,133,102,106,90,12,5" hai1="84,134,23,14,68,120,28,126,61,43,113,17,64" hai2="39,99,72,29,103,115,10,104,15,98,32,89,13" hai3="94,95,80,73,26,87,67,46,53,112,96,108,11"/><V125/><F115/><W49/><G108/><T77/><D123/><U121/><E113/><V36/><F125/><W76/><G112/><T62/><D133/><U34/><E134/><V59/><F72/><W79/><G67/><T38/><D4/><U20/><E126/><V57/><F32/><W110/><G110/><T56/><D90/><U1/><E1/><V22/><F39/><W105/><G26/><T50/><D38/><U100/><E100/><V114/><F114/><W122/><G122/><N who="1" m="47210" /><E43/><V117/><F36/><W7/><G105/><T129/><D129/><U33/><E84/><V85/><F99/><W60/><G60/><T69/><D69/><U18/><E28/><V116/><F116/><W2/><REACH who="3" step="1"/><G96/><REACH who="3" ten="330,290,230,140" step="2"/><T124/><D25/><AGARI ba="0,1" hai="14,17,18,20,23,25,33,34,61,64,68" m="47210" machi="25" ten="30,1000,0" yaku="13,1" doraHai="127" who="1" fromWho="0" sc="330,-10,290,20,230,0,140,0" /><INIT seed="3,0,0,4,3,80" ten="320,310,230,140" oya="3" hai0="98,85,133,132,68,56,135,10,42,105,40,114,58" hai1="16,124,82,45,87,31,37,100,115,65,18,36,44" hai2="125,89,73,131,21,71,94,88,35,66,11,75,24" hai3="93,14,51,112,111,23,41,13,83,52,91,5,103"/><W76/><G112/><T90/><D68/><U29/><E115/><V70/><F131/><W7/><G41/><N who="0" m="15979" /><D114/><U81/><E100/><V19/><F125/><W126/><G126/><T78/><D78/><U2/><E124/><V15/><F35/><W121/><G121/><T33/><D33/><U57/><E2/><V101/><F101/><W69/><G69/><T39/><D39/><U9/><E82/><V67/><F71/><W113/><G113/><T106/><D10/><U134/><E134/><V48/><F89/><W130/><G130/><T72/><D72/><U55/><E65/><V99/><F73/><W6/><G103/><N who="0" m="62711" /><D106/><U77/><E36/><V120/><F75/><W92/><G111/><T119/><D119/><U61/><E9/><V47/><F70/><W34/><G34/><T50/><D50/><N who="1" m="29127" /><E45/><V116/><F120/><W59/><G23/><T43/><D43/><U54/><E37/><V12/><F12/><N who="3" m="4715" /><G76/><T122/><D122/><U25/><E25/><V109/><F109/><W1/><G1/><T30/><D30/><AGARI ba="0,0" hai="16,18,29,30,31,54,57,61,77,81,87" m="29127" machi="30" ten="30,3900,0" yaku="8,1,52,1,54,1" doraHai="80" who="1" fromWho="0" sc="320,-39,310,39,230,0,140,0" owari="281,8.1,349,44.9,230,-17.0,140,-36.0" /></mjloggm>