<mjloggm ver="2.3"><GO type="225" lobby="0"/><UN n0="%E3%81%A0%E3%81%8A" n1="%E6%80%AA%E3%81%97%E3%81%99%E3%81%8E%E3%82%8B%E3%83%81%E3%83%BC" n2="%E6%A1%9C%E8%8A%B1%E9%96%83%E3%80%85" n3="%E6%98%93%E5%88%A9%E8%96%A9%E4%BC%AF" dan="16,17,18,16" rate="2023.80,2130.25,2253.93,2117.75" sx="M,M,M,F"/><TAIKYOKU oya="0"/><INIT seed="0,0,0,1,3,113" ten="250,250,250,250" oya="0" hai0="48,105,12,19,34,14,25,0,16,45,58,5,47" hai1="65,4,129,96,92,107,112,74,68,109,99,42,121" hai2="59,20,83,6,13,73,70,10,36,51,17,37,57" hai3="86,18,15,103,116,119,90,124,56,72,24,101,114"/><T75/><D105/><U61/><E121/><V135/><F70/><W91/><G72/><T130/><D130/><U35/><E129/><V64/><F135/><W50/><G114/><T82/><D0/><U78/><E112/><V133/><F133/><W84/><G24/><T9/><D5/><U44/><E109/><V63/><F73/><W123/><G56/><T110/><D110/><U8/><E35/><V76/><F83/><N who="3" m="49439" /><G50/><T125/><D125/><U60/><E60/><V126/><F76/><W131/><G131/><T134/><D134/><U117/><E107/><V77/><F77/><W23/><G23/><T88/><D75/><U62/><E117/><N who="3" m="45130" /><G15/><T122/><D122/><U104/><E104/><V67/><F126/><W54/><G54/><N who="0" m="32071" /><D34/><U81/><E61/><V80/><F64/><W41/><G41/><T22/><D25/><U111/><E92/><V79/><F57/><W27/><G27/><T97/><D82/><U2/><REACH who="1" step="1"/><E111/><REACH who="1" ten="250,240,250,250" step="2"/><V31/><F63/><W52/><G123/><T108/><D108/><U33/><E33/><V28/><F67/><W7/><G124/><T38/><D38/><AGARI ba="0,1" hai="2,4,8,38,42,44,62,65,68,74,78,81,96,99" machi="38" ten="30,7700,0" yaku="1,1,7,1,25,2,53,0" doraHai="113" doraHaiUra="120" who="1" fromWho="0" sc="250,-77,240,87,250,0,250,0" /><INIT seed="1,0,0,0,4,111" ten="173,327,250,250" oya="1" hai0="35,90,14,1,110,18,53,60,106,62,39,10,115" hai1="63,16,82,31,49,27,11,25,121,67,86,78,85" hai2="28,4,40,64,104,122,105,3,134,96,45,41,87" hai3="13,17,126,79,47,51,76,109,113,127,84,33,68"/><U92/><E121/><V98/><F122/><W0/><G68/><T29/><D110/><U36/><E36/><V55/><F64/><W43/><G33/><T100/><D39/><U116/><E116/><V107/><F28/><W130/><G0/><T65/><D53/><U102/><E49/><V77/><F55/><W123/><G123/><T23/><D90/><U108/><E108/><V12/><F3/><W44/><G130/><T129/><D129/><U74/><E102/><V38/><F134/><W34/><G34/><T69/><D62/><U26/><E31/><V132/><F41/><W52/><G113/><T125/><D125/><N who="3" m="47625" /><G84/><T56/><D1/><U71/><REACH who="1" step="1"/><E92/><REACH who="1" ten="173,317,250,250" step="2"/><V7/><F105/><W32/><G109/><T19/><D100/><U30/><E30/><V72/><F107/><W58/><G32/><T2/><D106/><U70/><E70/><V93/><F93/><W20/><G47/><T61/><D35/><U73/><E73/><V131/><F72/><W128/><G128/><T48/><D48/><AGARI ba="0,1" hai="13,17,20,43,44,48,51,52,58,76,79" m="47625" machi="48" ten="30,2000,0" yaku="18,1,54,1" doraHai="111" who="3" fromWho="0" sc="173,-20,317,0,250,0,250,30" /><INIT seed="2,0,0,5,0,6" ten="153,317,250,280" oya="2" hai0="96,58,97,50,62,23,31,55,14,52,44,75,130" hai1="22,78,131,19,108,110,129,101,29,5,81,4,126" hai2="94,104,17,117,69,99,25,64,39,20,91,119,11" hai3="93,3,125,10,105,132,135,90,40,82,9,133,87"/><V80/><F39/><W134/><N who="3" m="33792" /><DORA hai="92" /><W48/><G105/><T118/><D75/><N who="1" m="43231" /><E126/><V2/><F104/><W100/><G3/><T60/><D130/><N who="1" m="49675" /><E101/><V128/><F128/><W124/><G40/><N who="0" m="24839" /><D118/><U98/><E98/><N who="0" m="37993" /><D31/><U35/><E35/><V18/><F80/><W84/><G100/><T54/><D62/><U59/><E59/><V63/><REACH who="2" step="1"/><F2/><REACH who="2" ten="153,317,240,280" step="2"/><W30/><G30/><T122/><D122/><U38/><E29/><V106/><F106/><W73/><G73/><T51/><D60/><U83/><E38/><V77/><F77/><N who="3" m="46159" /><G48/><T41/><D41/><U27/><E83/><V123/><F123/><W61/><G61/><T36/><D36/><U8/><E5/><V116/><F116/><W89/><G89/><T85/><D85/><U56/><E56/><V114/><F114/><W47/><G47/><T26/><D26/><U120/><E120/><V113/><F113/><W57/><G57/><T33/><D33/><U1/><AGARI ba="0,1" hai="1,4,8,19,22,27,108,110" m="49675,43231" machi="1" ten="30,2000,0" yaku="19,1,52,1" doraHai="6,92" who="1" fromWho="1" sc="153,-5,317,30,240,-10,280,-5" /><INIT seed="3,0,0,3,2,82" ten="148,347,230,275" oya="3" hai0="86,92,73,124,90,98,99,8,63,74,32,55,108" hai1="72,133,115,95,80,21,38,1,0,68,93,111,20" hai2="106,125,107,65,103,112,76,127,15,123,43,45,85" hai3="97,67,121,51,91,5,75,27,34,12,16,132,19"/><W135/><G75/><T66/><D108/><U4/><E111/><V83/><F112/><W61/><G121/><T122/><D124/><N who="2" m="47690" /><F123/><W130/><G130/><T71/><D122/><U33/><E133/><N who="3" m="51274" /><G51/><T30/><D8/><U52/><E21/><V101/><F65/><W36/><G36/><T119/><D119/><U26/><E95/><V69/><F15/><W88/><G5/><T84/><D55/><U14/><E4/><V42/><F69/><N who="3" m="42223" /><G97/><T3/><D3/><U114/><E38/><N who="2" m="21719" /><F43/><W118/><G118/><T96/><REACH who="0" step="1"/><D86/><REACH who="0" ten="138,347,230,275" step="2"/><U87/><E87/><V35/><F35/><W7/><G7/><T11/><D11/><U2/><E2/><V56/><F56/><W22/><G34/><T17/><D17/><U59/><E33/><V44/><F44/><W129/><G129/><T104/><D104/><AGARI ba="0,1" hai="76,83,85,101,103,104,106,107" m="21719,47690" machi="104" ten="30,2000,0" yaku="18,1,52,1" doraHai="82" who="2" fromWho="0" sc="138,-20,347,0,230,30,275,0" owari="118,-38.2,347,44.7,260,-14.0,275,7.5" /></mjloggm>