<mjloggm ver="2.3"><GO type="225" lobby="0"/><UN n0="%E5%A4%9C%E5%85%89%E5%A4%A9%E6%A5%BC" n1="%E3%81%B5%E3%81%98%E3%81%8B%E3%81%A4" n2="%33%74%72%65%65" n3="%48%61%61%61%6C%61%6E%64" dan="16,16,16,18" rate="2124.50,2183.13,2096.42,2178.48" sx="M,M,F,M"/><TAIKYOKU oya="0"/><INIT seed="0,0,0,0,1,102" ten="250,250,250,250" oya="0" hai0="84,127,31,37,7,80,41,83,91,108,45,66,86" hai1="89,63,32,103,0,10,62,109,23,5,55,34,130" hai2="53,4,116,48,11,118,12,131,14,6,57,19,97" hai3="2,78,121,8,38,43,81,79,111,132,112,128,54"/><T46/><D127/><U29/><E130/><V104/><F131/><W122/><G112/><T58/><D108/><U76/><E109/><V3/><F3/><W13/><G111/><T51/><D31/><U75/><E89/><V64/><F64/><W98/><G128/><T87/><D7/><U74/><E103/><N who="2" m="62575" /><F14/><W60/><G2/><T72/><D72/><U24/><E75/><V85/><F85/><W77/><G81/><T65/><D58/><U15/><E55/><V56/><F57/><W52/><G98/><T50/><D37/><U90/><E90/><V21/><F21/><W107/><G107/><T16/><D16/><N who="1" m="10655" /><E32/><V117/><AGARI ba="0,0" hai="4,6,11,12,19,48,53,56,116,117,118" m="62575" machi="117" ten="30,2000,0" yaku="12,1,52,1" doraHai="102" who="2" fromWho="2" sc="250,-10,250,-5,250,20,250,-5" /><INIT seed="1,0,0,2,2,4" ten="240,245,270,245" oya="1" hai0="7,131,92,33,100,97,63,78,77,60,111,130,96" hai1="65,122,91,10,69,98,56,45,95,88,62,26,20" hai2="47,13,68,39,115,53,103,38,37,120,109,35,22" hai3="110,84,75,106,28,29,58,128,116,94,79,134,43"/><U14/><E122/><V67/><F120/><W9/><G106/><T89/><D111/><U76/><E76/><N who="0" m="29289" /><D7/><N who="1" m="3423" /><E69/><V99/><F109/><W15/><G110/><T31/><D33/><U27/><E45/><V129/><F35/><W82/><G128/><N who="0" m="49195" /><D31/><N who="1" m="17863" /><E27/><V127/><F129/><W17/><G116/><T36/><D36/><U81/><E81/><V107/><F39/><W132/><G43/><T102/><D102/><AGARI ba="0,0" hai="56,62,65,88,91,95,98,102" m="17863,3423" machi="102" ten="30,11600,0" yaku="25,1,8,1,52,1,54,1" doraHai="4" who="1" fromWho="0" sc="240,-116,245,116,270,0,245,0" /><INIT seed="1,1,0,1,4,9" ten="124,361,270,245" oya="1" hai0="85,24,74,17,36,33,97,45,66,107,111,61,3" hai1="99,96,58,37,100,78,20,118,113,121,68,54,55" hai2="62,21,29,4,72,59,51,12,67,5,94,42,35" hai3="18,123,81,115,52,70,22,120,82,135,32,16,122"/><U14/><E113/><V132/><F132/><W76/><G115/><T28/><D111/><U25/><E121/><V110/><F110/><W124/><G32/><T57/><D74/><U2/><E118/><V49/><F72/><W88/><G135/><T79/><D3/><U10/><E2/><V47/><F35/><W26/><G70/><T69/><D57/><U53/><E68/><V104/><F104/><W40/><G40/><T106/><D106/><U0/><E0/><V50/><F94/><W95/><G124/><T87/><D17/><U83/><E37/><V130/><F130/><W31/><G52/><N who="1" m="20074" /><E100/><V127/><F127/><W48/><G48/><N who="2" m="18537" /><F29/><W98/><REACH who="3" step="1"/><G82/><REACH who="3" ten="124,361,270,235" step="2"/><T39/><D39/><U101/><E55/><V134/><F134/><W8/><G8/><T105/><D105/><U63/><E83/><V27/><F51/><W23/><G23/><T1/><D1/><U129/><E20/><V125/><F125/><W133/><G133/><T91/><D107/><U15/><E10/><N who="2" m="4167" /><F42/><W11/><G11/><T92/><D36/><U112/><E129/><V103/><F5/><W86/><AGARI ba="1,1" hai="16,18,22,26,31,76,81,86,88,95,98,120,122,123" machi="86" ten="30,7900,0" yaku="1,1,0,1,54,2,53,0" doraHai="9" doraHaiUra="44" who="3" fromWho="3" sc="124,-21,361,-40,270,-21,235,92" /><INIT seed="2,0,0,5,1,132" ten="103,321,249,327" oya="2" hai0="99,110,130,13,28,42,22,25,90,5,37,100,129" hai1="9,89,62,36,91,56,70,24,23,2,128,122,3" hai2="98,27,101,102,115,83,20,86,125,97,52,6,105" hai3="4,15,32,78,113,135,73,94,109,117,87,46,133"/><V50/><F125/><W59/><G117/><T49/><D110/><U112/><E122/><V11/><F115/><W75/><G32/><T93/><D37/><U48/><E112/><V85/><F6/><W47/><G109/><T58/><D5/><U74/><E36/><V114/><F11/><N who="3" m="4583" /><G113/><T54/><D42/><U57/><E70/><V39/><F39/><W92/><G59/><T84/><REACH who="0" step="1"/><D13/><REACH who="0" ten="93,321,249,327" step="2"/><U0/><E3/><V68/><F114/><W120/><G135/><T19/><D19/><U16/><E0/><V127/><F127/><W51/><G133/><T45/><D45/><U123/><E2/><V108/><F108/><W12/><G46/><T65/><D65/><U106/><E16/><V41/><F41/><W60/><G12/><T79/><D79/><U67/><E67/><V82/><F27/><W81/><G47/><T69/><D69/><U26/><E24/><V95/><F68/><W7/><G78/><T72/><D72/><U40/><E74/><V10/><F10/><W35/><G75/><T104/><AGARI ba="0,1" hai="22,25,28,49,54,58,84,90,93,99,100,104,129,130" machi="104" ten="30,4000,0" yaku="1,1,0,1,53,1" doraHai="132" doraHaiUra="17" who="0" fromWho="0" sc="93,50,321,-10,249,-20,327,-10" /><INIT seed="3,0,0,3,0,26" ten="143,311,229,317" oya="3" hai0="35,28,49,38,103,114,128,51,111,110,77,13,91" hai1="108,24,73,64,134,132,67,97,82,69,113,25,123" hai2="92,16,8,87,50,6,105,44,36,101,96,130,59" hai3="41,65,46,32,61,118,29,43,31,135,102,2,9"/><W115/><G115/><T33/><D114/><U76/><E123/><V90/><F130/><W62/><G118/><T72/><D128/><U56/><E113/><V74/><F74/><W22/><G32/><T131/><D131/><U107/><E108/><V89/><F36/><W127/><G102/><T3/><D38/><U39/><E39/><V95/><F59/><N who="3" m="37055" /><G2/><T121/><D121/><U117/><E56/><V30/><F30/><N who="3" m="11275" /><G127/><T54/><D3/><U93/><E107/><V80/><F105/><W129/><G135/><N who="1" m="51754" /><E117/><V40/><F101/><W19/><G9/><T15/><D103/><N who="1" m="60847" /><E69/><V34/><F8/><W17/><G46/><T125/><D28/><U23/><E23/><V18/><F44/><W66/><G17/><T57/><D57/><U1/><E1/><V85/><F16/><W42/><G129/><T126/><D72/><U55/><E73/><V60/><F18/><W112/><G112/><T5/><D77/><U37/><E37/><V119/><F34/><W99/><G99/><T71/><D71/><U27/><E27/><V68/><F96/><W116/><G116/><T88/><REACH who="0" step="1"/><D54/><REACH who="0" ten="133,311,229,317" step="2"/><U75/><E55/><V106/><F68/><W124/><G41/><T21/><D21/><U109/><E109/><V52/><F40/><W14/><G124/><T12/><D12/><U94/><E94/><V20/><F92/><W104/><G104/><T63/><D63/><U0/><E0/><V98/><F60/><W45/><G45/><T122/><D122/><U47/><E47/><V4/><F106/><W53/><G53/><T83/><D83/><U84/><E75/><RYUUKYOKU ba="0,1" sc="133,10,311,10,229,-30,317,10" hai0="5,13,15,33,35,49,51,88,91,110,111,125,126" hai1="24,25,64,67,76,82,84" hai3="14,19,22,42,43,62,66" owari="143,-35.7,321,12.1,199,-20.1,337,43.7" /></mjloggm>