<mjloggm ver="2.3"><GO type="225" lobby="0"/><UN n0="%E8%B6%85%E7%B4%9A%E9%B3%B3%E5%87%B0" n1="%E5%86%B7%E5%87%8D%E3%82%AE%E3%83%A7%E3%83%BC%E3%82%B6" n2="%E3%81%B2%E3%81%AA%E3%81%AE%E3%82%8A%E3%81%8F" n3="%E3%81%99%E3%81%84%E3%81%BE%E3%81%9B%E3%83%BC%E3%82%93" dan="16,16,17,17" rate="2163.87,2183.36,2160.36,2185.49" sx="M,M,M,M"/><TAIKYOKU oya="0"/><INIT seed="0,0,0,4,5,108" ten="250,250,250,250" oya="0" hai0="121,31,36,2,6,7,71,76,34,23,51,117,13" hai1="58,99,24,70,21,119,12,91,48,72,54,22,4" hai2="115,20,130,100,128,85,86,94,29,118,92,42,67" hai3="126,109,110,77,41,28,122,8,74,73,102,134,66"/><T15/><D117/><U60/><E72/><V50/><F118/><W17/><G28/><T47/><D121/><U61/><E119/><V33/><F33/><W53/><G41/><T43/><D71/><U111/><E70/><V39/><F39/><W112/><G66/><T78/><D36/><U35/><E35/><V87/><F67/><W49/><G102/><T135/><D135/><U127/><E127/><V56/><F100/><W75/><G126/><T19/><D13/><U0/><E0/><V107/><F107/><W10/><G134/><T83/><D6/><U124/><E111/><N who="3" m="42506" /><G112/><T93/><D93/><N who="1" m="56767" /><E124/><V59/><F115/><W133/><G133/><T69/><D69/><U46/><E46/><N who="2" m="25943" /><F94/><W82/><G122/><T26/><REACH who="0" step="1"/><D83/><REACH who="0" ten="240,250,250,250" step="2"/><U18/><E4/><V38/><F92/><W11/><G17/><AGARI ba="0,1" hai="12,17,18,21,22,24,48,54,58,60,61" m="56767" machi="17" ten="30,1000,0" yaku="8,1" doraHai="108" who="1" fromWho="3" sc="240,0,250,20,250,0,250,-10" /><INIT seed="1,0,0,1,1,43" ten="240,270,250,240" oya="1" hai0="134,132,41,16,69,47,127,10,11,74,129,37,119" hai1="52,19,63,0,114,64,15,2,81,24,79,17,76" hai2="96,46,89,8,61,59,105,113,12,67,78,91,26" hai3="49,112,103,28,55,107,128,70,48,73,31,50,5"/><U83/><E114/><V115/><F78/><W62/><G112/><N who="2" m="43081" /><F26/><W14/><G128/><T90/><D119/><U133/><E133/><N who="0" m="51305" /><D74/><U4/><E4/><N who="2" m="3079" /><F46/><W125/><G73/><T33/><D33/><U29/><E19/><V23/><F23/><W109/><G109/><T120/><D69/><U84/><E0/><V118/><F118/><W35/><G125/><T58/><D129/><U27/><E2/><V88/><F105/><W57/><G70/><T95/><D127/><U51/><E29/><V135/><F135/><W38/><G38/><T131/><D131/><U13/><E13/><V126/><F126/><W39/><G39/><T25/><D120/><U22/><E79/><V36/><F36/><W65/><G35/><T68/><D68/><U93/><E93/><AGARI ba="0,0" hai="59,61,67,88,89,91,93,96" m="3079,43081" machi="93" ten="30,2000,0" yaku="11,1,54,1" doraHai="43" who="2" fromWho="1" sc="240,0,270,-20,250,20,240,0" /><INIT seed="2,0,0,2,4,70" ten="240,250,270,240" oya="2" hai0="105,68,126,31,117,17,116,87,96,60,115,107,4" hai1="101,103,86,54,14,37,67,79,39,135,41,21,118" hai2="91,73,84,76,134,16,128,8,22,45,98,59,2" hai3="26,53,99,127,7,15,106,38,129,42,55,12,72"/><V123/><F123/><W57/><G72/><T43/><D115/><U36/><E118/><N who="0" m="45673" /><D126/><U81/><E135/><V108/><F134/><W5/><G127/><T69/><D31/><U130/><E130/><V112/><F112/><W77/><G77/><T50/><D4/><U110/><E110/><V64/><F128/><W92/><G106/><N who="0" m="40459" /><D96/><U18/><E41/><V125/><F98/><W44/><G129/><T93/><D17/><U47/><E67/><V102/><F102/><W119/><G119/><T95/><D60/><U11/><REACH who="1" step="1"/><E21/><REACH who="1" ten="240,240,270,240" step="2"/><V40/><F22/><W52/><G55/><T100/><D43/><U61/><E61/><V97/><F40/><W51/><G53/><T121/><D121/><U3/><E3/><V78/><F2/><W122/><G122/><T19/><D69/><U6/><E6/><V85/><F64/><W132/><G132/><T58/><D68/><U30/><E30/><V23/><F23/><W65/><G65/><T80/><D19/><U75/><E75/><V10/><F73/><W46/><G5/><T48/><D58/><U9/><E9/><V113/><F10/><W29/><G7/><T63/><D63/><U20/><E20/><V83/><F108/><W56/><G56/><T82/><D87/><U131/><E131/><V34/><F59/><W13/><G57/><T120/><D120/><U88/><E88/><V109/><F109/><W66/><G66/><T111/><D111/><U33/><E33/><V27/><F34/><N who="3" m="20791" /><G99/><T28/><D28/><U104/><E104/><V1/><F125/><W62/><G62/><T0/><D0/><RYUUKYOKU ba="0,1" sc="240,-15,240,15,270,-15,240,15" hai1="11,14,18,36,37,39,47,54,79,81,86,101,103" hai3="12,13,15,38,42,44,46,51,52,92" /><INIT seed="3,1,1,2,5,129" ten="225,255,255,255" oya="3" hai0="57,89,91,107,53,59,32,36,54,72,56,63,93" hai1="121,43,34,110,4,58,42,127,39,7,90,84,1" hai2="3,108,61,70,109,117,125,135,50,130,16,92,13" hai3="82,132,38,18,52,55,37,83,41,68,44,48,88"/><W30/><G132/><T115/><D107/><U2/><E121/><V46/><F117/><W66/><G30/><T131/><D72/><U81/><E34/><V97/><F130/><W120/><G120/><T113/><D131/><U111/><E127/><V104/><F125/><W51/><G18/><T75/><D75/><U100/><E100/><V29/><F3/><N who="1" m="1033" /><E58/><V76/><F104/><W105/><G105/><T69/><D32/><U133/><E133/><V5/><F5/><N who="1" m="2121" /><E39/><V65/><F76/><W78/><G78/><T101/><D36/><U23/><E23/><V20/><F29/><W79/><G79/><T103/><D57/><U116/><E116/><V119/><F135/><W11/><G37/><T15/><D15/><U123/><E123/><V62/><F62/><N who="3" m="40023" /><G51/><T26/><D26/><U64/><E64/><V47/><F119/><W124/><G124/><T99/><D69/><U71/><E71/><V25/><F25/><W96/><G55/><T85/><D115/><U28/><E28/><V14/><F13/><W6/><G6/><T106/><D113/><U45/><E45/><V12/><F14/><W134/><G134/><T33/><D33/><U74/><E74/><V87/><F87/><W73/><G73/><T8/><D8/><U98/><E98/><V35/><F35/><W122/><G11/><T67/><D67/><U86/><E86/><V118/><F118/><W114/><G122/><T112/><D112/><U31/><E31/><V49/><F49/><W40/><G114/><T22/><D106/><U19/><E19/><V10/><F10/><W17/><G17/><RYUUKYOKU ba="1,1" sc="225,-10,255,30,255,-10,255,-10" hai1="42,43,81,84,90,110,111" /><INIT seed="4,2,1,0,0,21" ten="215,285,245,245" oya="0" hai0="75,101,128,125,22,69,104,98,71,19,52,1,107" hai1="13,92,106,121,20,118,73,83,37,99,135,29,119" hai2="5,50,62,53,30,132,116,26,39,25,100,96,34" hai3="126,28,60,124,108,110,76,7,63,55,33,134,113"/><T14/><D1/><U44/><E121/><V6/><F39/><W93/><G113/><T84/><D75/><U88/><E135/><V97/><F132/><W48/><G7/><T40/><D128/><U87/><E37/><V78/><F116/><W32/><G134/><T35/><D35/><U42/><E42/><V77/><F62/><N who="3" m="23595" /><G76/><N who="2" m="29289" /><F30/><W61/><G93/><T130/><D130/><U59/><E44/><N who="2" m="27847" /><F34/><N who="3" m="13419" /><G28/><T80/><D125/><N who="3" m="48233" /><G61/><T67/><D67/><U91/><E73/><V17/><F17/><W86/><G86/><T56/><D107/><U133/><E106/><V24/><F100/><W123/><G123/><T16/><D19/><U3/><E133/><V81/><F81/><W103/><G103/><T58/><D40/><U2/><E118/><V27/><N who="2" m="6144" /><DORA hai="127" /><V38/><F38/><W112/><G112/><T4/><D4/><AGARI ba="2,1" hai="4,5,6,96,97" m="6144,27847,29289" machi="4" ten="40,8000,1" yaku="8,1,52,4" doraHai="21,127" who="2" fromWho="0" sc="215,-86,285,0,245,96,245,0" owari="129,-37.1,285,8.5,341,44.1,245,-15.5" /></mjloggm>