<mjloggm ver="2.3"><GO type="225" lobby="0"/><UN n0="%43%68%65" n1="%73%69%72%6F%75%74" n2="%E8%A8%88%E7%AE%97%E6%A9%9F%E8%87%AA%E7%84%B6" n3="%E3%81%AF%E3%82%88%E3%81%8A%E3%81%98%E3%81%95%E3%82%93" dan="16,16,17,16" rate="2164.24,2119.14,2245.42,2178.77" sx="M,M,M,M"/><TAIKYOKU oya="0"/><INIT seed="0,0,0,4,1,79" ten="250,250,250,250" oya="0" hai0="47,97,32,53,127,132,8,91,45,19,18,78,48" hai1="6,120,86,9,35,31,44,5,106,135,125,26,57" hai2="134,89,0,55,87,69,33,71,7,96,37,121,117" hai3="74,66,72,25,73,108,104,103,13,94,112,98,43"/><T88/><D32/><U68/><E68/><V14/><F121/><W109/><G43/><T115/><D115/><U1/><E106/><V51/><F0/><W81/><G66/><T128/><D128/><U16/><E120/><V2/><F2/><W17/><G25/><T70/><D70/><U22/><E125/><V62/><F37/><W40/><G40/><T67/><D132/><U63/><E135/><V27/><F134/><W113/><G13/><T23/><D127/><U92/><E44/><V101/><F117/><W110/><G17/><T77/><D67/><U114/><E6/><V105/><F62/><W83/><G104/><T59/><D8/><U4/><E4/><V61/><F61/><W131/><G131/><T56/><D19/><U107/><E107/><V95/><F14/><W49/><G49/><T111/><D111/><U118/><E118/><V85/><F85/><W12/><G12/><N who="0" m="9671" /><D47/><U116/><E116/><V41/><F7/><W24/><G24/><T21/><D21/><U11/><E11/><V52/><F69/><W54/><G54/><T34/><D34/><U90/><E35/><V80/><F71/><W100/><G103/><T58/><D97/><U124/><E124/><V28/><F41/><W10/><G10/><T64/><D64/><U129/><E129/><V15/><F15/><W122/><G122/><T65/><D65/><N who="1" m="39151" /><E114/><AGARI ba="0,0" hai="72,73,74,81,83,94,98,100,108,109,110,112,113,114" machi="114" ten="50,12000,2" yaku="14,1,34,3,52,2" doraHai="79" who="3" fromWho="1" sc="250,0,250,-120,250,0,250,120" /><INIT seed="1,0,0,0,3,8" ten="250,130,250,370" oya="1" hai0="48,99,125,131,114,63,39,57,104,53,83,17,43" hai1="31,116,21,119,132,98,1,72,77,22,56,111,5" hai2="49,74,71,12,86,33,70,95,82,96,73,69,91" hai3="88,123,36,7,19,46,97,16,81,85,67,106,84"/><U23/><E98/><V35/><F49/><W28/><G123/><T64/><D114/><U6/><E77/><V126/><F126/><W109/><G109/><T47/><D125/><U41/><E72/><V101/><F73/><W37/><G7/><N who="1" m="2570" /><E56/><V13/><REACH who="2" step="1"/><F74/><REACH who="2" ten="250,130,240,370" step="2"/><W76/><G37/><T130/><D83/><U133/><E41/><V50/><F50/><W80/><G36/><T54/><D17/><U27/><E1/><V128/><F128/><N who="0" m="49194" /><D39/><U103/><E111/><V122/><F122/><W129/><G19/><T60/><D60/><U10/><E103/><AGARI ba="0,1" hai="43,47,48,53,54,57,63,64,99,103,104" m="49194" machi="103" ten="30,1000,0" yaku="19,1" doraHai="8" who="0" fromWho="1" sc="250,20,130,-10,240,0,370,0" /><INIT seed="2,0,0,4,2,30" ten="270,120,240,370" oya="2" hai0="131,71,108,20,22,94,126,76,77,99,124,86,37" hai1="55,34,135,46,3,39,64,57,61,89,42,93,127" hai2="7,56,8,14,92,78,31,116,63,95,45,133,18" hai3="113,91,43,109,21,81,52,41,0,123,24,23,6"/><V10/><F116/><W15/><G0/><T105/><D71/><U100/><E3/><V72/><F133/><W96/><G123/><T69/><D69/><U25/><E127/><N who="0" m="48681" /><D37/><U87/><E135/><V12/><F72/><W85/><G109/><T110/><D105/><U40/><E40/><V114/><F114/><W59/><G113/><T103/><D131/><U102/><REACH who="1" step="1"/><E64/><REACH who="1" ten="270,110,240,370" step="2"/><N who="2" m="39015" /><F78/><W49/><G43/><T111/><D77/><U54/><E54/><V121/><F121/><W118/><G52/><T75/><D75/><U70/><E70/><V58/><F45/><W26/><G41/><T106/><D76/><U27/><E27/><V134/><F134/><W68/><G26/><T62/><D111/><U83/><E83/><V11/><F58/><W98/><G81/><T48/><D110/><U28/><AGARI ba="0,1" hai="25,28,34,39,42,46,55,57,61,87,89,93,100,102" machi="28" ten="30,4000,0" yaku="1,1,0,1,52,1,53,0" doraHai="30" doraHaiUra="17" who="1" fromWho="1" sc="270,-10,110,50,240,-20,370,-10" /><INIT seed="3,0,0,2,0,0" ten="260,160,220,360" oya="3" hai0="11,70,113,68,32,55,14,87,18,100,25,63,95" hai1="129,4,92,77,36,86,13,53,75,120,23,108,34" hai2="125,33,90,109,112,51,29,49,123,17,91,73,60" hai3="80,43,132,38,106,98,47,93,42,61,84,48,5"/><W69/><G106/><T79/><D113/><U54/><E120/><V116/><F116/><W45/><G132/><T128/><D128/><U111/><E34/><V71/><F112/><W21/><G5/><T102/><D70/><U59/><E36/><V12/><F73/><W83/><G84/><T134/><D134/><U96/><E129/><V62/><F109/><W58/><G21/><T22/><D32/><U72/><E86/><V3/><F3/><W76/><G76/><T88/><D79/><U26/><E77/><V28/><F125/><W37/><G69/><T115/><D115/><U78/><E78/><V133/><F133/><W30/><G30/><N who="2" m="11881" /><F71/><W31/><G31/><T94/><D94/><U8/><E108/><V52/><F49/><W27/><G27/><T7/><D68/><U131/><E111/><V46/><F123/><W81/><G48/><T124/><D124/><U101/><E131/><V66/><F33/><W41/><G37/><T35/><D35/><U119/><E119/><V105/><F105/><W67/><G38/><T127/><D127/><U104/><E104/><V57/><F62/><W40/><G41/><T89/><D89/><AGARI ba="0,0" hai="40,42,43,45,47,58,61,67,80,81,83,89,93,98" machi="89" ten="40,2000,0" yaku="8,1" doraHai="0" who="3" fromWho="0" sc="260,-20,160,0,220,0,360,20" owari="240,4.0,160,-34.0,220,-18.0,380,48.0" /></mjloggm>