<mjloggm ver="2.3"><GO type="225" lobby="0"/><UN n0="%E3%82%A2%E3%82%A4%E3%82%B9%E3%83%86%E3%82%A3%E3%83%BC%E3%81%82%E3%81%B9" n1="%72%69%6F%75%63%68%61%6E" n2="%28%EF%BF%A3%E2%96%BD%EF%BF%A3%29%CE%B4%E2%8C%92%E3%83%BB" n3="%E8%B6%85%E7%B4%9A%E9%B3%B3%E5%87%B0" dan="16,17,16,16" rate="2103.01,2196.85,2066.46,2120.21" sx="M,M,M,M"/><TAIKYOKU oya="0"/><INIT seed="0,0,0,4,3,122" ten="250,250,250,250" oya="0" hai0="119,23,108,83,64,131,128,48,56,4,27,110,104" hai1="123,52,43,109,21,7,41,30,72,116,59,111,8" hai2="132,18,16,53,57,0,74,60,127,55,115,73,112" hai3="5,102,39,3,114,130,6,71,106,113,2,78,62"/><T34/><D34/><U49/><E116/><V14/><F0/><W33/><G33/><T135/><D119/><U36/><E123/><V15/><F57/><W47/><G78/><T84/><D104/><U76/><E30/><V12/><F60/><W45/><G62/><N who="0" m="37959" /><D4/><U99/><E21/><V94/><F94/><W93/><G93/><T88/><D48/><U44/><E41/><V58/><F58/><W28/><G106/><T75/><D75/><N who="2" m="28682" /><F132/><W51/><G39/><T17/><D135/><U26/><E26/><V24/><F24/><W69/><G51/><T29/><D17/><N who="2" m="6762" /><F127/><W103/><REACH who="3" step="1"/><G28/><REACH who="3" ten="250,250,250,240" step="2"/><T38/><D38/><U124/><E124/><V13/><N who="2" m="3072" /><DORA hai="46" /><V80/><F80/><W87/><G87/><T68/><D68/><U37/><E37/><V77/><F77/><W25/><G25/><T40/><D40/><U96/><E76/><V118/><F118/><W85/><G85/><T32/><D32/><U9/><E72/><V129/><F129/><AGARI ba="0,1" hai="2,3,5,6,45,47,69,71,102,103,113,114,129,130" machi="129" ten="25,8000,1" yaku="1,1,22,2,53,2" doraHai="122,46" doraHaiUra="66,11" who="3" fromWho="2" sc="250,0,250,0,250,-80,240,90" /><AGARI ba="0,0" hai="23,27,29,83,84,88,108,110,128,129,131" m="37959" machi="129" ten="30,11600,0" yaku="19,1,52,2,54,1" doraHai="122,46" who="0" fromWho="2" sc="250,116,250,0,170,-116,330,0" /><INIT seed="0,1,0,1,3,130" ten="366,250,54,330" oya="0" hai0="104,63,2,129,111,65,52,113,127,64,132,102,47" hai1="29,75,117,14,89,44,93,97,22,122,119,83,35" hai2="135,77,23,61,124,10,67,5,41,76,70,128,90" hai3="79,98,58,37,18,39,13,105,71,17,120,4,6"/><T31/><D113/><U66/><E122/><V30/><F128/><W42/><G71/><T100/><D2/><U55/><E35/><V96/><F124/><W91/><G120/><T8/><D129/><U7/><E66/><N who="0" m="25705" /><D104/><U38/><E29/><V9/><F41/><W126/><G126/><T11/><D127/><U32/><E32/><V116/><F116/><W45/><G79/><T62/><D31/><U3/><E14/><V28/><F10/><N who="0" m="3626" /><D132/><U34/><E7/><V108/><F108/><W99/><G39/><T78/><D78/><U87/><E3/><V36/><F36/><W125/><G125/><T85/><D85/><U25/><E34/><V110/><F110/><W103/><G18/><T16/><D16/><N who="1" m="12487" /><E38/><V51/><F51/><W20/><G91/><T56/><D111/><U60/><E75/><V86/><F135/><W68/><G68/><T15/><D15/><U48/><E117/><V133/><F133/><W123/><G123/><T57/><D47/><U81/><E119/><V40/><F40/><W94/><G105/><T24/><D24/><U73/><E73/><V121/><F121/><W54/><REACH who="3" step="1"/><G99/><REACH who="3" ten="366,250,54,320" step="2"/><T101/><D102/><U19/><E19/><V46/><F96/><W109/><G109/><T92/><D92/><U82/><E60/><AGARI ba="1,1" hai="4,6,13,17,20,37,42,45,54,58,60,94,98,103" machi="60" ten="30,3900,0" yaku="1,1,7,1,53,1" doraHai="130" doraHaiUra="53" who="3" fromWho="1" sc="366,0,250,-42,54,0,320,52" /><INIT seed="1,0,0,4,4,13" ten="366,208,54,372" oya="1" hai0="52,31,65,91,74,38,110,2,113,125,82,22,23" hai1="94,132,47,90,64,54,69,50,92,20,83,122,128" hai2="57,93,127,88,24,17,49,60,75,80,35,30,97" hai3="53,1,100,109,84,135,58,123,39,9,119,19,102"/><U40/><E122/><V8/><F127/><W21/><G123/><T32/><D113/><U61/><E128/><V79/><F49/><W77/><G39/><T115/><D110/><U11/><E132/><V103/><F103/><W41/><G109/><T120/><D115/><U48/><E11/><V45/><F45/><W0/><G135/><T18/><D2/><U87/><REACH who="1" step="1"/><E20/><REACH who="1" ten="366,198,54,372" step="2"/><V36/><F36/><W73/><G9/><T131/><D38/><U16/><E16/><V134/><F134/><W27/><G19/><T62/><D18/><U101/><E101/><V96/><F17/><W59/><G21/><T133/><D22/><U26/><E26/><V129/><F8/><W85/><G27/><T99/><D23/><U105/><E105/><V108/><F129/><W121/><G121/><T95/><D120/><U66/><E66/><V70/><F108/><W71/><G100/><T107/><D107/><U5/><E5/><V44/><F44/><AGARI ba="0,1" hai="40,44,47,48,50,54,61,64,69,83,87,90,92,94" machi="44" ten="30,2900,0" yaku="1,1,7,1,53,0" doraHai="13" doraHaiUra="55" who="1" fromWho="2" sc="366,0,198,39,54,-29,372,0" /><INIT seed="1,1,0,1,1,106" ten="366,237,25,372" oya="1" hai0="102,20,76,30,111,128,63,64,108,45,11,50,17" hai1="104,92,87,125,6,91,93,57,68,119,47,62,15" hai2="70,78,18,122,80,23,67,34,116,130,38,27,55" hai3="85,25,83,90,95,65,110,22,132,84,101,29,69"/><U114/><E114/><V94/><F38/><W118/><G110/><N who="0" m="42027" /><D128/><U72/><E125/><V134/><F130/><W73/><G132/><T126/><D126/><U61/><E119/><V49/><F134/><W123/><G123/><T59/><D102/><U8/><E104/><V32/><F122/><W109/><G109/><T86/><D30/><U26/><E72/><V10/><F116/><W74/><G118/><T96/><D96/><U66/><E47/><V120/><F120/><W33/><G33/><T2/><D2/><U21/><E61/><V127/><F127/><W39/><G39/><T99/><D99/><U89/><E68/><V31/><F67/><W54/><G101/><T133/><D11/><U44/><E44/><V36/><F36/><W12/><G12/><N who="0" m="9255" /><D133/><U97/><REACH who="1" step="1"/><E21/><REACH who="1" ten="366,227,25,372" step="2"/><V1/><F70/><W24/><G69/><T5/><D45/><U42/><E42/><V7/><F94/><W107/><G95/><T113/><D113/><U28/><E28/><V14/><F34/><W103/><G29/><T3/><D50/><U100/><E100/><V98/><F98/><W53/><G103/><T37/><D37/><U71/><E71/><V19/><F19/><W52/><G107/><T56/><D59/><U43/><E43/><V0/><F0/><W41/><G41/><T16/><D16/><U131/><E131/><V79/><REACH who="2" step="1"/><F80/><REACH who="2" ten="366,227,15,372" step="2"/><W13/><G83/><N who="0" m="47463" /><D3/><U121/><E121/><V124/><F124/><W105/><G105/><T135/><D135/><U129/><E129/><V9/><F9/><W82/><G82/><T35/><D35/><U115/><E115/><RYUUKYOKU ba="1,2" sc="366,10,227,10,15,10,372,-30" hai0="5,56,63,64" hai1="6,8,15,26,57,62,66,87,89,91,92,93,97" hai2="1,7,10,14,18,23,27,31,32,49,55,78,79" /><INIT seed="1,2,2,0,2,23" ten="376,237,25,342" oya="1" hai0="36,103,94,38,15,70,27,87,35,104,64,43,17" hai1="124,69,12,93,106,52,60,4,41,81,26,10,47" hai2="82,85,113,78,33,116,63,72,128,62,102,28,2" hai3="44,30,125,123,115,74,79,77,21,34,20,107,97"/><U39/><E106/><V134/><F2/><W101/><G123/><T111/><D111/><U76/><E124/><V119/><F113/><W98/><G115/><T53/><D104/><U112/><E112/><V135/><F28/><W9/><G125/><T132/><D43/><U117/><E117/><N who="2" m="45131" /><F33/><W18/><G44/><T8/><D132/><N who="2" m="50730" /><F62/><W75/><G34/><T40/><D40/><U37/><E93/><V1/><F63/><W71/><G71/><T42/><D42/><U29/><E37/><V25/><F25/><W73/><G98/><T3/><D53/><U61/><E69/><V24/><F24/><W54/><G54/><T51/><D51/><U118/><E118/><V66/><F66/><W5/><G30/><T127/><D3/><U110/><E110/><V55/><F55/><W67/><G67/><T31/><D127/><U7/><E7/><V105/><F1/><W50/><G50/><T59/><D59/><U11/><E11/><V16/><F16/><W126/><G126/><T89/><REACH who="0" step="1"/><D103/><REACH who="0" ten="366,237,25,342" step="2"/><U120/><E52/><V133/><N who="2" m="50738" /><V22/><DORA hai="46" /><F22/><W96/><G20/><T114/><D114/><U99/><E120/><V19/><F19/><W109/><G109/><T83/><D83/><U49/><E39/><V56/><F56/><W90/><G18/><T65/><D65/><U88/><E61/><AGARI ba="2,3" hai="8,15,17,27,31,35,36,38,61,64,70,87,89,94" machi="61" ten="40,2600,0" yaku="1,1,52,1,53,0" doraHai="23,46" doraHaiUra="95,100" who="0" fromWho="1" sc="366,62,237,-32,25,0,342,0" /><INIT seed="2,0,0,5,3,62" ten="428,205,25,342" oya="2" hai0="10,45,34,47,131,25,94,68,77,114,12,40,109" hai1="97,35,5,89,4,42,110,106,55,96,87,134,105" hai2="20,26,3,31,1,60,50,117,122,98,95,135,13" hai3="130,76,72,119,59,85,38,33,108,75,67,11,63"/><V101/><F117/><W9/><G119/><T57/><D109/><U121/><E110/><V36/><F36/><W99/><G108/><T93/><D68/><U103/><E134/><V18/><F122/><W16/><G38/><T58/><D114/><U6/><E121/><V24/><F135/><W116/><G116/><T44/><D40/><U92/><E35/><V19/><F50/><W54/><G33/><T2/><D2/><U79/><E42/><V120/><F120/><W61/><G130/><T88/><D77/><U132/><E132/><V27/><F1/><W124/><G124/><T111/><D131/><U81/><REACH who="1" step="1"/><E55/><REACH who="1" ten="428,195,25,342" step="2"/><V7/><F3/><W64/><G54/><T70/><D34/><U41/><E41/><V23/><F7/><W28/><G75/><T17/><D111/><U118/><E118/><V83/><F19/><W80/><G72/><T52/><D52/><U22/><E22/><V86/><REACH who="2" step="1"/><F60/><REACH who="2" ten="428,195,15,342" step="2"/><W69/><G16/><T66/><D17/><U48/><E48/><V78/><AGARI ba="0,2" hai="13,18,20,23,24,26,27,31,78,83,86,95,98,101" machi="78" ten="20,12000,1" yaku="1,1,2,1,0,1,7,1,8,1,53,0" doraHai="62" doraHaiUra="123" who="2" fromWho="2" sc="428,-40,195,-40,15,140,342,-40" /><INIT seed="2,1,0,2,4,18" ten="388,155,155,302" oya="2" hai0="35,33,74,51,56,94,58,72,96,116,50,126,101" hai1="17,111,81,60,14,107,6,44,125,95,85,76,103" hai2="52,23,26,84,79,123,100,92,39,134,117,55,27" hai3="91,64,129,38,59,5,7,109,61,67,77,124,68"/><V128/><F39/><W118/><G118/><T37/><D37/><U83/><E111/><V119/><F123/><W69/><G38/><T87/><D116/><U45/><E125/><V110/><F119/><W90/><G109/><T88/><D126/><U115/><E115/><V46/><F117/><W36/><G124/><T63/><D33/><U48/><E107/><V132/><F110/><W49/><G36/><T120/><D35/><U106/><E106/><V121/><F121/><W133/><G129/><T73/><D58/><U32/><E32/><V12/><F128/><W102/><G133/><N who="2" m="51305" /><F12/><W127/><G127/><T34/><D34/><U8/><E60/><V131/><F27/><W43/><G77/><T29/><D29/><U75/><E6/><V122/><F122/><W114/><G114/><T1/><D1/><U2/><E2/><V65/><F65/><W93/><G102/><T47/><D47/><U16/><E17/><N who="2" m="12655" /><F46/><W15/><G15/><T19/><D19/><U30/><E30/><V10/><F10/><W98/><G64/><T104/><REACH who="0" step="1"/><D120/><REACH who="0" ten="378,155,155,302" step="2"/><U9/><E44/><V86/><F131/><W70/><G59/><T3/><D3/><U66/><E45/><V80/><F100/><W31/><G43/><T135/><D135/><U82/><E103/><V89/><AGARI ba="1,1" hai="52,55,79,80,84,86,89,92" m="12655,51305" machi="89" ten="30,6000,0" yaku="20,1,52,1,54,1" doraHai="18" who="2" fromWho="2" sc="378,-21,155,-21,155,73,302,-21" /><INIT seed="2,2,0,4,0,29" ten="357,134,228,281" oya="2" hai0="108,25,66,50,129,43,76,42,20,125,91,120,133" hai1="22,93,52,119,18,130,65,74,113,54,94,123,128" hai2="83,41,100,59,115,68,116,38,86,111,47,96,12" hai3="124,57,2,132,64,80,17,31,19,112,102,58,73"/><V8/><F68/><W69/><G2/><T71/><D108/><U61/><E113/><V62/><F115/><W105/><G112/><T75/><D120/><U33/><E119/><V56/><F116/><W27/><G124/><T34/><D34/><U1/><E123/><V103/><F111/><W23/><G132/><T49/><D75/><U11/><E74/><V39/><F39/><W32/><G73/><T81/><D76/><U135/><E135/><V88/><F62/><N who="3" m="40087" /><G17/><T16/><D125/><U5/><E33/><V55/><F55/><W110/><G80/><T36/><D36/><U85/><E94/><V95/><REACH who="2" step="1"/><F103/><REACH who="2" ten="357,134,218,281" step="2"/><W114/><G110/><T127/><D127/><U92/><E130/><V67/><F67/><W60/><G60/><T106/><D129/><U14/><E128/><V9/><F9/><W15/><G114/><T117/><D133/><U0/><E0/><V122/><F122/><W126/><G126/><T4/><D66/><U40/><E40/><V101/><F101/><W77/><G77/><T7/><D71/><U63/><E63/><V10/><F10/><W48/><G48/><T72/><D49/><U104/><E104/><V90/><F90/><W121/><G121/><T79/><D106/><U89/><REACH who="1" step="1"/><E93/><REACH who="1" ten="357,124,218,281" step="2"/><V97/><F97/><AGARI ba="2,2" hai="15,19,23,27,31,32,57,58,97,102,105" m="40087" machi="97" ten="30,2000,0" yaku="25,1,52,1" doraHai="29" who="3" fromWho="2" sc="357,0,124,0,218,-26,281,46" /><INIT seed="3,0,0,5,2,40" ten="357,124,192,327" oya="3" hai0="82,49,77,8,51,64,115,80,85,130,35,55,71" hai1="53,67,73,94,122,63,79,7,89,134,111,59,118" hai2="56,45,124,98,47,3,126,100,17,38,103,39,44" hai3="37,30,91,43,4,25,95,41,129,123,42,86,33"/><W70/><G123/><T52/><D35/><U81/><E122/><V83/><F3/><W117/><G117/><T75/><D130/><U9/><E111/><V120/><F120/><W58/><G70/><T72/><D115/><U28/><E134/><V48/><F83/><W16/><G4/><T127/><D127/><N who="2" m="48682" /><F17/><W88/><G129/><T12/><D64/><U66/><E118/><V68/><F68/><W34/><G34/><T109/><D71/><U105/><E105/><N who="2" m="63639" /><F103/><W2/><G2/><T61/><D61/><U69/><E28/><V36/><F56/><W54/><G16/><N who="0" m="8199" /><D75/><U106/><E106/><V92/><F92/><W0/><G0/><T18/><D72/><U93/><E69/><V135/><F135/><W119/><G119/><T26/><D82/><U132/><E132/><V1/><F1/><W87/><G37/><N who="2" m="9473" /><V22/><DORA hai="6" /><F22/><W13/><G13/><T19/><D109/><U5/><E94/><V29/><F29/><W46/><G58/><N who="0" m="33039" /><D26/><U131/><E131/><V114/><F114/><W74/><G74/><T107/><D107/><U32/><E32/><V96/><F96/><W128/><G128/><T133/><D133/><U104/><E104/><V110/><F110/><W15/><G15/><T65/><D65/><U116/><E116/><V97/><F97/><N who="3" m="57575" /><G91/><T102/><D102/><U57/><E57/><AGARI ba="0,0" hai="18,19,51,55,57,77,80,85" m="33039,8199" machi="57" ten="30,7700,0" yaku="8,1,52,1,54,2" doraHai="40,6" who="0" fromWho="1" sc="357,77,124,-77,192,0,327,0" owari="434,53.4,47,-45.3,192,-20.8,327,12.7" /></mjloggm>