<mjloggm ver="2.3"><GO type="225" lobby="0"/><UN n0="%E6%A1%9C%E8%8A%B1%E9%96%83%E3%80%85" n1="%E3%83%96%E3%83%A9%E3%82%B6%E3%83%BC" n2="%E7%AD%89%E3%80%85%E5%8A%9B%E5%8A%87%E5%A0%B4" n3="%48%61%61%61%6C%61%6E%64" dan="17,16,16,18" rate="2139.64,2094.85,2135.40,2215.62" sx="M,M,M,M"/><TAIKYOKU oya="0"/><INIT seed="0,0,0,0,3,122" ten="250,250,250,250" oya="0" hai0="61,2,71,33,47,46,128,21,11,42,63,92,41" hai1="12,121,18,58,112,56,107,29,26,85,44,6,75" hai2="105,126,93,96,17,74,31,68,117,133,49,1,129" hai3="87,135,9,19,7,48,51,36,102,5,84,64,0"/><T109/><D33/><U88/><E75/><V70/><F70/><W94/><G36/><T80/><D128/><U8/><E107/><V43/><F68/><W32/><G32/><T118/><D118/><U89/><E112/><V90/><F1/><W132/><G64/><T120/><D120/><U35/><E121/><V119/><F74/><W91/><G7/><T52/><D80/><U124/><E124/><V86/><F105/><W25/><G102/><T67/><D21/><U40/><E18/><V115/><F115/><W106/><G106/><T111/><D92/><U14/><E14/><V97/><F133/><N who="3" m="51275" /><G84/><T99/><D99/><U130/><E89/><V57/><F129/><W62/><G62/><T134/><D134/><U34/><E34/><V15/><F126/><W82/><G94/><T114/><D114/><U131/><E131/><V27/><F119/><W22/><AGARI ba="0,0" hai="0,5,9,19,22,25,48,51,82,87,91" m="51275" machi="22" ten="30,1100,0" yaku="20,1" doraHai="122" who="3" fromWho="3" sc="250,-5,250,-3,250,-3,250,11" /><INIT seed="1,0,0,5,2,113" ten="245,247,247,261" oya="1" hai0="76,115,13,53,46,91,92,131,132,118,123,50,22" hai1="62,67,28,45,97,125,37,85,61,8,0,135,29" hai2="36,126,9,7,60,107,48,54,43,66,109,4,63" hai3="103,128,87,19,96,84,119,59,30,90,82,25,33"/><U70/><E135/><V55/><F107/><W134/><G134/><T24/><D132/><U35/><E125/><V44/><F109/><W110/><G110/><T1/><D115/><U77/><E62/><V32/><F32/><W68/><G128/><T120/><D1/><U108/><E108/><V16/><F126/><W116/><G68/><T17/><D131/><U69/><E97/><V93/><F63/><W14/><G59/><T73/><D76/><U27/><E29/><V6/><F36/><W106/><REACH who="3" step="1"/><G84/><REACH who="3" ten="245,247,247,251" step="2"/><N who="0" m="52327" /><D73/><U38/><E85/><V5/><F44/><W21/><AGARI ba="0,1" hai="14,19,21,25,30,33,82,87,90,96,103,106,116,119" machi="21" ten="30,7900,0" yaku="1,1,0,1,52,2,53,0" doraHai="113" doraHaiUra="111" who="3" fromWho="3" sc="245,-20,247,-39,247,-20,251,89" /><INIT seed="2,0,0,1,2,33" ten="225,208,227,340" oya="2" hai0="23,86,5,83,121,66,3,25,90,111,135,75,120" hai1="29,19,68,16,27,50,69,84,78,72,35,87,61" hai2="110,65,106,128,100,74,30,80,15,131,18,91,76" hai3="34,53,43,116,14,39,51,102,64,71,103,81,4"/><V11/><F30/><W99/><G34/><T132/><D111/><U46/><E72/><V107/><F65/><W129/><G116/><T118/><D118/><U125/><E125/><V54/><F110/><W133/><G129/><N who="2" m="49737" /><F100/><W122/><G122/><T113/><D113/><U9/><E19/><V85/><F54/><W40/><G39/><T20/><D75/><U31/><E31/><V119/><F119/><W52/><G103/><T1/><D66/><U79/><E61/><V45/><F45/><W47/><G53/><T10/><D1/><U104/><E104/><V59/><F59/><W36/><G36/><T26/><D20/><U95/><E68/><V117/><F117/><W82/><G64/><T22/><D22/><U2/><E69/><V97/><F97/><W67/><G67/><T123/><REACH who="0" step="1"/><D23/><REACH who="0" ten="215,208,227,340" step="2"/><U17/><E2/><V114/><F114/><W55/><G71/><T115/><D115/><U41/><E9/><V126/><F126/><W49/><G47/><T48/><D48/><U93/><E50/><V7/><F74/><W77/><G51/><T42/><D42/><U60/><E41/><V134/><F11/><W58/><G43/><T108/><D108/><U92/><E46/><V13/><F13/><W38/><G40/><T109/><D109/><U12/><E60/><V89/><F15/><W112/><G112/><T101/><D101/><U63/><E63/><V6/><F134/><AGARI ba="0,1" hai="3,5,10,25,26,83,86,90,120,121,123,132,134,135" machi="134" ten="50,8000,1" yaku="1,1,20,1,52,1,53,1" doraHai="33" doraHaiUra="0" who="0" fromWho="2" sc="215,90,208,0,227,-80,340,0" /><INIT seed="3,0,0,2,3,10" ten="305,208,147,340" oya="3" hai0="1,91,72,37,42,126,5,17,130,50,128,94,33" hai1="45,7,15,87,70,107,39,31,34,85,116,95,115" hai2="29,121,25,53,112,19,75,81,40,27,120,89,51" hai3="106,62,61,56,84,123,14,68,16,114,76,3,80"/><W4/><G114/><T101/><D37/><U20/><E107/><V71/><F112/><W64/><G123/><T108/><D108/><U117/><E70/><V23/><F71/><W105/><G4/><T102/><D72/><U38/><E34/><V43/><F75/><W49/><G3/><T135/><D33/><U13/><E115/><V57/><F121/><W110/><G49/><T97/><D126/><U8/><E39/><V96/><F120/><W41/><G41/><T55/><D42/><N who="1" m="22743" /><E95/><V2/><F2/><W77/><G77/><T104/><D135/><U99/><E99/><V79/><F79/><W28/><G28/><T103/><D104/><U73/><E73/><V132/><F132/><W127/><G110/><T0/><D5/><U131/><E131/><V134/><F134/><W12/><G12/><N who="1" m="4682" /><E8/><V22/><REACH who="2" step="1"/><F96/><REACH who="2" ten="305,208,137,340" step="2"/><W21/><G127/><T35/><D130/><U48/><E116/><V122/><F122/><W82/><G68/><T88/><D128/><U83/><E117/><V30/><F30/><W44/><G76/><T24/><D91/><U93/><E31/><V9/><F9/><W124/><G124/><T111/><D111/><U46/><E85/><AGARI ba="0,1" hai="19,22,23,25,27,29,40,43,51,53,57,81,85,89" machi="85" ten="40,2600,0" yaku="1,1,8,1,53,0" doraHai="10" doraHaiUra="11" who="2" fromWho="1" sc="305,0,208,-26,137,36,340,0" owari="305,10.5,182,-21.8,173,-32.7,340,44.0" /></mjloggm>