<mjloggm ver="2.3"><GO type="225" lobby="0"/><UN n0="%E5%8F%AF%E5%85%90%E9%82%A3%E7%94%B1%E5%A4%9A" n1="%E3%81%B2%E3%81%AA%E3%81%AE%E3%82%8A%E3%81%8F" n2="%E3%81%BE%E3%81%A8%E3%81%9F" n3="%E7%99%BD%E6%97%A5%E9%9B%AA%E8%8F%9C" dan="17,17,16,16" rate="2137.15,2214.91,2106.88,2134.54" sx="F,M,M,M"/><TAIKYOKU oya="0"/><INIT seed="0,0,0,2,4,45" ten="250,250,250,250" oya="0" hai0="64,81,96,84,6,14,75,104,99,112,20,52,27" hai1="60,43,24,132,106,68,72,129,122,100,62,80,0" hai2="107,17,44,134,30,77,4,87,33,36,26,3,35" hai3="70,111,101,115,55,21,79,131,126,40,29,127,97"/><T113/><D75/><U61/><E0/><V12/><F107/><W56/><G115/><T23/><D64/><U123/><E43/><V71/><F71/><W8/><G70/><T10/><D104/><U125/><E125/><N who="3" m="47626" /><G111/><T66/><D66/><U69/><E132/><V102/><F102/><W92/><G131/><T38/><D38/><U54/><E129/><V57/><F57/><W94/><G40/><T65/><D65/><U63/><E63/><V120/><F120/><W130/><G130/><T108/><D108/><U95/><E106/><V51/><F36/><W7/><G79/><T93/><D113/><U5/><E5/><V67/><F4/><W47/><G47/><T49/><D112/><U85/><E72/><V39/><F3/><N who="3" m="127" /><G92/><T59/><D93/><U9/><E69/><V98/><F39/><W117/><G117/><T53/><D53/><U116/><E68/><V74/><F67/><W90/><G90/><N who="0" m="51471" /><D23/><U19/><E54/><V34/><F74/><W42/><G42/><T32/><D32/><U83/><E116/><V91/><F35/><W109/><G109/><T28/><AGARI ba="0,0" hai="6,10,14,20,27,28,49,52,59,96,99" m="51471" machi="28" ten="30,6000,0" yaku="8,1,52,1,54,1" doraHai="45" who="0" fromWho="0" sc="250,60,250,-20,250,-20,250,-20" /><INIT seed="0,1,0,0,2,56" ten="310,230,230,230" oya="0" hai0="95,104,97,116,29,50,74,71,112,128,42,85,68" hai1="18,3,25,54,23,57,5,99,65,58,122,27,64" hai2="20,8,88,101,134,115,66,133,102,21,7,40,73" hai3="60,9,96,51,83,93,76,36,84,117,41,108,82"/><T6/><D112/><U92/><E122/><V17/><F73/><W105/><G117/><T12/><D116/><U121/><E121/><V46/><F115/><W61/><G105/><T26/><D74/><U1/><E1/><V86/><F66/><W43/><G36/><T15/><D104/><U124/><E124/><V48/><F133/><W13/><G108/><T106/><D106/><U32/><E3/><V63/><F63/><N who="3" m="24139" /><G51/><T24/><D85/><U14/><E5/><V69/><F69/><W53/><G53/><T127/><D127/><U109/><E109/><V81/><F134/><W72/><G83/><T34/><D24/><U4/><E65/><V98/><F98/><W131/><G131/><T126/><D126/><U16/><E64/><V113/><F113/><W0/><G0/><T39/><D39/><U49/><E32/><V78/><F78/><W70/><G70/><T19/><D128/><U38/><E38/><V91/><F7/><N who="3" m="3263" /><G72/><T110/><D110/><U55/><E4/><V119/><F119/><W123/><G123/><T118/><D118/><U114/><E114/><V44/><F8/><W79/><G79/><T125/><D125/><U135/><E135/><V90/><F44/><W87/><G87/><T11/><D50/><N who="1" m="30935" /><E18/><V75/><F75/><W35/><G35/><T107/><D107/><U80/><E80/><V89/><REACH who="2" step="1"/><F17/><REACH who="2" ten="310,230,220,230" step="2"/><W129/><G129/><T132/><D132/><U130/><E130/><V10/><F10/><W62/><N who="3" m="24147" /><W2/><DORA hai="33" /><G2/><N who="0" m="471" /><D68/><U45/><E45/><V37/><F37/><W59/><G59/><T103/><D71/><RYUUKYOKU ba="1,1" sc="310,-30,230,10,220,10,230,10" hai1="14,16,23,25,27,49,55,58,92,99" hai2="20,21,40,46,48,81,86,88,89,90,91,101,102" hai3="41,43,76,82,84,93,96" /><INIT seed="1,2,1,3,5,47" ten="280,240,230,240" oya="1" hai0="74,12,127,110,63,41,98,16,31,116,73,3,88" hai1="36,5,24,38,56,104,96,128,102,85,40,90,70" hai2="69,84,95,15,4,49,13,78,118,35,111,105,117" hai3="94,92,34,0,10,89,61,112,97,113,64,100,134"/><U124/><E70/><V17/><F105/><W66/><G34/><T119/><D3/><U22/><E128/><V51/><F69/><W108/><G108/><T20/><D110/><U99/><E40/><V25/><F111/><W59/><G134/><T23/><D127/><U55/><E5/><V135/><F135/><W68/><G64/><T125/><D125/><U32/><E32/><V83/><F118/><W81/><G81/><T19/><D31/><U103/><E90/><V1/><F117/><W44/><G68/><T115/><D115/><U122/><E122/><V14/><F95/><W11/><G44/><T54/><D41/><U21/><E85/><V77/><F77/><W93/><G93/><N who="0" m="56615" /><D119/><U76/><E76/><V86/><F86/><W133/><G133/><T7/><D7/><U28/><E22/><V57/><F57/><W50/><G50/><N who="2" m="18953" /><F1/><W132/><G132/><T130/><D130/><U79/><E79/><V91/><F35/><W43/><G0/><T114/><D114/><U126/><E126/><V18/><F4/><W87/><G113/><T29/><D116/><U60/><REACH who="1" step="1"/><E124/><REACH who="1" ten="280,230,230,240" step="2"/><V45/><F78/><W37/><G112/><T6/><D6/><U129/><E129/><V80/><F80/><W46/><AGARI ba="2,2" hai="10,11,37,43,46,59,61,66,87,89,92,94,97,100" machi="46" ten="30,1100,0" yaku="0,1" doraHai="47" who="3" fromWho="3" sc="280,-5,230,-7,230,-5,240,37" /><INIT seed="2,0,0,2,5,109" ten="275,223,225,277" oya="2" hai0="11,111,127,63,70,79,16,5,82,22,17,91,28" hai1="124,116,80,77,78,68,112,103,8,33,43,123,26" hai2="21,122,25,18,24,7,20,95,51,93,67,34,134" hai3="54,81,130,13,23,45,92,120,60,10,90,6,94"/><V96/><F122/><W119/><G119/><T48/><D111/><U71/><E116/><V114/><F134/><W83/><G120/><T110/><D110/><U14/><E123/><V46/><F34/><W49/><G130/><T118/><D118/><U41/><E124/><V37/><F37/><W84/><G23/><T36/><D36/><U97/><E112/><V117/><F117/><W102/><REACH who="3" step="1"/><G60/><REACH who="3" ten="275,223,225,267" step="2"/><T133/><D63/><U3/><E33/><V9/><F114/><W73/><G73/><T104/><D22/><U62/><E62/><V99/><F67/><W74/><G74/><T58/><D127/><U72/><E72/><V56/><F21/><W4/><G4/><T128/><D5/><U40/><E71/><V89/><F24/><W87/><G87/><T42/><D70/><U12/><E68/><V57/><F7/><W105/><G105/><T35/><D128/><U101/><E26/><V85/><F85/><W106/><G106/><T31/><D104/><U61/><E61/><V131/><F131/><W98/><AGARI ba="0,1" hai="6,10,13,45,49,54,81,83,84,90,92,94,98,102" machi="98" ten="30,7900,0" yaku="1,1,0,1,8,1,53,1" doraHai="109" doraHaiUra="2" who="3" fromWho="3" sc="275,-20,223,-20,225,-39,267,89" /><INIT seed="3,0,0,5,3,104" ten="255,203,186,356" oya="3" hai0="132,43,19,24,57,0,105,73,82,72,107,130,31" hai1="67,87,103,2,26,36,22,99,96,44,95,127,128" hai2="111,15,75,91,27,109,88,45,12,101,9,102,117" hai3="114,94,59,4,56,29,63,64,85,129,41,68,108"/><W37/><G114/><T86/><D0/><U49/><E36/><V69/><F69/><W35/><G129/><T93/><D43/><U14/><E2/><V30/><F117/><W21/><G35/><T6/><D6/><U123/><E123/><V92/><F45/><W118/><G118/><T81/><D19/><U115/><E115/><V113/><F113/><W18/><G29/><T112/><D112/><U110/><E128/><V51/><F51/><W53/><G4/><T7/><D7/><U3/><E3/><V16/><F75/><N who="0" m="28746" /><D57/><U71/><E110/><N who="2" m="41995" /><F15/><W8/><G8/><T34/><D130/><U62/><E127/><V100/><F92/><W116/><G116/><T17/><D17/><U39/><E39/><V46/><F46/><W33/><G53/><T126/><D93/><U47/><E14/><V125/><F125/><W122/><G18/><T77/><D126/><U55/><E99/><V54/><F54/><W11/><G94/><T48/><D48/><U134/><E134/><V89/><F30/><W58/><G21/><T76/><D132/><U84/><E47/><V61/><F61/><W32/><G59/><T90/><D24/><AGARI ba="0,0" hai="9,12,16,24,27,88,89,91,100,101,102" m="41995" machi="24" ten="40,5200,0" yaku="14,1,54,2" doraHai="104" who="2" fromWho="0" sc="255,-52,203,0,186,52,356,0" owari="203,-19.7,203,-29.7,238,3.8,356,45.6" /></mjloggm>