<mjloggm ver="2.3"><GO type="225" lobby="0"/><UN n0="%E8%90%BD%E6%97%A5" n1="%72%69%6F%75%63%68%61%6E" n2="%E5%8D%A0%E3%81%84%E5%B8%AB%E8%A3%8F%E3%81%AA%E3%81%84%E3%81%97" n3="%6D%75%75%73%61%6E%6D%75" dan="16,16,17,17" rate="2214.21,2195.77,2228.32,2151.24" sx="F,M,M,F"/><TAIKYOKU oya="0"/><INIT seed="0,0,0,2,4,66" ten="250,250,250,250" oya="0" hai0="61,41,79,99,60,70,132,76,8,57,103,121,87" hai1="117,33,68,90,42,25,97,52,26,80,134,75,83" hai2="126,40,94,72,118,81,101,38,92,78,17,73,1" hai3="120,127,36,6,67,27,105,88,14,51,23,50,4"/><T106/><D121/><U12/><E117/><V108/><F118/><W112/><G112/><T10/><D132/><U104/><E134/><V69/><F108/><W29/><G36/><T19/><D41/><U84/><E68/><V129/><F129/><W2/><G105/><T116/><D116/><U133/><E133/><V63/><F126/><W34/><G127/><T30/><D30/><U74/><E42/><V65/><F73/><W82/><G120/><T45/><D45/><U115/><E115/><V85/><F1/><W119/><G119/><T0/><D0/><U89/><E12/><V13/><F101/><W20/><G2/><T62/><D70/><U95/><E52/><V5/><F5/><N who="3" m="2155" /><G34/><T39/><D39/><U102/><E33/><V77/><F77/><W16/><G67/><T64/><D79/><N who="1" m="44151" /><E25/><V15/><F15/><W31/><G31/><T44/><D44/><U11/><E11/><V48/><F72/><W122/><G122/><T98/><D98/><N who="1" m="57711" /><E26/><V109/><F109/><W96/><G96/><T124/><D124/><U21/><E21/><V123/><F38/><W135/><G135/><T86/><D10/><U111/><E75/><V46/><REACH who="2" step="1"/><F123/><REACH who="2" ten="250,250,240,250" step="2"/><W71/><G71/><T130/><D130/><U100/><E102/><V93/><F93/><W28/><G28/><T110/><D110/><AGARI ba="0,1" hai="83,84,90,97,100,104,110,111" m="57711,44151" machi="110" ten="30,2000,0" yaku="34,2" doraHai="66" who="1" fromWho="0" sc="250,-20,250,30,240,0,250,0" /><INIT seed="1,0,0,5,0,117" ten="230,280,240,250" oya="1" hai0="39,120,52,71,31,86,10,104,46,14,133,103,75" hai1="79,28,3,124,15,19,77,5,21,81,9,12,47" hai2="95,17,50,20,76,49,96,97,0,129,94,132,102" hai3="66,91,48,53,24,38,13,101,116,121,16,135,57"/><U93/><E124/><V87/><F0/><W6/><G116/><T18/><D71/><U126/><E126/><V88/><F132/><W43/><G135/><T119/><D133/><U122/><E122/><V51/><F129/><W69/><G121/><T123/><D75/><U36/><E28/><V35/><F35/><W58/><G101/><T2/><D119/><U64/><E64/><V72/><F72/><W113/><G113/><T1/><D1/><U70/><E70/><V92/><F76/><W44/><G6/><T30/><D30/><U109/><E109/><V134/><F134/><W34/><G91/><T100/><D100/><U89/><E81/><V82/><REACH who="2" step="1"/><F102/><REACH who="2" ten="230,280,230,250" step="2"/><W8/><G34/><T60/><D2/><U107/><E3/><V78/><F78/><W130/><G130/><T55/><D103/><U59/><E79/><V108/><F108/><W63/><REACH who="3" step="1"/><G24/><AGARI ba="0,1" hai="17,20,24,49,50,51,82,87,88,92,94,95,96,97" machi="24" ten="40,5200,0" yaku="1,1,8,1,54,1,53,0" doraHai="117" doraHaiUra="11" who="2" fromWho="3" sc="230,0,280,0,230,62,250,-52" /><INIT seed="2,0,0,4,3,25" ten="230,280,292,198" oya="2" hai0="11,39,95,132,40,75,22,117,51,46,13,52,92" hai1="1,80,30,10,107,114,56,70,5,122,27,108,101" hai2="99,102,62,120,129,88,6,29,135,14,109,57,45" hai3="111,110,82,94,42,100,85,8,131,67,20,16,90"/><V9/><F120/><W127/><G131/><T43/><D132/><U31/><E114/><V18/><F129/><W78/><G127/><T116/><D75/><U97/><E70/><V38/><F135/><W81/><G67/><T15/><D22/><U72/><E122/><V49/><F38/><W77/><G42/><T44/><D43/><U58/><E108/><V65/><F109/><N who="3" m="41483" /><G8/><T89/><D15/><U98/><E98/><V74/><F74/><W69/><G69/><T126/><D126/><U66/><E66/><V115/><F115/><W47/><G47/><T21/><D21/><U133/><E133/><V55/><F88/><N who="3" m="51247" /><G100/><T53/><D53/><U33/><REACH who="1" step="1"/><E31/><REACH who="1" ten="230,270,292,198" step="2"/><V3/><F29/><W73/><G73/><T76/><D76/><AGARI ba="0,1" hai="1,5,10,27,30,33,56,58,72,76,80,97,101,107" machi="76" ten="40,8000,1" yaku="1,1,2,1,52,1,53,1" doraHai="25" doraHaiUra="32" who="1" fromWho="0" sc="230,-80,270,90,292,0,198,0" /><INIT seed="3,0,0,4,1,80" ten="150,360,292,198" oya="3" hai0="48,60,96,125,14,15,94,122,39,29,21,134,71" hai1="85,111,133,51,30,81,127,114,8,6,55,61,112" hai2="90,102,119,36,54,43,99,33,70,93,32,5,104" hai3="110,64,126,28,66,83,63,105,75,132,47,88,97"/><W59/><G132/><T58/><D122/><U4/><E133/><V11/><F119/><W100/><G126/><T65/><D134/><U128/><E127/><V76/><F70/><W129/><G129/><T7/><D125/><U22/><E128/><V1/><F54/><W35/><G110/><T79/><D39/><U131/><E131/><V106/><F106/><W118/><G118/><T49/><D79/><U109/><E61/><V67/><F67/><W45/><G66/><T13/><D71/><U124/><E124/><V40/><F40/><W3/><G3/><T56/><D7/><N who="1" m="2603" /><E8/><V38/><F43/><W115/><G75/><T16/><D29/><U121/><E22/><V84/><F36/><W2/><G2/><T135/><D135/><U108/><E30/><V68/><F38/><W42/><G42/><T130/><D130/><U24/><E24/><V116/><F68/><N who="3" m="42015" /><G115/><T86/><D86/><U77/><E121/><V53/><F116/><W17/><G17/><T0/><D0/><U62/><E62/><V44/><F53/><W87/><G59/><AGARI ba="0,0" hai="51,55,59,77,81,85,108,109,111,112,114" m="2603" machi="59" ten="30,2000,0" yaku="14,1,52,1" doraHai="80" who="1" fromWho="3" sc="150,0,360,20,292,0,198,-20" owari="150,-35.0,380,48.0,292,9.2,178,-22.2" /></mjloggm>