<mjloggm ver="2.3"><GO type="225" lobby="0"/><UN n0="%E5%B8%86%E7%AB%8B%E5%A4%8F%E8%A1%A3" n1="%28%EF%BF%A3%E2%96%BD%EF%BF%A3%29%CE%B4%E2%8C%92%E3%83%BB" n2="%6B%6F%64%61%6D%61%6E%37" n3="%33%74%72%65%65" dan="16,16,16,16" rate="2200.14,2113.63,2075.72,2150.17" sx="M,M,M,F"/><TAIKYOKU oya="0"/><INIT seed="0,0,0,1,2,38" ten="250,250,250,250" oya="0" hai0="24,125,40,1,134,47,113,82,21,90,16,12,135" hai1="128,51,31,63,89,33,17,78,106,87,35,100,36" hai2="54,93,22,109,59,76,115,10,61,99,111,108,122" hai3="85,74,102,3,83,44,23,5,132,25,67,72,39"/><T71/><D113/><U69/><E36/><V96/><F122/><W133/><G102/><T70/><D1/><U43/><E128/><V105/><F115/><W121/><G121/><T20/><D125/><U55/><E78/><V116/><F116/><W119/><G119/><T13/><D82/><U114/><E31/><V98/><F76/><W49/><G67/><T27/><D90/><U2/><E2/><V64/><F10/><W91/><G39/><N who="0" m="21919" /><D13/><U29/><E29/><V126/><F126/><W32/><G32/><T4/><D4/><U112/><E35/><V56/><F22/><W66/><G66/><T68/><D21/><U84/><E33/><V94/><F105/><W95/><G5/><T104/><D104/><U131/><E17/><V58/><F54/><W120/><G3/><T0/><D0/><U92/><E55/><V127/><F127/><W50/><G120/><T11/><D20/><U118/><E118/><V26/><F26/><W34/><G34/><T88/><D88/><U130/><E87/><V65/><REACH who="2" step="1"/><F61/><REACH who="2" ten="250,250,240,250" step="2"/><W9/><G25/><T62/><D62/><U101/><E106/><V103/><F103/><W73/><G9/><T30/><D30/><U48/><E101/><V60/><F60/><W45/><G23/><T86/><D27/><U8/><E100/><V107/><F107/><W42/><G133/><N who="0" m="50699" /><D24/><U124/><E112/><V123/><F123/><W81/><G132/><T28/><D28/><U6/><E114/><V97/><N who="2" m="24576" /><DORA hai="14" /><V75/><F75/><W53/><AGARI ba="0,1" hai="42,44,45,49,50,53,72,73,74,81,83,85,91,95" machi="53" ten="30,2000,0" yaku="0,1,52,1" doraHai="38,14" who="3" fromWho="3" sc="250,-10,250,-5,240,-5,250,30" /><INIT seed="1,0,0,4,3,37" ten="240,245,235,280" oya="1" hai0="105,8,130,38,5,23,87,21,56,32,91,58,117" hai1="65,120,14,119,6,93,60,44,49,45,48,75,61" hai2="123,98,47,113,36,4,97,22,63,2,96,114,16" hai3="132,71,69,67,35,118,42,73,54,110,78,116,112"/><U12/><E75/><V125/><F123/><W126/><G112/><N who="2" m="43113" /><F125/><W74/><G126/><T101/><D32/><U92/><E120/><V20/><F63/><W41/><G110/><T89/><D117/><N who="3" m="45161" /><G132/><T85/><D101/><U68/><E119/><V135/><F135/><W27/><G54/><T81/><D38/><U18/><E6/><V46/><F36/><W106/><G106/><T64/><D105/><U51/><E61/><V72/><F72/><N who="3" m="27755" /><G78/><T83/><D130/><U121/><E121/><V33/><F33/><W28/><G67/><T90/><D90/><U13/><REACH who="1" step="1"/><E18/><REACH who="1" ten="240,235,235,280" step="2"/><V133/><F133/><W99/><G99/><T55/><D64/><U30/><E30/><V109/><F109/><W40/><AGARI ba="0,1" hai="27,28,35,40,41,42,69,71" m="27755,45161" machi="40" ten="40,8000,1" yaku="12,1,52,3" doraHai="37" who="3" fromWho="3" sc="240,-20,235,-40,235,-20,280,90" /><INIT seed="2,0,0,2,5,117" ten="220,195,215,370" oya="2" hai0="11,119,30,104,42,89,43,57,123,112,12,122,24" hai1="9,36,133,81,90,110,114,52,132,98,124,73,19" hai2="129,91,22,94,60,105,55,15,47,28,106,71,37" hai3="84,1,107,8,59,6,92,80,103,77,113,86,4"/><V67/><F129/><W20/><G113/><T7/><D112/><U61/><E36/><V99/><F28/><W27/><G6/><T126/><D104/><U93/><E114/><V72/><F72/><W56/><G107/><T118/><D89/><U54/><E124/><V85/><F22/><W25/><G25/><T3/><D57/><U58/><E110/><V23/><F23/><W29/><G103/><T87/><D87/><U0/><E54/><V130/><F130/><W5/><G5/><T135/><D135/><N who="1" m="51787" /><E0/><V101/><F15/><W74/><G74/><T49/><D126/><U62/><E62/><V10/><F10/><W31/><G31/><T41/><D49/><U66/><E66/><V68/><F71/><W21/><G21/><N who="0" m="15631" /><D3/><U120/><E120/><N who="0" m="46121" /><D43/><U14/><E73/><V116/><F116/><N who="0" m="44586" /><D42/><U16/><E81/><V127/><F127/><W76/><G92/><T48/><D48/><U32/><E32/><V131/><F131/><W40/><G40/><T65/><D41/><U63/><E63/><V38/><F106/><W44/><G44/><T97/><D65/><U33/><E33/><V111/><F111/><W2/><G1/><T79/><D79/><U35/><E35/><V34/><F34/><W51/><G51/><T39/><D39/><U78/><E78/><V128/><F128/><W88/><G88/><T102/><D102/><U45/><E45/><V50/><AGARI ba="0,0" hai="37,38,47,50,55,60,67,68,85,91,94,99,101,105" machi="50" ten="30,1500,0" yaku="0,1" doraHai="117" who="2" fromWho="2" sc="220,-5,195,-5,215,15,370,-5" /><INIT seed="2,1,0,2,5,99" ten="215,190,230,365" oya="2" hai0="128,130,52,65,29,40,36,35,39,121,37,120,82" hai1="48,61,30,34,92,46,89,6,105,33,118,111,134" hai2="102,135,47,69,25,64,109,17,42,103,27,1,106" hai3="74,57,8,125,129,98,132,83,45,124,72,117,70"/><V16/><F1/><W85/><G70/><T66/><D82/><U86/><E118/><V26/><F106/><W131/><G117/><T18/><D18/><N who="2" m="7274" /><F69/><W62/><G132/><T2/><D2/><U75/><E134/><V13/><F135/><W15/><G45/><T19/><D19/><U108/><E75/><N who="3" m="28714" /><G98/><T14/><D14/><U101/><E6/><V76/><F76/><N who="3" m="46311" /><G8/><T23/><D35/><U119/><E61/><V127/><F127/><N who="3" m="48715" /><G15/><T63/><D40/><N who="1" m="24647" /><E119/><V0/><F0/><W122/><G122/><N who="0" m="47211" /><D23/><U77/><E30/><V96/><F13/><W113/><G113/><T115/><D29/><U104/><E77/><V32/><F96/><W90/><G90/><T56/><D115/><U81/><E33/><V71/><F32/><W11/><G11/><T116/><D116/><U68/><E34/><V79/><F71/><W20/><G20/><T3/><D3/><U84/><E68/><V44/><F79/><W95/><G131/><AGARI ba="1,0" hai="36,37,39,52,56,63,65,66,128,130,131" m="47211" machi="131" ten="40,8000,1" yaku="19,1,34,2,54,1" doraHai="99" who="0" fromWho="3" sc="215,83,190,0,230,0,365,-83" /><INIT seed="3,0,0,2,0,110" ten="298,190,230,282" oya="3" hai0="117,38,99,77,135,101,49,85,87,36,29,69,68" hai1="126,89,109,12,113,123,90,66,94,25,1,83,86" hai2="33,53,65,0,82,78,11,80,107,14,132,15,21" hai3="127,3,50,125,18,22,91,63,131,52,116,60,133"/><W81/><G116/><T79/><D117/><U56/><E1/><V9/><F107/><W46/><G3/><T100/><D49/><U88/><E109/><V23/><F132/><W108/><G133/><T124/><D135/><U102/><E123/><V2/><F33/><W128/><G108/><T72/><D99/><N who="1" m="59767" /><E113/><V47/><F65/><W67/><G91/><N who="1" m="34890" /><E126/><N who="3" m="48138" /><G81/><T8/><D124/><U51/><E25/><V114/><F114/><W74/><G74/><T111/><D111/><U134/><E134/><V42/><F42/><W37/><G37/><T10/><D29/><U73/><E73/><AGARI ba="0,0" hai="8,10,36,38,68,69,72,73,77,79,85,87,100,101" machi="73" ten="25,1600,0" yaku="22,2" doraHai="110" who="0" fromWho="1" sc="298,16,190,-16,230,0,282,0" owari="314,41.4,174,-32.6,230,-17.0,282,8.2" /></mjloggm>