<mjloggm ver="2.3"><GO type="225" lobby="0"/><UN n0="%E3%81%AF%E3%82%88%E3%81%8A%E3%81%98%E3%81%95%E3%82%93" n1="%6D%75%75%6D%75%72%61" n2="%E6%80%AA%E3%81%97%E3%81%99%E3%81%8E%E3%82%8B%E3%83%81%E3%83%BC" n3="%E8%A8%88%E7%AE%97%E6%A9%9F%E8%87%AA%E7%84%B6" dan="16,16,17,17" rate="2194.63,2087.55,2155.04,2230.37" sx="M,F,M,M"/><TAIKYOKU oya="0"/><INIT seed="0,0,0,5,0,24" ten="250,250,250,250" oya="0" hai0="46,87,94,79,125,135,22,14,112,129,134,100,7" hai1="81,44,17,54,10,5,116,25,55,34,84,132,58" hai2="133,68,16,97,59,43,82,28,111,57,56,83,96" hai3="109,117,50,41,80,110,95,71,66,35,11,127,98"/><T105/><D112/><U3/><E116/><V101/><F68/><W89/><G117/><T9/><D125/><U118/><E118/><V69/><F69/><W65/><G127/><T48/><D129/><U104/><E104/><V33/><F111/><N who="3" m="42507" /><G35/><T114/><D114/><U29/><E132/><N who="0" m="50729" /><D22/><U106/><E106/><V74/><F133/><W75/><G71/><T122/><D122/><U8/><E44/><V103/><F33/><W99/><G11/><T31/><D31/><U70/><E70/><V23/><F28/><W76/><G98/><N who="2" m="37993" /><F43/><W45/><AGARI ba="0,0" hai="41,45,50,65,66,75,76,80,89,95,99" m="42507" machi="45" ten="30,1100,0" yaku="14,1" doraHai="24" who="3" fromWho="3" sc="250,-5,250,-3,250,-3,250,11" /><INIT seed="1,0,0,1,3,7" ten="245,247,247,261" oya="1" hai0="0,102,90,30,119,63,36,42,81,76,127,126,20" hai1="100,93,114,71,47,109,68,58,59,25,72,16,2" hai2="6,28,13,46,38,117,92,116,122,64,87,19,9" hai3="78,5,132,120,123,82,94,32,85,33,130,69,111"/><U134/><E114/><V65/><F122/><W31/><G69/><T118/><D0/><U43/><E72/><V48/><F38/><W91/><G111/><T49/><D36/><U103/><E134/><V55/><F28/><W131/><G5/><T86/><D102/><U23/><E2/><V22/><F116/><W97/><G132/><T99/><D63/><U1/><E1/><V29/><F29/><W66/><G66/><T44/><D30/><U4/><E4/><V45/><F45/><W8/><G8/><T88/><D20/><U124/><E124/><N who="0" m="47657" /><D99/><U89/><E109/><V70/><F70/><W39/><G39/><T115/><D115/><U107/><E107/><V34/><F34/><N who="3" m="13419" /><G31/><T26/><D26/><U110/><E110/><V106/><F106/><W101/><G101/><N who="1" m="38986" /><E71/><V41/><F117/><AGARI ba="0,0" hai="42,44,49,76,81,86,88,90,117,118,119" m="47657" machi="117" ten="30,2000,0" yaku="18,1,54,1" doraHai="7" who="0" fromWho="2" sc="245,20,247,0,247,-20,261,0" /><INIT seed="2,0,0,4,2,114" ten="265,247,227,261" oya="2" hai0="113,94,134,77,46,76,37,101,55,86,41,70,107" hai1="10,34,4,74,45,93,31,56,83,108,65,52,32" hai2="79,90,59,16,36,64,57,97,35,20,92,8,133" hai3="116,2,13,80,39,0,98,123,71,26,30,11,109"/><V44/><F35/><W22/><G71/><T28/><D113/><U125/><E108/><V129/><F133/><W21/><G39/><T105/><D70/><U3/><E125/><V82/><F129/><W128/><G98/><T42/><D42/><U67/><E45/><V104/><F104/><W95/><G95/><T118/><D134/><U99/><E83/><V96/><F8/><W103/><G103/><T38/><D38/><U87/><E87/><V48/><F36/><W17/><G80/><T53/><D28/><U72/><E67/><V19/><F96/><W89/><G89/><T50/><D55/><U40/><E65/><V121/><F121/><W18/><G123/><T115/><D115/><U100/><E40/><N who="2" m="24583" /><F64/><W14/><G109/><T102/><D118/><U1/><E1/><N who="3" m="618" /><G128/><T126/><D126/><U88/><E100/><N who="0" m="38505" /><D94/><U54/><E54/><V68/><F68/><W127/><G127/><T49/><D37/><U81/><E31/><V112/><F112/><W110/><G110/><T61/><D61/><U124/><E124/><V119/><F119/><AGARI ba="0,0" hai="11,13,14,17,18,21,22,26,30,116,119" m="618" machi="119" ten="30,7700,0" yaku="34,2,52,2" doraHai="114" who="3" fromWho="2" sc="265,0,247,0,227,-77,261,77" /><INIT seed="3,0,0,5,4,43" ten="265,247,150,338" oya="3" hai0="13,46,126,9,68,6,110,95,77,84,109,65,119" hai1="90,29,26,16,11,18,86,79,33,122,93,19,34" hai2="116,12,71,98,135,54,85,51,66,111,27,38,14" hai3="112,30,0,103,129,62,114,113,120,37,24,97,64"/><W89/><G120/><T92/><D119/><U39/><E122/><V48/><F116/><W69/><G129/><T88/><D126/><U42/><E34/><V96/><F38/><W91/><G0/><T59/><D68/><U5/><E79/><V32/><F111/><N who="0" m="42506" /><D77/><U72/><E72/><V121/><F135/><W22/><REACH who="3" step="1"/><G37/><REACH who="3" ten="265,247,150,328" step="2"/><T133/><D133/><U132/><E132/><V45/><F121/><W118/><G118/><T49/><D65/><U108/><E108/><V17/><F66/><W31/><G31/><T61/><D61/><U10/><E5/><V82/><F71/><W25/><G25/><T1/><D1/><U75/><E75/><V115/><F115/><W101/><G101/><T100/><D100/><U130/><E130/><V56/><F32/><W44/><G44/><T55/><D46/><U3/><E3/><V117/><F117/><W78/><G78/><T40/><D6/><U2/><E2/><V99/><F27/><W104/><AGARI ba="0,1" hai="22,24,30,62,64,69,89,91,97,103,104,112,113,114" machi="104" ten="30,6000,0" yaku="1,1,0,1,53,1" doraHai="43" doraHaiUra="20" who="3" fromWho="3" sc="265,-20,247,-20,150,-20,328,70" owari="245,4.5,227,-17.3,130,-37.0,398,49.8" /></mjloggm>