<mjloggm ver="2.3"><GO type="225" lobby="0"/><UN n0="%E5%87%BA%E6%B0%B4" n1="%E3%81%8B%E3%82%8F%E3%81%A1%E3%82%83%E3%82%93%35%38" n2="%E7%99%BD%E5%92%B2%E8%8A%B1%E3%81%A1%E3%82%83%E3%82%93" n3="%E6%98%93%E5%88%A9%E8%96%A9%E4%BC%AF" dan="16,16,16,16" rate="2109.34,2145.24,2098.29,2046.87" sx="F,M,F,F"/><TAIKYOKU oya="0"/><INIT seed="0,0,0,0,3,124" ten="250,250,250,250" oya="0" hai0="39,6,60,47,135,105,4,91,70,119,127,81,94" hai1="43,90,118,97,109,76,83,126,103,113,87,108,131" hai2="102,115,37,31,50,22,54,95,24,27,89,64,67" hai3="1,122,51,45,59,56,111,33,13,44,69,112,36"/><T75/><D119/><U130/><E43/><V38/><F115/><W84/><G1/><T21/><D105/><N who="1" m="63727" /><E118/><V5/><F102/><W106/><G69/><T73/><D135/><U16/><E113/><V17/><F5/><W93/><G33/><T133/><D133/><U15/><E76/><V35/><F38/><W57/><G106/><T65/><D127/><U104/><E104/><V32/><F37/><W120/><G111/><N who="1" m="42570" /><E126/><V88/><F35/><W26/><G26/><T62/><D21/><AGARI ba="0,0" hai="15,16,21,83,87,90,130,131" m="42570,63727" machi="21" ten="30,7700,0" yaku="14,1,52,2,54,1" doraHai="124" who="1" fromWho="0" sc="250,-77,250,77,250,0,250,0" /><INIT seed="1,0,0,3,5,89" ten="173,327,250,250" oya="1" hai0="35,3,102,59,43,15,121,19,9,108,75,11,60" hai1="48,67,29,100,68,27,134,127,10,81,55,17,24" hai2="61,131,25,124,87,37,78,113,110,125,13,50,4" hai3="46,41,30,77,88,23,130,117,119,73,80,101,96"/><U99/><E127/><V63/><F37/><W64/><G130/><T120/><D108/><U90/><E134/><V57/><F110/><W111/><G64/><T44/><D75/><U84/><E68/><V56/><F131/><W51/><G111/><T135/><D35/><U82/><E67/><V33/><F113/><W6/><G6/><T39/><D135/><U133/><E133/><V115/><F115/><W12/><G88/><T106/><D3/><U92/><E82/><N who="2" m="47575" /><F13/><W21/><G12/><T97/><REACH who="0" step="1"/><D11/><REACH who="0" ten="163,327,250,250" step="2"/><U36/><E10/><V65/><F33/><W69/><G119/><T91/><D91/><U83/><E90/><V16/><F125/><W14/><G117/><T1/><D1/><U40/><E100/><V22/><F124/><W116/><G116/><T105/><D105/><U58/><E83/><V95/><F22/><W94/><G23/><T38/><D38/><U93/><E81/><V2/><F2/><W34/><G34/><T66/><AGARI ba="0,1" hai="9,15,19,39,43,44,59,60,66,97,102,106,120,121" machi="66" ten="30,4000,0" yaku="1,1,0,1,53,1" doraHai="89" doraHaiUra="53" who="0" fromWho="0" sc="163,50,327,-20,250,-10,250,-10" /><INIT seed="2,0,0,0,3,79" ten="213,307,240,240" oya="2" hai0="62,96,77,126,18,128,84,52,134,5,102,80,116" hai1="26,74,31,32,24,112,91,19,85,69,29,76,82" hai2="2,97,21,49,61,8,73,23,10,22,3,48,87" hai3="92,124,99,108,111,30,25,11,95,44,115,42,4"/><V121/><F121/><W27/><G124/><T120/><D120/><U63/><E112/><V15/><F73/><W72/><G72/><T64/><D134/><U107/><E107/><V38/><F38/><W12/><G115/><T70/><D126/><U81/><E19/><V104/><F61/><W53/><G53/><T47/><D128/><U1/><E1/><V133/><F133/><W39/><G27/><T130/><D130/><U33/><E63/><V113/><F113/><W50/><G39/><T59/><D5/><U90/><E69/><V34/><F34/><W110/><REACH who="3" step="1"/><G99/><REACH who="3" ten="213,307,240,230" step="2"/><T114/><D114/><U35/><E35/><AGARI ba="0,1" hai="4,11,12,25,30,35,42,44,50,92,95,108,110,111" machi="35" ten="40,5200,0" yaku="1,1,2,1,14,1,53,0" doraHai="79" doraHaiUra="93" who="3" fromWho="1" sc="213,0,307,-52,240,0,230,62" /><INIT seed="3,0,0,0,4,31" ten="213,255,240,292" oya="3" hai0="3,32,75,90,64,69,59,123,50,68,87,13,39" hai1="34,125,63,113,23,58,115,46,38,132,48,8,28" hai2="54,131,99,112,45,4,22,60,133,5,78,122,134" hai3="118,126,66,0,121,103,97,109,83,30,119,135,72"/><W128/><G0/><T6/><D123/><U127/><E23/><V105/><F112/><N who="1" m="43081" /><E8/><V21/><F78/><N who="3" m="44487" /><G66/><T79/><D39/><U7/><E7/><V20/><F122/><W108/><G121/><T19/><D3/><U55/><E28/><V110/><F110/><N who="3" m="42603" /><G128/><T101/><D101/><U36/><E34/><V116/><F116/><W37/><G135/><T18/><D32/><U111/><E111/><V56/><F131/><W80/><G126/><N who="1" m="48138" /><E132/><N who="2" m="50795" /><F45/><W9/><G9/><N who="0" m="4279" /><D69/><U52/><AGARI ba="0,0" hai="36,38,46,48,52,55,58,63" m="48138,43081" machi="52" ten="30,7900,0" yaku="18,1,34,2,54,1" doraHai="31" who="1" fromWho="1" sc="213,-20,255,79,240,-20,292,-39" owari="193,-30.7,334,43.4,220,-18.0,253,5.3" /></mjloggm>