<mjloggm ver="2.3"><GO type="225" lobby="0"/><UN n0="%70%68%65%6E%6F%6D%65" n1="%61%69%73%79%6F" n2="%E9%89%A2%E5%B7%BB%E3%82%AC%E3%83%96" n3="%E4%B8%89%E5%86%A0%E7%8E%8B%E3%83%BB%E5%B1%B1%E7%94%B0%E5%93%B2%E4%BA%BA" dan="16,17,16,17" rate="2124.61,2168.72,2124.64,2161.07" sx="M,M,M,M"/><TAIKYOKU oya="0"/><INIT seed="0,0,0,4,1,42" ten="250,250,250,250" oya="0" hai0="83,116,41,98,78,10,14,30,4,53,7,76,131" hai1="32,81,88,105,84,27,89,15,28,113,34,55,120" hai2="54,79,109,77,8,107,18,29,57,51,117,44,95" hai3="43,50,115,96,101,110,64,114,60,46,35,12,13"/><T38/><D116/><U59/><E113/><V80/><F107/><W1/><G1/><T91/><D131/><U39/><E120/><V125/><F109/><W20/><G35/><T9/><D30/><U74/><E105/><V19/><F125/><W134/><G110/><T71/><D71/><U82/><E39/><V112/><F112/><W24/><G134/><T21/><D21/><U68/><E68/><V104/><F104/><W85/><G85/><T127/><D127/><U2/><E2/><V63/><F95/><W31/><G115/><T128/><D128/><U25/><E15/><V122/><F122/><W87/><G87/><T73/><D76/><U92/><E74/><V11/><F29/><W47/><G114/><T126/><D53/><U93/><E27/><V111/><F111/><W129/><G129/><T75/><D73/><U58/><E58/><V108/><F117/><W130/><G130/><T3/><D126/><U133/><E34/><V16/><F108/><W103/><G47/><N who="0" m="23991" /><D91/><U106/><E106/><V66/><REACH who="2" step="1"/><F77/><REACH who="2" ten="250,250,240,250" step="2"/><W69/><G103/><T5/><D98/><U62/><E133/><V0/><F0/><W33/><G33/><T135/><D135/><U121/><E121/><V52/><F52/><W72/><G72/><AGARI ba="0,1" hai="8,11,16,18,19,44,51,54,57,63,66,72,79,80" machi="72" ten="40,5200,0" yaku="1,1,52,1,54,1,53,0" doraHai="42" doraHaiUra="118" who="2" fromWho="3" sc="250,0,250,0,240,62,250,-52" /><INIT seed="1,0,0,3,1,59" ten="250,250,302,198" oya="1" hai0="100,65,89,34,53,17,57,71,81,91,97,90,61" hai1="49,94,128,5,68,103,112,108,24,109,36,76,115" hai2="0,134,31,106,113,72,131,101,7,54,40,124,39" hai3="47,62,29,130,87,118,26,79,51,8,119,4,10"/><U69/><E36/><V21/><F54/><W37/><G37/><T41/><D34/><U42/><E76/><V107/><F21/><W2/><G130/><T95/><D41/><U83/><E83/><V114/><F31/><W43/><G79/><T20/><D81/><U64/><E103/><V82/><F124/><W13/><G87/><T86/><D86/><U19/><E94/><V129/><F134/><W99/><G99/><T93/><D93/><U96/><E96/><N who="2" m="61735" /><F107/><W27/><G62/><T126/><D126/><U45/><E24/><V67/><F67/><W132/><G132/><T32/><D32/><U14/><E5/><V105/><F105/><W30/><G51/><T127/><D127/><U84/><E84/><V120/><F0/><W38/><G47/><T133/><D133/><U75/><E75/><V55/><F55/><W48/><G48/><T23/><REACH who="0" step="1"/><D17/><REACH who="0" ten="240,250,302,198" step="2"/><U56/><E128/><V74/><F82/><W9/><G43/><T1/><D1/><U22/><E115/><V12/><F40/><W73/><G73/><T33/><D33/><U102/><E112/><N who="2" m="43115" /><F72/><W66/><G38/><T125/><D125/><U78/><E78/><V44/><F74/><W60/><G2/><T104/><D104/><U121/><E102/><V88/><F131/><W50/><G30/><T110/><D110/><N who="1" m="42603" /><E121/><V6/><F120/><W28/><G28/><T58/><D58/><U117/><E117/><V123/><F123/><W3/><G29/><T15/><D15/><U70/><E56/><V98/><F129/><W63/><G119/><T16/><D16/><U92/><E92/><RYUUKYOKU ba="0,1" sc="240,15,250,15,302,-15,198,-15" hai0="20,23,53,57,61,65,71,89,90,91,95,97,100" hai1="14,19,22,42,45,49,64,68,69,70" /><INIT seed="1,1,1,3,4,61" ten="255,265,287,183" oya="1" hai0="19,132,12,36,43,99,10,96,120,126,26,75,47" hai1="76,25,105,54,93,81,7,68,63,51,129,62,49" hai2="31,79,103,45,128,22,114,107,57,74,48,71,67" hai3="94,55,117,23,91,125,53,9,111,21,115,64,3"/><U87/><E105/><V59/><F74/><W29/><G115/><T106/><D126/><U6/><E129/><V42/><F79/><W39/><G125/><T2/><D132/><U66/><E62/><N who="2" m="40439" /><F22/><W83/><G39/><T18/><D120/><U123/><E123/><V44/><F31/><W1/><G111/><T46/><D75/><U28/><E93/><V98/><F98/><W101/><G101/><T56/><D2/><U86/><E87/><V97/><F97/><W118/><G83/><T108/><D108/><U8/><E54/><N who="2" m="29967" /><F103/><W4/><G94/><T90/><D106/><U15/><REACH who="1" step="1"/><E7/><REACH who="1" ten="255,255,287,183" step="2"/><V131/><F107/><W16/><G4/><T121/><D121/><U40/><E40/><V133/><F114/><W85/><G85/><T113/><D113/><U110/><E110/><V112/><F112/><W0/><G55/><T41/><D96/><U58/><E58/><V80/><F80/><W34/><G53/><T70/><D56/><U78/><E78/><V77/><F77/><W130/><G130/><N who="2" m="49705" /><F133/><W73/><G73/><T69/><D99/><U104/><E104/><V65/><F65/><W72/><G64/><T122/><D122/><U89/><E89/><V134/><F134/><W38/><G91/><T37/><D90/><U27/><E27/><V95/><F95/><W88/><G88/><T60/><D60/><U127/><E127/><V52/><F52/><W116/><G72/><T24/><D26/><U119/><E119/><V102/><F102/><W33/><G117/><T135/><D135/><U14/><E14/><V50/><AGARI ba="1,2" hai="42,44,50,57,59" m="49705,29967,40439" machi="50" ten="30,7900,0" yaku="19,1,34,2,52,1" doraHai="61" who="2" fromWho="2" sc="255,-21,255,-40,287,102,183,-21" /><INIT seed="2,0,0,3,3,24" ten="234,215,389,162" oya="2" hai0="123,27,58,126,100,102,121,81,37,131,70,11,88" hai1="23,83,72,19,65,67,45,77,96,21,124,63,129" hai2="66,119,18,64,52,56,105,4,5,99,51,90,53" hai3="92,57,8,31,35,135,32,80,127,22,6,46,60"/><V111/><F119/><W108/><G108/><T91/><D70/><U73/><E129/><V49/><F111/><W133/><G127/><T68/><D68/><U85/><E124/><V120/><F120/><W116/><G116/><T48/><D37/><U122/><E122/><V69/><F18/><W89/><G80/><T118/><D126/><U104/><E23/><V39/><F39/><W71/><G46/><T74/><D118/><U109/><E109/><V47/><F105/><W78/><G78/><T14/><D131/><U10/><E10/><V36/><F36/><W12/><G71/><T114/><D114/><U62/><E45/><V132/><F132/><W103/><G103/><T1/><D1/><U61/><E73/><V94/><F69/><W86/><G22/><T9/><D27/><U2/><E2/><V128/><F128/><W38/><G38/><T107/><D107/><U79/><E79/><V50/><F50/><W41/><G41/><T55/><D11/><U0/><E0/><V130/><F130/><W101/><G101/><T134/><D134/><U110/><E72/><V95/><F95/><W97/><G97/><T33/><D33/><U40/><E40/><V28/><F64/><W117/><G35/><T93/><D121/><U87/><E87/><V43/><F66/><W112/><G112/><T82/><D123/><U115/><E115/><V44/><F43/><W30/><G117/><T54/><D74/><U125/><E125/><V98/><F47/><W106/><G106/><T59/><D93/><U17/><E110/><V15/><F94/><W113/><G92/><RYUUKYOKU ba="0,0" sc="234,0,215,0,389,0,162,0" /><INIT seed="3,1,0,4,3,38" ten="234,215,389,162" oya="3" hai0="31,93,107,80,18,127,45,108,21,111,22,56,105" hai1="36,132,4,59,81,70,25,41,68,135,97,35,78" hai2="58,0,14,50,112,116,103,66,114,131,40,79,113" hai3="51,96,10,33,55,3,2,77,47,11,67,37,95"/><W69/><G33/><T122/><D122/><U46/><E4/><V29/><F0/><W5/><G77/><T57/><D127/><U12/><E12/><V34/><F116/><W27/><G37/><T8/><D93/><U15/><E15/><V100/><F79/><W60/><G27/><N who="0" m="16879" /><D8/><U92/><E59/><N who="0" m="22601" /><D80/><U19/><E19/><V91/><F34/><W61/><G61/><T32/><D32/><U76/><E76/><V83/><F103/><W134/><G134/><N who="1" m="51242" /><E25/><V54/><F131/><W73/><G73/><T16/><D45/><U44/><E44/><V130/><F50/><W53/><G10/><T125/><D18/><U90/><E35/><V43/><F14/><W129/><G129/><T17/><D17/><U63/><E63/><V71/><F54/><W39/><G39/><T23/><D22/><U42/><E42/><V104/><F91/><W85/><G2/><T74/><D74/><AGARI ba="1,0" hai="36,41,46,68,70,74,78,81,90,92,97" m="51242" machi="74" ten="30,2000,0" yaku="20,1,52,1" doraHai="38" who="1" fromWho="0" sc="234,-23,215,23,389,0,162,0" owari="211,-18.9,238,3.8,389,48.9,162,-33.8" /></mjloggm>