<mjloggm ver="2.3"><GO type="225" lobby="0"/><UN n0="%E3%82%BC%E3%83%AB%E3%83%80%E3%81%AE%E4%BC%9D%E8%AA%AC" n1="%E8%81%B7%E6%A5%AD%E3%80%81%E9%A2%A8%32" n2="%6E%65%77%E8%BC%AA%E5%A4%A7%E7%B4%8D%E8%A8%80" n3="%E3%81%86%E3%83%BC%E3%81%B1%E3%83%BC" dan="16,16,16,16" rate="2173.99,2147.82,2092.08,2162.90" sx="M,M,M,F"/><TAIKYOKU oya="0"/><INIT seed="0,0,0,1,1,76" ten="250,250,250,250" oya="0" hai0="89,98,38,95,18,85,108,90,53,132,7,6,66" hai1="80,60,1,36,10,3,96,126,131,114,82,67,79" hai2="68,20,26,22,75,121,106,133,58,63,27,14,23" hai3="73,109,119,70,41,107,125,51,48,101,105,78,135"/><T118/><D118/><U87/><E36/><V45/><F121/><W61/><G119/><T56/><D132/><U91/><E126/><V59/><F133/><W43/><G135/><T29/><D38/><U120/><E120/><V40/><F106/><W12/><G125/><T33/><D108/><U5/><E131/><V134/><F134/><W47/><G109/><T4/><D66/><U19/><E114/><V128/><F128/><W8/><G61/><T124/><D124/><U21/><E96/><V39/><F75/><W64/><G70/><T52/><D18/><U115/><E115/><V99/><F99/><W49/><G64/><T17/><D17/><U55/><E55/><V65/><REACH who="2" step="1"/><F14/><REACH who="2" ten="250,250,240,250" step="2"/><W46/><G101/><T129/><D129/><U62/><E3/><V24/><AGARI ba="0,1" hai="20,22,23,24,26,27,39,40,45,58,59,63,65,68" machi="24" ten="30,4000,0" yaku="1,1,2,1,0,1,53,0" doraHai="76" doraHaiUra="116" who="2" fromWho="2" sc="250,-20,250,-10,240,50,250,-10" /><INIT seed="1,0,0,3,1,102" ten="230,240,290,240" oya="1" hai0="28,80,33,51,67,29,116,56,40,22,64,11,83" hai1="43,34,9,20,104,19,85,98,13,131,49,26,96" hai2="103,74,25,8,78,58,91,39,32,107,37,57,15" hai3="75,5,133,6,88,24,55,90,63,2,48,12,76"/><U4/><E131/><V124/><F124/><W105/><G2/><T81/><D116/><U53/><E43/><V128/><F128/><W126/><G133/><T117/><D117/><U123/><E123/><V132/><F132/><W97/><G126/><T69/><D33/><U65/><E65/><N who="0" m="25161" /><D69/><U86/><E104/><V113/><F113/><W82/><G63/><T122/><D122/><U101/><E34/><V45/><F74/><W21/><G12/><T62/><D11/><U73/><E73/><V0/><F0/><W47/><G5/><T59/><D22/><U66/><E66/><V125/><F125/><W50/><G6/><T77/><D77/><U61/><E61/><V129/><F129/><W71/><G71/><T46/><D62/><U108/><E108/><V112/><F112/><W100/><REACH who="3" step="1"/><G50/><REACH who="3" ten="230,240,290,230" step="2"/><T118/><D118/><U79/><E79/><V120/><F120/><W134/><G134/><T10/><D10/><U110/><E110/><V92/><F15/><W16/><AGARI ba="0,1" hai="16,21,24,47,48,55,75,76,82,88,90,97,100,105" machi="16" ten="20,12000,2" yaku="1,1,0,1,7,1,52,1,54,2,53,0" doraHai="102" doraHaiUra="54" who="3" fromWho="3" sc="230,-30,240,-60,290,-30,230,130" /><INIT seed="2,0,0,5,3,124" ten="200,180,260,360" oya="2" hai0="105,97,28,72,93,88,65,99,26,50,60,9,2" hai1="44,34,125,55,133,25,41,64,135,12,130,47,115" hai2="114,8,27,7,104,5,101,37,1,39,10,71,131" hai3="57,106,109,107,83,69,94,3,4,102,54,67,132"/><V112/><F131/><W0/><G132/><N who="1" m="50762" /><E115/><V36/><F71/><W62/><G109/><T18/><D72/><U68/><E125/><V66/><F66/><W52/><G54/><T73/><D73/><U74/><E74/><V45/><F27/><W61/><G83/><T122/><D122/><U6/><E34/><V117/><F117/><W76/><G76/><T13/><D2/><U82/><E82/><V29/><F29/><W56/><G69/><T127/><D127/><U81/><E81/><V116/><F116/><W32/><G32/><T121/><D50/><N who="1" m="29127" /><E25/><V53/><F53/><W70/><G70/><T51/><D51/><N who="1" m="27119" /><E12/><V14/><F45/><W17/><G0/><T23/><D121/><U24/><E6/><V98/><AGARI ba="0,0" hai="1,5,7,8,10,14,36,37,39,98,101,104,112,114" machi="98" ten="40,2100,0" yaku="0,1" doraHai="124" who="2" fromWho="2" sc="200,-7,180,-7,260,21,360,-7" /><INIT seed="2,1,0,1,3,42" ten="193,173,281,353" oya="2" hai0="29,128,22,58,26,3,30,132,77,28,32,20,94" hai1="115,33,56,131,133,97,6,92,49,83,96,107,9" hai2="105,102,34,54,135,89,57,60,82,67,75,118,46" hai3="23,1,7,24,25,50,35,10,93,18,80,64,108"/><V70/><F118/><W12/><G108/><T2/><D77/><U112/><E33/><V117/><F117/><W109/><G109/><T95/><D58/><U69/><E69/><V47/><F135/><W99/><G64/><T21/><D132/><U65/><E133/><V59/><F34/><W41/><G80/><T14/><D128/><U43/><E131/><V40/><F59/><W126/><G126/><T45/><D45/><U62/><E83/><V113/><F113/><W85/><G85/><T55/><D55/><U111/><E111/><V121/><F121/><W73/><G73/><T16/><D95/><U63/><E107/><V129/><F129/><W53/><G41/><T101/><D94/><U51/><E63/><V120/><F120/><W76/><G76/><T66/><D101/><U78/><E78/><V104/><F102/><W127/><G35/><T61/><D61/><U84/><E84/><V48/><F47/><W11/><G11/><N who="0" m="6239" /><D66/><U31/><E31/><AGARI ba="1,0" hai="2,3,20,21,22,26,28,29,30,31,32" m="6239" machi="31" ten="30,12000,2" yaku="35,5,54,1" doraHai="42" who="0" fromWho="1" sc="193,123,173,-123,281,0,353,0" /><INIT seed="3,0,0,2,2,120" ten="316,50,281,353" oya="3" hai0="45,106,123,52,104,42,79,15,112,55,51,43,126" hai1="124,11,61,38,70,133,35,134,77,46,90,97,48" hai2="9,102,17,27,26,4,12,115,19,114,87,8,121" hai3="13,98,113,73,24,14,72,82,119,32,44,49,57"/><W5/><G113/><N who="2" m="43017" /><F102/><W10/><G119/><T34/><D112/><U105/><E35/><V135/><F87/><W75/><G82/><T65/><D123/><U117/><E11/><V63/><F63/><W58/><G14/><T128/><D34/><U28/><E28/><V23/><F121/><W132/><G132/><T53/><D126/><U54/><E77/><V3/><F135/><W59/><G98/><T50/><D128/><U76/><E76/><V67/><F67/><W68/><G68/><T31/><D31/><U16/><E90/><V99/><F99/><W91/><G91/><T94/><D79/><U88/><E124/><V109/><F27/><W29/><REACH who="3" step="1"/><G72/><REACH who="3" ten="316,50,281,343" step="2"/><T30/><D15/><U85/><E117/><V40/><F40/><AGARI ba="0,1" hai="5,10,13,24,29,32,40,44,49,57,58,59,73,75" machi="40" ten="40,7700,0" yaku="1,1,2,1,53,1" doraHai="120" doraHaiUra="22" who="3" fromWho="2" sc="316,0,50,0,281,-77,343,87" owari="316,11.6,50,-45.0,204,-19.6,430,53.0" /></mjloggm>