<mjloggm ver="2.3"><GO type="225" lobby="0"/><UN n0="%E3%83%81%E3%83%AF%E3%83%AF%E9%9A%8A%E9%95%B7" n1="%E5%BA%97%E9%95%B7%4D" n2="%72%69%6F%75%63%68%61%6E" n3="%74%61%6B%75%61%6B%61" dan="16,16,16,16" rate="2115.04,2085.45,2230.94,2086.37" sx="M,M,M,M"/><TAIKYOKU oya="0"/><INIT seed="0,0,0,5,0,85" ten="250,250,250,250" oya="0" hai0="78,6,27,31,34,44,18,109,53,32,100,99,2" hai1="101,14,13,71,43,51,5,126,63,88,7,0,35" hai2="47,127,28,15,25,41,131,10,17,56,26,96,75" hai3="70,9,114,118,76,102,39,95,81,117,21,122,30"/><T130/><D130/><U94/><E35/><V79/><F127/><W80/><G114/><T33/><D109/><U86/><E126/><V37/><F131/><W67/><G39/><T111/><D111/><U42/><E71/><V119/><F119/><W49/><G122/><T19/><D78/><U50/><E63/><V124/><F124/><W54/><G70/><T116/><D116/><U66/><E66/><V82/><F28/><W12/><G67/><T64/><D64/><U20/><E101/><V97/><REACH who="2" step="1"/><F56/><REACH who="2" ten="250,250,240,250" step="2"/><W90/><G118/><T129/><D129/><U57/><E57/><V38/><F38/><W133/><G30/><T52/><D31/><U103/><E103/><V123/><F123/><W40/><G102/><T104/><D100/><U91/><E0/><V110/><F110/><W16/><G117/><T36/><D36/><U73/><E73/><V46/><F46/><W29/><G29/><T58/><D44/><U120/><E120/><V108/><F108/><W107/><G133/><T112/><D32/><U3/><E3/><V84/><F84/><W69/><G69/><T68/><D68/><U128/><E128/><V1/><F1/><W62/><G107/><T106/><D58/><U98/><E86/><V132/><F132/><W24/><G76/><T55/><D34/><U105/><E105/><V22/><F22/><W72/><G72/><T92/><D33/><U74/><E74/><V65/><F65/><W45/><G21/><T59/><D106/><U11/><E20/><V93/><F93/><W89/><G95/><T23/><D104/><U83/><E94/><RYUUKYOKU ba="0,1" sc="250,-10,250,-10,240,30,250,-10" hai2="10,15,17,25,26,37,41,47,75,79,82,96,97" /><INIT seed="1,1,1,0,5,72" ten="240,240,270,240" oya="1" hai0="106,111,69,67,35,64,80,51,77,119,132,38,91" hai1="129,48,55,31,114,84,50,42,3,33,125,135,105" hai2="122,87,86,17,12,57,99,9,118,14,68,40,4" hai3="37,100,76,81,43,58,124,115,26,107,89,126,18"/><U104/><E114/><V16/><F118/><W13/><G115/><T71/><D38/><U62/><E3/><V108/><F108/><W29/><G89/><T0/><D0/><U98/><E125/><N who="3" m="48234" /><G58/><T54/><D35/><U23/><E33/><V41/><F68/><W36/><G43/><N who="2" m="16457" /><F122/><W110/><G110/><T20/><D106/><U45/><E129/><V24/><F99/><N who="3" m="61855" /><G26/><T1/><D111/><U93/><E135/><V30/><F57/><W78/><G29/><T116/><D132/><U11/><E11/><N who="2" m="6175" /><F30/><W66/><G66/><T130/><D64/><U73/><E73/><V128/><F128/><W5/><G5/><T74/><D67/><U34/><E84/><N who="2" m="32299" /><F24/><W103/><G103/><T134/><D130/><U94/><E34/><V85/><N who="2" m="32307" /><V133/><DORA hai="82" /><F133/><W47/><G47/><T112/><D134/><U123/><E123/><V7/><AGARI ba="1,1" hai="4,7,9,14,17" m="32307,6175,16457" machi="7" ten="40,12000,2" yaku="8,1,52,4,54,1" doraHai="72,82" who="2" fromWho="2" sc="240,-31,240,-61,270,133,240,-31" /><INIT seed="2,0,0,5,2,8" ten="209,179,403,209" oya="2" hai0="1,92,114,64,133,29,69,15,32,3,89,120,73" hai1="77,63,83,75,111,30,93,108,36,0,42,43,97" hai2="4,56,25,6,12,79,45,49,135,18,40,72,39" hai3="17,99,38,16,110,71,107,82,14,52,87,13,116"/><V66/><F135/><W90/><G116/><T28/><D73/><U106/><E0/><V112/><F112/><W96/><G38/><T55/><D114/><U94/><E30/><V65/><F25/><W100/><G110/><N who="1" m="42026" /><E63/><V74/><F66/><W41/><G41/><N who="1" m="15370" /><E36/><V88/><F88/><W132/><G132/><T21/><D133/><U53/><E53/><V59/><F59/><W62/><G96/><T84/><D55/><U81/><E81/><V24/><F24/><W126/><G126/><T118/><D28/><U34/><E34/><V121/><F121/><W27/><G27/><T60/><D120/><U58/><E58/><V76/><F72/><W128/><G128/><T51/><D32/><U61/><E61/><N who="2" m="38055" /><F74/><W101/><G71/><T35/><D69/><U22/><E22/><N who="2" m="11591" /><F39/><W11/><G62/><T7/><D60/><U44/><E44/><V80/><F80/><W10/><G52/><T20/><D35/><U95/><E106/><V33/><F33/><W50/><G50/><T78/><D51/><U54/><E54/><V85/><F85/><W124/><G124/><T131/><D64/><U109/><N who="1" m="42034" /><U48/><DORA hai="127" /><E48/><V31/><F31/><W47/><G47/><T134/><D29/><U5/><E5/><AGARI ba="0,0" hai="4,5,6,40,45,49,76,79" m="11591,38055" machi="5" ten="30,2900,0" yaku="8,1,52,1" doraHai="8,127" who="2" fromWho="1" sc="209,0,179,-29,403,29,209,0" /><INIT seed="2,1,0,2,1,100" ten="209,150,432,209" oya="2" hai0="103,22,109,65,93,106,31,54,9,71,55,48,64" hai1="58,133,69,23,123,127,35,78,76,2,70,111,60" hai2="45,129,119,104,25,16,132,128,34,66,15,122,98" hai3="63,50,95,29,46,5,41,12,47,36,3,59,114"/><V17/><F119/><W39/><G114/><T52/><D109/><U21/><E35/><V37/><F122/><W10/><G29/><T102/><D106/><U75/><E2/><V113/><F113/><W51/><G3/><T107/><D107/><U40/><E111/><V118/><F118/><W135/><G135/><T24/><D71/><U8/><E133/><V53/><F66/><N who="0" m="25706" /><D9/><U19/><E123/><V38/><F132/><W90/><G59/><N who="0" m="33159" /><D103/><U86/><E75/><V44/><F53/><W77/><G63/><T27/><D27/><U82/><E40/><V30/><F45/><W110/><G110/><T32/><D32/><U115/><E115/><V108/><F108/><W105/><G105/><T124/><D124/><U130/><E127/><V101/><F17/><W134/><G134/><T91/><D102/><U14/><E130/><N who="2" m="50283" /><F44/><W73/><G46/><T13/><D13/><U74/><E74/><V84/><F84/><AGARI ba="1,0" hai="22,24,31,54,55,84,91,93" m="33159,25706" machi="84" ten="30,2000,0" yaku="8,1,54,1" doraHai="100" who="0" fromWho="2" sc="209,23,150,0,432,-23,209,0" /><INIT seed="3,0,0,2,3,4" ten="232,150,409,209" oya="3" hai0="41,95,63,76,115,125,75,96,66,91,102,16,82" hai1="13,45,31,116,48,46,56,128,67,94,23,42,22" hai2="109,98,35,51,61,10,105,58,72,20,43,122,77" hai3="79,120,18,126,112,47,93,52,37,71,60,32,39"/><W28/><G120/><T12/><D115/><U70/><E70/><V53/><F35/><W26/><G112/><T59/><D125/><U106/><E106/><V133/><F109/><W11/><G126/><T19/><D41/><U1/><E1/><V103/><F122/><W0/><G79/><T107/><REACH who="0" step="1"/><D12/><REACH who="0" ten="222,150,409,209" step="2"/><U33/><E128/><V92/><F43/><W134/><G0/><T69/><D69/><U2/><E2/><V73/><F77/><W38/><G71/><T78/><D78/><U119/><E46/><V27/><F133/><W5/><G134/><T117/><D117/><U15/><E33/><V81/><F81/><W86/><G47/><T64/><D64/><U9/><E15/><V14/><F105/><W6/><G93/><T89/><D89/><U100/><E119/><V132/><F132/><W90/><G90/><T101/><D101/><U121/><E121/><V74/><F61/><W65/><G65/><T17/><D17/><N who="1" m="8367" /><E116/><V7/><F72/><W44/><G44/><T135/><D135/><U87/><E31/><AGARI ba="0,1" hai="7,10,14,20,27,31,51,53,58,73,74,92,98,103" machi="31" ten="30,2000,0" yaku="7,1,52,1" doraHai="4" who="2" fromWho="1" sc="222,0,150,-20,409,30,209,0" owari="222,2.2,130,-37.0,439,53.9,209,-19.1" /></mjloggm>