<mjloggm ver="2.3"><GO type="225" lobby="0"/><UN n0="%E3%81%A9%E3%82%8F%E3%82%93%E3%81%94" n1="%E3%83%A2%E3%82%B0%E3%83%9E%E3%83%AA%E3%83%A2" n2="%45%6C%79%73%69%75%6D" n3="%E3%82%AF%E3%82%A3%E3%82%A6" dan="16,16,18,16" rate="2230.47,2102.16,2172.74,2114.72" sx="M,M,F,M"/><TAIKYOKU oya="0"/><INIT seed="0,0,0,5,2,57" ten="250,250,250,250" oya="0" hai0="43,44,29,10,55,50,36,84,81,47,62,77,14" hai1="94,100,110,78,25,63,41,17,8,40,31,5,39" hai2="19,46,52,125,124,135,24,87,90,13,92,38,67" hai3="71,80,123,58,4,121,120,89,59,116,122,60,21"/><T15/><D29/><U129/><E110/><V102/><F135/><W6/><N who="3" m="30720" /><DORA hai="27" /><W48/><G116/><T54/><D15/><N who="1" m="7399" /><E129/><V115/><F115/><W105/><G105/><T22/><D22/><N who="1" m="15799" /><E39/><V70/><F24/><W33/><G33/><T95/><D95/><U93/><E78/><V76/><F76/><W75/><G21/><T34/><D34/><U1/><E1/><V133/><F102/><W18/><G18/><T128/><D128/><U107/><E107/><V23/><F133/><W98/><G75/><T82/><D82/><U7/><E63/><V79/><F79/><W26/><G26/><T111/><D111/><U49/><E49/><V28/><F28/><W85/><G48/><T74/><D74/><U99/><E94/><V117/><F38/><W64/><REACH who="3" step="1"/><G98/><REACH who="3" ten="250,250,250,240" step="2"/><T126/><D126/><U119/><E119/><V96/><F96/><W68/><G68/><T91/><D36/><U88/><E100/><V61/><F117/><W0/><G0/><T97/><D97/><U134/><E134/><V131/><F131/><W130/><G130/><T104/><D104/><U51/><E51/><V109/><F109/><W114/><G114/><T127/><D127/><U42/><AGARI ba="0,1" hai="5,7,40,41,42,88,93,99" m="15799,7399" machi="42" ten="30,4000,0" yaku="8,1,52,1,54,1" doraHai="57,27" who="1" fromWho="1" sc="250,-20,250,50,250,-10,240,-10" /><INIT seed="1,0,0,2,1,102" ten="230,300,240,230" oya="1" hai0="130,64,86,121,107,78,115,18,106,104,54,112,45" hai1="129,127,109,1,122,67,8,110,6,26,3,108,19" hai2="71,41,101,81,2,28,38,135,40,74,70,47,99" hai3="79,120,126,44,68,0,134,87,128,98,133,91,113"/><U21/><E67/><V48/><F135/><N who="3" m="51723" /><G68/><T95/><D64/><U85/><E85/><V16/><F2/><N who="1" m="521" /><E122/><V13/><F28/><W119/><G0/><T111/><D18/><U33/><E127/><V12/><F12/><W75/><G120/><T17/><D121/><U97/><E97/><V88/><F40/><W53/><G113/><T23/><D111/><U84/><E84/><V92/><F38/><W11/><G119/><T31/><D31/><N who="1" m="19703" /><E129/><V36/><F48/><N who="3" m="28807" /><G126/><T37/><D130/><U30/><E30/><V124/><F124/><W69/><G128/><T60/><D37/><U131/><E131/><V117/><F117/><W65/><G11/><T32/><D115/><U100/><E100/><V27/><F101/><W7/><G7/><T9/><D112/><U105/><E6/><V50/><F36/><W93/><G75/><T89/><D78/><U56/><E56/><V90/><F70/><W46/><G79/><T4/><D4/><U116/><E116/><V49/><F71/><W72/><G72/><T52/><D45/><U10/><E105/><V51/><F74/><W83/><G46/><T103/><D107/><U61/><E61/><V22/><F13/><AGARI ba="0,0" hai="8,10,13,19,21,108,109,110" m="19703,521" machi="13" ten="40,12000,1" yaku="14,1,10,1,34,2" doraHai="102" who="1" fromWho="2" sc="230,0,300,120,240,-120,230,0" /><INIT seed="1,1,0,1,1,45" ten="230,420,120,230" oya="1" hai0="82,94,50,18,54,95,29,31,84,83,66,57,120" hai1="126,51,58,91,7,127,101,25,6,20,30,17,68" hai2="49,39,131,0,129,108,92,33,135,119,2,28,99" hai3="103,36,75,71,76,110,65,44,100,8,90,102,89"/><U46/><E68/><V48/><F39/><W21/><G110/><T93/><D120/><U96/><E91/><N who="2" m="55711" /><F108/><W86/><G8/><T47/><D18/><U97/><E58/><V9/><F119/><W105/><G21/><T81/><REACH who="0" step="1"/><D84/><REACH who="0" ten="220,420,120,230" step="2"/><U73/><E17/><V11/><F135/><W98/><G86/><T111/><D111/><U16/><E16/><V79/><F79/><W62/><G98/><T130/><D130/><N who="2" m="49674" /><F28/><W19/><G19/><T69/><D69/><U123/><E30/><V59/><F33/><W15/><G76/><T109/><D109/><U14/><E123/><V121/><F121/><W88/><G75/><T61/><AGARI ba="1,1" hai="29,31,47,50,54,57,61,66,81,82,83,93,94,95" machi="61" ten="40,8000,1" yaku="1,1,0,1,8,1,52,1,53,0" doraHai="45" doraHaiUra="117" who="0" fromWho="0" sc="220,93,420,-41,120,-21,230,-21" /><INIT seed="2,0,0,5,2,107" ten="313,379,99,209" oya="2" hai0="99,96,103,86,42,108,95,129,48,25,110,135,75" hai1="43,12,98,37,0,68,128,90,15,18,6,117,1" hai2="22,125,11,7,9,133,92,2,39,94,66,72,76" hai3="73,126,93,118,45,30,27,85,121,44,82,21,17"/><V23/><F125/><W55/><G118/><T105/><D135/><U109/><E68/><V111/><F133/><W34/><G121/><T29/><D129/><U13/><E117/><V124/><F124/><W33/><G126/><T46/><D86/><U89/><E109/><N who="0" m="42089" /><D75/><U91/><E6/><V57/><F111/><W71/><G71/><T41/><D48/><U26/><E128/><V81/><F39/><W24/><G55/><T58/><D58/><U19/><E98/><V36/><F36/><W100/><G73/><T54/><D54/><U106/><E106/><V88/><F9/><W123/><G123/><T84/><D84/><U116/><E116/><V78/><F78/><W65/><G65/><T120/><D46/><U61/><E26/><V62/><REACH who="2" step="1"/><F92/><REACH who="2" ten="313,379,89,209" step="2"/><W14/><G93/><T113/><D120/><U59/><E37/><V101/><F101/><W31/><G100/><N who="0" m="62623" /><D113/><U134/><E134/><V131/><F131/><W38/><G38/><T67/><D67/><U3/><E89/><AGARI ba="0,1" hai="14,17,21,24,27,30,31,33,34,44,45,82,85,89" machi="89" ten="30,2000,0" yaku="7,1,9,1" doraHai="107" who="3" fromWho="1" sc="313,0,379,-20,89,0,209,30" /><INIT seed="3,0,0,5,1,3" ten="313,359,89,239" oya="3" hai0="82,101,59,61,110,67,64,126,92,99,74,78,113" hai1="120,133,128,131,66,69,26,84,109,40,72,107,8" hai2="19,94,17,54,105,68,129,45,1,52,90,41,114" hai3="16,7,65,118,127,73,111,9,112,98,47,122,89"/><W132/><G112/><T83/><D110/><U80/><E109/><V134/><F105/><W60/><G111/><T63/><D126/><U76/><E133/><V124/><F114/><W35/><G118/><T22/><D113/><U75/><E120/><V21/><F124/><W56/><G122/><T79/><D22/><U10/><E107/><V81/><F134/><W85/><G127/><T71/><D83/><U38/><E26/><V103/><F129/><N who="1" m="49737" /><E40/><V51/><F68/><W2/><G132/><T36/><D79/><U25/><E38/><V116/><F116/><W42/><G73/><N who="1" m="28234" /><E25/><V87/><F1/><W14/><G98/><T28/><D36/><U32/><E32/><V121/><F121/><W23/><G35/><T5/><REACH who="0" step="1"/><D28/><REACH who="0" ten="303,359,89,239" step="2"/><U117/><E117/><V6/><F17/><W100/><G100/><T57/><D57/><U34/><E34/><V29/><F29/><W50/><G89/><T4/><AGARI ba="0,1" hai="4,5,59,61,63,64,67,71,74,78,82,92,99,101" machi="4" ten="30,7900,0" yaku="1,1,0,1,52,2,53,0" doraHai="3" doraHaiUra="11" who="0" fromWho="0" sc="303,89,359,-20,89,-20,239,-39" owari="392,49.2,339,13.9,69,-43.1,200,-20.0" /></mjloggm>