<mjloggm ver="2.3"><GO type="225" lobby="0"/><UN n0="%E7%89%B9%E6%9D%B1%E3%81%AF%E4%B8%96%E7%95%8C%E3%82%92%E6%95%91%E3%81%86" n1="%E5%8D%A0%E3%81%84%E5%B8%AB%E8%A3%8F%E3%81%AA%E3%81%84%E3%81%97" n2="%63%68%78%62%64" n3="%E6%B4%BE%E9%81%A3%E3%81%AE%E3%82%B8%E3%83%A3%E3%83%83%E3%82%AF" dan="16,16,16,17" rate="2103.67,2163.10,2153.09,2208.62" sx="M,M,M,M"/><TAIKYOKU oya="0"/><INIT seed="0,0,0,2,5,65" ten="250,250,250,250" oya="0" hai0="45,70,0,96,20,31,79,33,116,41,112,10,5" hai1="60,3,74,67,69,42,58,26,9,72,121,61,82" hai2="13,1,32,50,106,119,135,100,118,30,43,21,80" hai3="17,133,25,48,87,8,36,63,49,2,102,92,103"/><T4/><D112/><U7/><E121/><V44/><F135/><W35/><G36/><T125/><D116/><N who="2" m="44586" /><F1/><W34/><G133/><T90/><D33/><U54/><E42/><V57/><F32/><W93/><G63/><T27/><D125/><U84/><REACH who="1" step="1"/><E26/><REACH who="1" ten="250,240,250,250" step="2"/><N who="2" m="16719" /><F13/><W94/><G25/><T104/><D27/><U117/><E117/><V40/><F43/><W120/><G120/><T130/><D41/><U28/><E28/><V38/><F80/><W113/><G2/><T88/><D31/><U131/><E131/><V110/><F110/><W56/><G113/><T97/><D130/><U126/><E126/><V95/><F38/><W85/><G34/><T123/><D0/><U37/><E37/><V89/><F57/><W12/><G35/><T101/><D123/><U115/><E115/><V6/><F6/><W77/><G56/><T14/><D5/><U78/><AGARI ba="0,1" hai="3,7,9,54,58,60,61,67,69,72,74,78,82,84" machi="78" ten="20,5200,0" yaku="1,1,0,1,7,1,52,1,53,0" doraHai="65" doraHaiUra="134" who="1" fromWho="1" sc="250,-26,240,62,250,-13,250,-13" /><INIT seed="1,0,0,1,2,107" ten="224,302,237,237" oya="1" hai0="94,124,25,54,86,12,26,28,11,77,116,134,100" hai1="6,115,67,5,78,114,105,121,74,104,36,76,42" hai2="118,56,106,75,125,58,7,9,71,128,27,68,89" hai3="79,44,102,72,126,73,103,110,129,65,16,119,31"/><U23/><E121/><V101/><F118/><W123/><G31/><T48/><D116/><U46/><E67/><V13/><F128/><W55/><G119/><T82/><D134/><U60/><E60/><V66/><F125/><W47/><G123/><T50/><D124/><U81/><E23/><V84/><F75/><W92/><G65/><T33/><D26/><U19/><E19/><V98/><F27/><W93/><G126/><T10/><D10/><U57/><E57/><V14/><F14/><W3/><G3/><T43/><D43/><U120/><E120/><V133/><F133/><W21/><G79/><T2/><D2/><U130/><E130/><V20/><F20/><W122/><G122/><T63/><D100/><U51/><E51/><V127/><F127/><W131/><G21/><T37/><D37/><U59/><E59/><V132/><F132/><W53/><G110/><T0/><D0/><U35/><E35/><V15/><F15/><W29/><G29/><T40/><D40/><U117/><E117/><V30/><F30/><W8/><G8/><T32/><D94/><U83/><E5/><V39/><F39/><W62/><G62/><T91/><D32/><U41/><E41/><V135/><F135/><W22/><G22/><T109/><D109/><U112/><REACH who="1" step="1"/><E6/><REACH who="1" ten="224,292,237,237" step="2"/><V64/><F64/><W108/><G108/><T99/><D63/><U96/><E96/><V52/><F66/><W34/><G34/><T85/><D99/><U95/><E95/><N who="2" m="54695" /><F58/><W113/><G16/><N who="0" m="8223" /><D54/><U4/><E4/><V38/><F38/><W88/><G131/><T24/><D24/><RYUUKYOKU ba="0,1" sc="224,10,292,10,237,10,237,-30" hai0="25,28,33,48,50,77,82,85,86,91" hai1="36,42,46,74,76,78,81,83,104,105,112,114,115" hai2="7,9,13,52,56,68,71,98,101,106" /><INIT seed="1,1,1,2,4,68" ten="234,302,247,207" oya="1" hai0="72,120,22,108,127,37,87,124,109,13,15,74,20" hai1="63,25,100,117,53,56,79,98,45,78,39,60,131" hai2="82,96,26,70,67,12,59,11,51,65,23,103,112" hai3="132,55,115,122,0,125,30,83,69,111,64,85,101"/><U135/><E117/><V105/><F112/><W86/><G115/><T104/><D104/><U17/><E131/><V95/><F105/><W77/><G0/><T52/><D87/><U36/><E135/><V6/><F70/><W93/><G122/><T114/><D114/><U61/><E45/><V50/><F82/><W5/><G5/><T81/><D81/><U7/><E7/><V91/><F91/><W31/><G132/><T121/><D52/><U27/><E79/><V19/><F67/><W38/><G111/><T99/><D99/><U28/><E78/><V16/><F6/><W57/><G38/><AGARI ba="1,1" hai="13,15,20,22,37,38,72,74,108,109,120,121,124,127" machi="38" ten="25,6400,0" yaku="22,2,52,2" doraHai="68" who="0" fromWho="3" sc="234,77,302,0,247,0,207,-67" /><INIT seed="2,0,0,2,0,106" ten="311,302,247,140" oya="2" hai0="105,100,63,46,95,78,15,3,118,22,134,47,40" hai1="67,80,41,38,127,119,61,49,93,121,17,131,55" hai2="97,12,104,5,77,107,85,19,20,25,36,31,69" hai3="33,42,113,88,75,30,51,92,116,64,96,32,6"/><V102/><F69/><W45/><G116/><T48/><D3/><U83/><E119/><V129/><F129/><W79/><G113/><T89/><D118/><U18/><E131/><V13/><F36/><W86/><G64/><T8/><D134/><U66/><E66/><V126/><F126/><W62/><G62/><T130/><D130/><U99/><E127/><V120/><F120/><W37/><G6/><T28/><D105/><U87/><E41/><V65/><F65/><W111/><G111/><T1/><D1/><U114/><E38/><V125/><F125/><W98/><G37/><T72/><D100/><U123/><E114/><V23/><F107/><W52/><G42/><T14/><D63/><U124/><E124/><V101/><F101/><W70/><G70/><T76/><D47/><U117/><E117/><V73/><F73/><W29/><G33/><T110/><D72/><U60/><E60/><V103/><F103/><W94/><G32/><T2/><D2/><U0/><E0/><V112/><F112/><W4/><G4/><N who="0" m="3335" /><D110/><U74/><E74/><V57/><F57/><W24/><G24/><N who="0" m="16407" /><D15/><U71/><E123/><V108/><F108/><W132/><G132/><T128/><D128/><U7/><E7/><V44/><F44/><W39/><G39/><T10/><D10/><U21/><E121/><V9/><F77/><W81/><REACH who="3" step="1"/><G75/><REACH who="3" ten="311,302,247,130" step="2"/><T43/><D40/><U53/><E67/><V50/><F50/><W84/><G84/><AGARI ba="0,1" hai="43,46,48,76,78,84,89,95" m="16407,3335" machi="84" ten="30,1000,0" yaku="8,1" doraHai="106" who="0" fromWho="3" sc="311,20,302,0,247,0,130,-10" /><INIT seed="3,0,0,1,5,47" ten="331,302,247,120" oya="3" hai0="98,36,1,76,100,85,3,23,35,91,14,74,89" hai1="63,93,26,131,43,19,83,127,45,34,20,132,60" hai2="13,48,70,69,124,90,80,17,88,41,24,62,102" hai3="15,53,94,16,95,66,82,134,21,84,32,58,133"/><W31/><G66/><T18/><D36/><U55/><E34/><V0/><F0/><W79/><G32/><T96/><D35/><U86/><E131/><V27/><F124/><W9/><G133/><T106/><D96/><U28/><E127/><V71/><F102/><W65/><G65/><T104/><D104/><U2/><E2/><V50/><F41/><W39/><G39/><T54/><D91/><U6/><E6/><V105/><F105/><W68/><G68/><T29/><D29/><U11/><E132/><V73/><F62/><W129/><G129/><T125/><D125/><U118/><E93/><V75/><F13/><W117/><G117/><T52/><D3/><U111/><E111/><V61/><F61/><W119/><G119/><T72/><D1/><U8/><E28/><V103/><F103/><W122/><G122/><T42/><D42/><U46/><E63/><V108/><F17/><W107/><G107/><T40/><D40/><U101/><E101/><V12/><F12/><W114/><G114/><T130/><D130/><U10/><E43/><V109/><F70/><W59/><G134/><T112/><D112/><U87/><E87/><V5/><F5/><W128/><G128/><T33/><D33/><U7/><E7/><V116/><F80/><W115/><G115/><T57/><D76/><N who="1" m="46439" /><E118/><AGARI ba="0,0" hai="24,27,48,50,69,71,73,75,88,90,108,109,116,118" machi="118" ten="25,8000,1" yaku="22,2,52,2,54,1" doraHai="47" who="2" fromWho="1" sc="331,0,302,-80,247,80,120,0" owari="331,43.1,222,-17.8,327,12.7,120,-38.0" /></mjloggm>