<mjloggm ver="2.3"><GO type="225" lobby="0"/><UN n0="%6D%75%75%6D%75%72%61" n1="%E8%AB%B8%E8%91%9B%E4%BA%AE" n2="%E8%BE%9B%E5%8F%A3%E3%82%AB%E3%83%AC%E3%83%BC%E3%83%A9%E3%82%A4%E3%82%B9" n3="%73%6C%69%63%6B%33%31%39" dan="16,16,16,16" rate="2095.67,2132.92,2202.48,2065.11" sx="F,M,M,M"/><TAIKYOKU oya="0"/><INIT seed="0,0,0,5,1,50" ten="250,250,250,250" oya="0" hai0="91,54,32,103,80,6,8,51,42,122,89,82,13" hai1="99,135,117,130,16,29,33,20,27,12,86,77,71" hai2="18,64,110,65,108,107,78,61,87,37,70,40,52" hai3="132,0,83,62,123,119,5,3,30,24,68,131,92"/><T10/><D32/><U101/><E117/><V106/><F65/><W44/><G119/><T21/><D122/><U15/><E130/><V75/><F75/><W4/><G131/><T14/><D42/><U47/><E135/><V121/><F121/><W22/><G123/><T105/><D21/><U125/><E125/><V1/><F1/><W49/><G132/><T72/><D103/><U28/><E71/><V115/><F115/><W114/><G114/><T66/><D66/><U127/><E127/><V118/><F118/><W36/><G36/><T55/><D105/><U74/><E74/><V46/><F18/><W124/><G124/><T120/><D120/><U34/><E47/><V104/><REACH who="2" step="1"/><F52/><REACH who="2" ten="250,250,240,250" step="2"/><N who="0" m="20010" /><D72/><U60/><E60/><V7/><F7/><W134/><G4/><N who="0" m="3207" /><D51/><U48/><E48/><V67/><F67/><W129/><G49/><T45/><D45/><U112/><E112/><V116/><F116/><W84/><G44/><T94/><D91/><U69/><E69/><V26/><F26/><W43/><G24/><T25/><D25/><U96/><E27/><V38/><F38/><W41/><G68/><T95/><D95/><U56/><E101/><V93/><F93/><W11/><G92/><T63/><D63/><U85/><E56/><V23/><F23/><W81/><G22/><T59/><D59/><U39/><E20/><V102/><F102/><W73/><G62/><T90/><D90/><U98/><E33/><V35/><F35/><W53/><G73/><T58/><D58/><U133/><E34/><V113/><F113/><W97/><G41/><T17/><D6/><RYUUKYOKU ba="0,1" sc="250,15,250,-15,240,15,250,-15" hai0="10,14,17,80,82,89,94" hai2="37,40,46,61,64,70,78,87,104,106,107,108,110" /><INIT seed="0,1,1,1,0,16" ten="265,235,255,235" oya="0" hai0="99,35,0,120,18,22,92,135,90,115,116,12,19" hai1="44,57,59,34,3,62,47,89,7,73,20,36,101" hai2="69,41,119,17,14,112,53,30,107,79,104,129,26" hai3="87,124,118,108,83,131,54,63,28,15,29,11,121"/><T75/><D115/><U2/><E73/><V98/><F112/><W132/><G118/><T23/><D116/><U130/><E34/><V9/><F119/><W86/><G108/><T71/><D35/><U106/><E130/><V31/><F69/><W49/><G131/><T68/><D120/><U91/><E106/><V5/><F129/><W48/><G121/><T82/><D0/><U85/><E101/><V76/><F41/><W117/><G117/><T6/><D6/><U111/><E111/><V93/><F104/><W32/><G32/><T100/><D135/><U25/><E36/><V42/><F107/><W125/><G132/><T65/><D65/><U60/><E7/><V84/><F42/><W46/><G63/><N who="1" m="24106" /><E3/><V77/><F53/><W37/><G48/><T1/><D1/><U55/><E2/><V127/><F127/><N who="3" m="48715" /><G37/><T109/><D109/><U61/><E59/><V33/><F31/><N who="3" m="11851" /><G83/><T40/><D40/><U103/><E103/><V126/><F126/><W113/><G113/><T66/><D66/><U95/><E91/><V38/><F38/><W78/><G78/><T81/><D81/><U134/><E134/><V94/><F79/><W122/><G122/><T74/><D100/><U51/><N who="1" m="24114" /><U70/><DORA hai="43" /><E70/><V97/><F77/><W27/><G27/><T102/><D102/><U50/><E51/><V10/><F76/><W105/><G105/><T67/><D67/><U114/><E114/><V88/><REACH who="2" step="1"/><F93/><REACH who="2" ten="265,235,245,235" step="2"/><W64/><G64/><T4/><D71/><U13/><E95/><V80/><F80/><W96/><G96/><T133/><D99/><RYUUKYOKU ba="1,2" sc="265,-15,235,-15,245,15,235,15" hai2="5,9,10,14,17,26,30,33,84,88,94,97,98" hai3="11,15,46,49,54,86,87" /><INIT seed="1,2,2,3,1,15" ten="250,220,260,250" oya="1" hai0="40,36,124,55,9,94,34,39,97,31,91,16,105" hai1="132,83,27,59,51,52,103,80,30,79,134,2,96" hai2="92,67,89,69,125,113,6,1,13,109,28,90,72" hai3="66,108,32,56,131,43,47,74,68,7,98,10,77"/><U99/><E2/><V22/><F72/><W100/><G56/><T19/><D105/><U11/><E11/><V46/><F109/><W50/><G32/><T114/><D114/><U61/><E51/><V93/><F125/><W75/><G108/><T88/><D124/><U0/><E0/><V18/><F113/><W45/><G131/><T35/><D9/><U112/><E112/><V14/><F1/><W118/><G118/><T82/><D55/><U25/><E25/><V117/><F28/><W129/><G129/><T101/><D40/><U38/><E38/><V57/><F69/><W119/><G119/><T95/><D82/><U26/><E26/><N who="2" m="14679" /><F46/><W111/><G111/><T5/><D101/><U120/><E120/><V87/><F6/><W37/><G66/><T135/><D5/><U133/><E79/><V12/><F117/><W8/><G68/><T73/><D135/><U49/><E61/><N who="2" m="38319" /><F12/><W76/><G7/><T21/><D73/><U106/><REACH who="1" step="1"/><E99/><AGARI ba="2,2" hai="13,14,87,89,90,92,93,99" m="38319,14679" machi="99" ten="30,2000,0" yaku="8,1,52,1" doraHai="15" who="2" fromWho="1" sc="250,0,220,-26,260,46,250,0" /><INIT seed="2,0,0,0,5,26" ten="250,194,306,250" oya="2" hai0="102,121,61,77,46,39,122,108,81,32,9,22,65" hai1="96,107,55,125,42,54,69,34,57,88,110,119,89" hai2="11,80,58,19,52,43,124,131,109,60,28,31,36" hai3="25,120,18,75,45,16,129,3,100,67,76,73,8"/><V113/><F113/><W71/><G120/><T62/><D32/><U29/><E69/><V99/><F124/><W35/><G100/><T132/><D108/><U112/><E119/><V2/><F109/><W47/><G71/><T33/><D33/><U40/><E112/><V23/><F131/><W5/><G67/><T97/><D132/><U84/><E125/><V103/><F36/><W135/><G135/><T44/><D9/><U30/><E110/><V66/><F43/><N who="1" m="16425" /><E34/><V105/><F80/><N who="3" m="45071" /><G75/><T15/><D39/><U49/><E107/><V85/><F85/><W94/><G94/><T126/><D126/><U116/><E116/><V117/><F117/><W24/><G24/><T82/><D77/><U68/><E68/><V123/><F123/><W83/><G83/><T128/><D128/><U93/><E55/><V118/><F118/><W56/><G56/><T63/><D65/><U87/><E87/><V6/><F66/><W130/><G130/><T48/><D121/><U4/><E4/><V7/><F7/><W38/><G129/><T79/><D79/><U134/><E134/><V21/><F21/><W1/><G1/><T86/><D122/><U106/><E106/><V41/><F41/><N who="3" m="22711" /><G47/><T27/><D44/><U70/><E70/><V92/><F105/><W17/><G17/><T133/><D133/><U111/><E111/><V37/><F37/><W14/><G14/><AGARI ba="0,0" hai="2,6,11,14,19,23,28,31,52,58,60,92,99,103" machi="14" ten="30,11600,0" yaku="7,1,52,2,54,1" doraHai="26" who="2" fromWho="3" sc="250,0,194,0,306,116,250,-116" /><INIT seed="2,1,0,3,1,77" ten="250,194,422,134" oya="2" hai0="113,50,24,90,65,111,30,43,70,83,68,29,135" hai1="13,132,31,104,97,16,17,85,59,98,100,14,78" hai2="123,107,126,82,80,45,75,114,0,89,129,20,3" hai3="36,56,116,125,128,52,55,99,108,109,101,25,91"/><V58/><F114/><W76/><G116/><T38/><D113/><U18/><E132/><V134/><F123/><W8/><G36/><T54/><D111/><N who="3" m="42569" /><G125/><T103/><D135/><U105/><E31/><V42/><F107/><W121/><G121/><T73/><D103/><U51/><E104/><V6/><F126/><W48/><G128/><T122/><D122/><U63/><E51/><V9/><F0/><W11/><G91/><T102/><D102/><U5/><E5/><V33/><F33/><W37/><G37/><T106/><D106/><U47/><E47/><V27/><F134/><W71/><G71/><T96/><D68/><U35/><E35/><V112/><F112/><W10/><G25/><T84/><D24/><U72/><E72/><V28/><F129/><W67/><G76/><T95/><D38/><U79/><E98/><V46/><F75/><W32/><G32/><T119/><D73/><U127/><E127/><V92/><F58/><N who="3" m="33031" /><G67/><T23/><D65/><U49/><E49/><V118/><F118/><W60/><G101/><T7/><D119/><U15/><REACH who="1" step="1"/><E85/><REACH who="1" ten="250,184,422,134" step="2"/><V69/><F45/><W124/><G124/><T4/><D84/><U41/><E41/><V94/><F46/><W131/><G131/><T39/><D43/><U40/><E40/><V21/><F42/><W110/><N who="3" m="42577" /><W117/><DORA hai="26" /><G117/><T1/><D39/><U19/><N who="1" m="4096" /><DORA hai="34" /><U12/><N who="1" m="3072" /><DORA hai="2" /><U81/><E81/><V62/><F82/><W93/><G99/><T61/><D96/><U57/><E57/><V120/><F80/><W133/><G133/><T74/><D83/><RYUUKYOKU ba="1,1" sc="250,-15,184,15,422,-15,134,15" hai1="59,63,78,79,97,100,105" hai3="8,10,11,55,56,60,93" /><INIT seed="3,2,1,4,2,101" ten="235,199,407,149" oya="3" hai0="51,124,109,90,113,47,120,106,68,30,33,87,111" hai1="105,46,61,121,79,25,24,72,50,63,62,114,11" hai2="26,34,129,36,59,13,98,89,4,73,112,133,45" hai3="117,65,115,49,97,12,134,78,52,48,43,77,104"/><W1/><G115/><T92/><D120/><U69/><E121/><V39/><F73/><W5/><G117/><T15/><D68/><U7/><E114/><V91/><F91/><W31/><G1/><T88/><D113/><U94/><E69/><V44/><F89/><W107/><G65/><T35/><D106/><N who="3" m="40489" /><G31/><T123/><D15/><N who="1" m="5631" /><E105/><V32/><F45/><W110/><G97/><T14/><D47/><U128/><E128/><V0/><F44/><W6/><G43/><T71/><D51/><N who="3" m="19529" /><G52/><T54/><D54/><N who="1" m="30039" /><E72/><V9/><F0/><W127/><G12/><T23/><D14/><U99/><E79/><N who="3" m="30218" /><G127/><T84/><D124/><U83/><E83/><V118/><F98/><W81/><G81/><T67/><D67/><U60/><N who="1" m="15360" /><DORA hai="58" /><U55/><E55/><V2/><F2/><W82/><G82/><T18/><D71/><U3/><E3/><V70/><F70/><W85/><G85/><T75/><D87/><U20/><E20/><V125/><F125/><W37/><G37/><T132/><D84/><U22/><E22/><V126/><F39/><W100/><G100/><AGARI ba="2,1" hai="24,25,94,99,100" m="15360,30039,5631" machi="100" ten="40,8000,1" yaku="8,1,52,4" doraHai="101,58" who="1" fromWho="3" sc="235,0,199,96,407,0,149,-86" owari="235,-16.5,295,9.5,407,50.7,63,-43.7" /></mjloggm>