<mjloggm ver="2.3"><GO type="225" lobby="0"/><UN n0="%4B%2E%32%2E%4B%2E" n1="%6D%75%75%6D%75%72%61" n2="%E3%81%99%E3%81%84%E3%81%BE%E3%81%9B%E3%83%BC%E3%82%93" n3="%E5%8D%A0%E3%81%84%E5%B8%AB%E8%A3%8F%E3%81%AA%E3%81%84%E3%81%97" dan="17,17,16,17" rate="2185.91,2194.00,2202.98,2130.02" sx="M,F,M,M"/><TAIKYOKU oya="0"/><INIT seed="0,0,0,4,3,13" ten="250,250,250,250" oya="0" hai0="53,116,100,1,79,26,56,98,25,42,87,131,28" hai1="0,6,103,47,36,32,8,81,29,14,124,18,11" hai2="104,16,62,126,84,97,134,110,34,20,46,115,101" hai3="82,51,31,92,83,22,61,77,128,3,122,123,111"/><T105/><D116/><U119/><E119/><V59/><F115/><W15/><G3/><T38/><D1/><U55/><E124/><V109/><F126/><W95/><G111/><N who="2" m="42505" /><F34/><W4/><G128/><T23/><D131/><U129/><E129/><V57/><F134/><W58/><G51/><T114/><D114/><U48/><E36/><V112/><F112/><W35/><G35/><T80/><D26/><U89/><E103/><V68/><F46/><W78/><G31/><T44/><D56/><U132/><E132/><V72/><F72/><W93/><G4/><T49/><REACH who="0" step="1"/><D38/><REACH who="0" ten="240,250,250,250" step="2"/><U120/><E120/><V135/><F135/><W133/><G133/><T65/><D65/><U33/><REACH who="1" step="1"/><E29/><REACH who="1" ten="240,240,250,250" step="2"/><V121/><F121/><W66/><G122/><T7/><D7/><U125/><E125/><V54/><F68/><W52/><G123/><T96/><D96/><U67/><E67/><V24/><F97/><W130/><G66/><T85/><D85/><AGARI ba="0,2" hai="0,6,8,11,14,18,32,33,47,48,55,81,85,89" machi="85" ten="40,8000,1" yaku="1,1,25,2,52,1,53,0" doraHai="13" doraHaiUra="74" who="1" fromWho="0" sc="240,-80,240,100,250,0,250,0" /><BYE who="2" /><INIT seed="1,0,0,1,2,113" ten="160,340,250,250" oya="1" hai0="49,116,79,12,122,33,120,99,40,62,5,50,1" hai1="66,129,124,95,19,9,43,82,127,58,96,81,68" hai2="104,87,114,14,22,112,30,134,48,4,135,103,67" hai3="24,21,128,111,106,18,45,23,123,97,132,101,27"/><U13/><E129/><UN n2="%E3%81%99%E3%81%84%E3%81%BE%E3%81%9B%E3%83%BC%E3%82%93" /><V73/><F73/><W15/><G111/><T55/><D1/><U8/><E68/><V42/><F67/><W6/><G128/><T69/><D33/><U133/><E133/><N who="2" m="50699" /><F87/><W118/><G132/><T110/><D79/><U2/><E43/><V84/><F84/><W117/><G123/><N who="0" m="47147" /><D99/><U74/><E66/><V35/><F103/><W39/><G6/><T26/><D26/><U16/><E58/><V72/><F104/><W83/><G83/><T41/><D12/><N who="1" m="7175" /><E2/><V76/><F76/><W131/><G131/><T94/><D94/><U10/><E74/><V107/><F107/><W31/><REACH who="3" step="1"/><G27/><REACH who="3" ten="160,340,250,240" step="2"/><T102/><D5/><U51/><E82/><V119/><F4/><W85/><G85/><T108/><D116/><U47/><E81/><V37/><F119/><W89/><G89/><T121/><D102/><N who="1" m="60703" /><E127/><V75/><F75/><W90/><G90/><T17/><N who="0" m="47155" /><T65/><DORA hai="109" /><D17/><U100/><E124/><V61/><F72/><W77/><G77/><T34/><D34/><U44/><E100/><V59/><F35/><W46/><G46/><N who="0" m="25799" /><D41/><AGARI ba="0,1" hai="15,18,21,23,24,31,39,41,45,97,101,106,117,118" machi="41" ten="40,5200,0" yaku="1,1,52,2,53,0" doraHai="113,109" doraHaiUra="60,130" who="3" fromWho="0" sc="160,-52,340,0,250,0,240,62" /><INIT seed="2,0,0,5,3,5" ten="108,340,250,302" oya="2" hai0="56,39,110,52,16,79,25,21,70,95,60,19,45" hai1="6,32,29,132,119,17,46,49,66,134,73,124,51" hai2="43,102,111,23,101,13,54,55,71,18,50,103,36" hai3="27,106,118,3,99,123,24,127,61,47,15,107,96"/><V9/><F71/><W69/><G118/><T72/><D110/><U116/><E73/><V104/><F111/><W115/><G3/><T59/><D70/><U100/><E124/><V121/><F121/><W88/><G123/><T84/><D72/><U94/><E66/><V122/><F122/><W62/><G127/><T125/><D125/><U58/><E6/><V11/><F104/><W105/><G47/><T1/><D1/><U68/><E68/><V63/><F36/><W120/><G120/><T108/><D108/><U2/><E2/><V4/><F63/><N who="3" m="24075" /><G15/><T75/><D75/><U42/><E29/><V78/><F78/><W30/><G30/><T38/><D38/><U37/><E32/><V87/><F87/><W92/><G115/><T77/><D39/><U98/><E17/><V31/><F31/><W83/><G83/><T74/><D74/><U65/><E65/><V10/><F4/><W35/><G35/><T20/><D45/><AGARI ba="0,0" hai="9,10,11,13,18,23,43,45,50,54,55,101,102,103" machi="45" ten="40,12000,1" yaku="8,1,52,3" doraHai="5" who="2" fromWho="0" sc="108,-120,340,0,250,120,302,0" owari="-12,-51.2,340,14.0,370,47.0,302,-9.8" /></mjloggm>