<mjloggm ver="2.3"><GO type="225" lobby="0"/><UN n0="%4B%2E%32%2E%4B%2E" n1="%6D%75%75%6D%75%72%61" n2="%73%61%6E%64%69%72%69%73" n3="%72%61%6B%33" dan="16,16,16,18" rate="2089.95,2205.71,2142.78,2297.07" sx="M,F,M,M"/><TAIKYOKU oya="0"/><INIT seed="0,0,0,2,3,61" ten="250,250,250,250" oya="0" hai0="120,24,108,49,123,54,46,132,75,1,129,98,82" hai1="77,28,128,17,104,22,121,13,64,51,53,90,130" hai2="2,23,29,74,113,80,16,48,81,9,66,131,76" hai3="122,52,118,57,41,133,101,100,45,11,84,56,69"/><T47/><D1/><U33/><E121/><V110/><F113/><W20/><G118/><T97/><D129/><N who="1" m="49771" /><E104/><V55/><F110/><W105/><G69/><T135/><D24/><N who="1" m="18567" /><E77/><V65/><F131/><W44/><G133/><N who="0" m="51275" /><D108/><U59/><E90/><V37/><F37/><W88/><G122/><N who="0" m="46635" /><D46/><U111/><E111/><V43/><F43/><W0/><G20/><T67/><D67/><AGARI ba="0,0" hai="13,17,22,51,53,59,64,67" m="18567,49771" machi="67" ten="30,3900,0" yaku="19,1,52,2" doraHai="61" who="1" fromWho="0" sc="250,-39,250,39,250,0,250,0" /><INIT seed="1,0,0,3,2,90" ten="211,289,250,250" oya="1" hai0="118,86,24,32,49,98,51,12,120,94,0,134,117" hai1="111,72,52,46,39,126,41,81,113,58,97,130,3" hai2="122,27,50,77,135,44,7,115,79,68,2,5,71" hai3="64,40,74,108,48,42,62,20,102,31,99,55,26"/><U59/><E113/><V8/><F122/><W131/><G74/><T1/><D120/><U28/><E130/><V43/><F135/><W89/><G108/><T114/><D114/><U61/><E111/><V128/><F115/><W123/><G89/><T133/><D86/><U23/><E126/><V34/><F128/><W88/><G131/><T127/><D127/><U121/><E121/><V129/><F129/><W29/><G29/><N who="0" m="19495" /><D12/><U66/><E3/><N who="0" m="1097" /><D117/><U13/><E97/><V103/><F7/><W93/><G123/><T96/><D96/><U35/><E35/><V56/><F103/><W33/><G33/><T10/><D10/><U100/><E100/><V45/><F56/><N who="3" m="36935" /><G102/><N who="0" m="60759" /><D118/><U83/><E72/><V54/><F34/><W105/><G105/><T4/><D4/><U80/><E28/><V124/><F27/><W125/><G125/><T19/><D19/><U63/><REACH who="1" step="1"/><E13/><REACH who="1" ten="211,279,250,250" step="2"/><V76/><REACH who="2" step="1"/><F124/><REACH who="2" ten="211,279,240,250" step="2"/><W67/><G67/><T104/><D104/><U53/><E53/><V92/><F92/><W91/><G93/><T70/><D134/><U14/><E14/><V11/><F11/><W112/><G112/><T75/><D133/><U9/><E9/><V37/><AGARI ba="0,2" hai="2,5,8,37,43,44,45,50,54,68,71,76,77,79" machi="37" ten="30,2000,0" yaku="1,1,0,1,53,0" doraHai="90" doraHaiUra="119" who="2" fromWho="2" sc="211,-5,279,-10,240,40,250,-5" /><INIT seed="2,0,0,1,5,48" ten="206,269,280,245" oya="2" hai0="36,18,29,22,2,105,5,12,125,102,104,86,101" hai1="131,107,111,46,6,130,30,97,75,119,40,74,13" hai2="92,55,84,3,37,34,14,70,60,33,87,126,100" hai3="65,99,108,24,44,91,129,64,62,132,82,52,110"/><V123/><F3/><W67/><G129/><N who="1" m="49162" /><E119/><V89/><F37/><W90/><G132/><T35/><D36/><N who="1" m="21767" /><E111/><V109/><F123/><W68/><G90/><T122/><D122/><U43/><E43/><V117/><F117/><W63/><G24/><N who="0" m="18855" /><D125/><U4/><E30/><V50/><F109/><W69/><G64/><T53/><D86/><U56/><E56/><V112/><F112/><W81/><G81/><T103/><D53/><U23/><E23/><V42/><F126/><W1/><G1/><T94/><D94/><U27/><E27/><V114/><F114/><W128/><G128/><T115/><D115/><U118/><E118/><V133/><F133/><W134/><G134/><T17/><D18/><U0/><E0/><V113/><F113/><W20/><G20/><T54/><D54/><U19/><E19/><V77/><F100/><N who="0" m="25602" /><T76/><DORA hai="47" /><D76/><U61/><E107/><V10/><F42/><W85/><G99/><T21/><D21/><U58/><E97/><V88/><F77/><W66/><G66/><T95/><D95/><U72/><E13/><V16/><F60/><W71/><G71/><T57/><D57/><U121/><E121/><V51/><F70/><W59/><G44/><T124/><D124/><U106/><E106/><V39/><F39/><W49/><AGARI ba="0,0" hai="49,52,59,62,63,65,67,68,69,82,85,91,108,110" machi="49" ten="30,8000,1" yaku="0,1,9,1,52,2,54,1" doraHai="48,47" who="3" fromWho="3" sc="206,-20,269,-20,280,-40,245,80" /><INIT seed="3,0,0,3,3,27" ten="186,249,240,325" oya="3" hai0="83,119,89,63,86,0,82,84,133,78,51,52,129" hai1="18,93,64,45,113,118,5,68,49,91,8,28,42" hai2="134,7,39,16,59,106,56,62,79,124,120,121,19" hai3="108,54,71,13,40,6,101,85,96,132,48,87,112"/><W123/><G71/><T11/><D119/><U127/><E113/><V23/><F39/><W38/><G123/><N who="2" m="47177" /><F134/><W90/><G108/><T95/><D133/><U77/><E127/><V65/><F124/><W1/><G1/><T94/><D129/><U111/><E111/><V97/><F7/><W92/><G38/><T60/><D0/><U4/><E77/><V116/><F116/><W103/><G40/><T69/><D11/><U43/><E43/><V9/><F79/><W14/><G112/><T72/><D72/><U73/><E73/><V110/><F110/><W100/><G132/><T25/><D25/><U66/><E118/><V50/><F9/><N who="3" m="4279" /><G14/><T58/><REACH who="0" step="1"/><D69/><REACH who="0" ten="176,249,240,325" step="2"/><U3/><E3/><V12/><F12/><W67/><G67/><T17/><D17/><U41/><E66/><V47/><F19/><W30/><G30/><T125/><D125/><U105/><E18/><V126/><F126/><W44/><AGARI ba="0,1" hai="44,48,54,85,87,90,92,96,100,101,103" m="4279" machi="44" ten="30,1500,0" yaku="8,1" doraHai="27" who="3" fromWho="3" sc="176,-5,249,-5,240,-5,325,25" owari="171,-32.9,244,4.4,235,-16.5,350,45.0" /></mjloggm>