<mjloggm ver="2.3"><GO type="225" lobby="0"/><UN n0="%4C%4F%4C%49%54%41" n1="%E3%83%AD%E3%83%83%E3%83%86%E9%9B%80%E7%90%83" n2="%48%61%61%61%6C%61%6E%64" n3="%E3%81%B5%E3%81%98%E3%81%8B%E3%81%A4" dan="16,16,18,16" rate="2194.89,2170.24,2182.83,2183.72" sx="F,M,M,M"/><TAIKYOKU oya="0"/><INIT seed="0,0,0,2,5,57" ten="250,250,250,250" oya="0" hai0="97,7,101,126,84,86,109,36,69,94,134,15,116" hai1="123,14,117,5,11,2,71,68,51,55,12,75,127" hai2="53,42,132,56,76,6,0,10,9,111,16,73,92" hai3="70,131,125,52,98,34,121,17,135,113,80,114,38"/><T4/><D36/><U26/><E117/><V122/><F122/><W77/><G34/><T88/><D116/><U79/><E123/><V40/><F111/><W25/><G38/><T83/><D69/><U28/><E127/><V41/><F132/><W90/><G70/><T100/><D126/><U96/><E14/><V46/><F92/><W99/><G125/><T35/><D35/><U95/><E79/><V108/><F108/><W33/><G121/><T13/><D109/><U74/><E2/><V118/><F118/><W43/><G33/><T110/><D110/><U1/><E1/><V63/><F10/><W133/><G43/><T87/><D13/><U89/><E71/><V47/><REACH who="2" step="1"/><F16/><REACH who="2" ten="250,250,240,250" step="2"/><W67/><G17/><T3/><D134/><U129/><E95/><V44/><F44/><W103/><G133/><T72/><D3/><U62/><E11/><V48/><F48/><W31/><G135/><T37/><D37/><U8/><E51/><V19/><F19/><W93/><G114/><T102/><REACH who="0" step="1"/><D15/><REACH who="0" ten="240,250,240,250" step="2"/><U60/><E12/><V20/><F20/><W91/><G113/><T32/><D32/><U22/><E22/><V45/><F45/><W115/><G115/><T128/><D128/><U65/><E129/><V105/><F105/><W59/><G131/><T64/><D64/><U82/><E65/><V104/><F104/><N who="3" m="63607" /><G67/><T66/><D66/><U120/><E120/><V78/><F78/><AGARI ba="0,2" hai="4,7,72,78,83,84,86,87,88,94,97,100,101,102" machi="78" ten="40,3900,0" yaku="1,1,54,1,53,0" doraHai="57" doraHaiUra="112" who="0" fromWho="2" sc="240,59,250,0,240,-39,250,0" /><INIT seed="0,1,0,1,1,78" ten="299,250,201,250" oya="0" hai0="93,67,18,10,80,97,39,118,2,83,49,100,111" hai1="57,58,102,77,15,115,51,70,106,23,129,96,121" hai2="11,75,3,50,47,22,38,99,41,131,44,31,34" hai3="130,116,28,87,46,94,74,109,132,35,82,117,48"/><T8/><D39/><U54/><E121/><V84/><F131/><W5/><G130/><T21/><D118/><U66/><E129/><V110/><F110/><W122/><G122/><T13/><D111/><U61/><E115/><V16/><F75/><W12/><G132/><T9/><D2/><U32/><E32/><V108/><F108/><W6/><G74/><T14/><D67/><U59/><E77/><V26/><F99/><W36/><G36/><T63/><D63/><U81/><E81/><N who="0" m="31305" /><D49/><U113/><E113/><V107/><F107/><W20/><G94/><T123/><D123/><U98/><E98/><V134/><F84/><W86/><G109/><T133/><D133/><U53/><E53/><V92/><F92/><W120/><G87/><T126/><D126/><U4/><E70/><V71/><F71/><W89/><G120/><T1/><D1/><U24/><E51/><V42/><F134/><W65/><G65/><T40/><D40/><U30/><E54/><V101/><F3/><W69/><G69/><T29/><D29/><U60/><E60/><V85/><F85/><W88/><G35/><T128/><D128/><U135/><E135/><V55/><F41/><N who="3" m="24655" /><G117/><T127/><D127/><U68/><E68/><V119/><F119/><W27/><G116/><T19/><AGARI ba="1,0" hai="8,9,10,13,14,18,19,21,93,97,100" m="31305" machi="19" ten="30,11700,0" yaku="8,1,52,3" doraHai="78" who="0" fromWho="0" sc="299,120,250,-40,201,-40,250,-40" /><INIT seed="0,2,0,3,5,83" ten="419,210,161,210" oya="0" hai0="132,70,81,34,51,85,103,5,130,72,35,11,46" hai1="91,19,38,44,121,57,104,109,65,98,53,74,114" hai2="88,93,59,113,119,8,55,79,108,36,82,47,20" hai3="40,107,60,22,29,1,115,26,129,64,73,100,97"/><T52/><D70/><U17/><E121/><V49/><F113/><W61/><G115/><T134/><D72/><U28/><E114/><V76/><F108/><W14/><G129/><T56/><D103/><U116/><E74/><V127/><F127/><W13/><G73/><T21/><D21/><U58/><E116/><V94/><F119/><W77/><G77/><N who="2" m="29769" /><F36/><W39/><G1/><T68/><D68/><U96/><E28/><V2/><F2/><W6/><G6/><T123/><D123/><U7/><E7/><V25/><F8/><W30/><G30/><T131/><D46/><U133/><E133/><N who="0" m="51305" /><D34/><U0/><E44/><V63/><F20/><W126/><G126/><T32/><D35/><U62/><E38/><V15/><F15/><W117/><G117/><T71/><D71/><U101/><E0/><V89/><F25/><W118/><G118/><T3/><D32/><U80/><E109/><V92/><F82/><W110/><G110/><T4/><D5/><U10/><E10/><V12/><F12/><W66/><G39/><T106/><D106/><U67/><E104/><V112/><F112/><W90/><G13/><T75/><D75/><U99/><E17/><V23/><F23/><W120/><G14/><T18/><D18/><U125/><E19/><V124/><F124/><W78/><G120/><T54/><D54/><AGARI ba="2,0" hai="47,49,54,55,59,63,88,89,92,93,94" m="29769" machi="54" ten="30,2000,0" yaku="8,1,54,1" doraHai="83" who="2" fromWho="0" sc="419,-26,210,0,161,26,210,0" /><INIT seed="1,0,0,1,5,103" ten="393,210,187,210" oya="1" hai0="22,116,119,121,46,73,48,69,4,101,75,47,110" hai1="64,122,61,50,65,62,14,135,53,0,80,30,31" hai2="134,92,96,52,97,114,11,59,44,95,13,2,58" hai3="90,104,131,23,109,28,87,132,85,49,10,72,83"/><U60/><E122/><V74/><F74/><W126/><G109/><T38/><D69/><U94/><E135/><V77/><F2/><W16/><G132/><T128/><D110/><U8/><E0/><V33/><F33/><W34/><G131/><T89/><D101/><U108/><E108/><V19/><F77/><W86/><G126/><T91/><D4/><U7/><E94/><N who="2" m="35883" /><F114/><W112/><G112/><T111/><D111/><U81/><E81/><V39/><F39/><W40/><G72/><T5/><D5/><U84/><E65/><V26/><F26/><N who="3" m="16479" /><G34/><T29/><D22/><U54/><E64/><V12/><F134/><W125/><G104/><T100/><D38/><U3/><E3/><V129/><F129/><W17/><G125/><T93/><D128/><U82/><E82/><V66/><F12/><N who="3" m="7191" /><G17/><T118/><D75/><U123/><E123/><V113/><F113/><W71/><G71/><T45/><D73/><U57/><REACH who="1" step="1"/><E54/><REACH who="1" ten="393,200,187,210" step="2"/><V133/><F133/><W88/><G83/><T78/><D121/><U99/><E99/><N who="2" m="37963" /><F66/><W20/><G40/><T106/><D93/><U21/><E21/><V115/><F115/><W68/><G20/><T24/><D118/><U127/><E127/><V107/><F107/><W15/><G68/><T6/><D116/><U70/><E70/><V98/><N who="2" m="37971" /><V35/><DORA hai="120" /><F35/><W42/><G15/><T18/><D119/><U1/><E1/><V9/><F9/><W37/><G42/><T63/><D106/><U124/><E124/><V117/><F117/><W105/><G105/><T25/><D25/><U76/><AGARI ba="0,1" hai="7,8,14,30,31,50,53,57,60,61,62,76,80,84" machi="76" ten="30,18000,2" yaku="1,1,5,1,0,1,8,1,53,3" doraHai="103,120" doraHaiUra="36,56" who="1" fromWho="1" sc="393,-60,200,190,187,-60,210,-60" /><INIT seed="1,1,0,2,1,9" ten="333,390,127,150" oya="1" hai0="123,108,69,84,44,106,49,98,81,59,60,133,91" hai1="104,45,22,15,73,31,80,57,132,112,113,8,0" hai2="3,19,110,72,77,11,42,93,79,97,38,30,89" hai3="27,28,12,83,102,10,50,74,119,134,122,16,121"/><U34/><E104/><V99/><F110/><W117/><G134/><T87/><D69/><U75/><E34/><V70/><F70/><W111/><G111/><T68/><D108/><U78/><E75/><V82/><F30/><W118/><G102/><T17/><D68/><U115/><E132/><V4/><F77/><N who="3" m="44471" /><G50/><T32/><D32/><AGARI ba="1,0" hai="10,12,16,27,28,32,117,118,119,121,122" m="44471" machi="32" ten="30,3900,0" yaku="12,1,52,1,54,1" doraHai="9" who="3" fromWho="0" sc="333,-42,390,0,127,0,150,42" /><INIT seed="2,0,0,4,0,130" ten="291,390,127,192" oya="2" hai0="23,33,40,49,13,102,107,0,98,95,108,100,11" hai1="96,52,2,15,118,134,110,129,85,3,87,114,44" hai2="32,128,92,67,46,9,82,132,80,21,112,135,60" hai3="127,106,117,63,61,122,81,94,84,50,28,20,58"/><V66/><F32/><W31/><G122/><T93/><D33/><U38/><E134/><N who="2" m="51243" /><F112/><W64/><G106/><T115/><D115/><U42/><E87/><V62/><F128/><W131/><G131/><T79/><D108/><U18/><E85/><V69/><F21/><W125/><G117/><T104/><D0/><U113/><E2/><V89/><F46/><W123/><G123/><T39/><D79/><U71/><E3/><V29/><F9/><W91/><G50/><T54/><D40/><U105/><E42/><V99/><F29/><W72/><G20/><T53/><D23/><U73/><E44/><V65/><F65/><N who="3" m="39095" /><G81/><T6/><D53/><U5/><E129/><V86/><F86/><W36/><G72/><T25/><D25/><U19/><E73/><V126/><F126/><N who="3" m="48139" /><G36/><T90/><D39/><U55/><E38/><V119/><F119/><W75/><G75/><T121/><D121/><U41/><E118/><V14/><F14/><W45/><G45/><T24/><D24/><U35/><E15/><V17/><F17/><W1/><G1/><T76/><D13/><U77/><E19/><V111/><F111/><W8/><G8/><T83/><D11/><U88/><E18/><V116/><F116/><W78/><G78/><T56/><D76/><U133/><E133/><V30/><F30/><W97/><G84/><N who="0" m="50463" /><D6/><U103/><E35/><V57/><AGARI ba="0,0" hai="57,60,62,66,67,69,80,82,89,92,99" m="51243" machi="57" ten="30,11700,0" yaku="20,1,52,3" doraHai="130" who="2" fromWho="2" sc="291,-39,390,-39,127,117,192,-39" /><INIT seed="2,1,0,4,4,19" ten="252,351,244,153" oya="2" hai0="35,66,127,106,118,123,74,68,58,87,48,57,120" hai1="33,17,10,109,117,107,50,45,115,124,31,134,132" hai2="131,12,23,64,75,21,20,65,39,85,111,78,108" hai3="5,54,133,43,63,25,70,69,125,84,56,32,96"/><V71/><F131/><W15/><G133/><N who="1" m="51306" /><E109/><N who="2" m="42059" /><F75/><W29/><G125/><T82/><D74/><U121/><E124/><V28/><F39/><W36/><G96/><T9/><D127/><U129/><E115/><V1/><F1/><W97/><G84/><T100/><D35/><U135/><E117/><V128/><F128/><W11/><G36/><T93/><D106/><U113/><E107/><V80/><F71/><W30/><G43/><T88/><D118/><U27/><E135/><V44/><F28/><W2/><G30/><T3/><D68/><U77/><E77/><V0/><F0/><W114/><G114/><T60/><D57/><U89/><E113/><V14/><F44/><W91/><G91/><T7/><D48/><U24/><E89/><V95/><F95/><W130/><G130/><T99/><AGARI ba="1,0" hai="3,7,9,58,60,66,82,87,88,93,99,100,120,123" machi="99" ten="30,2000,0" yaku="0,1,54,1" doraHai="19" who="0" fromWho="0" sc="252,23,351,-6,244,-11,153,-6" /><INIT seed="3,0,0,3,1,14" ten="275,345,233,147" oya="3" hai0="42,49,36,34,116,41,25,15,23,128,75,61,12" hai1="68,113,89,53,0,111,83,98,70,72,40,97,30" hai2="4,16,79,131,54,51,57,108,82,66,87,47,19" hai3="127,126,5,22,20,77,32,94,120,101,100,64,74"/><W99/><G32/><T27/><D36/><U58/><E113/><V7/><F108/><W134/><G64/><T93/><D116/><U60/><E0/><V26/><F131/><W106/><G5/><N who="2" m="2121" /><F26/><W52/><G120/><T46/><D75/><U132/><E98/><V105/><F105/><W92/><G134/><T56/><D128/><U95/><E83/><V13/><F13/><W62/><G74/><T88/><D42/><U45/><E53/><N who="2" m="29951" /><F66/><W67/><G77/><T18/><D27/><U28/><E28/><V78/><F79/><W3/><G3/><T63/><D34/><U9/><E30/><V109/><F109/><W59/><G67/><T35/><D61/><AGARI ba="0,0" hai="16,19,54,57,61,78,82,87" m="29951,2121" machi="61" ten="30,7700,0" yaku="8,1,52,2,54,1" doraHai="14" who="2" fromWho="0" sc="275,-77,345,0,233,77,147,0" owari="198,-20.2,345,44.5,310,11.0,147,-35.3" /></mjloggm>