<mjloggm ver="2.3"><GO type="225" lobby="0"/><UN n0="%6B%75%7A%75%6E" n1="%EF%BC%AE%EF%BC%A1%EF%BC%AF%33%33%39" n2="%E4%BA%95%E5%B8%AF" n3="%E3%82%BC%E3%83%AB%E3%83%80%E3%81%AE%E4%BC%9D%E8%AA%AC" dan="17,17,16,18" rate="2174.68,2140.35,2034.73,2231.55" sx="M,M,M,M"/><TAIKYOKU oya="0"/><INIT seed="0,0,0,5,1,104" ten="250,250,250,250" oya="0" hai0="80,8,45,71,110,88,33,65,36,90,129,107,128" hai1="100,5,131,61,32,18,25,92,84,3,121,122,37" hai2="115,79,124,29,41,94,12,130,133,82,101,68,75" hai3="22,111,49,106,81,35,63,44,118,113,53,54,83"/><T14/><D107/><U120/><E37/><V62/><F115/><W135/><G35/><T28/><D71/><U7/><E3/><V77/><F124/><W127/><G106/><T97/><D65/><U34/><E61/><V26/><F130/><N who="0" m="50282" /><D28/><U95/><E131/><V52/><F41/><W55/><G118/><T47/><D33/><U59/><E59/><V17/><F133/><W50/><G113/><T116/><D116/><U24/><E84/><V23/><F77/><W60/><G135/><T6/><D36/><U76/><E76/><V40/><F40/><W64/><G127/><T87/><D110/><U109/><E109/><V93/><F101/><W105/><G105/><T48/><D48/><U31/><E100/><V123/><F123/><W13/><G111/><T74/><D74/><U85/><E85/><V125/><F125/><W70/><G83/><T98/><D90/><U102/><E102/><V99/><F99/><AGARI ba="0,0" hai="6,8,14,45,47,80,87,88,97,98,99" m="50282" machi="99" ten="30,2900,0" yaku="19,1,54,1" doraHai="104" who="0" fromWho="2" sc="250,29,250,0,250,-29,250,0" /><INIT seed="0,1,0,2,3,55" ten="279,250,221,250" oya="0" hai0="35,121,19,66,123,89,101,54,51,87,127,100,28" hai1="125,44,130,11,74,79,2,107,48,105,112,86,119" hai2="134,8,29,126,96,62,95,84,63,10,80,52,118" hai3="42,60,30,124,97,73,92,115,9,56,15,122,6"/><T135/><D66/><U78/><E119/><V81/><F126/><W22/><G115/><T77/><D35/><U14/><E2/><V114/><F114/><W75/><G124/><T47/><D28/><U93/><E112/><V104/><F104/><W53/><G122/><T90/><D127/><U110/><E125/><V26/><F134/><W64/><G42/><T71/><D71/><U45/><E74/><V133/><F133/><W59/><G30/><T16/><D135/><U34/><E34/><V33/><F118/><W120/><G22/><T91/><D123/><U23/><E23/><V85/><F85/><W132/><G120/><T61/><D61/><U3/><E3/><V102/><F63/><W82/><G82/><N who="0" m="47567" /><D121/><U1/><E1/><V38/><F38/><W111/><G111/><T83/><D83/><U57/><E110/><V40/><F40/><W106/><G106/><T99/><D99/><U27/><E105/><V41/><F41/><W58/><G132/><T116/><D116/><U113/><E107/><V128/><F128/><W65/><G65/><T109/><D109/><U76/><E130/><V18/><F18/><AGARI ba="1,0" hai="16,18,19,47,51,54,89,90,91,100,101" m="47567" machi="18" ten="30,2900,0" yaku="8,1,54,1" doraHai="55" who="0" fromWho="2" sc="279,32,250,0,221,-32,250,0" /><INIT seed="0,2,0,4,2,80" ten="311,250,189,250" oya="0" hai0="73,65,99,101,93,76,54,108,46,58,39,40,26" hai1="6,96,84,124,19,63,98,109,64,15,5,121,89" hai2="51,12,68,67,95,104,71,134,31,87,135,128,60" hai3="79,23,9,77,45,127,38,126,32,24,66,133,20"/><T30/><D108/><U70/><E121/><V43/><F104/><W57/><G32/><T22/><D73/><U74/><E74/><V50/><F31/><W132/><G66/><T115/><D76/><U21/><E109/><V36/><F12/><W102/><G57/><T129/><D129/><U75/><E75/><V131/><F71/><W83/><G102/><T122/><D122/><U72/><E72/><V86/><F95/><W59/><G59/><T106/><D115/><U34/><E34/><V3/><F3/><W37/><G9/><T16/><D65/><U92/><E124/><N who="3" m="47658" /><G45/><T117/><D117/><U111/><E111/><V107/><F107/><W42/><G42/><T28/><REACH who="0" step="1"/><D106/><REACH who="0" ten="301,250,189,250" step="2"/><U94/><REACH who="1" step="1"/><E96/><REACH who="1" ten="301,240,189,250" step="2"/><V110/><F110/><W1/><G132/><N who="2" m="50729" /><F131/><W120/><G133/><T62/><AGARI ba="2,2" hai="16,22,26,28,30,39,40,46,54,58,62,93,99,101" machi="62" ten="20,7800,0" yaku="1,1,0,1,7,1,54,1,53,0" doraHai="80" doraHaiUra="103" who="0" fromWho="0" sc="301,104,240,-28,189,-28,250,-28" /><INIT seed="0,3,0,3,3,35" ten="405,212,161,222" oya="0" hai0="107,61,32,57,34,128,68,110,48,41,2,67,9" hai1="132,24,125,72,117,1,21,100,97,51,39,73,75" hai2="112,71,118,50,43,130,16,87,86,92,6,76,38" hai3="12,102,40,80,127,19,126,82,10,129,7,101,47"/><T49/><D107/><U22/><E39/><V54/><F112/><W26/><G129/><T13/><D128/><U17/><E117/><V135/><F130/><W96/><G26/><T79/><D110/><U81/><E132/><V25/><F135/><W18/><G82/><T42/><D79/><U105/><E125/><N who="3" m="47626" /><G80/><T56/><D68/><U5/><E51/><V131/><F131/><W36/><G102/><T63/><D13/><U83/><REACH who="1" step="1"/><E22/><REACH who="1" ten="405,202,161,222" step="2"/><V99/><F38/><W69/><G69/><T90/><D32/><U115/><E115/><V37/><F118/><W65/><G65/><T85/><D34/><U93/><E93/><AGARI ba="3,1" hai="7,10,12,18,19,36,40,47,93,96,101" m="47626" machi="93" ten="30,1000,0" yaku="18,1" doraHai="35" who="3" fromWho="1" sc="405,0,202,-19,161,0,222,29" /><INIT seed="1,0,0,2,3,39" ten="405,183,161,251" oya="1" hai0="73,21,117,102,22,129,12,33,3,76,0,127,66" hai1="61,105,122,30,51,27,134,125,83,92,25,29,50" hai2="59,15,133,89,103,56,78,123,31,85,44,41,35" hai3="128,110,87,104,60,8,94,84,37,65,10,52,95"/><U11/><E105/><V62/><F123/><W40/><G104/><T14/><D76/><U7/><E122/><V75/><F133/><W55/><G110/><T23/><D66/><U74/><E134/><V119/><F119/><W24/><G128/><T6/><D73/><U108/><E92/><V120/><F120/><W97/><G24/><T116/><D102/><U32/><E61/><V46/><F103/><W101/><G40/><T130/><D33/><U34/><E108/><V19/><F78/><W96/><G37/><T114/><D6/><U20/><E20/><V38/><F75/><W124/><G124/><T86/><D86/><N who="3" m="32809" /><G65/><T18/><D114/><U70/><E70/><V106/><F106/><W53/><G60/><T91/><D91/><AGARI ba="0,0" hai="8,10,52,53,55,91,94,95,96,97,101" m="32809" machi="91" ten="30,2000,0" yaku="8,1,54,1" doraHai="39" who="3" fromWho="0" sc="405,-20,183,0,161,0,251,20" /><INIT seed="2,0,0,3,3,12" ten="385,183,161,271" oya="2" hai0="94,60,17,32,35,36,97,18,21,117,127,22,34" hai1="95,23,19,65,87,64,39,61,10,102,44,71,53" hai2="1,128,2,134,25,5,85,47,70,105,3,54,29" hai3="11,113,4,75,106,41,82,59,45,116,49,124,79"/><V104/><F128/><W110/><G116/><T48/><D36/><U125/><E125/><V15/><F134/><W96/><G124/><T24/><D127/><U66/><E10/><V28/><F70/><W67/><G110/><T31/><D117/><U118/><E118/><V90/><F105/><W51/><G113/><T135/><D135/><U114/><E114/><V115/><F104/><W83/><G83/><T7/><D7/><U130/><E130/><V80/><F115/><W9/><G9/><T84/><D84/><U86/><E102/><V43/><F54/><W8/><G8/><T0/><D0/><U40/><E95/><V98/><F98/><W88/><G106/><T93/><D48/><U100/><E100/><V74/><F74/><W56/><G49/><T129/><D129/><U37/><E37/><V68/><F68/><W33/><G33/><T108/><D108/><U109/><E109/><V27/><F15/><W55/><G67/><T121/><D121/><U38/><E38/><V101/><F101/><W50/><G88/><N who="0" m="55463" /><D94/><U131/><E131/><V57/><F5/><W119/><G119/><T103/><D60/><U81/><E53/><V30/><REACH who="2" step="1"/><F57/><REACH who="2" ten="385,183,151,271" step="2"/><W26/><G96/><T16/><D103/><U6/><E6/><V72/><F72/><W89/><G59/><T76/><D24/><U111/><E111/><V107/><F107/><W126/><G126/><T91/><D76/><U69/><E69/><V132/><F132/><W46/><G56/><T52/><D52/><U120/><E71/><V42/><F42/><W122/><G26/><N who="0" m="16855" /><D91/><U92/><E40/><RYUUKYOKU ba="0,1" sc="385,15,183,-15,151,15,271,-15" hai0="16,17,18,21,32,34,35" hai2="1,2,3,25,27,28,29,30,43,47,80,85,90" /><INIT seed="2,1,1,2,4,70" ten="400,168,166,256" oya="2" hai0="56,88,13,42,49,4,91,76,111,32,103,102,95" hai1="121,107,21,113,86,11,39,71,68,10,125,116,129" hai2="74,69,17,14,134,94,124,35,40,117,115,34,18" hai3="20,132,90,63,83,108,23,79,60,54,62,123,80"/><V96/><F117/><W15/><G123/><T75/><D32/><U65/><E116/><V135/><F115/><W2/><G2/><T89/><D111/><U64/><E113/><V126/><F74/><W100/><G108/><T53/><D75/><U58/><E107/><V44/><F69/><W82/><G132/><N who="2" m="50729" /><F34/><W37/><G37/><T16/><D76/><U112/><E112/><V128/><F35/><W120/><G120/><T26/><D42/><U6/><E121/><V99/><F99/><W127/><G127/><N who="2" m="48681" /><F14/><W24/><G15/><T106/><D106/><U67/><E125/><V12/><F12/><W119/><G119/><T29/><D4/><U81/><E68/><V28/><F28/><W47/><G24/><T7/><D7/><U98/><E71/><V0/><F0/><W41/><G23/><N who="0" m="15583" /><D95/><U61/><E6/><V77/><F77/><W133/><G20/><AGARI ba="1,1" hai="13,16,20,49,53,56,88,89,91,102,103" m="15583" machi="20" ten="30,3900,0" yaku="8,1,54,2" doraHai="70" who="0" fromWho="3" sc="400,52,168,0,166,0,256,-42" /><INIT seed="3,0,0,2,2,9" ten="452,168,166,214" oya="3" hai0="109,42,112,97,32,44,26,86,75,74,41,101,73" hai1="79,10,115,125,20,34,90,105,123,49,72,70,120" hai2="67,131,110,129,2,37,106,95,64,3,122,127,38" hai3="48,58,100,39,91,25,54,111,18,84,87,119,88"/><W62/><G39/><N who="2" m="14857" /><F106/><W68/><G100/><T89/><D109/><U16/><E34/><V82/><F110/><W35/><G48/><T107/><D112/><U15/><E115/><V19/><F127/><W98/><G18/><T12/><D44/><U46/><E105/><V13/><F95/><W124/><G84/><T30/><D12/><U47/><E70/><V93/><F93/><W116/><G54/><T92/><AGARI ba="0,0" hai="26,30,32,41,42,73,74,75,86,89,92,97,101,107" machi="92" ten="30,1100,0" yaku="0,1" doraHai="9" who="0" fromWho="0" sc="452,11,168,-3,166,-3,214,-5" owari="463,56.3,165,-23.5,163,-33.7,209,0.9" /></mjloggm>