<mjloggm ver="2.3"><GO type="225" lobby="0"/><UN n0="%E4%B8%96%E7%95%8C%E3%81%AE%E4%BA%80%E4%BA%95" n1="%65%2D%73%65%70%65%6E%3B" n2="%E8%B6%85%E7%B4%9A%E9%B3%B3%E5%87%B0" n3="%4C%4F%4C%49%54%41" dan="17,16,17,16" rate="2181.37,2122.13,2157.70,2147.41" sx="M,M,F,F"/><TAIKYOKU oya="0"/><INIT seed="0,0,0,4,0,12" ten="250,250,250,250" oya="0" hai0="90,81,16,75,2,8,119,66,1,129,134,63,5" hai1="42,13,94,89,50,92,95,71,0,49,62,109,128" hai2="22,105,36,23,114,28,80,47,108,53,91,96,61" hai3="39,30,33,121,116,20,68,93,7,38,9,18,82"/><T35/><D119/><U85/><E0/><V99/><F114/><W123/><G116/><T76/><D35/><U130/><E109/><V131/><F108/><W34/><G68/><T37/><D129/><N who="1" m="49771" /><E42/><V27/><F131/><W10/><G93/><N who="1" m="35946" /><E13/><V29/><F105/><W51/><G51/><N who="1" m="19466" /><E62/><V110/><F110/><W6/><G82/><T44/><D1/><U58/><E58/><N who="2" m="35023" /><F36/><W60/><G60/><T102/><D44/><U11/><E11/><N who="3" m="4106" /><G38/><T45/><D45/><U43/><E43/><V73/><F47/><W135/><G39/><T31/><D37/><U78/><E78/><V117/><F117/><W26/><G135/><T56/><D134/><U87/><E71/><V100/><F100/><W79/><G79/><T52/><D102/><U106/><E106/><V54/><F54/><W77/><G77/><T15/><D52/><U120/><E120/><N who="3" m="46154" /><G34/><T41/><D41/><U104/><E104/><V46/><F46/><W103/><G103/><T67/><D67/><U17/><E85/><N who="2" m="50599" /><F73/><W24/><AGARI ba="0,0" hai="6,7,18,20,24,26,30,33" m="46154,4106" machi="24" ten="30,7900,0" yaku="13,1,34,2,52,1" doraHai="12" who="3" fromWho="3" sc="250,-39,250,-20,250,-20,250,79" /><INIT seed="1,0,0,3,0,98" ten="211,230,230,329" oya="1" hai0="61,15,21,111,105,67,49,3,65,51,132,18,26" hai1="52,75,22,37,54,113,28,8,38,66,48,13,35" hai2="58,100,87,103,86,19,20,128,90,53,80,24,114" hai3="120,1,109,62,135,97,74,76,99,5,117,83,130"/><U6/><E113/><V56/><F114/><W40/><G62/><T60/><D111/><U27/><E75/><V31/><F128/><W82/><G40/><T92/><D105/><U4/><E66/><V70/><F70/><W102/><G5/><T50/><D3/><U94/><E4/><V43/><F43/><W88/><G1/><T12/><D132/><U17/><E94/><V46/><F31/><W131/><G120/><T23/><D92/><U124/><E124/><V81/><F46/><W34/><G34/><T122/><D122/><U115/><E115/><V32/><F32/><W72/><G109/><T85/><D85/><U93/><E93/><V78/><F56/><W68/><G68/><T126/><D126/><U29/><E29/><V25/><F25/><W79/><G135/><T39/><D39/><U112/><E112/><V59/><F58/><W118/><G88/><T11/><D23/><U95/><E95/><V119/><F119/><W116/><G99/><T2/><D2/><N who="1" m="87" /><E54/><V129/><F129/><W69/><G69/><T41/><D41/><U89/><E89/><V30/><F30/><W127/><G127/><T16/><D26/><U9/><E9/><V84/><F86/><W108/><G108/><T64/><AGARI ba="0,0" hai="11,12,15,16,18,21,49,50,51,60,61,64,65,67" machi="64" ten="30,4000,0" yaku="0,1,8,1,54,1" doraHai="98" who="0" fromWho="0" sc="211,40,230,-20,230,-10,329,-10" /><INIT seed="2,0,0,1,5,65" ten="251,210,220,319" oya="2" hai0="130,106,94,39,61,16,23,122,48,91,79,98,120" hai1="47,132,109,46,7,67,38,121,44,115,66,56,2" hai2="125,8,119,14,17,78,37,105,81,70,64,45,54" hai3="100,55,51,93,31,68,123,43,128,92,11,96,4"/><V71/><F119/><W113/><G123/><T49/><D39/><U12/><E2/><V75/><F105/><W60/><G43/><T22/><D130/><U73/><E73/><V20/><F125/><W33/><G128/><T99/><D79/><U53/><E7/><V0/><F64/><N who="1" m="24617" /><E12/><V21/><F54/><W59/><G68/><T76/><D61/><N who="1" m="35983" /><E115/><V135/><F135/><W10/><G113/><T90/><D76/><U9/><E9/><V28/><F20/><W50/><G11/><T34/><D34/><U35/><E35/><V107/><F107/><W110/><G110/><T112/><D106/><U18/><E18/><V124/><F124/><W36/><G36/><T29/><D112/><U83/><E83/><V77/><F78/><W24/><G93/><T127/><D127/><U1/><E1/><AGARI ba="0,0" hai="1,4,10,24,31,33,50,51,55,59,60,92,96,100" machi="1" ten="30,1000,0" yaku="7,1" doraHai="65" who="3" fromWho="1" sc="251,0,210,-10,220,0,319,10" /><INIT seed="3,0,0,2,4,110" ten="251,200,220,329" oya="3" hai0="13,103,79,18,19,113,21,81,17,4,130,114,26" hai1="96,127,14,71,76,125,132,1,106,28,64,122,93" hai2="61,22,74,2,86,62,119,46,12,34,30,134,121" hai3="123,73,55,23,69,3,77,15,51,72,53,29,90"/><W16/><G123/><T84/><D130/><U48/><E1/><V129/><F119/><W8/><G69/><T52/><D103/><U94/><E122/><V105/><F121/><W39/><G39/><T68/><D68/><U50/><E14/><V5/><F74/><W78/><G55/><T60/><D4/><U41/><E76/><V124/><F105/><W37/><G37/><T47/><D13/><U49/><E41/><V57/><F129/><W120/><G120/><T38/><D38/><U133/><E28/><V66/><F124/><N who="1" m="47689" /><E106/><V43/><F2/><W65/><G78/><T82/><D81/><U128/><E128/><V101/><F101/><W109/><G109/><T54/><D54/><U40/><E40/><V91/><F34/><W25/><G77/><T92/><D92/><N who="1" m="35435" /><E96/><V117/><F117/><W10/><G65/><T80/><D80/><U135/><E71/><V35/><F35/><W118/><G118/><T45/><D45/><U0/><E0/><V83/><F134/><W11/><G3/><T59/><REACH who="0" step="1"/><D47/><REACH who="0" ten="241,200,220,329" step="2"/><U27/><E27/><N who="2" m="16759" /><F12/><W89/><G15/><T112/><AGARI ba="0,1" hai="17,18,19,21,26,52,59,60,79,82,84,112,113,114" machi="112" ten="30,12000,2" yaku="1,1,0,1,11,1,52,3,54,1,53,0" doraHai="110" doraHaiUra="115" who="0" fromWho="0" sc="241,130,200,-30,220,-30,329,-60" owari="371,47.1,170,-33.0,190,-21.0,269,6.9" /></mjloggm>