<mjloggm ver="2.3"><GO type="225" lobby="0"/><UN n0="%6D%75%75%6D%75%72%61" n1="%E3%81%82%E3%81%99%E3%81%AB%E3%82%83%E3%82%80" n2="%E3%81%AF%E3%82%88%E3%81%8A%E3%81%98%E3%81%95%E3%82%93" n3="%E8%81%B7%E6%A5%AD%E3%80%81%E9%A2%A8%32" dan="16,16,16,16" rate="2139.12,2039.68,2218.62,2153.74" sx="F,F,M,M"/><TAIKYOKU oya="0"/><INIT seed="0,0,0,0,0,81" ten="250,250,250,250" oya="0" hai0="109,135,96,13,84,63,85,27,29,132,71,83,122" hai1="10,100,129,12,126,107,24,124,117,2,125,75,48" hai2="57,26,88,53,30,41,49,19,98,65,66,51,11" hai3="42,46,94,45,7,77,78,22,92,87,111,64,6"/><T47/><D122/><U60/><E117/><V80/><F41/><W44/><G111/><T134/><D109/><U131/><E75/><V127/><F127/><W110/><G110/><T130/><D130/><N who="1" m="49675" /><E24/><V123/><F123/><W73/><G73/><T18/><D47/><U32/><E32/><V72/><F49/><W121/><G121/><T38/><D38/><U54/><E60/><V115/><F115/><W62/><G42/><T40/><D40/><U20/><E20/><N who="2" m="15687" /><F72/><W116/><G22/><N who="0" m="11599" /><D83/><U106/><E100/><V101/><F101/><W69/><G116/><T33/><D96/><U52/><E2/><V104/><F104/><N who="1" m="39977" /><E48/><V114/><F114/><W105/><G105/><T35/><D35/><U8/><E12/><N who="2" m="7583" /><F98/><W9/><G94/><T59/><D71/><U3/><E3/><V34/><F34/><W86/><G92/><T89/><D89/><U108/><E108/><V120/><F120/><W4/><REACH who="3" step="1"/><G9/><AGARI ba="0,0" hai="8,9,10,52,54,124,125,126" m="39977,49675" machi="9" ten="40,8000,1" yaku="28,2,18,1,19,1,54,1" doraHai="81" who="1" fromWho="3" sc="250,0,250,80,250,0,250,-80" /><INIT seed="1,0,0,2,5,2" ten="250,330,250,170" oya="1" hai0="97,40,28,37,50,112,85,58,20,79,0,4,16" hai1="27,86,65,30,55,41,73,12,135,133,19,71,5" hai2="122,72,39,82,63,101,60,76,91,77,131,1,54" hai3="99,129,108,88,24,118,109,105,132,90,32,89,81"/><U69/><E73/><V96/><F122/><W80/><G118/><T17/><D112/><U114/><E41/><V124/><F1/><W26/><G32/><T120/><D120/><U42/><E42/><V125/><F39/><W102/><G129/><T130/><D37/><U31/><E114/><V22/><F131/><W61/><G61/><T14/><D130/><U110/><E55/><V56/><F77/><W113/><G113/><T29/><D97/><U3/><E86/><V98/><F91/><W100/><G24/><T10/><D17/><U68/><E110/><N who="3" m="42602" /><G26/><T43/><D43/><U74/><E74/><V6/><F22/><W7/><G7/><T62/><D85/><U117/><E117/><V8/><F60/><W121/><G121/><T9/><D79/><U87/><E87/><V38/><F38/><W92/><G132/><N who="1" m="50762" /><E65/><V119/><F119/><W94/><G102/><T21/><D50/><U34/><E30/><V123/><F123/><W52/><G52/><T84/><D84/><U49/><E49/><V64/><F54/><W23/><G23/><T104/><D40/><U95/><E95/><AGARI ba="0,0" hai="80,81,88,89,90,92,94,95,99,100,105" m="42602" machi="95" ten="30,7700,0" yaku="14,1,34,2,54,1" doraHai="2" who="3" fromWho="1" sc="250,0,330,-77,250,0,170,77" /><INIT seed="2,0,0,5,1,67" ten="250,253,250,247" oya="2" hai0="135,48,44,0,87,15,120,64,71,121,128,93,3" hai1="54,20,41,35,11,117,18,38,56,84,91,131,17" hai2="53,49,122,42,23,113,83,74,103,76,25,95,34" hai3="129,47,126,107,114,26,111,10,50,110,57,125,72"/><V33/><F113/><W100/><G72/><T86/><D128/><U127/><E35/><V78/><F122/><W112/><G129/><T108/><D108/><N who="3" m="41513" /><G100/><T102/><D135/><U82/><E117/><V90/><F42/><N who="3" m="24951" /><G107/><T37/><D37/><U14/><E131/><V6/><F6/><W115/><G26/><T36/><D36/><U24/><E127/><N who="3" m="48650" /><G10/><T118/><D118/><U99/><E38/><V2/><F78/><W97/><G97/><T59/><D102/><U52/><E41/><V109/><F103/><W5/><G5/><T7/><D7/><U119/><E119/><V123/><F123/><W30/><G30/><T31/><D31/><U105/><E105/><V27/><F27/><W73/><G73/><T4/><D4/><U65/><E99/><V81/><F109/><W60/><G115/><T92/><D15/><U132/><E132/><V62/><F2/><W12/><G12/><T13/><D13/><U101/><E101/><V16/><F83/><W68/><G68/><T46/><D71/><U69/><E69/><V45/><REACH who="2" step="1"/><F62/><AGARI ba="0,0" hai="11,14,17,18,20,24,52,54,56,62,65,82,84,91" machi="62" ten="40,2600,0" yaku="8,1,54,1" doraHai="67" who="1" fromWho="2" sc="250,0,253,26,250,-26,247,0" /><INIT seed="3,0,0,3,4,51" ten="250,279,224,247" oya="3" hai0="16,83,96,92,11,43,69,128,103,4,29,52,131" hai1="23,79,111,81,14,110,100,119,7,36,126,45,104" hai2="132,95,107,31,12,73,77,64,63,90,56,8,42" hai3="49,74,58,113,82,112,114,84,127,115,3,121,1"/><W117/><G121/><T44/><D69/><U71/><E71/><V70/><F132/><W33/><G33/><T120/><D120/><U39/><E126/><V124/><F124/><W89/><G117/><T17/><D29/><U134/><E134/><V68/><F107/><W15/><G127/><T85/><D43/><U26/><E119/><V86/><F31/><W50/><G74/><T102/><D102/><U72/><E100/><V34/><F34/><W130/><G130/><N who="0" m="49707" /><D85/><U133/><E104/><V122/><F122/><W61/><G15/><N who="0" m="5607" /><D83/><U97/><E97/><V62/><F42/><W101/><G101/><T41/><D41/><U19/><E45/><V60/><F70/><W9/><G115/><T91/><D103/><U109/><E133/><V57/><F68/><W93/><G82/><T118/><D118/><U37/><E7/><V105/><F105/><W67/><REACH who="3" step="1"/><G9/><REACH who="3" ten="250,279,224,237" step="2"/><T135/><D135/><U28/><REACH who="1" step="1"/><E39/><REACH who="1" ten="250,269,224,237" step="2"/><V24/><F73/><W80/><G80/><T22/><D22/><AGARI ba="0,2" hai="14,19,22,23,26,28,36,37,72,79,81,109,110,111" machi="22" ten="40,5200,0" yaku="1,1,2,1,14,1,53,0" doraHai="51" doraHaiUra="59" who="1" fromWho="0" sc="250,-52,269,72,224,0,237,0" owari="198,-30.2,341,44.1,224,-17.6,237,3.7" /></mjloggm>