<mjloggm ver="2.3"><GO type="225" lobby="0"/><UN n0="%E3%83%AD%E3%83%83%E3%83%86%E9%9B%80%E7%90%83" n1="%43%68%65" n2="%73%69%72%6F%75%74" n3="%E3%81%86%E3%81%A3%E3%81%97%E3%83%BC%30%30" dan="17,16,16,16" rate="2159.90,2155.48,2013.26,2125.24" sx="M,M,M,M"/><TAIKYOKU oya="0"/><INIT seed="0,0,0,3,2,59" ten="250,250,250,250" oya="0" hai0="4,129,11,87,114,98,83,112,105,32,63,42,127" hai1="23,18,44,43,93,2,46,19,108,56,39,101,110" hai2="78,24,52,22,128,120,35,73,80,131,134,64,135" hai3="94,77,27,79,96,116,29,8,71,122,85,121,31"/><T106/><D32/><U37/><E2/><V67/><F120/><N who="3" m="46187" /><G71/><T95/><D42/><N who="1" m="22607" /><E56/><V115/><F115/><N who="0" m="44074" /><D63/><U69/><E69/><V111/><F111/><N who="1" m="42537" /><E23/><V34/><F67/><W40/><G116/><T117/><D4/><U109/><N who="1" m="42545" /><U133/><DORA hai="45" /><E133/><N who="2" m="50699" /><F64/><W88/><G40/><T13/><D13/><U65/><E65/><V90/><F90/><N who="3" m="55383" /><G8/><T50/><D11/><U86/><E86/><V100/><F100/><W48/><G48/><T25/><D50/><U103/><E103/><V130/><F52/><W119/><G119/><T124/><D25/><U49/><E39/><V54/><F54/><W126/><G126/><N who="0" m="48171" /><D117/><U70/><E70/><V21/><F21/><N who="3" m="15599" /><G31/><AGARI ba="0,0" hai="22,24,31,34,35,73,78,80,128,130,131" m="50699" machi="31" ten="40,2600,0" yaku="19,1,20,1" doraHai="59,45" who="2" fromWho="3" sc="250,0,250,0,250,26,250,-26" /><INIT seed="1,0,0,5,0,82" ten="250,250,276,224" oya="1" hai0="125,78,49,45,89,106,26,88,98,55,103,67,21" hai1="128,36,4,47,24,104,130,96,27,114,81,7,68" hai2="87,112,65,16,51,126,59,46,40,116,127,72,80" hai3="118,134,107,3,60,71,101,119,94,124,131,97,84"/><U30/><E114/><V10/><F72/><W48/><G3/><T85/><D125/><N who="2" m="47626" /><F116/><N who="3" m="44587" /><G48/><T86/><D67/><U99/><E68/><V117/><F117/><W70/><G60/><T29/><REACH who="0" step="1"/><D78/><REACH who="0" ten="240,250,276,224" step="2"/><U135/><E128/><V28/><F65/><W115/><G124/><T43/><D43/><U15/><E130/><V73/><F112/><W75/><G131/><T79/><D79/><U74/><E74/><V23/><F73/><W56/><G115/><T76/><D76/><U64/><E64/><V6/><F40/><W91/><G75/><T13/><D13/><U9/><E15/><V83/><F46/><W58/><G134/><T109/><D109/><U12/><E47/><V113/><F113/><W19/><G71/><T62/><D62/><U53/><E12/><V52/><F59/><W100/><G70/><T38/><D38/><U35/><E36/><V110/><F110/><W8/><G58/><T121/><D121/><U61/><E61/><V66/><F66/><W14/><G56/><T5/><D5/><U77/><E7/><V108/><F108/><W120/><G120/><T111/><D111/><U57/><E4/><V105/><F6/><W37/><G37/><T50/><D50/><U11/><E77/><V25/><F51/><W44/><G44/><T95/><D95/><U0/><E57/><V133/><F133/><W2/><G2/><T18/><D18/><U39/><E0/><V92/><F16/><W32/><G32/><T123/><D123/><U90/><E39/><V41/><F41/><W69/><G69/><T42/><D42/><U31/><E135/><RYUUKYOKU ba="0,1" sc="240,15,250,-15,276,-15,224,15" hai0="21,26,29,45,49,55,85,86,88,89,98,103,106" hai3="8,14,19,84,91,94,97,100,101,107" /><INIT seed="2,1,1,4,0,81" ten="255,235,261,239" oya="2" hai0="80,70,11,66,67,38,60,36,0,123,124,64,91" hai1="78,126,106,43,13,108,107,21,27,6,112,14,26" hai2="133,49,51,121,32,93,131,97,104,58,61,90,7" hai3="16,122,53,84,39,119,110,129,113,71,105,48,9"/><V22/><F32/><W41/><G119/><T68/><D123/><U100/><E112/><V134/><F121/><W65/><G122/><T109/><D109/><U63/><E108/><V23/><F7/><W69/><G105/><T86/><D124/><U74/><E43/><V98/><F131/><W132/><G110/><T89/><D89/><U5/><E63/><V55/><F22/><W28/><G28/><T127/><D127/><U30/><E126/><V125/><F125/><W94/><G129/><T115/><D115/><U15/><E27/><V88/><F23/><W99/><G84/><T50/><D50/><U111/><E111/><V82/><F82/><W35/><G35/><T12/><D0/><U54/><E54/><V85/><F104/><W72/><G72/><T56/><D70/><U34/><E34/><V116/><F116/><W8/><G41/><T1/><D1/><U18/><E30/><V76/><F76/><W101/><G39/><T42/><D42/><U19/><E19/><V77/><F77/><W10/><G132/><N who="2" m="50793" /><F90/><W44/><G113/><T40/><D40/><U79/><E107/><V83/><F83/><W47/><G47/><T102/><D102/><U20/><E20/><V62/><F51/><W3/><G3/><T135/><D135/><U120/><E120/><V130/><F130/><W24/><G65/><N who="0" m="39047" /><D68/><U4/><E74/><V96/><AGARI ba="1,1" hai="49,55,58,61,62,85,88,93,96,97,98" m="50793" machi="96" ten="30,6000,0" yaku="20,1,52,1,54,1" doraHai="81" who="2" fromWho="2" sc="255,-21,235,-21,261,73,239,-21" /><INIT seed="2,2,0,4,4,129" ten="234,214,334,218" oya="2" hai0="66,78,123,131,45,119,80,63,25,59,88,42,43" hai1="109,97,38,111,90,51,20,89,26,134,75,61,94" hai2="62,115,21,58,48,103,102,71,46,57,130,107,50" hai3="9,74,84,69,77,17,120,41,86,122,126,121,2"/><V68/><F107/><W35/><G69/><T108/><D123/><U117/><E38/><V11/><F115/><W70/><G70/><T18/><D131/><U33/><E33/><V0/><F130/><W6/><G126/><T132/><D108/><N who="1" m="41547" /><E117/><V15/><F0/><W135/><G135/><T65/><D132/><U54/><E75/><V125/><F21/><W12/><G35/><T22/><D119/><U7/><E7/><V13/><F125/><W114/><G114/><T100/><D100/><N who="1" m="60471" /><E61/><V64/><F11/><W16/><G41/><N who="0" m="15371" /><D45/><N who="1" m="28015" /><E134/><V56/><F46/><W116/><G116/><T82/><D78/><U73/><E73/><V105/><F58/><W36/><G36/><T23/><D66/><U128/><E128/><V4/><F64/><W3/><G3/><T101/><D101/><U5/><E5/><V32/><F32/><W106/><G106/><T92/><D23/><U28/><AGARI ba="2,0" hai="20,26,28,89,90" m="28015,60471,41547" machi="28" ten="30,1100,0" yaku="14,1" doraHai="129" who="1" fromWho="1" sc="234,-5,214,17,334,-7,218,-5" /><INIT seed="3,0,0,2,5,1" ten="229,231,327,213" oya="3" hai0="106,131,82,8,31,126,93,49,33,110,81,90,11" hai1="114,133,29,60,69,6,85,65,12,32,51,98,80" hai2="38,40,100,23,55,52,0,68,45,67,77,134,72" hai3="124,108,130,5,26,107,46,48,86,3,76,22,53"/><W125/><G107/><T122/><D122/><U15/><E114/><V57/><F100/><W129/><G108/><T63/><D106/><U43/><E133/><V94/><F94/><W24/><G76/><T28/><D126/><N who="3" m="48745" /><G86/><T97/><D131/><N who="3" m="50185" /><G22/><T83/><D110/><U89/><E98/><V27/><F23/><W120/><G120/><T54/><D63/><U13/><E32/><V64/><F77/><W17/><G17/><T73/><D73/><U115/><E29/><N who="0" m="11337" /><D33/><U117/><E115/><V102/><F72/><W95/><G95/><T84/><D84/><U112/><E112/><V103/><F103/><W10/><AGARI ba="0,0" hai="3,5,10,24,26,46,48,53" m="50185,48745" machi="10" ten="40,7800,0" yaku="18,1,19,1,52,1" doraHai="1" who="3" fromWho="3" sc="229,-26,231,-26,327,-26,213,78" /><INIT seed="3,1,0,0,2,51" ten="203,205,301,291" oya="3" hai0="86,83,106,31,53,44,128,72,42,79,118,33,7" hai1="95,97,6,45,56,61,91,11,13,80,124,23,121" hai2="46,5,34,130,4,113,27,49,76,131,132,133,88" hai3="109,123,85,8,48,60,64,107,90,87,69,84,78"/><W37/><G37/><T102/><D118/><U98/><E124/><V127/><F113/><W73/><G123/><T55/><D128/><N who="2" m="49194" /><F127/><W115/><G115/><T1/><D86/><U77/><E121/><V112/><F112/><W125/><G107/><T119/><D119/><U15/><E45/><V22/><F88/><W117/><G117/><T26/><D106/><U47/><E47/><V66/><F66/><W103/><G103/><T111/><D102/><U57/><E98/><V14/><F34/><W36/><G36/><N who="0" m="21575" /><D111/><U89/><E89/><V82/><F14/><W62/><G109/><T18/><D18/><N who="1" m="10703" /><E61/><V92/><F92/><W39/><G39/><T29/><D29/><U59/><E80/><V52/><F4/><W101/><G101/><T108/><D108/><U75/><E75/><N who="2" m="43295" /><F5/><W70/><G125/><T65/><D65/><U134/><E77/><V116/><F116/><W38/><G38/><T50/><D50/><U129/><E129/><V24/><F24/><W110/><G110/><T67/><D67/><U74/><E74/><V122/><F122/><W54/><G8/><AGARI ba="1,0" hai="1,7,8,26,31,33,53,55,72,79,83" m="21575" machi="8" ten="30,3900,0" yaku="25,1,52,2" doraHai="51" who="0" fromWho="3" sc="203,42,205,0,301,0,291,-42" owari="245,-15.5,205,-29.5,301,40.1,249,4.9" /></mjloggm>