<mjloggm ver="2.3"><GO type="225" lobby="0"/><UN n0="%68%6F%72%69%30%39%30%31" n1="%72%69%6F%75%63%68%61%6E" n2="%6B%65%6E%6E%64%69" n3="%E3%82%A2%E3%82%A4%E3%82%B9%E3%83%86%E3%82%A3%E3%83%BC%E3%81%82%E3%81%B9" dan="16,16,16,16" rate="2055.52,2207.82,2171.30,2072.40" sx="M,M,M,M"/><TAIKYOKU oya="0"/><INIT seed="0,0,0,2,2,102" ten="250,250,250,250" oya="0" hai0="134,55,110,30,113,17,83,54,116,129,127,27,135" hai1="48,15,71,28,62,131,128,46,75,78,63,103,81" hai2="117,20,24,1,67,8,111,112,16,69,109,100,9" hai3="36,33,21,0,42,89,2,31,85,65,105,88,133"/><T93/><D116/><U56/><E28/><V13/><F69/><W12/><G33/><T70/><D113/><U99/><E71/><V18/><F67/><W47/><G65/><T84/><D70/><U108/><E108/><N who="2" m="41547" /><F100/><W90/><G133/><N who="0" m="50699" /><D110/><U92/><E15/><N who="2" m="7271" /><F112/><W122/><G105/><T57/><D129/><N who="1" m="49739" /><E56/><V22/><F117/><W132/><G132/><T44/><D17/><U98/><E99/><V96/><F96/><W74/><G74/><T97/><D127/><U76/><E76/><V10/><F1/><W120/><G85/><T66/><D44/><U121/><E121/><N who="3" m="46698" /><G12/><T125/><D125/><U80/><E81/><V119/><F119/><W35/><G21/><N who="0" m="15727" /><D66/><U43/><AGARI ba="0,0" hai="43,46,48,62,63,75,78,80,92,98,103" m="49739" machi="43" ten="30,1100,0" yaku="19,1" doraHai="102" who="1" fromWho="1" sc="250,-5,250,11,250,-3,250,-3" /><INIT seed="1,0,0,1,5,46" ten="245,261,247,247" oya="1" hai0="129,92,127,13,40,125,94,17,62,82,37,66,83" hai1="22,81,69,104,65,26,64,113,134,23,39,24,4" hai2="29,6,121,84,41,93,131,133,25,90,9,19,73" hai3="87,77,52,63,99,14,124,27,79,106,1,5,120"/><U122/><E113/><V43/><F121/><W116/><G120/><T80/><D37/><U56/><E122/><V130/><F73/><W101/><G1/><T78/><D40/><U86/><E134/><V55/><F133/><W100/><G124/><N who="0" m="47691" /><D78/><U54/><E39/><V72/><F19/><W102/><G116/><T20/><D129/><N who="2" m="49162" /><F55/><W47/><G106/><T112/><D112/><U76/><E104/><V2/><F72/><W57/><G99/><T8/><D20/><AGARI ba="0,0" hai="2,6,9,20,25,29,41,43,84,90,93" m="49162" machi="20" ten="30,1000,0" yaku="19,1" doraHai="46" who="2" fromWho="0" sc="245,-10,261,0,247,10,247,0" /><INIT seed="2,0,0,5,1,116" ten="235,261,257,247" oya="2" hai0="124,30,64,96,60,58,111,118,6,106,59,74,65" hai1="46,93,4,33,94,51,3,62,26,42,77,67,20" hai2="89,53,108,123,15,129,27,57,48,76,102,43,98" hai3="41,90,61,95,18,36,50,47,37,68,107,92,87"/><V117/><F117/><W24/><G107/><T88/><D118/><U70/><E33/><V114/><F114/><W119/><G119/><T31/><D74/><U21/><E77/><V132/><F129/><W79/><G79/><T84/><D111/><U39/><E20/><V0/><F0/><W11/><G68/><T34/><D124/><U125/><E125/><V112/><F112/><W73/><G73/><T134/><D134/><U130/><E130/><V135/><F108/><W126/><G61/><T110/><D110/><U1/><E39/><V121/><F76/><W9/><G126/><T29/><D6/><U63/><E63/><V100/><F89/><N who="3" m="53311" /><G37/><T127/><D127/><U8/><REACH who="1" step="1"/><E3/><REACH who="1" ten="235,251,257,247" step="2"/><V10/><F135/><W52/><G36/><T85/><D34/><U25/><E25/><V128/><F27/><W122/><G122/><T7/><D60/><U113/><E113/><V105/><F128/><W44/><G24/><T115/><D115/><U56/><E56/><V40/><F132/><W66/><G44/><T78/><D59/><U75/><E75/><V81/><F123/><W14/><G47/><T45/><D45/><U55/><E55/><V97/><F121/><W91/><G52/><T103/><D58/><U109/><E109/><V80/><F43/><W38/><G41/><T16/><D78/><U86/><E86/><V28/><F40/><W13/><G38/><T35/><D84/><U99/><E99/><V82/><F28/><AGARI ba="0,1" hai="1,4,8,21,26,28,42,46,51,62,67,70,93,94" machi="28" ten="30,2000,0" yaku="1,1,7,1,53,0" doraHai="116" doraHaiUra="101" who="1" fromWho="2" sc="235,0,251,30,257,-20,247,0" /><INIT seed="3,0,0,5,0,75" ten="235,281,237,247" oya="3" hai0="13,111,65,117,48,112,68,110,91,90,118,98,21" hai1="100,20,12,4,19,81,53,87,109,7,126,99,88" hai2="103,120,107,41,130,71,131,38,95,3,49,50,51" hai3="127,124,35,79,80,17,104,56,58,15,72,44,8"/><W28/><G104/><T92/><D68/><U52/><E109/><N who="0" m="41481" /><D65/><U61/><E126/><N who="3" m="48170" /><G44/><T129/><D48/><U5/><REACH who="1" step="1"/><E61/><REACH who="1" ten="235,271,237,247" step="2"/><V46/><F130/><W73/><G73/><T27/><D129/><U119/><E119/><V24/><F131/><W26/><AGARI ba="0,1" hai="8,15,17,26,28,35,56,58,72,79,80" m="48170" machi="26" ten="30,3000,0" yaku="18,1,52,1" doraHai="75" who="3" fromWho="3" sc="235,-10,271,-10,237,-10,247,40" /><INIT seed="3,1,0,1,5,69" ten="225,261,227,287" oya="3" hai0="105,85,133,13,39,116,123,90,23,70,79,6,63" hai1="8,91,66,49,100,129,38,108,109,112,59,132,4" hai2="67,101,32,88,25,71,96,47,54,24,19,131,68" hai3="72,56,84,73,126,2,81,106,118,83,120,115,76"/><W44/><G115/><T125/><D105/><U51/><E112/><V98/><F131/><W97/><G2/><T128/><D116/><U86/><E129/><V22/><F67/><W60/><G118/><T87/><D123/><U45/><E132/><V77/><F77/><W104/><G120/><T117/><D117/><U122/><E122/><V61/><F88/><W43/><G126/><T30/><D79/><U80/><E100/><V12/><F98/><W34/><G34/><T62/><D133/><U89/><E91/><V94/><F25/><W31/><G31/><T134/><D134/><U35/><E35/><V50/><F61/><W18/><G18/><T40/><D128/><U92/><E92/><V82/><F82/><W33/><G33/><T95/><D125/><U65/><E38/><V121/><F121/><W130/><G130/><T135/><D135/><U114/><E114/><V0/><F0/><W52/><G97/><T127/><D127/><U99/><E99/><V103/><F103/><W10/><G73/><T78/><D30/><U74/><E74/><V7/><F7/><W113/><G113/><T26/><D70/><U111/><E59/><V16/><REACH who="2" step="1"/><F32/><REACH who="2" ten="225,261,217,287" step="2"/><W55/><G83/><N who="0" m="47351" /><D6/><U119/><E119/><V46/><F46/><W48/><G72/><T5/><D5/><U58/><E45/><V17/><F17/><W20/><G44/><N who="0" m="23583" /><D13/><N who="1" m="5255" /><E65/><V28/><F28/><W75/><G75/><T124/><D124/><U42/><E42/><V37/><F37/><W64/><G76/><T21/><D26/><U53/><E66/><V102/><F102/><W110/><G64/><RYUUKYOKU ba="1,1" sc="225,10,261,10,217,10,287,-30" hai0="21,23,62,63,87,90,95" hai1="49,51,53,58,80,86,89,108,109,111" hai2="12,16,19,22,24,47,50,54,68,71,94,96,101" /><INIT seed="4,2,1,4,4,76" ten="235,271,227,257" oya="0" hai0="119,45,15,47,59,132,40,130,48,101,126,110,117" hai1="53,106,23,90,19,56,7,124,70,78,20,107,133" hai2="31,28,38,39,14,120,41,65,123,77,93,24,58" hai3="135,129,34,16,87,118,104,98,25,89,5,11,10"/><T116/><D101/><U17/><E70/><V12/><F77/><W43/><G118/><T72/><D72/><U115/><E124/><V69/><F69/><W6/><G135/><T64/><D126/><U131/><E133/><V79/><F79/><W60/><G129/><T114/><D132/><U52/><E131/><V84/><F58/><W21/><G34/><T50/><D15/><N who="2" m="5674" /><F24/><W94/><G43/><N who="0" m="24639" /><D130/><U8/><E78/><V96/><F84/><W100/><REACH who="3" step="1"/><G60/><REACH who="3" ten="235,271,227,247" step="2"/><N who="0" m="37919" /><D114/><U61/><E115/><V105/><F41/><W32/><G32/><T49/><D110/><U0/><E61/><V127/><F127/><W26/><G26/><T55/><D119/><U27/><E27/><V2/><F123/><W122/><G122/><T109/><D109/><U3/><E20/><V99/><F120/><W86/><G86/><T103/><D103/><U85/><E23/><V74/><F74/><W128/><G128/><T63/><D63/><U121/><E85/><V35/><F35/><W134/><G134/><T113/><D113/><U73/><E73/><V75/><F75/><W92/><G92/><T111/><D111/><U82/><E121/><V30/><F93/><W71/><G71/><T97/><D97/><U37/><E107/><V51/><F105/><W57/><G57/><AGARI ba="2,2" hai="40,47,49,50,55,57,116,117" m="37919,24639" machi="57" ten="30,2900,0" yaku="34,2" doraHai="76" who="0" fromWho="3" sc="235,55,271,0,227,0,247,-35" /><INIT seed="4,3,0,1,1,9" ten="290,271,227,212" oya="0" hai0="51,121,94,130,40,92,125,81,8,25,38,134,60" hai1="69,64,30,97,108,126,46,75,105,123,61,16,4" hai2="47,3,133,1,43,74,127,112,23,28,33,135,29" hai3="58,20,13,68,85,21,62,63,110,22,103,120,48"/><T0/><D121/><U73/><E108/><V70/><F70/><W24/><G110/><T104/><D104/><U35/><E123/><V14/><F74/><W71/><G120/><T87/><D134/><N who="2" m="51210" /><F47/><W79/><G103/><T132/><D132/><U31/><E126/><V100/><F43/><W6/><G71/><T122/><D122/><U49/><E30/><N who="2" m="11883" /><F100/><W44/><G68/><T26/><D125/><U118/><E118/><V66/><F66/><W42/><G24/><N who="0" m="9323" /><D0/><N who="2" m="74" /><F127/><W54/><G63/><T65/><D38/><U109/><E109/><V17/><F112/><W52/><G54/><T91/><D40/><U90/><E105/><V53/><F53/><W86/><REACH who="3" step="1"/><G79/><REACH who="3" ten="290,271,227,202" step="2"/><T59/><D60/><U56/><E69/><V99/><F99/><W2/><G2/><T116/><D65/><U124/><E124/><V15/><F15/><W83/><G83/><T89/><D81/><U129/><E97/><V39/><F39/><W27/><G27/><T117/><D117/><U55/><E31/><V84/><F84/><W78/><G78/><T19/><D116/><U45/><E61/><V67/><F67/><W98/><G98/><T50/><D51/><U72/><E49/><V36/><F36/><W41/><G41/><T119/><D119/><U106/><E75/><V107/><F107/><W57/><G57/><T12/><D50/><U131/><E73/><V34/><AGARI ba="3,1" hai="14,17,23,33,34" m="74,11883,51210" machi="34" ten="40,8000,1" yaku="20,1,34,2,52,1" doraHai="9" who="2" fromWho="2" sc="290,-43,271,-23,227,99,202,-23" owari="247,-15.3,248,4.8,326,42.6,179,-32.1" /></mjloggm>