<mjloggm ver="2.3"><GO type="225" lobby="0"/><UN n0="%E3%82%BC%E3%83%AB%E3%83%80%E3%81%AE%E4%BC%9D%E8%AA%AC" n1="%4C%4F%4C%49%54%41" n2="%E5%8D%A0%E3%81%84%E5%B8%AB%E8%A3%8F%E3%81%AA%E3%81%84%E3%81%97" n3="%E3%81%8B%E3%82%8F%E3%81%A1%E3%82%83%E3%82%93%35%38" dan="17,16,17,17" rate="2225.92,2171.60,2218.33,2175.57" sx="M,F,M,M"/><TAIKYOKU oya="0"/><INIT seed="0,0,0,2,5,22" ten="250,250,250,250" oya="0" hai0="20,115,88,1,43,15,10,4,47,32,77,37,95" hai1="61,130,131,49,91,34,60,119,3,46,108,124,87" hai2="12,112,66,101,54,40,35,123,6,70,33,102,29" hai3="24,16,48,118,62,75,42,56,121,76,2,104,107"/><T110/><D115/><U92/><E119/><V67/><F123/><W84/><G118/><T5/><D32/><U93/><E3/><V68/><F12/><W45/><G2/><T74/><D110/><U83/><E108/><V79/><F112/><W0/><G75/><T28/><D74/><U111/><E111/><V52/><F40/><W99/><G0/><T51/><D77/><U7/><E7/><V78/><REACH who="2" step="1"/><F29/><REACH who="2" ten="250,250,240,250" step="2"/><W105/><G121/><T90/><D37/><U19/><E131/><V126/><F126/><W11/><G11/><T132/><D132/><U135/><E130/><V125/><F125/><W117/><G117/><T73/><D1/><U69/><E135/><V36/><F36/><W18/><G18/><T31/><D4/><AGARI ba="0,1" hai="4,6,33,35,52,54,66,67,68,70,78,79,101,102" machi="4" ten="25,6400,0" yaku="1,1,22,2,54,1,53,0" doraHai="22" doraHaiUra="103" who="2" fromWho="0" sc="250,-64,250,0,240,74,250,0" /><INIT seed="1,0,0,5,0,58" ten="186,250,314,250" oya="1" hai0="67,79,41,61,27,132,92,106,102,103,74,125,45" hai1="116,84,11,56,7,87,43,78,3,99,19,20,131" hai2="128,18,88,46,114,51,98,12,89,24,71,57,129" hai3="120,25,10,73,62,15,66,93,135,64,22,118,107"/><U44/><E116/><V39/><F71/><W2/><G120/><T81/><D125/><U8/><E131/><N who="2" m="50251" /><F114/><W77/><G107/><T38/><D132/><U9/><E99/><V86/><F24/><W82/><G135/><T108/><D108/><U122/><E122/><V21/><F98/><W91/><G2/><T96/><D27/><U54/><E78/><V133/><F133/><W59/><G118/><T17/><D17/><U16/><E8/><V90/><F57/><W29/><G66/><T105/><REACH who="0" step="1"/><D103/><REACH who="0" ten="176,250,314,250" step="2"/><U113/><E19/><V115/><F115/><W32/><G10/><T31/><D31/><U127/><E113/><V5/><F5/><W60/><G32/><T101/><D101/><U47/><E9/><V109/><F109/><W33/><G33/><T6/><D6/><U4/><E4/><V26/><F26/><W49/><G15/><T48/><D48/><U65/><E127/><V94/><F39/><W35/><G35/><T104/><D104/><U13/><E13/><V97/><F97/><N who="3" m="57535" /><G49/><T63/><D63/><U117/><E11/><V1/><F1/><W28/><G62/><T0/><D0/><U37/><E3/><V75/><F51/><W83/><G28/><T95/><D95/><U130/><E130/><V30/><F30/><W134/><G134/><T111/><D111/><U40/><E37/><V110/><F110/><W52/><G82/><T126/><D126/><U72/><E7/><V69/><F12/><W55/><G29/><T100/><D100/><U119/><E119/><V80/><F18/><N who="3" m="12503" /><G60/><T112/><D112/><U68/><E117/><RYUUKYOKU ba="0,1" sc="176,15,250,-15,314,-15,250,15" hai0="38,41,45,61,67,74,79,81,92,96,102,105,106" hai3="52,55,59,64,73,77,83" /><INIT seed="2,1,1,5,3,116" ten="191,235,299,265" oya="2" hai0="93,129,123,22,56,67,10,109,9,57,76,89,43" hai1="117,39,36,25,124,64,14,97,42,80,135,7,61" hai2="17,125,66,29,59,2,87,20,62,127,12,114,118" hai3="120,47,91,82,49,41,99,130,11,21,0,26,35"/><V119/><F114/><W45/><G35/><T95/><D129/><U78/><E117/><V103/><F2/><W101/><G130/><T83/><D109/><U6/><E124/><N who="2" m="47691" /><F103/><W122/><G47/><T68/><D43/><U128/><E128/><V55/><F87/><W19/><G91/><T70/><D22/><U72/><E135/><V69/><F29/><W1/><G82/><T88/><D67/><U23/><E97/><V18/><F17/><W134/><G134/><T4/><D4/><U131/><E131/><V74/><F74/><W24/><G24/><T107/><D83/><U34/><E42/><V92/><F92/><W27/><G27/><T132/><D132/><U73/><E73/><V13/><F13/><W90/><G90/><T65/><D65/><U81/><E34/><V31/><F31/><W33/><G33/><T40/><D40/><U54/><E54/><V126/><N who="2" m="47699" /><V30/><DORA hai="63" /><F30/><W104/><REACH who="3" step="1"/><G11/><REACH who="3" ten="191,235,299,255" step="2"/><T84/><D76/><U77/><E78/><V28/><F28/><W112/><G112/><T53/><D84/><U86/><E86/><V52/><F55/><W100/><G100/><T106/><D53/><U46/><E77/><V75/><F75/><W111/><G111/><T37/><D37/><U115/><E36/><V51/><AGARI ba="1,2" hai="12,18,20,51,52,59,62,66,69,118,119" m="47699" machi="51" ten="40,7800,0" yaku="18,1,52,1,54,1" doraHai="116,63" who="2" fromWho="2" sc="191,-27,235,-27,299,101,255,-27" /><INIT seed="2,2,0,2,2,110" ten="164,208,400,228" oya="2" hai0="62,28,70,120,129,2,34,111,99,102,73,82,3" hai1="31,57,124,116,8,75,126,22,134,109,92,4,58" hai2="59,115,16,37,106,114,38,21,98,119,41,78,127" hai3="44,80,5,51,135,76,97,11,118,55,15,94,117"/><V60/><F119/><W50/><G135/><T46/><D111/><U89/><E116/><V35/><F35/><W104/><G104/><N who="0" m="63583" /><D129/><U121/><E75/><V93/><F78/><W33/><G33/><T87/><D46/><U95/><E134/><V30/><F30/><W107/><G107/><T54/><D54/><U128/><E128/><V85/><F85/><W90/><REACH who="3" step="1"/><G51/><REACH who="3" ten="164,208,400,218" step="2"/><T42/><D120/><U67/><E121/><V18/><F106/><W25/><G25/><N who="0" m="18703" /><D42/><U52/><E109/><V125/><F41/><W7/><G7/><T47/><D47/><U53/><E4/><V133/><F133/><W39/><G39/><T131/><D131/><U84/><E124/><N who="2" m="47691" /><F37/><W71/><G71/><T66/><D73/><AGARI ba="2,1" hai="5,11,15,44,50,55,73,76,80,90,94,97,117,118" machi="73" ten="30,2000,0" yaku="1,1,7,1,53,0" doraHai="110" doraHaiUra="19" who="3" fromWho="0" sc="164,-26,208,0,400,0,218,36" /><INIT seed="3,0,0,0,5,85" ten="138,208,400,254" oya="3" hai0="68,125,40,16,45,88,81,122,127,36,99,27,106" hai1="74,10,94,93,58,80,54,24,111,61,52,57,118" hai2="35,32,135,120,13,67,48,20,76,132,128,14,98" hai3="26,33,31,59,11,6,117,105,0,133,104,44,7"/><W87/><G133/><N who="2" m="51273" /><F128/><W71/><G71/><T101/><D68/><U72/><E111/><V107/><F120/><W110/><G117/><T116/><D116/><U29/><E118/><V83/><F67/><W50/><G110/><T25/><D122/><U15/><E74/><N who="2" m="43415" /><F48/><W9/><G59/><T121/><D121/><U131/><E80/><V41/><F41/><W5/><G5/><T17/><D25/><U69/><E72/><V70/><F70/><W21/><G33/><N who="2" m="12873" /><F20/><W103/><G103/><AGARI ba="0,0" hai="13,14,98,103,107" m="12873,43415,51273" machi="103" ten="30,1000,0" yaku="20,1" doraHai="85" who="2" fromWho="3" sc="138,0,208,0,400,10,254,-10" owari="138,-36.2,208,-19.2,410,51.0,244,4.4" /></mjloggm>