<mjloggm ver="2.3"><GO type="225" lobby="0"/><UN n0="%E3%81%8B%E3%82%8F%E3%81%A1%E3%82%83%E3%82%93%35%38" n1="%72%65%6E%6B%75%6E" n2="%E6%9D%B1%E9%A2%A8%E3%81%AE%E3%81%8D%E3%82%83%E3%81%B7%E3%81%95%E3%82%93" n3="%E3%83%99%E3%83%AB%E3%83%A2%E3%83%83%E3%83%88" dan="16,17,17,16" rate="2164.19,2229.51,2248.77,2086.86" sx="M,M,M,M"/><TAIKYOKU oya="0"/><INIT seed="0,0,0,4,1,8" ten="250,250,250,250" oya="0" hai0="59,126,10,57,93,115,78,73,23,62,28,47,54" hai1="91,72,20,52,53,123,86,24,6,67,13,70,4" hai2="16,21,82,104,80,1,116,112,92,26,19,37,43" hai3="95,30,63,117,22,3,81,94,0,15,114,79,45"/><T17/><D115/><U90/><E72/><V69/><F112/><W85/><G114/><T131/><D131/><U18/><E123/><V119/><F104/><W50/><G117/><T125/><D73/><U101/><E101/><V99/><F69/><W106/><G106/><T103/><D78/><U60/><E91/><V39/><F1/><W89/><G63/><T111/><D111/><U48/><E24/><V124/><F124/><W130/><G94/><T32/><D32/><U77/><E77/><V100/><F19/><W121/><G121/><T55/><D28/><U110/><E110/><V128/><F128/><W102/><G102/><T29/><D29/><U71/><E71/><V56/><F56/><W41/><G30/><T34/><D34/><U118/><E53/><V36/><REACH who="2" step="1"/><F43/><REACH who="2" ten="250,250,240,250" step="2"/><W42/><G42/><T113/><D113/><U108/><E108/><V76/><F76/><W98/><REACH who="3" step="1"/><G130/><REACH who="3" ten="250,250,240,240" step="2"/><T129/><D129/><U58/><REACH who="1" step="1"/><E118/><AGARI ba="0,2" hai="16,21,26,36,37,39,80,82,92,99,100,116,118,119" machi="118" ten="50,6400,0" yaku="1,1,12,1,54,1,53,0" doraHai="8" doraHaiUra="2" who="2" fromWho="1" sc="250,0,250,-64,240,84,240,0" /><INIT seed="1,0,0,1,4,26" ten="250,186,324,240" oya="1" hai0="105,122,43,7,80,11,2,77,10,49,1,19,107" hai1="98,17,101,56,27,44,24,31,127,115,132,91,111" hai2="29,9,18,30,6,61,90,76,131,41,124,15,68" hai3="134,65,34,93,112,121,23,69,73,47,55,87,64"/><U125/><E115/><V78/><F131/><W37/><G73/><T119/><D119/><U108/><E132/><V57/><F68/><W20/><G34/><T62/><D122/><U42/><E56/><V117/><F117/><W95/><G134/><T38/><D49/><N who="1" m="26775" /><E91/><V8/><F41/><W0/><G0/><T89/><D89/><U51/><E51/><V67/><F124/><N who="1" m="47689" /><E17/><V14/><F90/><W74/><G74/><N who="0" m="43063" /><D19/><U94/><E24/><V66/><F66/><W52/><G69/><T110/><D62/><U100/><E101/><V109/><F109/><W71/><G71/><T85/><D110/><U81/><E81/><V103/><F103/><W5/><G112/><T128/><D128/><U16/><E16/><V39/><F39/><W118/><G37/><T96/><D96/><U54/><E54/><V21/><F8/><W45/><G118/><T123/><D123/><U116/><E116/><V28/><AGARI ba="0,0" hai="6,9,14,15,18,21,28,29,30,57,61,67,76,78" machi="28" ten="30,8000,1" yaku="0,1,8,1,52,3" doraHai="26" who="2" fromWho="2" sc="250,-20,186,-40,324,80,240,-20" /><INIT seed="2,0,0,2,4,118" ten="230,146,404,220" oya="2" hai0="129,30,62,127,134,130,112,97,28,53,59,14,135" hai1="15,121,77,66,42,87,119,63,18,45,84,37,125" hai2="56,13,102,126,99,81,132,95,43,117,73,109,76" hai3="6,25,72,71,16,108,31,32,29,111,5,38,48"/><V36/><F117/><W24/><G38/><T89/><D112/><U133/><E119/><V114/><F114/><W96/><G71/><T20/><D97/><U92/><E133/><N who="0" m="50697" /><D89/><U0/><E0/><V3/><F109/><N who="3" m="42059" /><G96/><T69/><D69/><U86/><E125/><V46/><F126/><W104/><G48/><T105/><D105/><U64/><E77/><V83/><F132/><W49/><G49/><T22/><D127/><U51/><E37/><V21/><F3/><W23/><G72/><T74/><D74/><U122/><E92/><V100/><F56/><W115/><G104/><T123/><D123/><N who="1" m="47115" /><E63/><V98/><F83/><W78/><G78/><T113/><D113/><U103/><E103/><V7/><F102/><W60/><G60/><T85/><D85/><N who="1" m="21763" /><U19/><DORA hai="17" /><E19/><V116/><F116/><W40/><G40/><T91/><D91/><U90/><E90/><V110/><F110/><W101/><G101/><T68/><D68/><U131/><E131/><V67/><F100/><W35/><G115/><T26/><D30/><U8/><AGARI ba="0,0" hai="8,15,18,42,45,51,64,66" m="21763,47115" machi="8" ten="40,8000,1" yaku="13,1,52,3" doraHai="118,17" who="1" fromWho="1" sc="230,-20,146,80,404,-40,220,-20" /><INIT seed="3,0,0,3,3,7" ten="210,226,364,200" oya="3" hai0="81,77,68,6,71,98,17,133,124,80,109,41,135" hai1="19,130,69,49,87,126,134,64,113,99,36,39,1" hai2="13,50,78,0,94,100,92,14,20,83,52,88,90" hai3="125,67,101,15,12,46,108,44,58,65,89,40,129"/><W10/><G101/><T25/><D41/><U63/><E113/><V127/><F127/><W76/><G76/><T112/><D124/><U103/><E126/><V104/><F0/><W18/><G125/><T34/><D112/><U73/><E73/><V22/><F104/><W29/><G129/><T16/><D109/><U66/><E1/><V62/><F62/><N who="3" m="38103" /><G29/><N who="0" m="19759" /><D6/><U30/><E30/><V57/><F100/><W72/><G72/><N who="0" m="43047" /><D98/><U107/><E134/><N who="0" m="51209" /><D81/><U53/><E39/><V37/><F37/><W128/><G67/><T96/><D96/><U11/><E64/><V118/><F20/><N who="3" m="11335" /><G128/><T106/><D106/><U105/><E36/><V9/><F22/><W47/><G108/><T115/><D115/><U55/><E130/><V35/><F78/><W45/><G89/><T60/><D60/><U42/><E107/><V51/><F88/><W132/><G132/><T43/><D43/><U54/><E42/><V91/><F118/><W111/><G111/><T27/><D27/><U95/><E105/><V33/><F91/><W74/><G74/><T48/><D48/><U4/><E49/><V21/><F50/><N who="3" m="26887" /><G47/><T120/><D120/><U122/><E122/><V75/><F75/><W70/><G70/><AGARI ba="0,0" hai="16,17,68,70,71" m="51209,43047,19759" machi="70" ten="30,2000,0" yaku="20,1,54,1" doraHai="7" who="0" fromWho="3" sc="210,20,226,0,364,0,200,-20" owari="230,3.0,226,-17.4,364,46.4,180,-32.0" /></mjloggm>