<mjloggm ver="2.3"><GO type="225" lobby="0"/><UN n0="%33%74%72%65%65" n1="%E3%81%95%E3%81%8D%E3%81%9F%E3%81%BE%E6%9E%97%E6%AA%8E" n2="%E3%82%AF%E3%82%A3%E3%82%A6" n3="%E3%83%B4%E3%83%A0%EF%BC%99%E3%81%A6" dan="17,16,16,17" rate="2155.39,2110.10,2108.36,2253.03" sx="F,M,M,M"/><TAIKYOKU oya="0"/><INIT seed="0,0,0,0,0,12" ten="250,250,250,250" oya="0" hai0="131,85,71,112,0,62,9,45,97,29,115,53,78" hai1="22,109,75,84,43,101,69,14,48,119,61,107,56" hai2="122,30,121,33,91,35,73,123,113,86,49,67,94" hai3="8,59,127,96,19,124,18,38,92,117,50,28,66"/><T32/><D131/><U103/><E109/><V87/><F113/><W81/><G117/><T105/><D78/><U54/><E119/><V2/><F73/><W88/><G38/><T95/><D85/><U16/><E75/><V57/><F30/><W125/><G28/><T1/><D95/><U68/><E68/><V129/><F129/><W46/><G8/><T130/><D53/><U25/><E107/><V93/><F2/><N who="0" m="1130" /><D9/><N who="1" m="6223" /><E69/><V5/><F5/><W108/><G108/><T60/><D130/><U27/><E27/><V76/><F76/><W31/><G31/><T63/><D71/><U100/><E84/><V80/><F80/><W89/><G81/><T41/><D105/><U65/><E65/><V17/><F67/><W47/><G89/><T42/><D97/><U34/><E34/><V23/><F93/><W133/><G133/><T104/><D104/><U135/><E135/><V37/><F37/><W10/><G10/><T116/><D116/><U77/><E77/><V44/><F86/><W74/><G74/><T4/><D4/><U134/><E134/><V26/><F35/><W120/><G120/><T13/><D32/><U126/><E126/><V6/><F33/><W83/><G83/><T132/><D132/><U40/><E48/><V79/><F79/><W102/><G50/><N who="0" m="26927" /><D115/><U98/><E98/><V110/><F110/><W11/><G11/><T7/><D112/><U51/><E51/><V20/><F6/><W114/><G114/><T118/><D118/><U72/><E72/><V90/><F90/><W55/><G88/><T111/><D111/><U3/><E3/><RYUUKYOKU ba="0,0" sc="250,-10,250,30,250,-10,250,-10" hai1="22,25,40,43,54,56,61,100,101,103" /><INIT seed="1,1,0,0,4,10" ten="240,280,240,240" oya="1" hai0="70,6,119,79,96,50,64,135,94,90,85,42,65" hai1="0,78,129,107,7,9,86,98,25,3,120,102,43" hai2="11,88,1,41,126,55,113,15,12,52,8,32,53" hai3="69,95,26,87,35,17,22,134,54,99,116,38,68"/><U18/><E120/><V115/><F126/><W23/><G35/><T131/><D119/><U74/><E129/><V97/><F32/><W61/><G116/><T127/><D131/><U45/><E3/><V108/><F108/><W63/><G38/><T124/><D135/><U57/><E57/><V47/><F97/><W14/><G87/><T29/><D29/><U101/><E101/><V111/><F111/><W59/><G134/><T21/><D6/><U13/><E25/><V71/><F71/><W16/><REACH who="3" step="1"/><G61/><REACH who="3" ten="240,280,240,230" step="2"/><T89/><D85/><U92/><E74/><V31/><F31/><W5/><G5/><T83/><D124/><U60/><E60/><V27/><F27/><W44/><G44/><T39/><D39/><U66/><E45/><V62/><F62/><W132/><G132/><T93/><D127/><U121/><E7/><V72/><F72/><W77/><G77/><T37/><D79/><U36/><E78/><V103/><F47/><W20/><G20/><T48/><D21/><U33/><E36/><V30/><F30/><W110/><G110/><T130/><D37/><U81/><E33/><V128/><F128/><W80/><G80/><T56/><D83/><U104/><E81/><V73/><F73/><W118/><G118/><T2/><D130/><U51/><E86/><V133/><F133/><W82/><G82/><T100/><D70/><U112/><E121/><V123/><F123/><W24/><G24/><T19/><D19/><U46/><E18/><V84/><F113/><W40/><G40/><T114/><D114/><U58/><E112/><V34/><F115/><RYUUKYOKU ba="1,1" sc="240,-10,280,-10,240,-10,230,30" hai3="14,16,17,22,23,26,54,59,63,68,69,95,99" /><INIT seed="2,2,1,5,1,21" ten="230,270,230,260" oya="2" hai0="28,113,36,10,104,63,23,22,16,14,128,126,66" hai1="50,98,45,93,88,92,121,38,101,80,123,4,108" hai2="49,44,134,105,34,65,103,2,90,112,70,52,53" hai3="119,116,41,26,43,114,78,0,40,17,47,33,13"/><V18/><F112/><W69/><G0/><T133/><D113/><U30/><E108/><V11/><F134/><W85/><G114/><T32/><D133/><U89/><E38/><V39/><F34/><W20/><G69/><T106/><D128/><U117/><E117/><V5/><F39/><W84/><G119/><T83/><D36/><U25/><E4/><V24/><F90/><W9/><G116/><T127/><D32/><N who="1" m="20559" /><E80/><V118/><F118/><W135/><G135/><T111/><D83/><U29/><E29/><V125/><F125/><N who="0" m="47626" /><D111/><U56/><E56/><V58/><F103/><W122/><G122/><N who="1" m="46602" /><E93/><V46/><F105/><N who="0" m="40554" /><D28/><U15/><E15/><V94/><F94/><W74/><G13/><T131/><D131/><U3/><E3/><V72/><F2/><W100/><G78/><T35/><D35/><U57/><E57/><AGARI ba="2,1" hai="10,14,16,22,23,57,63,66" m="40554,47626" machi="57" ten="30,2000,0" yaku="18,1,54,1" doraHai="21" who="0" fromWho="1" sc="230,36,270,-26,230,0,260,0" /><INIT seed="3,0,0,4,0,127" ten="266,244,230,260" oya="3" hai0="88,122,54,112,21,17,82,46,118,23,83,48,93" hai1="53,116,42,77,11,97,34,24,55,32,7,114,16" hai2="69,14,133,65,76,72,120,29,84,47,4,20,36" hai3="59,71,110,113,6,66,106,60,41,0,27,105,79"/><W12/><G113/><T37/><D118/><U45/><E114/><V80/><F133/><W8/><G110/><T22/><D122/><U95/><E116/><V115/><F115/><W9/><G41/><T125/><D112/><U73/><E73/><N who="2" m="43023" /><F120/><W117/><G117/><T61/><D125/><U131/><E131/><V130/><F20/><W2/><G27/><T128/><D128/><U89/><E77/><V15/><F29/><W101/><G79/><T31/><D37/><U135/><E135/><V5/><F5/><W35/><G35/><T51/><D31/><U18/><E34/><V30/><F30/><W67/><G101/><T111/><D111/><U107/><E107/><V87/><F72/><W109/><G109/><T75/><D75/><U62/><E32/><V70/><F130/><W94/><G94/><T44/><D61/><U124/><E124/><V13/><F65/><W102/><G102/><T19/><D19/><N who="1" m="7211" /><E24/><V25/><F25/><W132/><G132/><T68/><D68/><N who="2" m="26218" /><F4/><N who="3" m="3079" /><G0/><T57/><D17/><U81/><E81/><N who="0" m="30729" /><D51/><N who="1" m="27063" /><E62/><V103/><F103/><W96/><G105/><T38/><D38/><U43/><E43/><V104/><F104/><W33/><G33/><T119/><D119/><U99/><E99/><AGARI ba="0,0" hai="21,22,23,44,46,48,54,57,88,93,99" m="30729" machi="99" ten="30,2000,0" yaku="8,1,54,1" doraHai="127" who="0" fromWho="1" sc="266,20,244,-20,230,0,260,0" /><INIT seed="4,0,0,5,5,36" ten="286,224,230,260" oya="0" hai0="89,17,12,102,106,90,113,44,105,48,39,55,57" hai1="71,126,80,18,25,109,63,100,62,22,21,64,46" hai2="54,86,20,5,51,73,98,130,50,59,91,103,11" hai3="70,125,69,72,129,31,104,47,97,30,1,81,123"/><T93/><D113/><U15/><E109/><V28/><F73/><W68/><G1/><T95/><D102/><U99/><E126/><V115/><F115/><W133/><G125/><T66/><D93/><U4/><E80/><N who="2" m="49607" /><F130/><W19/><G129/><T119/><D119/><U76/><E76/><V92/><F5/><W14/><G133/><T111/><D111/><U84/><E84/><V61/><F11/><W101/><G123/><T110/><D110/><U24/><E4/><V16/><F28/><W85/><G72/><T33/><D33/><U116/><E116/><V10/><F10/><W82/><G82/><T75/><D75/><U58/><E46/><V65/><F65/><W13/><G13/><AGARI ba="0,0" hai="13,16,20,50,51,54,59,61,92,98,103" m="49607" machi="13" ten="30,2000,0" yaku="8,1,54,1" doraHai="36" who="2" fromWho="3" sc="286,0,224,0,230,20,260,-20" /><INIT seed="5,0,0,4,2,133" ten="286,224,250,240" oya="1" hai0="40,43,72,26,87,122,129,92,74,80,14,119,34" hai1="101,130,86,58,79,28,64,99,32,35,128,37,131" hai2="95,56,112,19,88,27,73,100,68,47,111,83,30" hai3="124,25,8,53,20,3,4,21,69,41,116,45,90"/><U121/><E121/><V36/><F68/><W2/><G116/><T12/><D119/><U127/><E37/><V114/><F111/><W52/><G69/><T132/><D122/><U93/><E79/><N who="2" m="44527" /><F19/><W59/><G124/><T126/><D126/><U54/><E64/><V98/><F56/><W66/><G2/><T31/><D129/><U22/><E127/><V44/><F36/><W61/><G90/><T118/><D132/><U103/><E103/><V17/><F17/><W6/><G6/><T113/><D113/><N who="2" m="43626" /><F100/><W67/><G67/><T105/><D118/><U84/><E22/><AGARI ba="0,0" hai="22,27,30,44,47,88,95,98" m="43626,44527" machi="22" ten="30,3900,0" yaku="15,1,11,1,54,1" doraHai="133" who="2" fromWho="1" sc="286,0,224,-39,250,39,240,0" /><INIT seed="6,0,0,1,3,65" ten="286,185,289,240" oya="2" hai0="71,59,94,84,110,111,90,81,103,66,53,5,7" hai1="12,92,49,125,13,3,19,133,78,85,28,8,120" hai2="61,112,15,122,101,106,17,21,99,113,108,14,127" hai3="35,89,97,121,58,86,42,135,26,134,24,63,43"/><V73/><F122/><W109/><G109/><T34/><D34/><U115/><E133/><V40/><F127/><W18/><G121/><T2/><D2/><U25/><E125/><V62/><F108/><W105/><G105/><T29/><D29/><U100/><E120/><V30/><F73/><W52/><G35/><T95/><D111/><U118/><E118/><V56/><F40/><W31/><G31/><T47/><D110/><U39/><E39/><V48/><F14/><W107/><G107/><T22/><D47/><U123/><E123/><V93/><F30/><W60/><BYE who="2" /><G60/><T10/><D22/><N who="1" m="15415" /><E115/><UN n2="%E3%82%AF%E3%82%A3%E3%82%A6" /><V6/><F6/><W33/><G33/><T79/><D103/><U38/><E38/><V36/><F36/><W98/><G134/><T67/><D71/><U88/><E3/><V82/><F82/><N who="3" m="49367" /><G135/><T54/><D5/><N who="1" m="3087" /><E100/><V9/><F106/><W102/><G102/><T20/><D20/><N who="1" m="11375" /><E49/><V44/><F21/><N who="3" m="13367" /><G26/><T131/><D10/><U0/><E0/><V57/><F113/><W124/><G124/><T74/><D7/><U70/><E70/><V80/><F80/><W50/><G50/><T119/><D119/><U83/><E83/><V72/><F72/><W41/><AGARI ba="0,0" hai="41,42,43,52,58,63,97,98" m="13367,49367" machi="41" ten="30,2000,0" yaku="8,1,54,1" doraHai="65" who="3" fromWho="3" sc="286,-5,185,-5,289,-10,240,20" /><INIT seed="7,0,0,3,3,106" ten="281,180,279,260" oya="3" hai0="48,74,27,43,24,96,51,123,29,39,22,116,59" hai1="60,101,40,94,8,71,63,32,121,97,55,38,77" hai2="41,67,26,62,81,66,86,58,133,61,49,65,21" hai3="117,78,28,10,64,16,19,44,13,90,132,35,5"/><W31/><G117/><T102/><D116/><U98/><E121/><V119/><F119/><W1/><G132/><T76/><D123/><U87/><E32/><V45/><F133/><W135/><G135/><T47/><D59/><U92/><E71/><V54/><F62/><W84/><G78/><T56/><D56/><U17/><E38/><V134/><F134/><W91/><G64/><T108/><D108/><U124/><E124/><V23/><F26/><W36/><G19/><T88/><D88/><AGARI ba="0,0" hai="21,23,41,45,49,54,58,61,65,66,67,81,86,88" machi="88" ten="40,2600,0" yaku="8,1,54,1" doraHai="106" who="2" fromWho="0" sc="281,-26,180,0,279,26,260,0" owari="255,-14.5,180,-32.0,305,40.5,260,6.0" /></mjloggm>