<mjloggm ver="2.3"><GO type="225" lobby="0"/><UN n0="%E6%A1%9C%E8%8A%B1%E9%96%83%E3%80%85" n1="%E3%83%91%E3%82%AF%E3%83%81%E3%81%86%E3%81%BE%E5%A4%AB" n2="%72%69%6F%75%63%68%61%6E" n3="%73%75%7A%75%6D%65%33" dan="18,16,17,17" rate="2288.52,2088.14,2241.63,2195.59" sx="M,M,M,M"/><TAIKYOKU oya="0"/><INIT seed="0,0,0,0,0,71" ten="250,250,250,250" oya="0" hai0="44,56,74,97,15,61,107,89,81,62,12,19,6" hai1="25,24,75,13,43,105,41,94,11,110,83,28,8" hai2="42,131,106,59,130,73,27,80,47,1,69,68,126" hai3="85,18,96,95,5,123,54,58,31,100,133,32,93"/><T2/><D2/><U72/><E105/><V53/><F126/><W116/><G116/><T37/><D6/><U3/><E110/><V134/><F134/><W101/><G133/><T92/><D107/><U35/><E3/><V129/><F1/><W109/><G109/><T34/><D34/><U98/><E24/><V38/><F106/><W119/><G119/><T21/><D12/><U40/><E83/><V91/><F27/><W117/><G117/><T113/><D113/><U125/><E125/><V50/><REACH who="2" step="1"/><F91/><REACH who="2" ten="250,250,240,250" step="2"/><W79/><G123/><T60/><D74/><U4/><REACH who="1" step="1"/><E8/><REACH who="1" ten="250,240,240,250" step="2"/><V132/><F132/><W26/><G26/><T16/><D81/><U29/><E29/><V57/><F57/><W63/><G31/><T76/><D76/><AGARI ba="0,2" hai="38,42,47,50,53,59,68,69,73,76,80,129,130,131" machi="76" ten="40,5200,0" yaku="1,1,19,1,52,1,53,0" doraHai="71" doraHaiUra="22" who="2" fromWho="0" sc="250,-52,240,0,240,72,250,0" /><INIT seed="1,0,0,3,4,94" ten="198,240,312,250" oya="1" hai0="95,109,52,49,30,110,68,80,40,74,10,62,41" hai1="106,98,124,115,46,31,135,58,75,27,36,53,111" hai2="33,73,87,108,102,79,38,66,71,50,20,23,64" hai3="35,103,112,42,16,28,7,43,76,11,44,85,77"/><U92/><E115/><V59/><F38/><W45/><G112/><T118/><D30/><U56/><E124/><V129/><F108/><N who="0" m="41578" /><D10/><U105/><E111/><V34/><F129/><W121/><G121/><T133/><D95/><U131/><E75/><V126/><F126/><W14/><G103/><T29/><D29/><U39/><E135/><V78/><F73/><W100/><G100/><T2/><D2/><U125/><E131/><V60/><F102/><W25/><G85/><T99/><D99/><U6/><E6/><V84/><F50/><W107/><G107/><T91/><D91/><U4/><E4/><V1/><F59/><W48/><REACH who="3" step="1"/><G7/><REACH who="3" ten="198,240,312,240" step="2"/><T15/><D133/><U70/><E106/><V132/><F132/><W88/><G88/><T97/><D97/><U22/><E98/><V130/><F130/><W0/><G0/><T51/><D74/><U26/><E105/><V9/><F1/><W17/><G17/><T122/><D122/><U117/><E125/><V19/><F19/><W127/><G127/><T63/><D40/><U13/><E31/><V128/><F128/><W12/><G12/><T83/><D15/><U67/><E13/><V37/><F87/><W120/><G120/><T89/><D89/><U32/><E26/><V54/><F84/><W61/><G61/><T3/><D3/><U69/><E27/><V82/><F60/><W101/><G101/><T72/><D72/><U65/><E117/><V55/><F79/><W21/><G21/><T113/><D118/><U5/><E22/><V93/><F20/><W104/><G104/><T114/><D113/><RYUUKYOKU ba="0,1" sc="198,-10,240,-10,312,-10,240,30" hai3="11,14,16,25,28,35,42,43,44,45,48,76,77" /><INIT seed="2,1,1,1,1,24" ten="188,230,302,270" oya="2" hai0="6,29,55,79,9,39,69,4,71,18,93,3,70" hai1="25,75,95,120,2,36,14,82,46,28,41,88,45" hai2="31,100,125,128,90,63,77,130,112,124,104,7,52" hai3="99,66,58,107,32,11,91,126,33,133,122,50,85"/><V15/><F112/><W21/><G122/><T54/><D39/><U0/><E120/><V87/><F77/><W92/><G133/><T37/><D37/><U16/><E46/><V109/><F109/><W60/><G126/><N who="2" m="48745" /><F100/><W23/><G11/><T8/><D79/><U118/><E82/><V103/><F103/><W132/><G132/><T49/><D18/><U101/><E75/><V105/><F31/><W119/><G119/><T72/><D72/><U19/><E101/><V81/><F15/><W64/><G64/><T131/><D131/><N who="2" m="50218" /><F7/><W80/><G107/><N who="2" m="41033" /><F63/><W97/><G97/><T5/><D29/><U129/><E129/><V17/><F17/><W83/><G83/><T89/><D8/><U35/><E118/><V40/><F52/><W74/><G74/><T20/><D20/><U13/><E13/><V48/><F48/><W78/><G23/><T123/><D55/><U30/><E30/><V61/><F61/><W121/><G50/><T84/><REACH who="0" step="1"/><D123/><REACH who="0" ten="178,230,302,270" step="2"/><U102/><E19/><V62/><F62/><W56/><G121/><T73/><D73/><U57/><E16/><V53/><F53/><W135/><G21/><T111/><D111/><U47/><E28/><V115/><F115/><W108/><G108/><T1/><D1/><U117/><E0/><V42/><AGARI ba="1,2" hai="40,42,81,87,90" m="41033,50218,48745" machi="42" ten="40,3900,0" yaku="18,1,19,1" doraHai="24" who="2" fromWho="2" sc="178,-14,230,-14,302,62,270,-14" /><INIT seed="2,2,0,2,1,26" ten="164,216,364,256" oya="2" hai0="81,86,35,47,83,60,77,3,90,63,111,128,132" hai1="56,17,95,65,61,118,115,104,133,89,29,14,40" hai2="123,68,44,131,121,0,91,78,130,117,45,12,48" hai3="34,99,134,28,98,22,13,5,59,23,75,39,15"/><V41/><F0/><W129/><G39/><T94/><D111/><U64/><E115/><V1/><F1/><W11/><G75/><T84/><D128/><N who="2" m="49194" /><F78/><W32/><G129/><T114/><D114/><U66/><E118/><V16/><F117/><W36/><G36/><T20/><D35/><N who="3" m="13353" /><G59/><T43/><D132/><U33/><E104/><V102/><F68/><W21/><G99/><T82/><D3/><U70/><E40/><N who="2" m="24583" /><F102/><W72/><G98/><T27/><D63/><U18/><E70/><V119/><F91/><W127/><G72/><T105/><D60/><U24/><E133/><V122/><F119/><W9/><G127/><T7/><D7/><U50/><E50/><N who="2" m="26927" /><F121/><W110/><G134/><T54/><D105/><U74/><E74/><V31/><F31/><W76/><G76/><T100/><D100/><U55/><REACH who="1" step="1"/><E14/><REACH who="1" ten="164,206,364,256" step="2"/><V49/><F49/><W10/><G110/><T112/><D112/><U92/><E92/><V124/><F124/><W52/><G15/><T53/><D94/><U135/><E135/><V101/><F101/><W2/><G2/><T19/><REACH who="0" step="1"/><D83/><REACH who="0" ten="154,206,364,256" step="2"/><U85/><AGARI ba="2,2" hai="17,18,24,29,33,55,56,61,64,65,66,85,89,95" machi="85" ten="30,7900,0" yaku="1,1,0,1,52,1,53,1" doraHai="26" doraHaiUra="51" who="1" fromWho="1" sc="154,-22,206,105,364,-41,256,-22" /><INIT seed="3,0,0,5,5,62" ten="132,311,323,234" oya="3" hai0="19,8,87,99,69,7,131,24,53,111,106,132,84" hai1="3,121,120,27,102,30,5,64,89,124,2,100,21" hai2="16,23,63,26,96,91,70,39,112,68,32,85,114" hai3="81,54,20,43,57,73,77,130,98,128,117,110,12"/><W80/><G117/><T61/><D111/><U101/><E124/><V59/><F39/><W78/><G110/><T15/><D132/><U9/><E2/><V127/><F127/><W88/><G43/><T123/><D123/><U74/><E74/><V0/><F0/><W50/><G12/><T71/><D131/><U55/><E55/><N who="2" m="34303" /><F85/><W35/><G20/><T107/><D71/><N who="2" m="27178" /><F32/><W42/><G42/><T75/><D75/><U97/><E64/><V38/><F38/><W103/><G35/><T116/><D116/><U83/><REACH who="1" step="1"/><E83/><REACH who="1" ten="132,301,323,234" step="2"/><V40/><F40/><W36/><G36/><T46/><D46/><U56/><E56/><V125/><F125/><W67/><G67/><T18/><D53/><U65/><E65/><V22/><F22/><W76/><G88/><T44/><D44/><U14/><E14/><V79/><F79/><W4/><G4/><T86/><D24/><U37/><E37/><V93/><AGARI ba="0,1" hai="16,23,26,91,93,96,112,114" m="27178,34303" machi="93" ten="30,2000,0" yaku="25,1,54,1" doraHai="62" who="2" fromWho="2" sc="132,-5,301,-5,323,30,234,-10" owari="127,-37.3,296,9.6,353,45.3,224,-17.6" /></mjloggm>