<mjloggm ver="2.3"><GO type="225" lobby="0"/><UN n0="%E3%81%BF%E3%81%BF%E3%81%9A" n1="%E3%81%B5%E3%81%98%E3%81%8B%E3%81%A4" n2="%E3%81%8D%E3%82%85%E3%81%86" n3="%48%61%61%61%6C%61%6E%64" dan="16,16,16,18" rate="2236.90,2189.30,2083.15,2298.74" sx="M,M,M,M"/><TAIKYOKU oya="0"/><INIT seed="0,0,0,2,1,106" ten="250,250,250,250" oya="0" hai0="35,121,87,83,67,52,21,17,132,59,124,97,66" hai1="76,134,89,9,135,28,4,127,49,22,45,103,93" hai2="44,33,116,92,51,84,126,96,27,115,86,114,129" hai3="34,85,3,73,12,99,111,72,7,54,41,108,61"/><T10/><D35/><U88/><E76/><V128/><F33/><W58/><G3/><T107/><D121/><U1/><E127/><V38/><F38/><W23/><G34/><T65/><D124/><U62/><E62/><V48/><F27/><W0/><G41/><T6/><D132/><N who="1" m="50731" /><E103/><V31/><F126/><W64/><G0/><T110/><D110/><N who="3" m="42025" /><G85/><N who="2" m="32873" /><F31/><W100/><G64/><T71/><D71/><U117/><E117/><V80/><F44/><W14/><G23/><T101/><D6/><U131/><E131/><N who="2" m="50251" /><F116/><W57/><G57/><T63/><D10/><U8/><E8/><V118/><F118/><W94/><G7/><T32/><D32/><U91/><E28/><V40/><F40/><W2/><G2/><T74/><D74/><AGARI ba="0,0" hai="12,14,54,58,61,72,73,74,94,99,100" m="42025" machi="74" ten="30,7700,0" yaku="14,1,52,3" doraHai="106" who="3" fromWho="0" sc="250,-77,250,0,250,0,250,77" /><INIT seed="1,0,0,2,3,103" ten="173,250,250,327" oya="1" hai0="64,11,108,50,49,109,32,66,80,8,26,57,107" hai1="81,129,65,10,98,84,0,19,17,44,43,78,2" hai2="100,95,73,22,117,13,29,127,92,27,105,102,118" hai3="61,67,71,52,45,77,86,135,60,69,40,23,1"/><U47/><E129/><V36/><F73/><W15/><G1/><T5/><D80/><U97/><E65/><V12/><F36/><W30/><G135/><T28/><D11/><U14/><E47/><V111/><F111/><W133/><G133/><T124/><D124/><U35/><E35/><V63/><F63/><W125/><G125/><T37/><D37/><U89/><E19/><V55/><F55/><W112/><G112/><T114/><D114/><U96/><REACH who="1" step="1"/><E78/><REACH who="1" ten="173,240,250,327" step="2"/><V59/><F127/><W119/><G67/><T110/><D107/><U51/><AGARI ba="0,1" hai="0,2,10,14,17,43,44,51,81,84,89,96,97,98" machi="51" ten="30,11700,0" yaku="1,1,2,1,0,1,53,1" doraHai="103" doraHaiUra="46" who="1" fromWho="1" sc="173,-39,240,127,250,-39,327,-39" /><INIT seed="1,1,0,4,0,92" ten="134,367,211,288" oya="1" hai0="1,131,40,105,55,22,56,59,117,81,3,97,74" hai1="45,96,77,121,110,114,72,106,51,100,130,46,67" hai2="71,120,39,119,80,43,66,11,13,41,88,47,128" hai3="50,36,125,27,104,4,101,16,0,108,116,68,90"/><U18/><E114/><V79/><F119/><W5/><G36/><T123/><D117/><U78/><E121/><V44/><F120/><W65/><G116/><T61/><D123/><U75/><E130/><V57/><F128/><W102/><G108/><T35/><D131/><U31/><E110/><V124/><F71/><W21/><G125/><T85/><D35/><U49/><E67/><V93/><F124/><W26/><G68/><T126/><D126/><U54/><E31/><V6/><F57/><W91/><G65/><T122/><D122/><U112/><E112/><V62/><F62/><W76/><G76/><T69/><D69/><U58/><E18/><V34/><F34/><W10/><G5/><T15/><D74/><U132/><E132/><V52/><F52/><W23/><G50/><T115/><D115/><U24/><E24/><V86/><F66/><W111/><G111/><T53/><D40/><U20/><E20/><V99/><F47/><W135/><G135/><T129/><D129/><U9/><E9/><V14/><REACH who="2" step="1"/><F43/><REACH who="2" ten="134,367,201,288" step="2"/><W98/><REACH who="3" step="1"/><G102/><REACH who="3" ten="134,367,201,278" step="2"/><T28/><D61/><N who="1" m="36055" /><E100/><V82/><F82/><W19/><AGARI ba="1,2" hai="0,4,10,16,19,21,23,26,27,90,91,98,101,104" machi="19" ten="20,12000,2" yaku="1,1,0,1,7,1,9,1,52,1,54,1,53,0" doraHai="92" doraHaiUra="134" who="3" fromWho="3" sc="134,-31,367,-61,201,-31,278,143" /><INIT seed="2,0,0,1,2,115" ten="103,306,170,421" oya="2" hai0="78,73,33,104,68,82,94,8,49,34,65,118,86" hai1="102,120,98,32,79,110,59,54,29,119,100,129,52" hai2="37,31,21,40,128,111,87,106,20,83,114,105,76" hai3="62,0,11,18,107,108,43,103,45,101,36,92,25"/><V55/><F114/><W125/><G108/><T3/><D49/><U124/><E119/><V131/><F111/><W84/><G125/><T99/><D86/><U109/><E124/><V127/><F127/><W74/><G74/><T56/><D56/><U12/><E120/><V133/><F133/><W9/><G107/><T16/><D94/><U44/><E79/><V80/><F55/><W39/><G39/><T7/><D16/><U41/><E129/><N who="2" m="49739" /><F83/><W17/><G62/><T113/><D113/><U135/><E135/><V71/><F71/><W5/><G18/><T27/><D27/><U112/><E112/><V1/><F1/><W51/><G36/><T26/><D26/><U38/><E102/><N who="3" m="38922" /><G5/><T58/><D58/><U134/><E134/><V19/><F31/><W81/><G92/><T122/><D122/><U42/><E42/><V70/><F70/><W60/><G60/><T30/><D30/><U22/><E54/><V90/><F90/><N who="3" m="51471" /><G0/><T64/><D64/><U67/><E67/><V96/><F96/><W126/><G126/><T91/><D91/><U28/><E32/><V14/><F21/><AGARI ba="0,0" hai="9,11,17,21,25,43,45,51" m="51471,38922" machi="21" ten="30,1000,0" yaku="8,1" doraHai="115" who="3" fromWho="2" sc="103,0,306,0,170,-10,421,10" /><INIT seed="3,0,0,4,2,59" ten="103,306,160,431" oya="3" hai0="126,94,122,124,37,104,49,45,81,65,19,96,6" hai1="14,85,73,34,62,43,50,95,74,93,107,41,88" hai2="130,132,69,131,71,78,68,102,80,100,106,9,33" hai3="70,72,11,21,117,105,120,46,112,61,90,26,20"/><W28/><G112/><T92/><D122/><U84/><E34/><V113/><F113/><W87/><G72/><T29/><D37/><U52/><E107/><V125/><F125/><W79/><G79/><T15/><D29/><U16/><E74/><V114/><F114/><W103/><G11/><T63/><D6/><U12/><E73/><N who="2" m="43087" /><F106/><W1/><G46/><T67/><D81/><U60/><E12/><V4/><F33/><W23/><G1/><T75/><D75/><U116/><E116/><V111/><F111/><W32/><G120/><T77/><D77/><U22/><E84/><V51/><F51/><W8/><G8/><T0/><D0/><U27/><E95/><V42/><F42/><W98/><G117/><T91/><D104/><U36/><E36/><V10/><F10/><W35/><G35/><T18/><D94/><U38/><E27/><V82/><F82/><N who="3" m="49527" /><G21/><T127/><D15/><U48/><E38/><V123/><F123/><W118/><G118/><T44/><D67/><AGARI ba="0,0" hai="20,23,26,28,32,61,67,70,98,103,105" m="49527" machi="67" ten="30,2900,0" yaku="25,1,52,1" doraHai="59" who="3" fromWho="0" sc="103,-29,306,0,160,0,431,29" owari="74,-42.6,306,10.6,160,-24.0,460,56.0" /></mjloggm>