<mjloggm ver="2.3"><GO type="225" lobby="0"/><UN n0="%E3%81%99%E3%81%84%E3%81%BE%E3%81%9B%E3%83%BC%E3%82%93" n1="%6D%75%75%6D%75%72%61" n2="%73%6C%69%63%6B%33%31%39" n3="%E3%81%95%E3%81%8D%E3%81%9F%E3%81%BE%E6%9E%97%E6%AA%8E" dan="16,16,17,16" rate="2157.94,2123.99,2179.85,2098.46" sx="M,F,M,M"/><TAIKYOKU oya="0"/><INIT seed="0,0,0,4,2,53" ten="250,250,250,250" oya="0" hai0="132,34,94,38,10,54,25,32,75,111,9,69,44" hai1="131,73,18,114,11,13,65,46,12,107,26,43,68" hai2="115,36,130,80,120,99,127,71,49,37,85,14,86" hai3="74,90,39,55,41,81,28,0,105,112,15,117,33"/><T48/><D75/><U24/><E131/><V50/><F120/><W56/><G112/><T101/><D132/><U59/><E114/><V128/><F71/><W52/><G117/><T124/><D124/><U51/><E107/><V88/><F115/><W83/><G0/><T67/><D111/><U79/><E68/><V82/><F99/><W110/><G110/><T106/><D38/><U4/><E73/><V121/><F14/><W93/><G105/><T30/><D34/><U40/><E79/><V21/><F21/><W23/><G33/><T100/><D94/><U22/><REACH who="1" step="1"/><E43/><REACH who="1" ten="250,240,250,250" step="2"/><V89/><REACH who="2" step="1"/><F121/><REACH who="2" ten="250,240,240,250" step="2"/><W108/><G108/><T70/><D70/><U76/><E76/><V104/><F104/><W97/><G74/><T16/><D106/><U60/><AGARI ba="0,2" hai="4,11,12,13,18,22,24,26,40,46,51,59,60,65" machi="60" ten="30,7900,0" yaku="1,1,0,1,8,1,52,1,53,0" doraHai="53" doraHaiUra="129" who="1" fromWho="1" sc="250,-39,240,99,240,-20,250,-20" /><INIT seed="1,0,0,4,4,117" ten="211,339,220,230" oya="1" hai0="7,99,6,105,25,115,85,28,63,95,65,92,0" hai1="54,111,118,67,77,40,129,86,79,14,82,93,52" hai2="107,114,10,96,57,51,126,49,119,37,44,3,30" hai3="116,112,16,32,42,45,88,76,94,19,130,22,33"/><U108/><E118/><V89/><F119/><W62/><G112/><T27/><D115/><U100/><E129/><V34/><F114/><W38/><G116/><T70/><D27/><U127/><E127/><V1/><F126/><W69/><G130/><T60/><D60/><U122/><E122/><V39/><F34/><W48/><G76/><T9/><D7/><U123/><E123/><V21/><F30/><W46/><G62/><T75/><D75/><U68/><E79/><V125/><F21/><W26/><G19/><T121/><D85/><U91/><E100/><V56/><F89/><W18/><G18/><T87/><D87/><N who="1" m="48591" /><E40/><V29/><F29/><W31/><G31/><T120/><D95/><U113/><E113/><V128/><F128/><W59/><G59/><T2/><D2/><U15/><E67/><V102/><F125/><W8/><G8/><T131/><D131/><U103/><E103/><V55/><F56/><W66/><G66/><T72/><D72/><U84/><E68/><V74/><F74/><W81/><G81/><T4/><D105/><U135/><E84/><V41/><REACH who="2" step="1"/><F10/><REACH who="2" ten="211,339,210,230" step="2"/><W13/><G69/><T23/><REACH who="0" step="1"/><D6/><REACH who="0" ten="201,339,210,230" step="2"/><U47/><E111/><V90/><F90/><AGARI ba="0,2" hai="0,4,9,23,25,28,63,65,70,90,92,99,120,121" machi="90" ten="40,8000,1" yaku="1,1,2,1,52,2,53,1" doraHai="117" doraHaiUra="24" who="0" fromWho="2" sc="201,100,339,0,210,-80,230,0" /><INIT seed="2,0,0,5,4,26" ten="301,339,130,230" oya="2" hai0="98,48,23,105,87,64,89,46,12,134,80,117,124" hai1="25,79,0,59,71,35,78,63,77,61,60,56,17" hai2="22,133,86,18,112,88,13,127,2,106,38,49,24" hai3="132,7,44,100,121,65,75,111,66,70,45,72,32"/><V53/><F112/><W108/><G121/><T130/><D124/><U126/><E0/><V14/><F2/><W95/><G7/><T36/><D36/><U52/><E126/><V122/><F122/><W81/><G81/><T83/><D130/><U104/><E104/><V128/><F127/><W120/><G120/><T109/><D109/><N who="3" m="42057" /><G132/><T101/><D134/><U102/><E102/><V131/><F38/><W67/><G32/><T40/><D64/><U113/><E113/><V19/><F106/><W29/><G29/><T94/><D117/><U135/><E135/><V5/><F5/><W115/><G70/><T10/><D23/><N who="1" m="13551" /><E71/><V69/><F69/><W6/><G6/><AGARI ba="0,0" hai="6,10,12,40,46,48,80,83,87,89,94,98,101,105" machi="6" ten="30,1000,0" yaku="7,1" doraHai="26" who="0" fromWho="3" sc="301,10,339,0,130,0,230,-10" /><INIT seed="3,0,0,3,3,23" ten="311,339,130,220" oya="3" hai0="44,108,63,62,24,128,0,104,80,132,41,75,113" hai1="48,110,37,64,66,125,6,94,36,3,120,98,121" hai2="79,76,92,134,5,129,102,1,60,8,101,50,17" hai3="97,123,69,112,53,117,30,93,12,39,2,72,4"/><W61/><G112/><T34/><D113/><U111/><E125/><V122/><F129/><W29/><G117/><T115/><D115/><U91/><E48/><V73/><F134/><W52/><G123/><N who="1" m="47178" /><E6/><V65/><F122/><W28/><G2/><T118/><D118/><U86/><E98/><V49/><F73/><W54/><G39/><N who="1" m="14922" /><E3/><V57/><F76/><W7/><G72/><T22/><D128/><U116/><E116/><V55/><F79/><W15/><G61/><T135/><D108/><AGARI ba="0,0" hai="64,66,86,91,94,108,110,111" m="14922,47178" machi="108" ten="40,1300,0" yaku="14,1" doraHai="23" who="1" fromWho="0" sc="311,-13,339,13,130,0,220,0" owari="298,9.8,352,45.2,130,-37.0,220,-18.0" /></mjloggm>