<mjloggm ver="2.3"><GO type="225" lobby="0"/><UN n0="%72%69%6F%75%63%68%61%6E" n1="%E3%81%B5%E3%81%98%E3%81%8B%E3%81%A4" n2="%E6%B8%A9%E2%98%85%E6%83%85%E2%98%85%E6%8E%AA%E2%98%85%E7%BD%AE" n3="%E3%81%8B%E3%82%8F%E3%81%A1%E3%82%83%E3%82%93%35%38" dan="16,16,18,16" rate="2155.48,2175.82,2237.19,2132.65" sx="M,M,M,M"/><TAIKYOKU oya="0"/><INIT seed="0,0,0,2,0,40" ten="250,250,250,250" oya="0" hai0="135,113,108,24,115,87,10,49,29,38,34,23,42" hai1="82,54,36,86,127,70,110,94,105,18,67,134,26" hai2="92,35,74,46,97,61,119,128,56,126,58,71,129" hai3="120,89,14,52,69,33,116,95,8,133,107,125,109"/><T124/><D38/><U16/><E105/><V39/><F74/><W118/><G107/><T131/><D124/><U6/><E127/><V22/><F35/><W31/><G125/><T27/><D131/><N who="2" m="50250" /><F126/><W104/><G104/><T60/><D135/><U78/><E134/><V55/><F22/><W122/><G69/><T50/><D108/><U0/><E36/><V130/><N who="2" m="50258" /><V12/><DORA hai="45" /><F12/><W57/><G133/><T85/><D60/><U93/><E70/><V28/><F28/><W9/><G109/><T11/><D42/><U2/><E67/><N who="2" m="41455" /><F119/><W72/><G72/><T99/><D99/><U112/><E112/><V47/><F39/><W121/><G31/><T65/><D65/><U1/><E110/><V103/><F58/><W32/><G32/><T90/><D115/><U59/><E6/><V77/><F77/><W63/><G33/><T3/><D113/><U111/><E111/><V51/><AGARI ba="0,0" hai="46,47,51,55,56,92,97,103" m="41455,50258" machi="51" ten="40,8000,1" yaku="19,1,52,3" doraHai="40,45" who="2" fromWho="2" sc="250,-40,250,-20,250,80,250,-20" /><INIT seed="1,0,0,2,0,102" ten="210,230,330,230" oya="1" hai0="117,121,23,87,38,18,64,7,108,11,79,14,126" hai1="82,37,90,114,3,10,89,132,125,101,36,17,42" hai2="71,135,66,31,76,48,105,83,122,78,8,131,81" hai3="35,49,112,28,77,120,97,21,111,74,129,12,41"/><U124/><E114/><V2/><F122/><W46/><G112/><T67/><D117/><U134/><E101/><V50/><F31/><W103/><G120/><T75/><D121/><U109/><E42/><V9/><F66/><W15/><G111/><T68/><D108/><U85/><E109/><V58/><F58/><W80/><G35/><T19/><D126/><N who="1" m="48747" /><E90/><V116/><F2/><W39/><G129/><T57/><D38/><N who="1" m="14955" /><E17/><V123/><F131/><W29/><G39/><T59/><D68/><U99/><E99/><V20/><F71/><W88/><G88/><T107/><D18/><U84/><E84/><V52/><F123/><W43/><G43/><T100/><D87/><U6/><AGARI ba="0,0" hai="3,6,10,82,85,89,132,134" m="14955,48747" machi="6" ten="40,2100,0" yaku="18,1" doraHai="102" who="1" fromWho="1" sc="210,-7,230,21,330,-7,230,-7" /><INIT seed="1,1,0,2,4,9" ten="203,251,323,223" oya="1" hai0="75,37,96,91,118,61,49,56,117,125,90,107,59" hai1="71,58,54,60,78,69,121,15,134,104,99,65,57" hai2="0,51,83,63,130,114,4,74,108,11,35,22,85" hai3="127,116,46,92,50,79,34,76,105,45,47,14,7"/><U30/><E121/><V97/><F35/><W111/><G105/><T23/><D37/><U39/><E134/><V33/><F33/><W28/><G34/><T1/><D1/><U109/><E78/><N who="3" m="29738" /><G111/><T2/><D2/><U80/><E80/><V3/><F3/><W110/><G110/><T84/><D75/><U13/><E39/><V17/><F108/><W89/><G28/><T31/><D125/><U119/><E109/><V48/><F74/><W6/><G127/><T70/><D70/><U19/><E30/><V86/><F130/><W112/><G112/><T131/><D131/><U44/><E44/><N who="3" m="17002" /><G14/><N who="1" m="5130" /><E71/><V93/><F114/><W27/><G27/><N who="0" m="16895" /><D107/><U43/><E104/><V120/><F120/><W128/><G116/><T66/><D118/><U101/><E69/><V67/><F83/><W103/><G103/><T18/><D117/><U135/><E135/><V21/><F0/><W102/><G102/><T29/><D29/><U40/><E119/><V113/><F113/><W38/><G38/><T115/><D115/><U53/><E19/><V52/><F17/><W73/><G73/><T124/><D18/><U72/><E72/><V126/><F126/><W64/><G128/><T42/><D124/><U88/><E101/><V68/><F68/><W5/><G64/><T20/><D66/><U81/><E65/><V95/><F67/><W41/><G6/><T55/><D90/><U129/><E129/><V25/><F4/><W36/><G36/><T32/><D91/><U132/><E132/><V87/><F25/><W8/><G8/><T24/><D32/><U26/><E26/><RYUUKYOKU ba="1,0" sc="203,-10,251,-10,323,-10,223,30" hai3="5,7,41,47,50,89,92" /><INIT seed="2,2,0,0,5,97" ten="193,241,313,253" oya="2" hai0="123,49,77,70,29,24,37,39,93,78,54,73,115" hai1="63,131,96,5,46,13,56,121,41,9,64,26,130" hai2="129,33,2,110,50,27,92,42,17,30,81,67,51" hai3="52,125,34,116,44,53,94,124,69,55,122,102,98"/><V7/><F129/><W61/><G116/><T19/><D123/><U57/><E121/><V60/><F110/><W103/><G34/><T0/><D115/><U10/><E26/><V120/><F120/><W1/><G1/><T119/><D119/><U58/><E10/><V72/><F42/><W84/><G122/><T90/><D70/><U8/><E8/><V109/><F109/><W15/><G84/><T91/><D0/><U14/><E14/><V20/><F92/><W6/><G44/><T35/><D19/><U45/><E45/><V107/><F107/><W114/><G114/><T28/><D28/><U74/><E74/><V16/><F17/><W75/><G75/><T101/><D91/><U99/><E99/><V38/><F38/><W11/><REACH who="3" step="1"/><G102/><REACH who="3" ten="193,241,313,243" step="2"/><T135/><D101/><U89/><E130/><V31/><F33/><W36/><G36/><T21/><D35/><U113/><E113/><V83/><F72/><W18/><G18/><T48/><D73/><U76/><E131/><V100/><F100/><W66/><AGARI ba="2,1" hai="6,11,15,52,53,55,61,66,69,94,98,103,124,125" machi="66" ten="30,7900,0" yaku="1,1,0,1,52,1,54,1,53,0" doraHai="97" doraHaiUra="87" who="3" fromWho="3" sc="193,-22,241,-22,313,-41,243,95" /><INIT seed="3,0,0,5,3,130" ten="171,219,272,338" oya="3" hai0="69,98,82,46,18,120,62,90,26,34,47,131,41" hai1="52,43,128,110,55,66,81,114,108,3,32,22,133" hai2="72,71,2,8,17,9,94,27,73,104,134,5,122" hai3="127,58,79,35,119,57,48,83,53,1,51,6,88"/><W63/><G35/><T135/><D120/><U54/><E128/><V12/><F104/><W38/><G38/><T28/><D131/><U84/><E114/><V123/><F71/><W59/><G6/><T64/><D18/><U107/><E32/><V103/><F27/><W102/><G102/><T125/><D125/><U44/><E3/><V16/><F17/><W23/><G23/><T89/><D82/><U37/><E107/><V87/><F134/><W113/><G58/><T40/><D135/><U129/><E129/><V25/><F25/><W50/><G88/><T36/><REACH who="0" step="1"/><D98/><REACH who="0" ten="161,219,272,338" step="2"/><U68/><E133/><V85/><F16/><W101/><G83/><T95/><D95/><U124/><E124/><V86/><F94/><W21/><G127/><T92/><D92/><U111/><E81/><V105/><F105/><W96/><G96/><T31/><D31/><U15/><E111/><V33/><F123/><W100/><G113/><T19/><D19/><U106/><E110/><V42/><F122/><W7/><G79/><T30/><D30/><U78/><E106/><V91/><F73/><W74/><G74/><T80/><D80/><U132/><E132/><V109/><F72/><W117/><G7/><T4/><D4/><U93/><E78/><V45/><F5/><W61/><G1/><T112/><D112/><U115/><E115/><V116/><F2/><W126/><G126/><T49/><AGARI ba="0,1" hai="26,28,34,36,40,41,46,47,49,62,64,69,89,90" machi="49" ten="20,2700,0" yaku="1,1,0,1,7,1,53,0" doraHai="130" doraHaiUra="14" who="0" fromWho="0" sc="161,37,219,-7,272,-7,338,-13" owari="198,-30.2,212,-18.8,265,6.5,325,42.5" /></mjloggm>