<mjloggm ver="2.3"><GO type="225" lobby="0"/><UN n0="%6A%70%74%77%61%32" n1="%E3%81%B2%E3%81%AA%E3%81%AE%E3%82%8A%E3%81%8F" n2="%E5%84%AA%40%41%42%43" n3="%E6%97%A5%E6%9B%9C%E6%97%A5%E3%82%88%E3%82%8A%E3%81%AE%E4%BD%BF%E8%80%85" dan="16,17,17,17" rate="2041.00,2176.24,2267.38,2158.83" sx="M,M,M,M"/><TAIKYOKU oya="0"/><INIT seed="0,0,0,0,0,95" ten="250,250,250,250" oya="0" hai0="131,14,84,42,24,25,27,117,5,19,63,87,89" hai1="120,101,21,37,118,65,72,56,2,40,102,73,13" hai2="69,124,49,112,64,34,31,11,121,17,135,57,7" hai3="93,130,119,132,22,60,94,128,55,38,9,26,28"/><T20/><D117/><U91/><E2/><V10/><F121/><W61/><G38/><T90/><D131/><N who="3" m="50217" /><G119/><T70/><D42/><U113/><E37/><V79/><F112/><W16/><G132/><T122/><D122/><U12/><E40/><V44/><F124/><W103/><G55/><T126/><D126/><U109/><E91/><V54/><F69/><W111/><G111/><T99/><D5/><U33/><E65/><V80/><F34/><N who="3" m="20759" /><G9/><T43/><D43/><U83/><E109/><V75/><F31/><W52/><G52/><T98/><D70/><U107/><E118/><V133/><F17/><W58/><G58/><T116/><D63/><N who="3" m="24137" /><G103/><T6/><D116/><U77/><E56/><V23/><F23/><W4/><G4/><T106/><D6/><U85/><E102/><V62/><REACH who="2" step="1"/><F11/><REACH who="2" ten="250,250,240,250" step="2"/><W127/><G127/><T104/><D106/><U41/><E21/><V110/><F110/><W39/><G39/><T18/><D104/><U47/><E107/><V92/><F92/><W134/><G134/><T51/><D18/><U86/><E33/><V32/><F32/><W108/><G108/><T105/><D105/><U96/><E120/><V30/><F30/><W45/><G45/><T48/><D19/><U76/><E47/><V78/><F78/><W35/><G35/><T36/><D20/><U67/><E77/><V74/><F74/><W50/><G50/><N who="0" m="18987" /><D36/><U100/><E73/><V3/><AGARI ba="0,1" hai="3,7,10,44,49,54,57,62,64,75,79,80,133,135" machi="3" ten="30,2000,0" yaku="1,1,0,1,53,0" doraHai="95" doraHaiUra="114" who="2" fromWho="2" sc="250,-10,250,-5,240,30,250,-5" /><INIT seed="1,0,0,2,2,23" ten="240,245,270,245" oya="1" hai0="48,33,129,123,92,109,21,111,70,121,116,13,83" hai1="10,135,104,100,2,26,74,55,71,95,7,131,73" hai2="30,8,89,15,101,119,29,81,115,1,56,133,102" hai3="127,44,64,90,126,125,107,60,22,75,9,114,52"/><U93/><E104/><V3/><F119/><W16/><G114/><T32/><D116/><U47/><E71/><V69/><F69/><W42/><G75/><T58/><D70/><U67/><E67/><V50/><F133/><W118/><G118/><T122/><D129/><U78/><E135/><V120/><F3/><W40/><G107/><T49/><D83/><U0/><E131/><V18/><F1/><W80/><G9/><T36/><D36/><U57/><E47/><V112/><F120/><W68/><G80/><T20/><D92/><U53/><E78/><V79/><F89/><W12/><G90/><T14/><D121/><U130/><E130/><V106/><F106/><W128/><G128/><T39/><D39/><U6/><E10/><V124/><F124/><W27/><G12/><T105/><D105/><U103/><REACH who="1" step="1"/><E57/><AGARI ba="0,0" hai="13,14,20,21,32,33,48,49,57,58,109,111,122,123" machi="57" ten="25,1600,0" yaku="22,2" doraHai="23" who="0" fromWho="1" sc="240,16,245,-16,270,0,245,0" /><INIT seed="2,0,0,0,5,76" ten="256,229,270,245" oya="2" hai0="37,113,21,119,57,89,104,132,79,116,12,31,69" hai1="59,32,67,40,129,108,53,74,63,45,130,39,30" hai2="133,13,24,8,105,70,25,50,117,82,35,38,64" hai3="121,15,33,1,60,80,17,96,27,61,7,111,107"/><V47/><F117/><N who="0" m="45130" /><D69/><U95/><E74/><V54/><F105/><W123/><G111/><T26/><D113/><U0/><E0/><V19/><F133/><W46/><G46/><T134/><D104/><U68/><E32/><V114/><F114/><W48/><G48/><T36/><D79/><U65/><E30/><V52/><F35/><W71/><G71/><T14/><D57/><U4/><E4/><V99/><F38/><N who="0" m="14954" /><D89/><U6/><E6/><V135/><F135/><AGARI ba="0,0" hai="12,14,21,26,31,132,134,135" m="14954,45130" machi="135" ten="40,2600,0" yaku="20,1,12,1" doraHai="76" who="0" fromWho="2" sc="256,26,229,0,270,-26,245,0" /><INIT seed="3,0,0,4,0,125" ten="282,229,244,245" oya="3" hai0="5,71,0,101,134,124,51,67,103,52,86,33,80" hai1="55,110,9,88,4,98,22,7,81,50,8,66,94" hai2="135,30,34,1,64,74,28,106,17,107,93,128,117" hai3="70,99,6,2,54,29,31,59,133,129,45,73,75"/><W115/><G115/><T27/><D124/><U61/><E110/><V23/><F117/><W63/><G133/><T123/><D123/><U130/><E130/><V120/><F74/><W18/><G129/><T32/><D134/><U16/><E81/><V13/><F128/><W44/><G70/><T49/><D5/><N who="1" m="2123" /><E61/><V126/><F126/><W11/><G18/><T131/><D0/><U97/><E97/><V118/><F118/><W43/><G99/><T57/><D131/><U114/><E66/><V68/><F1/><W91/><G91/><T87/><D49/><U102/><E102/><V60/><F135/><W76/><G45/><T84/><D80/><U82/><E82/><V83/><F120/><W48/><REACH who="3" step="1"/><G76/><REACH who="3" ten="282,229,244,235" step="2"/><T122/><D122/><U10/><E114/><V26/><F30/><AGARI ba="0,1" hai="2,6,11,29,30,31,43,44,48,54,59,63,73,75" machi="30" ten="40,7700,0" yaku="1,1,2,1,53,1" doraHai="125" doraHaiUra="37" who="3" fromWho="2" sc="282,0,229,0,244,-77,235,87" owari="282,8.2,229,-17.1,167,-33.3,322,42.2" /></mjloggm>