<mjloggm ver="2.3"><GO type="225" lobby="0"/><UN n0="%E4%B8%96%E7%95%8C%E3%81%AE%E4%BA%80%E4%BA%95" n1="%E6%A1%9C%E8%8A%B1%E9%96%83%E3%80%85" n2="%65%6B%61%72%75%74%65" n3="%E4%BF%BA%E3%81%A8%E5%A6%96%E5%A4%A2" dan="17,16,16,17" rate="2173.51,2146.86,2105.76,2138.82" sx="M,M,M,F"/><TAIKYOKU oya="0"/><INIT seed="0,0,0,0,2,47" ten="250,250,250,250" oya="0" hai0="55,32,13,63,93,3,110,71,105,26,0,133,43" hai1="36,82,111,122,17,92,40,64,86,91,57,96,72" hai2="87,123,48,131,112,4,88,124,28,100,7,30,6" hai3="50,120,31,39,85,83,116,89,8,15,135,51,109"/><T79/><D105/><U60/><E122/><V114/><F123/><W61/><G120/><T95/><D133/><U58/><E111/><V27/><F124/><W34/><G116/><T14/><D110/><U12/><E36/><V45/><F131/><W29/><G109/><T41/><D79/><U10/><E72/><V46/><F100/><W53/><G39/><T117/><D117/><U1/><E1/><V24/><F46/><W42/><G34/><T81/><D81/><U94/><E40/><V102/><F102/><W56/><G135/><T66/><D55/><U52/><REACH who="1" step="1"/><E96/><REACH who="1" ten="250,240,250,250" step="2"/><V128/><F128/><W20/><G42/><T69/><D41/><U74/><E74/><V59/><F112/><W11/><G11/><T101/><D43/><U118/><E118/><V25/><F114/><W9/><G9/><T54/><D0/><U19/><E19/><V125/><F125/><W90/><G90/><T76/><D3/><U132/><E132/><V78/><F78/><W130/><G130/><T73/><D76/><U70/><E70/><V104/><F104/><W99/><G99/><T62/><D71/><U103/><E103/><V119/><F119/><W22/><G31/><N who="0" m="19575" /><D101/><U108/><E108/><V107/><F107/><W106/><G106/><T18/><D18/><U23/><E23/><N who="3" m="8746" /><G29/><T127/><D73/><U21/><E21/><V16/><F16/><AGARI ba="0,1" hai="8,15,16,50,51,53,56,61,83,85,89" m="8746" machi="16" ten="30,7700,0" yaku="8,1,52,2,54,1" doraHai="47" who="3" fromWho="2" sc="250,0,240,0,250,-77,250,87" /><INIT seed="1,0,0,3,1,134" ten="250,240,173,337" oya="1" hai0="127,50,124,43,103,132,16,66,48,46,78,72,30" hai1="96,26,129,98,17,114,3,87,39,93,10,133,84" hai2="33,118,21,90,92,117,70,68,18,67,28,14,91" hai3="13,34,15,89,52,38,62,100,64,85,42,36,108"/><U94/><E114/><V57/><F68/><W128/><G34/><T107/><D132/><U20/><E133/><V37/><F70/><W102/><G108/><T105/><D66/><U55/><E39/><V8/><F37/><W23/><G128/><T2/><D30/><U32/><E129/><V109/><F109/><W6/><G38/><T99/><D107/><U58/><E32/><V54/><F67/><W27/><G42/><T125/><D2/><U111/><E111/><V59/><F59/><N who="3" m="35175" /><G64/><T35/><D35/><U75/><E75/><V47/><F47/><W95/><G36/><N who="0" m="21863" /><D16/><U49/><E3/><V25/><F90/><W5/><G15/><T24/><D24/><U79/><E10/><V120/><F8/><N who="3" m="4239" /><G6/><T101/><D103/><N who="1" m="60815" /><E79/><V60/><REACH who="2" step="1"/><F120/><REACH who="2" ten="250,240,163,337" step="2"/><W110/><G110/><T74/><D74/><U83/><E83/><AGARI ba="0,1" hai="48,50,72,78,83,99,101,105,124,125,127" m="21863" machi="83" ten="30,7700,0" yaku="18,1,52,3" doraHai="134" who="0" fromWho="1" sc="250,87,240,-77,163,0,337,0" /><INIT seed="2,0,0,2,2,73" ten="337,163,163,337" oya="2" hai0="5,79,133,43,100,4,75,57,129,18,127,107,98" hai1="128,13,9,61,42,60,46,21,111,63,125,54,20" hai2="70,93,39,25,62,97,106,11,50,110,121,99,80" hai3="87,31,68,53,77,27,84,103,45,119,123,22,83"/><V71/><F121/><W135/><G119/><T90/><D133/><U24/><E111/><V82/><F110/><W6/><G123/><T114/><D129/><U52/><E125/><V55/><F39/><W26/><G68/><T38/><D114/><U134/><E134/><V74/><F11/><W116/><G116/><T8/><D127/><U126/><E128/><V44/><F25/><W35/><G135/><T122/><D122/><U118/><E118/><V28/><F28/><W64/><G64/><T91/><D18/><N who="1" m="8495" /><E126/><V89/><F62/><W78/><G6/><T49/><D4/><U10/><E10/><V59/><F44/><W56/><G45/><N who="0" m="23799" /><D57/><U65/><E65/><V3/><F3/><W112/><G112/><T34/><D49/><N who="1" m="26839" /><E20/><V108/><F108/><W15/><G15/><T131/><D34/><U132/><E132/><V72/><F72/><W47/><G47/><T30/><D30/><AGARI ba="0,0" hai="21,24,30,52,54,60,61,63" m="26839,8495" machi="30" ten="30,2000,0" yaku="8,1,54,1" doraHai="73" who="1" fromWho="0" sc="337,-20,163,20,163,0,337,0" /><INIT seed="3,0,0,2,4,87" ten="317,183,163,337" oya="3" hai0="113,94,120,51,3,133,96,108,44,75,98,61,27" hai1="111,116,103,93,81,130,102,60,86,4,35,110,118" hai2="65,134,126,2,83,28,64,12,66,26,41,127,129" hai3="131,99,58,73,16,37,109,119,128,13,47,32,11"/><W70/><G119/><N who="1" m="45610" /><E35/><V55/><F2/><W42/><G70/><T5/><D120/><U20/><E130/><N who="3" m="49706" /><G109/><N who="1" m="41482" /><E4/><V72/><F129/><W18/><G73/><T23/><D133/><U56/><E20/><V105/><F105/><W6/><G32/><T53/><D75/><U46/><E93/><V115/><F115/><W9/><G58/><T100/><D113/><U74/><E46/><V132/><F41/><W7/><G99/><T125/><D125/><N who="2" m="47626" /><F55/><W50/><G37/><T29/><D108/><U89/><E74/><V80/><F12/><AGARI ba="0,0" hai="6,7,9,11,12,13,16,18,42,47,50" m="49706" machi="12" ten="30,2900,0" yaku="19,1,54,1" doraHai="87" who="3" fromWho="2" sc="317,0,183,0,163,-29,337,29" owari="317,11.7,183,-21.7,134,-36.6,366,46.6" /></mjloggm>