<mjloggm ver="2.3"><GO type="225" lobby="0"/><UN n0="%E8%81%B7%E6%A5%AD%E3%80%81%E9%A2%A8%32" n1="%33%74%72%65%65" n2="%72%61%6B%33" n3="%E9%89%A2%E5%B7%BB%E3%82%AC%E3%83%96" dan="16,16,18,16" rate="2129.23,2093.92,2264.06,2131.00" sx="M,F,M,M"/><TAIKYOKU oya="0"/><INIT seed="0,0,0,3,2,91" ten="250,250,250,250" oya="0" hai0="9,37,132,118,55,29,21,44,126,98,77,116,135" hai1="20,48,8,71,79,75,19,117,26,83,103,32,85" hai2="107,56,90,128,82,15,0,58,125,108,16,51,101" hai3="13,92,102,50,39,24,28,133,70,109,31,73,60"/><T93/><D126/><U18/><E117/><V94/><F108/><W30/><G39/><T131/><D131/><U72/><E71/><V3/><F125/><W123/><G73/><T17/><D77/><U36/><E36/><V122/><F128/><W95/><G109/><T74/><D74/><U127/><E127/><V47/><F122/><W76/><G76/><T86/><D86/><U87/><E32/><V65/><F82/><W62/><G102/><N who="0" m="60751" /><D9/><U113/><E113/><V6/><F107/><W96/><G96/><T34/><D29/><U63/><E63/><N who="3" m="24106" /><G70/><T111/><D34/><U4/><E19/><V2/><F6/><W54/><G133/><N who="0" m="51275" /><D111/><U114/><E114/><V69/><F101/><W104/><G104/><T120/><D120/><U119/><E103/><V100/><F100/><W89/><G89/><T57/><D44/><U115/><E115/><V23/><F69/><W129/><G129/><T52/><D37/><U124/><E124/><V38/><F65/><W49/><G123/><T53/><D57/><U45/><E72/><V46/><F38/><W121/><G121/><T40/><D40/><U12/><E119/><V10/><F10/><W61/><G28/><T42/><D42/><AGARI ba="0,0" hai="4,8,12,18,20,26,42,45,48,75,79,83,85,87" machi="42" ten="30,1000,0" yaku="7,1" doraHai="91" who="1" fromWho="0" sc="250,-10,250,10,250,0,250,0" /><INIT seed="1,0,0,2,4,128" ten="240,260,250,250" oya="1" hai0="21,109,95,132,33,101,120,24,45,20,84,65,14" hai1="72,43,96,134,121,83,99,59,118,74,70,39,87" hai2="66,16,9,26,104,77,19,114,86,130,47,93,41" hai3="94,3,12,80,23,75,67,44,34,4,13,62,38"/><U40/><E118/><V107/><F130/><W106/><G34/><T10/><D109/><U35/><E121/><V85/><F114/><W116/><G106/><T102/><D120/><U54/><E70/><V79/><F66/><W129/><G94/><T7/><D132/><U64/><E64/><V6/><F107/><W78/><G23/><N who="0" m="8779" /><D33/><U110/><E134/><V29/><F104/><W92/><G92/><T30/><D65/><U108/><E35/><V71/><F71/><W73/><G73/><T133/><D133/><U63/><E74/><V124/><F124/><W105/><G105/><T2/><D2/><U91/><E72/><V46/><F29/><W115/><G115/><T100/><D24/><U50/><E39/><V123/><F26/><W28/><G28/><T111/><D111/><N who="1" m="42539" /><E50/><V0/><F123/><W36/><G36/><T58/><D30/><U127/><E127/><V42/><F0/><W90/><G129/><T76/><D45/><U125/><E125/><V11/><F93/><W51/><G38/><T88/><D58/><U61/><E61/><V113/><F113/><W97/><G62/><T89/><D76/><U56/><E56/><V15/><F15/><W52/><G67/><T48/><D48/><U27/><E27/><V103/><F6/><W31/><G31/><T5/><D5/><U135/><E135/><V22/><F22/><W68/><G68/><T37/><D37/><U131/><E131/><V126/><F126/><W53/><G116/><T117/><D117/><U81/><E81/><V122/><F122/><W1/><G4/><T18/><D7/><RYUUKYOKU ba="0,0" sc="240,10,260,10,250,10,250,-30" hai0="10,14,18,84,88,89,95,100,101,102" hai1="40,43,54,59,63,83,87,91,96,99" hai2="9,11,16,19,41,42,46,47,77,79,85,86,103" /><INIT seed="1,1,0,3,1,124" ten="250,270,260,220" oya="1" hai0="21,52,129,81,123,42,110,70,48,7,6,131,128" hai1="109,78,17,132,95,54,114,69,99,130,11,35,92" hai2="83,38,24,50,59,68,51,55,60,75,36,28,26" hai3="121,9,19,45,64,127,41,4,134,16,74,73,15"/><U49/><E114/><V126/><F126/><W14/><G121/><T98/><D110/><U103/><E132/><V102/><F102/><W27/><G134/><T8/><D123/><U39/><E39/><V66/><F26/><W106/><G106/><T111/><D111/><U89/><E69/><V96/><F96/><W77/><G127/><T25/><D70/><U113/><E113/><V104/><F104/><W46/><G64/><T101/><D81/><U118/><E118/><V94/><F94/><W62/><G62/><T100/><D42/><U90/><E78/><V3/><F3/><W37/><G45/><N who="0" m="27663" /><D98/><U18/><E35/><V80/><F51/><W120/><G120/><T115/><D115/><U56/><E109/><V61/><F60/><W85/><G27/><T108/><D108/><U47/><E47/><V117/><F117/><W22/><REACH who="3" step="1"/><G4/><REACH who="3" ten="250,270,260,210" step="2"/><N who="0" m="1579" /><D8/><U10/><E10/><V79/><REACH who="2" step="1"/><F80/><AGARI ba="1,1" hai="9,14,15,16,19,22,37,41,46,73,74,77,80,85" machi="80" ten="40,2600,0" yaku="1,1,54,1,53,0" doraHai="124" doraHaiUra="86" who="3" fromWho="2" sc="250,0,270,0,260,-29,210,39" /><INIT seed="2,0,0,4,5,117" ten="250,270,231,249" oya="2" hai0="98,89,42,28,11,29,52,4,32,116,49,113,128" hai1="65,77,47,25,123,38,30,71,6,35,102,61,124" hai2="26,131,53,56,5,112,96,118,64,132,122,105,8" hai3="59,114,34,60,121,2,119,50,9,21,91,36,27"/><V66/><F118/><W85/><G36/><T19/><D113/><U81/><E124/><V45/><F112/><W120/><G119/><T43/><D116/><U31/><E31/><V95/><F105/><W7/><G34/><T24/><D128/><U80/><E6/><V41/><F131/><W107/><G107/><T103/><D89/><U0/><E0/><V73/><F73/><W48/><G48/><T58/><D19/><U23/><E102/><V22/><F122/><W133/><G50/><T100/><D29/><U97/><E97/><V68/><F68/><W67/><G114/><T62/><D62/><U129/><E129/><V37/><F132/><W63/><G133/><T75/><D75/><N who="1" m="43071" /><E23/><V10/><F53/><W92/><REACH who="3" step="1"/><G60/><REACH who="3" ten="250,270,231,239" step="2"/><T135/><D135/><U18/><E38/><V110/><F37/><W39/><G39/><T93/><REACH who="0" step="1"/><D103/><REACH who="0" ten="240,270,231,239" step="2"/><U74/><E61/><V44/><F110/><W86/><G86/><T40/><D40/><U76/><E74/><V12/><F41/><W1/><G1/><AGARI ba="0,2" hai="1,4,11,24,28,32,42,43,49,52,58,93,98,100" machi="1" ten="30,3900,0" yaku="1,1,7,1,54,1,53,0" doraHai="117" doraHaiUra="79" who="0" fromWho="3" sc="240,59,270,0,231,0,239,-39" /><INIT seed="3,0,0,0,4,75" ten="299,270,231,200" oya="3" hai0="45,12,91,72,98,33,54,116,114,105,49,56,74" hai1="10,27,31,14,7,129,93,100,76,80,135,86,40" hai2="130,38,69,0,59,73,90,32,71,43,4,88,2" hai3="6,101,63,67,42,112,48,127,1,85,37,35,13"/><W119/><G112/><T23/><D116/><U125/><E125/><V113/><F32/><W126/><G119/><T89/><D33/><U84/><E135/><V62/><F113/><W50/><G35/><T36/><D74/><U95/><E129/><V128/><F73/><W78/><G1/><N who="2" m="617" /><F43/><W97/><G37/><T57/><D72/><U55/><E40/><V87/><F4/><W9/><G126/><T64/><D105/><U107/><E107/><V11/><F11/><W28/><G28/><T102/><D36/><U65/><E65/><V44/><F44/><W34/><G34/><T79/><D79/><U106/><E84/><V51/><F51/><W30/><G30/><T96/><D64/><U52/><E106/><V133/><F38/><W53/><G127/><T68/><D68/><N who="2" m="26186" /><F87/><W41/><G97/><N who="0" m="37483" /><D102/><U108/><E100/><V22/><F22/><W109/><G101/><T123/><D123/><U111/><E31/><V134/><F59/><N who="0" m="22602" /><D114/><U18/><E7/><V16/><F16/><AGARI ba="0,0" hai="12,16,23,45,49,54,89,91" m="22602,37483" machi="16" ten="30,2000,0" yaku="8,1,54,1" doraHai="75" who="0" fromWho="2" sc="299,20,270,0,231,-20,200,0" owari="319,41.9,270,7.0,211,-18.9,200,-30.0" /></mjloggm>