<mjloggm ver="2.3"><GO type="225" lobby="0"/><UN n0="%E3%81%84%E3%81%A1%E3%81%B2%E3%81%8B%E3%82%8A" n1="%E6%B8%A9%E2%98%85%E6%83%85%E2%98%85%E6%8E%AA%E2%98%85%E7%BD%AE" n2="%E5%BA%97%E9%95%B7%4D" n3="%E3%83%81%E3%83%AF%E3%83%AF%E9%9A%8A%E9%95%B7" dan="17,18,16,16" rate="2202.27,2200.42,2071.43,2145.53" sx="M,M,M,M"/><TAIKYOKU oya="0"/><INIT seed="0,0,0,0,5,84" ten="250,250,250,250" oya="0" hai0="24,94,92,7,32,67,46,16,110,4,86,6,128" hai1="23,98,62,38,17,10,15,65,47,20,132,124,28" hai2="2,55,117,11,35,95,26,49,109,8,88,50,19" hai3="66,51,134,80,130,115,42,75,18,52,21,76,127"/><T74/><D74/><U131/><E131/><V25/><F109/><W102/><G115/><T87/><D128/><U118/><E118/><V59/><F117/><W14/><G130/><T126/><D110/><U61/><E132/><V79/><F79/><W99/><G134/><T40/><D126/><U9/><E124/><V37/><F37/><W123/><G127/><T113/><D113/><U44/><E38/><V56/><F35/><W77/><G123/><T73/><D73/><U120/><E120/><V57/><F2/><W135/><G135/><T129/><D67/><U100/><E23/><N who="2" m="13567" /><F26/><W27/><G76/><T41/><D32/><U70/><E62/><V58/><F50/><W54/><G66/><T121/><D121/><U1/><E28/><V48/><F48/><W103/><G103/><T53/><D129/><U93/><REACH who="1" step="1"/><E1/><REACH who="1" ten="250,240,250,250" step="2"/><V114/><F114/><W122/><G122/><T101/><D24/><U106/><E106/><V5/><F5/><W33/><G27/><T3/><D3/><U119/><E119/><V60/><F60/><W36/><G36/><T68/><D4/><U12/><E12/><V45/><N who="2" m="14336" /><DORA hai="13" /><V31/><F31/><W30/><G30/><T63/><D63/><U107/><E107/><V69/><F69/><W78/><G33/><T90/><D68/><U108/><E108/><V116/><F116/><W43/><G14/><T83/><D7/><U71/><E71/><V85/><AGARI ba="0,1" hai="8,11,45,49,55,85,88,95" m="14336,13567" machi="85" ten="40,8000,1" yaku="8,1,52,2,54,1" doraHai="84,13" who="2" fromWho="2" sc="250,-40,240,-20,250,90,250,-20" /><INIT seed="1,0,0,5,2,0" ten="210,220,340,230" oya="1" hai0="53,121,93,22,30,89,80,120,84,32,44,40,35" hai1="109,134,49,111,99,106,8,51,45,94,86,97,87" hai2="122,118,73,78,13,64,62,29,124,83,46,101,10" hai3="114,96,95,23,50,65,52,126,7,54,33,21,71"/><U47/><E106/><V31/><F118/><W79/><G114/><T102/><D53/><U39/><E39/><V108/><F122/><N who="0" m="47210" /><D22/><U9/><REACH who="1" step="1"/><E94/><REACH who="1" ten="210,210,340,230" step="2"/><V1/><F124/><W15/><G126/><T60/><D93/><U110/><E110/><V103/><F108/><W115/><G95/><T28/><D102/><U119/><E119/><V55/><F101/><W43/><G115/><T90/><D32/><U11/><E11/><V133/><F103/><W100/><G33/><T17/><D35/><U66/><E66/><V72/><F10/><W131/><G65/><T12/><D60/><U36/><E36/><V18/><F62/><W112/><G112/><T42/><D90/><U135/><AGARI ba="0,1" hai="8,9,45,47,49,51,86,87,97,99,109,111,134,135" machi="135" ten="25,9600,0" yaku="1,1,0,1,22,2,53,0" doraHai="0" doraHaiUra="2" who="1" fromWho="1" sc="210,-32,210,106,340,-32,230,-32" /><INIT seed="1,1,0,1,0,55" ten="178,316,308,198" oya="1" hai0="52,122,127,22,71,20,43,23,93,82,32,11,70" hai1="91,111,3,135,120,67,109,41,13,123,19,49,90" hai2="44,65,99,34,86,42,79,61,114,72,63,103,76" hai3="60,131,89,8,105,59,50,129,30,104,57,46,33"/><U68/><E3/><V132/><F34/><W116/><G116/><T4/><D32/><U51/><E135/><V124/><F72/><W69/><G69/><T36/><D127/><U98/><E67/><V106/><F114/><W28/><G8/><T58/><D122/><U62/><E62/><V128/><F124/><W38/><G38/><T21/><N who="0" m="5120" /><DORA hai="9" /><T78/><D93/><N who="1" m="56631" /><E68/><V96/><F132/><W95/><G60/><T80/><D43/><U56/><E91/><V16/><F128/><N who="3" m="49227" /><G105/><T31/><D31/><N who="3" m="11817" /><G104/><T94/><D94/><U92/><E92/><V87/><F96/><N who="3" m="57455" /><G33/><T40/><D40/><AGARI ba="1,0" hai="40,46,50,57,59" m="57455,11817,49227" machi="40" ten="30,3900,0" yaku="19,1,52,2" doraHai="55,9" who="3" fromWho="0" sc="178,-42,316,0,308,0,198,42" /><INIT seed="2,0,0,3,3,37" ten="136,316,308,240" oya="2" hai0="48,109,89,134,53,57,17,8,80,81,102,116,120" hai1="135,75,125,59,95,63,70,4,9,39,128,99,131" hai2="127,60,5,13,2,24,121,46,97,42,3,12,44" hai3="0,104,25,118,35,96,108,83,103,52,90,133,38"/><V16/><F121/><W65/><G118/><T40/><D120/><U123/><E123/><V93/><F127/><W78/><G0/><T112/><D112/><U45/><E75/><V114/><F114/><W73/><G38/><T23/><D116/><U87/><E70/><V6/><F60/><W110/><G133/><T122/><D122/><U32/><E87/><V29/><F2/><W84/><G65/><T76/><D102/><U68/><E32/><V115/><F3/><W54/><G35/><T22/><D134/><U15/><E68/><V91/><F115/><W7/><G25/><T20/><D109/><N who="3" m="42089" /><G7/><N who="2" m="2569" /><F29/><W55/><G55/><T18/><D8/><U130/><E125/><V113/><F113/><W27/><G27/><T1/><D1/><U69/><E69/><V88/><F91/><W26/><G26/><T98/><D40/><N who="1" m="22687" /><E135/><V94/><F94/><AGARI ba="0,0" hai="52,54,73,78,83,84,90,94,96,103,104" m="42089" machi="94" ten="30,3900,0" yaku="24,1,14,1,54,1" doraHai="37" who="3" fromWho="2" sc="136,0,316,0,308,-39,240,39" /><INIT seed="3,0,0,2,4,108" ten="136,316,269,279" oya="3" hai0="132,99,30,80,82,7,58,18,43,77,78,135,85" hai1="70,115,23,74,86,45,76,97,103,46,107,39,112" hai2="116,118,75,131,14,104,2,95,110,81,51,127,66" hai3="20,68,53,109,35,79,84,22,62,111,49,34,133"/><W1/><G1/><T42/><D7/><U64/><E86/><V61/><F2/><W21/><G133/><T130/><D30/><U126/><E23/><V37/><F104/><W102/><G102/><T19/><D99/><U27/><E27/><V120/><F37/><W125/><G125/><T13/><D58/><U28/><E28/><V47/><F127/><W44/><G68/><T121/><D121/><U65/><E46/><V52/><F110/><N who="3" m="41995" /><G62/><T31/><D31/><U69/><E64/><V40/><F120/><W38/><G38/><T73/><D130/><U17/><E17/><V25/><F131/><W63/><G63/><T100/><D100/><U41/><E126/><V98/><F25/><W26/><G26/><T0/><D0/><U36/><E36/><V123/><F123/><W10/><G10/><T16/><REACH who="0" step="1"/><D13/><REACH who="0" ten="126,316,269,279" step="2"/><U33/><E70/><V91/><F14/><W113/><G34/><T122/><D122/><U11/><E33/><V54/><F118/><W5/><G35/><T129/><D129/><U134/><E69/><V48/><F116/><W89/><G5/><T119/><D119/><U71/><E71/><V6/><F6/><W93/><G44/><T15/><D15/><U8/><E103/><V59/><F51/><W90/><G49/><T9/><D9/><U94/><E39/><V55/><F75/><W50/><G50/><T83/><D83/><AGARI ba="0,1" hai="40,47,48,52,54,55,59,61,66,81,83,91,95,98" machi="83" ten="40,2600,0" yaku="8,1,54,1" doraHai="108" who="2" fromWho="0" sc="126,-26,316,0,269,36,279,0" owari="100,-40.0,316,41.6,305,10.5,279,-12.1" /></mjloggm>