<mjloggm ver="2.3"><GO type="225" lobby="0"/><UN n0="%E6%9D%B1%E9%A2%A8%E3%81%AE%E3%81%8D%E3%82%83%E3%81%B7%E3%81%95%E3%82%93" n1="%E3%81%99%E3%81%84%E3%81%BE%E3%81%9B%E3%83%BC%E3%82%93" n2="%E3%83%A9%E3%83%96%E3%83%AC%E3%83%BC" n3="%E5%8D%A0%E3%81%84%E5%B8%AB%E8%A3%8F%E3%81%AA%E3%81%84%E3%81%97" dan="17,17,17,17" rate="2237.15,2235.90,2124.25,2189.96" sx="M,M,M,M"/><TAIKYOKU oya="0"/><INIT seed="0,0,0,0,4,53" ten="250,250,250,250" oya="0" hai0="25,80,60,98,44,109,8,82,51,85,23,70,54" hai1="77,105,28,69,18,68,96,102,90,110,33,115,5" hai2="58,122,16,101,94,6,126,55,35,63,31,111,134" hai3="121,22,38,88,81,15,100,113,95,125,52,112,83"/><T65/><D109/><U97/><E110/><V24/><F122/><W43/><G121/><T93/><D8/><U132/><E132/><V36/><F36/><W50/><G125/><T48/><D48/><U86/><E115/><V124/><F111/><W129/><G129/><T118/><D85/><U30/><E5/><V29/><F6/><W59/><G100/><T49/><D49/><U67/><E97/><N who="2" m="59575" /><F134/><W99/><G38/><T123/><D123/><U92/><E77/><V133/><F133/><W119/><G119/><T131/><D118/><U74/><E74/><V84/><F84/><N who="3" m="52615" /><G43/><T104/><D104/><U135/><E135/><V116/><F116/><W56/><G99/><T0/><D0/><U12/><E33/><V39/><F39/><W42/><G42/><T46/><D46/><U79/><E79/><V19/><F31/><W41/><G41/><T3/><D3/><U20/><E69/><V47/><F47/><N who="3" m="27743" /><G113/><T11/><D131/><U14/><E68/><V21/><F35/><W75/><G75/><T128/><D128/><U72/><E72/><V13/><F126/><W2/><G2/><T127/><D127/><U76/><E30/><V4/><F124/><W62/><G112/><T103/><REACH who="0" step="1"/><D11/><AGARI ba="0,0" hai="4,11,13,16,19,21,24,29,55,58,63" m="59575" machi="11" ten="30,3900,0" yaku="8,1,52,1,54,1" doraHai="53" who="2" fromWho="0" sc="250,-39,250,0,250,39,250,0" /><INIT seed="1,0,0,0,3,77" ten="211,250,289,250" oya="1" hai0="82,119,25,6,69,118,111,132,120,100,43,88,85" hai1="32,127,18,70,89,128,22,45,131,99,60,117,58" hai2="62,54,95,90,67,33,19,52,27,15,80,125,135" hai3="96,101,116,14,51,110,94,47,41,115,13,61,49"/><U23/><E117/><V102/><F125/><W1/><G116/><N who="0" m="44587" /><D69/><U133/><E32/><V35/><F135/><W124/><G115/><T87/><D43/><U26/><E70/><V16/><F102/><W78/><G1/><T17/><D6/><U104/><E127/><V4/><F35/><W42/><G124/><T121/><D17/><N who="2" m="6730" /><F80/><W97/><G110/><T53/><D25/><U3/><E3/><V73/><F73/><W105/><G61/><T65/><D53/><U108/><E133/><V39/><F39/><W30/><G30/><T46/><D65/><U76/><E108/><V79/><F79/><W130/><G130/><T68/><D68/><U12/><E76/><V5/><F27/><W66/><G66/><T75/><D46/><U48/><E104/><V37/><F37/><W83/><G49/><T36/><D36/><U31/><E48/><V63/><F33/><W122/><G122/><N who="0" m="47211" /><D132/><U9/><E45/><V50/><F54/><W40/><G40/><T57/><D57/><U20/><E131/><V56/><F15/><W55/><G42/><T134/><D134/><U103/><E128/><V93/><F5/><W74/><REACH who="3" step="1"/><G41/><REACH who="3" ten="211,250,289,240" step="2"/><T44/><D111/><U71/><E31/><V126/><F126/><W8/><G8/><T38/><D38/><U29/><E29/><V59/><F50/><W21/><G21/><T98/><D44/><U107/><E26/><V2/><F2/><W114/><G114/><T123/><N who="0" m="47219" /><T91/><DORA hai="81" /><D75/><U10/><E10/><V28/><F28/><W64/><G64/><T109/><D109/><U34/><E9/><RYUUKYOKU ba="0,1" sc="211,-10,250,-10,289,-10,240,30" hai3="13,14,47,51,55,74,78,83,94,96,97,101,105" /><INIT seed="2,1,1,0,5,3" ten="201,240,279,270" oya="2" hai0="78,72,4,19,123,24,126,75,69,27,115,10,70" hai1="39,34,8,48,119,106,26,51,66,80,50,110,120" hai2="7,31,46,13,41,38,104,117,47,74,91,130,131" hai3="28,73,67,18,116,20,2,132,93,95,22,52,87"/><V92/><F104/><W84/><G116/><T11/><D123/><U68/><E119/><V121/><F74/><W89/><G73/><T56/><D126/><U135/><E135/><V59/><F31/><W129/><G2/><T1/><D115/><U40/><E106/><V53/><F117/><W43/><G43/><T63/><D75/><U108/><E120/><V57/><F47/><W105/><G105/><T97/><D97/><U58/><E68/><V133/><F133/><W32/><G132/><T79/><D69/><U103/><E103/><V118/><F121/><W127/><G67/><T112/><D70/><U29/><E80/><V107/><F107/><W9/><G32/><T98/><D98/><U36/><E8/><N who="2" m="4255" /><F53/><W94/><G127/><T55/><D112/><U61/><REACH who="1" step="1"/><E40/><REACH who="1" ten="201,230,279,270" step="2"/><V30/><F41/><W82/><G9/><T113/><D113/><U65/><E65/><V35/><F118/><W54/><G82/><T134/><D134/><U17/><E17/><V33/><F30/><W15/><G28/><T12/><REACH who="0" step="1"/><D72/><REACH who="0" ten="191,230,279,270" step="2"/><U85/><E85/><N who="2" m="52335" /><F131/><W114/><G129/><T125/><D125/><U100/><E100/><V14/><F130/><W76/><G114/><T81/><D81/><U45/><E45/><V124/><F46/><W60/><G87/><T5/><D5/><U128/><E128/><V109/><F124/><W96/><G84/><T42/><D42/><U71/><E71/><V102/><F102/><W122/><G122/><T111/><D111/><AGARI ba="1,3" hai="26,29,34,36,39,48,50,51,58,61,66,108,110,111" machi="111" ten="40,2600,0" yaku="1,1,14,1,53,0" doraHai="3" doraHaiUra="6" who="1" fromWho="0" sc="191,-29,230,59,279,0,270,0" /><INIT seed="3,0,0,4,0,38" ten="162,289,279,270" oya="3" hai0="104,95,16,14,39,128,65,52,44,110,28,121,88" hai1="18,116,86,33,54,119,45,35,80,109,68,122,2" hai2="78,20,7,99,97,23,79,72,25,48,112,107,73" hai3="34,85,24,93,64,26,125,17,115,62,132,135,49"/><W10/><G115/><T63/><D104/><U83/><E122/><V29/><F107/><W42/><G125/><T75/><D121/><U56/><E68/><V105/><F105/><W98/><G34/><T6/><D75/><U22/><E2/><V82/><F7/><W90/><G10/><T8/><D128/><U36/><E109/><V103/><F103/><W47/><G85/><T101/><D110/><U118/><E45/><V71/><F71/><W67/><G67/><T3/><D101/><U55/><E36/><V61/><F61/><W108/><G108/><T4/><D28/><U43/><E43/><V37/><F37/><W76/><G76/><T46/><D39/><U15/><E55/><V50/><F29/><W94/><G94/><T126/><D126/><U106/><E83/><V123/><F82/><W124/><G124/><T114/><D114/><U77/><E106/><V59/><F123/><W30/><G17/><T58/><D3/><U12/><E12/><V127/><F127/><W69/><G30/><T117/><D117/><U66/><E66/><V57/><F25/><W113/><G113/><AGARI ba="0,0" hai="20,23,48,50,57,59,72,73,78,79,97,99,112,113" machi="113" ten="25,1600,0" yaku="22,2" doraHai="38" who="2" fromWho="3" sc="162,0,289,0,279,16,270,-16" /><INIT seed="4,0,0,0,3,13" ten="162,289,295,254" oya="0" hai0="100,32,92,50,36,46,104,111,57,72,21,119,94" hai1="64,42,49,83,67,130,54,45,132,77,66,112,78" hai2="122,12,126,102,16,35,109,48,113,133,20,82,30" hai3="33,5,7,59,105,58,29,27,101,79,61,76,43"/><T85/><D32/><U26/><E130/><V81/><F109/><W18/><G105/><T103/><D111/><U53/><E132/><V125/><F122/><W2/><G101/><N who="0" m="38987" /><D72/><U63/><E112/><V127/><F113/><W11/><G5/><T88/><D119/><U28/><E63/><V117/><F133/><W74/><G43/><N who="0" m="24927" /><D36/><U70/><E70/><V55/><F102/><W24/><G74/><T41/><D104/><U121/><E121/><V108/><F108/><W135/><G135/><T39/><D39/><U10/><E10/><V98/><F98/><W23/><REACH who="3" step="1"/><G59/><REACH who="3" ten="162,289,295,244" step="2"/><T120/><D120/><U97/><E42/><V17/><F117/><W8/><G8/><T14/><D41/><U118/><E118/><V68/><F68/><W37/><G37/><T40/><D40/><U134/><E134/><V91/><F126/><W84/><G84/><T106/><D106/><U96/><E96/><V15/><F127/><W38/><G38/><T25/><D57/><U90/><E97/><V34/><F125/><W123/><G123/><T69/><D69/><U73/><E73/><V93/><F48/><W128/><G128/><T22/><D14/><U115/><E115/><V129/><F12/><W116/><G116/><T107/><D107/><U47/><E49/><V114/><F15/><W51/><G51/><T86/><D25/><U9/><E47/><V52/><F129/><W1/><G1/><T6/><D6/><U19/><E45/><V89/><F114/><W110/><G110/><T80/><D86/><U3/><E3/><V60/><F60/><W31/><G31/><RYUUKYOKU ba="0,1" sc="162,15,289,-15,295,-15,244,15" hai0="21,22,80,85,88,92,94" hai3="2,7,11,18,23,24,27,29,33,58,61,76,79" /><INIT seed="4,1,1,3,3,69" ten="177,274,280,259" oya="0" hai0="56,57,122,25,109,49,132,76,61,13,74,60,50" hai1="89,93,87,66,94,26,58,59,91,78,120,126,53" hai2="11,85,39,88,35,37,127,52,119,106,102,135,8" hai3="90,64,1,15,23,103,3,62,133,110,51,108,111"/><T75/><D25/><U30/><E120/><V36/><F35/><W67/><G133/><T0/><D0/><U41/><E41/><V40/><F135/><W33/><G33/><T2/><D2/><U47/><E126/><V63/><F127/><W9/><G103/><T18/><D132/><U130/><E130/><V45/><F119/><W7/><G64/><T16/><D76/><U68/><E68/><V32/><F32/><W44/><G90/><T27/><D27/><U21/><E66/><V131/><F102/><W34/><G34/><T73/><D122/><U43/><E53/><V129/><F106/><W17/><G1/><T92/><D92/><U20/><E20/><V19/><F63/><N who="0" m="24138" /><D13/><U70/><E78/><V101/><F101/><W48/><REACH who="3" step="1"/><G44/><REACH who="3" ten="177,274,280,249" step="2"/><T83/><D83/><U95/><E70/><AGARI ba="1,2" hai="3,7,9,15,17,23,48,51,62,67,70,108,110,111" machi="70" ten="40,2600,0" yaku="1,1,2,1,53,0" doraHai="69" doraHaiUra="79" who="3" fromWho="1" sc="177,0,274,-29,280,0,249,49" /><INIT seed="5,0,0,2,2,102" ten="177,245,280,298" oya="1" hai0="66,58,135,34,103,37,27,80,76,31,60,48,130" hai1="84,51,106,30,86,108,75,13,46,92,99,8,54" hai2="90,15,25,114,9,120,109,101,14,94,69,36,2" hai3="72,73,79,126,121,115,116,82,16,87,63,128,41"/><U124/><E75/><V6/><F109/><W17/><G121/><T49/><D135/><U33/><E124/><V97/><F120/><W7/><G115/><T67/><D37/><U77/><E106/><V4/><F114/><W132/><G126/><T91/><D130/><U98/><E108/><V110/><F110/><W119/><G128/><T70/><D91/><N who="1" m="53351" /><E30/><V78/><F69/><W133/><G7/><T89/><D89/><U23/><E23/><V125/><F125/><W61/><G41/><T134/><D134/><N who="3" m="51817" /><G17/><T26/><D26/><U56/><E33/><V131/><F131/><W55/><G16/><T43/><D103/><U111/><E46/><V64/><F36/><W71/><G61/><T45/><D70/><U32/><E32/><V68/><F25/><W105/><G105/><T24/><D24/><U20/><E20/><V1/><F101/><W42/><G42/><T40/><D40/><U118/><E111/><V19/><F19/><W88/><G72/><T100/><D100/><U10/><E10/><N who="2" m="4423" /><F78/><W104/><G104/><T38/><REACH who="0" step="1"/><D67/><REACH who="0" ten="167,245,280,298" step="2"/><U18/><E77/><V59/><F68/><W65/><G65/><T35/><D35/><U127/><E127/><V85/><F64/><W122/><G71/><T96/><D96/><U123/><E99/><V3/><F97/><W28/><G122/><T117/><D117/><U74/><E118/><V107/><F107/><W93/><G28/><T83/><D83/><U52/><E123/><V5/><F5/><W22/><G119/><T81/><D81/><U95/><E98/><V21/><F21/><W12/><G116/><RYUUKYOKU ba="0,1" sc="167,15,245,-15,280,15,298,-15" hai0="27,31,34,38,43,45,48,49,58,60,66,76,80" hai2="1,2,3,6,9,15,59,85,90,94" /><INIT seed="6,1,1,1,1,10" ten="182,230,295,283" oya="2" hai0="110,25,46,87,71,40,81,41,135,27,93,121,59" hai1="130,119,56,39,63,76,134,73,91,30,20,78,14" hai2="85,54,36,114,49,6,3,125,124,69,122,48,111" hai3="45,33,70,77,24,100,31,80,57,86,133,84,22"/><V123/><F69/><W11/><G70/><T16/><D71/><U29/><E119/><V115/><F36/><W0/><G133/><T17/><D135/><U21/><E39/><V42/><F111/><W120/><G120/><N who="2" m="46121" /><F3/><W72/><G100/><T117/><D121/><U106/><E106/><V92/><F6/><W108/><G108/><T132/><D132/><U53/><E130/><V126/><F92/><W127/><G127/><T34/><D117/><U26/><E73/><V47/><F85/><W5/><G57/><AGARI ba="1,1" hai="42,47,48,49,54,57,114,115,124,125,126" m="46121" machi="57" ten="40,7700,0" yaku="18,1,34,2" doraHai="10" who="2" fromWho="3" sc="182,0,230,0,295,90,283,-80" owari="182,-31.8,230,3.0,385,48.5,203,-19.7" /></mjloggm>