<mjloggm ver="2.3"><GO type="225" lobby="0"/><UN n0="%E3%81%A4%E3%81%A3%E3%81%B1%E3%82%8A%E3%83%9D%E3%83%BC%E3%83%AB" n1="%E3%80%90%E3%83%88%E3%83%AA%E3%83%A5%E3%83%95%E3%80%91" n2="%E4%BA%AE%E6%B5%81%E6%89%93%E8%80%85" n3="%E7%89%B9%E6%9D%B1%E3%81%AF%E4%B8%96%E7%95%8C%E3%82%92%E6%95%91%E3%81%86" dan="17,16,16,16" rate="2219.24,2026.88,2123.81,2119.27" sx="M,M,F,M"/><TAIKYOKU oya="0"/><INIT seed="0,0,0,1,1,4" ten="250,250,250,250" oya="0" hai0="23,60,81,51,78,106,97,111,19,14,122,98,104" hai1="112,127,38,67,34,5,88,96,118,62,80,114,54" hai2="43,24,32,21,76,83,129,6,37,28,42,48,107" hai3="108,113,2,46,124,11,90,18,100,27,132,30,52"/><T57/><D122/><U77/><E118/><V26/><F107/><W9/><G113/><N who="1" m="43626" /><E34/><V63/><F129/><W123/><G123/><T10/><D111/><U39/><E54/><V0/><F37/><W13/><G108/><T131/><D131/><U61/><E5/><V130/><F130/><W101/><G132/><T49/><D106/><U55/><E127/><V40/><F63/><N who="1" m="24073" /><E55/><V41/><F6/><W69/><G124/><T47/><D104/><U105/><E67/><V109/><F0/><W125/><G125/><T35/><D35/><U8/><E105/><V75/><F109/><W91/><G2/><T3/><D3/><U31/><E31/><V126/><F126/><W84/><G52/><N who="0" m="31903" /><D60/><U36/><E96/><V79/><F43/><W135/><G30/><T99/><D23/><U16/><E77/><V33/><F79/><W53/><G53/><N who="0" m="29887" /><D99/><U133/><E133/><V72/><F48/><W121/><G135/><T65/><D65/><U20/><E20/><V95/><F42/><W66/><G66/><T134/><D134/><U74/><E74/><V82/><F28/><W128/><G128/><T87/><AGARI ba="0,0" hai="10,14,19,78,81,87,97,98" m="29887,31903" machi="87" ten="30,6000,0" yaku="8,1,52,1,54,1" doraHai="4" who="0" fromWho="0" sc="250,60,250,-20,250,-20,250,-20" /><INIT seed="0,1,0,3,4,55" ten="310,230,230,230" oya="0" hai0="94,14,52,75,82,58,48,40,66,32,91,87,23" hai1="134,34,27,16,85,107,121,50,2,130,79,122,33" hai2="22,46,88,92,43,108,124,9,97,15,19,20,8" hai3="65,57,83,129,100,62,3,119,90,114,25,73,77"/><T70/><D32/><U99/><E2/><V18/><F108/><W74/><G114/><T116/><D116/><U24/><E50/><V53/><F53/><W86/><G119/><T49/><D70/><U56/><E85/><V118/><F118/><W39/><G129/><T44/><D66/><U135/><E79/><V17/><F124/><W30/><G39/><T126/><D126/><U96/><E107/><V117/><F117/><W68/><G3/><T131/><D131/><U5/><E5/><V109/><F109/><W36/><G36/><T6/><D75/><U132/><E130/><V89/><F89/><W31/><G100/><T106/><D106/><U61/><E16/><N who="2" m="10271" /><F22/><W128/><G128/><T38/><D38/><U102/><E102/><V95/><F95/><W0/><G0/><T60/><D23/><U59/><REACH who="1" step="1"/><E135/><REACH who="1" ten="310,220,230,230" step="2"/><V113/><F113/><W76/><G30/><T35/><D49/><AGARI ba="1,1" hai="8,9,17,18,19,43,46,49,88,92,97" m="10271" machi="49" ten="30,3900,0" yaku="8,1,54,2" doraHai="55" who="2" fromWho="0" sc="310,-42,220,0,230,52,230,0" /><INIT seed="1,0,0,2,4,68" ten="268,220,282,230" oya="1" hai0="127,73,67,131,103,120,24,89,115,74,1,53,11" hai1="70,113,84,118,32,0,116,98,78,29,43,85,25" hai2="26,104,39,134,52,95,9,69,3,48,42,76,4" hai3="20,61,119,8,33,65,81,2,40,92,80,87,62"/><U60/><E0/><V97/><F104/><W37/><G33/><T54/><D115/><U13/><E113/><V130/><F69/><W45/><G119/><T5/><D131/><U100/><E13/><V88/><F134/><W16/><G92/><T66/><D127/><U31/><E43/><V35/><F130/><W128/><G128/><T38/><D38/><U83/><E85/><V122/><F76/><W77/><G65/><T46/><D103/><U17/><E17/><V19/><F122/><W101/><G101/><T41/><D89/><U63/><E31/><V99/><F39/><W111/><G111/><T135/><D135/><U129/><E129/><V86/><F42/><W126/><G126/><T7/><D7/><U58/><E63/><V91/><F91/><W90/><G8/><T30/><D120/><U133/><E133/><V96/><F19/><W64/><G2/><T34/><D67/><U28/><E28/><V109/><F109/><W47/><G47/><T102/><D102/><U112/><E112/><V56/><F26/><W51/><G64/><T105/><D105/><U21/><E32/><V12/><F35/><W79/><G79/><T22/><D66/><N who="1" m="39191" /><E70/><V123/><F123/><W125/><G125/><T18/><D74/><U82/><E82/><V10/><F3/><W57/><G57/><T117/><D73/><U36/><E36/><V94/><F94/><AGARI ba="0,0" hai="21,25,29,78,83,84,94,98,100,116,118" m="39191" machi="94" ten="30,1500,0" yaku="25,1" doraHai="68" who="1" fromWho="2" sc="268,0,220,15,282,-15,230,0" /><INIT seed="1,1,0,0,0,50" ten="268,235,267,230" oya="1" hai0="66,81,8,70,134,28,92,15,110,122,56,100,133" hai1="36,113,37,59,115,99,94,93,123,52,87,104,72" hai2="12,2,109,21,98,101,125,23,79,34,16,130,11" hai3="103,60,53,128,35,91,95,111,19,68,6,108,90"/><U85/><E72/><V29/><F79/><W41/><G35/><T73/><D70/><U64/><E123/><V80/><F80/><W127/><G128/><T107/><D107/><U31/><E104/><V22/><F130/><W17/><G127/><T77/><D28/><U71/><E31/><V78/><F78/><W118/><G118/><T45/><D45/><U7/><E7/><N who="2" m="1527" /><F109/><N who="3" m="42059" /><G41/><T65/><D122/><U132/><E132/><N who="0" m="50793" /><D56/><U54/><E59/><V67/><F67/><N who="3" m="41063" /><G6/><N who="0" m="3479" /><D110/><U74/><E74/><V131/><F131/><W32/><G32/><T27/><D27/><U129/><E71/><V5/><F5/><W82/><G53/><T88/><D100/><U83/><E129/><V3/><F125/><W42/><G42/><T135/><N who="0" m="50801" /><T106/><DORA hai="96" /><D106/><U43/><E43/><V30/><F34/><W63/><G63/><T49/><D49/><U24/><E24/><V4/><F4/><W46/><G46/><T97/><AGARI ba="1,0" hai="65,66,73,77,81,88,92,97" m="3479,50801" machi="97" ten="40,2700,0" yaku="20,1,54,1" doraHai="50,96" who="0" fromWho="0" sc="268,30,235,-14,267,-8,230,-8" /><INIT seed="2,0,0,5,3,97" ten="298,221,259,222" oya="2" hai0="83,120,61,11,67,17,51,95,68,108,39,129,0" hai1="42,58,55,31,54,110,122,15,57,45,94,101,111" hai2="127,18,93,44,102,52,25,41,19,89,2,103,105" hai3="13,82,4,29,79,60,32,96,65,131,74,119,84"/><V107/><F2/><W28/><G119/><T112/><D112/><U37/><E122/><V118/><F118/><W69/><G131/><T56/><D39/><U130/><E31/><V14/><F127/><W5/><G74/><T104/><D120/><U91/><E130/><V7/><F105/><W46/><G32/><T38/><D38/><U24/><E24/><V53/><F107/><W27/><G46/><T116/><D104/><U16/><E57/><V43/><F7/><W35/><G28/><T88/><D129/><U109/><E58/><V30/><F30/><W128/><G128/><T115/><D115/><U113/><E113/><V63/><F25/><W126/><G126/><T134/><D116/><U133/><E133/><V21/><F19/><W3/><G3/><T132/><D83/><U10/><REACH who="1" step="1"/><E101/><REACH who="1" ten="298,211,259,222" step="2"/><N who="2" m="38411" /><F63/><W90/><REACH who="3" step="1"/><G13/><REACH who="3" ten="298,211,259,212" step="2"/><N who="0" m="7359" /><D0/><U72/><E72/><V92/><F14/><W6/><G6/><T76/><D134/><U98/><AGARI ba="0,2" hai="10,15,16,37,42,45,54,55,91,94,98,109,110,111" machi="98" ten="30,12000,2" yaku="1,1,0,1,14,1,54,1,53,2" doraHai="97" doraHaiUra="48" who="1" fromWho="1" sc="298,-30,211,140,259,-60,212,-30" /><INIT seed="3,0,0,3,2,98" ten="268,351,199,182" oya="3" hai0="112,79,49,91,110,95,45,31,84,11,19,58,120" hai1="80,135,12,15,97,66,119,88,82,47,68,25,38" hai2="14,115,35,50,107,1,90,33,24,10,6,99,13" hai3="37,76,78,20,77,94,124,63,65,27,30,92,29"/><W123/><G124/><T74/><D110/><U2/><E2/><V117/><F115/><W81/><G123/><T87/><D120/><U54/><E135/><V113/><F113/><W9/><G37/><T53/><D112/><U17/><E66/><V41/><F117/><W64/><G81/><N who="0" m="47167" /><D74/><U3/><E68/><V32/><F41/><W114/><G114/><T55/><D31/><U5/><E119/><V16/><F50/><W125/><G125/><T75/><D75/><U118/><E118/><V70/><F90/><W7/><G30/><T43/><D58/><U0/><E25/><V122/><F70/><W39/><G39/><T89/><D89/><U22/><E3/><V133/><F133/><W51/><G51/><T127/><D127/><U93/><E0/><V18/><F122/><W26/><G26/><T44/><D44/><U104/><E104/><V128/><F128/><W57/><REACH who="3" step="1"/><G64/><REACH who="3" ten="268,351,199,172" step="2"/><T46/><D46/><U129/><E38/><V61/><F24/><W21/><G21/><T116/><D116/><U111/><E129/><V59/><F32/><W34/><G34/><T109/><D109/><U101/><E111/><V67/><F33/><W23/><G23/><T60/><D45/><U100/><E47/><V8/><F35/><W131/><G131/><T103/><D49/><U132/><E132/><V126/><F126/><W108/><G108/><T86/><D55/><U69/><E54/><V52/><F67/><W40/><G40/><T62/><D53/><U56/><E80/><V4/><F1/><AGARI ba="0,1" hai="1,7,9,20,27,29,57,63,65,76,77,78,92,94" machi="1" ten="40,2000,0" yaku="1,1,53,0" doraHai="98" doraHaiUra="85" who="3" fromWho="2" sc="268,0,351,0,199,-20,172,30" /><INIT seed="3,1,0,0,5,15" ten="268,351,179,202" oya="3" hai0="98,106,52,9,36,61,109,120,119,16,17,126,60" hai1="10,113,123,45,41,29,33,54,43,62,104,42,12" hai2="2,90,40,21,65,51,76,88,115,47,122,117,5" hai3="25,68,18,97,66,111,20,131,6,35,135,91,128"/><W7/><G135/><T108/><D119/><U95/><E104/><V80/><F117/><W94/><G35/><T19/><D120/><U110/><E110/><N who="0" m="42601" /><D126/><U85/><E113/><V89/><F115/><W116/><G111/><T56/><D36/><U24/><E123/><V81/><F122/><W133/><G133/><T22/><D9/><U103/><E62/><V38/><F65/><W30/><G116/><T121/><D121/><U31/><E31/><V67/><F67/><W86/><G30/><T134/><D134/><U28/><E28/><V101/><F101/><W3/><G3/><T69/><D69/><U58/><E103/><V26/><F38/><W34/><G34/><T37/><D37/><U79/><E79/><V99/><F99/><W124/><G124/><T127/><D127/><U49/><E85/><V96/><F96/><W27/><G27/><N who="0" m="14815" /><D61/><U63/><E95/><V125/><F125/><W87/><G7/><AGARI ba="1,0" hai="7,10,12,24,29,33,41,42,43,45,49,54,58,63" machi="7" ten="30,1000,0" yaku="7,1" doraHai="15" who="1" fromWho="3" sc="268,0,351,13,179,0,202,-13" owari="268,6.8,364,46.4,179,-32.1,189,-21.1" /></mjloggm>