<mjloggm ver="2.3"><GO type="225" lobby="0"/><UN n0="%E8%A8%88%E7%AE%97%E6%A9%9F%E8%87%AA%E7%84%B6" n1="%74%61%6B%65%2D%79%6F%75" n2="%E3%81%99%E3%81%84%E3%81%BE%E3%81%9B%E3%83%BC%E3%82%93" n3="%45%6C%79%73%69%75%6D" dan="17,17,16,18" rate="2198.33,2145.42,2119.71,2181.15" sx="M,M,M,F"/><TAIKYOKU oya="0"/><INIT seed="0,0,0,3,2,132" ten="250,250,250,250" oya="0" hai0="49,104,135,107,109,89,32,67,9,41,73,50,34" hai1="87,15,51,24,121,22,111,110,81,118,44,47,58" hai2="14,119,124,11,62,55,23,46,103,123,101,12,48" hai3="127,116,28,95,134,40,45,0,16,31,63,57,105"/><T94/><D73/><U92/><E118/><V100/><F123/><W54/><G105/><T78/><D78/><U71/><E71/><V85/><F119/><W114/><G116/><T18/><D135/><U113/><E121/><V97/><F124/><W26/><G0/><T115/><D115/><U6/><E113/><V131/><F131/><W108/><G114/><T98/><D67/><U99/><E6/><V88/><F97/><W93/><G108/><N who="1" m="41514" /><E15/><V10/><F62/><W53/><G53/><T74/><D74/><U126/><E58/><V102/><N who="2" m="25600" /><DORA hai="2" /><V35/><F35/><W5/><G5/><T77/><D32/><U39/><E39/><V117/><F117/><W79/><G79/><T4/><D77/><N who="1" m="46511" /><E51/><V112/><F112/><W66/><G127/><T65/><D49/><U122/><E122/><V27/><F14/><W64/><G134/><T1/><D34/><U129/><E129/><V125/><F12/><W3/><G3/><T21/><D109/><U30/><E126/><V60/><F60/><W13/><G66/><T75/><D65/><U37/><E37/><V7/><F7/><W19/><G64/><T133/><D133/><U128/><E128/><V20/><F125/><W82/><G63/><T90/><D104/><U17/><E30/><V56/><F56/><W80/><G28/><T42/><D107/><U38/><E38/><V36/><F36/><W43/><G31/><T29/><D29/><U83/><E83/><N who="2" m="49215" /><F27/><W96/><G26/><N who="0" m="14647" /><D50/><U76/><E76/><V91/><F91/><AGARI ba="0,0" hai="17,22,24,44,47,91,92,99" m="46511,41514" machi="91" ten="30,1000,0" yaku="14,1" doraHai="132,2" who="1" fromWho="2" sc="250,0,250,10,250,-10,250,0" /><INIT seed="1,0,0,5,5,95" ten="250,260,240,250" oya="1" hai0="56,110,10,107,42,34,129,88,126,6,85,118,91" hai1="49,61,23,115,33,116,117,30,128,28,24,5,63" hai2="113,45,57,70,79,43,52,99,15,35,75,60,90" hai3="25,44,21,93,89,1,22,130,55,112,65,51,114"/><U47/><E115/><V0/><F113/><W102/><G130/><T134/><D118/><U87/><E128/><V62/><F0/><W41/><G1/><T101/><D129/><U17/><E5/><V125/><F35/><W59/><G65/><T19/><D34/><U127/><E127/><V94/><F125/><W84/><G102/><T73/><D73/><U83/><E116/><V39/><F15/><W36/><REACH who="3" step="1"/><G21/><REACH who="3" ten="250,260,240,240" step="2"/><T80/><D101/><U122/><E23/><V32/><F32/><W48/><G48/><T72/><D126/><U97/><E49/><V131/><F131/><W104/><G104/><T121/><D107/><U123/><E33/><V2/><F2/><W31/><AGARI ba="0,1" hai="22,25,31,36,41,44,51,55,59,84,89,93,112,114" machi="31" ten="20,2700,0" yaku="1,1,0,1,7,1,53,0" doraHai="95" doraHaiUra="29" who="3" fromWho="3" sc="250,-7,260,-13,240,-7,240,37" /><INIT seed="2,0,0,2,2,91" ten="243,247,233,277" oya="2" hai0="52,73,40,131,19,120,53,24,50,39,21,37,129" hai1="5,64,105,130,7,95,70,38,88,16,27,66,28" hai2="76,36,116,29,51,11,58,127,69,98,111,20,81" hai3="61,1,43,45,13,79,65,104,125,119,4,106,97"/><V85/><F116/><W132/><G119/><T112/><D120/><U96/><E130/><N who="0" m="49673" /><D112/><U54/><E38/><N who="0" m="14345" /><D73/><U86/><E70/><V134/><F36/><W15/><G15/><T49/><D49/><U0/><E54/><V89/><F69/><W17/><G132/><T47/><AGARI ba="0,0" hai="19,21,24,40,47,50,52,53" m="14345,49673" machi="47" ten="40,2700,0" yaku="19,1,54,1" doraHai="91" who="0" fromWho="0" sc="243,27,247,-7,233,-13,277,-7" /><INIT seed="3,0,0,3,4,126" ten="270,240,220,270" oya="3" hai0="31,122,125,26,124,61,79,40,84,58,63,20,44" hai1="105,22,51,81,2,109,93,69,127,133,43,95,28" hai2="18,24,92,106,13,89,96,76,56,34,82,120,19" hai3="23,0,10,65,132,8,86,4,80,121,59,45,53"/><W52/><G121/><T50/><D122/><U88/><E127/><N who="0" m="48713" /><D58/><U55/><E109/><V12/><F120/><W39/><G132/><T66/><D66/><U14/><E133/><V111/><F111/><W15/><G23/><T131/><D131/><U47/><E2/><V60/><F106/><W64/><G45/><T29/><D29/><U94/><E105/><V5/><F34/><W112/><G39/><T118/><D118/><U6/><E69/><V3/><F3/><W110/><G110/><T36/><D36/><U38/><E38/><V114/><F114/><W116/><G112/><T104/><D104/><U74/><E28/><V71/><F71/><W115/><G116/><T16/><D31/><U54/><E74/><V46/><F46/><W90/><G115/><T91/><D79/><U33/><E33/><V37/><F37/><W77/><G77/><T83/><AGARI ba="0,0" hai="16,20,26,40,44,50,61,63,83,84,91" m="48713" machi="83" ten="30,2000,0" yaku="18,1,54,1" doraHai="126" who="0" fromWho="0" sc="270,20,240,-5,220,-5,270,-10" /><INIT seed="4,0,0,3,0,92" ten="290,235,215,260" oya="0" hai0="95,33,40,46,43,131,122,25,62,70,45,98,121" hai1="90,110,71,19,39,48,104,88,51,82,105,49,63" hai2="42,125,36,64,93,83,111,94,11,58,59,0,41" hai3="29,127,124,109,67,34,16,112,132,24,126,23,1"/><T66/><D131/><U96/><E110/><V60/><F111/><W22/><G109/><T117/><D117/><U115/><E39/><V20/><F125/><W17/><G67/><T10/><D10/><U73/><E115/><V12/><F0/><W14/><G112/><T99/><D99/><U134/><E134/><V106/><F106/><W91/><G91/><T53/><D53/><U30/><E30/><V44/><F41/><W79/><G79/><T72/><D72/><U18/><E71/><V135/><F135/><W6/><G132/><T32/><D33/><U68/><E68/><V78/><F20/><N who="3" m="7723" /><G14/><T9/><D9/><AGARI ba="0,0" hai="1,6,9,16,17,24,29,34,124,126,127" m="7723" machi="9" ten="40,8000,1" yaku="18,1,34,2,54,1" doraHai="92" who="3" fromWho="0" sc="290,-80,235,0,215,0,260,80" owari="210,-29.0,235,3.5,215,-18.5,340,44.0" /></mjloggm>