<mjloggm ver="2.3"><GO type="225" lobby="0"/><UN n0="%E3%81%A9%E3%82%8F%E3%82%93%E3%81%94" n1="%E3%81%AF%E3%82%88%E3%81%8A%E3%81%98%E3%81%95%E3%82%93" n2="%6D%75%75%6D%75%72%61" n3="%E7%99%BD%E6%97%A5%E9%9B%AA%E8%8F%9C" dan="16,17,16,16" rate="2056.95,2228.54,2077.31,2172.56" sx="M,M,F,M"/><TAIKYOKU oya="0"/><INIT seed="0,0,0,3,3,104" ten="250,250,250,250" oya="0" hai0="69,110,128,60,91,48,58,88,61,44,130,125,109" hai1="111,135,10,92,82,105,6,75,126,27,50,0,119" hai2="101,21,85,133,115,123,83,41,22,66,107,87,37" hai3="97,121,43,106,26,84,34,35,79,11,40,7,117"/><T86/><D69/><U15/><E105/><V113/><F123/><W51/><G117/><T120/><D120/><U62/><E119/><V65/><F133/><W70/><G70/><T47/><D125/><U118/><E118/><V78/><F37/><W108/><G121/><T74/><D86/><U96/><E135/><V94/><F41/><W42/><G108/><N who="0" m="41579" /><D74/><U73/><E126/><V23/><F107/><W134/><G134/><T116/><D116/><U98/><E111/><V67/><REACH who="2" step="1"/><F101/><REACH who="2" ten="250,250,240,250" step="2"/><W46/><G106/><T16/><D130/><U90/><E0/><V63/><F63/><N who="0" m="24138" /><D128/><U54/><E62/><V131/><F131/><W102/><G102/><T53/><D16/><U52/><E50/><V31/><F31/><W12/><G51/><N who="0" m="31039" /><D47/><U80/><E6/><V76/><F76/><W57/><G46/><T32/><D32/><U25/><E90/><AGARI ba="0,1" hai="21,22,23,65,66,67,78,83,85,87,90,94,113,115" machi="90" ten="40,1300,0" yaku="1,1,53,0" doraHai="104" doraHaiUra="122" who="2" fromWho="1" sc="250,0,250,-13,240,23,250,0" /><INIT seed="1,0,0,5,0,132" ten="250,237,263,250" oya="1" hai0="11,98,55,72,80,3,133,82,6,94,75,107,115" hai1="67,74,30,65,48,4,46,131,36,124,70,71,105" hai2="20,117,78,110,85,90,119,89,93,111,77,68,35" hai3="88,76,92,95,57,2,45,12,83,49,21,121,129"/><U87/><E74/><V120/><F35/><W7/><G121/><T104/><D115/><U22/><E36/><V99/><F68/><W125/><G129/><T123/><D55/><U0/><E105/><N who="0" m="40521" /><D11/><U108/><E131/><V31/><F31/><W25/><G2/><T135/><D6/><U37/><E37/><V73/><F20/><W50/><G57/><T13/><D13/><U69/><E108/><N who="2" m="41515" /><F73/><N who="0" m="28234" /><D123/><U113/><E113/><V23/><F23/><W91/><G21/><T54/><D54/><U17/><E30/><V102/><F90/><W127/><G25/><T103/><D3/><U81/><E4/><V56/><F56/><W84/><G7/><T58/><D58/><U51/><E0/><V97/><F97/><W14/><G45/><T16/><D16/><U43/><E51/><V59/><F59/><W106/><G106/><T63/><D63/><U9/><E9/><V42/><F42/><W114/><G114/><T112/><D112/><U126/><E67/><V109/><N who="2" m="41523" /><V10/><DORA hai="32" /><F10/><W118/><G118/><N who="2" m="45065" /><F120/><W86/><G76/><T26/><D26/><U33/><E65/><V15/><F15/><W101/><G101/><T47/><D47/><U60/><E60/><V62/><F62/><W19/><G19/><T122/><D122/><U79/><REACH who="1" step="1"/><E33/><REACH who="1" ten="250,227,263,250" step="2"/><V27/><F27/><AGARI ba="0,1" hai="17,22,27,43,46,48,69,70,71,79,81,87,124,126" machi="27" ten="40,12000,1" yaku="1,1,2,1,52,2,53,0" doraHai="132,32" doraHaiUra="29,8" who="1" fromWho="2" sc="250,0,227,130,263,-120,250,0" /><INIT seed="1,1,0,2,3,2" ten="250,357,143,250" oya="1" hai0="116,93,86,6,91,55,50,85,54,62,96,56,131" hai1="104,26,78,38,81,89,126,133,110,73,53,0,97" hai2="13,112,109,22,83,11,70,134,64,7,57,59,95" hai3="28,39,66,87,79,44,74,32,43,24,132,124,5"/><U71/><E53/><V49/><F109/><W4/><G74/><T67/><D131/><U41/><E89/><V88/><F134/><W12/><G132/><T99/><D116/><U69/><E133/><V114/><F83/><W40/><G124/><T100/><D6/><U9/><E26/><V75/><F75/><W127/><G127/><T77/><D77/><U31/><E31/><V63/><F22/><W15/><G66/><T21/><D21/><U27/><E27/><V34/><F34/><W80/><REACH who="3" step="1"/><G40/><REACH who="3" ten="250,357,143,240" step="2"/><T76/><D55/><U10/><E126/><V92/><F92/><W123/><G123/><T72/><D72/><U18/><E41/><V46/><F112/><W1/><G1/><T106/><REACH who="0" step="1"/><D76/><REACH who="0" ten="240,357,143,240" step="2"/><U122/><E78/><V58/><F114/><W33/><G33/><T23/><D23/><U61/><E73/><V25/><F25/><W52/><G52/><T14/><D14/><AGARI ba="1,2" hai="4,5,12,14,15,24,28,32,39,43,44,79,80,87" machi="14" ten="40,5200,0" yaku="1,1,52,2,53,0" doraHai="2" doraHaiUra="35" who="3" fromWho="0" sc="240,-55,357,0,143,0,240,75" /><INIT seed="2,0,0,0,0,37" ten="185,357,143,315" oya="2" hai0="89,83,27,95,34,5,65,57,11,129,96,86,74" hai1="71,49,99,54,44,127,46,124,7,93,133,47,16" hai2="45,122,63,38,80,8,36,51,105,21,100,91,9" hai3="48,42,92,119,19,4,81,76,40,104,69,97,66"/><V41/><F122/><W120/><G120/><T77/><D129/><U39/><E71/><V56/><F105/><W94/><G119/><T134/><D134/><U88/><E133/><V132/><F132/><W126/><G104/><T43/><D34/><U33/><E33/><V103/><F36/><W3/><G126/><N who="1" m="48170" /><E7/><V70/><F70/><W6/><G94/><T107/><D27/><U117/><E117/><V60/><F60/><W1/><G69/><T118/><D118/><U31/><E31/><V12/><F38/><W98/><G66/><T102/><D57/><N who="1" m="32975" /><E16/><N who="2" m="10375" /><F91/><W61/><G61/><T68/><D65/><U0/><E39/><V14/><F80/><W128/><G128/><T17/><D17/><U101/><E0/><V25/><F25/><W79/><G19/><T53/><D53/><U114/><E114/><V22/><F22/><W30/><G81/><T106/><D68/><U125/><N who="1" m="48178" /><U50/><DORA hai="2" /><E101/><N who="2" m="38987" /><F14/><W82/><G82/><T72/><D107/><U35/><E35/><V52/><AGARI ba="0,0" hai="8,9,41,45,51,52,56,63" m="38987,10375" machi="52" ten="30,11700,0" yaku="8,1,52,1,54,2" doraHai="37,2" who="2" fromWho="2" sc="185,-39,357,-39,143,117,315,-39" /><INIT seed="2,1,0,0,2,17" ten="146,318,260,276" oya="2" hai0="19,68,8,105,96,4,7,3,124,28,66,132,13" hai1="42,18,104,97,121,55,70,101,31,9,102,108,14" hai2="112,64,107,46,75,57,65,62,95,82,29,88,73" hai3="129,16,0,99,92,35,60,38,58,33,61,69,54"/><V21/><F112/><W24/><G0/><T45/><D45/><U91/><E70/><V123/><F107/><W115/><G38/><T25/><D124/><U76/><E108/><V23/><F123/><W94/><G115/><T114/><D114/><U135/><E121/><V81/><F73/><W90/><G129/><T111/><D111/><U85/><E135/><V26/><F75/><W56/><G69/><T117/><D117/><U67/><E67/><V63/><F46/><W84/><G24/><T36/><D36/><U15/><E42/><V79/><F79/><W2/><G2/><T106/><D132/><U72/><E102/><V39/><F39/><W12/><G94/><T83/><D83/><U30/><E76/><V49/><F49/><W119/><G99/><T43/><D43/><U5/><E55/><V118/><F21/><W93/><G93/><T52/><D52/><U10/><E72/><V86/><F118/><W74/><G74/><T120/><D120/><U50/><E50/><V89/><F89/><W40/><G40/><T109/><D109/><U134/><E134/><V125/><F125/><W87/><G87/><T6/><D3/><U71/><E71/><AGARI ba="1,0" hai="23,26,29,57,62,63,64,65,71,81,82,86,88,95" machi="71" ten="30,5800,0" yaku="7,1,52,1,54,1" doraHai="17" who="2" fromWho="1" sc="146,0,318,-61,260,61,276,0" /><INIT seed="2,2,0,3,0,35" ten="146,257,321,276" oya="2" hai0="4,29,44,99,17,127,32,95,81,40,88,105,92" hai1="90,10,80,36,61,133,57,41,16,51,124,122,66" hai2="104,106,55,116,132,111,12,23,11,53,130,126,38" hai3="54,74,63,62,46,69,68,86,97,135,128,37,94"/><V87/><F116/><W84/><G74/><T18/><D127/><U78/><E36/><V59/><F38/><W131/><G135/><T91/><D105/><U7/><E133/><V118/><F132/><W110/><G110/><T85/><D32/><U77/><E122/><V6/><F118/><W129/><G37/><T39/><D29/><U60/><E124/><V13/><F126/><W71/><G46/><T98/><REACH who="0" step="1"/><D4/><REACH who="0" ten="136,257,321,276" step="2"/><U24/><E7/><V15/><F106/><W25/><G25/><T114/><D114/><U34/><E24/><V30/><F104/><W96/><G54/><T75/><D75/><U50/><E34/><V19/><F55/><W65/><G65/><T79/><AGARI ba="2,1" hai="17,18,39,40,44,79,81,85,88,91,92,95,98,99" machi="79" ten="20,8000,1" yaku="1,1,0,1,7,1,9,1,54,1,53,0" doraHai="35" doraHaiUra="49" who="0" fromWho="0" sc="136,96,257,-22,321,-42,276,-22" /><INIT seed="3,0,0,0,0,40" ten="232,235,279,254" oya="3" hai0="114,105,76,119,98,125,23,19,0,78,132,3,20" hai1="22,69,82,47,85,10,60,21,68,38,116,86,75" hai2="103,97,134,81,8,52,121,41,26,50,88,31,113" hai3="61,12,11,74,129,67,16,112,2,25,62,118,63"/><W55/><G112/><T27/><D119/><U37/><E75/><V89/><F113/><W107/><G118/><T53/><D114/><U5/><E116/><V48/><F134/><W17/><G74/><T24/><D132/><U109/><E109/><V14/><F48/><W28/><G107/><T130/><D130/><U65/><E69/><V77/><F41/><W44/><G129/><T32/><D32/><U15/><E86/><V133/><F121/><W42/><G2/><T100/><D125/><U106/><E106/><V96/><F96/><W70/><G17/><T49/><D0/><U6/><E5/><V111/><F111/><W58/><G55/><T83/><D83/><U54/><E38/><V51/><F51/><N who="3" m="27031" /><G70/><T4/><D4/><U93/><E93/><V99/><F99/><W94/><G94/><T30/><REACH who="0" step="1"/><D3/><REACH who="0" ten="222,235,279,254" step="2"/><U91/><E37/><V127/><F127/><W90/><G90/><T33/><D33/><U110/><E110/><V7/><F133/><W135/><G135/><T18/><D18/><U57/><E68/><V84/><F7/><N who="3" m="3199" /><G28/><T124/><D124/><U131/><E131/><V87/><F31/><W102/><G102/><T13/><D13/><U71/><E71/><V46/><F14/><W59/><G67/><T29/><D29/><U56/><E65/><V73/><F103/><W79/><G79/><T123/><D123/><U117/><E117/><V36/><F36/><W43/><G43/><T9/><D9/><U45/><E21/><AGARI ba="0,1" hai="16,21,25,58,59,61,62,63" m="3199,27031" machi="21" ten="30,5800,0" yaku="8,1,52,1,54,1" doraHai="40" who="3" fromWho="1" sc="222,0,235,-58,279,0,254,68" owari="222,-17.8,177,-32.3,279,7.9,322,42.2" /></mjloggm>