<mjloggm ver="2.3"><GO type="225" lobby="0"/><UN n0="%E2%98%86%E5%AD%AB%E7%87%95%E5%A7%BF%E2%98%86" n1="%48%61%61%61%6C%61%6E%64" n2="%72%69%6F%75%63%68%61%6E" n3="%E3%81%BF%E3%81%BF%E3%81%9A" dan="17,17,17,17" rate="2240.56,2163.13,2177.70,2213.90" sx="M,M,M,M"/><TAIKYOKU oya="0"/><INIT seed="0,0,0,1,4,134" ten="250,250,250,250" oya="0" hai0="64,80,18,65,88,42,104,128,54,113,56,14,110" hai1="23,6,135,35,103,43,120,101,84,85,72,115,16" hai2="108,126,90,20,77,91,79,51,0,66,92,61,59" hai3="40,131,109,75,62,30,98,119,107,95,19,29,86"/><T7/><D113/><U44/><E120/><V46/><F126/><W17/><G75/><T5/><D104/><U10/><E35/><V49/><F108/><W27/><G107/><T21/><D42/><U2/><E72/><V105/><F105/><W93/><G109/><T60/><D128/><U31/><E31/><N who="3" m="11786" /><G131/><T132/><D132/><U12/><E135/><V34/><F34/><W99/><G119/><T68/><D110/><U118/><E118/><V24/><F0/><W102/><G40/><T22/><D21/><U82/><E115/><V28/><F91/><N who="3" m="55743" /><G27/><T4/><REACH who="0" step="1"/><D68/><REACH who="0" ten="240,250,250,250" step="2"/><U121/><E121/><V11/><F11/><W26/><G26/><T106/><D106/><U71/><E71/><V73/><F73/><W69/><G69/><T74/><D74/><U8/><E8/><V48/><REACH who="2" step="1"/><F46/><REACH who="2" ten="240,250,240,250" step="2"/><W100/><G100/><T57/><D57/><U50/><REACH who="1" step="1"/><E85/><AGARI ba="0,2" hai="20,24,28,48,49,51,59,61,66,77,79,85,90,92" machi="85" ten="40,5200,0" yaku="1,1,2,1,8,1,53,0" doraHai="134" doraHaiUra="114" who="2" fromWho="1" sc="240,0,250,-52,240,72,250,0" /><AGARI ba="0,0" hai="4,5,7,14,18,22,54,56,60,64,65,80,85,88" machi="85" ten="40,7700,0" yaku="1,1,8,1,54,1,53,0" doraHai="134" doraHaiUra="114" who="0" fromWho="1" sc="240,77,198,-77,312,0,250,0" /><INIT seed="0,1,0,0,5,60" ten="317,121,312,250" oya="0" hai0="31,128,66,70,51,10,43,108,56,33,15,34,132" hai1="135,78,95,92,94,52,9,87,7,113,116,48,14" hai2="61,62,110,77,134,63,27,40,26,47,99,32,21" hai3="82,37,45,107,111,73,127,38,114,90,120,17,88"/><T80/><D132/><U125/><E116/><V85/><F110/><W64/><G114/><T79/><D108/><U89/><E135/><V71/><F134/><W81/><G107/><T42/><D70/><U122/><E122/><V130/><F130/><W121/><G111/><T86/><D128/><U54/><E113/><V126/><F126/><W16/><G45/><T44/><D43/><U23/><E125/><V13/><F32/><W112/><G127/><T103/><D31/><U131/><E131/><V119/><F119/><W104/><G112/><T1/><D1/><U96/><E23/><V6/><F99/><W46/><G46/><T8/><D103/><U124/><E124/><V20/><F71/><W74/><REACH who="3" step="1"/><G104/><REACH who="3" ten="317,121,312,240" step="2"/><T115/><D115/><U28/><E28/><V22/><F47/><W65/><AGARI ba="1,1" hai="16,17,37,38,64,65,73,74,81,82,88,90,120,121" machi="65" ten="25,16000,3" yaku="1,1,2,1,0,1,22,2,52,2,54,2,53,0" doraHai="60" doraHaiUra="67" who="3" fromWho="3" sc="317,-81,121,-41,312,-41,240,173" /><INIT seed="1,0,0,5,2,83" ten="236,80,271,413" oya="1" hai0="101,133,110,24,10,46,112,64,100,134,72,26,66" hai1="89,107,95,31,76,97,21,121,109,91,102,51,123" hai2="90,41,59,88,85,79,61,86,45,25,94,126,111" hai3="52,82,63,23,62,124,131,32,67,13,53,129,106"/><U103/><E109/><V33/><F111/><W4/><G32/><T58/><D110/><U115/><E115/><V130/><F126/><W119/><G106/><T108/><D108/><U1/><E1/><V42/><F130/><N who="3" m="49675" /><G119/><T18/><D72/><U84/><E51/><V28/><F79/><W34/><G34/><T87/><D112/><U48/><E48/><V128/><F128/><W122/><G122/><N who="1" m="46602" /><E21/><N who="2" m="15407" /><F45/><W125/><G82/><T93/><D46/><U11/><E11/><V38/><F38/><W92/><G92/><T81/><D58/><U105/><E31/><V132/><F132/><N who="0" m="50794" /><D10/><U69/><E69/><V17/><F17/><N who="3" m="10671" /><G4/><T7/><D7/><U71/><E71/><V22/><F22/><W74/><G74/><T35/><D18/><U68/><E68/><V20/><F20/><W99/><G99/><N who="0" m="59503" /><D101/><N who="1" m="38411" /><E76/><V16/><F16/><W37/><G37/><T9/><D9/><U5/><E5/><V3/><F3/><W98/><G98/><T2/><D2/><U135/><E135/><V14/><F14/><W6/><G6/><T120/><D120/><U127/><E127/><N who="3" m="48714" /><G62/><T12/><D12/><U70/><E70/><AGARI ba="0,0" hai="52,53,63,67,70" m="48714,10671,49675" machi="70" ten="30,3900,0" yaku="19,1,18,1,54,1" doraHai="83" who="3" fromWho="1" sc="236,0,80,-39,271,0,413,39" /><INIT seed="2,0,0,1,5,53" ten="236,41,271,452" oya="2" hai0="85,20,25,54,91,84,71,64,19,67,3,93,61" hai1="51,41,82,1,43,59,112,72,87,34,50,127,31" hai2="66,18,16,29,129,47,7,0,55,32,80,52,37" hai3="26,63,23,40,42,130,99,65,118,86,75,33,44"/><V60/><F129/><W46/><G75/><T77/><D3/><U96/><E112/><V98/><F80/><W131/><G33/><T128/><D128/><N who="3" m="49193" /><G118/><T122/><D122/><U121/><E121/><V45/><F98/><W115/><G115/><T102/><D102/><U117/><E117/><V21/><F32/><W95/><G86/><T8/><D8/><U58/><E1/><V14/><F29/><N who="3" m="17631" /><G44/><N who="2" m="16969" /><F0/><W6/><G46/><T49/><D49/><N who="1" m="18443" /><E72/><V27/><F7/><W90/><G6/><T109/><D109/><U2/><E2/><V62/><F37/><W76/><G76/><T113/><D113/><U79/><E34/><V69/><F69/><AGARI ba="0,0" hai="40,42,63,65,69,90,95,99" m="17631,49193" machi="69" ten="30,1000,0" yaku="19,1" doraHai="53" who="3" fromWho="2" sc="236,0,41,0,271,-10,452,10" /><INIT seed="3,0,0,2,0,135" ten="236,41,261,462" oya="3" hai0="52,51,79,134,40,87,43,85,94,95,44,5,97" hai1="14,10,121,37,84,61,65,26,3,8,22,50,129" hai2="110,102,113,59,34,67,128,127,53,46,114,132,35" hai3="120,109,33,93,23,13,19,124,31,41,56,70,20"/><W96/><G124/><T6/><D134/><U27/><E121/><V76/><F127/><W78/><G70/><T101/><D79/><U48/><E37/><V4/><F132/><W82/><G120/><T38/><D43/><U117/><E129/><V17/><F4/><W75/><G109/><T80/><D95/><U77/><E3/><V125/><F125/><W115/><G115/><T90/><REACH who="0" step="1"/><D87/><REACH who="0" ten="226,41,261,462" step="2"/><U58/><E117/><V103/><F76/><W12/><G41/><T131/><D131/><U47/><E8/><V74/><F128/><W32/><G56/><AGARI ba="0,1" hai="5,6,38,40,44,51,52,56,80,85,90,94,97,101" machi="56" ten="30,3900,0" yaku="1,1,7,1,54,1,53,0" doraHai="135" doraHaiUra="7" who="0" fromWho="3" sc="226,49,41,0,261,0,462,-39" owari="275,7.5,41,-45.9,261,-13.9,423,52.3" /></mjloggm>