<mjloggm ver="2.3"><GO type="225" lobby="0"/><UN n0="%E7%99%BD%E6%97%A5%E9%9B%AA%E8%8F%9C" n1="%2D%E8%B1%8A%E5%8F%A3%E3%82%81%E3%81%90%E3%81%BF%2D" n2="%E3%83%A9%E3%83%BC%E3%83%A1%E3%83%B3%E4%BA%94%E9%83%8E" n3="%E3%81%8C%E3%81%9F" dan="17,16,16,16" rate="2181.60,2128.09,2085.19,2114.18" sx="M,F,M,M"/><TAIKYOKU oya="0"/><INIT seed="0,0,0,0,1,35" ten="250,250,250,250" oya="0" hai0="62,60,6,100,124,54,85,87,94,95,58,3,31" hai1="45,21,13,99,32,117,101,119,9,133,26,104,108" hai2="71,50,118,30,48,22,102,15,47,105,16,24,5" hai3="110,134,41,7,125,126,25,43,120,97,73,23,77"/><T75/><D75/><U128/><E108/><V34/><F71/><W86/><G110/><T68/><D124/><N who="3" m="47721" /><G73/><T59/><D68/><U109/><E109/><V96/><F118/><W92/><G134/><T56/><D31/><U49/><E133/><V39/><REACH who="2" step="1"/><F5/><REACH who="2" ten="250,250,240,250" step="2"/><W38/><G7/><T29/><D6/><U27/><E119/><V135/><F135/><W103/><G120/><T123/><D123/><U57/><E117/><V17/><F17/><N who="3" m="12527" /><G38/><T131/><D131/><U90/><E128/><V0/><F0/><W81/><AGARI ba="0,1" hai="41,43,77,81,86,92,97,103" m="12527,47721" machi="81" ten="30,1100,0" yaku="18,1" doraHai="35" who="3" fromWho="3" sc="250,-5,250,-3,240,-3,250,21" /><INIT seed="1,0,0,3,1,18" ten="245,247,237,271" oya="1" hai0="90,121,74,124,96,69,99,122,30,15,46,94,32" hai1="40,106,75,81,91,27,88,1,114,48,24,25,77" hai2="49,76,117,70,93,45,59,23,135,42,123,3,52" hai3="22,109,73,2,116,100,133,9,13,128,89,131,61"/><U103/><E114/><V35/><F117/><W58/><G73/><T11/><D74/><U29/><E1/><V115/><F123/><N who="0" m="47114" /><D69/><U41/><E103/><V87/><F35/><W83/><G116/><T47/><D124/><U62/><E106/><V37/><F115/><W98/><G109/><T107/><D30/><U43/><E48/><V66/><F3/><W56/><G133/><T21/><D32/><U101/><E101/><V14/><F135/><W44/><G44/><T10/><D10/><U17/><E29/><V6/><F6/><W85/><G2/><T118/><D21/><U54/><REACH who="1" step="1"/><E17/><REACH who="1" ten="245,237,237,271" step="2"/><V31/><F31/><W72/><G100/><N who="0" m="62855" /><D118/><U64/><E64/><V39/><F66/><W102/><G102/><T4/><AGARI ba="0,1" hai="4,11,15,46,47,90,94,99" m="62855,47114" machi="4" ten="30,1100,0" yaku="13,1" doraHai="18" who="0" fromWho="0" sc="245,21,237,-5,237,-3,271,-3" /><INIT seed="2,0,0,3,3,96" ten="266,232,234,268" oya="2" hai0="18,103,107,93,55,1,104,77,119,40,126,108,117" hai1="131,16,28,12,112,124,64,113,23,9,13,78,101" hai2="2,60,133,51,15,7,21,95,81,106,109,57,11" hai3="69,8,44,50,17,121,47,85,70,114,26,88,86"/><V92/><F106/><W62/><G121/><T30/><D1/><U3/><E78/><V4/><F133/><W36/><G114/><T63/><D30/><U45/><E64/><V99/><F109/><W134/><G134/><T10/><D40/><U100/><E3/><V68/><F68/><W127/><G127/><T39/><D39/><U5/><E124/><V84/><F51/><W61/><G86/><T91/><D77/><U66/><E131/><V25/><F7/><W110/><G110/><T116/><D108/><U29/><E66/><V71/><F71/><W75/><G75/><T130/><D130/><U89/><E113/><V128/><F2/><W105/><G105/><T31/><D31/><N who="1" m="11851" /><E112/><V115/><F115/><W73/><G73/><T35/><D35/><U132/><E132/><V72/><F72/><W0/><G0/><T59/><D126/><U80/><E45/><V54/><F99/><W20/><G8/><T46/><D46/><N who="3" m="17449" /><G50/><T56/><D56/><U98/><E98/><V118/><F118/><W34/><G36/><T53/><D107/><U14/><E12/><V49/><F128/><W43/><G43/><T83/><D104/><U82/><E82/><V19/><REACH who="2" step="1"/><F49/><REACH who="2" ten="266,232,224,268" step="2"/><W122/><G70/><T67/><D119/><U90/><E90/><AGARI ba="0,1" hai="4,11,15,19,21,25,54,57,60,81,84,90,92,95" machi="90" ten="30,11600,0" yaku="1,1,2,1,7,1,8,1,53,0" doraHai="96" doraHaiUra="97" who="2" fromWho="1" sc="266,0,232,-116,224,126,268,0" /><INIT seed="2,1,0,2,1,71" ten="266,116,350,268" oya="2" hai0="17,90,58,42,89,88,78,116,55,4,127,33,106" hai1="122,47,10,83,87,104,12,9,131,95,102,100,108" hai2="7,67,28,98,91,115,92,112,46,62,13,39,31" hai3="48,77,25,73,53,45,129,82,11,70,134,79,111"/><V0/><F0/><W85/><G70/><T18/><D106/><U27/><E108/><V121/><F121/><W119/><G119/><T1/><D33/><U56/><E131/><V132/><F132/><W84/><G111/><T101/><D101/><U40/><E122/><V117/><F117/><W16/><G129/><T24/><D116/><U123/><E104/><V60/><F60/><W22/><G134/><T80/><D42/><U32/><E123/><V130/><F130/><W125/><G125/><T26/><D4/><U72/><E72/><V94/><F94/><W86/><REACH who="3" step="1"/><G11/><REACH who="3" ten="266,116,350,258" step="2"/><T61/><D127/><U6/><E9/><N who="2" m="4287" /><F112/><W118/><G118/><T35/><D1/><U14/><E14/><V43/><F115/><W20/><G20/><T64/><D35/><U54/><E32/><V107/><F28/><W36/><G36/><T96/><D26/><U21/><E21/><V135/><F31/><W66/><G66/><T52/><D24/><U23/><E23/><V74/><F39/><W65/><G65/><T128/><D128/><U5/><E27/><V38/><F135/><W69/><G69/><T97/><D64/><U15/><E15/><V51/><F38/><W41/><G41/><T3/><D3/><U63/><E5/><V75/><F67/><W93/><G93/><T113/><D113/><U2/><E95/><V110/><F110/><W109/><G109/><T44/><D18/><U34/><E34/><V8/><F8/><W105/><G105/><T103/><D17/><U37/><E2/><V133/><F133/><W81/><AGARI ba="1,1" hai="16,22,25,45,48,53,73,77,79,81,82,84,85,86" machi="81" ten="30,4000,0" yaku="1,1,0,1,54,1,53,0" doraHai="71" doraHaiUra="126" who="3" fromWho="3" sc="266,-11,116,-11,350,-21,258,53" /><INIT seed="3,0,0,0,5,35" ten="255,105,329,311" oya="3" hai0="9,91,52,10,11,107,14,95,6,81,127,41,70" hai1="104,58,103,26,76,122,87,78,79,96,23,57,55" hai2="74,92,133,60,65,68,33,106,25,31,129,42,64" hai3="2,44,24,88,19,54,17,128,29,117,27,22,75"/><W66/><G117/><T124/><D107/><U53/><E122/><V114/><F114/><W71/><G2/><T84/><D70/><U72/><E72/><V85/><F74/><W50/><G75/><T37/><D37/><U119/><E119/><V98/><F42/><W90/><G128/><T18/><D41/><U132/><E132/><V13/><F133/><W46/><G46/><T82/><D52/><U109/><E109/><V94/><F129/><W89/><REACH who="3" step="1"/><G24/><REACH who="3" ten="255,105,329,301" step="2"/><T123/><D123/><U134/><E134/><V121/><F121/><W69/><G69/><T110/><D110/><U47/><E47/><V8/><F65/><W43/><G43/><T113/><D113/><U36/><E36/><V62/><F62/><AGARI ba="0,1" hai="17,19,22,27,29,44,50,54,62,66,71,88,89,90" machi="62" ten="40,3900,0" yaku="1,1,54,1,53,0" doraHai="35" doraHaiUra="116" who="3" fromWho="2" sc="255,0,105,0,329,-39,301,49" owari="255,-14.5,105,-39.5,290,9.0,350,45.0" /></mjloggm>