<mjloggm ver="2.3"><GO type="225" lobby="0"/><UN n0="%E9%97%98%E5%B0%86%E3%81%A0%E3%82%93%E3%81%A7%E3%81%83" n1="%E3%83%81%E3%83%AF%E3%83%AF%E9%9A%8A%E9%95%B7" n2="%E8%B6%85%E7%B4%9A%E9%B3%B3%E5%87%B0" n3="%E7%99%BD%E6%97%A5%E9%9B%AA%E8%8F%9C" dan="16,16,17,17" rate="2120.39,2096.13,2150.14,2188.70" sx="M,M,F,M"/><TAIKYOKU oya="0"/><INIT seed="0,0,0,3,5,96" ten="250,250,250,250" oya="0" hai0="44,12,40,81,112,113,59,67,73,128,118,68,15" hai1="53,130,71,25,7,101,18,55,74,110,17,103,32" hai2="54,115,62,51,86,79,124,6,24,72,48,21,106" hai3="10,102,108,70,105,119,13,23,33,94,41,30,90"/><T5/><D118/><U109/><E71/><V2/><F115/><W80/><G119/><T87/><D68/><U27/><E7/><V58/><F106/><W88/><G105/><T56/><D73/><U4/><E4/><V20/><F72/><W100/><G33/><T77/><D128/><U107/><E74/><V85/><F124/><W14/><G70/><T122/><D122/><U98/><E107/><V16/><F21/><W47/><G108/><T52/><D67/><U39/><E98/><V29/><F29/><W26/><G80/><T42/><D59/><U8/><E8/><V38/><F38/><W60/><G60/><T28/><D28/><U78/><E39/><V135/><F135/><W19/><G13/><T120/><D120/><U50/><E50/><V127/><F127/><W117/><G90/><T133/><D133/><U89/><E89/><V83/><REACH who="2" step="1"/><F85/><REACH who="2" ten="250,250,240,250" step="2"/><N who="3" m="52495" /><G117/><T49/><D113/><U76/><E32/><V97/><F97/><W93/><G93/><T92/><D112/><U126/><E126/><V3/><F3/><W57/><G57/><T0/><D92/><U36/><E36/><V22/><F22/><W132/><G132/><T66/><D0/><U99/><E99/><V123/><F123/><W9/><G9/><AGARI ba="0,1" hai="2,6,9,16,20,24,48,51,54,58,62,79,83,86" machi="9" ten="40,2600,0" yaku="1,1,54,1,53,0" doraHai="96" doraHaiUra="95" who="2" fromWho="3" sc="250,0,250,0,240,36,250,-26" /><INIT seed="1,0,0,5,3,79" ten="250,250,276,224" oya="1" hai0="114,96,34,22,49,31,58,43,64,90,82,32,28" hai1="65,85,88,121,95,69,4,0,20,83,9,1,131" hai2="118,21,80,46,111,24,106,19,13,56,103,128,72" hai3="133,70,132,27,99,41,91,47,17,50,130,129,39"/><U67/><E121/><V66/><F118/><W126/><G70/><T110/><D114/><U94/><E131/><N who="3" m="50186" /><G17/><T3/><D3/><U74/><E0/><V120/><F128/><W5/><G5/><T12/><D110/><U23/><E95/><V15/><F120/><W10/><G10/><T73/><D34/><U87/><E74/><V63/><F111/><W117/><G27/><T89/><D32/><U76/><REACH who="1" step="1"/><E69/><REACH who="1" ten="250,240,276,224" step="2"/><V104/><F106/><W71/><G71/><T53/><D73/><U84/><E84/><V122/><F122/><W61/><G117/><T48/><D96/><U101/><E101/><V123/><F123/><W11/><G99/><T98/><D98/><U52/><E52/><V40/><F104/><W6/><G132/><T51/><D53/><U38/><E38/><V109/><F103/><W29/><G133/><T108/><D108/><U81/><E81/><V107/><F109/><W116/><G116/><T105/><D82/><U57/><E57/><V93/><F107/><W77/><G39/><T55/><D105/><U92/><E92/><V44/><F93/><W26/><G41/><T86/><D43/><U7/><E7/><V113/><F40/><W125/><G6/><T124/><D55/><U97/><E97/><V62/><F56/><W60/><G126/><T35/><D124/><U42/><E42/><V36/><F36/><W54/><G125/><T16/><D86/><U25/><E25/><V68/><F24/><W8/><G26/><N who="0" m="18935" /><D28/><U45/><E45/><V59/><F46/><W127/><G127/><T112/><D112/><U100/><E100/><RYUUKYOKU ba="0,1" sc="250,15,240,15,276,-15,224,-15" hai0="12,16,22,48,49,51,58,64,89,90" hai1="1,4,9,20,23,65,67,76,83,85,87,88,94" /><INIT seed="1,1,1,0,4,77" ten="265,255,261,209" oya="1" hai0="30,37,21,58,47,129,8,34,2,135,126,32,99" hai1="83,118,29,98,121,106,3,16,9,112,107,38,94" hai2="110,100,50,59,122,128,132,28,10,48,73,108,0" hai3="66,91,35,52,43,74,81,15,4,42,102,64,109"/><U82/><E38/><V19/><F122/><W1/><G35/><T103/><D58/><U22/><E121/><V87/><F73/><W70/><G1/><T20/><D20/><U69/><E69/><V41/><F128/><W133/><G109/><N who="2" m="42089" /><F132/><W12/><G133/><T6/><D135/><U84/><E112/><V96/><F28/><W49/><G70/><T51/><D37/><U90/><E118/><V124/><F124/><W60/><G102/><T71/><D71/><U54/><E29/><V17/><F87/><N who="3" m="50671" /><G74/><T131/><D21/><U89/><E82/><V130/><F130/><N who="0" m="49674" /><D30/><U55/><E107/><V31/><F31/><W67/><G60/><T62/><D62/><U125/><E106/><V93/><F59/><N who="3" m="33167" /><G4/><T105/><D126/><U33/><E33/><V120/><F120/><W78/><G78/><T44/><D44/><U57/><E125/><V65/><F0/><W40/><AGARI ba="1,1" hai="12,15,40,42,43,64,66,67" m="33167,50671" machi="40" ten="30,4000,0" yaku="8,1,52,1,54,1" doraHai="77" who="3" fromWho="3" sc="265,-11,255,-21,261,-11,209,53" /><INIT seed="2,0,0,3,4,24" ten="254,234,250,262" oya="2" hai0="1,117,57,29,64,105,103,78,70,0,134,33,102" hai1="19,122,36,46,65,17,76,118,18,91,87,51,127" hai2="109,37,54,60,120,81,123,22,39,44,92,80,104" hai3="112,79,25,16,89,21,52,11,85,73,108,107,62"/><V124/><F104/><W93/><G107/><T48/><D78/><U106/><E36/><V28/><F124/><W43/><G108/><T35/><D29/><U99/><E118/><V27/><F109/><W45/><G112/><T82/><D82/><U14/><E127/><V8/><F92/><W86/><G73/><T84/><D84/><U56/><E122/><V50/><F60/><W113/><G43/><T132/><D48/><U131/><E131/><V101/><F101/><W41/><G41/><T9/><D57/><U4/><E76/><V32/><F32/><W114/><G11/><T63/><D117/><U135/><E4/><V98/><F98/><N who="3" m="57647" /><G113/><T83/><D83/><U68/><E68/><V110/><F110/><W15/><G114/><T71/><D9/><U119/><E119/><V95/><F95/><W90/><G79/><T115/><D115/><U13/><E135/><N who="0" m="51753" /><D71/><U126/><E126/><V97/><F97/><W129/><G129/><T58/><D70/><U133/><E133/><V2/><F120/><W116/><G116/><T26/><D35/><U75/><E75/><V67/><F123/><W59/><G45/><T40/><D40/><U10/><E46/><V128/><F128/><W88/><G15/><T3/><D105/><U94/><E10/><V61/><F39/><W111/><G111/><T49/><D102/><U23/><E106/><V34/><F37/><W20/><G20/><T130/><D103/><N who="1" m="60919" /><E23/><V53/><F34/><W42/><G42/><T96/><D130/><U121/><E121/><V74/><F8/><W7/><G7/><T72/><D33/><RYUUKYOKU ba="0,0" sc="254,-10,234,-10,250,-10,262,30" hai3="16,21,25,52,59,62,85,86,88,90" /><INIT seed="3,1,0,4,1,116" ten="244,224,240,292" oya="3" hai0="118,77,93,123,91,129,39,7,75,32,107,103,55" hai1="19,22,94,23,92,36,79,26,104,41,38,73,66" hai2="29,44,96,108,109,101,20,105,45,33,51,87,48" hai3="76,97,24,100,53,119,54,60,1,5,8,127,95"/><W117/><G127/><T132/><D39/><U80/><E104/><V102/><F33/><W64/><G76/><T15/><D32/><U113/><E113/><V52/><F102/><W111/><G111/><N who="2" m="42569" /><F87/><W16/><G117/><T68/><D68/><U27/><E66/><V120/><F120/><W110/><G119/><T49/><D123/><U84/><E41/><N who="2" m="24591" /><F20/><W61/><G110/><T58/><D103/><U13/><E13/><V106/><F29/><W130/><G130/><T115/><D107/><AGARI ba="1,0" hai="45,51,52,96,101,105,106,107" m="24591,42569" machi="107" ten="30,2000,0" yaku="14,1,54,1" doraHai="116" who="2" fromWho="0" sc="244,-23,224,0,240,23,292,0" /><INIT seed="4,0,0,4,4,53" ten="221,224,263,292" oya="0" hai0="113,36,1,58,71,121,94,61,133,62,51,78,59" hai1="97,29,122,108,8,33,46,118,111,115,40,41,72" hai2="28,73,7,67,131,54,75,38,3,93,127,55,101" hai3="104,64,99,134,98,44,60,91,48,45,0,70,100"/><T15/><D1/><U25/><E72/><V116/><F38/><W102/><G0/><T119/><D121/><U92/><E122/><V88/><F131/><W89/><G134/><T49/><D119/><U120/><E120/><V18/><F116/><W23/><G23/><T124/><D36/><U77/><E118/><V43/><F43/><W86/><G86/><T74/><D71/><U2/><E77/><V4/><F127/><W19/><G19/><T66/><D124/><U52/><E115/><V37/><F37/><W105/><G44/><T112/><D133/><U47/><E41/><AGARI ba="0,0" hai="41,45,48,60,64,70,89,91,98,99,100,102,104,105" machi="41" ten="30,2000,0" yaku="7,1,9,1" doraHai="53" who="3" fromWho="1" sc="221,0,224,-20,263,0,292,20" owari="221,-17.9,204,-29.6,263,6.3,312,41.2" /></mjloggm>