<mjloggm ver="2.3"><GO type="225" lobby="0"/><UN n0="%72%65%6E%6B%75%6E" n1="%E3%81%BE%E3%81%A8%E3%81%9F" n2="%33%74%72%65%65" n3="%E9%80%9F%E6%B0%B4%E5%87%9B%E9%A6%99" dan="17,16,17,16" rate="2309.92,2163.06,2188.81,2078.74" sx="M,M,F,F"/><TAIKYOKU oya="0"/><INIT seed="0,0,0,1,1,70" ten="250,250,250,250" oya="0" hai0="3,65,114,33,92,20,66,11,30,75,72,15,106" hai1="120,67,4,35,59,97,2,60,96,134,23,118,76" hai2="13,54,69,38,105,116,37,14,81,123,19,86,9" hai3="61,125,34,132,103,45,40,43,10,127,83,135,28"/><T102/><D106/><U39/><E118/><V104/><F123/><W17/><G17/><T128/><D114/><U27/><E120/><V53/><F116/><W21/><G21/><T36/><D36/><U44/><E134/><N who="3" m="51242" /><G28/><T31/><D3/><U126/><E35/><V130/><F69/><W64/><G10/><T63/><D128/><U56/><E126/><N who="3" m="48138" /><G34/><T22/><D72/><U29/><E76/><V121/><F130/><W42/><G83/><T24/><D75/><U16/><E59/><V82/><F19/><W119/><G103/><T101/><D33/><U108/><E108/><V41/><F9/><W84/><G84/><T80/><D80/><U55/><E4/><V111/><F86/><W85/><G85/><T46/><D46/><U1/><E29/><N who="0" m="10761" /><D63/><U74/><E74/><V94/><F94/><W107/><G107/><T50/><D50/><U8/><E8/><V113/><F111/><W47/><G119/><T18/><D102/><U26/><E1/><V6/><F6/><W115/><G115/><T32/><D32/><U57/><E2/><V110/><F110/><W5/><G5/><N who="0" m="3567" /><D20/><U93/><E93/><V131/><F113/><W62/><G62/><T87/><D87/><U89/><E60/><V49/><F105/><W99/><G99/><AGARI ba="0,0" hai="18,22,24,65,66,92,99,101" m="3567,10761" machi="99" ten="30,1500,0" yaku="8,1" doraHai="70" who="0" fromWho="3" sc="250,15,250,0,250,0,250,-15" /><INIT seed="0,1,0,4,0,126" ten="265,250,250,235" oya="0" hai0="69,42,47,58,78,53,127,102,82,118,68,115,19" hai1="1,92,86,134,17,16,10,33,75,36,72,32,80" hai2="110,81,93,121,45,131,41,125,4,104,20,46,89" hai3="5,29,132,3,55,35,71,28,30,13,61,63,44"/><T21/><D115/><U60/><E36/><V37/><F121/><W114/><G55/><T59/><D102/><U95/><E1/><V129/><F104/><W25/><G61/><T85/><D127/><U22/><E60/><V112/><F125/><W73/><G63/><T90/><D118/><U94/><E10/><V23/><F112/><W49/><G44/><T15/><D78/><U27/><E134/><V88/><F4/><W109/><G49/><T8/><D21/><U87/><E17/><V65/><F65/><W113/><G71/><N who="0" m="27211" /><D42/><U70/><E70/><V54/><F110/><W64/><G64/><T130/><D130/><N who="2" m="49674" /><F81/><W116/><G109/><T135/><D135/><U39/><E39/><V79/><F79/><W18/><G132/><T12/><D15/><U108/><E108/><V100/><F100/><W6/><G6/><T123/><D123/><U0/><E0/><V96/><F89/><W67/><G67/><T101/><D101/><U128/><E128/><V66/><F66/><W77/><G77/><T51/><AGARI ba="1,0" hai="8,12,19,47,51,53,58,59,82,85,90" m="27211" machi="51" ten="30,1500,0" yaku="25,1" doraHai="126" who="0" fromWho="0" sc="265,18,250,-6,250,-6,235,-6" /><INIT seed="0,2,0,3,0,68" ten="283,244,244,229" oya="0" hai0="32,43,67,82,100,53,3,59,95,72,91,105,88" hai1="24,36,8,34,66,122,119,110,61,104,74,47,101" hai2="15,96,44,39,7,103,79,41,11,114,27,92,33" hai3="90,117,73,17,38,70,113,10,124,102,58,123,46"/><T28/><D3/><U4/><E119/><V81/><F114/><W115/><G70/><T84/><D43/><U120/><E74/><V112/><F112/><W25/><G73/><T71/><D71/><U20/><E110/><V0/><F15/><W48/><G117/><T126/><D126/><U57/><E34/><V18/><F18/><W1/><G124/><T14/><D67/><U16/><E104/><V52/><F52/><W42/><G123/><T23/><D32/><U99/><E47/><V89/><F33/><W50/><G102/><T107/><D100/><U55/><E36/><V5/><F5/><W62/><G90/><T65/><D65/><U21/><E21/><V45/><F45/><W109/><G109/><T9/><D28/><U108/><E66/><V31/><F31/><W77/><G77/><T86/><D72/><U63/><E63/><V87/><REACH who="2" step="1"/><F27/><REACH who="2" ten="283,244,234,229" step="2"/><W26/><G115/><T35/><D35/><U40/><E40/><V75/><F75/><W85/><G113/><T130/><D130/><U19/><E19/><V29/><F29/><W125/><G26/><T69/><D69/><U60/><E108/><V64/><F64/><W83/><G25/><T2/><D2/><U129/><E129/><V80/><F80/><W94/><G125/><T51/><REACH who="0" step="1"/><D23/><REACH who="0" ten="273,244,234,229" step="2"/><U30/><E30/><V49/><F49/><W37/><G48/><T111/><D111/><U118/><E20/><V116/><F116/><W78/><G50/><T54/><D54/><U22/><E118/><V128/><F128/><W121/><G1/><T106/><D106/><N who="1" m="63807" /><E61/><V13/><F13/><AGARI ba="2,2" hai="4,8,13,16,22,24,55,57,60,120,122" m="63807" machi="13" ten="30,2000,0" yaku="6,1,54,1" doraHai="68" who="1" fromWho="2" sc="273,0,244,46,234,-26,229,0" /><INIT seed="1,0,0,4,0,110" ten="273,290,208,229" oya="1" hai0="91,104,97,22,96,113,47,112,38,3,0,127,123" hai1="59,128,82,130,17,35,88,103,60,21,43,80,65" hai2="74,67,90,105,119,107,122,98,87,131,73,85,41" hai3="76,5,11,81,99,64,37,6,89,117,18,126,86"/><U57/><E35/><V71/><F41/><W121/><G37/><T39/><D22/><U135/><E135/><V69/><F67/><W8/><G121/><T100/><D123/><U7/><E103/><N who="2" m="62711" /><F69/><W124/><G117/><T25/><D25/><U40/><E7/><N who="3" m="2570" /><G64/><T118/><D118/><U34/><E59/><V54/><F54/><W33/><G33/><T75/><D75/><N who="2" m="28682" /><F71/><W92/><G126/><T30/><D91/><U115/><E34/><V109/><F119/><W10/><G124/><T132/><D96/><U72/><E43/><V23/><F23/><W20/><G20/><T32/><D127/><U29/><E40/><V42/><F42/><W129/><G129/><T31/><D47/><U50/><E65/><V46/><F46/><W63/><G63/><T114/><D132/><U15/><E21/><V61/><F61/><W51/><G51/><T125/><D125/><U102/><E50/><V19/><F122/><W2/><G2/><T77/><D77/><U4/><E130/><V70/><F70/><W116/><G116/><T83/><D83/><U48/><E82/><N who="2" m="49463" /><F131/><W1/><G1/><N who="0" m="587" /><D30/><U44/><E29/><V66/><F66/><W45/><G45/><T93/><D93/><U68/><E44/><V13/><F107/><W52/><G52/><T111/><D31/><U49/><E128/><V36/><F36/><N who="0" m="13866" /><D32/><U27/><E68/><V53/><F53/><W12/><AGARI ba="0,0" hai="8,10,11,12,18,76,81,86,89,92,99" m="2570" machi="12" ten="30,1100,0" yaku="8,1" doraHai="110" who="3" fromWho="3" sc="273,-3,290,-5,208,-3,229,11" /><INIT seed="2,0,0,2,1,25" ten="270,285,205,240" oya="2" hai0="115,2,89,59,82,78,12,28,21,102,65,100,62" hai1="72,57,117,73,40,93,45,67,16,1,87,101,88" hai2="111,10,42,108,11,69,99,54,26,94,7,128,48" hai3="5,84,105,104,34,120,114,52,30,44,37,0,70"/><V50/><F69/><W97/><G70/><T124/><D2/><U112/><E112/><V3/><F128/><W125/><G120/><T130/><D115/><U41/><E1/><V132/><F132/><W118/><G118/><T46/><D130/><U103/><E73/><V80/><F10/><W38/><G125/><T86/><D124/><U135/><E72/><V51/><F42/><N who="1" m="16489" /><E45/><V91/><F80/><W113/><G5/><T24/><D46/><U68/><E68/><V79/><F79/><W27/><G0/><T98/><REACH who="0" step="1"/><D12/><REACH who="0" ten="260,285,205,240" step="2"/><U39/><E135/><V90/><F90/><W49/><G114/><T131/><D131/><U74/><E117/><V20/><REACH who="2" step="1"/><F54/><REACH who="2" ten="260,285,195,240" step="2"/><W63/><G113/><T17/><D17/><AGARI ba="0,2" hai="3,7,11,17,20,26,48,50,51,91,94,99,108,111" machi="17" ten="40,7700,0" yaku="1,1,2,1,53,1" doraHai="25" doraHaiUra="92" who="2" fromWho="0" sc="260,-77,285,0,195,97,240,0" /><INIT seed="2,1,0,0,2,130" ten="183,285,292,240" oya="2" hai0="92,22,60,132,51,61,68,37,69,7,12,89,70" hai1="88,23,18,103,36,111,3,126,0,78,13,99,120" hai2="58,27,53,116,110,81,26,46,32,95,125,98,123" hai3="34,38,101,45,106,131,97,11,4,105,115,119,66"/><V42/><F116/><W17/><G119/><T96/><D37/><U56/><E111/><V5/><F123/><W100/><G34/><T107/><D107/><U6/><E126/><V82/><F125/><W124/><G131/><T29/><D29/><U21/><E36/><V118/><F118/><W19/><G124/><T87/><D7/><U122/><E78/><V55/><F5/><W128/><G128/><T67/><D60/><U76/><E76/><V108/><F82/><W113/><G66/><T50/><D96/><U20/><E56/><V75/><F81/><W121/><G121/><N who="1" m="46698" /><E6/><V71/><F71/><W77/><G77/><T83/><D83/><U31/><E31/><N who="2" m="19575" /><F27/><W14/><G101/><T80/><D80/><U59/><E59/><V1/><F1/><N who="1" m="585" /><E88/><N who="2" m="55655" /><F58/><W10/><G106/><AGARI ba="1,0" hai="13,18,20,21,23,99,103,106" m="585,46698" machi="106" ten="30,1000,0" yaku="13,1" doraHai="130" who="1" fromWho="3" sc="183,0,285,13,292,0,240,-13" /><INIT seed="3,0,0,1,3,93" ten="183,298,292,227" oya="3" hai0="94,106,22,51,129,90,46,48,19,17,41,21,92" hai1="102,1,5,125,89,40,71,34,12,104,2,100,54" hai2="20,99,103,130,112,76,64,132,57,13,107,101,53" hai3="121,135,126,85,75,87,69,98,50,10,37,16,123"/><W65/><G37/><T110/><D106/><U33/><E71/><V28/><F112/><W11/><G75/><T127/><D110/><U134/><E40/><V44/><F130/><W115/><G115/><T83/><D127/><U55/><E89/><V30/><F132/><W32/><G32/><T108/><D108/><U0/><E12/><V31/><F76/><W3/><G3/><T113/><D113/><U26/><E5/><V95/><F107/><W78/><G135/><T81/><D129/><U128/><E104/><V124/><F124/><W66/><G126/><T56/><D56/><U114/><E125/><V18/><F44/><W67/><G69/><T70/><D70/><U79/><E114/><V35/><F35/><W111/><G111/><T119/><D119/><U118/><E79/><V68/><F64/><W6/><G6/><T49/><D49/><U61/><E26/><V8/><F68/><W120/><G78/><T80/><D48/><U117/><E2/><V105/><F105/><W116/><G116/><T52/><D41/><U60/><E128/><V58/><F103/><W14/><G50/><T63/><D63/><U25/><E25/><N who="2" m="14487" /><F53/><W131/><G131/><T4/><D4/><AGARI ba="0,0" hai="4,8,13,28,30,31,57,58,95,99,101" m="14487" machi="4" ten="30,2000,0" yaku="8,1,52,1" doraHai="93" who="2" fromWho="0" sc="183,-20,298,0,292,20,227,0" owari="163,-33.7,298,9.8,312,41.2,227,-17.3" /></mjloggm>