<mjloggm ver="2.3"><GO type="225" lobby="0"/><UN n0="%E3%81%8B%E3%82%8F%E3%81%A1%E3%82%83%E3%82%93%35%38" n1="%E6%81%A5%E6%99%92%E3%81%97" n2="%E7%89%B9%E6%9D%B1%E3%81%AF%E4%B8%96%E7%95%8C%E3%82%92%E6%95%91%E3%81%86" n3="%E3%83%94%E3%83%B3%E3%82%B5%E3%83%AD%E5%BA%97%E5%93%A1" dan="16,16,16,17" rate="2129.35,2093.62,2153.05,2216.71" sx="M,M,M,M"/><TAIKYOKU oya="0"/><INIT seed="0,0,0,1,0,92" ten="250,250,250,250" oya="0" hai0="39,34,28,18,62,40,19,27,22,8,85,7,100" hai1="133,117,57,59,60,119,30,42,122,111,101,87,51" hai2="102,17,52,54,116,13,20,127,41,25,124,95,77" hai3="107,38,81,123,23,58,94,128,24,106,45,50,80"/><T4/><D40/><U6/><E122/><V69/><F69/><W35/><G35/><T66/><D39/><U48/><E111/><V47/><F77/><W36/><G123/><T86/><D100/><U14/><E133/><V67/><F67/><W37/><G128/><T76/><D76/><U110/><E110/><V16/><F116/><W118/><G118/><T71/><D4/><U98/><E30/><V15/><F95/><W121/><G121/><T129/><D129/><U130/><E130/><V78/><F78/><W33/><G33/><T43/><D43/><U70/><E70/><V3/><F3/><W134/><G58/><T88/><D85/><U73/><E73/><V104/><F104/><W44/><G94/><T2/><REACH who="0" step="1"/><D34/><REACH who="0" ten="240,250,250,250" step="2"/><U113/><E87/><V1/><F102/><W72/><G72/><T11/><D11/><N who="1" m="4471" /><E42/><V63/><F41/><W74/><G74/><T103/><D103/><U32/><E32/><V75/><F75/><W105/><G134/><T125/><D125/><U83/><E117/><V91/><F127/><W112/><G38/><T109/><D109/><U115/><E119/><V64/><F124/><W12/><G37/><T56/><D56/><U135/><E59/><V55/><F47/><W9/><G36/><T82/><AGARI ba="0,1" hai="2,7,8,18,19,22,27,28,62,66,71,82,86,88" machi="82" ten="20,7800,0" yaku="1,1,0,1,7,1,54,1,53,0" doraHai="92" doraHaiUra="108" who="0" fromWho="0" sc="240,88,250,-26,250,-26,250,-26" /><INIT seed="0,1,0,2,5,121" ten="328,224,224,224" oya="0" hai0="97,129,1,98,49,85,132,9,42,88,123,128,111" hai1="126,92,3,66,76,24,0,107,120,94,127,90,44" hai2="68,124,75,20,82,54,96,131,77,125,80,133,25" hai3="106,35,50,81,70,5,2,26,117,109,119,73,100"/><T21/><D21/><U118/><E120/><V105/><F68/><W113/><G50/><T46/><D123/><U60/><E118/><V57/><F131/><N who="0" m="50250" /><D132/><U91/><E107/><V130/><F130/><W13/><G13/><T108/><D9/><U29/><E76/><V114/><F114/><W43/><G43/><T104/><D1/><U71/><E44/><V102/><F82/><W78/><G70/><T45/><D45/><U37/><E37/><V115/><F133/><W65/><G65/><T93/><D104/><U7/><E7/><V40/><F40/><W18/><G18/><T53/><D42/><U83/><E3/><V101/><F115/><W55/><G55/><T58/><D46/><U28/><E0/><V6/><F6/><W135/><G113/><T59/><D59/><U116/><E116/><N who="3" m="44618" /><G135/><T47/><D47/><U51/><E24/><V67/><F67/><W41/><G41/><T74/><D74/><U14/><E66/><V15/><F15/><W32/><G2/><T31/><D31/><U34/><E14/><V27/><F27/><W36/><G36/><T134/><D134/><U61/><E51/><N who="2" m="30943" /><F20/><W63/><G5/><T69/><D69/><U19/><E19/><V56/><F56/><W103/><G106/><T112/><D112/><U62/><E71/><V30/><F25/><W10/><G10/><T23/><D23/><U16/><E16/><V110/><F30/><N who="3" m="19543" /><G35/><T11/><D11/><U89/><E34/><V48/><F48/><W84/><G73/><T122/><D122/><U39/><E39/><V86/><F105/><W38/><G38/><RYUUKYOKU ba="1,0" sc="328,30,224,-10,224,-10,224,-10" hai0="49,53,58,85,88,93,97,98,108,111" /><INIT seed="0,2,0,4,5,20" ten="358,214,214,214" oya="0" hai0="135,118,38,88,68,8,91,95,131,89,122,97,82" hai1="53,124,3,106,81,111,72,64,43,18,6,127,66" hai2="86,30,62,51,60,44,116,84,96,83,133,117,17" hai3="33,45,71,0,115,58,121,101,32,56,47,119,126"/><T63/><D38/><U94/><E106/><V65/><F133/><W110/><G0/><T90/><D68/><U36/><E53/><V9/><F30/><W99/><G115/><T100/><D63/><U79/><E111/><V70/><F96/><W87/><G119/><N who="2" m="45641" /><F62/><W130/><G71/><T12/><D118/><U105/><E94/><V98/><F98/><W54/><G110/><T7/><D122/><U41/><E105/><V61/><F61/><W92/><G121/><T19/><D131/><U78/><E18/><V73/><F9/><W46/><G130/><T128/><D128/><U80/><E3/><V85/><F17/><W107/><G126/><N who="1" m="48170" /><E6/><V25/><F25/><W31/><G31/><T39/><D135/><U109/><E109/><V69/><F69/><W59/><REACH who="3" step="1"/><G54/><REACH who="3" ten="358,214,214,204" step="2"/><T120/><D120/><U27/><E66/><V93/><F70/><W49/><G49/><T24/><D39/><U129/><E64/><V76/><F65/><W75/><G75/><T23/><D100/><U113/><E113/><V57/><F60/><W34/><G34/><T13/><D82/><U77/><E129/><V37/><F37/><W29/><G29/><T5/><REACH who="0" step="1"/><D5/><REACH who="0" ten="348,214,214,204" step="2"/><U42/><E36/><V114/><F83/><N who="1" m="31817" /><E72/><V1/><F73/><W123/><G123/><T67/><D67/><U132/><E132/><V74/><F74/><W22/><G22/><T104/><D104/><U10/><E10/><V134/><F114/><W28/><G28/><T15/><AGARI ba="2,2" hai="7,8,12,13,15,19,23,24,88,89,90,91,95,97" machi="15" ten="30,18000,2" yaku="1,1,0,1,8,1,52,1,54,1,53,1" doraHai="20" doraHaiUra="16" who="0" fromWho="0" sc="348,206,214,-62,214,-62,204,-62" /><INIT seed="0,3,0,5,4,26" ten="554,152,152,142" oya="0" hai0="40,132,75,91,61,107,22,79,54,4,111,12,117" hai1="128,35,110,118,109,19,20,90,129,51,135,53,67" hai2="50,114,33,98,76,99,84,122,70,106,60,86,78" hai3="10,116,103,37,34,63,3,25,131,56,23,14,93"/><T8/><D107/><U64/><E35/><V100/><F122/><W94/><G116/><T59/><D117/><U38/><E90/><V32/><F114/><W92/><G37/><T48/><D132/><U82/><E118/><V77/><F50/><W24/><G131/><N who="1" m="50250" /><E82/><V104/><F60/><W16/><G103/><T71/><D111/><N who="1" m="42507" /><E135/><V69/><F77/><W17/><G3/><T41/><D75/><U120/><E38/><V62/><F62/><W125/><G125/><T1/><D79/><U108/><N who="1" m="42515" /><U15/><DORA hai="27" /><E120/><V87/><F87/><W42/><G42/><T45/><D41/><U58/><AGARI ba="3,0" hai="15,19,20,51,53,58,64,67" m="42515,50250" machi="58" ten="50,3200,0" yaku="19,1,14,1" doraHai="26,27" who="1" fromWho="1" sc="554,-19,152,41,152,-11,142,-11" /><INIT seed="1,0,0,1,2,57" ten="535,193,141,131" oya="1" hai0="132,97,83,64,41,37,105,52,81,98,85,23,12" hai1="73,102,44,122,93,121,10,104,65,80,48,92,124" hai2="61,74,63,68,114,40,112,30,2,58,51,125,7" hai3="123,77,88,59,108,17,28,107,131,86,76,71,43"/><U106/><E124/><V33/><F74/><W100/><G123/><T126/><D64/><U11/><E65/><V101/><F125/><W49/><G71/><T53/><D41/><U116/><E116/><V38/><F101/><W111/><G28/><T15/><D37/><U103/><E73/><V120/><F120/><W35/><G35/><T66/><D66/><U46/><E80/><V82/><F68/><W95/><G17/><N who="0" m="10663" /><D105/><U1/><REACH who="1" step="1"/><E48/><REACH who="1" ten="535,183,141,131" step="2"/><V90/><F82/><W3/><G49/><T29/><D83/><U34/><E34/><V55/><F33/><W118/><G118/><T119/><D126/><U42/><E42/><V87/><F40/><W133/><G43/><T24/><D119/><U8/><E8/><V54/><F51/><W36/><G36/><T96/><D53/><U67/><E67/><V4/><F38/><W39/><G39/><T117/><D117/><U79/><E79/><V13/><F55/><W45/><G77/><T21/><D52/><U6/><E6/><V31/><F4/><W110/><G76/><T69/><D69/><U20/><E20/><V72/><F72/><W89/><G110/><T32/><D32/><U22/><E22/><V115/><F7/><W25/><G108/><T70/><D70/><U78/><E78/><V14/><F54/><W50/><G111/><T109/><D109/><U18/><E18/><V26/><F115/><W47/><G50/><T128/><D81/><U91/><E91/><V99/><F114/><W84/><G89/><T94/><D21/><U5/><E5/><V135/><F112/><W16/><G88/><RYUUKYOKU ba="0,1" sc="535,-10,183,30,141,-10,131,-10" hai1="1,10,11,44,46,92,93,102,103,104,106,121,122" /><INIT seed="1,1,1,1,4,50" ten="525,213,131,121" oya="1" hai0="71,108,23,135,44,61,14,90,65,104,73,94,17" hai1="132,70,113,125,76,36,116,37,45,63,9,118,31" hai2="67,131,46,39,72,115,8,123,85,101,121,29,41" hai3="21,105,64,133,126,33,49,53,130,87,106,30,103"/><U84/><E113/><V96/><F72/><W28/><G33/><T54/><D104/><U58/><E31/><V111/><F115/><W43/><G43/><T6/><D73/><U98/><E98/><V77/><F111/><W78/><G64/><T47/><D108/><U2/><E84/><V134/><F131/><W114/><G114/><T34/><D34/><U128/><E76/><V55/><F134/><W79/><G130/><T24/><D135/><U57/><E128/><V10/><F67/><W26/><G133/><T82/><D82/><U48/><E9/><V91/><F77/><W80/><G30/><T127/><D127/><U74/><E2/><V18/><F29/><W16/><G126/><T38/><D38/><N who="1" m="14955" /><E74/><V75/><F75/><W59/><G103/><T89/><D89/><U56/><E125/><V22/><F10/><W95/><G95/><T19/><D6/><U66/><E132/><V86/><F8/><W3/><G3/><T25/><D17/><U68/><E68/><V69/><F69/><W27/><REACH who="3" step="1"/><G79/><REACH who="3" ten="525,213,131,111" step="2"/><T102/><D102/><U129/><E129/><V107/><F101/><W60/><G60/><N who="0" m="40359" /><D24/><U109/><E109/><V1/><F1/><W97/><G97/><N who="0" m="57559" /><D14/><U124/><E124/><V51/><F96/><W110/><G110/><T88/><D88/><U100/><E100/><V4/><F91/><W40/><G40/><AGARI ba="1,2" hai="40,45,48,56,57,58,63,66,70,116,118" m="14955" machi="40" ten="30,2900,0" yaku="34,2" doraHai="50" who="1" fromWho="3" sc="525,0,213,52,131,0,111,-32" /><INIT seed="1,2,0,0,0,82" ten="525,265,131,79" oya="1" hai0="57,33,67,58,91,93,74,48,42,125,86,9,62" hai1="112,94,107,22,95,115,99,49,26,54,129,119,128" hai2="55,35,110,80,78,2,102,121,45,124,84,13,23" hai3="46,114,53,17,6,113,37,66,60,71,117,120,70"/><U101/><E119/><V75/><F121/><W7/><G17/><T43/><D33/><U52/><E107/><V134/><F2/><W135/><G7/><T81/><D125/><U28/><E95/><V16/><F124/><W106/><G6/><T83/><D9/><U108/><E108/><V44/><F110/><W98/><G98/><N who="0" m="57663" /><D74/><U65/><E65/><V77/><F35/><W133/><G106/><T132/><D132/><N who="3" m="50761" /><G120/><T79/><D83/><U51/><E51/><V130/><F134/><W63/><G117/><T76/><D76/><U56/><REACH who="1" step="1"/><E54/><AGARI ba="2,0" hai="42,43,48,54,57,58,62,67,79,81,86" m="57663" machi="54" ten="30,2000,0" yaku="8,1,52,1" doraHai="82" who="0" fromWho="1" sc="525,26,265,-26,131,0,79,0" /><INIT seed="2,0,0,5,5,71" ten="551,239,131,79" oya="2" hai0="44,110,20,91,94,111,103,114,109,21,7,82,84" hai1="52,45,28,75,115,32,96,108,61,98,31,76,15" hai2="83,81,127,12,25,39,42,78,24,77,34,124,99" hai3="106,65,128,104,26,67,86,121,119,41,53,33,5"/><V50/><F50/><W8/><G119/><T47/><D114/><U93/><E115/><V90/><F12/><W80/><G121/><T73/><D7/><U70/><E108/><V4/><F4/><W16/><G128/><T23/><D103/><U29/><E70/><V120/><F120/><W43/><G53/><T59/><D59/><N who="1" m="35047" /><E76/><AGARI ba="0,0" hai="20,21,23,44,47,73,76,82,84,91,94,109,110,111" machi="76" ten="50,1600,0" yaku="14,1" doraHai="71" who="0" fromWho="1" sc="551,16,239,-16,131,0,79,0" /><INIT seed="3,0,0,0,3,88" ten="567,223,131,79" oya="3" hai0="130,81,39,101,19,89,9,14,55,5,24,109,119" hai1="131,111,120,60,115,46,125,113,86,85,123,63,44" hai2="102,54,38,135,31,11,42,74,72,110,117,71,127" hai3="61,43,100,62,92,34,21,105,69,67,95,108,51"/><W28/><G21/><N who="0" m="13375" /><D39/><U97/><E97/><V114/><F31/><W47/><G62/><T1/><D1/><U45/><E111/><V17/><F71/><W91/><G108/><T50/><D119/><U83/><E83/><V7/><F17/><W10/><G10/><T2/><D2/><U98/><E98/><V94/><F135/><W128/><G128/><T118/><D118/><U18/><E18/><V107/><F114/><W116/><G116/><T59/><D109/><U64/><E125/><V78/><F54/><W37/><G37/><T25/><D130/><U112/><E64/><V4/><F127/><W29/><G91/><T104/><D25/><U15/><E15/><V121/><F4/><W75/><G75/><T58/><D14/><U103/><E103/><V57/><F11/><W96/><G29/><T90/><D90/><U134/><E134/><V124/><F7/><W126/><G126/><T129/><D129/><U33/><E33/><V23/><F74/><W65/><G65/><T66/><D66/><U26/><E26/><AGARI ba="0,0" hai="26,28,34,43,47,51,61,67,69,92,95,96,100,105" machi="26" ten="40,12000,1" yaku="25,2,52,2" doraHai="88" who="3" fromWho="1" sc="567,0,223,-120,131,0,79,120" /><INIT seed="3,1,0,5,2,44" ten="567,103,131,199" oya="3" hai0="120,14,66,60,41,70,19,119,53,13,27,106,0" hai1="114,117,52,58,118,18,110,63,101,43,80,32,93" hai2="89,72,64,9,124,126,78,16,10,86,6,111,105" hai3="73,77,83,104,100,90,22,62,95,115,55,61,37"/><W123/><G123/><T17/><D0/><U112/><E32/><V57/><F105/><W30/><G37/><T125/><D119/><N who="1" m="45579" /><E110/><V5/><F111/><W3/><G3/><T76/><D120/><U99/><E18/><V109/><F78/><W68/><G115/><T23/><D53/><U69/><E43/><V135/><F72/><W84/><G68/><T65/><D76/><U38/><E38/><V25/><F135/><W94/><G94/><T75/><D75/><U1/><E1/><V129/><F129/><W35/><G35/><T79/><D106/><U97/><E69/><V28/><F109/><W21/><G30/><T36/><D60/><U51/><E63/><N who="2" m="37999" /><F16/><N who="0" m="6218" /><D125/><N who="2" m="48234" /><F6/><W107/><G107/><T11/><D11/><U96/><E80/><N who="2" m="49351" /><F5/><W121/><G121/><T34/><D34/><AGARI ba="1,0" hai="9,10,25,28,34" m="49351,48234,37999" machi="34" ten="30,1000,0" yaku="18,1" doraHai="44" who="2" fromWho="0" sc="567,-13,103,0,131,13,199,0" owari="554,65.4,103,-39.7,144,-25.6,199,-0.1" /></mjloggm>