<mjloggm ver="2.3"><GO type="225" lobby="0"/><UN n0="%73%61%6E%64%69%72%69%73" n1="%E3%81%9F%E3%81%A3%E3%81%A1%E3%82%87" n2="%74%61%6B%75%61%6B%61" n3="%E3%83%A1%E3%82%AC%E3%83%87%E3%82%B8" dan="16,16,16,16" rate="2145.67,2072.39,2153.21,2115.30" sx="M,M,M,F"/><TAIKYOKU oya="0"/><INIT seed="0,0,0,0,3,59" ten="250,250,250,250" oya="0" hai0="80,133,132,70,55,130,2,79,88,40,37,89,25" hai1="12,4,38,31,93,115,85,11,58,98,34,118,23" hai2="54,96,57,87,33,104,35,92,18,113,68,49,30" hai3="21,76,103,1,109,14,53,84,46,122,125,111,127"/><T134/><D130/><U29/><E118/><V39/><F113/><W131/><G1/><T72/><D70/><U74/><E38/><V123/><F123/><W45/><G103/><T5/><D25/><U9/><E74/><V86/><F39/><W50/><G131/><T71/><D55/><U61/><E34/><V42/><F104/><W51/><G76/><T41/><D71/><U114/><E85/><V101/><F68/><W17/><G84/><T28/><D28/><U65/><E11/><V81/><F42/><N who="0" m="16490" /><D37/><U100/><REACH who="1" step="1"/><E23/><REACH who="1" ten="250,240,250,250" step="2"/><V108/><F35/><W56/><G122/><T26/><D26/><U77/><E77/><V64/><F33/><W102/><G125/><T22/><D22/><U94/><E94/><V78/><F87/><W116/><G127/><T99/><D99/><U82/><E82/><V128/><F81/><W73/><G73/><T24/><D24/><U95/><E95/><V66/><F86/><W27/><G116/><T7/><D7/><U6/><E6/><V3/><F92/><W120/><G21/><T32/><D32/><U62/><E62/><V10/><F96/><W15/><G27/><T75/><D75/><U83/><E83/><V60/><F60/><W47/><G120/><T107/><D107/><U91/><E91/><V52/><F78/><W44/><G102/><T105/><D105/><U13/><E13/><N who="3" m="4618" /><G17/><T106/><D106/><U48/><E48/><N who="2" m="30919" /><F18/><W117/><G117/><T97/><D97/><U126/><E126/><V119/><F49/><W121/><G121/><T112/><D112/><AGARI ba="0,1" hai="4,9,12,29,31,58,61,65,93,98,100,112,114,115" machi="112" ten="40,8000,1" yaku="1,1,11,1,52,1,53,1" doraHai="59" doraHaiUra="63" who="1" fromWho="0" sc="250,-80,240,90,250,0,250,0" /><INIT seed="1,0,0,3,4,96" ten="170,330,250,250" oya="1" hai0="80,17,134,56,13,117,3,67,64,34,111,73,76" hai1="78,63,2,36,119,57,95,42,113,94,12,131,66" hai2="118,15,22,40,110,103,93,89,8,55,74,68,54" hai3="44,9,122,31,28,29,115,20,133,47,38,46,51"/><U97/><E119/><V52/><F118/><W128/><G122/><T37/><D117/><U129/><E2/><V4/><F74/><W70/><G115/><T43/><D34/><U100/><E113/><V90/><F110/><W102/><G70/><T77/><D111/><U87/><E36/><V99/><F68/><W105/><G128/><N who="1" m="49226" /><E42/><V48/><REACH who="2" step="1"/><F22/><REACH who="2" ten="170,330,240,250" step="2"/><W79/><G20/><T81/><D73/><U71/><E71/><V25/><F25/><W23/><G23/><T116/><D116/><U33/><E33/><V16/><F16/><W114/><G114/><T126/><D17/><U49/><E12/><V69/><F69/><W132/><G29/><T62/><D13/><U92/><E49/><V130/><F130/><W32/><G51/><T53/><D3/><U107/><E78/><V26/><F26/><N who="3" m="18455" /><G79/><T127/><D77/><U24/><E24/><V0/><F0/><W61/><G31/><T135/><D76/><U101/><E87/><V108/><F108/><W98/><G38/><T106/><D37/><U45/><E63/><V7/><F7/><W27/><G61/><T60/><D60/><U6/><E6/><V14/><F14/><W84/><G27/><T35/><D62/><U65/><E97/><V125/><F125/><W109/><G109/><T11/><D126/><U21/><E21/><V41/><F41/><W83/><G84/><T85/><D85/><U39/><E39/><V121/><F121/><W82/><G98/><T5/><D127/><U123/><E123/><V50/><F50/><W86/><G86/><T91/><D35/><U75/><E75/><RYUUKYOKU ba="0,1" sc="170,-10,330,-10,240,30,250,-10" hai2="4,8,15,40,48,52,54,55,89,90,93,99,103" /><INIT seed="2,1,1,2,0,97" ten="160,320,270,240" oya="2" hai0="86,88,121,82,37,67,17,75,92,59,19,77,130" hai1="131,83,45,36,110,115,113,89,21,74,94,80,43" hai2="100,98,124,106,27,109,11,20,57,7,44,91,31" hai3="105,134,123,54,25,14,120,78,73,32,69,114,2"/><V47/><F124/><W12/><G2/><T101/><D121/><U102/><E110/><V42/><F109/><W122/><G134/><T128/><D37/><U3/><E3/><V132/><F132/><W66/><G114/><T133/><D133/><U125/><E125/><V79/><F79/><W16/><G54/><T93/><D67/><U58/><E131/><N who="0" m="50217" /><D59/><U1/><E1/><V13/><F42/><W15/><G105/><T26/><D26/><U51/><E102/><V87/><REACH who="2" step="1"/><F57/><REACH who="2" ten="160,320,260,240" step="2"/><W34/><G78/><T18/><D93/><AGARI ba="1,2" hai="7,11,13,20,27,31,44,47,87,91,93,98,100,106" machi="93" ten="30,11600,0" yaku="1,1,2,1,7,1,52,1,53,0" doraHai="97" doraHaiUra="129" who="2" fromWho="0" sc="160,-119,320,0,260,139,240,0" /><INIT seed="2,2,0,3,5,7" ten="41,320,399,240" oya="2" hai0="62,23,67,78,111,31,121,86,101,5,64,13,0" hai1="10,50,120,81,49,123,42,19,79,68,6,108,77" hai2="82,65,9,112,28,36,89,87,97,118,12,4,75" hai3="66,105,52,103,85,38,71,102,41,57,51,126,46"/><V32/><F118/><W11/><G126/><T113/><D113/><U16/><E68/><V22/><F112/><W106/><G106/><T129/><D121/><N who="1" m="46667" /><E108/><V83/><F36/><W115/><G115/><T21/><D111/><U45/><E50/><V131/><F131/><W80/><G105/><T34/><D101/><U59/><E59/><V14/><F65/><W98/><G98/><T127/><D127/><U73/><E77/><V133/><F133/><W130/><G130/><T56/><D129/><U93/><E93/><V117/><F117/><W124/><G124/><T17/><D23/><U54/><E54/><V122/><F122/><W15/><G71/><T8/><D78/><U20/><E20/><V84/><F75/><W99/><G99/><T1/><D1/><AGARI ba="2,0" hai="1,6,10,16,19,42,45,49,73,79,81" m="46667" machi="1" ten="30,3900,0" yaku="13,1,52,1,54,1" doraHai="7" who="1" fromWho="0" sc="41,-45,320,45,399,0,240,0" owari="-4,-50.4,365,16.5,399,49.9,240,-16.0" /></mjloggm>