<mjloggm ver="2.3"><GO type="225" lobby="0"/><UN n0="%62%6F%6E%6F%73%2E%2E" n1="%E6%A1%9C%E8%8A%B1%E9%96%83%E3%80%85" n2="%E5%AF%82%E5%AF%9E%E3%82%AE%E3%83%8D%E3%82%B9%E3%83%93%E3%83%BC%E3%83%AB" n3="%4D%50%43%32%38%30%30" dan="17,18,16,16" rate="2216.89,2242.97,2139.48,2198.94" sx="M,M,M,M"/><TAIKYOKU oya="0"/><INIT seed="0,0,0,0,1,135" ten="250,250,250,250" oya="0" hai0="46,55,0,25,99,106,36,116,45,90,32,58,122" hai1="21,28,84,133,96,71,129,9,13,109,54,123,69" hai2="80,17,117,33,52,31,37,44,61,73,48,7,86" hai3="19,102,38,78,2,104,83,12,60,39,26,108,67"/><T50/><D116/><U113/><E123/><V76/><F117/><W103/><G2/><T74/><D122/><U131/><E133/><V27/><F37/><W111/><G26/><T66/><D0/><U10/><E109/><N who="3" m="42058" /><G39/><T70/><D74/><U120/><E120/><V15/><F7/><W79/><G38/><T82/><D82/><U119/><E119/><V49/><F61/><W5/><G5/><T18/><D18/><U77/><E96/><V105/><F105/><W124/><G124/><T22/><D22/><U35/><E54/><V53/><F73/><N who="3" m="43471" /><G79/><T65/><D36/><U87/><E77/><V56/><F17/><W118/><G104/><T24/><D24/><U101/><E35/><V107/><REACH who="2" step="1"/><F107/><REACH who="2" ten="250,250,240,250" step="2"/><W57/><G118/><T126/><D106/><U132/><E132/><V127/><F127/><W114/><G114/><T130/><D126/><U75/><E113/><V14/><AGARI ba="0,1" hai="14,15,27,31,33,44,48,49,52,53,56,76,80,86" machi="14" ten="30,4000,0" yaku="1,1,0,1,54,1,53,0" doraHai="135" doraHaiUra="128" who="2" fromWho="2" sc="250,-20,250,-10,240,50,250,-10" /><INIT seed="1,0,0,5,0,119" ten="230,240,290,240" oya="1" hai0="29,121,103,43,31,63,26,76,90,51,30,94,23" hai1="38,32,47,36,73,50,39,46,2,104,107,129,11" hai2="111,56,61,48,135,93,115,41,17,105,91,99,82" hai3="20,97,101,87,92,10,79,3,106,84,68,64,28"/><U118/><E118/><V55/><F111/><W65/><G68/><T25/><D121/><U83/><E129/><V49/><F135/><W16/><G87/><T67/><D76/><N who="1" m="44431" /><E50/><V8/><F105/><N who="1" m="40521" /><E47/><N who="2" m="25711" /><F115/><W66/><G28/><T98/><D90/><U71/><E71/><V42/><F82/><N who="3" m="47199" /><G106/><T45/><REACH who="0" step="1"/><D26/><REACH who="0" ten="220,240,290,240" step="2"/><U123/><E123/><V127/><F91/><W113/><G113/><T59/><AGARI ba="0,1" hai="23,25,29,30,31,43,45,51,59,63,67,94,98,103" machi="59" ten="20,12000,2" yaku="1,1,2,1,0,1,7,1,25,2,8,1,53,0" doraHai="119" doraHaiUra="35" who="0" fromWho="0" sc="220,130,240,-60,290,-30,240,-30" /><INIT seed="2,0,0,0,2,130" ten="350,180,260,210" oya="2" hai0="84,117,22,59,52,121,112,94,69,23,80,19,56" hai1="3,126,115,11,40,123,42,37,131,32,127,85,89" hai2="7,2,34,87,55,76,82,12,68,75,97,9,38" hai3="93,25,14,116,104,64,62,26,118,30,132,43,113"/><V77/><F68/><W47/><G104/><T18/><D69/><U15/><E115/><V125/><F125/><N who="1" m="47625" /><E131/><V128/><F128/><W28/><G113/><T20/><D112/><U133/><E3/><V49/><F34/><W21/><G14/><T29/><D121/><U17/><E123/><V36/><F2/><W27/><G27/><T54/><D29/><U16/><E32/><V33/><F33/><W57/><G132/><T67/><D94/><N who="1" m="54575" /><E17/><N who="0" m="6153" /><D117/><U99/><E99/><V91/><F97/><W48/><REACH who="3" step="1"/><G93/><REACH who="3" ten="350,180,260,200" step="2"/><T13/><D13/><U5/><E5/><V78/><REACH who="2" step="1"/><F75/><REACH who="2" ten="350,180,250,200" step="2"/><W71/><G71/><T96/><D96/><U39/><E133/><V107/><F107/><W50/><G50/><T24/><D24/><U134/><E134/><V86/><F86/><W95/><G95/><T114/><D114/><U120/><E120/><V61/><F61/><W46/><G46/><AGARI ba="0,2" hai="7,9,12,36,38,46,49,55,76,77,78,82,87,91" machi="46" ten="40,2000,0" yaku="1,1,53,0" doraHai="130" doraHaiUra="98" who="2" fromWho="3" sc="350,0,180,0,250,40,200,-20" /><INIT seed="2,1,0,5,5,20" ten="350,180,290,180" oya="2" hai0="115,117,86,24,15,106,49,125,17,76,119,29,7" hai1="103,104,30,1,45,111,132,35,14,58,90,70,4" hai2="95,94,39,50,80,97,113,25,114,27,64,126,78" hai3="128,13,84,101,31,10,18,28,34,61,22,65,110"/><V130/><F39/><W19/><G34/><T33/><D115/><U92/><E70/><V79/><F64/><W134/><G110/><T75/><D106/><U11/><E111/><V36/><F36/><W83/><G128/><T88/><D125/><U40/><E132/><V53/><F130/><W57/><G101/><T3/><D75/><U41/><E1/><V51/><F80/><W96/><G96/><T81/><D76/><U100/><E104/><V102/><F53/><W69/><G69/><T82/><D82/><U47/><E58/><V16/><F16/><W48/><G48/><T23/><D49/><U66/><E66/><V129/><F97/><W44/><G44/><N who="1" m="16970" /><E35/><V112/><F112/><W74/><G74/><T52/><D52/><U8/><E30/><V9/><F102/><N who="1" m="38953" /><E11/><AGARI ba="1,0" hai="3,7,11,15,17,23,24,29,33,81,86,88,117,119" machi="11" ten="40,8000,1" yaku="24,2,52,1,54,1" doraHai="20" who="0" fromWho="1" sc="350,83,180,-83,290,0,180,0" /><INIT seed="3,0,0,5,3,95" ten="433,97,290,180" oya="3" hai0="28,64,17,54,122,33,43,57,104,20,51,107,27" hai1="88,73,129,92,58,83,19,9,66,110,59,48,121" hai2="65,25,99,117,133,116,38,11,2,85,120,26,0" hai3="118,24,22,89,134,3,46,41,4,12,32,67,119"/><W125/><G134/><T97/><D122/><U44/><E121/><V60/><F38/><W18/><G125/><T114/><D114/><U63/><E110/><V45/><F45/><W109/><G67/><T37/><D64/><U7/><E129/><V29/><F120/><W53/><G53/><T35/><D35/><U84/><E19/><V113/><F113/><W39/><G109/><T52/><D54/><U135/><E135/><V21/><F85/><W111/><G111/><T23/><D23/><U106/><E106/><V13/><F26/><W72/><G72/><T10/><D10/><U79/><E63/><V131/><F131/><W93/><G3/><T124/><D124/><U42/><REACH who="1" step="1"/><E66/><REACH who="1" ten="433,87,290,180" step="2"/><V56/><F133/><W96/><G118/><T81/><D52/><U80/><E80/><V5/><F117/><W128/><G119/><T50/><D97/><U127/><E127/><V130/><F116/><W101/><G128/><T115/><D20/><U100/><E100/><V1/><F130/><W105/><G32/><T112/><D51/><U69/><E69/><V16/><F65/><W90/><G105/><T76/><D57/><U132/><E132/><V71/><F71/><W36/><G36/><T40/><D27/><U68/><E68/><V70/><F70/><W82/><G82/><T91/><D91/><U126/><E126/><V98/><F56/><W49/><G39/><T74/><D74/><U34/><E34/><N who="2" m="20783" /><F60/><W6/><G24/><T55/><D55/><U30/><E30/><V94/><F99/><W103/><G101/><AGARI ba="0,1" hai="0,1,2,5,11,13,16,21,94,98,101" m="20783" machi="101" ten="30,3900,0" yaku="24,1,52,1,54,1" doraHai="95" who="2" fromWho="3" sc="433,0,87,0,290,49,180,-39" owari="433,53.3,87,-41.3,339,13.9,141,-25.9" /></mjloggm>