<mjloggm ver="2.3"><GO type="225" lobby="0"/><UN n0="%6D%75%75%6D%75%72%61" n1="%E3%81%86%E3%83%BC%E3%81%B1%E3%83%BC" n2="%E3%81%B2%E3%81%BE%E3%81%A4%E3%81%B6%E3%81%97" n3="%E8%B6%85%E7%B4%9A%E9%B3%B3%E5%87%B0" dan="16,16,17,16" rate="2125.08,2136.99,2223.81,2130.60" sx="F,F,M,M"/><TAIKYOKU oya="0"/><INIT seed="0,0,0,1,5,42" ten="250,250,250,250" oya="0" hai0="76,66,80,116,64,5,50,24,118,94,11,20,4" hai1="99,84,57,106,52,88,9,81,56,6,91,15,92" hai2="59,69,40,75,122,30,62,108,60,17,125,70,112" hai3="49,72,21,34,123,48,109,19,38,44,104,67,120"/><T65/><D94/><U26/><E106/><V121/><F112/><W128/><G104/><T102/><D102/><U54/><E26/><V16/><F75/><W82/><G34/><T37/><D37/><U83/><E81/><V25/><F108/><W43/><G109/><T51/><D116/><U89/><E89/><V97/><F125/><W119/><G119/><T68/><D68/><U14/><E15/><V1/><F1/><W131/><G67/><T41/><D118/><U33/><E33/><V23/><F97/><W130/><G82/><T110/><D110/><U7/><E7/><V79/><F79/><W71/><G71/><T32/><D32/><U103/><E103/><V101/><F101/><W13/><REACH who="3" step="1"/><G72/><REACH who="3" ten="250,250,250,240" step="2"/><T87/><D41/><U105/><E105/><V73/><F73/><W58/><G58/><AGARI ba="0,1" hai="6,9,14,52,54,56,57,58,83,84,88,91,92,99" machi="58" ten="40,5200,0" yaku="8,1,54,2" doraHai="42" who="1" fromWho="3" sc="250,0,250,62,250,0,240,-52" /><INIT seed="1,0,0,4,4,0" ten="250,312,250,188" oya="1" hai0="89,22,98,116,88,19,52,118,123,77,82,99,110" hai1="80,125,20,2,86,94,57,72,4,11,107,12,31" hai2="119,62,101,26,32,21,64,13,121,7,131,69,5" hai3="129,41,67,93,53,42,66,59,79,14,126,10,84"/><U115/><E115/><V60/><F121/><W83/><G129/><T28/><D123/><U23/><E107/><V37/><F119/><W47/><G126/><T16/><D110/><U70/><E70/><V18/><F131/><W91/><G66/><T46/><D77/><U45/><E72/><V108/><F108/><W51/><G67/><T112/><D112/><U134/><E134/><V8/><F37/><W15/><G10/><T1/><D1/><U43/><E2/><V38/><F38/><W97/><REACH who="3" step="1"/><G42/><REACH who="3" ten="250,312,250,178" step="2"/><T85/><D116/><U105/><E11/><V39/><F64/><W35/><G35/><T117/><D118/><U25/><E43/><V135/><F32/><W74/><G74/><T6/><D117/><U106/><E125/><V30/><F135/><W78/><G78/><T33/><D33/><U124/><E124/><V114/><F114/><W24/><G24/><T96/><D22/><U122/><E25/><V73/><F73/><W44/><G44/><T58/><D46/><U49/><E23/><V36/><F69/><W3/><G3/><T40/><D40/><U92/><E45/><V130/><F130/><W103/><G103/><T54/><D58/><U133/><E57/><V68/><F68/><W63/><AGARI ba="0,1" hai="14,15,41,47,51,53,59,63,79,83,84,91,93,97" machi="63" ten="20,5200,0" yaku="1,1,0,1,7,1,8,1,53,0" doraHai="0" doraHaiUra="128" who="3" fromWho="3" sc="250,-13,312,-26,250,-13,178,62" /><INIT seed="2,0,0,2,3,3" ten="237,286,237,240" oya="2" hai0="13,99,110,10,106,59,115,135,54,109,133,114,30" hai1="17,21,96,63,62,12,25,42,104,27,80,89,75" hai2="122,16,86,97,105,64,50,4,90,113,134,33,52" hai3="130,46,24,34,11,39,131,43,15,83,112,44,93"/><V76/><F113/><N who="0" m="43018" /><D106/><U84/><E75/><V60/><F122/><W55/><G112/><T1/><D99/><U8/><E27/><V26/><F134/><N who="0" m="51210" /><D59/><U69/><E69/><V14/><F76/><W49/><G83/><T23/><D54/><U81/><E42/><V87/><F33/><W85/><G85/><N who="2" m="32265" /><F105/><W66/><G93/><T29/><D1/><U107/><E81/><V98/><F90/><W100/><G100/><T71/><D71/><U68/><E68/><V121/><F60/><W51/><G66/><T103/><D103/><U73/><E73/><V48/><F64/><W78/><G78/><T124/><D124/><U116/><E116/><V28/><F121/><W18/><G39/><T117/><D117/><U126/><E126/><V22/><F50/><W108/><G49/><T129/><D129/><U47/><E47/><N who="2" m="27679" /><F28/><N who="0" m="10858" /><D23/><U95/><E107/><V128/><F128/><W111/><G131/><T19/><AGARI ba="0,0" hai="10,13,19,109,110" m="10858,51210,43018" machi="19" ten="40,5200,0" yaku="20,1,34,2" doraHai="3" who="0" fromWho="0" sc="237,52,286,-13,237,-26,240,-13" /><INIT seed="3,0,0,0,4,125" ten="289,273,211,227" oya="3" hai0="97,72,113,86,105,67,27,96,51,7,42,88,81" hai1="130,43,101,8,52,119,135,18,73,108,33,4,74" hai2="3,83,76,12,99,124,70,36,116,66,128,19,9" hai3="1,111,77,89,106,2,60,118,59,84,21,11,29"/><W54/><G118/><T134/><D105/><U85/><E33/><V127/><F116/><W50/><G106/><T0/><D0/><U93/><E43/><V47/><F3/><W17/><G111/><T49/><D72/><U129/><E18/><V114/><F114/><W64/><G29/><T78/><D113/><U95/><E52/><V26/><F26/><W68/><G77/><T32/><D32/><U28/><E28/><V45/><F99/><N who="0" m="37962" /><D134/><U112/><E101/><V24/><F24/><W121/><G11/><T69/><D69/><U34/><E34/><V87/><F36/><W120/><G1/><T53/><D27/><U58/><E58/><V79/><F79/><W62/><G62/><T133/><D67/><U35/><E35/><V126/><REACH who="2" step="1"/><F128/><REACH who="2" ten="289,273,201,227" step="2"/><N who="1" m="49257" /><E112/><V75/><F75/><N who="1" m="28681" /><E119/><V14/><F14/><W94/><G2/><T37/><D37/><U109/><E135/><V61/><AGARI ba="0,1" hai="9,12,19,45,47,61,66,70,76,83,87,124,126,127" machi="61" ten="40,5200,0" yaku="1,1,0,1,18,1,53,0" doraHai="125" doraHaiUra="20" who="2" fromWho="2" sc="289,-13,273,-13,201,62,227,-26" /><INIT seed="4,0,0,2,1,54" ten="276,260,263,201" oya="0" hai0="131,19,102,11,104,16,132,135,109,7,90,53,29" hai1="48,34,64,4,105,78,111,63,119,68,120,121,12" hai2="9,25,38,59,107,125,55,37,31,108,27,100,77" hai3="110,117,114,98,39,35,0,115,61,52,20,15,93"/><T57/><D29/><U21/><E119/><V123/><F108/><W17/><G110/><T23/><D109/><U79/><E111/><V94/><F123/><W2/><G117/><T44/><D131/><U26/><E105/><V129/><F129/><W88/><G35/><T56/><D90/><U14/><E34/><V113/><F107/><W28/><G28/><T82/><D82/><U18/><E14/><V30/><F77/><W50/><G61/><T58/><D102/><U89/><E89/><V76/><F76/><W118/><G39/><T47/><D104/><U49/><E79/><V41/><F41/><W91/><G91/><T84/><D84/><U22/><E78/><V3/><F38/><W66/><G66/><T80/><D80/><U43/><E48/><V8/><F37/><W62/><G62/><T75/><D75/><U126/><E126/><V134/><F125/><W127/><G127/><T85/><D85/><U40/><E4/><V51/><F3/><W45/><REACH who="3" step="1"/><G118/><REACH who="3" ten="276,260,263,191" step="2"/><T124/><D124/><U92/><E121/><V101/><F31/><W42/><G42/><T73/><D53/><U74/><E120/><V32/><F55/><W106/><G106/><T33/><D33/><U65/><E65/><V87/><F32/><W6/><G6/><T1/><D7/><U99/><E74/><V128/><F30/><W122/><G122/><T10/><D73/><U116/><E116/><V67/><F67/><W71/><G71/><T112/><D132/><U24/><E43/><V96/><F134/><W36/><G36/><T60/><D135/><U97/><E40/><RYUUKYOKU ba="0,1" sc="276,-10,260,-10,263,-10,191,30" hai3="0,2,15,17,20,45,50,52,88,93,98,114,115" /><INIT seed="5,1,1,5,5,124" ten="266,250,253,221" oya="1" hai0="17,15,130,53,30,55,36,84,57,62,88,118,121" hai1="128,43,70,115,95,28,71,64,26,51,24,72,2" hai2="127,60,49,52,111,90,16,0,122,69,21,129,25" hai3="104,98,35,56,22,6,20,23,116,134,126,12,81"/><U45/><E2/><V123/><F111/><W135/><G35/><T27/><D118/><U50/><E72/><V78/><F0/><W86/><G126/><T113/><D36/><U19/><E115/><V110/><F110/><W92/><G104/><T85/><D113/><U83/><E64/><V31/><F127/><W37/><G37/><T11/><D130/><U34/><E128/><V63/><F129/><W5/><G116/><T73/><D73/><U9/><E83/><V33/><F78/><W101/><G56/><T8/><D8/><U120/><E120/><V44/><F90/><W87/><G87/><T76/><D76/><U61/><E61/><V4/><F4/><W32/><G32/><T105/><D105/><U102/><E50/><V108/><F108/><W80/><G80/><T48/><D121/><U58/><E58/><V109/><F109/><W18/><G5/><T82/><D84/><U13/><E24/><V47/><F47/><W41/><G6/><T75/><D75/><U112/><E112/><V1/><F1/><W119/><G41/><T77/><D77/><U133/><E133/><N who="3" m="50698" /><G119/><T117/><D117/><U94/><E94/><V7/><F7/><W65/><G65/><N who="0" m="39119" /><D48/><U125/><E125/><V97/><F97/><W106/><G106/><T54/><D54/><U68/><E95/><V114/><F114/><W74/><G74/><T100/><D100/><U93/><E93/><V29/><F69/><W103/><G103/><T59/><D59/><U40/><E102/><V67/><F123/><W42/><G42/><T14/><D14/><U3/><E3/><RYUUKYOKU ba="1,1" sc="266,10,250,10,253,-30,221,10" hai0="11,15,17,27,30,53,55,82,85,88" hai1="9,13,19,26,28,34,40,43,45,51,68,70,71" hai3="12,18,20,22,23,81,86,92,98,101" /><INIT seed="5,2,1,5,4,86" ten="276,260,223,231" oya="1" hai0="125,31,97,71,77,69,39,90,23,67,64,2,33" hai1="87,102,65,7,95,72,41,75,117,88,121,35,1" hai2="98,59,40,48,106,50,52,81,53,24,42,21,100" hai3="9,18,55,74,123,134,63,25,51,61,119,70,91"/><U29/><E117/><V15/><F15/><W62/><G123/><T68/><D33/><U78/><E121/><V82/><F42/><W80/><G119/><T107/><D2/><U122/><E122/><V28/><REACH who="2" step="1"/><F40/><REACH who="2" ten="276,260,213,231" step="2"/><W103/><G134/><T5/><D39/><U56/><E41/><V0/><F0/><W83/><G9/><T118/><D118/><U132/><E1/><V113/><F113/><W93/><G70/><T49/><D69/><U60/><E132/><V130/><F130/><W11/><G11/><T124/><D68/><U133/><E133/><V22/><F22/><W44/><G74/><T47/><D23/><U108/><E75/><V4/><F4/><W85/><G103/><T34/><D5/><U129/><E102/><V135/><F135/><W89/><G89/><T14/><D90/><U104/><E7/><V26/><F26/><W37/><G37/><T105/><D14/><U3/><E3/><V16/><F16/><W127/><G127/><T38/><D71/><U92/><E72/><V116/><F116/><W111/><G111/><T58/><D38/><U46/><E108/><V114/><F114/><W126/><G126/><T43/><D124/><U120/><E120/><V112/><F112/><W32/><G32/><T109/><D125/><U30/><E35/><V115/><F115/><W8/><G8/><T10/><D109/><U17/><E17/><V66/><F66/><W84/><G84/><T13/><D10/><U27/><E65/><V19/><F19/><W20/><AGARI ba="2,2" hai="18,20,25,44,51,55,61,62,63,80,83,85,91,93" machi="20" ten="30,4000,0" yaku="0,1,8,1,52,1" doraHai="86" who="3" fromWho="3" sc="276,-12,260,-22,213,-12,231,66" /><INIT seed="6,0,0,0,2,43" ten="264,238,201,297" oya="2" hai0="37,5,34,106,59,121,98,100,109,101,135,134,110" hai1="117,55,2,65,122,73,70,128,118,21,0,27,31" hai2="50,1,61,90,97,60,64,102,23,77,84,126,44" hai3="74,14,57,36,127,63,119,85,78,88,16,71,116"/><V15/><F1/><W95/><G36/><T7/><D121/><U105/><E73/><V108/><F126/><W114/><G127/><T56/><D34/><U32/><E105/><V39/><F39/><W28/><G114/><T48/><D37/><U42/><E55/><N who="2" m="30151" /><F108/><W131/><G131/><T19/><D48/><U26/><E42/><V47/><F77/><W132/><G71/><T41/><D41/><U49/><E49/><V25/><F15/><W112/><G132/><T103/><D106/><U111/><E65/><V80/><F64/><W91/><G112/><T3/><D3/><N who="1" m="1067" /><E70/><V10/><F10/><W58/><G14/><T120/><D120/><U72/><E72/><V62/><F47/><W53/><G119/><N who="1" m="45578" /><E122/><V4/><F4/><W89/><G116/><T86/><D109/><U81/><E81/><V76/><F76/><W38/><G38/><T123/><D110/><U12/><E111/><V75/><F75/><W115/><G115/><T87/><D123/><U133/><E12/><V83/><F80/><W69/><G74/><T9/><D134/><U93/><E93/><N who="2" m="58671" /><F62/><W92/><G63/><T66/><D135/><U125/><E125/><V33/><F33/><W94/><G69/><T40/><D66/><U11/><E133/><V20/><F20/><W99/><G78/><T52/><D40/><U30/><E11/><V96/><F96/><W129/><G99/><T8/><D98/><U24/><E128/><V104/><F104/><W46/><G129/><T13/><D59/><U6/><E6/><N who="0" m="2057" /><D8/><U45/><E45/><V124/><F124/><W82/><G46/><RYUUKYOKU ba="0,0" sc="264,10,238,10,201,10,297,-30" hai0="9,13,19,52,56,86,87,100,101,103" hai1="21,24,26,27,30,31,32" hai2="23,25,60,61,83,84,90" /><INIT seed="6,1,0,1,5,67" ten="274,248,211,267" oya="2" hai0="108,85,15,93,113,33,40,89,125,26,6,27,43" hai1="77,57,41,83,76,47,24,56,134,124,12,90,73" hai2="8,127,44,50,34,2,102,9,115,49,71,117,132" hai3="123,103,86,19,100,105,62,18,135,30,128,121,60"/><V48/><F117/><W29/><G86/><T22/><D108/><U98/><E134/><V110/><F132/><W118/><G135/><T32/><D125/><U94/><E124/><V129/><F127/><W66/><G66/><T75/><D75/><U114/><E114/><V20/><F34/><W4/><G105/><T119/><D113/><U126/><E126/><V17/><F115/><W3/><G4/><T64/><D64/><U72/><E24/><N who="2" m="14351" /><F71/><W104/><G104/><T74/><D74/><U52/><E12/><V61/><F2/><W106/><G106/><T42/><D27/><U82/><REACH who="1" step="1"/><E52/><REACH who="1" ten="274,238,211,267" step="2"/><N who="2" m="29703" /><F110/><W81/><G3/><T58/><D26/><U55/><E55/><V1/><F1/><W79/><G118/><T69/><D119/><U120/><E120/><V25/><F25/><W0/><G0/><T53/><D32/><U131/><E131/><V65/><F129/><W84/><G128/><T87/><D33/><U97/><E97/><V107/><F107/><W21/><G121/><T130/><D130/><U68/><E68/><V46/><F46/><W122/><G123/><T96/><D69/><U95/><E95/><V31/><F31/><W111/><G122/><T38/><D93/><U14/><E14/><V36/><F102/><W78/><G111/><T7/><D15/><U5/><E5/><V13/><F13/><W23/><G84/><T91/><D85/><U10/><E10/><N who="2" m="4203" /><F36/><AGARI ba="1,1" hai="36,41,47,56,57,72,73,76,77,82,83,90,94,98" machi="36" ten="30,7700,0" yaku="1,1,7,1,9,1,53,1" doraHai="67" doraHaiUra="39" who="1" fromWho="2" sc="274,0,238,90,211,-80,267,0" owari="274,7.4,328,42.8,131,-36.9,267,-13.3" /></mjloggm>