<mjloggm ver="2.3"><GO type="225" lobby="0"/><UN n0="%E6%80%AA%E3%81%97%E3%81%99%E3%81%8E%E3%82%8B%E3%83%81%E3%83%BC" n1="%E3%83%A9%E3%83%BC%E3%83%A1%E3%83%B3%E4%BA%94%E9%83%8E" n2="%E3%81%8F%E3%82%8A%E3%83%94%E3%83%BC" n3="%6C%61%6D%62" dan="16,16,16,16" rate="2153.26,2090.64,2096.58,2126.11" sx="M,M,M,M"/><TAIKYOKU oya="0"/><INIT seed="0,0,0,2,5,93" ten="250,250,250,250" oya="0" hai0="53,80,3,47,116,102,90,44,58,82,110,30,74" hai1="1,115,109,123,46,120,64,14,94,97,17,24,25" hai2="111,104,131,63,23,129,78,26,70,75,118,37,127" hai3="42,67,15,28,87,106,60,41,40,96,22,5,29"/><T133/><D116/><U100/><E1/><V20/><F118/><W61/><G87/><T69/><D69/><U83/><E109/><V85/><F75/><W84/><G84/><T59/><D3/><U119/><E119/><V72/><F72/><W105/><G61/><T117/><D117/><U45/><E115/><V36/><F104/><W66/><G66/><T88/><D74/><U91/><E64/><V6/><F6/><W0/><G0/><T8/><D110/><U112/><E112/><V113/><F113/><W57/><G105/><T122/><D122/><U130/><E130/><V50/><F127/><W114/><G114/><T73/><D73/><U34/><E34/><V79/><F50/><W48/><G48/><T76/><D133/><U51/><E45/><N who="0" m="17481" /><D102/><U98/><E83/><N who="0" m="31785" /><D76/><U101/><E91/><N who="0" m="34857" /><D30/><U54/><E123/><V128/><F111/><W103/><REACH who="3" step="1"/><G22/><REACH who="3" ten="250,250,250,240" step="2"/><T43/><D43/><U35/><E120/><V92/><F20/><W81/><G81/><T31/><D53/><U108/><E108/><V12/><F129/><W135/><G135/><T68/><D68/><U16/><E35/><V121/><F121/><W124/><G124/><T89/><D59/><U7/><E54/><V4/><F131/><W125/><G125/><T2/><D58/><U18/><E46/><V134/><F134/><W52/><G52/><T65/><D65/><U56/><E56/><V33/><F33/><W39/><G39/><T11/><D2/><U55/><E55/><V13/><F37/><W21/><G21/><T38/><D38/><U99/><E51/><V10/><F36/><RYUUKYOKU ba="0,1" sc="250,-10,250,-10,250,-10,240,30" hai3="5,15,28,29,40,41,42,57,60,67,96,103,106" /><INIT seed="1,1,1,5,5,97" ten="240,240,240,270" oya="1" hai0="23,8,117,5,15,52,81,60,131,75,16,42,4" hai1="33,11,25,121,133,7,105,56,1,17,95,91,88" hai2="66,98,109,118,44,2,112,99,116,77,124,72,43" hai3="37,14,0,67,36,38,45,132,59,30,40,6,51"/><U49/><E121/><V92/><F2/><W129/><G0/><T54/><D117/><U115/><E115/><V106/><F66/><W71/><G30/><T55/><D131/><U73/><E105/><V76/><F44/><W39/><G6/><N who="0" m="2667" /><D75/><U29/><E73/><V104/><F43/><W125/><G14/><N who="0" m="9623" /><D42/><U108/><E133/><V93/><F72/><W119/><G125/><T86/><D15/><U48/><E108/><V107/><F109/><W46/><G132/><T82/><D8/><U22/><E56/><V32/><F32/><W90/><G90/><N who="0" m="51535" /><D82/><U113/><E113/><V26/><F26/><W100/><G129/><T12/><D12/><N who="1" m="9511" /><E91/><N who="2" m="55583" /><F124/><W61/><G119/><N who="2" m="45609" /><F112/><W94/><G94/><T19/><D19/><U35/><E35/><V57/><F57/><AGARI ba="1,1" hai="52,54,55,57,60" m="51535,9623,2667" machi="57" ten="30,3900,0" yaku="8,1,54,2" doraHai="97" who="0" fromWho="2" sc="240,52,240,0,240,-42,270,0" /><INIT seed="2,0,0,0,1,50" ten="292,240,198,270" oya="2" hai0="5,78,8,95,10,67,32,17,19,64,122,131,45" hai1="104,47,21,49,72,12,128,60,84,118,33,13,133" hai2="112,93,99,0,117,90,9,25,58,114,69,97,16" hai3="22,76,63,134,107,83,14,106,94,48,7,43,109"/><V116/><F69/><W120/><G120/><T40/><D122/><U59/><E72/><V108/><F99/><W38/><G38/><T39/><D32/><U110/><E33/><V77/><F77/><W41/><G109/><T70/><D131/><U121/><E118/><V27/><F108/><W66/><G134/><T88/><D78/><U126/><E110/><V129/><F129/><W71/><G94/><T56/><D70/><U82/><E128/><V89/><F89/><W115/><G115/><T15/><D56/><U51/><E104/><V123/><F123/><W91/><G91/><T4/><D4/><U3/><E3/><V81/><F81/><W101/><G101/><T37/><D37/><U62/><E133/><V6/><F27/><W135/><G135/><T79/><D79/><U119/><E119/><V2/><F2/><W57/><G71/><T96/><REACH who="0" step="1"/><D17/><REACH who="0" ten="282,240,198,270" step="2"/><U103/><E121/><V28/><F16/><W86/><G7/><T111/><D111/><U92/><E59/><V44/><F58/><W113/><G57/><T52/><D52/><N who="1" m="29759" /><E60/><V46/><F117/><W85/><G63/><T24/><D24/><U34/><E34/><N who="2" m="20751" /><F116/><W100/><G76/><T80/><D80/><U54/><E62/><V31/><F31/><W18/><G83/><T29/><D29/><U20/><E82/><V61/><F61/><W68/><G68/><T65/><D65/><U124/><E124/><V26/><F26/><W30/><G66/><T74/><D74/><U36/><E126/><V11/><F11/><W132/><G132/><T53/><D53/><U87/><E54/><RYUUKYOKU ba="0,1" sc="282,15,240,-15,198,15,270,-15" hai0="5,8,10,15,19,39,40,45,64,67,88,95,96" hai2="0,6,9,44,46,90,93,97,112,114" /><INIT seed="2,1,1,5,3,4" ten="297,225,213,255" oya="2" hai0="69,68,54,135,98,64,90,78,126,84,53,21,92" hai1="71,32,96,25,94,117,28,91,9,131,109,82,134" hai2="46,47,14,83,35,116,61,133,102,73,119,124,130" hai3="22,113,31,104,30,2,118,57,42,72,44,110,37"/><V67/><F35/><W34/><G118/><T100/><D126/><U55/><E117/><V128/><F124/><W11/><G110/><T88/><D135/><U115/><E115/><V27/><F102/><W41/><G113/><T49/><D68/><U52/><E109/><V10/><F27/><W85/><G104/><T56/><D69/><U76/><E134/><V12/><F133/><W108/><G108/><T23/><D64/><U7/><E71/><N who="2" m="42479" /><F14/><W80/><G42/><T58/><D78/><U20/><E32/><V63/><F63/><W24/><G57/><T62/><REACH who="0" step="1"/><D90/><REACH who="0" ten="287,225,213,255" step="2"/><U65/><E65/><V40/><F119/><W39/><G72/><T101/><D101/><U70/><E70/><V1/><F116/><W51/><G37/><T121/><D121/><U81/><E76/><V111/><F111/><W77/><G39/><T3/><D3/><U114/><E114/><V87/><F73/><W74/><G74/><T60/><D60/><U89/><E89/><N who="2" m="51455" /><F1/><W107/><G2/><T45/><D45/><U17/><E91/><V13/><F46/><W6/><G77/><T129/><D129/><N who="2" m="49770" /><F10/><W38/><G11/><T99/><D99/><U26/><E131/><V5/><F5/><W86/><G6/><T19/><D19/><U16/><E17/><V36/><AGARI ba="1,2" hai="12,13,36,40,47" m="49770,51455,42479" machi="36" ten="30,1500,0" yaku="19,1" doraHai="4" who="2" fromWho="2" sc="287,-6,225,-6,213,38,255,-6" /><INIT seed="2,2,0,1,3,42" ten="281,219,251,249" oya="2" hai0="51,76,82,12,88,0,134,34,29,2,92,122,57" hai1="91,81,112,8,16,119,87,101,110,17,66,127,9" hai2="123,43,94,1,30,109,47,128,23,104,120,20,74" hai3="111,14,113,95,126,78,38,80,32,73,70,31,22"/><V69/><F104/><W52/><G70/><T85/><D122/><U121/><E112/><V35/><F1/><W102/><G113/><T27/><D134/><U13/><E119/><V135/><F135/><W133/><G133/><T36/><D36/><U28/><E121/><V90/><F74/><W100/><G38/><T60/><D51/><U84/><E110/><V4/><F4/><W71/><G71/><T39/><D12/><U58/><E127/><V5/><F5/><W107/><G107/><T33/><D39/><U68/><E68/><V89/><F35/><W118/><G118/><T44/><D44/><U49/><E28/><V6/><F6/><W19/><G126/><T79/><D79/><U48/><E101/><V62/><F109/><W10/><G111/><T45/><D45/><U124/><E124/><V77/><F77/><W54/><G32/><T103/><D103/><U125/><E125/><V24/><F20/><W7/><G31/><T46/><D46/><U67/><E84/><V105/><F90/><W114/><G114/><T72/><D34/><U130/><E130/><V59/><F105/><W40/><G40/><T50/><D50/><N who="1" m="19563" /><E58/><V86/><F69/><W96/><REACH who="3" step="1"/><G102/><REACH who="3" ten="281,219,251,239" step="2"/><T108/><D108/><U26/><E8/><V37/><REACH who="2" step="1"/><F128/><REACH who="2" ten="281,219,241,239" step="2"/><W25/><AGARI ba="2,2" hai="7,10,14,19,22,25,52,54,73,78,80,95,96,100" machi="25" ten="20,8000,1" yaku="1,1,2,1,0,1,7,1,54,1,53,0" doraHai="42" doraHaiUra="117" who="3" fromWho="3" sc="281,-22,219,-22,241,-42,239,106" /><INIT seed="3,0,0,2,1,46" ten="259,197,199,345" oya="3" hai0="1,48,84,26,49,121,108,90,111,68,51,132,29" hai1="94,43,93,65,21,89,11,125,15,10,27,38,19" hai2="77,99,66,24,69,82,9,61,53,56,98,45,110" hai3="47,83,80,116,117,130,100,16,126,42,92,135,58"/><W128/><G58/><T33/><D121/><U97/><E125/><V52/><F110/><N who="0" m="42026" /><D132/><U114/><E114/><V62/><F24/><W85/><G100/><T60/><D1/><U115/><E115/><V57/><F45/><W107/><G83/><N who="0" m="49439" /><D60/><U25/><E65/><V8/><F69/><AGARI ba="0,0" hai="26,29,33,48,49,51,68,69" m="49439,42026" machi="69" ten="30,7700,0" yaku="14,1,52,3" doraHai="46" who="0" fromWho="2" sc="259,77,197,0,199,-77,345,0" owari="336,13.6,197,-20.3,122,-37.8,345,44.5" /></mjloggm>