<mjloggm ver="2.3"><GO type="225" lobby="0"/><UN n0="%E9%87%8E%E3%80%85%E5%AE%AE%E8%97%8D" n1="%E5%B8%86%E7%AB%8B%E5%A4%8F%E8%A1%A3" n2="%E3%83%97%E3%83%AC%E3%83%B4%E3%82%A1%E3%83%86%E3%82%A3" n3="%6D%75%75%6D%75%72%61" dan="16,16,16,16" rate="2134.94,2112.16,2150.55,2073.24" sx="F,M,F,F"/><TAIKYOKU oya="0"/><INIT seed="0,0,0,1,5,46" ten="250,250,250,250" oya="0" hai0="22,63,80,100,43,55,18,61,28,5,59,75,118" hai1="79,131,38,108,102,53,67,31,47,25,54,13,97" hai2="37,132,104,1,91,3,8,133,52,115,90,51,4" hai3="101,11,117,106,109,23,88,68,116,62,29,50,40"/><T78/><D118/><U41/><E108/><V34/><F104/><W66/><G109/><T56/><D5/><U76/><E131/><V21/><F34/><W127/><G127/><T71/><D71/><U92/><E13/><V105/><F105/><W39/><G39/><T94/><D43/><U45/><E67/><V73/><F37/><W89/><G101/><T86/><D28/><U58/><E53/><V126/><F73/><W74/><G74/><T19/><D22/><U72/><E47/><V44/><F115/><W14/><G106/><T48/><D63/><U111/><E72/><V119/><F126/><W103/><G103/><T17/><D75/><U57/><E57/><V128/><F128/><W6/><G116/><T112/><D112/><U70/><E70/><V35/><F35/><W16/><G29/><T113/><D113/><U82/><E82/><V33/><F33/><W110/><G117/><T124/><D124/><U49/><REACH who="1" step="1"/><E111/><REACH who="1" ten="250,240,250,250" step="2"/><V77/><F119/><W83/><G110/><T96/><D61/><U0/><E0/><V12/><F77/><W20/><G83/><T123/><D123/><U32/><AGARI ba="0,1" hai="25,31,32,38,41,45,49,54,58,76,79,92,97,102" machi="32" ten="20,5200,0" yaku="1,1,0,1,7,1,52,1,53,0" doraHai="46" doraHaiUra="64" who="1" fromWho="1" sc="250,-26,240,62,250,-13,250,-13" /><INIT seed="1,0,0,5,1,27" ten="224,302,237,237" oya="1" hai0="112,98,120,95,11,44,101,12,35,70,94,134,93" hai1="65,6,85,114,69,87,60,106,51,73,89,90,42" hai2="46,19,125,26,58,74,31,64,72,115,0,68,61" hai3="54,96,127,17,22,97,109,24,75,47,4,28,129"/><U18/><E114/><V33/><F115/><W128/><G75/><T108/><D112/><U37/><E73/><V86/><F125/><W5/><G127/><T9/><D70/><U110/><E106/><V3/><F72/><W116/><G109/><T16/><D108/><U122/><E122/><V56/><F74/><W132/><G132/><T81/><D134/><U102/><E102/><V83/><F19/><W30/><G116/><T29/><D120/><U63/><E6/><N who="3" m="2666" /><G54/><T123/><D123/><U131/><E131/><N who="3" m="50250" /><G47/><T10/><D44/><U121/><E121/><V7/><F46/><W20/><G20/><T23/><REACH who="0" step="1"/><D81/><REACH who="0" ten="214,302,237,237" step="2"/><U88/><E110/><V57/><REACH who="2" step="1"/><F7/><REACH who="2" ten="214,302,227,237" step="2"/><W41/><G41/><T8/><N who="0" m="2048" /><DORA hai="15" /><T1/><D1/><U39/><E42/><V53/><F53/><W43/><G43/><T67/><D67/><U14/><E65/><V50/><F50/><W104/><G104/><T52/><D52/><U105/><E51/><V111/><F111/><W49/><G49/><T135/><D135/><U119/><E105/><V21/><F21/><W84/><G84/><T48/><D48/><U32/><E87/><V40/><F40/><W124/><G124/><T103/><D103/><U36/><E85/><V66/><F66/><W130/><G130/><T2/><D2/><U25/><E39/><V82/><F82/><W62/><G62/><T59/><D59/><U99/><E37/><V38/><F38/><W34/><G34/><T100/><D100/><U80/><E36/><V71/><F71/><W133/><G133/><T118/><D118/><U113/><E119/><RYUUKYOKU ba="0,2" sc="214,10,302,-30,227,10,237,10" hai0="12,16,23,29,35,93,94,95,98,101" hai2="0,3,26,31,33,56,57,58,61,64,68,83,86" hai3="17,22,24,28,30,96,97" /><INIT seed="2,1,2,3,2,119" ten="224,272,237,247" oya="2" hai0="120,74,106,104,116,26,32,16,65,91,70,100,117" hai1="75,81,21,40,54,110,107,13,129,84,82,18,5" hai2="124,17,25,19,92,38,125,53,44,12,122,71,93" hai3="96,24,51,52,35,86,14,50,105,36,79,69,46"/><V2/><F71/><W27/><G69/><T10/><D74/><U130/><E107/><V123/><F2/><W101/><G36/><T20/><D32/><U33/><E110/><V118/><F118/><N who="0" m="45674" /><D100/><U77/><E33/><V80/><F80/><W57/><G35/><T103/><D103/><U6/><E54/><V85/><F38/><W131/><G131/><N who="1" m="50186" /><E40/><V102/><F44/><W59/><G59/><T47/><D120/><N who="2" m="46122" /><F53/><W90/><G79/><AGARI ba="1,2" hai="5,6,13,18,21,75,77,79,81,82,84" m="50186" machi="79" ten="30,1000,0" yaku="19,1" doraHai="119" who="1" fromWho="3" sc="224,0,272,33,237,0,247,-13" /><INIT seed="3,0,0,2,5,83" ten="224,305,237,234" oya="3" hai0="19,90,67,81,49,78,135,43,91,84,106,30,18" hai1="16,50,115,40,3,112,28,134,94,24,10,118,96" hai2="128,21,125,108,14,85,127,104,20,71,100,75,80" hai3="34,110,123,93,5,79,59,103,63,8,126,109,116"/><W124/><G116/><T61/><D106/><U26/><E118/><V82/><F71/><W57/><G34/><T27/><D135/><U11/><E134/><V36/><F36/><W12/><G123/><T87/><D49/><U97/><E115/><V119/><F119/><W37/><G37/><T107/><D43/><U89/><E112/><V56/><F56/><W88/><G79/><T114/><D107/><U102/><E3/><V132/><F132/><W74/><G103/><T41/><D41/><U131/><E131/><V17/><F128/><W129/><G74/><T98/><D98/><U45/><E16/><N who="0" m="6185" /><D114/><U53/><E40/><V77/><F21/><W55/><G129/><T121/><D121/><U72/><E26/><V1/><F1/><W13/><G13/><T92/><D78/><U99/><E72/><V111/><F100/><W76/><G76/><T65/><D61/><U101/><E101/><V73/><F104/><W25/><G25/><T66/><D27/><U113/><E113/><V133/><F75/><W15/><G15/><T31/><AGARI ba="0,0" hai="30,31,65,66,67,81,84,87,90,91,92" m="6185" machi="31" ten="30,7900,0" yaku="8,1,52,2,54,1" doraHai="83" who="0" fromWho="0" sc="224,79,305,-20,237,-20,234,-39" owari="303,40.3,285,8.5,217,-18.3,195,-30.5" /></mjloggm>