<mjloggm ver="2.3"><GO type="225" lobby="0"/><UN n0="%E5%B0%8F%E9%B3%A5%E9%81%8A%E7%B7%B4%E7%84%A1%32%31%E6%AD%B3" n1="%E3%82%A2%E3%82%A4%E3%82%B9%E3%83%86%E3%82%A3%E3%83%BC%E3%81%82%E3%81%B9" n2="%73%6C%69%63%6B%33%31%39" n3="%E3%81%B5%E3%81%98%E3%81%8B%E3%81%A4" dan="16,16,16,16" rate="2174.99,2109.48,2061.14,2088.81" sx="F,M,M,M"/><TAIKYOKU oya="0"/><INIT seed="0,0,0,5,4,100" ten="250,250,250,250" oya="0" hai0="112,87,118,1,38,26,41,72,64,74,48,135,68" hai1="23,90,6,102,67,31,32,36,89,54,46,124,17" hai2="93,121,84,129,2,43,45,65,69,19,61,71,128" hai3="60,94,98,120,8,110,13,12,42,81,52,33,107"/><T53/><D118/><U16/><E124/><V99/><F2/><W58/><G33/><T25/><D112/><U78/><E6/><V50/><F84/><W70/><G42/><T104/><D1/><U34/><E67/><V66/><F19/><W106/><G110/><T80/><D135/><U14/><E78/><V73/><F73/><W126/><G126/><T127/><D127/><U20/><E102/><V113/><F113/><W22/><G120/><T105/><D41/><U29/><E54/><V40/><F121/><W63/><G81/><T21/><D38/><U24/><E46/><N who="2" m="25927" /><F93/><W5/><G70/><N who="2" m="26633" /><F99/><W88/><REACH who="3" step="1"/><G63/><REACH who="3" ten="250,250,250,240" step="2"/><T27/><D80/><U95/><E36/><N who="2" m="21735" /><F61/><W125/><G125/><T114/><D114/><U116/><E116/><V10/><F10/><W108/><G108/><T97/><D21/><U123/><E123/><V11/><F11/><W103/><G103/><T109/><D109/><U131/><E34/><V133/><F133/><W62/><G62/><T57/><D74/><U83/><E32/><V79/><F79/><W92/><G92/><T86/><D72/><U115/><E115/><V3/><F3/><W82/><G82/><T55/><D97/><N who="1" m="57583" /><E131/><AGARI ba="0,1" hai="65,66,128,129,131" m="21735,26633,25927" machi="131" ten="30,3900,0" yaku="19,1,34,2" doraHai="100" who="2" fromWho="1" sc="250,0,250,-39,250,49,240,0" /><INIT seed="1,0,0,0,3,23" ten="250,211,299,240" oya="1" hai0="76,123,60,69,13,17,114,43,52,28,88,108,8" hai1="68,2,131,87,56,104,70,49,63,77,50,14,40" hai2="130,97,93,35,91,51,80,132,75,20,12,89,99" hai3="55,0,26,18,121,57,86,27,15,112,34,41,38"/><U16/><E2/><V129/><F35/><W126/><G121/><T94/><D114/><U1/><E1/><V64/><F64/><W7/><G112/><T72/><D108/><U113/><E104/><V42/><F42/><W82/><G38/><T46/><D28/><U135/><E113/><V5/><F51/><W48/><G34/><T98/><D123/><U67/><E135/><V122/><F122/><W37/><G126/><T111/><D111/><U71/><E131/><N who="2" m="50187" /><F132/><W6/><G37/><T3/><D3/><U125/><E125/><V4/><F99/><W78/><G41/><T96/><D69/><U62/><E40/><V36/><F36/><W24/><REACH who="3" step="1"/><G0/><REACH who="3" ten="250,211,299,230" step="2"/><T47/><D43/><U44/><E44/><V53/><F4/><W100/><G100/><T10/><D46/><U79/><E63/><V45/><F5/><W66/><G66/><T110/><D110/><U19/><E50/><V120/><F120/><W59/><G59/><N who="0" m="34919" /><D47/><U39/><E39/><V85/><F45/><W21/><AGARI ba="0,1" hai="6,7,15,18,21,24,26,27,48,55,57,78,82,86" machi="21" ten="30,12000,2" yaku="1,1,0,1,8,1,52,3,53,1" doraHai="23" doraHaiUra="54" who="3" fromWho="3" sc="250,-30,211,-60,299,-30,230,130" /><INIT seed="2,0,0,0,5,101" ten="220,151,269,360" oya="2" hai0="96,42,48,19,74,38,90,134,24,11,43,4,93" hai1="124,78,7,6,106,41,52,36,5,132,95,116,112" hai2="68,109,1,62,61,51,97,18,98,79,59,118,69" hai3="72,64,108,12,128,10,50,129,113,20,83,81,70"/><V17/><F118/><W28/><G108/><T75/><D38/><U60/><E112/><V0/><F109/><W88/><G113/><T85/><D134/><U111/><E111/><V47/><F79/><W58/><G70/><T65/><D65/><U76/><E116/><V89/><F59/><W25/><G72/><T105/><D75/><U114/><E114/><V135/><F51/><W133/><G88/><N who="0" m="55335" /><D105/><U122/><E132/><V56/><F56/><W27/><G27/><T71/><D74/><U9/><E124/><V8/><F89/><W37/><G37/><T110/><D71/><U33/><E33/><V63/><F63/><N who="3" m="38007" /><G50/><T131/><D131/><N who="3" m="50249" /><G133/><T40/><D110/><U86/><E122/><V94/><F47/><W100/><G100/><T73/><D73/><U92/><E106/><V103/><F103/><W35/><G35/><T15/><D48/><U26/><E26/><V91/><F91/><W77/><G77/><T49/><D49/><U66/><E36/><V32/><F32/><W87/><G87/><T125/><D125/><U39/><E78/><V120/><F135/><W44/><G44/><T126/><D126/><U2/><E39/><V80/><F120/><W21/><G21/><N who="0" m="13375" /><D42/><U121/><E41/><V16/><F69/><W117/><G117/><T23/><D23/><U104/><E104/><V31/><F68/><W13/><G13/><T107/><D107/><U3/><E121/><V57/><F0/><N who="1" m="41" /><E66/><V14/><F1/><W45/><G45/><T130/><D130/><U55/><E9/><V34/><F34/><W99/><G99/><T30/><D30/><RYUUKYOKU ba="0,0" sc="220,15,151,-15,269,-15,360,15" hai0="4,11,15,40,43,85,90" hai3="10,12,20,25,28,81,83" /><INIT seed="3,1,0,2,4,7" ten="235,136,254,375" oya="3" hai0="66,52,127,39,69,119,4,126,124,108,80,60,71" hai1="57,130,59,67,93,34,103,12,55,37,102,72,105" hai2="78,112,92,42,91,36,134,125,120,89,131,97,82" hai3="62,86,1,76,122,54,58,31,79,75,101,33,2"/><W35/><G101/><T123/><D123/><U81/><E37/><V43/><F36/><W111/><G35/><T32/><D108/><U44/><E130/><V28/><F112/><W23/><G33/><T29/><D119/><U84/><E34/><V77/><F131/><W19/><G31/><T98/><D39/><U0/><E0/><V30/><F120/><W83/><G111/><T11/><D80/><U65/><E105/><V117/><F117/><W88/><G79/><N who="2" m="30217" /><F125/><W8/><G8/><T51/><D98/><U85/><E72/><V50/><F134/><W6/><G6/><T114/><D114/><U53/><E12/><V38/><F38/><W15/><G122/><T10/><D4/><U118/><E118/><V68/><F68/><W17/><G17/><T128/><D69/><U110/><E110/><V104/><F104/><W47/><G47/><N who="0" m="27775" /><D128/><U26/><E44/><N who="2" m="25879" /><F43/><W115/><G115/><T116/><D116/><U113/><E113/><V61/><F61/><W106/><G106/><T46/><D46/><U132/><E132/><V24/><F24/><AGARI ba="1,0" hai="10,11,24,29,32,60,66,71,124,126,127" m="27775" machi="24" ten="30,7700,0" yaku="18,1,52,2,54,1" doraHai="7" who="0" fromWho="2" sc="235,80,136,0,254,-80,375,0" owari="315,11.5,136,-36.4,174,-22.6,375,47.5" /></mjloggm>