<mjloggm ver="2.3"><GO type="225" lobby="0"/><UN n0="%E7%89%B9%E6%9D%B1%E3%81%AF%E4%B8%96%E7%95%8C%E3%82%92%E6%95%91%E3%81%86" n1="%E3%81%A1%E3%82%85%E3%81%86%E3%81%A9%E3%81%8F%E8%B1%A1%E3%81%95%E3%82%93" n2="%E6%80%AA%E3%81%97%E3%81%99%E3%81%8E%E3%82%8B%E3%83%81%E3%83%BC" n3="%E5%A4%96%E5%B7%9D%E7%AB%9C%E6%88%90" dan="16,17,16,16" rate="2090.40,2200.76,2075.84,2070.27" sx="M,M,M,M"/><TAIKYOKU oya="0"/><INIT seed="0,0,0,0,1,70" ten="250,250,250,250" oya="0" hai0="34,114,38,128,118,26,60,46,68,42,0,96,22" hai1="39,76,30,14,13,21,88,97,64,126,133,120,89" hai2="6,77,29,95,20,135,58,103,50,5,49,19,99" hai3="82,43,73,67,31,44,90,11,129,71,56,74,17"/><T1/><D114/><U27/><E120/><V63/><F135/><W8/><G71/><T110/><D118/><U132/><E76/><V16/><F77/><W91/><G31/><T109/><D128/><U35/><E64/><N who="2" m="39031" /><F29/><W52/><G67/><N who="0" m="41063" /><D96/><U72/><E72/><V47/><F19/><W106/><G106/><T66/><D66/><U119/><E119/><V102/><F102/><W75/><G129/><T94/><D94/><N who="1" m="56519" /><E89/><V87/><F87/><W3/><G8/><T28/><D22/><U79/><E79/><V51/><F47/><W45/><G45/><T2/><AGARI ba="0,0" hai="0,1,2,26,28,34,38,42,46,109,110" m="41063" machi="2" ten="40,3900,0" yaku="23,1,52,1" doraHai="70" who="0" fromWho="0" sc="250,39,250,-13,250,-13,250,-13" /><INIT seed="0,1,0,1,5,131" ten="289,237,237,237" oya="0" hai0="88,58,73,43,61,91,65,34,72,24,51,57,94" hai1="92,97,122,66,22,7,41,19,78,129,37,0,126" hai2="99,110,47,75,81,50,68,76,109,36,103,93,67" hai3="6,40,112,53,3,80,20,89,63,111,86,60,102"/><T16/><D91/><U45/><E122/><V106/><F36/><W32/><G32/><T33/><D33/><U79/><E129/><V28/><F93/><W96/><G112/><T116/><D116/><U100/><E126/><V82/><F82/><W69/><G40/><T10/><D34/><U49/><E37/><V39/><F28/><W123/><G123/><T132/><D132/><U62/><E7/><V74/><F74/><W44/><G69/><T9/><D73/><U119/><E0/><V25/><F25/><W8/><G20/><N who="0" m="13319" /><D72/><U113/><E113/><V4/><F4/><W120/><G111/><N who="2" m="42505" /><F39/><W90/><G90/><T83/><D83/><U117/><E117/><V77/><F77/><W54/><G120/><T128/><D128/><U35/><E35/><V107/><F68/><W56/><G44/><N who="0" m="26015" /><D58/><N who="1" m="37207" /><E119/><V12/><F107/><W15/><G3/><T95/><D95/><U114/><E114/><V130/><F130/><W17/><G102/><T104/><D104/><U48/><E48/><V13/><F67/><W59/><G96/><AGARI ba="1,0" hai="9,10,57,61,65,88,94,96" m="26015,13319" machi="96" ten="30,5800,0" yaku="8,1,54,2" doraHai="131" who="0" fromWho="3" sc="289,61,237,0,237,0,237,-61" /><INIT seed="0,2,0,0,1,84" ten="350,237,237,176" oya="0" hai0="23,70,56,130,61,132,35,115,5,133,8,19,122" hai1="82,60,49,80,34,32,6,109,113,52,72,124,71" hai2="120,104,95,58,11,79,4,51,12,2,42,24,38" hai3="93,106,117,91,85,100,76,128,62,126,68,36,13"/><T41/><D115/><U116/><E116/><V107/><F120/><W110/><G117/><T44/><D35/><U22/><E6/><V54/><F24/><W46/><G110/><T14/><D70/><U0/><E0/><V78/><F12/><W37/><G128/><T105/><D105/><U121/><E121/><V102/><F95/><W131/><G126/><T59/><D130/><U101/><E101/><V135/><F135/><N who="0" m="51786" /><D61/><U74/><E60/><V21/><F21/><W90/><G76/><T118/><D118/><U28/><E71/><V119/><F119/><W66/><G131/><T67/><D67/><U111/><E124/><V83/><F102/><W96/><G46/><T64/><D64/><U98/><E113/><V123/><F79/><W25/><G13/><N who="0" m="9711" /><D122/><U31/><E32/><V45/><REACH who="2" step="1"/><F123/><REACH who="2" ten="350,237,227,176" step="2"/><W9/><G9/><T97/><D97/><U30/><E98/><V10/><F10/><W114/><G114/><T39/><AGARI ba="2,1" hai="5,8,14,39,41,44,56,59" m="9711,51786" machi="39" ten="30,1500,0" yaku="20,1" doraHai="84" who="0" fromWho="0" sc="350,31,237,-7,227,-7,176,-7" /><INIT seed="0,3,0,3,5,62" ten="381,230,220,169" oya="0" hai0="65,74,69,12,15,75,110,101,98,63,134,70,92" hai1="19,126,97,106,105,120,7,113,127,51,0,40,54" hai2="30,49,124,87,103,94,36,90,11,68,85,135,43" hai3="60,66,55,10,78,3,128,22,100,25,31,1,13"/><T84/><D134/><U89/><E120/><V38/><F68/><W64/><G128/><T9/><D69/><U125/><E40/><V123/><F123/><W21/><G78/><T52/><D110/><U119/><E119/><V112/><F112/><W35/><G100/><T122/><D122/><U111/><E111/><V71/><F71/><W108/><G108/><T118/><D118/><U23/><E113/><V57/><F135/><W16/><G22/><T41/><D41/><U44/><E7/><V107/><F124/><W48/><G60/><T82/><D52/><U4/><E4/><V58/><F30/><W61/><G61/><T45/><D45/><U27/><REACH who="1" step="1"/><E0/><REACH who="1" ten="381,220,220,169" step="2"/><V133/><F43/><W53/><G53/><T2/><D2/><U79/><E79/><V115/><F133/><W88/><G1/><T47/><D47/><U5/><E5/><V73/><F115/><W132/><G132/><T80/><D70/><U121/><E121/><V14/><F38/><W18/><G3/><T34/><D75/><U37/><E37/><V116/><F73/><W67/><G88/><T104/><D74/><U24/><E24/><V83/><F116/><W29/><G35/><T76/><D76/><U95/><AGARI ba="3,1" hai="19,23,27,44,51,54,89,95,97,105,106,125,126,127" machi="95" ten="40,5200,0" yaku="1,1,0,1,18,1,53,0" doraHai="62" doraHaiUra="130" who="1" fromWho="1" sc="381,-29,220,71,220,-16,169,-16" /><INIT seed="1,0,0,4,5,96" ten="352,291,204,153" oya="1" hai0="54,63,120,113,78,127,117,99,64,21,112,16,118" hai1="79,109,5,114,102,13,104,119,51,56,12,83,132" hai2="91,69,93,49,98,82,129,11,76,77,38,23,59" hai3="58,14,80,90,110,10,17,1,131,124,103,62,135"/><U106/><E114/><V20/><F38/><W42/><G110/><T3/><D3/><U75/><E119/><V39/><F39/><W18/><G124/><T45/><D127/><U0/><E132/><V60/><F129/><W41/><G131/><T15/><D120/><U36/><E36/><V44/><F69/><W4/><G135/><T32/><D32/><U8/><E109/><V105/><F105/><W88/><G103/><T108/><D108/><U71/><E71/><V128/><F11/><W43/><G80/><T27/><D78/><N who="2" m="30314" /><F82/><W134/><G134/><T100/><D112/><U84/><E75/><V95/><F95/><W37/><G37/><T74/><D74/><U19/><E0/><V94/><F94/><W115/><G115/><T57/><D113/><U97/><E104/><V33/><F33/><W28/><G28/><T70/><D45/><U86/><E86/><V46/><F128/><W89/><REACH who="3" step="1"/><G1/><REACH who="3" ten="352,291,204,143" step="2"/><T72/><D118/><U107/><E107/><V31/><F31/><W9/><G9/><T29/><D117/><U126/><E126/><V130/><F130/><W116/><G116/><T81/><D81/><U122/><E106/><V111/><F111/><W85/><G85/><T35/><D72/><U22/><E102/><V26/><F93/><W133/><G133/><T65/><D100/><U67/><E97/><V123/><F123/><W34/><G34/><T125/><D99/><U2/><E122/><V52/><F98/><W48/><G48/><N who="0" m="30919" /><D125/><U50/><E2/><V7/><F49/><W55/><AGARI ba="0,1" hai="4,10,14,17,18,41,42,43,55,58,62,88,89,90" machi="55" ten="30,7900,0" yaku="1,1,0,1,8,1,54,1,53,0" doraHai="96" doraHaiUra="24" who="3" fromWho="3" sc="352,-20,291,-39,204,-20,143,89" /><INIT seed="2,0,0,3,5,28" ten="332,252,184,232" oya="2" hai0="92,20,120,19,102,67,121,47,17,123,8,95,109" hai1="63,104,21,103,68,117,122,73,32,83,45,11,71" hai2="135,96,69,129,64,14,85,49,101,107,86,106,41" hai3="46,115,60,131,97,75,79,43,105,36,62,132,16"/><V23/><F107/><W15/><G131/><T42/><D67/><U91/><E117/><V80/><F129/><W90/><G132/><T116/><D116/><U25/><E122/><V59/><F135/><W124/><G124/><T29/><D109/><U54/><E11/><V40/><F69/><W133/><G133/><T110/><D110/><U24/><E21/><V53/><F64/><W78/><G115/><T38/><D29/><N who="1" m="19495" /><E25/><V72/><F72/><W113/><G113/><T34/><D34/><U125/><E125/><V89/><REACH who="2" step="1"/><F86/><REACH who="2" ten="332,252,174,232" step="2"/><W108/><G108/><T94/><D123/><U87/><E73/><V4/><F4/><W22/><G75/><T7/><D121/><U50/><E68/><V57/><F57/><W37/><G105/><T119/><D120/><U100/><E104/><V35/><F35/><W0/><G97/><T126/><D126/><U84/><E71/><V61/><F61/><W81/><G62/><T52/><D119/><U33/><E63/><V127/><F127/><W98/><G60/><T18/><D7/><U76/><E33/><V44/><F44/><W5/><G98/><T99/><D99/><U74/><E74/><V39/><F39/><W26/><G37/><T56/><D38/><U13/><E84/><V88/><F88/><W82/><G90/><T65/><D65/><U70/><E70/><V12/><F12/><W130/><G130/><T48/><D102/><N who="1" m="38955" /><E13/><V51/><F51/><W66/><G66/><T30/><D56/><U3/><E91/><V2/><F2/><W134/><G0/><T6/><D6/><U128/><E3/><RYUUKYOKU ba="0,1" sc="332,-15,252,15,174,15,232,-15" hai1="45,50,54,76,83,87,128" hai2="14,23,40,41,49,53,59,80,85,89,96,101,106" /><INIT seed="2,1,1,0,1,74" ten="317,267,189,217" oya="2" hai0="126,66,13,12,18,30,71,82,91,21,24,41,134" hai1="108,26,102,46,19,81,11,47,85,104,70,119,10" hai2="67,111,92,68,89,105,78,4,133,109,53,36,1" hai3="50,112,32,16,95,63,132,69,129,58,22,2,31"/><V121/><F121/><W51/><G129/><T116/><D134/><U118/><E70/><V65/><F133/><W87/><G132/><T127/><D116/><U103/><E108/><N who="2" m="41547" /><F105/><W61/><G2/><T107/><D107/><U44/><E26/><V57/><F36/><W123/><G123/><T34/><D41/><U97/><E103/><V25/><F68/><W76/><G112/><T84/><D71/><U29/><E29/><V113/><F113/><W128/><G128/><T6/><D66/><U93/><E104/><V55/><F25/><N who="3" m="14535" /><G32/><T130/><D130/><U64/><E64/><N who="2" m="24651" /><F57/><W125/><G125/><N who="0" m="47627" /><D6/><U33/><E33/><V7/><F78/><W14/><G31/><T86/><D86/><U101/><E119/><V3/><F4/><W98/><G69/><T72/><D72/><U99/><E19/><V124/><F124/><W135/><G135/><T52/><D13/><U131/><E118/><V60/><F60/><N who="3" m="23115" /><G14/><T88/><D52/><N who="2" m="20042" /><F7/><W96/><G58/><T5/><D5/><U94/><E131/><V17/><F17/><W15/><G76/><AGARI ba="1,1" hai="12,18,21,24,30,34,76,82,84,88,91" m="47627" machi="76" ten="30,3900,0" yaku="18,1,52,1,54,1" doraHai="74" who="0" fromWho="3" sc="317,52,267,0,189,0,217,-42" /><AGARI ba="1,0" hai="10,11,44,46,47,76,81,85,93,94,97,99,101,102" machi="76" ten="40,5200,0" yaku="9,1,8,1,52,1" doraHai="74" who="1" fromWho="3" sc="369,0,267,52,189,0,175,-52" /><INIT seed="3,0,0,3,4,21" ten="369,319,189,123" oya="3" hai0="81,40,93,1,101,89,2,75,76,25,57,22,56" hai1="60,92,79,119,27,10,108,9,32,121,127,86,130" hai2="83,113,55,128,110,131,30,126,7,115,125,36,87" hai3="114,118,73,74,14,134,98,88,4,12,8,51,45"/><W123/><G114/><N who="2" m="43529" /><F36/><W0/><G118/><T68/><D68/><U82/><E121/><V49/><F30/><W96/><G123/><T47/><D101/><U23/><E32/><V58/><F7/><W132/><G0/><T120/><D57/><U19/><E119/><V66/><F110/><W41/><G14/><T72/><D56/><U122/><E122/><V44/><F66/><W16/><G4/><T129/><D129/><N who="2" m="49738" /><F44/><W97/><REACH who="3" step="1"/><G88/><AGARI ba="0,0" hai="49,55,58,83,87,88,125,126" m="49738,43529" machi="88" ten="30,2000,0" yaku="19,1,54,1" doraHai="21" who="2" fromWho="3" sc="369,0,319,0,189,20,123,-20" owari="369,46.9,319,11.9,209,-19.1,103,-39.7" /></mjloggm>