<mjloggm ver="2.3"><GO type="225" lobby="0"/><UN n0="%6D%75%75%6D%75%72%61" n1="%E3%81%BE%E3%81%8B%E3%81%B7%E3%82%93" n2="%E8%AB%B8%E8%91%9B%E4%BA%AE" n3="%E5%B0%8F%37%34" dan="16,16,16,16" rate="2080.02,2112.01,2120.34,2103.87" sx="F,M,M,M"/><TAIKYOKU oya="0"/><INIT seed="0,0,0,3,2,128" ten="250,250,250,250" oya="0" hai0="110,51,61,127,93,67,115,98,62,25,38,106,91" hai1="89,84,18,17,87,80,99,24,6,66,55,5,28" hai2="123,15,35,118,52,0,37,16,58,134,23,95,82" hai3="112,79,53,107,1,86,63,78,100,56,48,126,41"/><T9/><D38/><U73/><E73/><V132/><F123/><W104/><G112/><T108/><D115/><U4/><E66/><V83/><F37/><W31/><G126/><T125/><D106/><U97/><E87/><V27/><F0/><W32/><G1/><T90/><D51/><U30/><E55/><V101/><F118/><W133/><G32/><T120/><D120/><U64/><E64/><V85/><F35/><W116/><G31/><T33/><D9/><U72/><E72/><V74/><F27/><W119/><G116/><T26/><D33/><U2/><E2/><V122/><F122/><W22/><G119/><T12/><D12/><U131/><E131/><V102/><F74/><W130/><G130/><T117/><D117/><U113/><E113/><V69/><F69/><W29/><G29/><N who="1" m="11370" /><E24/><N who="0" m="9321" /><D67/><U70/><E70/><V21/><F21/><W54/><G22/><T96/><D96/><AGARI ba="0,0" hai="4,5,6,17,18,80,84,89,96,97,99" m="11370" machi="96" ten="30,1000,0" yaku="8,1" doraHai="128" who="1" fromWho="0" sc="250,-10,250,10,250,0,250,0" /><INIT seed="1,0,0,1,3,12" ten="240,260,250,250" oya="1" hai0="125,35,49,30,0,32,39,22,111,44,13,81,91" hai1="61,1,127,82,114,16,33,52,116,71,19,109,69" hai2="48,119,78,73,121,5,63,17,133,18,10,57,103" hai3="83,2,107,46,67,45,7,98,134,97,132,75,23"/><U40/><E114/><V70/><F121/><W93/><G67/><T108/><D0/><U79/><E116/><V64/><F119/><W37/><G37/><T21/><D39/><U53/><E1/><V15/><F133/><N who="3" m="51307" /><G2/><T96/><D125/><U130/><E33/><V117/><F117/><W31/><G7/><T34/><D30/><U123/><E123/><V106/><F106/><W92/><G107/><T87/><D96/><U68/><E40/><V90/><F103/><N who="3" m="60839" /><G83/><T43/><REACH who="0" step="1"/><D13/><REACH who="0" ten="230,260,250,250" step="2"/><U72/><E127/><V94/><F73/><W26/><G75/><T14/><D14/><U110/><E130/><V54/><REACH who="2" step="1"/><F78/><REACH who="2" ten="230,260,240,250" step="2"/><W128/><G128/><T99/><D99/><AGARI ba="0,2" hai="5,10,15,17,18,48,54,57,63,64,70,90,94,99" machi="99" ten="30,8000,1" yaku="1,1,2,1,7,1,52,2,53,0" doraHai="12" doraHaiUra="112" who="2" fromWho="0" sc="230,-80,260,0,240,100,250,0" /><INIT seed="2,0,0,5,5,124" ten="150,260,340,250" oya="2" hai0="128,86,90,134,76,51,8,118,73,95,4,96,37" hai1="129,61,121,10,6,32,60,132,7,47,126,3,0" hai2="93,97,12,54,106,39,109,100,120,66,63,135,35" hai3="68,133,70,20,23,110,46,91,14,105,78,45,43"/><V17/><F120/><W36/><G110/><T130/><D37/><U94/><E126/><V114/><F114/><W74/><G133/><T48/><D73/><U80/><E132/><V33/><F39/><W89/><G105/><T27/><D134/><U44/><E32/><V49/><F135/><W55/><G74/><T113/><D113/><U112/><E112/><V117/><F106/><W104/><G78/><T29/><D118/><U25/><E121/><V21/><F109/><W108/><G104/><T31/><D76/><U119/><E119/><V88/><F100/><W83/><G108/><T92/><D48/><U64/><E25/><V26/><F117/><W82/><G70/><T24/><D24/><U53/><E53/><V131/><F131/><N who="0" m="50218" /><D51/><U11/><E129/><V116/><F116/><W67/><G68/><T87/><D95/><U103/><E80/><V85/><F26/><W107/><G107/><T5/><D5/><U115/><E115/><V75/><F75/><W99/><G67/><T71/><D71/><U38/><E38/><V52/><F49/><W122/><G122/><T19/><D19/><U13/><E64/><V18/><F18/><W2/><G36/><T111/><D111/><U16/><E94/><V1/><F93/><W69/><G69/><T72/><D72/><U41/><E16/><V50/><F17/><W127/><G127/><T30/><D27/><U79/><E61/><V59/><F50/><W9/><G55/><T22/><D22/><U56/><E60/><V125/><F63/><W40/><G20/><T57/><D57/><U123/><E56/><RYUUKYOKU ba="0,0" sc="150,30,260,-10,340,-10,250,-10" hai0="4,8,29,30,31,86,87,90,92,96" /><INIT seed="3,1,0,4,4,3" ten="180,250,330,240" oya="3" hai0="8,27,96,53,135,85,2,117,77,48,90,69,55" hai1="124,65,18,23,13,68,101,62,58,35,99,131,64" hai2="79,67,5,34,130,88,38,50,119,125,72,89,81" hai3="78,73,126,129,51,28,9,86,122,4,24,80,95"/><W40/><G122/><T76/><D117/><U19/><E131/><V57/><F119/><W102/><G129/><T52/><D135/><U94/><E124/><V115/><F38/><W1/><G126/><T98/><D69/><U44/><E35/><V114/><F34/><W56/><G102/><T12/><D2/><U106/><E106/><V6/><F125/><W93/><G73/><T103/><D27/><U10/><E44/><V39/><F130/><W123/><G123/><T22/><D22/><U36/><E36/><V30/><F39/><W116/><G116/><T105/><D48/><U11/><E68/><V70/><F30/><W120/><G120/><T0/><D0/><U47/><E47/><V26/><F26/><W111/><G111/><T121/><D121/><U112/><E112/><V46/><F70/><W54/><REACH who="3" step="1"/><G40/><REACH who="3" ten="180,250,330,230" step="2"/><T42/><D42/><U71/><E71/><V132/><F114/><W60/><G60/><T20/><D20/><AGARI ba="1,1" hai="1,4,9,20,24,28,51,54,56,78,80,86,93,95" machi="20" ten="30,11600,0" yaku="1,1,7,1,52,1,53,1" doraHai="3" doraHaiUra="75" who="3" fromWho="0" sc="180,-119,250,0,330,0,230,129" owari="61,-43.9,250,-15.0,330,13.0,359,45.9" /></mjloggm>