<mjloggm ver="2.3"><GO type="225" lobby="0"/><UN n0="%E3%81%99%E3%81%84%E3%81%BE%E3%81%9B%E3%83%BC%E3%82%93" n1="%E5%B8%86%E7%AB%8B%E5%A4%8F%E8%A1%A3" n2="%72%69%6F%75%63%68%61%6E" n3="%E3%81%AF%E3%82%88%E3%81%8A%E3%81%98%E3%81%95%E3%82%93" dan="16,16,17,16" rate="2147.76,2091.57,2251.21,2154.27" sx="M,M,M,M"/><TAIKYOKU oya="0"/><INIT seed="0,0,0,4,3,131" ten="250,250,250,250" oya="0" hai0="128,8,79,55,123,11,87,134,84,51,43,49,48" hai1="80,129,34,7,23,53,99,82,24,75,101,64,69" hai2="76,85,22,28,115,124,93,86,77,130,119,42,104" hai3="108,112,120,97,62,127,0,36,26,18,91,32,135"/><T2/><D123/><U105/><E129/><V57/><F130/><W56/><G112/><T12/><D128/><U74/><E7/><V29/><F115/><W90/><G36/><T47/><D134/><U78/><E53/><V102/><F124/><W98/><G0/><T113/><D113/><U59/><E59/><V95/><F119/><W37/><G37/><T68/><D68/><U72/><E80/><V89/><F42/><W30/><G127/><T92/><D2/><U5/><E5/><V61/><F104/><W107/><G120/><T44/><D51/><U125/><E23/><V31/><F22/><W45/><G45/><T67/><D67/><U117/><E117/><V121/><F121/><W81/><G108/><T96/><D79/><U50/><E50/><V122/><F122/><W27/><G135/><T20/><D20/><U1/><E1/><V46/><F46/><W133/><G133/><T25/><D25/><U3/><E3/><V52/><REACH who="2" step="1"/><F85/><REACH who="2" ten="250,250,240,250" step="2"/><N who="3" m="50479" /><G107/><T100/><REACH who="0" step="1"/><D8/><REACH who="0" ten="240,250,240,250" step="2"/><U54/><E125/><V88/><F88/><W58/><G91/><T126/><D126/><U110/><E110/><V111/><F111/><W65/><G32/><T33/><D33/><U116/><E116/><V132/><F132/><W39/><G27/><T66/><D66/><U40/><E24/><V16/><F16/><AGARI ba="0,2" hai="11,12,16,43,44,47,48,49,55,84,87,92,96,100" machi="16" ten="30,11600,0" yaku="1,1,7,1,8,1,54,1,53,0" doraHai="131" doraHaiUra="60" who="0" fromWho="2" sc="240,136,250,0,240,-116,250,0" /><INIT seed="0,1,0,3,1,98" ten="376,250,124,250" oya="0" hai0="12,57,24,52,89,106,29,67,82,11,105,16,64" hai1="103,117,77,121,32,113,26,102,46,85,44,59,62" hai2="42,75,17,101,65,28,80,9,7,6,88,100,72" hai3="22,55,128,27,47,15,115,96,33,87,81,10,20"/><T66/><D82/><N who="1" m="47311" /><E32/><V95/><F42/><W126/><G115/><T94/><D89/><U60/><E117/><V133/><F133/><W68/><G68/><T35/><REACH who="0" step="1"/><D94/><REACH who="0" ten="366,250,124,250" step="2"/><U36/><E113/><V114/><F114/><W21/><G81/><T109/><D109/><U48/><E121/><V112/><F112/><W90/><G90/><T4/><D4/><N who="2" m="1578" /><F72/><W116/><G87/><T124/><D124/><U43/><E103/><N who="2" m="39499" /><F75/><W63/><G126/><T76/><D76/><U31/><E102/><V132/><F132/><W50/><G96/><T118/><D118/><U84/><E84/><V53/><F80/><W127/><G116/><T110/><D110/><U120/><E120/><V79/><F79/><W13/><G127/><T14/><D14/><U78/><E78/><V19/><F65/><W119/><G119/><T69/><D69/><U49/><E26/><V56/><F28/><W58/><G27/><T108/><D108/><U71/><E31/><V25/><F25/><W107/><G15/><T37/><D37/><U38/><E38/><V130/><F130/><W23/><G13/><T3/><D3/><U30/><E30/><V8/><F17/><W92/><G128/><T61/><AGARI ba="1,1" hai="11,12,16,24,29,35,52,57,61,64,66,67,105,106" machi="61" ten="30,11700,0" yaku="1,1,0,1,54,2,53,0" doraHai="98" doraHaiUra="129" who="0" fromWho="0" sc="366,130,250,-40,124,-40,250,-40" /><INIT seed="0,2,0,3,5,104" ten="496,210,84,210" oya="0" hai0="122,60,71,65,113,67,61,117,39,28,24,123,53" hai1="68,75,98,108,74,91,17,92,79,109,77,5,2" hai2="119,30,62,8,54,11,85,76,115,4,112,131,29" hai3="134,50,9,64,38,72,23,35,45,63,102,6,26"/><T110/><D113/><U22/><E68/><V55/><F131/><W51/><G35/><T57/><D117/><U90/><E5/><V40/><F119/><W93/><G72/><N who="1" m="27690" /><E2/><V27/><F40/><W116/><G116/><T118/><D118/><U99/><E17/><V78/><F85/><W82/><G134/><T126/><D110/><N who="1" m="42603" /><E22/><V87/><F87/><W114/><G23/><T20/><D126/><U86/><E99/><V94/><F94/><AGARI ba="2,0" hai="77,79,86,90,91,92,94,98" m="42603,27690" machi="94" ten="30,12000,2" yaku="14,1,34,2,52,3" doraHai="104" who="1" fromWho="2" sc="496,0,210,126,84,-126,210,0" owari="496,59.6,336,13.6,-42,-54.2,210,-19.0" /></mjloggm>