<mjloggm ver="2.3"><GO type="225" lobby="0"/><UN n0="%74%2E%6F%2E%6F%2E%73" n1="%72%65%6E%6B%75%6E" n2="%E3%81%A4%E3%81%A3%E3%81%B1%E3%82%8A%E3%83%9D%E3%83%BC%E3%83%AB" n3="%6B%79%6F%6E%6B%6F%31%31" dan="18,17,17,17" rate="2154.29,2255.46,2224.62,2163.90" sx="M,M,M,M"/><TAIKYOKU oya="0"/><INIT seed="0,0,0,3,2,119" ten="250,250,250,250" oya="0" hai0="117,134,63,82,31,26,112,129,85,64,122,121,13" hai1="70,10,115,3,78,2,99,0,20,6,93,77,27" hai2="47,92,57,32,80,118,128,107,22,65,59,100,38" hai3="42,94,40,83,21,98,29,114,79,51,66,75,35"/><T50/><D112/><U23/><E70/><V67/><F32/><W103/><G114/><T37/><D37/><U25/><E115/><V74/><F107/><W54/><G35/><T91/><D117/><U108/><E108/><V113/><F113/><W86/><G66/><T127/><D127/><U12/><E23/><V11/><F118/><W46/><REACH who="3" step="1"/><G75/><REACH who="3" ten="250,250,250,240" step="2"/><T56/><D129/><U43/><E43/><V106/><F67/><W104/><G104/><T33/><D134/><U8/><E8/><V88/><F65/><W102/><G102/><T15/><REACH who="0" step="1"/><D50/><REACH who="0" ten="240,250,250,240" step="2"/><U131/><E131/><V133/><F38/><W36/><G36/><T17/><D17/><U24/><REACH who="1" step="1"/><E20/><REACH who="1" ten="240,240,250,240" step="2"/><V109/><F22/><W73/><G73/><T16/><D16/><U111/><E111/><V18/><F74/><W97/><G97/><T49/><D49/><U19/><E19/><V44/><F109/><W110/><G110/><T62/><D62/><U95/><E95/><V41/><F128/><W101/><G101/><AGARI ba="0,3" hai="0,2,3,6,10,12,24,25,27,77,78,93,99,101" machi="101" ten="50,1600,0" yaku="1,1,53,0" doraHai="119" doraHaiUra="120" who="1" fromWho="3" sc="240,0,240,46,250,0,240,-16" /><INIT seed="1,0,0,5,4,52" ten="240,286,250,224" oya="1" hai0="126,94,33,78,109,71,80,13,38,18,21,119,70" hai1="30,73,93,79,134,17,45,123,120,61,46,4,116" hai2="111,58,104,36,50,76,113,47,86,103,41,128,59" hai3="34,0,51,54,106,16,1,49,3,37,117,124,83"/><U115/><E115/><V24/><F36/><W88/><G37/><T63/><D119/><U122/><E116/><V82/><F113/><W67/><G117/><T91/><D38/><U12/><E134/><V89/><F111/><W132/><G106/><T44/><D33/><U130/><E130/><V29/><F128/><W25/><G132/><T108/><D44/><U68/><E30/><V129/><F129/><W81/><G67/><T26/><D126/><U19/><E4/><V102/><F76/><W69/><G49/><T85/><D26/><U60/><E93/><V27/><F27/><W53/><G54/><T84/><REACH who="0" step="1"/><D63/><REACH who="0" ten="230,286,250,224" step="2"/><U11/><E61/><V55/><F41/><W133/><G124/><T77/><D77/><U131/><E131/><V97/><REACH who="2" step="1"/><F103/><REACH who="2" ten="230,286,240,224" step="2"/><W98/><G133/><T10/><D10/><U110/><E11/><V14/><F14/><W6/><G0/><T74/><D74/><U90/><E73/><V62/><F62/><W95/><G1/><T39/><D39/><U65/><E122/><V48/><F48/><W42/><G42/><T28/><D28/><U40/><E79/><V112/><F112/><W72/><G72/><T7/><D7/><U2/><E120/><V8/><F8/><W118/><G118/><T114/><D114/><U32/><E123/><V107/><F107/><W5/><G3/><T56/><D56/><U57/><E57/><V20/><AGARI ba="0,2" hai="20,24,29,47,50,55,58,59,82,86,89,97,102,104" machi="20" ten="20,8000,1" yaku="1,1,0,1,7,1,52,2,53,0" doraHai="52" doraHaiUra="127" who="2" fromWho="2" sc="230,-20,286,-40,240,100,224,-20" /><INIT seed="2,0,0,3,3,96" ten="210,246,340,204" oya="2" hai0="100,22,18,97,112,58,19,48,88,105,101,16,74" hai1="17,102,98,84,34,37,0,124,108,7,64,83,129" hai2="1,69,54,125,130,23,110,46,44,47,15,122,66" hai3="24,38,71,109,123,106,45,4,11,61,9,43,114"/><V3/><F122/><W65/><G123/><T13/><D112/><U99/><E37/><V42/><F130/><W86/><G114/><T80/><D74/><U36/><E36/><V82/><F42/><W27/><G109/><T78/><D78/><U55/><E34/><V57/><F110/><W93/><G106/><T2/><D2/><U77/><E108/><V75/><F125/><W67/><G67/><T90/><D105/><U6/><E129/><V91/><F66/><W115/><G115/><T12/><D19/><U62/><E124/><V26/><F15/><W20/><G27/><T107/><D80/><U21/><E55/><V49/><F69/><W128/><G128/><T119/><D119/><U127/><E98/><V116/><F116/><W120/><G120/><T85/><D85/><U14/><E0/><V25/><F25/><W81/><G93/><N who="0" m="56487" /><D90/><U72/><E72/><V111/><F91/><W10/><G4/><T29/><D29/><U52/><E127/><V31/><REACH who="2" step="1"/><F111/><REACH who="2" ten="210,246,330,204" step="2"/><W53/><G53/><N who="0" m="32039" /><D107/><U39/><E39/><V103/><F103/><W51/><G38/><T87/><D87/><U133/><E84/><V60/><F60/><W32/><G86/><T33/><D33/><U79/><E62/><V28/><F28/><N who="3" m="17415" /><G32/><T113/><D113/><U134/><E77/><AGARI ba="0,1" hai="1,3,23,26,31,44,46,47,49,54,57,75,77,82" machi="77" ten="40,3900,0" yaku="1,1,53,1" doraHai="96" doraHaiUra="73" who="2" fromWho="1" sc="210,0,246,-39,330,49,204,0" /><INIT seed="2,1,0,1,1,54" ten="210,207,379,204" oya="2" hai0="63,76,5,4,6,96,44,108,119,120,34,107,64" hai1="45,86,69,19,131,12,50,101,38,42,109,102,123" hai2="21,15,132,82,113,59,32,70,97,115,79,43,60" hai3="135,128,133,75,39,127,126,56,72,55,25,18,27"/><V71/><F32/><W23/><G39/><T17/><D120/><U134/><E123/><V62/><F43/><W41/><G41/><T121/><D121/><U47/><E69/><V116/><F116/><W1/><G1/><T122/><D122/><U111/><E131/><V89/><F15/><W3/><G3/><T118/><D108/><N who="1" m="41547" /><E86/><V66/><F21/><W114/><G25/><T40/><D76/><U29/><E29/><V20/><F20/><W93/><G93/><T11/><D34/><U8/><E134/><N who="3" m="51210" /><G114/><T28/><D28/><U16/><E19/><V90/><F132/><W98/><G98/><T46/><D17/><U91/><E91/><V49/><F97/><W67/><G67/><T30/><D30/><U106/><E106/><V95/><F66/><W125/><G128/><T68/><D11/><U65/><E65/><V9/><F9/><W53/><G53/><AGARI ba="1,0" hai="8,12,16,38,42,45,47,50,53,101,102" m="41547" machi="53" ten="30,2000,0" yaku="14,1,54,1" doraHai="54" who="1" fromWho="3" sc="210,0,207,23,379,0,204,-23" /><INIT seed="3,0,0,5,2,117" ten="210,230,379,181" oya="3" hai0="27,22,124,77,31,23,67,54,10,62,133,61,59" hai1="135,30,55,4,40,0,106,47,53,2,123,99,60" hai2="1,120,80,48,92,78,101,71,83,12,89,72,42" hai3="64,51,114,37,70,46,69,6,7,94,24,100,81"/><W58/><G114/><T134/><D124/><U63/><E123/><V131/><F1/><W8/><G37/><T3/><D77/><U18/><E135/><N who="0" m="51721" /><D3/><U29/><E18/><V118/><F71/><W21/><G70/><N who="0" m="42351" /><D10/><U74/><E47/><V16/><F78/><W110/><G69/><T14/><D14/><U11/><E99/><V65/><F65/><W75/><G110/><T15/><D15/><U109/><E74/><V9/><F83/><W32/><G32/><AGARI ba="0,0" hai="22,23,27,31,32,54,59,62" m="42351,51721" machi="32" ten="30,1000,0" yaku="20,1" doraHai="117" who="0" fromWho="3" sc="210,10,230,0,379,0,181,-10" owari="220,-18.0,230,3.0,379,47.9,171,-32.9" /></mjloggm>