<mjloggm ver="2.3"><GO type="225" lobby="0"/><UN n0="%62%6F%6E%6F%73%2E%2E" n1="%E6%80%AA%E3%81%97%E3%81%99%E3%81%8E%E3%82%8B%E3%83%81%E3%83%BC" n2="%72%69%6F%75%63%68%61%6E" n3="%E3%81%8B%E3%82%8F%E3%81%A1%E3%82%83%E3%82%93%35%38" dan="17,16,16,16" rate="2206.48,2065.01,2186.28,2091.34" sx="M,M,M,M"/><TAIKYOKU oya="0"/><INIT seed="0,0,0,3,5,33" ten="250,250,250,250" oya="0" hai0="23,34,116,36,30,22,24,8,38,130,111,114,48" hai1="123,52,83,102,121,113,110,89,25,117,6,12,100" hai2="66,51,64,14,90,131,9,59,96,84,95,104,7" hai3="93,80,88,103,41,87,69,43,115,10,124,91,125"/><T2/><D114/><U105/><E113/><V97/><F131/><W128/><G115/><T92/><D116/><U108/><E117/><V126/><F126/><N who="3" m="48747" /><G69/><T4/><D130/><U18/><E25/><V86/><F84/><N who="3" m="50183" /><G128/><T26/><D111/><N who="1" m="42539" /><E6/><V32/><F32/><W53/><G103/><N who="1" m="39466" /><E52/><N who="2" m="32159" /><F104/><W37/><G37/><T134/><D134/><U0/><E0/><V129/><F129/><W112/><G112/><T15/><D92/><U67/><E67/><AGARI ba="0,0" hai="7,9,14,64,66,67,86,90,95,96,97" m="32159" machi="67" ten="30,2000,0" yaku="8,1,54,1" doraHai="33" who="2" fromWho="1" sc="250,0,250,-20,250,20,250,0" /><INIT seed="1,0,0,0,2,95" ten="250,230,270,250" oya="1" hai0="132,21,9,39,77,8,11,48,85,20,25,117,79" hai1="51,28,0,70,29,131,102,35,49,62,109,84,36" hai2="65,12,47,71,87,30,100,86,90,55,57,13,101" hai3="91,99,83,67,113,133,56,40,6,58,69,68,50"/><U128/><E36/><V92/><F30/><N who="1" m="11881" /><E0/><V19/><F71/><W114/><G99/><T88/><D39/><U126/><E35/><V26/><F65/><W52/><G91/><T32/><D117/><U119/><E119/><V1/><F1/><W74/><G83/><N who="0" m="49215" /><D32/><U41/><E126/><V2/><F2/><W123/><G6/><T127/><D127/><U4/><E4/><V14/><F47/><N who="3" m="25959" /><G74/><T111/><D111/><U42/><E109/><V80/><F26/><W104/><G104/><T46/><D132/><U34/><E34/><V23/><F101/><W37/><G123/><T72/><D72/><U134/><E102/><V110/><F110/><W53/><G133/><T64/><D64/><N who="1" m="41239" /><E84/><V82/><F100/><W121/><G121/><T105/><D105/><U45/><E134/><V115/><F115/><N who="3" m="44043" /><G67/><T108/><D108/><U18/><E18/><V94/><F80/><W103/><G103/><T5/><D5/><U16/><E16/><N who="2" m="10631" /><F86/><W3/><G3/><T54/><D21/><U10/><E10/><N who="0" m="4201" /><D20/><U15/><E15/><N who="2" m="5643" /><F19/><W61/><G37/><T78/><N who="0" m="4209" /><T43/><DORA hai="97" /><D25/><U33/><E33/><V31/><F31/><W130/><G130/><N who="1" m="49706" /><E42/><AGARI ba="0,0" hai="42,43,46,48,54,77,78,79" m="4209,49215" machi="42" ten="40,2600,0" yaku="8,1,54,1" doraHai="95,97" who="0" fromWho="1" sc="250,26,230,-26,270,0,250,0" /><INIT seed="2,0,0,5,1,8" ten="276,204,270,250" oya="2" hai0="117,40,135,102,134,3,65,43,125,50,23,129,60" hai1="51,113,130,62,36,91,63,59,89,44,93,98,25" hai2="48,5,103,56,120,2,116,128,69,7,35,34,73" hai3="30,71,42,124,37,115,81,94,13,24,20,55,16"/><V72/><F116/><W11/><G71/><T83/><D3/><U84/><E113/><V101/><F120/><W95/><G124/><T85/><D125/><U0/><E130/><V52/><F69/><W132/><G132/><N who="0" m="50731" /><D129/><U133/><E133/><V61/><F128/><W28/><G115/><T9/><D102/><U131/><E131/><V58/><F2/><W90/><G37/><T88/><D117/><U66/><E0/><V32/><F103/><W27/><G42/><T122/><D122/><U100/><E36/><V49/><F101/><W54/><G81/><T119/><D119/><U33/><E62/><V92/><F92/><W70/><G70/><N who="0" m="42279" /><D9/><U86/><E33/><V104/><F104/><W126/><G95/><T118/><D118/><U68/><E68/><V41/><F41/><W64/><G64/><T21/><D43/><U74/><E74/><N who="2" m="28779" /><F61/><W18/><G126/><T6/><D6/><N who="2" m="2058" /><F52/><N who="3" m="20011" /><G27/><T75/><D75/><U47/><E25/><V53/><F53/><W99/><AGARI ba="0,0" hai="11,13,16,18,20,24,28,30,90,94,99" m="20011" machi="99" ten="30,7900,0" yaku="8,1,52,1,54,2" doraHai="8" who="3" fromWho="3" sc="276,-20,204,-20,270,-39,250,79" /><INIT seed="3,0,0,0,4,62" ten="256,184,231,329" oya="3" hai0="2,126,116,105,130,69,28,114,82,46,107,110,27" hai1="60,115,57,20,132,67,21,19,30,78,1,64,76" hai2="43,44,111,102,3,58,39,48,131,55,103,135,33" hai3="4,85,112,12,133,6,22,49,91,72,108,117,50"/><W52/><G72/><T0/><D116/><U125/><E1/><V15/><F3/><W23/><G112/><T99/><D114/><U42/><E115/><V13/><F33/><W81/><G117/><T104/><D99/><U38/><E125/><V89/><F111/><W128/><G133/><T101/><D101/><N who="2" m="38410" /><F39/><W54/><G128/><T123/><D123/><U122/><E122/><V35/><F35/><W79/><G108/><T66/><D126/><U113/><E113/><V68/><F68/><W75/><G75/><T93/><D93/><U100/><E132/><V80/><F131/><W124/><G124/><T94/><D94/><U109/><E109/><V26/><F26/><W119/><G119/><T14/><D14/><N who="2" m="5130" /><F135/><W65/><G79/><N who="1" m="30250" /><E38/><V41/><F44/><W7/><G12/><T34/><D130/><U106/><E106/><V134/><F134/><W77/><G77/><T90/><D110/><U73/><E73/><V37/><F37/><W11/><G6/><T74/><D74/><U40/><E100/><V127/><F127/><W8/><G4/><T88/><D0/><U86/><E30/><V97/><F97/><W71/><G7/><T59/><D2/><U121/><E121/><V118/><F118/><W129/><G71/><T32/><D69/><U9/><E86/><AGARI ba="0,0" hai="41,43,48,55,58,80,86,89" m="5130,38410" machi="86" ten="30,1000,0" yaku="8,1" doraHai="62" who="2" fromWho="1" sc="256,0,184,-10,231,10,329,0" owari="256,5.6,174,-32.6,241,-15.9,329,42.9" /></mjloggm>