<mjloggm ver="2.3"><GO type="225" lobby="0"/><UN n0="%E3%83%97%E3%83%AC%E3%83%B4%E3%82%A1%E3%83%86%E3%82%A3" n1="%E3%81%B5%E3%81%98%E3%81%8B%E3%81%A4" n2="%E7%B5%82%E6%9C%AB%E3%81%AE%E6%95%91%E3%81%84" n3="%E7%A6%8F%E5%8E%9F%E9%81%A5%E3%81%A8%E7%B5%90%E5%A9%9A%E3%81%99%E3%82%8B" dan="16,16,16,17" rate="2079.11,2105.44,2093.88,2124.65" sx="F,M,F,M"/><TAIKYOKU oya="0"/><INIT seed="0,0,0,2,2,0" ten="250,250,250,250" oya="0" hai0="80,99,58,38,82,11,130,122,65,28,60,67,32" hai1="97,9,75,95,37,48,61,131,34,127,76,10,104" hai2="35,79,111,17,86,88,30,62,47,56,133,101,69" hai3="53,106,81,110,26,87,114,24,71,121,22,120,89"/><T2/><D122/><N who="3" m="47209" /><G114/><T54/><D38/><U96/><E37/><V108/><F69/><W45/><G71/><T118/><D118/><U18/><E34/><V4/><F79/><W23/><G106/><T31/><D130/><U77/><E131/><V113/><F101/><W117/><G110/><N who="2" m="42025" /><F17/><W83/><G83/><T59/><D99/><U135/><E75/><V51/><F30/><N who="0" m="11306" /><D32/><U52/><E61/><V15/><F133/><W16/><G117/><T41/><D41/><U103/><E135/><V21/><F21/><N who="3" m="13351" /><G26/><T72/><D72/><U49/><E49/><AGARI ba="0,0" hai="22,23,45,49,53,81,87,89" m="13351,47209" machi="49" ten="30,2000,0" yaku="13,1,54,1" doraHai="0" who="3" fromWho="1" sc="250,0,250,-20,250,0,250,20" /><INIT seed="1,0,0,1,0,58" ten="250,230,250,270" oya="1" hai0="8,41,82,121,128,28,55,94,76,25,48,30,52" hai1="112,119,29,62,135,133,23,65,38,2,47,108,22" hai2="51,104,78,114,109,45,69,77,57,85,72,20,110" hai3="122,111,19,56,71,116,70,103,3,46,90,81,33"/><U99/><E119/><V132/><F69/><W131/><G3/><T18/><D128/><U115/><E2/><V64/><F104/><W34/><G103/><T84/><D121/><U49/><E99/><V86/><F132/><N who="1" m="50761" /><E38/><V130/><F114/><N who="1" m="43561" /><E29/><V123/><F123/><W10/><G116/><T66/><D66/><U9/><E9/><V37/><F37/><W113/><G10/><T42/><D30/><U50/><E108/><V129/><F109/><W16/><G113/><T17/><D94/><U13/><E13/><V118/><F110/><W92/><G111/><T59/><D8/><U125/><E125/><V126/><F126/><W97/><G97/><T80/><D80/><U83/><E83/><V21/><F118/><W4/><G81/><T96/><D96/><U6/><E6/><V73/><F129/><W15/><G4/><T75/><D75/><U74/><E74/><V44/><F130/><W60/><G131/><T89/><D76/><U63/><E65/><V67/><F51/><N who="1" m="19465" /><E47/><V1/><F1/><W134/><G46/><T105/><D105/><U127/><E127/><V36/><F36/><W5/><G134/><T35/><REACH who="0" step="1"/><D55/><REACH who="0" ten="240,230,250,270" step="2"/><U14/><E14/><V68/><F68/><W88/><G15/><T120/><D120/><U27/><E27/><V39/><F39/><W61/><G122/><T26/><D26/><U100/><E100/><V98/><F98/><W91/><G70/><T24/><D24/><U95/><E95/><V124/><F124/><W107/><G92/><T53/><D53/><U43/><E43/><AGARI ba="0,1" hai="17,18,25,28,35,41,42,43,48,52,59,82,84,89" machi="43" ten="40,2600,0" yaku="1,1,54,1,53,0" doraHai="58" doraHaiUra="102" who="0" fromWho="1" sc="240,36,230,-26,250,0,270,0" /><INIT seed="2,0,0,2,1,94" ten="276,204,250,270" oya="2" hai0="118,61,106,133,135,114,19,34,97,79,100,22,88" hai1="4,90,67,72,25,42,16,116,70,109,92,54,68" hai2="131,69,64,10,132,105,123,15,65,23,119,45,99" hai3="125,0,40,57,50,20,30,44,122,112,62,108,9"/><V110/><F119/><W96/><G122/><T111/><D114/><U7/><E116/><V95/><F123/><W56/><G112/><T14/><D118/><U39/><E72/><V73/><F73/><W115/><G108/><T104/><D34/><U49/><E109/><V80/><F110/><W52/><G125/><T27/><D111/><U21/><E39/><V93/><F131/><W121/><G121/><T48/><D79/><U58/><E42/><V29/><F132/><N who="0" m="50762" /><D48/><U130/><E130/><V53/><F80/><W51/><G115/><T74/><D74/><U11/><E67/><V66/><F69/><W126/><G9/><T17/><D61/><U35/><E35/><V120/><F105/><W86/><G86/><T38/><D38/><U60/><E49/><N who="2" m="28847" /><F120/><W31/><G0/><T129/><D129/><U82/><E82/><V55/><F55/><N who="3" m="34079" /><G126/><T36/><D36/><U59/><E59/><V87/><F87/><W5/><G5/><T46/><D46/><U101/><E101/><V107/><F107/><W85/><G85/><T2/><D2/><U32/><E32/><V134/><F134/><W76/><G76/><T117/><D117/><U47/><E47/><V24/><F99/><W113/><G113/><T41/><D41/><U18/><E4/><AGARI ba="0,0" hai="4,10,15,23,24,29,64,65,66,93,95" m="28847" machi="4" ten="30,1500,0" yaku="8,1" doraHai="94" who="2" fromWho="1" sc="276,0,204,-15,250,15,270,0" /><INIT seed="2,1,0,1,1,52" ten="276,189,265,270" oya="2" hai0="135,39,130,49,25,28,125,121,134,118,131,104,98" hai1="90,93,70,3,2,14,44,41,60,78,21,51,82" hai2="123,45,109,97,15,76,43,73,113,30,22,66,27" hai3="63,35,36,111,129,101,40,11,96,119,106,126,68"/><V115/><F123/><W110/><G119/><T100/><D39/><U17/><E70/><V103/><F109/><N who="3" m="41483" /><G11/><T55/><D121/><U91/><E60/><V31/><F31/><W33/><G129/><N who="0" m="49163" /><D118/><U94/><E78/><V112/><F66/><N who="3" m="41055" /><G126/><T83/><D83/><U120/><E82/><V61/><F76/><W124/><G124/><T84/><D84/><U71/><E71/><V86/><F86/><W48/><G48/><T72/><D72/><U108/><E120/><V16/><F61/><W80/><G80/><T8/><D8/><U29/><E29/><V34/><F73/><W75/><G75/><T58/><D125/><U65/><E65/><V18/><F18/><W23/><G23/><AGARI ba="1,0" hai="23,25,28,49,55,58,98,100,104,134,135" m="49163" machi="23" ten="30,2000,0" yaku="19,1,52,1" doraHai="52" who="0" fromWho="3" sc="276,23,189,0,265,0,270,-23" /><INIT seed="3,0,0,3,5,3" ten="299,189,265,247" oya="3" hai0="114,125,91,89,46,108,54,40,36,117,93,126,37" hai1="69,90,132,9,38,33,42,116,11,96,28,100,10" hai2="81,82,24,118,60,32,115,51,15,65,39,58,79" hai3="92,124,120,75,43,47,50,73,26,52,31,110,6"/><W4/><G120/><T34/><D117/><U119/><E69/><V44/><F115/><W107/><G107/><T99/><D114/><U122/><E122/><V63/><F39/><W130/><G130/><T103/><D34/><U68/><E68/><V95/><F118/><N who="1" m="45097" /><E132/><V77/><F60/><W109/><G92/><T0/><D0/><U135/><E135/><V83/><F32/><N who="3" m="20599" /><G43/><T23/><D108/><N who="3" m="41577" /><G124/><N who="0" m="47723" /><D37/><U13/><E90/><N who="0" m="34313" /><D23/><U62/><E62/><V76/><F95/><W22/><G22/><T35/><D35/><U27/><E42/><V17/><F24/><W112/><G112/><T49/><D36/><U80/><E38/><V30/><F30/><W66/><G66/><T133/><D133/><U84/><E80/><V97/><F97/><W72/><AGARI ba="0,0" hai="4,6,47,50,52,72,73,75" m="41577,20599" machi="72" ten="40,12000,1" yaku="14,1,10,1,52,2,54,1" doraHai="3" who="3" fromWho="3" sc="299,-40,189,-40,265,-40,247,120" owari="259,5.9,149,-35.1,225,-17.5,367,46.7" /></mjloggm>