<mjloggm ver="2.3"><GO type="225" lobby="0"/><UN n0="%E3%81%B5%E3%81%98%E3%81%8B%E3%81%A4" n1="%E5%8F%AF%E5%85%90%E9%82%A3%E7%94%B1%E5%A4%9A" n2="%E3%82%B2%E3%82%B9%E8%8C%82%E5%8B%9D" n3="%E7%99%BD%E6%97%A5%E9%9B%AA%E8%8F%9C" dan="16,17,16,17" rate="2201.26,2156.87,2097.79,2262.77" sx="M,F,F,F"/><TAIKYOKU oya="0"/><INIT seed="0,0,0,4,3,39" ten="250,250,250,250" oya="0" hai0="135,45,58,36,90,127,48,133,84,86,43,113,5" hai1="120,50,116,106,89,122,72,24,81,121,87,69,9" hai2="17,20,123,80,64,44,56,107,76,65,99,27,117" hai3="125,95,109,53,114,14,132,34,16,30,126,19,115"/><T7/><D113/><N who="3" m="43017" /><G53/><N who="0" m="32039" /><D127/><N who="3" m="48649" /><G95/><N who="0" m="54727" /><D86/><U92/><E69/><V129/><F117/><W42/><G42/><T63/><D63/><U37/><E37/><V52/><F129/><W47/><G47/><T78/><D78/><N who="1" m="44231" /><E24/><V98/><F123/><W66/><G66/><T60/><D60/><U21/><E50/><V2/><F2/><W10/><G109/><T94/><D94/><U68/><E68/><V46/><F64/><W23/><G132/><AGARI ba="0,0" hai="5,7,36,43,45,132,133,135" m="54727,32039" machi="132" ten="30,2900,0" yaku="20,1,52,1" doraHai="39" who="0" fromWho="3" sc="250,29,250,0,250,0,250,-29" /><INIT seed="0,1,0,2,3,109" ten="279,250,250,221" oya="0" hai0="2,13,124,58,76,41,15,119,129,45,24,37,43" hai1="108,11,31,100,86,67,49,32,87,123,9,63,71" hai2="73,92,132,64,94,126,14,104,16,120,30,80,72" hai3="97,6,33,35,101,57,68,78,95,99,103,65,133"/><T26/><D119/><U127/><E123/><V21/><F120/><W56/><G133/><T89/><D124/><U115/><E108/><V61/><F126/><W42/><G78/><T44/><D2/><U130/><E127/><V7/><F132/><W117/><G117/><T131/><D76/><U75/><E75/><V122/><F122/><W96/><G6/><T3/><D3/><U5/><E130/><V8/><F104/><W38/><G68/><T77/><D58/><U114/><E100/><V90/><F30/><W113/><G99/><T46/><D77/><U66/><E66/><V98/><F80/><W20/><G20/><T18/><D89/><U74/><E74/><V29/><F29/><W128/><G128/><N who="0" m="49227" /><D37/><U110/><E110/><V34/><F34/><W36/><G65/><T102/><D18/><U79/><E49/><V23/><F92/><W135/><G95/><T88/><D88/><U28/><E9/><V125/><F125/><W107/><G135/><T116/><D116/><U112/><E32/><V50/><F50/><W82/><G107/><T47/><N who="0" m="11264" /><DORA hai="59" /><T62/><D62/><U12/><E86/><V48/><F48/><W69/><G69/><T4/><D4/><U105/><E105/><V51/><F51/><W55/><G38/><T134/><D134/><U121/><E121/><V22/><REACH who="2" step="1"/><F7/><REACH who="2" ten="279,250,240,221" step="2"/><W83/><G36/><T25/><D102/><U93/><E93/><V81/><F81/><AGARI ba="1,1" hai="5,11,12,28,31,63,67,71,79,81,87,112,114,115" machi="81" ten="40,8000,1" yaku="11,1,52,4" doraHai="109,59" who="1" fromWho="2" sc="279,0,250,93,240,-83,221,0" /><INIT seed="1,0,0,1,1,59" ten="279,343,157,221" oya="1" hai0="72,52,128,112,100,95,132,64,129,24,17,48,80" hai1="108,35,115,67,30,118,45,82,125,7,97,99,120" hai2="58,106,25,81,62,16,46,76,12,21,27,109,34" hai3="6,131,135,36,117,119,123,94,116,133,134,124,73"/><U26/><E115/><V71/><F106/><W91/><G36/><T86/><D112/><U49/><E118/><V1/><F71/><W114/><G6/><T69/><D72/><U8/><E120/><V74/><F109/><W31/><G123/><T56/><D132/><U96/><E125/><V54/><F1/><W18/><G18/><T11/><D100/><U41/><E108/><V29/><F25/><W39/><G39/><T38/><D95/><U65/><REACH who="1" step="1"/><E82/><REACH who="1" ten="279,333,157,221" step="2"/><V2/><F2/><AGARI ba="0,1" hai="2,7,8,26,30,35,41,45,49,65,67,96,97,99" machi="2" ten="40,3900,0" yaku="1,1,2,1,53,0" doraHai="59" doraHaiUra="9" who="1" fromWho="2" sc="279,0,333,49,157,-39,221,0" /><INIT seed="1,1,0,3,3,133" ten="279,382,118,221" oya="1" hai0="123,27,2,97,101,16,46,26,9,80,24,113,135" hai1="122,55,76,12,99,75,126,106,21,111,44,89,105" hai2="53,117,132,56,29,69,30,102,37,82,108,93,49" hai3="68,0,20,104,94,64,10,118,88,79,81,43,5"/><U115/><E115/><V120/><F117/><W92/><G104/><T103/><D113/><U61/><E122/><V42/><F120/><W67/><G118/><T17/><D135/><U114/><E114/><V15/><F132/><W77/><G43/><T50/><D123/><U129/><E76/><V63/><F108/><W38/><G38/><T13/><D2/><U28/><E75/><V73/><F69/><W11/><G20/><T41/><D80/><U51/><E129/><V25/><F37/><W32/><G32/><T83/><D83/><U23/><E111/><V62/><F82/><W31/><G31/><T121/><D121/><U60/><E105/><V48/><F73/><W54/><G54/><T65/><D65/><U6/><E106/><V18/><F30/><W134/><G134/><T7/><REACH who="0" step="1"/><D103/><REACH who="0" ten="269,382,118,221" step="2"/><U90/><E90/><V131/><F102/><W3/><G81/><T112/><D112/><U36/><E89/><V116/><F93/><AGARI ba="1,1" hai="7,9,13,16,17,24,26,27,41,46,50,93,97,101" machi="93" ten="40,5200,0" yaku="1,1,8,1,54,1,53,0" doraHai="133" doraHaiUra="87" who="0" fromWho="2" sc="269,65,382,0,118,-55,221,0" /><INIT seed="2,0,0,3,4,35" ten="334,382,63,221" oya="2" hai0="21,65,36,76,51,47,124,16,121,135,7,115,22" hai1="27,62,55,110,109,127,42,46,88,82,14,95,132" hai2="26,87,113,79,33,106,69,6,24,102,5,107,133" hai3="131,116,63,58,80,64,89,41,13,74,43,68,3"/><V15/><F69/><W50/><G3/><T72/><D121/><U125/><E82/><V25/><F133/><W2/><G116/><T29/><D115/><U17/><E27/><V101/><F113/><W97/><G2/><T61/><D135/><U40/><E132/><V48/><F33/><W53/><G131/><T10/><D47/><U83/><E83/><N who="2" m="47615" /><F106/><W130/><G130/><T103/><D36/><N who="1" m="21767" /><E42/><V28/><F28/><W129/><G129/><T9/><D103/><N who="2" m="39434" /><F107/><W56/><G68/><T94/><D72/><U52/><E62/><V60/><F60/><W37/><G37/><T8/><D76/><U93/><E93/><V92/><F92/><W134/><G134/><T104/><D124/><N who="1" m="47691" /><E55/><V34/><F34/><W126/><G126/><T57/><D104/><U81/><E52/><V85/><F85/><W100/><G74/><T96/><D51/><U120/><E81/><V59/><F15/><W4/><G13/><N who="0" m="5279" /><D29/><U78/><E78/><V122/><F122/><W86/><G4/><T38/><D38/><U119/><E120/><V54/><AGARI ba="0,0" hai="5,6,24,25,26,48,54,59" m="39434,47615" machi="54" ten="30,1500,0" yaku="8,1" doraHai="35" who="2" fromWho="2" sc="334,-5,382,-5,63,15,221,-5" /><INIT seed="2,1,0,2,4,12" ten="329,377,78,216" oya="2" hai0="9,104,93,121,40,101,77,13,72,7,63,49,94" hai1="21,41,6,45,78,80,82,70,15,127,109,74,4" hai2="91,99,115,87,105,26,122,130,83,125,119,61,114" hai3="116,8,106,30,32,102,19,56,107,67,97,25,33"/><V48/><F122/><W35/><G116/><T60/><D121/><U23/><E70/><V88/><F119/><W133/><G133/><T34/><D34/><U69/><E69/><V3/><F3/><W123/><G123/><T59/><D104/><U20/><E109/><V31/><F130/><W108/><G108/><T42/><D72/><U65/><E65/><V90/><F125/><W76/><G107/><T55/><D77/><U50/><E127/><V24/><F61/><W16/><G76/><T53/><D101/><U112/><E112/><V71/><F71/><W62/><REACH who="3" step="1"/><G8/><REACH who="3" ten="329,377,78,206" step="2"/><T5/><D9/><U28/><E78/><V129/><F129/><W38/><G38/><T128/><D128/><U1/><E74/><V96/><F105/><W117/><G117/><T86/><D94/><U54/><E82/><V58/><F114/><W118/><G118/><T81/><D93/><U57/><E80/><V64/><F115/><W52/><G52/><T43/><D55/><U79/><E79/><N who="2" m="46591" /><F64/><W124/><G124/><T131/><D131/><U73/><E73/><V17/><F48/><W135/><G135/><T100/><D49/><U29/><E50/><V51/><F51/><W75/><G75/><T103/><D63/><U37/><E54/><V111/><F111/><W126/><G126/><T10/><REACH who="0" step="1"/><D5/><REACH who="0" ten="319,377,78,206" step="2"/><U120/><E120/><V18/><F58/><W84/><G84/><T22/><D22/><AGARI ba="1,2" hai="16,19,22,25,30,32,33,35,56,62,67,97,102,106" machi="22" ten="40,8000,1" yaku="1,1,52,2,54,1,53,0" doraHai="12" doraHaiUra="85" who="3" fromWho="0" sc="319,-83,377,0,78,0,206,103" /><INIT seed="3,0,0,4,2,44" ten="236,377,78,309" oya="3" hai0="80,100,71,103,2,82,32,52,11,121,37,131,89" hai1="93,55,85,96,47,101,5,1,64,111,43,107,129" hai2="106,53,127,110,59,124,102,109,38,99,88,25,126" hai3="86,76,13,67,16,68,41,63,58,10,4,116,119"/><W49/><G4/><T83/><D32/><U14/><E1/><V113/><F38/><W125/><G125/><T60/><D121/><U61/><E111/><N who="2" m="42507" /><F25/><W135/><G135/><T45/><D131/><U48/><E129/><V12/><F12/><W94/><G94/><T117/><D117/><U108/><E108/><V91/><F53/><W50/><G41/><T92/><D2/><U26/><E26/><V104/><F59/><W123/><G123/><T51/><D37/><U8/><E85/><V40/><F40/><W74/><G74/><T112/><D112/><U62/><E107/><N who="2" m="41003" /><F113/><W17/><G17/><T6/><D71/><U18/><E64/><V128/><F128/><W23/><G10/><T35/><D35/><U54/><E5/><V75/><F75/><W87/><G68/><T95/><D60/><AGARI ba="0,0" hai="8,14,18,43,47,48,54,55,60,61,62,93,96,101" machi="60" ten="40,2600,0" yaku="8,1,52,1" doraHai="44" who="1" fromWho="0" sc="236,-26,377,26,78,0,309,0" owari="210,-19.0,403,50.3,78,-42.2,309,10.9" /></mjloggm>