<mjloggm ver="2.3"><GO type="225" lobby="0"/><UN n0="%E6%B0%B7%E5%B7%9D%E9%87%8C%E5%A5%88" n1="%73%6C%69%63%6B%33%31%39" n2="%E8%BE%9B%E5%8F%A3%E3%82%AB%E3%83%AC%E3%83%BC%E3%83%A9%E3%82%A4%E3%82%B9" n3="%E3%81%B2%E3%81%BE%E3%81%A4%E3%81%B6%E3%81%97" dan="16,16,16,16" rate="2143.26,2090.17,2228.23,2130.18" sx="F,M,M,M"/><TAIKYOKU oya="0"/><INIT seed="0,0,0,3,2,64" ten="250,250,250,250" oya="0" hai0="2,84,14,36,63,80,123,111,59,29,86,12,28" hai1="127,74,40,116,81,58,52,25,94,119,85,95,73" hai2="49,15,21,37,79,57,75,105,22,11,122,134,120" hai3="72,66,17,31,110,39,104,93,30,135,61,16,65"/><T97/><D123/><U35/><E40/><V10/><F105/><W24/><G104/><T106/><D2/><U47/><E47/><V23/><F37/><W69/><G110/><T124/><D36/><U55/><E127/><V131/><F131/><W44/><G135/><T101/><D124/><U130/><E130/><V13/><F134/><W60/><G72/><T62/><D111/><U78/><E35/><V76/><F75/><W1/><G1/><T128/><D128/><U98/><E25/><V34/><F57/><W68/><G93/><T108/><D108/><U9/><E9/><N who="2" m="3083" /><F49/><W45/><G39/><T54/><D63/><U41/><E41/><V38/><F38/><W67/><G67/><T70/><D70/><U117/><E95/><V19/><F76/><W102/><G24/><T91/><REACH who="0" step="1"/><D84/><REACH who="0" ten="240,250,250,250" step="2"/><U4/><E73/><V42/><F120/><W126/><G126/><T100/><D100/><AGARI ba="0,1" hai="16,17,30,31,44,45,60,61,65,66,68,69,100,102" machi="100" ten="25,8000,1" yaku="22,2,52,2,54,1" doraHai="64" who="3" fromWho="0" sc="240,-80,250,0,250,0,250,90" /><INIT seed="1,0,0,2,1,0" ten="160,250,250,340" oya="1" hai0="104,135,125,68,50,87,18,17,16,70,3,80,26" hai1="27,118,77,110,88,108,121,29,28,79,84,60,34" hai2="94,90,76,32,58,69,2,57,40,100,23,74,12" hai3="101,131,11,133,10,39,71,102,31,107,92,61,52"/><U66/><E121/><V24/><F69/><W1/><G133/><T93/><D104/><U83/><E118/><V43/><F32/><W130/><G39/><T117/><D117/><U56/><REACH who="1" step="1"/><E28/><REACH who="1" ten="160,240,250,340" step="2"/><V41/><F41/><W36/><G31/><T62/><D135/><U53/><E53/><V111/><F43/><W89/><G52/><T42/><D125/><U47/><E47/><V4/><F40/><W19/><G131/><T106/><D42/><U98/><E98/><V49/><F111/><AGARI ba="0,1" hai="27,29,34,56,60,66,77,79,83,84,88,108,110,111" machi="111" ten="40,12000,1" yaku="1,1,14,1,10,1,54,1,53,1" doraHai="0" doraHaiUra="22" who="1" fromWho="2" sc="160,0,240,130,250,-120,340,0" /><INIT seed="1,1,0,5,5,6" ten="160,370,130,340" oya="1" hai0="18,26,84,25,64,116,33,10,81,70,85,16,126" hai1="56,12,39,23,101,11,75,102,32,107,118,130,53" hai2="68,132,80,4,94,76,63,115,86,83,96,66,31" hai3="61,88,50,24,69,131,21,114,8,51,113,40,1"/><U105/><E32/><V77/><F132/><W74/><G74/><T13/><D116/><U22/><E39/><V98/><F115/><W71/><G131/><T127/><D64/><U20/><E75/><V93/><F31/><W91/><G61/><T3/><D70/><U28/><E118/><V17/><F17/><W60/><G60/><T5/><D18/><U90/><E28/><V43/><F43/><W52/><G40/><T58/><D58/><U89/><E107/><V111/><F111/><W45/><G50/><T100/><D100/><N who="1" m="38507" /><E105/><V41/><F41/><W55/><G55/><T35/><D35/><U109/><E130/><V82/><F4/><W47/><G47/><T37/><D37/><U134/><E134/><V15/><F15/><W95/><G91/><N who="1" m="34826" /><E109/><V34/><F34/><W38/><G38/><T67/><D67/><U79/><E79/><V44/><F44/><W135/><G135/><T124/><D33/><U120/><E120/><V119/><F119/><W128/><G128/><T133/><D133/><U112/><E112/><V59/><F68/><W106/><G106/><T2/><D2/><U129/><E129/><V104/><F104/><W7/><G114/><T19/><D19/><N who="1" m="8607" /><E20/><V14/><F77/><W62/><G113/><T27/><D81/><U87/><E87/><V103/><F103/><W54/><G54/><T46/><D46/><U73/><E73/><V48/><F80/><W9/><G69/><T92/><D92/><N who="2" m="35434" /><F82/><W122/><G122/><T30/><D30/><U65/><E65/><V0/><F66/><W99/><G71/><T123/><D123/><RYUUKYOKU ba="1,0" sc="160,15,370,15,130,-15,340,-15" hai0="3,5,10,13,16,25,26,27,84,85,124,126,127" hai1="22,23,53,56" /><INIT seed="1,2,0,1,5,16" ten="175,385,115,325" oya="1" hai0="75,97,121,125,51,35,99,8,6,45,5,52,91" hai1="55,17,103,48,134,39,57,32,82,20,13,33,114" hai2="126,59,83,34,0,80,10,3,12,127,65,118,44" hai3="43,132,105,84,14,54,104,86,49,1,58,56,30"/><U122/><E114/><V108/><F118/><W2/><G132/><T135/><D35/><U92/><E122/><V111/><F44/><W50/><G30/><T124/><D75/><U129/><E39/><V112/><F59/><W46/><G14/><T88/><D135/><U128/><E134/><V77/><F65/><W29/><G29/><T95/><D121/><U85/><E92/><V81/><F77/><W64/><G64/><T11/><D97/><U67/><E103/><V36/><F36/><W109/><G109/><N who="2" m="42057" /><F34/><W21/><G54/><T28/><D91/><U115/><E115/><V47/><F47/><W71/><G46/><T62/><D62/><U22/><E67/><V110/><N who="2" m="42065" /><V19/><DORA hai="90" /><F112/><W37/><G37/><T116/><D28/><U94/><E94/><V42/><F42/><W7/><G43/><T61/><D61/><U63/><E63/><V98/><F98/><W23/><G71/><T25/><D25/><U74/><E74/><V73/><F73/><W60/><G7/><N who="0" m="2571" /><D116/><U79/><E33/><V68/><F68/><W102/><G60/><T113/><D113/><U93/><E32/><V123/><F123/><W40/><G40/><T130/><D130/><N who="1" m="50283" /><E93/><V24/><F24/><W4/><G4/><T31/><D31/><U78/><E78/><V89/><F89/><W70/><G70/><T100/><D100/><AGARI ba="2,0" hai="1,2,21,23,49,50,56,58,84,86,100,102,104,105" machi="100" ten="25,6400,0" yaku="22,2,52,2" doraHai="16,90" who="3" fromWho="0" sc="175,-70,385,0,115,0,325,70" /><INIT seed="2,0,0,1,5,60" ten="105,385,115,395" oya="2" hai0="116,122,75,32,39,67,90,129,21,78,110,13,3" hai1="30,66,4,134,53,18,25,120,103,49,42,83,98" hai2="51,55,108,114,58,91,54,48,63,79,92,106,109" hai3="100,77,118,74,115,27,40,20,14,34,33,131,88"/><V57/><F114/><W47/><G118/><T70/><RYUUKYOKU type="yao9" ba="0,0" sc="105,0,385,0,115,0,395,0" hai0="3,13,21,32,39,67,70,75,78,90,110,116,122,129" /><INIT seed="2,1,0,4,4,98" ten="105,385,115,395" oya="2" hai0="123,33,10,108,126,97,38,20,47,62,103,64,95" hai1="111,65,91,104,9,75,79,27,45,128,101,96,26" hai2="40,4,41,34,57,63,82,54,50,18,39,125,113" hai3="12,25,13,130,118,87,81,92,24,121,69,100,66"/><V7/><F113/><W68/><G121/><T73/><D123/><U129/><E111/><V1/><F34/><W105/><G118/><T135/><D33/><U119/><E119/><V17/><F125/><W21/><G105/><T23/><D73/><U31/><E65/><V5/><F1/><W42/><G42/><N who="2" m="16489" /><F39/><W49/><G49/><T37/><D47/><U74/><E45/><N who="2" m="27983" /><F82/><W28/><G130/><N who="1" m="50282" /><E79/><V106/><F106/><W124/><G124/><T117/><D126/><U127/><E127/><V107/><F107/><W77/><G66/><AGARI ba="1,0" hai="4,5,7,17,18,57,63,66" m="27983,16489" machi="66" ten="30,1500,0" yaku="8,1" doraHai="98" who="2" fromWho="3" sc="105,0,385,0,115,18,395,-18" /><INIT seed="2,2,0,3,2,75" ten="105,385,133,377" oya="2" hai0="95,57,102,15,42,12,55,111,59,70,93,123,5" hai1="116,132,7,27,68,2,96,72,106,126,65,133,134" hai2="11,62,36,29,22,9,69,46,78,131,14,127,77" hai3="101,103,50,107,63,98,39,28,67,31,92,25,110"/><V0/><F127/><W17/><G39/><T87/><D123/><U130/><E116/><V119/><F119/><W41/><G110/><T56/><D111/><U10/><E126/><V125/><F125/><W58/><G107/><T99/><D70/><U18/><E130/><V104/><F104/><W81/><G103/><T48/><D42/><U112/><E112/><V66/><F0/><W114/><G114/><T37/><D37/><U8/><E72/><V30/><F131/><W109/><G109/><T44/><D5/><U38/><E38/><V64/><F64/><W43/><G81/><T53/><D53/><U76/><E76/><V120/><F120/><W33/><G28/><T128/><D128/><U105/><E96/><V35/><F35/><W13/><REACH who="3" step="1"/><G50/><REACH who="3" ten="105,385,133,367" step="2"/><T24/><D102/><U20/><E10/><AGARI ba="2,1" hai="10,13,17,25,31,33,41,43,58,63,67,92,98,101" machi="10" ten="30,7700,0" yaku="1,1,2,1,7,1,53,1" doraHai="75" doraHaiUra="61" who="3" fromWho="1" sc="105,0,385,-83,133,0,367,93" /><INIT seed="3,0,0,5,1,30" ten="105,302,133,460" oya="3" hai0="65,50,61,20,0,7,4,62,103,134,39,54,9" hai1="76,27,3,57,84,112,96,36,16,106,71,117,104" hai2="133,66,115,94,105,68,102,78,70,81,48,2,99" hai3="18,126,93,58,45,73,12,49,15,26,109,40,51"/><W129/><G73/><T101/><D39/><U60/><E112/><V124/><F115/><W34/><G34/><T47/><D134/><U108/><E108/><V56/><F2/><W24/><G93/><T42/><D4/><U37/><E117/><V114/><F114/><W5/><G5/><T82/><D82/><U35/><E3/><V118/><F118/><W88/><G88/><T1/><D1/><U87/><E71/><V22/><F133/><W85/><G85/><T90/><D90/><U11/><E37/><V13/><F124/><W6/><G15/><T74/><D74/><U132/><E36/><V67/><F105/><W95/><G51/><T135/><D135/><U52/><E132/><V86/><F68/><W98/><G95/><T92/><D92/><U21/><E11/><V32/><F32/><W75/><G98/><T43/><D20/><U100/><E104/><V44/><F56/><W128/><G24/><T80/><D80/><U41/><E41/><N who="2" m="24591" /><F70/><W111/><G18/><AGARI ba="0,0" hai="13,18,22,66,67,78,81,86,94,99,102" m="24591" machi="18" ten="30,1000,0" yaku="8,1" doraHai="30" who="2" fromWho="3" sc="105,0,302,0,133,10,460,-10" owari="105,-39.5,302,10.2,143,-25.7,450,55.0" /></mjloggm>