<mjloggm ver="2.3"><GO type="225" lobby="0"/><UN n0="%E7%9C%9F%E4%B8%80" n1="%E6%A0%B9%E5%85%83%E3%81%8B%E3%82%89%E5%90%B9%E3%81%A3%E9%A3%9B%E3%81%B6" n2="%E3%81%AF%E3%82%88%E3%81%8A%E3%81%98%E3%81%95%E3%82%93" n3="%E5%88%9D%E5%8F%B7%E6%A9%9F%E3%81%A8%E4%BA%8C%E5%8F%B7%E6%A9%9F" dan="17,16,16,17" rate="2255.47,2161.49,2133.73,2196.98" sx="M,F,M,M"/><TAIKYOKU oya="0"/><INIT seed="0,0,0,0,3,39" ten="250,250,250,250" oya="0" hai0="24,27,66,110,127,4,93,41,120,100,128,47,57" hai1="133,14,121,94,50,87,122,6,36,32,26,89,53" hai2="115,15,9,40,95,61,90,77,134,59,105,44,126" hai3="34,88,109,33,5,48,43,28,71,46,92,91,97"/><T113/><D113/><U1/><E133/><V68/><F115/><W31/><G71/><T80/><D120/><U19/><E36/><V125/><F105/><W78/><G109/><T106/><D106/><U104/><E104/><V23/><F68/><W119/><G119/><T18/><D110/><U13/><E13/><V22/><F77/><W85/><G33/><T102/><D128/><U51/><E51/><N who="2" m="27015" /><F134/><W83/><G5/><T111/><D111/><U99/><E99/><N who="2" m="57847" /><F126/><W112/><G112/><T98/><D4/><U55/><E55/><N who="2" m="34047" /><F125/><W103/><G34/><T38/><D127/><U132/><E132/><V12/><F12/><W117/><G117/><T76/><D102/><U86/><E1/><V35/><F35/><W130/><G130/><T73/><D66/><U114/><E114/><V84/><F84/><W11/><G11/><T16/><REACH who="0" step="1"/><D57/><REACH who="0" ten="240,250,250,250" step="2"/><N who="1" m="32951" /><E122/><V37/><F37/><W64/><G64/><T135/><D135/><U69/><E121/><V56/><F56/><W60/><G60/><T52/><D52/><U96/><E69/><V107/><F107/><W20/><G103/><T54/><D54/><U65/><E65/><V118/><F118/><W101/><G101/><T45/><D45/><U72/><E6/><AGARI ba="0,1" hai="6,9,15,22,23" m="34047,57847,27015" machi="6" ten="30,2000,0" yaku="8,1,52,1" doraHai="39" who="2" fromWho="1" sc="240,0,250,-20,250,30,250,0" /><INIT seed="1,0,0,2,5,68" ten="240,230,280,250" oya="1" hai0="71,41,38,87,7,128,27,34,73,122,120,3,45" hai1="43,46,118,86,48,33,132,59,24,40,101,103,83" hai2="126,13,17,113,62,31,131,81,65,85,117,19,77" hai3="16,21,92,12,8,0,14,25,35,96,26,84,125"/><U54/><E132/><V98/><F117/><W64/><G125/><T133/><D87/><U55/><E118/><V10/><F126/><W82/><G64/><T70/><D133/><U22/><E33/><V119/><F119/><W99/><G0/><T75/><D128/><U89/><E54/><V2/><F131/><W66/><G66/><T52/><D52/><U78/><E78/><V6/><F113/><W124/><G124/><T114/><D114/><U4/><E4/><V76/><F31/><W95/><G35/><T129/><D129/><U102/><REACH who="1" step="1"/><E46/><REACH who="1" ten="240,220,280,250" step="2"/><V15/><F77/><W49/><G8/><N who="0" m="2175" /><D122/><U67/><E67/><V112/><F112/><W9/><G99/><T29/><D120/><U28/><AGARI ba="0,1" hai="22,24,28,40,43,48,55,59,83,86,89,101,102,103" machi="28" ten="30,11700,0" yaku="1,1,0,1,8,1,53,1" doraHai="68" doraHaiUra="79" who="1" fromWho="1" sc="240,-39,220,127,280,-39,250,-39" /><INIT seed="1,1,0,5,0,90" ten="201,347,241,211" oya="1" hai0="50,131,13,20,62,12,65,8,103,89,109,41,25" hai1="42,6,66,115,81,61,133,92,93,134,111,55,79" hai2="19,121,28,22,76,33,129,126,15,9,4,91,128" hai3="135,38,82,29,124,113,110,52,97,116,45,78,130"/><U53/><E115/><V112/><F76/><W96/><G113/><T84/><D109/><U54/><E111/><V95/><F112/><W32/><G110/><T27/><D131/><N who="2" m="50250" /><F121/><W85/><G130/><T119/><D103/><U88/><E42/><V14/><F126/><W64/><G135/><N who="1" m="51722" /><E6/><V72/><F72/><W37/><G64/><T59/><D119/><U71/><E88/><V40/><F40/><W67/><G67/><T44/><D8/><U102/><E102/><V11/><F91/><W24/><G124/><T120/><D27/><U122/><E122/><V80/><F80/><W21/><G32/><T10/><D10/><U47/><E47/><V99/><F33/><W118/><G38/><T132/><D120/><U60/><E60/><V39/><F39/><W94/><G37/><T3/><D3/><U117/><E117/><N who="3" m="45162" /><G94/><N who="1" m="36458" /><E55/><V74/><F95/><W5/><G5/><T105/><D132/><U75/><AGARI ba="1,0" hai="53,54,61,66,71,75,79,81" m="36458,51722" machi="75" ten="30,11700,0" yaku="20,1,52,3" doraHai="90" who="1" fromWho="1" sc="201,-40,347,120,241,-40,211,-40" /><INIT seed="1,2,0,3,2,90" ten="161,467,201,171" oya="1" hai0="31,112,39,130,128,19,127,104,76,34,67,129,124" hai1="36,33,12,95,26,46,87,133,27,102,85,4,14" hai2="20,113,23,62,1,7,108,71,66,73,84,121,79" hai3="134,96,117,21,28,50,55,72,77,132,45,41,15"/><U9/><E133/><N who="3" m="51306" /><G117/><T74/><D39/><U58/><E36/><V56/><F121/><W6/><G72/><T93/><D112/><U91/><E46/><V60/><F73/><W43/><G77/><T99/><D67/><U22/><E102/><V101/><F113/><W103/><G28/><T2/><D2/><U111/><E111/><V81/><F108/><W105/><G21/><T37/><D37/><U125/><E125/><N who="0" m="48201" /><D19/><N who="1" m="10599" /><E33/><V122/><F122/><W119/><G119/><T32/><D104/><U51/><E87/><V83/><F81/><W40/><G15/><T109/><D31/><U8/><E8/><V10/><F101/><W61/><G6/><T54/><D109/><U92/><E92/><V47/><F47/><W80/><G80/><N who="0" m="45079" /><D54/><AGARI ba="2,0" hai="4,9,14,26,27,51,54,58,85,91,95" m="10599" machi="54" ten="30,5800,0" yaku="25,1,8,1,52,1" doraHai="90" who="1" fromWho="0" sc="161,-64,467,64,201,0,171,0" /><AGARI ba="2,0" hai="1,7,10,20,23,54,56,60,62,66,71,79,83,84" machi="54" ten="30,1000,0" yaku="7,1" doraHai="90" who="2" fromWho="0" sc="97,-10,531,0,201,10,171,0" /><INIT seed="1,3,0,0,0,58" ten="87,531,211,171" oya="1" hai0="131,40,57,132,110,65,128,100,90,10,32,115,67" hai1="82,91,111,70,53,48,15,39,75,46,83,42,87" hai2="64,97,55,107,49,63,26,74,36,34,112,126,30" hai3="92,6,35,51,20,33,69,4,72,73,99,94,16"/><U17/><E111/><V86/><F36/><W43/><G69/><T133/><D32/><U24/><E24/><V125/><F74/><W123/><G123/><T129/><D100/><U41/><E70/><N who="2" m="42271" /><F86/><W77/><G33/><T89/><D110/><U13/><E13/><V135/><F135/><N who="0" m="51786" /><D10/><U27/><E27/><V93/><F93/><W52/><G43/><T7/><D7/><U29/><E29/><V118/><F118/><W109/><G35/><T0/><D0/><U18/><E18/><V14/><F14/><W96/><G109/><T21/><D21/><U116/><E116/><V124/><F112/><W47/><G73/><T106/><D106/><U103/><E103/><N who="2" m="62959" /><F126/><W54/><G72/><T84/><D115/><U9/><REACH who="1" step="1"/><E39/><REACH who="1" ten="87,521,211,171" step="2"/><V85/><F125/><W3/><G3/><T71/><D71/><U68/><E68/><V102/><F124/><W8/><G4/><T120/><D120/><U2/><E2/><V121/><F121/><W105/><G6/><T22/><D22/><U61/><E61/><V113/><F102/><W80/><G8/><T23/><D23/><U79/><AGARI ba="3,1" hai="9,15,17,41,42,46,48,53,75,79,82,83,87,91" machi="79" ten="30,11700,0" yaku="1,1,0,1,25,2,53,0" doraHai="58" doraHaiUra="108" who="1" fromWho="1" sc="87,-42,521,136,211,-42,171,-42" /><INIT seed="1,4,0,1,2,128" ten="45,657,169,129" oya="1" hai0="52,107,100,84,112,60,94,62,135,113,54,117,75" hai1="77,2,34,89,81,36,106,33,17,67,102,49,26" hai2="93,122,64,28,55,7,111,65,53,124,15,14,130" hai3="51,8,61,99,35,127,12,3,114,0,20,25,38"/><U74/><E2/><V9/><F122/><W70/><G38/><T125/><D107/><U21/><E36/><V76/><F130/><W41/><G114/><N who="0" m="44139" /><D75/><U11/><E67/><N who="2" m="25675" /><F111/><W42/><G70/><T16/><D84/><U105/><E11/><N who="2" m="4479" /><F124/><W88/><G61/><N who="0" m="23659" /><D94/><U110/><E110/><V123/><F123/><W121/><G35/><T19/><D100/><U96/><E106/><V44/><F76/><W120/><G3/><T66/><D66/><U82/><E49/><V31/><F93/><N who="3" m="56743" /><G0/><T48/><D48/><U95/><REACH who="1" step="1"/><E82/><REACH who="1" ten="45,647,169,129" step="2"/><V59/><F44/><W13/><G121/><T109/><D109/><U85/><AGARI ba="4,1" hai="17,21,26,33,34,74,77,81,85,89,95,96,102,105" machi="85" ten="20,18000,2" yaku="1,1,2,1,0,1,7,1,24,2,53,0" doraHai="128" doraHaiUra="4" who="1" fromWho="1" sc="45,-64,647,202,169,-64,129,-64" owari="-19,-51.9,849,94.9,105,-9.5,65,-33.5" /></mjloggm>