<mjloggm ver="2.3"><GO type="225" lobby="0"/><UN n0="%E3%83%81%E3%83%AF%E3%83%AF%E9%9A%8A%E9%95%B7" n1="%E3%81%A8%E3%82%89%E3%81%84%E3%81%A1" n2="%E3%81%AF%E3%82%88%E3%81%8A%E3%81%98%E3%81%95%E3%82%93" n3="%E7%89%B9%E6%9D%B1%E3%81%AF%E4%B8%96%E7%95%8C%E3%82%92%E6%95%91%E3%81%86" dan="17,16,17,16" rate="2143.63,2111.88,2134.40,2164.50" sx="M,M,M,M"/><TAIKYOKU oya="0"/><INIT seed="0,0,0,5,1,105" ten="250,250,250,250" oya="0" hai0="18,76,83,50,39,17,129,1,77,93,40,126,31" hai1="51,132,53,14,10,9,90,41,81,23,8,99,130" hai2="29,115,2,19,95,80,32,6,36,25,43,97,3" hai3="48,110,82,15,96,84,111,27,102,20,60,69,12"/><T119/><D119/><U58/><E132/><V63/><F115/><W87/><G48/><T107/><D107/><U28/><E130/><V79/><F19/><W117/><G117/><T7/><D129/><U61/><E41/><V11/><F63/><W33/><G33/><T38/><D126/><U89/><E99/><V88/><F43/><W92/><G69/><T74/><D31/><U65/><E81/><V62/><F62/><W123/><G123/><T98/><D76/><U68/><REACH who="1" step="1"/><E14/><REACH who="1" ten="250,240,250,250" step="2"/><V108/><F36/><W49/><G12/><T5/><D38/><U120/><E120/><V70/><F2/><W21/><G15/><T30/><D39/><U46/><E46/><V109/><REACH who="2" step="1"/><F70/><REACH who="2" ten="250,240,240,250" step="2"/><W116/><G116/><T113/><D1/><U128/><E128/><V131/><F131/><W135/><G135/><T54/><D40/><U35/><E35/><V91/><F91/><W73/><G102/><T94/><D113/><U52/><E52/><V64/><F64/><W106/><G111/><T34/><D34/><U42/><E42/><V100/><F100/><W37/><G37/><T78/><D54/><U22/><E22/><V13/><F13/><W56/><G110/><T72/><D78/><U26/><AGARI ba="0,2" hai="8,9,10,23,26,28,51,53,58,61,65,68,89,90" machi="26" ten="30,2000,0" yaku="1,1,0,1,53,0" doraHai="105" doraHaiUra="125" who="1" fromWho="1" sc="250,-10,240,40,240,-5,250,-5" /><INIT seed="1,0,0,3,4,47" ten="240,280,235,245" oya="1" hai0="129,132,44,117,39,83,55,17,131,82,113,127,26" hai1="7,5,9,48,16,56,70,23,12,0,90,20,36" hai2="66,11,107,28,21,40,92,133,89,57,98,120,101" hai3="8,104,88,75,18,134,122,91,34,51,116,126,24"/><U29/><E36/><V109/><F120/><W128/><G122/><T67/><D113/><U6/><E70/><V85/><F109/><W100/><G75/><T49/><D117/><U125/><E125/><V106/><F133/><W46/><G134/><T71/><D132/><U77/><E77/><V86/><F40/><W31/><G126/><T52/><D127/><U87/><E0/><V95/><F11/><W80/><G116/><T81/><D39/><U43/><E29/><V30/><F85/><W124/><G124/><T62/><REACH who="0" step="1"/><D55/><REACH who="0" ten="230,280,235,245" step="2"/><N who="1" m="31847" /><E43/><V53/><F66/><W27/><G128/><T41/><D41/><U99/><E99/><V97/><F97/><W114/><G114/><T1/><D1/><U10/><E10/><V33/><F33/><W68/><G8/><T14/><D14/><U94/><AGARI ba="0,1" hai="5,6,7,9,12,16,20,23,87,90,94" m="31847" machi="94" ten="30,6000,0" yaku="8,1,52,1,54,1" doraHai="47" who="1" fromWho="1" sc="230,-20,280,70,235,-20,245,-20" /><INIT seed="1,1,0,5,0,7" ten="210,350,215,225" oya="1" hai0="113,106,52,27,111,46,92,132,49,108,97,60,37" hai1="130,68,120,21,86,134,116,53,82,135,32,101,75" hai2="50,88,66,119,18,128,121,91,16,48,62,133,2" hai3="51,44,83,28,94,19,38,98,118,109,10,99,77"/><U117/><E32/><V6/><F121/><W15/><G109/><N who="0" m="42059" /><D113/><U42/><E68/><V29/><F119/><W14/><G118/><T9/><D106/><U61/><E42/><V30/><F2/><W131/><G131/><T69/><D132/><N who="1" m="50731" /><E130/><V71/><F6/><W124/><G124/><T96/><D37/><U89/><E120/><V114/><F128/><W13/><G38/><T41/><D27/><U59/><E101/><V1/><F1/><W47/><G28/><T3/><D92/><N who="1" m="54327" /><E21/><V65/><F133/><W93/><G93/><T54/><D69/><U79/><AGARI ba="1,0" hai="53,59,61,75,79,82,116,117" m="54327,50731" machi="79" ten="30,1500,0" yaku="20,1" doraHai="7" who="1" fromWho="1" sc="210,-6,350,18,215,-6,225,-6" /><INIT seed="1,2,0,3,0,59" ten="204,368,209,219" oya="1" hai0="91,69,32,86,6,30,114,107,9,71,52,67,128" hai1="83,109,99,49,75,132,85,97,62,25,105,2,117" hai2="111,55,33,26,126,103,124,98,31,76,39,68,38" hai3="119,87,17,78,100,35,63,7,96,36,65,123,133"/><U64/><E2/><V41/><F111/><W95/><G123/><T20/><D114/><U12/><E117/><V130/><F130/><W129/><G36/><T51/><D107/><U0/><E0/><V131/><F131/><W120/><G120/><T104/><D104/><U50/><E75/><V47/><F76/><W110/><G129/><T116/><D128/><U74/><E74/><V79/><F79/><W3/><G35/><T134/><D116/><U115/><E115/><V118/><F118/><W73/><G119/><T29/><D32/><U122/><E122/><V27/><F68/><W80/><G110/><T44/><D134/><U16/><E25/><V24/><F38/><W53/><G133/><T54/><D54/><U21/><E132/><V19/><F55/><W106/><G17/><T22/><D71/><U113/><E113/><V15/><F126/><W60/><G53/><T23/><D67/><U125/><E125/><V4/><F4/><W70/><G70/><T88/><D69/><U40/><E105/><V57/><F57/><W90/><G65/><T81/><REACH who="0" step="1"/><D91/><REACH who="0" ten="194,368,209,219" step="2"/><N who="1" m="51647" /><E109/><V14/><F124/><W89/><G90/><T101/><D101/><U92/><E40/><V34/><F33/><W66/><G66/><T61/><D61/><U8/><E62/><V56/><F34/><W84/><REACH who="3" step="1"/><G73/><REACH who="3" ten="194,368,209,209" step="2"/><T5/><D5/><U135/><E64/><V93/><F103/><W37/><G37/><T94/><D94/><U46/><E135/><V11/><F93/><W112/><G112/><T58/><D58/><U45/><E92/><V1/><F56/><W48/><G48/><RYUUKYOKU ba="2,2" sc="194,15,368,-15,209,-15,209,15" hai0="6,9,20,22,23,29,30,44,51,52,81,86,88" hai3="3,7,60,63,78,80,84,87,89,95,96,100,106" /><INIT seed="2,3,2,2,2,95" ten="209,353,194,224" oya="2" hai0="21,10,108,38,84,58,85,52,107,133,61,73,11" hai1="56,77,76,124,37,23,32,1,6,55,81,68,65" hai2="7,30,0,129,115,87,106,12,105,75,74,119,70" hai3="83,27,42,89,93,57,36,114,112,109,72,110,97"/><V64/><F87/><N who="0" m="33354" /><D73/><N who="2" m="27658" /><F12/><W113/><G57/><T135/><D38/><U101/><E23/><V53/><F53/><W130/><G27/><T25/><D107/><N who="2" m="40970" /><F30/><W131/><G42/><T15/><D15/><U116/><E55/><V9/><F119/><W125/><G125/><T13/><D13/><U63/><E124/><V121/><F115/><W17/><G17/><N who="0" m="12463" /><D108/><N who="3" m="41577" /><G36/><T111/><D111/><U20/><E56/><V28/><F28/><W26/><G26/><T132/><AGARI ba="3,2" hai="10,11,52,58,61,132,133,135" m="12463,33354" machi="132" ten="40,2700,0" yaku="20,1,54,1" doraHai="95" who="0" fromWho="0" sc="209,56,353,-10,194,-16,224,-10" /><INIT seed="3,0,0,4,2,82" ten="265,343,178,214" oya="3" hai0="130,9,93,66,97,95,15,19,121,86,120,3,104" hai1="13,125,105,115,32,118,41,7,37,23,40,90,67" hai2="91,75,52,132,12,123,84,126,45,1,36,16,74" hai3="8,22,77,87,110,88,76,119,96,34,92,107,64"/><W20/><G34/><T102/><D130/><U85/><E32/><V35/><F1/><W30/><G119/><T129/><D129/><U134/><E115/><V33/><F33/><W47/><G110/><T44/><D3/><U69/><E118/><V68/><F35/><W60/><G8/><T26/><D66/><U78/><E105/><V43/><F68/><W65/><G47/><T58/><D58/><U72/><E37/><V48/><F126/><W99/><G65/><T57/><D57/><U24/><E78/><V53/><F132/><W4/><G4/><T100/><D26/><U54/><E72/><V29/><F29/><W98/><G107/><T10/><D10/><U79/><E79/><N who="3" m="30282" /><G30/><T113/><D113/><U116/><E116/><V50/><F36/><W21/><G64/><T17/><D44/><U63/><E54/><V18/><F123/><W42/><G60/><T14/><D104/><U128/><E128/><V70/><F70/><W83/><G42/><T114/><D114/><U11/><E125/><V56/><F43/><W94/><AGARI ba="0,0" hai="20,21,22,83,87,88,92,94,96,98,99" m="30282" machi="94" ten="40,7800,0" yaku="8,1,52,1,54,1" doraHai="82" who="3" fromWho="3" sc="265,-26,343,-26,178,-26,214,78" /><INIT seed="3,1,0,0,0,116" ten="239,317,152,292" oya="3" hai0="13,67,95,61,102,89,119,56,22,131,100,19,88" hai1="117,84,49,69,15,3,124,46,94,83,4,59,45" hai2="39,27,104,85,132,48,10,23,80,21,53,105,63" hai3="14,65,52,62,114,60,98,106,29,6,130,99,25"/><W41/><G114/><T76/><D119/><U64/><E3/><V54/><F132/><W120/><G120/><T107/><D107/><U44/><E117/><V31/><F39/><W16/><G130/><T20/><D131/><U5/><E124/><V28/><F63/><W90/><G6/><N who="1" m="2666" /><E69/><V18/><F104/><W55/><G41/><T93/><D76/><N who="1" m="46183" /><E94/><V12/><F105/><W37/><G37/><T42/><D42/><N who="1" m="24727" /><E15/><V113/><F113/><W33/><G62/><AGARI ba="1,0" hai="45,46,59,62,64" m="24727,46183,2666" machi="62" ten="30,1000,0" yaku="8,1" doraHai="116" who="1" fromWho="3" sc="239,0,317,13,152,0,292,-13" owari="239,-16.1,330,43.0,152,-34.8,279,7.9" /></mjloggm>