<mjloggm ver="2.3"><GO type="225" lobby="0"/><UN n0="%E2%91%A3%E9%81%BF%E9%81%8A%E6%88%AF%E3%80%90%E6%9D%B1%E5%8D%97%E3%80%91" n1="%28%EF%BF%A3%E2%96%BD%EF%BF%A3%29%CE%B4%E2%8C%92%E3%83%BB" n2="%6D%75%75%6D%75%72%61" n3="%73%6C%69%63%6B%33%31%39" dan="16,16,16,16" rate="2057.98,2080.27,2121.61,2138.80" sx="M,M,F,M"/><TAIKYOKU oya="0"/><INIT seed="0,0,0,2,1,114" ten="250,250,250,250" oya="0" hai0="61,51,22,57,98,35,85,59,64,91,102,122,70" hai1="18,118,1,90,5,99,134,20,112,81,62,49,55" hai2="104,67,23,121,44,27,116,13,97,12,109,119,69" hai3="56,53,105,103,125,50,0,79,42,30,33,29,73"/><T45/><D122/><U108/><E112/><V115/><F115/><W26/><G0/><T7/><D35/><U63/><E134/><V65/><F121/><W68/><G68/><T21/><D7/><U129/><E129/><V100/><F109/><W84/><G73/><T47/><D70/><U120/><E108/><V111/><F111/><W66/><G125/><T106/><D59/><U101/><E120/><V93/><F104/><W40/><G66/><N who="2" m="25097" /><F44/><W6/><G6/><T8/><D8/><U14/><E118/><N who="2" m="45099" /><F69/><W78/><G30/><AGARI ba="0,0" hai="12,13,23,27,30,93,97,100" m="45099,25097" machi="30" ten="30,7700,0" yaku="12,1,52,3" doraHai="114" who="2" fromWho="3" sc="250,0,250,0,250,77,250,-77" /><INIT seed="1,0,0,5,2,60" ten="250,250,327,173" oya="1" hai0="1,4,99,104,76,127,119,103,7,24,86,88,80" hai1="68,85,102,47,81,123,74,135,36,14,116,57,97" hai2="112,130,9,98,38,61,91,71,72,89,30,22,29" hai3="37,21,19,118,16,105,54,84,46,0,39,3,27"/><U121/><E68/><V64/><F130/><W11/><G105/><T28/><D119/><U69/><E69/><V133/><F133/><W95/><G118/><T63/><D1/><U129/><E116/><V70/><F112/><W35/><G35/><T58/><D127/><U82/><E14/><V23/><F38/><W110/><G110/><T122/><D76/><N who="1" m="44183" /><E57/><V78/><F9/><W94/><G54/><T126/><D126/><U52/><E52/><V100/><F71/><W75/><G75/><T79/><D79/><N who="1" m="46303" /><E47/><V87/><F72/><W50/><G84/><T42/><D42/><U77/><E36/><V5/><F78/><W18/><G37/><T48/><D48/><U15/><E15/><V67/><F5/><W41/><G39/><T115/><D115/><U44/><E44/><V45/><F45/><W33/><G33/><T53/><REACH who="0" step="1"/><D122/><REACH who="0" ten="240,250,327,173" step="2"/><U25/><E77/><V96/><F61/><W55/><G41/><T92/><D92/><N who="3" m="35369" /><G0/><T124/><D124/><U106/><E123/><V65/><F70/><W31/><G3/><T108/><D108/><U10/><E121/><V132/><F132/><W34/><G34/><AGARI ba="0,1" hai="4,7,24,28,34,53,58,63,80,86,88,99,103,104" machi="34" ten="30,7700,0" yaku="1,1,7,1,54,1,53,1" doraHai="60" doraHaiUra="49" who="0" fromWho="3" sc="240,87,250,0,327,0,173,-77" /><INIT seed="2,0,0,2,0,133" ten="327,250,327,96" oya="2" hai0="26,121,48,73,117,15,126,85,44,112,94,76,82" hai1="124,43,90,30,14,68,69,7,92,13,78,72,23" hai2="84,8,40,11,74,36,129,115,55,27,4,125,83" hai3="46,127,75,110,50,80,105,104,42,100,132,89,96"/><V54/><F115/><W16/><G132/><T24/><D112/><U59/><E43/><V57/><F129/><W10/><G110/><T64/><D117/><U53/><E78/><V98/><F74/><W131/><G131/><T109/><D121/><U81/><E81/><V70/><F70/><W99/><G75/><T65/><D109/><U21/><E72/><V119/><F119/><W38/><G38/><T63/><D65/><U49/><E124/><V95/><F125/><W97/><G127/><T102/><D126/><U108/><E108/><V58/><F40/><W107/><G100/><T39/><D39/><U25/><E14/><V47/><F47/><W114/><G114/><T33/><D33/><U2/><E2/><V29/><F36/><W79/><G79/><T52/><D15/><U130/><E130/><V135/><F135/><W28/><G28/><T87/><D73/><U12/><E12/><V71/><F71/><W101/><G10/><T122/><D122/><U41/><E41/><V120/><F120/><W106/><N who="3" m="26624" /><DORA hai="56" /><W86/><REACH who="3" step="1"/><G101/><REACH who="3" ten="327,250,327,86" step="2"/><T66/><D102/><U60/><E30/><V37/><F37/><W6/><G6/><T9/><D9/><U51/><E7/><V103/><F4/><W123/><G123/><T1/><D76/><U32/><E90/><V88/><F11/><W45/><G45/><T62/><D44/><U61/><E23/><V93/><F8/><W18/><AGARI ba="0,1" hai="16,18,42,46,50,80,86,89,96,97,99" m="26624" machi="18" ten="60,7900,0" yaku="1,1,0,1,54,1,53,0" doraHai="133,56" doraHaiUra="20,113" who="3" fromWho="3" sc="327,-20,250,-20,327,-39,86,89" /><INIT seed="3,0,0,2,4,15" ten="307,230,288,175" oya="3" hai0="122,135,71,82,94,8,61,95,9,83,104,11,105" hai1="91,76,102,34,0,57,130,112,114,33,28,81,110" hai2="99,56,27,2,29,38,25,133,22,79,132,63,73" hai3="123,64,126,89,26,75,53,66,47,125,32,21,18"/><W111/><G123/><T109/><D122/><U37/><E37/><V10/><F38/><W74/><G32/><T84/><D109/><U113/><E0/><V3/><F99/><W70/><G111/><T117/><D117/><U51/><E110/><V134/><F10/><W31/><G89/><T46/><D135/><U80/><E130/><V54/><F27/><W24/><G74/><T7/><D7/><U88/><E102/><V96/><F96/><W78/><G78/><T20/><D46/><U92/><E28/><V35/><F35/><W103/><G75/><T107/><D20/><U85/><E91/><V90/><F90/><W62/><G103/><T44/><D44/><U106/><E106/><V39/><F39/><W16/><G66/><T55/><D71/><U120/><E120/><V48/><F63/><W60/><G26/><T6/><D6/><U17/><E81/><AGARI ba="0,0" hai="2,3,22,25,29,48,54,56,73,79,81,132,133,134" machi="81" ten="40,1300,0" yaku="20,1" doraHai="15" who="2" fromWho="1" sc="307,0,230,-13,288,13,175,0" owari="307,40.7,217,-18.3,301,10.1,175,-32.5" /></mjloggm>