<mjloggm ver="2.3"><GO type="225" lobby="0"/><UN n0="%72%69%6F%75%63%68%61%6E" n1="%E3%81%AF%E3%82%88%E3%81%8A%E3%81%98%E3%81%95%E3%82%93" n2="%E3%81%B5%E3%81%98%E3%81%8B%E3%81%A4" n3="%E3%81%BF%E3%81%BF%E3%81%9A" dan="16,17,16,16" rate="2115.08,2194.86,2104.78,2158.32" sx="M,M,M,M"/><TAIKYOKU oya="0"/><INIT seed="0,0,0,0,0,50" ten="250,250,250,250" oya="0" hai0="27,124,65,48,56,104,117,5,74,77,14,21,119" hai1="134,42,93,86,105,17,126,83,61,101,121,29,49" hai2="129,96,28,68,69,79,30,60,39,4,130,6,26" hai3="47,82,91,88,66,78,8,123,87,81,102,43,107"/><T109/><D124/><U90/><E121/><V7/><F39/><W40/><G123/><T108/><D104/><U75/><E126/><V31/><F79/><W44/><G66/><T67/><D67/><U110/><E110/><N who="0" m="42601" /><D77/><N who="1" m="44479" /><E134/><V114/><F26/><W2/><G107/><T127/><D74/><U120/><E120/><V41/><F41/><W45/><G102/><T89/><D127/><U24/><E61/><V100/><F60/><W64/><G64/><T92/><D5/><U63/><E63/><V57/><F57/><W113/><G113/><T94/><D14/><U95/><E95/><N who="0" m="36393" /><D89/><U23/><E42/><V131/><F114/><W10/><G2/><T0/><D0/><U22/><E101/><V106/><AGARI ba="0,0" hai="4,6,7,28,30,31,68,69,96,100,106,129,130,131" machi="106" ten="40,8000,1" yaku="0,1,29,2,19,1" doraHai="50" who="2" fromWho="2" sc="250,-40,250,-20,250,80,250,-20" /><INIT seed="1,0,0,4,1,84" ten="210,230,330,230" oya="1" hai0="70,108,80,89,68,48,93,25,10,119,32,118,12" hai1="82,6,63,16,44,112,60,88,57,109,105,20,58" hai2="46,5,116,75,97,2,17,39,94,103,123,52,53" hai3="28,115,9,8,99,79,98,71,131,45,42,128,110"/><U37/><E105/><V41/><F123/><W62/><G115/><T64/><D108/><U87/><E112/><V0/><F116/><W50/><G28/><T66/><D80/><U111/><E6/><V92/><F75/><W56/><G79/><T24/><D48/><U91/><E91/><V78/><F78/><W3/><G71/><T121/><D121/><U30/><E30/><V7/><F17/><W85/><G85/><T117/><D68/><U83/><E83/><V114/><F114/><W33/><G33/><T129/><D129/><N who="3" m="49737" /><G110/><N who="1" m="41994" /><E44/><V73/><F73/><W134/><G134/><T36/><D36/><U102/><E102/><V86/><F7/><N who="3" m="1279" /><G8/><T126/><D32/><U49/><E37/><V76/><F76/><W130/><N who="3" m="49745" /><W106/><DORA hai="61" /><G106/><T51/><D119/><U127/><E127/><V133/><F133/><W47/><G45/><T54/><D126/><U74/><E74/><V77/><F77/><W40/><G42/><T31/><D31/><U125/><E125/><V107/><F107/><W96/><G99/><N who="0" m="57775" /><D118/><U43/><E43/><V38/><F38/><W21/><G98/><T72/><D72/><U122/><E122/><V29/><F29/><W13/><G96/><T55/><D117/><U113/><E113/><V65/><F0/><W34/><G34/><T132/><D132/><U69/><E69/><V18/><F2/><W19/><G56/><N who="1" m="21610" /><E49/><V23/><F41/><W1/><G1/><T104/><D51/><U26/><AGARI ba="0,0" hai="16,20,26,60,63,82,87,88" m="21610,41994" machi="26" ten="30,12000,1" yaku="14,1,10,1,52,1,54,2" doraHai="84,61" who="1" fromWho="1" sc="210,-40,230,120,330,-40,230,-40" /><INIT seed="1,1,0,3,0,111" ten="170,350,290,190" oya="1" hai0="13,77,92,15,110,26,116,101,29,117,12,132,122" hai1="79,56,57,102,81,89,123,22,125,70,97,6,0" hai2="62,105,106,31,107,25,74,30,35,66,114,67,103" hai3="11,38,58,10,60,48,51,40,93,3,47,133,99"/><U104/><E123/><V52/><F74/><W115/><G133/><T100/><D110/><U98/><E70/><V112/><F31/><W8/><G3/><T34/><D132/><U53/><E125/><V96/><F52/><W21/><G21/><T94/><D122/><U23/><E57/><V131/><F131/><W24/><G24/><T121/><D121/><U7/><E97/><V28/><F28/><W44/><G115/><N who="2" m="44073" /><F66/><W2/><G2/><T50/><D77/><U130/><E130/><V80/><F80/><W19/><G19/><T39/><D39/><U37/><E37/><V18/><F18/><W32/><G32/><T87/><D50/><U73/><E0/><V134/><F134/><W90/><REACH who="3" step="1"/><G44/><REACH who="3" ten="170,350,290,180" step="2"/><T5/><D5/><U129/><E6/><V86/><F86/><W120/><G120/><T9/><D87/><U43/><E7/><V108/><F108/><W95/><G95/><T84/><D84/><U27/><E129/><V33/><F33/><W76/><G76/><T85/><D85/><N who="1" m="50351" /><E79/><V55/><F55/><AGARI ba="1,1" hai="8,10,11,38,40,47,48,51,55,58,60,90,93,99" machi="55" ten="40,1300,0" yaku="1,1,53,0" doraHai="111" doraHaiUra="20" who="3" fromWho="2" sc="170,0,350,0,290,-16,180,26" /><INIT seed="2,0,0,5,0,12" ten="170,350,274,206" oya="2" hai0="10,73,82,81,35,106,71,58,63,107,3,38,112" hai1="54,56,1,93,105,19,96,75,23,97,86,91,39" hai2="70,69,62,13,40,14,5,110,8,64,99,41,72" hai3="11,84,135,114,89,123,32,119,101,76,121,87,66"/><V132/><F132/><W100/><G32/><T24/><D112/><U115/><E115/><V53/><F72/><W44/><G114/><T6/><D82/><U134/><E75/><V50/><F110/><W129/><G66/><N who="0" m="41439" /><D58/><U98/><E134/><V124/><F124/><W31/><G135/><T61/><D61/><U29/><E1/><V48/><F70/><W80/><G31/><N who="0" m="19943" /><D38/><U9/><E39/><V43/><F53/><W21/><G21/><T26/><D26/><U113/><E105/><V111/><F111/><W52/><G11/><T20/><D20/><U83/><E9/><V77/><F77/><AGARI ba="0,0" hai="3,6,10,73,77,81,106,107" m="19943,41439" machi="77" ten="30,2000,0" yaku="33,2" doraHai="12" who="0" fromWho="2" sc="170,20,350,0,274,-20,206,0" /><INIT seed="3,0,0,3,4,77" ten="190,350,254,206" oya="3" hai0="6,118,126,83,49,13,116,15,113,104,96,55,37" hai1="4,114,117,134,28,105,17,56,67,132,129,34,9" hai2="5,59,21,48,111,27,10,69,43,7,40,91,130" hai3="16,109,44,11,123,73,98,122,78,51,90,64,103"/><W106/><G64/><T133/><D37/><U3/><E105/><V65/><F111/><W128/><G109/><T1/><D1/><U22/><E114/><V120/><F69/><W57/><G57/><T58/><D113/><U12/><E129/><V23/><F130/><W53/><G128/><T89/><D126/><U93/><E117/><V70/><F70/><W102/><G102/><T100/><D133/><N who="1" m="51307" /><E93/><V46/><F120/><W24/><G90/><T135/><D135/><U97/><E97/><V39/><F39/><W81/><REACH who="3" step="1"/><G11/><REACH who="3" ten="190,350,254,196" step="2"/><T121/><D121/><U108/><E108/><V14/><F91/><W31/><G31/><T76/><D89/><U112/><E112/><V41/><F65/><W99/><G99/><T36/><D36/><U25/><E67/><V71/><F59/><AGARI ba="0,1" hai="3,4,9,12,17,22,25,28,34,56,59" m="51307" machi="59" ten="30,2000,0" yaku="24,1,20,1" doraHai="77" who="1" fromWho="2" sc="190,0,350,30,254,-20,196,0" owari="190,-31.0,380,48.0,234,3.4,196,-20.4" /></mjloggm>