<mjloggm ver="2.3"><GO type="225" lobby="0"/><UN n0="%E5%B8%86%E7%AB%8B%E5%A4%8F%E8%A1%A3" n1="%28%EF%BF%A3%E2%96%BD%EF%BF%A3%29%CE%B4%E2%8C%92%E3%83%BB" n2="%E8%A8%88%E7%AE%97%E6%A9%9F%E8%87%AA%E7%84%B6" n3="%E7%B4%94%E6%BD%94%E3%83%94%E3%83%A9%E3%83%8B%E3%82%A2" dan="17,17,17,17" rate="2156.16,2275.49,2179.87,2235.64" sx="M,M,M,M"/><TAIKYOKU oya="0"/><INIT seed="0,0,0,3,5,105" ten="250,250,250,250" oya="0" hai0="55,114,10,11,30,84,129,68,41,117,32,100,24" hai1="9,40,0,25,124,103,53,76,7,1,125,83,61" hai2="131,133,120,20,37,94,130,91,63,17,28,14,99" hai3="69,38,42,134,62,74,113,85,93,64,72,43,2"/><T31/><D114/><U50/><E103/><V35/><F120/><W52/><G113/><T29/><D117/><U13/><E25/><N who="2" m="18831" /><F63/><W82/><G2/><T132/><D68/><U71/><E40/><V15/><F37/><W108/><G108/><T58/><D132/><U110/><E110/><V77/><F77/><W86/><G134/><T45/><D129/><N who="2" m="49162" /><F133/><W80/><G93/><T128/><D128/><U21/><E61/><V89/><F14/><W111/><G111/><T67/><D67/><U78/><E71/><V109/><F109/><W54/><G38/><T36/><D100/><AGARI ba="0,0" hai="15,17,20,89,91,94,99,100" m="49162,18831" machi="100" ten="30,1000,0" yaku="19,1" doraHai="105" who="2" fromWho="0" sc="250,-10,250,0,250,10,250,0" /><INIT seed="1,0,0,2,0,33" ten="240,250,260,250" oya="1" hai0="58,66,22,10,73,68,16,78,111,39,110,14,86" hai1="81,13,36,70,125,83,45,101,84,26,56,127,43" hai2="97,62,122,129,65,75,21,76,85,128,27,116,132" hai3="108,50,121,80,130,17,29,135,118,54,9,11,120"/><U115/><E70/><V103/><F116/><W119/><G108/><N who="0" m="41515" /><D39/><U112/><E101/><V105/><F122/><W61/><G61/><N who="0" m="38199" /><D68/><U0/><E81/><V63/><F75/><W5/><G80/><N who="0" m="47383" /><D73/><U72/><E72/><V100/><F100/><W82/><G82/><T38/><D38/><U55/><E26/><V95/><F76/><W98/><G50/><T3/><D3/><U117/><E13/><V32/><F32/><W51/><G51/><T134/><D134/><U6/><E117/><V94/><F132/><W99/><G135/><T67/><D67/><U25/><E25/><V40/><F85/><W102/><G102/><T114/><D114/><U7/><E115/><V49/><F62/><W20/><G99/><T41/><D41/><U113/><E113/><V46/><F63/><W4/><G98/><T28/><D28/><U18/><E112/><V35/><F65/><W44/><G29/><T79/><D79/><N who="1" m="46207" /><E0/><V31/><REACH who="2" step="1"/><F35/><REACH who="2" ten="240,250,250,250" step="2"/><W64/><G64/><T91/><D91/><U24/><E127/><V42/><F42/><W89/><G119/><T60/><D60/><N who="1" m="35871" /><E125/><V2/><F2/><N who="3" m="151" /><G118/><T124/><D124/><U69/><E69/><V92/><AGARI ba="0,1" hai="21,27,31,40,46,49,92,94,95,97,103,105,128,129" machi="92" ten="30,2000,0" yaku="1,1,0,1,53,0" doraHai="33" doraHaiUra="77" who="2" fromWho="2" sc="240,-5,250,-10,250,30,250,-5" /><INIT seed="2,0,0,0,2,40" ten="235,240,280,245" oya="2" hai0="14,56,15,80,19,39,65,3,60,76,77,33,125" hai1="26,38,121,2,86,109,16,101,13,95,93,107,96" hai2="127,131,25,45,91,51,122,124,106,52,34,129,90" hai3="69,27,85,24,135,112,42,115,7,43,134,37,97"/><V23/><F106/><W31/><G69/><T30/><D125/><N who="2" m="48202" /><F34/><W89/><G97/><T117/><D117/><U116/><E2/><V83/><F122/><W88/><G7/><T29/><D3/><U11/><E116/><V78/><F78/><W4/><G4/><T102/><D39/><U8/><E121/><V84/><F90/><W62/><G62/><T103/><D77/><U92/><E38/><V63/><F63/><W75/><G37/><T10/><D15/><U49/><E109/><V108/><F108/><W0/><G0/><T53/><D65/><U47/><E26/><N who="3" m="9770" /><G75/><T58/><D58/><U74/><E74/><V123/><F123/><W18/><G18/><AGARI ba="0,0" hai="18,23,25,45,51,52,83,84,91,129,131" m="48202" machi="18" ten="30,5800,0" yaku="18,1,52,1,54,1" doraHai="40" who="2" fromWho="3" sc="235,0,240,0,280,58,245,-58" /><INIT seed="2,1,0,0,4,94" ten="235,240,338,187" oya="2" hai0="5,41,57,106,93,101,18,107,10,66,8,124,48" hai1="20,108,40,24,123,44,12,89,73,103,100,23,109" hai2="131,4,33,67,119,25,75,0,55,17,36,60,1" hai3="128,86,88,28,30,43,84,51,99,71,85,104,134"/><V16/><F119/><W130/><G71/><T95/><D124/><U126/><E73/><V7/><F75/><W114/><G114/><T80/><D18/><N who="2" m="7274" /><F55/><W72/><G72/><T42/><D80/><U6/><E126/><V56/><F56/><W125/><G125/><T50/><D5/><N who="2" m="2122" /><F60/><W65/><G65/><T102/><D57/><U135/><E123/><V68/><F36/><W26/><G134/><T78/><REACH who="0" step="1"/><D66/><REACH who="0" ten="225,240,338,187" step="2"/><U69/><E6/><V35/><F67/><W47/><G28/><T127/><D127/><U64/><E64/><V111/><F68/><W77/><G77/><AGARI ba="1,1" hai="8,10,41,42,48,50,77,78,93,95,101,102,106,107" machi="77" ten="25,3200,0" yaku="1,1,22,2,53,0" doraHai="94" doraHaiUra="52" who="0" fromWho="3" sc="225,45,240,0,338,0,187,-35" /><INIT seed="3,0,0,3,1,92" ten="270,240,338,152" oya="3" hai0="101,14,120,60,33,23,30,117,2,123,22,13,110" hai1="67,52,42,8,16,64,93,51,56,46,90,10,79" hai2="109,104,73,36,112,116,6,81,25,80,21,9,7" hai3="135,132,127,24,38,44,70,130,103,18,122,45,65"/><W124/><G122/><N who="0" m="46635" /><D60/><N who="1" m="35847" /><E79/><V19/><F112/><W41/><G18/><T91/><D91/><U26/><E8/><V76/><F116/><W99/><G24/><N who="0" m="18631" /><D101/><U129/><E129/><V4/><F109/><W134/><G45/><T63/><D63/><U34/><E34/><V37/><F104/><N who="3" m="63615" /><G65/><T121/><D117/><U1/><E1/><V49/><F9/><W85/><G85/><T125/><D2/><U50/><E50/><V17/><F17/><W75/><G75/><T54/><D54/><U43/><E43/><V108/><F108/><W114/><G114/><T113/><D113/><U88/><E90/><V39/><F49/><W35/><G35/><T83/><D83/><U95/><E95/><V68/><F80/><W102/><G102/><T87/><D121/><U40/><E40/><V131/><F131/><W133/><N who="3" m="33792" /><DORA hai="48" /><W72/><G72/><T98/><D110/><U27/><E27/><V61/><F61/><W15/><G15/><T32/><D32/><U89/><E89/><V78/><F78/><W111/><G111/><T94/><D13/><N who="1" m="7223" /><E26/><V96/><F37/><W58/><G58/><T11/><D14/><U84/><AGARI ba="0,0" hai="42,46,51,64,67,84,88,93" m="7223,35847" machi="84" ten="30,8000,1" yaku="8,1,52,1,54,3" doraHai="92,48" who="1" fromWho="1" sc="270,-20,240,80,338,-20,152,-40" owari="250,-15.0,320,42.0,318,11.8,112,-38.8" /></mjloggm>