<mjloggm ver="2.3"><GO type="225" lobby="0"/><UN n0="%E3%83%96%E3%83%A9%E3%82%B6%E3%83%BC" n1="%E6%97%A5%E6%9B%9C%E6%97%A5%E3%82%88%E3%82%8A%E3%81%AE%E4%BD%BF%E8%80%85" n2="%E9%8A%80%E3%81%B0%E3%81%95%E3%81%BF" n3="%E3%82%BC%E3%83%AB%E3%83%80%E3%81%AE%E4%BC%9D%E8%AA%AC" dan="16,18,17,16" rate="2095.56,2174.45,2218.97,2179.12" sx="M,M,M,M"/><TAIKYOKU oya="0"/><INIT seed="0,0,0,1,5,111" ten="250,250,250,250" oya="0" hai0="115,4,105,28,19,53,41,47,60,64,83,79,2" hai1="120,125,37,5,67,7,81,90,16,106,20,75,59" hai2="62,89,50,122,117,135,82,116,104,85,32,96,113" hai3="63,33,35,93,100,73,44,118,25,10,121,21,126"/><T22/><D115/><U114/><E120/><V84/><F32/><W98/><G118/><N who="2" m="45673" /><F122/><W134/><G121/><T128/><D105/><U95/><E37/><V132/><F50/><W129/><G73/><T3/><D128/><U54/><E106/><V39/><F62/><W87/><G129/><T131/><D53/><U34/><E34/><V46/><F46/><W119/><G119/><T26/><D4/><U1/><E1/><V108/><F39/><W74/><G74/><T107/><D107/><U69/><E69/><V102/><F108/><W70/><G126/><T11/><D11/><U61/><E125/><V56/><F56/><W112/><G134/><N who="2" m="51241" /><F85/><W78/><G33/><T109/><D28/><U38/><E38/><V23/><F23/><W30/><G44/><T12/><D109/><U80/><E67/><V15/><F15/><W88/><G21/><T94/><D41/><U76/><E114/><AGARI ba="0,0" hai="82,84,89,96,102,104,113,114" m="51241,45673" machi="114" ten="30,12000,2" yaku="12,1,20,1,34,2,52,2" doraHai="111" who="2" fromWho="1" sc="250,0,250,-120,250,120,250,0" /><INIT seed="1,0,0,5,1,24" ten="250,130,370,250" oya="1" hai0="64,111,9,86,75,110,4,48,65,40,104,134,117" hai1="30,93,67,16,119,51,124,6,90,68,17,123,115" hai2="56,29,127,28,132,79,33,112,128,92,36,34,63" hai3="59,19,108,94,106,27,14,97,11,105,84,102,125"/><U18/><E115/><V78/><F112/><W69/><G108/><N who="0" m="41515" /><D75/><U12/><E119/><V87/><F36/><W77/><G69/><T52/><D104/><U121/><E124/><V10/><F127/><W38/><G38/><T76/><D40/><U133/><E133/><V37/><F37/><W96/><G125/><T60/><D60/><U13/><E30/><N who="2" m="11883" /><F34/><W95/><G27/><T74/><D74/><U116/><E116/><V82/><F33/><W83/><REACH who="3" step="1"/><G59/><REACH who="3" ten="250,130,370,240" step="2"/><N who="0" m="33159" /><D134/><U98/><E51/><V39/><F39/><W80/><G80/><N who="0" m="47367" /><D117/><U45/><E45/><V101/><F132/><W32/><G32/><T31/><D31/><U99/><E99/><N who="2" m="59623" /><F128/><W3/><G3/><AGARI ba="0,1" hai="3,4,9,64,65" m="47367,33159,41515" machi="3" ten="30,2000,0" yaku="14,1,54,1" doraHai="24" who="0" fromWho="3" sc="250,30,130,0,370,0,240,-20" /><INIT seed="2,0,0,0,2,48" ten="280,130,370,220" oya="2" hai0="113,61,85,82,104,9,69,118,15,121,114,63,33" hai1="68,108,109,77,34,110,62,26,112,50,71,115,31" hai2="38,76,6,100,83,124,107,46,75,56,129,58,45" hai3="37,47,49,7,4,73,74,0,10,93,52,24,119"/><V11/><F129/><W20/><G119/><T22/><D121/><U19/><E77/><V98/><F124/><W80/><G7/><T13/><D33/><U36/><E36/><V133/><F133/><W125/><G125/><T43/><D118/><U59/><E50/><V97/><F97/><W23/><G37/><T3/><D104/><U18/><E71/><V99/><F99/><W60/><G93/><T42/><D113/><U120/><E68/><V130/><F130/><W127/><G127/><T8/><D114/><N who="1" m="43563" /><E120/><V103/><F103/><W67/><G80/><T51/><D3/><U21/><E34/><V86/><F86/><W84/><G84/><T131/><D22/><U1/><E1/><N who="2" m="463" /><F46/><W94/><G94/><T105/><D105/><U14/><E14/><V16/><F16/><N who="1" m="6185" /><E59/><V5/><F5/><W128/><G128/><T102/><D15/><U25/><E62/><V39/><F39/><W88/><G74/><T87/><D13/><U2/><E2/><V30/><F30/><W134/><G73/><T96/><D63/><U91/><E91/><V89/><F89/><W111/><G88/><T12/><D61/><U27/><AGARI ba="0,0" hai="21,25,26,27,31,108,109,110" m="6185,43563" machi="27" ten="40,8000,1" yaku="14,1,34,2,54,1" doraHai="48" who="1" fromWho="1" sc="280,-20,130,80,370,-40,220,-20" /><INIT seed="3,0,0,1,3,14" ten="260,210,330,200" oya="3" hai0="20,111,90,100,23,49,60,58,108,94,0,110,59" hai1="91,43,4,57,126,122,26,31,34,82,78,18,86" hai2="63,125,62,80,74,97,121,56,29,134,129,39,116" hai3="42,36,9,30,123,107,73,79,5,37,55,41,68"/><W69/><G123/><T83/><D0/><U65/><E122/><V81/><F116/><W61/><G107/><T120/><D120/><U25/><E126/><V54/><F121/><W48/><G30/><T115/><D115/><U88/><E4/><V13/><F39/><N who="3" m="14923" /><G9/><T50/><D100/><U21/><REACH who="1" step="1"/><E43/><REACH who="1" ten="260,200,330,200" step="2"/><N who="3" m="16394" /><G5/><T19/><D110/><U51/><E51/><V52/><F125/><W6/><G6/><T96/><D50/><U106/><E106/><V7/><F7/><W132/><G73/><T119/><D49/><U1/><E1/><V46/><F74/><W117/><G79/><T38/><D111/><U67/><E67/><V3/><F3/><W89/><G89/><T33/><D108/><U15/><E15/><V35/><F13/><W64/><G117/><T128/><D119/><U44/><E44/><V12/><F46/><N who="3" m="28055" /><G132/><T124/><D90/><U77/><E77/><V47/><F134/><W72/><G72/><T112/><D124/><U11/><E11/><V131/><F12/><W135/><G135/><T32/><D112/><U85/><E85/><V84/><F84/><W2/><G2/><T127/><D127/><U10/><E10/><V99/><F99/><W45/><G45/><T93/><D96/><U133/><E133/><V92/><F47/><W71/><AGARI ba="0,1" hai="61,64,68,69,71" m="28055,16394,14923" machi="71" ten="30,12000,1" yaku="35,5" doraHai="14" who="3" fromWho="3" sc="260,-40,200,-40,330,-40,200,130" owari="220,-18.0,160,-34.0,290,9.0,330,43.0" /></mjloggm>