<mjloggm ver="2.3"><GO type="225" lobby="0"/><UN n0="%73%6C%69%63%6B%33%31%39" n1="%6E%69%63%6B%6C%6F%77" n2="%E3%83%A9%E3%83%BC%E3%83%A1%E3%83%B3%E4%BA%94%E9%83%8E" n3="%E9%89%A2%E5%B7%BB%E3%82%AC%E3%83%96" dan="16,16,16,16" rate="2164.34,2132.49,2049.17,2073.14" sx="M,F,M,M"/><TAIKYOKU oya="0"/><INIT seed="0,0,0,5,5,14" ten="250,250,250,250" oya="0" hai0="117,53,103,35,91,130,47,98,40,107,119,60,33" hai1="32,133,16,114,11,128,5,105,8,20,38,63,135" hai2="10,3,13,78,25,34,113,37,76,22,121,81,115" hai3="27,57,39,94,30,36,97,129,71,90,109,131,6"/><T26/><D130/><N who="3" m="49673" /><G71/><T67/><D53/><U73/><E128/><V126/><F37/><W82/><G109/><T62/><D91/><U9/><E38/><V102/><F121/><W31/><G6/><T52/><D52/><U61/><E73/><V104/><F126/><W4/><G4/><T24/><D26/><N who="1" m="14599" /><E32/><N who="0" m="12361" /><D62/><N who="1" m="23563" /><E105/><V87/><F76/><W43/><G57/><T69/><D24/><U64/><E64/><V12/><F102/><W80/><G39/><AGARI ba="0,0" hai="39,40,47,60,67,69,98,103,107,117,119" m="12361" machi="39" ten="30,1500,0" yaku="23,1" doraHai="14" who="0" fromWho="3" sc="250,15,250,0,250,0,250,-15" /><INIT seed="0,1,0,2,1,0" ten="265,250,250,235" oya="0" hai0="41,2,52,48,50,79,8,53,127,32,65,92,49" hai1="26,21,83,86,34,58,131,54,119,128,80,46,60" hai2="18,93,100,103,5,85,6,78,77,121,42,99,31" hai3="37,88,73,76,104,55,51,62,125,67,30,23,57"/><T98/><D32/><U94/><E34/><V134/><F121/><W101/><G125/><T75/><D127/><U44/><E119/><V19/><F134/><W133/><G133/><T40/><D75/><U126/><E126/><V95/><F42/><N who="0" m="16490" /><D2/><U28/><E80/><V33/><F33/><W89/><G37/><T96/><D79/><U111/><E111/><V84/><REACH who="2" step="1"/><F99/><REACH who="2" ten="265,250,240,235" step="2"/><W72/><G73/><T4/><D96/><U17/><E131/><V124/><F124/><W25/><G72/><T132/><D132/><U38/><E128/><V59/><F59/><W91/><G76/><T71/><D71/><U105/><E38/><V74/><F74/><W112/><G112/><T117/><D117/><U110/><E110/><V120/><F120/><W130/><G130/><T87/><D87/><U36/><E36/><V106/><F106/><W114/><G114/><T61/><D98/><U64/><E105/><V15/><F15/><W45/><G104/><T16/><D92/><U3/><E3/><V113/><F113/><W1/><G1/><T14/><D4/><U63/><E94/><V70/><F70/><W43/><REACH who="3" step="1"/><G101/><REACH who="3" ten="265,250,240,225" step="2"/><T39/><D39/><U35/><E35/><V66/><F66/><AGARI ba="1,2" hai="23,25,30,43,45,51,55,57,62,66,67,88,89,91" machi="66" ten="40,8000,1" yaku="1,1,2,1,8,1,54,1,53,0" doraHai="0" doraHaiUra="118" who="3" fromWho="2" sc="265,0,250,0,240,-83,225,103" /><INIT seed="1,0,0,4,2,39" ten="265,250,157,328" oya="1" hai0="108,130,98,121,48,58,97,95,5,51,84,131,28" hai1="101,54,119,24,90,117,107,9,69,27,116,120,115" hai2="42,63,113,74,50,67,134,15,7,16,30,135,56" hai3="126,0,64,12,89,82,77,55,105,93,2,60,112"/><U13/><E69/><V40/><F74/><W57/><G112/><T38/><D38/><U78/><E115/><V59/><F113/><W85/><G105/><T86/><D5/><U104/><E120/><V92/><F7/><W17/><G126/><T118/><D118/><U23/><E78/><V72/><F72/><W47/><G47/><T122/><D28/><U46/><E90/><V35/><F92/><W110/><G110/><T132/><D108/><U1/><E1/><V127/><F127/><W102/><G102/><T106/><D58/><U124/><E124/><V61/><F50/><W79/><G79/><T44/><D132/><N who="2" m="50730" /><F30/><W21/><REACH who="3" step="1"/><G64/><REACH who="3" ten="265,250,157,318" step="2"/><T26/><D106/><U80/><E104/><V83/><F35/><W71/><G71/><T4/><D122/><U129/><E101/><V70/><F70/><W111/><G111/><T11/><D121/><U75/><E107/><V100/><F100/><W133/><G133/><T87/><D44/><U37/><E46/><V19/><F83/><W36/><G36/><T6/><D95/><U103/><E37/><V94/><F94/><W76/><G76/><T99/><D131/><U8/><E103/><V96/><F67/><W45/><G45/><T29/><D130/><U34/><E80/><V65/><F65/><W114/><G114/><T18/><D98/><AGARI ba="0,1" hai="0,2,12,17,21,55,57,60,77,82,85,89,93,98" machi="98" ten="30,2000,0" yaku="1,1,7,1,53,0" doraHai="39" doraHaiUra="125" who="3" fromWho="0" sc="265,-20,250,0,157,0,318,30" /><INIT seed="2,0,0,5,4,44" ten="245,250,157,348" oya="2" hai0="125,41,69,9,63,109,51,67,94,72,121,79,39" hai1="45,115,98,18,19,53,1,33,56,62,23,97,55" hai2="14,57,81,60,120,89,82,91,61,107,15,38,47" hai3="77,52,71,119,100,6,8,85,20,35,13,134,37"/><V83/><F120/><W25/><G119/><T99/><D121/><U31/><E33/><V104/><F61/><W110/><G37/><T132/><D109/><U68/><E1/><V123/><F123/><W16/><G71/><T78/><D72/><U92/><E115/><V93/><F104/><W59/><G110/><T64/><D64/><U106/><E106/><V88/><F107/><W135/><G100/><T128/><D39/><U108/><E98/><V48/><F93/><W70/><G70/><T114/><D114/><U30/><E18/><V12/><F38/><W133/><G35/><T129/><D125/><U29/><E68/><V42/><REACH who="2" step="1"/><F81/><REACH who="2" ten="245,250,147,348" step="2"/><N who="3" m="47279" /><G135/><T122/><D122/><U24/><E108/><V54/><AGARI ba="0,1" hai="12,14,15,42,47,48,54,57,60,82,83,88,89,91" machi="54" ten="30,12000,1" yaku="1,1,0,1,8,1,52,1,54,1,53,0" doraHai="44" doraHaiUra="118" who="2" fromWho="2" sc="245,-40,250,-40,147,130,348,-40" /><INIT seed="2,1,0,4,4,40" ten="205,210,277,308" oya="2" hai0="115,71,90,119,95,93,46,99,56,117,50,120,9" hai1="72,48,74,112,59,25,108,33,20,13,52,122,28" hai2="41,69,113,8,91,54,14,5,15,135,57,80,26" hai3="30,75,85,39,103,3,124,62,4,133,96,24,79"/><V36/><F113/><W51/><G39/><T73/><D71/><U60/><E112/><V19/><F69/><W70/><G133/><T65/><D115/><U76/><E108/><V127/><F135/><W104/><G85/><T58/><D73/><U106/><E106/><V63/><F127/><W12/><G12/><T132/><D132/><U16/><E122/><V98/><F26/><W114/><G51/><T31/><D120/><U128/><E128/><V11/><F36/><W131/><G131/><T97/><D9/><U77/><E74/><V129/><F129/><W67/><G124/><T86/><D31/><U123/><E123/><V81/><REACH who="2" step="1"/><F41/><REACH who="2" ten="205,210,267,308" step="2"/><W125/><G125/><T134/><D134/><U23/><E72/><V84/><F84/><W116/><G114/><T111/><D86/><U29/><E29/><V44/><F44/><W88/><G24/><T22/><D111/><U100/><E33/><V37/><F37/><W27/><G27/><T0/><D46/><N who="1" m="27671" /><E100/><V64/><F64/><AGARI ba="1,1" hai="13,16,20,23,25,28,59,60,64,76,77" m="27671" machi="64" ten="30,7700,0" yaku="8,1,52,1,54,2" doraHai="40" who="1" fromWho="2" sc="205,0,210,90,267,-80,308,0" /><INIT seed="3,0,0,1,0,11" ten="205,300,187,308" oya="3" hai0="49,75,46,3,21,25,59,100,56,29,113,88,115" hai1="132,123,108,18,24,102,43,124,85,95,20,55,44" hai2="106,58,110,27,47,19,109,107,103,128,23,65,10" hai3="80,84,89,31,53,117,34,73,6,76,26,14,52"/><W94/><G117/><T50/><D75/><U70/><E123/><V42/><F128/><W112/><G112/><N who="0" m="43083" /><D3/><U39/><E70/><V9/><F58/><N who="0" m="22058" /><D100/><U45/><E108/><N who="2" m="41579" /><F65/><W125/><G125/><T79/><D79/><U90/><E124/><V91/><F91/><W13/><G6/><T72/><D72/><U37/><E132/><V92/><F92/><W129/><G129/><T30/><D88/><U67/><E67/><V122/><F122/><W38/><G38/><T116/><D116/><U2/><E2/><V121/><F121/><W28/><G28/><N who="0" m="17455" /><D50/><U99/><E55/><AGARI ba="0,0" hai="29,30,46,49,55" m="17455,22058,43083" machi="55" ten="30,1000,0" yaku="11,1" doraHai="11" who="0" fromWho="1" sc="205,10,300,-10,187,0,308,0" owari="215,-18.5,290,9.0,187,-31.3,308,40.8" /></mjloggm>