<mjloggm ver="2.3"><GO type="225" lobby="0"/><UN n0="%E3%81%8B%E3%82%8F%E3%81%A1%E3%82%83%E3%82%93%35%38" n1="%E3%83%AD%E3%83%83%E3%83%86%E9%9B%80%E7%90%83" n2="%E3%82%82%E3%81%90%E3%82%89" n3="%E5%AF%82%E5%AF%9E%E3%82%AE%E3%83%8D%E3%82%B9%E3%83%93%E3%83%BC%E3%83%AB" dan="16,17,17,16" rate="2080.02,2207.30,2237.28,2132.07" sx="M,M,M,M"/><TAIKYOKU oya="0"/><INIT seed="0,0,0,5,5,134" ten="250,250,250,250" oya="0" hai0="116,61,45,69,83,36,101,51,86,71,130,25,15" hai1="79,103,19,80,128,48,92,95,131,104,53,117,37" hai2="30,20,133,63,7,18,35,108,81,40,59,135,46" hai3="88,68,58,5,114,102,127,10,132,54,65,72,2"/><T75/><D116/><U33/><E37/><V123/><F123/><W76/><G114/><T122/><D122/><U99/><E33/><V31/><F108/><W118/><G118/><T109/><D75/><N who="1" m="43135" /><E19/><V113/><F113/><W39/><G132/><N who="2" m="50761" /><F7/><W17/><G102/><T13/><D36/><U77/><E117/><V107/><F107/><W64/><G68/><T121/><D121/><U6/><E6/><V44/><F81/><W11/><G76/><T82/><D101/><U26/><E26/><N who="2" m="18903" /><F31/><W41/><G72/><T16/><D25/><U56/><E77/><V66/><F40/><W52/><G41/><T50/><D109/><U12/><E12/><AGARI ba="0,0" hai="12,18,20,44,46,59,63,66" m="18903,50761" machi="12" ten="30,1000,0" yaku="20,1" doraHai="134" who="2" fromWho="1" sc="250,0,250,-10,250,10,250,0" /><INIT seed="1,0,0,1,5,3" ten="250,240,260,250" oya="1" hai0="84,33,26,7,19,121,111,66,21,51,15,53,62" hai1="18,41,22,6,31,135,23,38,103,130,105,117,76" hai2="48,68,126,42,8,88,49,36,102,110,4,16,87" hai3="71,60,129,93,67,28,98,123,54,65,78,27,35"/><U100/><E117/><V32/><F32/><W97/><G123/><T104/><D104/><U80/><E130/><V107/><F68/><W79/><G129/><T40/><D111/><U43/><E135/><V34/><F34/><W14/><G65/><T113/><D113/><U94/><E105/><V9/><F110/><W55/><G98/><T131/><D131/><U74/><E31/><V0/><F36/><W96/><G96/><T122/><D40/><U59/><E23/><V2/><F42/><W11/><G55/><T133/><D133/><U45/><E43/><V132/><F132/><W64/><G54/><T56/><D84/><U20/><E20/><V125/><F102/><W37/><G67/><T114/><D114/><U47/><E47/><V30/><F30/><W120/><G37/><T134/><D134/><U72/><E59/><V106/><F106/><W119/><G120/><T118/><D118/><U75/><E6/><N who="2" m="1095" /><F16/><W17/><REACH who="3" step="1"/><G119/><REACH who="3" ten="250,240,260,240" step="2"/><T99/><D99/><U29/><E103/><AGARI ba="0,1" hai="11,14,17,27,28,35,60,64,71,78,79,93,97,103" machi="103" ten="30,7700,0" yaku="1,1,2,1,7,1,53,1" doraHai="3" doraHaiUra="12" who="3" fromWho="1" sc="250,0,240,-77,260,0,240,87" /><INIT seed="2,0,0,3,2,129" ten="250,163,260,327" oya="2" hai0="17,107,99,134,15,12,24,65,126,42,50,22,83" hai1="92,123,7,80,118,11,66,45,103,78,71,81,20" hai2="40,41,18,116,82,93,85,64,55,32,87,47,100" hai3="37,121,68,124,101,0,23,53,3,4,114,72,127"/><V38/><F116/><W70/><G121/><T16/><D126/><N who="3" m="48169" /><G114/><T14/><D65/><U122/><E118/><V111/><F32/><W29/><G72/><T8/><D134/><U104/><E104/><V135/><F135/><W125/><G125/><T51/><D83/><U113/><E113/><V54/><F111/><W52/><G37/><T90/><D107/><U21/><E45/><V112/><F112/><W132/><G101/><T43/><D51/><U26/><E66/><V75/><F41/><N who="0" m="15370" /><D50/><U13/><E71/><N who="3" m="27178" /><G132/><T6/><D6/><U5/><E5/><V109/><F109/><W63/><G63/><T48/><D48/><U95/><E81/><V46/><F64/><W110/><G110/><T133/><D133/><U76/><E76/><V105/><F75/><W67/><G67/><T57/><D57/><U69/><E69/><V77/><F47/><W61/><G4/><T98/><D99/><U58/><E58/><V44/><F44/><W94/><G94/><AGARI ba="0,0" hai="8,12,14,15,16,17,22,24,90,94,98" m="15370" machi="94" ten="30,2000,0" yaku="8,1,54,1" doraHai="129" who="0" fromWho="3" sc="250,20,163,0,260,0,327,-20" /><INIT seed="3,0,0,5,0,92" ten="270,163,260,307" oya="3" hai0="109,21,49,119,29,61,28,42,124,2,27,48,24" hai1="114,84,105,22,123,125,107,135,40,134,87,95,88" hai2="91,9,39,79,0,62,120,7,3,133,45,56,132" hai3="90,64,98,36,4,118,72,74,94,38,18,5,69"/><W131/><G118/><T103/><D119/><U35/><E35/><V77/><F0/><W26/><G131/><T100/><D109/><U54/><E40/><V110/><F110/><W81/><G64/><T78/><D2/><U93/><E54/><V113/><F113/><W83/><G69/><T104/><D124/><U52/><E22/><V82/><F91/><W25/><G94/><T46/><D78/><U10/><E10/><V37/><F79/><W116/><G90/><T67/><D49/><U16/><E16/><V73/><F120/><W111/><G116/><T115/><D115/><U17/><E17/><V89/><F89/><W130/><G18/><T126/><D126/><U60/><E125/><V33/><F33/><W8/><G130/><T86/><D86/><N who="1" m="52375" /><E114/><V102/><F102/><W80/><G8/><T63/><D104/><N who="1" m="40011" /><E123/><V70/><F70/><W47/><G47/><T97/><D97/><U13/><E13/><V101/><F39/><N who="3" m="14891" /><G98/><T34/><REACH who="0" step="1"/><D61/><REACH who="0" ten="260,163,260,307" step="2"/><U14/><E14/><V128/><F128/><W59/><G111/><T50/><D50/><U6/><E6/><N who="3" m="2666" /><G59/><AGARI ba="0,1" hai="21,24,27,28,29,34,42,46,48,59,63,67,100,103" machi="59" ten="30,2000,0" yaku="1,1,7,1,53,0" doraHai="92" doraHaiUra="1" who="0" fromWho="3" sc="260,30,163,0,260,0,307,-20" /><INIT seed="4,0,0,0,0,116" ten="290,163,260,287" oya="0" hai0="64,118,129,11,37,94,14,89,114,66,97,93,13" hai1="24,69,122,112,59,56,42,105,126,125,43,101,17" hai2="86,39,135,3,76,21,123,33,121,28,87,31,49" hai3="34,103,38,134,92,132,117,45,78,84,74,32,124"/><T71/><D118/><U104/><E17/><V1/><F21/><W40/><G117/><T30/><D37/><U61/><E24/><V130/><F49/><W106/><G124/><N who="1" m="47722" /><E101/><V50/><F50/><W95/><G95/><T46/><D71/><U54/><E69/><V10/><F10/><W51/><G51/><T108/><D30/><U70/><E70/><V8/><F8/><W25/><G84/><T44/><D114/><U133/><E133/><N who="3" m="51306" /><G92/><T99/><D129/><U29/><E29/><V7/><F135/><W96/><G25/><T0/><D0/><U65/><E112/><V55/><F39/><W27/><G27/><T119/><D119/><U75/><E75/><V113/><F113/><W120/><G120/><T91/><D11/><U110/><E110/><AGARI ba="0,0" hai="13,14,44,46,64,66,89,91,93,94,97,99,108,110" machi="110" ten="25,2400,0" yaku="22,2" doraHai="116" who="0" fromWho="1" sc="290,24,163,-24,260,0,287,0" owari="314,41.4,139,-36.1,260,-14.0,287,8.7" /></mjloggm>