<mjloggm ver="2.3"><GO type="225" lobby="0"/><UN n0="%72%65%6E%6B%75%6E" n1="%E3%83%97%E3%83%AC%E3%83%B4%E3%82%A1%E3%83%86%E3%82%A3" n2="%73%6C%69%63%6B%33%31%39" n3="%E3%83%AC%E3%82%A4%E3%83%88%E3%83%B3%E5%87%86%E6%95%99%E6%8E%88" dan="17,16,16,19" rate="2209.13,2104.90,2116.85,2260.92" sx="M,F,M,M"/><TAIKYOKU oya="0"/><INIT seed="0,0,0,0,4,15" ten="250,250,250,250" oya="0" hai0="100,33,90,132,36,127,51,109,131,88,63,28,29" hai1="35,27,9,79,20,43,52,56,61,45,108,53,67" hai2="11,49,66,122,8,18,116,37,71,62,113,54,30" hai3="83,98,134,77,44,104,84,48,114,58,5,69,89"/><T117/><D36/><U10/><E35/><V42/><F122/><W46/><G69/><T59/><D117/><U105/><E105/><V115/><F116/><W99/><G114/><T123/><D123/><U110/><E79/><V92/><F30/><N who="0" m="11882" /><D100/><U101/><E101/><V16/><F8/><W38/><G104/><T65/><D33/><U73/><E73/><V40/><F40/><W97/><G134/><T19/><D132/><U129/><E129/><V128/><F11/><N who="1" m="4105" /><E43/><V124/><F92/><W135/><G38/><T106/><D106/><U13/><E27/><V80/><F80/><W60/><G5/><T103/><D103/><U57/><E45/><N who="2" m="23759" /><F124/><W72/><G135/><T96/><D109/><N who="1" m="42091" /><E57/><N who="2" m="32975" /><F128/><W130/><G130/><T75/><D75/><U32/><E32/><V126/><F126/><W3/><G72/><T68/><D127/><U6/><E6/><V55/><F55/><W39/><G39/><T23/><D131/><U120/><E120/><V17/><AGARI ba="0,0" hai="16,17,18,62,66,71,113,115" m="32975,23759" machi="17" ten="30,8000,1" yaku="24,1,52,3,54,1" doraHai="15" who="2" fromWho="2" sc="250,-40,250,-20,250,80,250,-20" /><INIT seed="1,0,0,5,4,27" ten="210,230,330,230" oya="1" hai0="129,102,135,123,111,132,65,47,127,125,44,18,75" hai1="69,104,48,64,114,13,116,35,30,52,17,117,20" hai2="24,57,70,41,34,19,89,45,122,120,82,29,59" hai3="8,9,110,23,83,126,113,96,86,95,61,76,50"/><U21/><E114/><V119/><F70/><W22/><G113/><T67/><D75/><U107/><E35/><V31/><F119/><W2/><G110/><T74/><D74/><U49/><E49/><V78/><F31/><W38/><G38/><T133/><D102/><U1/><E1/><V124/><F124/><N who="0" m="47690" /><D18/><U81/><E81/><V100/><F59/><W5/><G126/><T99/><D99/><U94/><E94/><V88/><F120/><W36/><G36/><T53/><D111/><U14/><E69/><V97/><F57/><W71/><G9/><T98/><D98/><U115/><E64/><N who="0" m="24649" /><D123/><U106/><E115/><V80/><F19/><W32/><G96/><T28/><D28/><U54/><E48/><V87/><F80/><W58/><G50/><N who="0" m="28871" /><D47/><U40/><E40/><V79/><F79/><W101/><G101/><T39/><D39/><U90/><E90/><V42/><F122/><W134/><G76/><T131/><AGARI ba="0,0" hai="129,131,132,133,135" m="28871,24649,47690" machi="131" ten="40,12000,2" yaku="30,2,20,1,18,1,34,2" doraHai="27" who="0" fromWho="0" sc="210,120,230,-60,330,-30,230,-30" /><INIT seed="2,0,0,3,2,105" ten="330,170,300,200" oya="2" hai0="123,72,57,75,18,20,16,82,22,1,30,36,122" hai1="48,100,99,103,96,7,15,24,47,10,134,88,26" hai2="50,116,87,2,51,115,28,4,64,127,33,11,135" hai3="62,58,101,92,126,69,45,90,5,37,102,71,41"/><V74/><F116/><W129/><G129/><T114/><D57/><U121/><E134/><V0/><F115/><W8/><G126/><T76/><D114/><U55/><E121/><V23/><F0/><W89/><G71/><T97/><D1/><U110/><E110/><V107/><F107/><W13/><G69/><T133/><D36/><U31/><E26/><N who="2" m="18583" /><F64/><W3/><G3/><T6/><D6/><U125/><E125/><V39/><F39/><W78/><G78/><T17/><D133/><U42/><E42/><V118/><F87/><W108/><G108/><T38/><D38/><U63/><E63/><V94/><F94/><W93/><G93/><T14/><D75/><U104/><E104/><V35/><F35/><W131/><G131/><T34/><D97/><U54/><E54/><V124/><F118/><W65/><REACH who="3" step="1"/><G90/><REACH who="3" ten="330,170,300,190" step="2"/><T83/><D83/><U130/><E130/><V68/><F68/><W73/><G73/><T119/><D82/><U12/><E88/><V85/><F74/><W106/><G106/><T9/><D76/><U46/><E100/><V70/><F70/><W84/><AGARI ba="0,1" hai="5,8,13,37,41,45,58,62,65,84,89,92,101,102" machi="84" ten="20,2700,0" yaku="1,1,0,1,7,1,53,0" doraHai="105" doraHaiUra="25" who="3" fromWho="3" sc="330,-7,170,-7,300,-13,190,37" /><INIT seed="3,0,0,5,4,81" ten="323,163,287,227" oya="3" hai0="31,54,133,14,77,89,18,7,24,21,22,34,45" hai1="94,72,88,104,61,83,87,98,113,100,110,71,106" hai2="30,101,130,28,51,55,32,8,95,103,23,79,70" hai3="59,50,37,75,6,85,84,40,120,62,11,127,97"/><W69/><G120/><T115/><D133/><U16/><E113/><V64/><F32/><W121/><G75/><T96/><D115/><U1/><E1/><V82/><F130/><W17/><G121/><T29/><D77/><N who="1" m="44455" /><E71/><V38/><F38/><W35/><G35/><T2/><D96/><U119/><E61/><V49/><F70/><W73/><G73/><T36/><D89/><U117/><E16/><V53/><F64/><N who="3" m="41111" /><G17/><N who="0" m="10423" /><D54/><N who="2" m="20490" /><F8/><W108/><G59/><T86/><D86/><N who="3" m="33385" /><G50/><T122/><D45/><U20/><E20/><V41/><F49/><W43/><G37/><T74/><D36/><U52/><E52/><V93/><F23/><W25/><G25/><N who="0" m="18735" /><D74/><U63/><E63/><V112/><F112/><W129/><G129/><T90/><D90/><U46/><E46/><V5/><F51/><W0/><G43/><T47/><D47/><U39/><E39/><V126/><F41/><W91/><G40/><T109/><D122/><U134/><E134/><V9/><F103/><W48/><G48/><T13/><D2/><U128/><E128/><V92/><F101/><W26/><G0/><T27/><D7/><U3/><E3/><N who="2" m="191" /><F82/><W68/><G6/><T135/><D135/><U80/><E110/><V15/><F79/><W4/><G108/><T131/><D131/><U123/><E123/><V19/><F126/><W60/><G127/><T65/><D65/><U114/><E114/><V76/><F76/><W33/><G68/><T10/><D109/><U105/><AGARI ba="0,0" hai="80,87,88,94,98,100,104,105,106,117,119" m="44455" machi="105" ten="40,8000,1" yaku="34,2,52,1,54,1" doraHai="81" who="1" fromWho="1" sc="323,-20,163,80,287,-20,227,-40" owari="303,40.3,243,-15.7,267,6.7,187,-31.3" /></mjloggm>