<mjloggm ver="2.3"><GO type="225" lobby="0"/><UN n0="%E7%B4%94%E6%BD%94%E3%83%94%E3%83%A9%E3%83%8B%E3%82%A2" n1="%72%69%6F%75%63%68%61%6E" n2="%E3%81%BF%E3%81%BF%E3%81%9A" n3="%E3%83%AB%E3%83%9B%E3%83%B3%E3%83%87%E3%82%A3%E3%82%A8" dan="17,16,17,17" rate="2186.82,2152.76,2328.85,2199.16" sx="M,M,M,M"/><TAIKYOKU oya="0"/><INIT seed="0,0,0,2,5,60" ten="250,250,250,250" oya="0" hai0="100,120,43,22,63,128,105,106,55,97,91,118,4" hai1="102,59,79,125,135,49,57,28,107,132,36,94,58" hai2="89,88,111,50,121,129,70,72,7,110,51,1,37" hai3="73,38,80,74,112,131,6,17,85,13,66,23,14"/><T77/><D118/><U65/><E125/><V45/><F121/><W48/><G38/><T108/><D120/><U9/><E36/><V30/><F72/><W68/><G112/><T31/><D128/><U90/><E79/><V130/><F30/><W116/><G116/><T35/><D77/><U34/><E49/><N who="2" m="18443" /><F70/><W5/><G131/><N who="2" m="50185" /><F7/><W117/><G117/><T78/><D4/><U3/><E34/><V122/><F122/><W21/><G48/><T115/><D43/><U99/><E28/><V16/><F1/><W119/><G119/><T10/><D10/><U71/><E9/><V114/><F114/><W67/><G68/><T8/><D8/><U81/><E3/><V47/><F16/><N who="3" m="10383" /><G74/><T96/><D35/><U56/><N who="1" m="14336" /><DORA hai="44" /><U2/><E2/><V25/><F25/><W0/><G73/><T95/><D31/><U69/><E71/><V54/><F54/><W42/><G42/><T104/><D22/><U133/><E69/><V109/><F37/><W76/><G0/><T15/><D15/><U113/><E113/><V82/><F82/><W26/><G5/><T11/><D11/><AGARI ba="0,0" hai="6,11,14,17,23,26,66,67,76,80,85" m="10383" machi="11" ten="30,7700,0" yaku="8,1,52,2,54,1" doraHai="60,44" who="3" fromWho="0" sc="250,-77,250,0,250,0,250,77" /><INIT seed="1,0,0,1,3,103" ten="173,250,250,327" oya="1" hai0="43,127,12,30,109,130,72,49,13,86,22,66,77" hai1="5,7,40,65,101,24,38,62,44,11,1,125,121" hai2="95,88,89,15,33,51,102,74,31,29,0,37,26" hai3="48,2,129,45,118,67,50,35,54,117,59,10,14"/><U19/><E125/><V91/><F37/><W6/><G35/><T96/><D127/><U52/><E121/><V134/><F0/><W108/><G108/><T8/><D109/><U85/><E101/><V28/><F74/><W131/><G2/><T107/><D72/><U80/><E7/><V113/><F113/><W73/><G73/><T53/><D130/><N who="3" m="49673" /><G67/><T68/><D107/><U61/><E65/><V123/><F123/><W105/><G105/><T110/><D110/><U99/><E99/><V81/><F134/><W34/><G34/><T75/><D75/><U56/><E24/><V57/><F15/><W78/><G78/><T23/><D96/><U87/><E19/><V94/><F81/><W104/><G104/><T69/><D66/><U114/><E114/><V3/><F3/><W111/><G111/><T27/><D77/><U42/><E42/><AGARI ba="0,0" hai="6,10,14,42,45,48,50,54,59,117,118" m="49673" machi="42" ten="30,1000,0" yaku="19,1" doraHai="103" who="3" fromWho="1" sc="173,0,250,-10,250,0,327,10" /><INIT seed="2,0,0,4,3,31" ten="173,240,250,337" oya="2" hai0="66,100,27,30,50,42,32,20,36,92,61,8,59" hai1="133,63,126,64,25,24,0,70,86,49,39,10,80" hai2="77,120,130,74,19,40,134,135,127,45,47,41,114" hai3="21,117,112,65,34,13,22,71,123,14,124,35,81"/><V11/><F114/><W48/><G71/><T96/><D36/><U38/><E126/><V23/><F120/><W28/><G65/><T44/><D8/><U107/><E107/><V94/><F127/><W95/><G48/><T105/><D105/><U60/><E133/><N who="2" m="50699" /><F130/><W1/><G95/><T15/><D15/><N who="3" m="5641" /><G81/><T2/><D2/><U67/><E49/><V122/><F122/><W91/><G91/><T57/><D57/><U125/><E125/><V55/><F11/><W83/><G83/><T101/><D101/><U69/><E10/><V84/><F74/><W29/><G1/><T88/><REACH who="0" step="1"/><D100/><REACH who="0" ten="163,240,250,337" step="2"/><U3/><E3/><V131/><F131/><W79/><G124/><T87/><D87/><U18/><E0/><V9/><F9/><W43/><G123/><T62/><D62/><U33/><E38/><V12/><F45/><W111/><G112/><T6/><D6/><U103/><E39/><V128/><F128/><W26/><G117/><T121/><D121/><U106/><E103/><V129/><F129/><W89/><G26/><N who="1" m="10346" /><E106/><V85/><F85/><W7/><G7/><T4/><D4/><U16/><E63/><V78/><F84/><W82/><G79/><T51/><D51/><U115/><E115/><V108/><F78/><W93/><G93/><T109/><D109/><U58/><E70/><V110/><F77/><W90/><G82/><T73/><D73/><U56/><E69/><V97/><F110/><W132/><G111/><T118/><D118/><U37/><E37/><V52/><F108/><W68/><G132/><T53/><D53/><N who="2" m="20554" /><F47/><W102/><G102/><AGARI ba="0,1" hai="12,19,23,40,41,94,97,102" m="20554,50699" machi="102" ten="30,5800,0" yaku="6,1,20,1,54,1" doraHai="31" who="2" fromWho="3" sc="163,0,240,0,250,68,337,-58" /><INIT seed="2,1,0,0,1,55" ten="163,240,318,279" oya="2" hai0="100,30,7,132,134,78,77,99,73,16,102,58,104" hai1="80,13,74,82,68,130,29,108,57,85,22,61,56" hai2="117,121,93,126,81,24,3,34,51,88,20,26,38" hai3="67,129,48,75,123,59,49,31,131,116,53,133,119"/><V45/><F117/><N who="3" m="45131" /><G31/><T35/><D7/><U66/><E108/><V113/><F113/><W41/><G75/><T103/><D30/><U120/><E130/><N who="3" m="49674" /><G123/><T52/><D35/><U135/><E135/><N who="0" m="51753" /><D73/><U15/><E120/><V6/><F93/><W71/><G133/><T43/><D43/><U42/><E42/><V40/><F38/><W69/><G67/><T115/><D115/><U37/><E37/><V1/><F34/><W28/><G28/><T60/><D99/><U62/><E74/><V118/><F121/><W79/><G79/><N who="0" m="30219" /><D104/><U2/><E2/><V5/><F1/><W23/><G23/><T106/><D106/><U96/><E96/><V33/><F20/><W90/><G90/><T54/><D54/><N who="1" m="33943" /><E68/><N who="3" m="26186" /><G41/><T105/><D105/><U114/><E114/><V17/><F33/><W109/><G109/><T125/><D125/><U65/><E66/><V12/><F126/><W86/><G86/><T14/><D103/><U27/><E85/><N who="2" m="50223" /><F118/><W9/><G9/><AGARI ba="1,0" hai="9,14,16,52,58,60,100,102" m="30219,51753" machi="9" ten="30,7700,0" yaku="20,1,52,1,54,2" doraHai="55" who="0" fromWho="3" sc="163,80,240,0,318,0,279,-80" /><INIT seed="3,0,0,3,1,71" ten="243,240,318,199" oya="3" hai0="51,67,87,96,5,61,70,88,115,24,86,40,74" hai1="41,84,38,45,90,126,119,109,91,108,101,18,72" hai2="36,16,43,75,46,15,2,11,49,105,20,21,9" hai3="124,81,42,80,44,7,135,55,111,56,89,110,13"/><W114/><G114/><T31/><D74/><U34/><E34/><V53/><F105/><W132/><G124/><T50/><D115/><U79/><E126/><V64/><F64/><W99/><G7/><T69/><D69/><U30/><E30/><V29/><F75/><W3/><G3/><T123/><D123/><U85/><E119/><V0/><F29/><W14/><G99/><T26/><D26/><U107/><E18/><V66/><F66/><W129/><G129/><T112/><D112/><U130/><E130/><V103/><F103/><W120/><G120/><T35/><D5/><U37/><E37/><V73/><F73/><W125/><G125/><T27/><D27/><U17/><E17/><V78/><F78/><W65/><G65/><T118/><D118/><U22/><E22/><V83/><F83/><N who="3" m="31819" /><G89/><N who="1" m="33802" /><E79/><V116/><F116/><W92/><G92/><T95/><D40/><U98/><E72/><V59/><F21/><W60/><G13/><T57/><D70/><U68/><E68/><V102/><F102/><W12/><G14/><T134/><D134/><N who="3" m="51241" /><G12/><T33/><D33/><U28/><E28/><V32/><F32/><W122/><G122/><T23/><D35/><U94/><E94/><V63/><F0/><W47/><G47/><T106/><D106/><U113/><E113/><V133/><F133/><W82/><N who="3" m="31827" /><W8/><DORA hai="54" /><G8/><T6/><D6/><U76/><E76/><V62/><F2/><W77/><G77/><T97/><D97/><U100/><E101/><V128/><F128/><W104/><G104/><T10/><D10/><U58/><E58/><RYUUKYOKU ba="0,0" sc="243,0,240,0,318,0,199,0" hai0="23,24,31,50,51,57,61,67,86,87,88,95,96" hai1="38,41,45,84,85,98,100,107,108,109" hai2="9,11,15,16,20,36,43,46,49,53,59,62,63" hai3="42,44,55,56,60,110,111" /><INIT seed="3,1,0,5,1,73" ten="243,240,318,199" oya="3" hai0="81,25,19,37,34,29,112,134,111,108,72,92,88" hai1="31,30,110,91,130,64,135,15,36,75,9,121,79" hai2="8,7,56,105,67,57,93,70,32,41,17,95,101" hai3="58,45,98,13,35,33,59,6,83,49,1,114,23"/><W21/><G114/><T53/><D37/><U10/><E121/><V54/><F32/><W62/><G33/><T118/><D118/><U40/><E64/><V117/><F117/><W38/><G35/><T126/><D112/><U5/><E110/><N who="0" m="42025" /><D134/><U99/><E135/><V102/><F105/><W129/><G38/><T69/><D69/><U55/><E130/><V128/><F41/><W26/><G129/><T66/><D66/><U133/><E133/><V124/><F124/><W14/><G1/><T76/><D53/><U42/><E55/><V12/><F70/><W82/><G98/><N who="0" m="57607" /><D19/><U43/><E36/><V46/><F128/><W122/><G122/><T22/><D22/><N who="3" m="8201" /><G26/><T11/><D11/><U115/><E115/><V48/><F17/><W86/><G6/><T60/><D60/><U87/><E10/><V18/><F7/><W113/><G113/><T107/><D107/><U47/><E47/><V51/><F46/><W28/><G28/><T106/><D106/><U4/><E5/><V90/><F101/><W123/><G123/><T63/><D63/><U65/><E65/><V78/><F67/><N who="3" m="39383" /><G59/><T132/><D132/><U84/><E30/><V127/><F57/><W16/><G16/><T120/><D120/><U104/><E31/><V89/><F102/><W85/><G45/><T52/><D126/><U0/><E0/><V71/><F127/><W68/><G68/><T20/><D34/><U100/><E91/><N who="2" m="34827" /><F71/><W96/><G96/><T50/><D50/><U119/><E119/><V109/><F18/><W74/><G49/><T61/><D61/><U2/><E2/><RYUUKYOKU ba="1,0" sc="243,15,240,15,318,-15,199,-15" hai0="20,25,29,52,72,76,81" hai1="4,9,15,40,42,43,75,79,84,87,99,100,104" owari="258,5.8,255,-14.5,303,40.3,184,-31.6" /></mjloggm>