<mjloggm ver="2.3"><GO type="225" lobby="0"/><UN n0="%E6%B8%A9%E2%98%85%E6%83%85%E2%98%85%E6%8E%AA%E2%98%85%E7%BD%AE" n1="%E5%8D%A0%E3%81%84%E5%B8%AB%E8%A3%8F%E3%81%AA%E3%81%84%E3%81%97" n2="%E3%83%99%E3%83%AB%E3%83%A2%E3%83%83%E3%83%88" n3="%E3%83%94%E3%83%B3%E3%82%B5%E3%83%AD%E5%BA%97%E5%93%A1" dan="17,16,16,16" rate="2195.35,2160.26,2093.75,2160.55" sx="M,M,M,M"/><TAIKYOKU oya="0"/><INIT seed="0,0,0,2,0,6" ten="250,250,250,250" oya="0" hai0="111,31,83,91,18,70,69,97,101,105,121,61,107" hai1="123,46,17,4,90,76,32,3,59,54,81,73,85" hai2="127,94,30,42,57,110,96,45,130,20,11,99,117" hai3="24,21,56,75,77,95,14,5,60,79,50,12,106"/><T58/><D121/><U119/><E119/><V55/><F110/><W47/><G106/><T93/><D111/><U40/><E123/><V10/><F117/><W19/><G75/><T103/><D31/><U33/><E17/><V23/><F127/><W104/><G104/><T25/><D107/><U109/><E109/><V8/><F99/><W27/><G95/><T28/><D83/><U63/><E4/><V132/><F132/><W53/><G14/><T72/><D72/><U114/><E3/><V16/><F30/><W134/><G134/><T125/><D18/><U78/><E114/><V135/><F135/><W49/><G49/><T68/><D125/><U113/><E113/><V13/><F130/><W82/><G82/><T84/><D103/><U29/><E29/><V66/><F66/><W9/><REACH who="3" step="1"/><G27/><REACH who="3" ten="250,250,250,240" step="2"/><T102/><D102/><U35/><REACH who="1" step="1"/><E73/><REACH who="1" ten="250,240,250,240" step="2"/><V2/><F2/><W71/><G71/><T1/><D1/><U98/><E98/><V116/><F116/><W7/><G7/><T124/><D124/><U86/><E86/><V15/><F96/><W120/><G120/><T62/><D70/><U129/><E129/><V34/><F34/><W36/><G36/><AGARI ba="0,2" hai="32,33,35,36,40,46,54,59,63,76,78,81,85,90" machi="36" ten="40,1300,0" yaku="1,1,53,0" doraHai="6" doraHaiUra="133" who="1" fromWho="3" sc="250,0,240,33,250,0,240,-13" /><INIT seed="1,0,0,0,5,55" ten="250,273,250,227" oya="1" hai0="37,46,69,25,102,39,131,123,77,44,52,21,79" hai1="1,135,35,87,16,5,48,0,100,128,11,86,27" hai2="60,122,62,58,111,84,64,75,82,116,88,23,92" hai3="31,105,76,94,18,97,4,67,68,112,57,91,61"/><U33/><E128/><V70/><F116/><W114/><G4/><T50/><D69/><U72/><E72/><V26/><F111/><W43/><G31/><T12/><D131/><U110/><E135/><V96/><F122/><W47/><G76/><N who="0" m="29259" /><D39/><U98/><E0/><V118/><F118/><W41/><G105/><T53/><D37/><U74/><E74/><V24/><F75/><W109/><G109/><T95/><D12/><U56/><E110/><V132/><F132/><W7/><G7/><T121/><D121/><U127/><E33/><V65/><REACH who="2" step="1"/><F23/><REACH who="2" ten="250,273,240,227" step="2"/><W9/><G114/><T119/><D119/><U34/><E34/><V29/><F29/><W106/><G112/><T2/><D123/><U30/><E30/><V78/><AGARI ba="0,1" hai="24,26,58,60,62,64,65,70,78,82,84,88,92,96" machi="78" ten="20,12000,2" yaku="1,1,0,1,7,1,52,1,54,1,53,1" doraHai="55" doraHaiUra="85" who="2" fromWho="2" sc="250,-30,273,-60,240,130,227,-30" /><INIT seed="2,0,0,1,3,81" ten="220,213,370,197" oya="2" hai0="66,60,12,2,89,103,58,10,96,74,78,119,35" hai1="47,83,95,88,34,40,93,55,17,11,49,75,39" hai2="20,41,134,132,109,114,79,107,100,85,26,113,8" hai3="68,69,62,122,111,70,29,116,91,110,97,108,102"/><V21/><F41/><W59/><G116/><T31/><D2/><U37/><E34/><V127/><F8/><W61/><G122/><T24/><D119/><U14/><E39/><V131/><F107/><W18/><G29/><T43/><D43/><U7/><E7/><V99/><F100/><W133/><G133/><N who="2" m="51305" /><F99/><W1/><G1/><T92/><D78/><U118/><E118/><V71/><F71/><W124/><G124/><T73/><REACH who="0" step="1"/><D103/><REACH who="0" ten="210,213,370,197" step="2"/><U15/><E40/><V13/><F127/><W87/><G18/><AGARI ba="0,1" hai="10,12,18,24,31,35,58,60,66,73,74,89,92,96" machi="18" ten="30,3900,0" yaku="1,1,2,1,7,1,53,0" doraHai="81" doraHaiUra="48" who="0" fromWho="3" sc="210,49,213,0,370,0,197,-39" /><INIT seed="3,0,0,0,1,133" ten="259,213,370,158" oya="3" hai0="16,101,30,18,134,121,135,82,57,7,64,85,109" hai1="76,130,71,51,93,46,12,132,75,114,100,80,118" hai2="119,25,52,125,123,72,49,94,69,87,78,20,61" hai3="116,105,26,83,27,96,44,65,106,112,36,33,58"/><W35/><G112/><T43/><D121/><U23/><E114/><V86/><F72/><W50/><G116/><T68/><D68/><U70/><E118/><V2/><F87/><W41/><G83/><T8/><D109/><U15/><E132/><N who="0" m="50729" /><D30/><U117/><E117/><V14/><F86/><W38/><G65/><T91/><D43/><U34/><E34/><V122/><F94/><W11/><G11/><T128/><D101/><U103/><E103/><V104/><F78/><W39/><G58/><T40/><D40/><U29/><E130/><V99/><F99/><W62/><G62/><N who="0" m="37967" /><D128/><U5/><E5/><V124/><F104/><W32/><REACH who="3" step="1"/><G96/><REACH who="3" ten="259,213,370,148" step="2"/><T81/><D82/><N who="1" m="45343" /><E70/><V48/><F119/><W113/><G113/><T0/><AGARI ba="0,1" hai="0,7,8,16,18,81,85,91" m="37967,50729" machi="0" ten="30,2000,0" yaku="20,1,54,1" doraHai="133" who="0" fromWho="0" sc="259,30,213,-5,370,-5,148,-10" owari="289,8.9,208,-19.2,365,46.5,138,-36.2" /></mjloggm>