<mjloggm ver="2.3"><GO type="225" lobby="0"/><UN n0="%E3%83%A9%E3%82%A4%E3%83%B3%E3%81%AE%E8%99%8E" n1="%E5%8D%A0%E3%81%84%E5%B8%AB%E8%A3%8F%E3%81%AA%E3%81%84%E3%81%97" n2="%E3%83%8F%E3%83%B3%E3%83%89%E3%83%A9%E3%83%BC%E3%83%BB%E3%83%AF%E3%83%B3" n3="%E6%B8%A9%E2%98%85%E6%83%85%E2%98%85%E6%8E%AA%E2%98%85%E7%BD%AE" dan="16,17,17,17" rate="2106.69,2176.23,2186.90,2151.80" sx="M,M,M,M"/><TAIKYOKU oya="0"/><INIT seed="0,0,0,5,0,78" ten="250,250,250,250" oya="0" hai0="87,83,91,45,67,62,42,8,57,68,84,4,89" hai1="36,18,111,31,102,131,94,118,20,70,119,85,2" hai2="125,21,110,9,24,53,69,48,15,81,133,60,132" hai3="10,124,22,26,114,32,98,75,44,82,108,7,50"/><T27/><D27/><U97/><E111/><V116/><F110/><W80/><G108/><T93/><D68/><U29/><E131/><V79/><F125/><W103/><G75/><T71/><D71/><U66/><E2/><V47/><F116/><W56/><G32/><T109/><D109/><U73/><E73/><V104/><F104/><W51/><G114/><T46/><REACH who="0" step="1"/><D42/><REACH who="0" ten="240,250,250,250" step="2"/><U126/><E119/><V41/><F69/><W112/><G112/><T16/><D16/><U49/><E118/><V55/><F133/><W105/><G124/><T30/><D30/><U96/><E70/><V117/><F132/><W90/><G26/><T25/><D25/><U52/><E126/><V123/><F117/><W135/><G135/><T107/><D107/><U43/><E29/><V86/><F123/><W13/><G22/><T54/><D54/><U0/><E31/><N who="2" m="17807" /><F60/><W113/><G113/><T5/><D5/><AGARI ba="0,1" hai="5,9,15,41,47,48,53,55,79,81,86" m="17807" machi="5" ten="30,3900,0" yaku="25,1,8,1,52,1" doraHai="78" who="2" fromWho="0" sc="240,-39,250,0,250,49,250,0" /><INIT seed="1,0,0,2,3,67" ten="201,250,299,250" oya="1" hai0="116,7,6,58,100,106,28,24,129,103,26,21,44" hai1="49,87,114,66,27,38,43,54,42,108,16,41,77" hai2="29,95,105,132,91,88,56,69,134,3,45,79,34" hai3="51,97,124,131,15,109,62,11,20,75,120,102,78"/><U101/><E114/><V112/><F69/><W32/><G32/><T23/><D116/><U76/><E38/><V113/><F105/><W50/><G120/><T1/><D129/><U115/><E115/><N who="2" m="44107" /><F3/><W73/><G131/><T107/><D1/><U133/><E133/><N who="2" m="51307" /><F79/><W59/><G20/><T68/><D58/><U36/><E36/><V126/><F126/><W82/><G109/><T71/><REACH who="0" step="1"/><D44/><REACH who="0" ten="191,250,299,250" step="2"/><U35/><E108/><V81/><F56/><W94/><G124/><T2/><D2/><U13/><E66/><V61/><F45/><W17/><REACH who="3" step="1"/><G75/><REACH who="3" ten="191,250,299,240" step="2"/><T37/><D37/><U123/><E35/><V55/><F34/><W92/><G92/><T127/><D127/><U118/><E118/><V84/><F95/><W63/><G63/><T85/><D85/><U89/><E87/><V135/><F135/><W74/><G74/><T0/><D0/><U125/><E125/><V46/><F61/><W117/><G117/><T65/><D65/><AGARI ba="0,2" hai="11,15,17,50,51,59,62,65,73,78,82,94,97,102" machi="65" ten="30,3900,0" yaku="1,1,7,1,53,1" doraHai="67" doraHaiUra="98" who="3" fromWho="0" sc="191,-39,250,0,299,0,240,59" /><INIT seed="2,0,0,1,1,33" ten="152,250,299,299" oya="2" hai0="78,127,98,119,30,24,128,62,2,15,36,25,11" hai1="80,0,64,1,87,4,40,129,124,17,76,131,89" hai2="66,123,95,41,90,46,29,39,108,94,42,45,9" hai3="116,43,58,106,34,3,74,38,133,12,118,132,49"/><V70/><F123/><W101/><G74/><T117/><D36/><U72/><E124/><V81/><F29/><W56/><G34/><T134/><D78/><U113/><E113/><V10/><F108/><W18/><G3/><N who="1" m="1098" /><E4/><V92/><F70/><W69/><G38/><T112/><D98/><U47/><E64/><V48/><F66/><W21/><G69/><T19/><D62/><U105/><E17/><V6/><F6/><W63/><G101/><T130/><D112/><U125/><E125/><V77/><REACH who="2" step="1"/><F90/><REACH who="2" ten="152,250,289,299" step="2"/><W52/><G116/><N who="0" m="44619" /><D127/><U107/><E89/><V93/><N who="2" m="23552" /><DORA hai="103" /><V51/><F51/><W28/><G28/><T20/><D134/><U100/><E100/><V79/><F79/><W22/><G49/><T88/><D88/><U44/><E87/><AGARI ba="0,1" hai="9,10,39,41,42,45,46,48,77,81,87" m="23552" machi="87" ten="50,4800,0" yaku="1,1,53,1" doraHai="33,103" doraHaiUra="68,61" who="2" fromWho="1" sc="152,0,250,-48,289,58,299,0" /><INIT seed="2,1,0,2,5,99" ten="152,202,347,299" oya="2" hai0="72,70,35,44,24,101,38,28,6,87,19,83,76" hai1="73,2,13,48,126,86,96,89,32,100,55,71,114" hai2="45,103,134,80,8,58,16,50,42,26,124,37,85" hai3="30,78,43,93,36,125,120,66,56,22,12,115,31"/><V97/><F124/><W94/><G120/><T119/><D119/><U116/><E114/><V46/><F134/><W127/><G115/><T53/><D70/><U135/><E116/><V108/><F58/><W27/><G78/><T82/><D6/><U17/><E2/><V92/><F108/><W121/><G121/><T62/><D19/><U102/><E73/><V57/><F57/><W84/><G31/><T49/><D62/><U5/><E32/><V77/><F8/><W20/><G43/><T7/><D7/><U75/><E75/><V1/><F1/><W9/><G22/><T39/><REACH who="0" step="1"/><D101/><REACH who="0" ten="142,202,347,299" step="2"/><N who="1" m="39019" /><E5/><V15/><F16/><W14/><G127/><T21/><D21/><N who="1" m="11439" /><E71/><V112/><F112/><W33/><G125/><T61/><D61/><U67/><E126/><V117/><F117/><W51/><G33/><T88/><AGARI ba="1,1" hai="24,28,35,38,39,44,49,53,72,76,82,83,87,88" machi="88" ten="20,5200,0" yaku="1,1,0,1,7,1,54,1,53,0" doraHai="99" doraHaiUra="18" who="0" fromWho="0" sc="142,65,202,-14,347,-27,299,-14" /><INIT seed="3,0,0,2,1,56" ten="207,188,320,285" oya="3" hai0="60,110,100,124,37,1,113,9,121,82,44,14,108" hai1="111,34,135,134,65,86,43,74,114,83,109,35,103" hai2="41,18,102,32,36,71,89,97,91,50,61,39,15" hai3="119,73,67,48,40,54,13,49,8,3,115,112,101"/><W30/><G119/><T78/><D121/><U21/><E114/><V38/><F32/><W11/><G73/><T24/><D113/><U122/><E122/><V128/><F128/><W20/><G67/><T42/><D1/><U25/><E74/><V87/><F71/><W10/><G3/><T63/><D100/><U0/><E43/><V51/><F61/><W64/><G64/><T7/><D24/><U62/><E103/><V77/><F77/><W98/><G40/><T107/><D107/><U123/><E0/><V28/><F28/><W6/><G49/><T53/><D124/><U57/><E123/><V27/><F27/><N who="3" m="16743" /><G115/><T45/><D45/><U90/><E34/><V46/><F51/><W88/><G101/><T52/><D53/><U95/><E95/><V99/><F87/><W105/><G105/><T16/><D7/><U33/><E33/><V19/><F97/><W68/><G68/><T22/><D52/><U17/><REACH who="1" step="1"/><E35/><REACH who="1" ten="207,178,320,285" step="2"/><V75/><F75/><W12/><G112/><T26/><D110/><AGARI ba="0,1" hai="17,21,25,57,62,65,83,86,90,109,110,111,134,135" machi="110" ten="40,8000,1" yaku="1,1,2,1,14,1,52,1,53,0" doraHai="56" doraHaiUra="116" who="1" fromWho="0" sc="207,-80,178,90,320,0,285,0" owari="127,-37.3,268,-13.2,320,42.0,285,8.5" /></mjloggm>