<mjloggm ver="2.3"><GO type="225" lobby="0"/><UN n0="%6D%75%75%6D%75%72%61" n1="%54%4F%52" n2="%E3%81%8B%E3%82%8F%E3%81%A1%E3%82%83%E3%82%93%35%38" n3="%E3%81%9F%E3%81%93%E2%98%86%E7%84%BC%E3%81%8D" dan="16,17,16,16" rate="2139.04,2232.11,2128.64,2081.95" sx="F,M,M,M"/><TAIKYOKU oya="0"/><INIT seed="0,0,0,1,4,44" ten="250,250,250,250" oya="0" hai0="85,51,39,57,109,76,122,104,96,63,42,8,106" hai1="99,120,74,54,43,37,38,88,36,25,59,35,28" hai2="89,21,68,123,93,40,133,134,56,82,108,71,33" hai3="77,116,66,114,11,13,73,87,117,41,84,90,29"/><T0/><D122/><U34/><E120/><V101/><F33/><W53/><G73/><T100/><D39/><U129/><E129/><V128/><F123/><W91/><G77/><T94/><D109/><U2/><E74/><V81/><F101/><W14/><G66/><T78/><D0/><U112/><E112/><V7/><F108/><W16/><G29/><T48/><D8/><U124/><E2/><V119/><F119/><W103/><G103/><T131/><D131/><U50/><E124/><V64/><F128/><W31/><G31/><T26/><D42/><U22/><REACH who="1" step="1"/><E43/><REACH who="1" ten="250,240,250,250" step="2"/><V126/><F40/><W58/><G41/><T107/><D107/><U110/><E110/><V111/><F126/><W4/><G114/><T79/><D106/><U113/><E113/><V12/><F111/><W92/><G117/><T19/><D104/><U70/><E70/><V83/><F71/><W49/><G116/><T80/><D78/><U86/><E86/><V60/><F68/><W121/><G121/><T130/><D79/><U135/><E135/><V125/><F125/><W46/><G87/><T9/><D130/><U105/><E105/><V5/><F134/><W6/><G84/><T132/><D132/><U61/><E61/><V75/><F75/><W115/><G115/><T20/><REACH who="0" step="1"/><D9/><REACH who="0" ten="240,240,250,250" step="2"/><U95/><AGARI ba="0,2" hai="22,25,28,34,35,36,37,38,50,54,59,88,95,99" machi="95" ten="40,8000,1" yaku="1,1,0,1,52,1,54,1,53,1" doraHai="44" doraHaiUra="17" who="1" fromWho="1" sc="240,-40,240,100,250,-20,250,-20" /><INIT seed="1,0,0,1,2,115" ten="200,340,230,230" oya="1" hai0="29,87,97,72,85,75,70,45,81,4,38,84,126" hai1="92,10,69,57,134,12,108,93,74,128,37,30,121" hai2="116,112,2,59,44,80,135,21,52,7,63,125,27" hai3="8,64,124,0,111,67,25,104,40,32,11,33,13"/><U41/><E69/><V28/><F112/><W114/><G104/><T107/><D70/><U20/><E121/><V42/><F125/><W68/><G114/><T65/><D65/><U110/><E74/><V53/><F135/><W60/><G124/><T120/><D126/><U49/><E134/><V24/><F116/><W78/><G67/><T89/><D120/><U83/><E128/><V23/><F2/><W31/><G78/><T113/><D113/><U6/><E83/><V48/><F7/><W73/><G73/><T35/><D4/><U5/><E37/><V88/><F42/><W77/><G77/><T102/><D72/><U90/><E5/><V56/><F44/><W15/><G40/><T54/><D75/><U123/><E123/><V76/><F76/><W95/><G111/><N who="1" m="42538" /><E90/><V96/><F80/><W34/><G95/><T46/><D38/><U18/><E30/><V91/><F96/><W22/><G0/><T62/><D85/><U79/><E79/><V50/><F63/><W66/><G60/><T3/><D3/><N who="1" m="351" /><E57/><V117/><F117/><W71/><G68/><T26/><REACH who="0" step="1"/><D84/><REACH who="0" ten="190,340,230,230" step="2"/><U36/><E36/><V61/><F61/><W94/><G71/><T58/><AGARI ba="0,1" hai="26,29,35,45,46,54,58,62,81,87,89,97,102,107" machi="58" ten="30,4000,0" yaku="1,1,2,1,0,1,53,0" doraHai="115" doraHaiUra="9" who="0" fromWho="0" sc="190,50,340,-20,230,-10,230,-10" /><INIT seed="2,0,0,3,1,52" ten="240,320,220,220" oya="2" hai0="37,33,82,97,130,112,69,72,115,116,132,50,99" hai1="18,105,78,3,91,32,133,131,59,56,47,5,10" hai2="63,104,94,118,26,54,20,16,100,101,81,39,119" hai3="70,29,57,107,77,73,103,13,38,22,109,48,36"/><V0/><F104/><W55/><G70/><T27/><D37/><U45/><E105/><V2/><F39/><W1/><G109/><T17/><D69/><U98/><E32/><V60/><F119/><W58/><G1/><T67/><D67/><U79/><E131/><V61/><F118/><W46/><G73/><T121/><D121/><U44/><E133/><V21/><F0/><W9/><G77/><T43/><D116/><U24/><E79/><V12/><F2/><W25/><G36/><T64/><D130/><U135/><E78/><V31/><F81/><W66/><G66/><T19/><D64/><U114/><E114/><V11/><F94/><W113/><G38/><T28/><D132/><U89/><E135/><V76/><F76/><W84/><G84/><T111/><D72/><U15/><E24/><N who="2" m="16775" /><F54/><W90/><G90/><T83/><D27/><U106/><E89/><V51/><F51/><W120/><G113/><T126/><D50/><U85/><E98/><V6/><AGARI ba="0,0" hai="6,11,12,16,21,26,60,61,63,100,101" m="16775" machi="6" ten="30,3000,0" yaku="8,1,54,1" doraHai="52" who="2" fromWho="2" sc="240,-10,320,-10,220,30,220,-10" /><INIT seed="2,1,0,0,5,33" ten="230,310,250,210" oya="2" hai0="20,26,105,55,8,17,107,32,135,95,111,128,125" hai1="88,98,46,134,62,84,127,10,3,34,103,41,93" hai2="13,129,86,44,63,85,56,106,97,130,132,25,6" hai3="110,101,72,108,22,124,78,28,27,100,80,66,12"/><V68/><F68/><W99/><G124/><T89/><D125/><U23/><E127/><V65/><F132/><W54/><G66/><T77/><D135/><U1/><E134/><V9/><F25/><W24/><G54/><T75/><D111/><N who="3" m="42537" /><G99/><T115/><D115/><U122/><E34/><V35/><F35/><N who="3" m="20871" /><G12/><T19/><D32/><U71/><E122/><V114/><F114/><W79/><G78/><T64/><D128/><N who="2" m="49258" /><F44/><W37/><G37/><T45/><D64/><U69/><E23/><V118/><F118/><W11/><G11/><T116/><D105/><U87/><E87/><N who="2" m="33291" /><F97/><W61/><G61/><T90/><D77/><U104/><E10/><V59/><F59/><W21/><G21/><T82/><D8/><U38/><REACH who="1" step="1"/><E62/><REACH who="1" ten="230,300,250,210" step="2"/><V73/><F63/><W39/><G39/><T91/><D20/><U58/><E58/><V57/><F56/><W15/><G27/><T52/><D26/><U48/><E48/><V7/><F57/><W70/><G70/><AGARI ba="1,1" hai="1,3,38,41,46,69,70,71,84,88,93,98,103,104" machi="70" ten="40,8000,1" yaku="1,1,52,2,54,1,53,1" doraHai="33" doraHaiUra="43" who="1" fromWho="3" sc="230,0,300,93,250,0,210,-83" /><INIT seed="3,0,0,0,0,45" ten="230,393,250,127" oya="3" hai0="114,60,116,105,29,53,128,8,124,110,119,50,11" hai1="23,118,91,49,10,39,100,74,28,102,135,2,35" hai2="1,48,58,79,21,22,76,134,66,15,90,25,98" hai3="33,36,95,56,111,41,131,12,20,4,34,17,44"/><W61/><G131/><T64/><D110/><U19/><E39/><V96/><F1/><W86/><G111/><T47/><D105/><U62/><E74/><V84/><F134/><W37/><G36/><T55/><D128/><U73/><E73/><V59/><F15/><W16/><G4/><T31/><D124/><U13/><E135/><V117/><F117/><W0/><G0/><T115/><D53/><U129/><E129/><V113/><F113/><N who="0" m="43018" /><D11/><U38/><E38/><V72/><F72/><W27/><G95/><T7/><D29/><U122/><E122/><V14/><F14/><W3/><G86/><T54/><D54/><U40/><E62/><N who="2" m="38231" /><F21/><W6/><G6/><T52/><D55/><U5/><E91/><V43/><F59/><W87/><G87/><T57/><D31/><U88/><E88/><V103/><F48/><W120/><G120/><T89/><D89/><U92/><E92/><N who="2" m="58759" /><F43/><W125/><G125/><T68/><D68/><U70/><E70/><V127/><F98/><W126/><G3/><AGARI ba="0,0" hai="3,7,8,47,50,52,57,60,64,116,119" m="43018" machi="3" ten="30,3900,0" yaku="11,1,52,1,54,1" doraHai="45" who="0" fromWho="3" sc="230,39,393,0,250,0,127,-39" owari="269,6.9,393,49.3,250,-15.0,88,-41.2" /></mjloggm>