<mjloggm ver="2.3"><GO type="225" lobby="0"/><UN n0="%E3%81%A8%E3%82%93%E3%81%A8%E3%81%93%E3%81%A8%E3%82%93" n1="%E5%8D%A0%E3%81%84%E5%B8%AB%E8%A3%8F%E3%81%AA%E3%81%84%E3%81%97" n2="%E3%81%86%E3%81%A3%E3%81%97%E3%83%BC%30%30" n3="%E6%A0%B9%E5%85%83%E3%81%8B%E3%82%89%E5%90%B9%E3%81%A3%E9%A3%9B%E3%81%B6" dan="16,16,16,17" rate="2100.79,2168.66,2065.94,2159.29" sx="M,M,M,F"/><TAIKYOKU oya="0"/><INIT seed="0,0,0,0,5,127" ten="250,250,250,250" oya="0" hai0="0,82,19,15,95,56,45,54,107,65,103,18,97" hai1="41,53,86,84,72,124,61,100,125,31,17,3,57" hai2="98,2,29,36,27,118,60,101,113,80,25,26,46" hai3="129,74,79,8,55,7,81,16,135,122,93,67,14"/><T38/><D0/><U40/><E72/><V5/><F113/><W76/><G135/><T96/><D65/><U102/><E3/><V66/><F118/><W78/><G67/><T23/><D82/><U126/><E31/><V132/><F132/><W51/><G122/><T47/><D38/><U49/><E17/><V112/><F112/><W91/><G129/><T128/><D19/><U30/><E30/><V1/><F80/><W71/><G71/><T9/><D9/><U116/><E116/><V12/><F12/><W121/><G121/><T34/><D34/><U64/><E86/><V33/><F5/><W10/><G10/><T24/><D15/><U90/><E100/><V89/><F89/><W106/><G106/><T131/><D47/><U20/><E102/><V110/><F27/><W59/><REACH who="3" step="1"/><G7/><REACH who="3" ten="250,250,250,240" step="2"/><T134/><D134/><U37/><E37/><V85/><F66/><W88/><G88/><N who="0" m="55399" /><D45/><N who="1" m="27823" /><E20/><V114/><F46/><W32/><G32/><T105/><D107/><U58/><E58/><V13/><F33/><W70/><G70/><T87/><D87/><AGARI ba="0,1" hai="8,14,16,51,55,59,74,76,78,79,81,87,91,93" machi="87" ten="30,7700,0" yaku="1,1,7,1,54,1,53,1" doraHai="127" doraHaiUra="104" who="3" fromWho="0" sc="250,-77,250,0,250,0,240,87" /><INIT seed="1,0,0,0,3,29" ten="173,250,250,327" oya="1" hai0="56,60,122,84,32,63,64,41,11,111,113,28,135" hai1="128,83,24,58,106,27,126,37,130,134,125,94,98" hai2="112,66,26,48,2,77,82,62,17,51,132,42,25" hai3="114,75,115,52,15,79,31,121,40,57,38,109,81"/><U131/><E106/><V13/><F2/><W39/><G121/><T123/><D113/><U54/><E37/><V78/><F132/><W110/><G31/><T50/><D135/><U0/><E83/><V4/><F4/><W1/><G1/><T35/><D111/><N who="3" m="42505" /><G15/><T14/><D84/><U103/><E0/><V92/><F92/><W19/><G19/><T16/><D28/><U43/><E43/><V88/><F112/><N who="3" m="43051" /><G40/><T90/><D90/><U118/><E118/><V53/><F88/><W3/><G3/><T74/><D74/><U97/><E97/><V104/><F104/><W70/><G70/><T80/><D80/><U8/><E8/><V69/><F42/><W7/><G7/><T47/><REACH who="0" step="1"/><D60/><AGARI ba="0,0" hai="38,39,52,57,60,75,79,81" m="43051,42505" machi="60" ten="30,2000,0" yaku="14,1,54,1" doraHai="29" who="3" fromWho="0" sc="173,-20,250,0,250,0,327,20" /><INIT seed="2,0,0,1,3,58" ten="153,250,250,347" oya="2" hai0="34,95,43,128,51,111,6,120,108,33,37,29,80" hai1="7,4,69,23,118,44,112,32,127,109,88,18,36" hai2="12,0,49,59,122,54,72,101,68,20,13,129,53" hai3="119,134,62,94,87,21,15,78,116,64,22,104,52"/><V98/><F0/><W30/><G104/><T73/><D120/><U42/><E112/><V48/><F129/><W55/><G134/><T130/><D51/><U133/><E118/><V92/><F122/><W61/><G30/><T75/><D95/><U35/><E109/><N who="0" m="42057" /><D6/><U77/><E77/><V38/><F38/><W47/><G78/><T125/><D125/><U79/><E79/><V56/><F72/><N who="0" m="27722" /><D80/><U9/><E7/><V16/><F68/><W132/><G94/><T81/><D81/><U124/><E69/><V17/><F17/><W74/><G74/><T19/><D19/><U113/><E133/><V71/><F71/><W39/><G39/><T117/><D117/><U114/><E114/><V67/><F67/><W121/><G64/><T11/><D11/><U5/><E5/><V90/><F101/><W84/><G132/><T103/><D103/><U99/><E113/><V31/><F31/><W106/><G121/><T76/><D76/><U100/><E100/><V105/><F105/><W96/><G106/><T8/><D8/><U70/><E70/><V131/><F131/><N who="0" m="50218" /><D29/><U110/><E110/><V107/><F107/><W14/><G47/><AGARI ba="0,0" hai="33,34,37,43,47" m="50218,27722,42057" machi="47" ten="40,5200,0" yaku="14,1,19,1,23,1" doraHai="58" who="0" fromWho="3" sc="153,52,250,0,250,0,347,-52" /><INIT seed="3,0,0,2,4,49" ten="205,250,250,295" oya="3" hai0="20,17,33,129,7,12,99,73,47,80,87,118,90" hai1="96,134,19,5,24,128,39,86,62,31,124,67,106" hai2="4,111,116,72,119,55,125,70,38,108,25,57,1" hai3="82,101,68,2,74,42,27,36,115,97,92,93,9"/><W29/><G68/><T95/><D118/><U30/><E39/><V3/><F70/><W66/><G66/><T41/><D129/><U100/><E128/><V32/><F38/><W98/><G42/><T78/><D33/><U69/><E134/><V52/><F72/><W91/><G115/><T37/><REACH who="0" step="1"/><D7/><REACH who="0" ten="195,250,250,295" step="2"/><U0/><E5/><V8/><F119/><W75/><G36/><T94/><D94/><U112/><E112/><V84/><F116/><W89/><G82/><T46/><D46/><U105/><E105/><V50/><F125/><W133/><G133/><T16/><D16/><U130/><E19/><V44/><F3/><W34/><G101/><T114/><D114/><U11/><E130/><V81/><F32/><W104/><G104/><T18/><D18/><U64/><E100/><V23/><F23/><W85/><G98/><AGARI ba="0,1" hai="12,17,20,37,41,47,73,78,80,87,90,95,98,99" machi="98" ten="40,1300,0" yaku="1,1,53,0" doraHai="49" doraHaiUra="26" who="0" fromWho="3" sc="195,23,250,0,250,0,295,-13" /><INIT seed="4,0,0,0,4,131" ten="218,250,250,282" oya="0" hai0="21,35,12,4,133,41,74,60,99,40,134,117,81" hai1="108,128,93,9,120,45,59,103,95,109,28,102,22" hai2="1,32,130,112,34,44,101,62,14,96,20,115,83" hai3="42,100,0,135,118,88,107,51,77,27,65,87,38"/><T43/><D117/><U26/><E120/><V33/><F1/><W37/><G0/><T90/><D35/><U64/><E128/><V58/><F130/><W39/><G77/><T2/><D2/><U105/><E105/><V11/><F20/><W3/><G65/><T104/><D60/><N who="1" m="37919" /><E9/><V57/><F83/><W91/><G100/><T86/><D74/><U56/><E45/><V97/><F44/><W46/><G107/><T24/><D4/><U127/><E127/><V79/><F79/><W29/><G3/><T98/><D12/><U36/><E36/><V31/><F31/><W80/><G135/><N who="0" m="51723" /><D104/><U7/><E7/><V48/><F34/><W113/><G113/><T55/><D55/><U121/><E121/><V94/><F33/><W126/><G126/><T69/><D69/><U75/><E75/><V70/><F70/><W123/><G123/><T78/><D78/><U53/><E109/><V30/><F32/><W25/><G118/><T106/><D106/><U114/><E114/><V61/><F115/><W47/><G25/><T71/><D71/><U68/><E108/><V82/><F62/><W63/><G63/><T66/><D66/><U125/><E125/><V17/><F61/><W18/><G27/><T50/><D50/><N who="1" m="30775" /><E68/><V16/><F48/><W15/><G38/><T8/><D8/><U73/><E73/><V129/><F11/><W122/><G39/><T89/><D90/><U85/><E26/><V10/><F129/><W110/><G110/><T54/><D54/><U76/><E103/><N who="2" m="60823" /><F112/><W124/><G37/><T111/><D111/><U116/><E102/><RYUUKYOKU ba="0,0" sc="218,30,250,-10,250,-10,282,-10" hai0="21,24,40,41,43,81,86,89,98,99" /><INIT seed="4,1,0,3,1,111" ten="248,240,240,272" oya="0" hai0="73,45,132,124,10,121,94,34,102,56,18,30,123" hai1="103,15,118,35,119,77,66,69,131,99,2,115,41" hai2="62,4,33,87,17,21,128,36,39,57,106,71,61" hai3="89,122,64,43,90,67,1,81,110,55,86,113,22"/><T23/><D73/><U134/><E134/><V44/><F33/><W65/><G1/><T20/><D132/><U107/><E2/><V63/><F106/><W84/><G110/><T95/><D124/><U135/><E135/><V5/><F71/><W108/><G113/><T49/><D34/><U47/><E131/><V13/><F128/><W127/><G127/><T80/><D80/><U130/><E130/><V42/><F39/><W98/><G55/><T8/><D102/><U112/><E77/><V126/><F126/><W58/><G43/><T93/><D56/><U74/><E15/><V88/><REACH who="2" step="1"/><F57/><REACH who="2" ten="248,240,230,272" step="2"/><W26/><G58/><T116/><D121/><U68/><E35/><V0/><F0/><W100/><G122/><T54/><D123/><U14/><E68/><V27/><F27/><W101/><G108/><T109/><D109/><U37/><E14/><V31/><F31/><W53/><G26/><N who="0" m="16711" /><D116/><N who="1" m="44587" /><E74/><V25/><F25/><AGARI ba="1,1" hai="8,10,18,23,25,45,49,54,93,94,95" m="16711" machi="25" ten="30,1500,0" yaku="8,1" doraHai="111" who="0" fromWho="2" sc="248,28,240,0,230,-18,272,0" /><INIT seed="4,2,0,5,1,40" ten="276,240,212,272" oya="0" hai0="133,11,102,49,90,81,64,115,92,9,114,19,61" hai1="120,111,135,56,87,91,22,98,27,37,110,75,65" hai2="83,30,5,39,18,57,71,21,108,52,79,85,23" hai3="130,43,51,41,119,80,118,127,6,53,126,73,32"/><T45/><D133/><U58/><E75/><V46/><F108/><W78/><G32/><T96/><D19/><U117/><E117/><V95/><F71/><W105/><G105/><T107/><D81/><U125/><E120/><V122/><F122/><W17/><G6/><T116/><D116/><U132/><E37/><V55/><F5/><W134/><G130/><T72/><D72/><U54/><E125/><N who="3" m="47626" /><G17/><T101/><D11/><U44/><E65/><V48/><F39/><W131/><G131/><T63/><D9/><U3/><E3/><V34/><F34/><W84/><G134/><N who="1" m="51242" /><E98/><V8/><F95/><W24/><G24/><T121/><D121/><U33/><E33/><V13/><F30/><W129/><G129/><T76/><D76/><U38/><E111/><V29/><REACH who="2" step="1"/><F29/><REACH who="2" ten="276,240,202,272" step="2"/><W74/><G118/><T97/><D114/><U113/><E113/><V89/><F89/><W69/><G69/><T99/><D115/><U62/><E110/><V93/><F93/><W77/><G119/><T100/><D107/><U66/><E38/><V60/><AGARI ba="2,1" hai="8,13,18,21,23,46,48,52,55,57,60,79,83,85" machi="60" ten="20,12000,2" yaku="1,1,0,1,7,1,8,1,52,1,54,1,53,0" doraHai="40" doraHaiUra="109" who="2" fromWho="2" sc="276,-62,240,-32,202,136,272,-32" owari="214,-18.6,208,-29.2,338,43.8,240,4.0" /></mjloggm>