<mjloggm ver="2.3"><GO type="225" lobby="0"/><UN n0="%E9%89%A2%E5%B7%BB%E3%82%AC%E3%83%96" n1="%E5%A4%96%E5%B7%9D%E7%AB%9C%E6%88%90" n2="%E3%81%82%E3%81%99%E3%81%AB%E3%82%83%E3%82%80" n3="%E7%B4%94%E6%BD%94%E3%83%94%E3%83%A9%E3%83%8B%E3%82%A2" dan="16,16,16,16" rate="2094.10,2176.52,2051.04,2104.31" sx="M,M,F,M"/><TAIKYOKU oya="0"/><INIT seed="0,0,0,4,2,25" ten="250,250,250,250" oya="0" hai0="61,123,120,96,63,42,76,109,130,128,105,17,37" hai1="80,66,46,11,32,129,78,104,15,10,51,23,86" hai2="74,135,97,1,49,121,14,67,41,131,101,65,22" hai3="132,112,13,118,88,33,54,58,81,114,30,110,39"/><T116/><D76/><U82/><E104/><V102/><F121/><W9/><G39/><T26/><D105/><U34/><E129/><N who="0" m="49769" /><D96/><U35/><E66/><V126/><F131/><W50/><G118/><T124/><D116/><U44/><E44/><V127/><F1/><W85/><G110/><T7/><D7/><U56/><E56/><V4/><F135/><W107/><G107/><T125/><D17/><U100/><E100/><V6/><F74/><W84/><G84/><T70/><D26/><U92/><E92/><V119/><F119/><W73/><G73/><T29/><D29/><U68/><E68/><V43/><F97/><W16/><G132/><T27/><D27/><U103/><E103/><V62/><F62/><N who="0" m="23562" /><D70/><U60/><E60/><V20/><F14/><W64/><G64/><T122/><D109/><U77/><E23/><V48/><AGARI ba="0,0" hai="4,6,20,22,41,43,48,49,65,67,101,102,126,127" machi="48" ten="25,3200,0" yaku="0,1,22,2" doraHai="25" who="2" fromWho="2" sc="250,-16,250,-8,250,32,250,-8" /><INIT seed="1,0,0,2,1,14" ten="234,242,282,242" oya="1" hai0="12,128,10,132,108,0,9,125,104,7,75,25,65" hai1="133,61,1,54,5,78,66,117,106,70,28,47,55" hai2="43,4,53,115,87,100,26,103,94,129,37,23,113" hai3="83,35,51,97,85,69,102,124,16,92,20,36,119"/><U71/><E106/><V45/><F4/><W50/><G35/><T63/><D108/><U80/><E117/><V67/><F67/><W84/><G36/><T73/><D125/><U109/><E109/><V77/><F129/><W110/><G110/><T64/><D132/><U105/><E105/><V98/><F53/><W58/><G69/><T40/><D104/><U123/><E123/><V60/><F60/><W99/><G124/><T81/><D128/><U116/><E116/><V91/><F77/><W11/><G58/><T42/><D65/><U39/><E71/><V56/><F56/><W76/><G11/><T30/><D81/><U114/><E114/><N who="2" m="43531" /><F87/><W120/><G120/><T52/><D75/><U48/><E5/><V19/><AGARI ba="0,0" hai="19,23,26,37,43,45,91,94,98,100,103" m="43531" machi="19" ten="30,2000,0" yaku="11,1,52,1" doraHai="14" who="2" fromWho="2" sc="234,-5,242,-10,282,20,242,-5" /><INIT seed="2,0,0,5,1,65" ten="229,232,302,237" oya="2" hai0="120,77,106,126,111,62,114,105,127,3,121,38,8" hai1="28,88,5,29,132,99,58,94,21,98,131,44,69" hai2="101,110,6,16,123,66,41,89,71,56,135,18,68" hai3="35,47,54,50,55,115,53,37,1,96,9,10,102"/><V70/><F123/><W133/><G35/><T42/><D114/><U95/><E131/><V27/><F101/><W73/><G73/><T104/><D111/><U78/><E132/><V51/><F110/><W128/><G128/><T15/><D77/><U26/><E69/><V57/><F135/><W130/><G130/><T134/><D134/><U74/><E5/><V45/><F6/><W67/><G1/><T17/><D3/><U107/><E107/><V80/><F66/><W11/><G115/><T117/><D117/><U100/><E44/><V59/><REACH who="2" step="1"/><F27/><REACH who="2" ten="229,232,292,237" step="2"/><W84/><G67/><T103/><D103/><U40/><E100/><V129/><F129/><W22/><G133/><T108/><D108/><U92/><E26/><V87/><AGARI ba="0,1" hai="16,18,41,45,51,56,57,59,68,70,71,80,87,89" machi="87" ten="40,24000,3" yaku="1,1,0,1,52,3,54,1,53,3" doraHai="65" doraHaiUra="64" who="2" fromWho="2" sc="229,-80,232,-80,292,250,237,-80" /><INIT seed="2,1,0,2,1,98" ten="149,152,542,157" oya="2" hai0="134,91,71,11,69,129,127,107,46,126,26,9,94" hai1="47,114,119,135,5,55,128,121,112,1,36,48,63" hai2="97,82,58,13,81,53,67,70,120,21,109,92,34" hai3="44,133,20,59,90,102,45,108,64,78,24,131,89"/><V14/><F34/><W132/><G108/><T123/><D123/><U100/><E5/><V6/><F120/><W19/><G78/><T56/><D107/><U40/><E1/><V74/><F70/><W54/><G131/><T99/><D129/><U16/><E128/><V51/><F67/><W57/><G64/><T87/><D56/><U85/><E121/><V77/><F109/><W33/><G59/><T84/><D26/><U31/><E31/><V23/><F82/><W106/><G33/><T96/><D46/><U37/><E100/><V30/><F30/><W95/><G45/><T3/><D3/><U113/><E85/><V122/><F122/><W101/><G44/><T15/><D134/><N who="3" m="51817" /><G106/><T93/><REACH who="0" step="1"/><D91/><REACH who="0" ten="139,152,542,157" step="2"/><U41/><E135/><V12/><REACH who="2" step="1"/><F6/><REACH who="2" ten="139,152,532,157" step="2"/><W80/><G80/><T75/><D75/><U104/><E113/><V125/><F125/><W76/><G76/><T61/><D61/><U68/><E112/><V105/><F105/><W42/><G95/><T73/><D73/><U60/><E114/><V7/><F7/><W2/><G2/><T124/><D124/><U111/><E104/><V130/><F130/><W18/><G19/><T79/><D79/><U28/><E16/><V39/><F39/><W62/><G42/><T88/><D88/><AGARI ba="1,2" hai="12,13,14,21,23,51,53,58,74,77,81,88,92,97" machi="88" ten="40,3900,0" yaku="1,1,54,1,53,0" doraHai="98" doraHaiUra="0" who="2" fromWho="0" sc="139,-42,152,0,532,62,157,0" /><AGARI ba="1,0" hai="18,20,24,54,57,62,88,89,90,101,102" m="51817" machi="88" ten="30,7700,0" yaku="20,1,52,2,54,1" doraHai="98" who="3" fromWho="0" sc="97,-77,152,0,594,0,157,77" /><INIT seed="2,2,0,2,4,108" ten="20,152,594,234" oya="2" hai0="77,75,15,85,30,24,104,118,61,94,27,4,67" hai1="6,2,22,79,52,32,12,48,84,17,71,111,74" hai2="100,68,13,44,40,105,41,86,0,33,5,11,21" hai3="1,49,123,116,14,23,125,25,90,92,83,95,109"/><V54/><F33/><W78/><G1/><T39/><D39/><U131/><E111/><V51/><F68/><W93/><G116/><T42/><D104/><U73/><E131/><V129/><F129/><W62/><G123/><T19/><D42/><U135/><E135/><V102/><F105/><W3/><G3/><T88/><D118/><U29/><E71/><V114/><F114/><W120/><G120/><T72/><D4/><U59/><E84/><V8/><F21/><W127/><G109/><T47/><D47/><U37/><E37/><V122/><F122/><W64/><G49/><T134/><D134/><U117/><E79/><V126/><F126/><N who="3" m="48139" /><G14/><T53/><D53/><U63/><E48/><V46/><F86/><N who="3" m="48503" /><G64/><T35/><D24/><N who="1" m="18471" /><E117/><V87/><F87/><N who="3" m="52319" /><G62/><T119/><D77/><U91/><E91/><V115/><F115/><W82/><G82/><T132/><D132/><U26/><E26/><V107/><F54/><W106/><G106/><T10/><REACH who="0" step="1"/><D119/><REACH who="0" ten="10,152,594,234" step="2"/><U16/><E6/><V18/><F107/><W28/><AGARI ba="2,1" hai="23,25,28,93,95" m="52319,48503,48139" machi="28" ten="30,1100,0" yaku="18,1" doraHai="108" who="3" fromWho="3" sc="10,-5,152,-5,594,-7,234,27" /><INIT seed="3,0,0,1,1,64" ten="5,147,587,261" oya="3" hai0="100,103,37,88,113,122,46,45,92,115,124,4,61" hai1="0,62,98,87,78,94,6,30,42,19,97,50,89" hai2="48,70,58,114,65,8,75,73,85,68,49,109,16" hai3="9,33,132,27,21,57,96,105,83,135,13,7,117"/><W40/><G117/><T112/><D122/><U2/><E2/><V131/><F114/><W80/><G33/><T69/><D124/><U110/><E0/><V5/><F16/><N who="3" m="12711" /><G40/><T41/><D4/><U86/><E6/><V53/><F49/><W59/><G105/><T15/><D15/><U52/><E30/><V77/><F65/><W44/><G44/><T11/><D11/><U123/><E123/><V130/><F109/><W102/><G102/><T116/><D116/><U63/><E110/><V12/><F85/><W26/><G96/><T60/><D46/><U66/><E42/><V93/><F93/><W91/><G26/><T43/><D43/><U74/><E74/><N who="2" m="28171" /><F77/><W119/><G119/><T55/><D55/><U24/><E62/><V25/><F25/><W126/><G126/><T36/><D36/><U28/><E19/><V121/><F121/><W125/><G125/><T104/><D104/><U1/><E1/><V32/><F32/><W34/><G34/><T3/><D3/><U39/><E39/><V128/><AGARI ba="0,0" hai="5,8,12,48,53,58,68,70,128,130,131" m="28171" machi="128" ten="40,5200,0" yaku="19,1,52,2" doraHai="64" who="2" fromWho="2" sc="5,-13,147,-13,587,52,261,-26" owari="-8,-50.8,134,-26.6,639,73.9,235,3.5" /></mjloggm>