<mjloggm ver="2.3"><GO type="225" lobby="0"/><UN n0="%E3%81%A9%E3%82%93%E3%82%88%E3%81%8F%4D%6B%2E%32" n1="%72%61%6B%33" n2="%E3%81%99%E3%81%84%E3%81%BE%E3%81%9B%E3%83%BC%E3%82%93" n3="%E7%AD%89%E3%80%85%E5%8A%9B%E5%8A%87%E5%A0%B4" dan="16,17,16,16" rate="2189.02,2173.22,2141.69,2141.25" sx="M,M,M,M"/><TAIKYOKU oya="0"/><INIT seed="0,0,0,2,5,43" ten="250,250,250,250" oya="0" hai0="37,130,0,127,116,113,78,115,81,49,129,126,32" hai1="53,124,2,7,92,23,17,70,6,87,36,60,61" hai2="105,55,128,89,114,24,31,69,77,68,117,122,74" hai3="72,38,50,3,80,51,102,56,123,57,67,5,19"/><T33/><D49/><U107/><E107/><V48/><F122/><W104/><G38/><T62/><D62/><U83/><E124/><N who="0" m="47657" /><D81/><U121/><E121/><V25/><F105/><W90/><G123/><T64/><D78/><U103/><E36/><V91/><F114/><N who="0" m="43530" /><D64/><U47/><E2/><V46/><F117/><W99/><G51/><T4/><D37/><U63/><E70/><V39/><F128/><N who="0" m="49258" /><D116/><U86/><E83/><V27/><F39/><W29/><G57/><T58/><D58/><U65/><E65/><V118/><F118/><W42/><G67/><T85/><D85/><N who="1" m="32267" /><E92/><V22/><F69/><W66/><G80/><T15/><D15/><N who="1" m="9663" /><E103/><V79/><F68/><W14/><G102/><T108/><D108/><U8/><E63/><V59/><F74/><W73/><G66/><T132/><D132/><U11/><E61/><N who="2" m="36095" /><F79/><W52/><G73/><T131/><N who="0" m="49266" /><T95/><DORA hai="98" /><D95/><U82/><E82/><V41/><F77/><W1/><G72/><T93/><D93/><U119/><E119/><V125/><F125/><W21/><G104/><T35/><D4/><N who="1" m="1579" /><E60/><V28/><F91/><W94/><G90/><T18/><D18/><U10/><E53/><V34/><F89/><W54/><G94/><T45/><D45/><AGARI ba="0,0" hai="8,10,11,45,47" m="1579,9663,32267" machi="45" ten="30,3900,0" yaku="8,1,52,2" doraHai="43,98" who="1" fromWho="0" sc="250,-39,250,39,250,0,250,0" /><INIT seed="1,0,0,3,1,35" ten="211,289,250,250" oya="1" hai0="91,58,18,134,135,115,38,85,103,69,123,104,19" hai1="23,63,122,24,127,76,74,131,112,43,14,13,49" hai2="82,3,52,130,41,32,11,40,47,57,67,75,109" hai3="102,92,78,80,65,27,46,10,66,28,107,128,7"/><U45/><E112/><V53/><F32/><W34/><G107/><T5/><D69/><U36/><E122/><V114/><F114/><W99/><G128/><T106/><D38/><U17/><E131/><V37/><F130/><W31/><G31/><T111/><D115/><U22/><E127/><V77/><F109/><W71/><G71/><T21/><D123/><U108/><E108/><V81/><F81/><W87/><REACH who="3" step="1"/><G46/><REACH who="3" ten="211,289,250,240" step="2"/><T42/><D106/><U116/><E45/><V64/><F41/><W119/><G119/><T86/><D104/><U120/><E43/><V70/><F70/><W59/><G59/><T30/><D42/><U125/><E116/><V83/><F83/><W73/><G73/><T84/><D58/><U51/><E74/><V54/><F57/><W6/><G6/><AGARI ba="0,1" hai="3,6,11,37,40,47,52,53,54,64,67,75,77,82" machi="6" ten="40,8000,1" yaku="25,2,52,1,54,1" doraHai="35" who="2" fromWho="3" sc="211,0,289,0,250,90,240,-80" /><INIT seed="2,0,0,4,2,74" ten="211,289,340,160" oya="2" hai0="8,108,79,119,94,120,95,105,38,99,61,122,22" hai1="83,114,128,63,102,12,132,111,2,30,81,36,124" hai2="97,25,121,54,77,26,107,134,80,104,41,85,35" hai3="20,58,1,113,75,66,115,52,98,101,86,23,65"/><V19/><F121/><W78/><G75/><T117/><D38/><U5/><E36/><V110/><F134/><W89/><G1/><T118/><D22/><U57/><E2/><V3/><F3/><W42/><G42/><T126/><D61/><U68/><E114/><V67/><F67/><W130/><G130/><T71/><D71/><U92/><E68/><V11/><F41/><W32/><G32/><T131/><D8/><U21/><E111/><V6/><F110/><W31/><G115/><T15/><D15/><U106/><E106/><V16/><F54/><W73/><G113/><T64/><D64/><U24/><E124/><V17/><F35/><W70/><G73/><T76/><D108/><U91/><E102/><V90/><F107/><W0/><G0/><T13/><D13/><U62/><E132/><V100/><F6/><W4/><G4/><T49/><D49/><U9/><E128/><V133/><F11/><W33/><G33/><T34/><D34/><U46/><E46/><V50/><F50/><W53/><G70/><T116/><N who="0" m="29696" /><DORA hai="112" /><T59/><D59/><U129/><E129/><V93/><REACH who="2" step="1"/><F133/><REACH who="2" ten="211,289,330,160" step="2"/><W45/><G66/><T55/><D55/><N who="1" m="34111" /><E63/><V44/><F44/><W72/><G45/><T48/><D48/><U10/><E9/><V51/><F51/><W103/><G65/><T37/><D37/><U43/><E43/><V40/><F40/><W123/><G53/><T27/><D131/><U135/><E135/><V84/><AGARI ba="0,1" hai="16,17,19,25,26,77,80,84,85,90,93,97,100,104" machi="84" ten="30,12000,1" yaku="1,1,0,1,52,1,54,1,53,1" doraHai="74,112" doraHaiUra="88,28" who="2" fromWho="2" sc="211,-40,289,-40,330,130,160,-40" /><INIT seed="2,1,0,2,1,22" ten="171,249,460,120" oya="2" hai0="84,104,65,94,119,86,69,102,45,18,133,13,28" hai1="128,26,95,54,3,55,115,15,134,4,30,122,12" hai2="98,117,11,59,61,39,99,92,73,43,40,107,89" hai3="90,72,6,82,109,0,123,20,76,116,9,46,75"/><V23/><F117/><W57/><G116/><T114/><D119/><U74/><E115/><V49/><F73/><W87/><G123/><T129/><D114/><U27/><E74/><V68/><F68/><W105/><G105/><T50/><D104/><U36/><E36/><V135/><F135/><W48/><G109/><T126/><D28/><U24/><E30/><V132/><F132/><W101/><G101/><T21/><D126/><U120/><E134/><V8/><F39/><W64/><G90/><T110/><D110/><U1/><E95/><V62/><F62/><W113/><G113/><T81/><D129/><U52/><E128/><V42/><F49/><W79/><G79/><T32/><D32/><U58/><E58/><V85/><F23/><W124/><G124/><T118/><D118/><U29/><E29/><V56/><F56/><W96/><G96/><N who="2" m="36905" /><F107/><W51/><G51/><T37/><D37/><U131/><E131/><V93/><F93/><W5/><G72/><T17/><D69/><U66/><E66/><AGARI ba="1,0" hai="8,11,40,42,43,59,61,66,85,89,92" m="36905" machi="66" ten="30,1500,0" yaku="8,1" doraHai="22" who="2" fromWho="1" sc="171,0,249,-18,460,18,120,0" /><INIT seed="2,2,0,3,4,1" ten="171,231,478,120" oya="2" hai0="59,78,29,20,124,120,43,64,7,102,132,41,2" hai1="65,82,103,40,54,66,95,50,125,67,90,49,127" hai2="77,133,51,97,71,52,42,129,111,32,112,121,9" hai3="44,38,46,30,135,45,122,55,48,88,57,74,27"/><V128/><F112/><W76/><G122/><T8/><D120/><U99/><E40/><V23/><F121/><W73/><G135/><T72/><D102/><U3/><E3/><V19/><F32/><W56/><G38/><T80/><D132/><U62/><E62/><V37/><F71/><W36/><G36/><T25/><D124/><N who="1" m="47691" /><E54/><V68/><F68/><W98/><G76/><T6/><REACH who="0" step="1"/><D6/><REACH who="0" ten="161,231,478,120" step="2"/><U70/><E70/><V79/><F133/><W35/><REACH who="3" step="1"/><G57/><REACH who="3" ten="161,231,478,110" step="2"/><T81/><D81/><U47/><E82/><V104/><F129/><W18/><G18/><T93/><D93/><AGARI ba="2,2" hai="27,30,35,44,45,46,48,55,56,73,74,88,93,98" machi="93" ten="40,2600,0" yaku="1,1,54,1,53,0" doraHai="1" doraHaiUra="4" who="3" fromWho="0" sc="161,-32,231,0,478,0,110,52" /><INIT seed="3,0,0,5,5,29" ten="129,231,478,162" oya="3" hai0="97,99,11,76,80,131,27,33,37,52,128,7,53" hai1="124,127,59,50,98,108,51,132,69,42,65,17,96" hai2="92,4,129,62,105,24,18,70,5,135,116,73,134" hai3="111,93,117,23,81,1,2,15,87,55,103,84,94"/><W12/><G117/><T77/><D37/><U78/><E108/><V8/><F105/><W21/><G81/><T6/><D80/><U79/><E69/><V58/><F116/><W106/><G103/><T9/><D27/><U56/><E17/><V123/><F73/><W107/><REACH who="3" step="1"/><G55/><REACH who="3" ten="129,231,478,152" step="2"/><T0/><D0/><U22/><E127/><V45/><F135/><W48/><G48/><T100/><D100/><U110/><E124/><V13/><F134/><W61/><G61/><T16/><D16/><U75/><E50/><V130/><F18/><W102/><G102/><T88/><D88/><U57/><E51/><V54/><F54/><W31/><G31/><T36/><D36/><U34/><E132/><V49/><F49/><W86/><G86/><T30/><D30/><U122/><E75/><V46/><F62/><W39/><G39/><T47/><D47/><U119/><E119/><V3/><F46/><W82/><G82/><T113/><D113/><U14/><E79/><V10/><F45/><W74/><G74/><T118/><D118/><U85/><E78/><V64/><F3/><W109/><AGARI ba="0,1" hai="1,2,12,15,21,23,84,87,93,94,106,107,109,111" machi="109" ten="25,18000,2" yaku="1,1,0,1,22,2,53,2" doraHai="29" doraHaiUra="35" who="3" fromWho="3" sc="129,-60,231,-60,478,-60,152,190" /><INIT seed="3,1,0,1,1,121" ten="69,171,418,342" oya="3" hai0="109,57,130,83,115,43,112,71,66,114,126,103,55" hai1="128,58,134,34,11,129,107,38,82,42,81,29,7" hai2="17,127,67,47,33,131,77,14,21,108,116,28,133" hai3="24,91,50,25,52,10,26,19,117,65,62,13,5"/><W23/><G117/><T46/><D103/><U110/><E110/><V68/><F108/><W124/><G124/><T4/><D4/><U9/><E107/><V36/><F116/><W51/><G51/><N who="0" m="30975" /><D83/><U20/><E34/><V3/><F131/><N who="1" m="50249" /><E58/><V72/><F133/><W16/><G19/><T88/><D88/><U122/><E122/><V31/><F3/><W75/><G75/><T85/><D85/><U113/><E134/><V92/><F33/><W84/><G62/><N who="0" m="40407" /><D130/><U39/><E11/><V102/><F127/><W49/><G65/><T79/><D79/><U98/><E98/><V22/><F67/><W80/><G50/><N who="0" m="26975" /><D126/><U0/><E20/><V6/><F6/><W69/><G69/><T104/><D104/><U32/><E32/><V94/><F68/><W37/><G37/><N who="1" m="13834" /><E29/><V100/><F31/><W27/><G27/><T90/><D90/><U40/><E81/><V123/><F123/><W97/><G97/><T135/><D135/><U15/><E0/><V45/><F36/><W1/><G1/><T35/><D35/><U106/><E106/><V59/><F59/><AGARI ba="1,0" hai="5,10,13,16,23,24,25,26,49,52,59,80,84,91" machi="59" ten="30,11600,0" yaku="7,1,8,1,54,2" doraHai="121" who="3" fromWho="2" sc="69,0,171,0,418,-119,342,119" owari="69,-43.1,171,-22.9,299,9.9,461,56.1" /></mjloggm>