<mjloggm ver="2.3"><GO type="225" lobby="0"/><UN n0="%E3%81%AF%E3%82%88%E3%81%8A%E3%81%98%E3%81%95%E3%82%93" n1="%4E%49%4A%49%49%52%4F" n2="%72%61%6B%33" n3="%E3%81%9F%E3%81%A3%E3%81%A1%E3%82%87" dan="16,16,16,16" rate="2181.47,2168.02,2177.44,2073.84" sx="M,M,M,M"/><TAIKYOKU oya="0"/><INIT seed="0,0,0,3,3,60" ten="250,250,250,250" oya="0" hai0="131,73,71,12,84,121,34,57,126,88,22,32,35" hai1="103,64,16,70,4,99,129,110,135,56,94,65,95" hai2="116,13,46,86,28,58,47,105,72,96,14,1,36" hai3="124,48,132,44,134,31,123,61,19,76,101,111,37"/><T25/><D121/><U24/><E129/><V75/><F1/><W104/><G123/><T80/><D71/><U20/><E70/><V38/><F86/><W52/><G111/><T109/><D131/><U9/><E110/><V114/><F96/><N who="3" m="61479" /><G76/><T54/><D109/><U69/><E69/><V85/><F85/><W59/><G31/><T67/><D126/><U128/><E135/><N who="3" m="51754" /><G19/><T51/><D73/><U63/><E128/><V27/><F58/><W113/><G113/><T97/><D97/><U91/><E95/><V106/><F28/><W118/><G118/><T49/><D67/><N who="1" m="39399" /><E103/><V23/><F27/><W122/><G122/><T11/><D51/><U30/><E4/><V3/><F3/><W112/><G112/><T92/><D80/><U78/><E78/><V82/><F82/><W108/><G108/><T119/><D119/><U15/><AGARI ba="0,0" hai="9,15,16,20,24,30,64,65,91,94,99" m="39399" machi="15" ten="30,8000,1" yaku="8,1,52,3,54,1" doraHai="60" who="1" fromWho="1" sc="250,-40,250,80,250,-20,250,-20" /><INIT seed="1,0,0,5,5,105" ten="210,330,230,230" oya="1" hai0="2,135,28,89,77,104,59,133,25,35,101,64,123" hai1="55,120,110,94,106,38,108,20,131,65,113,75,23" hai2="97,33,0,112,79,103,9,48,124,39,115,31,53" hai3="7,3,72,43,45,40,4,96,16,19,37,71,81"/><U12/><E120/><V111/><F39/><W76/><G71/><T116/><D116/><U100/><E106/><V102/><F111/><N who="1" m="42537" /><E38/><V44/><F124/><W119/><G40/><T98/><D2/><U27/><E113/><N who="2" m="43595" /><F79/><W11/><G7/><T129/><D123/><U8/><E65/><V54/><F54/><W47/><G47/><T82/><D89/><U42/><E42/><V122/><F122/><W107/><G119/><T21/><D129/><U134/><E134/><V80/><F80/><W67/><G67/><T14/><D59/><U63/><E131/><V121/><F121/><W109/><G109/><T88/><D64/><U62/><E55/><V84/><F84/><W22/><G22/><N who="1" m="8234" /><E27/><N who="2" m="18687" /><F97/><W29/><G29/><T91/><D133/><U61/><E94/><V73/><F53/><W128/><G128/><T15/><D135/><U10/><E100/><AGARI ba="0,0" hai="3,4,11,16,19,37,43,45,72,76,81,96,100,107" machi="100" ten="40,8000,1" yaku="25,2,52,1,54,1" doraHai="105" who="3" fromWho="1" sc="210,0,330,-80,230,0,230,80" /><INIT seed="2,0,0,1,5,91" ten="210,250,230,310" oya="2" hai0="65,104,54,23,99,129,115,116,72,95,88,8,27" hai1="71,64,33,56,57,107,44,40,74,112,102,122,85" hai2="10,94,59,103,15,43,53,75,76,5,67,42,37" hai3="28,30,63,19,109,50,83,36,131,90,123,92,69"/><V6/><F67/><W32/><G123/><T21/><D115/><U86/><E112/><V84/><F75/><W124/><G36/><T24/><D72/><U133/><E74/><V61/><F37/><W119/><G109/><T130/><D116/><U70/><E33/><V110/><F110/><W7/><G7/><T34/><D65/><U127/><E127/><V89/><F76/><W128/><G83/><T16/><D104/><U118/><E118/><V20/><F6/><W9/><G50/><T48/><D8/><U114/><E114/><V12/><REACH who="2" step="1"/><F103/><REACH who="2" ten="210,250,220,310" step="2"/><W4/><G119/><T45/><REACH who="0" step="1"/><D34/><REACH who="0" ten="200,250,220,310" step="2"/><U58/><E64/><V55/><F55/><W135/><G124/><T47/><D47/><U81/><E44/><V101/><F101/><W17/><G131/><T79/><D79/><U41/><E102/><V111/><F111/><W11/><G128/><T49/><D49/><U96/><E122/><V35/><F35/><W38/><G32/><T108/><D108/><U51/><E51/><V93/><F93/><W120/><G92/><T132/><D132/><U60/><E133/><V29/><F29/><AGARI ba="0,2" hai="16,21,23,24,27,29,45,48,54,88,95,99,129,130" machi="29" ten="40,12000,2" yaku="1,1,52,1,54,2,53,2" doraHai="91" doraHaiUra="125" who="0" fromWho="2" sc="200,140,250,0,220,-120,310,0" /><INIT seed="3,0,0,0,1,28" ten="340,250,100,310" oya="3" hai0="29,75,91,130,7,42,87,127,50,129,122,4,33" hai1="58,114,80,69,68,54,27,119,5,86,118,0,101" hai2="26,83,108,59,22,21,76,110,126,135,72,106,66" hai3="24,10,61,134,39,16,40,25,99,45,32,97,117"/><W116/><G134/><T38/><D75/><U13/><E114/><V125/><F66/><W85/><G24/><N who="0" m="18599" /><D38/><U49/><E101/><V47/><F59/><W62/><G85/><T93/><D122/><U23/><E0/><V65/><F65/><W92/><G97/><T113/><D113/><U56/><E5/><V102/><F47/><W11/><G11/><T74/><D74/><U41/><E13/><V100/><F22/><W15/><G61/><T81/><D127/><N who="2" m="48650" /><F21/><W88/><REACH who="3" step="1"/><G62/><REACH who="3" ten="340,250,100,300" step="2"/><T104/><D104/><U3/><E119/><V18/><F26/><W96/><G96/><T53/><D93/><U70/><E118/><V67/><F67/><W48/><G48/><T34/><D34/><U128/><E3/><V94/><F18/><W112/><G112/><T51/><D50/><U64/><E41/><V35/><F35/><W120/><G120/><T71/><D42/><U73/><E64/><V124/><N who="2" m="48658" /><V77/><DORA hai="12" /><F106/><W6/><G6/><T98/><D98/><U30/><E73/><N who="2" m="43407" /><F135/><W111/><G111/><N who="2" m="42537" /><F94/><W133/><G133/><T132/><D132/><U55/><E49/><V79/><F72/><W90/><G90/><T37/><D4/><U105/><E27/><V9/><F9/><W14/><G14/><T52/><D7/><U1/><E105/><V89/><F89/><W17/><G17/><T46/><D91/><N who="1" m="51655" /><E1/><V95/><F95/><W131/><G131/><T103/><D129/><U109/><E109/><V57/><F57/><N who="1" m="22121" /><E128/><V115/><F115/><W63/><G63/><T123/><D130/><U8/><E8/><V60/><F60/><RYUUKYOKU ba="0,1" sc="340,-30,250,10,100,10,300,10" hai1="23,30,54,55,68,69,70" hai2="77,79,100,102" hai3="10,15,16,25,32,39,40,45,88,92,99,116,117" /><INIT seed="3,1,1,0,0,73" ten="310,260,110,310" oya="3" hai0="116,13,6,38,111,123,59,46,30,9,86,77,8" hai1="134,64,96,41,43,23,93,32,33,69,104,42,7" hai2="127,26,71,61,81,22,133,54,28,12,68,45,79" hai3="78,39,89,80,115,16,128,95,17,62,91,52,125"/><W103/><G39/><T101/><D116/><U2/><E104/><V31/><F127/><W88/><G115/><T36/><D123/><U72/><E134/><V67/><F133/><W87/><G128/><T124/><D124/><U40/><N who="1" m="10240" /><DORA hai="131" /><U110/><E110/><V106/><F106/><W83/><G83/><T132/><D46/><U122/><E122/><V3/><F3/><W10/><G125/><T129/><D132/><U14/><E72/><V117/><F117/><W102/><G10/><T24/><D129/><U55/><E2/><V113/><F113/><W35/><G35/><T27/><D101/><N who="3" m="38409" /><G95/><T130/><D130/><U25/><E55/><V20/><F68/><W112/><G112/><T34/><D111/><U75/><E75/><V74/><F12/><W94/><G94/><T97/><D97/><U119/><E119/><V100/><F100/><W135/><G135/><T15/><D24/><U51/><E51/><V48/><REACH who="2" step="1"/><F28/><REACH who="2" ten="310,260,100,310" step="2"/><W57/><AGARI ba="1,2" hai="16,17,52,57,62,78,80,87,88,89,91" m="38409" machi="57" ten="30,12000,1" yaku="8,1,52,1,54,3" doraHai="73,131" who="3" fromWho="3" sc="310,-41,260,-41,100,-41,310,143" owari="269,6.9,219,-18.1,59,-44.1,453,55.3" /></mjloggm>