<mjloggm ver="2.3"><GO type="225" lobby="0"/><UN n0="%E8%A8%88%E7%AE%97%E6%A9%9F%E8%87%AA%E7%84%B6" n1="%6D%75%75%6D%75%72%61" n2="%E7%89%B9%E6%9D%B1%E3%81%AF%E4%B8%96%E7%95%8C%E3%82%92%E6%95%91%E3%81%86" n3="%E8%90%BD%E6%97%A5" dan="17,17,16,19" rate="2178.58,2175.26,2139.62,2288.58" sx="M,F,M,F"/><TAIKYOKU oya="0"/><INIT seed="0,0,0,2,2,96" ten="250,250,250,250" oya="0" hai0="113,1,91,45,101,9,52,133,82,8,70,13,6" hai1="50,43,132,111,74,58,125,106,73,75,114,98,124" hai2="65,129,15,36,38,123,118,110,17,100,89,63,20" hai3="56,108,128,119,84,117,44,27,32,79,78,7,116"/><T47/><D113/><U64/><E111/><V11/><F123/><W112/><G112/><T49/><D133/><U10/><E114/><V87/><F110/><W61/><G108/><T55/><D70/><U94/><E132/><V122/><F122/><W69/><G128/><T53/><D101/><U66/><E106/><V68/><F129/><W83/><G69/><T90/><D45/><N who="1" m="25919" /><E10/><V2/><F118/><W99/><G7/><T39/><D39/><U5/><E5/><V77/><F77/><W71/><G71/><T86/><D91/><U131/><E131/><V31/><F100/><W25/><G32/><T51/><D51/><U105/><E105/><V104/><F104/><W135/><G135/><T4/><AGARI ba="0,0" hai="1,4,6,8,9,13,47,49,52,53,55,82,86,90" machi="4" ten="20,3900,0" yaku="0,1,7,1,54,1" doraHai="96" who="0" fromWho="0" sc="250,39,250,-13,250,-13,250,-13" /><INIT seed="0,1,0,2,4,16" ten="289,237,237,237" oya="0" hai0="35,27,53,3,26,110,83,117,5,38,23,32,118" hai1="29,37,81,95,125,39,33,107,120,13,40,73,22" hai2="69,44,15,74,88,56,46,34,61,89,87,127,72" hai3="64,129,67,103,96,100,24,31,82,66,45,134,98"/><T101/><D38/><U11/><E107/><V80/><F69/><W52/><G129/><T91/><D101/><U51/><E120/><V8/><F34/><N who="0" m="12842" /><D53/><U115/><E125/><V50/><F127/><W112/><G134/><T85/><D91/><U77/><E115/><V105/><F105/><W59/><G112/><T6/><D85/><U131/><E131/><V71/><F71/><W63/><G45/><T132/><D83/><U54/><E33/><V21/><F21/><N who="3" m="15759" /><G82/><T70/><D70/><U48/><E95/><V0/><F0/><W108/><G108/><T113/><D113/><U76/><E76/><V135/><F135/><W2/><G2/><T42/><D42/><U109/><E109/><V90/><F74/><W102/><AGARI ba="1,0" hai="52,59,63,64,66,67,96,98,100,102,103" m="15759" machi="102" ten="30,4000,0" yaku="8,1,52,1,54,1" doraHai="16" who="3" fromWho="3" sc="289,-21,237,-11,237,-11,237,43" /><INIT seed="1,0,0,5,5,21" ten="268,226,226,280" oya="1" hai0="117,114,34,101,76,118,16,107,52,111,44,132,22" hai1="23,70,72,58,6,56,20,32,11,86,94,45,112" hai2="68,41,67,12,59,78,127,83,26,64,85,19,125" hai3="43,38,71,121,57,88,28,3,4,53,24,0,74"/><U119/><E119/><V17/><F68/><W123/><G71/><T124/><D114/><U95/><E72/><V96/><F41/><W62/><G74/><T75/><D34/><U31/><E70/><V25/><F96/><W7/><G7/><T79/><D111/><U42/><E112/><V122/><F122/><W37/><G43/><T106/><D124/><N who="2" m="47690" /><F59/><W61/><G4/><T46/><D132/><U30/><E32/><V104/><F104/><W93/><G62/><T48/><D44/><U49/><E58/><V51/><F51/><W15/><G15/><T5/><D5/><U9/><E56/><V60/><F19/><W13/><G13/><T1/><D1/><U36/><E36/><V126/><F126/><W102/><G102/><T84/><D75/><U69/><E69/><N who="2" m="42119" /><F67/><W66/><G66/><T50/><D50/><U40/><E86/><V135/><F135/><W82/><G38/><T47/><D47/><U54/><E54/><V105/><F105/><W110/><G37/><T109/><D107/><U33/><E33/><V77/><F77/><W134/><G134/><T35/><D35/><U100/><E6/><V14/><F14/><W120/><G3/><T131/><D106/><U97/><E42/><V92/><F92/><W89/><G0/><T87/><D48/><U90/><E95/><V81/><F81/><W130/><G82/><T128/><D46/><U91/><E100/><V27/><F27/><W103/><G120/><T108/><D101/><U65/><E65/><V133/><F133/><W80/><G121/><T18/><D52/><U55/><E40/><RYUUKYOKU ba="0,0" sc="268,15,226,-15,226,15,280,-15" hai0="16,18,22,76,79,84,87,108,109,117,118,128,131" hai2="12,17,25,26,78,83,85" /><INIT seed="2,1,0,4,2,27" ten="283,211,241,265" oya="2" hai0="25,109,49,120,134,32,84,16,72,19,55,106,85" hai1="95,80,88,12,0,41,21,22,11,91,47,83,125" hai2="132,71,43,57,4,96,78,62,128,116,107,81,70" hai3="98,20,56,77,26,108,14,40,131,133,65,66,110"/><V45/><F116/><W13/><G131/><T122/><D72/><U33/><E0/><V67/><F128/><W117/><G117/><T59/><D106/><U69/><E125/><V87/><F132/><W135/><G77/><T79/><D134/><N who="3" m="51209" /><G40/><T15/><D109/><N who="3" m="42089" /><G98/><T127/><D127/><U24/><E69/><V30/><F30/><N who="3" m="17735" /><G56/><T44/><D59/><U94/><E33/><V61/><F4/><W97/><G97/><T126/><D32/><U115/><E115/><V111/><F111/><W118/><G118/><T64/><D79/><U99/><E41/><V101/><REACH who="2" step="1"/><F62/><REACH who="2" ten="283,211,231,265" step="2"/><W3/><G3/><T73/><D126/><U42/><E42/><V92/><F92/><W18/><G14/><T50/><D15/><U1/><E94/><V35/><F35/><W29/><G29/><T129/><D129/><U46/><E1/><V60/><F60/><W112/><G112/><T53/><D25/><U58/><E95/><V124/><F124/><W93/><G93/><T121/><D121/><U68/><E12/><V37/><AGARI ba="1,1" hai="37,43,45,57,61,67,70,71,78,81,87,96,101,107" machi="37" ten="20,7800,0" yaku="1,1,0,1,7,1,53,1" doraHai="27" doraHaiUra="63" who="2" fromWho="2" sc="283,-27,211,-27,231,91,265,-27" /><INIT seed="2,2,0,0,1,87" ten="256,184,322,238" oya="2" hai0="31,26,66,106,54,108,130,112,80,47,33,117,9" hai1="65,21,116,98,64,107,48,69,36,105,24,76,124" hai2="135,93,71,110,55,53,58,115,4,42,134,29,109" hai3="94,85,133,17,89,111,88,72,63,56,104,120,61"/><V19/><F115/><W81/><G120/><T122/><D122/><U114/><E36/><V59/><F71/><W51/><G111/><N who="2" m="42505" /><F4/><W68/><G133/><N who="2" m="50697" /><F29/><W14/><G104/><T101/><D106/><U91/><E114/><V67/><F42/><W0/><G0/><T34/><D31/><U118/><E124/><V70/><F19/><W39/><G39/><T25/><D33/><U49/><E69/><V44/><F93/><W132/><G132/><T18/><D34/><U13/><E13/><V32/><F32/><W121/><G121/><T27/><D18/><U11/><E11/><V22/><F22/><N who="3" m="11575" /><G72/><T23/><D23/><U3/><E3/><V129/><F129/><W123/><G68/><T38/><D112/><U99/><E21/><V45/><F67/><W100/><G100/><T102/><D66/><U2/><E2/><V15/><F15/><W41/><G123/><T84/><D102/><U43/><E43/><V79/><F79/><W5/><G5/><T125/><D101/><U20/><E20/><V92/><F92/><W97/><G41/><T74/><D108/><U30/><E76/><V77/><F77/><W57/><G57/><N who="2" m="21513" /><F70/><W28/><G28/><T95/><D130/><U78/><E78/><V60/><F60/><W7/><G7/><T50/><D26/><U128/><E128/><V35/><F35/><W82/><G82/><T12/><D25/><U6/><E24/><V37/><F37/><W16/><G16/><N who="0" m="8207" /><D27/><U10/><E30/><V90/><F45/><W1/><G1/><T8/><D38/><U75/><E6/><V119/><F44/><RYUUKYOKU ba="2,0" sc="256,-10,184,-10,322,-10,238,30" hai3="51,56,61,63,81,85,88,89,94,97" /><INIT seed="3,3,0,1,4,25" ten="246,174,312,268" oya="3" hai0="22,87,32,58,127,135,123,76,68,125,65,63,104" hai1="99,107,39,3,78,119,89,102,56,86,84,49,130" hai2="23,69,40,93,55,64,95,11,71,98,118,112,83" hai3="31,15,117,41,10,35,53,120,54,7,44,52,109"/><W75/><G117/><T50/><D32/><U110/><E39/><V33/><F118/><W2/><G120/><T116/><D116/><U59/><E119/><V26/><F33/><W13/><G75/><T114/><D104/><U113/><E113/><V90/><F112/><W73/><G73/><T1/><D114/><U108/><E3/><V82/><F40/><W81/><G81/><N who="0" m="47527" /><D1/><U38/><E38/><V121/><F121/><W105/><G105/><T6/><D6/><U94/><E49/><V91/><F64/><W122/><G122/><T103/><D103/><U27/><E59/><V111/><F111/><W37/><REACH who="3" step="1"/><G109/><REACH who="3" ten="246,174,312,258" step="2"/><T133/><D123/><U48/><E110/><V85/><F82/><W106/><G106/><T74/><D74/><U66/><E108/><V100/><F83/><W17/><G17/><T131/><D125/><U61/><E130/><V88/><F95/><W28/><G28/><T42/><D127/><U77/><E84/><V4/><F85/><W97/><G97/><T72/><D72/><U80/><E107/><V18/><REACH who="2" step="1"/><F55/><REACH who="2" ten="246,174,302,258" step="2"/><W14/><G14/><AGARI ba="3,2" hai="4,11,14,18,23,26,69,71,88,90,91,93,98,100" machi="14" ten="40,5200,0" yaku="1,1,2,1,54,1,53,0" doraHai="25" doraHaiUra="51" who="2" fromWho="3" sc="246,0,174,0,302,81,258,-61" owari="246,4.6,174,-32.6,383,48.3,197,-20.3" /></mjloggm>