<mjloggm ver="2.3"><GO type="225" lobby="0"/><UN n0="%E7%89%B9%E6%9D%B1%E3%81%AF%E4%B8%96%E7%95%8C%E3%82%92%E6%95%91%E3%81%86" n1="%E3%81%A1%E3%82%85%E3%81%86%E3%81%A9%E3%81%8F%E8%B1%A1%E3%81%95%E3%82%93" n2="%E8%81%B7%E6%A5%AD%E3%80%81%E9%A2%A8%32" n3="%E3%81%B8%E3%82%80%E3%81%B8%E3%82%80%EF%BC%92%E5%8F%B7" dan="16,16,16,17" rate="2161.76,2152.77,2103.37,2211.44" sx="M,M,M,M"/><TAIKYOKU oya="0"/><INIT seed="0,0,0,2,2,119" ten="250,250,250,250" oya="0" hai0="59,42,31,21,50,17,22,91,105,9,116,66,16" hai1="1,14,37,124,68,5,60,106,34,102,41,44,98" hai2="93,81,71,3,64,78,77,53,75,26,113,51,134" hai3="120,28,97,100,12,122,90,123,86,35,18,29,88"/><T92/><D116/><U65/><E14/><V47/><F113/><W52/><G52/><N who="0" m="32151" /><D105/><U10/><REACH who="1" step="1"/><E124/><REACH who="1" ten="250,240,250,250" step="2"/><V128/><F3/><W69/><G69/><T73/><D73/><U70/><E70/><V74/><F71/><W15/><G15/><N who="0" m="7279" /><D42/><U95/><E95/><V108/><F93/><N who="3" m="58415" /><G35/><AGARI ba="0,1" hai="1,5,10,34,35,37,41,44,60,65,68,98,102,106" machi="35" ten="40,8000,1" yaku="1,1,33,3,53,0" doraHai="119" doraHaiUra="87" who="1" fromWho="3" sc="250,0,240,90,250,0,250,-80" /><INIT seed="1,0,0,3,4,35" ten="250,330,250,170" oya="1" hai0="10,17,6,100,121,80,82,45,103,12,49,95,122" hai1="1,25,102,99,9,119,114,125,112,36,109,77,127" hai2="116,24,37,43,46,98,115,87,133,130,123,73,20" hai3="23,52,79,85,18,5,39,105,71,38,106,56,63"/><U134/><E119/><V72/><F123/><N who="0" m="47114" /><D17/><U15/><E36/><V68/><F116/><W86/><G71/><T111/><D111/><U88/><E77/><V117/><F117/><W131/><G131/><T13/><D13/><U4/><E109/><V3/><F3/><W51/><G5/><T120/><D120/><U0/><E134/><V113/><F68/><W21/><G21/><T91/><D82/><U7/><E25/><V67/><F67/><W2/><G2/><T83/><D83/><U40/><E40/><V54/><F133/><W76/><G76/><T89/><D80/><U61/><E61/><V34/><F34/><W129/><G129/><T75/><D75/><U101/><E88/><N who="0" m="33865" /><D95/><U90/><E90/><V66/><F130/><W128/><G128/><T26/><D26/><U30/><E30/><V58/><F87/><W84/><G79/><T81/><D81/><U104/><E101/><V22/><F73/><W65/><G105/><T97/><D97/><U53/><E53/><AGARI ba="0,0" hai="6,10,12,45,49,53,100,103" m="33865,47114" machi="53" ten="30,2000,0" yaku="13,1,54,1" doraHai="35" who="0" fromWho="1" sc="250,20,330,-20,250,0,170,0" /><INIT seed="2,0,0,3,5,117" ten="270,310,250,170" oya="2" hai0="107,19,18,112,23,106,125,134,13,113,52,130,46" hai1="20,39,73,60,42,4,70,59,43,79,97,111,28" hai2="10,99,14,119,126,132,16,26,21,121,71,124,53" hai3="100,65,135,6,90,96,54,123,67,63,34,41,94"/><V15/><F119/><W38/><G34/><T101/><D130/><U129/><E70/><V8/><F71/><W31/><G135/><T36/><D134/><U68/><E68/><V45/><F132/><W69/><G31/><T3/><D3/><U66/><E4/><N who="2" m="3335" /><F99/><W11/><G67/><T75/><D75/><U127/><E39/><V5/><F53/><W35/><G54/><T22/><D125/><N who="2" m="48234" /><F45/><W80/><G35/><T83/><D36/><U86/><E97/><V93/><F93/><W33/><G33/><T91/><D101/><U32/><E42/><V82/><F82/><W1/><G41/><T74/><D107/><U48/><E43/><V64/><F64/><W81/><G38/><T51/><D106/><U78/><E66/><V133/><F133/><W7/><G7/><T29/><D52/><U109/><E48/><V92/><F92/><W118/><G118/><T114/><D51/><U77/><E73/><V104/><F104/><W24/><G24/><T56/><D46/><U37/><E37/><V115/><F115/><W40/><G40/><T55/><D55/><U50/><E50/><V103/><F103/><W30/><G30/><T47/><D114/><U122/><E127/><V61/><F61/><W95/><G123/><AGARI ba="0,0" hai="5,10,15,16,21,26,121,123" m="48234,3335" machi="123" ten="30,18000,2" yaku="18,1,34,2,52,2,54,1" doraHai="117" who="2" fromWho="3" sc="270,0,310,0,250,180,170,-180" owari="270,-13.0,310,11.0,430,53.0,-10,-51.0" /></mjloggm>