<mjloggm ver="2.3"><GO type="225" lobby="0"/><UN n0="%E5%B8%86%E7%AB%8B%E5%A4%8F%E8%A1%A3" n1="%E7%99%BD%E6%97%A5%E9%9B%AA%E8%8F%9C" n2="%E7%89%B9%E6%9D%B1%E3%81%AF%E4%B8%96%E7%95%8C%E3%82%92%E6%95%91%E3%81%86" n3="%47%68%6F%73%74%55%30" dan="16,16,16,17" rate="2072.92,2138.89,2113.43,2162.69" sx="M,M,M,M"/><TAIKYOKU oya="0"/><INIT seed="0,0,0,5,0,30" ten="250,250,250,250" oya="0" hai0="53,7,96,33,127,113,84,61,93,118,81,26,125" hai1="100,67,87,49,128,46,82,112,63,115,60,85,114" hai2="95,107,48,105,54,56,109,42,88,98,104,131,123" hai3="23,120,20,73,50,122,94,21,15,74,83,8,34"/><T32/><D96/><U134/><E134/><V2/><F123/><N who="3" m="47147" /><G34/><N who="0" m="13419" /><D113/><U91/><E128/><V9/><F109/><W40/><G94/><T86/><D118/><U51/><E100/><V79/><F131/><W37/><G50/><N who="1" m="18954" /><E46/><V92/><F42/><W0/><G83/><T65/><D7/><U133/><E133/><V43/><F43/><W71/><G71/><N who="0" m="42415" /><D53/><U116/><E116/><V64/><F64/><W75/><G0/><T126/><D93/><N who="1" m="54511" /><E67/><V78/><REACH who="2" step="1"/><F92/><REACH who="2" ten="250,250,240,250" step="2"/><W121/><G121/><T68/><D68/><U19/><E115/><V97/><F97/><W90/><G40/><T24/><D86/><U6/><E114/><V89/><F89/><AGARI ba="0,1" hai="24,26,81,84,89,125,126,127" m="42415,13419" machi="89" ten="40,12000,1" yaku="18,1,52,3" doraHai="30" who="0" fromWho="2" sc="250,130,250,0,240,-120,250,0" /><INIT seed="0,1,0,1,5,96" ten="380,250,120,250" oya="0" hai0="124,75,56,99,58,5,30,78,3,13,40,55,43" hai1="35,18,68,87,1,51,114,45,73,91,23,46,69" hai2="117,95,115,59,134,135,17,57,106,90,85,74,29" hai3="86,122,105,81,82,109,130,32,100,49,110,9,125"/><T118/><D118/><U131/><E35/><V38/><F115/><W128/><G32/><T112/><D112/><U113/><E73/><V42/><F74/><W26/><G26/><T52/><D124/><U97/><E1/><V102/><F29/><W104/><G49/><T20/><D99/><U66/><E131/><N who="3" m="50218" /><G9/><T94/><D94/><U123/><E123/><V133/><F117/><W37/><G37/><T31/><D78/><U116/><E116/><V16/><F106/><N who="3" m="41067" /><G125/><T6/><D75/><U22/><E22/><V21/><F102/><W93/><G122/><T10/><D3/><U67/><E45/><V71/><F71/><W61/><G61/><N who="0" m="35975" /><D6/><U79/><E69/><V63/><F63/><W0/><G0/><T15/><D31/><U129/><E68/><V14/><REACH who="2" step="1"/><F17/><REACH who="2" ten="380,250,110,250" step="2"/><W50/><G100/><T88/><D30/><U89/><E129/><V54/><F54/><W72/><G72/><T108/><D55/><N who="1" m="30199" /><E114/><V132/><N who="2" m="33792" /><DORA hai="62" /><V34/><F34/><W120/><G120/><T64/><D43/><U33/><E33/><V41/><F41/><W127/><G127/><T27/><D40/><U19/><E19/><V44/><AGARI ba="1,1" hai="14,16,21,38,42,44,57,59,85,90,95" m="33792" machi="44" ten="60,12000,2" yaku="1,1,0,1,20,1,54,1,53,3" doraHai="96,62" doraHaiUra="53,36" who="2" fromWho="2" sc="380,-61,250,-31,110,133,250,-31" /><INIT seed="1,0,0,4,3,75" ten="319,219,243,219" oya="1" hai0="92,128,33,44,91,52,9,2,45,36,35,74,40" hai1="130,99,108,38,65,11,27,61,46,53,15,21,129" hai2="100,12,56,134,121,13,19,113,78,42,114,84,110" hai3="103,119,123,10,124,81,86,30,23,0,16,120,85"/><U102/><E108/><V20/><F121/><W126/><G119/><T76/><D128/><U125/><E125/><N who="3" m="48234" /><G103/><T66/><D66/><U89/><E89/><V131/><F110/><W101/><G101/><T57/><D45/><U77/><E77/><V118/><F118/><W80/><G30/><T135/><D135/><U14/><E11/><V60/><F131/><N who="1" m="50185" /><E53/><N who="2" m="33807" /><F42/><W132/><G132/><T95/><D95/><N who="1" m="58751" /><E46/><V107/><F134/><W127/><N who="3" m="48242" /><W29/><DORA hai="49" /><G10/><T4/><D92/><U7/><E7/><V26/><F100/><W1/><G120/><T93/><D93/><U22/><E38/><V63/><F107/><W64/><G123/><T55/><D91/><U70/><E22/><V87/><F78/><N who="3" m="46231" /><G0/><T5/><D5/><U17/><AGARI ba="0,0" hai="14,15,17,21,27,61,65,70" m="58751,50185" machi="17" ten="30,1500,0" yaku="19,1" doraHai="75,49" who="1" fromWho="1" sc="319,-5,219,15,243,-5,219,-5" /><INIT seed="1,1,0,1,4,129" ten="314,234,238,214" oya="1" hai0="0,113,30,16,112,69,20,2,89,25,78,85,127" hai1="35,18,1,80,133,49,117,68,41,61,92,64,120" hai2="84,33,118,65,4,76,55,107,108,111,101,121,31" hai3="34,44,5,104,32,57,72,8,42,130,46,124,109"/><U36/><E117/><V123/><F65/><W60/><G104/><T6/><D69/><U23/><E120/><N who="2" m="46155" /><F4/><W7/><G130/><T43/><D43/><U135/><E35/><V73/><F55/><W122/><G122/><T66/><D66/><U102/><E1/><V119/><F84/><W125/><G109/><N who="2" m="42057" /><F31/><W58/><G60/><T38/><D2/><U26/><E36/><V21/><F21/><W74/><G42/><T98/><D38/><U59/><E80/><N who="2" m="45071" /><F33/><W100/><G8/><T54/><D30/><U19/><E19/><V75/><F75/><W48/><G48/><T97/><D54/><U17/><E17/><V51/><F51/><W82/><G82/><T22/><D22/><U79/><E79/><V90/><F90/><W103/><AGARI ba="1,0" hai="5,7,32,34,44,46,57,58,72,74,100,103,124,125" machi="103" ten="25,3200,0" yaku="0,1,22,2" doraHai="129" who="3" fromWho="3" sc="314,-9,234,-17,238,-9,214,35" /><INIT seed="2,0,0,1,0,9" ten="305,217,229,249" oya="2" hai0="131,56,106,61,133,41,8,14,89,87,58,51,28" hai1="13,31,72,36,30,20,119,12,135,6,75,49,17" hai2="32,90,10,108,59,121,85,11,99,79,60,55,47" hai3="15,105,54,70,23,128,65,100,27,98,57,33,71"/><V84/><F121/><W125/><G125/><T92/><D133/><U123/><E36/><V74/><F32/><W96/><G128/><T66/><D131/><U95/><E119/><V7/><F74/><W53/><G96/><T37/><D106/><U48/><E135/><V93/><F108/><W26/><G57/><N who="0" m="37167" /><D37/><U109/><E109/><V2/><F79/><W104/><G23/><T127/><D28/><U122/><E95/><V5/><REACH who="2" step="1"/><F47/><REACH who="2" ten="305,217,219,249" step="2"/><W18/><G33/><T114/><D127/><U24/><E75/><V25/><F25/><W62/><G26/><T97/><D114/><U112/><E72/><V130/><F130/><W22/><G27/><T44/><D87/><U94/><E112/><V43/><F43/><W101/><G98/><T64/><D64/><U111/><E111/><V46/><F46/><W78/><G65/><T34/><D34/><U3/><E123/><V116/><F116/><W38/><G78/><T86/><D86/><U45/><E122/><V76/><F76/><W19/><G70/><T107/><D107/><U68/><E68/><V52/><F52/><W4/><G53/><T21/><D58/><U73/><E73/><V67/><F67/><N who="3" m="41463" /><G54/><T115/><D56/><U117/><E117/><V129/><F129/><W126/><G104/><T77/><D115/><U50/><E45/><V91/><F91/><W103/><G105/><T80/><D77/><U1/><E24/><V29/><F29/><W69/><G69/><T82/><D41/><U35/><E31/><V81/><F81/><W102/><N who="3" m="25600" /><DORA hai="40" /><W42/><G42/><N who="0" m="24983" /><D21/><U113/><E20/><RYUUKYOKU ba="0,1" sc="305,15,217,-15,219,15,249,-15" hai0="8,14,80,82,89,92,97" hai2="2,5,7,10,11,55,59,60,84,85,90,93,99" /><INIT seed="2,1,1,1,5,74" ten="320,202,234,234" oya="2" hai0="131,4,102,36,121,86,3,58,38,68,62,37,7" hai1="26,15,35,32,55,97,88,21,54,85,1,49,96" hai2="56,41,79,118,107,40,87,92,123,132,10,81,77" hai3="133,13,119,8,94,95,51,83,12,106,30,43,116"/><V33/><F123/><W126/><G106/><T9/><D121/><U75/><E1/><V11/><F118/><W117/><G126/><T31/><D131/><U73/><E15/><V110/><F107/><W66/><G133/><T39/><D102/><U120/><E120/><V6/><F33/><W122/><G30/><T22/><D68/><U128/><E128/><V61/><F132/><W71/><G122/><T46/><D7/><U93/><E35/><V24/><F110/><W129/><G129/><T111/><D111/><U34/><E34/><V124/><F124/><W18/><G83/><T127/><D127/><U44/><E32/><V104/><F104/><W5/><G66/><T99/><D99/><U91/><E55/><N who="2" m="33951" /><F24/><W109/><G71/><T14/><D86/><U67/><E67/><V28/><F28/><W76/><G109/><T125/><D125/><U72/><REACH who="1" step="1"/><E91/><REACH who="1" ten="320,192,234,234" step="2"/><N who="2" m="51695" /><F6/><W25/><G116/><T29/><D3/><U48/><E48/><V27/><F27/><W60/><G25/><T42/><D37/><U115/><E115/><V82/><F41/><W17/><G117/><T50/><D38/><U113/><E113/><V52/><F40/><W45/><G119/><T80/><D39/><U78/><E78/><V47/><F79/><W23/><G76/><T108/><D36/><U135/><E135/><V89/><F52/><W19/><G60/><T63/><D108/><U64/><E64/><V98/><F47/><W90/><G90/><T69/><D62/><U65/><E65/><V2/><F2/><W20/><G12/><N who="0" m="5159" /><D63/><U59/><E59/><V84/><AGARI ba="1,2" hai="10,11,77,82,84,89,92,98" m="51695,33951" machi="84" ten="30,6000,0" yaku="5,1,8,1,52,1" doraHai="74" who="2" fromWho="2" sc="320,-21,192,-21,234,83,234,-21" /><INIT seed="2,2,0,0,4,54" ten="299,171,317,213" oya="2" hai0="122,131,103,101,31,82,93,25,116,50,104,67,65" hai1="28,100,130,111,112,36,119,56,64,98,57,21,105" hai2="29,85,13,53,92,108,47,124,95,90,26,4,19" hai3="107,3,102,68,117,115,6,78,5,86,62,14,17"/><V69/><F69/><W41/><G117/><T88/><D122/><U120/><E112/><V123/><F123/><W94/><G107/><T66/><D131/><U1/><E119/><V118/><F118/><W60/><G3/><T110/><D110/><U12/><E1/><V132/><F132/><W33/><G33/><T22/><D116/><U71/><E120/><V11/><F124/><W52/><G41/><T97/><D104/><U51/><E111/><V72/><F72/><W32/><G32/><T43/><D82/><U48/><E36/><V58/><F47/><AGARI ba="2,0" hai="22,25,31,43,47,50,65,66,67,88,93,97,101,103" machi="47" ten="40,2600,0" yaku="8,1,54,1" doraHai="54" who="0" fromWho="2" sc="299,32,171,0,317,-32,213,0" /><INIT seed="3,0,0,0,1,5" ten="331,171,285,213" oya="3" hai0="72,100,33,29,66,11,9,128,135,118,17,96,104" hai1="71,1,108,22,92,101,131,50,40,91,133,12,52" hai2="7,90,2,105,57,55,26,23,39,83,124,49,121" hai3="97,80,77,113,134,62,82,64,18,25,44,37,132"/><W15/><G113/><T21/><D118/><U127/><E1/><V63/><F39/><W120/><G25/><N who="0" m="18607" /><D72/><U129/><E108/><V30/><F105/><W51/><G97/><T38/><D38/><U13/><E71/><V19/><F124/><W93/><G93/><T59/><D59/><N who="1" m="33175" /><E127/><V106/><F106/><W123/><G62/><T85/><D85/><N who="1" m="52335" /><E133/><N who="3" m="51306" /><G64/><T112/><D135/><U75/><E75/><V16/><F121/><N who="3" m="46667" /><G77/><T56/><D112/><U115/><E115/><V36/><F36/><W117/><G117/><T24/><D56/><U41/><E101/><V45/><F7/><W111/><G111/><T98/><D98/><U89/><E89/><V0/><F0/><W6/><G6/><T73/><D73/><U48/><E12/><V125/><F2/><W65/><G37/><T46/><D46/><U53/><E53/><N who="2" m="29871" /><F125/><W4/><G65/><T94/><D94/><U99/><E99/><V103/><F103/><W67/><G67/><T47/><D47/><N who="1" m="25703" /><E41/><V79/><F79/><W95/><G95/><T87/><D66/><U3/><E3/><V60/><F63/><W34/><G34/><T119/><D119/><U28/><E28/><V74/><F74/><W130/><G44/><T69/><D69/><U58/><E58/><V8/><F90/><W31/><G31/><T20/><D87/><U78/><E78/><V116/><F116/><W68/><G68/><T32/><D32/><U84/><E84/><V86/><F86/><W81/><G81/><T122/><D122/><U27/><E27/><V110/><F110/><W88/><G80/><T61/><D104/><RYUUKYOKU ba="0,0" sc="331,-10,171,30,285,-10,213,-10" hai1="13,22,129,131" owari="321,42.1,201,-29.9,275,7.5,203,-19.7" /></mjloggm>