<mjloggm ver="2.3"><GO type="225" lobby="0"/><UN n0="%E3%81%86%E3%81%A9%E3%82%93%E3%81%93" n1="%E3%81%BE%E3%81%A8%E3%81%9F" n2="%E5%8D%A0%E3%81%84%E5%B8%AB%E8%A3%8F%E3%81%AA%E3%81%84%E3%81%97" n3="%E6%97%A5%E6%9B%9C%E6%97%A5%E3%82%88%E3%82%8A%E3%81%AE%E4%BD%BF%E8%80%85" dan="16,17,17,16" rate="2112.55,2245.97,2131.45,2101.32" sx="M,M,M,M"/><TAIKYOKU oya="0"/><INIT seed="0,0,0,5,2,109" ten="250,250,250,250" oya="0" hai0="103,87,117,97,39,78,93,135,112,4,89,100,25" hai1="50,105,71,42,127,110,125,63,83,91,31,67,68" hai2="2,38,107,132,129,120,17,44,28,60,11,86,46" hai3="54,53,29,10,35,59,98,90,75,36,96,3,0"/><T58/><D117/><U16/><E105/><V122/><F129/><W95/><G75/><T57/><D39/><U26/><E110/><V119/><F107/><W92/><G36/><T1/><D135/><U23/><E71/><V20/><F132/><W79/><G79/><T123/><D123/><U77/><E91/><V88/><F119/><W32/><G29/><T99/><D78/><U27/><E50/><V73/><F73/><W74/><G74/><T48/><D1/><U85/><REACH who="1" step="1"/><E42/><REACH who="1" ten="250,240,250,250" step="2"/><V131/><F38/><W121/><G121/><T30/><D48/><U8/><E8/><V94/><F122/><W52/><G59/><T69/><D69/><U62/><E62/><V64/><F120/><W41/><G41/><T19/><D58/><U106/><E106/><V66/><F60/><W65/><G10/><T61/><D57/><U76/><E76/><V49/><F49/><W118/><G118/><T55/><D61/><U9/><E9/><V115/><F46/><W133/><G133/><T82/><D89/><U45/><E45/><V7/><F44/><W13/><G90/><T5/><D5/><U102/><E102/><V128/><F128/><W15/><REACH who="3" step="1"/><G53/><REACH who="3" ten="250,240,250,240" step="2"/><T111/><D55/><U101/><E101/><V6/><F11/><W84/><G84/><T21/><D87/><U116/><E116/><V80/><F86/><W56/><G56/><T37/><D103/><U22/><AGARI ba="0,2" hai="16,22,23,26,27,31,63,67,68,77,83,85,125,127" machi="22" ten="30,7900,0" yaku="1,1,0,1,54,1,53,1" doraHai="109" doraHaiUra="12" who="1" fromWho="1" sc="250,-39,240,99,250,-20,240,-20" /><INIT seed="1,0,0,2,2,43" ten="211,339,230,220" oya="1" hai0="64,106,130,135,55,74,120,71,41,111,53,10,87" hai1="126,79,57,94,18,8,2,119,58,59,11,107,30" hai2="72,62,100,127,65,31,22,7,99,39,82,121,68" hai3="85,42,9,36,6,44,97,3,125,123,1,129,49"/><U118/><E107/><V14/><F121/><W113/><G123/><T128/><D74/><U84/><E126/><V77/><F127/><W61/><G125/><T47/><D120/><U0/><E30/><V16/><F39/><W133/><G113/><T76/><D106/><U20/><E8/><V81/><F7/><W88/><G129/><N who="0" m="49771" /><D111/><U52/><E2/><V19/><F81/><W108/><G108/><T5/><D135/><U40/><E40/><V104/><F19/><W115/><G115/><T86/><D64/><U37/><E37/><V45/><REACH who="2" step="1"/><F31/><REACH who="2" ten="211,339,220,220" step="2"/><W63/><G133/><T131/><D131/><U24/><E18/><V95/><F95/><W98/><G36/><T109/><D109/><U75/><E94/><V101/><F101/><W69/><G1/><T15/><D71/><U122/><E0/><V117/><F117/><W35/><G69/><T33/><D5/><U4/><E122/><V26/><F26/><W112/><G112/><T114/><D114/><U56/><E4/><V29/><F29/><W46/><G3/><T80/><D80/><U51/><E24/><V92/><F92/><W70/><G70/><T124/><D124/><U89/><E119/><V48/><F48/><W132/><G132/><T25/><D25/><U27/><E51/><V66/><F66/><W13/><G6/><T83/><D83/><U32/><E27/><V91/><F91/><W21/><G88/><T17/><D17/><U60/><E89/><V105/><F105/><W78/><G49/><T23/><D76/><U93/><E118/><V12/><F12/><W28/><G78/><RYUUKYOKU ba="0,1" sc="211,-10,339,-10,220,30,220,-10" hai2="14,16,22,45,62,65,68,72,77,82,99,100,104" /><INIT seed="2,1,1,2,1,87" ten="201,329,250,210" oya="2" hai0="80,7,1,99,88,126,61,51,96,75,15,4,20" hai1="65,97,3,56,81,122,55,74,29,9,103,130,66" hai2="73,36,67,62,57,77,121,120,23,70,16,24,6" hai3="132,129,76,32,34,38,27,48,86,49,123,71,101"/><V93/><F36/><W40/><G123/><T108/><D108/><U119/><E29/><V109/><F109/><W94/><G71/><T54/><D1/><U17/><E119/><V135/><F135/><W14/><G38/><T11/><D126/><U41/><E41/><V43/><F43/><W58/><G34/><T60/><D75/><U78/><E130/><V98/><F6/><W22/><G32/><T79/><D7/><U127/><E127/><V82/><REACH who="2" step="1"/><F70/><REACH who="2" ten="201,329,240,210" step="2"/><W12/><G132/><T53/><D79/><U33/><E122/><V72/><F72/><W100/><G40/><T84/><D20/><U19/><E33/><V13/><F13/><W118/><G12/><T131/><D131/><U112/><E3/><V102/><AGARI ba="1,2" hai="16,23,24,57,62,67,73,77,82,93,98,102,120,121" machi="102" ten="20,7800,0" yaku="1,1,0,1,7,1,54,1,53,0" doraHai="87" doraHaiUra="47" who="2" fromWho="2" sc="201,-27,329,-27,240,101,210,-27" /><INIT seed="2,2,0,2,4,93" ten="174,302,341,183" oya="2" hai0="1,113,49,65,57,74,48,6,26,76,60,46,105" hai1="125,112,103,41,28,71,96,5,67,83,51,36,64" hai2="119,54,122,123,17,13,43,124,121,58,24,22,135" hai3="70,95,102,19,30,77,21,78,4,16,42,29,131"/><V127/><F119/><W99/><G70/><T109/><D113/><U40/><E112/><V15/><F43/><W85/><G131/><T82/><D109/><U61/><E125/><N who="2" m="48203" /><F135/><W59/><G4/><T88/><D105/><U107/><E36/><V92/><F92/><W72/><G72/><T134/><D134/><U81/><E67/><V115/><F115/><W7/><G7/><T104/><D104/><U33/><E5/><V11/><F54/><W44/><G59/><T32/><D46/><N who="1" m="26055" /><E41/><V31/><F58/><W20/><G30/><T62/><D62/><U129/><E129/><V94/><F94/><W91/><G29/><T89/><D26/><AGARI ba="2,0" hai="26,28,33,61,64,71,81,83,96,103,107" m="26055" machi="26" ten="30,2000,0" yaku="25,1,52,1" doraHai="93" who="1" fromWho="0" sc="174,-26,302,26,341,0,183,0" /><INIT seed="3,0,0,4,1,52" ten="148,328,341,183" oya="3" hai0="5,20,68,6,126,53,119,66,98,79,102,69,2" hai1="21,130,97,51,93,135,113,128,23,50,11,120,14" hai2="75,13,55,26,46,112,94,30,108,73,131,121,10" hai3="9,103,78,105,125,36,101,106,118,71,124,117,63"/><W24/><G36/><T107/><D119/><U72/><E72/><V44/><F112/><W70/><G9/><T31/><D126/><N who="3" m="48745" /><G24/><T35/><D79/><U28/><E120/><V82/><F108/><W49/><G49/><N who="1" m="18442" /><E28/><V42/><F55/><W67/><G78/><T38/><D38/><U25/><E25/><V3/><F3/><W34/><G34/><T116/><D116/><N who="3" m="44649" /><G71/><T15/><D53/><U40/><E40/><V7/><F42/><W96/><G103/><T8/><D5/><N who="1" m="3439" /><E113/><V45/><F26/><W77/><G77/><T48/><D48/><U33/><E33/><V90/><F30/><W127/><G127/><T95/><D66/><U99/><E23/><V47/><F10/><W88/><G106/><T104/><D104/><U16/><E93/><V92/><F92/><N who="3" m="56327" /><G105/><T134/><D134/><U111/><E135/><V1/><F46/><W81/><G101/><T86/><D107/><U122/><E122/><V83/><F45/><W4/><G4/><T41/><D41/><U37/><E37/><V91/><F7/><W12/><G12/><T100/><D100/><U62/><E62/><V76/><F13/><W109/><G109/><T132/><D132/><U85/><E111/><V110/><F110/><W18/><G18/><N who="0" m="10335" /><D86/><U133/><E85/><V22/><F121/><W65/><G67/><T19/><D19/><U115/><E133/><V84/><F84/><W0/><G0/><T64/><D64/><U58/><E115/><V29/><F1/><W43/><G43/><T17/><D17/><U80/><E16/><V61/><F76/><W32/><G32/><RYUUKYOKU ba="0,0" sc="148,15,328,-15,341,-15,183,15" hai0="2,6,8,31,35,68,69,95,98,102" hai3="63,65,70,81" /><INIT seed="3,1,0,4,5,10" ten="163,313,326,198" oya="3" hai0="2,127,15,128,4,41,113,54,90,87,125,7,130" hai1="68,82,32,1,126,18,66,21,79,42,73,107,78" hai2="34,23,45,110,96,122,133,49,26,99,93,95,75" hai3="77,3,117,120,58,67,20,8,111,5,57,46,119"/><W25/><G120/><T33/><D41/><U51/><E107/><V40/><F110/><W70/><G77/><T129/><D33/><U92/><E32/><V84/><F75/><W11/><G70/><T114/><D54/><U88/><E1/><V91/><F133/><W74/><G74/><T47/><D47/><U9/><E9/><V123/><F34/><W72/><G72/><T131/><N who="0" m="32768" /><DORA hai="27" /><T65/><D65/><U89/><E79/><V60/><F60/><W69/><G69/><T24/><D24/><U132/><E132/><V22/><F22/><W35/><G35/><T108/><D2/><U106/><E106/><V118/><F118/><W98/><G111/><T6/><D15/><U64/><E89/><V55/><F122/><W100/><G46/><T48/><D48/><U62/><E66/><V104/><F104/><W53/><G67/><T28/><D28/><U59/><E126/><N who="0" m="48137" /><D108/><U30/><E30/><N who="2" m="17759" /><F123/><W112/><G119/><T44/><D44/><U16/><E42/><V56/><F40/><W116/><G116/><T0/><D0/><U12/><E18/><V83/><F45/><W109/><G117/><T37/><D37/><U134/><E68/><V105/><F49/><N who="3" m="30895" /><G109/><T19/><D19/><U14/><E51/><V103/><F56/><W36/><G36/><T38/><D38/><U86/><E134/><V43/><F43/><W71/><G71/><T17/><D17/><U31/><E31/><V121/><F121/><W76/><G58/><T80/><AGARI ba="1,0" hai="4,6,7,80,87,90,113,114" m="48137,32768" machi="80" ten="70,4700,0" yaku="19,1,18,1" doraHai="10,27" who="0" fromWho="0" sc="163,50,313,-13,326,-13,198,-24" owari="213,-18.7,300,10.0,313,41.3,174,-32.6" /></mjloggm>