<mjloggm ver="2.3"><GO type="225" lobby="0"/><UN n0="%6E%69%63%6F%6E%74%6F" n1="%41%54%53%4D" n2="%E6%A1%9C%E8%8A%B1%E9%96%83%E3%80%85" n3="%E7%82%8E%E3%81%AE%E3%83%88%E3%83%AC%E3%83%BC%E3%83%80%E3%83%BC" dan="17,16,17,16" rate="2145.25,2105.80,2261.45,2154.03" sx="M,M,M,M"/><TAIKYOKU oya="0"/><INIT seed="0,0,0,0,3,22" ten="250,250,250,250" oya="0" hai0="83,71,122,23,48,51,91,57,116,111,31,107,77" hai1="61,53,78,8,6,135,123,1,96,10,49,68,97" hai2="95,132,50,37,101,93,85,26,121,112,38,86,19" hai3="80,17,7,2,25,73,44,45,47,118,119,13,70"/><T94/><D116/><U46/><E123/><V128/><F121/><W29/><G70/><T105/><D122/><U82/><E135/><V87/><F112/><W0/><G73/><T43/><D111/><U65/><REACH who="1" step="1"/><E10/><REACH who="1" ten="250,240,250,250" step="2"/><V106/><F132/><W113/><G119/><T62/><D71/><U120/><E120/><V66/><F128/><W33/><G118/><T60/><D107/><U42/><E42/><V40/><F106/><W41/><G113/><T100/><D105/><U117/><E117/><V55/><F40/><W34/><G41/><T18/><D43/><U67/><E67/><V131/><F66/><W90/><G34/><T28/><D100/><U54/><E54/><V114/><F131/><W9/><REACH who="3" step="1"/><G7/><REACH who="3" ten="250,240,250,240" step="2"/><T36/><D36/><U110/><E110/><V72/><F114/><W75/><G75/><AGARI ba="0,2" hai="1,6,8,46,49,53,61,65,68,75,78,82,96,97" machi="75" ten="30,2000,0" yaku="1,1,7,1,53,0" doraHai="22" doraHaiUra="14" who="1" fromWho="3" sc="250,0,240,40,250,0,240,-20" /><INIT seed="1,0,0,3,3,117" ten="250,280,250,220" oya="1" hai0="93,129,23,70,51,74,124,96,87,2,123,98,78" hai1="121,111,79,125,122,8,57,24,68,116,28,32,0" hai2="35,127,44,52,39,58,21,63,59,9,86,102,42" hai3="30,17,61,12,85,109,6,37,95,60,128,65,31"/><U72/><E68/><V45/><F35/><W22/><G37/><T47/><D70/><U4/><E116/><V135/><F135/><W49/><G128/><T29/><D2/><U46/><E57/><V71/><F102/><W119/><G109/><T18/><D129/><U5/><E111/><V100/><F100/><W43/><G119/><T15/><D124/><U40/><E5/><V69/><F21/><W77/><G6/><T103/><D74/><U90/><E90/><V106/><F86/><W55/><G43/><T76/><D123/><U126/><E79/><V131/><F9/><W112/><G112/><T38/><D38/><N who="1" m="21783" /><E72/><V25/><F25/><W130/><G130/><T62/><D62/><U113/><E113/><V94/><F94/><W20/><G65/><T67/><D67/><U132/><E132/><V73/><F73/><W3/><G3/><T33/><D98/><U34/><E32/><V82/><F82/><W19/><G30/><T54/><REACH who="0" step="1"/><D87/><REACH who="0" ten="240,280,250,220" step="2"/><U107/><E107/><V92/><F106/><W101/><G101/><T97/><D97/><U81/><E81/><V91/><F131/><W89/><G77/><T133/><D133/><U66/><E66/><V41/><F127/><AGARI ba="0,1" hai="0,4,8,24,28,34,121,122,125,126,127" m="21783" machi="127" ten="30,11600,0" yaku="18,1,23,1,52,2" doraHai="117" who="1" fromWho="2" sc="240,0,280,126,250,-116,220,0" /><INIT seed="1,1,0,5,1,49" ten="240,406,134,220" oya="1" hai0="54,126,51,15,7,111,104,10,47,127,0,87,58" hai1="28,92,129,46,61,86,18,4,128,99,30,103,23" hai2="84,124,108,41,40,77,69,33,135,52,26,35,64" hai3="44,20,29,88,90,17,55,119,132,6,115,9,91"/><U16/><E4/><V45/><F108/><W117/><G115/><T98/><D111/><U63/><E46/><V80/><F124/><N who="0" m="47658" /><D87/><U3/><E3/><V68/><F135/><W50/><G29/><N who="1" m="11370" /><E86/><V95/><F26/><W27/><REACH who="3" step="1"/><G132/><REACH who="3" ten="240,406,134,210" step="2"/><T107/><D98/><U8/><E129/><V43/><F33/><W102/><G102/><T5/><D5/><U121/><E128/><V71/><F35/><W89/><N who="3" m="22528" /><DORA hai="134" /><W131/><G131/><T83/><D83/><U37/><E121/><V12/><F95/><W85/><G85/><T66/><D0/><AGARI ba="1,1" hai="0,6,9,17,20,27,44,50,55,117,119" m="22528" machi="0" ten="50,8000,1" yaku="1,1,52,1,54,1,53,1" doraHai="49,134" doraHaiUra="1,75" who="3" fromWho="0" sc="240,-83,406,0,134,0,210,93" /><INIT seed="2,0,0,4,1,60" ten="157,406,134,303" oya="2" hai0="64,67,34,82,8,29,129,105,51,10,75,131,48" hai1="27,99,44,11,87,18,20,135,94,66,24,3,130" hai2="78,122,25,6,56,93,63,102,39,19,120,114,95" hai3="123,83,46,103,76,26,112,2,9,4,108,127,118"/><V43/><F114/><W14/><G118/><T104/><D34/><U57/><E130/><N who="0" m="49673" /><D29/><U1/><E135/><V53/><F6/><W62/><G123/><T116/><D116/><U7/><E87/><V52/><F78/><W47/><G112/><T50/><D82/><U73/><E73/><V70/><F53/><W134/><G134/><T13/><D75/><U17/><E44/><N who="2" m="23679" /><F19/><W5/><G26/><T58/><D58/><U90/><E1/><V74/><F25/><W61/><G103/><T45/><D45/><U115/><E115/><V38/><F74/><W117/><G117/><T101/><D101/><U71/><E71/><V49/><F38/><W109/><G2/><T42/><D42/><U107/><E107/><N who="0" m="41033" /><D10/><U37/><E37/><V119/><F119/><W40/><G40/><T16/><AGARI ba="0,0" hai="8,13,16,48,50,51,64,67" m="41033,49673" machi="16" ten="40,8000,1" yaku="19,1,52,2,54,1" doraHai="60" who="0" fromWho="0" sc="157,80,406,-20,134,-40,303,-20" /><INIT seed="3,0,0,0,4,51" ten="237,386,94,283" oya="3" hai0="127,95,119,46,92,59,133,3,36,41,14,83,6" hai1="56,124,21,54,39,32,96,80,55,26,108,0,1" hai2="5,48,123,75,87,82,134,88,69,16,114,77,62" hai3="68,110,66,103,86,131,28,31,53,34,78,29,49"/><W121/><G121/><T43/><D119/><U90/><E32/><V38/><F114/><W129/><G103/><T117/><D117/><U104/><E39/><V135/><F38/><W107/><G107/><T24/><D133/><U2/><E108/><V130/><F5/><W65/><G68/><T15/><D127/><U58/><E124/><V122/><F69/><W20/><G34/><T44/><D24/><U126/><E126/><V85/><F62/><W4/><G4/><T11/><D15/><U17/><E80/><V63/><F63/><W57/><G110/><T91/><D3/><U109/><E109/><V76/><F48/><W115/><G115/><T112/><D112/><U84/><E84/><V60/><F60/><W7/><G7/><T128/><D128/><N who="3" m="49225" /><G20/><T97/><D59/><U47/><E47/><V19/><F130/><W9/><G9/><T71/><D71/><U101/><E90/><V23/><F23/><W8/><G8/><T100/><D83/><AGARI ba="0,0" hai="28,29,31,49,53,57,65,66,78,83,86" m="49225" machi="83" ten="30,2900,0" yaku="19,1,52,1" doraHai="51" who="3" fromWho="0" sc="237,-29,386,0,94,0,283,29" /><INIT seed="3,1,0,5,3,105" ten="208,386,94,312" oya="3" hai0="114,129,88,135,108,35,111,30,7,67,65,43,91" hai1="2,18,63,107,20,6,134,29,110,57,93,41,40" hai2="50,82,89,42,123,113,14,58,47,5,55,97,104" hai3="95,10,54,23,15,121,61,48,80,102,100,127,118"/><W78/><G121/><T90/><D30/><U26/><E107/><V1/><F113/><W59/><G127/><T60/><D35/><U119/><E110/><N who="0" m="42025" /><D7/><U81/><E134/><V75/><F123/><W37/><G37/><T112/><D43/><U4/><E119/><V45/><F104/><W77/><G118/><T13/><D13/><U51/><E2/><V56/><F14/><W44/><G23/><T66/><D60/><U76/><E93/><V68/><F97/><W62/><G62/><T21/><D21/><U12/><E4/><V0/><F89/><W70/><G70/><T132/><D129/><U38/><E6/><V27/><F27/><W109/><G109/><T87/><D87/><N who="1" m="48551" /><E51/><V19/><F19/><W99/><G10/><T126/><D126/><U34/><E38/><V25/><F25/><W49/><G15/><T101/><D101/><U96/><E96/><V72/><F68/><W32/><G32/><T117/><D117/><U28/><E34/><V116/><F116/><W22/><G102/><T74/><D74/><U98/><E98/><V128/><F128/><W85/><G22/><T125/><D125/><U106/><E106/><V36/><F0/><W84/><G84/><T94/><D94/><U92/><E92/><V79/><REACH who="2" step="1"/><F75/><REACH who="2" ten="208,386,84,312" step="2"/><W53/><G53/><T33/><D33/><U130/><E130/><V71/><F71/><W16/><G16/><T17/><D17/><U24/><E29/><V11/><AGARI ba="1,1" hai="1,5,11,36,42,45,47,50,55,56,58,72,79,82" machi="11" ten="30,12000,2" yaku="1,1,0,1,25,2,52,1,53,1" doraHai="105" doraHaiUra="39" who="2" fromWho="2" sc="208,-31,386,-31,84,133,312,-61" owari="177,-32.3,355,45.5,217,-18.3,251,5.1" /></mjloggm>