<mjloggm ver="2.3"><GO type="225" lobby="0"/><UN n0="%E3%81%99%E3%81%84%E3%81%BE%E3%81%9B%E3%83%BC%E3%82%93" n1="%E3%82%A2%E3%83%9E%E3%83%9D%EF%BD%9E%EF%BD%9E%E3%83%A9" n2="%E3%83%B4%E3%82%A3%E3%83%AF%E3%82%B3%E3%82%B0%E3%83%8B" n3="%E3%81%9F%E3%81%93%E2%98%86%E7%84%BC%E3%81%8D" dan="16,17,16,16" rate="2095.56,2202.88,2172.01,2107.97" sx="M,M,M,M"/><TAIKYOKU oya="0"/><INIT seed="0,0,0,5,1,82" ten="250,250,250,250" oya="0" hai0="3,81,127,95,7,104,71,86,83,13,39,50,97" hai1="40,75,8,31,118,113,120,133,49,91,46,43,121" hai2="38,9,44,23,112,74,45,22,29,109,76,15,128" hai3="134,48,42,18,68,14,89,67,111,73,94,88,92"/><T90/><D3/><U108/><E108/><V35/><F112/><W20/><G73/><T0/><D0/><U129/><E133/><V5/><F128/><W80/><G111/><T124/><D39/><U25/><E129/><V58/><F109/><W37/><G37/><T61/><D50/><U132/><E132/><V78/><F74/><W101/><G68/><T87/><D7/><U30/><E118/><V1/><F38/><W11/><G67/><N who="0" m="41455" /><D13/><U17/><E113/><V126/><F126/><N who="0" m="48170" /><D104/><U56/><E75/><V77/><F1/><W117/><G101/><T114/><D114/><U105/><E105/><V119/><F119/><W34/><G34/><T65/><D65/><U66/><E66/><V79/><N who="2" m="19456" /><DORA hai="72" /><V98/><F98/><W6/><G80/><AGARI ba="0,0" hai="80,81,83,86,87,90,95,97" m="48170,41455" machi="80" ten="30,5800,0" yaku="18,1,52,2" doraHai="82,72" who="0" fromWho="3" sc="250,58,250,0,250,0,250,-58" /><INIT seed="0,1,0,3,1,54" ten="308,250,250,192" oya="0" hai0="10,27,66,113,25,43,77,98,61,17,18,38,120" hai1="58,135,72,71,84,116,2,129,67,80,123,100,106" hai2="79,90,134,65,108,32,92,7,40,45,97,111,4" hai3="52,130,127,121,74,44,56,12,46,70,81,82,0"/><T28/><D113/><U122/><E58/><V11/><F32/><W73/><G70/><T3/><D120/><U21/><E21/><V19/><F134/><W37/><G0/><T14/><D77/><N who="1" m="44071" /><E135/><V30/><F79/><W109/><G109/><N who="2" m="42057" /><F65/><W23/><G130/><T110/><D110/><U57/><E57/><V15/><F30/><W41/><G127/><T104/><D3/><U85/><E85/><V88/><F90/><W76/><G44/><T53/><D53/><U117/><E84/><V20/><F20/><W8/><G23/><T99/><D18/><U94/><E94/><V102/><F102/><W118/><G118/><N who="1" m="45674" /><E2/><V39/><AGARI ba="1,0" hai="4,7,11,15,19,39,40,45,88,92,97" m="42057" machi="39" ten="30,2000,0" yaku="14,1,54,1" doraHai="54" who="2" fromWho="2" sc="308,-11,250,-6,250,23,192,-6" /><INIT seed="1,0,0,2,4,93" ten="297,244,273,186" oya="1" hai0="97,96,44,32,131,126,115,1,25,43,47,78,17" hai1="73,113,72,83,111,132,31,63,4,40,108,18,98" hai2="112,92,69,106,102,34,22,125,15,2,87,35,52" hai3="80,48,129,10,19,49,45,60,94,8,135,42,5"/><U101/><E113/><V105/><F2/><W50/><G129/><T90/><D115/><U38/><E132/><V65/><F69/><W28/><G80/><T3/><D78/><U70/><E31/><V124/><F65/><W120/><G120/><T128/><D126/><N who="2" m="48746" /><F112/><W114/><G28/><N who="0" m="19471" /><D17/><U107/><E18/><N who="2" m="10591" /><F52/><W55/><G19/><T62/><D62/><U77/><E73/><V27/><F27/><W20/><G20/><T117/><D117/><U67/><E4/><V103/><F92/><W104/><G104/><N who="2" m="40041" /><F87/><W100/><G135/><T121/><D121/><U119/><E119/><V12/><F12/><W75/><G75/><T84/><D1/><U109/><E40/><V33/><AGARI ba="0,0" hai="33,34,35,102,103" m="40041,10591,48746" machi="33" ten="40,1500,0" yaku="18,1" doraHai="93" who="2" fromWho="2" sc="297,-4,244,-7,273,15,186,-4" /><INIT seed="2,0,0,3,1,22" ten="293,237,288,182" oya="2" hai0="96,61,9,60,122,95,51,62,21,52,13,35,112" hai1="110,66,55,49,120,101,14,18,64,114,53,94,83" hai2="43,8,38,6,36,33,105,27,113,23,5,45,98" hai3="77,89,34,65,116,44,117,99,67,26,108,78,70"/><V10/><F113/><W3/><G3/><T87/><D122/><U85/><E110/><V63/><F33/><W2/><G2/><T15/><D35/><U106/><E106/><V102/><F36/><W40/><G108/><T128/><D128/><U30/><E30/><V24/><F63/><W41/><G70/><T75/><D75/><U72/><E72/><V91/><F91/><W129/><G129/><T100/><D112/><U133/><E133/><V17/><REACH who="2" step="1"/><F27/><REACH who="2" ten="293,237,278,182" step="2"/><W115/><G89/><T28/><D62/><U104/><E114/><V126/><F126/><W84/><G34/><T54/><D61/><U69/><E120/><V81/><F81/><W79/><G26/><T90/><D60/><U88/><E83/><V20/><F20/><W7/><G115/><T125/><D21/><U135/><E135/><V56/><F56/><W25/><G25/><T123/><D125/><U82/><E82/><V47/><F47/><W109/><G44/><T119/><D90/><U31/><E88/><V4/><AGARI ba="0,1" hai="4,5,6,8,10,17,23,24,38,43,45,98,102,105" machi="4" ten="30,6000,0" yaku="1,1,0,1,52,1,53,0" doraHai="22" doraHaiUra="57" who="2" fromWho="2" sc="293,-20,237,-20,278,70,182,-20" /><INIT seed="2,1,0,3,5,75" ten="273,217,348,162" oya="2" hai0="78,53,23,31,40,20,14,32,116,49,129,5,85" hai1="83,121,46,16,37,107,108,102,77,88,62,52,51" hai2="120,2,90,36,34,96,111,117,39,22,81,26,9" hai3="12,76,115,44,6,93,70,87,118,113,0,55,73"/><V91/><F117/><W3/><G70/><T84/><D129/><U74/><E108/><V89/><F120/><W35/><G35/><T105/><D105/><U80/><E121/><V65/><F34/><W18/><G73/><T45/><D32/><U98/><E37/><V61/><F111/><W54/><G118/><T124/><D124/><U50/><E62/><V114/><F114/><W130/><G130/><T103/><D103/><U135/><E135/><V109/><F81/><N who="3" m="47527" /><G6/><T56/><D116/><U134/><E134/><V48/><F48/><W86/><G93/><T106/><D106/><U21/><E51/><V4/><F96/><W128/><G86/><T1/><D1/><U69/><E69/><V33/><F33/><W92/><G92/><T127/><D127/><U125/><E125/><V27/><F27/><W64/><G64/><T67/><D67/><U38/><E38/><V19/><REACH who="2" step="1"/><F109/><REACH who="2" ten="273,217,338,162" step="2"/><W30/><G128/><T72/><D49/><U58/><E83/><V112/><F112/><N who="3" m="43083" /><G44/><T42/><D45/><U29/><E46/><V79/><F79/><W63/><G63/><T97/><D78/><U126/><E126/><V59/><AGARI ba="1,1" hai="2,4,9,19,22,26,36,39,59,61,65,89,90,91" machi="59" ten="30,3000,0" yaku="1,1,0,1,53,0" doraHai="75" doraHaiUra="104" who="2" fromWho="2" sc="273,-11,217,-11,338,43,162,-11" /><INIT seed="2,2,0,3,1,80" ten="262,206,381,151" oya="2" hai0="120,130,58,110,49,102,115,106,78,1,29,13,8" hai1="2,56,83,88,53,40,93,135,41,81,77,129,111" hai2="38,48,62,75,84,79,34,67,98,16,0,97,82" hai3="37,47,36,112,57,23,12,95,24,86,59,44,109"/><V123/><F38/><W63/><G109/><T117/><D120/><U119/><E119/><V121/><F34/><W69/><G112/><T30/><D1/><U74/><E111/><V128/><F0/><W101/><G69/><T85/><D115/><U90/><E2/><V91/><F128/><W15/><G36/><T42/><D110/><U3/><E3/><V96/><F48/><W33/><G33/><T46/><D130/><U133/><E129/><V31/><F31/><W25/><G25/><T35/><D35/><U10/><E10/><V51/><F51/><W11/><G101/><T61/><D117/><U54/><E93/><V89/><F16/><N who="3" m="12391" /><G59/><T108/><D108/><U131/><E56/><V19/><F19/><N who="3" m="8607" /><G15/><T43/><D102/><U113/><E131/><V76/><F123/><W50/><G50/><T73/><D73/><U87/><E113/><V100/><F75/><W126/><G126/><T72/><D72/><U52/><E90/><V64/><F91/><N who="3" m="53751" /><G37/><T118/><D118/><U5/><E5/><V6/><F100/><W134/><G134/><AGARI ba="2,0" hai="40,41,52,53,54,74,77,81,83,87,88,133,134,135" machi="134" ten="40,8000,1" yaku="20,1,52,1,54,2" doraHai="80" who="1" fromWho="3" sc="262,0,206,86,381,0,151,-86" /><INIT seed="3,0,0,1,5,102" ten="262,292,381,65" oya="3" hai0="62,124,45,89,125,113,23,47,53,74,3,131,91" hai1="4,94,108,12,54,135,31,105,86,110,7,132,57" hai2="43,34,5,96,127,122,73,10,36,15,42,20,92" hai3="115,1,71,27,21,80,26,14,48,59,100,39,41"/><W101/><G71/><T78/><D3/><U117/><E105/><V109/><F34/><W97/><G1/><T128/><D113/><U24/><E117/><V49/><F36/><W33/><G39/><T130/><D74/><U61/><E86/><V69/><F69/><W83/><G115/><T40/><D78/><U8/><E94/><V16/><F73/><W79/><G33/><T50/><D23/><N who="1" m="15775" /><E4/><V32/><F32/><W60/><G14/><T118/><D118/><U81/><E81/><N who="3" m="31306" /><G79/><T13/><D13/><U90/><E90/><N who="0" m="34313" /><D62/><U126/><E126/><N who="0" m="48745" /><D45/><U95/><E95/><V9/><F127/><W116/><G116/><T123/><D123/><U37/><E37/><V66/><F122/><W18/><G26/><T119/><D119/><U75/><E75/><V133/><F133/><AGARI ba="0,0" hai="7,8,12,54,57,61,108,110,132,133,135" m="15775" machi="133" ten="30,1000,0" yaku="20,1" doraHai="102" who="1" fromWho="2" sc="262,0,292,10,381,-10,65,0" owari="262,-13.8,302,10.2,371,47.1,65,-43.5" /></mjloggm>