<mjloggm ver="2.3"><GO type="225" lobby="0"/><UN n0="%72%69%6F%75%63%68%61%6E" n1="%6D%75%75%6D%75%72%61" n2="%E5%8F%AF%E5%85%90%E9%82%A3%E7%94%B1%E5%A4%9A" n3="%E6%B8%A9%E2%98%85%E6%83%85%E2%98%85%E6%8E%AA%E2%98%85%E7%BD%AE" dan="17,17,16,16" rate="2253.66,2164.21,2193.99,2174.61" sx="M,F,F,M"/><TAIKYOKU oya="0"/><INIT seed="0,0,0,3,4,64" ten="250,250,250,250" oya="0" hai0="82,120,128,29,10,35,47,74,133,68,130,118,112" hai1="60,70,122,46,51,87,93,95,129,124,135,52,6" hai2="32,40,53,43,111,20,1,66,89,24,62,109,54" hai3="110,48,101,99,131,37,59,22,88,80,134,121,65"/><T14/><D112/><U56/><E122/><V90/><F1/><W45/><G121/><T49/><D133/><U98/><E135/><V57/><F32/><W104/><G134/><T83/><D118/><U42/><E124/><V5/><F5/><W113/><G113/><T13/><D120/><U96/><E129/><N who="0" m="49769" /><D68/><U86/><E6/><V8/><F8/><W119/><G131/><T115/><D115/><U18/><E18/><V94/><F111/><W7/><G119/><T61/><D61/><U72/><E72/><V69/><F109/><W97/><G110/><T77/><D83/><U67/><E95/><V106/><F106/><W2/><G80/><T17/><D14/><U85/><REACH who="1" step="1"/><E93/><REACH who="1" ten="250,240,250,250" step="2"/><V28/><F90/><W132/><G88/><T23/><D74/><U33/><E33/><V12/><F12/><W126/><G132/><T27/><D35/><U84/><N who="1" m="21504" /><DORA hai="19" /><U78/><E78/><V108/><F108/><W3/><G3/><T4/><D82/><U11/><E11/><V34/><F34/><W114/><G2/><T44/><D77/><U73/><E73/><V9/><F9/><W50/><G114/><T107/><D107/><U0/><E0/><V16/><F16/><W103/><G104/><T117/><D117/><U39/><AGARI ba="0,1" hai="39,42,46,51,52,56,60,67,70,96,98" m="21504" machi="39" ten="40,16000,3" yaku="1,1,0,1,24,2,52,1,54,1,53,2" doraHai="64,19" doraHaiUra="92,75" who="1" fromWho="1" sc="250,-80,240,170,250,-40,250,-40" /><INIT seed="1,0,0,0,2,99" ten="170,410,210,210" oya="1" hai0="75,32,78,54,126,106,92,1,38,25,89,8,130" hai1="88,133,52,59,116,11,5,44,83,0,69,82,102" hai2="21,43,48,15,68,114,34,40,134,129,118,53,103" hai3="66,20,123,19,121,23,107,85,35,108,7,80,13"/><U39/><E116/><V104/><F34/><W14/><G108/><T60/><D126/><U120/><E120/><V51/><F118/><W105/><G35/><T58/><D130/><U18/><E69/><V56/><F129/><W55/><G66/><T72/><D106/><U61/><E133/><V122/><F122/><W29/><G105/><T111/><D111/><U76/><E102/><V84/><F68/><W45/><G107/><T109/><D109/><U70/><E70/><V6/><F134/><W22/><G29/><T135/><D38/><U127/><E127/><V124/><F124/><W67/><G67/><T42/><D42/><U2/><E2/><V12/><F114/><W119/><G119/><T64/><D135/><U73/><E18/><V28/><F104/><W86/><G86/><T27/><D64/><U95/><E82/><V63/><F103/><W112/><G112/><T94/><D94/><U128/><E128/><V37/><F37/><W131/><G131/><T93/><D93/><U49/><E39/><V91/><F40/><W81/><G81/><N who="0" m="45255" /><D32/><U79/><E83/><V33/><F33/><W113/><G113/><T101/><D101/><U3/><E0/><V96/><F43/><W90/><G123/><T71/><D75/><U50/><E73/><V31/><F96/><W17/><G121/><T57/><D71/><U97/><E49/><N who="2" m="19019" /><F6/><W115/><G115/><T46/><D46/><U24/><E24/><N who="0" m="9289" /><D57/><U110/><E110/><V10/><F28/><W65/><G7/><N who="0" m="1135" /><D92/><U125/><E3/><V16/><F31/><W41/><G45/><T36/><D36/><RYUUKYOKU ba="0,0" sc="170,30,410,-10,210,-10,210,-10" hai0="54,58,60,89" /><INIT seed="2,1,0,2,1,80" ten="200,400,200,200" oya="2" hai0="134,54,50,26,49,78,89,33,65,114,66,8,112" hai1="102,60,91,125,53,96,85,56,3,105,52,72,46" hai2="45,73,5,48,24,61,19,62,9,31,59,35,29" hai3="130,111,69,117,99,44,86,17,127,1,116,75,94"/><V101/><F73/><W27/><G75/><T122/><D122/><U74/><E125/><V95/><F29/><W41/><G1/><T97/><D134/><U13/><E3/><V7/><F19/><W64/><G127/><T6/><D78/><U115/><E115/><V109/><F109/><W15/><G111/><T20/><D33/><U93/><REACH who="1" step="1"/><E13/><REACH who="1" ten="200,390,200,200" step="2"/><V43/><F9/><W39/><G15/><T71/><D8/><U84/><E84/><V110/><F110/><W98/><G86/><T129/><D114/><U0/><E0/><V42/><F42/><W132/><G41/><T18/><D112/><U55/><E55/><V77/><F77/><W51/><G132/><T113/><D54/><U90/><E90/><V47/><F43/><W126/><G126/><T118/><D113/><U28/><E28/><V103/><F31/><W34/><G116/><T76/><D76/><U133/><E133/><V128/><F128/><W83/><G130/><T11/><D129/><U58/><E58/><V104/><F59/><W38/><G117/><T70/><D70/><U4/><E4/><V37/><F5/><W87/><G69/><T57/><D57/><U124/><E124/><V135/><F7/><W106/><G87/><T32/><D71/><U30/><E30/><V36/><F135/><W100/><G27/><T21/><D118/><U67/><E67/><N who="0" m="25609" /><D32/><U22/><E22/><V2/><F2/><W79/><G34/><T131/><D20/><U123/><E123/><V119/><F119/><W16/><G64/><T25/><D131/><U12/><E12/><V23/><F35/><RYUUKYOKU ba="1,1" sc="200,-10,390,30,200,-10,200,-10" hai1="46,52,53,56,60,72,74,85,91,93,96,102,105" /><INIT seed="3,2,1,0,5,110" ten="190,420,190,190" oya="3" hai0="39,73,20,86,46,68,59,124,100,32,17,125,69" hai1="44,61,78,135,81,37,131,118,102,71,43,56,91" hai2="49,62,21,18,6,96,4,41,38,52,79,106,93" hai3="130,105,76,36,24,55,111,66,85,97,13,134,27"/><W83/><G36/><T89/><D32/><U0/><E0/><V108/><F106/><W70/><G111/><T99/><D73/><U16/><E71/><V35/><F35/><W23/><G134/><T88/><D59/><U64/><E102/><N who="2" m="60687" /><F38/><W123/><G123/><T15/><D46/><U67/><E67/><V128/><F108/><W112/><G112/><T90/><D86/><U12/><E44/><N who="2" m="25743" /><F79/><W60/><G130/><T82/><D82/><U33/><E81/><V74/><F74/><W25/><G55/><T50/><D50/><U72/><E12/><N who="2" m="9415" /><F128/><W98/><REACH who="3" step="1"/><G105/><REACH who="3" ten="190,420,190,180" step="2"/><N who="0" m="63647" /><D39/><U48/><E131/><V133/><F133/><W57/><G57/><AGARI ba="2,2" hai="4,6,52,57,62" m="9415,25743,60687" machi="57" ten="30,2000,0" yaku="8,1,54,1" doraHai="110" who="2" fromWho="3" sc="190,0,420,0,190,46,180,-26" owari="190,-21.0,420,52.0,236,3.6,154,-34.6" /></mjloggm>