<mjloggm ver="2.3"><GO type="225" lobby="0"/><UN n0="%E3%81%AF%E3%82%88%E3%81%8A%E3%81%98%E3%81%95%E3%82%93" n1="%E3%81%86%E3%82%8B%E3%81%8A%E3%81%A1%E3%82%83" n2="%E3%81%82%E3%83%BC%E3%81%97" n3="%E3%81%BF%E3%81%BF%E3%81%9A" dan="16,16,16,17" rate="2093.63,2122.97,2105.36,2248.72" sx="M,F,M,M"/><TAIKYOKU oya="0"/><INIT seed="0,0,0,2,3,76" ten="250,250,250,250" oya="0" hai0="10,71,59,74,39,9,12,40,45,23,127,36,32" hai1="11,86,92,27,79,14,118,105,57,108,37,111,20" hai2="104,61,65,94,95,62,29,3,6,19,116,24,99" hai3="106,56,98,42,126,97,38,100,88,22,78,53,123"/><T75/><D32/><U72/><E105/><V68/><F116/><W43/><G123/><T81/><D71/><U46/><E118/><V47/><F19/><W4/><G126/><T48/><D127/><U18/><E72/><V15/><F62/><W33/><G33/><T107/><D107/><U109/><E57/><V5/><F15/><W63/><G38/><T50/><D23/><U124/><E124/><V73/><F73/><W60/><G78/><T84/><D75/><U83/><E92/><V135/><F47/><W132/><G132/><T16/><D9/><U112/><E112/><V114/><F135/><W96/><G4/><T0/><D0/><U67/><E67/><V120/><F120/><W77/><G77/><T125/><D74/><U119/><E119/><V44/><F44/><W64/><G22/><T82/><D125/><U87/><E87/><V80/><F114/><W91/><G106/><T54/><REACH who="0" step="1"/><D84/><REACH who="0" ten="240,250,250,250" step="2"/><U1/><E1/><V35/><F3/><W69/><REACH who="3" step="1"/><G100/><REACH who="3" ten="240,250,250,240" step="2"/><T70/><D70/><U89/><E20/><V25/><F104/><W31/><G31/><T66/><D66/><U121/><E121/><V130/><F68/><W133/><G133/><T7/><D7/><U41/><E79/><V52/><F5/><W113/><G113/><T8/><D8/><U110/><E110/><V102/><F6/><W93/><G93/><T90/><D90/><AGARI ba="0,2" hai="42,43,53,56,60,63,64,69,88,90,91,96,97,98" machi="90" ten="40,2600,0" yaku="1,1,54,1,53,0" doraHai="76" doraHaiUra="26" who="3" fromWho="0" sc="240,-26,250,0,250,0,240,46" /><INIT seed="1,0,0,4,2,96" ten="214,250,250,286" oya="1" hai0="117,111,48,36,76,26,70,55,107,131,105,11,39" hai1="68,23,8,21,62,90,19,88,66,54,52,67,28" hai2="97,116,89,87,121,118,7,15,93,65,0,108,37" hai3="47,1,79,134,86,82,18,73,74,30,103,92,84"/><U85/><E67/><V71/><F121/><W122/><G1/><T59/><D117/><U133/><E133/><V43/><F0/><W78/><G30/><T61/><D111/><U114/><E114/><V17/><F7/><W104/><G18/><T38/><D131/><U99/><E90/><V113/><F108/><W64/><G47/><T69/><D76/><N who="3" m="29225" /><G64/><T32/><D11/><U58/><E99/><V95/><F113/><W57/><G57/><T22/><D32/><U50/><E28/><V119/><F43/><W41/><G41/><T115/><D115/><U80/><REACH who="1" step="1"/><E54/><REACH who="1" ten="214,240,250,286" step="2"/><V132/><F132/><W135/><G122/><T45/><D70/><U56/><E56/><V6/><F65/><W91/><G135/><T124/><D69/><U72/><E72/><N who="3" m="27754" /><G134/><T3/><D124/><U83/><E83/><V29/><F29/><W127/><G127/><T25/><D59/><U4/><E4/><V40/><F71/><W63/><G63/><T60/><D61/><U10/><E10/><V16/><F6/><W130/><G130/><T128/><D60/><U46/><E46/><V12/><F40/><W77/><G104/><T42/><D128/><U20/><E20/><V100/><REACH who="2" step="1"/><F37/><REACH who="2" ten="214,240,240,286" step="2"/><W75/><G75/><T9/><D42/><U123/><E123/><V44/><F44/><W126/><G126/><T101/><D39/><U31/><E31/><V13/><AGARI ba="0,2" hai="12,13,15,16,17,87,89,93,95,97,100,116,118,119" machi="13" ten="40,8000,1" yaku="1,1,0,1,52,1,54,1,53,1" doraHai="96" doraHaiUra="81" who="2" fromWho="2" sc="214,-20,240,-40,240,100,286,-20" /><INIT seed="2,0,0,5,5,89" ten="194,200,340,266" oya="2" hai0="78,101,71,57,134,24,77,52,66,50,70,118,94" hai1="110,45,33,29,128,37,79,119,15,69,6,23,44" hai2="81,54,0,123,17,67,63,4,80,19,14,31,32" hai3="59,99,76,11,20,9,10,26,86,135,38,87,49"/><V100/><F123/><W122/><G122/><T120/><D120/><U127/><E119/><V61/><F100/><W13/><G38/><T53/><D118/><U28/><E69/><V95/><F0/><W129/><G129/><T5/><D134/><U42/><E110/><V41/><F41/><W114/><G135/><T18/><D71/><U108/><E108/><V97/><F31/><W113/><G13/><T126/><D126/><U43/><E127/><V64/><F32/><W75/><G75/><T90/><D70/><U92/><E128/><V115/><F54/><N who="3" m="32207" /><G76/><T8/><D101/><U74/><E33/><V83/><F4/><W98/><G86/><T12/><D66/><N who="2" m="25130" /><F115/><N who="3" m="44043" /><G87/><N who="0" m="52575" /><D53/><U102/><E74/><V60/><F14/><W103/><G103/><T25/><D25/><U107/><E79/><N who="0" m="30217" /><D24/><U65/><E107/><V30/><F30/><AGARI ba="0,0" hai="9,10,11,20,26,30,98,99" m="44043,32207" machi="30" ten="30,1000,0" yaku="11,1" doraHai="89" who="3" fromWho="2" sc="194,0,200,0,340,-10,266,10" /><INIT seed="3,0,0,3,2,121" ten="194,200,330,276" oya="3" hai0="130,54,95,17,96,55,21,61,128,75,90,69,82" hai1="77,13,102,127,78,11,3,83,15,126,57,92,85" hai2="12,131,8,9,68,51,109,135,100,39,108,106,38" hai3="43,1,42,122,97,114,29,52,36,104,59,31,71"/><W88/><G114/><T50/><D69/><U53/><E77/><V46/><F68/><W105/><G122/><T124/><D124/><N who="1" m="47659" /><E3/><V101/><F135/><W73/><G71/><T16/><D61/><N who="1" m="36015" /><E11/><N who="2" m="4171" /><F12/><W112/><G73/><T76/><D54/><U110/><E110/><N who="2" m="42603" /><F131/><N who="0" m="50218" /><D21/><U125/><N who="1" m="47667" /><U60/><DORA hai="19" /><E60/><V35/><F35/><W40/><G1/><T116/><D116/><U81/><E81/><V0/><F0/><W120/><G120/><T66/><D66/><U103/><E103/><N who="2" m="39499" /><F106/><W44/><G105/><T111/><D111/><U49/><E49/><V4/><F4/><W24/><G104/><T70/><D70/><U80/><E80/><V72/><F72/><W133/><G133/><T119/><D119/><U74/><E74/><V48/><F48/><W132/><G132/><T107/><D107/><U118/><E118/><V37/><F37/><W98/><G36/><T86/><D75/><U6/><E6/><V47/><F47/><AGARI ba="0,0" hai="16,17,47,50,55,76,82,86,90,95,96" m="50218" machi="47" ten="30,2000,0" yaku="19,1,54,1" doraHai="121,19" who="0" fromWho="2" sc="194,20,200,0,330,-20,276,0" owari="214,-18.6,200,-30.0,310,41.0,276,7.6" /></mjloggm>