<mjloggm ver="2.3"><GO type="225" lobby="0"/><UN n0="%72%69%6F%75%63%68%61%6E" n1="%E3%82%BC%E3%83%AB%E3%83%80%E3%81%AE%E4%BC%9D%E8%AA%AC" n2="%33%74%72%65%65" n3="%E3%82%B2%E3%82%B9%E8%8C%82%E5%8B%9D" dan="17,18,16,16" rate="2192.60,2215.73,2128.79,2122.21" sx="M,M,F,F"/><TAIKYOKU oya="0"/><INIT seed="0,0,0,1,1,20" ten="250,250,250,250" oya="0" hai0="39,98,6,92,21,95,119,36,31,17,77,58,42" hai1="68,70,16,85,66,83,0,114,60,79,102,93,112" hai2="52,82,84,130,28,11,48,37,124,19,90,99,43" hai3="33,71,118,30,64,32,49,115,8,100,27,3,110"/><T101/><D119/><U59/><E0/><V55/><F130/><W131/><G118/><T89/><D77/><U87/><E16/><V69/><F124/><W44/><G115/><N who="1" m="44074" /><E87/><V67/><F37/><W105/><G131/><T12/><D42/><U5/><E5/><V65/><F28/><W134/><G134/><T97/><D6/><U41/><E41/><V135/><F135/><W103/><G110/><T128/><D128/><U14/><E14/><N who="2" m="7647" /><F99/><AGARI ba="0,0" hai="59,60,66,68,70,79,83,85,93,99,102" m="44074" machi="99" ten="30,1000,0" yaku="11,1" doraHai="20" who="1" fromWho="2" sc="250,0,250,10,250,-10,250,0" /><INIT seed="1,0,0,3,3,2" ten="250,260,240,250" oya="1" hai0="4,67,121,135,49,57,21,63,11,48,125,20,110" hai1="1,74,112,56,12,15,86,43,66,119,124,61,13" hai2="81,30,99,122,92,22,91,102,133,129,76,118,132" hai3="46,117,0,101,55,35,90,25,52,17,85,128,84"/><U38/><E74/><N who="2" m="43159" /><F30/><W108/><G108/><T28/><D125/><U14/><E112/><V53/><F22/><N who="3" m="13519" /><G35/><T29/><D135/><N who="2" m="51786" /><F53/><W95/><G128/><T126/><D121/><U7/><E119/><V131/><F122/><W127/><G127/><T5/><D110/><U8/><E124/><V40/><F40/><W130/><G130/><N who="2" m="49673" /><F118/><W44/><G117/><T109/><D109/><U71/><E1/><V39/><F39/><W82/><G101/><AGARI ba="0,0" hai="91,92,99,101,102" m="49673,51786,43159" machi="101" ten="30,7700,0" yaku="20,1,19,1,34,2" doraHai="2" who="2" fromWho="3" sc="250,0,260,0,240,77,250,-77" /><INIT seed="2,0,0,4,2,43" ten="250,260,317,173" oya="2" hai0="132,67,69,83,93,38,56,33,1,85,31,60,97" hai1="3,133,25,95,29,19,54,70,59,16,94,7,2" hai2="116,13,46,45,52,50,9,92,113,39,84,125,118" hai3="117,75,5,32,62,81,102,23,121,123,65,76,119"/><V18/><F113/><W41/><G32/><T44/><D132/><U104/><E70/><V106/><F106/><W74/><G74/><T17/><D1/><U86/><E104/><V34/><F34/><W55/><G55/><T100/><D17/><U6/><E133/><V124/><F92/><N who="1" m="35369" /><E2/><V112/><F84/><W128/><G128/><T68/><D38/><U63/><E3/><V114/><F112/><W73/><G73/><T105/><D44/><U98/><E98/><V53/><F114/><W48/><G102/><T108/><D108/><U11/><E86/><V115/><F115/><W0/><G23/><T134/><D134/><U51/><E63/><V87/><F87/><W8/><G48/><T20/><D33/><U15/><E29/><V110/><F110/><W10/><G41/><T35/><D105/><U21/><AGARI ba="0,0" hai="6,7,11,15,16,19,21,25,51,54,59" m="35369" machi="21" ten="30,2000,0" yaku="8,1,54,1" doraHai="43" who="1" fromWho="1" sc="250,-5,260,20,317,-10,173,-5" /><INIT seed="3,0,0,5,4,87" ten="245,280,307,168" oya="3" hai0="25,131,56,76,115,109,19,110,23,69,132,54,57" hai1="9,10,78,121,92,60,135,117,102,21,20,52,105" hai2="43,37,98,95,86,124,27,35,112,17,71,72,53" hai3="64,24,84,85,82,33,39,91,1,89,31,80,30"/><W116/><G116/><T66/><D131/><U125/><E121/><V107/><F72/><W28/><G39/><T62/><D132/><U133/><E105/><V0/><F112/><W46/><G1/><T34/><D115/><U51/><E117/><V97/><F124/><W134/><G134/><N who="1" m="51210" /><E125/><V29/><F71/><W123/><G123/><T77/><D34/><U68/><E78/><N who="0" m="30313" /><D54/><U63/><E21/><V59/><F107/><W58/><G46/><T113/><D113/><U129/><E20/><V127/><F17/><W16/><G16/><T18/><D19/><U50/><E50/><V40/><F0/><W45/><G45/><T4/><D4/><U38/><E38/><V88/><F127/><W42/><G42/><T61/><D61/><AGARI ba="0,0" hai="24,28,30,31,33,58,61,64,80,82,84,85,89,91" machi="61" ten="40,7700,0" yaku="9,1,52,2" doraHai="87" who="3" fromWho="0" sc="245,-77,280,0,307,0,168,77" /><INIT seed="3,1,0,0,1,15" ten="168,280,307,245" oya="3" hai0="40,48,32,70,106,108,102,34,103,58,30,41,120" hai1="11,134,72,100,127,126,59,26,2,65,8,47,39" hai2="69,1,10,14,104,43,17,111,67,89,49,107,78" hai3="133,44,91,121,42,55,80,76,73,36,99,16,94"/><W101/><G133/><T37/><D120/><U29/><E134/><V116/><F116/><W90/><G121/><T33/><D70/><U22/><E72/><V5/><F111/><W87/><G55/><T84/><D108/><U54/><E100/><V86/><F78/><W27/><REACH who="3" step="1"/><G73/><REACH who="3" ten="168,280,307,235" step="2"/><T12/><D30/><U19/><E29/><V0/><F43/><W97/><G97/><T25/><D37/><U45/><E54/><V56/><F49/><W31/><G31/><T24/><D84/><U52/><E39/><V124/><F86/><W74/><G74/><T4/><D41/><U75/><E75/><V85/><F85/><W28/><G28/><T95/><D106/><U112/><E112/><V3/><F104/><W71/><G71/><T68/><D68/><U98/><E98/><V46/><F69/><W125/><G125/><T82/><D82/><U61/><E52/><V57/><F107/><W117/><G117/><T64/><D64/><U35/><E35/><V21/><F124/><N who="1" m="47657" /><E2/><V113/><F113/><W96/><G96/><N who="0" m="59679" /><D58/><U129/><E129/><V9/><F57/><W79/><G79/><T13/><D40/><U88/><E47/><V7/><F46/><W115/><G115/><T131/><D48/><U38/><E45/><V110/><F110/><W109/><G109/><T63/><D131/><U130/><E38/><V23/><F56/><W60/><G60/><T83/><D63/><U77/><E77/><V53/><F67/><W105/><G105/><T62/><D62/><U81/><E130/><V114/><F114/><W51/><G51/><T66/><D66/><RYUUKYOKU ba="1,1" sc="168,-15,280,15,307,-15,235,15" hai1="8,11,19,22,26,59,61,65,81,88" hai3="16,27,36,42,44,76,80,87,90,91,94,99,101" /><INIT seed="3,2,1,3,5,62" ten="153,295,292,250" oya="3" hai0="10,44,41,121,2,56,46,118,112,35,115,1,74" hai1="100,127,122,45,30,134,128,73,33,103,9,15,85" hai2="117,83,123,82,25,22,64,90,13,92,5,98,43" hai3="111,102,70,80,66,24,18,120,99,119,81,108,16"/><W86/><G119/><T105/><D118/><U63/><E73/><V57/><F117/><W75/><G120/><T131/><D121/><U91/><E122/><V40/><F123/><W0/><G0/><N who="0" m="107" /><D74/><U97/><E127/><V78/><F64/><W104/><G75/><T77/><D105/><U59/><E134/><V60/><F60/><N who="3" m="40263" /><G24/><T113/><D35/><U6/><E128/><V76/><F57/><W106/><G106/><T51/><D131/><U130/><E130/><V88/><F13/><W109/><G80/><N who="2" m="30761" /><F5/><W4/><G4/><T31/><D77/><AGARI ba="2,1" hai="16,18,77,81,86,99,102,104,108,109,111" m="40263" machi="77" ten="30,11600,0" yaku="14,1,10,1,52,1,54,1" doraHai="62" who="3" fromWho="0" sc="153,-122,295,0,292,0,250,132" owari="31,-46.9,295,9.5,292,-10.8,382,48.2" /></mjloggm>