<mjloggm ver="2.3"><GO type="225" lobby="0"/><UN n0="%E5%8D%8D%E6%B1%A0%E8%A2%8B%E6%9C%80%E5%BC%B7%E5%8D%8D" n1="%E3%83%AD%E3%83%83%E3%83%86%E9%9B%80%E7%90%83" n2="%74%61%6B%75%61%6B%61" n3="%E3%83%B4%E3%83%A0%EF%BC%99%E3%81%A6" dan="16,17,16,17" rate="2144.35,2233.96,2182.65,2206.26" sx="M,M,M,M"/><TAIKYOKU oya="0"/><INIT seed="0,0,0,5,4,125" ten="250,250,250,250" oya="0" hai0="60,19,113,42,1,79,119,95,103,87,73,13,33" hai1="44,20,117,109,11,89,111,96,32,40,52,64,35" hai2="82,71,50,134,31,12,8,115,16,97,102,43,61" hai3="18,116,94,118,128,130,25,36,58,122,45,112,131"/><T90/><D113/><U88/><E117/><N who="3" m="45162" /><G112/><T135/><D1/><U120/><E120/><V49/><F115/><W77/><G122/><T83/><D119/><U34/><E64/><V84/><F134/><W46/><G36/><T124/><D124/><U67/><E67/><V27/><F43/><W126/><G126/><T17/><D135/><U132/><E132/><V121/><F121/><W57/><G77/><T105/><D42/><U55/><E20/><V65/><F84/><W80/><G80/><T86/><D33/><U56/><E11/><V48/><F82/><W68/><G68/><T123/><D123/><U101/><E89/><V54/><F54/><W63/><G94/><T28/><D28/><U92/><E101/><V53/><F53/><N who="3" m="34223" /><G58/><T30/><D30/><U70/><E70/><V85/><F85/><W24/><G18/><T47/><D19/><U72/><E72/><V0/><F0/><W129/><G129/><T15/><D17/><U38/><REACH who="1" step="1"/><E55/><REACH who="1" ten="250,240,250,250" step="2"/><V114/><F114/><W99/><G99/><N who="0" m="61695" /><D86/><U7/><E7/><V21/><REACH who="2" step="1"/><F48/><AGARI ba="0,1" hai="32,34,35,38,40,44,48,52,56,88,92,96,109,111" machi="48" ten="40,5200,0" yaku="1,1,54,2,53,0" doraHai="125" doraHaiUra="133" who="1" fromWho="2" sc="250,0,240,62,250,-52,250,0" /><INIT seed="1,0,0,0,3,121" ten="250,302,198,250" oya="1" hai0="75,14,126,5,118,52,93,58,47,108,17,124,111" hai1="67,92,22,81,87,11,13,115,3,106,109,34,104" hai2="84,107,8,134,20,7,0,120,44,117,49,128,15" hai3="88,40,48,80,73,86,112,57,30,89,68,46,38"/><U62/><E34/><V78/><F120/><W9/><G112/><T99/><D75/><U76/><E115/><V82/><F117/><W18/><G68/><T25/><D25/><U54/><E54/><V96/><F128/><W31/><G73/><T116/><D47/><U69/><E3/><V119/><F119/><W70/><G70/><T27/><D27/><U85/><E22/><V4/><F134/><W97/><G38/><T103/><D5/><U32/><E32/><V26/><F0/><W10/><G57/><T66/><D66/><U130/><E130/><V19/><F107/><W131/><G131/><T43/><D43/><U79/><E109/><N who="0" m="42057" /><D116/><U105/><E92/><V123/><F123/><W24/><G24/><T101/><D101/><U113/><E113/><V110/><F110/><W65/><G65/><T74/><D74/><U39/><E39/><V72/><F72/><W114/><G114/><T23/><D118/><U102/><E102/><V129/><F129/><W91/><G18/><T16/><D17/><U12/><E106/><V77/><F96/><W2/><G97/><T122/><D122/><U55/><E105/><V71/><F71/><W37/><G37/><T90/><D103/><U35/><E67/><V33/><F33/><W63/><G31/><T127/><D126/><U36/><E69/><V100/><F100/><W83/><G30/><T132/><D132/><U60/><E104/><V135/><F135/><W6/><G40/><T98/><D98/><U21/><E35/><V29/><F77/><W51/><G6/><T95/><D95/><U45/><E79/><RYUUKYOKU ba="0,0" sc="250,15,302,-15,198,15,250,-15" hai0="14,16,23,52,58,90,93,99,124,127" hai2="4,7,8,15,19,20,26,29,44,49,78,82,84" /><INIT seed="2,1,0,3,0,21" ten="265,287,213,235" oya="2" hai0="30,52,29,63,123,113,112,80,85,107,57,39,109" hai1="33,111,128,125,25,75,66,134,17,55,37,36,72" hai2="4,124,49,43,19,6,74,3,5,79,100,115,32" hai3="16,48,54,70,117,82,60,56,59,22,26,104,108"/><V11/><F115/><W77/><G108/><T110/><D107/><U61/><E111/><N who="0" m="42505" /><D39/><U73/><E125/><V2/><F124/><W126/><G126/><T116/><D116/><U58/><E128/><V120/><F120/><W131/><G131/><T65/><D65/><U24/><E134/><V40/><F32/><W9/><G117/><T81/><D81/><U15/><E33/><V98/><F79/><W94/><G104/><T13/><D13/><U121/><E121/><V67/><F74/><W132/><G132/><T135/><D135/><U95/><E95/><V101/><F67/><W23/><G94/><T93/><D93/><U129/><E129/><V12/><F100/><W96/><G70/><T127/><D123/><U31/><E31/><N who="0" m="11785" /><D127/><U8/><E37/><V91/><F91/><AGARI ba="1,0" hai="52,57,63,80,85,91,112,113" m="11785,42505" machi="91" ten="30,2000,0" yaku="14,1,54,1" doraHai="21" who="0" fromWho="2" sc="265,23,287,0,213,-23,235,0" /><INIT seed="3,0,0,3,3,15" ten="288,287,190,235" oya="3" hai0="37,115,77,65,49,13,85,134,107,114,3,41,92" hai1="119,46,27,87,131,133,78,80,123,75,63,89,72" hai2="43,50,62,42,79,71,125,38,113,100,23,118,86" hai3="34,93,36,51,6,1,88,110,5,57,28,4,69"/><W98/><G36/><T26/><D107/><U9/><E123/><V132/><F113/><N who="0" m="43018" /><D3/><U60/><E131/><V95/><F118/><W29/><G69/><T64/><D37/><U30/><E133/><V24/><F132/><W11/><G110/><T120/><D120/><U25/><E119/><V16/><F125/><W35/><G1/><T17/><D26/><U21/><E9/><V18/><F38/><W84/><G11/><T105/><D105/><U19/><E46/><N who="2" m="25951" /><F71/><W31/><G34/><T103/><D103/><U128/><E128/><V130/><F130/><W102/><G35/><T135/><D135/><U53/><E53/><V40/><F62/><W66/><G51/><T76/><D134/><U48/><E48/><V101/><F18/><W14/><G14/><T0/><D0/><U82/><E75/><V12/><F12/><W111/><G111/><T70/><D92/><U117/><E117/><V124/><F124/><W122/><G122/><T94/><D94/><U127/><E127/><V109/><F109/><W61/><REACH who="3" step="1"/><G31/><REACH who="3" ten="288,287,190,225" step="2"/><T91/><D70/><U108/><E108/><V73/><F73/><W52/><G52/><T32/><D32/><AGARI ba="0,1" hai="19,21,25,27,30,32,60,63,72,78,80,82,87,89" machi="32" ten="30,2000,0" yaku="7,1,52,1" doraHai="15" who="1" fromWho="0" sc="288,-20,287,30,190,0,225,0" owari="268,6.8,317,41.7,190,-31.0,225,-17.5" /></mjloggm>