<mjloggm ver="2.3"><GO type="225" lobby="0"/><UN n0="%E2%91%A3%E9%81%BF%E9%81%8A%E6%88%AF%E3%80%90%E6%9D%B1%E5%8D%97%E3%80%91" n1="%33%74%72%65%65" n2="%E5%B8%86%E7%AB%8B%E5%A4%8F%E8%A1%A3" n3="%72%69%6F%75%63%68%61%6E" dan="16,17,17,17" rate="2115.25,2234.36,2142.82,2252.23" sx="M,F,M,M"/><TAIKYOKU oya="0"/><INIT seed="0,0,0,1,3,24" ten="250,250,250,250" oya="0" hai0="59,116,49,107,104,28,5,64,18,48,105,8,130" hai1="81,56,32,123,12,39,80,4,65,21,126,63,6" hai2="46,51,54,118,131,93,58,77,61,67,73,75,133" hai3="26,72,82,42,13,74,20,79,90,122,88,84,106"/><T89/><D116/><U25/><E123/><V33/><F118/><W35/><G122/><T29/><D130/><U96/><E126/><V134/><F131/><W92/><G106/><T68/><D18/><U16/><E39/><V27/><F93/><W40/><G72/><T102/><D68/><U9/><E6/><V128/><F128/><W109/><G109/><T17/><D17/><U101/><REACH who="1" step="1"/><E32/><REACH who="1" ten="250,240,250,250" step="2"/><V1/><F33/><W129/><G129/><T15/><D102/><U36/><E36/><V34/><F34/><W53/><G35/><T76/><D76/><U115/><E115/><V71/><F77/><W97/><G13/><T83/><D89/><U2/><E2/><V14/><F1/><W121/><G121/><T112/><D112/><U108/><E108/><V44/><F14/><W85/><G53/><T11/><D11/><U41/><E41/><V23/><F134/><W60/><G40/><T100/><D100/><U78/><E78/><V31/><F133/><W127/><G42/><T69/><D5/><U70/><E70/><V7/><F7/><W50/><G127/><T66/><D8/><U43/><E43/><V125/><F125/><W103/><G90/><T45/><D15/><U135/><E135/><V94/><REACH who="2" step="1"/><F94/><AGARI ba="0,1" hai="4,9,12,16,21,25,56,63,65,80,81,94,96,101" machi="94" ten="30,7700,0" yaku="1,1,7,1,8,1,54,1,53,0" doraHai="24" doraHaiUra="124" who="1" fromWho="2" sc="250,0,240,87,250,-77,250,0" /><INIT seed="1,0,0,4,0,15" ten="250,327,173,250" oya="1" hai0="112,119,56,94,107,134,12,66,127,117,108,35,31" hai1="18,27,47,62,65,133,97,86,46,9,92,123,25" hai2="41,19,80,13,49,104,48,116,8,6,84,60,36" hai3="98,82,16,14,11,64,21,0,89,74,10,95,83"/><U67/><E123/><V96/><F116/><W58/><G0/><T22/><D107/><U93/><E133/><V37/><F37/><W78/><REACH who="3" step="1"/><G83/><REACH who="3" ten="250,327,173,240" step="2"/><T53/><D119/><U90/><E93/><V91/><F36/><W129/><G129/><T131/><D117/><U101/><E101/><V40/><F104/><W28/><G28/><T125/><D131/><U52/><E97/><V75/><F75/><W4/><G4/><T77/><D127/><U59/><E67/><V55/><F96/><W34/><G34/><T70/><D125/><U57/><E27/><V30/><F30/><W7/><G7/><T71/><D66/><U130/><E130/><V32/><F32/><W115/><G115/><T38/><D112/><U23/><REACH who="1" step="1"/><E9/><REACH who="1" ten="250,317,173,240" step="2"/><V24/><F24/><W61/><AGARI ba="0,2" hai="10,11,14,16,21,58,61,64,74,78,82,89,95,98" machi="61" ten="30,7900,0" yaku="1,1,0,1,52,1,54,1,53,0" doraHai="15" doraHaiUra="100" who="3" fromWho="3" sc="250,-20,317,-39,173,-20,240,99" /><INIT seed="2,0,0,1,3,99" ten="230,278,153,339" oya="2" hai0="90,63,52,37,98,93,53,125,96,106,105,65,10" hai1="104,71,70,129,29,40,135,76,102,50,117,3,36" hai2="86,42,14,54,26,16,101,18,111,110,34,2,39" hai3="60,44,79,17,66,74,85,19,84,68,47,64,114"/><V61/><F2/><W97/><G114/><T28/><D125/><U55/><E117/><V112/><F112/><W94/><G64/><T87/><D37/><U24/><E3/><V121/><F121/><W77/><G74/><T38/><D38/><U0/><E0/><V20/><F39/><W126/><G126/><T133/><D133/><U12/><E76/><V45/><F42/><W58/><G68/><T88/><D28/><U21/><E129/><V113/><F113/><W48/><G77/><T5/><D106/><U56/><E135/><V69/><F86/><N who="3" m="33387" /><G79/><T1/><D98/><U51/><E36/><V92/><F92/><W118/><G118/><T100/><D90/><U22/><E12/><V49/><F101/><N who="3" m="60599" /><G44/><T13/><REACH who="0" step="1"/><D1/><REACH who="0" ten="220,278,153,339" step="2"/><U15/><E29/><V9/><REACH who="2" step="1"/><F34/><REACH who="2" ten="220,278,143,339" step="2"/><W78/><G78/><T23/><D23/><U41/><E21/><V107/><F107/><W127/><G127/><T89/><D89/><U27/><E22/><V81/><F81/><W119/><G119/><T4/><D4/><U73/><E104/><V46/><F46/><W30/><G30/><T43/><D43/><AGARI ba="0,2" hai="17,19,43,47,48,58,60,66" m="60599,33387" machi="43" ten="30,2000,0" yaku="8,1,52,1" doraHai="99" who="3" fromWho="0" sc="220,-20,278,0,143,0,339,40" /><INIT seed="3,0,0,2,1,75" ten="200,278,143,379" oya="3" hai0="80,57,101,121,113,37,31,74,95,77,18,106,88" hai1="71,2,119,24,78,34,39,38,64,66,112,111,16" hai2="90,42,118,48,96,33,73,69,128,65,99,11,3" hai3="102,135,116,72,84,40,7,1,19,14,44,30,53"/><W79/><G116/><T60/><D121/><U91/><E112/><V87/><F118/><W110/><G135/><T51/><D113/><U15/><E2/><V97/><F128/><W46/><G110/><T8/><D37/><U115/><E111/><V25/><F69/><W92/><G30/><T124/><D124/><U50/><E91/><V28/><F65/><W63/><G1/><T27/><D51/><U93/><E93/><V56/><F73/><W85/><G7/><T83/><D83/><U61/><E64/><V130/><F130/><W4/><G4/><T29/><D101/><U49/><E49/><V23/><F33/><W54/><G72/><T98/><D106/><U86/><E50/><V67/><F67/><W45/><G40/><T76/><D76/><U43/><E43/><V94/><F3/><W35/><G35/><T6/><D6/><U120/><E120/><V22/><F22/><N who="3" m="11639" /><G79/><T125/><D125/><U126/><E126/><V108/><F108/><W13/><G13/><T17/><D8/><U127/><E127/><V12/><F42/><W47/><G47/><T21/><D18/><U89/><E16/><V109/><F109/><W52/><G63/><T55/><AGARI ba="0,0" hai="17,21,27,29,31,55,57,60,74,77,80,88,95,98" machi="55" ten="20,12000,2" yaku="0,1,7,1,25,2,52,1,54,1" doraHai="75" who="0" fromWho="0" sc="200,120,278,-30,143,-30,379,-60" owari="320,42.0,248,-15.2,113,-38.7,319,11.9" /></mjloggm>