<mjloggm ver="2.3"><GO type="225" lobby="0"/><UN n0="%E6%B8%A9%E2%98%85%E6%83%85%E2%98%85%E6%8E%AA%E2%98%85%E7%BD%AE" n1="%E3%81%86%E3%81%A9%E3%82%93%E3%81%93" n2="%77%72%77%72%77%72%77%72" n3="%E3%81%A8%E3%82%93%E3%81%A8%E3%81%93%E3%81%A8%E3%82%93" dan="17,16,16,16" rate="2208.94,2162.03,2231.71,2092.26" sx="M,M,M,F"/><TAIKYOKU oya="0"/><INIT seed="0,0,0,3,0,66" ten="250,250,250,250" oya="0" hai0="60,129,135,39,125,40,111,55,75,16,56,57,106" hai1="115,38,74,86,12,1,123,5,29,104,107,76,20" hai2="113,48,124,44,120,84,25,133,37,100,116,132,54" hai3="51,8,28,102,71,110,0,121,112,70,15,87,81"/><T96/><D75/><U53/><E123/><V23/><F120/><W52/><G112/><T22/><D135/><N who="2" m="51786" /><F113/><W19/><G121/><T9/><D125/><U27/><E38/><V131/><F124/><W72/><G72/><T79/><D79/><U46/><E74/><V109/><F109/><W18/><G110/><T80/><D111/><U73/><E73/><V30/><F131/><W2/><G28/><T118/><D80/><U85/><E1/><V101/><F116/><W45/><G102/><N who="2" m="39529" /><F37/><W130/><G130/><T35/><D35/><U13/><E115/><V14/><F14/><W10/><G19/><T58/><D118/><U36/><E36/><V127/><F84/><W122/><G122/><T4/><D129/><U64/><E85/><V63/><F63/><W89/><G8/><T114/><D114/><U98/><E13/><V24/><F24/><W128/><G128/><T83/><D39/><U34/><E86/><V88/><F127/><W6/><G6/><T119/><D119/><U67/><E12/><V99/><F99/><W94/><G94/><T91/><D83/><U92/><E98/><V78/><F78/><W65/><G65/><T90/><D96/><U50/><E76/><V105/><F105/><N who="1" m="40521" /><E5/><V93/><F93/><W97/><G97/><T47/><D106/><U26/><E92/><V61/><F61/><W17/><G18/><T117/><D117/><U82/><E82/><V7/><F7/><W59/><G59/><N who="0" m="22603" /><D4/><U11/><E11/><V95/><F95/><W33/><G33/><T32/><D9/><U21/><E34/><V31/><F88/><RYUUKYOKU ba="0,0" sc="250,-30,250,10,250,10,250,10" hai1="20,21,26,27,29,46,50,53,64,67" hai2="23,25,30,31,44,48,54" hai3="0,2,10,15,17,45,51,52,70,71,81,87,89" /><INIT seed="1,1,0,5,1,5" ten="220,260,260,260" oya="1" hai0="17,54,35,108,103,48,30,104,64,119,82,14,122" hai1="92,131,2,38,107,61,25,51,93,127,91,96,79" hai2="102,115,69,4,111,31,62,3,60,67,114,1,52" hai3="84,66,81,10,34,76,57,125,110,43,71,65,19"/><U39/><E2/><V44/><F111/><W130/><G34/><T22/><D119/><U7/><E131/><V28/><F102/><W9/><G71/><T49/><D108/><U59/><E127/><V36/><F36/><W123/><G123/><T105/><D122/><U113/><E107/><V101/><F101/><W53/><G110/><T37/><D37/><U8/><E113/><N who="2" m="43019" /><F1/><W129/><G43/><T68/><D82/><U11/><E79/><V33/><F33/><W132/><G132/><T106/><D103/><N who="1" m="60807" /><E38/><V73/><F73/><W124/><G66/><T78/><D78/><U116/><E39/><V95/><F95/><W99/><G65/><T42/><D42/><U16/><E51/><N who="2" m="28775" /><F60/><N who="3" m="35887" /><G99/><T90/><D68/><U86/><E7/><V120/><F120/><W20/><G125/><T0/><D0/><U40/><E40/><V50/><F50/><W29/><G124/><T12/><D49/><U70/><E70/><V118/><F118/><W47/><G47/><T72/><D72/><U32/><E32/><V97/><F97/><W74/><G74/><T87/><D35/><U89/><E89/><V24/><F3/><W45/><G45/><N who="0" m="27919" /><D106/><U26/><E116/><V15/><F24/><N who="1" m="9321" /><E16/><V85/><F85/><W23/><G19/><T41/><D17/><U88/><E91/><V100/><F100/><W121/><G121/><T128/><D104/><U83/><E93/><V18/><F4/><W27/><G20/><AGARI ba="1,0" hai="15,18,20,28,31,62,67,69" m="28775,43019" machi="20" ten="30,2000,0" yaku="11,1,54,1" doraHai="5" who="2" fromWho="3" sc="220,0,260,0,260,23,260,-23" /><INIT seed="2,0,0,1,3,55" ten="220,260,283,237" oya="2" hai0="36,57,56,25,51,93,28,59,97,67,85,96,18" hai1="31,125,37,52,70,122,90,109,69,66,3,15,71" hai2="100,102,47,132,16,20,46,114,75,54,43,106,72" hai3="77,21,103,104,95,135,41,120,78,32,4,53,116"/><V92/><F114/><W133/><G32/><T24/><D36/><U12/><E3/><V2/><F2/><W112/><G104/><T130/><D130/><U110/><E37/><V129/><F106/><W22/><G116/><T115/><D115/><U65/><E31/><V82/><F129/><W111/><G120/><T81/><D67/><N who="1" m="25611" /><E122/><V108/><F132/><W61/><G41/><T86/><D18/><U94/><E125/><V19/><F108/><N who="1" m="41577" /><E52/><V134/><F134/><N who="3" m="51211" /><G4/><T74/><D74/><U40/><E40/><V7/><F7/><W68/><G112/><T27/><D28/><U49/><E49/><V128/><F128/><W98/><G111/><T76/><D51/><U44/><E44/><V126/><F126/><W107/><G107/><T50/><D50/><U0/><E0/><V8/><F54/><W99/><G68/><N who="1" m="17410" /><U124/><DORA hai="33" /><E124/><V17/><F47/><W119/><G119/><T11/><D11/><U5/><E5/><V63/><F46/><W88/><G53/><T45/><D45/><U13/><E94/><V60/><F92/><N who="3" m="58823" /><G61/><T23/><D23/><AGARI ba="0,0" hai="21,22,23,77,78,88,95,99" m="58823,51211" machi="23" ten="30,2000,0" yaku="20,1,54,1" doraHai="55,33" who="3" fromWho="0" sc="220,-20,260,0,283,0,237,20" /><INIT seed="3,0,0,5,4,46" ten="200,260,283,257" oya="3" hai0="100,8,50,47,0,61,26,90,107,127,67,10,132" hai1="17,42,110,78,80,76,55,83,123,66,121,106,13" hai2="28,95,60,118,58,117,57,114,113,104,48,16,82" hai3="27,52,19,9,87,75,105,101,41,109,130,99,126"/><W56/><G75/><T44/><D132/><U51/><E106/><V45/><F104/><W2/><G126/><T84/><D127/><U120/><E42/><V98/><F28/><W72/><G72/><T31/><D100/><U128/><E66/><V49/><F82/><W91/><G130/><T39/><D107/><U111/><E128/><V115/><F16/><W70/><G70/><T116/><D116/><N who="2" m="44650" /><F95/><W94/><G41/><T74/><D74/><U35/><E35/><V32/><F98/><W43/><G43/><N who="0" m="24959" /><D44/><N who="1" m="28135" /><E80/><V81/><F81/><W93/><G109/><N who="1" m="41482" /><E83/><V96/><F96/><W23/><G105/><T25/><D39/><U62/><E62/><V64/><F32/><W68/><G68/><T38/><D38/><U89/><E89/><V40/><F49/><N who="3" m="30735" /><G2/><T54/><D0/><U79/><E121/><V103/><F103/><W1/><G1/><T33/><D33/><U14/><E14/><V37/><F37/><W119/><G119/><T131/><D131/><U29/><E29/><V7/><F7/><W73/><G73/><T22/><D26/><U88/><E88/><V124/><F124/><W18/><G9/><AGARI ba="0,0" hai="9,13,17,76,78,79,120,123" m="41482,28135" machi="9" ten="30,2000,0" yaku="14,1,52,1" doraHai="46" who="1" fromWho="3" sc="200,0,260,20,283,0,257,-20" /><INIT seed="4,0,0,1,0,82" ten="200,280,283,237" oya="0" hai0="42,0,48,19,20,96,129,51,24,11,73,111,118" hai1="14,107,9,37,61,80,123,127,32,108,132,2,10" hai2="131,55,126,76,66,133,34,92,27,101,112,26,135" hai3="4,35,54,8,91,1,119,83,130,31,21,16,110"/><T28/><D118/><U41/><E107/><V33/><F112/><W59/><G110/><T106/><D111/><U13/><E108/><V67/><F76/><W98/><G119/><T86/><D73/><U105/><E105/><V71/><F131/><W57/><G130/><T120/><D129/><U12/><E123/><V40/><F40/><W134/><G134/><N who="2" m="51209" /><F126/><W52/><G35/><N who="2" m="13321" /><F55/><W93/><G31/><T44/><D120/><U116/><E116/><V68/><F92/><W124/><G124/><T45/><D96/><U113/><E127/><V70/><F101/><W109/><G109/><T7/><D106/><U17/><E32/><V18/><F18/><W77/><G57/><T104/><D104/><U103/><E103/><V114/><F114/><W29/><G59/><T39/><D45/><U64/><E113/><V117/><F117/><W90/><G90/><T58/><D58/><U99/><E99/><V25/><AGARI ba="0,0" hai="25,26,27,66,67,68,70,71" m="13321,51209" machi="25" ten="50,6400,0" yaku="28,2,20,1" doraHai="82" who="2" fromWho="2" sc="200,-32,280,-16,283,64,237,-16" owari="168,-33.2,264,6.4,347,44.7,221,-17.9" /></mjloggm>