<mjloggm ver="2.3"><GO type="225" lobby="0"/><UN n0="%E9%80%9F%E6%B0%B4%E5%87%9B%E9%A6%99" n1="%E3%81%8C%E3%81%9F" n2="%E3%81%BF%E3%81%BF%E3%81%9A" n3="%E6%A0%B9%E5%85%83%E3%81%8B%E3%82%89%E5%90%B9%E3%81%A3%E9%A3%9B%E3%81%B6" dan="17,16,17,16" rate="2146.36,2136.40,2259.14,2180.31" sx="F,F,M,F"/><TAIKYOKU oya="0"/><INIT seed="0,0,0,4,1,37" ten="250,250,250,250" oya="0" hai0="114,43,92,123,35,53,95,55,29,72,127,111,12" hai1="90,129,25,11,77,31,105,33,39,87,67,7,65" hai2="13,102,124,19,16,58,23,51,27,45,88,63,66" hai3="117,94,132,32,15,97,40,85,69,59,26,100,104"/><T76/><D123/><U135/><E129/><V28/><F124/><W30/><G117/><T42/><D114/><U20/><E135/><V41/><F102/><W118/><G118/><T96/><D127/><U78/><E105/><V56/><F56/><W109/><G109/><T126/><D126/><U110/><E110/><V2/><F2/><W71/><G132/><T57/><D111/><U36/><E36/><V38/><F38/><W52/><G15/><T112/><D112/><U64/><E33/><V122/><F122/><W121/><G121/><T9/><D72/><U44/><E44/><V46/><F46/><W134/><G134/><T119/><D119/><U125/><E39/><V89/><REACH who="2" step="1"/><F19/><REACH who="2" ten="250,250,240,250" step="2"/><W82/><G71/><T68/><D68/><U10/><E125/><V18/><F18/><W22/><G69/><T80/><D57/><U86/><E7/><V48/><F48/><W60/><G104/><T107/><D107/><U91/><E11/><AGARI ba="0,1" hai="11,13,16,23,27,28,41,45,51,58,63,66,88,89" machi="11" ten="30,12000,2" yaku="1,1,7,1,8,1,52,1,54,2,53,0" doraHai="37" doraHaiUra="93" who="2" fromWho="1" sc="250,0,250,-120,240,130,250,0" /><INIT seed="1,0,0,2,1,83" ten="250,130,370,250" oya="1" hai0="43,75,7,67,53,66,33,1,50,98,11,128,35" hai1="57,119,126,46,5,97,74,120,113,2,13,95,131" hai2="86,52,49,104,85,93,103,59,109,99,79,22,69" hai3="32,105,132,23,10,70,38,64,63,44,116,14,134"/><U42/><E113/><V87/><F104/><W25/><G116/><T125/><D75/><U106/><E119/><V100/><F109/><W123/><G123/><T110/><D43/><U102/><E120/><V26/><F69/><W78/><G105/><T127/><D110/><U30/><E74/><V76/><REACH who="2" step="1"/><F100/><REACH who="2" ten="250,130,360,250" step="2"/><W29/><G134/><T118/><D118/><U37/><E106/><V71/><F71/><W48/><G132/><T82/><D128/><U28/><E131/><V129/><F129/><W4/><G38/><T133/><D133/><U40/><E126/><V114/><F114/><W20/><REACH who="3" step="1"/><G78/><REACH who="3" ten="250,130,360,240" step="2"/><T47/><D127/><U3/><E37/><V96/><F96/><W17/><G17/><AGARI ba="0,2" hai="17,22,26,49,52,59,76,79,85,86,87,93,99,103" machi="17" ten="40,12000,2" yaku="1,1,8,1,52,3,54,1,53,0" doraHai="83" doraHaiUra="68" who="2" fromWho="3" sc="250,0,130,0,360,140,240,-120" /><INIT seed="2,0,0,1,5,66" ten="250,130,500,120" oya="2" hai0="43,86,130,60,4,97,73,116,115,8,101,61,64" hai1="67,84,1,119,93,112,107,54,58,9,59,44,40" hai2="5,39,99,104,10,26,90,19,70,92,89,126,6" hai3="76,49,34,41,18,132,48,46,120,134,53,88,3"/><V111/><F126/><W122/><G34/><T29/><D73/><U125/><E112/><V14/><F70/><W98/><G3/><T20/><D115/><U91/><E119/><V118/><F39/><W83/><G18/><T102/><D130/><U7/><E107/><V74/><F74/><W11/><G11/><T15/><D116/><U105/><E105/><V110/><F104/><W109/><G109/><T75/><D75/><U81/><E125/><V71/><F71/><W127/><G127/><T17/><D43/><U94/><E67/><V55/><F55/><W80/><G80/><T47/><D47/><U0/><E0/><V38/><F38/><W2/><G2/><T65/><D86/><U35/><E35/><V100/><F118/><W133/><G76/><T13/><D29/><U27/><E27/><V68/><F68/><W103/><G103/><T79/><D79/><U135/><E135/><V82/><F26/><W129/><G129/><T95/><D101/><U31/><E31/><V69/><F69/><W16/><G16/><T21/><D21/><U124/><E124/><V106/><F82/><W85/><G98/><T56/><D60/><N who="1" m="35927" /><E59/><AGARI ba="0,0" hai="41,46,48,49,53,59,83,85,88,120,122,132,133,134" machi="59" ten="40,2600,0" yaku="20,1,54,1" doraHai="66" who="3" fromWho="1" sc="250,0,130,-26,500,0,120,26" /><INIT seed="3,0,0,5,1,41" ten="250,104,500,146" oya="3" hai0="66,69,33,95,119,37,126,50,122,27,79,91,133" hai1="8,134,18,74,1,35,2,81,59,82,114,102,12" hai2="54,86,131,19,84,32,20,128,5,88,51,127,6" hai3="132,67,110,70,44,45,80,68,100,9,65,90,10"/><W125/><G125/><T3/><D37/><U40/><E114/><V94/><F94/><W46/><BYE who="2" /><G132/><T60/><D3/><U108/><E134/><V26/><F26/><W29/><G100/><UN n2="%E3%81%BF%E3%81%BF%E3%81%9A" /><T52/><D122/><U130/><E35/><V25/><F127/><W30/><G90/><T98/><D126/><U14/><E108/><V61/><F32/><W121/><G80/><T107/><D119/><U15/><E130/><N who="2" m="49707" /><F61/><W93/><G93/><T24/><D133/><U109/><E109/><V4/><F88/><W36/><G36/><T78/><D107/><U111/><E111/><V21/><F21/><W115/><G110/><T129/><D129/><U71/><E71/><V64/><F64/><N who="3" m="24651" /><G115/><T0/><D0/><U135/><E135/><V49/><F49/><W120/><G9/><T101/><D91/><U16/><E102/><V57/><AGARI ba="0,0" hai="4,5,6,19,20,25,51,54,57,84,86" m="49707" machi="57" ten="30,1100,0" yaku="19,1" doraHai="41" who="2" fromWho="2" sc="250,-3,104,-3,500,11,146,-5" owari="247,4.7,101,-39.9,511,61.1,141,-25.9" /></mjloggm>