<mjloggm ver="2.3"><GO type="225" lobby="0"/><UN n0="%E6%B2%A1%E7%94%B7" n1="%E3%82%A2%E3%83%BC%E3%83%A2%E3%83%AD%E3%83%BC%E3%83%B4%E3%82%A1" n2="%E3%81%A1%E3%82%85%E3%81%86%E3%81%A9%E3%81%8F%E8%B1%A1%E3%81%95%E3%82%93" n3="%E3%81%82%E3%82%93%E3%81%AA%E3%81%A4" dan="16,16,16,16" rate="2077.89,2115.29,2088.23,2130.98" sx="M,M,M,M"/><TAIKYOKU oya="0"/><INIT seed="0,0,0,4,2,14" ten="250,250,250,250" oya="0" hai0="18,116,90,87,130,124,112,108,21,13,58,57,131" hai1="65,8,118,1,105,75,114,34,101,10,49,26,89" hai2="27,74,91,92,35,120,12,81,70,2,103,127,134" hai3="67,48,135,69,61,46,19,24,29,4,73,77,39"/><T3/><D112/><U121/><E114/><V100/><F120/><W104/><G104/><T133/><D116/><U11/><E121/><V20/><F2/><W0/><G135/><T122/><D122/><U109/><E118/><V80/><F70/><W126/><G126/><T53/><D133/><U36/><E36/><V25/><F134/><W23/><G39/><T28/><D124/><U111/><E75/><V102/><F127/><W117/><G117/><T82/><D3/><U22/><E34/><V85/><F74/><W6/><G0/><T41/><D41/><U54/><E65/><V66/><F66/><W83/><REACH who="3" step="1"/><G29/><REACH who="3" ten="250,250,250,240" step="2"/><T51/><D108/><U98/><E1/><V113/><F113/><W125/><G125/><T132/><D132/><U99/><E109/><V15/><F35/><W16/><G16/><T79/><D28/><U72/><E111/><V5/><F5/><W38/><G38/><T7/><D7/><U107/><E105/><V123/><F123/><W86/><G86/><N who="0" m="48479" /><D131/><U40/><E72/><V129/><F129/><W94/><G94/><N who="0" m="54623" /><D130/><U62/><E107/><V50/><F92/><W63/><G63/><T71/><D71/><U44/><E62/><V119/><F119/><W56/><G56/><AGARI ba="0,1" hai="13,18,21,51,53,56,57,58" m="54623,48479" machi="56" ten="30,5800,0" yaku="25,1,8,1,52,1" doraHai="14" who="0" fromWho="3" sc="250,68,250,0,250,0,240,-58" /><INIT seed="0,1,0,3,4,44" ten="318,250,250,182" oya="0" hai0="119,1,16,29,80,34,133,13,101,77,63,113,36" hai1="19,97,84,98,18,49,25,0,92,64,4,105,69" hai2="132,112,15,73,120,91,75,107,134,100,86,71,22" hai3="90,74,46,3,60,41,39,122,55,66,56,128,99"/><T88/><D113/><U103/><E84/><V11/><F71/><W124/><G74/><N who="2" m="28169" /><F22/><W42/><G3/><T125/><D119/><U67/><E0/><V51/><F112/><W129/><G90/><T65/><D1/><U70/><E4/><N who="2" m="3559" /><F100/><W58/><G99/><T108/><D101/><U109/><E109/><V93/><F107/><W94/><G94/><T54/><D36/><U17/><E25/><V116/><F120/><W37/><G124/><T53/><D29/><U82/><E82/><V85/><F116/><W123/><G42/><T32/><D125/><U20/><E20/><V50/><F85/><W27/><G27/><T33/><D108/><U7/><E7/><V30/><F30/><W31/><G31/><T121/><D121/><N who="3" m="46089" /><G37/><T89/><D34/><U59/><E105/><V23/><F23/><W135/><G135/><AGARI ba="1,0" hai="50,51,86,91,93,132,134,135" m="3559,28169" machi="135" ten="30,3900,0" yaku="20,1,52,2" doraHai="44" who="2" fromWho="3" sc="318,0,250,0,250,42,182,-42" /><INIT seed="1,0,0,1,4,118" ten="318,250,292,140" oya="1" hai0="126,115,3,36,46,77,1,19,24,75,67,128,47" hai1="59,56,114,92,60,57,84,105,50,122,103,95,35" hai2="55,88,7,123,5,70,65,133,73,91,14,124,119" hai3="104,71,45,27,58,132,4,74,31,135,34,44,81"/><U110/><E114/><V6/><F119/><W101/><G4/><T49/><D115/><U12/><E35/><V41/><F73/><W68/><G58/><T100/><D36/><U15/><E105/><V89/><F41/><W52/><G101/><T2/><D67/><U21/><E122/><V86/><F123/><W98/><G98/><T87/><D75/><U83/><E110/><V116/><F116/><W17/><G104/><T134/><D100/><U32/><E32/><V127/><F133/><N who="3" m="51275" /><G17/><T79/><D19/><N who="1" m="10471" /><E103/><V42/><F42/><W94/><G94/><N who="1" m="35882" /><E50/><V38/><F38/><W72/><G72/><T29/><D49/><U37/><E15/><V20/><F86/><W117/><G117/><T33/><D87/><U54/><E37/><V22/><F70/><N who="3" m="26667" /><G52/><T125/><D134/><U61/><E54/><V78/><F55/><W51/><G51/><T39/><D39/><U25/><E25/><V120/><F78/><AGARI ba="0,0" hai="27,31,34,44,45,74,78,81" m="26667,51275" machi="78" ten="30,1000,0" yaku="20,1" doraHai="118" who="3" fromWho="2" sc="318,0,250,0,292,-10,140,10" /><AGARI ba="0,0" hai="56,57,59,60,61,78,83,84" m="35882,10471" machi="78" ten="30,1500,0" yaku="8,1" doraHai="118" who="1" fromWho="2" sc="318,0,250,15,282,-15,150,0" /><INIT seed="1,1,0,4,1,112" ten="318,265,267,150" oya="1" hai0="24,40,64,135,62,8,14,69,110,21,17,23,50" hai1="25,91,3,114,101,130,127,113,119,16,31,89,26" hai2="37,35,65,55,72,80,1,86,122,12,115,100,41" hai3="36,95,124,134,76,78,121,118,85,51,87,63,38"/><U39/><E39/><V4/><F122/><W61/><G51/><T2/><D110/><U47/><E3/><V125/><F115/><W44/><G44/><T13/><D135/><U43/><E101/><V74/><F125/><W129/><G95/><T71/><D2/><U109/><E127/><V45/><F35/><W18/><G124/><T6/><D50/><U77/><E77/><N who="3" m="29802" /><G18/><T70/><D40/><U32/><E109/><V117/><F65/><W79/><N who="3" m="29810" /><W106/><DORA hai="104" /><G106/><T123/><D123/><U128/><E47/><V33/><F33/><W11/><G11/><T102/><D102/><U7/><E43/><V111/><F111/><W68/><G121/><T34/><D34/><U29/><E32/><V42/><F100/><W133/><G68/><T107/><D107/><U90/><E90/><V132/><F1/><W46/><G46/><T15/><D15/><U103/><E103/><V5/><F41/><W94/><G129/><T67/><D67/><U98/><E98/><V75/><F132/><N who="3" m="50795" /><G94/><T27/><D27/><U60/><E16/><AGARI ba="1,0" hai="6,8,13,14,16,17,21,23,24,62,64,69,70,71" machi="16" ten="30,2000,0" yaku="7,1,54,1" doraHai="112,104" who="0" fromWho="1" sc="318,23,265,-23,267,0,150,0" /><INIT seed="2,0,0,5,1,21" ten="341,242,267,150" oya="2" hai0="69,46,0,37,107,122,91,32,101,10,16,103,61" hai1="97,98,81,132,90,24,113,130,68,39,63,13,77" hai2="118,110,88,35,106,54,3,109,56,102,23,20,42" hai3="115,117,64,65,55,34,6,38,28,53,123,114,112"/><V9/><F118/><W30/><G117/><T11/><D122/><U17/><E113/><V57/><F35/><W125/><G123/><T80/><D32/><U111/><E39/><V51/><F42/><W87/><G34/><T44/><D0/><U127/><E111/><N who="2" m="42507" /><F56/><W8/><G38/><T27/><D37/><U92/><E130/><V47/><F47/><W22/><G87/><N who="0" m="50663" /><D107/><U116/><E127/><V75/><F75/><W121/><G121/><T105/><D105/><U82/><E132/><V1/><F102/><N who="0" m="38922" /><D69/><U124/><E124/><V50/><F106/><W73/><G73/><T36/><D36/><U78/><E68/><V95/><F50/><W131/><G131/><T135/><D135/><U67/><E63/><V119/><F119/><W66/><G125/><T25/><D61/><U126/><E67/><V5/><F1/><W14/><REACH who="3" step="1"/><G22/><REACH who="3" ten="341,242,267,140" step="2"/><T7/><D11/><N who="1" m="6335" /><E116/><V19/><F20/><W83/><G83/><T31/><D10/><U99/><E82/><V45/><F23/><W85/><G85/><T133/><D133/><U48/><E81/><V29/><F95/><W71/><G71/><T2/><D2/><U41/><E126/><V89/><F3/><W40/><G40/><T15/><D46/><N who="1" m="25679" /><E24/><V59/><F45/><W60/><G60/><T70/><D44/><U94/><E94/><V128/><F128/><W129/><G129/><T62/><D70/><U84/><AGARI ba="0,1" hai="77,78,84,90,92,97,98,99" m="25679,6335" machi="84" ten="30,1100,0" yaku="8,1" doraHai="21" who="1" fromWho="1" sc="341,-3,242,21,267,-5,140,-3" /><INIT seed="3,0,0,2,0,91" ten="338,263,262,137" oya="3" hai0="119,66,49,103,133,109,36,2,65,84,77,108,40" hai1="132,37,75,53,71,68,106,107,100,63,120,22,24" hai2="70,95,31,69,97,18,92,117,67,111,23,47,134" hai3="88,112,85,129,62,123,116,57,76,34,15,104,25"/><W125/><G112/><T21/><D119/><U101/><E75/><V33/><F117/><W99/><G116/><T30/><D36/><U38/><E120/><V32/><F31/><W78/><G123/><T7/><D133/><U3/><E3/><V96/><F47/><W43/><G129/><T4/><D103/><U122/><E122/><V74/><F74/><W51/><G125/><T42/><D84/><U52/><E22/><V83/><F83/><W98/><G15/><T35/><D35/><U0/><E63/><V135/><F111/><N who="0" m="42570" /><D77/><N who="3" m="29801" /><G25/><N who="0" m="16687" /><D49/><U86/><E24/><V55/><F55/><N who="3" m="34111" /><G104/><T73/><D73/><U80/><E0/><V48/><F48/><W81/><G34/><T113/><D113/><U13/><E13/><V82/><F82/><W41/><G51/><T16/><D2/><U102/><E132/><V121/><F23/><W131/><G131/><T44/><D7/><U19/><E106/><V10/><F121/><W127/><G127/><T110/><D4/><U93/><E107/><V6/><F6/><W105/><G105/><T9/><D110/><U87/><E37/><V130/><F130/><W20/><G20/><T29/><D29/><U17/><E38/><V26/><F26/><W61/><G61/><T27/><D27/><U90/><E68/><V115/><F115/><W28/><G28/><T89/><D16/><N who="1" m="6219" /><E71/><V56/><F18/><W39/><G39/><T126/><D126/><U114/><E114/><V14/><F69/><W118/><G118/><T45/><D9/><U58/><E58/><V60/><F70/><W50/><G50/><T12/><D12/><RYUUKYOKU ba="0,0" sc="338,-15,263,15,262,-15,137,15" hai1="52,53,80,86,87,90,93,100,101,102" hai3="41,43,81,85,88,98,99" /><INIT seed="3,1,0,0,4,103" ten="323,278,247,152" oya="3" hai0="131,75,86,44,130,58,16,66,118,120,11,39,98" hai1="22,23,49,82,43,90,83,10,21,15,24,89,8" hai2="94,133,123,80,95,47,81,52,62,0,40,134,65" hai3="57,45,41,14,6,9,73,63,99,87,38,50,135"/><W116/><G135/><N who="2" m="51721" /><F123/><W92/><G116/><T74/><D120/><U48/><E24/><V2/><F94/><W96/><G73/><T85/><D118/><U56/><E43/><V36/><F95/><W72/><G72/><T5/><D98/><U115/><E115/><V12/><F12/><W121/><G121/><T29/><D29/><U124/><E124/><V54/><F80/><N who="1" m="30761" /><E56/><N who="2" m="37063" /><F81/><W1/><G38/><T70/><D70/><U129/><E129/><V112/><F112/><W132/><G1/><AGARI ba="1,0" hai="0,1,2,36,40,47,52,54" m="37063,51721" machi="1" ten="30,2000,0" yaku="20,1,54,1" doraHai="103" who="2" fromWho="3" sc="323,0,278,0,247,23,152,-23" owari="323,42.3,278,7.8,270,-13.0,129,-37.1" /></mjloggm>