<mjloggm ver="2.3"><GO type="225" lobby="0"/><UN n0="%E5%84%AA%40%41%42%43" n1="%E3%81%A1%E3%82%85%E3%81%86%E3%81%A9%E3%81%8F%E8%B1%A1%E3%81%95%E3%82%93" n2="%E9%80%9F%E6%B0%B4%E5%87%9B%E9%A6%99" n3="%E3%83%B4%E3%83%A0%EF%BC%99%E3%81%A6" dan="17,17,16,17" rate="2207.45,2163.49,2098.12,2248.41" sx="M,M,F,M"/><TAIKYOKU oya="0"/><INIT seed="0,0,0,2,5,85" ten="250,250,250,250" oya="0" hai0="12,28,13,123,112,94,95,105,71,39,16,68,135" hai1="131,10,129,119,126,50,35,21,8,38,106,114,30" hai2="5,61,19,82,33,134,84,90,18,122,97,70,109" hai3="121,128,24,7,74,23,53,43,51,118,11,57,124"/><T42/><D112/><U52/><E38/><V83/><F122/><W92/><G118/><T98/><D123/><U40/><E119/><V75/><F33/><W111/><G121/><T49/><D39/><U66/><E106/><V26/><F109/><W20/><G111/><T6/><D105/><U15/><E66/><V25/><F134/><W69/><G69/><T64/><D28/><U108/><E108/><V41/><F41/><W4/><G74/><T22/><D135/><U17/><E40/><V46/><F46/><W91/><G124/><T3/><D3/><U36/><E36/><V31/><F5/><W77/><G77/><T62/><D68/><U79/><E79/><V88/><F70/><W44/><G128/><N who="1" m="49226" /><E126/><V76/><F61/><N who="3" m="36015" /><G11/><T116/><D116/><U45/><E114/><V54/><F54/><W72/><G20/><T93/><D6/><U96/><E96/><V81/><F97/><N who="3" m="57503" /><G72/><T67/><D64/><U59/><E45/><V9/><F9/><W2/><G2/><T86/><D86/><U58/><E58/><V29/><F75/><W120/><G120/><T103/><REACH who="0" step="1"/><D13/><REACH who="0" ten="240,250,250,250" step="2"/><U127/><E127/><V37/><F37/><W63/><G4/><T110/><D110/><U133/><E133/><V56/><F84/><W60/><G7/><T32/><D32/><U113/><E113/><V34/><F34/><W55/><G55/><T80/><D80/><U107/><E107/><V102/><F82/><W100/><G43/><T65/><D65/><U104/><E104/><V14/><F81/><W89/><G24/><AGARI ba="0,1" hai="8,10,15,17,21,24,30,35,50,52,59" m="49226" machi="24" ten="30,2000,0" yaku="19,1,54,1" doraHai="85" who="1" fromWho="3" sc="240,0,250,30,250,0,250,-20" /><INIT seed="1,0,0,3,1,98" ten="240,280,250,230" oya="1" hai0="35,63,92,7,109,18,65,36,6,11,51,9,133" hai1="62,104,128,10,96,59,68,100,48,121,3,99,81" hai2="90,75,88,44,57,40,33,125,21,50,8,112,119" hai3="66,25,76,114,61,84,94,122,60,55,77,110,29"/><U117/><E117/><V37/><F33/><W56/><G122/><T116/><D36/><U85/><E121/><V26/><F119/><W120/><G120/><T4/><D116/><U91/><E128/><V101/><F75/><W71/><G110/><T107/><D107/><U64/><E99/><V31/><F125/><W19/><G114/><T5/><D35/><U30/><E30/><V58/><F112/><W14/><G84/><T34/><D34/><U132/><E132/><V54/><F57/><W80/><G80/><T95/><D109/><U108/><E108/><V45/><F45/><W53/><G53/><T43/><D133/><U39/><E39/><V113/><F113/><W130/><G130/><T49/><N who="0" m="1024" /><DORA hai="115" /><T2/><D2/><U1/><E10/><N who="0" m="3593" /><D18/><U12/><REACH who="1" step="1"/><E12/><REACH who="1" ten="240,270,250,230" step="2"/><V17/><F8/><W89/><G29/><T70/><D70/><U93/><E93/><V97/><F31/><W13/><G13/><T79/><D95/><AGARI ba="0,1" hai="17,21,26,37,40,44,50,54,58,88,90,95,97,101" machi="95" ten="30,3900,0" yaku="7,1,52,1,54,1" doraHai="98,115" who="2" fromWho="0" sc="240,-39,270,0,250,49,230,0" /><INIT seed="2,0,0,2,4,112" ten="201,270,299,230" oya="2" hai0="43,24,69,23,5,63,40,49,35,72,104,41,27" hai1="119,1,85,38,13,66,90,84,128,94,103,36,14" hai2="32,120,28,6,8,55,59,25,135,15,29,81,30" hai3="109,71,75,113,105,106,67,102,4,11,50,22,73"/><V7/><F120/><W132/><G113/><T56/><D72/><U2/><E66/><V121/><F121/><W108/><G132/><T114/><D114/><U129/><E103/><V122/><F122/><W54/><G22/><T127/><D127/><U125/><E90/><V21/><F135/><W82/><G67/><T126/><D126/><U87/><E94/><V10/><F81/><W98/><G71/><T26/><D35/><U100/><E100/><V131/><F131/><N who="1" m="50249" /><E125/><V133/><F133/><W51/><G105/><T123/><D123/><U46/><E46/><V47/><F47/><N who="3" m="27999" /><G51/><T16/><D104/><U39/><E119/><V68/><F68/><W116/><G82/><T130/><D130/><U117/><E117/><V45/><F45/><W86/><G86/><T107/><D107/><U33/><E33/><V110/><F110/><N who="3" m="42603" /><G116/><T96/><D96/><U31/><E31/><V57/><F57/><W0/><AGARI ba="0,0" hai="0,4,11,73,75,98,102,106" m="42603,27999" machi="0" ten="30,1100,0" yaku="14,1" doraHai="112" who="3" fromWho="3" sc="201,-3,270,-3,299,-5,230,11" /><INIT seed="3,0,0,0,4,30" ten="198,267,294,241" oya="3" hai0="80,90,130,50,69,62,118,83,74,15,26,37,27" hai1="1,4,32,92,123,20,18,28,134,52,13,116,48" hai2="66,101,125,131,72,110,68,113,88,14,33,57,16" hai3="24,114,106,91,58,5,6,60,126,135,23,105,112"/><W124/><G91/><T2/><D118/><U49/><E123/><V19/><F72/><W87/><G87/><T42/><D2/><U59/><E116/><V98/><F113/><W93/><G93/><T111/><D37/><U109/><E92/><N who="2" m="58567" /><F33/><W82/><G82/><T95/><D111/><U39/><E39/><V78/><F68/><W107/><G135/><T122/><D122/><U31/><E109/><V120/><F110/><W29/><G114/><T46/><D130/><U71/><E71/><V36/><F36/><W43/><G43/><T64/><D15/><U10/><E134/><V38/><F38/><W127/><REACH who="3" step="1"/><G112/><REACH who="3" ten="198,267,294,231" step="2"/><T119/><D119/><U11/><E11/><V121/><F121/><W85/><G85/><T81/><REACH who="0" step="1"/><D74/><REACH who="0" ten="188,267,294,231" step="2"/><U9/><E1/><V41/><F120/><W77/><G77/><T70/><D70/><U86/><E13/><V133/><F78/><W115/><G115/><T128/><D128/><U44/><E9/><V132/><F132/><W94/><G94/><T35/><D35/><U56/><E32/><V117/><F133/><W12/><G12/><T65/><D65/><AGARI ba="0,2" hai="5,6,23,24,29,58,60,65,105,106,107,124,126,127" machi="65" ten="50,12000,1" yaku="1,1,18,1,53,3" doraHai="30" doraHaiUra="103" who="3" fromWho="0" sc="188,-120,267,0,294,0,231,140" owari="68,-43.2,267,-13.3,294,9.4,371,47.1" /></mjloggm>