<mjloggm ver="2.3"><GO type="225" lobby="0"/><UN n0="%E3%81%86%E3%82%8C%E3%81%9F%E3%82%93%E6%9E%95" n1="%6D%75%75%6D%75%72%61" n2="%E8%90%BD%E6%97%A5" n3="%E3%83%B4%E3%82%A3%E3%83%AF%E3%82%B3%E3%82%B0%E3%83%8B" dan="16,16,19,16" rate="2189.53,2148.97,2237.59,2173.29" sx="F,F,F,M"/><TAIKYOKU oya="0"/><INIT seed="0,0,0,1,0,1" ten="250,250,250,250" oya="0" hai0="64,115,80,14,29,39,4,45,96,73,123,10,63" hai1="95,8,5,134,94,103,36,48,125,60,0,89,62" hai2="7,33,34,55,12,75,97,20,86,23,58,59,107" hai3="78,51,25,67,101,91,68,127,111,77,117,128,88"/><T44/><D115/><U40/><E36/><V42/><F75/><W118/><G68/><T113/><D113/><U18/><E134/><V132/><F132/><W43/><G67/><T35/><D123/><U41/><E125/><V126/><F126/><W66/><G66/><T54/><D39/><U100/><E18/><V116/><F42/><W3/><G3/><T56/><D54/><U32/><E32/><V133/><F133/><W52/><G43/><T85/><D73/><U71/><E40/><V93/><F107/><W112/><G127/><T17/><D96/><U131/><E131/><V109/><F86/><W122/><G112/><T92/><D92/><U11/><E11/><V9/><F59/><W105/><G122/><T82/><D82/><U108/><E94/><V27/><F23/><W87/><G25/><T72/><D72/><U47/><E108/><V99/><F99/><N who="3" m="61631" /><G91/><N who="0" m="51623" /><D35/><U119/><E119/><V50/><F109/><W53/><G53/><T6/><D29/><U121/><E121/><V65/><F65/><W69/><G69/><T57/><D57/><U74/><E74/><V84/><F84/><W13/><G111/><T28/><D28/><U61/><REACH who="1" step="1"/><E71/><REACH who="1" ten="250,240,250,250" step="2"/><V31/><REACH who="2" step="1"/><F116/><REACH who="2" ten="250,240,240,250" step="2"/><W24/><G117/><T98/><D98/><AGARI ba="0,2" hai="0,5,8,41,47,48,60,61,62,89,95,98,100,103" machi="98" ten="40,8000,1" yaku="1,1,2,1,52,1,53,1" doraHai="1" doraHaiUra="38" who="1" fromWho="0" sc="250,-80,240,100,240,0,250,0" /><INIT seed="1,0,0,1,4,27" ten="170,340,240,250" oya="1" hai0="126,17,96,9,73,63,29,113,94,100,30,85,91" hai1="93,47,62,67,24,135,97,115,121,18,38,58,23" hai2="57,68,87,7,81,69,118,46,10,116,41,106,31" hai3="28,4,133,74,117,36,1,59,80,19,77,111,61"/><U123/><E115/><V66/><F106/><W112/><G112/><T40/><D126/><U49/><E135/><V54/><F66/><W56/><G111/><T45/><D113/><U35/><E38/><V20/><F68/><W129/><G129/><T0/><D73/><U103/><REACH who="1" step="1"/><E35/><REACH who="1" ten="170,330,240,250" step="2"/><V124/><F124/><W22/><G36/><T11/><D0/><U52/><AGARI ba="0,1" hai="18,23,24,47,49,52,58,62,67,93,97,103,121,123" machi="52" ten="20,12000,1" yaku="1,1,2,1,0,1,7,1,54,1,53,0" doraHai="27" doraHaiUra="33" who="1" fromWho="1" sc="170,-40,330,130,240,-40,250,-40" /><INIT seed="1,1,0,1,2,125" ten="130,460,200,210" oya="1" hai0="107,97,64,45,47,29,128,105,106,32,57,67,121" hai1="133,17,108,16,84,101,77,50,13,60,73,54,78" hai2="62,88,5,52,68,7,71,43,24,9,86,1,122" hai3="20,132,93,85,40,14,83,131,53,99,119,94,89"/><U91/><E73/><V18/><F122/><W12/><G132/><T56/><D121/><U118/><E118/><V81/><F7/><W117/><G131/><T90/><D32/><U61/><E133/><V6/><F6/><W130/><G130/><T15/><D29/><U112/><E101/><V100/><F43/><W25/><G40/><T129/><D15/><U11/><E17/><V126/><F126/><W48/><G117/><T127/><D107/><U10/><E10/><V120/><F120/><W80/><G94/><T72/><D127/><U66/><E112/><V3/><F3/><W37/><G37/><T102/><D97/><U124/><E124/><V104/><F100/><W69/><G69/><T51/><D102/><U74/><E74/><V59/><REACH who="2" step="1"/><F104/><REACH who="2" ten="130,460,190,210" step="2"/><W92/><G119/><T41/><D41/><U4/><E4/><V95/><F95/><W76/><G92/><T70/><D90/><U79/><E91/><V36/><F36/><W134/><G134/><T19/><D72/><U113/><E113/><V96/><F96/><W111/><G99/><T114/><D114/><U103/><E103/><V109/><F109/><W116/><G111/><T30/><D70/><U2/><E2/><V42/><F42/><W63/><G116/><T55/><D129/><U75/><E108/><V23/><AGARI ba="1,1" hai="1,5,9,18,23,24,52,59,62,68,71,81,86,88" machi="23" ten="30,8000,1" yaku="1,1,0,1,54,2,53,1" doraHai="125" doraHaiUra="82" who="2" fromWho="2" sc="130,-21,460,-41,190,93,210,-21" /><INIT seed="2,0,0,3,0,107" ten="109,419,283,189" oya="2" hai0="22,41,129,96,110,82,66,80,3,77,15,42,21" hai1="55,116,8,50,18,11,27,1,125,83,103,48,64" hai2="36,12,84,45,93,19,72,94,131,63,52,109,105" hai3="6,91,95,39,123,5,90,128,89,104,16,28,118"/><V29/><F105/><W56/><G118/><T134/><D110/><U54/><E116/><V86/><F131/><W62/><G104/><T81/><D134/><U76/><E103/><V38/><F29/><W24/><G39/><T115/><D115/><U65/><E125/><V79/><F109/><W106/><G106/><T132/><D132/><U100/><E100/><V51/><F63/><W127/><G123/><T10/><D3/><U122/><E1/><V49/><F72/><W117/><G117/><T7/><D77/><U9/><E18/><V60/><F60/><W30/><G128/><T135/><D135/><U20/><E20/><V14/><F79/><W4/><G95/><T108/><D108/><U113/><E27/><V57/><F38/><W112/><G112/><T40/><D129/><U31/><E31/><V2/><F36/><W124/><G16/><T102/><REACH who="0" step="1"/><D66/><REACH who="0" ten="99,419,283,189" step="2"/><U37/><E65/><V133/><F133/><W32/><REACH who="3" step="1"/><G30/><REACH who="3" ten="99,419,283,179" step="2"/><T34/><D34/><U69/><E113/><V67/><F19/><W47/><G47/><T68/><D68/><U130/><E69/><V26/><F45/><W23/><G23/><T114/><D114/><U87/><E122/><V25/><F93/><AGARI ba="0,2" hai="7,10,15,21,22,40,41,42,80,81,82,93,96,102" machi="93" ten="40,5200,0" yaku="1,1,8,1,53,1" doraHai="107" doraHaiUra="92" who="0" fromWho="2" sc="99,72,419,0,283,-52,179,0" /><INIT seed="3,0,0,3,4,25" ten="171,419,231,179" oya="3" hai0="12,55,107,77,84,74,41,73,89,67,18,64,112" hai1="26,63,10,88,87,28,90,52,116,96,4,49,124" hai2="24,37,39,108,38,3,113,31,114,135,30,47,94" hai3="33,106,68,131,130,72,83,101,132,82,115,78,61"/><W54/><G115/><T123/><D107/><U34/><E124/><V69/><F69/><W45/><G132/><T117/><D123/><U121/><E121/><V44/><F3/><W120/><G120/><T128/><D117/><U9/><E116/><V91/><F135/><W53/><G33/><T133/><D133/><U102/><E63/><V19/><F19/><W99/><G82/><N who="0" m="47183" /><D74/><U27/><E27/><V1/><F1/><W6/><G6/><T66/><D73/><U98/><E98/><V104/><F104/><W22/><G22/><N who="0" m="11591" /><D128/><N who="3" m="49193" /><G45/><T70/><D70/><U100/><E4/><V110/><F24/><W105/><G106/><T23/><D112/><U21/><E34/><V58/><F58/><W97/><G97/><T32/><D32/><U0/><E96/><V16/><F39/><W29/><G29/><T62/><D41/><U79/><E0/><V14/><F44/><W57/><G68/><T46/><D23/><U56/><E10/><V36/><F47/><W80/><G80/><T122/><D122/><U20/><E20/><V60/><F113/><W76/><G76/><T129/><D129/><U93/><E9/><V125/><F114/><W127/><G127/><T75/><D75/><U65/><E79/><V2/><F125/><W50/><G50/><N who="0" m="29143" /><D62/><N who="1" m="38087" /><E90/><AGARI ba="0,0" hai="64,66,67,89,90" m="29143,11591,47183" machi="90" ten="30,1000,0" yaku="8,1" doraHai="25" who="0" fromWho="1" sc="171,10,419,-10,231,0,179,0" owari="181,-21.9,409,50.9,231,3.1,179,-32.1" /></mjloggm>