<mjloggm ver="2.3"><GO type="225" lobby="0"/><UN n0="%6D%75%75%73%61%6E%6D%75" n1="%E8%BE%9B%E5%8F%A3%E3%82%AB%E3%83%AC%E3%83%BC%E3%83%A9%E3%82%A4%E3%82%B9" n2="%E4%B8%89%E5%88%86%E5%B0%8F%E5%83%A7" n3="%E3%81%BD%E3%81%A1%E3%81%9F%E3%81%93%E3%82%84" dan="17,17,16,17" rate="2160.39,2232.35,2096.89,2171.48" sx="F,M,M,M"/><TAIKYOKU oya="0"/><INIT seed="0,0,0,2,4,117" ten="250,250,250,250" oya="0" hai0="135,41,79,81,103,118,96,8,102,98,90,63,131" hai1="95,122,31,27,7,43,121,33,89,15,76,111,60" hai2="17,86,26,69,47,23,10,19,1,74,52,58,82" hai3="59,66,11,97,120,38,30,119,75,20,49,32,132"/><T127/><D127/><U125/><E125/><V107/><F69/><W29/><G38/><T64/><D64/><U34/><BYE who="0" /><E111/><V65/><F107/><W128/><G32/><T124/><D124/><U130/><E130/><V50/><F74/><W94/><G75/><T83/><D83/><U110/><E110/><V116/><F116/><W72/><G72/><T133/><D133/><U99/><E34/><V73/><F73/><W80/><G119/><T18/><D18/><U51/><E76/><V85/><F85/><W71/><G71/><T70/><D70/><U84/><E60/><N who="2" m="38039" /><F1/><W104/><G104/><T4/><D4/><U37/><E37/><V28/><F10/><W54/><G66/><T57/><D57/><U78/><E78/><AGARI ba="0,0" hai="17,19,23,26,28,47,50,52,78,82,86" m="38039" machi="78" ten="30,2000,0" yaku="8,1,54,1" doraHai="117" who="2" fromWho="1" sc="250,0,250,-20,250,20,250,0" /><INIT seed="1,0,0,4,0,92" ten="250,230,270,250" oya="1" hai0="10,6,15,17,82,95,99,112,50,76,65,66,56" hai1="84,120,30,94,77,63,72,129,91,113,61,111,104" hai2="43,107,11,103,80,105,24,45,58,132,26,3,135" hai3="97,9,85,74,102,119,115,73,64,46,110,68,14"/><U1/><E113/><V87/><F58/><W12/><G115/><T18/><D18/><U20/><E120/><V39/><F3/><W90/><G110/><T96/><D96/><N who="1" m="57439" /><E72/><V124/><F11/><W116/><G46/><T60/><D60/><N who="1" m="23115" /><E104/><V127/><F26/><W48/><G64/><T41/><D41/><U22/><E1/><V71/><F24/><W31/><G48/><T98/><D98/><U106/><E106/><N who="2" m="40459" /><F103/><W114/><G114/><T8/><D8/><U130/><E111/><V75/><F71/><W13/><G68/><T32/><D32/><U16/><E30/><V7/><F7/><W51/><G31/><T121/><D121/><U29/><E29/><V69/><F75/><W59/><G73/><T53/><D53/><U27/><E22/><V100/><F100/><W34/><G34/><T35/><D35/><U108/><E108/><V118/><F69/><W54/><G74/><T109/><D109/><U36/><E36/><V23/><F23/><W42/><G9/><T28/><D28/><U44/><E44/><V117/><F117/><W83/><G116/><T67/><D67/><U122/><E122/><V4/><F4/><W79/><G119/><T134/><D134/><N who="2" m="51242" /><F118/><W86/><G102/><T93/><D93/><U133/><E133/><V21/><F21/><W19/><G83/><T40/><D40/><U37/><E37/><V123/><F123/><W126/><G42/><T55/><D55/><U131/><E131/><V88/><AGARI ba="0,0" hai="39,43,45,80,87,88,124,127" m="51242,40459" machi="88" ten="40,2700,0" yaku="20,1,54,1" doraHai="92" who="2" fromWho="2" sc="250,-7,230,-13,270,27,250,-7" /><INIT seed="2,0,0,2,1,133" ten="243,217,297,243" oya="2" hai0="84,130,127,26,1,91,53,36,77,4,115,95,49" hai1="38,72,87,11,129,128,97,88,69,18,57,5,118" hai2="111,66,9,33,75,19,24,125,14,46,0,121,124" hai3="23,15,106,40,32,100,30,61,110,92,122,117,104"/><V7/><F75/><W102/><G117/><T39/><D39/><U120/><E72/><V41/><F121/><W10/><G122/><T21/><D21/><U96/><E120/><V45/><F66/><W44/><G32/><T47/><D47/><U74/><E74/><V16/><F111/><W126/><G110/><T105/><D105/><U58/><E69/><V64/><F64/><W76/><G126/><N who="2" m="48745" /><F41/><W8/><G104/><T17/><D17/><N who="2" m="6730" /><F0/><W62/><G40/><T2/><D2/><U20/><E128/><V83/><F83/><W98/><G106/><T28/><D28/><AGARI ba="0,0" hai="7,9,14,24,28,33,45,46" m="6730,48745" machi="28" ten="30,12000,1" yaku="18,1,52,3,54,1" doraHai="133" who="2" fromWho="0" sc="243,-120,217,0,297,120,243,0" /><INIT seed="2,1,0,2,0,93" ten="123,217,417,243" oya="2" hai0="60,96,46,135,61,125,110,122,89,128,90,84,115" hai1="124,67,62,116,80,21,105,32,118,103,75,83,71" hai2="37,4,48,100,56,53,24,109,1,121,7,72,86" hai3="29,3,120,42,59,112,23,97,50,30,39,25,55"/><V68/><F72/><W81/><G120/><T49/><D49/><U104/><E124/><V36/><F68/><W44/><G112/><T94/><D94/><U69/><E21/><V126/><F126/><W54/><G3/><T51/><D51/><U91/><E71/><V114/><F114/><W113/><G113/><T117/><D117/><U132/><E132/><V16/><F121/><W79/><G55/><T106/><D106/><U107/><E103/><V129/><F129/><W92/><G23/><T130/><D130/><U14/><E14/><V6/><F1/><W78/><G25/><T88/><D88/><U111/><E111/><V63/><F109/><W33/><G33/><T66/><D66/><U95/><E32/><V15/><F24/><W27/><G27/><T5/><D5/><U35/><E35/><V119/><F119/><W131/><G79/><T19/><D19/><U87/><REACH who="1" step="1"/><E83/><REACH who="1" ten="123,207,417,243" step="2"/><V77/><F100/><W2/><G2/><T73/><D73/><U20/><E20/><N who="2" m="11295" /><F37/><W65/><G131/><T133/><D133/><U18/><E18/><V26/><F36/><W22/><G22/><T28/><D28/><U134/><E134/><V102/><F26/><W10/><G29/><T108/><D108/><U70/><E70/><V45/><F102/><N who="3" m="60711" /><G30/><T76/><D76/><AGARI ba="1,1" hai="62,67,69,75,76,80,87,91,95,104,105,107,116,118" machi="76" ten="40,1300,0" yaku="1,1,53,0" doraHai="93" doraHaiUra="12" who="1" fromWho="0" sc="123,-16,207,26,417,0,243,0" /><INIT seed="3,0,0,1,1,39" ten="107,233,417,243" oya="3" hai0="33,69,12,126,24,26,20,85,88,72,0,79,129" hai1="135,15,92,57,94,131,38,5,8,21,100,27,115" hai2="55,119,93,34,110,31,52,108,18,70,117,11,91" hai3="25,29,40,86,60,87,36,32,14,84,90,116,16"/><W6/><G116/><N who="2" m="44617" /><F70/><W125/><G125/><T56/><D56/><U47/><E115/><V17/><F31/><W132/><G132/><T113/><D113/><U111/><E135/><V2/><F34/><W9/><G60/><T53/><D53/><N who="2" m="20554" /><F2/><W114/><G114/><T99/><D99/><U128/><E111/><N who="2" m="42539" /><F11/><W37/><G40/><T95/><D95/><U98/><E94/><V103/><F103/><W71/><G71/><T35/><D35/><U134/><E134/><V67/><F67/><W80/><G90/><T124/><D124/><U58/><E47/><V44/><F44/><W50/><G80/><T78/><D78/><U120/><E120/><V101/><F101/><W41/><REACH who="3" step="1"/><G6/><REACH who="3" ten="107,233,417,233" step="2"/><T1/><D1/><U45/><E38/><V81/><F81/><W102/><G102/><T46/><D46/><AGARI ba="0,1" hai="9,14,16,25,29,32,36,37,41,46,50,84,86,87" machi="46" ten="40,7700,0" yaku="1,1,52,1,54,1,53,0" doraHai="39" doraHaiUra="118" who="3" fromWho="0" sc="107,-77,233,0,417,0,233,87" /><INIT seed="3,1,0,5,1,38" ten="30,233,417,320" oya="3" hai0="17,3,111,114,74,88,102,98,36,115,135,91,103" hai1="44,27,54,104,73,131,120,124,42,101,129,35,30" hai2="5,32,78,19,62,130,94,105,116,75,99,2,1" hai3="70,47,109,121,123,8,113,117,7,48,60,125,81"/><W83/><G113/><T53/><D53/><U100/><E120/><V64/><F105/><W4/><G117/><T41/><D41/><U55/><E73/><V89/><F32/><W90/><G125/><T43/><D43/><U24/><E124/><V28/><F28/><W23/><G109/><T12/><D12/><U50/><E24/><V65/><F116/><W80/><G90/><T26/><D26/><U37/><E55/><V56/><F130/><W71/><G23/><T31/><D31/><U66/><E66/><V10/><F19/><W15/><G4/><T33/><D33/><U6/><E6/><V0/><REACH who="2" step="1"/><F64/><REACH who="2" ten="30,233,407,320" step="2"/><W34/><G34/><T16/><D16/><U112/><E112/><V18/><F18/><W107/><G107/><T11/><D11/><U22/><E104/><V61/><F61/><W21/><G21/><T25/><D25/><U82/><E35/><V9/><F9/><W58/><G121/><T77/><D77/><U51/><E37/><V67/><F67/><N who="3" m="39319" /><G123/><T40/><D40/><U49/><E49/><V84/><F84/><W68/><G48/><T29/><D29/><U106/><E106/><V20/><F20/><W57/><G47/><T134/><D134/><U122/><E122/><V96/><F96/><W92/><G57/><T69/><D69/><U45/><REACH who="1" step="1"/><E82/><AGARI ba="1,1" hai="0,1,2,5,10,56,62,65,75,78,82,89,94,99" machi="82" ten="40,1300,0" yaku="1,1,53,0" doraHai="38" doraHaiUra="118" who="2" fromWho="1" sc="30,0,233,-16,407,26,320,0" owari="30,-47.0,217,-18.3,433,53.3,320,12.0" /></mjloggm>