<mjloggm ver="2.3"><GO type="225" lobby="0"/><UN n0="%72%69%6F%75%63%68%61%6E" n1="%6D%75%75%73%61%6E%6D%75" n2="%6E%69%63%6F%6E%74%6F" n3="%E3%83%A9%E3%83%BC%E3%83%A1%E3%83%B3%E4%BA%94%E9%83%8E" dan="16,16,16,16" rate="2171.05,2060.86,2089.06,2095.77" sx="M,F,M,M"/><TAIKYOKU oya="0"/><INIT seed="0,0,0,5,3,117" ten="250,250,250,250" oya="0" hai0="72,130,91,34,76,98,6,53,121,13,94,30,11" hai1="70,31,26,80,8,59,64,105,84,55,119,4,118" hai2="22,88,39,81,132,18,28,71,75,68,112,114,7" hai3="10,95,134,21,125,42,113,102,85,14,45,17,83"/><T33/><D121/><U15/><E105/><V2/><F132/><W38/><G125/><T79/><D130/><U1/><E70/><V135/><F135/><W54/><G113/><T56/><D72/><U36/><E64/><V0/><F39/><W106/><G106/><T52/><D53/><U124/><E1/><V133/><F133/><W12/><G134/><T93/><D30/><U65/><E36/><V77/><F28/><W9/><G54/><T49/><REACH who="0" step="1"/><D93/><REACH who="0" ten="240,250,250,250" step="2"/><U3/><E124/><V82/><F114/><W111/><G95/><T109/><D109/><U41/><E41/><V128/><F112/><W110/><G110/><T44/><D44/><U96/><E118/><V29/><F128/><W62/><G111/><T73/><D73/><U127/><E119/><V58/><F29/><W99/><G45/><T126/><D126/><U20/><E127/><V123/><F123/><W40/><G40/><T131/><D131/><U104/><E104/><V35/><F75/><W116/><G116/><T103/><D103/><U67/><E55/><V24/><F35/><AGARI ba="0,1" hai="6,11,13,33,34,35,49,52,56,76,79,91,94,98" machi="35" ten="40,3900,0" yaku="1,1,54,1,53,0" doraHai="117" doraHaiUra="32" who="0" fromWho="2" sc="240,49,250,0,250,-39,250,0" /><INIT seed="0,1,0,3,2,64" ten="289,250,211,250" oya="0" hai0="100,31,18,111,66,32,62,73,4,50,68,54,122" hai1="71,8,103,104,37,29,44,2,12,48,96,17,46" hai2="90,98,106,99,53,112,130,133,84,40,135,132,15" hai3="10,80,77,13,51,117,7,97,52,88,87,113,45"/><T38/><D122/><U74/><E74/><V24/><F112/><W35/><G113/><T11/><D73/><U25/><E2/><V91/><F40/><W114/><G114/><T128/><D128/><U61/><E37/><V101/><F130/><W118/><REACH who="3" step="1"/><G35/><REACH who="3" ten="289,250,211,240" step="2"/><T119/><D32/><N who="1" m="20527" /><E48/><V115/><F115/><W9/><G9/><T116/><D38/><U131/><E131/><V92/><F24/><W94/><AGARI ba="1,1" hai="7,10,13,45,51,52,77,80,87,88,94,97,117,118" machi="94" ten="30,7900,0" yaku="1,1,0,1,54,2,53,0" doraHai="64" doraHaiUra="127" who="3" fromWho="3" sc="289,-40,250,-21,211,-21,240,92" /><INIT seed="1,0,0,4,4,85" ten="249,229,190,332" oya="1" hai0="72,69,100,22,47,107,75,27,11,34,127,9,68" hai1="62,82,13,105,57,104,31,25,8,48,133,92,38" hai2="52,83,0,46,89,79,50,71,67,87,26,130,43" hai3="96,53,40,1,7,112,94,134,119,37,117,81,95"/><U121/><E121/><V128/><F0/><W131/><G112/><T108/><D108/><U76/><E38/><V103/><F103/><W73/><G134/><T39/><D127/><U10/><E133/><V29/><F67/><W77/><G131/><N who="2" m="50217" /><F71/><W36/><G53/><T17/><D34/><U42/><E42/><V125/><F125/><W111/><G111/><T24/><D27/><U12/><E48/><V20/><F43/><W86/><G73/><T91/><D68/><U21/><E92/><N who="3" m="35370" /><G96/><T78/><D69/><U64/><E12/><V28/><F28/><W5/><G1/><T102/><D75/><U15/><E15/><V56/><F56/><W126/><G126/><T124/><D124/><U114/><E114/><V109/><F109/><W66/><G66/><T129/><D129/><U59/><E59/><V116/><F116/><N who="3" m="44619" /><G40/><T2/><D2/><U65/><E65/><V33/><F33/><W113/><G113/><T106/><D106/><U99/><E99/><V90/><AGARI ba="0,0" hai="20,26,29,46,50,52,79,83,87,89,90" m="50217" machi="90" ten="30,7900,0" yaku="19,1,52,2,54,1" doraHai="85" who="2" fromWho="2" sc="249,-20,229,-39,190,79,332,-20" /><INIT seed="2,0,0,2,2,121" ten="229,190,269,312" oya="2" hai0="124,66,99,65,60,119,103,1,29,123,24,117,71" hai1="68,22,105,104,89,14,53,0,111,90,3,63,114" hai2="50,72,116,23,87,32,57,4,126,52,10,27,17" hai3="39,44,31,18,19,15,133,93,112,59,85,12,33"/><V67/><F116/><N who="0" m="44618" /><D123/><U110/><E114/><V86/><F72/><W84/><G112/><T7/><D124/><U81/><E14/><V88/><F126/><W11/><G133/><T77/><D77/><U130/><E22/><V56/><F32/><W41/><G33/><N who="0" m="20647" /><D65/><N who="1" m="41023" /><E53/><V38/><F38/><W78/><G31/><T107/><D7/><U48/><E48/><V36/><F36/><W100/><G78/><T70/><D71/><U2/><E81/><V92/><F67/><W40/><G40/><T6/><D6/><U102/><E102/><V97/><F57/><W61/><G100/><T125/><D125/><U13/><E13/><AGARI ba="0,0" hai="4,10,13,17,23,27,50,52,56,86,87,88,92,97" machi="13" ten="30,11600,0" yaku="7,1,8,1,54,2" doraHai="121" who="2" fromWho="1" sc="229,0,190,-116,269,116,312,0" /><INIT seed="2,1,0,2,4,102" ten="229,74,385,312" oya="2" hai0="95,74,107,9,63,71,117,48,1,124,27,113,89" hai1="34,133,134,87,46,123,0,20,42,62,55,104,32" hai2="118,3,30,131,50,41,44,106,97,86,81,59,72" hai3="38,101,100,119,94,58,121,33,130,68,17,35,99"/><V129/><F3/><W98/><G68/><T73/><D113/><U114/><E114/><V78/><F118/><W91/><G119/><T105/><D117/><U26/><E0/><V103/><F30/><W51/><G38/><T36/><D36/><U57/><E123/><V111/><F111/><W47/><G121/><T40/><D124/><U5/><E5/><V85/><REACH who="2" step="1"/><F59/><REACH who="2" ten="229,74,375,312" step="2"/><W19/><G58/><T65/><D1/><U75/><E57/><V22/><F22/><W29/><G29/><T88/><D9/><U90/><E20/><V70/><F70/><W125/><G33/><T4/><D4/><U128/><E32/><V135/><F135/><W61/><G35/><T49/><D71/><U37/><E34/><V43/><F43/><W77/><G17/><T92/><D40/><U79/><E42/><V69/><F69/><W84/><G19/><T39/><D39/><U15/><E37/><V60/><F60/><W127/><G61/><T23/><D63/><U45/><E62/><V67/><F67/><W93/><G125/><T7/><D23/><U82/><E133/><V14/><F14/><W10/><G127/><T16/><D7/><U28/><E134/><V66/><F66/><W96/><G51/><T116/><D116/><U11/><E15/><V76/><F76/><W64/><G77/><T24/><D16/><U115/><E28/><V6/><F6/><W126/><G126/><T13/><D13/><U112/><E79/><V108/><F108/><W25/><G64/><AGARI ba="1,1" hai="24,27,48,49,64,65,73,74,88,89,92,95,105,107" machi="64" ten="25,8000,1" yaku="22,2,52,2,54,1" doraHai="102" who="0" fromWho="3" sc="229,93,74,0,375,0,312,-83" /><INIT seed="3,0,0,2,2,30" ten="322,74,375,229" oya="3" hai0="20,110,90,123,1,35,9,32,50,125,77,10,134" hai1="29,51,81,89,130,6,124,53,104,61,83,23,135" hai2="4,70,103,56,82,21,55,95,98,131,2,80,13" hai3="66,108,34,17,113,18,115,97,0,117,128,33,74"/><W26/><G74/><T42/><D123/><U65/><E104/><V73/><F70/><W118/><G66/><T25/><D110/><U86/><E130/><V87/><F73/><W7/><G97/><T57/><D125/><U52/><E124/><V102/><F2/><W92/><G92/><T133/><D77/><U5/><E135/><N who="0" m="51721" /><D90/><U38/><E38/><V88/><F131/><W58/><G58/><T16/><D9/><U62/><E83/><N who="2" m="49279" /><F103/><W49/><G49/><T27/><D27/><U119/><E119/><N who="3" m="45578" /><G128/><T19/><D1/><U75/><E75/><V122/><F122/><W46/><G46/><N who="0" m="25943" /><D57/><U40/><E40/><V22/><F82/><W12/><G108/><T45/><D45/><U68/><E62/><N who="2" m="36127" /><F80/><W8/><G26/><T41/><D41/><U37/><E37/><V48/><F48/><W99/><G99/><T78/><D78/><U127/><E127/><V114/><F102/><W91/><G91/><T64/><D64/><U94/><E81/><V11/><F98/><W79/><G79/><T105/><D105/><U72/><E72/><V112/><F95/><W36/><G36/><T93/><D93/><U71/><E71/><V39/><F39/><W31/><G31/><T106/><D106/><U120/><E120/><V111/><F111/><W76/><G76/><T67/><D67/><U28/><E28/><V15/><F15/><AGARI ba="0,0" hai="10,15,16,19,20,25,32,35" m="25943,51721" machi="15" ten="30,7700,0" yaku="20,1,52,2,54,1" doraHai="30" who="0" fromWho="2" sc="322,77,74,0,375,-77,229,0" owari="399,49.9,74,-42.6,298,9.8,229,-17.1" /></mjloggm>