<mjloggm ver="2.3"><GO type="225" lobby="0"/><UN n0="%E7%89%B9%E6%9D%B1%E3%81%AF%E4%B8%96%E7%95%8C%E3%82%92%E6%95%91%E3%81%86" n1="%E3%81%AA%E3%82%81%E3%81%93%E9%9B%80%E5%A3%AB" n2="%6E%69%63%6F%6E%74%6F" n3="%28%EF%BF%A3%E2%96%BD%EF%BF%A3%29%CE%B4%E2%8C%92%E3%83%BB" dan="16,16,16,16" rate="2050.65,2061.34,2113.28,2093.86" sx="M,M,M,M"/><TAIKYOKU oya="0"/><INIT seed="0,0,0,4,1,0" ten="250,250,250,250" oya="0" hai0="128,24,6,81,80,105,58,82,34,50,27,117,98" hai1="124,89,45,57,18,56,26,133,64,115,79,47,114" hai2="5,73,65,111,59,88,87,125,135,55,9,99,13" hai3="53,96,30,116,54,90,40,94,4,42,130,100,102"/><T74/><D117/><U48/><E124/><V101/><F125/><W110/><G116/><T44/><D74/><U71/><E79/><V14/><F135/><W28/><G110/><T67/><D128/><U25/><E133/><V21/><F111/><W77/><G77/><T78/><D78/><U72/><E71/><V39/><F39/><W12/><G130/><T33/><D105/><U92/><E72/><V104/><F73/><W129/><G129/><T118/><D118/><U46/><E64/><V70/><F70/><W108/><G108/><T60/><D98/><U31/><E18/><V126/><F126/><W120/><G120/><T103/><D103/><N who="3" m="39465" /><G54/><T20/><D6/><U35/><E26/><V38/><F38/><W122/><G53/><T19/><REACH who="0" step="1"/><D24/><REACH who="0" ten="240,250,250,250" step="2"/><U119/><E119/><V107/><F107/><W15/><G122/><T1/><D1/><U2/><E2/><V17/><F104/><W109/><G109/><T121/><D121/><U52/><REACH who="1" step="1"/><E56/><REACH who="1" ten="240,240,250,250" step="2"/><V3/><F3/><W37/><G15/><T106/><D106/><U8/><E8/><V86/><F14/><W16/><G12/><T93/><D93/><U36/><E36/><V112/><F13/><W95/><G37/><T7/><D7/><U49/><E49/><V62/><F9/><W51/><G51/><T66/><D66/><U63/><E63/><V10/><F10/><W29/><G4/><T85/><D85/><AGARI ba="0,2" hai="25,31,35,45,46,47,48,52,57,85,89,92,114,115" machi="85" ten="40,2600,0" yaku="1,1,54,1,53,0" doraHai="0" doraHaiUra="76" who="1" fromWho="0" sc="240,-26,240,46,250,0,250,0" /><INIT seed="1,0,0,1,0,112" ten="214,286,250,250" oya="1" hai0="84,75,39,69,37,134,51,57,130,2,120,125,43" hai1="76,105,93,28,108,33,99,121,49,56,60,89,107" hai2="78,50,83,10,11,55,18,41,129,67,38,85,14" hai3="30,74,59,62,54,21,36,127,26,116,22,24,132"/><U52/><E121/><V40/><F129/><W94/><G74/><T12/><D75/><U72/><E108/><V90/><F67/><W79/><G79/><T109/><D2/><U135/><E135/><V86/><F38/><N who="0" m="14346" /><D12/><U104/><E28/><V25/><F25/><W6/><G36/><T88/><D88/><U15/><E15/><V70/><F70/><W122/><G132/><T32/><D84/><U48/><REACH who="1" step="1"/><E33/><REACH who="1" ten="214,276,250,250" step="2"/><V102/><F11/><W44/><G122/><T4/><D32/><U8/><E8/><V111/><F111/><W98/><G127/><T95/><D109/><U0/><E0/><V82/><REACH who="2" step="1"/><F102/><REACH who="2" ten="214,276,240,250" step="2"/><W97/><G30/><T101/><D101/><U35/><E35/><V131/><F131/><W42/><G26/><T114/><D130/><U71/><E71/><V119/><F119/><W58/><G116/><T29/><D69/><U110/><E110/><V7/><F7/><W80/><G6/><T117/><D134/><U9/><E9/><V45/><AGARI ba="0,2" hai="10,14,18,40,41,45,50,55,78,82,83,85,86,90" machi="45" ten="20,16000,3" yaku="1,1,0,1,7,1,25,2,8,1,53,2" doraHai="112" doraHaiUra="77" who="2" fromWho="2" sc="214,-40,276,-80,240,180,250,-40" /><INIT seed="2,0,0,0,2,109" ten="174,196,420,210" oya="2" hai0="64,75,134,23,111,74,41,92,132,79,21,67,63" hai1="48,125,124,58,13,5,56,86,28,19,88,130,6" hai2="73,97,106,35,11,52,25,133,123,127,33,78,22" hai3="120,54,82,70,42,105,119,8,53,1,37,108,89"/><V100/><F123/><W118/><G105/><T129/><D111/><U107/><E28/><V7/><F133/><N who="0" m="51306" /><D41/><U39/><E39/><V102/><F102/><W27/><G108/><T112/><D129/><U18/><E18/><V91/><F127/><N who="1" m="48713" /><E107/><V77/><F91/><W87/><G120/><T29/><D92/><N who="1" m="54295" /><E130/><V65/><F65/><N who="0" m="25162" /><D63/><U85/><E85/><V113/><F113/><W15/><G70/><T60/><D60/><U90/><E90/><V103/><F103/><W114/><G114/><T95/><D112/><U12/><E12/><V45/><F78/><W84/><G15/><T34/><D95/><U122/><E122/><V110/><F77/><W26/><G119/><T30/><D34/><U3/><E3/><V55/><F110/><W2/><G118/><T62/><D62/><U93/><E93/><V101/><F101/><W57/><G1/><T9/><D9/><N who="1" m="6575" /><E58/><V4/><F35/><W50/><G57/><T17/><D17/><U104/><E104/><V47/><F33/><W16/><G2/><T83/><D75/><U14/><E14/><V40/><F73/><W131/><G131/><T117/><D117/><U116/><E116/><V99/><F11/><W51/><G8/><T59/><D59/><U38/><E38/><V36/><F106/><W96/><G37/><T66/><N who="0" m="25170" /><T61/><DORA hai="98" /><D61/><U81/><E81/><V72/><F72/><W121/><G82/><T126/><D126/><U49/><E56/><V94/><F36/><W44/><G121/><T24/><D23/><U0/><E0/><V135/><F22/><N who="3" m="13639" /><G27/><T32/><D30/><RYUUKYOKU ba="0,0" sc="174,15,196,15,420,-15,210,-15" hai0="21,24,29,32,74,79,83" hai1="5,6,48,49" /><INIT seed="3,1,0,2,2,132" ten="189,211,405,195" oya="3" hai0="55,44,59,127,9,79,95,46,7,73,117,119,93" hai1="131,53,125,1,64,22,103,121,135,118,80,115,34" hai2="25,94,14,4,0,106,45,71,30,52,68,17,99" hai3="110,47,84,6,33,90,126,97,54,100,12,105,112"/><W49/><G33/><T76/><D127/><U85/><E34/><V43/><F106/><W36/><G112/><T41/><D73/><U83/><E125/><V81/><F81/><W10/><G110/><T18/><D18/><U28/><E1/><V77/><F77/><N who="0" m="29770" /><D119/><U102/><E83/><V35/><F52/><W89/><G126/><T40/><D117/><U91/><E131/><V130/><F130/><W26/><G26/><T96/><D9/><U128/><E64/><V62/><F62/><W37/><REACH who="3" step="1"/><G90/><REACH who="3" ten="189,211,405,185" step="2"/><N who="0" m="55351" /><D7/><U72/><E115/><V122/><F4/><W107/><G107/><T32/><D32/><U13/><E118/><V116/><F116/><W60/><G60/><N who="0" m="35967" /><D95/><AGARI ba="1,1" hai="6,10,12,36,37,47,49,54,84,89,95,97,100,105" machi="95" ten="30,2900,0" yaku="1,1,7,1,53,0" doraHai="132" doraHaiUra="61" who="3" fromWho="0" sc="189,-32,211,0,405,0,185,42" /><INIT seed="3,2,0,5,2,76" ten="157,211,405,227" oya="3" hai0="33,135,110,54,22,48,6,15,46,1,84,79,126" hai1="62,85,40,52,20,107,0,115,18,17,113,45,118" hai2="41,83,67,105,134,92,32,50,90,112,128,68,114" hai3="35,30,117,8,87,103,101,49,88,23,14,10,86"/><W102/><G117/><T7/><D110/><U95/><E107/><V38/><F38/><W122/><G122/><T59/><D135/><U94/><E0/><V42/><F32/><W11/><G35/><T123/><D126/><U16/><E118/><V111/><F105/><W12/><G86/><T74/><D74/><U78/><E115/><V71/><F50/><W25/><REACH who="3" step="1"/><G49/><REACH who="3" ten="157,211,405,217" step="2"/><T132/><D33/><U129/><E85/><V97/><F114/><W3/><G3/><T73/><D123/><U43/><E113/><V119/><F112/><W29/><G29/><T106/><D1/><U55/><E129/><V21/><F119/><W82/><AGARI ba="2,1" hai="8,10,11,12,14,23,25,30,82,87,88,101,102,103" machi="82" ten="30,12000,1" yaku="1,1,0,1,8,1,52,1,54,1,53,0" doraHai="76" doraHaiUra="65" who="3" fromWho="3" sc="157,-42,211,-42,405,-42,217,136" /><INIT seed="3,3,0,2,5,116" ten="115,169,363,353" oya="3" hai0="21,120,9,23,77,12,70,67,127,129,55,100,3" hai1="22,18,122,126,65,20,130,10,85,45,99,48,46" hai2="24,58,119,71,87,98,19,52,91,53,60,38,118" hai3="94,30,69,93,133,110,112,11,34,13,16,29,95"/><W103/><G112/><T108/><D77/><U33/><E122/><V39/><F71/><W90/><G69/><T81/><D81/><U56/><E33/><V14/><F24/><W59/><G133/><T40/><D100/><U86/><E130/><V15/><F98/><N who="3" m="59855" /><G34/><T131/><D40/><U115/><E126/><V82/><F15/><W32/><G32/><T25/><D55/><U76/><E99/><V62/><F119/><W106/><G106/><T134/><D67/><U28/><E28/><N who="3" m="10858" /><G110/><T4/><D70/><U0/><E0/><V57/><F118/><W1/><G1/><T49/><D49/><U74/><E74/><V68/><F68/><W54/><G90/><T75/><D75/><U109/><E109/><V135/><F135/><W80/><G80/><T96/><D96/><U66/><E76/><V125/><F125/><W104/><G104/><T92/><D92/><U105/><E105/><V8/><AGARI ba="3,0" hai="8,14,19,38,39,52,53,57,58,60,62,82,87,91" machi="8" ten="20,5200,0" yaku="0,1,7,1,9,1,54,1" doraHai="116" who="2" fromWho="2" sc="115,-16,169,-16,363,61,353,-29" owari="99,-40.1,153,-24.7,424,52.4,324,12.4" /></mjloggm>