<mjloggm ver="2.3"><GO type="225" lobby="0"/><UN n0="%E3%83%B4%E3%83%A0%EF%BC%99%E3%81%A6" n1="%6D%75%75%6D%75%72%61" n2="%E9%80%9F%E6%B0%B4%E5%87%9B%E9%A6%99" n3="%E4%B8%89%E5%86%A0%E7%8E%8B%E3%83%BB%E5%B1%B1%E7%94%B0%E5%93%B2%E4%BA%BA" dan="17,16,16,16" rate="2160.75,2112.22,2163.57,2163.82" sx="M,F,F,M"/><TAIKYOKU oya="0"/><INIT seed="0,0,0,3,4,77" ten="250,250,250,250" oya="0" hai0="31,45,48,107,3,106,120,91,99,68,72,89,85" hai1="14,93,121,95,130,26,21,135,49,76,113,109,25" hai2="53,59,69,131,6,32,127,111,112,44,63,42,128" hai3="116,0,123,17,79,90,115,4,103,82,58,97,43"/><T92/><D120/><U39/><E121/><V11/><F32/><W125/><G123/><T80/><D68/><U15/><E39/><V52/><F112/><W60/><G116/><T27/><D3/><U61/><E109/><V54/><F69/><W47/><G125/><T74/><D106/><U16/><E130/><N who="2" m="49707" /><F111/><W96/><G115/><T100/><D91/><U87/><E135/><V34/><F34/><W9/><G17/><T50/><D107/><U66/><E113/><V81/><F81/><W12/><G90/><T46/><D48/><U20/><E49/><N who="2" m="26775" /><F127/><W70/><G103/><T86/><D86/><U51/><E51/><V84/><F84/><W105/><G105/><T30/><D45/><U64/><E87/><V88/><F88/><W117/><G70/><T1/><D1/><AGARI ba="0,0" hai="1,6,11,52,53,54,59,63" m="26775,49707" machi="1" ten="30,2000,0" yaku="19,1,54,1" doraHai="77" who="2" fromWho="0" sc="250,-20,250,0,250,20,250,0" /><INIT seed="1,0,0,1,5,123" ten="230,250,270,250" oya="1" hai0="105,92,135,107,15,20,6,96,116,61,22,45,73" hai1="35,21,85,62,76,38,49,106,56,34,33,124,102" hai2="82,97,125,86,84,81,54,11,114,71,19,53,63" hai3="90,117,119,55,32,47,14,118,78,43,65,66,99"/><U87/><E38/><V57/><F125/><W25/><G78/><T69/><D116/><U70/><E124/><V126/><F71/><W112/><G112/><T95/><D73/><U8/><E70/><V51/><F126/><W3/><G3/><T29/><D135/><U89/><E106/><V98/><F114/><W101/><G90/><T0/><D0/><U132/><E132/><V68/><F68/><W67/><G55/><T75/><D75/><U16/><E102/><V103/><F103/><W13/><G25/><T7/><D45/><U128/><E49/><V88/><F11/><W93/><REACH who="3" step="1"/><G32/><REACH who="3" ten="230,250,270,240" step="2"/><T104/><D15/><U109/><E35/><V77/><REACH who="2" step="1"/><F19/><REACH who="2" ten="230,250,260,240" step="2"/><W37/><AGARI ba="0,2" hai="13,14,37,43,47,65,66,67,93,99,101,117,118,119" machi="37" ten="40,8000,1" yaku="1,1,2,1,0,1,12,1,53,1" doraHai="123" doraHaiUra="42" who="3" fromWho="3" sc="230,-20,250,-40,260,-20,240,100" /><INIT seed="2,0,0,3,3,112" ten="210,210,240,340" oya="2" hai0="82,129,4,54,52,102,76,20,39,56,63,41,94" hai1="100,113,40,115,127,21,16,70,50,23,67,11,134" hai2="69,120,133,83,51,79,49,135,93,14,60,47,116" hai3="118,78,97,77,89,73,111,61,53,27,88,36,59"/><V117/><F93/><N who="3" m="56487" /><G118/><N who="2" m="45673" /><F14/><W92/><G36/><T122/><D122/><U46/><E134/><N who="2" m="51211" /><F120/><W15/><G73/><T43/><D129/><U6/><E127/><V109/><F109/><W28/><G15/><T99/><D39/><U19/><E100/><V57/><F69/><W45/><G111/><T107/><D4/><U35/><E35/><V2/><F2/><W74/><G74/><T24/><D54/><U119/><E119/><V48/><F47/><W126/><G126/><T98/><D98/><U130/><E130/><V96/><F96/><W85/><G45/><T13/><D13/><U38/><E113/><V7/><F7/><W75/><G75/><T108/><D108/><U132/><E132/><V103/><F103/><W105/><G105/><T121/><D107/><U0/><E115/><V34/><F34/><W58/><G58/><T37/><D121/><U114/><E114/><V131/><F131/><W68/><G68/><T17/><D37/><U25/><E38/><V3/><F3/><W62/><G92/><T123/><D123/><U104/><E104/><V81/><F79/><W29/><G78/><T124/><D124/><U10/><E0/><V32/><F32/><W42/><G77/><T64/><D76/><U33/><E33/><V18/><F18/><W66/><G59/><N who="0" m="36991" /><D82/><U12/><E6/><V5/><F5/><W110/><G110/><T128/><D128/><U86/><E86/><V106/><F106/><W65/><G85/><T80/><D80/><U95/><E95/><V90/><F90/><W125/><G125/><T9/><D9/><N who="1" m="3083" /><E70/><V87/><F87/><RYUUKYOKU ba="0,0" sc="210,10,210,10,240,10,340,-30" hai0="17,20,24,41,43,52,56,94,99,102" hai1="12,16,19,21,23,25,40,46,50,67" hai2="48,49,51,57,60,81,83" /><INIT seed="2,1,0,0,4,113" ten="220,220,250,310" oya="2" hai0="52,78,108,36,4,71,110,38,17,12,13,94,114" hai1="62,59,124,121,132,106,22,101,134,74,73,75,100" hai2="44,99,3,37,54,81,135,109,119,116,125,87,104" hai3="118,60,55,5,133,70,42,63,45,120,111,91,96"/><V85/><F3/><W32/><G32/><T1/><D114/><U11/><E124/><V24/><F125/><W30/><G30/><T65/><D78/><U16/><E121/><V98/><F24/><W25/><G5/><T67/><D1/><U20/><E11/><V129/><F37/><N who="0" m="14442" /><D4/><U6/><E6/><V115/><F115/><W31/><G96/><N who="2" m="36905" /><F44/><W131/><G45/><T77/><D77/><U18/><E106/><V89/><F54/><W41/><G55/><T58/><D94/><U82/><E82/><N who="2" m="49335" /><F135/><N who="1" m="51753" /><E22/><V39/><F39/><W19/><G25/><T57/><D71/><U79/><E79/><N who="2" m="46527" /><F129/><W123/><G70/><T92/><D92/><U86/><E86/><V107/><F109/><N who="0" m="42090" /><D17/><N who="1" m="6763" /><E20/><V61/><F61/><W102/><G63/><N who="0" m="38127" /><D67/><AGARI ba="1,0" hai="59,62,67,73,74,75,100,101" m="6763,51753" machi="67" ten="40,2600,0" yaku="20,1,54,1" doraHai="113" who="1" fromWho="0" sc="220,-29,220,29,250,0,310,0" /><INIT seed="3,0,0,3,2,63" ten="191,249,250,310" oya="3" hai0="18,81,117,14,23,80,86,131,107,100,35,42,105" hai1="120,17,62,40,45,46,94,28,72,13,102,76,57" hai2="124,37,6,26,122,128,99,115,69,7,95,129,25" hai3="29,16,125,67,60,106,31,64,48,79,126,52,39"/><W66/><G39/><T98/><D117/><U49/><E120/><V134/><F37/><W1/><G106/><T34/><D131/><N who="2" m="50250" /><F115/><W36/><G36/><T133/><D133/><U110/><E110/><V8/><F6/><W130/><G130/><T22/><D105/><U54/><E72/><V32/><F32/><W12/><G60/><T44/><D22/><N who="1" m="11567" /><E28/><V55/><F69/><W70/><G79/><T53/><D53/><U97/><E46/><V27/><F134/><W121/><G1/><T87/><D44/><U85/><E85/><V96/><F124/><N who="3" m="47723" /><G70/><T68/><D68/><U19/><E19/><V116/><F116/><W84/><G84/><T33/><D33/><U11/><E11/><V38/><F38/><W43/><G43/><T47/><D47/><U71/><E71/><V83/><F122/><W24/><G24/><T127/><D42/><U74/><E74/><V132/><F27/><W15/><G121/><T61/><D127/><U30/><E30/><N who="3" m="11274" /><G16/><T109/><D109/><U2/><E2/><V90/><F26/><W75/><G75/><T50/><D50/><U9/><E9/><V112/><F25/><W111/><G111/><T4/><D4/><U114/><E114/><V119/><F112/><W59/><AGARI ba="0,0" hai="12,15,48,52,59,64,66,67" m="11274,47723" machi="59" ten="40,12000,1" yaku="18,1,52,3,54,1" doraHai="63" who="3" fromWho="3" sc="191,-40,249,-40,250,-40,310,120" owari="151,-34.9,209,-19.1,210,1.0,430,53.0" /></mjloggm>