<mjloggm ver="2.3"><GO type="225" lobby="0"/><UN n0="%E3%82%BF%E3%83%BC%E3%83%90%E3%83%B3%E9%87%8E%E5%8F%A3" n1="%E3%81%82%E3%81%99%E3%81%AB%E3%82%83%E3%82%80" n2="%E3%81%BF%E3%81%BF%E3%81%9A" n3="%E5%86%B7%E5%87%8D%E3%82%AE%E3%83%A7%E3%83%BC%E3%82%B6" dan="16,16,16,17" rate="2140.12,2125.51,2147.62,2218.68" sx="M,F,M,M"/><TAIKYOKU oya="0"/><INIT seed="0,0,0,2,3,77" ten="250,250,250,250" oya="0" hai0="42,48,132,103,57,88,34,96,102,130,16,93,45" hai1="40,24,54,51,133,66,128,35,46,72,92,20,63" hai2="131,129,69,67,5,70,50,31,60,112,119,97,78" hai3="30,83,21,118,107,17,126,74,11,104,25,19,6"/><T43/><D34/><U116/><E72/><V9/><F112/><W81/><G118/><T27/><D130/><N who="2" m="49674" /><F119/><W18/><G126/><T32/><D132/><U85/><E128/><V123/><F123/><W121/><G121/><T10/><D42/><U90/><E35/><V68/><F31/><W65/><G65/><T12/><REACH who="0" step="1"/><D57/><REACH who="0" ten="240,250,250,250" step="2"/><N who="1" m="37231" /><E133/><V125/><F125/><W135/><G135/><T15/><D15/><U8/><E116/><V3/><F69/><W47/><G47/><T36/><D36/><U22/><E40/><V110/><F68/><W61/><G61/><T33/><D33/><U53/><E24/><V79/><F110/><W59/><G59/><T73/><D73/><U26/><E26/><V91/><F50/><W58/><G58/><T127/><D127/><U94/><E51/><V75/><F75/><W76/><REACH who="3" step="1"/><G83/><REACH who="3" ten="240,250,250,240" step="2"/><T71/><D71/><U2/><E46/><V82/><F82/><W7/><G7/><T117/><D117/><U86/><E53/><V41/><F41/><W0/><AGARI ba="0,2" hai="0,6,11,17,18,19,21,25,30,74,76,81,104,107" machi="0" ten="30,4000,0" yaku="1,1,0,1,52,1,53,0" doraHai="77" doraHaiUra="28" who="3" fromWho="3" sc="240,-20,250,-10,250,-10,240,60" /><INIT seed="1,0,0,3,2,16" ten="220,240,240,300" oya="1" hai0="100,77,88,37,34,85,57,25,24,114,19,9,10" hai1="43,50,134,55,51,39,21,41,62,52,90,118,102" hai2="121,74,59,7,28,109,115,31,72,84,91,8,128" hai3="4,71,45,3,130,108,87,22,2,124,119,70,64"/><U14/><E118/><V106/><F121/><W111/><G124/><T68/><D68/><U112/><E112/><V73/><F106/><W0/><G130/><T67/><D37/><U6/><E134/><V110/><F115/><W47/><G119/><T125/><D114/><U53/><E102/><V75/><N who="2" m="18432" /><DORA hai="17" /><V132/><F59/><W78/><G4/><T44/><D125/><U131/><E131/><V30/><F132/><W60/><G71/><T23/><D100/><U129/><E129/><V36/><F36/><W104/><G104/><T40/><D77/><U69/><E39/><V46/><F46/><W107/><G107/><T95/><D34/><U80/><E62/><V35/><F35/><W93/><G93/><T120/><D120/><U63/><E63/><V113/><F113/><W81/><G47/><T5/><D5/><U49/><E6/><V94/><REACH who="2" step="1"/><F128/><REACH who="2" ten="220,240,230,300" step="2"/><W116/><G116/><T38/><REACH who="0" step="1"/><D25/><REACH who="0" ten="210,240,230,300" step="2"/><U61/><E69/><V11/><F11/><W26/><REACH who="3" step="1"/><G45/><REACH who="3" ten="210,240,230,290" step="2"/><T1/><D1/><AGARI ba="0,3" hai="1,7,8,28,30,31,84,91,94,109,110" m="18432" machi="1" ten="70,2300,0" yaku="1,1,53,0" doraHai="16,17" doraHaiUra="133,48" who="2" fromWho="0" sc="210,-23,240,0,230,53,290,0" /><INIT seed="2,0,0,5,4,76" ten="187,240,283,290" oya="2" hai0="37,115,79,102,135,92,68,103,91,42,26,131,114" hai1="39,50,15,44,46,4,51,80,126,20,110,83,36" hai2="25,85,22,40,128,104,120,116,112,28,49,118,121" hai3="73,16,134,52,98,57,53,47,2,62,64,31,132"/><V8/><F104/><W101/><G2/><T77/><D68/><U109/><E126/><V87/><F112/><N who="0" m="43050" /><D37/><N who="1" m="14411" /><E20/><V3/><F128/><W10/><G31/><T70/><D70/><U88/><E15/><V96/><F96/><W99/><G73/><T78/><D42/><U81/><E88/><V1/><F40/><W43/><G99/><N who="0" m="57759" /><D26/><U35/><E4/><V6/><F49/><N who="1" m="18441" /><E35/><V86/><REACH who="2" step="1"/><F1/><REACH who="2" ten="187,240,273,290" step="2"/><W7/><G43/><T66/><D131/><U93/><E93/><V33/><F33/><W94/><G94/><T89/><D66/><U38/><E38/><V117/><AGARI ba="0,1" hai="3,6,8,22,25,28,85,86,87,116,117,118,120,121" machi="117" ten="40,7800,0" yaku="1,1,0,1,53,1" doraHai="76" doraHaiUra="17" who="2" fromWho="2" sc="187,-26,240,-26,273,88,290,-26" /><INIT seed="2,1,0,4,3,59" ten="161,214,361,264" oya="2" hai0="128,116,5,68,73,43,78,6,71,20,52,82,18" hai1="79,54,114,21,131,40,105,58,30,35,45,135,107" hai2="37,84,28,110,51,33,132,2,117,25,31,16,87" hai3="15,126,118,26,93,95,96,22,76,85,19,17,24"/><V41/><F117/><W47/><G118/><T109/><D128/><U94/><E35/><V9/><F110/><W91/><G126/><T72/><D109/><U97/><E114/><V121/><F121/><W124/><G124/><T60/><D116/><U115/><E79/><V70/><F70/><W10/><G76/><T11/><D43/><U122/><E115/><V61/><F37/><W133/><G133/><T77/><D11/><U7/><E7/><V29/><F132/><W75/><G75/><T36/><D36/><U46/><E46/><V83/><F84/><W55/><G24/><T42/><D42/><U13/><E131/><V90/><F33/><W12/><G26/><T103/><D103/><U130/><E130/><V69/><F2/><W57/><G47/><T49/><D68/><U1/><E1/><V14/><F25/><W34/><G34/><T112/><D112/><U98/><E97/><V106/><F106/><W0/><G0/><T86/><D77/><U44/><E44/><N who="2" m="25999" /><F69/><W23/><G10/><T104/><D104/><U108/><E108/><V81/><F83/><W100/><G57/><N who="0" m="32911" /><D73/><U3/><E3/><V113/><F113/><W125/><G125/><T38/><D38/><N who="1" m="21655" /><E122/><V32/><F32/><W134/><G134/><T88/><D72/><U62/><E135/><V65/><F65/><W120/><REACH who="3" step="1"/><G55/><REACH who="3" ten="161,214,361,254" step="2"/><T89/><D78/><U56/><E13/><V4/><F4/><W102/><G102/><T123/><D123/><AGARI ba="1,1" hai="12,15,17,19,22,23,85,91,93,95,96,100,120,123" machi="123" ten="40,5200,0" yaku="1,1,9,1,53,1" doraHai="59" doraHaiUra="80" who="3" fromWho="0" sc="161,-55,214,0,361,0,254,65" /><INIT seed="3,0,0,4,4,14" ten="106,214,361,319" oya="3" hai0="62,98,102,63,27,87,82,18,80,50,2,83,129" hai1="93,65,26,10,12,34,127,100,121,67,59,41,39" hai2="104,109,3,60,57,35,132,9,5,105,85,48,107" hai3="33,51,46,7,36,17,44,75,22,112,43,40,90"/><W81/><G112/><T108/><D108/><U38/><E41/><V130/><F109/><W47/><G33/><T117/><D2/><U103/><E59/><V15/><F35/><W8/><G47/><T128/><D117/><U122/><E12/><V55/><F130/><W73/><G90/><T134/><D134/><U56/><E56/><V0/><F132/><W126/><G126/><T58/><D50/><U77/><E93/><V99/><F99/><W66/><G66/><T101/><D87/><U86/><E86/><V68/><REACH who="2" step="1"/><F85/><REACH who="2" ten="106,214,351,319" step="2"/><W1/><G81/><T95/><D102/><U32/><E103/><V37/><F37/><W13/><AGARI ba="0,1" hai="1,7,8,13,17,22,36,40,43,44,46,51,73,75" machi="13" ten="20,3900,0" yaku="0,1,7,1,52,1" doraHai="14" who="3" fromWho="3" sc="106,-13,214,-13,351,-13,319,49" owari="93,-40.7,201,-19.9,338,13.8,368,46.8" /></mjloggm>