<mjloggm ver="2.3"><GO type="225" lobby="0"/><UN n0="%E8%90%BD%E6%97%A5" n1="%E3%81%A9%E3%82%93%E3%82%88%E3%81%8F%4D%6B%2E%32" n2="%E3%80%93%E3%81%97%E3%83%BC%E3%82%89%E3%80%93" n3="%72%69%6F%75%63%68%61%6E" dan="16,16,16,16" rate="2137.73,2158.03,2162.15,2141.31" sx="F,M,M,M"/><TAIKYOKU oya="0"/><INIT seed="0,0,0,0,3,12" ten="250,250,250,250" oya="0" hai0="8,108,113,62,25,58,28,21,78,11,83,102,132" hai1="85,74,115,65,15,93,55,50,86,89,64,134,44" hai2="106,38,111,14,36,87,123,103,27,13,68,94,35" hai3="0,80,121,91,114,133,67,118,92,135,33,97,99"/><T49/><D113/><U105/><E105/><V22/><F68/><W1/><G33/><T125/><D132/><N who="3" m="50761" /><G114/><T110/><D125/><U100/><E115/><V101/><F35/><W88/><G118/><T47/><D102/><U3/><E3/><V34/><F34/><W69/><G121/><T43/><D62/><U120/><E120/><V17/><F123/><W104/><G80/><T116/><D58/><U107/><E134/><V90/><F111/><N who="0" m="42538" /><D116/><U75/><E75/><AGARI ba="0,0" hai="8,11,21,25,28,43,47,49,75,78,83" m="42538" machi="75" ten="30,2900,0" yaku="14,1,10,1" doraHai="12" who="0" fromWho="1" sc="250,29,250,-29,250,0,250,0" /><INIT seed="0,1,0,0,5,72" ten="279,221,250,250" oya="0" hai0="58,122,109,1,22,63,41,14,108,88,7,83,126" hai1="39,13,47,132,133,60,15,11,98,80,99,20,50" hai2="95,52,110,19,57,34,21,62,77,38,48,116,85" hai3="42,4,55,37,28,130,91,76,131,69,75,3,25"/><T115/><D115/><U5/><E39/><V54/><F34/><W113/><G113/><T59/><D122/><U89/><E60/><V70/><F38/><W103/><G69/><T123/><D123/><U43/><E20/><V40/><F116/><W107/><G91/><T119/><D119/><U68/><E68/><V118/><F118/><W84/><G84/><N who="0" m="50207" /><D126/><U73/><E15/><N who="2" m="9471" /><F70/><W90/><G90/><T6/><D41/><U36/><E50/><V135/><F110/><N who="0" m="42602" /><D1/><U26/><E26/><V53/><F135/><N who="1" m="51785" /><E89/><N who="2" m="53679" /><F77/><AGARI ba="1,0" hai="5,11,13,36,43,47,73,77,80,98,99" m="51785" machi="77" ten="30,2000,0" yaku="20,1,52,1" doraHai="72" who="1" fromWho="2" sc="279,0,221,23,250,-23,250,0" /><INIT seed="1,0,0,3,1,49" ten="279,244,227,250" oya="1" hai0="105,32,85,107,3,128,74,102,111,19,65,66,57" hai1="33,40,86,89,129,28,6,84,71,62,90,48,97" hai2="1,53,70,88,51,56,11,122,118,68,21,126,29" hai3="119,116,20,43,34,103,60,42,61,12,36,99,69"/><U25/><E129/><V24/><F122/><W72/><G34/><T55/><D74/><U123/><E123/><V7/><F118/><N who="3" m="45099" /><G72/><T38/><D38/><U76/><E76/><V54/><F126/><W17/><G69/><T77/><D32/><U96/><E6/><V5/><F5/><W2/><G2/><T67/><D3/><U75/><E75/><V81/><REACH who="2" step="1"/><F54/><REACH who="2" ten="279,244,217,250" step="2"/><W46/><G42/><T9/><D128/><U31/><E40/><V106/><F106/><AGARI ba="0,1" hai="12,17,20,36,43,46,60,61,99,103,106" m="45099" machi="106" ten="30,1000,0" yaku="12,1" doraHai="49" who="3" fromWho="2" sc="279,0,244,0,217,-10,250,20" /><INIT seed="2,0,0,5,2,21" ten="279,244,207,270" oya="2" hai0="126,13,75,7,15,109,29,125,17,22,89,41,18" hai1="83,6,1,5,84,133,85,62,114,100,86,105,10" hai2="73,108,119,3,122,49,88,52,35,44,54,67,72" hai3="82,70,30,14,53,123,74,33,34,94,23,76,101"/><V95/><F119/><W80/><G123/><T50/><D75/><U102/><E114/><V16/><F122/><W115/><G115/><T47/><D109/><U99/><E102/><V26/><F108/><W130/><G70/><T45/><D7/><U127/><E127/><N who="0" m="48649" /><D89/><U36/><E36/><V97/><F3/><W93/><G130/><T131/><D131/><U24/><E5/><V56/><F67/><W116/><G116/><T42/><D29/><U63/><E133/><V91/><F91/><W104/><G80/><T55/><D47/><U79/><REACH who="1" step="1"/><E24/><REACH who="1" ten="279,234,207,270" step="2"/><V120/><F120/><W111/><G101/><T78/><D78/><U132/><E132/><V112/><F112/><W40/><G111/><T0/><D0/><U60/><AGARI ba="0,1" hai="1,6,10,60,62,63,79,83,84,85,86,99,100,105" machi="60" ten="30,2000,0" yaku="1,1,0,1,53,0" doraHai="21" doraHaiUra="20" who="1" fromWho="1" sc="279,-5,234,30,207,-10,270,-5" /><INIT seed="3,0,0,5,2,120" ten="274,264,197,265" oya="3" hai0="99,76,13,34,1,8,45,31,127,128,117,2,48" hai1="122,71,30,18,109,105,64,5,132,12,83,6,106" hai2="118,53,110,75,113,112,72,135,38,50,114,129,10" hai3="131,62,47,87,9,121,77,20,14,7,65,133,89"/><W123/><G131/><T81/><D117/><U24/><E122/><V25/><F118/><W86/><G133/><T44/><D128/><U3/><E132/><V11/><F135/><W63/><G63/><T85/><D127/><U97/><E3/><V22/><F129/><W26/><G47/><T54/><D34/><U125/><E125/><V61/><F38/><W116/><G77/><T42/><D31/><U16/><E83/><V80/><F61/><W84/><G116/><T52/><D99/><U94/><E106/><V36/><F36/><W69/><REACH who="3" step="1"/><G89/><REACH who="3" ten="274,264,197,255" step="2"/><T66/><D45/><U124/><E124/><V95/><F95/><W115/><G115/><T59/><D42/><U35/><E94/><V73/><F80/><W98/><G98/><T21/><D44/><U23/><E97/><V15/><F110/><W90/><G90/><T55/><D48/><U93/><E93/><V41/><F41/><W17/><AGARI ba="0,1" hai="7,9,14,17,20,26,62,65,69,84,86,87,121,123" machi="17" ten="30,3000,0" yaku="1,1,0,1,53,0" doraHai="120" doraHaiUra="51" who="3" fromWho="3" sc="274,-10,264,-10,197,-10,255,40" /><INIT seed="3,1,0,3,5,4" ten="264,254,187,295" oya="3" hai0="98,59,63,107,57,40,101,61,100,39,77,25,1" hai1="52,116,7,29,102,72,44,10,27,93,35,109,64" hai2="42,90,104,97,84,95,8,118,62,125,17,18,113" hai3="13,96,135,122,112,0,133,111,70,121,120,105,75"/><W91/><G111/><T45/><D101/><U69/><E72/><V21/><F118/><W132/><G112/><T54/><D1/><U37/><E116/><V51/><F113/><W6/><G70/><T129/><D129/><U99/><E109/><V82/><F125/><W14/><G75/><T12/><D77/><U46/><E37/><V56/><F104/><W24/><G24/><T26/><REACH who="0" step="1"/><D12/><REACH who="0" ten="254,254,187,295" step="2"/><N who="3" m="4713" /><G91/><T58/><D58/><U41/><E102/><V119/><F119/><W131/><G131/><T50/><D50/><U85/><E69/><V31/><F8/><N who="3" m="2119" /><G96/><T87/><D87/><U36/><E85/><V79/><F51/><W106/><AGARI ba="1,1" hai="105,106,120,121,122,132,133,135" m="2119,4713" machi="106" ten="50,4800,0" yaku="20,1,52,1" doraHai="4" who="3" fromWho="3" sc="254,-17,254,-17,187,-17,295,61" owari="237,3.7,237,-16.3,170,-33.0,356,45.6" /></mjloggm>