<mjloggm ver="2.3"><GO type="225" lobby="0"/><UN n0="%E3%81%BF%E3%81%BF%E3%81%9A" n1="%E3%81%B5%E3%81%98%E3%81%8B%E3%81%A4" n2="%E5%8F%AF%E5%85%90%E9%82%A3%E7%94%B1%E5%A4%9A" n3="%E3%83%97%E3%83%AC%E3%83%B4%E3%82%A1%E3%83%86%E3%82%A3" dan="16,16,17,16" rate="2155.45,2085.00,2164.59,2097.64" sx="M,M,F,F"/><TAIKYOKU oya="0"/><INIT seed="0,0,0,1,2,107" ten="250,250,250,250" oya="0" hai0="80,104,131,25,112,102,70,10,87,51,61,52,125" hai1="33,9,65,17,66,96,27,24,100,97,128,78,63" hai2="73,118,122,108,57,39,81,71,114,86,130,12,67" hai3="46,38,45,110,101,56,58,43,22,77,134,35,23"/><T5/><D112/><U8/><E128/><V34/><RYUUKYOKU type="yao9" ba="0,0" sc="250,0,250,0,250,0,250,0" hai2="12,34,39,57,67,71,73,81,86,108,114,118,122,130" /><INIT seed="0,1,0,1,4,23" ten="250,250,250,250" oya="0" hai0="46,65,27,82,0,29,13,70,91,14,63,43,24" hai1="104,73,102,123,122,77,10,99,5,25,88,94,28" hai2="3,85,2,16,48,60,11,20,98,17,97,109,53" hai3="30,117,37,50,95,135,33,90,49,1,111,15,40"/><T131/><D0/><U66/><E66/><V35/><F35/><W124/><G1/><T101/><D131/><U31/><E31/><V51/><F109/><W38/><G117/><T108/><D108/><U45/><E45/><V112/><F112/><W34/><G111/><T12/><D101/><U6/><E6/><V116/><F116/><W128/><G128/><T132/><D29/><U81/><E10/><V58/><F2/><W130/><G130/><T18/><D18/><U71/><E5/><V126/><F126/><W133/><G124/><T69/><D132/><N who="3" m="50761" /><G15/><T52/><D70/><U68/><E68/><V55/><F3/><W103/><G103/><T120/><D120/><U42/><E42/><V36/><F36/><N who="3" m="13931" /><G40/><T8/><D43/><U115/><E71/><V72/><F72/><W125/><G125/><T89/><D8/><U54/><E54/><V119/><F119/><W110/><G110/><T106/><D106/><U86/><REACH who="1" step="1"/><E115/><REACH who="1" ten="250,240,250,250" step="2"/><V26/><F11/><W118/><G118/><T39/><D39/><U64/><E64/><V92/><F17/><W127/><G127/><T56/><D69/><U84/><E84/><V80/><F55/><W129/><G129/><T4/><D4/><U107/><E107/><V87/><F87/><N who="3" m="52703" /><G34/><AGARI ba="1,1" hai="25,28,34,73,77,81,86,88,94,99,102,104,122,123" machi="34" ten="30,12000,2" yaku="1,1,7,1,24,2,52,1,54,1,53,1" doraHai="23" doraHaiUra="75" who="1" fromWho="3" sc="250,0,240,133,250,0,250,-123" /><INIT seed="1,0,0,4,2,77" ten="250,373,250,127" oya="1" hai0="105,2,21,132,33,8,91,53,1,85,60,5,48" hai1="70,106,92,109,36,88,16,111,126,58,42,66,40" hai2="39,35,116,17,14,131,133,23,101,63,71,27,83" hai3="76,56,47,74,121,52,25,3,37,6,45,104,82"/><U50/><E106/><V72/><F116/><W86/><G121/><T108/><D33/><U100/><E126/><V107/><F39/><W120/><G120/><T67/><D105/><U26/><E100/><V113/><F133/><W130/><G104/><T94/><D132/><U93/><E93/><V15/><F131/><W49/><G130/><T44/><D108/><N who="1" m="41547" /><E70/><V28/><F113/><W135/><G135/><T87/><D21/><N who="1" m="13607" /><E36/><V54/><F14/><W51/><G37/><T7/><D85/><N who="1" m="52239" /><E66/><V118/><F101/><W31/><G74/><T43/><D67/><U124/><E124/><V90/><F71/><W13/><G3/><T18/><D60/><U19/><E19/><V115/><F72/><W119/><G119/><T96/><D18/><U64/><E64/><V97/><F118/><W84/><G84/><T134/><D134/><U102/><E102/><V125/><F17/><W123/><G123/><T89/><D87/><U95/><E95/><V80/><F107/><W73/><G73/><T57/><D96/><U69/><E69/><V34/><F97/><W41/><G6/><T79/><D94/><U103/><E103/><V127/><F127/><W65/><G65/><T0/><D5/><U38/><E38/><V62/><F125/><W98/><G98/><T12/><D79/><U78/><E78/><V122/><F122/><W59/><REACH who="3" step="1"/><G13/><REACH who="3" ten="250,373,250,117" step="2"/><T110/><D110/><U9/><E9/><V114/><F15/><W32/><AGARI ba="0,1" hai="25,31,32,41,45,47,49,51,52,56,59,76,82,86" machi="32" ten="20,12000,2" yaku="1,1,2,1,0,1,7,1,52,1,54,1,53,1" doraHai="77" doraHaiUra="75" who="3" fromWho="3" sc="250,-30,373,-60,250,-30,117,130" /><INIT seed="2,0,0,1,3,18" ten="220,313,220,247" oya="2" hai0="72,115,28,103,84,7,110,60,135,46,81,67,134" hai1="65,70,97,15,3,128,119,34,56,69,114,101,127" hai2="23,123,126,19,47,33,61,79,49,53,121,100,5" hai3="27,66,26,107,22,111,105,51,75,116,50,37,41"/><V43/><F33/><W32/><G75/><T20/><D115/><U86/><E119/><V73/><F126/><W6/><G116/><T24/><D110/><U29/><E114/><V118/><F118/><W55/><G111/><T94/><D7/><U131/><E127/><V125/><F125/><W87/><G6/><T82/><D46/><U109/><E3/><V92/><F5/><W31/><G66/><T8/><D8/><U44/><E15/><V78/><F73/><W77/><G37/><T99/><D72/><U129/><E86/><V38/><F123/><W54/><G50/><T45/><D45/><U93/><E44/><V106/><F106/><W11/><G11/><T124/><D124/><U21/><E34/><V68/><F121/><W40/><G77/><T88/><REACH who="0" step="1"/><D82/><REACH who="0" ten="210,313,220,247" step="2"/><U1/><E109/><V30/><F38/><W120/><G120/><T58/><AGARI ba="0,1" hai="20,24,28,58,60,67,81,84,88,94,99,103,134,135" machi="58" ten="30,12000,2" yaku="1,1,2,1,0,1,25,2,52,1,54,1,53,0" doraHai="18" doraHaiUra="42" who="0" fromWho="0" sc="210,130,313,-30,220,-60,247,-30" /><INIT seed="3,0,0,4,0,111" ten="340,283,160,217" oya="3" hai0="53,7,82,91,1,42,109,54,83,77,9,76,28" hai1="59,101,5,50,4,89,2,23,18,12,22,35,105" hai2="87,37,52,84,71,32,126,133,78,100,30,102,123" hai3="117,55,74,95,129,131,130,43,81,6,79,11,93"/><W119/><G43/><T29/><D109/><U98/><E35/><V39/><F71/><W107/><G55/><T17/><D91/><U103/><E103/><V19/><F133/><W60/><G60/><T3/><D17/><U68/><E68/><V61/><F126/><W88/><G107/><T92/><D92/><U113/><E113/><V26/><F123/><W13/><G95/><T40/><D9/><U112/><E112/><V46/><F102/><W63/><G63/><T106/><D7/><U0/><E89/><V57/><F100/><W48/><G48/><T49/><D49/><U14/><E2/><V116/><F116/><W21/><REACH who="3" step="1"/><G21/><REACH who="3" ten="340,283,160,207" step="2"/><T27/><D106/><U104/><E104/><V90/><F46/><W96/><AGARI ba="0,1" hai="6,11,13,74,79,81,88,93,96,117,119,129,130,131" machi="96" ten="30,12000,1" yaku="1,1,2,1,0,1,19,1,54,1,53,0" doraHai="111" doraHaiUra="122" who="3" fromWho="3" sc="340,-40,283,-40,160,-40,207,130" owari="300,10.0,243,-15.7,120,-38.0,337,43.7" /></mjloggm>