<mjloggm ver="2.3"><GO type="225" lobby="0"/><UN n0="%6D%75%75%6D%75%72%61" n1="%E3%81%8B%E3%82%8F%E3%81%A1%E3%82%83%E3%82%93%35%38" n2="%E3%83%B4%E3%83%A0%EF%BC%99%E3%81%A6" n3="%E6%97%A5%E6%9B%9C%E6%97%A5%E3%82%88%E3%82%8A%E3%81%AE%E4%BD%BF%E8%80%85" dan="16,16,16,17" rate="2107.33,2104.45,2153.45,2138.88" sx="F,M,M,M"/><TAIKYOKU oya="0"/><INIT seed="0,0,0,4,0,64" ten="250,250,250,250" oya="0" hai0="75,27,32,107,19,130,67,48,54,56,43,121,80" hai1="17,30,10,20,97,129,24,114,55,35,103,101,113" hai2="65,22,120,74,3,95,89,28,18,39,62,85,93" hai3="11,71,82,91,59,51,86,50,61,29,79,119,9"/><T63/><D121/><U87/><E129/><V92/><F120/><W117/><G117/><T126/><D130/><U0/><E87/><V102/><F39/><W123/><G123/><T53/><D126/><U94/><E55/><V49/><F3/><W1/><G119/><T47/><D107/><U58/><E58/><V26/><F49/><W135/><G135/><T131/><D131/><U52/><E52/><V78/><F74/><W34/><G1/><T106/><D106/><U44/><E44/><V42/><F42/><W41/><G34/><T46/><D19/><U73/><E73/><V115/><F115/><N who="1" m="44041" /><E0/><V112/><F112/><W16/><G29/><T45/><D27/><N who="1" m="14735" /><E10/><V36/><F36/><W23/><G79/><T83/><D32/><U122/><E122/><V76/><F102/><AGARI ba="0,0" hai="24,30,35,94,97,101,102,103" m="14735,44041" machi="102" ten="30,1000,0" yaku="11,1" doraHai="64" who="1" fromWho="2" sc="250,0,250,10,250,-10,250,0" /><INIT seed="1,0,0,2,2,46" ten="250,260,240,250" oya="1" hai0="4,100,112,86,58,127,59,22,124,35,19,104,119" hai1="15,60,111,5,23,43,3,85,6,64,75,32,73" hai2="84,37,45,70,12,132,63,126,20,91,95,89,99" hai3="102,61,31,76,33,133,121,48,28,116,83,62,74"/><U14/><E32/><V79/><F126/><N who="0" m="48170" /><D112/><U134/><E3/><V53/><F132/><W131/><G121/><T36/><D119/><U27/><E134/><V96/><F70/><W109/><G133/><T80/><D35/><U113/><E113/><V24/><F37/><W0/><G0/><T94/><D36/><U9/><E111/><V93/><F12/><W17/><G109/><T21/><D4/><U92/><E43/><V56/><F45/><W34/><G116/><T1/><D1/><U47/><E47/><V128/><F128/><W110/><G110/><T55/><D104/><U16/><E85/><V18/><F84/><W115/><G115/><T13/><D100/><U57/><REACH who="1" step="1"/><E92/><REACH who="1" ten="250,250,240,250" step="2"/><V78/><AGARI ba="0,1" hai="18,20,24,53,56,63,78,79,89,91,93,95,96,99" machi="78" ten="30,8000,1" yaku="0,1,9,1,25,2,8,1" doraHai="46" who="2" fromWho="2" sc="250,-20,250,-40,240,90,250,-20" /><INIT seed="2,0,0,1,4,41" ten="230,210,330,230" oya="2" hai0="48,26,57,13,55,84,21,90,28,33,114,71,94" hai1="67,23,45,110,132,106,12,47,123,121,115,133,37" hai2="112,19,92,30,82,32,58,125,91,3,111,88,34" hai3="43,52,0,15,5,10,16,93,116,64,65,105,60"/><V51/><F112/><W75/><G116/><T99/><D114/><U1/><E115/><V46/><F3/><W17/><G105/><T40/><D71/><U101/><E1/><V2/><F2/><W97/><G75/><T9/><D40/><U86/><E37/><V80/><F125/><W6/><G43/><T73/><D73/><U69/><E110/><V113/><F113/><W44/><G5/><T83/><D33/><U77/><E67/><N who="3" m="25674" /><G0/><T22/><D22/><U109/><E69/><V76/><F58/><N who="3" m="34887" /><G44/><N who="1" m="16970" /><E109/><V129/><F32/><W27/><G27/><T31/><D31/><U70/><E70/><V126/><F30/><W25/><G25/><T35/><D35/><U130/><E130/><V119/><F129/><W61/><G61/><T24/><D24/><U102/><E77/><V54/><F76/><W14/><G14/><T118/><D118/><U72/><E86/><V78/><F34/><W85/><G85/><T11/><REACH who="0" step="1"/><D13/><REACH who="0" ten="220,210,330,230" step="2"/><U39/><E72/><V103/><F119/><W29/><G29/><T107/><D107/><U89/><E39/><V4/><F111/><W95/><G95/><T135/><D135/><N who="1" m="51787" /><E106/><V98/><F126/><W63/><G63/><T127/><D127/><U49/><E49/><V38/><F51/><W8/><G8/><T79/><AGARI ba="0,1" hai="9,11,21,26,28,48,55,57,79,83,84,90,94,99" machi="79" ten="20,5200,0" yaku="1,1,0,1,7,1,8,1,53,0" doraHai="41" doraHaiUra="66" who="0" fromWho="0" sc="220,62,210,-13,330,-26,230,-13" /><INIT seed="3,0,0,5,0,41" ten="282,197,304,217" oya="3" hai0="107,67,42,61,124,81,8,9,58,72,23,33,35" hai1="98,57,52,5,119,36,108,15,44,92,51,12,121" hai2="59,46,76,88,18,43,65,109,122,47,10,115,116" hai3="30,22,16,130,14,97,101,127,85,100,99,104,89"/><W131/><G127/><T11/><D107/><U118/><E121/><V37/><F115/><W120/><G120/><T50/><D124/><U38/><E108/><V114/><F122/><W93/><REACH who="3" step="1"/><G30/><REACH who="3" ten="282,197,304,207" step="2"/><T19/><D35/><U77/><E77/><V53/><F76/><W54/><G54/><T132/><D33/><U134/><E134/><V83/><F53/><W91/><G91/><T63/><D132/><U113/><E113/><V95/><F88/><W48/><G48/><T133/><D50/><U49/><E38/><V31/><F37/><W0/><G0/><T117/><D133/><U62/><E36/><V82/><F31/><W103/><G103/><T129/><D117/><N who="1" m="44555" /><E5/><V106/><F116/><W40/><G40/><T126/><D42/><N who="1" m="24727" /><E51/><V64/><F43/><W32/><G32/><T90/><D126/><U2/><E2/><V34/><F34/><W4/><G4/><T20/><D90/><AGARI ba="0,1" hai="12,15,52,57,62,90,92,98" m="24727,44555" machi="90" ten="30,3900,0" yaku="12,1,52,1,54,1" doraHai="41" who="1" fromWho="0" sc="282,-39,197,49,304,0,207,0" owari="243,-15.7,246,4.6,304,40.4,207,-29.3" /></mjloggm>