<mjloggm ver="2.3"><GO type="225" lobby="0"/><UN n0="%72%69%6F%75%63%68%61%6E" n1="%6D%75%75%6D%75%72%61" n2="%E8%B7%AF%E9%9C%B8" n3="%E3%82%BC%E3%83%AB%E3%83%80%E3%81%AE%E4%BC%9D%E8%AA%AC" dan="17,17,17,17" rate="2187.73,2120.15,2131.20,2134.14" sx="M,F,M,M"/><TAIKYOKU oya="0"/><INIT seed="0,0,0,2,3,88" ten="250,250,250,250" oya="0" hai0="92,100,9,108,126,127,81,97,38,12,101,61,19" hai1="119,24,39,114,33,87,41,53,82,49,63,117,93" hai2="131,102,105,60,7,57,46,45,91,52,77,111,76" hai3="120,44,10,59,47,58,51,110,90,78,130,106,21"/><T5/><D38/><U36/><E114/><V2/><F131/><W121/><G106/><T123/><D123/><N who="3" m="47177" /><G78/><T133/><D133/><U65/><E33/><V56/><F111/><W94/><G110/><T86/><D108/><U85/><E24/><V122/><F122/><W20/><G130/><T83/><D101/><U8/><E8/><V17/><F102/><W40/><G10/><T113/><D113/><U31/><E31/><V129/><F105/><W29/><G44/><N who="2" m="17001" /><F129/><W68/><G68/><T115/><D115/><U50/><E41/><V64/><F7/><W96/><G29/><T62/><D81/><U0/><E82/><V99/><F2/><W25/><G25/><T14/><D127/><U116/><E0/><V80/><F17/><W79/><G79/><T13/><D126/><U22/><E39/><V125/><F125/><W103/><G103/><T71/><D71/><U98/><E36/><V74/><F74/><W23/><AGARI ba="0,0" hai="20,21,23,40,47,51,58,59,90,94,96" m="47177" machi="23" ten="30,2000,0" yaku="13,1,52,1" doraHai="88" who="3" fromWho="3" sc="250,-10,250,-5,250,-5,250,20" /><INIT seed="1,0,0,0,1,25" ten="240,245,245,270" oya="1" hai0="132,78,64,76,52,69,57,50,84,129,130,128,103" hai1="39,114,36,31,62,107,4,131,108,8,65,29,6" hai2="58,63,53,2,54,127,119,117,3,19,124,34,100" hai3="38,59,5,18,26,0,110,98,72,122,112,33,1"/><U95/><E114/><V133/><F34/><W12/><G72/><T99/><D132/><U42/><E107/><V47/><F100/><W97/><G38/><T28/><D28/><U109/><E131/><V44/><F133/><W49/><G122/><T83/><D69/><U23/><E23/><V14/><F2/><W96/><G112/><T51/><D64/><U16/><E16/><V113/><F3/><W118/><G110/><N who="1" m="42602" /><E95/><V68/><F68/><W46/><G59/><T15/><D15/><N who="1" m="5511" /><E6/><V55/><F113/><W92/><G92/><N who="0" m="58855" /><D50/><U61/><E61/><V10/><F117/><W82/><G118/><T73/><D73/><U17/><E17/><V67/><REACH who="2" step="1"/><F119/><REACH who="2" ten="240,245,235,270" step="2"/><W134/><G134/><T20/><D20/><U94/><E36/><V60/><F60/><W9/><G0/><T13/><D13/><U90/><E39/><V48/><F48/><W32/><G1/><T115/><D115/><U104/><E104/><V126/><AGARI ba="0,1" hai="10,14,19,44,47,53,54,55,58,63,67,124,126,127" machi="126" ten="40,5200,0" yaku="1,1,0,1,18,1,53,0" doraHai="25" doraHaiUra="30" who="2" fromWho="2" sc="240,-13,245,-26,235,62,270,-13" /><INIT seed="2,0,0,1,3,88" ten="227,219,297,257" oya="2" hai0="63,53,100,4,27,108,26,62,6,73,105,56,17" hai1="82,85,102,20,38,129,89,127,106,96,86,79,30" hai2="7,118,99,0,60,76,95,69,72,77,40,94,37" hai3="126,80,133,29,51,107,130,131,68,11,22,104,111"/><V34/><F34/><W117/><G117/><T24/><D108/><U124/><E38/><V114/><F118/><W110/><G126/><N who="1" m="48170" /><E30/><V97/><F114/><W123/><G123/><T19/><D73/><N who="1" m="43375" /><E20/><V65/><F72/><W16/><G133/><T75/><D75/><U3/><E3/><V25/><F25/><N who="3" m="16567" /><G68/><T115/><D115/><U134/><E134/><V122/><F122/><W116/><G116/><T87/><D87/><N who="1" m="33291" /><E89/><V28/><F28/><W5/><G110/><T21/><D63/><U31/><E31/><V12/><F0/><W49/><G111/><T55/><D53/><U121/><E121/><V103/><F40/><W64/><G64/><T61/><D62/><U66/><E66/><V70/><F37/><W81/><G51/><T59/><D59/><U14/><E14/><V90/><F70/><W1/><G49/><T74/><D74/><U91/><E91/><V8/><AGARI ba="0,0" hai="7,8,12,60,65,69,76,77,90,94,95,97,99,103" machi="8" ten="30,6000,0" yaku="0,1,52,2" doraHai="88" who="2" fromWho="2" sc="227,-20,219,-20,297,60,257,-20" /><INIT seed="2,1,0,4,5,71" ten="207,199,357,237" oya="2" hai0="132,85,15,98,54,14,123,1,7,6,37,57,63" hai1="84,106,70,117,105,73,9,118,115,52,83,116,64" hai2="60,18,67,19,61,49,107,5,76,3,134,39,95" hai3="91,62,51,43,108,42,90,110,10,82,16,53,81"/><V130/><F107/><W89/><G110/><T124/><D123/><U78/><E115/><V122/><F39/><W127/><G127/><T20/><D124/><U80/><E9/><V45/><F122/><W100/><G100/><T79/><D132/><U30/><E30/><V2/><F134/><W114/><G114/><T12/><D37/><U86/><E73/><V17/><F76/><W129/><G129/><T34/><D34/><U0/><E0/><V96/><F130/><W23/><G10/><T22/><D98/><U21/><E21/><N who="0" m="8297" /><D1/><U75/><E75/><V126/><F126/><W28/><G28/><T13/><N who="0" m="3072" /><DORA hai="135" /><T69/><D69/><U93/><E93/><V111/><F2/><W88/><G108/><T102/><D102/><U24/><E24/><V119/><F111/><W44/><N who="3" m="22528" /><DORA hai="109" /><W112/><G112/><T68/><D68/><U131/><E131/><V72/><F3/><W87/><G62/><T99/><D99/><U50/><E70/><V56/><F60/><W92/><G92/><T94/><D94/><U125/><E125/><V33/><F95/><W4/><G4/><T48/><D63/><U35/><E35/><V38/><F96/><W25/><G81/><AGARI ba="1,0" hai="6,7,48,54,57,79,81,85" m="3072,8297" machi="81" ten="40,1300,0" yaku="8,1" doraHai="71,135,109" who="0" fromWho="3" sc="207,16,199,0,357,0,237,-16" /><INIT seed="3,0,0,0,2,23" ten="223,199,357,221" oya="3" hai0="35,15,132,10,116,66,74,87,60,85,115,9,46" hai1="4,68,89,28,5,7,6,65,0,88,21,58,84" hai2="43,108,56,41,79,135,117,118,120,31,82,33,11" hai3="129,91,57,26,70,125,34,69,92,75,81,49,111"/><W98/><G125/><T124/><D116/><U51/><E68/><V1/><F108/><W113/><G113/><T40/><D74/><U19/><E28/><V122/><F135/><W114/><G114/><T44/><D115/><U95/><E0/><V59/><F11/><W2/><G2/><T131/><D35/><U63/><E6/><V94/><F1/><W105/><G129/><T128/><D124/><U50/><E89/><V13/><F13/><AGARI ba="0,0" hai="4,5,7,13,19,21,50,51,58,63,65,84,88,95" machi="13" ten="40,2600,0" yaku="8,1,54,1" doraHai="23" who="1" fromWho="2" sc="223,0,199,26,357,-26,221,0" owari="223,-17.7,225,2.5,331,43.1,221,-27.9" /></mjloggm>