<mjloggm ver="2.3"><GO type="225" lobby="0"/><UN n0="%E3%81%8C%E3%81%9F" n1="%E3%80%93%E3%81%97%E3%83%BC%E3%82%89%E3%80%93" n2="%E3%81%A1%E3%81%AA%E3%81%A4" n3="%72%69%6F%75%63%68%61%6E" dan="16,16,16,16" rate="2093.52,2120.57,2108.31,2150.18" sx="M,M,M,M"/><TAIKYOKU oya="0"/><INIT seed="0,0,0,0,4,14" ten="250,250,250,250" oya="0" hai0="62,111,58,130,96,110,59,65,2,129,54,80,121" hai1="131,91,112,106,75,69,36,63,15,4,132,98,109" hai2="102,38,126,118,1,26,88,32,30,68,133,29,99" hai3="108,20,55,107,8,64,76,84,52,18,92,95,105"/><T124/><D2/><U115/><E75/><V51/><F38/><W48/><G108/><N who="0" m="41515" /><D121/><U73/><E73/><V42/><F1/><W87/><G64/><T125/><D96/><U93/><E36/><V94/><F68/><W39/><G39/><T103/><D80/><U97/><E109/><V70/><F70/><W12/><G107/><T22/><D22/><U28/><E28/><V17/><F133/><W41/><G105/><T90/><D90/><U31/><E31/><V117/><F126/><N who="0" m="48746" /><D103/><U135/><E98/><V53/><F42/><W23/><G41/><T34/><D34/><U10/><E106/><V113/><F113/><N who="1" m="43593" /><E131/><V122/><F122/><W0/><G0/><T127/><N who="0" m="48754" /><T21/><DORA hai="45" /><D21/><N who="3" m="8265" /><G55/><T5/><D5/><U56/><E69/><V25/><F102/><W46/><G87/><T83/><D83/><AGARI ba="0,0" hai="8,12,18,46,48,52,76,83,84,92,95" m="8265" machi="83" ten="30,7700,0" yaku="8,1,52,2,54,1" doraHai="14,45" who="3" fromWho="0" sc="250,-77,250,0,250,0,250,77" /><INIT seed="1,0,0,1,3,101" ten="173,250,250,327" oya="1" hai0="81,65,46,87,42,57,23,2,44,5,97,10,79" hai1="45,73,43,9,60,33,68,32,1,6,105,96,99" hai2="56,112,107,74,19,108,54,100,8,89,129,31,24" hai3="38,34,36,18,91,21,123,41,127,71,120,61,134"/><U78/><E96/><V104/><F74/><W48/><G34/><T72/><D23/><U125/><E125/><V117/><F117/><W93/><G127/><T58/><D65/><N who="1" m="40999" /><E45/><V4/><F108/><W14/><G38/><T55/><D87/><U64/><E64/><V27/><F129/><W113/><G36/><T116/><D116/><U109/><E43/><V133/><F133/><W67/><G134/><T35/><D35/><N who="1" m="13387" /><E109/><V69/><F69/><W52/><G113/><T106/><D55/><U20/><E20/><V83/><F112/><W110/><G41/><T28/><D28/><U88/><E88/><V94/><F19/><W103/><G103/><T75/><D75/><U12/><E12/><V49/><F83/><W39/><G39/><T90/><D90/><U135/><E135/><V111/><F111/><W115/><G115/><T40/><D46/><U30/><E30/><V7/><F100/><W122/><G110/><T130/><D130/><U85/><E85/><V37/><F37/><W50/><REACH who="3" step="1"/><G52/><REACH who="3" ten="173,250,250,317" step="2"/><T95/><D40/><U66/><E66/><V26/><F31/><W118/><G118/><T53/><D53/><U126/><E126/><V124/><F124/><W3/><G3/><T102/><REACH who="0" step="1"/><D95/><REACH who="0" ten="163,250,250,317" step="2"/><U119/><E119/><V76/><F54/><W22/><G22/><T51/><AGARI ba="0,2" hai="2,5,10,42,44,51,57,58,72,79,81,97,102,106" machi="51" ten="20,8000,1" yaku="1,1,2,1,0,1,7,1,52,1,53,0" doraHai="101" doraHaiUra="114" who="0" fromWho="0" sc="163,100,250,-40,250,-20,317,-20" /><INIT seed="2,0,0,3,2,90" ten="263,210,230,297" oya="2" hai0="124,47,120,107,3,105,10,45,72,65,126,129,6" hai1="116,85,109,2,40,66,83,36,55,44,51,25,12" hai2="95,115,130,74,38,70,127,93,78,104,62,7,18" hai3="84,91,77,71,111,69,32,108,57,110,53,97,68"/><V96/><F115/><W35/><G77/><T50/><D120/><U123/><E2/><V67/><F38/><W92/><REACH who="3" step="1"/><G97/><REACH who="3" ten="263,210,230,287" step="2"/><T5/><D126/><U100/><E123/><V46/><F127/><W80/><G80/><T22/><D124/><U76/><E83/><V73/><F130/><W118/><G118/><T125/><D129/><U37/><E76/><V119/><F119/><W48/><AGARI ba="0,1" hai="32,35,48,53,57,68,69,71,84,91,92,108,110,111" machi="48" ten="40,8000,1" yaku="1,1,0,1,14,1,52,1,53,0" doraHai="90" doraHaiUra="106" who="3" fromWho="3" sc="263,-20,210,-20,230,-40,287,90" /><INIT seed="3,0,0,1,0,44" ten="243,190,190,377" oya="3" hai0="61,56,57,101,93,82,112,83,117,24,127,28,98" hai1="73,77,35,100,124,30,92,129,80,99,33,18,39" hai2="59,23,12,94,1,71,19,40,11,15,90,96,84" hai3="41,20,26,63,13,113,53,5,42,0,121,88,65"/><W122/><G0/><T97/><D117/><U60/><E39/><V74/><F71/><W29/><G53/><T107/><D127/><U10/><E124/><V110/><F74/><W46/><G41/><T104/><D57/><U115/><E115/><V89/><F110/><W22/><G113/><T132/><D132/><U123/><E123/><V6/><F40/><W32/><G88/><T135/><D135/><U109/><E109/><V14/><F59/><W3/><G22/><T114/><D107/><U55/><E129/><V52/><F52/><W131/><G131/><T69/><D69/><U120/><E120/><V105/><F105/><W64/><G64/><T76/><D76/><U85/><E30/><V91/><F91/><W47/><G47/><T37/><D37/><U9/><E73/><V48/><F48/><W62/><G62/><T118/><D61/><U4/><E18/><V67/><F67/><W34/><G65/><T116/><D116/><U54/><E10/><V133/><F133/><W119/><G63/><T95/><D118/><U128/><E128/><V8/><F11/><W102/><G119/><T17/><D112/><U108/><E108/><V78/><F78/><W75/><G75/><T25/><D114/><U27/><E27/><V66/><F66/><W50/><G26/><T2/><D24/><U126/><E126/><V7/><F7/><W68/><G5/><T21/><D25/><U79/><E79/><V81/><AGARI ba="0,0" hai="1,6,8,12,14,15,19,23,81,84,89,90,94,96" machi="81" ten="20,1500,0" yaku="0,1,7,1" doraHai="44" who="2" fromWho="2" sc="243,-4,190,-4,190,15,377,-7" owari="239,3.9,186,-31.4,205,-19.5,370,47.0" /></mjloggm>