<mjloggm ver="2.3"><GO type="225" lobby="0"/><UN n0="%73%6C%69%63%6B%33%31%39" n1="%E3%81%8B%E3%82%8F%E3%81%A1%E3%82%83%E3%82%93%35%38" n2="%72%61%6B%33" n3="%E6%9D%B1%E9%A2%A8%E3%81%AE%E3%81%8D%E3%82%83%E3%81%B7%E3%81%95%E3%82%93" dan="16,16,16,16" rate="2103.64,2120.56,2095.24,2136.07" sx="M,M,M,M"/><TAIKYOKU oya="0"/><INIT seed="0,0,0,0,4,114" ten="250,250,250,250" oya="0" hai0="40,45,0,83,31,44,121,112,50,96,115,86,130" hai1="7,57,51,14,97,89,73,24,56,104,82,119,72" hai2="133,11,36,49,37,102,42,53,125,30,12,15,84" hai3="23,127,27,59,33,16,32,17,1,99,113,103,60"/><T26/><D121/><U117/><E24/><V126/><F133/><W54/><G113/><T5/><D130/><U3/><E14/><V92/><F30/><W111/><G111/><T8/><D96/><U94/><E7/><V6/><F15/><W93/><G1/><T108/><D44/><U79/><E3/><V34/><F34/><W109/><G109/><T18/><D18/><U100/><E56/><V63/><F63/><W13/><REACH who="3" step="1"/><G127/><REACH who="3" ten="250,250,250,240" step="2"/><T48/><D108/><U2/><E2/><V91/><F126/><W123/><G123/><T70/><D115/><U75/><E57/><V25/><F125/><W28/><G28/><T105/><D112/><U128/><E128/><V101/><F36/><W52/><G52/><T21/><D70/><U64/><E64/><V107/><F37/><W118/><G118/><N who="1" m="45066" /><E51/><V80/><F49/><W22/><AGARI ba="0,1" hai="13,16,17,22,23,27,32,33,54,59,60,93,99,103" machi="22" ten="20,8000,1" yaku="1,1,0,1,7,1,54,1,53,1" doraHai="114" doraHaiUra="90" who="3" fromWho="3" sc="250,-40,250,-20,250,-20,240,90" /><INIT seed="1,0,0,0,0,23" ten="210,230,230,330" oya="1" hai0="110,48,106,51,117,3,98,2,1,133,49,47,26" hai1="77,18,27,57,16,44,56,93,21,65,58,8,86" hai2="111,95,10,66,129,6,35,125,74,36,20,12,128" hai3="4,94,76,38,101,5,90,130,9,15,118,100,89"/><U54/><E65/><V85/><F74/><W45/><G130/><T132/><D117/><U108/><E108/><V13/><F36/><W52/><G118/><T127/><D110/><U59/><E44/><V30/><F111/><W134/><G134/><N who="0" m="51819" /><D127/><U99/><E86/><V135/><F66/><W102/><G76/><T32/><D106/><U126/><E77/><V78/><F95/><W72/><G72/><T131/><D98/><U43/><E43/><V84/><F135/><W68/><G68/><T17/><D131/><N who="2" m="50250" /><F78/><W31/><G38/><T70/><D70/><U28/><E8/><V82/><F82/><W40/><G40/><N who="0" m="24679" /><D17/><U87/><E87/><V105/><F105/><W91/><G31/><AGARI ba="0,0" hai="1,2,3,26,31,32,49,51" m="24679,51819" machi="31" ten="40,2600,0" yaku="20,1,52,1" doraHai="23" who="0" fromWho="3" sc="210,26,230,0,230,0,330,-26" /><INIT seed="2,0,0,2,2,18" ten="236,230,230,304" oya="2" hai0="32,21,52,101,97,50,43,78,128,114,31,123,73" hai1="119,99,20,46,71,27,111,106,3,104,98,68,4" hai2="134,65,79,63,126,120,85,77,16,116,41,10,122" hai3="0,9,130,84,44,47,115,89,2,62,34,40,12"/><V22/><F116/><W51/><G34/><T90/><D123/><U33/><E46/><V7/><F126/><W25/><G130/><T117/><D114/><U11/><E119/><V55/><F134/><W48/><G25/><N who="0" m="16815" /><D73/><U76/><E76/><V66/><F41/><W131/><G62/><T36/><D36/><U108/><E98/><V100/><F100/><W23/><G23/><T14/><D32/><U127/><E127/><V121/><F55/><W88/><G131/><T59/><D78/><U75/><E75/><V81/><F79/><W24/><G24/><T105/><D105/><N who="1" m="40555" /><E99/><V6/><F10/><W38/><G38/><T96/><D128/><U60/><E60/><V135/><F135/><W72/><G72/><T132/><D132/><U54/><E54/><V45/><F45/><W86/><G115/><T56/><D43/><U8/><E8/><V28/><F28/><W19/><G86/><T42/><D42/><U1/><E1/><V61/><F61/><W80/><G89/><T109/><D117/><U37/><E37/><V107/><F107/><W64/><G64/><T15/><D90/><U5/><E5/><V124/><F124/><W102/><G102/><T91/><D91/><U94/><E94/><V82/><F82/><W118/><G118/><T67/><D101/><U112/><E112/><V110/><F66/><W35/><G35/><T133/><D133/><U69/><E20/><V26/><REACH who="2" step="1"/><F110/><REACH who="2" ten="236,230,220,304" step="2"/><W70/><G70/><AGARI ba="0,1" hai="6,7,16,22,26,63,65,70,77,81,85,120,121,122" machi="70" ten="40,12000,1" yaku="1,1,2,1,52,1,54,1,53,0" doraHai="18" doraHaiUra="93" who="2" fromWho="3" sc="236,0,230,0,220,130,304,-120" /><INIT seed="2,1,0,2,0,88" ten="236,230,350,184" oya="2" hai0="18,108,24,12,71,46,50,87,76,123,86,82,0" hai1="121,15,45,38,44,68,114,28,93,66,118,103,3" hai2="8,101,61,102,20,42,73,74,26,34,27,40,132" hai3="124,41,119,72,53,94,10,37,98,1,43,58,55"/><V116/><F8/><W83/><G119/><T125/><D123/><U4/><E3/><V80/><F61/><W29/><G124/><T65/><D0/><U85/><E28/><V89/><F89/><W47/><G29/><T128/><D125/><U106/><E15/><V25/><F80/><W49/><G43/><T21/><D108/><U126/><E38/><V35/><F20/><W33/><G33/><T54/><D128/><U134/><E106/><V111/><F111/><W84/><G72/><T90/><D71/><U113/><E85/><V6/><F6/><W22/><G22/><T14/><REACH who="0" step="1"/><D65/><REACH who="0" ten="226,230,350,184" step="2"/><U79/><E66/><V5/><F116/><W16/><G1/><T115/><D115/><U78/><E118/><V69/><F69/><W91/><G37/><T2/><D2/><U92/><E68/><V135/><F34/><W19/><G10/><T99/><D99/><U48/><E126/><V62/><F35/><W17/><REACH who="3" step="1"/><G58/><REACH who="3" ten="226,230,350,174" step="2"/><T57/><D57/><U63/><E114/><V107/><F74/><W7/><G7/><T39/><D39/><U52/><E113/><V30/><F73/><W127/><G127/><T70/><D70/><U110/><E4/><V109/><F5/><W97/><G97/><T104/><D104/><U60/><E110/><V31/><F107/><W77/><AGARI ba="1,2" hai="16,17,19,41,47,49,53,55,77,83,84,91,94,98" machi="77" ten="30,8000,1" yaku="1,1,0,1,8,1,52,1,54,1,53,0" doraHai="88" doraHaiUra="131" who="3" fromWho="3" sc="226,-21,230,-21,350,-41,174,103" /><INIT seed="3,0,0,0,1,115" ten="205,209,309,277" oya="3" hai0="20,51,45,69,64,85,9,123,56,74,135,21,23" hai1="12,29,50,106,32,93,66,78,108,130,120,122,16" hai2="129,132,0,94,121,48,44,90,96,113,114,116,17" hai3="117,18,10,47,76,75,88,52,86,33,80,103,26"/><W39/><G117/><T22/><D123/><U92/><E106/><V43/><F116/><W67/><G67/><T99/><D74/><U49/><E66/><V111/><F121/><W65/><G65/><T60/><D135/><U124/><E78/><V104/><F0/><W77/><G103/><T34/><D34/><U42/><E29/><V46/><F132/><W97/><G97/><T15/><D99/><U30/><E30/><V112/><F111/><W61/><G39/><T81/><N who="0" m="5120" /><DORA hai="24" /><T128/><D128/><U38/><E32/><V131/><F17/><W2/><G2/><T4/><D69/><U31/><E38/><V102/><F46/><W118/><G118/><T37/><D37/><U82/><E31/><V40/><F40/><W101/><G101/><T54/><D85/><U127/><E82/><AGARI ba="0,0" hai="4,9,15,45,51,54,56,60,64,81,82" m="5120" machi="82" ten="50,1600,0" yaku="8,1" doraHai="115,24" who="0" fromWho="1" sc="205,16,209,-16,309,0,277,0" owari="221,-17.9,193,-30.7,309,40.9,277,7.7" /></mjloggm>