<mjloggm ver="2.3"><GO type="225" lobby="0"/><UN n0="%E3%81%8B%E3%82%8F%E3%81%A1%E3%82%83%E3%82%93%35%38" n1="%65%6B%61%72%75%74%65" n2="%E3%81%B5%E3%81%98%E3%81%8B%E3%81%A4" n3="%E3%83%81%E3%83%AF%E3%83%AF%E9%9A%8A%E9%95%B7" dan="17,16,17,16" rate="2203.68,2183.54,2202.60,2096.68" sx="M,M,M,M"/><TAIKYOKU oya="0"/><INIT seed="0,0,0,0,0,100" ten="250,250,250,250" oya="0" hai0="44,123,117,82,9,52,54,114,107,106,125,84,129" hai1="133,76,27,71,67,16,120,121,49,115,51,19,36" hai2="94,43,83,131,37,86,89,126,101,69,104,50,55" hai3="91,33,105,99,112,109,59,3,5,46,24,130,81"/><T25/><D114/><U60/><E36/><V15/><F126/><W20/><G112/><T97/><D117/><U17/><E115/><V29/><F131/><W65/><G33/><T113/><D123/><U95/><E133/><V122/><F69/><W32/><G130/><T124/><D129/><U64/><E76/><V47/><F122/><W79/><G32/><T78/><D113/><U1/><E1/><V7/><F29/><W111/><G5/><T96/><D25/><U132/><E132/><V62/><F62/><W63/><G3/><T98/><D9/><U18/><E95/><V48/><F104/><W30/><G46/><T93/><D93/><U45/><E67/><V31/><F31/><W40/><G40/><T70/><D70/><U118/><E51/><V58/><F101/><W13/><G13/><T34/><D34/><U22/><REACH who="1" step="1"/><E118/><REACH who="1" ten="250,240,250,250" step="2"/><V26/><F37/><W73/><G65/><T72/><D72/><U42/><AGARI ba="0,1" hai="16,17,18,19,22,27,42,45,49,60,64,71,120,121" machi="42" ten="30,7900,0" yaku="1,1,2,1,0,1,54,1,53,0" doraHai="100" doraHaiUra="8" who="1" fromWho="1" sc="250,-39,240,89,250,-20,250,-20" /><INIT seed="1,0,0,0,0,87" ten="211,329,230,230" oya="1" hai0="0,11,58,89,50,85,14,47,45,99,83,78,20" hai1="72,39,124,71,77,61,81,32,49,113,121,111,95" hai2="6,92,131,17,66,53,129,34,1,27,54,26,10" hai3="75,46,31,104,134,135,70,122,55,90,51,13,64"/><U22/><E113/><V133/><F133/><W48/><G75/><T86/><D0/><U132/><E121/><V112/><F66/><W76/><G104/><T94/><D20/><U18/><E39/><V114/><F92/><W84/><G76/><T96/><D58/><U125/><E32/><V59/><F53/><W126/><G122/><T117/><D117/><U21/><E132/><N who="3" m="50730" /><G126/><T93/><D93/><U60/><E111/><V106/><F106/><W128/><G128/><N who="2" m="49225" /><F54/><W98/><G98/><T101/><D101/><U67/><E49/><V29/><F59/><W33/><G13/><T82/><D94/><U116/><E116/><V115/><F27/><N who="3" m="18687" /><G51/><T28/><D28/><U69/><E95/><V23/><F17/><W56/><G70/><T103/><D103/><U38/><E38/><V42/><F42/><W110/><G110/><T25/><D25/><U30/><E30/><V120/><F34/><W2/><G64/><T105/><D105/><U123/><E123/><AGARI ba="0,0" hai="1,6,10,23,26,29,112,114,115,120,123" m="49225" machi="123" ten="40,8000,1" yaku="11,1,19,1,34,2" doraHai="87" who="2" fromWho="1" sc="211,0,329,-80,230,80,230,0" /><INIT seed="2,0,0,1,4,59" ten="211,249,310,230" oya="2" hai0="48,119,107,114,83,22,97,14,61,47,80,65,71" hai1="98,67,29,99,62,0,12,104,27,32,15,103,45" hai2="116,57,4,64,41,133,85,129,46,60,113,3,93" hai3="110,82,39,73,100,108,118,33,10,95,40,115,58"/><V56/><F116/><W6/><G33/><T90/><D114/><U70/><E0/><V112/><F133/><W128/><G118/><T131/><D119/><U28/><E28/><V87/><F129/><W23/><G128/><T101/><D131/><U76/><E76/><V2/><F57/><W72/><G115/><T102/><D102/><U127/><E127/><V13/><F2/><N who="3" m="343" /><G23/><T38/><D38/><U132/><E132/><V5/><F3/><W78/><G73/><T53/><REACH who="0" step="1"/><D90/><REACH who="0" ten="201,249,310,230" step="2"/><U111/><E111/><V96/><F113/><W69/><G110/><T92/><D92/><U81/><E81/><V54/><F93/><W37/><G108/><T123/><D123/><U94/><E45/><V134/><F46/><W89/><G95/><T21/><D21/><U19/><E19/><AGARI ba="0,1" hai="14,19,22,47,48,53,61,65,71,80,83,97,101,107" machi="19" ten="40,2600,0" yaku="1,1,52,1,53,0" doraHai="59" doraHaiUra="106" who="0" fromWho="1" sc="201,36,249,-26,310,0,230,0" /><INIT seed="3,0,0,5,3,67" ten="237,223,310,230" oya="3" hai0="69,82,81,5,98,47,128,90,127,13,78,20,123" hai1="87,2,10,133,135,86,89,56,73,42,34,23,31" hai2="33,3,80,85,126,27,71,38,97,15,95,62,60" hai3="4,115,75,100,17,28,114,12,83,96,119,61,131"/><W94/><G119/><T101/><D123/><U102/><E73/><V45/><F3/><W84/><G75/><T44/><D69/><U50/><E102/><V125/><F15/><W26/><G4/><T77/><D90/><U91/><E34/><V113/><F113/><W19/><G131/><T93/><D128/><U88/><E42/><N who="2" m="22743" /><F71/><W122/><G122/><T29/><D127/><N who="2" m="48650" /><F27/><W7/><G7/><T41/><D41/><U99/><E99/><V11/><F11/><W72/><G115/><T37/><D37/><U39/><E39/><V76/><F33/><W129/><G114/><T117/><D117/><U57/><E10/><V130/><F130/><W8/><G129/><T0/><D0/><U92/><E2/><V30/><F30/><W25/><G28/><T43/><D43/><U46/><E46/><N who="0" m="17449" /><D29/><U107/><E107/><V65/><F65/><W49/><G17/><N who="0" m="10287" /><D5/><U124/><E124/><V40/><F40/><W103/><G19/><T108/><D108/><U32/><E32/><V36/><F36/><W105/><G8/><T21/><D21/><U74/><E74/><V79/><F79/><AGARI ba="0,0" hai="77,78,79,81,82,93,98,101" m="10287,17449" machi="79" ten="30,1000,0" yaku="8,1" doraHai="67" who="0" fromWho="2" sc="237,10,223,0,310,-10,230,0" owari="247,4.7,223,-27.7,300,40.0,230,-17.0" /></mjloggm>