<mjloggm ver="2.3"><GO type="225" lobby="0"/><UN n0="%E3%82%B2%E3%82%B9%E8%8C%82%E5%8B%9D" n1="%72%69%6F%75%63%68%61%6E" n2="%E5%86%B7%E5%87%8D%E3%82%AE%E3%83%A7%E3%83%BC%E3%82%B6" n3="%E3%81%BF%E3%81%BF%E3%81%9A" dan="16,16,17,16" rate="2133.50,2136.54,2202.16,2160.21" sx="F,M,M,M"/><TAIKYOKU oya="0"/><INIT seed="0,0,0,0,1,107" ten="250,250,250,250" oya="0" hai0="93,20,25,14,63,101,84,16,60,5,90,39,135" hai1="80,27,108,69,95,17,122,78,31,46,76,104,59" hai2="113,66,62,54,34,47,77,116,26,33,99,37,75" hai3="71,11,112,23,72,32,65,36,9,30,55,0,35"/><T56/><D135/><U18/><E122/><V123/><F123/><W98/><G112/><T4/><D39/><U127/><E104/><V89/><F113/><W38/><G98/><T8/><D101/><U13/><E69/><V126/><F126/><W15/><G55/><T58/><D63/><U105/><E105/><V97/><F116/><W68/><G23/><T1/><D56/><U124/><E108/><V81/><F26/><W48/><G48/><T50/><D50/><U110/><E110/><V53/><F53/><W133/><G15/><T44/><D44/><U22/><E59/><V70/><F54/><W114/><G30/><T10/><D58/><U115/><E115/><V92/><REACH who="2" step="1"/><F99/><REACH who="2" ten="250,250,240,250" step="2"/><W43/><G114/><T109/><D109/><U79/><E127/><V74/><F74/><W125/><G125/><T100/><D60/><U28/><E124/><V121/><F121/><W88/><G72/><T102/><AGARI ba="0,1" hai="1,4,5,8,10,14,16,20,25,84,90,93,100,102" machi="102" ten="30,3000,0" yaku="0,1,54,1" doraHai="107" who="0" fromWho="0" sc="250,40,250,-10,240,-10,250,-10" /><INIT seed="0,1,0,3,2,110" ten="290,240,230,240" oya="0" hai0="48,16,54,106,20,74,80,63,24,133,87,65,83" hai1="115,4,91,120,33,44,125,101,109,132,58,42,108" hai2="14,45,8,96,62,119,21,85,13,116,23,25,15" hai3="126,34,134,31,129,1,55,113,121,72,27,128,111"/><T68/><D133/><U52/><E120/><V60/><F85/><W73/><RYUUKYOKU type="yao9" ba="1,0" sc="290,0,240,0,230,0,240,0" hai3="1,27,31,34,55,72,73,111,113,121,126,128,129,134" /><INIT seed="0,2,0,4,1,129" ten="290,240,230,240" oya="0" hai0="54,108,124,12,125,83,29,111,100,7,59,119,118" hai1="33,62,112,99,82,41,126,50,68,32,123,76,0" hai2="116,134,130,79,63,52,31,14,57,47,132,55,42" hai3="61,77,95,102,97,80,49,88,38,56,6,133,48"/><T72/><D29/><U73/><E123/><V40/><F130/><W17/><G38/><T92/><D12/><U87/><E0/><V114/><F114/><W90/><G6/><T94/><D7/><U27/><E112/><V84/><F116/><N who="0" m="44586" /><D59/><U122/><E126/><N who="0" m="48745" /><D54/><U121/><E73/><V101/><F101/><W91/><G133/><N who="2" m="51305" /><F31/><W110/><G110/><N who="0" m="42027" /><D100/><U26/><E32/><V104/><F104/><W98/><G17/><T39/><D39/><U18/><E33/><V135/><N who="2" m="51313" /><V71/><DORA hai="86" /><F71/><W10/><G10/><T13/><D13/><U120/><E68/><V67/><F14/><W19/><G19/><T25/><D25/><U65/><E26/><V51/><F40/><W22/><G22/><T5/><D5/><U109/><E27/><V30/><F30/><W69/><G69/><T105/><D105/><U115/><E18/><V128/><F128/><W21/><G21/><T2/><D2/><U78/><E109/><V131/><F131/><W16/><G16/><T24/><D24/><U28/><E28/><V9/><F9/><W3/><G3/><T1/><D1/><U44/><E122/><V43/><F43/><W74/><REACH who="3" step="1"/><G98/><REACH who="3" ten="290,240,230,230" step="2"/><T15/><D15/><U46/><E99/><V106/><F106/><W70/><G70/><T4/><D4/><U8/><E121/><V103/><F103/><W36/><G36/><T60/><D60/><U113/><E62/><V66/><F66/><AGARI ba="2,1" hai="48,49,56,61,66,74,77,80,88,90,91,95,97,102" machi="66" ten="40,8000,1" yaku="1,1,52,3,54,1,53,0" doraHai="129,86" doraHaiUra="20,117" who="3" fromWho="2" sc="290,0,240,0,230,-86,230,96" /><INIT seed="1,0,0,5,5,112" ten="290,240,144,326" oya="1" hai0="64,52,63,5,104,67,32,59,6,80,115,131,105" hai1="4,110,48,1,60,94,129,90,92,86,113,83,128" hai2="101,24,10,34,38,42,118,126,3,73,68,22,135" hai3="11,106,44,46,87,40,100,109,72,123,51,84,85"/><U127/><E113/><V81/><F126/><W47/><G123/><T15/><D115/><U66/><E127/><V78/><F135/><W17/><G72/><T77/><D131/><N who="1" m="50251" /><E110/><V120/><F120/><W98/><G109/><T2/><D2/><U41/><E41/><V54/><F54/><W28/><G28/><T125/><D125/><U18/><E48/><V13/><F101/><W25/><G25/><T31/><D31/><U75/><E75/><V99/><F99/><W88/><G17/><T117/><D32/><U37/><E37/><V96/><F96/><W12/><G88/><T71/><D117/><U121/><E121/><V91/><F91/><W21/><G21/><T45/><D45/><U93/><E18/><V8/><F34/><W7/><AGARI ba="0,0" hai="7,11,12,40,44,46,47,51,84,85,87,98,100,106" machi="7" ten="30,1100,0" yaku="0,1" doraHai="112" who="3" fromWho="3" sc="290,-3,240,-5,144,-3,326,11" /><INIT seed="2,0,0,1,2,65" ten="287,235,141,337" oya="2" hai0="57,62,52,87,122,71,134,2,36,121,90,39,116" hai1="79,123,102,100,54,37,59,135,81,6,75,29,114" hai2="44,72,132,88,8,18,9,11,51,42,24,30,113" hai3="38,32,49,107,1,17,119,131,4,64,106,124,19"/><V34/><F113/><W133/><G38/><T105/><D105/><U53/><E114/><V103/><F132/><W41/><G32/><T27/><D2/><U89/><E135/><V115/><F115/><W129/><G133/><T86/><D134/><U95/><E123/><V55/><F72/><W73/><G73/><T117/><D27/><U60/><E37/><N who="0" m="14409" /><D86/><U47/><E6/><V22/><F103/><W68/><G119/><N who="0" m="45643" /><D90/><U82/><E29/><V61/><F88/><W97/><G124/><T96/><D87/><U108/><E108/><V93/><F93/><W56/><G4/><T67/><D96/><U46/><E82/><V0/><F0/><W99/><G1/><T70/><D70/><U28/><E28/><V120/><F120/><W63/><G99/><T35/><D35/><U77/><E77/><V15/><REACH who="2" step="1"/><F61/><AGARI ba="0,0" hai="52,57,61,62,67,71,121,122" m="45643,14409" machi="61" ten="30,8000,1" yaku="12,1,34,2,52,1,54,1" doraHai="65" who="0" fromWho="2" sc="287,80,235,0,141,-80,337,0" /><INIT seed="3,0,0,0,5,85" ten="367,235,61,337" oya="3" hai0="127,114,28,52,110,32,131,17,10,9,122,98,81" hai1="50,63,92,20,116,80,15,112,89,37,5,2,86" hai2="93,82,25,31,22,111,77,34,29,108,18,23,66" hai3="26,3,47,14,38,27,76,94,113,0,68,119,8"/><W100/><G113/><T44/><D122/><U134/><E112/><V13/><F13/><W21/><BYE who="2" /><G119/><T87/><D114/><U19/><E37/><V118/><F118/><W104/><G104/><T49/><D127/><U124/><E124/><V48/><F48/><W30/><G68/><T71/><D110/><U64/><E116/><V88/><F88/><W61/><G61/><T73/><D73/><U51/><E134/><V74/><F74/><W84/><G26/><T43/><D71/><U24/><E2/><V129/><F129/><W132/><G132/><T105/><D131/><U12/><E12/><V56/><F56/><W79/><G79/><T45/><D17/><U99/><E5/><V135/><F135/><W70/><G70/><T91/><D28/><U102/><REACH who="1" step="1"/><E24/><REACH who="1" ten="367,225,61,337" step="2"/><V65/><F65/><W41/><G76/><T4/><D4/><U109/><E109/><V67/><F67/><W95/><G0/><T123/><D123/><U107/><E107/><V6/><F6/><W126/><G3/><T53/><D105/><U69/><AGARI ba="0,1" hai="15,19,20,50,51,63,64,69,80,86,89,92,99,102" machi="69" ten="20,8000,1" yaku="1,1,0,1,7,1,52,1,53,1" doraHai="85" doraHaiUra="57" who="1" fromWho="1" sc="367,-20,225,90,61,-20,337,-40" owari="347,44.7,315,11.5,41,-45.9,297,-10.3" /></mjloggm>