<mjloggm ver="2.3"><GO type="225" lobby="0"/><UN n0="%E8%81%B7%E6%A5%AD%E3%80%81%E9%A2%A8%32" n1="%E6%A1%9C%E8%8A%B1%E9%96%83%E3%80%85" n2="%E6%A0%B9%E5%85%83%E3%81%8B%E3%82%89%E5%90%B9%E3%81%A3%E9%A3%9B%E3%81%B6" n3="%6D%75%75%6D%75%72%61" dan="16,18,17,16" rate="2108.60,2207.90,2191.61,2085.93" sx="M,M,F,F"/><TAIKYOKU oya="0"/><INIT seed="0,0,0,5,4,131" ten="250,250,250,250" oya="0" hai0="17,103,87,53,78,33,95,99,74,133,35,19,24" hai1="77,128,134,119,54,118,108,112,39,96,45,129,42" hai2="58,98,72,122,111,36,88,47,59,28,27,121,70" hai3="23,120,3,82,89,109,51,110,80,73,30,56,105"/><T20/><D133/><U61/><E77/><V92/><F70/><W132/><G120/><T76/><D74/><U75/><E75/><V85/><F72/><W15/><G3/><T79/><D87/><U16/><E96/><V4/><F111/><N who="3" m="42507" /><G105/><T84/><D84/><U86/><E108/><V34/><F4/><W1/><G1/><T66/><D66/><U63/><E86/><V90/><F59/><W115/><G115/><T46/><D46/><U113/><E16/><V18/><F18/><N who="3" m="10719" /><G73/><T38/><D38/><U55/><E134/><V25/><F25/><W106/><G106/><T22/><REACH who="0" step="1"/><D53/><REACH who="0" ten="240,250,250,250" step="2"/><N who="1" m="19979" /><E119/><V67/><F36/><W62/><G132/><T11/><D11/><U101/><E118/><V50/><F47/><W32/><G82/><T135/><D135/><U21/><E113/><V37/><F37/><W10/><G80/><T60/><D60/><U64/><E112/><V43/><F50/><W94/><G51/><T5/><D5/><U123/><E63/><V130/><F122/><W127/><G10/><T7/><D7/><U12/><E123/><V102/><F121/><W41/><G62/><T52/><D52/><U116/><E116/><V13/><F67/><W26/><G56/><T29/><D29/><U97/><E61/><V65/><F58/><W69/><G69/><T49/><D49/><U8/><E64/><V9/><F65/><W125/><G41/><T124/><D124/><U68/><E68/><V93/><F43/><W57/><G57/><T0/><D0/><U31/><E42/><V71/><F71/><W91/><G94/><T2/><D2/><RYUUKYOKU ba="0,1" sc="240,15,250,-15,250,-15,250,15" hai0="17,19,20,22,24,33,35,76,78,79,95,99,103" hai3="26,30,32,89,91,125,127" /><INIT seed="0,1,1,1,1,0" ten="255,235,235,265" oya="0" hai0="1,44,32,96,24,128,92,134,91,99,107,60,49" hai1="65,109,4,86,13,46,68,43,25,84,17,58,26" hai2="57,6,94,31,29,101,124,74,97,100,30,93,110" hai3="38,14,76,50,126,116,12,118,11,79,72,55,82"/><T39/><D134/><U102/><E68/><V87/><F110/><W89/><G38/><T114/><D114/><U54/><E109/><V70/><F70/><W83/><G126/><T5/><D39/><U42/><E102/><V127/><F74/><W105/><G105/><T64/><D128/><U20/><E65/><V106/><F57/><W18/><G89/><T2/><D5/><U62/><E42/><V37/><F37/><W35/><G35/><T98/><D32/><U63/><E63/><V90/><F101/><W71/><G14/><T115/><D24/><U33/><E33/><V34/><F34/><W111/><G71/><T61/><D61/><U122/><E122/><V45/><F45/><W52/><G111/><T19/><D19/><U21/><E26/><V95/><REACH who="2" step="1"/><F6/><REACH who="2" ten="255,235,225,265" step="2"/><W131/><G131/><T132/><D115/><U130/><E130/><V51/><F51/><W40/><G40/><T129/><D129/><U121/><E121/><V36/><F36/><W27/><G55/><T56/><D132/><U108/><E108/><V23/><F23/><W135/><G135/><T47/><D47/><U125/><E125/><AGARI ba="1,2" hai="29,30,31,87,90,93,94,95,97,100,106,124,125,127" machi="125" ten="40,2600,0" yaku="1,1,18,1,53,0" doraHai="0" doraHaiUra="69" who="2" fromWho="1" sc="255,0,235,-29,225,49,265,0" /><INIT seed="1,0,0,1,0,84" ten="255,206,274,265" oya="1" hai0="74,88,52,29,36,68,89,127,117,26,102,126,31" hai1="111,48,24,21,106,125,92,62,122,96,90,103,131" hai2="33,81,132,97,32,27,46,25,55,72,10,91,16" hai3="76,40,7,56,34,41,65,58,71,113,39,118,134"/><U87/><E122/><V3/><F132/><W37/><G34/><T22/><D117/><U124/><E131/><V43/><F3/><W28/><G28/><T53/><D68/><U109/><E48/><N who="2" m="26719" /><F72/><W112/><G76/><T98/><D74/><U128/><E62/><V6/><F6/><W42/><G7/><T86/><D31/><U107/><E128/><V83/><F33/><W54/><G134/><T101/><D36/><N who="3" m="13897" /><G118/><T80/><D89/><U78/><E78/><V70/><F70/><W95/><G95/><N who="0" m="58591" /><D102/><U17/><REACH who="1" step="1"/><E107/><REACH who="1" ten="255,196,274,265" step="2"/><V11/><F32/><W110/><G110/><AGARI ba="0,1" hai="17,21,24,87,90,92,96,103,106,109,110,111,124,125" machi="110" ten="40,18000,2" yaku="1,1,2,1,14,1,10,1,52,1,53,1" doraHai="84" doraHaiUra="19" who="1" fromWho="3" sc="255,0,196,190,274,0,265,-180" /><INIT seed="1,1,0,0,2,106" ten="255,386,274,85" oya="1" hai0="81,84,68,102,14,122,34,0,118,97,44,46,51" hai1="123,89,67,116,49,24,60,48,26,104,85,63,96" hai2="70,129,62,115,112,57,77,128,92,108,33,54,50" hai3="9,56,4,103,55,74,109,119,90,124,80,12,105"/><U66/><E116/><V101/><F33/><W11/><G119/><T42/><D0/><U28/><E123/><V95/><F77/><W130/><G109/><T35/><D68/><U45/><E104/><V93/><F101/><W100/><G124/><T8/><D118/><U53/><E96/><V21/><F21/><W117/><G117/><T27/><D27/><N who="1" m="10283" /><E49/><V30/><F30/><W111/><G111/><T22/><D22/><U1/><E1/><V110/><F70/><W73/><G130/><N who="2" m="50281" /><F50/><W86/><G11/><T2/><D2/><U58/><E28/><V18/><F18/><W133/><G133/><T5/><D122/><U40/><E63/><V47/><F47/><W17/><G17/><T135/><D46/><U120/><E120/><V132/><F132/><W23/><G23/><T41/><D41/><U19/><E19/><V114/><AGARI ba="1,0" hai="54,57,62,92,93,95,108,110,112,114,115" m="50281" machi="114" ten="40,2700,0" yaku="11,1,19,1" doraHai="106" who="2" fromWho="2" sc="255,-8,386,-14,274,30,85,-8" /><INIT seed="2,0,0,5,4,43" ten="247,372,304,77" oya="2" hai0="121,31,122,16,44,134,83,106,86,59,17,132,75" hai1="64,72,23,10,135,80,33,46,54,102,39,65,128" hai2="41,125,42,85,8,5,91,56,71,99,35,114,96" hai3="61,32,130,24,30,40,11,47,89,55,73,20,18"/><V22/><F114/><W29/><G130/><T84/><D106/><U113/><E33/><V38/><F71/><W87/><G73/><T116/><D116/><U95/><E113/><V69/><F69/><W48/><G32/><T133/><D31/><U52/><E128/><V70/><F70/><W94/><REACH who="3" step="1"/><G11/><REACH who="3" ten="247,372,304,67" step="2"/><T119/><D75/><U109/><E10/><V126/><F35/><W103/><G103/><T111/><D132/><U117/><E102/><V13/><F8/><W78/><G78/><T58/><D133/><U120/><E72/><V27/><F126/><W21/><G21/><T25/><D134/><U14/><E23/><V112/><F22/><W0/><G0/><T104/><D121/><U79/><E120/><V98/><F125/><W51/><G51/><T62/><D122/><U15/><E79/><V108/><F112/><W129/><G129/><T82/><D119/><U3/><E3/><V26/><F38/><W107/><G107/><T60/><D104/><U36/><E39/><V53/><F108/><W12/><G12/><T124/><D111/><U127/><E36/><V7/><F27/><W110/><G110/><T4/><D124/><U88/><E15/><V63/><F26/><W77/><G77/><T131/><D131/><U57/><E14/><V37/><F37/><W68/><G68/><T93/><D25/><U28/><E109/><V115/><F115/><W90/><G90/><T67/><D62/><N who="1" m="36135" /><E135/><V81/><F13/><W6/><G6/><AGARI ba="0,1" hai="5,6,7,41,42,53,56,63,81,85,91,96,98,99" machi="6" ten="40,2000,0" yaku="8,1" doraHai="43" who="2" fromWho="3" sc="247,0,372,0,304,30,67,-20" /><INIT seed="2,1,0,0,2,17" ten="247,372,334,47" oya="2" hai0="41,77,134,4,76,20,84,119,23,116,37,135,25" hai1="133,13,80,18,65,47,88,34,70,55,7,32,105" hai2="94,114,49,38,28,83,102,40,69,6,73,33,120" hai3="78,16,124,54,101,21,106,58,110,91,108,66,46"/><V112/><F120/><W45/><G124/><T121/><D121/><U75/><E105/><V95/><F69/><W131/><G131/><T39/><D4/><U92/><E7/><V68/><F68/><W128/><G128/><T132/><D25/><U104/><E104/><V100/><F38/><N who="0" m="14346" /><D41/><U56/><E133/><V117/><F117/><N who="0" m="45130" /><D84/><U8/><E34/><V22/><F33/><W93/><G78/><AGARI ba="1,0" hai="20,23,76,77,78,132,134,135" m="45130,14346" machi="78" ten="40,12000,2" yaku="28,2,20,1,12,1,52,2" doraHai="17" who="0" fromWho="3" sc="247,123,372,0,334,0,47,-123" owari="370,17.0,372,47.2,334,-6.6,-76,-57.6" /></mjloggm>