<mjloggm ver="2.3"><GO type="225" lobby="0"/><UN n0="%E6%97%A5%E6%9B%9C%E6%97%A5%E3%82%88%E3%82%8A%E3%81%AE%E4%BD%BF%E8%80%85" n1="%E3%83%A9%E3%82%A4%E3%83%B3%E3%81%AE%E8%99%8E" n2="%E5%B8%86%E7%AB%8B%E5%A4%8F%E8%A1%A3" n3="%E4%B8%89%E5%88%86%E5%B0%8F%E5%83%A7" dan="16,16,17,16" rate="2169.27,2088.37,2164.12,2090.66" sx="M,M,M,M"/><TAIKYOKU oya="0"/><INIT seed="0,0,0,4,4,51" ten="250,250,250,250" oya="0" hai0="40,79,31,125,73,41,63,127,24,42,22,72,102" hai1="6,82,96,101,98,44,126,65,7,11,91,62,39" hai2="35,103,18,68,12,21,45,61,78,106,80,27,94" hai3="32,14,87,84,67,118,4,29,34,26,20,64,71"/><T134/><D134/><U70/><E126/><N who="0" m="48137" /><D102/><U66/><E66/><V89/><F68/><W135/><G118/><T92/><D79/><U58/><E70/><V107/><F61/><W109/><G109/><T30/><D30/><U85/><E98/><V110/><F110/><W8/><G135/><T25/><D25/><U1/><E6/><V97/><F45/><W131/><G131/><T129/><D129/><U128/><E128/><V9/><F35/><W0/><G34/><T15/><D92/><U38/><REACH who="1" step="1"/><E44/><REACH who="1" ten="250,240,250,250" step="2"/><V116/><F116/><W77/><G71/><T120/><D120/><U60/><E60/><V100/><F107/><AGARI ba="0,1" hai="1,7,11,38,39,58,62,65,82,85,91,96,101,107" machi="107" ten="30,3900,0" yaku="1,1,7,1,53,1" doraHai="51" doraHaiUra="52" who="1" fromWho="2" sc="250,0,240,49,250,-39,250,0" /><INIT seed="1,0,0,2,5,43" ten="250,289,211,250" oya="1" hai0="64,107,6,15,98,0,52,56,12,36,20,118,51" hai1="134,42,131,38,14,105,106,13,79,48,99,11,124" hai2="31,125,71,112,132,91,32,67,103,94,44,93,133" hai3="19,111,97,100,47,50,53,25,16,5,87,120,123"/><U109/><E38/><V96/><F32/><W90/><G111/><T126/><D118/><U115/><E115/><V29/><F112/><W8/><G97/><T129/><D126/><U128/><E124/><V113/><F113/><W17/><G100/><T72/><D72/><U92/><E79/><V23/><F125/><W21/><G120/><T116/><D116/><U65/><E65/><V18/><F67/><W2/><REACH who="3" step="1"/><G123/><REACH who="3" ten="250,289,211,240" step="2"/><T30/><D98/><U37/><E99/><N who="2" m="57791" /><F71/><W46/><G46/><T41/><D129/><U1/><E109/><V85/><F85/><W66/><G66/><T70/><D107/><U122/><E105/><V35/><F35/><W3/><G3/><T89/><D0/><U80/><E1/><V55/><F133/><W62/><G62/><T83/><D64/><U33/><E106/><V68/><F68/><W39/><G39/><T117/><D70/><U121/><E37/><V34/><F34/><W60/><G60/><T101/><D101/><U76/><E33/><V84/><F84/><W63/><G63/><T82/><D36/><U108/><E108/><V9/><F132/><W7/><G7/><T57/><D6/><U75/><E134/><V77/><F77/><W4/><G4/><T104/><D104/><U22/><E128/><V86/><F86/><W69/><G69/><T73/><D117/><U40/><E131/><V81/><F44/><W61/><G61/><T119/><D119/><U27/><E121/><V58/><F103/><W130/><G130/><T54/><D73/><N who="1" m="43023" /><E122/><V88/><F96/><W78/><G78/><T74/><D74/><RYUUKYOKU ba="0,1" sc="250,-10,289,-10,211,-10,240,30" hai3="2,5,8,16,17,19,21,25,47,50,53,87,90" /><INIT seed="2,1,1,5,1,71" ten="240,279,201,270" oya="2" hai0="28,109,21,68,76,46,24,1,127,48,22,117,27" hai1="132,104,36,2,103,106,64,6,124,69,85,120,112" hai2="78,97,7,43,131,47,65,8,92,32,79,100,134" hai3="108,123,56,93,18,39,125,90,37,86,129,128,91"/><V58/><F134/><W98/><G123/><T67/><D117/><U96/><E112/><V45/><F32/><W10/><G108/><T121/><D1/><U4/><E132/><V3/><F131/><N who="3" m="50251" /><G56/><T38/><D121/><U122/><E124/><V105/><F105/><W84/><G125/><T118/><D127/><U49/><E49/><V61/><REACH who="2" step="1"/><F47/><REACH who="2" ten="240,279,191,270" step="2"/><W26/><G98/><T12/><D118/><U133/><E96/><V114/><F114/><W72/><G72/><T102/><D109/><U33/><E33/><V20/><F20/><N who="3" m="13591" /><G10/><T35/><D35/><U40/><E133/><V5/><F5/><W60/><G60/><T101/><D22/><U110/><E4/><V55/><F55/><W80/><AGARI ba="1,2" hai="37,39,80,84,86,90,91,93" m="13591,50251" machi="80" ten="30,4000,0" yaku="19,1,52,2" doraHai="71" who="3" fromWho="3" sc="240,-11,279,-11,191,-21,270,63" /><INIT seed="3,0,0,3,3,76" ten="229,268,170,333" oya="3" hai0="37,82,93,69,48,94,122,105,133,129,107,103,43" hai1="0,21,113,111,75,116,106,51,13,6,80,15,123" hai2="5,79,63,84,36,91,18,66,57,10,7,8,22" hai3="125,33,25,20,61,44,70,45,19,72,130,35,2"/><W64/><G2/><T14/><D69/><U54/><E113/><V118/><F36/><W24/><G72/><T9/><D37/><U102/><E123/><V108/><F108/><W88/><G125/><T58/><D122/><U115/><E115/><V56/><F79/><W23/><G130/><T73/><D129/><U28/><E111/><V96/><F96/><W117/><G117/><T50/><D133/><U68/><E68/><V27/><F118/><W55/><G88/><T47/><D73/><U31/><E0/><V32/><F32/><W128/><G128/><T78/><D103/><U16/><E6/><V81/><F8/><W49/><G45/><T85/><D107/><U114/><E13/><V17/><F17/><AGARI ba="0,0" hai="17,19,20,23,24,25,33,35,44,49,55,61,64,70" machi="17" ten="30,2900,0" yaku="7,1,9,1" doraHai="76" who="3" fromWho="2" sc="229,0,268,0,170,-29,333,29" owari="229,-17.1,268,6.8,141,-35.9,362,46.2" /></mjloggm>