<mjloggm ver="2.3"><GO type="225" lobby="0"/><UN n0="%54%4F%52" n1="%E3%81%B8%E3%82%80%E3%81%B8%E3%82%80%EF%BC%92%E5%8F%B7" n2="%72%69%6F%75%63%68%61%6E" n3="%E4%B8%AD%E5%B9%B4%E3%81%AE%E5%8D%B1%E6%A9%9F" dan="17,17,17,16" rate="2255.49,2141.01,2236.01,2124.39" sx="M,M,M,M"/><TAIKYOKU oya="0"/><INIT seed="0,0,0,3,2,56" ten="250,250,250,250" oya="0" hai0="45,127,130,96,35,123,80,86,112,31,103,37,11" hai1="129,100,110,58,6,115,87,106,62,135,47,49,41" hai2="121,34,54,19,77,17,108,71,53,63,7,132,131" hai3="46,15,21,24,117,91,61,119,38,39,81,101,69"/><T59/><D112/><U2/><E115/><V40/><F108/><W75/><G15/><T109/><D123/><U55/><E110/><V51/><F121/><W48/><G101/><T95/><D109/><U67/><E129/><V25/><F131/><W4/><G4/><T72/><D130/><U9/><E135/><V134/><F7/><W42/><G39/><T30/><D127/><U68/><E87/><V105/><F105/><W125/><G125/><T60/><D72/><U104/><REACH who="1" step="1"/><E100/><REACH who="1" ten="250,240,250,250" step="2"/><V43/><F134/><W28/><G117/><T90/><D35/><U8/><E8/><V83/><F132/><W1/><G119/><T122/><D11/><U23/><E23/><V16/><F34/><W79/><G1/><T126/><D122/><U120/><E120/><V85/><F25/><W116/><G116/><T36/><D126/><U0/><E0/><V33/><F33/><W13/><G13/><T14/><D14/><U114/><E114/><V94/><F94/><W27/><G27/><T74/><D74/><U26/><E26/><V111/><F111/><W89/><REACH who="3" step="1"/><G38/><AGARI ba="0,1" hai="2,6,9,38,41,47,49,55,58,62,67,68,104,106" machi="38" ten="30,12000,2" yaku="1,1,7,1,24,2,52,1,53,1" doraHai="56" doraHaiUra="3" who="1" fromWho="3" sc="250,0,240,130,250,0,250,-120" /><INIT seed="1,0,0,0,3,20" ten="250,370,250,130" oya="1" hai0="58,19,131,10,93,62,77,70,57,132,27,71,18" hai1="95,59,16,38,39,64,22,69,79,113,33,127,123" hai2="53,49,87,17,40,26,103,0,37,98,3,8,6" hai3="96,78,102,14,130,133,48,124,134,60,67,75,11"/><U88/><E123/><V66/><F66/><W76/><G124/><T1/><D132/><N who="3" m="50793" /><G75/><T52/><D131/><U2/><E2/><V116/><F116/><W117/><G48/><T13/><D1/><U35/><E113/><V107/><F0/><W105/><G130/><T73/><D73/><U90/><E69/><V46/><F87/><W15/><G117/><T91/><D77/><N who="3" m="29801" /><G11/><T4/><D58/><AGARI ba="0,0" hai="14,15,58,60,67,96,102,105" m="29801,50793" machi="58" ten="30,1000,0" yaku="20,1" doraHai="20" who="3" fromWho="0" sc="250,-10,370,0,250,0,130,10" /><INIT seed="2,0,0,2,2,90" ten="240,370,250,140" oya="2" hai0="129,55,133,11,44,51,43,59,124,84,86,113,1" hai1="65,37,38,42,46,36,31,62,29,14,2,66,60" hai2="82,53,79,130,110,16,88,21,102,116,100,134,68" hai3="18,0,126,122,4,94,34,80,76,109,77,93,83"/><V27/><F116/><W69/><G69/><T118/><D113/><U40/><E2/><V101/><F68/><W23/><G34/><T111/><D118/><U105/><E105/><V73/><F130/><W9/><G122/><T91/><D129/><U95/><E95/><V7/><F134/><W131/><G131/><T8/><D133/><U71/><E14/><V5/><F110/><W74/><G109/><T106/><D111/><U127/><E127/><V20/><F53/><W15/><REACH who="3" step="1"/><G126/><REACH who="3" ten="240,370,250,130" step="2"/><T26/><D124/><U33/><E33/><V112/><F112/><W45/><G45/><T70/><D70/><U119/><E119/><V57/><F57/><W132/><G132/><T75/><D59/><U13/><E46/><V50/><F50/><W17/><G17/><T12/><D51/><U128/><E128/><V72/><F72/><AGARI ba="0,1" hai="0,4,9,15,18,23,72,74,76,77,80,83,93,94" machi="72" ten="30,8000,1" yaku="1,1,7,1,9,1,52,2,53,0" doraHai="90" doraHaiUra="30" who="3" fromWho="2" sc="240,0,370,0,250,-80,130,90" /><INIT seed="3,0,0,1,0,125" ten="240,370,170,220" oya="3" hai0="8,104,129,97,81,74,44,128,53,103,135,40,94" hai1="47,80,3,51,48,13,64,57,27,92,86,115,29" hai2="14,78,16,37,87,52,34,5,36,110,134,41,32" hai3="111,119,85,77,73,126,127,90,100,24,82,17,93"/><W123/><G24/><T88/><D53/><U43/><E3/><V71/><F71/><W10/><G17/><T58/><D58/><U70/><E70/><V59/><F110/><W69/><G10/><T31/><D31/><U114/><E13/><V26/><F134/><W133/><G69/><T65/><D65/><U120/><E92/><V68/><F68/><W12/><G12/><T79/><D8/><U62/><E51/><V116/><F116/><W113/><G119/><T1/><D1/><U118/><E118/><V50/><F5/><W9/><G9/><T96/><REACH who="0" step="1"/><D135/><REACH who="0" ten="230,370,170,220" step="2"/><U23/><E120/><V91/><F78/><AGARI ba="0,1" hai="23,27,29,43,47,48,57,62,64,78,80,86,114,115" machi="78" ten="30,1000,0" yaku="7,1" doraHai="125" who="1" fromWho="2" sc="230,0,370,20,170,-10,220,0" owari="230,3.0,390,49.0,160,-34.0,220,-18.0" /></mjloggm>