<mjloggm ver="2.3"><GO type="225" lobby="0"/><UN n0="%E7%AC%B9%E9%A4%85" n1="%74%61%6B%75%61%6B%61" n2="%E3%82%BC%E3%83%AB%E3%83%80%E3%81%AE%E4%BC%9D%E8%AA%AC" n3="%E3%81%8B%E3%82%8F%E3%81%A1%E3%82%83%E3%82%93%35%38" dan="17,16,17,17" rate="2222.46,2120.60,2271.20,2147.92" sx="M,M,M,M"/><TAIKYOKU oya="0"/><INIT seed="0,0,0,1,3,119" ten="250,250,250,250" oya="0" hai0="1,47,102,90,29,37,42,58,106,12,122,15,54" hai1="99,2,105,95,3,44,0,8,55,133,85,111,19" hai2="80,72,125,50,17,110,16,109,68,63,6,118,117" hai3="107,38,65,96,132,56,124,33,93,43,46,86,130"/><T30/><D1/><U103/><E111/><N who="2" m="42507" /><F6/><W5/><G33/><T91/><D122/><U126/><E133/><V74/><F125/><W60/><G124/><T51/><D106/><U10/><E126/><V14/><F50/><W128/><G132/><T53/><D102/><U28/><E28/><N who="0" m="10857" /><D37/><U36/><E19/><N who="2" m="7243" /><F14/><N who="0" m="5162" /><D42/><U79/><E36/><V70/><F63/><AGARI ba="0,0" hai="47,51,53,54,58,63,90,91" m="5162,10857" machi="63" ten="30,1500,0" yaku="8,1" doraHai="119" who="0" fromWho="2" sc="250,15,250,0,250,-15,250,0" /><INIT seed="0,1,0,4,3,57" ten="265,250,235,250" oya="0" hai0="6,50,104,72,85,14,130,21,111,2,125,20,64" hai1="18,71,98,131,86,37,126,51,115,112,3,95,129" hai2="23,122,60,78,13,35,93,105,70,119,110,49,34" hai3="109,28,47,87,27,48,40,135,101,128,76,52,91"/><T84/><D72/><U107/><E37/><V99/><F122/><W134/><G109/><T100/><D2/><U7/><E71/><V45/><F105/><W63/><G128/><N who="1" m="49226" /><E51/><V116/><F110/><W32/><G76/><T79/><D111/><U54/><E54/><V120/><F78/><W9/><G101/><T56/><D130/><U42/><E42/><N who="2" m="24759" /><F120/><W133/><G9/><N who="0" m="4407" /><D104/><U0/><E126/><V118/><F13/><W81/><REACH who="3" step="1"/><G63/><REACH who="3" ten="265,250,235,240" step="2"/><N who="0" m="37991" /><D100/><U58/><E112/><V75/><F75/><W43/><AGARI ba="1,1" hai="27,28,32,40,43,47,48,52,81,87,91,133,134,135" machi="43" ten="40,8000,1" yaku="1,1,0,1,20,1,54,1,53,0" doraHai="57" doraHaiUra="96" who="3" fromWho="3" sc="265,-41,250,-21,235,-21,240,93" /><INIT seed="1,0,0,3,0,38" ten="224,229,214,333" oya="1" hai0="70,81,115,75,134,119,28,34,19,71,41,10,40" hai1="97,73,110,80,1,91,89,4,123,95,83,3,64" hai2="111,103,88,45,9,129,22,31,63,79,133,93,49" hai3="74,60,117,29,44,108,15,26,20,107,14,52,68"/><U43/><E123/><V66/><F111/><W25/><G107/><T62/><D115/><U23/><E110/><V86/><F133/><W21/><G108/><T33/><D119/><U51/><E64/><V77/><F129/><W85/><G74/><T102/><D134/><U92/><E23/><V18/><F103/><W130/><G130/><T35/><D28/><U16/><E16/><V114/><F114/><W116/><G85/><T127/><D102/><U6/><E73/><V30/><F9/><W61/><G68/><T109/><D109/><U56/><E56/><N who="2" m="37223" /><F31/><N who="3" m="17831" /><G60/><T0/><D127/><U132/><E132/><V106/><F106/><W101/><G101/><T128/><D128/><U59/><E59/><V46/><F30/><W135/><G135/><T90/><D90/><U54/><E97/><V76/><F49/><N who="3" m="28711" /><G61/><T39/><D39/><U50/><E54/><V32/><F32/><W69/><G69/><T124/><D124/><U112/><REACH who="1" step="1"/><E112/><REACH who="1" ten="224,219,214,333" step="2"/><V57/><F57/><W94/><G21/><T104/><D71/><U17/><E17/><V2/><F2/><W55/><G55/><T87/><D75/><U118/><E118/><V72/><F72/><W12/><G117/><T24/><D0/><U36/><E36/><V47/><F47/><W78/><G116/><T125/><D125/><U121/><E121/><V53/><F53/><W13/><G29/><T82/><D70/><U48/><E48/><V7/><F7/><W42/><G14/><AGARI ba="0,1" hai="14,18,22,45,46,76,77,79,86,88,93" m="37223" machi="14" ten="30,2000,0" yaku="8,1,54,1" doraHai="38" who="2" fromWho="3" sc="224,0,219,0,214,30,333,-20" /><INIT seed="2,0,0,3,0,58" ten="224,219,244,313" oya="2" hai0="124,7,69,50,5,13,117,100,115,74,119,127,37" hai1="39,40,41,94,103,14,44,6,75,113,105,112,81" hai2="24,64,21,43,57,28,98,61,63,42,134,51,53" hai3="101,35,122,104,96,22,93,55,56,123,131,83,47"/><V130/><F134/><W11/><G35/><T27/><D37/><U125/><E125/><N who="0" m="48201" /><D69/><U9/><E105/><V48/><F130/><W0/><G131/><T99/><D74/><U10/><E40/><N who="2" m="15403" /><F98/><W54/><G47/><T110/><D115/><U133/><E133/><V17/><F28/><W91/><G55/><T66/><D110/><U80/><E103/><V118/><F118/><N who="0" m="45066" /><D66/><U82/><E75/><V78/><F78/><W26/><G83/><T72/><D72/><U85/><REACH who="1" step="1"/><E9/><REACH who="1" ten="224,209,244,313" step="2"/><V16/><F17/><W1/><G11/><T29/><D13/><U107/><E107/><V128/><F128/><W25/><G0/><T97/><D100/><U70/><E70/><V19/><F19/><N who="3" m="12511" /><G1/><T49/><D5/><U87/><E87/><V90/><F90/><AGARI ba="0,1" hai="6,10,14,39,41,44,80,81,82,85,90,94,112,113" machi="90" ten="40,8000,1" yaku="1,1,53,3" doraHai="58" doraHaiUra="76" who="1" fromWho="2" sc="224,0,209,90,244,-80,313,0" /><INIT seed="3,0,0,5,2,104" ten="224,299,164,313" oya="3" hai0="89,7,2,99,15,121,20,1,102,18,71,133,56" hai1="75,25,17,105,97,8,29,11,40,128,34,135,57" hai2="38,123,113,58,21,120,73,28,106,122,36,30,45" hai3="107,78,101,10,125,109,24,68,110,63,51,50,52"/><W86/><G125/><T49/><D121/><N who="2" m="30978" /><V39/><DORA hai="31" /><F113/><W0/><G24/><T118/><D118/><U115/><E115/><V72/><F106/><W103/><G78/><T126/><D71/><U94/><E75/><N who="2" m="28747" /><F58/><N who="3" m="35271" /><G86/><T131/><D126/><U9/><E57/><V117/><F117/><W92/><G92/><T32/><D32/><U77/><E94/><V127/><F127/><W14/><G0/><T5/><D2/><U43/><E34/><V66/><F66/><W42/><G68/><T22/><D1/><U33/><E33/><V69/><F69/><W114/><G114/><T64/><D64/><U98/><E105/><V3/><F3/><W112/><G112/><T67/><D67/><U124/><E124/><V26/><F28/><W54/><G42/><AGARI ba="0,0" hai="21,26,30,36,38,39,42,45" m="28747,30978" machi="42" ten="50,8000,1" yaku="13,1,52,3" doraHai="104,31" who="2" fromWho="3" sc="224,0,299,0,164,80,313,-80" /><INIT seed="4,0,0,4,1,88" ten="224,299,244,233" oya="0" hai0="9,135,23,93,96,39,71,104,14,76,44,99,41" hai1="17,106,82,48,127,61,40,34,95,90,51,54,19" hai2="117,98,33,97,59,15,129,52,11,100,60,46,103" hai3="92,89,28,72,55,30,25,83,105,133,94,26,70"/><T101/><D135/><U62/><E106/><V29/><F129/><W109/><G105/><T43/><D71/><U119/><E34/><V123/><F123/><W78/><G109/><T130/><D130/><U120/><E120/><V111/><F111/><W12/><G70/><T0/><D76/><U65/><E82/><V128/><F128/><W110/><G110/><T57/><D41/><U24/><E127/><V79/><F117/><W32/><G133/><T22/><D57/><N who="1" m="37071" /><E119/><V131/><F79/><W116/><G116/><T115/><D0/><U21/><E17/><V3/><F3/><W114/><G114/><T85/><D85/><N who="1" m="52687" /><E40/><V27/><F131/><W113/><G113/><T67/><D67/><U63/><E48/><V84/><F33/><W132/><G132/><T50/><D39/><U47/><AGARI ba="0,0" hai="19,21,24,47,51,54,61,63" m="52687,37071" machi="47" ten="30,2000,0" yaku="8,1,52,1" doraHai="88" who="1" fromWho="1" sc="224,-10,299,20,244,-5,233,-5" owari="214,-28.6,319,41.9,239,3.9,228,-17.2" /></mjloggm>