<mjloggm ver="2.3"><GO type="225" lobby="0"/><UN n0="%E3%81%8B%E3%82%8F%E3%81%A1%E3%82%83%E3%82%93%35%38" n1="%E3%83%97%E3%83%92" n2="%E3%81%BF%E3%81%BF%E3%81%9A" n3="%E3%83%97%E3%83%AC%E3%83%B4%E3%82%A1%E3%83%86%E3%82%A3" dan="16,16,16,16" rate="2149.14,2152.86,2159.97,2067.36" sx="M,M,M,F"/><TAIKYOKU oya="0"/><INIT seed="0,0,0,3,5,14" ten="250,250,250,250" oya="0" hai0="122,30,109,44,110,66,130,57,45,107,73,80,97" hai1="6,49,102,70,41,103,75,5,31,76,114,40,108" hai2="35,34,67,112,32,27,56,62,11,42,106,52,17" hai3="28,37,3,63,86,4,121,23,24,9,50,74,128"/><T82/><D30/><U100/><E108/><N who="0" m="41577" /><D122/><U84/><E114/><V111/><F112/><W68/><G121/><T118/><D118/><U124/><E75/><V26/><F106/><W93/><G74/><T60/><D130/><U38/><E124/><V71/><F111/><W18/><G128/><T115/><D115/><U46/><E70/><V105/><F105/><W72/><G72/><T43/><D73/><U54/><E31/><V90/><F90/><W119/><G119/><T126/><D126/><U69/><E69/><V48/><REACH who="2" step="1"/><F42/><REACH who="2" ten="250,250,240,250" step="2"/><N who="1" m="16489" /><E38/><V78/><F78/><W59/><G37/><N who="0" m="21615" /><D45/><U55/><E76/><V113/><F113/><W129/><G129/><T99/><D99/><U132/><E132/><V131/><F131/><W120/><G120/><T16/><D97/><U125/><E125/><V36/><F36/><W20/><G86/><T92/><D107/><U127/><E127/><V58/><F58/><W96/><G68/><T104/><D104/><U13/><E84/><V133/><F133/><W64/><G50/><T10/><D92/><U134/><E134/><V61/><F61/><W39/><G39/><T91/><D91/><U79/><E79/><V8/><F8/><W53/><G93/><T81/><D81/><U22/><E46/><V117/><F117/><W77/><G96/><T51/><D51/><U98/><E98/><V2/><F2/><W47/><G77/><T89/><D89/><U87/><E87/><V0/><F0/><W101/><G101/><T33/><D33/><U12/><E49/><V65/><F65/><W1/><G1/><T19/><D10/><RYUUKYOKU ba="0,1" sc="250,15,250,-15,240,15,250,-15" hai0="16,19,57,60,66,80,82" hai2="11,17,26,27,32,34,35,48,52,56,62,67,71" /><INIT seed="0,1,1,0,4,16" ten="265,235,255,235" oya="0" hai0="135,84,12,65,112,7,28,0,128,40,103,73,91" hai1="8,37,34,39,129,92,102,77,21,2,49,85,43" hai2="1,23,122,20,133,109,55,18,45,15,5,127,89" hai3="95,96,29,120,116,113,76,104,11,93,32,98,97"/><T24/><D112/><U3/><E34/><V14/><F122/><W6/><G113/><T47/><D73/><U121/><E121/><V58/><F109/><W80/><G120/><T25/><D0/><U94/><E129/><V131/><F131/><W124/><G116/><T111/><D128/><U90/><E77/><V9/><F127/><W54/><G124/><T63/><D103/><U70/><E70/><V125/><F125/><W118/><G118/><T99/><D99/><U57/><E39/><V36/><F133/><W10/><G104/><T46/><D135/><U115/><E37/><V126/><F126/><W67/><G67/><T106/><D106/><U52/><E43/><V33/><F33/><W74/><G54/><T100/><D100/><U48/><E49/><V79/><F79/><W114/><G114/><T69/><D111/><U17/><E8/><V27/><F89/><W75/><G75/><T19/><D7/><U83/><E115/><V51/><F36/><W53/><G53/><T130/><D130/><U82/><E2/><V110/><F110/><W44/><G44/><N who="0" m="16939" /><D28/><U101/><E3/><V78/><F78/><W119/><G119/><T66/><D66/><U88/><E101/><V50/><REACH who="2" step="1"/><F23/><REACH who="2" ten="265,235,245,235" step="2"/><W42/><G10/><N who="0" m="6551" /><D40/><AGARI ba="1,2" hai="1,5,9,14,15,18,20,27,40,45,50,51,55,58" machi="40" ten="30,7700,0" yaku="1,1,7,1,52,1,53,1" doraHai="16" doraHaiUra="13" who="2" fromWho="0" sc="265,-80,235,0,245,100,235,0" /><INIT seed="1,0,0,4,4,78" ten="185,235,345,235" oya="1" hai0="49,41,25,10,134,30,36,129,87,119,4,132,80" hai1="68,118,124,66,19,127,14,55,94,71,58,26,2" hai2="53,72,54,69,79,111,27,59,40,29,52,93,84" hai3="65,113,115,91,21,32,86,105,45,28,67,92,12"/><U48/><E118/><V3/><F3/><W121/><G105/><T43/><D36/><U20/><E2/><V126/><F69/><W106/><G106/><T37/><D37/><U63/><E71/><V17/><F111/><W61/><G121/><T112/><D119/><U128/><E128/><V57/><F126/><W22/><G32/><T120/><D112/><U18/><REACH who="1" step="1"/><E94/><REACH who="1" ten="185,225,345,235" step="2"/><V108/><F108/><W77/><G115/><T47/><D129/><U38/><E38/><V99/><F93/><W31/><G113/><T97/><D120/><U101/><E101/><V98/><F98/><W6/><G92/><T16/><D132/><U125/><E125/><V8/><F99/><W23/><G31/><T109/><D134/><U133/><E133/><V51/><F29/><W82/><G28/><T46/><D109/><U70/><E70/><V114/><F114/><W117/><G117/><T103/><D103/><U60/><E60/><V90/><F57/><W85/><G61/><T107/><D107/><U56/><E56/><V89/><F59/><W100/><G100/><T74/><D97/><U0/><E0/><V102/><F102/><W104/><G104/><T9/><D30/><U11/><AGARI ba="0,1" hai="11,14,18,19,20,26,48,55,58,63,66,68,124,127" machi="11" ten="30,6000,0" yaku="1,1,0,1,53,1" doraHai="78" doraHaiUra="62" who="1" fromWho="1" sc="185,-20,225,70,345,-20,235,-20" /><INIT seed="1,1,0,1,1,85" ten="165,295,325,215" oya="1" hai0="19,91,0,5,79,121,120,66,60,63,83,71,127" hai1="118,48,116,106,36,117,21,22,75,23,125,10,12" hai2="25,16,20,62,1,34,37,59,92,89,100,45,54" hai3="46,84,77,51,41,50,119,58,128,103,112,27,64"/><U32/><E36/><V47/><F1/><W57/><G112/><T96/><D127/><U82/><E125/><V43/><F34/><W40/><G128/><T56/><D19/><U94/><E106/><V53/><F100/><W72/><G72/><T105/><D5/><U8/><E32/><V73/><F73/><W3/><G3/><T90/><D0/><U129/><E129/><V80/><F80/><W69/><G103/><T18/><D18/><U24/><E48/><V13/><F45/><N who="3" m="25895" /><G27/><T97/><D97/><U93/><E24/><V15/><F54/><N who="3" m="31967" /><G84/><AGARI ba="1,0" hai="13,15,16,20,25,37,43,47,53,59,62,84,89,92" machi="84" ten="30,3900,0" yaku="7,1,52,1,54,1" doraHai="85" who="2" fromWho="3" sc="165,0,295,0,325,42,215,-42" /><INIT seed="2,0,0,5,4,97" ten="165,295,367,173" oya="2" hai0="99,30,10,113,64,56,7,107,11,96,130,128,70" hai1="43,38,81,115,91,57,29,131,83,76,125,44,69" hai2="92,119,90,103,104,6,101,63,22,45,77,80,111" hai3="19,59,117,50,87,4,132,94,2,40,68,89,124"/><V31/><F119/><W108/><G68/><T116/><D113/><U42/><E115/><V14/><F104/><W51/><G117/><T13/><D116/><U52/><E69/><V118/><F118/><W60/><G108/><T20/><D70/><U34/><E125/><V112/><F112/><W129/><G124/><T98/><D107/><U85/><E42/><V123/><F123/><W16/><G132/><T82/><D82/><U9/><E131/><N who="0" m="50217" /><D11/><U95/><E9/><N who="2" m="4407" /><F111/><W8/><G129/><T73/><D73/><U88/><E91/><V47/><F63/><W15/><G40/><T5/><D5/><U28/><E34/><V122/><F80/><W12/><G2/><T127/><D127/><U37/><E37/><V1/><F77/><W35/><G35/><T3/><D30/><U61/><REACH who="1" step="1"/><E83/><REACH who="1" ten="165,285,367,173" step="2"/><V93/><F122/><W126/><G126/><T55/><D64/><U134/><E134/><V0/><F0/><W110/><G110/><T39/><D39/><U84/><AGARI ba="0,1" hai="28,29,38,43,44,52,57,61,76,81,84,85,88,95" machi="84" ten="20,12000,2" yaku="1,1,0,1,7,1,54,2,53,1" doraHai="97" doraHaiUra="71" who="1" fromWho="1" sc="165,-30,285,130,367,-60,173,-30" /><INIT seed="3,0,0,0,5,96" ten="135,415,307,143" oya="3" hai0="88,56,75,19,20,63,114,74,2,125,67,18,5" hai1="126,121,14,134,102,112,59,53,69,64,118,7,76" hai2="68,72,130,107,89,50,22,46,93,135,43,37,90" hai3="71,17,85,110,25,79,98,78,30,57,62,42,44"/><W97/><G71/><T123/><D123/><U131/><E121/><V33/><F72/><W55/><G110/><T23/><D75/><U116/><E76/><V120/><F33/><W38/><G17/><N who="0" m="6155" /><D2/><U49/><E112/><V92/><F107/><W52/><G55/><T70/><D74/><U60/><E126/><V82/><F130/><W48/><G38/><T4/><D70/><U101/><E131/><V124/><F135/><W119/><G119/><N who="1" m="45610" /><E134/><V29/><F68/><W54/><G42/><T100/><D125/><U127/><E127/><V73/><F120/><W58/><G44/><T129/><D129/><U109/><E109/><V34/><F34/><W21/><G78/><T84/><D100/><U28/><E28/><V65/><F65/><W36/><G36/><T94/><D114/><U12/><E12/><V27/><F124/><W122/><G122/><T47/><D47/><U41/><E41/><V106/><F106/><W31/><G31/><T61/><D61/><U86/><E86/><V6/><F6/><AGARI ba="0,0" hai="4,5,6,20,23,56,63,67,84,88,94" m="6155" machi="6" ten="30,2000,0" yaku="8,1,54,1" doraHai="96" who="0" fromWho="2" sc="135,20,415,0,307,-20,143,0" owari="155,-24.5,415,51.5,287,8.7,143,-35.7" /></mjloggm>