<mjloggm ver="2.3"><GO type="225" lobby="0"/><UN n0="%E2%91%A3%E9%81%BF%E9%81%8A%E6%88%AF%E3%80%90%E6%9D%B1%E5%8D%97%E3%80%91" n1="%45%6C%79%73%69%75%6D" n2="%E6%98%93%E5%88%A9%E8%96%A9%E4%BC%AF" n3="%E3%83%9E%E3%82%AB%E3%83%92%E3%82%AD" dan="16,18,16,16" rate="2061.37,2144.66,2176.99,2095.21" sx="M,F,F,M"/><TAIKYOKU oya="0"/><INIT seed="0,0,0,4,0,62" ten="250,250,250,250" oya="0" hai0="45,126,125,91,106,66,73,4,84,7,80,10,88" hai1="102,122,127,1,117,90,92,72,2,112,131,47,24" hai2="28,53,30,98,12,20,70,3,17,81,33,9,128" hai3="64,18,38,13,55,37,118,121,23,61,52,11,111"/><T42/><D106/><U124/><E117/><V51/><F128/><W108/><G118/><T107/><D107/><U135/><E122/><V41/><F70/><W103/><G103/><T133/><D133/><U132/><E72/><V35/><F41/><W76/><G76/><T54/><D54/><U94/><E112/><V110/><F98/><W69/><G121/><T39/><D7/><U129/><E24/><V34/><F81/><W68/><G68/><T105/><D105/><U46/><E102/><V58/><F110/><N who="3" m="42027" /><G11/><T89/><D66/><U115/><E115/><V32/><N who="2" m="8192" /><DORA hai="27" /><V71/><REACH who="2" step="1"/><F71/><REACH who="2" ten="250,250,240,250" step="2"/><W15/><G15/><T57/><D125/><N who="1" m="48203" /><E1/><V26/><F26/><W104/><G104/><T44/><D126/><U116/><E2/><V36/><F36/><AGARI ba="0,1" hai="13,18,23,36,37,38,52,55,61,64,69" m="42027" machi="36" ten="30,3900,0" yaku="14,1,52,1,54,1" doraHai="62,27" who="3" fromWho="2" sc="250,0,250,0,240,-39,250,49" /><INIT seed="1,0,0,5,0,52" ten="250,250,201,299" oya="1" hai0="22,5,109,46,55,81,124,31,0,44,21,101,54" hai1="132,78,65,28,88,110,117,29,24,27,35,107,131" hai2="63,71,6,84,75,111,108,45,122,34,91,50,130" hai3="135,37,89,93,74,87,41,11,38,70,114,105,125"/><U104/><E117/><V36/><F122/><W47/><G114/><T1/><D124/><U97/><E131/><V95/><F34/><W96/><G125/><T92/><D109/><U56/><E110/><V51/><F75/><W82/><G135/><T4/><D81/><U129/><E129/><V133/><F133/><W12/><G70/><T43/><D101/><U68/><E132/><V19/><F130/><W121/><G121/><T103/><D103/><U39/><E39/><V123/><F6/><W49/><G74/><T15/><D92/><U8/><E78/><V2/><F2/><W14/><G14/><T73/><D73/><U77/><E77/><V113/><F113/><W7/><REACH who="3" step="1"/><G105/><REACH who="3" ten="250,250,201,289" step="2"/><T33/><D15/><U90/><E104/><V48/><F123/><W98/><G98/><T120/><D120/><U112/><E68/><V20/><F111/><W40/><G40/><T100/><D43/><U26/><E112/><V9/><F108/><W119/><G119/><T66/><D0/><U57/><E107/><V60/><F71/><W17/><G17/><T127/><D1/><U134/><E134/><V32/><F19/><W64/><G64/><T85/><D127/><U10/><E65/><V53/><F84/><W25/><G25/><T58/><D66/><U128/><E128/><V102/><F53/><W106/><G106/><T69/><D85/><U83/><E97/><V59/><F9/><N who="1" m="3689" /><E35/><V67/><F32/><W99/><G99/><T72/><D33/><U79/><E28/><V116/><F67/><W30/><G30/><T118/><D69/><U115/><E115/><RYUUKYOKU ba="0,1" sc="250,-10,250,-10,201,-10,289,30" hai3="7,11,12,37,38,41,47,49,82,87,89,93,96" /><INIT seed="2,1,1,3,4,21" ten="240,240,191,319" oya="2" hai0="32,90,42,82,115,70,59,119,10,9,28,84,5" hai1="78,112,37,55,16,44,62,101,108,51,19,113,98" hai2="53,85,131,52,74,25,54,109,132,11,26,38,12" hai3="43,126,48,80,2,31,86,107,105,50,34,81,15"/><V125/><F74/><W63/><G2/><T40/><D119/><U61/><E108/><V110/><F38/><W77/><G34/><T91/><D70/><U0/><E0/><V128/><F125/><W71/><G31/><T27/><D115/><U6/><E6/><V122/><F132/><W99/><G126/><T4/><D59/><U117/><E117/><V72/><F72/><W104/><G15/><T23/><D32/><U22/><E78/><V24/><F122/><W73/><G99/><T64/><D64/><U65/><E37/><V89/><F128/><W14/><G14/><T7/><D91/><U33/><E33/><V121/><F121/><W67/><REACH who="3" step="1"/><G43/><AGARI ba="1,1" hai="4,5,7,9,10,23,27,28,40,42,43,82,84,90" machi="43" ten="40,2600,0" yaku="8,1,52,1" doraHai="21" who="0" fromWho="3" sc="240,39,240,0,191,0,319,-29" /><INIT seed="3,0,0,2,0,121" ten="279,240,191,290" oya="3" hai0="75,5,45,27,21,105,57,29,65,66,135,102,122" hai1="84,33,115,101,23,63,123,98,78,16,113,74,64" hai2="32,37,106,18,28,90,85,38,12,131,51,25,134" hai3="22,39,130,34,44,99,31,111,104,6,62,47,0"/><W67/><G111/><T126/><D122/><U73/><E33/><V70/><F131/><W9/><G130/><T56/><D75/><U129/><E129/><V46/><F70/><N who="3" m="42359" /><G22/><T91/><D105/><U95/><E123/><V86/><F134/><W49/><G49/><T89/><D135/><U132/><E132/><V41/><F106/><W96/><G96/><T82/><D102/><U30/><E30/><V1/><F1/><W43/><G43/><T79/><D5/><U93/><E74/><V116/><F116/><W118/><G39/><T14/><D14/><U109/><E73/><V19/><F86/><W2/><G2/><T107/><D107/><U10/><E10/><V15/><F12/><W40/><G40/><T100/><D100/><U71/><E109/><V7/><F7/><W103/><G118/><T35/><D35/><U52/><E52/><V3/><F3/><W77/><G77/><T125/><D45/><U59/><E71/><V133/><F133/><W110/><G110/><T128/><D128/><U83/><REACH who="1" step="1"/><E95/><REACH who="1" ten="279,230,191,290" step="2"/><V108/><F108/><W50/><G50/><T24/><D29/><U42/><E42/><V61/><F61/><W72/><G72/><T88/><D66/><U26/><AGARI ba="0,1" hai="16,23,26,59,63,64,78,83,84,93,98,101,113,115" machi="26" ten="20,8000,1" yaku="1,1,0,1,7,1,54,1,53,1" doraHai="121" doraHaiUra="13" who="1" fromWho="1" sc="279,-20,230,90,191,-20,290,-40" owari="259,5.9,320,42.0,171,-32.9,250,-15.0" /></mjloggm>