<mjloggm ver="2.3"><GO type="225" lobby="0"/><UN n0="%E3%82%B5%E3%83%AB%E3%82%B7%E3%83%B3" n1="%E3%81%A1%E3%82%85%E3%81%86%E3%81%A9%E3%81%8F%E8%B1%A1%E3%81%95%E3%82%93" n2="%E9%80%9F%E6%B0%B4%E5%87%9B%E9%A6%99" n3="%6D%75%75%6D%75%72%61" dan="16,17,16,17" rate="2099.56,2150.31,2126.38,2175.78" sx="M,M,F,F"/><TAIKYOKU oya="0"/><INIT seed="0,0,0,0,5,73" ten="250,250,250,250" oya="0" hai0="119,12,77,86,33,75,23,56,120,6,1,30,49" hai1="112,32,58,117,24,94,135,0,13,116,129,95,54" hai2="102,90,2,8,124,128,106,9,89,67,16,123,21" hai3="79,25,80,46,125,66,42,19,130,76,83,39,48"/><T87/><D120/><U52/><E0/><V70/><F123/><W27/><G125/><T113/><D119/><U99/><E135/><V82/><F124/><W115/><G115/><T28/><D113/><U3/><E112/><V71/><F128/><W29/><G130/><T11/><D30/><U59/><E129/><V121/><F121/><W88/><G39/><T92/><D92/><U97/><E13/><V81/><F102/><W132/><G132/><T7/><D7/><U26/><REACH who="1" step="1"/><E3/><REACH who="1" ten="250,240,250,250" step="2"/><V96/><F2/><W17/><G27/><N who="0" m="16511" /><D1/><U44/><E44/><V105/><F96/><W62/><G25/><T98/><D98/><U101/><E101/><V35/><F35/><AGARI ba="0,1" hai="24,26,32,35,52,54,58,59,94,95,97,99,116,117" machi="35" ten="25,6400,0" yaku="1,1,22,2,54,1,53,0" doraHai="73" doraHaiUra="47" who="1" fromWho="2" sc="250,0,240,74,250,-64,250,0" /><INIT seed="1,0,0,3,4,100" ten="250,314,186,250" oya="1" hai0="42,80,133,11,67,113,85,46,123,8,125,93,0" hai1="39,118,12,38,36,98,131,35,106,25,63,22,107" hai2="30,86,24,81,69,32,10,92,101,102,75,57,19" hai3="89,77,44,15,54,82,59,88,3,58,103,27,114"/><U68/><E118/><V122/><F69/><W109/><G3/><T127/><D113/><U49/><E131/><V132/><F75/><W134/><G114/><T1/><D133/><U23/><E49/><V13/><F122/><W29/><G134/><T62/><D93/><U43/><E43/><V83/><F132/><W20/><G109/><T135/><D123/><U28/><E12/><V53/><F92/><W66/><G103/><T41/><D135/><U130/><E130/><V117/><F117/><W79/><G15/><T110/><D110/><U119/><E119/><V4/><F4/><W7/><G7/><T116/><D116/><U56/><E68/><V18/><F18/><W70/><G70/><T64/><D42/><U45/><E45/><V26/><F26/><W97/><G44/><T72/><D11/><U71/><E71/><V33/><F33/><W121/><G97/><T9/><D64/><U94/><E22/><V2/><F2/><W99/><G99/><T105/><D9/><U6/><E6/><V128/><F128/><W21/><G21/><T111/><D8/><U84/><E84/><V52/><F53/><W61/><G121/><T16/><D1/><U5/><E5/><V95/><F95/><W40/><G40/><T90/><D41/><U50/><E50/><N who="2" m="30871" /><F86/><N who="3" m="48463" /><G79/><T55/><D0/><U115/><E35/><V112/><F112/><W78/><G78/><T60/><D111/><U47/><E115/><V91/><F81/><W73/><G73/><T14/><D80/><U51/><E36/><V76/><F76/><W96/><G96/><T129/><D72/><RYUUKYOKU ba="0,0" sc="250,-15,314,-15,186,15,250,15" hai2="10,13,19,24,30,32,83,91,101,102" hai3="20,27,29,54,58,59,61,66,88,89" /><INIT seed="2,1,0,1,1,130" ten="235,299,201,265" oya="2" hai0="20,58,116,4,40,55,111,66,106,87,109,125,52" hai1="124,82,14,127,67,103,132,57,61,17,117,68,45" hai2="92,134,10,70,51,56,65,83,122,113,1,64,43" hai3="29,131,26,59,0,6,19,95,126,123,102,48,80"/><V38/><F122/><W135/><G123/><T35/><D125/><N who="1" m="48203" /><E117/><V28/><F113/><W7/><G126/><T81/><D116/><U60/><E132/><V42/><F134/><W118/><G118/><T119/><D35/><U129/><E129/><V74/><F28/><W128/><G131/><T39/><D106/><U112/><E103/><V5/><F92/><W72/><G128/><T90/><D119/><U23/><E45/><N who="2" m="23767" /><F70/><W101/><G19/><T15/><D39/><U34/><E34/><V98/><F98/><W73/><G135/><T85/><D40/><U41/><E41/><V100/><F100/><W24/><G95/><T3/><D3/><U62/><E112/><V18/><F18/><W110/><G59/><T108/><D87/><U75/><E68/><V79/><F43/><W115/><G48/><T77/><D77/><AGARI ba="1,0" hai="14,17,23,57,60,61,62,67,75,77,82" m="48203" machi="77" ten="30,1000,0" yaku="18,1" doraHai="130" who="1" fromWho="0" sc="235,-13,299,13,201,0,265,0" /><INIT seed="3,0,0,5,1,31" ten="222,312,201,265" oya="3" hai0="17,78,134,23,135,66,86,0,98,53,126,18,24" hai1="49,74,112,42,84,14,45,69,109,115,21,133,127" hai2="52,128,106,105,13,93,73,125,28,44,132,30,96" hai3="40,67,103,81,61,22,62,107,77,79,26,59,8"/><W43/><G107/><T119/><D119/><U89/><E74/><V27/><F73/><W51/><G103/><T108/><D108/><U114/><E69/><V32/><F128/><W2/><G51/><T117/><D117/><U11/><E21/><V15/><F132/><N who="0" m="50730" /><D126/><U80/><E133/><V111/><F111/><W37/><G37/><T3/><D66/><U39/><E109/><V35/><F125/><W34/><G34/><T65/><D65/><U88/><E127/><V130/><F130/><W85/><G77/><T55/><D98/><U58/><E58/><V100/><F13/><W9/><G61/><T122/><D122/><U5/><E39/><V75/><F75/><W33/><G33/><T91/><D18/><U4/><E4/><V121/><F15/><W101/><G101/><T99/><D99/><U129/><E129/><V76/><F76/><AGARI ba="0,0" hai="5,11,14,42,45,49,76,80,84,88,89,112,114,115" machi="76" ten="40,5200,0" yaku="25,2,54,1" doraHai="31" who="1" fromWho="2" sc="222,0,312,52,201,-52,265,0" owari="222,-17.8,364,46.4,149,-35.1,265,6.5" /></mjloggm>