<mjloggm ver="2.3"><GO type="225" lobby="0"/><UN n0="%4B%2E%32%2E%4B%2E" n1="%E3%81%8B%E3%82%8F%E3%81%A1%E3%82%83%E3%82%93%35%38" n2="%6B%65%6E%6E%64%69" n3="%E3%81%86%E3%83%BC%E3%81%B1%E3%83%BC" dan="17,16,16,17" rate="2179.11,2139.07,2188.18,2161.07" sx="M,M,M,M"/><TAIKYOKU oya="0"/><INIT seed="0,0,0,1,4,94" ten="250,250,250,250" oya="0" hai0="23,26,25,56,9,33,48,113,105,37,6,133,12" hai1="58,20,68,29,129,79,69,54,126,86,108,62,16" hai2="45,83,17,61,132,81,3,67,49,15,11,128,44" hai3="93,34,107,119,52,131,27,43,13,28,77,75,98"/><T14/><D37/><U82/><E108/><V32/><F32/><W120/><G119/><T53/><D113/><U95/><E126/><V121/><F121/><W127/><G127/><T31/><D105/><U46/><E129/><V47/><F132/><W118/><G118/><T111/><D133/><U101/><E29/><V66/><F128/><W89/><G131/><T85/><D111/><U50/><E95/><V55/><F3/><W35/><G120/><T130/><D85/><U122/><E122/><V41/><F67/><W71/><G71/><T30/><REACH who="0" step="1"/><D130/><REACH who="0" ten="240,250,250,250" step="2"/><U22/><E101/><V57/><REACH who="2" step="1"/><F41/><REACH who="2" ten="240,250,240,250" step="2"/><W1/><G43/><T10/><D10/><U134/><E134/><V99/><F99/><W88/><G98/><T8/><D8/><U2/><E2/><AGARI ba="0,2" hai="2,6,9,12,14,23,25,26,30,31,33,48,53,56" machi="2" ten="30,5800,0" yaku="1,1,7,1,53,1" doraHai="94" doraHaiUra="4" who="0" fromWho="1" sc="240,78,250,-58,240,0,250,0" /><INIT seed="0,1,0,4,3,124" ten="318,192,240,250" oya="0" hai0="69,82,122,49,111,121,97,23,34,14,75,135,54" hai1="13,101,93,70,77,43,51,24,52,87,31,133,94" hai2="53,35,126,61,58,106,103,100,67,128,134,99,16" hai3="102,65,81,107,72,114,12,127,91,85,120,112,63"/><T73/><D69/><U37/><E70/><V71/><F126/><W19/><G72/><T8/><D34/><U45/><E133/><V76/><F134/><W89/><G127/><T95/><D135/><U130/><E13/><V108/><F108/><W86/><G120/><T57/><D23/><U56/><E101/><V116/><F116/><W109/><G109/><T123/><D82/><U26/><E26/><V117/><F117/><W10/><G107/><T47/><D47/><U21/><REACH who="1" step="1"/><E130/><REACH who="1" ten="318,182,240,250" step="2"/><V25/><F103/><W18/><G102/><T17/><D111/><U129/><E129/><V50/><F128/><W118/><G118/><T46/><D121/><U55/><E55/><V3/><F3/><W28/><G28/><T2/><D2/><U113/><E113/><V38/><F16/><N who="3" m="8215" /><G114/><T6/><D17/><U29/><E29/><V98/><F25/><W80/><G112/><T0/><D0/><U30/><E30/><V42/><F100/><W1/><G1/><T66/><D122/><U33/><E33/><V41/><F35/><W96/><G96/><T68/><D68/><U105/><E105/><V39/><F106/><W20/><G20/><T9/><D9/><U119/><E119/><V104/><F104/><W7/><G7/><T27/><D123/><U59/><E59/><AGARI ba="1,1" hai="18,19,59,63,65,80,81,85,86,89,91" m="8215" machi="59" ten="30,2000,0" yaku="8,1,54,1" doraHai="124" who="3" fromWho="1" sc="318,0,182,-23,240,0,250,33" /><INIT seed="1,0,0,0,5,6" ten="318,159,240,283" oya="1" hai0="121,77,26,84,55,114,59,115,99,32,78,123,35" hai1="53,40,131,128,4,120,9,36,81,74,61,30,73" hai2="28,113,34,134,0,60,130,102,23,125,133,103,98" hai3="106,21,76,49,118,12,66,94,97,65,67,51,27"/><U88/><E120/><N who="0" m="46153" /><D99/><U110/><E30/><V2/><F130/><N who="1" m="49705" /><E110/><V119/><F119/><W52/><G106/><T92/><D92/><U58/><E40/><V64/><F125/><W70/><G70/><T63/><D26/><U46/><E46/><V33/><F23/><W93/><G118/><T10/><D10/><U91/><E36/><V86/><F86/><W8/><G76/><N who="0" m="29291" /><D84/><N who="1" m="50191" /><E91/><V117/><F117/><W80/><G80/><T101/><D101/><U107/><E107/><N who="2" m="63959" /><F103/><W132/><G94/><T5/><D5/><U79/><E79/><V127/><F127/><W108/><G108/><T95/><D32/><N who="2" m="12394" /><F28/><N who="3" m="17519" /><G93/><T20/><D95/><U90/><E90/><V45/><F45/><N who="3" m="27695" /><G97/><T109/><D35/><U96/><E96/><V24/><F24/><W124/><G124/><T82/><D109/><U111/><E111/><V50/><F113/><W15/><G8/><T16/><D114/><U19/><E19/><V135/><F50/><W48/><G132/><T1/><D1/><AGARI ba="0,0" hai="1,4,9,53,58,61,73,74" m="50191,49705" machi="1" ten="30,5800,0" yaku="19,1,52,1,54,1" doraHai="6" who="1" fromWho="0" sc="318,-58,159,58,240,0,283,0" /><INIT seed="1,1,0,5,4,111" ten="260,217,240,283" oya="1" hai0="30,23,38,31,46,113,16,86,17,65,24,95,89" hai1="134,105,106,25,108,12,76,6,54,102,75,131,116" hai2="36,97,90,104,19,37,135,18,34,53,85,103,8" hai3="4,56,27,60,98,10,110,14,11,74,101,133,125"/><U2/><E2/><V35/><F135/><W21/><G110/><T94/><D113/><U29/><E108/><V121/><F121/><W67/><G133/><T59/><D38/><U40/><E116/><V114/><F36/><W44/><G125/><T120/><D120/><U84/><E134/><V107/><F107/><W92/><G74/><T130/><D46/><U100/><E75/><V129/><F129/><W45/><REACH who="3" step="1"/><G10/><REACH who="3" ten="260,217,240,273" step="2"/><T33/><D130/><U50/><E131/><V99/><F8/><W3/><G3/><T1/><D1/><U132/><E132/><V62/><F114/><W49/><G49/><T61/><D33/><U64/><E50/><V93/><F37/><W41/><G41/><T26/><D94/><U52/><E40/><V51/><F35/><W77/><G77/><T72/><D72/><U15/><E106/><V0/><F34/><W109/><G109/><T73/><D73/><U87/><E105/><V70/><F0/><W115/><G115/><T66/><D66/><U57/><E64/><V20/><F104/><W88/><G88/><T7/><D7/><U43/><E76/><V69/><F90/><W78/><G78/><T82/><D65/><U126/><E43/><V83/><F93/><W124/><G124/><T47/><D95/><U96/><E126/><V28/><F51/><W81/><G81/><T63/><D82/><U39/><E39/><V79/><F83/><W13/><G13/><T118/><D89/><U55/><E6/><V5/><F79/><W122/><G122/><T71/><D118/><U32/><E32/><V119/><F119/><RYUUKYOKU ba="1,1" sc="260,-10,217,-10,240,-10,273,30" hai3="4,11,14,21,27,44,45,56,60,67,92,98,101" /><INIT seed="2,2,1,2,2,32" ten="250,207,230,303" oya="2" hai0="95,92,27,40,19,123,33,59,110,38,5,60,43" hai1="25,21,51,93,97,117,30,130,64,104,128,121,76" hai2="29,45,9,98,44,2,74,6,106,122,135,75,65" hai3="111,99,114,69,125,14,86,3,35,22,67,129,48"/><V70/><F122/><W105/><G35/><T34/><D123/><U109/><E121/><V24/><F135/><W39/><G39/><T115/><D115/><U77/><E104/><V134/><F134/><W57/><G3/><T132/><D132/><U101/><E117/><V124/><F124/><W41/><G125/><T87/><D110/><U118/><E118/><V8/><F8/><W90/><G111/><T71/><D71/><U126/><E109/><V112/><F112/><W18/><G129/><N who="1" m="49770" /><E126/><V133/><F133/><W16/><G69/><T116/><D5/><U102/><E64/><V91/><F44/><N who="3" m="25615" /><G105/><T37/><D37/><U113/><E113/><V119/><F45/><W68/><G68/><T89/><D38/><U10/><E51/><V23/><F119/><W79/><G18/><T107/><D107/><U84/><E84/><V131/><F131/><W7/><G7/><T103/><D34/><U50/><E50/><V100/><REACH who="2" step="1"/><F91/><REACH who="2" ten="250,207,220,303" step="2"/><W96/><G114/><T88/><D116/><U127/><E127/><V20/><F20/><W42/><G42/><T85/><D33/><U66/><E10/><V80/><F80/><N who="3" m="47391" /><G90/><T4/><D40/><U54/><E77/><V12/><F12/><W1/><G1/><T17/><D43/><U78/><E78/><V52/><F52/><W108/><G108/><T49/><D89/><N who="1" m="55471" /><E76/><V15/><F15/><W47/><G47/><T58/><D88/><U53/><E66/><V81/><F81/><W94/><G67/><T55/><D55/><AGARI ba="2,2" hai="21,25,30,53,54,55,101,102" m="55471,49770" machi="55" ten="30,1000,0" yaku="19,1" doraHai="32" who="1" fromWho="0" sc="250,-16,207,36,220,0,303,0" /><INIT seed="3,0,0,2,5,59" ten="234,243,220,303" oya="3" hai0="79,106,39,100,10,122,13,96,0,43,120,114,133" hai1="29,7,105,34,107,45,115,36,63,85,60,66,61" hai2="112,132,87,44,40,110,97,98,22,6,1,19,71" hai3="20,9,118,94,50,24,41,77,91,128,48,37,131"/><W56/><G118/><T127/><D0/><U2/><E115/><V47/><F112/><W26/><G77/><T65/><D114/><U32/><E85/><V89/><F71/><W54/><G9/><T93/><D127/><U58/><E107/><V130/><F110/><W11/><G11/><T3/><D3/><U33/><E105/><V135/><F1/><W92/><G37/><T4/><D133/><N who="2" m="51274" /><F130/><N who="3" m="49707" /><G91/><T73/><D65/><U123/><E123/><V64/><F64/><W12/><G12/><T126/><D126/><U129/><E129/><V70/><F6/><W42/><G26/><T46/><D106/><U8/><REACH who="1" step="1"/><E29/><REACH who="1" ten="234,233,220,303" step="2"/><V81/><F70/><W28/><G41/><AGARI ba="0,1" hai="2,7,8,32,33,34,36,41,45,58,60,61,63,66" machi="41" ten="40,8000,1" yaku="1,1,2,1,52,3,53,0" doraHai="59" doraHaiUra="95" who="1" fromWho="3" sc="234,0,233,90,220,0,303,-80" owari="234,3.4,323,42.3,220,-28.0,223,-17.7" /></mjloggm>