<mjloggm ver="2.3"><GO type="225" lobby="0"/><UN n0="%E8%91%89%E5%B1%B1%E9%99%BD%E5%92%8C" n1="%E3%81%9F%E3%81%A3%E3%81%A1%E3%82%87" n2="%E6%A1%9C%E8%8A%B1%E9%96%83%E3%80%85" n3="%E5%88%9D%E5%8F%B7%E6%A9%9F%E3%81%A8%E4%BA%8C%E5%8F%B7%E6%A9%9F" dan="16,16,18,17" rate="2112.43,2104.74,2200.71,2185.92" sx="F,M,M,M"/><TAIKYOKU oya="0"/><INIT seed="0,0,0,1,1,38" ten="250,250,250,250" oya="0" hai0="7,6,50,18,2,86,31,120,80,51,124,119,95" hai1="5,56,12,106,11,92,88,85,129,26,75,10,115" hai2="62,121,73,45,29,84,53,117,23,8,78,122,114" hai3="110,83,17,107,128,35,125,81,133,13,1,65,130"/><T79/><D119/><U27/><E106/><V22/><F114/><W0/><G107/><T89/><D120/><U131/><E115/><V74/><F117/><W16/><G125/><T90/><D124/><U9/><E75/><V55/><F8/><N who="3" m="6183" /><G110/><T112/><D112/><U63/><E10/><V93/><F93/><W67/><G35/><T28/><D18/><U135/><E11/><V123/><F84/><W132/><G17/><T100/><D100/><U46/><E46/><V4/><F4/><N who="0" m="1578" /><D2/><N who="3" m="1129" /><G65/><T30/><D79/><U134/><E26/><V70/><F78/><W87/><G67/><T109/><D109/><U66/><REACH who="1" step="1"/><E27/><REACH who="1" ten="250,240,250,250" step="2"/><V15/><F122/><W21/><G21/><T98/><AGARI ba="0,1" hai="28,30,31,50,51,80,86,89,90,95,98" m="1578" machi="98" ten="30,1500,0" yaku="8,1" doraHai="38" who="0" fromWho="0" sc="250,25,240,-5,250,-5,250,-5" /><INIT seed="0,1,0,1,1,41" ten="275,235,245,245" oya="0" hai0="107,62,12,116,52,102,17,40,111,66,33,95,69" hai1="27,10,25,35,82,7,126,131,88,68,135,133,74" hai2="9,55,76,97,45,129,47,113,64,46,57,38,42" hai3="87,0,22,91,106,14,110,104,31,121,24,96,60"/><T4/><D116/><U134/><E68/><V49/><F113/><W13/><G0/><T98/><D111/><U80/><E126/><V29/><F129/><W77/><G104/><T115/><D115/><U117/><E131/><V79/><F29/><W73/><G73/><T89/><D33/><U123/><E123/><V48/><F97/><W28/><G77/><T56/><D4/><U125/><E125/><V122/><F122/><W114/><G114/><T53/><D40/><U132/><E117/><V50/><F64/><W90/><G31/><T93/><D69/><U78/><N who="1" m="33792" /><DORA hai="2" /><U94/><E82/><V15/><F38/><W32/><G32/><T108/><D108/><U54/><E54/><V44/><F42/><W83/><G110/><T3/><D3/><N who="1" m="383" /><E35/><V67/><F67/><W11/><G106/><T18/><D107/><U101/><E101/><V58/><F58/><W120/><G121/><T26/><D66/><U130/><E130/><V109/><F109/><W85/><G83/><T86/><D53/><U84/><AGARI ba="1,0" hai="25,27,74,78,80,84,88,94" m="383,33792" machi="84" ten="60,7900,0" yaku="20,1,52,1,54,1" doraHai="41,2" who="1" fromWho="1" sc="275,-40,235,82,245,-21,245,-21" /><INIT seed="1,0,0,4,1,57" ten="235,317,224,224" oya="1" hai0="102,7,71,119,106,17,8,56,109,69,108,46,50" hai1="105,22,70,127,107,93,81,40,121,48,43,23,59" hai2="0,37,32,44,49,2,129,91,128,100,125,55,13" hai3="79,98,111,117,84,123,115,39,112,47,53,88,64"/><U25/><E121/><V51/><F37/><W131/><G111/><N who="0" m="42571" /><D119/><U19/><E70/><V38/><F38/><W82/><G131/><N who="2" m="50249" /><F125/><W10/><G123/><T122/><D17/><U95/><E81/><V3/><F32/><W14/><G117/><T36/><D56/><U33/><E33/><V24/><F100/><W5/><G64/><T114/><D36/><U89/><E59/><N who="2" m="33263" /><F24/><W83/><G98/><N who="0" m="61783" /><D122/><U120/><E25/><V80/><F13/><W76/><G76/><T41/><D114/><U87/><E120/><V28/><F28/><W74/><REACH who="3" step="1"/><G53/><REACH who="3" ten="235,317,224,214" step="2"/><T92/><D71/><U34/><E127/><V12/><F91/><W101/><G101/><T18/><D69/><U72/><E89/><V67/><F67/><W78/><G78/><T124/><D124/><U126/><E126/><V97/><F97/><W61/><G61/><T11/><D50/><U94/><E48/><V85/><F51/><W21/><G21/><T1/><D8/><U26/><E23/><V104/><F44/><W110/><G110/><T42/><D46/><U133/><E22/><V86/><F104/><W135/><G135/><T99/><D99/><U15/><E105/><V103/><F103/><W35/><G35/><T31/><D31/><N who="1" m="19831" /><E133/><V75/><F75/><W130/><G130/><T113/><D113/><U118/><E72/><V65/><F65/><W27/><G27/><T77/><D77/><U58/><E107/><V6/><F80/><W62/><G62/><T54/><D54/><U134/><E134/><V16/><F85/><W30/><G30/><T52/><D52/><U9/><E118/><RYUUKYOKU ba="0,1" sc="235,-10,317,-10,224,-10,214,30" hai3="5,10,14,39,47,74,79,82,83,84,88,112,115" /><INIT seed="2,1,1,2,5,29" ten="225,307,214,244" oya="2" hai0="39,100,125,116,106,48,55,71,132,61,134,72,129" hai1="101,24,35,64,56,57,30,78,109,107,47,3,73" hai2="103,108,130,122,81,31,121,76,102,119,62,68,53" hai3="96,32,75,26,11,33,135,5,92,43,54,23,113"/><V60/><F119/><W15/><G75/><T114/><RYUUKYOKU type="yao9" ba="1,1" sc="225,0,307,0,214,0,244,0" hai0="39,48,55,61,71,72,100,106,114,116,125,129,132,134" /><INIT seed="2,2,1,4,2,86" ten="225,307,214,244" oya="2" hai0="26,88,71,45,0,117,36,58,63,13,52,85,68" hai1="126,12,132,5,121,78,105,34,87,59,84,17,66" hai2="114,27,29,18,15,128,44,64,119,122,93,37,72" hai3="111,74,48,80,106,76,135,16,89,108,65,75,38"/><V116/><F114/><W47/><G38/><T79/><D0/><U41/><E105/><V107/><F107/><W2/><G2/><T8/><D79/><U77/><E34/><V94/><F122/><W32/><G32/><T100/><D117/><U11/><E126/><V113/><F113/><W39/><G39/><T9/><D100/><U109/><E109/><V55/><F72/><W95/><G106/><T19/><D26/><U28/><E28/><V130/><F64/><W31/><G31/><T131/><D131/><N who="2" m="50218" /><F55/><W43/><G65/><T73/><D8/><U91/><E132/><V20/><F44/><W120/><G135/><T124/><D73/><U30/><E41/><V62/><F62/><W14/><G75/><T98/><D98/><U49/><E66/><V61/><F61/><W99/><REACH who="3" step="1"/><G120/><REACH who="3" ten="225,307,214,234" step="2"/><T127/><D36/><U50/><E30/><V51/><F37/><W40/><G40/><T46/><D71/><U83/><E121/><V56/><F116/><W125/><G125/><N who="0" m="48203" /><D68/><U115/><E115/><V118/><F118/><W10/><AGARI ba="2,2" hai="10,14,16,43,47,48,74,76,80,89,95,99,108,111" machi="10" ten="30,7900,0" yaku="1,1,0,1,52,1,54,1,53,0" doraHai="86" doraHaiUra="1" who="3" fromWho="3" sc="225,-22,307,-22,214,-41,234,105" /><INIT seed="3,0,0,3,0,70" ten="203,285,173,339" oya="3" hai0="27,97,46,57,32,85,51,13,16,103,88,76,69" hai1="106,23,34,119,12,14,93,64,96,120,134,77,55" hai2="84,81,113,30,123,11,17,102,127,15,21,50,35" hai3="33,124,31,36,22,37,39,79,131,47,82,43,48"/><W105/><G105/><T112/><D69/><U100/><E120/><V125/><F113/><W54/><G33/><T87/><D112/><U56/><E134/><V75/><F75/><W38/><G124/><T128/><D128/><U80/><E34/><V67/><F123/><W115/><G115/><T132/><D132/><U45/><E119/><V110/><F110/><W122/><G122/><T18/><D57/><U109/><E106/><V104/><F67/><W94/><G94/><N who="0" m="58807" /><D32/><U5/><E5/><V73/><F73/><W116/><G116/><T2/><D2/><U133/><E133/><V24/><F104/><W74/><G131/><T62/><D62/><U68/><E68/><V0/><F102/><W44/><G22/><N who="0" m="13767" /><D88/><U71/><E45/><V3/><F50/><W89/><G89/><T1/><D76/><U7/><E64/><V29/><F29/><W9/><G31/><T98/><D98/><U117/><E71/><V91/><REACH who="2" step="1"/><F0/><REACH who="2" ten="203,285,163,339" step="2"/><W63/><G63/><T83/><D1/><U65/><E109/><V99/><F99/><W20/><G48/><T78/><D51/><N who="1" m="30847" /><E65/><V49/><F49/><W53/><G74/><T19/><D46/><U8/><E117/><V60/><F60/><W101/><G101/><T86/><D86/><U26/><E100/><V6/><AGARI ba="0,1" hai="3,6,11,15,17,21,24,30,35,81,84,91,125,127" machi="6" ten="30,7900,0" yaku="1,1,0,1,24,2,53,0" doraHai="70" doraHaiUra="40" who="2" fromWho="2" sc="203,-20,285,-20,163,89,339,-39" owari="183,-31.7,265,6.5,252,-14.8,300,40.0" /></mjloggm>