<mjloggm ver="2.3"><GO type="225" lobby="0"/><UN n0="%73%75%7A%75%6D%65%33" n1="%72%61%6B%33" n2="%E3%81%AF%E3%82%88%E3%81%8A%E3%81%98%E3%81%95%E3%82%93" n3="%6D%75%75%6D%75%72%61" dan="17,18,16,16" rate="2180.54,2270.45,2215.24,2129.19" sx="M,M,M,F"/><TAIKYOKU oya="0"/><INIT seed="0,0,0,2,4,124" ten="250,250,250,250" oya="0" hai0="123,24,104,5,36,132,131,100,23,9,0,59,37" hai1="119,32,118,2,43,89,105,85,54,120,49,31,51" hai2="40,33,66,101,110,67,135,70,18,55,74,10,29" hai3="106,95,83,130,7,15,60,21,39,76,72,80,90"/><T108/><D123/><U52/><E120/><V62/><F74/><W122/><G122/><T20/><D132/><U4/><E105/><V50/><F135/><W69/><G39/><T17/><D108/><U25/><E43/><V114/><F114/><W48/><G106/><T58/><D104/><U14/><E2/><V8/><F110/><W107/><G107/><T41/><D100/><U94/><E4/><V127/><F127/><W27/><G130/><T57/><D41/><U103/><E103/><V93/><F66/><W12/><G80/><T86/><D131/><U1/><E1/><V45/><F18/><W125/><G125/><T71/><D71/><U96/><E96/><V97/><F29/><W79/><G79/><T63/><D63/><U129/><E129/><V113/><F33/><W3/><G3/><T121/><D121/><U46/><REACH who="1" step="1"/><E14/><REACH who="1" ten="250,240,250,250" step="2"/><V88/><F101/><W26/><G12/><T6/><D6/><U65/><E65/><V61/><F113/><W13/><G13/><T22/><D37/><U111/><E111/><V56/><AGARI ba="0,1" hai="8,10,40,45,50,55,56,61,62,67,70,88,93,97" machi="56" ten="30,2000,0" yaku="0,1,54,1" doraHai="124" who="2" fromWho="2" sc="250,-10,240,-5,250,30,250,-5" /><INIT seed="1,0,0,0,4,19" ten="240,235,280,245" oya="1" hai0="135,59,109,35,118,133,66,79,27,47,125,63,37" hai1="41,127,39,70,50,88,111,13,18,94,131,114,99" hai2="54,20,75,84,52,134,113,105,9,62,16,108,12" hai3="48,6,123,101,38,5,93,76,28,17,81,7,124"/><U100/><E114/><V106/><F75/><W85/><G38/><T89/><D118/><U2/><E2/><V132/><F113/><W104/><G123/><T49/><D79/><U121/><E121/><V53/><F108/><W120/><G120/><T34/><D109/><U58/><E111/><V103/><F103/><W86/><G124/><T68/><D125/><U8/><E127/><V51/><F62/><W130/><G104/><N who="2" m="40041" /><F84/><W126/><G130/><T117/><D117/><U129/><E70/><V24/><F51/><W30/><G126/><T46/><D89/><U78/><E78/><V98/><F98/><N who="3" m="59599" /><G86/><T61/><D37/><U65/><E100/><V82/><F82/><W36/><G36/><T122/><D122/><U14/><E39/><V77/><F77/><W11/><G48/><T96/><D96/><U33/><E33/><V69/><F69/><W29/><G17/><T22/><D35/><U55/><E41/><V43/><F43/><W115/><G115/><T25/><D34/><U119/><E119/><V110/><F110/><W107/><G107/><T26/><D49/><U57/><REACH who="1" step="1"/><E14/><AGARI ba="0,0" hai="5,6,7,11,14,28,29,30,76,81,85" m="59599" machi="14" ten="30,1000,0" yaku="8,1" doraHai="19" who="3" fromWho="1" sc="240,0,235,-10,280,0,245,10" /><INIT seed="2,0,0,4,1,98" ten="240,225,280,255" oya="2" hai0="110,62,120,74,88,81,60,107,54,25,2,14,118" hai1="33,10,7,6,126,67,50,102,32,130,79,90,128" hai2="112,49,125,131,134,8,97,51,16,129,135,103,111" hai3="89,100,27,58,20,46,122,11,73,59,45,104,15"/><V39/><F39/><W26/><G122/><T47/><D2/><U68/><E79/><V127/><F112/><W30/><G73/><T94/><D120/><U23/><E50/><V69/><F69/><W52/><G89/><T108/><D107/><U77/><E77/><V109/><F16/><W71/><G71/><T117/><D14/><U133/><E90/><V64/><F64/><W36/><G27/><T113/><D113/><U65/><E68/><V28/><F28/><W43/><G46/><T66/><D25/><U83/><E83/><V29/><F29/><W101/><G104/><T87/><D74/><U132/><E126/><N who="2" m="48139" /><F8/><W63/><G59/><N who="0" m="34935" /><D81/><U116/><E10/><V38/><F38/><W4/><AGARI ba="0,0" hai="4,11,15,20,26,30,36,43,45,52,58,63,100,101" machi="4" ten="20,8000,1" yaku="0,1,7,1,52,2,54,1" doraHai="98" who="3" fromWho="3" sc="240,-20,225,-20,280,-40,255,80" /><INIT seed="3,0,0,3,1,128" ten="220,205,240,335" oya="3" hai0="28,11,10,36,46,99,48,16,101,107,18,63,62" hai1="15,23,81,96,125,121,51,44,115,39,133,85,74" hai2="65,110,37,68,90,34,95,60,97,82,22,57,79" hai3="84,111,40,77,29,61,71,86,129,76,32,45,67"/><W3/><G3/><T83/><D36/><U7/><E115/><V66/><F34/><W21/><G32/><T56/><D28/><U33/><E33/><V114/><F114/><W0/><G0/><T20/><D83/><U27/><E121/><V53/><F37/><W131/><G111/><T59/><D107/><U9/><E39/><V80/><F110/><W112/><G112/><T100/><D10/><U124/><E74/><V93/><F68/><W47/><G84/><T105/><D11/><U8/><E8/><V91/><F22/><W2/><G2/><T31/><D31/><U4/><E96/><V126/><F126/><W87/><G87/><T106/><D106/><U38/><E38/><V55/><F55/><W123/><G123/><T75/><D75/><U6/><E133/><V109/><F109/><W52/><G40/><N who="0" m="24647" /><D105/><U116/><E116/><V92/><F92/><W94/><G94/><N who="0" m="58487" /><D101/><U42/><E125/><V13/><F13/><W127/><G127/><T41/><D41/><U122/><E124/><V135/><F135/><W118/><G118/><T117/><D117/><U54/><E122/><V14/><F14/><W12/><G12/><N who="0" m="9223" /><D18/><N who="1" m="12791" /><E54/><V132/><F132/><W43/><G52/><T104/><D104/><U25/><E25/><V69/><F69/><W58/><G71/><T50/><D50/><U49/><E49/><V78/><F82/><W5/><G43/><T108/><D108/><U98/><E98/><N who="2" m="57655" /><F80/><W103/><G129/><T134/><D134/><U89/><E6/><V35/><F35/><W88/><G131/><T102/><D102/><U72/><E72/><RYUUKYOKU ba="0,0" sc="220,10,205,10,240,10,335,-30" hai0="56,59,62,63" hai1="4,7,9,15,42,44,51,81,85,89" hai2="53,57,60,65,66,78,79,91,95,97" owari="230,-17.0,215,-28.5,250,5.0,305,40.5" /></mjloggm>