<mjloggm ver="2.3"><GO type="225" lobby="0"/><UN n0="%E8%91%89%E5%B1%B1%E9%99%BD%E5%92%8C" n1="%E3%83%AD%E3%83%83%E3%83%86%E9%9B%80%E7%90%83" n2="%30%2E%31%32%30" n3="%E5%A4%96%E5%B7%9D%E7%AB%9C%E6%88%90" dan="16,17,16,16" rate="2110.56,2123.50,2122.18,2126.82" sx="M,M,M,M"/><TAIKYOKU oya="0"/><INIT seed="0,0,0,5,0,52" ten="250,250,250,250" oya="0" hai0="112,114,122,126,96,25,107,109,75,51,98,110,79" hai1="83,56,0,11,65,34,92,77,7,90,82,123,64" hai2="91,119,73,33,17,86,28,47,2,59,69,80,132" hai3="135,1,19,117,61,103,120,95,108,101,100,111,104"/><T84/><D25/><U66/><E123/><V8/><F69/><W78/><G1/><T106/><D51/><U27/><E34/><V54/><F132/><W87/><G19/><T93/><D126/><U38/><E38/><V26/><F119/><W85/><G61/><T129/><D129/><U48/><E27/><V88/><F73/><W71/><G71/><T43/><D43/><U116/><E116/><V94/><F47/><W81/><G117/><T20/><D20/><U18/><E18/><V125/><F125/><W62/><G62/><T131/><D131/><U15/><E0/><V53/><F17/><W99/><G135/><T60/><D60/><U134/><E77/><V24/><F24/><W49/><G49/><T21/><D21/><U70/><E70/><V105/><F105/><N who="0" m="39946" /><D75/><U30/><E30/><V16/><F59/><W74/><G120/><T42/><D42/><U130/><E130/><V67/><F67/><W29/><G29/><T4/><D4/><U3/><E3/><V121/><F121/><W57/><G57/><T10/><D10/><U22/><E22/><V36/><F36/><W113/><G113/><N who="0" m="43627" /><D122/><U58/><E134/><V46/><F46/><W128/><G128/><T39/><D39/><U40/><E40/><V35/><F35/><W6/><G6/><T14/><D14/><U68/><E68/><V127/><F127/><W76/><G104/><T115/><N who="0" m="43635" /><T102/><DORA hai="12" /><D98/><N who="1" m="57623" /><E58/><V31/><F31/><W55/><G55/><AGARI ba="0,0" hai="7,11,15,48,55,56,64,65,66,82,83" m="57623" machi="55" ten="30,2000,0" yaku="8,1,52,1" doraHai="52,12" who="1" fromWho="3" sc="250,0,250,20,250,0,250,-20" /><INIT seed="1,0,0,1,1,111" ten="250,270,250,230" oya="1" hai0="51,71,27,127,58,113,114,47,11,38,66,103,2" hai1="28,49,105,75,59,83,134,91,40,37,67,104,26" hai2="34,21,106,42,0,30,115,121,72,7,88,60,126" hai3="76,29,100,48,118,69,4,46,85,93,70,73,112"/><U108/><E134/><V24/><F72/><W3/><G118/><T128/><D103/><U19/><E108/><V99/><F121/><W77/><G29/><T9/><D27/><U82/><E19/><V55/><F126/><W45/><G100/><T64/><D2/><U74/><E37/><V18/><F42/><W135/><G93/><T54/><D127/><U5/><E5/><V44/><F115/><N who="0" m="44042" /><D66/><U61/><E82/><V120/><F120/><W12/><G12/><T16/><D16/><U98/><E105/><V131/><F0/><W23/><G23/><T132/><D132/><U80/><E104/><V96/><F7/><W20/><G20/><T43/><D128/><U87/><E26/><V36/><F131/><W10/><G135/><T14/><D14/><U102/><E28/><V86/><F106/><W25/><G25/><T63/><AGARI ba="0,0" hai="9,11,38,43,47,51,54,58,63,64,71" m="44042" machi="63" ten="30,7900,0" yaku="24,1,52,3" doraHai="111" who="0" fromWho="0" sc="250,79,270,-39,250,-20,230,-20" /><INIT seed="2,0,0,4,4,21" ten="329,231,230,210" oya="2" hai0="27,52,33,86,89,45,15,110,34,47,118,108,112" hai1="53,91,94,7,60,10,113,55,68,66,4,16,71" hai2="133,32,129,18,63,37,116,93,125,50,109,127,106" hai3="101,88,75,42,41,30,124,62,11,90,13,1,2"/><V78/><F37/><W17/><G75/><T100/><D112/><U73/><E73/><V132/><F106/><W43/><G124/><N who="2" m="47689" /><F116/><W39/><G39/><T35/><D118/><U114/><E71/><V105/><F105/><W9/><G101/><T80/><D100/><U107/><E107/><V119/><F119/><W59/><G30/><T57/><D15/><N who="1" m="7287" /><E68/><V95/><F32/><W103/><G103/><T98/><D98/><U54/><E114/><V22/><F78/><W65/><REACH who="3" step="1"/><G1/><REACH who="3" ten="329,231,230,200" step="2"/><T25/><D35/><U92/><E113/><V36/><F36/><W46/><G46/><T61/><D34/><U102/><E102/><V104/><F104/><W135/><G135/><N who="2" m="51785" /><F109/><W8/><G8/><T12/><D33/><U111/><E111/><V76/><F129/><W97/><G97/><T115/><D115/><U121/><E121/><V0/><F0/><W5/><AGARI ba="0,1" hai="2,5,9,11,13,17,41,42,43,59,62,65,88,90" machi="5" ten="30,7900,0" yaku="1,1,0,1,54,1,53,1" doraHai="21" doraHaiUra="3" who="3" fromWho="3" sc="329,-20,231,-20,230,-39,200,89" /><INIT seed="3,0,0,1,3,73" ten="309,211,191,289" oya="3" hai0="94,115,98,74,16,59,64,61,114,19,133,85,3" hai1="52,83,1,76,109,4,72,79,81,9,112,11,7" hai2="49,84,65,63,27,99,15,62,118,10,128,125,32" hai3="117,28,43,110,116,33,20,21,108,90,45,68,5"/><W51/><G68/><T50/><D74/><U78/><E112/><N who="0" m="43049" /><D133/><U96/><E109/><N who="3" m="42090" /><G5/><T103/><D3/><U105/><E83/><V70/><F118/><N who="3" m="45675" /><G90/><N who="0" m="53583" /><D50/><U12/><REACH who="1" step="1"/><E52/><REACH who="1" ten="309,201,191,289" step="2"/><V89/><F125/><W130/><G130/><T131/><D131/><U77/><E77/><V95/><F128/><W127/><G127/><T25/><D25/><AGARI ba="0,1" hai="20,21,25,28,33,43,45,51" m="45675,42090" machi="25" ten="30,2900,0" yaku="14,1,10,1" doraHai="73" who="3" fromWho="0" sc="309,-29,201,0,191,0,289,39" owari="280,8.0,201,-19.9,191,-30.9,328,42.8" /></mjloggm>