<mjloggm ver="2.3"><GO type="225" lobby="0"/><UN n0="%E6%98%93%E5%88%A9%E8%96%A9%E4%BC%AF" n1="%E3%81%A4%E3%81%A3%E3%81%B1%E3%82%8A%E3%83%9D%E3%83%BC%E3%83%AB" n2="%E4%BF%BA%E3%81%A8%E5%A6%96%E5%A4%A2" n3="%E3%82%B3%E3%83%90%E3%83%AC%E3%82%A4" dan="16,16,17,16" rate="2034.31,2117.46,2175.33,2090.84" sx="F,M,F,M"/><TAIKYOKU oya="0"/><INIT seed="0,0,0,5,5,40" ten="250,250,250,250" oya="0" hai0="113,81,1,70,8,21,77,63,35,44,37,124,59" hai1="49,55,71,88,133,23,96,120,26,114,24,52,48" hai2="61,58,99,27,12,2,17,132,51,34,15,36,90" hai3="95,32,38,18,46,118,76,4,121,97,127,128,29"/><T134/><D113/><U7/><E120/><V110/><F36/><W43/><G118/><T10/><D35/><U130/><E71/><V79/><F2/><W93/><G121/><T85/><D134/><U13/><E133/><V39/><F39/><W69/><G69/><T74/><D124/><U57/><E114/><V25/><F132/><W107/><G127/><T104/><D104/><U67/><E67/><V68/><F68/><W126/><G126/><T82/><D70/><U33/><E33/><V60/><F79/><W84/><G4/><T94/><D94/><N who="1" m="56391" /><E130/><V19/><F34/><W72/><G72/><T89/><D21/><U22/><E7/><V83/><F110/><W119/><G119/><T108/><D108/><U41/><E41/><V125/><F125/><W100/><G18/><T9/><D37/><U20/><E13/><V117/><F12/><W16/><G29/><T54/><REACH who="0" step="1"/><D1/><REACH who="0" ten="240,250,250,250" step="2"/><U103/><E103/><V62/><F117/><W131/><G32/><T86/><D86/><U109/><E109/><V66/><F99/><W75/><G75/><T31/><D31/><U111/><E111/><V106/><F106/><W91/><G131/><T98/><D98/><U45/><AGARI ba="0,1" hai="20,22,23,24,26,45,48,49,52,55,57" m="56391" machi="45" ten="30,7900,0" yaku="8,1,52,1,54,2" doraHai="40" who="1" fromWho="1" sc="240,-39,250,89,250,-20,250,-20" /><INIT seed="1,0,0,0,2,47" ten="201,339,230,230" oya="1" hai0="135,16,118,100,74,133,73,91,102,9,62,0,26" hai1="42,25,15,129,98,59,55,88,127,96,114,17,11" hai2="108,107,43,78,39,105,69,38,68,84,106,30,67" hai3="44,57,104,110,121,64,92,49,90,14,10,45,18"/><U123/><E114/><V95/><F108/><W87/><G104/><T5/><D118/><U116/><E116/><V122/><F122/><W101/><G121/><T94/><D62/><U77/><E123/><V132/><F132/><N who="0" m="50762" /><D74/><U46/><E129/><V33/><F67/><W29/><G110/><T83/><D83/><U103/><E77/><V4/><F4/><W70/><G70/><T66/><D66/><U48/><E127/><V89/><F78/><W126/><G126/><T32/><D73/><U115/><E115/><V52/><F30/><W65/><G101/><T58/><D58/><U82/><E25/><V3/><F33/><W22/><G57/><T56/><D56/><U60/><E103/><V34/><F34/><W23/><G45/><T12/><D26/><U20/><E20/><N who="3" m="7722" /><G29/><T79/><D32/><U37/><E37/><V86/><F38/><W93/><G92/><T97/><D79/><U40/><E40/><AGARI ba="0,0" hai="10,14,18,40,44,49,64,65,87,90,93" m="7722" machi="40" ten="30,2000,0" yaku="8,1,52,1" doraHai="47" who="3" fromWho="1" sc="201,0,339,-20,230,0,230,20" /><INIT seed="2,0,0,1,4,107" ten="201,319,230,250" oya="2" hai0="109,6,49,113,7,74,72,9,5,10,87,76,26" hai1="134,60,100,20,15,28,135,127,0,32,31,102,1" hai2="45,131,120,128,23,92,57,121,34,104,73,79,129" hai3="98,122,82,12,56,123,132,55,47,95,90,4,80"/><V117/><F34/><W29/><G132/><N who="1" m="50730" /><E127/><V89/><F117/><W111/><G111/><T67/><D113/><U112/><E112/><V94/><F45/><W77/><G82/><T18/><D109/><U125/><E125/><V118/><F118/><W81/><G81/><T51/><D67/><U83/><E60/><V35/><F35/><W99/><G98/><T54/><D87/><U53/><E53/><V38/><F38/><W91/><G90/><T63/><D63/><U14/><E83/><N who="2" m="45551" /><F57/><W59/><G29/><N who="1" m="11338" /><E32/><V30/><F104/><W39/><G56/><T130/><D76/><U64/><E64/><V70/><F70/><W124/><G124/><T25/><D130/><U106/><E20/><V114/><F114/><W85/><G47/><T36/><D36/><U97/><E102/><V65/><F65/><W115/><G39/><T66/><D66/><U52/><E52/><V108/><F108/><W3/><G115/><T119/><D119/><U46/><E46/><V43/><F43/><W11/><G3/><AGARI ba="0,0" hai="0,1,3,14,15,97,100,106" m="11338,50730" machi="3" ten="30,1000,0" yaku="20,1" doraHai="107" who="1" fromWho="3" sc="201,0,319,10,230,0,250,-10" /><INIT seed="3,0,0,5,4,20" ten="201,329,230,240" oya="3" hai0="84,93,110,78,102,123,69,96,13,111,81,60,9" hai1="127,75,92,106,83,89,82,73,33,56,8,85,128" hai2="65,54,31,77,130,42,70,40,51,66,74,131,118" hai3="24,10,109,18,57,90,112,17,103,100,1,72,94"/><W59/><G72/><T124/><D123/><U2/><E33/><V97/><F118/><W105/><G112/><T3/><D3/><U80/><E106/><V19/><F31/><W107/><G105/><T115/><D115/><U0/><E0/><V35/><F35/><W71/><G71/><T98/><D69/><U4/><E128/><N who="2" m="49195" /><F97/><W32/><G107/><T122/><D122/><U133/><E133/><V88/><F88/><W58/><G109/><T119/><D119/><U108/><E127/><V76/><F19/><W38/><G38/><T27/><D124/><U45/><E108/><N who="0" m="41513" /><D60/><U46/><E56/><N who="2" m="32863" /><F70/><W87/><G1/><T23/><D96/><U16/><E16/><N who="3" m="6250" /><G32/><T129/><D129/><U5/><E5/><V126/><F126/><W26/><G10/><T44/><D9/><U21/><E21/><V43/><F76/><W15/><G15/><T125/><D13/><U11/><E11/><V6/><F6/><W99/><G99/><T34/><D34/><U117/><E117/><V120/><F120/><W132/><G132/><T47/><D125/><U52/><E75/><V30/><F30/><AGARI ba="0,0" hai="23,27,30,44,47,78,81,84,93,98,102" m="41513" machi="30" ten="30,2000,0" yaku="14,1,52,1" doraHai="20" who="0" fromWho="2" sc="201,20,329,0,230,-20,240,0" owari="221,-17.9,329,42.9,210,-29.0,240,4.0" /></mjloggm>