<mjloggm ver="2.3"><GO type="225" lobby="0"/><UN n0="%E5%A4%96%E5%B7%9D%E7%AB%9C%E6%88%90" n1="%E8%83%83%E3%81%A8%E8%85%B8" n2="%E3%81%BF%E3%82%84%E3%81%93%E3%82%93%EF%BC%91%EF%BC%90%E6%AD%B3" n3="%E3%82%A2%E3%82%A4%E3%82%B9%E3%83%86%E3%82%A3%E3%83%BC%E3%81%82%E3%81%B9" dan="16,16,16,16" rate="2189.57,2173.48,2047.38,2088.74" sx="M,M,M,M"/><TAIKYOKU oya="0"/><INIT seed="0,0,0,2,1,83" ten="250,250,250,250" oya="0" hai0="17,109,48,108,23,77,16,67,38,121,110,40,49" hai1="66,120,47,88,46,100,15,8,5,102,115,31,73" hai2="93,37,132,113,58,0,4,135,43,128,131,117,134" hai3="42,6,89,96,81,76,103,41,70,65,53,30,101"/><T107/><D121/><U127/><E120/><V60/><F113/><W80/><G6/><T57/><D107/><U125/><E73/><V7/><F117/><W69/><G30/><T24/><D77/><U72/><E72/><V95/><F43/><W44/><G53/><T36/><D17/><U94/><E66/><V29/><F29/><W3/><G3/><T74/><D74/><U33/><E115/><V86/><F37/><N who="0" m="14442" /><D40/><U105/><E31/><V39/><F39/><W119/><G119/><T10/><D10/><U51/><E33/><V82/><F7/><W56/><G76/><T20/><D20/><U18/><E5/><V129/><F0/><W50/><G42/><T63/><AGARI ba="0,0" hai="16,23,24,48,49,57,63,67,108,109,110" m="14442" machi="63" ten="40,7800,0" yaku="14,1,10,1,54,1" doraHai="83" who="0" fromWho="0" sc="250,78,250,-26,250,-26,250,-26" /><INIT seed="0,1,0,1,2,22" ten="328,224,224,224" oya="0" hai0="94,17,38,115,103,5,71,64,37,54,96,6,76" hai1="123,61,13,28,46,124,65,73,24,88,81,112,122" hai2="86,27,21,9,41,98,58,36,97,69,113,52,15" hai3="111,77,32,48,68,12,40,66,121,93,0,25,120"/><T72/><D115/><U95/><E112/><V135/><F69/><W75/><G0/><T8/><D64/><U129/><E129/><V78/><F135/><W42/><G111/><T79/><D71/><U20/><E124/><V19/><F113/><W102/><G12/><T16/><D37/><U83/><E46/><V114/><F114/><W131/><G131/><T45/><D38/><U125/><E125/><V74/><F74/><W30/><G77/><T100/><D100/><U133/><E133/><V132/><F132/><W128/><G75/><T117/><D117/><U84/><E13/><V59/><F59/><W23/><G32/><T26/><D17/><U18/><E28/><V85/><F41/><W107/><G107/><T4/><D72/><U89/><E73/><V82/><F85/><W56/><G68/><T57/><D45/><U87/><E95/><V130/><F36/><W34/><G34/><T63/><D8/><U91/><E91/><V105/><F105/><W39/><G39/><T44/><D44/><U51/><E51/><N who="2" m="31007" /><F130/><W104/><G104/><T119/><D119/><U70/><AGARI ba="1,0" hai="18,20,24,61,65,70,81,83,84,87,88,89,122,123" machi="70" ten="20,8000,1" yaku="0,1,7,1,9,1,52,1,54,1" doraHai="22" who="1" fromWho="1" sc="328,-41,224,83,224,-21,224,-21" /><INIT seed="1,0,0,1,1,84" ten="287,307,203,203" oya="1" hai0="92,127,23,87,106,73,31,75,70,2,123,59,112" hai1="119,85,97,117,74,54,5,125,22,62,61,34,69" hai2="116,60,4,0,9,79,71,107,33,67,64,13,50" hai3="133,134,44,35,78,82,105,30,24,76,110,51,11"/><U100/><E34/><V38/><F116/><W102/><G110/><T57/><D112/><U95/><E74/><V118/><F118/><W115/><G115/><T126/><D2/><U135/><E135/><N who="3" m="51722" /><G11/><T90/><D70/><U14/><E125/><N who="0" m="47625" /><D106/><U96/><E69/><V63/><F38/><W80/><G102/><T98/><D123/><U40/><E40/><V81/><F107/><W28/><G28/><T21/><D87/><U89/><E117/><V19/><F50/><W120/><G105/><T8/><D8/><U86/><E119/><V48/><F48/><W52/><G120/><T99/><D99/><U83/><E54/><V124/><F33/><W26/><G24/><N who="0" m="16783" /><D23/><U25/><E86/><V16/><F0/><W17/><G17/><T18/><D18/><U114/><E114/><V3/><F3/><W77/><AGARI ba="0,0" hai="26,30,35,44,51,52,76,77,78,80,82" m="51722" machi="77" ten="30,2000,0" yaku="20,1,54,1" doraHai="84" who="3" fromWho="3" sc="287,-5,307,-10,203,-5,203,20" /><INIT seed="2,0,0,5,0,43" ten="282,297,198,223" oya="2" hai0="34,64,126,24,20,92,96,32,47,103,21,57,110" hai1="76,54,98,49,112,124,115,33,118,19,77,46,70" hai2="10,134,132,15,3,128,82,127,45,23,73,133,18" hai3="105,100,67,31,63,14,72,91,68,29,40,5,87"/><V99/><F128/><W48/><G72/><T74/><D74/><U104/><E118/><V11/><F127/><W94/><G105/><T2/><D2/><U108/><E124/><V39/><F99/><W109/><G109/><T84/><D110/><U41/><E108/><V35/><F35/><W66/><G67/><T95/><D20/><U83/><E70/><V62/><F62/><W44/><REACH who="3" step="1"/><G100/><REACH who="3" ten="282,297,198,213" step="2"/><T81/><D103/><U93/><E104/><V79/><F3/><W59/><G59/><T0/><D57/><U97/><E115/><V38/><F38/><W1/><G1/><T102/><D64/><U125/><E112/><V60/><F60/><W26/><G26/><T22/><D24/><U123/><E125/><V131/><F131/><W90/><G90/><T111/><D102/><U120/><E120/><V69/><F69/><W85/><G85/><T135/><D84/><U6/><E123/><V121/><F121/><W129/><G129/><T113/><D0/><U116/><E116/><V55/><F39/><W13/><G13/><T75/><D111/><U101/><E97/><V36/><F36/><W56/><G56/><T28/><D96/><U65/><E65/><V37/><F37/><W52/><G52/><T71/><D126/><U80/><E54/><V88/><F88/><W89/><G89/><T58/><D75/><U107/><E107/><V130/><F130/><W30/><G30/><T16/><D28/><U86/><E86/><V53/><F53/><W17/><G17/><T9/><D113/><U78/><E19/><V106/><F106/><W42/><G42/><RYUUKYOKU ba="0,1" sc="282,-15,297,-15,198,15,213,15" hai2="10,11,15,18,23,45,55,73,79,82,132,133,134" hai3="5,14,29,31,40,44,48,63,66,68,87,91,94" /><INIT seed="2,1,1,1,1,89" ten="267,282,213,228" oya="2" hai0="16,76,1,83,134,33,79,65,38,51,71,32,30" hai1="111,47,103,36,107,63,72,15,46,64,122,85,39" hai2="91,119,78,13,43,42,104,49,6,67,52,58,50" hai3="97,117,121,12,66,8,10,123,116,53,18,0,3"/><V108/><F119/><N who="3" m="45643" /><G66/><T9/><D134/><U74/><E111/><V110/><F104/><W73/><G53/><T120/><D38/><U55/><E122/><N who="3" m="46602" /><G97/><T95/><D76/><U94/><E15/><V2/><F2/><N who="3" m="555" /><G73/><T19/><D65/><U17/><E72/><V20/><F67/><W109/><G109/><N who="2" m="42089" /><F78/><W27/><G27/><T92/><D79/><U105/><E64/><V126/><F126/><W26/><G26/><T114/><D120/><U11/><E105/><V135/><F135/><W57/><G57/><T4/><D71/><U23/><E107/><V84/><F50/><W56/><G56/><T77/><D51/><U75/><E36/><V115/><F115/><W130/><G130/><T88/><D114/><U93/><E39/><V48/><F48/><W24/><G24/><T124/><D124/><U112/><E112/><V101/><F101/><W133/><G133/><T40/><D77/><U37/><E103/><V41/><F41/><W132/><G132/><T14/><D40/><U80/><E37/><V86/><F86/><W61/><G61/><T60/><D60/><U31/><E74/><V118/><F118/><W25/><G25/><T82/><D88/><U35/><E75/><V21/><F42/><W96/><G96/><T90/><D90/><U102/><E102/><V129/><F43/><W106/><G106/><T45/><D45/><U68/><E46/><V44/><F44/><W28/><G28/><T99/><D30/><U5/><E31/><V100/><F129/><W87/><G87/><T131/><D131/><U54/><E85/><V69/><F100/><RYUUKYOKU ba="1,1" sc="267,-10,282,-10,213,-10,228,30" hai3="8,10,12,18" /><INIT seed="3,2,1,4,3,101" ten="257,272,203,258" oya="3" hai0="13,7,62,135,92,71,124,58,38,129,133,43,83" hai1="59,110,19,108,24,40,42,96,45,127,35,5,118" hai2="130,11,88,22,79,37,122,12,116,106,70,3,74" hai3="41,125,69,47,120,66,99,34,49,104,27,9,91"/><W95/><G120/><T39/><D124/><U61/><E127/><V114/><RYUUKYOKU type="yao9" ba="2,1" sc="257,0,272,0,203,0,258,0" hai2="3,11,12,22,37,70,74,79,88,106,114,116,122,130" /><INIT seed="3,3,1,4,5,10" ten="257,272,203,258" oya="3" hai0="111,96,114,28,87,56,31,61,64,90,94,41,57" hai1="85,97,3,33,65,13,58,68,23,75,132,82,125" hai2="76,98,115,133,77,86,37,106,104,5,130,54,38" hai3="4,88,40,46,12,67,109,89,92,135,99,20,63"/><W49/><G135/><T73/><D111/><U62/><E3/><V22/><F115/><W52/><G109/><T15/><D73/><U95/><E33/><V16/><F133/><W9/><G20/><T45/><D114/><U124/><E75/><V17/><F5/><W44/><G67/><T70/><D15/><U120/><E132/><V134/><F134/><W100/><G63/><T80/><D57/><U29/><E120/><V1/><F1/><W131/><G131/><T14/><D14/><U122/><E122/><V118/><F118/><W91/><G89/><T78/><REACH who="0" step="1"/><D70/><REACH who="0" ten="247,272,203,258" step="2"/><U72/><E72/><V79/><F130/><W101/><G100/><T126/><D126/><N who="1" m="48747" /><E68/><V113/><F113/><W60/><G60/><T27/><D27/><U107/><E13/><V43/><F54/><W112/><G112/><T127/><D127/><U105/><E58/><V51/><F86/><W26/><G26/><T18/><D18/><U50/><E85/><V36/><F17/><W74/><G74/><T59/><D59/><U128/><E128/><V83/><F83/><W71/><G71/><T103/><D103/><U6/><E82/><V102/><F106/><W110/><G110/><T121/><D121/><U30/><E107/><V32/><F32/><W119/><G119/><T11/><D11/><U0/><E105/><V7/><F7/><W69/><G69/><T123/><D123/><U39/><E6/><V21/><REACH who="2" step="1"/><F16/><REACH who="2" ten="247,272,193,258" step="2"/><W93/><G93/><T35/><D35/><U108/><E95/><V53/><F53/><W117/><G117/><T47/><D47/><AGARI ba="3,3" hai="21,22,36,37,38,43,47,51,76,77,79,98,102,104" machi="47" ten="50,1600,0" yaku="1,1,53,0" doraHai="10" doraHaiUra="129" who="2" fromWho="0" sc="247,-25,272,0,193,55,258,0" /><INIT seed="4,0,0,1,2,111" ten="222,272,248,258" oya="0" hai0="131,62,15,8,49,112,109,10,44,87,81,58,19" hai1="11,130,29,127,5,113,64,4,126,26,108,59,115" hai2="71,114,36,92,38,76,32,79,88,14,12,37,91" hai3="117,7,119,42,0,18,97,30,128,77,135,94,96"/><T54/><D109/><U20/><E108/><V61/><F32/><W122/><G135/><T69/><D131/><U21/><E130/><V90/><F92/><W118/><G128/><T102/><D69/><U48/><E20/><V39/><N who="2" m="9216" /><DORA hai="125" /><V2/><F2/><W83/><G42/><T25/><D112/><N who="1" m="43083" /><E5/><V17/><F114/><W16/><G30/><T89/><D102/><U129/><E129/><V80/><F17/><W23/><G122/><T116/><D116/><U56/><E64/><V93/><F93/><W85/><G23/><T86/><D86/><U67/><E67/><V65/><REACH who="2" step="1"/><F76/><REACH who="2" ten="222,272,238,258" step="2"/><W22/><G22/><N who="0" m="11647" /><D25/><U60/><E127/><V47/><F47/><W53/><G94/><T95/><D95/><U123/><E126/><V124/><F124/><W82/><G18/><T75/><D75/><AGARI ba="0,1" hai="12,14,61,65,71,75,79,80,88,90,91" m="9216" machi="75" ten="70,4500,0" yaku="1,1,54,1,53,0" doraHai="111,125" doraHaiUra="41,121" who="2" fromWho="0" sc="222,-45,272,0,238,55,258,0" /><INIT seed="5,0,0,2,5,14" ten="177,272,293,258" oya="1" hai0="114,83,53,22,94,28,56,88,92,25,104,43,50" hai1="129,18,47,26,60,86,76,61,100,12,109,102,9" hai2="130,3,30,52,84,4,99,95,120,68,75,15,113" hai3="32,131,21,78,133,65,2,126,45,1,33,132,20"/><U8/><E129/><V41/><F75/><W103/><G78/><T89/><D114/><U44/><E109/><V98/><F120/><W82/><G82/><T31/><D104/><U23/><E9/><V16/><F68/><W34/><G65/><T124/><D124/><U134/><E134/><N who="3" m="51818" /><G45/><N who="1" m="17482" /><E76/><V93/><F41/><W81/><G81/><T35/><D43/><U91/><E60/><V38/><F38/><W27/><G103/><T40/><D40/><U111/><E61/><V73/><F73/><W117/><G126/><T36/><D36/><U128/><E128/><V119/><F119/><W115/><G131/><T55/><D83/><N who="1" m="49631" /><E111/><V24/><F113/><W59/><G59/><T0/><D0/><N who="3" m="105" /><G115/><T110/><D110/><U74/><E74/><V39/><F39/><W72/><G72/><T79/><D79/><U13/><E13/><V70/><F3/><W6/><G6/><AGARI ba="0,0" hai="6,8,12,18,23,26,100,102" m="49631,17482" machi="6" ten="30,2900,0" yaku="8,1,52,1" doraHai="14" who="1" fromWho="3" sc="177,0,272,29,293,0,258,-29" owari="177,-32.3,301,40.1,293,9.3,229,-17.1" /></mjloggm>