<mjloggm ver="2.3"><GO type="225" lobby="0"/><UN n0="%E3%81%AF%E3%82%88%E3%81%8A%E3%81%98%E3%81%95%E3%82%93" n1="%E7%99%BD%E9%9B%AA%E4%B9%83%E6%84%9B" n2="%4C%4F%4C%49%54%41" n3="%28%EF%BF%A3%E2%96%BD%EF%BF%A3%29%CE%B4%E2%8C%92%E3%83%BB" dan="17,16,16,16" rate="2147.84,2070.49,2181.62,2120.19" sx="M,F,F,M"/><TAIKYOKU oya="0"/><INIT seed="0,0,0,1,5,131" ten="250,250,250,250" oya="0" hai0="106,68,48,91,77,44,87,99,53,56,38,74,75" hai1="101,50,47,105,126,125,41,28,132,16,80,72,7" hai2="65,25,4,103,13,57,45,21,127,61,76,121,90" hai3="37,43,78,30,40,115,89,117,107,69,55,113,17"/><T0/><D0/><U94/><E105/><V110/><F121/><W134/><G107/><T15/><D68/><U8/><E28/><V14/><F110/><W104/><G104/><T73/><D15/><N who="1" m="7271" /><E7/><V118/><F127/><N who="1" m="48649" /><E101/><V36/><F76/><W119/><G30/><T42/><D77/><N who="1" m="44071" /><E94/><V97/><F103/><W133/><G89/><T22/><D22/><U32/><E32/><V34/><F34/><W71/><G78/><T70/><D70/><N who="3" m="26633" /><G55/><T24/><D24/><U5/><E5/><V112/><F4/><W108/><G17/><T62/><D106/><U31/><E31/><V128/><F90/><W92/><G92/><T23/><D23/><U26/><E26/><V93/><F21/><W20/><G20/><T111/><D111/><U95/><E95/><V85/><F25/><W98/><G98/><T79/><D79/><U9/><E9/><V67/><F97/><W19/><G19/><T54/><D99/><U120/><E120/><V122/><F122/><W135/><G108/><T27/><D27/><U51/><E51/><V83/><F93/><W102/><G102/><T81/><REACH who="0" step="1"/><D74/><REACH who="0" ten="240,250,250,250" step="2"/><U2/><E2/><V52/><F13/><W129/><G129/><T64/><D64/><U114/><E114/><N who="3" m="43530" /><G37/><T58/><AGARI ba="0,1" hai="38,42,44,48,53,54,56,58,62,73,75,81,87,91" machi="58" ten="20,3900,0" yaku="1,1,0,1,7,1,53,0" doraHai="131" doraHaiUra="11" who="0" fromWho="0" sc="240,49,250,-13,250,-13,250,-13" /><INIT seed="0,1,0,3,1,104" ten="289,237,237,237" oya="0" hai0="101,91,67,66,83,20,93,92,18,15,126,52,73" hai1="111,123,109,48,27,79,4,78,44,12,131,94,132" hai2="46,25,21,69,49,26,128,6,50,2,125,99,1" hai3="103,108,113,88,96,35,114,63,28,122,120,62,34"/><T121/><D121/><N who="3" m="46697" /><G108/><N who="1" m="41546" /><E123/><V17/><F69/><W53/><G28/><T127/><D101/><U98/><E27/><V41/><F125/><N who="0" m="47626" /><D52/><N who="1" m="29703" /><E132/><V135/><F128/><W31/><G31/><T87/><D93/><U106/><E106/><V85/><F135/><W59/><G63/><T133/><D133/><U74/><E131/><V8/><F99/><W107/><G88/><N who="0" m="51327" /><D73/><U39/><E39/><V90/><F49/><W0/><G0/><T7/><D7/><U30/><E30/><V43/><F1/><W54/><G54/><T58/><D58/><U10/><E74/><V9/><F41/><W72/><G72/><T19/><D18/><U14/><E14/><V36/><F6/><W29/><G29/><T130/><D130/><U40/><E40/><V5/><F5/><W23/><G23/><T116/><D116/><U45/><E45/><V38/><F43/><W68/><G68/><T56/><D56/><U13/><E13/><V119/><F119/><W70/><G70/><T33/><D33/><AGARI ba="1,0" hai="33,34,35,53,59,62,96,103,107,113,114" m="46697" machi="33" ten="30,1000,0" yaku="13,1" doraHai="104" who="3" fromWho="0" sc="289,-13,237,0,237,0,237,13" /><INIT seed="1,0,0,0,2,99" ten="276,237,237,250" oya="1" hai0="96,8,0,15,71,23,42,92,128,72,132,62,6" hai1="121,77,1,104,31,60,25,40,12,59,5,61,76" hai2="9,7,14,116,27,48,89,24,133,123,134,130,37" hai3="91,3,47,118,126,84,34,46,110,2,79,52,55"/><U81/><E121/><V63/><F37/><W74/><G34/><T20/><D72/><U112/><E112/><V39/><F39/><W53/><G110/><T90/><D128/><U95/><E104/><V129/><F48/><W108/><G108/><T33/><D132/><N who="2" m="50794" /><F89/><W125/><G79/><T83/><D33/><U13/><E1/><N who="3" m="10" /><G74/><T82/><D42/><U135/><E40/><V21/><F63/><W51/><G118/><T101/><D0/><U114/><E114/><V111/><F111/><W117/><G117/><T35/><D35/><U86/><E135/><V93/><F93/><N who="3" m="54503" /><G51/><T102/><D71/><U124/><E124/><AGARI ba="0,0" hai="46,47,52,53,55,124,125,126" m="54503,10" machi="124" ten="40,2600,0" yaku="18,1,54,1" doraHai="99" who="3" fromWho="1" sc="276,0,237,-26,237,0,250,26" /><INIT seed="2,0,0,5,3,88" ten="276,211,237,276" oya="2" hai0="101,70,61,3,69,120,79,47,134,49,19,62,127" hai1="1,65,132,64,56,40,105,9,89,5,58,108,85" hai2="93,123,55,44,71,34,36,78,12,95,42,99,116" hai3="52,129,113,130,22,45,26,37,53,4,59,128,126"/><V131/><F116/><W14/><G126/><T38/><D3/><U81/><E105/><V107/><F123/><W51/><G113/><T24/><D79/><U74/><E108/><V122/><F122/><W118/><G118/><T102/><D120/><U90/><E132/><V17/><F34/><W16/><G37/><T8/><D38/><U63/><E40/><V35/><F35/><W30/><G4/><T83/><D83/><U112/><E112/><V11/><F71/><W96/><G96/><T27/><D127/><U66/><E74/><V87/><F131/><W111/><G111/><T68/><D134/><U67/><REACH who="1" step="1"/><E89/><REACH who="1" ten="276,201,237,276" step="2"/><V86/><F107/><W7/><G7/><T15/><D102/><U75/><E75/><V98/><F78/><W18/><G14/><T60/><REACH who="0" step="1"/><D101/><REACH who="0" ten="266,201,237,276" step="2"/><U104/><E104/><V109/><F109/><W25/><REACH who="3" step="1"/><G26/><REACH who="3" ten="266,201,237,266" step="2"/><T114/><D114/><U33/><E33/><V39/><F39/><W119/><G119/><T28/><D28/><U77/><E77/><V6/><F36/><W76/><G76/><T21/><D21/><U0/><E0/><V124/><F124/><W92/><G92/><T125/><D125/><U20/><E20/><V135/><F95/><W43/><G43/><AGARI ba="0,3" hai="8,15,19,24,27,43,47,49,60,61,62,68,69,70" machi="43" ten="50,1600,0" yaku="1,1,53,0" doraHai="88" doraHaiUra="110" who="0" fromWho="3" sc="266,46,201,0,237,0,266,-16" /><INIT seed="3,0,0,5,0,70" ten="312,201,237,250" oya="3" hai0="78,11,56,121,128,108,114,109,90,127,0,4,110" hai1="29,103,106,122,53,67,35,111,30,119,73,5,113" hai2="20,120,61,59,19,40,105,39,48,21,24,32,6" hai3="85,101,84,68,80,97,17,22,28,38,102,99,62"/><W27/><G38/><T36/><D127/><U112/><E122/><V92/><F105/><W58/><G68/><T14/><D121/><U77/><E111/><V55/><F120/><W74/><G74/><T75/><D128/><U87/><E73/><V1/><F32/><W9/><G9/><T26/><D114/><U69/><E119/><V12/><F39/><W51/><G51/><T64/><D36/><U89/><E77/><V88/><F1/><W81/><G17/><T107/><D107/><U130/><E5/><V60/><F40/><W41/><G41/><T66/><D26/><U54/><E130/><V95/><F95/><W43/><G43/><T126/><D126/><U125/><E125/><V50/><F50/><W8/><G8/><N who="0" m="2055" /><D90/><U33/><E106/><V86/><F6/><W57/><G102/><T42/><D56/><N who="3" m="21609" /><G62/><T132/><D42/><U98/><E67/><V13/><F13/><W124/><G101/><T76/><D132/><U91/><E69/><V25/><F25/><W3/><G3/><T83/><D76/><U118/><E103/><V45/><F45/><W123/><G123/><T63/><D63/><U71/><E71/><V94/><F92/><W23/><G23/><T82/><D83/><U18/><E118/><V115/><F115/><W10/><G81/><T104/><D104/><U93/><E93/><V16/><AGARI ba="0,0" hai="12,16,19,20,21,24,48,55,59,60,61,86,88,94" machi="16" ten="20,12000,2" yaku="0,1,7,1,25,2,8,1,54,2" doraHai="70" who="2" fromWho="2" sc="312,-30,201,-30,237,120,250,-60" owari="282,8.2,171,-32.9,357,45.7,190,-21.0" /></mjloggm>