<mjloggm ver="2.3"><GO type="225" lobby="0"/><UN n0="%4B%2E%32%2E%4B%2E" n1="%E6%A1%9C%E8%8A%B1%E9%96%83%E3%80%85" n2="%E3%83%A9%E3%83%96%E3%83%AC%E3%83%BC" n3="%E4%B8%AD%E5%B9%B4%E3%81%AE%E5%8D%B1%E6%A9%9F" dan="16,17,18,17" rate="2137.78,2126.21,2216.00,2226.97" sx="M,M,M,M"/><TAIKYOKU oya="0"/><INIT seed="0,0,0,5,5,130" ten="250,250,250,250" oya="0" hai0="118,66,89,67,25,53,86,16,15,29,0,9,49" hai1="122,5,132,34,93,35,119,3,64,17,125,90,52" hai2="115,18,55,117,83,59,12,104,23,60,84,22,50" hai3="109,96,58,114,28,100,21,107,131,39,78,91,110"/><T92/><D118/><U7/><E119/><V82/><F104/><W123/><G39/><T14/><D0/><U116/><E116/><V71/><F115/><W41/><G41/><T112/><D15/><U133/><E122/><V87/><F117/><W46/><G46/><T68/><D68/><U134/><E125/><V31/><F71/><W128/><G58/><T63/><D63/><U62/><E17/><V105/><F105/><W79/><G28/><T106/><D106/><U103/><E103/><V129/><F129/><N who="3" m="49739" /><G21/><N who="0" m="15535" /><D112/><U126/><E52/><N who="2" m="33895" /><F23/><W108/><G114/><T30/><D30/><U120/><E120/><V73/><F73/><W94/><G123/><T75/><D75/><U111/><E111/><V24/><F12/><W48/><G48/><T85/><D86/><AGARI ba="0,0" hai="78,79,86,91,94,96,100,107,108,109,110" m="49739" machi="86" ten="40,8000,1" yaku="14,1,19,1,34,2" doraHai="130" who="3" fromWho="0" sc="250,-80,250,0,250,0,250,80" /><INIT seed="1,0,0,5,1,58" ten="170,250,250,330" oya="1" hai0="135,14,111,114,7,110,12,60,122,0,3,37,44" hai1="72,32,113,53,69,35,116,67,36,95,25,89,112" hai2="88,21,19,94,102,78,4,106,80,126,56,109,70" hai3="99,52,130,87,79,73,50,65,123,75,2,71,43"/><U59/><E116/><V92/><F70/><W101/><G2/><N who="0" m="555" /><D114/><U77/><E36/><V51/><F126/><W27/><G123/><T23/><D37/><U128/><E128/><V104/><F109/><N who="0" m="41482" /><D44/><U48/><E72/><V1/><F1/><W133/><G133/><T6/><D60/><U24/><E77/><V47/><F4/><N who="0" m="1578" /><D135/><U11/><E112/><V15/><F106/><W46/><G130/><T41/><D41/><U5/><E113/><V17/><F104/><W18/><G43/><T31/><D122/><U81/><E81/><V63/><F102/><W64/><G71/><T66/><D66/><U97/><E32/><V38/><F38/><W34/><G34/><T125/><D125/><U124/><E35/><V119/><F119/><W16/><G75/><T62/><D62/><N who="1" m="38367" /><E69/><V55/><F78/><W45/><G73/><T121/><D121/><U84/><E84/><N who="2" m="50183" /><F19/><W22/><G87/><T40/><D40/><AGARI ba="0,0" hai="15,17,21,40,47,51,55,56,63,92,94" m="50183" machi="40" ten="30,3900,0" yaku="8,1,52,1,54,1" doraHai="58" who="2" fromWho="0" sc="170,-39,250,0,250,39,330,0" /><INIT seed="2,0,0,5,3,16" ten="131,250,289,330" oya="2" hai0="1,89,21,125,31,58,129,19,53,13,47,68,35" hai1="59,14,92,85,128,100,36,113,133,25,120,78,64" hai2="63,94,134,107,105,29,43,42,87,97,30,126,72" hai3="10,91,11,54,122,23,22,79,7,111,130,2,57"/><V127/><F72/><W131/><G122/><T71/><D125/><N who="2" m="47626" /><F87/><W74/><G111/><T88/><D129/><N who="3" m="49161" /><G11/><T45/><D1/><U124/><E113/><V84/><F84/><W75/><G91/><T12/><D35/><U95/><E85/><V37/><F134/><W118/><G118/><T62/><D31/><N who="2" m="11786" /><F63/><N who="3" m="36279" /><G75/><T56/><D68/><U76/><E133/><V99/><F37/><W20/><G74/><T70/><D70/><U6/><E36/><V26/><F26/><W106/><G106/><N who="2" m="40457" /><F94/><W115/><G79/><T83/><D83/><U5/><E92/><V38/><F38/><W44/><G44/><N who="0" m="16971" /><D71/><U24/><E95/><V109/><F109/><W103/><G103/><T52/><D12/><U114/><E14/><V18/><F18/><W117/><G117/><T116/><D116/><U119/><E119/><V50/><F50/><AGARI ba="0,0" hai="13,19,21,50,52,53,56,58,62,88,89" m="16971" machi="50" ten="30,7700,0" yaku="8,1,52,1,54,2" doraHai="16" who="0" fromWho="2" sc="131,77,250,0,289,-77,330,0" /><INIT seed="3,0,0,3,0,37" ten="208,250,212,330" oya="3" hai0="114,16,19,110,44,93,90,27,87,31,71,86,88" hai1="11,109,120,101,18,96,69,99,75,118,48,38,89" hai2="74,55,0,58,104,57,126,91,70,98,130,25,80" hai3="52,8,107,49,62,36,123,82,60,83,125,103,9"/><W40/><G125/><T111/><D71/><U79/><E38/><V32/><F0/><W105/><G123/><T63/><D63/><U116/><E120/><V1/><F1/><W124/><G36/><T35/><D44/><U29/><E29/><V122/><F70/><W42/><G124/><T46/><D46/><U132/><E89/><V135/><F126/><W53/><G103/><T30/><D114/><U128/><E48/><AGARI ba="0,0" hai="8,9,40,42,48,49,52,53,60,62,82,83,105,107" machi="48" ten="25,12000,1" yaku="22,2,52,2,54,1" doraHai="37" who="3" fromWho="1" sc="208,0,250,-120,212,0,330,120" owari="208,-19.2,130,-37.0,212,1.2,450,55.0" /></mjloggm>