<mjloggm ver="2.3"><GO type="225" lobby="0"/><UN n0="%72%69%6F%75%63%68%61%6E" n1="%6E%65%6F%E3%82%BD%E3%83%83%E3%82%AF%E3%82%B9%E2%99%AA" n2="%E6%80%AA%E3%81%97%E3%81%99%E3%81%8E%E3%82%8B%E3%83%81%E3%83%BC" n3="%4C%4F%4C%49%54%41" dan="17,16,17,16" rate="2261.49,2152.54,2175.60,2183.59" sx="M,M,M,F"/><TAIKYOKU oya="0"/><INIT seed="0,0,0,4,4,63" ten="250,250,250,250" oya="0" hai0="108,7,69,61,93,117,96,133,35,66,29,46,24" hai1="121,18,71,127,12,2,22,37,82,57,131,130,81" hai2="106,38,53,76,10,50,104,118,85,89,40,124,23" hai3="92,52,135,33,6,80,64,120,99,75,25,27,65"/><T62/><D117/><U109/><E121/><V88/><F118/><W1/><G135/><T115/><D133/><U119/><E109/><V134/><F134/><W112/><G112/><T39/><D115/><U77/><E127/><V0/><F124/><W34/><G120/><T54/><D108/><U20/><E71/><V98/><F23/><W79/><G6/><T84/><D7/><U44/><E2/><V67/><F67/><BYE who="2" /><W28/><G1/><T49/><D39/><U32/><E32/><V55/><F55/><W43/><G43/><UN n2="%E6%80%AA%E3%81%97%E3%81%99%E3%81%8E%E3%82%8B%E3%83%81%E3%83%BC" /><T129/><D129/><N who="1" m="49163" /><E119/><V5/><F40/><W41/><G41/><T45/><D62/><U14/><E57/><V31/><F38/><W114/><G114/><T116/><D116/><U78/><E44/><V17/><F31/><W70/><G70/><T19/><D19/><N who="1" m="10343" /><E37/><V42/><F17/><W86/><G75/><T15/><D15/><U102/><E102/><V8/><F8/><W68/><G68/><T73/><D73/><U105/><E105/><V111/><F111/><W87/><G33/><T110/><D110/><U107/><E107/><V74/><F42/><W97/><G34/><T13/><D13/><U30/><E30/><V60/><F104/><W11/><G11/><T51/><D51/><U126/><E126/><V21/><F21/><N who="3" m="15407" /><G27/><T132/><D132/><U113/><E113/><V48/><F106/><W3/><G3/><T58/><REACH who="0" step="1"/><D84/><REACH who="0" ten="240,250,250,250" step="2"/><U36/><E36/><V94/><F74/><W100/><G87/><T56/><D56/><U91/><E81/><N who="2" m="47271" /><F48/><W47/><G97/><T59/><D59/><U9/><E9/><RYUUKYOKU ba="0,1" sc="240,10,250,10,250,-30,250,10" hai0="24,29,35,45,46,49,54,58,61,66,69,93,96" hai1="14,18,22,77,78,82,91" hai3="47,52,64,65,79,80,86,92,99,100" /><INIT seed="0,1,1,1,5,110" ten="250,260,220,260" oya="0" hai0="76,37,122,128,82,80,12,98,100,42,109,50,131" hai1="79,57,56,73,75,117,130,4,121,32,28,26,83" hai2="61,129,105,21,66,55,24,40,134,113,49,10,71" hai3="120,15,5,38,69,53,116,23,6,9,127,85,92"/><T17/><D122/><U114/><E121/><V132/><F105/><W119/><G120/><T54/><D109/><U124/><E117/><V27/><F129/><N who="0" m="49738" /><D42/><U126/><E130/><V101/><F113/><W108/><G108/><T44/><D37/><U34/><E4/><V106/><F40/><W95/><G38/><T46/><D44/><U111/><E111/><V51/><F10/><W97/><G69/><T102/><D76/><U13/><E114/><V115/><F115/><W84/><G127/><N who="1" m="48682" /><E13/><V11/><F11/><W19/><G5/><T123/><D123/><U78/><E34/><V118/><F118/><W16/><G19/><T22/><D102/><U70/><E70/><V8/><F8/><W48/><G116/><T125/><D125/><U93/><E93/><AGARI ba="1,1" hai="12,17,22,46,50,54,80,82,93,98,100" m="49738" machi="93" ten="30,1500,0" yaku="19,1" doraHai="110" who="0" fromWho="1" sc="250,28,260,-18,220,0,260,0" /><INIT seed="0,2,0,4,3,135" ten="278,242,220,260" oya="0" hai0="81,82,34,60,44,53,20,11,12,96,22,57,127" hai1="99,7,46,103,48,131,24,3,121,107,129,85,84" hai2="56,104,108,13,100,61,9,122,112,31,29,118,89" hai3="132,70,115,93,110,1,72,80,43,8,19,63,101"/><T126/><D34/><U117/><E121/><V27/><F122/><W125/><G115/><T64/><D96/><U47/><E117/><V49/><F112/><W28/><G132/><T23/><D44/><U92/><E46/><V2/><F118/><W130/><G110/><T36/><D36/><U97/><E24/><V66/><F2/><W0/><G130/><N who="1" m="49674" /><E7/><V76/><F108/><W114/><G28/><T58/><D81/><U55/><E3/><V83/><F89/><AGARI ba="2,0" hai="47,48,55,84,85,89,92,97,99,103,107" m="49674" machi="89" ten="30,1000,0" yaku="19,1" doraHai="135" who="1" fromWho="2" sc="278,0,242,16,220,-16,260,0" /><INIT seed="1,0,0,2,4,58" ten="278,258,204,260" oya="1" hai0="21,128,98,100,32,121,17,85,86,36,48,31,33" hai1="119,87,70,96,71,135,42,29,27,82,51,14,74" hai2="60,75,50,90,47,65,24,64,45,62,1,63,0" hai3="117,49,76,26,5,113,18,112,109,6,95,72,61"/><U91/><E119/><V41/><F75/><W114/><G117/><T126/><D36/><U25/><E135/><V105/><F105/><W78/><G109/><T107/><D126/><U80/><E96/><V125/><F125/><W129/><G129/><T19/><D128/><U23/><E14/><V120/><F120/><W56/><G49/><T30/><D121/><U59/><E27/><V53/><F90/><W37/><G37/><T69/><D69/><U122/><E122/><V34/><F1/><W83/><G76/><T8/><D8/><U67/><E42/><V106/><F106/><W102/><G18/><T4/><D4/><U16/><E29/><V68/><F0/><W118/><G118/><T108/><D108/><U10/><E10/><V57/><F24/><W3/><G3/><T110/><D110/><U20/><E20/><V97/><F97/><W12/><G12/><T44/><D32/><U15/><E25/><V84/><F84/><N who="0" m="32362" /><D33/><U134/><E134/><V99/><F99/><W93/><G26/><N who="0" m="16719" /><D31/><U54/><REACH who="1" step="1"/><E67/><REACH who="1" ten="278,248,204,260" step="2"/><N who="2" m="41063" /><F34/><W9/><G112/><T73/><D98/><U22/><E22/><V115/><F115/><W94/><G114/><T35/><D35/><U66/><E66/><N who="2" m="25707" /><F47/><W39/><G113/><T133/><D133/><U2/><E2/><V111/><F111/><W13/><G9/><T38/><D107/><U123/><E123/><V77/><F77/><AGARI ba="0,1" hai="15,16,23,51,54,59,70,71,74,77,80,82,87,91" machi="77" ten="40,3900,0" yaku="1,1,54,1,53,0" doraHai="58" doraHaiUra="132" who="1" fromWho="2" sc="278,0,248,49,204,-39,260,0" /><INIT seed="1,1,0,0,0,6" ten="278,297,165,260" oya="1" hai0="17,115,130,113,42,64,80,19,48,62,135,52,124" hai1="38,117,86,12,125,76,85,4,7,9,74,35,45" hai2="29,41,27,129,15,51,22,95,31,79,123,25,69" hai3="57,119,23,104,1,13,21,106,90,83,58,99,26"/><U67/><E117/><V120/><F69/><W54/><G1/><T28/><D28/><U63/><E35/><V59/><F129/><W126/><G119/><T81/><D130/><U98/><E125/><V78/><F15/><W72/><G126/><T114/><D124/><U132/><E132/><V122/><F95/><W50/><G72/><T53/><D135/><U55/><E98/><V34/><REACH who="2" step="1"/><F41/><REACH who="2" ten="278,297,155,260" step="2"/><W91/><G13/><T108/><D42/><U2/><E12/><V33/><F33/><W32/><G32/><T96/><D115/><U40/><E2/><V134/><F134/><W128/><G128/><T39/><D114/><U49/><E40/><V102/><F102/><W109/><G106/><T97/><D113/><U93/><E93/><V105/><F105/><W36/><G104/><T8/><D108/><U0/><E0/><V131/><F131/><W107/><G107/><T14/><D14/><U18/><E4/><V73/><F73/><W89/><G109/><T66/><D8/><U56/><E7/><V46/><F46/><W101/><G101/><T94/><D94/><U43/><E9/><V110/><F110/><W30/><G21/><T133/><D133/><U111/><E111/><V87/><F87/><W20/><G20/><T10/><D10/><U77/><E74/><V70/><F70/><W60/><G23/><T65/><D97/><U3/><E3/><V100/><F100/><W24/><G99/><T84/><D96/><U103/><E103/><V5/><F5/><W118/><G118/><T16/><D84/><N who="1" m="32363" /><E43/><V37/><F37/><W82/><G36/><RYUUKYOKU ba="1,1" sc="278,-10,297,-10,155,30,260,-10" hai2="22,25,27,29,31,34,51,59,78,79,120,122,123" /><INIT seed="2,2,1,5,3,108" ten="268,287,185,250" oya="2" hai0="76,63,36,17,29,20,106,80,87,113,72,30,61" hai1="117,86,42,112,97,62,92,28,121,16,89,98,118" hai2="10,23,127,31,133,41,84,37,8,130,129,70,65" hai3="57,126,101,14,71,19,60,95,110,79,105,104,5"/><V22/><F127/><W116/><G116/><T13/><D113/><U73/><E112/><V75/><F75/><W35/><G71/><T131/><D36/><U91/><E28/><N who="0" m="10857" /><D106/><U68/><E121/><V6/><F133/><W114/><G35/><T88/><D72/><U90/><E73/><V49/><F37/><W83/><G114/><T111/><D111/><U128/><E128/><N who="2" m="49259" /><F84/><W33/><G33/><T93/><D131/><U51/><E118/><V3/><F10/><W123/><G110/><T81/><D76/><U64/><E117/><V43/><F49/><W67/><G5/><T15/><D13/><U107/><E86/><V94/><F94/><W122/><G126/><T21/><D21/><N who="2" m="7690" /><F31/><W44/><G95/><T0/><D0/><U69/><E92/><V135/><F135/><W100/><G122/><T45/><D45/><U125/><E51/><V11/><F11/><W134/><G44/><T26/><D26/><U85/><E125/><V77/><F77/><W54/><G134/><T18/><D18/><U39/><E39/><V66/><F70/><N who="3" m="42343" /><G123/><T58/><D61/><U103/><E69/><V119/><F119/><W102/><G105/><T74/><D74/><U53/><E85/><V82/><F82/><W99/><G83/><T27/><D27/><U7/><E107/><V78/><F78/><W59/><G79/><T1/><D1/><U25/><E68/><V48/><F48/><N who="3" m="30919" /><G59/><T56/><D56/><U132/><E98/><V4/><F4/><W109/><G109/><T47/><D47/><U55/><E103/><V34/><F34/><W9/><AGARI ba="2,1" hai="9,14,19,99,100,101,102,104" m="30919,42343" machi="9" ten="30,1100,0" yaku="5,1" doraHai="108" who="3" fromWho="3" sc="268,-5,287,-5,185,-7,250,27" /><INIT seed="3,0,0,3,4,63" ten="263,282,178,277" oya="3" hai0="128,117,24,41,94,116,129,6,42,86,54,135,69" hai1="109,17,47,29,44,0,31,71,132,73,37,97,107" hai2="82,7,83,32,74,115,108,16,122,23,68,22,25" hai3="57,5,113,56,61,70,77,99,18,80,30,66,119"/><W123/><G113/><T88/><D135/><U2/><E71/><V78/><F115/><W105/><G119/><N who="0" m="45643" /><D69/><U59/><E109/><V39/><F108/><W93/><G105/><T124/><D6/><U43/><E73/><V34/><F122/><W90/><G123/><T51/><D24/><U102/><E132/><V46/><F68/><W60/><G30/><T96/><D96/><U120/><E120/><V121/><F121/><W126/><G126/><T13/><D13/><U92/><E107/><V1/><F22/><W72/><G60/><T48/><D124/><U84/><E59/><V3/><F83/><W21/><G5/><T9/><D9/><U20/><E47/><V36/><F36/><W118/><G118/><T110/><D110/><U106/><E0/><V14/><F14/><AGARI ba="0,0" hai="14,18,21,56,57,61,66,70,72,77,80,90,93,99" machi="14" ten="30,2900,0" yaku="7,1,52,1" doraHai="63" who="3" fromWho="2" sc="263,0,282,0,178,-29,277,29" owari="263,-13.7,282,8.2,149,-35.1,306,40.6" /></mjloggm>