<mjloggm ver="2.3"><GO type="225" lobby="0"/><UN n0="%E3%81%8B%E3%81%A4%E3%81%BF%E3%82%93%E3%81%94%EF%BC%81" n1="%E3%83%97%E3%83%92" n2="%E4%BA%95%E5%B8%AF" n3="%E3%83%A9%E3%83%BC%E3%83%A1%E3%83%B3%E4%BA%94%E9%83%8E" dan="16,17,16,16" rate="2079.59,2140.69,2052.10,2052.52" sx="M,M,M,M"/><TAIKYOKU oya="0"/><INIT seed="0,0,0,4,4,17" ten="250,250,250,250" oya="0" hai0="134,69,14,3,111,114,36,108,52,44,37,84,1" hai1="19,118,79,89,63,82,85,77,8,98,57,116,75" hai2="117,20,97,100,67,4,76,129,10,35,130,5,39" hai3="38,99,128,71,46,64,107,104,94,26,23,88,30"/><T105/><D114/><U11/><E98/><V33/><F39/><N who="0" m="14922" /><D69/><U0/><E8/><V95/><F117/><W103/><G128/><N who="2" m="49257" /><F76/><W68/><G64/><T73/><D73/><U74/><E75/><V12/><F67/><W90/><G90/><T13/><D105/><U60/><E60/><V27/><F4/><W102/><G102/><T18/><D84/><U42/><E42/><V121/><F121/><W135/><G107/><T29/><D29/><AGARI ba="0,0" hai="5,10,12,20,27,29,33,35,95,97,100" m="49257" machi="29" ten="30,2000,0" yaku="19,1,52,1" doraHai="17" who="2" fromWho="0" sc="250,-20,250,0,250,20,250,0" /><INIT seed="1,0,0,4,1,27" ten="230,250,270,250" oya="1" hai0="18,85,84,64,23,10,9,11,73,21,7,88,93" hai1="113,49,14,97,78,120,58,13,89,33,110,90,96" hai2="94,54,16,122,102,39,12,20,61,37,74,48,87" hai3="107,2,99,92,52,95,5,82,46,123,127,81,8"/><U117/><E113/><V111/><F122/><W108/><G123/><T131/><D131/><U32/><E120/><V116/><F116/><W25/><G108/><T34/><D34/><U44/><E78/><V26/><F74/><W40/><G127/><T126/><D126/><U103/><E117/><V129/><F129/><W115/><G115/><T128/><D73/><U60/><E110/><V121/><F121/><W41/><G107/><T19/><D128/><U30/><E13/><V45/><F111/><W80/><G25/><T28/><D64/><U75/><E14/><V24/><F61/><W133/><G133/><T47/><D7/><U62/><E60/><V112/><F112/><W57/><G46/><T51/><D84/><U119/><E96/><V66/><F66/><W35/><G35/><T36/><D36/><U98/><E32/><V101/><F39/><W135/><G135/><T100/><D100/><N who="2" m="38506" /><F37/><W79/><G79/><T106/><D106/><U118/><E98/><V43/><F43/><W22/><G22/><N who="0" m="8203" /><D28/><U72/><E118/><V55/><F54/><AGARI ba="0,0" hai="9,10,11,18,19,47,51,54,85,88,93" m="8203" machi="54" ten="30,2000,0" yaku="8,1,54,1" doraHai="27" who="0" fromWho="2" sc="230,20,250,0,270,-20,250,0" /><INIT seed="2,0,0,1,3,69" ten="250,250,250,250" oya="2" hai0="79,92,90,25,50,16,66,63,88,77,56,132,128" hai1="37,47,93,60,74,13,122,107,81,119,30,112,41" hai2="1,18,34,75,45,10,101,129,87,65,4,84,54" hai3="49,61,19,51,106,28,78,64,12,53,71,95,68"/><V97/><F129/><W131/><G106/><T113/><D132/><U125/><E112/><V57/><F75/><W127/><G131/><T70/><D113/><U98/><E119/><V7/><F34/><W58/><G127/><T83/><D70/><U3/><E3/><V100/><F7/><W130/><G130/><T67/><D66/><U62/><E107/><V55/><F101/><W99/><G78/><N who="0" m="29707" /><D128/><U5/><E122/><V120/><F120/><W82/><G82/><T117/><D117/><U29/><E81/><V52/><F18/><W121/><G121/><T111/><D111/><U38/><E74/><V40/><F57/><W8/><G28/><T114/><D114/><U11/><E125/><V48/><REACH who="2" step="1"/><F65/><REACH who="2" ten="250,250,240,250" step="2"/><W73/><G73/><T134/><D134/><U26/><E30/><V14/><F14/><W96/><G71/><T39/><D16/><U104/><E104/><AGARI ba="0,1" hai="1,4,10,40,45,48,52,54,55,84,87,97,100,104" machi="104" ten="40,7700,0" yaku="1,1,54,1,53,1" doraHai="69" doraHaiUra="103" who="2" fromWho="1" sc="250,0,250,-77,240,87,250,0" /><INIT seed="2,1,0,5,3,0" ten="250,173,327,250" oya="2" hai0="3,22,31,83,7,127,58,82,132,10,134,62,112" hai1="19,16,29,100,28,8,2,86,30,89,43,123,113" hai2="119,128,105,116,135,21,32,69,94,77,64,110,49" hai3="97,4,117,9,46,103,34,80,15,44,52,81,70"/><V13/><F49/><W38/><G117/><T106/><D112/><U56/><E113/><V111/><F94/><N who="3" m="58807" /><G34/><T59/><D106/><U108/><E108/><N who="2" m="41515" /><F105/><W104/><G70/><T42/><D42/><U91/><E123/><V95/><F95/><W99/><G38/><T14/><D127/><U18/><E100/><V76/><F32/><W17/><G104/><T84/><D59/><U102/><E102/><V24/><F13/><N who="3" m="5287" /><G99/><T126/><D126/><U133/><E133/><N who="0" m="51305" /><D84/><U40/><E56/><V11/><F11/><N who="3" m="6399" /><G44/><T6/><D6/><U88/><E86/><V39/><F39/><W85/><G85/><T23/><D3/><U61/><E61/><N who="2" m="40079" /><F135/><W51/><AGARI ba="1,0" hai="46,51,52,80,81" m="6399,5287,58807" machi="51" ten="30,4000,0" yaku="8,1,52,1,54,1" doraHai="0" who="3" fromWho="3" sc="250,-11,173,-11,327,-21,250,43" /><INIT seed="3,0,0,2,4,106" ten="239,162,306,293" oya="3" hai0="95,53,37,91,133,60,65,46,27,61,81,0,32" hai1="9,105,110,55,121,66,131,38,62,70,117,8,92" hai2="75,76,103,100,26,88,56,34,5,109,18,23,94" hai3="59,86,112,123,102,107,25,35,104,58,87,4,134"/><W16/><G112/><T68/><D0/><U17/><E121/><V90/><F109/><W15/><G123/><T125/><D125/><U127/><E105/><V63/><F5/><W3/><G134/><T74/><D133/><U82/><E38/><V108/><F108/><W13/><G35/><T22/><D32/><U73/><E110/><V89/><F34/><W119/><G3/><T128/><D128/><U12/><E127/><V41/><F41/><W64/><G119/><T78/><D37/><U135/><E135/><V99/><F75/><W29/><G107/><T69/><D46/><U51/><E131/><V122/><F76/><W111/><G29/><T96/><D53/><U1/><E117/><V114/><F114/><W72/><G72/><T19/><REACH who="0" step="1"/><D60/><REACH who="0" ten="229,162,306,293" step="2"/><U57/><E92/><V129/><F129/><W47/><G104/><T83/><D83/><U116/><E116/><V93/><F122/><W48/><G111/><T28/><D28/><U52/><E55/><N who="2" m="34207" /><F94/><W101/><G47/><T98/><D98/><U20/><REACH who="1" step="1"/><E1/><REACH who="1" ten="229,152,306,293" step="2"/><V79/><F93/><W24/><G64/><T30/><D30/><U6/><E6/><V2/><F2/><W67/><G67/><T130/><D130/><U77/><AGARI ba="0,2" hai="8,9,12,17,20,51,52,57,62,66,70,73,77,82" machi="77" ten="30,7900,0" yaku="1,1,0,1,52,1,54,1,53,0" doraHai="106" doraHaiUra="43" who="1" fromWho="1" sc="229,-20,152,99,306,-20,293,-39" /><INIT seed="4,0,0,0,0,66" ten="209,251,286,254" oya="0" hai0="72,73,106,112,42,119,123,80,14,11,12,33,60" hai1="77,99,93,37,65,39,19,38,96,50,16,105,13" hai2="127,88,85,10,75,62,48,2,56,97,121,55,108" hai3="41,0,49,43,129,101,61,59,44,118,89,104,63"/><T31/><D119/><U116/><E116/><V130/><F108/><W74/><G0/><T15/><D123/><U54/><E77/><V134/><F75/><W36/><G118/><T40/><D112/><U109/><E109/><V125/><F121/><W1/><G1/><T70/><D106/><U21/><E65/><V69/><F97/><W81/><G129/><T128/><D128/><U111/><E111/><V133/><F130/><W32/><G32/><T79/><D73/><U25/><E105/><V90/><F90/><W126/><G126/><N who="2" m="48137" /><F62/><W84/><G74/><T47/><D11/><U18/><E93/><N who="2" m="54415" /><F69/><W6/><G63/><T114/><D114/><U71/><E71/><V113/><F113/><W8/><G101/><T86/><D72/><U95/><E95/><V135/><F135/><W103/><G103/><T68/><D60/><U87/><E87/><V35/><F35/><W5/><G104/><T29/><D42/><U120/><E120/><V51/><F48/><W3/><G36/><T94/><D94/><U82/><E82/><V115/><F115/><W64/><REACH who="3" step="1"/><G6/><AGARI ba="0,0" hai="2,6,10,51,55,56,133,134" m="54415,48137" machi="6" ten="30,2000,0" yaku="18,1,54,1" doraHai="66" who="2" fromWho="3" sc="209,0,251,0,286,20,254,-20" owari="209,-29.1,251,5.1,306,40.6,234,-16.6" /></mjloggm>