<mjloggm ver="2.3"><GO type="225" lobby="0"/><UN n0="%E5%8D%A0%E3%81%84%E5%B8%AB%E8%A3%8F%E3%81%AA%E3%81%84%E3%81%97" n1="%63%68%78%62%64" n2="%E3%81%A8%E3%82%93%E3%81%A8%E3%81%93%E3%81%A8%E3%82%93" n3="%72%69%6F%75%63%68%61%6E" dan="16,16,16,17" rate="2126.81,2139.86,2107.24,2221.95" sx="M,M,F,M"/><TAIKYOKU oya="0"/><INIT seed="0,0,0,2,4,82" ten="250,250,250,250" oya="0" hai0="95,99,7,44,45,76,30,123,37,4,111,81,60" hai1="31,16,102,88,29,46,87,126,124,66,10,13,129" hai2="54,41,91,96,130,67,28,55,56,80,48,12,6" hai3="52,15,85,69,0,86,93,20,133,77,121,25,62"/><T23/><D123/><U71/><E102/><V18/><F130/><W106/><G0/><T132/><D132/><U74/><E74/><V128/><F128/><W78/><G106/><T98/><D37/><U49/><E129/><V113/><F113/><W127/><G133/><T92/><D60/><U64/><E71/><V11/><F28/><N who="1" m="10825" /><E126/><V65/><F41/><W104/><G104/><T32/><D32/><U112/><E112/><V21/><F55/><W58/><G127/><T101/><D111/><U89/><E89/><V103/><F80/><W27/><G121/><T33/><D33/><U68/><E68/><V36/><F91/><N who="3" m="53487" /><G69/><T39/><D39/><U26/><E26/><N who="3" m="9738" /><G86/><N who="0" m="48423" /><D30/><U61/><E61/><V17/><F36/><W116/><G116/><T125/><D23/><U51/><E124/><V57/><F57/><W119/><G119/><T100/><D125/><U19/><E19/><AGARI ba="0,0" hai="15,19,20,52,58,62,77,78" m="9738,53487" machi="19" ten="30,3900,0" yaku="8,1,52,1,54,1" doraHai="82" who="3" fromWho="1" sc="250,0,250,-39,250,0,250,39" /><INIT seed="1,0,0,2,2,23" ten="250,211,250,289" oya="1" hai0="22,49,96,73,91,74,101,54,84,7,64,111,106" hai1="40,114,20,10,95,43,83,77,46,37,80,99,115" hai2="70,0,128,6,109,2,33,108,110,116,72,68,97" hai3="88,30,34,107,105,55,76,113,53,28,48,13,78"/><U65/><E40/><V94/><F116/><W71/><G71/><T119/><D119/><U8/><E80/><V9/><F128/><W5/><G113/><T31/><D111/><U29/><E65/><V92/><F72/><W56/><G34/><T120/><D7/><U133/><E133/><V57/><F33/><W112/><G112/><T102/><D102/><U19/><E29/><N who="3" m="11370" /><G107/><T62/><D120/><U98/><E98/><V24/><F0/><W87/><G105/><T130/><D130/><U121/><E121/><V58/><F24/><W47/><G13/><T90/><D90/><U129/><E129/><V32/><F32/><W118/><G5/><T18/><D31/><U38/><E38/><V61/><F92/><N who="3" m="54303" /><G118/><T124/><D124/><U125/><E125/><V36/><F36/><W15/><G15/><T85/><D74/><U82/><E115/><V67/><REACH who="2" step="1"/><F70/><REACH who="2" ten="250,211,240,289" step="2"/><W79/><G78/><T14/><D73/><U51/><E37/><V63/><F63/><AGARI ba="0,1" hai="47,48,53,55,56,63,76,79" m="54303,11370" machi="63" ten="30,2000,0" yaku="8,1,54,1" doraHai="23" who="3" fromWho="2" sc="250,0,211,0,240,-20,289,30" /><INIT seed="2,0,0,4,0,76" ten="250,211,220,319" oya="2" hai0="88,91,48,13,129,58,82,57,7,1,46,65,83" hai1="105,84,77,62,117,5,66,93,110,2,28,127,56" hai2="75,29,78,64,31,123,96,118,53,14,87,73,23" hai3="119,124,70,90,18,32,24,67,130,22,111,19,61"/><V116/><F123/><W71/><G119/><T121/><D1/><U63/><E105/><V51/><F64/><W40/><G111/><T54/><D121/><U6/><E117/><V120/><F120/><W15/><G124/><T34/><D34/><U134/><E134/><V133/><F133/><W101/><G130/><T100/><D100/><U21/><E110/><V0/><F0/><W89/><G71/><T4/><D129/><U47/><E127/><V94/><F75/><W59/><G40/><T106/><D106/><U80/><E2/><V97/><F73/><W95/><G70/><T99/><D13/><U131/><E131/><V132/><F132/><W20/><REACH who="3" step="1"/><G32/><REACH who="3" ten="250,211,220,309" step="2"/><T11/><D65/><U85/><E63/><V49/><F116/><W107/><G107/><T79/><D54/><U112/><E112/><V30/><F118/><W43/><G43/><T16/><D48/><U41/><E41/><V122/><F122/><W44/><G44/><T36/><D46/><U35/><E35/><V55/><F51/><W68/><G68/><T109/><D57/><U9/><E47/><V12/><F55/><W86/><G86/><T72/><D58/><U103/><E84/><V38/><F53/><W128/><G128/><T8/><D109/><U17/><E17/><BYE who="1" /><V81/><F49/><W125/><G125/><T92/><D16/><U26/><E26/><V104/><F104/><W42/><G42/><T45/><D45/><U126/><E126/><V37/><F87/><W98/><AGARI ba="0,1" hai="15,18,19,20,22,24,59,61,67,89,90,95,98,101" machi="98" ten="30,4000,0" yaku="1,1,0,1,8,1,53,0" doraHai="76" doraHaiUra="108" who="3" fromWho="3" sc="250,-10,211,-10,220,-20,309,50" /><INIT seed="3,0,0,0,0,120" ten="240,201,200,359" oya="3" hai0="70,124,111,58,39,25,117,49,38,130,98,79,22" hai1="43,16,133,19,115,5,44,135,110,37,45,85,67" hai2="29,81,34,66,15,32,97,20,65,116,109,31,77" hai3="51,122,108,26,132,106,52,11,10,103,28,82,112"/><W94/><G112/><UN n1="%63%68%78%62%64" /><T114/><D98/><U48/><E115/><V86/><F116/><W61/><G122/><T87/><D87/><U47/><E110/><V6/><F109/><W7/><G108/><T4/><D58/><U99/><E67/><N who="2" m="25611" /><F32/><W129/><G106/><T9/><D22/><U123/><E123/><V69/><F34/><W30/><G129/><T131/><D49/><U23/><E99/><V13/><F69/><W62/><G132/><N who="1" m="50762" /><E5/><V57/><F97/><N who="3" m="59831" /><G82/><T2/><D4/><U74/><E74/><V102/><F102/><W104/><G104/><T113/><D113/><U36/><E85/><V100/><F100/><W128/><G128/><T71/><D131/><U35/><E35/><V53/><F6/><W105/><G105/><T96/><D130/><U14/><E19/><N who="2" m="10351" /><F15/><N who="3" m="5599" /><G11/><T3/><D9/><U40/><E45/><V91/><F77/><W88/><G88/><T18/><D79/><U63/><E63/><AGARI ba="0,0" hai="29,31,53,57,63,81,86,91" m="10351,25611" machi="63" ten="30,1000,0" yaku="8,1" doraHai="120" who="2" fromWho="1" sc="240,0,201,-10,200,10,359,0" owari="240,4.0,191,-30.9,210,-19.0,359,45.9" /></mjloggm>