<mjloggm ver="2.3"><GO type="225" lobby="0"/><UN n0="%E9%80%9F%E6%B0%B4%E5%87%9B%E9%A6%99" n1="%43%68%65" n2="%E5%B8%86%E7%AB%8B%E5%A4%8F%E8%A1%A3" n3="%E3%81%8F%E3%81%BE%E3%81%96%E3%82%8F" dan="16,16,17,16" rate="2160.90,2088.57,2150.90,2030.75" sx="F,M,M,M"/><TAIKYOKU oya="0"/><INIT seed="0,0,0,4,5,13" ten="250,250,250,250" oya="0" hai0="59,66,69,133,71,20,23,92,8,81,90,126,112" hai1="73,100,103,62,29,87,57,46,1,91,94,64,117" hai2="32,86,89,16,109,84,60,115,93,76,97,4,17" hai3="24,34,2,47,95,88,99,3,26,42,37,78,52"/><T72/><D112/><U80/><E117/><V41/><F32/><W35/><G78/><T124/><D133/><U53/><E1/><V74/><F115/><W110/><G110/><T36/><D36/><U125/><E125/><N who="0" m="48233" /><D81/><U130/><E130/><V39/><F109/><W85/><G34/><T129/><D72/><U131/><E131/><V9/><F74/><W79/><G35/><T96/><D129/><U111/><E111/><V123/><F123/><W43/><G43/><T11/><D59/><U122/><E122/><V0/><F60/><W120/><G120/><T54/><D54/><U40/><E29/><V65/><F65/><W25/><G79/><T82/><D82/><U113/><E113/><V67/><F67/><W132/><G132/><T45/><D45/><U33/><E33/><V98/><F76/><W114/><G114/><T107/><D107/><U121/><E121/><V28/><F28/><W118/><G52/><T6/><D8/><U48/><E73/><V75/><F75/><W44/><G44/><T127/><N who="0" m="48241" /><T30/><DORA hai="5" /><D30/><U134/><E134/><V101/><F39/><W106/><G118/><T27/><D27/><U83/><E83/><V31/><F31/><W21/><G21/><N who="0" m="8267" /><D66/><U105/><E105/><N who="2" m="63663" /><F41/><W68/><G106/><T119/><D119/><U58/><E80/><V61/><F61/><AGARI ba="0,0" hai="40,46,48,53,57,58,61,62,64,87,91,94,100,103" machi="61" ten="30,2000,0" yaku="7,1,8,1" doraHai="13,5" who="1" fromWho="2" sc="250,0,250,20,250,-20,250,0" /><INIT seed="1,0,0,0,2,47" ten="250,270,230,250" oya="1" hai0="130,49,96,54,99,66,90,72,122,18,74,33,89" hai1="15,105,119,38,14,11,78,29,2,25,21,125,75" hai2="73,7,46,19,31,53,52,111,22,100,91,32,116" hai3="5,86,60,40,126,85,93,26,57,27,109,133,1"/><U64/><E119/><V134/><F116/><W4/><G109/><T101/><D33/><U35/><E105/><V103/><F73/><W71/><G71/><T77/><D66/><U132/><E38/><V50/><F111/><W48/><G126/><T128/><D18/><U36/><E36/><V61/><F134/><W117/><G117/><T76/><D54/><U44/><E64/><V104/><F7/><W30/><G133/><T37/><D37/><U55/><E132/><V135/><F135/><W67/><G1/><T112/><D49/><U123/><E123/><V106/><F106/><W127/><G127/><T70/><D70/><U45/><E125/><V94/><F104/><W68/><G68/><T58/><D58/><U9/><E78/><N who="0" m="30313" /><D112/><U56/><E75/><N who="0" m="28713" /><D122/><U81/><E81/><V107/><F107/><W10/><G10/><N who="1" m="3594" /><E35/><V95/><F31/><W13/><G30/><T0/><D0/><U114/><E2/><V12/><F95/><W92/><G5/><T83/><D83/><U84/><E114/><V42/><F32/><W39/><G39/><T8/><D8/><U108/><E108/><V59/><F42/><W20/><G4/><T28/><D28/><U79/><E45/><V88/><F94/><N who="3" m="36459" /><G13/><T69/><D69/><U63/><E44/><V51/><F61/><W3/><G3/><T124/><D124/><U17/><E29/><V120/><F120/><W82/><G82/><T43/><D43/><U62/><E62/><V41/><F41/><W98/><G40/><T6/><D6/><U65/><E65/><V113/><F113/><W87/><G67/><RYUUKYOKU ba="0,0" sc="250,-15,270,15,230,15,250,-15" hai1="14,15,17,21,25,55,56,63,79,84" hai2="12,19,22,46,50,51,52,53,59,88,91,100,103" /><INIT seed="1,1,0,0,3,70" ten="235,285,245,235" oya="1" hai0="88,92,5,90,42,16,99,39,3,45,40,19,101" hai1="104,130,91,22,124,6,7,110,126,81,128,82,52" hai2="27,118,93,111,64,15,8,14,63,78,68,85,25" hai3="38,125,32,135,30,71,1,113,72,108,12,43,24"/><U132/><E104/><V57/><F111/><W117/><G12/><T74/><D74/><U21/><E91/><V26/><F118/><W100/><G24/><T77/><D77/><U96/><E96/><V121/><F121/><W95/><G30/><T23/><D19/><U56/><E110/><V4/><F68/><W106/><G43/><T86/><D42/><U34/><E56/><V36/><F36/><W67/><G67/><T58/><D58/><U49/><E49/><V20/><F15/><W31/><G31/><T133/><D133/><U120/><E34/><V44/><F44/><W102/><G95/><T29/><D29/><U123/><E52/><V55/><F64/><W87/><G87/><T53/><D53/><U129/><E129/><V66/><F66/><W11/><G11/><T0/><D5/><U76/><E76/><V47/><F47/><W69/><G100/><T89/><REACH who="0" step="1"/><D86/><REACH who="0" ten="225,285,245,235" step="2"/><U50/><E50/><V41/><F41/><W80/><G135/><AGARI ba="1,1" hai="6,7,21,22,81,82,120,123,124,126,128,130,132,135" machi="135" ten="25,2400,0" yaku="22,2" doraHai="70" who="1" fromWho="3" sc="225,0,285,37,245,0,235,-27" /><INIT seed="1,2,0,1,4,51" ten="225,322,245,208" oya="1" hai0="108,50,64,75,98,43,55,41,60,28,20,9,38" hai1="79,78,96,88,54,23,8,22,93,34,81,76,74" hai2="102,2,37,135,133,68,111,29,70,6,10,131,103" hai3="3,24,122,52,90,114,15,91,116,120,48,0,27"/><U16/><E34/><V49/><F111/><W123/><G114/><T26/><D75/><U106/><E8/><V47/><F131/><W56/><G116/><T59/><D108/><U95/><E106/><V94/><F37/><W18/><G24/><T46/><D38/><U105/><E105/><V126/><F29/><W121/><N who="3" m="30720" /><DORA hai="36" /><W5/><G27/><T113/><D113/><U30/><E30/><V19/><F19/><W127/><G127/><T57/><D57/><U42/><E23/><V80/><F80/><W63/><G63/><T4/><REACH who="0" step="1"/><D98/><REACH who="0" ten="215,322,245,208" step="2"/><U77/><E74/><V86/><F126/><W35/><G35/><T72/><D72/><U124/><E124/><V33/><F33/><W65/><G65/><T82/><D82/><U53/><E81/><V11/><F70/><W119/><G119/><T97/><D97/><U21/><E96/><V39/><F68/><W109/><G109/><T84/><D84/><U112/><E112/><V87/><F39/><W1/><REACH who="3" step="1"/><G5/><REACH who="3" ten="215,322,245,198" step="2"/><T100/><D100/><U69/><E69/><V115/><F103/><W104/><G104/><T92/><D92/><U107/><E107/><V99/><F115/><W12/><G12/><AGARI ba="2,2" hai="4,9,12,20,26,28,41,43,46,50,55,59,60,64" machi="12" ten="30,12000,2" yaku="1,1,7,1,8,1,52,3,53,0" doraHai="51,36" doraHaiUra="118,83" who="0" fromWho="3" sc="215,146,322,0,245,0,198,-126" /><INIT seed="2,0,0,5,2,77" ten="361,322,245,72" oya="2" hai0="45,6,117,46,21,104,133,135,103,88,44,101,41" hai1="68,35,24,75,26,130,15,129,60,114,83,116,96" hai2="3,97,10,16,132,23,61,1,63,18,85,20,119" hai3="74,87,50,134,126,105,79,14,109,51,78,66,43"/><V17/><F132/><N who="0" m="50762" /><D117/><U102/><E116/><V127/><F119/><W40/><G134/><T30/><D6/><U118/><E118/><V76/><F127/><W42/><G74/><T108/><D108/><U121/><E114/><V128/><F128/><N who="1" m="49257" /><E15/><V91/><F3/><W112/><G112/><T131/><D131/><U100/><E121/><V12/><F1/><W28/><G109/><T52/><D104/><N who="1" m="63495" /><E102/><N who="0" m="38921" /><D41/><U8/><E8/><V49/><F49/><W38/><G105/><T31/><D21/><N who="2" m="8266" /><F97/><W89/><G38/><T9/><D9/><U25/><E35/><V67/><F76/><W0/><G126/><T94/><D52/><U72/><E83/><N who="2" m="49599" /><F67/><AGARI ba="0,0" hai="24,25,26,60,67,68,72,75" m="63495,49257" machi="67" ten="30,1000,0" yaku="19,1" doraHai="77" who="1" fromWho="2" sc="361,0,322,10,245,-10,72,0" /><INIT seed="3,0,0,2,0,120" ten="361,332,235,72" oya="3" hai0="92,102,6,115,86,130,81,20,111,61,106,84,126" hai1="103,33,17,46,35,123,7,98,71,73,99,39,41" hai2="124,59,134,88,47,13,85,121,101,19,95,74,112" hai3="96,18,122,28,97,78,26,45,131,107,50,128,1"/><W23/><G122/><T132/><D111/><U100/><E123/><V110/><F110/><W105/><G1/><T62/><D132/><U117/><E117/><V94/><F134/><W87/><G97/><T108/><D108/><U114/><E114/><V37/><F112/><W54/><G28/><T32/><D32/><U60/><E17/><V55/><F74/><W79/><G96/><T14/><D106/><N who="1" m="63767" /><E7/><V68/><F68/><W67/><G67/><T118/><D118/><U76/><E76/><N who="3" m="29226" /><G87/><T72/><D84/><U125/><E125/><V104/><F124/><W135/><G135/><T69/><D86/><U0/><E0/><V58/><F121/><W40/><G40/><T25/><D126/><U91/><E91/><V57/><F104/><W3/><G3/><T21/><D115/><U89/><E89/><V82/><F101/><W27/><G27/><T129/><D25/><U9/><E73/><V90/><F90/><W109/><G109/><T127/><D102/><U64/><E9/><V75/><F75/><W43/><G54/><T80/><D127/><U113/><E113/><V31/><F31/><W30/><G30/><T77/><D72/><U65/><E65/><V4/><F4/><W44/><G44/><T24/><D6/><U38/><E38/><V53/><F37/><W2/><G2/><T8/><D77/><U49/><E39/><V15/><F55/><W51/><G51/><T42/><D8/><U36/><E49/><N who="2" m="28863" /><F15/><W66/><G66/><T5/><D5/><U16/><E16/><V93/><F13/><W133/><G133/><T22/><D14/><RYUUKYOKU ba="0,0" sc="361,-30,332,10,235,10,72,10" hai1="33,35,36,41,46,60,64,71,99,103" hai2="19,57,58,59,82,85,88,93,94,95" hai3="18,23,26,43,45,50,105,107,128,131" /><INIT seed="3,1,0,2,2,65" ten="331,342,245,82" oya="3" hai0="92,40,104,124,12,45,18,78,30,38,55,3,59" hai1="91,89,81,113,47,134,20,112,57,46,114,126,72" hai2="51,66,35,4,48,131,58,54,98,135,119,1,115" hai3="133,108,116,100,41,53,16,0,37,26,28,106,94"/><W56/><G116/><T87/><D104/><U5/><E126/><V67/><F119/><W32/><G133/><T101/><D3/><U69/><E69/><V102/><F115/><W7/><G108/><T42/><D30/><U9/><E134/><V77/><F135/><W36/><G106/><T107/><D107/><U84/><E72/><V52/><F131/><W70/><G70/><T43/><D124/><U128/><E128/><V121/><F35/><W129/><G129/><T21/><D78/><U29/><E57/><V90/><F121/><W62/><G41/><T132/><D132/><U61/><E61/><V117/><F77/><W83/><G83/><T120/><D120/><U122/><E122/><V71/><F71/><W99/><REACH who="3" step="1"/><G16/><REACH who="3" ten="331,342,245,72" step="2"/><T127/><D127/><U111/><E111/><V88/><F117/><W19/><G19/><T22/><D43/><U125/><E125/><V105/><F4/><W6/><G6/><T103/><D42/><U44/><E5/><V50/><F1/><W13/><G13/><T23/><D12/><U10/><E114/><V11/><F11/><AGARI ba="1,1" hai="0,7,11,26,28,32,36,37,53,56,62,94,99,100" machi="11" ten="40,3900,0" yaku="1,1,53,1" doraHai="65" doraHaiUra="34" who="3" fromWho="2" sc="331,0,342,0,245,-42,72,52" /><INIT seed="3,2,0,1,3,126" ten="331,342,203,124" oya="3" hai0="52,51,75,10,101,110,2,4,125,124,45,16,58" hai1="67,12,43,65,122,7,81,117,32,17,40,22,99" hai2="71,11,33,113,134,36,112,86,50,68,69,66,56" hai3="132,129,103,8,18,97,63,102,115,127,82,38,25"/><W21/><G115/><T70/><D75/><U135/><E122/><V13/><F33/><W35/><G38/><T76/><D70/><U106/><E32/><V28/><F28/><W95/><G127/><N who="0" m="48715" /><D76/><U79/><E7/><V3/><F3/><W37/><G37/><T74/><D74/><U47/><E135/><V57/><F36/><W104/><G132/><T15/><D101/><U31/><E31/><V96/><F134/><W119/><G119/><T26/><D110/><U0/><E0/><V131/><F131/><W80/><G35/><T24/><D58/><U85/><E117/><V87/><F96/><W108/><G108/><T109/><D109/><U41/><E47/><V123/><F66/><W77/><G129/><T90/><D90/><U9/><E22/><AGARI ba="2,0" hai="2,4,10,15,16,22,24,26,45,51,52" m="48715" machi="22" ten="30,3900,0" yaku="18,1,54,2" doraHai="126" who="0" fromWho="1" sc="331,45,342,-45,203,0,124,0" owari="376,47.6,297,9.7,203,-19.7,124,-37.6" /></mjloggm>