<mjloggm ver="2.3"><GO type="225" lobby="0"/><UN n0="%E7%89%B9%E6%9D%B1%E3%81%AF%E4%B8%96%E7%95%8C%E3%82%92%E6%95%91%E3%81%86" n1="%E3%83%A9%E3%82%B9%E7%8E%87%EF%BC%93%E5%89%B2" n2="%E3%82%BC%E3%83%AB%E3%83%80%E3%81%AE%E4%BC%9D%E8%AA%AC" n3="%30%2E%31%32%30" dan="16,16,17,16" rate="2133.38,2171.88,2165.98,2132.91" sx="M,F,M,M"/><TAIKYOKU oya="0"/><INIT seed="0,0,0,4,2,15" ten="250,250,250,250" oya="0" hai0="129,55,5,109,85,92,35,28,74,103,25,8,6" hai1="115,108,120,116,58,73,16,132,41,123,127,70,114" hai2="112,60,19,32,46,87,50,77,104,59,51,130,14" hai3="7,121,18,3,122,37,4,86,0,111,26,31,24"/><T20/><D74/><U17/><E73/><V134/><F112/><N who="1" m="43049" /><E70/><V80/><F134/><W9/><G86/><T93/><D129/><U1/><E1/><N who="3" m="586" /><G37/><T13/><D109/><U94/><E132/><V10/><F130/><W84/><G84/><T40/><D40/><U128/><E127/><V72/><F32/><N who="3" m="20583" /><G111/><T22/><D6/><N who="3" m="2089" /><G9/><T124/><D124/><U64/><E108/><V49/><F104/><W106/><G106/><T30/><D93/><U76/><E128/><V63/><F72/><W62/><G62/><T34/><D55/><U56/><E41/><V131/><F131/><W118/><G118/><T23/><D103/><U42/><E42/><N who="2" m="24791" /><F60/><W125/><G125/><T91/><D92/><U48/><E76/><V97/><F97/><W82/><G82/><T57/><D57/><N who="1" m="22123" /><E94/><V33/><F33/><W65/><G65/><AGARI ba="0,0" hai="10,14,19,50,51,59,63,65,77,80,87" m="24791" machi="65" ten="30,2000,0" yaku="8,1,52,1" doraHai="15" who="2" fromWho="3" sc="250,0,250,0,250,20,250,-20" /><INIT seed="1,0,0,0,4,29" ten="250,250,270,230" oya="1" hai0="92,109,130,42,21,123,94,46,116,103,105,61,24" hai1="86,78,70,45,1,36,84,66,125,83,75,65,128" hai2="81,20,63,111,115,104,120,23,68,114,71,44,126" hai3="69,58,38,112,131,47,3,72,118,127,74,101,54"/><U30/><E128/><V50/><F120/><W10/><G69/><T96/><D116/><U22/><E125/><V93/><F104/><W107/><G118/><T59/><D109/><U17/><E1/><V76/><F111/><W95/><G107/><T90/><D130/><U49/><E36/><V9/><F126/><W12/><G127/><T25/><D123/><U33/><E75/><V53/><F93/><W79/><G131/><T100/><D105/><U113/><E113/><N who="2" m="43019" /><F9/><W13/><G112/><T55/><D94/><U11/><E11/><V19/><F63/><W32/><G32/><T35/><D35/><U15/><E70/><N who="2" m="26667" /><F19/><W4/><G74/><AGARI ba="0,0" hai="20,23,44,50,53,74,76,81" m="26667,43019" machi="74" ten="30,1000,0" yaku="11,1" doraHai="29" who="2" fromWho="3" sc="250,0,250,0,270,10,230,-10" /><INIT seed="2,0,0,2,1,56" ten="250,250,280,220" oya="2" hai0="38,69,33,65,1,34,76,105,71,14,77,134,26" hai1="9,101,108,19,23,123,119,36,62,31,2,72,52" hai2="127,4,84,7,17,5,16,79,73,44,15,24,94" hai3="124,78,20,122,129,89,40,43,49,118,11,87,81"/><V133/><F127/><W75/><G124/><T22/><D1/><U64/><E36/><V0/><F133/><W85/><G122/><T130/><D38/><U97/><E72/><V66/><F73/><W8/><G118/><T116/><D105/><U132/><E119/><V110/><F0/><W125/><G125/><T51/><D116/><U50/><E132/><V53/><F110/><W39/><G39/><T21/><D134/><U18/><E108/><V54/><F66/><W107/><G107/><T48/><D14/><U131/><E131/><V111/><F111/><W45/><G129/><T90/><D130/><U59/><E123/><V128/><F128/><W98/><G98/><T109/><D109/><U83/><E83/><N who="2" m="47231" /><F44/><W58/><G43/><T117/><D117/><U13/><E2/><V126/><F126/><W82/><G75/><T93/><D93/><N who="1" m="58543" /><E31/><V3/><F3/><W27/><REACH who="3" step="1"/><G58/><REACH who="3" ten="250,250,280,210" step="2"/><T70/><D70/><U135/><E135/><V115/><F115/><W113/><G113/><T86/><D86/><U29/><E29/><AGARI ba="0,1" hai="8,11,20,27,29,40,45,49,78,81,82,85,87,89" machi="29" ten="30,3900,0" yaku="1,1,7,1,8,1,53,0" doraHai="56" doraHaiUra="106" who="3" fromWho="1" sc="250,0,250,-39,280,0,210,49" /><INIT seed="3,0,0,1,3,56" ten="250,211,280,259" oya="3" hai0="16,0,23,82,15,44,122,133,112,129,37,13,4" hai1="39,111,123,126,113,62,121,85,45,115,106,2,49" hai2="1,66,53,100,95,14,46,63,119,83,3,65,50" hai3="93,116,80,58,130,12,21,19,28,42,55,24,41"/><W107/><G107/><T86/><D122/><N who="1" m="46603" /><E106/><V35/><F119/><W5/><G130/><T29/><D129/><U109/><E85/><V74/><F35/><W96/><G116/><T124/><D133/><U31/><E31/><V67/><F74/><W32/><G80/><T59/><D124/><U127/><E39/><V47/><F1/><W18/><G5/><T25/><D112/><N who="1" m="43083" /><E2/><V91/><F3/><W22/><G32/><T36/><D15/><U89/><E89/><V72/><F47/><W94/><G28/><T92/><D92/><U73/><E62/><V81/><F72/><W52/><G94/><T120/><D120/><U20/><E20/><V54/><F100/><W128/><G128/><T9/><D59/><U11/><E11/><V10/><F10/><W60/><G55/><T6/><D44/><U26/><E26/><V71/><F14/><W99/><G99/><T117/><D117/><U104/><E73/><V27/><F27/><W7/><G7/><T61/><D61/><U134/><E134/><V114/><F114/><W110/><G110/><N who="1" m="41994" /><E104/><V98/><F53/><AGARI ba="0,0" hai="45,49,53,126,127" m="41994,43083,46603" machi="53" ten="40,5200,0" yaku="14,1,34,2" doraHai="56" who="1" fromWho="2" sc="250,0,211,52,280,-52,259,0" /><INIT seed="4,0,0,1,3,4" ten="250,263,228,259" oya="0" hai0="87,49,65,116,101,113,104,70,79,8,69,74,66" hai1="24,105,26,81,124,131,9,16,20,63,34,127,57" hai2="122,11,42,50,12,135,94,35,30,132,32,17,93" hai3="45,0,91,60,19,36,14,115,99,134,54,47,107"/><T21/><D116/><U7/><E105/><V72/><F72/><W112/><G0/><T129/><D74/><U88/><E131/><V90/><F122/><W102/><G134/><N who="2" m="51241" /><F30/><W22/><G91/><T100/><D129/><U68/><E68/><V41/><F94/><W37/><G47/><T85/><D113/><N who="3" m="43593" /><G45/><T28/><D100/><U44/><E44/><N who="2" m="25871" /><F42/><W46/><G46/><T48/><D101/><U86/><E34/><V95/><F95/><W78/><G78/><T33/><D79/><U77/><E77/><V52/><F52/><W43/><G43/><T55/><D55/><U39/><E39/><N who="3" m="14922" /><G54/><T40/><D40/><U106/><E106/><V13/><F13/><W80/><G80/><T130/><D104/><U117/><E117/><V38/><F38/><W51/><G51/><T73/><D48/><U125/><E26/><V120/><F120/><W29/><G29/><T18/><D28/><U1/><REACH who="1" step="1"/><E125/><REACH who="1" ten="250,253,228,259" step="2"/><V56/><F56/><W61/><AGARI ba="0,1" hai="14,19,22,60,61,99,102,107" m="14922,43593" machi="61" ten="40,1500,0" yaku="15,1" doraHai="4" who="3" fromWho="3" sc="250,-7,253,-4,228,-4,259,25" /><INIT seed="5,0,0,1,2,119" ten="243,249,224,284" oya="1" hai0="89,66,81,22,117,63,21,9,60,52,62,47,65" hai1="86,57,122,83,19,120,135,126,7,20,94,112,46" hai2="124,128,51,48,71,23,92,38,41,93,17,34,82" hai3="114,68,12,8,56,40,28,15,13,10,58,64,88"/><U105/><E105/><V49/><F34/><W80/><G40/><T107/><D107/><U79/><E112/><V113/><F71/><W59/><G114/><T26/><D117/><U44/><E7/><V50/><F113/><W33/><G33/><T118/><D118/><U1/><E1/><V53/><F124/><W116/><G116/><T18/><D9/><N who="3" m="3689" /><G68/><T85/><REACH who="0" step="1"/><D22/><REACH who="0" ten="233,249,224,284" step="2"/><U55/><E126/><V45/><F128/><W2/><G2/><T97/><D97/><U103/><E135/><V42/><F42/><W98/><G98/><T29/><D29/><U121/><E103/><V95/><F82/><W54/><G80/><T90/><D90/><U127/><E127/><V74/><F74/><W100/><G100/><T43/><D43/><U25/><REACH who="1" step="1"/><E94/><REACH who="1" ten="233,239,224,284" step="2"/><V67/><F92/><W6/><G6/><T35/><D35/><U73/><E73/><V37/><F93/><W69/><G88/><T78/><D78/><U72/><E72/><V96/><F95/><W16/><G28/><T134/><D134/><U84/><E84/><V11/><F96/><W110/><G16/><T123/><D123/><U3/><E3/><V101/><F101/><W102/><G102/><T36/><D36/><U130/><E130/><V39/><F39/><W91/><G91/><T99/><D99/><U125/><E125/><V106/><F106/><W132/><G132/><T109/><D109/><U115/><E115/><V104/><F104/><W30/><G110/><T75/><D75/><U27/><E27/><V61/><F37/><W70/><G30/><T108/><D108/><U111/><E111/><RYUUKYOKU ba="0,2" sc="233,15,239,15,224,-15,284,-15" hai0="18,21,26,47,52,60,62,63,65,66,81,85,89" hai1="19,20,25,44,46,55,57,79,83,86,120,121,122" /><INIT seed="5,1,2,5,2,78" ten="248,254,209,269" oya="1" hai0="103,44,115,12,70,128,63,32,105,37,21,54,101" hai1="66,106,59,117,42,51,6,50,57,3,83,34,16" hai2="86,135,130,30,67,113,18,104,79,43,29,122,94" hai3="69,31,48,73,65,121,20,62,60,77,109,71,119"/><U5/><E117/><V47/><F122/><W1/><G1/><T25/><D32/><U111/><E106/><V95/><F104/><W102/><G119/><T64/><D105/><U100/><E34/><V132/><F67/><W8/><G121/><T114/><D12/><U9/><E100/><V120/><F120/><W13/><G102/><T15/><D15/><N who="1" m="7279" /><E3/><V46/><F18/><W39/><G39/><T87/><D128/><U27/><E27/><V85/><F79/><W68/><G109/><T26/><D26/><U17/><E17/><V2/><F43/><W131/><G131/><T84/><D103/><U72/><E111/><V133/><F2/><W108/><G108/><T56/><D101/><U134/><E134/><V52/><F130/><W36/><G36/><T125/><D125/><U116/><E116/><V55/><REACH who="2" step="1"/><F135/><REACH who="2" ten="248,254,199,269" step="2"/><W97/><G65/><T118/><D118/><U89/><E66/><V127/><F127/><W41/><G77/><T19/><D70/><U4/><E42/><V45/><F45/><N who="3" m="25647" /><G68/><T38/><D38/><U11/><E11/><V0/><F0/><W80/><G69/><T75/><D37/><U90/><E72/><V53/><F53/><W93/><G71/><T33/><D75/><U58/><E90/><V22/><F22/><W99/><G20/><T107/><D107/><U82/><E89/><V126/><F126/><W28/><G73/><T40/><D33/><U96/><E96/><V88/><F88/><N who="3" m="55463" /><G99/><T124/><D124/><U24/><E24/><V49/><F49/><AGARI ba="1,3" hai="4,5,6,49,50,51,57,58,59,82,83" m="7279" machi="49" ten="30,11600,0" yaku="8,1,52,2,54,1" doraHai="78" who="1" fromWho="2" sc="248,0,254,149,199,-119,269,0" owari="248,-15.2,403,50.3,80,-42.0,269,6.9" /></mjloggm>