<mjloggm ver="2.3"><GO type="225" lobby="0"/><UN n0="%E3%81%8B%E3%82%8F%E3%81%A1%E3%82%83%E3%82%93%35%38" n1="%72%69%6F%75%63%68%61%6E" n2="%E3%81%BF%E3%81%BF%E3%81%9A" n3="%E3%81%B5%E3%81%98%E3%81%8B%E3%81%A4" dan="16,16,17,16" rate="2138.64,2141.84,2241.63,2179.51" sx="M,M,M,M"/><TAIKYOKU oya="0"/><INIT seed="0,0,0,3,4,9" ten="250,250,250,250" oya="0" hai0="115,39,130,29,80,73,61,82,64,44,86,23,106" hai1="90,0,52,37,78,47,81,85,14,113,45,51,18" hai2="132,92,120,17,116,2,124,87,35,99,84,26,27" hai3="67,40,131,62,70,55,129,135,30,68,83,91,109"/><T69/><D115/><U53/><E0/><V36/><F116/><W93/><G30/><T7/><D130/><N who="3" m="49673" /><G83/><T25/><D106/><U94/><E113/><V63/><F120/><W126/><G126/><T102/><D102/><U38/><E53/><V1/><F36/><W66/><G135/><T33/><D7/><U122/><E122/><V105/><F132/><W108/><G93/><T112/><D112/><U117/><E117/><V96/><F124/><W100/><G91/><T134/><D134/><U95/><E95/><V49/><F105/><W58/><G100/><T20/><D80/><U54/><E54/><V19/><F35/><W89/><G40/><T65/><D73/><U60/><E60/><V6/><F92/><W75/><G89/><T127/><D65/><N who="3" m="24585" /><G75/><T71/><D127/><U98/><REACH who="1" step="1"/><E45/><REACH who="1" ten="250,240,250,250" step="2"/><V3/><F3/><W119/><G119/><T12/><D44/><U110/><E110/><AGARI ba="0,1" hai="55,58,62,68,70,108,109,110" m="24585,49673" machi="110" ten="30,7700,0" yaku="14,1,19,1,34,2" doraHai="9" who="3" fromWho="1" sc="250,0,240,-77,250,0,250,87" /><INIT seed="1,0,0,1,1,134" ten="250,163,250,337" oya="1" hai0="0,41,61,80,104,59,30,36,12,28,46,131,56" hai1="14,109,120,95,19,62,78,2,49,35,88,13,63" hai2="37,103,127,66,82,43,99,132,52,83,102,27,6" hai3="39,64,74,117,38,124,101,18,75,8,32,50,115"/><U24/><E120/><V17/><F132/><W90/><G115/><T69/><D0/><U40/><E2/><V31/><F66/><W94/><G32/><T44/><D104/><U42/><E109/><V116/><F116/><W70/><G101/><T121/><D69/><U92/><E78/><V51/><F6/><W55/><G117/><T25/><D131/><U107/><E107/><V16/><F37/><W106/><G106/><T98/><D121/><U47/><E40/><V53/><F127/><W77/><G124/><T114/><D114/><U111/><E111/><V118/><F118/><W108/><G108/><T93/><D80/><N who="2" m="30762" /><F31/><W86/><G39/><T65/><D46/><U73/><E73/><V85/><F85/><W133/><G77/><T97/><D97/><N who="1" m="57479" /><E35/><V125/><F125/><W1/><G38/><T122/><D122/><U9/><E24/><V79/><F79/><W60/><G133/><T34/><D30/><U11/><E95/><N who="2" m="58751" /><F103/><W10/><G1/><T7/><D12/><U33/><E33/><V105/><F105/><W110/><G110/><T89/><D7/><AGARI ba="0,0" hai="7,9,11,13,14,19,42,47,49,62,63" m="57479" machi="7" ten="30,2900,0" yaku="8,1,54,1" doraHai="134" who="1" fromWho="0" sc="250,-29,163,29,250,0,337,0" /><INIT seed="1,1,0,3,5,47" ten="221,192,250,337" oya="1" hai0="55,61,89,19,67,6,43,25,29,38,79,108,87" hai1="122,65,20,0,97,123,15,116,131,111,26,102,17" hai2="27,106,49,135,95,132,62,72,9,59,93,18,41" hai3="129,69,54,105,103,74,57,34,84,78,134,112,63"/><U68/><E116/><V66/><F106/><W90/><G112/><T126/><D6/><U92/><E0/><V70/><F72/><W45/><G134/><N who="2" m="51241" /><F9/><W33/><G129/><T52/><D108/><U39/><E39/><V5/><F5/><W128/><G128/><T120/><D120/><U96/><E131/><V130/><F130/><W71/><G74/><T76/><D126/><U86/><E111/><V22/><F41/><W36/><G78/><T125/><D125/><U1/><E1/><V101/><F101/><W114/><G114/><T109/><D109/><U113/><E113/><V35/><F35/><W119/><G119/><T16/><D43/><U37/><E37/><V53/><AGARI ba="1,0" hai="18,22,27,49,53,59,62,66,70,93,95" m="51241" machi="53" ten="30,2000,0" yaku="20,1,52,1" doraHai="47" who="2" fromWho="2" sc="221,-6,192,-11,250,23,337,-6" /><INIT seed="2,0,0,3,4,74" ten="215,181,273,331" oya="2" hai0="35,72,89,56,64,128,98,124,134,104,126,11,4" hai1="10,27,28,41,123,65,88,95,63,30,100,94,38" hai2="90,70,15,13,45,22,83,20,3,26,71,55,112" hai3="76,106,79,102,42,16,8,77,105,36,17,99,121"/><V47/><F112/><W31/><G121/><T103/><D35/><U54/><E123/><V78/><F3/><W59/><G31/><T93/><D64/><U109/><E109/><V108/><F108/><W53/><G106/><T107/><D56/><U68/><E10/><V21/><F90/><W24/><G8/><T61/><D61/><U23/><E100/><V62/><F26/><W87/><G87/><T9/><D9/><U43/><E95/><V69/><F62/><W101/><G24/><T49/><D49/><U114/><E114/><V19/><F55/><W84/><G84/><T25/><D25/><U111/><E111/><V0/><F0/><W131/><G131/><T12/><D128/><U132/><E132/><V40/><F19/><W118/><G118/><T73/><D134/><U51/><E30/><V2/><F2/><W7/><G7/><T110/><D104/><U75/><E75/><N who="0" m="28745" /><D110/><U29/><E29/><V82/><F78/><W129/><G129/><T37/><D37/><U80/><E80/><N who="2" m="30763" /><F40/><W122/><G122/><T113/><D113/><U67/><E65/><V127/><F127/><N who="0" m="48682" /><D107/><U120/><E38/><V39/><F39/><W117/><G117/><T130/><D130/><U60/><E63/><V18/><F18/><N who="3" m="7275" /><G36/><T34/><D34/><U5/><E120/><V86/><F13/><W66/><G42/><T125/><N who="0" m="48690" /><T52/><DORA hai="58" /><D52/><U135/><E5/><V46/><F15/><W91/><G105/><T6/><D6/><U116/><E135/><V92/><F70/><W115/><G115/><T81/><D81/><U14/><E116/><RYUUKYOKU ba="0,0" sc="215,15,181,-15,273,15,331,-15" hai0="4,11,12,89,93,98,103" hai2="20,21,22,45,46,47,69,71,86,92" /><INIT seed="2,1,0,4,5,57" ten="230,166,288,316" oya="2" hai0="15,43,93,18,118,53,67,2,113,105,42,112,117" hai1="28,52,85,102,115,21,20,106,75,51,108,59,83" hai2="48,97,114,10,74,134,91,104,78,55,1,129,45" hai3="120,94,40,131,27,88,111,26,41,126,76,50,60"/><V123/><F114/><N who="0" m="44138" /><D105/><U90/><E108/><V81/><F123/><W4/><G120/><T0/><D93/><U127/><E127/><V84/><F134/><W95/><G111/><T109/><D109/><U69/><E69/><V128/><F10/><W31/><G126/><T101/><D101/><U5/><E115/><V44/><F1/><N who="0" m="618" /><D53/><U12/><E28/><V64/><F64/><W72/><G4/><T96/><D96/><U132/><E132/><V32/><F32/><W11/><G11/><T130/><D67/><U19/><E5/><V65/><F65/><W14/><G14/><T39/><D39/><U99/><REACH who="1" step="1"/><E75/><REACH who="1" ten="230,156,288,316" step="2"/><V100/><F128/><W107/><G131/><T82/><D130/><U71/><E71/><V54/><F129/><W7/><G7/><T122/><D122/><U9/><AGARI ba="1,1" hai="9,12,19,20,21,51,52,59,83,85,90,99,102,106" machi="9" ten="20,5200,0" yaku="1,1,0,1,7,1,54,1,53,0" doraHai="57" doraHaiUra="62" who="1" fromWho="1" sc="230,-14,156,65,288,-27,316,-14" /><INIT seed="3,0,0,2,3,91" ten="216,221,261,302" oya="3" hai0="67,103,34,54,73,49,46,101,19,66,3,124,68" hai1="97,85,40,28,128,81,96,90,71,5,32,10,65" hai2="33,78,16,118,63,114,7,126,29,50,43,25,108" hai3="62,1,24,14,13,94,112,23,2,12,45,64,69"/><W0/><G112/><T26/><D73/><U89/><E128/><V20/><F114/><W105/><G105/><T75/><D75/><U127/><E127/><V48/><F118/><W80/><G80/><T87/><D3/><U115/><E115/><V41/><F126/><W61/><G61/><T58/><D68/><U133/><E133/><V72/><F63/><W55/><G94/><T35/><D35/><U77/><E71/><V52/><F108/><W84/><G84/><T17/><D124/><U104/><E65/><N who="0" m="24585" /><D34/><U129/><E129/><V56/><F7/><W109/><G109/><T113/><D113/><U6/><E104/><V125/><F125/><W57/><G45/><T110/><D110/><U131/><E131/><V21/><F33/><W134/><G134/><T130/><D130/><U44/><E28/><V37/><F37/><W42/><G42/><N who="0" m="24791" /><D87/><U60/><E32/><V47/><F72/><W123/><G123/><T18/><D26/><U93/><E60/><AGARI ba="0,0" hai="17,18,19,54,58,60,101,103" m="24791,24585" machi="60" ten="30,1000,0" yaku="8,1" doraHai="91" who="0" fromWho="1" sc="216,10,221,-10,261,0,302,0" owari="226,-17.4,211,-28.9,261,6.1,302,40.2" /></mjloggm>