<mjloggm ver="2.3"><GO type="225" lobby="0"/><UN n0="%72%61%6B%33" n1="%61%69%73%79%6F" n2="%E7%9C%9F%E4%B8%80" n3="%45%6C%79%73%69%75%6D" dan="17,17,17,17" rate="2208.26,2135.83,2232.30,2124.14" sx="M,M,M,F"/><TAIKYOKU oya="0"/><INIT seed="0,0,0,4,2,6" ten="250,250,250,250" oya="0" hai0="2,80,26,0,67,103,35,48,29,104,59,102,115" hai1="125,100,40,94,135,71,73,30,8,19,111,117,14" hai2="75,121,129,72,82,13,132,89,1,116,64,42,79" hai3="56,17,11,32,91,5,76,3,12,15,57,95,55"/><T109/><D115/><U62/><E117/><V90/><F1/><W27/><G76/><T97/><D103/><U33/><E111/><V88/><F64/><W37/><G37/><T43/><D109/><U120/><E120/><V63/><F63/><W10/><G3/><T16/><D80/><U54/><E135/><V47/><F121/><W81/><G81/><T86/><D86/><U112/><E112/><V46/><F132/><W110/><G110/><T9/><D43/><U60/><E125/><V4/><F129/><W134/><G134/><T133/><D133/><U87/><E73/><V70/><F70/><W69/><G69/><T34/><D34/><U68/><E40/><V108/><F108/><W66/><G66/><T51/><D51/><U113/><E113/><V77/><F116/><W118/><G118/><T31/><D31/><U93/><E30/><V128/><F128/><W24/><G32/><T124/><D124/><U25/><E25/><N who="3" m="9802" /><G55/><T101/><D101/><U74/><E33/><V49/><F47/><W130/><G130/><T85/><D85/><AGARI ba="0,0" hai="5,10,11,12,15,17,56,57,85,91,95" m="9802" machi="85" ten="30,3900,0" yaku="8,1,52,2" doraHai="6" who="3" fromWho="0" sc="250,-39,250,0,250,0,250,39" /><INIT seed="1,0,0,4,3,35" ten="211,250,250,289" oya="1" hai0="78,129,113,77,104,39,120,85,31,124,110,22,21" hai1="46,2,15,67,27,63,114,87,5,83,117,41,72" hai2="122,109,8,37,82,51,130,42,9,96,115,91,61" hai3="118,105,71,58,10,125,57,94,127,53,123,56,4"/><U38/><E114/><V74/><F122/><W121/><G105/><T102/><D39/><U50/><E117/><V29/><F37/><W107/><G107/><T70/><D70/><U3/><E72/><V17/><F109/><W34/><G34/><T64/><D64/><U98/><E38/><V75/><F115/><W131/><G94/><T66/><D66/><U52/><E27/><V116/><F116/><W43/><G43/><T80/><D113/><U45/><E98/><V76/><F75/><W11/><G71/><T73/><D110/><U95/><E95/><V13/><F130/><W14/><G118/><T62/><D62/><U89/><E45/><V32/><F61/><W48/><G131/><T135/><D129/><U119/><E119/><V44/><F32/><W101/><G101/><T19/><D102/><U86/><E86/><V88/><F29/><W26/><G26/><T55/><D73/><U0/><E41/><V79/><F79/><W65/><G65/><T81/><D31/><U103/><E103/><V93/><REACH who="2" step="1"/><F8/><REACH who="2" ten="211,250,240,289" step="2"/><W33/><G33/><T126/><D77/><U133/><E133/><V30/><F30/><W36/><G36/><T132/><D78/><U111/><E111/><V97/><F97/><W68/><G68/><T47/><D132/><U18/><E63/><V92/><F92/><W108/><G108/><T20/><D104/><U49/><E67/><V69/><F69/><W25/><G10/><T23/><N who="0" m="5120" /><DORA hai="16" /><T12/><D135/><U60/><E60/><V40/><F40/><W106/><G106/><T59/><D120/><N who="3" m="46153" /><G25/><T7/><D124/><AGARI ba="0,1" hai="4,11,14,48,53,56,57,58,124,125,127" m="46153" machi="124" ten="30,2000,0" yaku="6,1,18,1" doraHai="35,16" who="3" fromWho="0" sc="211,-20,250,0,240,0,289,30" /><INIT seed="2,0,0,3,2,65" ten="191,250,240,319" oya="2" hai0="111,60,101,134,86,124,45,80,96,14,10,79,36" hai1="9,47,54,37,98,62,22,35,121,23,123,76,90" hai2="66,32,105,114,120,34,28,43,82,8,128,29,61" hai3="117,71,52,122,27,5,135,57,51,68,83,97,33"/><V59/><F120/><N who="1" m="46153" /><E35/><V6/><F114/><W116/><G5/><T39/><D111/><U48/><E76/><V125/><F105/><W100/><G122/><T2/><D124/><U12/><E37/><V85/><F125/><W72/><G135/><T18/><D134/><U7/><E62/><V102/><F102/><W113/><G113/><T91/><D2/><U87/><E98/><V31/><F43/><W106/><G83/><AGARI ba="0,0" hai="7,9,12,22,23,47,48,54,83,87,90" m="46153" machi="83" ten="30,1000,0" yaku="13,1" doraHai="65" who="1" fromWho="3" sc="191,0,250,10,240,0,319,-10" /><INIT seed="3,0,0,5,3,116" ten="191,260,240,309" oya="3" hai0="53,43,57,101,82,80,118,11,22,117,24,64,68" hai1="38,83,104,60,9,50,126,128,62,17,110,115,59" hai2="91,35,27,81,16,103,108,21,97,99,25,41,78" hai3="37,70,132,109,121,28,130,4,122,98,124,72,46"/><W51/><G37/><T34/><D34/><U127/><E38/><V19/><F108/><W93/><G72/><T125/><D125/><N who="1" m="47627" /><E104/><V30/><F41/><W88/><G109/><T13/><D101/><U112/><E110/><V90/><F19/><W100/><G70/><T105/><D105/><U18/><E128/><V96/><REACH who="2" step="1"/><F103/><REACH who="2" ten="191,260,230,309" step="2"/><W75/><G130/><T23/><D43/><U39/><E18/><V12/><F12/><W66/><G132/><T129/><D129/><U33/><E17/><V106/><F106/><W74/><G100/><T52/><D118/><U111/><E111/><V87/><AGARI ba="0,1" hai="16,21,25,27,30,35,78,81,87,90,91,96,97,99" machi="87" ten="30,4000,0" yaku="1,1,0,1,54,1,53,0" doraHai="116" doraHaiUra="131" who="2" fromWho="2" sc="191,-10,260,-10,230,50,309,-20" /><INIT seed="4,0,0,3,1,84" ten="181,250,280,289" oya="0" hai0="4,55,3,20,1,39,75,58,48,101,46,13,18" hai1="72,103,90,68,117,67,94,30,10,91,64,44,98" hai2="61,7,119,25,73,89,40,27,79,126,104,132,59" hai3="12,31,76,105,22,49,125,110,60,43,85,47,93"/><T37/><D75/><U102/><E117/><V111/><F111/><W77/><G110/><T32/><D32/><U96/><E72/><V56/><F119/><W6/><G105/><T114/><D114/><U2/><E30/><V69/><F104/><W135/><G125/><T80/><D101/><U35/><E35/><V28/><F126/><W97/><G135/><T128/><D128/><U118/><E118/><V70/><F132/><W9/><G60/><T62/><D80/><U19/><E68/><V42/><F7/><W130/><G85/><T115/><D115/><U63/><E19/><V88/><F73/><W50/><G50/><T108/><D108/><U129/><E44/><V5/><F5/><W99/><G130/><T14/><D14/><U127/><E127/><V83/><F70/><W17/><G31/><T106/><D106/><U38/><E38/><V66/><F69/><W92/><G92/><T134/><D134/><U124/><E124/><V29/><F59/><W36/><G36/><T34/><D34/><U26/><E26/><N who="2" m="9739" /><F79/><N who="3" m="30283" /><G93/><T8/><REACH who="0" step="1"/><D1/><REACH who="0" ten="171,250,280,289" step="2"/><U81/><E81/><V107/><F83/><W57/><G12/><T71/><D71/><U121/><E129/><V116/><F107/><W120/><G120/><T100/><D100/><U123/><E2/><V15/><F15/><W16/><G6/><T53/><AGARI ba="0,1" hai="3,4,8,13,18,20,37,39,46,48,53,55,58,62" machi="53" ten="20,12000,1" yaku="1,1,0,1,7,1,53,2" doraHai="84" doraHaiUra="51" who="0" fromWho="0" sc="171,130,250,-40,280,-40,289,-40" owari="301,40.1,210,-29.0,240,-16.0,249,4.9" /></mjloggm>