<mjloggm ver="2.3"><GO type="225" lobby="0"/><UN n0="%E3%81%86%E3%83%BC%E3%81%B1%E3%83%BC" n1="%E3%81%B2%E3%81%AA%E3%81%AE%E3%82%8A%E3%81%8F" n2="%72%65%6E%6B%75%6E" n3="%72%69%6F%75%63%68%61%6E" dan="16,17,17,16" rate="2154.43,2215.80,2277.29,2118.34" sx="F,M,M,M"/><TAIKYOKU oya="0"/><INIT seed="0,0,0,2,1,7" ten="250,250,250,250" oya="0" hai0="87,130,47,62,16,25,17,69,29,66,49,120,68" hai1="65,39,81,110,63,44,132,57,33,23,38,82,60" hai2="125,14,128,42,28,104,22,41,46,108,31,4,1" hai3="103,8,36,91,124,72,75,71,77,88,50,53,67"/><T54/><D120/><U73/><E33/><V102/><F108/><W20/><G124/><T78/><D69/><U2/><E110/><V98/><F125/><W64/><G36/><T48/><D130/><U18/><E2/><V134/><F128/><W100/><G77/><T80/><REACH who="0" step="1"/><D49/><REACH who="0" ten="240,250,250,250" step="2"/><U127/><E127/><V11/><F134/><W94/><G71/><T89/><D89/><U121/><E121/><V119/><F119/><W85/><G91/><T97/><D97/><U27/><E39/><V43/><REACH who="2" step="1"/><F46/><REACH who="2" ten="240,250,240,250" step="2"/><W101/><G101/><T95/><D95/><U56/><E44/><V131/><F131/><W19/><G103/><T90/><D90/><U116/><E132/><V83/><F83/><W96/><G100/><T51/><D51/><U118/><E82/><V21/><F21/><AGARI ba="0,2" hai="16,17,21,25,29,47,48,54,62,66,68,78,80,87" machi="21" ten="30,5800,0" yaku="1,1,7,1,54,1,53,0" doraHai="7" doraHaiUra="30" who="0" fromWho="2" sc="240,78,250,0,240,-58,250,0" /><INIT seed="0,1,0,3,2,20" ten="318,250,182,250" oya="0" hai0="57,65,129,36,135,73,71,106,2,88,94,7,121" hai1="35,25,49,51,1,17,86,117,76,0,11,15,46" hai2="8,19,67,23,96,118,95,9,84,90,114,109,134" hai3="100,81,60,91,116,111,28,69,5,63,26,112,101"/><T123/><D106/><U29/><E117/><V62/><F109/><W4/><G111/><T58/><D36/><U55/><REACH who="1" step="1"/><E49/><REACH who="1" ten="318,240,182,250" step="2"/><V132/><F118/><W54/><G116/><T47/><D123/><U3/><E3/><V41/><F114/><W33/><G112/><T126/><D2/><U50/><E50/><V102/><F41/><W32/><G32/><T59/><D121/><U85/><E85/><V42/><F42/><W79/><G63/><T78/><D73/><U110/><E110/><V131/><F131/><W127/><G127/><T52/><D126/><U13/><E13/><V130/><F130/><W14/><G14/><T82/><D129/><U92/><E92/><V93/><F132/><W77/><G60/><T83/><D94/><U61/><E61/><V89/><F134/><W6/><G69/><T80/><D135/><U115/><E115/><V120/><F120/><W40/><G40/><T38/><D71/><U56/><E56/><N who="2" m="37319" /><F102/><W12/><G12/><AGARI ba="1,1" hai="8,9,12,19,23,84,89,90,93,95,96" m="37319" machi="12" ten="30,1000,0" yaku="8,1" doraHai="20" who="2" fromWho="3" sc="318,0,240,0,182,23,250,-13" /><INIT seed="1,0,0,2,5,129" ten="318,240,205,237" oya="1" hai0="43,108,37,36,58,90,87,40,72,3,92,83,54" hai1="47,110,18,102,115,16,81,46,98,45,116,48,56" hai2="33,24,0,100,67,85,73,60,120,7,68,70,52" hai3="44,95,106,57,88,135,1,13,12,79,39,8,96"/><U59/><E115/><V30/><F73/><W74/><G135/><T75/><D3/><U119/><E110/><V28/><F120/><W128/><G128/><T53/><D108/><U131/><E131/><V50/><F100/><W61/><G106/><T22/><D36/><U41/><E41/><V62/><F28/><W133/><G133/><T17/><D37/><U117/><E81/><V23/><F85/><W93/><G1/><T105/><D105/><U94/><E48/><V49/><F33/><W32/><G32/><T63/><D54/><U84/><E84/><V35/><F35/><W130/><G130/><T20/><D20/><U86/><E86/><V5/><F0/><W55/><G95/><T118/><D118/><U10/><E10/><V27/><F27/><W11/><G8/><T121/><D121/><U82/><E82/><V38/><F38/><W51/><G39/><T109/><D75/><U112/><E112/><V31/><F31/><W71/><G71/><T89/><D72/><U69/><E69/><V114/><F114/><W103/><G103/><T91/><D109/><U65/><E65/><V125/><F125/><W34/><G34/><T25/><D92/><U99/><REACH who="1" step="1"/><E98/><REACH who="1" ten="318,230,205,237" step="2"/><V9/><F9/><W29/><G11/><T101/><D101/><U122/><E122/><V123/><F123/><W19/><G74/><T107/><D107/><U111/><E111/><V2/><F2/><W4/><G96/><T64/><D64/><U132/><E132/><V21/><F68/><W42/><G42/><AGARI ba="0,1" hai="17,22,25,40,42,43,53,58,63,83,87,89,90,91" machi="42" ten="40,1300,0" yaku="8,1" doraHai="129" who="0" fromWho="3" sc="318,23,230,0,205,0,237,-13" /><INIT seed="2,0,0,2,1,11" ten="341,230,205,224" oya="2" hai0="79,10,13,47,64,44,75,118,126,14,81,41,30" hai1="52,109,48,50,40,106,84,65,53,0,89,42,116" hai2="33,108,72,8,45,114,130,19,74,27,17,78,117" hai3="63,67,110,87,12,128,51,119,122,62,16,26,18"/><V99/><F114/><W86/><G119/><T43/><D30/><U113/><E113/><V49/><F117/><W112/><G122/><T134/><D118/><U91/><E116/><V103/><F108/><W121/><G121/><T6/><D134/><U9/><E106/><V58/><F130/><W85/><G110/><T28/><D28/><U76/><E65/><V77/><F58/><W92/><G128/><T34/><D126/><U3/><E76/><V80/><F33/><W120/><G120/><T31/><D64/><U22/><E22/><V20/><F77/><W135/><G112/><T104/><D104/><U21/><E21/><V57/><F57/><N who="3" m="37327" /><G135/><T37/><D31/><U4/><E109/><V90/><F90/><N who="3" m="53327" /><G63/><T32/><D13/><U24/><E24/><V83/><F83/><W39/><G39/><AGARI ba="0,0" hai="6,10,14,32,34,37,39,41,43,44,47,75,79,81" machi="39" ten="30,3900,0" yaku="7,1,9,1,52,1" doraHai="11" who="0" fromWho="3" sc="341,39,230,0,205,0,224,-39" /><INIT seed="3,0,0,0,2,123" ten="380,230,205,185" oya="3" hai0="25,22,66,53,10,31,75,122,120,131,104,91,38" hai1="54,124,63,20,13,72,109,15,96,52,103,1,127" hai2="82,90,8,130,117,59,46,45,121,44,35,62,93" hai3="51,86,36,70,56,28,2,18,114,105,0,74,17"/><W40/><G114/><T4/><D104/><U49/><E72/><V68/><F35/><W14/><G74/><T7/><D38/><U133/><E109/><V77/><F68/><W115/><G115/><T129/><D75/><U101/><E1/><V34/><F34/><W24/><G70/><T116/><D66/><U99/><E63/><V102/><F102/><W108/><G105/><T110/><D110/><U132/><E49/><V57/><F121/><W71/><G108/><T119/><D53/><U97/><E97/><N who="2" m="57527" /><F130/><N who="0" m="49674" /><D91/><U95/><E20/><V87/><F117/><N who="0" m="45130" /><D4/><U19/><E19/><N who="3" m="7178" /><G36/><T6/><D7/><U21/><E21/><V32/><F32/><W84/><G71/><T80/><D80/><U55/><E55/><N who="2" m="34111" /><F8/><W42/><G0/><AGARI ba="0,0" hai="0,6,10,22,25,31,120,122" m="45130,49674" machi="0" ten="30,3900,0" yaku="19,1,34,2" doraHai="123" who="0" fromWho="3" sc="380,39,230,0,205,0,185,-39" owari="419,51.9,230,3.0,205,-19.5,146,-35.4" /></mjloggm>