<mjloggm ver="2.3"><GO type="225" lobby="0"/><UN n0="%E3%81%A1%E3%82%85%E3%81%86%E3%81%A9%E3%81%8F%E8%B1%A1%E3%81%95%E3%82%93" n1="%E6%98%93%E5%88%A9%E8%96%A9%E4%BC%AF" n2="%E5%B8%86%E7%AB%8B%E5%A4%8F%E8%A1%A3" n3="%E2%91%A3%E9%81%BF%E9%81%8A%E6%88%AF%E3%80%90%E6%9D%B1%E5%8D%97%E3%80%91" dan="17,16,17,16" rate="2143.74,2125.49,2177.40,2106.36" sx="M,F,M,M"/><TAIKYOKU oya="0"/><INIT seed="0,0,0,2,1,124" ten="250,250,250,250" oya="0" hai0="44,52,97,92,75,126,36,61,70,49,64,15,120" hai1="72,103,30,6,10,78,113,19,22,111,80,51,34" hai2="89,42,20,90,71,118,56,108,18,31,43,0,26" hai3="29,88,5,84,9,46,116,7,96,16,17,58,77"/><T107/><D120/><U1/><E111/><V123/><F71/><W47/><G116/><T14/><D126/><U62/><E113/><V12/><F123/><W32/><G77/><T87/><D75/><U104/><E62/><V69/><F69/><W55/><G96/><T83/><D107/><U48/><E103/><V121/><F121/><W74/><G74/><T66/><D66/><U3/><E3/><V41/><F118/><W59/><G29/><T27/><D27/><N who="1" m="18783" /><E104/><V2/><F108/><W85/><G32/><T117/><D117/><U81/><E81/><V76/><F76/><W28/><G28/><T135/><D135/><U57/><E57/><V65/><F0/><W86/><G59/><T79/><REACH who="0" step="1"/><D36/><REACH who="0" ten="240,250,250,250" step="2"/><U128/><E128/><V13/><F65/><W38/><G38/><T127/><D127/><U95/><E95/><V68/><F26/><W115/><G115/><T98/><D98/><U67/><E67/><V25/><F25/><W82/><G85/><T8/><D8/><U63/><E63/><V131/><F56/><W73/><G84/><T130/><D130/><U129/><E129/><V60/><F131/><W50/><G73/><T21/><D21/><U102/><E22/><V39/><F39/><W110/><G110/><T4/><D4/><N who="3" m="1609" /><G9/><T94/><D94/><U45/><E10/><V101/><F60/><W109/><G109/><T125/><D125/><U114/><E6/><V37/><F68/><W11/><G11/><T99/><D99/><U119/><E72/><V54/><F37/><W105/><G105/><T132/><D132/><U35/><E119/><RYUUKYOKU ba="0,1" sc="240,15,250,-15,250,-15,250,15" hai0="14,15,44,49,52,61,64,70,79,83,87,92,97" hai3="16,17,46,47,50,55,58,82,86,88" /><INIT seed="0,1,1,3,5,88" ten="255,235,235,265" oya="0" hai0="90,81,13,5,52,27,124,72,65,105,107,121,63" hai1="91,132,134,120,24,49,60,59,14,127,53,125,11" hai2="8,30,33,112,116,6,20,83,130,34,74,44,22" hai3="37,104,61,70,111,108,89,7,69,73,78,64,82"/><T87/><D121/><U98/><E24/><N who="2" m="16647" /><F44/><W15/><G104/><T66/><D124/><N who="1" m="47691" /><E14/><N who="2" m="5399" /><F83/><W86/><G37/><T36/><D36/><U68/><E11/><V102/><F102/><W38/><G38/><T46/><D72/><U115/><E98/><V54/><F54/><W62/><G7/><T103/><D27/><U80/><E91/><V32/><F74/><W117/><G15/><T97/><D107/><U55/><E80/><V4/><F112/><W118/><G89/><T35/><D35/><N who="2" m="8962" /><V40/><DORA hai="31" /><F40/><W135/><G86/><T51/><REACH who="0" step="1"/><D63/><REACH who="0" ten="245,235,235,265" step="2"/><U17/><E60/><V114/><F114/><W39/><G39/><T16/><D16/><U28/><E17/><V12/><F116/><N who="3" m="44651" /><G62/><T50/><D50/><U85/><E49/><V79/><F79/><W119/><G70/><T43/><D43/><U45/><E68/><V94/><F4/><W109/><N who="3" m="44659" /><W25/><DORA hai="128" /><G25/><T131/><D131/><U92/><E115/><V41/><F41/><W57/><G57/><T56/><D56/><U26/><E26/><V75/><F75/><W42/><G42/><T122/><D122/><U106/><E120/><V126/><F126/><W123/><G123/><T23/><D23/><U76/><E59/><V101/><F130/><W1/><G1/><T18/><D18/><U3/><E3/><V110/><F22/><W93/><G93/><T10/><AGARI ba="1,2" hai="5,10,13,46,51,52,65,66,81,87,90,97,103,105" machi="10" ten="30,12000,1" yaku="1,1,0,1,54,1,53,2" doraHai="88,31,128" doraHaiUra="58,100,0" who="0" fromWho="0" sc="245,143,235,-41,235,-41,265,-41" /><INIT seed="0,2,0,5,5,21" ten="388,194,194,224" oya="0" hai0="57,12,83,91,15,77,25,6,120,109,108,118,28" hai1="113,1,78,10,13,111,87,110,119,52,18,124,9" hai2="134,14,58,115,88,70,89,101,8,31,27,69,23" hai3="51,130,5,81,55,71,47,132,46,35,135,3,41"/><T16/><D120/><U82/><E119/><V24/><F134/><W117/><G117/><T80/><D118/><U26/><E124/><V107/><F115/><W50/><G35/><T60/><D91/><U103/><E103/><V2/><F2/><W30/><G71/><T90/><D90/><U19/><E113/><V86/><F70/><W72/><G30/><T129/><D129/><U33/><E52/><V65/><F69/><W22/><G22/><N who="0" m="13511" /><D28/><U38/><E38/><V102/><F27/><W99/><G99/><T131/><D131/><U45/><E45/><V122/><F122/><W105/><G105/><T76/><D76/><U92/><E92/><N who="2" m="54295" /><F89/><W66/><G66/><N who="0" m="39183" /><D6/><U62/><E62/><N who="2" m="38103" /><F107/><W63/><G63/><T17/><D77/><U68/><E68/><V4/><AGARI ba="2,0" hai="4,8,14,23,24,31,101,102" m="38103,54295" machi="4" ten="30,4000,0" yaku="8,1,52,1,54,1" doraHai="21" who="2" fromWho="2" sc="388,-22,194,-12,194,46,224,-12" /><INIT seed="1,0,0,2,4,7" ten="366,182,240,212" oya="1" hai0="20,3,126,4,34,105,57,85,116,16,36,37,75" hai1="107,30,45,8,6,78,2,91,113,111,120,89,59" hai2="21,14,26,129,87,83,95,65,82,46,70,110,124" hai3="97,51,19,103,73,66,127,99,131,90,32,10,132"/><U23/><E113/><V130/><F110/><W121/><G32/><T71/><D116/><U100/><E120/><V133/><F124/><W22/><G73/><T106/><D71/><U94/><E111/><V28/><F133/><W48/><G66/><T15/><D75/><U29/><E78/><V39/><F70/><W5/><G121/><T17/><D126/><U96/><E45/><V1/><F1/><W55/><G132/><T54/><D34/><U118/><E118/><V11/><F65/><W119/><G119/><T38/><D85/><U84/><E23/><V79/><F95/><W135/><G135/><T64/><D64/><U52/><REACH who="1" step="1"/><E89/><REACH who="1" ten="366,172,240,212" step="2"/><V67/><F46/><W125/><G90/><T98/><D20/><U31/><E31/><V88/><F39/><W58/><G22/><T123/><D36/><U81/><E81/><V35/><F35/><W42/><G127/><T101/><D38/><U122/><E122/><V27/><F21/><W53/><G125/><T24/><D123/><U0/><E0/><V109/><F28/><W108/><G108/><T49/><D37/><U112/><E112/><V69/><F109/><W117/><G117/><T104/><D3/><U62/><AGARI ba="0,1" hai="2,6,8,29,30,52,59,62,84,91,94,96,100,107" machi="62" ten="20,12000,1" yaku="1,1,0,1,7,1,52,1,54,1,53,0" doraHai="7" doraHaiUra="128" who="1" fromWho="1" sc="366,-40,172,130,240,-40,212,-40" /><INIT seed="1,1,0,3,1,57" ten="326,302,200,172" oya="1" hai0="81,109,83,134,111,27,59,96,73,42,41,13,1" hai1="65,86,50,101,102,120,20,32,58,112,95,106,90" hai2="124,128,127,88,61,40,63,52,51,129,122,60,125" hai3="48,55,114,79,62,97,35,92,11,67,39,103,46"/><U64/><E32/><V75/><F75/><W4/><G114/><T130/><D1/><U19/><E112/><V17/><F122/><W74/><G35/><T135/><D27/><U115/><E115/><V26/><F88/><W93/><G39/><T6/><D130/><N who="2" m="50282" /><F26/><W34/><G34/><T85/><D59/><U7/><E7/><V18/><F40/><N who="0" m="15466" /><D73/><U23/><E23/><V56/><AGARI ba="1,0" hai="17,18,51,52,56,60,61,63,124,125,127" m="50282" machi="56" ten="40,12000,2" yaku="18,1,19,1,52,3,54,1" doraHai="57" who="2" fromWho="2" sc="326,-31,302,-61,200,123,172,-31" /><INIT seed="2,0,0,1,4,124" ten="295,241,323,141" oya="2" hai0="70,17,111,46,132,87,134,93,112,29,28,7,74" hai1="42,51,88,37,40,34,0,120,61,86,12,41,80" hai2="2,55,96,31,27,107,30,15,23,133,71,36,121" hai3="89,32,135,108,122,13,21,19,66,62,127,14,52"/><V98/><F121/><W75/><G122/><T39/><D112/><U47/><E0/><V130/><F2/><W10/><G127/><T56/><D74/><U43/><E120/><V1/><F1/><W90/><G32/><T49/><D70/><U50/><E34/><V67/><F36/><W82/><G135/><N who="0" m="51755" /><D111/><U25/><E25/><V91/><F133/><W109/><G75/><T44/><D7/><U100/><E100/><V99/><F107/><W9/><G66/><T24/><D56/><U128/><E128/><V118/><F130/><W85/><G90/><N who="0" m="53471" /><D39/><U102/><E102/><V119/><F31/><N who="0" m="11850" /><D49/><U63/><E51/><V81/><F71/><W72/><G72/><T125/><D125/><U83/><E37/><V20/><F67/><W117/><G117/><T131/><D131/><U3/><E3/><V94/><F119/><W45/><G62/><T5/><D5/><U115/><E115/><V68/><F68/><W8/><REACH who="3" step="1"/><G14/><REACH who="3" ten="295,241,323,131" step="2"/><T97/><D97/><U129/><E129/><V123/><F123/><W77/><G77/><T59/><D24/><U84/><E12/><V116/><F116/><W33/><G33/><T4/><D4/><U79/><AGARI ba="0,1" hai="40,41,42,43,47,50,61,63,79,80,83,84,86,88" machi="79" ten="30,4000,0" yaku="0,1,8,1,54,1" doraHai="124" who="1" fromWho="1" sc="295,-10,241,50,323,-20,131,-10" /><INIT seed="3,0,0,3,3,95" ten="285,291,303,121" oya="3" hai0="82,15,66,6,22,52,107,76,44,56,92,0,131" hai1="119,91,8,130,23,20,96,117,40,93,71,18,48" hai2="111,94,65,50,27,25,19,112,128,47,54,39,35" hai3="88,86,29,103,17,45,90,87,24,106,30,33,75"/><W89/><G75/><T37/><D107/><U41/><E71/><V43/><F111/><W115/><G115/><T80/><D0/><U57/><E130/><V68/><F128/><W13/><G30/><T134/><D134/><U116/><E8/><V81/><F112/><W26/><G24/><T121/><D121/><U77/><E77/><V28/><F81/><W84/><G45/><T100/><D131/><U49/><E23/><V113/><F113/><W123/><G123/><T70/><D70/><U5/><E5/><V32/><F94/><W9/><G106/><T73/><D82/><U3/><E3/><V53/><F39/><W101/><AGARI ba="0,0" hai="9,13,17,26,29,33,84,86,87,88,89,90,101,103" machi="101" ten="40,3900,0" yaku="0,1,54,1" doraHai="95" who="3" fromWho="3" sc="285,-13,291,-13,303,-13,121,39" /><INIT seed="3,1,0,4,4,97" ten="272,278,290,160" oya="3" hai0="47,125,77,29,54,50,69,122,68,93,41,126,65" hai1="101,80,44,60,1,18,118,34,24,37,26,92,102" hai2="76,61,105,10,43,12,133,111,91,113,58,114,99" hai3="11,79,32,45,52,72,81,35,15,100,109,135,40"/><W88/><G109/><T51/><D77/><U56/><E1/><V106/><F111/><W33/><G135/><T66/><D29/><U38/><E34/><V42/><F133/><W130/><G130/><T75/><D93/><U107/><E107/><V7/><F114/><W48/><G100/><N who="1" m="38506" /><E38/><V115/><F115/><W14/><G11/><T123/><D75/><U112/><E37/><V28/><F106/><W25/><G25/><T55/><D41/><N who="2" m="15370" /><F105/><W67/><G67/><T108/><D47/><U19/><E118/><V23/><F76/><W134/><G134/><T89/><D89/><U85/><E92/><N who="2" m="56735" /><F113/><W59/><REACH who="3" step="1"/><G88/><REACH who="3" ten="272,278,290,150" step="2"/><T6/><D108/><U64/><E112/><V90/><F90/><W5/><G5/><AGARI ba="1,1" hai="5,6,50,51,54,55,65,66,68,69,122,123,125,126" machi="5" ten="25,1600,0" yaku="22,2" doraHai="97" who="0" fromWho="3" sc="272,29,278,0,290,0,150,-19" owari="301,40.1,278,-12.2,290,9.0,131,-36.9" /></mjloggm>