<mjloggm ver="2.3"><GO type="225" lobby="0"/><UN n0="%72%69%6F%75%63%68%61%6E" n1="%43%68%65" n2="%E3%81%8A%E3%81%8B%E3%81%8F%E3%82%89" n3="%E9%80%86%E9%80%A3%E5%B8%AF%E3%81%AE%E9%AC%BC" dan="17,16,17,16" rate="2231.46,2129.33,2104.84,2146.33" sx="M,M,M,M"/><TAIKYOKU oya="0"/><INIT seed="0,0,0,2,0,65" ten="250,250,250,250" oya="0" hai0="26,106,103,105,100,101,37,20,116,57,33,11,64" hai1="67,55,29,25,83,15,88,2,7,72,133,99,92" hai2="13,61,104,58,5,62,85,38,4,81,30,12,1" hai3="41,24,48,90,8,18,9,16,47,51,75,21,78"/><T93/><D116/><U32/><E133/><V6/><F1/><W59/><G75/><T27/><D37/><U112/><E112/><V73/><F73/><W102/><G78/><T120/><D120/><U97/><E2/><V19/><F104/><W94/><G102/><T71/><D57/><U111/><E111/><V56/><F38/><W108/><G108/><T70/><D64/><U124/><E124/><V121/><F30/><W115/><G115/><T79/><D79/><U87/><E72/><V63/><F121/><W0/><G0/><T95/><D11/><U40/><E40/><V50/><F50/><W10/><G18/><T127/><D127/><U34/><E34/><V82/><F85/><W113/><G113/><T52/><D52/><U125/><E125/><V84/><F84/><W98/><REACH who="3" step="1"/><G59/><REACH who="3" ten="250,250,250,240" step="2"/><N who="2" m="22569" /><F19/><W23/><G23/><T22/><D103/><U135/><E32/><AGARI ba="0,1" hai="20,22,26,27,32,33,70,71,93,95,100,101,105,106" machi="32" ten="25,9600,0" yaku="22,2,52,2" doraHai="65" who="0" fromWho="1" sc="250,106,250,-96,250,0,240,0" /><INIT seed="0,1,0,2,4,91" ten="356,154,250,240" oya="0" hai0="68,6,62,37,87,27,56,129,55,60,76,41,11" hai1="1,108,40,49,126,64,48,36,77,89,80,34,125" hai2="69,0,132,63,114,118,52,124,88,38,135,25,57" hai3="122,32,86,35,110,121,98,9,10,119,8,45,44"/><T66/><D129/><U71/><E1/><V100/><F0/><W53/><G119/><T84/><D76/><U128/><E34/><V7/><F118/><W30/><G110/><T4/><D4/><U82/><E108/><V13/><F38/><W117/><G117/><T23/><D41/><U14/><E128/><V79/><F79/><W17/><G17/><T97/><D37/><U31/><E31/><V46/><F100/><W12/><G12/><T67/><D97/><U103/><E103/><V65/><F114/><W50/><G86/><T109/><D109/><U123/><E123/><N who="3" m="47114" /><G98/><T54/><D54/><U113/><E14/><V127/><F25/><N who="3" m="18511" /><G35/><T18/><REACH who="0" step="1"/><D66/><REACH who="0" ten="346,154,250,240" step="2"/><U21/><E64/><V112/><F112/><W2/><G2/><AGARI ba="1,1" hai="2,6,11,18,23,27,55,56,60,62,67,68,84,87" machi="2" ten="30,5800,0" yaku="1,1,2,1,7,1,53,0" doraHai="91" doraHaiUra="99" who="0" fromWho="3" sc="346,71,154,0,250,0,240,-61" /><INIT seed="0,2,0,0,2,71" ten="417,154,250,179" oya="0" hai0="56,113,39,18,54,86,62,31,46,8,105,132,98" hai1="120,72,112,29,12,66,67,23,133,70,117,123,51" hai2="58,89,134,61,30,97,0,38,110,77,47,102,1" hai3="127,128,13,52,135,26,11,53,25,37,91,122,121"/><T28/><D113/><U15/><E117/><V44/><F110/><W81/><G135/><T119/><D119/><U125/><E72/><V35/><F77/><W33/><G128/><T104/><D132/><U69/><E133/><V109/><F109/><W34/><G127/><T14/><D86/><U73/><E73/><V76/><F89/><W7/><G37/><T100/><REACH who="0" step="1"/><D104/><REACH who="0" ten="407,154,250,179" step="2"/><U48/><E112/><V6/><F134/><W27/><G122/><T94/><D94/><U79/><E123/><V42/><F97/><W55/><G121/><T22/><D22/><U116/><E23/><V24/><F35/><W21/><G34/><T65/><D65/><U63/><E67/><V95/><F95/><W96/><G33/><T20/><D20/><U106/><E66/><V84/><F84/><N who="3" m="50575" /><G96/><T17/><D17/><AGARI ba="2,1" hai="7,11,13,17,21,25,26,27,52,53,55" m="50575" machi="17" ten="30,2000,0" yaku="8,1,54,1" doraHai="71" who="3" fromWho="0" sc="407,-26,154,0,250,0,179,36" /><INIT seed="1,0,0,2,0,11" ten="381,154,250,215" oya="1" hai0="26,90,67,59,61,108,3,125,73,12,116,18,88" hai1="103,86,53,97,89,81,129,104,128,84,127,46,60" hai2="29,83,75,63,35,122,78,121,4,100,33,49,112" hai3="0,48,54,74,1,120,93,52,6,119,76,115,77"/><U2/><E2/><V91/><F112/><W43/><G120/><T85/><D116/><U55/><E127/><V114/><F114/><W58/><G119/><T111/><D3/><U50/><E86/><V118/><F118/><W117/><G117/><T22/><D73/><U34/><E34/><V21/><F100/><W10/><G115/><T13/><D125/><U130/><REACH who="1" step="1"/><E60/><REACH who="1" ten="381,144,250,215" step="2"/><V45/><F63/><W40/><G0/><T109/><D90/><U23/><E23/><V105/><F33/><W110/><G74/><T123/><D123/><U57/><E57/><V65/><F21/><W79/><G110/><T17/><D17/><U16/><E16/><V36/><F35/><W7/><G7/><T15/><D26/><U64/><E64/><V82/><F65/><W44/><REACH who="3" step="1"/><G93/><AGARI ba="0,1" hai="12,13,15,18,22,59,61,67,85,88,93,108,109,111" machi="93" ten="40,8000,1" yaku="14,1,52,3,54,1" doraHai="11" who="0" fromWho="3" sc="381,90,144,0,250,0,215,-80" /><INIT seed="2,0,0,0,4,116" ten="471,144,250,135" oya="2" hai0="51,15,102,127,90,91,2,111,69,49,84,59,77" hai1="10,87,78,32,126,3,58,97,56,76,125,38,67" hai2="44,61,60,31,135,53,11,50,86,121,92,83,120" hai3="112,81,95,107,103,14,82,73,26,65,16,42,131"/><V8/><F31/><W41/><G131/><T113/><D113/><U119/><E119/><V21/><F92/><W28/><G107/><T114/><D114/><U25/><E38/><V20/><F135/><W108/><G108/><T93/><D111/><U129/><E129/><V123/><F20/><W13/><G112/><T37/><D69/><U29/><E97/><V54/><F21/><W24/><G65/><T85/><D2/><U19/><E87/><V27/><F27/><W100/><G95/><T7/><D37/><U4/><E19/><V17/><F17/><W105/><G105/><T5/><D127/><N who="1" m="48651" /><E67/><V43/><F43/><W70/><G70/><T48/><D77/><AGARI ba="0,0" hai="3,4,10,25,29,32,56,58,76,77,78" m="48651" machi="77" ten="30,1000,0" yaku="18,1" doraHai="116" who="1" fromWho="0" sc="471,-10,144,10,250,0,135,0" /><INIT seed="3,0,0,3,5,108" ten="461,154,250,135" oya="3" hai0="20,13,45,14,117,23,73,47,68,99,40,106,135" hai1="12,79,67,22,122,105,21,58,133,53,31,88,86" hai2="15,74,83,11,46,37,49,35,32,59,103,26,78" hai3="94,25,1,27,42,2,98,92,104,119,7,36,4"/><W134/><G119/><T72/><D117/><U70/><E122/><V3/><F103/><W43/><G98/><T0/><D0/><U29/><E105/><V57/><F37/><W41/><G104/><T107/><D68/><U28/><E133/><V51/><F51/><W64/><G64/><T33/><D33/><U129/><E129/><V89/><F89/><W125/><G125/><T123/><D99/><U48/><E79/><V38/><F38/><W109/><G36/><T9/><D9/><U120/><E120/><V17/><F3/><W118/><G118/><T112/><D123/><U62/><REACH who="1" step="1"/><E12/><REACH who="1" ten="461,144,250,135" step="2"/><V24/><F15/><W87/><G134/><T124/><D47/><U121/><E121/><V81/><F78/><W34/><G109/><T127/><D23/><U8/><E8/><V39/><F11/><W84/><G42/><T80/><D80/><AGARI ba="0,1" hai="21,22,28,29,31,48,53,58,62,67,70,80,86,88" machi="80" ten="40,8000,1" yaku="1,1,54,1,53,2" doraHai="108" doraHaiUra="19" who="1" fromWho="0" sc="461,-80,144,90,250,0,135,0" owari="381,48.1,234,-16.6,250,5.0,135,-36.5" /></mjloggm>