<mjloggm ver="2.3"><GO type="225" lobby="0"/><UN n0="%E3%81%86%E3%81%A1%E3%83%BC" n1="%E9%80%9F%E6%B0%B4%E5%87%9B%E9%A6%99" n2="%E3%81%8F%E3%82%8A%E3%83%94%E3%83%BC" n3="%E3%81%A1%E3%82%85%E3%81%86%E3%81%A9%E3%81%8F%E8%B1%A1%E3%81%95%E3%82%93" dan="17,16,16,17" rate="2163.66,2164.25,2118.91,2194.20" sx="M,F,M,M"/><TAIKYOKU oya="0"/><INIT seed="0,0,0,2,3,58" ten="250,250,250,250" oya="0" hai0="49,125,55,76,87,54,101,24,73,88,102,112,67" hai1="106,109,40,74,97,60,3,7,82,9,80,48,6" hai2="69,84,1,123,118,81,83,46,59,50,131,39,64" hai3="22,103,0,99,44,85,13,134,129,38,107,61,110"/><T75/><D112/><U111/><E106/><V52/><F1/><W14/><G0/><T43/><D125/><U135/><E97/><V29/><F123/><W17/><G110/><T25/><D67/><U132/><E74/><V92/><F131/><W70/><G129/><T77/><D43/><U57/><E48/><V108/><F108/><N who="1" m="41545" /><E40/><N who="2" m="22815" /><F29/><W51/><G38/><T114/><D49/><U95/><E95/><V19/><F19/><W15/><G85/><T93/><D114/><U133/><E7/><V130/><F118/><W31/><G31/><T4/><D4/><U10/><E10/><V126/><F126/><W119/><G119/><T127/><D127/><U120/><E120/><V26/><F26/><W96/><G96/><T20/><D20/><U62/><E62/><N who="2" m="40087" /><F130/><W124/><G124/><T2/><D2/><U78/><E78/><V79/><F92/><W105/><G107/><T86/><REACH who="0" step="1"/><D93/><REACH who="0" ten="240,250,250,250" step="2"/><U16/><E16/><V100/><F83/><W94/><G105/><T66/><D66/><AGARI ba="0,1" hai="3,6,9,57,60,66,80,82,132,133,135" m="41545" machi="66" ten="40,5200,0" yaku="20,1,14,1,52,1" doraHai="58" who="1" fromWho="0" sc="240,-52,250,62,250,0,250,0" /><INIT seed="1,0,0,3,2,83" ten="188,312,250,250" oya="1" hai0="14,127,104,19,18,66,75,68,114,89,30,15,79" hai1="87,100,113,101,6,45,23,126,11,135,128,7,130" hai2="63,22,96,86,52,132,85,12,77,74,31,102,122" hai3="124,95,115,72,16,56,67,121,0,106,50,76,93"/><U117/><E117/><V62/><F122/><W3/><G121/><T47/><D104/><U36/><E113/><V110/><F74/><W43/><G115/><T44/><D114/><U21/><E45/><V24/><F110/><W84/><G106/><T125/><D68/><U28/><E36/><V65/><F132/><W13/><G124/><N who="0" m="47691" /><D66/><U131/><E126/><V73/><F73/><W109/><G109/><T9/><D75/><U55/><E55/><V32/><F77/><W33/><G33/><T37/><D79/><U119/><E119/><V59/><F12/><N who="0" m="4650" /><D37/><U103/><E135/><V35/><F35/><W82/><G67/><T134/><D134/><U99/><E99/><V1/><F1/><W70/><G70/><T88/><D30/><U80/><E28/><V4/><F4/><N who="1" m="1577" /><E11/><V26/><F26/><W46/><G56/><T54/><D9/><U60/><E60/><V116/><F116/><W41/><G41/><T49/><D47/><U8/><E8/><V108/><F108/><W51/><G51/><T90/><AGARI ba="0,0" hai="18,19,44,49,54,88,89,90" m="4650,47691" machi="90" ten="40,2700,0" yaku="18,1,54,1" doraHai="83" who="0" fromWho="0" sc="188,27,312,-13,250,-7,250,-7" /><INIT seed="2,0,0,1,1,105" ten="215,299,243,243" oya="2" hai0="87,11,129,51,44,5,82,103,42,135,13,61,116" hai1="17,112,12,24,2,18,83,104,97,132,90,25,108" hai2="21,114,88,65,111,23,64,47,26,15,72,8,86" hai3="39,60,94,85,79,66,100,16,1,22,127,101,49"/><V31/><F72/><W117/><G117/><T118/><D135/><U93/><E2/><V10/><F114/><W41/><G39/><T9/><D129/><U113/><E108/><V0/><F0/><W68/><G1/><T120/><D120/><U75/><E132/><V36/><F111/><W123/><G123/><T98/><D11/><N who="2" m="4138" /><F47/><W131/><G131/><T69/><D69/><U70/><E70/><V110/><F36/><W77/><G127/><T92/><REACH who="0" step="1"/><D61/><REACH who="0" ten="205,299,243,243" step="2"/><U27/><E113/><V32/><F110/><W119/><G68/><T121/><D121/><U63/><E112/><V53/><F32/><W55/><G60/><T43/><D43/><U84/><E63/><V38/><F38/><W99/><G41/><T48/><D48/><U29/><E29/><V19/><F53/><W73/><G55/><T89/><AGARI ba="0,1" hai="5,9,13,42,44,51,82,87,89,92,98,103,116,118" machi="89" ten="30,2000,0" yaku="1,1,0,1,53,0" doraHai="105" doraHaiUra="128" who="0" fromWho="0" sc="205,30,299,-5,243,-10,243,-5" /><INIT seed="3,0,0,3,5,20" ten="235,294,233,238" oya="3" hai0="32,113,47,39,6,70,129,114,8,93,98,77,105" hai1="126,50,82,62,37,10,95,63,124,29,43,131,27" hai2="115,75,4,100,106,38,74,55,76,122,121,110,123" hai3="41,80,66,36,19,116,118,86,112,127,79,25,48"/><W35/><G112/><N who="0" m="43115" /><D70/><U87/><E37/><V17/><F115/><W84/><G127/><N who="1" m="48682" /><E131/><V103/><F38/><W88/><G36/><T21/><D32/><N who="1" m="20543" /><E95/><V130/><F130/><W109/><G66/><T111/><D105/><U54/><E10/><V13/><F4/><W108/><G48/><T11/><D11/><U81/><E43/><V28/><F28/><N who="3" m="19855" /><G19/><T53/><D129/><U94/><E94/><V135/><F135/><W33/><G41/><T5/><D5/><U68/><E68/><V117/><F117/><W40/><G40/><T16/><D39/><U134/><E134/><V85/><F55/><W71/><G33/><T89/><D53/><U60/><E87/><V69/><F69/><W14/><G71/><T128/><D128/><U58/><AGARI ba="0,0" hai="50,54,58,60,62,63,81,82" m="20543,48682" machi="58" ten="30,2000,0" yaku="18,1,52,1" doraHai="20" who="1" fromWho="1" sc="235,-5,294,20,233,-5,238,-10" owari="230,3.0,314,41.4,228,-17.2,228,-27.2" /></mjloggm>