<mjloggm ver="2.3"><GO type="225" lobby="0"/><UN n0="%E3%83%B4%E3%83%A0%EF%BC%99%E3%81%A6" n1="%E6%A1%9C%E8%8A%B1%E9%96%83%E3%80%85" n2="%73%69%72%6F%75%74" n3="%E2%91%A3%E9%81%BF%E9%81%8A%E6%88%AF%E3%80%90%E6%9D%B1%E5%8D%97%E3%80%91" dan="17,18,16,16" rate="2186.36,2248.24,2030.95,2128.11" sx="M,M,M,M"/><TAIKYOKU oya="0"/><INIT seed="0,0,0,5,3,19" ten="250,250,250,250" oya="0" hai0="128,100,37,68,28,33,105,57,36,25,31,76,1" hai1="46,101,113,75,15,3,117,16,84,48,27,20,8" hai2="116,7,129,10,108,18,38,133,96,53,65,123,121" hai3="56,95,78,118,59,63,74,23,94,90,62,45,103"/><T107/><D128/><U92/><E117/><V80/><F38/><W66/><G118/><T82/><D57/><U131/><E131/><V55/><F116/><W122/><G122/><T64/><D28/><U81/><E113/><V77/><F129/><W87/><G74/><N who="0" m="43287" /><D1/><U109/><E109/><V130/><F96/><W97/><G78/><T44/><D44/><U91/><E3/><V119/><F65/><W73/><G73/><T51/><D51/><U85/><E75/><V26/><F119/><W110/><G110/><T89/><D89/><U88/><E101/><V9/><F130/><W125/><G125/><T127/><D127/><U0/><E0/><V135/><F108/><W71/><G45/><T115/><D115/><U52/><E27/><V14/><F53/><W49/><G49/><T104/><D100/><U106/><E106/><V86/><F55/><W47/><G47/><T4/><D4/><U70/><E70/><V114/><F114/><W126/><G126/><T79/><D79/><U58/><E46/><V12/><REACH who="2" step="1"/><F26/><REACH who="2" ten="250,250,240,250" step="2"/><W111/><G111/><T67/><D67/><U61/><E61/><AGARI ba="0,1" hai="25,31,33,36,37,61,64,68,104,105,107" m="43287" machi="61" ten="30,2900,0" yaku="33,2" doraHai="19" who="0" fromWho="1" sc="250,39,250,-29,240,0,250,0" /><INIT seed="0,1,0,3,2,95" ten="289,221,240,250" oya="0" hai0="10,124,90,27,86,113,119,56,74,6,121,93,92" hai1="13,117,43,101,19,67,28,9,81,34,108,79,48" hai2="41,96,87,0,21,51,134,61,98,12,91,122,40" hai3="97,58,111,99,2,33,83,8,36,85,133,69,45"/><T26/><D113/><U77/><E117/><V23/><F134/><W120/><G69/><T78/><D119/><U20/><E108/><V14/><F0/><W128/><G111/><T17/><D121/><U25/><E67/><V131/><F131/><W103/><G128/><T126/><D93/><U38/><E38/><V88/><F61/><W16/><G33/><T42/><D42/><U35/><E101/><V84/><REACH who="2" step="1"/><F51/><REACH who="2" ten="289,221,230,250" step="2"/><W68/><G133/><T49/><D49/><U105/><E48/><V110/><F110/><W76/><G120/><AGARI ba="1,1" hai="12,14,21,23,40,41,84,87,88,91,96,98,120,122" machi="120" ten="25,12000,2" yaku="1,1,22,2,52,2,54,1,53,0" doraHai="95" doraHaiUra="60" who="2" fromWho="3" sc="289,0,221,0,230,133,250,-123" /><INIT seed="1,0,0,1,2,123" ten="289,221,363,127" oya="1" hai0="34,4,42,60,112,59,19,100,86,45,98,71,40" hai1="12,22,25,55,30,15,67,43,90,128,63,5,121" hai2="132,49,72,92,89,54,109,133,58,37,69,96,13" hai3="8,27,35,126,7,134,33,48,99,101,127,93,120"/><U78/><E121/><V24/><F109/><W73/><G120/><T106/><D112/><U105/><E128/><V38/><F72/><W104/><G134/><N who="2" m="51817" /><F69/><W125/><G73/><T75/><D75/><U122/><E105/><V76/><F76/><W21/><G104/><T88/><D71/><U51/><E78/><V135/><F135/><W91/><G101/><T66/><D34/><U68/><E122/><V52/><F13/><W111/><G48/><T94/><D4/><U41/><E90/><V116/><F116/><W130/><G130/><T114/><D114/><U6/><E15/><V65/><F65/><W70/><G70/><T79/><D79/><U74/><E74/><V80/><F80/><W56/><G56/><T18/><REACH who="0" step="1"/><D42/><REACH who="0" ten="279,221,363,127" step="2"/><U95/><E5/><V1/><F1/><N who="3" m="111" /><G111/><T10/><D10/><U82/><E43/><V32/><F32/><W87/><G35/><T36/><AGARI ba="0,1" hai="18,19,36,40,45,59,60,66,86,88,94,98,100,106" machi="36" ten="20,5200,0" yaku="1,1,0,1,7,1,54,1,53,0" doraHai="123" doraHaiUra="20" who="0" fromWho="0" sc="279,62,221,-26,363,-13,127,-13" /><INIT seed="2,0,0,3,5,6" ten="341,195,350,114" oya="2" hai0="103,123,69,35,31,11,66,106,78,105,132,102,84" hai1="130,63,36,86,39,2,135,15,42,29,59,1,98" hai2="34,109,108,91,52,61,57,5,100,74,111,76,77" hai3="33,70,43,18,12,112,47,118,67,124,45,0,131"/><V7/><F34/><W85/><G118/><T75/><D123/><U64/><E135/><V89/><F100/><W121/><G0/><T87/><D132/><U72/><E72/><V68/><F68/><W96/><G121/><T71/><D35/><U38/><E130/><V21/><F21/><W116/><G116/><T110/><D75/><U20/><E42/><V107/><F107/><W56/><G33/><T113/><D113/><U133/><E133/><V90/><F76/><W125/><G70/><T119/><D119/><U79/><E98/><V4/><F77/><W82/><G112/><T53/><D78/><U17/><E29/><V44/><F74/><W122/><G122/><T81/><D110/><U120/><E120/><V88/><F91/><W62/><G96/><T19/><D19/><U8/><E20/><V55/><F44/><W26/><G26/><T54/><D81/><U73/><E86/><V14/><F14/><W51/><G47/><T94/><D94/><U92/><E92/><V58/><F58/><W23/><REACH who="3" step="1"/><G131/><REACH who="3" ten="341,195,350,104" step="2"/><T127/><D69/><U30/><E2/><V27/><F27/><W10/><G10/><T24/><D11/><U129/><E1/><V65/><AGARI ba="0,1" hai="4,5,7,52,55,57,61,65,88,89,90,108,109,111" machi="65" ten="40,18000,2" yaku="0,1,29,2,14,1,10,1,54,2" doraHai="6" who="2" fromWho="2" sc="341,-60,195,-60,350,190,104,-60" /><INIT seed="2,1,0,1,1,98" ten="281,135,540,44" oya="2" hai0="20,36,105,64,116,124,21,42,101,127,37,53,48" hai1="77,6,125,97,126,18,76,109,44,71,7,17,112" hai2="3,10,131,114,16,74,111,81,34,110,60,123,65" hai3="94,68,57,13,75,22,130,41,62,78,99,9,133"/><V39/><F114/><W29/><G133/><T86/><D64/><U45/><E97/><V117/><F117/><W135/><G130/><T70/><D70/><U58/><E58/><V50/><F34/><W121/><G135/><T83/><D116/><U15/><E15/><N who="2" m="7287" /><F39/><W8/><G121/><T0/><D0/><U61/><E61/><V47/><F123/><W24/><G68/><T102/><D105/><U104/><E71/><V115/><F3/><W119/><G119/><T31/><D42/><U23/><E109/><V4/><F4/><W88/><G41/><T25/><D20/><U82/><E23/><V129/><F115/><W73/><G78/><T14/><D14/><U56/><E56/><N who="2" m="36999" /><F81/><W59/><G59/><T128/><D37/><U107/><E82/><V87/><F87/><W11/><REACH who="3" step="1"/><G13/><REACH who="3" ten="281,135,540,34" step="2"/><T113/><D113/><AGARI ba="1,1" hai="6,7,17,18,44,45,76,77,104,107,112,113,125,126" machi="113" ten="25,1600,0" yaku="22,2" doraHai="98" who="1" fromWho="0" sc="281,-19,135,29,540,0,34,0" /><INIT seed="3,0,0,2,4,20" ten="262,164,540,34" oya="3" hai0="135,43,59,46,111,21,22,74,131,133,110,113,66" hai1="14,72,16,3,12,69,93,80,27,96,132,123,40" hai2="39,126,18,60,109,53,9,36,119,124,63,95,92" hai3="83,29,106,85,5,0,120,54,50,73,30,10,11"/><W31/><G120/><T118/><D131/><U52/><E3/><V134/><F109/><N who="0" m="41482" /><D118/><U88/><E123/><V38/><F119/><W34/><G73/><T104/><D104/><U84/><E132/><N who="0" m="50761" /><D113/><U79/><E69/><V35/><F39/><W82/><G106/><T70/><D70/><U61/><E40/><V13/><F36/><W23/><G34/><T91/><D91/><U90/><E72/><V41/><F41/><W75/><G75/><T116/><D116/><U122/><E122/><V105/><F38/><W45/><G11/><T125/><D125/><U121/><E121/><V78/><F35/><W100/><G100/><T108/><D108/><U76/><E27/><V58/><F126/><W37/><G37/><N who="0" m="21871" /><D74/><U129/><E12/><V68/><F124/><W86/><REACH who="3" step="1"/><G23/><REACH who="3" ten="262,164,540,24" step="2"/><T107/><D107/><U127/><E127/><V4/><F134/><W101/><G101/><T64/><D64/><U8/><E129/><V44/><F105/><W2/><G2/><T130/><D130/><U57/><AGARI ba="0,1" hai="8,14,16,52,57,61,76,79,80,84,88,90,93,96" machi="57" ten="30,8000,1" yaku="0,1,8,1,54,3" doraHai="20" who="1" fromWho="1" sc="262,-20,164,90,540,-20,24,-40" owari="242,-15.8,254,5.4,520,62.0,-16,-51.6" /></mjloggm>