<mjloggm ver="2.3"><GO type="225" lobby="0"/><UN n0="%E6%B4%BE%E9%81%A3%E3%81%AE%E3%82%B8%E3%83%A3%E3%83%83%E3%82%AF" n1="%E3%81%95%E3%81%8D%E3%81%9F%E3%81%BE%E6%9E%97%E6%AA%8E" n2="%72%69%6F%75%63%68%61%6E" n3="%E6%A1%9C%E8%8A%B1%E9%96%83%E3%80%85" dan="17,16,16,16" rate="2232.55,2027.53,2174.21,2157.42" sx="M,M,M,M"/><TAIKYOKU oya="0"/><INIT seed="0,0,0,1,2,40" ten="250,250,250,250" oya="0" hai0="17,39,61,73,44,10,99,55,118,4,67,119,21" hai1="74,68,38,18,11,62,58,70,131,43,9,77,78" hai2="122,105,115,31,133,29,124,47,48,34,111,102,28" hai3="3,89,14,60,36,53,114,66,65,32,120,91,79"/><T125/><D73/><U54/><E131/><V85/><F111/><W92/><G114/><T109/><D125/><U16/><E74/><V108/><F108/><W88/><G3/><T71/><D109/><U59/><E38/><V35/><F133/><W121/><G32/><T117/><D99/><U57/><E43/><V87/><F124/><W132/><G132/><T46/><D55/><U25/><E25/><V8/><F122/><N who="3" m="47211" /><G36/><T116/><N who="0" m="29696" /><DORA hai="56" /><T72/><D72/><U128/><E128/><V81/><F115/><W90/><G79/><N who="1" m="30218" /><E54/><V86/><F81/><W26/><G26/><T22/><D39/><U127/><E127/><V30/><N who="2" m="7168" /><DORA hai="1" /><V76/><F76/><W37/><G14/><T106/><D106/><U19/><E62/><V15/><F102/><W33/><G33/><T50/><D50/><U75/><E75/><V112/><F105/><W2/><G2/><T45/><REACH who="0" step="1"/><D17/><REACH who="0" ten="240,250,250,250" step="2"/><U83/><E83/><V100/><F112/><W12/><G37/><T64/><D64/><U96/><E96/><V52/><REACH who="2" step="1"/><F100/><REACH who="2" ten="240,250,240,250" step="2"/><W63/><G92/><T95/><D95/><U41/><E41/><V94/><F94/><W113/><G113/><T97/><D97/><U126/><E126/><V23/><F23/><W80/><G80/><T6/><D6/><AGARI ba="0,2" hai="6,8,15,34,35,47,48,52,85,86,87" m="7168" machi="6" ten="50,16000,3" yaku="1,1,52,2,54,1,53,4" doraHai="40,56,1" doraHaiUra="82,5,104" who="2" fromWho="0" sc="240,-160,250,0,240,180,250,0" /><INIT seed="1,0,0,3,4,84" ten="80,250,420,250" oya="1" hai0="44,43,12,49,14,52,19,67,59,32,28,41,125" hai1="120,16,76,98,105,23,34,39,17,5,40,78,117" hai2="110,56,45,25,42,122,8,72,36,97,69,58,31" hai3="29,20,77,48,71,112,121,27,37,108,131,89,64"/><U134/><BYE who="0" /><E117/><V93/><F122/><W86/><G121/><T74/><D74/><U126/><E120/><V66/><F110/><W60/><G112/><T0/><D0/><U22/><E34/><V96/><F72/><W38/><G108/><T73/><D73/><U2/><E2/><V133/><F133/><W81/><G131/><T107/><D107/><U111/><E134/><V130/><F130/><W63/><G48/><T114/><D114/><U135/><E135/><V92/><F8/><W87/><REACH who="3" step="1"/><G63/><REACH who="3" ten="80,250,420,240" step="2"/><T106/><D106/><U46/><E105/><V129/><F129/><W123/><G123/><T68/><D68/><U54/><E111/><V30/><F69/><W21/><G21/><T127/><D127/><U75/><E126/><V65/><F36/><W113/><G113/><T128/><D128/><U95/><E23/><V83/><F42/><W62/><G62/><T115/><D115/><U88/><E75/><V70/><F70/><W7/><G7/><T18/><D18/><U61/><E5/><V33/><F33/><W3/><G3/><T57/><D57/><N who="1" m="34999" /><E17/><V119/><F119/><W91/><G91/><T79/><D79/><U124/><E124/><V47/><REACH who="2" step="1"/><F25/><AGARI ba="0,1" hai="16,22,25,39,40,46,76,78,88,95,98" m="34999" machi="25" ten="30,11600,0" yaku="25,1,52,1,54,2" doraHai="84" who="1" fromWho="2" sc="80,0,250,126,420,-116,240,0" /><INIT seed="1,1,0,0,4,101" ten="80,376,304,240" oya="1" hai0="123,3,44,95,132,97,38,70,111,28,51,84,75" hai1="92,56,88,6,24,77,41,7,127,61,2,126,13" hai2="108,23,34,99,112,134,58,117,37,89,82,59,86" hai3="91,11,93,26,135,103,49,53,33,131,54,80,19"/><U4/><E41/><V85/><F117/><W35/><G135/><T32/><D32/><U57/><E77/><V12/><F34/><W130/><G103/><T39/><D39/><U22/><E2/><V118/><F134/><W72/><G80/><T67/><D67/><U60/><E13/><V94/><F118/><W36/><G72/><T63/><D63/><N who="1" m="24139" /><E127/><V15/><F37/><W46/><G36/><T10/><D10/><U20/><E126/><V71/><F108/><W122/><G122/><T76/><D76/><U110/><E110/><V62/><F112/><W116/><G54/><T73/><D73/><U90/><E90/><V31/><F71/><W5/><G116/><T78/><D78/><U1/><E1/><V74/><F74/><W47/><G35/><T121/><D121/><U45/><E45/><V69/><F69/><W114/><G114/><T30/><D30/><N who="1" m="17671" /><E22/><V106/><F106/><W42/><G46/><T9/><D9/><U124/><E124/><V119/><F119/><W113/><G42/><T48/><D48/><U0/><E0/><V115/><F115/><W50/><G50/><T107/><D107/><U68/><E68/><V21/><F58/><W128/><G113/><T129/><D129/><U8/><E8/><V29/><F23/><N who="3" m="13695" /><G33/><T17/><D17/><U81/><E81/><V104/><F104/><W83/><G83/><T66/><D66/><U109/><E109/><V98/><F21/><W55/><G55/><T133/><D133/><U40/><E40/><V18/><F29/><W125/><G130/><T105/><D105/><U79/><E79/><RYUUKYOKU ba="1,0" sc="80,-10,376,30,304,-10,240,-10" hai1="4,6,7,56,57,88,92" /><INIT seed="1,2,0,2,2,96" ten="70,406,294,230" oya="1" hai0="62,78,71,126,135,25,81,130,67,93,73,9,102" hai1="19,104,2,57,58,17,45,99,98,107,27,116,89" hai2="92,125,12,14,100,49,20,91,77,64,74,105,10" hai3="127,61,97,121,43,55,54,37,84,22,63,129,48"/><U26/><E116/><V53/><F125/><W38/><G121/><T88/><D88/><U69/><E89/><V23/><F64/><W75/><G75/><T70/><D70/><U110/><E110/><V115/><F115/><W106/><G127/><T113/><D113/><U109/><E109/><V87/><F74/><W47/><G84/><T94/><D94/><U21/><E69/><V82/><F105/><W128/><G22/><T44/><D44/><U80/><E80/><V68/><F68/><W28/><G28/><T112/><D112/><U83/><E83/><V15/><F100/><W6/><G6/><T18/><D18/><U120/><E120/><V39/><F39/><N who="3" m="14859" /><G97/><T50/><D50/><U51/><E51/><V103/><F103/><W60/><G106/><T95/><D95/><U108/><E108/><V101/><F101/><W131/><AGARI ba="2,0" hai="43,47,48,54,55,60,61,63,128,129,131" m="14859" machi="131" ten="40,5200,0" yaku="19,1,34,2" doraHai="96" who="3" fromWho="3" sc="70,-15,406,-28,294,-15,230,58" /><INIT seed="2,0,0,3,1,87" ten="55,378,279,288" oya="2" hai0="58,103,0,7,9,13,98,53,105,26,63,62,15" hai1="37,125,79,20,84,36,119,28,126,99,85,114,117" hai2="93,22,135,50,118,30,76,124,57,45,59,71,104" hai3="91,42,32,21,8,14,86,108,116,94,16,132,131"/><V69/><F118/><N who="1" m="45065" /><E114/><V75/><F104/><W68/><G108/><T113/><D113/><U78/><E99/><V100/><F124/><N who="1" m="47721" /><E85/><V18/><F135/><W61/><G131/><T83/><D83/><N who="1" m="47223" /><E79/><V64/><F30/><W90/><G132/><T3/><D3/><U70/><E70/><V34/><F34/><W35/><G116/><T27/><D27/><AGARI ba="0,0" hai="20,27,28,36,37" m="47223,47721,45065" machi="27" ten="30,1000,0" yaku="18,1" doraHai="87" who="1" fromWho="0" sc="55,-10,378,10,279,0,288,0" /><INIT seed="3,0,0,0,3,122" ten="45,388,279,288" oya="3" hai0="27,125,84,50,95,97,114,106,5,28,60,52,51" hai1="88,14,91,66,96,130,6,86,119,36,54,1,61" hai2="132,46,100,55,12,82,41,83,53,59,129,87,107" hai3="2,92,38,75,4,69,111,99,73,127,21,57,77"/><W90/><G69/><T9/><D9/><U124/><E1/><V80/><F129/><W123/><G123/><T18/><D18/><U19/><E130/><V109/><F132/><W121/><G121/><T48/><D48/><U94/><E124/><V70/><F70/><W31/><G127/><T110/><D110/><U23/><E119/><V44/><F109/><W62/><G38/><T74/><D74/><U42/><E36/><V35/><F35/><W58/><G111/><T26/><D26/><U115/><E115/><V89/><F107/><W29/><G58/><T135/><D135/><U105/><E105/><V15/><F100/><W32/><G32/><T113/><D113/><U30/><E42/><V64/><F64/><W43/><G43/><T98/><D98/><U103/><E54/><N who="2" m="20491" /><F59/><W39/><G39/><T65/><D65/><U16/><E30/><N who="3" m="11274" /><G21/><T67/><D67/><U116/><E116/><V17/><F12/><W0/><G4/><T33/><D33/><U3/><E3/><N who="3" m="1066" /><G77/><T72/><D72/><U40/><E40/><V24/><F24/><W34/><G34/><T128/><D128/><U108/><E108/><V134/><F134/><W126/><G126/><T56/><D56/><N who="1" m="37159" /><E6/><V8/><F41/><W93/><G93/><AGARI ba="0,0" hai="8,15,17,44,46,80,82,83,87,89,93" m="20491" machi="93" ten="30,1000,0" yaku="8,1" doraHai="122" who="2" fromWho="3" sc="45,0,388,0,279,10,288,-10" owari="45,-45.5,388,48.8,289,8.9,278,-12.2" /></mjloggm>