<mjloggm ver="2.3"><GO type="225" lobby="0"/><UN n0="%77%72%77%72%77%72%77%72" n1="%E3%81%BF%E3%81%BF%E3%81%9A" n2="%E8%B6%85%E7%B4%9A%E9%B3%B3%E5%87%B0" n3="%E7%99%BD%E6%97%A5%E9%9B%AA%E8%8F%9C" dan="16,16,17,16" rate="2186.44,2177.10,2193.34,2184.23" sx="M,M,M,M"/><TAIKYOKU oya="0"/><INIT seed="0,0,0,1,5,129" ten="250,250,250,250" oya="0" hai0="25,26,108,107,90,33,48,96,22,98,27,128,72" hai1="17,51,73,74,46,44,59,3,121,124,78,0,41" hai2="55,112,83,110,57,62,93,58,113,99,19,125,105" hai3="29,4,77,102,87,66,2,115,70,32,80,10,7"/><T63/><D128/><U104/><E121/><V86/><F110/><W24/><G115/><T126/><D126/><U111/><E111/><V65/><F105/><W101/><REACH who="3" step="1"/><G7/><REACH who="3" ten="250,250,250,240" step="2"/><T35/><D108/><U39/><E124/><V131/><F125/><W123/><G123/><T85/><D35/><U109/><E109/><V18/><F113/><W97/><G97/><T45/><D33/><U42/><E104/><V43/><F112/><W9/><G9/><T135/><D98/><U6/><E6/><V100/><F131/><W23/><G23/><T40/><D96/><U34/><E34/><V13/><F99/><W82/><G82/><T95/><D107/><U84/><E0/><V16/><F83/><W132/><G132/><T12/><D135/><U36/><E3/><V89/><F100/><W81/><G81/><T50/><D72/><U61/><E84/><V47/><F13/><W76/><G76/><T8/><D22/><U28/><E78/><V1/><F1/><W69/><G69/><T68/><D12/><U103/><E103/><V15/><F15/><W52/><G52/><T120/><D8/><U75/><E17/><V37/><REACH who="2" step="1"/><F18/><REACH who="2" ten="250,250,240,240" step="2"/><W116/><G116/><T21/><D120/><U133/><E133/><V134/><F134/><W5/><G5/><T67/><REACH who="0" step="1"/><D21/><REACH who="0" ten="240,250,240,240" step="2"/><U79/><E74/><V122/><F122/><W117/><G117/><T92/><D92/><U64/><E75/><V38/><F38/><AGARI ba="0,3" hai="25,26,27,38,40,45,48,50,63,67,68,85,90,95" machi="38" ten="40,2000,0" yaku="1,1,53,0" doraHai="129" doraHaiUra="127" who="0" fromWho="2" sc="240,50,250,0,240,-20,240,0" /><INIT seed="0,1,0,3,5,93" ten="290,250,220,240" oya="0" hai0="37,44,74,123,96,55,127,39,40,46,135,23,84" hai1="133,56,131,41,110,71,121,107,82,18,112,57,11" hai2="124,76,59,92,88,13,3,47,70,73,20,16,19" hai3="102,12,32,52,130,7,87,24,33,51,118,122,120"/><T63/><D74/><U49/><E121/><N who="3" m="46698" /><G118/><T65/><D123/><U64/><E110/><V128/><F70/><W69/><G69/><T134/><D84/><U119/><E119/><V86/><F3/><W66/><G66/><T78/><D78/><U5/><E131/><V17/><F128/><W61/><G61/><T125/><D23/><U60/><E133/><N who="0" m="50697" /><D96/><U0/><E112/><V104/><F104/><W53/><G130/><T68/><D55/><U27/><E107/><V8/><F124/><W98/><G87/><T62/><D62/><U114/><E114/><V126/><F126/><N who="0" m="48138" /><D44/><U6/><E82/><N who="2" m="47431" /><F73/><W54/><G33/><T35/><D35/><U77/><E77/><V67/><F47/><W4/><G32/><T45/><D45/><U38/><E60/><N who="2" m="38303" /><F20/><W108/><G108/><T72/><D72/><U106/><E106/><V90/><F90/><W89/><G89/><T28/><D37/><U132/><E38/><V95/><F88/><W103/><G51/><T113/><D28/><U58/><E132/><V97/><F97/><W81/><G98/><T29/><D29/><U50/><E64/><V91/><F91/><W14/><G103/><T83/><D83/><U117/><E50/><V22/><F22/><W79/><G102/><T105/><D105/><U111/><E49/><V34/><F34/><W1/><G81/><T48/><D48/><U21/><E21/><V94/><AGARI ba="1,0" hai="8,13,16,17,19,92,94,95" m="38303,47431" machi="94" ten="30,2000,0" yaku="8,1,54,1" doraHai="93" who="2" fromWho="2" sc="290,-11,250,-6,220,23,240,-6" /><INIT seed="1,0,0,3,4,125" ten="279,244,243,234" oya="1" hai0="133,112,86,14,84,23,88,110,74,37,34,105,71" hai1="65,68,62,60,106,130,41,132,32,101,45,10,4" hai2="20,85,64,78,87,26,51,39,99,57,53,5,97" hai3="67,47,2,83,92,114,134,95,46,42,55,128,124"/><U122/><E122/><V15/><F39/><W102/><G114/><T66/><D112/><U93/><E132/><V75/><F75/><W49/><G2/><T50/><D34/><U29/><E93/><V82/><F85/><W109/><G124/><T54/><D37/><N who="1" m="21679" /><E60/><N who="2" m="37903" /><F15/><W31/><G134/><T123/><D105/><U103/><E103/><V118/><F5/><W108/><G128/><T63/><D74/><U12/><E12/><V126/><F126/><W52/><G67/><T9/><D133/><U43/><E43/><V131/><F131/><W116/><G116/><T25/><D110/><N who="3" m="42601" /><G31/><T59/><D123/><U73/><E73/><V107/><F107/><W48/><G102/><T17/><REACH who="0" step="1"/><D88/><REACH who="0" ten="269,244,243,234" step="2"/><U70/><E130/><V21/><F118/><W104/><G104/><T96/><D96/><U22/><E106/><V100/><F99/><W36/><G83/><T30/><AGARI ba="0,1" hai="9,14,17,23,25,30,50,54,59,63,66,71,84,86" machi="30" ten="20,2700,0" yaku="1,1,0,1,7,1,53,0" doraHai="125" doraHaiUra="90" who="0" fromWho="0" sc="269,37,244,-13,243,-7,234,-7" /><INIT seed="2,0,0,3,5,4" ten="306,231,236,227" oya="2" hai0="117,62,32,41,34,90,128,38,27,47,56,66,129" hai1="133,104,97,15,114,111,26,102,130,40,5,3,86" hai2="115,109,21,108,92,17,124,80,91,110,83,45,126" hai3="22,51,8,106,118,67,52,35,46,113,134,19,6"/><V7/><F115/><W75/><G118/><T121/><D121/><U49/><E114/><V30/><F7/><W93/><G113/><T74/><D74/><U14/><E111/><V100/><F45/><W28/><G106/><T132/><D117/><U63/><E130/><N who="0" m="50281" /><D132/><U119/><E119/><V105/><F30/><W87/><G75/><T89/><D27/><U60/><E3/><V71/><F71/><W18/><G134/><T2/><D2/><U24/><E133/><V120/><F120/><W53/><G35/><AGARI ba="0,0" hai="32,34,35,38,41,47,56,62,66,89,90" m="50281" machi="35" ten="30,1000,0" yaku="19,1" doraHai="4" who="0" fromWho="3" sc="306,10,231,0,236,0,227,-10" /><INIT seed="3,0,0,0,0,122" ten="316,231,236,217" oya="3" hai0="35,105,31,63,99,53,13,77,91,21,12,14,43" hai1="87,106,80,109,100,36,82,104,2,61,4,67,123" hai2="57,97,38,102,101,108,118,25,116,86,130,135,5" hai3="23,17,103,125,45,76,64,93,110,24,56,95,107"/><W26/><G125/><T6/><D35/><U94/><E36/><V3/><F38/><W49/><G76/><T22/><D105/><U84/><E4/><V121/><F121/><W81/><G81/><T48/><D43/><U47/><E2/><V117/><F130/><W33/><G110/><T128/><D128/><U90/><E47/><V19/><F108/><W85/><G107/><N who="1" m="41002" /><E61/><V133/><F86/><W73/><G73/><T79/><D63/><U39/><E67/><V96/><F57/><W111/><G111/><T71/><D71/><U1/><E1/><V74/><F74/><W68/><G68/><T75/><D75/><U52/><E52/><V20/><F5/><W134/><G134/><N who="2" m="51209" /><F3/><W72/><G72/><T124/><D124/><U114/><E39/><V83/><F83/><W58/><G64/><T54/><D54/><U112/><E123/><V46/><F46/><W28/><G93/><N who="0" m="56767" /><D6/><U60/><E60/><V115/><F115/><W51/><G51/><T40/><D40/><U15/><E109/><V41/><F41/><W88/><G103/><AGARI ba="0,0" hai="19,20,25,96,97,101,102,103,116,117,118" m="51209" machi="103" ten="40,1300,0" yaku="20,1" doraHai="122" who="2" fromWho="3" sc="316,0,231,0,236,13,217,-13" owari="316,41.6,231,-16.9,249,4.9,204,-29.6" /></mjloggm>