<mjloggm ver="2.3"><GO type="225" lobby="0"/><UN n0="%E5%86%B7%E5%87%8D%E3%82%AE%E3%83%A7%E3%83%BC%E3%82%B6" n1="%E3%81%BF%E3%81%BF%E3%81%9A" n2="%6D%75%75%6D%75%72%61" n3="%E9%9B%80%E6%A5%B5%E3%81%AE%E3%81%B8" dan="16,16,17,16" rate="2131.96,2135.06,2202.97,2134.14" sx="M,M,F,M"/><TAIKYOKU oya="0"/><INIT seed="0,0,0,5,1,118" ten="250,250,250,250" oya="0" hai0="88,43,12,50,97,60,34,61,114,56,103,21,22" hai1="8,17,0,54,92,99,76,46,49,52,15,90,135" hai2="133,51,115,94,13,101,112,74,30,120,64,31,19" hai3="39,58,3,45,132,122,66,71,20,18,29,11,78"/><T7/><D114/><U107/><E135/><V91/><F133/><W105/><G105/><T4/><D34/><U127/><E127/><V126/><F126/><W57/><G29/><T42/><D88/><U59/><E0/><V35/><F74/><W128/><G128/><T110/><D110/><U26/><E107/><V82/><F82/><W87/><G71/><T32/><D32/><U73/><E73/><V2/><F2/><W108/><G66/><T37/><D37/><U27/><REACH who="1" step="1"/><E76/><REACH who="1" ten="250,240,250,250" step="2"/><V95/><F112/><W121/><G132/><T116/><D116/><U33/><E33/><V53/><F115/><W25/><G108/><T100/><D4/><U67/><E67/><V65/><F65/><W75/><G75/><T119/><D7/><U111/><E111/><V72/><F72/><W77/><G3/><T23/><D119/><U96/><E96/><V1/><F1/><W113/><G113/><T89/><D97/><U16/><E16/><V130/><F64/><W14/><G78/><T102/><D12/><U129/><E129/><V85/><F130/><W36/><G77/><T44/><D89/><U9/><E9/><N who="2" m="6575" /><F35/><W69/><G11/><T40/><REACH who="0" step="1"/><D56/><REACH who="0" ten="240,240,250,250" step="2"/><U86/><E86/><V134/><F134/><W117/><G87/><T84/><D84/><U106/><E106/><V123/><F85/><W124/><G117/><T83/><D83/><U125/><E125/><V5/><F5/><W63/><G124/><T80/><D80/><U93/><E93/><N who="2" m="35339" /><F91/><W47/><G58/><T109/><D109/><U79/><E79/><V41/><F101/><W6/><G57/><RYUUKYOKU ba="0,2" sc="240,15,240,15,250,-15,250,-15" hai0="21,22,23,40,42,43,44,50,60,61,100,102,103" hai1="8,15,17,26,27,46,49,52,54,59,90,92,99" /><INIT seed="0,1,2,5,0,7" ten="255,255,235,235" oya="0" hai0="131,62,94,38,51,81,11,135,128,16,112,69,58" hai1="133,0,23,41,48,6,25,22,40,45,29,13,126" hai2="67,134,111,63,122,95,87,110,56,82,76,91,121" hai3="64,30,98,33,26,77,101,53,44,71,50,3,21"/><T104/><D112/><U49/><E126/><V65/><F65/><W4/><G77/><T5/><D104/><U79/><E133/><V75/><REACH who="2" step="1"/><F134/><REACH who="2" ten="255,255,225,235" step="2"/><W120/><G64/><T74/><D135/><U12/><E79/><V61/><F61/><W114/><G114/><T105/><D62/><U73/><E73/><V85/><F85/><W27/><G120/><AGARI ba="1,3" hai="56,63,67,75,76,82,87,91,95,110,111,120,121,122" machi="120" ten="40,2600,0" yaku="1,1,53,1" doraHai="7" doraHaiUra="107" who="2" fromWho="3" sc="255,0,255,0,225,59,235,-29" /><INIT seed="1,0,0,5,1,57" ten="255,255,284,206" oya="1" hai0="117,74,107,63,16,68,90,8,75,120,85,105,94" hai1="55,13,134,18,77,5,115,14,49,65,109,41,46" hai2="52,71,91,19,40,45,56,106,42,23,83,133,127" hai3="4,33,130,76,125,122,60,61,92,84,118,28,124"/><U30/><E115/><V38/><F106/><W43/><G122/><T80/><D117/><U9/><E134/><V67/><F133/><W123/><G123/><T93/><D120/><U0/><E109/><V126/><F42/><W82/><G118/><T113/><D113/><U89/><E30/><V25/><F91/><W110/><G110/><T24/><D94/><U7/><E77/><V100/><F100/><W103/><G4/><T81/><D81/><U98/><E65/><V34/><F83/><W121/><G121/><T10/><D10/><U78/><E78/><V32/><F67/><W116/><G116/><T39/><D39/><U20/><E0/><V131/><F71/><W59/><G130/><T104/><D80/><U22/><E41/><V64/><F64/><W87/><G43/><T112/><D112/><U53/><E55/><V73/><F73/><W88/><G103/><T62/><D68/><U95/><REACH who="1" step="1"/><E5/><REACH who="1" ten="255,245,284,206" step="2"/><V99/><F131/><W2/><G2/><T26/><D75/><U69/><E69/><V102/><F34/><W135/><G135/><T70/><D74/><U72/><E72/><V12/><F32/><W37/><G33/><T35/><D70/><U48/><E48/><V79/><F79/><W36/><G28/><T58/><D35/><U111/><E111/><V21/><F52/><N who="3" m="33895" /><G61/><T54/><REACH who="0" step="1"/><D63/><REACH who="0" ten="245,245,284,206" step="2"/><U97/><E97/><V29/><F99/><W47/><G37/><T51/><D51/><U15/><E15/><AGARI ba="0,2" hai="8,15,16,24,26,54,58,62,85,90,93,104,105,107" machi="15" ten="40,5200,0" yaku="1,1,52,1,54,1,53,0" doraHai="57" doraHaiUra="96" who="0" fromWho="1" sc="245,72,245,-52,284,0,206,0" /><INIT seed="2,0,0,4,2,106" ten="317,193,284,206" oya="2" hai0="68,18,102,44,116,105,52,6,40,132,22,50,69" hai1="61,23,17,109,29,98,81,32,60,122,88,1,126" hai2="70,86,107,45,46,92,65,5,84,97,7,120,9" hai3="95,66,127,103,75,101,33,51,62,100,43,67,77"/><V115/><F115/><W111/><G33/><T134/><D116/><U12/><E109/><V20/><F107/><W13/><G111/><T87/><D6/><U49/><E126/><V15/><F120/><W99/><G127/><T123/><D123/><U24/><E122/><V104/><F104/><W36/><G36/><T58/><D87/><U56/><E1/><V2/><F70/><W91/><G13/><T63/><D102/><U93/><E81/><V53/><F65/><W125/><G125/><T94/><D94/><U129/><E129/><V57/><F5/><W96/><G96/><T83/><D83/><U39/><E39/><V133/><F2/><W119/><G119/><T3/><D105/><U28/><E28/><V79/><F20/><W25/><G25/><T72/><D72/><U76/><E76/><V31/><F31/><W90/><G90/><T121/><D3/><U14/><E14/><V27/><F27/><W47/><REACH who="3" step="1"/><G62/><REACH who="3" ten="317,193,284,196" step="2"/><T85/><D121/><U82/><REACH who="1" step="1"/><E82/><AGARI ba="0,1" hai="43,47,51,66,67,75,77,82,91,95,99,100,101,103" machi="82" ten="40,5200,0" yaku="1,1,2,1,52,1,53,0" doraHai="106" doraHaiUra="64" who="3" fromWho="1" sc="317,0,193,-52,284,0,196,62" /><INIT seed="3,0,0,5,1,13" ten="317,141,284,258" oya="3" hai0="64,69,0,2,36,80,109,93,119,33,108,122,66" hai1="49,10,23,125,53,111,131,46,113,15,78,54,74" hai2="98,117,5,121,8,126,97,28,81,52,39,57,77" hai3="55,63,103,65,71,21,70,45,90,118,92,24,83"/><W41/><G118/><T40/><D122/><U12/><E113/><V18/><F117/><W43/><G71/><T7/><D119/><U61/><E111/><N who="0" m="42569" /><D33/><U9/><E125/><V72/><F126/><W32/><G32/><T31/><D31/><U127/><E127/><V132/><F39/><W73/><G103/><T35/><D35/><U14/><E131/><V110/><F28/><W101/><G101/><T96/><D80/><U79/><E74/><V105/><F110/><W130/><G130/><T27/><D27/><U124/><E124/><V120/><F132/><W99/><G55/><T135/><D7/><U133/><E133/><V56/><F56/><W88/><G45/><N who="0" m="23687" /><D135/><U85/><E23/><V116/><F105/><W82/><G82/><T84/><D84/><U16/><E85/><V51/><F116/><W26/><G26/><T4/><D4/><U114/><E114/><V86/><F72/><W20/><G20/><T59/><D59/><N who="1" m="35055" /><E14/><N who="2" m="7495" /><F5/><W47/><G47/><T42/><D42/><U129/><E129/><V60/><F51/><W50/><G50/><T94/><D69/><U3/><E3/><N who="0" m="1065" /><D93/><U87/><E87/><V89/><F77/><W76/><REACH who="3" step="1"/><G90/><AGARI ba="0,0" hai="64,66,90,94,96" m="1065,23687,42569" machi="90" ten="30,1000,0" yaku="14,1" doraHai="13" who="0" fromWho="3" sc="317,10,141,0,284,0,258,-10" owari="327,42.7,141,-35.9,284,8.4,248,-15.2" /></mjloggm>