<mjloggm ver="2.3"><GO type="225" lobby="0"/><UN n0="%E6%B4%BE%E9%81%A3%E3%81%AE%E3%82%B8%E3%83%A3%E3%83%83%E3%82%AF" n1="%6D%75%75%6D%75%72%61" n2="%E5%A4%96%E5%B7%9D%E7%AB%9C%E6%88%90" n3="%E3%82%BC%E3%83%AB%E3%83%80%E3%81%AE%E4%BC%9D%E8%AA%AC" dan="17,17,16,17" rate="2183.36,2252.77,2156.92,2235.45" sx="M,F,M,M"/><TAIKYOKU oya="0"/><INIT seed="0,0,0,1,2,77" ten="250,250,250,250" oya="0" hai0="15,68,96,111,112,16,79,76,35,120,107,53,90" hai1="2,93,10,37,5,18,78,28,49,24,62,30,40" hai2="9,1,105,23,63,124,129,65,110,50,52,70,44" hai3="21,126,66,94,0,132,117,121,89,123,34,29,88"/><T83/><D112/><U13/><E37/><V48/><F105/><W7/><G117/><T72/><D68/><U38/><E38/><V4/><F110/><W11/><G126/><T130/><D120/><N who="3" m="46153" /><G132/><T74/><D35/><U25/><E78/><V99/><F124/><W128/><G128/><T135/><D130/><U8/><E62/><V131/><F23/><W58/><G34/><T39/><D39/><U113/><E113/><V108/><F108/><W27/><G94/><T19/><D111/><U103/><E40/><V82/><F99/><W56/><G56/><T98/><D135/><U3/><E49/><V41/><REACH who="2" step="1"/><F82/><REACH who="2" ten="250,250,240,250" step="2"/><W45/><G21/><T43/><D107/><U104/><E104/><V51/><F51/><W47/><G11/><N who="1" m="4138" /><E93/><V69/><F69/><W26/><G29/><N who="1" m="11370" /><E103/><V32/><F32/><W42/><G0/><N who="1" m="42" /><E5/><V20/><F20/><AGARI ba="0,1" hai="13,18,20,24,25" m="42,11370,4138" machi="20" ten="30,8000,1" yaku="35,5" doraHai="77" who="1" fromWho="2" sc="250,0,250,90,240,-80,250,0" /><INIT seed="1,0,0,0,2,33" ten="250,340,160,250" oya="1" hai0="49,7,75,102,64,95,86,44,42,73,28,128,93" hai1="79,68,41,117,36,119,63,125,0,45,82,122,40" hai2="12,76,134,77,108,98,88,121,110,61,106,15,34" hai3="3,135,120,52,14,67,130,17,99,55,114,54,104"/><U85/><E122/><V62/><F121/><W96/><G114/><T74/><D128/><U25/><E125/><V113/><F34/><W84/><G120/><T124/><D124/><U16/><E0/><V11/><F113/><W20/><G130/><T13/><D28/><U18/><E40/><V30/><F30/><W109/><G109/><N who="2" m="42089" /><F134/><W2/><G135/><T133/><D133/><U116/><REACH who="1" step="1"/><E25/><REACH who="1" ten="250,330,160,250" step="2"/><V90/><F15/><W29/><G2/><T100/><D13/><U51/><E51/><V129/><F129/><W59/><G3/><T9/><D49/><U35/><E35/><V5/><F62/><W4/><G14/><T123/><D42/><U38/><E38/><V71/><F61/><W87/><G4/><T57/><D7/><U111/><E111/><V112/><F112/><W97/><G104/><T23/><D123/><U126/><E126/><V78/><F71/><W50/><G50/><T91/><D9/><U39/><E39/><V80/><F80/><W92/><G92/><T1/><D93/><U58/><E58/><V94/><F106/><W56/><G56/><T118/><D1/><U24/><E24/><V65/><F65/><AGARI ba="0,1" hai="16,18,36,41,45,63,65,68,79,82,85,116,117,119" machi="65" ten="40,3900,0" yaku="1,1,54,1,53,0" doraHai="33" doraHaiUra="21" who="1" fromWho="2" sc="250,0,330,49,160,-39,250,0" /><INIT seed="1,1,0,0,0,82" ten="250,379,121,250" oya="1" hai0="103,118,45,40,59,36,9,11,129,74,134,84,60" hai1="102,64,126,78,132,46,77,131,12,79,61,67,71" hai2="90,133,54,47,120,56,99,109,94,117,19,97,62" hai3="68,123,18,13,30,31,127,2,89,98,80,73,10"/><U50/><E131/><V106/><F109/><W33/><G123/><T75/><D118/><U95/><E132/><V4/><F133/><W21/><G68/><T41/><D134/><U24/><E126/><V43/><F117/><W119/><G119/><T35/><D35/><U115/><E115/><V104/><F120/><W29/><G127/><T16/><D103/><U110/><E110/><V15/><F4/><N who="3" m="1303" /><G98/><T51/><D129/><U23/><E67/><V53/><F106/><W1/><G89/><T20/><D74/><U5/><E5/><V48/><F104/><W128/><G128/><T63/><D75/><U93/><E12/><V49/><F99/><W113/><G113/><T114/><D114/><U101/><E101/><V52/><REACH who="2" step="1"/><F62/><REACH who="2" ten="250,379,111,250" step="2"/><W25/><G1/><T105/><D60/><U92/><E102/><V32/><F32/><W70/><G33/><T55/><D105/><U130/><E130/><V100/><F100/><W72/><G31/><T86/><D63/><U6/><E6/><V7/><F7/><W65/><G30/><T34/><D34/><U42/><E61/><V107/><F107/><W28/><G28/><T121/><D121/><U22/><E71/><V17/><F17/><W81/><G70/><T76/><D16/><U44/><E64/><V116/><F116/><W39/><G29/><T38/><D38/><U124/><E124/><V8/><AGARI ba="1,1" hai="8,15,19,43,47,48,49,52,53,54,56,90,94,97" machi="8" ten="20,8000,1" yaku="1,1,0,1,7,1,8,1,54,1,53,0" doraHai="82" doraHaiUra="108" who="2" fromWho="2" sc="250,-21,379,-41,111,93,250,-21" /><INIT seed="2,0,0,0,0,36" ten="229,338,204,229" oya="2" hai0="33,46,75,11,84,65,135,45,68,23,85,91,55" hai1="100,128,88,73,92,131,129,110,19,70,86,39,112" hai2="124,42,47,95,43,52,132,35,3,34,93,4,7" hai3="83,54,24,29,74,67,107,109,32,115,48,119,1"/><V87/><F124/><W56/><G119/><T30/><D75/><U117/><E112/><V99/><F132/><W13/><G109/><T20/><D135/><U123/><E117/><V113/><F113/><W104/><G1/><T58/><D33/><U122/><E110/><V51/><F34/><W77/><G115/><T6/><D65/><U10/><E70/><V61/><F35/><W76/><G76/><T121/><D68/><U31/><E31/><V126/><F126/><W80/><G80/><T130/><D130/><U16/><E73/><V14/><F3/><W120/><G120/><N who="1" m="46122" /><E39/><V111/><F111/><W26/><G26/><T116/><D116/><U17/><E100/><N who="2" m="60527" /><F61/><W59/><G13/><AGARI ba="0,0" hai="10,13,16,17,19,86,88,92,128,129,131" m="46122" machi="13" ten="40,8000,1" yaku="19,1,13,1,54,2" doraHai="36" who="1" fromWho="3" sc="229,0,338,80,204,0,229,-80" /><INIT seed="3,0,0,5,2,42" ten="229,418,204,149" oya="3" hai0="27,68,52,28,89,111,120,12,50,112,124,70,83" hai1="81,84,93,7,126,4,62,14,3,17,103,45,116" hai2="10,33,73,46,135,132,30,110,131,94,113,36,127" hai3="75,79,32,125,9,105,48,25,69,100,106,92,15"/><W91/><G125/><T115/><D111/><U31/><E3/><V72/><F110/><W128/><G128/><T53/><D120/><U121/><E121/><V66/><F127/><W59/><G69/><T99/><D124/><U64/><E126/><V29/><F131/><W65/><G75/><T88/><D12/><U90/><E31/><V34/><F113/><N who="0" m="43594" /><D53/><U114/><E114/><V37/><F94/><W104/><G79/><T82/><D82/><U117/><E45/><V119/><F10/><W87/><G100/><T47/><D83/><U74/><E74/><V95/><F95/><W5/><G48/><T102/><D68/><N who="1" m="42007" /><E93/><V26/><F66/><W19/><G32/><N who="0" m="20511" /><D70/><U63/><E63/><V16/><F119/><N who="1" m="45641" /><E103/><V0/><F0/><W101/><G101/><T97/><D102/><U18/><E18/><V35/><F35/><W98/><G87/><T86/><D86/><U58/><E58/><V2/><F73/><W67/><REACH who="3" step="1"/><G59/><REACH who="3" ten="229,418,204,139" step="2"/><T54/><D54/><U40/><E40/><V20/><F33/><W77/><G77/><T23/><D23/><AGARI ba="0,1" hai="4,7,14,17,23,81,84,90" m="45641,42007" machi="23" ten="30,1000,0" yaku="12,1" doraHai="42" who="1" fromWho="0" sc="229,-10,418,20,204,0,139,0" /><AGARI ba="0,0" hai="5,9,15,19,23,25,65,67,91,92,98,104,105,106" machi="23" ten="40,2000,0" yaku="1,1,53,0" doraHai="42" doraHaiUra="43" who="3" fromWho="0" sc="219,-20,438,0,204,0,139,20" /><INIT seed="3,1,0,2,1,1" ten="199,438,204,159" oya="3" hai0="85,103,71,3,54,98,32,64,66,5,45,122,67" hai1="31,62,123,7,91,16,2,18,132,33,115,15,81" hai2="73,88,75,95,46,127,40,133,52,126,69,8,9" hai3="90,58,38,19,21,125,35,100,93,76,135,94,82"/><W37/><G35/><T92/><D122/><U104/><E123/><V44/><F69/><W34/><G34/><T70/><D32/><U79/><E104/><V128/><F52/><W60/><G125/><N who="2" m="47625" /><F128/><W118/><G135/><T56/><D45/><N who="2" m="17514" /><F133/><W59/><G118/><T131/><D131/><U84/><E115/><V12/><F40/><W129/><G129/><T61/><D85/><U28/><E33/><V106/><F106/><W30/><G30/><N who="1" m="11306" /><E2/><V130/><F130/><W25/><G100/><T53/><D53/><U124/><E132/><V49/><F49/><W48/><G48/><T10/><AGARI ba="1,0" hai="3,5,10,54,56,61,64,66,67,70,71,92,98,103" machi="10" ten="30,2000,0" yaku="0,1,52,1" doraHai="1" who="0" fromWho="0" sc="199,23,438,-6,204,-6,159,-11" owari="222,2.2,432,53.2,198,-20.2,148,-35.2" /></mjloggm>