<mjloggm ver="2.3"><GO type="225" lobby="0"/><UN n0="%33%74%72%65%65" n1="%E5%80%89%E6%A9%8B%EF%BC%A0%E4%BA%8B%E5%8B%99" n2="%4E%49%4A%49%49%52%4F" n3="%E3%82%B7%E3%83%B3%E5%A4%AA%E6%9C%97" dan="17,16,16,16" rate="2195.53,2109.00,2176.80,2133.79" sx="F,M,M,M"/><TAIKYOKU oya="0"/><INIT seed="0,0,0,4,1,92" ten="250,250,250,250" oya="0" hai0="66,10,108,98,128,99,84,27,119,96,125,62,135" hai1="5,113,58,39,79,112,89,133,4,52,41,11,78" hai2="31,20,73,56,93,35,24,124,130,60,36,49,21" hai3="12,13,134,95,6,14,54,28,65,63,90,85,23"/><T70/><D119/><U105/><E105/><V72/><F36/><W115/><G134/><T69/><D135/><U67/><E133/><V123/><F123/><W32/><G32/><T38/><D128/><U131/><E67/><V7/><F130/><W109/><G109/><T97/><D108/><U116/><E116/><V75/><F124/><W64/><G115/><N who="1" m="44106" /><E131/><V16/><F7/><N who="1" m="2633" /><E11/><V104/><F104/><W44/><G6/><T3/><N who="0" m="24576" /><DORA hai="26" /><T110/><D125/><U29/><E89/><V61/><F93/><W126/><G126/><T94/><D38/><U34/><E41/><V15/><F49/><N who="3" m="28967" /><G63/><T22/><D10/><U106/><E39/><V77/><F61/><W120/><G120/><T48/><D3/><U121/><E106/><V8/><REACH who="2" step="1"/><F77/><REACH who="2" ten="250,250,240,250" step="2"/><W132/><G132/><T18/><D48/><N who="1" m="30983" /><E121/><V83/><F83/><W91/><G91/><T19/><D110/><U88/><E88/><V45/><F45/><W37/><G37/><T87/><D94/><U0/><E0/><V127/><F127/><W50/><G50/><T82/><D82/><U117/><E117/><V76/><F76/><W42/><G42/><T122/><D122/><U30/><E78/><V51/><F51/><W129/><G129/><T114/><D114/><U118/><E79/><V43/><F43/><W17/><G95/><T9/><REACH who="0" step="1"/><D70/><REACH who="0" ten="240,250,240,250" step="2"/><U2/><E118/><V102/><F102/><W74/><G90/><T103/><D103/><U80/><E2/><V46/><F46/><W33/><G85/><T59/><D59/><U86/><E86/><V71/><F71/><W55/><G74/><RYUUKYOKU ba="0,2" sc="240,15,250,-15,240,15,250,-15" hai0="9,18,19,22,27,62,66,69,84,87" hai2="8,15,16,20,21,24,31,35,56,60,72,73,75" /><INIT seed="0,1,2,5,2,108" ten="255,235,255,235" oya="0" hai0="22,106,129,64,93,12,54,113,134,45,77,60,57" hai1="125,23,13,91,16,3,75,62,53,28,29,20,95" hai2="119,18,78,83,82,65,7,41,49,21,40,26,74" hai3="128,81,117,131,98,102,67,89,120,71,46,33,90"/><T110/><D106/><U30/><E75/><V34/><F119/><W73/><G33/><T87/><D110/><U107/><E107/><V124/><F124/><W86/><G67/><T10/><D129/><N who="3" m="49737" /><G71/><T39/><D134/><U52/><E3/><V121/><F121/><W118/><G46/><T51/><D22/><U80/><E125/><V55/><F65/><W50/><G50/><T123/><D123/><U88/><E62/><V0/><F82/><W79/><G120/><T103/><D39/><U42/><E42/><V116/><F116/><N who="3" m="44651" /><G73/><T44/><D44/><U36/><E36/><V63/><F63/><W133/><G133/><T27/><D27/><U31/><N who="1" m="7168" /><DORA hai="38" /><U59/><E80/><V61/><F61/><W58/><G58/><T19/><D45/><U109/><E109/><V47/><REACH who="2" step="1"/><F34/><REACH who="2" ten="255,235,245,235" step="2"/><W35/><G35/><T24/><D60/><N who="1" m="35943" /><E53/><V126/><F126/><W32/><G32/><T2/><D54/><U111/><E111/><V8/><AGARI ba="1,3" hai="0,7,8,18,21,26,40,41,47,49,55,74,78,83" machi="8" ten="30,8000,1" yaku="1,1,0,1,52,2,53,1" doraHai="108,38" doraHaiUra="72,115" who="2" fromWho="2" sc="255,-41,235,-21,245,113,235,-21" /><INIT seed="1,0,0,5,2,109" ten="214,214,358,214" oya="1" hai0="50,82,64,88,14,10,68,110,62,104,56,92,89" hai1="4,60,118,53,74,108,22,94,21,70,96,86,19" hai2="29,1,111,17,28,12,122,59,127,84,113,119,121" hai3="133,26,25,69,20,63,101,73,6,75,129,134,66"/><U11/><E74/><V31/><F111/><W40/><G129/><T125/><D104/><U72/><E72/><V33/><F84/><W16/><G40/><T47/><D110/><U76/><E108/><V3/><F59/><W115/><G115/><T5/><D125/><U131/><E118/><V54/><F54/><W51/><G101/><T27/><D82/><N who="1" m="47431" /><E70/><V105/><F105/><W117/><G117/><T57/><D27/><N who="1" m="14783" /><E131/><V43/><F43/><W132/><G6/><T13/><D13/><N who="1" m="5351" /><E22/><N who="2" m="11559" /><F113/><W35/><REACH who="3" step="1"/><G51/><REACH who="3" ten="214,214,358,204" step="2"/><T37/><D37/><U38/><E38/><V7/><F119/><W41/><G41/><T42/><REACH who="0" step="1"/><D89/><REACH who="0" ten="204,214,358,204" step="2"/><N who="1" m="55375" /><E60/><V123/><F127/><W0/><G0/><T65/><D65/><U45/><E45/><V79/><F1/><W98/><G98/><AGARI ba="0,2" hai="5,10,14,42,47,50,56,57,62,64,68,88,92,98" machi="98" ten="30,3900,0" yaku="1,1,7,1,54,1,53,0" doraHai="109" doraHaiUra="15" who="0" fromWho="3" sc="204,59,214,0,358,0,204,-39" /><INIT seed="2,0,0,1,4,60" ten="263,214,358,165" oya="2" hai0="1,27,99,72,125,124,109,32,66,67,90,111,117" hai1="19,31,44,46,0,56,118,122,80,95,23,12,135" hai2="20,25,102,89,29,103,128,22,120,64,69,96,43" hai3="101,21,78,10,106,41,45,82,34,39,65,17,84"/><V8/><F120/><W58/><G34/><T88/><D1/><U16/><E118/><V2/><F128/><W76/><G106/><T123/><D72/><U59/><E0/><V105/><F102/><W38/><G101/><T48/><D48/><U75/><E122/><V42/><F89/><N who="0" m="34410" /><D99/><U51/><E135/><V94/><F105/><W107/><G107/><T74/><D74/><U5/><E5/><V13/><F2/><W54/><G65/><N who="0" m="24587" /><D117/><U129/><E129/><V92/><F22/><W97/><G97/><T15/><D15/><U110/><E95/><V61/><REACH who="2" step="1"/><F94/><REACH who="2" ten="263,214,348,165" step="2"/><W33/><G33/><T127/><D123/><U79/><E110/><V104/><F104/><W18/><G10/><T116/><D116/><U55/><E23/><V40/><F40/><W73/><G21/><T134/><D134/><U71/><E79/><V113/><F113/><W132/><G132/><T131/><D131/><U130/><E130/><V85/><F85/><W77/><G73/><T26/><D32/><U7/><E75/><V91/><F91/><W9/><G9/><T53/><D53/><U98/><E55/><V133/><F133/><W83/><G77/><T119/><D119/><U24/><E98/><V93/><F93/><W28/><G78/><T11/><D11/><U47/><E47/><V81/><F81/><W62/><G82/><T108/><AGARI ba="0,1" hai="26,27,108,109,111,124,125,127" m="24587,34410" machi="108" ten="50,16000,3" yaku="28,2,14,1,18,1,52,3,54,1" doraHai="60" who="0" fromWho="0" sc="263,170,214,-40,348,-80,165,-40" /><INIT seed="3,0,0,1,0,48" ten="433,174,268,125" oya="3" hai0="5,123,67,63,127,44,27,115,128,3,71,40,73" hai1="125,82,32,81,130,59,78,74,41,89,23,97,117" hai2="100,8,114,10,12,38,124,133,131,13,111,53,121" hai3="34,84,62,126,50,54,109,1,68,36,95,28,15"/><W24/><G36/><T11/><D123/><U94/><E32/><V106/><F38/><W120/><G120/><T20/><D128/><U46/><E130/><V107/><F121/><W83/><G126/><T99/><D127/><U33/><E125/><V18/><F124/><W64/><G109/><T31/><D73/><U96/><E33/><V132/><F131/><W2/><G95/><T43/><D115/><U65/><E117/><V29/><F29/><W134/><G15/><T14/><D99/><U55/><E65/><V75/><F75/><W85/><G134/><N who="2" m="51817" /><F114/><W108/><G108/><T101/><D101/><U86/><E23/><V25/><F25/><W47/><REACH who="3" step="1"/><G85/><REACH who="3" ten="433,174,268,115" step="2"/><T56/><D14/><U77/><E74/><V118/><F111/><W4/><G4/><T70/><D5/><U113/><E113/><V93/><F93/><W80/><G80/><T37/><D37/><U16/><E82/><V92/><F92/><W103/><G103/><T119/><D119/><U7/><E7/><N who="2" m="3103" /><F100/><W57/><G57/><T9/><D56/><U79/><E97/><V102/><F102/><W39/><G39/><T51/><D71/><U66/><E96/><V17/><F118/><W88/><AGARI ba="0,1" hai="1,2,24,28,34,47,50,54,62,64,68,83,84,88" machi="88" ten="20,18000,2" yaku="1,1,0,1,7,1,52,1,54,1,53,1" doraHai="48" doraHaiUra="21" who="3" fromWho="3" sc="433,-60,174,-60,268,-60,115,190" /><INIT seed="3,1,0,2,5,48" ten="373,114,208,305" oya="3" hai0="92,36,127,123,50,102,77,119,54,104,74,97,100" hai1="114,66,7,28,109,130,76,17,8,53,71,134,0" hai2="21,43,133,68,117,126,95,72,51,37,59,26,40" hai3="90,9,67,63,46,111,44,116,106,25,5,15,88"/><W1/><G116/><T57/><D123/><U70/><E114/><V79/><F117/><W99/><G111/><T34/><D119/><U75/><E109/><V24/><F68/><W61/><G25/><T81/><D127/><U65/><E130/><V110/><F126/><W86/><G1/><T84/><D100/><U113/><E113/><V11/><F133/><W31/><G31/><T4/><D4/><U3/><E134/><V33/><F110/><W62/><G67/><T94/><D34/><U82/><E28/><V18/><F11/><W20/><G20/><T118/><D118/><U73/><E17/><V80/><F95/><W13/><G13/><T120/><D120/><U14/><E75/><V60/><F37/><W98/><G106/><T49/><D36/><U129/><E129/><V45/><F33/><W132/><G132/><T89/><D94/><U96/><E96/><N who="3" m="36906" /><G90/><T58/><D49/><U35/><E35/><V39/><F39/><W91/><G91/><T87/><D74/><U101/><E101/><V108/><F108/><W47/><G63/><T121/><D121/><U122/><E122/><V2/><F2/><N who="1" m="553" /><E66/><V125/><F125/><W32/><G32/><T105/><D105/><U19/><E65/><V128/><F128/><W93/><AGARI ba="1,0" hai="5,9,15,44,46,47,61,62,86,88,93" m="36906" machi="93" ten="30,3000,0" yaku="8,1,54,1" doraHai="48" who="3" fromWho="3" sc="373,-11,114,-11,208,-11,305,33" /><INIT seed="3,2,0,4,4,84" ten="362,103,197,338" oya="3" hai0="87,89,52,8,25,14,70,20,31,69,130,100,92" hai1="94,111,45,121,49,109,98,80,57,77,90,30,51" hai2="4,21,61,43,40,67,107,91,13,63,41,47,106" hai3="33,55,24,46,50,6,23,68,48,116,124,3,112"/><W85/><G116/><T108/><D108/><U19/><E121/><V12/><F47/><W27/><G112/><T35/><D130/><U95/><E30/><V129/><F129/><W122/><G68/><T36/><D36/><U131/><E131/><V104/><F21/><W17/><G122/><T10/><D100/><U123/><E123/><V133/><F67/><W103/><G124/><T58/><D8/><U83/><E19/><V34/><F4/><W78/><G103/><T102/><D102/><U93/><E57/><V135/><F91/><W119/><G119/><T117/><D117/><U56/><E56/><V132/><REACH who="2" step="1"/><F34/><REACH who="2" ten="362,103,187,338" step="2"/><W1/><G6/><T82/><D35/><U101/><E51/><V120/><F120/><W86/><G48/><T37/><D20/><U127/><E127/><V72/><F72/><W26/><G33/><T0/><D89/><N who="1" m="55599" /><E49/><V99/><F99/><W7/><G7/><T110/><D37/><U64/><E64/><V66/><F66/><W22/><G22/><T76/><D110/><N who="1" m="41995" /><E45/><V2/><F2/><W54/><G1/><T88/><D0/><U96/><E77/><V5/><F5/><W65/><G3/><T53/><D76/><U125/><E125/><V114/><F114/><W42/><G65/><T59/><D70/><U29/><E29/><V134/><N who="2" m="33792" /><DORA hai="15" /><V126/><F126/><W73/><G73/><T28/><D69/><U11/><E11/><V97/><F97/><AGARI ba="2,1" hai="80,83,90,94,95,96,97,101" m="41995,55599" machi="97" ten="30,8000,1" yaku="14,1,34,2,52,2" doraHai="84,15" who="1" fromWho="2" sc="362,0,103,96,187,-86,338,0" owari="362,46.2,199,-20.1,101,-39.9,338,13.8" /></mjloggm>