<mjloggm ver="2.3"><GO type="225" lobby="0"/><UN n0="%6E%69%63%6F%6E%74%6F" n1="%E8%B1%86%59%E5%A4%AA%E9%83%8E" n2="%4B%2E%32%2E%4B%2E" n3="%77%72%77%72%77%72%77%72" dan="16,16,16,17" rate="2114.99,2093.61,2116.62,2164.55" sx="M,M,M,M"/><TAIKYOKU oya="0"/><INIT seed="0,0,0,5,3,74" ten="250,250,250,250" oya="0" hai0="49,15,76,53,128,133,36,20,104,71,68,130,101" hai1="12,109,117,32,62,120,116,82,56,43,118,59,28" hai2="7,0,94,70,34,77,2,63,91,134,132,108,37" hai3="50,60,93,33,22,30,42,103,107,96,31,80,57"/><T78/><D36/><U55/><E120/><V106/><F106/><W26/><G80/><T114/><D114/><U48/><E109/><V87/><F37/><W6/><G6/><T98/><D133/><N who="2" m="51306" /><F34/><W24/><G50/><T52/><D53/><U92/><E43/><V127/><F108/><W38/><G38/><T75/><D20/><U83/><E92/><V41/><F41/><W124/><G124/><T17/><D75/><U4/><E28/><V102/><F102/><W10/><G10/><N who="0" m="6391" /><D71/><U16/><E4/><V66/><F127/><W18/><G42/><T25/><D25/><U72/><E32/><V73/><F7/><W84/><G84/><T21/><D21/><U100/><E100/><V64/><F64/><W113/><G113/><T40/><D40/><U125/><E72/><V111/><F111/><W97/><G97/><T54/><D54/><U61/><E125/><V29/><F29/><W126/><G126/><T27/><D27/><U122/><E122/><V67/><F67/><W9/><G9/><T3/><D68/><U115/><E115/><V85/><F73/><W88/><G30/><T13/><D13/><U11/><REACH who="1" step="1"/><E59/><REACH who="1" ten="250,240,250,250" step="2"/><V123/><F123/><W5/><G5/><T129/><D3/><U14/><E14/><V45/><F45/><AGARI ba="0,1" hai="45,49,52,76,78,98,101,104,128,129,130" m="6391" machi="45" ten="30,11600,0" yaku="19,1,52,2,54,1" doraHai="74" who="0" fromWho="2" sc="250,126,240,0,250,-116,250,0" /><INIT seed="0,1,0,0,0,80" ten="376,240,134,250" oya="0" hai0="34,134,86,21,87,15,98,82,108,116,24,124,5" hai1="49,56,102,16,14,19,7,2,69,105,33,25,30" hai2="45,35,135,66,51,18,106,94,92,9,10,126,3" hai3="39,36,22,88,0,17,42,68,60,99,53,77,93"/><T50/><D116/><U4/><E69/><V55/><F106/><W130/><G130/><T70/><D70/><U26/><E102/><V73/><F35/><W71/><G0/><T8/><D124/><U37/><E37/><V89/><F73/><W96/><G77/><T133/><D34/><U83/><E49/><V114/><F3/><W48/><G42/><T129/><D129/><U52/><E105/><V122/><F122/><W118/><G118/><T104/><D50/><U27/><E83/><V101/><F135/><N who="0" m="51722" /><D108/><U64/><E52/><V131/><F131/><W84/><G68/><T13/><D13/><U32/><E64/><V61/><F114/><W46/><G39/><T97/><D82/><U91/><E91/><V90/><F126/><W117/><G36/><T44/><D44/><U120/><E56/><V54/><F54/><W113/><G113/><T78/><D78/><U40/><E40/><V74/><F90/><W79/><G79/><T65/><D65/><U107/><E107/><V115/><F115/><W76/><G76/><T81/><D81/><U47/><E47/><V103/><F74/><W41/><G117/><T12/><D12/><U6/><E120/><V63/><F66/><W112/><G112/><T75/><D75/><U29/><E2/><V11/><F63/><W123/><G123/><T20/><D20/><N who="1" m="13447" /><E4/><V59/><F45/><W95/><G71/><T57/><D57/><U119/><E119/><V111/><F51/><W38/><G60/><T127/><D127/><U62/><E62/><V109/><F61/><W1/><G1/><T110/><D104/><RYUUKYOKU ba="1,0" sc="376,-10,240,30,134,-10,250,-10" hai1="6,7,14,19,26,27,29,30,32,33" /><INIT seed="1,2,0,2,4,119" ten="366,270,124,240" oya="1" hai0="29,30,106,129,48,42,12,28,19,122,130,17,83" hai1="21,71,65,86,70,118,75,57,109,123,89,56,53" hai2="39,121,125,41,93,103,116,26,131,54,7,34,24" hai3="87,0,60,81,100,108,9,90,135,11,94,4,95"/><U62/><E75/><V27/><F116/><W8/><G108/><T107/><D83/><U6/><E118/><V78/><F125/><W59/><G135/><T58/><D122/><U98/><E98/><V112/><F131/><N who="0" m="50186" /><D19/><U91/><E123/><V101/><F112/><W114/><G114/><T120/><D120/><U22/><E6/><V18/><F78/><W82/><G82/><T51/><D58/><U23/><E109/><V67/><F18/><W5/><G0/><T66/><D66/><U133/><E133/><V88/><F67/><W49/><G49/><N who="0" m="19019" /><D42/><U3/><E3/><V32/><F54/><N who="3" m="33911" /><G81/><T117/><D117/><U10/><E10/><AGARI ba="2,0" hai="10,12,17,28,29,30,106,107" m="19019,50186" machi="10" ten="30,1000,0" yaku="19,1" doraHai="119" who="0" fromWho="1" sc="366,16,270,-16,124,0,240,0" /><INIT seed="2,0,0,1,5,78" ten="382,254,124,240" oya="2" hai0="20,43,88,61,98,6,62,52,66,125,104,57,12" hai1="58,87,129,100,83,38,70,35,30,118,53,97,21" hai2="135,11,16,51,44,80,132,123,31,116,99,114,105" hai3="24,25,113,85,94,84,22,93,64,56,63,34,8"/><V106/><F114/><W7/><G7/><T46/><BYE who="3" /><D125/><U69/><E38/><UN n3="%77%72%77%72%77%72%77%72" /><V79/><F116/><W50/><G113/><T117/><D117/><U41/><E41/><V29/><F123/><W110/><G110/><T13/><D104/><U68/><E35/><V120/><F29/><W133/><G133/><N who="2" m="51273" /><F31/><W74/><G74/><T14/><D62/><U127/><E129/><V112/><F99/><W3/><G3/><T134/><D134/><U71/><E127/><V107/><F112/><W45/><G8/><T73/><D73/><U75/><E75/><N who="2" m="43135" /><F120/><W27/><G34/><T91/><D98/><U60/><E118/><V103/><F103/><W1/><G1/><T77/><D77/><U121/><E121/><V119/><F119/><W18/><G84/><T67/><D6/><U102/><E97/><V40/><F107/><W126/><G126/><T108/><D108/><U111/><E111/><V82/><F82/><W90/><G94/><T124/><D124/><U48/><E21/><V76/><F76/><W92/><G93/><T39/><D20/><U101/><E30/><V10/><F10/><W32/><G32/><T122/><D122/><U47/><N who="1" m="17408" /><DORA hai="9" /><U131/><E131/><V26/><F26/><W55/><AGARI ba="0,0" hai="18,22,24,25,27,45,50,55,56,63,64,85,90,92" machi="55" ten="20,2700,0" yaku="0,1,7,1,8,1" doraHai="78,9" who="3" fromWho="3" sc="382,-7,254,-7,124,-13,240,27" /><INIT seed="3,0,0,1,4,9" ten="375,247,111,267" oya="3" hai0="53,76,135,108,3,105,6,64,19,110,132,35,125" hai1="17,101,63,58,54,78,81,87,0,61,95,22,102" hai2="18,33,49,86,23,129,73,21,31,91,98,10,16" hai3="84,59,27,111,128,92,45,74,83,66,106,80,112"/><W75/><G112/><T25/><D105/><U12/><E0/><V51/><F129/><W116/><G116/><T5/><D125/><U60/><REACH who="1" step="1"/><E95/><REACH who="1" ten="375,237,111,267" step="2"/><V41/><F73/><W134/><G92/><T4/><D3/><U15/><E15/><V50/><F33/><W43/><G128/><T47/><D35/><U94/><E94/><V39/><F39/><W119/><G106/><T57/><D135/><U79/><E79/><V130/><F130/><W38/><G134/><T99/><D76/><U36/><E36/><V42/><F98/><W37/><G37/><T48/><D99/><U103/><AGARI ba="0,1" hai="12,17,22,54,58,60,61,63,78,81,87,101,102,103" machi="103" ten="30,8000,1" yaku="1,1,0,1,8,1,52,1,53,1" doraHai="9" doraHaiUra="11" who="1" fromWho="1" sc="375,-20,237,90,111,-20,267,-40" owari="355,45.5,327,12.7,91,-40.9,227,-17.3" /></mjloggm>