<mjloggm ver="2.3"><GO type="225" lobby="0"/><UN n0="%E3%81%A1%E3%82%85%E3%81%86%E3%81%A9%E3%81%8F%E8%B1%A1%E3%81%95%E3%82%93" n1="%45%6C%79%73%69%75%6D" n2="%72%69%6F%75%63%68%61%6E" n3="%E3%81%B7%E3%82%8A%E3%82%93%E8%81%96%E4%BA%BA" dan="16,17,17,16" rate="2131.46,2155.04,2262.98,2133.51" sx="M,F,M,M"/><TAIKYOKU oya="0"/><INIT seed="0,0,0,4,2,54" ten="250,250,250,250" oya="0" hai0="78,48,58,105,107,6,11,122,17,100,116,63,69" hai1="40,14,91,68,117,76,95,55,88,104,4,51,103" hai2="98,102,27,43,108,22,47,42,127,59,81,85,83" hai3="80,33,110,23,128,5,53,19,29,109,18,135,119"/><T61/><D116/><U118/><E68/><V67/><F108/><N who="3" m="41579" /><G80/><T65/><D122/><U45/><E76/><V0/><F127/><W106/><G106/><T112/><D112/><U71/><E71/><V94/><F0/><W26/><G119/><T113/><D113/><U34/><E34/><V35/><F35/><W87/><G87/><T111/><D78/><U24/><E24/><V60/><F47/><W72/><G72/><T57/><D111/><U32/><E32/><V82/><REACH who="2" step="1"/><F85/><REACH who="2" ten="250,250,240,250" step="2"/><W7/><G33/><T132/><D132/><U74/><E74/><V96/><F96/><W123/><G123/><T30/><D30/><AGARI ba="0,1" hai="22,27,30,42,43,59,60,67,81,82,83,94,98,102" machi="30" ten="40,8000,1" yaku="1,1,25,2,8,1,52,1,53,0" doraHai="54" doraHaiUra="126" who="2" fromWho="0" sc="250,-80,250,0,240,90,250,0" /><INIT seed="1,0,0,2,3,84" ten="170,250,330,250" oya="1" hai0="48,26,118,90,56,89,51,4,10,49,88,31,116" hai1="20,40,13,61,47,113,22,68,105,77,54,35,104" hai2="53,86,3,81,15,1,131,65,134,94,50,19,63" hai3="73,9,36,17,16,120,130,14,102,12,34,57,97"/><U24/><E113/><V114/><F134/><W101/><G36/><T115/><D115/><U38/><E77/><V70/><F131/><W60/><G73/><T5/><D56/><U33/><E13/><V64/><F64/><W99/><G130/><T67/><D67/><U69/><E54/><V85/><F114/><W110/><G34/><N who="1" m="12810" /><E61/><V76/><F86/><W80/><G80/><T42/><D42/><U25/><E25/><V44/><REACH who="2" step="1"/><F94/><REACH who="2" ten="170,250,320,250" step="2"/><W55/><G120/><T41/><D41/><U7/><E69/><V91/><F91/><W106/><G110/><T75/><D75/><U127/><E68/><V28/><F28/><W2/><G106/><T27/><D31/><U109/><E104/><V46/><F46/><W29/><G29/><T132/><D132/><U93/><E105/><V11/><AGARI ba="0,1" hai="1,3,11,15,19,44,50,53,63,65,70,76,81,85" machi="11" ten="20,2700,0" yaku="1,1,0,1,7,1,53,0" doraHai="84" doraHaiUra="129" who="2" fromWho="2" sc="170,-7,250,-13,320,37,250,-7" /><INIT seed="2,0,0,3,5,110" ten="163,237,357,243" oya="2" hai0="34,102,118,71,9,131,50,72,88,7,12,74,85" hai1="106,79,1,125,20,129,68,87,58,0,113,78,130" hai2="56,48,3,120,60,30,91,53,65,69,2,45,15" hai3="10,105,75,80,8,37,111,35,100,39,52,17,22"/><V112/><F112/><W90/><G35/><T134/><D131/><N who="1" m="50187" /><E68/><V89/><F120/><W14/><G111/><T43/><D134/><U57/><E106/><V64/><F30/><W66/><G66/><T96/><D71/><U42/><E113/><V126/><F126/><W127/><G127/><T122/><D34/><U38/><E125/><V81/><F15/><W121/><G121/><T123/><D118/><U77/><E87/><V95/><F81/><W24/><G8/><T21/><D21/><U51/><E20/><V6/><F6/><W55/><G105/><T25/><D25/><U103/><E103/><V133/><F133/><W86/><G100/><T11/><D11/><U62/><E38/><V82/><F82/><W83/><G39/><T73/><D43/><U31/><E31/><V63/><REACH who="2" step="1"/><F89/><REACH who="2" ten="163,237,347,243" step="2"/><W54/><G75/><T19/><D7/><U92/><E0/><V26/><F26/><W13/><G13/><T84/><D123/><U41/><E1/><V132/><F132/><W104/><G104/><T49/><D122/><U46/><E92/><V28/><F28/><W99/><G37/><T116/><D116/><U108/><E108/><V94/><F94/><W107/><G80/><T109/><D109/><U124/><E124/><V4/><F4/><W117/><G117/><T135/><D135/><U98/><E77/><V59/><F59/><W27/><G27/><T32/><D88/><U97/><E57/><V114/><F114/><W67/><G107/><N who="0" m="63943" /><D32/><U70/><E70/><V44/><F44/><W115/><G115/><T16/><D19/><U33/><E33/><RYUUKYOKU ba="0,1" sc="163,15,237,-15,347,15,243,-15" hai0="9,12,16,49,50,72,73,74,84,85" hai2="2,3,45,48,53,56,60,63,64,65,69,91,95" /><INIT seed="2,1,1,3,0,41" ten="178,222,362,228" oya="2" hai0="67,49,3,30,63,127,68,18,128,4,117,57,50" hai1="62,121,112,77,86,133,25,115,82,98,80,16,125" hai2="24,7,118,53,100,111,17,109,29,134,108,39,61" hai3="20,103,102,28,94,79,110,126,43,59,45,97,0"/><V60/><F134/><W19/><G0/><T12/><D127/><U104/><E133/><V119/><F39/><W129/><G126/><T65/><D128/><U13/><E125/><V101/><F7/><W9/><G129/><T58/><D117/><N who="2" m="44554" /><F17/><W84/><G59/><T8/><D30/><U31/><E121/><V55/><F60/><W69/><G69/><T27/><D27/><U26/><E26/><V42/><F42/><W113/><G113/><T83/><D83/><U105/><E62/><V48/><F61/><W132/><G132/><T95/><D95/><U52/><E80/><V72/><F72/><W114/><G114/><T90/><D90/><U75/><E75/><V120/><F120/><W44/><G102/><N who="2" m="39529" /><F48/><W99/><G99/><T32/><D32/><AGARI ba="1,1" hai="24,29,32,53,55,108,109,111" m="39529,44554" machi="32" ten="40,3900,0" yaku="14,1,10,1" doraHai="41" who="2" fromWho="0" sc="178,-42,222,0,362,52,228,0" /><INIT seed="2,2,0,0,2,66" ten="136,222,414,228" oya="2" hai0="85,53,78,25,77,117,101,5,13,32,107,96,15" hai1="110,24,129,128,102,108,119,95,89,91,9,71,133" hai2="20,114,48,6,86,51,31,80,28,29,58,27,34" hai3="75,1,40,127,59,126,37,131,41,14,52,21,111"/><V39/><F114/><W99/><G75/><T68/><D117/><U84/><E119/><V33/><F39/><W22/><G1/><T43/><D43/><U42/><E133/><V106/><F106/><W97/><G111/><N who="1" m="42538" /><E102/><V105/><F105/><W92/><G131/><T47/><D13/><U69/><E42/><N who="3" m="16490" /><G37/><T57/><D47/><U83/><E24/><V134/><F134/><W49/><G97/><T72/><D72/><U18/><E18/><V3/><F6/><W12/><G12/><T82/><D5/><U23/><E23/><V55/><F3/><W112/><G112/><T44/><D15/><U100/><E100/><V62/><F33/><W93/><G93/><T16/><D44/><U90/><E9/><V109/><F109/><W132/><G132/><T74/><D74/><U115/><E115/><V104/><F104/><W130/><G130/><N who="1" m="50282" /><E95/><V70/><F34/><W60/><G14/><T124/><D124/><N who="3" m="47657" /><G49/><T61/><D32/><U38/><E38/><V17/><F48/><W94/><G94/><T98/><D98/><U113/><E113/><V7/><F7/><W76/><G76/><AGARI ba="2,0" hai="69,71,76,83,84,89,90,91" m="50282,42538" machi="76" ten="40,8000,1" yaku="14,1,19,1,52,2" doraHai="66" who="1" fromWho="3" sc="136,0,222,86,414,0,228,-86" /><INIT seed="3,0,0,0,4,29" ten="136,308,414,142" oya="3" hai0="30,72,130,64,135,127,112,132,131,59,111,61,116" hai1="35,108,15,106,133,68,122,98,47,3,53,118,49" hai2="13,36,115,24,99,1,43,94,0,93,58,100,113" hai3="104,67,27,40,7,77,103,62,109,57,38,78,110"/><W79/><G7/><T95/><D116/><U10/><E108/><N who="3" m="41578" /><G40/><T71/><D111/><U96/><E3/><V125/><F0/><W114/><G38/><T17/><D112/><U119/><E68/><V107/><F1/><W32/><G114/><T28/><D72/><U80/><E122/><V12/><F43/><W89/><G89/><T90/><D17/><U69/><E69/><V65/><F36/><W11/><G11/><T42/><D42/><U14/><E10/><V82/><F115/><W124/><G124/><T88/><D71/><U23/><E119/><V70/><F70/><W63/><G63/><T19/><D19/><U73/><E118/><V6/><F6/><W5/><G5/><T18/><D18/><U87/><E49/><V37/><F37/><W97/><G79/><T102/><D102/><U8/><E8/><V134/><F125/><W86/><G86/><N who="0" m="52631" /><D90/><U25/><E87/><V20/><F113/><W66/><G66/><T85/><D85/><U33/><E73/><V84/><F65/><W48/><G48/><T75/><D75/><U126/><E126/><V121/><F84/><W54/><G54/><T31/><D127/><U50/><E53/><V129/><F121/><W4/><G4/><T128/><AGARI ba="0,0" hai="28,30,31,59,61,64,128,130,131,132,135" m="52631" machi="128" ten="40,2700,0" yaku="19,1,54,1" doraHai="29" who="0" fromWho="0" sc="136,27,308,-7,414,-7,142,-13" owari="163,-23.7,301,10.1,407,50.7,129,-37.1" /></mjloggm>