<mjloggm ver="2.3"><GO type="225" lobby="0"/><UN n0="%E6%A1%9C%E8%8A%B1%E9%96%83%E3%80%85" n1="%E8%81%B7%E6%A5%AD%E3%80%81%E9%A2%A8%32" n2="%E3%81%86%E3%83%BC%E3%81%B1%E3%83%BC" n3="%73%75%7A%75%6D%65%33" dan="17,16,16,18" rate="2126.49,2157.71,2191.43,2198.27" sx="M,M,F,M"/><TAIKYOKU oya="0"/><INIT seed="0,0,0,3,4,51" ten="250,250,250,250" oya="0" hai0="3,125,78,79,10,1,53,2,103,127,84,93,39" hai1="38,70,20,19,35,18,45,131,47,4,111,27,102" hai2="76,54,90,33,104,29,108,41,130,34,7,92,73" hai3="57,101,69,56,129,98,52,72,49,30,37,24,77"/><T64/><D39/><U134/><E111/><V115/><F115/><W120/><G120/><T133/><D64/><U13/><E70/><V15/><F41/><W40/><G129/><T65/><D65/><U112/><E112/><V5/><F104/><W128/><G128/><T88/><D133/><U100/><E131/><V119/><F130/><W89/><G69/><T74/><D103/><N who="1" m="39467" /><E35/><V95/><F76/><W67/><G89/><T55/><D10/><N who="1" m="4295" /><E38/><V50/><F73/><W87/><G72/><T42/><D42/><U17/><E134/><V26/><F33/><W6/><G6/><T11/><D11/><U123/><E123/><V94/><F119/><W106/><G40/><T105/><D105/><U132/><E132/><V109/><F90/><W0/><G0/><T36/><D36/><U14/><E14/><V9/><REACH who="2" step="1"/><F5/><REACH who="2" ten="250,250,240,250" step="2"/><W66/><G37/><T44/><D79/><U16/><AGARI ba="0,1" hai="16,17,18,19,20,27,45,47" m="4295,39467" machi="16" ten="30,2000,0" yaku="8,1,54,1" doraHai="51" who="1" fromWho="1" sc="250,-10,250,30,240,-5,250,-5" /><INIT seed="1,0,0,5,3,120" ten="240,280,235,245" oya="1" hai0="109,51,14,36,103,80,116,3,112,134,99,52,122" hai1="28,74,57,59,102,65,126,101,96,87,32,53,117" hai2="128,38,40,46,78,43,121,11,79,72,34,41,31" hai3="45,33,129,132,5,48,131,84,50,22,107,20,2"/><U7/><E74/><V17/><F121/><W42/><G33/><T73/><D116/><U108/><E117/><V77/><F72/><W110/><G107/><T12/><D112/><U56/><E65/><V15/><REACH who="2" step="1"/><F128/><REACH who="2" ten="240,280,225,245" step="2"/><W55/><G131/><T113/><D122/><U25/><E126/><V24/><AGARI ba="0,1" hai="11,15,17,24,31,34,38,40,41,43,46,77,78,79" machi="24" ten="30,4000,0" yaku="1,1,2,1,0,1,53,0" doraHai="120" doraHaiUra="44" who="2" fromWho="2" sc="240,-10,280,-20,225,50,245,-10" /><INIT seed="2,0,0,4,2,7" ten="230,260,275,235" oya="2" hai0="43,59,86,32,14,80,79,118,16,20,0,1,92" hai1="58,48,51,64,45,91,83,124,21,38,96,31,52" hai2="22,128,116,87,46,81,93,56,122,89,84,75,132" hai3="98,126,3,115,70,99,8,66,28,69,68,95,61"/><V110/><F116/><W11/><G3/><T54/><D118/><U36/><E124/><V65/><F75/><W114/><G28/><T44/><D32/><U27/><E64/><V120/><F128/><W26/><G26/><T107/><D107/><U111/><E111/><V19/><F132/><W117/><G117/><T104/><D104/><U2/><E2/><V47/><F110/><W134/><G134/><T40/><D92/><U13/><E13/><V9/><F122/><W53/><G53/><T125/><D43/><U105/><E83/><V121/><F121/><W135/><G135/><T29/><D29/><U35/><E35/><V30/><F30/><W33/><G33/><T88/><D79/><U101/><REACH who="1" step="1"/><E91/><REACH who="1" ten="230,250,275,235" step="2"/><N who="2" m="53479" /><F120/><W10/><G126/><T73/><D125/><U37/><E37/><V94/><F81/><W103/><REACH who="3" step="1"/><G99/><REACH who="3" ten="230,250,275,225" step="2"/><T127/><D127/><U5/><E5/><V23/><F65/><W4/><G4/><T55/><D0/><U49/><E49/><V60/><F60/><W130/><G130/><T109/><D1/><U71/><E71/><AGARI ba="0,2" hai="8,10,11,61,66,68,69,70,71,95,98,103,114,115" machi="71" ten="50,8000,1" yaku="1,1,52,3,53,0" doraHai="7" doraHaiUra="106" who="3" fromWho="1" sc="230,0,250,-80,275,0,225,100" /><INIT seed="3,0,0,0,1,123" ten="230,170,275,325" oya="3" hai0="57,107,1,61,100,125,43,22,52,10,40,66,85" hai1="64,88,132,105,118,96,33,73,80,60,129,91,121" hai2="89,102,78,67,72,101,23,12,110,108,17,16,77" hai3="68,93,51,90,122,127,42,50,29,8,4,135,6"/><W84/><G122/><T11/><D125/><U128/><E33/><V24/><F67/><W65/><G127/><T7/><D22/><U116/><E121/><V104/><F89/><N who="1" m="34377" /><E60/><V83/><F78/><W49/><G135/><T31/><D31/><U109/><E132/><V41/><F41/><W47/><G29/><T117/><D85/><U5/><E5/><N who="3" m="2154" /><G68/><T37/><D11/><U48/><E48/><N who="3" m="18538" /><G8/><T30/><D30/><U58/><E58/><V114/><F114/><W34/><G34/><T119/><D66/><AGARI ba="0,0" hai="42,47,51,65,66,84,90,93" m="18538,2154" machi="66" ten="30,1500,0" yaku="8,1" doraHai="123" who="3" fromWho="0" sc="230,-15,170,0,275,0,325,15" owari="215,-18.5,170,-33.0,275,7.5,340,44.0" /></mjloggm>