<mjloggm ver="2.3"><GO type="225" lobby="0"/><UN n0="%E3%81%86%E3%81%A1%E3%83%BC" n1="%72%69%6F%75%63%68%61%6E" n2="%E4%BB%8A%E6%97%A5%E4%B8%80" n3="%4E%49%4A%49%49%52%4F" dan="17,16,16,16" rate="2178.25,2120.51,2169.03,2181.10" sx="M,M,M,M"/><TAIKYOKU oya="0"/><INIT seed="0,0,0,0,2,55" ten="250,250,250,250" oya="0" hai0="114,38,75,47,8,29,135,18,123,104,27,102,15" hai1="130,118,14,115,51,67,96,50,32,109,112,48,71" hai2="80,62,99,83,101,100,24,30,0,73,77,35,64" hai3="121,60,12,9,5,13,11,133,131,108,92,98,110"/><T20/><D114/><N who="1" m="43563" /><E32/><V76/><F0/><W65/><G131/><T95/><D123/><U124/><E118/><V107/><F100/><W42/><G42/><T34/><D75/><U6/><E6/><V28/><F28/><W105/><G105/><T79/><D79/><U128/><E14/><V16/><F16/><W4/><G133/><T25/><D135/><U59/><E96/><V58/><F77/><W23/><G23/><T37/><D104/><U68/><E109/><V43/><F43/><W132/><G121/><T90/><D102/><U54/><E124/><V88/><F80/><W74/><G74/><T93/><D47/><U45/><E67/><V53/><REACH who="2" step="1"/><F88/><REACH who="2" ten="250,250,240,250" step="2"/><W3/><G3/><T111/><D111/><U41/><E50/><V21/><F21/><W33/><G132/><T52/><D93/><U86/><E86/><V122/><F122/><W103/><REACH who="3" step="1"/><G33/><REACH who="3" ten="250,250,240,240" step="2"/><T70/><D34/><U46/><E46/><V36/><F36/><W116/><G116/><T39/><D39/><U40/><E40/><V7/><F7/><W17/><G17/><T113/><D113/><U97/><E97/><V66/><AGARI ba="0,2" hai="24,30,35,53,58,62,64,66,73,76,83,99,101,107" machi="66" ten="30,4000,0" yaku="1,1,0,1,52,1,53,0" doraHai="55" doraHaiUra="85" who="2" fromWho="2" sc="250,-20,250,-10,240,60,240,-10" /><INIT seed="1,0,0,1,1,124" ten="230,240,300,230" oya="1" hai0="8,49,59,55,105,114,131,16,17,94,26,108,116" hai1="72,51,4,3,14,90,91,97,60,7,123,93,79" hai2="68,92,18,113,85,80,45,34,74,130,119,15,134" hai3="73,21,61,24,53,0,71,133,9,121,54,63,2"/><U89/><E123/><V120/><F68/><W88/><G121/><T109/><D105/><U35/><E3/><V128/><F120/><W56/><G133/><T111/><D114/><U87/><E35/><V104/><F104/><W86/><G73/><T118/><D131/><N who="2" m="50218" /><F119/><W100/><G100/><T115/><D115/><U52/><E60/><V78/><F34/><W10/><G0/><T46/><D94/><U28/><E28/><V40/><F113/><W66/><G2/><T27/><D46/><U110/><E72/><V75/><F92/><W19/><REACH who="3" step="1"/><G53/><REACH who="3" ten="230,240,300,220" step="2"/><T132/><D132/><U20/><E110/><V112/><F134/><W13/><G13/><N who="0" m="7207" /><D27/><U99/><E14/><V30/><F112/><W81/><AGARI ba="0,1" hai="9,10,19,21,24,54,56,61,63,66,71,81,86,88" machi="81" ten="20,12000,2" yaku="1,1,0,1,7,1,54,1,53,2" doraHai="124" doraHaiUra="5" who="3" fromWho="3" sc="230,-30,240,-60,300,-30,220,130" /><INIT seed="2,0,0,5,1,40" ten="200,180,270,350" oya="2" hai0="65,8,71,68,114,135,123,38,34,51,41,61,121" hai1="20,1,35,52,27,126,47,31,111,69,134,63,6" hai2="39,79,110,56,45,2,91,4,29,101,120,112,48" hai3="18,85,131,127,24,106,108,77,22,37,60,70,133"/><V132/><F120/><N who="0" m="46154" /><D34/><U72/><E72/><V36/><F112/><W21/><G108/><T16/><D16/><U74/><E74/><V12/><F110/><W129/><G37/><T58/><D8/><N who="1" m="2127" /><E111/><V86/><F132/><W5/><G5/><T115/><D135/><U64/><E134/><V66/><F101/><W105/><G133/><T53/><D71/><U33/><E33/><V109/><F2/><W3/><G3/><T32/><D32/><U89/><E89/><V102/><F102/><W43/><G43/><T76/><D76/><U50/><E126/><V15/><F29/><W62/><G127/><T124/><D124/><U92/><E92/><V130/><F79/><W17/><G70/><T128/><D128/><N who="3" m="49225" /><G85/><T97/><D97/><U59/><E35/><V117/><F130/><W93/><G93/><T13/><D13/><U26/><E26/><V25/><F25/><N who="3" m="14511" /><G77/><T84/><D84/><U94/><E94/><V54/><F15/><W113/><G113/><T99/><D99/><U96/><E96/><V49/><F109/><W28/><G28/><T95/><D95/><U83/><E69/><V80/><F12/><W46/><G105/><T88/><D88/><U107/><E107/><V73/><F73/><W122/><G106/><T82/><D82/><U90/><E83/><V30/><F30/><W0/><G0/><T67/><D67/><U104/><E90/><V19/><F91/><W100/><G100/><T103/><D103/><U57/><E104/><V119/><F86/><W55/><G122/><T118/><D118/><U14/><E14/><V87/><F119/><RYUUKYOKU ba="0,0" sc="200,10,180,10,270,-30,350,10" hai0="38,41,51,53,58,61,65,68,114,115" hai1="20,27,31,47,50,52,57,59,63,64" hai3="18,22,24,46,55,60,62" /><INIT seed="3,1,0,2,2,32" ten="210,190,240,360" oya="3" hai0="135,102,13,129,63,0,130,66,98,64,122,24,99" hai1="2,14,109,89,123,76,7,4,56,40,104,53,115" hai2="132,118,41,28,86,61,101,81,36,120,124,54,23" hai3="85,88,11,3,113,74,127,83,90,25,84,108,12"/><W16/><G74/><T33/><D122/><U42/><E115/><V60/><F118/><W8/><G127/><T125/><D125/><U77/><E123/><V94/><F41/><N who="1" m="15977" /><E104/><V49/><F36/><W69/><G69/><T116/><D116/><U19/><E2/><V52/><F132/><W68/><G68/><T80/><D0/><U117/><E117/><V70/><F54/><W112/><G108/><T34/><D135/><U131/><E109/><V110/><F70/><W111/><G111/><T35/><D13/><U73/><E73/><V65/><F65/><N who="0" m="25194" /><D63/><N who="1" m="36239" /><E131/><N who="0" m="50185" /><D102/><U91/><E91/><V51/><F61/><W133/><G133/><T45/><D45/><U30/><E30/><V10/><F60/><W18/><G3/><T93/><D93/><U71/><E71/><V87/><F94/><W126/><G126/><T107/><D107/><U20/><E89/><V29/><F101/><W82/><G8/><T48/><D48/><U1/><E1/><V15/><F49/><W105/><G105/><T9/><D24/><U50/><E50/><V27/><F124/><W119/><G119/><T47/><D47/><U55/><E55/><V37/><F52/><W44/><G44/><T43/><D43/><U26/><E26/><V79/><F27/><W67/><G67/><T5/><D80/><U106/><E106/><V114/><F81/><W97/><G82/><T128/><D128/><U72/><E72/><V121/><F121/><W59/><G112/><T21/><D21/><U100/><E100/><V58/><F120/><W95/><G113/><T75/><D75/><U103/><E103/><RYUUKYOKU ba="1,0" sc="210,15,190,15,240,-15,360,-15" hai0="5,9,33,34,35,98,99" hai1="4,7,14,19,20,76,77" owari="225,2.5,205,-29.5,225,-17.5,345,44.5" /></mjloggm>