<mjloggm ver="2.3"><GO type="225" lobby="0"/><UN n0="%E3%81%9F%E3%81%93%E2%98%86%E7%84%BC%E3%81%8D" n1="%E3%81%82%E3%81%84%E3%81%82%E3%81%8A%E3%81%84" n2="%E3%81%95%E3%81%8D%E3%81%9F%E3%81%BE%E6%9E%97%E6%AA%8E" n3="%6D%75%75%6D%75%72%61" dan="16,18,16,16" rate="2103.17,2219.01,2127.13,2168.55" sx="M,M,M,F"/><TAIKYOKU oya="0"/><INIT seed="0,0,0,1,5,48" ten="250,250,250,250" oya="0" hai0="115,90,101,79,49,52,108,14,27,106,134,28,9" hai1="3,46,117,92,113,33,39,128,85,73,77,70,54" hai2="42,38,47,60,88,53,41,87,125,15,84,112,83" hai3="16,62,122,51,69,100,11,64,97,29,103,93,81"/><T2/><D115/><U109/><RYUUKYOKU type="yao9" ba="0,0" sc="250,0,250,0,250,0,250,0" hai1="3,33,39,46,54,70,73,77,85,92,109,113,117,128" /><INIT seed="0,1,0,4,5,102" ten="250,250,250,250" oya="0" hai0="48,33,14,107,113,99,51,11,25,59,83,118,123" hai1="105,40,38,61,2,132,76,65,26,4,68,71,9" hai2="32,16,129,10,135,1,35,87,31,28,19,47,42" hai3="7,23,5,6,91,96,3,106,45,110,54,34,92"/><T93/><D113/><U64/><E132/><V127/><F87/><W15/><G110/><T13/><D118/><U29/><E76/><V78/><F78/><W27/><G34/><N who="2" m="12841" /><F47/><W103/><G3/><T70/><D70/><U30/><E105/><V49/><F49/><W44/><G15/><T88/><D123/><U101/><E101/><V53/><F53/><W18/><REACH who="3" step="1"/><G54/><REACH who="3" ten="250,250,250,240" step="2"/><T122/><D14/><U95/><E2/><V82/><F1/><W50/><G50/><T128/><D51/><U24/><E38/><V75/><F135/><W72/><G72/><T69/><D48/><U20/><E26/><V90/><F75/><W21/><G21/><T134/><D33/><U126/><E24/><V124/><F10/><W98/><AGARI ba="1,1" hai="5,6,7,18,23,27,44,45,91,92,96,98,103,106" machi="98" ten="30,4000,0" yaku="1,1,0,1,52,1,53,0" doraHai="102" doraHaiUra="104" who="3" fromWho="3" sc="250,-21,250,-11,250,-11,240,53" /><INIT seed="1,0,0,2,5,135" ten="229,239,239,293" oya="1" hai0="42,128,48,80,105,38,14,56,90,30,124,79,116" hai1="132,84,102,109,52,97,120,11,108,34,72,74,117" hai2="98,20,83,12,66,55,5,126,13,91,96,21,103" hai3="17,29,87,113,114,15,6,1,73,110,130,112,94"/><U86/><E34/><V7/><F126/><W99/><G73/><N who="1" m="28266" /><E11/><V50/><F66/><W49/><G110/><N who="1" m="42602" /><E117/><V23/><F103/><W118/><G130/><T45/><D124/><U69/><E69/><V92/><F83/><W111/><G111/><T100/><D79/><U10/><E10/><V77/><F77/><W59/><G118/><T115/><D128/><U85/><E52/><V9/><F98/><W61/><G1/><T67/><D30/><U31/><E31/><V95/><F95/><W46/><G29/><T68/><D14/><N who="2" m="5738" /><F9/><W121/><G6/><T134/><D134/><U51/><E51/><V41/><F41/><W24/><G15/><T64/><D68/><U58/><E58/><AGARI ba="0,0" hai="5,7,20,21,23,50,55,58,91,92,96" m="5738" machi="58" ten="30,1000,0" yaku="8,1" doraHai="135" who="2" fromWho="1" sc="229,0,239,-10,239,10,293,0" /><INIT seed="2,0,0,3,3,41" ten="229,229,249,293" oya="2" hai0="64,50,2,107,15,135,22,79,11,47,35,16,56" hai1="80,99,68,91,13,45,96,83,26,12,88,69,81" hai2="74,100,101,90,132,105,98,97,25,71,82,124,3" hai3="5,129,38,110,75,130,48,30,54,87,52,118,63"/><V120/><F71/><W10/><G75/><T93/><D107/><U14/><E26/><V37/><F3/><W58/><G38/><T6/><D135/><U94/><E45/><V125/><F37/><W0/><G110/><T102/><D79/><U29/><E29/><V84/><F25/><W9/><G118/><T61/><D35/><U126/><E126/><N who="2" m="48747" /><F120/><W33/><G87/><T111/><D111/><U122/><E122/><V27/><F27/><N who="3" m="18655" /><G10/><T67/><D93/><AGARI ba="0,0" hai="12,13,14,68,69,80,81,83,88,91,93,94,96,99" machi="93" ten="40,2600,0" yaku="9,1,54,1" doraHai="41" who="1" fromWho="0" sc="229,-26,229,26,249,0,293,0" /><INIT seed="3,0,0,2,0,135" ten="203,255,249,293" oya="3" hai0="113,8,59,120,68,79,49,20,115,81,123,24,121" hai1="74,22,28,111,103,1,129,56,134,39,109,75,43" hai2="83,90,77,132,61,32,76,55,54,18,45,97,0" hai3="112,11,128,4,50,2,46,67,31,92,99,27,104"/><W13/><G112/><N who="0" m="43083" /><D68/><U21/><E1/><V12/><F132/><W127/><G127/><T131/><D8/><U58/><E134/><V30/><F0/><W110/><G128/><T122/><N who="0" m="30720" /><DORA hai="65" /><T91/><D131/><U63/><E129/><V41/><F32/><W62/><G110/><T34/><D91/><U23/><E28/><V86/><F30/><W118/><G118/><T64/><D34/><U66/><E103/><V96/><F61/><W106/><G62/><N who="0" m="37983" /><D49/><U98/><E21/><V35/><F35/><W10/><G10/><T7/><D7/><U51/><E22/><V5/><F5/><W82/><G67/><T14/><D14/><U19/><E66/><V80/><F90/><W52/><G13/><T93/><D93/><U108/><E51/><N who="2" m="27055" /><F83/><W38/><G82/><T53/><D53/><N who="2" m="19978" /><F77/><W117/><G117/><T25/><D20/><AGARI ba="0,0" hai="12,18,20,76,80,86,96,97" m="19978,27055" machi="20" ten="30,1000,0" yaku="8,1" doraHai="135,65" who="2" fromWho="0" sc="203,-10,255,0,249,10,293,0" /><INIT seed="4,0,0,0,2,51" ten="193,255,259,293" oya="0" hai0="18,6,1,28,116,96,75,62,124,25,83,21,20" hai1="31,50,11,122,79,40,14,82,49,55,129,125,41" hai2="24,94,57,47,7,16,53,70,76,64,4,89,33" hai3="123,71,38,135,69,130,112,60,117,103,35,2,54"/><T109/><D116/><U37/><E122/><V86/><F70/><W106/><RYUUKYOKU type="yao9" ba="0,0" sc="193,0,255,0,259,0,293,0" hai3="2,35,38,54,60,69,71,103,106,112,117,123,130,135" /><INIT seed="4,1,0,1,1,59" ten="193,255,259,293" oya="0" hai0="122,93,114,46,19,82,65,28,73,16,13,30,7" hai1="80,121,3,11,104,47,97,57,23,125,58,55,120" hai2="4,38,70,15,77,1,61,71,91,29,9,69,42" hai3="100,0,49,12,87,74,131,126,56,109,39,96,52"/><T94/><D114/><U14/><E125/><V110/><F110/><W83/><G109/><T41/><D122/><U90/><E3/><V66/><F91/><W92/><G0/><T113/><D113/><U8/><E104/><V112/><F112/><W33/><G39/><T117/><D117/><U21/><E120/><V24/><F15/><W36/><G36/><T101/><D65/><U103/><E121/><V134/><F134/><W135/><G33/><T2/><D73/><U88/><E103/><V63/><F63/><W107/><G131/><T78/><D2/><U81/><E47/><N who="2" m="24023" /><F77/><N who="3" m="44471" /><G12/><T79/><D7/><N who="1" m="3359" /><E11/><V54/><F54/><W64/><G64/><T35/><D35/><AGARI ba="1,0" hai="1,4,9,24,29,35,61,66,69,70,71" m="24023" machi="35" ten="30,3900,0" yaku="33,2,52,1" doraHai="59" who="2" fromWho="0" sc="193,-42,255,0,259,42,293,0" owari="151,-34.9,255,-14.5,301,40.1,293,9.3" /></mjloggm>