<mjloggm ver="2.3"><GO type="225" lobby="0"/><UN n0="%E6%9D%B1%E9%A2%A8%E3%81%AE%E3%81%8D%E3%82%83%E3%81%B7%E3%81%95%E3%82%93" n1="%E3%81%A8%E3%82%93%E3%81%A8%E3%81%93%E3%81%A8%E3%82%93" n2="%E7%B4%94%E6%BD%94%E3%83%94%E3%83%A9%E3%83%8B%E3%82%A2" n3="%E3%81%86%E3%81%A9%E3%82%93%E3%81%93" dan="17,16,17,16" rate="2193.94,2119.16,2264.96,2167.61" sx="M,F,M,M"/><TAIKYOKU oya="0"/><INIT seed="0,0,0,1,4,42" ten="250,250,250,250" oya="0" hai0="65,87,36,44,124,8,5,52,66,115,96,83,45" hai1="59,80,50,28,26,12,111,30,134,67,113,121,39" hai2="11,76,85,127,104,99,86,37,58,15,75,69,56" hai3="60,79,7,20,33,112,0,108,17,72,90,88,70"/><T133/><D115/><U74/><E39/><V23/><F69/><W25/><G112/><T3/><D133/><U21/><E121/><V114/><F37/><W54/><G108/><T117/><D117/><U71/><E113/><V49/><F127/><W14/><G72/><T100/><D124/><U68/><E111/><V131/><F131/><W123/><G79/><T110/><D110/><U78/><E134/><V41/><F75/><W109/><G109/><T13/><D3/><U92/><E30/><V95/><F23/><W46/><G123/><T82/><D36/><U103/><E12/><V43/><F104/><W122/><G122/><T31/><D31/><U63/><REACH who="1" step="1"/><E50/><REACH who="1" ten="250,240,250,250" step="2"/><V81/><F114/><W4/><G0/><T29/><D29/><U24/><E24/><V135/><F135/><W9/><G33/><T101/><D101/><U129/><E129/><V128/><F128/><W62/><G25/><T51/><D44/><U18/><E18/><V107/><F15/><W125/><G125/><T32/><D32/><U116/><E116/><V64/><F49/><W130/><G130/><T19/><D5/><U55/><E55/><V47/><F47/><W2/><G4/><T119/><D119/><U6/><E6/><V120/><F120/><W38/><G38/><T27/><D27/><U98/><AGARI ba="0,1" hai="21,26,28,59,63,67,68,71,74,78,80,92,98,103" machi="98" ten="30,8000,1" yaku="1,1,0,1,25,2,53,1" doraHai="42" doraHaiUra="89" who="1" fromWho="1" sc="250,-40,240,90,250,-20,250,-20" /><INIT seed="1,0,0,3,3,90" ten="210,330,230,230" oya="1" hai0="87,85,122,101,134,5,38,108,0,33,50,57,66" hai1="74,6,73,125,113,21,93,10,67,104,4,52,135" hai2="9,99,126,56,24,76,127,29,30,1,77,97,19" hai3="83,115,20,123,2,55,91,61,71,84,129,109,111"/><U72/><E104/><V98/><F56/><W68/><G2/><T17/><D38/><U27/><E113/><V86/><F86/><W79/><G123/><T112/><D33/><U22/><E67/><V88/><F88/><W62/><G115/><T3/><D112/><U13/><E125/><N who="2" m="47627" /><F19/><W48/><G129/><T60/><D122/><U128/><E128/><V69/><F69/><N who="3" m="26699" /><G20/><T32/><D32/><U94/><E135/><V59/><F59/><N who="3" m="33255" /><G79/><N who="2" m="30281" /><F24/><W51/><G51/><T107/><D134/><U70/><E70/><V15/><F15/><W96/><G96/><T35/><D35/><U8/><E52/><V40/><F40/><W45/><G45/><T23/><D87/><U103/><E103/><V121/><F121/><W46/><G46/><T106/><D85/><U53/><E53/><V31/><F9/><W34/><G34/><T131/><D101/><U63/><E22/><V36/><F1/><W124/><G124/><T100/><D0/><U7/><E7/><V119/><F36/><W116/><G116/><AGARI ba="0,0" hai="29,30,31,97,98,99,116,119" m="30281,47627" machi="116" ten="40,5200,0" yaku="28,2,18,1" doraHai="90" who="2" fromWho="3" sc="210,0,330,0,230,52,230,-52" /><INIT seed="2,0,0,5,1,19" ten="210,330,282,178" oya="2" hai0="68,55,43,63,87,77,45,1,42,106,30,110,76" hai1="6,107,24,66,50,33,92,41,80,108,12,75,18" hai2="71,127,16,72,114,90,102,46,97,85,60,69,93" hai3="52,132,99,56,51,10,119,34,48,17,2,131,36"/><V7/><F114/><W58/><G119/><T103/><D1/><U4/><E107/><V128/><F72/><W21/><G36/><T133/><D133/><U57/><E108/><V100/><F7/><W95/><G132/><T8/><D110/><U96/><E33/><V62/><F127/><W49/><G34/><T64/><D8/><U25/><E75/><V83/><F128/><W130/><G10/><T134/><D134/><U129/><E80/><V126/><F126/><W121/><G2/><T81/><D77/><U109/><E66/><V61/><F100/><W65/><G121/><T82/><D82/><U32/><E32/><V112/><F112/><W86/><G86/><T94/><D94/><U38/><E38/><V117/><F117/><W70/><G70/><T89/><D76/><U14/><E14/><V122/><F122/><W98/><G98/><N who="0" m="61815" /><D55/><U35/><E35/><V67/><F69/><W113/><G113/><T22/><D45/><U29/><E109/><V78/><F46/><W105/><G105/><T37/><D37/><U118/><E118/><V53/><F53/><W54/><G65/><T116/><D116/><U31/><E129/><V47/><F47/><W104/><G49/><T39/><D39/><U5/><E50/><V73/><REACH who="2" step="1"/><F16/><REACH who="2" ten="210,330,272,178" step="2"/><W0/><G104/><AGARI ba="0,1" hai="60,61,62,67,71,73,78,83,85,90,93,97,102,104" machi="104" ten="30,18000,2" yaku="1,1,2,1,7,1,24,2,53,1" doraHai="19" doraHaiUra="84" who="2" fromWho="3" sc="210,0,330,0,272,190,178,-180" owari="210,-19.0,330,13.0,462,56.2,-2,-50.2" /></mjloggm>