<mjloggm ver="2.3"><GO type="225" lobby="0"/><UN n0="%6D%75%75%73%61%6E%6D%75" n1="%E3%83%81%E3%83%AF%E3%83%AF%E9%9A%8A%E9%95%B7" n2="%E3%83%94%E3%83%B3%E3%82%B5%E3%83%AD%E5%BA%97%E5%93%A1" n3="%61%6D%65%6B%69" dan="16,17,16,16" rate="2130.21,2184.20,2215.39,2086.16" sx="F,M,M,M"/><TAIKYOKU oya="0"/><INIT seed="0,0,0,4,2,43" ten="250,250,250,250" oya="0" hai0="26,86,20,104,70,98,35,107,79,103,75,23,57" hai1="11,48,60,54,16,76,120,34,80,25,4,94,66" hai2="124,128,85,97,89,50,100,132,18,126,129,102,71" hai3="101,95,62,1,116,83,58,123,63,74,78,61,19"/><T0/><D70/><U67/><E120/><V111/><F71/><W44/><G116/><T108/><D0/><U51/><E94/><N who="2" m="54575" /><F18/><W9/><G123/><T93/><D108/><U131/><E131/><N who="2" m="50251" /><F50/><W33/><G33/><T91/><D107/><U122/><E122/><V118/><F111/><W81/><G81/><N who="0" m="45311" /><D57/><U14/><E60/><V41/><F41/><W127/><G127/><N who="2" m="48681" /><F118/><W96/><G19/><T90/><D90/><U117/><E117/><V21/><F21/><W121/><G121/><T73/><D73/><U125/><E125/><V32/><F32/><W110/><G110/><T115/><D115/><U92/><E48/><V47/><F47/><W37/><G58/><T49/><D49/><U99/><E34/><V24/><F24/><W12/><G44/><T130/><D130/><U114/><E114/><V87/><F132/><W2/><G37/><T22/><D35/><U56/><E25/><AGARI ba="0,0" hai="20,22,23,25,26,86,91,93,98,103,104" m="45311" machi="25" ten="30,1500,0" yaku="24,1" doraHai="43" who="0" fromWho="1" sc="250,15,250,-15,250,0,250,0" /><INIT seed="0,1,0,0,3,27" ten="265,235,250,250" oya="0" hai0="19,92,101,126,33,12,3,65,102,105,63,98,85" hai1="52,119,80,117,60,135,31,128,43,21,133,56,15" hai2="57,106,67,23,115,108,51,90,72,0,123,111,112" hai3="107,42,130,69,28,113,39,89,32,41,77,75,114"/><T132/><D3/><U110/><E128/><V62/><F123/><W40/><G39/><T96/><D132/><N who="1" m="50763" /><E110/><N who="2" m="42027" /><F0/><W121/><G130/><T68/><D126/><U17/><E43/><V4/><F4/><W16/><G69/><T120/><D120/><U22/><E80/><V20/><F106/><W55/><G107/><T8/><D33/><U6/><E6/><V83/><F51/><W104/><G104/><T14/><D85/><U125/><E125/><V84/><F72/><W10/><G121/><T122/><D122/><U79/><E79/><V26/><F23/><W61/><G77/><T73/><REACH who="0" step="1"/><D12/><REACH who="0" ten="255,235,250,250" step="2"/><U38/><E38/><V97/><F97/><W54/><G75/><AGARI ba="1,1" hai="8,14,19,63,65,68,73,75,92,96,98,101,102,105" machi="75" ten="40,3900,0" yaku="1,1,2,1,53,0" doraHai="27" doraHaiUra="44" who="0" fromWho="3" sc="255,52,235,0,250,0,250,-42" /><INIT seed="0,2,0,3,5,124" ten="307,235,250,208" oya="0" hai0="3,22,19,72,35,63,49,129,27,135,16,52,70" hai1="119,81,84,120,38,96,41,60,21,55,109,87,33" hai2="76,134,85,98,71,93,0,32,23,94,69,116,104" hai3="114,77,88,6,107,111,95,48,90,102,128,125,103"/><T39/><D39/><U133/><E33/><V5/><F32/><W4/><G114/><T62/><D72/><U92/><E119/><V13/><F0/><W51/><G125/><T40/><D35/><U30/><E120/><V79/><F104/><W43/><G107/><T46/><D3/><U101/><E133/><V126/><F126/><W130/><G77/><T127/><D127/><U58/><E109/><V11/><F134/><W9/><G111/><T100/><D135/><U2/><E2/><V122/><F122/><W80/><G80/><T17/><D70/><U47/><REACH who="1" step="1"/><E81/><REACH who="1" ten="307,225,250,208" step="2"/><V54/><F116/><W75/><G75/><T105/><D129/><N who="3" m="49769" /><G90/><T66/><D105/><U132/><E132/><V113/><F79/><W86/><G43/><T36/><D100/><N who="3" m="38441" /><G4/><T97/><D97/><U91/><E91/><V106/><F98/><W123/><G123/><T25/><D40/><U61/><E61/><V131/><F106/><W50/><G50/><T57/><D63/><U7/><E7/><V53/><F131/><W110/><G110/><T1/><D36/><U12/><E12/><AGARI ba="2,1" hai="6,9,12,48,51,86,88,95" m="38441,49769" machi="12" ten="30,8000,1" yaku="19,1,52,3,54,1" doraHai="124" who="3" fromWho="1" sc="307,0,225,-86,250,0,208,96" /><INIT seed="1,0,0,0,2,49" ten="307,139,250,304" oya="1" hai0="76,7,62,114,127,84,5,88,43,97,132,122,66" hai1="83,103,71,9,22,12,19,37,126,15,131,28,64" hai2="89,3,77,85,50,59,51,104,134,20,98,27,16" hai3="33,21,86,31,14,34,82,40,91,26,87,128,38"/><U70/><E37/><V108/><F3/><W124/><G128/><T57/><D114/><U30/><E131/><V74/><F108/><W23/><G124/><T101/><D127/><U47/><E126/><V45/><F134/><W75/><G75/><T39/><D132/><U8/><E103/><N who="2" m="62583" /><F59/><W125/><G125/><T53/><D76/><U29/><E64/><V117/><F45/><W1/><G1/><T56/><D39/><U72/><E47/><V115/><F117/><W119/><G119/><T52/><D43/><U36/><E36/><V95/><F115/><W54/><G40/><T44/><D122/><U111/><E111/><V90/><F90/><W80/><G38/><T99/><D44/><U4/><REACH who="1" step="1"/><E8/><REACH who="1" ten="307,129,250,304" step="2"/><V110/><F110/><W46/><G46/><T25/><D101/><U60/><E60/><V93/><F51/><W10/><G10/><T94/><D66/><U107/><E107/><V65/><F50/><W68/><G68/><T18/><D57/><U13/><E13/><V48/><F48/><W106/><G106/><T105/><D105/><U113/><E113/><V0/><F65/><W118/><G118/><T67/><D67/><U123/><E123/><V63/><F63/><W35/><G14/><T135/><D135/><U6/><E6/><N who="0" m="2057" /><D53/><U55/><E55/><V129/><F129/><W69/><G69/><T96/><D25/><U100/><E100/><V133/><F133/><W130/><G54/><T2/><D2/><U73/><E73/><V92/><F0/><W11/><G130/><T61/><D61/><U79/><AGARI ba="0,1" hai="4,9,12,15,19,22,28,29,30,70,71,72,79,83" machi="79" ten="30,6000,0" yaku="1,1,0,1,53,1" doraHai="49" doraHaiUra="78" who="1" fromWho="1" sc="307,-20,129,70,250,-20,304,-20" /><INIT seed="1,1,0,0,3,56" ten="287,199,230,284" oya="1" hai0="66,75,97,99,108,74,84,28,116,93,3,115,64" hai1="131,76,51,68,130,102,79,20,128,39,70,95,5" hai2="98,4,63,106,40,14,54,71,92,118,38,110,114" hai3="89,15,17,21,96,7,101,1,104,127,61,88,53"/><U49/><E39/><V78/><F118/><W29/><G127/><T18/><D115/><U69/><E5/><V65/><F110/><W135/><G135/><T121/><D116/><U133/><E133/><V72/><F106/><W22/><G1/><T25/><D108/><U100/><E20/><V41/><F114/><W46/><G7/><T55/><D121/><U85/><E85/><V59/><F38/><W124/><G124/><T91/><D3/><U47/><E95/><V30/><F30/><W6/><G6/><T94/><D18/><U27/><E27/><V132/><F132/><W35/><G35/><T34/><D55/><U109/><E109/><V44/><F44/><W119/><G119/><T24/><D24/><U23/><E23/><V26/><F26/><N who="3" m="16591" /><G104/><T58/><D84/><U77/><REACH who="1" step="1"/><E47/><REACH who="1" ten="287,189,230,284" step="2"/><V112/><F112/><W2/><G46/><T12/><D93/><U52/><E52/><V16/><F4/><W81/><G2/><T87/><D87/><U103/><AGARI ba="1,1" hai="49,51,68,69,70,76,77,79,100,102,103,128,130,131" machi="103" ten="50,48000,5" yakuman="40" doraHai="56" doraHaiUra="11" who="1" fromWho="1" sc="287,-161,189,493,230,-161,284,-161" /><INIT seed="1,2,0,4,4,131" ten="126,682,69,123" oya="1" hai0="18,120,105,68,117,29,133,108,52,75,57,74,103" hai1="118,72,78,53,114,12,127,3,9,85,39,126,113" hai2="125,69,51,20,64,50,22,101,42,70,26,31,100" hai3="81,38,82,77,88,124,43,21,60,73,129,102,28"/><U45/><E72/><V92/><F125/><N who="1" m="47625" /><E3/><V32/><F32/><W46/><G124/><T58/><D117/><U134/><E118/><V66/><F92/><W7/><G129/><T130/><D105/><U33/><E33/><V121/><F26/><W87/><G102/><T10/><D103/><U35/><E35/><V34/><F34/><W13/><G60/><T79/><D108/><U44/><E53/><V61/><F61/><W49/><G38/><T4/><D52/><U15/><E15/><V5/><F5/><W65/><G65/><T23/><D4/><U37/><E37/><V41/><REACH who="2" step="1"/><F31/><REACH who="2" ten="126,682,59,123" step="2"/><W71/><G28/><T80/><D29/><U86/><E113/><V104/><F104/><W47/><G7/><T89/><D130/><U111/><E114/><V84/><F84/><W48/><G71/><T36/><D68/><U8/><E85/><V24/><F24/><W67/><G67/><T6/><D6/><U123/><E86/><V119/><F119/><W106/><G106/><T95/><D95/><U11/><E12/><V1/><F1/><W128/><G13/><T97/><D75/><U30/><E30/><V76/><F76/><W109/><G128/><T122/><D74/><U19/><E78/><V132/><F132/><W2/><G2/><T83/><D79/><U99/><E134/><V115/><F115/><W0/><G0/><T135/><D135/><U16/><E19/><V91/><F91/><W59/><G77/><T96/><D133/><U90/><E90/><V55/><F55/><W54/><G73/><T93/><D89/><U63/><E63/><RYUUKYOKU ba="2,1" sc="126,-10,682,-10,59,30,123,-10" hai2="20,22,41,42,50,51,64,66,69,70,100,101,121" /><INIT seed="2,3,1,2,1,4" ten="116,672,89,113" oya="2" hai0="33,32,95,20,87,43,41,19,61,8,69,135,81" hai1="110,45,74,5,37,27,49,17,85,91,82,70,36" hai2="128,57,59,1,104,56,40,10,11,102,129,6,75" hai3="76,13,80,126,26,123,55,21,107,114,118,51,93"/><V131/><F75/><W39/><G118/><T79/><D135/><U63/><E110/><V84/><F40/><W62/><G123/><T125/><D125/><U109/><E109/><V2/><F84/><W67/><G107/><T115/><D115/><U25/><E5/><N who="2" m="1327" /><F104/><W28/><G126/><T134/><D134/><U111/><E74/><V66/><F102/><W42/><G114/><T68/><D8/><U86/><E111/><V117/><F117/><W99/><G13/><T78/><D78/><U130/><E85/><V112/><F112/><W92/><G39/><T96/><D41/><U31/><E37/><V14/><F2/><W35/><G42/><T64/><D43/><U18/><E36/><V44/><F44/><W58/><G35/><T47/><D69/><U60/><E70/><V88/><F88/><W72/><REACH who="3" step="1"/><G99/><REACH who="3" ten="116,672,89,103" step="2"/><T7/><D33/><U12/><E63/><AGARI ba="3,2" hai="6,11,14,56,57,59,63,66,128,129,131" m="1327" machi="63" ten="30,5800,0" yaku="19,1,52,2" doraHai="4" who="2" fromWho="1" sc="116,0,672,-67,89,87,103,0" /><INIT seed="2,4,0,2,4,127" ten="116,605,176,103" oya="2" hai0="107,44,80,7,81,21,86,34,90,121,93,5,69" hai1="85,73,78,14,42,68,66,123,45,19,116,9,108" hai2="75,1,18,74,59,49,124,28,30,40,103,114,110" hai3="117,109,10,51,31,53,92,62,113,39,22,122,16"/><V58/><F114/><W47/><G117/><T105/><D34/><U20/><E116/><V12/><F1/><W134/><G122/><T2/><D121/><U106/><E73/><V57/><F124/><W38/><G113/><T96/><D69/><U131/><E106/><V13/><F103/><W111/><G134/><T119/><D119/><U33/><E123/><V72/><F110/><N who="3" m="41995" /><G31/><T55/><D105/><U130/><E33/><V24/><F24/><N who="3" m="14407" /><G92/><T135/><D135/><U115/><E115/><V79/><F79/><W70/><G10/><T88/><D107/><U94/><E108/><V126/><F126/><W120/><G120/><T83/><D21/><U97/><E20/><V104/><F104/><W56/><G70/><T11/><REACH who="0" step="1"/><D5/><REACH who="0" ten="106,605,176,103" step="2"/><U129/><E68/><V65/><F65/><AGARI ba="4,1" hai="38,39,47,51,53,56,62,65" m="14407,41995" machi="65" ten="30,2000,0" yaku="14,1,54,1" doraHai="127" who="3" fromWho="2" sc="106,0,605,0,176,-32,103,42" /><INIT seed="3,0,0,0,5,103" ten="106,605,144,145" oya="3" hai0="118,46,124,130,110,58,62,29,50,77,75,121,65" hai1="86,105,112,19,70,69,98,101,37,43,89,12,97" hai2="113,57,33,59,4,34,127,81,48,120,111,14,66" hai3="60,73,36,15,0,74,40,5,9,107,18,20,109"/><W79/><G109/><T13/><D118/><U10/><E112/><V90/><F113/><W102/><G60/><T28/><D121/><U131/><E131/><V56/><F111/><W96/><REACH who="3" step="1"/><G79/><REACH who="3" ten="106,605,144,135" step="2"/><T44/><D110/><U83/><E70/><V82/><F120/><W108/><G108/><T71/><D130/><U123/><E69/><V132/><F66/><W53/><G53/><T6/><D124/><U135/><E123/><V52/><F127/><W11/><G11/><N who="0" m="4343" /><D71/><U16/><E10/><V42/><F52/><W122/><G122/><T104/><D77/><U84/><E135/><V114/><F132/><W91/><G91/><T119/><D119/><U95/><E89/><V51/><F90/><W129/><G129/><T88/><D75/><U2/><E43/><V115/><F42/><W85/><G85/><T54/><D104/><U8/><E105/><V24/><F115/><W35/><G35/><T133/><D133/><U27/><E8/><V41/><F41/><W23/><G23/><T92/><D46/><AGARI ba="0,1" hai="0,5,9,15,18,20,36,40,46,73,74,96,102,107" machi="46" ten="40,12000,1" yaku="1,1,52,1,53,2" doraHai="103" doraHaiUra="106" who="3" fromWho="0" sc="106,-120,605,0,144,0,135,130" owari="-14,-51.4,605,70.5,144,-25.6,265,6.5" /></mjloggm>