<mjloggm ver="2.3"><GO type="225" lobby="0"/><UN n0="%E6%97%A5%E6%9B%9C%E6%97%A5%E3%82%88%E3%82%8A%E3%81%AE%E4%BD%BF%E8%80%85" n1="%E6%B4%BE%E9%81%A3%E3%81%AE%E3%82%B8%E3%83%A3%E3%83%83%E3%82%AF" n2="%E5%AF%82%E5%AF%9E%E3%82%AE%E3%83%8D%E3%82%B9%E3%83%93%E3%83%BC%E3%83%AB" n3="%E7%AD%89%E3%80%85%E5%8A%9B%E5%8A%87%E5%A0%B4" dan="18,16,16,16" rate="2132.81,2160.66,2125.61,2133.06" sx="M,M,M,M"/><TAIKYOKU oya="0"/><INIT seed="0,0,0,0,1,71" ten="250,250,250,250" oya="0" hai0="69,82,108,81,9,99,53,33,43,123,68,25,77" hai1="84,44,79,112,8,126,45,64,80,31,16,59,127" hai2="11,135,38,90,93,91,12,10,49,98,89,97,29" hai3="23,17,87,83,65,101,76,128,1,106,131,52,40"/><T7/><D123/><U6/><E31/><V109/><F38/><W37/><G1/><N who="0" m="239" /><D53/><U61/><E112/><V96/><F109/><W63/><G101/><T41/><D82/><U122/><E122/><V56/><F29/><W21/><G106/><T92/><D92/><U58/><E58/><V70/><F70/><N who="0" m="27242" /><D43/><U73/><E73/><V105/><F105/><W102/><G102/><T113/><D99/><U104/><E104/><V42/><F135/><W132/><G65/><T60/><D60/><U72/><E72/><V116/><F116/><W55/><G132/><T20/><D20/><U111/><E111/><V22/><F93/><W26/><G23/><T114/><D108/><U107/><E107/><V103/><F103/><W27/><G27/><T51/><D51/><U47/><REACH who="1" step="1"/><E6/><REACH who="1" ten="250,240,250,250" step="2"/><V94/><F56/><W24/><G63/><T129/><D114/><U30/><E30/><V110/><F110/><W66/><G66/><T19/><D113/><U57/><E57/><V120/><F120/><W62/><G62/><T32/><D32/><U124/><E124/><V36/><F96/><W125/><G125/><T15/><D33/><U100/><E100/><V39/><F98/><W130/><G26/><T0/><D25/><U18/><E18/><N who="2" m="10567" /><F97/><W34/><G34/><T4/><D4/><U50/><E50/><V14/><F49/><W13/><G24/><T35/><D35/><U54/><E54/><V88/><F94/><W28/><G28/><T85/><D19/><U134/><E134/><V5/><N who="2" m="22528" /><DORA hai="117" /><V75/><F75/><W67/><G67/><T3/><D85/><RYUUKYOKU ba="0,1" sc="250,-15,240,15,250,-15,250,15" hai1="8,16,44,45,47,59,61,64,79,80,84,126,127" hai3="13,17,21,37,40,52,55,76,83,87,128,130,131" /><INIT seed="1,1,1,2,1,118" ten="235,255,235,265" oya="1" hai0="100,15,48,11,35,106,102,84,110,17,57,132,2" hai1="22,83,75,80,97,1,58,71,64,56,49,129,104" hai2="24,93,127,121,134,40,107,37,101,34,31,14,95" hai3="7,53,133,82,99,9,109,116,54,62,90,79,78"/><U119/><E119/><V85/><F127/><W96/><G116/><T89/><D35/><U72/><E1/><V46/><F134/><W60/><G109/><T130/><D106/><U92/><E104/><V88/><F107/><W8/><G82/><N who="0" m="49303" /><D2/><U128/><E22/><V38/><F14/><W68/><G90/><T115/><D115/><U27/><E27/><V33/><F121/><W16/><G68/><T39/><D39/><U42/><E42/><V18/><F18/><W135/><REACH who="3" step="1"/><G16/><REACH who="3" ten="235,255,235,255" step="2"/><N who="0" m="8319" /><D110/><U111/><E111/><V125/><F125/><W123/><G123/><T103/><D132/><U113/><E71/><V91/><F101/><W65/><G65/><T6/><D130/><U44/><E64/><V74/><F74/><W69/><G69/><T70/><D70/><U59/><E75/><V0/><F91/><W117/><G117/><T12/><D6/><AGARI ba="1,2" hai="6,7,8,9,53,54,60,62,78,79,96,99,133,135" machi="6" ten="25,8000,1" yaku="1,1,22,2,53,2" doraHai="118" doraHaiUra="131" who="3" fromWho="0" sc="235,-83,255,0,235,0,255,103" /><INIT seed="2,0,0,2,4,83" ten="152,255,235,358" oya="2" hai0="0,22,90,97,118,75,88,61,105,60,8,9,35" hai1="96,23,49,68,24,85,77,51,3,93,31,41,53" hai2="21,43,135,13,108,52,133,115,29,17,27,134,132" hai3="1,12,86,25,109,20,102,122,121,59,131,10,113"/><V120/><N who="2" m="33792" /><DORA hai="71" /><V37/><F115/><W119/><G1/><T103/><D35/><U112/><E68/><V99/><F120/><W70/><G70/><T62/><D75/><U2/><E112/><V47/><F108/><W125/><G113/><T28/><D118/><U76/><E76/><V11/><F99/><W92/><G119/><T95/><D0/><U46/><E96/><V34/><REACH who="2" step="1"/><F52/><REACH who="2" ten="152,255,225,358" step="2"/><W38/><G109/><T94/><D105/><U89/><REACH who="1" step="1"/><E77/><REACH who="1" ten="152,245,225,358" step="2"/><V87/><F87/><W104/><G86/><N who="0" m="52503" /><D103/><U36/><E36/><V39/><F39/><W64/><G38/><T63/><N who="0" m="15360" /><DORA hai="81" /><T116/><D116/><U54/><E54/><V26/><F26/><AGARI ba="0,2" hai="8,9,22,26,28,90,95,97" m="15360,52503" machi="26" ten="40,8000,1" yaku="8,1,52,2,54,1" doraHai="83,71,81" who="0" fromWho="2" sc="152,100,245,0,225,-80,358,0" /><INIT seed="3,0,0,1,2,111" ten="252,245,145,358" oya="3" hai0="79,115,74,64,30,54,11,48,23,71,133,0,33" hai1="100,117,22,131,127,66,104,91,59,41,38,81,43" hai2="93,129,5,53,94,105,87,44,86,8,65,36,2" hai3="120,107,16,34,31,6,32,134,68,12,89,7,126"/><W95/><G107/><T106/><D106/><U85/><E131/><V67/><F105/><W75/><G120/><T135/><D33/><U52/><E66/><V78/><F129/><W61/><G75/><T121/><D79/><U76/><E127/><V14/><F2/><W108/><G108/><T62/><D74/><U130/><E130/><V42/><F53/><W45/><G134/><T119/><D119/><U82/><E117/><V49/><F36/><W96/><G126/><T110/><D110/><U128/><E128/><V55/><F55/><W116/><G45/><T109/><D109/><U60/><E38/><V80/><F93/><W125/><G34/><T17/><D30/><U84/><E104/><V72/><F72/><W28/><G28/><T101/><D101/><U99/><E22/><V50/><REACH who="2" step="1"/><F49/><REACH who="2" ten="252,245,135,358" step="2"/><W46/><G125/><T20/><D48/><U10/><E52/><V57/><F57/><W88/><G116/><T25/><D0/><U56/><E56/><V98/><F98/><W27/><G95/><T47/><D54/><U1/><E1/><V19/><F19/><W90/><G16/><T35/><D17/><U24/><E59/><V3/><F3/><W132/><G96/><T9/><D135/><U124/><E99/><V114/><F114/><W39/><G39/><T63/><D115/><U15/><E124/><V123/><F123/><W40/><G132/><T13/><D133/><U113/><E113/><V103/><F103/><W21/><G68/><T118/><D71/><U122/><E100/><V77/><F77/><W37/><G37/><T29/><D121/><RYUUKYOKU ba="0,1" sc="252,-10,245,-10,135,30,358,-10" hai2="5,8,14,42,44,50,65,67,78,80,86,87,94" owari="242,4.2,235,-16.5,165,-33.5,358,45.8" /></mjloggm>