<mjloggm ver="2.3"><GO type="225" lobby="0"/><UN n0="%E7%B4%94%E6%BD%94%E3%83%94%E3%83%A9%E3%83%8B%E3%82%A2" n1="%4E%49%4A%49%49%52%4F" n2="%E8%90%BD%E6%97%A5" n3="%E9%89%A2%E5%B7%BB%E3%82%AC%E3%83%96" dan="17,16,18,16" rate="2231.40,2200.60,2203.29,2056.34" sx="M,M,F,M"/><TAIKYOKU oya="0"/><INIT seed="0,0,0,5,0,98" ten="250,250,250,250" oya="0" hai0="63,71,16,2,10,11,110,75,125,95,24,9,131" hai1="133,42,6,48,100,123,99,64,52,22,44,90,74" hai2="115,13,116,85,101,41,7,129,55,3,29,106,5" hai3="38,46,118,103,91,128,81,134,97,0,94,28,33"/><T14/><D75/><U105/><E123/><V96/><F3/><W56/><G118/><T32/><D125/><U83/><E133/><V109/><F115/><W23/><G0/><T20/><D95/><U117/><E117/><V88/><F116/><W113/><G113/><T82/><D82/><U8/><E64/><V107/><F109/><W53/><G134/><T40/><D40/><U89/><E22/><V77/><F129/><W31/><G33/><T62/><D131/><U93/><E105/><V43/><F106/><W26/><G38/><T68/><D110/><U78/><REACH who="1" step="1"/><E42/><REACH who="1" ten="250,240,250,250" step="2"/><V60/><F41/><W54/><G128/><T61/><D2/><AGARI ba="0,1" hai="2,6,8,44,48,52,74,78,83,89,90,93,99,100" machi="2" ten="30,8000,1" yaku="1,1,2,1,7,1,52,1,54,1,53,0" doraHai="98" doraHaiUra="119" who="1" fromWho="0" sc="250,-80,240,90,250,0,250,0" /><INIT seed="1,0,0,4,4,85" ten="170,330,250,250" oya="1" hai0="43,64,8,82,96,120,52,119,5,80,17,114,14" hai1="9,105,121,130,23,79,59,134,109,133,90,93,19" hai2="118,65,32,81,95,30,34,27,63,127,101,83,20" hai3="76,99,58,51,7,69,11,24,49,73,38,106,33"/><U135/><E121/><V128/><F118/><W97/><G38/><T74/><D119/><U45/><E105/><V18/><F127/><W35/><G69/><T0/><D114/><U111/><E79/><V6/><F6/><W107/><G76/><T122/><D43/><U56/><E45/><V3/><F3/><W67/><G7/><T36/><D36/><U78/><E9/><V129/><F101/><W86/><G11/><N who="0" m="6367" /><D64/><U2/><E78/><V92/><F92/><W39/><G86/><T116/><D74/><U54/><E130/><N who="2" m="50283" /><F95/><W41/><G39/><T25/><D96/><N who="1" m="57399" /><E2/><V124/><F124/><W29/><G73/><T66/><D66/><U50/><E56/><N who="2" m="37095" /><F34/><W103/><G67/><T104/><D104/><U112/><E112/><V71/><F71/><W26/><G58/><T40/><D40/><U60/><E50/><V98/><F98/><W28/><REACH who="3" step="1"/><G41/><REACH who="3" ten="170,330,250,240" step="2"/><T31/><D122/><U131/><E131/><V117/><F117/><W42/><G42/><T22/><D120/><U12/><AGARI ba="0,1" hai="12,19,23,54,59,60,109,111,133,134,135" m="57399" machi="12" ten="40,3900,0" yaku="20,1,52,1" doraHai="85" who="1" fromWho="1" sc="170,-13,330,49,250,-13,240,-13" /><INIT seed="1,1,0,3,5,65" ten="157,379,237,227" oya="1" hai0="90,107,68,41,92,94,45,13,127,48,76,102,86" hai1="24,71,118,51,16,97,115,125,55,6,77,121,75" hai2="25,12,116,11,15,14,35,1,81,54,114,29,26" hai3="78,88,52,23,111,10,129,85,3,98,113,106,27"/><U42/><E115/><V70/><F54/><W104/><G113/><T124/><D107/><U112/><E112/><V134/><F81/><W122/><G122/><T87/><D102/><U61/><E118/><V91/><F91/><W135/><G111/><T93/><D76/><U101/><E6/><N who="2" m="1487" /><F70/><W18/><G129/><T2/><D2/><U84/><E42/><V110/><F114/><W73/><G135/><T128/><D128/><U50/><E75/><V62/><F62/><W30/><G78/><T8/><D68/><U72/><E72/><V38/><F38/><W46/><G73/><T59/><D59/><U64/><E125/><V53/><F53/><W109/><G98/><T39/><D39/><U28/><E121/><V67/><F67/><W57/><G109/><T37/><D37/><U56/><E84/><V132/><F110/><W83/><G3/><T0/><D0/><U119/><E77/><V123/><F123/><W133/><G133/><N who="2" m="51305" /><F26/><W7/><G7/><T58/><D58/><U99/><E51/><V108/><F108/><W20/><G10/><T105/><D105/><U9/><E101/><V47/><F47/><W126/><G126/><N who="0" m="48171" /><D90/><U95/><E95/><N who="0" m="24321" /><T36/><DORA hai="33" /><D36/><U96/><E96/><V21/><F116/><W22/><G46/><T31/><D31/><U74/><E119/><V4/><F4/><AGARI ba="1,0" hai="4,8,13,41,45,48,86,87" m="24321,48171" machi="4" ten="40,1300,0" yaku="18,1" doraHai="65,33" who="0" fromWho="2" sc="157,16,379,0,237,-16,227,0" /><INIT seed="2,0,0,3,2,94" ten="173,379,221,227" oya="2" hai0="74,16,109,34,133,51,127,35,6,111,8,27,31" hai1="64,21,53,52,98,63,1,101,45,85,28,47,40" hai2="65,39,2,110,9,25,106,26,29,42,123,83,96" hai3="108,32,62,23,75,80,114,103,89,130,82,13,105"/><V36/><F123/><W38/><G32/><N who="0" m="20607" /><D51/><U135/><E1/><V73/><F110/><N who="0" m="41994" /><D74/><U100/><E85/><V90/><F65/><W11/><G38/><T92/><D92/><U97/><E21/><V107/><F26/><W46/><G108/><T129/><D133/><U86/><E28/><V0/><F90/><W131/><G114/><T19/><D127/><U56/><E86/><V121/><F121/><W18/><G46/><N who="1" m="17418" /><E135/><V43/><F43/><W44/><G44/><T12/><D129/><N who="3" m="49161" /><G62/><T125/><D125/><U22/><E22/><V61/><F61/><W78/><G82/><T95/><D95/><U122/><E122/><V24/><F24/><W88/><G23/><N who="0" m="11655" /><D19/><U37/><E37/><N who="2" m="14411" /><F42/><W3/><G3/><AGARI ba="0,0" hai="3,6,8,34,35" m="11655,41994,20607" machi="3" ten="30,8000,1" yaku="24,1,14,1,34,2,54,1" doraHai="94" who="0" fromWho="3" sc="173,80,379,0,221,0,227,-80" /><INIT seed="3,0,0,4,5,35" ten="253,379,221,147" oya="3" hai0="57,126,119,74,131,83,108,91,19,42,7,36,16" hai1="30,60,24,62,106,135,13,69,111,37,82,43,104" hai2="130,23,2,114,121,120,77,4,75,31,12,45,70" hai3="40,50,123,99,51,61,56,93,116,17,101,33,80"/><W27/><G116/><T133/><D7/><U18/><E111/><V112/><F70/><W32/><G123/><N who="2" m="47177" /><F45/><W11/><G40/><T103/><D103/><U72/><E18/><N who="2" m="10695" /><F77/><W63/><G63/><T6/><D6/><U115/><E82/><V118/><F75/><W105/><G105/><T86/><D74/><U71/><E60/><V10/><F118/><W20/><G80/><T65/><D108/><U113/><E62/><V64/><F64/><W81/><G81/><T128/><D119/><U110/><E43/><V47/><F47/><W67/><REACH who="3" step="1"/><G11/><REACH who="3" ten="253,379,221,137" step="2"/><T14/><D42/><U28/><E104/><V79/><F79/><W94/><G94/><T49/><D83/><U78/><E106/><V96/><F96/><W102/><G102/><T1/><D86/><U100/><E78/><V9/><F9/><W117/><G117/><T54/><D91/><U55/><E100/><V68/><F68/><W89/><G89/><T122/><D122/><U132/><E69/><V109/><F109/><W134/><G134/><T0/><D133/><U21/><E71/><V66/><F66/><W87/><G87/><T88/><D88/><U34/><E110/><V97/><F97/><W38/><G38/><T124/><D36/><U52/><E37/><V92/><F92/><W90/><G90/><T22/><D65/><U84/><E84/><V46/><F114/><W15/><G15/><T48/><D48/><AGARI ba="0,1" hai="17,20,27,32,33,48,50,51,56,61,67,93,99,101" machi="48" ten="40,2000,0" yaku="1,1,53,0" doraHai="35" doraHaiUra="125" who="3" fromWho="0" sc="253,-20,379,0,221,0,137,30" /><INIT seed="3,1,0,1,5,120" ten="233,379,221,167" oya="3" hai0="112,28,118,109,61,110,4,116,67,86,89,126,29" hai1="45,34,32,26,9,121,95,100,21,117,5,46,1" hai2="35,85,63,6,60,47,12,7,77,10,81,54,69" hai3="99,36,3,130,79,23,93,101,80,122,20,84,51"/><W83/><G122/><T48/><D4/><N who="2" m="1578" /><F69/><W82/><G3/><T2/><D2/><U128/><E128/><V87/><F35/><W96/><G36/><T39/><D39/><U16/><E121/><V107/><F107/><W131/><G131/><T88/><D48/><U13/><E117/><N who="0" m="45161" /><D126/><U135/><E135/><V76/><F47/><W64/><G130/><T22/><D22/><U124/><E124/><V106/><F106/><W74/><G64/><T90/><D86/><N who="2" m="32778" /><F81/><W91/><G51/><T103/><D103/><U53/><E53/><V123/><F123/><W132/><G132/><T38/><D38/><U59/><E59/><N who="2" m="34935" /><F63/><W62/><G62/><T11/><D11/><U102/><E21/><V30/><F30/><N who="0" m="11882" /><D112/><U129/><E26/><V65/><F65/><W41/><G41/><T66/><D61/><U18/><E100/><V56/><F56/><W119/><G119/><T50/><D50/><U55/><E129/><V114/><F114/><W75/><REACH who="3" step="1"/><G96/><REACH who="3" ten="233,379,221,157" step="2"/><T19/><D66/><U58/><E1/><V133/><F133/><W108/><G108/><T71/><D67/><U73/><E55/><V8/><F12/><W70/><G70/><T33/><D71/><U57/><E13/><V27/><F27/><W15/><G15/><T68/><D68/><U42/><E42/><V125/><F125/><W40/><G40/><T0/><D0/><U24/><E24/><V134/><F134/><W111/><G111/><N who="0" m="42507" /><D33/><U92/><E32/><V115/><F115/><W98/><G98/><T94/><D94/><U17/><E34/><V49/><F49/><W25/><G25/><RYUUKYOKU ba="1,1" sc="233,10,379,-30,221,10,157,10" hai0="19,88,89,90" hai2="8,10,76,77" hai3="20,23,74,75,79,80,82,83,84,91,93,99,101" /><INIT seed="3,2,1,2,5,15" ten="243,349,231,167" oya="3" hai0="52,93,79,41,123,9,48,8,21,121,56,25,29" hai1="39,49,36,18,102,113,101,14,44,107,125,64,120" hai2="132,122,133,84,87,116,97,99,0,57,10,47,61" hai3="115,45,92,40,1,128,77,105,20,7,66,124,50"/><W131/><G115/><T13/><D9/><U60/><E113/><V130/><F116/><W109/><G105/><T37/><D79/><U74/><E120/><V19/><F130/><N who="3" m="49707" /><G7/><T110/><D110/><U91/><E74/><V73/><F73/><W81/><G1/><T46/><REACH who="0" step="1"/><D93/><REACH who="0" ten="233,349,231,167" step="2"/><U34/><E107/><V5/><F122/><W108/><G124/><T11/><D11/><U68/><E125/><V89/><F47/><W135/><G135/><N who="2" m="51785" /><F87/><N who="3" m="48559" /><G92/><T30/><D30/><U103/><E44/><V23/><F84/><W4/><G4/><AGARI ba="2,2" hai="4,8,13,21,25,29,37,41,46,48,52,56,121,123" machi="4" ten="30,3900,0" yaku="1,1,7,1,54,1,53,0" doraHai="15" doraHaiUra="127" who="0" fromWho="3" sc="233,65,349,0,231,0,167,-45" owari="298,9.8,349,44.9,231,-16.9,122,-37.8" /></mjloggm>