<mjloggm ver="2.3"><GO type="225" lobby="0"/><UN n0="%E3%81%8B%E3%82%8F%E3%81%A1%E3%82%83%E3%82%93%35%38" n1="%E3%83%A9%E3%83%96%E3%83%AC%E3%83%BC" n2="%72%69%6F%75%63%68%61%6E" n3="%6B%79%6F%6E%6B%6F%31%31" dan="16,18,17,17" rate="2086.26,2274.32,2282.23,2181.06" sx="M,M,M,M"/><TAIKYOKU oya="0"/><INIT seed="0,0,0,3,0,113" ten="250,250,250,250" oya="0" hai0="52,107,126,28,46,43,90,131,72,58,114,119,57" hai1="73,25,81,123,6,40,79,128,130,132,67,133,33" hai2="51,66,27,41,53,2,44,117,30,54,71,20,48" hai3="7,98,5,125,84,3,100,89,10,108,61,134,45"/><T69/><D114/><U9/><E67/><V70/><F2/><W35/><G35/><T97/><D69/><U93/><E93/><V36/><F117/><W92/><G125/><T56/><D72/><U120/><E25/><V63/><F20/><W85/><G108/><T77/><D77/><U38/><E33/><V80/><F80/><W129/><G129/><N who="1" m="49770" /><E40/><V0/><F0/><W127/><G7/><T14/><D131/><U115/><E38/><V37/><F30/><W21/><G134/><N who="1" m="51818" /><E115/><V11/><F11/><W23/><G127/><T83/><D126/><U96/><E96/><V18/><F18/><W102/><G102/><T39/><D28/><U32/><E32/><V22/><F22/><W50/><G61/><T82/><D97/><U121/><E121/><V110/><F27/><W60/><G60/><T88/><D52/><N who="2" m="20074" /><F110/><W49/><G84/><T78/><D107/><U34/><E34/><V26/><F26/><W24/><G45/><T112/><D112/><U15/><AGARI ba="0,0" hai="6,9,15,73,79,81,120,123" m="51818,49770" machi="15" ten="30,2000,0" yaku="19,1,20,1" doraHai="113" who="1" fromWho="1" sc="250,-10,250,20,250,-5,250,-5" /><INIT seed="1,0,0,5,0,37" ten="240,270,245,245" oya="1" hai0="102,46,16,119,124,87,113,110,30,20,89,35,25" hai1="13,44,123,18,61,43,53,3,34,41,19,105,74" hai2="82,69,58,27,6,1,55,111,45,126,83,23,42" hai3="4,94,108,117,97,57,49,129,127,60,24,36,73"/><U67/><E105/><V85/><F111/><W5/><G36/><T15/><D113/><U9/><E3/><V91/><F126/><W10/><G73/><T7/><D110/><U65/><E34/><V12/><F69/><W59/><G108/><T132/><D132/><U72/><E123/><V14/><F83/><W31/><G127/><T51/><D124/><U88/><E74/><V33/><F33/><W28/><G129/><T112/><D112/><U122/><E72/><V104/><F104/><W103/><G117/><T92/><D119/><U66/><E122/><V118/><F118/><W64/><G28/><T26/><D102/><U131/><E19/><V98/><F98/><W100/><G100/><T29/><D7/><U38/><E38/><V21/><F1/><W40/><G10/><T114/><D114/><U125/><E125/><V106/><F106/><W120/><G120/><T22/><D35/><U128/><E131/><V32/><F32/><W56/><G56/><T62/><D62/><U78/><E78/><V134/><F134/><W81/><G81/><T130/><D130/><U39/><E39/><N who="2" m="21727" /><F6/><W63/><G24/><N who="0" m="9323" /><D22/><N who="2" m="8202" /><F27/><W68/><G31/><T84/><D84/><U90/><E128/><V109/><F109/><W0/><G0/><T76/><D76/><U75/><E75/><V115/><F115/><W8/><G8/><T96/><D87/><U50/><E61/><N who="2" m="36063" /><F12/><W77/><G77/><T86/><D86/><U54/><E54/><AGARI ba="0,0" hai="15,16,20,29,30,46,51,54,89,92,96" m="9323" machi="54" ten="30,2000,0" yaku="8,1,54,1" doraHai="37" who="0" fromWho="1" sc="240,20,270,-20,245,0,245,0" /><INIT seed="2,0,0,1,1,2" ten="260,250,245,245" oya="2" hai0="37,131,93,126,56,133,109,13,12,130,18,42,50" hai1="31,74,27,85,28,125,39,72,45,84,99,51,6" hai2="8,100,114,86,49,70,21,47,16,119,43,117,71" hai3="36,46,103,23,82,40,15,67,52,64,5,65,128"/><V123/><F114/><W124/><G124/><T120/><D120/><U135/><E39/><V111/><F123/><W127/><G127/><T94/><D126/><U91/><E135/><V62/><F111/><W132/><G132/><T58/><D133/><U73/><E99/><V63/><F100/><W59/><G128/><T112/><D37/><U35/><E31/><V68/><F8/><W76/><G103/><T60/><D112/><U53/><E125/><V110/><F110/><W80/><G23/><T107/><D107/><U75/><N who="1" m="18432" /><DORA hai="41" /><U134/><E134/><V17/><F86/><W79/><G79/><T90/><D109/><U30/><E30/><V11/><F11/><W96/><G96/><T54/><D93/><U0/><E91/><V7/><F7/><W104/><G104/><T106/><D106/><U101/><E101/><V92/><F92/><W77/><G77/><T55/><D42/><U14/><E0/><V113/><F17/><W29/><G29/><T118/><D118/><U61/><E61/><V115/><F113/><W97/><G97/><T121/><D121/><U102/><E102/><V1/><F1/><W3/><G3/><T33/><D33/><U122/><E122/><V83/><F83/><W24/><G76/><T19/><D19/><U22/><E35/><V78/><F78/><W129/><G129/><N who="0" m="49163" /><D18/><U10/><AGARI ba="0,0" hai="6,10,14,22,27,28,45,51,53,84,85" m="18432" machi="10" ten="60,7900,0" yaku="0,1,52,2" doraHai="2,41" who="1" fromWho="1" sc="260,-20,250,79,245,-39,245,-20" /><INIT seed="3,0,0,0,3,5" ten="240,329,206,225" oya="3" hai0="10,104,39,41,82,83,103,98,11,75,19,101,86" hai1="70,111,45,122,63,129,126,27,113,105,95,117,60" hai2="116,81,28,17,108,40,132,112,134,110,92,24,94" hai3="30,131,109,33,2,52,15,50,58,97,73,64,93"/><W91/><G2/><T35/><D35/><U107/><E45/><V99/><F112/><W9/><G73/><T68/><D68/><U128/><E27/><V14/><F116/><W57/><G131/><T36/><D19/><U69/><E95/><N who="2" m="36395" /><F99/><W8/><G109/><N who="2" m="42089" /><F40/><W62/><REACH who="3" step="1"/><G15/><REACH who="3" ten="240,329,206,215" step="2"/><T114/><D75/><U38/><E111/><V46/><F46/><W4/><G4/><T43/><D114/><U44/><E113/><V18/><F81/><W54/><G54/><T90/><D98/><U84/><E44/><V48/><F48/><W21/><G21/><T135/><D86/><U0/><E0/><V72/><F72/><W100/><G100/><T1/><D1/><U96/><E96/><V7/><F7/><W47/><G47/><T133/><REACH who="0" step="1"/><D90/><REACH who="0" ten="230,329,206,215" step="2"/><U42/><E129/><V125/><F14/><W20/><G20/><T29/><D29/><U55/><E128/><V77/><F77/><W120/><G120/><T31/><D31/><U3/><E122/><V118/><F118/><W80/><G80/><T71/><D71/><U66/><E69/><V124/><F17/><W87/><G87/><T115/><D115/><U53/><E84/><V49/><F18/><W65/><G65/><T13/><D13/><U123/><E66/><V74/><F74/><W32/><G32/><T23/><D23/><U127/><E70/><V78/><F78/><W22/><G22/><T67/><D67/><U130/><E130/><V26/><F28/><W121/><G121/><T25/><D25/><AGARI ba="0,2" hai="8,9,25,30,33,50,52,57,58,62,64,91,93,97" machi="25" ten="40,12000,1" yaku="1,1,52,2,54,1,53,0" doraHai="5" doraHaiUra="102" who="3" fromWho="0" sc="230,-120,329,0,206,0,215,140" owari="110,-39.0,329,12.9,206,-19.4,355,45.5" /></mjloggm>