<mjloggm ver="2.3"><GO type="225" lobby="0"/><UN n0="%E3%81%BF%E3%81%BF%E3%81%9A" n1="%E3%80%93%E3%81%97%E3%83%BC%E3%82%89%E3%80%93" n2="%E3%83%AD%E3%83%83%E3%83%86%E9%9B%80%E7%90%83" n3="%48%61%61%61%6C%61%6E%64" dan="18,16,16,18" rate="2257.82,2143.95,2159.56,2206.83" sx="M,M,M,M"/><TAIKYOKU oya="0"/><INIT seed="0,0,0,5,4,22" ten="250,250,250,250" oya="0" hai0="24,14,97,47,64,2,51,40,19,7,85,1,134" hai1="68,33,20,53,83,77,57,50,26,89,38,42,15" hai2="60,62,93,96,8,32,88,133,5,44,6,92,78" hai3="82,130,84,65,31,66,9,100,98,69,55,63,135"/><T76/><D64/><U35/><E68/><V108/><F108/><W36/><G130/><T115/><D115/><U119/><E119/><V105/><F133/><W56/><G135/><T91/><D134/><U110/><E110/><V127/><F127/><W87/><G36/><T30/><D76/><U125/><E125/><V99/><F105/><W48/><G65/><T104/><D7/><U132/><E132/><V16/><F32/><W113/><G113/><T11/><D97/><U58/><E58/><V123/><F78/><W45/><G31/><T114/><D104/><U46/><E89/><V103/><F44/><W39/><G9/><T18/><D18/><U4/><E15/><N who="2" m="7271" /><F123/><W73/><G73/><T86/><D114/><U10/><E10/><V41/><F41/><N who="3" m="22719" /><G82/><T126/><D126/><U80/><E4/><AGARI ba="0,0" hai="4,5,6,60,62,88,92,93,96,99,103" m="7271" machi="4" ten="30,3900,0" yaku="8,1,54,2" doraHai="22" who="2" fromWho="1" sc="250,0,250,-39,250,39,250,0" /><INIT seed="1,0,0,1,3,74" ten="250,211,289,250" oya="1" hai0="126,60,89,43,77,122,112,49,129,15,58,113,46" hai1="99,42,45,64,111,123,115,12,128,90,17,9,108" hai2="78,1,31,55,86,97,50,69,66,2,114,132,120" hai3="134,30,20,26,93,98,57,52,53,124,127,119,25"/><U22/><E123/><V37/><F37/><W38/><G134/><T62/><D122/><U47/><E115/><V0/><F120/><W39/><G119/><T56/><D126/><N who="3" m="48169" /><G26/><T19/><D129/><U79/><E128/><V59/><F31/><W109/><G109/><N who="1" m="42058" /><E64/><V3/><F3/><W51/><G53/><T27/><D27/><N who="1" m="14799" /><E42/><V7/><F97/><W21/><G21/><T10/><D89/><AGARI ba="0,0" hai="20,25,30,38,39,51,52,57,89,93,98" m="48169" machi="89" ten="30,2000,0" yaku="18,1,54,1" doraHai="74" who="3" fromWho="0" sc="250,-20,211,0,289,0,250,20" /><INIT seed="2,0,0,0,3,60" ten="230,211,289,270" oya="2" hai0="58,22,124,40,17,135,118,8,13,63,100,6,68" hai1="30,38,88,78,117,32,64,129,80,107,24,99,125" hai2="53,79,31,133,84,123,50,66,5,29,90,25,43" hai3="46,41,74,33,1,75,106,35,9,21,47,12,70"/><V92/><F133/><W111/><G106/><T93/><D135/><U15/><E38/><V128/><F128/><W101/><G101/><T105/><D124/><U52/><E125/><V54/><F123/><W3/><G111/><T122/><D122/><U113/><E129/><V62/><F5/><W19/><G70/><T57/><D118/><U0/><E0/><V49/><F79/><W69/><G69/><T4/><D105/><U132/><E117/><V77/><F77/><W23/><G12/><T82/><D82/><U98/><E132/><V97/><F84/><W116/><G116/><T39/><D39/><U51/><E107/><V72/><F72/><W134/><G134/><T34/><D40/><U119/><E119/><V36/><F36/><W27/><G27/><T10/><D34/><U14/><E64/><V20/><F31/><W91/><G19/><T121/><D121/><U11/><E113/><V102/><F90/><W45/><G91/><T94/><D68/><U44/><E15/><V86/><F86/><W95/><G41/><T59/><D63/><U112/><E112/><V71/><REACH who="2" step="1"/><F50/><REACH who="2" ten="230,211,279,270" step="2"/><W28/><G28/><T73/><D73/><U127/><E127/><V55/><F55/><W87/><G75/><T67/><D100/><U48/><E48/><V96/><F96/><W104/><G74/><T130/><D130/><U83/><E78/><V109/><F109/><W85/><G85/><T2/><REACH who="0" step="1"/><D67/><REACH who="0" ten="220,211,279,270" step="2"/><U114/><E114/><V26/><F26/><AGARI ba="0,2" hai="2,4,6,8,10,13,17,22,26,57,58,59,93,94" machi="26" ten="40,2600,0" yaku="1,1,2,1,53,0" doraHai="60" doraHaiUra="103" who="0" fromWho="2" sc="220,46,211,0,279,-26,270,0" /><INIT seed="3,0,0,1,4,90" ten="266,211,253,270" oya="3" hai0="8,131,115,79,135,89,76,91,7,5,130,87,73" hai1="9,51,108,28,4,43,25,58,107,64,106,118,98" hai2="133,38,96,53,37,61,77,0,125,68,19,119,46" hai3="35,11,39,33,22,10,97,41,103,57,94,82,70"/><W88/><G70/><T93/><D73/><U71/><E108/><V49/><F119/><W26/><G39/><N who="2" m="14857" /><F19/><N who="3" m="12639" /><G33/><T32/><D32/><U60/><E118/><V24/><F96/><W92/><G35/><T62/><D135/><U127/><E127/><V128/><F24/><W84/><G41/><T134/><D134/><U116/><E116/><V34/><F77/><N who="3" m="46159" /><G57/><T59/><D115/><U54/><E43/><N who="2" m="24799" /><F0/><W65/><G65/><T48/><D5/><U18/><E18/><V86/><F86/><AGARI ba="0,0" hai="10,11,86,88,92,94,97,103" m="46159,12639" machi="86" ten="30,11600,0" yaku="8,1,52,2,54,1" doraHai="90" who="3" fromWho="2" sc="266,0,211,0,253,-116,270,116" owari="266,6.6,211,-18.9,137,-36.3,386,48.6" /></mjloggm>