<mjloggm ver="2.3"><GO type="225" lobby="0"/><UN n0="%E3%81%82%E3%81%84%E3%81%82%E3%81%8A%E3%81%84" n1="%73%61%6E%64%69%72%69%73" n2="%43%68%65" n3="%E6%97%A5%E6%9B%9C%E6%97%A5%E3%82%88%E3%82%8A%E3%81%AE%E4%BD%BF%E8%80%85" dan="18,16,16,17" rate="2223.42,2092.18,2098.37,2158.45" sx="M,M,M,M"/><TAIKYOKU oya="0"/><INIT seed="0,0,0,2,3,29" ten="250,250,250,250" oya="0" hai0="12,59,69,94,119,22,102,115,38,130,2,118,86" hai1="107,50,79,78,41,42,100,33,80,96,62,110,30" hai2="28,111,95,114,15,99,87,23,91,135,9,37,61" hai3="92,108,117,63,35,44,24,5,25,34,51,10,49"/><T123/><D69/><U129/><E79/><V134/><F114/><W125/><G117/><T93/><D38/><U6/><E110/><V21/><F37/><W47/><G108/><T31/><D2/><U82/><E129/><V4/><F111/><W18/><G125/><T1/><D1/><U65/><E6/><V73/><F73/><W40/><G63/><T54/><D115/><U16/><E82/><V45/><F28/><W56/><G56/><T0/><D0/><U3/><E3/><V27/><F45/><W81/><G92/><T76/><D123/><U74/><E50/><V122/><F122/><W83/><G18/><T48/><D130/><U109/><E16/><N who="2" m="12711" /><F23/><W72/><G72/><T11/><D102/><U106/><E106/><V58/><F135/><W67/><G67/><T43/><D43/><U70/><REACH who="1" step="1"/><E109/><REACH who="1" ten="250,240,250,250" step="2"/><V14/><F134/><W57/><G5/><N who="0" m="3183" /><D119/><U101/><E101/><V127/><F127/><W124/><G124/><T7/><D7/><U112/><E112/><V133/><F133/><W39/><G39/><T116/><D118/><U68/><E68/><V66/><F15/><W131/><G131/><T89/><D76/><U104/><E104/><V46/><F46/><W19/><G19/><T105/><D105/><U71/><E71/><V17/><F17/><W85/><G10/><T8/><D8/><U64/><E64/><V113/><F113/><W97/><G40/><T60/><D116/><U88/><E88/><V132/><F132/><W98/><G57/><T32/><D59/><U55/><E55/><V120/><F120/><W126/><G126/><RYUUKYOKU ba="0,1" sc="250,-30,240,10,250,10,250,10" hai1="30,33,41,42,62,65,70,74,78,80,96,100,107" hai2="4,9,14,58,61,66,87,91,95,99" hai3="24,25,34,35,44,47,49,51,81,83,85,97,98" /><INIT seed="1,1,1,4,3,39" ten="220,250,260,260" oya="1" hai0="90,89,35,59,46,56,87,19,8,80,127,108,58" hai1="43,28,76,68,120,5,27,113,73,4,23,126,1" hai2="67,97,53,117,29,10,116,92,96,119,34,3,21" hai3="37,24,12,64,57,44,6,101,134,36,106,100,13"/><U15/><E68/><V65/><F34/><W30/><G134/><T26/><D108/><U70/><E70/><V98/><F92/><W125/><G125/><T55/><D127/><U72/><E126/><V110/><F110/><W83/><G83/><T130/><D130/><U81/><E113/><V133/><F133/><W33/><G36/><T95/><D35/><U11/><E120/><V78/><F78/><W52/><G6/><T99/><D46/><U0/><E73/><V14/><F3/><W114/><G114/><T85/><D85/><U61/><E61/><V88/><F53/><W48/><G101/><T9/><REACH who="0" step="1"/><D55/><REACH who="0" ten="210,250,260,260" step="2"/><U118/><E118/><V63/><F117/><W79/><G33/><T132/><D132/><U91/><E5/><V84/><F84/><W122/><G44/><T86/><D86/><U77/><E77/><V111/><F111/><W107/><G79/><T32/><D32/><U93/><REACH who="1" step="1"/><E43/><REACH who="1" ten="210,240,260,260" step="2"/><V22/><F119/><W105/><G122/><T42/><D42/><U50/><E50/><V40/><F40/><W109/><G109/><T94/><D94/><U17/><E17/><V102/><F116/><W129/><G37/><T60/><D60/><U66/><E66/><V20/><F67/><W82/><G64/><T41/><D41/><U18/><E18/><V115/><F63/><W31/><G48/><T112/><D112/><U128/><E128/><V69/><F115/><W54/><G129/><T49/><D49/><U7/><E7/><V74/><F65/><W135/><G135/><T38/><D38/><U71/><E71/><V124/><F69/><RYUUKYOKU ba="1,3" sc="210,15,240,15,260,-15,260,-15" hai0="8,9,19,26,56,58,59,80,87,89,90,95,99" hai1="0,1,4,11,15,23,27,28,72,76,81,91,93" /><INIT seed="1,2,3,5,4,33" ten="225,255,245,245" oya="1" hai0="64,34,43,116,2,109,25,102,74,63,40,7,80" hai1="26,87,39,35,134,55,103,47,58,23,56,0,88" hai2="120,9,71,10,95,117,22,119,32,67,129,38,19" hai3="13,41,118,73,110,81,50,57,100,17,75,66,3"/><U121/><E35/><V42/><F120/><W65/><G3/><T12/><D116/><U97/><E121/><V83/><F32/><W135/><G100/><T99/><D109/><U70/><E70/><V104/><F104/><W15/><G81/><T94/><D12/><U126/><E126/><V46/><F129/><W18/><G41/><T114/><D114/><U49/><E134/><V108/><F108/><W68/><G110/><T20/><D34/><U106/><E39/><V91/><F83/><W77/><G77/><T131/><D131/><U37/><E37/><V52/><F10/><W123/><G123/><T27/><D27/><U30/><REACH who="1" step="1"/><E0/><REACH who="1" ten="225,245,245,245" step="2"/><V93/><F71/><W107/><G68/><T133/><D133/><U86/><E86/><V112/><F38/><W85/><G135/><T105/><D2/><U82/><AGARI ba="2,4" hai="23,26,30,47,49,55,56,58,82,87,88,97,103,106" machi="82" ten="20,12000,1" yaku="1,1,0,1,7,1,54,1,53,1" doraHai="33" doraHaiUra="48" who="1" fromWho="1" sc="225,-42,245,166,245,-42,245,-42" /><INIT seed="1,3,0,1,1,9" ten="183,411,203,203" oya="1" hai0="95,87,65,112,64,122,92,50,134,53,120,56,106" hai1="26,107,18,77,132,105,60,73,118,88,46,39,98" hai2="117,114,81,28,1,48,91,21,104,17,115,97,19" hai3="100,111,10,49,43,2,89,131,74,8,93,101,123"/><U58/><E73/><V29/><F117/><W71/><G71/><T126/><D112/><N who="2" m="43050" /><F1/><W34/><G34/><T76/><D106/><U96/><E77/><V82/><F19/><W33/><G33/><T41/><D126/><U11/><E132/><V67/><F67/><N who="0" m="25674" /><D41/><U102/><E118/><V80/><F48/><W25/><G74/><T62/><D62/><U124/><E124/><V109/><F109/><W119/><G123/><N who="0" m="47147" /><D134/><U4/><E46/><V42/><F42/><W90/><G119/><T129/><D129/><U113/><E39/><V108/><F108/><W13/><G111/><T16/><D16/><U63/><E113/><V68/><F68/><W7/><G131/><T110/><D110/><U35/><E58/><V99/><F91/><W44/><G25/><T37/><D37/><U52/><E18/><V3/><F3/><W133/><G133/><T45/><D56/><U121/><E26/><N who="2" m="14639" /><F104/><W38/><G38/><T20/><D20/><U85/><E107/><V14/><F14/><W116/><G116/><T127/><D127/><U15/><E35/><V6/><F6/><W40/><G40/><T54/><D54/><U36/><E36/><V69/><F69/><W70/><G70/><T86/><D76/><U72/><E52/><V79/><F79/><W24/><G24/><T103/><D103/><U94/><E121/><V84/><F29/><W30/><G30/><T78/><D78/><U57/><E57/><V32/><F28/><W0/><G90/><T135/><D135/><U83/><E72/><V27/><F84/><AGARI ba="3,0" hai="45,50,53,84,86,87,92,95" m="47147,25674" machi="84" ten="30,1000,0" yaku="13,1" doraHai="9" who="0" fromWho="2" sc="183,19,411,0,203,-19,203,0" /><INIT seed="2,0,0,2,0,41" ten="202,411,184,203" oya="2" hai0="107,27,38,99,73,104,18,86,30,22,42,134,112" hai1="128,62,114,59,77,52,65,80,102,132,45,113,26" hai2="64,69,15,126,56,28,110,117,17,21,4,10,67" hai3="29,13,108,127,88,61,49,119,94,90,50,6,55"/><V14/><F117/><W100/><G119/><T57/><D73/><U129/><E102/><V46/><F69/><W16/><G108/><T89/><D112/><U75/><E132/><V74/><F74/><W8/><G127/><T68/><D68/><U2/><E2/><V53/><F126/><W40/><G29/><T76/><D134/><U3/><E3/><V54/><F28/><W24/><G100/><T70/><D70/><U118/><E118/><V58/><F110/><W1/><G1/><T0/><D0/><U20/><E65/><N who="2" m="25163" /><F54/><W12/><G24/><T121/><D121/><U101/><E101/><V39/><F39/><W71/><G71/><T72/><D99/><U84/><E75/><V103/><F103/><W51/><G40/><T25/><D57/><U97/><E97/><V92/><F92/><W105/><G105/><T63/><D42/><U36/><E36/><V11/><F11/><N who="3" m="6175" /><G94/><T48/><D38/><U31/><REACH who="1" step="1"/><E45/><REACH who="1" ten="202,401,184,203" step="2"/><V85/><F85/><W19/><G6/><T34/><D72/><U133/><E133/><V44/><F58/><AGARI ba="0,1" hai="8,13,19,49,50,51,55,58,61,88,90" m="6175" machi="58" ten="30,3900,0" yaku="8,1,54,2" doraHai="41" who="3" fromWho="2" sc="202,0,401,0,184,-39,203,49" /><INIT seed="3,0,0,3,2,113" ten="202,401,145,252" oya="3" hai0="20,123,46,43,39,91,36,74,55,33,134,63,121" hai1="90,93,80,62,26,59,89,131,52,40,87,108,77" hai2="57,99,18,30,120,58,19,119,100,64,125,132,31" hai3="106,88,83,86,12,114,28,66,41,53,9,84,94"/><W98/><G114/><T130/><D33/><U71/><E71/><V13/><F125/><W0/><G0/><T27/><D74/><U29/><E108/><V34/><F132/><W69/><G106/><T7/><D39/><U115/><E115/><V118/><F120/><W8/><G41/><T5/><D130/><U116/><E131/><V1/><F1/><W65/><G69/><T35/><D35/><U117/><E40/><V70/><F70/><W122/><G122/><T96/><D134/><U22/><REACH who="1" step="1"/><E90/><REACH who="1" ten="202,391,145,252" step="2"/><V92/><F19/><N who="3" m="8583" /><G28/><T24/><D91/><U111/><E111/><V45/><F45/><W47/><G9/><T78/><D43/><U2/><E2/><V95/><F95/><W82/><G82/><T3/><D46/><U32/><E32/><V51/><F58/><W17/><G17/><T135/><D3/><U10/><E10/><V97/><F97/><AGARI ba="0,1" hai="22,26,29,52,59,62,77,80,87,89,93,97,116,117" machi="97" ten="40,8000,1" yaku="1,1,52,2,54,1,53,0" doraHai="113" doraHaiUra="103" who="1" fromWho="2" sc="202,0,391,90,145,-80,252,0" owari="202,-19.8,481,58.1,65,-43.5,252,5.2" /></mjloggm>