<mjloggm ver="2.3"><GO type="225" lobby="0"/><UN n0="%E5%A4%96%E5%B7%9D%E7%AB%9C%E6%88%90" n1="%E3%83%A1%E3%82%AC%E3%83%87%E3%82%B8" n2="%6D%75%75%6D%75%72%61" n3="%E3%83%AD%E3%83%83%E3%83%86%E9%9B%80%E7%90%83" dan="16,16,16,17" rate="2251.58,2082.61,2218.55,2276.32" sx="M,F,F,M"/><TAIKYOKU oya="0"/><INIT seed="0,0,0,1,4,22" ten="250,250,250,250" oya="0" hai0="89,65,51,77,67,99,49,102,118,5,86,47,100" hai1="39,48,127,103,75,18,72,23,113,116,30,17,76" hai2="40,1,122,55,131,96,91,57,111,82,12,6,94" hai3="2,104,117,38,53,25,61,10,74,71,97,32,64"/><T81/><D118/><U20/><E39/><V43/><F122/><W109/><G109/><T129/><D129/><U52/><E116/><V35/><F131/><W33/><G117/><T4/><D77/><U26/><E127/><V46/><F1/><W13/><G53/><T11/><D51/><U16/><E113/><V44/><F35/><W37/><G74/><T132/><D132/><U3/><E3/><V27/><F111/><W123/><G123/><T133/><D133/><U41/><E41/><N who="2" m="15947" /><F82/><W45/><G13/><N who="0" m="5351" /><D5/><U98/><E76/><V108/><F27/><W50/><G50/><T78/><D89/><U19/><N who="1" m="4096" /><DORA hai="21" /><U54/><E54/><V66/><F66/><N who="0" m="25098" /><D99/><U8/><E23/><V36/><F36/><W105/><G33/><T73/><D73/><U14/><E14/><V101/><F91/><W15/><G45/><T83/><D83/><U95/><REACH who="1" step="1"/><E8/><REACH who="1" ten="250,240,250,250" step="2"/><N who="2" m="4119" /><F108/><W63/><G2/><T58/><D58/><AGARI ba="0,1" hai="20,26,30,48,52,58,72,75,95,98,103" m="4096" machi="58" ten="50,8000,1" yaku="1,1,52,2,54,2,53,0" doraHai="22,21" doraHaiUra="29,121" who="1" fromWho="0" sc="250,-80,240,90,250,0,250,0" /><INIT seed="1,0,0,2,0,131" ten="170,330,250,250" oya="1" hai0="65,44,116,30,86,92,120,55,72,90,106,124,112" hai1="130,110,121,96,81,108,64,62,57,97,104,84,32" hai2="13,94,41,31,83,10,27,36,118,61,5,6,50" hai3="95,114,29,77,21,79,74,75,135,126,40,8,73"/><U51/><E121/><V103/><F36/><W98/><G114/><T14/><D112/><U101/><E130/><V18/><F118/><W134/><G126/><T59/><D116/><U39/><E39/><V53/><F83/><W19/><G40/><T100/><D124/><U20/><E32/><V1/><F41/><W80/><G8/><T24/><D120/><U78/><E20/><V60/><F103/><W52/><G29/><T91/><D72/><U70/><E97/><V35/><F94/><W48/><G79/><T46/><D65/><U85/><E85/><V132/><F132/><N who="3" m="50731" /><G19/><T127/><D127/><U93/><E93/><V107/><F107/><W2/><G2/><T11/><D106/><U17/><E17/><V42/><F42/><W22/><G22/><T9/><D9/><U69/><REACH who="1" step="1"/><E51/><REACH who="1" ten="170,320,250,250" step="2"/><V16/><F18/><W133/><G21/><T7/><D100/><U4/><E4/><V89/><F6/><W37/><G37/><T0/><D0/><U71/><AGARI ba="0,1" hai="57,62,64,69,70,71,78,81,84,96,101,104,108,110" machi="71" ten="40,3900,0" yaku="1,1,0,1,53,0" doraHai="131" doraHaiUra="23" who="1" fromWho="1" sc="170,-13,320,49,250,-13,250,-13" /><INIT seed="1,1,0,4,2,43" ten="157,369,237,237" oya="1" hai0="117,68,113,31,8,81,91,62,120,126,114,102,13" hai1="128,103,3,58,93,78,46,7,18,27,104,88,127" hai2="53,86,95,29,21,19,51,98,48,124,32,25,87" hai3="115,106,132,123,28,22,57,79,60,9,89,35,36"/><U94/><E127/><V97/><F124/><W12/><G35/><T52/><D126/><U119/><E119/><V77/><F77/><W67/><G115/><T110/><D117/><U71/><E71/><V84/><F95/><W90/><G106/><T23/><D120/><U10/><E78/><V6/><F6/><W55/><G36/><T125/><D125/><U63/><E128/><V69/><F69/><W100/><G132/><T111/><D102/><U41/><E104/><V70/><F70/><W121/><G121/><T20/><D20/><U34/><E103/><V131/><F131/><W56/><G123/><T101/><D23/><U40/><E40/><V37/><F37/><W49/><G100/><T2/><D31/><U107/><E107/><V66/><F66/><W11/><G79/><T15/><D15/><U4/><E4/><V116/><F48/><W38/><G38/><T5/><D2/><U135/><E135/><V0/><F0/><W26/><REACH who="3" step="1"/><G9/><REACH who="3" ten="157,369,237,227" step="2"/><T50/><D101/><U59/><E10/><V134/><F134/><W61/><G61/><T129/><D129/><U14/><E63/><V99/><F116/><W122/><G122/><T118/><D118/><U64/><E34/><V39/><F39/><W82/><G82/><T75/><D114/><U45/><E3/><V109/><F32/><W44/><G44/><N who="0" m="27719" /><D113/><U83/><E83/><V73/><F73/><W54/><G54/><T17/><D75/><U16/><E94/><V72/><F72/><W24/><G24/><T80/><D80/><U33/><E93/><V108/><F53/><W65/><G65/><RYUUKYOKU ba="1,1" sc="157,-10,369,-10,237,-10,227,30" hai3="11,12,22,26,28,49,55,56,57,60,67,89,90" /><INIT seed="2,2,1,1,5,109" ten="147,359,227,257" oya="2" hai0="16,72,90,38,41,94,133,100,127,52,30,101,24" hai1="47,4,93,65,11,108,67,44,78,98,57,34,81" hai2="32,131,39,124,14,45,113,55,46,23,107,59,120" hai3="29,20,74,28,48,60,61,43,80,37,70,12,79"/><V77/><F120/><W125/><G37/><T10/><D72/><U123/><E34/><V66/><F107/><W26/><G125/><T31/><D127/><U1/><E108/><V54/><F124/><W3/><G3/><T13/><D133/><U21/><E21/><V135/><F135/><W99/><G70/><T63/><D41/><U83/><E123/><V9/><F32/><W0/><G0/><T17/><D38/><U8/><E8/><V105/><F105/><W51/><G29/><T49/><D63/><U117/><E83/><V91/><F113/><W7/><G99/><T89/><D17/><U33/><E33/><V95/><F39/><W85/><G74/><T58/><D90/><U110/><E117/><V62/><F131/><W71/><G71/><T53/><D53/><N who="2" m="19978" /><F23/><W50/><G43/><T102/><REACH who="0" step="1"/><D24/><REACH who="0" ten="137,359,227,257" step="2"/><U5/><E110/><V119/><F119/><W19/><G19/><T25/><D25/><U129/><E5/><N who="2" m="3375" /><F77/><W88/><G79/><T87/><AGARI ba="2,2" hai="10,13,16,30,31,49,52,58,87,89,94,100,101,102" machi="87" ten="30,8000,1" yaku="1,1,0,1,8,1,54,2,53,0" doraHai="109" doraHaiUra="134" who="0" fromWho="0" sc="137,106,359,-22,227,-42,257,-22" /><INIT seed="3,0,0,4,1,4" ten="243,337,185,235" oya="3" hai0="109,35,113,132,13,126,90,80,42,133,17,130,88" hai1="96,74,97,116,64,18,20,45,69,118,37,120,48" hai2="39,94,115,99,71,76,75,108,58,91,134,105,78" hai3="117,77,67,119,16,68,43,1,30,72,3,29,70"/><W123/><G43/><T32/><D109/><U55/><E74/><V14/><F71/><W107/><G107/><T61/><D126/><U122/><E37/><V33/><F108/><W79/><G67/><T9/><D130/><U93/><E64/><V59/><F115/><W28/><G72/><T8/><D113/><U27/><E69/><V52/><F33/><N who="0" m="12874" /><D61/><U127/><E127/><V110/><F39/><W51/><G30/><T112/><D112/><U65/><E65/><V44/><F110/><W87/><G87/><N who="0" m="50279" /><D90/><N who="1" m="55351" /><E97/><V100/><F134/><N who="0" m="51818" /><D42/><U114/><E114/><V85/><F75/><W5/><G51/><T106/><D106/><U125/><E125/><V15/><F78/><W131/><G131/><T128/><D128/><U24/><E24/><V60/><F76/><W102/><G102/><T86/><D86/><U84/><E84/><V36/><REACH who="2" step="1"/><F59/><REACH who="2" ten="243,337,175,235" step="2"/><W56/><G56/><T95/><D95/><U89/><E122/><V49/><F49/><W38/><G38/><T19/><D19/><U23/><E120/><V121/><F121/><W6/><G123/><T54/><D54/><U10/><E55/><V101/><F101/><W11/><G16/><T40/><D40/><AGARI ba="0,1" hai="14,15,36,40,44,52,58,60,85,91,94,99,100,105" machi="40" ten="40,2600,0" yaku="1,1,54,1,53,0" doraHai="4" doraHaiUra="73" who="2" fromWho="0" sc="243,-26,337,0,175,36,235,0" owari="217,-18.3,337,43.7,211,-28.9,235,3.5" /></mjloggm>