<mjloggm ver="2.3"><GO type="225" lobby="0"/><UN n0="%E9%97%98%E5%B0%86%E3%81%A0%E3%82%93%E3%81%A7%E3%81%83" n1="%E8%B6%85%E7%B4%9A%E9%B3%B3%E5%87%B0" n2="%E3%81%86%E3%81%A9%E3%82%93%E3%81%93" n3="%4C%4F%4C%49%54%41" dan="16,17,16,16" rate="2140.62,2203.40,2162.61,2167.22" sx="M,M,M,F"/><TAIKYOKU oya="0"/><INIT seed="0,0,0,3,1,58" ten="250,250,250,250" oya="0" hai0="6,75,28,34,99,60,112,9,21,131,85,93,12" hai1="82,79,125,62,87,133,47,51,19,46,56,101,89" hai2="48,17,130,128,119,31,76,102,126,18,116,30,80" hai3="129,100,53,42,66,78,59,117,103,13,49,122,68"/><T134/><D112/><U55/><E125/><V45/><F102/><W83/><G117/><N who="2" m="45129" /><F126/><W37/><G129/><N who="2" m="49769" /><F31/><W0/><G0/><T8/><D34/><U16/><E133/><V108/><F30/><W32/><G32/><T44/><D75/><U27/><E101/><V96/><F96/><W106/><G13/><T114/><D114/><U3/><E3/><V35/><F35/><W25/><G25/><T118/><D118/><U15/><E79/><V43/><F108/><W121/><G106/><T105/><D134/><U70/><E27/><V111/><F111/><W135/><G135/><T127/><D127/><U92/><E82/><V90/><F90/><W94/><G94/><T95/><D131/><U120/><E120/><N who="3" m="46186" /><G83/><T65/><D105/><U5/><E70/><V1/><F1/><W23/><G23/><T86/><D95/><U29/><E29/><V107/><F107/><W91/><G91/><T61/><D21/><U88/><E89/><V39/><F39/><W63/><G78/><T22/><D22/><U50/><E5/><V104/><F104/><W26/><G26/><T57/><D28/><U38/><E38/><V113/><F113/><W132/><G132/><T110/><D110/><U77/><E77/><V4/><F4/><W24/><G24/><T41/><D93/><U84/><E87/><AGARI ba="0,0" hai="17,18,43,45,48,76,80,87" m="49769,45129" machi="87" ten="30,2000,0" yaku="12,1,19,1" doraHai="58" who="2" fromWho="1" sc="250,0,250,-20,250,20,250,0" /><INIT seed="1,0,0,3,4,117" ten="250,230,270,250" oya="1" hai0="55,42,78,126,116,34,79,0,25,11,21,43,30" hai1="134,128,3,81,9,104,23,133,86,33,2,51,72" hai2="99,24,35,12,38,39,135,125,57,4,73,68,18" hai3="87,60,130,105,54,106,41,15,59,65,127,102,70"/><U107/><E33/><V26/><F68/><W52/><G127/><T5/><D116/><U44/><E72/><V76/><F125/><W100/><G130/><T40/><D126/><U63/><E128/><V66/><F4/><W50/><G41/><T129/><D129/><U115/><E115/><V110/><F76/><W36/><G36/><T19/><REACH who="0" step="1"/><D55/><REACH who="0" ten="240,230,270,250" step="2"/><U14/><E134/><V77/><F135/><W1/><G54/><T58/><D58/><U27/><E133/><V16/><F57/><W56/><G56/><T28/><D28/><U8/><E2/><V97/><F110/><W62/><G70/><T119/><D119/><U85/><E3/><V74/><F39/><W83/><G1/><T93/><D93/><U90/><E107/><V17/><F38/><W13/><G105/><T37/><D37/><U6/><E104/><V69/><F69/><W103/><G106/><T95/><D95/><U61/><E8/><V22/><F66/><W82/><G65/><T101/><D101/><U111/><E111/><V96/><F35/><W91/><G83/><T84/><D84/><U131/><E86/><V108/><F108/><W67/><G67/><T64/><D64/><U10/><E10/><V7/><F74/><W71/><G71/><T45/><D45/><U31/><E131/><V123/><F123/><W113/><G113/><T53/><D53/><AGARI ba="0,1" hai="6,9,14,23,27,31,44,51,53,61,63,81,85,90" machi="53" ten="30,2900,0" yaku="7,1,8,1" doraHai="117" who="1" fromWho="0" sc="240,-29,230,39,270,0,250,0" /><INIT seed="1,1,0,2,2,12" ten="211,269,270,250" oya="1" hai0="59,7,20,122,43,131,91,34,101,100,67,70,123" hai1="90,15,95,68,17,133,130,22,116,16,49,4,8" hai2="11,113,111,112,121,64,6,44,66,127,128,105,37" hai3="76,134,114,24,2,84,79,62,25,88,96,98,74"/><U58/><E116/><V52/><F121/><N who="0" m="46090" /><D34/><U33/><E33/><V19/><F105/><W102/><G114/><N who="2" m="44137" /><F111/><W99/><G2/><T108/><D70/><U57/><E68/><V30/><F30/><W10/><G134/><T132/><D132/><U71/><E71/><V27/><F128/><W129/><G129/><T13/><D131/><U14/><E130/><V18/><F127/><W39/><G39/><T48/><D108/><U40/><E133/><V38/><F38/><W92/><G10/><N who="0" m="4319" /><D91/><U41/><E4/><V89/><F89/><W124/><G124/><T118/><D118/><U56/><E49/><N who="2" m="28711" /><F37/><W53/><G102/><T125/><D125/><U46/><E46/><V36/><F36/><W32/><G32/><T29/><D43/><U97/><AGARI ba="1,0" hai="8,14,15,16,17,22,40,41,56,57,58,90,95,97" machi="97" ten="30,12000,1" yaku="0,1,8,1,52,2,54,1" doraHai="12" who="1" fromWho="1" sc="211,-41,269,123,270,-41,250,-41" /><INIT seed="1,2,0,4,4,117" ten="170,392,229,209" oya="1" hai0="17,104,7,123,83,65,71,44,116,66,28,106,5" hai1="82,101,118,56,105,95,64,107,120,14,3,73,69" hai2="11,40,22,49,103,4,20,129,80,63,29,76,30" hai3="125,70,38,74,12,128,25,50,133,134,111,94,77"/><U99/><E118/><V92/><F129/><W93/><G38/><T78/><D116/><U124/><E3/><V59/><F29/><W127/><G70/><T6/><D28/><U68/><E14/><V48/><F92/><N who="3" m="35435" /><G25/><T110/><D110/><U10/><E10/><V1/><F103/><W113/><G12/><T43/><D17/><U81/><E56/><V87/><F30/><W132/><G50/><T52/><D52/><U79/><E82/><V60/><F60/><W88/><G113/><T53/><D53/><U23/><E23/><V121/><F121/><W58/><G58/><T47/><D123/><U96/><E120/><V8/><F8/><W126/><G111/><T41/><D83/><U122/><E122/><V34/><F34/><W0/><G0/><T61/><D78/><U86/><E64/><V19/><F40/><W84/><G128/><T109/><D109/><U89/><E124/><V57/><F57/><W18/><G18/><T9/><D9/><U33/><E33/><V36/><F36/><W97/><G97/><T46/><REACH who="0" step="1"/><D66/><REACH who="0" ten="160,392,229,209" step="2"/><U67/><E67/><V62/><F62/><W15/><G77/><T91/><D91/><U90/><E89/><V37/><F19/><W100/><G100/><AGARI ba="2,1" hai="68,69,73,79,81,86,90,95,96,99,100,101,105,107" machi="100" ten="40,7700,0" yaku="9,1,24,2" doraHai="117" who="1" fromWho="3" sc="160,0,392,93,229,0,209,-83" /><INIT seed="1,3,0,4,3,54" ten="160,485,229,126" oya="1" hai0="78,53,35,108,58,21,38,112,110,15,129,130,19" hai1="31,0,57,56,125,16,98,121,127,101,97,67,47" hai2="63,36,93,73,7,116,24,60,87,114,6,70,25" hai3="2,91,117,66,20,26,120,34,41,46,9,103,3"/><U80/><E121/><V85/><F93/><W61/><G120/><T14/><D112/><U30/><E0/><V75/><F36/><W18/><G117/><T8/><D38/><U131/><E131/><N who="0" m="50185" /><D78/><U134/><E134/><V132/><F70/><W11/><G103/><T65/><D65/><U88/><E47/><V50/><F50/><W40/><G34/><T52/><D35/><U82/><E67/><V62/><F132/><W86/><G2/><T69/><D69/><U102/><E16/><V90/><F90/><AGARI ba="3,0" hai="30,31,56,57,80,82,88,90,97,98,101,102,125,127" machi="90" ten="25,12000,1" yaku="22,2,52,2,54,1" doraHai="54" who="1" fromWho="2" sc="160,0,485,129,229,-129,126,0" /><INIT seed="1,4,0,3,3,88" ten="160,614,100,126" oya="1" hai0="36,58,67,75,8,125,48,74,45,16,30,57,63" hai1="97,4,55,61,93,118,18,101,11,37,7,15,60" hai2="21,117,47,49,120,32,94,84,112,100,121,5,41" hai3="107,39,91,83,31,10,68,20,34,29,77,27,96"/><U86/><E118/><V130/><F117/><W70/><G39/><T35/><D125/><U46/><E86/><V19/><F32/><W50/><G31/><T79/><D36/><U54/><E37/><V2/><F130/><W133/><G133/><T108/><D108/><U128/><E128/><V9/><F112/><W110/><G110/><T38/><D38/><U56/><E46/><V24/><REACH who="2" step="1"/><F100/><REACH who="2" ten="160,614,90,126" step="2"/><W106/><G34/><T99/><D35/><U115/><E115/><V85/><F85/><W92/><G10/><T95/><D74/><U69/><E69/><V28/><F28/><W76/><G68/><T6/><D75/><U78/><E78/><V119/><F119/><W104/><G70/><T52/><D79/><U80/><E80/><V59/><F59/><AGARI ba="4,1" hai="4,7,11,15,18,54,55,56,59,60,61,93,97,101" machi="59" ten="40,7700,0" yaku="9,1,8,1,52,1" doraHai="88" who="1" fromWho="2" sc="160,0,614,99,90,-89,126,0" /><INIT seed="1,5,0,5,5,113" ten="160,713,1,126" oya="1" hai0="17,47,37,123,70,16,103,34,108,2,27,114,26" hai1="1,9,68,14,35,61,49,94,15,74,119,76,79" hai2="122,31,104,12,129,65,95,85,43,24,67,6,63" hai3="22,11,3,106,21,45,78,18,107,88,112,120,46"/><U86/><E35/><V52/><F122/><W29/><G120/><T111/><D70/><U84/><E74/><V117/><F104/><W83/><G112/><T93/><D114/><U13/><E1/><V75/><F75/><W92/><G29/><T80/><D2/><U102/><E119/><V72/><F72/><W81/><G3/><T19/><D123/><U48/><E9/><N who="2" m="4151" /><F129/><W121/><G11/><T131/><D80/><U25/><E25/><V105/><F43/><W40/><G121/><T55/><D131/><U69/><E61/><V50/><F105/><W41/><G92/><T110/><D34/><U54/><E14/><V116/><F63/><W36/><G18/><T42/><D55/><U23/><E54/><V90/><F116/><W38/><REACH who="3" step="1"/><G88/><REACH who="3" ten="160,713,1,116" step="2"/><T101/><D103/><U10/><E102/><V87/><F117/><W59/><G59/><T5/><D5/><U118/><E118/><V53/><F87/><W125/><G125/><T115/><D115/><U51/><E86/><V71/><F71/><W39/><G39/><T124/><D124/><U128/><E84/><V20/><F53/><W77/><AGARI ba="5,1" hai="21,22,36,38,40,41,45,46,77,78,81,83,106,107" machi="77" ten="25,6400,0" yaku="1,1,0,1,22,2,53,0" doraHai="113" doraHaiUra="127" who="3" fromWho="3" sc="160,-21,713,-37,1,-21,116,89" owari="139,-26.1,676,77.6,-20,-52.0,205,0.5" /></mjloggm>