<mjloggm ver="2.3"><GO type="225" lobby="0"/><UN n0="%E3%83%81%E3%83%AF%E3%83%AF%E9%9A%8A%E9%95%B7" n1="%E5%B3%B6%E7%94%B0%E7%9C%9F%E5%A4%A2" n2="%E5%B8%86%E7%AB%8B%E5%A4%8F%E8%A1%A3" n3="%E6%9D%B1%E9%A2%A8%E3%81%AE%E3%81%8D%E3%82%83%E3%81%B7%E3%81%95%E3%82%93" dan="16,16,16,17" rate="2114.90,2113.30,2133.36,2213.46" sx="M,F,M,M"/><TAIKYOKU oya="0"/><INIT seed="0,0,0,4,4,74" ten="250,250,250,250" oya="0" hai0="64,25,135,61,53,81,4,92,128,99,88,108,131" hai1="94,111,105,57,89,130,66,52,98,3,75,45,70" hai2="117,56,124,71,6,123,77,40,9,33,38,100,31" hai3="86,97,55,16,133,26,35,121,91,119,54,11,87"/><T19/><D135/><U44/><E3/><V12/><F123/><W126/><G119/><T82/><D108/><U48/><E111/><V116/><F71/><W27/><G133/><T110/><D110/><U39/><E130/><N who="0" m="49705" /><D4/><U122/><E122/><V73/><F100/><W0/><G0/><T120/><D120/><U114/><E114/><V21/><F124/><W95/><G126/><T51/><D19/><U83/><E105/><V30/><F33/><W13/><G121/><T24/><D82/><U78/><REACH who="1" step="1"/><E39/><REACH who="1" ten="250,240,250,250" step="2"/><V32/><F38/><W34/><G34/><T10/><D10/><U20/><E20/><V112/><F21/><W132/><G132/><T17/><D17/><U42/><E42/><V5/><F40/><W93/><G35/><T58/><D81/><U63/><AGARI ba="0,1" hai="44,45,48,52,57,63,66,70,75,78,83,89,94,98" machi="63" ten="30,8000,1" yaku="1,1,0,1,52,1,54,1,53,1" doraHai="74" doraHaiUra="90" who="1" fromWho="1" sc="250,-40,240,90,250,-20,250,-20" /><INIT seed="1,0,0,4,1,78" ten="210,330,230,230" oya="1" hai0="13,43,131,106,16,44,21,127,38,10,37,133,85" hai1="82,87,110,27,91,94,24,26,107,5,61,15,64" hai2="51,8,69,70,134,117,84,53,6,34,1,118,77" hai3="56,60,101,95,14,89,72,30,105,76,93,90,125"/><U71/><E107/><V11/><F34/><W104/><G125/><T114/><D114/><U52/><E110/><V120/><F120/><W130/><G30/><T119/><D119/><U115/><E115/><V23/><F134/><W25/><G25/><T66/><D106/><U49/><E5/><V112/><F112/><W9/><G130/><T63/><D131/><U22/><E15/><V40/><F69/><W3/><G3/><T36/><D133/><U42/><E42/><V58/><F70/><W50/><G50/><T65/><D127/><U81/><REACH who="1" step="1"/><E22/><REACH who="1" ten="210,320,230,230" step="2"/><V2/><F23/><W54/><G105/><T121/><D121/><U4/><E4/><V74/><F40/><W96/><G104/><T83/><D21/><U111/><E111/><V35/><F2/><W116/><G116/><T19/><D19/><U12/><E12/><V59/><F1/><W45/><G14/><T57/><REACH who="0" step="1"/><D65/><REACH who="0" ten="200,320,230,230" step="2"/><U86/><E86/><V113/><F84/><N who="3" m="52391" /><G72/><T122/><D122/><U108/><E108/><V129/><F113/><W97/><G97/><T48/><D48/><U80/><E80/><V123/><F123/><W135/><G135/><T28/><D28/><U99/><E99/><V20/><F118/><W0/><G96/><T73/><D73/><U88/><E88/><AGARI ba="0,2" hai="10,13,16,36,37,38,43,44,57,63,66,83,85,88" machi="88" ten="30,12000,2" yaku="1,1,7,1,52,1,54,2,53,1" doraHai="78" doraHaiUra="39" who="0" fromWho="1" sc="200,140,320,-120,230,0,230,0" /><INIT seed="2,0,0,2,4,10" ten="340,200,230,230" oya="2" hai0="35,103,16,117,42,115,21,43,64,109,68,1,55" hai1="34,47,3,61,70,36,60,106,73,89,14,2,131" hai2="116,90,126,120,24,69,39,135,75,93,107,9,15" hai3="40,17,95,26,58,82,104,19,128,57,129,122,44"/><V84/><F120/><W62/><G104/><T88/><D115/><U56/><E106/><V65/><F116/><W7/><G122/><T63/><D35/><U13/><E34/><V29/><F107/><W91/><G82/><T86/><D1/><U49/><E73/><V119/><F119/><W80/><G7/><T124/><D117/><U111/><E36/><V27/><F39/><W51/><G80/><T87/><D109/><U20/><E111/><V71/><F75/><W85/><G58/><N who="0" m="36983" /><D124/><U25/><E70/><V92/><F135/><W102/><G102/><T118/><D68/><U59/><E3/><V33/><F126/><W72/><G72/><T110/><D103/><U38/><E38/><V31/><F92/><W97/><G85/><T4/><D4/><U50/><E2/><V101/><F65/><W48/><G48/><N who="1" m="18538" /><E47/><V45/><F101/><W112/><G112/><T66/><D66/><N who="1" m="39175" /><E89/><V76/><F45/><W105/><G105/><T23/><D110/><U32/><E32/><V100/><F100/><W54/><REACH who="3" step="1"/><G17/><REACH who="3" ten="340,200,230,220" step="2"/><T22/><D16/><N who="1" m="12423" /><E131/><V74/><F74/><W127/><G127/><T114/><D114/><U18/><E18/><N who="2" m="8559" /><F76/><W28/><G28/><T37/><D118/><U83/><E83/><V53/><F31/><W125/><G125/><T96/><D88/><U12/><E59/><V0/><F71/><W121/><G121/><T113/><D113/><U67/><E61/><V130/><F69/><W108/><G108/><T30/><D37/><U132/><E132/><V77/><F77/><W133/><G133/><T41/><D30/><U98/><E98/><RYUUKYOKU ba="0,1" sc="340,-15,200,15,230,-15,220,15" hai1="12,13,14,67" hai3="19,26,40,44,51,54,57,62,91,95,97,128,129" /><INIT seed="3,1,1,4,3,59" ten="325,215,215,235" oya="3" hai0="128,78,65,13,60,96,109,56,27,30,63,111,81" hai1="82,116,57,125,31,89,133,42,32,85,79,127,0" hai2="51,26,54,5,91,75,9,102,72,106,97,76,121" hai3="71,101,49,29,74,122,135,120,113,46,61,83,22"/><W107/><G113/><T33/><D128/><U1/><E133/><V77/><F121/><W93/><G135/><T132/><D132/><U28/><E42/><V53/><F75/><W36/><G36/><T129/><D129/><U19/><E116/><V126/><F126/><N who="1" m="48137" /><E19/><V70/><F70/><W4/><G4/><T110/><D13/><U52/><E79/><V67/><F67/><W69/><G107/><T41/><D41/><U105/><E105/><V117/><F117/><W21/><G122/><T104/><D60/><N who="1" m="35879" /><E32/><V14/><F72/><W99/><G120/><T40/><D40/><U43/><E43/><V68/><F68/><W48/><G69/><T66/><D104/><U58/><E58/><V12/><F76/><W23/><G29/><AGARI ba="1,1" hai="0,1,28,29,31,82,85,89" m="35879,48137" machi="29" ten="30,3900,0" yaku="18,1,52,1,54,1" doraHai="59" who="1" fromWho="3" sc="325,0,215,52,215,0,235,-42" owari="325,42.5,267,6.7,215,-18.5,193,-30.7" /></mjloggm>