<mjloggm ver="2.3"><GO type="225" lobby="0"/><UN n0="%E3%83%81%E3%83%AF%E3%83%AF%E9%9A%8A%E9%95%B7" n1="%E5%8D%A0%E3%81%84%E5%B8%AB%E8%A3%8F%E3%81%AA%E3%81%84%E3%81%97" n2="%E3%81%BF%E3%81%BF%E3%81%9A" n3="%E3%83%A9%E3%83%96%E3%83%AC%E3%83%BC" dan="16,17,18,16" rate="2088.27,2203.42,2281.20,2085.85" sx="M,M,M,M"/><TAIKYOKU oya="0"/><INIT seed="0,0,0,5,2,69" ten="250,250,250,250" oya="0" hai0="91,65,103,71,121,40,73,84,115,124,11,120,113" hai1="34,98,96,111,127,26,50,83,44,134,19,24,100" hai2="108,62,33,7,56,13,99,10,66,6,54,59,53" hai3="94,106,70,45,118,133,116,31,8,76,42,86,87"/><T74/><D40/><U43/><E111/><V63/><F108/><W37/><G106/><T126/><D11/><U60/><E127/><N who="0" m="48681" /><D65/><U16/><E134/><V51/><F33/><W123/><G70/><T72/><D103/><U89/><E34/><V46/><REACH who="2" step="1"/><F99/><REACH who="2" ten="250,250,240,250" step="2"/><W14/><G118/><T2/><D71/><U78/><E96/><V1/><F1/><W90/><G116/><T58/><D2/><U27/><E98/><V112/><F112/><N who="0" m="43082" /><D58/><U135/><E135/><V20/><F20/><W49/><G133/><T36/><D36/><U122/><E100/><V17/><AGARI ba="0,1" hai="6,7,10,13,17,46,51,53,54,56,59,62,63,66" machi="17" ten="20,5200,0" yaku="1,1,0,1,7,1,8,1,53,0" doraHai="69" doraHaiUra="21" who="2" fromWho="2" sc="250,-26,250,-13,240,62,250,-13" /><INIT seed="1,0,0,0,2,89" ten="224,237,302,237" oya="1" hai0="73,40,77,26,57,2,31,56,66,103,81,127,79" hai1="24,55,85,28,110,135,51,50,71,1,97,0,19" hai2="104,87,15,95,14,60,120,25,8,18,69,7,113" hai3="12,22,134,133,30,45,32,59,34,90,92,74,128"/><U82/><E71/><V130/><F120/><W10/><G74/><T131/><D2/><U124/><E124/><V44/><F104/><W39/><G128/><T53/><D127/><U84/><E135/><N who="3" m="51722" /><G59/><T99/><D131/><U129/><E129/><V21/><F130/><W36/><G22/><T20/><D77/><U68/><E68/><V102/><F113/><W101/><G101/><T64/><D40/><U61/><E110/><V67/><F44/><W47/><G47/><T42/><D42/><U41/><E41/><V111/><F111/><W107/><G45/><T75/><D75/><U17/><E61/><V11/><F87/><N who="3" m="52319" /><G107/><T93/><REACH who="0" step="1"/><D56/><REACH who="0" ten="214,237,302,237" step="2"/><U27/><E28/><V35/><F69/><W38/><G30/><T76/><D76/><U9/><E82/><V43/><F43/><W70/><G70/><T65/><D65/><U126/><E126/><V105/><F67/><W109/><G109/><T121/><D121/><U3/><E55/><V112/><F112/><W13/><G39/><T114/><D114/><U119/><E1/><V80/><F35/><W132/><G132/><T122/><D122/><U98/><REACH who="1" step="1"/><E9/><REACH who="1" ten="214,227,302,237" step="2"/><V83/><F11/><W72/><G10/><T96/><D96/><U88/><E88/><V115/><F8/><W86/><G38/><T117/><D117/><AGARI ba="0,2" hai="0,3,17,19,24,27,50,51,84,85,97,98,117,119" machi="117" ten="25,4800,0" yaku="1,1,22,2,53,0" doraHai="89" doraHaiUra="54" who="1" fromWho="0" sc="214,-48,227,68,302,0,237,0" /><INIT seed="1,1,0,3,5,104" ten="166,295,302,237" oya="1" hai0="125,66,38,88,74,28,129,16,53,20,22,83,55" hai1="9,8,99,63,45,68,48,128,114,113,130,90,23" hai2="29,98,132,102,56,85,19,121,59,67,95,58,123" hai3="108,32,72,112,49,25,131,93,61,69,50,110,77"/><U34/><E34/><V26/><F132/><W76/><G112/><N who="1" m="43114" /><E23/><V14/><F67/><N who="3" m="41199" /><G131/><N who="1" m="50218" /><E90/><V39/><F39/><W46/><G46/><T54/><D129/><U94/><E94/><V71/><F71/><W0/><G77/><T96/><D38/><U117/><E99/><V80/><F26/><W106/><G0/><T33/><D33/><U51/><E117/><V30/><F123/><W120/><G120/><T134/><D134/><U73/><E73/><V70/><F70/><W124/><G124/><T116/><D125/><U111/><E111/><N who="3" m="42538" /><G93/><T12/><D116/><U3/><E3/><V18/><F121/><W92/><G92/><T86/><D96/><U11/><E45/><V1/><F1/><W101/><G101/><T79/><D28/><N who="2" m="10858" /><F14/><W60/><G25/><T75/><D20/><U7/><E7/><V42/><F42/><W107/><G107/><T133/><D133/><U118/><E118/><V78/><AGARI ba="1,0" hai="18,19,56,58,59,78,80,85,95,98,102" m="10858" machi="78" ten="30,1100,0" yaku="8,1" doraHai="104" who="2" fromWho="2" sc="166,-4,295,-6,302,14,237,-4" /><INIT seed="2,0,0,4,1,100" ten="162,289,316,233" oya="2" hai0="73,38,2,35,110,109,135,52,90,132,83,64,70" hai1="43,116,68,122,62,47,127,91,19,97,120,9,88" hai2="71,27,118,29,44,117,101,56,98,15,72,6,96" hai3="24,63,69,66,126,17,48,18,45,103,134,114,5"/><V54/><F71/><W49/><G126/><T50/><D2/><U129/><E116/><V33/><F72/><W86/><G134/><N who="0" m="51243" /><D35/><U106/><E127/><V32/><F96/><W13/><G5/><T11/><D11/><U51/><E129/><V121/><F121/><N who="1" m="46697" /><E19/><V55/><F32/><W37/><G24/><T30/><D30/><U4/><E62/><V57/><F44/><W59/><G114/><T42/><D90/><N who="1" m="34347" /><E68/><V81/><F81/><W85/><G18/><T16/><D83/><U92/><E92/><V93/><F15/><W77/><G17/><T119/><D16/><U112/><E112/><V14/><F14/><W76/><G13/><T128/><D73/><U115/><E115/><V28/><F6/><W89/><G89/><T82/><D82/><U53/><E53/><V41/><F28/><W133/><G86/><T74/><D74/><U125/><E125/><V22/><F117/><W40/><G85/><T75/><D75/><U105/><E97/><V34/><F118/><W95/><G95/><T23/><D119/><U8/><E8/><V102/><F93/><W61/><G133/><T36/><D128/><U131/><E131/><V108/><F98/><W94/><G94/><T20/><D42/><U10/><E10/><V78/><F41/><W124/><G124/><T113/><D113/><U7/><E7/><V0/><F55/><N who="3" m="34303" /><G103/><T80/><D80/><U25/><E25/><V58/><F54/><W46/><G77/><T67/><D70/><U31/><E31/><N who="2" m="19711" /><F78/><W104/><G76/><T26/><D26/><U21/><E21/><V87/><F22/><RYUUKYOKU ba="0,0" sc="162,-10,289,30,316,-10,233,-10" hai1="4,9,43,47,51,105,106" /><INIT seed="3,1,0,4,5,6" ten="152,319,306,223" oya="3" hai0="106,22,100,90,9,119,72,65,7,133,44,25,61" hai1="63,87,83,80,49,81,84,69,56,109,76,15,77" hai2="32,29,73,68,126,85,14,93,70,107,34,79,54" hai3="55,124,51,117,19,132,74,21,78,37,4,135,95"/><W5/><G117/><T105/><D72/><U118/><E109/><V10/><F107/><W39/><G78/><N who="1" m="30314" /><E69/><V125/><F73/><W52/><G74/><T46/><D119/><U96/><E118/><V59/><F70/><W17/><G95/><T99/><D106/><U128/><E128/><V16/><F68/><W31/><G21/><T88/><D133/><U97/><E49/><N who="2" m="31183" /><F29/><W92/><G92/><T23/><D23/><U42/><E42/><V110/><F110/><W111/><G51/><T62/><D44/><U102/><E15/><V66/><F66/><W108/><REACH who="3" step="1"/><G31/><REACH who="3" ten="152,319,306,213" step="2"/><T33/><D33/><U89/><E80/><N who="2" m="47263" /><F93/><W45/><G45/><T75/><D46/><U71/><E83/><V28/><F28/><W53/><G53/><T86/><D75/><U123/><E81/><V58/><F58/><W13/><G13/><T1/><D86/><U11/><E71/><V30/><F30/><W38/><G38/><T120/><D120/><U104/><E123/><V122/><F122/><W103/><G103/><T35/><D35/><U57/><E87/><V3/><F3/><W129/><G129/><T60/><REACH who="0" step="1"/><D65/><REACH who="0" ten="142,319,306,213" step="2"/><U113/><E84/><V114/><F114/><W8/><G8/><T18/><AGARI ba="1,2" hai="1,7,9,18,22,25,60,61,62,88,90,99,100,105" machi="18" ten="30,8000,1" yaku="1,1,2,1,0,1,52,1,54,1,53,0" doraHai="6" doraHaiUra="43" who="0" fromWho="0" sc="142,103,319,-21,306,-21,213,-41" /><INIT seed="4,0,0,1,3,43" ten="245,298,285,172" oya="0" hai0="75,53,131,102,47,76,74,45,49,89,38,20,32" hai1="56,117,122,87,134,33,11,64,24,27,114,123,100" hai2="14,52,6,135,18,128,124,54,118,107,91,62,95" hai3="58,111,88,55,104,9,96,51,73,19,127,3,22"/><T59/><D32/><U120/><E117/><V80/><F107/><W92/><G104/><T78/><D131/><U93/><E134/><V109/><F109/><W36/><G111/><T60/><D102/><U50/><E33/><V99/><F135/><W133/><G133/><T42/><D74/><U34/><E34/><V113/><F113/><W0/><G73/><T84/><D75/><U68/><E114/><V71/><F71/><W31/><G127/><T97/><D97/><U108/><E108/><V132/><F132/><W110/><G110/><T66/><D20/><U112/><E68/><V1/><F1/><W67/><G36/><T94/><AGARI ba="0,0" hai="38,42,45,47,49,53,59,60,66,76,78,84,89,94" machi="94" ten="20,7800,0" yaku="0,1,7,1,52,2" doraHai="43" who="0" fromWho="0" sc="245,78,298,-26,285,-26,172,-26" owari="323,42.3,272,7.2,259,-14.1,146,-35.4" /></mjloggm>