<mjloggm ver="2.3"><GO type="225" lobby="0"/><UN n0="%74%61%6B%65%2D%79%6F%75" n1="%E5%B8%86%E7%AB%8B%E5%A4%8F%E8%A1%A3" n2="%54%4F%52" n3="%E3%83%A2%E3%83%B3%E3%82%AD%E3%83%BC%E3%83%88%E3%83%AA%E3%83%83%E3%82%AF" dan="17,16,17,16" rate="2249.15,2095.05,2249.95,2152.90" sx="M,M,M,M"/><TAIKYOKU oya="0"/><INIT seed="0,0,0,2,0,130" ten="250,250,250,250" oya="0" hai0="97,7,17,63,42,26,80,52,85,134,43,14,49" hai1="71,67,76,105,12,102,89,78,62,0,121,64,109" hai2="27,77,50,132,3,19,51,28,58,35,125,21,48" hai3="75,84,92,68,32,9,128,33,106,82,74,99,113"/><T39/><D39/><U61/><E109/><V22/><F125/><W5/><G113/><T34/><D134/><U2/><E121/><V72/><F3/><W31/><G68/><T108/><D108/><U103/><E12/><V79/><F132/><W73/><G106/><T115/><D115/><U114/><E114/><V83/><F77/><W126/><G31/><T11/><D63/><U13/><E13/><V81/><F81/><W65/><G65/><T24/><D97/><U100/><E105/><V45/><F58/><W98/><G128/><T29/><D7/><U112/><E112/><V55/><REACH who="2" step="1"/><F35/><REACH who="2" ten="250,250,240,250" step="2"/><W119/><G126/><T46/><REACH who="0" step="1"/><D26/><AGARI ba="0,1" hai="19,21,22,26,27,28,45,48,50,51,55,72,79,83" machi="26" ten="30,3900,0" yaku="1,1,2,1,7,1,53,0" doraHai="130" doraHaiUra="111" who="2" fromWho="0" sc="250,-39,250,0,240,49,250,0" /><INIT seed="1,0,0,0,0,94" ten="211,250,289,250" oya="1" hai0="45,12,66,67,88,26,10,68,84,60,69,43,41" hai1="114,49,75,59,64,21,65,110,50,3,15,58,128" hai2="37,48,113,130,20,111,117,105,87,129,42,106,125" hai3="11,86,40,80,73,131,132,98,23,22,90,62,24"/><U44/><E3/><V112/><F37/><W134/><G131/><N who="2" m="50185" /><F117/><W5/><G40/><T4/><D26/><U123/><E75/><V27/><F111/><W63/><G73/><T101/><D101/><U118/><E118/><V0/><F0/><W93/><G11/><T6/><D6/><U18/><E128/><V34/><F34/><W91/><G5/><T124/><D124/><U82/><E114/><N who="2" m="44139" /><F87/><W83/><G83/><T51/><D66/><U135/><E135/><N who="3" m="51754" /><G22/><T53/><REACH who="0" step="1"/><D68/><REACH who="0" ten="201,250,289,250" step="2"/><U55/><E110/><V121/><F125/><W14/><G14/><T46/><D46/><U7/><E7/><V116/><F116/><W89/><G89/><T74/><D74/><U29/><E65/><V52/><F121/><W96/><G24/><T30/><D30/><U2/><E29/><N who="2" m="17639" /><F42/><W104/><G23/><T107/><D107/><U61/><E123/><V92/><F92/><AGARI ba="0,1" hai="4,10,12,41,43,45,51,53,60,67,69,84,88,92" machi="92" ten="30,3900,0" yaku="1,1,7,1,54,1,53,0" doraHai="94" doraHaiUra="25" who="0" fromWho="2" sc="201,49,250,0,289,-39,250,0" /><INIT seed="2,0,0,1,4,106" ten="250,250,250,250" oya="2" hai0="95,31,107,67,115,85,97,129,92,74,9,112,111" hai1="101,134,70,14,17,35,110,78,61,3,127,29,105" hai2="122,34,125,63,52,22,20,41,6,24,79,87,88" hai3="13,48,120,73,75,54,114,90,55,59,32,1,62"/><V10/><F122/><W96/><G32/><T121/><D121/><U94/><E127/><V64/><F125/><W58/><G1/><T102/><D111/><U71/><E110/><V82/><F41/><W28/><G120/><T2/><D129/><U8/><E134/><V84/><F34/><W21/><G114/><T0/><D31/><U118/><E118/><V38/><F38/><W33/><G33/><T128/><D128/><U51/><E105/><V86/><F52/><W56/><G56/><T133/><D133/><U15/><E15/><V108/><F108/><W130/><G130/><T99/><D67/><U65/><E78/><V19/><F22/><W36/><G36/><T117/><D117/><U46/><E3/><V113/><F113/><W53/><G53/><T7/><D2/><U30/><E70/><V44/><F44/><W76/><G76/><T72/><D85/><U43/><E35/><V131/><F131/><W45/><G45/><T42/><D42/><U132/><E132/><V69/><REACH who="2" step="1"/><F79/><REACH who="2" ten="250,250,240,250" step="2"/><W37/><G37/><T66/><D115/><U91/><REACH who="1" step="1"/><E101/><REACH who="1" ten="250,240,240,250" step="2"/><V98/><F98/><AGARI ba="0,2" hai="8,14,17,29,30,43,46,51,61,65,71,91,94,98" machi="98" ten="30,3900,0" yaku="1,1,2,1,7,1,53,0" doraHai="106" doraHaiUra="109" who="1" fromWho="2" sc="250,0,240,59,240,-39,250,0" /><INIT seed="3,0,0,3,1,8" ten="250,299,201,250" oya="3" hai0="85,47,125,63,76,96,83,26,56,5,40,41,16" hai1="80,111,71,4,59,119,89,60,115,43,11,69,30" hai2="55,116,7,90,106,78,9,53,75,133,65,121,33" hai3="32,113,118,28,61,124,24,12,126,101,100,110,107"/><W37/><G37/><T23/><D125/><N who="3" m="48233" /><G118/><T72/><D5/><U122/><E111/><V68/><F116/><W127/><N who="3" m="48241" /><W51/><DORA hai="39" /><G113/><T91/><D47/><U99/><E115/><V92/><F106/><W17/><G110/><T73/><D96/><U77/><E122/><V15/><F133/><W54/><G61/><T49/><D49/><U87/><E30/><V35/><F121/><W88/><G88/><T130/><D130/><U34/><E119/><V134/><F134/><W74/><G74/><T58/><D73/><U50/><E89/><V128/><F128/><W95/><G95/><T112/><D112/><U93/><E93/><V108/><F108/><W62/><G62/><T25/><D25/><U19/><E60/><V114/><F114/><W27/><G27/><T1/><D1/><U48/><E48/><V117/><F117/><W132/><G132/><T66/><D58/><U18/><E59/><V52/><F65/><W20/><G107/><T42/><D72/><U131/><E131/><V109/><F68/><W21/><G32/><T94/><D94/><U2/><E34/><V0/><F109/><W14/><G14/><T135/><D135/><U82/><E71/><V79/><F0/><W36/><G36/><T6/><D6/><U13/><E69/><V46/><F46/><AGARI ba="0,0" hai="12,17,20,21,24,28,46,51,54,100,101" m="48241" machi="46" ten="40,3900,0" yaku="18,1,52,1" doraHai="8,39" who="3" fromWho="2" sc="250,0,299,0,201,-39,250,39" /><INIT seed="3,1,0,5,1,3" ten="250,299,162,289" oya="3" hai0="38,72,60,92,35,89,85,63,116,106,135,104,77" hai1="23,118,11,33,20,67,78,48,107,82,120,18,93" hai2="84,15,103,71,86,26,14,70,44,125,99,98,81" hai3="36,114,109,134,87,43,100,108,113,64,55,46,112"/><W29/><G134/><T111/><D116/><U53/><E120/><V95/><F125/><W128/><G128/><T126/><D135/><U39/><E107/><V27/><F44/><W24/><G100/><T121/><D121/><U41/><E33/><V127/><F127/><W66/><G87/><T6/><D126/><U130/><E130/><V5/><F95/><W132/><G132/><T22/><D35/><U88/><E67/><V65/><F65/><W16/><G16/><T58/><D111/><N who="3" m="42569" /><G55/><T21/><D85/><U96/><E118/><V97/><F97/><W122/><G122/><T94/><D106/><U19/><E19/><V79/><F103/><W13/><G13/><T4/><D104/><U17/><E17/><V34/><F34/><AGARI ba="1,0" hai="24,29,34,36,43,46,64,66,112,113,114" m="42569" machi="34" ten="40,3900,0" yaku="14,1,10,1" doraHai="3" who="3" fromWho="2" sc="250,0,299,0,162,-42,289,42" owari="250,-15.0,299,9.9,120,-38.0,331,43.1" /></mjloggm>