<mjloggm ver="2.3"><GO type="225" lobby="0"/><UN n0="%33%74%72%65%65" n1="%E4%BA%95%E5%B8%AF" n2="%2D%E8%B1%8A%E5%8F%A3%E3%82%81%E3%81%90%E3%81%BF%2D" n3="%E8%83%83%E3%81%A8%E8%85%B8" dan="16,16,17,17" rate="2160.06,2042.96,2188.40,2162.39" sx="F,M,F,M"/><TAIKYOKU oya="0"/><INIT seed="0,0,0,3,4,9" ten="250,250,250,250" oya="0" hai0="11,98,49,1,104,7,84,47,135,93,107,134,64" hai1="67,99,71,101,74,23,85,19,65,2,122,46,87" hai2="30,115,128,57,68,114,59,109,126,52,36,15,6" hai3="113,103,69,12,73,40,53,121,16,102,86,56,34"/><T13/><D64/><U28/><E122/><V108/><F68/><W33/><G73/><T119/><D119/><U111/><E111/><N who="2" m="42571" /><F128/><W112/><G69/><T97/><D84/><U31/><E74/><V116/><F126/><W131/><G40/><T60/><D60/><U37/><E2/><V14/><F36/><W41/><G41/><N who="0" m="24815" /><D1/><U26/><E46/><V75/><F75/><W0/><G0/><T27/><D27/><U125/><E37/><V54/><F30/><W10/><G131/><T66/><D66/><U95/><E125/><V89/><F89/><W100/><G121/><T44/><D44/><U130/><E130/><V127/><F127/><W8/><G33/><T80/><D80/><U110/><E110/><V5/><F116/><W4/><G34/><T17/><D7/><N who="2" m="2570" /><F59/><W123/><G123/><T45/><D45/><U78/><E71/><V82/><F82/><W91/><G113/><N who="2" m="43017" /><F54/><W133/><G112/><T3/><D3/><U76/><E65/><V124/><F124/><W22/><G53/><T88/><D97/><U25/><E67/><V18/><F18/><W43/><G56/><T35/><D35/><U132/><E19/><V77/><F77/><W50/><G43/><T32/><D32/><N who="1" m="20495" /><E78/><V129/><F129/><W105/><G4/><T48/><D48/><AGARI ba="0,0" hai="14,15,48,52,57" m="43017,2570,42571" machi="48" ten="30,7700,0" yaku="14,1,52,2,54,1" doraHai="9" who="2" fromWho="0" sc="250,-77,250,0,250,77,250,0" /><INIT seed="1,0,0,3,3,23" ten="173,250,327,250" oya="1" hai0="35,4,86,48,10,89,18,63,64,20,2,53,119" hai1="121,98,32,73,90,61,34,31,8,111,103,91,115" hai2="26,5,19,131,13,30,77,65,46,16,97,43,24" hai3="83,122,37,49,56,62,60,128,0,124,95,118,14"/><U102/><E121/><V15/><F131/><W45/><G128/><T84/><D119/><U110/><E115/><V75/><F65/><W129/><G129/><T107/><D107/><U114/><E114/><V6/><F97/><W80/><G0/><T126/><D126/><U41/><E73/><V93/><F93/><W54/><G122/><T12/><D35/><N who="1" m="13355" /><E31/><V133/><F30/><W106/><G106/><T72/><D72/><U127/><E8/><N who="2" m="6183" /><F75/><W39/><G124/><T79/><D79/><U99/><E61/><V78/><F133/><W55/><G118/><T109/><D109/><N who="1" m="41483" /><E41/><V125/><F125/><W9/><G62/><T33/><D33/><U105/><E127/><V94/><F78/><W58/><G95/><AGARI ba="0,0" hai="90,91,95,98,99,102,103,105" m="41483,13355" machi="95" ten="30,2900,0" yaku="14,1,10,1" doraHai="23" who="1" fromWho="3" sc="173,0,250,29,327,0,250,-29" /><INIT seed="1,1,0,4,0,109" ten="173,279,327,221" oya="1" hai0="2,49,119,44,47,104,114,118,75,8,84,125,111" hai1="17,101,117,1,51,123,93,88,12,122,13,91,69" hai2="52,61,87,96,23,74,30,107,66,78,131,20,39" hai3="103,121,133,48,24,31,102,81,70,95,132,116,34"/><U60/><E1/><V112/><F39/><W16/><G121/><T0/><D84/><U57/><E117/><N who="0" m="44553" /><D49/><U40/><E69/><V42/><F131/><W71/><G116/><T127/><D8/><U43/><E101/><V126/><F126/><N who="0" m="48138" /><D75/><U83/><E83/><V4/><F87/><W62/><G81/><T77/><D104/><U45/><E51/><V29/><F107/><W38/><G38/><T59/><D59/><U53/><E57/><V99/><F78/><W73/><G73/><T64/><D64/><U26/><E45/><N who="0" m="17481" /><D77/><U28/><E123/><V82/><F82/><W63/><G48/><T33/><D33/><U67/><E67/><V120/><F66/><W106/><G106/><T55/><D55/><U6/><E53/><V25/><F52/><W68/><G63/><T5/><D5/><U58/><E60/><V85/><F85/><W22/><G62/><T105/><D105/><U97/><E6/><V35/><F4/><W21/><G34/><T54/><D54/><U50/><E122/><V92/><F35/><W94/><G94/><T18/><D18/><U89/><E17/><V130/><F92/><W3/><G95/><T65/><D65/><U135/><E50/><V129/><F74/><W113/><G16/><T134/><D134/><U14/><E135/><V86/><F61/><W32/><G133/><T7/><D7/><U80/><E58/><V90/><F86/><W37/><G132/><T11/><D11/><U19/><E19/><V56/><F56/><W108/><G37/><T98/><D98/><U110/><E93/><V15/><F99/><RYUUKYOKU ba="1,0" sc="173,0,279,0,327,0,221,0" /><INIT seed="2,2,0,3,4,54" ten="173,279,327,221" oya="2" hai0="27,83,119,76,79,30,28,86,31,8,112,132,90" hai1="62,29,114,59,129,109,17,6,94,131,107,11,91" hai2="72,87,92,77,9,99,134,103,106,78,32,34,24" hai3="53,40,52,49,7,18,97,113,51,48,82,96,22"/><V65/><F134/><W50/><G113/><T13/><D132/><U118/><E107/><V128/><F128/><N who="1" m="49225" /><E118/><V70/><F9/><W58/><G7/><T69/><D112/><U66/><E29/><V93/><F93/><W33/><G33/><T39/><D119/><U133/><E114/><V127/><F127/><W73/><G40/><T55/><D39/><U42/><E133/><V26/><F26/><N who="3" m="14679" /><G73/><T12/><D69/><U120/><E120/><V41/><F41/><W75/><G75/><T19/><D27/><U110/><E17/><V20/><F32/><W117/><G117/><T61/><REACH who="0" step="1"/><D13/><REACH who="0" ten="163,279,327,221" step="2"/><N who="1" m="5367" /><E42/><V2/><F24/><W125/><G125/><T101/><D101/><U104/><E104/><V124/><F103/><W46/><G82/><T45/><D45/><U25/><E25/><V5/><F106/><W37/><G37/><T98/><D98/><AGARI ba="2,1" hai="59,62,66,91,94,98,109,110" m="5367,49225" machi="98" ten="30,2000,0" yaku="19,1,52,1" doraHai="54" who="1" fromWho="0" sc="163,-26,279,36,327,0,221,0" /><AGARI ba="2,0" hai="46,48,49,50,51,52,53,58,96,97,98" m="14679" machi="98" ten="30,3900,0" yaku="8,1,52,1,54,1" doraHai="54" who="3" fromWho="0" sc="137,-39,315,0,327,0,221,39" /><INIT seed="3,0,0,3,0,83" ten="98,315,327,260" oya="3" hai0="92,119,4,95,36,94,87,10,17,21,45,76,93" hai1="2,135,112,1,24,102,118,39,41,46,61,60,69" hai2="120,129,58,43,27,74,33,96,127,70,90,7,51" hai3="26,64,20,31,67,98,18,42,134,13,49,82,37"/><W75/><G134/><T105/><N who="0" m="23552" /><DORA hai="54" /><T53/><D105/><U103/><E135/><V40/><F70/><W66/><G37/><T133/><D119/><U122/><E112/><V85/><F74/><W84/><G75/><T14/><D133/><U5/><E122/><V11/><F96/><W52/><G42/><T115/><D115/><U9/><E118/><V100/><F100/><W3/><G3/><T35/><D35/><U8/><E24/><V34/><F127/><W108/><G98/><T72/><D72/><U6/><E69/><V71/><F71/><W91/><G108/><T73/><D73/><U86/><E86/><V48/><F129/><W80/><G80/><T65/><D65/><U97/><E103/><V16/><F40/><W44/><G64/><T47/><D36/><U50/><E39/><V113/><F43/><W130/><G130/><T25/><REACH who="0" step="1"/><D53/><REACH who="0" ten="88,315,327,260" step="2"/><U32/><E32/><AGARI ba="0,1" hai="13,18,20,26,31,32,44,49,52,66,67,82,84,91" machi="32" ten="30,5800,0" yaku="7,1,52,1,54,1" doraHai="83,54" who="3" fromWho="1" sc="88,0,315,-58,327,0,260,68" owari="88,-41.2,257,-14.3,327,12.7,328,42.8" /></mjloggm>