<mjloggm ver="2.3"><GO type="225" lobby="0"/><UN n0="%4C%4F%4C%49%54%41" n1="%E3%81%82%E3%81%B9%E3%81%99%E3%81%91" n2="%E9%B4%A8%4E%45%47%49" n3="%28%EF%BF%A3%E2%96%BD%EF%BF%A3%29%CE%B4%E2%8C%92%E3%83%BB" dan="16,16,16,17" rate="2166.53,2046.76,2122.42,2252.12" sx="F,M,M,M"/><TAIKYOKU oya="0"/><INIT seed="0,0,0,1,0,122" ten="250,250,250,250" oya="0" hai0="34,11,36,15,58,76,85,81,20,102,90,123,93" hai1="131,133,91,42,68,109,119,5,60,78,106,55,18" hai2="21,113,69,98,24,45,84,124,74,77,126,56,41" hai3="67,70,117,128,54,129,27,64,63,49,28,38,4"/><T13/><D123/><U134/><E119/><V92/><F74/><W108/><G4/><T50/><D34/><U82/><E106/><V1/><F1/><W89/><G117/><T62/><D36/><U33/><E131/><N who="3" m="50250" /><G38/><T51/><D102/><U6/><E33/><V96/><F69/><W52/><G67/><T103/><D20/><U2/><E42/><V25/><F25/><W43/><G89/><T83/><D103/><U107/><E91/><V86/><F98/><W73/><G73/><T59/><D59/><U9/><E107/><V130/><F56/><W37/><G37/><T112/><D15/><U0/><E68/><V26/><F26/><W95/><G95/><T44/><D112/><U114/><E114/><V10/><F77/><W14/><G14/><T71/><D71/><U94/><E94/><V135/><F113/><W99/><G99/><T80/><D76/><U97/><E97/><V40/><F92/><W72/><G72/><T8/><D44/><U110/><E2/><V12/><F12/><W3/><G3/><T87/><D87/><N who="1" m="48599" /><E6/><V125/><F96/><W39/><G39/><T121/><D121/><U29/><E29/><N who="2" m="17551" /><F130/><W75/><G75/><T104/><D104/><U79/><E79/><V47/><F86/><W53/><G43/><N who="2" m="16457" /><F84/><W88/><G88/><T23/><D13/><U7/><E7/><V30/><F10/><N who="0" m="3626" /><D23/><U61/><E5/><V17/><F126/><W65/><G49/><T111/><D111/><N who="1" m="42507" /><E0/><V101/><F125/><W115/><G108/><T31/><D31/><U16/><E9/><V116/><F124/><W46/><G115/><RYUUKYOKU ba="0,0" sc="250,30,250,-10,250,-10,250,-10" hai0="50,51,58,62,80,81,83,85,90,93" /><INIT seed="0,1,0,0,0,24" ten="280,240,240,240" oya="0" hai0="12,97,129,28,91,4,39,107,98,30,61,123,58" hai1="62,8,94,103,106,35,47,87,102,135,6,117,104" hai2="70,27,80,83,63,76,53,25,2,72,51,29,26" hai3="59,119,60,21,33,115,43,44,1,7,100,79,116"/><T130/><D123/><U55/><E117/><V95/><F2/><W96/><G33/><T108/><D39/><U18/><E135/><V49/><F95/><W86/><G115/><T15/><D108/><U110/><E110/><V131/><F131/><N who="0" m="50186" /><D91/><U90/><E35/><V111/><F111/><W3/><G3/><T22/><D22/><U67/><E18/><V99/><F99/><N who="0" m="37898" /><D107/><U54/><E106/><V73/><F80/><W74/><G74/><T0/><D0/><U37/><E104/><V101/><F101/><W127/><G127/><T36/><D36/><U112/><E112/><V45/><F73/><W64/><G7/><T20/><D20/><U75/><E75/><V109/><F109/><W84/><G1/><T122/><D122/><U66/><E103/><V41/><F70/><W85/><G79/><T9/><D12/><N who="1" m="5143" /><E37/><V105/><F105/><W77/><G77/><T113/><D113/><U69/><E69/><V88/><F88/><W89/><G89/><T125/><D125/><U5/><E102/><V11/><F83/><W17/><G96/><T78/><D78/><U133/><E133/><V121/><F76/><W68/><G100/><T14/><D15/><U32/><E32/><V81/><F81/><W46/><G68/><T23/><D23/><U13/><E13/><V40/><F72/><W118/><REACH who="3" step="1"/><G43/><REACH who="3" ten="280,240,240,230" step="2"/><T93/><D93/><U48/><E5/><V42/><F41/><W10/><G10/><T132/><D132/><U128/><E128/><V124/><F11/><W31/><G31/><T92/><D92/><U19/><E19/><V34/><F124/><RYUUKYOKU ba="1,1" sc="280,10,240,10,240,-30,230,10" hai0="4,9,14,28,30,58,61" hai1="47,48,54,55,62,66,67,87,90,94" hai3="17,21,44,46,59,60,64,84,85,86,116,118,119" /><INIT seed="0,2,1,2,4,128" ten="290,250,210,240" oya="0" hai0="118,90,4,23,48,70,100,59,41,42,89,106,36" hai1="112,47,52,31,77,7,126,8,33,6,134,43,131" hai2="49,50,116,82,114,101,60,35,80,119,5,71,58" hai3="103,97,88,24,2,111,63,130,110,17,1,40,135"/><T57/><D118/><N who="2" m="45098" /><F35/><W124/><G130/><T109/><D70/><U83/><E131/><V38/><F101/><W19/><G124/><T85/><D36/><U78/><E126/><V45/><F5/><W27/><G40/><T95/><D4/><U86/><E112/><V132/><F82/><W21/><G63/><T73/><D73/><U72/><E72/><V129/><F80/><W91/><G103/><T108/><D106/><U75/><E75/><V29/><F29/><W69/><G69/><T15/><D100/><U56/><E31/><V102/><F102/><W20/><G97/><N who="0" m="57583" /><D23/><U0/><E33/><V133/><F129/><W65/><G65/><T115/><D15/><U121/><E7/><V34/><F34/><W62/><G62/><T107/><D115/><U98/><E6/><V67/><F114/><W54/><G54/><N who="0" m="31943" /><D107/><U55/><E55/><N who="2" m="32111" /><F38/><W96/><G96/><T14/><D14/><U13/><E98/><V66/><F66/><W3/><G3/><T76/><D76/><U9/><E0/><V113/><F113/><W123/><G123/><T68/><D90/><U37/><E121/><V18/><F18/><W25/><G25/><T127/><D85/><U74/><E78/><V28/><F28/><W122/><G122/><T30/><D30/><U117/><E74/><V79/><F79/><W39/><G39/><T84/><D84/><U125/><E117/><V22/><F22/><W81/><G81/><T104/><D104/><U87/><E125/><V120/><F120/><W10/><G10/><T12/><D127/><U51/><E9/><V11/><F11/><RYUUKYOKU ba="2,1" sc="290,-15,250,-15,210,15,240,15" hai2="45,50,60,67,71,132,133" hai3="1,2,17,19,20,21,24,27,88,91,110,111,135" /><INIT seed="1,3,1,5,3,105" ten="275,235,225,255" oya="1" hai0="50,37,34,112,135,4,101,5,75,45,44,3,107" hai1="108,24,39,21,54,20,82,90,125,23,11,91,59" hai2="25,67,35,106,64,15,73,94,77,36,84,63,89" hai3="92,6,78,116,113,74,42,14,97,61,65,32,102"/><U53/><E39/><V10/><F36/><W38/><G32/><T109/><D112/><U29/><E125/><V28/><F106/><W103/><G113/><T1/><D34/><U18/><E108/><V72/><F77/><W133/><G116/><T7/><D109/><U121/><E121/><V66/><REACH who="2" step="1"/><F63/><REACH who="2" ten="275,235,215,255" step="2"/><W118/><G61/><T93/><D107/><U51/><E29/><V19/><AGARI ba="3,2" hai="10,15,19,25,28,35,64,66,67,72,73,84,89,94" machi="19" ten="30,8000,1" yaku="1,1,2,1,0,1,52,2,53,0" doraHai="105" doraHaiUra="43" who="2" fromWho="2" sc="275,-23,235,-43,215,109,255,-23" /><INIT seed="2,0,0,2,2,19" ten="252,192,324,232" oya="2" hai0="82,106,75,22,0,17,4,78,5,27,73,55,3" hai1="60,49,80,45,126,107,90,92,102,77,8,9,125" hai2="10,2,76,52,122,101,117,29,54,62,72,1,120" hai3="58,118,131,96,66,6,26,135,123,46,14,16,35"/><V113/><F117/><W61/><G118/><T20/><D106/><U71/><E107/><V91/><F101/><W114/><G123/><T88/><D75/><U63/><E102/><V119/><F113/><W104/><G114/><T79/><D78/><U57/><E71/><V124/><F29/><W40/><G131/><T21/><D55/><U43/><E9/><V83/><F119/><W56/><G135/><T87/><D3/><U98/><E8/><V67/><F124/><W116/><G116/><T130/><D130/><U7/><E7/><N who="0" m="2633" /><D73/><U115/><E115/><V47/><F2/><W128/><G6/><T38/><D38/><U36/><E36/><V74/><F1/><W133/><G133/><T39/><D39/><U99/><E99/><V37/><F74/><W127/><G127/><N who="1" m="48650" /><E57/><V134/><F134/><W28/><G128/><T121/><D121/><U48/><E48/><V100/><F122/><W51/><G96/><T103/><D0/><U31/><E31/><V69/><F120/><W111/><G104/><T34/><D103/><N who="1" m="60871" /><E77/><V24/><F100/><W95/><G111/><T11/><D34/><U33/><E33/><V94/><F37/><W65/><G95/><N who="0" m="54687" /><D11/><U85/><AGARI ba="0,0" hai="43,45,49,60,63,80,85,90" m="60871,48650" machi="85" ten="30,1100,0" yaku="18,1" doraHai="19" who="1" fromWho="1" sc="252,-3,192,11,324,-5,232,-3" /><INIT seed="3,0,0,1,5,53" ten="249,203,319,229" oya="3" hai0="2,7,91,16,46,52,88,18,40,41,108,34,81" hai1="22,65,131,77,38,100,60,42,129,54,3,32,11" hai2="45,51,4,78,6,125,10,20,105,23,69,79,1" hai3="9,121,55,123,133,96,116,66,107,85,72,124,109"/><W90/><G66/><T68/><D34/><U80/><E32/><V14/><F105/><W35/><G9/><T115/><D68/><U102/><E38/><V64/><F125/><W128/><G55/><T57/><D108/><U59/><E42/><N who="0" m="16489" /><D2/><U33/><E54/><V110/><F110/><W127/><G35/><T44/><D7/><N who="1" m="1535" /><E33/><V56/><F69/><W36/><G36/><T29/><D29/><U30/><E22/><V98/><F23/><W28/><G28/><T58/><D58/><U67/><E30/><V31/><F6/><W12/><G12/><T130/><D130/><N who="1" m="49675" /><E67/><V82/><F31/><W92/><G128/><T39/><D39/><U111/><E111/><V97/><F20/><W62/><G109/><T118/><D52/><U5/><E5/><V114/><F1/><W103/><G62/><T76/><D46/><U50/><E50/><V120/><F120/><N who="3" m="46155" /><G116/><T135/><D118/><U119/><E119/><V25/><F4/><W93/><G133/><T37/><D135/><U104/><E104/><V48/><F10/><W13/><G13/><T87/><D37/><U43/><E43/><V19/><F14/><W106/><G72/><AGARI ba="0,0" hai="59,60,65,72,77,80,100,102" m="49675,1535" machi="72" ten="30,2000,0" yaku="19,1,52,1" doraHai="53" who="1" fromWho="3" sc="249,0,203,20,319,0,229,-20" owari="249,4.9,223,-17.7,319,41.9,209,-29.1" /></mjloggm>