<mjloggm ver="2.3"><GO type="225" lobby="0"/><UN n0="%E3%82%BF%E3%83%BC%E3%83%90%E3%83%B3%E9%87%8E%E5%8F%A3" n1="%48%61%61%61%6C%61%6E%64" n2="%E7%B4%94%E6%BD%94%E3%83%94%E3%83%A9%E3%83%8B%E3%82%A2" n3="%72%61%6B%33" dan="16,18,17,16" rate="2089.49,2229.35,2212.83,2124.97" sx="M,M,M,M"/><TAIKYOKU oya="0"/><INIT seed="0,0,0,5,2,80" ten="250,250,250,250" oya="0" hai0="30,12,103,42,134,68,124,119,45,105,72,108,61" hai1="32,52,22,3,89,24,116,37,66,86,77,96,121" hai2="23,90,111,53,36,56,1,79,74,113,102,130,129" hai3="104,100,39,58,21,4,127,65,48,109,44,62,16"/><T29/><D119/><U85/><E116/><V34/><F34/><W47/><G109/><T84/><D72/><U40/><E121/><V31/><F111/><W41/><G127/><T107/><D108/><U120/><E120/><V75/><F36/><W26/><G4/><T122/><D122/><U94/><E3/><V87/><F1/><W46/><G104/><T106/><D124/><U117/><E117/><V115/><F102/><W131/><G131/><N who="2" m="50185" /><F31/><W99/><REACH who="3" step="1"/><G39/><REACH who="3" ten="250,250,250,240" step="2"/><T17/><D134/><U118/><E118/><V95/><F115/><W91/><G91/><T135/><D103/><U8/><E37/><V7/><F113/><W110/><G110/><T81/><D135/><U18/><E89/><V69/><F7/><W76/><G76/><T132/><D132/><U35/><E77/><V38/><F38/><W43/><G43/><T15/><D105/><U9/><E40/><V51/><F79/><W55/><G55/><T33/><D106/><U20/><E52/><N who="2" m="31775" /><F69/><W11/><G11/><T67/><D107/><U133/><E8/><V71/><F71/><W88/><G88/><T5/><D68/><U123/><E9/><V78/><F78/><W49/><G49/><T60/><D5/><U82/><E133/><V98/><F53/><W10/><G10/><T92/><D42/><U59/><E123/><V126/><F126/><W25/><G25/><T54/><D54/><U2/><E24/><V128/><F128/><W0/><G0/><T83/><D67/><U73/><E66/><V63/><F90/><W13/><G13/><T114/><D12/><N who="1" m="9287" /><E2/><V57/><F98/><RYUUKYOKU ba="0,1" sc="250,-10,250,-10,250,-10,240,30" hai3="16,21,26,41,44,46,47,48,58,62,65,99,100" /><INIT seed="1,1,1,3,2,8" ten="240,240,240,270" oya="1" hai0="43,114,75,126,133,105,29,66,18,58,55,122,85" hai1="1,109,104,50,97,44,128,91,112,30,40,131,33" hai2="31,123,93,7,5,24,65,34,82,2,98,45,23" hai3="120,107,41,124,38,119,27,86,81,90,94,72,101"/><U67/><E112/><V48/><F123/><W76/><G120/><T39/><D114/><U10/><E109/><V47/><F47/><N who="3" m="23991" /><G27/><T70/><D75/><U92/><E67/><V22/><F65/><W135/><G124/><T125/><D122/><U49/><E104/><V52/><F82/><W129/><G135/><T83/><D105/><U69/><E69/><V60/><F60/><W32/><G32/><T26/><D18/><U11/><E49/><V42/><F42/><W127/><G127/><N who="0" m="48651" /><D133/><U89/><E89/><V102/><F2/><W61/><G61/><N who="0" m="40271" /><D43/><U51/><E51/><V134/><F134/><W71/><G71/><T115/><D39/><U25/><REACH who="1" step="1"/><E1/><REACH who="1" ten="240,230,240,270" step="2"/><V37/><F37/><W59/><G107/><T121/><D121/><U88/><E88/><V56/><F45/><W36/><G90/><T28/><D115/><U73/><E73/><V14/><F34/><W68/><G72/><T63/><D26/><U79/><E79/><AGARI ba="1,2" hai="28,29,55,58,63,79,83,85" m="40271,48651" machi="79" ten="30,1000,0" yaku="18,1" doraHai="8" who="0" fromWho="1" sc="240,33,230,-13,240,0,270,0" /><INIT seed="2,0,0,4,2,42" ten="273,217,240,270" oya="2" hai0="81,35,2,85,31,129,18,126,63,52,28,57,13" hai1="68,103,119,69,82,27,88,44,40,21,132,61,15" hai2="24,106,70,84,93,36,96,76,11,125,59,12,121" hai3="73,87,30,117,115,46,83,72,49,3,108,25,78"/><V62/><F121/><W20/><G117/><T116/><D2/><U1/><E1/><V109/><F36/><W23/><G108/><T100/><D116/><U80/><E119/><V77/><F109/><W120/><G120/><T7/><D129/><U34/><E132/><V127/><F70/><W41/><G115/><T26/><D126/><N who="2" m="48138" /><F84/><W75/><REACH who="3" step="1"/><G3/><REACH who="3" ten="273,217,240,260" step="2"/><T32/><D7/><U14/><E69/><V95/><F106/><W19/><G19/><T51/><D28/><U53/><E68/><V17/><F24/><W6/><G6/><T112/><D112/><U89/><E27/><V55/><F93/><W113/><G113/><T48/><D35/><AGARI ba="0,1" hai="20,23,25,30,35,41,46,49,72,73,75,78,83,87" machi="35" ten="40,5200,0" yaku="1,1,52,1,53,1" doraHai="42" doraHaiUra="29" who="3" fromWho="0" sc="273,-52,217,0,240,0,260,62" /><INIT seed="3,0,0,5,0,38" ten="221,217,240,322" oya="3" hai0="132,32,59,34,43,125,22,117,46,71,8,40,33" hai1="62,68,133,57,48,35,112,119,83,126,82,31,55" hai2="104,67,120,76,1,84,9,49,114,87,107,109,103" hai3="39,88,51,113,85,42,134,92,60,58,13,19,89"/><W115/><G134/><T86/><D117/><U131/><E112/><V3/><F114/><W90/><G39/><T12/><D71/><U0/><E0/><V129/><F103/><W102/><G102/><T56/><D132/><U74/><E133/><V30/><F30/><W78/><G78/><T63/><D125/><U54/><E126/><V70/><F76/><W52/><G115/><T29/><D86/><U61/><E119/><V17/><F17/><W14/><G113/><T122/><D122/><U50/><E131/><V80/><F80/><N who="1" m="30761" /><E35/><V101/><F101/><W98/><G85/><T26/><D46/><N who="1" m="27927" /><E68/><V53/><F70/><W116/><G116/><T123/><D123/><U15/><E74/><V99/><F67/><W27/><G27/><T77/><D77/><U94/><E31/><V135/><F135/><W73/><G73/><T28/><D28/><U130/><E130/><V47/><F129/><W5/><G5/><T72/><D72/><U93/><E15/><N who="3" m="5642" /><G19/><T121/><D121/><U20/><E20/><V2/><F120/><W4/><G4/><N who="0" m="3079" /><D59/><N who="1" m="33271" /><E62/><V11/><F107/><W95/><G95/><T41/><D34/><U97/><E97/><V108/><F87/><W127/><G127/><T23/><D33/><U81/><N who="1" m="30769" /><U24/><DORA hai="45" /><E24/><V6/><F84/><W37/><G37/><T100/><D100/><U106/><E106/><V65/><F6/><W111/><G98/><T7/><D7/><U18/><E18/><V91/><F104/><W118/><G118/><T69/><D69/><U36/><E36/><V75/><F75/><W25/><G92/><RYUUKYOKU ba="0,0" sc="221,15,217,15,240,-15,322,-15" hai0="22,23,26,29,32,40,41,43,56,63" hai1="57,61,93,94" owari="236,3.6,232,-16.8,225,-27.5,307,40.7" /></mjloggm>