<mjloggm ver="2.3"><GO type="225" lobby="0"/><UN n0="%E7%B4%94%E6%BD%94%E3%83%94%E3%83%A9%E3%83%8B%E3%82%A2" n1="%E3%83%8F%E3%83%B3%E3%83%89%E3%83%A9%E3%83%BC%E3%83%BB%E3%83%AF%E3%83%B3" n2="%E3%81%B5%E3%81%98%E3%81%8B%E3%81%A4" n3="%48%61%61%61%6C%61%6E%64" dan="16,16,16,18" rate="2141.44,2094.99,2198.35,2264.76" sx="M,M,M,M"/><TAIKYOKU oya="0"/><INIT seed="0,0,0,3,5,77" ten="250,250,250,250" oya="0" hai0="129,11,124,24,7,46,40,71,92,82,3,132,121" hai1="27,62,96,72,118,34,50,19,94,20,58,128,38" hai2="115,49,1,85,33,68,39,26,87,29,28,14,79" hai3="67,111,117,47,101,31,84,22,51,35,70,66,130"/><T60/><D121/><U5/><E118/><V113/><F68/><W9/><G117/><T32/><D124/><U90/><E128/><V97/><F39/><W99/><G130/><T127/><D127/><U56/><E38/><V69/><F69/><W13/><G35/><T52/><D129/><U53/><E72/><V37/><F37/><W110/><G84/><T16/><D132/><U102/><E34/><V126/><F126/><W112/><G112/><T103/><D82/><U2/><E2/><V135/><F1/><W89/><G89/><T44/><D40/><U54/><REACH who="1" step="1"/><E5/><REACH who="1" ten="250,240,250,250" step="2"/><V6/><F135/><W45/><G110/><T63/><D32/><U42/><E42/><V0/><F0/><W133/><G111/><T114/><D114/><U107/><E107/><V104/><F104/><W59/><G133/><T74/><D74/><U81/><E81/><V64/><F6/><W43/><G43/><T36/><D36/><U123/><E123/><V95/><F33/><W93/><G93/><T75/><D75/><U25/><E25/><V86/><F95/><W119/><G119/><T41/><D41/><U78/><E78/><V21/><F79/><W108/><G108/><T100/><D92/><U80/><E80/><V98/><F113/><W57/><G13/><T125/><D125/><U88/><AGARI ba="0,1" hai="19,20,27,50,53,54,56,58,62,88,90,94,96,102" machi="88" ten="30,8000,1" yaku="1,1,0,1,8,1,54,1,53,1" doraHai="77" doraHaiUra="15" who="1" fromWho="1" sc="250,-40,240,90,250,-20,250,-20" /><INIT seed="1,0,0,3,5,27" ten="210,330,230,230" oya="1" hai0="51,121,8,109,71,65,22,15,120,6,18,64,89" hai1="91,127,16,23,115,85,114,80,14,68,84,66,125" hai2="90,53,62,123,94,118,101,98,113,76,24,74,13" hai3="44,135,130,95,7,55,103,47,43,97,5,20,102"/><U28/><E28/><V0/><F123/><N who="0" m="47178" /><D71/><U37/><E37/><V41/><F118/><W50/><G130/><T81/><D109/><U19/><E66/><V132/><F0/><W4/><G135/><T46/><D81/><U110/><E68/><V42/><F132/><W131/><G131/><T40/><D89/><U63/><E63/><V72/><F113/><W108/><G108/><T61/><D61/><U26/><E85/><V67/><F53/><W70/><G70/><T99/><D99/><U134/><E134/><V129/><F129/><W78/><G78/><T128/><D128/><U59/><E59/><V107/><F72/><W34/><G34/><T126/><D126/><N who="1" m="48139" /><E110/><V54/><F54/><W73/><G73/><T10/><D10/><AGARI ba="0,0" hai="10,14,16,19,23,26,80,84,91,114,115" m="48139" machi="10" ten="30,2900,0" yaku="18,1,54,1" doraHai="27" who="1" fromWho="0" sc="210,-29,330,29,230,0,230,0" /><INIT seed="1,1,0,0,0,134" ten="181,359,230,230" oya="1" hai0="101,75,99,131,63,55,82,33,17,96,79,49,128" hai1="68,72,118,53,90,88,3,107,97,69,40,23,45" hai2="5,106,58,80,125,61,41,62,108,13,94,19,14" hai3="115,66,0,22,38,86,27,1,39,104,30,109,119"/><U20/><E118/><V59/><F106/><W130/><G115/><T57/><D33/><U25/><E3/><V73/><F108/><W98/><G109/><T78/><D78/><U51/><E72/><V127/><F41/><W37/><G119/><T121/><D121/><U100/><E20/><V113/><F113/><W84/><G130/><T76/><D76/><U123/><E123/><V89/><F73/><W21/><G66/><T135/><D135/><U126/><E40/><V64/><F80/><W47/><G47/><T18/><D99/><U56/><E56/><V50/><F50/><W36/><N who="3" m="9216" /><DORA hai="74" /><W102/><REACH who="3" step="1"/><G22/><REACH who="3" ten="181,359,230,220" step="2"/><T15/><D131/><U28/><E69/><V67/><F5/><W110/><G110/><T48/><D128/><U105/><E68/><V7/><F7/><W44/><G44/><T11/><REACH who="0" step="1"/><D17/><REACH who="0" ten="171,359,230,220" step="2"/><U114/><E114/><V116/><F116/><W81/><G81/><T43/><D43/><U91/><E107/><AGARI ba="1,2" hai="11,15,18,48,49,55,57,63,75,79,82,96,101,107" machi="107" ten="30,7700,0" yaku="1,1,7,1,52,1,53,1" doraHai="134,74" doraHaiUra="70,10" who="0" fromWho="1" sc="171,100,359,-80,230,0,220,0" /><INIT seed="2,0,0,4,2,77" ten="271,279,230,220" oya="2" hai0="114,19,28,84,93,53,55,86,41,42,72,121,134" hai1="39,68,34,98,127,123,94,113,92,80,38,117,105" hai2="73,89,54,112,44,115,104,76,124,2,11,111,58" hai3="52,109,128,9,75,120,22,5,32,135,83,62,59"/><V33/><F104/><W6/><G32/><T26/><D72/><U27/><E113/><V20/><F33/><W118/><G118/><T16/><D114/><U29/><E117/><V7/><F124/><W78/><G120/><T8/><D121/><U97/><E123/><V102/><F102/><W106/><G128/><T65/><D65/><U63/><E127/><V25/><F111/><W14/><G109/><T4/><D134/><U57/><E68/><V91/><F44/><W1/><G106/><T122/><D122/><U126/><E105/><V133/><F133/><W108/><G108/><T119/><D119/><U37/><E80/><V131/><F131/><W45/><G135/><T125/><D125/><U101/><E126/><V24/><F24/><W3/><G6/><T130/><D130/><U69/><E69/><V40/><F40/><W15/><REACH who="3" step="1"/><G45/><REACH who="3" ten="271,279,230,210" step="2"/><T48/><D4/><U21/><E34/><V110/><F110/><W67/><G67/><T43/><D19/><AGARI ba="0,1" hai="1,3,5,9,14,15,19,22,52,59,62,75,78,83" machi="19" ten="40,8000,1" yaku="1,1,52,1,54,1,53,1" doraHai="77" doraHaiUra="18" who="3" fromWho="0" sc="271,-80,279,0,230,0,210,90" /><INIT seed="3,0,0,1,4,2" ten="191,279,230,300" oya="3" hai0="15,75,111,93,40,84,78,120,37,103,11,9,118" hai1="21,95,113,59,60,106,44,86,22,8,25,67,46" hai2="36,51,99,87,98,73,45,100,56,70,128,115,104" hai3="79,135,109,107,4,27,77,114,57,49,105,119,5"/><W39/><G39/><T29/><D111/><U35/><E106/><V50/><F115/><W41/><G114/><T58/><D118/><U19/><E113/><V121/><F73/><W26/><G119/><T94/><D120/><U42/><E35/><V80/><F70/><W112/><G112/><T72/><D37/><U68/><E68/><V124/><F121/><W76/><G135/><T24/><D40/><U13/><E42/><V88/><F128/><W110/><G41/><T74/><D11/><U10/><E10/><V89/><F124/><W64/><G57/><T7/><D58/><U14/><E14/><V47/><F36/><W71/><G71/><T127/><D127/><U133/><E22/><V30/><F30/><W101/><G49/><T125/><D125/><U34/><E34/><V96/><F89/><W69/><G69/><T82/><REACH who="0" step="1"/><D103/><REACH who="0" ten="181,279,230,300" step="2"/><U54/><E8/><V116/><F56/><W38/><G38/><T0/><D0/><U12/><E59/><V48/><F116/><W81/><G101/><T102/><D102/><U33/><E54/><V61/><F61/><W6/><G64/><T97/><D97/><U122/><E60/><V126/><F126/><W63/><G63/><T65/><D65/><U134/><E67/><V23/><F100/><W18/><G109/><T31/><D31/><N who="1" m="19695" /><E122/><V52/><F104/><W130/><G110/><T90/><D90/><N who="1" m="53719" /><E134/><V129/><F129/><W17/><G130/><T20/><AGARI ba="0,1" hai="7,9,15,20,24,29,72,74,75,78,82,84,93,94" machi="20" ten="30,4000,0" yaku="1,1,0,1,52,1,53,0" doraHai="2" doraHaiUra="66" who="0" fromWho="0" sc="181,50,279,-10,230,-10,300,-20" /><INIT seed="4,0,0,4,5,37" ten="231,269,220,280" oya="0" hai0="134,16,99,12,11,3,75,56,63,121,105,35,47" hai1="110,61,126,88,131,0,96,43,68,53,1,113,120" hai2="19,51,90,30,106,130,46,66,111,103,33,9,92" hai3="82,71,119,98,36,42,80,52,102,107,64,24,22"/><T39/><D121/><U50/><E120/><V2/><F111/><W18/><G119/><T48/><D75/><U91/><E110/><V81/><F130/><W104/><G107/><T62/><D35/><U14/><E131/><V70/><F81/><W21/><G64/><T60/><D134/><U31/><E126/><V108/><F108/><W8/><G71/><T28/><D28/><U77/><E77/><V86/><F2/><W20/><G42/><T95/><D3/><U26/><E14/><V116/><F116/><W129/><G36/><T87/><D87/><U29/><E29/><V72/><F72/><W7/><G129/><T100/><D39/><U27/><E27/><N who="2" m="18655" /><F19/><W132/><G132/><T23/><D105/><U58/><E113/><V67/><F9/><W125/><G125/><T74/><D74/><U93/><E91/><V6/><F6/><W59/><G82/><T124/><D124/><U10/><E10/><V44/><F66/><W15/><G80/><T41/><D11/><U83/><E83/><V128/><F51/><AGARI ba="0,0" hai="7,8,15,18,20,21,22,24,51,52,59,98,102,104" machi="51" ten="30,2000,0" yaku="7,1,54,1" doraHai="37" who="3" fromWho="2" sc="231,0,269,0,220,-20,280,20" owari="231,-16.9,269,6.9,200,-30.0,300,40.0" /></mjloggm>