<mjloggm ver="2.3"><GO type="225" lobby="0"/><UN n0="%E3%81%BF%E3%81%BF%E3%81%9A" n1="%E9%97%98%E5%B0%86%E3%81%A0%E3%82%93%E3%81%A7%E3%81%83" n2="%E7%99%BD%E6%97%A5%E9%9B%AA%E8%8F%9C" n3="%E3%81%8C%E3%81%9F" dan="17,16,17,16" rate="2290.02,2107.41,2203.55,2143.54" sx="M,M,M,F"/><TAIKYOKU oya="0"/><INIT seed="0,0,0,1,0,95" ten="250,250,250,250" oya="0" hai0="7,84,73,49,27,0,10,38,131,39,48,121,3" hai1="127,33,99,44,67,97,78,94,64,87,65,61,69" hai2="66,68,119,128,36,6,115,52,53,112,113,28,16" hai3="102,104,120,62,124,22,25,126,105,57,118,2,80"/><T58/><D73/><U40/><E127/><N who="3" m="48682" /><G118/><T129/><D121/><U132/><E132/><V125/><F36/><N who="0" m="13866" /><D84/><U96/><E33/><V86/><F125/><W12/><G2/><N who="0" m="555" /><D58/><U43/><E94/><V14/><F119/><W17/><G120/><T8/><D7/><U71/><E44/><V77/><F6/><W1/><G1/><T81/><D27/><U54/><E54/><V89/><F53/><N who="3" m="34095" /><G80/><T19/><D19/><U133/><E133/><V92/><F16/><N who="3" m="12487" /><G102/><T76/><D81/><N who="1" m="47543" /><E71/><V98/><F68/><W117/><G117/><T75/><D75/><U50/><E69/><V45/><F115/><W101/><G101/><T100/><D100/><U55/><E61/><V106/><F113/><W15/><G15/><T134/><D76/><U79/><E79/><V51/><F77/><W111/><G111/><T4/><D134/><U122/><E122/><V47/><F14/><W90/><G90/><T135/><D135/><U46/><AGARI ba="0,0" hai="40,43,46,50,55,64,65,67,96,97,99" m="47543" machi="46" ten="30,7900,0" yaku="8,1,52,3" doraHai="95" who="1" fromWho="1" sc="250,-39,250,79,250,-20,250,-20" /><INIT seed="1,0,0,4,5,39" ten="211,329,230,230" oya="1" hai0="106,12,35,68,62,125,87,69,99,122,120,46,129" hai1="24,89,36,22,132,31,44,112,1,96,52,124,104" hai2="45,73,54,78,135,115,11,47,91,4,61,128,76" hai3="80,75,57,82,130,134,110,93,9,37,7,103,56"/><U25/><E112/><V59/><F135/><W48/><G37/><T60/><D35/><U19/><E1/><V84/><F115/><W20/><G134/><T53/><D87/><U105/><E132/><V81/><F128/><W72/><G130/><T70/><D129/><U118/><E118/><V50/><F73/><W5/><G110/><T38/><D12/><U85/><E124/><V2/><REACH who="2" step="1"/><F47/><REACH who="2" ten="211,329,220,230" step="2"/><W28/><G72/><T109/><D125/><U127/><E127/><V123/><F123/><N who="0" m="47146" /><D109/><U32/><E44/><V133/><F133/><W100/><G75/><T79/><D79/><U66/><E36/><V97/><F97/><W101/><G101/><N who="0" m="62783" /><D38/><U77/><E96/><V15/><F15/><W13/><G100/><T86/><D86/><U107/><E77/><V18/><F18/><W117/><G103/><T119/><D119/><U90/><E85/><V114/><F114/><W41/><G117/><T0/><D0/><U42/><E19/><V34/><F34/><W67/><G13/><T21/><D21/><U64/><E32/><V113/><F113/><W40/><G20/><T14/><D14/><U43/><E22/><V74/><F74/><W58/><G28/><T121/><N who="0" m="47154" /><T33/><DORA hai="95" /><D33/><U65/><E31/><V27/><F27/><W55/><G7/><T83/><D83/><U102/><E24/><V71/><F71/><W108/><G82/><T63/><D46/><U126/><E25/><V98/><F98/><W92/><G80/><T116/><D116/><U88/><E126/><V3/><F3/><N who="3" m="191" /><G108/><T10/><D10/><U111/><E102/><RYUUKYOKU ba="0,1" sc="211,15,329,-15,220,15,230,-15" hai0="53,60,62,63,68,69,70" hai2="2,4,11,45,50,54,59,61,76,78,81,84,91" /><INIT seed="2,1,1,5,1,68" ten="226,314,235,215" oya="2" hai0="64,84,104,95,134,36,38,79,46,69,97,103,86" hai1="24,74,126,16,13,101,70,99,124,1,31,18,82" hai2="26,81,12,3,49,118,41,27,58,132,83,91,39" hai3="102,51,120,88,80,56,129,92,9,28,25,50,133"/><V128/><F118/><W44/><G120/><T94/><D46/><U11/><E70/><V21/><F3/><W112/><G129/><T107/><D64/><U10/><E1/><V2/><F2/><W17/><G133/><T4/><D4/><U29/><E82/><N who="2" m="31243" /><F39/><W52/><G112/><T71/><D97/><U108/><E74/><V110/><F132/><W76/><G102/><T100/><REACH who="0" step="1"/><D134/><REACH who="0" ten="216,314,235,215" step="2"/><U30/><E99/><V116/><F128/><W20/><G9/><T59/><D59/><U122/><E11/><V72/><F58/><W8/><G8/><T75/><D75/><U96/><E10/><V135/><F72/><W34/><G56/><T5/><D5/><U0/><E96/><V127/><F135/><W48/><G76/><AGARI ba="1,2" hai="36,38,69,71,76,79,84,86,94,95,100,103,104,107" machi="76" ten="25,8000,1" yaku="1,1,22,2,52,2,53,0" doraHai="68" doraHaiUra="131" who="0" fromWho="3" sc="216,103,314,0,235,0,215,-83" /><INIT seed="3,0,0,2,1,114" ten="319,314,235,132" oya="3" hai0="43,72,62,25,76,35,38,124,93,10,61,99,42" hai1="91,97,20,56,129,90,105,55,24,9,88,37,85" hai2="102,104,29,80,8,67,77,82,16,70,68,96,23" hai3="59,19,47,0,2,117,53,110,126,92,122,94,28"/><W52/><G122/><T108/><D10/><U13/><E37/><V58/><F29/><W26/><G19/><T57/><D108/><U132/><E105/><V15/><F58/><W22/><G110/><T121/><D121/><U109/><E97/><V115/><F115/><W39/><G126/><T18/><D124/><U125/><E125/><V21/><F82/><W5/><G117/><T133/><D133/><U74/><E74/><V33/><F33/><W130/><G130/><T73/><D38/><U89/><E132/><V46/><F46/><W134/><G134/><T48/><D35/><U106/><E106/><V87/><F67/><W98/><G5/><T95/><D76/><U27/><E20/><V11/><F23/><W60/><G94/><T135/><D135/><U127/><E129/><V116/><F116/><W75/><G75/><T111/><D111/><U101/><E101/><V119/><F119/><W79/><G79/><T40/><D72/><U83/><E127/><V34/><F34/><W30/><G30/><T100/><D73/><U103/><E103/><V1/><F8/><W69/><G69/><T120/><D95/><U6/><E109/><V31/><REACH who="2" step="1"/><F1/><REACH who="2" ten="319,314,225,132" step="2"/><W3/><G39/><T4/><D120/><U36/><E36/><V63/><F63/><AGARI ba="0,1" hai="6,9,13,24,27,55,56,63,83,85,88,89,90,91" machi="63" ten="40,2600,0" yaku="8,1,54,1" doraHai="114" who="1" fromWho="2" sc="319,0,314,36,225,-26,132,0" owari="319,11.9,350,45.0,199,-20.1,132,-36.8" /></mjloggm>