<mjloggm ver="2.3"><GO type="225" lobby="0"/><UN n0="%4B%2E%32%2E%4B%2E" n1="%72%65%6E%6B%75%6E" n2="%E3%81%91%E3%83%BC%E3%81%9E%E3%81%88" n3="%E3%82%82%E3%81%90%E3%82%89" dan="16,17,16,17" rate="2112.75,2318.50,2195.87,2217.58" sx="M,M,F,M"/><TAIKYOKU oya="0"/><INIT seed="0,0,0,5,1,65" ten="250,250,250,250" oya="0" hai0="4,5,27,42,102,115,82,128,49,41,124,63,119" hai1="88,122,12,111,15,104,8,28,22,58,23,54,78" hai2="132,60,73,59,129,74,90,37,33,7,10,130,50" hai3="127,92,34,46,113,19,6,118,121,95,79,133,64"/><T109/><D115/><U71/><E104/><V125/><F37/><W67/><G118/><T117/><D124/><U99/><E71/><V40/><F33/><W72/><G113/><T114/><D114/><U48/><E122/><V14/><F125/><W105/><G105/><T101/><D128/><N who="2" m="49258" /><F132/><W38/><G127/><T32/><D82/><U77/><E111/><V0/><F0/><W35/><G19/><T112/><D112/><U16/><E28/><V131/><F131/><W53/><G133/><T55/><D63/><U29/><E29/><V107/><F107/><W81/><G121/><T1/><D27/><U52/><E54/><N who="2" m="33911" /><F90/><W36/><G35/><T2/><D32/><U96/><E22/><V3/><F3/><N who="0" m="1034" /><D55/><U30/><E30/><V56/><F56/><W13/><G53/><T108/><D49/><U51/><E51/><V44/><AGARI ba="0,0" hai="7,10,14,40,44,50,73,74" m="33911,49258" machi="44" ten="30,1100,0" yaku="19,1" doraHai="65" who="2" fromWho="2" sc="250,-5,250,-3,250,11,250,-3" /><INIT seed="1,0,0,4,2,110" ten="245,247,261,247" oya="1" hai0="82,67,128,36,45,38,16,19,104,59,12,86,96" hai1="37,18,33,119,54,32,97,118,0,40,122,1,65" hai2="125,116,9,55,79,100,27,41,4,132,130,120,58" hai3="114,64,24,117,103,131,92,44,26,52,123,85,56"/><U10/><E54/><V76/><F120/><W134/><G123/><T43/><D128/><U101/><E122/><V89/><F116/><N who="1" m="44585" /><E18/><V126/><F130/><W81/><G131/><T69/><D69/><U22/><E22/><V47/><F100/><W30/><G117/><T115/><D36/><U42/><E65/><V28/><F89/><W51/><G114/><T3/><D3/><N who="1" m="1099" /><E40/><V23/><F132/><W15/><G134/><T48/><D115/><U90/><E90/><V49/><F9/><W78/><G15/><T87/><D48/><U34/><E10/><V129/><F4/><W66/><G56/><T107/><D87/><U109/><E109/><V20/><F20/><N who="3" m="15623" /><G26/><T127/><D19/><U11/><E11/><V135/><F135/><W91/><G103/><T74/><D38/><U99/><E99/><AGARI ba="0,0" hai="44,51,52,64,66,78,81,85,91,92,99" m="15623" machi="99" ten="30,2000,0" yaku="8,1,54,1" doraHai="110" who="3" fromWho="1" sc="245,0,247,-20,261,0,247,20" /><INIT seed="2,0,0,4,4,42" ten="245,227,261,267" oya="2" hai0="37,40,59,127,73,94,68,95,106,6,116,111,93" hai1="97,53,23,27,81,84,48,121,105,2,30,115,72" hai2="29,100,75,102,10,128,39,17,122,57,21,67,98" hai3="16,135,117,123,83,103,77,56,44,99,74,133,104"/><V3/><F122/><W45/><G117/><T7/><D68/><U69/><E121/><V61/><F128/><W129/><G123/><T78/><D106/><U54/><E69/><V87/><F75/><W107/><G107/><T46/><D116/><U49/><E2/><V82/><F39/><W19/><G56/><T96/><D96/><U31/><E72/><V134/><F134/><N who="3" m="51211" /><G129/><T90/><D111/><U12/><E115/><V62/><F29/><W55/><G55/><N who="1" m="21002" /><E105/><V41/><F41/><W108/><G108/><T22/><D127/><U26/><E97/><V51/><F51/><N who="1" m="19529" /><E12/><V25/><F62/><W47/><AGARI ba="0,0" hai="16,19,44,45,47,74,77,83,99,103,104" m="51211" machi="47" ten="30,8000,1" yaku="20,1,52,3,54,1" doraHai="42" who="3" fromWho="3" sc="245,-20,227,-20,261,-40,267,80" /><INIT seed="3,0,0,1,3,105" ten="225,207,221,347" oya="3" hai0="1,12,95,26,50,97,123,10,103,132,31,116,84" hai1="80,121,98,69,112,57,70,125,85,22,96,60,35" hai2="100,67,74,51,49,56,65,117,27,75,39,8,0" hai3="72,92,16,131,111,135,68,18,33,41,94,106,82"/><W52/><G106/><T15/><D1/><U48/><E35/><V90/><F117/><W4/><G68/><T119/><D123/><U114/><E121/><V102/><F39/><W73/><G33/><T32/><D132/><U5/><E125/><V63/><F0/><W78/><G135/><T118/><D10/><U40/><E5/><V2/><F2/><W28/><G28/><T46/><REACH who="0" step="1"/><D84/><REACH who="0" ten="215,207,221,347" step="2"/><U36/><E36/><V115/><F8/><W3/><G3/><T71/><D71/><U126/><E126/><V133/><F133/><W113/><G113/><T129/><D129/><U47/><E69/><V134/><F115/><W54/><G131/><T9/><D9/><U43/><E70/><V59/><F134/><W93/><G111/><T30/><D30/><U88/><E112/><V127/><F127/><W61/><G4/><T7/><D7/><U110/><E114/><V24/><F75/><W21/><G73/><T62/><D62/><U101/><E110/><V20/><F74/><W81/><G61/><T77/><D77/><U99/><E22/><V104/><F63/><W89/><G78/><T86/><D86/><U19/><E19/><V128/><F128/><W124/><G72/><T109/><D109/><U6/><E6/><V53/><F20/><W37/><G18/><T34/><D34/><U58/><E58/><V25/><F59/><W23/><G23/><T79/><D79/><U64/><E101/><V91/><F56/><W42/><G124/><T14/><D14/><U87/><E87/><V66/><F102/><W45/><G21/><T108/><D108/><RYUUKYOKU ba="0,1" sc="215,15,207,15,221,-15,347,-15" hai0="12,15,26,31,32,46,50,95,97,103,116,118,119" hai1="40,43,47,48,57,60,64,80,85,88,96,98,99" owari="230,3.0,222,-17.8,206,-29.4,342,44.2" /></mjloggm>