<mjloggm ver="2.3"><GO type="225" lobby="0"/><UN n0="%E3%82%B7%E3%83%B3%E5%A4%AA%E6%9C%97" n1="%E3%81%86%E3%81%A9%E3%82%93%E3%81%93" n2="%4C%4F%4C%49%54%41" n3="%61%6D%65%6B%69" dan="16,16,16,16" rate="2150.83,2128.61,2194.01,2081.33" sx="M,M,F,M"/><TAIKYOKU oya="0"/><INIT seed="0,0,0,2,0,109" ten="250,250,250,250" oya="0" hai0="110,36,54,73,30,97,132,123,108,128,58,39,49" hai1="67,31,48,124,72,121,66,43,3,74,116,9,13" hai2="91,81,19,92,125,96,134,50,14,10,46,12,28" hai3="88,69,23,17,68,6,130,26,106,114,102,33,65"/><T115/><D123/><U76/><E116/><V119/><F134/><W71/><G130/><T95/><D132/><U51/><E121/><V105/><F125/><W85/><G114/><T99/><D128/><U100/><E124/><V29/><F119/><W107/><G33/><T27/><D73/><U94/><E3/><V1/><F1/><W37/><G37/><T18/><D18/><U15/><E31/><V21/><F105/><W7/><G65/><T89/><D99/><U93/><E9/><V83/><F28/><W122/><G122/><T118/><D115/><U64/><E43/><V62/><F62/><W84/><G84/><T20/><REACH who="0" step="1"/><D118/><REACH who="0" ten="240,250,250,250" step="2"/><U78/><E67/><V59/><F29/><W82/><REACH who="3" step="1"/><G107/><REACH who="3" ten="240,250,250,240" step="2"/><T35/><D35/><U135/><E135/><V8/><F96/><AGARI ba="0,2" hai="6,7,17,23,26,68,69,71,82,85,88,96,102,106" machi="96" ten="40,5200,0" yaku="1,1,2,1,54,1,53,0" doraHai="109" doraHaiUra="53" who="3" fromWho="2" sc="240,0,250,0,250,-52,240,72" /><INIT seed="1,0,0,2,3,63" ten="240,250,198,312" oya="1" hai0="24,127,66,13,80,46,74,115,120,98,55,39,31" hai1="105,108,116,34,70,10,40,30,37,14,110,58,57" hai2="84,95,28,45,23,97,128,33,22,47,29,52,38" hai3="117,131,77,16,3,107,119,41,48,106,36,96,59"/><U122/><E116/><N who="3" m="44618" /><G3/><T5/><D120/><U76/><E70/><V88/><F128/><W4/><G4/><T100/><D127/><U91/><E122/><V51/><F33/><W35/><G35/><T1/><D115/><U93/><E105/><V2/><F2/><W109/><G109/><N who="1" m="42090" /><E76/><V32/><F32/><W68/><G68/><T9/><D66/><U6/><E37/><V27/><F38/><W21/><G77/><T94/><D80/><U73/><E40/><V112/><F112/><W20/><G20/><T103/><D74/><U126/><E73/><V104/><F104/><W0/><G0/><T60/><D60/><U132/><E132/><V83/><F47/><N who="3" m="23975" /><G96/><T125/><D125/><U19/><E126/><V7/><F7/><W56/><G56/><T65/><D39/><U114/><E114/><V43/><F43/><W102/><G102/><T133/><D133/><U17/><E30/><N who="2" m="17783" /><F23/><W49/><G131/><T25/><D1/><U50/><E34/><V44/><F45/><W111/><G111/><T67/><D103/><AGARI ba="0,0" hai="28,29,44,51,52,83,84,88,95,97,103" m="17783" machi="103" ten="30,3900,0" yaku="8,1,54,2" doraHai="63" who="2" fromWho="0" sc="240,-39,250,0,198,39,312,0" /><INIT seed="2,0,0,1,0,108" ten="201,250,237,312" oya="2" hai0="72,3,46,33,35,69,34,55,49,123,117,21,43" hai1="51,86,73,18,97,42,100,56,124,14,132,102,32" hai2="89,23,66,26,68,40,101,9,7,134,110,15,91" hai3="90,79,84,78,10,115,20,6,130,11,104,4,59"/><V0/><F134/><W63/><G104/><T50/><D123/><U122/><E73/><V82/><F110/><W74/><G74/><T8/><D72/><U62/><E132/><V114/><F101/><W37/><G37/><T52/><D69/><U81/><E32/><V36/><F114/><W25/><G115/><T1/><D117/><U93/><E124/><V105/><F105/><W116/><G130/><T17/><D8/><U38/><E38/><V44/><F0/><W92/><G11/><T109/><D109/><U30/><E30/><V31/><REACH who="2" step="1"/><F82/><REACH who="2" ten="201,250,227,312" step="2"/><W94/><G116/><T65/><D65/><U133/><E102/><V85/><F85/><W99/><G99/><T128/><D128/><U61/><E133/><V13/><F13/><N who="3" m="5319" /><G94/><T27/><REACH who="0" step="1"/><D43/><REACH who="0" ten="191,250,227,312" step="2"/><U53/><E42/><V22/><F22/><W41/><G41/><T39/><D39/><U80/><E122/><V54/><F54/><N who="3" m="34295" /><G6/><T57/><AGARI ba="0,2" hai="1,3,17,21,27,33,34,35,46,49,50,52,55,57" machi="57" ten="30,4000,0" yaku="1,1,0,1,54,1,53,0" doraHai="108" doraHaiUra="71" who="0" fromWho="0" sc="191,60,250,-10,227,-20,312,-10" /><INIT seed="3,0,0,0,3,103" ten="251,240,207,302" oya="3" hai0="83,118,39,131,89,17,20,43,4,54,9,32,116" hai1="41,42,76,132,107,91,122,1,93,115,100,67,40" hai2="31,13,86,16,59,95,50,57,128,8,117,72,12" hai3="55,63,82,15,125,105,56,102,65,104,108,26,2"/><W120/><G120/><T24/><D131/><U85/><E122/><V109/><F72/><W99/><G2/><T33/><D43/><U126/><E1/><V51/><F117/><W36/><G36/><T110/><D39/><U19/><E115/><V49/><F128/><W35/><G108/><T129/><D129/><U30/><E30/><V77/><F31/><N who="3" m="19959" /><G82/><T74/><D110/><U112/><E112/><V53/><F109/><W81/><G81/><T114/><D114/><U130/><E130/><V44/><F77/><W47/><G47/><T75/><D75/><U68/><E132/><V80/><F95/><W66/><G15/><T27/><D54/><U23/><E126/><V84/><F59/><W22/><G22/><T71/><D71/><U106/><E100/><V61/><F13/><W79/><G79/><T97/><D32/><U87/><E87/><V0/><F0/><W134/><G105/><T60/><D74/><U52/><E76/><V133/><F133/><W124/><G134/><T119/><D33/><U62/><REACH who="1" step="1"/><E52/><REACH who="1" ten="251,230,207,302" step="2"/><N who="2" m="29735" /><F80/><W70/><G66/><T10/><D83/><U121/><E121/><V64/><F64/><W101/><G101/><T29/><D116/><U34/><E34/><V96/><F96/><W38/><G38/><T111/><D97/><U94/><E94/><V73/><F73/><W5/><G5/><T123/><D118/><U11/><E11/><V69/><F69/><W88/><G88/><T28/><D10/><U6/><E6/><V21/><F8/><W92/><G92/><T78/><D119/><U113/><E113/><V90/><F90/><RYUUKYOKU ba="0,1" sc="251,-30,230,10,207,10,302,10" hai1="19,23,40,41,42,62,67,68,85,91,93,106,107" hai2="12,16,21,50,51,53,57,61,84,86" hai3="55,56,63,65,70,99,102,104,124,125" owari="221,-17.9,240,4.0,217,-28.3,322,42.2" /></mjloggm>