<mjloggm ver="2.3"><GO type="225" lobby="0"/><UN n0="%E3%81%8F%E3%81%BE%E3%81%96%E3%82%8F" n1="%E3%81%9F%E3%81%93%E2%98%86%E7%84%BC%E3%81%8D" n2="%E5%B8%86%E7%AB%8B%E5%A4%8F%E8%A1%A3" n3="%73%6C%69%63%6B%33%31%39" dan="16,16,17,17" rate="2034.15,2069.55,2151.03,2203.95" sx="M,M,M,M"/><TAIKYOKU oya="0"/><INIT seed="0,0,0,2,2,120" ten="250,250,250,250" oya="0" hai0="2,93,54,9,97,96,67,57,59,117,29,10,60" hai1="32,114,110,62,126,33,31,1,28,47,61,131,99" hai2="38,106,22,115,112,98,7,17,19,55,124,71,37" hai3="6,83,107,36,72,49,108,70,64,41,27,89,26"/><T109/><D117/><U127/><E47/><V46/><F71/><W123/><G107/><T102/><D2/><U18/><E99/><V133/><F7/><W39/><G123/><T40/><D40/><U42/><E42/><V80/><F124/><W76/><G6/><T48/><D109/><U77/><E77/><V68/><F133/><W66/><G39/><T16/><D29/><U45/><E45/><V84/><F98/><W5/><G5/><T111/><D111/><U122/><E1/><V82/><F46/><W88/><G36/><T94/><REACH who="0" step="1"/><D16/><REACH who="0" ten="240,250,250,250" step="2"/><U14/><E18/><V91/><F19/><W35/><G41/><T129/><D129/><U125/><E110/><V23/><F17/><W85/><G108/><T63/><D63/><U78/><E131/><V8/><F38/><W92/><G26/><T34/><D34/><U11/><E28/><V30/><F37/><W52/><G35/><T128/><D128/><U87/><E31/><V79/><F30/><W113/><G27/><T50/><D50/><U24/><E61/><V105/><F23/><W21/><G21/><T20/><D20/><U0/><E62/><V132/><F22/><W134/><G49/><T53/><D53/><U69/><E24/><V130/><F55/><W100/><G52/><T56/><D56/><U65/><E0/><V73/><F130/><W58/><G58/><T4/><D4/><U86/><E122/><V3/><F3/><W135/><G135/><T15/><D15/><U101/><E14/><V75/><F132/><W121/><G134/><T51/><D51/><U103/><E126/><RYUUKYOKU ba="0,1" sc="240,30,250,-10,250,-10,250,-10" hai0="9,10,48,54,57,59,60,67,93,94,96,97,102" /><INIT seed="0,1,1,2,3,112" ten="270,240,240,240" oya="0" hai0="117,125,50,120,85,35,21,24,103,13,66,65,18" hai1="78,70,5,104,60,64,6,61,135,0,69,12,14" hai2="27,53,94,91,88,51,17,40,29,44,76,10,16" hai3="90,23,1,57,62,56,20,41,25,87,102,84,116"/><T46/><D120/><U118/><E78/><V79/><F91/><W48/><G1/><T129/><D129/><U127/><E0/><V97/><F40/><W7/><G7/><T59/><D125/><U71/><E104/><V132/><F132/><W83/><G116/><T2/><D2/><U113/><E113/><V38/><F38/><W19/><G102/><T45/><D117/><U42/><E42/><V100/><F100/><W74/><G74/><T58/><D35/><U110/><E118/><V55/><F55/><W3/><G3/><T109/><D45/><U30/><E135/><V108/><F108/><W95/><G23/><T86/><D24/><U37/><E30/><V4/><F4/><W36/><G36/><T63/><D103/><U122/><E37/><V22/><REACH who="2" step="1"/><F29/><REACH who="2" ten="270,240,230,240" step="2"/><W67/><G41/><N who="0" m="24911" /><D109/><U81/><E5/><V106/><F106/><W107/><G107/><T130/><D130/><U115/><E6/><V114/><F114/><W26/><G48/><T49/><D49/><U123/><E115/><V73/><F73/><W28/><G28/><T133/><D133/><U31/><E110/><V105/><F105/><W82/><G57/><T128/><D128/><U111/><E111/><V131/><F131/><W134/><G134/><T92/><D59/><U34/><E70/><V39/><F39/><W80/><REACH who="3" step="1"/><G26/><REACH who="3" ten="270,240,230,230" step="2"/><T99/><D58/><U47/><E71/><V8/><F8/><W54/><G54/><T15/><D65/><U9/><E69/><V43/><F43/><W52/><G52/><T89/><D66/><U126/><E64/><V121/><F121/><RYUUKYOKU ba="1,3" sc="270,-15,240,-15,230,15,230,15" hai2="10,16,17,22,27,44,51,53,76,79,88,94,97" hai3="19,20,25,56,62,67,80,82,83,84,87,90,95" /><INIT seed="1,2,3,4,2,8" ten="255,225,245,245" oya="1" hai0="100,90,98,31,89,103,113,60,116,11,93,92,57" hai1="56,99,125,30,76,27,117,18,134,68,64,24,130" hai2="84,102,95,34,114,46,110,63,28,0,54,107,71" hai3="15,13,69,53,47,40,109,75,72,118,77,21,94"/><U43/><E117/><V127/><F0/><W4/><G69/><T108/><D113/><U45/><E68/><V79/><F114/><W80/><G118/><T104/><D116/><U33/><E130/><V6/><F6/><W101/><G109/><T120/><D108/><U85/><E134/><V12/><F12/><W70/><G70/><T88/><D31/><U51/><E125/><V41/><F110/><W133/><G133/><T61/><D120/><U81/><E99/><N who="2" m="61919" /><F54/><W106/><G53/><T115/><D115/><U131/><E131/><V124/><F95/><W123/><G123/><T49/><D104/><U58/><E64/><N who="2" m="41375" /><F84/><N who="3" m="48143" /><G106/><T10/><D49/><U9/><REACH who="1" step="1"/><E9/><REACH who="1" ten="255,215,245,245" step="2"/><V82/><F127/><W26/><G75/><T86/><D10/><U29/><E29/><V42/><F124/><W96/><G72/><T129/><D11/><U20/><AGARI ba="2,4" hai="18,20,24,27,30,33,43,45,51,56,58,76,81,85" machi="20" ten="30,6000,0" yaku="1,1,0,1,53,1" doraHai="8" doraHaiUra="44" who="1" fromWho="1" sc="255,-22,215,106,245,-22,245,-22" /><INIT seed="1,3,0,0,1,58" ten="233,321,223,223" oya="1" hai0="121,134,19,40,10,135,48,49,131,110,129,86,63" hai1="76,91,34,113,89,93,123,36,14,39,16,85,90" hai2="78,122,29,50,6,18,47,101,102,33,37,119,45" hai3="103,21,80,3,81,32,22,43,99,98,61,9,69"/><U96/><E34/><V74/><F119/><W130/><G32/><T1/><D110/><U115/><E123/><V30/><F122/><W42/><G3/><T59/><D121/><U52/><E76/><V41/><F6/><W104/><G9/><T124/><D86/><U84/><E84/><V100/><F18/><W13/><G13/><N who="0" m="7607" /><D1/><U23/><E90/><V94/><F94/><W111/><G69/><T114/><D40/><U107/><E107/><V83/><REACH who="2" step="1"/><F33/><REACH who="2" ten="233,321,213,223" step="2"/><W26/><G104/><T133/><D114/><U79/><E93/><V12/><F12/><W56/><G21/><T116/><D116/><U62/><E23/><V117/><F117/><W11/><G22/><T57/><D124/><U66/><E16/><V0/><F0/><W55/><G11/><T20/><D20/><U51/><E14/><V4/><F4/><W109/><G109/><T118/><D118/><U127/><E127/><V17/><F17/><W128/><G111/><T125/><D125/><U72/><E115/><V54/><AGARI ba="3,1" hai="29,30,37,41,45,47,50,54,74,78,83,100,101,102" machi="54" ten="30,2000,0" yaku="1,1,0,1,53,0" doraHai="58" doraHaiUra="60" who="2" fromWho="2" sc="233,-8,321,-13,213,39,223,-8" /><INIT seed="2,0,0,2,3,127" ten="225,308,252,215" oya="2" hai0="20,6,22,89,113,79,21,33,52,28,61,1,82" hai1="4,70,99,27,71,97,106,77,131,37,115,49,10" hai2="123,119,62,0,30,118,95,72,105,126,111,69,53" hai3="132,36,55,75,31,43,50,19,59,102,2,98,24"/><V51/><F105/><W93/><G75/><T128/><D113/><U87/><E37/><V18/><F72/><W76/><G76/><T47/><D89/><U96/><E27/><V80/><F80/><W84/><G2/><T23/><D33/><U13/><E70/><V16/><F0/><W121/><G121/><T29/><D128/><U67/><E131/><V107/><F107/><W39/><G132/><T117/><D117/><U45/><E67/><V66/><F123/><W125/><G125/><T5/><D1/><U112/><E71/><V110/><F95/><W3/><G3/><T25/><D29/><U100/><E100/><V109/><F30/><W63/><G19/><N who="2" m="7209" /><F126/><W65/><G84/><N who="0" m="48223" /><D47/><AGARI ba="0,0" hai="47,51,53,62,66,69,109,110,111,118,119" m="7209" machi="47" ten="30,5800,0" yaku="14,1,10,1,54,1" doraHai="127" who="2" fromWho="0" sc="225,-58,308,0,252,58,215,0" /><INIT seed="2,1,0,3,0,86" ten="167,308,310,215" oya="2" hai0="43,100,33,66,63,24,117,53,80,55,125,2,112" hai1="20,118,32,68,41,104,95,1,3,17,52,98,65" hai2="57,56,51,38,122,60,115,47,83,62,59,13,101" hai3="28,49,4,79,36,16,70,25,131,93,129,40,5"/><V124/><F115/><W91/><G70/><T12/><D112/><U107/><E32/><V7/><F122/><W109/><G109/><T119/><D2/><U73/><E41/><V11/><F124/><W121/><G121/><T105/><D125/><U127/><E73/><V27/><F38/><W97/><G36/><T23/><D43/><U81/><E81/><V96/><F83/><W10/><G79/><T111/><D111/><U48/><E118/><N who="0" m="45065" /><D80/><U128/><E128/><N who="3" m="49226" /><G49/><T54/><D12/><U50/><E50/><V106/><REACH who="2" step="1"/><F27/><REACH who="2" ten="167,308,300,215" step="2"/><W123/><G123/><T114/><D114/><U14/><E127/><V87/><F87/><W15/><G40/><AGARI ba="1,1" hai="7,11,13,40,47,51,56,57,59,60,62,96,101,106" machi="40" ten="40,2000,0" yaku="1,1,53,0" doraHai="86" doraHaiUra="21" who="2" fromWho="3" sc="167,0,308,0,300,33,215,-23" /><INIT seed="2,2,0,2,3,12" ten="167,308,333,192" oya="2" hai0="63,96,90,37,109,112,102,1,121,98,19,45,130" hai1="43,51,88,74,92,126,113,81,30,110,61,99,47" hai2="91,118,115,97,114,42,106,53,7,105,80,77,124" hai3="107,50,41,26,111,127,49,27,36,70,78,125,93"/><V135/><F118/><W25/><G107/><N who="2" m="40969" /><F53/><W84/><G70/><T33/><D109/><U3/><E110/><V67/><F67/><W18/><G111/><T14/><D130/><U94/><E126/><N who="3" m="48138" /><G36/><T119/><D1/><U48/><E3/><V128/><F42/><W108/><G108/><T16/><D33/><U32/><E113/><N who="2" m="43019" /><F7/><W66/><G66/><T95/><D112/><U17/><E61/><V69/><F69/><W8/><G41/><T73/><D119/><U62/><E62/><V86/><F124/><W59/><G59/><T35/><D63/><U55/><E92/><N who="2" m="56479" /><F135/><W10/><G93/><T103/><D95/><U100/><E30/><V23/><F23/><W85/><G78/><T75/><D37/><U57/><E32/><V52/><F52/><W31/><G31/><T123/><D35/><U101/><E48/><N who="3" m="18538" /><G18/><T58/><D58/><U29/><E17/><V24/><F24/><W11/><AGARI ba="2,0" hai="8,10,11,25,26,27,84,85" m="18538,48138" machi="11" ten="40,5200,0" yaku="28,2,18,1" doraHai="12" who="3" fromWho="3" sc="167,-15,308,-15,333,-28,192,58" /><INIT seed="3,0,0,2,3,131" ten="152,293,305,250" oya="3" hai0="107,22,78,122,55,46,30,56,0,17,121,76,82" hai1="31,118,13,89,116,98,50,5,133,35,101,123,81" hai2="29,47,60,100,11,106,43,3,71,49,99,85,10" hai3="4,95,58,79,53,120,52,32,103,62,128,59,40"/><W113/><G113/><T38/><D107/><U24/><E123/><V135/><F135/><W86/><G32/><T61/><D0/><U127/><E133/><V111/><F111/><W27/><G128/><T28/><D121/><U20/><E127/><V6/><F11/><W93/><G120/><T105/><D122/><U54/><E81/><V108/><F108/><W15/><G40/><T134/><D105/><U80/><E80/><V1/><F29/><W45/><G45/><T97/><D134/><U126/><E89/><V25/><F25/><W41/><G41/><T94/><D38/><U130/><E130/><V83/><F60/><W65/><G27/><T132/><D46/><U104/><E126/><V16/><F16/><W91/><G79/><T8/><D8/><U14/><E5/><V37/><F71/><W34/><G34/><T88/><D132/><U84/><E84/><V124/><F124/><W73/><G73/><T125/><D125/><U87/><E87/><V72/><F3/><W90/><G103/><T110/><D110/><U77/><E77/><N who="0" m="29801" /><D82/><U21/><E35/><V109/><F109/><W33/><G33/><T64/><D64/><U44/><REACH who="1" step="1"/><E21/><REACH who="1" ten="152,283,305,250" step="2"/><V19/><F72/><W74/><G74/><T102/><D102/><U57/><E57/><V12/><F83/><W26/><G59/><T129/><D129/><U51/><E51/><V114/><F49/><W9/><G26/><T70/><D70/><U18/><E18/><V63/><F85/><AGARI ba="0,1" hai="4,9,15,52,53,58,62,65,85,86,90,91,93,95" machi="85" ten="30,11600,0" yaku="7,1,9,1,8,1,54,1" doraHai="131" who="3" fromWho="2" sc="152,0,283,0,305,-116,250,126" owari="152,-34.8,283,8.3,189,-21.1,376,47.6" /></mjloggm>