<mjloggm ver="2.3"><GO type="225" lobby="0"/><UN n0="%E7%89%B9%E6%9D%B1%E3%81%AF%E4%B8%96%E7%95%8C%E3%82%92%E6%95%91%E3%81%86" n1="%E3%81%86%E3%82%8C%E3%81%9F%E3%82%93%E6%9E%95" n2="%E5%8F%AF%E5%85%90%E9%82%A3%E7%94%B1%E5%A4%9A" n3="%E3%81%A8%E3%82%93%E3%81%A8%E3%81%93%E3%81%A8%E3%82%93" dan="16,16,17,16" rate="2106.38,2099.85,2239.50,2125.64" sx="M,F,F,M"/><TAIKYOKU oya="0"/><INIT seed="0,0,0,0,5,80" ten="250,250,250,250" oya="0" hai0="52,133,30,18,84,94,39,9,97,127,75,79,21" hai1="76,125,4,92,54,113,33,17,132,108,70,110,117" hai2="135,68,88,61,102,124,25,51,28,65,114,47,78" hai3="69,119,12,71,40,53,23,93,34,10,122,98,22"/><T43/><D133/><U44/><E33/><V50/><F114/><W81/><G119/><T48/><D127/><U126/><E4/><V31/><F135/><W83/><G34/><T29/><D75/><U42/><E132/><V82/><F124/><N who="1" m="47721" /><E76/><V6/><F102/><W46/><G71/><T60/><D39/><N who="1" m="21599" /><E117/><V27/><F6/><W100/><G69/><T7/><D60/><U112/><E70/><V115/><F115/><N who="1" m="44105" /><E17/><V64/><F64/><W0/><G0/><T57/><D43/><U109/><E92/><V35/><F47/><W67/><G40/><T3/><D79/><U58/><E109/><V55/><F55/><W59/><G53/><T120/><D120/><U15/><E15/><V74/><REACH who="2" step="1"/><F88/><REACH who="2" ten="250,250,240,250" step="2"/><W49/><G122/><T107/><D107/><U77/><E77/><V86/><F86/><W26/><G67/><T128/><D84/><U24/><E24/><V121/><F121/><W62/><G26/><T72/><D72/><U101/><E101/><V99/><F99/><W95/><G100/><T5/><D5/><U8/><E8/><V105/><F105/><W2/><G98/><T1/><D1/><U134/><E134/><V89/><F89/><W85/><G2/><T63/><D97/><U90/><E90/><V129/><F129/><W45/><G10/><T66/><D128/><U118/><E118/><V32/><AGARI ba="0,1" hai="25,27,28,31,32,35,50,51,61,65,68,74,78,82" machi="32" ten="20,5200,0" yaku="1,1,0,1,7,1,9,1,53,0" doraHai="80" doraHaiUra="116" who="2" fromWho="2" sc="250,-26,250,-13,240,62,250,-13" /><INIT seed="1,0,0,1,4,87" ten="224,237,302,237" oya="1" hai0="72,39,62,133,109,7,44,107,20,93,47,55,29" hai1="77,4,35,12,52,65,86,135,121,19,66,74,112" hai2="26,43,96,100,32,132,8,78,40,89,59,119,103" hai3="105,6,104,108,127,122,60,9,88,91,115,36,101"/><U73/><E121/><V58/><F119/><W76/><G36/><T56/><D107/><N who="3" m="41033" /><G60/><T114/><D114/><U30/><E135/><V125/><F132/><W54/><G54/><T13/><D133/><U50/><E112/><V69/><F69/><W3/><G115/><T79/><D109/><U82/><E4/><V118/><F118/><W126/><G122/><T75/><D79/><U81/><E30/><V90/><F125/><N who="3" m="47627" /><G108/><T18/><D29/><U80/><E35/><V25/><F78/><W123/><G123/><T131/><D131/><U51/><E51/><V128/><F128/><W38/><G38/><T83/><D83/><N who="1" m="31819" /><E74/><V28/><F28/><W106/><G76/><T21/><D7/><U45/><E73/><V116/><F116/><W15/><G3/><T63/><D63/><U31/><E31/><V27/><F32/><W129/><G129/><T2/><D2/><U53/><E53/><V14/><F27/><W134/><G134/><T97/><D47/><U41/><E41/><V111/><F111/><W37/><G37/><T70/><D70/><U98/><E98/><AGARI ba="0,0" hai="6,9,15,88,91,98,101,106" m="47627,41033" machi="98" ten="30,7700,0" yaku="18,1,52,2,54,1" doraHai="87" who="3" fromWho="1" sc="224,0,237,-77,302,0,237,77" /><INIT seed="2,0,0,4,1,55" ten="224,160,302,314" oya="2" hai0="122,108,38,45,2,116,99,117,43,121,126,100,18" hai1="3,17,103,60,58,120,46,21,65,79,133,112,10" hai2="48,89,92,50,14,4,24,6,125,41,44,59,84" hai3="106,83,77,81,72,47,34,82,94,26,56,49,85"/><V86/><F125/><W29/><G106/><T5/><D126/><U134/><E112/><V113/><F113/><W93/><G56/><T35/><D35/><U114/><E114/><V68/><F68/><W9/><G9/><N who="0" m="2231" /><D18/><U73/><E120/><N who="0" m="46185" /><D108/><U115/><E115/><V57/><F24/><W20/><G34/><T98/><D98/><U51/><E103/><V101/><F101/><W63/><G63/><T16/><D16/><U12/><E79/><V123/><F123/><W131/><G131/><T87/><D87/><U129/><E73/><V64/><F14/><W102/><G102/><T70/><D70/><U105/><E105/><AGARI ba="0,0" hai="38,43,45,99,100,105,116,117" m="46185,2231" machi="105" ten="30,1000,0" yaku="23,1" doraHai="55" who="0" fromWho="1" sc="224,10,160,-10,302,0,314,0" /><INIT seed="3,0,0,1,4,86" ten="234,150,302,314" oya="3" hai0="73,128,21,1,130,26,24,80,3,76,11,87,62" hai1="8,115,48,16,64,37,121,6,119,60,38,40,51" hai2="79,97,117,12,134,41,43,32,78,19,81,17,83" hai3="135,10,123,61,23,124,63,95,72,82,125,88,2"/><W85/><G123/><T99/><D26/><U105/><E121/><V20/><F117/><W66/><G135/><T68/><D99/><U103/><E115/><V96/><F32/><W90/><G23/><T44/><D44/><U132/><E132/><V120/><F134/><W53/><G53/><T104/><D104/><U15/><E119/><V58/><F58/><W50/><G50/><T131/><D11/><U39/><E40/><V118/><F118/><W106/><G106/><T89/><D62/><U57/><E105/><V112/><F112/><W111/><G111/><T49/><D68/><U29/><E103/><V113/><F113/><W122/><G122/><T126/><D126/><N who="3" m="48745" /><G66/><T65/><D49/><U102/><E102/><V47/><F120/><W33/><G33/><T70/><D65/><U75/><E75/><V94/><F47/><W107/><G107/><T116/><D70/><U84/><E29/><V9/><F43/><W31/><G31/><T36/><D36/><U28/><E28/><V5/><F41/><W56/><G56/><T18/><REACH who="0" step="1"/><D116/><REACH who="0" ten="224,150,302,314" step="2"/><U133/><E133/><V14/><F97/><N who="3" m="57591" /><G72/><T98/><D98/><U35/><E35/><V30/><F30/><W4/><AGARI ba="0,1" hai="2,4,10,61,63,82,85,88" m="57591,48745" machi="4" ten="30,11700,0" yaku="18,1,52,2,54,1" doraHai="86" who="3" fromWho="3" sc="224,-39,150,-39,302,-39,314,127" owari="185,-21.5,111,-38.9,263,6.3,441,54.1" /></mjloggm>