<mjloggm ver="2.3"><GO type="225" lobby="0"/><UN n0="%E3%81%BF%E3%81%BF%E3%81%9A" n1="%E9%87%8E%E3%80%85%E5%AE%AE%E8%97%8D" n2="%E3%81%A0%E3%81%8A" n3="%E6%98%93%E5%88%A9%E8%96%A9%E4%BC%AF" dan="17,17,16,16" rate="2170.34,2153.58,2018.34,2119.82" sx="M,F,M,F"/><TAIKYOKU oya="0"/><INIT seed="0,0,0,2,1,27" ten="250,250,250,250" oya="0" hai0="67,39,89,46,5,4,42,128,23,1,108,9,20" hai1="84,96,55,36,63,114,81,79,18,95,13,10,76" hai2="112,131,135,82,41,116,62,32,57,29,17,56,121" hai3="104,90,100,80,61,59,51,71,117,130,34,14,54"/><T124/><D128/><U19/><E36/><V52/><F121/><W83/><G117/><T53/><D124/><U21/><E114/><V132/><F131/><W11/><G34/><T113/><D113/><U72/><E72/><V87/><F112/><W77/><G130/><T22/><D108/><U60/><E76/><V88/><F116/><W66/><G90/><T50/><D67/><U28/><E55/><V43/><F17/><W78/><G83/><T44/><D5/><U101/><REACH who="1" step="1"/><E28/><REACH who="1" ten="250,240,250,250" step="2"/><V86/><F41/><W105/><G78/><T15/><REACH who="0" step="1"/><D89/><REACH who="0" ten="240,240,250,250" step="2"/><U6/><E6/><V126/><F88/><W119/><G119/><T69/><D69/><U85/><E85/><V37/><F87/><W40/><G100/><T134/><D134/><U30/><E30/><V115/><F86/><W127/><G127/><T110/><D110/><U129/><E129/><V94/><F29/><W3/><G71/><T33/><D33/><U58/><E58/><V64/><F56/><W109/><G59/><T133/><D133/><U49/><E49/><V8/><F32/><W111/><G51/><T12/><AGARI ba="0,2" hai="1,4,9,12,15,20,22,23,39,42,44,46,50,53" machi="12" ten="30,3000,0" yaku="1,1,0,1,53,0" doraHai="27" doraHaiUra="103" who="0" fromWho="0" sc="240,50,240,-10,250,-10,250,-10" /><INIT seed="0,1,0,4,1,92" ten="290,230,240,240" oya="0" hai0="67,113,77,11,109,84,51,116,129,124,40,114,22" hai1="71,93,74,17,5,86,57,3,4,94,68,54,32" hai2="50,21,108,123,87,66,59,37,91,44,41,12,134" hai3="135,26,118,47,60,104,72,31,10,63,53,132,117"/><T33/><D33/><U131/><E74/><V18/><F123/><W19/><G72/><T14/><D116/><N who="3" m="44649" /><G104/><T35/><D35/><U24/><E131/><V27/><F108/><W125/><G47/><T133/><D129/><U34/><E94/><V73/><F73/><W120/><G53/><T112/><D112/><U23/><E34/><V70/><F134/><N who="3" m="51243" /><G120/><T83/><D109/><U20/><E32/><V30/><F70/><W7/><G31/><T2/><D2/><U39/><E3/><V16/><F12/><N who="3" m="5215" /><G125/><T110/><D124/><U98/><E39/><V101/><F66/><W52/><G52/><T80/><D110/><U103/><E86/><V126/><F126/><W29/><G29/><T75/><D133/><U102/><E102/><V89/><F101/><W42/><G42/><T46/><D67/><U58/><E58/><V8/><F87/><W106/><G106/><T64/><D64/><U82/><E82/><V13/><REACH who="2" step="1"/><F30/><REACH who="2" ten="290,230,230,240" step="2"/><W79/><G79/><T62/><D114/><U119/><E119/><V127/><F127/><W45/><G45/><T105/><D113/><U128/><E128/><V6/><F6/><W56/><G56/><T55/><D75/><U111/><E111/><V38/><F38/><W9/><G9/><T48/><D11/><U25/><E71/><V97/><F97/><W36/><G36/><T90/><D77/><U28/><REACH who="1" step="1"/><E68/><REACH who="1" ten="290,220,230,240" step="2"/><V81/><F81/><W61/><G19/><N who="0" m="10615" /><D83/><U122/><E122/><V85/><F85/><W1/><G1/><T49/><D80/><U65/><E65/><V43/><F43/><W78/><G78/><RYUUKYOKU ba="1,2" sc="290,-30,220,10,230,10,240,10" hai1="4,5,17,20,23,24,25,28,54,57,93,98,103" hai2="8,13,16,18,21,27,37,41,44,50,59,89,91" hai3="26,60,61,63" /><INIT seed="1,2,2,1,0,3" ten="260,230,240,250" oya="1" hai0="41,75,0,11,53,43,34,125,83,72,47,79,28" hai1="13,48,122,5,37,97,131,65,54,110,40,21,39" hai2="114,85,105,29,100,108,23,10,86,55,12,8,57" hai3="66,70,31,129,74,16,128,81,77,106,56,82,19"/><U38/><E122/><V68/><F68/><W20/><G106/><T27/><D53/><U99/><E131/><N who="3" m="50250" /><G70/><T51/><D125/><U35/><E35/><V46/><F108/><W22/><G82/><T78/><D43/><U69/><E40/><V135/><F135/><W4/><G4/><N who="0" m="1415" /><D51/><U104/><E104/><V127/><F127/><W91/><G91/><T118/><D79/><U132/><E132/><V76/><F46/><W113/><G113/><T92/><D92/><U7/><E110/><V52/><F114/><W84/><G74/><N who="0" m="43479" /><D118/><U61/><E99/><V124/><F124/><W26/><G22/><T2/><D2/><U9/><E97/><V25/><F100/><W107/><G107/><T111/><D111/><U87/><E87/><V102/><F102/><W112/><G112/><T116/><D116/><U88/><E88/><V33/><F105/><W58/><G66/><T120/><D120/><U60/><E21/><V59/><F33/><W130/><G130/><T98/><D98/><U133/><E133/><V49/><F76/><W30/><G19/><T119/><D119/><U45/><REACH who="1" step="1"/><E61/><REACH who="1" ten="260,220,240,250" step="2"/><N who="2" m="36031" /><F8/><W44/><G84/><T71/><D75/><U67/><E67/><V134/><F134/><W15/><G77/><T73/><D72/><U36/><N who="1" m="9216" /><DORA hai="109" /><U42/><E42/><V32/><F32/><W94/><G81/><T24/><D73/><U95/><E95/><V115/><F115/><W117/><G94/><T63/><D63/><U64/><E64/><V126/><F126/><W123/><G123/><T89/><D89/><U50/><E50/><V1/><F1/><RYUUKYOKU ba="2,3" sc="260,-15,220,15,240,15,250,-15" hai1="5,7,9,13,45,48,54,60,65,69" hai2="10,12,23,25,29,49,52,59,85,86" /><INIT seed="1,3,3,5,4,67" ten="245,235,255,235" oya="1" hai0="134,84,61,41,40,51,37,66,23,103,135,3,8" hai1="47,21,46,24,43,116,19,27,10,20,111,85,91" hai2="18,55,128,75,59,133,125,39,95,9,1,71,58" hai3="5,98,30,2,130,92,74,53,124,89,120,25,126"/><U88/><E116/><V16/><F75/><W17/><G74/><T54/><D103/><U122/><E122/><V82/><F39/><W81/><G120/><T90/><D23/><U87/><E10/><V44/><F125/><W31/><G130/><T121/><D121/><U62/><E62/><V12/><F133/><N who="0" m="50698" /><D37/><U83/><E43/><V100/><F1/><W106/><G106/><T65/><D8/><U63/><E63/><V131/><F71/><W14/><G2/><T118/><D3/><U115/><E111/><V11/><F82/><W68/><G5/><T57/><D118/><U119/><E119/><V60/><F44/><W123/><G68/><N who="0" m="42031" /><D66/><U79/><E115/><V80/><F128/><W49/><G81/><AGARI ba="3,3" hai="40,41,51,54,57,81,84,90" m="42031,50698" machi="81" ten="30,2000,0" yaku="20,1,52,1" doraHai="67" who="0" fromWho="3" sc="245,59,235,0,255,0,235,-29" /><INIT seed="2,0,0,4,2,36" ten="304,235,255,206" oya="2" hai0="60,77,88,101,3,112,120,12,15,75,68,29,73" hai1="105,116,16,119,38,100,13,22,132,34,90,107,62" hai2="96,106,76,61,44,25,129,131,65,121,134,58,35" hai3="78,19,18,26,63,85,111,41,39,33,66,55,11"/><V91/><F121/><W93/><G111/><T48/><D3/><U135/><E34/><V1/><F1/><W20/><G33/><T50/><D120/><U82/><E62/><V89/><F76/><W79/><G55/><T0/><D0/><U108/><E108/><V70/><F134/><N who="1" m="51241" /><E38/><V133/><F58/><W7/><G19/><T42/><D101/><U109/><E109/><V2/><F2/><W113/><G113/><T30/><D112/><U56/><E56/><V54/><F54/><W110/><G110/><T32/><D32/><U84/><E100/><N who="2" m="62727" /><F44/><W71/><G7/><T83/><D68/><U125/><E125/><V31/><F133/><W28/><G11/><T95/><D60/><U124/><E124/><V94/><F94/><W9/><G9/><T128/><D128/><AGARI ba="0,0" hai="25,31,35,61,65,70,89,91,128,129,131" m="62727" machi="128" ten="30,2900,0" yaku="25,1,19,1" doraHai="36" who="2" fromWho="0" sc="304,-29,235,0,255,29,206,0" /><INIT seed="2,1,0,5,4,59" ten="275,235,284,206" oya="2" hai0="124,19,113,73,56,14,22,0,63,105,121,3,74" hai1="129,94,35,103,128,108,134,90,37,112,21,79,80" hai2="133,77,104,28,120,78,66,51,123,24,118,86,8" hai3="60,114,54,50,48,39,20,70,102,26,95,75,38"/><V10/><F118/><W32/><G75/><T132/><D121/><U119/><E35/><V97/><F133/><W45/><G32/><T126/><D113/><U135/><E37/><V58/><F104/><W44/><G114/><T42/><D105/><U111/><E103/><V49/><F97/><W101/><G39/><T115/><D42/><U127/><E21/><V69/><F69/><W4/><G4/><T25/><D132/><N who="1" m="50731" /><E119/><V65/><F58/><W2/><G2/><N who="0" m="555" /><D14/><U83/><E112/><V87/><F24/><W100/><G38/><T1/><N who="0" m="563" /><T23/><DORA hai="11" /><D23/><U82/><E79/><V106/><F106/><W29/><G95/><T53/><D115/><U62/><E62/><V36/><F36/><W72/><G72/><T43/><D43/><U116/><E116/><V76/><F76/><W55/><REACH who="3" step="1"/><G101/><REACH who="3" ten="275,235,284,196" step="2"/><T130/><D130/><N who="1" m="50283" /><E127/><AGARI ba="1,1" hai="19,22,25,53,56,63,73,74,124,126,127" m="563" machi="127" ten="40,2600,0" yaku="18,1,52,1" doraHai="59,11" who="0" fromWho="1" sc="275,39,235,-29,284,0,196,0" /><INIT seed="3,0,0,4,2,87" ten="314,206,284,196" oya="3" hai0="103,54,27,13,16,79,2,99,92,47,89,51,3" hai1="65,119,10,42,88,24,108,58,37,132,100,73,52" hai2="129,109,127,38,61,93,32,80,91,82,48,67,113" hai3="121,57,126,31,117,14,33,18,34,102,45,84,66"/><W78/><G117/><T19/><D79/><U46/><E73/><V77/><F38/><W21/><G121/><T134/><D134/><U6/><E119/><V81/><F113/><W124/><G102/><T9/><D19/><U95/><E132/><V5/><F32/><W56/><G45/><T98/><D27/><U128/><E24/><V1/><F109/><W131/><G131/><T0/><D0/><U105/><E108/><V111/><F127/><N who="3" m="48683" /><G31/><T55/><D55/><U106/><E65/><V30/><F30/><W83/><G66/><T75/><D75/><U36/><E100/><V112/><F112/><W86/><G84/><T107/><AGARI ba="0,0" hai="2,3,9,13,16,47,51,54,89,92,98,99,103,107" machi="107" ten="20,5200,0" yaku="0,1,7,1,52,1,54,1" doraHai="87" who="0" fromWho="0" sc="314,52,206,-13,284,-13,196,-26" owari="366,46.6,193,-20.7,271,7.1,170,-33.0" /></mjloggm>