<mjloggm ver="2.3"><GO type="225" lobby="0"/><UN n0="%E4%B8%89%E5%86%A0%E7%8E%8B%E3%83%BB%E5%B1%B1%E7%94%B0%E5%93%B2%E4%BA%BA" n1="%E3%81%95%E3%81%8D%E3%81%9F%E3%81%BE%E6%9E%97%E6%AA%8E" n2="%E7%9C%9F%E4%B8%80" n3="%E3%81%82%E3%81%84%E3%81%82%E3%81%8A%E3%81%84" dan="16,16,16,18" rate="2155.90,2132.75,2157.07,2213.82" sx="M,M,M,M"/><TAIKYOKU oya="0"/><INIT seed="0,0,0,0,1,118" ten="250,250,250,250" oya="0" hai0="3,9,31,10,36,45,41,25,73,22,65,49,75" hai1="76,126,28,61,95,81,106,77,0,69,34,112,48" hai2="111,103,57,92,13,135,115,70,60,74,64,62,50" hai3="124,71,101,18,109,17,32,105,87,58,79,15,98"/><T52/><D65/><U100/><E126/><V47/><F115/><W4/><G71/><T99/><D99/><U51/><E0/><V56/><F74/><W72/><G32/><T43/><D43/><U93/><E77/><V125/><F125/><W121/><G124/><T68/><D68/><U55/><E112/><V26/><F111/><W40/><G109/><T90/><D90/><U29/><E106/><V117/><F135/><W67/><G72/><T83/><D3/><U8/><E8/><V24/><F117/><W6/><G40/><T78/><REACH who="0" step="1"/><D73/><REACH who="0" ten="240,250,250,250" step="2"/><U39/><E69/><V44/><F70/><W23/><G67/><T1/><D1/><U38/><E100/><V12/><F103/><W80/><G98/><T88/><D88/><U37/><E39/><V116/><F116/><W108/><G101/><T21/><D21/><U133/><E38/><V107/><F64/><W96/><G96/><T54/><D54/><U86/><E55/><V123/><F107/><W2/><G23/><T84/><D84/><U35/><E86/><V97/><F97/><W89/><G87/><T131/><D131/><U33/><E37/><V120/><F92/><W119/><G2/><T102/><D102/><U63/><E35/><V5/><F50/><W85/><G105/><T16/><D16/><U46/><E51/><V27/><F24/><W7/><G85/><T20/><D20/><U127/><E34/><V53/><F53/><W122/><G89/><T113/><D113/><U110/><E48/><V94/><F94/><W30/><G18/><T129/><D129/><U82/><E95/><RYUUKYOKU ba="0,1" sc="240,15,250,-15,250,15,250,-15" hai0="9,10,22,25,31,36,41,45,49,52,75,78,83" hai2="5,12,13,26,27,44,47,56,57,60,62,120,123" /><INIT seed="0,1,1,4,4,20" ten="255,235,265,235" oya="0" hai0="11,123,56,120,99,4,102,44,76,51,58,55,70" hai1="37,13,108,85,113,110,79,91,73,60,81,39,22" hai2="36,27,0,38,46,119,88,121,118,19,41,80,64" hai3="8,86,26,30,35,12,130,2,69,89,125,59,57"/><T28/><D70/><U134/><E134/><V82/><F121/><W105/><G125/><T114/><D114/><U75/><E113/><V83/><F0/><W87/><G130/><T94/><D76/><U29/><E60/><V97/><F64/><W115/><G115/><T17/><D17/><N who="1" m="10543" /><E29/><V5/><F5/><W101/><G69/><T65/><D28/><U54/><E54/><V47/><F19/><W3/><G87/><T126/><D126/><U32/><E32/><V135/><F135/><W93/><G101/><T24/><D24/><U116/><E116/><N who="2" m="44587" /><F27/><W117/><G105/><T112/><D112/><U10/><E10/><V50/><F46/><W124/><G124/><T45/><D45/><U111/><E79/><V14/><F14/><W49/><G117/><T1/><REACH who="0" step="1"/><D65/><REACH who="0" ten="245,235,265,235" step="2"/><U77/><E77/><V92/><AGARI ba="1,2" hai="36,38,41,47,50,80,82,83,88,92,97" m="44587" machi="92" ten="40,2700,0" yaku="12,1,54,1" doraHai="20" who="2" fromWho="2" sc="245,-14,235,-8,265,50,235,-8" /><INIT seed="1,0,0,4,0,121" ten="231,227,315,227" oya="1" hai0="105,75,82,88,93,5,0,12,27,41,44,96,128" hai1="91,6,34,7,15,57,65,40,50,113,19,76,31" hai2="72,56,131,100,11,135,109,24,42,97,106,118,84" hai3="62,29,114,22,68,120,67,71,26,43,25,127,66"/><U99/><E113/><V54/><F118/><W132/><G114/><T69/><D69/><U20/><E76/><V13/><F72/><W60/><G120/><T16/><D128/><U47/><E34/><V79/><F131/><W78/><G127/><T112/><D112/><U117/><E117/><V111/><F135/><W53/><G132/><T86/><D105/><U8/><E65/><V49/><F42/><W89/><G43/><T115/><D115/><U119/><E119/><V90/><F79/><W55/><G78/><T101/><D75/><U32/><E32/><V28/><F24/><W104/><G104/><T51/><D0/><U10/><E57/><V37/><F28/><W17/><REACH who="3" step="1"/><G89/><REACH who="3" ten="231,227,315,217" step="2"/><T125/><D125/><U126/><E126/><V83/><REACH who="2" step="1"/><F37/><REACH who="2" ten="231,227,305,217" step="2"/><W74/><G74/><T3/><D41/><U81/><E40/><V61/><F61/><W33/><AGARI ba="0,2" hai="17,22,25,26,29,33,53,55,60,62,66,67,68,71" machi="33" ten="20,5200,0" yaku="1,1,0,1,7,1,9,1,53,0" doraHai="121" doraHaiUra="35" who="3" fromWho="3" sc="231,-13,227,-26,305,-13,217,72" /><INIT seed="2,0,0,5,5,88" ten="218,201,292,289" oya="2" hai0="81,55,35,59,0,85,106,23,80,102,13,56,128" hai1="124,31,121,75,69,17,117,109,135,58,36,5,37" hai2="118,15,21,68,110,42,122,61,1,2,112,72,22" hai3="99,93,14,95,101,50,43,120,130,10,28,53,3"/><V45/><F112/><W27/><G120/><T123/><D35/><U65/><E117/><V52/><F118/><W29/><G130/><T131/><D0/><U132/><E69/><V107/><F72/><W20/><G3/><T103/><D123/><U41/><E5/><V33/><F33/><W96/><G43/><T97/><D103/><U63/><E121/><V11/><F107/><W82/><G82/><T119/><D119/><U127/><E75/><V19/><F122/><W70/><G70/><T111/><D111/><U74/><E74/><V51/><F110/><W24/><G24/><T98/><D98/><N who="3" m="37417" /><G101/><T18/><D59/><N who="1" m="37119" /><E31/><V71/><F71/><W38/><G38/><N who="1" m="14954" /><E17/><V32/><F32/><W73/><G29/><T40/><D40/><U113/><E113/><V62/><F68/><W114/><G73/><T44/><D44/><U54/><E41/><V60/><F42/><W115/><G115/><T83/><REACH who="0" step="1"/><D85/><REACH who="0" ten="208,201,292,289" step="2"/><U90/><E109/><V16/><F1/><W79/><G114/><T89/><D89/><U94/><E90/><V8/><F2/><W76/><G79/><T25/><D25/><AGARI ba="0,1" hai="8,11,15,16,19,21,22,25,45,51,52,60,61,62" machi="25" ten="40,7700,0" yaku="8,1,54,2" doraHai="88" who="2" fromWho="0" sc="208,-77,201,0,292,87,289,0" /><INIT seed="2,1,0,0,5,67" ten="131,201,379,289" oya="2" hai0="102,106,57,37,122,135,44,49,42,123,6,33,18" hai1="55,51,0,70,134,71,120,50,108,114,77,72,73" hai2="84,39,35,38,34,8,92,64,48,97,88,83,59" hai3="133,66,89,75,126,99,4,129,53,81,26,80,11"/><V24/><F39/><W76/><G126/><T21/><D33/><U79/><E114/><V100/><F38/><W62/><G133/><T22/><D135/><U16/><E134/><V68/><F68/><N who="1" m="26153" /><E0/><V46/><F8/><W61/><G66/><T5/><D22/><U36/><E36/><V87/><F24/><W93/><G53/><T118/><D118/><U132/><E132/><V10/><F10/><W109/><G26/><T60/><D37/><U27/><E55/><V12/><F12/><W45/><G45/><T82/><D106/><U19/><E27/><V63/><REACH who="2" step="1"/><F87/><REACH who="2" ten="131,201,369,289" step="2"/><W14/><G14/><T116/><D116/><U94/><E120/><V127/><F127/><W95/><G11/><T130/><D123/><U117/><E117/><V124/><F124/><W2/><G2/><T131/><D122/><U91/><E73/><V74/><F74/><W1/><G1/><T13/><D13/><U101/><E72/><V69/><F69/><W40/><G75/><T85/><D85/><U90/><E19/><V17/><F17/><W128/><G4/><T56/><D5/><U65/><E16/><V96/><F96/><W7/><G99/><T31/><D6/><U110/><E51/><V28/><F28/><W25/><G25/><T43/><D31/><U104/><E50/><V86/><F86/><W125/><G7/><T121/><D121/><U113/><E113/><V47/><F47/><W9/><G9/><T115/><D115/><U111/><E108/><V112/><F112/><W41/><G125/><T3/><D3/><U54/><E110/><V103/><F103/><RYUUKYOKU ba="1,1" sc="131,-10,201,-10,369,30,289,-10" hai2="34,35,46,48,59,63,64,83,84,88,92,97,100" /><INIT seed="2,2,1,5,4,107" ten="121,191,399,279" oya="2" hai0="38,29,105,106,103,81,47,109,52,10,25,75,96" hai1="89,131,110,58,37,134,121,115,11,61,27,72,93" hai2="66,130,135,24,7,79,108,33,133,36,57,6,90" hai3="74,30,14,98,83,9,21,49,65,86,123,111,35"/><V55/><F130/><W71/><G123/><T64/><D109/><U5/><E115/><V104/><F104/><W42/><G111/><T62/><D105/><U17/><E110/><V119/><F119/><W39/><G39/><T51/><D38/><U78/><E131/><V92/><F36/><W44/><G98/><T114/><D10/><U95/><E134/><N who="2" m="51211" /><F66/><W26/><G71/><N who="0" m="42391" /><D81/><U88/><E37/><V116/><F79/><W60/><G60/><T85/><D85/><U102/><E102/><V34/><F116/><W43/><G65/><T19/><D19/><U32/><E32/><N who="2" m="12395" /><F24/><W125/><G35/><N who="0" m="20911" /><D114/><U69/><E27/><V77/><F77/><W28/><G28/><T2/><D2/><U53/><E78/><V126/><F108/><W3/><G3/><T84/><D84/><U82/><E82/><V120/><F120/><W122/><G122/><T124/><D124/><U73/><E121/><V129/><F129/><W113/><G125/><T50/><D51/><U20/><E95/><V101/><F126/><W15/><G113/><T99/><D99/><N who="1" m="57767" /><E89/><V80/><F80/><W132/><G132/><T12/><D12/><N who="1" m="5231" /><E69/><V68/><F68/><W100/><G83/><T76/><D76/><U94/><E94/><V18/><F90/><W91/><G91/><T63/><D63/><U112/><E112/><V48/><F18/><W67/><G30/><T40/><D40/><U46/><E17/><V8/><F8/><W70/><G9/><T56/><D56/><U97/><E58/><V59/><F57/><W1/><G70/><T31/><D31/><U16/><E61/><RYUUKYOKU ba="2,1" sc="121,15,191,-15,399,15,279,-15" hai0="47,50,52,75,96,103,106" hai2="6,7,48,55,59,92,101" /><INIT seed="2,3,1,2,0,79" ten="136,176,414,264" oya="2" hai0="80,57,74,124,13,54,100,99,87,42,95,10,108" hai1="84,25,117,101,44,78,65,26,55,29,81,5,17" hai2="109,16,30,67,90,86,106,41,97,62,9,37,58" hai3="130,126,127,89,34,66,21,48,123,116,43,102,11"/><V53/><F30/><W82/><G34/><T69/><D108/><U60/><E117/><V51/><F109/><W92/><G123/><T85/><D124/><U27/><E101/><V0/><F106/><W120/><G120/><T75/><D42/><U56/><E5/><V61/><F97/><W52/><G116/><T111/><D69/><U59/><E44/><V91/><F62/><W1/><G43/><T107/><D107/><U63/><REACH who="1" step="1"/><E17/><REACH who="1" ten="136,166,414,264" step="2"/><V71/><F16/><W129/><G102/><T4/><D111/><U35/><AGARI ba="3,2" hai="25,26,27,29,35,55,56,59,60,63,65,78,81,84" machi="35" ten="20,8000,1" yaku="1,1,2,1,0,1,7,1,52,1,53,0" doraHai="79" doraHaiUra="118" who="1" fromWho="1" sc="136,-23,166,109,414,-43,264,-23" /><INIT seed="3,0,0,1,3,110" ten="113,275,371,241" oya="3" hai0="120,99,105,13,9,91,130,85,54,24,77,92,10" hai1="127,2,16,111,117,27,44,114,132,106,124,112,79" hai2="97,66,52,40,35,128,95,103,73,33,1,104,74" hai3="125,82,108,60,123,11,88,84,70,57,5,38,81"/><W107/><G123/><T121/><D130/><U48/><E106/><V0/><F95/><W55/><G107/><T135/><D135/><U62/><E111/><V126/><F52/><W8/><G108/><T72/><D24/><U94/><E132/><V65/><F128/><W51/><G38/><T43/><D54/><U64/><E2/><V96/><F40/><W134/><G134/><T47/><D9/><U22/><E117/><V69/><F104/><W39/><G39/><T109/><D109/><U75/><E94/><V14/><F14/><W7/><G125/><N who="1" m="48202" /><E79/><V118/><F126/><W42/><G81/><T87/><D87/><U56/><E75/><V80/><F80/><W46/><G70/><T58/><D72/><U89/><E89/><V25/><F103/><W83/><G82/><T15/><D105/><U19/><E19/><V119/><F25/><W20/><G20/><T4/><D15/><U12/><E12/><V100/><F100/><W129/><G129/><T59/><D121/><U76/><E76/><V45/><F69/><W49/><G60/><T6/><D6/><AGARI ba="0,0" hai="5,6,7,8,11,42,46,49,51,55,57,83,84,88" machi="6" ten="40,3900,0" yaku="8,1,54,1" doraHai="110" who="3" fromWho="0" sc="113,-39,275,0,371,0,241,39" /><INIT seed="3,1,0,4,4,0" ten="74,275,371,280" oya="3" hai0="41,52,107,21,16,6,104,83,20,3,9,116,130" hai1="67,124,56,99,122,65,27,100,96,15,11,103,85" hai2="77,118,92,4,38,123,63,71,87,94,37,84,39" hai3="114,128,61,111,80,10,82,40,86,22,120,78,1"/><W59/><G114/><T101/><D116/><U93/><E122/><V91/><F118/><W75/><G120/><T129/><D41/><U31/><E124/><V115/><F115/><W47/><G128/><T90/><D101/><U117/><E117/><V48/><F123/><W105/><G105/><T79/><D90/><U51/><E85/><V2/><F48/><W98/><G98/><T73/><D130/><U8/><E51/><V121/><F121/><W89/><G22/><T33/><D21/><N who="1" m="15855" /><E99/><V36/><F36/><W25/><G25/><T62/><D33/><U50/><E11/><V119/><F119/><W43/><G111/><T64/><D129/><U69/><E69/><V42/><F42/><W97/><G97/><T134/><D134/><U14/><E103/><V53/><F77/><W110/><G110/><T74/><D74/><U26/><E26/><V102/><F102/><W18/><G47/><T34/><D34/><U12/><E8/><V24/><F24/><W95/><G82/><T44/><D64/><U76/><E76/><V125/><F125/><W23/><G23/><T133/><D133/><U49/><E49/><V29/><F29/><W126/><G126/><T60/><D44/><U108/><E108/><V5/><F2/><W135/><G135/><T131/><D131/><U112/><E112/><V45/><F45/><W109/><G109/><T30/><D30/><U70/><E70/><V113/><F113/><W66/><G1/><T127/><D127/><U81/><E81/><V88/><F71/><W32/><G32/><T55/><D3/><U7/><E7/><RYUUKYOKU ba="1,0" sc="74,-30,275,10,371,10,280,10" hai1="12,14,15,50,56,65,67,93,96,100" hai2="4,5,37,38,39,53,63,84,87,88,91,92,94" hai3="10,18,40,43,59,61,66,75,78,80,86,89,95" /><INIT seed="3,2,0,0,2,133" ten="44,285,381,290" oya="3" hai0="22,1,83,88,96,10,44,135,23,36,92,15,13" hai1="99,70,53,129,106,122,41,59,27,25,124,6,9" hai2="34,47,90,114,31,101,64,37,11,103,67,93,121" hai3="89,57,97,58,86,134,72,120,128,52,71,33,116"/><W42/><G116/><T30/><D135/><U131/><E122/><V38/><F114/><W76/><G120/><T40/><D1/><U29/><E70/><V45/><F121/><W61/><G134/><T7/><D36/><U32/><E41/><V16/><F34/><W105/><G33/><T43/><D30/><U50/><E27/><V26/><F31/><W84/><G128/><N who="1" m="49226" /><E99/><V5/><F38/><W80/><G71/><T87/><D40/><U111/><E111/><V81/><F81/><W2/><G2/><T3/><D3/><N who="1" m="223" /><E124/><V28/><F28/><W12/><G42/><T54/><D15/><U48/><E106/><V49/><F5/><W119/><G119/><T74/><D74/><U75/><E75/><V0/><F0/><W123/><G123/><T130/><D130/><U102/><E102/><V110/><F37/><W39/><G39/><T78/><REACH who="0" step="1"/><D54/><REACH who="0" ten="34,285,381,290" step="2"/><U82/><E82/><V56/><F11/><W68/><G80/><T63/><D63/><AGARI ba="2,1" hai="25,29,32,48,50,53,59,63" m="223,49226" machi="63" ten="30,1000,0" yaku="19,1" doraHai="133" who="1" fromWho="0" sc="34,-16,285,26,381,0,290,0" owari="18,-48.2,311,11.1,381,48.1,290,-11.0" /></mjloggm>