<mjloggm ver="2.3"><GO type="225" lobby="0"/><UN n0="%E3%83%97%E3%83%AC%E3%83%B4%E3%82%A1%E3%83%86%E3%82%A3" n1="%77%72%77%72%77%72%77%72" n2="%E5%B5%90%E9%9B%B2%E3%81%AE%E3%82%AB%E3%83%A9%E3%82%B9" n3="%E3%82%B2%E3%82%B9%E8%8C%82%E5%8B%9D" dan="16,16,16,16" rate="2089.29,2236.53,2077.20,2090.52" sx="F,M,F,F"/><TAIKYOKU oya="0"/><INIT seed="0,0,0,5,0,28" ten="250,250,250,250" oya="0" hai0="0,71,103,96,10,114,19,4,99,120,14,34,124" hai1="76,91,104,117,53,101,133,97,108,110,33,56,94" hai2="29,55,58,128,85,68,57,82,60,2,102,92,7" hai3="32,115,90,24,121,88,22,79,45,41,50,126,1"/><T132/><D120/><U5/><E33/><V39/><F39/><W135/><G115/><T87/><D114/><U123/><E5/><V81/><F68/><W48/><G121/><T59/><D71/><U86/><E123/><V83/><F128/><W80/><G1/><T93/><D132/><U112/><E112/><V70/><F70/><W3/><G3/><T61/><D124/><U31/><E31/><V62/><F29/><W35/><G126/><T42/><D42/><U9/><E117/><V54/><F2/><W74/><G135/><T27/><D27/><U13/><E76/><V73/><F7/><W38/><G50/><T106/><D87/><U21/><E9/><V18/><F18/><W95/><G38/><T63/><D34/><U98/><E98/><V122/><F73/><W111/><G90/><T30/><D30/><U43/><E43/><V51/><F122/><W75/><G74/><T25/><D25/><U12/><E133/><V134/><F134/><W8/><G8/><T66/><D63/><U69/><E69/><V131/><F131/><W23/><G23/><T67/><D0/><U17/><REACH who="1" step="1"/><E12/><REACH who="1" ten="250,240,250,250" step="2"/><V20/><F20/><W16/><G111/><T72/><D4/><U127/><E127/><V100/><REACH who="2" step="1"/><F51/><AGARI ba="0,1" hai="13,17,21,51,53,56,86,91,94,97,101,104,108,110" machi="51" ten="40,5200,0" yaku="1,1,25,2,53,0" doraHai="28" doraHaiUra="109" who="1" fromWho="2" sc="250,0,240,62,250,-52,250,0" /><INIT seed="1,0,0,0,5,120" ten="250,302,198,250" oya="1" hai0="109,135,59,72,101,32,63,71,55,11,4,61,103" hai1="58,82,14,9,48,0,122,83,96,35,75,38,60" hai2="132,93,13,42,5,112,79,3,52,62,40,29,45" hai3="91,57,118,116,64,41,23,10,94,125,87,17,15"/><U111/><E122/><V115/><F132/><W85/><G125/><T134/><D32/><U18/><E38/><V114/><F79/><W6/><G41/><T84/><D72/><U50/><E75/><V92/><F3/><W77/><G64/><T65/><D109/><U33/><E0/><V37/><F40/><W102/><G102/><T88/><D134/><U129/><E111/><V16/><F5/><W12/><G57/><T20/><D20/><U113/><E113/><V117/><F29/><W86/><REACH who="3" step="1"/><G77/><REACH who="3" ten="250,302,198,240" step="2"/><T89/><D135/><U124/><E58/><N who="2" m="35143" /><F117/><AGARI ba="0,1" hai="6,10,12,15,17,23,85,86,87,91,94,116,117,118" machi="117" ten="40,2600,0" yaku="1,1,12,1,53,0" doraHai="120" doraHaiUra="130" who="3" fromWho="2" sc="250,0,302,0,198,-26,240,36" /><INIT seed="2,0,0,4,1,79" ten="250,302,172,276" oya="2" hai0="92,28,116,104,27,57,118,96,12,30,46,13,69" hai1="29,68,64,125,21,66,55,107,42,19,17,7,59" hai2="11,102,48,53,119,101,98,109,129,35,25,44,121" hai3="70,18,99,134,43,78,111,20,76,67,4,89,1"/><V93/><F119/><N who="0" m="45610" /><D69/><U131/><E107/><V113/><F113/><W90/><G111/><T9/><D104/><U34/><E131/><V71/><F121/><W33/><G33/><N who="0" m="20639" /><D30/><U94/><E125/><V108/><F129/><W22/><G134/><T5/><D57/><U122/><E34/><V31/><F71/><W106/><G43/><T86/><D46/><U82/><E7/><V61/><F61/><W130/><G130/><T105/><D105/><U74/><E42/><V83/><F11/><W54/><G54/><T127/><D127/><U32/><E32/><V56/><F102/><W133/><G67/><T100/><D86/><U128/><E64/><V110/><F56/><W63/><G70/><T58/><D58/><U49/><E66/><V103/><F103/><W72/><G63/><T14/><AGARI ba="0,0" hai="5,9,12,13,14,92,96,100" m="20639,45610" machi="14" ten="30,1100,0" yaku="12,1" doraHai="79" who="0" fromWho="0" sc="250,11,302,-3,172,-5,276,-3" /><INIT seed="3,0,0,5,3,64" ten="261,299,167,273" oya="3" hai0="106,135,19,95,130,57,17,91,2,71,8,16,14" hai1="18,23,128,40,32,67,11,124,70,13,35,29,6" hai2="92,63,34,42,60,131,83,105,114,69,126,97,51" hai3="66,119,125,73,68,22,28,12,89,127,55,79,5"/><W53/><G119/><T43/><D106/><U26/><E128/><V111/><F114/><W37/><G37/><T1/><D130/><U115/><E115/><V31/><F131/><W47/><G89/><T100/><D100/><U88/><E124/><N who="3" m="47690" /><G79/><T80/><D135/><U45/><E88/><V39/><F126/><W118/><G73/><T41/><D80/><U50/><E70/><V93/><F111/><W46/><G118/><T104/><D104/><U98/><E67/><N who="2" m="41191" /><F39/><W129/><G129/><T36/><D71/><U113/><E113/><V101/><F83/><W132/><G132/><T117/><D117/><U77/><E98/><V24/><F63/><N who="3" m="40031" /><G5/><T120/><D120/><U21/><E77/><V61/><F61/><W86/><G86/><T49/><D36/><U85/><E85/><V65/><F65/><W33/><G33/><T58/><D1/><AGARI ba="0,0" hai="1,6,11,13,18,21,23,26,29,32,35,40,45,50" machi="1" ten="30,1000,0" yaku="7,1" doraHai="64" who="1" fromWho="0" sc="261,-10,299,10,167,0,273,0" owari="251,-14.9,309,40.9,167,-33.3,273,7.3" /></mjloggm>