<mjloggm ver="2.3"><GO type="225" lobby="0"/><UN n0="%E6%9A%87%E4%BA%BA%EF%BC%A0%E9%85%8D%E4%BF%A1%E5%9E%A2" n1="%E3%81%B2%E3%81%AA%E3%81%AE%E3%82%8A%E3%81%8F" n2="%72%69%6F%75%63%68%61%6E" n3="%E3%83%97%E3%83%AC%E3%83%B4%E3%82%A1%E3%83%86%E3%82%A3" dan="17,17,17,16" rate="2173.16,2168.87,2211.38,2161.10" sx="F,M,M,F"/><TAIKYOKU oya="0"/><INIT seed="0,0,0,4,4,56" ten="250,250,250,250" oya="0" hai0="88,76,11,92,23,49,13,54,36,101,25,99,135" hai1="81,65,26,29,130,63,12,128,73,123,21,111,74" hai2="118,44,103,120,66,100,5,27,70,58,37,82,104" hai3="125,113,16,102,122,108,86,39,94,57,132,46,68"/><T24/><D135/><U41/><E123/><V33/><F120/><W53/><G122/><T119/><D119/><U19/><E111/><V4/><F118/><W91/><G113/><T87/><D36/><U98/><E98/><N who="2" m="61463" /><F58/><W134/><G108/><T62/><D76/><U127/><E41/><N who="2" m="22575" /><F103/><W50/><G125/><T28/><D24/><U14/><E14/><V8/><F82/><W59/><G68/><T131/><D131/><N who="1" m="50219" /><E81/><V9/><F9/><W106/><G57/><N who="0" m="35127" /><D49/><U52/><E127/><V80/><F80/><W30/><G30/><T34/><D34/><N who="1" m="20791" /><E52/><V85/><F85/><W90/><G39/><T71/><D71/><AGARI ba="0,0" hai="12,19,21,63,65,71,73,74" m="20791,50219" machi="71" ten="30,2000,0" yaku="19,1,52,1" doraHai="56" who="1" fromWho="0" sc="250,-20,250,20,250,0,250,0" /><INIT seed="1,0,0,3,1,92" ten="230,270,250,250" oya="1" hai0="58,132,8,122,98,106,109,69,14,25,20,49,60" hai1="13,33,4,68,6,30,64,45,67,9,94,27,95" hai2="0,105,17,121,123,1,41,53,115,22,76,74,44" hai3="97,83,100,56,16,70,108,43,23,133,107,134,46"/><U80/><E4/><V19/><F115/><W42/><G70/><T54/><D109/><U126/><E126/><V10/><F105/><W112/><G108/><T21/><D132/><N who="3" m="50793" /><G112/><T82/><D122/><U28/><E28/><V84/><F84/><W7/><G7/><T124/><D124/><U103/><E80/><N who="2" m="45079" /><F53/><W127/><G127/><T130/><D130/><U90/><E103/><V71/><F71/><W101/><G83/><T78/><D69/><U86/><E68/><V2/><F17/><W89/><G89/><T65/><D25/><U72/><E72/><V88/><F88/><W12/><G46/><T59/><D106/><U61/><E95/><V102/><F102/><W31/><G101/><T57/><D57/><U51/><REACH who="1" step="1"/><E61/><REACH who="1" ten="230,260,250,250" step="2"/><V35/><F123/><W110/><G110/><T91/><D60/><U38/><E38/><N who="2" m="21559" /><F121/><W128/><G128/><T32/><D82/><U117/><E117/><V37/><F37/><W55/><G31/><T15/><D32/><U34/><E34/><V135/><F135/><W118/><G118/><T5/><D5/><U40/><AGARI ba="0,1" hai="6,9,13,27,30,33,40,45,51,64,67,86,90,94" machi="40" ten="20,3900,0" yaku="1,1,0,1,7,1,53,0" doraHai="92" doraHaiUra="114" who="1" fromWho="1" sc="230,-13,260,49,250,-13,250,-13" /><INIT seed="1,1,0,4,1,111" ten="217,309,237,237" oya="1" hai0="8,52,115,133,105,7,101,49,104,134,6,22,82" hai1="110,3,9,103,130,40,63,54,47,12,128,121,43" hai2="99,89,32,67,91,68,122,38,16,119,35,117,72" hai3="132,80,17,2,4,113,66,126,59,37,60,100,118"/><U39/><E121/><V108/><F122/><W96/><G37/><T90/><D22/><U135/><E3/><V44/><F108/><W58/><G118/><T21/><D21/><U56/><E110/><V45/><F72/><W95/><G126/><T50/><D115/><U5/><E135/><N who="0" m="51721" /><D50/><U112/><E112/><V55/><F16/><W85/><G132/><T131/><D131/><U92/><REACH who="1" step="1"/><E43/><REACH who="1" ten="217,299,237,237" step="2"/><V81/><F119/><W48/><G113/><T86/><D101/><U76/><E76/><V24/><F117/><W106/><G2/><N who="0" m="87" /><D7/><U65/><E65/><V87/><F55/><W125/><G4/><T88/><D90/><U11/><E11/><V102/><F91/><W23/><G125/><T62/><D62/><U120/><E120/><V29/><F89/><W71/><G48/><T14/><D14/><U116/><E116/><V83/><F67/><W25/><G106/><T129/><D129/><U127/><E127/><V74/><F102/><W51/><G51/><T107/><D107/><U93/><E93/><V94/><F94/><W36/><G36/><T33/><D33/><U61/><E61/><V1/><F35/><W64/><G64/><T27/><D27/><U42/><E42/><V26/><F24/><W75/><G75/><T41/><D41/><U78/><E78/><AGARI ba="1,1" hai="17,23,25,58,59,60,66,71,78,80,85,95,96,100" machi="78" ten="30,1000,0" yaku="7,1" doraHai="111" who="3" fromWho="1" sc="217,0,299,-13,237,0,237,23" /><INIT seed="2,0,0,5,3,11" ten="217,286,237,260" oya="2" hai0="132,60,37,29,9,38,134,25,113,64,129,55,111" hai1="46,45,83,0,125,24,63,12,14,124,131,66,110" hai2="130,41,5,109,133,103,18,2,21,73,47,26,97" hai3="94,92,118,95,68,116,86,8,106,3,17,50,53"/><V112/><F112/><W102/><G68/><T49/><D9/><U40/><E0/><V117/><F117/><W23/><G86/><T108/><D25/><U30/><E110/><N who="0" m="42025" /><D29/><U114/><E131/><V107/><F133/><N who="0" m="51306" /><D129/><U126/><E114/><V16/><F130/><W115/><G115/><T70/><D113/><U84/><E84/><V67/><F109/><W20/><G106/><T57/><AGARI ba="0,0" hai="37,38,49,55,57,60,64,70" m="51306,42025" machi="57" ten="30,7900,0" yaku="14,1,20,1,34,2" doraHai="11" who="0" fromWho="0" sc="217,79,286,-20,237,-39,260,-20" /><INIT seed="3,0,0,3,3,109" ten="296,266,198,240" oya="3" hai0="103,2,97,46,123,72,104,57,100,67,30,88,55" hai1="36,29,128,75,25,37,85,86,69,131,26,117,58" hai2="120,129,79,105,135,40,48,89,50,59,32,19,76" hai3="42,92,82,84,64,71,73,127,125,43,15,91,68"/><W107/><G107/><T118/><D118/><U95/><E75/><V39/><F105/><W4/><G64/><T35/><D2/><U121/><E69/><V9/><F32/><W110/><G110/><T17/><D72/><U52/><E121/><V38/><F120/><W122/><G122/><T81/><D123/><U77/><E117/><V28/><F28/><W111/><G111/><T126/><D103/><U3/><E3/><V113/><F113/><W22/><G71/><T33/><D30/><U62/><E26/><V13/><F129/><N who="1" m="49737" /><E95/><V132/><F89/><W115/><G68/><T65/><D33/><N who="1" m="20655" /><E77/><N who="2" m="29771" /><F40/><W6/><G73/><T101/><D35/><U61/><E61/><V54/><F48/><W12/><G92/><T8/><D104/><U78/><E78/><V16/><F19/><W66/><G66/><T10/><D65/><U5/><E5/><V63/><F63/><W112/><G91/><T133/><D67/><U108/><E108/><V1/><F1/><W99/><G99/><T20/><D17/><U87/><AGARI ba="0,0" hai="36,37,52,58,62,85,86,87" m="20655,49737" machi="87" ten="30,2000,0" yaku="19,1,54,1" doraHai="109" who="1" fromWho="1" sc="296,-5,266,20,198,-5,240,-10" /><INIT seed="4,0,0,5,0,78" ten="291,286,193,230" oya="0" hai0="61,26,64,127,62,16,129,66,119,22,96,14,86" hai1="18,131,60,4,69,57,65,116,7,49,110,99,74" hai2="6,79,67,97,0,20,43,132,21,52,68,12,31" hai3="3,85,118,24,46,113,19,41,106,108,100,82,94"/><T35/><D119/><U126/><E110/><V44/><F132/><W9/><G118/><T115/><D115/><U27/><E116/><V34/><F0/><W73/><G108/><T112/><D112/><U5/><E74/><V50/><F79/><N who="3" m="44399" /><G113/><T51/><D127/><U48/><E131/><V55/><F34/><W63/><G63/><N who="0" m="24075" /><D35/><U33/><E69/><V80/><F68/><W125/><G125/><T2/><D2/><U15/><E126/><V1/><F67/><N who="0" m="25642" /><D129/><U32/><E99/><V90/><F1/><W10/><G24/><T111/><D111/><U101/><E33/><V29/><F29/><W38/><G19/><T117/><D117/><U91/><E101/><V13/><F31/><W56/><G56/><T98/><D86/><U8/><E27/><V88/><F13/><W28/><G28/><N who="0" m="17495" /><D51/><U84/><E32/><V121/><F121/><W95/><G10/><AGARI ba="0,0" hai="10,14,16,96,98" m="17495,25642,24075" machi="10" ten="30,2900,0" yaku="8,1,54,1" doraHai="78" who="0" fromWho="3" sc="291,29,286,0,193,0,230,-29" owari="320,42.0,286,8.6,193,-30.7,201,-19.9" /></mjloggm>