<mjloggm ver="2.3"><GO type="225" lobby="0"/><UN n0="%6C%61%6D%62" n1="%72%69%6F%75%63%68%61%6E" n2="%73%6C%69%63%6B%33%31%39" n3="%E9%A6%AC%E4%BA%86%E9%9A%94%E5%A3%81" dan="16,17,17,16" rate="2143.65,2295.44,2190.40,2124.89" sx="M,M,M,M"/><TAIKYOKU oya="0"/><INIT seed="0,0,0,2,2,103" ten="250,250,250,250" oya="0" hai0="77,60,120,119,102,90,93,132,124,82,97,39,32" hai1="42,87,25,24,10,41,11,70,96,123,30,89,17" hai2="59,68,53,28,15,49,40,61,127,104,129,122,134" hai3="23,56,16,66,67,105,5,100,29,115,92,111,130"/><T128/><D119/><U110/><E110/><V57/><F28/><W47/><G115/><T65/><D120/><U64/><E123/><V35/><F35/><W117/><G117/><T81/><D32/><U18/><E96/><V38/><F122/><W69/><G111/><T51/><D39/><U7/><E64/><V108/><F108/><W113/><G113/><T43/><D124/><U63/><E63/><V46/><F104/><W114/><G69/><T52/><D43/><U22/><E70/><V31/><F31/><W20/><G114/><T14/><D132/><U37/><E17/><V99/><F99/><N who="3" m="59495" /><G105/><T21/><D128/><U54/><E54/><N who="2" m="31951" /><F15/><N who="3" m="9247" /><G5/><T135/><D135/><U79/><E79/><V109/><F109/><W33/><G33/><T101/><D101/><U133/><E133/><V8/><F134/><W48/><G56/><N who="0" m="36999" /><D77/><U98/><E37/><V95/><F129/><W4/><G4/><T85/><D14/><U125/><E125/><V86/><F127/><W55/><G130/><T13/><D13/><N who="1" m="5343" /><E98/><V71/><F8/><W1/><G1/><T84/><D21/><N who="1" m="15631" /><E11/><V27/><F27/><AGARI ba="0,0" hai="23,27,29,47,48,55,66,67" m="9247,59495" machi="27" ten="30,2000,0" yaku="8,1,54,1" doraHai="103" who="3" fromWho="2" sc="250,0,250,0,250,-20,250,20" /><INIT seed="1,0,0,1,4,98" ten="250,250,230,270" oya="1" hai0="134,100,13,20,96,35,88,69,131,36,45,51,132" hai1="58,124,125,70,126,81,118,83,14,12,32,57,128" hai2="91,65,6,86,24,40,73,62,75,25,95,10,110" hai3="39,78,92,105,99,102,107,28,8,60,121,26,2"/><U29/><E118/><V17/><F110/><W21/><G121/><T4/><D35/><U127/><E70/><V77/><F40/><W49/><G39/><T116/><D116/><U135/><E128/><V52/><F77/><W90/><G78/><T37/><D69/><U108/><E135/><N who="0" m="51753" /><D131/><U47/><E108/><V115/><F115/><W111/><G111/><T41/><D88/><U67/><E47/><V3/><F52/><W11/><G2/><T1/><D1/><U103/><E103/><V42/><F42/><W82/><G49/><T33/><D33/><U44/><E44/><V63/><F63/><W112/><G112/><T129/><D129/><U61/><N who="1" m="31744" /><DORA hai="76" /><U7/><E57/><V119/><F119/><W9/><G60/><T34/><D34/><U101/><E101/><V72/><REACH who="2" step="1"/><F17/><REACH who="2" ten="250,250,220,270" step="2"/><W0/><G0/><T27/><D41/><U106/><E106/><V38/><F38/><W130/><G130/><T113/><D113/><U114/><E114/><V97/><F97/><W54/><G107/><N who="0" m="63879" /><D51/><U30/><E29/><V48/><F48/><W71/><G105/><T55/><D45/><U66/><E67/><V64/><F64/><W31/><G31/><N who="0" m="17895" /><D55/><U50/><E50/><V43/><F43/><W56/><G54/><T133/><D133/><U46/><E46/><V19/><F19/><W85/><G71/><AGARI ba="0,1" hai="3,6,10,24,25,62,65,71,72,73,75,86,91,95" machi="71" ten="40,2600,0" yaku="1,1,53,1" doraHai="98,76" doraHaiUra="80,120" who="2" fromWho="3" sc="250,0,250,0,220,36,270,-26" /><INIT seed="2,0,0,2,0,22" ten="250,250,256,244" oya="2" hai0="14,94,108,85,18,96,42,28,132,45,109,119,23" hai1="21,110,84,47,1,10,9,116,61,20,35,49,115" hai2="124,113,127,82,43,63,26,117,19,76,30,125,112" hai3="40,25,2,77,36,133,134,8,69,105,60,29,100"/><V92/><F117/><W126/><G126/><T65/><D119/><U11/><E110/><N who="0" m="42601" /><D132/><N who="3" m="50793" /><G77/><T102/><D65/><U46/><E115/><V31/><F43/><W131/><G131/><T98/><D28/><U51/><E116/><V97/><F19/><W44/><G105/><T72/><D72/><U91/><E35/><V56/><F31/><W52/><G100/><T111/><N who="0" m="42609" /><T123/><DORA hai="16" /><D123/><U71/><E1/><V74/><F92/><W121/><G121/><T106/><D85/><U67/><E49/><V114/><F97/><W95/><G95/><T55/><D55/><U78/><E78/><V118/><F118/><W86/><G86/><T80/><D80/><U70/><E70/><V103/><F103/><W58/><G69/><T64/><D64/><U81/><REACH who="1" step="1"/><E46/><REACH who="1" ten="250,240,256,244" step="2"/><V66/><REACH who="2" step="1"/><F113/><REACH who="2" ten="250,240,246,244" step="2"/><W129/><G129/><T57/><D106/><U38/><E38/><V0/><F0/><W68/><G2/><T128/><D128/><U39/><E39/><V87/><F87/><W79/><G36/><N who="0" m="21703" /><D98/><U50/><E50/><V122/><F122/><W104/><G104/><T135/><D135/><U120/><E120/><V7/><F7/><W62/><G79/><T24/><D96/><U37/><E37/><V107/><F107/><W93/><G62/><T12/><D102/><U90/><E90/><V32/><AGARI ba="0,2" hai="26,30,32,56,63,66,74,76,82,112,114,124,125,127" machi="32" ten="30,12000,1" yaku="1,1,0,1,18,1,52,1,53,1" doraHai="22,16" doraHaiUra="3,27" who="2" fromWho="2" sc="250,-40,240,-40,246,140,244,-40" /><INIT seed="2,1,0,3,5,32" ten="210,200,386,204" oya="2" hai0="54,56,108,50,105,112,101,74,27,95,99,57,16" hai1="66,2,10,81,118,93,3,14,116,48,120,132,49" hai2="79,19,107,80,39,92,129,91,77,65,52,90,125" hai3="31,94,83,86,60,37,47,63,44,133,4,130,51"/><V13/><F39/><W68/><G130/><T26/><D112/><U21/><E132/><V71/><F107/><W88/><G133/><T85/><D74/><U46/><E120/><V61/><F129/><W89/><G68/><T6/><D108/><U70/><E93/><V127/><F52/><N who="3" m="29799" /><G37/><T40/><D6/><U0/><E21/><V69/><F69/><W43/><G4/><T82/><D40/><U97/><E97/><V134/><F134/><W45/><G31/><T121/><D121/><U96/><E96/><V35/><F35/><W34/><G34/><T98/><D56/><U87/><E49/><V9/><F79/><W72/><G72/><T41/><D41/><U100/><E100/><V75/><REACH who="2" step="1"/><F92/><REACH who="2" ten="210,200,376,204" step="2"/><W58/><G43/><T119/><D54/><N who="1" m="29975" /><E70/><V111/><F111/><W115/><G115/><T103/><D95/><U114/><E114/><V67/><F67/><N who="3" m="39319" /><G63/><T55/><D105/><U113/><E66/><V131/><F131/><W78/><G78/><T7/><D101/><U110/><E113/><V11/><F11/><W42/><G42/><T17/><D103/><U24/><E110/><V8/><F8/><W76/><G76/><T109/><D109/><U128/><E128/><V124/><AGARI ba="1,1" hai="9,13,19,61,65,71,75,77,80,90,91,124,125,127" machi="124" ten="30,11700,0" yaku="1,1,0,1,18,1,53,1" doraHai="32" doraHaiUra="12" who="2" fromWho="2" sc="210,-40,200,-40,376,130,204,-40" /><INIT seed="2,2,0,3,2,28" ten="170,160,506,164" oya="2" hai0="71,2,79,53,62,110,40,55,4,23,59,96,32" hai1="51,92,74,49,97,43,41,109,0,69,31,93,119" hai2="39,91,34,13,131,48,81,104,78,47,105,33,16" hai3="44,134,82,57,135,54,21,86,45,65,26,85,56"/><V35/><F39/><W126/><G126/><T64/><D32/><U113/><E113/><V22/><F131/><W61/><G135/><T112/><D112/><U18/><E119/><V8/><F91/><W111/><G111/><T114/><D114/><U70/><E74/><V95/><F95/><N who="1" m="36425" /><E31/><V58/><F58/><W67/><G134/><T15/><D2/><U88/><E0/><V125/><F22/><W12/><G12/><T108/><D96/><U123/><E88/><V90/><F90/><N who="3" m="51511" /><G86/><T52/><D79/><U115/><E97/><V42/><REACH who="2" step="1"/><F125/><REACH who="2" ten="170,160,496,164" step="2"/><W11/><G11/><T9/><D23/><U129/><E115/><V80/><F80/><W89/><G89/><T50/><D108/><U46/><E109/><V29/><F29/><N who="3" m="17615" /><G67/><T20/><D110/><U6/><E129/><V130/><F130/><W98/><G98/><T38/><D20/><U1/><E70/><V27/><F27/><W3/><G65/><T36/><D36/><U107/><E69/><V73/><AGARI ba="2,1" hai="8,13,16,33,34,35,42,47,48,73,78,81,104,105" machi="73" ten="30,18000,2" yaku="1,1,0,1,52,3,54,1,53,1" doraHai="28" doraHaiUra="77" who="2" fromWho="2" sc="170,-62,160,-62,496,196,164,-62" /><INIT seed="2,3,0,0,5,64" ten="108,98,692,102" oya="2" hai0="57,22,104,55,92,6,34,26,65,124,117,107,133" hai1="38,128,88,7,42,70,89,59,127,108,9,3,8" hai2="49,111,58,132,21,134,118,37,32,73,90,60,23" hai3="61,62,112,81,11,31,120,27,129,116,96,101,97"/><V19/><F37/><W114/><G116/><T84/><D34/><U66/><E59/><V119/><F73/><W99/><G120/><T135/><D65/><U126/><E108/><V95/><F32/><W48/><G129/><T5/><D117/><U10/><E128/><V72/><F72/><W93/><G81/><T50/><D92/><U98/><E7/><N who="0" m="2569" /><D84/><U102/><E3/><V1/><F1/><W18/><G48/><T24/><D24/><U75/><E75/><V30/><F49/><W45/><G45/><T130/><D124/><N who="1" m="47659" /><E42/><V106/><F106/><W29/><G97/><T105/><D130/><U20/><E20/><V63/><F23/><N who="3" m="13815" /><G99/><T67/><D22/><U28/><E28/><N who="3" m="10826" /><G11/><N who="1" m="2818" /><U85/><DORA hai="56" /><E38/><V82/><F30/><W0/><G0/><T36/><D36/><U33/><E33/><V125/><F125/><W71/><G71/><T46/><D46/><U2/><E2/><V110/><F118/><W13/><G13/><T113/><D50/><U121/><E121/><V25/><F119/><W54/><G54/><T68/><D55/><U115/><E115/><AGARI ba="3,0" hai="61,62,93,96,101,112,114,115" m="10826,13815" machi="115" ten="30,3900,0" yaku="11,1,52,2" doraHai="64,56" who="3" fromWho="1" sc="108,0,98,-48,692,0,102,48" /><INIT seed="3,0,0,5,3,70" ten="108,50,692,150" oya="3" hai0="35,114,128,62,32,111,27,8,23,89,18,74,7" hai1="3,84,129,73,79,0,86,36,76,113,5,104,6" hai2="40,12,55,61,52,99,118,101,53,90,134,80,110" hai3="50,17,71,34,120,42,11,56,46,4,94,88,9"/><W131/><G71/><T19/><D74/><U87/><E104/><V39/><F118/><W93/><G34/><T15/><D111/><U83/><E113/><V72/><F110/><W97/><G131/><T38/><D38/><U21/><E129/><V31/><F31/><W95/><G56/><T115/><D128/><U48/><E48/><V20/><F39/><W122/><G122/><T121/><D89/><U92/><E92/><V108/><F61/><W51/><G51/><T123/><D62/><U103/><E103/><V54/><F40/><W81/><G81/><T25/><D19/><U58/><E58/><V133/><F108/><W63/><G63/><T107/><D107/><U82/><E21/><V37/><F37/><W106/><G106/><T33/><D27/><U66/><E66/><V119/><F90/><W96/><G120/><AGARI ba="0,0" hai="7,8,15,18,23,25,32,33,35,114,115,120,121,123" machi="120" ten="50,6400,0" yaku="34,3" doraHai="70" who="0" fromWho="3" sc="108,64,50,0,692,0,150,-64" owari="172,-2.8,50,-45.0,692,79.2,86,-31.4" /></mjloggm>