<mjloggm ver="2.3"><GO type="225" lobby="0"/><UN n0="%E3%82%BC%E3%83%AB%E3%83%80%E3%81%AE%E4%BC%9D%E8%AA%AC" n1="%E3%81%BF%E3%81%BF%E3%81%9A" n2="%E3%81%82%E3%81%99%E3%81%AB%E3%82%83%E3%82%80" n3="%E5%A4%96%E5%B7%9D%E7%AB%9C%E6%88%90" dan="17,18,16,16" rate="2193.18,2273.30,2108.77,2110.91" sx="M,M,F,M"/><TAIKYOKU oya="0"/><INIT seed="0,0,0,1,5,54" ten="250,250,250,250" oya="0" hai0="110,12,58,132,69,74,27,97,19,101,92,17,1" hai1="57,68,35,127,13,88,96,103,90,99,105,25,75" hai2="66,130,38,81,113,29,33,67,120,119,131,109,49" hai3="31,28,24,76,86,94,60,102,61,36,53,124,70"/><T26/><D69/><U45/><E68/><V85/><F113/><W7/><G36/><T55/><D1/><U62/><E127/><V64/><F38/><W46/><G124/><T123/><D123/><U18/><E75/><V65/><F120/><W44/><G7/><T8/><D132/><U0/><E0/><V72/><F72/><W125/><G125/><T77/><D110/><U34/><E45/><V115/><F115/><W129/><G129/><N who="2" m="49161" /><F109/><W135/><G135/><T126/><D126/><U82/><E82/><V52/><F119/><W133/><G133/><T87/><D74/><U15/><E25/><N who="2" m="18607" /><F66/><W22/><G46/><T11/><D77/><U47/><E47/><N who="2" m="27711" /><F65/><W122/><G122/><T118/><D118/><U48/><E48/><V128/><N who="2" m="49169" /><V80/><DORA hai="71" /><F80/><N who="3" m="47367" /><G70/><T134/><D134/><U59/><E62/><V41/><F41/><W63/><G44/><T4/><D87/><U84/><E84/><V93/><F93/><W32/><G53/><T106/><D106/><U116/><E116/><V121/><F121/><W20/><G32/><T9/><D4/><U23/><E105/><V5/><F5/><W10/><G61/><N who="0" m="36063" /><D19/><U117/><E18/><V43/><F43/><W50/><G63/><T91/><D101/><U40/><E117/><V51/><F51/><W39/><G50/><T83/><D83/><U107/><E40/><V6/><F6/><W3/><G60/><T95/><D95/><U89/><E107/><V42/><F42/><W37/><G94/><T112/><D112/><U104/><E104/><V108/><F108/><W78/><G102/><RYUUKYOKU ba="0,0" sc="250,15,250,-15,250,15,250,-15" hai0="8,9,11,12,17,26,27,91,92,97" hai2="64,67,81,85" /><INIT seed="0,1,0,2,1,70" ten="265,235,265,235" oya="0" hai0="59,40,85,5,15,75,23,37,104,121,86,60,81" hai1="131,61,72,84,114,47,54,34,8,41,29,36,46" hai2="9,49,77,91,102,92,57,32,67,97,68,71,99" hai3="16,42,119,93,89,122,30,103,2,1,112,69,80"/><T106/><D121/><U11/><E72/><V120/><F32/><W79/><G69/><T110/><D75/><U45/><E131/><V134/><F77/><W13/><G112/><T133/><D133/><U6/><E114/><V50/><F134/><W74/><G119/><T73/><D73/><U62/><E11/><V33/><F33/><W98/><G122/><T43/><D110/><U21/><E34/><V63/><F68/><W58/><G30/><T18/><D5/><U66/><E84/><V101/><F120/><W27/><G27/><T17/><D85/><U132/><E132/><V113/><F113/><W52/><G42/><T127/><D127/><U38/><E54/><V76/><F76/><W53/><G89/><T19/><D19/><U87/><E87/><V14/><F91/><W35/><G53/><T109/><D18/><U105/><E105/><V96/><F96/><W31/><G31/><T108/><D108/><U124/><E124/><V56/><F56/><W125/><G35/><T44/><D43/><U64/><E41/><V12/><F71/><W118/><G118/><T3/><D3/><N who="1" m="95" /><E29/><V48/><REACH who="2" step="1"/><F9/><REACH who="2" ten="265,235,255,235" step="2"/><W95/><G125/><T51/><D109/><U4/><E21/><V126/><F126/><W100/><G100/><T135/><D135/><U83/><E83/><V123/><F123/><W25/><G103/><T28/><D81/><U10/><E66/><V39/><F39/><N who="1" m="14889" /><E64/><V94/><AGARI ba="1,1" hai="12,14,48,49,50,57,63,67,92,94,97,99,101,102" machi="94" ten="30,7900,0" yaku="1,1,0,1,9,1,8,1,53,0" doraHai="70" doraHaiUra="111" who="2" fromWho="2" sc="265,-40,235,-21,255,92,235,-21" /><INIT seed="1,0,0,5,4,39" ten="225,214,347,214" oya="1" hai0="56,0,125,12,17,63,104,66,21,121,29,34,110" hai1="135,73,18,123,44,116,55,35,9,60,33,120,74" hai2="19,45,59,65,79,99,70,37,16,53,3,36,28" hai3="115,132,6,43,89,94,82,85,101,108,124,47,24"/><U13/><E116/><V8/><F79/><W102/><G115/><T26/><D104/><U64/><E135/><V109/><F28/><W93/><G132/><T42/><D110/><U77/><E120/><V80/><F80/><W117/><G108/><T118/><D118/><U46/><E123/><V78/><F78/><W31/><G6/><T112/><D121/><U23/><E35/><V57/><F109/><W103/><G124/><T130/><D112/><U1/><E33/><V100/><F36/><W71/><G71/><T87/><D125/><U11/><E1/><V52/><F70/><W84/><G117/><T61/><D130/><U7/><E11/><V68/><F68/><W122/><G122/><T4/><D61/><U134/><E134/><V27/><F65/><W127/><G127/><T30/><D30/><U113/><E113/><V10/><F37/><W95/><G24/><T126/><D87/><U62/><E77/><V128/><F128/><W105/><G31/><T92/><D92/><U86/><E86/><V69/><F69/><W72/><G47/><N who="1" m="17962" /><E64/><V97/><F45/><W38/><G72/><N who="1" m="27754" /><E55/><V22/><F3/><W83/><G38/><T96/><D126/><U2/><E62/><N who="2" m="36135" /><F19/><W76/><REACH who="3" step="1"/><G43/><REACH who="3" ten="225,214,347,204" step="2"/><T58/><D42/><U106/><E106/><AGARI ba="0,1" hai="76,82,83,84,85,89,93,94,95,101,102,103,105,106" machi="106" ten="40,16000,3" yaku="1,1,2,1,35,6,53,0" doraHai="39" doraHaiUra="15" who="3" fromWho="1" sc="225,0,214,-160,347,0,204,170" /><INIT seed="2,0,0,1,1,111" ten="225,54,347,374" oya="2" hai0="47,91,101,135,43,79,35,83,109,107,70,127,63" hai1="116,49,71,9,10,73,45,44,25,21,41,128,23" hai2="134,18,76,22,28,133,122,123,75,12,85,69,19" hai3="119,16,33,39,130,89,1,92,20,46,31,27,3"/><V7/><F69/><W65/><G119/><T61/><D109/><U37/><E116/><V54/><F75/><W97/><G130/><T78/><D91/><U36/><E128/><V60/><F28/><W51/><G65/><T94/><D94/><U59/><E71/><V112/><F7/><W115/><G39/><T81/><D35/><U82/><E73/><V57/><F112/><W132/><G132/><N who="2" m="50793" /><F19/><W99/><G99/><T14/><D135/><U114/><E82/><AGARI ba="0,0" hai="12,18,22,54,57,60,76,82,85,122,123" m="50793" machi="82" ten="30,1500,0" yaku="20,1" doraHai="111" who="2" fromWho="1" sc="225,0,54,-15,347,15,374,0" /><INIT seed="2,1,0,4,5,5" ten="225,39,362,374" oya="2" hai0="90,0,16,63,77,40,76,18,28,94,47,10,84" hai1="25,45,58,1,20,70,103,92,88,51,17,66,105" hai2="19,120,101,114,49,134,42,125,133,75,123,129,118" hai3="35,31,102,74,14,26,61,3,121,6,24,85,81"/><V116/><F75/><W113/><G74/><T59/><D28/><U68/><E1/><V67/><F101/><W22/><G102/><T98/><D0/><U2/><E2/><V97/><F97/><W38/><G38/><T53/><D84/><U109/><E109/><V64/><F114/><W13/><G61/><T108/><D108/><U65/><E105/><V54/><F42/><W100/><G100/><T48/><D18/><U8/><E103/><V78/><F78/><W36/><G36/><T72/><D72/><U71/><E58/><V60/><F19/><W132/><G132/><N who="2" m="50793" /><F129/><W95/><G121/><N who="2" m="46665" /><F125/><W55/><G113/><T127/><D127/><U34/><E34/><V80/><F80/><W33/><G33/><T11/><D16/><U7/><E51/><V30/><F30/><N who="3" m="17687" /><G81/><T44/><D44/><U73/><E45/><N who="2" m="27951" /><F64/><W122/><G122/><T82/><D82/><U93/><E73/><V4/><F4/><W79/><G79/><AGARI ba="1,0" hai="10,11,40,47,48,53,59,63,76,77,79,90,94,98" machi="79" ten="40,5200,0" yaku="8,1,52,2" doraHai="5" who="0" fromWho="3" sc="225,55,39,0,362,0,374,-55" /><INIT seed="3,0,0,2,4,70" ten="280,39,362,319" oya="3" hai0="13,77,59,119,1,36,51,55,100,73,6,53,66" hai1="83,113,96,104,28,129,94,133,56,78,34,17,68" hai2="38,127,12,98,111,54,125,135,69,89,116,61,90" hai3="20,40,128,3,80,122,5,86,63,19,91,74,114"/><W58/><G114/><T93/><D119/><U109/><E68/><V107/><F38/><W47/><G128/><T102/><D1/><U85/><E113/><V124/><F111/><W15/><G122/><T45/><D66/><U44/><E109/><V131/><F131/><W106/><G106/><T115/><D115/><U14/><E129/><V43/><F43/><W22/><G74/><T26/><D26/><U92/><E133/><V65/><F135/><W103/><G3/><T35/><D35/><U31/><E34/><V121/><F116/><W52/><G103/><T134/><D134/><U29/><E104/><V21/><F54/><W25/><G5/><T48/><D93/><U8/><E44/><V110/><F110/><W112/><G112/><T16/><D6/><U33/><E33/><V9/><F21/><W108/><G108/><T11/><REACH who="0" step="1"/><D36/><REACH who="0" ten="270,39,362,319" step="2"/><U105/><E105/><V7/><F121/><W81/><G81/><AGARI ba="0,1" hai="11,13,16,45,48,51,53,55,59,73,77,81,100,102" machi="81" ten="40,5200,0" yaku="1,1,2,1,54,1,53,0" doraHai="70" doraHaiUra="64" who="0" fromWho="3" sc="270,62,39,0,362,0,319,-52" owari="332,13.2,39,-46.1,362,46.2,267,-13.3" /></mjloggm>