<mjloggm ver="2.3"><GO type="225" lobby="0"/><UN n0="%E5%B8%9D%E4%BA%AC%E5%B9%B3%E6%88%90%E5%A4%A7%E5%AD%A6" n1="%E5%8F%AF%E5%85%90%E9%82%A3%E7%94%B1%E5%A4%9A" n2="%E3%81%AF%E3%82%88%E3%81%8A%E3%81%98%E3%81%95%E3%82%93" n3="%72%69%6F%75%63%68%61%6E" dan="16,17,17,17" rate="2193.58,2237.65,2195.92,2156.60" sx="M,F,M,M"/><TAIKYOKU oya="0"/><INIT seed="0,0,0,3,5,1" ten="250,250,250,250" oya="0" hai0="57,7,132,116,0,8,80,83,94,34,32,77,122" hai1="12,97,64,54,134,100,98,10,73,69,89,36,104" hai2="78,81,47,26,135,40,51,9,30,23,50,119,88" hai3="74,16,117,63,43,124,118,38,29,102,130,129,39"/><T113/><D116/><U53/><E36/><N who="3" m="13866" /><G74/><T22/><D113/><U65/><E73/><V103/><F135/><W70/><G29/><T95/><D122/><U131/><E134/><V28/><F119/><N who="3" m="45579" /><G102/><T109/><D132/><U11/><E131/><N who="3" m="50186" /><G16/><T101/><D34/><U68/><E100/><V90/><F103/><W48/><G124/><T126/><D32/><U108/><E12/><V85/><F28/><W125/><G125/><T15/><D126/><U96/><E96/><V49/><F9/><W27/><G27/><T20/><D101/><U62/><E89/><AGARI ba="0,0" hai="23,26,30,40,47,49,50,51,78,81,85,88,89,90" machi="89" ten="40,2600,0" yaku="8,1,54,1" doraHai="1" who="2" fromWho="1" sc="250,0,250,-26,250,26,250,0" /><INIT seed="1,0,0,4,5,122" ten="250,224,276,250" oya="1" hai0="94,15,42,111,131,101,9,117,45,108,23,4,47" hai1="32,60,3,54,29,11,69,48,110,49,0,127,40" hai2="53,133,118,103,17,99,56,64,31,82,125,109,58" hai3="129,95,52,123,13,85,134,46,43,36,44,19,61"/><U130/><E130/><V90/><F118/><W57/><G134/><T114/><D114/><U24/><E127/><V135/><F125/><W119/><G129/><T80/><D131/><U68/><E110/><N who="0" m="42025" /><D117/><U21/><E32/><V97/><F109/><W120/><G119/><T104/><D104/><U22/><E22/><V107/><F31/><W121/><G44/><N who="0" m="16971" /><D42/><U92/><E40/><V89/><F107/><W1/><G1/><T112/><D112/><U126/><E126/><V78/><F133/><W115/><G115/><T51/><D51/><U16/><E0/><V55/><F135/><W73/><G73/><T38/><D38/><U93/><E3/><V105/><F105/><W34/><G34/><T33/><D33/><U106/><E106/><V63/><F63/><W132/><G132/><T65/><D65/><U10/><E69/><V67/><F64/><W83/><G95/><N who="1" m="36426" /><E68/><V2/><F67/><W12/><REACH who="3" step="1"/><G19/><REACH who="3" ten="250,224,276,240" step="2"/><N who="0" m="10751" /><D80/><U27/><E29/><V128/><F82/><W113/><G113/><T39/><D39/><U62/><E27/><V28/><F128/><W98/><G98/><N who="0" m="59607" /><D4/><U96/><E96/><V59/><F97/><W77/><AGARI ba="0,1" hai="12,13,36,43,46,52,57,61,77,83,85,120,121,123" machi="77" ten="30,7900,0" yaku="1,1,0,1,54,1,53,1" doraHai="122" doraHaiUra="70" who="3" fromWho="3" sc="250,-20,224,-39,276,-20,240,89" /><INIT seed="2,0,0,1,3,78" ten="230,185,256,329" oya="2" hai0="25,4,101,15,99,43,98,74,132,53,40,105,28" hai1="73,122,118,1,33,121,10,109,126,115,16,64,113" hai2="66,130,89,69,80,107,108,97,81,127,58,11,8" hai3="128,129,3,106,57,104,45,72,102,7,18,54,77"/><V14/><F69/><W103/><G45/><T42/><D132/><U134/><E73/><V20/><F107/><N who="3" m="41003" /><G18/><T31/><D74/><U94/><E64/><V71/><F71/><W32/><G32/><T135/><D135/><U62/><E62/><N who="2" m="38231" /><F127/><W12/><G3/><T13/><D98/><U46/><E46/><V100/><F130/><N who="3" m="50283" /><G7/><T19/><D53/><U65/><E65/><V49/><F108/><W23/><G12/><T26/><D4/><N who="1" m="1295" /><E134/><V51/><F100/><N who="3" m="38443" /><G23/><T96/><D105/><U124/><E33/><V110/><F110/><W84/><G72/><T83/><D42/><U2/><E2/><V27/><F51/><W111/><G111/><T6/><D6/><U52/><E109/><V34/><F34/><W90/><G77/><T0/><D0/><U36/><E36/><V9/><F14/><W48/><G90/><T76/><D76/><U87/><E52/><V91/><F49/><W56/><G57/><T35/><D35/><U60/><E60/><V5/><F5/><W95/><G95/><T68/><D68/><U63/><E63/><V44/><F44/><W119/><G119/><T85/><D40/><U41/><E118/><V123/><F91/><W75/><G75/><T30/><D43/><U93/><E41/><V88/><F89/><W117/><G117/><T22/><D15/><U61/><E61/><V21/><F88/><W131/><N who="3" m="50291" /><W86/><AGARI ba="0,0" hai="48,54,56,84,86" m="38443,50291,41003" machi="86" ten="50,3200,0" yaku="4,1,19,1" doraHai="78" who="3" fromWho="3" sc="230,-8,185,-8,256,-16,329,32" /><INIT seed="3,0,0,0,1,104" ten="222,177,240,361" oya="3" hai0="6,105,113,67,58,119,16,26,121,29,0,46,133" hai1="23,71,82,91,75,42,126,73,114,59,52,130,62" hai2="57,10,39,41,24,93,8,33,22,11,79,40,90" hai3="4,78,61,135,56,43,28,99,127,85,9,134,55"/><W7/><G127/><T125/><D119/><U106/><E114/><V51/><F33/><W86/><G28/><T107/><D121/><U66/><E106/><V74/><F74/><W36/><G99/><T20/><D125/><U27/><E126/><V110/><F110/><W25/><G25/><T31/><D113/><U80/><E42/><V117/><F117/><W97/><G97/><T129/><D129/><U101/><E101/><V124/><F124/><W98/><G98/><T49/><D133/><U14/><E14/><V83/><F39/><W76/><G43/><T112/><D112/><U87/><E82/><V12/><F12/><W122/><G36/><T45/><D0/><U68/><E130/><V65/><F79/><N who="3" m="30251" /><G122/><T53/><D6/><N who="3" m="2089" /><G9/><T123/><D123/><U5/><E5/><V63/><F83/><W50/><G50/><N who="0" m="28879" /><D107/><U19/><E71/><V118/><F51/><AGARI ba="0,0" hai="19,23,27,51,52,59,62,66,68,73,75,80,87,91" machi="51" ten="30,7700,0" yaku="7,1,52,2,54,1" doraHai="104" who="1" fromWho="2" sc="222,0,177,77,240,-77,361,0" owari="222,-17.8,254,5.4,163,-33.7,361,46.1" /></mjloggm>