<mjloggm ver="2.3"><GO type="225" lobby="0"/><UN n0="%E3%81%8A%E3%81%8B%E3%81%8F%E3%82%89" n1="%54%4F%52" n2="%E5%A4%96%E5%B7%9D%E7%AB%9C%E6%88%90" n3="%33%74%72%65%65" dan="16,17,16,17" rate="2091.57,2235.29,2112.29,2189.61" sx="M,M,M,F"/><TAIKYOKU oya="0"/><INIT seed="0,0,0,4,0,65" ten="250,250,250,250" oya="0" hai0="95,106,33,104,50,46,126,131,88,16,55,15,17" hai1="116,45,20,119,67,80,82,97,99,117,87,26,29" hai2="49,114,31,8,93,40,130,71,47,86,2,7,127" hai3="84,105,10,54,3,77,79,89,28,123,18,39,9"/><T12/><D33/><U85/><E67/><V125/><F114/><W118/><G118/><T64/><D131/><U53/><E53/><V13/><F130/><W120/><G105/><T134/><D134/><U132/><E132/><V103/><F31/><W122/><G39/><T4/><D126/><N who="2" m="48138" /><F2/><W100/><G100/><T70/><D4/><U32/><E45/><V121/><F121/><W61/><G28/><T73/><D73/><U0/><E0/><V111/><F111/><W102/><G102/><T22/><D64/><U19/><E85/><V78/><F103/><W38/><G38/><T66/><D66/><U81/><REACH who="1" step="1"/><E87/><REACH who="1" ten="250,240,250,250" step="2"/><V56/><F56/><N who="3" m="34967" /><G3/><T62/><D70/><U25/><AGARI ba="0,1" hai="19,20,25,26,29,32,80,81,82,97,99,116,117,119" machi="25" ten="40,2700,0" yaku="1,1,0,1,53,0" doraHai="65" doraHaiUra="41" who="1" fromWho="1" sc="250,-13,240,37,250,-7,250,-7" /><INIT seed="1,0,0,1,3,39" ten="237,277,243,243" oya="1" hai0="88,116,9,109,43,44,102,38,70,94,54,34,15" hai1="40,76,81,101,83,52,12,84,17,64,98,28,49" hai2="42,23,91,124,85,106,69,53,133,122,75,126,29" hai3="61,118,57,73,68,11,3,36,59,25,99,71,48"/><U112/><E112/><V46/><F122/><W111/><G73/><T37/><D116/><U33/><E64/><V97/><F75/><W26/><G118/><T121/><D34/><U123/><E123/><V31/><F69/><W125/><G36/><T132/><D132/><U14/><E33/><V80/><F53/><N who="3" m="31911" /><G71/><T8/><D70/><U120/><E120/><V131/><F133/><W56/><G68/><T66/><D66/><U47/><E28/><V115/><F115/><W113/><G113/><T2/><D109/><U62/><E83/><V58/><F58/><N who="3" m="22059" /><G61/><T127/><D54/><U82/><E82/><V67/><F67/><W104/><G104/><T0/><D37/><U24/><E62/><V103/><F131/><W117/><G3/><T51/><D38/><U77/><E77/><V93/><F106/><W18/><G111/><T27/><D102/><U30/><E52/><V10/><F10/><W7/><G125/><N who="2" m="48233" /><F23/><W79/><G11/><T114/><D8/><U100/><E100/><V21/><F21/><N who="3" m="13495" /><G7/><T107/><D107/><U4/><E4/><V63/><F63/><W92/><G117/><T41/><D127/><U119/><E119/><V16/><F16/><W110/><G110/><T20/><D114/><U19/><E19/><V87/><F87/><W55/><G55/><N who="0" m="30183" /><D121/><U22/><REACH who="1" step="1"/><E17/><REACH who="1" ten="237,267,243,243" step="2"/><V96/><F46/><W32/><G79/><T45/><D45/><U65/><E65/><V60/><F60/><W130/><G32/><T74/><D0/><U135/><E135/><V105/><F29/><W78/><G78/><T108/><D2/><U50/><E50/><RYUUKYOKU ba="0,1" sc="237,-10,267,30,243,-10,243,-10" hai1="12,14,22,24,30,40,47,49,76,81,84,98,101" /><INIT seed="1,1,1,5,1,10" ten="227,297,233,233" oya="1" hai0="16,66,99,117,70,109,105,116,64,98,82,73,102" hai1="106,119,27,0,31,67,89,6,132,48,131,39,5" hai2="121,3,129,112,12,46,100,71,125,20,128,52,21" hai3="62,9,76,114,58,87,126,1,41,79,81,51,7"/><U113/><E39/><V4/><F121/><W75/><G114/><T124/><D109/><U22/><E113/><V96/><F112/><W26/><G126/><T25/><D124/><U94/><E119/><V43/><F71/><W92/><G26/><T56/><D98/><U37/><E37/><V38/><F125/><W57/><G79/><T35/><D56/><U23/><E106/><V118/><F118/><W85/><G75/><T44/><D44/><U68/><E131/><N who="2" m="50251" /><F3/><W95/><G87/><T88/><D64/><U49/><E132/><V14/><F52/><N who="3" m="31903" /><G1/><T97/><D97/><U130/><E130/><V133/><F133/><W33/><G33/><T110/><D110/><U19/><E0/><V54/><F54/><N who="3" m="34135" /><G41/><T111/><D111/><U77/><E77/><V134/><F134/><W17/><G7/><N who="1" m="2570" /><E67/><V74/><F74/><W90/><G76/><T45/><D35/><U78/><E78/><V59/><F59/><W50/><G50/><T11/><D73/><U86/><E68/><V72/><F4/><W47/><G47/><T40/><D66/><U53/><E53/><V29/><F72/><W15/><AGARI ba="1,1" hai="9,15,17,81,85,90,92,95" m="34135,31903" machi="15" ten="30,4000,0" yaku="8,1,52,1,54,1" doraHai="10" who="3" fromWho="3" sc="227,-11,297,-21,233,-11,233,53" /><INIT seed="2,0,0,3,4,94" ten="216,276,222,286" oya="2" hai0="59,45,6,35,104,119,72,16,34,39,112,116,129" hai1="14,8,38,87,48,47,52,1,30,17,113,124,66" hai2="133,63,75,123,126,88,101,51,107,50,25,115,85" hai3="130,103,57,121,89,29,20,84,102,128,97,23,95"/><V46/><F115/><W86/><G121/><T43/><D112/><U68/><E113/><V67/><F123/><W118/><G57/><T22/><D129/><N who="3" m="49769" /><G29/><T125/><D125/><U109/><E124/><V134/><F126/><W60/><G60/><T9/><D72/><U31/><E109/><V100/><F75/><W80/><G23/><T69/><D104/><U2/><E38/><V71/><F50/><W127/><G20/><T70/><D59/><U10/><E66/><V27/><F27/><W74/><G127/><T132/><D132/><N who="2" m="50794" /><F107/><W96/><G118/><N who="0" m="45099" /><D34/><U92/><E68/><V21/><F51/><W49/><G49/><T91/><D91/><N who="1" m="53375" /><E1/><V81/><F46/><W77/><G89/><T114/><D35/><U79/><E2/><V5/><F5/><W56/><G56/><T105/><D114/><U108/><E108/><V26/><F26/><W111/><G111/><T40/><D40/><U131/><E131/><V99/><F99/><W33/><G33/><T61/><D70/><U12/><E79/><V32/><F32/><W117/><G117/><T106/><D69/><U120/><E120/><V13/><F13/><W65/><G65/><T90/><D90/><U28/><E14/><V4/><F4/><W82/><G82/><T44/><D6/><U64/><E64/><V83/><F81/><W3/><G3/><T93/><D39/><U42/><E42/><V0/><F0/><W135/><G135/><T41/><D43/><U55/><E55/><V37/><F37/><W98/><G98/><T53/><D41/><U11/><AGARI ba="0,0" hai="8,10,11,12,17,28,30,31,47,48,52" m="53375" machi="11" ten="30,2000,0" yaku="8,1,54,1" doraHai="94" who="1" fromWho="1" sc="216,-5,276,20,222,-10,286,-5" /><INIT seed="3,0,0,4,1,49" ten="211,296,212,281" oya="3" hai0="128,89,19,45,40,23,58,52,61,70,135,24,8" hai1="120,97,37,101,79,110,0,96,100,14,88,33,7" hai2="95,46,118,29,94,59,116,2,57,112,73,84,75" hai3="16,134,60,30,39,27,122,38,13,43,17,87,109"/><W34/><G122/><T121/><D121/><U129/><E120/><V85/><F46/><W107/><G134/><T71/><D128/><U54/><E129/><V91/><F29/><W64/><G107/><T113/><D135/><U48/><E37/><V26/><F26/><W42/><G87/><T25/><D113/><U6/><E33/><V68/><F68/><W74/><G74/><T69/><D89/><U5/><E0/><V131/><F91/><W105/><G105/><T56/><D8/><U132/><E110/><V67/><F67/><W130/><G130/><T99/><D99/><N who="1" m="37963" /><E79/><V20/><F20/><W80/><G17/><T126/><D126/><U4/><E132/><V92/><F92/><W78/><G39/><T90/><D90/><U28/><E28/><V72/><F72/><W119/><G38/><T114/><D114/><U41/><E41/><V15/><F15/><W11/><G119/><T83/><D83/><U65/><E65/><V81/><F131/><W35/><G35/><T111/><D111/><U76/><E76/><V117/><F117/><W108/><G108/><T47/><D40/><U21/><E88/><V103/><F112/><W123/><G123/><T124/><D124/><U51/><E51/><V10/><F81/><W115/><G109/><T44/><REACH who="0" step="1"/><D58/><REACH who="0" ten="201,296,212,281" step="2"/><N who="1" m="33095" /><E4/><V32/><F32/><W106/><G115/><T1/><D1/><U53/><E100/><V127/><F127/><W62/><G80/><T86/><D86/><U93/><E101/><V22/><F103/><W36/><G11/><T82/><D82/><U98/><E98/><V12/><F2/><RYUUKYOKU ba="0,1" sc="201,30,296,-10,212,-10,281,-10" hai0="19,23,24,25,44,45,47,52,56,61,69,70,71" /><INIT seed="4,1,1,4,1,90" ten="231,286,202,271" oya="0" hai0="93,11,39,118,129,33,20,91,44,21,69,2,62" hai1="108,75,122,121,73,48,4,38,67,5,24,9,61" hai2="17,22,0,85,131,52,130,92,98,104,64,27,1" hai3="88,18,86,106,115,128,65,135,55,60,103,28,41"/><T87/><D118/><U26/><E38/><V14/><F104/><W36/><G135/><T113/><D33/><U89/><E108/><V7/><F85/><W13/><G128/><N who="2" m="49193" /><F64/><W127/><G127/><T30/><D129/><U79/><E4/><V42/><F42/><W100/><G65/><T8/><D113/><U56/><E89/><N who="2" m="55567" /><F52/><W45/><G55/><T19/><D2/><N who="2" m="1130" /><F7/><W74/><G60/><T109/><D109/><U96/><E96/><V53/><F53/><W40/><G40/><T117/><D117/><U124/><E124/><V102/><F102/><W81/><G106/><T46/><D69/><U70/><E73/><V29/><F14/><W58/><G74/><T114/><D62/><U110/><E110/><V6/><F6/><W31/><G58/><T132/><D114/><U23/><E75/><V119/><F119/><W133/><G115/><T71/><D71/><U34/><E5/><V94/><F94/><W51/><G103/><T107/><D107/><U16/><E70/><V25/><F25/><W10/><G100/><T123/><D39/><U101/><E24/><V78/><F78/><W99/><G36/><T120/><D120/><U3/><E26/><V57/><F57/><W112/><G112/><T37/><D123/><U49/><E56/><V80/><F80/><W105/><G105/><T68/><D68/><U72/><E72/><V125/><F125/><W50/><G81/><T95/><D37/><U43/><E67/><V84/><F84/><W111/><G86/><T134/><D87/><U47/><E121/><V32/><F32/><W116/><G116/><RYUUKYOKU ba="1,1" sc="231,-10,286,-10,202,30,271,-10" hai2="17,22,27,29" /><INIT seed="5,2,1,4,1,101" ten="221,276,232,261" oya="1" hai0="108,81,60,22,93,132,33,3,131,31,6,124,97" hai1="86,49,74,57,16,110,2,66,135,23,88,68,129" hai2="95,48,25,61,67,109,5,70,17,4,62,32,44" hai3="71,103,39,75,98,119,34,46,90,56,104,10,45"/><U40/><E74/><V121/><F109/><W28/><G71/><T123/><D108/><U12/><E2/><V79/><F121/><W84/><G119/><T83/><D123/><U122/><E110/><V18/><F79/><W134/><G134/><T133/><D124/><U100/><E122/><V64/><F95/><W43/><G75/><T54/><D131/><U115/><E135/><N who="0" m="51785" /><D3/><U78/><E129/><V112/><F112/><W92/><G45/><T21/><D6/><U114/><E68/><V82/><F82/><N who="0" m="31242" /><D31/><U89/><E78/><V1/><F32/><W30/><G34/><T47/><D33/><U126/><E126/><V127/><F25/><W130/><G130/><T41/><D54/><N who="1" m="31951" /><E100/><V76/><F76/><W29/><G10/><T128/><D60/><U42/><E66/><V13/><F18/><W91/><G91/><N who="1" m="34890" /><E86/><V85/><F85/><W27/><G27/><T96/><D128/><U15/><E15/><V26/><F13/><W116/><G116/><T87/><D87/><U38/><E38/><V35/><F35/><W113/><REACH who="3" step="1"/><G56/><REACH who="3" ten="221,276,232,251" step="2"/><T99/><D93/><U120/><E120/><V0/><F127/><W53/><G53/><T117/><D117/><U94/><E115/><AGARI ba="2,2" hai="28,29,30,39,43,46,84,90,92,98,103,104,113,115" machi="115" ten="40,2600,0" yaku="1,1,52,1,53,0" doraHai="101" doraHaiUra="9" who="3" fromWho="1" sc="221,0,276,-32,232,0,251,52" owari="221,-27.9,244,4.4,232,-16.8,303,40.3" /></mjloggm>