<mjloggm ver="2.3"><GO type="225" lobby="0"/><UN n0="%4B%2E%32%2E%4B%2E" n1="%E7%89%B9%E6%9D%B1%E3%81%AF%E4%B8%96%E7%95%8C%E3%82%92%E6%95%91%E3%81%86" n2="%E3%82%A2%E3%83%A1%E3%82%A2%E3%83%A9%E3%83%AC" n3="%E3%83%B4%E3%83%A0%EF%BC%99%E3%81%A6" dan="16,16,16,16" rate="2149.35,2175.92,2094.68,2110.62" sx="M,M,M,M"/><TAIKYOKU oya="0"/><INIT seed="0,0,0,3,1,96" ten="250,250,250,250" oya="0" hai0="132,82,34,129,133,107,74,109,22,5,87,134,127" hai1="75,113,19,14,94,59,56,106,114,72,36,27,65" hai2="31,32,44,0,126,81,118,17,3,110,62,80,7" hai3="24,117,25,70,55,130,123,51,85,97,101,92,108"/><T111/><D34/><U115/><E106/><V23/><F110/><N who="0" m="41994" /><D127/><U61/><E36/><V40/><F126/><W8/><G108/><T66/><D129/><U49/><E27/><V35/><F118/><W11/><G117/><T45/><D107/><U89/><E49/><V104/><F104/><W20/><G130/><T77/><D5/><U90/><E59/><V128/><F128/><W10/><G123/><T38/><D66/><U64/><E64/><V46/><F62/><W84/><G70/><T42/><D22/><U135/><E135/><V119/><F119/><W15/><G15/><T18/><D18/><U54/><E65/><V30/><F23/><W103/><G103/><T121/><D121/><U100/><E100/><V47/><F17/><W39/><G39/><T26/><D26/><U99/><REACH who="1" step="1"/><E89/><REACH who="1" ten="250,240,250,250" step="2"/><V71/><F71/><W9/><N who="3" m="2048" /><DORA hai="120" /><W53/><G24/><T93/><D93/><U52/><E52/><N who="3" m="20042" /><G51/><T69/><D69/><U21/><AGARI ba="0,1" hai="14,19,21,54,56,61,72,75,90,94,99,113,114,115" machi="21" ten="30,4000,0" yaku="1,1,0,1,11,1,53,0" doraHai="96,120" doraHaiUra="73,2" who="1" fromWho="1" sc="250,-20,240,50,250,-10,250,-10" /><INIT seed="1,0,0,1,5,61" ten="230,290,240,240" oya="1" hai0="24,32,23,15,134,57,22,53,12,45,9,55,21" hai1="50,62,47,70,30,28,94,90,41,26,99,112,60" hai2="36,103,118,49,85,11,135,122,3,33,59,48,78" hai3="35,126,111,27,104,79,89,114,105,67,133,96,8"/><U128/><E128/><V63/><F135/><W10/><G114/><T46/><D134/><U81/><E112/><V100/><F118/><W54/><G133/><T14/><D32/><U58/><E70/><V125/><F36/><W34/><G79/><T119/><D119/><U19/><E81/><V37/><F37/><W18/><G111/><T38/><D38/><U109/><E109/><V72/><F33/><W43/><G43/><T7/><D24/><U115/><E115/><V82/><F125/><W13/><G54/><T31/><D31/><U97/><E99/><V124/><F122/><W25/><G126/><T65/><D53/><U16/><E62/><V86/><F72/><W76/><G76/><T123/><D65/><U4/><E4/><V83/><F11/><W129/><G129/><T121/><D121/><U1/><E1/><V88/><F3/><W101/><G104/><T77/><D77/><U87/><E87/><V69/><F69/><W64/><G89/><T130/><D130/><U120/><E120/><V51/><F124/><W20/><G8/><T74/><D74/><U56/><E56/><V5/><F5/><W71/><G71/><T113/><D113/><U106/><E106/><V107/><F107/><W42/><G42/><T117/><D117/><U52/><REACH who="1" step="1"/><E30/><REACH who="1" ten="230,280,240,240" step="2"/><V116/><F116/><W93/><G105/><T17/><D123/><U29/><E29/><V68/><F68/><W95/><G95/><T80/><D80/><U40/><E40/><V132/><F132/><W127/><G127/><T39/><D7/><U108/><E108/><V44/><F44/><RYUUKYOKU ba="0,1" sc="230,-15,280,15,240,15,240,-15" hai1="16,19,26,28,41,47,50,52,58,60,90,94,97" hai2="48,49,51,59,63,78,82,83,85,86,88,100,103" /><INIT seed="1,1,1,2,0,110" ten="215,295,255,225" oya="1" hai0="46,18,103,6,134,131,62,108,13,116,132,10,111" hai1="32,54,87,86,89,126,93,34,56,106,40,45,94" hai2="77,107,48,104,47,29,128,133,67,90,33,11,124" hai3="0,24,79,76,66,123,41,84,23,75,58,42,43"/><U15/><E126/><V36/><F124/><W114/><G123/><T122/><D103/><U2/><E2/><V72/><F133/><N who="0" m="51306" /><D62/><U4/><E106/><V20/><F128/><W95/><G75/><T12/><D46/><U27/><E4/><V22/><F33/><W31/><G0/><N who="0" m="327" /><D116/><U115/><E15/><N who="0" m="5705" /><D131/><U85/><E87/><V88/><F47/><W17/><G114/><T60/><D60/><U100/><E100/><V25/><F48/><W55/><G66/><T64/><D64/><U9/><E94/><V81/><F36/><W125/><G125/><T39/><D39/><U109/><E85/><V69/><F67/><W57/><G57/><T70/><D70/><U97/><E86/><V130/><F69/><W1/><G1/><T118/><D118/><U50/><E56/><V28/><F130/><W21/><G95/><T35/><D122/><U65/><E40/><V119/><F119/><W80/><G76/><T99/><D99/><U68/><E65/><V59/><F59/><W49/><REACH who="3" step="1"/><G23/><REACH who="3" ten="215,295,255,215" step="2"/><T98/><D35/><U51/><E34/><V112/><F77/><W91/><G91/><T44/><D44/><U113/><E32/><V19/><F88/><W71/><G71/><T129/><D129/><U30/><E68/><V74/><F90/><W92/><G92/><T52/><D98/><U96/><E96/><V26/><F74/><W83/><G83/><T135/><D135/><U121/><E121/><V53/><F72/><W102/><G102/><T37/><D111/><U7/><E109/><V73/><F73/><W127/><G127/><T61/><D108/><RYUUKYOKU ba="1,2" sc="215,-10,295,-10,255,-10,215,30" hai3="17,21,24,31,41,42,43,49,55,58,79,80,84" /><INIT seed="2,2,2,3,4,27" ten="205,285,245,245" oya="2" hai0="2,75,114,119,62,29,127,74,93,124,1,89,25" hai1="30,103,122,112,128,100,53,110,90,16,31,45,96" hai2="14,78,121,40,12,73,7,55,49,104,23,13,22" hai3="39,99,70,92,120,5,131,91,54,4,46,132,21"/><V52/><F121/><W17/><G120/><T65/><D114/><U118/><E122/><V44/><F104/><W106/><G70/><T32/><D119/><U3/><E112/><V82/><F7/><W9/><G131/><T79/><D93/><N who="1" m="56375" /><E3/><N who="0" m="1033" /><D89/><U98/><E118/><V115/><F115/><W37/><G132/><T83/><D74/><U50/><E110/><V64/><F64/><W61/><G9/><T58/><D58/><U125/><E125/><N who="0" m="48201" /><D62/><U87/><E128/><V48/><REACH who="2" step="1"/><F40/><REACH who="2" ten="205,285,235,245" step="2"/><W134/><G106/><T19/><D19/><U67/><E67/><AGARI ba="2,3" hai="25,29,32,65,67,75,79,83" m="48201,1033" machi="67" ten="30,2000,0" yaku="18,1,52,1" doraHai="27" who="0" fromWho="1" sc="205,56,285,-26,235,0,245,0" /><INIT seed="3,0,0,3,3,130" ten="261,259,235,245" oya="3" hai0="114,26,106,23,125,87,62,102,90,11,40,41,99" hai1="12,86,122,123,17,16,74,104,82,55,73,38,120" hai2="119,133,132,7,25,45,15,67,110,83,24,113,124" hai3="77,135,2,44,4,84,8,109,9,115,97,20,1"/><W72/><G115/><T78/><D114/><U100/><E38/><V10/><F113/><W116/><G116/><T66/><D125/><U18/><E12/><V69/><F119/><W129/><G84/><T96/><D78/><U105/><E55/><V70/><F124/><W30/><G129/><T34/><D11/><U65/><E65/><V121/><F121/><W59/><G59/><T93/><D96/><U42/><E42/><V127/><F127/><W76/><G97/><T98/><D99/><U31/><E31/><V81/><F45/><W50/><G109/><T111/><D111/><U60/><E60/><N who="2" m="40167" /><F70/><W19/><G30/><T27/><D27/><N who="2" m="10314" /><F110/><W134/><G20/><T107/><D107/><U61/><E61/><V92/><F92/><W39/><G19/><T22/><D22/><U71/><E71/><V33/><F33/><W3/><G9/><T51/><D51/><U89/><REACH who="1" step="1"/><E100/><REACH who="1" ten="261,249,235,245" step="2"/><V54/><F54/><N who="3" m="30023" /><G39/><T95/><D41/><U63/><E63/><V108/><F108/><W128/><G128/><T117/><D40/><U37/><E37/><V48/><F48/><W0/><G72/><AGARI ba="0,1" hai="16,17,18,72,73,74,82,86,89,104,105,120,122,123" machi="72" ten="50,6400,0" yaku="1,1,54,1,53,1" doraHai="130" doraHaiUra="80" who="1" fromWho="3" sc="261,0,249,74,235,0,245,-64" owari="261,6.1,323,42.3,235,-16.5,181,-31.9" /></mjloggm>