<mjloggm ver="2.3"><GO type="225" lobby="0"/><UN n0="%E3%81%B2%E3%81%AA%E3%81%AE%E3%82%8A%E3%81%8F" n1="%E5%AF%82%E5%AF%9E%E3%82%AE%E3%83%8D%E3%82%B9%E3%83%93%E3%83%BC%E3%83%AB" n2="%E5%AE%AE%E4%BF%9D%E9%B6%8F%E8%82%89" n3="%E5%82%8D%E8%8B%A5%E7%84%A1%E4%BA%BA%35%31" dan="17,16,16,16" rate="2195.08,2153.78,2139.93,2047.74" sx="M,M,M,M"/><TAIKYOKU oya="0"/><INIT seed="0,0,0,2,4,23" ten="250,250,250,250" oya="0" hai0="24,134,92,22,0,40,60,32,120,121,79,119,20" hai1="107,15,100,68,133,70,72,116,34,123,101,61,45" hai2="78,85,28,64,98,36,57,128,62,43,66,50,51" hai3="86,113,26,127,53,47,104,135,25,44,29,63,3"/><T21/><D119/><U71/><E116/><V33/><F128/><W81/><G104/><T106/><D106/><U88/><E123/><V8/><F66/><W49/><G3/><T77/><D0/><U131/><E72/><V114/><F114/><W41/><G113/><T59/><D134/><U110/><E133/><V6/><F98/><W31/><G135/><T132/><D132/><U42/><E131/><V55/><F36/><W14/><G127/><T122/><D40/><U103/><E34/><V117/><F43/><W118/><G118/><T96/><D32/><U5/><E110/><V126/><F51/><N who="3" m="28903" /><G63/><T76/><D59/><U124/><E124/><V74/><F74/><W16/><G31/><T115/><D60/><U19/><E5/><V67/><F117/><W102/><G29/><T97/><D115/><U73/><E73/><V94/><F126/><W27/><G102/><T111/><D111/><U13/><E107/><V46/><F28/><W48/><G49/><T91/><REACH who="0" step="1"/><D97/><REACH who="0" ten="240,250,250,250" step="2"/><U11/><E61/><V35/><F35/><W58/><G58/><T65/><D65/><U95/><E71/><V129/><F33/><W105/><G105/><T82/><D82/><U89/><E70/><V38/><F67/><W39/><G39/><T125/><D125/><U108/><E68/><V80/><F38/><W75/><G75/><T1/><D1/><U56/><E108/><V112/><F112/><W9/><G81/><T84/><D84/><AGARI ba="0,1" hai="9,14,16,25,26,27,41,47,48,84,86" m="28903" machi="84" ten="30,8000,1" yaku="8,1,52,3,54,1" doraHai="23" who="3" fromWho="0" sc="240,-80,250,0,250,0,250,90" /><INIT seed="1,0,0,1,4,78" ten="160,250,250,340" oya="1" hai0="69,28,18,26,17,71,14,93,110,30,21,46,96" hai1="15,12,58,75,5,29,4,55,10,126,25,95,42" hai2="39,89,135,68,38,85,131,22,130,117,11,34,108" hai3="94,124,120,113,64,121,32,44,41,116,87,106,65"/><U3/><E126/><V60/><F117/><W102/><G32/><T66/><D110/><U7/><E75/><V24/><F34/><W13/><G113/><T56/><D56/><U76/><E76/><V107/><F107/><W52/><G106/><T59/><D59/><U103/><E42/><V53/><F11/><W57/><G116/><T91/><D46/><U20/><E3/><V35/><F35/><W47/><G124/><T115/><D115/><U104/><E104/><V118/><F118/><W36/><G44/><T125/><D125/><U77/><E77/><V54/><F68/><W8/><G102/><T133/><D133/><U112/><E112/><V6/><F6/><W101/><G101/><T27/><D66/><U129/><E129/><N who="2" m="49163" /><F60/><W2/><G2/><T119/><D119/><U88/><E103/><V19/><F108/><W37/><G37/><N who="2" m="13833" /><F135/><W1/><G1/><T99/><D71/><U100/><E100/><V86/><F86/><W23/><G87/><T109/><D109/><U70/><E70/><V48/><F48/><W31/><G8/><T84/><D69/><U114/><E10/><V50/><F50/><W81/><G36/><T132/><D132/><U74/><E74/><V49/><F49/><W62/><G62/><T43/><D43/><U111/><E111/><V83/><AGARI ba="0,0" hai="19,22,24,53,54,83,85,89" m="13833,49163" machi="83" ten="30,2000,0" yaku="19,1,52,1" doraHai="78" who="2" fromWho="2" sc="160,-5,250,-10,250,20,340,-5" /><INIT seed="2,0,0,3,2,37" ten="155,240,270,335" oya="2" hai0="20,103,66,122,29,55,1,33,91,90,125,39,82" hai1="0,74,44,31,47,2,26,134,78,19,67,14,17" hai2="71,102,30,86,34,84,95,120,117,128,81,9,7" hai3="28,48,69,35,27,99,13,105,104,107,64,60,85"/><V50/><F117/><W45/><G85/><T88/><D122/><U115/><E115/><V101/><F71/><W132/><G13/><T23/><D1/><U73/><E67/><V54/><F120/><W133/><REACH who="3" step="1"/><G99/><REACH who="3" ten="155,240,270,325" step="2"/><T126/><D126/><U10/><E14/><V98/><F86/><W22/><G22/><T63/><D125/><U62/><E2/><V127/><F98/><W100/><G100/><T129/><D103/><U119/><E0/><V114/><F84/><W11/><G11/><T121/><D121/><U21/><E10/><V130/><F9/><W65/><G65/><T12/><D12/><U83/><E21/><V24/><F102/><W108/><G108/><T93/><D66/><U89/><E74/><V8/><F8/><W46/><G46/><T57/><D82/><U53/><E47/><V49/><F81/><W61/><G61/><T118/><D118/><U38/><E44/><N who="2" m="27943" /><F101/><W70/><G70/><T51/><D39/><U42/><E38/><V92/><F127/><W6/><G6/><T32/><D32/><U131/><E83/><V3/><F7/><W87/><G87/><T96/><D129/><N who="2" m="49770" /><F3/><W94/><G94/><N who="2" m="35881" /><F50/><W5/><G5/><T112/><D112/><AGARI ba="0,1" hai="24,30,34,112,114" m="35881,49770,27943" machi="112" ten="30,1500,0" yaku="19,1" doraHai="37" who="2" fromWho="0" sc="155,-15,240,0,270,25,325,0" /><INIT seed="2,1,0,4,1,112" ten="140,240,295,325" oya="2" hai0="27,50,76,3,22,41,120,52,92,26,113,34,53" hai1="0,29,44,35,13,135,108,5,78,103,83,8,70" hai2="59,128,45,17,12,54,114,74,56,64,14,75,129" hai3="63,9,116,37,98,62,82,42,111,23,130,20,88"/><V93/><F114/><W46/><G130/><N who="2" m="50281" /><F93/><W132/><G132/><T122/><D113/><U48/><E70/><V61/><F45/><W94/><G116/><T123/><D3/><U68/><E68/><V19/><F12/><W58/><G111/><T51/><D76/><U55/><E108/><V118/><F118/><W125/><G125/><T90/><D34/><U7/><E135/><V86/><F86/><W97/><G63/><T40/><D40/><U131/><E103/><V15/><F15/><W96/><G9/><T124/><D124/><U105/><E105/><V87/><F87/><W134/><G134/><T110/><D110/><U80/><E131/><V11/><F17/><W73/><G73/><T81/><D41/><U84/><E83/><V133/><F133/><W100/><G82/><T69/><D81/><U85/><E84/><V28/><F28/><W10/><G10/><T115/><D115/><U101/><E101/><V36/><F36/><W38/><G38/><T121/><N who="0" m="30720" /><DORA hai="91" /><T99/><D69/><U6/><E0/><V65/><F65/><W106/><G97/><T127/><D127/><U67/><E67/><AGARI ba="1,0" hai="20,23,37,42,46,58,62,67,88,94,96,98,100,106" machi="67" ten="30,3900,0" yaku="7,1,52,1,54,1" doraHai="112,91" who="3" fromWho="1" sc="140,0,240,-42,295,0,325,42" /><INIT seed="3,0,0,3,1,91" ten="140,198,295,367" oya="3" hai0="5,35,1,60,123,98,92,80,135,31,103,104,41" hai1="71,4,50,83,15,2,115,68,95,76,7,99,53" hai2="84,122,125,42,131,28,8,69,119,106,74,27,34" hai3="112,29,82,30,26,72,111,6,33,86,93,101,132"/><W9/><G112/><T128/><D123/><U126/><E115/><V77/><F84/><W107/><G132/><T105/><D135/><U16/><E2/><V18/><F122/><W46/><G111/><T14/><D1/><U54/><E126/><V67/><F119/><W75/><G30/><T44/><D128/><U57/><E71/><V90/><F131/><W81/><G107/><T79/><D60/><U94/><E68/><V110/><F110/><W61/><G61/><T88/><D35/><U3/><E3/><V55/><F125/><W58/><G58/><T43/><D31/><U108/><E54/><V11/><F106/><W32/><G46/><T116/><D116/><U40/><E40/><V96/><F42/><W52/><G52/><T114/><D114/><U56/><E56/><V127/><F55/><W48/><G48/><T21/><D44/><U13/><E13/><V118/><F127/><W45/><G45/><T0/><D0/><U65/><E65/><V23/><F118/><W78/><G81/><T100/><D105/><U124/><E124/><V66/><F77/><W97/><G33/><T20/><D43/><U49/><E49/><V19/><F74/><W24/><G75/><N who="0" m="43135" /><D41/><U85/><E108/><V121/><F121/><W63/><G72/><T47/><D47/><U73/><E73/><V89/><F19/><W37/><G37/><T117/><D117/><U62/><E16/><V87/><F67/><W59/><G29/><T12/><D103/><U25/><E53/><V17/><F66/><W133/><G133/><T120/><D120/><U39/><E39/><RYUUKYOKU ba="0,0" sc="140,0,198,0,295,0,367,0" owari="140,-36.0,198,-20.2,295,9.5,367,46.7" /></mjloggm>