<mjloggm ver="2.3"><GO type="225" lobby="0"/><UN n0="%72%61%6B%33" n1="%66%67%67%68%68%64%66" n2="%73%6C%69%63%6B%33%31%39" n3="%E6%9A%87%E4%BA%BA%EF%BC%A0%E9%85%8D%E4%BF%A1%E5%9E%A2" dan="16,16,16,17" rate="2048.49,2057.49,2125.58,2206.73" sx="M,M,M,M"/><TAIKYOKU oya="0"/><INIT seed="0,0,0,5,4,36" ten="250,250,250,250" oya="0" hai0="9,84,78,104,69,115,3,106,77,29,44,128,109" hai1="10,107,101,135,53,96,65,23,26,123,105,102,113" hai2="108,64,24,75,48,87,133,49,15,55,50,1,60" hai3="134,100,25,45,121,116,61,93,62,122,32,86,98"/><T52/><D115/><U43/><E113/><V89/><F1/><W94/><G116/><T2/><D69/><U39/><E123/><N who="3" m="47114" /><G134/><T51/><D128/><U12/><E135/><V19/><F75/><W76/><G45/><T0/><D109/><U70/><E65/><V7/><F133/><W117/><G117/><T97/><D29/><U56/><E70/><V103/><F103/><W46/><G46/><T63/><D9/><U38/><E43/><V18/><F108/><W132/><G132/><T41/><D97/><U130/><E130/><V21/><F7/><W124/><G124/><T20/><D20/><U66/><E66/><V8/><F60/><N who="3" m="23147" /><G76/><T95/><D78/><U99/><E56/><V73/><F64/><W125/><G125/><T30/><D30/><U112/><E53/><V14/><F73/><W67/><G67/><T81/><REACH who="0" step="1"/><D95/><REACH who="0" ten="240,250,250,250" step="2"/><U80/><E112/><V126/><F126/><W58/><G93/><T33/><D33/><U119/><E119/><V92/><REACH who="2" step="1"/><F24/><REACH who="2" ten="240,250,240,250" step="2"/><W34/><G25/><T110/><D110/><U42/><E26/><V82/><F82/><W6/><G6/><T40/><D40/><U90/><E42/><V74/><F74/><W129/><G129/><T131/><D131/><U83/><E80/><V85/><F85/><W17/><G86/><T4/><D4/><U35/><E83/><V68/><F68/><W27/><G27/><T127/><D127/><U5/><E5/><V111/><F111/><W57/><G17/><T71/><D71/><U118/><E118/><V88/><F88/><W79/><G79/><T120/><D120/><RYUUKYOKU ba="0,2" sc="240,10,250,-30,240,10,250,10" hai0="0,2,3,41,44,51,52,63,77,81,84,104,106" hai2="8,14,15,18,19,21,48,49,50,55,87,89,92" hai3="32,34,57,58,94,98,100" /><INIT seed="0,1,2,1,0,95" ten="250,220,250,260" oya="0" hai0="17,32,76,84,28,119,109,12,63,100,108,49,15" hai1="111,98,60,114,45,0,53,30,67,123,101,35,61" hai2="59,3,33,94,124,11,2,134,43,118,90,26,80" hai3="52,86,4,40,55,128,120,1,36,7,57,39,82"/><T81/><D119/><U113/><E123/><V13/><F118/><W104/><G120/><T133/><D133/><U44/><E0/><V31/><F134/><W130/><G104/><T58/><D49/><U105/><E111/><N who="0" m="42569" /><D17/><U9/><E9/><V93/><F124/><W112/><G112/><N who="1" m="43114" /><E53/><N who="3" m="20554" /><G57/><T10/><D10/><U22/><E22/><V71/><F71/><W121/><G121/><T18/><D18/><U6/><E6/><N who="3" m="2090" /><G40/><T68/><D68/><N who="1" m="42087" /><E61/><V102/><F2/><W62/><G62/><T131/><D131/><N who="3" m="50217" /><G1/><T132/><D132/><U47/><E45/><V29/><F3/><W99/><G99/><T126/><D126/><U34/><E34/><V65/><F33/><W107/><G107/><T72/><D63/><U116/><E116/><V97/><F97/><W50/><G50/><T20/><D32/><U73/><E73/><V127/><F43/><W125/><G125/><T129/><D129/><U78/><E78/><AGARI ba="1,2" hai="36,39,78,82,86" m="50217,2090,20554" machi="78" ten="30,2000,0" yaku="19,1,54,1" doraHai="95" who="3" fromWho="1" sc="250,0,220,-23,250,0,260,43" /><INIT seed="1,0,0,5,2,26" ten="250,197,250,303" oya="1" hai0="74,68,50,63,61,60,95,70,17,62,20,77,71" hai1="120,56,49,118,104,6,105,121,65,59,51,132,94" hai2="80,116,88,43,75,9,34,1,30,126,10,123,40" hai3="98,135,119,72,48,24,18,109,16,96,2,86,55"/><U134/><E6/><V53/><F116/><W47/><G72/><T66/><D74/><U114/><E94/><V91/><F123/><N who="1" m="47177" /><E118/><V84/><F126/><W79/><G119/><T85/><D50/><N who="1" m="18955" /><E114/><V111/><F111/><W31/><G2/><T122/><D122/><U29/><E65/><V128/><F53/><W129/><G109/><T108/><D108/><U117/><E117/><V93/><F1/><W28/><G129/><T19/><D19/><N who="3" m="7209" /><G135/><N who="1" m="51754" /><E29/><N who="3" m="11338" /><G24/><T81/><REACH who="0" step="1"/><D95/><REACH who="0" ten="240,197,250,303" step="2"/><U35/><E35/><V83/><F93/><W73/><G73/><T124/><D124/><U44/><E44/><V97/><F75/><W4/><G4/><T113/><D113/><U23/><E23/><V127/><F34/><W21/><G21/><T5/><D5/><U45/><E45/><V100/><F127/><W12/><G12/><AGARI ba="0,1" hai="12,17,20,60,61,62,63,66,68,70,71,77,81,85" machi="12" ten="40,1300,0" yaku="1,1,53,0" doraHai="26" doraHaiUra="22" who="0" fromWho="3" sc="240,23,197,0,250,0,303,-13" /><INIT seed="2,0,0,1,5,20" ten="263,197,250,290" oya="2" hai0="99,119,93,47,54,31,71,3,42,131,90,67,33" hai1="46,112,50,27,36,48,130,52,105,15,2,23,5" hai2="121,12,13,6,32,102,19,86,82,89,57,98,134" hai3="43,7,65,111,45,120,79,128,73,108,81,53,113"/><V58/><F134/><W97/><G120/><T100/><D3/><U109/><E112/><V49/><F121/><W135/><G113/><T126/><D131/><U62/><E130/><V114/><F32/><W127/><G128/><T85/><D126/><U9/><E105/><V88/><F114/><W63/><G127/><T10/><D10/><U92/><E109/><V69/><F69/><W8/><G97/><T91/><D119/><U115/><E115/><V22/><F89/><W56/><G135/><T35/><D54/><U123/><E123/><V60/><F49/><W29/><G53/><T37/><D91/><U96/><E36/><V0/><F0/><N who="3" m="103" /><G29/><T78/><D78/><U40/><E62/><V68/><F68/><W125/><G125/><T94/><D31/><N who="1" m="17919" /><E2/><V38/><F38/><AGARI ba="0,0" hai="38,43,45,56,63,65,73,79,81,108,111" m="103" machi="38" ten="30,1000,0" yaku="25,1" doraHai="20" who="3" fromWho="2" sc="263,0,197,0,250,-10,290,10" /><INIT seed="3,0,0,1,5,55" ten="263,197,240,300" oya="3" hai0="123,101,22,57,125,2,27,91,110,8,56,133,122" hai1="83,90,114,89,50,82,111,6,28,26,120,36,113" hai2="60,76,37,63,31,53,25,119,30,1,135,130,81" hai3="16,98,126,39,68,124,43,109,33,73,52,0,15"/><W115/><G115/><T24/><D101/><U116/><E36/><V118/><F1/><W69/><G0/><T21/><D91/><U95/><E6/><V12/><F37/><W7/><G33/><T64/><D64/><U121/><E50/><V35/><F130/><W10/><G73/><T67/><D67/><U93/><E26/><V99/><F135/><W44/><G109/><T85/><D85/><U45/><E45/><V97/><F12/><N who="3" m="5215" /><G52/><T132/><D2/><U94/><E28/><V38/><F38/><W105/><G98/><T92/><D8/><U41/><E41/><V134/><F134/><N who="0" m="51818" /><D92/><U71/><E71/><V128/><F128/><W117/><G105/><T102/><D102/><U42/><E42/><V107/><F107/><W129/><G117/><T104/><D104/><U59/><E59/><N who="0" m="22601" /><D125/><N who="3" m="48233" /><G129/><T48/><D48/><U34/><E34/><V87/><F35/><W49/><G39/><T74/><D74/><U29/><E29/><V72/><F30/><W47/><G47/><T18/><D110/><U14/><E14/><V9/><F118/><W61/><G61/><T79/><D79/><U5/><E5/><V32/><F60/><W66/><G66/><T84/><D84/><U86/><E111/><V65/><F119/><W112/><G112/><N who="1" m="43114" /><E116/><V58/><F65/><W51/><G51/><T46/><D46/><U96/><E96/><N who="2" m="36939" /><F9/><AGARI ba="0,0" hai="9,15,16,43,44,49,68,69" m="48233,5215" machi="9" ten="30,2900,0" yaku="18,1,54,1" doraHai="55" who="3" fromWho="2" sc="263,0,197,0,240,-29,300,29" owari="263,6.3,197,-30.3,211,-18.9,329,42.9" /></mjloggm>