<mjloggm ver="2.3"><GO type="225" lobby="0"/><UN n0="%E6%B1%9D%E6%9C%89%E4%BD%95%E7%96%91" n1="%6E%69%63%6F%6E%74%6F" n2="%E3%81%8F%E3%81%BE%E3%81%96%E3%82%8F" n3="%E3%81%86%E3%82%8B%E3%81%8A%E3%81%A1%E3%82%83" dan="16,17,16,16" rate="2109.27,2170.82,2071.74,2100.17" sx="M,M,M,F"/><TAIKYOKU oya="0"/><INIT seed="0,0,0,1,3,71" ten="250,250,250,250" oya="0" hai0="26,104,72,22,91,56,43,6,118,15,23,109,86" hai1="44,97,39,78,2,32,112,126,80,64,45,27,106" hai2="82,133,101,55,93,49,85,61,89,3,70,66,42" hai3="54,95,96,4,69,68,67,11,50,13,114,9,65"/><T52/><D118/><U8/><E126/><V10/><F133/><W18/><G114/><T123/><D72/><N who="1" m="43079" /><E45/><V40/><F101/><W24/><G69/><T12/><D104/><U60/><E112/><V17/><F93/><W41/><G41/><T28/><D123/><U75/><E75/><V103/><F103/><W115/><G68/><T20/><D109/><U111/><E111/><V34/><F34/><W79/><G79/><T25/><D43/><N who="1" m="22655" /><E60/><V135/><F135/><W132/><G115/><T46/><D46/><U14/><E14/><N who="0" m="5161" /><D6/><N who="1" m="1111" /><E64/><V37/><F17/><W119/><G132/><T81/><D28/><N who="1" m="19487" /><E97/><V57/><F42/><W63/><G119/><T108/><D108/><U120/><E120/><V84/><F84/><W77/><G77/><T127/><D127/><U58/><E58/><V113/><F113/><W110/><G63/><AGARI ba="0,0" hai="20,22,23,25,26,52,56,63,81,86,91" m="5161" machi="63" ten="30,2900,0" yaku="8,1,54,1" doraHai="71" who="0" fromWho="3" sc="250,29,250,0,250,0,250,-29" /><INIT seed="0,1,0,4,1,70" ten="279,250,250,221" oya="0" hai0="31,110,97,34,43,6,84,108,80,33,107,119,113" hai1="22,100,37,92,102,90,67,52,86,39,83,13,115" hai2="66,4,87,57,23,26,44,8,63,49,56,82,123" hai3="42,10,5,59,74,24,131,51,30,98,69,106,1"/><T32/><D113/><U65/><E115/><V79/><F123/><W54/><G131/><T60/><D119/><U15/><E65/><V62/><F62/><W16/><G69/><T41/><D31/><U18/><E67/><V29/><F63/><W111/><G111/><N who="0" m="42539" /><D6/><U7/><E52/><V132/><F132/><W91/><G74/><T116/><D60/><U36/><REACH who="1" step="1"/><E83/><REACH who="1" ten="279,240,250,221" step="2"/><V95/><F66/><W68/><G68/><T125/><D116/><U55/><E55/><V104/><F95/><W81/><G81/><T25/><D125/><U9/><AGARI ba="1,1" hai="7,9,13,15,18,22,36,37,39,86,90,92,100,102" machi="9" ten="40,12000,2" yaku="1,1,0,1,52,3,53,1" doraHai="70" doraHaiUra="12" who="1" fromWho="1" sc="279,-61,240,133,250,-31,221,-31" /><INIT seed="1,0,0,3,5,93" ten="218,373,219,190" oya="1" hai0="82,101,79,39,126,15,52,12,44,127,66,0,135" hai1="51,30,131,107,90,33,123,124,35,94,60,40,13" hai2="62,114,83,50,45,43,29,41,112,99,113,34,63" hai3="117,85,89,76,55,104,5,68,1,84,120,130,111"/><U2/><E2/><V16/><F34/><W18/><G68/><T46/><D0/><U48/><E123/><V70/><F29/><W8/><G120/><T80/><D66/><U72/><E72/><V75/><F43/><W57/><G111/><T74/><D135/><U61/><E131/><V134/><F134/><W71/><G71/><T28/><D28/><U65/><E107/><V38/><F70/><W58/><G130/><T49/><D101/><U115/><E124/><N who="0" m="47657" /><D80/><U133/><E133/><V78/><F38/><W106/><G117/><T6/><D6/><U102/><E102/><V9/><F99/><W37/><G37/><T25/><D25/><U42/><E115/><V73/><F75/><W96/><G18/><T92/><D92/><U103/><E103/><V32/><F32/><W132/><G132/><T77/><D79/><U17/><E30/><V116/><F116/><W24/><G24/><T7/><D7/><U10/><E35/><V67/><F67/><W122/><G122/><T56/><D46/><N who="1" m="25671" /><E33/><V47/><F45/><W11/><G104/><T125/><N who="0" m="47665" /><T87/><DORA hai="100" /><D74/><U59/><E65/><V119/><F119/><W20/><G106/><T95/><D95/><U22/><E59/><V19/><F19/><W26/><G58/><T4/><D4/><U98/><E17/><V97/><F97/><W53/><G96/><T105/><D105/><U81/><E98/><V109/><F16/><N who="3" m="12551" /><G57/><T91/><D77/><U121/><E121/><V23/><F23/><W54/><G76/><T88/><D91/><U64/><E90/><V31/><F113/><RYUUKYOKU ba="0,0" sc="218,30,373,-10,219,-10,190,-10" hai0="12,15,39,44,49,52,56,82,87,88" /><INIT seed="2,1,0,5,5,53" ten="248,363,209,180" oya="2" hai0="64,58,112,10,36,26,59,9,127,86,75,28,48" hai1="120,38,21,65,7,27,90,24,37,81,39,102,118" hai2="108,57,130,74,68,87,78,115,93,84,33,100,111" hai3="52,49,42,2,128,132,76,126,54,105,43,98,119"/><V83/><F115/><W88/><G119/><T122/><D75/><U23/><E118/><V62/><F33/><W45/><G2/><T8/><D36/><U123/><E102/><V12/><F68/><W80/><G126/><T17/><D112/><U34/><E65/><V85/><F130/><W92/><G128/><T67/><D122/><N who="1" m="46635" /><E7/><V29/><F29/><W14/><G132/><T18/><D127/><U113/><E113/><V129/><F129/><W16/><G105/><T133/><D133/><U46/><E46/><V114/><F114/><W15/><G54/><N who="0" m="32071" /><D86/><N who="1" m="50511" /><E34/><V31/><F31/><W6/><G14/><T60/><D64/><U82/><E82/><V44/><F12/><W69/><G6/><T35/><D35/><U135/><E135/><V22/><F44/><W109/><G109/><N who="2" m="42057" /><F22/><AGARI ba="1,0" hai="21,22,23,24,27,37,38,39" m="50511,46635" machi="22" ten="40,1300,0" yaku="13,1" doraHai="53" who="1" fromWho="2" sc="248,0,363,16,209,-16,180,0" /><INIT seed="3,0,0,3,3,72" ten="248,379,193,180" oya="3" hai0="43,111,87,127,80,11,104,94,105,32,22,61,15" hai1="36,128,56,54,63,66,97,24,131,16,81,42,12" hai2="124,13,107,10,50,99,109,68,47,29,53,57,118" hai3="125,133,93,83,21,85,101,19,5,115,6,121,114"/><W70/><G121/><T135/><D32/><U75/><E36/><V4/><F118/><W35/><G35/><T30/><D111/><U2/><E42/><V1/><F109/><W55/><G70/><T126/><D135/><U69/><E2/><V134/><F134/><W73/><G133/><T62/><D43/><U0/><E0/><V117/><F117/><W33/><G33/><T98/><D104/><U20/><E97/><V67/><F124/><W25/><G125/><N who="0" m="47627" /><D22/><U60/><E75/><V23/><F68/><W108/><G108/><T92/><D30/><U132/><E81/><V112/><F112/><W74/><G74/><T82/><D105/><U110/><E110/><V18/><F29/><W3/><G73/><T7/><D80/><U129/><E132/><V84/><F107/><W45/><G114/><T100/><D92/><U65/><E65/><V40/><F67/><W17/><G115/><T95/><D94/><U120/><E120/><V79/><F99/><N who="3" m="59631" /><G3/><T106/><D106/><U71/><E71/><V96/><F96/><W48/><G19/><T123/><D123/><U88/><E88/><AGARI ba="0,0" hai="5,6,17,21,25,45,48,55,83,85,88" m="59631" machi="88" ten="30,2900,0" yaku="8,1,54,1" doraHai="72" who="3" fromWho="1" sc="248,0,379,-29,193,0,180,29" /><AGARI ba="0,0" hai="7,11,15,61,62,82,87,88,95,98,100" m="47627" machi="88" ten="30,2000,0" yaku="18,1,54,1" doraHai="72" who="0" fromWho="1" sc="248,20,350,-20,193,0,209,0" /><INIT seed="3,1,0,2,2,73" ten="268,330,193,209" oya="3" hai0="7,45,11,26,70,57,31,130,37,46,119,75,96" hai1="78,104,129,124,79,122,65,127,17,43,123,126,111" hai2="66,14,117,69,1,9,99,12,28,3,54,134,0" hai3="132,107,120,62,84,91,42,13,67,97,82,4,35"/><W77/><G120/><N who="1" m="46122" /><E111/><V23/><F69/><W133/><G35/><T90/><D119/><U76/><E129/><V98/><F66/><W20/><G42/><T63/><D70/><U74/><E74/><V85/><BYE who="1" /><F117/><W87/><G107/><T95/><D75/><U94/><E94/><V56/><F134/><N who="3" m="51819" /><G97/><T2/><D37/><U105/><E105/><V64/><F64/><W59/><G4/><T102/><D90/><U72/><E72/><V48/><F85/><N who="3" m="48335" /><G91/><UN n1="%6E%69%63%6F%6E%74%6F" /><T10/><D10/><U49/><E104/><V81/><F81/><W83/><G83/><T34/><D130/><U55/><E65/><AGARI ba="1,0" hai="2,7,11,26,31,34,45,46,57,63,65,95,96,102" machi="65" ten="30,1000,0" yaku="7,1" doraHai="73" who="0" fromWho="1" sc="268,13,330,-13,193,0,209,0" owari="281,8.1,317,41.7,193,-30.7,209,-19.1" /></mjloggm>