<mjloggm ver="2.3"><GO type="225" lobby="0"/><UN n0="%E3%81%AF%E3%82%88%E3%81%8A%E3%81%98%E3%81%95%E3%82%93" n1="%6D%75%75%6D%75%72%61" n2="%E5%A4%96%E5%B7%9D%E7%AB%9C%E6%88%90" n3="%E3%82%B7%E3%83%B3%E5%A4%AA%E6%9C%97" dan="17,17,16,16" rate="2155.79,2179.69,2163.28,2142.39" sx="M,F,M,M"/><TAIKYOKU oya="0"/><INIT seed="0,0,0,0,5,124" ten="250,250,250,250" oya="0" hai0="44,27,127,37,62,135,73,34,78,132,68,63,54" hai1="60,51,131,81,79,18,113,15,116,26,12,57,43" hai2="17,20,50,2,121,119,46,111,10,103,16,56,23" hai3="83,61,93,89,107,123,30,76,47,109,106,67,86"/><T33/><D127/><U29/><E116/><V102/><F121/><W21/><G109/><T71/><D78/><U87/><E113/><V112/><F112/><W88/><G123/><T85/><D85/><U24/><E131/><V41/><F111/><W40/><G30/><T25/><D44/><N who="1" m="26015" /><E29/><V95/><F56/><W118/><G21/><T59/><D59/><U32/><E32/><V48/><F10/><W5/><G5/><T128/><D54/><N who="1" m="33847" /><E15/><V28/><F2/><W39/><G118/><T65/><D65/><U3/><E3/><V13/><F28/><W122/><G122/><T91/><D91/><U134/><E134/><V99/><F119/><W69/><REACH who="3" step="1"/><G89/><REACH who="3" ten="250,250,250,240" step="2"/><T7/><D7/><U52/><E52/><V94/><F23/><AGARI ba="0,1" hai="12,18,23,24,26,79,81,87" m="33847,26015" machi="23" ten="30,1000,0" yaku="8,1" doraHai="124" who="1" fromWho="2" sc="250,0,250,20,250,-10,240,0" /><INIT seed="1,0,0,5,5,131" ten="250,270,240,240" oya="1" hai0="36,19,89,53,121,65,113,11,114,72,129,64,33" hai1="102,45,26,108,79,73,104,21,134,44,59,119,56" hai2="67,51,66,97,95,125,61,78,23,22,122,41,12" hai3="48,88,70,130,34,105,4,76,116,60,92,123,100"/><U25/><E119/><V13/><F122/><W58/><G116/><T133/><D72/><U52/><E108/><V29/><F125/><W124/><G123/><T126/><D121/><U117/><E117/><V68/><F78/><W96/><G124/><T57/><D126/><U14/><E134/><V118/><F118/><W111/><G130/><T77/><D77/><U106/><E73/><V91/><F67/><W24/><G111/><T80/><D36/><U46/><E79/><V8/><F29/><W27/><G4/><T32/><D129/><U38/><E38/><V28/><F28/><W49/><G76/><T90/><D11/><U0/><E0/><V6/><REACH who="2" step="1"/><F13/><REACH who="2" ten="250,270,230,240" step="2"/><W135/><G135/><T3/><D133/><U31/><E14/><V85/><F85/><W82/><G24/><T5/><D3/><U17/><E26/><V120/><F120/><W7/><G27/><T50/><D64/><U47/><E31/><V1/><F1/><W86/><G34/><T63/><D32/><U99/><REACH who="1" step="1"/><E104/><REACH who="1" ten="250,260,230,240" step="2"/><V128/><F128/><W10/><G105/><T71/><D33/><U107/><E107/><V94/><F94/><W39/><G39/><T54/><D80/><U115/><E115/><V35/><F35/><W83/><G83/><T87/><D114/><U69/><E69/><V43/><F43/><W132/><G70/><T112/><D112/><U18/><E18/><V55/><F55/><N who="0" m="21002" /><D19/><U40/><E40/><V81/><F81/><W110/><G132/><T9/><D71/><U93/><E93/><V101/><F101/><W2/><G110/><T37/><D113/><RYUUKYOKU ba="0,2" sc="250,-30,260,10,230,10,240,10" hai1="17,21,25,44,45,46,47,52,56,59,99,102,106" hai2="6,8,12,22,23,41,51,61,66,68,91,95,97" hai3="2,7,10,48,49,58,60,82,86,88,92,96,100" /><INIT seed="1,1,2,5,3,128" ten="220,270,240,250" oya="1" hai0="34,26,119,108,6,41,55,76,11,97,82,124,107" hai1="106,118,99,48,0,62,112,22,80,31,37,40,81" hai2="12,20,63,58,16,77,74,122,49,73,101,19,29" hai3="130,42,24,18,8,69,110,114,90,84,125,32,21"/><U36/><E112/><V1/><F122/><W2/><G114/><T53/><D119/><U103/><E118/><V115/><F115/><W113/><G113/><T60/><D108/><U9/><E62/><V14/><F1/><W126/><G110/><T133/><D124/><N who="3" m="47721" /><G130/><T105/><D41/><U127/><E127/><V61/><F29/><W100/><G100/><T109/><D109/><U46/><E31/><V4/><F4/><N who="3" m="1047" /><G69/><T57/><D133/><U87/><E22/><V95/><F49/><W7/><G42/><T88/><D53/><U10/><E81/><V33/><F33/><W3/><G32/><T52/><D55/><U116/><E116/><V28/><F28/><W123/><G123/><T56/><D56/><U64/><E64/><V39/><F39/><W98/><G98/><T120/><D26/><U47/><E0/><V104/><F58/><W134/><G134/><T89/><D34/><U93/><E106/><V27/><F104/><W132/><G132/><T45/><D45/><U72/><E37/><V17/><F61/><W75/><G75/><T131/><D131/><U111/><E72/><V91/><F63/><W5/><G3/><N who="0" m="479" /><D120/><U92/><E111/><V70/><F70/><W79/><G79/><T50/><D60/><U117/><E117/><V96/><F77/><W30/><G30/><T67/><D67/><U51/><E36/><V66/><F73/><W38/><G38/><T35/><D35/><U83/><E40/><V43/><F74/><W86/><G86/><N who="0" m="48455" /><D107/><U54/><E47/><V25/><F43/><W102/><G102/><T59/><D59/><RYUUKYOKU ba="1,2" sc="220,15,270,-15,240,-15,250,15" hai0="50,52,57,88,89,97,105" hai3="5,7,18,21,24,84,90" /><INIT seed="2,2,2,1,1,69" ten="235,255,225,265" oya="2" hai0="80,58,45,75,27,21,61,116,92,77,33,103,65" hai1="89,2,121,126,43,97,64,91,74,53,117,129,52" hai2="18,4,62,30,98,20,1,22,51,104,100,26,109" hai3="120,37,66,72,113,8,123,6,7,108,50,47,54"/><V102/><F102/><W13/><G108/><T115/><D115/><U94/><E117/><V96/><F96/><W3/><G113/><T79/><D79/><U133/><E2/><V48/><F109/><W131/><G66/><T46/><D33/><U111/><E111/><V67/><F4/><W19/><G131/><T71/><D71/><U118/><E118/><V24/><REACH who="2" step="1"/><F1/><REACH who="2" ten="235,255,215,265" step="2"/><W29/><G123/><T114/><D114/><U81/><E97/><V135/><F135/><W78/><G120/><T44/><D116/><U90/><E133/><V125/><F125/><W60/><G3/><T56/><D103/><U95/><E121/><V105/><F105/><W40/><G6/><T49/><D92/><U112/><E126/><V132/><F132/><W10/><G7/><T82/><D82/><U107/><E112/><V122/><F122/><W12/><G72/><T38/><D38/><U11/><E107/><V0/><F0/><W5/><G5/><T127/><D127/><U57/><E95/><V119/><F119/><W83/><G37/><T36/><D36/><U86/><E94/><V99/><F99/><W70/><G83/><T76/><D80/><U63/><E81/><V28/><F28/><W106/><G29/><N who="0" m="17647" /><D75/><U35/><E74/><V55/><F55/><AGARI ba="2,3" hai="44,45,46,49,55,56,58,61,65,76,77" m="17647" machi="55" ten="30,1000,0" yaku="8,1" doraHai="69" who="0" fromWho="2" sc="235,46,255,0,215,-16,265,0" /><INIT seed="3,0,0,4,2,15" ten="281,255,199,265" oya="3" hai0="102,69,135,94,124,79,30,5,23,22,14,50,57" hai1="37,134,51,131,44,25,109,0,106,81,132,93,53" hai2="74,96,41,4,21,27,16,40,46,2,76,24,128" hai3="13,85,110,78,90,33,98,123,77,45,10,34,82"/><W11/><G123/><T68/><D79/><U111/><E106/><V48/><F128/><W105/><G110/><N who="1" m="41994" /><E0/><V7/><F2/><W133/><G133/><N who="1" m="51306" /><E81/><V100/><F74/><W49/><G10/><T72/><D72/><U64/><E93/><V17/><F76/><W126/><G126/><T130/><D94/><U119/><E25/><V59/><F41/><W71/><G71/><T80/><D68/><U73/><E73/><V19/><F59/><W61/><G61/><T118/><D57/><N who="1" m="32959" /><E131/><V39/><F39/><W55/><G33/><T1/><D80/><U92/><E92/><N who="2" m="58375" /><F27/><W117/><G34/><T62/><D1/><U29/><E29/><AGARI ba="0,0" hai="4,7,16,17,19,21,24,29,40,46,48" m="58375" machi="29" ten="30,8000,1" yaku="8,1,52,3,54,1" doraHai="15" who="2" fromWho="1" sc="281,0,255,-80,199,80,265,0" /><INIT seed="4,0,0,0,0,73" ten="281,175,279,265" oya="0" hai0="58,54,76,3,131,0,7,80,26,128,132,11,19" hai1="64,12,6,21,77,79,62,2,4,44,111,122,99" hai2="28,126,116,94,125,31,1,97,5,110,23,29,105" hai3="92,20,72,118,93,135,22,45,115,53,24,89,43"/><T56/><D0/><U102/><E2/><V83/><F110/><W101/><G118/><T114/><D114/><U63/><E122/><V25/><F116/><W67/><G135/><T8/><D132/><U34/><E34/><V48/><F105/><W66/><G115/><T117/><D117/><U50/><E111/><V41/><F83/><W130/><G130/><N who="0" m="49707" /><D54/><U124/><E124/><N who="2" m="47723" /><F5/><N who="1" m="2153" /><E99/><V59/><F1/><W78/><G53/><T75/><D26/><U46/><E102/><N who="2" m="60727" /><F59/><W123/><G123/><T108/><D108/><U87/><E87/><V104/><F104/><W107/><G107/><T98/><D98/><U47/><E50/><V100/><F100/><W13/><G101/><T96/><D96/><U129/><E129/><V90/><F90/><W65/><G93/><T70/><D70/><U71/><E71/><V36/><F36/><W74/><G72/><T81/><D81/><U86/><E86/><V60/><F60/><N who="1" m="23081" /><E64/><V52/><F52/><W42/><G67/><T51/><D51/><U37/><E37/><V9/><F48/><W10/><G66/><T30/><D30/><N who="2" m="11882" /><F41/><W57/><G65/><T91/><D91/><U95/><E95/><V134/><F134/><W35/><G42/><T69/><D69/><U39/><E39/><V113/><F113/><W109/><G43/><T16/><D19/><AGARI ba="0,0" hai="12,19,21,44,46,47,77,79" m="23081,2153" machi="19" ten="30,3900,0" yaku="8,1,52,2" doraHai="73" who="1" fromWho="0" sc="281,-39,175,39,279,0,265,0" /><INIT seed="5,0,0,0,3,49" ten="242,214,279,265" oya="1" hai0="53,78,111,92,57,30,2,25,115,59,6,64,86" hai1="114,58,130,74,45,121,63,67,84,29,110,112,32" hai2="132,72,62,40,41,99,83,35,44,65,87,105,38" hai3="103,71,106,81,9,43,11,133,18,61,23,116,50"/><U82/><E121/><V124/><F35/><W118/><G133/><T14/><D111/><U123/><E123/><V127/><F41/><W104/><G81/><T10/><D115/><U117/><E117/><N who="3" m="45162" /><G71/><T21/><D64/><U47/><E110/><V36/><F36/><W5/><G61/><T102/><D59/><U3/><E130/><V19/><F19/><W26/><G103/><T51/><D2/><U15/><E3/><V107/><F72/><W55/><G43/><T94/><D102/><U56/><E74/><V90/><F132/><W24/><G24/><T97/><D97/><U119/><E119/><V122/><F99/><W8/><G5/><T128/><D128/><U125/><E125/><N who="2" m="48203" /><F122/><W20/><G23/><T33/><D33/><U77/><E58/><AGARI ba="0,0" hai="38,40,44,58,62,65,83,87,90,105,107" m="48203" machi="58" ten="30,1000,0" yaku="18,1" doraHai="49" who="2" fromWho="1" sc="242,0,214,-10,279,10,265,0" /><AGARI ba="0,0" hai="8,9,11,18,20,26,50,55,58,104,106" m="45162" machi="58" ten="30,2000,0" yaku="12,1,52,1" doraHai="49" who="3" fromWho="1" sc="242,0,204,-20,289,0,265,20" /><INIT seed="6,0,0,0,2,41" ten="242,184,289,285" oya="2" hai0="65,36,56,104,46,75,108,117,116,29,107,58,110" hai1="91,125,23,133,61,120,71,37,45,25,54,94,87" hai2="64,112,123,18,53,51,67,118,131,32,84,39,30" hai3="99,3,132,4,38,122,63,43,44,98,124,2,74"/><V59/><F118/><N who="0" m="45674" /><D75/><U40/><E133/><V42/><F123/><W15/><G122/><T55/><D29/><U16/><E125/><V113/><F131/><W50/><G124/><T70/><D104/><U134/><E134/><V7/><F7/><W102/><G132/><T135/><D107/><U62/><E120/><V47/><F18/><W80/><G63/><N who="0" m="40255" /><D135/><U111/><E111/><N who="0" m="42537" /><D36/><U79/><E71/><V57/><F30/><W34/><G34/><T127/><D127/><U20/><E79/><V69/><F32/><W27/><G38/><T76/><D76/><U115/><E115/><N who="2" m="44107" /><F69/><W105/><G27/><T106/><D106/><U5/><E5/><V49/><F84/><W33/><G33/><T68/><D68/><U93/><E54/><AGARI ba="0,0" hai="39,42,47,49,51,53,54,57,59,64,67" m="44107" machi="54" ten="30,11600,0" yaku="15,1,34,2,52,1" doraHai="41" who="2" fromWho="1" sc="242,0,184,-116,289,116,285,0" owari="242,-15.8,68,-43.2,405,50.5,285,8.5" /></mjloggm>