<mjloggm ver="2.3"><GO type="225" lobby="0"/><UN n0="%E3%81%A9%E3%82%93%E3%82%88%E3%81%8F%4D%6B%2E%32" n1="%E3%80%93%E3%81%97%E3%83%BC%E3%82%89%E3%80%93" n2="%E3%83%81%E3%83%AF%E3%83%AF%E9%9A%8A%E9%95%B7" n3="%E7%94%9F%E5%BE%92%E4%BC%9A%E3%80%90%E5%BA%8F%E3%80%91" dan="16,16,17,16" rate="2161.94,2157.98,2227.08,2175.55" sx="M,M,M,M"/><TAIKYOKU oya="0"/><INIT seed="0,0,0,2,2,64" ten="250,250,250,250" oya="0" hai0="0,133,65,88,119,40,124,24,52,2,83,34,21" hai1="104,98,13,23,100,69,18,28,128,123,58,53,105" hai2="39,103,129,4,22,115,92,57,17,78,42,32,126" hai3="29,76,45,60,56,82,72,71,62,109,1,116,75"/><T86/><D119/><U38/><E123/><V33/><F115/><W80/><G116/><T8/><D40/><U111/><E111/><V63/><F126/><W118/><G118/><T36/><D36/><U41/><E128/><V81/><F129/><W44/><G1/><T11/><D34/><U47/><E28/><V89/><F4/><W95/><G109/><T46/><D124/><U79/><E79/><V54/><F103/><W30/><G76/><T15/><D133/><U102/><E69/><V9/><F9/><W107/><G95/><T31/><D65/><U110/><E110/><V87/><F42/><W108/><G108/><T50/><D11/><U93/><REACH who="1" step="1"/><E102/><REACH who="1" ten="250,240,250,250" step="2"/><V51/><F39/><W131/><G131/><T91/><REACH who="0" step="1"/><D91/><REACH who="0" ten="240,240,250,250" step="2"/><U117/><E117/><V12/><REACH who="2" step="1"/><F63/><AGARI ba="0,2" hai="13,18,23,38,41,47,53,58,63,93,98,100,104,105" machi="63" ten="30,2000,0" yaku="1,1,7,1,53,0" doraHai="64" doraHaiUra="27" who="1" fromWho="2" sc="240,0,240,40,250,-20,250,0" /><INIT seed="1,0,0,4,4,17" ten="240,280,230,250" oya="1" hai0="31,2,134,79,78,69,5,83,11,97,81,125,1" hai1="32,106,73,120,7,13,40,75,116,10,52,51,127" hai2="4,112,67,43,90,74,0,37,34,91,121,42,114" hai3="95,15,103,71,100,129,122,66,54,88,16,14,6"/><U131/><E116/><V25/><F121/><W35/><G35/><T65/><D125/><U111/><E120/><V105/><F105/><W50/><G122/><T3/><D134/><U44/><E127/><V84/><F74/><W24/><G129/><T93/><D31/><U49/><E131/><V92/><F67/><W58/><G71/><T47/><D47/><U126/><E126/><V55/><F37/><W107/><G107/><T19/><D69/><U21/><E32/><V123/><F123/><W76/><G76/><T124/><D65/><U108/><E106/><V38/><F38/><W45/><G24/><T101/><D124/><U8/><E8/><N who="2" m="2055" /><F55/><W102/><G6/><T60/><D60/><U18/><E108/><V23/><F34/><W59/><G14/><T133/><D133/><U61/><E61/><V85/><F91/><W135/><G66/><T77/><D19/><U87/><E87/><V128/><F84/><N who="3" m="52615" /><G135/><T94/><REACH who="0" step="1"/><D94/><REACH who="0" ten="230,280,230,250" step="2"/><U46/><REACH who="1" step="1"/><E111/><REACH who="1" ten="230,270,230,250" step="2"/><V110/><F110/><W56/><G45/><T130/><D130/><U26/><AGARI ba="0,2" hai="7,10,13,18,21,26,40,44,46,49,51,52,73,75" machi="26" ten="20,18000,2" yaku="1,1,2,1,0,1,7,1,52,1,54,1,53,0" doraHai="17" doraHaiUra="89" who="1" fromWho="1" sc="230,-60,270,200,230,-60,250,-60" /><INIT seed="1,1,0,1,3,105" ten="170,470,170,190" oya="1" hai0="77,90,74,39,21,115,18,40,34,0,36,83,92" hai1="93,111,33,71,35,26,11,128,116,118,44,109,88" hai2="51,85,75,67,99,119,100,70,57,80,17,91,127" hai3="122,65,84,69,8,96,28,56,126,55,102,9,4"/><U72/><E71/><V59/><F119/><N who="1" m="45609" /><E72/><V64/><F127/><W124/><G122/><T38/><D115/><U54/><E128/><V68/><F68/><W103/><G28/><T14/><D34/><U15/><E54/><V134/><F134/><W112/><G112/><T113/><D113/><U63/><E63/><V106/><F70/><W98/><G69/><T132/><D0/><U32/><E44/><V24/><F75/><W81/><G65/><T42/><REACH who="0" step="1"/><D132/><REACH who="0" ten="160,470,170,190" step="2"/><U1/><E1/><V121/><F121/><W10/><G126/><T12/><D12/><U50/><E35/><V114/><F114/><W53/><G124/><T94/><D94/><U95/><E93/><V125/><F125/><W5/><G5/><T47/><D47/><U43/><E33/><V27/><F106/><W45/><G4/><T60/><D60/><U86/><E15/><V13/><F13/><W37/><G45/><T7/><D7/><U48/><E32/><V19/><F27/><W131/><G131/><T110/><D110/><U76/><E26/><V6/><F24/><W62/><G62/><T58/><D58/><U130/><E111/><V82/><F6/><W49/><G56/><T52/><D52/><U46/><E109/><V41/><F59/><N who="3" m="33199" /><G55/><T61/><D61/><U25/><E130/><V20/><F64/><W135/><G135/><T97/><AGARI ba="1,1" hai="14,18,21,36,38,39,40,42,74,77,83,90,92,97" machi="97" ten="30,4000,0" yaku="1,1,0,1,52,1,53,0" doraHai="105" doraHaiUra="117" who="0" fromWho="0" sc="160,53,470,-21,170,-11,190,-11" /><INIT seed="2,0,0,5,1,51" ten="213,449,159,179" oya="2" hai0="57,86,81,3,92,63,90,75,6,82,135,24,17" hai1="45,21,32,54,102,123,107,0,128,73,80,46,133" hai2="115,95,106,129,8,70,62,83,33,60,109,113,124" hai3="126,23,66,117,94,68,56,72,19,71,84,37,79"/><V50/><F106/><W134/><G117/><T87/><D135/><U104/><E32/><V22/><F33/><W120/><G120/><T14/><D75/><U16/><E0/><V110/><F124/><W85/><G126/><T125/><D125/><U58/><E123/><V69/><F129/><W44/><G72/><T10/><D24/><U122/><E122/><V26/><F83/><W99/><G134/><T114/><D114/><N who="2" m="43530" /><F8/><W12/><G71/><N who="2" m="27145" /><F95/><W15/><G68/><T40/><D40/><U89/><E128/><V131/><F131/><W28/><G28/><T93/><D3/><U119/><E133/><V67/><F67/><W31/><G31/><T4/><D93/><U116/><E107/><V91/><F91/><W11/><G79/><N who="0" m="46399" /><D92/><U39/><E104/><V130/><F130/><W103/><G15/><T43/><D43/><U111/><E89/><V25/><F22/><W108/><G23/><T48/><D48/><U61/><E21/><V112/><F112/><W76/><G76/><T1/><D1/><U36/><E80/><V105/><F105/><W13/><G94/><T64/><AGARI ba="0,0" hai="4,6,10,14,17,57,63,64,82,87,90" m="46399" machi="64" ten="30,1100,0" yaku="8,1" doraHai="51" who="0" fromWho="0" sc="213,11,449,-3,159,-5,179,-3" /><INIT seed="3,0,0,4,4,3" ten="224,446,154,176" oya="3" hai0="75,110,56,50,132,12,58,83,21,55,44,98,20" hai1="129,26,72,121,106,107,16,48,37,96,10,127,103" hai2="66,73,71,90,47,52,78,135,123,128,119,30,105" hai3="79,25,60,74,43,77,53,1,116,19,100,115,91"/><W124/><G116/><T45/><D132/><U42/><E37/><V131/><F119/><W18/><G115/><T101/><D110/><U4/><E72/><V57/><F105/><W29/><G1/><T24/><D75/><U62/><E62/><N who="2" m="40407" /><F30/><W64/><G124/><T89/><D58/><U82/><E48/><V85/><F73/><W22/><G74/><T92/><D12/><U126/><E42/><V14/><F135/><W0/><G0/><T93/><D83/><U80/><E107/><V41/><F78/><N who="3" m="29707" /><G43/><T54/><D54/><U86/><E121/><V32/><F32/><W76/><N who="3" m="29715" /><W39/><DORA hai="120" /><G39/><T70/><D70/><U134/><E134/><V117/><F117/><W6/><G6/><T28/><D21/><U95/><E106/><V112/><F123/><W104/><G104/><T13/><D13/><U65/><E4/><V113/><F14/><W40/><G40/><T108/><D108/><U17/><E126/><V99/><F112/><W46/><G100/><T67/><D67/><U88/><E65/><V27/><F113/><W133/><G133/><T84/><AGARI ba="0,0" hai="20,24,28,44,45,50,55,56,84,89,92,93,98,101" machi="84" ten="20,2700,0" yaku="0,1,7,1,8,1" doraHai="3,120" who="0" fromWho="0" sc="224,27,446,-7,154,-7,176,-13" owari="251,5.1,439,53.9,147,-35.3,163,-23.7" /></mjloggm>