<mjloggm ver="2.3"><GO type="225" lobby="0"/><UN n0="%72%69%6F%75%63%68%61%6E" n1="%E4%BF%BA%E3%81%A8%E5%A6%96%E5%A4%A2" n2="%48%61%61%61%6C%61%6E%64" n3="%E3%81%B5%E3%81%98%E3%81%8B%E3%81%A4" dan="17,17,18,16" rate="2234.57,2166.37,2193.01,2108.91" sx="M,F,M,M"/><TAIKYOKU oya="0"/><INIT seed="0,0,0,0,4,75" ten="250,250,250,250" oya="0" hai0="42,111,121,59,61,27,90,100,68,13,3,131,126" hai1="78,20,96,82,115,39,79,87,106,74,128,119,103" hai2="24,12,54,81,107,93,22,86,69,134,36,88,77" hai3="80,65,0,135,117,21,29,58,113,125,67,41,47"/><T16/><D121/><U123/><E123/><V120/><F120/><W26/><G117/><T44/><D3/><U97/><E39/><V52/><F107/><W14/><G113/><T6/><D126/><U11/><E119/><V76/><F69/><W112/><G125/><T101/><D131/><U114/><E11/><V2/><F2/><W50/><G0/><T132/><D132/><U18/><E128/><V89/><F36/><W30/><G135/><T64/><D111/><U55/><E55/><N who="2" m="21035" /><F12/><W98/><G112/><N who="1" m="43050" /><E97/><N who="2" m="57511" /><F134/><W31/><G98/><T19/><D68/><U116/><E116/><V5/><F5/><W127/><G127/><T130/><D130/><U63/><E63/><V122/><F122/><W62/><G67/><T48/><D90/><N who="1" m="51575" /><E74/><V94/><F94/><W91/><REACH who="3" step="1"/><G14/><AGARI ba="0,0" hai="14,18,20,78,79,96,103,106" m="51575,43050" machi="14" ten="30,3900,0" yaku="11,1,52,2" doraHai="75" who="1" fromWho="3" sc="250,0,250,39,250,0,250,-39" /><INIT seed="1,0,0,4,5,5" ten="250,289,250,211" oya="1" hai0="100,72,59,51,112,23,40,85,50,7,49,27,126" hai1="18,97,79,6,10,8,103,61,62,107,81,89,67" hai2="69,17,56,64,84,123,131,113,127,71,0,128,118" hai3="108,91,36,132,65,38,25,106,99,13,54,42,60"/><U53/><E6/><V101/><F0/><W14/><G132/><T48/><D112/><U19/><E53/><V111/><F101/><W30/><G108/><T1/><D72/><U26/><E61/><N who="2" m="37927" /><F118/><W104/><G54/><T125/><D100/><U105/><E105/><V43/><F123/><W2/><G2/><T115/><D115/><U29/><E89/><V31/><F31/><W93/><G13/><T33/><D33/><U16/><E81/><V41/><F113/><W88/><G91/><T28/><D85/><U11/><E79/><V83/><F17/><W102/><G106/><T130/><D130/><N who="2" m="49706" /><F111/><W55/><G14/><T110/><D110/><U44/><E44/><V109/><F109/><W4/><G4/><T68/><D68/><N who="2" m="26186" /><F127/><N who="0" m="48650" /><D59/><U96/><E96/><V70/><N who="2" m="26194" /><V37/><DORA hai="74" /><F37/><W32/><G38/><T95/><D95/><N who="1" m="58815" /><E29/><V120/><F120/><W87/><G36/><T75/><D75/><U63/><E107/><V73/><F73/><W90/><G90/><AGARI ba="0,0" hai="41,43,83,84,90" m="26194,49706,37927" machi="90" ten="40,1300,0" yaku="19,1" doraHai="5,74" who="2" fromWho="3" sc="250,0,289,0,250,13,211,-13" /><INIT seed="2,0,0,4,1,5" ten="250,289,263,198" oya="2" hai0="71,13,1,130,59,6,86,73,92,57,28,122,104" hai1="82,79,72,98,22,109,111,18,99,102,115,88,76" hai2="38,131,83,42,93,67,45,128,90,80,33,52,89" hai3="0,62,117,68,84,56,105,120,134,95,107,70,133"/><V47/><F33/><W2/><G84/><T20/><D122/><U15/><E115/><V127/><F67/><W34/><G95/><T116/><D71/><N who="3" m="27177" /><G56/><T37/><D37/><U101/><E76/><V35/><F35/><W7/><G62/><T91/><D130/><N who="2" m="49706" /><F127/><W21/><G21/><T54/><D116/><U74/><E74/><V129/><N who="2" m="49714" /><V44/><DORA hai="64" /><F89/><W11/><G120/><T27/><D104/><N who="3" m="40009" /><G117/><T23/><D73/><U87/><E101/><V103/><F103/><W32/><G0/><T114/><D114/><U31/><E102/><V124/><F124/><W94/><G94/><T118/><D118/><U113/><E113/><V39/><F52/><W69/><N who="3" m="27185" /><W65/><DORA hai="123" /><G65/><T36/><D36/><N who="2" m="13866" /><F42/><W100/><G100/><T53/><D53/><U30/><E99/><AGARI ba="0,0" hai="44,45,47,80,83,90,93,99" m="13866,49714" machi="99" ten="50,2400,0" yaku="19,1" doraHai="5,64,123" who="2" fromWho="1" sc="250,0,289,-24,263,24,198,0" /><INIT seed="2,1,0,4,0,124" ten="250,265,287,198" oya="2" hai0="96,89,62,82,38,14,5,121,48,92,74,41,3" hai1="99,135,118,129,15,0,87,88,40,112,111,128,59" hai2="68,11,97,19,130,33,109,76,104,69,94,57,105" hai3="100,73,119,134,23,13,60,29,36,12,126,116,2"/><V93/><F33/><W44/><G126/><T47/><D121/><U71/><E0/><V95/><F76/><W85/><G2/><T98/><D14/><U43/><E112/><V101/><F105/><W37/><G73/><T8/><D62/><U45/><E118/><V49/><F109/><W22/><G60/><T131/><D131/><N who="1" m="50251" /><E71/><V91/><F91/><W107/><G107/><T30/><D30/><U133/><E111/><V39/><F39/><W108/><G108/><T102/><D48/><N who="1" m="26663" /><E99/><V46/><F57/><W64/><G29/><T66/><D66/><U117/><E117/><V18/><F130/><W65/><G134/><T53/><D53/><U132/><E59/><V61/><F68/><W123/><G123/><T51/><D51/><U54/><E54/><V122/><F122/><W67/><G67/><T125/><D125/><U6/><E43/><V113/><F113/><W106/><G119/><T7/><D7/><U56/><E56/><V81/><F69/><W25/><G116/><T1/><D3/><U21/><E6/><V16/><F61/><W55/><G55/><T52/><D52/><U114/><E114/><V20/><F97/><W24/><G65/><T10/><D5/><U17/><E132/><V75/><F46/><W28/><G64/><T78/><D1/><U26/><E26/><V103/><F49/><W34/><G44/><T80/><D98/><U4/><E4/><V32/><F101/><W83/><G100/><T63/><D63/><U77/><E77/><V27/><F103/><W115/><G115/><T84/><AGARI ba="1,0" hai="8,10,38,41,47,74,78,80,82,84,89,92,96,102" machi="84" ten="30,1100,0" yaku="0,1" doraHai="124" who="0" fromWho="0" sc="250,14,265,-4,287,-6,198,-4" /><INIT seed="3,0,0,5,3,17" ten="264,261,281,194" oya="3" hai0="69,10,44,23,128,50,79,38,4,20,45,1,16" hai1="83,114,2,86,32,135,37,42,33,116,51,43,22" hai2="101,91,89,92,53,26,25,84,41,19,117,119,94" hai3="52,129,70,40,110,111,47,76,63,74,127,34,15"/><W48/><G34/><T13/><D69/><U12/><E114/><V122/><F122/><W31/><G31/><T102/><D128/><U75/><E75/><V7/><F101/><W8/><G129/><T121/><D121/><U72/><E72/><V97/><F7/><W112/><G112/><T106/><D38/><U5/><E37/><V115/><F115/><W11/><G74/><T57/><D79/><U125/><E135/><V18/><F41/><W29/><G29/><T24/><D57/><U62/><E125/><V104/><F104/><W82/><G127/><T60/><D60/><U39/><E39/><V35/><F53/><W100/><G100/><T98/><D50/><U3/><E62/><V21/><F35/><N who="1" m="13385" /><E43/><V107/><F107/><W6/><G8/><T105/><D106/><U130/><E116/><V108/><F108/><N who="3" m="41515" /><G70/><T96/><D98/><U58/><E130/><V85/><F97/><W77/><G82/><T78/><D78/><N who="1" m="46455" /><E58/><AGARI ba="0,0" hai="6,11,15,40,47,48,52,58,63,76,77" m="41515" machi="58" ten="30,5800,0" yaku="14,1,10,1,54,1" doraHai="17" who="3" fromWho="1" sc="264,0,261,-58,281,0,194,58" /><INIT seed="3,1,0,0,4,111" ten="264,203,281,252" oya="3" hai0="75,90,124,45,115,63,36,12,40,26,19,121,133" hai1="73,23,43,18,128,72,41,119,62,99,15,129,98" hai2="127,68,0,37,77,46,59,9,91,135,52,22,38" hai3="65,14,86,79,51,16,33,130,92,27,112,81,6"/><W131/><G65/><T61/><D124/><U25/><E119/><V89/><F68/><W95/><G112/><T93/><D133/><U10/><E62/><V134/><F77/><W34/><G6/><T120/><D75/><U74/><E43/><N who="2" m="22895" /><F38/><W97/><G51/><T85/><D26/><U113/><E41/><V108/><F22/><N who="3" m="11543" /><G92/><T69/><D115/><U125/><E125/><V83/><F127/><W96/><G27/><T50/><D36/><U13/><E13/><V30/><F0/><W80/><G80/><T1/><D1/><U42/><E42/><V78/><F83/><W118/><G118/><T17/><D17/><U66/><E66/><V24/><F24/><W57/><G57/><T100/><D100/><U116/><E116/><V82/><F59/><W104/><G104/><T109/><D109/><U117/><E113/><V60/><F82/><W48/><G48/><T94/><D94/><U54/><E54/><V32/><F52/><W11/><G11/><T123/><REACH who="0" step="1"/><D69/><REACH who="0" ten="254,203,281,252" step="2"/><U2/><E2/><V31/><F135/><W5/><G95/><T102/><D102/><U126/><E126/><V132/><F134/><W58/><G34/><T87/><D87/><U35/><E35/><V3/><F132/><W21/><G33/><T76/><D76/><U106/><E117/><V44/><F32/><W64/><G79/><T101/><D101/><N who="1" m="62775" /><E99/><V114/><F114/><W67/><G96/><T107/><D107/><U110/><E110/><V39/><F108/><W103/><G97/><T49/><D49/><U70/><E70/><V7/><F39/><W105/><G105/><RYUUKYOKU ba="1,1" sc="254,15,203,15,281,-15,252,-15" hai0="12,19,40,45,50,61,63,85,90,93,120,121,123" hai1="10,15,18,23,25,72,73,74,128,129" /><INIT seed="4,2,1,4,0,102" ten="269,218,266,237" oya="0" hai0="1,42,81,131,14,6,50,76,41,83,61,8,13" hai1="49,37,17,24,120,27,28,69,85,106,108,22,113" hai2="99,58,30,134,121,52,44,118,94,56,35,54,55" hai3="133,16,127,92,88,125,75,23,132,70,129,84,95"/><T89/><D131/><U74/><E120/><V66/><F121/><W126/><G70/><T2/><D61/><U34/><E74/><V64/><F134/><N who="3" m="51819" /><G75/><T79/><D89/><U109/><E37/><V48/><F118/><W25/><G129/><T31/><D31/><U72/><E72/><V45/><F30/><W135/><G135/><T97/><D97/><U51/><E69/><V111/><F35/><W80/><AGARI ba="2,1" hai="16,23,25,80,84,88,92,95,125,126,127" m="51819" machi="80" ten="40,8000,1" yaku="18,1,20,1,54,2" doraHai="102" who="3" fromWho="3" sc="269,-42,218,-22,266,-22,237,96" owari="227,-17.3,196,-30.4,244,4.4,333,43.3" /></mjloggm>