<mjloggm ver="2.3"><GO type="225" lobby="0"/><UN n0="%4C%4F%4C%49%54%41" n1="%6D%75%75%73%61%6E%6D%75" n2="%72%69%6F%75%63%68%61%6E" n3="%E7%99%BD%E6%97%A5%E9%9B%AA%E8%8F%9C" dan="16,16,16,17" rate="2150.10,2066.46,2169.17,2193.14" sx="F,F,M,M"/><TAIKYOKU oya="0"/><INIT seed="0,0,0,0,1,45" ten="250,250,250,250" oya="0" hai0="71,60,10,57,62,78,40,84,43,110,7,111,68" hai1="117,2,44,133,31,4,129,83,113,34,105,82,29" hai2="25,17,119,92,93,123,38,21,134,128,9,74,87" hai3="80,100,97,50,37,69,13,47,33,70,15,24,88"/><T81/><D68/><U132/><E105/><V63/><F123/><W48/><G37/><T18/><D18/><U58/><E58/><V102/><F74/><W64/><G64/><T3/><D71/><U49/><E117/><V77/><F119/><W23/><G33/><T56/><D57/><U11/><E129/><V115/><F115/><W125/><G125/><T0/><D3/><U106/><E106/><V91/><F128/><W27/><G70/><T52/><REACH who="0" step="1"/><D62/><REACH who="0" ten="240,250,250,250" step="2"/><U39/><E113/><V53/><F63/><W94/><G69/><T95/><D95/><U28/><E34/><V86/><F93/><W36/><G27/><T103/><D103/><U99/><E2/><V76/><F102/><W89/><G100/><T118/><D118/><U55/><E4/><V32/><F32/><W109/><G24/><T73/><D73/><U26/><E26/><V67/><F25/><W75/><G75/><T104/><D104/><U107/><E107/><V112/><F17/><W54/><G94/><T14/><D14/><U61/><E61/><V120/><F92/><W101/><G15/><T35/><D35/><U85/><E31/><V98/><F112/><W46/><G13/><T72/><D72/><U51/><E29/><V114/><F114/><W66/><G101/><T5/><D5/><U19/><E28/><V108/><F98/><W131/><G97/><T122/><D122/><U126/><E99/><V65/><F120/><W1/><G1/><T79/><D79/><U6/><E19/><V22/><F76/><W135/><G131/><T116/><D116/><U127/><E6/><RYUUKYOKU ba="0,1" sc="240,30,250,-10,250,-10,250,-10" hai0="0,7,10,40,43,52,56,60,78,81,84,110,111" /><INIT seed="0,1,1,3,0,12" ten="270,240,240,240" oya="0" hai0="66,8,119,84,115,94,134,81,5,28,16,85,42" hai1="124,52,128,87,122,24,47,20,97,53,70,130,36" hai2="54,99,32,109,39,62,58,110,11,48,29,116,135" hai3="89,4,67,45,1,112,103,75,93,80,131,82,6"/><T95/><D115/><U73/><E73/><V9/><F135/><W92/><G112/><T15/><D119/><U117/><E117/><V72/><F116/><W114/><G114/><T100/><D134/><U0/><E122/><V17/><F39/><W91/><G131/><N who="1" m="50218" /><E0/><V96/><F72/><W104/><G104/><T68/><D28/><U35/><E35/><V21/><F29/><W133/><G75/><T43/><D68/><U129/><N who="1" m="50226" /><U18/><DORA hai="40" /><E70/><V123/><F32/><W107/><G107/><T69/><D66/><U14/><E124/><V57/><F123/><W31/><G31/><T106/><D106/><U127/><E127/><V55/><F110/><W34/><G34/><T41/><D69/><U37/><E97/><N who="2" m="37451" /><F109/><W22/><G1/><T13/><D100/><U46/><E87/><N who="0" m="33353" /><D81/><U51/><E24/><AGARI ba="1,1" hai="9,11,17,21,24,48,54,55,57,58,62" m="37451" machi="24" ten="30,2000,0" yaku="8,1,52,1" doraHai="12,40" who="2" fromWho="1" sc="270,0,240,-23,240,33,240,0" /><INIT seed="1,0,0,1,2,117" ten="270,217,273,240" oya="1" hai0="92,115,25,1,133,124,19,129,125,135,114,121,18" hai1="97,12,112,22,34,39,52,43,53,47,3,27,16" hai2="113,67,65,20,2,23,10,15,46,134,44,9,68" hai3="38,108,62,104,120,61,109,28,36,33,101,45,91"/><U51/><E112/><V50/><F113/><W60/><G120/><T37/><D37/><U6/><E39/><V63/><F134/><N who="0" m="51210" /><D92/><U21/><E97/><V98/><F67/><W82/><G104/><T105/><D105/><U55/><E34/><V95/><F2/><W123/><G101/><T80/><D1/><U118/><E118/><V131/><F131/><W85/><G123/><T24/><D121/><U79/><E79/><V59/><F68/><W119/><G119/><T26/><D80/><U116/><E116/><V110/><F110/><N who="3" m="42603" /><G45/><T87/><D87/><U72/><E72/><V78/><F78/><W64/><G64/><T93/><D93/><U35/><E35/><V5/><F9/><W31/><G33/><T83/><D83/><U48/><E3/><V32/><F32/><W122/><G122/><T99/><D99/><U57/><E6/><V100/><REACH who="2" step="1"/><F44/><REACH who="2" ten="270,217,263,240" step="2"/><W13/><G13/><T128/><D115/><U54/><REACH who="1" step="1"/><E21/><REACH who="1" ten="270,207,263,240" step="2"/><V29/><F29/><AGARI ba="0,2" hai="28,29,31,36,38,60,61,62,82,85,91" m="42603" machi="29" ten="30,1000,0" yaku="14,1" doraHai="117" who="3" fromWho="2" sc="270,0,207,0,263,-10,240,30" /><INIT seed="2,0,0,1,0,113" ten="270,207,253,270" oya="2" hai0="102,97,84,38,104,30,26,24,67,42,58,135,72" hai1="90,109,0,63,119,20,15,60,14,103,16,120,44" hai2="17,101,121,6,13,115,5,39,94,8,7,46,106" hai3="51,85,57,107,130,64,99,4,22,52,96,12,1"/><V11/><F115/><W125/><G125/><T108/><D72/><U77/><E0/><V122/><F106/><W124/><G124/><T83/><D108/><U47/><E109/><V93/><F11/><N who="3" m="4199" /><G1/><T36/><D135/><U78/><E120/><V133/><F133/><W50/><G107/><T110/><D110/><U28/><E103/><V35/><F35/><W62/><G130/><T123/><D123/><U48/><E28/><V95/><REACH who="2" step="1"/><F101/><REACH who="2" ten="270,207,243,270" step="2"/><W116/><G116/><T19/><D104/><U18/><E119/><V129/><F129/><W3/><G3/><T49/><D102/><U68/><E68/><V66/><F66/><W111/><G111/><T76/><D67/><U92/><E78/><V91/><F91/><W21/><G64/><T73/><D76/><U41/><E77/><V86/><F86/><W105/><G105/><T25/><D84/><N who="1" m="52295" /><E47/><V118/><F118/><W114/><G114/><T75/><D75/><U71/><E71/><V80/><F80/><W53/><G85/><T74/><D83/><U87/><E87/><V100/><F100/><W61/><G99/><T134/><D97/><U69/><E69/><V33/><F33/><W82/><G96/><T34/><D134/><U79/><E79/><V89/><F89/><W112/><G82/><T131/><D131/><U56/><E56/><V128/><F128/><W59/><G112/><T2/><D74/><U40/><E40/><AGARI ba="0,1" hai="5,6,7,8,13,17,39,40,46,93,94,95,121,122" machi="40" ten="40,2000,0" yaku="1,1,53,0" doraHai="113" doraHaiUra="32" who="2" fromWho="1" sc="270,0,207,-20,243,30,270,0" /><INIT seed="2,1,0,1,1,129" ten="270,187,273,270" oya="2" hai0="130,54,92,80,3,73,99,56,35,101,11,109,87" hai1="37,47,70,51,85,42,112,5,114,61,34,74,43" hai2="110,0,18,25,31,10,46,78,58,14,98,134,68" hai3="6,27,38,20,77,133,100,62,83,76,75,66,36"/><V57/><F134/><W103/><G133/><T50/><D130/><U12/><E74/><V1/><F68/><W125/><G125/><T52/><D35/><U116/><E34/><V132/><F132/><W63/><G6/><T102/><D109/><U105/><E105/><V17/><F110/><W65/><G83/><T128/><D128/><U117/><E85/><V113/><F113/><W121/><G20/><T108/><D108/><U48/><E12/><V69/><F69/><W106/><G75/><T93/><D73/><U104/><E5/><V97/><F78/><W90/><G90/><T32/><D32/><U21/><E21/><N who="2" m="15791" /><F0/><W7/><G7/><T23/><D23/><U39/><E104/><V124/><F124/><W91/><G91/><T67/><D67/><U88/><E88/><V86/><F1/><W59/><G106/><T131/><D131/><U29/><E29/><V89/><F46/><W30/><G30/><T119/><D119/><U28/><E28/><V72/><F72/><W44/><G44/><N who="0" m="27975" /><D11/><U2/><E2/><V19/><F98/><W8/><G8/><T9/><D9/><U118/><E118/><V33/><F97/><W81/><G121/><T96/><D3/><U95/><E95/><N who="2" m="54711" /><F33/><W84/><G76/><N who="0" m="46471" /><D56/><AGARI ba="1,0" hai="10,14,17,18,19,56,57,58" m="54711,15791" machi="56" ten="30,1500,0" yaku="8,1" doraHai="129" who="2" fromWho="0" sc="270,-18,187,0,273,18,270,0" /><INIT seed="2,2,0,4,5,51" ten="252,187,291,270" oya="2" hai0="73,114,133,33,135,83,127,22,56,68,129,36,29" hai1="134,17,14,35,76,58,39,100,32,101,79,46,8" hai2="11,65,49,61,117,116,93,112,26,6,47,105,30" hai3="81,124,64,126,44,67,66,71,57,125,72,74,95"/><V107/><F112/><W52/><G71/><T28/><D68/><U99/><E134/><V10/><F93/><W130/><G130/><T27/><D36/><U82/><E39/><V3/><F11/><W41/><G95/><T80/><D114/><U55/><E46/><V122/><F122/><W50/><REACH who="3" step="1"/><G81/><REACH who="3" ten="252,187,291,260" step="2"/><T19/><D83/><U13/><E82/><V4/><F107/><W70/><G70/><T132/><D80/><U1/><E100/><V60/><F105/><W9/><G9/><T96/><D129/><U23/><E101/><V128/><F128/><W31/><G31/><T131/><D131/><U87/><E87/><V109/><F109/><W43/><G43/><T119/><D29/><U85/><E85/><V108/><F108/><W18/><G18/><T118/><D19/><U59/><E99/><V113/><F113/><W121/><G121/><T111/><D111/><U104/><E104/><V120/><F120/><W48/><AGARI ba="2,1" hai="41,44,48,50,52,57,64,66,67,72,74,124,125,126" machi="48" ten="40,8000,1" yaku="1,1,0,1,18,1,52,1,54,1,53,0" doraHai="51" doraHaiUra="2" who="3" fromWho="3" sc="252,-22,187,-22,291,-42,260,96" /><INIT seed="3,0,0,5,3,76" ten="230,165,249,356" oya="3" hai0="130,75,61,85,16,132,133,31,40,72,36,107,37" hai1="93,30,111,60,89,62,1,68,121,128,54,48,2" hai2="119,32,108,97,106,113,90,6,134,46,127,81,102" hai3="78,17,74,10,88,58,20,18,112,9,69,14,8"/><W57/><G69/><T28/><D107/><U79/><E121/><V42/><F113/><W131/><G74/><N who="0" m="28203" /><D130/><U91/><E128/><V63/><F119/><W135/><G78/><T21/><D85/><U70/><E79/><V27/><F108/><W124/><G124/><T7/><D7/><U92/><E30/><N who="0" m="11305" /><D61/><U49/><REACH who="1" step="1"/><E54/><REACH who="1" ten="230,155,249,356" step="2"/><V82/><F127/><W59/><G131/><T77/><D77/><U25/><E25/><V51/><F27/><W123/><G123/><T116/><D116/><U11/><E11/><V52/><F52/><W13/><G8/><T101/><D40/><U35/><E35/><V64/><F32/><W83/><G9/><T47/><D132/><U23/><E23/><V100/><F134/><W53/><G135/><T94/><D21/><U33/><E33/><V84/><F42/><W39/><G20/><T103/><D133/><U41/><E41/><V24/><F24/><W87/><G10/><T71/><D37/><U43/><E43/><V105/><F6/><W73/><G39/><T98/><D36/><U15/><E15/><V122/><F122/><W0/><G14/><T50/><D101/><U126/><E126/><V26/><F102/><W22/><G22/><T109/><D103/><U65/><E65/><V104/><F100/><W55/><G55/><T44/><D109/><AGARI ba="0,1" hai="1,2,48,49,60,62,68,70,89,91,92,93,109,111" machi="109" ten="25,3200,0" yaku="1,1,22,2,53,0" doraHai="76" doraHaiUra="80" who="1" fromWho="0" sc="230,-32,155,42,249,0,356,0" owari="198,-20.2,197,-30.3,249,4.9,356,45.6" /></mjloggm>