<mjloggm ver="2.3"><GO type="225" lobby="0"/><UN n0="%E3%81%BF%E3%81%BF%E3%81%9A" n1="%72%69%6F%75%63%68%61%6E" n2="%E3%81%A0%E3%81%8A" n3="%77%72%77%72%77%72%77%72" dan="16,16,16,16" rate="2154.74,2163.31,2047.55,2175.99" sx="M,M,M,M"/><TAIKYOKU oya="0"/><INIT seed="0,0,0,4,0,56" ten="250,250,250,250" oya="0" hai0="64,38,23,7,22,135,0,85,104,60,28,134,114" hai1="83,78,3,17,94,67,70,102,108,49,73,80,112" hai2="32,91,18,1,65,24,35,125,101,15,45,81,50" hai3="98,96,99,77,13,131,111,34,120,21,61,31,33"/><T84/><D114/><U126/><E112/><V2/><F125/><W121/><G111/><T36/><D104/><U66/><E108/><V6/><F101/><W41/><G131/><T130/><D7/><U42/><E126/><V20/><F65/><W129/><G129/><T90/><D0/><U75/><E3/><V113/><F113/><W8/><G41/><T30/><D130/><U87/><E17/><V107/><F107/><W59/><G77/><T52/><D64/><U57/><E70/><V62/><F62/><W110/><G110/><T9/><D9/><U88/><E102/><V132/><F132/><W27/><G121/><T109/><D109/><U69/><E69/><V86/><F15/><W89/><G120/><T124/><D124/><U93/><E73/><V55/><REACH who="2" step="1"/><F1/><REACH who="2" ten="250,250,240,250" step="2"/><W103/><G103/><T117/><D60/><U51/><E66/><V127/><F127/><W16/><REACH who="3" step="1"/><G89/><REACH who="3" ten="250,250,240,240" step="2"/><T37/><D90/><U76/><E76/><V68/><F68/><W63/><G63/><T39/><D134/><U74/><E78/><V4/><F4/><W26/><G26/><T97/><D135/><U95/><E88/><V118/><F118/><W82/><G82/><T47/><D117/><U100/><E83/><V122/><F122/><W12/><G12/><T105/><D105/><U46/><E100/><V44/><F44/><W5/><G5/><T48/><D47/><N who="1" m="25847" /><E80/><V72/><F72/><W43/><G43/><T54/><N who="0" m="9216" /><DORA hai="11" /><T71/><D71/><U53/><E74/><V40/><F40/><W115/><G115/><T79/><D79/><U25/><E75/><RYUUKYOKU ba="0,2" sc="250,-15,250,-15,240,15,240,15" hai2="2,6,18,20,24,32,35,45,50,55,81,86,91" hai3="8,13,16,21,27,31,33,34,59,61,96,98,99" /><INIT seed="1,1,2,0,4,114" ten="235,235,255,255" oya="1" hai0="12,113,128,74,94,2,3,124,4,27,43,101,58" hai1="11,118,23,73,20,66,116,131,100,120,71,16,68" hai2="13,70,10,21,82,125,93,130,18,77,34,105,135" hai3="129,52,133,7,14,6,31,122,117,106,87,110,111"/><U89/><E120/><V5/><F105/><W83/><G122/><T60/><D113/><U72/><E100/><V39/><F39/><W80/><G106/><T103/><D74/><N who="1" m="28779" /><E66/><V98/><F70/><N who="1" m="26665" /><E11/><V69/><F69/><W50/><G31/><T57/><D124/><U123/><E123/><V41/><F130/><W112/><G112/><T91/><D128/><U81/><E131/><V88/><F135/><W134/><G117/><N who="1" m="45162" /><E89/><V40/><F125/><W92/><G92/><T15/><D94/><U76/><E81/><V109/><F34/><W108/><G129/><T79/><D91/><U90/><E90/><V95/><F95/><W65/><G65/><T55/><D55/><U38/><E38/><V19/><F109/><W127/><G127/><T0/><D60/><U51/><E51/><V56/><F19/><W25/><G80/><T61/><D61/><U35/><E35/><V44/><F18/><W67/><G67/><T32/><D32/><U132/><E16/><V59/><F10/><N who="3" m="4439" /><G7/><T86/><D4/><U17/><E17/><V97/><F5/><W53/><G25/><T62/><D27/><U75/><E132/><N who="3" m="50794" /><G50/><T64/><D64/><U26/><E26/><V24/><F82/><W85/><G83/><N who="0" m="47487" /><D62/><U49/><E49/><V126/><F126/><W33/><G33/><T9/><D9/><U45/><E45/><V121/><F44/><W102/><G102/><N who="0" m="38923" /><D43/><U78/><N who="1" m="28787" /><U42/><DORA hai="29" /><E42/><V37/><F40/><W63/><G63/><T54/><D57/><U28/><E28/><N who="2" m="17423" /><F56/><W104/><G104/><T115/><D115/><U107/><E107/><RYUUKYOKU ba="1,2" sc="235,10,235,10,255,-30,255,10" hai0="0,2,3,12,15,54,58" hai1="20,23,76,78" hai3="52,53,85,87,108,110,111" /><INIT seed="1,2,2,5,0,78" ten="245,245,225,265" oya="1" hai0="19,2,49,52,64,4,87,1,73,106,32,63,126" hai1="20,47,26,56,27,18,75,130,39,122,70,53,89" hai2="11,35,80,41,34,29,123,30,81,55,5,84,36" hai3="12,112,124,85,48,50,60,104,94,120,51,127,111"/><U37/><E122/><V107/><F123/><W110/><G112/><T44/><D73/><U76/><E70/><V116/><F116/><W100/><G120/><T33/><D106/><U24/><E130/><V7/><F107/><W132/><G132/><T79/><D126/><N who="3" m="48169" /><G60/><T72/><D72/><U117/><E117/><V118/><F118/><W82/><G12/><T97/><D97/><U22/><E89/><V86/><F55/><W103/><G104/><T113/><D19/><U65/><E65/><V15/><F15/><W59/><G59/><T0/><D4/><U58/><E47/><V9/><F36/><W109/><G94/><T17/><D17/><U108/><E108/><N who="3" m="27650" /><W96/><DORA hai="99" /><G96/><T131/><D113/><U69/><E69/><V98/><REACH who="2" step="1"/><F98/><REACH who="2" ten="245,245,215,265" step="2"/><W21/><G21/><T45/><D131/><U119/><E119/><V101/><F101/><W91/><AGARI ba="2,3" hai="48,50,51,82,85,91,100,103" m="27650,48169" machi="91" ten="50,8000,1" yaku="18,1,14,1,52,3" doraHai="78,99" who="3" fromWho="3" sc="245,-22,245,-42,215,-22,265,116" /><INIT seed="2,0,0,4,2,60" ten="223,203,193,381" oya="2" hai0="66,58,127,59,131,116,55,38,22,17,27,7,6" hai1="82,14,0,124,102,95,31,32,76,36,91,118,39" hai2="121,49,43,105,85,61,30,35,110,28,63,50,41" hai3="133,26,99,24,5,37,77,109,73,8,84,54,107"/><V23/><F121/><W40/><G109/><T34/><D38/><U65/><E118/><V29/><F105/><W89/><G133/><T71/><D116/><U47/><E124/><V16/><F35/><W57/><G77/><T78/><D127/><U33/><E0/><V79/><F110/><W72/><G73/><T87/><D131/><U113/><E113/><V3/><F3/><W134/><G72/><T75/><D75/><U132/><E132/><V13/><F63/><W123/><G123/><T51/><D71/><U108/><E108/><V104/><F104/><W130/><G130/><T114/><D34/><U62/><E102/><V25/><F61/><W100/><G40/><N who="2" m="15433" /><F25/><W90/><G37/><T45/><D114/><U83/><E14/><V117/><F117/><W44/><G24/><T122/><D122/><U70/><E47/><V67/><F67/><W88/><G44/><T64/><D59/><U4/><E32/><V19/><F19/><W126/><G26/><T12/><D45/><U128/><E4/><N who="0" m="1577" /><D27/><N who="1" m="18687" /><E128/><V101/><F101/><W111/><G111/><T96/><D96/><N who="1" m="57471" /><E36/><V119/><F119/><W93/><G134/><T135/><D135/><U80/><E39/><V98/><F98/><W48/><G126/><T103/><D103/><U68/><E70/><V129/><F129/><W81/><G107/><T11/><D11/><U46/><E46/><V1/><F1/><AGARI ba="0,0" hai="1,5,8,48,54,57,81,84,88,89,90,93,99,100" machi="1" ten="30,2000,0" yaku="7,1,54,1" doraHai="60" who="3" fromWho="2" sc="223,0,203,0,193,-20,381,20" /><INIT seed="3,0,0,5,0,7" ten="223,203,173,401" oya="3" hai0="86,58,40,47,24,4,129,10,32,126,123,96,92" hai1="99,23,36,83,14,125,101,104,78,28,31,102,120" hai2="113,85,38,82,29,53,76,119,25,74,20,18,110" hai3="49,15,37,69,63,100,45,42,41,124,12,60,39"/><W127/><G100/><T93/><D123/><U105/><E120/><V109/><F113/><W59/><G69/><T81/><D58/><U2/><E2/><V71/><F119/><W66/><G63/><T62/><D62/><U134/><E36/><V3/><F3/><W112/><G112/><T50/><D126/><N who="3" m="48169" /><G41/><T88/><D129/><U16/><E125/><V30/><F38/><AGARI ba="0,0" hai="12,15,37,38,39,42,45,49,59,60,66" m="48169" machi="38" ten="30,1500,0" yaku="18,1" doraHai="7" who="3" fromWho="2" sc="223,0,203,0,173,-15,401,15" owari="223,2.3,203,-19.7,158,-34.2,416,51.6" /></mjloggm>