<mjloggm ver="2.3"><GO type="225" lobby="0"/><UN n0="%E3%81%95%E3%82%88%E3%81%AA%E3%82%89%E3%83%9A%E3%81%BA%E3%83%9A" n1="%E5%8F%AF%E5%85%90%E9%82%A3%E7%94%B1%E5%A4%9A" n2="%4C%4F%4C%49%54%41" n3="%E7%BD%AA%E5%88%91%E6%B3%95%E5%AE%9A%E4%B8%BB%E7%BE%A9" dan="16,16,16,16" rate="2166.66,2192.11,2176.03,2168.72" sx="F,F,F,M"/><TAIKYOKU oya="0"/><INIT seed="0,0,0,4,5,16" ten="250,250,250,250" oya="0" hai0="109,95,92,19,129,73,98,122,40,78,46,121,45" hai1="94,39,12,134,35,101,68,52,5,111,33,80,36" hai2="76,102,24,26,84,32,56,66,135,47,3,8,100" hai3="74,131,22,83,31,37,132,44,2,53,93,55,38"/><T13/><D129/><U64/><E111/><V99/><F135/><W14/><G2/><T25/><D109/><U4/><E134/><V60/><F47/><W106/><G106/><T108/><D108/><U82/><E68/><V90/><F76/><W11/><G132/><T105/><D105/><U120/><E120/><V89/><F90/><W124/><G124/><T81/><D25/><U96/><E64/><V41/><F41/><W119/><G119/><T43/><D95/><U128/><E128/><V72/><F72/><W110/><G110/><T118/><D118/><U103/><E12/><V117/><F117/><W79/><G131/><T69/><D69/><U126/><E94/><V27/><F32/><W97/><G31/><T91/><D45/><U115/><E96/><V127/><F127/><W125/><G125/><T21/><REACH who="0" step="1"/><D43/><REACH who="0" ten="240,250,250,250" step="2"/><U29/><E126/><V18/><F56/><W59/><G44/><T87/><D87/><U6/><E115/><V67/><F84/><W113/><G113/><T57/><D57/><U114/><E114/><V15/><F26/><W130/><G130/><T51/><AGARI ba="0,1" hai="13,19,21,40,46,51,73,78,81,91,92,98,121,122" machi="51" ten="20,7800,0" yaku="1,1,0,1,7,1,52,1,53,0" doraHai="16" doraHaiUra="133" who="0" fromWho="0" sc="240,88,250,-26,250,-26,250,-26" /><INIT seed="0,1,0,0,5,13" ten="328,224,224,224" oya="0" hai0="25,49,22,95,9,27,18,2,17,82,115,112,35" hai1="123,91,38,102,117,48,130,133,96,67,52,53,15" hai2="55,61,39,86,59,110,31,122,14,77,89,1,32" hai3="6,114,26,19,99,74,65,36,21,83,101,120,119"/><T7/><D49/><U68/><E117/><V50/><F122/><W131/><G119/><T118/><D118/><U58/><E123/><V0/><F39/><W97/><G114/><N who="0" m="43563" /><D95/><U79/><E38/><V113/><F113/><W11/><G120/><T84/><D84/><U104/><E130/><V88/><F110/><W93/><G36/><T5/><D82/><U92/><E133/><V71/><F32/><W106/><G131/><T80/><D80/><U135/><E135/><V116/><F31/><W51/><G65/><T126/><D126/><U33/><E33/><V125/><F125/><W54/><G83/><T34/><D5/><U129/><E79/><V29/><F116/><W98/><G74/><T37/><D37/><U47/><E129/><V134/><F134/><W66/><G66/><T63/><D63/><U85/><E68/><V10/><F77/><W107/><G107/><T73/><D73/><U4/><E67/><V44/><F71/><W127/><G106/><T62/><D62/><U42/><REACH who="1" step="1"/><E58/><REACH who="1" ten="328,214,224,224" step="2"/><V103/><F59/><W87/><G127/><T60/><D60/><U64/><E64/><V94/><F61/><W111/><G111/><T56/><D56/><U100/><E100/><V132/><F132/><W28/><G101/><T41/><D41/><U8/><AGARI ba="1,1" hai="4,8,15,42,47,48,52,53,85,91,92,96,102,104" machi="8" ten="30,4000,0" yaku="1,1,0,1,54,1,53,0" doraHai="13" doraHaiUra="76" who="1" fromWho="1" sc="328,-21,214,53,224,-11,224,-11" /><INIT seed="1,0,0,5,1,86" ten="307,267,213,213" oya="1" hai0="84,21,123,112,115,80,28,46,14,64,26,51,10" hai1="62,71,116,58,128,90,107,87,49,89,1,85,61" hai2="124,117,98,88,12,39,91,127,120,105,34,3,81" hai3="43,111,55,17,31,66,18,92,97,2,134,109,27"/><U33/><E116/><V114/><F3/><W37/><G2/><T13/><D64/><U82/><E1/><V36/><F117/><W100/><G66/><T74/><D74/><U7/><E33/><V125/><F120/><W9/><G134/><T59/><D59/><U121/><E121/><V83/><F114/><W76/><G76/><T132/><D132/><U77/><E107/><V22/><F34/><W75/><G75/><T35/><D35/><U47/><E128/><V19/><F81/><W103/><G103/><T50/><D123/><U96/><E71/><V0/><F0/><W11/><G43/><T72/><D72/><U135/><E135/><V4/><F4/><W108/><G37/><N who="2" m="14409" /><F83/><W6/><G55/><T122/><D122/><U93/><E7/><V69/><F69/><W25/><G25/><T44/><D13/><U23/><E58/><V79/><F79/><W16/><REACH who="3" step="1"/><G6/><REACH who="3" ten="307,267,213,203" step="2"/><T60/><D112/><U24/><E77/><V94/><F105/><W53/><G53/><T106/><D115/><U99/><E62/><V15/><F12/><W63/><G63/><T41/><D60/><U110/><E61/><V56/><F56/><W40/><G40/><N who="0" m="24839" /><D106/><U38/><E38/><V48/><F48/><W42/><G42/><T119/><D119/><U73/><E73/><V20/><F91/><W133/><G133/><T102/><D102/><U29/><E110/><V67/><F67/><W57/><G57/><T70/><D70/><U104/><E104/><V32/><F32/><AGARI ba="0,1" hai="9,11,16,17,18,27,31,32,92,97,100,108,109,111" machi="32" ten="50,6400,0" yaku="1,1,14,1,54,1,53,0" doraHai="86" doraHaiUra="113" who="3" fromWho="2" sc="307,0,267,0,213,-64,203,74" /><INIT seed="2,0,0,5,2,8" ten="307,267,149,277" oya="2" hai0="66,107,92,13,52,83,2,97,122,117,6,45,31" hai1="39,94,96,79,53,55,63,86,78,36,70,43,118" hai2="128,88,32,125,99,127,74,68,12,25,104,101,90" hai3="116,106,67,9,10,102,5,71,42,112,33,61,82"/><V64/><F74/><W126/><G116/><T76/><D122/><U105/><E118/><V14/><F128/><W18/><G33/><T11/><D117/><U23/><E105/><V29/><F64/><W93/><G106/><T135/><D135/><U129/><E129/><V46/><F68/><W132/><G132/><T56/><D107/><U123/><E123/><V41/><F90/><W49/><G126/><N who="2" m="48137" /><F88/><W77/><G18/><T114/><D114/><U57/><E70/><V80/><F80/><W120/><G120/><T73/><D31/><U4/><E4/><V0/><F0/><W65/><G65/><T81/><D66/><U84/><E78/><V109/><F109/><W100/><G112/><T51/><D81/><U22/><E79/><V69/><F69/><W17/><G17/><T133/><D133/><U54/><E84/><V115/><F115/><W38/><G38/><AGARI ba="0,0" hai="12,14,25,29,32,38,41,46,99,101,104" m="48137" machi="38" ten="30,5800,0" yaku="18,1,52,2" doraHai="8" who="2" fromWho="3" sc="307,0,267,0,149,58,277,-58" /><INIT seed="2,1,0,2,2,77" ten="307,267,207,219" oya="2" hai0="68,23,129,120,52,95,113,66,115,64,13,1,88" hai1="102,19,79,119,71,132,12,0,31,34,131,93,109" hai2="124,125,44,20,63,65,18,59,84,80,81,36,105" hai3="5,97,98,96,86,122,24,101,69,38,37,61,25"/><V76/><F105/><W22/><G122/><T72/><D120/><U74/><E119/><V87/><F44/><W21/><G101/><T4/><D72/><U2/><E71/><V56/><F36/><W39/><G5/><T35/><D35/><U55/><E109/><V134/><F59/><W58/><G69/><T49/><D129/><U8/><E131/><V112/><F134/><W7/><G7/><T106/><D106/><U47/><E132/><V104/><F104/><W82/><G22/><T33/><D33/><U91/><E102/><V16/><F112/><W43/><G43/><T41/><D41/><U107/><E107/><V103/><F103/><W127/><G127/><N who="2" m="48713" /><F20/><W111/><G111/><T135/><D135/><U10/><E47/><V133/><F133/><W60/><G21/><T14/><D1/><U70/><E70/><V110/><F110/><W29/><G29/><T48/><D68/><U83/><E55/><V50/><F50/><W17/><G17/><N who="0" m="10671" /><D113/><U92/><E31/><V78/><AGARI ba="1,0" hai="16,18,56,63,65,76,78,80,81,84,87" m="48713" machi="78" ten="30,11700,0" yaku="18,1,52,2,54,1" doraHai="77" who="2" fromWho="2" sc="307,-40,267,-40,207,120,219,-40" /><INIT seed="2,2,0,1,3,10" ten="267,227,327,179" oya="2" hai0="39,107,46,0,91,34,106,79,127,53,76,17,112" hai1="128,22,126,98,5,101,14,9,66,102,1,97,24" hai2="118,6,109,41,11,100,114,32,67,84,72,33,64" hai3="129,56,135,37,3,103,96,42,125,49,75,82,71"/><V80/><F72/><W124/><G3/><T45/><D112/><U12/><E126/><N who="3" m="48746" /><G71/><T68/><D127/><U13/><E128/><V4/><F114/><W63/><G82/><T31/><D68/><U121/><E121/><V86/><F118/><W105/><G75/><T89/><D0/><U25/><E66/><V115/><F115/><W113/><G113/><T104/><D17/><U94/><REACH who="1" step="1"/><E22/><REACH who="1" ten="267,217,327,179" step="2"/><V95/><F67/><N who="3" m="39399" /><G129/><T73/><D31/><U61/><E61/><V16/><F64/><W119/><G119/><T43/><D34/><U21/><E21/><V62/><F62/><W57/><G135/><T85/><D73/><U27/><E27/><V134/><F134/><W28/><G28/><T88/><D85/><U30/><E30/><V54/><F84/><W51/><G57/><T90/><D39/><U87/><E87/><V47/><F86/><W81/><G81/><T78/><D43/><U130/><E130/><V19/><F41/><W58/><G58/><T65/><D65/><U50/><E50/><N who="3" m="18954" /><G42/><T26/><D26/><U23/><E23/><V52/><F80/><W40/><G40/><T116/><D116/><U48/><E48/><V83/><F83/><W111/><G111/><T70/><D70/><U133/><E133/><V93/><F109/><W117/><G117/><T55/><N who="0" m="22528" /><DORA hai="60" /><T122/><REACH who="0" step="1"/><D122/><REACH who="0" ten="257,217,327,179" step="2"/><U131/><E131/><V8/><F33/><W69/><G69/><T74/><D74/><U20/><E20/><V7/><F32/><W108/><G108/><T2/><D2/><U92/><AGARI ba="2,2" hai="1,5,9,12,13,14,24,25,92,94,97,98,101,102" machi="92" ten="30,12000,2" yaku="1,1,0,1,9,1,52,3,53,1" doraHai="10,60" doraHaiUra="35,123" who="1" fromWho="1" sc="257,-32,217,146,327,-62,179,-32" /><INIT seed="3,0,0,5,0,97" ten="225,363,265,147" oya="3" hai0="77,76,12,112,118,132,44,98,40,9,84,23,30" hai1="34,7,113,60,31,16,80,37,88,36,69,82,121" hai2="43,46,135,109,54,85,49,106,134,71,95,91,101" hai3="6,65,29,15,28,11,81,8,0,127,123,67,78"/><W116/><G127/><T87/><D118/><U115/><E121/><V61/><F109/><W18/><G116/><T66/><D132/><N who="2" m="50730" /><F106/><W57/><G123/><T45/><D112/><U74/><E7/><V50/><F101/><W20/><G11/><T10/><D66/><U3/><E3/><V100/><F100/><W96/><G96/><T110/><D98/><U68/><E31/><V14/><F14/><W27/><G57/><T59/><D110/><U89/><E60/><V5/><F5/><W41/><G41/><T99/><D59/><U111/><E74/><V63/><F71/><W92/><G92/><T17/><D99/><U83/><E83/><V108/><F108/><W122/><G122/><T128/><D128/><U105/><E111/><V130/><F130/><W19/><G19/><T58/><D58/><AGARI ba="0,0" hai="43,46,49,50,54,58,61,63,85,91,95" m="50730" machi="58" ten="30,1000,0" yaku="20,1" doraHai="97" who="2" fromWho="0" sc="225,-10,363,0,265,10,147,0" owari="215,-18.5,363,46.3,275,7.5,147,-35.3" /></mjloggm>