<mjloggm ver="2.3"><GO type="225" lobby="0"/><UN n0="%72%69%6F%75%63%68%61%6E" n1="%E3%83%81%E3%83%AF%E3%83%AF%E9%9A%8A%E9%95%B7" n2="%33%74%72%65%65" n3="%4B%2E%32%2E%4B%2E" dan="16,16,16,16" rate="2159.81,2193.82,2106.70,2149.12" sx="M,M,F,M"/><TAIKYOKU oya="0"/><INIT seed="0,0,0,1,1,99" ten="250,250,250,250" oya="0" hai0="35,101,41,10,7,122,17,103,115,26,23,79,76" hai1="54,87,4,108,121,85,84,11,63,83,107,15,43" hai2="102,126,134,57,8,129,65,18,58,131,38,89,78" hai3="100,105,49,117,88,95,34,120,45,33,124,96,47"/><T0/><D115/><U97/><E121/><V72/><F38/><W51/><G117/><T52/><D122/><U20/><E108/><V32/><F32/><W3/><G120/><T82/><D41/><U53/><E43/><V69/><F126/><W135/><G124/><T80/><D35/><U37/><E37/><V92/><F134/><W68/><G135/><T93/><D93/><U16/><E83/><N who="2" m="45511" /><F102/><N who="0" m="38922" /><D0/><U127/><E127/><V106/><F106/><W114/><G114/><T66/><D66/><U123/><E123/><V19/><F69/><W75/><G3/><T22/><D7/><U132/><E132/><V44/><F65/><W81/><G68/><T74/><D74/><U27/><E107/><V119/><F92/><W2/><G2/><T9/><D52/><N who="1" m="20075" /><E63/><V40/><F119/><W90/><G33/><T70/><D70/><U64/><E64/><V46/><F40/><W86/><G34/><T1/><D1/><U130/><E130/><V62/><F129/><W128/><G128/><T5/><D22/><U25/><E97/><V12/><F131/><W14/><G75/><T21/><D21/><U42/><E42/><V91/><F58/><W61/><G61/><T28/><D5/><U73/><E73/><V67/><F62/><W56/><G56/><T59/><D59/><U98/><E98/><V29/><F57/><W36/><G36/><T60/><D60/><U48/><E48/><V116/><F67/><W111/><G105/><T31/><D80/><U55/><E55/><V39/><F116/><W77/><G81/><T113/><D82/><U125/><E125/><RYUUKYOKU ba="0,0" sc="250,-10,250,30,250,-10,250,-10" hai1="4,11,15,16,20,25,27,84,85,87" /><INIT seed="1,1,0,0,5,70" ten="240,280,240,240" oya="1" hai0="92,34,10,73,8,85,20,41,109,62,66,90,107" hai1="60,36,28,56,82,57,100,72,18,117,95,52,39" hai2="89,12,45,98,47,29,118,102,131,40,17,14,112" hai3="46,88,108,129,130,42,113,97,13,105,99,23,37"/><U50/><E117/><V81/><F118/><W58/><G113/><T78/><D34/><U2/><E2/><V121/><F121/><W110/><G58/><T3/><D109/><N who="3" m="42089" /><G105/><T0/><D107/><U69/><E69/><V114/><F131/><N who="3" m="50187" /><G88/><T96/><D73/><U59/><E28/><V38/><F89/><W79/><G79/><T35/><D35/><U64/><E57/><V16/><F81/><W125/><G125/><T31/><D41/><U76/><REACH who="1" step="1"/><E18/><AGARI ba="1,0" hai="13,18,23,37,42,46,97,99" m="50187,42089" machi="18" ten="30,3900,0" yaku="14,1,19,1,52,1" doraHai="70" who="3" fromWho="1" sc="240,0,280,-42,240,0,240,42" /><INIT seed="2,0,0,0,5,112" ten="240,238,240,282" oya="2" hai0="113,58,75,36,37,27,134,69,59,22,10,53,67" hai1="111,32,68,55,43,56,35,16,31,34,66,99,95" hai2="124,45,26,114,9,96,30,117,61,84,72,21,63" hai3="129,120,48,125,86,103,5,98,41,6,135,76,89"/><V65/><F114/><W94/><G120/><T126/><D113/><U39/><E111/><V0/><F72/><W60/><G125/><T33/><D75/><U25/><E68/><V54/><F124/><W28/><G129/><T19/><D126/><U74/><E74/><V130/><F130/><W4/><G135/><T109/><D134/><U104/><E104/><V80/><F96/><W123/><G123/><T73/><D73/><U100/><E66/><V51/><F117/><W12/><G28/><T64/><D109/><U44/><REACH who="1" step="1"/><E16/><REACH who="1" ten="240,228,240,282" step="2"/><V118/><F65/><W122/><G122/><T83/><D69/><U107/><E107/><V62/><F118/><W46/><G4/><T38/><D67/><U70/><E70/><V119/><F119/><W1/><G5/><T17/><D64/><U40/><E40/><V121/><F121/><W7/><G41/><T81/><D53/><U3/><E3/><V133/><F133/><W93/><G1/><T42/><D42/><U47/><E47/><V128/><F128/><W106/><G12/><N who="0" m="7319" /><D58/><U102/><E102/><V105/><F105/><W110/><G110/><T23/><D59/><U90/><E90/><N who="2" m="51463" /><F0/><W131/><G131/><T78/><D78/><U108/><E108/><V18/><F18/><W79/><G79/><T71/><D71/><U57/><E57/><V87/><F9/><W116/><G116/><T97/><D19/><U52/><E52/><V24/><F24/><W132/><G132/><T88/><D88/><U49/><AGARI ba="0,1" hai="25,31,32,34,35,39,43,44,49,55,56,95,99,100" machi="49" ten="20,2700,0" yaku="1,1,0,1,7,1,53,0" doraHai="112" doraHaiUra="13" who="1" fromWho="1" sc="240,-7,228,37,240,-13,282,-7" /><INIT seed="3,0,0,1,0,22" ten="233,265,227,275" oya="3" hai0="103,129,74,101,14,66,75,100,0,31,44,78,135" hai1="13,25,39,3,82,119,19,47,4,61,118,42,29" hai2="90,2,43,12,68,128,102,41,133,71,35,120,20" hai3="110,57,52,123,124,72,80,45,122,132,89,105,30"/><W116/><G116/><N who="1" m="44586" /><E61/><V48/><F2/><W70/><G70/><T134/><D0/><U17/><E3/><V51/><F35/><W40/><G105/><T59/><D14/><U9/><E82/><V67/><F102/><W94/><G124/><T56/><D129/><U131/><E131/><V64/><F128/><W117/><G117/><T76/><D44/><U77/><E77/><N who="0" m="29801" /><D31/><U85/><E85/><V6/><F133/><N who="0" m="50698" /><D66/><U81/><E81/><V73/><F73/><AGARI ba="0,0" hai="56,59,73,74,75,100,101,103" m="50698,29801" machi="73" ten="40,5200,0" yaku="28,2,20,1" doraHai="22" who="0" fromWho="2" sc="233,52,265,0,227,-52,275,0" /><INIT seed="4,0,0,4,5,123" ten="285,265,175,275" oya="0" hai0="73,48,94,7,103,53,133,68,51,17,64,84,26" hai1="58,114,99,62,89,74,104,113,12,44,4,42,109" hai2="87,112,39,10,33,75,129,11,19,2,124,69,82" hai3="120,127,102,35,52,34,125,81,72,8,93,107,132"/><T0/><D73/><U41/><E74/><V97/><F75/><W6/><G107/><T45/><D133/><U86/><E109/><V91/><F112/><N who="1" m="43113" /><E44/><V117/><F129/><W3/><G132/><T63/><D0/><U101/><E12/><V78/><F124/><N who="3" m="47691" /><G120/><T23/><D7/><U57/><E4/><V50/><F39/><W65/><G65/><T105/><D105/><U135/><E57/><V18/><F117/><W32/><G52/><T28/><D48/><U31/><E31/><V126/><F126/><W76/><G34/><T85/><REACH who="0" step="1"/><D28/><REACH who="0" ten="275,265,175,275" step="2"/><U130/><E135/><V128/><F2/><W29/><G29/><T56/><D56/><U96/><E104/><V55/><F69/><W37/><G37/><T122/><D122/><U92/><E58/><N who="2" m="33143" /><F128/><W46/><G46/><T121/><D121/><U131/><E131/><V98/><F33/><W59/><G59/><T22/><D22/><U77/><E130/><V71/><F71/><W25/><G32/><T118/><D118/><U95/><E62/><V115/><F115/><W54/><G35/><T16/><D16/><N who="2" m="6186" /><F98/><AGARI ba="0,1" hai="17,23,26,45,51,53,63,64,68,84,85,94,98,103" machi="98" ten="40,2000,0" yaku="1,1,53,0" doraHai="123" doraHaiUra="110" who="0" fromWho="2" sc="275,30,265,0,175,-20,275,0" owari="305,40.5,265,-13.5,155,-34.5,275,7.5" /></mjloggm>