<mjloggm ver="2.3"><GO type="225" lobby="0"/><UN n0="%E7%99%BD%E9%9B%AA%E4%B9%83%E6%84%9B" n1="%E7%89%B9%E6%9D%B1%E3%81%AF%E4%B8%96%E7%95%8C%E3%82%92%E6%95%91%E3%81%86" n2="%E5%87%BA%E6%B0%B4" n3="%E5%B6%BA%E4%B8%8A%E5%92%B2" dan="16,16,16,16" rate="2094.06,2069.82,2075.72,2104.83" sx="F,M,F,F"/><TAIKYOKU oya="0"/><INIT seed="0,0,0,0,1,66" ten="250,250,250,250" oya="0" hai0="87,1,28,52,3,127,8,4,19,41,56,15,16" hai1="77,12,73,42,78,117,91,40,130,25,68,35,95" hai2="64,120,72,17,23,7,33,11,58,99,6,21,9" hai3="34,121,29,114,134,113,100,132,103,128,74,24,57"/><T106/><D127/><U131/><E117/><V31/><F120/><W30/><G128/><N who="1" m="49194" /><E12/><V46/><F72/><W129/><G129/><T37/><D106/><U39/><E68/><V36/><F99/><W71/><G121/><T44/><D28/><N who="1" m="19855" /><E39/><V81/><F81/><W88/><G74/><T108/><D108/><U119/><E119/><V96/><F96/><W60/><G30/><T0/><REACH who="0" step="1"/><D87/><REACH who="0" ten="240,250,250,250" step="2"/><N who="1" m="52735" /><E73/><V84/><F31/><W67/><G114/><T110/><D110/><U94/><E94/><V116/><F84/><W109/><G113/><T107/><D107/><U111/><E111/><V22/><F116/><W54/><G109/><T48/><AGARI ba="0,1" hai="0,1,3,4,8,15,16,19,37,41,44,48,52,56" machi="48" ten="30,11700,0" yaku="1,1,0,1,54,2,53,0" doraHai="66" doraHaiUra="124" who="0" fromWho="0" sc="240,127,250,-39,250,-39,250,-39" /><INIT seed="0,1,0,5,5,38" ten="367,211,211,211" oya="0" hai0="66,17,119,58,106,47,36,20,31,24,5,54,33" hai1="78,7,120,35,89,10,18,8,29,81,77,15,62" hai2="73,65,72,37,63,121,98,103,27,69,4,51,34" hai3="116,112,79,16,75,50,21,94,55,84,42,104,1"/><T95/><D119/><U113/><E120/><V26/><F121/><W85/><G104/><T87/><D106/><U45/><E113/><V124/><F124/><W134/><G112/><T14/><D66/><U30/><E78/><V97/><F51/><W96/><G1/><T64/><D64/><U82/><E81/><V130/><F130/><W111/><G116/><T71/><D71/><U83/><E82/><V0/><F27/><N who="3" m="14759" /><G75/><T126/><D126/><U12/><E35/><V105/><F98/><W99/><G111/><T125/><D125/><U115/><E115/><V122/><F122/><W133/><G79/><T43/><D5/><U57/><E89/><V22/><F22/><W93/><G99/><T101/><D101/><U19/><E45/><V80/><F80/><W40/><G94/><T3/><D3/><U117/><E7/><V28/><REACH who="2" step="1"/><F37/><REACH who="2" ten="367,211,201,211" step="2"/><W59/><G134/><T76/><D36/><U135/><E135/><V61/><F61/><W92/><G133/><T11/><D20/><U107/><E117/><V56/><F56/><W70/><G70/><T48/><D58/><U9/><E107/><V25/><F25/><W67/><G67/><T131/><D131/><U2/><E57/><V129/><F129/><W13/><G93/><T74/><D95/><U60/><E60/><V128/><F128/><W41/><G13/><T88/><D14/><U132/><E62/><V32/><F32/><W90/><AGARI ba="1,1" hai="40,41,42,50,55,59,84,85,90,92,96" m="14759" machi="90" ten="30,8000,1" yaku="8,1,52,3,54,1" doraHai="38" who="3" fromWho="3" sc="367,-41,211,-21,201,-21,211,93" /><INIT seed="1,0,0,1,2,91" ten="326,190,180,304" oya="1" hai0="94,70,89,20,114,51,50,131,111,23,55,44,133" hai1="75,61,34,127,99,129,104,59,93,52,120,113,57" hai2="117,4,14,21,26,25,33,134,68,77,9,38,100" hai3="53,103,6,40,3,135,64,76,5,24,16,73,121"/><U69/><E113/><V18/><F38/><W124/><G121/><T2/><D114/><U107/><E120/><V17/><F68/><W46/><G135/><T47/><D70/><U118/><E118/><V122/><F122/><W62/><G124/><T28/><D2/><U15/><E69/><V101/><F134/><W125/><G125/><T86/><D133/><U84/><E75/><V96/><F117/><W109/><G109/><T45/><D131/><U54/><E127/><V66/><F66/><W65/><G103/><T35/><D111/><U83/><E34/><V31/><F77/><W67/><G3/><T27/><REACH who="0" step="1"/><D47/><REACH who="0" ten="316,190,180,304" step="2"/><U39/><E129/><V82/><F82/><W11/><G46/><T130/><D130/><U123/><E123/><V87/><F87/><W36/><G73/><T71/><D71/><U72/><E72/><V13/><REACH who="2" step="1"/><F96/><REACH who="2" ten="316,190,170,304" step="2"/><W1/><G36/><T74/><D74/><U60/><E39/><V29/><F29/><W0/><G76/><T108/><D108/><U116/><E116/><V42/><F42/><AGARI ba="0,2" hai="20,23,27,28,35,42,44,45,50,51,55,86,89,94" machi="42" ten="30,3900,0" yaku="1,1,7,1,52,1,53,0" doraHai="91" doraHaiUra="7" who="0" fromWho="2" sc="316,59,190,0,170,-39,304,0" /><INIT seed="2,0,0,1,0,114" ten="375,190,131,304" oya="2" hai0="44,111,122,53,50,12,106,77,31,22,119,131,126" hai1="1,4,81,30,17,135,75,97,49,123,130,133,20" hai2="70,107,88,72,43,61,63,46,78,125,24,54,21" hai3="32,92,60,66,80,48,11,100,29,121,59,98,93"/><V6/><F125/><W118/><G121/><T26/><D122/><U62/><E123/><V9/><F107/><W68/><G118/><T67/><D119/><U7/><E30/><V42/><F70/><W124/><G124/><T13/><D126/><U23/><E130/><V117/><F117/><W8/><G80/><T40/><D106/><U132/><E1/><V28/><F54/><W85/><G85/><T39/><D111/><U109/><E109/><V25/><F25/><W73/><G73/><T128/><D77/><N who="1" m="44223" /><E49/><V37/><F43/><W96/><G29/><T5/><D67/><U3/><E3/><N who="2" m="223" /><F88/><W56/><G32/><T64/><D64/><U99/><E62/><V27/><F27/><W134/><G134/><T86/><D86/><U110/><E110/><V91/><F91/><W38/><G38/><T76/><D76/><U69/><E69/><V2/><F2/><W101/><REACH who="3" step="1"/><G68/><REACH who="3" ten="375,190,131,294" step="2"/><T94/><D39/><U115/><E132/><V52/><F52/><AGARI ba="0,1" hai="8,11,48,52,56,59,60,66,92,93,96,98,100,101" machi="52" ten="40,8000,1" yaku="1,1,2,1,9,1,8,1,54,1,53,0" doraHai="114" doraHaiUra="113" who="3" fromWho="2" sc="375,0,190,0,131,-80,294,90" /><INIT seed="3,0,0,5,5,107" ten="375,190,51,384" oya="3" hai0="129,71,34,26,116,28,88,63,79,72,98,123,89" hai1="52,105,8,33,18,67,45,78,15,31,99,130,13" hai2="110,93,41,58,10,5,95,51,6,50,47,77,43" hai3="109,16,125,20,112,35,101,60,23,46,0,115,69"/><W11/><G125/><T44/><D116/><U108/><E67/><V54/><F110/><W94/><G109/><T55/><D123/><U85/><E33/><V27/><F27/><W86/><G35/><T3/><D3/><U127/><E31/><V56/><F47/><W49/><G69/><T113/><D98/><U12/><E130/><V68/><F68/><W24/><G60/><T134/><D129/><U53/><E53/><V37/><F37/><W70/><G70/><T59/><D134/><U120/><E127/><V100/><F100/><W87/><G23/><T124/><D124/><U57/><E45/><V135/><F77/><W84/><G101/><T25/><D113/><U131/><E131/><V82/><F82/><W132/><G132/><T4/><D4/><U106/><E120/><V122/><F122/><W103/><G0/><T66/><D25/><U128/><E99/><V111/><F111/><W118/><G118/><T64/><D44/><U117/><E117/><V74/><F135/><W96/><REACH who="3" step="1"/><G11/><REACH who="3" ten="375,190,51,374" step="2"/><T32/><D32/><U21/><E8/><V22/><F22/><W81/><G81/><N who="0" m="45287" /><D71/><U61/><E108/><V114/><F10/><W121/><G121/><T40/><D40/><AGARI ba="0,1" hai="16,20,24,40,46,49,84,86,87,94,96,103,112,115" machi="40" ten="40,7700,0" yaku="1,1,54,1,53,1" doraHai="107" doraHaiUra="38" who="3" fromWho="0" sc="375,-77,190,0,51,0,374,87" owari="298,9.8,190,-21.0,51,-44.9,461,56.1" /></mjloggm>