<mjloggm ver="2.3"><GO type="225" lobby="0"/><UN n0="%E3%81%BE%E3%81%A8%E3%81%9F" n1="%E3%81%A8%E3%82%93%E3%81%A8%E3%81%93%E3%81%A8%E3%82%93" n2="%E8%B6%85%E7%B4%9A%E9%B3%B3%E5%87%B0" n3="%E5%8B%95%E7%89%A9%E5%9C%92%E3%81%AE%E3%81%8F%E3%82%8D" dan="16,16,16,16" rate="2125.10,2147.33,2154.64,2159.38" sx="M,F,M,M"/><TAIKYOKU oya="0"/><INIT seed="0,0,0,0,5,102" ten="250,250,250,250" oya="0" hai0="30,25,84,128,112,117,121,58,87,31,61,45,77" hai1="73,36,94,56,14,129,65,127,80,95,111,29,109" hai2="17,105,85,108,21,33,74,68,53,16,86,90,118" hai3="135,23,132,22,122,124,15,114,37,51,48,11,55"/><T120/><D112/><U82/><E36/><V7/><F74/><W42/><G114/><T81/><D117/><U38/><E38/><V13/><F33/><W89/><G122/><T50/><D128/><U3/><E3/><V43/><F68/><W8/><G124/><T75/><D120/><U106/><E29/><V54/><F118/><W100/><G37/><T110/><D110/><U98/><E14/><V93/><F108/><N who="1" m="41545" /><E56/><V18/><F43/><W44/><G100/><T78/><D121/><U131/><E65/><V104/><F86/><W34/><G34/><T12/><D12/><U125/><E106/><V119/><F119/><W6/><G89/><T79/><D75/><U47/><E47/><V103/><F21/><W70/><G11/><T0/><D0/><U5/><E5/><V126/><F126/><N who="1" m="48137" /><E73/><V60/><F60/><W133/><G70/><T83/><D25/><U97/><E95/><V66/><F66/><W71/><REACH who="3" step="1"/><G71/><REACH who="3" ten="250,250,250,240" step="2"/><T2/><D2/><U72/><E72/><V26/><F103/><W92/><G92/><T57/><D77/><U39/><E39/><V113/><F113/><W96/><G96/><N who="1" m="36970" /><E94/><V35/><F35/><W10/><G10/><T52/><REACH who="0" step="1"/><D58/><AGARI ba="0,1" hai="6,8,15,22,23,42,44,48,51,55,58,132,133,135" machi="58" ten="40,2600,0" yaku="1,1,20,1,53,0" doraHai="102" doraHaiUra="20" who="3" fromWho="0" sc="250,-26,250,0,250,0,240,36" /><INIT seed="1,0,0,4,3,45" ten="224,250,250,276" oya="1" hai0="129,84,97,130,120,119,82,96,16,81,75,98,113" hai1="32,110,37,69,116,9,115,64,133,27,122,33,104" hai2="2,101,111,5,132,57,55,21,20,91,23,49,48" hai3="1,78,31,22,73,94,6,17,63,36,41,13,35"/><U4/><RYUUKYOKU type="yao9" ba="0,0" sc="224,0,250,0,250,0,276,0" hai1="4,9,27,32,33,37,64,69,104,110,115,116,122,133" /><INIT seed="1,1,0,5,3,30" ten="224,250,250,276" oya="1" hai0="133,109,27,68,130,106,119,45,55,1,84,101,37" hai1="100,103,32,127,108,82,28,98,33,34,63,65,19" hai2="60,131,13,57,87,110,49,52,58,112,36,134,113" hai3="7,135,5,41,35,51,118,117,70,75,10,9,93"/><U102/><E127/><V61/><F36/><W91/><G75/><T56/><D101/><U50/><E108/><V2/><F2/><W124/><G124/><T79/><D84/><U62/><E28/><V77/><F110/><W4/><G70/><T44/><D27/><U39/><E39/><V29/><F131/><W42/><G35/><T15/><D15/><U78/><E50/><V43/><F134/><W89/><G135/><T74/><D79/><U96/><E19/><V71/><F29/><W94/><G7/><T24/><D24/><U99/><E65/><N who="2" m="41383" /><F13/><W121/><REACH who="3" step="1"/><G51/><REACH who="3" ten="224,250,250,266" step="2"/><T83/><D74/><AGARI ba="1,1" hai="32,33,34,62,63,74,78,82,96,98,99,100,102,103" machi="74" ten="50,12000,1" yaku="29,2,52,3" doraHai="30" who="1" fromWho="0" sc="224,-123,250,133,250,0,266,0" /><INIT seed="1,2,0,3,4,76" ten="101,383,250,266" oya="1" hai0="102,2,40,14,69,63,1,25,116,89,31,7,48" hai1="112,46,127,22,125,96,97,56,19,61,99,90,62" hai2="98,9,17,3,24,110,43,12,26,52,32,30,79" hai3="91,38,37,57,0,94,117,10,123,45,88,28,70"/><U130/><E112/><V93/><F110/><W27/><G70/><T13/><D116/><U11/><E130/><V133/><F133/><W85/><G117/><T121/><D121/><U77/><E77/><V23/><F79/><W81/><G123/><T115/><D115/><U120/><E120/><V119/><F119/><W34/><G57/><T74/><D102/><U36/><E11/><V106/><F106/><W104/><G104/><T44/><D89/><U60/><E56/><V92/><F43/><W132/><G132/><T51/><D74/><U59/><E59/><V109/><F109/><W113/><G113/><T95/><D95/><U58/><E58/><V75/><F75/><W82/><G45/><T100/><D100/><U39/><E90/><V20/><F52/><W118/><G118/><T65/><D48/><U108/><E108/><V54/><F54/><W42/><G42/><T15/><REACH who="0" step="1"/><D7/><REACH who="0" ten="91,383,250,266" step="2"/><U83/><E39/><V84/><F93/><W128/><G128/><T80/><D80/><U105/><E83/><V33/><F98/><W111/><G111/><T41/><D41/><U18/><E105/><V53/><F92/><W124/><G124/><T78/><D78/><U71/><E125/><V55/><F53/><W135/><G135/><T134/><D134/><U49/><E127/><V29/><F55/><W101/><G101/><T131/><D131/><U50/><E36/><V107/><F107/><W6/><G82/><T66/><D66/><U21/><E50/><V87/><F87/><AGARI ba="2,1" hai="0,6,10,27,28,34,37,38,81,85,87,88,91,94" machi="87" ten="30,3900,0" yaku="7,1,52,1,54,1" doraHai="76" who="3" fromWho="2" sc="91,0,383,0,250,-45,266,55" /><INIT seed="2,0,0,1,1,12" ten="91,383,205,321" oya="2" hai0="57,94,24,80,127,118,88,1,18,40,3,125,109" hai1="13,21,81,98,11,75,58,0,54,31,117,95,26" hai2="85,73,106,103,49,97,32,110,62,51,76,41,90" hai3="134,87,53,79,6,52,124,104,121,113,82,100,129"/><V59/><F32/><W83/><G121/><T15/><D40/><U131/><E0/><V9/><F110/><W19/><G124/><T28/><D109/><U37/><E37/><V130/><F130/><W105/><G129/><T42/><D80/><U128/><E117/><V77/><F9/><W23/><G134/><T78/><D78/><U64/><E64/><V45/><F73/><W86/><G113/><T61/><D42/><U93/><E93/><V111/><F49/><W96/><G6/><T39/><D39/><U4/><E81/><V27/><F27/><W70/><G70/><T126/><D118/><U71/><E71/><V123/><F111/><W74/><G105/><T72/><D72/><U115/><E75/><V102/><F102/><W68/><G68/><T8/><D24/><U132/><E132/><V63/><F123/><W107/><G107/><T17/><D28/><U56/><E58/><V133/><F133/><W33/><G33/><T25/><D25/><U69/><E69/><V120/><F120/><W46/><G46/><T60/><D17/><U14/><E115/><V43/><F43/><W22/><G22/><T65/><REACH who="0" step="1"/><D60/><REACH who="0" ten="81,383,205,321" step="2"/><N who="1" m="35863" /><E128/><V7/><F63/><W84/><G74/><T67/><D67/><U30/><E131/><V35/><F7/><W38/><G38/><T92/><D92/><U114/><E114/><V5/><F5/><W10/><G10/><T48/><D48/><U91/><E30/><V135/><F135/><W20/><G20/><T36/><D36/><U47/><E11/><V89/><F106/><W34/><G34/><T44/><D44/><RYUUKYOKU ba="0,1" sc="81,30,383,-10,205,-10,321,-10" hai0="1,3,8,15,18,57,61,65,88,94,125,126,127" /><INIT seed="3,1,1,0,2,69" ten="111,373,195,311" oya="3" hai0="24,6,85,117,65,45,88,132,103,86,75,123,14" hai1="124,91,111,82,13,28,0,81,36,8,38,70,113" hai2="4,96,57,5,9,130,125,110,43,32,133,26,121" hai3="33,115,107,37,16,60,55,114,63,90,59,22,135"/><W2/><G33/><T102/><D117/><U99/><E0/><V131/><F110/><W126/><G126/><T118/><D75/><U79/><E70/><V27/><F125/><W73/><G73/><T31/><D118/><U67/><E67/><V15/><F133/><W11/><G135/><T53/><D123/><U52/><E28/><V104/><F121/><W3/><G107/><T84/><D65/><U128/><E113/><V17/><F43/><W25/><G37/><T80/><D132/><U95/><E124/><V83/><F83/><W106/><G106/><T93/><D6/><U18/><E111/><V72/><F72/><W98/><G63/><T50/><D14/><U58/><E82/><V129/><F57/><W61/><G61/><T100/><REACH who="0" step="1"/><D80/><REACH who="0" ten="101,373,195,311" step="2"/><U54/><E81/><V29/><F27/><W105/><G3/><T34/><AGARI ba="1,2" hai="24,31,34,45,50,53,84,85,86,88,93,100,102,103" machi="34" ten="30,7900,0" yaku="1,1,2,1,0,1,54,1,53,0" doraHai="69" doraHaiUra="94" who="0" fromWho="0" sc="101,102,373,-21,195,-21,311,-40" owari="203,-19.7,352,45.2,174,-32.6,271,7.1" /></mjloggm>