<mjloggm ver="2.3"><GO type="225" lobby="0"/><UN n0="%E3%81%BF%E3%81%BF%E3%81%9A" n1="%E3%81%8B%E3%82%8F%E3%81%A1%E3%82%83%E3%82%93%35%38" n2="%6B%69%72%61%64%6F%6B%69" n3="%E3%83%A9%E3%83%BC%E3%83%A1%E3%83%B3%E4%BA%94%E9%83%8E" dan="16,16,16,16" rate="2164.22,2168.90,2059.98,2044.81" sx="M,M,M,M"/><TAIKYOKU oya="0"/><INIT seed="0,0,0,0,1,86" ten="250,250,250,250" oya="0" hai0="114,21,40,71,92,107,32,25,110,73,17,12,109" hai1="90,58,119,57,44,69,79,83,51,4,78,30,59" hai2="54,133,46,96,89,111,129,127,98,74,128,135,36" hai3="24,122,50,2,68,0,95,5,33,132,91,85,34"/><T112/><D107/><U93/><E69/><V22/><F74/><W9/><G68/><T41/><D73/><U64/><E119/><V97/><F111/><N who="0" m="42506" /><D71/><U116/><E116/><V88/><F22/><W19/><G132/><N who="2" m="50761" /><F54/><W87/><G122/><T121/><D121/><U31/><E4/><V99/><N who="2" m="24576" /><DORA hai="65" /><V23/><F23/><W55/><G0/><T101/><D92/><U123/><E64/><V81/><F127/><W126/><G126/><T60/><D60/><U108/><E123/><V18/><F18/><W80/><G19/><T61/><D61/><U66/><E66/><V20/><F20/><W6/><G6/><T63/><D63/><U29/><E93/><V131/><F81/><W105/><G105/><T28/><D101/><U8/><E8/><V37/><F46/><W42/><G42/><AGARI ba="0,0" hai="12,17,21,25,28,32,40,41,42,112,114" m="42506" machi="42" ten="30,2900,0" yaku="14,1,10,1" doraHai="86,65" who="0" fromWho="3" sc="250,29,250,0,250,0,250,-29" /><INIT seed="0,1,0,4,4,105" ten="279,250,250,221" oya="0" hai0="1,72,10,39,103,37,67,26,109,62,12,16,87" hai1="22,24,110,83,71,6,17,113,40,122,99,53,2" hai2="94,133,129,95,96,101,117,77,132,21,56,80,127" hai3="20,5,55,126,0,33,42,34,120,9,84,65,102"/><T3/><D72/><U64/><E122/><V121/><F21/><W134/><G120/><T35/><D109/><U75/><E110/><V49/><F49/><W107/><G126/><T60/><D60/><U115/><E99/><N who="2" m="59639" /><F56/><W68/><G134/><N who="2" m="51817" /><F121/><W46/><G55/><T119/><D119/><U47/><E53/><V18/><F18/><W86/><G20/><T118/><D118/><U128/><E64/><V19/><F19/><W38/><G65/><T27/><D103/><U28/><E71/><V91/><F117/><W73/><G68/><T8/><D27/><U114/><E128/><V85/><F129/><W123/><G123/><T66/><D66/><U14/><E6/><V63/><F63/><W104/><G33/><T54/><D54/><U100/><E100/><V32/><F32/><W106/><G102/><T79/><D26/><U78/><E2/><V11/><F11/><W111/><G111/><T89/><D79/><U82/><E82/><V13/><F13/><W52/><G34/><T93/><D35/><U131/><E131/><V81/><F81/><W41/><G41/><T97/><D1/><U48/><REACH who="1" step="1"/><E14/><REACH who="1" ten="279,240,250,221" step="2"/><V51/><F51/><W108/><G108/><T135/><D135/><U125/><E125/><AGARI ba="1,1" hai="77,80,85,91,95,96,125,127" m="51817,59639" machi="125" ten="30,3900,0" yaku="20,1,34,2" doraHai="105" who="2" fromWho="1" sc="279,0,240,-42,250,52,221,0" /><INIT seed="1,0,0,2,5,103" ten="279,198,302,221" oya="1" hai0="8,43,135,26,37,34,20,15,130,104,73,92,132" hai1="7,29,80,59,120,22,79,32,57,77,35,106,85" hai2="129,5,124,3,11,60,61,83,117,78,94,86,45" hai3="114,14,96,44,90,68,99,27,23,2,101,102,108"/><U17/><E120/><V113/><F117/><W9/><G114/><T71/><D73/><U19/><E7/><V56/><F129/><W13/><G68/><T36/><D71/><U50/><E106/><V122/><F122/><W25/><G108/><T111/><D34/><U82/><E29/><V40/><F124/><W126/><G2/><T28/><D111/><U115/><E115/><V58/><F113/><W93/><G126/><T42/><D92/><U84/><E50/><V127/><F127/><W18/><G44/><T30/><D104/><U62/><REACH who="1" step="1"/><E22/><REACH who="1" ten="279,188,302,221" step="2"/><V66/><F5/><W10/><G10/><T100/><D30/><U16/><E16/><V131/><F11/><W65/><G9/><T110/><D110/><U38/><E38/><V12/><F3/><W89/><G23/><T64/><D36/><U39/><E39/><V112/><F112/><W21/><G21/><T109/><D37/><U1/><E1/><V52/><F131/><W24/><G18/><T41/><D109/><U31/><E31/><V48/><F12/><W6/><G6/><N who="0" m="3479" /><D130/><U49/><E49/><V125/><F125/><W4/><G4/><T0/><D0/><U95/><E95/><AGARI ba="0,1" hai="40,45,48,52,56,58,60,61,66,78,83,86,94,95" machi="95" ten="40,2600,0" yaku="8,1,54,1" doraHai="103" who="2" fromWho="1" sc="279,0,188,-26,302,36,221,0" /><INIT seed="2,0,0,0,4,103" ten="279,162,338,221" oya="2" hai0="82,93,59,28,100,85,61,96,71,67,58,13,5" hai1="10,56,26,131,64,35,126,53,129,33,17,9,37" hai2="120,95,30,110,55,75,112,65,27,78,62,68,48" hai3="133,19,8,108,113,80,102,128,51,39,76,43,16"/><V121/><F112/><W25/><G39/><T42/><D42/><U105/><E37/><V47/><F110/><W45/><G108/><T104/><D28/><U77/><E77/><V31/><F31/><W115/><G128/><N who="1" m="49226" /><E64/><V97/><F78/><W12/><G133/><T124/><D124/><U29/><E56/><V54/><F54/><W73/><REACH who="3" step="1"/><G102/><REACH who="3" ten="279,162,338,211" step="2"/><T98/><D98/><U109/><E109/><V52/><F120/><W60/><G60/><T21/><D93/><U69/><E126/><V38/><F121/><W44/><G44/><T125/><D125/><U83/><E69/><V23/><F38/><W114/><G114/><T118/><D118/><U89/><E35/><V94/><F97/><W50/><G50/><T135/><D135/><U127/><E127/><V106/><F95/><W123/><G123/><T116/><D116/><U119/><E119/><V22/><F94/><W24/><G24/><T81/><D71/><U70/><E70/><V46/><F27/><W92/><G92/><T1/><D59/><U107/><E53/><V3/><F52/><W74/><G74/><T6/><D58/><U41/><E41/><V36/><F55/><W32/><G32/><T111/><D100/><U2/><E83/><V134/><F36/><W86/><G86/><T49/><D81/><U101/><E101/><V122/><F134/><W130/><G130/><T0/><D85/><U132/><E132/><V15/><F122/><W84/><G84/><T63/><D82/><U90/><E33/><V66/><F68/><W11/><G11/><N who="0" m="4335" /><D111/><U117/><E117/><V79/><F75/><RYUUKYOKU ba="0,1" sc="279,-10,162,-10,338,-10,211,30" hai3="8,12,16,19,25,43,45,51,73,76,80,113,115" /><INIT seed="3,1,1,4,2,13" ten="269,152,328,241" oya="3" hai0="77,38,79,58,42,83,8,33,15,122,21,84,50" hai1="85,47,72,56,22,101,78,4,63,106,109,43,80" hai2="75,93,123,41,16,3,130,48,131,128,126,116,117" hai3="53,60,11,132,5,71,97,59,115,129,35,114,29"/><W124/><G132/><T46/><D33/><U62/><E109/><V9/><F75/><W111/><G111/><T88/><D122/><U0/><E62/><V73/><F73/><W45/><G129/><T6/><D38/><U37/><E85/><V49/><F123/><W24/><G124/><T1/><D58/><U113/><E113/><V64/><F64/><W10/><G71/><T12/><D1/><U25/><E101/><V104/><F104/><W17/><G97/><T127/><D127/><U108/><E106/><V7/><F126/><W36/><G36/><T67/><D67/><U135/><E135/><V70/><F70/><W39/><G39/><T40/><D40/><U96/><E96/><V74/><F74/><W2/><REACH who="3" step="1"/><G45/><REACH who="3" ten="269,152,328,231" step="2"/><T100/><D100/><U92/><E108/><V51/><F128/><W89/><G89/><T28/><D28/><U82/><E82/><V133/><F130/><W14/><AGARI ba="1,2" hai="2,5,10,11,14,17,24,29,35,53,59,60,114,115" machi="14" ten="30,6000,0" yaku="1,1,0,1,52,1,53,0" doraHai="13" doraHaiUra="120" who="3" fromWho="3" sc="269,-21,152,-21,328,-21,231,83" owari="248,-15.2,131,-36.9,307,10.7,314,41.4" /></mjloggm>