<mjloggm ver="2.3"><GO type="225" lobby="0"/><UN n0="%E8%A8%88%E7%AE%97%E6%A9%9F%E8%87%AA%E7%84%B6" n1="%E3%81%BE%E3%81%A8%E3%81%9F" n2="%4E%6F%2E%30%30%30%31" n3="%E2%91%A3%E9%81%BF%E9%81%8A%E6%88%AF%E3%80%90%E6%9D%B1%E5%8D%97%E3%80%91" dan="17,16,18,16" rate="2194.27,2141.35,2209.63,2139.52" sx="M,M,M,M"/><TAIKYOKU oya="0"/><INIT seed="0,0,0,2,2,106" ten="250,250,250,250" oya="0" hai0="63,16,0,73,79,96,130,71,47,24,3,120,124" hai1="86,41,66,107,74,21,11,82,8,42,135,110,117" hai2="93,104,32,121,40,17,55,19,20,109,115,39,5" hai3="36,102,26,60,58,133,30,89,90,28,84,132,108"/><T25/><D124/><U94/><E117/><V45/><F115/><W69/><G69/><T49/><D130/><U113/><E110/><V131/><F121/><W43/><G108/><T88/><D120/><U78/><E107/><V99/><F109/><W18/><G102/><T64/><D79/><U12/><E135/><V114/><F114/><W68/><G68/><T9/><D73/><U29/><E66/><V7/><F104/><W75/><G75/><T77/><D77/><U10/><E113/><V23/><F32/><W87/><G18/><T128/><D128/><U123/><E123/><V54/><F131/><W111/><G43/><T61/><D61/><U70/><E70/><V95/><F99/><W15/><G15/><T27/><D9/><U118/><E118/><V44/><F39/><W100/><G100/><T119/><D16/><U22/><E12/><V59/><F59/><W81/><G36/><T91/><D119/><U127/><E127/><V112/><F112/><W4/><G4/><T92/><REACH who="0" step="1"/><D91/><REACH who="0" ten="240,250,250,250" step="2"/><U52/><E10/><V31/><F31/><W48/><G111/><T33/><D33/><U35/><E8/><V38/><F38/><W101/><G133/><T46/><D46/><U105/><E11/><V72/><F72/><W98/><G132/><T50/><D50/><U134/><E29/><V126/><F126/><W83/><G48/><T13/><D13/><U76/><E35/><V1/><F1/><W80/><G26/><T97/><D97/><U53/><E134/><V56/><F56/><W65/><G83/><T129/><D129/><U103/><E74/><RYUUKYOKU ba="0,1" sc="240,10,250,-30,250,10,250,10" hai0="0,3,24,25,27,47,49,63,64,71,88,92,96" hai2="5,7,17,19,20,23,40,44,45,54,55,93,95" hai3="28,30,58,60,65,80,81,84,87,89,90,98,101" /><INIT seed="0,1,1,3,4,68" ten="250,220,260,260" oya="0" hai0="89,20,130,123,11,108,8,135,64,69,50,80,82" hai1="90,65,113,15,104,93,17,100,4,110,79,94,125" hai2="133,66,2,78,92,30,40,86,109,75,99,67,127" hai3="48,77,95,39,55,58,114,98,45,96,81,54,36"/><T74/><D123/><U121/><E121/><V14/><F2/><W12/><G114/><T124/><D130/><U101/><E110/><V111/><F75/><W3/><G3/><T103/><D124/><U62/><E104/><V13/><F127/><W128/><G12/><N who="2" m="4713" /><F30/><W59/><G98/><T26/><D135/><U6/><E113/><V16/><F133/><W53/><G128/><T61/><D103/><U129/><E79/><V46/><F16/><W70/><G95/><T21/><D108/><N who="2" m="41546" /><F86/><W57/><G96/><T52/><D21/><U71/><E125/><V132/><F78/><W18/><G18/><T7/><D74/><U118/><E17/><V91/><F132/><W49/><G81/><T105/><D105/><U35/><E129/><V84/><F84/><W56/><G77/><T134/><D134/><U106/><E106/><V27/><F27/><W88/><G88/><T19/><D89/><U47/><E90/><V126/><F126/><W97/><G97/><T85/><D85/><U83/><E83/><V116/><F116/><W115/><G115/><T120/><D120/><U131/><E118/><V31/><F31/><W60/><G70/><T0/><REACH who="0" step="1"/><D8/><REACH who="0" ten="240,220,260,260" step="2"/><U24/><E131/><V29/><F29/><W33/><REACH who="3" step="1"/><G33/><REACH who="3" ten="240,220,260,250" step="2"/><T102/><D102/><U37/><E101/><V32/><F32/><W22/><G22/><T1/><D1/><U76/><E100/><V72/><F72/><W5/><G5/><T23/><D23/><U41/><E4/><V73/><F73/><W117/><G117/><T25/><D25/><U10/><E76/><V51/><AGARI ba="1,3" hai="40,46,51,66,67,91,92,99" m="41546,4713" machi="51" ten="30,2000,0" yaku="5,1,14,1" doraHai="68" who="2" fromWho="2" sc="240,-11,220,-6,260,53,250,-6" /><INIT seed="1,0,0,4,1,85" ten="229,214,313,244" oya="1" hai0="104,103,38,40,106,35,15,8,112,21,115,94,37" hai1="14,29,102,49,76,81,25,56,58,126,46,26,110" hai2="121,32,114,92,79,89,30,19,43,124,5,67,108" hai3="9,53,77,97,31,59,132,66,48,41,134,17,45"/><U109/><E126/><V119/><F124/><W33/><G66/><T83/><D35/><U86/><E102/><V111/><F119/><W34/><G77/><T130/><D130/><U4/><E25/><V82/><F121/><W50/><G97/><T127/><D127/><U73/><E73/><V47/><F67/><W101/><G101/><T16/><D94/><U125/><E125/><V78/><F114/><W36/><G36/><T6/><D103/><U75/><E75/><V12/><F5/><W113/><G113/><T44/><D37/><U80/><E80/><V84/><F30/><W68/><G68/><T60/><D60/><U71/><E14/><V24/><F24/><W99/><G99/><T98/><D98/><U69/><E4/><V117/><F32/><W39/><G39/><T131/><D131/><U87/><E87/><V91/><F117/><W90/><G31/><T18/><D18/><U28/><E71/><V107/><F107/><W55/><G41/><T93/><D93/><U123/><E69/><V62/><F62/><W122/><G122/><T11/><D11/><U95/><E123/><V57/><F57/><N who="1" m="22121" /><E95/><V116/><F116/><W13/><G34/><T74/><D112/><U63/><E63/><V7/><F7/><W120/><G33/><T0/><D115/><U52/><E26/><V96/><F79/><AGARI ba="0,0" hai="0,6,8,15,16,21,38,40,44,74,79,83,104,106" machi="79" ten="40,5200,0" yaku="25,2,54,1" doraHai="85" who="0" fromWho="2" sc="229,52,214,0,313,-52,244,0" /><INIT seed="2,0,0,4,2,132" ten="281,214,261,244" oya="2" hai0="63,56,114,33,40,23,65,67,62,18,74,16,2" hai1="3,39,110,13,73,20,35,44,37,59,122,83,58" hai2="119,51,60,49,68,61,124,78,77,89,70,95,118" hai3="22,32,106,46,127,31,126,72,103,26,11,133,131"/><V43/><F43/><W27/><G72/><T12/><D114/><U121/><E110/><V87/><F87/><W64/><G133/><T21/><D33/><U104/><E104/><V50/><F95/><W100/><G131/><T105/><D2/><U75/><E35/><V48/><F48/><W102/><G11/><T38/><D74/><N who="1" m="28171" /><E83/><V123/><F89/><W29/><G46/><T81/><D105/><U53/><E3/><V76/><F123/><N who="1" m="47113" /><E44/><V71/><REACH who="2" step="1"/><F124/><REACH who="2" ten="281,214,251,244" step="2"/><N who="3" m="47659" /><G64/><T82/><D40/><U90/><E90/><V120/><F120/><W19/><G31/><T94/><D65/><U42/><E42/><V69/><N who="2" m="17408" /><DORA hai="130" /><V30/><F30/><W117/><G117/><AGARI ba="0,1" hai="49,50,51,60,61,76,77,78,117,118,119" m="17408" machi="117" ten="80,12000,1" yaku="1,1,29,2,28,2,53,0" doraHai="132,130" doraHaiUra="1,17" who="2" fromWho="3" sc="281,0,214,0,251,130,244,-120" /><INIT seed="2,1,0,5,5,97" ten="281,214,381,124" oya="2" hai0="92,38,81,53,0,37,9,79,24,2,43,16,50" hai1="55,19,78,40,44,73,104,31,91,17,123,8,45" hai2="29,52,135,20,64,66,109,42,23,107,60,96,28" hai3="26,49,6,67,72,74,100,83,47,30,51,18,1"/><V118/><F118/><W56/><G18/><T34/><D43/><U94/><E31/><N who="2" m="11851" /><F107/><W124/><G124/><T89/><D34/><U112/><E112/><V58/><F135/><W62/><G83/><T57/><D0/><U65/><E65/><N who="2" m="25195" /><F109/><W61/><G6/><T86/><D2/><U130/><E104/><V127/><F127/><W114/><G1/><T108/><D108/><U3/><E55/><V33/><F33/><W119/><G114/><T12/><REACH who="0" step="1"/><D24/><REACH who="0" ten="271,214,381,124" step="2"/><U14/><E3/><V35/><F35/><W126/><G119/><T128/><D128/><U68/><E130/><V116/><F116/><W11/><G126/><T27/><D27/><U102/><E123/><V41/><F96/><AGARI ba="1,1" hai="9,12,16,37,38,50,53,57,79,81,86,89,92,96" machi="96" ten="30,7700,0" yaku="1,1,7,1,54,1,53,1" doraHai="97" doraHaiUra="80" who="0" fromWho="2" sc="271,90,214,0,381,-80,124,0" /><INIT seed="3,0,0,1,3,43" ten="361,214,301,124" oya="3" hai0="6,102,101,40,134,30,78,27,126,131,38,41,13" hai1="67,73,34,112,3,54,31,81,28,71,88,66,130" hai2="47,120,74,64,24,82,15,8,121,4,7,29,23" hai3="135,83,10,115,125,122,123,75,132,97,0,35,117"/><W124/><G97/><T12/><D131/><U111/><E112/><V92/><F64/><W9/><G83/><T37/><D78/><U106/><E106/><V48/><F92/><W89/><G89/><T129/><D129/><U19/><E3/><V80/><F74/><W105/><G75/><T44/><D126/><N who="3" m="48745" /><G105/><T39/><D134/><N who="3" m="51241" /><G115/><T18/><D101/><U100/><E100/><V42/><F120/><N who="3" m="46123" /><G35/><T76/><D102/><U62/><E34/><V32/><F121/><W21/><G117/><T90/><D90/><U65/><E88/><V58/><F32/><W103/><G103/><T2/><D76/><U50/><E81/><V95/><F95/><W60/><G0/><T133/><D2/><U11/><E73/><V22/><F80/><W79/><G79/><T61/><D133/><U16/><E130/><V1/><F82/><W20/><G60/><T127/><D61/><U72/><E72/><V87/><F1/><W55/><G55/><T93/><D127/><U118/><E118/><V85/><F85/><W53/><G53/><T59/><D93/><U128/><E128/><V99/><F87/><W26/><G21/><T86/><D86/><U5/><E62/><V70/><F99/><W56/><G56/><T108/><D59/><U33/><E33/><V14/><F58/><W84/><G84/><T17/><D40/><U109/><E54/><V49/><F23/><W46/><G46/><T104/><D44/><U68/><E68/><V96/><F70/><W77/><G77/><T51/><D104/><U52/><E71/><V110/><F96/><W107/><G107/><RYUUKYOKU ba="0,0" sc="361,-10,214,-10,301,-10,124,30" hai3="9,10,20,26" /><INIT seed="3,1,0,1,3,49" ten="351,204,291,154" oya="3" hai0="70,125,44,27,126,103,50,19,86,135,52,104,107" hai1="76,53,1,63,60,66,78,127,83,98,10,114,57" hai2="42,40,89,129,15,9,88,74,79,55,87,16,75" hai3="71,54,43,122,90,25,73,20,17,113,117,33,2"/><W14/><G122/><T7/><D70/><U29/><E114/><V46/><F129/><W23/><G113/><T77/><D135/><U81/><E127/><N who="0" m="48649" /><D7/><U112/><E112/><V6/><F75/><W12/><G117/><T93/><D103/><U123/><E123/><V102/><F74/><W85/><G71/><T41/><D41/><N who="2" m="15978" /><F102/><W35/><G73/><T110/><D110/><U5/><E29/><V82/><F6/><W38/><G2/><T67/><D67/><U80/><REACH who="1" step="1"/><E98/><REACH who="1" ten="351,194,291,154" step="2"/><V108/><F108/><W58/><G38/><T45/><D104/><U62/><E62/><V26/><F26/><W128/><G128/><T134/><D107/><U96/><E96/><V95/><F95/><W24/><G35/><T119/><D93/><U92/><E92/><V94/><F94/><N who="3" m="54607" /><G33/><T100/><D27/><U130/><E130/><V97/><F97/><W0/><G0/><T28/><D100/><U65/><E65/><V34/><F34/><W118/><G118/><T39/><D119/><U8/><E8/><V11/><F9/><W84/><G84/><T91/><D86/><U22/><E22/><V131/><F131/><W37/><G37/><T133/><D39/><U109/><E109/><V101/><F101/><W56/><G43/><T3/><D3/><U106/><E106/><V59/><F46/><W18/><G54/><T21/><D52/><U115/><E115/><V36/><F36/><W99/><G99/><T69/><D133/><U30/><E30/><V4/><F55/><W105/><G105/><T61/><D134/><U68/><AGARI ba="1,1" hai="1,5,10,53,57,60,63,66,68,76,78,80,81,83" machi="68" ten="30,4000,0" yaku="1,1,0,1,52,1,53,0" doraHai="49" doraHaiUra="121" who="1" fromWho="1" sc="351,-11,194,53,291,-11,154,-21" owari="340,44.0,247,-15.3,280,8.0,133,-36.7" /></mjloggm>