<mjloggm ver="2.3"><GO type="225" lobby="0"/><UN n0="%E3%81%B2%E3%81%AA%E3%81%AE%E3%82%8A%E3%81%8F" n1="%E6%B4%BE%E9%81%A3%E3%81%AE%E3%82%B8%E3%83%A3%E3%83%83%E3%82%AF" n2="%E3%82%BC%E3%83%AB%E3%83%80%E3%81%AE%E4%BC%9D%E8%AA%AC" n3="%E9%80%9F%E6%B0%B4%E5%87%9B%E9%A6%99" dan="17,16,16,16" rate="2217.23,2186.49,2198.40,2120.19" sx="M,M,M,F"/><TAIKYOKU oya="0"/><INIT seed="0,0,0,0,4,127" ten="250,250,250,250" oya="0" hai0="1,72,73,93,48,12,9,79,97,98,102,96,15" hai1="42,89,108,107,132,86,0,112,80,101,62,117,31" hai2="44,63,32,91,106,61,57,81,47,131,16,36,21" hai3="84,51,67,83,41,133,26,49,82,33,64,13,55"/><T22/><D1/><U7/><E117/><V18/><F32/><W50/><G133/><T5/><D79/><U2/><E31/><V99/><F131/><W78/><G26/><T59/><D73/><U128/><E108/><V29/><F106/><W35/><G33/><T39/><D39/><U119/><E119/><V46/><F36/><W27/><G35/><T110/><D72/><U94/><E42/><V23/><F29/><W34/><G27/><T8/><D22/><N who="2" m="8202" /><F61/><W130/><G34/><T38/><D38/><U11/><E132/><V24/><F24/><W76/><G130/><T134/><D134/><U19/><E128/><V88/><F99/><W105/><G105/><T87/><D87/><U85/><E112/><V25/><F25/><W135/><G135/><T113/><D113/><U53/><E19/><N who="2" m="7211" /><F81/><W43/><G13/><T90/><D102/><U120/><E120/><V100/><F100/><W114/><G114/><T111/><D111/><U69/><E107/><V3/><F3/><W122/><G122/><T58/><D110/><U20/><E20/><V126/><F126/><W104/><G104/><T125/><D125/><U118/><E118/><V115/><F115/><W75/><G75/><T129/><D129/><U37/><E37/><V121/><F121/><W10/><G83/><T28/><D28/><U74/><E74/><V56/><F56/><N who="0" m="21546" /><D48/><U109/><E109/><V92/><F92/><W71/><G71/><T124/><D124/><U65/><E2/><V6/><F6/><AGARI ba="0,0" hai="5,6,8,9,12,15,90,93,96,97,98" m="21546" machi="6" ten="30,1500,0" yaku="8,1" doraHai="127" who="0" fromWho="2" sc="250,15,250,0,250,-15,250,0" /><INIT seed="0,1,0,1,5,94" ten="265,250,235,250" oya="0" hai0="25,93,32,22,84,95,1,64,119,126,11,50,86" hai1="102,30,128,36,66,12,18,118,62,120,70,65,44" hai2="82,105,76,54,45,96,9,71,134,60,123,92,78" hai3="33,8,79,115,49,55,81,124,125,80,39,117,130"/><T110/><D119/><U56/><E118/><V58/><F123/><W73/><G33/><T103/><D32/><U68/><E120/><V132/><F105/><W17/><G39/><T29/><D126/><N who="3" m="48745" /><G117/><T90/><D110/><U38/><E30/><V88/><F71/><W3/><G115/><T31/><D31/><U99/><E128/><V26/><F9/><W57/><G130/><T114/><D114/><U10/><E44/><V46/><F26/><W69/><G69/><T61/><D50/><U59/><E70/><V15/><F15/><N who="3" m="7399" /><G81/><T53/><D53/><U100/><E100/><V127/><F127/><W6/><G6/><T113/><D113/><U72/><E72/><N who="2" m="43271" /><F78/><W109/><G109/><T83/><D86/><U135/><E68/><V89/><F89/><W0/><AGARI ba="1,0" hai="0,3,49,55,57,73,79,80" m="7399,48745" machi="0" ten="30,1100,0" yaku="18,1" doraHai="94" who="3" fromWho="3" sc="265,-6,250,-4,235,-4,250,14" /><INIT seed="1,0,0,4,2,81" ten="259,246,231,264" oya="1" hai0="121,126,120,20,124,74,86,49,35,54,94,76,119" hai1="47,37,129,89,78,39,96,117,99,44,80,9,92" hai2="101,72,71,38,106,110,6,48,93,27,62,58,11" hai3="116,28,32,63,100,7,60,130,50,83,24,46,107"/><U91/><E117/><V109/><F38/><W108/><G116/><T84/><D35/><U40/><E129/><V36/><F36/><W135/><G108/><N who="2" m="41577" /><F72/><W133/><G130/><T131/><D131/><U42/><E9/><V73/><F73/><W134/><G7/><T87/><D119/><U111/><E111/><V112/><F112/><W2/><G2/><T12/><D94/><U132/><E132/><V64/><F106/><W105/><G105/><T61/><D61/><U41/><E41/><V8/><F27/><W13/><G13/><T4/><D76/><U21/><E21/><V17/><F17/><W34/><G34/><T85/><N who="0" m="21504" /><DORA hai="95" /><T52/><D74/><U103/><E96/><N who="2" m="59535" /><F6/><W104/><G83/><T31/><D4/><U18/><E18/><V55/><AGARI ba="0,0" hai="8,11,48,55,58,62,64,71" m="59535,41577" machi="55" ten="30,2000,0" yaku="14,1,52,1" doraHai="81,95" who="2" fromWho="2" sc="259,-5,246,-10,231,20,264,-5" /><INIT seed="2,0,0,5,5,74" ten="254,236,251,259" oya="2" hai0="7,29,70,115,105,13,12,10,62,125,23,54,81" hai1="123,103,34,37,3,41,107,118,79,46,97,58,112" hai2="40,68,117,69,51,61,104,0,44,9,5,98,86" hai3="18,71,87,17,47,64,20,113,88,6,120,128,83"/><V67/><F117/><W111/><G120/><T60/><D105/><U22/><E118/><V42/><F86/><W57/><G111/><T52/><D115/><U96/><E112/><V63/><F42/><W56/><G113/><T65/><D125/><U73/><E34/><V45/><F45/><W82/><G128/><T77/><D62/><U116/><E116/><V66/><F98/><W38/><G38/><T132/><D132/><U72/><E123/><V11/><F11/><W85/><G6/><T1/><D1/><U76/><E3/><V121/><F121/><W93/><G93/><T8/><D23/><U108/><E108/><V39/><F51/><W84/><G84/><T15/><D29/><U131/><E131/><V101/><F101/><W36/><G36/><T43/><D43/><U122/><E122/><V14/><F14/><W35/><G35/><T32/><D15/><U95/><E58/><V59/><F59/><W50/><G64/><T55/><D32/><U134/><E134/><V27/><F27/><N who="3" m="14735" /><G18/><T92/><D92/><U49/><E37/><V119/><F119/><W130/><G71/><T89/><D89/><U48/><E48/><V53/><F53/><N who="3" m="29919" /><G130/><T126/><D126/><U94/><E107/><AGARI ba="0,0" hai="0,5,9,39,40,44,61,63,66,67,68,69,104,107" machi="107" ten="40,12000,1" yaku="9,1,33,3" doraHai="74" who="2" fromWho="1" sc="254,0,236,-120,251,120,259,0" /><INIT seed="2,1,0,2,4,45" ten="254,116,371,259" oya="2" hai0="30,123,119,23,93,89,55,62,108,48,18,72,64" hai1="81,0,106,116,99,135,20,109,51,61,70,127,110" hai2="50,6,107,38,121,59,124,82,97,35,58,29,19" hai3="37,27,105,56,125,32,21,101,15,44,63,67,40"/><V31/><F38/><W112/><G125/><T74/><D123/><U92/><E0/><V75/><F6/><W49/><G112/><T134/><D108/><N who="1" m="41579" /><E116/><V25/><F31/><W91/><G32/><T8/><D30/><U1/><E1/><V13/><F75/><W52/><G15/><T24/><D134/><U90/><E135/><V33/><F33/><W14/><G14/><T3/><D8/><U69/><E106/><V5/><F5/><W100/><G91/><T113/><D3/><U79/><E20/><V4/><F4/><W129/><G129/><T86/><D113/><U95/><E95/><V28/><F82/><W66/><G105/><T41/><D41/><U47/><E61/><V7/><F28/><W84/><G84/><T16/><D18/><U73/><E127/><V22/><F7/><W71/><G67/><T36/><D119/><U34/><E34/><V9/><F124/><W85/><G85/><T10/><D10/><U46/><E46/><V98/><F9/><W88/><G88/><T26/><D26/><U120/><E120/><V130/><F121/><W2/><G2/><T87/><D87/><U78/><E78/><V54/><F107/><W132/><G132/><T133/><D133/><U65/><E65/><V103/><F35/><W60/><G60/><T102/><D62/><U68/><E47/><V114/><F114/><W111/><G111/><T42/><D64/><U17/><E17/><AGARI ba="1,0" hai="17,21,27,37,40,44,49,52,56,63,66,71,100,101" machi="17" ten="30,8000,1" yaku="7,1,24,2,52,1,54,1" doraHai="45" who="3" fromWho="1" sc="254,0,116,-83,371,0,259,83" /><INIT seed="3,0,0,3,0,6" ten="254,33,371,342" oya="3" hai0="77,24,135,45,12,87,8,35,79,56,76,103,124" hai1="54,5,36,30,21,53,130,126,104,134,22,37,99" hai2="25,121,14,15,44,128,71,23,50,102,113,82,70" hai3="33,86,100,107,31,52,62,91,115,17,60,7,74"/><W39/><G39/><T81/><D103/><U93/><E104/><V4/><F113/><W120/><G74/><T78/><D135/><U80/><E80/><V40/><F128/><W110/><G120/><T101/><D101/><U55/><E130/><V92/><F121/><W132/><G115/><T109/><D109/><U58/><E134/><V129/><F129/><W106/><G132/><T68/><D68/><U122/><E122/><V131/><F131/><W11/><G110/><T64/><D124/><U96/><E126/><V46/><F71/><W26/><G17/><T32/><D32/><U43/><E36/><V57/><F70/><W127/><G127/><T117/><D117/><U84/><E37/><V94/><F57/><W63/><G100/><T2/><D2/><U48/><E5/><V49/><F82/><W125/><G125/><T123/><D123/><U9/><E9/><N who="2" m="4391" /><F15/><W41/><G41/><T112/><D112/><U66/><E84/><V0/><F0/><W34/><G34/><T29/><D45/><N who="1" m="25663" /><E30/><N who="2" m="17727" /><F102/><W16/><G16/><T83/><D83/><U119/><E119/><V72/><F72/><W59/><G107/><T90/><D76/><U97/><E93/><V69/><F69/><W67/><G106/><T19/><D77/><U42/><E42/><AGARI ba="0,0" hai="40,42,44,46,49,50,92,94" m="17727,4391" machi="42" ten="30,2000,0" yaku="8,1,52,1" doraHai="6" who="2" fromWho="1" sc="254,0,33,-20,371,20,342,0" owari="254,-14.6,13,-48.7,391,49.1,342,14.2" /></mjloggm>