<mjloggm ver="2.3"><GO type="225" lobby="0"/><UN n0="%E9%80%9F%E6%B0%B4%E5%87%9B%E9%A6%99" n1="%E5%B8%86%E7%AB%8B%E5%A4%8F%E8%A1%A3" n2="%72%69%6F%75%63%68%61%6E" n3="%E3%81%A1%E3%82%85%E3%81%86%E3%81%A9%E3%81%8F%E8%B1%A1%E3%81%95%E3%82%93" dan="16,17,17,17" rate="2156.44,2147.09,2233.75,2185.04" sx="F,M,M,M"/><TAIKYOKU oya="0"/><INIT seed="0,0,0,5,2,122" ten="250,250,250,250" oya="0" hai0="113,73,77,79,111,39,21,38,130,0,110,13,80" hai1="52,20,33,4,10,116,118,63,64,114,117,60,96" hai2="56,54,74,62,8,97,112,46,49,125,115,41,2" hai3="135,131,22,92,57,134,5,14,85,86,12,94,99"/><T95/><D0/><U70/><E33/><V133/><F74/><W72/><G72/><T47/><D113/><U16/><E114/><N who="2" m="43563" /><F97/><W106/><G131/><T120/><D120/><U90/><E4/><V124/><F8/><N who="3" m="4111" /><G57/><T1/><D1/><U91/><E10/><V71/><F2/><W9/><G22/><T104/><D104/><U103/><E63/><V45/><F133/><N who="3" m="50699" /><G106/><T83/><D95/><N who="3" m="36393" /><G99/><T101/><D101/><U98/><E98/><V53/><F71/><W19/><AGARI ba="0,0" hai="9,14,19,85,86" m="36393,50699,4111" machi="19" ten="30,1100,0" yaku="20,1" doraHai="122" who="3" fromWho="3" sc="250,-5,250,-3,250,-3,250,11" /><INIT seed="1,0,0,0,1,78" ten="245,247,247,261" oya="1" hai0="132,20,49,47,15,134,119,5,40,99,31,87,111" hai1="120,121,68,106,85,108,43,125,37,13,103,4,98" hai2="45,129,91,44,122,57,105,26,80,7,97,70,35" hai3="124,109,34,10,127,33,25,3,128,1,114,48,133"/><U110/><E68/><V24/><F122/><N who="1" m="47209" /><E43/><V32/><F129/><W59/><G114/><T53/><D119/><U36/><E13/><V66/><F57/><W18/><G128/><T9/><D111/><N who="1" m="42539" /><E4/><V2/><F26/><W102/><G102/><T130/><D130/><U76/><E37/><V93/><F105/><W55/><G133/><T29/><D99/><U11/><E11/><V63/><F80/><W100/><G100/><T84/><D53/><U69/><E69/><V81/><F81/><W117/><G117/><T89/><D87/><U28/><E28/><V51/><F24/><W83/><G83/><T30/><REACH who="0" step="1"/><D20/><REACH who="0" ten="235,247,247,261" step="2"/><U27/><E125/><V126/><F126/><W107/><G109/><T52/><D52/><U8/><E85/><V46/><REACH who="2" step="1"/><F51/><REACH who="2" ten="235,247,237,261" step="2"/><W104/><G48/><T54/><D54/><U42/><E36/><V135/><F135/><W116/><G55/><T62/><D62/><U19/><E76/><V74/><F74/><W113/><G124/><T60/><D60/><U14/><E42/><V6/><F6/><W39/><G127/><T94/><AGARI ba="0,2" hai="5,9,15,29,30,31,40,47,49,84,89,94,132,134" machi="94" ten="30,2000,0" yaku="1,1,0,1,53,0" doraHai="78" doraHaiUra="50" who="0" fromWho="0" sc="235,40,247,-10,237,-5,261,-5" /><INIT seed="2,0,0,0,4,134" ten="275,237,232,256" oya="2" hai0="54,42,4,90,37,89,70,2,14,35,18,26,64" hai1="78,57,17,58,91,9,88,130,33,94,61,5,12" hai2="7,36,40,21,67,133,24,92,65,29,15,93,87" hai3="52,46,3,13,53,86,59,55,109,127,72,128,44"/><V49/><F133/><W68/><G3/><T41/><D37/><U84/><E130/><V75/><F75/><W118/><G72/><T110/><D110/><U11/><E33/><V47/><F36/><W45/><G68/><T99/><D99/><U76/><E58/><V103/><F93/><W10/><G109/><T121/><D121/><U129/><E129/><V0/><F0/><W62/><G128/><T71/><D54/><U51/><E51/><V39/><F39/><W81/><G118/><T20/><D41/><U63/><E63/><V43/><F43/><W60/><G59/><T66/><D42/><U117/><E117/><V115/><F115/><W34/><G34/><T111/><D111/><U98/><E11/><N who="2" m="4607" /><F87/><W69/><G69/><T83/><D83/><N who="1" m="49183" /><E5/><V100/><F100/><W113/><G113/><T25/><D71/><U114/><E114/><V126/><F126/><W95/><G95/><T48/><D70/><U73/><E73/><V131/><F131/><W28/><G127/><T1/><D1/><U104/><E104/><V107/><F107/><W85/><G28/><T32/><D32/><U119/><E119/><V112/><F112/><W124/><G124/><T50/><D35/><U22/><E9/><V8/><F8/><W19/><G85/><T6/><D2/><U135/><E135/><V56/><F56/><W74/><G74/><T122/><D122/><U79/><E79/><AGARI ba="0,0" hai="10,13,19,44,45,46,52,53,55,60,62,79,81,86" machi="79" ten="40,2600,0" yaku="8,1,54,1" doraHai="134" who="3" fromWho="1" sc="275,0,237,-26,232,0,256,26" /><INIT seed="3,0,0,5,1,117" ten="275,211,232,282" oya="3" hai0="47,8,84,130,25,98,23,40,59,2,24,13,121" hai1="127,10,60,72,97,120,126,111,96,66,5,41,35" hai2="0,44,6,43,26,32,37,38,134,95,15,61,75" hai3="39,93,16,89,4,14,29,88,49,132,124,118,51"/><W53/><G118/><T64/><D2/><U112/><E72/><V62/><F134/><W102/><G132/><T58/><D130/><U80/><E112/><V36/><F15/><W74/><G39/><T119/><D119/><U100/><E35/><V86/><F75/><W77/><G74/><T3/><D3/><N who="1" m="319" /><E41/><V42/><F6/><W122/><G77/><T106/><D106/><N who="1" m="63751" /><E80/><V83/><F0/><W48/><G122/><T12/><D121/><U94/><E94/><V85/><F95/><W125/><G29/><T123/><D123/><U91/><E91/><V9/><F9/><N who="3" m="6223" /><G4/><T107/><D107/><U33/><E97/><V28/><F86/><W103/><G53/><T90/><D98/><U22/><E120/><V55/><F55/><W114/><G114/><T45/><D84/><U70/><E111/><V52/><F52/><W11/><G11/><T133/><D8/><U101/><E22/><V46/><REACH who="2" step="1"/><F36/><REACH who="2" ten="275,211,222,282" step="2"/><W82/><G82/><T17/><D133/><U128/><E128/><V99/><F99/><N who="3" m="59759" /><G103/><T56/><D40/><U57/><E101/><V115/><F115/><W67/><G67/><T131/><D64/><U50/><E33/><V21/><F21/><W65/><G65/><T68/><D131/><U20/><E20/><V78/><AGARI ba="0,1" hai="26,28,32,37,38,42,43,44,46,61,62,78,83,85" machi="78" ten="20,8000,1" yaku="1,1,0,1,7,1,9,1,53,1" doraHai="117" doraHaiUra="73" who="2" fromWho="2" sc="275,-20,211,-20,222,90,282,-40" owari="255,5.5,191,-30.9,312,41.2,242,-15.8" /></mjloggm>