<mjloggm ver="2.3"><GO type="225" lobby="0"/><UN n0="%E3%81%AF%E3%82%88%E3%81%8A%E3%81%98%E3%81%95%E3%82%93" n1="%E7%99%BD%E5%92%B2%E8%8A%B1%E3%81%A1%E3%82%83%E3%82%93" n2="%E8%B6%85%E7%B4%9A%E9%B3%B3%E5%87%B0" n3="%E6%B8%A9%E2%98%85%E6%83%85%E2%98%85%E6%8E%AA%E2%98%85%E7%BD%AE" dan="17,16,16,17" rate="2198.10,2091.33,2140.79,2256.24" sx="M,F,M,M"/><TAIKYOKU oya="0"/><INIT seed="0,0,0,0,3,132" ten="250,250,250,250" oya="0" hai0="126,102,113,130,100,18,22,101,90,78,71,84,38" hai1="56,88,42,35,17,127,111,117,114,122,49,73,25" hai2="9,8,28,76,31,12,15,106,19,61,135,1,103" hai3="79,105,97,115,92,64,119,59,125,53,80,60,45"/><T26/><D113/><U7/><E117/><V74/><F135/><W13/><G119/><T24/><D38/><U86/><E122/><V83/><F1/><W48/><G115/><T116/><D116/><U93/><E114/><V99/><REACH who="2" step="1"/><F61/><REACH who="2" ten="250,250,240,250" step="2"/><W37/><G105/><T98/><D130/><U104/><E111/><V57/><F57/><W23/><G37/><T96/><D71/><U14/><E56/><V46/><F46/><W29/><G45/><T81/><D126/><U5/><E127/><V67/><F67/><W75/><G64/><T134/><D134/><U95/><E49/><V30/><F30/><W91/><G60/><T39/><D39/><U36/><E36/><V33/><F33/><W82/><G125/><T118/><D118/><U129/><E35/><V110/><F110/><W128/><G29/><T58/><D58/><U62/><E62/><V44/><F44/><W107/><G107/><T112/><D112/><U4/><E104/><V65/><F65/><W43/><G128/><T50/><D50/><U11/><E129/><V87/><F87/><W52/><G59/><T47/><D47/><U21/><E73/><V20/><F20/><W34/><G34/><T41/><D41/><U72/><E72/><V16/><AGARI ba="0,1" hai="8,9,12,15,16,19,28,31,74,76,83,99,103,106" machi="16" ten="20,8000,1" yaku="1,1,0,1,7,1,9,1,54,1,53,0" doraHai="132" doraHaiUra="109" who="2" fromWho="2" sc="250,-40,250,-20,240,90,250,-20" /><INIT seed="1,0,0,0,0,83" ten="210,230,330,230" oya="1" hai0="64,39,69,106,77,0,102,15,135,14,53,118,62" hai1="119,8,93,81,128,96,70,94,73,110,34,122,55" hai2="9,35,17,82,107,84,30,130,121,58,45,79,49" hai3="75,50,66,60,40,78,126,10,91,4,36,51,72"/><U108/><E34/><V37/><F121/><W132/><G126/><T120/><D118/><U63/><E122/><V11/><F107/><W1/><G132/><T19/><D120/><U89/><E119/><V25/><F130/><W54/><G91/><T131/><D0/><U133/><E133/><V28/><F28/><W2/><G2/><T85/><D135/><U20/><E128/><V104/><F104/><W105/><G105/><T21/><D131/><U61/><E8/><V127/><F127/><W124/><G124/><T44/><D14/><U22/><E55/><V98/><F98/><W26/><G26/><T43/><D53/><U117/><E117/><V97/><F97/><W100/><G100/><T59/><D106/><U5/><E5/><V134/><F134/><W6/><G6/><T115/><D102/><U111/><E94/><V24/><F58/><W31/><G31/><T71/><REACH who="0" step="1"/><D115/><REACH who="0" ten="200,230,330,230" step="2"/><U87/><E73/><V46/><F25/><W74/><G54/><T116/><D116/><U80/><E80/><AGARI ba="0,1" hai="15,19,21,39,43,44,59,62,64,69,71,77,80,85" machi="80" ten="40,2600,0" yaku="1,1,52,1,53,0" doraHai="83" doraHaiUra="125" who="0" fromWho="1" sc="200,36,230,-26,330,0,230,0" /><INIT seed="2,0,0,2,0,129" ten="236,204,330,230" oya="2" hai0="53,25,131,105,109,23,7,88,117,64,71,102,3" hai1="38,4,2,49,135,9,121,48,75,87,8,127,20" hai2="61,76,97,78,33,1,94,47,130,77,110,72,29" hai3="62,54,34,132,91,89,56,103,125,123,31,17,84"/><V26/><F1/><W118/><G123/><T58/><D131/><U65/><E121/><V104/><F130/><W39/><G39/><T90/><D109/><U101/><E75/><V30/><F110/><W82/><G118/><T66/><D117/><U16/><E127/><V0/><F0/><W93/><G125/><T67/><D71/><U5/><E38/><V108/><F108/><W112/><G112/><T69/><D69/><U12/><E135/><V63/><F72/><W44/><G132/><T36/><D36/><U73/><E73/><V114/><F114/><W120/><G120/><T113/><D113/><U59/><E101/><V85/><F29/><W42/><G103/><T11/><D105/><U51/><E87/><V15/><F104/><W96/><G17/><T18/><REACH who="0" step="1"/><D102/><REACH who="0" ten="226,204,330,230" step="2"/><U122/><E122/><V116/><F116/><W60/><G60/><AGARI ba="0,1" hai="3,7,11,18,23,25,53,58,60,64,66,67,88,90" machi="60" ten="40,8000,1" yaku="1,1,2,1,54,1,53,1" doraHai="129" doraHaiUra="21" who="0" fromWho="3" sc="226,90,204,0,330,0,230,-80" /><INIT seed="3,0,0,2,4,48" ten="316,204,330,150" oya="3" hai0="53,121,75,58,132,134,46,17,33,1,45,72,30" hai1="89,93,65,107,74,69,35,106,111,92,113,102,19" hai2="120,86,133,28,67,90,61,11,25,78,103,104,59" hai3="40,71,27,10,88,98,94,6,117,32,95,50,70"/><W83/><G117/><T91/><D121/><U119/><E35/><V34/><F120/><W47/><G83/><T21/><D1/><U43/><E43/><V52/><F133/><N who="0" m="51306" /><D91/><U23/><E65/><V122/><F122/><W68/><G95/><T39/><D30/><U62/><E62/><V22/><F78/><W14/><G32/><T31/><D31/><U64/><E64/><V38/><F38/><W118/><G118/><T44/><D39/><U2/><E113/><V56/><F11/><W18/><REACH who="3" step="1"/><G27/><REACH who="3" ten="316,204,330,140" step="2"/><N who="0" m="14767" /><D33/><U115/><E93/><V84/><F34/><W77/><G77/><T76/><D76/><U110/><E92/><V85/><F104/><W126/><G126/><T26/><D26/><U108/><E107/><V54/><F103/><W57/><G57/><T29/><D29/><U125/><E119/><V129/><F90/><W80/><G80/><T9/><D9/><U112/><E125/><V79/><F79/><W97/><G97/><T81/><D81/><U128/><E69/><V37/><F59/><W82/><G82/><T131/><D131/><U36/><E128/><V13/><F129/><W99/><G99/><T105/><D105/><U101/><E89/><V127/><F127/><W66/><G66/><T135/><D135/><U114/><E106/><V5/><F28/><W12/><G12/><T100/><D100/><N who="1" m="38507" /><E74/><V109/><F25/><W24/><G24/><T4/><D4/><AGARI ba="0,1" hai="4,6,10,14,18,40,47,50,68,70,71,88,94,98" machi="4" ten="40,3900,0" yaku="1,1,54,1,53,0" doraHai="48" doraHaiUra="124" who="3" fromWho="0" sc="316,-39,204,0,330,0,140,49" /><INIT seed="3,1,0,2,4,100" ten="277,204,330,189" oya="3" hai0="114,10,17,74,25,67,15,89,118,57,8,68,16" hai1="64,60,122,84,1,31,126,2,32,63,53,61,95" hai2="66,59,9,90,35,116,21,107,23,20,4,133,81" hai3="56,39,101,26,3,40,124,127,18,104,102,129,46"/><W27/><G3/><T88/><D114/><U97/><E122/><V110/><F116/><W96/><G129/><T76/><D118/><U109/><E109/><V45/><F35/><W85/><G102/><T87/><D68/><U0/><E126/><N who="3" m="48170" /><G18/><T80/><D74/><U134/><E134/><V22/><F110/><W113/><G113/><T120/><D120/><U13/><E53/><V75/><F133/><W33/><G33/><T14/><D25/><N who="3" m="9225" /><G85/><T115/><D115/><U51/><E31/><V11/><F107/><N who="3" m="63911" /><G56/><T123/><D123/><U78/><E32/><V106/><F106/><AGARI ba="1,0" hai="39,40,46,104,106" m="63911,9225,48170" machi="106" ten="30,11600,0" yaku="18,1,52,3" doraHai="100" who="3" fromWho="2" sc="277,0,204,0,330,-119,189,119" owari="277,7.7,204,-29.6,211,-18.9,308,40.8" /></mjloggm>