<mjloggm ver="2.3"><GO type="225" lobby="0"/><UN n0="%E7%99%BD%E6%97%A5%E9%9B%AA%E8%8F%9C" n1="%E7%99%BD%E5%92%B2%E8%8A%B1%E3%81%A1%E3%82%83%E3%82%93" n2="%E8%B6%85%E7%B4%9A%E9%B3%B3%E5%87%B0" n3="%E3%81%99%E3%81%84%E3%81%BE%E3%81%9B%E3%83%BC%E3%82%93" dan="17,16,16,18" rate="2190.78,2154.80,2186.15,2233.88" sx="M,F,F,M"/><TAIKYOKU oya="0"/><INIT seed="0,0,0,5,4,7" ten="250,250,250,250" oya="0" hai0="74,129,132,87,17,52,59,42,107,86,53,50,38" hai1="106,61,25,77,14,68,120,135,124,10,131,32,105" hai2="40,30,121,113,98,64,89,8,75,41,13,81,111" hai3="65,130,37,80,48,24,90,26,39,66,100,57,22"/><T27/><D74/><U34/><E120/><V19/><F121/><W31/><G130/><T118/><D118/><U76/><E131/><V6/><F113/><W109/><G109/><T63/><D107/><U54/><E124/><V134/><F111/><W2/><G2/><T101/><D101/><U88/><E135/><V119/><F134/><W9/><G100/><T123/><D123/><U117/><E117/><V67/><F119/><W3/><G26/><T33/><D129/><U69/><E54/><V16/><F30/><W72/><G66/><N who="2" m="25129" /><F75/><W51/><G51/><T60/><D132/><U70/><E61/><V58/><F58/><W103/><G103/><T96/><D96/><U115/><E115/><V20/><F6/><W99/><G72/><T84/><D38/><U49/><E88/><V102/><F102/><W108/><G108/><T91/><D33/><N who="1" m="12907" /><E49/><V5/><F5/><W15/><G3/><T133/><D133/><U36/><E25/><N who="2" m="14471" /><F98/><W28/><G39/><T95/><D63/><U128/><E36/><V45/><F45/><W71/><G37/><T116/><D116/><U11/><E128/><V85/><AGARI ba="0,0" hai="8,13,19,40,41,81,85,89" m="14471,25129" machi="85" ten="30,4000,0" yaku="8,1,52,1,54,1" doraHai="7" who="2" fromWho="2" sc="250,-20,250,-10,250,40,250,-10" /><INIT seed="1,0,0,2,4,125" ten="230,240,290,240" oya="1" hai0="116,31,102,126,61,107,65,34,131,119,46,123,43" hai1="14,40,94,120,24,72,85,17,117,77,42,38,95" hai2="37,104,81,30,19,11,118,132,23,92,54,64,10" hai3="129,32,49,113,57,82,5,50,71,98,25,52,130"/><U121/><E117/><V135/><F118/><W69/><G113/><T112/><D112/><U87/><E24/><V128/><F104/><W35/><G5/><T21/><D126/><U56/><E56/><V96/><F37/><W66/><G66/><T80/><D21/><U103/><E72/><V110/><F110/><W93/><G82/><T55/><D55/><U51/><E38/><V70/><F81/><W97/><G50/><T63/><D123/><U76/><E14/><V47/><F30/><W109/><G109/><T2/><D63/><U20/><E20/><V26/><F70/><N who="3" m="26635" /><G25/><N who="0" m="18799" /><D2/><U73/><E73/><V83/><F83/><W114/><G98/><N who="0" m="61911" /><D80/><U1/><E1/><V13/><F64/><W53/><G53/><T18/><D18/><U9/><E9/><V27/><F11/><W78/><G78/><T89/><D89/><U99/><E17/><V6/><F26/><W28/><G28/><T105/><D105/><U16/><E16/><V45/><F54/><W134/><G114/><T101/><D101/><U111/><E111/><V36/><F36/><W106/><G106/><T12/><D12/><U44/><E103/><N who="2" m="60807" /><F47/><W91/><G32/><T67/><D67/><U122/><E122/><V68/><F45/><W84/><G35/><T127/><D127/><U15/><E44/><V79/><F79/><W29/><G29/><T3/><D3/><U48/><E15/><V22/><F23/><W90/><G134/><N who="2" m="51241" /><F68/><W8/><G8/><T4/><D119/><U133/><E133/><V86/><F86/><W59/><G59/><T39/><D116/><U115/><E115/><RYUUKYOKU ba="0,0" sc="230,-30,240,10,290,10,240,10" hai1="40,42,48,51,76,77,85,87,94,95,99,120,121" hai2="6,10,13,19,22,27,128" hai3="49,52,57,84,90,91,93,97,129,130" /><INIT seed="1,1,0,4,3,92" ten="200,250,300,250" oya="1" hai0="110,79,129,39,95,20,120,37,57,102,115,104,86" hai1="34,123,4,23,87,19,50,114,3,88,56,51,48" hai2="33,31,93,122,97,106,52,101,73,55,94,60,43" hai3="6,130,131,17,26,107,127,99,0,12,119,100,54"/><U113/><E123/><V74/><F122/><W1/><G127/><T18/><D115/><U36/><E34/><V24/><F43/><W58/><G119/><T96/><D120/><U53/><E36/><V111/><F111/><W82/><G82/><T40/><D110/><U135/><E135/><V30/><F30/><W32/><G6/><T109/><D109/><U46/><E3/><V42/><F42/><W2/><G26/><T47/><D129/><N who="3" m="49161" /><G32/><T38/><D57/><U80/><E4/><V35/><F35/><W98/><G100/><T108/><D108/><U25/><REACH who="1" step="1"/><E51/><REACH who="1" ten="200,240,300,250" step="2"/><V61/><F33/><W85/><G0/><T72/><D38/><U70/><E70/><V44/><F74/><W90/><G1/><T8/><D37/><U81/><E81/><V67/><F73/><W66/><G2/><T105/><D72/><U13/><E13/><V132/><F132/><W10/><G12/><T91/><D39/><U21/><E21/><V15/><F15/><W69/><G69/><T103/><D20/><U45/><E45/><V7/><F7/><W125/><G125/><T63/><D47/><U118/><E118/><V121/><F44/><W126/><G126/><T124/><D124/><U9/><E9/><V84/><F121/><W112/><G10/><T22/><D8/><U77/><E77/><V76/><F76/><W134/><G134/><T49/><D22/><U117/><E117/><V14/><F14/><W28/><G58/><T64/><D79/><U89/><E89/><V62/><F24/><W68/><G68/><T78/><D78/><U128/><E128/><RYUUKYOKU ba="1,1" sc="200,-10,240,30,300,-10,250,-10" hai1="19,23,25,46,48,50,53,56,80,87,88,113,114" /><INIT seed="1,2,1,0,0,106" ten="190,270,290,240" oya="1" hai0="82,85,122,100,26,66,56,0,38,102,8,101,6" hai1="130,76,109,92,1,65,75,116,132,123,133,111,88" hai2="112,39,89,55,45,18,74,54,33,19,16,115,93" hai3="21,99,5,117,108,135,43,11,104,59,77,50,29"/><U94/><E1/><V120/><F120/><W119/><G108/><N who="1" m="41546" /><E123/><V129/><F33/><W68/><G68/><T52/><D122/><U86/><E116/><N who="3" m="44618" /><G135/><N who="1" m="51786" /><E130/><V31/><F129/><W91/><G77/><T124/><D38/><U103/><E65/><V125/><F31/><W17/><G29/><T47/><D124/><U23/><E23/><V78/><F125/><W118/><G118/><T9/><D26/><U14/><E14/><V20/><F20/><W64/><G64/><T57/><D9/><U81/><E103/><V36/><F39/><W30/><G30/><T51/><REACH who="0" step="1"/><D66/><REACH who="0" ten="180,270,290,240" step="2"/><U4/><E4/><V22/><F36/><W46/><G11/><T73/><D73/><U110/><E110/><V83/><F74/><W126/><G126/><T96/><D96/><U63/><E63/><V25/><F25/><W44/><G99/><T48/><D48/><U134/><E134/><V84/><F115/><W10/><G10/><T128/><D128/><U28/><E28/><V53/><F112/><W90/><G5/><T60/><D60/><U67/><E67/><V12/><F45/><W49/><G46/><T113/><D113/><U80/><AGARI ba="2,2" hai="75,76,80,81,86,88,92,94" m="51786,41546" machi="80" ten="40,18000,2" yaku="14,1,10,1,20,1,34,2,52,1,54,1" doraHai="106" who="1" fromWho="1" sc="180,-62,270,206,290,-62,240,-62" /><INIT seed="1,3,0,2,3,72" ten="118,476,228,178" oya="1" hai0="128,67,127,7,95,2,87,44,10,109,96,21,103" hai1="75,15,81,55,41,6,97,112,59,99,116,102,13" hai2="119,126,17,58,83,47,37,48,100,30,124,27,105" hai3="5,53,43,107,26,12,0,74,32,16,45,8,106"/><U111/><E112/><V14/><F119/><W110/><G110/><T84/><D109/><U31/><E111/><V85/><F37/><W65/><G65/><T129/><D127/><N who="2" m="48682" /><F58/><W22/><G53/><T89/><D67/><U71/><E71/><V78/><F100/><W117/><G74/><T25/><D44/><U62/><E116/><V92/><F92/><W34/><G117/><T11/><D11/><U29/><E41/><N who="2" m="24687" /><F105/><W134/><G134/><T131/><REACH who="0" step="1"/><D103/><REACH who="0" ten="108,476,228,178" step="2"/><U54/><E102/><V40/><F40/><W73/><G73/><T77/><D77/><U51/><E75/><N who="2" m="43487" /><F27/><W66/><G66/><T115/><D115/><U20/><E55/><V70/><F70/><W60/><G26/><T64/><D64/><U114/><E54/><V56/><F56/><W121/><G45/><T36/><D36/><U101/><E59/><V33/><F85/><W4/><G43/><T133/><D133/><U125/><E101/><V57/><F57/><W35/><G107/><T104/><D104/><U94/><E125/><V68/><F68/><W120/><G106/><T50/><D50/><U63/><E51/><V1/><F1/><N who="3" m="15" /><G60/><T23/><D23/><U46/><E63/><V49/><F49/><W118/><G118/><T88/><D88/><U93/><E62/><V108/><F108/><W76/><G76/><T82/><D82/><U19/><E114/><V39/><F39/><W28/><G0/><T42/><D42/><U123/><E46/><V113/><F113/><W18/><G22/><T91/><D91/><U130/><E20/><N who="2" m="11319" /><F33/><W98/><G35/><T132/><D132/><RYUUKYOKU ba="3,1" sc="108,15,476,-15,228,15,178,-15" hai0="2,7,10,21,25,84,87,89,95,96,128,129,131" hai2="30" /><INIT seed="2,4,1,5,3,37" ten="123,461,243,163" oya="2" hai0="67,69,86,81,28,17,112,47,114,48,134,121,135" hai1="123,15,19,38,2,103,77,35,104,49,33,92,57" hai2="25,40,26,74,91,129,120,99,43,56,87,53,93" hai3="82,55,31,133,52,89,68,45,0,118,109,54,119"/><V16/><F120/><W117/><G109/><T61/><D121/><U85/><E123/><V29/><F74/><W27/><G133/><N who="0" m="50699" /><D17/><U84/><E2/><V122/><F122/><W30/><G0/><T21/><D21/><U64/><E38/><V75/><F75/><W76/><G68/><T10/><D10/><U78/><E104/><V125/><F129/><W3/><G3/><T18/><D18/><U131/><E35/><V113/><F113/><W32/><G31/><T132/><D28/><U126/><E33/><V100/><F125/><W20/><G89/><N who="0" m="51407" /><D132/><U105/><E105/><V110/><F110/><W106/><G106/><T96/><D96/><U46/><E126/><V88/><F26/><W8/><G8/><T34/><D34/><U66/><E103/><V60/><F16/><W95/><G32/><T70/><D69/><U73/><E66/><V1/><F1/><W108/><G108/><T6/><D6/><U39/><E57/><V12/><F12/><W51/><REACH who="3" step="1"/><G95/><REACH who="3" ten="123,461,243,153" step="2"/><T5/><D5/><U4/><E92/><N who="2" m="58471" /><F91/><W9/><G9/><T116/><D116/><U107/><E4/><V130/><F130/><W63/><G63/><T50/><D50/><U79/><E107/><V44/><F44/><W59/><G59/><T94/><D94/><U14/><E49/><V71/><F71/><W11/><G11/><T72/><D72/><AGARI ba="4,2" hai="20,27,30,45,51,52,54,55,72,76,82,117,118,119" machi="72" ten="40,5200,0" yaku="1,1,54,1,53,1" doraHai="37" doraHaiUra="24" who="3" fromWho="0" sc="123,-64,461,0,243,0,153,84" /><INIT seed="3,0,0,2,4,22" ten="59,461,243,237" oya="3" hai0="57,89,78,42,122,126,5,47,81,30,98,87,45" hai1="83,43,62,37,1,38,131,46,84,14,10,71,4" hai2="95,93,16,6,110,36,8,86,115,55,3,107,94" hai3="105,20,125,24,58,0,44,133,18,77,91,15,106"/><W70/><G70/><T67/><D122/><U99/><E131/><V56/><F115/><W27/><G0/><T112/><D126/><U118/><E118/><V53/><F36/><W61/><G125/><T34/><D112/><U103/><E38/><V104/><F110/><W102/><G77/><T96/><D5/><U54/><E1/><V92/><F16/><W100/><G133/><T82/><D34/><U26/><E26/><N who="3" m="9770" /><G106/><T33/><D33/><U85/><E83/><V7/><F7/><W28/><G105/><T109/><D30/><U41/><E41/><V75/><F75/><W72/><G72/><T66/><D109/><U68/><E68/><V117/><F117/><W11/><G44/><T35/><D35/><U32/><E32/><V116/><F116/><W31/><G91/><T128/><D128/><U113/><E113/><V51/><F86/><W76/><G76/><T111/><D111/><U74/><E74/><V88/><F55/><N who="3" m="34015" /><G11/><T52/><D78/><U60/><E71/><V2/><F2/><W119/><G119/><T80/><D89/><U90/><E90/><V63/><F63/><W124/><G124/><T73/><D73/><U132/><E62/><V97/><AGARI ba="0,0" hai="3,6,8,51,53,56,88,92,93,94,95,97,104,107" machi="97" ten="30,2000,0" yaku="0,1,54,1" doraHai="22" who="2" fromWho="2" sc="59,-5,461,-5,243,20,237,-10" owari="54,-44.6,456,55.6,263,6.3,227,-17.3" /></mjloggm>