<mjloggm ver="2.3"><GO type="225" lobby="0"/><UN n0="%E3%82%A2%E3%83%A1%E3%82%A2%E3%83%A9%E3%83%AC" n1="%72%69%6F%75%63%68%61%6E" n2="%E6%A1%9C%E8%8A%B1%E9%96%83%E3%80%85" n3="%E3%81%A8%E3%82%89%E3%81%84%E3%81%A1" dan="16,16,16,16" rate="2148.24,2173.71,2189.52,2142.61" sx="M,M,M,M"/><TAIKYOKU oya="0"/><INIT seed="0,0,0,4,5,54" ten="250,250,250,250" oya="0" hai0="28,108,132,75,109,114,86,105,131,122,37,8,17" hai1="91,5,55,130,79,68,46,61,100,40,32,115,2" hai2="45,14,38,94,53,34,135,76,123,12,78,85,65" hai3="118,127,88,15,50,117,3,48,113,93,25,73,19"/><T44/><D114/><U63/><E130/><V81/><F123/><W126/><G113/><T16/><D122/><U120/><E120/><V72/><F34/><W104/><G3/><T97/><D75/><U11/><E115/><V66/><F135/><W110/><G110/><N who="0" m="42603" /><D132/><U30/><E100/><V41/><F78/><W83/><G25/><T111/><D131/><U10/><E79/><V49/><F72/><W87/><G104/><T116/><D116/><N who="3" m="44649" /><G83/><T23/><N who="0" m="42611" /><T6/><DORA hai="57" /><D86/><U112/><E112/><V43/><F94/><W82/><G82/><T125/><D125/><N who="3" m="47625" /><G73/><T22/><D97/><U64/><E11/><AGARI ba="0,0" hai="11,15,19,48,50,87,88,93" m="47625,44649" machi="11" ten="30,2000,0" yaku="18,1,54,1" doraHai="54,57" who="3" fromWho="1" sc="250,0,250,-20,250,0,250,20" /><INIT seed="1,0,0,0,5,102" ten="250,230,250,270" oya="1" hai0="83,28,13,96,94,104,37,25,85,77,48,97,122" hai1="35,129,44,116,80,9,50,7,93,128,70,121,110" hai2="71,108,127,135,11,8,24,23,4,125,103,75,55" hai3="19,61,126,31,79,87,49,89,14,69,29,78,133"/><U105/><E116/><V88/><F71/><W118/><G118/><T73/><D37/><U17/><E121/><V40/><F75/><W72/><G133/><T54/><D122/><U74/><E70/><V51/><F135/><W15/><G72/><T114/><D114/><U112/><E112/><V34/><F34/><W106/><G106/><T101/><D13/><U66/><E35/><V115/><F40/><W60/><G126/><N who="2" m="48137" /><F103/><W117/><G49/><T27/><D28/><N who="3" m="10825" /><G14/><T134/><D134/><U76/><E110/><V12/><F115/><W81/><G69/><T16/><D16/><U30/><E30/><N who="2" m="17695" /><F11/><N who="3" m="6655" /><G117/><T107/><D73/><U53/><E17/><V119/><F119/><W47/><G47/><T43/><D43/><U46/><E105/><V41/><F41/><W86/><G79/><T91/><REACH who="0" step="1"/><D104/><REACH who="0" ten="240,230,250,270" step="2"/><U58/><E129/><V120/><F120/><W21/><G21/><T33/><D33/><U84/><E128/><V63/><F108/><W38/><G38/><T98/><D98/><U3/><E9/><V67/><F12/><W124/><G124/><T123/><D123/><U92/><E7/><V68/><F8/><W1/><G1/><T65/><D65/><U56/><E3/><V132/><F4/><W90/><G86/><T20/><D20/><U36/><E74/><V45/><F132/><W99/><G99/><T5/><D5/><U18/><E18/><V39/><F39/><W32/><G32/><T22/><D22/><U0/><E0/><V10/><F10/><W52/><G52/><T6/><D6/><U82/><E53/><V113/><F113/><RYUUKYOKU ba="0,1" sc="240,10,230,-30,250,10,270,10" hai0="25,27,48,54,77,83,85,91,94,96,97,101,107" hai2="45,51,55,63,67,68,88" hai3="60,61,78,81,87,89,90" /><INIT seed="2,1,1,2,5,39" ten="250,200,260,280" oya="2" hai0="111,98,36,51,112,91,83,88,71,79,129,17,82" hai1="5,52,1,66,110,96,92,81,97,61,119,78,11" hai2="4,6,95,69,45,125,123,132,3,53,8,30,104" hai3="19,84,85,44,23,107,46,99,15,87,115,102,100"/><V70/><F104/><W122/><G122/><T40/><D112/><U134/><E110/><V67/><F123/><W121/><G121/><T94/><D111/><U68/><E134/><V113/><F113/><W16/><G115/><T101/><D71/><U106/><E119/><V33/><F132/><W128/><G128/><T13/><D36/><U135/><E135/><V120/><F120/><W29/><G102/><T47/><D129/><U86/><E106/><V48/><F125/><W41/><G29/><T72/><REACH who="0" step="1"/><D83/><REACH who="0" ten="240,200,260,280" step="2"/><U2/><E2/><V90/><F70/><W21/><REACH who="3" step="1"/><G41/><REACH who="3" ten="240,200,260,270" step="2"/><T38/><D38/><U93/><REACH who="1" step="1"/><E52/><REACH who="1" ten="240,190,260,270" step="2"/><V26/><F53/><W89/><G89/><T42/><D42/><U20/><E20/><AGARI ba="1,4" hai="13,17,20,40,47,51,72,79,82,88,91,94,98,101" machi="20" ten="30,8000,1" yaku="1,1,7,1,52,1,54,1,53,1" doraHai="39" doraHaiUra="105" who="0" fromWho="1" sc="240,123,190,-83,260,0,270,0" /><INIT seed="3,0,0,4,5,22" ten="363,107,260,270" oya="3" hai0="83,123,51,31,35,65,66,92,87,13,23,132,24" hai1="37,129,62,38,10,93,104,8,91,71,40,39,12" hai2="125,99,135,120,81,16,64,67,21,43,94,73,133" hai3="41,0,76,100,25,36,18,1,15,57,26,19,124"/><W2/><G124/><T128/><D132/><N who="2" m="50762" /><F43/><W14/><G76/><T75/><D128/><U59/><E71/><V82/><F120/><W56/><G100/><T32/><D75/><U60/><E129/><V28/><F28/><W20/><G41/><T74/><D74/><U88/><E104/><V84/><F73/><W61/><G36/><T50/><D35/><U114/><E114/><V117/><F117/><W101/><G101/><T6/><D92/><U89/><E40/><V95/><F95/><W127/><G127/><T58/><D32/><U79/><E93/><V108/><F108/><W102/><G102/><T53/><D50/><U70/><E70/><V80/><F84/><W48/><G48/><T113/><D113/><U17/><E79/><V55/><F55/><W34/><G34/><T46/><D46/><U77/><E77/><V47/><F47/><W111/><G111/><T78/><D123/><U42/><E42/><V116/><F116/><W134/><G134/><T30/><D30/><U68/><E68/><V103/><F125/><W97/><G97/><T115/><D115/><U52/><REACH who="1" step="1"/><E60/><REACH who="1" ten="363,97,260,270" step="2"/><V3/><F94/><W33/><G61/><T54/><D78/><U11/><AGARI ba="0,1" hai="8,10,11,12,17,37,38,39,52,59,62,88,89,91" machi="11" ten="40,16000,3" yaku="1,1,2,1,0,1,54,2,53,3" doraHai="22" doraHaiUra="86" who="1" fromWho="1" sc="363,-40,97,170,260,-40,270,-80" owari="323,42.3,267,6.7,220,-18.0,190,-31.0" /></mjloggm>