<mjloggm ver="2.3"><GO type="225" lobby="0"/><UN n0="%E3%81%8A%E3%81%8B%E3%81%8F%E3%82%89" n1="%E6%80%AA%E3%81%97%E3%81%99%E3%81%8E%E3%82%8B%E3%83%81%E3%83%BC" n2="%E6%B1%9D%E6%9C%89%E4%BD%95%E7%96%91" n3="%E3%81%A1%E3%82%85%E3%81%86%E3%81%A9%E3%81%8F%E8%B1%A1%E3%81%95%E3%82%93" dan="17,16,16,17" rate="2093.81,2070.26,2091.72,2196.13" sx="M,M,M,M"/><TAIKYOKU oya="0"/><INIT seed="0,0,0,4,2,95" ten="250,250,250,250" oya="0" hai0="113,1,30,7,109,26,62,74,42,2,91,8,14" hai1="131,60,84,132,33,120,56,77,134,45,73,66,52" hai2="92,135,71,87,40,78,16,18,28,104,116,114,55" hai3="35,123,24,100,67,96,23,80,0,106,126,83,72"/><T112/><D74/><U12/><E120/><V79/><F114/><W121/><G0/><T124/><D42/><U65/><E33/><V49/><F104/><W32/><G126/><T133/><D124/><U130/><E73/><V64/><F135/><N who="1" m="51753" /><E12/><V9/><F40/><W39/><G39/><T102/><D133/><U11/><E11/><V3/><F116/><W37/><G37/><T4/><D102/><U58/><E45/><V81/><F28/><N who="3" m="17439" /><G67/><N who="1" m="25610" /><E58/><V88/><F64/><W6/><G6/><T70/><D62/><U93/><E93/><V68/><F78/><N who="3" m="44103" /><G83/><AGARI ba="0,0" hai="52,56,60,77,83,84,130,131" m="25610,51753" machi="83" ten="30,2000,0" yaku="20,1,54,1" doraHai="95" who="1" fromWho="3" sc="250,0,250,20,250,0,250,-20" /><INIT seed="1,0,0,1,0,56" ten="250,270,250,230" oya="1" hai0="119,13,29,108,90,43,51,93,36,24,112,130,125" hai1="69,26,72,2,25,50,95,68,54,65,85,114,12" hai2="38,105,115,91,73,5,127,134,14,94,44,48,18" hai3="131,4,102,81,128,20,103,21,60,58,100,83,46"/><U31/><E2/><V135/><F105/><W35/><G35/><T88/><D119/><U19/><E72/><V113/><F73/><W92/><G4/><T77/><D112/><N who="2" m="43082" /><F38/><W55/><G92/><T118/><D36/><U30/><E114/><V122/><F5/><W106/><G106/><T22/><D77/><U41/><E41/><N who="2" m="24591" /><F127/><W17/><G46/><T8/><D125/><U97/><E69/><V116/><F122/><W59/><G59/><T61/><D130/><N who="3" m="49705" /><G20/><T32/><D32/><U42/><E68/><V80/><F80/><W3/><G3/><T53/><D118/><U40/><E95/><V15/><F116/><W16/><G17/><N who="0" m="8359" /><D93/><U109/><E19/><V104/><F104/><W49/><G49/><T89/><D108/><U52/><E109/><V1/><F1/><W121/><G121/><T63/><D43/><U76/><E40/><V66/><F66/><W37/><G37/><T132/><D132/><N who="2" m="50730" /><F18/><W123/><G123/><T7/><D7/><U129/><E65/><V0/><F0/><W70/><G70/><T117/><D117/><U99/><E129/><V28/><F28/><W124/><G124/><T74/><D74/><U33/><E31/><V6/><F6/><W27/><AGARI ba="0,0" hai="16,21,27,55,58,60,81,83,100,102,103" m="49705" machi="27" ten="30,4000,0" yaku="19,1,52,1,54,1" doraHai="56" who="3" fromWho="3" sc="250,-10,270,-20,250,-10,230,40" /><INIT seed="2,0,0,2,2,110" ten="240,250,240,270" oya="2" hai0="66,35,119,3,2,96,112,79,130,61,82,65,114" hai1="86,53,31,10,40,15,83,23,88,57,0,52,85" hai2="17,24,22,75,80,14,12,87,74,107,6,89,1" hai3="123,84,4,9,92,97,77,8,124,37,132,115,116"/><V131/><F107/><W101/><G116/><T20/><D35/><U98/><E0/><V32/><F131/><W16/><G123/><T118/><D130/><U41/><E98/><V72/><REACH who="2" step="1"/><F32/><REACH who="2" ten="240,250,230,270" step="2"/><W121/><G121/><T63/><D119/><U69/><E69/><V55/><F55/><W25/><G132/><T21/><D118/><U7/><E53/><V50/><F50/><W27/><G37/><T39/><D39/><U59/><E52/><V111/><F111/><W104/><G104/><T11/><D66/><U13/><E40/><V100/><F100/><W19/><G101/><T60/><D65/><U126/><E41/><V29/><F29/><W33/><G33/><T113/><D96/><U68/><E68/><V99/><F99/><W54/><G97/><T34/><D34/><U122/><E122/><V56/><F56/><W125/><G54/><T36/><D36/><U58/><E31/><V94/><F94/><W128/><G92/><T134/><D134/><U91/><E126/><V5/><F5/><W129/><G4/><T64/><D64/><U51/><E51/><V95/><F95/><W117/><G117/><T44/><D44/><U71/><E71/><V135/><F135/><W93/><G93/><T62/><D62/><U47/><E47/><V73/><N who="2" m="18432" /><DORA hai="120" /><V127/><F127/><W133/><G133/><T26/><D63/><U103/><E103/><V106/><F106/><W46/><G46/><T18/><D61/><U109/><E109/><V42/><F42/><W108/><G108/><T38/><D60/><U43/><E43/><V102/><F102/><RYUUKYOKU ba="0,1" sc="240,-10,250,-10,230,30,270,-10" hai2="1,6,12,14,17,22,24,80,87,89" /><INIT seed="2,1,1,1,0,11" ten="230,240,260,260" oya="2" hai0="31,124,72,46,119,121,38,35,37,88,93,77,105" hai1="99,3,36,78,8,0,104,7,43,100,19,134,58" hai2="103,26,67,83,29,15,102,86,84,22,50,117,118" hai3="9,107,81,95,34,106,68,2,32,74,56,73,115"/><V41/><F67/><W20/><G20/><T108/><D121/><U16/><E134/><V53/><F41/><W54/><G95/><T76/><D108/><U48/><E3/><V90/><F118/><W24/><G68/><T65/><D105/><U135/><E135/><V131/><F131/><W98/><G115/><T80/><D77/><U85/><E36/><V96/><F117/><W101/><G106/><T60/><D124/><U112/><E112/><V70/><F70/><W113/><G113/><T4/><D46/><U59/><E43/><V47/><F96/><W87/><G2/><T75/><D75/><U91/><E78/><V133/><F133/><W12/><G24/><T55/><D55/><U63/><E48/><V66/><F66/><W130/><G130/><T45/><D45/><U39/><E39/><V129/><F129/><W28/><G28/><T6/><D37/><U14/><E0/><V13/><F86/><W120/><G120/><T5/><D38/><U40/><E40/><V69/><F69/><W111/><G111/><T61/><D119/><U49/><E49/><V110/><F110/><W23/><G73/><T30/><D35/><U57/><REACH who="1" step="1"/><E63/><REACH who="1" ten="230,230,260,260" step="2"/><V62/><F62/><W82/><G74/><T52/><D60/><U123/><E123/><V114/><F114/><W97/><G56/><N who="0" m="34951" /><D65/><U10/><E10/><V116/><F116/><W1/><G9/><T18/><D76/><U25/><E25/><V132/><F132/><W27/><G1/><T94/><D72/><U51/><E51/><V33/><F33/><W17/><G32/><T127/><D127/><RYUUKYOKU ba="1,2" sc="230,-15,230,15,260,15,260,-15" hai1="7,8,14,16,19,57,58,59,85,91,99,100,104" hai2="13,15,22,26,29,47,50,53,83,84,90,102,103" /><INIT seed="2,2,2,3,1,135" ten="215,245,275,245" oya="2" hai0="114,55,134,93,36,71,70,15,27,98,9,85,103" hai1="122,120,26,126,24,107,12,125,72,2,104,19,106" hai2="127,51,57,43,48,28,49,83,4,130,33,50,62" hai3="60,84,30,59,56,132,101,118,94,115,41,3,6"/><V131/><F4/><W17/><G118/><T37/><D114/><U29/><E72/><V116/><F116/><W78/><G30/><T44/><D134/><U52/><E52/><N who="2" m="34087" /><F83/><N who="3" m="47223" /><G132/><T31/><D85/><U0/><E2/><V86/><F86/><W47/><G3/><T32/><D36/><U82/><E82/><V123/><F28/><W77/><G6/><T75/><D75/><U89/><E89/><V95/><F95/><W124/><G77/><T35/><D35/><N who="1" m="20903" /><E26/><V92/><F92/><W68/><G68/><T46/><D46/><U5/><E5/><V53/><F33/><W129/><G17/><T61/><D61/><U25/><E25/><V119/><F119/><W97/><G129/><N who="2" m="49161" /><F123/><N who="1" m="47145" /><E0/><V38/><F38/><W108/><G94/><T22/><D32/><U64/><E64/><V96/><F96/><W112/><G97/><T8/><D37/><U80/><E80/><V45/><F53/><W91/><G101/><T42/><D8/><AGARI ba="2,2" hai="8,12,19,104,106,107,125,126" m="47145,20903" machi="8" ten="40,5200,0" yaku="13,1,52,2" doraHai="135" who="1" fromWho="0" sc="215,-58,245,78,275,0,245,0" /><INIT seed="3,0,0,3,0,61" ten="157,323,275,245" oya="3" hai0="74,92,33,132,34,49,25,133,71,31,111,94,120" hai1="44,23,105,124,22,90,2,59,108,18,75,52,5" hai2="98,72,47,103,53,93,116,30,32,56,68,38,87" hai3="127,78,82,100,117,104,73,64,28,12,21,110,58"/><W66/><G117/><T85/><D74/><U37/><E105/><V106/><F116/><W48/><G127/><T45/><D71/><U113/><E75/><V70/><F72/><W119/><G119/><T40/><D120/><U118/><E113/><V107/><F30/><W112/><G112/><T129/><D111/><U91/><E108/><V101/><F32/><W46/><G110/><T84/><D129/><U109/><E109/><V102/><F87/><W57/><G104/><T20/><D133/><U65/><E65/><N who="3" m="25194" /><G100/><T1/><D1/><U35/><E35/><V10/><F106/><W51/><G73/><T135/><D135/><U6/><E23/><V122/><F122/><W77/><G82/><T26/><D132/><U62/><E124/><V88/><F107/><W83/><G83/><T125/><D125/><U14/><E118/><V17/><F101/><W63/><G48/><T121/><D121/><U29/><E29/><V4/><F102/><W54/><G57/><T15/><D15/><U27/><E2/><V123/><F103/><W3/><G3/><T42/><D49/><N who="1" m="28711" /><E37/><V86/><F123/><W80/><G80/><T76/><D31/><U8/><E6/><V0/><F68/><W55/><G12/><T128/><D128/><U99/><E59/><V19/><F70/><W97/><G97/><T79/><REACH who="0" step="1"/><D45/><REACH who="0" ten="147,323,275,245" step="2"/><U11/><E14/><V134/><F134/><W89/><G28/><T114/><D114/><U115/><E115/><V16/><F0/><W60/><G46/><T96/><D96/><U41/><E99/><V9/><F98/><W130/><G130/><RYUUKYOKU ba="0,1" sc="147,30,323,-10,275,-10,245,-10" hai0="20,25,26,33,34,40,42,76,79,84,85,92,94" owari="177,-32.3,323,42.3,265,6.5,235,-16.5" /></mjloggm>