<mjloggm ver="2.3"><GO type="225" lobby="0"/><UN n0="%E5%B0%8F%E9%B3%A5%E9%81%8A%E7%B7%B4%E7%84%A1%32%31%E6%AD%B3" n1="%6D%75%75%6D%75%72%61" n2="%E3%82%A2%E3%82%A4%E3%82%B9%E3%83%86%E3%82%A3%E3%83%BC%E3%81%82%E3%81%B9" n3="%E3%81%BF%E3%81%BF%E3%81%9A" dan="16,17,16,16" rate="2183.13,2122.27,2097.81,2144.93" sx="F,F,M,M"/><TAIKYOKU oya="0"/><INIT seed="0,0,0,0,1,24" ten="250,250,250,250" oya="0" hai0="56,89,21,38,7,125,49,19,18,105,29,135,48" hai1="39,78,67,82,42,104,31,83,127,32,51,43,131" hai2="112,120,28,72,46,6,102,23,87,88,30,54,36" hai3="118,109,132,25,66,64,113,62,110,60,52,34,115"/><T121/><D121/><U108/><E39/><V69/><F72/><W76/><G76/><T44/><D38/><U16/><E104/><V75/><F75/><W17/><G17/><T117/><D105/><U103/><E108/><N who="3" m="41578" /><G118/><T14/><D117/><U41/><E131/><V134/><F112/><W133/><G25/><N who="0" m="16559" /><D135/><N who="3" m="51785" /><G34/><T74/><D74/><U99/><E127/><V95/><F69/><N who="3" m="42119" /><G52/><N who="0" m="31751" /><D89/><U50/><E32/><V96/><F134/><W5/><G5/><T55/><D125/><U63/><E31/><V77/><F6/><W68/><AGARI ba="0,0" hai="62,66,68,113,115" m="42119,51785,41578" machi="68" ten="30,8000,1" yaku="14,1,20,1,23,1,34,2" doraHai="24" who="3" fromWho="3" sc="250,-40,250,-20,250,-20,250,80" /><INIT seed="1,0,0,3,2,26" ten="210,230,230,330" oya="1" hai0="101,34,57,96,106,21,98,95,2,81,72,68,83" hai1="35,87,43,67,78,88,62,73,52,117,64,11,51" hai2="7,31,126,97,33,54,22,40,10,103,90,130,127" hai3="41,17,91,37,105,114,55,84,4,129,53,133,49"/><U131/><E117/><V12/><F130/><W99/><G114/><T125/><D34/><U107/><E107/><V58/><F33/><W61/><G37/><T9/><D68/><U104/><E104/><V23/><F90/><W5/><G129/><T122/><D122/><U13/><E131/><V119/><F40/><W121/><G121/><T24/><D125/><N who="2" m="47626" /><F119/><W46/><G133/><T108/><D108/><U8/><E35/><V50/><F31/><W38/><G105/><AGARI ba="0,0" hai="7,10,12,22,23,50,54,58,97,103,105" m="47626" machi="105" ten="30,1000,0" yaku="18,1" doraHai="26" who="2" fromWho="3" sc="210,0,230,0,230,10,330,-10" /><INIT seed="2,0,0,3,3,36" ten="210,230,240,320" oya="2" hai0="92,93,42,86,69,31,96,65,103,134,5,25,21" hai1="117,112,100,82,64,19,34,13,115,106,84,110,108" hai2="14,113,29,111,76,70,74,10,105,0,89,116,16" hai3="52,99,85,75,46,60,101,57,135,53,129,40,80"/><V32/><F113/><W118/><G129/><T23/><D5/><U11/><E117/><V73/><F116/><W81/><G135/><T47/><D134/><U130/><E130/><V24/><F70/><W49/><G118/><T109/><D109/><N who="1" m="42091" /><E34/><V131/><F111/><W44/><G75/><T68/><D21/><U132/><E132/><V2/><F131/><W120/><G120/><T58/><D92/><U124/><E124/><V28/><F105/><W48/><G85/><T51/><D86/><U63/><E100/><V7/><F29/><W4/><G4/><T133/><D133/><U121/><E106/><AGARI ba="0,0" hai="40,44,46,48,49,52,53,57,60,80,81,99,101,106" machi="106" ten="30,3900,0" yaku="7,1,52,1,54,1" doraHai="36" who="3" fromWho="1" sc="210,0,230,-39,240,0,320,39" /><INIT seed="3,0,0,2,1,114" ten="210,191,240,359" oya="3" hai0="72,117,101,95,73,93,25,0,79,119,104,69,22" hai1="70,58,112,23,10,57,85,46,31,2,130,54,80" hai2="27,97,103,74,33,48,14,87,28,38,118,78,65" hai3="122,39,18,121,67,115,42,49,81,91,125,66,83"/><W82/><G39/><T102/><D69/><U90/><E70/><V30/><F38/><W124/><G91/><T88/><D0/><U111/><E112/><V135/><F74/><N who="0" m="28778" /><D79/><U105/><E105/><V50/><F135/><W120/><G115/><T40/><D40/><U45/><E111/><V96/><F118/><N who="0" m="45066" /><D104/><U37/><E37/><V64/><F14/><W76/><G76/><T20/><D25/><N who="1" m="16831" /><E2/><V12/><F12/><W41/><G18/><T92/><D20/><U17/><E130/><V61/><F103/><N who="0" m="39434" /><D22/><U106/><E106/><V43/><F43/><N who="3" m="16395" /><G49/><T89/><AGARI ba="0,0" hai="88,89,92,93,95" m="39434,45066,28778" machi="89" ten="40,16000,3" yaku="28,2,34,2,52,3,54,1" doraHai="114" who="0" fromWho="0" sc="210,160,191,-40,240,-40,359,-80" owari="370,47.0,151,-34.9,200,-20.0,279,7.9" /></mjloggm>