<mjloggm ver="2.3"><GO type="225" lobby="0"/><UN n0="%72%61%6B%33" n1="%E6%B0%B7%E5%B7%9D%E9%87%8C%E5%A5%88" n2="%E5%8F%AF%E5%85%90%E9%82%A3%E7%94%B1%E5%A4%9A" n3="%33%74%72%65%65" dan="17,16,16,16" rate="2139.85,2111.34,2219.97,2151.99" sx="M,F,F,F"/><TAIKYOKU oya="0"/><INIT seed="0,0,0,2,3,54" ten="250,250,250,250" oya="0" hai0="44,112,20,3,63,47,109,127,89,85,98,96,66" hai1="65,105,71,45,113,72,80,18,122,59,76,67,123" hai2="119,92,128,4,25,22,29,126,49,52,120,2,16" hai3="108,56,17,19,90,117,11,60,87,0,77,101,31"/><T131/><D112/><U124/><E105/><V33/><F120/><W102/><G117/><T135/><D3/><U106/><E106/><V103/><F119/><W121/><G121/><T26/><D127/><U86/><E124/><V81/><F126/><W133/><G108/><T9/><D9/><U58/><E113/><V10/><F128/><W74/><G133/><T84/><D131/><U13/><E45/><V115/><F115/><W61/><G31/><T12/><D12/><U62/><E72/><V5/><F5/><W32/><G32/><T88/><D109/><U35/><E35/><V57/><F81/><W110/><G110/><T46/><D135/><U40/><E40/><V132/><F132/><W68/><G77/><T118/><D85/><U104/><E104/><V30/><REACH who="2" step="1"/><F33/><REACH who="2" ten="250,250,240,250" step="2"/><W51/><G74/><T78/><D118/><U82/><E82/><V38/><F38/><W114/><G114/><T91/><D84/><U21/><REACH who="1" step="1"/><E71/><REACH who="1" ten="250,240,240,250" step="2"/><V75/><F75/><W27/><G68/><T129/><D129/><U93/><E93/><V55/><F55/><W125/><G125/><T39/><D39/><U42/><E42/><V36/><F36/><W8/><G87/><T116/><D116/><U50/><E50/><V73/><F73/><W134/><G51/><T41/><D41/><U83/><E83/><V100/><F100/><W130/><G102/><T97/><D78/><U95/><E95/><V69/><F69/><W43/><G134/><T99/><N who="0" m="24576" /><DORA hai="70" /><T14/><D91/><U48/><E48/><V94/><F94/><W53/><G90/><T28/><D89/><RYUUKYOKU ba="0,2" sc="250,-15,240,15,240,15,250,-15" hai1="13,18,21,58,59,62,65,67,76,80,86,122,123" hai2="2,4,10,16,22,25,29,30,49,52,57,92,103" /><INIT seed="1,1,2,2,4,3" ten="235,255,255,235" oya="1" hai0="34,57,111,104,29,30,92,37,61,48,12,76,67" hai1="85,55,17,40,121,99,50,119,27,5,78,51,102" hai2="11,15,41,10,24,69,74,46,49,6,31,97,42" hai3="64,58,129,95,33,132,19,124,59,77,116,7,39"/><U75/><E119/><V90/><F74/><W21/><G33/><T130/><D37/><U47/><E121/><V87/><F69/><W113/><G113/><T112/><D104/><U28/><E75/><V86/><F42/><W101/><G116/><T93/><D112/><U22/><E5/><V120/><F120/><W117/><G117/><T71/><D111/><U108/><E108/><V128/><F128/><W106/><G106/><T66/><D130/><U23/><E85/><V126/><F126/><W89/><G39/><T14/><D76/><U45/><E78/><V103/><F11/><W96/><G132/><T82/><D82/><U100/><REACH who="1" step="1"/><E99/><REACH who="1" ten="235,245,255,235" step="2"/><V8/><F8/><W4/><G129/><T70/><D70/><U36/><E36/><V81/><F86/><W68/><G77/><T38/><D38/><U118/><E118/><V127/><F127/><W98/><G124/><T123/><D123/><U73/><E73/><V53/><F97/><W62/><G96/><T94/><D94/><U72/><E72/><V84/><F84/><W13/><REACH who="3" step="1"/><G101/><REACH who="3" ten="235,245,255,225" step="2"/><T56/><D56/><BYE who="0" /><AGARI ba="1,4" hai="4,7,13,19,21,56,58,59,62,64,68,89,95,98" machi="56" ten="40,8000,1" yaku="1,1,2,1,52,2,53,0" doraHai="3" doraHaiUra="20" who="3" fromWho="0" sc="235,-83,245,0,255,0,225,123" /><UN n0="%72%61%6B%33" /><INIT seed="2,0,0,4,1,38" ten="152,245,255,348" oya="2" hai0="75,54,42,41,95,87,127,44,26,40,68,12,125" hai1="49,132,28,11,39,72,71,50,134,24,9,45,2" hai2="104,58,22,114,37,91,102,16,77,89,32,29,78" hai3="14,135,101,65,119,124,18,62,74,20,69,118,123"/><V1/><F114/><W85/><G123/><T129/><D75/><U92/><E71/><V6/><F37/><W4/><G74/><T88/><D68/><U64/><E72/><V67/><F104/><W122/><G122/><T27/><D129/><U112/><E112/><V79/><F102/><W66/><G135/><N who="1" m="51754" /><E64/><V7/><F32/><W73/><G73/><T33/><D12/><U108/><E108/><V8/><F29/><W0/><G66/><T105/><D105/><U70/><E70/><V98/><F7/><W13/><G0/><T30/><REACH who="0" step="1"/><D27/><REACH who="0" ten="142,245,255,348" step="2"/><U103/><E2/><V81/><F98/><W56/><G13/><T133/><D133/><U25/><E25/><V35/><F35/><W59/><G14/><T116/><D116/><U109/><E109/><V48/><F1/><W19/><G69/><T115/><D115/><U130/><E130/><V61/><F81/><W23/><G119/><T43/><N who="0" m="10240" /><DORA hai="15" /><T131/><D131/><U76/><E39/><V113/><F113/><W111/><G118/><T107/><D107/><U86/><E24/><N who="2" m="14407" /><F6/><W51/><G4/><T121/><D121/><U3/><E3/><V34/><F34/><W63/><G111/><T47/><D47/><U99/><E45/><V21/><F8/><W126/><G59/><T117/><D117/><U5/><E11/><V93/><F21/><W82/><G23/><T106/><D106/><U60/><E9/><V46/><F93/><W31/><G20/><T96/><D96/><U10/><E10/><V80/><F80/><W57/><G82/><T97/><D97/><U90/><E92/><RYUUKYOKU ba="0,1" sc="142,15,245,-15,255,15,348,-15" hai0="26,30,33,44,54,87,88,95,125,127" hai2="46,48,58,61,67,77,78,79,89,91" /><INIT seed="2,1,1,4,0,81" ten="157,230,270,333" oya="2" hai0="114,133,0,77,109,129,21,41,54,8,16,39,115" hai1="30,75,70,111,5,131,65,91,128,105,40,118,74" hai2="94,123,2,36,134,19,20,68,57,72,50,11,48" hai3="121,7,3,52,117,120,12,95,23,60,130,14,18"/><V73/><F123/><W69/><G117/><T22/><D109/><U89/><E118/><V59/><F36/><W10/><G130/><N who="1" m="49706" /><E111/><V26/><F68/><W87/><G3/><T42/><D129/><U4/><E105/><V82/><F134/><W86/><G69/><T67/><D133/><U13/><E30/><V80/><F2/><W27/><G121/><T103/><D67/><U78/><E40/><V99/><F11/><W96/><G14/><T112/><D103/><U135/><E135/><V47/><F73/><N who="1" m="27657" /><E78/><V17/><F72/><W46/><G120/><T100/><D100/><U71/><E71/><V106/><F106/><W110/><G110/><T122/><D122/><U125/><E125/><V55/><F17/><W51/><G60/><T98/><D77/><U119/><E119/><V32/><F32/><W29/><G29/><T34/><D34/><U132/><E132/><V127/><F127/><W88/><AGARI ba="1,1" hai="7,10,12,18,23,27,46,51,52,86,87,88,95,96" machi="88" ten="20,12000,2" yaku="0,1,7,1,8,1,52,2,54,2" doraHai="81" who="3" fromWho="3" sc="157,-31,230,-31,270,-61,333,133" /><INIT seed="3,0,0,1,3,11" ten="126,199,209,466" oya="3" hai0="102,32,119,107,89,90,82,35,38,65,45,10,86" hai1="100,63,48,76,117,58,62,39,134,132,94,109,12" hai2="29,88,8,115,93,59,19,131,75,114,57,121,20" hai3="14,71,95,74,69,68,49,34,50,80,41,77,16"/><W1/><G1/><T53/><D119/><U81/><E39/><V23/><F75/><W60/><G34/><T17/><D65/><U101/><E109/><V64/><F131/><W105/><G105/><T13/><D38/><U135/><E117/><V72/><F72/><W56/><G95/><T70/><D70/><U36/><E36/><V126/><F126/><W46/><G50/><T124/><D124/><U106/><E106/><V129/><F129/><W66/><G69/><T104/><D90/><U9/><E48/><V130/><F130/><W123/><G123/><T55/><D55/><N who="1" m="34143" /><E63/><N who="2" m="37999" /><F121/><W96/><G96/><T79/><D79/><U122/><E94/><V113/><F29/><W103/><G103/><T116/><D116/><U54/><E54/><V91/><F59/><W97/><G97/><T118/><D118/><U47/><E47/><V83/><F83/><W40/><G40/><T111/><D111/><U44/><E44/><V28/><F28/><W84/><G74/><T7/><D7/><N who="1" m="3135" /><E122/><V25/><F93/><W43/><G43/><T18/><D18/><U125/><E125/><V78/><F78/><W112/><G112/><T73/><D73/><AGARI ba="0,0" hai="73,76,81,100,101,132,134,135" m="3135,34143" machi="73" ten="30,2000,0" yaku="20,1,52,1" doraHai="11" who="1" fromWho="0" sc="126,-20,199,20,209,0,466,0" owari="106,-39.4,219,1.9,209,-19.1,466,56.6" /></mjloggm>