<mjloggm ver="2.3"><GO type="225" lobby="0"/><UN n0="%E7%89%B9%E6%9D%B1%E3%81%AF%E4%B8%96%E7%95%8C%E3%82%92%E6%95%91%E3%81%86" n1="%E3%81%86%E3%81%A3%E3%81%97%E3%83%BC%30%30" n2="%E3%81%A1%E3%82%85%E3%81%86%E3%81%A9%E3%81%8F%E8%B1%A1%E3%81%95%E3%82%93" n3="%E3%81%82%E3%81%99%E3%81%AB%E3%82%83%E3%82%80" dan="16,16,17,16" rate="2180.91,2139.58,2175.70,2016.36" sx="M,M,M,F"/><TAIKYOKU oya="0"/><INIT seed="0,0,0,5,4,51" ten="250,250,250,250" oya="0" hai0="101,22,39,132,99,85,36,49,56,65,84,74,117" hai1="57,0,40,80,122,47,109,110,25,30,46,77,2" hai2="1,97,41,103,67,17,96,35,72,130,23,63,33" hai3="125,87,32,13,116,79,20,120,124,14,73,11,89"/><T108/><D74/><U128/><E122/><V115/><F1/><W28/><G120/><T10/><D117/><U118/><E118/><V119/><F115/><W59/><G116/><T45/><D132/><U37/><E128/><V88/><F72/><W15/><G32/><T55/><D108/><N who="1" m="41579" /><E57/><V21/><F41/><W12/><G73/><T29/><D10/><U78/><E47/><V18/><F119/><W42/><G79/><N who="1" m="30218" /><E80/><V121/><F121/><W24/><G42/><T98/><D39/><U34/><AGARI ba="0,0" hai="0,2,25,30,34,37,40,46" m="30218,41579" machi="34" ten="30,1100,0" yaku="14,1" doraHai="51" who="1" fromWho="1" sc="250,-5,250,11,250,-3,250,-3" /><INIT seed="1,0,0,4,2,9" ten="245,261,247,247" oya="1" hai0="12,100,59,125,68,31,96,7,77,38,78,22,58" hai1="122,63,47,103,18,66,42,133,73,93,131,90,124" hai2="75,41,54,53,29,2,84,16,39,1,117,85,82" hai3="111,25,134,21,106,71,45,69,98,130,34,92,80"/><U60/><BYE who="2" /><E122/><V91/><F91/><W20/><G111/><UN n2="%E3%81%A1%E3%82%85%E3%81%86%E3%81%A9%E3%81%8F%E8%B1%A1%E3%81%95%E3%82%93" /><T8/><D68/><U88/><E131/><V30/><F117/><W65/><G130/><T128/><D38/><U56/><E73/><V87/><F41/><W37/><G134/><T15/><D128/><U127/><E133/><V95/><F39/><W83/><G106/><T113/><D125/><N who="1" m="48203" /><E63/><V76/><F95/><W51/><G37/><T14/><D113/><U114/><E114/><V28/><REACH who="2" step="1"/><F16/><REACH who="2" ten="245,261,237,247" step="2"/><W55/><G92/><N who="0" m="58375" /><D7/><U115/><E18/><V5/><F5/><W0/><G98/><T43/><D43/><U57/><E115/><V112/><F112/><W101/><G101/><T70/><D8/><U118/><E118/><V102/><F102/><W86/><G80/><T4/><D4/><U32/><E103/><V17/><F17/><W11/><G83/><T123/><D123/><U50/><E93/><V67/><F67/><W44/><G65/><T97/><D97/><U13/><E66/><V74/><F74/><W36/><G11/><T48/><D70/><U132/><E132/><V3/><AGARI ba="0,1" hai="1,2,3,28,29,30,53,54,75,76,82,84,85,87" machi="3" ten="40,8000,1" yaku="1,1,0,1,29,2,53,0" doraHai="9" doraHaiUra="89" who="2" fromWho="2" sc="245,-20,261,-40,237,90,247,-20" /><INIT seed="2,0,0,4,4,10" ten="225,221,327,227" oya="2" hai0="80,25,42,44,58,102,3,55,82,34,68,101,135" hai1="105,40,81,71,106,5,69,104,132,52,74,51,50" hai2="125,47,78,100,39,23,126,26,45,29,130,112,108" hai3="17,6,28,16,14,84,59,77,111,2,134,24,96"/><V89/><F112/><W117/><G117/><T31/><D68/><U36/><E132/><V107/><F78/><W113/><G134/><T92/><D3/><U99/><E36/><V122/><F122/><W49/><G111/><T35/><D35/><U124/><E124/><N who="2" m="47723" /><F108/><W73/><G73/><T79/><D135/><U9/><E99/><N who="2" m="61855" /><F130/><W20/><G113/><T93/><D102/><U53/><E40/><N who="2" m="22687" /><F47/><W8/><G96/><T33/><D33/><U56/><E81/><V61/><F89/><W115/><G115/><T90/><D101/><U86/><E86/><V12/><F61/><W83/><G2/><T123/><D123/><U95/><E95/><V48/><F48/><W94/><G94/><T109/><D109/><U75/><E75/><V72/><F72/><W30/><G30/><T7/><D79/><U91/><E91/><V18/><F29/><W88/><G77/><T19/><D93/><U62/><E74/><V118/><F118/><W1/><G1/><T67/><D92/><U57/><E62/><V32/><F32/><W41/><G41/><T103/><D103/><U98/><E98/><V15/><AGARI ba="0,0" hai="12,15,18,23,26" m="22687,61855,47723" machi="15" ten="30,6000,0" yaku="18,1,52,2" doraHai="10" who="2" fromWho="2" sc="225,-20,221,-20,327,60,227,-20" /><INIT seed="2,1,0,4,5,65" ten="205,201,387,207" oya="2" hai0="27,61,82,41,59,9,55,33,125,47,80,90,79" hai1="35,128,109,68,118,94,57,134,42,62,43,96,39" hai2="8,101,67,108,100,37,112,97,115,1,40,18,117" hai3="23,4,58,32,127,56,83,106,102,99,76,17,31"/><V34/><F34/><W84/><G127/><T113/><D113/><U75/><E75/><V30/><F115/><W92/><G4/><T7/><D125/><U63/><E35/><V66/><F117/><W3/><G3/><T69/><D69/><U51/><E118/><V28/><F112/><W104/><G104/><T135/><D135/><U110/><E94/><V129/><F129/><W119/><G119/><T11/><D90/><U86/><E86/><V111/><F40/><W123/><G123/><T16/><D11/><U87/><E87/><V2/><F37/><W15/><G32/><T130/><D130/><U98/><E128/><V53/><F53/><W60/><G31/><T120/><D120/><U93/><E93/><V48/><F48/><W72/><REACH who="3" step="1"/><G60/><REACH who="3" ten="205,201,387,197" step="2"/><T44/><D33/><U78/><E63/><V85/><F1/><W103/><G103/><T91/><D7/><U95/><E62/><V71/><F2/><W121/><G121/><T116/><D116/><U6/><E6/><V0/><F0/><W10/><G10/><T14/><D9/><U25/><E109/><V21/><F8/><W52/><G52/><T73/><D55/><U70/><E110/><V49/><F108/><W77/><G77/><T88/><D61/><U131/><E78/><V46/><F111/><W114/><G114/><T38/><D79/><U13/><E131/><V64/><F28/><W36/><G36/><T22/><D38/><U54/><E39/><V5/><F30/><W74/><G74/><T122/><D73/><U126/><E126/><V24/><F5/><W124/><G124/><RYUUKYOKU ba="1,1" sc="205,-10,201,-10,387,-10,197,30" hai3="15,17,23,56,58,72,76,83,84,92,99,102,106" /><INIT seed="3,2,1,3,4,131" ten="195,191,377,227" oya="3" hai0="18,84,26,10,75,19,59,118,117,127,58,41,27" hai1="68,5,52,42,99,39,28,15,128,98,36,34,103" hai2="114,3,87,54,35,109,110,113,66,51,134,107,122" hai3="7,50,64,102,69,63,53,46,47,94,17,83,55"/><W135/><G7/><T62/><D75/><U108/><E128/><V97/><F3/><W43/><G83/><T129/><D129/><U101/><E108/><N who="2" m="41579" /><F35/><W72/><G72/><T79/><D127/><U9/><E68/><V22/><F66/><W48/><G17/><N who="0" m="6155" /><D41/><U119/><E119/><V23/><F122/><W76/><G76/><T44/><D44/><U57/><E42/><V49/><F87/><W14/><G14/><T86/><D10/><U6/><E28/><V70/><F70/><W8/><G8/><T4/><D4/><U126/><E34/><V40/><F40/><W0/><G0/><T31/><D79/><U82/><E82/><V20/><F134/><W90/><G102/><N who="1" m="38922" /><E126/><V78/><F78/><W80/><G80/><T65/><D59/><U100/><E6/><V21/><F21/><W95/><G135/><T121/><D121/><U120/><E120/><V93/><F107/><W71/><G69/><T133/><D133/><U123/><E123/><V116/><F116/><N who="0" m="44650" /><D27/><U67/><E67/><V1/><F1/><W104/><G104/><T106/><D106/><N who="1" m="63767" /><E99/><V2/><F2/><W88/><G43/><T30/><D30/><U91/><E91/><AGARI ba="2,1" hai="46,47,48,50,53,55,63,64,71,88,90,91,94,95" machi="91" ten="40,3900,0" yaku="9,1,54,1" doraHai="131" who="3" fromWho="1" sc="195,0,191,-45,377,0,227,55" /><INIT seed="3,3,0,0,1,127" ten="195,146,377,282" oya="3" hai0="31,124,82,17,45,91,42,77,112,119,86,111,69" hai1="40,21,126,74,92,58,29,125,123,59,55,104,36" hai2="12,60,53,129,13,118,93,116,3,100,49,11,76" hai3="8,30,68,80,44,28,135,32,18,133,106,105,7"/><W71/><G18/><T78/><D119/><U81/><E104/><N who="3" m="40042" /><G44/><T14/><D124/><N who="1" m="47723" /><E92/><V57/><F129/><W114/><G114/><T27/><D69/><N who="3" m="26697" /><G80/><T47/><D111/><U85/><E74/><V103/><F76/><W70/><G70/><T43/><D112/><U110/><E85/><V75/><F75/><W63/><G63/><T48/><D17/><U33/><E81/><V107/><F107/><W24/><G30/><T6/><D6/><U22/><E33/><V19/><F3/><AGARI ba="3,0" hai="3,7,8,24,28,32,133,135" m="26697,40042" machi="3" ten="30,1500,0" yaku="23,1" doraHai="127" who="3" fromWho="2" sc="195,0,146,0,377,-24,282,24" /><INIT seed="3,4,0,2,5,68" ten="195,146,353,306" oya="3" hai0="61,101,67,20,55,125,7,127,0,27,19,128,91" hai1="25,134,52,39,72,94,53,88,45,21,14,80,130" hai2="87,57,95,100,69,13,83,131,18,10,24,49,105" hai3="9,34,114,58,77,93,42,108,6,71,60,86,122"/><W48/><G114/><T33/><D128/><U50/><E130/><V103/><F69/><W29/><G122/><T98/><D91/><U5/><E134/><V97/><F131/><W81/><G71/><N who="0" m="42479" /><D55/><U104/><E104/><V17/><F105/><W56/><G108/><T106/><D7/><U44/><E72/><V85/><F100/><W109/><G109/><T78/><D78/><U8/><E80/><V73/><F73/><W99/><G29/><N who="0" m="19647" /><D0/><U66/><E66/><V12/><F24/><AGARI ba="4,0" hai="19,20,24,98,101,106,125,127" m="19647,42479" machi="24" ten="30,1000,0" yaku="25,1" doraHai="68" who="0" fromWho="2" sc="195,22,146,0,353,-22,306,0" owari="217,-18.3,146,-35.4,331,43.1,306,10.6" /></mjloggm>