<mjloggm ver="2.3"><GO type="225" lobby="0"/><UN n0="%E3%81%B5%E3%81%98%E3%81%8B%E3%81%A4" n1="%E3%81%BF%E3%81%BF%E3%81%9A" n2="%48%61%61%61%6C%61%6E%64" n3="%E4%BA%95%E5%B8%AF" dan="16,16,18,16" rate="2192.17,2255.51,2306.87,2057.76" sx="M,M,M,M"/><TAIKYOKU oya="0"/><INIT seed="0,0,0,4,1,133" ten="250,250,250,250" oya="0" hai0="85,108,104,127,97,66,93,14,56,17,29,88,123" hai1="33,39,80,74,38,115,76,49,0,92,94,59,43" hai2="6,48,63,82,120,84,15,12,55,112,129,107,32" hai3="44,19,101,113,10,3,30,22,125,121,34,52,73"/><T28/><D123/><U8/><E33/><V70/><F120/><W68/><G113/><T2/><D2/><U47/><E115/><V37/><F112/><W27/><G121/><T69/><D69/><U83/><E38/><V13/><F37/><W60/><G73/><T91/><D108/><U72/><E49/><V102/><F32/><W128/><G128/><T98/><D127/><U90/><E59/><V9/><F129/><W7/><G101/><T110/><D110/><U78/><E90/><V26/><F26/><W75/><G75/><T116/><D116/><U54/><E54/><V1/><F107/><W50/><G125/><T106/><D106/><U71/><E71/><V79/><F102/><W4/><G4/><AGARI ba="0,0" hai="0,4,8,39,43,47,72,74,76,78,80,83,92,94" machi="4" ten="40,5200,0" yaku="9,1,25,2" doraHai="133" who="1" fromWho="3" sc="250,0,250,52,250,0,250,-52" /><INIT seed="1,0,0,5,1,17" ten="250,302,250,198" oya="1" hai0="10,36,73,58,93,134,115,84,121,127,99,53,65" hai1="103,71,43,66,108,7,40,102,48,21,133,1,20" hai2="13,100,83,57,90,118,30,60,96,87,42,89,85" hai3="38,130,126,0,52,16,56,105,112,25,94,47,88"/><U82/><E71/><V37/><F118/><W72/><G105/><T63/><D115/><U125/><E66/><V128/><F128/><W68/><G112/><T31/><D73/><U45/><E125/><V95/><F37/><W41/><G130/><T2/><D127/><U6/><E133/><V32/><F42/><N who="1" m="15913" /><E1/><V54/><F32/><W3/><G68/><T69/><D134/><U5/><E82/><V14/><REACH who="2" step="1"/><F30/><REACH who="2" ten="250,302,240,198" step="2"/><W22/><G126/><T114/><D31/><U12/><E108/><V8/><F8/><W70/><G70/><T120/><D36/><U80/><E80/><AGARI ba="0,1" hai="13,14,54,57,60,80,83,85,87,89,90,95,96,100" machi="80" ten="30,7700,0" yaku="1,1,7,1,9,1,8,1,53,0" doraHai="17" doraHaiUra="46" who="2" fromWho="1" sc="250,0,302,-77,240,87,198,0" /><INIT seed="2,0,0,5,3,35" ten="250,225,327,198" oya="2" hai0="63,124,53,21,7,40,12,101,88,129,25,108,86" hai1="68,51,11,107,77,125,49,89,106,56,76,120,74" hai2="91,29,36,104,118,122,62,103,78,33,50,44,116" hai3="47,24,14,79,6,87,30,90,38,130,126,132,67"/><V41/><F122/><W16/><G126/><T133/><D124/><U8/><E125/><V13/><F78/><W100/><G130/><T72/><D72/><U59/><E89/><V20/><F91/><W121/><G121/><T10/><D129/><U84/><E120/><V64/><F36/><W70/><G132/><T65/><D108/><U123/><E123/><V66/><F66/><W92/><G6/><T85/><D85/><U37/><E84/><V34/><F34/><W60/><G79/><T97/><D133/><U42/><E42/><V52/><F41/><W26/><G100/><T22/><D40/><U131/><E131/><V110/><F110/><W81/><G38/><T114/><D53/><U117/><E37/><V61/><F61/><W2/><G47/><T99/><D114/><U98/><E98/><N who="2" m="61559" /><F20/><W23/><G81/><T0/><D0/><U43/><E43/><V115/><F13/><W111/><G111/><T55/><D55/><U96/><E96/><N who="0" m="36937" /><D25/><U69/><REACH who="1" step="1"/><E117/><REACH who="1" ten="250,215,327,198" step="2"/><V128/><F128/><W5/><REACH who="3" step="1"/><G30/><REACH who="3" ten="250,215,327,188" step="2"/><T58/><D101/><U15/><E15/><V135/><F29/><W45/><G45/><T134/><D134/><U27/><E27/><V1/><F135/><W32/><G32/><T71/><D88/><U94/><E94/><V17/><F33/><W73/><G73/><AGARI ba="0,2" hai="8,11,49,51,56,59,68,69,73,74,76,77,106,107" machi="73" ten="25,3200,0" yaku="1,1,22,2,53,0" doraHai="35" doraHaiUra="82" who="1" fromWho="3" sc="250,0,215,52,327,0,188,-32" /><INIT seed="3,0,0,4,1,27" ten="250,267,327,156" oya="3" hai0="118,98,53,55,70,106,12,102,84,39,25,41,80" hai1="123,85,67,52,30,44,2,15,8,96,16,18,20" hai2="110,33,116,75,21,131,5,37,1,29,95,128,125" hai3="11,36,31,81,71,49,45,74,124,9,24,13,4"/><W58/><G124/><T51/><D118/><U50/><E123/><V23/><F125/><W100/><G71/><T40/><D70/><U112/><E112/><V132/><F116/><W68/><G68/><T133/><D133/><U48/><E2/><V103/><F75/><W117/><G117/><T82/><D39/><U46/><E67/><V38/><F132/><W47/><G100/><T93/><D106/><U114/><E114/><V14/><F110/><W79/><G11/><T107/><D107/><U77/><E30/><V120/><F120/><W126/><G126/><T42/><D25/><N who="1" m="14471" /><E96/><V64/><F33/><W59/><G47/><N who="1" m="17962" /><E52/><N who="0" m="20041" /><D51/><U32/><E32/><V6/><F1/><W17/><G4/><T34/><D34/><U73/><E73/><V69/><F5/><W43/><REACH who="3" step="1"/><G36/><REACH who="3" ten="250,267,327,146" step="2"/><T119/><D119/><U26/><E26/><N who="2" m="16591" /><F6/><W62/><G62/><T115/><D115/><U19/><E19/><V121/><F38/><W122/><G122/><T61/><D61/><U91/><E77/><V127/><F37/><W63/><G63/><T7/><D84/><U97/><E97/><V134/><F121/><W86/><G86/><T130/><D130/><U94/><AGARI ba="0,1" hai="8,15,18,48,50,85,91,94" m="17962,14471" machi="94" ten="30,2000,0" yaku="8,1,54,1" doraHai="27" who="1" fromWho="1" sc="250,-5,267,30,327,-5,146,-10" owari="245,-15.5,297,9.7,322,42.2,136,-36.4" /></mjloggm>