<mjloggm ver="2.3"><GO type="225" lobby="0"/><UN n0="%E7%99%BD%E6%97%A5%E9%9B%AA%E8%8F%9C" n1="%E3%81%BF%E3%81%BF%E3%81%9A" n2="%77%72%77%72%77%72%77%72" n3="%E3%82%BC%E3%83%AB%E3%83%80%E3%81%AE%E4%BC%9D%E8%AA%AC" dan="17,18,17,17" rate="2175.89,2262.41,2189.60,2213.44" sx="M,M,M,M"/><TAIKYOKU oya="0"/><INIT seed="0,0,0,0,1,69" ten="250,250,250,250" oya="0" hai0="113,120,128,45,67,18,29,100,91,89,21,58,85" hai1="43,98,66,20,48,101,99,77,23,12,54,72,93" hai2="96,86,108,35,46,133,117,118,114,2,61,82,8" hai3="127,10,130,25,44,64,17,102,49,6,19,112,40"/><T52/><D113/><U129/><E129/><V31/><F114/><W92/><G112/><T30/><D120/><U131/><E131/><V57/><F108/><W5/><G130/><T76/><D100/><U1/><E1/><V103/><F133/><W110/><G110/><T68/><D128/><U42/><E66/><V135/><F135/><W11/><G127/><T24/><D68/><U33/><E33/><V104/><F46/><W7/><G64/><T16/><D45/><U71/><E71/><V116/><F31/><N who="0" m="11786" /><D67/><U78/><E99/><V59/><F35/><W63/><G63/><N who="0" m="36295" /><D18/><N who="3" m="6665" /><G25/><T14/><D24/><U60/><E60/><V3/><F8/><W70/><G70/><T26/><D26/><U13/><E72/><V51/><F51/><W74/><G74/><T132/><D132/><U0/><E0/><N who="2" m="43" /><F61/><W65/><G65/><T73/><D73/><U119/><E119/><N who="2" m="30467" /><V87/><DORA hai="22" /><F57/><W121/><G121/><T56/><D56/><N who="1" m="32839" /><E20/><V28/><F59/><W115/><G115/><T95/><D95/><U39/><E23/><V88/><F28/><W34/><G34/><T83/><AGARI ba="0,0" hai="14,16,21,76,83,85,89,91" m="36295,11786" machi="83" ten="30,6000,0" yaku="8,1,54,2" doraHai="69,22" who="0" fromWho="0" sc="250,60,250,-20,250,-20,250,-20" /><INIT seed="0,1,0,0,3,116" ten="310,230,230,230" oya="0" hai0="88,92,16,76,61,125,37,7,103,11,2,60,50" hai1="94,78,29,6,101,132,66,55,39,54,59,41,34" hai2="52,64,124,122,49,126,17,87,107,97,42,70,44" hai3="57,19,109,62,58,100,15,86,75,24,134,93,12"/><T45/><D37/><U96/><E132/><V23/><F87/><W32/><G75/><T10/><D125/><N who="2" m="48234" /><F64/><W102/><G134/><T91/><D76/><U112/><E112/><V119/><F70/><W85/><G109/><T71/><D103/><U13/><E78/><V48/><F119/><W51/><G32/><T68/><D91/><U77/><E77/><V53/><F122/><W115/><G115/><T73/><D73/><U95/><E39/><V105/><F97/><W28/><G51/><T113/><D113/><U80/><E41/><V72/><F72/><W65/><G58/><T128/><D128/><U130/><E80/><V31/><F31/><W108/><G108/><T5/><D71/><U4/><E130/><V35/><F35/><W20/><G28/><T129/><D129/><U22/><E34/><V114/><F114/><W98/><G102/><T82/><D82/><U127/><E95/><V111/><F111/><W90/><REACH who="3" step="1"/><G86/><REACH who="3" ten="310,230,230,220" step="2"/><T99/><D68/><U43/><E127/><V40/><F40/><W56/><G56/><T36/><D36/><U121/><E43/><V14/><F42/><W21/><G21/><T27/><D50/><U33/><E33/><V47/><AGARI ba="1,1" hai="14,17,23,44,47,48,49,52,53,105,107" m="48234" machi="47" ten="30,2000,0" yaku="18,1,54,1" doraHai="116" who="2" fromWho="2" sc="310,-11,230,-6,230,33,220,-6" /><INIT seed="1,0,0,5,5,38" ten="299,224,263,214" oya="1" hai0="82,119,0,45,79,108,100,105,120,48,102,2,56" hai1="106,54,6,107,101,50,62,87,26,94,35,39,21" hai2="58,114,11,92,59,4,57,75,69,63,53,71,111" hai3="86,68,47,61,31,30,117,52,14,85,124,37,32"/><U98/><E39/><V1/><F75/><W67/><G124/><T93/><D119/><U9/><E35/><V60/><F111/><W73/><G73/><T95/><D108/><U7/><E62/><V80/><F114/><W97/><G117/><T34/><D34/><U12/><E6/><V8/><F80/><W17/><G97/><T3/><D120/><U89/><E50/><V129/><F129/><W22/><G32/><T49/><D56/><U24/><E54/><V91/><F11/><W127/><G127/><T66/><D66/><U55/><E55/><V128/><F128/><W20/><G20/><T125/><D125/><U70/><E70/><V65/><REACH who="2" step="1"/><F58/><REACH who="2" ten="299,224,253,214" step="2"/><W16/><G68/><T135/><D82/><U15/><E107/><V77/><F77/><W43/><G67/><T10/><D79/><U36/><E36/><V19/><F19/><W76/><G17/><T33/><D10/><U121/><E121/><V83/><F83/><W64/><G76/><T109/><D105/><U122/><E122/><V131/><F131/><W110/><G110/><T28/><D109/><U90/><E106/><V81/><F81/><W88/><G64/><T115/><D115/><U41/><E9/><V18/><F18/><W126/><G126/><T133/><D95/><U116/><E94/><V112/><F112/><W96/><G37/><T99/><D93/><U118/><E116/><V44/><F44/><W113/><G47/><T123/><D45/><U13/><E118/><V46/><F46/><W23/><G113/><T72/><D123/><U104/><E104/><V51/><F51/><RYUUKYOKU ba="0,1" sc="299,-10,224,-10,253,30,214,-10" hai2="1,4,8,53,57,59,60,63,65,69,71,91,92" /><INIT seed="2,1,1,1,1,73" ten="289,214,283,204" oya="2" hai0="79,98,97,86,65,36,76,60,40,10,95,62,3" hai1="38,21,32,103,45,58,67,1,124,113,132,19,20" hai2="116,24,18,115,111,59,94,83,28,43,55,54,31" hai3="17,81,117,61,22,4,6,29,82,8,131,7,91"/><V88/><F115/><W134/><G117/><T63/><D65/><U96/><E113/><V72/><F116/><W51/><G134/><T71/><D71/><U53/><E32/><V92/><F111/><W130/><G51/><T41/><D3/><U80/><E132/><V133/><F133/><W118/><G118/><T109/><D109/><U44/><E1/><V11/><F43/><N who="0" m="16458" /><D36/><U89/><E124/><V49/><F94/><W16/><G61/><T122/><D122/><U39/><E67/><V123/><F123/><W108/><G108/><T30/><D30/><U127/><E127/><V0/><F0/><W26/><G91/><N who="0" m="53751" /><D10/><U56/><E38/><V106/><F106/><W70/><G70/><T107/><D107/><U99/><E39/><V64/><F64/><W33/><G8/><T50/><D50/><U15/><E21/><N who="2" m="13367" /><F83/><N who="3" m="31755" /><G33/><T121/><D121/><U120/><E120/><V69/><F72/><W9/><G9/><T27/><D27/><U74/><E74/><V129/><F69/><W57/><G57/><T12/><D12/><U46/><E56/><N who="2" m="32847" /><F11/><W102/><G102/><T84/><D84/><N who="1" m="50311" /><E103/><V110/><F110/><W126/><G126/><T114/><D114/><U52/><E58/><V75/><F75/><W68/><G68/><T77/><AGARI ba="1,1" hai="60,62,63,76,77,79,97,98" m="53751,16458" machi="77" ten="40,8000,1" yaku="8,1,52,3" doraHai="73" who="0" fromWho="0" sc="289,93,214,-21,283,-41,204,-21" /><INIT seed="3,0,0,0,0,19" ten="382,193,242,183" oya="3" hai0="81,68,22,46,27,126,33,7,78,18,30,1,32" hai1="125,41,91,99,24,116,112,55,84,71,3,23,88" hai2="25,124,123,62,92,105,36,86,111,64,106,80,53" hai3="31,40,39,83,11,101,56,87,117,52,131,16,48"/><W113/><G117/><T134/><D68/><U50/><E71/><V0/><F36/><W61/><G113/><T135/><D126/><U89/><E3/><V108/><F0/><W42/><G131/><T29/><D46/><N who="1" m="25935" /><E112/><V21/><F124/><W98/><G39/><T5/><D1/><U45/><E125/><V26/><F92/><N who="3" m="58567" /><G31/><N who="0" m="11787" /><D81/><N who="1" m="49167" /><E116/><V85/><F123/><W94/><G94/><T63/><D78/><U17/><E99/><V20/><F106/><W129/><G61/><T73/><D73/><U28/><E28/><V4/><F62/><W67/><G67/><T72/><D63/><U47/><E47/><V70/><F64/><W65/><G65/><T66/><D66/><U54/><E54/><V127/><F53/><W8/><G129/><T13/><D72/><U35/><E35/><N who="0" m="13385" /><D5/><U76/><E76/><V100/><F70/><W104/><G104/><T75/><D75/><U49/><AGARI ba="0,0" hai="17,23,24,45,49,55,89,91" m="49167,25935" machi="49" ten="30,4000,0" yaku="8,1,52,1,54,1" doraHai="19" who="1" fromWho="1" sc="382,-10,193,40,242,-10,183,-20" owari="372,47.2,233,3.3,232,-16.8,163,-33.7" /></mjloggm>