<mjloggm ver="2.3"><GO type="225" lobby="0"/><UN n0="%E7%89%B9%E6%9D%B1%E3%81%AF%E4%B8%96%E7%95%8C%E3%82%92%E6%95%91%E3%81%86" n1="%6B%65%6E%6E%64%69" n2="%72%69%6F%75%63%68%61%6E" n3="%E7%AD%89%E3%80%85%E5%8A%9B%E5%8A%87%E5%A0%B4" dan="16,16,17,16" rate="2136.69,2198.50,2254.21,2064.81" sx="M,M,M,M"/><TAIKYOKU oya="0"/><INIT seed="0,0,0,2,4,81" ten="250,250,250,250" oya="0" hai0="29,40,16,83,135,47,38,3,20,60,74,41,124" hai1="70,4,75,66,107,104,80,65,100,119,72,132,86" hai2="36,0,130,126,17,89,87,96,24,33,5,18,77" hai3="45,92,23,99,105,115,122,59,118,79,128,125,76"/><T69/><D135/><U64/><E119/><V85/><F36/><W103/><G115/><T2/><D124/><U101/><E132/><V53/><F126/><W32/><G125/><T13/><D41/><U26/><E70/><V102/><F130/><W12/><G32/><T28/><D28/><U94/><E4/><V117/><F117/><W55/><G118/><T113/><D113/><U30/><E94/><V62/><F77/><W116/><G116/><T67/><REACH who="0" step="1"/><D29/><REACH who="0" ten="240,250,250,250" step="2"/><U6/><E107/><V51/><F33/><W97/><G105/><T68/><D68/><U111/><E104/><V15/><F24/><W1/><G128/><T27/><D27/><U71/><E71/><V61/><F0/><W90/><G1/><T58/><D58/><U42/><E42/><V11/><F17/><W88/><G59/><T98/><D98/><U44/><E26/><V31/><F18/><W46/><G99/><T10/><D10/><U21/><E30/><V112/><F31/><W123/><G97/><T56/><D56/><U48/><E21/><V52/><F112/><W14/><G23/><T106/><D106/><U84/><E111/><V54/><F102/><W121/><G103/><T109/><D109/><U25/><E25/><V108/><F108/><W43/><G43/><T35/><D35/><U91/><E101/><V50/><F96/><W49/><G123/><T63/><D63/><N who="2" m="24074" /><F50/><W127/><G127/><T78/><AGARI ba="0,1" hai="2,3,13,16,20,38,40,47,60,67,69,74,78,83" machi="78" ten="30,11700,0" yaku="1,1,0,1,54,1,53,1" doraHai="81" doraHaiUra="19" who="0" fromWho="0" sc="240,127,250,-39,250,-39,250,-39" /><INIT seed="0,1,0,2,3,53" ten="367,211,211,211" oya="0" hai0="96,4,20,126,26,84,71,106,108,117,121,38,44" hai1="58,86,9,128,113,12,31,11,87,0,10,81,129" hai2="104,75,5,43,102,107,78,80,77,49,23,67,62" hai3="6,37,39,92,18,46,95,118,65,127,52,99,2"/><T125/><D117/><U89/><E0/><V19/><F5/><W34/><G34/><T66/><D121/><U73/><E73/><V42/><F78/><W115/><G115/><T132/><D132/><U112/><E31/><V56/><F102/><W54/><G118/><T119/><D119/><U63/><E12/><V101/><F101/><W133/><G127/><T69/><D4/><U83/><E63/><V33/><F33/><W103/><G133/><T29/><D66/><U134/><E58/><V35/><F35/><W8/><G65/><T131/><D131/><N who="1" m="50251" /><E134/><V88/><F88/><AGARI ba="1,0" hai="9,10,11,81,83,86,87,88,89,112,113" m="50251" machi="88" ten="30,2000,0" yaku="19,1,54,1" doraHai="53" who="1" fromWho="2" sc="367,0,211,23,211,-23,211,0" /><INIT seed="1,0,0,3,1,35" ten="367,234,188,211" oya="1" hai0="119,102,83,71,25,81,111,66,77,0,133,96,51" hai1="93,46,17,36,106,28,73,62,26,84,14,95,98" hai2="101,30,21,33,38,39,76,124,135,15,80,24,13" hai3="65,34,99,61,55,7,40,120,104,121,127,109,23"/><U10/><E73/><V130/><F124/><W132/><G34/><T59/><D119/><U5/><E84/><V44/><F130/><W108/><G40/><T68/><D0/><U50/><E36/><V129/><F129/><W57/><G132/><T2/><D2/><U113/><E113/><V6/><F135/><W82/><G127/><T70/><D133/><U114/><E106/><V1/><F101/><W16/><G82/><T72/><D111/><N who="3" m="42569" /><G55/><T29/><D81/><U97/><E62/><V131/><F131/><W42/><G42/><T89/><D89/><U100/><E114/><V63/><F63/><W86/><G86/><T78/><D78/><U54/><E17/><N who="2" m="10415" /><F15/><N who="3" m="9631" /><G7/><T103/><D96/><U79/><E79/><V126/><F126/><W116/><G116/><T88/><D88/><N who="1" m="55463" /><E26/><V94/><F94/><W49/><G49/><T105/><D105/><U27/><E27/><V123/><F123/><W110/><N who="3" m="42577" /><W31/><DORA hai="12" /><G31/><AGARI ba="0,0" hai="5,10,14,28,31,46,50,54,95,98,100" m="55463" machi="31" ten="30,2900,0" yaku="8,1,54,1" doraHai="35,12" who="1" fromWho="3" sc="367,0,234,29,188,0,211,-29" /><INIT seed="1,1,0,4,5,19" ten="367,263,188,182" oya="1" hai0="103,10,75,117,53,23,66,43,134,84,94,26,7" hai1="107,121,50,30,125,99,21,20,27,130,48,135,15" hai2="55,42,95,46,109,33,29,8,115,132,16,118,123" hai3="74,85,128,102,36,83,52,73,17,127,88,63,105"/><U54/><E121/><V110/><F118/><W11/><G36/><T9/><D117/><U22/><E130/><V81/><F132/><W82/><G127/><T72/><D134/><U124/><E135/><V12/><F123/><W64/><G128/><T129/><D129/><U108/><E108/><N who="2" m="41579" /><F115/><W44/><G83/><T100/><D43/><U0/><E0/><V41/><F81/><W78/><G78/><T47/><D66/><U35/><E15/><V62/><F95/><W68/><G102/><T69/><D69/><U61/><E61/><V32/><F29/><W80/><G80/><T90/><D72/><U49/><REACH who="1" step="1"/><E54/><REACH who="1" ten="367,253,188,182" step="2"/><V77/><F62/><W119/><G119/><T34/><D53/><U14/><E14/><V113/><F113/><W40/><G52/><T4/><D26/><U111/><E111/><V86/><F55/><W114/><G114/><T25/><D25/><U3/><E3/><V133/><F133/><W2/><G2/><T31/><D4/><U91/><E91/><V1/><F1/><W106/><G88/><T24/><D7/><U70/><E70/><V56/><F77/><W37/><G68/><T76/><D76/><U28/><E28/><V13/><F13/><W71/><G73/><T92/><D75/><U65/><E65/><V39/><F12/><N who="3" m="7327" /><G74/><T89/><D89/><U87/><E87/><V59/><F86/><W116/><G116/><T97/><D84/><U60/><E60/><V101/><F8/><W45/><G45/><T96/><D47/><U104/><E104/><N who="3" m="40042" /><G85/><T79/><D90/><U57/><E57/><N who="2" m="22091" /><F46/><W38/><G82/><RYUUKYOKU ba="1,1" sc="367,-15,253,15,188,-15,182,15" hai1="20,21,22,27,30,35,48,49,50,99,107,124,125" hai3="37,38,40,44,63,64,71" /><INIT seed="1,2,1,5,5,86" ten="352,268,173,197" oya="1" hai0="122,26,43,131,18,7,82,44,25,75,2,5,56" hai1="84,96,28,115,24,94,116,123,12,90,110,106,34" hai2="88,133,14,20,0,37,109,9,83,130,51,39,72" hai3="46,21,64,6,8,52,19,48,65,76,47,62,67"/><U70/><E115/><V100/><F109/><W128/><G128/><T80/><D131/><U126/><E116/><V125/><F130/><W36/><G76/><T32/><D122/><U102/><E123/><V30/><F125/><W58/><G36/><T68/><D68/><U132/><E126/><V57/><F133/><W59/><G67/><T63/><D32/><U41/><E132/><V104/><F0/><W15/><REACH who="3" step="1"/><G65/><REACH who="3" ten="352,268,173,187" step="2"/><T29/><D75/><U66/><E110/><V119/><F119/><W22/><G22/><T120/><D120/><U74/><E74/><V107/><F72/><W16/><G16/><T23/><D18/><U81/><E66/><V85/><F20/><W45/><G45/><T42/><D44/><U103/><E70/><V38/><F30/><W112/><G112/><T61/><D23/><U40/><E12/><AGARI ba="2,2" hai="6,8,12,15,19,21,46,47,48,52,58,59,62,64" machi="12" ten="30,12000,2" yaku="1,1,7,1,8,1,54,1,53,2" doraHai="86" doraHaiUra="54" who="3" fromWho="1" sc="352,0,268,-126,173,0,187,146" /><INIT seed="2,0,0,5,2,73" ten="352,142,173,333" oya="2" hai0="21,122,49,111,10,35,0,51,123,28,107,63,102" hai1="12,116,36,9,58,66,40,95,60,134,50,47,4" hai2="64,38,110,61,53,55,70,27,129,32,84,39,125" hai3="20,3,105,25,132,37,62,2,100,48,46,45,82"/><V18/><F125/><W56/><G132/><T41/><D21/><U133/><E116/><V127/><F127/><W33/><G33/><T115/><D115/><U34/><E34/><V80/><F129/><W79/><G37/><T69/><D111/><U114/><E114/><V126/><F126/><W22/><G22/><T94/><D94/><U81/><E95/><V16/><F110/><W65/><G46/><N who="0" m="25807" /><D51/><U118/><E118/><V78/><F38/><W17/><G100/><T124/><D10/><U112/><E112/><V88/><F39/><W104/><G105/><T135/><D0/><U67/><E67/><V131/><F131/><W13/><G13/><T71/><D71/><U31/><E31/><V57/><F88/><W87/><REACH who="3" step="1"/><G104/><REACH who="3" ten="352,142,173,323" step="2"/><T54/><D135/><U90/><E134/><V83/><F32/><W121/><G121/><T59/><D124/><U23/><E133/><V108/><F108/><W11/><G11/><T52/><D102/><U97/><E36/><V85/><F27/><W89/><G89/><T103/><D103/><U14/><E23/><V113/><F113/><W7/><G7/><T109/><D107/><U72/><E14/><V92/><F92/><W29/><G29/><T98/><D109/><U26/><E26/><V77/><F70/><W5/><G5/><T24/><D69/><U120/><E120/><V119/><F119/><W101/><G101/><T96/><D123/><U15/><E97/><N who="0" m="37481" /><D122/><U43/><E15/><V30/><F30/><W6/><G6/><T74/><D35/><U91/><E40/><AGARI ba="0,1" hai="2,3,17,20,25,40,45,48,56,62,65,79,82,87" machi="40" ten="30,7700,0" yaku="1,1,7,1,52,1,53,1" doraHai="73" doraHaiUra="76" who="3" fromWho="1" sc="352,0,142,-77,173,0,323,87" /><INIT seed="3,0,0,3,1,50" ten="352,65,173,410" oya="3" hai0="127,116,41,124,22,103,92,32,37,29,2,36,86" hai1="35,83,72,53,18,63,88,15,28,49,30,47,11" hai2="123,34,135,21,132,23,106,126,112,9,74,1,117" hai3="20,51,54,52,48,81,13,70,60,42,129,46,99"/><W44/><G129/><T4/><D116/><U93/><E35/><V128/><RYUUKYOKU type="yao9" ba="0,0" sc="352,0,65,0,173,0,410,0" hai2="1,9,21,23,34,74,106,112,117,123,126,128,132,135" /><INIT seed="3,1,0,2,3,25" ten="352,65,173,410" oya="3" hai0="68,97,35,64,116,103,65,106,83,89,34,123,73" hai1="104,53,21,102,105,23,5,29,124,15,81,20,87" hai2="59,51,85,32,109,74,18,36,67,117,60,8,132" hai3="110,40,128,91,48,115,122,131,49,2,19,28,114"/><W100/><G122/><T37/><D123/><U56/><E124/><V107/><F117/><W99/><G2/><T90/><D116/><U4/><E105/><V58/><F74/><W50/><G91/><T80/><D37/><U42/><E104/><V71/><F36/><W79/><G79/><T84/><D73/><U75/><E75/><V31/><F107/><W88/><G100/><T46/><D46/><U98/><E42/><V38/><F38/><W62/><G40/><T72/><D68/><U94/><E4/><V3/><F132/><W13/><G62/><T130/><D130/><N who="3" m="49705" /><G110/><T26/><D72/><U86/><E5/><V27/><F109/><W16/><G28/><T135/><D135/><U125/><E125/><V0/><F85/><W47/><G47/><T82/><D89/><U121/><E121/><V17/><F51/><W63/><G63/><T14/><D14/><U134/><E134/><V7/><F0/><W111/><G111/><T6/><D6/><U11/><E81/><V52/><F52/><W12/><G13/><T61/><D35/><U129/><E129/><V54/><F54/><W108/><G108/><T127/><D127/><U76/><E76/><V22/><F17/><N who="3" m="6731" /><G12/><AGARI ba="1,0" hai="3,7,8,12,18,22,27,31,32,58,59,60,67,71" machi="12" ten="30,7700,0" yaku="7,1,24,2,52,1" doraHai="25" who="2" fromWho="3" sc="352,0,65,0,173,80,410,-80" owari="352,45.2,65,-43.5,253,-14.7,330,13.0" /></mjloggm>