<mjloggm ver="2.3"><GO type="225" lobby="0"/><UN n0="%E5%B8%86%E7%AB%8B%E5%A4%8F%E8%A1%A3" n1="%E6%A1%9C%E8%8A%B1%E9%96%83%E3%80%85" n2="%73%73%6B%5F%66%72%65%65" n3="%E3%81%99%E3%81%84%E3%81%BE%E3%81%9B%E3%83%BC%E3%82%93" dan="16,16,16,18" rate="2159.81,2167.92,2186.07,2266.88" sx="M,M,M,M"/><TAIKYOKU oya="0"/><INIT seed="0,0,0,2,3,98" ten="250,250,250,250" oya="0" hai0="54,36,57,80,67,92,82,72,49,18,93,2,77" hai1="11,100,116,113,88,102,45,76,87,59,84,1,58" hai2="31,33,63,28,51,7,115,101,90,111,107,8,22" hai3="56,61,46,112,86,105,14,114,133,75,126,124,71"/><T34/><D36/><U69/><E69/><V30/><F115/><W122/><G75/><T44/><D34/><U32/><E116/><V110/><F33/><W99/><G133/><T94/><D2/><U131/><E32/><V42/><F63/><W83/><G71/><T81/><D67/><U129/><E113/><V38/><F38/><W12/><G122/><T70/><D70/><U64/><E76/><V3/><F22/><W68/><G46/><T15/><REACH who="0" step="1"/><D44/><REACH who="0" ten="240,250,250,250" step="2"/><U106/><E45/><N who="2" m="26039" /><F3/><W5/><G68/><T73/><D73/><U121/><E64/><V20/><F111/><W79/><G114/><T26/><D26/><U16/><E121/><V21/><F110/><W43/><G112/><T97/><D97/><U53/><E59/><V50/><F31/><W78/><G56/><T62/><D62/><U95/><E1/><V66/><F30/><W134/><G61/><T108/><D108/><U135/><E135/><V91/><F28/><W132/><G132/><T118/><D118/><U85/><E58/><V130/><F66/><W4/><G134/><T103/><D103/><U109/><E102/><V19/><F101/><W13/><G99/><T65/><D65/><U0/><E109/><V37/><F37/><W39/><G39/><T125/><D125/><U104/><E100/><V52/><F50/><W96/><G126/><T119/><D119/><U60/><E0/><V29/><F29/><W25/><G124/><T128/><D128/><N who="1" m="49227" /><E106/><V27/><F107/><W41/><G105/><T55/><D55/><U24/><E104/><V35/><F130/><W127/><G127/><RYUUKYOKU ba="0,1" sc="240,30,250,-10,250,-10,250,-10" hai0="15,18,49,54,57,72,77,80,81,82,92,93,94" /><INIT seed="0,1,1,2,1,50" ten="270,240,240,240" oya="0" hai0="26,38,32,83,57,49,124,56,69,24,96,1,85" hai1="9,127,72,104,76,21,84,31,98,80,130,121,35" hai2="78,23,89,11,22,86,29,112,122,68,42,43,91" hai3="79,125,101,100,52,13,58,62,48,116,73,71,45"/><T126/><D38/><U12/><E121/><V102/><F112/><W93/><G116/><T134/><D1/><U74/><E35/><V8/><F68/><W54/><G125/><N who="0" m="48235" /><D69/><U6/><E127/><V14/><F102/><W106/><G106/><T118/><D118/><U4/><E130/><V97/><F78/><W61/><G79/><N who="0" m="46335" /><D134/><U67/><E67/><V95/><F122/><W114/><G73/><T2/><D2/><U20/><E6/><V103/><F103/><N who="3" m="39499" /><G71/><T128/><D96/><U129/><E129/><V133/><F133/><W105/><G105/><T117/><D117/><U115/><E115/><V34/><F34/><W44/><G114/><T120/><D128/><U110/><E98/><V99/><F99/><W17/><G93/><T33/><D120/><U55/><E110/><V5/><F8/><N who="3" m="6311" /><G62/><T90/><D90/><U27/><E104/><V15/><F89/><W36/><G36/><T81/><D81/><U60/><REACH who="1" step="1"/><E21/><REACH who="1" ten="270,230,240,240" step="2"/><V66/><F97/><W53/><G48/><T3/><D49/><U7/><E7/><V10/><F23/><W30/><G30/><N who="0" m="19527" /><D3/><U63/><E63/><V0/><F0/><W64/><AGARI ba="1,2" hai="44,45,52,53,54,58,61,64" m="6311,39499" machi="64" ten="30,8000,1" yaku="8,1,52,3,54,1" doraHai="50" who="3" fromWho="3" sc="270,-41,230,-21,240,-21,240,103" /><INIT seed="1,0,0,5,3,16" ten="229,209,219,343" oya="1" hai0="18,79,100,63,13,93,58,44,87,68,67,42,112" hai1="62,12,114,25,70,49,88,111,75,45,73,119,27" hai2="51,99,124,40,66,81,37,19,15,104,129,43,21" hai3="7,69,59,108,56,57,122,8,0,41,1,47,95"/><U24/><E114/><V35/><F129/><W64/><G122/><T110/><D110/><U133/><E119/><V132/><F124/><W26/><G108/><T32/><D32/><U105/><E111/><V102/><F132/><W106/><G106/><T117/><D112/><U74/><E105/><V54/><F66/><W48/><G69/><T22/><D117/><U113/><E113/><V31/><F37/><W94/><G64/><T11/><D68/><U61/><E133/><V130/><F130/><W39/><G0/><T52/><D79/><U72/><N who="1" m="18432" /><DORA hai="127" /><U78/><E78/><V20/><F35/><W36/><G26/><T120/><D120/><U34/><E34/><V109/><F109/><W38/><AGARI ba="0,0" hai="1,7,8,36,38,39,41,47,48,56,57,59,94,95" machi="38" ten="40,1500,0" yaku="0,1" doraHai="16,127" who="3" fromWho="3" sc="229,-4,209,-7,219,-4,343,15" /><INIT seed="2,0,0,1,3,117" ten="225,202,215,358" oya="2" hai0="84,39,30,124,33,54,5,119,131,20,65,8,24" hai1="123,9,19,23,69,71,110,59,11,42,100,2,46" hai2="50,98,12,121,104,28,103,89,130,115,49,62,70" hai3="92,134,40,87,34,29,4,35,55,108,32,85,6"/><V97/><F115/><W3/><G134/><T60/><D39/><U36/><E110/><V53/><F121/><W38/><G29/><T129/><D124/><U75/><E75/><V21/><F130/><N who="0" m="49674" /><D84/><U58/><E100/><V68/><F49/><W74/><G74/><T72/><D72/><U57/><E123/><V93/><F62/><W76/><G55/><T16/><D54/><U83/><E83/><V25/><REACH who="2" step="1"/><F12/><REACH who="2" ten="225,202,205,358" step="2"/><W86/><G108/><T88/><D60/><U45/><E45/><AGARI ba="0,1" hai="21,25,28,45,50,53,68,70,89,93,97,98,103,104" machi="45" ten="30,5800,0" yaku="1,1,2,1,7,1,53,0" doraHai="117" doraHaiUra="14" who="2" fromWho="1" sc="225,0,202,-58,205,68,358,0" /><INIT seed="2,1,0,2,3,16" ten="225,144,273,358" oya="2" hai0="126,41,3,97,77,70,125,46,51,50,47,1,98" hai1="20,57,33,39,8,81,102,117,115,66,75,91,89" hai2="17,76,92,87,36,15,118,119,7,0,6,134,14" hai3="34,9,82,11,61,131,105,58,25,32,19,104,106"/><V63/><F134/><W111/><G111/><T100/><D77/><U13/><E115/><V74/><F74/><W85/><G131/><T60/><D60/><U24/><E33/><V18/><F0/><W49/><G49/><T31/><D31/><U116/><E39/><V114/><F36/><W21/><G32/><T132/><D132/><U121/><E102/><V5/><F114/><W133/><G34/><T71/><D100/><U108/><E108/><V90/><F76/><W122/><G122/><T10/><D10/><U72/><E121/><V69/><F69/><W88/><REACH who="3" step="1"/><G133/><REACH who="3" ten="225,144,273,348" step="2"/><T45/><D45/><U43/><E117/><V95/><F63/><W135/><G135/><T78/><REACH who="0" step="1"/><D78/><REACH who="0" ten="215,144,273,348" step="2"/><U42/><E116/><V130/><F119/><W128/><G128/><T37/><D37/><U103/><E42/><AGARI ba="1,2" hai="1,3,41,42,46,47,50,51,70,71,97,98,125,126" machi="42" ten="25,8000,1" yaku="1,1,22,2,53,2" doraHai="16" doraHaiUra="35" who="0" fromWho="1" sc="215,103,144,-83,273,0,348,0" /><INIT seed="3,0,0,3,4,66" ten="318,61,273,348" oya="3" hai0="79,58,114,7,8,72,105,46,71,11,26,43,135" hai1="77,59,95,56,30,97,116,38,19,18,37,125,112" hai2="40,132,41,83,50,73,67,21,104,6,12,76,65" hai3="22,120,103,62,60,53,70,57,108,110,85,42,89"/><W45/><G120/><T127/><D105/><U90/><E112/><V94/><F132/><W118/><G118/><T17/><D135/><U80/><E116/><V28/><F104/><W100/><G22/><T16/><D127/><U5/><E125/><V128/><F128/><W44/><G70/><T27/><D58/><U20/><E5/><V9/><F41/><W119/><G62/><T113/><D71/><U99/><E30/><V47/><F94/><W33/><G33/><T84/><D72/><U35/><E35/><V109/><F109/><N who="3" m="42091" /><G119/><T82/><D114/><U51/><E51/><V88/><F88/><W74/><G74/><T3/><D113/><U115/><E115/><V130/><F130/><W122/><G122/><T15/><REACH who="0" step="1"/><D17/><REACH who="0" ten="308,61,273,348" step="2"/><U2/><E2/><V14/><REACH who="2" step="1"/><F14/><REACH who="2" ten="308,61,263,348" step="2"/><W55/><G103/><T61/><D61/><U131/><E131/><V10/><F10/><W36/><G100/><T29/><D29/><U96/><E38/><AGARI ba="0,2" hai="3,7,8,11,15,16,26,27,38,43,46,79,82,84" machi="38" ten="30,3900,0" yaku="1,1,7,1,54,1,53,0" doraHai="66" doraHaiUra="129" who="0" fromWho="1" sc="308,59,61,-39,263,0,348,0" owari="367,46.7,22,-47.8,263,-13.7,348,14.8" /></mjloggm>