<mjloggm ver="2.3"><GO type="225" lobby="0"/><UN n0="%E3%81%86%E3%83%BC%E3%81%B1%E3%83%BC" n1="%E7%AD%89%E3%80%85%E5%8A%9B%E5%8A%87%E5%A0%B4" n2="%E3%81%92%E3%81%A3%E3%81%A1" n3="%E8%81%B7%E6%A5%AD%E3%80%81%E9%A2%A8%32" dan="16,16,17,16" rate="2202.80,2157.20,2218.55,2156.67" sx="F,M,M,M"/><TAIKYOKU oya="0"/><INIT seed="0,0,0,2,1,128" ten="250,250,250,250" oya="0" hai0="78,95,58,96,23,47,15,122,25,28,79,61,70" hai1="102,113,107,37,20,16,44,93,11,62,106,84,130" hai2="4,67,17,85,5,39,86,53,30,98,42,51,49" hai3="90,7,52,110,55,118,97,117,38,124,57,18,26"/><T75/><D122/><U34/><E34/><V36/><F30/><W33/><G38/><T131/><D131/><U9/><E130/><V66/><F98/><W2/><G110/><T40/><D70/><U105/><E113/><V54/><REACH who="2" step="1"/><F17/><REACH who="2" ten="250,250,240,250" step="2"/><W43/><G18/><T32/><D32/><U114/><E16/><V74/><F74/><W126/><G97/><T27/><D75/><U65/><E84/><V132/><F132/><W115/><G33/><T46/><D27/><U88/><E114/><V133/><F133/><W48/><G26/><T76/><D40/><AGARI ba="0,1" hai="4,5,36,39,40,42,49,51,53,54,66,67,85,86" machi="40" ten="25,3200,0" yaku="1,1,22,2,53,0" doraHai="128" doraHaiUra="125" who="2" fromWho="0" sc="250,-32,250,0,240,42,250,0" /><INIT seed="1,0,0,1,4,60" ten="218,250,282,250" oya="1" hai0="81,98,33,131,61,105,22,101,24,16,93,3,36" hai1="5,50,15,74,135,71,53,106,115,87,72,7,80" hai2="10,99,89,120,0,62,83,59,51,40,6,67,28" hai3="13,128,45,88,17,125,94,18,30,133,110,121,44"/><U112/><E106/><V1/><F120/><W86/><G121/><T111/><D3/><U102/><E102/><V11/><F28/><W79/><G110/><T113/><D113/><U39/><E39/><V100/><F83/><W114/><G114/><T26/><D36/><U25/><E135/><V42/><F89/><W37/><G37/><T92/><D111/><U4/><E71/><V68/><F68/><W97/><G125/><T65/><D81/><U43/><E43/><V58/><F58/><W77/><G128/><T82/><D82/><U95/><E95/><V127/><F51/><W134/><G30/><N who="0" m="19655" /><D131/><U75/><E25/><V117/><F117/><W70/><G70/><AGARI ba="0,0" hai="16,22,26,61,65,70,92,93,98,101,105" m="19655" machi="70" ten="30,3900,0" yaku="25,1,52,1,54,1" doraHai="60" who="0" fromWho="3" sc="218,39,250,0,282,0,250,-39" /><INIT seed="2,0,0,2,3,110" ten="257,250,282,211" oya="2" hai0="33,91,36,94,86,123,119,20,115,2,122,45,10" hai1="128,96,60,29,49,6,37,113,93,63,52,48,47" hai2="121,0,59,5,4,95,111,3,26,17,84,78,9" hai3="102,116,7,56,131,98,65,89,19,92,100,12,40"/><V64/><F121/><W70/><G116/><T24/><D33/><U71/><E37/><V25/><F111/><W43/><G70/><T112/><D119/><U87/><E128/><V58/><F17/><W55/><G65/><T135/><D135/><U80/><E71/><V101/><F78/><W125/><G131/><T69/><D69/><U35/><E113/><V79/><F79/><W16/><G7/><T31/><D2/><U42/><E6/><V21/><F21/><W77/><G77/><T34/><D10/><U109/><E109/><V124/><F124/><W75/><G75/><T27/><D123/><U127/><E127/><V132/><F132/><W74/><G74/><T51/><D36/><U120/><E120/><V67/><F84/><W11/><G19/><T22/><D34/><U103/><E29/><V88/><F101/><N who="3" m="39019" /><G125/><T90/><D91/><N who="1" m="51687" /><E35/><V46/><F88/><W130/><G130/><T14/><D14/><U114/><E114/><V61/><F5/><W83/><G83/><T126/><D122/><U62/><E49/><AGARI ba="0,0" hai="11,12,16,40,43,49,55,56,89,92,98" m="39019" machi="49" ten="30,2000,0" yaku="8,1,54,1" doraHai="110" who="3" fromWho="1" sc="257,0,250,-20,282,0,211,20" /><INIT seed="3,0,0,5,4,41" ten="257,230,282,231" oya="3" hai0="83,102,84,62,74,123,92,89,95,0,4,70,115" hai1="12,24,14,30,126,132,64,33,59,94,54,44,58" hai2="17,21,103,34,101,65,130,111,35,108,99,72,61" hai3="5,76,120,18,16,73,100,80,31,87,20,77,23"/><W51/><G120/><T85/><D0/><U129/><E129/><V98/><F72/><W82/><G5/><T3/><D3/><U105/><E105/><V134/><F134/><W26/><G100/><T67/><D4/><U27/><E126/><V57/><F130/><W7/><G7/><T8/><D8/><U104/><E104/><V107/><F111/><W42/><REACH who="3" step="1"/><G23/><REACH who="3" ten="257,230,282,221" step="2"/><T10/><D123/><U93/><E132/><V36/><F108/><W69/><G69/><T78/><D102/><U1/><E1/><V128/><F128/><W48/><G48/><T60/><D10/><U37/><E37/><V81/><F36/><W28/><G28/><T124/><D124/><U118/><E30/><V125/><F125/><W9/><G9/><T38/><D38/><U43/><E33/><V47/><F35/><W25/><G25/><T119/><D70/><U15/><E27/><V75/><F34/><W46/><AGARI ba="0,1" hai="16,18,20,26,31,42,46,51,73,76,77,80,82,87" machi="46" ten="30,11700,0" yaku="1,1,0,1,52,1,54,1,53,0" doraHai="41" doraHaiUra="11" who="3" fromWho="3" sc="257,-39,230,-39,282,-39,221,127" owari="218,-18.2,191,-30.9,243,4.3,348,44.8" /></mjloggm>