<mjloggm ver="2.3"><GO type="225" lobby="0"/><UN n0="%E3%81%A8%E3%82%93%E3%81%A8%E3%81%93%E3%81%A8%E3%82%93" n1="%E3%82%B2%E3%82%B9%E8%8C%82%E5%8B%9D" n2="%72%61%6B%33" n3="%74%61%6B%75%61%6B%61" dan="16,16,16,16" rate="2137.60,2038.14,2103.87,2104.25" sx="M,F,M,M"/><TAIKYOKU oya="0"/><INIT seed="0,0,0,5,2,3" ten="250,250,250,250" oya="0" hai0="65,84,128,122,129,90,56,100,68,44,67,92,108" hai1="78,89,133,97,109,58,59,124,117,11,83,54,37" hai2="46,112,70,42,80,10,0,24,103,119,23,66,29" hai3="38,35,18,19,121,63,64,5,25,52,76,36,62"/><T20/><D122/><U93/><E117/><V123/><F119/><W96/><G121/><T81/><D68/><U118/><E118/><V88/><F123/><W4/><G76/><T131/><D108/><U43/><E109/><V82/><F112/><W41/><G96/><T12/><D44/><U91/><E124/><V15/><F0/><W28/><G41/><T125/><D125/><U115/><E115/><V1/><F1/><W8/><G36/><T27/><D12/><U60/><E133/><V127/><F103/><W116/><G38/><T39/><D39/><U72/><E11/><V14/><F14/><W77/><G77/><T99/><REACH who="0" step="1"/><D56/><REACH who="0" ten="240,250,250,250" step="2"/><U49/><E37/><V26/><F70/><W48/><G116/><T74/><D74/><U73/><E72/><V47/><F46/><W86/><G25/><T111/><D111/><U87/><E73/><V33/><F24/><W120/><G120/><T106/><D106/><U135/><E135/><V75/><F26/><W45/><G45/><T2/><D2/><U7/><E7/><V95/><F75/><W132/><G4/><T53/><D53/><N who="1" m="32047" /><E43/><V94/><F42/><W40/><G40/><T61/><D61/><U55/><E55/><V101/><F127/><W134/><G52/><T79/><D79/><AGARI ba="0,1" hai="54,59,60,78,79,83,87,89,91,93,97" m="32047" machi="79" ten="30,1000,0" yaku="8,1" doraHai="3" who="1" fromWho="0" sc="240,-10,250,20,250,0,250,0" /><INIT seed="1,0,0,0,5,69" ten="230,270,250,250" oya="1" hai0="61,95,20,41,1,31,18,107,132,8,34,88,111" hai1="135,45,89,22,113,121,108,35,49,129,3,64,58" hai2="128,115,114,54,37,75,63,97,110,68,40,124,36" hai3="38,87,59,66,43,29,30,94,12,71,50,130,90"/><U9/><E113/><N who="2" m="43019" /><F75/><W82/><G130/><T24/><D107/><U79/><E121/><V15/><F128/><W85/><G71/><T6/><D111/><U131/><E35/><V134/><F110/><W105/><G105/><T74/><D74/><U33/><E108/><V52/><F124/><W17/><G38/><N who="2" m="14953" /><F134/><W42/><G42/><T92/><D132/><U109/><E33/><V100/><F40/><W5/><G5/><T65/><D41/><U117/><E109/><V51/><F15/><W76/><G66/><T98/><D95/><U14/><E117/><V112/><F51/><W4/><G4/><T67/><REACH who="0" step="1"/><D61/><REACH who="0" ten="220,270,250,250" step="2"/><U96/><E135/><V60/><F112/><W123/><G123/><T126/><D126/><U103/><E129/><V80/><F80/><W122/><G122/><T48/><D48/><U62/><E49/><V10/><F10/><W27/><G43/><T72/><D72/><U104/><E9/><V78/><F78/><W13/><G50/><T19/><D19/><U25/><E79/><V2/><F63/><W39/><G39/><T70/><D70/><U28/><E104/><N who="2" m="63503" /><F2/><W119/><G76/><T55/><D55/><U116/><E3/><V91/><F91/><W53/><G90/><T102/><D102/><U16/><E89/><V86/><F86/><W47/><G85/><T83/><D83/><U32/><E103/><V7/><F7/><W77/><G82/><T84/><D84/><U73/><E131/><V133/><F133/><W93/><G77/><T99/><D99/><U81/><E96/><V26/><F26/><AGARI ba="0,1" hai="1,6,8,18,20,24,26,31,34,65,67,88,92,98" machi="26" ten="30,3900,0" yaku="1,1,7,1,54,1,53,0" doraHai="69" doraHaiUra="57" who="0" fromWho="2" sc="220,49,270,0,250,-39,250,0" /><INIT seed="2,0,0,4,4,84" ten="269,270,211,250" oya="2" hai0="70,48,72,132,8,63,97,64,57,50,6,80,13" hai1="123,29,75,7,106,83,120,121,103,112,66,1,31" hai2="101,95,79,46,124,88,73,39,114,32,62,3,53" hai3="113,59,104,131,111,4,55,12,100,89,33,25,24"/><V128/><F114/><W26/><G111/><T118/><D132/><U125/><E112/><V15/><F3/><W10/><G131/><T98/><D118/><U2/><E125/><V47/><F124/><W109/><G109/><T34/><D34/><U126/><E126/><V45/><F128/><W99/><G113/><T116/><D116/><U110/><E110/><V85/><F32/><W134/><G134/><T37/><D37/><U127/><E127/><V74/><F39/><W90/><REACH who="3" step="1"/><G33/><REACH who="3" ten="269,270,211,240" step="2"/><T130/><D130/><U56/><E120/><V41/><F41/><W61/><AGARI ba="0,1" hai="4,10,12,24,25,26,55,59,61,89,90,99,100,104" machi="61" ten="30,8000,1" yaku="1,1,2,1,0,1,52,2,53,0" doraHai="84" doraHaiUra="67" who="3" fromWho="3" sc="269,-20,270,-20,211,-40,240,90" /><INIT seed="3,0,0,5,2,0" ten="249,250,171,330" oya="3" hai0="40,17,70,56,26,31,45,69,85,52,82,58,111" hai1="71,54,72,33,66,5,27,39,7,36,100,32,86" hai2="8,97,117,98,109,46,124,25,77,119,91,61,44" hai3="102,2,24,47,90,103,135,125,130,10,101,30,134"/><W89/><G125/><T18/><D111/><U75/><E100/><V59/><F109/><W127/><G127/><T120/><D120/><U73/><E86/><V116/><F124/><W108/><G108/><T84/><D31/><U76/><E76/><V28/><F77/><W122/><G122/><T106/><D106/><U95/><E95/><V11/><F44/><W15/><G2/><T4/><D4/><N who="1" m="1611" /><E27/><V21/><F46/><W22/><G130/><T53/><D26/><U60/><E54/><V94/><F98/><W35/><G35/><N who="1" m="13386" /><E60/><V68/><F68/><W132/><G47/><T65/><D45/><U80/><E80/><V118/><N who="2" m="29696" /><DORA hai="48" /><V43/><REACH who="2" step="1"/><F43/><REACH who="2" ten="249,250,161,330" step="2"/><W112/><G135/><T93/><D40/><U62/><E71/><V126/><F126/><W114/><G134/><T115/><D69/><U87/><E87/><V99/><F99/><W88/><G132/><T14/><D70/><U67/><E72/><V9/><F9/><W78/><G78/><T50/><D85/><U1/><E73/><V92/><F92/><W55/><G10/><N who="0" m="6359" /><D93/><U49/><E75/><V105/><F105/><W83/><G114/><T37/><D115/><U63/><E1/><V123/><F123/><W20/><G112/><T6/><D82/><U129/><E129/><V38/><F38/><W51/><G83/><T128/><D37/><U57/><E39/><V113/><F113/><W13/><G103/><T133/><D128/><U74/><E74/><V19/><F19/><W23/><G102/><T41/><D18/><U107/><E36/><V81/><F81/><W64/><G101/><RYUUKYOKU ba="0,1" sc="249,-10,250,-10,161,30,330,-10" hai2="8,11,21,25,28,59,61,91,94,97" owari="239,-16.1,240,4.0,191,-30.9,330,43.0" /></mjloggm>