<mjloggm ver="2.3"><GO type="225" lobby="0"/><UN n0="%33%74%72%65%65" n1="%72%61%6B%33" n2="%E3%81%BD%E3%81%A1%E3%81%9F%E3%81%93%E3%82%84" n3="%E3%81%AF%E3%82%88%E3%81%8A%E3%81%98%E3%81%95%E3%82%93" dan="17,17,17,16" rate="2109.56,2290.32,2193.37,2194.87" sx="F,M,M,M"/><TAIKYOKU oya="0"/><INIT seed="0,0,0,5,1,27" ten="250,250,250,250" oya="0" hai0="48,0,86,7,42,45,68,36,31,111,73,92,28" hai1="133,100,69,89,135,63,120,18,56,84,126,107,17" hai2="109,34,26,14,77,94,32,59,90,70,115,11,2" hai3="15,96,108,93,79,134,52,106,88,51,39,121,102"/><T103/><D73/><U113/><E120/><V60/><F115/><W61/><G39/><T19/><D68/><U122/><E122/><V71/><F2/><W91/><G121/><T127/><D127/><U55/><E126/><V66/><F77/><W74/><G108/><T64/><D64/><U10/><E113/><V21/><F109/><W78/><G134/><T128/><D111/><U13/><E69/><V35/><F14/><W76/><G74/><T118/><D118/><U85/><E17/><V49/><F11/><W58/><G106/><T8/><D128/><U131/><E131/><V83/><F83/><W81/><G81/><T130/><D130/><U30/><E30/><V125/><F49/><W95/><G15/><T50/><D19/><U3/><E3/><V87/><REACH who="2" step="1"/><F125/><REACH who="2" ten="250,250,240,250" step="2"/><W67/><REACH who="3" step="1"/><G95/><REACH who="3" ten="250,250,240,240" step="2"/><T65/><D92/><U98/><E13/><V97/><F97/><W110/><G110/><T33/><D0/><U123/><E98/><V24/><F24/><W9/><G9/><T99/><D8/><U23/><E10/><V1/><F1/><W6/><G6/><T132/><D7/><U5/><E5/><V53/><F53/><W62/><G62/><T124/><D99/><U38/><E123/><V47/><F47/><AGARI ba="0,2" hai="47,51,52,58,61,67,76,78,79,88,91,93,96,102" machi="47" ten="40,8000,1" yaku="1,1,8,1,54,2,53,0" doraHai="27" doraHaiUra="101" who="3" fromWho="2" sc="250,0,250,0,240,-80,240,100" /><INIT seed="1,0,0,0,3,65" ten="250,250,160,340" oya="1" hai0="15,131,46,135,53,82,112,108,50,55,119,132,1" hai1="25,114,73,122,18,76,22,3,20,109,5,35,85" hai2="101,89,106,86,56,110,43,116,60,6,64,30,79" hai3="118,62,36,87,80,7,45,37,9,115,68,39,63"/><U71/><E114/><V10/><F116/><W130/><G115/><T57/><D112/><U70/><E122/><V24/><F110/><W44/><G118/><T2/><D119/><U96/><E73/><V42/><F79/><W134/><G130/><T95/><D108/><U52/><E109/><V4/><F101/><W102/><G102/><T94/><D131/><U133/><E133/><N who="0" m="51273" /><D15/><U99/><E35/><V33/><F106/><W32/><G32/><T0/><D82/><U84/><E5/><V91/><F4/><W29/><G29/><T117/><D117/><U124/><E3/><V27/><F24/><W40/><G134/><T11/><D11/><U88/><E124/><V105/><F105/><W92/><G92/><T83/><D83/><U72/><E72/><V28/><F28/><W48/><G45/><T107/><D107/><U12/><E76/><V103/><F103/><W78/><REACH who="3" step="1"/><G68/><REACH who="3" ten="250,250,160,330" step="2"/><T47/><D46/><U16/><E71/><V123/><F123/><W67/><G67/><T17/><D94/><U21/><E70/><V74/><F74/><W81/><G81/><T128/><D95/><U97/><E85/><V104/><F104/><W111/><G111/><T90/><D128/><U93/><E21/><V77/><F86/><W59/><G59/><T58/><D58/><U41/><E41/><V49/><F43/><W31/><G31/><T98/><D57/><U34/><E34/><V126/><F42/><W14/><AGARI ba="0,1" hai="7,9,14,36,37,39,40,44,48,62,63,78,80,87" machi="14" ten="30,7900,0" yaku="1,1,0,1,25,2,53,0" doraHai="65" doraHaiUra="113" who="3" fromWho="3" sc="250,-20,250,-39,160,-20,330,89" /><INIT seed="2,0,0,0,3,48" ten="230,211,140,419" oya="2" hai0="125,56,93,62,16,30,91,72,81,54,14,110,116" hai1="89,59,33,45,131,114,4,119,51,100,57,121,10" hai2="6,20,102,39,84,98,76,87,64,24,113,22,9" hai3="86,132,96,40,83,126,19,27,60,112,15,69,52"/><V12/><F113/><W74/><G74/><T94/><D110/><U130/><E114/><V124/><F124/><W90/><G112/><T123/><D123/><U0/><E119/><V77/><F39/><W107/><G40/><T58/><D125/><U8/><E121/><V99/><F64/><W82/><G126/><T34/><D116/><U134/><E33/><V46/><F46/><W25/><G132/><T61/><D34/><U120/><E120/><V104/><F99/><W97/><G82/><T2/><D2/><U105/><E10/><V63/><F63/><W78/><G69/><T3/><D3/><U55/><E89/><V32/><F32/><W23/><G107/><T37/><D30/><U29/><E29/><V28/><REACH who="2" step="1"/><F20/><REACH who="2" ten="230,211,130,419" step="2"/><W18/><G97/><T68/><D37/><U49/><E134/><V53/><F53/><W80/><G96/><T122/><D122/><U75/><E45/><V47/><F47/><W26/><G60/><T31/><D61/><U108/><E55/><V133/><F133/><W42/><G42/><T109/><D54/><U127/><E127/><V128/><F128/><W92/><G52/><T73/><D62/><U43/><E131/><V21/><F21/><W88/><G23/><T118/><D118/><U111/><E130/><V106/><F106/><W5/><G26/><T35/><D35/><U135/><E135/><V50/><F50/><W13/><G25/><T79/><D68/><U85/><E43/><V115/><F115/><W103/><G27/><T66/><D66/><U11/><E49/><V95/><F95/><W71/><G92/><RYUUKYOKU ba="0,1" sc="230,-10,211,-10,130,30,419,-10" hai2="6,9,12,22,24,28,76,77,84,87,98,102,104" /><INIT seed="2,1,1,4,2,26" ten="220,201,160,409" oya="2" hai0="105,64,28,8,72,0,30,46,58,102,24,97,99" hai1="19,37,69,109,38,52,25,59,53,50,13,42,73" hai2="36,88,5,93,47,65,20,121,120,4,133,130,112" hai3="89,94,63,101,123,126,134,62,11,74,45,31,21"/><V98/><F112/><W115/><G74/><T85/><D72/><U16/><E73/><V15/><F130/><W96/><G123/><T80/><D99/><U76/><E76/><V22/><F133/><W56/><G134/><T110/><D110/><U131/><E109/><V71/><F71/><W100/><G126/><T127/><D127/><U128/><E69/><V2/><F65/><W135/><G135/><T48/><D24/><U116/><E116/><V92/><F2/><W54/><G115/><T10/><D58/><U78/><E78/><V124/><F124/><W79/><G79/><T107/><D107/><U32/><E53/><V1/><F1/><W44/><G11/><T14/><D8/><U67/><E67/><V113/><F113/><W95/><G62/><T82/><D0/><U118/><E118/><V90/><F47/><W34/><G34/><T125/><D64/><U83/><E83/><V51/><F51/><W86/><G100/><T91/><D82/><U75/><E75/><V39/><REACH who="2" step="1"/><F98/><REACH who="2" ten="220,201,150,409" step="2"/><W122/><G122/><T84/><D125/><U60/><E131/><V29/><F29/><W129/><G129/><T111/><D111/><U40/><E128/><V117/><F117/><W103/><G44/><T35/><D30/><U108/><E108/><V81/><F81/><W55/><G45/><T27/><D46/><U61/><E50/><V3/><F3/><W12/><G31/><T119/><D48/><U17/><E61/><V23/><F23/><W9/><G21/><T66/><D119/><U68/><E68/><V41/><F41/><N who="1" m="15977" /><E13/><AGARI ba="1,2" hai="4,5,13,15,20,22,36,39,88,90,92,93,120,121" machi="13" ten="25,18000,2" yaku="1,1,22,2,54,1,53,2" doraHai="26" doraHaiUra="87" who="2" fromWho="1" sc="220,0,201,-183,150,203,409,0" /><INIT seed="2,2,0,2,1,34" ten="220,18,353,409" oya="2" hai0="71,75,52,80,112,56,18,8,61,17,0,98,128" hai1="47,39,59,127,37,125,53,116,64,96,68,54,101" hai2="82,44,41,45,43,117,79,132,38,65,62,49,32" hai3="100,60,50,94,11,15,119,29,12,4,74,83,110"/><V40/><F32/><W31/><G119/><T102/><D112/><U14/><E14/><V78/><F117/><W97/><G110/><T20/><D128/><U87/><E87/><V23/><F132/><W42/><G74/><T85/><D75/><U22/><E22/><V1/><F1/><W88/><G60/><T134/><D134/><U69/><E96/><V58/><F43/><W13/><G15/><T104/><D71/><U123/><E101/><V114/><F114/><W57/><G12/><T93/><D104/><U73/><E73/><V5/><F5/><W9/><G11/><T131/><D131/><U91/><E91/><V89/><REACH who="2" step="1"/><F23/><REACH who="2" ten="220,18,343,409" step="2"/><W115/><G42/><T76/><D20/><U124/><E116/><V19/><F19/><W126/><G115/><T51/><D18/><U6/><E6/><V55/><F55/><N who="1" m="21001" /><E123/><V33/><F33/><W24/><G4/><T129/><D0/><U7/><E7/><V120/><F120/><W36/><G31/><T81/><D17/><U86/><E86/><AGARI ba="2,1" hai="38,40,41,44,45,49,58,62,65,78,79,82,86,89" machi="86" ten="40,2000,0" yaku="1,1,53,0" doraHai="34" doraHaiUra="111" who="2" fromWho="1" sc="220,0,18,-26,343,36,409,0" owari="220,-18.0,-8,-50.8,379,17.9,409,50.9" /></mjloggm>