<mjloggm ver="2.3"><GO type="225" lobby="0"/><UN n0="%E3%82%A2%E3%83%BC%E3%83%A2%E3%83%AD%E3%83%BC%E3%83%B4%E3%82%A1" n1="%E3%82%BF%E3%83%BC%E3%83%90%E3%83%B3%E9%87%8E%E5%8F%A3" n2="%48%61%61%61%6C%61%6E%64" n3="%E3%83%97%E3%83%92" dan="16,16,18,17" rate="2155.50,2132.69,2230.20,2201.96" sx="M,M,M,M"/><TAIKYOKU oya="0"/><INIT seed="0,0,0,0,4,25" ten="250,250,250,250" oya="0" hai0="68,12,10,89,27,36,93,128,65,5,62,87,85" hai1="23,33,50,4,61,129,113,13,17,35,91,133,43" hai2="84,53,81,110,60,96,40,30,80,67,38,77,29" hai3="106,90,135,130,116,11,42,82,66,46,72,37,59"/><T117/><D117/><U121/><E61/><V92/><F110/><W6/><G116/><T48/><D128/><U15/><E43/><V98/><F53/><W45/><G130/><T76/><D36/><U1/><E50/><V75/><F40/><W132/><G106/><T114/><D114/><U115/><E91/><V63/><F38/><W134/><G45/><T120/><D120/><U0/><E129/><V52/><F52/><W71/><G59/><T56/><D27/><N who="1" m="14831" /><E121/><V41/><F41/><W104/><G104/><T21/><D21/><U123/><E123/><V73/><F92/><W47/><G47/><T51/><REACH who="0" step="1"/><D68/><REACH who="0" ten="240,250,250,250" step="2"/><U95/><E133/><V103/><F73/><W34/><G72/><T86/><D86/><U70/><E70/><V58/><F75/><W3/><G34/><N who="1" m="12810" /><E95/><V111/><F84/><N who="3" m="50455" /><G71/><T112/><D112/><N who="1" m="43083" /><E4/><V49/><F98/><W88/><G132/><T105/><D105/><U28/><E28/><V69/><F29/><W31/><G31/><T124/><D124/><U19/><E13/><V78/><F30/><W101/><G134/><T94/><D94/><U9/><AGARI ba="0,1" hai="0,1,9,15,19" m="43083,12810,14831" machi="9" ten="30,4000,0" yaku="11,1,34,2" doraHai="25" who="1" fromWho="1" sc="240,-20,250,50,250,-10,250,-10" /><INIT seed="1,0,0,3,2,120" ten="220,300,240,240" oya="1" hai0="4,128,5,48,19,58,121,62,133,135,94,27,61" hai1="101,18,56,131,3,63,2,47,12,52,98,78,102" hai2="71,45,54,35,134,126,11,80,10,26,46,122,25" hai3="57,50,107,22,21,116,117,108,106,40,115,44,66"/><U43/><E131/><V75/><F122/><W119/><G115/><T68/><D121/><U1/><E78/><V38/><F71/><W28/><G108/><T17/><D128/><U65/><E65/><V91/><F134/><N who="0" m="51210" /><D94/><U83/><E83/><V123/><F123/><W104/><REACH who="3" step="1"/><G28/><REACH who="3" ten="220,300,240,230" step="2"/><T110/><D110/><U92/><E102/><V33/><F126/><W79/><G79/><T105/><D105/><U74/><E74/><V67/><F75/><W82/><G82/><T30/><D30/><U114/><E114/><V59/><F80/><W14/><G14/><T88/><D27/><U72/><E72/><V81/><F26/><W36/><G36/><T55/><D88/><U127/><E127/><V7/><F25/><W70/><G70/><T9/><D68/><U8/><REACH who="1" step="1"/><E1/><REACH who="1" ten="220,290,240,230" step="2"/><V93/><F81/><W37/><G37/><AGARI ba="0,2" hai="2,3,8,12,18,37,43,47,52,56,63,92,98,101" machi="37" ten="30,11600,0" yaku="1,1,2,1,7,1,54,1,53,0" doraHai="120" doraHaiUra="31" who="1" fromWho="3" sc="220,0,290,136,240,0,230,-116" /><INIT seed="1,1,0,2,3,55" ten="220,426,240,114" oya="1" hai0="14,45,97,26,100,124,107,36,11,46,62,82,50" hai1="96,126,116,1,102,123,12,118,125,43,63,27,49" hai2="67,16,31,21,117,47,2,78,54,101,19,9,44" hai3="0,110,8,48,94,104,75,22,132,35,76,30,3"/><U109/><E1/><V4/><F117/><W127/><G104/><T5/><D124/><U86/><E123/><V52/><F67/><W115/><G115/><T120/><D120/><U105/><E27/><V113/><F113/><W108/><G75/><T122/><D122/><U18/><E63/><V59/><F78/><W37/><G37/><T90/><D36/><U28/><E28/><V32/><F101/><W85/><G35/><T80/><D90/><U61/><E86/><V60/><F54/><W131/><G127/><N who="1" m="48650" /><E61/><V74/><F74/><W39/><G39/><T103/><D62/><U24/><E24/><N who="2" m="18535" /><F19/><W53/><G30/><T69/><D26/><U72/><E72/><V84/><F84/><W56/><G22/><T119/><D119/><U7/><E7/><V58/><F58/><W17/><G17/><T135/><D5/><U33/><E33/><V29/><F29/><W65/><G65/><T87/><D87/><U38/><E38/><V73/><F73/><W13/><G76/><T42/><D14/><AGARI ba="1,0" hai="2,4,9,14,16,21,44,47,52,59,60" m="18535" machi="14" ten="30,7700,0" yaku="24,1,52,1,54,2" doraHai="55" who="2" fromWho="0" sc="220,-80,426,0,240,80,114,0" /><INIT seed="2,0,0,5,5,129" ten="140,426,320,114" oya="2" hai0="118,91,68,9,0,40,71,22,46,49,32,43,54" hai1="115,106,19,65,35,112,33,103,44,27,25,16,134" hai2="109,110,104,14,39,93,31,126,66,85,7,56,99" hai3="130,62,87,17,131,123,121,101,55,23,41,1,74"/><V10/><F39/><W86/><G74/><T28/><D32/><N who="1" m="12363" /><E44/><V4/><F31/><W97/><G1/><T18/><D118/><U76/><E76/><V95/><F126/><W89/><G41/><T107/><D107/><U57/><E57/><V90/><F104/><W52/><G121/><T81/><D28/><U69/><E65/><V38/><F38/><W135/><G123/><T102/><D102/><U8/><E69/><V5/><F109/><W77/><G77/><T36/><D9/><U47/><E47/><V96/><F110/><W111/><G111/><T108/><D0/><U119/><E103/><V12/><F10/><W21/><G101/><T37/><D37/><U60/><E60/><N who="2" m="38151" /><F99/><W59/><G23/><T75/><D108/><U113/><E106/><V24/><F24/><N who="1" m="9289" /><E119/><V3/><F3/><W70/><G70/><T13/><D75/><U92/><E92/><V45/><F45/><W120/><G55/><T128/><D43/><U82/><E82/><V133/><F133/><W6/><G120/><T20/><D68/><U53/><E53/><V58/><F58/><W122/><G135/><T125/><D71/><U15/><E134/><V30/><F30/><W105/><G122/><T80/><D40/><U127/><E127/><V2/><F2/><W79/><G105/><T83/><D36/><U64/><E64/><V78/><F78/><W98/><G79/><T94/><D125/><U51/><E51/><V50/><F50/><W132/><G132/><T67/><D67/><U26/><N who="1" m="9297" /><U116/><DORA hai="73" /><E116/><V84/><F96/><W88/><G97/><RYUUKYOKU ba="0,0" sc="140,-15,426,15,320,15,114,-15" hai1="8,15,16,19,112,113,115" hai2="4,5,7,12,14,84,85,90,93,95" /><INIT seed="2,1,0,1,0,95" ten="125,441,335,99" oya="2" hai0="40,63,8,116,48,58,0,55,70,117,85,7,82" hai1="126,6,46,119,83,42,121,59,90,53,78,17,130" hai2="26,120,36,73,56,21,45,131,76,69,24,4,29" hai3="107,64,133,106,27,92,2,89,1,22,109,54,122"/><V44/><F120/><W135/><G122/><T50/><D40/><U9/><E119/><N who="0" m="45641" /><D70/><U16/><E121/><V71/><F131/><W127/><G64/><T99/><D99/><U103/><E103/><V128/><F128/><W15/><G109/><T38/><D38/><U118/><E90/><AGARI ba="1,0" hai="0,7,8,48,50,55,58,63,82,85,90" m="45641" machi="90" ten="30,1000,0" yaku="12,1" doraHai="95" who="0" fromWho="1" sc="125,13,441,-13,335,0,99,0" /><INIT seed="3,0,0,0,2,131" ten="138,428,335,99" oya="3" hai0="97,112,127,90,119,51,129,3,56,130,116,58,1" hai1="47,133,14,98,80,114,35,46,62,66,79,120,37" hai2="12,52,49,53,99,134,40,83,121,87,30,29,123" hai3="16,63,117,17,43,61,38,113,57,75,94,104,28"/><W26/><G113/><T2/><D127/><U82/><E35/><V96/><F40/><W106/><G117/><N who="0" m="45131" /><D51/><U6/><E114/><V0/><F0/><W126/><G75/><T70/><D70/><U102/><E120/><V8/><F134/><W135/><G135/><T84/><D97/><U128/><E37/><V108/><F108/><W122/><G122/><T86/><D112/><U23/><E80/><V36/><F36/><W100/><G126/><T101/><D101/><U77/><E79/><V20/><F53/><W76/><G76/><T95/><D86/><U10/><E23/><V93/><F121/><W50/><G38/><T55/><D55/><U115/><E133/><V54/><F54/><N who="3" m="31959" /><G43/><T118/><D118/><U18/><E6/><V24/><F29/><W34/><G94/><T48/><D48/><U9/><E9/><V71/><F71/><W45/><G45/><T4/><D4/><U19/><E19/><N who="3" m="7242" /><G100/><T91/><D91/><U64/><E128/><AGARI ba="0,0" hai="1,2,3,56,58,84,90,95,128,129,130" m="45131" machi="128" ten="40,1300,0" yaku="19,1" doraHai="131" who="0" fromWho="1" sc="138,13,428,-13,335,0,99,0" owari="151,-24.9,415,51.5,335,13.5,99,-40.1" /></mjloggm>