<mjloggm ver="2.3"><GO type="225" lobby="0"/><UN n0="%E7%99%BD%E6%97%A5%E9%9B%AA%E8%8F%9C" n1="%E3%82%BC%E3%83%AB%E3%83%80%E3%81%AE%E4%BC%9D%E8%AA%AC" n2="%E8%B7%AF%E9%9C%B8" n3="%E3%82%B2%E3%82%B9%E8%8C%82%E5%8B%9D" dan="16,17,17,16" rate="2215.28,2161.85,2137.27,2074.84" sx="M,M,M,F"/><TAIKYOKU oya="0"/><INIT seed="0,0,0,1,0,112" ten="250,250,250,250" oya="0" hai0="100,79,38,36,108,106,53,87,45,42,55,6,76" hai1="29,65,131,59,135,4,64,31,66,54,84,120,10" hai2="107,92,35,15,63,86,19,95,90,110,102,60,7" hai3="111,69,118,117,3,16,101,103,134,24,75,104,30"/><T114/><D114/><U58/><E120/><V115/><F115/><W50/><G111/><T67/><D36/><U21/><E135/><V72/><F72/><W23/><G134/><T61/><D108/><U0/><E131/><V122/><F110/><W133/><G133/><T43/><D43/><U25/><E84/><V62/><F107/><W71/><G75/><T130/><D130/><U121/><E121/><V33/><F122/><W127/><G127/><T93/><D6/><U46/><E46/><V37/><F37/><W57/><G3/><T32/><D32/><U116/><E116/><V34/><F7/><W20/><G71/><T99/><D76/><U109/><E109/><V51/><F51/><W126/><G69/><T105/><D105/><U128/><E128/><V39/><F39/><W52/><G126/><T73/><D73/><U85/><E85/><V11/><REACH who="2" step="1"/><F102/><REACH who="2" ten="250,250,240,250" step="2"/><W13/><REACH who="3" step="1"/><G104/><REACH who="3" ten="250,250,240,240" step="2"/><T129/><D129/><U5/><E5/><V97/><F97/><W18/><G18/><T74/><D74/><U17/><REACH who="1" step="1"/><E59/><REACH who="1" ten="250,240,240,240" step="2"/><V70/><F70/><W68/><G68/><T56/><REACH who="0" step="1"/><D106/><REACH who="0" ten="240,240,240,240" step="2"/><RYUUKYOKU type="reach4" ba="0,4" sc="240,0,240,0,240,0,240,0" hai0="38,42,45,53,55,56,61,67,79,87,93,99,100" hai1="0,4,10,17,21,25,29,31,54,58,64,65,66" hai2="11,15,19,33,34,35,60,62,63,86,90,92,95" hai3="13,16,20,23,24,30,50,52,57,101,103,117,118" /><INIT seed="0,1,4,4,0,122" ten="240,240,240,240" oya="0" hai0="12,111,55,115,134,128,57,125,129,5,71,56,68" hai1="124,38,31,16,94,11,36,0,110,92,131,103,17" hai2="62,108,88,27,40,64,67,84,1,61,91,9,6" hai3="72,34,101,98,14,130,73,18,95,41,80,48,54"/><T87/><D115/><U132/><E110/><V24/><F108/><W99/><G130/><N who="0" m="50283" /><D111/><U104/><E131/><V19/><F40/><W127/><G127/><T120/><D120/><U59/><E124/><V7/><F19/><W53/><G34/><T93/><D125/><U43/><E132/><V89/><F84/><W3/><G3/><T32/><D32/><U123/><E123/><V78/><F78/><W77/><G72/><T44/><D134/><U52/><E31/><V13/><F1/><W106/><G48/><N who="0" m="29063" /><D93/><U58/><E104/><V79/><F79/><W63/><G63/><N who="2" m="24073" /><F6/><W117/><G41/><T51/><D87/><U113/><E43/><V100/><F100/><W45/><G45/><T133/><D133/><U66/><E0/><V102/><F102/><W85/><G117/><T23/><D51/><U97/><E113/><V33/><F33/><W49/><G49/><T82/><D82/><U28/><E103/><V105/><F105/><W69/><G69/><N who="0" m="26699" /><D23/><U118/><E118/><V26/><AGARI ba="1,4" hai="7,9,13,24,26,27,64,67,88,89,91" m="24073" machi="26" ten="40,2700,0" yaku="8,1,54,1" doraHai="122" who="2" fromWho="2" sc="240,-14,240,-8,240,70,240,-8" /><INIT seed="1,0,0,4,3,100" ten="226,232,310,232" oya="1" hai0="86,117,84,31,82,114,51,32,105,26,19,55,57" hai1="124,94,23,80,116,70,119,69,92,72,61,8,118" hai2="47,16,48,110,107,90,126,95,4,108,74,18,122" hai3="91,102,96,133,54,101,127,64,22,27,42,99,130"/><U17/><E124/><V46/><F122/><W1/><G127/><T83/><D114/><U76/><E8/><V21/><F126/><W14/><G1/><T89/><D117/><U109/><E109/><N who="2" m="42091" /><F74/><W87/><G130/><T77/><REACH who="0" step="1"/><D19/><REACH who="0" ten="216,232,310,232" step="2"/><U52/><E69/><V93/><F18/><W28/><G133/><T36/><D36/><U11/><E70/><V131/><F131/><W63/><G101/><T38/><D38/><U10/><E10/><V34/><F4/><W66/><G102/><T3/><D3/><U45/><E11/><V129/><F129/><W62/><G28/><T135/><D135/><U128/><E128/><V78/><F16/><W5/><G5/><T53/><D53/><U7/><E7/><V35/><F35/><W115/><G54/><T123/><D123/><U104/><E17/><V98/><F34/><W65/><G115/><T25/><D25/><U29/><E29/><V60/><F21/><W33/><G33/><T59/><D59/><U12/><E23/><V68/><F68/><W113/><G113/><T111/><D111/><U97/><E12/><V50/><F46/><W71/><G71/><T15/><D15/><U20/><E20/><V0/><F47/><W67/><G27/><T13/><D13/><U41/><E45/><V120/><F0/><W88/><G14/><T79/><D79/><U106/><E116/><V44/><F78/><W132/><G132/><T49/><D49/><U43/><E118/><V85/><F44/><W56/><G22/><T9/><D9/><U24/><E119/><V37/><F48/><W121/><G121/><RYUUKYOKU ba="0,1" sc="216,30,232,-10,310,-10,232,-10" hai0="26,31,32,51,55,57,77,82,83,84,86,89,105" /><INIT seed="2,1,1,4,0,32" ten="246,222,300,222" oya="2" hai0="6,117,75,62,93,105,120,66,71,126,44,55,34" hai1="42,36,15,98,65,95,26,19,50,4,96,80,86" hai2="81,64,89,1,124,68,60,94,3,41,49,82,127" hai3="74,31,0,83,108,123,114,103,79,70,67,84,54"/><V33/><F33/><W38/><G123/><T97/><D120/><U56/><E36/><V2/><F49/><W27/><G38/><T8/><D75/><U128/><E128/><V58/><F68/><W30/><G108/><T28/><D105/><U92/><E26/><V134/><F41/><W110/><G110/><T111/><D111/><U21/><E4/><V63/><F63/><W29/><G0/><T37/><D126/><N who="2" m="48170" /><F134/><W91/><G114/><T59/><D117/><U52/><E42/><V104/><F104/><W99/><G54/><T73/><D73/><U11/><E65/><V107/><F107/><W87/><G27/><T109/><D109/><U47/><E56/><V100/><F100/><W43/><G43/><T112/><D34/><U119/><E119/><V51/><F51/><W46/><G46/><T122/><D37/><U116/><E116/><V40/><F40/><W45/><G45/><T125/><D44/><U10/><E98/><AGARI ba="1,1" hai="1,2,3,58,60,64,81,82,89,94,98" m="48170" machi="98" ten="40,12000,1" yaku="18,1,52,3" doraHai="32" who="2" fromWho="1" sc="246,0,222,-123,300,133,222,0" /><INIT seed="2,2,0,3,0,134" ten="246,99,433,222" oya="2" hai0="101,96,95,32,84,81,83,36,48,6,105,63,78" hai1="44,116,5,126,55,57,71,62,7,70,94,16,99" hai2="91,130,50,80,27,85,56,74,19,4,68,75,23" hai3="59,49,1,123,58,76,69,2,104,124,18,119,66"/><V17/><F68/><W45/><G119/><T11/><D36/><U38/><E116/><V103/><F130/><W118/><G118/><T35/><D48/><U26/><E70/><V42/><F103/><W110/><G123/><T60/><D83/><U24/><E71/><V107/><F107/><W8/><G104/><T40/><D40/><U13/><E126/><V129/><F129/><W108/><G76/><T9/><D9/><U20/><E38/><V112/><F112/><W88/><G124/><T22/><D22/><U82/><E82/><V100/><F100/><W14/><G69/><T93/><D93/><U120/><E120/><V127/><F127/><W121/><G121/><T43/><D43/><U114/><E114/><V72/><F4/><W29/><G29/><T28/><D105/><U3/><E44/><V37/><F37/><W97/><G2/><T109/><D109/><N who="3" m="42089" /><G66/><T65/><D28/><U106/><E106/><V86/><F86/><W89/><G1/><T73/><D73/><U67/><E67/><V122/><F122/><W77/><G77/><T47/><D47/><U15/><E3/><V117/><F117/><W25/><G25/><N who="1" m="9834" /><E15/><V0/><F0/><W46/><G46/><T41/><D41/><U133/><E133/><V53/><F42/><N who="3" m="24759" /><G97/><T33/><D65/><U52/><E55/><V131/><F131/><W135/><G135/><T92/><D92/><U34/><E34/><V98/><REACH who="2" step="1"/><F98/><REACH who="2" ten="246,99,423,222" step="2"/><W102/><G102/><AGARI ba="2,1" hai="5,7,13,16,20,52,57,62,94,99,102" m="9834" machi="102" ten="30,3900,0" yaku="8,1,54,2" doraHai="134" who="1" fromWho="3" sc="246,0,99,55,423,0,222,-45" /><INIT seed="3,0,0,3,2,27" ten="246,154,423,177" oya="3" hai0="113,38,126,29,130,67,51,15,98,14,66,49,93" hai1="122,82,25,1,8,26,88,112,3,107,44,62,75" hai2="134,74,133,69,115,53,16,24,114,45,106,43,63" hai3="22,117,46,34,125,121,58,97,108,124,12,110,70"/><W5/><G117/><T72/><D38/><U94/><E122/><V76/><F106/><W56/><G121/><T109/><D72/><U55/><E112/><V78/><F74/><W131/><G34/><T73/><D73/><U64/><E107/><V0/><F0/><W19/><G70/><T116/><D116/><U47/><E1/><V28/><F16/><W111/><G131/><T57/><D130/><U7/><E75/><V68/><F68/><W48/><G97/><T42/><D113/><U90/><E82/><V102/><F102/><W71/><G5/><T37/><D29/><U52/><E47/><V132/><F114/><W127/><G71/><T103/><D109/><U123/><E123/><V77/><F115/><W13/><G13/><T81/><D126/><U95/><E95/><V119/><F119/><W21/><G21/><T41/><D37/><U31/><E44/><V20/><F69/><W59/><G46/><N who="0" m="25807" /><D81/><U84/><E90/><V35/><F45/><W40/><G40/><T11/><D42/><U101/><E101/><V39/><F43/><W18/><G18/><N who="0" m="8543" /><D15/><N who="1" m="5535" /><E26/><V54/><F39/><W80/><G80/><T85/><D85/><U105/><E105/><V79/><F35/><W96/><G96/><T104/><D104/><U86/><E84/><V6/><F6/><W17/><G17/><T99/><D98/><U60/><E3/><V33/><F33/><W61/><G48/><T87/><D87/><U32/><E62/><AGARI ba="0,0" hai="12,19,22,56,58,59,61,62,108,110,111,124,125,127" machi="62" ten="60,12000,1" yaku="29,2,14,1,10,1,18,1" doraHai="27" who="3" fromWho="1" sc="246,0,154,-120,423,0,177,120" /><INIT seed="3,1,0,4,0,21" ten="246,34,423,297" oya="3" hai0="31,15,61,95,30,41,25,81,82,103,114,123,48" hai1="133,16,29,66,107,0,14,43,98,3,72,64,55" hai2="60,89,74,93,7,28,19,22,79,108,67,94,111" hai3="132,34,113,1,11,128,45,42,121,17,122,62,68"/><W4/><G113/><T109/><D123/><U104/><E43/><V56/><F7/><W35/><G132/><T71/><D109/><N who="2" m="42058" /><F28/><W110/><G128/><T125/><D114/><U52/><E29/><V116/><F116/><W57/><G17/><T124/><D31/><U80/><E98/><V91/><F79/><W27/><G110/><T65/><D15/><U96/><E96/><V127/><F74/><W70/><G57/><T115/><D115/><U59/><E59/><V126/><F93/><W54/><G54/><T134/><D134/><U2/><E133/><V75/><F75/><W83/><G83/><T5/><D5/><U73/><E80/><V131/><F131/><W24/><G35/><T6/><D6/><U13/><E2/><V40/><F40/><W10/><G10/><T53/><D41/><U88/><E88/><N who="2" m="33867" /><F94/><W63/><G34/><T51/><D95/><U135/><E135/><V129/><F129/><W12/><G1/><T120/><D103/><U39/><E39/><V100/><F100/><W97/><G97/><T20/><D120/><U84/><E84/><V117/><F117/><W119/><G119/><T86/><D86/><U77/><E77/><V58/><F58/><W47/><G47/><T32/><D32/><U76/><E76/><V36/><F36/><N who="3" m="21703" /><G68/><T112/><D112/><U18/><E3/><V46/><F46/><W130/><G130/><T99/><D99/><U49/><E0/><V106/><F106/><W118/><G118/><T37/><D37/><U85/><E85/><V38/><F38/><W92/><G70/><T78/><D71/><RYUUKYOKU ba="1,0" sc="246,-15,34,15,423,15,297,-15" hai1="13,14,16,18,49,52,55,64,66,72,73,104,107" hai2="19,22,56,60,67,126,127" owari="231,-16.9,49,-45.1,438,53.8,282,8.2" /></mjloggm>