<mjloggm ver="2.3"><GO type="225" lobby="0"/><UN n0="%E3%83%B4%E3%82%A3%E3%83%AF%E3%82%B3%E3%82%B0%E3%83%8B" n1="%6D%75%75%6D%75%72%61" n2="%E3%81%86%E3%82%8B%E3%81%8A%E3%81%A1%E3%82%83" n3="%E3%81%9F%E3%81%93%E2%98%86%E7%84%BC%E3%81%8D" dan="16,16,16,16" rate="2157.59,2157.45,2113.39,2107.68" sx="M,F,F,M"/><TAIKYOKU oya="0"/><INIT seed="0,0,0,3,1,76" ten="250,250,250,250" oya="0" hai0="133,20,38,58,60,31,51,98,79,28,84,9,45" hai1="12,123,57,40,56,82,110,127,35,16,49,37,64" hai2="103,54,67,3,131,112,10,106,18,117,97,36,109" hai3="69,108,99,75,26,53,87,32,111,21,128,55,72"/><T7/><D133/><U13/><E123/><V80/><F36/><W102/><G69/><T88/><D38/><U41/><E110/><N who="3" m="42026" /><G32/><T46/><D79/><U23/><E35/><V100/><F112/><W94/><G128/><T135/><D98/><U83/><E37/><V95/><F131/><W62/><G87/><T17/><D135/><U107/><E107/><V68/><F117/><W11/><G11/><T129/><D129/><U73/><E73/><N who="3" m="28234" /><G62/><T130/><D130/><U47/><E40/><V90/><F10/><W65/><G65/><T104/><D104/><U63/><E127/><V33/><F67/><W66/><G66/><T126/><D126/><U0/><E0/><V118/><F3/><W78/><G78/><T74/><D74/><U19/><E57/><V14/><F68/><W8/><G8/><AGARI ba="0,0" hai="8,12,13,16,19,23,41,47,49,56,63,64,82,83" machi="8" ten="30,8000,1" yaku="7,1,8,1,52,2,54,1" doraHai="76" who="1" fromWho="3" sc="250,0,250,80,250,0,250,-80" /><INIT seed="1,0,0,0,3,125" ten="250,330,250,170" oya="1" hai0="31,70,102,90,30,67,61,133,112,80,10,13,27" hai1="105,3,16,37,134,51,95,97,29,44,103,0,63" hai2="92,111,118,60,135,86,101,65,76,23,127,34,72" hai3="57,83,48,9,11,32,21,52,132,91,99,36,38"/><U108/><E134/><V106/><F34/><W94/><G32/><T28/><D112/><U93/><E37/><V39/><F39/><W54/><G132/><T22/><D133/><U81/><E29/><V2/><F2/><W98/><G36/><T82/><D102/><U120/><E120/><V17/><F118/><W77/><G38/><T58/><D70/><U50/><E108/><V7/><F7/><W41/><G41/><T66/><D67/><U129/><E129/><V130/><F130/><W62/><G99/><T5/><REACH who="0" step="1"/><D90/><REACH who="0" ten="240,330,250,170" step="2"/><U88/><E103/><V25/><F135/><W78/><G78/><T1/><D1/><U121/><E0/><V116/><F76/><W14/><G77/><T26/><D26/><U122/><E3/><V124/><F101/><W84/><G14/><T126/><D126/><U123/><E88/><V71/><F25/><W42/><G83/><AGARI ba="0,1" hai="5,10,13,22,27,28,30,31,58,61,66,80,82,83" machi="83" ten="40,2600,0" yaku="1,1,8,1,53,0" doraHai="125" doraHaiUra="73" who="0" fromWho="3" sc="240,36,330,0,250,0,170,-26" /><INIT seed="2,0,0,3,0,121" ten="276,330,250,144" oya="2" hai0="90,135,134,123,88,120,114,59,68,103,77,57,92" hai1="61,44,37,5,117,9,111,45,53,71,80,125,119" hai2="52,6,46,91,22,51,10,112,131,3,76,35,87" hai3="122,96,65,55,82,100,56,38,34,108,47,43,74"/><V36/><F35/><W15/><G34/><T27/><D68/><U110/><E125/><V4/><F112/><W11/><G122/><N who="0" m="46635" /><D27/><U14/><E80/><V33/><F33/><W40/><G40/><T79/><D57/><N who="1" m="34991" /><E71/><V58/><F131/><W28/><G108/><N who="1" m="41514" /><E37/><V78/><F6/><W17/><G28/><T73/><D59/><U54/><E54/><V93/><F22/><W85/><G74/><T18/><D18/><U26/><E26/><V23/><F23/><W21/><G65/><T95/><D103/><U101/><E101/><V105/><F105/><W50/><G21/><T115/><D73/><U63/><E63/><V32/><F32/><W25/><G25/><T0/><D114/><U127/><E127/><V20/><F20/><W13/><G13/><T124/><D0/><U113/><E113/><V16/><F16/><W2/><G2/><T83/><D124/><U106/><E106/><V81/><F36/><W62/><G38/><T69/><D69/><U116/><AGARI ba="0,0" hai="5,9,14,44,45,116,117,119" m="41514,34991" machi="116" ten="40,8000,1" yaku="14,1,52,3" doraHai="121" who="1" fromWho="1" sc="276,-20,330,80,250,-40,144,-20" /><INIT seed="3,0,0,1,4,47" ten="256,410,210,124" oya="3" hai0="78,85,28,67,125,50,22,15,12,63,108,3,119" hai1="130,93,80,59,113,116,120,62,64,2,98,21,19" hai2="9,36,48,46,106,16,52,102,51,92,31,79,131" hai3="132,10,73,45,114,97,34,23,24,14,135,8,35"/><W91/><G73/><T87/><D3/><U20/><E2/><V69/><F36/><W11/><G45/><T126/><D108/><U43/><E120/><V72/><F106/><W44/><G44/><T90/><D50/><N who="2" m="18986" /><F69/><W42/><G91/><T18/><D119/><U86/><E130/><V33/><F33/><N who="3" m="12299" /><G97/><T110/><D110/><U27/><E98/><N who="2" m="59719" /><F72/><W54/><G54/><T53/><D53/><U75/><E64/><V29/><F131/><W57/><G57/><T127/><D28/><N who="2" m="10826" /><F79/><W82/><G82/><N who="0" m="47319" /><D63/><U94/><E62/><V60/><F46/><W105/><G105/><T30/><D30/><U65/><E65/><V111/><F111/><W95/><G95/><N who="0" m="54751" /><D67/><U41/><E41/><V112/><F112/><W84/><G84/><T88/><D88/><U129/><E129/><V6/><F60/><W101/><G101/><T76/><D76/><U128/><E59/><V96/><F96/><W17/><G42/><T66/><D66/><U81/><E86/><V107/><F107/><W89/><G89/><T25/><AGARI ba="0,0" hai="12,15,18,22,25,125,126,127" m="54751,47319" machi="25" ten="30,1100,0" yaku="18,1" doraHai="47" who="0" fromWho="0" sc="256,11,410,-3,210,-3,124,-5" owari="267,6.7,407,50.7,207,-19.3,119,-38.1" /></mjloggm>