<mjloggm ver="2.3"><GO type="225" lobby="0"/><UN n0="%E3%81%A1%E3%82%85%E3%81%86%E3%81%A9%E3%81%8F%E8%B1%A1%E3%81%95%E3%82%93" n1="%70%68%65%6E%6F%6D%65" n2="%72%69%6F%75%63%68%61%6E" n3="%33%74%72%65%65" dan="17,17,17,17" rate="2169.57,2188.67,2210.67,2159.07" sx="M,M,M,F"/><TAIKYOKU oya="0"/><INIT seed="0,0,0,4,3,38" ten="250,250,250,250" oya="0" hai0="66,96,74,126,84,21,82,70,121,62,7,106,41" hai1="13,1,29,114,122,80,35,101,42,57,3,97,15" hai2="72,105,44,99,133,24,64,68,104,94,31,20,132" hai3="45,116,58,103,118,113,125,65,59,102,12,50,100"/><T18/><D121/><U117/><E122/><V10/><F72/><W81/><G113/><T46/><D74/><U77/><E117/><V89/><F10/><W71/><G125/><T0/><D126/><U86/><E114/><V5/><F5/><W73/><G71/><T34/><D34/><U112/><E112/><V32/><F32/><W43/><G12/><T19/><D0/><U8/><E15/><V110/><F110/><W26/><G26/><T30/><D7/><U36/><E57/><V23/><F23/><W85/><G73/><T87/><D87/><U16/><E29/><V115/><F115/><W124/><G124/><T6/><D6/><U88/><E35/><V111/><F111/><W135/><G135/><N who="2" m="51785" /><F44/><W130/><G130/><T134/><D134/><U55/><E55/><V61/><AGARI ba="0,0" hai="20,24,31,61,64,68,89,94,99,104,105" m="51785" machi="61" ten="30,1100,0" yaku="20,1" doraHai="38" who="2" fromWho="2" sc="250,-5,250,-3,250,11,250,-3" /><INIT seed="1,0,0,5,1,94" ten="245,247,261,247" oya="1" hai0="28,122,121,4,35,85,89,12,36,47,87,53,15" hai1="82,92,91,73,21,57,11,24,79,64,133,56,93" hai2="16,41,43,7,40,112,114,68,45,104,128,132,69" hai3="98,17,29,113,76,10,115,103,51,111,59,81,72"/><U31/><E133/><V131/><F7/><W86/><G111/><T124/><D124/><U100/><E64/><V1/><F1/><W83/><G29/><T75/><D75/><U19/><E92/><V30/><F30/><W49/><G10/><T71/><D71/><N who="2" m="27210" /><F104/><W134/><G134/><T130/><D130/><N who="2" m="49706" /><F132/><W116/><G116/><T66/><D66/><U26/><E100/><V65/><F65/><W123/><G123/><N who="0" m="47115" /><D4/><U120/><E120/><V9/><F45/><W102/><G17/><T48/><D36/><U25/><E11/><V107/><F107/><W109/><G109/><T105/><D105/><U62/><E31/><V8/><F8/><W42/><G103/><T39/><D39/><U13/><REACH who="1" step="1"/><E62/><REACH who="1" ten="245,237,261,247" step="2"/><V34/><F34/><W110/><G102/><T129/><D129/><U33/><E33/><V32/><F32/><W99/><G110/><T61/><D35/><U126/><E126/><V50/><F9/><W118/><G118/><T38/><D28/><U106/><E106/><V67/><F67/><W77/><G115/><N who="2" m="44073" /><F16/><W2/><G113/><T5/><D5/><U96/><AGARI ba="0,1" hai="13,19,21,24,25,26,56,57,73,79,82,91,93,96" machi="96" ten="30,6000,0" yaku="1,1,0,1,52,1,53,0" doraHai="94" doraHaiUra="60" who="1" fromWho="1" sc="245,-20,237,70,261,-20,247,-20" /><INIT seed="1,1,0,5,4,76" ten="225,307,241,227" oya="1" hai0="24,2,97,45,28,31,88,84,92,17,132,35,74" hai1="8,65,107,93,103,102,116,12,30,121,98,42,127" hai2="85,114,25,16,39,99,1,34,37,40,94,75,68" hai3="22,128,86,14,87,7,59,27,73,60,57,90,133"/><U15/><E116/><V36/><F75/><W81/><G128/><T47/><D2/><U26/><E121/><V20/><F114/><W3/><G133/><T91/><D74/><U54/><E127/><V72/><F72/><W38/><G3/><T63/><D132/><U125/><E125/><V110/><F110/><W56/><G38/><T50/><D31/><U69/><E42/><V106/><F1/><W134/><G134/><T9/><D63/><N who="1" m="40127" /><E54/><V104/><F68/><W96/><G73/><T23/><D47/><U130/><E130/><V135/><F135/><W55/><G96/><T33/><D9/><U29/><E29/><V18/><F40/><W19/><G87/><T82/><REACH who="0" step="1"/><D28/><REACH who="0" ten="215,307,241,227" step="2"/><U113/><E8/><AGARI ba="1,1" hai="7,8,14,19,22,27,55,56,57,59,60,81,86,90" machi="8" ten="40,2600,0" yaku="8,1,52,1" doraHai="76" who="3" fromWho="1" sc="215,0,307,-29,241,0,227,39" /><INIT seed="2,0,0,1,1,112" ten="215,278,241,266" oya="2" hai0="76,59,114,99,121,34,77,15,43,3,84,31,66" hai1="52,13,70,81,0,49,51,89,25,127,16,134,115" hai2="26,9,124,104,5,11,117,122,74,20,83,32,71" hai3="125,44,88,128,109,68,72,8,30,4,1,45,119"/><V14/><F117/><W67/><G119/><T24/><D114/><U12/><E115/><V129/><F122/><W23/><G109/><T94/><D121/><U91/><E0/><V57/><F71/><W36/><G125/><T55/><D3/><U22/><E70/><V19/><F104/><W27/><G128/><T93/><D43/><U18/><E127/><V133/><F124/><W69/><G72/><T101/><D66/><U103/><E134/><V65/><F133/><W96/><G36/><T61/><D15/><N who="1" m="5707" /><E103/><V113/><F113/><W92/><REACH who="3" step="1"/><G69/><REACH who="3" ten="215,278,241,256" step="2"/><T106/><REACH who="0" step="1"/><D77/><REACH who="0" ten="205,278,241,256" step="2"/><U50/><E18/><N who="2" m="12567" /><F129/><W38/><G38/><T131/><D131/><U78/><E78/><V75/><F19/><W79/><G79/><T85/><D85/><N who="1" m="50351" /><E91/><V60/><F74/><W107/><G107/><T58/><D58/><AGARI ba="0,2" hai="16,22,25,49,50,51,52,58" m="50351,5707" machi="58" ten="30,3900,0" yaku="8,1,54,2" doraHai="112" who="1" fromWho="0" sc="205,-39,278,59,241,0,256,0" /><INIT seed="3,0,0,0,3,103" ten="166,337,241,256" oya="3" hai0="20,45,63,31,47,83,8,93,128,96,57,70,54" hai1="97,6,114,73,13,30,18,71,132,50,15,104,16" hai2="53,0,133,10,51,117,99,64,106,109,75,85,26" hai3="5,134,38,125,65,2,55,122,80,40,130,82,116"/><W25/><G122/><T120/><D120/><U41/><E73/><V76/><F117/><W79/><G116/><T88/><D128/><U90/><E114/><V48/><F75/><W42/><G125/><T66/><D8/><U74/><E74/><V19/><F64/><W60/><G134/><T77/><D31/><U119/><E71/><V52/><F133/><W29/><G55/><N who="2" m="21065" /><F106/><W36/><G36/><T14/><D14/><U92/><E18/><V35/><F35/><W4/><G130/><T46/><D20/><U89/><E15/><N who="2" m="7671" /><F0/><W131/><G131/><T91/><D70/><U44/><E30/><V86/><F109/><W129/><G129/><T84/><REACH who="0" step="1"/><D66/><REACH who="0" ten="156,337,241,256" step="2"/><U98/><E13/><V135/><F135/><W101/><G65/><T34/><D34/><U67/><E67/><V121/><F121/><W56/><G29/><T59/><D59/><U21/><E21/><V81/><F26/><W23/><G25/><T58/><D58/><U94/><E132/><V17/><F17/><W24/><G23/><T39/><D39/><U112/><E16/><V32/><F32/><W78/><G24/><T105/><D105/><U111/><E104/><V27/><F27/><W3/><G38/><T102/><AGARI ba="0,1" hai="45,46,47,54,57,63,77,83,84,88,91,93,96,102" machi="102" ten="30,8000,1" yaku="1,1,0,1,8,1,54,1,53,1" doraHai="103" doraHaiUra="95" who="0" fromWho="0" sc="156,90,337,-20,241,-20,256,-40" owari="246,4.6,317,41.7,221,-17.9,216,-28.4" /></mjloggm>