<mjloggm ver="2.3"><GO type="225" lobby="0"/><UN n0="%E5%B8%86%E7%AB%8B%E5%A4%8F%E8%A1%A3" n1="%E3%81%82%E3%81%84%E3%81%82%E3%81%8A%E3%81%84" n2="%E3%81%BE%E3%81%A8%E3%81%9F" n3="%50%65%74%65%72%50%61%6E" dan="16,18,16,17" rate="2089.67,2196.16,2154.32,2221.11" sx="M,M,M,M"/><TAIKYOKU oya="0"/><INIT seed="0,0,0,5,0,83" ten="250,250,250,250" oya="0" hai0="77,92,119,126,109,17,99,61,64,114,81,123,69" hai1="127,32,98,108,135,35,118,128,25,106,110,34,46" hai2="53,100,21,42,57,74,31,26,120,85,49,86,115" hai3="29,58,65,16,22,132,68,105,55,8,113,37,130"/><T87/><D114/><U30/><E118/><V121/><F115/><W23/><G113/><T122/><D126/><U80/><E127/><V19/><F74/><W94/><G105/><T96/><D119/><U12/><E135/><V90/><F100/><W6/><G37/><T91/><D109/><N who="1" m="42091" /><E128/><V63/><F31/><W129/><G132/><T18/><REACH who="0" step="1"/><D99/><REACH who="0" ten="240,250,250,250" step="2"/><U101/><E98/><V117/><F117/><W103/><G130/><T62/><D62/><U75/><E34/><V14/><F121/><AGARI ba="0,1" hai="17,18,61,64,69,77,81,87,91,92,96,121,122,123" machi="121" ten="40,3900,0" yaku="1,1,52,1,53,0" doraHai="83" doraHaiUra="71" who="0" fromWho="2" sc="240,49,250,0,250,-39,250,0" /><INIT seed="0,1,0,0,0,82" ten="289,250,211,250" oya="0" hai0="103,71,68,22,99,49,16,40,64,125,105,23,9" hai1="72,24,34,118,70,104,0,18,45,46,79,7,95" hai2="26,84,107,117,13,123,52,115,119,33,25,4,50" hai3="87,19,74,122,88,66,131,27,106,38,31,6,132"/><T3/><D125/><U42/><E104/><V29/><F123/><W53/><G74/><T111/><D111/><U73/><E70/><V90/><F107/><W85/><G122/><T83/><D83/><U93/><E46/><V11/><F115/><W77/><G38/><T20/><D64/><U65/><E65/><V101/><F101/><W120/><G120/><T134/><D134/><U62/><E62/><V2/><F2/><W97/><G66/><T114/><D114/><U51/><E118/><V102/><F102/><W57/><G131/><T17/><D3/><U58/><E58/><V81/><REACH who="2" step="1"/><F26/><REACH who="2" ten="289,250,201,250" step="2"/><W86/><G132/><T61/><D103/><U127/><E24/><V89/><F89/><W69/><G106/><T1/><D105/><U48/><E127/><V59/><AGARI ba="1,1" hai="4,11,13,25,29,33,50,52,59,81,84,90,117,119" machi="59" ten="30,7900,0" yaku="1,1,0,1,52,1,54,1,53,0" doraHai="82" doraHaiUra="109" who="2" fromWho="2" sc="289,-40,250,-21,201,92,250,-21" /><INIT seed="1,0,0,1,1,0" ten="249,229,293,229" oya="1" hai0="128,46,110,55,97,67,68,57,53,84,91,112,1" hai1="58,79,28,7,41,52,85,40,61,122,103,104,100" hai2="17,120,121,86,44,50,6,35,75,116,115,73,124" hai3="74,93,64,49,26,134,43,56,32,2,34,133,71"/><U102/><E104/><V15/><F116/><W105/><G105/><T18/><D112/><U109/><E122/><V107/><F107/><W30/><G74/><T12/><D110/><U23/><E109/><V101/><F124/><W11/><G34/><T21/><D128/><U130/><E130/><V48/><F115/><W4/><G71/><T78/><D1/><U131/><E131/><V22/><F35/><W123/><G123/><T117/><D117/><U119/><E119/><V118/><F118/><W90/><G43/><T54/><D68/><U82/><REACH who="1" step="1"/><E7/><REACH who="1" ten="249,219,293,229" step="2"/><V77/><F120/><W70/><G70/><T92/><D78/><U63/><E63/><V13/><F121/><W9/><G134/><T24/><D24/><AGARI ba="0,1" hai="23,24,28,40,41,52,58,61,79,82,85,100,102,103" machi="24" ten="40,12000,1" yaku="1,1,8,1,54,1,53,1" doraHai="0" doraHaiUra="80" who="1" fromWho="0" sc="249,-120,219,130,293,0,229,0" /><INIT seed="1,1,0,0,1,128" ten="129,349,293,229" oya="1" hai0="18,75,14,41,50,127,2,46,90,94,80,101,24" hai1="92,66,114,81,77,6,117,122,59,64,65,83,104" hai2="115,112,29,8,84,91,70,110,32,86,109,9,4" hai3="96,103,124,95,60,53,71,1,47,12,97,22,116"/><U63/><E104/><V107/><F70/><W37/><G1/><T118/><D118/><U123/><E117/><V72/><F72/><W40/><G116/><T85/><D127/><U25/><E114/><N who="2" m="43563" /><F107/><W76/><G124/><T33/><D2/><U10/><E92/><V55/><F55/><W82/><G97/><T102/><D33/><U30/><E122/><V132/><F132/><W19/><G71/><T89/><D24/><U57/><E123/><V13/><F91/><W23/><G60/><T88/><D75/><U119/><E119/><V39/><F39/><W38/><G53/><T42/><D42/><U99/><E99/><V69/><F69/><W100/><G38/><T120/><D120/><U27/><E59/><V129/><F84/><W34/><G34/><T78/><REACH who="0" step="1"/><D94/><REACH who="0" ten="119,349,293,229" step="2"/><U61/><E27/><N who="2" m="18495" /><F129/><W5/><G95/><T44/><D44/><U68/><E25/><V58/><F13/><W67/><G12/><T48/><D48/><U49/><E49/><V54/><F110/><W7/><G37/><T43/><D43/><U51/><E51/><V26/><F26/><W35/><G40/><T126/><D126/><U133/><E30/><V74/><F74/><W20/><G47/><T36/><D36/><U17/><E63/><V28/><F109/><W121/><G121/><T113/><D113/><U79/><E61/><V131/><F131/><W62/><G62/><T45/><D45/><U135/><E65/><V106/><F106/><W16/><G67/><T98/><D98/><U125/><E66/><V130/><F130/><W52/><G96/><T111/><D111/><RYUUKYOKU ba="1,1" sc="119,30,349,-10,293,-10,229,-10" hai0="14,18,41,46,50,78,80,85,88,89,90,101,102" /><INIT seed="2,2,1,2,3,56" ten="149,339,283,219" oya="2" hai0="109,65,94,134,14,11,22,67,93,79,104,6,23" hai1="74,110,114,105,130,18,70,35,75,27,108,95,10" hai2="7,54,16,97,76,40,99,61,58,12,135,60,101" hai3="49,116,32,15,53,80,118,100,34,2,102,92,38"/><V87/><F135/><W29/><G2/><T85/><D134/><U77/><E105/><V126/><F126/><W125/><G38/><T83/><D104/><U39/><E114/><V33/><F33/><W132/><G132/><T21/><REACH who="0" step="1"/><D109/><REACH who="0" ten="139,339,283,219" step="2"/><U66/><E108/><V91/><F76/><W71/><G116/><T133/><D133/><U106/><E77/><V124/><F124/><W63/><G118/><T112/><D112/><U90/><E106/><V47/><F7/><W52/><G125/><T8/><D8/><U121/><E10/><V129/><F129/><W72/><G34/><T73/><D73/><U64/><E75/><V30/><F101/><W17/><G102/><T82/><D82/><U122/><E74/><V98/><F30/><W31/><G32/><T20/><N who="0" m="5120" /><DORA hai="78" /><T0/><D0/><U25/><E35/><V24/><F24/><W81/><G72/><T50/><D50/><U45/><E27/><V5/><F5/><W13/><G49/><T86/><D86/><U123/><E25/><V36/><F12/><W119/><G119/><T103/><D103/><U48/><E48/><N who="2" m="26727" /><F16/><W107/><G107/><T120/><D120/><U3/><E110/><V43/><F36/><W9/><G100/><T19/><D19/><U28/><E122/><V57/><F87/><W84/><G84/><T4/><D4/><U59/><E121/><V41/><F91/><W51/><G13/><T88/><D88/><U1/><E90/><V46/><F46/><W62/><G17/><T55/><D55/><AGARI ba="2,2" hai="41,43,54,55,57,58,60,61,97,98,99" m="26727" machi="55" ten="30,5800,0" yaku="8,1,52,2" doraHai="56,78" who="2" fromWho="0" sc="139,-64,339,0,283,84,219,0" /><INIT seed="2,3,0,3,4,29" ten="75,339,367,219" oya="2" hai0="39,35,113,97,60,24,104,33,45,93,130,55,83" hai1="5,87,66,126,51,105,54,19,129,99,109,72,125" hai2="122,27,107,15,53,119,103,96,52,56,70,79,7" hai3="121,128,117,80,26,106,111,23,86,17,2,81,89"/><V120/><F70/><W67/><G117/><T135/><D113/><U40/><E72/><V112/><F112/><W124/><G121/><T50/><D135/><U58/><E109/><V63/><F119/><W110/><G128/><T22/><D130/><U68/><E129/><V47/><F79/><W61/><G124/><T43/><D104/><U44/><E5/><V118/><F118/><W59/><G2/><T0/><D0/><U88/><E19/><V100/><F100/><W75/><G106/><T30/><D83/><U3/><E3/><V14/><F27/><W12/><G75/><T90/><REACH who="0" step="1"/><D60/><REACH who="0" ten="65,339,367,219" step="2"/><N who="1" m="40007" /><E105/><V114/><F114/><W133/><G133/><T13/><D13/><U21/><E126/><V28/><F15/><W25/><G81/><T49/><D49/><U95/><E125/><V16/><F14/><W78/><G78/><T102/><D102/><U74/><E74/><V46/><F103/><W116/><G116/><T115/><D115/><U76/><E76/><V11/><F107/><W62/><G62/><T131/><D131/><U69/><E51/><V42/><F120/><W37/><G37/><T91/><D91/><U65/><E88/><V36/><F63/><W38/><G38/><T41/><D41/><U48/><E48/><V64/><F42/><W108/><AGARI ba="3,1" hai="12,17,23,25,26,59,61,67,80,86,89,108,110,111" machi="108" ten="30,2000,0" yaku="0,1,14,1" doraHai="29" who="3" fromWho="3" sc="65,-8,339,-8,367,-13,219,39" /><INIT seed="3,0,0,3,2,76" ten="57,331,354,258" oya="3" hai0="99,108,28,135,24,22,79,23,94,17,96,93,64" hai1="20,7,52,3,18,36,9,25,5,66,123,119,122" hai2="129,126,0,120,54,57,92,34,111,83,106,115,62" hai3="56,118,75,113,39,125,30,73,124,40,133,32,11"/><W58/><G113/><T80/><D135/><U91/><E36/><V6/><F106/><W48/><G118/><T47/><D108/><U97/><E66/><V59/><F111/><W68/><G68/><T13/><D64/><U102/><E119/><V85/><F34/><W90/><G39/><T131/><D131/><U49/><E7/><V82/><F115/><W77/><G133/><T51/><D93/><U12/><E91/><V114/><F114/><W71/><G71/><T78/><D94/><U61/><E61/><V84/><F62/><W128/><G128/><T109/><D109/><U104/><REACH who="1" step="1"/><E3/><REACH who="1" ten="57,321,354,258" step="2"/><V117/><F0/><W70/><G70/><T107/><D79/><U60/><E60/><V10/><F117/><W67/><G125/><T103/><D103/><U33/><E33/><V53/><F126/><W1/><G124/><T72/><D107/><U43/><E43/><V116/><F129/><W55/><G1/><T46/><D46/><AGARI ba="0,1" hai="5,9,12,18,20,25,46,49,52,97,102,104,122,123" machi="46" ten="30,3900,0" yaku="1,1,7,1,54,1,53,0" doraHai="76" doraHaiUra="105" who="1" fromWho="0" sc="57,-39,321,49,354,0,258,0" owari="18,-48.2,370,47.0,354,15.4,258,-14.2" /></mjloggm>