<mjloggm ver="2.3"><GO type="225" lobby="0"/><UN n0="%E3%82%BC%E3%83%AB%E3%83%80%E3%81%AE%E4%BC%9D%E8%AA%AC" n1="%E4%B8%AD%E5%B9%B4%E3%81%AE%E5%8D%B1%E6%A9%9F" n2="%E7%B4%94%E6%BD%94%E3%83%94%E3%83%A9%E3%83%8B%E3%82%A2" n3="%E5%A4%96%E5%B7%9D%E7%AB%9C%E6%88%90" dan="16,16,16,16" rate="2114.16,2148.13,2112.67,2150.75" sx="M,M,M,M"/><TAIKYOKU oya="0"/><INIT seed="0,0,0,1,2,51" ten="250,250,250,250" oya="0" hai0="123,127,22,114,19,131,72,91,16,59,25,2,75" hai1="63,44,125,108,50,5,56,111,54,14,41,117,95" hai2="42,38,47,40,37,115,34,66,69,32,64,61,78" hai3="113,103,62,6,106,8,134,33,57,133,92,90,109"/><T0/><BYE who="1" /><D114/><U28/><E28/><V20/><F115/><W76/><G113/><T126/><D123/><U124/><E124/><N who="0" m="47657" /><D131/><U89/><E89/><V74/><F20/><W39/><G39/><UN n1="%E4%B8%AD%E5%B9%B4%E3%81%AE%E5%8D%B1%E6%A9%9F" /><T97/><D19/><U71/><E95/><V94/><F94/><W35/><G76/><T112/><D112/><U46/><E125/><V53/><F66/><W7/><G103/><T87/><D97/><U58/><E14/><V11/><F53/><N who="3" m="34095" /><G106/><T120/><D120/><U104/><E5/><N who="3" m="1546" /><G8/><T49/><D49/><N who="1" m="28967" /><E104/><V4/><F42/><W81/><G81/><N who="0" m="49647" /><D59/><N who="1" m="22571" /><E117/><V77/><F38/><W9/><G9/><T105/><D105/><U84/><E84/><V85/><F85/><N who="3" m="52303" /><G109/><N who="1" m="42058" /><E63/><V135/><F78/><W18/><G18/><T96/><D96/><U110/><N who="1" m="42066" /><U119/><DORA hai="102" /><E119/><V3/><REACH who="2" step="1"/><F135/><AGARI ba="0,0" hai="33,35,133,134,135" m="52303,1546,34095" machi="135" ten="30,2000,0" yaku="20,1,52,1" doraHai="51,102" who="3" fromWho="2" sc="250,0,250,0,250,-20,250,20" /><INIT seed="1,0,0,1,1,105" ten="250,250,230,270" oya="1" hai0="42,122,16,90,25,56,101,134,80,88,55,14,121" hai1="75,40,85,108,47,17,125,114,32,9,128,132,104" hai2="8,106,116,10,63,97,86,57,41,36,87,0,84" hai3="26,1,133,38,20,27,115,89,95,59,135,39,49"/><U100/><E17/><V30/><F116/><W21/><G1/><T107/><D42/><U99/><E85/><V119/><F119/><W4/><G4/><T69/><D69/><U50/><E114/><V2/><F30/><W113/><G59/><T67/><D67/><U23/><E23/><N who="3" m="8778" /><G49/><N who="0" m="30831" /><D25/><N who="3" m="9225" /><G89/><T73/><D101/><U54/><E32/><V3/><F36/><N who="3" m="13867" /><G95/><T130/><D107/><U78/><E50/><V66/><F41/><W131/><G131/><T19/><D130/><U24/><E40/><V44/><F44/><W22/><N who="3" m="8786" /><W70/><DORA hai="71" /><G70/><T48/><D48/><U118/><E47/><V120/><F120/><N who="0" m="46186" /><D19/><U126/><E24/><V18/><F18/><W58/><G58/><T68/><D68/><U7/><E128/><V43/><F43/><W81/><G81/><T65/><D65/><U82/><E54/><V91/><F106/><W13/><G13/><T77/><D134/><AGARI ba="0,0" hai="113,115,133,134,135" m="13867,9225,8786" machi="134" ten="40,12000,2" yaku="28,2,20,1,52,3" doraHai="105,71" who="3" fromWho="0" sc="250,-120,250,0,230,0,270,120" /><INIT seed="2,0,0,2,0,12" ten="130,250,230,390" oya="2" hai0="16,57,3,78,10,90,18,95,68,28,54,48,132" hai1="100,93,52,44,127,125,126,27,91,4,98,96,41" hai2="31,67,99,49,66,40,131,61,92,39,102,119,30" hai3="116,114,6,33,46,85,82,60,11,59,103,77,97"/><V111/><F119/><W72/><G33/><T62/><D132/><U108/><E108/><V23/><F131/><W45/><G116/><T128/><D128/><U87/><E4/><V89/><F39/><W14/><G72/><T24/><D78/><U122/><E122/><V94/><F111/><W19/><G6/><T106/><D106/><U32/><E32/><V121/><F121/><W110/><G110/><T107/><D107/><U42/><E27/><V22/><F49/><W73/><G73/><T38/><D38/><U64/><E64/><N who="2" m="24619" /><F61/><W101/><G114/><T80/><D80/><U56/><E44/><N who="3" m="17002" /><G97/><N who="0" m="57591" /><D68/><U35/><E35/><V130/><F40/><W76/><G76/><T8/><D3/><U43/><REACH who="1" step="1"/><E100/><REACH who="1" ten="130,240,230,390" step="2"/><V15/><F130/><W71/><G71/><T34/><D34/><U1/><E1/><V109/><F109/><W5/><G5/><T124/><D124/><U79/><E79/><V120/><F120/><W115/><G115/><T69/><D69/><U29/><E29/><N who="2" m="10763" /><F15/><W17/><G17/><N who="0" m="6763" /><D62/><AGARI ba="0,1" hai="41,42,43,52,56,62,87,91,93,96,98,125,126,127" machi="62" ten="50,8000,1" yaku="1,1,18,1,54,1,53,1" doraHai="12" doraHaiUra="50" who="1" fromWho="0" sc="130,-80,240,90,230,0,390,0" /><INIT seed="3,0,0,2,3,127" ten="50,330,230,390" oya="3" hai0="19,68,97,64,111,1,44,11,46,80,101,112,59" hai1="47,31,3,87,49,83,133,119,92,30,55,120,115" hai2="131,77,43,58,79,12,5,18,69,75,65,126,2" hai3="26,135,66,27,10,57,62,70,91,35,9,103,41"/><W74/><G74/><T14/><D111/><U134/><E115/><V107/><F126/><W34/><G41/><T50/><D112/><U7/><E120/><V56/><F107/><W60/><G103/><T51/><D1/><U109/><E109/><V72/><F2/><W36/><G36/><T130/><D68/><U113/><E113/><V6/><F43/><W114/><G91/><T104/><D64/><U0/><E0/><V73/><F69/><W85/><G85/><T95/><D104/><U53/><E119/><V84/><F84/><W90/><G90/><T16/><D59/><U100/><E133/><V110/><F110/><W61/><G61/><T48/><D19/><U22/><E134/><V52/><F18/><W33/><G114/><T124/><D124/><U128/><E128/><V93/><F75/><W67/><G135/><T8/><D8/><U23/><E3/><V37/><F37/><W54/><G54/><T88/><D130/><U81/><E7/><V38/><F38/><W117/><G117/><T63/><D63/><U99/><E55/><V116/><F116/><W29/><G34/><T45/><REACH who="0" step="1"/><D80/><REACH who="0" ten="40,330,230,390" step="2"/><U108/><E108/><V132/><F132/><W123/><G123/><T21/><D21/><U121/><E121/><V25/><F131/><W17/><G17/><T129/><D129/><U122/><E122/><V89/><F58/><W125/><G125/><T98/><D98/><U76/><E83/><V94/><F56/><W118/><G118/><T28/><D28/><AGARI ba="0,1" hai="9,10,26,27,28,29,33,35,57,60,62,66,67,70" machi="28" ten="40,2000,0" yaku="9,1" doraHai="127" who="3" fromWho="0" sc="40,-20,330,0,230,0,390,30" owari="20,-48.0,330,13.0,230,-17.0,420,52.0" /></mjloggm>