<mjloggm ver="2.3"><GO type="225" lobby="0"/><UN n0="%E6%AB%BB%E4%BA%95%E5%A5%8F" n1="%E9%A2%A8%E3%81%A7%E9%B3%B4%E3%81%8F" n2="%E3%82%A2%E3%83%9E%E3%83%9D%EF%BD%9E%EF%BD%9E%E3%83%A9" n3="%E6%B8%A9%E2%98%85%E6%83%85%E2%98%85%E6%8E%AA%E2%98%85%E7%BD%AE" dan="17,16,17,16" rate="2174.40,2156.95,2175.79,2139.03" sx="M,M,M,M"/><TAIKYOKU oya="0"/><INIT seed="0,0,0,1,5,8" ten="250,250,250,250" oya="0" hai0="68,13,81,103,21,91,0,50,12,56,89,72,122" hai1="112,18,101,85,109,117,94,31,82,74,15,96,135" hai2="123,114,27,105,128,133,7,80,51,126,9,5,47" hai3="121,88,52,42,125,84,100,99,26,37,3,25,120"/><T4/><D68/><U61/><E109/><V70/><F70/><W87/><G125/><T106/><D122/><N who="3" m="47209" /><G3/><T132/><D132/><U54/><E135/><V65/><F65/><W62/><G42/><T14/><D21/><U97/><E117/><V46/><F105/><N who="3" m="63647" /><G37/><T108/><D108/><U110/><E110/><V83/><F126/><W69/><G87/><T10/><D103/><U24/><E97/><V29/><F114/><W36/><G36/><T86/><D106/><U40/><E40/><V131/><F133/><W33/><G33/><T77/><REACH who="0" step="1"/><D86/><REACH who="0" ten="240,250,250,250" step="2"/><U17/><E112/><V78/><F123/><W35/><G35/><T43/><D43/><U48/><E74/><V79/><F29/><W34/><G34/><T23/><D23/><U90/><E31/><V76/><F131/><W124/><G124/><T75/><D75/><U98/><E101/><V58/><F128/><W57/><G69/><T134/><D134/><U127/><E85/><V115/><F115/><W59/><G59/><T73/><D73/><U22/><E127/><V55/><F58/><W44/><G44/><T67/><D67/><U64/><E64/><V19/><F47/><W66/><G66/><T53/><AGARI ba="0,1" hai="0,4,10,12,13,14,50,53,56,72,77,81,89,91" machi="53" ten="30,12000,1" yaku="1,1,0,1,52,3,53,0" doraHai="8" doraHaiUra="63" who="0" fromWho="0" sc="240,130,250,-40,250,-40,250,-40" /><INIT seed="0,1,0,3,1,92" ten="370,210,210,210" oya="0" hai0="112,34,87,84,45,110,116,51,80,24,11,50,121" hai1="9,57,46,43,22,67,62,134,124,122,91,65,53" hai2="130,3,114,35,38,127,47,19,39,90,89,101,44" hai3="7,74,68,37,32,107,21,31,82,17,120,63,1"/><T42/><D112/><U123/><E124/><V26/><F114/><W41/><G120/><T30/><D116/><U10/><E134/><V4/><F127/><W135/><G135/><T94/><D121/><U131/><E131/><V119/><F130/><W14/><G107/><T115/><D115/><U55/><E22/><V128/><F128/><W52/><G41/><T29/><D110/><U113/><E113/><V100/><F4/><W75/><G37/><T104/><D104/><U18/><E122/><V111/><F19/><W129/><G82/><T36/><D30/><U86/><E123/><V98/><F26/><N who="3" m="18551" /><G129/><T20/><D34/><U117/><E117/><V59/><F59/><N who="3" m="35303" /><G68/><T103/><D11/><AGARI ba="1,0" hai="1,7,11,14,17,21,74,75" m="35303,18551" machi="11" ten="30,2000,0" yaku="24,1,54,1" doraHai="92" who="3" fromWho="0" sc="370,-23,210,0,210,0,210,23" /><INIT seed="1,0,0,1,2,6" ten="347,210,210,233" oya="1" hai0="11,47,135,25,82,133,35,126,24,69,46,14,88" hai1="74,36,43,113,77,127,48,103,32,117,107,116,66" hai2="95,122,105,129,108,53,5,0,57,27,22,120,114" hai3="64,109,26,2,72,21,50,102,111,91,97,4,128"/><U93/><E113/><V89/><F105/><W106/><G128/><T20/><D69/><U63/><E48/><V87/><F108/><N who="3" m="41547" /><G72/><T78/><D35/><U92/><E93/><V131/><F114/><W55/><G64/><T10/><D126/><U100/><E92/><V45/><F45/><N who="0" m="16906" /><D24/><U67/><E67/><V62/><F5/><W76/><G76/><T39/><D14/><U112/><E100/><V70/><F0/><W12/><G91/><T44/><D39/><U37/><E112/><V101/><F101/><W56/><G2/><T8/><D44/><N who="1" m="23655" /><E32/><V19/><REACH who="2" step="1"/><F70/><REACH who="2" ten="347,210,200,233" step="2"/><W85/><G4/><T51/><D133/><U73/><E37/><V96/><F96/><W80/><G97/><T49/><D135/><U34/><E127/><V81/><F81/><W130/><G102/><T123/><D123/><AGARI ba="0,1" hai="19,22,27,53,57,62,87,89,95,120,122,123,129,131" machi="123" ten="40,1300,0" yaku="1,1,53,0" doraHai="6" doraHaiUra="134" who="2" fromWho="0" sc="347,-13,210,0,200,23,233,0" /><INIT seed="2,0,0,2,5,83" ten="334,210,223,233" oya="2" hai0="18,36,14,98,9,89,17,108,68,33,118,101,41" hai1="60,46,51,4,39,54,72,107,133,23,62,49,102" hai2="55,129,12,132,66,1,26,119,87,37,77,8,130" hai3="82,28,115,100,116,134,31,38,90,110,16,5,99"/><V48/><F119/><W22/><G116/><T91/><D68/><U104/><E39/><V67/><F1/><W94/><G38/><T64/><D118/><U65/><E72/><V32/><F132/><W27/><G134/><T42/><D33/><U126/><E133/><V92/><F37/><W79/><G110/><T111/><D64/><U125/><E4/><V56/><F26/><W103/><G5/><T2/><D2/><U10/><E10/><V40/><F40/><N who="0" m="15466" /><D18/><U114/><E114/><V96/><F32/><W15/><G115/><T106/><D36/><U95/><E51/><V25/><F25/><W20/><REACH who="3" step="1"/><G31/><REACH who="3" ten="334,210,223,223" step="2"/><T43/><D111/><U135/><E135/><V44/><F130/><W50/><G50/><T109/><D108/><U70/><E125/><V105/><F129/><W78/><G78/><T127/><D109/><U45/><E126/><V113/><F113/><W76/><G76/><T3/><D127/><U58/><E60/><V47/><F77/><W73/><AGARI ba="0,1" hai="15,16,20,22,27,28,73,79,82,90,94,99,100,103" machi="73" ten="20,5200,0" yaku="1,1,0,1,7,1,54,1,53,0" doraHai="83" doraHaiUra="35" who="3" fromWho="3" sc="334,-13,210,-13,223,-26,223,62" /><INIT seed="3,0,0,4,4,63" ten="321,197,197,285" oya="3" hai0="46,59,109,61,57,25,62,69,17,113,27,105,126" hai1="29,112,64,36,134,83,108,47,58,28,129,6,33" hai2="77,80,86,94,88,50,87,119,13,32,35,72,132" hai3="66,54,52,23,93,120,56,44,19,41,97,114,48"/><W37/><G114/><T74/><D113/><U110/><E112/><V43/><F119/><W3/><G3/><T99/><D74/><U22/><E33/><V49/><F132/><W7/><G7/><T118/><D118/><U34/><E34/><V2/><F2/><W45/><G120/><T55/><D69/><U116/><E134/><V24/><F72/><W67/><G54/><T30/><D126/><U133/><E133/><V39/><F35/><W100/><G45/><T91/><D109/><N who="1" m="42091" /><E116/><V8/><F39/><W85/><G85/><T121/><D121/><U75/><E6/><N who="2" m="3223" /><F32/><W92/><G92/><N who="0" m="56735" /><D105/><U15/><E129/><V96/><F24/><AGARI ba="0,0" hai="19,23,24,37,41,44,48,52,56,66,67,93,97,100" machi="24" ten="30,11600,0" yaku="7,1,52,2,54,1" doraHai="63" who="3" fromWho="2" sc="321,0,197,0,197,-116,285,116" owari="321,12.1,197,-20.3,81,-41.9,401,50.1" /></mjloggm>