<mjloggm ver="2.3"><GO type="225" lobby="0"/><UN n0="%6D%75%75%73%61%6E%6D%75" n1="%E3%81%A4%E3%81%A3%E3%81%B1%E3%82%8A%E3%83%9D%E3%83%BC%E3%83%AB" n2="%E6%97%A5%E6%9B%9C%E6%97%A5%E3%82%88%E3%82%8A%E3%81%AE%E4%BD%BF%E8%80%85" n3="%61%6D%65%6B%69" dan="16,17,16,16" rate="2131.45,2221.84,2102.30,2066.25" sx="F,M,M,M"/><TAIKYOKU oya="0"/><INIT seed="0,0,0,4,1,135" ten="250,250,250,250" oya="0" hai0="73,132,44,23,120,115,41,3,119,97,11,74,49" hai1="106,30,99,26,95,109,57,10,16,60,56,129,4" hai2="66,52,108,102,61,123,70,128,93,111,96,64,7" hai3="112,121,82,133,14,31,114,46,55,36,35,134,104"/><T117/><D115/><N who="3" m="44073" /><G104/><T51/><D120/><U13/><E109/><N who="2" m="42059" /><F123/><W80/><G121/><T110/><D132/><N who="3" m="50793" /><G14/><T79/><D110/><U122/><E129/><V21/><F128/><W9/><G9/><T33/><D33/><U131/><E131/><V68/><F7/><W124/><G55/><T125/><D97/><U72/><E72/><V90/><F21/><W116/><G116/><T67/><D67/><N who="2" m="25642" /><F102/><W37/><G46/><T2/><D23/><N who="1" m="15711" /><E106/><V24/><F24/><N who="3" m="18919" /><G124/><T42/><D11/><U76/><E122/><V118/><F118/><W83/><AGARI ba="0,0" hai="36,37,80,82,83" m="18919,50793,44073" machi="83" ten="40,1500,0" yaku="20,1" doraHai="135" who="3" fromWho="3" sc="250,-7,250,-4,250,-4,250,15" /><INIT seed="1,0,0,3,2,75" ten="243,246,246,265" oya="1" hai0="62,74,118,100,32,43,128,55,68,125,13,14,31" hai1="35,109,132,129,59,46,15,104,93,1,6,72,108" hai2="37,12,53,92,73,38,76,97,33,95,81,51,49" hai3="16,111,52,9,89,113,134,123,45,7,61,34,40"/><U78/><E104/><V83/><F33/><W30/><G113/><T107/><D118/><U86/><E35/><V127/><F127/><W71/><G123/><T8/><D125/><U70/><E70/><V3/><F3/><W27/><G111/><N who="1" m="42570" /><E132/><V36/><F12/><W88/><G134/><T65/><D128/><U131/><E1/><V50/><F83/><W60/><G60/><T90/><D43/><U57/><E72/><V18/><F18/><W124/><G124/><T79/><D55/><U21/><E46/><V102/><REACH who="2" step="1"/><F95/><REACH who="2" ten="243,246,236,265" step="2"/><W63/><G16/><T82/><D8/><N who="1" m="4503" /><E21/><V64/><F64/><W87/><G71/><T67/><D67/><U25/><E25/><V94/><F94/><W19/><G19/><T91/><D13/><U105/><E105/><V29/><F29/><W66/><G66/><T5/><D14/><U103/><E129/><V135/><F135/><W114/><G9/><T116/><D116/><U99/><E131/><V112/><F112/><W96/><G114/><T98/><D5/><U26/><E26/><AGARI ba="0,1" hai="26,31,32,62,65,68,74,79,82,90,91,98,100,107" machi="26" ten="40,5200,0" yaku="25,2,52,1" doraHai="75" who="0" fromWho="1" sc="243,62,246,-52,236,0,265,0" /><INIT seed="2,0,0,1,0,50" ten="305,194,236,265" oya="2" hai0="73,111,106,95,2,127,45,7,15,123,107,102,133" hai1="89,114,74,5,101,129,91,93,79,104,57,63,41" hai2="39,120,19,9,108,40,134,1,16,29,109,113,23" hai3="36,3,125,87,92,65,18,124,98,96,103,94,69"/><V115/><F40/><W83/><G36/><T25/><D123/><U75/><E41/><V118/><F39/><W30/><G3/><T135/><D2/><U34/><E34/><V62/><F62/><W21/><G30/><T32/><D73/><N who="1" m="27659" /><E5/><N who="2" m="1199" /><F134/><W37/><G37/><T49/><D95/><U44/><E44/><V27/><F120/><W84/><G65/><T28/><D102/><U26/><E26/><N who="2" m="16607" /><F118/><W85/><G69/><T60/><D107/><U38/><E38/><V131/><F131/><W48/><G48/><T80/><D80/><U67/><E57/><V0/><F0/><W47/><G47/><T4/><D45/><U52/><E63/><V86/><F86/><W72/><G72/><T100/><D60/><U56/><E67/><V81/><F81/><W121/><G83/><T128/><D49/><N who="1" m="30735" /><E114/><N who="2" m="43531" /><F27/><W35/><G121/><T90/><D25/><U105/><E129/><V24/><F24/><W64/><G64/><T59/><D128/><U17/><E79/><V76/><F76/><W71/><G71/><T132/><D59/><U6/><E101/><V122/><F122/><W112/><G112/><T126/><D100/><U61/><E61/><V42/><F42/><W68/><G68/><T78/><D78/><U10/><E91/><V53/><F53/><W43/><G43/><T130/><D90/><U33/><E89/><V31/><F31/><W110/><G94/><T13/><D130/><U99/><E93/><V97/><F97/><W11/><G98/><T20/><D106/><U82/><E104/><V58/><F58/><W117/><G92/><T77/><D77/><RYUUKYOKU ba="0,0" sc="305,-10,194,-10,236,30,265,-10" hai2="16,19,108,109" /><INIT seed="2,1,0,1,5,52" ten="295,184,266,255" oya="2" hai0="73,106,40,75,104,81,115,116,133,29,129,101,28" hai1="24,94,10,65,42,0,91,103,30,130,126,21,71" hai2="85,109,72,69,89,55,56,5,82,66,62,108,39" hai3="67,110,14,123,50,58,88,99,26,87,134,38,131"/><V83/><F5/><W37/><G123/><T93/><D115/><U90/><E130/><V98/><F98/><W135/><G131/><T33/><D40/><U25/><E126/><V17/><F39/><W11/><G110/><N who="2" m="42601" /><F17/><N who="3" m="8415" /><G26/><T57/><D129/><U8/><E42/><V78/><F55/><N who="3" m="32119" /><G67/><T80/><D106/><U22/><E0/><V45/><F45/><W124/><G99/><T20/><D104/><U77/><E77/><V79/><F79/><W74/><G74/><T27/><D73/><U68/><E65/><V119/><F119/><W113/><G113/><T122/><D75/><U112/><E112/><V53/><F53/><W48/><G48/><T63/><D122/><U86/><E103/><V23/><F23/><W120/><G120/><T70/><D116/><U44/><E44/><V35/><F35/><W51/><G51/><T13/><D33/><U41/><E41/><V92/><F83/><N who="3" m="49279" /><G124/><T9/><D80/><U19/><E71/><AGARI ba="1,0" hai="56,62,66,69,71,72,78,82,85,89,92" m="42601" machi="71" ten="30,5800,0" yaku="14,1,10,1,52,1" doraHai="52" who="2" fromWho="1" sc="295,0,184,-61,266,61,255,0" /><INIT seed="2,2,0,2,5,79" ten="295,123,327,255" oya="2" hai0="121,122,22,68,0,82,23,127,100,65,88,45,39" hai1="60,135,92,17,54,114,19,97,6,123,128,119,16" hai2="101,118,84,56,51,9,71,80,40,57,124,15,31" hai3="5,112,8,111,105,115,42,11,30,129,3,26,75"/><V29/><F71/><W87/><G75/><T18/><D0/><U53/><E114/><N who="3" m="43562" /><G105/><T62/><D127/><U132/><E119/><V133/><F101/><W13/><G87/><T7/><D7/><U107/><E107/><V94/><F94/><W108/><G42/><T83/><D100/><U116/><E116/><V77/><F118/><W76/><G76/><T59/><D39/><U34/><E34/><V43/><F124/><W52/><G52/><N who="1" m="20074" /><E6/><N who="2" m="3511" /><F133/><N who="1" m="51273" /><E60/><V103/><F103/><W93/><G93/><T55/><D45/><U99/><E128/><V27/><F43/><W63/><G63/><T1/><D1/><U28/><E28/><N who="2" m="10827" /><F27/><W72/><G72/><T98/><D68/><U10/><E10/><V130/><F130/><W85/><G129/><T38/><D38/><U106/><E106/><V47/><AGARI ba="2,0" hai="40,47,51,56,57,77,80,84" m="10827,3511" machi="47" ten="30,6000,0" yaku="25,1,8,1,52,1" doraHai="79" who="2" fromWho="2" sc="295,-22,123,-22,327,66,255,-22" /><INIT seed="2,3,0,5,3,48" ten="273,101,393,233" oya="2" hai0="24,44,134,2,10,56,52,74,73,36,103,40,38" hai1="87,3,80,91,109,98,25,67,47,4,76,120,66" hai2="21,42,22,43,84,15,118,123,49,115,78,0,8" hai3="33,93,71,130,70,127,85,128,31,92,63,35,28"/><V14/><F0/><W122/><G85/><T112/><D112/><U58/><E109/><V37/><F37/><W55/><G63/><T23/><D36/><U53/><E120/><V81/><F115/><W113/><G113/><T20/><D134/><U41/><E3/><V135/><F123/><W111/><G122/><T88/><D103/><U16/><E4/><N who="2" m="3335" /><F135/><W32/><G111/><T7/><D88/><N who="1" m="51303" /><E41/><N who="2" m="15371" /><F118/><W60/><G60/><T62/><REACH who="0" step="1"/><D23/><REACH who="0" ten="263,101,393,233" step="2"/><N who="1" m="13543" /><E76/><V1/><F1/><W131/><G127/><T5/><D5/><U26/><E26/><V132/><F132/><W83/><G35/><T18/><AGARI ba="3,1" hai="2,7,10,18,20,24,38,40,44,52,56,62,73,74" machi="18" ten="20,8000,1" yaku="1,1,0,1,7,1,52,1,54,1,53,0" doraHai="48" doraHaiUra="125" who="0" fromWho="0" sc="263,99,101,-23,393,-43,233,-23" /><INIT seed="3,0,0,2,5,80" ten="362,78,350,210" oya="3" hai0="121,112,28,45,51,66,129,113,90,59,23,26,42" hai1="76,106,21,123,9,98,14,38,99,6,96,133,0" hai2="132,17,107,36,91,20,40,101,39,49,33,41,55" hai3="75,130,131,62,15,119,95,110,64,81,104,16,94"/><W72/><G104/><T24/><D121/><U134/><E123/><V120/><F33/><W53/><G119/><T19/><D129/><N who="3" m="49161" /><G53/><T46/><D90/><U47/><E21/><V73/><F73/><N who="3" m="28235" /><G81/><T5/><D5/><U27/><E27/><V108/><F107/><W117/><G117/><T37/><D66/><U116/><E116/><V92/><F55/><W34/><G34/><T69/><D59/><U79/><E106/><V52/><F52/><W93/><G110/><T105/><D69/><U83/><E14/><V77/><F108/><W13/><G16/><T89/><D105/><U48/><E48/><V128/><F49/><W86/><G86/><T18/><D46/><U127/><E127/><V122/><F17/><W32/><G32/><T61/><D51/><U74/><REACH who="1" step="1"/><E79/><REACH who="1" ten="362,68,350,210" step="2"/><V82/><F77/><W2/><G2/><T78/><D26/><U103/><E103/><V100/><F101/><W70/><AGARI ba="0,1" hai="13,15,62,64,70,93,94,95" m="28235,49161" machi="70" ten="40,2100,0" yaku="19,1" doraHai="80" who="3" fromWho="3" sc="362,-7,68,-7,350,-7,210,31" /><INIT seed="3,1,0,3,1,13" ten="355,61,343,241" oya="3" hai0="85,73,134,83,27,3,44,55,135,114,40,60,54" hai1="12,57,43,92,7,59,129,4,78,37,91,26,10" hai2="35,98,126,42,63,11,122,104,96,51,53,77,16" hai3="49,45,70,107,124,72,132,2,111,36,28,30,20"/><W82/><G2/><T50/><D73/><U58/><E129/><V79/><F35/><W105/><G70/><T65/><D3/><U93/><E37/><V86/><F122/><W25/><G36/><T125/><D27/><U95/><E43/><V62/><F42/><W22/><G124/><T31/><D31/><U99/><E78/><N who="2" m="29707" /><F104/><W103/><G132/><N who="0" m="50731" /><D125/><U5/><E26/><V38/><F38/><W108/><G72/><T29/><D29/><N who="3" m="11369" /><G82/><T131/><D131/><U67/><E67/><V48/><F126/><W119/><G103/><T46/><D46/><U75/><E75/><V1/><F1/><W133/><G133/><T33/><D33/><U68/><E68/><V24/><F86/><W112/><G112/><T34/><D34/><U120/><E120/><V117/><F117/><W66/><G66/><T127/><D127/><U110/><E110/><N who="3" m="42026" /><G119/><T39/><D39/><U106/><E106/><N who="3" m="40458" /><G25/><T32/><D114/><U97/><REACH who="1" step="1"/><E91/><REACH who="1" ten="355,51,343,241" step="2"/><V101/><F24/><W52/><AGARI ba="1,1" hai="20,22,45,49,52" m="40458,42026,11369" machi="52" ten="40,7800,0" yaku="14,1,10,1,54,1" doraHai="13" who="3" fromWho="3" sc="355,-27,51,-27,343,-27,241,91" owari="328,12.8,24,-47.6,316,-8.4,332,43.2" /></mjloggm>