<mjloggm ver="2.3"><GO type="225" lobby="0"/><UN n0="%E6%A1%9C%E8%8A%B1%E9%96%83%E3%80%85" n1="%6D%61%74%69%67%75%73%61" n2="%E7%89%B9%E6%9D%B1%E3%81%AF%E4%B8%96%E7%95%8C%E3%82%92%E6%95%91%E3%81%86" n3="%E6%81%A5%E6%99%92%E3%81%97" dan="17,17,16,16" rate="2227.96,2152.68,2142.66,2136.93" sx="M,M,M,M"/><TAIKYOKU oya="0"/><INIT seed="0,0,0,1,5,102" ten="250,250,250,250" oya="0" hai0="67,9,115,97,51,95,15,83,1,113,79,94,107" hai1="55,36,10,116,128,92,23,19,71,29,3,111,57" hai2="134,59,17,48,98,74,4,89,32,6,26,120,123" hai3="81,45,129,65,63,44,82,22,86,34,87,119,66"/><T38/><D38/><U13/><E71/><V76/><F76/><W25/><G34/><T60/><D1/><U127/><E116/><V28/><F74/><W101/><G129/><T78/><D78/><U70/><E70/><V58/><F134/><W40/><G101/><T73/><D51/><U99/><E111/><V49/><F17/><W69/><G119/><T18/><D107/><U91/><E127/><V56/><F98/><W31/><G40/><T77/><D77/><U64/><E128/><V106/><F89/><W93/><G93/><T11/><D11/><U16/><E36/><V126/><F126/><W108/><G108/><T130/><D130/><U33/><E3/><V42/><F106/><W50/><G50/><T88/><REACH who="0" step="1"/><D95/><REACH who="0" ten="240,250,250,250" step="2"/><U2/><E2/><V14/><F48/><W52/><G82/><T84/><D84/><U125/><E10/><V122/><F49/><W39/><G39/><T35/><D35/><U24/><E125/><V132/><F42/><W30/><G81/><T110/><D110/><U124/><E124/><V114/><F122/><W43/><G43/><T135/><D135/><U54/><E33/><V109/><F132/><W27/><G86/><T20/><D20/><U62/><E92/><V96/><F109/><W7/><G87/><T133/><D133/><U0/><E0/><V47/><F123/><W46/><G22/><T53/><D53/><U61/><E23/><V5/><F120/><W21/><G52/><T104/><D104/><U117/><E54/><V37/><F37/><W131/><G131/><T100/><D100/><U68/><E55/><RYUUKYOKU ba="0,1" sc="240,30,250,-10,250,-10,250,-10" hai0="9,15,18,60,67,73,79,83,88,94,97,113,115" /><INIT seed="0,1,1,4,2,95" ten="270,240,240,240" oya="0" hai0="27,131,41,14,85,103,63,82,6,30,66,44,110" hai1="126,19,12,106,87,112,120,56,62,33,59,47,43" hai2="69,135,53,78,64,34,51,119,18,31,3,21,102" hai3="29,35,98,99,96,54,1,75,77,91,10,115,73"/><T80/><D131/><U81/><E120/><V0/><F135/><W13/><G115/><T111/><D103/><U125/><E33/><V23/><F119/><W20/><G77/><T8/><D27/><U67/><E106/><V130/><F78/><W55/><G91/><T92/><D30/><U32/><E32/><V79/><F79/><W127/><G127/><N who="1" m="48650" /><E112/><V61/><F130/><W122/><G122/><T36/><D92/><U118/><E118/><V28/><F23/><W5/><G73/><T94/><D94/><U133/><E133/><V49/><F49/><W26/><G75/><T9/><D9/><N who="1" m="6543" /><E87/><V65/><F65/><W117/><G117/><T88/><REACH who="0" step="1"/><D82/><REACH who="0" ten="260,240,240,240" step="2"/><U116/><E81/><V107/><F28/><W109/><G109/><T45/><D45/><U4/><E116/><V121/><F121/><W37/><G37/><T52/><D52/><U134/><E134/><V68/><F31/><W50/><G50/><T93/><D93/><U113/><E113/><V72/><F102/><W100/><G100/><T101/><D101/><U114/><E114/><V22/><F107/><W17/><AGARI ba="1,2" hai="1,5,10,13,17,20,26,29,35,54,55,96,98,99" machi="17" ten="30,12000,2" yaku="0,1,24,2,52,3" doraHai="95" who="3" fromWho="3" sc="260,-61,240,-31,240,-31,240,143" /><INIT seed="1,0,0,1,1,6" ten="199,209,209,383" oya="1" hai0="27,10,61,106,96,18,112,13,119,103,8,70,121" hai1="131,55,107,115,102,109,128,120,71,51,53,132,87" hai2="56,86,49,133,76,3,21,134,65,129,19,22,83" hai3="43,118,32,111,42,62,84,59,39,66,11,57,64"/><U89/><E115/><V52/><F129/><N who="1" m="49737" /><E120/><V12/><F3/><W60/><G32/><T94/><D119/><U135/><E71/><V81/><F65/><W72/><G72/><T28/><D112/><U23/><E23/><V45/><F45/><W15/><G111/><T124/><D124/><U24/><E24/><V34/><F34/><W104/><G118/><T46/><D121/><U63/><E63/><V47/><F47/><W68/><G104/><T108/><D108/><U50/><E102/><V100/><F100/><W2/><G2/><T0/><D46/><U114/><E107/><V14/><REACH who="2" step="1"/><F83/><REACH who="2" ten="199,209,199,383" step="2"/><W69/><G39/><T38/><D38/><U73/><E114/><V41/><F41/><W44/><G43/><T97/><D0/><U9/><E109/><V33/><F33/><W88/><G44/><T77/><D103/><U80/><E53/><V101/><F101/><W35/><G42/><T7/><D106/><U25/><E55/><V123/><F123/><W1/><G1/><T122/><D122/><U116/><E116/><V54/><F54/><W4/><G35/><T92/><D92/><AGARI ba="0,1" hai="4,11,15,57,59,60,62,64,66,68,69,84,88,92" machi="92" ten="30,7700,0" yaku="7,1,9,1,52,1,54,1" doraHai="6" who="3" fromWho="0" sc="199,-77,209,0,199,0,383,87" /><INIT seed="2,0,0,5,2,135" ten="122,209,199,470" oya="2" hai0="1,104,85,6,71,77,7,75,118,25,74,86,69" hai1="113,73,123,54,88,131,100,42,41,31,57,32,8" hai2="49,24,98,35,17,93,61,120,108,133,48,106,23" hai3="94,102,19,129,30,26,126,84,127,36,72,27,18"/><V52/><F120/><W117/><G129/><T11/><D25/><U70/><E70/><V122/><F122/><W12/><G72/><T125/><D104/><U40/><E73/><V107/><F133/><W46/><G117/><T63/><D11/><U47/><E113/><V66/><F35/><W3/><G3/><T97/><D97/><U81/><E131/><V83/><F83/><W50/><G36/><T60/><D1/><U112/><E100/><V53/><F49/><W103/><G84/><T132/><D132/><U92/><E112/><V121/><F108/><W29/><G46/><T10/><D10/><U44/><E81/><V34/><F34/><W15/><G94/><T82/><D82/><U101/><E101/><V76/><F76/><W28/><G28/><T130/><D130/><U124/><E8/><V128/><F128/><W38/><G38/><T9/><D9/><U33/><E31/><V58/><F121/><W90/><G50/><T45/><D45/><U14/><E44/><V91/><REACH who="2" step="1"/><F53/><REACH who="2" ten="122,209,189,470" step="2"/><W114/><G114/><T95/><D77/><U119/><E54/><V96/><F96/><W65/><G30/><T43/><D43/><U116/><E41/><V134/><F134/><W56/><G29/><T78/><D78/><U4/><E40/><V64/><F64/><W55/><G65/><T21/><D118/><U62/><E119/><V68/><AGARI ba="0,1" hai="17,23,24,48,52,58,61,66,68,91,93,98,106,107" machi="68" ten="20,7800,0" yaku="1,1,0,1,7,1,54,1,53,0" doraHai="135" doraHaiUra="2" who="2" fromWho="2" sc="122,-26,209,-26,189,88,470,-26" /><INIT seed="2,1,0,4,2,67" ten="96,183,277,444" oya="2" hai0="129,84,128,64,120,46,104,21,75,16,43,59,65" hai1="127,71,86,105,53,4,113,101,124,133,2,69,8" hai2="122,24,112,98,7,6,119,45,1,34,80,47,30" hai3="27,14,28,130,88,10,114,72,29,106,89,41,79"/><V19/><F112/><W68/><G106/><T125/><D75/><U52/><E113/><V108/><F119/><W95/><G114/><T51/><D104/><U115/><E115/><V44/><F122/><W38/><G68/><N who="1" m="26186" /><E86/><V35/><F35/><W77/><G130/><T76/><D120/><U103/><E133/><V32/><F32/><W118/><G89/><T18/><D18/><U25/><E25/><V81/><F19/><W126/><G126/><N who="1" m="48170" /><E105/><V0/><F7/><W40/><G27/><N who="0" m="14759" /><D125/><U96/><E96/><V132/><F98/><W90/><G72/><T70/><D70/><U93/><E93/><V74/><F24/><W73/><G95/><T110/><D110/><U49/><E53/><V50/><F74/><W135/><G135/><T107/><D107/><U82/><E82/><V83/><F81/><W85/><G85/><T17/><D17/><U117/><E117/><V91/><F83/><W48/><G118/><T123/><D123/><U116/><E116/><V3/><F80/><W15/><G73/><T20/><D84/><U62/><E62/><V131/><F132/><W56/><G77/><T5/><D76/><U94/><E94/><V23/><F108/><W63/><G63/><N who="0" m="38015" /><D65/><U31/><E31/><V39/><F30/><W36/><G79/><T97/><D97/><U11/><E8/><V13/><F131/><N who="0" m="50250" /><D20/><U66/><E66/><V9/><F23/><W92/><G92/><T111/><D111/><U55/><E55/><V54/><F34/><W121/><G10/><T57/><D5/><U42/><E52/><V26/><F54/><N who="3" m="31815" /><G121/><T87/><D87/><RYUUKYOKU ba="1,0" sc="96,15,183,15,277,-15,444,-15" hai0="43,46,51,57" hai1="2,4,11,42,49,101,103" /><INIT seed="3,2,0,2,4,58" ten="111,198,262,429" oya="3" hai0="88,7,6,126,49,51,27,62,96,70,101,44,132" hai1="52,80,115,43,42,21,125,40,82,127,63,60,31" hai2="74,33,46,37,107,50,15,10,77,117,85,93,64" hai3="108,112,9,61,104,13,20,76,120,5,38,87,39"/><W25/><G104/><T113/><D132/><U45/><E115/><V54/><F117/><W114/><G87/><T71/><D113/><U123/><E123/><V91/><F33/><W122/><G76/><T65/><D126/><N who="1" m="48139" /><E31/><V90/><F107/><W79/><G79/><T8/><D71/><U84/><E21/><V89/><F37/><W22/><G20/><T86/><D27/><U35/><E35/><V135/><F135/><W99/><G99/><T98/><D6/><U134/><E134/><V59/><F74/><W116/><G22/><T66/><D66/><U75/><E75/><V72/><F72/><W55/><G25/><T2/><D101/><U11/><E11/><V67/><F93/><W36/><G116/><T133/><D133/><U68/><E68/><V83/><F59/><W34/><G34/><T47/><D47/><U81/><E84/><V69/><F69/><W110/><G114/><T106/><D106/><U111/><E111/><N who="3" m="42538" /><G112/><T1/><D1/><U128/><E128/><V118/><F118/><W124/><G124/><T100/><D100/><U130/><E130/><V102/><F102/><W14/><G39/><T92/><REACH who="0" step="1"/><D51/><AGARI ba="2,0" hai="40,42,43,45,51,52,60,63,80,81,82" m="48139" machi="51" ten="40,8000,1" yaku="18,1,52,2,54,1" doraHai="58" who="1" fromWho="0" sc="111,-86,198,86,262,0,429,0" owari="25,-47.5,284,8.4,262,-13.8,429,52.9" /></mjloggm>