<mjloggm ver="2.3"><GO type="225" lobby="0"/><UN n0="%E3%83%89%E3%83%A9%E3%81%8F%E3%82%8C" n1="%E3%81%8B%E3%82%8F%E3%81%A1%E3%82%83%E3%82%93%35%38" n2="%28%EF%BF%A3%E2%96%BD%EF%BF%A3%29%CE%B4%E2%8C%92%E3%83%BB" n3="%6D%61%74%69%67%75%73%61" dan="17,17,16,17" rate="2227.05,2260.85,2154.63,2146.27" sx="M,M,M,M"/><TAIKYOKU oya="0"/><INIT seed="0,0,0,0,1,57" ten="250,250,250,250" oya="0" hai0="97,94,69,5,85,56,71,98,4,41,68,49,54" hai1="109,28,35,101,23,95,113,77,110,131,134,47,59" hai2="84,10,99,2,58,52,96,62,37,132,103,55,74" hai3="86,92,11,18,31,21,36,27,44,116,93,135,81"/><T82/><D41/><U38/><E23/><V30/><F74/><W67/><G116/><T60/><D49/><U75/><E28/><V133/><F37/><W104/><G104/><T12/><D12/><U76/><E35/><V107/><F30/><W29/><G135/><N who="2" m="51785" /><F99/><W122/><G122/><T40/><D40/><U72/><E59/><V108/><F84/><W126/><G126/><T46/><D46/><U70/><E70/><V90/><F90/><W106/><G106/><T20/><D20/><U26/><E26/><V87/><F87/><W7/><G44/><T117/><D117/><U130/><E47/><V65/><F108/><N who="1" m="41577" /><E38/><V0/><F10/><W91/><G36/><T100/><REACH who="0" step="1"/><D98/><REACH who="0" ten="240,250,250,250" step="2"/><N who="1" m="59615" /><E134/><V45/><F45/><W114/><G21/><T120/><D120/><U3/><E3/><AGARI ba="0,1" hai="0,2,3,52,55,58,62,65,96,103,107" m="51785" machi="3" ten="30,3900,0" yaku="20,1,52,1,54,1" doraHai="57" who="2" fromWho="1" sc="240,0,250,-39,250,49,250,0" /><INIT seed="1,0,0,1,1,64" ten="240,211,299,250" oya="1" hai0="118,66,72,89,110,36,51,38,8,77,29,132,92" hai1="30,32,124,10,128,9,135,2,67,40,16,133,28" hai2="54,85,95,83,45,33,37,106,24,103,125,69,134" hai3="114,19,53,88,15,12,5,122,55,65,13,93,123"/><U27/><E40/><V18/><F134/><N who="1" m="51209" /><E67/><V63/><F125/><W56/><G114/><T21/><D118/><U129/><E124/><V119/><F95/><W71/><G5/><T17/><D132/><U6/><E30/><N who="2" m="19655" /><F18/><W23/><G71/><T50/><D110/><U75/><E75/><V101/><F101/><W20/><G65/><T112/><D112/><U34/><E34/><V98/><F119/><W79/><G79/><T22/><D72/><U58/><E58/><V107/><F107/><W127/><G127/><T86/><D77/><U109/><E109/><V87/><F83/><W113/><G55/><T7/><D66/><U60/><E60/><V25/><F63/><W59/><G56/><T102/><D38/><U0/><E0/><V47/><F37/><W76/><G76/><T74/><D36/><U44/><E44/><V100/><F47/><W70/><G70/><T1/><D74/><U61/><E61/><V62/><F69/><W115/><G115/><T90/><D29/><U14/><AGARI ba="0,0" hai="2,6,9,10,14,16,27,28,32,128,129" m="51209" machi="14" ten="30,11700,0" yaku="20,1,34,2,54,1" doraHai="64" who="1" fromWho="1" sc="240,-39,211,117,299,-39,250,-39" /><INIT seed="1,1,0,0,2,115" ten="201,328,260,211" oya="1" hai0="5,130,48,17,39,87,37,38,126,57,25,0,65" hai1="110,113,76,32,99,80,31,61,78,101,47,117,66" hai2="20,26,134,122,43,62,91,105,6,125,95,123,112" hai3="42,116,84,119,124,118,54,93,102,108,86,50,14"/><U12/><E113/><V3/><F105/><W135/><G108/><T92/><D130/><U111/><E12/><V77/><F112/><W29/><G135/><T63/><D126/><U46/><E31/><V98/><F125/><W71/><G124/><T85/><D92/><U53/><E32/><V90/><F134/><W72/><G72/><T68/><D5/><U106/><E78/><V56/><F77/><W75/><G75/><T24/><D0/><U55/><E47/><V82/><F43/><W132/><G132/><T129/><D129/><U67/><E67/><V121/><F6/><W104/><G71/><T59/><D17/><U89/><E89/><V79/><F3/><W15/><G42/><T11/><D11/><U30/><E30/><V70/><F70/><W120/><G29/><T4/><D4/><U88/><E88/><N who="2" m="55655" /><F82/><W73/><G73/><T41/><D41/><U44/><E80/><V36/><F79/><W69/><G104/><T16/><D24/><U97/><E76/><V13/><F13/><N who="3" m="4619" /><G69/><T7/><D7/><U19/><E106/><V133/><F36/><W83/><G120/><T52/><REACH who="0" step="1"/><D68/><REACH who="0" ten="191,328,260,211" step="2"/><U60/><E19/><N who="2" m="12575" /><F133/><W21/><G83/><T58/><D58/><U51/><E110/><V127/><F127/><W18/><G93/><T23/><AGARI ba="1,1" hai="16,23,25,37,38,39,48,52,57,59,63,65,85,87" machi="23" ten="40,8000,1" yaku="1,1,0,1,54,2,53,0" doraHai="115" doraHaiUra="114" who="0" fromWho="0" sc="191,93,328,-41,260,-21,211,-21" /><INIT seed="2,0,0,0,5,123" ten="284,287,239,190" oya="2" hai0="121,66,99,22,18,82,14,40,133,7,2,44,83" hai1="80,115,101,59,33,112,54,10,96,91,38,100,24" hai2="28,108,78,75,98,47,0,50,57,49,51,36,15" hai3="134,69,119,94,46,114,128,125,43,106,70,71,95"/><V113/><F0/><W8/><G106/><T103/><D121/><U74/><E38/><V124/><F28/><W42/><G119/><T84/><D133/><U20/><E33/><V41/><F98/><W130/><G8/><T93/><D66/><U6/><E74/><V30/><F30/><W117/><G117/><T76/><D2/><U97/><E97/><V52/><F15/><W89/><G125/><T102/><D7/><U79/><E91/><V3/><F3/><W86/><G134/><T4/><D4/><U13/><E100/><V34/><F34/><W85/><G114/><T109/><D83/><U129/><E129/><V116/><F116/><W16/><G16/><T126/><D126/><U23/><E23/><V17/><F17/><W90/><REACH who="3" step="1"/><G43/><REACH who="3" ten="284,287,239,180" step="2"/><T72/><D40/><U81/><E115/><V35/><F124/><W45/><G45/><T118/><D44/><U53/><E112/><V67/><F113/><W19/><G19/><T65/><D118/><U111/><E10/><V122/><F47/><W135/><G135/><T27/><D18/><U29/><E13/><V62/><F41/><W39/><AGARI ba="0,1" hai="39,42,46,69,70,71,85,86,89,90,94,95,128,130" machi="39" ten="40,5200,0" yaku="1,1,0,1,9,1,53,0" doraHai="123" doraHaiUra="58" who="3" fromWho="3" sc="284,-13,287,-13,239,-26,180,62" /><INIT seed="3,0,0,2,3,15" ten="271,274,213,242" oya="3" hai0="53,90,84,124,25,122,13,20,97,17,57,11,118" hai1="94,37,133,88,78,10,65,128,16,76,71,5,87" hai2="51,63,91,104,114,62,1,7,89,59,83,132,75" hai3="70,9,109,28,50,69,34,67,14,85,66,96,36"/><W45/><G36/><T111/><D111/><U33/><E33/><V61/><F104/><W113/><G113/><T125/><D122/><U26/><E37/><V64/><F114/><W74/><G74/><T129/><D118/><U23/><E128/><V102/><F102/><W117/><G117/><T98/><D129/><U130/><E130/><V72/><F132/><W49/><G28/><T68/><D68/><U8/><E133/><V19/><F1/><W116/><G34/><T35/><D35/><U82/><E5/><V77/><F7/><W93/><G50/><T123/><D123/><U22/><E78/><V107/><F107/><W29/><G29/><T95/><D125/><U3/><E3/><V18/><F72/><W58/><G58/><T108/><D108/><U131/><E131/><V4/><F4/><W80/><G70/><T44/><D44/><U101/><E101/><V46/><F59/><W99/><G69/><T115/><D124/><U2/><E2/><V121/><F64/><N who="3" m="24619" /><G93/><T40/><D40/><U126/><E126/><V47/><F121/><W73/><G73/><T41/><D41/><U103/><E103/><V119/><F119/><W112/><G112/><T21/><D115/><U52/><E52/><V60/><N who="2" m="15360" /><DORA hai="56" /><V12/><F47/><W127/><G127/><T48/><D21/><N who="1" m="13607" /><E65/><V79/><F79/><N who="3" m="46239" /><G116/><T6/><AGARI ba="0,0" hai="6,11,13,17,20,25,48,53,57,84,90,95,97,98" machi="6" ten="20,5200,0" yaku="0,1,7,1,8,1,52,1" doraHai="15,56" who="0" fromWho="0" sc="271,52,274,-13,213,-13,242,-26" owari="323,42.3,261,6.1,200,-30.0,216,-18.4" /></mjloggm>