<mjloggm ver="2.3"><GO type="225" lobby="0"/><UN n0="%E3%83%B4%E3%82%A3%E3%83%AF%E3%82%B3%E3%82%B0%E3%83%8B" n1="%E3%81%8B%E3%82%8F%E3%81%A1%E3%82%83%E3%82%93%35%38" n2="%77%72%77%72%77%72%77%72" n3="%E3%82%B2%E3%82%B9%E8%8C%82%E5%8B%9D" dan="16,17,17,16" rate="2169.13,2205.06,2224.14,2125.85" sx="M,M,M,F"/><TAIKYOKU oya="0"/><INIT seed="0,0,0,3,0,125" ten="250,250,250,250" oya="0" hai0="6,114,42,120,118,90,109,103,97,8,52,16,76" hai1="101,73,43,40,83,91,3,10,24,79,33,106,21" hai2="119,17,59,56,131,18,51,135,82,104,67,115,68" hai3="100,123,126,7,134,20,99,19,89,133,75,127,84"/><T85/><D114/><U121/><E33/><V110/><F115/><W129/><G7/><T116/><D120/><U11/><E121/><V26/><F104/><N who="3" m="63519" /><G123/><T62/><D76/><U49/><E106/><V105/><F105/><W102/><G102/><T30/><D30/><U29/><E101/><V23/><F110/><W74/><G20/><T124/><D124/><N who="3" m="47657" /><G19/><T112/><D112/><U13/><E49/><V63/><F135/><N who="3" m="51723" /><G129/><T70/><D16/><U45/><E3/><V111/><F131/><W69/><G69/><T4/><D4/><U2/><E2/><V28/><F111/><W12/><G12/><T58/><D109/><U72/><E10/><V94/><F119/><W132/><N who="3" m="51731" /><W31/><DORA hai="117" /><G31/><T113/><D113/><U96/><E13/><V93/><F68/><W122/><G122/><T48/><D70/><U81/><E11/><V9/><F9/><W25/><G25/><T128/><D128/><U77/><REACH who="1" step="1"/><E45/><REACH who="1" ten="250,240,250,250" step="2"/><V87/><F26/><W55/><G55/><T14/><D116/><U66/><E66/><V130/><F67/><W64/><G64/><T44/><D118/><U47/><E47/><V1/><F1/><W5/><G5/><T41/><D103/><U80/><E80/><AGARI ba="0,1" hai="74,75,80,84,89" m="51731,47657,63519" machi="80" ten="40,8000,1" yaku="18,1,20,1,34,2" doraHai="125,117" who="3" fromWho="1" sc="250,0,240,-80,250,0,250,90" /><INIT seed="1,0,0,4,4,24" ten="250,160,250,340" oya="1" hai0="88,90,89,81,119,9,53,79,98,22,73,19,14" hai1="21,114,127,87,96,51,77,71,131,123,3,43,26" hai2="33,69,25,42,45,60,20,56,75,17,31,116,107" hai3="8,67,38,91,86,27,104,0,37,132,23,72,62"/><U39/><E114/><V112/><F116/><W5/><G132/><T133/><D133/><U34/><E123/><V120/><F120/><W18/><G72/><T115/><D115/><U76/><E3/><V15/><F75/><W135/><G104/><T55/><D119/><U68/><E39/><V78/><F112/><W13/><G135/><T113/><D113/><U74/><E74/><V1/><F1/><W124/><G124/><T30/><REACH who="0" step="1"/><D98/><REACH who="0" ten="240,160,250,340" step="2"/><U35/><E96/><V52/><F107/><W108/><G108/><T126/><D126/><U99/><E127/><V84/><F69/><W105/><G105/><T94/><D94/><U65/><E71/><V103/><F103/><W82/><G0/><T12/><D12/><U93/><E93/><V4/><F4/><W102/><G102/><T134/><D134/><U36/><E99/><V54/><F78/><W83/><G82/><T16/><D16/><U49/><E77/><V129/><F129/><W48/><G83/><T11/><D11/><U111/><E131/><V100/><F100/><W40/><G91/><T121/><D121/><U44/><E76/><V63/><F84/><W7/><G86/><T117/><D117/><U41/><E87/><V32/><F15/><W130/><G130/><T97/><D97/><U58/><E68/><V80/><F17/><W101/><G101/><T2/><D2/><U92/><E92/><V109/><F80/><W61/><G5/><T6/><D6/><U125/><E125/><V28/><F109/><W64/><G7/><T118/><D118/><U46/><E111/><V57/><F28/><RYUUKYOKU ba="0,1" sc="240,15,160,-15,250,15,340,-15" hai0="9,14,19,22,30,53,55,73,79,81,88,89,90" hai2="20,25,31,32,33,42,45,52,54,56,57,60,63" /><INIT seed="2,1,1,3,1,39" ten="255,145,265,325" oya="2" hai0="33,9,31,25,66,131,94,116,17,134,59,38,14" hai1="65,105,71,95,57,64,47,34,133,127,74,18,80" hai2="121,16,96,86,125,6,60,115,124,52,26,51,109" hai3="73,62,111,114,48,0,68,63,41,79,75,99,24"/><V78/><F115/><W91/><G111/><T30/><D38/><U3/><E105/><V88/><F121/><W93/><G0/><T76/><D131/><U40/><E71/><V7/><F109/><W42/><G114/><T100/><D134/><U61/><E34/><V117/><F117/><W72/><G79/><T118/><D30/><U106/><E106/><V113/><F113/><W54/><G24/><T70/><D70/><U129/><E3/><V132/><F132/><W53/><G53/><T29/><D29/><U110/><E133/><V83/><F60/><W56/><REACH who="3" step="1"/><G62/><REACH who="3" ten="255,145,265,315" step="2"/><T122/><D76/><U22/><E110/><V85/><F125/><W123/><G123/><T120/><D122/><U8/><E127/><V37/><F124/><W4/><G4/><T28/><D120/><U36/><E129/><V92/><F6/><W55/><G55/><T112/><D112/><U81/><E74/><V49/><F7/><W97/><G97/><N who="0" m="59447" /><D33/><U108/><E108/><V69/><F96/><W27/><G27/><T107/><D25/><U128/><E128/><V101/><F52/><W5/><G5/><T77/><D77/><U21/><E65/><AGARI ba="1,2" hai="41,42,48,54,56,63,65,68,72,73,75,91,93,99" machi="65" ten="40,8000,1" yaku="1,1,52,2,53,1" doraHai="39" doraHaiUra="44" who="3" fromWho="1" sc="255,0,145,-83,265,0,315,103" /><INIT seed="3,0,0,1,2,38" ten="255,62,265,418" oya="3" hai0="7,27,58,135,103,117,35,50,101,90,133,4,76" hai1="106,1,29,43,78,41,55,9,71,53,56,3,87" hai2="118,131,79,30,40,16,75,15,127,108,132,10,88" hai3="13,93,126,72,68,6,130,95,100,24,82,45,64"/><W96/><G130/><T83/><D117/><U52/><E87/><V57/><F118/><W8/><G126/><T114/><D114/><U97/><E78/><V65/><F131/><W85/><G72/><N who="0" m="43399" /><D90/><U111/><E9/><V99/><F127/><W39/><G24/><T67/><D27/><U14/><E14/><V113/><F113/><W122/><G122/><T84/><D35/><U134/><E97/><V22/><F108/><W107/><G64/><T60/><D50/><U25/><E25/><N who="2" m="16695" /><F132/><N who="0" m="50762" /><D84/><U129/><E129/><V115/><F115/><W74/><G68/><T92/><D92/><U66/><E106/><V116/><F75/><W54/><G74/><T32/><D32/><U2/><E71/><V123/><F123/><W18/><G6/><AGARI ba="0,0" hai="4,6,7,58,60,67,101,103" m="50762,43399" machi="6" ten="30,1000,0" yaku="20,1" doraHai="38" who="0" fromWho="3" sc="255,10,62,0,265,0,418,-10" owari="265,6.5,62,-43.8,265,-13.5,408,50.8" /></mjloggm>