<mjloggm ver="2.3"><GO type="225" lobby="0"/><UN n0="%E6%97%A5%E6%9B%9C%E6%97%A5%E3%82%88%E3%82%8A%E3%81%AE%E4%BD%BF%E8%80%85" n1="%E3%81%BE%E3%81%A8%E3%81%9F" n2="%48%61%61%61%6C%61%6E%64" n3="%72%65%6E%6B%75%6E" dan="18,16,18,17" rate="2186.50,2172.65,2218.37,2329.45" sx="M,M,M,M"/><TAIKYOKU oya="0"/><INIT seed="0,0,0,0,5,11" ten="250,250,250,250" oya="0" hai0="119,93,61,37,101,117,10,97,65,33,22,14,121" hai1="91,122,120,30,51,123,1,130,49,7,87,57,103" hai2="76,58,99,20,66,86,29,108,63,133,43,56,25" hai3="17,62,96,73,109,54,74,78,107,69,38,12,113"/><T92/><D121/><U64/><E130/><V42/><F108/><W102/><G113/><T118/><D33/><U104/><E30/><V127/><F127/><W116/><G109/><T135/><D135/><U70/><E70/><V98/><F133/><W55/><G116/><T39/><D22/><U90/><E7/><V53/><F76/><W50/><G38/><T125/><D93/><U126/><E1/><V88/><F42/><W23/><G78/><T48/><D48/><U60/><E126/><V81/><REACH who="2" step="1"/><F43/><REACH who="2" ten="250,250,240,250" step="2"/><W80/><G74/><T128/><D125/><U115/><E115/><V134/><F134/><W9/><G73/><T45/><D128/><U75/><E75/><V71/><F71/><W36/><G36/><T44/><D39/><U79/><E79/><V124/><F124/><W5/><G80/><T100/><D37/><U13/><E123/><V46/><F46/><W41/><G41/><T105/><D45/><U112/><E112/><V3/><F3/><W16/><G69/><T32/><D44/><U111/><E122/><V34/><F34/><W129/><G129/><T47/><D47/><U131/><E111/><V21/><F21/><W0/><G0/><T114/><D32/><U2/><E131/><V31/><F31/><W110/><G110/><T68/><D114/><U15/><E2/><V67/><F67/><W95/><G23/><T94/><REACH who="0" step="1"/><D101/><REACH who="0" ten="240,250,240,250" step="2"/><U106/><E103/><V77/><F77/><W18/><G102/><T8/><D8/><U19/><E120/><V6/><F6/><AGARI ba="0,2" hai="6,10,14,61,65,68,92,94,97,100,105,117,118,119" machi="6" ten="40,12000,1" yaku="1,1,52,1,53,2" doraHai="11" doraHaiUra="89" who="0" fromWho="2" sc="240,140,250,0,240,-120,250,0" /><INIT seed="0,1,0,3,2,55" ten="380,250,120,250" oya="0" hai0="32,104,131,59,51,74,121,111,30,101,64,71,82" hai1="72,125,114,77,68,107,86,10,56,105,66,18,8" hai2="4,9,28,41,36,46,75,33,13,110,53,38,99" hai3="24,69,76,127,84,117,118,60,23,7,0,43,22"/><T70/><D121/><U79/><E68/><V16/><F75/><W87/><G127/><T130/><D101/><U73/><E125/><V96/><F110/><W62/><G43/><T40/><D104/><U15/><E114/><V12/><F38/><W5/><G24/><T94/><D94/><U93/><E93/><V45/><F28/><W88/><G76/><T39/><D82/><U98/><E86/><V78/><F78/><W116/><G69/><T48/><D74/><U113/><E113/><V81/><F81/><W120/><G120/><T63/><D30/><U133/><E98/><V83/><F83/><W34/><G34/><T49/><D32/><U37/><E37/><V20/><REACH who="2" step="1"/><F33/><REACH who="2" ten="380,250,110,250" step="2"/><W31/><G31/><T67/><D111/><U58/><E77/><V61/><F61/><W100/><G116/><T109/><D109/><U80/><E73/><V27/><F27/><W119/><G117/><T128/><D67/><U126/><E66/><V2/><F2/><W21/><G0/><T90/><D90/><U129/><E126/><V29/><F29/><W26/><G88/><T14/><D14/><U108/><E108/><V47/><F47/><AGARI ba="1,1" hai="39,40,47,48,49,51,59,63,64,70,71,128,130,131" machi="47" ten="50,12000,1" yaku="19,1,34,3,52,1" doraHai="55" who="0" fromWho="2" sc="380,133,250,0,110,-123,250,0" owari="513,61.3,250,5.0,-13,-51.3,250,-15.0" /></mjloggm>