<mjloggm ver="2.3"><GO type="225" lobby="0"/><UN n0="%E3%81%8B%E3%82%8F%E3%81%A1%E3%82%83%E3%82%93%35%38" n1="%72%69%6F%75%63%68%61%6E" n2="%E9%B3%B3%E6%9D%B1%E3%81%AE%E3%81%BF%E3%81%91%E3%81%AB%E3%82%83%E3%82%93" n3="%E3%81%99%E3%81%84%E3%81%BE%E3%81%9B%E3%83%BC%E3%82%93" dan="16,16,16,17" rate="2224.21,2117.49,2054.32,2247.91" sx="M,M,F,M"/><TAIKYOKU oya="0"/><INIT seed="0,0,0,3,3,65" ten="250,250,250,250" oya="0" hai0="98,105,10,43,53,109,69,91,12,86,7,122,66" hai1="21,50,49,14,45,135,77,76,62,2,80,126,39" hai2="85,124,111,134,72,8,99,113,1,92,48,88,20" hai3="37,29,107,9,89,27,60,100,33,34,25,31,118"/><T46/><D122/><U23/><E126/><V78/><F113/><W35/><G118/><T106/><D53/><U58/><E135/><V59/><F124/><W73/><G37/><T56/><D56/><U110/><E110/><V133/><F111/><W15/><G73/><T36/><D109/><U18/><E2/><V95/><F20/><W57/><G89/><T64/><D98/><U101/><E101/><V51/><F8/><W11/><G100/><T74/><D74/><U19/><E39/><V17/><F17/><W82/><G82/><T79/><D79/><U5/><E5/><V26/><F26/><W132/><G107/><T81/><REACH who="0" step="1"/><D64/><REACH who="0" ten="240,250,250,250" step="2"/><U130/><E77/><V131/><F59/><W114/><G114/><T117/><D117/><U90/><E76/><V13/><F72/><W93/><G132/><T103/><D103/><U115/><E115/><V32/><F78/><W104/><G57/><T16/><D16/><U120/><E58/><V28/><F99/><W61/><G61/><AGARI ba="0,1" hai="7,10,12,36,43,46,61,66,69,81,86,91,105,106" machi="61" ten="40,3900,0" yaku="1,1,52,1,53,0" doraHai="65" doraHaiUra="75" who="0" fromWho="3" sc="240,49,250,0,250,0,250,-39" /><INIT seed="0,1,0,2,4,131" ten="289,250,250,211" oya="0" hai0="80,129,31,130,0,54,121,119,108,78,134,27,10" hai1="85,93,42,95,86,110,125,60,115,34,94,132,97" hai2="107,51,38,2,83,117,68,91,111,105,127,122,66" hai3="114,48,133,29,67,113,25,61,128,82,28,20,126"/><T18/><D54/><U4/><E34/><V50/><F83/><W87/><G128/><N who="0" m="49259" /><D80/><U39/><E132/><V1/><F91/><W53/><G126/><T64/><D64/><U92/><E110/><V76/><F76/><W46/><G29/><T135/><D78/><U90/><E115/><V75/><F66/><W14/><G14/><N who="0" m="7511" /><D0/><U36/><E125/><V65/><F65/><W89/><REACH who="3" step="1"/><G133/><REACH who="3" ten="289,250,250,201" step="2"/><N who="0" m="50699" /><D108/><U102/><E97/><V3/><F111/><W63/><G63/><T72/><D72/><U56/><E60/><V24/><F75/><W71/><AGARI ba="1,1" hai="20,25,28,46,48,53,61,67,71,82,87,89,113,114" machi="71" ten="20,2700,0" yaku="1,1,0,1,7,1,53,0" doraHai="131" doraHaiUra="6" who="3" fromWho="3" sc="289,-14,250,-8,250,-8,201,40" /><INIT seed="1,0,0,1,1,61" ten="275,242,242,241" oya="1" hai0="98,53,83,11,121,33,52,87,102,42,49,125,128" hai1="14,41,12,47,92,93,67,46,44,16,71,20,39" hai2="3,58,130,54,22,64,77,116,111,23,43,119,56" hai3="112,25,10,62,108,126,84,107,88,70,35,89,129"/><U19/><E93/><V34/><F34/><W117/><G112/><T1/><D33/><U69/><E92/><V51/><F3/><W9/><G107/><T74/><D74/><U68/><REACH who="1" step="1"/><E67/><REACH who="1" ten="275,232,242,241" step="2"/><V30/><F64/><W103/><G117/><T86/><D102/><U21/><AGARI ba="0,1" hai="12,14,16,19,20,21,39,41,44,46,47,68,69,71" machi="21" ten="30,12000,1" yaku="1,1,2,1,0,1,9,1,54,1,53,0" doraHai="61" doraHaiUra="27" who="1" fromWho="1" sc="275,-40,232,130,242,-40,241,-40" /><INIT seed="1,1,0,3,4,86" ten="235,362,202,201" oya="1" hai0="6,116,9,118,12,104,88,1,95,113,128,129,76" hai1="91,89,106,2,135,26,16,107,111,131,126,110,79" hai2="3,102,78,63,56,43,114,112,130,21,17,98,84" hai3="70,105,134,7,61,74,29,127,124,69,133,117,0"/><U120/><E120/><V37/><F3/><W4/><G74/><T108/><D104/><N who="1" m="39979" /><E2/><V115/><F130/><N who="0" m="50282" /><D113/><U36/><E131/><V94/><F43/><W67/><G105/><T73/><D108/><N who="1" m="41515" /><E126/><N who="3" m="48170" /><G117/><T72/><D1/><U119/><E135/><N who="3" m="51722" /><G0/><T58/><D58/><U93/><E119/><N who="0" m="45609" /><D76/><U28/><E36/><V57/><F37/><W45/><G29/><T32/><D32/><N who="1" m="20503" /><E79/><V85/><F78/><W64/><G45/><T18/><D6/><N who="3" m="2089" /><G61/><T100/><D100/><U53/><E93/><V87/><REACH who="2" step="1"/><F63/><REACH who="2" ten="235,362,192,201" step="2"/><W34/><G34/><T10/><D73/><U97/><E97/><V49/><F49/><W103/><G103/><T50/><D50/><U68/><E68/><AGARI ba="1,1" hai="64,67,68,69,70" m="2089,51722,48170" machi="68" ten="40,8000,1" yaku="28,2,18,1,20,1" doraHai="86" who="3" fromWho="1" sc="235,0,362,-83,192,0,201,93" /><INIT seed="2,0,0,0,1,124" ten="235,279,192,294" oya="2" hai0="73,7,49,60,114,88,65,67,85,25,47,6,71" hai1="127,69,68,54,58,32,31,102,45,120,133,39,80" hai2="33,9,61,21,17,100,52,118,76,43,19,121,79" hai3="134,34,11,92,24,82,130,53,22,20,119,98,27"/><V107/><F118/><W64/><G119/><T1/><D114/><U44/><E127/><V99/><F121/><W72/><G64/><T135/><D73/><U3/><E3/><V12/><F33/><W103/><G134/><T111/><D135/><U62/><E133/><V50/><F43/><W129/><G11/><T74/><D74/><U8/><E120/><V78/><F61/><W122/><G122/><T95/><D111/><U128/><E128/><N who="3" m="49258" /><G53/><T84/><D1/><U89/><E8/><V41/><F41/><W2/><G2/><T4/><D67/><U90/><E54/><V110/><F110/><W23/><G34/><T97/><REACH who="0" step="1"/><D25/><REACH who="0" ten="225,279,192,294" step="2"/><U28/><E32/><V46/><REACH who="2" step="1"/><F76/><AGARI ba="0,1" hai="20,22,23,24,27,72,76,82,92,98,103" m="49258" machi="76" ten="30,7700,0" yaku="19,1,52,3" doraHai="124" who="3" fromWho="2" sc="225,0,279,0,192,-77,294,87" /><INIT seed="3,0,0,0,5,15" ten="225,279,115,381" oya="3" hai0="95,122,120,97,46,8,27,85,123,55,67,102,47" hai1="86,7,81,41,10,52,58,30,33,73,128,3,18" hai2="83,43,98,131,62,99,6,84,71,109,90,77,19" hai3="106,78,23,69,65,24,38,9,60,13,14,116,108"/><W4/><G106/><T72/><D72/><U63/><E128/><V104/><F6/><W1/><G38/><T125/><D125/><U96/><E73/><V130/><F43/><W50/><G116/><T135/><D135/><U110/><E110/><V20/><F109/><W2/><G14/><T42/><D67/><U21/><E41/><V45/><F45/><W34/><G34/><T118/><D118/><U48/><E96/><V37/><F37/><W127/><G108/><T111/><D111/><U22/><E33/><V87/><F104/><W124/><G50/><T115/><D115/><U129/><E129/><V31/><F31/><W74/><G78/><T76/><D55/><U94/><E94/><V89/><F131/><W53/><G53/><T88/><D76/><U113/><E113/><V59/><F71/><W40/><G74/><T49/><D46/><U105/><E105/><V132/><F132/><W75/><G75/><T5/><D27/><U0/><E30/><V107/><F107/><W126/><G40/><T57/><D57/><U91/><E0/><V68/><F68/><W82/><G82/><T66/><D66/><U119/><E119/><V133/><F133/><W26/><G1/><T39/><D39/><U32/><E32/><V117/><F117/><W12/><G2/><T70/><D70/><U134/><E134/><V25/><F130/><W101/><G127/><T17/><D42/><U51/><REACH who="1" step="1"/><E21/><REACH who="1" ten="225,269,115,381" step="2"/><V56/><F56/><W114/><G126/><T103/><D47/><U61/><E61/><V64/><F77/><W44/><G124/><T112/><D112/><RYUUKYOKU ba="0,1" sc="225,-15,269,15,115,15,381,-15" hai1="3,7,10,18,22,48,51,52,58,63,81,86,91" hai2="19,20,25,59,62,64,83,84,87,89,90,98,99" owari="210,-19.0,284,8.4,130,-37.0,376,47.6" /></mjloggm>