<mjloggm ver="2.3"><GO type="225" lobby="0"/><UN n0="%E6%97%A5%E6%9B%9C%E6%97%A5%E3%82%88%E3%82%8A%E3%81%AE%E4%BD%BF%E8%80%85" n1="%E3%81%A0%E3%81%8A" n2="%66%67%67%68%68%64%66" n3="%E3%81%82%E3%82%93%E3%81%AA%E3%81%A4" dan="17,16,16,16" rate="2177.77,2054.08,2082.99,2122.45" sx="M,M,M,M"/><TAIKYOKU oya="0"/><INIT seed="0,0,0,4,5,79" ten="250,250,250,250" oya="0" hai0="40,0,14,75,135,47,3,110,56,59,52,49,64" hai1="72,73,101,127,105,89,131,74,38,81,21,92,122" hai2="6,36,134,18,123,24,43,9,112,86,109,107,118" hai3="87,60,65,51,27,78,11,125,45,19,80,76,70"/><T2/><D75/><N who="1" m="28747" /><E38/><V69/><F123/><W100/><G125/><T128/><D128/><U54/><E54/><V120/><F120/><W29/><G100/><T66/><D135/><U93/><E21/><V95/><F112/><W83/><G19/><T17/><D110/><U32/><E32/><V85/><F107/><W67/><G11/><T57/><REACH who="0" step="1"/><D40/><REACH who="0" ten="240,250,250,250" step="2"/><U10/><E131/><V96/><F109/><W25/><G67/><T63/><D63/><U102/><E127/><V33/><F134/><W20/><G60/><T1/><N who="0" m="0" /><DORA hai="84" /><T124/><D124/><U94/><E122/><V111/><F43/><W68/><G65/><T108/><D108/><U116/><E116/><V126/><F111/><W16/><G68/><T61/><D61/><U98/><E10/><AGARI ba="0,1" hai="10,14,17,47,49,52,56,57,59,64,66" m="0" machi="10" ten="70,12000,1" yaku="1,1,54,1,53,1" doraHai="79,84" doraHaiUra="99,5" who="0" fromWho="1" sc="240,130,250,-120,250,0,250,0" /><INIT seed="0,1,0,0,3,66" ten="370,130,250,250" oya="0" hai0="50,95,33,14,41,27,64,70,59,60,52,126,89" hai1="26,28,8,119,68,86,48,98,65,13,10,134,122" hai2="61,93,39,108,125,112,85,100,44,43,128,6,94" hai3="82,32,110,40,83,111,109,105,54,81,45,37,18"/><T87/><D126/><U103/><E134/><V22/><F112/><W72/><G105/><T34/><D27/><U9/><E119/><V92/><F108/><W84/><G32/><T107/><D107/><U113/><E113/><V30/><F125/><W23/><G54/><T58/><D41/><U118/><E118/><V55/><F128/><W56/><G56/><T2/><D2/><U24/><E122/><V35/><F35/><W73/><REACH who="3" step="1"/><G84/><REACH who="3" ten="370,130,250,240" step="2"/><T19/><REACH who="0" step="1"/><D59/><REACH who="0" ten="360,130,250,240" step="2"/><U0/><E68/><V106/><F106/><W25/><AGARI ba="1,2" hai="18,23,25,37,40,45,72,73,81,82,83,109,110,111" machi="25" ten="40,8000,1" yaku="1,1,2,1,0,1,14,1,53,1" doraHai="66" doraHaiUra="16" who="3" fromWho="3" sc="360,-41,130,-21,250,-21,240,103" /><INIT seed="1,0,0,1,0,126" ten="319,109,229,343" oya="1" hai0="13,6,106,70,42,37,100,46,121,72,102,28,8" hai1="108,79,76,103,44,52,118,49,41,60,66,14,97" hai2="54,117,25,110,96,57,2,114,74,128,24,119,40" hai3="59,93,92,18,101,113,120,81,127,34,45,47,115"/><U82/><E118/><V134/><F2/><W36/><G34/><T112/><D112/><U131/><E108/><V31/><F74/><W15/><G36/><T23/><D70/><U130/><E14/><V51/><F110/><W12/><G59/><T94/><D106/><U84/><E41/><V19/><F114/><W22/><G81/><T4/><D121/><U62/><E79/><V104/><F134/><W20/><G18/><T67/><D67/><U95/><REACH who="1" step="1"/><E62/><REACH who="1" ten="319,99,229,343" step="2"/><V3/><F40/><W107/><G120/><T10/><D42/><U73/><E73/><V90/><F119/><W91/><G12/><T83/><D72/><U7/><E7/><V86/><F117/><W53/><G15/><T133/><D13/><U27/><E27/><V123/><F24/><W30/><G113/><T116/><D4/><U29/><E29/><V48/><F31/><W5/><G5/><T33/><D6/><U75/><E75/><V125/><F25/><W129/><G30/><T65/><D116/><U16/><E16/><V69/><F19/><W9/><G115/><T87/><D28/><U99/><E99/><V111/><F96/><W39/><G127/><T43/><D43/><U98/><E98/><V61/><F125/><W50/><G39/><T105/><D37/><U55/><E55/><V78/><F54/><W80/><G53/><T85/><D133/><U124/><E124/><V88/><F111/><W38/><G38/><T11/><D23/><U71/><AGARI ba="0,1" hai="44,49,52,60,66,71,76,82,84,95,97,103,130,131" machi="71" ten="30,12000,1" yaku="1,1,0,1,52,2,54,1,53,0" doraHai="126" doraHaiUra="132" who="1" fromWho="1" sc="319,-40,99,130,229,-40,343,-40" /><INIT seed="1,1,0,1,2,127" ten="279,229,189,303" oya="1" hai0="122,128,135,82,34,81,7,17,86,45,19,3,64" hai1="87,8,21,77,131,91,105,84,74,104,132,83,42" hai2="79,51,38,93,68,70,106,89,31,109,123,25,57" hai3="22,20,32,18,12,56,23,119,2,55,14,48,100"/><U39/><E132/><V75/><F123/><W1/><G119/><T107/><D34/><U120/><E120/><V129/><F38/><W5/><G32/><T65/><D107/><U15/><E21/><V52/><F106/><W50/><G100/><T4/><D3/><U27/><E27/><V69/><F109/><W73/><G73/><T116/><D116/><U80/><E131/><V10/><F10/><W53/><G5/><N who="0" m="2123" /><D122/><U60/><E60/><V11/><F11/><W95/><G95/><T125/><D125/><U43/><E105/><V29/><F129/><W30/><G30/><T71/><D71/><U46/><E104/><V36/><F36/><W78/><G78/><N who="0" m="46391" /><D135/><U6/><REACH who="1" step="1"/><E42/><REACH who="1" ten="279,219,189,303" step="2"/><V59/><F25/><W76/><G22/><T9/><D128/><U62/><E62/><V90/><F29/><W35/><G35/><T113/><D113/><U108/><E108/><V37/><F31/><W103/><G20/><T72/><D9/><U49/><E49/><V85/><F37/><W0/><G23/><T63/><D63/><U133/><E133/><V130/><F130/><W102/><G50/><T28/><D28/><U121/><E121/><V16/><F51/><W61/><G48/><T54/><D45/><U13/><E13/><V44/><F44/><W111/><G111/><T67/><D54/><N who="3" m="20489" /><G14/><T47/><D47/><U117/><E117/><V41/><F41/><W134/><G134/><T124/><D124/><U118/><E118/><V97/><F52/><N who="3" m="33927" /><G12/><T98/><D67/><U40/><E40/><V26/><F26/><W88/><G1/><T110/><D110/><RYUUKYOKU ba="1,1" sc="279,-10,219,30,189,-10,303,-10" hai1="6,8,15,39,43,46,74,77,80,83,84,87,91" /><INIT seed="1,2,1,4,3,93" ten="269,249,179,293" oya="1" hai0="92,51,120,5,123,132,131,9,116,0,97,100,86" hai1="127,37,50,107,117,67,76,125,46,36,101,35,81" hai2="40,24,79,56,28,34,30,104,54,69,61,64,133" hai3="19,43,62,88,78,53,63,41,39,87,31,49,3"/><U17/><E35/><V129/><F129/><W85/><G3/><T12/><D116/><U44/><E117/><V65/><F133/><W14/><G31/><T82/><D131/><U113/><E113/><V10/><F30/><W23/><G78/><T57/><D132/><U45/><E67/><V126/><F126/><N who="1" m="48137" /><E50/><V73/><F40/><N who="3" m="15435" /><G87/><T26/><D26/><U114/><E17/><V27/><F27/><W106/><G106/><T58/><D0/><U15/><E15/><V21/><F21/><W94/><G39/><T96/><D51/><U2/><E2/><V90/><F104/><W68/><G68/><T91/><REACH who="0" step="1"/><D97/><REACH who="0" ten="259,249,179,293" step="2"/><N who="1" m="61871" /><E114/><V25/><F25/><W109/><G109/><T32/><D32/><U72/><AGARI ba="2,2" hai="36,37,44,45,46,72,76,81" m="61871,48137" machi="72" ten="30,3000,0" yaku="18,1,52,1" doraHai="93" who="1" fromWho="1" sc="259,-12,249,56,179,-12,293,-12" /><INIT seed="1,3,0,4,4,69" ten="247,305,167,281" oya="1" hai0="74,63,46,38,19,39,51,9,70,12,26,20,117" hai1="18,100,130,66,24,72,60,103,102,83,106,126,114" hai2="86,98,67,40,99,68,89,111,11,113,36,81,71" hai3="17,121,91,48,118,94,97,23,115,77,116,25,120"/><U28/><E114/><V88/><F113/><W132/><G132/><T37/><D117/><N who="3" m="45161" /><G115/><T65/><D74/><U8/><E130/><V52/><F111/><W22/><G77/><T49/><REACH who="0" step="1"/><D46/><REACH who="0" ten="237,305,167,281" step="2"/><U43/><E72/><V101/><F67/><W75/><G75/><T14/><D14/><U5/><E66/><V16/><F68/><W29/><G48/><T119/><D119/><U134/><E134/><V3/><F71/><W87/><G87/><T56/><D56/><U61/><E24/><AGARI ba="3,1" hai="17,22,23,24,25,29,91,94,97,120,121" m="45161" machi="24" ten="30,1000,0" yaku="12,1" doraHai="69" who="3" fromWho="1" sc="237,0,305,-19,167,0,281,29" /><INIT seed="2,0,0,4,3,52" ten="237,286,167,310" oya="2" hai0="109,115,31,91,49,114,6,124,106,129,70,25,98" hai1="10,23,79,26,36,110,15,134,2,48,17,99,56" hai2="96,101,47,90,1,43,27,85,95,21,133,132,122" hai3="130,19,86,72,68,94,30,54,45,105,117,59,108"/><V14/><F122/><W131/><G72/><T33/><D109/><U111/><E134/><V12/><F1/><W82/><G105/><T71/><D6/><U3/><E36/><V40/><F133/><W5/><G45/><T51/><D51/><U9/><E79/><V100/><F132/><W123/><G94/><T4/><D49/><U11/><E99/><V16/><F101/><W20/><G30/><T127/><D4/><N who="1" m="3495" /><E56/><V74/><F74/><W55/><G68/><N who="0" m="26155" /><D129/><U128/><E48/><V69/><F69/><W121/><G117/><T63/><D63/><U84/><E84/><V125/><F125/><N who="0" m="48202" /><D91/><U112/><E128/><N who="3" m="49194" /><G5/><T32/><D33/><U80/><E80/><N who="2" m="49447" /><F47/><W50/><G108/><N who="1" m="41514" /><E112/><V89/><F100/><AGARI ba="0,0" hai="25,31,32,98,100,106,114,115" m="48202,26155" machi="100" ten="30,2000,0" yaku="18,1,23,1" doraHai="52" who="0" fromWho="2" sc="237,20,286,0,167,-20,310,0" /><INIT seed="3,0,0,0,5,104" ten="257,286,147,310" oya="3" hai0="76,106,118,12,60,108,13,5,14,4,58,92,24" hai1="86,112,31,65,18,27,119,51,107,30,128,110,46" hai2="113,17,134,70,19,117,80,78,42,50,67,20,88" hai3="23,37,57,124,94,121,105,63,127,74,32,99,10"/><W131/><G74/><T25/><D106/><U38/><E107/><V41/><F113/><W6/><G32/><T36/><D36/><U21/><E38/><V56/><F117/><W101/><G37/><T40/><D118/><U64/><E112/><V93/><F134/><W72/><G72/><T39/><D108/><U120/><E128/><V47/><F70/><W29/><G105/><T49/><D39/><U43/><E110/><V95/><F42/><W54/><G131/><T132/><D76/><U129/><E129/><V130/><F130/><W89/><G121/><T111/><D132/><U87/><E120/><V102/><F102/><W44/><G44/><T103/><D111/><U48/><E48/><V22/><F95/><W79/><G79/><T33/><D33/><U100/><E100/><V11/><F67/><N who="1" m="25673" /><E119/><V16/><F56/><W69/><G69/><T26/><D49/><U81/><E87/><V28/><F11/><W2/><G101/><T77/><D77/><AGARI ba="0,0" hai="18,21,27,30,31,43,46,51,77,81,86" m="25673" machi="77" ten="30,1000,0" yaku="8,1" doraHai="104" who="1" fromWho="0" sc="257,-10,286,10,147,0,310,0" owari="247,-15.3,296,9.6,147,-35.3,310,41.0" /></mjloggm>