<mjloggm ver="2.3"><GO type="225" lobby="0"/><UN n0="%6B%75%7A%75%6E" n1="%E3%81%AF%E3%82%88%E3%81%8A%E3%81%98%E3%81%95%E3%82%93" n2="%E4%B8%89%E5%86%A0%E7%8E%8B%E3%83%BB%E5%B1%B1%E7%94%B0%E5%93%B2%E4%BA%BA" n3="%E9%BB%92%E9%89%84%E7%8F%A0%E9%9B%AB" dan="17,16,16,16" rate="2179.47,2137.77,2174.31,2179.95" sx="M,M,M,M"/><TAIKYOKU oya="0"/><INIT seed="0,0,0,4,3,44" ten="250,250,250,250" oya="0" hai0="89,45,115,5,91,106,72,52,69,41,12,39,27" hai1="22,128,99,14,74,129,71,124,103,70,9,60,48" hai2="51,130,64,67,0,87,133,112,100,6,125,31,42" hai3="113,78,59,92,37,117,16,75,50,79,132,95,54"/><T97/><D115/><U55/><E74/><V81/><F112/><W57/><G113/><T107/><D69/><U63/><E22/><V122/><F122/><W10/><G37/><T23/><D72/><U80/><E80/><V34/><F133/><W93/><G117/><T46/><D5/><U118/><E124/><V24/><F125/><W53/><G75/><T105/><D12/><U114/><E118/><V33/><F130/><N who="1" m="50281" /><E114/><V7/><F100/><W83/><G83/><T116/><D116/><U2/><E2/><V30/><F0/><W127/><G132/><T120/><D120/><U108/><E108/><V56/><F34/><W88/><G88/><T131/><D131/><U73/><E73/><V62/><F64/><W98/><G98/><T11/><D11/><U47/><E70/><V28/><F24/><W21/><G10/><T126/><D126/><U58/><E58/><V61/><F61/><N who="3" m="36015" /><G127/><T68/><D68/><U111/><E71/><V4/><F33/><W8/><G8/><T104/><N who="0" m="26624" /><DORA hai="18" /><T101/><D97/><U29/><E29/><V82/><REACH who="2" step="1"/><F87/><REACH who="2" ten="250,250,240,250" step="2"/><W102/><G102/><T109/><D101/><U1/><E1/><V94/><F94/><W15/><AGARI ba="0,1" hai="15,16,21,50,54,59,78,79,92,93,95" m="36015" machi="15" ten="30,7900,0" yaku="8,1,52,2,54,1" doraHai="44,18" who="3" fromWho="3" sc="250,-39,250,-20,240,-20,250,89" /><INIT seed="1,0,0,5,1,65" ten="211,230,220,339" oya="1" hai0="81,33,91,129,117,60,85,110,3,22,97,50,100" hai1="12,2,77,106,68,28,94,87,82,108,126,19,31" hai2="128,52,36,46,49,58,38,55,76,123,56,4,125" hai3="101,47,124,104,103,24,95,23,86,35,66,17,93"/><U57/><E106/><V133/><F4/><W11/><G104/><T69/><D117/><U32/><E2/><V21/><F76/><W107/><G107/><T88/><D110/><U121/><E121/><V132/><F21/><W89/><G124/><T42/><D129/><U84/><E68/><V96/><F96/><W67/><G35/><T26/><D3/><U72/><E126/><V74/><F74/><W27/><G11/><T25/><D33/><U48/><E108/><V64/><F125/><W99/><G103/><T73/><D73/><U9/><E32/><V79/><F79/><W34/><G34/><T61/><D91/><N who="1" m="53607" /><E72/><V115/><F123/><W90/><G27/><T43/><D26/><U111/><E111/><V8/><F8/><W53/><G101/><T6/><D6/><U114/><E114/><V112/><F64/><W39/><G39/><N who="2" m="14889" /><F128/><W122/><G122/><T16/><D69/><U131/><E131/><V75/><F75/><W119/><G119/><T15/><D25/><U37/><E37/><V54/><F58/><W1/><G1/><T10/><D10/><U62/><E48/><AGARI ba="0,0" hai="17,23,24,47,48,53,66,67,86,89,90,93,95,99" machi="48" ten="40,1300,0" yaku="8,1" doraHai="65" who="3" fromWho="1" sc="211,0,230,-13,220,0,339,13" /><INIT seed="2,0,0,3,0,106" ten="211,217,220,352" oya="2" hai0="66,125,129,17,100,94,115,117,45,11,73,77,118" hai1="113,20,10,58,97,53,74,78,55,18,36,12,48" hai2="111,6,23,7,103,87,90,96,75,44,76,13,101" hai3="89,31,116,65,29,56,34,68,14,112,15,35,19"/><V131/><F131/><W27/><G68/><T41/><D115/><U99/><E113/><V120/><F120/><W102/><G102/><T62/><D129/><U57/><E36/><V121/><F121/><W30/><G56/><T104/><D104/><U5/><E74/><V119/><F119/><N who="0" m="45578" /><D17/><U52/><E78/><V32/><F32/><N who="3" m="12331" /><G89/><T38/><D11/><U21/><E55/><V49/><F111/><W85/><G85/><T128/><D128/><U37/><E37/><V86/><F75/><W130/><G65/><T80/><D125/><U47/><E47/><V60/><F60/><W109/><G130/><T70/><D94/><U135/><E135/><V16/><F76/><W71/><G71/><T127/><D127/><U95/><E18/><V4/><F96/><N who="1" m="36937" /><E95/><N who="2" m="54743" /><F87/><W46/><G116/><T22/><D22/><U61/><AGARI ba="0,0" hai="5,10,12,20,21,48,52,53,57,58,61" m="36937" machi="61" ten="30,2000,0" yaku="8,1,54,1" doraHai="106" who="1" fromWho="1" sc="211,-5,217,20,220,-10,352,-5" /><INIT seed="3,0,0,5,2,14" ten="206,237,210,347" oya="3" hai0="92,76,37,59,91,115,22,25,84,56,55,1,116" hai1="16,8,98,13,123,3,29,64,122,105,107,63,73" hai2="132,51,75,38,126,6,11,41,19,58,7,2,40" hai3="61,50,95,23,133,111,17,96,86,93,70,10,106"/><W39/><G39/><T112/><D116/><U72/><E3/><V108/><F75/><W66/><G133/><T67/><D1/><U127/><E127/><V125/><F132/><W71/><G106/><T121/><D121/><U42/><E42/><V80/><F7/><W27/><G111/><T99/><D37/><U82/><E29/><V32/><F108/><W31/><G86/><T44/><D67/><U103/><E107/><V21/><F32/><W35/><G10/><T9/><D9/><U83/><E72/><V135/><F135/><W24/><G50/><N who="0" m="29127" /><D76/><U68/><E83/><V78/><F38/><W79/><G79/><T120/><D120/><U47/><E47/><V101/><F101/><W102/><G93/><N who="0" m="54503" /><D112/><U90/><E90/><V18/><F41/><W0/><G0/><T5/><D5/><U48/><E48/><V4/><F4/><W109/><G109/><T53/><D53/><U124/><E124/><N who="2" m="47723" /><F21/><W20/><G35/><T131/><D115/><U81/><E82/><V134/><F134/><W30/><G71/><T119/><D119/><U36/><E36/><V43/><F43/><W49/><G49/><T129/><D129/><U89/><E89/><V94/><F94/><W104/><G95/><T60/><D60/><U77/><AGARI ba="0,0" hai="8,13,16,63,64,68,73,77,81,98,103,105,122,123" machi="77" ten="30,4000,0" yaku="0,1,52,1,54,1" doraHai="14" who="1" fromWho="1" sc="206,-10,237,40,210,-10,347,-20" owari="196,-30.4,277,7.7,200,-20.0,327,42.7" /></mjloggm>