<mjloggm ver="2.3"><GO type="225" lobby="0"/><UN n0="%E5%B8%86%E7%AB%8B%E5%A4%8F%E8%A1%A3" n1="%6D%75%75%6D%75%72%61" n2="%33%74%72%65%65" n3="%73%61%6E%64%69%72%69%73" dan="16,17,17,16" rate="2128.77,2189.05,2198.20,2120.13" sx="M,F,F,M"/><TAIKYOKU oya="0"/><INIT seed="0,0,0,1,1,29" ten="250,250,250,250" oya="0" hai0="91,129,102,105,68,71,43,85,25,52,104,70,76" hai1="108,36,78,26,41,5,0,127,119,126,15,75,60" hai2="30,58,100,116,4,48,35,82,38,66,114,74,13" hai3="19,20,125,103,130,89,132,12,23,124,109,18,55"/><T27/><D129/><U112/><E119/><V110/><F114/><W69/><G69/><T77/><D43/><U134/><E108/><V24/><F38/><W10/><G103/><T7/><D7/><U92/><E112/><V115/><F115/><W111/><G89/><T101/><D52/><U42/><E134/><V73/><F110/><N who="3" m="41995" /><G55/><T123/><D123/><U45/><E41/><V65/><F100/><W37/><G37/><T9/><D9/><N who="1" m="2215" /><E15/><V87/><F66/><W67/><G67/><T56/><D56/><U122/><E122/><V94/><F94/><W39/><G39/><T90/><D71/><U96/><E26/><V11/><F116/><W95/><G95/><T3/><REACH who="0" step="1"/><D85/><REACH who="0" ten="240,250,250,250" step="2"/><U97/><E60/><V81/><F87/><W51/><G130/><T50/><D50/><U62/><E62/><V121/><F121/><W93/><G51/><T99/><D99/><U120/><E120/><V53/><REACH who="2" step="1"/><F65/><REACH who="2" ten="240,250,240,250" step="2"/><W33/><G132/><T83/><D83/><AGARI ba="0,2" hai="4,11,13,24,30,35,48,53,58,73,74,81,82,83" machi="83" ten="40,5200,0" yaku="1,1,2,1,52,1,53,0" doraHai="29" doraHaiUra="14" who="2" fromWho="0" sc="240,-52,250,0,240,72,250,0" /><INIT seed="1,0,0,3,0,23" ten="188,250,312,250" oya="1" hai0="62,14,22,94,36,60,99,10,91,76,56,1,5" hai1="44,8,125,69,100,128,88,15,96,134,58,18,113" hai2="112,85,35,33,59,104,42,123,109,83,12,105,127" hai3="116,89,21,19,108,40,117,73,6,16,25,121,98"/><U27/><E113/><V78/><F123/><W57/><G73/><T65/><D36/><U80/><E69/><V119/><F119/><N who="3" m="45643" /><G121/><T74/><D74/><U54/><E125/><V3/><F3/><W103/><G108/><T61/><D1/><U118/><E118/><V13/><F109/><W110/><G110/><T17/><REACH who="0" step="1"/><D76/><REACH who="0" ten="178,250,312,250" step="2"/><U93/><E134/><V72/><F72/><W131/><G131/><T75/><D75/><U32/><E128/><V26/><F78/><W46/><G6/><T4/><D4/><U67/><E67/><V47/><F112/><W11/><G89/><T95/><D95/><U101/><E80/><V0/><F83/><W45/><G103/><T106/><D106/><U111/><E111/><V38/><F0/><W34/><G40/><T48/><D48/><U66/><E66/><V63/><F42/><W24/><G46/><T68/><D68/><U20/><E44/><V102/><F47/><W9/><G45/><T49/><D49/><N who="1" m="31055" /><E32/><V129/><F35/><W130/><G34/><T79/><D79/><U87/><E87/><V86/><F85/><W133/><G130/><T30/><D30/><AGARI ba="0,1" hai="8,15,18,20,27,30,88,93,96,100,101" m="31055" machi="30" ten="30,5800,0" yaku="8,1,52,1,54,1" doraHai="23" who="1" fromWho="0" sc="178,-58,250,68,312,0,250,0" /><INIT seed="1,1,0,4,5,11" ten="120,318,312,250" oya="1" hai0="108,80,69,47,71,56,89,18,122,75,120,86,78" hai1="87,20,135,81,32,55,109,8,126,107,82,67,25" hai2="125,123,74,35,99,22,97,28,132,102,118,7,90" hai3="10,45,60,114,134,5,68,14,70,24,61,119,9"/><U101/><E126/><V124/><F118/><W92/><G24/><T110/><D56/><U77/><E135/><V33/><F123/><N who="0" m="47146" /><D47/><U16/><E109/><N who="0" m="42089" /><D71/><U27/><E67/><V57/><F57/><W131/><G119/><T44/><D44/><U104/><E101/><V128/><F74/><W121/><G134/><T59/><D59/><U83/><E55/><V4/><F102/><W117/><G117/><T6/><D6/><U103/><E8/><V105/><F132/><W40/><G121/><T111/><N who="0" m="42097" /><T43/><DORA hai="52" /><D43/><U26/><E32/><V2/><F7/><W94/><G45/><T38/><D38/><U48/><E48/><V19/><F4/><W34/><G5/><T37/><D37/><U100/><E100/><V93/><F33/><W42/><G34/><T85/><D18/><U29/><E29/><V31/><F19/><W39/><G39/><T133/><D133/><U21/><E103/><V58/><F28/><W76/><G70/><T113/><D113/><U112/><E112/><V115/><F31/><W41/><G68/><T79/><D69/><U54/><E54/><V130/><F35/><W15/><G114/><T12/><D12/><U95/><E16/><V65/><F115/><W23/><G41/><T1/><D1/><U3/><E3/><V62/><F2/><W91/><G42/><T72/><D79/><U66/><E66/><V88/><F22/><W53/><G76/><T96/><D96/><U30/><E77/><V50/><F65/><W64/><G64/><T84/><D78/><U127/><E30/><V129/><F50/><RYUUKYOKU ba="1,0" sc="120,30,318,-10,312,-10,250,-10" hai0="72,75,80,84,85,86,89" /><INIT seed="2,2,0,2,0,17" ten="150,308,302,240" oya="2" hai0="64,101,123,48,20,113,5,74,131,66,37,128,59" hai1="93,4,30,0,78,116,50,35,45,38,56,22,91" hai2="75,44,90,117,96,133,134,46,52,7,26,82,32" hai3="121,8,105,13,95,129,102,132,10,87,43,80,72"/><V109/><F117/><W12/><G105/><T2/><D101/><U83/><E116/><V67/><F67/><W126/><G121/><T65/><D74/><U111/><E35/><V6/><F109/><W104/><G126/><T70/><D123/><U76/><E38/><V118/><F118/><W125/><G125/><T103/><D103/><U85/><E111/><V39/><F96/><W69/><G69/><T18/><D113/><U73/><E78/><N who="2" m="44383" /><F90/><W41/><G104/><T14/><D37/><U79/><E79/><V23/><F32/><W114/><G72/><T51/><D70/><U112/><E112/><V77/><F77/><N who="3" m="46479" /><G114/><T24/><D2/><U49/><E56/><V63/><F44/><W135/><G129/><T100/><D100/><U107/><E45/><V108/><F39/><W71/><G71/><T36/><D36/><U47/><E107/><V61/><F61/><W34/><G34/><T88/><D88/><U122/><E122/><V106/><F106/><W1/><G1/><T19/><D5/><U97/><E73/><V21/><F26/><W68/><G68/><T54/><REACH who="0" step="1"/><D51/><REACH who="0" ten="140,308,302,240" step="2"/><U92/><E50/><N who="2" m="28759" /><F108/><W40/><G102/><T115/><D115/><U42/><E91/><V119/><F119/><W15/><G95/><T81/><D81/><U31/><E97/><V99/><F99/><W58/><G58/><T28/><D28/><U16/><E93/><V124/><F124/><W25/><G25/><T11/><AGARI ba="2,1" hai="11,14,18,19,20,24,48,54,59,64,65,66,128,131" machi="11" ten="30,4000,0" yaku="1,1,0,1,52,1,53,0" doraHai="17" doraHaiUra="110" who="0" fromWho="0" sc="140,56,308,-12,302,-22,240,-12" /><INIT seed="3,0,0,2,0,70" ten="196,296,280,228" oya="3" hai0="11,1,120,17,36,29,96,53,75,73,132,60,118" hai1="35,47,64,116,55,23,6,26,61,25,108,125,121" hai2="32,19,89,134,88,9,59,112,129,67,13,126,86" hai3="102,85,99,65,95,90,42,43,20,21,41,72,71"/><W133/><G72/><T117/><D120/><U78/><E121/><V33/><F112/><W103/><G133/><T66/><D132/><U39/><E108/><V54/><F134/><W27/><G102/><T16/><D29/><U50/><E125/><V28/><F126/><W15/><G71/><T56/><D73/><U45/><E116/><V93/><F129/><W8/><G65/><T10/><D75/><U80/><E6/><V101/><F67/><W77/><G77/><T81/><D81/><U52/><E35/><V111/><F111/><W0/><G0/><T18/><D36/><U63/><E39/><V128/><F128/><W91/><G27/><T106/><D66/><U115/><E115/><V2/><F2/><W37/><G37/><T38/><D38/><U14/><E14/><V84/><F28/><W135/><G135/><T49/><D49/><U87/><E26/><V124/><F101/><W57/><G57/><T109/><D109/><U127/><E64/><V46/><F46/><W31/><G31/><T74/><D74/><U58/><E127/><V104/><F104/><W30/><G30/><T76/><D76/><U3/><E3/><V113/><F124/><W110/><G110/><T51/><D51/><N who="1" m="28783" /><E47/><V83/><F113/><W48/><G48/><AGARI ba="0,0" hai="9,13,19,32,33,48,54,59,83,84,86,88,89,93" machi="48" ten="30,2000,0" yaku="7,1,54,1" doraHai="70" who="2" fromWho="3" sc="196,0,296,0,280,20,228,-20" owari="196,-30.4,296,9.6,300,40.0,208,-19.2" /></mjloggm>