<mjloggm ver="2.3"><GO type="225" lobby="0"/><UN n0="%48%61%61%61%6C%61%6E%64" n1="%72%61%6B%33" n2="%E3%81%B5%E3%81%98%E3%81%8B%E3%81%A4" n3="%E4%BA%95%E5%B8%AF" dan="18,16,16,16" rate="2223.74,2076.78,2127.47,2038.10" sx="M,M,M,M"/><TAIKYOKU oya="0"/><INIT seed="0,0,0,3,4,30" ten="250,250,250,250" oya="0" hai0="33,37,105,43,34,29,89,47,119,70,93,12,4" hai1="35,69,38,25,118,78,104,129,92,46,28,114,18" hai2="75,98,44,66,53,13,121,100,103,125,130,64,71" hai3="27,97,90,36,2,31,99,19,81,113,1,107,124"/><T85/><D119/><U6/><E118/><V0/><F121/><W77/><G113/><T3/><D3/><U80/><E129/><V73/><F0/><W62/><G124/><T79/><D70/><U15/><E114/><V116/><F130/><W120/><G36/><T128/><D128/><U60/><E104/><V59/><F103/><W5/><G19/><T96/><D29/><U108/><E108/><V122/><F125/><W9/><G120/><T50/><D37/><U68/><E6/><V10/><F44/><W127/><G127/><T49/><D49/><U132/><E132/><V52/><F53/><W65/><G1/><T117/><D117/><U123/><E123/><V133/><F133/><W131/><G90/><T48/><D48/><U51/><E92/><V56/><F71/><W94/><G94/><T32/><D105/><U61/><E38/><V42/><F42/><W67/><G67/><N who="2" m="25641" /><F59/><W40/><G40/><T17/><D4/><U45/><E69/><V88/><F88/><W57/><G107/><T23/><REACH who="0" step="1"/><D79/><REACH who="0" ten="240,250,250,250" step="2"/><U58/><E68/><V101/><F116/><W86/><REACH who="3" step="1"/><G131/><REACH who="3" ten="240,250,250,240" step="2"/><T16/><D16/><U39/><E39/><V135/><F135/><W83/><G83/><T84/><AGARI ba="0,2" hai="12,17,23,32,33,34,43,47,50,84,85,89,93,96" machi="84" ten="40,12000,1" yaku="1,1,0,1,52,3,53,0" doraHai="30" doraHaiUra="109" who="0" fromWho="0" sc="240,140,250,-40,250,-40,240,-40" /><INIT seed="0,1,0,4,1,69" ten="380,210,210,200" oya="0" hai0="97,104,20,41,82,131,35,134,40,86,9,70,7" hai1="79,5,17,74,52,37,24,113,110,53,117,42,44" hai2="27,56,107,118,0,18,95,58,57,39,116,47,66" hai3="21,23,76,109,29,100,73,126,3,1,12,55,63"/><T127/><D35/><U91/><E117/><N who="2" m="45163" /><F107/><W121/><G100/><T102/><D70/><U36/><E110/><V123/><F0/><W85/><G73/><T45/><D127/><U4/><E113/><V135/><F135/><W25/><G85/><T115/><D115/><U31/><E17/><V124/><F124/><W106/><G76/><T15/><D134/><U72/><E91/><V48/><F123/><W6/><G55/><T114/><D114/><U49/><E4/><V78/><F78/><W129/><G63/><T26/><D131/><U133/><E5/><V128/><F128/><W22/><G106/><T67/><D67/><U32/><E133/><V65/><F95/><W64/><G64/><N who="2" m="24681" /><F18/><N who="3" m="10439" /><G129/><T16/><REACH who="0" step="1"/><D45/><REACH who="0" ten="370,210,210,200" step="2"/><U130/><E130/><V83/><F27/><N who="3" m="16631" /><G126/><T105/><D105/><U30/><E24/><V103/><F103/><W92/><G109/><T111/><D111/><U46/><E32/><V38/><F83/><W2/><G121/><T80/><D80/><U11/><E44/><V81/><F81/><W50/><G92/><T62/><D62/><U112/><E46/><V120/><F120/><W19/><G50/><T13/><D13/><U122/><E49/><V88/><F88/><AGARI ba="1,1" hai="7,9,15,16,20,26,40,41,82,86,88,97,102,104" machi="88" ten="30,11600,0" yaku="1,1,7,1,54,2,53,0" doraHai="69" doraHaiUra="71" who="0" fromWho="2" sc="370,129,210,0,210,-119,200,0" /><INIT seed="0,2,0,5,3,126" ten="499,210,91,200" oya="0" hai0="22,85,97,123,117,36,110,49,26,74,101,102,34" hai1="81,47,11,66,18,20,99,79,35,44,94,98,104" hai2="92,91,62,130,55,38,10,17,59,119,50,41,107" hai3="6,57,133,58,114,113,77,39,28,16,96,129,25"/><T37/><D74/><U111/><E35/><V42/><F119/><W125/><G125/><T43/><D117/><U65/><E111/><V46/><F107/><W84/><G39/><T0/><D123/><U78/><E104/><V23/><F10/><W90/><G133/><T83/><D34/><U4/><E65/><V106/><F106/><W8/><G77/><T5/><D110/><U70/><E70/><V103/><F103/><W14/><G96/><T72/><D72/><U71/><E66/><V116/><F116/><W134/><G134/><T63/><D63/><U93/><E71/><V32/><F32/><W128/><G6/><T127/><D127/><U95/><E11/><V21/><F21/><W135/><G135/><T53/><D43/><U100/><E4/><V80/><F80/><W124/><G124/><T56/><D0/><U115/><E115/><V29/><F29/><W7/><G7/><T76/><D5/><U54/><E54/><V30/><F30/><W31/><G31/><T40/><D40/><U19/><E95/><V51/><F130/><N who="3" m="50283" /><G25/><T45/><D37/><U131/><E131/><V67/><F42/><W132/><G28/><N who="0" m="17495" /><D36/><U105/><E105/><V73/><F73/><W13/><G13/><T89/><D76/><U118/><E118/><V9/><F9/><W108/><G132/><T52/><D97/><U60/><E20/><V112/><F112/><W109/><G114/><T2/><D2/><U82/><E100/><V120/><F120/><W3/><G113/><T1/><D1/><U24/><E24/><N who="2" m="14447" /><F67/><W64/><G64/><T15/><D15/><RYUUKYOKU ba="2,0" sc="499,10,210,10,91,10,200,-30" hai0="45,49,52,53,56,83,85,89,101,102" hai1="18,19,44,47,60,78,79,81,82,93,94,98,99" hai2="38,41,46,50,51,55,59,62,91,92" /><INIT seed="0,3,0,5,3,18" ten="509,220,101,170" oya="0" hai0="57,99,102,66,115,78,12,13,84,11,34,93,123" hai1="103,82,69,73,126,83,92,21,128,24,8,14,40" hai2="37,7,117,25,86,49,75,59,87,108,134,70,53" hai3="118,127,33,45,133,29,63,100,17,132,131,77,4"/><T96/><D115/><U95/><E126/><V26/><F75/><W23/><G118/><T27/><D123/><U79/><E128/><V41/><F117/><W81/><G127/><T113/><D113/><U107/><E69/><V32/><F7/><W47/><G131/><T31/><D78/><U110/><E110/><V5/><F5/><W119/><G4/><T60/><D84/><U114/><E114/><V111/><F70/><W30/><G119/><T35/><D11/><U109/><E109/><N who="2" m="42059" /><F134/><N who="3" m="51819" /><G63/><T89/><REACH who="0" step="1"/><D35/><REACH who="0" ten="499,220,101,170" step="2"/><U125/><E79/><V71/><F32/><W28/><G33/><T121/><D121/><U43/><E8/><V105/><F87/><N who="3" m="48559" /><G100/><T19/><D19/><U44/><E103/><V58/><F86/><W55/><G17/><T38/><D38/><U64/><E125/><V90/><F37/><W1/><G30/><T52/><D52/><U88/><E73/><V116/><F116/><W98/><G29/><T15/><D15/><U67/><E14/><V0/><F0/><W120/><G1/><T10/><D10/><U46/><E40/><V50/><F41/><W106/><G120/><T80/><D80/><U51/><E43/><V104/><F90/><W94/><G55/><T9/><D9/><U16/><E88/><V68/><F26/><W36/><G28/><T2/><D2/><U56/><E24/><V6/><F25/><W42/><G36/><T72/><D72/><U74/><E74/><V39/><F39/><W76/><G42/><T130/><D130/><U3/><E3/><V122/><F122/><W20/><G76/><T22/><D22/><RYUUKYOKU ba="3,1" sc="499,30,220,-10,101,-10,170,-10" hai0="12,13,27,31,34,57,60,66,89,93,96,99,102" /><INIT seed="0,4,1,3,4,106" ten="529,210,91,160" oya="0" hai0="11,39,37,16,63,133,127,72,2,131,26,28,48" hai1="9,123,67,121,103,71,52,110,130,93,51,108,14" hai2="135,120,70,75,7,84,125,87,36,65,73,25,19" hai3="99,81,32,33,82,62,38,54,34,17,80,68,60"/><T64/><D127/><U132/><E103/><V53/><F120/><W50/><G38/><T115/><D115/><U29/><E93/><V129/><F125/><W128/><G128/><T90/><D131/><U21/><E21/><V101/><F36/><W98/><G17/><T95/><D133/><U43/><E29/><V40/><F129/><W20/><G20/><T10/><D72/><U119/><E130/><V89/><F40/><W86/><G86/><T78/><D78/><U8/><E8/><V56/><F7/><W30/><G30/><T107/><D107/><U4/><E43/><V59/><F101/><W118/><G118/><T23/><D10/><U113/><E119/><V97/><F70/><W134/><G134/><T79/><D79/><U116/><E113/><V126/><F97/><W85/><G85/><T92/><D92/><U76/><E76/><V122/><F122/><W13/><G13/><T22/><D11/><U12/><E12/><V27/><F126/><W15/><G15/><T61/><D2/><U104/><E104/><V0/><F0/><W102/><G68/><T41/><D23/><U57/><E116/><V117/><F117/><W31/><G31/><T112/><D28/><U58/><E71/><V5/><F5/><W96/><REACH who="3" step="1"/><G102/><REACH who="3" ten="529,210,91,150" step="2"/><T83/><D22/><U94/><E132/><V91/><F135/><W46/><AGARI ba="4,2" hai="32,33,34,46,50,54,60,62,80,81,82,96,98,99" machi="46" ten="40,8000,1" yaku="1,1,2,1,0,1,29,2,53,0" doraHai="106" doraHaiUra="114" who="3" fromWho="3" sc="529,-44,210,-24,91,-24,150,112" /><INIT seed="1,0,0,5,2,83" ten="485,186,67,262" oya="1" hai0="46,54,53,73,123,52,102,132,104,18,131,98,9" hai1="16,81,113,68,128,4,23,24,60,61,119,33,103" hai2="55,66,87,11,25,56,69,47,45,134,89,135,70" hai3="109,3,110,100,107,105,130,22,96,133,101,58,90"/><U77/><E113/><V5/><F25/><W20/><G3/><T67/><D73/><U2/><E119/><V85/><F89/><W14/><G130/><T72/><D72/><U124/><E124/><V82/><F82/><W88/><G58/><T27/><D131/><U84/><E128/><V71/><F66/><W34/><G34/><T36/><D132/><N who="2" m="50730" /><F56/><W13/><G133/><T95/><D67/><U0/><E103/><V17/><F17/><W35/><G35/><T91/><D27/><U86/><E33/><V114/><F114/><W43/><G43/><T1/><D18/><U21/><E68/><V63/><F63/><W118/><REACH who="3" step="1"/><G96/><REACH who="3" ten="485,186,67,252" step="2"/><T10/><D1/><U62/><E4/><V50/><F47/><W94/><G94/><T115/><D115/><U40/><E40/><V65/><F65/><W49/><G49/><T7/><D7/><U112/><E112/><V76/><F76/><W93/><G93/><T80/><D95/><U99/><E99/><V38/><F38/><W92/><G92/><T29/><D36/><U59/><E59/><V126/><F126/><W15/><G15/><AGARI ba="0,1" hai="5,11,15,45,50,55,69,70,71,85,87" m="50730" machi="15" ten="40,5200,0" yaku="20,1,52,2" doraHai="83" who="2" fromWho="3" sc="485,0,186,0,67,62,252,-52" /><INIT seed="2,0,0,5,1,125" ten="485,186,129,200" oya="2" hai0="37,7,78,39,123,38,121,104,41,87,124,113,82" hai1="62,70,99,24,6,59,28,119,49,26,85,118,67" hai2="64,51,12,109,5,40,84,93,56,120,90,8,88" hai3="77,25,33,105,96,30,44,76,31,42,57,129,98"/><V72/><F120/><W97/><G105/><T63/><D113/><U130/><E130/><V122/><F122/><W10/><G129/><T20/><D124/><U11/><E26/><V50/><F72/><W71/><G71/><T2/><D104/><U132/><E132/><V47/><F109/><W58/><G31/><T114/><D114/><U69/><E85/><V74/><F74/><W22/><G33/><T126/><D126/><U45/><E70/><V9/><F9/><W83/><G10/><T54/><D41/><U111/><E111/><V86/><F56/><W23/><G23/><T35/><D20/><U107/><E59/><N who="3" m="22538" /><G83/><T116/><D35/><N who="1" m="20871" /><E49/><AGARI ba="0,0" hai="22,25,30,42,44,49,76,77,96,97,98" m="22538" machi="49" ten="30,1000,0" yaku="8,1" doraHai="125" who="3" fromWho="1" sc="485,0,186,-10,129,0,200,10" /><INIT seed="3,0,0,1,3,72" ten="485,176,129,210" oya="3" hai0="24,80,4,89,128,66,130,54,44,90,103,13,91" hai1="109,132,79,15,85,71,14,63,43,28,75,16,86" hai2="49,27,84,78,83,113,29,70,50,41,98,111,38" hai3="73,52,69,100,123,133,11,124,17,105,35,97,82"/><W74/><G69/><T59/><D103/><U135/><E28/><V31/><F113/><W116/><G35/><T81/><D66/><N who="1" m="41439" /><E43/><V126/><F111/><W77/><G123/><T30/><D44/><U60/><E60/><V5/><F126/><W114/><G116/><T53/><D4/><U21/><E15/><V68/><F5/><W120/><G120/><T7/><D7/><U22/><E22/><V125/><F125/><W110/><G17/><T115/><D13/><U23/><E23/><V45/><F31/><W6/><G11/><T67/><D128/><U106/><E106/><V19/><F19/><W18/><G6/><T99/><D99/><U36/><E36/><V101/><F68/><W0/><G97/><T76/><D80/><N who="1" m="45183" /><E109/><V65/><F65/><W131/><G105/><T2/><D2/><U10/><E10/><V112/><F112/><W134/><G0/><T47/><D47/><U127/><E127/><V88/><F70/><W121/><G124/><T1/><D59/><U96/><E96/><V92/><F101/><W8/><G100/><T42/><D1/><U104/><E104/><V40/><REACH who="2" step="1"/><F41/><REACH who="2" ten="485,176,119,210" step="2"/><W95/><G110/><T58/><D42/><U94/><E16/><V118/><F118/><W9/><G18/><T48/><D30/><U119/><E119/><V26/><F26/><W51/><G114/><T32/><D115/><U87/><E14/><V122/><F122/><W108/><G108/><T129/><D24/><U93/><E21/><AGARI ba="0,1" hai="21,27,29,38,40,45,49,50,78,83,84,88,92,98" machi="21" ten="30,7700,0" yaku="1,1,7,1,52,1,54,1,53,0" doraHai="72" doraHaiUra="57" who="2" fromWho="1" sc="485,0,176,-77,119,87,210,0" owari="485,58.5,99,-40.1,206,-19.4,210,1.0" /></mjloggm>