<mjloggm ver="2.3"><GO type="225" lobby="0"/><UN n0="%E3%82%BC%E3%83%AB%E3%83%80%E3%81%AE%E4%BC%9D%E8%AA%AC" n1="%E5%8D%A0%E3%81%84%E5%B8%AB%E8%A3%8F%E3%81%AA%E3%81%84%E3%81%97" n2="%43%68%65" n3="%E6%AF%9B%E8%8D%92%E3%82%8C%E3%83%BB%E3%82%B9%E3%83%9F%E3%82%B9" dan="17,16,16,16" rate="2217.80,2145.01,2143.25,2032.47" sx="M,M,M,F"/><TAIKYOKU oya="0"/><INIT seed="0,0,0,3,4,133" ten="250,250,250,250" oya="0" hai0="60,130,64,104,78,122,54,13,41,82,63,50,99" hai1="81,87,52,11,124,39,108,14,46,103,28,115,71" hai2="110,83,85,16,7,89,30,21,26,96,34,3,123" hai3="24,135,61,15,2,117,0,65,98,36,8,105,94"/><T59/><D122/><U47/><E108/><V12/><F110/><W97/><G135/><T40/><D130/><U66/><E39/><V23/><F123/><W29/><G117/><T53/><D104/><U127/><E115/><V125/><F96/><W70/><G36/><T9/><D99/><U101/><E28/><V38/><F23/><W45/><G45/><T132/><D132/><U58/><E66/><V111/><F38/><W69/><G70/><T100/><D100/><N who="1" m="38475" /><E71/><V75/><F111/><W48/><G48/><T55/><D63/><N who="1" m="36295" /><E14/><V116/><F75/><W27/><G98/><T102/><D102/><U44/><E11/><N who="2" m="2559" /><F116/><W120/><G105/><T95/><D95/><U62/><E62/><V114/><F114/><W31/><G120/><T126/><D41/><U91/><E46/><V93/><F93/><W72/><G72/><T119/><D119/><U131/><E131/><V25/><F26/><W84/><G97/><T134/><D134/><U73/><E73/><V107/><F107/><W42/><G42/><T22/><D9/><U49/><E49/><V113/><F113/><W19/><G27/><T74/><D40/><U10/><E10/><V80/><F80/><W1/><REACH who="3" step="1"/><G24/><REACH who="3" ten="250,250,250,240" step="2"/><T67/><D50/><U37/><E37/><V6/><F6/><W121/><G121/><T86/><D74/><U92/><E44/><V33/><F33/><W90/><AGARI ba="0,1" hai="0,1,2,8,15,19,29,31,61,65,69,84,90,94" machi="90" ten="40,2700,0" yaku="1,1,0,1,53,0" doraHai="133" doraHaiUra="68" who="3" fromWho="3" sc="250,-13,250,-7,250,-7,240,37" /><INIT seed="1,0,0,4,0,88" ten="237,243,243,277" oya="1" hai0="112,107,2,61,12,23,128,36,92,99,85,80,68" hai1="30,42,40,119,83,125,69,31,93,130,0,74,28" hai2="48,87,5,51,95,55,65,66,10,18,7,1,41" hai3="98,52,54,122,26,27,134,96,81,91,39,56,73"/><U89/><E119/><V14/><F41/><W45/><G122/><T118/><D112/><U32/><E69/><V113/><F113/><W71/><G71/><T47/><D2/><U84/><E32/><V100/><F51/><N who="3" m="28783" /><G73/><T25/><D118/><U21/><E125/><V8/><F18/><W109/><G39/><T44/><D128/><U126/><E126/><V35/><F35/><W105/><G105/><T132/><D132/><U9/><E130/><V129/><F129/><W103/><G109/><T59/><D107/><U3/><E21/><V19/><F19/><W57/><G134/><T102/><D12/><U76/><REACH who="1" step="1"/><E3/><REACH who="1" ten="237,233,243,277" step="2"/><V121/><F121/><W62/><G57/><T17/><D68/><U16/><E16/><V127/><F127/><W13/><G13/><T22/><D23/><U46/><E46/><V70/><F70/><W37/><G37/><T106/><D36/><U82/><E82/><V135/><F135/><W53/><G26/><T33/><D33/><U123/><E123/><V116/><F116/><W64/><G27/><T67/><REACH who="0" step="1"/><D106/><REACH who="0" ten="227,233,243,277" step="2"/><U94/><E94/><V43/><F95/><N who="3" m="58783" /><G81/><T97/><D97/><U75/><E75/><V58/><F1/><W86/><G98/><T24/><D24/><U133/><E133/><V90/><F14/><W11/><G11/><T20/><D20/><U49/><E49/><V110/><F10/><W72/><G72/><T101/><D101/><U115/><E115/><V124/><F100/><W131/><G131/><T114/><D114/><U15/><E15/><N who="2" m="5519" /><F124/><W117/><G117/><T6/><D6/><AGARI ba="0,2" hai="0,6,9,28,30,31,40,42,74,76,83,84,89,93" machi="6" ten="40,7700,0" yaku="1,1,52,1,53,1" doraHai="88" doraHaiUra="79" who="1" fromWho="0" sc="227,-77,233,97,243,0,277,0" /><INIT seed="1,1,0,3,0,30" ten="150,330,243,277" oya="1" hai0="58,95,32,115,72,124,0,16,61,11,25,20,70" hai1="105,60,104,131,63,55,51,110,7,34,97,85,10" hai2="52,96,101,14,128,98,120,91,99,123,2,89,31" hai3="78,36,45,38,69,66,111,73,12,102,86,21,27"/><U54/><E131/><V79/><F2/><W50/><G111/><T46/><D124/><U6/><E110/><V94/><F128/><W90/><G102/><T121/><D115/><U129/><E129/><V132/><F31/><W23/><G73/><T57/><D121/><U82/><E97/><V83/><F14/><W112/><G112/><T13/><D72/><U113/><E113/><V122/><F132/><W44/><G78/><T15/><D15/><U42/><E42/><V9/><F9/><W134/><G134/><T22/><D22/><U41/><E41/><V130/><F130/><W87/><G12/><T3/><D46/><U59/><E34/><V114/><F114/><W77/><G77/><T127/><D127/><U119/><E60/><V5/><F5/><W107/><G107/><T109/><D109/><U29/><E29/><V1/><F1/><W49/><G66/><T17/><D32/><U117/><E6/><V43/><F52/><W8/><G69/><T75/><D75/><U67/><E55/><V48/><F48/><W28/><G8/><T35/><D35/><U71/><E119/><V84/><F43/><N who="3" m="24735" /><G21/><T106/><D106/><U88/><REACH who="1" step="1"/><E117/><REACH who="1" ten="150,320,243,277" step="2"/><V65/><F65/><W100/><G28/><T37/><D61/><U133/><E133/><V103/><F99/><W56/><G36/><T4/><D37/><U116/><E116/><V47/><F47/><W39/><G38/><T135/><D135/><U126/><E126/><V92/><AGARI ba="1,1" hai="79,83,84,89,91,92,94,96,98,101,103,120,122,123" machi="92" ten="40,8000,1" yaku="0,1,9,1,34,3" doraHai="30" who="2" fromWho="2" sc="150,-21,320,-41,243,93,277,-21" /><INIT seed="2,0,0,5,2,131" ten="129,279,336,256" oya="2" hai0="101,11,114,79,103,23,91,71,107,35,14,113,99" hai1="96,116,118,46,108,89,6,19,38,105,42,88,53" hai2="73,27,120,0,39,50,112,70,93,47,55,84,67" hai3="100,127,12,65,119,85,72,110,123,16,7,111,94"/><V134/><F112/><W60/><G119/><T90/><D35/><U24/><E108/><N who="3" m="41514" /><G123/><T22/><D71/><U28/><E6/><V117/><F117/><W10/><G127/><T3/><D3/><U51/><E118/><V45/><F73/><W78/><G72/><T8/><D14/><U62/><E19/><V122/><F0/><W18/><G100/><T64/><D99/><U109/><E109/><V37/><F27/><W135/><G135/><T40/><D40/><U75/><E75/><V76/><F93/><W52/><G52/><T32/><D32/><U92/><E105/><V31/><F31/><W59/><G94/><T44/><D44/><U68/><E116/><V56/><F84/><W5/><G5/><T133/><D64/><U58/><E38/><N who="2" m="14347" /><F76/><W54/><G65/><T26/><D26/><U43/><E68/><V124/><F124/><W1/><G1/><T29/><D29/><U66/><REACH who="1" step="1"/><E89/><REACH who="1" ten="129,269,336,256" step="2"/><V128/><F70/><W17/><G18/><T41/><D79/><U86/><E86/><V115/><F120/><W30/><G30/><T98/><D98/><U77/><E77/><V69/><F122/><W130/><G130/><T106/><REACH who="0" step="1"/><D41/><REACH who="0" ten="119,269,336,256" step="2"/><U15/><E15/><V82/><F69/><W132/><G12/><T74/><D74/><U34/><AGARI ba="0,2" hai="24,28,34,42,43,46,51,53,58,62,66,88,92,96" machi="34" ten="20,5200,0" yaku="1,1,0,1,7,1,54,1,53,0" doraHai="131" doraHaiUra="81" who="1" fromWho="1" sc="119,-13,269,72,336,-26,256,-13" /><INIT seed="3,0,0,5,0,85" ten="106,341,310,243" oya="3" hai0="68,58,117,63,64,47,11,54,36,98,72,92,6" hai1="32,128,82,57,12,106,99,4,101,129,20,75,7" hai2="73,118,78,108,104,114,16,18,97,3,112,23,50" hai3="26,119,84,123,38,46,9,49,133,74,34,24,83"/><W37/><G119/><T13/><D117/><U126/><E32/><V61/><F118/><W0/><G123/><T134/><D134/><U10/><E126/><V15/><F108/><W110/><G133/><T42/><D72/><U66/><E20/><V69/><F3/><W127/><G127/><T120/><D120/><U81/><E4/><V21/><F50/><W113/><G113/><T131/><D131/><N who="1" m="50251" /><E75/><V88/><F78/><W80/><G110/><T14/><D11/><U22/><E22/><V86/><F73/><W124/><G124/><T44/><D44/><U125/><E125/><V39/><F39/><W41/><G74/><T103/><REACH who="0" step="1"/><D6/><REACH who="0" ten="96,341,310,243" step="2"/><U71/><E7/><V116/><F116/><W79/><G9/><T94/><D94/><U30/><E10/><V93/><F104/><W52/><G83/><T121/><D121/><U8/><E82/><V2/><F2/><W51/><G0/><T67/><D67/><U55/><E66/><V132/><F132/><W53/><G41/><T59/><D59/><U27/><E81/><V77/><F69/><W111/><G111/><T33/><D33/><N who="1" m="20703" /><E71/><V31/><F114/><W87/><G34/><T25/><D25/><U60/><E8/><V115/><F115/><W19/><G24/><T130/><D130/><U70/><E70/><V43/><F112/><W1/><G1/><T90/><D90/><U40/><E40/><V56/><F43/><W100/><G26/><T17/><D17/><U122/><E122/><V29/><F29/><W96/><G19/><T76/><D76/><U89/><E89/><N who="2" m="55471" /><F77/><W48/><G79/><RYUUKYOKU ba="0,1" sc="96,15,341,15,310,-15,243,-15" hai0="13,14,36,42,47,54,58,63,64,68,92,98,103" hai1="12,55,57,60,99,101,106" owari="111,-38.9,366,46.6,295,9.5,228,-17.2" /></mjloggm>