<mjloggm ver="2.3"><GO type="225" lobby="0"/><UN n0="%E3%82%BC%E3%83%AB%E3%83%80%E3%81%AE%E4%BC%9D%E8%AA%AC" n1="%E5%AF%82%E5%AF%9E%E3%82%AE%E3%83%8D%E3%82%B9%E3%83%93%E3%83%BC%E3%83%AB" n2="%54%4F%52" n3="%48%61%61%61%6C%61%6E%64" dan="16,16,17,17" rate="2117.42,2144.94,2250.63,2226.16" sx="M,M,M,M"/><TAIKYOKU oya="0"/><INIT seed="0,0,0,3,3,43" ten="250,250,250,250" oya="0" hai0="23,9,126,125,44,134,20,118,1,8,31,60,39" hai1="13,18,103,32,67,81,124,52,127,68,42,114,135" hai2="89,0,35,75,119,37,45,28,98,112,53,21,50" hai3="36,130,121,116,71,34,106,4,27,111,90,97,123"/><T25/><D118/><U3/><E32/><V115/><F119/><W22/><G116/><T15/><D60/><N who="1" m="40039" /><E3/><V58/><F35/><W122/><G111/><T57/><D57/><U109/><E103/><V83/><F0/><W93/><G130/><T14/><D39/><U131/><E42/><V73/><F37/><W5/><G36/><T128/><D44/><U88/><E109/><V76/><F73/><W80/><G34/><T101/><D101/><U99/><E131/><V110/><F110/><W40/><G40/><T79/><D79/><U54/><E135/><V64/><F64/><W26/><G71/><T78/><D78/><U102/><E114/><V65/><F65/><W30/><G106/><T72/><D72/><U51/><E102/><V12/><F58/><W55/><G80/><T62/><D62/><U100/><E100/><V108/><F108/><W24/><G55/><T129/><D1/><U117/><E117/><V33/><F33/><N who="3" m="20679" /><G27/><T92/><D92/><N who="1" m="56711" /><E81/><V16/><REACH who="2" step="1"/><F28/><AGARI ba="0,0" hai="4,5,22,26,28,90,93,97,121,122,123" m="20679" machi="28" ten="30,1000,0" yaku="13,1" doraHai="43" who="3" fromWho="2" sc="250,0,250,0,250,-10,250,10" /><INIT seed="1,0,0,1,1,102" ten="250,250,240,260" oya="1" hai0="56,131,88,80,23,74,42,130,35,36,115,129,24" hai1="133,16,108,105,90,78,84,122,21,67,6,128,2" hai2="127,44,91,9,47,85,20,15,109,92,116,39,118" hai3="77,66,120,8,46,94,25,51,104,22,41,27,28"/><U126/><E122/><V75/><F109/><W4/><G120/><T71/><D71/><U34/><E34/><V103/><F127/><W26/><G104/><T101/><D115/><U95/><E126/><V83/><F20/><W63/><G77/><T54/><D101/><U111/><E128/><V69/><F69/><W58/><REACH who="3" step="1"/><G94/><REACH who="3" ten="250,250,240,250" step="2"/><T125/><D125/><U14/><E78/><V11/><F92/><W19/><G19/><T96/><D129/><U99/><E133/><V87/><F116/><W123/><G123/><T64/><D131/><U93/><E105/><V112/><F118/><W38/><G38/><T79/><D36/><U45/><E67/><V55/><F39/><W98/><G98/><T37/><D96/><U50/><E95/><V107/><F107/><W76/><G76/><T134/><D64/><U13/><E99/><V7/><F103/><W59/><G59/><T10/><D56/><U29/><E29/><V61/><F112/><W60/><G60/><T5/><D134/><U114/><E114/><V68/><F61/><W17/><G17/><T132/><D132/><U18/><E6/><V52/><F68/><W65/><G65/><T110/><D130/><U106/><E106/><V121/><F121/><W89/><G89/><T57/><D88/><U12/><E18/><V40/><F91/><W135/><G135/><T30/><D37/><U73/><E93/><V3/><F7/><W33/><G33/><T53/><D35/><U62/><E90/><V70/><F70/><W43/><G43/><T97/><D79/><U124/><E124/><V49/><F40/><RYUUKYOKU ba="0,1" sc="250,-10,250,-10,240,-10,250,30" hai3="4,8,22,25,26,27,28,41,46,51,58,63,66" /><INIT seed="2,1,1,3,1,16" ten="240,240,230,280" oya="2" hai0="97,41,83,93,94,4,133,117,3,104,134,69,73" hai1="24,71,19,135,120,10,44,75,22,127,132,74,33" hai2="60,86,79,37,102,14,51,47,17,42,125,59,1" hai3="12,119,64,96,56,27,0,77,129,131,85,126,29"/><V70/><F1/><W62/><G0/><T99/><D69/><U39/><E71/><V49/><F125/><W43/><G119/><T84/><D41/><N who="1" m="22591" /><E127/><V54/><F102/><W72/><G126/><T76/><D4/><U81/><E33/><V57/><F57/><W98/><G72/><T67/><D67/><U78/><E120/><V48/><F79/><W89/><G43/><T8/><D8/><U58/><E10/><V110/><F86/><W115/><G115/><T35/><D35/><U88/><E58/><V15/><F110/><W92/><G12/><T7/><D7/><U63/><E63/><V101/><F101/><W9/><G9/><T112/><D3/><U46/><E46/><V95/><F95/><N who="0" m="36362" /><D112/><U91/><E75/><V18/><F17/><W116/><G116/><T121/><D117/><U6/><E6/><V123/><F123/><W38/><G38/><T107/><D121/><U66/><E66/><N who="2" m="41287" /><F14/><W2/><G2/><T30/><D30/><U80/><E80/><V100/><F100/><W25/><G64/><T55/><D55/><U40/><E40/><V52/><F54/><W103/><G103/><N who="0" m="62575" /><D73/><U13/><E13/><V118/><F118/><W82/><G62/><T128/><D128/><U130/><E130/><V34/><F34/><W124/><G124/><T32/><D32/><U68/><E68/><V65/><F65/><W61/><G129/><T45/><D45/><U50/><E50/><V53/><F53/><N who="3" m="33935" /><G131/><T28/><D28/><U109/><E109/><V21/><AGARI ba="1,1" hai="15,18,21,37,42,47,48,49,51,52,59" m="41287" machi="21" ten="30,6000,0" yaku="24,1,52,1,54,1" doraHai="16" who="2" fromWho="2" sc="240,-21,240,-21,230,73,280,-21" /><INIT seed="2,2,0,5,0,73" ten="219,219,303,259" oya="2" hai0="114,21,75,87,77,41,67,119,134,90,46,33,71" hai1="113,7,127,70,94,12,96,110,82,132,125,65,11" hai2="34,10,17,60,27,102,44,80,42,95,104,74,123" hai3="18,107,45,1,32,39,115,23,76,85,47,29,53"/><V43/><F123/><W37/><G107/><T103/><D33/><U97/><E113/><V9/><F104/><W16/><G1/><T72/><D114/><U49/><E110/><V13/><F10/><W0/><G0/><T83/><D134/><U68/><E132/><V99/><F60/><W84/><G115/><T86/><D119/><U6/><E6/><V92/><F92/><W62/><G32/><T124/><D124/><N who="1" m="47691" /><E65/><V98/><F98/><N who="1" m="37993" /><E94/><V61/><F61/><W40/><G62/><T38/><D103/><U89/><E49/><V66/><F66/><W129/><G37/><T130/><D130/><U58/><E58/><V121/><F121/><W79/><G129/><T5/><D5/><U50/><E50/><V106/><F106/><W54/><G39/><T118/><D118/><U91/><E82/><V14/><F14/><W3/><G3/><T122/><D122/><U30/><E30/><V88/><F44/><W51/><G51/><T20/><D67/><U19/><E7/><V100/><F100/><W64/><G64/><T2/><D2/><U56/><E56/><V117/><F117/><W63/><G63/><T111/><D111/><U52/><E52/><V133/><F133/><W57/><G57/><T93/><REACH who="0" step="1"/><D71/><AGARI ba="2,0" hai="11,12,19,68,70,71,89,91" m="37993,47691" machi="71" ten="30,1000,0" yaku="18,1" doraHai="73" who="1" fromWho="0" sc="219,-16,219,16,303,0,259,0" /><INIT seed="3,0,0,2,0,95" ten="203,235,303,259" oya="3" hai0="22,128,117,43,129,126,82,1,70,107,134,68,112" hai1="33,110,2,83,11,115,102,32,48,3,69,114,58" hai2="10,52,60,4,97,59,35,57,20,73,104,36,26" hai3="127,89,29,74,113,21,124,55,0,27,47,105,18"/><W78/><G113/><T72/><RYUUKYOKU type="yao9" ba="0,0" sc="203,0,235,0,303,0,259,0" hai0="1,22,43,68,70,72,82,107,112,117,126,128,129,134" /><INIT seed="3,1,0,3,5,17" ten="203,235,303,259" oya="3" hai0="84,99,127,113,120,64,130,34,79,27,8,115,131" hai1="30,82,55,121,111,135,13,49,119,10,98,65,75" hai2="96,2,112,9,66,70,7,41,37,88,29,71,54" hai3="22,132,114,21,53,124,77,32,74,76,56,118,35"/><W46/><G114/><N who="0" m="43531" /><D64/><U33/><E121/><V40/><F112/><W93/><G118/><T85/><D34/><U51/><E119/><V80/><F29/><W123/><G123/><T3/><D120/><U61/><E111/><V72/><F54/><W68/><G68/><T57/><D57/><U28/><E33/><V62/><F71/><W102/><G124/><T12/><D3/><U94/><E135/><V105/><F37/><W23/><G132/><T117/><D117/><U89/><E75/><V86/><REACH who="2" step="1"/><F72/><REACH who="2" ten="203,235,293,259" step="2"/><W110/><G74/><T5/><D127/><U78/><E55/><V122/><F122/><W11/><G53/><T48/><D48/><U81/><E51/><V134/><F134/><W108/><G110/><T16/><D99/><U91/><E49/><V36/><F36/><W60/><G108/><T42/><D42/><U104/><E65/><V125/><F125/><W18/><G60/><T83/><D85/><U1/><E61/><V15/><F15/><W50/><G50/><T100/><D100/><AGARI ba="1,1" hai="2,7,9,40,41,62,66,70,80,86,88,96,100,105" machi="100" ten="40,2600,0" yaku="1,1,54,1,53,0" doraHai="17" doraHaiUra="106" who="2" fromWho="0" sc="203,-29,235,0,293,39,259,0" owari="174,-32.6,235,-16.5,332,43.2,259,5.9" /></mjloggm>