<mjloggm ver="2.3"><GO type="225" lobby="0"/><UN n0="%E6%98%BC%E4%B8%8B%E3%81%8C%E3%82%8A%E3%81%AE%E5%9B%A3%E5%9C%B0%E5%A6%BB" n1="%E3%82%B3%E3%83%90%E3%83%AC%E3%82%A4" n2="%E3%81%BF%E3%81%BF%E3%81%9A" n3="%E3%81%A4%E3%81%A3%E3%81%B1%E3%82%8A%E3%83%9D%E3%83%BC%E3%83%AB" dan="16,16,18,17" rate="2154.60,2112.90,2258.67,2231.98" sx="F,M,M,M"/><TAIKYOKU oya="0"/><INIT seed="0,0,0,2,0,135" ten="250,250,250,250" oya="0" hai0="121,47,65,14,129,2,49,99,42,70,122,82,13" hai1="36,130,16,7,67,125,41,76,6,9,64,103,115" hai2="51,23,69,58,106,0,52,10,123,77,96,28,124" hai3="57,5,56,73,85,107,31,27,90,102,54,89,26"/><T37/><D2/><U50/><E115/><V35/><F123/><W95/><G73/><T101/><D129/><U80/><E36/><V63/><F77/><W128/><G128/><T134/><D134/><U88/><E103/><N who="2" m="62823" /><F23/><W93/><G5/><N who="1" m="1546" /><E76/><V78/><F10/><W45/><G102/><T38/><D38/><U61/><E61/><V59/><F78/><W79/><G107/><T81/><D37/><U100/><E100/><V34/><F34/><W15/><G15/><T133/><D133/><U11/><E11/><V71/><F71/><W126/><G126/><T19/><D13/><N who="1" m="7215" /><E125/><V83/><F83/><W4/><G4/><T104/><D122/><U98/><E130/><V8/><F8/><W40/><G79/><T111/><D121/><U53/><E41/><V33/><F33/><W22/><G40/><T94/><D104/><U20/><E20/><V72/><F72/><W87/><REACH who="3" step="1"/><G27/><REACH who="3" ten="250,250,250,240" step="2"/><T29/><D42/><U127/><E127/><V112/><F124/><W39/><G39/><T30/><D101/><U114/><E114/><V60/><F112/><W66/><G66/><T117/><D65/><U113/><E113/><V74/><F74/><W86/><G86/><T132/><D132/><U1/><E1/><V18/><F0/><W110/><G110/><T25/><D111/><U75/><E75/><V119/><F119/><W105/><G105/><T108/><D108/><U17/><E67/><N who="2" m="39319" /><F69/><W120/><G120/><T55/><D70/><U43/><E64/><V48/><F18/><W91/><G91/><T109/><D109/><U92/><E17/><V21/><F21/><RYUUKYOKU ba="0,1" sc="250,-15,250,-15,250,15,240,15" hai2="28,35,48,51,52,59,63" hai3="22,26,31,45,54,56,57,85,87,89,90,93,95" /><INIT seed="1,1,1,4,3,59" ten="235,235,265,255" oya="1" hai0="7,112,35,109,107,114,74,83,108,64,128,62,132" hai1="40,80,18,127,49,87,48,65,96,120,17,29,50" hai2="124,0,89,4,42,116,103,34,121,51,78,61,8" hai3="88,32,118,16,39,21,106,12,100,92,44,10,126"/><U69/><E120/><V81/><F116/><W41/><G32/><T115/><D35/><U60/><E127/><V6/><F121/><W131/><G126/><T113/><D113/><U71/><E40/><V31/><F124/><W1/><G118/><T111/><D107/><U79/><E69/><V26/><F103/><W63/><G131/><T130/><D7/><U66/><E66/><V75/><F6/><W27/><G1/><T20/><D20/><U90/><E29/><V67/><F89/><W13/><G100/><T97/><D97/><U38/><E38/><V22/><F51/><W52/><G106/><T70/><D132/><U95/><AGARI ba="1,1" hai="17,18,48,49,50,60,65,71,79,80,87,90,95,96" machi="95" ten="30,3000,0" yaku="0,1,52,1" doraHai="59" who="1" fromWho="1" sc="235,-11,235,43,265,-11,255,-11" /><INIT seed="1,2,0,0,4,29" ten="224,278,254,244" oya="1" hai0="43,122,96,112,69,36,98,19,72,71,60,84,61" hai1="105,65,21,56,119,91,117,118,42,74,102,121,0" hai2="101,78,90,135,92,13,66,8,17,133,52,3,55" hai3="128,85,22,79,67,129,108,54,64,12,116,35,134"/><U107/><E0/><V82/><F101/><W4/><G108/><T131/><D112/><U25/><E74/><N who="2" m="43351" /><F66/><W57/><G134/><N who="2" m="51209" /><F3/><W89/><G79/><T38/><D72/><U97/><E121/><V81/><F81/><N who="3" m="49327" /><G35/><T63/><D122/><U30/><E42/><V14/><F14/><W111/><G111/><T16/><D43/><U40/><E40/><V80/><F80/><W100/><G100/><T114/><D114/><U132/><E132/><V68/><F68/><W41/><G41/><T110/><D110/><U73/><E73/><V33/><F33/><W104/><G104/><T34/><D34/><U126/><E91/><V120/><F120/><W58/><G116/><T77/><D77/><U27/><E27/><V6/><F6/><W1/><G1/><T10/><D36/><U49/><E126/><V39/><F39/><W88/><G88/><T46/><D38/><U125/><E125/><V9/><F8/><N who="3" m="4103" /><G22/><T2/><D2/><U31/><E31/><V62/><F62/><N who="3" m="36151" /><G129/><T18/><D131/><U45/><E107/><V15/><F15/><W70/><G70/><T28/><D28/><U86/><E117/><V24/><F24/><W53/><G128/><T95/><D10/><U20/><E118/><V23/><F23/><W83/><G83/><T113/><D113/><U123/><E123/><V47/><F47/><W48/><AGARI ba="2,0" hai="48,53,58,64,67" m="36151,4103,49327" machi="48" ten="30,1100,0" yaku="8,1" doraHai="29" who="3" fromWho="3" sc="224,-5,278,-7,254,-5,244,17" /><INIT seed="2,0,0,5,0,64" ten="219,271,249,261" oya="2" hai0="83,71,60,130,33,1,46,102,51,44,112,104,96" hai1="12,15,3,9,114,97,65,98,123,103,121,26,11" hai2="53,37,57,32,4,86,93,108,7,39,115,113,54" hai3="90,50,41,135,87,75,124,127,24,43,5,133,31"/><V25/><F32/><W27/><G75/><T49/><D112/><U94/><E114/><V118/><F25/><N who="3" m="9803" /><G5/><T134/><D33/><U126/><E126/><N who="3" m="48170" /><G31/><T0/><D134/><N who="3" m="51209" /><G50/><T69/><D130/><U45/><E45/><V125/><F125/><W116/><G116/><T92/><D104/><U128/><E128/><V58/><F118/><W81/><AGARI ba="0,0" hai="41,43,81,87,90" m="51209,48170,9803" machi="81" ten="40,2700,0" yaku="18,1,20,1" doraHai="64" who="3" fromWho="3" sc="219,-7,271,-7,249,-13,261,27" /><INIT seed="3,0,0,5,4,11" ten="212,264,236,288" oya="3" hai0="130,91,111,44,42,23,30,118,77,95,84,25,88" hai1="135,47,109,54,55,52,43,56,104,40,46,122,124" hai2="10,24,39,112,17,29,65,101,66,92,134,36,105" hai3="6,100,82,18,123,78,70,62,34,116,28,20,53"/><W8/><G123/><T117/><D111/><U86/><E104/><V58/><F112/><W27/><G116/><T129/><D77/><U67/><E122/><V81/><F105/><W79/><G100/><T45/><D45/><N who="1" m="16907" /><E109/><V103/><F134/><W128/><G128/><N who="0" m="49259" /><D91/><U19/><E135/><V15/><F81/><W110/><G110/><T114/><D114/><U41/><E86/><V61/><F66/><N who="3" m="41303" /><G53/><N who="1" m="20586" /><E19/><V4/><F17/><W132/><G82/><T21/><D23/><U35/><E35/><V16/><F4/><W32/><G32/><T37/><AGARI ba="0,0" hai="21,25,30,37,42,44,84,88,95,117,118" m="49259" machi="37" ten="30,2000,0" yaku="19,1,54,1" doraHai="11" who="0" fromWho="0" sc="212,20,264,-5,236,-5,288,-10" /><INIT seed="4,0,0,0,5,118" ten="232,259,231,278" oya="0" hai0="5,79,113,21,44,88,130,40,114,116,85,54,135" hai1="122,3,71,11,49,55,108,100,47,32,38,84,26" hai2="59,125,16,56,4,121,75,87,105,17,112,128,98" hai3="131,91,86,104,51,52,18,117,15,33,107,27,30"/><T97/><D116/><U72/><E72/><V36/><F75/><W81/><G131/><T106/><D130/><U82/><E108/><V92/><F128/><W43/><G43/><T25/><D5/><U20/><E32/><V101/><F36/><W8/><REACH who="3" step="1"/><G117/><REACH who="3" ten="232,259,231,268" step="2"/><T23/><D135/><U96/><E38/><V69/><F121/><W89/><G89/><T62/><D79/><U73/><E122/><V99/><F112/><W14/><G14/><T127/><D113/><U60/><E3/><V35/><F125/><W2/><G2/><T77/><D114/><U42/><E42/><V102/><F102/><W22/><G22/><T93/><D127/><U129/><E129/><V120/><F120/><W61/><G61/><T126/><D126/><U53/><E11/><V70/><F101/><W78/><G78/><T46/><D21/><U90/><E20/><V67/><F35/><W66/><G66/><T10/><D10/><U6/><E100/><V63/><F67/><W111/><G111/><T12/><D12/><U132/><E60/><V9/><F63/><W76/><G76/><T124/><D124/><U50/><E90/><V45/><F9/><W57/><AGARI ba="0,1" hai="8,15,18,27,30,33,51,52,57,81,86,91,104,107" machi="57" ten="20,5200,0" yaku="1,1,0,1,7,1,54,1,53,0" doraHai="118" doraHaiUra="133" who="3" fromWho="3" sc="232,-26,259,-13,231,-13,268,62" owari="206,-29.4,246,4.6,218,-18.2,330,43.0" /></mjloggm>