<mjloggm ver="2.3"><GO type="225" lobby="0"/><UN n0="%E3%83%A9%E3%83%BC%E3%83%A1%E3%83%B3%E4%BA%94%E9%83%8E" n1="%E5%8F%AF%E5%85%90%E9%82%A3%E7%94%B1%E5%A4%9A" n2="%E3%82%B7%E3%83%B3%E5%A4%AA%E6%9C%97" n3="%E3%81%86%E3%83%BC%E3%81%B1%E3%83%BC" dan="16,16,16,16" rate="2076.07,2184.92,2133.15,2156.76" sx="M,F,M,F"/><TAIKYOKU oya="0"/><INIT seed="0,0,0,3,4,95" ten="250,250,250,250" oya="0" hai0="59,7,126,89,20,105,72,90,22,2,55,77,97" hai1="23,78,119,50,36,88,112,96,66,26,53,37,13" hai2="81,18,24,133,74,86,117,84,5,118,67,33,125" hai3="107,99,111,109,27,49,73,127,25,54,21,11,42"/><T12/><D2/><U104/><E119/><N who="2" m="45579" /><F133/><W75/><G42/><T70/><D70/><U29/><E112/><V101/><F125/><W43/><G11/><T129/><D126/><U121/><E121/><V6/><F67/><W103/><G43/><T52/><D129/><U48/><E66/><V61/><F61/><W79/><G127/><T1/><D1/><U71/><E71/><V38/><F38/><W44/><G27/><T64/><D105/><U15/><E78/><N who="2" m="44247" /><F101/><W91/><G91/><T14/><D72/><U98/><E36/><V94/><F94/><W100/><G103/><T60/><D77/><U45/><E37/><V62/><F62/><W131/><G131/><T69/><D89/><U58/><E104/><V87/><F18/><N who="3" m="12471" /><G79/><T16/><D69/><U132/><E132/><V130/><F130/><W41/><G41/><T115/><D115/><U76/><E76/><V123/><F123/><W34/><G34/><T32/><D32/><U63/><E63/><V102/><F102/><W110/><AGARI ba="0,0" hai="44,49,54,73,75,99,100,107,109,110,111" m="12471" machi="110" ten="30,2000,0" yaku="14,1,52,1" doraHai="95" who="3" fromWho="3" sc="250,-10,250,-5,250,-5,250,20" /><INIT seed="1,0,0,1,3,78" ten="240,245,245,270" oya="1" hai0="39,81,108,58,70,30,60,128,112,59,80,45,5" hai1="65,85,98,87,3,110,77,105,131,127,129,62,71" hai2="24,42,12,100,14,106,99,122,101,17,36,33,73" hai3="23,111,55,53,47,25,40,114,9,93,44,0,96"/><U72/><E3/><V6/><F122/><W130/><G114/><T83/><D112/><U79/><E127/><V76/><F101/><W31/><G111/><T104/><D104/><U1/><E1/><V15/><F6/><W61/><G130/><N who="1" m="49674" /><E110/><V113/><F113/><W115/><G115/><T51/><D108/><U35/><E35/><V28/><F42/><W26/><G26/><T89/><D128/><U84/><E72/><V19/><REACH who="2" step="1"/><F36/><REACH who="2" ten="240,245,235,270" step="2"/><W132/><G40/><N who="0" m="24999" /><D39/><U11/><E11/><V123/><F123/><W102/><G9/><T75/><D75/><U117/><E117/><V119/><F119/><W29/><G0/><T63/><D70/><U68/><E71/><V88/><F88/><N who="3" m="55335" /><G132/><T20/><D5/><U118/><E118/><V2/><F2/><W16/><G102/><AGARI ba="0,1" hai="62,65,68,77,79,84,85,87,98,102,105" m="49674" machi="102" ten="30,1500,0" yaku="19,1" doraHai="78" who="1" fromWho="3" sc="240,0,245,25,235,0,270,-15" /><INIT seed="1,1,0,2,2,52" ten="240,270,235,255" oya="1" hai0="90,107,23,115,46,75,51,9,66,53,32,7,110" hai1="96,20,134,77,50,89,3,74,95,101,87,16,28" hai2="44,103,19,114,133,6,17,128,116,78,64,45,91" hai3="84,98,113,97,68,121,1,118,99,129,14,27,4"/><U48/><E134/><V56/><F116/><W55/><G121/><T11/><D115/><U88/><E3/><V40/><F114/><W62/><G113/><T72/><D32/><U0/><E0/><V59/><F133/><W86/><G1/><T93/><D107/><U65/><E28/><V8/><F128/><W24/><G129/><T60/><D23/><U94/><E65/><V42/><F103/><W67/><G55/><T120/><D110/><U38/><E38/><V112/><F78/><W15/><G14/><T100/><D100/><U111/><E111/><V130/><F64/><W29/><G27/><T102/><D102/><U81/><REACH who="1" step="1"/><E101/><REACH who="1" ten="240,260,235,255" step="2"/><V13/><F130/><W5/><G118/><T12/><D120/><U71/><E71/><V122/><F122/><W61/><G68/><T119/><D119/><U125/><E125/><V39/><F112/><W132/><G67/><T37/><D37/><U63/><E63/><V117/><F117/><W123/><G123/><T47/><D66/><U2/><E2/><V70/><F70/><W124/><G124/><T36/><D60/><U57/><E57/><V21/><F91/><W82/><G132/><T10/><D36/><U131/><E131/><V22/><F6/><W135/><G135/><T25/><D7/><U31/><E31/><V92/><F56/><W58/><G4/><T43/><D46/><U35/><E35/><V104/><F59/><W106/><G58/><T73/><D47/><U26/><AGARI ba="1,1" hai="16,20,26,48,50,74,77,81,87,88,89,94,95,96" machi="26" ten="20,18000,2" yaku="1,1,0,1,7,1,54,2,53,2" doraHai="52" doraHaiUra="85" who="1" fromWho="1" sc="240,-61,260,193,235,-61,255,-61" /><INIT seed="1,2,0,2,1,63" ten="179,453,174,194" oya="1" hai0="31,23,49,57,34,26,38,92,100,103,33,10,16" hai1="130,72,70,95,90,86,83,58,73,134,121,108,8" hai2="85,46,124,30,28,22,109,104,126,39,78,42,64" hai3="62,79,15,68,98,76,25,6,101,77,19,105,1"/><U120/><E70/><V93/><F104/><W97/><G25/><T60/><D38/><U132/><E58/><V135/><F109/><W18/><G1/><T89/><D34/><U133/><E8/><V43/><F135/><W37/><G37/><T56/><D49/><U0/><E0/><V59/><F43/><W125/><G125/><N who="2" m="48233" /><F22/><W4/><G19/><T13/><D33/><U36/><E36/><V80/><F93/><W65/><REACH who="3" step="1"/><G97/><REACH who="3" ten="179,453,174,184" step="2"/><N who="0" m="57487" /><D56/><U45/><E108/><V128/><F128/><W47/><G47/><T40/><D40/><U61/><E45/><V32/><F32/><W113/><G113/><T2/><D2/><U99/><E130/><V127/><F127/><W51/><G51/><T41/><D41/><U54/><E121/><V88/><F78/><W3/><G3/><T87/><D87/><U129/><E120/><V117/><F117/><W116/><G116/><T107/><D107/><U21/><E129/><V74/><F74/><W123/><G123/><T27/><D27/><U69/><E72/><V82/><F82/><W106/><G106/><T11/><D11/><AGARI ba="2,1" hai="4,6,11,15,18,62,65,68,76,77,79,98,101,105" machi="11" ten="40,2600,0" yaku="1,1,52,1,53,0" doraHai="63" doraHaiUra="114" who="3" fromWho="0" sc="179,-32,453,0,174,0,184,42" /><INIT seed="2,0,0,1,0,5" ten="147,453,174,226" oya="2" hai0="64,120,110,31,135,106,11,1,105,29,20,49,99" hai1="62,40,100,115,66,111,126,42,122,101,78,72,91" hai2="113,63,65,8,30,43,117,121,128,34,93,104,58" hai3="44,102,18,131,94,19,38,118,90,124,116,84,2"/><V47/><F117/><W134/><G2/><T23/><D120/><U4/><E115/><V26/><F121/><W98/><G124/><T12/><D1/><U17/><E122/><V16/><F128/><W73/><G73/><T133/><D110/><U70/><E111/><V37/><F113/><W59/><G134/><T41/><D64/><U28/><E126/><V55/><F104/><W107/><G131/><T92/><D41/><U74/><E28/><V9/><F93/><W32/><G32/><T103/><D49/><U108/><E108/><V36/><F36/><W119/><REACH who="3" step="1"/><G59/><REACH who="3" ten="147,453,174,216" step="2"/><T54/><D133/><U132/><E74/><V24/><REACH who="2" step="1"/><F65/><REACH who="2" ten="147,453,164,216" step="2"/><W6/><G6/><T88/><D135/><U130/><E4/><V87/><F87/><W25/><G25/><T80/><D105/><U67/><E132/><V86/><F86/><W61/><G61/><T50/><D106/><U79/><E67/><V15/><F15/><W0/><G0/><T22/><D12/><U27/><E72/><V46/><F46/><W129/><G129/><T21/><D29/><U127/><E130/><V123/><F123/><W112/><G112/><T125/><D125/><U75/><E127/><V82/><F82/><W95/><G95/><T109/><D31/><U114/><E75/><V83/><F83/><W33/><G33/><T60/><D109/><U81/><E114/><V89/><F89/><W51/><G51/><T97/><D80/><U53/><E81/><V68/><F68/><W39/><G39/><T35/><D35/><U3/><E70/><V56/><F56/><W71/><G71/><RYUUKYOKU ba="0,2" sc="147,-15,453,-15,164,15,216,15" hai2="8,9,16,24,26,30,34,37,43,47,55,58,63" hai3="18,19,38,44,84,90,94,98,102,107,116,118,119" /><INIT seed="2,1,2,4,0,100" ten="132,438,179,231" oya="2" hai0="39,66,111,17,20,119,93,8,48,96,103,55,5" hai1="38,116,118,40,105,92,13,130,73,57,22,21,120" hai2="113,99,59,133,9,56,46,30,85,123,128,1,87" hai3="67,41,83,84,70,101,31,88,78,37,50,112,68"/><V81/><F123/><W32/><G37/><T26/><D111/><U11/><E73/><V0/><F113/><W131/><G112/><T6/><D119/><U29/><E105/><V62/><F128/><W43/><G131/><T3/><D39/><U80/><E130/><V35/><F133/><W86/><G101/><T110/><D110/><U33/><E120/><V15/><F59/><W61/><G68/><T132/><D132/><U24/><E80/><V124/><F124/><W95/><REACH who="3" step="1"/><G50/><REACH who="3" ten="132,438,179,221" step="2"/><T102/><D102/><U64/><E38/><V125/><F125/><W76/><G76/><T63/><D3/><U115/><E115/><V28/><F1/><W79/><G79/><T77/><D77/><U23/><E118/><V53/><F0/><W126/><G126/><T94/><D48/><U4/><E116/><V106/><F62/><W44/><G44/><T42/><D103/><U135/><E135/><V25/><F46/><W75/><G75/><T121/><D121/><U122/><E122/><V117/><F117/><W108/><G108/><T27/><D63/><U47/><E47/><V45/><F45/><W90/><G90/><N who="0" m="55351" /><D42/><U72/><E40/><V34/><F56/><W127/><G127/><T109/><D109/><U58/><E72/><V51/><F51/><W74/><G74/><T69/><D69/><U82/><E58/><V7/><F106/><W19/><G19/><T107/><D107/><U98/><E57/><V14/><F30/><W129/><G129/><T2/><D17/><U54/><E29/><V71/><F28/><W16/><G16/><T91/><D2/><RYUUKYOKU ba="1,3" sc="132,-10,438,-10,179,-10,221,30" hai3="31,32,41,43,61,67,70,78,83,84,86,88,95" /><INIT seed="3,2,3,2,0,123" ten="122,428,169,251" oya="3" hai0="124,44,61,129,21,95,89,45,49,118,34,68,62" hai1="31,29,114,77,108,41,16,130,111,46,13,109,102" hai2="115,36,14,85,10,57,90,128,99,32,42,60,25" hai3="38,20,78,127,43,103,1,93,97,12,56,23,134"/><W94/><G1/><T121/><D118/><U133/><E133/><V86/><F115/><W35/><G35/><T18/><D121/><U82/><E130/><V50/><F128/><W79/><G134/><T126/><D129/><U2/><E102/><V15/><F36/><W107/><G107/><T73/><D73/><N who="1" m="43311" /><E114/><V67/><F32/><W64/><G38/><T83/><D34/><U0/><E31/><V53/><F42/><W72/><G43/><N who="0" m="24735" /><D83/><U132/><E29/><V84/><F25/><W116/><G116/><T105/><D105/><U100/><E100/><V110/><F110/><W59/><G72/><T40/><D68/><U96/><E96/><V11/><F99/><N who="3" m="59887" /><G127/><N who="0" m="48683" /><D45/><U51/><E132/><V33/><F33/><W22/><G12/><N who="2" m="4649" /><F90/><N who="3" m="55511" /><G59/><AGARI ba="2,3" hai="10,11,50,53,57,59,60,67,84,85,86" m="4649" machi="59" ten="30,1000,0" yaku="8,1" doraHai="123" who="2" fromWho="3" sc="122,0,428,0,169,46,251,-16" owari="122,-37.8,428,52.8,215,-18.5,235,3.5" /></mjloggm>