<mjloggm ver="2.3"><GO type="225" lobby="0"/><UN n0="%E9%80%9F%E6%B0%B4%E5%87%9B%E9%A6%99" n1="%E3%81%A1%E3%82%85%E3%81%86%E3%81%A9%E3%81%8F%E8%B1%A1%E3%81%95%E3%82%93" n2="%E5%B8%86%E7%AB%8B%E5%A4%8F%E8%A1%A3" n3="%E3%81%99%E3%81%84%E3%81%BE%E3%81%9B%E3%83%BC%E3%82%93" dan="16,17,17,16" rate="2152.40,2179.30,2148.84,2146.40" sx="F,M,M,M"/><TAIKYOKU oya="0"/><INIT seed="0,0,0,5,2,61" ten="250,250,250,250" oya="0" hai0="32,93,7,77,71,11,76,41,115,69,51,129,125" hai1="34,82,54,15,130,112,55,78,107,31,21,100,38" hai2="25,132,24,45,90,47,79,109,114,12,85,0,104" hai3="1,10,46,72,14,131,103,18,50,98,17,128,66"/><T57/><D115/><U22/><E38/><V58/><F0/><W127/><G127/><T121/><D32/><U2/><E2/><V37/><F104/><W56/><G72/><T87/><D121/><U5/><E112/><V60/><F114/><W35/><G35/><T27/><D125/><U134/><E34/><V74/><F109/><W97/><G1/><T73/><D129/><N who="3" m="49737" /><G18/><T8/><D73/><U9/><E130/><V118/><F118/><W116/><G116/><T67/><D27/><U43/><E43/><V6/><F132/><W111/><G111/><T84/><D41/><U26/><E134/><V95/><F74/><W29/><G29/><T133/><D133/><U63/><E21/><V135/><F135/><W122/><G122/><T28/><D28/><U20/><E20/><V48/><F37/><W106/><G98/><T33/><D33/><U39/><E39/><V44/><F79/><W123/><G123/><T64/><D93/><U23/><E23/><V105/><F48/><W108/><G108/><T65/><D71/><U4/><E4/><V62/><F62/><N who="3" m="38215" /><G50/><T92/><D69/><U94/><E63/><V52/><REACH who="2" step="1"/><F105/><REACH who="2" ten="250,250,240,250" step="2"/><W120/><G120/><T59/><D51/><U88/><E107/><V113/><F113/><W13/><G46/><T89/><D77/><U40/><E78/><V91/><F91/><W96/><G106/><T70/><D70/><U68/><E68/><V119/><F119/><W80/><G103/><T86/><D76/><U102/><E102/><V117/><F117/><W101/><G101/><T53/><D89/><U42/><E100/><RYUUKYOKU ba="0,1" sc="250,-10,250,-10,240,30,250,-10" hai2="6,12,24,25,44,45,47,52,58,60,85,90,95" /><INIT seed="1,1,1,0,2,5" ten="240,240,270,240" oya="1" hai0="70,39,101,108,92,123,28,26,73,107,61,30,35" hai1="18,41,34,20,32,94,37,85,52,98,15,91,122" hai2="50,22,115,7,83,102,127,72,129,2,126,119,24" hai3="79,54,66,42,134,6,14,57,93,116,77,64,84"/><U95/><E122/><V17/><F115/><W48/><G134/><T81/><D108/><U12/><E12/><V59/><F119/><W97/><G116/><T128/><D30/><U78/><E78/><N who="3" m="29706" /><G42/><T131/><D73/><U49/><E41/><V63/><F102/><N who="3" m="60719" /><G84/><T29/><D81/><U58/><REACH who="1" step="1"/><E37/><REACH who="1" ten="240,230,270,240" step="2"/><V33/><F72/><W124/><G124/><T88/><D39/><U105/><E105/><V3/><F3/><W23/><G6/><T76/><D123/><U53/><E53/><V43/><F2/><W106/><G106/><T130/><D76/><U113/><E113/><V56/><F7/><W111/><G111/><T104/><D104/><U125/><E125/><V55/><F43/><W132/><G132/><T51/><D107/><U10/><E10/><V110/><F127/><W11/><G11/><T90/><D131/><U89/><AGARI ba="1,2" hai="15,18,20,32,34,49,52,58,85,89,91,94,95,98" machi="89" ten="20,18000,2" yaku="1,1,0,1,7,1,25,2,54,1,53,0" doraHai="5" doraHaiUra="71" who="1" fromWho="1" sc="240,-61,230,203,270,-61,240,-61" /><INIT seed="1,2,0,3,2,95" ten="179,433,209,179" oya="1" hai0="85,0,17,52,123,87,19,96,76,31,10,15,102" hai1="121,117,107,67,99,129,1,77,16,20,69,51,94" hai2="84,103,122,24,114,39,14,75,131,104,13,108,71" hai3="26,65,116,101,55,34,133,70,64,59,11,9,50"/><U73/><E121/><V36/><F84/><W111/><G111/><T86/><D0/><U29/><E1/><V124/><F24/><W98/><G133/><T4/><D123/><U66/><E29/><V91/><F91/><W119/><G34/><T45/><D31/><U132/><E107/><V2/><F103/><W58/><G26/><T30/><D30/><U82/><E69/><V118/><F14/><W88/><G88/><T25/><D25/><U78/><E129/><V18/><F18/><W130/><G70/><T93/><D76/><U115/><E115/><V126/><F13/><W106/><G130/><T49/><AGARI ba="2,0" hai="4,10,15,17,19,45,49,52,85,86,87,93,96,102" machi="49" ten="30,7900,0" yaku="0,1,8,1,52,1,54,1" doraHai="95" who="0" fromWho="0" sc="179,85,433,-41,209,-22,179,-22" /><INIT seed="2,0,0,0,4,43" ten="264,392,187,157" oya="2" hai0="39,26,119,10,7,114,23,95,73,64,86,71,102" hai1="76,125,110,54,109,15,81,42,55,69,130,59,40" hai2="19,36,67,72,11,70,30,80,27,74,93,131,24" hai3="50,13,61,5,96,12,108,89,28,99,38,91,53"/><V63/><F131/><W88/><G108/><N who="1" m="41578" /><E69/><V83/><F36/><W41/><G38/><T101/><D73/><N who="1" m="43151" /><E130/><V103/><F74/><W1/><G28/><T29/><D39/><U77/><E125/><V14/><F27/><W135/><G135/><T9/><D114/><U34/><E34/><V33/><F72/><W52/><G1/><T20/><D119/><U0/><E0/><V8/><F8/><N who="3" m="4111" /><G13/><T35/><D10/><U122/><E77/><V121/><F121/><W16/><G16/><T78/><D64/><U18/><E55/><N who="3" m="21066" /><G61/><T31/><D71/><U126/><E126/><V45/><F45/><AGARI ba="0,0" hai="41,45,50,88,89,91,96,99" m="21066,4111" machi="45" ten="30,7700,0" yaku="8,1,52,1,54,2" doraHai="43" who="3" fromWho="2" sc="264,0,392,0,187,-77,157,77" /><INIT seed="3,0,0,4,5,10" ten="264,392,110,234" oya="3" hai0="33,82,19,55,45,110,4,8,85,98,119,12,41" hai1="1,20,102,35,26,133,103,32,134,100,6,87,95" hai2="67,49,132,113,11,86,27,36,2,69,92,40,53" hai3="114,130,23,18,25,15,93,68,125,16,126,65,107"/><W112/><G107/><T120/><D33/><U52/><E52/><V64/><F113/><N who="3" m="43627" /><G93/><T5/><D120/><U51/><E51/><V97/><F132/><N who="1" m="50793" /><E1/><V7/><F86/><W39/><G65/><T83/><D119/><U89/><E6/><V66/><F27/><W111/><G39/><T123/><D110/><U129/><E129/><V106/><F106/><W74/><G74/><T59/><D123/><U78/><E78/><V31/><F31/><AGARI ba="0,0" hai="20,26,31,32,35,87,89,95,100,102,103" m="50793" machi="31" ten="30,1000,0" yaku="20,1" doraHai="10" who="1" fromWho="2" sc="264,0,392,10,110,-10,234,0" owari="264,6.4,402,50.2,100,-40.0,234,-16.6" /></mjloggm>