<mjloggm ver="2.3"><GO type="225" lobby="0"/><UN n0="%E5%91%A8%E6%9D%B1" n1="%E6%98%93%E5%88%A9%E8%96%A9%E4%BC%AF" n2="%E5%8C%97%E6%AC%A7%E3%81%AE%E3%82%82%E3%81%93%E3%81%86" n3="%E6%81%A5%E6%99%92%E3%81%97" dan="17,16,16,16" rate="2157.49,2072.51,2151.93,2128.08" sx="M,F,M,M"/><TAIKYOKU oya="0"/><INIT seed="0,0,0,4,5,92" ten="250,250,250,250" oya="0" hai0="41,71,43,76,74,129,51,1,127,96,128,30,119" hai1="100,57,27,20,80,106,78,111,116,53,88,124,93" hai2="110,109,133,18,63,115,50,101,47,39,28,9,16" hai3="99,3,91,59,84,8,7,36,56,97,83,90,86"/><T118/><D1/><U68/><E111/><N who="2" m="42507" /><F115/><W132/><G132/><T52/><D30/><U75/><E124/><V60/><F39/><W19/><G36/><T114/><D114/><U37/><E68/><V82/><F133/><W105/><G19/><N who="2" m="7209" /><F101/><W44/><G44/><T65/><D127/><U34/><E37/><V15/><F82/><W62/><G105/><T98/><D76/><U122/><E34/><V12/><F28/><W77/><G77/><T103/><D74/><U46/><E46/><V120/><F120/><W70/><G70/><T64/><D103/><U54/><E116/><V38/><F38/><W24/><G24/><T4/><D71/><U5/><E5/><N who="2" m="3119" /><F15/><W126/><G126/><T108/><D108/><U112/><E112/><V17/><N who="2" m="7217" /><V21/><DORA hai="23" /><F21/><W107/><G107/><T117/><D4/><U10/><E10/><V22/><F22/><W40/><G40/><AGARI ba="0,0" hai="40,47,50,60,63" m="3119,7217,42507" machi="40" ten="40,2600,0" yaku="14,1,54,1" doraHai="92,23" who="2" fromWho="3" sc="250,0,250,0,250,26,250,-26" /><INIT seed="1,0,0,5,4,54" ten="250,250,276,224" oya="1" hai0="135,6,40,35,99,15,46,82,2,50,125,90,43" hai1="123,41,66,121,3,95,59,87,79,104,14,33,73" hai2="106,119,45,1,70,4,0,20,63,97,112,131,134" hai3="16,55,77,116,44,56,18,83,98,27,5,124,42"/><U29/><E3/><V37/><F119/><W22/><G124/><T61/><D35/><U65/><E104/><V108/><F108/><W128/><G128/><T107/><D125/><U100/><E41/><V71/><F20/><W117/><G5/><T118/><D118/><N who="3" m="45673" /><G98/><T84/><D135/><U48/><E73/><V52/><F131/><W102/><G102/><T30/><D2/><U132/><E132/><V110/><F110/><W19/><G44/><T96/><D107/><U31/><E100/><V49/><F112/><W76/><G42/><T62/><D30/><U69/><E31/><V68/><F134/><W88/><G77/><T114/><D43/><U47/><E79/><V38/><F97/><N who="0" m="37450" /><D114/><U74/><E123/><V86/><F106/><W17/><G76/><T11/><AGARI ba="0,0" hai="6,11,15,40,46,50,61,62,82,84,90" m="37450" machi="11" ten="30,1100,0" yaku="8,1" doraHai="54" who="0" fromWho="0" sc="250,11,250,-5,276,-3,224,-3" /><INIT seed="2,0,0,3,0,12" ten="261,245,273,221" oya="2" hai0="52,18,43,45,102,107,92,54,22,74,62,46,32" hai1="125,88,64,7,23,58,28,109,17,27,95,104,53" hai2="72,81,80,82,93,96,132,77,100,56,39,108,112" hai3="19,24,30,69,13,51,8,94,123,89,11,59,70"/><V83/><F39/><W87/><G123/><T55/><D32/><U1/><E104/><V129/><F112/><W121/><G121/><T36/><D74/><U134/><E109/><V9/><F108/><W3/><G3/><T42/><D107/><U101/><E134/><V124/><F132/><W76/><G76/><T97/><D62/><U31/><E64/><V26/><F9/><W15/><G59/><T21/><REACH who="0" step="1"/><D18/><REACH who="0" ten="251,245,273,221" step="2"/><U122/><E122/><V103/><F72/><W14/><G51/><AGARI ba="0,1" hai="21,22,36,42,43,45,46,51,52,54,55,92,97,102" machi="51" ten="40,5200,0" yaku="1,1,2,1,54,1,53,0" doraHai="12" doraHaiUra="63" who="0" fromWho="3" sc="251,62,245,0,273,0,221,-52" /><INIT seed="3,0,0,0,4,15" ten="313,245,273,169" oya="3" hai0="91,52,122,26,99,100,126,125,74,31,57,124,44" hai1="102,40,69,90,80,47,53,46,32,104,103,18,110" hai2="92,71,14,43,30,3,29,39,61,76,129,131,86" hai3="23,121,115,49,116,113,68,64,1,94,133,109,85"/><W127/><G1/><T11/><D122/><U87/><E32/><V37/><F3/><W82/><G121/><T135/><D135/><U78/><E69/><V2/><F2/><W93/><G116/><T45/><D91/><U42/><E110/><V95/><F71/><W108/><G133/><T96/><D11/><U54/><E104/><V89/><F61/><W67/><G49/><N who="0" m="30863" /><D74/><U123/><E78/><V35/><F76/><N who="3" m="46279" /><G23/><N who="0" m="15839" /><D96/><U0/><E0/><V117/><F117/><W38/><G38/><T83/><D83/><U101/><E123/><V50/><F37/><W56/><G56/><T19/><D19/><U73/><E73/><V130/><F39/><W34/><G34/><T107/><AGARI ba="0,0" hai="44,45,99,100,107,124,125,126" m="15839,30863" machi="107" ten="30,2000,0" yaku="18,1,54,1" doraHai="15" who="0" fromWho="0" sc="313,20,245,-5,273,-5,169,-10" owari="333,43.3,240,-16.0,268,6.8,159,-34.1" /></mjloggm>