<mjloggm ver="2.3"><GO type="225" lobby="0"/><UN n0="%E3%83%B4%E3%82%A3%E3%83%AF%E3%82%B3%E3%82%B0%E3%83%8B" n1="%E3%83%97%E3%83%AC%E3%83%B4%E3%82%A1%E3%83%86%E3%82%A3" n2="%E3%81%A8%E3%82%93%E3%81%A8%E3%81%93%E3%81%A8%E3%82%93" n3="%E5%8D%A0%E3%81%84%E5%B8%AB%E8%A3%8F%E3%81%AA%E3%81%84%E3%81%97" dan="16,16,16,16" rate="2140.59,2118.63,2106.23,2135.42" sx="M,F,F,M"/><TAIKYOKU oya="0"/><INIT seed="0,0,0,2,2,86" ten="250,250,250,250" oya="0" hai0="119,108,118,111,57,93,79,101,41,81,130,30,82" hai1="121,20,16,2,32,49,105,65,112,127,100,73,51" hai2="117,4,44,18,8,35,21,23,84,92,129,56,19" hai3="47,95,99,22,29,71,87,74,114,38,94,125,80"/><T132/><D41/><U12/><E121/><V90/><F129/><W7/><G114/><T102/><D57/><U97/><E112/><V72/><F117/><N who="0" m="44554" /><D30/><U11/><E73/><V52/><F35/><W107/><G71/><T26/><D26/><U40/><E127/><V46/><F72/><W75/><G125/><T43/><D43/><U103/><E40/><V55/><F4/><W128/><G128/><T89/><D130/><U85/><E32/><V45/><F8/><W42/><G7/><T67/><D67/><U10/><E103/><N who="0" m="39433" /><D132/><U25/><E65/><V39/><F39/><W37/><G107/><T34/><D34/><U113/><E113/><V62/><F55/><W106/><G106/><T63/><D63/><U76/><E2/><V109/><F109/><N who="0" m="42058" /><D79/><U134/><E134/><V124/><F124/><W110/><G110/><T126/><D126/><U60/><E60/><V6/><F6/><W91/><G37/><T115/><D115/><U59/><E59/><V54/><F54/><W120/><G29/><T78/><D78/><U83/><REACH who="1" step="1"/><E10/><REACH who="1" ten="250,240,250,250" step="2"/><V28/><F28/><AGARI ba="0,1" hai="11,12,16,20,25,28,49,51,76,83,85,97,100,105" machi="28" ten="30,7700,0" yaku="1,1,2,1,7,1,54,1,53,0" doraHai="86" doraHaiUra="69" who="1" fromWho="2" sc="250,0,240,87,250,-77,250,0" /><INIT seed="1,0,0,4,4,98" ten="250,327,173,250" oya="1" hai0="40,1,84,47,32,112,130,27,0,110,105,116,102" hai1="49,48,95,29,20,44,9,134,16,8,79,30,128" hai2="33,19,127,100,13,2,24,31,99,54,22,118,71" hai3="67,6,12,81,35,77,101,45,82,66,57,51,121"/><U75/><E128/><V94/><F118/><W85/><G35/><T3/><D116/><U23/><E134/><V115/><F127/><W129/><G121/><T120/><D112/><U123/><E123/><V122/><F122/><W68/><G68/><T63/><D120/><U34/><E75/><V119/><F119/><W42/><G129/><T41/><D130/><U52/><E79/><V43/><F115/><W21/><G81/><T93/><D110/><U25/><E34/><V135/><F135/><W83/><G83/><T109/><D109/><U38/><E38/><V90/><F71/><W5/><G57/><T60/><D40/><U53/><E95/><V104/><F2/><W62/><G62/><T50/><D105/><U73/><E73/><V111/><F43/><W59/><G59/><T108/><D108/><U4/><E4/><V36/><F111/><W126/><G126/><T133/><D133/><U58/><E30/><V97/><REACH who="2" step="1"/><F54/><REACH who="2" ten="250,327,163,250" step="2"/><W55/><G55/><N who="0" m="30175" /><D0/><U15/><AGARI ba="0,1" hai="8,9,15,16,20,23,25,29,44,48,49,52,53,58" machi="15" ten="20,12000,1" yaku="0,1,7,1,8,1,54,2" doraHai="98" who="1" fromWho="1" sc="250,-40,327,130,163,-40,250,-40" /><INIT seed="1,1,0,5,0,47" ten="210,457,123,210" oya="1" hai0="33,2,49,72,121,62,135,130,44,73,36,93,107" hai1="116,59,38,103,83,132,76,7,34,35,27,53,23" hai2="46,65,6,18,29,89,48,28,10,40,58,111,112" hai3="122,99,78,104,117,43,98,54,100,119,134,84,80"/><U64/><E38/><V51/><F111/><W96/><G122/><T113/><RYUUKYOKU type="yao9" ba="1,0" sc="210,0,457,0,123,0,210,0" hai0="2,33,36,44,49,62,72,73,93,107,113,121,130,135" /><INIT seed="1,2,0,2,5,50" ten="210,457,123,210" oya="1" hai0="112,15,81,33,27,55,130,113,84,121,68,62,3" hai1="43,22,119,63,40,93,116,4,42,30,60,99,87" hai2="128,66,132,106,100,92,14,21,28,82,122,57,59" hai3="76,10,7,71,38,34,39,54,16,124,97,78,12"/><U75/><E75/><V70/><F122/><W111/><G71/><T25/><D3/><U47/><E4/><V83/><F128/><W19/><G34/><T91/><D130/><U131/><E131/><V120/><F120/><W109/><G124/><T32/><D121/><U61/><E87/><V35/><F92/><W74/><G97/><T53/><D68/><U127/><E127/><V102/><F132/><W105/><G105/><T65/><D65/><U114/><E114/><V49/><F14/><W72/><G12/><T26/><D62/><U8/><E8/><V5/><F21/><W88/><G10/><T126/><D126/><U69/><E69/><V24/><F5/><W17/><G7/><T73/><D73/><N who="3" m="28265" /><G88/><T23/><D33/><U89/><E47/><V135/><F135/><W0/><G0/><T77/><D32/><U96/><REACH who="1" step="1"/><E99/><REACH who="1" ten="210,447,123,210" step="2"/><V94/><F70/><W129/><G129/><T104/><D113/><U52/><E52/><N who="0" m="20041" /><D112/><U31/><E31/><V123/><F28/><W90/><G54/><T118/><D118/><U125/><E125/><V110/><F123/><W134/><G19/><N who="0" m="10751" /><D104/><U18/><E18/><V103/><F106/><W108/><G16/><T29/><D29/><U20/><E20/><V45/><F35/><W101/><G17/><T117/><D117/><U13/><E13/><V98/><F66/><W95/><G109/><T58/><D58/><U46/><E46/><V86/><F110/><W85/><G108/><T36/><D77/><U107/><E107/><N who="2" m="63895" /><F57/><W11/><G111/><T64/><D64/><U80/><E80/><N who="2" m="30763" /><F59/><W56/><G56/><RYUUKYOKU ba="2,1" sc="210,15,447,15,123,-15,210,-15" hai0="25,26,27,36,81,84,91" hai1="22,30,40,42,43,60,61,63,89,93,96,116,119" /><INIT seed="1,3,1,3,5,80" ten="225,462,108,195" oya="1" hai0="37,29,73,57,44,39,21,86,106,49,8,130,38" hai1="107,115,74,92,127,59,121,19,47,101,78,0,100" hai2="62,41,102,7,58,15,119,67,2,33,114,61,4" hai3="51,131,118,85,83,48,112,82,129,55,110,18,66"/><U25/><E0/><V99/><F119/><W124/><G112/><T68/><D68/><U26/><E121/><V30/><F2/><W42/><G110/><T60/><D73/><U134/><E115/><V72/><F114/><W64/><G118/><T9/><D106/><U93/><E127/><V96/><F72/><W79/><G124/><T135/><D130/><N who="3" m="49673" /><G18/><T91/><D135/><U52/><E134/><V76/><F76/><N who="3" m="46279" /><G42/><T14/><D14/><U120/><E120/><V81/><F41/><W35/><G35/><T5/><D21/><U46/><E107/><V77/><F33/><W132/><G132/><T20/><D20/><N who="1" m="13471" /><E78/><V43/><F43/><W53/><G53/><T94/><D29/><U109/><E74/><V50/><F30/><W133/><G133/><T22/><D22/><U75/><E75/><V16/><F50/><N who="3" m="18987" /><G55/><T103/><D38/><U128/><E26/><V12/><F62/><W123/><G123/><T17/><D17/><U24/><E24/><V113/><F113/><W27/><G27/><T28/><D28/><U34/><E34/><V126/><F126/><W90/><G79/><T65/><D37/><U89/><E128/><V84/><F16/><W32/><G32/><T88/><D39/><U54/><E109/><V116/><F116/><W70/><G70/><T23/><D23/><U45/><E54/><V69/><F69/><W3/><G3/><T31/><D31/><U104/><E104/><V11/><REACH who="2" step="1"/><F102/><REACH who="2" ten="225,462,98,195" step="2"/><N who="1" m="39529" /><E89/><V40/><F40/><W95/><G83/><T6/><D103/><U111/><E111/><V98/><F98/><AGARI ba="3,2" hai="64,66,90,95,98" m="18987,46279,49673" machi="98" ten="30,2000,0" yaku="19,1,52,1" doraHai="80" who="3" fromWho="2" sc="225,0,462,0,98,-29,195,49" /><INIT seed="2,0,0,4,4,39" ten="225,462,69,244" oya="2" hai0="97,94,84,15,72,117,35,38,50,123,83,71,89" hai1="0,121,119,5,108,74,28,65,105,75,32,69,19" hai2="29,82,61,7,24,110,92,56,109,52,118,63,70" hai3="96,62,22,125,43,120,25,11,60,85,78,37,67"/><V107/><F107/><W8/><G120/><T127/><D123/><U40/><E40/><V95/><F118/><W124/><G96/><T41/><D35/><U116/><E65/><N who="2" m="41263" /><F82/><N who="3" m="47319" /><G43/><T9/><D71/><U112/><E28/><V33/><F7/><W18/><G37/><T68/><D68/><U31/><E31/><V26/><F26/><W20/><G20/><T1/><D1/><U73/><E19/><V99/><F99/><W88/><G62/><T2/><D2/><U100/><E5/><V16/><F16/><W58/><G88/><T66/><D38/><U104/><E100/><V106/><F106/><W80/><G80/><T57/><D72/><U17/><E17/><V47/><F47/><W115/><G115/><T98/><D117/><U79/><E79/><V87/><F87/><W12/><G25/><T51/><D97/><U133/><E75/><V91/><F91/><W36/><G36/><T129/><D98/><U46/><E46/><V27/><F27/><W45/><G45/><T131/><D83/><U64/><E105/><V21/><F33/><W81/><G81/><T44/><D94/><U86/><E86/><V93/><F92/><W111/><G11/><T34/><D89/><U49/><E104/><V6/><F6/><W128/><G8/><T90/><D90/><U135/><E32/><V134/><F134/><W4/><G4/><T48/><D34/><U14/><E0/><V76/><F76/><W10/><G10/><T122/><D84/><U102/><E119/><V114/><F114/><W130/><G111/><N who="2" m="42505" /><F95/><W101/><G101/><T23/><D23/><RYUUKYOKU ba="0,0" sc="225,-15,462,-15,69,15,244,15" hai2="21,24,29,52,56,63,93" hai3="12,18,22,58,60,67,124,125,128,130" /><INIT seed="2,1,0,0,4,109" ten="210,447,84,259" oya="2" hai0="14,39,2,78,23,70,20,111,33,85,135,77,29" hai1="127,98,84,24,10,46,102,63,13,69,116,56,30" hai2="7,74,90,129,121,101,105,15,83,80,47,86,66" hai3="72,41,35,65,62,126,50,122,37,95,81,73,54"/><V26/><F121/><W52/><G122/><T45/><D70/><U38/><E116/><V49/><F129/><W71/><G35/><T123/><D111/><U44/><E127/><V58/><F105/><W67/><G126/><T1/><D123/><U68/><E84/><V100/><F74/><W125/><G125/><T108/><D108/><U104/><E38/><V0/><F0/><W22/><G67/><T16/><D33/><U91/><E91/><V112/><F80/><W131/><G131/><T61/><D61/><U34/><E68/><V79/><F112/><W9/><G54/><T40/><D135/><U115/><E115/><V43/><F90/><W106/><G106/><T51/><D39/><U12/><E12/><V18/><F26/><W55/><G55/><T92/><D1/><U59/><E59/><V99/><F99/><W64/><G64/><T3/><D3/><U32/><E32/><V107/><F107/><W96/><G9/><T5/><D5/><U31/><E31/><V89/><F89/><N who="3" m="55407" /><G22/><T130/><D2/><U57/><E57/><V28/><F28/><W6/><G6/><T94/><D130/><U82/><E82/><V19/><F7/><W4/><G4/><T124/><D124/><U11/><E56/><V110/><F110/><W25/><G25/><N who="0" m="16575" /><D85/><U93/><E93/><AGARI ba="1,0" hai="14,16,20,40,45,51,77,78,92,93,94" m="16575" machi="93" ten="30,2000,0" yaku="8,1,54,1" doraHai="109" who="0" fromWho="1" sc="210,23,447,-23,84,0,259,0" /><INIT seed="3,0,0,3,0,120" ten="233,424,84,259" oya="3" hai0="13,117,56,45,42,95,73,39,74,50,3,57,109" hai1="104,129,99,54,16,32,102,97,103,29,115,96,30" hai2="26,15,48,46,14,110,124,52,31,128,70,89,126" hai3="53,121,4,55,36,20,9,118,43,51,59,72,83"/><W80/><G118/><T17/><D117/><U28/><E115/><V86/><F70/><W76/><G121/><T125/><D3/><U93/><E32/><V62/><F62/><W38/><G20/><T114/><D114/><U1/><E1/><V22/><F128/><W78/><G43/><T81/><D125/><U35/><E35/><V113/><F113/><W127/><G55/><T11/><D109/><U49/><E129/><V66/><F66/><W2/><REACH who="3" step="1"/><G127/><REACH who="3" ten="233,424,84,249" step="2"/><T34/><D34/><U119/><E119/><V7/><F124/><W25/><G25/><T134/><D134/><U88/><E104/><V82/><F126/><W130/><G130/><T0/><D39/><U71/><E71/><V131/><F131/><W90/><G90/><T84/><D0/><U122/><E122/><V19/><F110/><W24/><G24/><T108/><D108/><U87/><E103/><V112/><F112/><W58/><G58/><T107/><D107/><U6/><E102/><V37/><F37/><W67/><G67/><T64/><D64/><U116/><E116/><V106/><F106/><W61/><G61/><T12/><D12/><U111/><E54/><V21/><REACH who="2" step="1"/><F7/><REACH who="2" ten="233,424,74,249" step="2"/><W65/><G65/><T101/><D50/><U60/><E6/><V69/><F69/><W135/><G135/><T68/><D68/><U94/><E60/><V75/><F75/><AGARI ba="0,2" hai="2,4,9,36,38,51,53,59,72,75,76,78,80,83" machi="75" ten="30,5800,0" yaku="1,1,7,1,9,1,53,0" doraHai="120" doraHaiUra="18" who="3" fromWho="2" sc="233,0,424,0,74,-58,249,78" /><INIT seed="3,1,0,1,0,49" ten="233,424,16,327" oya="3" hai0="56,47,133,97,112,63,0,7,103,36,27,13,26" hai1="132,108,61,15,69,34,116,75,71,33,115,76,102" hai2="105,19,16,88,100,78,110,94,25,122,92,111,35" hai3="58,21,44,129,8,50,124,118,45,22,65,101,126"/><W86/><G118/><T117/><D117/><U2/><E116/><V6/><F122/><W60/><G129/><T135/><D0/><U130/><E2/><V106/><F6/><W95/><G45/><T41/><D112/><U43/><E115/><V73/><F35/><W37/><G37/><T98/><D7/><U9/><E130/><V81/><F94/><W120/><G120/><T55/><D13/><U107/><E108/><V51/><F51/><W83/><G8/><T5/><D5/><U40/><E132/><V42/><F42/><W52/><G95/><T91/><D91/><U123/><E123/><V29/><F29/><W125/><REACH who="3" step="1"/><G101/><REACH who="3" ten="233,424,16,317" step="2"/><T64/><D135/><U18/><E107/><V20/><F100/><W68/><G68/><T17/><D133/><U96/><E71/><V54/><F106/><W24/><G24/><T104/><D97/><U80/><E69/><V57/><F105/><W1/><G1/><T113/><D113/><U48/><E34/><V99/><REACH who="2" step="1"/><F19/><REACH who="2" ten="233,424,6,317" step="2"/><W85/><G85/><T82/><D17/><U3/><E33/><V74/><F74/><W128/><G128/><T30/><D30/><U121/><E3/><V14/><F14/><W53/><G53/><T93/><D104/><U79/><E121/><V67/><F67/><W70/><G70/><T32/><D32/><U87/><E75/><V11/><F11/><W4/><G4/><T39/><D64/><U10/><E9/><V134/><F134/><W66/><G66/><T72/><D36/><U131/><E10/><V38/><F38/><W12/><G12/><T62/><D62/><RYUUKYOKU ba="1,2" sc="233,10,424,-30,6,10,317,10" hai0="26,27,39,41,47,55,56,63,72,82,93,98,103" hai2="16,20,25,54,57,73,78,81,88,92,99,110,111" hai3="21,22,44,50,52,58,60,65,83,86,124,125,126" /><INIT seed="3,2,2,2,0,59" ten="243,394,16,327" oya="3" hai0="107,96,28,90,60,29,86,135,18,62,63,74,9" hai1="120,126,130,110,122,0,36,133,71,64,31,129,12" hai2="43,47,55,124,3,99,24,70,103,42,21,15,95" hai3="61,37,81,56,76,93,10,94,19,39,45,6,105"/><W118/><G118/><T123/><D123/><N who="1" m="47147" /><E0/><V65/><F3/><N who="3" m="351" /><G19/><T134/><D74/><U30/><E36/><V79/><F124/><W11/><G11/><T46/><D46/><U132/><E12/><V121/><F121/><W115/><G105/><T4/><D18/><U82/><E82/><V131/><F131/><N who="1" m="50185" /><E110/><V5/><F79/><W7/><G7/><T102/><D135/><N who="1" m="51787" /><E71/><V68/><F70/><W114/><G37/><T35/><D35/><U127/><E64/><V75/><F65/><N who="3" m="39079" /><G93/><T58/><D58/><U80/><E80/><V117/><F68/><W101/><G94/><T73/><D73/><U119/><E119/><V8/><F75/><N who="3" m="43167" /><G101/><T38/><D38/><U48/><E48/><V41/><F117/><W33/><G33/><T40/><D134/><U108/><E108/><V67/><F67/><W85/><G85/><T125/><D90/><U84/><E84/><V44/><REACH who="2" step="1"/><F55/><REACH who="2" ten="243,394,6,327" step="2"/><W50/><G50/><T92/><D125/><AGARI ba="2,3" hai="30,31,125,126,127" m="51787,50185,47147" machi="125" ten="40,32000,5" yakuman="39" doraHai="59" who="1" fromWho="0" sc="243,-326,394,356,6,0,327,0" owari="-83,-58.3,750,85.0,6,-39.4,327,12.7" /></mjloggm>