<mjloggm ver="2.3"><GO type="225" lobby="0"/><UN n0="%E7%BD%AA%E5%88%91%E6%B3%95%E5%AE%9A%E4%B8%BB%E7%BE%A9" n1="%6D%75%75%6D%75%72%61" n2="%E8%80%81%E6%A5%BD" n3="%E3%81%BF%E3%81%BF%E3%81%9A" dan="16,17,16,16" rate="2148.95,2179.72,2138.30,2165.70" sx="M,F,M,M"/><TAIKYOKU oya="0"/><INIT seed="0,0,0,3,1,4" ten="250,250,250,250" oya="0" hai0="106,120,35,14,109,20,17,68,47,99,19,53,121" hai1="122,25,115,90,83,85,57,54,117,34,114,125,126" hai2="38,108,89,28,96,72,15,112,123,128,107,78,116" hai3="6,81,11,50,42,129,93,101,87,12,98,105,95"/><T135/><D35/><U45/><E117/><V33/><RYUUKYOKU type="yao9" ba="0,0" sc="250,0,250,0,250,0,250,0" hai2="15,28,33,38,72,78,89,96,107,108,112,116,123,128" /><INIT seed="0,1,0,2,2,128" ten="250,250,250,250" oya="0" hai0="61,109,78,38,44,94,108,4,26,89,29,70,73" hai1="129,42,34,16,71,48,20,98,123,68,13,122,21" hai2="105,65,14,88,39,132,23,85,86,24,100,19,131" hai3="45,125,18,60,120,112,62,32,115,80,28,127,52"/><T124/><D4/><U6/><E129/><V121/><F121/><W77/><G120/><T43/><D124/><N who="3" m="47689" /><G18/><T72/><D78/><U106/><E34/><V117/><F131/><W40/><G28/><T114/><D114/><N who="3" m="43561" /><G32/><N who="0" m="20535" /><D61/><U103/><E6/><V82/><F39/><N who="3" m="21663" /><G52/><T51/><D51/><U110/><E110/><N who="0" m="42601" /><D70/><U119/><E119/><V30/><F117/><W25/><G25/><T3/><D3/><U79/><E122/><V47/><F65/><W53/><G53/><T96/><AGARI ba="1,0" hai="38,43,44,72,73,89,94,96" m="42601,20535" machi="96" ten="30,3000,0" yaku="14,1,10,1" doraHai="128" who="0" fromWho="0" sc="250,33,250,-11,250,-11,250,-11" /><INIT seed="0,2,0,0,1,68" ten="283,239,239,239" oya="0" hai0="71,24,97,55,128,116,118,89,69,16,54,47,106" hai1="34,36,94,99,3,42,93,102,122,40,37,117,65" hai2="72,35,108,76,60,87,91,86,111,0,80,27,88" hai3="75,115,112,43,39,17,38,120,78,61,5,13,101"/><T133/><D128/><U113/><E117/><V7/><F0/><W26/><G101/><T125/><D125/><U100/><E122/><V83/><F7/><W109/><G120/><T56/><D133/><U73/><E113/><V92/><F35/><W66/><G109/><N who="2" m="42057" /><F27/><W25/><G43/><T32/><D47/><U57/><E3/><V48/><F48/><W84/><G75/><T90/><D32/><U131/><E131/><V20/><F20/><W107/><G107/><T9/><D106/><U50/><E73/><V52/><F60/><W110/><G110/><T14/><D24/><U132/><E132/><V6/><F6/><W45/><G45/><T11/><D97/><U8/><E34/><V44/><F44/><W31/><G5/><T21/><D21/><U1/><E65/><V62/><F62/><W121/><G121/><T130/><D130/><U98/><E42/><V58/><F58/><N who="3" m="37175" /><G115/><T22/><D22/><U126/><E126/><V46/><F46/><W63/><G63/><T49/><D49/><U18/><E40/><V15/><F15/><W30/><G112/><T95/><D14/><U64/><E1/><V53/><AGARI ba="2,0" hai="52,53,72,76,80,83,86,87,88,91,92" m="42057" machi="53" ten="30,4000,0" yaku="14,1,54,2" doraHai="68" who="2" fromWho="2" sc="283,-22,239,-12,239,46,239,-12" /><INIT seed="1,0,0,4,0,37" ten="261,227,285,227" oya="1" hai0="81,52,84,98,123,120,82,110,118,26,36,51,16" hai1="8,125,79,35,4,99,83,108,102,25,58,91,126" hai2="76,93,62,101,97,128,67,92,3,43,107,96,90" hai3="5,2,75,64,49,87,116,30,38,41,29,121,112"/><U20/><E35/><V71/><F128/><W7/><G75/><T45/><D118/><U106/><E108/><V22/><F3/><W46/><G121/><N who="0" m="46667" /><D110/><U28/><E58/><V68/><F76/><W100/><G112/><T89/><D36/><U127/><E91/><V17/><F43/><W77/><G116/><T27/><D98/><U44/><E44/><V48/><F48/><W40/><G64/><T18/><D82/><U39/><E39/><V21/><F71/><W14/><G2/><T42/><D42/><N who="3" m="16489" /><G100/><T70/><D70/><U131/><E131/><V73/><F73/><W63/><G63/><T6/><D6/><N who="3" m="2057" /><G38/><T74/><D74/><U115/><E115/><V78/><F107/><W111/><G111/><T124/><D124/><U104/><E104/><V133/><F62/><W31/><G14/><T80/><D80/><U135/><E135/><V10/><F67/><W105/><G105/><T12/><D18/><U59/><E59/><V94/><F17/><W54/><G87/><T114/><D114/><U132/><E132/><V85/><F133/><W0/><G0/><T13/><D12/><U122/><E122/><V53/><F85/><W65/><G65/><T103/><D103/><U60/><E60/><V119/><F101/><W129/><G129/><T1/><D1/><U130/><E130/><V19/><F119/><W66/><G66/><T134/><D134/><U56/><E56/><V57/><F57/><N who="3" m="32975" /><G77/><T33/><D33/><U72/><E4/><V11/><F78/><W61/><G61/><T88/><D89/><U24/><E8/><AGARI ba="0,0" hai="8,13,16,26,27,45,51,52,81,84,88" m="46667" machi="8" ten="30,8000,1" yaku="25,1,13,1,54,3" doraHai="37" who="0" fromWho="1" sc="261,80,227,-80,285,0,227,0" /><INIT seed="2,0,0,0,5,55" ten="341,147,285,227" oya="2" hai0="23,47,74,38,5,32,91,117,14,34,123,100,80" hai1="131,118,71,128,126,103,115,28,70,129,112,22,132" hai2="30,87,85,79,21,50,6,48,37,45,104,102,13" hai3="134,97,42,40,29,62,19,124,72,108,64,20,61"/><V77/><F37/><W125/><G72/><T78/><D123/><U121/><E118/><V101/><F104/><W53/><G108/><T54/><D100/><U12/><E121/><V81/><F30/><W99/><G29/><T113/><D113/><U3/><E3/><V93/><F48/><W2/><G2/><T9/><D117/><U49/><E126/><N who="3" m="48746" /><G134/><T36/><D36/><U98/><E132/><V107/><F107/><W58/><G99/><T1/><D91/><U27/><E12/><V122/><F122/><W16/><G97/><T86/><D86/><U17/><E28/><V135/><F135/><W41/><G20/><T75/><D75/><U95/><REACH who="1" step="1"/><E49/><REACH who="1" ten="341,137,285,227" step="2"/><V63/><F50/><W15/><G15/><T59/><D14/><U60/><E60/><V56/><F63/><W46/><G46/><T66/><D47/><U10/><E10/><V52/><F45/><W90/><G90/><T26/><D9/><U114/><AGARI ba="0,1" hai="17,22,27,70,71,95,98,103,112,114,115,128,129,131" machi="114" ten="40,8000,1" yaku="1,1,0,1,19,1,53,1" doraHai="55" doraHaiUra="88" who="1" fromWho="1" sc="341,-20,137,90,285,-40,227,-20" /><INIT seed="3,0,0,4,0,55" ten="321,227,245,207" oya="3" hai0="17,18,97,59,32,40,56,130,50,22,100,135,129" hai1="127,68,123,118,25,28,72,10,67,12,33,30,48" hai2="91,36,108,120,20,110,82,86,29,13,132,6,89" hai3="52,109,69,38,58,117,80,119,104,77,64,84,46"/><W24/><G104/><T96/><D32/><U60/><E123/><V41/><F120/><W3/><G3/><T15/><D135/><U113/><E113/><V124/><F132/><W5/><G5/><T23/><D40/><U14/><E127/><V94/><F124/><W0/><G0/><T16/><D50/><U75/><E118/><V85/><F41/><N who="3" m="22839" /><G24/><N who="0" m="14407" /><D18/><U27/><E48/><V134/><F36/><W1/><G1/><T78/><D78/><U93/><E93/><V98/><F134/><W105/><G105/><N who="0" m="63623" /><D97/><U21/><E14/><V99/><F29/><W81/><G81/><T49/><D49/><U70/><E70/><V26/><F26/><W122/><G122/><T4/><D4/><AGARI ba="0,0" hai="4,10,12,21,25,27,28,30,33,60,67,68,72,75" machi="4" ten="30,1000,0" yaku="7,1" doraHai="55" who="1" fromWho="0" sc="321,-10,227,10,245,0,207,0" owari="311,41.1,237,-16.3,245,4.5,207,-29.3" /></mjloggm>