<mjloggm ver="2.3"><GO type="225" lobby="0"/><UN n0="%48%61%61%61%6C%61%6E%64" n1="%E3%82%BC%E3%83%AB%E3%83%80%E3%81%AE%E4%BC%9D%E8%AA%AC" n2="%E7%89%B9%E6%9D%B1%E3%81%AF%E4%B8%96%E7%95%8C%E3%82%92%E6%95%91%E3%81%86" n3="%E3%83%AD%E3%83%83%E3%83%86%E9%9B%80%E7%90%83" dan="18,18,16,16" rate="2185.14,2180.62,2160.43,2168.21" sx="M,M,M,M"/><TAIKYOKU oya="0"/><INIT seed="0,0,0,4,3,124" ten="250,250,250,250" oya="0" hai0="128,33,14,120,117,16,110,113,40,22,132,17,96" hai1="133,92,65,53,56,12,134,19,99,37,102,35,4" hai2="77,32,13,93,34,87,20,2,103,101,100,111,41" hai3="71,122,95,91,18,125,68,83,86,61,31,42,50"/><T126/><D40/><U39/><E35/><V30/><F2/><W84/><G125/><T129/><D126/><U6/><E65/><V52/><F111/><W46/><G122/><T24/><D120/><U51/><E6/><V54/><F41/><W76/><G31/><N who="0" m="19687" /><D96/><U62/><E4/><V60/><F32/><W72/><G18/><T27/><D113/><U75/><E75/><V116/><F116/><W88/><REACH who="3" step="1"/><G61/><REACH who="3" ten="250,250,250,240" step="2"/><T85/><D117/><U59/><E62/><V38/><F60/><W21/><G21/><N who="0" m="11415" /><D85/><U112/><E112/><V47/><F87/><W15/><G15/><N who="0" m="9535" /><D110/><U5/><E133/><V57/><F103/><W115/><G115/><T81/><D81/><AGARI ba="0,1" hai="42,46,50,68,71,72,76,81,83,84,86,88,91,95" machi="81" ten="30,3900,0" yaku="1,1,7,1,54,1,53,0" doraHai="124" doraHaiUra="131" who="3" fromWho="0" sc="250,-39,250,0,250,0,240,49" /><INIT seed="1,0,0,4,2,72" ten="211,250,250,289" oya="1" hai0="107,100,29,26,41,117,44,38,40,112,84,14,57" hai1="13,121,87,101,70,6,47,21,48,49,76,86,130" hai2="81,65,18,7,61,11,115,25,12,120,93,71,30" hai3="60,125,133,24,42,106,88,45,90,28,59,94,111"/><U64/><E121/><V0/><F120/><W127/><G106/><T31/><D112/><U99/><E130/><V82/><F115/><W22/><G111/><T50/><D117/><U23/><E70/><V97/><F7/><W56/><G133/><T110/><D110/><U53/><E64/><V91/><REACH who="2" step="1"/><F0/><REACH who="2" ten="211,250,240,289" step="2"/><W2/><G2/><T62/><D31/><U98/><E6/><V102/><F102/><W123/><G123/><T58/><D100/><U78/><E101/><V1/><F1/><W92/><G127/><T131/><D131/><U15/><E53/><V67/><F67/><W8/><G125/><T119/><D29/><U114/><E114/><V43/><F43/><W134/><G134/><T74/><D40/><U124/><E124/><V79/><F79/><W104/><G28/><T17/><D41/><U36/><E47/><V3/><F3/><W63/><G45/><T5/><D44/><U39/><AGARI ba="0,1" hai="13,15,21,23,36,39,48,49,76,78,86,87,98,99" machi="39" ten="25,12000,1" yaku="0,1,22,2,52,2" doraHai="72" who="1" fromWho="1" sc="211,-40,250,130,240,-40,289,-40" /><INIT seed="1,1,0,1,3,130" ten="171,380,200,249" oya="1" hai0="41,91,35,44,108,118,103,26,12,47,86,4,51" hai1="58,8,46,112,115,25,80,124,23,134,21,84,125" hai2="53,104,72,27,68,89,111,121,123,119,59,70,92" hai3="1,65,29,40,128,18,19,71,73,11,117,98,129"/><U82/><E58/><V87/><F119/><W60/><G73/><T34/><D118/><U83/><E84/><V90/><F104/><W133/><G117/><T96/><D108/><U57/><E57/><V105/><F105/><W114/><G114/><T30/><D47/><U39/><E8/><V94/><F72/><W61/><G29/><T54/><D12/><U101/><E101/><V102/><F102/><W100/><G40/><T6/><D34/><U64/><E64/><V110/><F27/><W122/><G61/><T56/><D96/><U66/><E66/><V127/><F127/><W13/><G1/><T24/><D24/><U113/><E134/><V7/><F7/><N who="3" m="3327" /><G133/><T55/><D103/><U135/><E135/><V75/><F75/><W67/><G67/><T2/><D2/><U3/><E3/><V15/><F15/><W74/><G74/><T109/><D109/><N who="2" m="41482" /><F123/><W85/><G85/><T10/><D10/><U106/><E106/><V50/><F121/><W9/><G9/><T107/><D107/><U63/><E63/><V81/><F94/><N who="3" m="58455" /><G122/><T52/><REACH who="0" step="1"/><D56/><REACH who="0" ten="161,380,200,249" step="2"/><U38/><E46/><V77/><F70/><W14/><G14/><T31/><D31/><U62/><E112/><V45/><F68/><W48/><G129/><T93/><AGARI ba="1,1" hai="4,6,26,30,35,41,44,51,52,54,55,86,91,93" machi="93" ten="30,4000,0" yaku="1,1,0,1,54,1,53,0" doraHai="130" doraHaiUra="131" who="0" fromWho="0" sc="161,53,380,-21,200,-11,249,-11" /><INIT seed="2,0,0,3,5,71" ten="214,359,189,238" oya="2" hai0="99,78,103,2,17,44,33,43,70,89,129,61,11" hai1="74,4,101,23,14,55,112,106,48,18,86,60,92" hai2="96,87,122,128,90,118,66,121,95,108,42,9,77" hai3="10,125,82,24,37,105,25,100,102,80,83,117,38"/><V53/><F118/><W115/><G10/><T76/><D33/><U13/><E74/><V30/><F128/><W124/><G105/><T127/><D129/><U54/><E106/><V116/><F116/><W28/><G117/><T104/><D127/><N who="3" m="48713" /><G115/><T134/><D134/><U91/><E112/><V35/><F66/><W21/><G25/><T8/><D8/><U32/><E32/><V72/><F72/><W20/><G20/><T3/><D3/><U45/><E101/><AGARI ba="0,0" hai="21,24,28,37,38,80,82,83,100,101,102" m="48713" machi="101" ten="30,3900,0" yaku="18,1,52,2" doraHai="71" who="3" fromWho="1" sc="214,0,359,-39,189,0,238,39" /><INIT seed="3,0,0,3,3,109" ten="214,320,189,277" oya="3" hai0="81,93,33,38,28,99,75,66,37,34,47,64,91" hai1="87,62,53,59,26,114,78,83,68,12,2,71,80" hai2="79,24,85,57,6,42,134,111,55,52,67,73,102" hai3="29,56,3,36,119,92,95,118,23,4,10,50,82"/><W0/><G36/><T11/><D37/><U61/><E114/><V35/><F73/><W125/><G0/><T115/><D11/><U77/><E2/><V22/><F35/><W7/><G7/><T70/><D115/><U48/><E68/><V131/><F111/><W123/><G123/><T104/><D104/><U25/><E12/><V103/><F131/><W9/><G9/><T31/><D33/><U8/><E8/><V5/><F42/><W15/><G125/><T72/><D70/><U90/><E90/><V43/><F43/><W100/><G82/><T121/><D121/><U124/><E124/><V20/><F67/><N who="0" m="25642" /><D34/><U129/><E129/><V110/><F110/><W60/><G50/><T40/><D72/><U88/><E71/><V105/><F105/><W86/><G95/><T21/><D21/><N who="2" m="8298" /><F24/><N who="1" m="9321" /><E80/><N who="2" m="47263" /><F134/><W112/><G112/><T98/><D98/><U135/><E135/><V120/><F120/><W17/><G29/><N who="0" m="11339" /><D75/><U76/><AGARI ba="0,0" hai="48,53,59,61,62,76,77,78,83,87,88" m="9321" machi="76" ten="30,2000,0" yaku="8,1,54,1" doraHai="109" who="1" fromWho="1" sc="214,-5,320,20,189,-5,277,-10" owari="209,-19.1,340,44.0,184,-31.6,267,6.7" /></mjloggm>