<mjloggm ver="2.3"><GO type="225" lobby="0"/><UN n0="%E3%81%B5%E3%81%98%E3%81%8B%E3%81%A4" n1="%E5%B8%86%E7%AB%8B%E5%A4%8F%E8%A1%A3" n2="%E6%A0%B9%E5%85%83%E3%81%8B%E3%82%89%E5%90%B9%E3%81%A3%E9%A3%9B%E3%81%B6" n3="%E3%81%A8%E3%82%93%E3%81%A8%E3%81%93%E3%81%A8%E3%82%93" dan="16,16,17,16" rate="2121.89,2107.64,2167.26,2137.61" sx="M,M,F,F"/><TAIKYOKU oya="0"/><INIT seed="0,0,0,1,3,126" ten="250,250,250,250" oya="0" hai0="123,117,6,53,93,4,107,32,118,10,128,132,55" hai1="16,66,78,5,59,102,56,46,75,64,98,51,79" hai2="77,84,45,63,86,87,113,105,67,129,19,114,29" hai3="120,74,106,1,101,134,8,24,42,28,22,14,37"/><T69/><D107/><U130/><E5/><V72/><F29/><W18/><G74/><T73/><D73/><U12/><E75/><V96/><F45/><W47/><G134/><T17/><D69/><U110/><E110/><V124/><F19/><W133/><G133/><T80/><D132/><U41/><E130/><V104/><F129/><W54/><G120/><T127/><D123/><U89/><E89/><V48/><F48/><W81/><G81/><T27/><D127/><U70/><E70/><V82/><F124/><W61/><G1/><T112/><D128/><U39/><E59/><V68/><REACH who="2" step="1"/><F96/><REACH who="2" ten="250,250,240,250" step="2"/><W2/><G47/><T97/><D17/><U83/><E39/><V60/><F60/><W20/><G61/><T43/><D97/><U33/><E33/><V103/><F103/><W71/><G101/><T108/><D32/><U115/><E98/><V92/><F92/><W109/><G18/><T49/><D93/><U58/><E102/><V95/><F95/><W65/><G106/><AGARI ba="0,1" hai="63,67,68,72,77,82,84,86,87,104,105,106,113,114" machi="106" ten="40,1300,0" yaku="1,1,53,0" doraHai="126" doraHaiUra="11" who="2" fromWho="3" sc="250,0,250,0,240,23,250,-13" /><INIT seed="1,0,0,1,2,119" ten="250,250,263,237" oya="1" hai0="81,63,86,100,8,118,77,53,34,23,122,102,44" hai1="127,29,9,99,57,47,126,4,131,89,30,84,98" hai2="40,68,129,38,55,37,24,33,5,79,58,13,72" hai3="134,1,25,117,26,2,135,12,39,71,109,28,103"/><U116/><E116/><V65/><F129/><W6/><G39/><T27/><D118/><U32/><E131/><V42/><F13/><W64/><G103/><T43/><D34/><U11/><E57/><V94/><F5/><W14/><G117/><T95/><D8/><N who="1" m="3147" /><E4/><V107/><F94/><W67/><G71/><T132/><D132/><U73/><E73/><V80/><F107/><W92/><G92/><T76/><D76/><U52/><E32/><V51/><F24/><W82/><G82/><T75/><D53/><U87/><E126/><V104/><F104/><W128/><G6/><T74/><D63/><U85/><E127/><V112/><F33/><W108/><REACH who="3" step="1"/><G28/><REACH who="3" ten="250,250,263,227" step="2"/><N who="1" m="10858" /><E89/><V111/><F38/><W31/><G31/><N who="0" m="17919" /><D102/><U17/><E17/><V114/><F37/><W91/><G91/><N who="0" m="53751" /><D100/><U88/><E88/><V105/><F105/><W35/><G35/><T7/><D7/><U124/><E124/><V10/><F68/><W130/><AGARI ba="0,1" hai="1,2,12,14,25,26,64,67,108,109,128,130,134,135" machi="130" ten="25,6400,0" yaku="1,1,0,1,22,2,53,0" doraHai="119" doraHaiUra="78" who="3" fromWho="3" sc="250,-16,250,-32,263,-16,227,74" /><INIT seed="2,0,0,5,5,128" ten="234,218,247,301" oya="2" hai0="8,28,97,115,50,107,69,82,67,86,64,3,15" hai1="62,124,116,73,83,55,132,109,56,54,13,120,60" hai2="113,96,43,130,58,0,59,32,23,85,74,14,38" hai3="61,41,39,117,21,9,81,104,49,40,88,30,17"/><V36/><F32/><W131/><G104/><T27/><D115/><U19/><E116/><V25/><F0/><W106/><G106/><T71/><D3/><U29/><E109/><V12/><F74/><W11/><G39/><T52/><D71/><U70/><E124/><V102/><F85/><N who="3" m="50223" /><G30/><T20/><D69/><U129/><E120/><V95/><F130/><W84/><G117/><T133/><D133/><U5/><E129/><V101/><F113/><W7/><G7/><N who="0" m="3487" /><D97/><U78/><E29/><V37/><F43/><W98/><G98/><T112/><D107/><U103/><E5/><V118/><F101/><W16/><G61/><T92/><D92/><U80/><E80/><V18/><F118/><W79/><G131/><T125/><D125/><U66/><E103/><V6/><F12/><N who="3" m="7183" /><G49/><T93/><D93/><U114/><E114/><V135/><F135/><W108/><G11/><T4/><D4/><U48/><E132/><V2/><F2/><W126/><G108/><T68/><D68/><U24/><E24/><V22/><REACH who="2" step="1"/><F6/><REACH who="2" ten="234,218,237,301" step="2"/><W77/><G126/><T121/><D121/><U35/><E35/><V94/><F94/><W127/><G127/><T134/><D134/><U72/><E72/><V31/><AGARI ba="0,1" hai="14,18,22,23,25,31,36,37,38,58,59,95,96,102" machi="31" ten="30,3000,0" yaku="1,1,0,1,53,0" doraHai="128" doraHaiUra="44" who="2" fromWho="2" sc="234,-10,218,-10,237,40,301,-10" /><INIT seed="2,1,0,5,3,110" ten="224,208,277,291" oya="2" hai0="18,9,111,80,40,96,11,49,118,43,126,36,79" hai1="93,127,116,5,35,132,13,32,27,129,101,73,75" hai2="16,33,81,130,4,28,90,48,121,62,120,45,20" hai3="38,128,10,53,25,55,72,76,60,6,78,113,8"/><V31/><F130/><W61/><G38/><T123/><D123/><U106/><E116/><V30/><F4/><W37/><G37/><T124/><D111/><U65/><E129/><V95/><F33/><W97/><G72/><T44/><D118/><U131/><E131/><V94/><F62/><W46/><G128/><T135/><D135/><U39/><E35/><V104/><F104/><W112/><G25/><T88/><D18/><U69/><E132/><V66/><F66/><W41/><G97/><T17/><D17/><U0/><E13/><V26/><F81/><W51/><G41/><T54/><D43/><U14/><E14/><V21/><F95/><W98/><G98/><T77/><D96/><N who="1" m="61735" /><E93/><V92/><F94/><W56/><G61/><T86/><D9/><N who="3" m="3689" /><G6/><T100/><D11/><N who="1" m="2471" /><E127/><N who="0" m="48681" /><D100/><U15/><E15/><N who="2" m="9247" /><F121/><W22/><G22/><T108/><D108/><U68/><E39/><V134/><F120/><W103/><G103/><T50/><D36/><U71/><E65/><V19/><F134/><W119/><G119/><T107/><D107/><U115/><E115/><AGARI ba="1,0" hai="46,51,53,55,56,60,76,78,112,113,115" m="3689" machi="115" ten="30,7700,0" yaku="11,1,52,3" doraHai="110" who="3" fromWho="1" sc="224,0,208,-80,277,0,291,80" /><INIT seed="3,0,0,3,5,31" ten="224,128,277,371" oya="3" hai0="55,46,7,36,3,32,19,87,128,1,120,24,105" hai1="83,12,129,90,71,23,100,14,56,38,88,9,30" hai2="21,40,64,48,54,68,74,113,92,91,65,15,28" hai3="109,63,50,58,82,118,42,127,96,126,123,34,81"/><W107/><G34/><T133/><D87/><U101/><E129/><V39/><F74/><W33/><G33/><T116/><D55/><U80/><E71/><V60/><F113/><W37/><G37/><T111/><D19/><U89/><E38/><V104/><F104/><W84/><G118/><T67/><D67/><U52/><E30/><V75/><F75/><W11/><G11/><T13/><D13/><U117/><E117/><V99/><F64/><W94/><G107/><T57/><D57/><U119/><E119/><V112/><F112/><W5/><G5/><T114/><D46/><U130/><E130/><V47/><F15/><W115/><G123/><T103/><D103/><U122/><E122/><V26/><F39/><W132/><G109/><T62/><D62/><U16/><E101/><V95/><F95/><W108/><G132/><T35/><D24/><U17/><E100/><V125/><F125/><W43/><G108/><T70/><D7/><U61/><AGARI ba="0,0" hai="9,12,14,16,17,23,52,56,61,80,83,88,89,90" machi="61" ten="30,8000,1" yaku="0,1,8,1,54,3" doraHai="31" who="1" fromWho="1" sc="224,-20,128,80,277,-20,371,-40" owari="204,-29.6,208,-19.2,257,5.7,331,43.1" /></mjloggm>