<mjloggm ver="2.3"><GO type="225" lobby="0"/><UN n0="%E4%B8%8A%E6%B5%B7%E7%86%8A%E7%8C%AB" n1="%E9%80%86%E9%80%A3%E5%B8%AF%E3%81%AE%E9%AC%BC" n2="%E3%81%93%E3%81%91%E6%A4%8D%E7%89%A9" n3="%E3%82%A2%E3%83%A1%E3%82%A2%E3%83%A9%E3%83%AC" dan="16,17,16,16" rate="2068.76,2174.18,2105.62,2049.42" sx="M,M,M,M"/><TAIKYOKU oya="0"/><INIT seed="0,0,0,2,2,122" ten="250,250,250,250" oya="0" hai0="94,65,50,34,8,130,17,77,28,128,85,24,9" hai1="23,72,120,47,132,61,96,100,62,40,10,60,63" hai2="55,12,35,118,105,123,25,104,18,115,133,103,68" hai3="26,16,38,58,49,110,102,2,70,73,22,52,3"/><T57/><D77/><U64/><E120/><V82/><F123/><W88/><G73/><T44/><D65/><U27/><E132/><V125/><F133/><W78/><G78/><T99/><D85/><U69/><E72/><V41/><F103/><W45/><G70/><T71/><D57/><U4/><E63/><V46/><F55/><W93/><G102/><T89/><D71/><U91/><E91/><V129/><F68/><W32/><G32/><T92/><D92/><U11/><E64/><V108/><F25/><W54/><G110/><T14/><REACH who="0" step="1"/><D9/><REACH who="0" ten="240,250,250,250" step="2"/><U59/><E69/><V53/><F105/><W75/><G75/><T131/><D131/><U39/><E59/><V84/><F104/><W107/><G107/><T19/><D19/><U29/><REACH who="1" step="1"/><E4/><REACH who="1" ten="240,240,250,250" step="2"/><V95/><F129/><W5/><G5/><T67/><D67/><U114/><E114/><V116/><F115/><W126/><G58/><T33/><D33/><U119/><E119/><V0/><F35/><W6/><G6/><T42/><AGARI ba="0,2" hai="8,14,17,24,28,34,42,44,50,89,94,99,128,130" machi="42" ten="30,6000,0" yaku="1,1,0,1,53,1" doraHai="122" doraHaiUra="36" who="0" fromWho="0" sc="240,80,240,-20,250,-20,250,-20" /><INIT seed="0,1,0,0,5,103" ten="320,220,230,230" oya="0" hai0="60,99,71,113,55,127,65,5,109,90,64,10,16" hai1="2,76,40,134,61,46,85,98,93,54,83,27,35" hai2="106,78,43,28,104,80,58,21,84,19,57,18,38" hai3="100,121,116,6,126,110,0,11,20,75,12,128,67"/><T50/><D113/><U79/><E134/><V53/><F28/><W59/><G75/><T97/><D127/><U13/><E2/><V70/><F70/><W15/><G100/><T130/><D65/><U34/><E79/><V101/><F101/><W119/><G59/><T77/><D77/><U115/><E115/><V94/><F58/><W102/><G102/><T123/><D123/><U86/><E86/><V120/><F94/><W95/><G95/><T3/><D130/><U73/><E73/><V31/><F31/><W30/><G67/><T111/><D90/><U118/><E118/><V32/><F19/><W9/><G128/><T131/><D16/><U72/><E72/><V17/><F17/><W105/><G105/><T23/><D23/><U49/><E27/><V25/><F32/><W114/><G114/><T56/><REACH who="0" step="1"/><D131/><REACH who="0" ten="310,220,230,230" step="2"/><U88/><E35/><V62/><REACH who="2" step="1"/><F120/><REACH who="2" ten="310,220,220,230" step="2"/><W69/><G121/><T14/><D14/><U96/><E13/><V39/><F39/><W47/><G15/><T122/><D122/><U132/><E34/><V33/><F33/><W44/><G12/><T81/><D81/><U82/><E82/><V68/><F68/><W117/><G69/><T29/><D29/><U26/><E26/><V41/><F41/><W1/><G30/><T91/><D91/><U107/><E83/><V24/><F24/><W4/><G20/><T8/><D8/><U42/><E88/><V112/><F112/><W7/><G11/><T92/><D92/><U89/><E93/><V48/><F48/><W22/><G9/><T74/><D74/><U36/><E49/><RYUUKYOKU ba="1,2" sc="310,15,220,-15,220,15,230,-15" hai0="3,5,10,50,55,56,60,64,71,97,99,109,111" hai2="18,21,25,38,43,53,57,62,78,80,84,104,106" /><INIT seed="0,2,2,0,4,128" ten="325,205,235,215" oya="0" hai0="0,132,99,26,55,29,134,135,18,57,62,107,38" hai1="83,76,60,122,89,15,127,6,5,75,17,77,46" hai2="73,43,88,86,69,59,124,74,70,111,87,120,66" hai3="32,108,113,106,121,98,25,11,119,44,84,67,40"/><T16/><D38/><U45/><E127/><V3/><F3/><W92/><G113/><T79/><D0/><U129/><E129/><V93/><F120/><W20/><G119/><T104/><D79/><U24/><E122/><V105/><F105/><N who="0" m="40522" /><D99/><U117/><E117/><V131/><F124/><W8/><G121/><T22/><AGARI ba="2,2" hai="16,18,22,26,29,55,57,62,132,134,135" m="40522" machi="22" ten="40,12000,1" yaku="20,1,52,3,54,1" doraHai="128" who="0" fromWho="0" sc="325,146,205,-42,235,-42,215,-42" /><INIT seed="0,3,0,0,5,12" ten="471,163,193,173" oya="0" hai0="18,48,44,67,108,102,131,119,2,106,73,85,113" hai1="54,91,71,117,33,42,75,82,6,21,79,127,13" hai2="86,81,27,123,88,107,122,64,98,66,34,76,89" hai3="47,11,118,133,110,40,15,22,28,39,103,29,43"/><T65/><D73/><U32/><E127/><V115/><F115/><W97/><G110/><T92/><D2/><U53/><E117/><V96/><F34/><W7/><G118/><T70/><D70/><U46/><E71/><V87/><F27/><W72/><G72/><T129/><D106/><U68/><E68/><V120/><F66/><W135/><G43/><T60/><D60/><U4/><E33/><V17/><F64/><W50/><G39/><T51/><D48/><U112/><E32/><V58/><F58/><W19/><G133/><T130/><D113/><U23/><E112/><V57/><F57/><W62/><G62/><T25/><D108/><U14/><E91/><N who="2" m="34891" /><F17/><W5/><G135/><T101/><D18/><U3/><E3/><V35/><F35/><W9/><G9/><T61/><D25/><U100/><E100/><N who="0" m="38505" /><D61/><U20/><E14/><V56/><F56/><W90/><G90/><N who="0" m="53327" /><D119/><U37/><REACH who="1" step="1"/><E13/><REACH who="1" ten="471,153,193,173" step="2"/><V93/><F122/><W114/><G114/><T104/><D129/><U8/><E8/><V124/><F124/><W69/><G69/><T105/><D130/><U126/><E126/><V36/><F123/><W16/><G5/><AGARI ba="3,1" hai="4,5,6,20,21,23,37,42,46,53,54,75,79,82" machi="5" ten="40,1300,0" yaku="1,1,53,0" doraHai="12" doraHaiUra="80" who="1" fromWho="3" sc="471,0,153,32,193,0,173,-22" /><INIT seed="1,0,0,0,4,49" ten="471,185,193,151" oya="1" hai0="69,53,99,4,78,39,135,42,80,59,110,62,27" hai1="47,127,84,94,122,63,113,96,34,119,24,115,130" hai2="74,85,51,48,77,90,124,64,112,33,56,101,61" hai3="86,21,32,3,13,95,87,109,100,132,0,76,89"/><U70/><E119/><V82/><F112/><W25/><G109/><T133/><D69/><U30/><E122/><V40/><F33/><W5/><G132/><N who="0" m="50763" /><D4/><U43/><E130/><V73/><F124/><W123/><G123/><T116/><D110/><U104/><E127/><V7/><F7/><W88/><G100/><T79/><D80/><U6/><E6/><V93/><F40/><W71/><G76/><T11/><D11/><U105/><E84/><V111/><F111/><W36/><G36/><T41/><D27/><U125/><E125/><V118/><F118/><W28/><G71/><T8/><D8/><U35/><E35/><V107/><REACH who="2" step="1"/><F73/><REACH who="2" ten="471,185,183,151" step="2"/><W54/><G5/><T68/><D41/><U15/><E115/><V17/><F17/><W126/><G126/><T37/><D42/><U26/><E113/><V10/><F10/><W65/><G32/><T2/><D116/><U129/><E34/><V18/><F18/><W106/><G3/><T134/><D2/><U67/><E30/><V23/><F23/><W29/><G0/><T108/><D108/><U83/><E43/><V44/><F44/><W102/><G29/><T12/><D134/><U45/><E47/><V55/><F55/><W20/><G54/><T81/><D53/><U31/><E45/><V103/><F103/><W120/><G20/><T131/><D39/><U117/><E31/><V50/><F50/><W22/><G102/><T91/><D37/><U75/><E117/><V57/><F57/><W58/><G58/><T38/><D38/><U66/><E75/><V72/><F72/><W46/><G46/><RYUUKYOKU ba="0,1" sc="471,-10,185,-10,183,30,151,-10" hai2="48,51,56,61,64,74,77,82,85,90,93,101,107" /><INIT seed="2,1,1,3,4,69" ten="461,175,213,141" oya="2" hai0="98,100,51,107,26,22,127,95,74,31,87,97,49" hai1="66,103,47,23,70,59,68,54,114,120,116,119,11" hai2="86,121,4,60,56,73,102,92,93,80,105,10,130" hai3="71,15,79,6,8,65,135,33,109,106,24,78,46"/><V123/><F130/><W17/><G109/><T9/><D74/><U34/><E34/><V38/><F38/><W99/><G135/><T64/><D127/><U88/><E114/><V21/><F21/><W20/><G33/><T89/><D64/><U83/><E120/><V84/><F105/><W63/><REACH who="3" step="1"/><G46/><REACH who="3" ten="461,175,213,131" step="2"/><T94/><D9/><U7/><E47/><V85/><F123/><W53/><G53/><T16/><D31/><U72/><E54/><V30/><F121/><W58/><G58/><T27/><D27/><U3/><E59/><V37/><F30/><W111/><G111/><T52/><D52/><U67/><E70/><V28/><F28/><W39/><G39/><T25/><D25/><U75/><E68/><V41/><F37/><W5/><G5/><T45/><D45/><U82/><E11/><V112/><F56/><W12/><G12/><T55/><D55/><U44/><E44/><V62/><F60/><W61/><G61/><T101/><AGARI ba="1,2" hai="16,22,26,49,51,87,89,94,95,97,98,100,101,107" machi="101" ten="20,2700,0" yaku="0,1,7,1,54,1" doraHai="69" who="0" fromWho="0" sc="461,50,175,-8,213,-14,131,-8" /><INIT seed="3,0,0,2,4,80" ten="511,167,199,123" oya="3" hai0="12,38,17,87,119,84,34,68,111,127,62,65,40" hai1="66,63,89,31,129,36,123,1,58,105,104,77,10" hai2="37,85,126,45,22,29,96,79,51,130,18,113,103" hai3="135,39,64,19,101,44,14,110,128,90,27,49,60"/><W133/><G128/><T16/><D111/><U72/><E129/><V92/><F37/><W118/><G118/><T74/><D74/><U115/><E123/><V8/><F130/><W69/><G39/><T3/><D3/><U21/><E115/><V25/><F126/><W100/><G27/><T116/><D34/><U83/><E36/><V134/><F134/><N who="3" m="51211" /><G90/><T75/><D127/><U35/><E21/><V50/><F113/><W112/><G112/><T13/><D38/><U23/><E23/><N who="2" m="15551" /><F8/><N who="3" m="6599" /><G110/><T82/><D116/><U117/><E117/><V91/><F45/><W125/><G125/><T76/><D119/><U30/><E89/><V20/><F20/><W108/><G108/><T59/><D76/><U28/><E35/><V95/><F79/><W57/><G69/><T9/><D68/><U109/><E109/><V0/><F0/><W47/><G47/><T61/><D59/><U32/><E32/><V73/><F73/><W86/><G86/><T99/><D75/><U124/><E124/><V120/><F120/><W4/><G4/><T106/><D84/><U67/><E1/><V70/><F70/><W52/><AGARI ba="0,0" hai="44,49,52,57,60,64,100,101" m="6599,51211" machi="52" ten="30,3000,0" yaku="20,1,54,1" doraHai="80" who="3" fromWho="3" sc="511,-10,167,-10,199,-10,123,30" /><INIT seed="3,1,0,5,3,25" ten="501,157,189,153" oya="3" hai0="17,127,22,18,43,70,85,91,75,1,71,54,89" hai1="106,40,92,81,58,61,62,51,113,49,77,98,102" hai2="42,15,80,13,57,111,41,29,60,76,2,4,120" hai3="59,90,39,133,31,95,84,9,34,129,87,134,130"/><W36/><G9/><T45/><D75/><U83/><E113/><V6/><F120/><W112/><G112/><T128/><D1/><U74/><E106/><V114/><F111/><W131/><G59/><T50/><D127/><U110/><E110/><V109/><F29/><W66/><G66/><T28/><D128/><U116/><E116/><V97/><F97/><W64/><G64/><T99/><D70/><U82/><E62/><V20/><F2/><W14/><G14/><N who="2" m="5129" /><F20/><W78/><G78/><T12/><D28/><U47/><E51/><V48/><F114/><W72/><G72/><T37/><D71/><U101/><E101/><V26/><F26/><N who="3" m="18807" /><G84/><T23/><D85/><U123/><E123/><V0/><F0/><W125/><G125/><T96/><D89/><U27/><E27/><V135/><F135/><AGARI ba="1,0" hai="36,39,87,90,95,129,130,131,133,134,135" m="18807" machi="135" ten="40,7700,0" yaku="19,1,20,1,52,1" doraHai="25" who="3" fromWho="2" sc="501,0,157,0,189,-80,153,80" /><INIT seed="3,2,0,5,2,43" ten="501,157,109,233" oya="3" hai0="27,72,28,12,125,108,30,4,100,2,105,0,14" hai1="20,107,106,33,6,115,79,16,98,31,95,46,42" hai2="71,63,9,55,17,64,96,47,57,61,44,37,77" hai3="49,1,94,69,78,102,18,118,83,111,29,67,24"/><W93/><G1/><T21/><D72/><U22/><E115/><V11/><F77/><W101/><G67/><T133/><D108/><U23/><E6/><V103/><F37/><W74/><G69/><T119/><D119/><U8/><E79/><V54/><F54/><W135/><G18/><T134/><D125/><U48/><E33/><V90/><F90/><W50/><G78/><T59/><D28/><U62/><E62/><V45/><REACH who="2" step="1"/><F17/><REACH who="2" ten="501,157,99,233" step="2"/><W19/><G19/><T35/><D59/><U131/><E131/><V109/><F109/><W15/><G111/><T82/><D82/><U126/><E126/><V88/><F88/><W60/><G83/><T129/><D14/><U132/><E132/><N who="0" m="50793" /><D129/><U117/><E117/><V97/><F97/><W114/><G15/><T39/><D39/><U3/><E16/><V52/><F52/><W65/><G118/><T120/><D120/><U73/><E98/><V70/><F70/><W113/><G135/><T41/><D41/><U116/><E116/><V26/><F26/><W10/><G24/><T92/><D92/><AGARI ba="2,1" hai="9,11,44,45,47,55,57,61,63,64,71,92,96,103" machi="92" ten="40,8000,1" yaku="1,1,52,3,53,1" doraHai="43" doraHaiUra="99" who="2" fromWho="0" sc="501,-86,157,0,99,96,233,0" owari="415,51.5,157,-34.3,195,-20.5,233,3.3" /></mjloggm>