<mjloggm ver="2.3"><GO type="225" lobby="0"/><UN n0="%E5%B0%8F%E9%B3%A5%E9%81%8A%E7%B7%B4%E7%84%A1%32%31%E6%AD%B3" n1="%E3%81%B5%E3%81%98%E3%81%8B%E3%81%A4" n2="%E4%BF%BA%E3%81%A8%E5%A6%96%E5%A4%A2" n3="%E3%81%8B%E3%82%8F%E3%81%A1%E3%82%83%E3%82%93%35%38" dan="16,16,17,16" rate="2184.23,2099.80,2228.69,2149.95" sx="F,M,F,M"/><TAIKYOKU oya="0"/><INIT seed="0,0,0,0,4,11" ten="250,250,250,250" oya="0" hai0="126,102,127,53,12,128,44,112,35,87,27,57,54" hai1="5,103,123,42,36,31,17,130,65,113,88,108,94" hai2="43,1,55,58,2,134,6,4,51,77,79,16,28" hai3="104,23,82,37,132,114,122,32,111,19,75,107,96"/><T80/><D112/><U39/><E123/><V105/><F105/><W74/><G23/><T30/><D102/><U33/><E113/><V7/><F134/><W81/><G19/><T9/><D128/><U25/><E103/><V0/><F28/><W76/><G32/><T15/><D44/><U46/><E130/><V131/><F131/><W63/><G63/><T125/><D9/><U101/><E108/><V26/><REACH who="2" step="1"/><F43/><REACH who="2" ten="250,250,240,250" step="2"/><W119/><G132/><T116/><D116/><U93/><E42/><V124/><F124/><W62/><G119/><T47/><D47/><U45/><E45/><V41/><F41/><W100/><G114/><T95/><D54/><U109/><E31/><V3/><N who="2" m="0" /><DORA hai="118" /><V13/><F13/><W120/><G111/><T133/><D133/><U67/><E46/><V61/><F61/><W90/><G107/><T64/><D64/><U135/><E109/><V14/><F14/><W29/><G62/><N who="0" m="36143" /><D95/><U48/><E94/><V66/><F66/><W73/><G29/><T115/><D115/><U89/><E93/><V59/><F59/><W22/><G37/><T60/><D60/><U72/><E39/><V10/><F10/><W18/><G122/><T56/><D56/><U85/><E36/><V40/><F40/><W92/><G120/><T106/><D106/><U129/><E67/><V24/><F24/><N who="3" m="14423" /><G104/><T84/><D80/><U91/><E65/><V68/><F68/><W86/><G81/><T117/><D117/><U52/><E135/><V69/><F69/><W99/><G100/><T110/><D110/><U83/><E101/><V70/><F70/><RYUUKYOKU ba="0,1" sc="250,10,250,-30,240,10,250,10" hai0="12,15,27,30,35,84,87,125,126,127" hai2="4,6,7,16,26,51,55,58,77,79" hai3="73,74,75,76,82,86,90,92,96,99" /><INIT seed="0,1,1,4,2,46" ten="260,220,250,260" oya="0" hai0="51,134,123,115,5,11,17,110,70,14,38,60,129" hai1="105,97,87,27,125,22,103,83,107,116,127,0,31" hai2="96,39,130,32,63,25,6,43,56,101,21,67,23" hai3="121,15,132,72,4,94,55,29,99,122,84,24,112"/><T44/><D115/><U41/><E116/><V18/><F130/><W102/><G72/><T66/><D123/><N who="3" m="47113" /><G112/><T82/><D134/><U1/><E41/><V93/><F32/><W98/><G132/><T92/><D129/><U73/><E73/><V71/><F6/><W61/><G84/><T68/><D38/><U104/><E0/><V77/><F77/><W53/><G61/><T131/><D131/><U128/><E1/><V113/><F113/><W54/><G99/><T52/><D110/><U114/><E114/><V42/><F39/><W19/><G4/><T36/><D36/><U26/><E26/><N who="2" m="14647" /><F71/><W2/><G2/><T62/><D82/><U7/><E7/><V85/><F85/><W126/><G126/><N who="1" m="48138" /><E128/><V109/><F109/><W12/><G19/><AGARI ba="1,1" hai="19,23,25,42,43,56,63,67,93,96,101" m="14647" machi="19" ten="30,1000,0" yaku="8,1" doraHai="46" who="2" fromWho="3" sc="260,0,220,0,250,23,260,-13" /><INIT seed="1,0,0,5,1,37" ten="260,220,273,247" oya="1" hai0="24,47,122,26,92,77,91,46,20,89,128,126,88" hai1="116,103,45,23,87,12,9,82,81,119,99,100,36" hai2="69,14,22,32,95,62,70,18,21,0,85,52,72" hai3="65,25,123,42,16,41,120,10,115,6,105,39,29"/><U71/><E103/><V44/><F72/><W132/><G115/><T54/><D128/><U78/><E82/><V61/><F32/><W31/><G105/><T107/><D107/><U34/><E23/><V96/><F0/><W55/><G123/><T15/><D126/><U4/><E34/><V1/><F1/><W43/><G39/><T75/><D122/><U127/><E127/><V134/><F85/><W59/><G120/><T131/><D131/><U58/><E58/><V40/><F134/><W90/><G65/><T7/><D77/><U17/><E71/><V79/><F79/><W94/><G6/><T118/><D75/><U3/><E3/><V125/><F22/><N who="3" m="13511" /><G10/><N who="0" m="4575" /><D118/><U13/><E13/><V76/><F76/><W27/><G27/><N who="0" m="10283" /><D20/><U30/><E30/><N who="3" m="11274" /><G132/><T8/><D8/><U109/><E4/><V35/><F35/><W80/><G80/><T51/><D46/><U63/><E119/><V133/><F133/><W49/><G42/><T53/><D53/><U48/><E116/><V2/><F40/><W93/><G93/><AGARI ba="0,0" hai="47,51,54,88,89,91,92,93" m="10283,4575" machi="93" ten="30,2000,0" yaku="8,1,54,1" doraHai="37" who="0" fromWho="3" sc="260,20,220,0,273,0,247,-20" /><INIT seed="2,0,0,1,5,52" ten="280,220,273,227" oya="2" hai0="47,70,78,92,129,3,48,50,37,53,27,28,62" hai1="13,122,20,126,97,99,80,119,24,74,17,6,127" hai2="54,1,36,111,75,7,83,112,93,103,102,8,131" hai3="71,118,59,90,84,2,46,135,67,101,39,15,57"/><V9/><F112/><W104/><G2/><T29/><D3/><U10/><E119/><V85/><F131/><W72/><G72/><T44/><D129/><U94/><E122/><V32/><F32/><W81/><G118/><T26/><D37/><U60/><E74/><V105/><F105/><W76/><G135/><T133/><D78/><U30/><E80/><V12/><F36/><W128/><G128/><T106/><D106/><U34/><E60/><V64/><F75/><W41/><G71/><T22/><D92/><U100/><REACH who="1" step="1"/><E99/><REACH who="1" ten="280,210,273,227" step="2"/><V19/><F83/><W49/><G67/><T31/><D62/><U68/><E68/><V65/><F65/><W108/><G108/><T61/><D61/><U110/><E110/><V55/><F64/><W77/><G39/><T117/><D70/><U79/><E79/><N who="3" m="30282" /><G104/><T107/><D107/><U16/><E16/><V123/><F123/><W23/><G101/><T114/><D117/><U11/><E11/><V132/><F111/><W121/><G121/><T4/><D114/><U56/><E56/><V116/><F116/><W42/><G42/><T109/><D109/><U0/><AGARI ba="0,1" hai="0,6,10,13,17,20,24,30,34,94,97,100,126,127" machi="0" ten="30,8000,1" yaku="1,1,0,1,24,2,53,1" doraHai="52" doraHaiUra="35" who="1" fromWho="1" sc="280,-20,210,90,273,-40,227,-20" /><INIT seed="3,0,0,3,5,109" ten="260,300,233,207" oya="3" hai0="77,27,49,80,36,10,22,132,134,65,124,118,133" hai1="82,119,17,30,64,57,86,20,85,94,95,111,75" hai2="78,125,110,89,56,66,8,108,29,79,60,126,52" hai3="71,83,14,76,100,74,128,45,24,39,59,15,19"/><W12/><G71/><T55/><D36/><U101/><E111/><N who="2" m="42539" /><F29/><W41/><G128/><T88/><D118/><U0/><E0/><V23/><F23/><W97/><G24/><T104/><D104/><U129/><E30/><V114/><F89/><W123/><G59/><T35/><D35/><U34/><E34/><V107/><F107/><W127/><G127/><N who="2" m="48649" /><F8/><W9/><REACH who="3" step="1"/><G123/><REACH who="3" ten="260,300,233,197" step="2"/><T116/><D124/><U48/><E57/><N who="2" m="37135" /><F114/><W70/><G70/><T38/><D133/><U62/><E129/><V58/><F58/><W4/><G4/><T54/><D134/><U31/><E119/><V115/><F115/><W131/><G131/><T63/><D116/><U122/><E122/><V25/><F25/><W50/><G50/><AGARI ba="0,1" hai="50,52,56,78,79" m="37135,48649,42539" machi="50" ten="30,3900,0" yaku="14,1,18,1,54,1" doraHai="109" who="2" fromWho="3" sc="260,0,300,0,233,49,197,-39" owari="260,-14.0,300,40.0,282,8.2,158,-34.2" /></mjloggm>