<mjloggm ver="2.3"><GO type="225" lobby="0"/><UN n0="%E6%B8%85%E9%A2%A8%E5%8C%97" n1="%E3%83%97%E3%83%92" n2="%77%72%77%72%77%72%77%72" n3="%72%65%6E%6B%75%6E" dan="17,17,16,17" rate="2185.74,2195.78,2245.46,2225.28" sx="F,M,M,M"/><TAIKYOKU oya="0"/><INIT seed="0,0,0,2,3,57" ten="250,250,250,250" oya="0" hai0="125,98,118,81,34,8,83,121,46,12,132,94,93" hai1="90,15,38,55,28,51,14,80,116,19,17,79,24" hai2="127,41,82,53,52,63,33,66,70,106,102,64,108" hai3="120,67,50,134,48,56,37,42,44,1,73,27,104"/><T5/><D121/><U25/><E116/><V122/><F122/><W105/><G120/><T77/><D118/><U6/><E38/><V36/><F33/><W30/><G134/><T103/><D34/><U75/><E6/><V133/><F133/><W89/><G1/><T9/><D132/><U72/><E72/><V7/><F7/><W29/><G73/><T96/><D125/><U115/><E115/><V88/><F127/><W92/><G37/><T119/><D119/><U111/><E111/><V59/><F108/><W74/><G74/><T87/><D83/><U39/><E39/><V18/><F18/><W71/><G71/><T49/><D9/><U62/><E90/><V0/><F0/><W4/><G4/><T31/><D31/><U60/><E17/><V10/><F10/><W26/><G29/><T78/><D78/><U45/><E14/><V16/><F16/><W43/><G43/><N who="0" m="24799" /><D98/><U35/><E24/><V32/><F32/><W126/><G126/><T117/><D117/><U99/><REACH who="1" step="1"/><E99/><REACH who="1" ten="250,240,250,250" step="2"/><V129/><F36/><W68/><G27/><T91/><D94/><U76/><E76/><V69/><F82/><W128/><G92/><T100/><AGARI ba="0,1" hai="5,8,12,77,81,87,91,93,96,100,103" m="24799" machi="100" ten="30,3000,0" yaku="25,1,8,1" doraHai="57" who="0" fromWho="0" sc="250,40,240,-10,250,-10,250,-10" /><INIT seed="0,1,0,2,2,28" ten="290,230,240,240" oya="0" hai0="54,17,83,76,112,124,116,68,19,117,55,3,33" hai1="21,42,41,49,30,29,80,6,88,131,25,110,109" hai2="22,51,48,122,82,101,14,57,103,106,100,90,128" hai3="61,86,56,77,62,85,108,118,91,99,73,40,115"/><T70/><D112/><U123/><E123/><V37/><F122/><W43/><G115/><T127/><D3/><U38/><E38/><V105/><F37/><W78/><G118/><N who="0" m="45675" /><D83/><U95/><E6/><V10/><F128/><W96/><G108/><N who="1" m="41578" /><E131/><V114/><F114/><W11/><G11/><T64/><D76/><N who="3" m="29289" /><G73/><T13/><D33/><N who="1" m="20655" /><E80/><V27/><F106/><W94/><G61/><T104/><D104/><U107/><E49/><V8/><F105/><W132/><G132/><T59/><D13/><U18/><E30/><V31/><F57/><W125/><G125/><N who="0" m="48203" /><D64/><U7/><E7/><N who="2" m="3359" /><F10/><W34/><G34/><T53/><D59/><U60/><E107/><V135/><F135/><W5/><G5/><T52/><N who="0" m="13312" /><DORA hai="126" /><T98/><D98/><N who="3" m="37417" /><G86/><AGARI ba="1,0" hai="22,27,31,48,51,82,86,90,100,101,103" m="3359" machi="86" ten="30,1000,0" yaku="8,1" doraHai="28,126" who="2" fromWho="3" sc="290,0,230,0,240,13,240,-13" /><INIT seed="1,0,0,1,2,90" ten="290,230,253,227" oya="1" hai0="100,54,87,31,129,114,72,37,33,67,119,52,122" hai1="105,16,46,76,25,15,98,123,12,60,93,81,106" hai2="115,113,22,61,6,29,110,102,135,8,19,133,103" hai3="34,125,91,44,42,116,39,0,132,20,10,128,127"/><U73/><E123/><V134/><F29/><W95/><G34/><T40/><D119/><U59/><E46/><V71/><F110/><W69/><G69/><T111/><D114/><N who="2" m="43530" /><F61/><W70/><G70/><T101/><D72/><U53/><E12/><N who="2" m="9575" /><F71/><W120/><G120/><T124/><D122/><U14/><E15/><AGARI ba="0,0" hai="6,8,15,102,103,133,134,135" m="9575,43530" machi="15" ten="40,2600,0" yaku="20,1,11,1" doraHai="90" who="2" fromWho="1" sc="290,0,230,-26,253,26,227,0" /><INIT seed="2,0,0,0,1,51" ten="290,204,279,227" oya="2" hai0="120,128,108,115,50,84,125,19,18,91,10,68,112" hai1="74,6,9,81,63,17,109,20,28,92,134,44,66" hai2="38,64,75,0,55,119,117,126,129,98,23,67,5" hai3="94,61,53,47,121,40,85,105,76,73,93,31,58"/><V122/><F75/><W110/><G105/><T72/><D120/><U124/><E109/><V95/><F122/><W41/><G121/><T100/><D72/><U13/><E124/><V25/><F126/><W39/><G110/><T57/><D125/><U62/><E134/><V15/><F38/><W22/><G41/><T49/><D68/><U116/><E116/><V70/><F0/><W65/><G73/><T48/><D108/><U11/><E28/><V82/><F129/><W111/><G111/><T106/><D128/><U89/><E44/><V127/><F127/><W54/><G31/><T59/><D100/><U118/><E118/><V83/><F70/><W8/><G8/><T36/><D106/><U86/><E66/><N who="2" m="25131" /><F119/><W107/><G107/><T69/><D69/><U78/><REACH who="1" step="1"/><E11/><REACH who="1" ten="290,194,279,227" step="2"/><V101/><F117/><W133/><G133/><T96/><D10/><U43/><E43/><V30/><F30/><W12/><G65/><T90/><D36/><U99/><E99/><V2/><F98/><W37/><G37/><T88/><D96/><U102/><E102/><V104/><F101/><W16/><REACH who="3" step="1"/><G53/><REACH who="3" ten="290,194,279,217" step="2"/><T131/><D131/><U26/><AGARI ba="0,2" hai="6,9,13,17,20,26,62,63,74,78,81,86,89,92" machi="26" ten="20,5200,0" yaku="1,1,0,1,7,1,53,1" doraHai="51" doraHaiUra="80" who="1" fromWho="1" sc="290,-13,194,72,279,-26,217,-13" /><INIT seed="3,0,0,5,5,66" ten="277,266,253,204" oya="3" hai0="57,132,102,53,4,126,27,74,45,58,107,108,9" hai1="11,135,68,95,12,75,37,22,24,65,63,73,90" hai2="28,18,69,117,123,119,89,70,30,122,87,112,47" hai3="114,83,115,7,106,15,97,13,76,109,61,82,56"/><W128/><G128/><T77/><D108/><U67/><E135/><V42/><F18/><W118/><G118/><N who="2" m="45065" /><F112/><W88/><G109/><T46/><D132/><U129/><E37/><V60/><F60/><W120/><G120/><N who="2" m="46121" /><F28/><W33/><G33/><T116/><D116/><U44/><E67/><V10/><F10/><W36/><G36/><T113/><D113/><U52/><E129/><V121/><N who="2" m="46129" /><V127/><DORA hai="92" /><F30/><W0/><G0/><T26/><D57/><U105/><E22/><V48/><F127/><W124/><G124/><T32/><D126/><U84/><E24/><V25/><F25/><W111/><G111/><T40/><D27/><U100/><E44/><V34/><F34/><W50/><G50/><T55/><D46/><U1/><E1/><V130/><F130/><W20/><G20/><T23/><D32/><U43/><E43/><V14/><F14/><W78/><G7/><T81/><D45/><U101/><E52/><V125/><F125/><W86/><G114/><T80/><D58/><U6/><REACH who="1" step="1"/><E105/><REACH who="1" ten="277,256,253,204" step="2"/><V133/><F133/><W99/><G115/><T19/><D40/><U38/><E38/><V79/><F47/><W41/><G41/><T54/><D54/><U17/><E17/><V94/><F42/><W131/><G131/><T91/><D55/><U72/><AGARI ba="0,1" hai="6,11,12,63,65,68,72,73,75,84,90,95,100,101" machi="72" ten="30,7900,0" yaku="1,1,0,1,52,1,53,1" doraHai="66,92" doraHaiUra="3,51" who="1" fromWho="1" sc="277,-20,256,89,253,-20,204,-39" owari="257,5.7,345,44.5,233,-16.7,165,-33.5" /></mjloggm>