<mjloggm ver="2.3"><GO type="225" lobby="0"/><UN n0="%E3%81%86%E3%83%BC%E3%81%B1%E3%83%BC" n1="%E3%81%AA%E3%81%A1%30%39%32%37" n2="%E3%83%A9%E3%82%B9%E7%8E%87%EF%BC%93%E5%89%B2" n3="%E3%81%A8%E3%82%93%E3%81%A8%E3%81%93%E3%81%A8%E3%82%93" dan="17,16,16,16" rate="2207.04,2125.98,2174.43,2069.63" sx="F,M,F,M"/><TAIKYOKU oya="0"/><INIT seed="0,0,0,0,4,23" ten="250,250,250,250" oya="0" hai0="87,86,111,75,31,107,64,74,88,130,16,73,133" hai1="58,95,106,76,68,52,104,82,43,0,91,30,50" hai2="15,32,77,96,79,116,63,7,49,20,119,48,14" hai3="101,97,99,34,46,69,105,24,128,67,37,12,13"/><T4/><D107/><U71/><E0/><V120/><F32/><W131/><G97/><T61/><D4/><U5/><E5/><V18/><F120/><W92/><G92/><T62/><D130/><N who="3" m="49705" /><G37/><T54/><D133/><U70/><E43/><V17/><F7/><W25/><G46/><T132/><D132/><U35/><E91/><V22/><F63/><N who="3" m="40191" /><G34/><T39/><D39/><U80/><E95/><V1/><REACH who="2" step="1"/><F96/><REACH who="2" ten="250,250,240,250" step="2"/><W78/><G78/><T51/><D62/><U27/><REACH who="1" step="1"/><E82/><REACH who="1" ten="250,240,240,250" step="2"/><V26/><F26/><AGARI ba="0,2" hai="12,13,24,25,26,99,101,105" m="40191,49705" machi="26" ten="30,7700,0" yaku="19,1,52,3" doraHai="23" who="3" fromWho="2" sc="250,0,240,0,240,-77,250,97" /><INIT seed="1,0,0,5,1,33" ten="250,240,163,347" oya="1" hai0="55,68,0,123,5,85,70,103,18,11,35,98,132" hai1="125,119,29,6,77,117,26,110,83,81,47,124,2" hai2="34,23,53,24,104,15,58,38,80,76,115,19,57" hai3="122,16,73,100,96,31,37,105,112,116,130,21,106"/><U86/><E47/><V129/><F104/><W32/><G112/><T12/><D132/><U128/><E128/><V118/><F118/><W79/><G122/><T22/><D123/><U127/><E110/><V102/><F129/><W131/><G37/><T14/><D35/><U41/><E41/><V27/><F115/><W60/><G106/><T51/><D85/><U92/><E83/><V126/><F126/><W52/><G116/><T107/><REACH who="0" step="1"/><D14/><REACH who="0" ten="240,240,163,347" step="2"/><U90/><E2/><V1/><F1/><W62/><G32/><T54/><D54/><U97/><REACH who="1" step="1"/><E6/><REACH who="1" ten="240,230,163,347" step="2"/><V108/><F108/><W135/><G130/><T101/><D101/><U109/><E109/><V4/><F102/><W39/><G131/><T8/><D8/><U30/><E30/><V50/><F4/><W121/><G31/><T46/><AGARI ba="0,2" hai="0,5,11,12,18,22,46,51,55,68,70,98,103,107" machi="46" ten="20,8000,1" yaku="1,1,0,1,7,1,52,1,53,1" doraHai="33" doraHaiUra="95" who="0" fromWho="0" sc="240,100,230,-40,163,-20,347,-20" /><INIT seed="2,0,0,0,0,135" ten="340,190,143,327" oya="2" hai0="51,116,110,19,100,101,122,29,32,40,62,111,109" hai1="52,119,67,9,4,90,76,105,58,14,98,13,93" hai2="118,132,7,64,77,115,129,68,92,120,50,72,43" hai3="44,34,49,24,10,6,128,71,85,15,48,54,124"/><V3/><F132/><W28/><G71/><T86/><D122/><U57/><E119/><V87/><F118/><W84/><G128/><T38/><D116/><U95/><E76/><V60/><F120/><W125/><REACH who="3" step="1"/><G49/><REACH who="3" ten="340,190,143,317" step="2"/><T30/><D51/><N who="1" m="30879" /><E105/><V79/><F129/><W103/><G103/><T75/><D100/><U99/><E4/><V123/><F123/><W126/><AGARI ba="0,1" hai="6,10,15,24,28,34,44,48,54,84,85,124,125,126" machi="126" ten="30,16000,3" yaku="1,1,0,1,18,1,52,3,53,2" doraHai="135" doraHaiUra="81" who="3" fromWho="3" sc="340,-40,190,-40,143,-80,317,170" /><INIT seed="3,0,0,1,5,42" ten="300,150,63,487" oya="3" hai0="51,26,17,28,19,131,5,130,40,115,105,55,88" hai1="68,67,9,56,119,79,89,126,61,53,91,122,0" hai2="22,35,12,50,43,30,118,58,25,80,3,92,129" hai3="27,18,123,132,7,109,52,32,10,65,78,76,20"/><W48/><G123/><T117/><D117/><U4/><E122/><V121/><F118/><W33/><G132/><T62/><D115/><U77/><E119/><V57/><F121/><W24/><G65/><T87/><D105/><U14/><E126/><V75/><F129/><W99/><G109/><T74/><D62/><U83/><E0/><V16/><F92/><W94/><G33/><T93/><D40/><U54/><E79/><V21/><F75/><W100/><G32/><T81/><D5/><U110/><E110/><V82/><F22/><W69/><G69/><T64/><D64/><U71/><E71/><V85/><F82/><W90/><G27/><T44/><D93/><U29/><E29/><V125/><F125/><W133/><G133/><T135/><D74/><U95/><E68/><V6/><F85/><W104/><G104/><T31/><D31/><U66/><E66/><V102/><F80/><W73/><G100/><T96/><D96/><N who="1" m="57455" /><E77/><V84/><F84/><AGARI ba="0,0" hai="4,9,14,53,54,56,61,67,83,84,91" m="57455" machi="84" ten="30,1000,0" yaku="8,1" doraHai="42" who="1" fromWho="2" sc="300,0,150,10,63,-10,487,0" owari="300,10.0,160,-24.0,53,-44.7,487,58.7" /></mjloggm>