<mjloggm ver="2.3"><GO type="225" lobby="0"/><UN n0="%43%68%65" n1="%E3%82%B8%E3%83%A3%E3%83%9E%E3%83%BC%E3%83%AB%E3%83%9E%E3%83%AC%E3%83%BC" n2="%E3%83%AD%E3%83%83%E3%83%86%E9%9B%80%E7%90%83" n3="%E3%83%AC%E3%82%A4%E3%83%88%E3%83%B3%E5%87%86%E6%95%99%E6%8E%88" dan="16,17,17,18" rate="2172.82,2197.06,2184.71,2206.38" sx="M,M,M,M"/><TAIKYOKU oya="0"/><INIT seed="0,0,0,2,2,115" ten="250,250,250,250" oya="0" hai0="113,47,74,38,78,8,64,23,77,75,27,109,12" hai1="17,11,72,0,94,59,29,65,123,96,5,120,41" hai2="60,6,95,68,92,124,90,106,93,15,73,7,54" hai3="42,89,48,35,21,19,69,81,13,107,36,114,66"/><T117/><D113/><U33/><E72/><V133/><F106/><W85/><G114/><T56/><D75/><U84/><E41/><V76/><F124/><W122/><G122/><T20/><D117/><U58/><E84/><V126/><F126/><W52/><G107/><T31/><D109/><U116/><E116/><V129/><F133/><W118/><G35/><T34/><D38/><U26/><E17/><V40/><F129/><W63/><G36/><T132/><D132/><U49/><E59/><N who="2" m="34935" /><F68/><W83/><G118/><T105/><D105/><U127/><E127/><V22/><F76/><W10/><G42/><T98/><D47/><U67/><E49/><V80/><F40/><W121/><G121/><T55/><D64/><U111/><E111/><V62/><F62/><W131/><G131/><T125/><D98/><U99/><E99/><V103/><F103/><W57/><REACH who="3" step="1"/><G10/><REACH who="3" ten="250,250,250,240" step="2"/><T24/><D125/><U30/><E120/><V9/><F9/><W134/><G134/><T101/><D34/><U1/><E123/><V37/><F37/><W102/><G102/><T4/><D101/><U45/><E11/><V128/><F128/><W135/><G135/><T88/><D74/><U14/><E33/><V43/><F43/><W51/><G51/><N who="0" m="30847" /><D88/><U28/><E0/><V25/><F73/><W104/><G104/><T91/><D91/><U79/><E1/><V87/><F90/><W108/><G108/><T97/><D97/><U3/><E96/><V16/><F87/><W44/><G44/><T61/><D61/><N who="1" m="38071" /><E45/><V39/><F39/><W32/><G32/><T46/><D46/><RYUUKYOKU ba="0,1" sc="250,15,250,-15,250,-15,240,15" hai0="4,8,12,20,23,24,27,31,77,78" hai3="13,19,21,48,52,57,63,66,69,81,83,85,89" /><INIT seed="0,1,1,3,3,29" ten="265,235,235,255" oya="0" hai0="109,124,1,131,71,52,65,87,117,93,123,0,95" hai1="62,24,90,132,13,57,43,111,22,103,84,85,56" hai2="82,78,72,40,28,100,91,108,130,27,120,79,41" hai3="11,96,32,97,54,14,116,69,112,38,46,122,49"/><T25/><D117/><U10/><E111/><V59/><F108/><W7/><G116/><T129/><D109/><U107/><E132/><V125/><F120/><W31/><G112/><T42/><D123/><U30/><E43/><V128/><F125/><W66/><G122/><T8/><D124/><U113/><E113/><V3/><F3/><W80/><G38/><T18/><D42/><U36/><E36/><V34/><F100/><W35/><G31/><T44/><D65/><U53/><E103/><V89/><F79/><W37/><G37/><T101/><D71/><U134/><E107/><V127/><F127/><W77/><G69/><T33/><D87/><U98/><E57/><V121/><F121/><W114/><G66/><T19/><D101/><U45/><E45/><V55/><F40/><W47/><G47/><T12/><D95/><N who="1" m="56695" /><E134/><V39/><F41/><W74/><REACH who="3" step="1"/><G114/><REACH who="3" ten="265,235,235,245" step="2"/><T21/><D44/><U126/><E126/><V135/><F135/><W92/><G92/><T58/><D93/><U9/><E9/><V104/><F39/><W105/><G105/><T83/><D83/><U81/><E81/><V94/><F104/><W23/><G23/><T115/><D115/><U99/><E99/><AGARI ba="1,2" hai="7,11,14,32,35,46,49,54,74,77,80,96,97,99" machi="99" ten="40,8000,1" yaku="1,1,52,2,53,1" doraHai="29" doraHaiUra="75" who="3" fromWho="1" sc="265,0,235,-83,235,0,245,103" /><INIT seed="1,0,0,0,5,98" ten="265,152,235,348" oya="1" hai0="91,7,51,55,26,85,123,23,67,16,35,125,46" hai1="32,128,70,120,61,57,47,115,60,74,76,36,3" hai2="127,49,106,79,42,28,100,107,103,6,99,4,82" hai3="105,88,24,33,39,18,94,43,104,75,112,19,134"/><U117/><RYUUKYOKU type="yao9" ba="0,0" sc="265,0,152,0,235,0,348,0" hai1="3,32,36,47,57,60,61,70,74,76,115,117,120,128" /><INIT seed="1,1,0,5,4,123" ten="265,152,235,348" oya="1" hai0="81,62,94,59,106,46,11,129,38,68,84,103,76" hai1="112,60,2,125,118,32,28,8,26,117,116,121,18" hai2="49,61,96,65,113,115,14,131,35,127,79,119,56" hai3="85,22,75,105,71,91,90,6,24,73,114,30,110"/><U77/><E121/><V66/><F119/><W17/><G114/><N who="2" m="43529" /><F131/><W48/><G71/><T19/><D129/><U82/><E112/><V99/><F127/><W57/><G105/><T31/><D68/><U70/><E125/><V124/><F124/><W16/><G6/><T55/><D106/><U53/><E53/><N who="2" m="31791" /><F35/><W133/><G133/><T132/><D31/><U63/><E70/><N who="2" m="42287" /><F66/><W102/><G73/><T27/><D132/><U130/><E130/><V80/><F14/><W29/><G75/><AGARI ba="1,0" hai="75,79,80,96,99" m="42287,31791,43529" machi="75" ten="30,1000,0" yaku="11,1" doraHai="123" who="2" fromWho="3" sc="265,0,152,0,235,13,348,-13" /><INIT seed="2,0,0,3,2,42" ten="265,152,248,335" oya="2" hai0="59,107,5,95,60,68,54,113,33,35,67,37,55" hai1="13,48,34,6,71,83,123,125,24,62,27,89,117" hai2="77,29,132,74,25,122,53,30,47,28,19,82,90" hai3="44,73,2,92,0,46,103,1,52,69,45,121,63"/><V126/><F122/><W101/><G73/><T124/><D107/><U108/><E117/><V43/><F126/><W119/><G119/><T41/><D113/><U56/><E125/><V21/><F132/><W115/><G121/><T39/><D124/><U72/><E123/><V64/><F64/><W50/><G115/><T61/><D5/><U15/><E71/><V100/><F100/><W11/><G11/><T133/><D133/><U10/><E108/><V98/><F53/><W120/><G120/><T109/><D109/><U99/><E34/><V65/><F65/><W38/><G38/><T9/><D55/><U94/><E72/><V20/><F90/><W128/><G128/><T87/><D9/><U17/><E83/><V40/><F98/><W26/><G63/><T130/><D39/><U4/><E48/><V58/><F58/><W112/><G69/><T79/><D130/><U51/><E51/><V80/><F80/><W118/><G118/><T135/><D135/><U88/><E89/><V12/><REACH who="2" step="1"/><F40/><REACH who="2" ten="265,152,238,335" step="2"/><W114/><G114/><T102/><D102/><U18/><E4/><V75/><F75/><W66/><G66/><T85/><D41/><U131/><E131/><V97/><F97/><N who="3" m="59559" /><G103/><T129/><D129/><U7/><E6/><V104/><F104/><W84/><G112/><T96/><D67/><N who="1" m="39367" /><E7/><V3/><F3/><W76/><G76/><T106/><D79/><U70/><E70/><V23/><F23/><AGARI ba="0,1" hai="10,13,15,17,18,23,24,27,88,94,99" m="39367" machi="23" ten="30,2000,0" yaku="8,1,54,1" doraHai="42" who="1" fromWho="2" sc="265,0,152,30,238,-20,335,0" /><INIT seed="3,0,0,4,2,1" ten="265,182,218,335" oya="3" hai0="135,104,18,54,32,93,73,118,99,62,108,22,71" hai1="112,67,52,127,117,50,34,86,58,3,84,105,39" hai2="63,102,95,88,56,17,128,115,15,7,33,97,28" hai3="75,121,8,4,72,9,66,122,64,61,38,40,85"/><W27/><G38/><T79/><D118/><U70/><E112/><V100/><F115/><W120/><G40/><T98/><D32/><U74/><E117/><V119/><F119/><W13/><G85/><T12/><D104/><U65/><E105/><V114/><F114/><W111/><G111/><T81/><D135/><U24/><E74/><V53/><F128/><W110/><G110/><T133/><D133/><U30/><E127/><V109/><F109/><W35/><G66/><T76/><D76/><U124/><E124/><V31/><F7/><W125/><G125/><T134/><D134/><U55/><E39/><V80/><F33/><W77/><G77/><T83/><D83/><U44/><E3/><V47/><F47/><W21/><G8/><T94/><D108/><U23/><E34/><V82/><F82/><W59/><REACH who="3" step="1"/><G35/><REACH who="3" ten="265,182,218,325" step="2"/><T87/><D87/><U103/><E103/><V68/><F102/><W48/><G48/><T49/><D49/><U51/><REACH who="1" step="1"/><E67/><REACH who="1" ten="265,172,218,325" step="2"/><V2/><F100/><W123/><G123/><T29/><D73/><U11/><E11/><V60/><F2/><W101/><G101/><T19/><D22/><U89/><E89/><V131/><F88/><W90/><G90/><T116/><D116/><U126/><E126/><V96/><F131/><W0/><G0/><T6/><D79/><U92/><E92/><V46/><F95/><W36/><G36/><T78/><D94/><U26/><E26/><V10/><F10/><W41/><G41/><T106/><D93/><U37/><E37/><V91/><F91/><W69/><G69/><T107/><D71/><RYUUKYOKU ba="0,2" sc="265,-15,172,15,218,-15,325,15" hai1="23,24,30,44,50,51,52,55,58,65,70,84,86" hai3="4,9,13,21,27,59,61,64,72,75,120,121,122" owari="250,5.0,187,-31.3,203,-19.7,360,46.0" /></mjloggm>