<mjloggm ver="2.3"><GO type="225" lobby="0"/><UN n0="%4C%4F%4C%49%54%41" n1="%6D%75%75%6D%75%72%61" n2="%73%6C%69%63%6B%33%31%39" n3="%E3%83%AD%E3%83%83%E3%83%86%E9%9B%80%E7%90%83" dan="16,16,16,17" rate="2204.47,2200.88,2165.29,2268.90" sx="F,F,M,M"/><TAIKYOKU oya="0"/><INIT seed="0,0,0,5,0,72" ten="250,250,250,250" oya="0" hai0="3,116,8,115,131,44,130,0,70,93,101,36,60" hai1="94,133,38,28,82,23,107,81,104,68,7,83,119" hai2="74,92,135,35,37,99,21,30,62,102,89,47,50" hai3="34,14,49,111,112,103,134,78,6,80,41,9,61"/><T24/><D115/><U33/><E119/><V17/><F37/><W5/><G112/><T87/><D116/><U55/><E133/><V63/><F135/><W71/><G134/><T121/><D121/><U25/><E68/><V57/><F74/><W26/><G111/><T110/><D110/><U29/><E38/><V39/><F39/><W45/><G103/><T122/><D122/><U125/><E125/><V58/><F30/><W20/><G34/><T98/><D24/><U105/><E7/><V42/><F35/><W1/><G1/><T40/><D87/><U128/><E128/><N who="0" m="49193" /><D8/><U52/><E33/><V118/><F118/><W75/><G6/><T2/><D2/><U53/><REACH who="1" step="1"/><E94/><REACH who="1" ten="250,240,250,250" step="2"/><V85/><F63/><W127/><G127/><T114/><D114/><U109/><E109/><V48/><F62/><W126/><G126/><T106/><D93/><U76/><E76/><V84/><F50/><W65/><G49/><T59/><D70/><U10/><E10/><V100/><F92/><W31/><G71/><T86/><D86/><U90/><E90/><V64/><F89/><W32/><G32/><T120/><D120/><U4/><E4/><V73/><F73/><W96/><G75/><T12/><D12/><U113/><E113/><V66/><F85/><W16/><G14/><T15/><D15/><U67/><E67/><AGARI ba="0,1" hai="0,3,36,40,44,59,60,67,98,101,106" m="49193" machi="67" ten="30,1500,0" yaku="19,1" doraHai="72" who="0" fromWho="1" sc="250,25,240,-15,250,0,250,0" /><INIT seed="0,1,0,2,3,68" ten="275,225,250,250" oya="0" hai0="33,23,92,90,108,0,89,122,26,38,37,117,44" hai1="74,36,14,133,17,126,61,97,67,102,79,29,118" hai2="119,28,24,13,6,19,62,71,95,51,52,78,2" hai3="31,50,134,73,121,27,7,65,10,86,112,32,8"/><T57/><D117/><U114/><E118/><V21/><F78/><W115/><G73/><T131/><D122/><U87/><E114/><V59/><F119/><W69/><G121/><T40/><D0/><U88/><E126/><V1/><F6/><W46/><G134/><T103/><D131/><U111/><E133/><V15/><F15/><W91/><G69/><T128/><D128/><U76/><E111/><V41/><F95/><W53/><G65/><T125/><D33/><U105/><E29/><V16/><F19/><W66/><G66/><T64/><D125/><U55/><E55/><V98/><F98/><W39/><G39/><N who="0" m="21535" /><D90/><U54/><E54/><V56/><F71/><W48/><G48/><T130/><D89/><U49/><E49/><V132/><F132/><W120/><G120/><T18/><D18/><U47/><E74/><V93/><F93/><W83/><REACH who="3" step="1"/><G10/><REACH who="3" ten="275,225,250,240" step="2"/><T22/><D38/><U11/><E36/><V43/><F41/><W82/><G82/><T96/><D130/><U84/><E47/><V4/><F43/><W101/><G101/><T34/><D37/><U3/><E3/><AGARI ba="1,1" hai="3,7,8,27,31,32,46,50,53,83,86,91,112,115" machi="3" ten="30,2000,0" yaku="1,1,7,1,53,0" doraHai="68" doraHaiUra="127" who="3" fromWho="1" sc="275,0,225,-23,250,0,240,33" /><INIT seed="1,0,0,4,0,80" ten="275,202,250,273" oya="1" hai0="22,3,131,6,100,89,34,2,51,9,26,54,37" hai1="62,4,108,129,121,76,40,86,81,73,120,59,94" hai2="130,24,13,83,49,67,99,78,117,97,102,114,63" hai3="125,110,115,48,38,23,28,18,56,19,82,32,123"/><U112/><E112/><V118/><F114/><W53/><G115/><T65/><D37/><U87/><E129/><V85/><F130/><W1/><G123/><T101/><D131/><U20/><E108/><V126/><F126/><W95/><G38/><T88/><D2/><U69/><E69/><V39/><F39/><W109/><G1/><T16/><D65/><U111/><E111/><N who="3" m="42506" /><G32/><T47/><D34/><U119/><E40/><V70/><F99/><W43/><G43/><T79/><REACH who="0" step="1"/><D79/><REACH who="0" ten="265,202,250,273" step="2"/><U5/><E119/><V15/><F118/><W10/><G125/><T128/><D128/><U71/><E71/><V96/><F117/><W27/><G10/><T105/><D105/><U29/><E120/><V12/><F102/><AGARI ba="0,1" hai="3,6,9,16,22,26,47,51,54,88,89,100,101,102" machi="102" ten="40,5200,0" yaku="1,1,54,2,53,0" doraHai="80" doraHaiUra="107" who="0" fromWho="2" sc="265,62,202,0,250,-52,273,0" /><INIT seed="2,0,0,0,1,90" ten="327,202,198,273" oya="2" hai0="85,12,27,36,46,113,101,78,74,86,132,53,48" hai1="125,24,15,43,19,9,13,110,129,33,116,50,45" hai2="134,16,30,31,123,29,6,44,22,102,120,3,87" hai3="128,124,0,88,119,57,23,54,34,65,135,133,59"/><V121/><F102/><W82/><G34/><T58/><D113/><U95/><E116/><V47/><F134/><N who="3" m="51211" /><G0/><T81/><D132/><U51/><E110/><V118/><F118/><W97/><G119/><T11/><D101/><U4/><E125/><V66/><F66/><W94/><G124/><T93/><D27/><U49/><E129/><V56/><F56/><W18/><G128/><T126/><D126/><U17/><E33/><V112/><F112/><W72/><G65/><T42/><REACH who="0" step="1"/><D93/><REACH who="0" ten="317,202,198,273" step="2"/><U20/><E95/><V104/><F104/><W35/><G35/><T76/><D76/><U117/><E117/><V83/><F3/><W108/><G108/><T40/><D40/><U91/><E91/><V84/><F121/><W21/><G88/><T92/><D92/><U96/><E96/><V106/><F106/><W111/><G94/><T109/><D109/><U103/><E103/><V70/><F123/><W73/><G97/><T62/><D62/><U41/><REACH who="1" step="1"/><E43/><REACH who="1" ten="317,192,198,273" step="2"/><V1/><F120/><W69/><G111/><T114/><D114/><U68/><E68/><V55/><F70/><W100/><G69/><T5/><AGARI ba="0,2" hai="5,11,12,36,42,46,48,53,58,74,78,81,85,86" machi="5" ten="20,2700,0" yaku="1,1,0,1,7,1,53,0" doraHai="90" doraHaiUra="14" who="0" fromWho="0" sc="317,47,192,-7,198,-13,273,-7" /><INIT seed="3,0,0,3,2,13" ten="364,185,185,266" oya="3" hai0="25,8,105,111,79,29,4,97,40,42,47,48,85" hai1="30,99,108,132,117,98,96,15,0,84,106,52,93" hai2="76,2,26,70,118,60,34,1,32,66,103,14,24" hai3="127,36,37,123,17,77,126,109,102,130,129,62,57"/><W43/><G102/><T65/><D111/><U33/><E0/><V18/><F118/><W59/><G77/><T88/><D79/><U45/><E108/><V38/><F38/><N who="3" m="14955" /><G17/><T16/><D65/><U23/><E132/><V21/><F76/><W64/><G109/><T78/><D78/><U58/><E106/><V92/><F32/><W82/><G82/><T80/><D42/><U81/><E33/><V75/><F75/><W12/><G12/><N who="0" m="5127" /><D105/><U61/><E45/><V119/><F119/><W22/><G22/><N who="0" m="13511" /><D97/><U90/><E117/><V20/><F34/><W124/><G123/><T35/><D35/><U44/><E44/><V89/><F103/><W39/><G39/><T28/><AGARI ba="0,0" hai="28,29,40,47,48,80,85,88" m="13511,5127" machi="28" ten="30,7900,0" yaku="8,1,52,1,54,2" doraHai="13" who="0" fromWho="0" sc="364,79,185,-20,185,-20,266,-39" owari="443,54.3,165,-23.5,165,-33.5,227,2.7" /></mjloggm>