<mjloggm ver="2.3"><GO type="225" lobby="0"/><UN n0="%E3%83%B4%E3%82%A3%E3%83%AF%E3%82%B3%E3%82%B0%E3%83%8B" n1="%E3%82%A2%E3%83%9E%E3%83%9D%EF%BD%9E%EF%BD%9E%E3%83%A9" n2="%E3%83%AD%E3%83%83%E3%83%86%E9%9B%80%E7%90%83" n3="%E6%97%A5%E6%9B%9C%E6%97%A5%E3%82%88%E3%82%8A%E3%81%AE%E4%BD%BF%E8%80%85" dan="16,17,17,18" rate="2125.74,2174.98,2222.47,2166.25" sx="M,M,M,M"/><TAIKYOKU oya="0"/><INIT seed="0,0,0,2,0,10" ten="250,250,250,250" oya="0" hai0="96,113,97,54,106,30,70,18,58,109,39,116,71" hai1="52,125,105,28,72,127,26,4,35,47,64,114,85" hai2="16,81,51,25,56,68,78,44,49,111,12,14,122" hai3="112,38,135,134,20,103,99,15,31,93,59,92,37"/><T100/><D113/><U11/><E114/><V84/><F122/><W13/><G112/><T129/><D116/><U107/><E72/><V91/><F111/><W102/><G59/><T34/><D39/><U48/><E64/><V117/><F68/><W73/><G73/><T27/><D129/><U63/><E63/><V79/><F117/><W88/><G31/><T75/><D75/><U130/><E85/><V98/><F56/><W55/><G55/><T90/><D109/><U69/><E69/><V126/><F126/><N who="1" m="48137" /><E130/><V133/><F133/><N who="3" m="50699" /><G20/><T9/><D90/><U131/><E131/><V115/><F115/><W29/><G29/><T60/><REACH who="0" step="1"/><D97/><REACH who="0" ten="240,250,250,250" step="2"/><U124/><N who="1" m="48145" /><U53/><DORA hai="132" /><E53/><V67/><F98/><N who="3" m="57607" /><G103/><T83/><D83/><U43/><E43/><V19/><F81/><W76/><G76/><T22/><D22/><U66/><E66/><V101/><F67/><W1/><G1/><AGARI ba="0,1" hai="1,4,11,26,28,35,47,48,52,105,107" m="48145" machi="1" ten="40,12000,2" yaku="18,1,52,4,54,1" doraHai="10,132" who="1" fromWho="3" sc="240,0,250,130,250,0,250,-120" /><INIT seed="1,0,0,2,0,53" ten="240,380,250,130" oya="1" hai0="95,114,122,83,17,44,84,11,2,75,46,34,54" hai1="128,124,4,39,99,111,62,9,50,82,18,108,42" hai2="63,65,81,23,77,105,71,98,47,14,121,118,109" hai3="20,19,6,85,97,22,119,61,79,92,94,131,135"/><U38/><E124/><V0/><F0/><W55/><G119/><T16/><D34/><U43/><E128/><V74/><F121/><W129/><G135/><T49/><D114/><U45/><E18/><V103/><F118/><W70/><G6/><T37/><D122/><U106/><E82/><V102/><F109/><N who="1" m="42057" /><E62/><V73/><F103/><W57/><G70/><T91/><D37/><N who="1" m="13835" /><E99/><V15/><F74/><W56/><G131/><T110/><D110/><U112/><E106/><V24/><F47/><W80/><G129/><T27/><D44/><U123/><E123/><V72/><F72/><W21/><G97/><T130/><D130/><U29/><E29/><AGARI ba="0,0" hai="14,15,23,24,29,63,65,71,73,77,81,98,102,105" machi="29" ten="30,1000,0" yaku="7,1" doraHai="53" who="2" fromWho="1" sc="240,0,380,-10,250,10,130,0" /><INIT seed="2,0,0,0,5,120" ten="240,370,260,130" oya="2" hai0="30,49,38,28,60,104,119,0,72,79,102,14,84" hai1="135,33,65,45,64,35,41,81,87,36,121,59,34" hai2="78,39,27,51,62,106,107,114,97,32,70,134,21" hai3="95,11,48,111,50,108,129,124,83,128,116,61,88"/><V80/><F39/><W94/><G116/><T123/><D123/><U12/><E121/><V99/><F114/><W15/><G61/><T6/><D38/><U98/><E135/><V73/><F32/><W9/><G83/><N who="0" m="47231" /><D0/><U8/><E98/><V89/><F134/><W5/><G124/><T77/><D77/><U44/><E59/><V86/><F51/><W66/><G66/><T113/><D72/><U20/><E20/><V96/><F62/><W57/><G57/><T90/><D104/><U85/><E85/><V55/><F55/><W100/><G100/><T19/><D102/><U115/><E45/><V117/><F70/><W110/><G11/><T67/><D6/><U22/><E22/><V122/><F117/><W130/><REACH who="3" step="1"/><G95/><REACH who="3" ten="240,370,260,120" step="2"/><T109/><D60/><U40/><E8/><V68/><F122/><W16/><G16/><T53/><D67/><U63/><E63/><V25/><F107/><W42/><G42/><T105/><D105/><U112/><E41/><V75/><F106/><W101/><G101/><T127/><D127/><U69/><E65/><V47/><F80/><W125/><G125/><T133/><D119/><U13/><E64/><V132/><F132/><W10/><G10/><T1/><D19/><U131/><E81/><V56/><F56/><W58/><G58/><T26/><D133/><U54/><E40/><V37/><F68/><W43/><G43/><T126/><D126/><U24/><E69/><V76/><F37/><W17/><G17/><T91/><D53/><U18/><E36/><V4/><F47/><W23/><G23/><T74/><D49/><RYUUKYOKU ba="0,1" sc="240,-10,370,-10,260,-10,120,30" hai3="5,9,15,48,50,88,94,108,110,111,128,129,130" /><INIT seed="3,1,1,2,2,128" ten="230,360,250,150" oya="3" hai0="98,121,23,12,81,22,46,56,126,39,18,14,57" hai1="122,112,37,59,54,41,117,69,72,50,92,9,101" hai2="109,102,74,76,65,3,107,11,88,84,13,115,77" hai3="30,130,42,63,125,86,123,129,6,15,83,7,32"/><W93/><G123/><T113/><D121/><U48/><E72/><V85/><F115/><W97/><G42/><T105/><D113/><U60/><E101/><V124/><F74/><W96/><G63/><T2/><D2/><U52/><E92/><V89/><F3/><W29/><G125/><T40/><D126/><U116/><E9/><V33/><F33/><W134/><G134/><T64/><D64/><N who="1" m="41095" /><E122/><V87/><F109/><W20/><G32/><T24/><D81/><U71/><E71/><V111/><F111/><W120/><G120/><T67/><D67/><U99/><E99/><N who="3" m="37962" /><G93/><T82/><D82/><U103/><E103/><V110/><F110/><W21/><G130/><T78/><D78/><U38/><E112/><V34/><F77/><N who="3" m="46447" /><G129/><T36/><D36/><N who="1" m="13931" /><E41/><V51/><F76/><W106/><G106/><T19/><D24/><U26/><E26/><V94/><F107/><W79/><G79/><T133/><D133/><U131/><E131/><V104/><F104/><W53/><G53/><T55/><D55/><U127/><E127/><V91/><F124/><W100/><G100/><AGARI ba="1,1" hai="12,14,18,19,22,23,39,40,46,56,57,98,100,105" machi="100" ten="40,1300,0" yaku="9,1" doraHai="128" who="0" fromWho="3" sc="230,26,360,0,250,0,150,-16" owari="256,5.6,360,46.0,250,-15.0,134,-36.6" /></mjloggm>