<mjloggm ver="2.3"><GO type="225" lobby="0"/><UN n0="%E5%B0%8F%E9%B3%A5%E9%81%8A%E7%B7%B4%E7%84%A1%32%31%E6%AD%B3" n1="%E3%81%86%E3%81%A9%E3%82%93%E3%81%93" n2="%E3%81%A9%E3%82%8F%E3%82%93%E3%81%94" n3="%E3%81%99%E3%81%84%E3%81%BE%E3%81%9B%E3%83%BC%E3%82%93" dan="16,16,16,17" rate="2159.39,2185.10,2093.01,2242.89" sx="F,M,M,M"/><TAIKYOKU oya="0"/><INIT seed="0,0,0,1,1,125" ten="250,250,250,250" oya="0" hai0="64,47,10,79,13,6,23,130,2,68,75,38,29" hai1="115,53,24,48,124,119,78,113,60,123,1,86,34" hai2="43,16,4,85,117,132,72,11,108,94,46,33,55" hai3="122,18,133,71,81,120,135,98,36,104,80,84,65"/><T37/><D68/><U90/><E119/><V89/><F72/><W22/><G36/><T83/><D64/><U0/><E78/><V73/><F73/><W101/><G65/><T12/><D37/><U58/><E123/><N who="3" m="47146" /><G71/><T103/><D103/><U121/><E121/><V88/><F117/><W96/><G18/><T112/><D112/><N who="1" m="43083" /><E124/><V100/><F108/><W77/><G22/><T91/><D91/><U74/><E74/><V25/><F132/><N who="3" m="50763" /><G96/><T50/><D130/><U30/><E48/><V8/><F16/><W54/><G54/><T109/><D50/><U126/><E126/><V131/><F55/><W52/><G52/><T97/><D97/><U92/><AGARI ba="0,0" hai="0,1,24,30,34,53,58,60,86,90,92" m="43083" machi="92" ten="30,1100,0" yaku="11,1" doraHai="125" who="1" fromWho="1" sc="250,-5,250,11,250,-3,250,-3" /><INIT seed="1,0,0,1,3,109" ten="245,261,247,247" oya="1" hai0="95,80,1,32,78,105,125,43,45,116,39,9,131" hai1="13,20,98,0,35,127,11,52,76,88,79,27,108" hai2="30,12,66,28,71,15,61,19,74,122,99,89,36" hai3="82,134,93,120,54,49,91,126,132,96,123,121,2"/><U46/><E108/><V69/><F122/><W18/><G2/><T118/><D32/><U83/><E35/><V114/><F74/><W87/><G18/><T37/><D105/><U24/><E0/><V42/><F71/><W104/><G126/><T47/><D131/><U129/><E129/><V133/><F133/><N who="3" m="51307" /><G49/><T111/><D95/><N who="1" m="56679" /><E127/><V34/><F34/><W17/><G17/><T128/><D111/><U64/><E64/><V84/><F99/><W62/><G54/><T29/><D29/><N who="1" m="17543" /><E27/><V124/><F124/><W48/><G48/><T97/><D125/><U81/><E46/><V73/><F73/><W16/><G16/><T57/><D128/><U56/><E79/><V31/><F19/><W106/><G62/><T40/><D57/><U5/><E76/><AGARI ba="0,0" hai="76,82,87,91,93,96,104,106,120,121,123" m="51307" machi="76" ten="40,5200,0" yaku="20,1,34,2" doraHai="109" who="3" fromWho="1" sc="245,0,261,-52,247,0,247,52" /><INIT seed="2,0,0,3,5,77" ten="245,209,247,299" oya="2" hai0="98,52,85,23,96,19,22,110,64,3,68,115,58" hai1="101,48,1,17,112,84,12,92,117,38,33,78,72" hai2="128,95,91,0,47,86,105,107,61,16,56,46,134" hai3="132,67,89,131,4,2,27,30,10,104,13,24,41"/><V109/><F0/><W31/><G104/><T111/><D3/><U65/><E38/><V130/><F134/><W40/><G132/><T26/><D115/><U93/><E1/><V108/><F107/><W127/><G127/><T129/><D129/><N who="2" m="49770" /><F105/><W49/><G131/><T42/><D42/><U5/><E33/><V124/><F124/><W45/><G41/><T135/><D135/><U60/><E112/><V74/><F74/><W87/><G67/><T6/><D6/><U97/><E72/><V29/><F29/><N who="3" m="10763" /><G2/><T79/><D23/><U36/><E36/><V122/><F122/><W50/><G50/><N who="0" m="30999" /><D64/><U62/><E5/><V15/><F56/><W80/><AGARI ba="0,0" hai="4,10,13,24,27,40,45,49,80,87,89" m="10763" machi="80" ten="30,2000,0" yaku="8,1,52,1" doraHai="77" who="3" fromWho="3" sc="245,-5,209,-5,247,-10,299,20" /><INIT seed="3,0,0,0,4,45" ten="240,204,237,319" oya="3" hai0="112,5,68,25,16,56,85,4,63,120,35,73,116" hai1="135,33,91,43,118,58,80,52,27,96,95,15,3" hai2="107,14,122,6,86,79,59,48,64,104,83,69,51" hai3="42,114,53,92,1,78,100,65,132,131,125,8,19"/><W111/><G114/><T98/><D73/><U18/><E3/><V87/><F69/><W61/><G125/><T75/><D75/><U94/><E135/><V2/><F2/><W26/><G131/><T89/><D68/><U115/><E115/><V117/><F117/><W11/><G111/><T123/><D116/><U9/><E118/><V70/><F70/><W31/><G42/><T10/><D35/><U133/><E133/><V32/><F32/><W62/><G78/><T99/><D112/><U54/><E43/><V101/><F101/><W129/><G129/><T76/><D76/><U17/><E80/><N who="2" m="47391" /><F107/><W103/><G1/><T127/><D127/><U50/><E54/><V102/><F102/><W108/><G108/><T21/><D123/><U71/><E71/><V72/><F104/><W93/><G53/><N who="0" m="34191" /><D120/><U109/><E109/><V57/><F72/><W74/><G74/><T130/><D130/><U82/><E82/><V124/><F124/><W60/><G93/><N who="0" m="54447" /><D10/><U119/><E119/><V12/><F122/><W41/><G103/><T126/><D126/><U28/><E95/><V13/><F6/><AGARI ba="0,0" hai="4,5,6,16,21,25,98,99" m="54447,34191" machi="6" ten="30,2000,0" yaku="8,1,54,1" doraHai="45" who="0" fromWho="2" sc="240,20,204,0,237,-20,319,0" /><AGARI ba="0,0" hai="6,9,15,17,18,27,28,33,50,52,58,91,94,96" machi="6" ten="30,3900,0" yaku="7,1,52,1,54,1" doraHai="45" who="1" fromWho="2" sc="260,0,204,39,217,-39,319,0" owari="260,6.0,243,-15.7,178,-32.2,319,41.9" /></mjloggm>