<mjloggm ver="2.3"><GO type="225" lobby="0"/><UN n0="%E3%82%82%E3%81%90%E3%82%89" n1="%72%61%6B%33" n2="%53%41%49%2A" n3="%E3%83%B4%E3%83%A0%EF%BC%99%E3%81%A6" dan="16,16,16,16" rate="2195.91,2210.01,2116.33,2153.10" sx="M,M,M,M"/><TAIKYOKU oya="0"/><INIT seed="0,0,0,1,1,64" ten="250,250,250,250" oya="0" hai0="11,60,98,106,92,107,74,58,80,99,112,5,52" hai1="100,82,73,65,53,66,3,50,89,46,57,13,6" hai2="109,103,70,93,130,94,62,104,45,83,24,79,68" hai3="33,36,27,101,91,49,126,84,25,22,40,121,75"/><T96/><D112/><U129/><E129/><V56/><F109/><W19/><G75/><T10/><D92/><U81/><E100/><V72/><F130/><W131/><G131/><T15/><REACH who="0" step="1"/><D11/><REACH who="0" ten="240,250,250,250" step="2"/><N who="1" m="4343" /><E3/><V115/><F115/><W47/><G121/><T55/><D55/><N who="1" m="30167" /><E73/><V31/><F94/><W76/><G101/><T23/><D23/><U88/><E82/><V118/><F93/><W37/><G22/><T20/><D20/><U135/><E135/><V71/><F118/><W97/><G33/><T32/><D32/><U1/><E1/><V42/><F104/><W117/><G117/><T26/><D26/><U123/><E123/><V128/><F128/><W39/><G25/><T116/><D116/><U18/><E18/><V41/><F103/><W105/><G19/><T8/><D8/><U2/><E2/><V110/><F110/><W63/><G27/><T61/><D61/><N who="1" m="36015" /><E89/><V34/><REACH who="2" step="1"/><F45/><REACH who="2" ten="240,250,240,250" step="2"/><W0/><G47/><T113/><D113/><U67/><E81/><V29/><F29/><W30/><G30/><T59/><D59/><U35/><E35/><V69/><N who="2" m="17408" /><DORA hai="122" /><V133/><F133/><W119/><G119/><T108/><D108/><U7/><E88/><V102/><F102/><W43/><G105/><T16/><D16/><U125/><E7/><V85/><F85/><W21/><G84/><T17/><D17/><U120/><E120/><V124/><F124/><W78/><G126/><T51/><D51/><U38/><E125/><V127/><F127/><W28/><G49/><T111/><D111/><U114/><E114/><V4/><F4/><W86/><G28/><RYUUKYOKU ba="0,2" sc="240,10,250,10,240,10,250,-30" hai0="5,10,15,52,58,60,74,80,96,98,99,106,107" hai1="38,65,66,67" hai2="24,31,34,41,42,56,62,72,79,83" /><INIT seed="0,1,2,1,1,135" ten="250,260,250,220" oya="0" hai0="88,32,68,100,74,104,38,87,85,112,22,15,123" hai1="42,120,75,41,131,117,12,121,76,99,10,39,109" hai2="106,130,27,14,115,83,107,108,98,78,34,19,20" hai3="70,134,58,6,28,113,81,57,17,52,118,92,133"/><T26/><D123/><U1/><E117/><V114/><F108/><W33/><G118/><T96/><D112/><U9/><E109/><V60/><F130/><W37/><G70/><T5/><D38/><U84/><E131/><V56/><F107/><W50/><G113/><T21/><D68/><U97/><E84/><V124/><F98/><W129/><G129/><T72/><D85/><U48/><E48/><V82/><F82/><W67/><G37/><T77/><D32/><U55/><E55/><V105/><F106/><W13/><G6/><T64/><D64/><U89/><E89/><V24/><F24/><W59/><G92/><T94/><D77/><U65/><E65/><V36/><F105/><W45/><G81/><T110/><D110/><U30/><E30/><V86/><F36/><W111/><G111/><T61/><D61/><U71/><E12/><V8/><F34/><W95/><G95/><T102/><D102/><U47/><E71/><V101/><F101/><W23/><G67/><T25/><D25/><U132/><E132/><N who="3" m="50794" /><G33/><T43/><D43/><U62/><E39/><V93/><F93/><W40/><G28/><T69/><D69/><U122/><E41/><V0/><F0/><W119/><G119/><T125/><D104/><U49/><E1/><V79/><F79/><W11/><G40/><T66/><D100/><U18/><E76/><V3/><F3/><W35/><G35/><T80/><D96/><N who="1" m="36939" /><E75/><V103/><F115/><W73/><G73/><T54/><D74/><U51/><E121/><V31/><F114/><W127/><G23/><N who="0" m="8715" /><D72/><U4/><E122/><RYUUKYOKU ba="1,2" sc="250,-10,260,-10,250,-10,220,30" hai3="11,13,17,45,50,52,57,58,59,127" /><INIT seed="1,2,2,4,4,65" ten="240,250,240,250" oya="1" hai0="43,129,83,0,133,120,82,76,16,85,84,68,10" hai1="41,50,2,111,21,71,109,132,119,4,27,46,25" hai2="79,22,113,98,116,28,44,40,112,115,122,90,53" hai3="29,80,60,70,13,135,114,5,88,75,78,7,91"/><U107/><E119/><V130/><F122/><W59/><G114/><T125/><D120/><U94/><E107/><V128/><F79/><W12/><G135/><T93/><D133/><U35/><E132/><V51/><F116/><W96/><G29/><T127/><D129/><N who="2" m="49770" /><F40/><W131/><G131/><T17/><D43/><U121/><E121/><V30/><F22/><W11/><G96/><T118/><D93/><AGARI ba="2,2" hai="28,30,44,51,53,90,93,98,112,113,115" m="49770" machi="93" ten="40,2600,0" yaku="11,1,19,1" doraHai="65" who="2" fromWho="0" sc="240,-32,250,0,240,52,250,0" /><INIT seed="2,0,0,1,4,2" ten="208,250,292,250" oya="2" hai0="94,34,69,20,30,77,76,83,99,122,132,87,91" hai1="118,95,89,80,58,46,4,26,52,10,6,11,84" hai2="130,28,22,90,114,60,128,56,82,35,100,36,129" hai3="126,32,17,119,123,7,51,93,15,65,106,61,121"/><V1/><F114/><W12/><G106/><T44/><D69/><U29/><E118/><V74/><F36/><W68/><G119/><T127/><D34/><U97/><E46/><V117/><F117/><W25/><G126/><T125/><D122/><U75/><E75/><V33/><F100/><W120/><G32/><T71/><D71/><U67/><E67/><V13/><F1/><W23/><G51/><T16/><D30/><U88/><E10/><V81/><F81/><W115/><G115/><T53/><D132/><U5/><E11/><V48/><F48/><W0/><G0/><T19/><D19/><U8/><E8/><V43/><F43/><W24/><G24/><T103/><D127/><U31/><E26/><N who="2" m="16471" /><F13/><W39/><G39/><T104/><D104/><U49/><AGARI ba="0,0" hai="4,5,6,29,31,49,52,58,80,84,88,89,95,97" machi="49" ten="30,12000,2" yaku="0,1,8,1,52,3,54,2" doraHai="2" who="1" fromWho="1" sc="208,-30,250,120,292,-60,250,-30" /><INIT seed="3,0,0,1,0,65" ten="178,370,232,220" oya="3" hai0="57,27,11,106,135,66,105,26,116,99,33,70,40" hai1="16,36,14,37,113,122,133,86,63,134,81,71,114" hai2="12,2,64,15,90,115,107,104,97,121,82,124,73" hai3="101,118,38,48,69,77,80,126,100,59,129,110,17"/><W108/><G118/><T127/><D116/><U87/><E122/><V120/><F2/><W62/><G38/><N who="1" m="14954" /><E71/><V131/><F115/><N who="1" m="44041" /><E63/><V78/><F124/><W123/><G123/><N who="2" m="47177" /><F131/><W18/><G129/><T42/><D135/><N who="1" m="51723" /><E81/><V30/><F64/><N who="3" m="41111" /><G126/><T46/><D127/><U125/><E125/><V132/><F30/><W58/><G100/><T47/><D57/><N who="3" m="21513" /><G48/><T109/><D11/><AGARI ba="0,0" hai="11,14,16,86,87" m="51723,44041,14954" machi="11" ten="40,2600,0" yaku="20,1,54,1" doraHai="65" who="1" fromWho="0" sc="178,-26,370,26,232,0,220,0" owari="152,-34.8,396,49.6,232,3.2,220,-18.0" /></mjloggm>