<mjloggm ver="2.3"><GO type="225" lobby="0"/><UN n0="%E6%80%AA%E3%81%97%E3%81%99%E3%81%8E%E3%82%8B%E3%83%81%E3%83%BC" n1="%E5%AF%82%E5%AF%9E%E3%82%AE%E3%83%8D%E3%82%B9%E3%83%93%E3%83%BC%E3%83%AB" n2="%E5%84%AA%40%41%42%43" n3="%E8%A8%88%E7%AE%97%E6%A9%9F%E8%87%AA%E7%84%B6" dan="16,16,17,17" rate="2124.70,2148.00,2265.98,2255.31" sx="M,M,M,M"/><TAIKYOKU oya="0"/><INIT seed="0,0,0,4,4,45" ten="250,250,250,250" oya="0" hai0="123,25,100,47,36,60,7,2,27,61,18,130,56" hai1="53,133,111,92,102,87,86,116,28,115,134,22,15" hai2="66,55,131,75,73,126,4,69,128,81,34,74,41" hai3="114,13,84,5,65,46,117,104,91,79,20,1,101"/><T97/><D123/><U77/><E116/><V135/><F34/><W38/><G117/><T57/><D130/><N who="2" m="49706" /><F41/><W43/><G114/><T39/><D2/><U72/><E115/><V0/><F135/><N who="1" m="51721" /><E111/><V33/><F33/><W67/><G79/><T122/><D7/><U94/><E28/><V44/><F126/><W105/><G1/><T52/><D122/><U88/><E53/><V50/><F66/><W125/><G125/><T37/><D18/><N who="1" m="10591" /><E102/><V85/><F69/><W26/><G13/><T70/><D47/><U62/><E62/><V113/><F113/><W90/><G5/><T93/><REACH who="0" step="1"/><D70/><REACH who="0" ten="240,250,250,250" step="2"/><U12/><E12/><V68/><F68/><W129/><G129/><T6/><D6/><U108/><E108/><V58/><F4/><W35/><G46/><T23/><D23/><U82/><E94/><V32/><F32/><W63/><G35/><T42/><D42/><U21/><E21/><V30/><F0/><W10/><G43/><T11/><D11/><U119/><E119/><V96/><F30/><W49/><G10/><T8/><D8/><U76/><E76/><N who="2" m="46247" /><F44/><W71/><G71/><T78/><D78/><U31/><E31/><V120/><F120/><W118/><G20/><T29/><D29/><U103/><E72/><V99/><AGARI ba="0,1" hai="50,55,58,73,74,75,96,99" m="46247,49706" machi="99" ten="40,2700,0" yaku="19,1,52,1" doraHai="45" who="2" fromWho="2" sc="240,-13,250,-7,250,37,250,-7" /><INIT seed="1,0,0,4,1,5" ten="227,243,287,243" oya="1" hai0="130,121,28,73,49,101,45,123,50,17,29,18,131" hai1="64,108,59,60,21,16,65,124,105,2,66,44,119" hai2="9,52,38,54,43,51,103,40,3,85,12,23,135" hai3="53,95,102,76,89,4,87,74,35,107,8,106,132"/><U63/><E119/><V90/><F38/><W39/><G35/><T34/><D34/><U96/><E124/><V69/><F69/><W100/><G39/><T125/><D45/><U98/><E2/><V48/><F3/><W75/><G53/><T37/><D101/><N who="3" m="39017" /><G8/><T26/><D37/><U117/><E117/><V27/><F103/><W99/><G4/><T115/><D73/><N who="3" m="27657" /><G132/><T36/><D36/><U133/><E105/><N who="3" m="39946" /><G76/><T24/><REACH who="0" step="1"/><D115/><REACH who="0" ten="217,243,287,243" step="2"/><U104/><E104/><V111/><F135/><W126/><G126/><AGARI ba="0,1" hai="17,18,24,26,28,29,49,50,121,123,125,126,130,131" machi="126" ten="25,6400,0" yaku="1,1,2,1,22,2,53,0" doraHai="5" doraHaiUra="79" who="0" fromWho="3" sc="217,74,243,0,287,0,243,-64" /><INIT seed="2,0,0,2,0,122" ten="291,243,287,179" oya="2" hai0="46,26,73,49,55,86,44,102,5,0,78,116,61" hai1="57,98,113,29,50,101,21,129,119,121,4,66,47" hai2="65,105,19,97,10,17,25,33,79,72,15,82,134" hai3="30,87,112,106,34,95,77,100,109,92,24,131,27"/><V75/><F134/><W20/><G131/><T132/><D116/><U120/><E113/><V118/><F118/><W99/><G112/><T68/><D132/><U110/><E119/><V58/><F105/><W48/><G48/><T43/><D102/><U130/><E4/><V94/><F75/><W40/><G40/><T128/><D128/><N who="1" m="49259" /><E21/><V104/><F104/><W18/><G77/><T1/><D68/><U63/><E29/><V12/><F65/><W107/><G106/><T22/><D73/><U56/><E98/><V126/><F58/><N who="1" m="22633" /><E101/><V117/><F126/><W84/><G107/><T103/><D103/><U115/><E110/><V76/><F76/><W53/><G53/><T11/><D61/><U85/><E85/><V123/><F123/><W41/><G41/><T88/><D78/><U60/><E115/><V114/><F117/><W23/><G34/><T96/><D96/><U13/><E13/><V135/><F135/><W67/><G67/><T71/><D71/><N who="1" m="42439" /><E63/><V16/><F114/><W90/><REACH who="3" step="1"/><G84/><REACH who="3" ten="291,243,287,169" step="2"/><T8/><D86/><U2/><E2/><V89/><F33/><W124/><G124/><T133/><D1/><U91/><E91/><V54/><F89/><W28/><G28/><N who="0" m="17495" /><D133/><U93/><E93/><V108/><F94/><W9/><G9/><N who="0" m="2215" /><D88/><U3/><E3/><V39/><F10/><W83/><G83/><T31/><D31/><U14/><E121/><V52/><F82/><W70/><G70/><T127/><D127/><U62/><E120/><V6/><F79/><W64/><G64/><T111/><D111/><AGARI ba="0,1" hai="18,20,23,24,27,30,87,90,92,95,99,100,109,111" machi="111" ten="40,5200,0" yaku="1,1,52,2,53,0" doraHai="122" doraHaiUra="7" who="3" fromWho="0" sc="291,-52,243,0,287,0,169,62" /><INIT seed="3,0,0,2,0,81" ten="239,243,287,231" oya="3" hai0="93,52,22,57,64,127,39,116,79,76,70,46,65" hai1="130,67,125,63,49,58,4,112,41,109,18,10,123" hai2="27,61,19,102,23,56,111,87,134,78,28,8,54" hai3="95,97,14,50,30,73,82,17,103,107,6,113,83"/><W24/><G113/><T94/><D116/><U11/><E123/><V48/><F111/><W40/><G6/><T32/><D32/><U121/><E112/><V133/><F102/><W108/><G108/><T66/><D127/><U16/><E109/><V131/><F131/><W135/><G135/><N who="2" m="51721" /><F78/><N who="0" m="29738" /><D39/><U33/><E33/><V44/><F87/><W13/><G107/><T124/><D70/><U105/><E105/><V91/><F91/><W45/><G13/><T132/><D124/><U77/><E125/><V3/><F3/><W120/><G73/><T86/><D132/><U38/><E38/><V96/><F96/><W88/><G103/><T15/><D46/><N who="1" m="25807" /><E130/><V53/><F8/><N who="1" m="3113" /><E121/><V98/><F98/><W117/><G120/><T122/><D122/><U114/><E114/><V101/><F101/><W9/><REACH who="3" step="1"/><G117/><REACH who="3" ten="239,243,287,221" step="2"/><T31/><D15/><U104/><E104/><V2/><F2/><W99/><G99/><T129/><D129/><U34/><E4/><V29/><AGARI ba="0,1" hai="19,23,27,28,29,44,48,53,54,56,61" m="51721" machi="29" ten="30,1100,0" yaku="20,1" doraHai="81" who="2" fromWho="2" sc="239,-3,243,-3,287,21,221,-5" owari="236,-16.4,240,4.0,308,40.8,216,-28.4" /></mjloggm>