<mjloggm ver="2.3"><GO type="225" lobby="0"/><UN n0="%6D%75%75%6D%75%72%61" n1="%E3%82%BC%E3%83%AB%E3%83%80%E3%81%AE%E4%BC%9D%E8%AA%AC" n2="%E3%81%86%E3%82%8B%E3%81%8A%E3%81%A1%E3%82%83" n3="%E3%81%82%E3%81%B9%E3%81%99%E3%81%91" dan="16,16,16,16" rate="2112.99,2209.15,2076.93,2118.95" sx="F,M,F,M"/><TAIKYOKU oya="0"/><INIT seed="0,0,0,2,3,37" ten="250,250,250,250" oya="0" hai0="81,12,124,80,101,19,45,35,8,66,25,59,78" hai1="52,87,36,82,128,90,84,2,27,73,111,88,68" hai2="46,95,89,62,127,123,133,98,104,113,57,97,51" hai3="10,83,42,112,21,11,17,63,115,72,43,53,134"/><T93/><D124/><U56/><E68/><V64/><F123/><W60/><G134/><T44/><D35/><U130/><E2/><V23/><F113/><W74/><G53/><T33/><D33/><U119/><E119/><V16/><F133/><W100/><G100/><T76/><D25/><U131/><E111/><V79/><F79/><N who="0" m="30250" /><D66/><U125/><E125/><V34/><F34/><W3/><G83/><N who="0" m="31819" /><D59/><U103/><E103/><V108/><F108/><W9/><G3/><T14/><D14/><U22/><E73/><N who="3" m="28266" /><G17/><T55/><D55/><U129/><E36/><V92/><F104/><W91/><G21/><T70/><D70/><U117/><E117/><V24/><F127/><W0/><G0/><T106/><D106/><U61/><E128/><V126/><F126/><W132/><G132/><T77/><N who="0" m="30258" /><T47/><DORA hai="71" /><D47/><U6/><E6/><V94/><REACH who="2" step="1"/><F97/><AGARI ba="0,0" hai="8,12,19,44,45,93,97,101" m="31819,30258" machi="97" ten="40,2000,0" yaku="8,1" doraHai="37,71" who="0" fromWho="2" sc="250,20,250,0,250,-20,250,0" /><INIT seed="0,1,0,5,2,16" ten="270,250,230,250" oya="0" hai0="32,130,42,103,115,118,70,8,37,24,6,26,84" hai1="107,114,135,47,69,75,120,54,102,9,44,83,22" hai2="52,11,18,19,62,43,81,96,76,105,5,116,71" hai3="104,93,35,36,94,0,25,55,98,125,91,119,106"/><T1/><D115/><U129/><E120/><V33/><F33/><W80/><G0/><T2/><D118/><U30/><E69/><V31/><F31/><W63/><G36/><T51/><D130/><U60/><E129/><V79/><F43/><W101/><G119/><T12/><D37/><U123/><E123/><V59/><F71/><W131/><G131/><T133/><D70/><U61/><E9/><V41/><F41/><W38/><G80/><T4/><D133/><U108/><E135/><V27/><F76/><W77/><G77/><T66/><D66/><U58/><E114/><V92/><F105/><W95/><G125/><T99/><D84/><U68/><E75/><V39/><F39/><W82/><G82/><T17/><D4/><U13/><E83/><V117/><F27/><W134/><G134/><T132/><D132/><U50/><E108/><V72/><F117/><W67/><G67/><T20/><D32/><U29/><E68/><V21/><F21/><W65/><G65/><T45/><REACH who="0" step="1"/><D1/><REACH who="0" ten="260,250,230,250" step="2"/><U113/><E113/><V126/><F116/><W110/><G38/><T90/><D90/><U28/><E102/><V46/><F5/><W88/><G91/><T100/><D100/><U78/><E78/><V112/><F79/><W124/><G88/><T40/><D40/><U49/><E107/><AGARI ba="1,1" hai="2,6,8,12,17,20,24,26,42,45,51,99,103,107" machi="107" ten="30,5800,0" yaku="1,1,7,1,52,1,53,0" doraHai="16" doraHaiUra="85" who="0" fromWho="1" sc="260,71,250,-61,230,0,250,0" /><INIT seed="0,2,0,3,2,74" ten="331,189,230,250" oya="0" hai0="21,51,29,63,108,15,16,109,10,90,48,47,127" hai1="83,116,84,133,120,112,12,50,45,28,130,110,107" hai2="115,100,89,27,106,9,46,102,75,94,30,54,70" hai3="26,99,65,42,6,25,82,18,0,118,59,67,2"/><T97/><D127/><U20/><E116/><V64/><F115/><W124/><G118/><T40/><D63/><U135/><E120/><V104/><F9/><W113/><G42/><T134/><D134/><N who="1" m="51211" /><E112/><V81/><F70/><W8/><G99/><T103/><D90/><U56/><E107/><V33/><F64/><W23/><G26/><T86/><D86/><U131/><E56/><V22/><F33/><W3/><G124/><T60/><D60/><U38/><E38/><V32/><F32/><W61/><G67/><T35/><D35/><U34/><E34/><V68/><F68/><W91/><G113/><T93/><D51/><U126/><E126/><V122/><F122/><W119/><G119/><T17/><REACH who="0" step="1"/><D29/><REACH who="0" ten="321,189,230,250" step="2"/><U101/><E28/><V88/><F89/><W111/><G91/><T52/><D52/><N who="1" m="29775" /><E101/><V114/><F100/><W41/><G61/><T96/><D96/><U5/><E110/><V31/><F102/><W1/><G111/><T14/><AGARI ba="2,1" hai="10,14,15,16,17,21,40,47,48,93,97,103,108,109" machi="14" ten="30,6000,0" yaku="1,1,0,1,54,1,53,0" doraHai="74" doraHaiUra="55" who="0" fromWho="0" sc="321,76,189,-22,230,-22,250,-22" /><INIT seed="0,3,0,2,2,114" ten="397,167,208,228" oya="0" hai0="129,80,135,82,104,110,41,103,71,111,70,52,89" hai1="123,34,38,4,21,33,55,66,132,3,133,35,127" hai2="131,25,99,117,15,2,130,10,20,12,18,77,98" hai3="96,22,59,126,11,93,125,39,84,57,83,91,58"/><T75/><D41/><U95/><E38/><V105/><F77/><W128/><G128/><N who="2" m="49193" /><F2/><W78/><G39/><T121/><D129/><U88/><E123/><V31/><F105/><W36/><G36/><T97/><D121/><U118/><E127/><N who="3" m="48650" /><G22/><T32/><D32/><U63/><E55/><V28/><F99/><W81/><G81/><T26/><D26/><U48/><E48/><V8/><F98/><W50/><G11/><N who="2" m="4137" /><F117/><W107/><G107/><T56/><D135/><N who="1" m="51787" /><E21/><V1/><F1/><W112/><G112/><T14/><D75/><U67/><E118/><V92/><F92/><W29/><G29/><AGARI ba="3,0" hai="12,15,18,20,25,28,29,31" m="4137,49193" machi="29" ten="30,3900,0" yaku="19,1,34,2" doraHai="114" who="2" fromWho="3" sc="397,0,167,0,208,48,228,-48" /><INIT seed="1,0,0,1,2,123" ten="397,167,256,180" oya="1" hai0="74,131,81,127,2,1,71,41,101,43,13,54,63" hai1="31,24,70,78,99,66,22,95,98,118,134,82,72" hai2="18,32,0,57,44,100,77,97,88,28,80,10,45" hai3="116,89,86,55,96,104,108,42,119,102,87,112,27"/><U65/><E134/><V20/><F32/><W14/><G42/><T37/><D131/><U126/><E126/><V110/><F110/><W115/><G27/><T124/><D101/><U68/><E118/><N who="3" m="45098" /><G14/><T64/><D54/><U17/><E31/><V79/><F28/><W19/><G19/><T29/><D13/><U121/><E121/><V26/><F77/><W122/><G55/><T83/><D29/><U135/><E135/><V91/><F57/><W3/><G3/><N who="0" m="1035" /><D74/><U53/><E53/><V33/><F33/><W35/><G35/><T7/><D7/><U58/><E58/><V60/><F60/><W34/><G34/><T128/><D128/><U25/><E25/><V30/><F44/><W76/><G122/><T90/><D90/><U36/><E36/><V51/><F51/><W93/><G108/><T15/><D15/><U67/><REACH who="1" step="1"/><E95/><REACH who="1" ten="397,157,256,180" step="2"/><N who="2" m="58431" /><F45/><W40/><G40/><N who="0" m="15435" /><D37/><U84/><E84/><N who="2" m="48159" /><F0/><W111/><G111/><T23/><D127/><U50/><E50/><V133/><F133/><W113/><G113/><T85/><D124/><U92/><E92/><V4/><F30/><W8/><G115/><T49/><D49/><U21/><E21/><V106/><F26/><W73/><G112/><T75/><D23/><U6/><E6/><V105/><F4/><W114/><G114/><T46/><D46/><U132/><E132/><V117/><F117/><W125/><G125/><T52/><D52/><U61/><E61/><V107/><F20/><W56/><G56/><T59/><D59/><U38/><E38/><V109/><F109/><W47/><G47/><T103/><D85/><RYUUKYOKU ba="0,1" sc="397,-15,157,15,256,15,180,-15" hai1="17,22,24,65,66,67,68,70,72,78,82,98,99" hai2="10,18,88,91,105,106,107" /><INIT seed="1,1,1,5,5,12" ten="382,172,271,165" oya="1" hai0="104,103,74,14,54,126,56,120,97,128,10,119,76" hai1="8,49,90,61,42,129,130,101,48,96,11,134,38" hai2="23,116,114,46,58,82,28,92,45,16,62,43,3" hai3="30,9,105,34,85,44,78,22,79,87,88,47,80"/><U39/><E90/><V70/><F3/><W111/><G34/><T24/><D119/><U33/><E33/><V89/><F70/><W106/><G111/><T131/><D126/><U83/><E83/><V59/><F114/><W73/><G9/><N who="1" m="3658" /><E61/><V55/><F116/><W75/><G30/><T63/><D76/><N who="3" m="29225" /><G22/><T32/><D74/><N who="3" m="28169" /><G47/><T36/><D36/><N who="1" m="13867" /><E42/><V66/><F28/><W108/><G44/><T91/><D91/><U27/><E27/><N who="2" m="14823" /><F82/><N who="3" m="49207" /><G108/><T2/><D32/><U35/><E35/><V102/><F43/><W57/><G57/><T112/><D112/><U37/><N who="1" m="13875" /><U84/><DORA hai="135" /><E84/><N who="2" m="52263" /><F102/><W71/><G71/><T60/><D2/><U52/><E101/><V40/><F40/><W67/><G67/><T113/><D103/><U110/><E110/><V68/><F68/><W122/><G122/><T13/><D120/><U26/><E52/><V53/><F53/><W31/><G31/><T6/><D54/><U133/><E26/><V115/><F115/><W25/><G25/><T107/><D113/><U17/><E134/><V81/><F81/><W93/><G93/><T51/><D24/><U123/><E133/><V124/><F46/><W95/><G95/><T125/><D60/><U65/><E123/><V7/><F45/><W69/><G69/><T94/><D63/><U64/><E17/><V109/><F109/><W72/><G72/><T29/><D29/><U77/><E65/><V98/><F66/><W117/><G117/><T100/><D56/><U4/><E64/><V19/><F59/><W5/><G5/><T20/><D6/><U127/><E4/><RYUUKYOKU ba="1,1" sc="382,-10,172,-10,271,-10,165,30" hai3="80,87,105,106" /><INIT seed="2,2,1,3,5,107" ten="372,162,261,195" oya="2" hai0="51,12,64,111,35,50,109,4,87,127,21,104,124" hai1="1,116,80,89,130,29,31,125,83,73,13,3,27" hai2="100,60,52,72,30,49,28,26,101,85,37,41,133" hai3="96,53,77,108,67,44,66,11,24,79,0,48,39"/><V126/><F30/><W10/><G39/><T110/><D35/><U46/><E116/><V5/><F5/><W119/><G119/><T75/><D75/><U6/><E46/><V16/><F72/><W2/><G108/><T22/><D104/><U93/><E125/><N who="0" m="48201" /><D64/><N who="3" m="24617" /><G2/><T81/><D4/><U106/><E106/><V99/><F60/><W43/><G0/><T105/><D105/><U63/><E63/><V58/><F99/><W40/><G24/><T128/><D128/><U103/><E103/><V123/><F123/><W76/><G96/><T36/><D36/><U42/><E42/><AGARI ba="2,1" hai="10,11,40,42,43,44,48,53,76,77,79" m="24617" machi="42" ten="30,1000,0" yaku="8,1" doraHai="107" who="3" fromWho="1" sc="372,0,162,-16,261,0,195,26" /><INIT seed="3,0,0,1,3,106" ten="372,146,261,221" oya="3" hai0="66,129,12,125,46,93,127,61,32,50,51,17,38" hai1="24,133,0,59,58,68,122,42,104,71,121,53,49" hai2="84,101,7,40,36,79,130,87,63,43,114,13,29" hai3="10,27,75,56,2,3,16,117,31,102,11,44,98"/><W28/><G117/><T67/><D32/><U90/><E0/><V8/><F114/><W45/><G75/><T69/><D129/><U108/><E104/><V118/><F118/><W105/><G56/><T25/><D25/><U131/><E24/><V76/><F130/><W54/><G31/><T55/><D66/><U20/><E20/><V115/><F115/><W39/><G45/><T88/><D50/><U128/><E90/><V18/><F101/><W124/><G124/><N who="0" m="47691" /><D38/><U95/><E95/><V113/><F113/><W94/><G105/><T26/><D26/><U60/><E49/><V72/><F72/><W132/><G132/><T120/><D120/><U134/><E53/><V4/><F63/><W62/><G62/><T116/><D116/><U110/><E60/><V5/><F29/><W30/><G30/><T103/><D103/><U100/><E100/><V96/><F96/><W126/><G54/><T123/><D123/><U111/><E111/><V83/><F36/><W86/><G126/><T73/><D73/><U81/><E81/><AGARI ba="0,0" hai="4,5,7,8,13,18,40,43,76,79,81,83,84,87" machi="81" ten="40,2600,0" yaku="9,1,8,1" doraHai="106" who="2" fromWho="1" sc="372,0,146,-26,261,26,221,0" owari="372,47.2,120,-38.0,287,8.7,221,-17.9" /></mjloggm>