<mjloggm ver="2.3"><GO type="225" lobby="0"/><UN n0="%E3%83%B4%E3%83%A0%EF%BC%99%E3%81%A6" n1="%E8%81%B7%E6%A5%AD%E3%80%81%E9%A2%A8%32" n2="%E3%83%AD%E3%83%83%E3%83%86%E9%9B%80%E7%90%83" n3="%E9%89%A2%E5%B7%BB%E3%82%AC%E3%83%96" dan="17,16,17,16" rate="2214.74,2152.46,2265.08,2060.63" sx="M,M,M,M"/><TAIKYOKU oya="0"/><INIT seed="0,0,0,2,4,84" ten="250,250,250,250" oya="0" hai0="50,48,125,93,47,16,127,129,87,106,102,55,10" hai1="96,101,31,60,71,28,111,57,133,119,40,75,80" hai2="11,30,21,34,67,130,82,35,7,65,114,6,103" hai3="122,90,124,73,85,54,29,95,27,70,99,116,110"/><T9/><D129/><U38/><E119/><V46/><F114/><W134/><G116/><T13/><D106/><U19/><E111/><V109/><F109/><W128/><G110/><T79/><D9/><U66/><E133/><V39/><F130/><W58/><G73/><T1/><D1/><U62/><E38/><V108/><F108/><W117/><G117/><T113/><D113/><U49/><E49/><V89/><F103/><W24/><G128/><T3/><D3/><U135/><E40/><V18/><F35/><W2/><G2/><T74/><D74/><U23/><E80/><V94/><F82/><W64/><G124/><T12/><D12/><U92/><E75/><V88/><F94/><W56/><G134/><T61/><D61/><U45/><E45/><V14/><F39/><W20/><G70/><T25/><D25/><U51/><E51/><V83/><F83/><N who="3" m="49471" /><G122/><T5/><D79/><U44/><E44/><V112/><F46/><W123/><G123/><T86/><D5/><N who="2" m="1546" /><F34/><W107/><G107/><T36/><D36/><U72/><E72/><V0/><F0/><W63/><G24/><T53/><D125/><U132/><E135/><V52/><F52/><N who="0" m="20042" /><D127/><U91/><E132/><V22/><F112/><W32/><G32/><T104/><D104/><U126/><E126/><V98/><F11/><W97/><G95/><T69/><D69/><U77/><E77/><V76/><F76/><W43/><G43/><N who="0" m="24703" /><D50/><AGARI ba="0,0" hai="20,27,29,50,54,56,58,63,64,97,99" m="49471" machi="50" ten="30,2000,0" yaku="8,1,52,1" doraHai="84" who="3" fromWho="0" sc="250,-20,250,0,250,0,250,20" /><INIT seed="1,0,0,3,3,42" ten="230,250,250,270" oya="1" hai0="0,26,20,64,81,12,2,40,123,92,36,131,129" hai1="124,89,78,51,79,107,118,61,112,24,9,122,100" hai2="103,80,17,59,130,76,1,77,94,71,18,70,65" hai3="58,31,72,85,52,90,109,45,82,22,74,132,87"/><U110/><E122/><V14/><F1/><W50/><G109/><T28/><D123/><U13/><E118/><V101/><F130/><N who="0" m="49674" /><D64/><U114/><E124/><V11/><F71/><W60/><G132/><T8/><D81/><U68/><E110/><V27/><F70/><W29/><G87/><T53/><D53/><U38/><E38/><V33/><F33/><W93/><G22/><T115/><D92/><U86/><E100/><N who="2" m="38475" /><F94/><W16/><G16/><N who="2" m="6249" /><F27/><W108/><G108/><T66/><D66/><U121/><E121/><V4/><F80/><W30/><REACH who="3" step="1"/><G82/><REACH who="3" ten="230,250,250,260" step="2"/><T57/><D115/><U49/><E24/><V62/><AGARI ba="0,1" hai="4,11,14,59,62,65,76,77" m="6249,38475" machi="62" ten="30,2000,0" yaku="8,1,54,1" doraHai="42" who="2" fromWho="2" sc="230,-5,250,-10,250,30,260,-5" /><INIT seed="2,0,0,2,4,0" ten="225,240,280,255" oya="2" hai0="32,107,113,60,100,39,27,2,112,25,34,54,57" hai1="87,83,115,14,47,21,40,132,10,96,117,11,121" hai2="38,64,108,37,36,31,76,80,70,7,3,105,116" hai3="13,104,77,53,127,69,110,128,68,20,72,86,67"/><V51/><F51/><W58/><G86/><T73/><D73/><U97/><E117/><V89/><F89/><W126/><G77/><T79/><D79/><U85/><E115/><V118/><F31/><W66/><G104/><T16/><D39/><U62/><E132/><V24/><F24/><W45/><G72/><T49/><D2/><U52/><E121/><V29/><F29/><W35/><G35/><T41/><D25/><U88/><E11/><N who="2" m="2559" /><F108/><W103/><G103/><T1/><D1/><U84/><E21/><V18/><F18/><W119/><G20/><T94/><D107/><U134/><E134/><V133/><F133/><W50/><G13/><T28/><D32/><U129/><E129/><V78/><F78/><W125/><G119/><T90/><D100/><U114/><E114/><V43/><F105/><W6/><G6/><T26/><D26/><U65/><E87/><V46/><F118/><W120/><G120/><T99/><REACH who="0" step="1"/><D16/><REACH who="0" ten="215,240,280,255" step="2"/><N who="1" m="8279" /><E84/><V23/><F116/><W17/><G17/><T12/><D12/><U75/><E75/><N who="2" m="43039" /><F23/><W15/><G15/><T111/><D111/><U82/><E82/><V98/><F98/><W131/><G110/><T4/><D4/><U74/><E74/><V30/><F30/><W130/><G58/><T95/><D95/><U44/><E96/><V8/><F8/><W63/><G63/><AGARI ba="0,1" hai="36,37,38,43,46,63,64,70" m="43039,2559" machi="63" ten="30,11600,0" yaku="25,1,33,2,52,1" doraHai="0" who="2" fromWho="3" sc="215,0,240,0,280,126,255,-116" /><INIT seed="2,1,0,1,0,47" ten="215,240,406,139" oya="2" hai0="92,115,46,127,49,45,111,126,3,66,79,32,51" hai1="19,16,53,83,35,132,77,89,2,116,7,118,78" hai2="75,5,60,130,112,24,23,97,4,28,128,104,102" hai3="96,121,61,84,101,74,0,117,90,69,82,14,1"/><V6/><F75/><W108/><G117/><T26/><D115/><U29/><E132/><V34/><F112/><W57/><G121/><T106/><D106/><U73/><E78/><V87/><F87/><W44/><G108/><T38/><D38/><U17/><E89/><V43/><F23/><W135/><G135/><T42/><D3/><U94/><E94/><V10/><F10/><W71/><G74/><T109/><D66/><U30/><E7/><V80/><F80/><W123/><G123/><T105/><D105/><U133/><E2/><V88/><F88/><W72/><G72/><T63/><D63/><U11/><E11/><V70/><F43/><W120/><G120/><T91/><D79/><U40/><E40/><V131/><F4/><W98/><G44/><T52/><D26/><U110/><E110/><N who="0" m="41993" /><D32/><U41/><E35/><V37/><F37/><W36/><G36/><T18/><D18/><U62/><E77/><V81/><F81/><W55/><G1/><T100/><D100/><U22/><E83/><V114/><F114/><W134/><G0/><T21/><D21/><U76/><E22/><V8/><F8/><W39/><G39/><T103/><D103/><U125/><E76/><V15/><F15/><W68/><G134/><T113/><D113/><U9/><E133/><V67/><AGARI ba="1,0" hai="5,6,24,28,34,60,67,70,97,102,104,128,130,131" machi="67" ten="40,12000,1" yaku="0,1,25,2,19,1" doraHai="47" who="2" fromWho="2" sc="215,-41,240,-41,406,123,139,-41" /><INIT seed="2,2,0,5,2,56" ten="174,199,529,98" oya="2" hai0="46,12,25,74,70,80,77,26,69,10,22,135,115" hai1="31,131,29,92,94,118,103,15,87,109,111,79,91" hai2="110,54,41,34,52,66,17,84,19,3,28,108,20" hai3="133,48,60,132,62,4,78,95,6,120,121,44,45"/><V123/><F123/><N who="3" m="47179" /><G78/><T71/><D115/><U104/><E118/><V59/><F3/><W63/><G95/><T51/><D135/><N who="3" m="51785" /><G48/><T21/><D25/><U128/><E15/><V7/><F54/><W89/><G89/><T85/><D26/><U107/><E29/><V130/><F66/><W33/><G33/><T68/><D74/><U50/><E31/><V83/><F52/><W18/><G18/><T97/><D97/><N who="1" m="59815" /><E79/><V38/><F19/><W122/><N who="3" m="47187" /><W43/><DORA hai="88" /><G43/><N who="0" m="25055" /><D70/><U24/><E24/><V90/><F17/><W61/><N who="3" m="15360" /><DORA hai="35" /><W125/><G125/><T102/><D102/><U105/><E50/><V129/><F34/><W93/><G93/><T49/><D49/><U40/><E40/><V23/><F41/><W99/><G99/><T8/><D68/><U101/><E101/><V81/><F90/><W126/><G126/><T53/><D69/><U73/><E94/><V39/><F28/><W72/><G72/><T65/><D71/><U14/><E73/><V124/><F124/><W27/><G27/><T36/><D77/><U55/><E91/><V0/><F83/><W32/><G32/><T117/><D80/><U100/><E100/><V119/><F81/><W1/><G1/><T58/><D65/><U134/><E134/><V37/><F0/><W5/><AGARI ba="2,0" hai="4,5,6,44,45" m="15360,51785,47187" machi="5" ten="70,12000,2" yaku="28,2,20,1,52,4" doraHai="56,88,35" who="3" fromWho="3" sc="174,-32,199,-32,529,-62,98,126" /><INIT seed="3,0,0,2,3,49" ten="142,167,467,224" oya="3" hai0="94,119,35,74,77,25,97,80,105,108,64,10,61" hai1="54,18,46,50,20,87,5,60,11,59,128,2,117" hai2="36,118,31,43,28,127,83,104,6,19,40,67,23" hai3="114,37,122,3,134,120,103,12,29,124,84,91,98"/><W89/><G114/><T41/><D119/><U52/><E117/><V68/><F104/><W34/><G3/><T65/><D108/><U109/><E109/><V70/><F118/><W81/><G37/><T72/><D72/><U126/><E126/><V90/><F6/><W78/><G12/><T92/><D41/><U51/><E128/><V14/><F127/><W106/><G29/><T132/><D132/><U26/><E87/><N who="2" m="50559" /><F70/><W30/><G30/><N who="2" m="11305" /><F68/><W79/><G34/><T75/><D25/><U95/><E95/><V76/><F36/><W58/><G58/><T101/><D35/><U110/><E110/><V27/><F76/><W93/><G124/><T73/><D10/><U33/><E33/><V135/><F135/><W53/><G134/><T69/><D65/><U57/><E60/><V32/><F32/><W112/><G112/><T113/><D113/><U63/><E63/><V107/><F107/><W96/><G53/><T17/><D17/><U130/><E130/><V66/><F27/><W115/><G115/><T0/><D0/><U129/><E129/><V16/><F19/><W13/><G13/><T1/><D1/><U131/><E131/><V88/><F43/><W21/><G21/><T82/><D73/><U133/><E133/><V111/><F40/><W55/><G55/><T123/><D123/><AGARI ba="0,0" hai="78,79,81,84,89,91,93,96,98,103,106,120,122,123" machi="123" ten="40,7700,0" yaku="34,3" doraHai="49" who="3" fromWho="0" sc="142,-77,167,0,467,0,224,77" /><INIT seed="3,1,0,4,1,111" ten="65,167,467,301" oya="3" hai0="46,30,21,53,128,44,114,47,18,50,74,70,121" hai1="92,37,4,116,58,29,10,115,109,91,126,40,103" hai2="76,131,69,123,22,23,125,11,31,85,35,71,27" hai3="34,106,101,43,5,1,86,133,99,61,28,0,95"/><W83/><G133/><T75/><D121/><U96/><E115/><V135/><F123/><W26/><G43/><T88/><D70/><U97/><E116/><V54/><F135/><W67/><G5/><T17/><D128/><U108/><E126/><V62/><F125/><W120/><G95/><T48/><D74/><U8/><E29/><V16/><F131/><W104/><G104/><T78/><D75/><U7/><E58/><N who="2" m="35159" /><F35/><W110/><G110/><T127/><D78/><U39/><E40/><V65/><F71/><W14/><G14/><T64/><D64/><U94/><E91/><V49/><F69/><W72/><G120/><T32/><D127/><U98/><E98/><V57/><F11/><W134/><G134/><T93/><D32/><U13/><E13/><N who="2" m="9487" /><F49/><W80/><G80/><T36/><D36/><U90/><E90/><V2/><F2/><W19/><G19/><T84/><D114/><U41/><E41/><V42/><F42/><W112/><G112/><T130/><D130/><U68/><E68/><V20/><F20/><W87/><G72/><T24/><REACH who="0" step="1"/><D48/><REACH who="0" ten="55,167,467,301" step="2"/><U51/><E51/><V9/><F9/><W33/><G33/><T6/><D6/><U129/><E129/><V66/><F57/><W113/><G113/><T38/><D38/><U117/><E39/><V132/><F132/><W107/><G107/><T122/><D122/><U59/><E37/><V25/><F25/><W119/><G119/><T77/><D77/><U63/><E117/><V105/><F105/><W56/><G86/><T52/><D52/><U102/><E108/><V81/><AGARI ba="1,1" hai="23,27,31,65,66,76,81,85" m="9487,35159" machi="81" ten="30,4000,0" yaku="5,1,8,1,54,1" doraHai="111" who="2" fromWho="2" sc="55,-11,167,-11,467,53,301,-21" owari="44,-45.6,156,-24.4,520,62.0,280,8.0" /></mjloggm>