<mjloggm ver="2.3"><GO type="225" lobby="0"/><UN n0="%72%65%6E%6B%75%6E" n1="%E7%99%BD%E6%97%A5%E9%9B%AA%E8%8F%9C" n2="%E3%81%B5%E3%81%98%E3%81%8B%E3%81%A4" n3="%E6%A1%9C%E8%8A%B1%E9%96%83%E3%80%85" dan="17,17,16,16" rate="2218.71,2233.80,2217.75,2107.25" sx="M,M,M,M"/><TAIKYOKU oya="0"/><INIT seed="0,0,0,3,2,30" ten="250,250,250,250" oya="0" hai0="40,111,103,108,129,125,52,17,95,115,1,60,135" hai1="34,33,127,53,31,12,72,92,57,49,42,39,6" hai2="29,81,117,109,9,76,133,131,10,126,63,0,66" hai3="80,48,134,96,54,114,24,22,62,21,104,89,107"/><T32/><D115/><U68/><E72/><V50/><F109/><N who="0" m="42058" /><D1/><U73/><E73/><V61/><F117/><W100/><G114/><T67/><D40/><U2/><E2/><V85/><F126/><W74/><G134/><T79/><D125/><U116/><E116/><V112/><F133/><W19/><G104/><T110/><N who="0" m="42066" /><T27/><DORA hai="88" /><D135/><U128/><E127/><V69/><F131/><W94/><G62/><T83/><D129/><U43/><E68/><V65/><F112/><W3/><G3/><T51/><D17/><U59/><E128/><V23/><F50/><W77/><G22/><T91/><D103/><U58/><E43/><V121/><F121/><W46/><G89/><T102/><D102/><U26/><E42/><V25/><REACH who="2" step="1"/><F0/><REACH who="2" ten="250,250,240,250" step="2"/><W87/><G107/><T56/><D79/><U78/><E78/><V82/><F82/><W45/><REACH who="3" step="1"/><G74/><REACH who="3" ten="250,250,240,240" step="2"/><T37/><D37/><U75/><E39/><V36/><F36/><W18/><G18/><T11/><D11/><U47/><E75/><V14/><F14/><W5/><G5/><T132/><D132/><U55/><E6/><V84/><F84/><W124/><G124/><T41/><D27/><U71/><E12/><V99/><F99/><W86/><G86/><T101/><D51/><U93/><E26/><V119/><F119/><W7/><G7/><T130/><D60/><U64/><E49/><V15/><F15/><W35/><G35/><T105/><D32/><U8/><E34/><V98/><F98/><W20/><G20/><T122/><D122/><U97/><E33/><V16/><F16/><RYUUKYOKU ba="0,2" sc="250,-15,250,-15,240,15,240,15" hai2="9,10,23,25,29,61,63,65,66,69,76,81,85" hai3="19,21,24,45,46,48,54,77,80,87,94,96,100" /><INIT seed="1,1,2,5,5,19" ten="235,235,255,255" oya="1" hai0="90,16,48,4,63,119,70,64,35,113,10,108,83" hai1="42,56,98,100,99,60,68,116,72,33,18,51,71" hai2="11,130,91,9,125,85,59,127,15,131,17,104,84" hai3="81,120,32,26,92,128,88,31,96,80,12,46,27"/><U102/><E116/><V124/><F104/><W126/><G120/><T22/><D35/><U94/><E72/><V45/><F45/><W61/><G128/><N who="2" m="49193" /><F59/><W8/><G126/><T78/><D119/><U21/><E33/><V0/><F0/><W44/><G27/><T24/><D108/><U89/><E51/><V105/><F105/><W23/><G32/><T37/><D37/><U29/><E42/><V30/><F30/><W79/><G61/><T86/><D48/><U41/><E41/><V52/><F9/><W77/><G81/><T76/><REACH who="0" step="1"/><D113/><REACH who="0" ten="225,235,255,255" step="2"/><U110/><E110/><V50/><F127/><W103/><G46/><T57/><D57/><U55/><E29/><V49/><F49/><W75/><G44/><T117/><D117/><U28/><E28/><V118/><F118/><W54/><G54/><T133/><D133/><U34/><E34/><V2/><F125/><W74/><G74/><T67/><D67/><U82/><E71/><V107/><F124/><W135/><G135/><T123/><D123/><U87/><E68/><V36/><F36/><W66/><G66/><T109/><D109/><U112/><E112/><V6/><F52/><W14/><G75/><T97/><D97/><N who="1" m="36875" /><E82/><N who="2" m="49559" /><F50/><W132/><G132/><T1/><AGARI ba="1,3" hai="1,4,10,16,22,24,63,64,70,76,78,83,86,90" machi="1" ten="20,12000,2" yaku="1,1,0,1,7,1,52,1,54,1,53,1" doraHai="19" doraHaiUra="7" who="0" fromWho="0" sc="225,153,235,-61,255,-31,255,-31" /><INIT seed="2,0,0,3,3,106" ten="378,174,224,224" oya="2" hai0="78,23,93,34,2,88,82,114,113,47,70,54,0" hai1="67,29,110,105,8,31,1,18,42,19,74,90,40" hai2="39,60,65,79,22,80,69,36,126,64,55,4,125" hai3="96,116,115,118,121,102,58,123,44,5,112,10,9"/><V72/><F4/><W85/><G58/><T15/><D34/><U21/><E105/><V62/><F55/><W37/><G85/><T128/><D70/><U61/><E110/><V24/><F22/><W68/><G68/><T120/><D120/><N who="3" m="46153" /><G96/><T104/><D104/><U66/><E74/><V130/><F24/><W33/><G102/><T87/><D128/><U49/><E1/><V122/><F122/><W100/><G100/><T129/><D0/><U133/><E133/><V97/><F97/><W124/><G124/><N who="2" m="47721" /><F130/><W57/><G57/><AGARI ba="0,0" hai="36,39,57,60,62,64,65,69,72,79,80" m="47721" machi="57" ten="30,2900,0" yaku="18,1,52,1" doraHai="106" who="2" fromWho="3" sc="378,0,174,0,224,29,224,-29" /><INIT seed="2,1,0,3,4,5" ten="378,174,253,195" oya="2" hai0="57,122,132,86,134,94,77,75,23,18,59,87,113" hai1="115,114,130,53,67,123,105,16,95,79,103,83,31" hai2="33,133,81,36,102,29,118,96,6,30,26,46,39" hai3="12,10,119,32,101,76,35,131,0,50,20,48,40"/><V125/><F118/><W56/><G119/><T27/><D113/><U84/><E31/><V62/><F133/><N who="0" m="51306" /><D122/><U55/><E123/><V69/><F125/><W3/><G131/><T4/><D4/><U89/><E130/><V126/><F126/><W68/><G68/><T135/><D135/><U28/><E28/><V121/><F121/><W37/><G101/><T60/><D94/><U49/><E67/><V58/><F30/><W120/><G76/><T11/><D11/><U44/><E55/><V45/><F81/><W63/><G20/><T128/><D128/><U21/><E103/><V24/><F24/><W19/><G50/><T13/><D27/><U90/><E105/><V34/><F34/><W38/><G48/><T43/><D43/><U100/><E100/><V85/><F85/><N who="0" m="32266" /><D60/><U25/><REACH who="1" step="1"/><E90/><REACH who="1" ten="378,164,253,195" step="2"/><V47/><F102/><W92/><G120/><T129/><D129/><U41/><E41/><V64/><F36/><W91/><G40/><T78/><D78/><U110/><E110/><V51/><F39/><W9/><G38/><T109/><D109/><U2/><E2/><V88/><F69/><W116/><G37/><T124/><D124/><U22/><E22/><V106/><F106/><W82/><G0/><T8/><D23/><U74/><AGARI ba="1,1" hai="16,21,25,44,49,53,74,79,83,84,89,95,114,115" machi="74" ten="20,8000,1" yaku="1,1,0,1,7,1,54,1,53,1" doraHai="5" doraHaiUra="104" who="1" fromWho="1" sc="378,-21,164,93,253,-41,195,-21" /><INIT seed="3,0,0,1,4,8" ten="357,257,212,174" oya="3" hai0="41,57,72,108,91,27,62,89,83,16,56,93,38" hai1="4,71,18,79,99,82,0,88,95,24,103,86,74" hai2="10,44,110,28,40,49,70,13,43,60,126,59,9" hai3="104,3,73,66,124,76,50,92,94,7,90,87,100"/><W135/><G135/><T20/><D108/><U69/><E4/><V133/><F110/><W109/><G109/><T30/><D38/><U106/><E0/><V119/><F119/><W123/><G123/><T64/><D41/><U35/><E18/><V96/><F70/><W112/><G112/><T85/><D72/><U127/><E127/><V132/><F126/><W125/><G66/><T98/><D30/><AGARI ba="0,0" hai="24,30,35,69,71,74,79,82,86,88,95,99,103,106" machi="30" ten="40,5200,0" yaku="24,2,54,1" doraHai="8" who="1" fromWho="0" sc="357,-52,257,52,212,0,174,0" owari="305,10.5,309,40.9,212,-18.8,174,-32.6" /></mjloggm>