<mjloggm ver="2.3"><GO type="225" lobby="0"/><UN n0="%E6%97%A5%E6%9B%9C%E6%97%A5%E3%82%88%E3%82%8A%E3%81%AE%E4%BD%BF%E8%80%85" n1="%E5%B0%8F%E9%B3%A5%E9%81%8A%E7%B7%B4%E7%84%A1%32%31%E6%AD%B3" n2="%E7%AD%89%E3%80%85%E5%8A%9B%E5%8A%87%E5%A0%B4" n3="%E6%A1%9C%E8%8A%B1%E9%96%83%E3%80%85" dan="18,16,16,18" rate="2150.65,2126.30,2107.09,2158.65" sx="M,F,M,M"/><TAIKYOKU oya="0"/><INIT seed="0,0,0,5,2,112" ten="250,250,250,250" oya="0" hai0="71,103,95,88,53,127,52,9,13,69,74,11,56" hai1="49,34,15,90,44,48,60,126,89,51,93,17,3" hai2="110,54,131,70,12,79,29,91,30,5,42,6,61" hai3="132,38,98,115,134,10,123,7,130,33,82,59,47"/><T22/><D74/><U64/><E3/><V28/><F110/><W102/><G115/><T39/><D39/><U118/><E126/><V37/><F131/><W122/><G33/><T80/><D127/><U20/><E34/><V27/><F79/><W1/><G59/><T55/><D103/><U107/><E107/><V26/><F42/><N who="3" m="22999" /><G82/><T46/><D46/><U21/><E21/><V97/><F37/><W63/><G63/><T50/><D80/><U121/><E121/><N who="3" m="46090" /><G130/><T105/><D105/><AGARI ba="0,0" hai="1,7,10,98,102,105,132,134" m="46090,22999" machi="105" ten="30,2000,0" yaku="13,1,23,1" doraHai="112" who="3" fromWho="0" sc="250,-20,250,0,250,0,250,20" /><INIT seed="1,0,0,4,3,103" ten="230,250,250,270" oya="1" hai0="83,46,41,76,113,67,7,117,102,80,0,69,60" hai1="108,93,110,105,97,77,62,125,31,66,28,132,95" hai2="43,68,106,91,134,81,58,135,98,3,84,87,25" hai3="49,10,5,57,90,70,79,6,115,48,13,21,129"/><U42/><E132/><V55/><F68/><W122/><G122/><T8/><D113/><U92/><E42/><V36/><F3/><W16/><G70/><T38/><D117/><U15/><E77/><V27/><F87/><W40/><G115/><T39/><D83/><U24/><E15/><V12/><F12/><W4/><G129/><T44/><D102/><N who="1" m="62671" /><E125/><V71/><F71/><W34/><G34/><T74/><REACH who="0" step="1"/><D44/><REACH who="0" ten="220,250,250,270" step="2"/><U94/><N who="1" m="23552" /><DORA hai="88" /><U47/><E47/><V104/><F81/><W89/><G79/><T18/><D18/><U17/><E17/><V99/><F135/><W2/><G89/><T121/><D121/><U96/><E96/><V30/><F99/><W120/><G90/><T127/><D127/><U124/><E124/><V131/><F98/><W100/><G120/><T32/><D32/><N who="1" m="20487" /><E31/><V56/><F30/><W51/><G100/><T107/><D107/><U59/><E59/><V119/><F58/><W35/><G57/><T64/><D64/><U111/><E62/><V14/><F106/><W29/><G40/><T101/><D101/><U61/><E61/><V73/><F104/><W86/><G86/><T11/><D11/><U130/><E66/><V123/><F56/><W37/><G37/><AGARI ba="0,1" hai="0,7,8,37,38,39,41,46,60,67,69,74,76,80" machi="37" ten="30,16000,3" yaku="1,1,7,1,25,2,33,3,53,2" doraHai="103,88" doraHaiUra="63,33" who="0" fromWho="3" sc="220,170,250,0,250,0,270,-160" /><INIT seed="2,0,0,3,2,108" ten="390,250,250,110" oya="2" hai0="87,85,25,89,22,14,42,54,48,109,27,111,61" hai1="97,62,52,96,41,100,91,84,7,90,120,6,39" hai2="53,23,36,107,47,115,125,104,9,3,44,30,135" hai3="45,64,79,110,119,33,72,2,20,73,113,60,92"/><V0/><F23/><W75/><G119/><T12/><D42/><U1/><E120/><V78/><F30/><W70/><G33/><T24/><D61/><U98/><E100/><V80/><F53/><W46/><G110/><N who="0" m="41995" /><D22/><U101/><E101/><V81/><F78/><W131/><G131/><T26/><D26/><U94/><E1/><V95/><F95/><W38/><G2/><T133/><D133/><U56/><E39/><V15/><F15/><N who="0" m="5674" /><D89/><U29/><E41/><V55/><F55/><W128/><G128/><T121/><D121/><U31/><REACH who="1" step="1"/><E91/><REACH who="1" ten="390,240,250,110" step="2"/><V76/><F36/><W37/><G38/><T34/><D34/><U51/><E51/><V112/><F0/><W106/><G37/><T88/><D88/><U132/><E132/><V19/><F3/><W130/><G130/><T63/><D63/><U82/><E82/><V74/><F81/><W71/><G60/><T18/><D18/><U65/><E65/><V99/><F80/><W83/><G64/><T21/><D21/><U59/><E59/><AGARI ba="0,1" hai="24,25,27,48,54,59,85,87" m="5674,41995" machi="59" ten="30,1000,0" yaku="14,1" doraHai="108" who="0" fromWho="1" sc="390,20,240,-10,250,0,110,0" /><INIT seed="3,0,0,2,4,133" ten="410,230,250,110" oya="3" hai0="22,95,44,122,47,5,93,21,17,126,115,0,127" hai1="85,77,18,49,42,34,48,56,114,75,35,83,69" hai2="4,84,14,65,32,107,20,130,15,90,82,100,128" hai3="79,31,52,78,119,46,96,97,59,106,39,98,27"/><W124/><G119/><T108/><D122/><U2/><E2/><V58/><F32/><W53/><G106/><T7/><D108/><U131/><E69/><V55/><F65/><W123/><G123/><T103/><D103/><U12/><E114/><V135/><F135/><W37/><G124/><N who="0" m="47659" /><D115/><U71/><E71/><V26/><F100/><W6/><G6/><N who="0" m="2059" /><D0/><U110/><E110/><V9/><F107/><W99/><N who="3" m="24576" /><DORA hai="125" /><W51/><G39/><T111/><D111/><U64/><E75/><V13/><F9/><W101/><G101/><T30/><D30/><U19/><E34/><V40/><F4/><W116/><G116/><T10/><D10/><U3/><E35/><V23/><F23/><N who="0" m="8714" /><D17/><U120/><E18/><V24/><F24/><W25/><G37/><T81/><D81/><U73/><E83/><V33/><F33/><W36/><G36/><T67/><D67/><U54/><E64/><V89/><F82/><W104/><G104/><T43/><D47/><U72/><E3/><V57/><F26/><N who="3" m="9739" /><G31/><T41/><D44/><U105/><E105/><V117/><F117/><W94/><G94/><AGARI ba="0,0" hai="41,43,93,94,95" m="8714,2059,47659" machi="94" ten="30,12000,2" yaku="28,2,18,1,52,3" doraHai="133,125" who="0" fromWho="3" sc="410,120,230,0,250,0,110,-120" owari="530,63.0,230,-17.0,250,5.0,-10,-51.0" /></mjloggm>