<mjloggm ver="2.3"><GO type="225" lobby="0"/><UN n0="%E6%98%93%E5%88%A9%E8%96%A9%E4%BC%AF" n1="%E3%81%82%E3%81%99%E3%81%AB%E3%82%83%E3%82%80" n2="%E5%A4%96%E5%B7%9D%E7%AB%9C%E6%88%90" n3="%E3%81%86%E3%83%BC%E3%81%B1%E3%83%BC" dan="16,16,16,16" rate="2074.10,2106.65,2166.28,2142.71" sx="F,F,M,F"/><TAIKYOKU oya="0"/><INIT seed="0,0,0,1,2,127" ten="250,250,250,250" oya="0" hai0="123,52,1,74,37,131,64,19,129,60,99,59,117" hai1="135,128,104,44,51,61,5,3,21,71,22,23,29" hai2="6,45,36,100,95,110,107,105,2,28,43,56,98" hai3="38,76,62,47,72,121,48,31,68,106,112,58,0"/><T96/><D117/><U88/><E104/><V8/><F110/><W17/><G112/><T97/><D123/><U124/><E124/><V81/><F28/><W11/><G106/><T69/><D74/><U4/><E135/><V40/><F40/><W33/><G76/><T101/><D37/><U79/><E79/><V66/><F66/><W24/><G72/><T54/><D1/><U13/><E3/><V39/><F39/><W116/><G116/><T115/><D115/><U9/><E128/><N who="0" m="49225" /><D19/><U133/><E133/><V85/><REACH who="2" step="1"/><F56/><REACH who="2" ten="250,250,240,250" step="2"/><W42/><G38/><T80/><D80/><U25/><E71/><V130/><F130/><W111/><G68/><T35/><D35/><U32/><E32/><V27/><F27/><W65/><G111/><T46/><D46/><U134/><E44/><V90/><AGARI ba="0,1" hai="2,6,8,36,43,45,81,85,90,95,98,100,105,107" machi="90" ten="20,2700,0" yaku="1,1,0,1,7,1,53,0" doraHai="127" doraHaiUra="132" who="2" fromWho="2" sc="250,-13,250,-7,240,37,250,-7" /><INIT seed="1,0,0,2,3,105" ten="237,243,277,243" oya="1" hai0="45,23,127,79,17,104,94,43,13,37,93,72,91" hai1="90,49,115,112,25,113,83,15,66,3,9,10,108" hai2="5,74,48,87,30,64,2,128,29,86,12,75,98" hai3="38,119,135,131,82,70,129,109,134,111,52,92,78"/><U51/><E108/><N who="3" m="41546" /><G38/><T7/><D127/><U100/><E100/><V61/><F2/><W41/><G41/><T96/><D7/><U1/><E66/><V121/><F121/><W123/><G70/><T16/><D104/><U33/><E1/><V97/><F48/><W19/><G19/><T132/><D132/><N who="3" m="50729" /><G123/><T34/><D34/><U32/><E3/><V62/><F12/><W55/><G92/><T21/><D94/><U24/><E15/><V68/><F64/><W47/><G119/><T22/><REACH who="0" step="1"/><D13/><REACH who="0" ten="227,243,277,243" step="2"/><U117/><E117/><V110/><F110/><W35/><G35/><T46/><D46/><U42/><E32/><V71/><F5/><W101/><G101/><T77/><D77/><U103/><E33/><V120/><F120/><W114/><G114/><T85/><D85/><U44/><E112/><V59/><F128/><N who="3" m="49227" /><G47/><T125/><D125/><U40/><E44/><V84/><F59/><W18/><G18/><T95/><D95/><U31/><E103/><V6/><F6/><W56/><G56/><T36/><D36/><U26/><E113/><V54/><F71/><W65/><G65/><T102/><D102/><U89/><E115/><V133/><F133/><W73/><AGARI ba="0,1" hai="52,55,73,78,82" m="49227,50729,41546" machi="73" ten="40,8000,1" yaku="14,1,20,1,19,1,52,1,54,1" doraHai="105" who="3" fromWho="3" sc="227,-20,243,-40,277,-20,243,90" /><INIT seed="2,0,0,2,5,77" ten="207,203,257,333" oya="2" hai0="52,105,104,107,18,84,113,48,42,109,12,21,129" hai1="68,69,130,38,4,98,79,41,29,13,94,81,66" hai2="54,75,14,74,30,63,65,45,22,32,76,16,72" hai3="60,61,90,83,73,127,33,86,56,25,26,59,8"/><V134/><F134/><W5/><G127/><T106/><D109/><U110/><E110/><V121/><F121/><W10/><G73/><T89/><N who="0" m="26624" /><DORA hai="92" /><T95/><D129/><U125/><E130/><V36/><F32/><W11/><G5/><T0/><D0/><U47/><E125/><V70/><F30/><W2/><G2/><T122/><D122/><U123/><E123/><V97/><F97/><W31/><G33/><T96/><D42/><U80/><E29/><V135/><F135/><W120/><G31/><T53/><D113/><U82/><E66/><V71/><F71/><W49/><G49/><T93/><REACH who="0" step="1"/><D48/><REACH who="0" ten="197,203,257,333" step="2"/><U91/><REACH who="1" step="1"/><E79/><REACH who="1" ten="197,193,257,333" step="2"/><V102/><F76/><W64/><G120/><T34/><D34/><U44/><E44/><V111/><F111/><W67/><AGARI ba="0,2" hai="8,10,11,25,26,56,59,60,61,64,67,83,86,90" machi="67" ten="30,7900,0" yaku="0,1,9,1,8,1,52,1" doraHai="77,92" who="3" fromWho="3" sc="197,-20,193,-20,257,-39,333,99" /><INIT seed="3,0,0,0,1,82" ten="177,173,218,432" oya="3" hai0="60,113,134,133,92,4,46,11,83,129,111,128,112" hai1="27,118,28,72,81,18,96,31,103,70,117,85,106" hai2="57,63,61,17,69,19,52,98,104,7,100,124,131" hai3="2,79,80,1,110,95,121,58,14,54,120,101,15"/><W77/><G80/><T102/><D60/><U41/><E70/><V29/><F124/><W10/><G95/><T73/><D46/><U35/><E41/><V6/><F131/><N who="0" m="50250" /><D111/><U126/><E126/><V23/><F29/><W62/><G101/><T127/><D127/><U16/><E31/><V49/><F63/><W123/><G79/><N who="0" m="44527" /><D102/><U40/><E40/><V50/><F50/><W32/><G10/><T33/><D33/><U26/><E72/><V89/><F19/><W132/><G14/><N who="0" m="5479" /><D92/><U64/><E64/><V86/><F61/><W94/><G77/><T91/><D91/><N who="1" m="51631" /><E27/><V108/><F69/><W43/><G54/><T88/><D88/><U51/><E51/><V109/><F6/><W90/><G58/><T0/><D0/><U107/><E107/><V74/><F7/><W38/><G38/><T65/><D65/><U24/><E24/><V66/><F66/><W93/><G15/><T71/><D71/><U20/><E35/><V116/><F116/><AGARI ba="0,0" hai="16,18,20,26,28,96,103,106,116,117,118" m="51631" machi="116" ten="30,3900,0" yaku="12,1,52,1,54,1" doraHai="82" who="1" fromWho="2" sc="177,0,173,39,218,-39,432,0" owari="177,-32.3,212,1.2,179,-22.1,432,53.2" /></mjloggm>