<mjloggm ver="2.3"><GO type="225" lobby="0"/><UN n0="%4D%50%43%32%38%30%30" n1="%E3%81%86%E3%83%BC%E3%81%B1%E3%83%BC" n2="%54%4F%52" n3="%4B%2E%32%2E%4B%2E" dan="16,17,17,17" rate="2161.76,2162.20,2229.71,2204.88" sx="M,M,M,M"/><TAIKYOKU oya="0"/><INIT seed="0,0,0,2,5,116" ten="250,250,250,250" oya="0" hai0="42,20,128,54,127,36,12,64,101,73,53,130,10" hai1="61,126,71,5,110,100,78,13,102,37,41,45,93" hai2="19,86,1,31,103,111,67,131,133,77,24,83,63" hai3="95,17,72,118,70,76,46,88,43,79,91,44,104"/><T113/><D113/><U114/><E114/><V11/><F111/><W109/><G118/><T125/><D73/><U98/><E110/><V0/><F131/><N who="0" m="50218" /><D101/><U96/><E126/><N who="0" m="48137" /><D64/><U84/><E71/><V32/><F133/><W30/><G104/><T26/><D42/><U81/><E61/><V34/><F34/><W58/><G43/><T129/><D36/><U68/><E68/><V16/><F103/><W135/><G70/><T74/><D74/><U132/><E132/><V106/><F106/><W49/><G72/><T112/><D112/><U2/><E2/><V82/><F82/><W121/><G135/><T119/><D119/><U22/><E22/><V120/><F120/><W38/><G121/><T90/><D90/><U97/><E100/><V33/><F33/><W39/><G91/><T117/><D117/><U134/><E134/><V50/><F50/><W99/><G88/><T62/><D62/><U124/><E124/><V55/><F55/><W69/><G69/><T59/><D59/><U56/><E56/><V3/><REACH who="2" step="1"/><F11/><REACH who="2" ten="250,250,240,250" step="2"/><W87/><G109/><T92/><D129/><U66/><E66/><V80/><F80/><W94/><G38/><T35/><D35/><U85/><E81/><V60/><F60/><W115/><G115/><T123/><D123/><U4/><E102/><V47/><F47/><W25/><G39/><T105/><D105/><U15/><E93/><V9/><F9/><W29/><G44/><T23/><D92/><U27/><E37/><V28/><F28/><W107/><G46/><T122/><D122/><U89/><E45/><V14/><F14/><RYUUKYOKU ba="0,1" sc="250,-10,250,-10,240,30,250,-10" hai2="0,1,3,16,19,24,31,32,63,67,77,83,86" /><INIT seed="1,1,1,5,0,127" ten="240,240,270,240" oya="1" hai0="2,43,60,55,24,27,18,107,122,10,86,7,114" hai1="77,101,78,71,16,52,37,83,95,80,134,115,26" hai2="74,75,44,4,87,8,64,68,42,6,110,34,135" hai3="116,25,1,126,47,94,61,65,51,93,100,53,72"/><U120/><E115/><V17/><F34/><W58/><G126/><T111/><D114/><U56/><E120/><V48/><F110/><W3/><G72/><T125/><D125/><U113/><E134/><V36/><F135/><W88/><G116/><T73/><D73/><U79/><E37/><V103/><F103/><W0/><G100/><T90/><D107/><U84/><E71/><V19/><F4/><W76/><G76/><T129/><D111/><U92/><E101/><V104/><F104/><W41/><G25/><T59/><D122/><U108/><E108/><V121/><F121/><W112/><G112/><T105/><D105/><U50/><E113/><V28/><F28/><W29/><G29/><T89/><D129/><U123/><E123/><V130/><F130/><W13/><G13/><T70/><D70/><U118/><E118/><V46/><F75/><W106/><G106/><T30/><D43/><U124/><E124/><V12/><F74/><W57/><REACH who="3" step="1"/><G88/><REACH who="3" ten="240,240,270,230" step="2"/><T128/><D128/><U62/><E62/><AGARI ba="1,2" hai="0,1,3,41,47,51,53,57,58,61,62,65,93,94" machi="62" ten="40,2600,0" yaku="1,1,2,1,53,0" doraHai="127" doraHaiUra="102" who="3" fromWho="1" sc="240,0,240,-29,270,0,230,49" /><INIT seed="2,0,0,2,5,90" ten="240,211,270,279" oya="2" hai0="132,92,76,12,56,16,121,15,8,22,131,69,87" hai1="133,33,93,118,24,122,126,58,67,31,27,62,37" hai2="40,38,91,48,11,42,25,119,29,98,117,18,71" hai3="57,43,36,105,30,83,51,99,72,70,68,82,39"/><V34/><F71/><W2/><G30/><T64/><D121/><U61/><E118/><V0/><F38/><W28/><G28/><T84/><D132/><U130/><E133/><V109/><F109/><W113/><G2/><T112/><D112/><U17/><E122/><V114/><F114/><W97/><G105/><T116/><D116/><U23/><E126/><V53/><F119/><W49/><G113/><T80/><D131/><U9/><E130/><V107/><F117/><W127/><G72/><T101/><D69/><U74/><E74/><V134/><F134/><W77/><G57/><T128/><D128/><U5/><E37/><V66/><F66/><W35/><G35/><T79/><D76/><U52/><E93/><V108/><F108/><W47/><G77/><T44/><D44/><U124/><E124/><V88/><F18/><W41/><REACH who="3" step="1"/><G47/><REACH who="3" ten="240,211,270,269" step="2"/><T102/><D56/><U1/><REACH who="1" step="1"/><E67/><REACH who="1" ten="240,201,270,269" step="2"/><V45/><F107/><W111/><G111/><T123/><D64/><U106/><E106/><V110/><F110/><W13/><G13/><T78/><D123/><U103/><E103/><V32/><F0/><W89/><G89/><N who="0" m="53287" /><D79/><U73/><E73/><V63/><F91/><W95/><G95/><T20/><D15/><U65/><E65/><V60/><F88/><W129/><G129/><T26/><D102/><U7/><E7/><V100/><F100/><W50/><G50/><AGARI ba="0,2" hai="1,5,9,17,23,24,27,31,33,50,52,58,61,62" machi="50" ten="30,7700,0" yaku="1,1,7,1,54,1,53,1" doraHai="90" doraHaiUra="3" who="1" fromWho="3" sc="240,0,201,97,270,0,269,-77" /><INIT seed="3,0,0,1,5,80" ten="240,298,270,192" oya="3" hai0="102,11,65,127,91,47,23,14,8,59,119,63,2" hai1="19,97,7,10,38,48,81,26,121,3,110,100,72" hai2="45,55,0,108,103,114,111,51,61,34,89,56,5" hai3="95,9,20,71,41,24,125,117,37,43,35,36,58"/><W76/><G117/><T18/><D119/><U88/><E110/><N who="2" m="42027" /><F34/><W4/><G71/><T79/><D127/><U98/><E121/><V113/><F103/><W68/><G68/><T84/><D102/><U92/><E38/><V118/><F118/><W106/><G106/><T116/><D116/><U129/><E129/><V130/><F130/><W94/><G35/><T31/><D79/><U13/><E26/><V44/><F89/><W133/><G36/><T132/><D132/><U77/><E48/><N who="2" m="29063" /><F5/><W135/><G76/><T54/><D31/><U112/><E112/><V67/><F0/><N who="3" m="135" /><G58/><T124/><D124/><U12/><E19/><V87/><F87/><W104/><G104/><AGARI ba="0,0" hai="3,7,10,12,13,72,77,81,88,92,97,98,100,104" machi="104" ten="30,2000,0" yaku="7,1,54,1" doraHai="80" who="1" fromWho="3" sc="240,0,298,20,270,0,192,-20" owari="240,-16.0,318,41.8,270,7.0,172,-32.8" /></mjloggm>