<mjloggm ver="2.3"><GO type="225" lobby="0"/><UN n0="%E6%97%A5%E6%9B%9C%E6%97%A5%E3%82%88%E3%82%8A%E3%81%AE%E4%BD%BF%E8%80%85" n1="%E6%98%93%E5%88%A9%E8%96%A9%E4%BC%AF" n2="%E9%9B%80%E6%A5%B5%E3%81%AE%E3%81%B8" n3="%72%69%6F%75%63%68%61%6E" dan="18,16,16,17" rate="2190.03,2113.02,2109.18,2223.15" sx="M,F,M,M"/><TAIKYOKU oya="0"/><INIT seed="0,0,0,4,1,81" ten="250,250,250,250" oya="0" hai0="29,2,62,106,75,70,54,126,12,34,128,53,115" hai1="43,100,47,33,28,92,76,16,135,132,0,88,125" hai2="49,27,95,63,65,123,41,10,129,78,55,61,117" hai3="133,116,20,6,50,64,45,3,73,91,66,4,113"/><T11/><D106/><U24/><E0/><V114/><F114/><W79/><G113/><T14/><D75/><U110/><E110/><V5/><F123/><W52/><G116/><T130/><D115/><U37/><E125/><V60/><F129/><N who="0" m="49770" /><D2/><U23/><E76/><V22/><F41/><W86/><G133/><T68/><D126/><U105/><E100/><V104/><F104/><W98/><G73/><T83/><D83/><U111/><E105/><V124/><F78/><W109/><G109/><T121/><D121/><U122/><E122/><V102/><F117/><W131/><G131/><T101/><D101/><U36/><E36/><V32/><F32/><W72/><G72/><T89/><D89/><U94/><E94/><V134/><F134/><W85/><G3/><T90/><D90/><U93/><E93/><V19/><F124/><W57/><G79/><T71/><D62/><U120/><E120/><V48/><F102/><W99/><G20/><T127/><D127/><U59/><E111/><V77/><F77/><W1/><G1/><T46/><D46/><U42/><E132/><V26/><F95/><N who="3" m="56703" /><G99/><T39/><D39/><U21/><E135/><V38/><F38/><W7/><G45/><T96/><D96/><N who="1" m="57351" /><E47/><N who="2" m="28063" /><F49/><W31/><G31/><T15/><D11/><U35/><E37/><V118/><F118/><W69/><G69/><T44/><D44/><U56/><E42/><V107/><F107/><W18/><G18/><T80/><D80/><U97/><E43/><V40/><F40/><W17/><G17/><T9/><D9/><U84/><E35/><V30/><F10/><RYUUKYOKU ba="0,0" sc="250,15,250,-15,250,-15,250,15" hai0="12,14,15,29,34,53,54,68,70,71" hai3="4,6,7,50,52,57,64,66,85,86" /><INIT seed="0,1,0,3,5,127" ten="265,235,235,265" oya="0" hai0="74,87,102,79,17,62,46,49,18,68,100,75,113" hai1="134,3,124,133,25,107,12,73,9,35,69,91,118" hai2="66,58,123,1,2,112,89,83,20,22,44,94,72" hai3="111,131,96,34,81,27,15,43,13,82,128,106,40"/><T42/><D113/><U97/><E118/><V63/><F123/><W53/><G111/><T36/><D75/><U121/><E121/><V19/><F112/><W130/><G53/><T105/><D74/><U5/><E69/><V38/><F38/><W120/><G120/><T26/><D36/><U55/><E124/><V45/><F2/><W86/><G13/><T99/><D102/><U71/><E73/><V77/><F1/><W30/><G15/><T76/><D87/><U24/><E55/><V41/><F41/><N who="3" m="15947" /><G86/><T11/><D11/><U98/><E71/><V60/><F60/><W67/><G67/><T135/><D135/><U50/><E3/><V8/><F8/><W10/><G10/><T85/><D85/><U14/><E107/><V65/><F65/><W84/><G84/><T92/><D105/><U108/><E108/><V33/><F33/><W116/><G116/><T54/><D68/><U16/><E9/><V56/><F56/><W4/><G4/><T37/><D37/><U61/><E5/><V80/><F80/><W7/><G7/><T21/><REACH who="0" step="1"/><D17/><REACH who="0" ten="255,235,235,265" step="2"/><U6/><E16/><V109/><F109/><W23/><G34/><T64/><D64/><U101/><E35/><V117/><F117/><W57/><G57/><AGARI ba="1,1" hai="18,21,26,42,46,49,54,57,62,76,79,92,99,100" machi="57" ten="40,7700,0" yaku="1,1,8,1,53,1" doraHai="127" doraHaiUra="59" who="0" fromWho="3" sc="255,90,235,0,235,0,265,-80" /><INIT seed="0,2,0,1,4,96" ten="345,235,235,185" oya="0" hai0="74,46,73,103,114,53,129,23,105,27,19,78,9" hai1="57,117,11,44,86,123,7,122,16,119,62,13,116" hai2="52,24,67,100,10,56,39,40,110,106,51,6,2" hai3="87,125,33,29,32,58,21,41,92,26,132,42,97"/><T135/><D114/><U118/><N who="1" m="29696" /><DORA hai="34" /><U113/><E113/><V5/><F110/><W130/><G125/><T76/><D74/><U0/><E44/><V1/><F67/><W90/><G130/><T95/><D105/><U30/><E30/><V61/><F39/><W124/><G124/><T68/><D68/><U89/><E86/><V20/><F106/><W112/><G132/><T17/><D73/><U84/><E57/><V50/><F100/><W85/><G112/><T133/><D129/><U83/><REACH who="1" step="1"/><E62/><REACH who="1" ten="345,225,235,185" step="2"/><V60/><F61/><W69/><G69/><T81/><D135/><U37/><E37/><V31/><F40/><N who="3" m="15467" /><G32/><T65/><D133/><U128/><E128/><V109/><F109/><W98/><G33/><T75/><D75/><U45/><E45/><V77/><F77/><W35/><G35/><T14/><D78/><U134/><E134/><V22/><F60/><W64/><G85/><T63/><D63/><AGARI ba="2,1" hai="21,26,29,58,63,64,87,90,92,97,98" m="15467" machi="63" ten="30,1000,0" yaku="8,1" doraHai="96,34" who="3" fromWho="0" sc="345,-16,225,0,235,0,185,26" /><INIT seed="1,0,0,2,0,99" ten="329,225,235,211" oya="1" hai0="51,0,40,62,30,7,5,88,124,76,123,54,49" hai1="68,56,10,66,81,20,116,3,55,45,26,115,78" hai2="125,65,74,8,132,24,16,61,64,23,44,109,95" hai3="60,129,4,75,67,91,117,57,39,112,80,36,47"/><U130/><E115/><V58/><F74/><W77/><G112/><T135/><D76/><U104/><E116/><V94/><F109/><W43/><G129/><T107/><D107/><U63/><E130/><V106/><F106/><W34/><G117/><T131/><D131/><U21/><E104/><V93/><F125/><W113/><G113/><T98/><D0/><U102/><E45/><V48/><F132/><W59/><G34/><T133/><D30/><U41/><E41/><V14/><F64/><W100/><G100/><T33/><D33/><U73/><E102/><V128/><F128/><W119/><G119/><T121/><D62/><U82/><E82/><V105/><F105/><W114/><G114/><T52/><D40/><U31/><E10/><V12/><REACH who="2" step="1"/><F8/><REACH who="2" ten="329,225,225,211" step="2"/><W103/><G75/><T32/><D124/><U15/><E3/><V90/><F90/><W120/><G91/><T17/><D88/><U53/><REACH who="1" step="1"/><E68/><REACH who="1" ten="329,215,225,211" step="2"/><V25/><F25/><W11/><G11/><T96/><D135/><U50/><E50/><V6/><F6/><W126/><G4/><T42/><D133/><U118/><E118/><V2/><F2/><W70/><G126/><T27/><D5/><U101/><E101/><V122/><F122/><W9/><G120/><T83/><D7/><U84/><E84/><V110/><F110/><W1/><G103/><T22/><D123/><U71/><E71/><V29/><F29/><W111/><G111/><T108/><D121/><U86/><E86/><V35/><F35/><W13/><G1/><T28/><D108/><U38/><E38/><V79/><F79/><RYUUKYOKU ba="0,2" sc="329,-15,215,15,225,15,211,-15" hai1="15,20,21,26,31,53,55,56,63,66,73,78,81" hai2="12,14,16,23,24,44,48,58,61,65,93,94,95" /><INIT seed="1,1,2,5,1,29" ten="314,230,240,196" oya="1" hai0="37,56,31,108,103,106,23,40,66,105,41,49,102" hai1="118,20,80,53,97,74,95,15,122,26,7,112,48" hai2="46,70,57,109,130,119,42,68,3,90,124,73,75" hai3="27,60,14,64,59,123,94,131,116,32,114,125,45"/><U33/><E112/><V104/><F3/><W84/><G123/><T55/><D37/><U12/><E118/><V115/><F104/><W87/><G114/><T50/><D106/><U67/><E122/><V83/><F90/><W110/><G116/><T72/><D105/><U47/><E33/><V120/><F83/><W121/><G121/><T17/><D72/><U54/><E67/><V77/><F77/><W107/><G110/><T126/><D108/><U78/><E7/><V76/><F76/><W51/><G125/><T101/><D126/><U86/><E54/><V134/><F130/><W58/><G131/><T34/><D66/><U44/><E44/><V89/><F134/><W0/><G107/><T6/><D6/><U16/><REACH who="1" step="1"/><E74/><REACH who="1" ten="314,220,240,196" step="2"/><V30/><F75/><W2/><G58/><N who="0" m="33135" /><D34/><U88/><AGARI ba="1,3" hai="12,15,16,20,26,47,48,53,78,80,86,88,95,97" machi="88" ten="20,18000,2" yaku="1,1,0,1,7,1,8,1,54,2,53,0" doraHai="29" doraHaiUra="65" who="1" fromWho="1" sc="314,-61,220,213,240,-61,196,-61" /><INIT seed="1,2,0,0,1,111" ten="253,433,179,135" oya="1" hai0="88,46,31,7,98,107,34,116,64,91,36,58,35" hai1="2,26,124,122,52,113,39,121,54,68,11,132,125" hai2="112,100,119,6,135,13,115,12,49,14,63,5,99" hai3="28,108,8,114,44,69,33,48,97,129,32,30,16"/><U85/><E113/><N who="2" m="43595" /><F135/><W82/><G114/><T40/><D116/><U41/><E132/><V110/><F110/><W71/><G108/><T23/><D7/><N who="2" m="2570" /><F119/><W80/><G129/><T51/><D23/><U19/><E68/><V103/><F49/><W87/><G32/><T25/><D35/><U86/><E39/><V72/><F72/><W131/><G33/><T118/><D118/><U4/><E41/><V67/><F99/><W109/><G131/><T90/><D64/><U93/><E121/><V42/><F42/><N who="3" m="24599" /><G69/><AGARI ba="2,0" hai="12,13,14,63,67,69,100,103" m="2570,43595" machi="69" ten="30,7700,0" yaku="11,1,52,3" doraHai="111" who="2" fromWho="3" sc="253,0,433,0,179,83,135,-83" /><INIT seed="2,0,0,2,3,73" ten="253,433,262,52" oya="2" hai0="25,83,13,55,17,19,11,14,61,62,96,131,45" hai1="70,23,4,86,102,115,79,31,110,107,8,6,111" hai2="63,32,94,85,47,121,78,109,12,1,5,67,122" hai3="57,113,93,91,53,72,60,22,51,80,15,65,66"/><V95/><F1/><W37/><G37/><T128/><D25/><U36/><E115/><V18/><F32/><W38/><G38/><T59/><D45/><U75/><E75/><V35/><F35/><W44/><G113/><T133/><D133/><U10/><E70/><V81/><F5/><W2/><G2/><T104/><D83/><N who="1" m="47487" /><E36/><V71/><F47/><W7/><G72/><T118/><D118/><U126/><E102/><V125/><F125/><W69/><G80/><T28/><D28/><U77/><E77/><V29/><F29/><W114/><G114/><T49/><D96/><U98/><E107/><V97/><F109/><N who="1" m="41481" /><E98/><V48/><F48/><W135/><G135/><T26/><D26/><N who="1" m="16863" /><E126/><V127/><F127/><W99/><G22/><T68/><D104/><U76/><E76/><V40/><F40/><W43/><REACH who="3" step="1"/><G69/><REACH who="3" ten="253,433,262,42" step="2"/><T120/><D68/><U33/><E33/><V119/><F119/><W3/><G3/><T129/><D120/><U100/><E10/><AGARI ba="0,1" hai="7,10,15,43,44,51,53,57,60,65,66,91,93,99" machi="10" ten="40,5200,0" yaku="1,1,8,1,53,1" doraHai="73" doraHaiUra="88" who="3" fromWho="1" sc="253,0,433,-52,262,0,42,62" /><AGARI ba="0,0" hai="10,11,13,14,17,19,49,55,59,61,62,128,129,131" machi="10" ten="40,2600,0" yaku="9,1,19,1" doraHai="73" who="0" fromWho="1" sc="253,26,381,-26,262,0,104,0" /><INIT seed="3,0,0,0,0,79" ten="279,355,262,104" oya="3" hai0="14,127,40,113,120,132,11,75,65,58,12,85,43" hai1="116,10,117,42,44,21,125,31,24,36,67,47,53" hai2="59,109,135,130,105,27,133,56,61,92,8,119,95" hai3="55,41,78,89,52,97,45,91,68,102,37,87,84"/><W35/><G68/><T51/><D75/><U115/><E115/><V77/><F105/><W50/><G35/><T3/><D3/><U124/><E67/><V7/><F119/><N who="1" m="45641" /><E10/><V22/><F109/><W131/><G131/><T34/><D34/><U2/><E2/><V112/><F112/><W86/><G78/><T118/><D120/><U33/><E33/><V48/><F130/><W63/><G63/><T9/><D118/><U39/><E53/><V108/><F108/><W73/><G73/><T82/><D127/><N who="1" m="48715" /><E47/><V94/><F48/><AGARI ba="0,0" hai="21,24,31,36,39,42,44,48" m="48715,45641" machi="48" ten="30,2000,0" yaku="12,1,18,1" doraHai="79" who="1" fromWho="2" sc="279,0,355,20,262,-20,104,0" owari="279,7.9,375,47.5,242,-15.8,104,-39.6" /></mjloggm>