<mjloggm ver="2.3"><GO type="225" lobby="0"/><UN n0="%E3%81%B8%E3%82%80%E3%81%B8%E3%82%80%EF%BC%92%E5%8F%B7" n1="%E3%81%8F%E3%82%8B%E3%82%8B" n2="%E3%81%A9%E3%82%8F%E3%82%93%E3%81%94" n3="%E3%83%AD%E3%83%83%E3%83%86%E9%9B%80%E7%90%83" dan="17,17,16,17" rate="2207.03,2212.47,2165.60,2195.84" sx="M,F,M,M"/><TAIKYOKU oya="0"/><INIT seed="0,0,0,3,5,111" ten="250,250,250,250" oya="0" hai0="120,101,25,44,10,55,88,45,12,67,113,132,76" hai1="21,32,104,56,82,107,68,58,92,46,95,16,1" hai2="13,116,27,102,75,114,98,126,29,66,77,71,34" hai3="96,2,97,6,103,106,121,26,70,51,125,124,105"/><T28/><D113/><U84/><E68/><V38/><F126/><N who="3" m="48747" /><G121/><T89/><D101/><U117/><E117/><V24/><F116/><W72/><G72/><T36/><D120/><U49/><E32/><V48/><F48/><W33/><G70/><T110/><D110/><U22/><E1/><V81/><F27/><W35/><G51/><T65/><D76/><U31/><E31/><V87/><F13/><W40/><G40/><T15/><D36/><U4/><E4/><V60/><F87/><W47/><G47/><N who="0" m="17995" /><D55/><N who="1" m="30135" /><E104/><N who="3" m="40042" /><G103/><T129/><D129/><U63/><E107/><N who="2" m="63959" /><F38/><W20/><G6/><N who="0" m="3159" /><D15/><N who="1" m="9375" /><E22/><V94/><F94/><N who="1" m="35881" /><E63/><V78/><F78/><AGARI ba="0,0" hai="56,58,78,82,84" m="35881,9375,30135" machi="78" ten="30,2000,0" yaku="8,1,54,1" doraHai="111" who="1" fromWho="2" sc="250,0,250,20,250,-20,250,0" /><INIT seed="1,0,0,2,4,110" ten="250,270,230,250" oya="1" hai0="88,83,133,81,59,19,54,71,57,122,129,15,132" hai1="124,111,16,17,1,12,123,8,33,72,58,91,73" hai2="34,131,79,36,78,85,62,89,120,49,96,24,4" hai3="51,31,35,67,41,38,52,0,82,7,53,130,9"/><U46/><E123/><V23/><F131/><W65/><G130/><T14/><D129/><U42/><E111/><V135/><F120/><W21/><G35/><T3/><D3/><U87/><E33/><V5/><F36/><W108/><G108/><T102/><D71/><U6/><E124/><V27/><F135/><N who="0" m="51786" /><D102/><U115/><E115/><V75/><F75/><W105/><G105/><T39/><D39/><U25/><E58/><N who="0" m="22025" /><D122/><U68/><E68/><V11/><F34/><W106/><G106/><T119/><D119/><U2/><E25/><V118/><F62/><W63/><G38/><T50/><D88/><U44/><E17/><V37/><F96/><W84/><G67/><T74/><D74/><U77/><E77/><V18/><F37/><W112/><G65/><T69/><D69/><U93/><E1/><V134/><F134/><W76/><G63/><T26/><D26/><U128/><E128/><V117/><F27/><N who="3" m="16879" /><G112/><T127/><D127/><U101/><E101/><V97/><F97/><W121/><G121/><T45/><D15/><U70/><E70/><V10/><F118/><W60/><G60/><T90/><D90/><U22/><E46/><V64/><F64/><W13/><G0/><T47/><D47/><AGARI ba="0,0" hai="7,9,13,41,47,51,52,53,76,82,84" m="16879" machi="47" ten="30,3900,0" yaku="25,1,8,1,54,1" doraHai="110" who="3" fromWho="0" sc="250,-39,270,0,230,0,250,39" /><INIT seed="2,0,0,3,2,66" ten="211,270,230,289" oya="2" hai0="68,52,73,119,6,37,114,4,21,26,133,15,116" hai1="3,32,59,72,33,115,77,99,7,85,123,35,120" hai2="82,107,104,43,65,42,88,111,69,45,51,22,134" hai3="18,127,64,24,98,48,121,14,8,97,131,80,27"/><V29/><F134/><W126/><G121/><N who="1" m="46666" /><E115/><V100/><F111/><W117/><G117/><N who="0" m="45131" /><D133/><U95/><E85/><V130/><F130/><W16/><G131/><T30/><D114/><U103/><E59/><V94/><F82/><W101/><G64/><T36/><D73/><U56/><E56/><V39/><F100/><W53/><G80/><T84/><D84/><U34/><E34/><V89/><F29/><W74/><G74/><T38/><D68/><U109/><E109/><V83/><F22/><N who="3" m="13383" /><G27/><T78/><D78/><U105/><E105/><V61/><F83/><W25/><G25/><T87/><D87/><U93/><E77/><V46/><REACH who="2" step="1"/><F89/><REACH who="2" ten="211,270,220,289" step="2"/><W57/><G101/><T129/><D129/><U19/><E33/><V92/><F92/><W49/><G127/><T96/><D96/><AGARI ba="0,1" hai="39,42,43,45,46,51,61,65,69,88,94,96,104,107" machi="96" ten="30,11600,0" yaku="1,1,7,1,52,1,54,1,53,0" doraHai="66" doraHaiUra="118" who="2" fromWho="0" sc="211,-116,270,0,220,126,289,0" /><INIT seed="2,1,0,0,4,60" ten="95,270,346,289" oya="2" hai0="53,126,11,5,76,108,78,54,47,110,92,105,12" hai1="80,16,118,28,133,10,124,40,48,69,103,44,107" hai2="79,4,68,35,61,52,125,64,129,66,17,71,7" hai3="75,20,26,65,88,45,87,109,84,72,112,62,29"/><V97/><F35/><W101/><G109/><T123/><D105/><U41/><E118/><V59/><F79/><W100/><G112/><T82/><D123/><U95/><E107/><V24/><F129/><W1/><G1/><T121/><D121/><U0/><E133/><V23/><F125/><W42/><G75/><T8/><D126/><U37/><E124/><V77/><F77/><W2/><G2/><T30/><D30/><U39/><E28/><V58/><F71/><W132/><G87/><T6/><D92/><U73/><E69/><V49/><F68/><W74/><G74/><T67/><D67/><N who="2" m="25642" /><F97/><W22/><G22/><T114/><D114/><U31/><E39/><V115/><F115/><W70/><G72/><T15/><D47/><U34/><E37/><V13/><F24/><W9/><G9/><T120/><D120/><U36/><E36/><V91/><F91/><W63/><G132/><T85/><REACH who="0" step="1"/><D78/><REACH who="0" ten="85,270,346,289" step="2"/><U83/><E44/><V93/><F93/><W21/><G45/><T86/><D86/><U19/><E95/><V135/><F135/><W81/><G84/><T25/><D25/><U32/><E73/><V56/><F61/><W98/><G63/><T130/><D130/><U106/><E106/><V127/><F127/><W117/><G62/><T90/><D90/><U128/><E128/><V116/><F116/><W38/><G88/><T102/><D102/><U89/><E103/><V134/><F134/><W14/><G101/><T119/><D119/><U94/><E89/><V51/><F59/><W3/><G117/><T50/><D50/><N who="2" m="18954" /><F58/><W55/><G70/><RYUUKYOKU ba="1,1" sc="85,15,270,-15,346,15,289,-15" hai0="5,6,8,11,12,15,53,54,76,82,85,108,110" hai2="4,7,13,17,23,52,56" /><INIT seed="2,2,1,2,3,25" ten="100,255,361,274" oya="2" hai0="105,98,19,23,12,70,48,47,94,77,69,17,21" hai1="59,68,33,85,18,100,61,32,83,114,123,80,86" hai2="6,43,118,63,13,31,102,35,91,106,1,95,53" hai3="39,40,54,3,130,42,93,131,71,104,109,64,66"/><V9/><F118/><W0/><G104/><T84/><D105/><U111/><E114/><V44/><F106/><W112/><G112/><T45/><D84/><U60/><E111/><V116/><F102/><W75/><G109/><T20/><D77/><U97/><E68/><V87/><F116/><W15/><G75/><T22/><N who="0" m="5120" /><DORA hai="36" /><T110/><D110/><U28/><E18/><V10/><F35/><W2/><G15/><T27/><D27/><U50/><E50/><V78/><F78/><W121/><G121/><T74/><D74/><U120/><E59/><V99/><F10/><W52/><G93/><T51/><D69/><U73/><E73/><V119/><F95/><W113/><G113/><T57/><D70/><U8/><E8/><V89/><F9/><W76/><G39/><T16/><D12/><U30/><E97/><V24/><F99/><W65/><G76/><T72/><D72/><U58/><E58/><V38/><F13/><W134/><G134/><T56/><D56/><U29/><E30/><V124/><F38/><W101/><G101/><AGARI ba="2,1" hai="28,29,32,33,60,61,80,83,85,86,100,101,120,123" machi="101" ten="25,6400,0" yaku="22,2,52,2" doraHai="25,36" who="1" fromWho="3" sc="100,0,255,80,361,0,274,-70" /><INIT seed="3,0,0,4,1,21" ten="100,335,361,204" oya="3" hai0="98,60,97,76,86,72,121,78,22,18,51,25,41" hai1="95,45,6,94,135,117,35,19,36,29,10,20,17" hai2="27,130,33,54,81,102,127,11,1,31,59,112,126" hai3="65,44,48,52,123,109,64,80,56,118,0,30,23"/><W122/><G118/><T13/><D72/><U125/><E117/><V129/><F112/><W43/><G0/><T9/><D121/><U119/><E119/><V58/><F102/><W67/><G80/><T2/><D2/><U87/><E125/><N who="2" m="47627" /><F81/><W83/><G83/><T111/><D111/><U74/><E74/><V107/><F107/><W100/><G100/><T120/><D120/><U46/><E135/><V131/><F54/><W124/><G124/><T106/><D106/><U63/><E63/><V82/><F82/><W28/><G28/><T8/><D8/><U40/><E45/><V62/><F62/><W38/><REACH who="3" step="1"/><G109/><REACH who="3" ten="100,335,361,194" step="2"/><T24/><D60/><U132/><E29/><V7/><AGARI ba="0,1" hai="1,7,11,27,31,33,58,59,129,130,131" m="47627" machi="7" ten="40,5200,0" yaku="19,1,18,1,52,1" doraHai="21" who="2" fromWho="2" sc="100,-13,335,-13,361,62,194,-26" owari="87,-41.3,322,12.2,423,52.3,168,-23.2" /></mjloggm>