<mjloggm ver="2.3"><GO type="225" lobby="0"/><UN n0="%E3%81%A9%E3%82%8F%E3%82%93%E3%81%94" n1="%72%69%6F%75%63%68%61%6E" n2="%E2%91%A3%E9%81%BF%E9%81%8A%E6%88%AF%E3%80%90%E6%9D%B1%E5%8D%97%E3%80%91" n3="%E5%B8%86%E7%AB%8B%E5%A4%8F%E8%A1%A3" dan="16,17,16,17" rate="2208.68,2261.13,2114.67,2138.51" sx="M,M,M,M"/><TAIKYOKU oya="0"/><INIT seed="0,0,0,5,4,115" ten="250,250,250,250" oya="0" hai0="15,95,79,88,104,24,81,101,45,26,27,130,67" hai1="65,132,61,134,73,4,127,120,94,77,80,85,84" hai2="69,55,2,108,33,29,12,30,103,41,39,8,90" hai3="10,40,17,105,128,0,57,114,99,7,42,23,135"/><T112/><D130/><U133/><E127/><V62/><F2/><W124/><G114/><T113/><D67/><U121/><E4/><V25/><F30/><W125/><G128/><T38/><D15/><U117/><E117/><V36/><F41/><W122/><G122/><N who="1" m="47210" /><E94/><V50/><F103/><N who="3" m="62719" /><G57/><AGARI ba="0,0" hai="57,61,65,73,77,80,84,85,132,133,134" m="47210" machi="57" ten="40,1300,0" yaku="20,1" doraHai="115" who="1" fromWho="3" sc="250,0,250,13,250,0,250,-13" /><INIT seed="1,0,0,3,3,102" ten="250,263,250,237" oya="1" hai0="95,57,127,76,43,18,33,105,4,125,88,131,5" hai1="14,50,40,21,129,77,122,44,16,134,106,48,124" hai2="118,0,23,90,98,80,37,67,55,31,46,78,83" hai3="25,29,73,8,70,112,92,66,6,36,42,65,86"/><U130/><E122/><V24/><F118/><W39/><G112/><T109/><D33/><U47/><E124/><N who="0" m="47689" /><D109/><U111/><E134/><V10/><F67/><W12/><G73/><T68/><D68/><U107/><E111/><V26/><F26/><W93/><G70/><T35/><D35/><U1/><E1/><V71/><F71/><W85/><G39/><T11/><D76/><U133/><E133/><V61/><F61/><W64/><G36/><T135/><D43/><N who="1" m="24607" /><E77/><V74/><F55/><W51/><G92/><T91/><D131/><AGARI ba="0,0" hai="14,16,21,40,47,50,106,107,129,130,131" m="24607" machi="131" ten="30,11600,0" yaku="19,1,52,2,54,1" doraHai="102" who="1" fromWho="0" sc="250,-116,263,116,250,0,237,0" /><INIT seed="1,1,0,4,5,46" ten="134,379,250,237" oya="1" hai0="15,101,53,115,124,41,107,77,25,12,89,11,83" hai1="32,82,91,94,16,130,87,86,106,55,73,63,118" hai2="1,37,22,108,95,43,30,57,9,80,123,61,126" hai3="23,100,0,34,122,48,69,31,117,5,56,42,75"/><U102/><E118/><V18/><F123/><W134/><G122/><T96/><D115/><U109/><E32/><V84/><F126/><W76/><G69/><T33/><D124/><U54/><E130/><V19/><F108/><W52/><G134/><T105/><D105/><U88/><E109/><V4/><F95/><W132/><G132/><T64/><D41/><U110/><E110/><V85/><F85/><W71/><G71/><T44/><D64/><U17/><E73/><V131/><F131/><W62/><G117/><T40/><D89/><U8/><E8/><V7/><F7/><W29/><G34/><T104/><D104/><U90/><E90/><V6/><F6/><W133/><G100/><T51/><D11/><U58/><REACH who="1" step="1"/><E55/><REACH who="1" ten="134,369,250,237" step="2"/><V20/><F9/><W114/><G75/><T59/><D33/><U36/><E36/><V70/><F37/><W35/><G35/><T128/><D128/><U121/><E121/><V26/><F1/><W13/><G0/><T49/><REACH who="0" step="1"/><D25/><REACH who="0" ten="124,369,250,237" step="2"/><U74/><E74/><AGARI ba="1,2" hai="12,15,40,44,49,51,53,59,74,77,83,96,101,107" machi="74" ten="30,12000,2" yaku="1,1,2,1,7,1,52,2,53,1" doraHai="46" doraHaiUra="99" who="0" fromWho="1" sc="124,143,369,-123,250,0,237,0" /><INIT seed="2,0,0,1,2,63" ten="267,246,250,237" oya="2" hai0="70,12,26,81,91,98,52,23,105,47,78,0,111" hai1="96,120,110,132,36,64,14,84,11,44,124,127,4" hai2="133,29,129,88,42,115,19,39,113,21,46,35,135" hai3="125,9,107,128,97,20,130,57,32,61,82,15,104"/><V16/><F129/><N who="3" m="49771" /><G32/><T10/><D0/><U13/><E110/><V40/><F35/><W55/><G125/><N who="1" m="48202" /><E132/><N who="2" m="50763" /><F42/><W85/><G97/><T103/><D70/><U54/><E120/><V100/><F100/><W41/><G20/><T62/><D111/><U49/><E36/><V25/><F88/><N who="3" m="51255" /><G41/><T122/><D91/><U87/><E64/><V28/><F19/><AGARI ba="0,0" hai="9,15,19,55,57,61,104,107" m="51255,49771" machi="19" ten="30,2000,0" yaku="19,1,54,1" doraHai="63" who="3" fromWho="2" sc="267,0,246,0,250,-20,237,20" /><INIT seed="3,0,0,1,5,101" ten="267,246,230,257" oya="3" hai0="30,50,26,67,2,45,53,96,86,119,118,62,83" hai1="23,81,56,64,43,108,80,93,59,25,125,109,32" hai2="87,110,113,77,122,0,40,17,85,79,116,132,124" hai3="57,70,98,68,60,88,114,128,90,92,33,1,61"/><W112/><G1/><T24/><D2/><U82/><E125/><V15/><F0/><W38/><G38/><T5/><D5/><U100/><E32/><V4/><F116/><W104/><G128/><T76/><D96/><N who="1" m="59407" /><E43/><V41/><F124/><W134/><G134/><T27/><REACH who="0" step="1"/><D30/><REACH who="0" ten="257,246,230,257" step="2"/><N who="1" m="17727" /><E64/><V105/><F132/><W84/><G98/><T133/><D133/><U10/><E10/><V21/><F122/><W6/><G6/><T18/><D18/><U74/><E74/><V51/><F4/><W123/><G123/><T71/><AGARI ba="0,1" hai="24,26,27,45,50,53,62,67,71,76,83,86,118,119" machi="71" ten="30,4000,0" yaku="1,1,0,1,53,1" doraHai="101" doraHaiUra="63" who="0" fromWho="0" sc="257,50,246,-10,230,-10,257,-20" owari="307,40.7,236,-16.4,220,-28.0,237,3.7" /></mjloggm>