<mjloggm ver="2.3"><GO type="225" lobby="0"/><UN n0="%72%69%6F%75%63%68%61%6E" n1="%E3%81%8B%E3%82%8F%E3%81%A1%E3%82%83%E3%82%93%35%38" n2="%E3%81%B5%E3%81%98%E3%81%8B%E3%81%A4" n3="%E4%BF%BA%E3%81%A8%E5%A6%96%E5%A4%A2" dan="16,17,17,17" rate="2181.72,2210.37,2197.49,2191.05" sx="M,M,M,F"/><TAIKYOKU oya="0"/><INIT seed="0,0,0,4,1,133" ten="250,250,250,250" oya="0" hai0="95,112,32,0,63,122,73,123,85,106,89,54,86" hai1="60,79,16,35,48,39,114,57,71,80,25,18,125" hai2="109,75,41,96,90,34,53,131,24,87,2,44,67" hai3="74,82,127,31,93,119,126,14,108,5,64,102,120"/><T58/><D112/><U132/><E39/><V88/><F109/><W9/><G119/><T51/><D73/><U99/><E71/><V135/><F135/><W38/><G108/><T22/><D32/><U36/><E36/><V15/><F131/><W11/><G120/><T59/><D0/><U42/><E132/><V45/><F75/><W92/><G38/><T84/><D106/><U27/><E114/><V28/><F2/><W111/><G111/><T50/><D51/><U33/><E99/><V117/><F67/><W78/><G64/><T17/><D123/><U97/><E97/><V43/><F117/><W116/><G116/><T107/><D107/><U49/><E80/><V128/><F128/><W130/><G130/><T115/><D115/><U103/><E103/><V3/><F3/><W77/><G77/><T66/><REACH who="0" step="1"/><D122/><REACH who="0" ten="240,250,250,250" step="2"/><U23/><E49/><N who="2" m="28847" /><F34/><W100/><G74/><T8/><D8/><U81/><E48/><V12/><F43/><W56/><G11/><T76/><D76/><U72/><E42/><V110/><F110/><W52/><G78/><T69/><D69/><U121/><E121/><V68/><F68/><W40/><G40/><T10/><D10/><U134/><E134/><V91/><F41/><W37/><G37/><T13/><AGARI ba="0,1" hai="13,17,22,50,54,58,59,63,66,84,85,86,89,95" machi="13" ten="20,24000,3" yaku="1,1,0,1,7,1,25,2,8,1,53,2" doraHai="133" doraHaiUra="55" who="0" fromWho="0" sc="240,250,250,-80,250,-80,250,-80" /><INIT seed="0,1,0,0,1,94" ten="490,170,170,170" oya="0" hai0="68,91,67,27,23,92,134,30,83,10,75,64,99" hai1="43,113,56,87,72,89,93,100,107,109,15,82,25" hai2="47,37,128,114,36,5,81,20,28,125,52,123,24" hai3="97,101,44,33,42,102,51,14,62,1,76,17,111"/><T16/><D134/><U69/><E69/><V127/><F114/><W46/><G1/><T119/><D119/><U118/><E118/><V121/><F5/><W54/><G33/><T116/><D116/><U59/><E109/><V11/><F11/><W19/><G111/><T80/><D75/><U84/><E113/><V50/><F81/><N who="0" m="31306" /><D68/><U60/><E43/><V122/><REACH who="2" step="1"/><F128/><REACH who="2" ten="490,170,160,170" step="2"/><W98/><G76/><T31/><D10/><U35/><E82/><V70/><F70/><W21/><G17/><T132/><D132/><U79/><E79/><V104/><F104/><W86/><G86/><T6/><D6/><U63/><E87/><V129/><F129/><W41/><G62/><T0/><D0/><U96/><E72/><V9/><F9/><W3/><G3/><T133/><D133/><U105/><E105/><V131/><F131/><W53/><G42/><T77/><D77/><U126/><E60/><V85/><F85/><W65/><G65/><AGARI ba="1,1" hai="16,23,27,30,31,64,65,67,91,92,99" m="31306" machi="65" ten="30,5800,0" yaku="8,1,52,1,54,1" doraHai="94" who="0" fromWho="3" sc="490,71,170,0,160,0,170,-61" /><INIT seed="0,2,0,5,1,90" ten="561,170,160,109" oya="0" hai0="109,78,55,49,119,65,98,100,67,38,68,59,26" hai1="70,48,3,111,58,21,29,113,37,8,52,95,129" hai2="69,120,99,110,51,6,125,13,0,27,30,54,134" hai3="107,46,43,19,92,73,93,123,28,80,118,132,83"/><T101/><D119/><U74/><E74/><V25/><F120/><W61/><G118/><T32/><D38/><U128/><E70/><V53/><F69/><W117/><G117/><T66/><D109/><U121/><E121/><V97/><F110/><W41/><G107/><T12/><D78/><U36/><E111/><V103/><F134/><W11/><G132/><T85/><D85/><U127/><E127/><V33/><F27/><W14/><G123/><T91/><D68/><U81/><E81/><N who="3" m="31306" /><G73/><T15/><D91/><U116/><E116/><V1/><F125/><W24/><G61/><T87/><D87/><U72/><E72/><V62/><F62/><W84/><G84/><T10/><D10/><U50/><E113/><V135/><F135/><W7/><G28/><T20/><D32/><U130/><E50/><V88/><F103/><W40/><G46/><T131/><D131/><U86/><E29/><V77/><F77/><W57/><G57/><T2/><D2/><U45/><E21/><AGARI ba="2,0" hai="7,11,14,19,21,24,40,41,43,92,93" m="31306" machi="21" ten="30,3900,0" yaku="8,1,52,2" doraHai="90" who="3" fromWho="1" sc="561,0,170,-45,160,0,109,45" /><INIT seed="1,0,0,2,4,1" ten="561,125,160,154" oya="1" hai0="73,20,92,106,40,105,45,28,5,59,60,43,94" hai1="95,25,82,86,115,19,77,79,99,37,83,62,16" hai2="6,65,34,111,80,87,31,110,27,24,128,74,3" hai3="51,48,125,52,41,89,90,30,88,100,69,57,71"/><U120/><E115/><V72/><F65/><W132/><G132/><T116/><D73/><U97/><E120/><V47/><F47/><W9/><G125/><T134/><D134/><U8/><E37/><V81/><F128/><W18/><G30/><T4/><D116/><U113/><E113/><V33/><F87/><W0/><G100/><T26/><D106/><U68/><E68/><V23/><F23/><W108/><G108/><N who="2" m="41513" /><F27/><W135/><G135/><T78/><D105/><U44/><E44/><V54/><F54/><W112/><G112/><T61/><D78/><U13/><E62/><V124/><F124/><W35/><G35/><T114/><D114/><U98/><E25/><V133/><F133/><W56/><G41/><N who="0" m="15947" /><D45/><U55/><E55/><V66/><F66/><W50/><G69/><T123/><D61/><U103/><REACH who="1" step="1"/><E19/><REACH who="1" ten="561,115,160,154" step="2"/><V53/><F53/><N who="3" m="31783" /><G71/><T127/><D123/><U49/><E49/><V14/><F24/><W107/><G50/><T11/><D127/><U130/><E130/><V58/><F58/><W91/><G57/><T2/><D59/><U122/><E122/><V63/><F63/><W22/><G52/><T93/><D60/><U67/><E67/><V32/><F31/><W38/><G51/><T131/><D131/><U119/><E119/><V29/><F29/><W121/><G38/><T109/><D109/><U117/><E117/><V75/><F3/><W17/><G121/><T42/><N who="0" m="15955" /><T96/><DORA hai="15" /><D2/><U64/><E64/><V36/><F36/><W101/><N who="3" m="22528" /><DORA hai="10" /><W12/><G0/><T85/><D26/><U7/><E7/><RYUUKYOKU ba="0,1" sc="561,-15,115,15,160,15,154,-15" hai1="8,13,16,77,79,82,83,86,95,97,98,99,103" hai2="6,14,32,33,34,72,74,75,80,81" /><INIT seed="1,1,1,2,5,109" ten="546,130,175,139" oya="1" hai0="39,81,73,62,121,131,46,123,4,129,38,107,21" hai1="7,94,22,72,97,63,30,93,98,23,70,61,15" hai2="47,135,87,110,34,41,31,112,77,100,103,95,75" hai3="128,25,89,3,71,82,64,79,116,54,53,76,17"/><U14/><E72/><V132/><F110/><W120/><G120/><N who="0" m="46155" /><D107/><U114/><E70/><V10/><F10/><W51/><G128/><N who="0" m="49227" /><D4/><U40/><E40/><V20/><F34/><W2/><G116/><T57/><D21/><U80/><E80/><N who="2" m="45119" /><F31/><W99/><G25/><T86/><D73/><U104/><E104/><V0/><F20/><W133/><G17/><T130/><D46/><U13/><E7/><V48/><F0/><W65/><G3/><T127/><D127/><U37/><E37/><V74/><F112/><W16/><G2/><T29/><D29/><U59/><E114/><V125/><F125/><W60/><G16/><T5/><D5/><U19/><E30/><V12/><F12/><N who="1" m="4713" /><E23/><V96/><F74/><W43/><G133/><N who="2" m="51273" /><F87/><W88/><G76/><N who="0" m="46375" /><D130/><U78/><E78/><V85/><F85/><W108/><G108/><T24/><D24/><U26/><E26/><V11/><F11/><W119/><G79/><T84/><D84/><U101/><E59/><V102/><AGARI ba="1,1" hai="41,47,48,95,96,100,102,103" m="51273,45119" machi="102" ten="30,1100,0" yaku="20,1" doraHai="109" who="2" fromWho="2" sc="546,-4,130,-6,175,24,139,-4" /><INIT seed="2,0,0,1,1,26" ten="542,124,199,135" oya="2" hai0="104,120,25,18,87,100,110,36,41,31,34,79,64" hai1="118,105,135,133,71,116,42,20,84,23,69,55,60" hai2="17,90,62,89,38,68,46,101,82,21,128,61,52" hai3="9,134,33,44,80,6,37,115,77,11,47,32,94"/><V99/><F128/><W107/><G107/><T50/><D36/><U83/><E105/><V113/><F113/><W57/><G115/><T15/><D120/><U29/><E42/><V28/><F68/><N who="1" m="26185" /><E60/><N who="2" m="23147" /><F38/><W106/><G106/><T70/><D70/><U27/><E55/><V7/><F7/><W58/><G94/><T88/><D79/><N who="1" m="46207" /><E20/><V114/><F114/><W72/><G37/><T117/><D110/><U85/><E85/><N who="2" m="50359" /><F101/><W10/><G6/><T35/><D117/><U109/><E109/><V45/><F99/><W119/><G119/><T130/><D130/><U67/><E67/><V22/><F90/><W0/><G0/><T81/><D64/><U19/><E19/><V4/><F4/><W53/><G53/><T49/><D35/><U51/><E51/><N who="2" m="28783" /><F46/><W5/><G5/><T92/><D104/><U121/><E121/><V3/><F3/><W93/><G44/><T123/><D123/><U129/><E129/><V12/><F22/><W108/><G47/><T59/><D41/><U126/><E126/><V14/><F14/><W124/><G108/><T75/><D59/><N who="3" m="22537" /><G124/><T74/><D74/><U1/><E1/><V13/><F12/><W76/><G76/><T102/><D102/><U66/><E66/><V86/><F86/><W39/><G39/><T8/><REACH who="0" step="1"/><D75/><REACH who="0" ten="532,124,199,135" step="2"/><U43/><E43/><V98/><F98/><AGARI ba="0,1" hai="8,15,18,25,31,34,49,50,81,87,88,92,98,100" machi="98" ten="40,8000,1" yaku="1,1,2,1,52,1,54,1,53,0" doraHai="26" doraHaiUra="16" who="0" fromWho="2" sc="532,90,124,0,199,-80,135,0" /><INIT seed="3,0,0,1,4,103" ten="622,124,119,135" oya="3" hai0="4,22,69,107,23,32,118,122,47,126,54,21,67" hai1="58,46,80,2,0,108,106,111,78,50,11,59,83" hai2="41,98,112,61,33,117,81,85,121,34,64,15,10" hai3="9,120,27,12,90,26,105,53,110,96,91,6,104"/><W35/><G120/><T55/><D118/><U40/><E106/><V95/><F121/><W128/><G26/><T76/><D122/><U114/><E114/><V127/><F117/><W65/><G128/><T25/><D76/><U5/><E0/><V124/><F112/><W28/><G65/><T30/><D4/><U20/><E20/><V116/><F41/><W77/><G77/><T63/><D126/><N who="2" m="48170" /><F116/><W92/><G110/><N who="1" m="42026" /><E83/><V16/><F81/><W113/><G113/><T119/><D119/><U8/><E8/><V99/><F85/><AGARI ba="0,0" hai="2,5,11,40,46,50,58,59,78,80,85" m="42026" machi="85" ten="30,1000,0" yaku="14,1" doraHai="103" who="1" fromWho="2" sc="622,0,124,10,119,-10,135,0" owari="622,72.2,134,-26.6,109,-39.1,135,-6.5" /></mjloggm>