<mjloggm ver="2.3"><GO type="225" lobby="0"/><UN n0="%6A%79%75%6E%6F%68" n1="%E5%84%AA%40%41%42%43" n2="%77%72%77%72%77%72%77%72" n3="%E3%81%B7%E3%83%BC%E3%82%84%E3%82%93" dan="16,17,16,17" rate="2148.75,2139.17,2250.30,2175.03" sx="M,M,M,M"/><TAIKYOKU oya="0"/><INIT seed="0,0,0,5,0,134" ten="250,250,250,250" oya="0" hai0="60,129,71,21,38,135,125,51,127,33,53,65,30" hai1="62,111,112,99,100,27,35,109,77,110,56,87,47" hai2="63,106,40,41,11,119,83,26,92,0,25,66,52" hai3="89,91,84,114,105,69,108,80,116,57,117,19,94"/><T24/><D135/><U16/><E112/><V12/><F106/><W32/><G69/><T96/><D129/><U123/><E123/><V126/><F0/><W79/><G32/><T17/><D38/><U81/><E47/><V4/><F119/><W97/><G19/><T70/><D70/><U132/><E132/><V68/><F126/><N who="0" m="48138" /><D96/><U131/><E131/><V88/><F83/><W2/><G114/><T6/><D6/><U7/><E7/><V107/><F107/><W64/><G105/><T82/><D82/><U5/><E5/><V20/><F52/><W103/><G2/><T59/><D17/><U121/><E121/><V42/><REACH who="2" step="1"/><F20/><AGARI ba="0,0" hai="20,21,24,30,33,51,53,59,60,65,71" m="48138" machi="20" ten="30,11600,0" yaku="18,1,52,3" doraHai="134" who="0" fromWho="2" sc="250,116,250,0,250,-116,250,0" /><INIT seed="0,1,0,2,2,0" ten="366,250,134,250" oya="0" hai0="66,56,78,27,45,36,115,57,40,113,5,105,26" hai1="132,129,43,104,44,31,106,54,29,72,48,24,80" hai2="61,33,107,100,121,13,91,52,53,93,82,128,10" hai3="125,103,133,74,6,108,16,46,15,118,90,22,8"/><T18/><D105/><U69/><E129/><V120/><F33/><W85/><G118/><T111/><D78/><U101/><E132/><V126/><F128/><W4/><G74/><T99/><D99/><U59/><E69/><V127/><F82/><N who="3" m="49463" /><G133/><T60/><D111/><U17/><E17/><V79/><F79/><W62/><G125/><N who="2" m="47625" /><F100/><W134/><G108/><T55/><D5/><N who="3" m="2153" /><G134/><T123/><D123/><N who="2" m="47178" /><F61/><W119/><G119/><T114/><D18/><U102/><E24/><V49/><F49/><W38/><G38/><T50/><AGARI ba="1,0" hai="26,27,36,40,45,50,55,56,57,60,66,113,114,115" machi="50" ten="30,1500,0" yaku="0,1" doraHai="0" who="0" fromWho="0" sc="366,18,250,-6,134,-6,250,-6" /><INIT seed="0,2,0,3,4,4" ten="384,244,128,244" oya="0" hai0="91,72,68,43,93,124,117,131,64,79,123,73,71" hai1="103,60,77,109,5,118,74,135,76,114,125,104,27" hai2="30,96,23,67,98,105,3,31,97,92,119,66,20" hai3="14,41,45,99,95,21,108,28,127,59,15,25,133"/><T34/><D34/><U38/><E27/><V8/><F105/><W9/><G108/><T2/><D2/><U55/><E55/><V129/><F129/><W65/><G133/><T86/><D117/><U81/><E60/><V82/><F119/><W85/><G127/><T128/><D124/><U18/><E18/><V75/><F75/><W90/><G15/><T6/><D6/><U69/><E5/><V115/><F115/><W52/><G65/><N who="2" m="24585" /><F3/><W24/><G24/><T88/><D123/><U89/><E76/><V70/><F70/><W122/><G122/><T120/><D120/><U10/><E89/><V22/><F82/><W47/><G85/><T126/><D126/><U100/><E103/><V58/><F58/><W101/><G101/><T26/><D64/><U106/><E100/><V1/><F1/><W12/><G12/><T134/><D79/><U111/><E69/><V63/><F63/><N who="3" m="36327" /><G41/><T37/><D43/><U33/><E125/><V78/><F78/><W49/><G49/><T7/><D131/><U0/><E118/><V112/><F112/><W80/><G80/><T48/><D128/><U57/><E114/><V107/><F107/><N who="1" m="41001" /><E33/><V94/><F8/><W102/><G102/><T121/><D71/><U40/><E57/><V11/><F11/><W84/><G84/><T56/><D86/><U36/><E135/><V17/><F17/><AGARI ba="2,0" hai="9,14,17,21,25,28,45,47,90,95,99" m="36327" machi="17" ten="30,3900,0" yaku="8,1,52,1,54,1" doraHai="4" who="3" fromWho="2" sc="384,0,244,0,128,-45,244,45" /><INIT seed="1,0,0,2,4,118" ten="384,244,83,289" oya="1" hai0="78,82,75,107,103,42,0,131,1,19,10,8,91" hai1="119,13,55,94,100,31,102,125,105,64,23,3,117" hai2="5,120,25,60,45,134,123,61,99,44,110,115,72" hai3="50,95,9,63,71,54,12,70,66,84,48,69,106"/><U114/><E3/><V39/><F72/><W104/><G84/><T68/><D68/><U108/><E114/><V133/><F5/><W128/><G95/><T97/><D131/><U81/><E105/><V77/><F77/><W51/><G54/><T121/><D42/><U24/><E125/><V111/><F25/><W37/><G37/><T15/><D121/><U26/><E108/><V135/><F99/><W14/><G128/><T16/><D91/><U4/><E64/><V41/><F115/><W59/><REACH who="3" step="1"/><G14/><AGARI ba="0,0" hai="0,1,8,10,14,15,16,19,75,78,82,97,103,107" machi="14" ten="40,2600,0" yaku="9,1,54,1" doraHai="118" who="0" fromWho="3" sc="384,26,244,0,83,0,289,-26" /><INIT seed="2,0,0,0,1,95" ten="410,244,83,263" oya="2" hai0="33,31,122,78,124,21,58,56,8,76,99,57,35" hai1="77,114,45,2,90,49,38,89,93,79,10,51,102" hai2="1,15,88,14,26,116,9,24,12,72,29,28,43" hai3="0,60,104,59,121,98,82,36,71,101,132,6,67"/><V39/><F72/><W112/><G121/><T120/><D8/><U81/><E114/><V55/><F116/><W110/><G59/><T123/><D124/><U119/><E102/><V4/><F55/><W70/><G110/><T22/><D99/><N who="1" m="57775" /><E90/><V85/><F43/><W41/><G132/><T94/><D94/><U50/><E49/><V92/><REACH who="2" step="1"/><F39/><REACH who="2" ten="410,244,73,263" step="2"/><W68/><G112/><T86/><D122/><U115/><E119/><V61/><F61/><W87/><G41/><T11/><D120/><U103/><E38/><V18/><F18/><W75/><G36/><T83/><D123/><U5/><E115/><V16/><F16/><W130/><G75/><T97/><D31/><AGARI ba="0,1" hai="1,4,9,12,14,15,24,26,28,29,31,85,88,92" machi="31" ten="40,7700,0" yaku="1,1,54,1,53,1" doraHai="95" doraHaiUra="7" who="2" fromWho="0" sc="410,-77,244,0,73,87,263,0" /><INIT seed="2,1,0,0,1,14" ten="333,244,160,263" oya="2" hai0="77,108,113,48,26,49,70,71,129,107,60,4,16" hai1="1,39,130,51,30,127,89,96,87,27,19,69,82" hai2="29,2,131,36,40,90,117,7,63,99,31,64,58" hai3="120,91,25,112,105,104,86,38,98,116,13,55,56"/><V34/><F117/><W132/><G38/><T76/><D107/><U101/><E39/><V80/><F131/><W121/><G116/><T118/><D113/><U21/><E127/><V122/><F122/><W115/><G132/><T92/><D4/><U15/><E69/><V67/><F2/><W78/><G78/><T17/><D118/><U53/><E1/><V0/><F0/><W134/><G134/><T83/><D26/><U47/><E130/><V85/><F7/><W20/><G13/><T50/><D92/><U124/><E124/><V5/><F5/><W126/><G126/><T103/><D103/><U43/><E43/><V24/><F31/><N who="3" m="17831" /><G98/><T3/><D60/><U54/><E54/><V81/><F99/><W52/><G55/><T11/><D11/><N who="1" m="6655" /><E96/><V37/><F64/><W65/><G65/><T135/><D3/><U88/><E101/><V95/><REACH who="2" step="1"/><F40/><REACH who="2" ten="333,244,150,263" step="2"/><W109/><G120/><T23/><D129/><U42/><E42/><V6/><F6/><W22/><G121/><T93/><D135/><U61/><E61/><V74/><F74/><W44/><G112/><T133/><D133/><U45/><E47/><V28/><F28/><W10/><G44/><T46/><D46/><U57/><E45/><V97/><F97/><W119/><G115/><T111/><D111/><U79/><AGARI ba="1,1" hai="21,27,30,51,53,57,79,82,87,88,89" m="6655" machi="79" ten="30,4000,0" yaku="8,1,52,1,54,1" doraHai="14" who="1" fromWho="1" sc="333,-11,244,53,150,-21,263,-11" /><INIT seed="3,0,0,3,3,68" ten="322,297,129,252" oya="3" hai0="63,39,122,10,8,31,114,59,76,46,127,83,0" hai1="72,102,117,17,18,95,91,19,5,134,97,64,11" hai2="34,107,81,128,105,74,3,121,73,6,14,111,124" hai3="103,52,88,79,69,108,35,70,135,2,9,15,62"/><W98/><G2/><T22/><D122/><U38/><E38/><V28/><F14/><W90/><G35/><T56/><D127/><U133/><E72/><V80/><F124/><W42/><G79/><T104/><D104/><U100/><E64/><V58/><F121/><W129/><G42/><N who="0" m="22879" /><D10/><U93/><E117/><V26/><F58/><N who="3" m="35143" /><G129/><T77/><D77/><U60/><E60/><V54/><F54/><W99/><G135/><N who="1" m="51722" /><E95/><V92/><F92/><N who="3" m="58823" /><G69/><T65/><D114/><U32/><E32/><V132/><F132/><W125/><G70/><T49/><D49/><U109/><E109/><V30/><F128/><W41/><G108/><T29/><D56/><U131/><E131/><V45/><F111/><W118/><G118/><T16/><D63/><U112/><E112/><V1/><F34/><W47/><G99/><T33/><D33/><U116/><E116/><V123/><F123/><W43/><G125/><T50/><D65/><U13/><AGARI ba="0,0" hai="5,11,13,17,18,19,91,93,97,100,102" m="51722" machi="13" ten="30,1100,0" yaku="20,1" doraHai="68" who="1" fromWho="1" sc="322,-3,297,11,129,-3,252,-5" owari="319,41.9,308,10.8,126,-37.4,247,-15.3" /></mjloggm>