<mjloggm ver="2.3"><GO type="225" lobby="0"/><UN n0="%2D%E8%B1%8A%E5%8F%A3%E3%82%81%E3%81%90%E3%81%BF%2D" n1="%E5%B0%8F%E9%B3%A5%E9%81%8A%E7%B7%B4%E7%84%A1%32%31%E6%AD%B3" n2="%72%69%6F%75%63%68%61%6E" n3="%28%EF%BF%A3%E2%96%BD%EF%BF%A3%29%CE%B4%E2%8C%92%E3%83%BB" dan="16,16,17,16" rate="2103.24,2159.71,2155.88,2103.26" sx="F,F,M,M"/><TAIKYOKU oya="0"/><INIT seed="0,0,0,3,1,28" ten="250,250,250,250" oya="0" hai0="26,38,82,16,72,131,126,106,84,92,64,39,81" hai1="46,85,117,116,61,53,42,87,3,132,68,73,74" hai2="122,71,79,130,14,58,112,0,94,49,69,9,56" hai3="7,45,115,107,44,12,118,8,18,35,1,67,48"/><T10/><D106/><U93/><E3/><V32/><F130/><W133/><G107/><T22/><D131/><U89/><E132/><V70/><F122/><W51/><G133/><T63/><D126/><U52/><E68/><V15/><F112/><W36/><G115/><T33/><D33/><U77/><E61/><V80/><F32/><W119/><G36/><T23/><D10/><U101/><E101/><V20/><F94/><W25/><G67/><T43/><D92/><U86/><E116/><V105/><F105/><W97/><G97/><T37/><D72/><U76/><E117/><V121/><F121/><W50/><G45/><T34/><D34/><U6/><E6/><V54/><F58/><W99/><G99/><T90/><D23/><U4/><E4/><V60/><F0/><W75/><G75/><T102/><D102/><U100/><E100/><V110/><F110/><W108/><G44/><T41/><REACH who="0" step="1"/><D82/><REACH who="0" ten="240,250,250,250" step="2"/><U55/><E74/><V95/><F95/><W19/><G108/><T114/><D114/><U83/><REACH who="1" step="1"/><E77/><REACH who="1" ten="240,240,250,250" step="2"/><V24/><F79/><W65/><G119/><T104/><D104/><U96/><E96/><V40/><F80/><W59/><G118/><T88/><D88/><U109/><E109/><V30/><F9/><W120/><G120/><T123/><D123/><U29/><E29/><V62/><F30/><N who="3" m="19919" /><G1/><T129/><D129/><U125/><E125/><V11/><F11/><W31/><G31/><T135/><D135/><U98/><E98/><V66/><F71/><AGARI ba="0,2" hai="16,22,26,37,38,39,41,43,63,64,71,81,84,90" machi="71" ten="40,7700,0" yaku="1,1,54,1,53,1" doraHai="28" doraHaiUra="13" who="0" fromWho="2" sc="240,97,240,0,250,-77,250,0" /><INIT seed="0,1,0,1,0,116" ten="337,240,173,250" oya="0" hai0="36,118,43,70,18,76,64,119,10,104,41,60,105" hai1="124,125,87,126,37,38,121,134,94,103,95,74,117" hai2="112,98,93,16,26,109,92,34,79,101,15,127,114" hai3="4,2,66,67,131,99,75,130,128,84,61,133,17"/><T31/><D31/><U100/><E117/><V1/><F1/><W35/><G75/><T29/><D118/><U115/><E115/><V107/><F109/><W55/><G35/><T69/><D69/><U108/><E108/><V33/><F127/><W39/><G39/><N who="1" m="14858" /><E74/><V86/><F107/><W46/><G133/><T111/><D119/><U49/><E49/><V9/><F26/><W97/><G84/><T19/><D111/><U106/><E87/><V90/><REACH who="2" step="1"/><F79/><REACH who="2" ten="337,240,163,250" step="2"/><W47/><G2/><T20/><D105/><U110/><E106/><V59/><F59/><W53/><G130/><T83/><D104/><U68/><E110/><V8/><F8/><W88/><G131/><T89/><D10/><U135/><E68/><V13/><F13/><W0/><G128/><T63/><D76/><U132/><E121/><V56/><F56/><W73/><G0/><T65/><D70/><U72/><E72/><V82/><F82/><W58/><G73/><T120/><D83/><U27/><E27/><V123/><F123/><W77/><G77/><T122/><D122/><U30/><E30/><V28/><F28/><W45/><G58/><T7/><D120/><U6/><E6/><V57/><F57/><W32/><G4/><T24/><D7/><U96/><E94/><V12/><F12/><W78/><G78/><T80/><D80/><U14/><E14/><V91/><F91/><AGARI ba="1,1" hai="91,95,96,100,103,124,125,126,132,134,135" m="14858" machi="91" ten="40,2600,0" yaku="18,1,20,1" doraHai="116" who="1" fromWho="2" sc="337,0,240,39,163,-29,250,0" /><INIT seed="1,0,0,0,1,101" ten="337,279,134,250" oya="1" hai0="4,46,125,29,3,17,78,33,118,72,90,96,83" hai1="130,132,53,52,131,24,122,68,16,2,134,10,102" hai2="12,97,108,99,70,22,105,95,107,50,40,67,26" hai3="75,76,54,81,27,0,1,51,9,86,79,133,56"/><U121/><E68/><V11/><F108/><W65/><G133/><N who="1" m="51306" /><E2/><V66/><F99/><W123/><G123/><N who="1" m="47114" /><E102/><V114/><F114/><W38/><G38/><T5/><D125/><U21/><E10/><V111/><F111/><W109/><G109/><T93/><D118/><U35/><E35/><V88/><F40/><W37/><G37/><T8/><D33/><U82/><E82/><V59/><F70/><W31/><G76/><T87/><D29/><U85/><E85/><V129/><F129/><AGARI ba="0,0" hai="16,21,24,52,53,129,130,131" m="47114,51306" machi="129" ten="40,12000,1" yaku="19,1,20,1,54,2" doraHai="101" who="1" fromWho="2" sc="337,0,279,120,134,-120,250,0" /><INIT seed="1,1,0,5,2,103" ten="337,399,14,250" oya="1" hai0="62,112,2,91,51,35,16,99,72,9,81,96,73" hai1="128,33,93,117,65,14,88,116,26,82,57,34,79" hai2="120,83,129,87,36,90,52,38,97,133,131,85,92" hai3="6,0,40,44,3,28,109,106,68,20,25,41,29"/><U49/><E128/><N who="2" m="49227" /><F120/><W69/><G109/><T127/><D112/><U43/><E14/><V84/><F36/><W101/><G29/><T64/><D35/><U55/><E65/><V86/><F38/><W61/><G41/><T47/><D127/><U135/><E43/><V22/><F22/><W56/><G6/><T21/><D72/><U115/><E115/><V130/><N who="2" m="49235" /><V134/><DORA hai="39" /><F52/><W108/><G108/><T12/><D21/><U46/><E135/><N who="2" m="51723" /><F84/><W124/><G69/><T45/><D73/><U31/><E33/><V59/><F59/><W105/><G56/><N who="0" m="36935" /><D45/><U100/><E57/><V107/><F107/><W119/><G105/><T1/><D1/><U13/><E13/><V60/><F60/><W111/><G106/><T67/><D2/><U123/><E123/><V7/><F7/><W37/><G0/><T89/><D67/><U11/><E11/><V118/><F118/><W19/><G3/><T54/><D54/><U66/><E66/><V94/><F94/><W17/><G20/><T70/><D70/><U76/><E116/><V113/><F113/><W125/><G61/><T114/><D114/><U15/><E117/><V23/><F23/><W24/><G68/><T32/><D32/><U95/><E15/><V110/><F110/><W102/><G119/><T121/><D121/><U126/><E95/><V78/><AGARI ba="1,0" hai="78,83,85,86,87,90,92,97" m="51723,49235" machi="78" ten="50,8000,1" yaku="19,1,20,1,34,2" doraHai="103,39" who="2" fromWho="2" sc="337,-21,399,-41,14,83,250,-21" /><INIT seed="2,0,0,4,5,82" ten="316,358,97,229" oya="2" hai0="126,85,60,100,122,59,48,87,90,39,106,28,51" hai1="71,36,80,98,42,11,5,27,128,95,70,33,113" hai2="124,19,121,25,13,135,116,50,104,69,8,49,108" hai3="12,92,107,130,109,61,105,30,15,65,97,132,17"/><V84/><F116/><W16/><G132/><T77/><D122/><U127/><E127/><V14/><F121/><W38/><G38/><T54/><D39/><U47/><E128/><V9/><F124/><W37/><G37/><T40/><D126/><U67/><E113/><V10/><F135/><W3/><G3/><T103/><D28/><U96/><E98/><V57/><F104/><W63/><G30/><T55/><D106/><U76/><E67/><V89/><F69/><W93/><G109/><T101/><D40/><U81/><E81/><V23/><F108/><W22/><G130/><T120/><D120/><U94/><E27/><V91/><F91/><W99/><G22/><T134/><D134/><U24/><E95/><V44/><F57/><W4/><G65/><T123/><D123/><U1/><E24/><V56/><F56/><W114/><REACH who="3" step="1"/><G4/><REACH who="3" ten="316,358,97,219" step="2"/><T73/><D73/><N who="1" m="43023" /><E33/><V115/><F115/><AGARI ba="0,1" hai="12,15,16,17,61,63,92,93,97,99,105,107,114,115" machi="115" ten="25,6400,0" yaku="1,1,22,2,54,1,53,0" doraHai="82" doraHaiUra="26" who="3" fromWho="2" sc="316,0,358,0,97,-64,219,74" /><INIT seed="3,0,0,4,4,15" ten="316,358,33,293" oya="3" hai0="61,38,46,110,122,93,111,17,12,8,19,10,107" hai1="59,30,101,35,135,68,113,84,77,103,0,63,27" hai2="124,13,52,43,55,3,7,91,125,4,67,31,82" hai3="41,126,49,130,104,60,95,24,2,105,48,16,18"/><W131/><G2/><T66/><D107/><N who="3" m="41033" /><G24/><T86/><D122/><U75/><E75/><V50/><F3/><W45/><G126/><N who="2" m="48745" /><F31/><W90/><G60/><T94/><D38/><U29/><E68/><V89/><F67/><W132/><G49/><T39/><D39/><U134/><E113/><V121/><F121/><W73/><G73/><T36/><D36/><U74/><E74/><V20/><F43/><W115/><G132/><N who="1" m="50730" /><E29/><V92/><F82/><W100/><G100/><T112/><D112/><U14/><E14/><V120/><F120/><W44/><G44/><T62/><D12/><U116/><E116/><V127/><N who="2" m="48753" /><V64/><DORA hai="1" /><F64/><W117/><G117/><T32/><D66/><N who="1" m="39295" /><E0/><V6/><F92/><W34/><G34/><T76/><D32/><U23/><E35/><V109/><F109/><W58/><G58/><T47/><D76/><U133/><E133/><V108/><F108/><W118/><G118/><T65/><D65/><U96/><E96/><V128/><F128/><N who="3" m="49195" /><G115/><T106/><D106/><U5/><E103/><V71/><F71/><W114/><G114/><T25/><D25/><U26/><E101/><V53/><F50/><W102/><G102/><T11/><D111/><U37/><E27/><V129/><F129/><W78/><G78/><T99/><D110/><U42/><E37/><V33/><F33/><W80/><G80/><T40/><D62/><U97/><E77/><V28/><F28/><W9/><G9/><T51/><D61/><U22/><E30/><V72/><F72/><W56/><G56/><T123/><D123/><U69/><E69/><RYUUKYOKU ba="0,0" sc="316,-15,358,-15,33,15,293,15" hai2="4,6,7,13,20,52,53,55,89,91" hai3="16,18,41,45,48,90,95" /><INIT seed="3,1,0,1,5,110" ten="301,343,48,308" oya="3" hai0="120,128,65,91,79,13,33,94,116,117,98,113,107" hai1="48,0,20,126,67,21,121,29,127,55,78,72,47" hai2="41,1,133,34,7,131,80,25,89,53,134,8,106" hai3="56,4,88,85,42,103,74,58,97,32,45,95,114"/><W36/><G32/><T76/><D33/><U37/><E121/><V84/><F106/><W130/><G114/><T19/><D65/><U71/><E0/><V44/><F131/><W26/><G74/><T18/><D18/><U5/><E5/><V87/><F53/><W38/><G130/><T22/><D120/><U10/><E10/><V3/><F134/><W43/><G26/><T11/><D128/><U66/><E37/><V35/><F133/><W28/><G28/><T62/><D62/><N who="1" m="40407" /><E29/><V104/><F104/><W102/><G4/><T125/><D125/><N who="1" m="47627" /><E67/><V90/><F1/><W96/><G97/><T14/><D107/><U23/><E78/><V69/><F69/><W81/><G103/><T61/><D61/><U108/><E72/><V129/><F129/><W59/><G59/><T111/><D111/><AGARI ba="1,0" hai="20,21,23,47,48,55,108,111" m="47627,40407" machi="111" ten="40,1300,0" yaku="18,1" doraHai="110" who="1" fromWho="0" sc="301,-16,343,16,48,0,308,0" owari="285,-11.5,359,45.9,48,-45.2,308,10.8" /></mjloggm>