<mjloggm ver="2.3"><GO type="225" lobby="0"/><UN n0="%E5%8F%AF%E5%85%90%E9%82%A3%E7%94%B1%E5%A4%9A" n1="%61%69%73%79%6F" n2="%E5%B8%86%E7%AB%8B%E5%A4%8F%E8%A1%A3" n3="%E6%A1%9C%E8%8A%B1%E9%96%83%E3%80%85" dan="16,17,16,16" rate="2197.48,2242.93,2041.02,2097.58" sx="F,M,M,M"/><TAIKYOKU oya="0"/><INIT seed="0,0,0,3,1,70" ten="250,250,250,250" oya="0" hai0="100,52,2,41,92,49,27,3,36,69,25,110,79" hai1="61,81,15,48,13,87,95,19,102,97,114,21,103" hai2="17,101,33,30,71,40,60,8,115,99,0,31,127" hai3="72,5,84,4,77,34,121,75,56,112,55,93,11"/><T57/><D69/><U80/><E114/><V66/><F115/><W111/><G112/><T107/><D107/><U124/><E124/><V106/><F127/><W22/><G34/><T85/><D110/><U132/><E132/><V90/><F31/><W134/><G111/><T128/><D128/><U88/><E61/><V38/><F90/><W104/><G104/><T35/><D79/><U82/><E103/><V83/><F83/><W63/><G134/><T120/><D120/><U24/><REACH who="1" step="1"/><E48/><REACH who="1" ten="250,240,250,250" step="2"/><V37/><F40/><W29/><G63/><T117/><D100/><U122/><E122/><V43/><F43/><W50/><G50/><T68/><D49/><U20/><E20/><V14/><REACH who="2" step="1"/><F0/><REACH who="2" ten="250,240,240,250" step="2"/><W96/><G121/><T23/><D41/><U67/><E67/><V62/><F62/><W73/><G55/><T39/><D2/><U119/><E119/><V54/><F54/><W133/><G133/><T118/><D3/><U94/><AGARI ba="0,2" hai="13,15,19,21,24,80,81,82,87,88,94,95,97,102" machi="94" ten="30,8000,1" yaku="1,1,0,1,8,1,54,1,53,1" doraHai="70" doraHaiUra="86" who="1" fromWho="1" sc="250,-40,240,100,240,-20,250,-20" /><INIT seed="1,0,0,0,3,50" ten="210,340,220,230" oya="1" hai0="7,71,21,95,86,116,32,129,76,11,16,135,110" hai1="65,54,81,33,124,25,79,68,6,127,103,113,30" hai2="69,67,72,109,98,0,10,96,1,14,2,108,5" hai3="80,8,133,82,119,38,15,104,114,121,101,20,51"/><U97/><E113/><V105/><F72/><W24/><G38/><T47/><D116/><U73/><E6/><V62/><REACH who="2" step="1"/><F105/><REACH who="2" ten="210,340,210,230" step="2"/><W12/><G119/><T3/><D110/><AGARI ba="0,1" hai="0,1,2,5,10,14,62,67,69,96,98,108,109,110" machi="110" ten="50,6400,0" yaku="1,1,2,1,14,1,53,0" doraHai="50" doraHaiUra="115" who="2" fromWho="0" sc="210,-64,340,0,210,74,230,0" /><INIT seed="2,0,0,1,5,112" ten="146,340,284,230" oya="2" hai0="70,4,89,35,3,0,130,108,134,37,26,87,51" hai1="34,59,110,114,109,132,107,133,76,74,22,16,111" hai2="72,18,28,53,62,79,73,92,45,15,93,118,1" hai3="32,104,95,123,49,100,63,6,27,80,105,131,25"/><V90/><F1/><W77/><G123/><T9/><D37/><U126/><E126/><V56/><F28/><W8/><G131/><T81/><D108/><U66/><E34/><V129/><F129/><W14/><G63/><T47/><D130/><U88/><E107/><V103/><F118/><W115/><G115/><T82/><D134/><N who="1" m="51819" /><E114/><V60/><F79/><W5/><G5/><T44/><D70/><U54/><E66/><V120/><F120/><W33/><G104/><T117/><D0/><U128/><E128/><V30/><F30/><W98/><G105/><T17/><D81/><N who="1" m="45207" /><E88/><V39/><F73/><W67/><G67/><T102/><D102/><U41/><E41/><V55/><F72/><W68/><G68/><T135/><D135/><U58/><E54/><V48/><F103/><W116/><G33/><T43/><D47/><U85/><E85/><V122/><F122/><W119/><G49/><T124/><D124/><U40/><E40/><N who="2" m="24615" /><F39/><W94/><G94/><N who="2" m="36457" /><F90/><W86/><REACH who="3" step="1"/><G32/><REACH who="3" ten="146,340,284,220" step="2"/><T42/><D35/><U96/><E96/><V75/><F62/><W121/><G121/><T20/><REACH who="0" step="1"/><D42/><REACH who="0" ten="136,340,284,220" step="2"/><U91/><E111/><V71/><F71/><W7/><G7/><T13/><D13/><U106/><E110/><V31/><F56/><W29/><G29/><T10/><D10/><U65/><E109/><V24/><F31/><W46/><G46/><T125/><D125/><U83/><E106/><V99/><F15/><W12/><G12/><T36/><D36/><U101/><E59/><V38/><F38/><W84/><G84/><T57/><D57/><U127/><E58/><RYUUKYOKU ba="0,2" sc="136,15,340,-15,284,-15,220,15" hai0="3,4,9,17,20,26,43,44,51,82,87,89,117" hai3="6,8,14,25,27,77,80,86,95,98,100,116,119" /><INIT seed="3,1,2,2,2,91" ten="151,325,269,235" oya="3" hai0="103,27,131,13,6,56,59,17,33,51,52,115,48" hai1="74,119,69,127,3,61,132,83,122,64,39,30,38" hai2="89,92,135,11,68,49,21,110,57,104,118,111,133" hai3="78,46,87,96,79,82,128,10,5,31,117,90,42"/><W26/><G128/><T94/><D131/><U100/><E122/><V54/><F104/><W124/><G124/><T130/><D130/><U35/><E132/><N who="2" m="50763" /><F118/><W126/><G126/><T12/><D115/><U37/><E127/><V86/><F68/><W53/><G53/><N who="0" m="31783" /><D33/><U55/><E55/><V102/><F11/><W108/><G108/><N who="2" m="41513" /><F21/><W84/><G117/><T93/><D103/><AGARI ba="1,2" hai="49,54,57,86,89,92,102,103" m="41513,50763" machi="103" ten="30,3900,0" yaku="20,1,14,1,52,1" doraHai="91" who="2" fromWho="0" sc="151,-42,325,0,269,62,235,0" owari="109,-39.1,325,12.5,331,43.1,235,-16.5" /></mjloggm>