<mjloggm ver="2.3"><GO type="225" lobby="0"/><UN n0="%E3%82%8C%E3%81%99%E3%81%93" n1="%E6%9D%B1%E9%A2%A8%E3%81%AE%E3%81%8D%E3%82%83%E3%81%B7%E3%81%95%E3%82%93" n2="%6D%61%74%69%67%75%73%61" n3="%E8%9B%87%E3%81%AE%E8%A1%80" dan="17,16,17,16" rate="2202.66,2123.71,2144.52,2161.26" sx="F,M,M,M"/><TAIKYOKU oya="0"/><INIT seed="0,0,0,5,2,78" ten="250,250,250,250" oya="0" hai0="14,111,27,30,53,40,28,31,133,21,127,20,118" hai1="57,76,41,86,65,117,23,84,94,134,2,29,77" hai2="45,71,13,109,74,10,66,32,130,98,125,6,114" hai3="124,75,54,100,83,93,123,102,99,35,17,113,105"/><T7/><D118/><U0/><E117/><V43/><F114/><W62/><G113/><T24/><D40/><U9/><E41/><V51/><F32/><W4/><G35/><T131/><D53/><U96/><E9/><V44/><F74/><W58/><G124/><T108/><D127/><U135/><E96/><V132/><F132/><W46/><G123/><T128/><D31/><U33/><E29/><V119/><F130/><N who="0" m="49706" /><D133/><U110/><E33/><V37/><F43/><W107/><G4/><T103/><D103/><U115/><E94/><V70/><F44/><W72/><G46/><T112/><D112/><U11/><E115/><V73/><F45/><W1/><G1/><T34/><D7/><U18/><E65/><V49/><F6/><W101/><G17/><AGARI ba="0,0" hai="14,17,20,21,24,27,28,30,34,108,111" m="49706" machi="17" ten="30,5800,0" yaku="19,1,34,2" doraHai="78" who="0" fromWho="3" sc="250,58,250,0,250,0,250,-58" /><INIT seed="0,1,0,4,4,53" ten="308,250,250,192" oya="0" hai0="124,71,19,56,74,20,80,38,41,32,13,7,118" hai1="28,121,101,131,26,46,107,27,102,70,88,25,54" hai2="130,34,30,21,75,95,98,112,133,79,117,125,92" hai3="44,49,83,45,43,76,122,111,23,114,110,97,100"/><T6/><D118/><U72/><E70/><V15/><F34/><W58/><G114/><T10/><D71/><U86/><E72/><V82/><F112/><W2/><G2/><T4/><D32/><U84/><E84/><V11/><F130/><W109/><G122/><T0/><D124/><U52/><E121/><V104/><F133/><W67/><G23/><T47/><REACH who="0" step="1"/><D56/><REACH who="0" ten="298,250,250,192" step="2"/><U134/><E134/><V132/><F125/><W64/><G58/><T40/><D40/><U94/><E131/><V128/><F128/><W50/><G45/><T16/><D16/><U65/><E46/><V31/><F117/><W35/><G35/><T115/><D115/><U5/><E5/><V68/><F68/><W85/><REACH who="3" step="1"/><G50/><REACH who="3" ten="298,250,250,182" step="2"/><T108/><D108/><U99/><E28/><V113/><F30/><W33/><G33/><T116/><D116/><U48/><E48/><V129/><F113/><W63/><G63/><T57/><D57/><U9/><E65/><V69/><F69/><W120/><G120/><T62/><D62/><U55/><E55/><V96/><F129/><W24/><G24/><T51/><D51/><U135/><E135/><V22/><F132/><W59/><G59/><T17/><D17/><U123/><E123/><V12/><F31/><W8/><G8/><T78/><AGARI ba="1,2" hai="0,4,6,7,10,13,19,20,38,41,47,74,78,80" machi="78" ten="30,12000,1" yaku="1,1,0,1,25,2,53,1" doraHai="53" doraHaiUra="14" who="0" fromWho="0" sc="298,143,250,-41,250,-41,182,-41" /><INIT seed="0,2,0,1,2,82" ten="441,209,209,141" oya="0" hai0="109,118,23,86,17,77,69,108,6,103,48,18,85" hai1="91,0,130,53,35,89,32,93,87,26,111,1,33" hai2="121,39,88,56,127,112,60,47,113,135,22,126,97" hai3="9,50,44,20,40,105,41,58,104,67,15,54,21"/><T59/><D118/><U45/><E130/><V81/><F22/><W116/><G116/><T80/><D69/><U132/><E132/><V110/><F121/><W119/><G119/><T94/><D6/><U4/><E111/><N who="0" m="42569" /><D23/><U131/><E131/><V27/><F27/><W57/><G104/><T25/><D25/><U37/><E4/><V34/><F34/><W115/><G105/><T43/><D103/><U124/><E124/><V90/><F135/><W38/><G115/><T98/><D98/><U114/><E114/><V12/><F97/><W31/><G31/><T107/><D107/><U8/><E8/><V128/><F128/><W84/><G41/><T55/><D43/><U134/><E134/><V106/><F106/><W66/><G21/><T30/><D30/><U7/><E7/><V63/><F110/><W52/><G20/><T122/><D122/><U125/><E125/><V123/><F123/><W42/><G42/><T83/><D94/><U78/><E26/><V96/><F96/><W19/><REACH who="3" step="1"/><G84/><REACH who="3" ten="441,209,209,131" step="2"/><T72/><D72/><U29/><E29/><V14/><F127/><W65/><G65/><T24/><D24/><U120/><E120/><V76/><F126/><W51/><AGARI ba="2,1" hai="9,15,19,38,40,44,50,51,52,54,57,58,66,67" machi="51" ten="20,8000,1" yaku="1,1,0,1,7,1,9,1,54,1,53,0" doraHai="82" doraHaiUra="3" who="3" fromWho="3" sc="441,-42,209,-22,209,-22,131,96" /><INIT seed="1,0,0,4,0,61" ten="399,187,187,227" oya="1" hai0="105,24,116,81,112,15,62,74,23,124,54,119,69" hai1="47,42,2,70,76,38,94,120,97,12,34,114,0" hai2="17,25,30,60,121,106,8,64,92,104,46,14,51" hai3="21,125,32,55,39,78,5,91,87,19,132,85,131"/><U33/><E120/><V134/><F121/><W20/><G32/><T9/><D112/><U4/><E114/><V77/><F77/><W67/><G39/><T29/><D105/><U37/><E37/><V111/><F111/><W56/><G125/><T122/><D124/><U95/><E76/><V100/><F134/><W36/><G36/><T98/><D122/><U96/><E70/><V59/><F92/><W35/><G35/><T75/><D98/><U108/><E12/><V27/><F100/><W40/><G40/><T118/><D81/><U66/><E108/><V71/><F71/><W53/><G5/><T117/><D117/><U65/><E38/><V82/><F82/><N who="3" m="47319" /><G20/><T68/><D68/><U43/><E4/><V50/><F50/><W26/><G131/><T135/><D135/><U79/><E79/><V41/><REACH who="2" step="1"/><F25/><REACH who="2" ten="399,187,177,227" step="2"/><W10/><G132/><T72/><D69/><U73/><REACH who="1" step="1"/><E47/><REACH who="1" ten="399,177,177,227" step="2"/><V123/><F123/><W109/><G109/><T107/><D118/><U101/><E101/><V3/><F3/><W99/><G91/><T115/><D115/><U127/><E127/><V57/><F57/><W128/><G56/><T58/><D119/><U49/><E49/><V88/><F88/><W80/><G26/><T11/><D116/><U63/><E63/><V6/><F6/><W90/><G90/><T86/><D58/><U45/><E45/><V126/><F126/><W103/><G103/><T31/><D62/><U18/><E18/><V83/><F83/><W13/><G80/><T130/><D15/><U113/><E113/><V84/><F84/><W48/><G87/><RYUUKYOKU ba="0,2" sc="399,-15,177,15,177,15,227,-15" hai1="0,2,33,34,42,43,65,66,73,94,95,96,97" hai2="8,14,17,27,30,41,46,51,59,60,64,104,106" /><INIT seed="1,1,2,1,1,120" ten="384,192,192,212" oya="1" hai0="123,24,78,26,128,81,85,9,113,11,6,135,36" hai1="89,1,3,32,62,97,127,126,10,98,94,13,33" hai2="111,52,42,4,82,48,134,110,40,39,23,86,70" hai3="109,43,27,88,68,72,7,49,53,20,133,107,12"/><U45/><E45/><V75/><F75/><W21/><G107/><T25/><D113/><U67/><E98/><V44/><F70/><W55/><G68/><T124/><D36/><U61/><E61/><V71/><F71/><W83/><G133/><T76/><D135/><U129/><E129/><V102/><F134/><W117/><G117/><T66/><D124/><N who="1" m="47659" /><E62/><V90/><F4/><W91/><G72/><T16/><D128/><U50/><E50/><V77/><F102/><W17/><G7/><T84/><D123/><U112/><E67/><V56/><F40/><W106/><G106/><T35/><D66/><U64/><E64/><V14/><REACH who="2" step="1"/><F77/><REACH who="2" ten="384,192,182,212" step="2"/><W108/><G43/><T99/><D6/><N who="1" m="3287" /><E112/><V30/><F30/><N who="3" m="17767" /><G91/><T41/><D41/><U8/><E8/><V96/><F96/><W116/><G116/><T57/><D99/><U80/><E80/><V119/><F119/><W101/><G101/><T19/><D78/><U130/><E130/><V65/><F65/><W29/><G29/><T87/><D76/><U121/><E121/><V100/><F100/><W38/><G83/><T118/><D81/><U28/><E28/><V74/><F74/><W51/><G88/><T37/><D118/><U46/><E46/><V0/><F0/><AGARI ba="1,3" hai="0,1,3,32,33,89,94,97" m="3287,47659" machi="0" ten="30,1500,0" yaku="18,1" doraHai="120" who="1" fromWho="2" sc="384,0,192,48,182,-18,212,0" /><INIT seed="1,2,0,5,4,118" ten="384,240,164,212" oya="1" hai0="113,121,95,30,13,40,102,19,73,107,68,49,25" hai1="120,123,37,54,45,88,100,108,3,115,126,101,85" hai2="34,56,18,89,104,48,63,15,21,119,65,78,8" hai3="81,28,94,17,124,53,84,74,22,93,6,52,82"/><U132/><E3/><V58/><F119/><W98/><G124/><T23/><D73/><U1/><E1/><V46/><F34/><W66/><G74/><T131/><D113/><U51/><E37/><V128/><F128/><W14/><G66/><T29/><D131/><U69/><E69/><V27/><F104/><W61/><G6/><T39/><D68/><U32/><E32/><V75/><F75/><W112/><G112/><T35/><D39/><U44/><E115/><V62/><F78/><W0/><G0/><T110/><D30/><U47/><E126/><V127/><F89/><N who="3" m="53415" /><G28/><T133/><D107/><U71/><E71/><V91/><F91/><N who="3" m="55647" /><G61/><T109/><D133/><U70/><E70/><V12/><F127/><W134/><G134/><T122/><D95/><U31/><E31/><V9/><F9/><W125/><G125/><T86/><D86/><U79/><E79/><V87/><F87/><W42/><G42/><T103/><D103/><U4/><E4/><V72/><F72/><W57/><G57/><T67/><D67/><U77/><E77/><V92/><F92/><W64/><G64/><T26/><D102/><N who="1" m="39531" /><E132/><V11/><F11/><W36/><G36/><T90/><D90/><U80/><E108/><N who="0" m="41577" /><D40/><U59/><E80/><AGARI ba="2,0" hai="14,17,22,52,53,80,81,82" m="55647,53415" machi="80" ten="30,2000,0" yaku="8,1,54,1" doraHai="118" who="3" fromWho="1" sc="384,0,240,-26,164,0,212,26" /><INIT seed="2,0,0,4,2,126" ten="384,214,164,238" oya="2" hai0="91,72,21,19,60,44,104,27,89,77,94,48,52" hai1="12,1,28,55,76,14,97,57,129,66,71,43,18" hai2="86,111,81,75,40,61,105,69,87,128,82,20,22" hai3="101,8,10,65,59,51,98,134,99,41,49,70,37"/><V96/><F40/><W113/><G134/><T33/><D104/><U58/><E1/><V11/><F11/><W92/><G70/><T29/><D72/><U24/><E76/><V54/><F75/><W108/><G37/><T5/><D77/><U4/><E43/><V50/><F69/><W63/><G108/><T36/><D36/><U85/><E85/><V38/><F61/><W23/><G113/><T73/><D73/><U35/><E97/><V118/><F38/><W135/><G135/><T125/><D125/><U133/><E133/><V130/><F118/><W34/><G34/><T62/><D5/><U31/><E31/><V84/><F111/><W46/><G98/><T127/><D127/><U79/><E79/><V64/><F64/><W30/><G49/><T102/><D102/><U68/><E66/><V74/><F74/><W93/><G93/><T110/><D110/><U119/><E119/><V17/><F96/><W9/><G9/><T107/><D107/><U117/><E117/><V25/><F20/><W88/><G88/><T83/><D83/><U39/><E39/><V15/><F25/><AGARI ba="0,0" hai="8,10,23,25,30,41,46,51,59,63,65,92,99,101" machi="25" ten="40,5200,0" yaku="25,2,8,1" doraHai="126" who="3" fromWho="2" sc="384,0,214,0,164,-52,238,52" /><INIT seed="3,0,0,2,5,63" ten="384,214,112,290" oya="3" hai0="83,98,105,93,125,68,104,111,38,32,124,35,20" hai1="84,47,58,11,49,13,5,51,50,77,131,16,94" hai2="14,88,41,62,99,55,123,126,87,65,4,121,134" hai3="129,103,31,122,76,43,100,91,95,128,75,81,135"/><W28/><G43/><T67/><D38/><U69/><E69/><V29/><F41/><W112/><G28/><T56/><D68/><U90/><E131/><N who="3" m="50250" /><G31/><T85/><D111/><U74/><E74/><V61/><F29/><W89/><G112/><T79/><D20/><U78/><E47/><V12/><F99/><N who="3" m="57839" /><G122/><T54/><D67/><U120/><E120/><V17/><F134/><W6/><G6/><T1/><D1/><U21/><REACH who="1" step="1"/><E58/><REACH who="1" ten="384,204,112,290" step="2"/><V19/><F123/><W117/><G117/><T26/><D32/><U9/><E9/><V22/><F121/><W73/><G135/><T15/><D26/><AGARI ba="0,1" hai="5,11,13,16,21,26,49,50,51,77,78,84,90,94" machi="26" ten="40,5200,0" yaku="1,1,8,1,54,1,53,0" doraHai="63" doraHaiUra="70" who="1" fromWho="0" sc="384,-52,204,62,112,0,290,0" owari="332,43.2,266,-13.4,112,-38.8,290,9.0" /></mjloggm>