<mjloggm ver="2.3"><GO type="225" lobby="0"/><UN n0="%E3%83%A9%E3%83%96%E3%83%AC%E3%83%BC" n1="%E6%A1%9C%E8%8A%B1%E9%96%83%E3%80%85" n2="%E3%81%AF%E3%82%88%E3%81%8A%E3%81%98%E3%81%95%E3%82%93" n3="%72%69%6F%75%63%68%61%6E" dan="18,17,17,17" rate="2252.23,2144.81,2208.93,2141.77" sx="M,M,M,M"/><TAIKYOKU oya="0"/><INIT seed="0,0,0,0,4,43" ten="250,250,250,250" oya="0" hai0="80,126,62,2,89,135,87,133,10,29,98,4,92" hai1="35,32,88,132,73,57,14,55,56,120,101,21,28" hai2="25,121,75,1,122,117,34,95,0,72,30,70,52" hai3="90,19,97,6,115,102,111,71,54,113,65,77,49"/><T114/><D114/><U68/><E120/><V67/><F95/><W42/><G111/><T16/><D29/><U46/><E68/><V48/><F117/><W27/><G77/><T17/><D126/><U104/><E73/><V127/><F127/><W86/><G42/><T7/><D7/><U79/><E79/><V12/><F12/><W51/><G6/><T26/><D62/><U109/><E132/><N who="0" m="50761" /><D26/><U131/><E131/><V64/><F72/><W129/><G129/><T112/><D112/><U124/><E109/><V11/><F75/><W5/><G5/><T59/><D59/><U15/><E28/><V83/><F11/><W31/><G19/><T108/><D108/><U36/><E57/><V130/><F83/><W119/><G119/><T84/><D84/><U9/><E9/><V58/><F130/><W85/><G86/><T47/><D47/><U82/><E21/><V91/><F70/><W103/><G71/><T50/><D50/><U66/><E46/><V96/><F121/><W116/><G116/><T125/><D125/><U94/><E32/><V118/><F122/><W23/><G49/><T39/><D39/><U61/><E35/><V13/><F118/><W33/><G33/><T53/><D53/><U99/><E36/><V63/><F13/><N who="1" m="4617" /><E124/><V74/><F74/><W69/><G69/><T8/><D8/><U76/><E55/><V44/><F67/><W3/><G65/><T45/><D45/><U106/><E76/><AGARI ba="0,0" hai="2,4,10,16,17,76,80,87,89,92,98" m="50761" machi="76" ten="30,2900,0" yaku="20,1,54,1" doraHai="43" who="0" fromWho="1" sc="250,29,250,-29,250,0,250,0" /><INIT seed="0,1,0,5,0,133" ten="279,221,250,250" oya="0" hai0="110,8,107,130,63,115,7,57,131,49,65,119,113" hai1="95,3,32,46,83,62,73,70,50,42,135,4,17" hai2="29,105,82,27,40,37,106,44,2,114,102,48,13" hai3="89,30,109,127,47,55,69,19,6,11,71,116,56"/><T23/><D107/><U117/><E117/><V61/><F114/><W10/><G127/><T88/><D119/><U22/><E32/><V67/><F2/><W125/><G125/><T81/><D23/><U134/><E95/><V31/><F102/><W18/><G116/><T1/><D49/><U94/><E94/><V34/><F29/><W36/><G109/><T59/><D59/><U101/><E101/><V5/><F48/><W92/><G30/><T80/><D80/><U86/><E73/><V85/><F13/><W91/><G71/><T123/><D123/><U121/><E121/><V45/><F5/><W51/><G69/><T9/><D9/><U16/><E4/><V96/><F96/><W97/><G89/><T72/><D110/><U78/><E3/><V20/><F44/><W26/><G26/><T132/><D132/><N who="1" m="50731" /><E22/><V0/><F0/><W90/><G10/><T79/><D88/><U76/><E76/><V77/><F34/><W87/><G36/><T52/><REACH who="0" step="1"/><D65/><AGARI ba="1,0" hai="16,17,42,46,50,62,65,70,78,83,86" m="50731" machi="65" ten="30,2000,0" yaku="20,1,54,1" doraHai="133" who="1" fromWho="0" sc="279,-23,221,23,250,0,250,0" /><INIT seed="1,0,0,3,5,57" ten="256,244,250,250" oya="1" hai0="55,0,99,54,67,89,20,104,38,36,117,86,45" hai1="109,49,6,18,9,125,108,16,11,63,75,35,100" hai2="133,131,87,27,90,51,127,132,70,88,10,91,72" hai3="76,73,92,82,98,122,97,130,21,47,14,114,34"/><U40/><E75/><V52/><F72/><W129/><G34/><T120/><D117/><U5/><E100/><V123/><F123/><W68/><G122/><T64/><D0/><N who="1" m="167" /><E63/><V39/><F39/><W126/><G114/><T22/><D120/><U113/><E113/><V59/><F70/><W53/><G126/><T13/><D99/><U103/><E103/><V124/><F131/><N who="3" m="50187" /><G68/><T61/><D104/><U37/><E37/><V102/><F102/><N who="3" m="60711" /><G98/><T2/><D2/><N who="1" m="471" /><E125/><N who="2" m="48203" /><F10/><W29/><G14/><T111/><D13/><U1/><E1/><V135/><F27/><N who="3" m="16623" /><G47/><T30/><D45/><N who="1" m="25767" /><E35/><V28/><F28/><W24/><G53/><T44/><D30/><U134/><E134/><V19/><F19/><W79/><G76/><T78/><D78/><U66/><E66/><V94/><AGARI ba="0,0" hai="51,52,59,87,88,90,91,94,132,133,135" m="48203" machi="94" ten="40,8000,1" yaku="20,1,18,1,54,2" doraHai="57" who="2" fromWho="2" sc="256,-20,244,-40,250,80,250,-20" /><INIT seed="2,0,0,5,5,114" ten="236,204,330,230" oya="2" hai0="125,120,121,0,55,52,20,24,41,16,97,91,46" hai1="69,93,118,127,104,56,131,57,64,21,87,44,94" hai2="123,17,47,40,10,81,86,19,65,124,99,79,14" hai3="115,106,92,25,61,102,18,54,33,2,98,110,49"/><V53/><F124/><W8/><G110/><T59/><D0/><U77/><E104/><V111/><F111/><W101/><G115/><T112/><D125/><U108/><E127/><V75/><F123/><W39/><G39/><T13/><D112/><U130/><E108/><V68/><F53/><W100/><G61/><N who="0" m="36071" /><D55/><U32/><E32/><V122/><F122/><W66/><G66/><T31/><D46/><U23/><E69/><V128/><F128/><W15/><G2/><T35/><D41/><U37/><E77/><V129/><F129/><W83/><G106/><T103/><D103/><U30/><E30/><V38/><F99/><W22/><G83/><T67/><D67/><U88/><E118/><V84/><REACH who="2" step="1"/><F17/><REACH who="2" ten="236,204,320,230" step="2"/><W43/><G43/><T45/><D97/><U90/><E64/><V7/><F7/><W26/><G54/><T113/><D113/><U3/><E44/><V1/><F1/><W126/><G126/><T11/><D45/><U63/><E3/><V96/><F96/><W72/><G102/><T134/><D121/><U9/><E63/><AGARI ba="0,1" hai="10,14,19,38,40,47,63,65,68,75,79,81,84,86" machi="63" ten="40,3900,0" yaku="1,1,53,1" doraHai="114" doraHaiUra="78" who="2" fromWho="1" sc="236,0,204,-39,320,49,230,0" /><INIT seed="2,1,0,1,0,49" ten="236,165,369,230" oya="2" hai0="9,83,11,93,80,130,133,64,21,1,10,17,103" hai1="76,12,105,53,127,111,26,29,120,55,87,34,13" hai2="100,91,84,59,74,45,132,61,37,128,27,56,85" hai3="3,82,66,101,58,125,23,71,81,65,46,117,19"/><V32/><F74/><W109/><G117/><T115/><D115/><U73/><E73/><V41/><F128/><W52/><G109/><T31/><D133/><U118/><E118/><V131/><F132/><W35/><G35/><T54/><D64/><N who="3" m="24681" /><G3/><T47/><D31/><U129/><E111/><V108/><F100/><W122/><G71/><T36/><D36/><U96/><E129/><V6/><F6/><W20/><G122/><T110/><D110/><U0/><E0/><V62/><F131/><W39/><G39/><T14/><D1/><U78/><E120/><V104/><F104/><W75/><G125/><T33/><D33/><U22/><E127/><V42/><F41/><W70/><G70/><T8/><D130/><U7/><E34/><V134/><F134/><W24/><G75/><T124/><N who="0" m="2048" /><DORA hai="5" /><T112/><D112/><U69/><E69/><V38/><F27/><N who="3" m="14751" /><G46/><T51/><D124/><U123/><E123/><V135/><F45/><W94/><G94/><T28/><D28/><U18/><E7/><V4/><F4/><W88/><G101/><T16/><D17/><U63/><E18/><V102/><F102/><W68/><G68/><T119/><D119/><U30/><E30/><V98/><F32/><W114/><G114/><T77/><D77/><U72/><E72/><V15/><F37/><W95/><G24/><T50/><D51/><U43/><E26/><V79/><F38/><W92/><G23/><T89/><D103/><U99/><E22/><V60/><F135/><W97/><G95/><T67/><D67/><U126/><E126/><V2/><F108/><RYUUKYOKU ba="1,0" sc="236,15,165,-15,369,-15,230,15" hai0="14,16,21,47,50,54,80,83,89,93" hai3="52,58,81,82,88,92,97" /><INIT seed="3,2,0,5,4,31" ten="251,150,354,245" oya="3" hai0="59,9,74,54,123,81,88,61,62,56,135,39,117" hai1="102,121,128,32,113,30,100,105,18,23,0,109,97" hai2="12,40,10,69,53,37,118,115,126,14,63,99,71" hai3="72,75,79,108,96,33,119,44,82,34,91,83,42"/><W98/><G119/><T25/><D123/><U78/><E121/><V3/><F115/><W13/><G13/><T127/><D127/><U87/><E113/><V80/><F3/><W21/><G21/><T114/><D135/><U28/><E109/><V51/><F118/><W106/><G108/><T70/><D70/><U2/><E128/><V49/><F12/><W58/><G58/><T43/><D74/><U19/><E97/><V90/><F37/><N who="3" m="21583" /><G91/><T76/><D9/><U116/><E116/><V50/><F40/><W16/><G16/><T57/><D43/><U52/><E23/><V55/><F126/><W101/><G96/><T64/><D39/><U47/><E87/><N who="2" m="50535" /><F71/><W86/><G86/><N who="0" m="50255" /><D117/><U22/><E22/><V84/><F69/><W67/><G67/><N who="0" m="39335" /><D114/><U41/><E41/><V107/><F107/><W73/><G73/><T17/><D76/><AGARI ba="2,0" hai="33,34,72,75,76,79,82,83,98,101,106" m="21583" machi="76" ten="30,11600,0" yaku="33,2,52,2" doraHai="31" who="3" fromWho="0" sc="251,-122,150,0,354,0,245,122" owari="129,-37.1,150,-25.0,354,15.4,367,46.7" /></mjloggm>