<mjloggm ver="2.3"><GO type="225" lobby="0"/><UN n0="%E3%83%81%E3%83%AF%E3%83%AF%E9%9A%8A%E9%95%B7" n1="%33%74%72%65%65" n2="%E6%98%93%E5%88%A9%E8%96%A9%E4%BC%AF" n3="%61%6D%65%6B%69" dan="17,16,16,16" rate="2180.54,2149.28,2028.74,2091.70" sx="M,F,F,M"/><TAIKYOKU oya="0"/><INIT seed="0,0,0,0,0,67" ten="250,250,250,250" oya="0" hai0="115,134,8,23,126,45,24,123,57,56,52,49,116" hai1="95,42,81,88,28,73,129,20,17,86,108,70,90" hai2="92,26,39,105,14,132,80,118,32,55,87,13,10" hai3="125,58,133,16,101,33,83,124,114,47,103,66,78"/><T121/><D115/><U48/><E108/><V74/><F105/><W35/><G114/><T12/><D116/><U62/><E129/><V30/><F39/><W61/><G133/><T131/><D134/><U51/><E28/><V77/><F132/><W11/><G47/><T5/><D131/><U34/><E34/><V135/><F135/><W44/><G44/><T97/><D126/><N who="3" m="48745" /><G35/><T104/><D104/><U111/><E111/><V100/><F118/><W19/><G33/><T82/><D97/><U71/><E42/><V27/><F27/><W94/><G94/><T43/><D82/><U15/><E73/><V85/><F14/><N who="3" m="7263" /><G19/><T99/><D99/><U93/><E93/><V76/><F100/><W40/><G40/><T69/><D43/><U18/><E18/><V53/><F92/><W98/><G98/><T112/><D112/><U31/><E31/><V106/><F106/><W3/><G3/><T113/><D113/><U4/><E4/><V65/><F13/><W25/><G25/><T9/><D9/><U36/><E36/><V38/><F10/><W54/><G54/><T50/><D45/><U29/><E29/><V89/><F38/><W122/><G122/><T7/><D7/><U60/><E95/><V2/><F2/><W102/><G102/><T107/><D107/><U46/><E46/><V22/><F32/><W130/><G130/><T37/><D37/><U110/><E110/><V96/><F96/><W0/><G0/><T79/><D24/><U41/><E41/><V84/><F26/><W119/><G119/><T72/><D5/><U128/><E128/><RYUUKYOKU ba="0,0" sc="250,-10,250,-10,250,-10,250,30" hai3="58,61,66,78,83,101,103" /><INIT seed="1,1,0,0,1,54" ten="240,240,240,280" oya="1" hai0="12,116,25,120,97,95,105,94,24,132,51,84,70" hai1="18,49,98,76,36,110,66,130,85,40,19,86,134" hai2="5,63,21,111,121,106,96,43,56,34,133,13,93" hai3="103,64,100,128,41,42,124,90,35,125,52,68,119"/><U72/><E134/><V53/><F121/><W69/><G35/><T89/><D116/><U87/><E130/><V60/><F34/><W33/><G33/><T32/><D105/><U102/><E36/><V30/><F111/><W126/><G119/><T47/><D47/><U57/><E110/><V129/><F106/><W82/><G128/><T55/><D70/><N who="3" m="27241" /><G64/><T75/><D132/><U9/><E9/><V118/><F118/><W65/><G65/><T23/><D75/><U78/><E40/><N who="3" m="15466" /><G52/><T0/><D120/><U62/><E49/><V108/><F108/><W2/><G2/><T107/><D0/><U3/><E3/><V20/><F129/><W122/><G122/><T112/><D32/><U83/><REACH who="1" step="1"/><E78/><REACH who="1" ten="240,230,240,280" step="2"/><V10/><F133/><W104/><G104/><AGARI ba="1,1" hai="18,19,57,62,66,72,76,83,85,86,87,98,102,104" machi="104" ten="40,7700,0" yaku="1,1,2,1,52,1,53,0" doraHai="54" doraHaiUra="26" who="1" fromWho="3" sc="240,0,230,90,240,0,280,-80" /><INIT seed="1,2,0,0,4,81" ten="240,320,240,200" oya="1" hai0="69,42,103,135,36,44,13,39,4,112,17,11,125" hai1="43,106,23,126,18,64,47,102,68,95,53,19,7" hai2="127,100,101,71,67,123,12,59,105,111,131,38,74" hai3="97,16,92,109,48,120,79,89,118,99,82,88,132"/><U119/><E119/><V94/><F105/><W90/><G120/><T96/><D112/><U80/><E126/><V46/><F71/><W66/><G118/><T124/><D69/><U93/><E7/><V28/><F74/><W77/><G109/><T60/><D135/><U1/><E1/><V133/><F133/><W134/><G66/><T91/><D60/><U129/><E129/><V25/><F123/><W108/><G108/><T113/><D113/><U86/><E53/><V85/><F131/><W61/><G61/><T121/><D121/><U57/><E57/><V31/><F67/><W5/><G5/><T3/><D36/><U58/><E58/><V35/><F31/><W130/><G130/><T73/><D73/><U70/><E70/><V10/><F59/><W21/><G48/><T34/><D34/><U98/><E18/><V75/><F75/><W117/><G117/><T83/><D91/><U45/><E64/><V26/><F26/><N who="3" m="14631" /><G134/><T104/><REACH who="0" step="1"/><D83/><REACH who="0" ten="230,320,240,200" step="2"/><U114/><E80/><V116/><F116/><W107/><G132/><T9/><AGARI ba="2,1" hai="3,4,9,11,13,17,39,42,44,96,103,104,124,125" machi="9" ten="30,4000,0" yaku="1,1,2,1,0,1,53,0" doraHai="81" doraHaiUra="128" who="0" fromWho="0" sc="230,56,320,-22,240,-12,200,-12" /><INIT seed="2,0,0,1,2,127" ten="286,298,228,188" oya="2" hai0="38,79,101,13,49,83,126,82,119,96,47,132,25" hai1="21,14,33,18,61,106,94,31,9,52,17,69,40" hai2="62,68,95,37,48,24,8,115,81,129,93,77,10" hai3="65,16,135,108,98,20,2,134,23,64,63,128,84"/><V67/><F37/><W30/><G2/><T43/><D126/><U88/><E106/><V51/><F115/><W1/><G1/><T35/><D119/><U92/><E92/><V50/><F129/><W45/><G108/><T103/><D132/><U22/><E40/><V73/><REACH who="2" step="1"/><F24/><REACH who="2" ten="286,298,218,188" step="2"/><N who="3" m="16647" /><G128/><T109/><D38/><U6/><E69/><V87/><F87/><W7/><G135/><T78/><D25/><N who="1" m="16815" /><E33/><V104/><F104/><W5/><G134/><T123/><D123/><U0/><E0/><V99/><F99/><W133/><G133/><T89/><D96/><N who="1" m="57415" /><E22/><V111/><F111/><W53/><G98/><T34/><D109/><U71/><E71/><V118/><F118/><W4/><G84/><T42/><D35/><U120/><E120/><V36/><F36/><W125/><G125/><T26/><D34/><U107/><E107/><V75/><F75/><W55/><G45/><T117/><D47/><U46/><E46/><V102/><F102/><W124/><G124/><T113/><D101/><U29/><E29/><V66/><F66/><N who="3" m="25707" /><G63/><T59/><D117/><U112/><E112/><V72/><F72/><W41/><G41/><T58/><D42/><U56/><AGARI ba="0,1" hai="6,9,14,17,18,52,56,61" m="57415,16815" machi="56" ten="30,4000,0" yaku="8,1,54,2" doraHai="127" who="1" fromWho="1" sc="286,-10,298,50,218,-20,188,-10" /><INIT seed="3,0,0,2,3,41" ten="276,348,198,178" oya="3" hai0="29,94,9,64,76,16,114,66,123,43,93,116,90" hai1="5,11,30,130,28,49,82,7,112,75,26,27,0" hai2="48,62,119,111,72,54,42,3,91,10,83,110,105" hai3="31,129,4,73,2,126,78,106,118,101,133,115,44"/><W98/><G115/><T21/><D116/><U87/><E75/><V96/><F119/><W32/><G118/><T37/><D123/><U53/><E130/><V135/><F135/><W68/><G133/><T61/><D114/><U58/><E112/><V65/><F42/><W1/><G129/><T71/><D76/><U20/><E5/><V52/><F72/><W12/><G12/><T128/><D128/><U121/><E121/><V19/><F105/><W85/><G85/><T8/><D29/><U40/><E40/><V92/><F83/><N who="3" m="45519" /><G126/><T60/><D94/><U95/><E95/><V103/><F103/><W23/><G23/><T109/><D109/><N who="2" m="41482" /><F48/><W69/><G44/><T6/><D6/><U35/><E87/><V15/><F3/><N who="3" m="1035" /><G4/><T51/><D51/><U46/><E82/><V57/><AGARI ba="0,0" hai="10,15,19,52,54,57,62,65,91,92,96" m="41482" machi="57" ten="30,2000,0" yaku="14,1,54,1" doraHai="41" who="2" fromWho="2" sc="276,-5,348,-5,198,20,178,-10" owari="271,7.1,343,44.3,218,-18.2,168,-33.2" /></mjloggm>