<mjloggm ver="2.3"><GO type="225" lobby="0"/><UN n0="%E5%8D%A0%E3%81%84%E5%B8%AB%E8%A3%8F%E3%81%AA%E3%81%84%E3%81%97" n1="%E3%81%99%E3%81%84%E3%81%BE%E3%81%9B%E3%83%BC%E3%82%93" n2="%E3%81%A8%E3%82%93%E3%81%A8%E3%81%93%E3%81%A8%E3%82%93" n3="%E3%82%BC%E3%83%AB%E3%83%80%E3%81%AE%E4%BC%9D%E8%AA%AC" dan="16,16,16,17" rate="2151.65,2212.49,2118.87,2217.21" sx="M,M,M,M"/><TAIKYOKU oya="0"/><INIT seed="0,0,0,0,1,78" ten="250,250,250,250" oya="0" hai0="35,43,65,70,21,133,95,97,113,40,114,86,128" hai1="81,129,91,100,5,77,131,42,107,50,63,3,13" hai2="93,68,1,126,96,60,134,4,22,69,15,84,66" hai3="124,80,57,20,28,83,19,109,111,58,135,74,54"/><T104/><D133/><U105/><E3/><V94/><F134/><W117/><G135/><T115/><D128/><N who="1" m="49227" /><E91/><V10/><F126/><W92/><G117/><T30/><D104/><U130/><E100/><V123/><F123/><W89/><G124/><T110/><D35/><U34/><E34/><V49/><F69/><W47/><G47/><T90/><D110/><N who="3" m="41993" /><G28/><T99/><D99/><U112/><E112/><V53/><F84/><N who="3" m="52263" /><G74/><T25/><D70/><U33/><E33/><V29/><F96/><W7/><G7/><T51/><D65/><U82/><E63/><V12/><F1/><W52/><G58/><T71/><D71/><U106/><E77/><V16/><REACH who="2" step="1"/><F29/><REACH who="2" ten="250,250,240,250" step="2"/><W8/><G8/><T64/><D97/><U6/><E130/><V72/><F72/><W2/><G2/><T127/><D127/><U103/><E103/><V23/><F23/><W88/><G88/><T98/><D98/><U36/><E107/><V61/><F61/><N who="3" m="36007" /><G54/><T102/><D102/><U56/><E106/><V48/><F48/><W73/><G73/><T79/><D51/><U108/><E105/><V87/><F87/><W67/><G67/><T76/><D64/><U132/><E108/><V26/><F26/><AGARI ba="0,1" hai="19,20,26,80,83" m="36007,52263,41993" machi="26" ten="30,7700,0" yaku="14,1,52,2,54,1" doraHai="78" who="3" fromWho="2" sc="250,0,250,0,240,-77,250,87" /><INIT seed="1,0,0,1,0,9" ten="250,250,163,337" oya="1" hai0="63,118,23,52,68,80,36,13,131,97,29,132,108" hai1="124,113,86,72,1,7,127,27,73,41,45,42,26" hai2="48,87,69,62,115,126,128,49,92,19,8,32,14" hai3="88,112,96,11,18,109,20,114,130,74,17,98,2"/><U100/><E113/><V38/><F38/><W116/><G74/><T34/><D118/><U25/><E100/><V12/><F32/><W101/><G116/><T75/><D36/><U99/><E99/><V129/><F126/><N who="1" m="48169" /><E86/><V77/><F115/><W103/><G109/><T111/><D34/><U39/><E42/><V31/><F31/><W40/><G40/><T66/><D131/><N who="2" m="50250" /><F69/><W117/><G117/><T61/><D132/><U58/><E58/><V71/><F71/><W21/><G130/><T120/><D97/><U79/><E79/><V24/><F62/><W122/><G11/><AGARI ba="0,0" hai="1,7,11,25,26,27,39,41,45,72,73" m="48169" machi="11" ten="30,1500,0" yaku="18,1" doraHai="9" who="1" fromWho="3" sc="250,0,250,15,163,0,337,-15" /><INIT seed="1,1,0,3,0,73" ten="250,265,163,322" oya="1" hai0="10,115,97,105,92,120,16,124,94,55,103,69,35" hai1="109,134,1,0,102,42,70,116,98,36,9,104,45" hai2="108,61,117,87,71,133,88,60,84,131,12,37,25" hai3="38,65,44,59,3,27,86,106,67,30,126,101,22"/><U24/><E116/><V123/><F123/><W81/><G3/><T2/><D115/><U62/><E134/><V47/><F117/><W66/><G126/><T46/><D124/><U43/><E109/><V50/><F108/><W52/><G106/><T95/><D69/><U130/><E130/><V54/><F133/><W110/><G110/><T80/><D35/><U26/><E43/><V128/><F37/><W40/><G101/><T113/><D113/><U18/><E26/><V6/><F25/><W122/><G122/><T83/><D2/><U39/><E39/><V118/><F118/><W78/><REACH who="3" step="1"/><G66/><REACH who="3" ten="250,265,163,312" step="2"/><T77/><D105/><U14/><REACH who="1" step="1"/><E24/><REACH who="1" ten="250,255,163,312" step="2"/><V121/><F121/><W48/><AGARI ba="1,2" hai="22,27,30,38,40,44,48,52,59,65,67,78,81,86" machi="48" ten="20,12000,2" yaku="1,1,2,1,0,1,7,1,52,1,54,1,53,0" doraHai="73" doraHaiUra="58" who="3" fromWho="3" sc="250,-31,255,-61,163,-31,312,143" /><INIT seed="2,0,0,3,3,7" ten="219,194,132,455" oya="2" hai0="86,107,68,85,5,75,1,129,69,61,122,12,120" hai1="72,127,4,108,119,81,2,48,15,19,51,92,105" hai2="101,88,49,36,125,41,26,97,6,91,134,73,131" hai3="14,77,106,50,34,83,31,39,56,78,64,90,30"/><V79/><F125/><W23/><G39/><T22/><D1/><U44/><E119/><V70/><F70/><W20/><G106/><T114/><D75/><U53/><E105/><V98/><F36/><W35/><G35/><T47/><D114/><U24/><E127/><V18/><F131/><W62/><G34/><T37/><D129/><U54/><E108/><V109/><F134/><W126/><G126/><T32/><D32/><U87/><E24/><V135/><F135/><W99/><G50/><T17/><D107/><U60/><E60/><V38/><F38/><W43/><G43/><T27/><D68/><U110/><E110/><V63/><F109/><W65/><G65/><T117/><D117/><U112/><E112/><V58/><F6/><W42/><G42/><T103/><D103/><U128/><E128/><V33/><F79/><W40/><G40/><T76/><D76/><U84/><E2/><V57/><F73/><W10/><G23/><T59/><D69/><U3/><E3/><V66/><F97/><W67/><G67/><T74/><D74/><U8/><E4/><V130/><F130/><W95/><G20/><N who="0" m="11303" /><D5/><U82/><E72/><V96/><F101/><W80/><G78/><T104/><D104/><U93/><E87/><V94/><F33/><W55/><G64/><N who="0" m="38975" /><D122/><U13/><E13/><V115/><F115/><W89/><G89/><N who="2" m="34377" /><F94/><N who="1" m="36457" /><E84/><V9/><F41/><W102/><G102/><T45/><D120/><U46/><AGARI ba="0,0" hai="8,15,19,44,46,48,51,53,54,81,82" m="36457" machi="46" ten="30,2000,0" yaku="8,1,52,1" doraHai="7" who="1" fromWho="1" sc="219,-5,194,20,132,-10,455,-5" /><INIT seed="3,0,0,4,2,120" ten="214,214,122,450" oya="3" hai0="87,93,65,129,86,62,12,28,126,124,46,132,13" hai1="99,82,79,24,69,116,112,110,10,22,31,67,40" hai2="117,54,61,1,73,107,38,122,39,60,15,128,3" hai3="92,123,88,57,2,37,108,48,44,111,36,103,109"/><W56/><G103/><T97/><D28/><U104/><E112/><V33/><F33/><W134/><G2/><T20/><D46/><U106/><E110/><V95/><F107/><W16/><G16/><T52/><D52/><U131/><E40/><V74/><F122/><W119/><G134/><T83/><D20/><U0/><E131/><V130/><F95/><W18/><G18/><T41/><D41/><U47/><E47/><V114/><F15/><W91/><G119/><T51/><D51/><U80/><E116/><V4/><F117/><W102/><G102/><T42/><D42/><U75/><E82/><V68/><F68/><W89/><G92/><T90/><D129/><U29/><E29/><V100/><F100/><W66/><G123/><T94/><D87/><U71/><E99/><V101/><F101/><W118/><G118/><T8/><D94/><U9/><E71/><V50/><F50/><W43/><G66/><T72/><D132/><U64/><E64/><V84/><F84/><W30/><G30/><T17/><D13/><U81/><E80/><V78/><F54/><W27/><G27/><T14/><D14/><U76/><E79/><V21/><F78/><W63/><G63/><T70/><D86/><U85/><E85/><V5/><REACH who="2" step="1"/><F21/><REACH who="2" ten="214,214,112,450" step="2"/><W58/><AGARI ba="0,1" hai="36,37,43,44,48,56,57,58,88,89,91,108,109,111" machi="58" ten="40,24000,3" yaku="0,1,29,2,14,1,10,1,52,3,54,1" doraHai="120" who="3" fromWho="3" sc="214,-80,214,-80,112,-80,450,250" owari="134,-6.6,134,-26.6,32,-46.8,700,80.0" /></mjloggm>