<mjloggm ver="2.3"><GO type="225" lobby="0"/><UN n0="%43%68%65" n1="%E2%91%A3%E9%81%BF%E9%81%8A%E6%88%AF%E3%80%90%E6%9D%B1%E5%8D%97%E3%80%91" n2="%E3%81%AF%E3%82%88%E3%81%8A%E3%81%98%E3%81%95%E3%82%93" n3="%E9%80%9F%E6%B0%B4%E5%87%9B%E9%A6%99" dan="16,16,16,16" rate="2078.09,2103.88,2159.37,2174.01" sx="M,M,M,F"/><TAIKYOKU oya="0"/><INIT seed="0,0,0,2,5,70" ten="250,250,250,250" oya="0" hai0="48,21,86,81,122,11,74,82,25,10,62,112,29" hai1="42,0,31,68,102,52,53,3,113,135,106,44,8" hai2="101,124,59,7,109,30,15,92,20,75,38,34,111" hai3="33,26,23,5,28,35,120,65,32,88,77,67,2"/><T61/><D112/><U117/><E113/><V49/><F75/><W123/><G77/><T1/><D122/><N who="3" m="46633" /><G65/><T80/><D74/><U114/><E114/><V54/><F124/><W110/><G67/><T55/><D86/><U128/><E117/><V18/><F7/><W118/><G118/><T17/><D1/><U76/><E3/><V66/><F66/><W104/><G104/><T27/><D11/><U83/><E31/><V4/><F4/><W64/><G64/><T116/><D116/><U22/><E22/><V90/><F101/><W79/><G79/><T9/><D9/><U119/><E119/><V84/><REACH who="2" step="1"/><F38/><REACH who="2" ten="250,250,240,250" step="2"/><W131/><G5/><T72/><D72/><N who="1" m="43399" /><E102/><V87/><F87/><W71/><G71/><T14/><REACH who="0" step="1"/><D27/><AGARI ba="0,1" hai="15,18,20,27,30,34,49,54,59,84,90,92,109,111" machi="27" ten="40,8000,1" yaku="1,1,25,2,53,1" doraHai="70" doraHaiUra="19" who="2" fromWho="0" sc="250,-80,250,0,240,90,250,0" /><INIT seed="1,0,0,4,1,134" ten="170,250,330,250" oya="1" hai0="13,33,101,94,8,55,131,19,14,21,88,22,53" hai1="107,26,48,71,0,120,63,40,5,44,57,7,38" hai2="1,36,34,31,111,86,73,100,117,42,112,17,24" hai3="67,91,3,98,99,82,6,81,60,96,121,97,18"/><U65/><E120/><V77/><F117/><W56/><G121/><T27/><D131/><U119/><E119/><V92/><F111/><W118/><G118/><T74/><D74/><U95/><E107/><V15/><F1/><W66/><G6/><T68/><D68/><U49/><E0/><V28/><F28/><W109/><G3/><T32/><D101/><U126/><E26/><V37/><F42/><W87/><N who="3" m="24576" /><DORA hai="20" /><W115/><G115/><T45/><D32/><U129/><E95/><V80/><F100/><W30/><G30/><N who="0" m="17775" /><D33/><U10/><E10/><V116/><F116/><W16/><G109/><T39/><D45/><N who="1" m="23703" /><E7/><V11/><REACH who="2" step="1"/><F112/><REACH who="2" ten="170,250,320,250" step="2"/><W75/><REACH who="3" step="1"/><G66/><REACH who="3" ten="170,250,320,240" step="2"/><T25/><D39/><U58/><E65/><V35/><F35/><W123/><G123/><T2/><D2/><U78/><E129/><V79/><F79/><AGARI ba="0,2" hai="16,18,56,60,67,75,79,81,82,87,91" m="24576" machi="79" ten="50,6400,0" yaku="1,1,54,1,53,1" doraHai="134,20" doraHaiUra="23,84" who="3" fromWho="2" sc="170,0,250,0,320,-64,240,84" /><INIT seed="2,0,0,3,2,124" ten="170,250,256,324" oya="2" hai0="53,78,42,113,38,122,105,95,7,80,109,112,76" hai1="62,25,90,130,57,6,93,106,64,118,123,66,21" hai2="116,97,70,0,10,34,29,1,28,33,48,40,114" hai3="119,32,26,89,107,22,23,19,37,4,45,74,3"/><V127/><F70/><W91/><G107/><T63/><D105/><U87/><E118/><V24/><F116/><W92/><G74/><T135/><D122/><U61/><E123/><V16/><F48/><W30/><G119/><T17/><D7/><U15/><E106/><V126/><F40/><W55/><G23/><T47/><D109/><U88/><E6/><V69/><F69/><W18/><G18/><T104/><D104/><U73/><E73/><V43/><F43/><W134/><G134/><T72/><D78/><U58/><E15/><N who="2" m="7287" /><F97/><W50/><G37/><T108/><D108/><U99/><E130/><V128/><F114/><W129/><G129/><T9/><D135/><U31/><E87/><V36/><F36/><W77/><G77/><T94/><D113/><U44/><E44/><V71/><F71/><W82/><G4/><T2/><D112/><U85/><E85/><V12/><F12/><W49/><G3/><N who="2" m="1097" /><F128/><W103/><G49/><T133/><D133/><U81/><E81/><V131/><F131/><W86/><G103/><AGARI ba="0,0" hai="21,25,31,57,58,61,62,64,66,88,90,93,99,103" machi="103" ten="30,12000,2" yaku="7,1,9,1,25,2,8,1,54,1" doraHai="124" who="1" fromWho="3" sc="170,0,250,120,256,0,324,-120" /><INIT seed="3,0,0,5,1,40" ten="170,370,256,204" oya="3" hai0="109,91,60,86,95,104,102,119,59,3,16,68,6" hai1="18,39,115,20,0,58,131,80,37,128,71,127,34" hai2="106,90,108,57,42,94,33,105,63,45,56,122,121" hai3="120,117,100,54,67,134,79,99,35,76,85,123,29"/><W9/><G117/><T118/><D68/><U112/><E34/><V25/><F108/><W116/><G116/><T55/><D109/><U13/><E71/><V124/><F124/><W4/><G67/><T81/><D104/><U1/><E127/><V64/><F57/><W8/><G134/><T74/><D3/><N who="1" m="1099" /><E58/><V93/><F25/><W133/><G133/><T132/><D6/><U27/><E80/><V87/><F94/><W38/><G38/><N who="1" m="14346" /><E27/><V73/><F73/><W107/><G35/><T78/><D132/><U66/><E66/><V2/><F2/><W62/><G29/><T126/><D126/><U49/><E49/><N who="2" m="26807" /><F33/><W50/><G62/><T65/><D102/><U125/><E125/><V69/><F69/><W24/><G24/><T110/><D110/><U21/><E21/><V97/><F97/><W31/><G31/><T12/><REACH who="0" step="1"/><D65/><REACH who="0" ten="160,370,256,204" step="2"/><U70/><E70/><V130/><F106/><W83/><G4/><T101/><D101/><U111/><E111/><V75/><F105/><W23/><G107/><T19/><D19/><U89/><E89/><V77/><F90/><W52/><G100/><T44/><D44/><U26/><E26/><V17/><F17/><W22/><G76/><T7/><D7/><U103/><E103/><V84/><F77/><W43/><G79/><T135/><D135/><U113/><E115/><V88/><F88/><W36/><G123/><T82/><D82/><U53/><E113/><V30/><F64/><W98/><G120/><T28/><D28/><U51/><E112/><V92/><F30/><W15/><G83/><T41/><D41/><RYUUKYOKU ba="0,1" sc="160,15,370,15,256,-15,204,-15" hai0="12,16,55,59,60,74,78,81,86,91,95,118,119" hai1="13,18,20,51,53,128,131" owari="175,-32.5,395,49.5,241,4.1,189,-21.1" /></mjloggm>