<mjloggm ver="2.3"><GO type="225" lobby="0"/><UN n0="%E3%81%BF%E3%81%BF%E3%81%9A" n1="%E3%81%B2%E3%81%AA%E3%81%AE%E3%82%8A%E3%81%8F" n2="%E7%99%BD%E6%97%A5%E9%9B%AA%E8%8F%9C" n3="%E6%B4%BE%E9%81%A3%E3%81%AE%E3%82%B8%E3%83%A3%E3%83%83%E3%82%AF" dan="16,17,16,17" rate="2136.79,2156.88,2190.22,2191.98" sx="M,M,M,M"/><TAIKYOKU oya="0"/><INIT seed="0,0,0,0,3,12" ten="250,250,250,250" oya="0" hai0="45,6,81,56,27,93,120,66,69,124,53,128,35" hai1="40,52,98,117,15,54,63,11,9,19,8,99,17" hai2="16,25,42,32,43,112,102,101,55,78,92,22,103" hai3="135,28,65,127,48,79,46,75,14,106,62,13,132"/><T0/><D120/><U87/><E117/><V59/><F112/><W51/><G106/><T122/><D122/><U39/><E39/><V126/><F126/><W61/><G127/><T34/><D124/><U118/><E118/><V100/><F78/><W70/><G28/><T30/><D128/><U134/><E134/><N who="3" m="51242" /><G79/><T23/><D45/><U60/><E40/><V50/><REACH who="2" step="1"/><F32/><REACH who="2" ten="250,250,240,250" step="2"/><W131/><G131/><T57/><D35/><U80/><E63/><V77/><F77/><W1/><G62/><T121/><D34/><U84/><E60/><V73/><F73/><W82/><G75/><T36/><D121/><U33/><E33/><V72/><F72/><W96/><G61/><T41/><D69/><U74/><E74/><V133/><F133/><W58/><G70/><T125/><D125/><U95/><E15/><V26/><F26/><W24/><G13/><T76/><D76/><N who="1" m="46087" /><E87/><V90/><F90/><W5/><G14/><T88/><D88/><N who="1" m="55655" /><E99/><AGARI ba="0,1" hai="16,22,25,42,43,50,55,59,92,99,100,101,102,103" machi="99" ten="40,8000,1" yaku="1,1,8,1,52,1,54,1,53,0" doraHai="12" doraHaiUra="110" who="2" fromWho="1" sc="250,0,250,-80,240,90,250,0" /><INIT seed="1,0,0,5,5,51" ten="250,170,330,250" oya="1" hai0="86,109,98,50,9,94,52,23,102,13,105,81,123" hai1="77,82,16,3,71,35,89,26,17,42,61,66,18" hai2="20,118,0,67,114,53,115,103,33,120,11,85,4" hai3="117,28,132,64,69,112,6,21,5,108,19,70,10"/><U54/><E3/><V127/><F118/><W39/><G39/><T122/><D109/><U41/><E89/><V32/><F120/><N who="0" m="46122" /><D23/><U63/><E35/><V129/><F67/><W31/><G112/><N who="2" m="43049" /><F103/><W1/><G5/><T116/><D116/><U124/><E124/><V27/><F85/><W79/><G79/><T44/><D105/><U56/><REACH who="1" step="1"/><E26/><REACH who="1" ten="250,160,330,250" step="2"/><V80/><F127/><W78/><G117/><T83/><D86/><AGARI ba="0,1" hai="16,17,18,41,42,54,56,61,63,66,71,77,82,86" machi="86" ten="40,18000,2" yaku="1,1,2,1,52,1,54,1,53,2" doraHai="51" doraHaiUra="36" who="1" fromWho="0" sc="250,-180,160,190,330,0,250,0" /><INIT seed="1,1,0,3,2,70" ten="70,350,330,250" oya="1" hai0="122,106,20,124,16,115,10,52,131,128,132,104,66" hai1="36,107,26,7,67,8,65,72,112,125,41,91,114" hai2="28,9,42,33,30,40,34,94,100,45,80,64,37" hai3="25,14,126,12,51,119,111,113,48,130,75,15,29"/><U129/><E125/><V134/><F134/><W96/><G75/><T6/><D115/><U59/><E129/><N who="0" m="49737" /><D66/><U101/><E72/><V84/><F64/><W63/><G113/><T56/><D132/><U68/><E68/><V21/><F40/><W17/><G126/><T44/><D44/><U62/><E67/><V32/><F21/><W74/><G74/><T57/><D57/><U85/><E26/><V123/><F123/><W86/><G130/><T4/><D124/><U11/><E101/><V2/><F100/><W92/><G111/><T97/><D122/><U31/><E107/><N who="0" m="41001" /><D97/><U82/><E31/><V133/><F133/><W88/><G96/><T90/><D10/><U81/><E11/><V23/><F94/><W98/><G98/><T39/><D90/><U120/><E120/><V1/><F23/><N who="3" m="13551" /><G63/><N who="0" m="36231" /><D39/><U46/><REACH who="1" step="1"/><E81/><REACH who="1" ten="70,340,330,250" step="2"/><V0/><REACH who="2" step="1"/><F9/><REACH who="2" ten="70,340,320,250" step="2"/><W58/><G29/><T19/><D19/><U93/><E93/><V116/><F116/><W121/><G119/><T69/><D69/><U89/><E89/><AGARI ba="1,2" hai="0,1,2,28,30,32,33,34,37,42,45,80,84,89" machi="89" ten="50,6400,0" yaku="1,1,52,1,53,1" doraHai="70" doraHaiUra="87" who="2" fromWho="1" sc="70,0,340,-67,320,87,250,0" /><INIT seed="2,0,0,0,1,85" ten="70,273,407,250" oya="2" hai0="23,9,59,72,55,90,116,66,40,104,86,79,97" hai1="34,58,54,113,111,14,20,98,77,107,28,49,12" hai2="25,110,64,6,108,19,13,31,44,92,132,82,124" hai3="65,89,135,69,17,131,48,50,33,35,0,126,120"/><V47/><F124/><W109/><G0/><T15/><D116/><U122/><E34/><V51/><F132/><W114/><G120/><T106/><D40/><U133/><E113/><V84/><F6/><W37/><G37/><T112/><D112/><U118/><E118/><V100/><F64/><W7/><G7/><T29/><D66/><U105/><E133/><V18/><F92/><W71/><G109/><N who="2" m="42089" /><F100/><W63/><G69/><T8/><D72/><U123/><E77/><N who="2" m="46159" /><F13/><W129/><G126/><T117/><D117/><U32/><E111/><V99/><F99/><W96/><G135/><T4/><D79/><U22/><E12/><V80/><F80/><W127/><G127/><T53/><D9/><U134/><E134/><V11/><F47/><W57/><G114/><T56/><D97/><U102/><E107/><V95/><F95/><N who="3" m="56431" /><G71/><T52/><D104/><U125/><E125/><V39/><F11/><W16/><G129/><T3/><D106/><U41/><E14/><V38/><F38/><W67/><G67/><T70/><D70/><U10/><E122/><V91/><F39/><W101/><G101/><T68/><D68/><U130/><E10/><V24/><F24/><W46/><G46/><T61/><D59/><U75/><E123/><V83/><F31/><W1/><G131/><T103/><D103/><U88/><E130/><V62/><F25/><W2/><G2/><T78/><D78/><U60/><E105/><V26/><F26/><W43/><G1/><T119/><D119/><U5/><E28/><V73/><F44/><W93/><G65/><T45/><D3/><RYUUKYOKU ba="0,0" sc="70,0,273,0,407,0,250,0" /><INIT seed="3,1,0,5,4,130" ten="70,273,407,250" oya="3" hai0="40,66,98,37,93,81,3,68,120,48,101,82,20" hai1="70,86,118,102,34,24,103,73,108,13,8,49,94" hai2="113,116,121,14,119,54,35,111,112,18,123,2,10" hai3="97,133,9,132,44,57,84,71,0,43,125,92,69"/><W56/><G84/><T42/><D120/><N who="2" m="46154" /><F111/><W52/><G125/><T4/><D68/><U64/><E73/><V88/><F35/><W76/><G76/><T46/><D3/><U79/><E70/><V19/><F2/><W38/><G56/><T5/><D37/><U129/><E64/><V127/><F127/><W50/><G69/><T36/><D36/><U63/><E63/><V124/><F124/><W131/><G131/><T65/><D20/><U109/><E129/><V59/><F88/><N who="3" m="55431" /><G0/><T33/><D33/><U122/><E94/><V135/><F19/><W87/><G87/><T78/><D42/><U115/><E86/><V106/><F106/><W128/><G128/><T23/><D82/><U1/><E79/><V117/><F135/><N who="3" m="51787" /><G71/><T58/><D58/><U77/><E1/><V89/><F119/><W32/><G32/><T96/><D96/><U55/><E77/><V45/><F117/><W95/><G95/><T90/><D90/><U105/><E118/><V91/><F116/><W74/><G9/><T114/><D114/><N who="2" m="44138" /><F45/><W30/><G30/><T22/><D66/><U51/><E115/><V100/><F100/><W47/><G47/><T41/><D65/><U75/><E122/><V83/><F83/><W134/><N who="3" m="51795" /><W85/><DORA hai="28" /><G85/><N who="0" m="48311" /><D41/><U6/><E103/><V11/><F11/><W7/><G7/><T104/><D104/><U110/><E6/><V31/><F31/><W17/><G17/><T26/><D23/><U67/><E108/><V62/><AGARI ba="1,0" hai="10,14,18,54,59,62,89,91" m="44138,46154" machi="62" ten="30,1100,0" yaku="13,1" doraHai="130,28" who="2" fromWho="2" sc="70,-4,273,-4,407,14,250,-6" owari="66,-43.4,269,6.9,421,52.1,244,-15.6" /></mjloggm>