<mjloggm ver="2.3"><GO type="225" lobby="0"/><UN n0="%E3%83%A2%E3%83%B3%E3%82%AD%E3%83%BC%E3%83%88%E3%83%AA%E3%83%83%E3%82%AF" n1="%E3%83%AD%E3%83%83%E3%83%86%E9%9B%80%E7%90%83" n2="%45%6C%79%73%69%75%6D" n3="%E8%90%BD%E6%97%A5" dan="16,17,18,19" rate="2165.24,2154.34,2183.72,2221.25" sx="M,M,F,F"/><TAIKYOKU oya="0"/><INIT seed="0,0,0,4,4,61" ten="250,250,250,250" oya="0" hai0="23,73,55,17,52,15,79,12,37,8,108,83,62" hai1="98,94,105,71,56,39,0,5,114,11,118,107,122" hai2="1,72,128,7,80,68,40,14,123,36,3,70,67" hai3="2,28,95,19,135,30,4,113,65,91,27,53,74"/><T49/><D37/><U38/><E118/><V89/><F123/><W63/><G113/><T24/><D108/><U85/><E71/><V101/><F128/><W75/><G135/><T110/><D110/><U125/><E122/><V86/><F101/><W112/><G112/><T81/><D81/><U88/><E125/><V46/><F72/><W51/><G19/><T26/><D62/><U120/><E120/><V133/><F70/><W96/><G4/><T21/><D55/><U134/><E134/><V31/><F31/><W121/><G30/><T29/><REACH who="0" step="1"/><D8/><REACH who="0" ten="240,250,250,250" step="2"/><U42/><E39/><V9/><F133/><W126/><G121/><T47/><AGARI ba="0,1" hai="12,15,17,21,23,24,26,29,47,49,52,73,79,83" machi="47" ten="20,12000,1" yaku="1,1,2,1,0,1,7,1,54,1,53,0" doraHai="61" doraHaiUra="59" who="0" fromWho="0" sc="240,130,250,-40,250,-40,250,-40" /><INIT seed="0,1,0,0,1,122" ten="370,210,210,210" oya="0" hai0="118,103,67,54,3,111,23,46,101,102,11,76,116" hai1="52,127,88,128,79,47,85,12,21,89,13,42,25" hai2="90,19,14,130,114,10,104,56,34,108,17,57,16" hai3="36,40,78,107,6,61,24,129,92,49,87,35,59"/><T0/><D67/><U1/><E127/><V45/><F114/><W133/><G107/><T43/><D54/><U30/><E128/><V44/><F34/><W33/><G129/><T84/><D23/><U50/><E1/><V72/><F130/><W5/><G36/><T15/><D3/><U113/><E113/><V131/><F131/><W18/><G133/><T53/><D53/><U97/><E42/><V69/><F69/><W98/><G87/><T91/><D0/><U80/><E97/><V31/><F31/><W62/><G78/><T38/><D76/><U27/><E27/><V68/><F68/><W28/><G35/><T94/><REACH who="0" step="1"/><D111/><REACH who="0" ten="360,210,210,210" step="2"/><U4/><E13/><V37/><F108/><W63/><G33/><T81/><D81/><U119/><E119/><V83/><F83/><W124/><G40/><T74/><D74/><U71/><E71/><V2/><F2/><W20/><G20/><T121/><D121/><U110/><E110/><V96/><F14/><W7/><G124/><T125/><D125/><U86/><E86/><V51/><F72/><W93/><G98/><T26/><D26/><U32/><E32/><V66/><F96/><W65/><G65/><T8/><D8/><AGARI ba="1,1" hai="4,8,12,21,25,30,47,50,52,79,80,85,88,89" machi="8" ten="40,5200,0" yaku="8,1,54,2" doraHai="122" who="1" fromWho="0" sc="360,-55,210,65,210,0,210,0" /><INIT seed="1,0,0,4,2,47" ten="305,275,210,210" oya="1" hai0="89,120,112,16,130,92,71,45,104,55,91,103,39" hai1="134,96,61,20,110,84,2,66,57,21,3,79,77" hai2="73,126,116,122,99,115,62,133,60,10,12,83,19" hai3="4,36,95,65,119,53,33,13,15,88,63,56,68"/><U78/><E134/><V97/><F116/><W58/><G119/><T51/><D71/><U35/><E35/><V76/><F122/><W101/><G36/><T67/><D112/><U11/><E110/><V42/><F133/><W32/><G101/><T111/><D130/><U34/><E34/><V125/><F115/><W46/><G46/><T27/><D111/><U52/><E84/><V129/><F129/><W85/><G68/><T44/><D67/><U40/><E40/><V72/><F72/><W87/><G15/><T43/><D104/><U100/><E66/><V5/><F42/><W54/><G65/><T8/><D120/><U108/><E108/><V41/><F41/><W102/><G102/><T64/><D64/><U6/><REACH who="1" step="1"/><E2/><REACH who="1" ten="305,265,210,210" step="2"/><V132/><F132/><W9/><REACH who="3" step="1"/><G85/><REACH who="3" ten="305,265,210,200" step="2"/><T90/><D39/><U7/><E7/><V118/><F118/><W114/><G114/><T23/><D43/><U18/><E18/><V94/><F19/><W82/><G82/><T69/><D69/><U24/><E24/><V106/><F5/><W105/><G105/><AGARI ba="0,2" hai="3,6,11,20,21,52,57,61,77,78,79,96,100,105" machi="105" ten="40,3900,0" yaku="1,1,54,1,53,0" doraHai="47" doraHaiUra="86" who="1" fromWho="3" sc="305,0,265,59,210,0,200,-39" /><INIT seed="1,1,0,1,3,1" ten="305,324,210,161" oya="1" hai0="88,129,104,19,107,15,120,113,105,45,83,78,49" hai1="123,2,40,51,64,60,52,132,33,125,4,13,11" hai2="20,100,5,98,63,87,101,99,68,3,8,65,73" hai3="79,48,131,17,7,130,89,0,134,128,116,30,80"/><U47/><E123/><V22/><F73/><W9/><G134/><T71/><D71/><U103/><E125/><V86/><F20/><W46/><G116/><T21/><D120/><U57/><E132/><V95/><REACH who="2" step="1"/><F22/><REACH who="2" ten="305,324,200,161" step="2"/><W111/><G111/><T58/><D129/><U41/><E33/><V18/><F18/><W6/><G30/><T61/><D113/><U62/><E103/><V44/><F44/><W92/><G17/><T25/><D25/><U121/><E121/><V91/><F91/><W55/><G7/><T133/><D133/><U29/><E29/><V56/><F56/><W90/><REACH who="3" step="1"/><G92/><AGARI ba="1,1" hai="3,5,8,63,65,68,86,87,92,95,98,99,100,101" machi="92" ten="30,12000,2" yaku="1,1,7,1,9,1,52,1,53,2" doraHai="1" doraHaiUra="81" who="2" fromWho="3" sc="305,0,324,0,200,133,161,-123" /><INIT seed="2,0,0,2,0,67" ten="305,324,333,38" oya="2" hai0="72,87,51,12,6,125,19,97,85,103,70,74,25" hai1="38,45,22,27,28,115,102,80,121,128,66,88,31" hai2="5,69,35,110,75,40,20,96,62,55,104,0,14" hai3="65,9,99,15,34,100,118,92,91,42,106,133,112"/><V126/><F35/><W119/><G112/><T79/><D6/><U84/><E115/><V13/><F75/><W71/><G133/><T135/><D135/><U43/><E128/><V81/><F126/><W105/><G42/><T134/><D134/><U109/><E109/><V94/><F104/><W73/><G34/><T53/><D25/><U37/><E121/><V63/><F40/><W68/><G73/><T131/><D131/><U17/><E38/><V60/><F0/><W8/><G8/><T32/><D70/><U16/><E102/><V124/><F124/><W123/><G123/><T122/><D32/><U61/><REACH who="1" step="1"/><E31/><REACH who="1" ten="305,314,333,38" step="2"/><V86/><F110/><W114/><G114/><T77/><D122/><U57/><AGARI ba="0,1" hai="16,17,22,27,28,37,43,45,57,61,66,80,84,88" machi="57" ten="20,12000,2" yaku="1,1,2,1,0,1,7,1,54,2,53,0" doraHai="67" doraHaiUra="93" who="1" fromWho="1" sc="305,-30,314,130,333,-60,38,-30" /><INIT seed="3,0,0,0,4,65" ten="275,444,273,8" oya="3" hai0="106,128,102,59,31,26,113,6,3,37,105,135,71" hai1="38,9,78,20,66,15,117,76,109,84,77,121,130" hai2="1,40,54,46,103,39,120,132,126,127,27,25,93" hai3="131,51,30,82,47,116,69,83,17,61,111,10,18"/><W110/><G116/><T62/><D128/><U45/><E109/><N who="3" m="41482" /><G131/><T123/><D123/><U14/><E121/><V57/><F1/><W79/><G30/><T94/><D135/><U68/><E130/><V115/><F115/><W101/><G101/><T12/><D37/><U19/><E117/><V122/><F132/><W16/><G10/><N who="0" m="4183" /><D3/><U33/><E33/><V104/><F104/><W75/><G82/><T63/><D71/><U99/><E99/><N who="2" m="59887" /><F120/><W88/><G88/><T7/><D7/><U49/><E84/><V41/><F41/><N who="3" m="25071" /><G61/><T119/><D63/><U114/><E9/><V96/><F96/><W0/><G0/><T24/><D119/><U48/><E77/><V70/><F122/><W50/><G50/><T11/><D113/><U107/><E49/><V64/><F25/><W108/><N who="3" m="41490" /><W32/><DORA hai="87" /><G32/><T22/><D24/><U86/><E48/><N who="2" m="30919" /><F27/><W97/><G97/><N who="0" m="59703" /><D11/><U118/><E118/><V23/><F23/><W29/><G29/><T133/><D133/><U91/><E20/><V95/><F95/><W85/><G69/><T21/><D21/><U13/><E68/><V56/><F70/><W36/><G36/><T43/><D105/><U90/><E107/><V35/><F35/><W100/><G100/><T60/><D106/><U58/><E38/><V55/><F39/><W125/><G125/><T73/><D60/><U129/><E129/><V34/><F34/><W4/><G4/><T28/><D28/><U5/><E5/><V2/><F2/><W134/><G134/><T8/><D31/><U81/><E81/><V42/><F126/><RYUUKYOKU ba="0,0" sc="275,-10,444,-10,273,-10,8,30" hai3="16,17,18,75,79,83,85" /><INIT seed="3,1,0,2,5,85" ten="265,434,263,38" oya="3" hai0="19,57,69,49,65,72,116,127,29,55,88,40,115" hai1="76,52,17,75,103,33,3,36,117,128,97,53,5" hai2="80,38,43,1,102,14,23,67,89,50,104,4,132" hai3="12,64,109,126,58,63,119,62,101,11,26,110,131"/><W56/><G119/><T130/><D116/><U0/><E117/><V123/><F132/><W47/><G126/><T24/><D72/><U95/><E33/><V83/><F1/><W46/><G26/><T7/><D7/><U96/><E17/><V51/><F102/><W113/><G101/><T13/><D40/><U98/><E98/><V2/><F104/><W42/><G113/><T81/><D130/><U34/><E97/><V84/><F2/><W25/><G25/><T66/><D69/><U15/><E15/><V71/><F38/><W86/><G86/><N who="0" m="50255" /><D127/><U61/><E5/><V44/><F51/><W41/><G12/><T18/><D29/><U93/><E103/><V21/><F80/><W59/><G11/><N who="0" m="6463" /><D115/><U120/><E36/><V35/><F123/><W87/><G87/><T31/><D31/><U125/><E34/><V111/><F35/><W60/><G131/><T32/><D32/><U45/><E128/><V70/><F111/><N who="3" m="42507" /><G64/><T6/><D6/><U37/><E0/><V133/><F67/><W91/><G91/><T8/><D8/><U28/><E125/><V122/><F14/><W105/><G105/><T10/><D10/><U27/><E120/><V20/><F122/><W22/><G22/><AGARI ba="1,0" hai="19,22,24,49,55,57,65,66" m="6463,50255" machi="22" ten="30,3900,0" yaku="8,1,52,1,54,1" doraHai="85" who="0" fromWho="3" sc="265,42,434,0,263,0,38,-42" owari="307,10.7,434,53.4,263,-13.7,-4,-50.4" /></mjloggm>