<mjloggm ver="2.3"><GO type="225" lobby="0"/><UN n0="%E6%A1%9C%E8%8A%B1%E9%96%83%E3%80%85" n1="%E3%81%8B%E3%82%8F%E3%81%A1%E3%82%83%E3%82%93%35%38" n2="%72%69%6F%75%63%68%61%6E" n3="%E3%81%B2%E3%81%AA%E3%81%AE%E3%82%8A%E3%81%8F" dan="16,17,17,17" rate="2139.16,2249.26,2187.14,2219.44" sx="M,M,M,M"/><TAIKYOKU oya="0"/><INIT seed="0,0,0,2,3,26" ten="250,250,250,250" oya="0" hai0="42,103,78,50,11,86,132,90,102,105,129,25,44" hai1="67,97,21,28,116,101,65,81,135,4,96,82,112" hai2="64,122,55,14,32,29,87,68,128,95,117,120,89" hai3="126,12,94,110,77,91,118,66,13,88,111,134,60"/><T6/><D129/><U119/><E4/><V59/><F128/><W84/><G118/><T58/><D132/><U62/><E135/><V98/><F117/><W18/><G77/><T124/><D124/><U33/><E33/><V38/><F38/><W15/><G134/><T92/><D105/><U41/><E41/><V35/><F35/><W36/><G36/><T80/><D58/><U73/><E112/><V30/><F32/><W31/><G126/><T114/><D25/><U99/><E101/><V123/><F14/><W37/><G37/><T52/><D42/><U5/><E5/><V75/><F75/><W106/><G106/><T3/><REACH who="0" step="1"/><D114/><REACH who="0" ten="240,250,250,250" step="2"/><U113/><E113/><V40/><F40/><W108/><G108/><T51/><D51/><U70/><E119/><V39/><F39/><W130/><G130/><T93/><D93/><U69/><E116/><V17/><F123/><W10/><G111/><T16/><D16/><U71/><E62/><N who="2" m="39959" /><F122/><W121/><G121/><T53/><D53/><U133/><E133/><V100/><F120/><W0/><G110/><T57/><D57/><U131/><E131/><V7/><F17/><W48/><G48/><T1/><D1/><U54/><E54/><V9/><F55/><W109/><G0/><T127/><D127/><U46/><E46/><V27/><F59/><N who="3" m="37151" /><G109/><T104/><D104/><U61/><E61/><V22/><F27/><W115/><G115/><T56/><D56/><U72/><E67/><V45/><F45/><W43/><G43/><T47/><D47/><U125/><E65/><V24/><F24/><W23/><G18/><RYUUKYOKU ba="0,1" sc="240,30,250,-10,250,-10,250,-10" hai0="3,6,11,44,50,52,78,80,86,90,92,102,103" /><INIT seed="0,1,1,1,2,63" ten="270,240,240,240" oya="0" hai0="54,51,100,42,91,13,126,53,81,80,97,111,1" hai1="106,8,52,19,112,11,55,40,109,129,0,30,104" hai2="127,88,34,12,67,98,50,39,62,125,43,101,44" hai3="45,132,115,26,5,68,28,10,116,4,2,37,76"/><T79/><D1/><U108/><E129/><V89/><F34/><W65/><G115/><T134/><D134/><U20/><E30/><V70/><F12/><W95/><G116/><T21/><D126/><N who="2" m="48138" /><F39/><W61/><G132/><T7/><D111/><N who="1" m="42571" /><E40/><V15/><F15/><W74/><G5/><T49/><D91/><U85/><E85/><V60/><F62/><W58/><G95/><AGARI ba="1,1" hai="43,44,50,60,67,70,88,89,95,98,101" m="48138" machi="95" ten="30,3900,0" yaku="18,1,52,1,54,1" doraHai="63" who="2" fromWho="3" sc="270,0,240,0,240,52,240,-42" /><INIT seed="1,0,0,0,1,101" ten="270,240,292,198" oya="1" hai0="79,131,129,39,44,54,17,93,5,3,123,75,14" hai1="99,103,80,110,115,47,72,74,9,106,29,96,65" hai2="69,40,87,13,41,1,2,8,100,0,81,20,113" hai3="30,42,19,58,46,6,36,85,38,121,57,22,62"/><U7/><E115/><V31/><F113/><W114/><G114/><T4/><D123/><U49/><E110/><V64/><F100/><W133/><G121/><T76/><D3/><U82/><E99/><V84/><F84/><W124/><G124/><T126/><D126/><U71/><E29/><V90/><F64/><W70/><G133/><T37/><D93/><U116/><E116/><V89/><F69/><W135/><G135/><T34/><D34/><U16/><E16/><V68/><F68/><W132/><G6/><T18/><D54/><U27/><E27/><V83/><F83/><W95/><G30/><T120/><D44/><U97/><E97/><V43/><F31/><W26/><G38/><T77/><D120/><U15/><E80/><V10/><REACH who="2" step="1"/><F89/><REACH who="2" ten="270,240,282,198" step="2"/><W98/><G85/><T52/><D77/><U25/><E82/><V118/><F118/><W86/><G86/><T35/><D79/><U130/><E71/><V105/><F105/><W104/><G132/><T117/><D76/><U60/><E65/><V61/><F61/><W12/><G104/><T63/><D63/><U102/><E60/><V128/><F128/><W33/><G62/><T122/><D122/><U73/><E103/><V23/><F23/><W111/><G70/><T134/><D134/><U11/><E130/><V125/><F125/><W112/><G112/><T66/><D66/><U59/><E102/><V55/><F55/><W78/><G78/><T127/><D127/><U50/><E106/><V24/><F24/><W32/><G26/><T28/><D131/><U107/><E107/><V88/><F88/><RYUUKYOKU ba="0,1" sc="270,-10,240,-10,282,30,198,-10" hai2="0,1,2,8,10,13,20,40,41,43,81,87,90" /><INIT seed="2,1,1,2,3,2" ten="260,230,312,188" oya="2" hai0="24,125,85,55,82,76,21,17,135,54,27,63,57" hai1="117,3,133,114,15,106,13,45,95,28,58,129,7" hai2="80,121,36,60,128,32,23,102,26,97,33,79,104" hai3="44,12,16,77,4,8,108,67,107,87,5,70,30"/><V46/><F121/><W134/><G107/><T19/><D135/><U124/><E106/><V74/><F128/><W40/><G134/><T78/><D125/><U38/><E133/><V71/><F36/><W53/><G108/><T123/><D123/><U75/><E75/><V41/><F71/><W126/><G126/><T11/><D78/><U37/><E37/><V96/><F60/><W112/><G30/><T113/><D113/><U84/><E124/><V116/><F116/><W64/><G53/><T132/><D132/><U50/><E38/><V51/><REACH who="2" step="1"/><F96/><REACH who="2" ten="260,230,302,188" step="2"/><W115/><G70/><T18/><D27/><U111/><E117/><V81/><F81/><N who="3" m="47535" /><G115/><T1/><D24/><U98/><E114/><V69/><F69/><W120/><G112/><T62/><D62/><U47/><E129/><V103/><F103/><W68/><G68/><T29/><D63/><U86/><E111/><V72/><F72/><W49/><G120/><T89/><D82/><U59/><E98/><V73/><F73/><W130/><G130/><T31/><D85/><U48/><E86/><V100/><F100/><W94/><G94/><T34/><D76/><U65/><E84/><V52/><F52/><W118/><G118/><T131/><D55/><U92/><E65/><AGARI ba="1,2" hai="4,5,8,12,16,40,44,49,64,65,67" m="47535" machi="65" ten="30,7700,0" yaku="8,1,52,2,54,1" doraHai="2" who="3" fromWho="1" sc="260,0,230,-80,302,0,188,100" /><INIT seed="3,0,0,5,5,78" ten="260,150,302,288" oya="3" hai0="133,111,44,8,106,84,73,5,110,27,58,20,6" hai1="112,54,116,75,37,1,21,25,30,109,40,51,61" hai2="95,72,93,23,92,123,81,105,89,36,128,91,88" hai3="31,33,63,52,0,96,126,45,74,38,7,108,98"/><W11/><G126/><T100/><D73/><U13/><E112/><V34/><F34/><W28/><G74/><T10/><D44/><U32/><E75/><V132/><F36/><W118/><G118/><T41/><D41/><U17/><E116/><V122/><F105/><W130/><G130/><T49/><D49/><U79/><E109/><N who="0" m="41481" /><D58/><U18/><E79/><N who="2" m="44263" /><F128/><W107/><G108/><T117/><D117/><U15/><E37/><V46/><F46/><W47/><G47/><T59/><D59/><U29/><E40/><V127/><F127/><W99/><G38/><T39/><D84/><U60/><E1/><V43/><F43/><W77/><G107/><T120/><D133/><U69/><E69/><V55/><F23/><W14/><G77/><T56/><D56/><N who="1" m="32863" /><E32/><V4/><F4/><N who="0" m="1642" /><D39/><U103/><E103/><V125/><F125/><W83/><G63/><N who="1" m="24138" /><E25/><V48/><F132/><W64/><G64/><T76/><D76/><U80/><E80/><V124/><F124/><W94/><G83/><T22/><D120/><N who="2" m="46122" /><F48/><W135/><G135/><T35/><D100/><U119/><E119/><V70/><F70/><W65/><G65/><T16/><D106/><U104/><E104/><V86/><F55/><W68/><G68/><T50/><D50/><U115/><E115/><V57/><F57/><W67/><G67/><T42/><D42/><U129/><E129/><V101/><F101/><W12/><G94/><AGARI ba="0,0" hai="86,88,89,91,92,93,94,95" m="46122,44263" machi="94" ten="30,8000,1" yaku="13,1,34,2,52,1,54,1" doraHai="78" who="2" fromWho="3" sc="260,0,150,0,302,80,288,-80" owari="260,6.0,150,-35.0,382,48.2,208,-19.2" /></mjloggm>