<mjloggm ver="2.3"><GO type="225" lobby="0"/><UN n0="%E3%81%B7%E3%82%8A%E3%82%93%E8%81%96%E4%BA%BA" n1="%45%6C%79%73%69%75%6D" n2="%48%61%61%61%6C%61%6E%64" n3="%E3%81%A1%E3%82%85%E3%81%86%E3%81%A9%E3%81%8F%E8%B1%A1%E3%81%95%E3%82%93" dan="16,17,17,16" rate="2124.70,2142.68,2251.97,2155.65" sx="M,F,M,M"/><TAIKYOKU oya="0"/><INIT seed="0,0,0,5,5,63" ten="250,250,250,250" oya="0" hai0="43,109,99,44,115,95,6,8,38,68,71,118,96" hai1="108,42,133,134,135,122,129,27,88,62,121,52,28" hai2="130,82,17,73,89,104,4,2,13,98,77,45,31" hai3="102,21,30,65,7,23,80,11,113,79,55,12,57"/><T107/><D118/><U25/><E108/><V83/><F130/><W41/><G113/><T36/><D115/><U33/><E129/><V16/><F2/><W97/><G41/><T81/><D109/><U20/><E42/><V117/><F117/><W15/><G30/><T56/><D56/><N who="1" m="35079" /><E88/><V90/><F31/><AGARI ba="0,0" hai="20,25,27,28,31,33,121,122,133,134,135" m="35079" machi="31" ten="30,2000,0" yaku="20,1,54,1" doraHai="63" who="1" fromWho="2" sc="250,0,250,20,250,-20,250,0" /><INIT seed="1,0,0,1,4,81" ten="250,270,230,250" oya="1" hai0="118,101,111,42,120,37,93,82,85,107,66,29,12" hai1="80,87,129,10,57,125,130,5,100,49,43,127,28" hai2="20,109,24,74,19,62,60,13,11,41,53,95,48" hai3="33,91,106,128,126,61,110,6,16,21,1,96,122"/><U25/><E100/><V17/><F74/><W86/><G122/><T98/><D118/><U64/><E64/><V44/><F109/><W56/><G33/><T22/><D111/><U58/><E43/><V67/><F67/><W102/><G110/><T40/><D120/><U4/><E49/><V30/><F41/><W124/><G128/><N who="1" m="49258" /><E57/><V121/><F121/><W73/><G73/><T134/><D134/><U90/><E58/><V76/><F76/><W72/><G72/><T133/><D133/><U59/><E59/><V114/><F114/><W79/><G79/><T84/><D66/><U26/><E26/><V34/><F95/><N who="3" m="54775" /><G61/><T108/><D108/><U83/><E83/><V94/><F94/><W23/><G56/><T113/><D113/><U18/><E18/><V47/><F47/><W89/><G89/><T35/><D35/><N who="1" m="20879" /><E4/><V2/><F19/><W15/><G6/><AGARI ba="0,0" hai="2,6,11,13,17,20,24,30,34,44,48,53,60,62" machi="6" ten="40,2600,0" yaku="24,2" doraHai="81" who="2" fromWho="3" sc="250,0,270,0,230,26,250,-26" /><INIT seed="2,0,0,4,4,20" ten="250,270,256,224" oya="2" hai0="56,5,3,63,126,133,102,68,42,117,111,54,135" hai1="72,105,47,8,113,73,110,16,86,100,81,109,76" hai2="45,67,108,132,62,121,84,60,52,46,91,49,50" hai3="99,74,33,29,41,9,75,118,65,114,107,51,85"/><V44/><F121/><W98/><G118/><T116/><D102/><U12/><E113/><V39/><F132/><N who="0" m="50762" /><D3/><U128/><E128/><V35/><F35/><W125/><G125/><T97/><D97/><N who="1" m="61583" /><E47/><V58/><F108/><AGARI ba="0,0" hai="8,12,16,72,73,76,81,86,108,109,110" m="61583" machi="108" ten="30,2000,0" yaku="14,1,54,1" doraHai="20" who="1" fromWho="2" sc="250,0,270,20,256,-20,224,0" /><INIT seed="3,0,0,1,2,8" ten="250,290,236,224" oya="3" hai0="30,54,90,98,71,23,34,84,133,48,40,99,135" hai1="124,95,134,72,58,25,36,70,18,126,11,122,67" hai2="56,44,22,132,104,63,88,82,113,60,66,93,4" hai3="100,80,130,91,120,115,69,49,1,47,20,32,117"/><W129/><G115/><T75/><D75/><U92/><E122/><V125/><F113/><W62/><G117/><T85/><D34/><U7/><E36/><V105/><F125/><N who="1" m="48233" /><E72/><V89/><F132/><N who="0" m="50762" /><D40/><U9/><E70/><V43/><F4/><W97/><G120/><T21/><D71/><U107/><E107/><V15/><F63/><W17/><G32/><T19/><D84/><U68/><E68/><V59/><F59/><W119/><G1/><T78/><D30/><U114/><E134/><V121/><F121/><W79/><G91/><T110/><D23/><N who="1" m="13559" /><E114/><V26/><F104/><N who="3" m="63503" /><G119/><T76/><D78/><U24/><E24/><V41/><F26/><N who="3" m="14607" /><G69/><T103/><D76/><U101/><E101/><V127/><F127/><W111/><G111/><T16/><D21/><U46/><E46/><V33/><F44/><W131/><G62/><T14/><D103/><U2/><E11/><V116/><F116/><W87/><G47/><T37/><D37/><U0/><E0/><V102/><F33/><W108/><G108/><T109/><D109/><U86/><E86/><N who="2" m="50263" /><F102/><W61/><G61/><AGARI ba="0,0" hai="2,7,9,58,61,67,92,95" m="13559,48233" machi="61" ten="30,1000,0" yaku="18,1" doraHai="8" who="1" fromWho="3" sc="250,0,290,10,236,0,224,-10" owari="250,5.0,300,40.0,236,-16.4,214,-28.6" /></mjloggm>