<mjloggm ver="2.3"><GO type="225" lobby="0"/><UN n0="%E5%8F%AF%E5%85%90%E9%82%A3%E7%94%B1%E5%A4%9A" n1="%6D%75%75%6D%75%72%61" n2="%E3%81%BF%E3%81%BF%E3%81%9A" n3="%E3%83%81%E3%83%83%E3%82%BF%E3%82%BD%E3%83%BC" dan="17,16,16,17" rate="2178.81,2063.43,2178.84,2121.25" sx="F,F,M,F"/><TAIKYOKU oya="0"/><INIT seed="0,0,0,1,4,123" ten="250,250,250,250" oya="0" hai0="11,114,32,59,135,14,96,77,94,42,48,83,106" hai1="92,121,55,68,124,86,33,69,64,75,132,17,20" hai2="120,102,2,99,72,93,54,26,85,104,22,21,34" hai3="90,43,126,127,25,16,67,84,49,88,35,63,56"/><T113/><D106/><U128/><E121/><V122/><F2/><W5/><G5/><T47/><D32/><U28/><E75/><V73/><F34/><W130/><G130/><T133/><D59/><U95/><E128/><V45/><F21/><N who="3" m="13479" /><G35/><T51/><D51/><U70/><E132/><N who="0" m="50761" /><D94/><U71/><E124/><N who="3" m="47658" /><G84/><N who="0" m="48239" /><D96/><U107/><E107/><V24/><F120/><W80/><G80/><T87/><D87/><U62/><E28/><V105/><F122/><W109/><G109/><T12/><D12/><U50/><E33/><V118/><F85/><W3/><G3/><T82/><D82/><U76/><E86/><V116/><F72/><W97/><G97/><T98/><D98/><U103/><E103/><V100/><F73/><W31/><G31/><T1/><D1/><U44/><REACH who="1" step="1"/><E76/><REACH who="1" ten="250,240,250,250" step="2"/><V15/><F102/><W19/><G19/><AGARI ba="0,1" hai="11,14,19,42,47,48,113,114" m="48239,50761" machi="19" ten="30,1500,0" yaku="20,1" doraHai="123" who="0" fromWho="3" sc="250,25,240,0,250,0,250,-15" /><INIT seed="0,1,0,0,5,9" ten="275,240,250,235" oya="0" hai0="43,78,67,12,20,75,56,18,51,90,129,49,39" hai1="73,68,36,85,60,84,31,126,89,77,86,135,74" hai2="63,21,72,34,10,76,71,2,80,11,48,119,97" hai3="4,15,69,57,105,107,44,7,59,87,108,122,94"/><T38/><D129/><U70/><E36/><V106/><F34/><W26/><G108/><T83/><D90/><U95/><E126/><V115/><F48/><W110/><G110/><T6/><D6/><U130/><E130/><V113/><F21/><W127/><G69/><T22/><D22/><U53/><E135/><V103/><F11/><W121/><G44/><T0/><D0/><U114/><E114/><V35/><F119/><W32/><G127/><T109/><D109/><U100/><E100/><V19/><F19/><W65/><G26/><T17/><D17/><U52/><E31/><V47/><F47/><W40/><G32/><T64/><D38/><U117/><E117/><V133/><F133/><W62/><G40/><T101/><D39/><U14/><E14/><V123/><F123/><N who="3" m="47115" /><G57/><T132/><D132/><U88/><E85/><V118/><F118/><W102/><G4/><T120/><D120/><U93/><E77/><V81/><F80/><W8/><G102/><T66/><D43/><U1/><REACH who="1" step="1"/><E60/><REACH who="1" ten="275,230,250,235" step="2"/><V30/><F2/><AGARI ba="1,1" hai="1,2,52,53,68,70,73,74,84,86,88,89,93,95" machi="2" ten="25,16000,3" yaku="1,1,2,1,22,2,54,2,53,2" doraHai="9" doraHaiUra="33" who="1" fromWho="2" sc="275,0,230,173,250,-163,235,0" /><INIT seed="1,0,0,5,5,20" ten="275,403,87,235" oya="1" hai0="83,110,135,37,28,25,96,62,0,70,2,101,100" hai1="23,55,30,16,120,119,4,52,50,75,64,102,56" hai2="34,129,42,133,73,45,8,18,98,89,46,24,128" hai3="107,60,68,91,85,22,54,80,121,103,39,99,113"/><U86/><E119/><V71/><F73/><W131/><G113/><T41/><D110/><U33/><E75/><V11/><F71/><W61/><G131/><N who="2" m="50249" /><F133/><W19/><G121/><T43/><D135/><U109/><E120/><V69/><F69/><W123/><G123/><T74/><D101/><U111/><E64/><V10/><F42/><W77/><G39/><T127/><D127/><U32/><E30/><N who="2" m="19783" /><F18/><W44/><G68/><T5/><D5/><U117/><E4/><V130/><N who="2" m="50257" /><V57/><DORA hai="112" /><F57/><W97/><G44/><N who="2" m="17001" /><F98/><W21/><G54/><T53/><D43/><U81/><E117/><V38/><F89/><W93/><REACH who="3" step="1"/><G22/><REACH who="3" ten="275,403,87,225" step="2"/><T105/><D37/><AGARI ba="0,1" hai="8,10,11,37,38" m="17001,19783,50257" machi="37" ten="50,3200,0" yaku="19,1,52,1" doraHai="20,112" who="2" fromWho="0" sc="275,-32,403,0,87,42,225,0" /><INIT seed="2,0,0,3,0,18" ten="243,403,129,225" oya="2" hai0="60,109,94,30,79,14,4,63,121,6,28,112,22" hai1="35,107,71,76,12,130,32,132,110,47,16,129,100" hai2="36,117,39,5,10,66,27,65,31,57,20,86,17" hai3="69,84,122,7,80,88,126,38,15,97,46,104,99"/><V24/><F117/><W74/><G69/><T114/><D121/><U54/><E71/><V83/><F39/><W11/><G126/><T123/><D123/><U75/><E110/><V34/><F36/><W64/><G122/><T29/><D109/><U2/><E2/><V134/><F134/><W96/><G64/><T113/><D79/><U103/><E132/><V127/><F57/><W55/><G74/><T82/><D82/><N who="1" m="45343" /><E54/><V98/><F98/><W41/><REACH who="3" step="1"/><G55/><REACH who="3" ten="243,403,129,215" step="2"/><T53/><D53/><U119/><E119/><V59/><F127/><W21/><G21/><T90/><D22/><U0/><E35/><V62/><F66/><W133/><G133/><T3/><D3/><U135/><E32/><V23/><F34/><W42/><G42/><T48/><D48/><U26/><E0/><V19/><F5/><W50/><G50/><T95/><D4/><U40/><E135/><V1/><F1/><W87/><G87/><T51/><D51/><U85/><E85/><V45/><F45/><W131/><G131/><T67/><D67/><U118/><E47/><V25/><F25/><W111/><G111/><T9/><D63/><U56/><E26/><V89/><F10/><W93/><G93/><T72/><D60/><U115/><E56/><V77/><F31/><W73/><G73/><T120/><D72/><U52/><E129/><V102/><F77/><W81/><G81/><T116/><D120/><U128/><E128/><V68/><F68/><W61/><G61/><T78/><D116/><U124/><E118/><V49/><F49/><W13/><G13/><T108/><D108/><RYUUKYOKU ba="0,1" sc="243,-15,403,-15,129,15,215,15" hai2="17,19,20,23,24,27,59,62,65,83,86,89,102" hai3="7,11,15,38,41,46,80,84,88,96,97,99,104" /><INIT seed="2,1,1,1,5,38" ten="228,388,144,230" oya="2" hai0="30,31,5,100,36,79,90,127,96,77,20,45,50" hai1="124,46,40,67,28,26,14,103,84,44,24,23,78" hai2="121,83,63,118,8,52,102,116,64,59,7,47,54" hai3="29,53,58,74,133,81,0,71,106,18,85,122,94"/><V42/><F102/><W123/><G133/><T132/><D132/><U25/><E124/><V32/><F32/><W60/><G0/><T105/><D127/><U41/><E103/><V112/><F83/><W21/><G74/><T37/><D5/><U68/><E28/><V10/><F10/><W129/><G106/><T9/><D9/><U6/><E67/><V110/><F112/><W126/><G129/><T135/><D135/><U35/><E68/><V39/><F121/><W75/><G126/><T107/><D107/><U113/><E35/><V82/><F110/><W131/><G75/><T17/><D36/><U69/><E69/><V117/><REACH who="2" step="1"/><F82/><REACH who="2" ten="228,388,134,230" step="2"/><W49/><G131/><T15/><D90/><U12/><E113/><V119/><N who="2" m="29696" /><DORA hai="73" /><V62/><F62/><W11/><G11/><T57/><D79/><U92/><E78/><V76/><F76/><W16/><G81/><T109/><D77/><U70/><E23/><V120/><F120/><W4/><G21/><T97/><D109/><U88/><E88/><V51/><F51/><W111/><G49/><T65/><D37/><U93/><E92/><V99/><F99/><W3/><G94/><T115/><D96/><U55/><E93/><V130/><F130/><W104/><G111/><T128/><D128/><U33/><E33/><V108/><F108/><W134/><G134/><T22/><D115/><U27/><E84/><V87/><F87/><W91/><G85/><T114/><D114/><U66/><E6/><V101/><F101/><W86/><G86/><T2/><D22/><U13/><N who="1" m="6144" /><DORA hai="61" /><U98/><E98/><RYUUKYOKU ba="1,2" sc="228,-10,388,-10,134,30,230,-10" hai2="7,8,39,42,47,52,54,59,63,64" /><INIT seed="2,2,2,4,3,122" ten="218,378,164,220" oya="2" hai0="77,58,12,47,50,90,113,68,6,72,4,132,92" hai1="46,104,76,60,85,53,8,5,81,30,127,111,108" hai2="117,29,74,102,93,23,9,135,84,27,73,114,20" hai3="48,28,91,64,71,126,44,88,56,63,87,116,98"/><V96/><F114/><W75/><G126/><T67/><D113/><U133/><E127/><V101/><F117/><W112/><G116/><T26/><D68/><U65/><E104/><V19/><F135/><W7/><G75/><T125/><D125/><U24/><E133/><V61/><F9/><W78/><G112/><T52/><D132/><U33/><E46/><V118/><F118/><W1/><G28/><T32/><D72/><U99/><E53/><V123/><F123/><W25/><G25/><T34/><D77/><U17/><E17/><V13/><F102/><W15/><G1/><T39/><D26/><U55/><E55/><V69/><REACH who="2" step="1"/><F84/><REACH who="2" ten="218,378,154,220" step="2"/><W49/><G87/><T42/><D67/><AGARI ba="2,3" hai="13,19,20,23,27,29,61,67,69,73,74,93,96,101" machi="67" ten="40,3900,0" yaku="1,1,2,1,53,0" doraHai="122" doraHaiUra="134" who="2" fromWho="0" sc="218,-45,378,0,154,75,220,0" /><INIT seed="2,3,0,0,3,9" ten="173,378,229,220" oya="2" hai0="111,2,64,18,100,61,122,116,112,79,119,125,1" hai1="82,118,35,120,81,7,6,96,40,104,50,90,0" hai2="52,32,12,27,34,123,33,28,124,57,130,85,20" hai3="103,23,13,62,83,42,105,89,91,109,56,99,68"/><V107/><F123/><W55/><G109/><T75/><D122/><U24/><E118/><N who="0" m="45097" /><D112/><U128/><E128/><V135/><F130/><W21/><G68/><T53/><D111/><U126/><E126/><V10/><F124/><W115/><G115/><T117/><N who="0" m="45105" /><T127/><DORA hai="60" /><D53/><U129/><E6/><V3/><F135/><W98/><G42/><T73/><D125/><U131/><E82/><V113/><F107/><W92/><G83/><N who="0" m="45551" /><D127/><U54/><E40/><V110/><F110/><W80/><G80/><T14/><D100/><U106/><E81/><V101/><F113/><W63/><G89/><T74/><D74/><U36/><E90/><V44/><F101/><W94/><G105/><T70/><D75/><U84/><E54/><V58/><F85/><W4/><G63/><T95/><D95/><U16/><E84/><V41/><F3/><W134/><G134/><T31/><D31/><U86/><E86/><V45/><F41/><W97/><G98/><T39/><D39/><U51/><E36/><V38/><F38/><W65/><G55/><T15/><D15/><U43/><E96/><V108/><F108/><W67/><G65/><T19/><D19/><U5/><E104/><V87/><F87/><W93/><G92/><T71/><D70/><U133/><E106/><V49/><REACH who="2" step="1"/><F57/><REACH who="2" ten="173,378,219,220" step="2"/><W30/><G103/><T121/><D121/><U17/><E129/><V59/><F59/><W22/><G97/><T76/><D76/><U66/><E131/><V29/><F29/><W8/><G93/><T78/><D78/><U48/><E120/><V88/><F88/><RYUUKYOKU ba="3,1" sc="173,10,378,-30,219,10,220,10" hai0="1,2,14,18,61,64,71" hai2="10,12,20,27,28,32,33,34,44,45,49,52,58" hai3="4,8,13,21,22,23,30,56,62,67,91,94,99" /><INIT seed="2,4,1,4,4,77" ten="183,348,229,230" oya="2" hai0="24,131,90,105,135,3,108,54,114,100,44,101,118" hai1="17,122,119,86,18,134,89,69,37,48,88,120,127" hai2="6,83,7,72,123,36,2,71,121,133,79,85,53" hai3="92,109,21,66,126,19,4,38,5,25,93,103,62"/><V55/><F71/><W1/><G109/><T30/><D114/><U59/><E37/><V111/><F111/><W27/><G126/><T98/><D108/><U47/><E69/><V51/><F36/><W76/><G38/><T46/><D3/><U110/><E110/><V80/><F133/><W32/><G76/><T107/><D135/><U14/><E134/><V15/><F2/><W115/><G115/><T99/><D131/><U56/><E127/><V26/><F26/><W45/><G45/><T81/><D54/><N who="1" m="29983" /><E89/><V112/><F53/><W40/><G40/><T125/><D118/><U16/><E14/><V8/><F6/><W60/><G60/><T124/><D124/><U0/><E0/><V49/><F112/><W35/><G27/><T9/><D9/><U116/><E116/><V33/><F33/><W50/><G50/><T104/><D104/><U130/><E130/><V87/><F72/><W78/><G1/><T96/><D125/><U97/><E97/><V129/><F49/><W117/><G117/><T22/><D99/><U67/><E67/><V61/><F61/><W74/><G32/><T52/><D52/><U113/><E113/><V29/><F129/><W42/><G35/><T91/><D91/><U11/><E11/><V70/><F70/><N who="3" m="42327" /><G42/><T82/><D90/><U31/><E31/><V94/><F29/><W128/><G128/><T10/><D10/><U57/><E119/><V75/><F94/><N who="3" m="36459" /><G103/><T20/><D20/><U23/><E23/><V13/><F13/><W63/><G63/><T34/><D34/><U58/><N who="1" m="14336" /><DORA hai="95" /><U84/><E88/><RYUUKYOKU ba="4,1" sc="183,10,348,10,229,-30,230,10" hai0="22,24,30,44,46,81,82,96,98,100,101,105,107" hai1="16,17,18,84,86,120,122" hai3="4,5,19,21,25,74,78" /><INIT seed="3,5,1,4,5,10" ten="193,358,199,240" oya="3" hai0="65,44,45,13,92,79,76,16,42,86,20,46,3" hai1="100,135,72,12,71,98,93,2,107,127,84,17,66" hai2="38,15,119,89,50,30,53,101,114,61,8,54,130" hai3="125,85,126,11,7,56,35,57,14,0,120,132,68"/><W19/><G120/><T24/><D3/><U62/><E2/><V117/><F114/><W27/><G68/><T110/><D110/><U124/><E72/><V128/><F38/><W104/><G104/><T78/><D65/><U28/><E28/><V39/><F39/><W123/><G123/><T88/><REACH who="0" step="1"/><D24/><REACH who="0" ten="183,358,199,240" step="2"/><U129/><E66/><V103/><F30/><W83/><G0/><T60/><D60/><U31/><E62/><V81/><F119/><W105/><G27/><T90/><D90/><U49/><E31/><V99/><F117/><W41/><G125/><T51/><AGARI ba="5,2" hai="13,16,20,42,44,45,46,51,76,78,79,86,88,92" machi="51" ten="30,12000,2" yaku="1,1,0,1,8,1,52,1,54,2,53,0" doraHai="10" doraHaiUra="112" who="0" fromWho="0" sc="183,155,358,-35,199,-35,240,-65" owari="338,43.8,323,12.3,164,-33.6,175,-22.5" /></mjloggm>