<mjloggm ver="2.3"><GO type="225" lobby="0"/><UN n0="%E8%B5%A4%E6%AF%9B%E3%81%AE%E3%82%AD%E3%83%A7%E3%83%B3" n1="%E3%81%86%E3%82%8B%E3%81%8A%E3%81%A1%E3%82%83" n2="%6D%75%75%6D%75%72%61" n3="%E3%81%95%E3%81%8D%E3%81%9F%E3%81%BE%E6%9E%97%E6%AA%8E" dan="16,16,16,16" rate="2107.08,2112.84,2154.68,2090.30" sx="M,F,F,M"/><TAIKYOKU oya="0"/><INIT seed="0,0,0,1,0,76" ten="250,250,250,250" oya="0" hai0="50,11,9,117,92,18,88,108,12,4,53,38,54" hai1="123,131,6,82,70,75,28,68,32,71,95,99,89" hai2="109,79,72,5,52,51,42,0,125,98,55,39,44" hai3="57,111,94,135,124,77,132,1,96,46,26,121,66"/><T29/><D117/><U84/><E123/><V110/><F125/><W133/><G111/><N who="2" m="42505" /><F98/><W116/><G116/><T10/><D108/><U80/><E131/><V101/><F101/><W34/><G1/><T48/><D38/><U114/><E114/><V63/><F63/><W73/><G124/><T36/><D36/><U24/><E6/><V2/><F51/><W27/><G121/><T8/><D29/><U112/><E112/><V128/><F128/><W43/><G34/><T97/><D4/><U120/><E120/><V56/><F56/><W118/><G118/><T22/><N who="0" m="2048" /><DORA hai="134" /><T30/><D30/><U113/><E113/><V91/><F91/><W7/><G7/><T64/><D64/><U100/><REACH who="1" step="1"/><E75/><REACH who="1" ten="250,240,250,250" step="2"/><V122/><F5/><W31/><G73/><T86/><D97/><U81/><AGARI ba="0,1" hai="24,28,32,68,70,71,80,81,82,84,89,95,99,100" machi="81" ten="40,16000,3" yaku="1,1,2,1,0,1,52,3,53,3" doraHai="76,134" doraHaiUra="65,58" who="1" fromWho="1" sc="250,-80,240,170,250,-40,250,-40" /><INIT seed="1,0,0,3,3,38" ten="170,410,210,210" oya="1" hai0="82,26,102,98,113,24,132,44,121,81,25,6,3" hai1="112,19,116,32,134,115,120,109,39,84,118,2,65" hai2="0,41,101,13,92,88,61,124,31,129,59,50,37" hai3="1,40,108,52,73,111,11,74,97,34,36,49,8"/><U30/><E39/><V131/><F0/><W62/><G34/><T17/><D113/><N who="1" m="43595" /><E65/><V72/><F72/><W46/><G62/><T20/><D132/><U54/><E54/><V18/><F124/><W68/><G68/><T14/><D121/><U128/><E84/><V103/><F37/><W75/><G97/><T105/><D3/><U130/><E2/><V127/><F31/><W27/><G27/><T33/><D33/><U83/><E83/><V71/><F127/><W51/><G36/><T5/><REACH who="0" step="1"/><D44/><REACH who="0" ten="160,410,210,210" step="2"/><U16/><E120/><V22/><F129/><N who="1" m="49769" /><E134/><V42/><F131/><W10/><REACH who="3" step="1"/><G1/><REACH who="3" ten="160,410,210,200" step="2"/><T28/><D28/><U64/><E30/><V125/><F125/><W48/><G48/><T135/><D135/><U12/><E32/><V95/><F50/><W100/><G100/><T21/><D21/><U57/><E116/><V69/><F101/><W91/><G91/><T117/><D117/><U94/><E118/><V76/><F103/><W106/><G106/><T133/><D133/><U70/><E70/><V45/><F71/><W78/><G78/><T104/><D104/><U86/><E109/><V67/><F69/><W7/><G7/><AGARI ba="0,2" hai="5,6,7,14,17,20,24,25,26,81,82,98,102,105" machi="7" ten="40,2600,0" yaku="1,1,53,1" doraHai="38" doraHaiUra="96" who="0" fromWho="3" sc="160,46,410,0,210,0,200,-26" /><INIT seed="2,0,0,4,2,67" ten="206,410,210,174" oya="2" hai0="43,37,135,47,93,106,5,62,120,107,123,25,94" hai1="63,100,27,16,51,28,29,71,53,78,31,134,44" hai2="88,41,30,1,14,19,97,9,80,95,132,92,119" hai3="57,33,40,50,70,117,96,103,73,122,35,38,7"/><V98/><F119/><W20/><G117/><T45/><D5/><U102/><E134/><V48/><F132/><W39/><G73/><T124/><D135/><U105/><E105/><V109/><F1/><W68/><G122/><T129/><D25/><U79/><E71/><N who="3" m="27178" /><G57/><T130/><D62/><U3/><E3/><V4/><F30/><W26/><G20/><T61/><D61/><U11/><E63/><V125/><F80/><W55/><G55/><T101/><D101/><N who="1" m="39019" /><E11/><V83/><F83/><W54/><G54/><T90/><D90/><U121/><E121/><V72/><F72/><W65/><G65/><T22/><D22/><AGARI ba="0,0" hai="16,22,27,28,29,31,44,51,53,78,79" m="39019" machi="22" ten="30,2000,0" yaku="8,1,54,1" doraHai="67" who="1" fromWho="0" sc="206,-20,410,20,210,0,174,0" /><INIT seed="3,0,0,1,4,16" ten="186,430,210,174" oya="3" hai0="92,86,4,119,133,49,57,50,108,69,65,27,90" hai1="85,93,34,55,20,37,51,98,6,25,43,76,30" hai2="96,36,14,62,10,46,23,31,122,7,11,35,9" hai3="91,68,61,100,70,88,18,45,113,3,83,17,107"/><W127/><G113/><T40/><D69/><U132/><E132/><V124/><F62/><W63/><G3/><T48/><D119/><U95/><E6/><N who="2" m="3383" /><F96/><W19/><G127/><T84/><D108/><U53/><E37/><V47/><F36/><W44/><G107/><T60/><D133/><U112/><E34/><V82/><F82/><W118/><G118/><T54/><D4/><U125/><E125/><V2/><F47/><N who="3" m="17995" /><G100/><T89/><D27/><U130/><E130/><V99/><F46/><W79/><G79/><T94/><D40/><U129/><E129/><V12/><F99/><W81/><G70/><T101/><D101/><N who="1" m="60623" /><E112/><V41/><F41/><W134/><G134/><T58/><AGARI ba="0,0" hai="48,49,50,54,57,58,60,65,84,86,89,90,92,94" machi="58" ten="20,5200,0" yaku="0,1,7,1,9,1,8,1" doraHai="16" who="0" fromWho="0" sc="186,52,430,-13,210,-13,174,-26" owari="238,3.8,417,51.7,197,-20.3,148,-35.2" /></mjloggm>