<mjloggm ver="2.3"><GO type="225" lobby="0"/><UN n0="%E3%81%A4%E3%81%A3%E3%81%B1%E3%82%8A%E3%83%9D%E3%83%BC%E3%83%AB" n1="%72%69%6F%75%63%68%61%6E" n2="%E3%81%AF%E3%82%88%E3%81%8A%E3%81%98%E3%81%95%E3%82%93" n3="%E6%97%A5%E6%9B%9C%E6%97%A5%E3%82%88%E3%82%8A%E3%81%AE%E4%BD%BF%E8%80%85" dan="16,16,17,16" rate="2128.28,2180.82,2188.48,2098.63" sx="M,M,M,M"/><TAIKYOKU oya="0"/><INIT seed="0,0,0,4,3,83" ten="250,250,250,250" oya="0" hai0="77,20,10,35,66,121,102,63,46,67,2,131,53" hai1="114,76,9,24,85,115,101,93,71,50,16,111,128" hai2="65,126,7,73,49,3,11,78,0,40,58,39,41" hai3="119,28,42,68,59,124,31,133,25,27,80,48,90"/><T45/><D35/><U64/><E111/><V134/><F126/><W87/><G119/><T19/><D121/><U72/><E128/><V29/><F134/><W47/><G68/><T17/><D131/><U51/><E72/><V38/><F0/><W92/><G124/><T97/><D77/><U82/><E64/><N who="0" m="24617" /><D2/><U43/><E71/><V23/><F78/><W109/><G109/><T112/><D112/><N who="1" m="43051" /><E43/><V26/><F73/><W69/><G69/><T18/><D10/><U84/><E101/><V74/><F74/><W135/><G59/><N who="0" m="35311" /><D20/><N who="1" m="13319" /><E9/><V108/><F108/><W107/><G107/><T105/><D105/><U110/><E110/><V125/><F125/><W62/><G62/><T37/><D37/><U75/><E75/><V117/><F117/><W13/><G135/><T123/><D123/><U103/><E103/><V106/><F106/><W30/><G133/><T55/><D55/><U100/><E100/><V120/><F120/><W15/><G92/><T36/><D36/><U33/><E33/><V132/><F132/><W22/><REACH who="3" step="1"/><G31/><REACH who="3" ten="250,250,250,240" step="2"/><T44/><D102/><U52/><E52/><N who="2" m="32015" /><F65/><W57/><G57/><T86/><D46/><U91/><AGARI ba="0,1" hai="50,51,76,82,84,85,91,93" m="13319,43051" machi="91" ten="30,7900,0" yaku="11,1,52,2,54,1" doraHai="83" who="1" fromWho="1" sc="250,-39,250,89,250,-20,240,-20" /><INIT seed="1,0,0,0,1,16" ten="211,339,230,220" oya="1" hai0="39,26,10,3,95,63,65,81,36,118,67,35,25" hai1="44,99,79,14,24,104,108,40,15,21,66,88,112" hai2="42,58,114,77,6,82,117,83,64,87,123,52,72" hai3="45,41,78,8,33,60,53,31,91,30,43,120,57"/><U34/><E112/><V111/><F123/><W27/><G120/><T98/><D118/><U61/><E108/><V50/><F117/><W86/><G31/><T75/><D67/><U113/><E113/><V134/><F114/><W12/><G78/><T1/><D75/><U68/><E79/><V55/><F111/><W47/><G43/><T109/><D81/><U94/><E104/><V121/><F121/><W100/><G100/><T89/><D109/><U116/><E34/><V85/><F134/><W101/><G101/><T9/><D3/><U69/><E69/><V37/><F6/><W38/><G41/><T93/><D1/><U128/><E128/><V80/><F64/><W51/><G60/><T22/><D35/><U97/><E97/><V129/><F129/><W18/><REACH who="3" step="1"/><G38/><REACH who="3" ten="211,339,230,210" step="2"/><T13/><D36/><U62/><E61/><N who="2" m="36039" /><F42/><W23/><G23/><T4/><D39/><U49/><E116/><V56/><F37/><W71/><G71/><T76/><D76/><U5/><E5/><V133/><F133/><W122/><G122/><T119/><D119/><U0/><E0/><V115/><F115/><W96/><G96/><T90/><D10/><U48/><E49/><V20/><F20/><W106/><G106/><T84/><REACH who="0" step="1"/><D22/><REACH who="0" ten="201,339,230,210" step="2"/><U7/><E7/><V19/><F72/><W105/><G105/><T28/><D28/><AGARI ba="0,2" hai="14,15,21,24,28,40,44,48,62,66,68,88,94,99" machi="28" ten="30,5800,0" yaku="7,1,52,1,54,1" doraHai="16" who="1" fromWho="0" sc="201,-58,339,78,230,0,210,0" /><INIT seed="1,1,0,1,3,25" ten="143,417,230,210" oya="1" hai0="18,53,108,123,64,51,76,2,112,5,85,125,9" hai1="26,6,126,4,57,44,71,41,118,131,23,29,114" hai2="95,52,8,30,42,46,63,49,20,116,92,83,66" hai3="132,89,61,37,59,45,21,62,55,50,99,58,96"/><U17/><E114/><V28/><F116/><W104/><G132/><T73/><D112/><U88/><E118/><V86/><F8/><W110/><G110/><T79/><D108/><U68/><E126/><V27/><F42/><W77/><G77/><T103/><D125/><U40/><E131/><V102/><F102/><W129/><G129/><T107/><D123/><U117/><E117/><V134/><F134/><W38/><G21/><T1/><D1/><U78/><E78/><V122/><F122/><W124/><G124/><T3/><D3/><U98/><E57/><N who="2" m="37231" /><F28/><W111/><G104/><T93/><D73/><U91/><E41/><V56/><F56/><W87/><G37/><T36/><D36/><U60/><E17/><V80/><F80/><N who="3" m="49383" /><G38/><T128/><D64/><U121/><E121/><V14/><F14/><W115/><G115/><T130/><D107/><U133/><E133/><V31/><F30/><W54/><G111/><T75/><D75/><U11/><E4/><V16/><F31/><W113/><G113/><T32/><D32/><U13/><E60/><V33/><F33/><W84/><G84/><T81/><D79/><AGARI ba="1,0" hai="16,20,27,46,49,52,79,83,86,92,95" m="37231" machi="79" ten="30,3900,0" yaku="8,1,54,2" doraHai="25" who="2" fromWho="0" sc="143,-42,417,0,230,42,210,0" /><INIT seed="2,0,0,4,4,26" ten="101,417,272,210" oya="2" hai0="21,13,126,7,30,34,45,113,71,24,35,56,129" hai1="19,42,39,78,134,108,84,44,95,103,36,51,0" hai2="132,131,133,18,10,4,98,40,123,70,85,118,82" hai3="32,88,48,101,104,37,127,110,112,121,54,119,27"/><V100/><F118/><W8/><G37/><T50/><D71/><U111/><E134/><V2/><F123/><W91/><G119/><T61/><D113/><U14/><E0/><V93/><F70/><W135/><G121/><T97/><D129/><U11/><E78/><V55/><F131/><W107/><G8/><T105/><D126/><U80/><E103/><V52/><F40/><W109/><G127/><T46/><D7/><U96/><E84/><V29/><F18/><W6/><G6/><T5/><D5/><U62/><E80/><V74/><F74/><W49/><G135/><N who="2" m="51785" /><F29/><N who="3" m="19519" /><G112/><T90/><D13/><U38/><REACH who="1" step="1"/><E62/><REACH who="1" ten="101,407,272,210" step="2"/><V60/><F60/><W75/><G75/><T41/><D46/><U57/><E57/><V28/><F28/><W53/><G101/><T86/><D97/><U72/><E72/><V33/><F33/><W117/><G117/><T102/><D102/><U3/><E3/><V17/><F17/><W116/><G116/><T59/><D59/><U83/><E83/><V76/><AGARI ba="0,1" hai="2,4,10,52,55,76,82,85,93,98,100" m="51785" machi="76" ten="30,3000,0" yaku="20,1,54,1" doraHai="26" who="2" fromWho="2" sc="101,-10,407,-10,272,40,210,-10" /><INIT seed="2,1,0,4,3,16" ten="91,397,312,200" oya="2" hai0="102,51,49,112,45,23,57,10,117,36,114,107,17" hai1="33,123,13,59,104,75,131,77,15,0,79,95,46" hai2="54,110,63,69,14,11,43,58,97,82,120,67,73" hai3="12,19,30,86,44,84,93,91,108,119,24,1,89"/><V60/><F120/><W99/><G119/><T128/><D117/><U103/><E104/><V7/><F110/><W121/><G121/><T61/><D128/><U32/><E123/><V105/><F43/><W3/><G44/><T70/><D10/><U118/><E118/><V9/><F9/><W68/><G68/><T37/><D102/><U40/><E0/><V65/><F54/><W71/><G71/><T88/><D107/><U130/><E59/><V28/><F28/><W126/><G126/><T101/><D101/><U115/><E115/><V80/><F73/><W83/><G99/><T96/><D70/><U94/><E103/><V35/><F35/><W8/><REACH who="3" step="1"/><G108/><REACH who="3" ten="91,397,312,190" step="2"/><T124/><D124/><U78/><E46/><V52/><F97/><W20/><AGARI ba="1,1" hai="1,3,8,12,19,20,24,30,83,84,86,89,91,93" machi="20" ten="20,8000,1" yaku="1,1,2,1,0,1,7,1,52,1,53,0" doraHai="16" doraHaiUra="48" who="3" fromWho="3" sc="91,-21,397,-21,312,-41,190,93" /><INIT seed="3,0,0,1,3,28" ten="70,376,271,283" oya="3" hai0="104,108,8,20,77,9,34,32,91,73,33,86,120" hai1="95,38,61,103,68,78,22,64,107,113,81,129,131" hai2="29,124,125,126,132,6,55,97,42,116,82,51,56" hai3="48,72,69,117,101,50,90,93,47,121,123,87,0"/><W27/><G117/><T85/><D104/><U122/><E113/><V53/><F116/><W119/><G119/><T7/><D85/><U16/><E122/><V66/><F132/><W17/><G0/><N who="0" m="103" /><D86/><U21/><E107/><V92/><F6/><W52/><G69/><T26/><D91/><U24/><E38/><V99/><F29/><W46/><G72/><T15/><D77/><U30/><E95/><V102/><F82/><W74/><G74/><T10/><D73/><U59/><E103/><V11/><F11/><N who="0" m="4106" /><D120/><U94/><E94/><V3/><F3/><W96/><G101/><T105/><D108/><U62/><E81/><V128/><F128/><N who="1" m="49225" /><E78/><V134/><F134/><W14/><G96/><T4/><D105/><U76/><E76/><V79/><F79/><W41/><G27/><T63/><D63/><N who="1" m="38015" /><E68/><V37/><F37/><W2/><G2/><T31/><D4/><U83/><E83/><V67/><F42/><W54/><G41/><T70/><D70/><U25/><AGARI ba="0,0" hai="16,21,22,24,25,30,61,62" m="38015,49225" machi="25" ten="30,2000,0" yaku="19,1,54,1" doraHai="28" who="1" fromWho="1" sc="70,-5,376,20,271,-5,283,-10" owari="65,-43.5,396,49.6,266,-13.4,273,7.3" /></mjloggm>