<mjloggm ver="2.3"><GO type="225" lobby="0"/><UN n0="%E7%B4%94%E6%BD%94%E3%83%94%E3%83%A9%E3%83%8B%E3%82%A2" n1="%E8%81%B7%E6%A5%AD%E3%80%81%E9%A2%A8%32" n2="%E9%89%A2%E5%B7%BB%E3%82%AC%E3%83%96" n3="%E5%AE%AE%E4%BF%9D%E9%B6%8F%E8%82%89" dan="17,16,16,16" rate="2232.45,2142.52,2095.99,2125.36" sx="M,M,M,M"/><TAIKYOKU oya="0"/><INIT seed="0,0,0,4,5,54" ten="250,250,250,250" oya="0" hai0="50,130,126,36,28,122,78,114,109,100,94,51,96" hai1="84,32,30,8,65,91,46,40,83,1,63,19,41" hai2="21,44,107,76,129,64,27,66,56,34,74,5,72" hai3="113,48,52,23,108,117,132,85,81,73,53,71,89"/><T59/><D36/><U9/><E32/><V37/><F107/><W133/><G113/><T31/><D114/><U121/><E121/><V115/><F115/><W93/><G117/><T118/><D118/><U24/><E1/><V26/><F34/><W128/><G108/><T116/><D116/><U4/><E4/><V10/><F76/><W105/><G105/><T12/><D122/><U79/><E79/><V33/><F33/><W29/><G71/><T61/><D126/><U102/><E102/><V80/><F80/><W47/><G128/><T104/><D130/><U57/><E30/><N who="0" m="11305" /><D104/><U49/><REACH who="1" step="1"/><E41/><REACH who="1" ten="250,240,250,250" step="2"/><V43/><F5/><W97/><G73/><T22/><D78/><U35/><E35/><V134/><F43/><N who="3" m="24703" /><G133/><T17/><D109/><U135/><E135/><V7/><F7/><W120/><G132/><T58/><D61/><U86/><E86/><V20/><F134/><W18/><G120/><T42/><D50/><U15/><E15/><V125/><F129/><W0/><G0/><T101/><D100/><U123/><E123/><V99/><F72/><W2/><G2/><T38/><D38/><U124/><E124/><V14/><F74/><W98/><G29/><T82/><D82/><U127/><E127/><V75/><F75/><W119/><G119/><T103/><D101/><U60/><E60/><V77/><F37/><W90/><G97/><T68/><D68/><U69/><E69/><V3/><F99/><W67/><G67/><T45/><AGARI ba="0,1" hai="12,17,22,42,45,51,58,59,94,96,103" m="11305" machi="45" ten="30,6000,0" yaku="8,1,52,2" doraHai="54" who="0" fromWho="0" sc="250,70,240,-20,250,-20,250,-20" /><INIT seed="0,1,0,2,3,125" ten="320,220,230,230" oya="0" hai0="79,133,78,90,116,83,75,21,2,109,12,126,3" hai1="50,95,127,19,124,86,44,129,17,8,18,41,130" hai2="115,123,27,108,59,38,6,23,82,51,94,135,34" hai3="131,105,24,73,92,122,89,16,43,53,33,32,77"/><T61/><D116/><U70/><E70/><V40/><F123/><W68/><G105/><T9/><D126/><N who="1" m="48171" /><E8/><V66/><F115/><W118/><G118/><T96/><D133/><U113/><E113/><V30/><F82/><W103/><G103/><T76/><D109/><U120/><E120/><V104/><F104/><W58/><G68/><T87/><D75/><U60/><E60/><V101/><F6/><W56/><G43/><T4/><D96/><U28/><E28/><V81/><F81/><W64/><G122/><T84/><D84/><U42/><E41/><V35/><F38/><W74/><G77/><T14/><REACH who="0" step="1"/><D61/><REACH who="0" ten="310,220,230,230" step="2"/><U22/><E22/><V91/><F135/><W36/><G74/><T85/><D85/><U47/><E47/><V111/><F108/><W121/><G73/><T20/><D20/><U15/><E15/><V11/><F111/><W102/><G121/><T10/><D10/><U37/><E37/><V110/><F110/><W72/><G36/><T65/><D65/><U62/><E62/><N who="2" m="38239" /><F11/><W98/><G72/><T55/><D55/><U99/><E86/><V29/><F34/><W0/><G64/><T48/><D48/><U45/><E44/><V128/><F35/><W1/><G32/><T31/><D31/><U100/><AGARI ba="1,1" hai="17,18,19,42,45,50,95,99,100,129,130" m="48171" machi="100" ten="40,5200,0" yaku="18,1,52,2" doraHai="125" who="1" fromWho="1" sc="310,-27,220,65,230,-14,230,-14" /><INIT seed="1,0,0,4,5,78" ten="283,285,216,216" oya="1" hai0="72,60,58,11,40,20,47,90,98,76,91,87,64" hai1="135,42,36,122,117,15,119,104,116,125,66,45,74" hai2="84,131,75,105,41,24,133,54,57,4,55,51,130" hai3="26,73,52,110,93,1,99,77,102,101,28,123,56"/><U103/><E74/><V33/><F75/><W16/><G123/><T0/><D98/><N who="1" m="61559" /><E15/><V121/><F105/><W62/><G110/><T18/><D72/><U128/><E66/><V96/><F121/><W100/><G1/><T17/><D17/><U34/><E34/><V43/><F96/><W67/><G67/><T10/><D91/><U5/><E5/><V32/><F4/><W30/><G77/><T65/><D0/><U106/><E106/><V132/><F84/><W39/><G39/><T53/><D76/><U126/><E122/><V14/><F14/><W25/><G73/><T114/><D114/><U46/><E46/><N who="2" m="28023" /><F24/><W129/><G129/><N who="2" m="49161" /><F32/><W23/><G30/><T35/><D35/><AGARI ba="0,0" hai="16,23,25,26,28,35,52,56,62,93,99,100,101,102" machi="35" ten="30,3900,0" yaku="7,1,54,2" doraHai="78" who="3" fromWho="0" sc="283,-39,285,0,216,0,216,39" /><INIT seed="2,0,0,0,2,70" ten="244,285,216,255" oya="2" hai0="7,68,102,104,135,24,35,82,123,133,15,103,57" hai1="1,77,129,4,117,118,31,43,115,108,113,41,38" hai2="85,80,71,128,49,2,20,126,55,110,34,47,100" hai3="75,79,16,65,44,114,109,101,107,30,36,42,53"/><V130/><F34/><W22/><G109/><T51/><D68/><U50/><E108/><V59/><F110/><W121/><G121/><T45/><D123/><U95/><E77/><V48/><F71/><W112/><G65/><T67/><D82/><U60/><E31/><V32/><F32/><W90/><G30/><N who="0" m="19911" /><D104/><U83/><E83/><V106/><F2/><W124/><G124/><T119/><D119/><U61/><E95/><V11/><F11/><W64/><G64/><T132/><D57/><U88/><E4/><V19/><F100/><W0/><G0/><T21/><D67/><U54/><E1/><V62/><F106/><W74/><G90/><T39/><D39/><U63/><E88/><V127/><F19/><W93/><G107/><T25/><D15/><U131/><E38/><V81/><F20/><W29/><G29/><N who="0" m="17583" /><D7/><U33/><E33/><V78/><F80/><W73/><G53/><AGARI ba="0,0" hai="45,51,53,102,103,132,133,135" m="17583,19911" machi="53" ten="30,1000,0" yaku="20,1" doraHai="70" who="0" fromWho="3" sc="244,10,285,0,216,0,255,-10" /><INIT seed="3,0,0,5,1,84" ten="254,285,216,245" oya="3" hai0="69,58,113,74,11,66,12,99,76,90,134,102,78" hai1="86,19,13,0,101,42,108,18,7,4,22,31,23" hai2="54,48,117,32,62,47,88,35,103,46,30,133,45" hai3="77,52,112,57,51,49,120,68,16,41,104,97,61"/><W43/><G112/><T33/><D33/><U82/><E108/><V21/><F117/><W67/><G120/><T3/><D3/><U129/><E129/><V24/><F133/><W27/><G77/><T89/><D69/><U80/><E0/><V2/><F2/><W119/><G119/><T53/><D66/><U132/><E82/><V40/><F103/><W60/><G104/><T79/><D74/><U93/><E42/><N who="3" m="15882" /><G97/><T56/><D134/><U50/><E50/><N who="3" m="18954" /><G16/><N who="0" m="8223" /><D113/><U15/><E31/><V75/><F75/><W17/><G17/><T124/><D124/><U135/><E132/><V6/><F6/><W127/><G27/><T131/><D131/><U59/><E59/><N who="0" m="22569" /><D53/><U70/><E70/><V63/><F32/><W100/><G100/><T81/><D81/><U37/><E135/><V114/><F35/><W130/><G130/><T106/><D106/><U98/><E37/><V65/><F114/><W1/><G1/><T9/><D9/><U44/><E44/><N who="2" m="17003" /><F65/><W87/><G87/><T105/><D105/><U8/><E8/><V36/><F36/><W10/><G10/><T34/><D34/><U72/><E72/><V118/><F118/><W92/><G92/><T85/><D85/><U115/><E115/><V109/><F109/><W128/><G128/><T26/><D26/><U38/><E38/><V64/><F64/><W55/><G55/><T73/><D73/><U123/><E123/><V71/><F71/><W95/><G95/><T110/><D110/><U14/><E14/><V39/><F39/><W125/><AGARI ba="0,0" hai="52,57,60,61,67,68,125,127" m="18954,15882" machi="125" ten="30,6000,0" yaku="34,2,54,1" doraHai="84" who="3" fromWho="3" sc="254,-20,285,-20,216,-20,245,60" owari="234,-16.6,265,6.5,196,-30.4,305,40.5" /></mjloggm>