<mjloggm ver="2.3"><GO type="225" lobby="0"/><UN n0="%E3%83%AD%E3%83%83%E3%83%86%E9%9B%80%E7%90%83" n1="%6D%75%75%6D%75%72%61" n2="%E3%81%B8%E3%82%80%E3%81%B8%E3%82%80%EF%BC%92%E5%8F%B7" n3="%E3%83%A9%E3%83%96%E3%83%AC%E3%83%BC" dan="17,16,16,18" rate="2249.46,2140.17,2112.67,2258.14" sx="M,F,M,M"/><TAIKYOKU oya="0"/><INIT seed="0,0,0,5,1,53" ten="250,250,250,250" oya="0" hai0="18,44,26,129,54,126,17,120,19,85,59,100,102" hai1="82,64,75,101,123,67,38,72,95,51,41,32,43" hai2="27,71,66,37,118,2,33,111,46,16,125,127,73" hai3="22,112,23,20,92,70,56,36,116,50,109,62,6"/><T78/><D126/><N who="2" m="48138" /><F73/><W132/><G116/><T30/><D129/><U42/><E123/><V133/><F118/><W11/><G132/><T55/><D120/><U12/><E38/><V34/><F2/><W48/><G36/><T130/><D130/><U124/><E124/><V114/><F114/><W52/><G70/><T74/><D74/><U3/><E3/><V45/><F111/><W21/><G112/><T49/><D85/><U96/><E32/><N who="2" m="12395" /><F133/><W128/><G109/><T99/><D78/><U14/><E51/><V76/><F76/><W84/><G128/><T24/><D30/><U77/><REACH who="1" step="1"/><E75/><REACH who="1" ten="250,240,250,250" step="2"/><V104/><F37/><W7/><G50/><N who="0" m="31223" /><D99/><U105/><E105/><V106/><F104/><W0/><G48/><T93/><D93/><U63/><E63/><N who="2" m="40415" /><F106/><W97/><G0/><T121/><D121/><U57/><E57/><V135/><F135/><W88/><G97/><T134/><D134/><U80/><E80/><V29/><F29/><W58/><G58/><T9/><D9/><U110/><E110/><V61/><F61/><W60/><G62/><T81/><D81/><U10/><E10/><V117/><F117/><W86/><G11/><T83/><D83/><U4/><E4/><V69/><F69/><W35/><G35/><T25/><AGARI ba="0,1" hai="17,18,19,24,25,26,44,49,54,100,102" m="31223" machi="25" ten="30,3000,0" yaku="8,1,52,1" doraHai="53" who="0" fromWho="0" sc="250,40,240,-10,250,-10,250,-10" /><INIT seed="0,1,0,0,4,54" ten="290,230,240,240" oya="0" hai0="93,106,31,134,33,87,76,68,104,40,13,21,91" hai1="44,6,81,70,125,30,118,115,28,45,53,14,47" hai2="64,65,77,85,1,131,89,122,96,19,39,60,105" hai3="67,82,69,102,17,56,4,55,5,123,62,107,26"/><T130/><D130/><U129/><E118/><V22/><F122/><W9/><G123/><T8/><D134/><U32/><E129/><V95/><F131/><W97/><G82/><T108/><D33/><U111/><E111/><V84/><F39/><W80/><G80/><T3/><D68/><U120/><E120/><V66/><F1/><W52/><G55/><T34/><D76/><U92/><E70/><V73/><F105/><W49/><REACH who="3" step="1"/><G9/><REACH who="3" ten="290,230,240,230" step="2"/><T48/><D8/><N who="1" m="4375" /><E81/><V113/><F73/><W121/><G121/><T112/><D108/><U43/><E53/><V99/><F113/><W10/><G10/><T58/><D112/><U71/><E115/><V37/><F77/><W16/><G16/><T127/><D40/><U46/><E43/><V133/><F133/><W35/><G35/><T61/><D34/><U18/><E32/><V117/><F117/><W94/><G94/><T109/><D93/><U2/><E92/><V98/><F19/><W7/><G7/><T23/><D109/><U114/><E114/><V59/><F22/><AGARI ba="1,1" hai="4,5,17,22,26,49,52,56,62,67,69,97,102,107" machi="22" ten="40,8000,1" yaku="1,1,52,1,54,1,53,1" doraHai="54" doraHaiUra="15" who="3" fromWho="2" sc="290,0,230,0,240,-83,230,93" /><INIT seed="1,0,0,5,4,103" ten="290,230,157,323" oya="1" hai0="17,42,59,111,29,55,101,2,0,64,20,53,36" hai1="121,8,87,92,75,135,105,118,67,39,82,38,93" hai2="91,1,7,31,54,119,117,35,3,43,70,114,66" hai3="109,94,77,95,88,63,9,33,58,108,30,120,113"/><U85/><E118/><V4/><F54/><W37/><G120/><T68/><D111/><N who="3" m="42569" /><G37/><T129/><D129/><U62/><E121/><V125/><F43/><W89/><G77/><T13/><D55/><U74/><E135/><V79/><F79/><W97/><G113/><T86/><D29/><U127/><E127/><V110/><F91/><N who="3" m="34891" /><G9/><T78/><D86/><U84/><E82/><V115/><F110/><W61/><G30/><T122/><D101/><U80/><E80/><V56/><F56/><W27/><G27/><T65/><D78/><U126/><E126/><V52/><F52/><N who="3" m="33991" /><G33/><T47/><D122/><U26/><E26/><N who="2" m="18935" /><F125/><W133/><G133/><T124/><D124/><U49/><E38/><V107/><F70/><W41/><G41/><T16/><D17/><U123/><E39/><V134/><F134/><W57/><G97/><T104/><D68/><U51/><E123/><V83/><F66/><AGARI ba="0,0" hai="57,63,66,94,95" m="33991,34891,42569" machi="66" ten="30,3900,0" yaku="14,1,54,2" doraHai="103" who="3" fromWho="2" sc="290,0,230,0,157,-39,323,39" /><INIT seed="2,0,0,2,5,108" ten="290,230,118,362" oya="2" hai0="98,51,48,79,71,5,89,45,132,114,53,117,59" hai1="129,75,107,111,130,54,1,105,110,49,41,22,76" hai2="8,116,29,37,61,93,112,2,56,23,128,27,38" hai3="17,77,122,133,126,14,16,103,55,60,50,88,25"/><V52/><F116/><W109/><G122/><T100/><D114/><U31/><E1/><V81/><F112/><W6/><G133/><T113/><D113/><U82/><E41/><V125/><F125/><W13/><G77/><T78/><D71/><U3/><E3/><V35/><F128/><N who="1" m="49257" /><E22/><V63/><F93/><W20/><G103/><T92/><D132/><U99/><E31/><V36/><F81/><W83/><G60/><T86/><D5/><U4/><E4/><V85/><F85/><N who="3" m="50239" /><G109/><N who="1" m="41482" /><E99/><V134/><F134/><W73/><G73/><T67/><D117/><U96/><E96/><V80/><F80/><W30/><G126/><T97/><D97/><U104/><E49/><V40/><F63/><W12/><G6/><T91/><D67/><U69/><E54/><V33/><REACH who="2" step="1"/><F40/><REACH who="2" ten="290,230,108,362" step="2"/><W94/><G94/><N who="0" m="54583" /><D100/><U32/><E32/><V10/><F10/><W64/><G64/><T72/><D72/><U7/><E7/><AGARI ba="0,1" hai="2,7,8,23,27,29,33,35,36,37,38,52,56,61" machi="7" ten="40,3900,0" yaku="1,1,54,1,53,0" doraHai="108" doraHaiUra="115" who="2" fromWho="1" sc="290,0,230,-39,108,49,362,0" /><INIT seed="2,1,0,0,0,84" ten="290,191,157,362" oya="2" hai0="107,31,21,90,124,38,77,105,108,114,81,17,132" hai1="127,52,22,130,63,92,102,45,86,13,25,123,47" hai2="128,19,26,32,121,115,71,75,24,111,27,74,56" hai3="129,20,72,68,14,97,7,10,35,60,43,36,44"/><V100/><F71/><W9/><G129/><T106/><D114/><U62/><E130/><V79/><F128/><W87/><G72/><T82/><D108/><U133/><E133/><V15/><F115/><W0/><G97/><T113/><D113/><U57/><E127/><V67/><F121/><W23/><G35/><T65/><D38/><U3/><E3/><V110/><F100/><W88/><G60/><T91/><D132/><U101/><E123/><V4/><F4/><W48/><G36/><T73/><D124/><U109/><E109/><N who="2" m="41483" /><F32/><W8/><G68/><T116/><D116/><U122/><E122/><V42/><F42/><W16/><G20/><T12/><D65/><U1/><E1/><V37/><F37/><W131/><G131/><T76/><REACH who="0" step="1"/><D31/><REACH who="0" ten="280,191,157,362" step="2"/><U94/><E102/><V33/><F33/><W29/><G29/><T98/><D98/><U117/><E117/><V118/><F118/><W51/><G0/><T104/><N who="0" m="26624" /><DORA hai="126" /><T6/><D6/><U30/><E101/><V83/><F74/><AGARI ba="1,1" hai="12,17,21,73,74,76,77,81,82,90,91" m="26624" machi="74" ten="70,8000,1" yaku="1,1,9,1,52,2,53,0" doraHai="84,126" doraHaiUra="55,34" who="0" fromWho="2" sc="280,93,191,0,157,-83,362,0" /><INIT seed="3,0,0,3,1,22" ten="373,191,74,362" oya="3" hai0="117,112,134,129,25,5,88,47,34,96,83,29,73" hai1="110,70,27,56,92,118,123,44,33,126,79,4,64" hai2="114,105,41,15,53,132,69,99,28,51,36,7,2" hai3="78,49,20,63,30,121,89,108,8,131,90,52,65"/><W31/><G121/><T18/><D117/><U82/><E123/><V119/><F119/><W98/><G78/><T104/><D129/><U54/><E110/><V124/><F114/><W116/><G116/><T74/><D134/><U115/><E126/><V100/><F132/><W101/><G131/><T102/><D112/><U9/><E44/><V133/><F133/><W68/><G8/><T75/><D5/><U58/><E92/><V62/><F28/><W16/><G108/><T60/><D47/><U55/><E64/><V21/><F2/><W61/><G31/><T37/><D37/><U35/><E70/><V66/><F124/><W125/><G125/><T128/><D128/><U45/><E45/><V59/><F21/><W135/><G30/><T91/><D83/><U109/><E4/><V23/><F23/><W38/><G38/><T97/><D18/><U72/><E109/><V26/><F15/><N who="3" m="9247" /><G135/><T76/><D76/><U71/><E71/><V13/><F13/><W19/><G19/><T80/><D80/><U39/><E39/><V107/><F7/><W50/><G90/><T17/><D17/><U120/><E82/><V12/><F12/><W122/><G89/><T46/><D46/><U67/><E9/><V86/><F107/><N who="3" m="63927" /><G122/><T24/><D24/><U85/><E118/><V6/><F6/><W11/><G11/><T48/><D48/><U87/><E120/><V81/><F26/><W14/><G14/><T130/><D130/><U93/><E115/><V94/><F105/><W40/><G40/><T127/><D127/><U10/><E10/><V106/><F106/><RYUUKYOKU ba="0,0" sc="373,-10,191,-10,74,-10,362,30" hai3="49,50,52,61,63,65,68" owari="363,16.3,181,-21.9,64,-43.6,392,49.2" /></mjloggm>