<mjloggm ver="2.3"><GO type="225" lobby="0"/><UN n0="%E3%82%B7%E3%83%B3%E5%A4%AA%E6%9C%97" n1="%45%6C%79%73%69%75%6D" n2="%E3%83%9D%E3%83%B3%E3%83%9D%E3%82%B3%E5%95%86%E4%BA%8B" n3="%E3%81%95%E3%82%93%E3%81%84%E3%81%A1%E3%82%8D%E3%81%8F%E3%81%94" dan="16,17,16,17" rate="2193.38,2134.93,2160.78,2161.23" sx="M,F,M,M"/><TAIKYOKU oya="0"/><INIT seed="0,0,0,4,0,37" ten="250,250,250,250" oya="0" hai0="84,127,47,31,113,95,79,29,76,117,94,19,45" hai1="106,0,135,18,17,77,39,64,16,120,85,28,103" hai2="130,70,10,89,73,88,53,93,1,15,67,126,131" hai3="20,30,56,119,97,122,68,114,101,104,59,11,118"/><T48/><D117/><U71/><E120/><V82/><F1/><W112/><G68/><T124/><D19/><U129/><E0/><V24/><F24/><W50/><G122/><T96/><D84/><U125/><E39/><V57/><F67/><W12/><G59/><T110/><D48/><U3/><E3/><V55/><F70/><W81/><G81/><T107/><D96/><U75/><E75/><V36/><F36/><W51/><G50/><T108/><REACH who="0" step="1"/><D107/><REACH who="0" ten="240,250,250,250" step="2"/><U25/><E106/><V42/><F73/><W92/><G104/><T121/><D121/><U123/><E123/><V38/><F38/><W99/><G97/><T13/><D13/><U60/><E17/><V132/><F15/><W49/><G51/><T111/><D111/><U115/><E16/><V41/><F10/><W98/><G99/><T4/><D4/><U109/><E18/><V43/><F132/><W65/><G49/><T133/><D133/><U69/><E135/><V74/><F74/><W23/><G118/><T7/><D7/><U72/><E109/><V87/><F126/><W44/><G119/><T46/><D46/><U35/><E72/><V80/><F80/><W34/><G44/><T8/><D8/><U105/><E125/><V33/><F33/><W83/><G83/><T128/><D128/><N who="2" m="49194" /><F57/><W52/><G11/><T116/><D116/><U91/><E129/><V22/><F22/><N who="3" m="8235" /><G12/><T100/><D100/><U27/><E103/><V62/><F62/><N who="3" m="36103" /><G34/><T61/><D61/><U2/><E35/><V54/><F82/><W6/><G6/><T58/><D58/><U21/><E105/><RYUUKYOKU ba="0,1" sc="240,15,250,-15,250,15,250,-15" hai0="29,31,45,47,76,79,94,95,108,110,113,124,127" hai2="41,42,43,53,54,55,87,88,89,93" /><INIT seed="0,1,1,5,2,69" ten="255,235,265,235" oya="0" hai0="76,119,21,134,9,11,114,39,8,68,72,128,3" hai1="126,88,125,92,23,53,61,66,74,83,71,54,106" hai2="59,121,117,41,20,6,27,102,105,115,4,78,112" hai3="120,124,30,127,52,1,45,29,47,37,57,35,51"/><T22/><D119/><U43/><E106/><V110/><F121/><W33/><G1/><T89/><D3/><U129/><E129/><V16/><F117/><W130/><G130/><T90/><D128/><U67/><E67/><V60/><F110/><W48/><G120/><T93/><D114/><U15/><E43/><V109/><F109/><W19/><G19/><T44/><D68/><U81/><E23/><V2/><F78/><W49/><G48/><T50/><D39/><U65/><E65/><V42/><F102/><W46/><G49/><T77/><D134/><U70/><E15/><V18/><F105/><W103/><G103/><T132/><D132/><U135/><E71/><V113/><F18/><W0/><G0/><T31/><D72/><U122/><E122/><V28/><F28/><N who="3" m="10859" /><G37/><T55/><D90/><U104/><E104/><V25/><F25/><W75/><G75/><T98/><REACH who="0" step="1"/><D21/><REACH who="0" ten="245,235,265,235" step="2"/><U108/><E135/><V101/><F2/><W64/><G33/><T73/><D73/><U80/><E108/><V5/><REACH who="2" step="1"/><F101/><REACH who="2" ten="245,235,255,235" step="2"/><W99/><G124/><N who="1" m="47722" /><E74/><V107/><F107/><W111/><G127/><T17/><D17/><U32/><E32/><V38/><F38/><W13/><G35/><T14/><D14/><U116/><E116/><V85/><F85/><AGARI ba="1,3" hai="53,54,61,66,70,80,81,83,85,88,92" m="47722" machi="85" ten="30,2000,0" yaku="18,1,54,1" doraHai="69" who="1" fromWho="2" sc="245,0,235,53,255,-23,235,0" /><INIT seed="1,0,0,0,2,61" ten="245,288,232,235" oya="1" hai0="45,42,8,23,128,113,82,41,25,72,39,26,53" hai1="63,14,20,103,129,16,1,17,88,117,114,40,22" hai2="78,47,80,89,35,92,124,10,96,125,105,5,120" hai3="99,108,13,2,3,102,9,60,58,94,29,84,11"/><U111/><E117/><V62/><F120/><W121/><G121/><T59/><D128/><U75/><E114/><V104/><F35/><W101/><G108/><T24/><D113/><U56/><E111/><V18/><F18/><W81/><G29/><T28/><D41/><U12/><E1/><V54/><F47/><W135/><G135/><T87/><D72/><U69/><E129/><V134/><F54/><W127/><G127/><N who="2" m="48713" /><F62/><W6/><G102/><T109/><D8/><U122/><E75/><N who="2" m="43103" /><F134/><W55/><REACH who="3" step="1"/><G11/><REACH who="3" ten="245,288,232,225" step="2"/><T73/><D109/><U51/><E103/><V93/><F93/><W49/><G49/><T66/><D28/><U83/><E122/><V33/><F33/><W44/><G44/><T107/><D45/><U97/><E51/><V116/><F116/><W37/><G37/><T77/><D39/><U95/><E40/><V32/><F32/><W43/><G43/><T91/><D42/><U123/><E123/><V130/><F130/><W126/><G126/><T30/><D107/><U76/><E22/><V133/><F133/><W71/><G71/><T46/><D46/><U4/><E69/><V86/><F105/><W21/><G21/><T112/><D112/><U132/><E132/><V119/><F119/><W79/><AGARI ba="0,1" hai="2,3,6,9,13,55,58,60,79,81,84,94,99,101" machi="79" ten="20,2700,0" yaku="1,1,0,1,7,1,53,0" doraHai="61" doraHaiUra="118" who="3" fromWho="3" sc="245,-7,288,-13,232,-7,225,37" /><INIT seed="2,0,0,1,1,37" ten="238,275,225,262" oya="2" hai0="16,73,101,104,21,108,87,134,118,110,57,82,1" hai1="44,92,47,40,14,112,43,64,35,117,13,86,126" hai2="80,19,38,41,88,75,59,61,6,11,97,94,124" hai3="135,62,65,100,79,71,28,84,17,18,53,106,9"/><V127/><F19/><W109/><G109/><N who="0" m="42091" /><D118/><U4/><E117/><V45/><F75/><W125/><G125/><T50/><D134/><U91/><E35/><V102/><F80/><W121/><G135/><T74/><D1/><U56/><E126/><V107/><F107/><W39/><G39/><T30/><D30/><U90/><E112/><V95/><F95/><W12/><G28/><T89/><D101/><U113/><E113/><V111/><F102/><W5/><G121/><T29/><D29/><U99/><E64/><V3/><REACH who="2" step="1"/><F111/><REACH who="2" ten="238,275,215,262" step="2"/><W70/><G100/><T27/><D104/><U133/><E133/><V33/><F33/><W105/><G105/><T7/><D7/><U25/><E4/><V130/><F130/><W77/><G106/><T46/><D57/><U93/><E56/><V23/><F23/><W49/><G5/><T10/><D10/><U0/><E92/><V119/><F119/><W116/><G116/><T54/><AGARI ba="0,1" hai="16,21,27,46,50,54,73,74,82,87,89" m="42091" machi="54" ten="30,2000,0" yaku="14,1,54,1" doraHai="37" who="0" fromWho="0" sc="238,30,275,-5,215,-10,262,-5" /><INIT seed="3,0,0,4,3,8" ten="268,270,205,257" oya="3" hai0="107,118,24,12,133,21,93,43,36,71,0,113,38" hai1="108,101,63,48,5,26,29,94,120,27,105,62,99" hai2="75,53,122,22,100,128,15,76,17,7,135,125,19" hai3="20,91,116,31,67,132,45,49,32,78,9,18,127"/><W55/><G116/><T96/><D0/><U40/><E120/><V88/><F122/><W2/><G127/><T110/><D107/><U109/><E5/><V106/><F125/><W131/><G132/><T89/><D118/><U16/><E105/><V30/><F135/><W4/><G131/><T59/><D113/><U46/><E27/><V73/><F128/><W64/><G78/><T56/><D71/><U41/><E41/><V80/><F73/><W121/><G121/><T50/><D110/><N who="1" m="42603" /><E16/><V111/><F111/><W112/><G112/><T126/><D133/><U69/><E69/><V57/><F7/><W115/><G115/><T34/><D34/><AGARI ba="0,0" hai="26,29,34,40,46,48,62,63,94,99,101" m="42603" machi="34" ten="30,1000,0" yaku="14,1" doraHai="8" who="1" fromWho="0" sc="268,-10,270,10,205,0,257,0" /><INIT seed="4,0,0,0,2,20" ten="258,280,205,257" oya="0" hai0="85,102,8,115,64,45,43,129,11,14,18,94,124" hai1="92,58,110,60,134,132,82,79,84,53,35,103,34" hai2="69,10,119,62,133,12,74,96,126,76,71,72,61" hai3="19,29,54,37,63,88,117,93,30,59,78,33,55"/><T75/><D129/><U1/><E1/><V46/><F119/><W116/><G37/><T70/><D124/><U97/><REACH who="1" step="1"/><E110/><REACH who="1" ten="258,270,205,257" step="2"/><V105/><F126/><W21/><G116/><T56/><D115/><U5/><E5/><V38/><F133/><AGARI ba="0,1" hai="34,35,53,58,60,79,82,84,92,97,103,132,133,134" machi="133" ten="40,2600,0" yaku="1,1,20,1,53,0" doraHai="20" doraHaiUra="67" who="1" fromWho="2" sc="258,0,270,36,205,-26,257,0" owari="258,5.8,306,40.6,179,-32.1,257,-14.3" /></mjloggm>