<mjloggm ver="2.3"><GO type="225" lobby="0"/><UN n0="%E6%A0%B9%E5%85%83%E3%81%8B%E3%82%89%E5%90%B9%E3%81%A3%E9%A3%9B%E3%81%B6" n1="%E6%9D%B1%E9%A2%A8%E3%81%AE%E3%81%8D%E3%82%83%E3%81%B7%E3%81%95%E3%82%93" n2="%E6%98%93%E5%88%A9%E8%96%A9%E4%BC%AF" n3="%72%61%6B%33" dan="17,16,16,16" rate="2135.88,2138.98,2039.67,2061.23" sx="F,M,F,M"/><TAIKYOKU oya="0"/><INIT seed="0,0,0,1,1,33" ten="250,250,250,250" oya="0" hai0="12,121,11,76,105,87,89,23,90,56,28,15,46" hai1="25,30,73,52,68,16,37,134,103,112,81,123,119" hai2="44,113,50,120,63,133,22,32,94,26,96,38,65" hai3="21,41,31,7,9,59,53,64,91,78,107,131,69"/><T1/><D121/><U18/><E37/><V127/><F120/><W102/><G131/><T97/><D105/><U3/><E68/><V19/><F133/><W60/><G78/><T14/><D56/><U106/><E123/><V79/><F127/><W100/><G41/><T36/><D76/><U85/><E73/><V114/><F79/><W93/><G107/><T62/><D62/><U110/><E119/><V111/><F111/><W74/><G74/><T43/><D97/><U39/><E39/><V118/><F38/><W47/><G47/><T8/><D8/><U128/><E3/><V67/><F32/><W115/><G115/><T66/><D66/><U17/><E110/><V27/><F27/><W48/><G21/><T49/><D36/><U99/><E112/><V29/><F19/><W24/><G24/><N who="0" m="16415" /><D1/><U5/><E128/><V80/><F80/><W117/><G31/><T54/><D90/><U72/><E72/><V20/><F20/><W55/><G117/><T71/><D71/><U95/><E134/><V122/><F67/><W83/><G83/><N who="0" m="49407" /><D43/><U98/><E106/><V82/><F82/><W108/><G108/><T13/><N who="0" m="3072" /><DORA hai="92" /><T124/><D124/><U51/><E99/><V6/><F6/><W104/><G104/><T61/><D61/><U40/><E40/><N who="2" m="24839" /><F118/><W35/><G7/><T42/><D42/><U34/><E5/><V88/><F122/><W75/><G69/><T132/><D132/><U57/><E18/><V126/><F126/><W130/><G130/><T45/><D11/><U10/><E10/><V2/><F2/><W77/><G9/><RYUUKYOKU ba="0,0" sc="250,10,250,10,250,10,250,-30" hai0="45,46,49,54" hai1="16,17,25,30,34,51,52,57,81,85,95,98,103" hai2="22,26,29,63,65,88,94,96,113,114" /><INIT seed="0,1,0,2,4,18" ten="260,260,260,220" oya="0" hai0="112,76,2,40,89,53,73,78,90,88,16,24,6" hai1="42,75,94,27,77,30,51,13,39,25,0,121,22" hai2="32,48,60,131,7,43,36,17,55,19,107,85,128" hai3="45,135,104,97,103,86,72,111,21,99,113,11,108"/><T46/><D112/><U5/><E121/><V98/><F32/><W68/><G113/><T102/><D53/><U74/><E39/><V132/><F132/><W65/><G72/><T82/><D78/><U117/><E117/><V59/><F36/><W110/><G135/><T120/><D102/><U20/><E0/><V37/><F37/><W58/><G68/><T38/><D120/><U87/><E75/><V96/><F7/><W62/><G99/><T84/><D84/><U54/><E42/><V133/><F133/><W4/><BYE who="0" /><G86/><T67/><D67/><U114/><E74/><UN n0="%E6%A0%B9%E5%85%83%E3%81%8B%E3%82%89%E5%90%B9%E3%81%A3%E9%A3%9B%E3%81%B6" /><V83/><F107/><W49/><G21/><N who="1" m="8298" /><E30/><V81/><F81/><W64/><G64/><T52/><D52/><U115/><E115/><V15/><F131/><W1/><G49/><T134/><D134/><U106/><E106/><V95/><F128/><W100/><G100/><T93/><D16/><U116/><E116/><V50/><F19/><W41/><G41/><T34/><D34/><U56/><E114/><V61/><F17/><W69/><G58/><T119/><D119/><U124/><E124/><V127/><F59/><W31/><G45/><T101/><D24/><U63/><E51/><V44/><F50/><W80/><G31/><T57/><D40/><U122/><E122/><V47/><F127/><W123/><G123/><T109/><D38/><U125/><E125/><V129/><F43/><W33/><G80/><T8/><D73/><U79/><E27/><V3/><F48/><W28/><G28/><T14/><D82/><U91/><E25/><V70/><F129/><W35/><AGARI ba="1,0" hai="1,4,11,33,35,62,65,69,97,103,104,108,110,111" machi="35" ten="40,8000,1" yaku="5,1,0,1,14,1,23,2" doraHai="18" who="3" fromWho="3" sc="260,-41,260,-21,260,-21,220,83" /><INIT seed="1,0,0,4,4,93" ten="219,239,239,303" oya="1" hai0="32,31,108,40,71,87,1,77,5,29,28,128,35" hai1="121,111,8,55,11,48,57,22,133,94,124,97,56" hai2="96,20,15,70,105,110,76,104,112,92,3,9,37" hai3="109,46,43,74,27,0,95,131,98,125,13,79,65"/><U100/><E121/><V66/><F110/><W59/><G0/><T72/><D87/><U26/><E133/><V50/><F37/><W68/><G68/><T99/><D40/><U83/><E124/><V7/><F112/><W17/><G125/><T2/><D71/><U10/><E111/><V89/><F76/><W127/><G127/><T114/><D99/><U30/><E83/><V115/><F115/><W52/><G131/><T19/><D77/><U25/><E25/><V81/><F81/><W106/><G106/><T113/><D72/><U91/><E100/><V101/><F50/><W126/><G126/><T4/><D108/><U78/><E78/><V23/><F3/><W21/><G74/><T103/><D31/><U119/><E119/><V85/><REACH who="2" step="1"/><F104/><REACH who="2" ten="219,239,229,303" step="2"/><W73/><G79/><T69/><D114/><U134/><E134/><V120/><F120/><W80/><G80/><T62/><D113/><U130/><E130/><V58/><F58/><AGARI ba="0,1" hai="8,10,11,22,26,30,48,55,56,57,58,91,94,97" machi="58" ten="40,3900,0" yaku="8,1,52,1" doraHai="93" who="1" fromWho="2" sc="219,0,239,49,229,-39,303,0" /><INIT seed="1,1,0,5,5,102" ten="219,288,190,303" oya="1" hai0="40,10,29,18,129,22,74,104,91,111,123,21,63" hai1="76,131,50,51,11,96,121,78,25,72,4,103,88" hai2="107,17,116,62,113,70,100,41,73,3,6,42,98" hai3="133,80,35,109,130,75,122,127,16,43,90,135,26"/><U82/><E131/><V94/><F116/><W32/><G122/><T114/><D114/><U24/><E78/><V45/><F73/><W99/><G130/><T20/><D74/><U52/><E121/><V15/><F113/><W105/><G43/><T1/><D111/><U86/><E50/><V12/><F3/><W77/><G127/><T9/><D40/><U31/><E31/><V5/><F42/><W71/><G71/><T23/><D91/><U66/><E66/><V132/><F132/><N who="3" m="50763" /><G109/><T54/><D104/><U46/><E76/><V33/><F33/><W2/><G2/><T60/><D129/><U61/><E61/><V119/><F119/><W58/><G58/><N who="0" m="34903" /><D1/><U118/><E72/><V117/><F117/><W68/><G68/><T37/><D63/><U8/><E118/><V108/><F108/><W30/><G90/><T67/><D37/><U95/><E8/><N who="0" m="3177" /><D123/><U13/><AGARI ba="1,0" hai="4,11,13,24,25,46,51,52,82,86,88,95,96,103" machi="13" ten="20,12000,1" yaku="0,1,7,1,8,1,54,2" doraHai="102" who="1" fromWho="1" sc="219,-41,288,123,190,-41,303,-41" /><INIT seed="1,2,0,3,4,65" ten="178,411,149,262" oya="1" hai0="46,44,9,51,39,131,134,40,101,79,6,107,42" hai1="24,89,49,55,16,56,20,105,88,71,86,69,41" hai2="102,30,91,121,93,12,22,62,60,75,26,103,84" hai3="8,114,110,18,7,64,53,21,19,126,82,27,59"/><U23/><E105/><V100/><F75/><W95/><G110/><T0/><D131/><U37/><E89/><V115/><F121/><W97/><G126/><T132/><D79/><U3/><E3/><V123/><F123/><W73/><G114/><T10/><D10/><U112/><E112/><V116/><F116/><W35/><G35/><T77/><D77/><U125/><E125/><V83/><F115/><W38/><G38/><T129/><D129/><U70/><E37/><V50/><F12/><W28/><G82/><T113/><D113/><U47/><E23/><V57/><REACH who="2" step="1"/><F83/><REACH who="2" ten="178,411,139,262" step="2"/><W54/><G73/><T127/><D127/><U90/><REACH who="1" step="1"/><E86/><REACH who="1" ten="178,401,139,262" step="2"/><V135/><F135/><W78/><G78/><T15/><D0/><U67/><E67/><V120/><F120/><W11/><G64/><T85/><D85/><U4/><E4/><V72/><F72/><W31/><G7/><T133/><REACH who="0" step="1"/><D134/><REACH who="0" ten="168,401,139,262" step="2"/><U87/><E87/><V118/><F118/><W76/><G76/><T104/><D104/><U17/><E17/><V81/><F81/><W80/><G80/><T119/><D119/><U66/><E66/><V111/><F111/><W130/><G18/><T63/><D63/><U92/><E92/><V74/><F74/><W2/><G95/><T124/><D124/><U98/><E98/><AGARI ba="2,3" hai="6,9,15,39,40,42,44,46,51,98,101,107,132,133" machi="98" ten="40,1300,0" yaku="1,1,53,0" doraHai="65" doraHaiUra="32" who="0" fromWho="1" sc="168,49,401,-19,139,0,262,0" /><INIT seed="2,0,0,5,2,23" ten="217,382,139,262" oya="2" hai0="44,35,53,92,105,67,84,58,77,26,94,0,61" hai1="73,65,38,110,129,71,66,135,121,87,7,131,82" hai2="25,19,75,102,113,91,33,106,107,3,41,60,2" hai3="12,111,45,70,8,54,122,104,6,30,98,69,5"/><V99/><F113/><W10/><G122/><T76/><D0/><U47/><E73/><V115/><F115/><W130/><G111/><T101/><D105/><U127/><E7/><V11/><F75/><W55/><G130/><T74/><D74/><U9/><E9/><V31/><F41/><W21/><G104/><T86/><D35/><U134/><E110/><V123/><F106/><W90/><G98/><N who="0" m="59591" /><D26/><U116/><E116/><V14/><F123/><W64/><G90/><N who="0" m="53575" /><D86/><U133/><E121/><V68/><REACH who="2" step="1"/><F91/><REACH who="2" ten="217,382,129,262" step="2"/><W32/><G70/><T97/><D97/><U120/><E71/><V96/><F96/><W89/><G69/><T18/><D18/><U128/><E120/><V13/><F13/><W119/><G12/><T85/><D85/><U78/><E127/><V126/><F126/><W46/><G89/><T100/><D100/><U132/><E132/><V37/><F37/><W112/><G112/><T39/><D39/><U72/><E72/><V83/><F83/><W43/><G43/><AGARI ba="0,1" hai="38,43,47,65,66,78,82,87,128,129,131,133,134,135" machi="43" ten="50,3200,0" yaku="19,1,20,1" doraHai="23" who="1" fromWho="3" sc="217,0,382,42,129,0,262,-32" /><INIT seed="3,0,0,0,5,93" ten="217,424,129,230" oya="3" hai0="79,2,88,7,74,52,135,65,57,31,46,14,82" hai1="47,62,113,105,11,5,30,78,6,103,48,60,81" hai2="18,41,32,108,39,71,87,131,17,72,70,80,40" hai3="86,73,106,3,116,90,101,67,44,119,20,35,19"/><W43/><G35/><T61/><D135/><U13/><E30/><V126/><F108/><W122/><G122/><T51/><D31/><U12/><E113/><V0/><F126/><W75/><G3/><T50/><D2/><U4/><E105/><V29/><F131/><W23/><G67/><T114/><D114/><U53/><E103/><V1/><F72/><W64/><G64/><T59/><D88/><U102/><E102/><V16/><F29/><W124/><G124/><T58/><D51/><U132/><E132/><V54/><F32/><W100/><G73/><T99/><D99/><U77/><E13/><V134/><F134/><W130/><G75/><T45/><D45/><U49/><E49/><V115/><F115/><W9/><G9/><T85/><D74/><U112/><E112/><V97/><F54/><W27/><G20/><T111/><D111/><U95/><E95/><V10/><F70/><W133/><G130/><T118/><D118/><U96/><E96/><V8/><F71/><W104/><G133/><T15/><D15/><U56/><E62/><V107/><F1/><W34/><G34/><T125/><D125/><U121/><E121/><V28/><F28/><W21/><G21/><T89/><D79/><N who="1" m="30219" /><E81/><V25/><F25/><W37/><G106/><T120/><D120/><U26/><E26/><V117/><F117/><N who="3" m="45131" /><G104/><T127/><D127/><U91/><E91/><N who="2" m="51687" /><F39/><W94/><G37/><T24/><D24/><U68/><E68/><V36/><F36/><N who="3" m="21607" /><G27/><T110/><REACH who="0" step="1"/><D110/><REACH who="0" ten="207,424,129,230" step="2"/><U109/><E109/><V69/><F0/><W55/><G55/><AGARI ba="0,1" hai="4,5,6,11,12,47,48,53,55,56,60" m="30219" machi="55" ten="30,1000,0" yaku="8,1" doraHai="93" who="1" fromWho="3" sc="207,0,424,20,129,0,230,-10" owari="207,-19.3,444,54.4,129,-37.1,220,2.0" /></mjloggm>