<mjloggm ver="2.3"><GO type="225" lobby="0"/><UN n0="%E3%82%B7%E3%83%B3%E5%A4%AA%E6%9C%97" n1="%74%61%6B%75%61%6B%61" n2="%E9%A2%A8%E3%81%A7%E9%B3%B4%E3%81%8F" n3="%28%EF%BF%A3%E2%96%BD%EF%BF%A3%29%CE%B4%E2%8C%92%E3%83%BB" dan="16,16,16,16" rate="2138.89,2131.92,2153.58,2149.34" sx="M,M,M,M"/><TAIKYOKU oya="0"/><INIT seed="0,0,0,0,4,130" ten="250,250,250,250" oya="0" hai0="86,126,73,123,43,81,33,58,1,34,25,17,55" hai1="37,131,32,29,59,62,12,97,41,125,109,2,72" hai2="6,119,40,67,127,69,14,113,36,83,124,90,28" hai3="18,120,105,16,82,132,88,21,133,57,89,30,102"/><T44/><D123/><U106/><E2/><V24/><F113/><W85/><G120/><T9/><D126/><N who="2" m="48170" /><F119/><W95/><G105/><T96/><D73/><U15/><E72/><V93/><F83/><W104/><G104/><T46/><D96/><U49/><E37/><V101/><F101/><W121/><G102/><T31/><D34/><U79/><E79/><V53/><F53/><W91/><G121/><T19/><D9/><U63/><E109/><V84/><F67/><W92/><G57/><T61/><D1/><U115/><E63/><V98/><F69/><W20/><G30/><T70/><D70/><U114/><E131/><V100/><F14/><N who="3" m="9239" /><G92/><T128/><D128/><U7/><E125/><V87/><F6/><W8/><G8/><T64/><D64/><U5/><E7/><V118/><F100/><W129/><G129/><T78/><REACH who="0" step="1"/><D44/><REACH who="0" ten="240,250,250,250" step="2"/><U26/><E114/><V94/><F118/><W108/><G108/><T51/><AGARI ba="0,1" hai="17,19,25,31,33,43,46,51,55,58,61,78,81,86" machi="51" ten="20,7800,0" yaku="1,1,2,1,0,1,7,1,53,0" doraHai="130" doraHaiUra="71" who="0" fromWho="0" sc="240,88,250,-26,250,-26,250,-26" /><INIT seed="0,1,0,0,3,64" ten="328,224,224,224" oya="0" hai0="29,28,113,81,121,103,109,43,7,131,123,57,15" hai1="128,129,16,27,86,70,115,94,33,41,122,21,67" hai2="36,134,13,44,23,88,116,117,91,105,99,83,32" hai3="78,63,126,72,38,3,80,20,0,49,102,125,130"/><T133/><D113/><U1/><E122/><V66/><F32/><W62/><G38/><T77/><D131/><N who="1" m="50251" /><E1/><N who="3" m="586" /><G130/><T2/><D133/><U51/><E115/><V104/><F134/><W108/><G108/><T4/><D2/><U8/><E8/><V11/><F23/><W73/><G102/><T37/><D109/><U74/><E74/><V19/><F66/><W90/><G73/><T56/><D103/><U35/><E51/><V92/><F91/><W127/><G90/><T107/><D107/><U53/><E53/><V9/><F9/><W61/><G20/><T58/><D43/><U31/><E41/><N who="2" m="22567" /><F83/><W101/><G101/><T26/><D37/><U76/><E31/><V106/><F106/><W6/><G6/><T34/><D28/><U87/><E94/><V46/><F46/><W48/><AGARI ba="1,0" hai="48,49,61,62,63,72,78,80,125,126,127" m="586" machi="48" ten="40,1500,0" yaku="18,1" doraHai="64" who="3" fromWho="3" sc="328,-8,224,-5,224,-5,224,18" /><INIT seed="1,0,0,3,5,27" ten="320,219,219,242" oya="1" hai0="113,20,89,93,42,57,9,17,115,62,36,85,22" hai1="64,92,123,122,33,48,67,124,105,35,61,127,88" hai2="133,99,53,130,71,26,37,96,21,70,78,8,134" hai3="91,38,106,69,44,2,68,46,7,6,50,75,107"/><U54/><E105/><V32/><F32/><N who="1" m="12361" /><E48/><V16/><F37/><W4/><G2/><T84/><D22/><U11/><E54/><V60/><F78/><W118/><G75/><T77/><D36/><U135/><E11/><V58/><F8/><W114/><G38/><T125/><D42/><U131/><E131/><V128/><F96/><W94/><G114/><T12/><D125/><N who="1" m="48203" /><E135/><N who="2" m="51723" /><F99/><W52/><G46/><T30/><D77/><U73/><E73/><V87/><F87/><W104/><REACH who="3" step="1"/><G118/><REACH who="3" ten="320,219,219,232" step="2"/><T5/><D113/><U81/><E81/><V120/><F120/><N who="1" m="46121" /><E61/><V40/><F40/><W101/><G101/><T121/><D115/><U19/><E19/><V129/><AGARI ba="0,1" hai="16,21,26,53,58,60,70,71,128,129,130" m="51723" machi="129" ten="40,5200,0" yaku="19,1,20,1,54,1" doraHai="27" who="2" fromWho="2" sc="320,-13,219,-26,219,62,232,-13" /><INIT seed="2,0,0,5,4,49" ten="307,193,281,219" oya="2" hai0="103,34,31,4,27,85,93,107,106,5,69,17,36" hai1="113,96,56,122,109,79,75,80,13,114,104,108,92" hai2="11,134,10,94,89,64,71,58,88,124,117,50,12" hai3="110,18,78,131,132,61,46,86,129,74,42,77,98"/><V66/><F117/><W59/><G74/><T1/><D36/><U35/><E35/><V9/><F124/><W21/><G110/><N who="1" m="42602" /><E13/><V3/><F3/><W82/><G132/><T24/><D1/><U101/><E56/><V28/><F28/><W2/><G2/><T39/><D39/><U37/><E37/><V65/><F134/><W73/><G98/><T0/><D0/><U23/><E23/><V126/><F126/><W123/><G123/><T99/><D107/><U60/><E60/><V95/><F71/><W87/><G46/><T115/><D115/><N who="1" m="44043" /><E92/><N who="2" m="35371" /><F12/><N who="3" m="9415" /><G78/><T116/><D69/><U41/><E41/><V53/><AGARI ba="0,0" hai="9,10,11,50,53,58,64,65,66,88,89" m="35371" machi="53" ten="40,7800,0" yaku="8,1,52,1,54,1" doraHai="49" who="2" fromWho="2" sc="307,-26,193,-26,281,78,219,-26" /><INIT seed="2,1,0,3,4,10" ten="281,167,359,193" oya="2" hai0="93,81,63,30,100,135,80,134,125,41,11,39,54" hai1="83,72,21,67,78,128,114,108,111,9,127,6,86" hai2="90,99,112,18,106,47,107,58,36,61,24,101,2" hai3="56,37,85,104,1,50,57,64,12,110,133,20,88"/><V16/><F2/><W123/><G37/><T7/><D125/><U5/><E114/><V76/><F112/><W49/><G1/><T34/><D41/><U48/><E127/><V31/><F76/><W89/><G104/><T32/><D39/><U129/><E72/><V51/><F90/><W116/><G123/><T103/><D54/><U65/><E21/><V40/><F106/><W75/><G75/><T70/><D63/><U8/><E48/><N who="3" m="18538" /><G116/><T126/><D70/><U33/><E33/><V96/><F96/><W43/><G133/><T122/><D126/><U23/><E23/><V71/><F36/><W131/><G131/><T73/><D122/><U95/><E95/><V27/><F71/><W19/><G110/><T52/><D73/><U26/><E26/><V60/><F60/><N who="3" m="37895" /><G43/><T35/><D30/><U15/><E65/><V4/><F27/><W74/><G74/><T105/><D105/><U102/><E102/><V28/><F28/><W121/><G121/><T119/><D103/><U87/><E67/><V53/><REACH who="2" step="1"/><F4/><REACH who="2" ten="281,167,349,193" step="2"/><W14/><G89/><T115/><D115/><U59/><E78/><V46/><F46/><W45/><G45/><T44/><D7/><U0/><E0/><V92/><F92/><N who="3" m="54287" /><G57/><T130/><D134/><U124/><E124/><V22/><AGARI ba="1,1" hai="16,18,22,24,31,40,47,51,53,58,61,99,101,107" machi="22" ten="20,7800,0" yaku="1,1,0,1,7,1,54,1,53,0" doraHai="10" doraHaiUra="69" who="2" fromWho="2" sc="281,-27,167,-27,349,91,193,-27" /><INIT seed="2,2,0,1,5,12" ten="254,140,440,166" oya="2" hai0="27,96,50,58,49,51,66,64,69,133,36,53,131" hai1="54,55,114,48,59,30,122,68,37,90,116,0,71" hai2="98,62,117,78,33,84,28,20,85,81,57,11,97" hai3="60,92,125,82,127,72,56,34,99,100,77,38,47"/><V73/><F33/><W14/><G34/><T45/><D131/><U23/><E0/><V2/><F117/><W129/><G129/><T10/><D133/><U42/><E116/><V13/><F73/><W15/><G38/><T120/><D120/><U46/><E122/><V29/><F84/><W43/><G43/><N who="0" m="22759" /><D96/><N who="2" m="36970" /><F20/><W25/><G47/><T104/><D27/><U126/><E114/><V103/><F2/><W80/><G80/><T128/><D10/><U93/><E126/><N who="3" m="48138" /><G25/><T79/><D79/><U123/><E123/><V22/><F22/><W112/><G112/><T74/><D74/><U75/><E75/><V16/><F103/><W5/><G5/><T102/><D102/><U111/><E23/><V21/><F21/><W40/><G40/><T1/><D104/><U35/><E35/><V108/><F108/><W113/><G113/><T110/><D1/><U101/><E101/><V130/><F130/><W41/><G41/><T70/><D128/><U6/><E111/><V3/><F3/><W19/><G19/><T87/><D87/><U135/><E6/><V32/><F32/><W88/><G100/><T95/><D110/><U119/><E119/><V86/><F86/><W124/><N who="3" m="48146" /><W134/><DORA hai="44" /><G134/><T76/><D76/><U24/><E135/><V18/><F18/><W107/><G107/><T8/><D8/><U115/><E115/><V31/><F31/><W7/><G7/><T94/><D95/><U26/><E30/><V61/><F61/><W39/><G39/><T4/><D94/><U9/><E37/><V65/><AGARI ba="2,0" hai="11,13,16,28,29,57,62,65,78,81,85" m="36970" machi="65" ten="30,6000,0" yaku="8,1,52,1,54,1" doraHai="12,44" who="2" fromWho="2" sc="254,-22,140,-22,440,66,166,-22" /><INIT seed="2,3,0,4,4,96" ten="232,118,506,144" oya="2" hai0="132,90,73,48,50,76,95,28,19,45,39,12,135" hai1="57,2,126,75,15,108,9,89,87,20,111,82,117" hai2="35,23,58,67,130,43,29,101,109,64,110,18,102" hai3="46,54,128,86,11,114,118,84,120,14,99,36,41"/><V106/><F106/><W78/><G118/><T94/><D28/><U38/><E117/><V37/><F130/><W125/><G120/><T51/><D73/><U121/><E126/><V31/><F43/><W134/><G125/><T13/><D76/><U131/><E131/><V98/><F37/><W122/><G122/><T22/><D12/><U55/><E121/><V42/><F98/><W6/><G128/><T59/><D95/><U113/><E38/><V65/><F42/><W80/><G134/><N who="0" m="51243" /><D59/><U105/><E105/><V10/><F58/><W107/><G114/><T40/><D39/><U69/><E69/><V47/><F47/><W21/><G21/><T97/><AGARI ba="3,0" hai="13,19,22,40,45,48,50,51,90,94,97" m="51243" machi="97" ten="30,1100,0" yaku="20,1" doraHai="96" who="0" fromWho="0" sc="232,20,118,-6,506,-8,144,-6" /><INIT seed="3,0,0,1,1,39" ten="252,112,498,138" oya="3" hai0="121,33,56,108,67,101,75,103,16,46,8,127,41" hai1="59,125,126,62,76,70,27,82,64,12,105,106,18" hai2="84,135,78,54,2,66,4,102,132,19,25,107,53" hai3="37,91,111,10,48,96,116,68,45,15,58,115,113"/><W65/><G116/><T72/><D121/><U69/><E27/><V11/><F66/><W61/><G111/><T93/><D33/><U114/><E114/><V20/><F84/><W35/><G35/><T30/><D108/><U71/><E106/><V74/><F102/><W1/><G1/><T94/><D30/><U86/><REACH who="1" step="1"/><E105/><REACH who="1" ten="252,102,498,138" step="2"/><V85/><F107/><W100/><G91/><T49/><D103/><U118/><E118/><V112/><F85/><W3/><G3/><T133/><D101/><U109/><E109/><V31/><F112/><W104/><G37/><T13/><D75/><U55/><E55/><V5/><F5/><W123/><G123/><T117/><D72/><U128/><E128/><V122/><F122/><W90/><G68/><T42/><D117/><U83/><E83/><V88/><F88/><W119/><G90/><T51/><D94/><U81/><E81/><N who="2" m="45271" /><F31/><W23/><G119/><T52/><D93/><U73/><E73/><V0/><F0/><W131/><G131/><T77/><D52/><U17/><E17/><V89/><F89/><W95/><G104/><T60/><D16/><U32/><E32/><V28/><F28/><W92/><G92/><T99/><D77/><U43/><E43/><V80/><F80/><W26/><G26/><T29/><D41/><U87/><E87/><V79/><F79/><W22/><G115/><T7/><D42/><U24/><E24/><V36/><F36/><W38/><G38/><T50/><D29/><U6/><E6/><V63/><F63/><W44/><G113/><T9/><D7/><U134/><E134/><AGARI ba="0,1" hai="2,4,11,19,20,25,53,54,132,134,135" m="45271" machi="134" ten="30,2000,0" yaku="6,1,20,1" doraHai="39" who="2" fromWho="1" sc="252,0,102,-20,498,30,138,0" owari="252,5.2,82,-41.8,528,62.8,138,-26.2" /></mjloggm>