<mjloggm ver="2.3"><GO type="225" lobby="0"/><UN n0="%E5%84%AA%40%41%42%43" n1="%E5%A4%96%E5%B7%9D%E7%AB%9C%E6%88%90" n2="%E3%80%93%E3%81%97%E3%83%BC%E3%82%89%E3%80%93" n3="%E9%BB%92%E9%89%84%E7%8F%A0%E9%9B%AB" dan="17,16,16,16" rate="2151.09,2153.52,2162.34,2180.95" sx="M,M,M,M"/><TAIKYOKU oya="0"/><INIT seed="0,0,0,4,4,60" ten="250,250,250,250" oya="0" hai0="120,104,94,132,116,89,121,35,126,43,131,102,42" hai1="85,9,115,130,57,32,44,48,113,101,36,92,93" hai2="12,125,87,111,51,108,70,98,64,71,47,6,106" hai3="62,39,4,76,17,83,107,103,8,124,1,50,0"/><T5/><D116/><U55/><E32/><V56/><F125/><W54/><G39/><T14/><D35/><U40/><E130/><V33/><F33/><W69/><G124/><T84/><D126/><U119/><E119/><V30/><F30/><W38/><G38/><T117/><D117/><U105/><E9/><N who="2" m="4151" /><F87/><W13/><G103/><T99/><D131/><U82/><E105/><V110/><F98/><W112/><G107/><T65/><D132/><U129/><E129/><V91/><F91/><W16/><G112/><N who="1" m="43082" /><E101/><V41/><F106/><W18/><G62/><AGARI ba="0,0" hai="41,47,51,56,62,64,70,71,108,110,111" m="4151" machi="62" ten="30,2000,0" yaku="14,1,52,1" doraHai="60" who="2" fromWho="3" sc="250,0,250,0,250,20,250,-20" /><INIT seed="1,0,0,2,5,12" ten="250,250,270,230" oya="1" hai0="16,112,132,102,15,87,33,135,48,83,4,52,103" hai1="92,114,21,86,38,98,77,79,46,24,6,94,97" hai2="84,116,7,61,28,121,35,104,8,124,133,37,20" hai3="11,54,64,18,69,30,73,66,85,65,90,59,43"/><U71/><E71/><V55/><F37/><W39/><G73/><T110/><D110/><U36/><E114/><V44/><F104/><W29/><G69/><T32/><D4/><U134/><E134/><N who="0" m="51241" /><D112/><U100/><E6/><V127/><F133/><W5/><G43/><T122/><D122/><U109/><E109/><V62/><F121/><W70/><G39/><T34/><D87/><U50/><E86/><V63/><F35/><W81/><G70/><T126/><D83/><U68/><E68/><V93/><F116/><W10/><G10/><N who="0" m="6263" /><D126/><U96/><E38/><V119/><F119/><W22/><G11/><T45/><AGARI ba="0,0" hai="32,33,34,45,48,52,102,103" m="6263,51241" machi="45" ten="40,8000,1" yaku="20,1,52,1,54,2" doraHai="12" who="0" fromWho="0" sc="250,80,250,-40,270,-20,230,-20" /><INIT seed="2,0,0,3,3,132" ten="330,210,250,210" oya="2" hai0="94,99,42,95,39,56,112,72,122,14,6,128,86" hai1="66,70,24,96,3,20,92,80,49,125,44,77,19" hai2="5,43,129,81,127,9,106,82,105,84,54,90,108" hai3="85,45,100,21,59,113,76,17,134,68,114,101,119"/><V28/><F129/><W34/><G119/><T32/><D72/><U87/><E3/><V25/><F108/><W89/><G68/><T69/><D69/><U35/><E35/><V93/><F43/><W12/><G34/><T26/><D122/><U50/><E70/><V4/><F54/><W116/><G116/><T13/><D6/><U131/><E131/><V15/><F4/><W123/><G123/><T41/><D39/><U104/><E104/><V16/><F5/><W60/><G45/><T33/><D86/><U29/><E125/><V63/><F127/><W88/><G76/><T55/><D26/><U62/><E19/><V40/><F40/><W118/><G134/><T52/><D56/><N who="1" m="37191" /><E44/><V38/><F63/><W115/><G118/><T27/><D27/><U65/><E65/><V1/><F1/><W51/><G51/><T91/><D91/><AGARI ba="0,0" hai="20,24,29,49,50,77,80,87,91,92,96" m="37191" machi="91" ten="30,1000,0" yaku="8,1" doraHai="132" who="1" fromWho="0" sc="330,-10,210,10,250,0,210,0" /><INIT seed="3,0,0,1,3,95" ten="320,220,250,210" oya="3" hai0="11,49,0,135,126,9,93,66,58,76,112,62,18" hai1="1,72,27,7,92,33,125,111,81,94,30,103,77" hai2="82,127,115,59,131,46,123,6,108,107,116,67,110" hai3="53,117,105,12,69,90,5,85,124,54,75,109,52"/><W48/><G117/><T97/><D126/><U41/><E125/><V101/><F127/><W57/><G124/><T83/><D135/><U73/><E73/><V51/><F6/><W31/><G75/><T98/><D0/><U134/><E134/><V100/><F116/><W50/><G69/><T40/><D97/><U24/><E111/><V89/><F115/><W39/><G39/><T91/><D18/><U63/><E103/><V60/><F131/><W113/><G113/><T2/><D2/><U15/><E1/><V74/><F123/><W64/><G105/><T26/><D26/><U25/><E41/><V129/><F129/><W80/><G31/><T22/><D22/><U65/><E27/><V19/><F19/><W45/><G109/><N who="2" m="42089" /><F107/><W114/><G114/><T35/><D35/><U78/><E78/><N who="2" m="44375" /><F89/><W104/><G104/><T44/><D112/><U120/><E25/><V96/><F96/><W34/><G34/><T130/><D130/><U42/><E120/><V87/><F87/><AGARI ba="0,0" hai="9,11,40,44,49,58,62,66,76,83,87,91,93,98" machi="87" ten="30,3900,0" yaku="7,1,8,1,52,1" doraHai="95" who="0" fromWho="2" sc="320,39,220,0,250,-39,210,0" owari="359,45.9,220,2.0,211,-18.9,210,-29.0" /></mjloggm>