<mjloggm ver="2.3"><GO type="225" lobby="0"/><UN n0="%E6%B8%A9%E2%98%85%E6%83%85%E2%98%85%E6%8E%AA%E2%98%85%E7%BD%AE" n1="%E3%81%B2%E3%81%AA%E3%81%AE%E3%82%8A%E3%81%8F" n2="%E3%83%B4%E3%82%A3%E3%83%AF%E3%82%B3%E3%82%B0%E3%83%8B" n3="%E9%A2%A8%E3%81%A7%E9%B3%B4%E3%81%8F" dan="16,17,16,16" rate="2151.87,2124.42,2149.76,2149.64" sx="M,M,M,M"/><TAIKYOKU oya="0"/><INIT seed="0,0,0,2,1,65" ten="250,250,250,250" oya="0" hai0="124,120,44,18,82,72,84,37,126,119,114,35,132" hai1="6,7,5,4,60,50,118,128,71,130,75,58,55" hai2="96,90,40,81,9,135,10,97,56,23,62,94,133" hai3="59,91,104,63,61,27,33,0,32,43,108,29,24"/><T103/><D114/><U54/><E118/><V123/><F123/><W107/><G0/><T68/><D119/><U36/><E36/><V129/><F129/><N who="1" m="49769" /><E75/><V28/><F40/><W17/><G108/><T14/><D120/><U83/><E83/><V105/><F81/><W79/><G79/><T131/><D131/><U64/><N who="1" m="1024" /><DORA hai="77" /><U125/><E55/><V89/><F28/><W117/><G43/><N who="0" m="22639" /><D35/><U49/><E49/><V86/><F23/><W111/><G111/><T21/><D103/><U31/><E31/><V19/><F19/><W30/><G117/><T15/><D15/><U39/><E39/><V38/><F38/><W34/><G34/><T87/><D68/><N who="1" m="41991" /><E125/><N who="0" m="48233" /><D132/><U101/><E101/><V98/><F89/><W52/><G17/><T78/><AGARI ba="0,0" hai="14,18,21,72,78,82,84,87" m="48233,22639" machi="78" ten="30,3000,0" yaku="18,1,52,1" doraHai="65,77" who="0" fromWho="0" sc="250,30,250,-10,250,-10,250,-10" /><INIT seed="0,1,0,4,1,35" ten="280,240,240,240" oya="0" hai0="13,73,45,125,60,119,7,29,98,76,100,55,123" hai1="115,132,58,30,0,15,82,53,124,47,65,72,81" hai2="75,21,80,10,87,103,1,107,42,23,95,133,20" hai3="111,37,44,11,92,96,120,109,105,131,38,9,68"/><T5/><D119/><U77/><E124/><V32/><F133/><W134/><G105/><T43/><D123/><U25/><E132/><V104/><F32/><W56/><G134/><T14/><D125/><U57/><E115/><V48/><F75/><W121/><G68/><T106/><D29/><U39/><E0/><V24/><F24/><W122/><G131/><T31/><D31/><U130/><E130/><V70/><F70/><W3/><G56/><T85/><D73/><U101/><E101/><V61/><F61/><W126/><G126/><T118/><D118/><U63/><E82/><V69/><F69/><W6/><G11/><T28/><D28/><U16/><E47/><V128/><F128/><W51/><G38/><T83/><D55/><U36/><E58/><V4/><F48/><W93/><G37/><T49/><REACH who="0" step="1"/><D60/><REACH who="0" ten="270,240,240,240" step="2"/><U90/><E53/><V52/><F52/><N who="3" m="29799" /><G92/><T86/><D86/><U34/><REACH who="1" step="1"/><E90/><AGARI ba="1,1" hai="3,6,9,90,93,96,109,111,120,121,122" m="29799" machi="90" ten="30,3900,0" yaku="13,1,52,1,54,1" doraHai="35" who="3" fromWho="1" sc="270,0,240,-42,240,0,240,52" /><INIT seed="1,0,0,5,1,2" ten="270,198,240,292" oya="1" hai0="104,1,50,130,48,119,107,115,69,52,25,81,35" hai1="51,89,24,59,83,112,94,113,32,47,87,4,66" hai2="120,90,98,22,20,106,18,127,5,117,17,67,0" hai3="23,58,11,72,111,133,114,109,79,55,28,124,85"/><U63/><E32/><V8/><F120/><W118/><G114/><T110/><D119/><U126/><E126/><V99/><F117/><W97/><G124/><T3/><D115/><U61/><E24/><V46/><F127/><W103/><G72/><T7/><D69/><U122/><E122/><V6/><F67/><W12/><G118/><T123/><D123/><U13/><E63/><V44/><F106/><W34/><G34/><T128/><D110/><U91/><E13/><N who="2" m="7335" /><F0/><W92/><G133/><T88/><D50/><U101/><E101/><V19/><F46/><W93/><G79/><T132/><D132/><U29/><E29/><V15/><F44/><W129/><G129/><N who="0" m="49771" /><D25/><U31/><E31/><V96/><F90/><N who="3" m="53327" /><G28/><T78/><D35/><U26/><E26/><AGARI ba="0,0" hai="5,6,15,18,19,20,22,26,96,98,99" m="7335" machi="26" ten="30,3900,0" yaku="8,1,52,2" doraHai="2" who="2" fromWho="1" sc="270,0,198,-39,240,39,292,0" /><INIT seed="2,0,0,3,2,72" ten="270,159,279,292" oya="2" hai0="109,29,6,12,13,11,36,119,98,7,94,28,25" hai1="49,97,35,1,126,106,4,133,67,86,123,55,26" hai2="5,104,31,14,111,103,17,108,54,78,92,56,42" hai3="130,27,95,15,24,100,9,120,116,43,90,33,74"/><V110/><F104/><W129/><G116/><T121/><D119/><U52/><E126/><V85/><F42/><W8/><G100/><T96/><D121/><U76/><E123/><V81/><F31/><W2/><G74/><T16/><D109/><U77/><E67/><V134/><F5/><N who="3" m="1079" /><G43/><T68/><D36/><U70/><E70/><V83/><F134/><W39/><G39/><T131/><D131/><N who="3" m="50185" /><G33/><T37/><D68/><U69/><E69/><V0/><F0/><W10/><G10/><N who="0" m="6199" /><D37/><U57/><E133/><V45/><F45/><W124/><G124/><T38/><D38/><U101/><E4/><V59/><F81/><W21/><G21/><N who="0" m="15407" /><D29/><U135/><E135/><V32/><F32/><W88/><G120/><T84/><D6/><U41/><E1/><V128/><F128/><W44/><G44/><T19/><D7/><U117/><E117/><V125/><F125/><W79/><G79/><T40/><D40/><U51/><E41/><V112/><F112/><W91/><G95/><T115/><D115/><U3/><E3/><V63/><F56/><W61/><G61/><T102/><D102/><U75/><E75/><V23/><F92/><W93/><G93/><T65/><D94/><U107/><E107/><V60/><F103/><W105/><G105/><T30/><D30/><U89/><E35/><V18/><F18/><AGARI ba="0,0" hai="9,15,18,24,27,88,90,91" m="50185,1079" machi="18" ten="30,2000,0" yaku="19,1,54,1" doraHai="72" who="3" fromWho="2" sc="270,0,159,0,279,-20,292,20" /><INIT seed="3,0,0,4,3,71" ten="270,159,259,312" oya="3" hai0="101,96,89,76,126,88,74,86,95,94,19,44,128" hai1="17,121,45,90,16,30,78,64,3,4,120,43,80" hai2="133,107,23,53,79,72,63,54,50,12,131,113,36" hai3="25,52,117,99,108,62,84,83,35,6,0,103,82"/><W57/><G117/><T85/><D128/><U49/><E30/><V91/><F113/><W112/><G112/><T11/><D126/><U75/><E64/><V61/><F107/><W105/><G108/><T24/><D74/><U73/><E73/><V20/><F131/><W92/><G105/><T77/><D44/><U2/><E90/><V47/><F133/><W102/><G102/><T42/><D42/><U119/><E119/><V40/><F91/><W109/><G109/><T14/><REACH who="0" step="1"/><D24/><REACH who="0" ten="260,159,259,312" step="2"/><U110/><E110/><V127/><F127/><W38/><G25/><T18/><D18/><U69/><E69/><V125/><F125/><W106/><G6/><T9/><D9/><U28/><E28/><V93/><F93/><AGARI ba="0,1" hai="11,14,19,76,77,85,86,88,89,93,94,95,96,101" machi="93" ten="30,8000,1" yaku="1,1,7,1,9,1,8,1,54,1,53,0" doraHai="71" doraHaiUra="68" who="0" fromWho="2" sc="260,90,159,0,259,-80,312,0" owari="350,45.0,159,-34.1,179,-22.1,312,11.2" /></mjloggm>