<mjloggm ver="2.3"><GO type="225" lobby="0"/><UN n0="%E3%81%8B%E3%82%8F%E3%81%A1%E3%82%83%E3%82%93%35%38" n1="%4B%2E%32%2E%4B%2E" n2="%E9%97%98%E5%B0%86%E3%81%A0%E3%82%93%E3%81%A7%E3%81%83" n3="%E5%A4%9C%E3%81%AE%E3%82%AC%E3%82%B9%E3%83%91%E3%83%BC%E3%83%AB" dan="17,16,16,16" rate="2219.19,2105.75,2120.56,2207.01" sx="M,M,M,M"/><TAIKYOKU oya="0"/><INIT seed="0,0,0,0,1,130" ten="250,250,250,250" oya="0" hai0="77,127,25,19,23,121,111,106,131,135,70,124,98" hai1="100,18,59,14,73,86,42,81,129,26,10,50,34" hai2="113,85,35,20,82,96,28,58,103,84,0,74,66" hai3="24,79,57,37,118,53,36,115,64,12,89,22,27"/><T76/><D70/><U48/><E73/><V90/><F35/><W104/><G115/><T114/><D121/><U105/><E129/><V69/><F0/><W8/><G118/><T78/><D131/><U29/><E42/><V93/><F69/><W65/><G104/><T67/><D67/><U54/><E100/><V47/><F113/><W33/><G79/><T13/><D114/><U97/><E105/><V3/><F3/><W43/><G33/><T122/><D122/><U91/><REACH who="1" step="1"/><E97/><REACH who="1" ten="250,240,250,250" step="2"/><V6/><F74/><W55/><G43/><T2/><D98/><U39/><E39/><V49/><F6/><W31/><G37/><T99/><D99/><U72/><E72/><V51/><F84/><W108/><G36/><T61/><D106/><U5/><E5/><V71/><F71/><W4/><G4/><T32/><D127/><U128/><E128/><V9/><F103/><W125/><G125/><T52/><D124/><U56/><E56/><V133/><F96/><W109/><G57/><T110/><D110/><U7/><E7/><V41/><F41/><W30/><G108/><T88/><D111/><U120/><E120/><V38/><F38/><W87/><G109/><T92/><D2/><U15/><E15/><V126/><F126/><W132/><G12/><T21/><D13/><U60/><AGARI ba="0,1" hai="10,14,18,26,29,34,48,50,54,59,60,81,86,91" machi="60" ten="20,5200,0" yaku="1,1,0,1,7,1,53,1" doraHai="130" doraHaiUra="83" who="1" fromWho="1" sc="250,-26,240,62,250,-13,250,-13" /><INIT seed="1,0,0,0,4,88" ten="224,302,237,237" oya="1" hai0="48,60,8,55,126,106,111,0,4,92,37,31,131" hai1="72,69,21,53,1,74,42,79,78,121,110,71,122" hai2="128,3,112,133,124,30,84,87,62,13,46,81,119" hai3="109,116,117,40,123,36,24,94,127,27,100,26,11"/><U12/><E1/><V64/><F3/><W99/><G109/><T22/><D106/><U16/><E42/><V130/><F119/><N who="3" m="45643" /><G127/><T39/><D111/><U86/><E110/><V67/><F124/><W52/><G123/><T20/><D126/><U9/><E53/><V35/><F133/><W95/><G40/><T25/><D131/><U102/><E102/><V47/><F30/><W41/><G11/><T90/><D22/><U68/><E9/><V76/><F35/><W85/><G41/><T125/><D60/><U43/><E43/><V38/><F38/><W17/><G36/><T135/><D135/><U70/><N who="1" m="17408" /><DORA hai="83" /><U34/><E34/><V104/><F104/><N who="3" m="63519" /><G85/><N who="2" m="32841" /><F13/><W82/><G82/><T19/><D31/><U54/><E122/><V91/><F91/><W96/><G96/><T2/><D2/><U98/><E98/><V75/><F112/><W32/><G32/><T49/><D125/><U50/><E121/><V6/><F6/><W108/><G108/><T114/><D114/><U23/><E74/><V56/><F67/><W93/><G52/><T134/><D134/><U5/><E72/><V15/><F15/><W77/><G77/><T33/><D33/><U107/><E107/><V44/><F128/><W59/><G59/><N who="0" m="33255" /><D90/><U105/><E105/><V63/><F130/><W66/><G66/><T7/><D7/><U28/><E86/><N who="2" m="48423" /><F63/><W132/><G132/><T10/><D0/><U101/><E5/><V14/><F14/><W57/><G57/><T65/><D4/><U97/><E97/><V80/><F75/><W129/><G129/><T61/><D39/><RYUUKYOKU ba="0,0" sc="224,-15,302,-15,237,15,237,15" hai2="44,46,47,56,62,64,80" hai3="17,24,26,27,93,94,95" /><INIT seed="2,1,0,5,3,62" ten="209,287,252,252" oya="2" hai0="44,16,9,102,78,5,68,133,37,35,23,95,39" hai1="3,43,106,128,131,14,129,84,93,31,24,63,116" hai2="82,99,1,61,91,86,97,130,127,41,32,83,12" hai3="101,104,67,114,66,19,90,26,64,8,40,111,125"/><V124/><F1/><W59/><G111/><T47/><D35/><U85/><E116/><V51/><F32/><W36/><G125/><N who="2" m="48201" /><F41/><W100/><G114/><T126/><D126/><U60/><E106/><V134/><F51/><W21/><G36/><T27/><D133/><U113/><E113/><V94/><F134/><W74/><G74/><T7/><D7/><U98/><E43/><V29/><F29/><N who="3" m="17615" /><G104/><T87/><D68/><U10/><E3/><V122/><F122/><W30/><G30/><T117/><D117/><U115/><E115/><V17/><F130/><W105/><G105/><T132/><D132/><U120/><E120/><V70/><F99/><W33/><G33/><T89/><D102/><N who="3" m="39529" /><G40/><T121/><D121/><U57/><E31/><V28/><F28/><W38/><G38/><T46/><REACH who="0" step="1"/><D78/><REACH who="0" ten="199,287,252,252" step="2"/><U11/><E131/><V135/><F135/><W77/><G77/><T15/><AGARI ba="1,1" hai="5,9,15,16,23,27,37,39,44,46,47,87,89,95" machi="15" ten="30,7900,0" yaku="1,1,2,1,0,1,54,1,53,0" doraHai="62" doraHaiUra="108" who="0" fromWho="0" sc="199,92,287,-21,252,-40,252,-21" /><INIT seed="3,0,0,3,5,37" ten="291,266,212,231" oya="3" hai0="77,46,94,125,33,116,72,102,86,74,0,132,71" hai1="26,92,96,2,7,17,63,6,49,84,99,121,82" hai2="35,113,60,76,111,122,45,135,18,29,88,120,108" hai3="95,50,103,59,83,5,20,89,56,127,16,54,11"/><W131/><G127/><T123/><D71/><U114/><E121/><N who="2" m="46699" /><F113/><W15/><G131/><T30/><D0/><U85/><E114/><V79/><F135/><W34/><G34/><T69/><D69/><U80/><E2/><V87/><F18/><W32/><G32/><T24/><D123/><U51/><E17/><V47/><F60/><W64/><G103/><T61/><D116/><U52/><E63/><V13/><F13/><W40/><G83/><T90/><D61/><U8/><E26/><N who="2" m="18871" /><F79/><W67/><G59/><T48/><D125/><U23/><E23/><V19/><F19/><W42/><G67/><T75/><D132/><U105/><E8/><V81/><F76/><W12/><G64/><T119/><D119/><U1/><E1/><V93/><F81/><W126/><G126/><T65/><D65/><U97/><E6/><V44/><AGARI ba="0,0" hai="44,45,47,87,88,93,108,111" m="18871,46699" machi="44" ten="40,2700,0" yaku="13,1,54,1" doraHai="37" who="2" fromWho="2" sc="291,-7,266,-7,212,27,231,-13" /><INIT seed="4,0,0,3,3,56" ten="284,259,239,218" oya="0" hai0="68,98,90,130,128,30,72,100,31,83,67,69,25" hai1="134,48,87,95,96,78,52,99,24,86,17,102,105" hai2="123,44,50,3,5,131,64,127,85,61,122,63,26" hai3="37,93,42,21,15,117,113,133,1,35,77,74,20"/><T119/><D119/><U27/><E134/><V125/><F3/><W33/><G117/><T101/><D101/><U129/><E129/><N who="0" m="49769" /><D67/><U16/><E27/><V109/><F5/><W116/><G116/><T60/><D31/><U79/><E87/><V75/><F75/><W39/><G133/><T121/><D121/><N who="2" m="46090" /><F131/><W114/><G1/><T2/><D2/><U18/><E24/><V11/><F11/><W82/><G35/><N who="0" m="20943" /><D60/><N who="2" m="23114" /><F64/><W47/><G113/><T120/><D120/><U36/><E36/><V97/><F97/><W107/><G114/><T8/><D8/><U0/><E0/><V80/><F26/><W46/><G39/><T84/><D72/><U88/><E99/><V51/><F109/><W9/><G33/><T94/><AGARI ba="0,0" hai="68,69,83,84,90,94,98,100" m="20943,49769" machi="94" ten="30,1500,0" yaku="19,1" doraHai="56" who="0" fromWho="0" sc="284,15,259,-5,239,-5,218,-5" /><INIT seed="4,1,0,4,5,133" ten="299,254,234,213" oya="0" hai0="128,42,20,80,102,44,60,46,113,67,66,114,51" hai1="16,9,124,40,57,47,31,90,17,107,112,77,1" hai2="50,6,45,54,94,61,37,18,127,72,39,33,119" hai3="5,91,15,12,86,4,55,99,23,13,123,125,21"/><T36/><D128/><U81/><E107/><V25/><F72/><W105/><G123/><T48/><D102/><U65/><E31/><V38/><F119/><W111/><G111/><T69/><D20/><N who="3" m="7753" /><G105/><T103/><D103/><U2/><E112/><N who="0" m="43113" /><D67/><U70/><E70/><V58/><F6/><W68/><G68/><T115/><D115/><U34/><E34/><V132/><F132/><W8/><G99/><T3/><D3/><U134/><E90/><V7/><F7/><W130/><G130/><T104/><D104/><U14/><E17/><V126/><F18/><W41/><G41/><N who="0" m="24591" /><D80/><U27/><E1/><V0/><F0/><W129/><G129/><T120/><D120/><U75/><E134/><V19/><F94/><N who="3" m="54647" /><G125/><N who="2" m="47625" /><F33/><W92/><G92/><T100/><D100/><U82/><E124/><V109/><F109/><W101/><G101/><T116/><D116/><U131/><E131/><V78/><F25/><W96/><G96/><T93/><D93/><U135/><E135/><V24/><F24/><W97/><G97/><T30/><D30/><U49/><E27/><V83/><F39/><AGARI ba="1,0" hai="36,39,42,46,51,60,66,69" m="24591,43113" machi="39" ten="30,5800,0" yaku="15,1,34,2" doraHai="133" who="0" fromWho="2" sc="299,61,254,0,234,-61,213,0" owari="360,46.0,254,5.4,173,-32.7,213,-18.7" /></mjloggm>