<mjloggm ver="2.3"><GO type="225" lobby="0"/><UN n0="%E9%80%9F%E6%B0%B4%E5%87%9B%E9%A6%99" n1="%45%6C%79%73%69%75%6D" n2="%73%6C%69%63%6B%33%31%39" n3="%E3%81%B7%E3%82%8A%E3%82%93%E8%81%96%E4%BA%BA" dan="16,17,16,16" rate="2061.93,2155.96,2191.49,2155.02" sx="F,F,M,M"/><TAIKYOKU oya="0"/><INIT seed="0,0,0,0,1,106" ten="250,250,250,250" oya="0" hai0="44,110,40,125,96,116,105,53,79,56,27,55,97" hai1="7,36,35,60,52,92,59,76,29,33,130,93,54" hai2="19,90,1,32,21,64,100,18,68,62,74,122,45" hai3="99,129,117,30,6,3,91,134,70,15,28,47,120"/><T111/><D116/><U8/><E36/><V131/><F122/><W104/><G70/><T63/><D105/><U85/><E130/><V132/><F32/><W65/><G65/><T95/><D125/><U75/><E29/><V50/><F1/><W83/><G3/><T73/><D27/><U23/><E23/><V57/><F132/><W133/><G47/><T48/><D53/><U77/><E54/><V51/><F100/><W112/><G15/><T5/><D5/><U81/><E92/><V41/><F131/><W123/><G6/><T115/><D115/><U87/><E87/><V98/><F74/><W88/><G104/><T135/><D135/><N who="3" m="51721" /><G30/><T121/><D121/><N who="3" m="46665" /><G28/><T82/><REACH who="0" step="1"/><D95/><REACH who="0" ten="240,250,250,250" step="2"/><U108/><E93/><V126/><F126/><W107/><G117/><T4/><D4/><U9/><E7/><V71/><F18/><W49/><G112/><T22/><D22/><U42/><E33/><V101/><F19/><W24/><G24/><T109/><AGARI ba="0,1" hai="40,44,48,55,56,63,73,79,82,96,97,109,110,111" machi="109" ten="30,12000,1" yaku="1,1,0,1,14,1,10,1,52,1,53,0" doraHai="106" doraHaiUra="119" who="0" fromWho="0" sc="240,130,250,-40,250,-40,250,-40" /><INIT seed="0,1,0,3,5,60" ten="370,210,210,210" oya="0" hai0="35,90,103,68,133,102,126,61,65,121,11,89,134" hai1="40,31,132,64,8,2,100,6,85,82,74,106,22" hai2="129,57,122,93,109,110,73,125,37,19,124,58,119" hai3="39,81,48,105,5,28,13,16,113,17,92,50,3"/><T14/><D121/><U69/><E132/><N who="0" m="50793" /><D35/><U91/><E40/><V77/><F93/><W127/><G105/><T128/><D128/><U59/><E69/><V18/><F77/><W120/><G39/><T54/><D54/><U123/><E123/><V23/><F122/><W80/><G120/><T9/><D9/><U130/><E130/><V34/><F34/><W97/><G28/><T96/><D126/><N who="2" m="48746" /><F73/><W26/><G3/><T107/><D103/><U79/><E31/><V36/><F23/><W12/><G5/><AGARI ba="1,0" hai="5,11,14,61,65,68,89,90,96,102,107" m="50793" machi="5" ten="30,2900,0" yaku="20,1,52,1" doraHai="60" who="0" fromWho="3" sc="370,32,210,0,210,0,210,-32" /><INIT seed="0,2,0,2,5,131" ten="402,210,210,178" oya="0" hai0="63,46,135,91,60,107,97,64,116,40,111,88,70" hai1="7,109,98,79,90,68,132,80,18,100,55,82,115" hai2="15,114,127,22,16,0,9,4,36,120,33,50,84" hai3="99,66,62,39,101,125,81,23,17,85,102,49,26"/><T75/><D116/><U10/><E115/><V106/><F36/><W61/><G39/><T21/><D75/><U52/><E109/><V41/><F106/><W5/><G5/><T24/><D63/><U42/><E68/><V48/><F114/><W30/><G61/><T51/><D111/><U87/><E42/><V133/><F120/><W28/><G49/><T110/><D110/><U57/><E18/><V37/><F127/><W94/><G101/><T13/><D13/><U119/><E119/><V104/><F104/><W58/><REACH who="3" step="1"/><G125/><REACH who="3" ten="402,210,210,168" step="2"/><T20/><D60/><U86/><E57/><V83/><F48/><W45/><G45/><T25/><D46/><U134/><E55/><V129/><F50/><W35/><G35/><T89/><D51/><U27/><E52/><V19/><F33/><W6/><G6/><T71/><D40/><U76/><E7/><V124/><F124/><W2/><G2/><T95/><D64/><U118/><E118/><V73/><F41/><W126/><G126/><T92/><D107/><U78/><E100/><V34/><F34/><W72/><G72/><T29/><D91/><AGARI ba="2,1" hai="17,23,26,28,30,58,62,66,81,85,91,94,99,102" machi="91" ten="30,3900,0" yaku="1,1,7,1,8,1,53,0" doraHai="131" doraHaiUra="121" who="3" fromWho="0" sc="402,-45,210,0,210,0,168,55" /><INIT seed="1,0,0,2,2,56" ten="357,210,210,223" oya="1" hai0="107,93,98,84,76,132,110,60,21,30,55,17,73" hai1="49,86,45,10,118,97,4,3,133,103,1,122,8" hai2="90,112,67,108,37,89,128,32,111,71,6,99,131" hai3="125,38,22,39,29,53,120,69,80,47,19,126,134"/><U50/><E118/><V0/><F32/><W51/><G29/><T135/><D30/><U124/><E122/><V127/><F37/><W7/><G7/><T13/><D110/><N who="2" m="42026" /><F127/><N who="3" m="48651" /><G120/><T117/><D117/><U123/><E123/><V130/><F112/><W18/><G69/><T5/><D5/><U66/><E8/><N who="2" m="2119" /><F99/><W33/><G33/><T46/><D46/><U27/><E124/><V101/><F101/><W85/><G134/><T115/><D115/><U94/><E133/><V23/><F23/><W129/><G129/><T72/><D107/><U91/><E1/><V42/><F42/><W75/><G75/><T109/><D109/><U36/><E36/><N who="3" m="13866" /><G22/><T92/><D135/><U14/><E3/><V82/><F82/><W119/><G119/><T81/><D132/><U104/><E4/><V65/><F71/><W95/><G95/><T105/><D93/><U16/><E104/><V68/><F68/><W96/><G96/><T58/><D105/><U64/><E97/><V24/><F24/><W20/><G20/><T43/><D43/><N who="1" m="24767" /><E27/><V63/><F65/><N who="1" m="25193" /><E103/><AGARI ba="0,0" hai="13,17,21,55,58,60,72,73,76,81,84,92,98,103" machi="103" ten="30,2000,0" yaku="7,1,52,1" doraHai="56" who="0" fromWho="1" sc="357,20,210,-20,210,0,223,0" /><INIT seed="2,0,0,4,4,46" ten="377,190,210,223" oya="2" hai0="103,52,83,106,131,32,111,16,89,108,77,94,96" hai1="10,90,119,124,3,25,40,129,82,58,30,86,13" hai2="1,59,14,26,74,70,42,23,120,48,134,91,5" hai3="11,24,38,102,135,127,128,47,64,125,107,44,55"/><V130/><F120/><W66/><G107/><T39/><D32/><U78/><E119/><V85/><F70/><W49/><G102/><T53/><D39/><U115/><E115/><V21/><F74/><W80/><G80/><T27/><D131/><U110/><E129/><V75/><F75/><W81/><G81/><T36/><D36/><U33/><E110/><N who="0" m="42025" /><D83/><U105/><E105/><V4/><F1/><W116/><G128/><T57/><D77/><U63/><E124/><N who="3" m="47690" /><G24/><T71/><D71/><U29/><E29/><N who="2" m="17615" /><F134/><W12/><G116/><T43/><D43/><U37/><E3/><V28/><F28/><W95/><G95/><T7/><D7/><U22/><E33/><V113/><F113/><W76/><G76/><T69/><D69/><U98/><E37/><V72/><F72/><W2/><G2/><T35/><D35/><U6/><E40/><V20/><F42/><N who="3" m="22615" /><G135/><T123/><D123/><U0/><E0/><V87/><F130/><W93/><G93/><T34/><D34/><U88/><E98/><V112/><F112/><W50/><G12/><T31/><D31/><U117/><E117/><V18/><F4/><W79/><G11/><T73/><D73/><U109/><E109/><V62/><F5/><W56/><G79/><T19/><D27/><U51/><E51/><V67/><F48/><W54/><AGARI ba="0,0" hai="47,49,50,54,55,56,64,66" m="22615,47690" machi="54" ten="30,8000,1" yaku="18,1,34,2,52,2" doraHai="46" who="3" fromWho="3" sc="377,-20,190,-20,210,-40,223,80" /><INIT seed="3,0,0,5,5,103" ten="357,170,170,303" oya="3" hai0="68,14,123,131,90,92,101,66,94,13,108,82,30" hai1="132,21,16,127,79,6,75,47,62,3,88,115,15" hai2="106,113,70,22,43,56,65,44,33,116,125,34,76" hai3="89,50,7,128,1,120,52,95,72,130,122,102,78"/><W28/><G28/><T74/><D123/><U9/><E115/><V24/><F116/><W105/><G7/><T57/><D68/><U61/><E132/><V83/><F113/><W133/><G1/><T29/><D74/><U45/><E127/><V86/><F106/><W134/><G72/><T91/><D108/><U18/><E45/><V114/><F114/><W4/><G78/><T118/><D82/><N who="1" m="45439" /><E18/><V126/><F70/><W98/><G4/><T87/><D101/><U80/><E88/><V41/><F56/><W17/><G17/><T135/><D131/><N who="3" m="50217" /><G52/><T12/><D118/><U19/><E80/><V55/><F55/><W85/><G50/><T81/><D135/><AGARI ba="0,0" hai="85,89,95,98,102,105,120,122,133,134,135" m="50217" machi="135" ten="30,12000,1" yaku="20,1,19,1,34,2,52,1" doraHai="103" who="3" fromWho="0" sc="357,-120,170,0,170,0,303,120" owari="237,3.7,170,-23.0,170,-33.0,423,52.3" /></mjloggm>