<mjloggm ver="2.3"><GO type="225" lobby="0"/><UN n0="%E3%83%97%E3%83%AC%E3%83%B4%E3%82%A1%E3%83%86%E3%82%A3" n1="%E3%82%B2%E3%82%B9%E8%8C%82%E5%8B%9D" n2="%E3%81%B5%E3%81%98%E3%81%8B%E3%81%A4" n3="%77%72%77%72%77%72%77%72" dan="16,16,16,16" rate="2091.00,2129.49,2132.14,2225.04" sx="F,F,M,M"/><TAIKYOKU oya="0"/><INIT seed="0,0,0,1,5,62" ten="250,250,250,250" oya="0" hai0="77,113,48,80,25,112,26,135,71,86,55,8,133" hai1="6,63,87,132,49,126,130,123,93,114,128,74,121" hai2="65,5,89,115,92,20,88,107,32,52,21,12,104" hai3="69,118,50,13,101,35,3,36,81,116,41,68,94"/><T96/><D71/><U134/><E6/><V125/><F115/><W15/><G3/><T54/><D8/><U67/><E74/><V90/><F32/><W70/><G36/><T76/><D96/><U17/><E17/><V131/><F131/><N who="1" m="50217" /><E114/><V7/><F125/><W18/><G35/><T110/><D48/><U83/><E93/><V98/><F65/><W72/><G41/><T61/><D61/><U47/><E87/><V24/><F107/><W29/><G29/><T99/><D99/><U19/><E19/><N who="2" m="10343" /><F104/><W0/><G0/><T4/><D86/><U102/><E83/><V10/><F52/><W59/><G72/><T2/><D2/><U42/><E102/><N who="2" m="60743" /><F10/><W33/><G33/><T23/><D23/><U97/><E97/><V9/><F9/><W120/><G120/><N who="1" m="46154" /><E126/><V129/><F129/><W105/><G105/><T109/><REACH who="0" step="1"/><D80/><REACH who="0" ten="240,250,250,250" step="2"/><U16/><E16/><AGARI ba="0,1" hai="5,7,16,21,24,88,89,90" m="60743,10343" machi="16" ten="30,3900,0" yaku="8,1,54,2" doraHai="62" who="2" fromWho="1" sc="240,0,250,-39,250,49,250,0" /><INIT seed="1,0,0,4,1,39" ten="240,211,299,250" oya="1" hai0="57,16,45,111,33,28,35,94,19,85,82,42,121" hai1="129,117,83,11,128,93,43,98,18,89,90,2,13" hai2="4,75,51,17,135,95,36,127,60,131,69,107,52" hai3="8,31,109,0,123,119,34,22,104,7,53,74,96"/><U41/><E2/><V70/><F107/><W100/><G123/><T12/><D121/><U67/><E117/><V132/><F75/><W64/><G119/><T68/><D68/><U48/><E67/><V105/><F105/><W56/><G109/><T110/><D94/><U78/><E89/><V71/><F4/><W88/><G74/><T30/><D57/><U118/><E118/><V92/><F36/><W72/><G72/><T73/><D73/><N who="1" m="43471" /><E48/><V125/><F60/><W21/><G64/><T61/><D61/><U114/><E114/><V29/><F17/><W38/><G38/><T91/><D19/><U54/><E54/><V87/><F29/><W101/><G101/><T37/><D30/><U122/><E122/><V130/><F87/><W120/><G120/><T26/><REACH who="0" step="1"/><D35/><REACH who="0" ten="230,211,299,250" step="2"/><U32/><E32/><V116/><F92/><W58/><G58/><T65/><D65/><U24/><E24/><V106/><F95/><W97/><G31/><T77/><D77/><U14/><E14/><V76/><F76/><W5/><G34/><T124/><D124/><N who="2" m="47690" /><F106/><W103/><G7/><T6/><D6/><U23/><E23/><AGARI ba="0,1" hai="12,16,23,26,28,33,37,42,45,82,85,91,110,111" machi="23" ten="40,5200,0" yaku="1,1,52,1,54,1,53,0" doraHai="39" doraHaiUra="49" who="0" fromWho="1" sc="230,62,211,-52,299,0,250,0" /><INIT seed="2,0,0,2,1,61" ten="292,159,299,250" oya="2" hai0="89,42,129,99,127,39,108,110,25,44,6,24,37" hai1="16,4,86,78,1,84,72,45,113,11,0,34,8" hai2="46,19,96,120,134,133,57,30,70,107,60,102,15" hai3="83,73,12,56,91,59,130,27,22,104,48,55,132"/><V101/><F120/><W114/><G104/><T79/><D79/><U14/><E113/><V119/><F119/><W85/><G114/><T50/><D129/><U62/><E34/><V43/><F30/><W123/><G123/><T21/><D127/><U71/><E0/><V9/><F70/><W135/><G130/><T81/><D6/><U13/><E13/><V76/><F76/><W124/><G124/><T65/><D25/><U41/><E62/><V106/><F102/><W97/><G73/><T67/><D81/><U28/><E28/><V23/><F9/><W47/><G97/><T36/><D99/><U118/><E71/><V105/><F133/><N who="3" m="51275" /><G12/><T111/><D89/><U17/><E17/><AGARI ba="0,0" hai="17,22,27,47,48,55,56,59,83,85,91" m="51275" machi="17" ten="30,1000,0" yaku="20,1" doraHai="61" who="3" fromWho="1" sc="292,0,159,-10,299,0,250,10" /><AGARI ba="0,0" hai="17,21,24,36,37,39,42,44,50,65,67,108,110,111" machi="17" ten="50,6400,0" yaku="14,1,52,2" doraHai="61" who="0" fromWho="1" sc="292,64,149,-64,299,0,260,0" /><INIT seed="3,0,0,3,2,109" ten="356,85,299,260" oya="3" hai0="71,75,3,100,65,36,31,44,17,124,84,59,62" hai1="108,12,33,26,91,49,8,50,88,18,89,22,23" hai2="70,19,57,51,118,5,38,2,94,64,102,86,115" hai3="114,45,4,95,39,121,6,98,29,103,40,27,7"/><W101/><G121/><T52/><D75/><U97/><E108/><V24/><F115/><W120/><G120/><T15/><D3/><U78/><E33/><V25/><F118/><W34/><REACH who="3" step="1"/><G101/><REACH who="3" ten="356,85,299,250" step="2"/><T53/><D100/><U68/><E68/><V87/><F102/><W0/><G0/><T13/><D124/><U72/><E72/><V41/><F2/><W122/><G122/><T35/><D71/><U107/><E78/><V10/><F70/><W46/><G46/><T43/><D35/><U77/><E77/><V79/><F79/><W133/><G133/><T125/><D125/><U76/><E76/><V104/><F104/><W112/><AGARI ba="0,1" hai="4,6,7,27,29,34,39,40,45,95,98,103,112,114" machi="112" ten="30,12000,1" yaku="1,1,0,1,52,2,53,1" doraHai="109" doraHaiUra="21" who="3" fromWho="3" sc="356,-40,85,-40,299,-40,250,130" owari="316,11.6,45,-45.5,259,-14.1,380,48.0" /></mjloggm>