<mjloggm ver="2.3"><GO type="225" lobby="0"/><UN n0="%E3%82%BC%E3%83%AB%E3%83%80%E3%81%AE%E4%BC%9D%E8%AA%AC" n1="%33%74%72%65%65" n2="%E3%82%A2%E3%83%BC%E3%83%A2%E3%83%AD%E3%83%BC%E3%83%B4%E3%82%A1" n3="%E5%A4%9C%E5%85%89%E5%A4%A9%E6%A5%BC" dan="17,16,16,17" rate="2231.76,2209.88,2098.38,2184.09" sx="M,F,M,M"/><TAIKYOKU oya="0"/><INIT seed="0,0,0,0,5,86" ten="250,250,250,250" oya="0" hai0="95,125,57,58,41,62,44,74,77,102,8,129,97" hai1="115,81,2,113,59,18,99,36,120,84,98,122,112" hai2="45,22,92,11,49,82,70,106,50,30,32,71,65" hai3="54,130,63,94,73,108,27,3,0,80,134,20,14"/><T21/><D125/><U10/><E36/><V40/><F106/><W17/><G108/><T76/><D129/><U25/><E59/><V12/><F32/><W78/><G130/><T24/><D8/><U127/><E127/><V93/><F65/><W103/><G134/><T9/><D9/><U67/><E67/><V104/><F104/><W47/><G103/><T91/><D102/><U132/><E132/><V117/><F117/><W28/><G94/><N who="2" m="36457" /><F70/><W39/><G63/><T16/><D74/><U111/><E111/><V123/><F71/><W31/><G31/><T6/><D6/><N who="1" m="1367" /><E25/><N who="2" m="16695" /><F123/><N who="1" m="47145" /><E18/><N who="2" m="8479" /><F82/><W107/><G107/><T100/><D100/><U23/><E23/><V133/><F133/><W46/><G39/><T124/><D124/><U128/><E128/><V66/><F66/><W48/><REACH who="3" step="1"/><G47/><REACH who="3" ten="250,250,250,240" step="2"/><T83/><D62/><U35/><E35/><AGARI ba="0,1" hai="0,3,14,17,20,27,28,35,46,48,54,73,78,80" machi="35" ten="30,3900,0" yaku="1,1,2,1,7,1,53,0" doraHai="86" doraHaiUra="135" who="3" fromWho="1" sc="250,0,250,-39,250,0,240,49" /><INIT seed="1,0,0,5,5,49" ten="250,211,250,289" oya="1" hai0="10,9,42,54,112,100,92,93,59,68,38,106,81" hai1="115,37,82,16,128,53,86,20,25,133,111,61,4" hai2="0,12,114,122,27,64,58,95,124,116,69,109,18" hai3="70,65,26,130,89,66,103,29,45,15,96,5,94"/><U28/><E115/><V134/><F114/><W99/><G130/><T56/><D112/><U121/><E121/><V108/><F122/><W107/><G70/><T88/><D68/><U127/><E128/><V39/><F116/><W47/><G5/><T90/><D38/><U132/><E37/><V23/><F0/><W32/><G15/><T80/><D42/><U30/><E4/><V60/><F134/><N who="1" m="51817" /><E127/><V62/><F124/><W19/><G19/><T76/><D106/><U123/><E123/><V3/><F3/><W120/><G120/><T101/><D54/><U43/><E43/><V51/><F39/><W67/><AGARI ba="0,0" hai="26,29,32,45,47,65,66,67,89,94,96,99,103,107" machi="67" ten="30,1100,0" yaku="0,1" doraHai="49" who="3" fromWho="3" sc="250,-3,211,-5,250,-3,289,11" /><INIT seed="2,0,0,0,1,11" ten="247,206,247,300" oya="2" hai0="26,81,105,2,83,89,82,12,109,111,5,52,93" hai1="58,20,37,107,100,67,115,71,86,87,36,99,14" hai2="131,6,25,101,113,57,119,34,35,32,28,103,23" hai3="18,31,126,29,41,88,130,22,77,73,121,24,53"/><V48/><F113/><W135/><G121/><T125/><D105/><U117/><E117/><V45/><F119/><W7/><G130/><T122/><D122/><U110/><E115/><V27/><F131/><W42/><G77/><T85/><D125/><U62/><E110/><N who="0" m="41993" /><D26/><U132/><E132/><V13/><F57/><W124/><G73/><T128/><D128/><U68/><E86/><V1/><F1/><W10/><G53/><T65/><D65/><U70/><REACH who="1" step="1"/><E87/><REACH who="1" ten="247,196,247,300" step="2"/><V30/><F32/><W134/><G134/><T38/><D85/><U33/><E33/><V60/><F60/><W106/><G135/><T98/><D83/><U50/><E50/><V123/><F123/><W97/><G126/><T0/><D82/><U79/><E79/><V44/><F48/><W55/><G124/><T54/><D81/><U96/><E96/><V51/><F51/><W15/><G97/><T61/><D38/><U90/><E90/><V43/><F35/><W17/><G88/><T116/><D116/><U19/><AGARI ba="0,1" hai="14,19,20,36,37,58,62,67,68,70,71,99,100,107" machi="19" ten="40,5200,0" yaku="1,1,0,1,52,1,53,0" doraHai="11" doraHaiUra="91" who="1" fromWho="1" sc="247,-13,196,62,247,-26,300,-13" /><INIT seed="3,0,0,2,2,84" ten="234,258,221,287" oya="3" hai0="73,56,24,95,35,11,125,13,96,29,135,126,86" hai1="106,81,3,8,45,57,78,62,74,121,17,54,34" hai2="50,117,66,130,83,12,18,59,107,102,98,128,23" hai3="33,2,0,28,41,25,132,129,111,112,47,97,71"/><W93/><G112/><T105/><D73/><U119/><E121/><V88/><F117/><W80/><G71/><T90/><D135/><U38/><E106/><V40/><F40/><W6/><G132/><T101/><REACH who="0" step="1"/><D56/><REACH who="0" ten="224,258,221,287" step="2"/><U134/><E134/><V108/><F108/><W85/><G111/><T113/><D113/><U65/><E57/><V27/><F27/><W61/><G25/><T91/><D91/><U53/><E74/><V48/><F66/><W104/><G129/><N who="2" m="49769" /><F59/><W52/><G61/><T19/><AGARI ba="0,1" hai="11,13,19,24,29,35,86,90,95,96,101,105,125,126" machi="19" ten="30,4000,0" yaku="1,1,0,1,52,1,53,0" doraHai="84" doraHaiUra="109" who="0" fromWho="0" sc="224,50,258,-10,221,-10,287,-20" /><INIT seed="4,0,0,5,2,13" ten="274,248,211,267" oya="0" hai0="84,69,50,70,97,118,58,99,33,67,122,61,106" hai1="38,131,86,92,32,44,62,47,46,77,29,7,80" hai2="60,111,103,24,10,98,101,90,16,11,134,36,120" hai3="27,49,76,31,126,0,88,81,59,6,73,21,94"/><T65/><D118/><U17/><E131/><V78/><F120/><W102/><G126/><T135/><D122/><U100/><E7/><V130/><F111/><W12/><G0/><T117/><D117/><U119/><E119/><V75/><F36/><W114/><G114/><T85/><D33/><U42/><E29/><V113/><F130/><W129/><G129/><T83/><D135/><U22/><E32/><V1/><F113/><W8/><G102/><N who="2" m="38921" /><F75/><W89/><G94/><T51/><D58/><U124/><E124/><V25/><F1/><W95/><G95/><T14/><D14/><U93/><E62/><V132/><F78/><W91/><G59/><T35/><D35/><U5/><E5/><V9/><F60/><W105/><REACH who="3" step="1"/><G49/><REACH who="3" ten="274,248,211,257" step="2"/><T66/><D51/><N who="1" m="27031" /><E93/><N who="2" m="56631" /><F134/><W68/><G68/><T96/><D70/><U3/><E3/><V57/><F57/><W41/><G41/><T72/><D69/><U127/><E127/><V18/><F132/><W87/><G87/><T4/><D85/><U125/><E125/><V43/><F43/><W28/><G28/><T34/><D84/><U39/><E39/><V104/><F104/><AGARI ba="0,1" hai="6,8,12,21,27,31,73,76,81,88,89,91,104,105" machi="104" ten="40,2600,0" yaku="1,1,54,1,53,0" doraHai="13" doraHaiUra="128" who="3" fromWho="2" sc="274,0,248,0,211,-26,257,36" /><INIT seed="5,0,0,2,2,52" ten="274,248,185,293" oya="1" hai0="6,81,12,49,107,74,71,80,73,47,100,13,92" hai1="102,64,99,88,104,44,33,41,78,28,11,106,10" hai2="95,111,61,32,19,122,8,116,2,76,46,55,119" hai3="25,96,109,89,45,5,84,0,22,57,114,40,60"/><U38/><E106/><V51/><F122/><W9/><G114/><T127/><D71/><U117/><E117/><V113/><F111/><W20/><G109/><T4/><D107/><U30/><E78/><V83/><F113/><W67/><G96/><T35/><D35/><U108/><E108/><V125/><F125/><W66/><G25/><T17/><D127/><U101/><E101/><V123/><F123/><W120/><G67/><T75/><D92/><U103/><E103/><V105/><F105/><W115/><G115/><T87/><D100/><U53/><E64/><V118/><F32/><W56/><G56/><T134/><D134/><U39/><E39/><V7/><F95/><W62/><G62/><T21/><D13/><U59/><E88/><V86/><F19/><W94/><G120/><T110/><D110/><U128/><E128/><V48/><F61/><W34/><G34/><T69/><D69/><U91/><E91/><V43/><REACH who="2" step="1"/><F119/><REACH who="2" ten="274,248,175,293" step="2"/><W133/><G133/><T1/><D17/><U27/><E30/><V77/><F77/><W121/><G121/><T90/><D81/><U132/><E132/><V79/><F79/><W16/><G16/><T42/><D80/><U131/><E131/><V68/><F68/><W58/><G60/><AGARI ba="0,1" hai="10,11,27,28,33,38,41,44,53,59,60,99,102,104" machi="60" ten="30,2900,0" yaku="7,1,52,1" doraHai="52" who="1" fromWho="3" sc="274,0,248,39,175,0,293,-29" /><INIT seed="5,1,0,2,1,7" ten="274,287,175,264" oya="1" hai0="81,125,99,64,105,91,3,28,61,130,47,56,52" hai1="20,14,21,111,31,90,5,65,74,10,22,100,73" hai2="4,102,25,134,97,88,114,122,121,50,119,19,13" hai3="123,129,95,109,71,72,113,104,27,101,29,37,55"/><U118/><E118/><V11/><F119/><W117/><RYUUKYOKU type="yao9" ba="1,0" sc="274,0,287,0,175,0,264,0" hai3="27,29,37,55,71,72,95,101,104,109,113,117,123,129" /><INIT seed="5,2,0,4,5,94" ten="274,287,175,264" oya="1" hai0="89,41,109,104,68,119,53,13,34,54,50,48,6" hai1="84,122,85,88,22,135,19,133,74,123,83,39,99" hai2="92,105,125,95,31,100,108,28,5,4,62,82,51" hai3="69,18,16,0,2,114,11,79,120,113,37,90,86"/><U43/><E74/><V67/><F108/><W106/><G120/><T76/><D34/><U72/><E72/><V30/><F125/><W66/><G37/><T121/><D119/><U27/><E99/><N who="2" m="59519" /><F105/><W93/><G79/><T81/><D109/><U36/><E84/><V21/><F82/><W118/><G106/><T12/><D68/><U8/><E8/><V70/><F70/><W87/><G118/><T24/><D104/><U1/><E1/><N who="3" m="618" /><G11/><T111/><D89/><U65/><E65/><V91/><F51/><W52/><G87/><T127/><D127/><U77/><E77/><V55/><F67/><W59/><G69/><T103/><D103/><U23/><E39/><V130/><F21/><W46/><G46/><T124/><D124/><U98/><E23/><V57/><F130/><W73/><G66/><T29/><D111/><U17/><E123/><V49/><F49/><N who="3" m="31119" /><G73/><T25/><D121/><U61/><E122/><V71/><F71/><W60/><G60/><T110/><D110/><U26/><E61/><V45/><F45/><W129/><G129/><T101/><D48/><U75/><E75/><V56/><F56/><W35/><G35/><T132/><D50/><U64/><E64/><V58/><F58/><W134/><G134/><T63/><D132/><U33/><E33/><V38/><F38/><W42/><G42/><T20/><D41/><U117/><E43/><V44/><F44/><W15/><G15/><T131/><D131/><U40/><E40/><V107/><F107/><W32/><G32/><T14/><D63/><U10/><E36/><V78/><F78/><RYUUKYOKU ba="2,0" sc="274,-15,287,-15,175,15,264,15" hai2="4,5,28,30,31,55,57,62,91,92" hai3="16,18,86,90,93,113,114" /><INIT seed="6,3,0,3,5,65" ten="259,272,190,279" oya="2" hai0="47,121,28,57,18,122,15,63,128,101,30,32,67" hai1="44,117,114,39,134,81,50,25,54,120,125,38,104" hai2="69,105,106,96,40,48,5,31,2,78,82,126,103" hai3="123,119,108,131,91,73,130,76,94,19,97,66,92"/><V11/><F126/><W60/><G119/><T20/><D128/><N who="3" m="49193" /><G108/><T43/><D101/><U12/><E117/><V22/><F69/><N who="3" m="42183" /><G123/><T133/><D133/><U13/><E134/><V24/><F48/><W100/><G19/><T79/><D79/><U33/><E50/><V93/><REACH who="2" step="1"/><F40/><REACH who="2" ten="259,272,180,279" step="2"/><W1/><G1/><T27/><REACH who="0" step="1"/><D30/><REACH who="0" ten="249,272,180,279" step="2"/><U10/><E125/><V127/><F127/><W6/><G100/><T46/><D46/><U36/><E44/><V16/><F16/><W111/><G111/><T132/><D132/><U55/><E38/><AGARI ba="3,2" hai="15,18,20,27,28,32,38,43,47,57,63,67,121,122" machi="38" ten="30,3900,0" yaku="1,1,7,1,53,1" doraHai="65" doraHaiUra="58" who="0" fromWho="1" sc="249,68,272,-48,180,0,279,0" owari="317,41.7,224,-17.6,180,-32.0,279,7.9" /></mjloggm>