<mjloggm ver="2.3"><GO type="225" lobby="0"/><UN n0="%E3%83%AD%E3%83%83%E3%83%86%E9%9B%80%E7%90%83" n1="%48%61%61%61%6C%61%6E%64" n2="%E3%83%B4%E3%83%A0%EF%BC%99%E3%81%A6" n3="%4C%4F%4C%49%54%41" dan="16,18,16,16" rate="2166.27,2210.98,2098.01,2195.61" sx="M,M,M,F"/><TAIKYOKU oya="0"/><INIT seed="0,0,0,4,1,128" ten="250,250,250,250" oya="0" hai0="37,102,130,25,100,20,14,69,109,132,19,31,126" hai1="17,121,15,72,120,125,33,110,115,83,111,101,74" hai2="61,49,71,117,85,6,103,104,90,68,97,113,91" hai3="92,86,50,42,81,29,23,44,96,36,32,63,105"/><T13/><D37/><U64/><E33/><V3/><F113/><W116/><G116/><T127/><D130/><U129/><E129/><V99/><F117/><W89/><G32/><T40/><D40/><U8/><E115/><V41/><F3/><W82/><G36/><T59/><D69/><U124/><E64/><V5/><F97/><W65/><G105/><T78/><D78/><N who="1" m="44487" /><E101/><N who="0" m="39017" /><D59/><U55/><E55/><V66/><F71/><W108/><G108/><N who="1" m="41514" /><E74/><V88/><REACH who="2" step="1"/><F85/><REACH who="2" ten="250,250,240,250" step="2"/><W9/><G86/><T0/><D0/><U87/><E87/><V134/><F134/><W51/><G96/><T10/><D109/><U76/><E76/><V38/><F38/><W107/><G107/><T131/><D131/><U53/><E121/><V12/><F12/><W4/><G82/><T35/><D14/><U30/><E120/><V123/><F123/><W45/><G81/><T133/><D10/><U122/><E122/><V52/><F52/><W22/><G9/><T56/><D56/><U16/><E53/><V57/><F57/><W54/><G54/><T119/><D119/><U94/><E15/><V70/><F70/><W34/><G65/><T11/><D11/><U58/><E8/><V80/><F80/><W27/><G63/><T62/><D62/><U39/><E39/><V112/><F112/><W24/><G4/><T21/><D35/><U135/><E58/><V1/><F1/><W60/><G60/><T26/><D13/><U67/><E67/><V98/><F98/><N who="3" m="57615" /><G27/><T79/><D79/><U73/><E73/><V75/><F75/><W28/><G24/><T18/><D18/><RYUUKYOKU ba="0,1" sc="250,15,250,-15,240,15,250,-15" hai0="19,20,21,25,26,31,126,127,132,133" hai2="5,6,41,49,61,66,68,88,90,91,99,103,104" /><INIT seed="0,1,1,4,0,60" ten="265,235,255,235" oya="0" hai0="11,35,130,77,7,108,17,30,107,4,9,98,128" hai1="74,134,127,71,63,80,53,61,111,81,37,103,102" hai2="115,110,46,10,78,100,49,12,48,124,1,84,29" hai3="121,3,38,19,56,42,76,72,65,126,21,69,70"/><T82/><D107/><U13/><E37/><V135/><F115/><W89/><G3/><T22/><D98/><U40/><E40/><V34/><F110/><W105/><G105/><T94/><D94/><U33/><E33/><V5/><F124/><W83/><G126/><T54/><D108/><U2/><E2/><V131/><F131/><N who="0" m="50218" /><D54/><U109/><E127/><V64/><F135/><W92/><G121/><T51/><D51/><U47/><E134/><V79/><F100/><W41/><G38/><T114/><D114/><U88/><E102/><V123/><F123/><W68/><G56/><T113/><D113/><U90/><E103/><V104/><F104/><W25/><REACH who="3" step="1"/><G65/><REACH who="3" ten="265,235,255,225" step="2"/><T20/><D4/><U52/><E109/><V57/><F1/><W50/><G50/><T16/><D7/><U18/><E111/><V129/><F129/><W14/><G14/><N who="0" m="9239" /><D30/><U75/><E13/><V73/><F48/><W87/><AGARI ba="1,2" hai="19,21,25,41,42,68,69,70,72,76,83,87,89,92" machi="87" ten="30,2000,0" yaku="1,1,0,1,53,0" doraHai="60" doraHaiUra="27" who="3" fromWho="3" sc="265,-11,235,-6,255,-6,225,43" /><INIT seed="1,0,0,4,5,64" ten="254,229,249,268" oya="1" hai0="121,9,127,130,84,10,24,89,23,135,110,103,129" hai1="97,75,88,32,4,117,17,36,67,115,83,33,91" hai2="71,65,80,81,21,18,113,86,30,50,123,47,60" hai3="72,87,56,27,106,0,104,116,26,99,58,15,79"/><U124/><E115/><V61/><F113/><W31/><G0/><T25/><D110/><U125/><E117/><V2/><F123/><W13/><G72/><T54/><D121/><U82/><E36/><V6/><F30/><W95/><G116/><T76/><D127/><N who="1" m="48715" /><E4/><V34/><F34/><N who="1" m="13417" /><E75/><V3/><F60/><W14/><G106/><T40/><D40/><U120/><E120/><V12/><F6/><W68/><G68/><T134/><D103/><U28/><E28/><V1/><REACH who="2" step="1"/><F86/><REACH who="2" ten="254,229,239,268" step="2"/><W38/><G87/><T5/><D84/><U7/><E7/><V70/><F70/><W48/><G31/><T29/><D29/><U119/><E119/><V118/><F118/><W111/><G111/><T131/><D5/><U122/><E122/><V35/><F35/><W63/><G63/><T69/><D69/><U66/><E17/><V46/><F46/><W105/><G105/><T94/><D130/><U73/><E73/><V102/><F102/><W49/><G104/><T20/><D131/><U107/><E107/><V43/><AGARI ba="0,1" hai="1,2,3,12,18,21,43,47,50,61,65,71,80,81" machi="43" ten="30,4000,0" yaku="1,1,0,1,52,1,53,0" doraHai="64" doraHaiUra="98" who="2" fromWho="2" sc="254,-10,229,-20,239,50,268,-10" /><INIT seed="2,0,0,3,4,125" ten="244,209,289,258" oya="2" hai0="37,124,120,65,45,112,132,62,123,18,50,73,121" hai1="10,5,117,86,33,77,85,53,58,75,48,52,11" hai2="99,70,130,61,111,98,103,93,108,105,22,23,14" hai3="89,131,114,19,20,87,97,59,100,79,31,78,15"/><V102/><F130/><W113/><G131/><T12/><D112/><N who="3" m="43113" /><G31/><T80/><D124/><U36/><E117/><V96/><F96/><W1/><G1/><T2/><D132/><U57/><E36/><V6/><F6/><W129/><G129/><T134/><D37/><U88/><E33/><V51/><F51/><W94/><G59/><T7/><D7/><U35/><E35/><V8/><F8/><W41/><G41/><T110/><D2/><U115/><E115/><V72/><F72/><W25/><G25/><T13/><D110/><N who="2" m="42026" /><F14/><W83/><AGARI ba="0,0" hai="15,19,20,78,79,83,87,89,94,97,100" m="43113" machi="83" ten="30,1100,0" yaku="11,1" doraHai="125" who="3" fromWho="3" sc="244,-3,209,-3,289,-5,258,11" /><INIT seed="3,0,0,1,1,58" ten="241,206,284,269" oya="3" hai0="3,113,15,65,127,83,38,62,29,125,24,85,114" hai1="72,81,123,116,126,67,54,78,25,75,96,129,89" hai2="130,94,47,27,86,100,26,43,77,134,106,57,105" hai3="107,56,45,31,80,46,50,7,98,6,63,40,8"/><W53/><G31/><T71/><D3/><U51/><E123/><V20/><F130/><W111/><G111/><T73/><D38/><U92/><E129/><V42/><F106/><W133/><G133/><T35/><D15/><U102/><E126/><N who="0" m="48137" /><D85/><U0/><E0/><V10/><F105/><W44/><G80/><T74/><D83/><U21/><E67/><V119/><F119/><W90/><G107/><T118/><D118/><U19/><E116/><V4/><F134/><W49/><G49/><T48/><D48/><U2/><E2/><V104/><F104/><W60/><G40/><T82/><D82/><U88/><REACH who="1" step="1"/><E75/><AGARI ba="0,0" hai="24,29,35,62,65,71,73,74,75,113,114" m="48137" machi="75" ten="30,3900,0" yaku="18,1,23,1,52,1" doraHai="58" who="0" fromWho="1" sc="241,39,206,-39,284,0,269,0" /><INIT seed="4,0,0,1,3,25" ten="280,167,284,269" oya="0" hai0="132,47,69,101,108,46,1,54,86,5,44,125,70" hai1="100,6,115,90,124,34,20,67,94,43,107,79,2" hai2="12,131,35,39,126,64,89,66,77,65,84,22,81" hai3="11,37,57,91,135,97,80,56,109,71,51,68,32"/><T63/><D101/><U62/><E34/><V7/><F35/><W128/><G109/><T29/><D29/><U4/><E124/><V98/><F126/><W13/><G37/><T28/><D28/><U96/><E43/><V45/><F131/><W74/><G32/><T36/><D125/><U16/><E79/><V26/><F39/><W48/><G135/><T133/><D36/><U105/><E115/><V104/><F45/><W83/><G74/><T112/><D112/><U93/><E105/><V117/><F117/><W14/><G97/><T113/><D113/><U99/><E2/><V8/><F104/><W123/><G11/><N who="0" m="2479" /><D86/><U42/><E42/><V61/><F98/><W88/><G123/><T118/><D118/><U120/><E107/><V129/><F129/><AGARI ba="0,0" hai="13,14,48,51,56,57,68,71,80,83,88,91,128,129" machi="129" ten="25,3200,0" yaku="22,2,54,1" doraHai="25" who="3" fromWho="2" sc="280,0,167,0,284,-32,269,32" owari="280,8.0,167,-33.3,252,-14.8,301,40.1" /></mjloggm>