<mjloggm ver="2.3"><GO type="225" lobby="0"/><UN n0="%72%69%6F%75%63%68%61%6E" n1="%72%61%6B%33" n2="%E3%83%B4%E3%83%A0%EF%BC%99%E3%81%A6" n3="%33%74%72%65%65" dan="16,16,16,17" rate="2157.69,2172.04,2150.69,2248.95" sx="M,M,M,F"/><TAIKYOKU oya="0"/><INIT seed="0,0,0,2,2,7" ten="250,250,250,250" oya="0" hai0="29,132,84,135,38,63,102,41,33,42,93,118,19" hai1="120,108,121,79,78,12,105,124,113,112,69,97,85" hai2="103,58,125,126,45,89,9,134,34,115,110,130,81" hai3="30,35,28,59,39,116,98,44,31,54,99,46,91"/><T61/><D118/><U114/><E69/><V4/><F115/><W109/><G116/><T101/><D19/><U82/><E12/><V133/><F34/><W8/><G35/><T129/><D129/><U21/><E21/><V17/><F110/><W95/><G109/><T106/><D106/><U131/><E108/><V16/><F103/><N who="0" m="39434" /><D84/><U13/><E13/><N who="2" m="5287" /><F130/><W27/><G27/><N who="0" m="18623" /><D93/><U57/><E57/><V107/><F58/><W111/><G111/><T55/><D55/><U68/><E68/><V3/><F3/><W1/><G99/><T18/><D18/><N who="2" m="7274" /><F45/><W49/><REACH who="3" step="1"/><G39/><REACH who="3" ten="250,250,250,240" step="2"/><T51/><D38/><U25/><E25/><V117/><F117/><W22/><G22/><T56/><D51/><U80/><E131/><V65/><F107/><W2/><G2/><T32/><D32/><U76/><E105/><V0/><F0/><W92/><G92/><T62/><D56/><U127/><E97/><V11/><F11/><W96/><G96/><T119/><D119/><U72/><REACH who="1" step="1"/><E78/><REACH who="1" ten="250,240,250,240" step="2"/><V86/><F65/><W87/><G87/><T83/><D135/><AGARI ba="0,2" hai="81,86,89,125,126,133,134,135" m="7274,5287" machi="135" ten="30,3900,0" yaku="20,1,52,1,54,1" doraHai="7" who="2" fromWho="0" sc="250,-39,240,0,250,59,240,0" /><INIT seed="1,0,0,5,5,59" ten="211,240,309,240" oya="1" hai0="113,50,42,83,29,128,32,55,30,63,114,108,35" hai1="9,57,119,73,98,70,74,118,123,127,129,14,99" hai2="43,38,77,122,88,111,49,28,64,132,39,134,84" hai3="20,0,36,53,81,21,24,133,101,130,37,13,107"/><U126/><E70/><V47/><F122/><W2/><G130/><T72/><D128/><U94/><E14/><V89/><F111/><W52/><G133/><N who="2" m="51305" /><F28/><W23/><G24/><T92/><D108/><U93/><E9/><V78/><F64/><W56/><G13/><T82/><D92/><N who="1" m="35435" /><E57/><V7/><F7/><W121/><G81/><T86/><D72/><N who="1" m="27755" /><E123/><V124/><F124/><N who="1" m="47657" /><E129/><V15/><F15/><W91/><G121/><T106/><D32/><U60/><E60/><V112/><F38/><W4/><G37/><T27/><D30/><U19/><E19/><V76/><F39/><W44/><G36/><T66/><D42/><U34/><E34/><V69/><F69/><W100/><G56/><T115/><D35/><U31/><E31/><V54/><F43/><W45/><G21/><T1/><D1/><U46/><E46/><V105/><F47/><W41/><G41/><T90/><D29/><U96/><AGARI ba="0,0" hai="96,98,99,118,119" m="47657,27755,35435" machi="96" ten="40,12000,1" yaku="28,2,18,1,34,2" doraHai="59" who="1" fromWho="1" sc="211,-40,240,120,309,-40,240,-40" /><INIT seed="1,1,0,2,2,125" ten="171,360,269,200" oya="1" hai0="111,69,78,33,39,12,25,124,127,61,128,121,112" hai1="103,56,66,24,16,54,44,79,32,68,59,26,93" hai2="0,74,37,91,118,84,48,99,3,13,46,115,82" hai3="14,105,129,60,107,65,23,45,77,86,55,80,81"/><U134/><E134/><V102/><F118/><W96/><G96/><T106/><RYUUKYOKU type="yao9" ba="1,0" sc="171,0,360,0,269,0,200,0" hai0="12,25,33,39,61,69,78,106,111,112,121,124,127,128" /><INIT seed="1,2,0,4,5,77" ten="171,360,269,200" oya="1" hai0="123,67,128,117,131,8,106,90,4,85,99,5,107" hai1="95,101,83,87,1,46,84,9,74,115,28,134,72" hai2="7,37,60,118,116,80,119,111,54,98,82,86,127" hai3="42,93,91,79,108,71,113,16,45,59,88,73,129"/><U44/><E28/><V61/><F37/><W68/><G113/><T52/><D117/><U36/><E115/><V12/><F111/><W15/><G108/><T132/><D132/><U110/><E134/><V65/><F127/><W41/><G129/><N who="0" m="49739" /><D123/><U94/><E110/><V57/><F98/><W30/><G30/><T100/><D67/><U122/><E122/><V96/><F96/><W92/><G59/><T0/><D4/><U126/><E126/><V105/><F105/><W22/><G79/><T2/><D106/><U21/><E21/><V97/><F97/><W38/><G73/><T81/><D52/><U17/><E17/><V51/><F61/><W114/><G114/><T70/><D70/><U120/><E120/><V19/><F86/><W125/><G125/><T14/><AGARI ba="2,0" hai="0,2,5,8,14,81,85,90,99,100,107" m="49739" machi="14" ten="30,2000,0" yaku="19,1,52,1" doraHai="77" who="0" fromWho="0" sc="171,26,360,-12,269,-7,200,-7" /><INIT seed="2,0,0,0,2,29" ten="197,348,262,193" oya="2" hai0="18,56,80,34,27,5,91,116,74,96,128,103,70" hai1="30,57,87,19,100,104,0,61,65,115,48,17,108" hai2="14,129,118,59,130,132,86,99,89,20,75,121,71" hai3="22,4,40,63,60,3,124,41,82,9,134,109,119"/><V68/><F118/><W77/><G119/><T98/><D116/><U111/><E115/><V54/><F121/><W120/><G120/><T13/><D70/><U76/><E0/><V28/><F75/><W38/><G109/><N who="1" m="42058" /><E30/><V97/><F132/><W33/><G134/><T90/><D128/><N who="2" m="49258" /><F68/><W85/><G124/><T39/><D39/><U95/><E48/><N who="2" m="31175" /><F71/><W83/><G22/><T112/><D112/><U69/><E69/><V105/><F105/><W50/><G38/><T21/><D56/><U66/><E66/><V10/><F28/><W36/><G36/><T135/><D135/><U24/><E24/><V58/><F58/><W78/><G50/><T37/><D37/><U93/><E104/><V7/><F20/><W131/><G131/><T16/><D5/><U55/><E65/><V107/><F107/><W32/><G60/><T53/><D53/><U25/><E25/><V12/><F14/><W45/><G63/><T123/><D123/><U64/><E64/><V42/><F42/><W31/><G31/><T51/><D51/><U127/><E127/><V84/><F84/><W126/><G126/><T125/><D125/><U81/><E95/><AGARI ba="0,0" hai="7,10,12,86,89,95,97,99" m="31175,49258" machi="95" ten="30,1500,0" yaku="19,1" doraHai="29" who="2" fromWho="1" sc="197,0,348,-15,262,15,193,0" /><INIT seed="2,1,0,0,2,113" ten="197,333,277,193" oya="2" hai0="92,131,8,104,10,70,32,22,116,44,40,35,65" hai1="54,101,36,45,26,16,56,127,47,119,84,80,4" hai2="102,31,96,100,24,15,23,69,75,55,19,68,20" hai3="95,89,51,76,124,114,43,33,79,28,58,37,115"/><V38/><F75/><W106/><G106/><T39/><D104/><U118/><E127/><V117/><F38/><W134/><G37/><T81/><D131/><U74/><E74/><V125/><F125/><W29/><G124/><T88/><D81/><U128/><E128/><V71/><F55/><N who="3" m="32127" /><G43/><T59/><D70/><U85/><E101/><V135/><F135/><W25/><G29/><T77/><D77/><U52/><E4/><V132/><F132/><W99/><G134/><T14/><D116/><U53/><E56/><V11/><F100/><W63/><G63/><T94/><D94/><U86/><E80/><V123/><F123/><W67/><G67/><T82/><D82/><U42/><REACH who="1" step="1"/><E45/><REACH who="1" ten="197,323,277,193" step="2"/><V21/><REACH who="2" step="1"/><F117/><REACH who="2" ten="197,323,267,193" step="2"/><W97/><G115/><T34/><D65/><U49/><E49/><V61/><F61/><W91/><G114/><T130/><D130/><U121/><E121/><V105/><AGARI ba="1,2" hai="11,15,19,20,21,23,24,31,68,69,71,96,102,105" machi="105" ten="30,12000,1" yaku="1,1,0,1,53,3" doraHai="113" doraHaiUra="66" who="2" fromWho="2" sc="197,-41,323,-41,267,143,193,-41" /><INIT seed="2,2,0,4,4,1" ten="156,282,410,152" oya="2" hai0="45,87,116,126,101,122,94,92,68,119,57,4,82" hai1="67,117,123,25,40,8,131,31,36,63,14,74,118" hai2="53,50,22,121,81,33,98,60,111,99,135,3,95" hai3="10,103,90,37,29,73,115,65,21,89,0,12,49"/><V35/><F121/><W24/><G37/><T16/><D122/><U120/><E74/><V66/><F3/><W132/><G132/><T11/><D68/><U70/><E131/><V56/><F135/><W64/><G73/><T129/><D126/><U15/><E15/><V113/><F113/><W100/><G0/><N who="0" m="391" /><D101/><N who="3" m="38985" /><G115/><T6/><D6/><U41/><E123/><V7/><F111/><W61/><G49/><T85/><D87/><U130/><E120/><V62/><F7/><N who="3" m="3167" /><G61/><T72/><D72/><U107/><E107/><V104/><F62/><W47/><G47/><T75/><D75/><U124/><E36/><V91/><F33/><W71/><G71/><T96/><D129/><U46/><E130/><V125/><F35/><W55/><G55/><T13/><D45/><U52/><E124/><V128/><F53/><W78/><G78/><N who="0" m="46295" /><D57/><U59/><E70/><V86/><F56/><W83/><G83/><T26/><D26/><U106/><E106/><V19/><F81/><W88/><AGARI ba="2,0" hai="21,24,29,64,65,88,89,90" m="3167,38985" machi="88" ten="30,4000,0" yaku="8,1,52,1,54,1" doraHai="1" who="3" fromWho="3" sc="156,-12,282,-12,410,-22,152,46" /><INIT seed="3,0,0,0,3,134" ten="144,270,388,198" oya="3" hai0="120,69,131,99,100,47,68,73,96,92,39,45,64" hai1="13,59,11,54,88,112,71,95,19,23,61,80,49" hai2="106,18,98,87,118,82,4,111,63,28,97,16,83" hai3="84,125,94,3,43,38,7,70,1,65,30,29,5"/><W22/><G125/><T133/><D120/><U46/><E112/><V21/><F118/><W124/><G124/><T110/><D110/><U37/><E71/><V109/><F4/><W114/><G114/><T90/><D133/><U25/><E37/><V121/><F121/><W44/><G65/><T103/><D73/><U27/><E23/><V62/><F28/><W115/><G70/><T58/><D131/><U57/><E80/><V32/><F21/><W36/><G22/><T102/><D39/><U129/><E129/><V127/><F127/><W81/><G94/><T105/><D68/><U123/><E123/><V79/><F87/><W76/><G115/><T60/><D69/><U67/><REACH who="1" step="1"/><E59/><REACH who="1" ten="144,260,388,198" step="2"/><V42/><F109/><W14/><G81/><T117/><D117/><U50/><E50/><V126/><F82/><W48/><G48/><T52/><REACH who="0" step="1"/><D64/><REACH who="0" ten="134,260,388,198" step="2"/><U89/><E89/><V0/><F111/><W55/><G38/><T53/><D53/><U66/><E66/><V8/><F126/><W107/><G55/><T122/><D122/><U104/><E104/><V31/><F106/><W74/><G107/><T6/><D6/><U75/><E75/><V41/><F79/><W116/><G74/><T26/><D26/><U51/><E51/><V9/><F41/><W130/><G130/><T20/><D20/><U93/><E93/><V2/><F42/><W24/><G43/><T91/><D91/><U56/><E56/><V85/><F9/><W86/><G7/><T132/><D132/><U12/><E12/><V108/><F8/><W40/><G5/><T72/><D72/><RYUUKYOKU ba="0,2" sc="134,15,260,15,388,-15,198,-15" hai0="45,47,52,58,60,90,92,96,99,100,102,103,105" hai1="11,13,19,25,27,46,49,54,57,61,67,88,95" owari="149,-35.1,275,7.5,393,49.3,183,-21.7" /></mjloggm>