<mjloggm ver="2.3"><GO type="225" lobby="0"/><UN n0="%E3%81%82%E3%81%99%E3%81%AB%E3%82%83%E3%82%80" n1="%69%71%31%38%30%E7%9C%9F%E5%89%A3%E6%A7%98" n2="%E3%81%99%E3%81%84%E3%81%BE%E3%81%9B%E3%83%BC%E3%82%93" n3="%E9%B3%B3%E6%9D%B1%E3%81%AE%E3%81%86%E3%81%95%E3%81%8E%E3%81%95%E3%82%93" dan="16,17,16,17" rate="2172.34,2196.62,2074.25,2280.10" sx="F,M,M,M"/><TAIKYOKU oya="0"/><INIT seed="0,0,0,3,5,3" ten="250,250,250,250" oya="0" hai0="59,90,42,6,34,85,41,35,124,77,86,15,52" hai1="103,120,69,131,45,115,112,28,26,64,122,116,128" hai2="121,0,75,47,44,89,63,80,81,49,97,9,126" hai3="134,50,8,40,108,48,93,78,111,96,57,94,104"/><T61/><D124/><U23/><E103/><V92/><F121/><N who="1" m="46697" /><E45/><V76/><F126/><W67/><G134/><T70/><D70/><U5/><E64/><V107/><F107/><W16/><G104/><T13/><D34/><U2/><E69/><V24/><F81/><W88/><G78/><T39/><D35/><U4/><E116/><V118/><F118/><W65/><G93/><T21/><D39/><U102/><E102/><V72/><F63/><N who="3" m="38127" /><G67/><T68/><D68/><U20/><E23/><V119/><F119/><W36/><G40/><T12/><D21/><U25/><E26/><V113/><F24/><W66/><G66/><T105/><D105/><U135/><E135/><V29/><F75/><W60/><G60/><T83/><REACH who="0" step="1"/><D6/><REACH who="0" ten="240,250,250,250" step="2"/><N who="1" m="2667" /><E2/><V91/><F0/><W82/><G36/><T1/><D1/><U11/><E11/><V101/><F9/><W62/><G8/><T22/><D22/><U87/><E87/><V53/><F72/><W106/><G106/><T17/><D17/><U127/><E127/><V95/><F97/><W54/><G16/><T14/><N who="0" m="3072" /><DORA hai="100" /><T7/><D7/><U99/><E99/><V18/><F18/><W32/><G32/><T114/><D114/><AGARI ba="0,1" hai="20,25,28,112,114,115,128,131" m="2667,46697" machi="114" ten="40,12000,2" yaku="11,1,34,2,52,3" doraHai="3,100" who="1" fromWho="0" sc="240,-120,250,130,250,0,250,0" /><INIT seed="1,0,0,3,3,12" ten="120,380,250,250" oya="1" hai0="70,49,21,75,45,4,32,40,39,57,64,115,59" hai1="126,22,11,83,108,52,119,88,24,72,105,37,130" hai2="63,20,80,16,67,101,117,81,95,94,51,48,6" hai3="42,106,54,99,68,41,79,120,82,7,103,2,44"/><U38/><E119/><V86/><F117/><W92/><G120/><T5/><D75/><U58/><E105/><V125/><F125/><W128/><G128/><T102/><D32/><U87/><E126/><V26/><F6/><W85/><G68/><T36/><D102/><U129/><E72/><V74/><F74/><W13/><G2/><T1/><D1/><U61/><E11/><V112/><F112/><W31/><G31/><T43/><D115/><U15/><E15/><V69/><F81/><W29/><G29/><T10/><D21/><U18/><REACH who="1" step="1"/><E108/><REACH who="1" ten="120,370,250,250" step="2"/><V114/><F114/><W3/><G3/><T9/><D10/><U104/><E104/><V100/><F100/><W65/><G106/><T127/><D9/><U113/><E113/><V89/><F101/><W35/><G13/><T132/><D127/><U110/><E110/><V60/><F60/><W98/><G103/><T122/><D5/><U17/><E17/><V134/><F134/><W33/><G7/><T78/><D4/><U50/><E50/><V55/><F51/><W53/><G33/><T118/><D132/><U96/><E96/><V84/><REACH who="2" step="1"/><F86/><REACH who="2" ten="120,370,240,250" step="2"/><W90/><G85/><T121/><D118/><U76/><E76/><V133/><F133/><W27/><G79/><T73/><D78/><U56/><E56/><AGARI ba="0,2" hai="16,20,26,48,55,56,63,67,69,80,84,89,94,95" machi="56" ten="30,8000,1" yaku="1,1,7,1,52,1,54,1,53,1" doraHai="12" doraHaiUra="23" who="2" fromWho="1" sc="120,0,370,-80,240,100,250,0" /><INIT seed="2,0,0,1,2,69" ten="120,290,340,250" oya="2" hai0="49,21,109,5,96,105,121,22,31,61,16,38,110" hai1="52,41,54,1,29,6,92,46,119,89,134,127,103" hai2="123,84,114,100,128,30,35,131,81,120,9,75,63" hai3="98,67,60,53,34,115,32,12,50,39,93,43,56"/><V125/><F114/><W79/><G115/><T102/><D121/><U2/><E119/><V70/><F125/><W133/><G133/><T95/><D5/><U13/><E127/><V14/><F75/><W80/><G12/><T112/><D112/><U130/><E134/><V36/><F36/><W51/><G51/><T116/><D116/><U113/><E113/><V76/><F100/><W24/><G24/><N who="0" m="16783" /><D49/><U78/><E130/><N who="2" m="49707" /><F30/><W132/><G132/><T3/><D3/><U124/><E124/><V82/><F82/><W47/><G93/><T55/><D95/><U58/><E103/><V7/><F35/><W117/><G98/><T18/><D18/><U73/><E29/><V59/><F70/><N who="3" m="42343" /><G117/><T83/><D83/><N who="1" m="45519" /><E13/><V19/><F19/><W122/><G122/><T11/><D11/><N who="1" m="2511" /><E58/><V97/><F97/><W48/><G48/><T10/><D10/><U108/><E2/><V107/><F107/><W111/><G111/><N who="0" m="42507" /><D61/><U104/><E104/><V86/><F86/><AGARI ba="0,0" hai="32,34,39,43,47,50,53,56,79,80,86" m="42343" machi="86" ten="30,2000,0" yaku="24,1,52,1" doraHai="69" who="3" fromWho="2" sc="120,0,290,0,340,-20,250,20" /><INIT seed="3,0,0,0,2,77" ten="120,290,320,270" oya="3" hai0="28,122,44,129,49,84,33,24,73,60,110,54,2" hai1="59,62,108,34,10,35,87,31,68,17,89,79,19" hai2="83,127,46,101,90,8,107,81,135,3,132,117,63" hai3="103,37,114,119,6,30,115,66,45,97,71,26,128"/><W80/><G119/><T93/><D110/><U111/><E68/><V125/><F117/><W102/><G102/><T121/><D129/><U21/><E79/><V65/><F46/><W40/><G128/><T41/><D73/><U76/><E76/><V13/><F3/><W124/><G6/><T52/><D2/><U118/><E10/><V39/><F39/><W18/><G18/><T14/><D14/><U116/><E17/><N who="2" m="8359" /><F101/><W43/><G43/><T98/><D84/><U74/><E74/><V85/><F83/><W0/><G0/><T11/><D11/><U123/><E123/><V56/><F107/><N who="3" m="63983" /><G80/><T55/><D121/><U4/><E4/><V99/><F99/><W133/><G133/><AGARI ba="0,0" hai="56,63,65,81,85,90,125,127,132,133,135" m="8359" machi="133" ten="30,2000,0" yaku="20,1,52,1" doraHai="77" who="2" fromWho="3" sc="120,0,290,0,320,20,270,-20" owari="120,-38.0,290,9.0,340,44.0,250,-15.0" /></mjloggm>