<mjloggm ver="2.3"><GO type="225" lobby="0"/><UN n0="%E8%91%89%E5%B1%B1%E9%99%BD%E5%92%8C" n1="%E5%AE%AE%E4%BF%9D%E9%B6%8F%E8%82%89" n2="%74%61%6B%65%2D%79%6F%75" n3="%E7%89%B9%E6%9D%B1%E3%81%AF%E4%B8%96%E7%95%8C%E3%82%92%E6%95%91%E3%81%86" dan="16,16,17,16" rate="2120.00,2106.87,2198.78,2169.07" sx="M,M,M,M"/><TAIKYOKU oya="0"/><INIT seed="0,0,0,1,5,131" ten="250,250,250,250" oya="0" hai0="18,63,29,15,125,41,0,135,71,86,69,97,3" hai1="129,54,38,101,123,103,104,113,82,20,23,59,67" hai2="13,60,134,122,65,74,52,127,124,64,79,11,45" hai3="32,53,49,110,87,83,12,78,89,118,42,90,117"/><T26/><D125/><N who="2" m="48202" /><F122/><W126/><G126/><T98/><D41/><U132/><E123/><V94/><F94/><W51/><G32/><T128/><D128/><U68/><E38/><V33/><F33/><W44/><G110/><T109/><D86/><U10/><E129/><V24/><F24/><W21/><G118/><T58/><D109/><U105/><E68/><V92/><F92/><W37/><G37/><T17/><D58/><U121/><E67/><V9/><F134/><W76/><G117/><T4/><D4/><U46/><E46/><V66/><F13/><W36/><G36/><T102/><D135/><U130/><E113/><V19/><F19/><N who="3" m="10471" /><G90/><T50/><D18/><U108/><E108/><V119/><F119/><W120/><G120/><T77/><D26/><U2/><E121/><V62/><F74/><W1/><G1/><T5/><D0/><U95/><E95/><V116/><F116/><W27/><G27/><T14/><D3/><U100/><E132/><V47/><F79/><W70/><G70/><T56/><D77/><U30/><E130/><V114/><F114/><W48/><G48/><T57/><D50/><N who="1" m="31191" /><E82/><V72/><F72/><W85/><G85/><T96/><D71/><U16/><E30/><V39/><F39/><W34/><G34/><T6/><D29/><U106/><E2/><V88/><F88/><W115/><G115/><T112/><D112/><U91/><E91/><V55/><F47/><AGARI ba="0,0" hai="42,44,47,49,51,53,76,78,83,87,89" m="10471" machi="47" ten="30,1000,0" yaku="8,1" doraHai="131" who="3" fromWho="2" sc="250,0,250,0,250,-10,250,10" /><INIT seed="1,0,0,0,3,41" ten="250,250,240,260" oya="1" hai0="118,29,110,21,58,51,62,96,17,111,38,124,22" hai1="75,14,90,35,83,78,30,121,66,97,106,15,39" hai2="48,92,117,85,42,115,12,76,7,103,32,88,31" hai3="19,87,89,102,64,25,2,18,114,63,99,13,131"/><U105/><E121/><V0/><F117/><W46/><G2/><T71/><D118/><U10/><E39/><V127/><F127/><W125/><G114/><T79/><D38/><U60/><E35/><V43/><F115/><W53/><G131/><T9/><D124/><U82/><E30/><V84/><F0/><W73/><G73/><T134/><D134/><U101/><E105/><V55/><F103/><W52/><G25/><T72/><D96/><U23/><E23/><V1/><F1/><W4/><G4/><T8/><D71/><U91/><E83/><N who="2" m="47207" /><F31/><W61/><G19/><T47/><D29/><U100/><E100/><V56/><F32/><W37/><G125/><T68/><D68/><U50/><E50/><V104/><F104/><W40/><G99/><T27/><D22/><U107/><E107/><V5/><F5/><W126/><G102/><T112/><D112/><U44/><E44/><V74/><F74/><W128/><G128/><T24/><D24/><U65/><E15/><V20/><F7/><W28/><G28/><T109/><D79/><U77/><E77/><V80/><F80/><W130/><G130/><T119/><D72/><U11/><E11/><V129/><F129/><W3/><G3/><T70/><D70/><U133/><E133/><V54/><F55/><W108/><G126/><T16/><D119/><U33/><E33/><V57/><F57/><N who="3" m="36911" /><G63/><T95/><D17/><AGARI ba="0,0" hai="12,17,20,42,43,48,54,56,85,88,92" m="47207" machi="17" ten="30,3900,0" yaku="25,1,8,1,54,1" doraHai="41" who="2" fromWho="0" sc="250,-39,250,0,240,39,260,0" /><INIT seed="2,0,0,1,3,24" ten="211,250,279,260" oya="2" hai0="75,109,113,112,27,2,12,50,13,14,10,61,53" hai1="88,108,9,80,5,1,107,106,103,32,102,71,130" hai2="93,36,84,30,41,116,124,44,49,74,43,55,8" hai3="11,133,60,51,68,85,89,125,99,90,15,34,95"/><V73/><F116/><W79/><G34/><T105/><D105/><U3/><E32/><V81/><F124/><W129/><G125/><T16/><D75/><U127/><E71/><V67/><F67/><W29/><G129/><T64/><D109/><U96/><E127/><V114/><F114/><W87/><G133/><T31/><D2/><U98/><E108/><V120/><F120/><W111/><G111/><T122/><D122/><U57/><E130/><V63/><F93/><W33/><G79/><T135/><D135/><U91/><E1/><V65/><F8/><W4/><G51/><T59/><D113/><U42/><E42/><V48/><F41/><W69/><G60/><T123/><D123/><U72/><E57/><V58/><F30/><W77/><G77/><AGARI ba="0,0" hai="3,5,9,72,77,80,88,91,96,98,102,103,106,107" machi="77" ten="40,2600,0" yaku="9,1,54,1" doraHai="24" who="1" fromWho="3" sc="211,0,250,26,279,0,260,-26" /><INIT seed="3,0,0,4,3,75" ten="211,276,279,234" oya="3" hai0="32,9,116,21,13,11,98,103,24,15,64,67,23" hai1="89,35,105,34,92,131,66,117,18,37,76,69,62" hai2="20,84,51,0,6,40,22,68,127,12,109,85,54" hai3="129,122,52,73,81,39,71,60,134,80,7,125,65"/><W113/><G113/><T30/><D116/><U14/><E105/><V112/><F112/><W58/><G122/><T88/><D32/><U86/><E37/><V78/><F109/><W101/><G39/><T97/><D103/><U49/><E131/><V83/><F127/><W133/><G129/><T87/><D23/><U42/><E117/><V38/><F68/><W90/><G125/><T25/><D25/><U44/><REACH who="1" step="1"/><E76/><REACH who="1" ten="211,266,279,234" step="2"/><V56/><F78/><W33/><G133/><T107/><D107/><U126/><E126/><V94/><F38/><W74/><G134/><T121/><D121/><U120/><E120/><V2/><F2/><W1/><G1/><T135/><D135/><U19/><E19/><V115/><F0/><W111/><G111/><T3/><D3/><U110/><E110/><V53/><F115/><W63/><G7/><N who="0" m="3263" /><D98/><U31/><E31/><V96/><F96/><W72/><G72/><T10/><D97/><U29/><E29/><V118/><F118/><W48/><G74/><T91/><D10/><AGARI ba="0,1" hai="10,14,18,34,35,42,44,49,62,66,69,86,89,92" machi="10" ten="30,3900,0" yaku="1,1,7,1,53,1" doraHai="75" doraHaiUra="46" who="1" fromWho="0" sc="211,-39,266,49,279,0,234,0" owari="172,-32.8,315,41.5,279,7.9,234,-16.6" /></mjloggm>