<mjloggm ver="2.3"><GO type="225" lobby="0"/><UN n0="%E2%91%A3%E9%81%BF%E9%81%8A%E6%88%AF%E3%80%90%E6%9D%B1%E5%8D%97%E3%80%91" n1="%E3%81%8A%E3%81%8B%E3%81%8F%E3%82%89" n2="%E3%81%99%E3%81%84%E3%81%BE%E3%81%9B%E3%83%BC%E3%82%93" n3="%E5%B8%86%E7%AB%8B%E5%A4%8F%E8%A1%A3" dan="16,17,16,17" rate="2098.18,2111.17,2165.94,2149.92" sx="M,M,M,M"/><TAIKYOKU oya="0"/><INIT seed="0,0,0,4,1,68" ten="250,250,250,250" oya="0" hai0="27,16,30,24,43,94,70,60,109,108,33,7,66" hai1="67,12,81,2,41,97,128,87,65,116,89,105,83" hai2="86,119,133,78,75,132,59,93,23,106,13,71,40" hai3="69,11,110,20,35,129,34,15,38,0,29,113,73"/><T4/><D94/><U31/><E2/><V56/><F71/><W120/><RYUUKYOKU type="yao9" ba="0,0" sc="250,0,250,0,250,0,250,0" hai3="0,11,15,20,29,34,35,38,69,73,110,113,120,129" /><INIT seed="0,1,0,0,0,82" ten="250,250,250,250" oya="0" hai0="129,30,100,77,55,66,49,88,121,85,45,43,102" hai1="118,119,71,13,53,29,52,38,23,51,18,79,21" hai2="2,106,105,42,83,98,128,120,78,59,44,0,36" hai3="16,65,110,74,32,93,96,126,114,11,12,86,17"/><T124/><D121/><U89/><E38/><V109/><F120/><W6/><G110/><T8/><D124/><U101/><E71/><V81/><F109/><W95/><G126/><T67/><D129/><U20/><E101/><N who="0" m="39017" /><D77/><U47/><E79/><V104/><F128/><W60/><G114/><T1/><D1/><U15/><E53/><V72/><F98/><W10/><G32/><T22/><D43/><U4/><E89/><V94/><F94/><W107/><G74/><T76/><D76/><U14/><E4/><V84/><REACH who="2" step="1"/><F59/><REACH who="2" ten="250,250,240,250" step="2"/><N who="3" m="37023" /><G107/><T35/><D35/><U99/><E99/><V31/><F31/><W62/><G95/><N who="0" m="54671" /><D8/><U125/><E125/><V133/><F133/><W108/><G11/><T116/><D116/><U39/><E29/><V135/><F135/><W69/><G108/><T87/><D87/><U92/><E119/><V34/><F34/><W46/><G96/><T103/><N who="0" m="39025" /><T68/><DORA hai="26" /><D68/><U123/><E118/><V80/><F80/><W97/><G97/><T134/><D134/><U91/><E123/><V7/><F7/><W40/><G69/><T73/><D73/><U64/><E92/><V50/><F50/><N who="3" m="26951" /><G86/><T48/><D49/><U57/><E91/><AGARI ba="1,1" hai="0,2,36,42,44,72,78,81,83,84,91,104,105,106" machi="91" ten="40,2600,0" yaku="1,1,52,1,53,0" doraHai="82,26" doraHaiUra="132,117" who="2" fromWho="1" sc="250,0,250,-29,240,39,250,0" /><INIT seed="1,0,0,4,3,70" ten="250,221,279,250" oya="1" hai0="53,98,63,33,117,93,128,0,88,44,41,75,123" hai1="21,79,95,48,130,47,42,43,132,34,16,85,96" hai2="114,112,13,39,71,134,89,105,35,110,69,106,19" hai3="26,122,78,55,64,116,30,14,51,6,72,4,81"/><U127/><E127/><V12/><F110/><W131/><G122/><T1/><D123/><U56/><E132/><V62/><F35/><W46/><G131/><T36/><D117/><U82/><E34/><V15/><F134/><W107/><G116/><T45/><D128/><U11/><E11/><V108/><F108/><W129/><G129/><T20/><D33/><U101/><E130/><V121/><F121/><W119/><G119/><T7/><D75/><U3/><E3/><V126/><F126/><W118/><G118/><T90/><D7/><U111/><E56/><V97/><F39/><W61/><G107/><N who="2" m="40969" /><F19/><W23/><REACH who="3" step="1"/><G14/><REACH who="3" ten="250,221,279,240" step="2"/><T86/><D1/><U77/><E111/><V67/><F12/><W57/><AGARI ba="0,1" hai="4,6,23,26,30,46,51,55,57,61,64,72,78,81" machi="57" ten="20,8000,1" yaku="1,1,2,1,0,1,7,1,53,1" doraHai="70" doraHaiUra="17" who="3" fromWho="3" sc="250,-20,221,-40,279,-20,240,90" /><INIT seed="2,0,0,3,5,130" ten="230,181,259,330" oya="2" hai0="52,99,60,126,33,37,124,58,5,68,54,55,100" hai1="34,104,106,63,88,12,69,56,23,117,120,84,67" hai2="79,75,35,93,41,7,115,102,97,77,122,112,49" hai3="87,32,45,109,47,118,86,3,73,11,2,21,42"/><V61/><F122/><W80/><G32/><T38/><D33/><U90/><E117/><V70/><F35/><W9/><G109/><T128/><D5/><U39/><E120/><V65/><F7/><N who="3" m="1271" /><G118/><T19/><D19/><U44/><E90/><V107/><F107/><W92/><G92/><T53/><D128/><U82/><E34/><V26/><F26/><W129/><G129/><T31/><D31/><U133/><E133/><V27/><F27/><W83/><G83/><T24/><D24/><U10/><E23/><V105/><F93/><W101/><G21/><T36/><D99/><U113/><E113/><V89/><F89/><W59/><G59/><T131/><D100/><U57/><E104/><V103/><F103/><W64/><G64/><N who="0" m="40967" /><D131/><U29/><E29/><V66/><F66/><W132/><G132/><T18/><D18/><U4/><REACH who="1" step="1"/><E106/><REACH who="1" ten="230,171,259,330" step="2"/><V74/><F115/><W121/><G121/><T25/><D25/><U6/><E6/><V125/><F112/><W43/><G101/><T14/><D14/><U116/><E116/><V46/><F105/><W50/><G3/><T13/><D13/><U51/><E51/><AGARI ba="0,1" hai="36,37,38,51,52,53,54,55,58,124,126" m="40967" machi="51" ten="40,5200,0" yaku="34,2,54,1" doraHai="130" who="0" fromWho="1" sc="230,62,171,-52,259,0,330,0" /><INIT seed="3,0,0,5,4,131" ten="292,119,259,330" oya="3" hai0="108,80,69,34,58,50,107,92,118,29,82,123,42" hai1="74,93,77,65,25,78,130,91,66,4,97,67,30" hai2="103,85,71,46,96,81,13,116,45,64,63,121,44" hai3="36,53,1,124,133,135,22,21,86,94,43,18,117"/><W114/><G114/><T19/><D123/><U33/><E130/><V99/><F116/><W109/><G117/><T119/><D107/><U83/><E4/><V70/><F121/><W104/><G1/><T17/><D69/><U16/><E78/><V126/><F126/><W6/><G6/><T51/><D108/><U14/><REACH who="1" step="1"/><E66/><REACH who="1" ten="292,109,259,330" step="2"/><V39/><F64/><W100/><G124/><T98/><D119/><U7/><E7/><V49/><F39/><W113/><G36/><T10/><D118/><U106/><E106/><V20/><F71/><W31/><G104/><T134/><D19/><U24/><E24/><V79/><F70/><W26/><G18/><T95/><D17/><U12/><E12/><V73/><F73/><W41/><G26/><T0/><D0/><U115/><E115/><V76/><F76/><W55/><G113/><T38/><D38/><U61/><E61/><V122/><F63/><W128/><G128/><T90/><D29/><U129/><E129/><V62/><F62/><W48/><G109/><T102/><D51/><U75/><E75/><V15/><F122/><W110/><G48/><T28/><D50/><U89/><E89/><V59/><F13/><W88/><G31/><T2/><D28/><U52/><E52/><N who="2" m="32143" /><F103/><W105/><G100/><T132/><D102/><U32/><E32/><V127/><F127/><W23/><G105/><T40/><D90/><U125/><E125/><V47/><N who="2" m="11264" /><DORA hai="87" /><V27/><F15/><W68/><G68/><T120/><D34/><U9/><AGARI ba="0,1" hai="9,14,16,25,30,33,65,67,74,77,83,91,93,97" machi="9" ten="20,8000,1" yaku="1,1,0,1,7,1,52,1,54,1,53,0" doraHai="131,87" doraHaiUra="112,57" who="1" fromWho="1" sc="292,-20,109,90,259,-20,330,-40" /><INIT seed="4,0,0,0,0,41" ten="272,199,239,290" oya="0" hai0="4,86,102,135,31,79,127,91,0,23,47,82,5" hai1="6,14,110,65,37,120,74,58,10,106,93,43,88" hai2="96,56,7,32,109,62,97,49,105,15,67,125,36" hai3="130,61,92,1,112,50,124,57,70,9,24,17,103"/><T30/><D135/><U2/><E110/><V129/><F109/><W100/><G112/><T21/><D127/><U90/><E120/><V75/><F36/><W85/><G130/><T69/><D69/><U8/><E106/><V19/><F32/><W87/><G124/><T3/><D102/><N who="3" m="38953" /><G70/><T52/><D0/><U104/><E104/><V54/><F7/><N who="0" m="2634" /><D3/><U133/><E74/><V48/><F49/><W53/><G1/><T78/><D21/><U46/><E133/><V76/><F19/><W108/><G108/><T89/><D23/><U20/><E20/><V45/><F54/><N who="3" m="33975" /><G92/><T42/><D42/><U117/><E117/><V64/><F97/><W28/><G28/><N who="0" m="10795" /><D79/><U83/><E93/><V72/><F76/><W121/><G121/><T35/><D35/><U55/><E65/><V115/><F64/><W39/><G39/><T99/><D99/><U68/><E68/><V128/><F125/><W40/><G40/><T44/><D52/><U33/><E33/><V134/><F134/><W118/><G118/><T13/><D13/><U81/><E2/><V26/><F15/><N who="3" m="7407" /><G24/><T119/><D119/><U77/><E8/><V123/><F123/><W132/><G132/><T126/><D126/><U131/><E131/><N who="2" m="50251" /><F26/><W38/><G38/><T116/><D116/><U25/><E25/><V63/><F96/><W22/><G22/><T27/><D27/><U51/><E83/><V29/><F105/><W95/><G95/><T73/><D73/><U80/><E81/><V16/><F29/><W107/><G107/><T59/><D82/><U66/><E66/><N who="2" m="39239" /><F75/><W98/><G98/><RYUUKYOKU ba="0,0" sc="272,-15,199,15,239,-15,290,15" hai1="6,10,14,37,43,46,51,55,58,77,80,88,90" hai3="50,53,85,87" owari="257,5.7,214,-28.6,224,-17.6,305,40.5" /></mjloggm>