<mjloggm ver="2.3"><GO type="225" lobby="0"/><UN n0="%E3%81%82%E3%81%99%E3%81%AB%E3%82%83%E3%82%80" n1="%E3%82%A2%E3%82%A4%E3%82%B9%E3%83%86%E3%82%A3%E3%83%BC%E3%81%82%E3%81%B9" n2="%6D%75%75%6D%75%72%61" n3="%E6%B4%BE%E9%81%A3%E3%81%AE%E3%82%B8%E3%83%A3%E3%83%83%E3%82%AF" dan="16,16,16,16" rate="2159.52,2078.42,2109.03,2173.09" sx="F,M,F,M"/><TAIKYOKU oya="0"/><INIT seed="0,0,0,4,0,118" ten="250,250,250,250" oya="0" hai0="129,54,126,133,104,9,123,112,97,59,114,42,35" hai1="66,124,48,113,34,27,80,0,91,115,90,50,21" hai2="11,29,23,95,38,73,16,103,10,37,83,119,65" hai3="12,26,134,1,98,5,28,15,110,52,99,106,25"/><T58/><D35/><U79/><E0/><V45/><F119/><W130/><G110/><T43/><D133/><U71/><E34/><V19/><F65/><W93/><G134/><T63/><D129/><U41/><E124/><V131/><F131/><W51/><G130/><T69/><D126/><U8/><E8/><V132/><F132/><W78/><G78/><T86/><D69/><U128/><E128/><V121/><F121/><W3/><G106/><T127/><D127/><U84/><E66/><V13/><F29/><W89/><G98/><T33/><D33/><U116/><E71/><V96/><F45/><W36/><G36/><T81/><D123/><U2/><E2/><V72/><F10/><W82/><G82/><T109/><D109/><U102/><E102/><V49/><F49/><N who="1" m="19049" /><E41/><V61/><F61/><W44/><G25/><T22/><D9/><U60/><E60/><V70/><F70/><W117/><G117/><T68/><D68/><U47/><E47/><V6/><F19/><W4/><G3/><T57/><D22/><U88/><E116/><V17/><F17/><W92/><G92/><T55/><D104/><U40/><E40/><N who="0" m="15401" /><D97/><U135/><E135/><V7/><F7/><N who="3" m="2635" /><G1/><T64/><D81/><U53/><E53/><N who="0" m="19977" /><D86/><U75/><E75/><V46/><F46/><W125/><G125/><T101/><D101/><U100/><E100/><V56/><F73/><W107/><G107/><T120/><D120/><U18/><E115/><V67/><F37/><W111/><G111/><T77/><D77/><N who="1" m="46095" /><E113/><V24/><F38/><W20/><AGARI ba="0,0" hai="12,15,20,26,28,44,51,52,89,93,99" m="2635" machi="20" ten="30,2000,0" yaku="8,1,54,1" doraHai="118" who="3" fromWho="3" sc="250,-10,250,-5,250,-5,250,20" /><INIT seed="1,0,0,0,4,19" ten="240,245,245,270" oya="1" hai0="90,28,105,115,52,47,119,107,96,14,13,64,71" hai1="83,65,135,63,85,4,123,58,5,80,112,118,48" hai2="2,111,101,109,15,74,91,36,29,127,50,75,9" hai3="59,43,38,77,114,42,51,106,62,61,27,39,117"/><U126/><E123/><V102/><F36/><N who="3" m="13867" /><G77/><T89/><D119/><U81/><E118/><V120/><F120/><W17/><G17/><T98/><D115/><U125/><E112/><V121/><F121/><W24/><G106/><T130/><D130/><U44/><E135/><V8/><F127/><N who="1" m="48649" /><E85/><V37/><F37/><W110/><G114/><T113/><D113/><U73/><E73/><V82/><F29/><W133/><G117/><T10/><D64/><U60/><E63/><N who="3" m="24074" /><G133/><T134/><D134/><U30/><E30/><V45/><F2/><W68/><G68/><T57/><D71/><U94/><E94/><V87/><F74/><W78/><G78/><T72/><D72/><U122/><E122/><V32/><F75/><W100/><G100/><T35/><D28/><U67/><E67/><V33/><F102/><W69/><G69/><T7/><D35/><U3/><E3/><V12/><F101/><W46/><G59/><T31/><D57/><U70/><E58/><V79/><F79/><W92/><G92/><T131/><D31/><U26/><E26/><V1/><F1/><W108/><G43/><AGARI ba="0,0" hai="4,5,43,44,48,60,65,70,80,81,83" m="48649" machi="43" ten="30,1500,0" yaku="18,1" doraHai="19" who="1" fromWho="3" sc="240,0,245,15,245,0,270,-15" /><INIT seed="1,1,0,3,0,98" ten="240,260,245,255" oya="1" hai0="91,49,3,129,11,53,29,25,58,90,4,130,52" hai1="60,48,39,88,97,109,36,59,102,20,46,108,132" hai2="50,19,135,104,8,55,38,54,6,24,96,103,23" hai3="70,22,44,41,43,28,65,134,71,69,9,115,80"/><U15/><E132/><V17/><F135/><W131/><G134/><T56/><D129/><U2/><E2/><V121/><F38/><W77/><G115/><T82/><D82/><U111/><E88/><V35/><F35/><W57/><G131/><T87/><D87/><U40/><E15/><V16/><F121/><W33/><G33/><T45/><D45/><U123/><E20/><V113/><F113/><W47/><G9/><T93/><D93/><N who="1" m="58671" /><E123/><V110/><F110/><N who="1" m="28161" /><U76/><DORA hai="30" /><E76/><V126/><F126/><W37/><G22/><T34/><REACH who="0" step="1"/><D130/><REACH who="0" ten="230,260,245,255" step="2"/><U42/><E40/><V14/><REACH who="2" step="1"/><F55/><AGARI ba="1,1" hai="36,39,42,46,48,55,59,60" m="28161,58671" machi="55" ten="40,7700,0" yaku="14,1,10,1,52,1" doraHai="98,30" who="1" fromWho="2" sc="230,0,260,90,245,-80,255,0" /><INIT seed="1,2,0,3,5,22" ten="230,350,165,255" oya="1" hai0="119,110,50,108,51,28,101,21,63,5,115,97,106" hai1="41,9,46,91,100,7,23,80,56,19,37,16,70" hai2="74,118,25,45,32,10,47,135,116,35,67,48,121" hai3="129,60,53,62,3,26,34,44,78,61,29,33,0"/><U90/><E70/><V13/><F121/><W58/><G129/><T24/><D115/><U117/><E117/><V111/><F111/><N who="0" m="42538" /><D119/><U82/><E100/><V55/><F135/><W104/><G104/><T31/><D5/><U120/><E120/><V4/><F74/><W52/><G78/><T72/><D72/><U99/><E56/><V20/><F67/><W69/><G69/><T39/><D39/><U68/><E68/><V130/><F130/><W15/><G15/><T65/><D31/><U14/><E19/><V57/><F116/><W36/><G34/><T66/><D66/><U87/><E99/><V94/><F118/><W96/><G96/><T107/><D107/><U93/><REACH who="1" step="1"/><E91/><REACH who="1" ten="230,340,165,255" step="2"/><V114/><F114/><W85/><G58/><AGARI ba="2,1" hai="21,24,28,50,51,58,63,65,97,101,106" m="42538" machi="58" ten="30,2000,0" yaku="14,1,52,1" doraHai="22" who="0" fromWho="3" sc="230,36,340,0,165,0,255,-26" /><INIT seed="2,0,0,1,4,54" ten="266,340,165,229" oya="2" hai0="105,15,94,107,0,102,96,118,61,27,24,13,98" hai1="12,72,9,117,114,116,36,28,88,95,31,19,34" hai2="90,89,59,48,58,134,6,132,52,115,82,97,87" hai3="69,16,84,1,40,86,123,57,2,23,133,7,63"/><V99/><F115/><W25/><G123/><T53/><D0/><U74/><E36/><V14/><F6/><W37/><G69/><T55/><D94/><U41/><E41/><V43/><F43/><W10/><G2/><T70/><D118/><U93/><E114/><V122/><F122/><W66/><REACH who="3" step="1"/><G133/><REACH who="3" ten="266,340,165,219" step="2"/><N who="2" m="51305" /><F14/><W80/><G80/><T18/><D70/><U50/><E12/><V39/><F39/><W3/><G3/><T75/><D13/><U8/><E117/><V110/><F110/><W128/><G128/><T32/><D15/><U21/><E116/><V124/><F124/><W26/><G26/><T67/><D24/><U29/><E9/><V62/><F90/><W65/><G65/><AGARI ba="0,1" hai="48,52,58,59,62,65,82,87,89,97,99" m="51305" machi="65" ten="30,11600,0" yaku="20,1,52,2,54,1" doraHai="54" who="2" fromWho="3" sc="266,0,340,0,165,126,219,-116" /><INIT seed="2,1,0,1,1,42" ten="266,340,291,103" oya="2" hai0="109,115,27,39,125,128,5,3,31,23,41,112,64" hai1="26,63,40,2,81,117,47,102,126,58,29,37,71" hai2="18,72,57,24,43,134,84,86,30,113,48,120,0" hai3="83,32,38,111,19,79,76,16,135,69,59,36,70"/><V77/><F113/><W91/><G32/><T106/><D106/><U60/><E126/><V50/><F120/><W94/><G111/><T89/><D109/><U96/><E2/><V92/><F134/><W93/><G59/><T54/><D125/><U99/><E117/><V7/><F72/><W52/><G83/><T90/><D128/><U22/><E71/><V121/><F121/><W67/><G67/><T74/><D74/><U17/><E81/><V107/><F107/><W62/><G62/><T110/><D110/><U15/><E102/><V108/><F108/><W4/><G4/><T33/><D64/><U25/><E25/><V100/><F77/><W118/><G135/><T68/><D68/><U131/><E131/><V130/><F130/><W116/><REACH who="3" step="1"/><G91/><REACH who="3" ten="266,340,291,93" step="2"/><T14/><D90/><U122/><E63/><V129/><F129/><W56/><G56/><T6/><D89/><U119/><E122/><V53/><F7/><W82/><G82/><T123/><D5/><U75/><E119/><V114/><F57/><W105/><G105/><T85/><D6/><U104/><E104/><V20/><F0/><W87/><G87/><T28/><D85/><U88/><E88/><V124/><F86/><W8/><G8/><T13/><D3/><U34/><E75/><V1/><F1/><W9/><G9/><T101/><D123/><U61/><E61/><V80/><F84/><W66/><G66/><AGARI ba="1,1" hai="15,17,22,26,29,34,37,40,47,58,60,66,96,99" machi="66" ten="30,2000,0" yaku="7,1,52,1" doraHai="42" who="1" fromWho="3" sc="266,0,340,33,291,0,93,-23" /><INIT seed="3,0,0,4,3,16" ten="266,373,291,70" oya="3" hai0="125,128,13,12,23,88,78,57,9,109,122,38,134" hai1="108,60,110,0,30,14,20,47,114,26,36,124,77" hai2="45,107,131,37,44,76,79,98,86,8,19,59,29" hai3="71,97,63,93,4,35,130,68,53,2,91,50,132"/><W129/><G35/><T121/><D109/><N who="1" m="42091" /><E124/><V17/><F37/><W104/><G104/><T95/><D125/><U81/><E0/><V31/><F131/><N who="3" m="50187" /><G132/><T87/><D134/><U112/><E60/><V119/><F119/><W56/><G2/><T62/><D38/><U123/><E123/><V115/><F115/><W102/><G4/><T51/><D78/><U105/><E105/><V18/><F107/><N who="3" m="63951" /><G63/><T33/><D33/><U135/><E14/><V120/><F120/><W99/><AGARI ba="0,0" hai="50,53,56,68,71,91,93,99" m="63951,50187" machi="99" ten="30,1500,0" yaku="19,1" doraHai="16" who="3" fromWho="3" sc="266,-5,373,-5,291,-5,70,15" /><INIT seed="3,1,0,4,4,103" ten="261,368,286,85" oya="3" hai0="61,117,112,98,134,34,99,80,14,32,118,36,23" hai1="19,78,21,53,116,33,81,77,0,94,104,6,83" hai2="70,135,95,20,125,41,55,7,73,46,58,100,12" hai3="59,48,31,90,24,106,69,4,52,122,56,82,35"/><W71/><G122/><T88/><D36/><U45/><E33/><V111/><F70/><W9/><G106/><T1/><D1/><U86/><E104/><V2/><F73/><W115/><G115/><T89/><D134/><U26/><E0/><V64/><F135/><W66/><G66/><T133/><D133/><U29/><E6/><V68/><F2/><W120/><G120/><T17/><D112/><U110/><E110/><V49/><F111/><W8/><G59/><T96/><D61/><U102/><E116/><V40/><F68/><W113/><G113/><T37/><D37/><U130/><E130/><V38/><F38/><W3/><REACH who="3" step="1"/><G9/><REACH who="3" ten="261,368,286,75" step="2"/><T75/><D118/><U43/><E45/><V123/><F64/><W109/><G109/><T105/><D105/><U60/><E60/><V114/><F123/><W22/><G22/><T57/><D57/><U5/><E21/><V79/><F114/><W50/><G50/><T93/><D117/><U28/><E102/><V101/><F101/><W87/><AGARI ba="1,1" hai="3,4,8,24,31,35,48,52,56,69,71,82,87,90" machi="87" ten="30,6000,0" yaku="1,1,0,1,54,1,53,0" doraHai="103" doraHaiUra="127" who="3" fromWho="3" sc="261,-21,368,-21,286,-21,75,73" /><INIT seed="3,2,0,3,2,134" ten="240,347,265,148" oya="3" hai0="29,23,11,36,61,5,103,88,130,58,1,122,3" hai1="20,14,90,85,10,78,93,97,42,99,2,37,27" hai2="47,113,131,55,6,126,111,100,40,110,118,84,123" hai3="89,53,105,102,31,101,125,128,13,92,87,17,72"/><W112/><G112/><T114/><D122/><U51/><E37/><V46/><F113/><W44/><G72/><T34/><D114/><U133/><E2/><V68/><F118/><W18/><G128/><T96/><D36/><U0/><E0/><V67/><F131/><W56/><G31/><T82/><D1/><U15/><E133/><V66/><F123/><W50/><G125/><T104/><D130/><U49/><E15/><V109/><F126/><W86/><G105/><T62/><D34/><U121/><E121/><V70/><F6/><W19/><G13/><T8/><D8/><U80/><E99/><V32/><F32/><W120/><G120/><T76/><D88/><U9/><E42/><V117/><F100/><W95/><REACH who="3" step="1"/><G44/><REACH who="3" ten="240,347,265,138" step="2"/><T60/><D29/><N who="1" m="17639" /><E9/><V74/><F47/><W83/><G83/><T107/><D104/><U39/><E39/><V59/><F74/><W81/><G81/><T48/><D23/><U16/><AGARI ba="2,1" hai="10,14,16,49,51,78,80,85,90,93,97" m="17639" machi="16" ten="30,2000,0" yaku="8,1,54,1" doraHai="134" who="1" fromWho="1" sc="240,-7,347,36,265,-7,138,-12" owari="233,-16.7,383,48.3,258,5.8,126,-37.4" /></mjloggm>