<mjloggm ver="2.3"><GO type="225" lobby="0"/><UN n0="%E6%A1%9C%E8%8A%B1%E9%96%83%E3%80%85" n1="%77%72%77%72%77%72%77%72" n2="%E3%83%97%E3%83%AC%E3%83%B4%E3%82%A1%E3%83%86%E3%82%A3" n3="%6D%61%74%69%67%75%73%61" dan="16,16,16,17" rate="2103.16,2238.67,2087.83,2258.71" sx="M,M,F,M"/><TAIKYOKU oya="0"/><INIT seed="0,0,0,4,0,132" ten="250,250,250,250" oya="0" hai0="14,29,92,126,56,102,23,17,47,25,76,106,38" hai1="123,83,31,64,45,3,71,35,21,94,103,28,89" hai2="81,80,53,125,59,98,118,116,93,1,62,65,33" hai3="130,133,24,88,113,117,18,9,49,91,61,19,54"/><T12/><D106/><U95/><E123/><V36/><F1/><W135/><G130/><T41/><D76/><U15/><E3/><V120/><F33/><W87/><G113/><T85/><D56/><U37/><E35/><V84/><F36/><W26/><G117/><N who="2" m="45161" /><F120/><W67/><G135/><T86/><D14/><U57/><E71/><N who="2" m="42423" /><F84/><W72/><G72/><T121/><D121/><U52/><E64/><V78/><F78/><W50/><G133/><T115/><D115/><U101/><E45/><V63/><F125/><W16/><G9/><T40/><D40/><U108/><E108/><V13/><F13/><W107/><G107/><T34/><REACH who="0" step="1"/><D126/><REACH who="0" ten="240,250,250,250" step="2"/><U32/><E15/><V39/><F39/><W112/><G112/><T51/><D51/><U110/><E37/><V109/><F109/><W73/><G50/><T10/><D10/><U122/><E110/><V43/><F43/><W75/><G75/><T127/><D127/><U96/><E122/><V48/><F48/><W70/><G73/><T6/><D6/><U129/><E57/><V60/><F60/><W42/><G42/><T90/><D90/><AGARI ba="0,1" hai="53,59,63,80,81,90,93,98" m="42423,45161" machi="90" ten="30,1000,0" yaku="12,1" doraHai="132" who="2" fromWho="0" sc="240,-10,250,0,250,20,250,0" /><INIT seed="1,0,0,3,3,58" ten="230,250,270,250" oya="1" hai0="93,14,50,92,48,64,20,10,97,7,9,75,103" hai1="6,82,102,35,74,120,19,127,91,100,2,109,134" hai2="56,118,121,79,47,11,30,28,122,61,85,104,112" hai3="36,116,98,80,22,68,55,106,57,128,124,27,99"/><U107/><E120/><V4/><F104/><W32/><G36/><T54/><D75/><U62/><E35/><V87/><F118/><W3/><G3/><T84/><D64/><U37/><E37/><V34/><F112/><W131/><G32/><T12/><D20/><U88/><E134/><V117/><F117/><W69/><G80/><T108/><D108/><U15/><E109/><V13/><F34/><W96/><G106/><T51/><D84/><U78/><E127/><V31/><F79/><W125/><G116/><T135/><D93/><U5/><E102/><V133/><F133/><W77/><G77/><T41/><D41/><U39/><E39/><V110/><F110/><W65/><G65/><T46/><REACH who="0" step="1"/><D135/><REACH who="0" ten="220,250,270,250" step="2"/><U26/><E107/><V0/><F122/><W16/><G125/><T42/><D42/><U76/><E74/><V18/><F121/><W1/><G124/><T67/><D67/><U24/><E82/><V45/><F87/><W95/><G95/><T115/><D115/><U94/><E94/><V105/><F85/><W33/><G33/><T81/><D81/><U38/><E78/><V53/><REACH who="2" step="1"/><F105/><REACH who="2" ten="220,250,260,250" step="2"/><W63/><REACH who="3" step="1"/><G1/><REACH who="3" ten="220,250,260,240" step="2"/><T86/><D86/><U114/><E2/><V8/><AGARI ba="0,3" hai="0,4,8,11,13,18,28,30,31,45,47,53,56,61" machi="8" ten="30,7900,0" yaku="1,1,2,1,0,1,52,1,53,0" doraHai="58" doraHaiUra="113" who="2" fromWho="2" sc="220,-20,250,-39,260,109,240,-20" /><INIT seed="2,0,0,0,2,1" ten="200,211,369,220" oya="2" hai0="65,100,22,125,62,118,30,108,51,117,113,135,93" hai1="95,63,122,110,127,92,35,106,53,77,13,84,58" hai2="98,17,76,94,74,103,37,104,97,41,102,42,14" hai3="130,50,123,39,101,32,47,99,29,126,69,25,133"/><V124/><F124/><W45/><G123/><T60/><D113/><U79/><E106/><V111/><F111/><W114/><G130/><T5/><D108/><U28/><E110/><V107/><F37/><W2/><G133/><T129/><D129/><U12/><E127/><V16/><F94/><N who="1" m="35881" /><E35/><V46/><F46/><W40/><G126/><T83/><D125/><U66/><E28/><V19/><REACH who="2" step="1"/><F14/><REACH who="2" ten="200,211,359,220" step="2"/><W112/><G45/><T23/><D93/><U52/><E122/><V134/><F134/><W11/><G39/><T70/><D135/><U6/><E12/><V9/><F9/><W49/><G11/><T120/><D120/><U109/><E109/><V54/><F54/><N who="1" m="21097" /><E84/><V61/><F61/><W10/><G47/><T78/><D62/><U105/><E105/><V43/><F43/><W26/><G40/><T36/><D36/><U86/><E86/><V82/><AGARI ba="0,1" hai="16,17,19,41,42,74,76,82,97,98,102,103,104,107" machi="82" ten="30,11700,0" yaku="1,1,0,1,9,1,54,1,53,0" doraHai="1" doraHaiUra="34" who="2" fromWho="2" sc="200,-39,211,-39,359,127,220,-39" /><INIT seed="2,1,0,5,3,129" ten="161,172,486,181" oya="2" hai0="49,5,32,48,54,77,18,122,131,12,112,65,6" hai1="52,42,22,109,46,115,127,7,119,90,83,28,135" hai2="87,59,8,64,108,19,102,0,3,74,80,58,113" hai3="130,16,56,57,36,118,47,79,78,20,17,89,44"/><V45/><F113/><W33/><G33/><T10/><D122/><U116/><E115/><V110/><F74/><W30/><G118/><T43/><D112/><U1/><E109/><N who="2" m="42091" /><F102/><W27/><G130/><T23/><D32/><U103/><E103/><V62/><F45/><N who="3" m="17483" /><G36/><T29/><D131/><U63/><E52/><N who="2" m="34119" /><F59/><N who="3" m="22603" /><G89/><T75/><D65/><U128/><E90/><N who="2" m="51559" /><F64/><W126/><G126/><T40/><D75/><U97/><E127/><V35/><F35/><W50/><G50/><T100/><D100/><U132/><E128/><V4/><F19/><AGARI ba="1,0" hai="16,17,19,20,27,30,78,79" m="22603,17483" machi="19" ten="30,2000,0" yaku="8,1,54,1" doraHai="129" who="3" fromWho="2" sc="161,0,172,0,486,-23,181,23" /><INIT seed="3,0,0,0,4,54" ten="161,172,463,204" oya="3" hai0="29,38,111,98,110,114,62,11,79,21,25,22,96" hai1="49,58,82,91,95,104,53,80,126,7,67,121,107" hai2="4,48,102,99,72,61,56,6,45,78,46,83,73" hai3="13,120,43,116,8,14,47,112,134,16,94,19,9"/><W135/><G112/><T117/><D117/><U74/><E121/><V106/><F73/><W77/><G116/><T15/><D114/><U105/><E74/><V24/><F24/><W115/><G115/><T85/><D38/><U87/><E126/><V30/><F30/><W35/><G120/><T81/><D22/><U86/><E7/><V68/><F68/><W84/><G35/><T37/><D37/><U57/><E95/><V71/><F71/><W20/><G20/><T90/><D62/><U23/><E23/><V128/><F128/><W41/><G94/><T66/><D66/><U0/><E0/><V65/><REACH who="2" step="1"/><F45/><REACH who="2" ten="161,172,453,204" step="2"/><W64/><G47/><T50/><D50/><U70/><E70/><V132/><F132/><W40/><G135/><T122/><D122/><U52/><E49/><V129/><F129/><W124/><G134/><T2/><D2/><U51/><E51/><V34/><F34/><W93/><G13/><T119/><D119/><U127/><E127/><V60/><F60/><W118/><G14/><T26/><D26/><U27/><E27/><V39/><F39/><W33/><G33/><T17/><REACH who="0" step="1"/><D79/><REACH who="0" ten="151,172,453,204" step="2"/><U5/><E58/><V31/><F31/><W42/><G118/><T123/><D123/><U75/><E57/><V130/><F130/><W131/><G124/><T125/><D125/><U36/><E36/><V101/><F101/><W113/><G131/><T55/><D55/><AGARI ba="0,2" hai="4,6,46,48,55,56,61,65,72,78,83,99,102,106" machi="55" ten="30,8000,1" yaku="1,1,7,1,52,1,53,2" doraHai="54" doraHaiUra="1" who="2" fromWho="0" sc="151,-80,172,0,453,100,204,0" owari="71,-42.9,172,-22.8,553,65.3,204,0.4" /></mjloggm>