<mjloggm ver="2.3"><GO type="225" lobby="0"/><UN n0="%E3%81%8B%E3%82%8F%E3%81%A1%E3%82%83%E3%82%93%35%38" n1="%E9%80%9F%E6%B0%B4%E5%87%9B%E9%A6%99" n2="%E7%B4%94%E6%BD%94%E3%83%94%E3%83%A9%E3%83%8B%E3%82%A2" n3="%E3%81%B2%E3%81%AA%E3%81%AE%E3%82%8A%E3%81%8F" dan="16,16,17,17" rate="2137.08,2106.91,2194.83,2210.86" sx="M,F,M,M"/><TAIKYOKU oya="0"/><INIT seed="0,0,0,4,3,46" ten="250,250,250,250" oya="0" hai0="115,95,112,36,86,118,62,123,0,91,26,103,23" hai1="129,55,87,52,11,9,69,84,132,94,124,108,116" hai2="24,37,99,120,2,63,43,35,78,38,135,67,64" hai3="45,12,59,22,30,70,73,57,19,16,44,133,97"/><T77/><D118/><U89/><E116/><V42/><F2/><W102/><G70/><T4/><D123/><U65/><E108/><V106/><F78/><W74/><G30/><T58/><D36/><U6/><E129/><V31/><F64/><W56/><G133/><T18/><D77/><U113/><E132/><V48/><F120/><W25/><G74/><T27/><D103/><U119/><E119/><V40/><F135/><W110/><G73/><T90/><D26/><U125/><E113/><V100/><REACH who="2" step="1"/><F48/><REACH who="2" ten="250,250,240,250" step="2"/><W53/><G110/><T50/><D50/><U131/><E65/><V107/><F107/><W29/><G53/><T3/><D3/><U47/><E55/><V8/><F8/><W88/><G19/><T126/><D0/><U83/><E52/><V76/><F76/><W109/><G109/><T41/><D4/><U39/><E6/><V21/><F21/><N who="3" m="15535" /><G102/><T134/><D134/><U92/><E9/><V98/><F98/><W130/><G130/><T75/><D75/><U34/><E11/><V72/><F72/><W122/><G122/><T61/><D115/><U71/><E131/><V105/><F105/><W81/><G81/><N who="0" m="49487" /><D112/><U28/><E83/><V15/><F15/><W111/><G111/><T20/><D20/><U14/><E14/><V68/><AGARI ba="0,1" hai="24,31,35,37,38,40,42,43,63,67,68,99,100,106" machi="68" ten="30,7900,0" yaku="1,1,0,1,25,2,53,0" doraHai="46" doraHaiUra="51" who="2" fromWho="2" sc="250,-39,250,-20,240,89,250,-20" /><INIT seed="1,0,0,5,2,98" ten="211,230,329,230" oya="1" hai0="6,123,97,2,68,122,55,33,88,93,87,117,37" hai1="111,70,29,40,9,18,43,49,14,82,64,63,76" hai2="84,61,36,108,132,41,71,80,8,31,21,100,16" hai3="73,126,60,17,133,39,72,22,86,116,83,10,44"/><U19/><E111/><V106/><F108/><W38/><G133/><T90/><D33/><U115/><E115/><V4/><F31/><W56/><G126/><T46/><D68/><U110/><E110/><V135/><F36/><W77/><G10/><T112/><D117/><U81/><E29/><V101/><F41/><W107/><G107/><T7/><D112/><U130/><E130/><V58/><F71/><W52/><G116/><T134/><D134/><N who="2" m="51242" /><F106/><W24/><REACH who="3" step="1"/><G44/><REACH who="3" ten="211,230,329,220" step="2"/><T42/><D2/><U20/><E49/><V15/><F8/><W105/><G105/><T54/><D6/><U65/><E65/><N who="2" m="39095" /><F4/><W5/><G5/><T34/><D7/><U121/><E121/><N who="0" m="46089" /><D34/><U57/><E70/><V95/><F95/><AGARI ba="0,1" hai="37,42,46,54,55,87,88,90,93,95,97" m="46089" machi="95" ten="30,2000,0" yaku="13,1,54,1" doraHai="98" who="0" fromWho="2" sc="211,30,230,0,329,-20,220,0" /><INIT seed="2,0,0,2,4,82" ten="241,230,309,220" oya="2" hai0="19,121,72,65,13,2,14,38,99,115,35,88,22" hai1="46,43,69,25,98,4,95,44,68,20,28,106,117" hai2="64,130,80,84,55,134,45,17,47,39,27,135,62" hai3="97,129,124,133,74,86,96,23,103,66,91,36,37"/><V7/><F7/><W49/><G129/><T126/><D115/><U90/><E117/><V123/><F123/><W0/><G74/><T54/><D121/><U61/><E61/><V59/><F130/><W67/><G0/><T112/><D2/><U93/><E106/><V32/><F39/><W50/><G124/><T29/><D38/><U26/><E4/><V11/><F32/><W102/><G133/><N who="2" m="50697" /><F55/><W94/><G37/><T77/><D54/><U113/><E113/><V70/><F70/><W42/><G36/><T76/><D35/><U53/><E53/><V131/><F131/><W63/><G23/><T3/><D22/><U30/><E43/><V12/><F27/><W56/><G67/><T18/><D65/><U5/><E5/><V9/><F11/><W132/><G132/><T10/><D10/><U58/><E58/><V52/><F64/><W34/><G34/><T33/><D33/><U128/><E128/><V75/><F75/><W40/><G40/><T87/><D72/><U24/><E20/><V71/><F71/><W116/><G116/><T110/><D110/><U8/><E8/><V118/><F118/><W108/><G108/><T51/><D3/><U60/><E60/><V31/><F31/><N who="1" m="11817" /><E69/><V16/><F17/><W15/><G15/><T41/><D29/><U21/><E21/><V111/><F111/><W119/><G119/><T104/><D18/><U73/><E73/><V114/><F114/><W101/><G42/><T48/><D112/><U78/><E68/><V127/><F127/><W57/><G50/><N who="0" m="18987" /><D126/><U79/><E26/><V125/><F125/><RYUUKYOKU ba="0,0" sc="241,-15,230,-15,309,15,220,15" hai2="9,12,16,45,47,52,59,62,80,84" hai3="49,56,57,63,66,86,91,94,96,97,101,102,103" /><INIT seed="2,1,0,3,3,36" ten="226,215,324,235" oya="2" hai0="31,109,40,66,119,64,37,112,18,104,114,68,90" hai1="41,75,58,128,15,60,19,124,118,77,16,92,45" hai2="95,83,21,3,38,87,130,123,8,6,98,71,26" hai3="127,115,94,126,121,88,33,91,28,133,69,10,29"/><V102/><F123/><W25/><G121/><T44/><D104/><U1/><E1/><V65/><F38/><W134/><G115/><T117/><D31/><U73/><E118/><N who="0" m="45065" /><D109/><U86/><E128/><V35/><F130/><W80/><G69/><T125/><D125/><N who="3" m="47625" /><G29/><T56/><D18/><U135/><E124/><V76/><F71/><W53/><G80/><T23/><D23/><U14/><E135/><N who="3" m="51722" /><G94/><T22/><D22/><U49/><E75/><V99/><F35/><W11/><G53/><T5/><D5/><U100/><E73/><V55/><F65/><N who="0" m="25194" /><D68/><U70/><E70/><V85/><F55/><W17/><G17/><N who="1" m="6730" /><E100/><V61/><F21/><W47/><G47/><T57/><D90/><AGARI ba="1,0" hai="10,11,25,28,33,88,90,91" m="51722,47625" machi="90" ten="30,3900,0" yaku="18,1,20,1,54,1" doraHai="36" who="3" fromWho="0" sc="226,-42,215,0,324,0,235,42" /><INIT seed="3,0,0,0,3,46" ten="184,215,324,277" oya="3" hai0="42,97,100,64,65,51,90,124,108,10,123,68,127" hai1="125,102,111,135,119,105,50,134,78,59,27,67,4" hai2="57,98,117,32,101,89,104,52,25,16,88,99,83" hai3="34,18,121,2,12,48,120,55,22,14,72,21,79"/><W130/><G2/><T11/><D123/><U76/><E4/><V1/><F117/><W103/><G34/><T3/><D90/><U80/><E119/><V95/><F1/><W60/><G130/><T84/><D84/><U107/><E27/><V47/><F47/><W31/><G103/><T26/><D26/><U81/><E67/><N who="0" m="25673" /><D3/><U66/><E66/><V112/><F112/><W114/><G114/><T113/><D113/><U33/><E33/><V9/><F9/><N who="0" m="3082" /><D42/><U44/><E59/><V94/><F83/><N who="1" m="31817" /><E102/><V115/><F115/><W49/><G72/><T53/><D68/><U70/><E70/><V20/><F32/><W86/><G86/><T7/><D7/><U82/><N who="1" m="31825" /><U85/><DORA hai="30" /><E85/><V118/><F118/><W74/><G74/><T17/><D17/><U13/><E13/><V132/><F132/><N who="1" m="50729" /><E111/><V19/><F104/><N who="1" m="40009" /><E125/><N who="0" m="48201" /><D108/><U6/><E6/><V38/><F101/><W106/><G120/><T58/><D100/><U43/><AGARI ba="0,0" hai="43,44,50,76,78" m="40009,50729,31825" machi="43" ten="40,2700,0" yaku="20,1,52,1" doraHai="46,30" who="1" fromWho="1" sc="184,-7,215,27,324,-7,277,-13" owari="177,-32.3,242,-15.8,317,41.7,264,6.4" /></mjloggm>