<mjloggm ver="2.3"><GO type="225" lobby="0"/><UN n0="%E7%89%B9%E6%9D%B1%E3%81%AF%E4%B8%96%E7%95%8C%E3%82%92%E6%95%91%E3%81%86" n1="%E3%83%A1%E3%82%AC%E3%83%87%E3%82%B8" n2="%72%61%6B%33" n3="%48%61%61%61%6C%61%6E%64" dan="16,16,17,17" rate="2162.02,2093.00,2247.08,2252.24" sx="M,F,M,M"/><TAIKYOKU oya="0"/><INIT seed="0,0,0,3,0,120" ten="250,250,250,250" oya="0" hai0="12,96,75,47,50,35,102,13,101,25,124,135,41" hai1="115,104,29,68,22,100,126,9,114,4,16,116,0" hai2="132,107,89,73,18,130,62,78,77,61,105,90,55" hai3="15,64,40,17,111,31,66,27,43,134,88,109,71"/><T14/><D75/><U33/><E68/><V39/><F73/><W8/><G134/><T26/><D135/><U20/><E116/><V125/><F132/><W97/><G40/><T52/><D124/><U48/><E126/><V113/><F125/><W63/><G43/><T38/><D35/><U30/><E48/><V24/><F24/><W87/><G97/><T85/><D85/><U76/><E76/><V45/><F18/><W94/><REACH who="3" step="1"/><G64/><REACH who="3" ten="250,250,250,240" step="2"/><T2/><D2/><U51/><E115/><V44/><F113/><W112/><G112/><T70/><D70/><U23/><E114/><V122/><F122/><W127/><G127/><T91/><D91/><U5/><E0/><V21/><F90/><W110/><G110/><T123/><D123/><U118/><E118/><V117/><F89/><W69/><G69/><T81/><D81/><U131/><E100/><V93/><F117/><W129/><G129/><T119/><D119/><U28/><E131/><V11/><F130/><W74/><G74/><T121/><D121/><U54/><E33/><AGARI ba="0,1" hai="8,15,17,27,31,33,63,66,71,87,88,94,109,111" machi="33" ten="40,8000,1" yaku="1,1,52,2,54,1,53,0" doraHai="120" doraHaiUra="95" who="3" fromWho="1" sc="250,0,250,-80,250,0,240,90" /><INIT seed="1,0,0,4,0,45" ten="250,170,250,330" oya="1" hai0="103,3,56,126,27,83,90,117,6,41,10,133,39" hai1="107,132,11,9,44,2,15,112,62,66,75,94,57" hai2="22,128,74,120,125,99,31,91,59,106,127,105,55" hai3="19,13,18,135,23,25,48,5,54,92,96,119,49"/><U17/><E107/><V124/><F74/><W73/><G73/><T81/><D117/><U51/><E112/><V130/><F31/><W123/><G123/><T72/><D133/><U115/><E115/><V69/><F69/><W109/><G135/><T131/><D103/><U80/><E132/><V79/><F22/><W102/><G119/><T129/><D126/><U35/><E35/><V47/><F47/><W89/><G109/><T32/><D41/><U50/><E44/><V0/><F0/><W78/><G78/><T84/><D39/><U4/><REACH who="1" step="1"/><E94/><REACH who="1" ten="250,160,250,330" step="2"/><N who="2" m="56799" /><F120/><W24/><G102/><T12/><D32/><U7/><E7/><V38/><F105/><W108/><G108/><T43/><D6/><U33/><E33/><V67/><F106/><W85/><G5/><T26/><D131/><U65/><E65/><V16/><F67/><W98/><G92/><T53/><D129/><U93/><E93/><V110/><F110/><W46/><G46/><T77/><D43/><U111/><E111/><V86/><F38/><W121/><G121/><T8/><D3/><U122/><E122/><V76/><F130/><W101/><G101/><T116/><D116/><U42/><E42/><V36/><F36/><W134/><G134/><T118/><D118/><U21/><E21/><V64/><F64/><W87/><G23/><T82/><D53/><U58/><E58/><V1/><F128/><W37/><G37/><T104/><D56/><U70/><E70/><V71/><F127/><W114/><G114/><T61/><D104/><U113/><E113/><V60/><F125/><W52/><G54/><RYUUKYOKU ba="0,1" sc="250,-10,160,30,250,-10,330,-10" hai1="2,4,9,11,15,17,50,51,57,62,66,75,80" /><INIT seed="1,1,1,4,1,47" ten="240,190,240,320" oya="1" hai0="49,98,38,73,101,64,22,67,71,12,60,124,42" hai1="19,41,119,74,61,117,6,87,89,48,55,15,24" hai2="70,51,131,95,105,115,121,8,33,114,30,50,86" hai3="112,77,39,120,88,37,110,75,92,132,32,83,5"/><U46/><E74/><V109/><F105/><W35/><G120/><T80/><D38/><U53/><E6/><V23/><F121/><W91/><G112/><N who="2" m="43049" /><F70/><W93/><G5/><T4/><D67/><U40/><E24/><N who="2" m="18631" /><F109/><W45/><G110/><T2/><D2/><U43/><E55/><V65/><F65/><W128/><G128/><T69/><D124/><U126/><E126/><V52/><F131/><W81/><G132/><T85/><D73/><U13/><E13/><V57/><F23/><W66/><G66/><T90/><D69/><U54/><E54/><V34/><F34/><W102/><G102/><T108/><D108/><U103/><E103/><V3/><F95/><W111/><G111/><T21/><D4/><U123/><E123/><V72/><F72/><W27/><G75/><T82/><D82/><N who="1" m="49399" /><E61/><N who="2" m="36007" /><F86/><W0/><G0/><T94/><REACH who="0" step="1"/><D12/><REACH who="0" ten="230,190,240,320" step="2"/><U96/><E96/><V36/><F36/><W97/><G97/><T20/><D20/><U62/><E62/><V1/><F1/><W129/><G129/><T44/><AGARI ba="1,2" hai="21,22,42,44,49,60,64,71,80,85,90,94,98,101" machi="44" ten="30,8000,1" yaku="1,1,0,1,52,1,53,2" doraHai="47" doraHaiUra="16" who="0" fromWho="0" sc="230,103,190,-41,240,-21,320,-21" /><INIT seed="2,0,0,0,2,109" ten="333,149,219,299" oya="2" hai0="121,81,87,47,76,117,75,32,13,131,93,86,72" hai1="18,106,133,79,30,10,120,84,98,37,74,4,96" hai2="52,91,69,48,68,45,51,6,7,33,5,111,128" hai3="27,116,115,83,12,38,29,101,28,21,15,94,54"/><V53/><F111/><W1/><G116/><T55/><D32/><U16/><E133/><V57/><F128/><W42/><G1/><T59/><D121/><U110/><E110/><V108/><F108/><W73/><G29/><T127/><D131/><U8/><E120/><V11/><F33/><W130/><G130/><T100/><D117/><U114/><E74/><V95/><REACH who="2" step="1"/><F11/><REACH who="2" ten="333,149,209,299" step="2"/><W82/><G115/><T89/><D127/><U70/><E10/><V58/><F58/><W31/><G31/><T24/><D59/><U134/><E30/><V92/><F92/><W66/><G94/><T60/><D93/><U65/><E8/><V132/><F132/><W2/><G28/><T85/><D81/><U43/><E134/><V50/><F50/><W63/><G83/><T56/><D56/><U88/><E114/><V78/><F78/><W135/><G82/><T103/><D76/><U49/><E79/><V0/><F0/><W123/><G2/><T39/><D39/><U119/><E49/><V61/><F61/><W129/><G63/><T118/><D60/><U112/><E37/><V25/><F25/><W46/><G27/><T125/><D24/><U20/><E112/><V105/><F105/><W34/><G129/><T64/><D125/><U26/><E26/><V107/><F107/><W62/><G135/><T35/><D118/><U14/><E106/><V124/><F124/><W44/><G38/><T19/><D35/><U22/><E119/><V80/><F80/><W90/><G34/><T97/><D75/><U122/><E122/><V99/><AGARI ba="0,1" hai="5,6,7,45,48,51,52,53,57,68,69,91,95,99" machi="99" ten="30,6000,0" yaku="1,1,0,1,54,1,53,0" doraHai="109" doraHaiUra="126" who="2" fromWho="2" sc="333,-20,149,-20,209,70,299,-20" /><INIT seed="2,1,0,3,1,116" ten="313,129,279,279" oya="2" hai0="52,0,15,65,42,97,88,91,2,53,86,124,122" hai1="115,7,21,60,108,85,28,9,33,50,5,46,94" hai2="103,81,72,58,78,23,20,44,119,125,37,79,11" hai3="6,10,106,129,133,34,8,126,127,19,130,43,105"/><V54/><F119/><W4/><G43/><T1/><D122/><U117/><E117/><V135/><F125/><N who="3" m="47627" /><G34/><T12/><D124/><U55/><E33/><V80/><F135/><W84/><G19/><T3/><D2/><U120/><E108/><V111/><F111/><W40/><G40/><T14/><D42/><U123/><E115/><V61/><F103/><W51/><G51/><T29/><D65/><U64/><E85/><V67/><F11/><N who="3" m="4139" /><G84/><T113/><D113/><U26/><E94/><V93/><F93/><W47/><G47/><T62/><D62/><U63/><E63/><V83/><F37/><W31/><G31/><T109/><D109/><U76/><E76/><N who="2" m="29227" /><F72/><W17/><G17/><T69/><D29/><U13/><REACH who="1" step="1"/><E7/><REACH who="1" ten="313,119,279,279" step="2"/><N who="3" m="2602" /><G133/><T112/><D112/><U70/><AGARI ba="1,1" hai="5,9,13,21,26,28,46,50,55,60,64,70,120,123" machi="70" ten="30,12000,2" yaku="1,1,0,1,52,2,53,2" doraHai="116" doraHaiUra="118" who="1" fromWho="1" sc="313,-31,119,133,279,-61,279,-31" /><INIT seed="3,0,0,2,4,26" ten="282,252,218,248" oya="3" hai0="99,90,14,78,81,123,68,94,6,46,95,30,103" hai1="58,11,23,16,40,29,109,80,116,91,104,2,117" hai2="49,15,45,134,118,121,120,113,72,135,98,20,96" hai3="66,18,8,17,79,5,19,110,60,73,71,9,64"/><W53/><G110/><T97/><D123/><N who="2" m="47178" /><F72/><W52/><G66/><T70/><D30/><U10/><E109/><V3/><F3/><W36/><G36/><T42/><D6/><U47/><E104/><V39/><F39/><W114/><G114/><T69/><D14/><U101/><E101/><V55/><F113/><W25/><G9/><T61/><D61/><U107/><E107/><V85/><F85/><W57/><G25/><T126/><D126/><U127/><E127/><V84/><F84/><W129/><G129/><T106/><D106/><U1/><E80/><V108/><F118/><N who="1" m="45673" /><E91/><V122/><N who="2" m="47186" /><V65/><DORA hai="75" /><F65/><W102/><G102/><T131/><D131/><U63/><E2/><V132/><F108/><W54/><G73/><T128/><D128/><U62/><E29/><V59/><F45/><W13/><REACH who="3" step="1"/><G79/><REACH who="3" ten="282,252,218,238" step="2"/><T67/><D67/><U32/><E10/><V0/><F0/><W22/><G22/><T27/><D27/><U31/><E11/><V24/><F15/><W105/><G105/><T50/><D69/><AGARI ba="0,1" hai="5,8,13,17,18,19,52,53,54,57,60,64,69,71" machi="69" ten="40,7700,0" yaku="1,1,54,1,53,1" doraHai="26,75" doraHaiUra="56,37" who="3" fromWho="0" sc="282,-77,252,0,218,0,238,87" owari="205,-29.5,252,5.2,218,-18.2,325,42.5" /></mjloggm>