<mjloggm ver="2.3"><GO type="225" lobby="0"/><UN n0="%E3%83%A9%E3%83%BC%E3%83%A1%E3%83%B3%E4%BA%94%E9%83%8E" n1="%E8%81%B7%E6%A5%AD%E3%80%81%E9%A2%A8%32" n2="%E3%81%A9%E3%82%93%E3%82%88%E3%81%8F%4D%6B%2E%32" n3="%E7%AD%89%E3%80%85%E5%8A%9B%E5%8A%87%E5%A0%B4" dan="16,16,16,16" rate="2060.52,2156.52,2204.06,2146.97" sx="M,M,M,M"/><TAIKYOKU oya="0"/><INIT seed="0,0,0,4,1,15" ten="250,250,250,250" oya="0" hai0="91,97,66,49,41,50,26,121,77,22,75,107,3" hai1="7,94,60,17,98,125,12,132,105,115,85,71,57" hai2="117,33,65,96,83,133,61,74,88,76,92,40,86" hai3="14,31,24,44,13,122,93,37,106,111,81,29,8"/><T4/><D121/><U2/><E115/><V78/><F117/><W68/><G106/><T90/><D66/><U113/><E113/><V21/><F133/><W134/><G68/><T30/><D75/><U112/><E112/><V20/><F33/><W63/><G111/><T126/><D126/><U80/><E132/><V6/><F6/><W109/><G109/><T123/><D123/><U124/><E105/><V11/><F11/><W120/><G134/><T42/><D77/><U16/><E71/><V119/><F119/><W95/><G63/><T67/><D67/><N who="1" m="39311" /><E2/><V82/><REACH who="2" step="1"/><F40/><REACH who="2" ten="250,250,240,250" step="2"/><W32/><G32/><T102/><D4/><U127/><E7/><V89/><F89/><W129/><G8/><T34/><D34/><U58/><E12/><V55/><F55/><W9/><G13/><T62/><D3/><U46/><E46/><V110/><F110/><W101/><G44/><T73/><D41/><U39/><E58/><AGARI ba="0,1" hai="20,21,58,61,65,74,76,78,82,83,86,88,92,96" machi="58" ten="30,3900,0" yaku="1,1,7,1,54,1,53,0" doraHai="15" doraHaiUra="100" who="2" fromWho="1" sc="250,0,250,-39,240,49,250,0" /><INIT seed="1,0,0,3,0,32" ten="250,211,289,250" oya="1" hai0="80,31,116,120,101,65,133,113,129,21,10,20,19" hai1="128,47,75,134,86,97,84,77,76,25,88,89,23" hai2="85,87,46,35,59,4,105,94,119,5,24,72,103" hai3="68,7,53,36,28,8,52,102,17,90,40,67,73"/><U92/><E134/><V99/><F72/><W42/><G73/><T56/><D113/><U39/><E128/><V37/><F119/><W112/><G112/><T1/><D116/><U22/><E75/><V44/><F59/><W16/><G102/><T110/><D133/><U64/><E39/><V63/><F63/><W11/><G28/><T95/><D129/><U26/><E64/><V48/><F37/><W78/><G78/><T29/><D110/><U69/><E69/><V114/><F114/><W70/><G36/><T130/><D130/><U117/><E47/><V58/><F35/><W79/><G79/><N who="1" m="30282" /><E117/><V127/><F24/><N who="1" m="9321" /><E97/><V123/><F123/><W3/><G7/><T66/><D120/><U126/><E126/><V121/><F127/><W131/><G131/><T34/><D34/><U14/><E14/><V61/><F105/><W74/><G74/><T49/><D66/><U2/><E2/><V132/><F132/><W96/><G67/><T115/><D115/><U45/><E45/><V135/><F135/><W15/><G15/><N who="0" m="7671" /><D1/><U122/><E122/><V54/><F46/><W6/><G3/><T62/><D49/><U109/><E109/><V9/><F121/><W124/><G124/><T100/><D29/><U38/><E38/><V81/><F9/><W41/><G8/><T82/><D31/><U104/><E104/><V98/><F4/><W71/><G6/><T83/><D95/><AGARI ba="0,0" hai="22,23,84,86,88,89,92,95" m="9321,30282" machi="95" ten="30,2900,0" yaku="8,1,54,1" doraHai="32" who="1" fromWho="0" sc="250,-29,211,29,289,0,250,0" /><INIT seed="1,1,0,1,0,84" ten="221,240,289,250" oya="1" hai0="5,62,8,33,75,79,14,121,126,38,22,83,32" hai1="57,119,12,41,73,10,76,129,18,2,89,59,70" hai2="71,109,103,118,47,19,97,101,0,102,61,96,55" hai3="80,86,111,110,106,90,28,53,17,11,69,105,48"/><U66/><E119/><V50/><F0/><W130/><G69/><T123/><D38/><U120/><E120/><N who="0" m="46153" /><D126/><U134/><E134/><V77/><F118/><W115/><G115/><T78/><D78/><U34/><E34/><N who="0" m="13417" /><D22/><U95/><E129/><V4/><F4/><W42/><G28/><T85/><D62/><U51/><E70/><V25/><F77/><W20/><G42/><T27/><D27/><U63/><E2/><V99/><F109/><N who="3" m="41483" /><G11/><T91/><D79/><U132/><E132/><V72/><F72/><AGARI ba="1,0" hai="5,8,14,72,75,83,85,91" m="13417,46153" machi="72" ten="30,2000,0" yaku="13,1,52,1" doraHai="84" who="0" fromWho="2" sc="221,23,240,0,289,-23,250,0" /><INIT seed="2,0,0,4,1,83" ten="244,240,266,250" oya="2" hai0="37,94,57,32,13,4,74,100,5,111,97,90,76" hai1="112,69,125,16,115,81,124,58,7,75,41,24,96" hai2="25,67,59,114,85,95,33,104,101,8,70,108,72" hai3="129,38,50,31,66,49,11,55,84,62,43,45,14"/><V116/><F116/><W29/><G129/><T87/><D37/><U12/><E69/><V105/><F70/><W127/><G127/><N who="1" m="48714" /><E41/><V93/><F114/><W52/><G38/><T73/><D111/><U98/><E7/><V44/><F72/><W122/><G122/><T46/><D32/><U106/><E24/><V68/><F68/><W60/><G66/><T27/><D27/><U1/><E1/><V6/><F44/><W42/><G43/><T132/><D132/><U126/><N who="1" m="48722" /><U28/><DORA hai="78" /><E28/><V30/><F108/><W109/><G109/><T113/><D113/><N who="1" m="43595" /><E106/><V103/><F105/><W134/><G134/><T9/><D57/><U34/><E34/><V123/><F104/><W118/><G42/><T15/><D46/><U19/><E58/><V51/><F123/><W54/><G31/><T121/><D121/><U107/><E107/><V20/><F33/><W128/><G29/><T71/><D71/><U2/><E2/><V92/><F6/><W119/><G119/><T26/><D26/><U99/><E12/><V17/><F8/><W64/><G11/><T36/><D36/><U3/><E3/><V61/><F30/><W117/><G14/><T0/><D0/><U39/><E39/><V40/><F40/><W89/><G45/><T88/><D4/><U63/><E63/><V77/><F51/><W133/><G49/><T22/><D15/><U131/><E131/><V47/><F47/><W86/><G50/><T10/><D5/><U79/><AGARI ba="0,0" hai="16,19,75,79,81,96,98,99" m="43595,48722" machi="79" ten="50,6400,0" yaku="18,1,52,1,54,1" doraHai="83,78" who="1" fromWho="1" sc="244,-16,240,64,266,-32,250,-16" /><INIT seed="3,0,0,4,4,28" ten="228,304,234,234" oya="3" hai0="93,80,58,81,49,134,124,69,85,34,133,35,45" hai1="75,31,118,18,126,94,27,62,43,2,70,5,127" hai2="112,57,130,90,121,72,71,76,97,100,50,107,110" hai3="22,15,113,20,67,7,41,46,102,63,104,115,36"/><W25/><G102/><T13/><D124/><N who="1" m="47659" /><E75/><V87/><F71/><W95/><G104/><T37/><D69/><U14/><E118/><V26/><F112/><W99/><G20/><T84/><D37/><U44/><E94/><N who="2" m="54623" /><F26/><W64/><G64/><T21/><D58/><U3/><E5/><V19/><F130/><W77/><G77/><N who="0" m="46095" /><D93/><U105/><E105/><V29/><F29/><W42/><G42/><N who="0" m="24759" /><D21/><N who="1" m="11479" /><E62/><V125/><F125/><W30/><G15/><T4/><D13/><U96/><E96/><V56/><F97/><W79/><G115/><T12/><D12/><U78/><E78/><V132/><F76/><W73/><G79/><N who="0" m="46271" /><D4/><U123/><E70/><V91/><F107/><W66/><G7/><T86/><D86/><U59/><E59/><V47/><F57/><W68/><G73/><T38/><D38/><N who="1" m="21623" /><E123/><V120/><F56/><W17/><G113/><T82/><D82/><U103/><E103/><V9/><F100/><N who="3" m="60543" /><G67/><T117/><D117/><U101/><E101/><V53/><F72/><W1/><G1/><T88/><D88/><U54/><E54/><V114/><F91/><W128/><G68/><T106/><D106/><U24/><E24/><V33/><F114/><W39/><G66/><T109/><D109/><U119/><E119/><V55/><F110/><W135/><G63/><T48/><D48/><U108/><E108/><V98/><F55/><W11/><G39/><T23/><D23/><AGARI ba="0,0" hai="2,3,23,27,31" m="21623,11479,47659" machi="23" ten="30,1000,0" yaku="18,1" doraHai="28" who="1" fromWho="0" sc="228,-10,304,10,234,0,234,0" owari="218,-28.2,314,41.4,234,3.4,234,-16.6" /></mjloggm>