<mjloggm ver="2.3"><GO type="225" lobby="0"/><UN n0="%E9%B3%B3%E6%9D%B1%E3%81%AE%E3%81%86%E3%81%95%E3%81%8E%E3%81%95%E3%82%93" n1="%E3%83%B4%E3%83%A0%EF%BC%99%E3%81%A6" n2="%E7%88%86%E8%A3%82%E9%83%BD%E5%B8%82%EF%BD%9E" n3="%E3%81%AF%E3%82%88%E3%81%8A%E3%81%98%E3%81%95%E3%82%93" dan="16,16,16,16" rate="2135.65,2175.22,2091.26,2067.83" sx="M,M,M,M"/><TAIKYOKU oya="0"/><INIT seed="0,0,0,2,3,119" ten="250,250,250,250" oya="0" hai0="96,101,68,16,6,32,13,105,58,90,39,51,132" hai1="17,110,130,41,36,72,60,117,77,49,43,104,78" hai2="50,107,33,27,10,81,121,127,87,116,55,79,22" hai3="111,1,37,86,70,3,99,9,112,91,40,129,124"/><T69/><D39/><U92/><E117/><V25/><F116/><W31/><G112/><T5/><D32/><U0/><E0/><V56/><F127/><W118/><G118/><T84/><D132/><U134/><E104/><V133/><F107/><W15/><G124/><T11/><D58/><U8/><E36/><V109/><F133/><W54/><G70/><T123/><D123/><U38/><E130/><V106/><F106/><W59/><G129/><T42/><D68/><U88/><E110/><V108/><F121/><W61/><G111/><N who="2" m="42569" /><F10/><W63/><G31/><T21/><D69/><U57/><E49/><V14/><F33/><W115/><G115/><T28/><D28/><U83/><E77/><V126/><F126/><W62/><G99/><T114/><D114/><U97/><E38/><V131/><F131/><W45/><G1/><T67/><D67/><U4/><E4/><V47/><F14/><W113/><G3/><T71/><D71/><U120/><E120/><V7/><F7/><W74/><G74/><T93/><REACH who="0" step="1"/><D11/><REACH who="0" ten="240,250,250,250" step="2"/><U35/><E35/><V80/><F22/><W128/><G113/><T98/><D98/><U76/><E134/><V94/><F56/><W12/><G128/><T85/><D85/><U102/><E57/><V82/><F87/><W26/><G9/><T29/><D29/><U122/><E8/><V23/><F23/><W52/><G59/><T95/><D95/><U19/><E92/><V73/><F94/><N who="3" m="54647" /><G62/><T46/><AGARI ba="0,1" hai="5,6,13,16,21,42,46,51,84,90,93,96,101,105" machi="46" ten="30,11700,0" yaku="1,1,0,1,54,1,53,1" doraHai="119" doraHaiUra="18" who="0" fromWho="0" sc="240,127,250,-39,250,-39,250,-39" /><INIT seed="0,1,0,5,0,132" ten="367,211,211,211" oya="0" hai0="94,25,72,6,37,69,57,82,33,88,115,95,26" hai1="19,0,9,104,4,51,92,119,7,128,130,41,36" hai2="120,52,79,98,48,53,39,81,34,42,70,74,134" hai3="76,49,106,78,83,90,124,43,125,46,28,60,85"/><T87/><D115/><U118/><E104/><V21/><F120/><W5/><G106/><T47/><D69/><U65/><E36/><V122/><F34/><W131/><G131/><N who="1" m="50218" /><E65/><V91/><F134/><W80/><G28/><T73/><D6/><U38/><E38/><V61/><F122/><W100/><G100/><T77/><D72/><U113/><E113/><V54/><F39/><W66/><G5/><T10/><D10/><N who="1" m="2311" /><E19/><V59/><F21/><W35/><G35/><T23/><D33/><U63/><E63/><V121/><F121/><W110/><G110/><T97/><D57/><U22/><E22/><V40/><F70/><W93/><G60/><T112/><D112/><U129/><E92/><V12/><F48/><W114/><G66/><T29/><D25/><U17/><E17/><V126/><F61/><W101/><G114/><T133/><D133/><U20/><E20/><V30/><F59/><W109/><G109/><T71/><D71/><U16/><E16/><V56/><F56/><W111/><G111/><T18/><D18/><U27/><E27/><V62/><F62/><W123/><G123/><T84/><REACH who="0" step="1"/><D95/><REACH who="0" ten="357,211,211,211" step="2"/><U108/><E108/><V86/><F81/><W117/><G80/><T13/><D13/><N who="1" m="5311" /><E129/><V64/><F74/><W103/><G93/><T67/><D67/><U116/><E116/><V107/><F64/><W50/><G117/><T105/><D105/><U44/><AGARI ba="1,1" hai="41,44,51,118,119" m="5311,2311,50218" machi="44" ten="30,1100,0" yaku="19,1" doraHai="132" who="1" fromWho="1" sc="357,-6,211,24,211,-4,211,-4" /><INIT seed="1,0,0,4,1,16" ten="351,235,207,207" oya="1" hai0="36,107,65,129,93,63,21,122,101,95,87,51,81" hai1="117,111,31,40,91,125,124,19,10,39,71,75,86" hai2="121,11,96,44,79,22,13,14,115,12,82,33,126" hai3="83,54,35,18,60,61,109,90,76,55,103,30,131"/><U114/><E114/><V92/><F121/><W49/><G109/><T0/><D36/><U134/><E117/><V89/><F33/><W128/><G103/><T123/><D0/><U32/><E75/><V46/><F115/><W29/><G90/><T70/><D129/><N who="3" m="49737" /><G18/><T102/><D21/><U28/><E71/><V59/><F126/><N who="1" m="48745" /><E134/><V4/><F59/><N who="3" m="34935" /><G61/><T88/><D102/><U132/><E132/><V68/><F68/><W41/><G41/><T113/><D113/><U72/><E72/><V8/><F79/><W52/><G35/><T84/><D51/><U23/><E10/><V24/><F82/><W108/><G108/><T69/><D69/><U2/><E32/><V26/><F89/><W66/><G66/><T42/><D42/><U97/><E97/><V104/><F104/><W45/><G55/><T38/><D38/><U67/><E67/><V77/><F77/><W17/><G17/><T100/><D107/><U47/><E111/><V15/><F96/><W118/><G118/><T53/><D53/><U116/><E116/><V62/><F92/><W94/><G94/><T133/><D133/><U119/><E119/><V20/><F62/><W1/><G1/><T57/><D70/><U80/><E2/><N who="2" m="23" /><F46/><W6/><G6/><T27/><D100/><U99/><E99/><V127/><F44/><W64/><G64/><T34/><D101/><U130/><E130/><V110/><F127/><W5/><G5/><T37/><D37/><U74/><E74/><AGARI ba="0,0" hai="29,30,45,49,52,74,76,83" m="34935,49737" machi="74" ten="30,2000,0" yaku="19,1,54,1" doraHai="16" who="3" fromWho="1" sc="351,0,235,-20,207,0,207,20" /><INIT seed="2,0,0,5,5,109" ten="351,215,207,227" oya="2" hai0="108,89,6,19,103,73,77,10,45,135,96,72,64" hai1="54,55,120,93,134,104,80,34,112,62,84,28,1" hai2="97,57,133,16,61,75,58,56,116,66,59,126,87" hai3="127,128,27,106,131,3,52,88,68,71,94,98,132"/><V101/><F116/><W82/><G3/><T40/><D108/><U102/><E104/><V43/><F75/><W86/><G106/><T44/><D135/><U25/><E134/><V31/><F133/><W51/><G27/><T47/><D89/><U8/><E120/><V50/><F126/><W39/><G39/><N who="0" m="21535" /><D19/><U130/><E130/><N who="3" m="49706" /><G127/><T79/><D79/><U21/><E112/><V123/><F123/><W5/><G5/><T41/><D72/><U29/><E29/><V76/><F31/><W32/><G32/><T110/><D64/><U65/><E34/><V113/><F113/><W30/><G30/><T4/><D4/><U9/><E1/><V81/><F16/><W7/><G7/><T129/><D41/><U0/><E0/><V107/><F43/><W12/><G12/><T67/><D67/><U114/><E114/><V70/><F70/><W18/><G18/><T26/><D26/><U74/><E74/><V37/><REACH who="2" step="1"/><F50/><REACH who="2" ten="351,215,197,227" step="2"/><W115/><G115/><T119/><D119/><U38/><E38/><AGARI ba="0,1" hai="37,38,56,57,58,59,61,66,76,81,87,97,101,107" machi="38" ten="40,3900,0" yaku="1,1,2,1,53,0" doraHai="109" doraHaiUra="36" who="2" fromWho="1" sc="351,0,215,-39,197,49,227,0" /><INIT seed="2,1,0,5,0,48" ten="351,176,246,227" oya="2" hai0="98,103,77,37,87,72,29,124,24,107,129,10,36" hai1="110,28,59,96,114,80,86,17,67,53,97,13,51" hai2="122,66,21,26,89,8,49,104,126,2,56,18,94" hai3="7,69,9,135,112,88,105,22,128,30,132,23,63"/><V121/><F104/><W58/><G105/><T47/><D129/><U71/><E110/><V55/><F126/><W99/><G69/><T79/><D124/><U131/><E131/><V33/><F33/><W11/><G128/><T134/><D134/><N who="3" m="51241" /><G112/><T70/><D70/><U111/><E111/><V95/><F95/><N who="3" m="56807" /><G30/><T3/><D87/><U32/><E114/><V130/><F130/><W1/><G9/><T115/><D47/><U16/><E17/><V41/><F66/><AGARI ba="1,0" hai="1,7,11,22,23,58,63,66" m="56807,51241" machi="66" ten="30,2000,0" yaku="20,1,54,1" doraHai="48" who="3" fromWho="2" sc="351,0,176,0,246,-23,227,23" /><INIT seed="3,0,0,4,1,21" ten="351,176,223,250" oya="3" hai0="19,41,91,32,64,56,69,135,99,128,53,74,79" hai1="15,119,48,78,111,36,82,110,28,106,23,8,130" hai2="44,3,34,105,107,65,93,96,55,98,72,85,66" hai3="31,2,71,113,101,120,125,75,67,12,0,16,38"/><W117/><G117/><T94/><D32/><U121/><E36/><V83/><F3/><W51/><G120/><T81/><D41/><U80/><E121/><V43/><F34/><W87/><G113/><T33/><D33/><U103/><E119/><V114/><F114/><W77/><G38/><T123/><D123/><U97/><E130/><V50/><F72/><W20/><G75/><T9/><D128/><U29/><E48/><V60/><F66/><W59/><G125/><T5/><D69/><U42/><E42/><V61/><F61/><W63/><G101/><T40/><D64/><U6/><E80/><V134/><F43/><W90/><G77/><T118/><D40/><U52/><E52/><V18/><F18/><W46/><G31/><T1/><D135/><U116/><E116/><V84/><F84/><W30/><G30/><T47/><D19/><U26/><REACH who="1" step="1"/><E29/><REACH who="1" ten="351,166,223,250" step="2"/><V88/><F134/><W14/><G51/><T37/><D37/><U45/><E45/><V108/><F108/><W95/><G46/><T112/><D118/><U24/><E24/><V27/><F27/><W35/><G63/><T129/><D47/><U100/><E100/><V17/><F44/><W127/><G67/><T86/><D129/><U131/><E131/><V13/><F50/><W124/><G124/><T104/><D81/><U22/><E22/><V102/><F55/><W54/><G54/><T126/><D126/><U122/><E122/><V70/><F83/><W89/><G35/><T115/><D115/><U58/><E58/><V39/><F39/><W68/><G127/><T73/><D112/><RYUUKYOKU ba="0,1" sc="351,-10,166,30,223,-10,250,-10" hai1="6,8,15,23,26,28,78,82,97,103,106,110,111" owari="351,45.1,196,-30.4,213,-18.7,240,4.0" /></mjloggm>