<mjloggm ver="2.3"><GO type="225" lobby="0"/><UN n0="%E6%97%A5%E6%9B%9C%E6%97%A5%E3%82%88%E3%82%8A%E3%81%AE%E4%BD%BF%E8%80%85" n1="%E3%83%AB%E3%83%9B%E3%83%B3%E3%83%87%E3%82%A3%E3%82%A8" n2="%E6%80%AA%E3%81%97%E3%81%99%E3%81%8E%E3%82%8B%E3%83%81%E3%83%BC" n3="%E3%81%A1%E3%82%85%E3%81%86%E3%81%A9%E3%81%8F%E8%B1%A1%E3%81%95%E3%82%93" dan="17,17,17,16" rate="2205.06,2195.44,2147.94,2104.29" sx="M,M,M,M"/><TAIKYOKU oya="0"/><INIT seed="0,0,0,5,0,42" ten="250,250,250,250" oya="0" hai0="124,133,69,6,68,104,46,126,132,30,88,86,29" hai1="71,53,37,36,58,111,11,56,67,121,44,60,35" hai2="3,26,72,25,18,99,4,70,55,51,47,16,112" hai3="5,100,34,39,19,40,7,48,21,95,79,27,8"/><T110/><D104/><U45/><E35/><V89/><F112/><W103/><G79/><T98/><D98/><U74/><E74/><V127/><F127/><N who="0" m="48682" /><D6/><U28/><E28/><N who="0" m="10857" /><D110/><U106/><E11/><V129/><F70/><N who="0" m="27242" /><D46/><N who="1" m="18027" /><E106/><V15/><F72/><W134/><G39/><N who="1" m="14922" /><E111/><V61/><F129/><W116/><G116/><T49/><D49/><N who="1" m="30767" /><E71/><V52/><F3/><W108/><G34/><T117/><D117/><U122/><AGARI ba="0,0" hai="58,60,67,121,122" m="30767,14922,18027" machi="122" ten="30,8000,1" yaku="34,2,52,3" doraHai="42" who="1" fromWho="1" sc="250,-40,250,80,250,-20,250,-20" /><INIT seed="1,0,0,1,2,40" ten="210,330,230,230" oya="1" hai0="72,98,13,2,9,16,1,106,97,43,28,81,115" hai1="122,38,99,60,20,22,51,111,12,66,33,101,118" hai2="14,69,88,63,68,3,110,126,107,35,75,86,134" hai3="96,91,104,54,15,127,32,135,70,57,95,105,103"/><U89/><E38/><V82/><F3/><W36/><G36/><T102/><D115/><U24/><E118/><V120/><F120/><W8/><G70/><T84/><D72/><U52/><E122/><V0/><F0/><W10/><G32/><T87/><D28/><U79/><E79/><V21/><F35/><W48/><G135/><T47/><D98/><U113/><E89/><V56/><F107/><W109/><G109/><T41/><D41/><U50/><E50/><V77/><F110/><W27/><G127/><T23/><D9/><U92/><E113/><V34/><F34/><W29/><G103/><T4/><D4/><U80/><E80/><V76/><F134/><W116/><G116/><T78/><REACH who="0" step="1"/><D84/><REACH who="0" ten="200,330,230,230" step="2"/><U129/><E99/><V25/><F75/><W83/><G8/><T64/><D64/><U73/><E66/><V128/><F86/><W71/><G10/><T74/><D74/><U114/><E73/><V53/><F126/><W90/><G29/><T45/><D45/><U121/><E114/><V37/><F128/><W93/><G96/><T94/><D94/><U117/><E92/><V31/><F31/><W112/><G95/><T5/><D5/><U133/><E121/><V11/><F11/><W30/><G112/><T49/><AGARI ba="0,1" hai="1,2,13,16,23,43,47,49,78,81,87,97,102,106" machi="49" ten="20,12000,2" yaku="1,1,0,1,7,1,52,1,54,1,53,1" doraHai="40" doraHaiUra="46" who="0" fromWho="0" sc="200,130,330,-60,230,-30,230,-30" /><INIT seed="2,0,0,0,5,16" ten="330,270,200,200" oya="2" hai0="53,115,34,97,67,11,110,79,35,59,119,46,13" hai1="122,106,42,111,56,127,117,65,50,3,130,21,54" hai2="43,123,87,8,6,75,96,114,52,73,20,1,90" hai3="88,47,95,4,82,135,121,26,17,101,33,132,103"/><V58/><BYE who="3" /><F114/><W83/><G83/><T116/><D115/><UN n3="%E3%81%A1%E3%82%85%E3%81%86%E3%81%A9%E3%81%8F%E8%B1%A1%E3%81%95%E3%82%93" /><U12/><E106/><V133/><F123/><W48/><G121/><T28/><D110/><U5/><E3/><V125/><F125/><W14/><G4/><N who="0" m="3303" /><D79/><U134/><E117/><N who="0" m="45129" /><D28/><U104/><E5/><V70/><F133/><N who="3" m="51275" /><G82/><T99/><D46/><U105/><E105/><V25/><F70/><W71/><G71/><T18/><D18/><U66/><E56/><V24/><F24/><W112/><G26/><T44/><D44/><U92/><E104/><V91/><F75/><W102/><G33/><N who="0" m="12299" /><D67/><U31/><E65/><V86/><F73/><W108/><G112/><T113/><D113/><U29/><E66/><V68/><F43/><N who="3" m="24703" /><G108/><T9/><D9/><U78/><E29/><N who="2" m="17575" /><F68/><W76/><G76/><T63/><AGARI ba="0,0" hai="53,59,63,97,99" m="12299,45129,3303" machi="63" ten="30,1100,0" yaku="12,1" doraHai="16" who="0" fromWho="0" sc="330,11,270,-3,200,-5,200,-3" /><INIT seed="3,0,0,3,2,11" ten="341,267,195,197" oya="3" hai0="23,71,3,96,57,76,66,91,53,106,83,103,34" hai1="100,68,95,47,7,69,35,28,97,132,33,22,92" hai2="102,24,27,51,37,93,123,99,54,134,10,63,4" hai3="115,50,55,74,111,73,44,116,60,25,87,119,86"/><W19/><G115/><T5/><D91/><U130/><E68/><V114/><F114/><W65/><G111/><T67/><D34/><U133/><E69/><V77/><F37/><W72/><G25/><T64/><D23/><U8/><E47/><N who="2" m="28031" /><F134/><N who="1" m="51817" /><E92/><V125/><F125/><W131/><G19/><T52/><D71/><U38/><E38/><V117/><F117/><W85/><REACH who="3" step="1"/><G131/><REACH who="3" ten="341,267,195,187" step="2"/><T48/><D5/><U42/><E130/><V118/><F118/><W45/><G45/><T58/><D3/><N who="1" m="127" /><E42/><V75/><F123/><W15/><G15/><T122/><D122/><U128/><E128/><V109/><F109/><W129/><G129/><T105/><D105/><U79/><E79/><V61/><F77/><W41/><G41/><T101/><D106/><U40/><E40/><V29/><F29/><W14/><G14/><T1/><D1/><U39/><E39/><V18/><F4/><W46/><G46/><T59/><D76/><U124/><E124/><V32/><F27/><AGARI ba="0,1" hai="22,27,28,33,35,95,97,100" m="127,51817" machi="27" ten="30,1000,0" yaku="20,1" doraHai="11" who="1" fromWho="2" sc="341,0,267,20,195,-10,187,0" owari="341,44.1,287,8.7,185,-31.5,187,-21.3" /></mjloggm>