<mjloggm ver="2.3"><GO type="225" lobby="0"/><UN n0="%33%74%72%65%65" n1="%E3%81%A1%E3%82%85%E3%81%86%E3%81%A9%E3%81%8F%E8%B1%A1%E3%81%95%E3%82%93" n2="%6D%75%75%6D%75%72%61" n3="%E6%9C%AA%E6%9D%A5%E5%B0%91%E5%B9%B4" dan="17,17,16,16" rate="2226.42,2203.25,2174.73,2141.58" sx="F,M,F,M"/><TAIKYOKU oya="0"/><INIT seed="0,0,0,5,3,54" ten="250,250,250,250" oya="0" hai0="120,96,116,76,14,27,11,63,60,77,78,82,135" hai1="39,97,88,38,36,19,105,4,34,2,43,58,102" hai2="126,70,48,100,16,45,91,9,40,85,117,37,42" hai3="83,1,95,89,15,50,6,5,52,32,131,61,112"/><T28/><D116/><U93/><E34/><V130/><F117/><W8/><G112/><T106/><D120/><U119/><E119/><V87/><F126/><W128/><G32/><T18/><D135/><U79/><E79/><V94/><F130/><N who="3" m="49707" /><G61/><T21/><REACH who="0" step="1"/><D82/><REACH who="0" ten="240,250,250,250" step="2"/><U46/><E36/><V71/><F37/><W26/><G83/><T44/><D44/><U49/><E38/><V73/><F45/><N who="3" m="27727" /><G26/><T129/><D129/><U125/><E125/><V84/><F73/><W74/><G74/><T104/><D104/><U55/><E105/><V113/><F113/><W23/><G95/><T90/><D90/><U65/><E102/><AGARI ba="0,1" hai="11,14,18,21,27,28,60,63,76,77,78,96,102,106" machi="102" ten="40,2000,0" yaku="1,1,53,0" doraHai="54" doraHaiUra="0" who="0" fromWho="1" sc="240,30,250,-20,250,0,250,0" /><INIT seed="0,1,0,5,3,16" ten="270,230,250,250" oya="0" hai0="108,25,38,62,101,79,1,91,86,66,94,35,2" hai1="54,103,123,76,90,39,64,106,74,34,61,133,44" hai2="30,58,125,78,55,45,127,23,17,73,50,118,21" hai3="120,32,46,109,88,15,92,77,130,26,36,87,47"/><T43/><D108/><U52/><E123/><V124/><F118/><W33/><G109/><T65/><D65/><U89/><E34/><V70/><F70/><W132/><G120/><T105/><D79/><U56/><E133/><V97/><F97/><W29/><G130/><T12/><D12/><U99/><E74/><V135/><F135/><W115/><G132/><T128/><D128/><U112/><E112/><V14/><F78/><W63/><G115/><T31/><D43/><U18/><E76/><V5/><F5/><W95/><G33/><T83/><D83/><U51/><E18/><N who="2" m="10455" /><F30/><W72/><G36/><T104/><D38/><U81/><E81/><V24/><F73/><W28/><G28/><T4/><D4/><U69/><REACH who="1" step="1"/><E39/><REACH who="1" ten="270,220,250,250" step="2"/><V0/><F0/><W117/><G117/><T20/><D35/><U102/><E102/><V7/><F7/><W49/><G72/><T60/><D101/><U82/><E82/><V71/><F71/><W114/><G77/><T11/><D1/><U116/><E116/><V3/><F3/><W42/><G114/><T6/><REACH who="0" step="1"/><D62/><AGARI ba="1,1" hai="44,51,52,54,56,61,62,64,69,89,90,99,103,106" machi="62" ten="30,7700,0" yaku="1,1,7,1,54,1,53,1" doraHai="16" doraHaiUra="67" who="1" fromWho="0" sc="270,-80,220,90,250,0,250,0" /><INIT seed="1,0,0,0,0,39" ten="190,310,250,250" oya="1" hai0="36,112,26,103,118,82,104,109,46,126,45,129,35" hai1="77,74,135,114,107,92,18,29,41,44,122,87,7" hai2="106,9,56,88,0,37,119,61,121,1,11,31,98" hai3="91,32,48,49,40,78,90,70,2,53,25,86,55"/><U47/><E122/><V125/><F121/><W115/><G115/><T68/><RYUUKYOKU type="yao9" ba="0,0" sc="190,0,310,0,250,0,250,0" hai0="26,35,36,45,46,68,82,103,104,109,112,118,126,129" /><INIT seed="1,1,0,3,3,74" ten="190,310,250,250" oya="1" hai0="92,54,100,22,13,82,43,7,85,128,112,48,71" hai1="35,27,9,12,65,80,125,78,73,131,24,62,32" hai2="106,19,69,61,36,28,64,60,41,21,0,10,55" hai3="68,47,91,31,104,42,75,57,30,70,99,15,83"/><U76/><E125/><V118/><F118/><W103/><G57/><T119/><D119/><U95/><E131/><V2/><F106/><W101/><G101/><T4/><D112/><U94/><E27/><V50/><F28/><W107/><G107/><T98/><D71/><U90/><E76/><V67/><F10/><W108/><G108/><T33/><D33/><U133/><E133/><V120/><F120/><W51/><G15/><T93/><D93/><U44/><E44/><V3/><F41/><W53/><G42/><T114/><D43/><U63/><E24/><V111/><F36/><W84/><REACH who="3" step="1"/><G75/><REACH who="3" ten="190,310,250,240" step="2"/><T5/><D114/><U121/><E121/><V113/><F111/><W11/><G11/><T72/><D72/><U38/><E38/><V115/><F113/><W126/><G126/><T40/><D40/><U135/><E9/><V96/><F3/><W18/><G18/><N who="0" m="10575" /><D128/><U110/><E12/><V26/><F115/><W81/><G81/><T89/><D5/><U17/><E73/><V127/><F127/><W14/><G14/><T86/><D86/><U122/><E80/><V45/><F96/><W123/><G123/><T129/><D129/><U105/><E110/><V52/><F55/><W124/><G124/><T16/><D16/><U37/><E17/><V79/><F2/><W39/><G39/><T23/><D23/><U34/><E37/><V117/><F0/><W29/><AGARI ba="1,1" hai="29,30,31,47,51,53,68,70,83,84,91,99,103,104" machi="29" ten="30,2000,0" yaku="1,1,0,1,53,0" doraHai="74" doraHaiUra="59" who="3" fromWho="3" sc="190,-6,310,-11,250,-6,240,33" /><INIT seed="2,0,0,5,5,67" ten="184,299,244,273" oya="2" hai0="56,41,99,133,22,97,5,77,92,28,100,11,3" hai1="117,64,57,10,82,81,52,65,40,103,72,62,27" hai2="121,16,4,42,104,70,94,63,23,7,13,119,132" hai3="131,118,96,59,95,87,51,90,122,19,88,48,50"/><V115/><F119/><W98/><G118/><T32/><D133/><U85/><E117/><V73/><F115/><W120/><G131/><T2/><D2/><U71/><E40/><V49/><F121/><W26/><G59/><T12/><D41/><U93/><E27/><V112/><F104/><W35/><G96/><T74/><D74/><U29/><E29/><V43/><F112/><W79/><G79/><T102/><D77/><U39/><E39/><V108/><F73/><W124/><G124/><T84/><D84/><U58/><E72/><V105/><F105/><W135/><G135/><T6/><D32/><U68/><E10/><V128/><F132/><W114/><G114/><T123/><D123/><U9/><E9/><V54/><F128/><W111/><G111/><T34/><D34/><U25/><E25/><V126/><F126/><W75/><G75/><T33/><D33/><U44/><E103/><V106/><F106/><W21/><REACH who="3" step="1"/><G35/><REACH who="3" ten="184,299,244,263" step="2"/><T113/><D113/><U86/><E44/><V20/><F108/><W130/><G130/><T127/><D127/><U78/><E78/><V109/><F109/><W69/><G69/><T55/><D99/><U8/><E62/><V110/><F70/><W37/><G37/><T116/><D116/><U83/><E71/><V47/><F110/><W0/><G0/><T36/><D36/><U89/><E68/><V61/><F61/><W15/><G15/><T134/><D134/><U18/><E85/><V53/><F63/><W31/><G31/><T101/><D3/><U38/><E38/><N who="2" m="21975" /><F13/><W91/><G91/><T107/><D12/><RYUUKYOKU ba="0,1" sc="184,-10,299,-10,244,-10,263,30" hai3="19,21,26,48,50,51,87,88,90,95,98,120,122" /><INIT seed="3,1,1,3,4,52" ten="174,289,234,293" oya="3" hai0="35,69,74,111,76,8,129,0,81,32,13,21,45" hai1="124,82,62,58,19,104,6,83,91,15,123,24,133" hai2="102,87,100,92,57,7,90,99,103,50,66,11,9" hai3="26,16,89,110,28,84,46,97,73,134,101,20,64"/><W31/><G73/><T18/><D129/><U12/><E123/><V5/><F87/><W77/><G77/><T54/><D111/><U55/><E104/><V108/><F108/><W70/><G134/><T114/><D114/><U131/><E133/><V37/><F37/><W125/><G125/><T42/><D54/><U85/><E131/><V94/><F94/><N who="3" m="58551" /><G70/><T112/><D69/><U127/><E83/><V78/><F50/><W67/><G46/><T40/><D112/><U34/><E6/><N who="2" m="2059" /><F78/><W44/><G44/><T1/><D40/><U96/><E96/><V49/><F49/><W106/><G106/><T43/><D43/><U23/><E34/><V86/><F86/><W65/><G110/><T117/><D117/><U47/><E47/><V39/><F39/><W126/><G126/><AGARI ba="1,1" hai="12,15,19,23,24,55,58,62,82,85,91,124,126,127" machi="126" ten="40,2600,0" yaku="18,1,52,1" doraHai="52" who="1" fromWho="3" sc="174,0,289,39,234,0,293,-29" owari="174,-32.6,328,42.8,234,-16.6,264,6.4" /></mjloggm>