<mjloggm ver="2.3"><GO type="225" lobby="0"/><UN n0="%E3%81%A8%E3%82%93%E3%81%A8%E3%81%93%E3%81%A8%E3%82%93" n1="%E3%81%A8%E3%82%89%E3%81%84%E3%81%A1" n2="%E3%81%AF%E3%82%88%E3%81%8A%E3%81%98%E3%81%95%E3%82%93" n3="%E5%B8%86%E7%AB%8B%E5%A4%8F%E8%A1%A3" dan="16,16,17,16" rate="2145.02,2109.67,2252.45,2131.39" sx="F,M,M,M"/><TAIKYOKU oya="0"/><INIT seed="0,0,0,0,0,119" ten="250,250,250,250" oya="0" hai0="120,24,25,10,81,48,105,0,115,117,93,41,37" hai1="64,102,33,72,13,7,42,83,27,43,131,49,40" hai2="128,125,57,47,50,71,5,9,61,60,36,67,68" hai3="16,15,135,29,53,8,100,88,123,22,89,2,114"/><T94/><D105/><U74/><E131/><V110/><F9/><W23/><G114/><T55/><D115/><U104/><E64/><N who="2" m="40967" /><F5/><W80/><G135/><T19/><D117/><U35/><E27/><V96/><F96/><W113/><G113/><T106/><D106/><U108/><E108/><V21/><F21/><W130/><G123/><T77/><D120/><U79/><E74/><V46/><F128/><W14/><G130/><T12/><D0/><U39/><E39/><V62/><F125/><W118/><G118/><T59/><D41/><U45/><E102/><V84/><F84/><W121/><G121/><T87/><REACH who="0" step="1"/><D37/><REACH who="0" ten="240,250,250,250" step="2"/><U97/><E104/><V129/><F129/><W127/><G2/><T116/><D116/><U58/><E42/><N who="2" m="22855" /><F110/><W95/><G127/><T18/><D18/><U1/><E40/><N who="2" m="24935" /><F62/><W99/><G16/><T38/><D38/><U66/><E1/><V98/><F98/><W34/><G99/><T78/><D78/><U122/><E97/><V30/><F30/><W132/><G29/><T26/><AGARI ba="0,1" hai="10,12,19,24,25,26,48,55,59,77,81,87,93,94" machi="26" ten="30,6000,0" yaku="1,1,0,1,8,1,53,0" doraHai="119" doraHaiUra="101" who="0" fromWho="0" sc="240,70,250,-20,250,-20,250,-20" /><INIT seed="0,1,0,1,2,134" ten="310,230,230,230" oya="0" hai0="64,96,13,19,92,37,6,67,49,130,3,28,120" hai1="97,59,76,77,115,29,41,80,91,133,35,108,101" hai2="44,61,11,123,125,103,65,40,100,124,21,66,131" hai3="22,12,128,70,57,106,30,58,81,24,86,122,82"/><T17/><D120/><U78/><E108/><V20/><F123/><W53/><G122/><T7/><D37/><U104/><E133/><V45/><F11/><W47/><G128/><T79/><D130/><U34/><E115/><V111/><F131/><W8/><G106/><T10/><D79/><U113/><E113/><V51/><F111/><W83/><G70/><T119/><D119/><U94/><E29/><V14/><F14/><W102/><G102/><T4/><D49/><U0/><E0/><V69/><F66/><W121/><G121/><T5/><D28/><U60/><E41/><V72/><F72/><W16/><G47/><T95/><D95/><U85/><REACH who="1" step="1"/><E104/><REACH who="1" ten="310,220,230,230" step="2"/><V36/><F40/><W126/><G126/><T48/><D3/><U68/><E68/><V127/><F36/><W118/><G118/><T98/><D48/><U2/><E2/><V15/><F51/><N who="3" m="30911" /><G58/><T23/><D19/><U110/><E110/><V132/><F132/><W27/><G27/><N who="0" m="14831" /><D98/><U9/><E9/><V109/><F109/><W105/><G105/><T32/><D32/><U107/><E107/><V18/><F20/><W62/><G62/><T38/><D38/><U135/><E135/><V39/><F39/><W93/><G93/><T54/><D10/><U90/><E90/><AGARI ba="1,1" hai="8,12,16,22,24,30,81,82,83,86,90" m="30911" machi="90" ten="30,2000,0" yaku="8,1,54,1" doraHai="134" who="3" fromWho="1" sc="310,0,220,-23,230,0,230,33" /><INIT seed="1,0,0,1,2,81" ten="310,197,230,263" oya="1" hai0="2,68,30,99,112,111,79,87,133,91,125,1,45" hai1="131,95,72,98,83,119,31,13,8,130,80,135,108" hai2="35,126,58,115,75,62,73,0,109,89,96,65,48" hai3="49,10,90,36,55,106,69,12,114,22,92,101,132"/><U100/><E119/><V5/><F35/><W41/><G114/><T26/><D112/><U82/><E135/><V88/><F115/><W116/><G116/><T19/><D68/><U117/><E117/><V71/><F109/><W120/><G120/><T66/><D125/><U59/><E31/><V28/><F28/><W74/><G74/><T123/><D66/><U15/><E108/><V37/><F37/><W113/><G113/><T3/><D111/><U127/><E127/><V11/><F126/><W34/><G34/><T4/><D133/><U23/><E72/><V97/><F75/><W129/><G69/><T110/><D110/><U6/><E59/><V42/><F73/><W47/><G129/><T102/><D79/><U20/><REACH who="1" step="1"/><E13/><REACH who="1" ten="310,187,230,263" step="2"/><N who="2" m="5359" /><F71/><W94/><G132/><T52/><D30/><U18/><E18/><V77/><F0/><W38/><G12/><T44/><D19/><U118/><E118/><V60/><F58/><W21/><G38/><T93/><D1/><U33/><E33/><V32/><F32/><W86/><G36/><T63/><D2/><U76/><E76/><V24/><F77/><W7/><G7/><T57/><D3/><U84/><E84/><V103/><F24/><W27/><G27/><T39/><D4/><U85/><E85/><V51/><F65/><W9/><G86/><T104/><D26/><U121/><E121/><V70/><F70/><W53/><G22/><AGARI ba="0,1" hai="6,8,15,20,22,23,80,82,83,95,98,100,130,131" machi="22" ten="40,12000,1" yaku="1,1,53,3" doraHai="81" doraHaiUra="78" who="1" fromWho="3" sc="310,0,187,130,230,0,263,-120" /><INIT seed="1,1,0,5,2,23" ten="310,317,230,143" oya="1" hai0="36,13,134,6,104,8,88,11,53,130,120,90,17" hai1="51,109,28,3,62,86,133,60,107,118,42,40,55" hai2="50,43,24,41,44,1,34,32,33,4,119,76,82" hai3="48,47,129,29,125,135,64,96,81,19,131,68,83"/><U106/><E118/><V113/><F119/><W70/><G29/><T7/><D104/><U16/><E3/><V10/><F113/><W123/><G96/><T61/><D36/><U132/><E28/><V20/><F43/><N who="1" m="16425" /><E86/><V56/><F56/><W18/><G123/><T114/><D114/><U77/><E77/><V126/><F126/><W38/><G38/><T124/><D124/><U92/><E92/><V45/><F44/><W2/><G125/><T85/><D130/><U112/><E112/><V95/><F95/><W87/><G2/><T59/><D134/><N who="1" m="51819" /><E109/><V66/><F66/><W72/><G64/><T35/><D35/><U30/><E30/><V12/><F1/><W110/><G135/><T116/><D116/><U27/><E106/><V22/><REACH who="2" step="1"/><F24/><REACH who="2" ten="310,317,220,143" step="2"/><W52/><G110/><T93/><D120/><U105/><E105/><V71/><F71/><W121/><G121/><T73/><D73/><AGARI ba="1,1" hai="4,10,12,20,22,32,33,34,41,45,50,73,76,82" machi="73" ten="40,1300,0" yaku="1,1,53,0" doraHai="23" doraHaiUra="111" who="2" fromWho="0" sc="310,-16,317,0,220,26,143,0" /><INIT seed="2,0,0,4,1,119" ten="294,317,246,143" oya="2" hai0="94,110,97,107,39,33,78,4,76,53,113,61,96" hai1="118,28,116,111,55,95,126,129,48,26,10,35,62" hai2="31,104,64,133,40,109,122,63,98,72,13,5,47" hai3="83,86,2,70,87,49,54,44,73,101,37,11,29"/><V6/><F72/><W0/><G70/><T41/><D113/><U42/><E111/><V125/><F109/><W71/><G71/><T93/><D107/><U36/><E129/><V9/><F125/><W88/><G101/><T17/><D33/><U8/><E126/><V120/><F133/><W30/><G73/><T57/><D4/><U45/><E62/><V124/><F124/><W59/><G2/><T75/><D110/><U128/><E128/><V19/><F31/><W1/><G0/><T3/><D3/><U91/><E116/><V134/><F134/><W80/><G37/><T103/><D75/><U25/><E25/><V68/><F5/><W92/><G92/><T24/><D41/><U12/><E12/><V52/><F52/><W121/><G121/><T105/><D39/><U27/><E27/><V131/><F131/><W14/><G59/><T18/><D105/><U112/><E112/><V84/><F84/><W50/><G50/><T99/><D96/><U66/><E66/><V58/><F58/><W7/><REACH who="3" step="1"/><G1/><REACH who="3" ten="294,317,246,133" step="2"/><T65/><D94/><U108/><E108/><V20/><F120/><W106/><G106/><T127/><D93/><U85/><E118/><V132/><F122/><W15/><G15/><T60/><D103/><U69/><E69/><V67/><F132/><W117/><G117/><T89/><D127/><U74/><E74/><V130/><F130/><W100/><G100/><T51/><D51/><U79/><E36/><N who="2" m="21895" /><F68/><W22/><G22/><T82/><D57/><U21/><E21/><V46/><F20/><W123/><G123/><T23/><D23/><RYUUKYOKU ba="0,1" sc="294,-10,317,-10,246,-10,133,30" hai3="7,11,14,29,30,44,49,54,80,83,86,87,88" /><INIT seed="3,1,1,5,1,17" ten="284,307,236,163" oya="3" hai0="56,63,70,72,106,76,38,40,66,58,9,125,22" hai1="104,5,96,111,1,7,8,69,2,75,89,133,81" hai2="87,85,119,86,16,120,51,24,107,4,114,46,100" hai3="30,47,109,26,61,129,13,65,34,123,83,78,23"/><W91/><G123/><T102/><D125/><U18/><E111/><V20/><F114/><W67/><G109/><T35/><D9/><U25/><E69/><V3/><F119/><W88/><G129/><T6/><D6/><U54/><E133/><V12/><F3/><W101/><G101/><T44/><D22/><U105/><E54/><V131/><F131/><W68/><G67/><T134/><D134/><U122/><E122/><V55/><F120/><W39/><G13/><T92/><D92/><U97/><E25/><V62/><F62/><W82/><G34/><T126/><D126/><U19/><E75/><V113/><F113/><W60/><G60/><T132/><D132/><U42/><E42/><V11/><F107/><W50/><G39/><T59/><D35/><U0/><E0/><V116/><F116/><W95/><G95/><T121/><D121/><U98/><E81/><V31/><F100/><W64/><G83/><T57/><D57/><U48/><E48/><V93/><F93/><W41/><G65/><T74/><REACH who="0" step="1"/><D76/><REACH who="0" ten="274,307,236,163" step="2"/><U52/><E7/><AGARI ba="1,2" hai="4,7,11,12,16,20,24,31,46,51,55,85,86,87" machi="7" ten="40,5200,0" yaku="8,1,52,1,54,1" doraHai="17" who="2" fromWho="1" sc="274,0,307,-55,236,75,163,0" owari="274,7.4,252,-14.8,311,41.1,163,-33.7" /></mjloggm>