<mjloggm ver="2.3"><GO type="225" lobby="0"/><UN n0="%28%EF%BF%A3%E2%96%BD%EF%BF%A3%29%CE%B4%E2%8C%92%E3%83%BB" n1="%E3%83%81%E3%83%AF%E3%83%AF%E9%9A%8A%E9%95%B7" n2="%E7%89%B9%E6%9D%B1%E3%81%AF%E4%B8%96%E7%95%8C%E3%82%92%E6%95%91%E3%81%86" n3="%E8%BE%9B%E5%8F%A3%E3%82%AB%E3%83%AC%E3%83%BC%E3%83%A9%E3%82%A4%E3%82%B9" dan="17,16,16,17" rate="2249.81,2106.13,2112.33,2225.63" sx="M,M,M,M"/><TAIKYOKU oya="0"/><INIT seed="0,0,0,1,5,81" ten="250,250,250,250" oya="0" hai0="85,5,120,29,121,126,16,12,0,32,82,22,106" hai1="72,77,20,44,39,108,8,115,56,63,119,103,9" hai2="113,65,104,105,118,107,37,135,75,84,134,83,41" hai3="26,28,91,92,132,133,101,76,93,74,25,123,89"/><T110/><D106/><U45/><E119/><V2/><F2/><W50/><G123/><T125/><D110/><U69/><E69/><V87/><F65/><W42/><G101/><T52/><D32/><U131/><E108/><V129/><F118/><W46/><G76/><N who="0" m="46279" /><D29/><U55/><E115/><V30/><F30/><W49/><G74/><T4/><D0/><U80/><E131/><V64/><F64/><W78/><G78/><T62/><D5/><U95/><E20/><V98/><F113/><W47/><G28/><T90/><D90/><U1/><E39/><V58/><F58/><W100/><G100/><T86/><D86/><N who="2" m="32810" /><F41/><AGARI ba="0,0" hai="25,26,41,42,46,47,49,50,89,91,92,93,132,133" machi="41" ten="25,1600,0" yaku="22,2" doraHai="81" who="3" fromWho="2" sc="250,0,250,0,250,-16,250,16" /><INIT seed="1,0,0,5,1,1" ten="250,250,234,266" oya="1" hai0="45,51,115,111,31,92,82,28,29,124,110,79,80" hai1="19,133,130,6,100,58,27,89,66,24,35,85,77" hai2="122,52,0,54,9,114,71,7,3,20,95,120,60" hai3="118,107,109,134,55,46,5,40,38,126,78,13,96"/><U99/><E130/><V67/><F0/><W62/><G109/><N who="0" m="41483" /><D115/><U135/><E77/><V53/><F114/><W73/><G134/><N who="1" m="51210" /><E6/><V69/><F69/><W21/><G126/><T87/><D124/><U94/><E35/><V101/><REACH who="2" step="1"/><F20/><REACH who="2" ten="250,250,224,266" step="2"/><W17/><G21/><T98/><D82/><N who="1" m="49335" /><E19/><V61/><F61/><AGARI ba="0,1" hai="24,27,58,61,66,94,99,100" m="49335,51210" machi="61" ten="30,1500,0" yaku="20,1" doraHai="1" who="1" fromWho="2" sc="250,0,250,25,224,-15,266,0" /><INIT seed="1,1,0,0,4,81" ten="250,275,209,266" oya="1" hai0="43,72,3,6,93,61,127,89,0,16,90,100,115" hai1="18,34,125,98,48,121,54,27,76,68,128,97,47" hai2="29,14,24,122,85,88,133,96,71,94,19,74,86" hai3="17,119,105,73,108,114,69,95,64,58,22,44,39"/><U37/><E121/><V12/><F133/><W53/><G105/><T63/><D72/><U83/><E68/><V4/><F122/><W103/><G114/><T36/><D115/><U25/><E128/><V79/><F71/><W134/><G73/><T67/><D127/><U106/><E125/><V80/><F4/><W107/><G107/><T101/><D36/><U87/><E37/><V55/><F55/><W50/><G134/><T109/><D43/><U23/><REACH who="1" step="1"/><E106/><REACH who="1" ten="250,265,209,266" step="2"/><V91/><F19/><W99/><G119/><T20/><D16/><U11/><E11/><V38/><F38/><W8/><G69/><T102/><D6/><U126/><E126/><V51/><F51/><W112/><G112/><T104/><D104/><U82/><E82/><V84/><REACH who="2" step="1"/><F91/><REACH who="2" ten="250,265,199,266" step="2"/><W46/><G39/><T117/><D90/><U2/><E2/><V113/><F113/><W40/><G50/><T21/><D89/><U75/><E75/><V15/><F15/><W92/><G8/><T1/><D0/><U9/><E9/><V132/><F132/><W52/><G103/><T65/><D102/><U56/><E56/><V124/><F124/><W30/><G58/><T130/><D1/><U33/><E33/><AGARI ba="1,2" hai="12,14,24,29,33,74,79,80,84,85,86,88,94,96" machi="33" ten="40,8000,1" yaku="1,1,52,3,54,1,53,0" doraHai="81" doraHaiUra="66" who="2" fromWho="1" sc="250,0,265,-83,199,103,266,0" /><INIT seed="2,0,0,4,5,110" ten="250,182,302,266" oya="2" hai0="41,130,30,67,135,126,16,12,112,92,18,69,45" hai1="83,3,26,19,24,107,5,70,56,96,7,53,49" hai2="132,6,121,97,8,55,98,44,86,82,94,11,62" hai3="38,27,123,43,106,93,71,25,15,99,128,65,81"/><V125/><F132/><W68/><G123/><T95/><D135/><U35/><E70/><V17/><F125/><W22/><G106/><T101/><D126/><U87/><E3/><V58/><F121/><W13/><G128/><T91/><D130/><U57/><E57/><V31/><F31/><W47/><G81/><T33/><D101/><U113/><E113/><V103/><F98/><W79/><G79/><T124/><D124/><U4/><E35/><V111/><F111/><W72/><G72/><T100/><D100/><U75/><E75/><V29/><F29/><W74/><G74/><T61/><D112/><U37/><E37/><V52/><F17/><W34/><G34/><T42/><D95/><U59/><E107/><V2/><F8/><W109/><G27/><T116/><D116/><U77/><E96/><V39/><F39/><W89/><G109/><T108/><D108/><U133/><E133/><V76/><REACH who="2" step="1"/><F44/><REACH who="2" ten="250,182,292,266" step="2"/><W20/><G47/><T32/><D30/><U14/><REACH who="1" step="1"/><E56/><REACH who="1" ten="250,172,292,266" step="2"/><V105/><F105/><W48/><G38/><T28/><D69/><U115/><E115/><V23/><F23/><AGARI ba="0,2" hai="4,5,7,14,19,23,24,26,49,53,59,77,83,87" machi="23" ten="40,2600,0" yaku="1,1,8,1,53,0" doraHai="110" doraHaiUra="36" who="1" fromWho="2" sc="250,0,172,46,292,-26,266,0" /><INIT seed="3,0,0,0,0,124" ten="250,218,266,266" oya="3" hai0="19,89,38,79,58,63,114,70,17,86,111,133,77" hai1="22,94,3,12,11,109,126,84,14,110,44,26,9" hai2="71,129,121,41,69,47,101,7,36,20,88,107,85" hai3="119,45,6,104,115,76,65,24,30,8,43,5,73"/><W96/><G119/><T82/><D38/><U1/><E44/><V67/><F121/><W127/><G115/><T87/><D70/><U106/><E106/><V83/><F129/><W57/><G127/><T64/><D114/><U13/><E84/><V100/><F7/><W10/><G65/><T99/><D133/><U91/><E91/><V97/><F67/><W116/><G116/><T120/><D111/><N who="1" m="42507" /><E94/><V81/><F100/><W80/><G57/><T35/><D35/><U49/><E49/><V74/><REACH who="2" step="1"/><F20/><REACH who="2" ten="250,218,256,266" step="2"/><W62/><G5/><T60/><D120/><U125/><E125/><V61/><F61/><W32/><G6/><T46/><D63/><U132/><E126/><V34/><F34/><W21/><G32/><T128/><D128/><U131/><E131/><V2/><F2/><N who="1" m="521" /><E132/><V66/><F66/><W53/><G62/><T98/><D64/><U54/><E54/><V93/><F93/><W39/><REACH who="3" step="1"/><G53/><REACH who="3" ten="250,218,256,256" step="2"/><T130/><D60/><U37/><E37/><V123/><F123/><W90/><G90/><T18/><D130/><U135/><E135/><V112/><F112/><W55/><G55/><T15/><D89/><U27/><E22/><V33/><F33/><W72/><G72/><T113/><D113/><U42/><E42/><V28/><F28/><W103/><AGARI ba="0,2" hai="8,10,21,24,30,39,43,45,73,76,80,96,103,104" machi="103" ten="30,3000,0" yaku="1,1,0,1,53,0" doraHai="124" doraHaiUra="52" who="3" fromWho="3" sc="250,-10,218,-10,256,-10,256,50" owari="240,-16.0,208,-29.2,246,4.6,306,40.6" /></mjloggm>