<mjloggm ver="2.3"><GO type="225" lobby="0"/><UN n0="%70%68%65%6E%6F%6D%65" n1="%63%68%78%62%64" n2="%E3%81%A8%E3%82%93%E3%81%A8%E3%81%93%E3%81%A8%E3%82%93" n3="%E5%B8%86%E7%AB%8B%E5%A4%8F%E8%A1%A3" dan="16,16,16,16" rate="2097.14,2129.63,2112.09,2142.02" sx="M,M,M,M"/><TAIKYOKU oya="0"/><INIT seed="0,0,0,5,1,45" ten="250,250,250,250" oya="0" hai0="132,23,67,123,54,36,8,48,81,12,63,57,47" hai1="33,74,75,93,61,30,59,134,14,110,85,21,106" hai2="89,102,69,11,95,78,66,91,24,99,86,3,94" hai3="111,39,28,17,73,25,92,5,115,70,119,127,9"/><T51/><D123/><U18/><E110/><V4/><F24/><W22/><G73/><T42/><D132/><U116/><E106/><V101/><REACH who="2" step="1"/><F78/><REACH who="2" ten="250,250,240,250" step="2"/><W38/><G25/><T31/><D81/><U58/><E134/><V80/><F80/><W125/><G125/><T19/><D31/><U71/><E30/><V62/><AGARI ba="0,1" hai="3,4,11,62,66,69,86,89,91,94,95,99,101,102" machi="62" ten="30,2000,0" yaku="1,1,0,1,53,0" doraHai="45" doraHaiUra="105" who="2" fromWho="2" sc="250,-10,250,-5,240,30,250,-5" /><INIT seed="1,0,0,4,3,75" ten="240,245,270,245" oya="1" hai0="113,31,43,115,34,63,97,124,46,85,129,48,55" hai1="92,59,47,112,103,60,108,100,35,80,15,74,3" hai2="11,1,58,65,123,73,91,21,25,16,37,6,62" hai3="30,121,83,77,32,110,89,36,49,111,9,33,102"/><U70/><E112/><V95/><F123/><W17/><G36/><T51/><D34/><U18/><E3/><V27/><F73/><W2/><G121/><T119/><D31/><U19/><E70/><V135/><F135/><W116/><G102/><T53/><D97/><U125/><E35/><V24/><REACH who="2" step="1"/><F37/><REACH who="2" ten="240,245,260,245" step="2"/><W13/><G111/><T98/><D115/><U40/><E108/><V105/><F105/><W130/><G110/><T39/><D113/><U14/><E125/><V20/><F20/><W126/><G126/><T57/><D124/><U22/><E74/><V0/><F0/><W93/><G2/><T82/><D39/><U54/><E92/><V109/><F109/><W69/><G33/><T107/><D107/><U94/><E94/><V79/><F79/><W29/><G32/><T56/><D119/><U101/><E80/><V4/><F4/><W50/><G116/><T8/><D129/><U66/><E66/><V133/><F133/><W99/><G83/><T12/><D98/><AGARI ba="0,1" hai="1,6,11,16,21,24,25,27,58,62,65,91,95,98" machi="98" ten="30,3900,0" yaku="1,1,7,1,54,1,53,0" doraHai="75" doraHaiUra="104" who="2" fromWho="0" sc="240,-39,245,0,260,49,245,0" /><INIT seed="2,0,0,4,0,103" ten="201,245,309,245" oya="2" hai0="17,78,86,55,114,85,28,129,83,27,48,58,134" hai1="74,25,35,19,67,12,41,89,1,116,117,108,30" hai2="15,47,20,34,16,62,56,11,77,88,13,135,18" hai3="21,64,81,29,127,51,111,40,50,98,45,125,121"/><V26/><F135/><W92/><G121/><T59/><D134/><U5/><E74/><V52/><F77/><W7/><G111/><T57/><D129/><U76/><E76/><V84/><F47/><W63/><G7/><T0/><D114/><U44/><E67/><V14/><F34/><W24/><G81/><AGARI ba="0,0" hai="11,13,14,15,16,18,20,26,52,56,62,81,84,88" machi="81" ten="30,12000,1" yaku="7,1,8,1,54,3" doraHai="103" who="2" fromWho="3" sc="201,0,245,0,309,120,245,-120" /><INIT seed="2,1,0,1,2,117" ten="201,245,429,125" oya="2" hai0="128,55,106,36,87,60,78,7,119,135,56,131,120" hai1="86,110,29,132,14,17,95,43,85,61,116,49,92" hai2="13,74,112,2,21,3,46,33,9,129,93,5,48" hai3="101,0,108,12,31,84,44,133,107,94,27,82,15"/><V123/><F112/><W6/><G133/><T130/><D135/><U104/><E132/><V114/><F114/><W19/><G107/><T47/><D106/><U35/><E104/><V30/><F74/><W105/><G105/><T113/><D113/><U57/><E110/><V66/><F123/><W121/><G108/><T99/><D119/><U18/><E35/><V102/><F129/><W83/><G0/><T71/><D7/><U127/><E29/><V63/><F33/><W37/><G37/><T68/><D99/><U1/><E1/><V72/><F72/><W59/><G44/><T96/><D96/><U20/><E127/><V100/><F3/><W22/><G121/><T4/><D4/><U42/><E18/><V122/><F122/><W54/><G6/><T39/><D120/><U81/><E85/><V73/><F73/><W58/><G12/><T11/><D11/><U10/><E10/><V32/><F93/><N who="1" m="35913" /><E49/><V41/><F2/><W115/><G115/><T91/><D78/><N who="1" m="46391" /><E116/><V80/><F32/><W118/><G118/><T98/><D98/><U52/><AGARI ba="1,0" hai="14,17,20,42,43,52,57,61" m="46391,35913" machi="52" ten="30,2000,0" yaku="8,1,54,1" doraHai="117" who="1" fromWho="1" sc="201,-6,245,23,429,-11,125,-6" /><INIT seed="3,0,0,2,1,1" ten="195,268,418,119" oya="3" hai0="105,110,12,8,107,90,83,46,69,16,21,57,117" hai1="25,103,73,72,4,127,135,50,14,37,30,119,84" hai2="13,81,125,79,104,100,17,109,132,10,65,67,19" hai3="2,60,106,87,35,71,92,11,108,38,66,114,40"/><W6/><G114/><T5/><D69/><U49/><E37/><V118/><F118/><W77/><G106/><T99/><D117/><U122/><E135/><V121/><F109/><W113/><G113/><T54/><D110/><U63/><E122/><V130/><F130/><W80/><G108/><T53/><D46/><U120/><E120/><V41/><F121/><W31/><G92/><N who="0" m="56727" /><D105/><U33/><E127/><V36/><F132/><W39/><REACH who="3" step="1"/><G40/><REACH who="3" ten="195,268,418,109" step="2"/><T22/><D107/><U97/><E119/><V74/><F41/><W91/><G91/><T55/><D83/><U94/><E94/><V59/><F104/><W32/><G32/><T115/><D115/><U85/><E33/><V88/><F88/><W129/><G129/><T23/><D57/><U131/><E131/><V98/><F59/><W101/><G101/><T15/><AGARI ba="0,1" hai="5,8,12,15,16,21,22,23,53,54,55" m="56727" machi="15" ten="30,4000,0" yaku="8,1,52,1,54,1" doraHai="1" who="0" fromWho="0" sc="195,50,268,-10,418,-10,109,-20" owari="245,-15.5,258,5.8,408,50.8,89,-41.1" /></mjloggm>