<mjloggm ver="2.3"><GO type="225" lobby="0"/><UN n0="%4C%4F%4C%49%54%41" n1="%47%32%E9%BE%8D%E9%96%80" n2="%E5%B8%86%E7%AB%8B%E5%A4%8F%E8%A1%A3" n3="%74%61%6E%61%4B%61" dan="16,16,17,17" rate="2164.67,2095.25,2154.74,2180.78" sx="F,M,M,M"/><TAIKYOKU oya="0"/><INIT seed="0,0,0,5,0,61" ten="250,250,250,250" oya="0" hai0="31,78,11,75,38,27,21,36,126,117,79,53,26" hai1="68,39,130,97,88,32,54,113,65,105,100,116,25" hai2="125,55,109,45,110,37,17,59,99,135,5,22,122" hai3="118,123,93,63,115,64,112,107,129,8,132,33,81"/><T35/><D117/><U42/><E116/><V14/><F122/><W77/><G93/><T119/><D119/><U131/><E113/><V62/><F125/><W48/><G118/><T111/><D126/><U96/><E54/><V89/><F135/><W30/><G48/><T52/><D111/><U128/><E42/><V83/><F5/><W69/><G132/><T103/><D103/><U85/><E39/><V6/><F6/><W43/><G43/><T40/><D11/><U133/><E96/><V44/><F37/><W9/><G9/><T20/><D40/><U101/><E101/><V51/><F45/><W87/><G129/><T66/><D31/><N who="1" m="19567" /><E133/><V127/><F127/><W120/><G8/><T82/><D82/><N who="1" m="49207" /><E68/><V92/><REACH who="2" step="1"/><F83/><REACH who="2" ten="250,250,240,250" step="2"/><W124/><G124/><T104/><D36/><U60/><E60/><V121/><F121/><N who="3" m="46667" /><G115/><T72/><D38/><U12/><E12/><V80/><F80/><W86/><G112/><T4/><D4/><U3/><E3/><V28/><F28/><W95/><G30/><T56/><D27/><U57/><E57/><V90/><F90/><N who="3" m="53719" /><G33/><T114/><D114/><U7/><E7/><V50/><F50/><W16/><G16/><T73/><D35/><U106/><E105/><AGARI ba="0,1" hai="63,64,69,77,81,87,105,107" m="53719,46667" machi="105" ten="30,2000,0" yaku="13,1,52,1" doraHai="61" who="3" fromWho="1" sc="250,0,250,-20,240,0,250,30" /><INIT seed="1,0,0,4,3,82" ten="250,230,240,280" oya="1" hai0="19,71,129,65,27,41,47,24,48,46,16,77,57" hai1="87,15,125,105,99,86,29,68,54,33,66,45,95" hai2="120,116,91,78,122,37,36,59,38,85,117,58,14" hai3="123,118,2,81,96,55,8,18,67,107,30,1,4"/><U13/><E105/><V7/><F78/><W70/><G123/><N who="2" m="47145" /><F91/><W28/><G1/><T23/><D129/><U11/><E125/><V103/><F14/><W83/><G55/><T6/><D71/><U63/><E29/><V44/><F103/><W134/><G134/><T90/><D77/><U124/><E33/><V111/><F7/><W5/><G67/><T12/><D6/><U79/><E124/><V10/><F85/><W97/><G70/><T22/><D47/><U113/><E113/><V32/><F10/><W42/><G42/><T31/><D90/><U40/><E54/><V88/><F88/><W60/><G60/><N who="0" m="38031" /><D12/><U93/><E79/><V0/><F0/><W126/><G126/><T25/><D25/><U131/><E15/><V73/><F73/><W128/><G8/><T62/><D62/><U133/><E133/><V20/><F20/><W92/><G107/><T35/><D35/><U108/><E131/><V9/><F9/><W72/><G128/><T34/><D34/><U98/><E11/><V3/><F3/><W21/><G72/><T102/><D102/><U26/><E26/><V75/><F75/><W100/><G2/><T132/><D132/><U127/><E13/><V43/><F32/><W112/><G21/><T106/><D106/><U135/><E127/><V110/><F59/><W64/><G100/><T39/><D31/><U101/><E135/><V89/><F89/><W50/><G28/><T130/><D130/><U17/><E17/><V115/><F58/><W49/><G18/><T119/><D119/><N who="2" m="45642" /><F115/><W109/><G112/><T61/><D61/><RYUUKYOKU ba="0,0" sc="250,15,230,-15,240,15,280,-15" hai0="16,19,22,23,24,27,39,41,46,48" hai2="36,37,38,43,44,110,111" /><INIT seed="2,1,0,0,5,102" ten="265,215,255,265" oya="2" hai0="94,47,25,74,105,44,113,133,98,97,50,86,104" hai1="68,78,4,7,37,96,14,63,56,8,22,39,1" hai2="9,106,2,24,89,72,87,135,76,127,101,20,103" hai3="27,53,19,82,38,16,124,115,126,120,17,54,46"/><V3/><F127/><N who="3" m="48683" /><G120/><T110/><D113/><U40/><E68/><V95/><F135/><W88/><G115/><T90/><D74/><U42/><E78/><V13/><F3/><W51/><G38/><T64/><D110/><U57/><E96/><N who="2" m="61735" /><F2/><W93/><G82/><T30/><D133/><U55/><E39/><V112/><F112/><W35/><G35/><T5/><D97/><U59/><E37/><V71/><F71/><W73/><G73/><T118/><D118/><U15/><E1/><V91/><F9/><W107/><G107/><T62/><D5/><U85/><E85/><V108/><F13/><W121/><G121/><T123/><D98/><U61/><E56/><V92/><F108/><W33/><G33/><T58/><D123/><U43/><E22/><V12/><F12/><W117/><G117/><T10/><D47/><U99/><E99/><N who="2" m="57743" /><F103/><W116/><G116/><T26/><D26/><U111/><E111/><V75/><F20/><N who="3" m="13703" /><G53/><T79/><D10/><N who="1" m="4423" /><E42/><V49/><F24/><W129/><G17/><T70/><D79/><U31/><E31/><V122/><F122/><W60/><G19/><T80/><D70/><U41/><E43/><V81/><F72/><W128/><G60/><T52/><D80/><U131/><E41/><V83/><F83/><W66/><G66/><T23/><AGARI ba="1,0" hai="23,25,30,44,50,52,58,62,64,86,90,94,104,105" machi="23" ten="20,8000,1" yaku="0,1,7,1,52,2,54,1" doraHai="102" who="0" fromWho="0" sc="265,83,215,-21,255,-41,265,-21" /><INIT seed="3,0,0,0,1,79" ten="348,194,214,244" oya="3" hai0="83,127,64,103,77,54,105,107,37,47,20,106,68" hai1="66,39,56,13,60,76,65,91,14,120,90,7,69" hai2="43,18,125,104,97,34,11,57,26,10,135,115,44" hai3="99,61,116,62,86,67,100,49,4,52,3,114,19"/><W88/><G116/><T59/><D127/><U111/><E120/><V53/><F115/><W84/><G84/><T80/><D103/><U96/><E111/><V38/><F125/><W5/><G19/><T35/><D35/><U118/><E118/><V75/><F75/><W9/><G4/><T1/><D1/><U12/><E39/><V55/><F135/><W41/><G41/><T123/><D123/><U78/><E7/><V85/><F85/><W133/><G67/><T36/><D47/><U15/><N who="1" m="3072" /><DORA hai="25" /><U33/><E33/><V132/><F55/><W50/><G50/><T121/><D121/><U17/><E17/><V126/><F126/><W117/><G133/><T89/><D20/><U110/><E110/><V92/><F104/><W102/><G102/><T40/><D40/><U113/><E113/><V21/><F34/><W124/><G117/><T16/><D16/><U112/><E112/><V6/><F6/><W134/><G134/><T109/><D109/><U46/><E46/><V22/><F22/><W81/><G114/><T2/><D2/><U8/><E8/><V122/><F122/><W30/><G124/><T129/><D64/><U82/><E96/><V27/><F27/><W72/><G72/><T101/><D101/><U130/><E130/><V45/><F45/><W48/><G5/><T42/><D129/><U98/><E98/><V71/><F132/><W0/><G99/><T108/><D108/><U51/><E51/><N who="2" m="30911" /><F71/><W29/><G9/><N who="2" m="3081" /><F97/><W131/><G131/><T32/><D106/><U87/><E76/><V31/><F18/><W94/><G48/><RYUUKYOKU ba="0,0" sc="348,-15,194,15,214,15,244,-15" hai1="56,60,65,66,69,78,82,87,90,91" hai2="21,26,31,38,43,44,92" owari="333,43.3,209,-29.1,229,2.9,229,-17.1" /></mjloggm>