<mjloggm ver="2.3"><GO type="225" lobby="0"/><UN n0="%54%61%6E%67%6C%65" n1="%E3%81%86%E3%82%8C%E3%81%9F%E3%82%93%E6%9E%95" n2="%72%69%6F%75%63%68%61%6E" n3="%E9%B3%B3%E6%9D%B1%E3%81%AE%E3%81%86%E3%81%95%E3%81%8E%E3%81%95%E3%82%93" dan="16,16,17,16" rate="2058.72,2158.99,2159.12,2128.34" sx="M,F,M,M"/><TAIKYOKU oya="0"/><INIT seed="0,0,0,0,3,84" ten="250,250,250,250" oya="0" hai0="30,73,31,9,22,83,67,112,116,52,6,57,60" hai1="129,20,49,51,102,71,53,10,94,133,42,55,98" hai2="76,86,72,44,105,120,79,87,48,78,135,15,127" hai3="58,131,12,23,33,106,74,13,24,35,26,17,123"/><T50/><D116/><U100/><E129/><V134/><F120/><W101/><G74/><T28/><D112/><U125/><E133/><N who="2" m="50699" /><F127/><W107/><G131/><T119/><D119/><U63/><E125/><V8/><F105/><W81/><G123/><T132/><D132/><U109/><E109/><V56/><F56/><W29/><G81/><T118/><D118/><U59/><E71/><V68/><F68/><W96/><G107/><T45/><D73/><U126/><E126/><V128/><F72/><W108/><G108/><T47/><D83/><U104/><E10/><V85/><F128/><W64/><REACH who="3" step="1"/><G33/><REACH who="3" ten="250,250,250,240" step="2"/><T61/><D22/><U11/><E104/><V117/><F117/><W32/><G32/><T1/><REACH who="0" step="1"/><D61/><AGARI ba="0,1" hai="12,13,17,23,24,26,29,35,58,61,64,96,101,106" machi="61" ten="40,2600,0" yaku="1,1,53,1" doraHai="84" doraHaiUra="97" who="3" fromWho="0" sc="250,-26,250,0,250,0,240,36" /><INIT seed="1,0,0,2,5,78" ten="224,250,250,276" oya="1" hai0="81,39,131,123,32,93,22,95,53,17,73,88,87" hai1="102,106,41,27,97,130,14,96,62,50,82,47,124" hai2="7,16,79,23,4,19,45,8,115,92,55,67,68" hai3="118,13,65,72,9,135,70,112,33,127,42,76,24"/><U49/><E130/><V104/><F104/><W84/><G72/><T48/><D32/><U69/><E124/><V129/><F129/><W80/><G112/><T107/><D131/><U31/><E97/><V120/><F120/><W51/><G127/><T103/><D123/><U54/><E14/><V91/><F115/><W1/><G1/><T119/><D39/><U34/><E82/><V61/><F79/><W44/><G135/><T30/><D30/><U132/><E132/><V6/><F8/><W21/><G33/><T37/><D37/><U43/><REACH who="1" step="1"/><E50/><REACH who="1" ten="224,240,250,276" step="2"/><V86/><REACH who="2" step="1"/><F23/><REACH who="2" ten="224,240,240,276" step="2"/><W0/><G21/><T18/><D22/><U11/><E11/><V59/><F59/><W90/><G9/><T15/><D119/><U105/><E105/><V126/><F126/><W108/><G118/><T110/><D107/><U26/><E26/><V29/><F29/><W122/><G24/><T40/><D110/><U89/><E89/><V25/><F25/><W10/><G90/><T133/><D88/><U35/><E35/><V121/><F121/><W20/><G108/><T56/><D133/><U117/><E117/><V83/><F83/><W36/><G122/><T94/><D81/><U3/><E3/><V85/><F85/><W101/><G0/><T46/><D87/><U128/><E128/><V58/><F58/><W100/><G20/><T113/><D113/><U66/><AGARI ba="0,2" hai="27,31,34,41,43,47,49,54,62,66,69,96,102,106" machi="66" ten="30,12000,1" yaku="1,1,0,1,25,2,53,1" doraHai="78" doraHaiUra="63" who="1" fromWho="1" sc="224,-40,240,140,240,-40,276,-40" /><INIT seed="1,1,0,4,0,38" ten="184,380,200,236" oya="1" hai0="135,113,107,31,29,53,16,84,50,2,109,103,117" hai1="5,134,131,60,86,79,18,77,47,72,73,71,13" hai2="127,45,1,122,70,114,75,105,42,7,66,15,95" hai3="44,26,39,63,115,88,100,98,33,111,46,83,41"/><U36/><E131/><V119/><F15/><W89/><G111/><T0/><D117/><U99/><E134/><V68/><F95/><W85/><G115/><T57/><D113/><U58/><E71/><V59/><F75/><W129/><G129/><T49/><D135/><U17/><E73/><V40/><F105/><W80/><G63/><T124/><D109/><U62/><E72/><V120/><F114/><W93/><G44/><T48/><D124/><U8/><E36/><V102/><F102/><W91/><REACH who="3" step="1"/><G85/><REACH who="3" ten="184,380,200,226" step="2"/><T51/><D84/><U3/><E47/><V65/><F45/><W104/><G104/><T12/><D107/><U108/><E108/><V34/><F119/><W10/><G10/><T92/><D57/><U82/><E62/><V90/><F59/><W118/><G118/><T87/><D87/><U27/><E99/><V23/><F68/><W19/><G19/><T32/><D16/><U20/><E17/><V54/><F70/><W110/><G110/><T67/><D67/><N who="1" m="39319" /><E3/><V52/><F1/><W94/><G94/><T74/><D92/><U11/><E8/><V128/><F128/><W112/><G112/><T101/><D2/><U64/><E64/><V133/><F66/><W61/><G61/><T28/><D0/><U116/><E116/><V96/><F65/><W126/><G126/><T130/><D130/><U24/><E24/><V76/><F127/><W69/><G69/><T81/><D74/><U123/><E123/><V9/><F122/><W106/><G106/><T25/><D25/><U121/><E121/><V132/><F120/><W22/><G22/><RYUUKYOKU ba="1,1" sc="184,-15,380,15,200,-15,226,15" hai1="5,11,13,18,20,27,77,79,82,86" hai3="26,33,39,41,46,80,83,88,89,91,93,98,100" /><INIT seed="1,2,1,0,1,134" ten="169,395,185,241" oya="1" hai0="65,105,62,61,124,47,52,21,12,111,106,75,67" hai1="70,113,84,49,98,13,39,132,79,90,27,5,37" hai2="68,78,128,28,32,19,117,100,40,97,51,63,0" hai3="9,7,55,14,41,58,95,69,36,4,120,133,83"/><U53/><E132/><V80/><F117/><W116/><G120/><T18/><D75/><U59/><E113/><V29/><F128/><W45/><G133/><T72/><D72/><U71/><E79/><V130/><F130/><W25/><G116/><T8/><D111/><U94/><E27/><V15/><F0/><W42/><G69/><T85/><D124/><U73/><E73/><V125/><F125/><W56/><G42/><T77/><D106/><U30/><E30/><V123/><F123/><W107/><G107/><T11/><D105/><U96/><E71/><V99/><F32/><W86/><G95/><T108/><D108/><U24/><E24/><V76/><F68/><W114/><G114/><T131/><D131/><U38/><E70/><V103/><F63/><N who="0" m="24074" /><D85/><U48/><E5/><V10/><F40/><W20/><G55/><T64/><D77/><N who="2" m="29802" /><F80/><W82/><G4/><T112/><D112/><U102/><E13/><V122/><F51/><AGARI ba="2,1" hai="8,11,12,18,21,47,51,52,64,65,67" m="24074" machi="51" ten="30,2000,0" yaku="8,1,54,1" doraHai="134" who="0" fromWho="2" sc="169,36,395,0,185,-26,241,0" /><INIT seed="2,0,0,3,5,131" ten="205,395,159,241" oya="2" hai0="37,33,85,100,75,57,103,125,90,93,15,135,45" hai1="82,41,5,80,71,67,128,14,101,63,17,11,76" hai2="19,40,104,6,110,81,77,107,117,96,106,61,74" hai3="65,121,16,99,123,54,126,102,88,47,113,86,4"/><V70/><F117/><W21/><G4/><T31/><D75/><U130/><E101/><V0/><F110/><W87/><G65/><T98/><D125/><U73/><E41/><V2/><F40/><W55/><G126/><T97/><D37/><U58/><E71/><V30/><F6/><W134/><G86/><T79/><D45/><U64/><E64/><N who="2" m="41231" /><F19/><W18/><G18/><T105/><D79/><U60/><E60/><V13/><F13/><W129/><G113/><T7/><D33/><U51/><E51/><V35/><F96/><W59/><G47/><T46/><D31/><U8/><REACH who="1" step="1"/><E82/><REACH who="1" ten="205,385,159,241" step="2"/><V34/><F34/><W124/><G54/><T92/><D103/><U111/><E111/><V28/><F28/><W120/><G102/><T94/><D100/><U95/><E95/><V115/><F115/><W109/><G55/><T112/><D94/><U12/><AGARI ba="0,1" hai="5,8,11,12,14,17,58,63,67,73,76,80,128,130" machi="12" ten="30,4000,0" yaku="1,1,0,1,53,1" doraHai="131" doraHaiUra="1" who="1" fromWho="1" sc="205,-10,385,50,159,-20,241,-10" /><INIT seed="3,0,0,2,3,30" ten="195,435,139,231" oya="3" hai0="26,11,112,88,87,93,86,42,32,41,13,18,98" hai1="109,59,97,77,51,4,67,25,65,91,15,123,36" hai2="40,119,54,120,21,6,132,35,56,95,57,101,110" hai3="5,39,131,48,61,66,96,92,44,104,47,60,24"/><W94/><G131/><T53/><D112/><U129/><E36/><V125/><F132/><W7/><G104/><T31/><REACH who="0" step="1"/><D53/><REACH who="0" ten="185,435,139,231" step="2"/><N who="1" m="32191" /><E123/><V115/><F120/><W107/><G5/><T12/><D12/><U37/><E37/><V105/><F115/><W133/><G7/><T100/><D100/><U113/><E113/><V84/><F119/><W69/><G133/><T106/><D106/><U102/><E129/><V8/><F105/><W19/><G107/><T128/><D128/><U103/><E102/><V20/><F110/><W10/><G39/><T0/><D0/><U135/><E103/><V80/><F125/><W33/><G92/><T74/><D74/><U117/><E109/><V89/><F35/><W85/><G94/><T134/><D134/><U46/><E135/><V90/><F101/><W2/><G2/><T64/><D64/><U130/><E130/><V68/><F68/><W79/><G66/><T50/><D50/><U108/><E67/><V71/><F71/><W38/><G48/><T75/><D75/><U16/><E65/><V58/><F40/><AGARI ba="0,1" hai="11,13,18,26,31,32,40,41,42,86,87,88,93,98" machi="40" ten="40,5200,0" yaku="1,1,52,1,54,1,53,0" doraHai="30" doraHaiUra="121" who="0" fromWho="2" sc="185,62,435,0,139,-52,231,0" owari="247,4.7,435,53.5,87,-41.3,231,-16.9" /></mjloggm>