<mjloggm ver="2.3"><GO type="225" lobby="0"/><UN n0="%E7%89%8C%E6%B5%81%E7%8A%B6%E6%85%8B%E9%BA%BB%E9%9B%80" n1="%4D%6F%6E%61%6E%61" n2="%33%74%72%65%65" n3="%E4%BF%BA%E3%81%A8%E5%A6%96%E5%A4%A2" dan="17,16,16,17" rate="2162.73,2106.17,2123.24,2184.15" sx="M,F,F,F"/><TAIKYOKU oya="0"/><INIT seed="0,0,0,1,2,87" ten="250,250,250,250" oya="0" hai0="67,7,30,14,104,18,83,5,78,64,130,42,121" hai1="27,44,135,33,72,20,59,103,58,122,99,21,134" hai2="100,26,77,8,31,70,106,43,50,53,63,96,65" hai3="48,40,133,52,120,131,76,29,62,98,45,119,13"/><T114/><D114/><U126/><E72/><V101/><F101/><W113/><G119/><T94/><D104/><U117/><E117/><V4/><F77/><W36/><G113/><T55/><D121/><U51/><E122/><V74/><F74/><W107/><G120/><T80/><D130/><U118/><E118/><V89/><F43/><W19/><G131/><T35/><D42/><U25/><E126/><V54/><F89/><W123/><G123/><T37/><D37/><U34/><E44/><V73/><F73/><W115/><G115/><T97/><D55/><U49/><E99/><V68/><F68/><W69/><G29/><T10/><D30/><U92/><E92/><V125/><F125/><W111/><G76/><T2/><D35/><U61/><E61/><V109/><F50/><W110/><G133/><T112/><D112/><U32/><E34/><N who="2" m="20855" /><F109/><N who="3" m="41483" /><G98/><T82/><D78/><U56/><REACH who="1" step="1"/><E58/><REACH who="1" ten="250,240,250,250" step="2"/><V132/><F132/><W124/><G124/><T12/><D97/><U116/><E116/><V39/><F39/><W38/><G107/><T46/><D94/><U22/><E22/><V85/><F85/><W93/><G93/><T81/><D46/><U24/><E24/><V86/><F86/><W9/><G69/><T71/><D71/><U47/><E47/><V3/><AGARI ba="0,1" hai="3,4,8,53,54,63,65,70,96,100,106" m="20855" machi="3" ten="30,1100,0" yaku="25,1" doraHai="87" who="2" fromWho="2" sc="250,-5,240,-3,250,21,250,-3" /><INIT seed="1,0,0,4,3,19" ten="245,237,271,247" oya="1" hai0="16,88,48,15,115,60,96,107,33,83,66,61,87" hai1="38,54,31,86,103,20,37,12,125,63,127,34,11" hai2="106,10,77,132,117,44,85,7,64,131,128,89,121" hai3="58,42,116,43,102,118,71,97,84,111,91,81,25"/><U51/><E34/><V78/><F117/><N who="3" m="45163" /><G71/><T73/><D33/><U113/><E113/><V23/><F121/><W119/><N who="3" m="45171" /><W79/><DORA hai="82" /><G111/><T5/><D115/><U17/><E103/><V108/><F108/><W114/><G114/><T62/><D73/><U98/><E98/><V14/><F106/><N who="3" m="63823" /><G58/><T130/><D130/><N who="2" m="49706" /><F132/><W133/><G133/><T9/><D107/><U100/><E100/><V46/><F64/><W47/><G25/><T29/><D29/><U70/><E70/><V59/><F59/><W27/><G27/><T101/><D48/><U104/><E104/><V13/><F46/><W110/><G110/><T52/><D66/><U57/><E63/><V21/><F44/><W105/><G105/><T76/><D101/><U22/><E31/><V0/><F77/><W112/><G112/><T6/><D52/><N who="1" m="31903" /><E38/><V68/><F78/><W67/><G67/><T2/><D2/><U99/><E37/><V35/><F68/><W80/><G47/><T69/><D69/><U56/><E99/><V8/><F35/><W126/><G126/><N who="1" m="48138" /><E56/><V122/><F122/><W109/><G109/><T74/><REACH who="0" step="1"/><D96/><REACH who="0" ten="235,237,271,247" step="2"/><U90/><E54/><V65/><F65/><W24/><G42/><T55/><D55/><U50/><E50/><V53/><F53/><W30/><G43/><T134/><D134/><U36/><E36/><V92/><F0/><W72/><G30/><T3/><D3/><U94/><AGARI ba="0,1" hai="11,12,17,20,22,86,90,94" m="48138,31903" machi="94" ten="30,12000,1" yaku="18,1,52,3,54,1" doraHai="19,82" who="1" fromWho="1" sc="235,-40,237,130,271,-40,247,-40" /><INIT seed="1,1,0,4,4,21" ten="195,367,231,207" oya="1" hai0="98,44,11,130,101,64,3,81,77,34,115,35,68" hai1="97,107,87,26,31,100,20,122,82,119,108,50,1" hai2="125,90,55,116,95,22,92,47,59,110,89,42,57" hai3="75,66,54,91,56,16,38,72,25,76,53,51,128"/><U58/><E119/><V23/><F116/><W104/><G38/><T63/><D115/><U43/><E122/><V129/><F110/><W84/><G104/><T40/><D130/><U79/><E108/><V19/><F129/><W15/><G128/><T5/><D98/><U103/><E103/><V120/><F120/><W123/><G123/><T118/><D101/><U27/><E1/><V32/><F32/><W62/><G76/><T70/><D70/><U18/><E58/><V8/><F125/><W71/><G53/><T135/><D135/><U10/><E50/><N who="2" m="26999" /><F8/><W132/><G132/><T86/><REACH who="0" step="1"/><D118/><REACH who="0" ten="185,367,231,207" step="2"/><U2/><E97/><V73/><F73/><W33/><G75/><T96/><D96/><U94/><E100/><V69/><F69/><W24/><G72/><T4/><D4/><U127/><E127/><V6/><F6/><W28/><G28/><T106/><D106/><U111/><E107/><V93/><F19/><W80/><REACH who="3" step="1"/><G33/><REACH who="3" ten="185,367,231,197" step="2"/><T83/><D83/><U46/><E111/><V41/><F93/><W114/><G114/><T13/><D13/><N who="1" m="7479" /><E94/><V88/><F95/><W7/><G7/><T61/><D61/><U60/><E60/><V102/><F92/><W37/><G37/><AGARI ba="1,2" hai="3,5,11,34,35,37,40,44,63,64,68,77,81,86" machi="37" ten="30,2000,0" yaku="1,1,7,1,53,0" doraHai="21" doraHaiUra="109" who="0" fromWho="3" sc="185,43,367,0,231,0,197,-23" /><INIT seed="2,0,0,1,5,3" ten="228,367,231,174" oya="2" hai0="129,20,31,86,27,74,23,50,126,71,17,4,38" hai1="112,21,33,68,117,90,89,44,9,61,56,100,66" hai2="82,118,107,46,69,119,124,57,30,72,8,60,133" hai3="125,134,19,47,62,12,104,29,88,79,94,45,121"/><V84/><F133/><W132/><G121/><T97/><D74/><U110/><E112/><V7/><F124/><W35/><G104/><T15/><D38/><U59/><E117/><V91/><F69/><W42/><G125/><T64/><D126/><U16/><E110/><V77/><F107/><W41/><G79/><T131/><D97/><U55/><E33/><V81/><F30/><W37/><G62/><T130/><D86/><U83/><E100/><V105/><F46/><W99/><G29/><T0/><D50/><N who="1" m="29127" /><E68/><V123/><F123/><W52/><G35/><T49/><D49/><U73/><E73/><V65/><REACH who="2" step="1"/><F105/><REACH who="2" ten="228,367,221,174" step="2"/><W113/><G113/><T34/><D71/><U43/><E59/><V106/><F106/><W14/><G132/><T32/><D64/><U39/><E66/><V75/><F75/><W92/><G134/><T96/><D96/><U63/><E56/><V95/><F95/><W1/><G92/><T111/><D111/><U13/><E39/><V109/><F109/><W67/><G67/><T24/><D24/><N who="1" m="14375" /><E83/><V70/><F70/><W116/><G116/><T2/><D2/><AGARI ba="0,1" hai="2,7,8,57,60,65,72,77,81,82,84,91,118,119" machi="2" ten="30,5800,0" yaku="1,1,7,1,52,1,53,0" doraHai="3" doraHaiUra="28" who="2" fromWho="0" sc="228,-58,367,0,221,68,174,0" /><INIT seed="2,1,0,1,0,108" ten="170,367,289,174" oya="2" hai0="127,72,84,48,54,104,116,55,58,57,109,49,114" hai1="85,2,96,125,28,64,103,129,17,37,131,113,102" hai2="132,18,0,120,51,4,70,79,115,56,71,13,10" hai3="66,133,99,60,29,128,35,68,30,15,12,39,118"/><V106/><F120/><W45/><G118/><T105/><D72/><U5/><E113/><V82/><F115/><W63/><G128/><N who="1" m="49226" /><E125/><V21/><F106/><W33/><G133/><T100/><D109/><U40/><E28/><V9/><F132/><W34/><G99/><T20/><D127/><U61/><E17/><V6/><F56/><W23/><G60/><T42/><D116/><U31/><E31/><V38/><F51/><W119/><G119/><T93/><D42/><U32/><E32/><V11/><F38/><W47/><G39/><T69/><D69/><U1/><E85/><V44/><F44/><W86/><G86/><T74/><D74/><U7/><E102/><V43/><F43/><W87/><G30/><T130/><D130/><U126/><E126/><V101/><F101/><W41/><G41/><T134/><D134/><U36/><E40/><V26/><REACH who="2" step="1"/><F11/><REACH who="2" ten="170,367,279,174" step="2"/><W95/><G45/><T78/><D114/><U123/><E123/><V65/><F65/><W97/><G47/><T89/><D100/><U92/><E37/><V124/><F124/><W73/><G66/><T111/><D111/><U91/><E36/><V52/><F52/><W75/><G68/><T90/><D105/><U24/><E103/><V107/><F107/><W83/><G63/><T46/><D104/><U27/><E64/><V59/><F59/><W135/><G135/><T16/><D46/><U76/><E61/><V25/><F25/><N who="3" m="16575" /><G33/><T117/><D117/><U121/><E121/><V80/><F80/><W122/><G122/><T22/><D54/><U110/><E27/><V98/><F98/><RYUUKYOKU ba="1,1" sc="170,-10,367,-10,279,30,174,-10" hai2="0,4,6,9,10,13,18,21,26,70,71,79,82" /><INIT seed="2,2,1,0,1,111" ten="160,357,309,164" oya="2" hai0="50,9,32,14,82,91,84,62,109,132,68,113,24" hai1="79,112,89,67,98,85,30,18,127,125,90,2,16" hai2="120,61,19,77,33,128,121,99,94,22,39,124,129" hai3="45,28,122,60,78,26,37,110,44,53,23,76,119"/><V100/><F33/><W107/><G119/><T12/><D109/><U5/><E112/><V20/><F39/><W93/><G122/><T0/><D113/><U118/><E118/><V55/><F124/><N who="1" m="47689" /><E30/><V88/><F77/><W96/><G107/><T29/><D132/><U97/><E67/><V47/><F22/><W51/><G110/><T115/><D115/><U104/><E5/><V25/><F100/><W36/><G36/><T71/><D0/><U86/><E2/><V27/><F27/><W15/><G60/><T123/><D123/><N who="2" m="47178" /><F47/><W74/><G74/><T80/><D14/><U135/><E135/><V1/><F1/><W35/><G44/><T103/><D103/><N who="1" m="62575" /><E98/><V52/><F55/><W126/><G37/><T101/><D101/><U102/><E102/><V72/><F72/><W48/><G126/><T117/><D117/><U95/><E79/><V21/><F20/><W56/><G35/><T49/><D82/><AGARI ba="2,1" hai="16,18,82,85,86,89,90,95" m="62575,47689" machi="82" ten="30,2000,0" yaku="18,1,54,1" doraHai="111" who="1" fromWho="0" sc="160,-26,357,36,309,0,164,0" /><INIT seed="3,0,0,4,0,93" ten="134,393,309,164" oya="3" hai0="55,47,103,22,76,77,118,57,39,13,128,91,25" hai1="98,75,5,63,73,133,26,96,81,79,0,19,46" hai2="38,124,8,35,109,30,52,85,132,45,135,105,40" hai3="82,1,110,28,120,70,29,92,114,36,134,7,68"/><W10/><G114/><T125/><D118/><U50/><E133/><N who="2" m="51275" /><F85/><W51/><G134/><T99/><D128/><U72/><E0/><V107/><F8/><W127/><G120/><T67/><D125/><U115/><E115/><V15/><F15/><W61/><G36/><T11/><D91/><U108/><E5/><V87/><F87/><W116/><G116/><T104/><D67/><U119/><E119/><V48/><F30/><W112/><G112/><T33/><D33/><U89/><E108/><V106/><F35/><W43/><G127/><T2/><D2/><U65/><E89/><V130/><F124/><W78/><G110/><T83/><D83/><U100/><E19/><V44/><F130/><W90/><G51/><T86/><D86/><U111/><E26/><V49/><F38/><W88/><G90/><T126/><D126/><U58/><E111/><V34/><F34/><W4/><G4/><T14/><D47/><U123/><E123/><V32/><F32/><W16/><G29/><T121/><D39/><U101/><E101/><V62/><F62/><W23/><G28/><N who="0" m="17463" /><D121/><U37/><E37/><V59/><F109/><W113/><G61/><N who="0" m="36031" /><D13/><U18/><E100/><V54/><F106/><W27/><G113/><T84/><D84/><N who="1" m="48191" /><E18/><V122/><F122/><W66/><G66/><T20/><D20/><U74/><E74/><V31/><F31/><W80/><G43/><T42/><D42/><N who="1" m="24919" /><E73/><V94/><F40/><W24/><G24/><T102/><D102/><U53/><E65/><V97/><F45/><W60/><G60/><T12/><D12/><U3/><E3/><RYUUKYOKU ba="0,0" sc="134,10,393,10,309,10,164,-30" hai0="11,14,76,77,99,103,104" hai1="53,58,63,72,75,96,98" hai2="44,48,49,52,54,59,94,97,105,107" owari="144,-25.6,403,50.3,319,11.9,134,-36.6" /></mjloggm>