<mjloggm ver="2.3"><GO type="225" lobby="0"/><UN n0="%E3%81%86%E3%83%BC%E3%81%B1%E3%83%BC" n1="%4B%2E%32%2E%4B%2E" n2="%E6%80%AA%E3%81%97%E3%81%99%E3%81%8E%E3%82%8B%E3%83%81%E3%83%BC" n3="%E9%89%A2%E5%B7%BB%E3%82%AC%E3%83%96" dan="16,16,16,16" rate="2109.54,2079.57,2169.30,2075.53" sx="M,M,M,M"/><TAIKYOKU oya="0"/><INIT seed="0,0,0,2,4,127" ten="250,250,250,250" oya="0" hai0="38,88,37,112,85,132,42,65,57,91,14,56,111" hai1="89,133,61,97,21,63,70,41,39,115,55,50,107" hai2="114,11,95,32,68,77,96,92,3,126,109,110,82" hai3="47,22,54,51,18,36,59,121,90,100,66,27,87"/><T52/><D112/><U23/><E115/><V9/><F114/><W64/><G121/><T86/><D132/><U53/><E133/><V17/><F126/><W118/><G118/><T7/><D111/><N who="2" m="42506" /><F68/><W24/><G100/><T104/><D104/><U1/><E1/><V128/><F128/><W83/><G36/><T106/><D106/><U10/><E55/><V129/><F129/><W131/><G131/><T123/><D123/><U12/><E41/><V122/><F32/><W103/><G103/><T15/><D42/><U81/><E39/><V26/><F122/><W16/><REACH who="3" step="1"/><G59/><REACH who="3" ten="250,250,250,240" step="2"/><T101/><D101/><U130/><E130/><V28/><F3/><W72/><G72/><T74/><D74/><U62/><E70/><V119/><F119/><W116/><G116/><T84/><D38/><U76/><E107/><V19/><F95/><W99/><G99/><T45/><D37/><U43/><E97/><V80/><F92/><W49/><G49/><N who="0" m="28719" /><D56/><U48/><E48/><V120/><F96/><W71/><G71/><T117/><D117/><U34/><E50/><V4/><F120/><W58/><G58/><T44/><D44/><U25/><E63/><V60/><F60/><W79/><G79/><T20/><D57/><U75/><E62/><V13/><F77/><W40/><G40/><T102/><D102/><U29/><E43/><V8/><F80/><W2/><G2/><T33/><D91/><U46/><E89/><V5/><F82/><W69/><G69/><T94/><D88/><U78/><E78/><V113/><F113/><W105/><G105/><T31/><D94/><RYUUKYOKU ba="0,1" sc="250,-10,250,-10,250,-10,240,30" hai3="16,18,22,24,27,47,51,54,64,66,83,87,90" /><INIT seed="1,1,1,5,3,3" ten="240,240,240,270" oya="1" hai0="20,57,11,75,130,55,94,23,127,114,84,19,40" hai1="118,82,25,68,64,107,7,111,125,66,63,49,36" hai2="110,89,97,0,41,71,48,61,115,39,50,87,45" hai3="131,91,34,120,30,53,59,44,65,135,52,10,72"/><U73/><E118/><V29/><F110/><W85/><G120/><T126/><D114/><U74/><E36/><V4/><F115/><W104/><G72/><T123/><D75/><U86/><E111/><V22/><F97/><W124/><G104/><T2/><D40/><U106/><E125/><N who="0" m="47625" /><D130/><U9/><E64/><V88/><F71/><W105/><G124/><T24/><D23/><U69/><E69/><V33/><F61/><W8/><G105/><T133/><D133/><U12/><E74/><V28/><F22/><W42/><G30/><T67/><D67/><U37/><E37/><V99/><F99/><W113/><G34/><T78/><D123/><U62/><E62/><V98/><F98/><W18/><G113/><T16/><D78/><U6/><E73/><V122/><F122/><W14/><G131/><T1/><D11/><U15/><E25/><V134/><F134/><W129/><G129/><T100/><D19/><U121/><E121/><V38/><F33/><W32/><G32/><T54/><D100/><U117/><E117/><V60/><F38/><W76/><G76/><T43/><D43/><U132/><E132/><V70/><F89/><W79/><G79/><T116/><D116/><U80/><E49/><N who="2" m="19051" /><F60/><N who="3" m="38047" /><G135/><T51/><D55/><N who="3" m="21065" /><G44/><T35/><D35/><U5/><E106/><V108/><F108/><W77/><G77/><T58/><D58/><U56/><E107/><V27/><F70/><W26/><G42/><T128/><D128/><U17/><E68/><V112/><F112/><W31/><G8/><T96/><D96/><U46/><E9/><N who="2" m="2183" /><F27/><W93/><G26/><RYUUKYOKU ba="1,1" sc="240,10,240,-30,240,10,270,10" hai0="1,2,16,20,24,51,54,57,84,94" hai2="28,29,39,41,45,87,88" hai3="10,14,18,31,85,91,93" /><INIT seed="2,2,1,1,0,15" ten="250,210,250,280" oya="2" hai0="26,83,0,135,75,64,70,18,40,16,38,10,85" hai1="131,115,24,71,117,44,107,113,120,73,99,127,8" hai2="50,121,57,1,49,80,14,86,128,30,61,58,116" hai3="45,36,125,12,93,9,98,47,39,35,81,95,69"/><V114/><F1/><W34/><G69/><T31/><D135/><U130/><E71/><V111/><F114/><N who="1" m="43529" /><E117/><V54/><F116/><W43/><G81/><T112/><D112/><U129/><E127/><V3/><F3/><W108/><G108/><T76/><D85/><U77/><E120/><V63/><F128/><W79/><G125/><T72/><D72/><U74/><E77/><N who="2" m="46351" /><F121/><W122/><G79/><T119/><D64/><U22/><E8/><V7/><F30/><W25/><G25/><T19/><D70/><U67/><E67/><N who="2" m="39343" /><F111/><W6/><G122/><T32/><D119/><U126/><E44/><V78/><F78/><W133/><G133/><T17/><D0/><U46/><E46/><V87/><F87/><W123/><G123/><T100/><D100/><N who="1" m="62879" /><E126/><V4/><F4/><W96/><G35/><T29/><D29/><AGARI ba="2,1" hai="22,24,29,73,74,129,130,131" m="62879,43529" machi="29" ten="40,1300,0" yaku="19,1" doraHai="15" who="1" fromWho="0" sc="250,-19,210,29,250,0,280,0" /><INIT seed="3,0,0,0,3,119" ten="231,239,250,280" oya="3" hai0="56,112,105,75,116,64,83,124,42,8,110,37,79" hai1="69,68,29,34,40,13,52,71,27,125,1,111,114" hai2="127,94,113,82,5,39,47,21,78,96,18,48,59" hai3="55,128,118,54,87,109,32,129,6,26,31,72,19"/><W28/><G118/><T104/><D116/><U73/><E114/><V103/><F113/><W81/><G72/><T133/><D112/><U91/><E1/><V11/><F127/><W102/><G6/><T90/><D124/><U97/><E125/><V121/><F59/><W95/><G28/><T53/><D133/><U123/><E111/><V76/><F121/><W98/><G19/><T134/><D134/><U93/><E73/><V101/><F101/><W35/><G35/><T67/><D110/><U12/><E123/><V36/><F36/><W20/><G32/><T45/><D90/><U117/><E117/><V9/><F39/><W92/><G92/><T15/><D105/><U88/><E40/><V86/><F78/><W23/><G23/><T30/><D104/><U38/><E38/><V0/><F5/><W122/><G109/><T84/><D30/><U43/><E43/><N who="2" m="24703" /><F0/><W77/><G122/><T62/><D75/><U16/><E52/><V14/><AGARI ba="0,0" hai="9,11,14,18,21,76,82,86,94,96,103" m="24703" machi="14" ten="30,1100,0" yaku="8,1" doraHai="119" who="2" fromWho="2" sc="231,-3,239,-3,250,11,280,-5" /><INIT seed="4,0,0,4,4,14" ten="228,236,261,275" oya="0" hai0="104,132,36,56,130,99,70,124,10,72,83,87,110" hai1="127,64,65,96,84,123,76,69,6,101,77,31,3" hai2="113,57,67,82,16,68,28,18,61,133,44,114,103" hai3="115,53,9,66,128,17,30,93,94,120,32,112,81"/><T58/><D70/><U40/><E123/><V47/><F133/><W39/><G39/><T92/><D36/><U63/><E127/><V8/><F28/><W71/><G66/><T42/><D104/><U108/><E108/><V74/><F103/><W100/><G71/><T106/><D106/><U102/><E65/><V107/><F107/><W29/><G81/><T12/><D72/><U126/><E126/><V34/><F34/><W5/><G53/><T129/><D42/><U41/><E102/><V79/><F57/><W43/><G43/><T55/><D132/><U109/><E31/><V62/><F62/><W73/><G73/><T111/><D124/><U91/><E6/><V119/><F119/><W25/><G30/><T49/><D58/><U105/><E3/><V22/><F8/><W2/><G100/><T45/><D56/><U52/><E52/><V122/><F122/><W60/><G60/><T118/><D92/><U7/><E7/><V59/><F68/><W50/><G50/><T27/><D27/><U117/><E109/><N who="0" m="41481" /><D99/><U23/><E117/><V21/><F44/><W78/><G94/><T38/><D38/><U95/><E41/><V11/><F47/><W20/><G93/><T89/><D118/><U125/><E125/><V121/><F121/><W19/><G120/><T86/><D86/><U35/><E40/><V0/><F113/><W85/><G112/><T75/><D75/><U15/><E35/><V1/><F114/><W90/><G115/><T26/><D26/><U135/><E135/><V46/><F46/><W13/><G25/><T37/><D37/><RYUUKYOKU ba="0,0" sc="228,15,236,15,261,-15,275,-15" hai0="10,12,45,49,55,83,87,89,129,130" hai1="15,23,63,64,69,76,77,84,91,95,96,101,105" /><INIT seed="4,1,0,5,4,96" ten="243,251,246,260" oya="0" hai0="16,1,78,29,46,115,93,42,95,2,63,125,36" hai1="135,89,58,111,104,85,77,54,43,55,5,40,45" hai2="59,6,7,66,88,130,92,83,105,48,126,114,124" hai3="107,99,23,90,57,61,72,81,27,117,118,51,116"/><T84/><D29/><U22/><E111/><V69/><F105/><W79/><G51/><T52/><D115/><U49/><E104/><V131/><F114/><W65/><G90/><T106/><D106/><U112/><E112/><V94/><F69/><W73/><G73/><T14/><D125/><N who="2" m="48234" /><F83/><W109/><G109/><T74/><D74/><U53/><E135/><V24/><F24/><W129/><G129/><N who="2" m="49161" /><F94/><W76/><G76/><T3/><D78/><U19/><E77/><V17/><F17/><W18/><REACH who="3" step="1"/><G118/><REACH who="3" ten="243,251,246,250" step="2"/><T26/><D84/><U37/><E85/><N who="2" m="52239" /><F48/><W100/><AGARI ba="1,1" hai="18,23,27,57,61,65,72,79,81,99,100,107,116,117" machi="100" ten="30,4000,0" yaku="1,1,0,1,52,1,53,0" doraHai="96" doraHaiUra="31" who="3" fromWho="3" sc="243,-21,251,-11,246,-11,250,53" owari="222,-27.8,240,4.0,235,-16.5,303,40.3" /></mjloggm>