<mjloggm ver="2.3"><GO type="225" lobby="0"/><UN n0="%E6%A1%9C%E8%8A%B1%E9%96%83%E3%80%85" n1="%E6%9D%B1%E9%A2%A8%E3%81%AE%E3%81%8D%E3%82%83%E3%81%B7%E3%81%95%E3%82%93" n2="%E5%91%A8%E6%9D%B1" n3="%E6%98%93%E5%88%A9%E8%96%A9%E4%BC%AF" dan="17,16,17,16" rate="2186.75,2191.06,2127.09,2092.29" sx="M,M,M,F"/><TAIKYOKU oya="0"/><INIT seed="0,0,0,5,1,56" ten="250,250,250,250" oya="0" hai0="128,6,82,70,126,87,3,47,101,129,37,18,10" hai1="130,123,58,17,16,93,110,127,86,88,49,125,135" hai2="90,132,45,46,120,76,7,54,8,66,131,11,14" hai3="109,95,38,55,39,111,96,13,24,92,61,40,78"/><T21/><D101/><U48/><E123/><V44/><F120/><W83/><G24/><T85/><D70/><U116/><E116/><V20/><F132/><W91/><G13/><T31/><D31/><U102/><E135/><V12/><F131/><N who="0" m="50250" /><D126/><N who="1" m="48139" /><E130/><V29/><F76/><W103/><G40/><N who="0" m="22927" /><D82/><U9/><E9/><V105/><F105/><W65/><G55/><T108/><D108/><N who="3" m="41545" /><G95/><T60/><D60/><U100/><E110/><V74/><F74/><N who="3" m="43479" /><G103/><N who="1" m="39466" /><E58/><AGARI ba="0,0" hai="38,39,58,61,65,91,92,96" m="43479,41545" machi="58" ten="30,2000,0" yaku="14,1,52,1" doraHai="56" who="3" fromWho="1" sc="250,0,250,-20,250,0,250,20" /><INIT seed="1,0,0,2,0,59" ten="250,230,250,270" oya="1" hai0="52,44,121,3,34,81,6,43,47,17,33,61,70" hai1="101,124,60,42,96,5,82,7,130,48,50,110,12" hai2="87,89,113,97,102,27,29,25,10,128,95,28,66" hai3="24,78,21,88,45,92,58,23,129,126,64,53,22"/><U13/><E130/><V18/><F128/><W105/><G105/><T84/><D121/><U54/><E124/><V55/><F113/><W51/><G126/><T116/><D116/><U94/><E110/><V109/><F109/><W68/><G68/><T104/><D104/><U65/><E82/><V71/><F55/><W16/><G78/><T76/><D17/><U8/><E42/><V132/><F132/><W62/><REACH who="3" step="1"/><G129/><REACH who="3" ten="250,230,250,260" step="2"/><T37/><D70/><U91/><E101/><V0/><F71/><W118/><G118/><T79/><D79/><U69/><REACH who="1" step="1"/><E54/><REACH who="1" ten="250,220,250,260" step="2"/><V30/><F102/><W85/><AGARI ba="0,2" hai="16,21,22,23,24,45,51,53,58,62,64,85,88,92" machi="85" ten="20,12000,2" yaku="1,1,0,1,7,1,8,1,52,1,54,2,53,0" doraHai="59" doraHaiUra="4" who="3" fromWho="3" sc="250,-30,220,-60,250,-30,260,140" /><INIT seed="2,0,0,4,2,75" ten="220,160,220,400" oya="2" hai0="15,66,125,4,82,92,131,39,58,98,40,112,88" hai1="78,134,121,16,129,2,54,26,44,86,62,100,118" hai2="43,63,67,87,71,50,130,104,81,51,107,83,73" hai3="111,135,105,9,57,38,116,20,24,49,70,113,34"/><V5/><F130/><W110/><G70/><T25/><D112/><U33/><E118/><V47/><F5/><W3/><G38/><T114/><D114/><U119/><E119/><V14/><F14/><W13/><G105/><T61/><D131/><U133/><E2/><V48/><F73/><W80/><G113/><T28/><D125/><U89/><E129/><V115/><F115/><W84/><G135/><N who="1" m="51722" /><E121/><V7/><F7/><N who="3" m="1279" /><G57/><T59/><D39/><U27/><E100/><V42/><F83/><W108/><G49/><T6/><D40/><U41/><E33/><V128/><F128/><W37/><G37/><T8/><D82/><N who="1" m="47447" /><E89/><V85/><F85/><W69/><G69/><T103/><D4/><U95/><E95/><V30/><F30/><N who="3" m="19783" /><G116/><T56/><D103/><U1/><E1/><V35/><F35/><AGARI ba="0,0" hai="6,8,15,25,28,35,56,58,59,61,66,88,92,98" machi="35" ten="30,2000,0" yaku="7,1,54,1" doraHai="75" who="0" fromWho="2" sc="220,20,160,0,220,-20,400,0" /><INIT seed="3,0,0,5,3,92" ten="240,160,200,400" oya="3" hai0="134,3,100,56,88,39,36,32,101,78,112,59,50" hai1="131,70,91,44,15,24,67,34,61,127,116,121,95" hai2="40,90,86,20,53,74,83,106,81,23,2,130,89" hai3="22,4,128,129,71,37,72,52,8,38,109,102,57"/><W107/><G71/><T1/><D78/><U45/><E121/><V117/><F117/><W125/><G72/><T69/><D88/><U135/><E116/><V43/><F2/><W124/><G109/><T46/><D50/><U84/><E135/><V65/><F130/><N who="3" m="50283" /><G22/><T82/><D46/><U66/><E131/><V33/><F33/><W18/><G18/><T27/><D82/><U115/><E115/><V17/><F106/><W11/><G11/><T122/><D27/><U62/><E127/><N who="3" m="48714" /><G107/><T5/><D69/><U132/><E132/><V76/><F23/><W114/><G114/><T42/><D32/><U120/><E120/><V103/><F20/><W126/><G102/><T35/><D101/><U118/><E118/><V133/><F133/><W93/><G93/><T0/><D100/><U51/><E15/><V13/><F13/><N who="3" m="5255" /><G126/><T108/><D108/><U104/><E104/><V111/><F17/><W99/><G99/><T94/><D94/><U25/><E34/><V75/><F75/><W55/><G55/><T77/><D35/><U98/><E84/><V28/><F86/><W30/><G30/><T110/><D110/><U87/><E87/><V6/><F28/><W41/><G41/><T79/><D42/><U14/><E14/><V113/><F40/><W49/><AGARI ba="0,0" hai="37,38,49,52,57" m="5255,48714,50283" machi="49" ten="30,6000,0" yaku="19,1,18,1,54,1" doraHai="92" who="3" fromWho="3" sc="240,-20,160,-20,200,-20,400,60" owari="220,2.0,140,-36.0,180,-22.0,460,56.0" /></mjloggm>