<mjloggm ver="2.3"><GO type="225" lobby="0"/><UN n0="%6D%75%75%6D%75%72%61" n1="%E3%81%8F%E3%81%BE%E3%81%96%E3%82%8F" n2="%45%6C%79%73%69%75%6D" n3="%E5%B8%86%E7%AB%8B%E5%A4%8F%E8%A1%A3" dan="17,16,18,16" rate="2189.30,2053.34,2165.89,2123.22" sx="F,M,F,M"/><TAIKYOKU oya="0"/><INIT seed="0,0,0,0,5,10" ten="250,250,250,250" oya="0" hai0="99,42,35,135,132,51,104,6,60,49,82,40,125" hai1="46,68,110,58,126,79,54,28,91,47,67,17,62" hai2="85,127,56,8,114,84,100,25,26,14,111,109,5" hai3="90,106,121,61,72,71,78,131,118,20,12,89,75"/><T122/><D122/><U113/><E110/><N who="2" m="41995" /><F127/><W115/><G115/><T27/><D125/><U57/><E126/><V24/><F114/><W134/><G118/><T94/><D104/><U65/><E113/><V7/><F100/><W16/><G121/><T55/><D82/><U30/><E79/><V95/><F95/><W117/><G117/><T64/><D35/><U116/><E116/><V41/><F41/><N who="0" m="15978" /><D27/><N who="2" m="6914" /><V119/><DORA hai="83" /><F119/><W38/><G38/><T23/><D23/><U36/><E36/><V2/><F56/><W43/><G43/><T19/><D19/><U0/><E17/><N who="2" m="8391" /><F2/><W69/><G106/><T129/><D94/><U81/><E0/><V98/><F98/><W74/><G71/><N who="0" m="42375" /><D99/><U15/><E68/><V50/><F50/><N who="0" m="18954" /><D55/><U53/><E54/><V77/><F77/><W87/><G78/><T31/><D31/><U22/><E53/><V133/><F133/><W11/><G134/><T37/><D37/><U130/><E30/><V29/><F29/><W4/><G90/><T3/><D132/><U73/><E91/><V107/><F107/><W39/><G89/><T9/><D135/><U13/><E28/><V108/><N who="2" m="42003" /><V120/><DORA hai="96" /><F120/><W44/><G39/><T93/><D93/><U76/><E76/><V66/><F66/><W97/><G97/><T123/><D123/><U88/><E67/><V63/><F63/><W102/><G102/><T32/><D32/><U21/><E62/><V52/><F52/><W128/><G87/><AGARI ba="0,0" hai="5,7,84,85,87" m="8391,6914,42003" machi="87" ten="50,8000,1" yaku="14,1,52,4" doraHai="10,83,96" who="2" fromWho="3" sc="250,0,250,0,250,80,250,-80" /><INIT seed="1,0,0,5,2,87" ten="250,250,330,170" oya="1" hai0="66,62,125,19,67,31,0,11,135,15,95,65,93" hai1="73,99,2,74,1,104,112,120,4,114,45,82,70" hai2="27,60,133,84,83,40,38,76,25,28,117,33,109" hai3="7,3,77,122,69,79,42,110,86,78,89,54,14"/><U53/><E53/><V132/><F109/><W126/><G110/><T85/><D125/><U61/><E120/><V131/><F117/><W36/><G122/><T29/><D135/><U8/><E45/><V100/><F131/><W75/><G126/><T116/><D116/><U129/><E129/><V113/><F113/><W12/><G69/><T103/><D0/><U49/><E49/><V10/><F27/><W108/><G108/><T97/><REACH who="0" step="1"/><D62/><REACH who="0" ten="240,250,330,170" step="2"/><U72/><E1/><V118/><F60/><W101/><G3/><T20/><D20/><U88/><E114/><V68/><F132/><W16/><G75/><T24/><D24/><U134/><E112/><V96/><F133/><W90/><G36/><T58/><D58/><U80/><E134/><V94/><F118/><W6/><G14/><T56/><D56/><U59/><E70/><V123/><F68/><W71/><G71/><T106/><D106/><U37/><E37/><V5/><F123/><W50/><G12/><T64/><N who="0" m="16384" /><DORA hai="81" /><T18/><D18/><U128/><E104/><V102/><F38/><W21/><G16/><T44/><D44/><U92/><E128/><V130/><F130/><W30/><G21/><T52/><D52/><N who="1" m="34023" /><E74/><V13/><F40/><W98/><G42/><T91/><AGARI ba="0,1" hai="11,15,19,29,31,85,91,93,95,97,103" m="16384" machi="91" ten="40,12000,2" yaku="1,1,0,1,8,1,52,2,53,1" doraHai="87,81" doraHaiUra="105,9" who="0" fromWho="0" sc="240,130,250,-60,330,-30,170,-30" /><INIT seed="2,0,0,5,1,23" ten="370,190,300,140" oya="2" hai0="131,16,15,124,94,89,98,112,130,97,122,5,10" hai1="120,113,67,61,70,35,76,74,111,43,72,19,110" hai2="13,115,83,85,80,1,107,86,29,117,88,7,100" hai3="68,18,57,44,30,133,66,31,81,33,27,28,96"/><V46/><F1/><W49/><G133/><T95/><D122/><U0/><E113/><V20/><F115/><W38/><G81/><T12/><D112/><U25/><E120/><V73/><F117/><W125/><G125/><T32/><D32/><U47/><E0/><V116/><F116/><W93/><G68/><T129/><D124/><U123/><E123/><V106/><F73/><N who="1" m="28265" /><E19/><V52/><F100/><W8/><G38/><T64/><D64/><U118/><E76/><V59/><F46/><W132/><G132/><T92/><REACH who="0" step="1"/><D89/><REACH who="0" ten="360,190,300,140" step="2"/><U21/><E118/><V14/><F7/><W134/><G134/><T101/><D101/><U2/><E35/><V62/><F106/><W55/><G66/><T4/><D4/><U119/><E67/><V37/><F107/><W60/><G33/><T50/><D50/><U63/><E119/><V127/><F37/><W128/><G49/><T6/><D6/><U48/><E48/><V90/><F127/><W87/><G60/><T82/><D82/><U77/><E61/><V108/><F108/><W39/><G39/><T65/><D65/><U24/><E63/><V71/><F71/><W91/><G91/><T56/><D56/><U114/><E70/><V40/><F40/><W135/><G57/><T45/><D45/><U109/><E114/><V41/><F41/><W105/><G135/><T75/><D75/><U51/><E77/><V9/><F9/><AGARI ba="0,1" hai="5,9,10,12,15,16,92,94,95,97,98,129,130,131" machi="9" ten="50,6400,0" yaku="1,1,19,1,54,1,53,0" doraHai="23" doraHaiUra="79" who="0" fromWho="2" sc="360,74,190,0,300,-64,140,0" /><INIT seed="3,0,0,0,2,58" ten="434,190,236,140" oya="3" hai0="96,18,116,127,74,4,87,114,93,27,26,53,102" hai1="6,66,19,3,126,35,104,57,80,123,100,1,43" hai2="24,37,119,94,95,134,103,92,51,60,117,32,130" hai3="23,41,106,31,110,120,118,63,128,5,86,79,84"/><W107/><G118/><T111/><D74/><U72/><E57/><V97/><F37/><W48/><G120/><T115/><D111/><U98/><E19/><V55/><F130/><W101/><G128/><T15/><D127/><U50/><E50/><V16/><F134/><W113/><G113/><N who="0" m="43019" /><D116/><U135/><E123/><V39/><F39/><W76/><G110/><T83/><D53/><U78/><E135/><V34/><F34/><W62/><G5/><T67/><D67/><U68/><E43/><V7/><F7/><W30/><G101/><T2/><D2/><N who="1" m="523" /><E6/><V11/><F32/><W82/><G41/><T131/><D4/><U75/><E126/><V54/><F54/><W73/><G73/><T38/><D38/><U44/><E44/><V33/><F33/><W46/><G46/><T81/><D81/><U65/><E65/><V59/><F51/><W8/><G48/><T52/><D52/><U133/><E72/><V77/><F77/><W45/><G45/><T124/><D124/><U21/><E21/><N who="2" m="13351" /><F117/><W132/><G132/><T9/><D131/><U47/><E35/><V14/><F119/><W85/><G23/><T56/><D56/><U122/><E133/><V71/><F71/><W108/><G108/><T105/><D105/><N who="3" m="39945" /><G8/><T36/><D36/><U20/><E122/><V88/><F103/><W22/><G22/><T25/><D25/><U13/><E47/><V64/><F64/><W28/><G82/><T99/><D99/><U91/><E66/><V70/><F70/><W29/><N who="3" m="7168" /><DORA hai="121" /><W17/><G17/><T49/><D49/><U125/><E125/><RYUUKYOKU ba="0,0" sc="434,10,190,-30,236,10,140,10" hai0="9,15,18,26,27,83,87,93,96,102" hai2="11,14,55,59,60,88,92,94,95,97" hai3="62,63,76,79,84,85,86" /><INIT seed="3,1,0,3,3,78" ten="444,160,246,150" oya="3" hai0="14,0,135,79,104,123,92,48,96,97,67,94,101" hai1="9,32,111,71,117,125,68,122,128,75,83,11,43" hai2="24,132,8,107,46,73,100,72,10,113,27,37,95" hai3="130,2,15,66,42,105,21,77,106,4,5,60,87"/><W121/><G121/><T115/><D0/><U58/><E58/><V112/><F95/><W25/><G130/><T54/><D123/><U47/><E9/><V108/><F46/><W18/><G2/><T127/><D127/><U17/><E17/><V63/><F63/><W129/><G129/><T69/><D135/><U124/><E128/><V120/><F37/><W85/><G42/><T7/><D79/><N who="1" m="44543" /><E122/><V93/><F107/><W59/><G5/><T44/><D104/><U19/><E111/><V114/><F100/><W12/><G12/><T134/><D69/><N who="1" m="26699" /><E19/><V50/><F108/><W82/><REACH who="3" step="1"/><G87/><REACH who="3" ten="444,160,246,140" step="2"/><T74/><D7/><U64/><E117/><V103/><F120/><W81/><G81/><T133/><D14/><U31/><E64/><V118/><F118/><W35/><G35/><T6/><D67/><U23/><E23/><V33/><F33/><W34/><G34/><T22/><D6/><U49/><E11/><AGARI ba="1,1" hai="4,11,15,18,21,25,59,60,66,77,82,85,105,106" machi="11" ten="40,7700,0" yaku="1,1,52,1,53,1" doraHai="78" doraHaiUra="62" who="3" fromWho="1" sc="444,0,160,-80,246,0,140,90" /><INIT seed="3,2,0,1,2,42" ten="444,80,246,230" oya="3" hai0="36,107,88,109,29,34,53,56,66,44,102,4,68" hai1="134,127,35,6,85,58,26,97,123,117,20,110,55" hai2="32,19,12,67,70,51,101,118,108,60,74,28,131" hai3="78,50,41,16,31,30,122,105,10,133,103,91,79"/><W14/><G133/><T112/><D4/><U124/><E123/><V23/><F108/><W72/><G122/><T121/><D121/><U80/><E110/><V77/><F131/><W17/><G105/><T1/><D1/><U64/><E134/><V115/><F115/><W126/><G126/><T119/><D109/><U38/><E117/><V92/><F118/><W135/><G135/><T120/><D120/><U93/><E35/><V45/><F77/><N who="3" m="29195" /><G72/><T39/><D119/><U65/><E38/><V48/><F74/><W5/><G103/><T96/><D112/><U94/><E6/><V87/><F32/><W114/><G114/><T89/><D56/><U62/><E127/><V46/><F28/><N who="3" m="10795" /><G91/><T81/><D39/><U116/><E116/><V8/><F101/><W11/><G11/><T73/><D73/><U104/><E124/><V40/><F8/><W57/><G57/><T129/><D129/><U75/><E75/><V7/><F7/><W25/><G25/><N who="0" m="18735" /><D81/><U76/><E104/><V22/><F22/><W2/><G2/><T100/><D100/><U9/><E9/><V90/><F45/><AGARI ba="2,0" hai="5,10,14,16,17,41,45,50" m="10795,29195" machi="45" ten="30,5800,0" yaku="8,1,52,1,54,1" doraHai="42" who="3" fromWho="2" sc="444,0,80,0,246,-64,230,64" /><INIT seed="3,3,0,4,3,83" ten="444,80,182,294" oya="3" hai0="34,108,78,18,68,72,58,9,7,51,90,67,111" hai1="64,60,121,94,92,14,131,25,115,96,4,1,28" hai2="61,76,84,37,56,50,88,31,135,3,77,109,91" hai3="93,103,127,63,104,2,38,55,20,5,16,105,45"/><W40/><G127/><T95/><D34/><U43/><E121/><V116/><F37/><W46/><G2/><T29/><D29/><U119/><E115/><V100/><F3/><W24/><G5/><T12/><D68/><U66/><E131/><V48/><F100/><W6/><G6/><T22/><D72/><U102/><E119/><V21/><F109/><N who="0" m="42058" /><D78/><N who="2" m="30314" /><F91/><W129/><G129/><T125/><D125/><U99/><E1/><V62/><F135/><W81/><G81/><T110/><D110/><U30/><E43/><V0/><F0/><W97/><REACH who="3" step="1"/><G46/><REACH who="3" ten="444,80,182,284" step="2"/><T65/><D58/><AGARI ba="3,1" hai="16,20,24,38,40,45,55,58,63,93,97,103,104,105" machi="58" ten="40,7700,0" yaku="1,1,2,1,54,1,53,0" doraHai="83" doraHaiUra="82" who="3" fromWho="0" sc="444,-86,80,0,182,0,284,96" owari="358,15.8,80,-42.0,182,-21.8,380,48.0" /></mjloggm>