<mjloggm ver="2.3"><GO type="225" lobby="0"/><UN n0="%E3%82%A2%E3%83%BC%E3%83%A2%E3%83%AD%E3%83%BC%E3%83%B4%E3%82%A1" n1="%E3%81%B5%E3%81%98%E3%81%8B%E3%81%A4" n2="%72%69%6F%75%63%68%61%6E" n3="%6D%61%74%69%67%75%73%61" dan="16,16,16,17" rate="2148.54,2202.64,2091.32,2207.50" sx="M,M,M,M"/><TAIKYOKU oya="0"/><INIT seed="0,0,0,5,2,1" ten="250,250,250,250" oya="0" hai0="34,122,63,100,90,127,119,35,33,121,80,23,53" hai1="60,16,83,15,126,76,64,78,129,14,128,124,45" hai2="123,32,110,62,19,81,49,93,98,96,115,42,65" hai3="103,25,2,132,82,39,69,3,7,85,87,101,67"/><T26/><D119/><U9/><E45/><V10/><F123/><W38/><G67/><T70/><D100/><U104/><E104/><V51/><F115/><W56/><G56/><T68/><D127/><N who="1" m="48683" /><E83/><V133/><F110/><W89/><G25/><T95/><D80/><U55/><E55/><V52/><F133/><W105/><G82/><T43/><D43/><U131/><E15/><N who="2" m="7671" /><F32/><W97/><G89/><T54/><D121/><U109/><E109/><V135/><F135/><W20/><G105/><T106/><D122/><U11/><E11/><V22/><F81/><W112/><G132/><T0/><D106/><U36/><E36/><V99/><F42/><W13/><G13/><T114/><D0/><U125/><N who="1" m="48691" /><U4/><DORA hai="91" /><E4/><V116/><F116/><W88/><G7/><T117/><D117/><U120/><E120/><V130/><F130/><N who="1" m="33281" /><U58/><AGARI ba="0,0" hai="9,14,16,58,60,64,76,78" m="33281,48691" machi="58" ten="60,8000,1" yaku="4,1,18,1,19,1,54,1" doraHai="1,91" who="1" fromWho="1" sc="250,-40,250,80,250,-20,250,-20" /><INIT seed="1,0,0,3,2,62" ten="210,330,230,230" oya="1" hai0="4,18,104,65,13,10,95,63,122,68,31,99,14" hai1="49,83,72,91,48,29,20,125,109,98,16,131,25" hai2="77,106,21,102,126,90,132,107,19,118,100,60,32" hai3="6,51,76,26,116,39,88,57,35,135,133,47,15"/><U115/><E115/><V24/><F118/><W96/><G76/><T110/><D110/><U85/><E125/><V114/><F126/><W23/><G39/><T84/><D122/><U50/><E131/><V93/><F114/><W123/><G123/><T75/><D75/><U42/><E109/><V17/><F132/><W66/><G35/><T33/><D84/><U43/><E72/><V3/><F3/><W80/><G116/><T59/><D104/><U27/><REACH who="1" step="1"/><E98/><REACH who="1" ten="210,320,230,230" step="2"/><V0/><F107/><W73/><G73/><T36/><D99/><U117/><E117/><V81/><F106/><W124/><G124/><T70/><D95/><U121/><E121/><V105/><F105/><W86/><G133/><T87/><D87/><U94/><E94/><V55/><F93/><W79/><G135/><T54/><D36/><U113/><E113/><V101/><F101/><W34/><G96/><T2/><D2/><U92/><E92/><V127/><F0/><W82/><G86/><T5/><D5/><U58/><E58/><N who="2" m="34911" /><F127/><W111/><G57/><T9/><D68/><U28/><E28/><N who="2" m="17423" /><F102/><W12/><G111/><T103/><D103/><U37/><E37/><V30/><F100/><W22/><G6/><T64/><REACH who="0" step="1"/><D70/><REACH who="0" ten="200,320,230,230" step="2"/><U61/><E61/><V40/><F90/><W71/><G88/><T97/><D97/><U108/><E108/><V120/><F120/><W46/><G71/><T74/><D74/><U41/><E41/><V119/><F40/><W67/><G79/><T1/><D1/><U130/><E130/><V44/><F119/><W78/><G78/><T56/><D56/><RYUUKYOKU ba="0,2" sc="200,15,320,15,230,-15,230,-15" hai0="4,9,10,13,14,18,31,33,54,59,63,64,65" hai1="16,20,25,27,29,42,43,48,49,50,83,85,91" /><INIT seed="1,1,2,2,1,40" ten="215,335,215,215" oya="1" hai0="63,34,90,7,110,43,48,93,9,51,29,83,14" hai1="79,65,66,88,105,20,116,94,47,86,112,89,123" hai2="33,10,37,31,101,28,69,124,117,61,111,2,98" hai3="130,64,71,76,115,13,39,22,133,25,21,119,15"/><U54/><E123/><V56/><F117/><W95/><G39/><T70/><D110/><U99/><E112/><V5/><F111/><W80/><G115/><T27/><D83/><N who="1" m="47487" /><E105/><V97/><F124/><W53/><G130/><T129/><D129/><U103/><E116/><V77/><F37/><W73/><G119/><T122/><D122/><U26/><E54/><V114/><F114/><W59/><G71/><T87/><REACH who="0" step="1"/><D43/><REACH who="0" ten="205,335,215,215" step="2"/><U42/><E66/><AGARI ba="1,3" hai="7,9,14,27,29,34,48,51,63,66,70,87,90,93" machi="66" ten="40,8000,1" yaku="1,1,2,1,53,2" doraHai="40" doraHaiUra="46" who="0" fromWho="1" sc="205,113,335,-83,215,0,215,0" /><INIT seed="2,0,0,1,2,67" ten="318,252,215,215" oya="2" hai0="76,123,12,91,105,110,126,4,128,68,7,102,35" hai1="71,107,20,134,125,62,39,88,5,3,104,42,64" hai2="34,109,75,77,6,23,31,84,80,131,28,13,113" hai3="108,16,89,58,72,40,114,29,19,116,83,66,85"/><V21/><F113/><W74/><G116/><T45/><D68/><U95/><E95/><V96/><F131/><W49/><G29/><T22/><D35/><U46/><E125/><V98/><F109/><W9/><G108/><T0/><D123/><U43/><E134/><V37/><F37/><W26/><G114/><T119/><D76/><U44/><E3/><V24/><F75/><W93/><G72/><T70/><D70/><U81/><E5/><V11/><REACH who="2" step="1"/><F34/><REACH who="2" ten="318,252,205,215" step="2"/><W94/><G74/><T129/><D110/><U57/><E39/><V69/><F69/><W47/><G9/><T120/><D128/><U48/><E71/><V17/><F17/><N who="3" m="6731" /><G26/><AGARI ba="0,1" hai="6,11,13,21,23,24,26,28,31,77,80,84,96,98" machi="26" ten="40,7700,0" yaku="1,1,9,1,8,1,53,0" doraHai="67" doraHaiUra="54" who="2" fromWho="3" sc="318,0,252,0,205,87,215,-77" /><INIT seed="2,1,0,0,1,105" ten="318,252,292,138" oya="2" hai0="135,49,5,36,11,45,71,82,21,132,27,89,88" hai1="62,10,23,59,31,74,75,116,125,4,1,54,16" hai2="91,18,87,48,95,24,32,67,100,50,81,37,133" hai3="118,111,66,108,73,41,121,7,63,129,98,3,40"/><V33/><F133/><N who="0" m="51274" /><D71/><U69/><E116/><V35/><F37/><W76/><G118/><T112/><D36/><U93/><E125/><V128/><F128/><W57/><G121/><T130/><D82/><U47/><E31/><V12/><F67/><W43/><G98/><T58/><D58/><U102/><E69/><V106/><F106/><W20/><G20/><T30/><D112/><U78/><E78/><V120/><F24/><W79/><G129/><T56/><D56/><U107/><E107/><V26/><F26/><W113/><G113/><T8/><D130/><U117/><E117/><V9/><REACH who="2" step="1"/><F120/><REACH who="2" ten="318,252,282,138" step="2"/><W51/><G108/><T134/><D134/><U119/><E119/><V19/><F19/><W28/><G111/><T60/><D27/><U15/><REACH who="1" step="1"/><E47/><REACH who="1" ten="318,242,282,138" step="2"/><V53/><F53/><W65/><G28/><T86/><D45/><U39/><E39/><V103/><F103/><W109/><G109/><T99/><D30/><U6/><E6/><V97/><AGARI ba="1,2" hai="9,12,18,32,33,35,48,50,81,87,91,95,97,100" machi="97" ten="40,7800,0" yaku="1,1,0,1,53,1" doraHai="105" doraHaiUra="80" who="2" fromWho="2" sc="318,-27,242,-27,282,101,138,-27" /><INIT seed="2,2,0,3,1,25" ten="291,215,383,111" oya="2" hai0="50,18,101,74,80,87,31,82,92,104,6,19,39" hai1="28,55,48,12,15,51,84,53,72,130,123,81,118" hai2="73,24,38,113,67,41,132,30,42,114,47,37,49" hai3="3,2,59,56,35,58,109,32,128,108,126,61,94"/><V8/><F73/><W26/><G94/><T135/><D39/><U63/><E118/><V79/><F79/><W91/><G61/><T88/><D135/><U122/><E72/><V44/><F132/><W14/><G14/><N who="1" m="5162" /><E130/><V105/><F8/><W89/><G26/><T98/><D6/><U1/><E1/><V69/><F105/><W60/><G60/><T70/><D70/><U4/><E4/><V121/><F121/><N who="1" m="46089" /><E28/><V78/><F78/><W54/><G59/><T43/><D31/><U66/><E66/><V11/><F11/><W65/><G54/><N who="1" m="20490" /><E63/><N who="2" m="40191" /><F49/><W21/><G65/><T110/><D110/><U20/><E20/><V75/><F75/><W52/><G52/><T27/><D74/><U112/><E112/><V83/><F83/><W36/><G21/><T99/><D27/><U85/><E81/><V34/><AGARI ba="2,0" hai="24,30,34,37,38,41,42,44,47,113,114" m="40191" machi="34" ten="30,3000,0" yaku="23,1,52,1" doraHai="25" who="2" fromWho="2" sc="291,-12,215,-12,383,36,111,-12" /><INIT seed="2,3,0,1,3,4" ten="279,203,419,99" oya="2" hai0="125,96,11,1,113,77,31,40,88,34,80,76,109" hai1="63,132,128,17,89,72,28,25,58,102,82,10,90" hai2="135,65,134,33,41,99,42,27,3,106,115,60,81" hai3="91,79,19,38,87,85,47,15,26,9,49,101,92"/><V127/><F115/><W0/><G38/><T62/><D113/><U114/><E114/><V18/><F127/><W57/><G0/><T73/><D109/><U129/><E132/><V56/><F3/><W107/><G107/><T83/><D125/><U20/><E102/><V126/><F126/><W52/><G101/><T133/><D133/><N who="2" m="50698" /><F81/><W64/><G79/><T51/><D62/><U32/><E72/><V21/><F33/><W35/><G35/><T78/><D31/><U103/><E103/><AGARI ba="3,0" hai="18,21,27,41,42,56,60,65,99,103,106" m="50698" machi="103" ten="30,1500,0" yaku="20,1" doraHai="4" who="2" fromWho="1" sc="279,0,203,-24,419,24,99,0" /><INIT seed="2,4,0,5,1,51" ten="279,179,443,99" oya="2" hai0="98,65,57,46,119,48,34,71,31,11,56,105,42" hai1="96,87,92,61,130,124,82,50,127,19,90,28,10" hai2="21,110,112,38,103,14,58,91,60,107,94,53,80" hai3="81,52,122,35,84,108,95,16,113,101,40,128,32"/><V75/><F112/><W134/><G122/><T102/><D11/><U89/><E130/><V29/><F38/><W100/><G40/><T72/><D72/><U12/><E28/><V86/><F110/><W54/><G134/><T5/><D5/><U133/><E133/><V69/><F69/><W26/><G108/><T62/><D119/><U8/><E61/><V6/><F107/><W117/><G117/><T79/><D79/><U111/><E111/><V68/><F68/><W106/><G106/><T13/><D13/><U7/><REACH who="1" step="1"/><E50/><REACH who="1" ten="279,169,443,99" step="2"/><V135/><F135/><W120/><G128/><T4/><REACH who="0" step="1"/><D4/><REACH who="0" ten="269,169,443,99" step="2"/><U37/><E37/><V116/><F6/><W18/><G120/><T33/><D33/><U132/><E132/><V1/><F116/><W74/><G32/><T27/><AGARI ba="4,2" hai="27,31,34,42,46,48,56,57,62,65,71,98,102,105" machi="27" ten="30,8000,1" yaku="1,1,0,1,25,2,53,1" doraHai="51" doraHaiUra="30" who="0" fromWho="0" sc="269,112,169,-24,443,-44,99,-24" /><INIT seed="3,0,0,3,0,76" ten="381,145,399,75" oya="3" hai0="67,126,61,49,93,104,90,111,125,135,119,66,48" hai1="22,80,64,28,4,16,57,26,69,72,109,0,128" hai2="18,124,6,44,84,75,1,10,131,100,63,52,31" hai3="110,55,20,88,54,89,58,9,105,132,91,77,21"/><W60/><G132/><T37/><D119/><U73/><E109/><V19/><F75/><W82/><G105/><T127/><D104/><U85/><E69/><V114/><F114/><W123/><G123/><T7/><D37/><U38/><E38/><V116/><F116/><W107/><G107/><T14/><D111/><U71/><E71/><V17/><F100/><W24/><G110/><T11/><D135/><U13/><E128/><V102/><F102/><W87/><G9/><T122/><D122/><U108/><E64/><V97/><F131/><W103/><G103/><T53/><D53/><U29/><E29/><V81/><F97/><W92/><G54/><T8/><D8/><N who="1" m="2055" /><E57/><V33/><F124/><W34/><G20/><T23/><D23/><U43/><E43/><V96/><F96/><N who="3" m="57359" /><G34/><T133/><D133/><U40/><E40/><V117/><F117/><W78/><G91/><T74/><D74/><U62/><E62/><V130/><F130/><W79/><G79/><T121/><D121/><U120/><E120/><V39/><F39/><W95/><G95/><T65/><REACH who="0" step="1"/><D61/><REACH who="0" ten="371,145,399,75" step="2"/><U51/><E108/><V83/><F63/><W101/><G101/><T98/><AGARI ba="0,1" hai="7,11,14,48,49,65,66,67,90,93,98,125,126,127" machi="98" ten="40,8000,1" yaku="1,1,2,1,0,1,18,1,53,0" doraHai="76" doraHaiUra="129" who="0" fromWho="0" sc="371,90,145,-20,399,-20,75,-40" owari="461,56.1,125,-27.5,379,17.9,35,-46.5" /></mjloggm>