<mjloggm ver="2.3"><GO type="225" lobby="0"/><UN n0="%E5%8D%A0%E3%81%84%E5%B8%AB%E8%A3%8F%E3%81%AA%E3%81%84%E3%81%97" n1="%77%72%77%72%77%72%77%72" n2="%E7%99%BD%E6%97%A5%E9%9B%AA%E8%8F%9C" n3="%E4%BA%95%E5%B8%AF" dan="16,16,17,16" rate="2168.23,2225.97,2252.89,2047.65" sx="M,M,M,M"/><TAIKYOKU oya="0"/><INIT seed="0,0,0,3,0,109" ten="250,250,250,250" oya="0" hai0="52,42,56,133,63,115,50,130,14,16,83,18,86" hai1="116,124,37,34,0,102,36,93,15,20,120,73,110" hai2="58,43,87,22,85,39,28,96,65,71,81,111,118" hai3="40,119,27,41,101,4,32,108,98,121,35,129,72"/><T84/><D133/><U23/><E116/><V77/><F71/><W17/><G119/><T74/><D115/><U60/><E120/><V75/><F111/><W53/><G72/><T24/><D130/><U46/><E110/><V33/><F33/><W49/><G4/><T13/><D74/><U10/><E0/><V91/><F96/><W127/><G127/><T67/><D42/><U68/><E34/><V64/><F58/><W128/><G121/><T132/><D24/><U94/><E73/><V90/><F118/><W38/><G38/><T19/><D132/><U45/><E124/><V126/><F126/><W112/><G112/><T47/><REACH who="0" step="1"/><D86/><REACH who="0" ten="240,250,250,250" step="2"/><U103/><E37/><V134/><F85/><W25/><G27/><T66/><D66/><U122/><E36/><V26/><F134/><W69/><G25/><T57/><D57/><U106/><E122/><V114/><F114/><W5/><G108/><T59/><D59/><U8/><E68/><V54/><F65/><W11/><G69/><T1/><D1/><U61/><REACH who="1" step="1"/><E15/><REACH who="1" ten="240,240,250,250" step="2"/><V125/><F39/><W92/><G129/><T78/><AGARI ba="0,2" hai="13,14,16,18,19,47,50,52,56,63,67,78,83,84" machi="78" ten="30,18000,2" yaku="1,1,0,1,8,1,54,2,53,2" doraHai="109" doraHaiUra="9" who="0" fromWho="0" sc="240,200,240,-60,250,-60,250,-60" /><INIT seed="0,1,0,3,0,81" ten="440,180,190,190" oya="0" hai0="50,41,18,106,119,105,43,11,115,4,70,96,25" hai1="5,56,108,90,123,53,74,27,35,135,65,51,126" hai2="59,33,26,101,67,16,9,122,92,17,57,124,63" hai3="75,2,99,8,77,130,118,30,21,44,22,72,113"/><T34/><D115/><U60/><E123/><V134/><F122/><W55/><G118/><T128/><D70/><U103/><E108/><V82/><F124/><W94/><G113/><T91/><D119/><U111/><E111/><V85/><F134/><W28/><G130/><T6/><D128/><U78/><E135/><V88/><F57/><W95/><G2/><T36/><D36/><U76/><E126/><V52/><F9/><W93/><G8/><T0/><D4/><U47/><E74/><V12/><F12/><W133/><G99/><T107/><D50/><U32/><E5/><V97/><REACH who="2" step="1"/><F67/><REACH who="2" ten="440,180,180,190" step="2"/><W131/><G133/><T14/><D0/><U109/><E109/><V20/><F20/><W68/><G21/><T102/><D11/><U23/><E35/><V3/><F3/><W29/><G22/><T120/><D34/><U80/><E32/><V19/><F19/><W132/><G131/><T121/><D18/><U58/><E58/><V114/><F114/><W49/><G132/><T98/><D14/><U86/><REACH who="1" step="1"/><E103/><REACH who="1" ten="440,170,180,190" step="2"/><V112/><F112/><W125/><G125/><T84/><D121/><U64/><E64/><V45/><F45/><W117/><G117/><T42/><D120/><U66/><E66/><V62/><F62/><W13/><G44/><T7/><D7/><U73/><E73/><V48/><F48/><W110/><G75/><T69/><D6/><U54/><E54/><V10/><F10/><W71/><G110/><T38/><D102/><U61/><E61/><V129/><F129/><W89/><G49/><T100/><D100/><U87/><E87/><RYUUKYOKU ba="1,2" sc="440,-15,170,15,180,15,190,-15" hai1="23,27,47,51,53,56,60,65,76,78,80,86,90" hai2="16,17,26,33,52,59,63,82,85,88,92,97,101" /><INIT seed="1,2,2,3,0,25" ten="425,185,195,175" oya="1" hai0="55,133,43,80,117,41,40,22,123,77,26,5,94" hai1="66,12,52,21,111,44,100,106,38,86,54,67,46" hai2="108,60,121,79,104,6,30,58,32,84,31,33,74" hai3="89,17,127,118,37,16,112,10,105,90,71,51,122"/><U98/><E111/><V14/><F121/><W39/><G122/><T20/><D117/><U19/><E38/><V87/><F104/><W126/><G112/><T102/><D133/><U0/><E0/><V50/><F74/><W76/><G105/><T132/><D132/><U135/><E135/><V101/><F101/><W116/><G71/><T47/><D123/><U82/><E46/><V128/><F108/><W107/><G107/><T45/><D5/><U9/><E21/><V131/><F50/><W15/><G51/><T99/><D55/><U24/><E24/><V72/><F72/><W114/><G76/><T109/><D109/><U115/><E115/><V7/><F79/><W120/><G114/><T110/><D110/><U91/><E54/><V49/><F49/><AGARI ba="2,2" hai="9,12,19,44,49,52,66,67,82,86,91,98,100,106" machi="49" ten="40,7700,0" yaku="25,2,54,1" doraHai="25" who="1" fromWho="2" sc="425,0,185,103,195,-83,175,0" /><INIT seed="1,3,0,4,4,82" ten="425,288,112,175" oya="1" hai0="126,91,96,118,90,123,22,70,56,34,66,81,50" hai1="109,51,135,21,69,97,120,127,87,30,89,68,133" hai2="15,88,58,75,80,76,24,63,121,27,2,19,41" hai3="108,111,64,92,53,20,32,44,57,9,62,83,67"/><U47/><E120/><V79/><F121/><W5/><G32/><T95/><D34/><U18/><E30/><V107/><F2/><W128/><G128/><T46/><D118/><U74/><E74/><V71/><F107/><W124/><G124/><T102/><D70/><U11/><E127/><V77/><F71/><W3/><G92/><T55/><D126/><U132/><E97/><V115/><F41/><W49/><G20/><T35/><D35/><U28/><E28/><V65/><F115/><W129/><G129/><T78/><D123/><U4/><E109/><N who="3" m="42058" /><G83/><T12/><D66/><AGARI ba="3,0" hai="3,5,9,44,49,53,57,62,64,66,67" m="42058" machi="66" ten="30,1000,0" yaku="14,1" doraHai="82" who="3" fromWho="0" sc="425,-19,288,0,112,0,175,19" /><INIT seed="2,0,0,1,4,127" ten="406,288,112,194" oya="2" hai0="69,91,59,68,67,105,73,11,72,10,35,12,36" hai1="44,18,64,23,133,117,75,54,25,5,7,62,90" hai2="9,131,125,34,107,134,31,42,19,51,40,65,80" hai3="26,109,135,57,70,37,49,21,22,114,38,53,85"/><V15/><F107/><W27/><G109/><T88/><D36/><U120/><E117/><V0/><F125/><W30/><G135/><T93/><D105/><U50/><E133/><V96/><F134/><W129/><G129/><T124/><D35/><U101/><E75/><V132/><F132/><W33/><G114/><T79/><D124/><U13/><E120/><V130/><F0/><W128/><G128/><N who="2" m="49193" /><F65/><W99/><G70/><T116/><D59/><U103/><E5/><V28/><F96/><W102/><G85/><T29/><D67/><U52/><E7/><V4/><F34/><W2/><G2/><T63/><D116/><U95/><E64/><V58/><F80/><W78/><G78/><T56/><D79/><U111/><E111/><V3/><F58/><W76/><G76/><T121/><D56/><N who="1" m="35079" /><E13/><V60/><F60/><W17/><G33/><T24/><D12/><U71/><E71/><V61/><F61/><W39/><G39/><T32/><D63/><U47/><E47/><N who="2" m="26087" /><F42/><W126/><G126/><T66/><D66/><U86/><AGARI ba="0,0" hai="18,23,25,44,50,54,86,90,95,101,103" m="35079" machi="86" ten="30,2000,0" yaku="8,1,54,1" doraHai="127" who="1" fromWho="1" sc="406,-5,288,20,112,-10,194,-5" /><INIT seed="3,0,0,0,3,126" ten="401,308,102,189" oya="3" hai0="33,76,18,118,66,40,37,8,48,47,31,39,26" hai1="135,13,93,86,114,70,122,35,51,6,56,22,97" hai2="19,28,43,130,71,74,62,21,108,101,75,17,4" hai3="121,11,64,15,131,81,72,50,84,82,92,61,120"/><W110/><G110/><T102/><D118/><U78/><E114/><V133/><F108/><W30/><G30/><T10/><D102/><U0/><E122/><V85/><F101/><W58/><G72/><T20/><D76/><U49/><E70/><V45/><F133/><W59/><G82/><T63/><D39/><U38/><E38/><V27/><F4/><W99/><G50/><T98/><D98/><U29/><E35/><V115/><F115/><W54/><G58/><T44/><D31/><U106/><E0/><V90/><F75/><W128/><G64/><T83/><D83/><U119/><E135/><V46/><F74/><W129/><G92/><T1/><D1/><U32/><E32/><V100/><F100/><W41/><G41/><T112/><D33/><U7/><E119/><V9/><F9/><W69/><G99/><T53/><D112/><U25/><E13/><V103/><F103/><W117/><G69/><AGARI ba="0,0" hai="8,10,18,20,26,37,40,44,47,48,53,63,66,69" machi="69" ten="30,1000,0" yaku="7,1" doraHai="126" who="0" fromWho="3" sc="401,10,308,0,102,0,189,-10" owari="411,51.1,308,10.8,102,-39.8,179,-22.1" /></mjloggm>