<mjloggm ver="2.3"><GO type="225" lobby="0"/><UN n0="%48%61%61%61%6C%61%6E%64" n1="%E7%B4%94%E6%BD%94%E3%83%94%E3%83%A9%E3%83%8B%E3%82%A2" n2="%E3%83%97%E3%83%AC%E3%83%B4%E3%82%A1%E3%83%86%E3%82%A3" n3="%77%72%77%72%77%72%77%72" dan="18,16,16,16" rate="2259.10,2117.21,2097.77,2237.44" sx="M,M,F,M"/><TAIKYOKU oya="0"/><INIT seed="0,0,0,3,4,23" ten="250,250,250,250" oya="0" hai0="99,43,5,8,49,109,130,83,129,58,128,126,104" hai1="95,36,112,56,65,63,7,118,61,52,24,11,26" hai2="60,76,110,48,16,100,121,87,91,42,3,92,122" hai3="127,57,85,4,33,107,93,10,38,47,17,50,28"/><T96/><D126/><U84/><E36/><V88/><F3/><W101/><G127/><T89/><D109/><U133/><E118/><V134/><F110/><W62/><G38/><T131/><N who="0" m="32768" /><DORA hai="39" /><T105/><D83/><U98/><E84/><V86/><F134/><W116/><G107/><N who="0" m="41035" /><D89/><U78/><E78/><V51/><F76/><W66/><G116/><T12/><D58/><N who="1" m="37047" /><E112/><V120/><F100/><W13/><G101/><T108/><D108/><U102/><E133/><V67/><F42/><W21/><G93/><T34/><D34/><U1/><E1/><V45/><F45/><AGARI ba="0,0" hai="5,8,12,43,45,49,96,99" m="41035,32768" machi="45" ten="60,5800,0" yaku="19,1,52,1" doraHai="23,39" who="0" fromWho="2" sc="250,58,250,0,250,-58,250,0" /><INIT seed="0,1,0,2,0,71" ten="308,250,192,250" oya="0" hai0="92,20,55,125,107,89,43,17,16,130,87,26,114" hai1="64,132,119,85,122,78,120,54,33,24,5,13,86" hai2="25,36,47,29,102,21,83,50,79,32,108,23,45" hai3="73,56,88,131,9,51,70,67,135,74,39,31,35"/><T49/><D114/><U76/><E64/><V34/><F108/><W103/><G39/><T118/><D118/><U112/><E54/><V27/><F102/><W6/><G131/><T69/><D130/><U126/><E13/><V10/><F10/><W3/><G135/><T133/><D133/><U81/><E5/><V101/><F101/><W115/><G115/><T91/><D107/><U14/><E14/><V98/><F98/><W129/><G103/><T77/><D69/><U28/><E112/><V65/><F65/><W80/><G70/><T72/><D125/><U8/><E8/><V82/><F50/><W53/><G67/><T41/><D17/><U97/><E119/><V75/><F79/><W84/><G129/><T113/><D113/><U30/><E132/><V109/><F109/><W106/><G106/><T66/><D66/><U18/><E18/><V99/><F99/><W63/><G51/><T104/><D104/><U68/><E97/><V48/><F48/><W57/><G57/><N who="0" m="33007" /><D72/><U12/><E12/><V15/><F15/><W38/><G38/><T116/><D116/><U96/><E96/><V7/><F7/><W94/><G74/><T58/><D58/><U4/><E4/><V2/><F75/><W19/><G73/><T111/><D111/><U60/><E126/><V22/><F22/><W121/><G121/><T128/><D128/><U100/><E100/><V62/><F62/><W0/><G0/><T1/><D1/><U61/><E68/><V105/><F105/><W95/><G19/><T110/><D110/><U11/><E11/><V123/><F2/><RYUUKYOKU ba="1,0" sc="308,-10,250,-10,192,-10,250,30" hai3="3,6,9,31,35,53,56,63,80,84,88,94,95" /><INIT seed="1,2,0,0,2,68" ten="298,240,182,280" oya="1" hai0="94,52,73,103,78,128,117,29,1,104,125,62,20" hai1="51,111,61,124,99,84,11,102,5,109,55,66,63" hai2="123,107,76,6,121,86,14,33,108,3,26,42,70" hai3="130,81,83,46,133,106,44,37,40,115,120,116,80"/><U38/><E84/><V22/><F107/><W2/><G115/><T54/><D117/><U32/><E32/><V60/><F108/><N who="1" m="41545" /><E66/><V97/><F97/><W119/><G120/><T35/><D35/><U110/><N who="1" m="41553" /><U21/><DORA hai="118" /><E21/><V47/><F70/><W75/><G106/><T134/><D20/><U17/><E17/><N who="2" m="10551" /><F60/><W87/><G75/><T69/><D62/><U77/><E77/><V64/><F64/><W41/><G87/><T43/><D69/><U48/><E48/><V19/><F86/><W113/><G113/><T15/><D73/><U67/><E67/><V131/><F76/><W89/><G119/><T127/><D78/><U28/><E28/><N who="2" m="19607" /><F19/><W85/><G116/><T112/><D112/><U23/><E23/><V82/><F82/><W122/><G83/><T71/><D71/><U132/><E38/><N who="2" m="21975" /><F131/><W49/><G130/><T30/><D128/><U57/><E63/><V9/><AGARI ba="2,0" hai="3,6,9,121,123" m="21975,19607,10551" machi="9" ten="30,7900,0" yaku="24,1,52,3" doraHai="68,118" who="2" fromWho="2" sc="298,-22,240,-41,182,85,280,-22" /><INIT seed="2,0,0,1,1,14" ten="276,199,267,258" oya="2" hai0="13,60,61,40,70,91,94,39,32,90,45,72,34" hai1="130,25,41,64,59,68,93,79,135,1,0,12,33" hai2="99,5,123,100,27,75,15,54,18,88,132,6,83" hai3="65,109,36,62,76,7,101,133,119,71,48,127,52"/><V78/><F123/><W23/><G119/><T31/><D72/><U105/><E105/><V87/><F132/><W124/><G36/><T107/><D107/><U21/><E135/><V118/><F118/><W126/><G133/><T4/><D91/><U122/><E122/><V85/><F27/><W20/><G109/><T50/><D39/><U77/><E68/><V63/><F63/><W10/><G101/><T125/><D125/><U116/><E116/><V96/><F54/><W37/><G37/><T110/><D110/><U43/><E130/><V117/><F117/><W115/><G76/><T103/><D103/><U104/><E104/><N who="2" m="63495" /><F99/><W16/><G115/><T57/><D70/><U114/><E114/><V121/><F85/><W9/><G20/><T58/><D31/><U66/><E33/><V92/><F121/><W108/><G7/><T29/><D29/><U46/><E0/><V47/><F47/><N who="3" m="27679" /><G108/><T11/><D32/><U129/><E1/><V69/><F69/><W102/><G102/><T30/><D34/><U84/><E129/><V111/><F111/><W44/><G44/><T73/><D73/><U55/><E12/><AGARI ba="0,0" hai="9,10,12,16,23,62,65,71,124,126,127" m="27679" machi="12" ten="30,7700,0" yaku="18,1,52,1,54,2" doraHai="14" who="3" fromWho="1" sc="276,0,199,-77,267,0,258,77" /><INIT seed="3,0,0,2,0,125" ten="276,122,267,335" oya="3" hai0="91,126,124,70,87,49,55,93,89,29,16,80,119" hai1="3,47,118,32,9,130,46,28,75,99,110,94,129" hai2="113,120,117,63,21,96,72,101,5,105,38,68,7" hai3="66,50,100,85,35,122,90,57,43,133,79,39,88"/><W26/><G122/><T27/><D119/><U65/><E75/><V56/><F117/><W6/><G39/><T44/><D70/><U132/><E118/><V40/><F120/><W86/><G100/><T112/><D112/><U116/><E116/><V95/><F113/><W108/><G6/><T22/><REACH who="0" step="1"/><D29/><REACH who="0" ten="266,122,267,335" step="2"/><U84/><E110/><V10/><F72/><W121/><G108/><T77/><D77/><U30/><E132/><V104/><F68/><W82/><G79/><T107/><D107/><U67/><E84/><AGARI ba="0,1" hai="16,22,27,44,49,55,80,84,87,89,91,93,124,126" machi="84" ten="40,8000,1" yaku="1,1,54,1,53,2" doraHai="125" doraHaiUra="83" who="0" fromWho="1" sc="266,90,122,-80,267,0,335,0" owari="356,45.6,42,-45.8,267,-13.3,335,13.5" /></mjloggm>