<mjloggm ver="2.3"><GO type="225" lobby="0"/><UN n0="%61%69%73%79%6F" n1="%E9%B3%B3%E6%9D%B1%E3%81%AE%E3%81%86%E3%81%95%E3%81%8E%E3%81%95%E3%82%93" n2="%72%69%6F%75%63%68%61%6E" n3="%E3%81%86%E3%83%BC%E3%81%B1%E3%83%BC" dan="17,17,17,16" rate="2211.32,2272.02,2154.94,2130.06" sx="M,M,M,F"/><TAIKYOKU oya="0"/><INIT seed="0,0,0,4,5,15" ten="250,250,250,250" oya="0" hai0="118,112,69,29,33,84,30,5,107,135,32,18,103" hai1="95,9,55,50,7,90,100,88,125,74,71,17,14" hai2="105,111,58,24,21,89,56,41,91,46,96,123,37" hai3="67,87,61,119,102,121,11,75,52,1,82,124,78"/><T80/><D112/><U127/><E71/><V53/><F111/><W25/><G119/><T109/><D118/><U38/><E38/><V108/><F108/><W10/><G124/><N who="1" m="47690" /><E74/><V93/><F123/><W51/><G121/><T49/><D109/><U133/><E133/><V48/><F105/><W76/><G1/><T8/><D69/><U34/><E34/><V43/><F43/><W98/><G25/><T59/><D135/><U20/><E100/><V110/><F110/><W44/><G76/><T60/><D49/><U81/><E81/><V16/><REACH who="2" step="1"/><F56/><REACH who="2" ten="250,250,240,250" step="2"/><N who="3" m="37287" /><G75/><T47/><D107/><U26/><E95/><V132/><F132/><W66/><G66/><T64/><D64/><U57/><AGARI ba="0,1" hai="7,9,14,17,20,26,50,55,57,88,90" m="47690" machi="57" ten="30,4000,0" yaku="18,1,52,1,54,1" doraHai="15" who="1" fromWho="1" sc="250,-20,250,50,240,-10,250,-10" /><INIT seed="1,0,0,2,2,67" ten="230,300,230,240" oya="1" hai0="59,43,50,100,130,93,14,24,33,32,117,10,101" hai1="105,39,30,18,69,95,37,120,132,44,15,81,40" hai2="102,48,85,114,91,29,90,49,26,31,96,21,53" hai3="63,5,66,57,121,19,20,122,99,128,64,6,71"/><U74/><E120/><V106/><F114/><W94/><G128/><T9/><D117/><U83/><E105/><V8/><F31/><W3/><G64/><T42/><D130/><U0/><E0/><V60/><F91/><W52/><G3/><T68/><D68/><U27/><E69/><V38/><F38/><W7/><G20/><T11/><D14/><U97/><E39/><V4/><F60/><W65/><G65/><T58/><D93/><U115/><E132/><V107/><F106/><W110/><G19/><T34/><D24/><U84/><E74/><V12/><REACH who="2" step="1"/><F53/><REACH who="2" ten="230,300,220,240" step="2"/><W41/><G41/><T127/><D127/><U104/><E104/><V119/><F119/><W13/><G121/><T35/><D35/><U98/><E37/><V88/><F88/><W109/><G122/><T75/><D50/><U135/><E30/><V78/><F78/><W116/><G116/><T77/><D77/><U61/><E61/><V131/><F131/><W79/><G79/><T92/><D34/><U55/><E55/><V129/><F129/><W1/><G52/><T89/><D89/><U124/><E124/><V125/><F125/><W25/><G63/><T80/><D33/><U113/><E113/><V47/><F47/><W23/><G71/><T73/><D32/><U134/><E44/><V133/><F133/><W51/><G51/><T62/><D42/><U45/><E115/><V103/><F103/><W56/><G66/><N who="0" m="39255" /><D43/><U87/><E135/><V86/><F86/><W16/><G57/><T46/><D59/><U17/><E134/><V22/><F22/><N who="3" m="11535" /><G56/><T123/><D123/><RYUUKYOKU ba="0,1" sc="230,-10,300,-10,220,30,240,-10" hai2="4,8,12,21,26,29,48,49,85,90,96,102,107" /><INIT seed="2,1,1,0,4,57" ten="220,290,250,230" oya="2" hai0="78,73,127,130,35,104,1,113,125,2,75,71,99" hai1="63,123,25,79,66,103,19,114,72,43,96,129,48" hai2="105,67,120,118,4,92,46,132,32,37,77,30,124" hai3="31,87,121,83,111,3,64,134,6,98,69,56,61"/><V91/><F118/><W84/><G121/><T97/><D113/><U14/><E114/><V88/><F120/><W5/><G111/><T38/><D71/><U131/><E123/><V34/><F105/><W17/><G134/><T21/><D104/><U86/><E72/><N who="0" m="27721" /><D35/><U33/><E43/><V58/><F132/><W89/><G3/><N who="0" m="1035" /><D21/><U45/><E79/><V95/><F124/><N who="0" m="47690" /><D78/><U65/><E33/><V40/><F4/><W41/><G69/><T81/><D81/><U49/><E131/><V13/><F77/><W0/><G5/><T23/><D23/><U60/><E129/><V44/><F13/><W74/><G6/><T109/><D130/><U112/><E112/><V9/><F9/><W101/><G0/><T24/><D24/><U26/><E26/><V11/><F11/><W39/><G74/><T122/><D122/><U117/><E25/><V10/><F10/><W108/><G83/><T80/><D80/><U53/><E14/><V54/><F30/><W85/><G31/><T42/><D109/><U8/><E8/><V55/><F32/><W36/><G108/><T94/><D94/><N who="2" m="35882" /><F34/><W62/><G17/><T128/><D128/><U20/><E19/><V106/><F106/><N who="3" m="63799" /><G89/><N who="2" m="34377" /><F46/><AGARI ba="1,1" hai="38,42,46,97,99" m="47690,1035,27721" machi="46" ten="40,1300,0" yaku="18,1" doraHai="57" who="0" fromWho="2" sc="220,26,290,0,250,-16,230,0" /><INIT seed="3,0,0,5,1,7" ten="246,290,234,230" oya="3" hai0="34,91,27,77,14,28,43,59,98,8,135,79,70" hai1="45,115,113,61,66,38,48,60,117,129,25,19,116" hai2="33,32,41,119,5,126,78,13,64,134,90,39,22" hai3="24,82,100,16,4,50,30,11,88,56,118,15,125"/><W31/><G125/><T124/><D70/><U47/><E129/><V84/><F119/><N who="1" m="45641" /><E38/><V35/><F126/><W93/><G118/><T86/><D135/><U102/><E102/><V12/><F134/><W95/><G82/><T44/><D59/><N who="1" m="37151" /><E61/><V105/><F105/><W85/><G56/><T108/><D98/><U68/><E68/><V0/><F64/><W127/><G127/><T75/><D75/><U6/><E6/><V112/><F112/><W92/><G50/><T99/><D99/><U122/><E122/><V40/><F39/><W3/><G100/><T69/><D69/><U67/><E67/><V96/><F5/><W1/><G1/><T17/><D108/><U52/><E47/><V73/><F0/><W2/><G2/><T49/><REACH who="0" step="1"/><D124/><REACH who="0" ten="236,290,234,230" step="2"/><U94/><E115/><V110/><F110/><W128/><G128/><T62/><D62/><U130/><E113/><V23/><F73/><W101/><G101/><T29/><D29/><N who="3" m="10761" /><G3/><T26/><D26/><U107/><E25/><V109/><F109/><W114/><G114/><T131/><D131/><U51/><E130/><V111/><F111/><W106/><G106/><T132/><D132/><U104/><E104/><V46/><F12/><N who="3" m="5223" /><G24/><T76/><D76/><U74/><E74/><V80/><F13/><W81/><G15/><T53/><D53/><U133/><E52/><V87/><F96/><W83/><G16/><T120/><D120/><U54/><E107/><V89/><F78/><W21/><G21/><T103/><D103/><U36/><E133/><V97/><F97/><W9/><G9/><T121/><D121/><RYUUKYOKU ba="0,1" sc="236,15,290,-15,234,-15,230,15" hai0="8,14,17,27,28,34,43,44,49,77,79,86,91" hai3="81,83,85,88,92,93,95" /><INIT seed="3,1,1,0,4,60" ten="251,275,219,245" oya="3" hai0="30,107,12,6,20,100,40,51,83,4,26,32,99" hai1="104,36,76,106,28,119,74,101,132,98,67,121,91" hai2="72,96,114,34,47,70,18,37,64,75,128,109,23" hai3="44,57,29,8,94,102,21,11,41,48,56,117,86"/><W52/><G117/><T54/><D40/><U123/><E36/><V124/><F114/><W84/><G102/><T14/><D83/><N who="1" m="45463" /><E67/><V53/><F34/><W0/><G0/><T85/><D85/><N who="3" m="32873" /><G94/><T50/><D50/><U122/><E119/><V110/><F124/><W13/><G41/><T77/><D77/><U127/><E28/><V78/><F128/><W111/><G111/><N who="2" m="42505" /><F78/><W33/><G33/><T59/><D14/><U7/><E7/><V66/><F96/><W131/><G131/><T22/><D32/><U108/><E108/><V43/><F53/><W16/><G8/><T71/><D71/><U79/><E127/><V35/><F35/><W39/><G39/><T19/><AGARI ba="1,1" hai="4,6,12,19,20,22,26,30,51,54,59,99,100,107" machi="19" ten="30,1100,0" yaku="0,1" doraHai="60" who="0" fromWho="0" sc="251,24,275,-4,219,-4,245,-6" /><INIT seed="4,0,0,3,0,52" ten="275,271,215,239" oya="0" hai0="55,33,68,130,36,126,107,91,60,112,5,13,42" hai1="129,18,51,125,50,26,40,73,28,106,16,97,59" hai2="76,7,6,11,95,119,37,27,17,30,124,100,41" hai3="21,56,94,9,87,75,84,77,74,82,35,103,12"/><T69/><D33/><U24/><E73/><V108/><F108/><W101/><G35/><T86/><D107/><U85/><E129/><V63/><F124/><W65/><G21/><T93/><D126/><U134/><E125/><V3/><F119/><W32/><G32/><T45/><D112/><U89/><E134/><V62/><F76/><W114/><G114/><T4/><D130/><U15/><E106/><V105/><F105/><W57/><G65/><T92/><D92/><N who="1" m="56463" /><E28/><V80/><F7/><N who="3" m="3135" /><G75/><T29/><D29/><U90/><E50/><V123/><F123/><W109/><G74/><T66/><D68/><U47/><E59/><N who="3" m="22602" /><G109/><T111/><D111/><U127/><E127/><V25/><F17/><N who="1" m="6761" /><E15/><V70/><F70/><W48/><G48/><T0/><D0/><U44/><E44/><N who="2" m="23599" /><F25/><W34/><G34/><T99/><D13/><U121/><E121/><V96/><F27/><W43/><G43/><T133/><D133/><U83/><AGARI ba="0,0" hai="24,26,40,47,51,83,85,90" m="6761,56463" machi="83" ten="30,2000,0" yaku="8,1,54,1" doraHai="52" who="1" fromWho="1" sc="275,-10,271,20,215,-5,239,-5" /><INIT seed="5,0,0,2,1,45" ten="265,291,210,234" oya="1" hai0="125,79,62,73,48,135,113,40,72,106,107,91,109" hai1="8,77,52,96,93,35,51,104,99,2,86,100,69" hai2="110,17,11,84,134,15,44,49,21,76,19,98,87" hai3="54,41,28,26,88,7,97,46,10,80,114,117,13"/><U115/><E115/><V63/><F134/><W4/><G117/><T30/><D109/><U14/><E69/><V81/><F110/><W33/><G114/><T103/><D30/><U129/><E35/><V83/><F63/><W118/><G118/><T75/><D62/><U65/><E2/><V108/><F108/><W32/><G32/><T123/><D48/><U0/><E0/><V24/><F98/><W50/><G41/><T70/><D70/><U36/><E36/><V38/><F38/><W94/><REACH who="3" step="1"/><G80/><REACH who="3" ten="265,291,210,224" step="2"/><N who="2" m="30793" /><F76/><W66/><G66/><T131/><D79/><U122/><E65/><V71/><F71/><W82/><G82/><T105/><D113/><U111/><E77/><V58/><F58/><W9/><G9/><T1/><D73/><U126/><E8/><V31/><F31/><W95/><G95/><T120/><D75/><U67/><E93/><V130/><F130/><W23/><G23/><T60/><D72/><U42/><E67/><V124/><F124/><W132/><G132/><T64/><D135/><U133/><E133/><V68/><F68/><W119/><G119/><T34/><D131/><U116/><E126/><V5/><F19/><AGARI ba="0,1" hai="4,7,10,13,19,26,28,33,46,50,54,88,94,97" machi="19" ten="30,8000,1" yaku="1,1,7,1,52,1,54,1,53,1" doraHai="45" doraHaiUra="92" who="3" fromWho="2" sc="265,0,291,0,210,-80,224,90" owari="265,-13.5,291,9.1,130,-37.0,314,41.4" /></mjloggm>