<mjloggm ver="2.3"><GO type="225" lobby="0"/><UN n0="%E6%81%A5%E6%99%92%E3%81%97" n1="%E3%80%93%E3%81%97%E3%83%BC%E3%82%89%E3%80%93" n2="%E3%81%99%E3%81%84%E3%81%BE%E3%81%9B%E3%83%BC%E3%82%93" n3="%E3%81%8B%E3%82%8F%E3%81%A1%E3%82%83%E3%82%93%35%38" dan="16,16,18,16" rate="2075.71,2159.23,2264.63,2144.98" sx="M,M,M,M"/><TAIKYOKU oya="0"/><INIT seed="0,0,0,2,1,125" ten="250,250,250,250" oya="0" hai0="90,65,121,10,54,44,117,64,36,107,114,135,104" hai1="132,27,45,0,82,77,59,91,24,80,23,35,58" hai2="102,9,103,53,30,42,46,88,60,32,94,101,39" hai3="110,109,57,14,43,129,115,18,56,126,16,119,25"/><T81/><D117/><U70/><E70/><V13/><F32/><W99/><G119/><T66/><D114/><U55/><E0/><V37/><F30/><W106/><G115/><T133/><D121/><U96/><E132/><N who="0" m="50761" /><D10/><U47/><E35/><V33/><F33/><W72/><G72/><T86/><D54/><U48/><E27/><V130/><F39/><W78/><G43/><AGARI ba="0,0" hai="36,43,44,64,65,66,81,86,90,104,107" m="50761" machi="43" ten="30,1500,0" yaku="20,1" doraHai="125" who="0" fromWho="3" sc="250,15,250,0,250,0,250,-15" /><INIT seed="0,1,0,2,0,104" ten="265,250,250,235" oya="0" hai0="20,18,13,41,16,60,11,27,46,116,117,36,26" hai1="59,3,106,131,129,45,96,47,51,99,125,19,10" hai2="94,133,92,97,100,85,4,38,65,5,134,93,58" hai3="107,119,68,102,80,132,115,31,76,64,83,23,82"/><T89/><D89/><U73/><E125/><V39/><F65/><W128/><G68/><T52/><REACH who="0" step="1"/><D27/><REACH who="0" ten="255,250,250,235" step="2"/><U63/><E129/><V35/><F134/><W50/><G128/><T114/><D114/><U110/><E131/><V79/><F133/><W14/><G115/><T118/><D118/><U91/><E91/><V37/><F94/><W33/><G132/><T69/><D69/><U108/><E106/><V105/><F93/><W6/><G107/><T103/><D103/><U62/><E108/><V75/><F105/><W74/><G102/><T88/><D88/><U32/><E110/><V57/><F100/><W8/><G119/><T53/><D53/><U9/><E99/><V34/><F92/><W12/><G64/><T86/><D86/><U135/><E96/><V48/><F85/><W126/><G126/><T95/><D95/><U113/><E135/><V22/><F97/><W111/><G111/><T77/><D77/><U15/><E113/><V30/><F79/><W44/><G76/><T21/><D21/><U66/><E66/><V17/><F22/><W28/><G23/><T112/><D112/><U61/><E32/><V7/><F34/><W123/><G33/><T121/><D121/><U78/><E78/><V72/><F35/><W122/><G122/><T98/><D98/><U2/><E10/><V55/><F55/><N who="3" m="30151" /><G123/><T0/><D0/><U87/><E2/><V120/><F120/><W90/><G90/><T109/><D109/><U29/><E3/><V42/><F75/><W54/><G74/><T130/><D130/><U70/><E73/><V24/><F72/><RYUUKYOKU ba="1,1" sc="255,30,250,-10,250,-10,235,-10" hai0="11,13,16,18,20,26,36,41,46,52,60,116,117" /><INIT seed="0,2,1,3,3,73" ten="285,240,240,225" oya="0" hai0="43,104,97,108,72,102,16,132,83,66,135,2,11" hai1="15,121,107,129,6,76,56,37,94,120,105,4,60" hai2="65,54,77,38,3,25,78,10,22,88,109,118,24" hai3="47,91,29,93,100,26,7,53,30,128,89,122,46"/><T95/><D66/><U110/><E37/><V17/><F38/><W92/><G128/><T32/><D32/><U19/><E129/><V125/><F125/><W62/><G122/><T113/><D113/><U12/><E110/><V71/><F109/><W75/><G75/><T9/><D108/><U111/><E111/><V133/><F133/><N who="0" m="51274" /><D43/><U41/><E41/><V51/><F118/><W1/><G1/><T116/><D116/><U42/><E42/><V36/><F36/><W117/><G7/><T58/><D58/><U23/><E56/><V123/><F123/><W63/><G117/><T8/><D104/><U106/><E107/><V55/><F54/><W64/><G100/><T49/><D49/><U101/><E106/><V69/><F65/><W14/><G64/><T61/><D61/><U0/><E60/><V13/><F71/><W28/><G26/><N who="2" m="10345" /><F3/><W44/><G14/><N who="0" m="7239" /><D2/><U103/><E0/><V18/><F69/><W86/><REACH who="3" step="1"/><G53/><REACH who="3" ten="285,240,240,215" step="2"/><T99/><D99/><AGARI ba="2,2" hai="28,29,30,44,46,47,62,63,86,89,91,92,93,99" machi="99" ten="40,12000,2" yaku="1,1,2,1,8,1,53,3" doraHai="73" doraHaiUra="27" who="3" fromWho="0" sc="285,-126,240,0,240,0,215,146" /><INIT seed="1,0,0,3,0,12" ten="159,240,240,361" oya="1" hai0="40,76,116,58,114,102,80,10,17,2,117,41,122" hai1="20,127,60,42,83,0,38,109,63,110,124,94,89" hai2="85,107,77,118,64,15,74,44,133,106,22,47,86" hai3="93,30,129,115,98,130,69,134,91,39,16,103,120"/><U5/><E83/><V105/><F118/><W111/><G69/><T25/><D114/><U45/><E20/><V21/><F133/><W37/><G115/><T56/><D2/><U11/><E63/><V18/><F64/><W9/><G30/><T50/><D122/><U7/><E7/><V123/><F123/><W112/><G112/><T75/><D102/><U96/><REACH who="1" step="1"/><E60/><REACH who="1" ten="159,230,240,361" step="2"/><V84/><REACH who="2" step="1"/><F22/><REACH who="2" ten="159,230,230,361" step="2"/><W81/><G120/><T27/><D116/><U28/><E28/><V79/><F79/><W49/><G134/><T61/><D117/><U67/><E67/><V29/><F29/><W48/><G129/><T19/><D76/><U108/><AGARI ba="0,2" hai="0,5,11,38,42,45,89,94,96,108,109,110,124,127" machi="108" ten="40,18000,2" yaku="1,1,0,1,14,1,10,1,53,2" doraHai="12" doraHaiUra="132" who="1" fromWho="1" sc="159,-60,230,200,230,-60,361,-60" /><INIT seed="1,1,0,0,4,75" ten="99,430,170,301" oya="1" hai0="107,64,121,74,103,43,23,32,36,102,47,80,108" hai1="114,124,71,38,33,72,96,5,17,85,68,87,97" hai2="119,9,99,29,84,40,125,88,89,132,115,76,7" hai3="55,92,0,65,122,129,128,4,12,14,16,20,53"/><U59/><E38/><V123/><F119/><W45/><G122/><T133/><D121/><U93/><E33/><V135/><F123/><W6/><G0/><T130/><D108/><U112/><E72/><V50/><F125/><W83/><G65/><T111/><D111/><U27/><E5/><V78/><F115/><W35/><G35/><T94/><D130/><N who="3" m="50281" /><G45/><T2/><D133/><N who="2" m="51274" /><F29/><W98/><G83/><T19/><D32/><U13/><E59/><V91/><F99/><W51/><G12/><T62/><D2/><U106/><E13/><N who="2" m="5311" /><F84/><W131/><N who="3" m="50289" /><W79/><DORA hai="77" /><G4/><T82/><D94/><U60/><E93/><V61/><F61/><W126/><G6/><T28/><D28/><U15/><E60/><V113/><F113/><W63/><G63/><T120/><D107/><U31/><E106/><V11/><F11/><W42/><G126/><T58/><D120/><U52/><E124/><V73/><F73/><W34/><G34/><T49/><D36/><U44/><E112/><V127/><F127/><W117/><G117/><T37/><D37/><U25/><E97/><V118/><F118/><W70/><G98/><T21/><D21/><U110/><E96/><V46/><AGARI ba="1,0" hai="40,46,50,76,78,88,89,91" m="5311,51274" machi="46" ten="40,8000,1" yaku="20,1,52,2,54,1" doraHai="75,77" who="2" fromWho="2" sc="99,-21,430,-41,170,83,301,-21" /><INIT seed="2,0,0,4,0,109" ten="78,389,253,280" oya="2" hai0="84,116,95,41,133,97,51,111,2,63,75,19,53" hai1="24,37,131,6,79,80,122,99,49,71,32,50,10" hai2="68,22,25,101,43,123,47,107,5,119,30,55,7" hai3="31,4,29,76,110,86,33,8,96,69,92,127,14"/><V72/><F119/><W81/><G69/><T125/><D111/><U16/><E71/><V67/><F72/><W90/><G110/><T93/><D125/><U11/><E37/><V104/><F123/><W27/><REACH who="3" step="1"/><G31/><REACH who="3" ten="78,389,253,270" step="2"/><T85/><D116/><U77/><E122/><V134/><F68/><W112/><G112/><T88/><D133/><U105/><E131/><V34/><F134/><W73/><G73/><T35/><D75/><U124/><E124/><AGARI ba="0,1" hai="4,8,14,27,29,33,76,81,86,90,92,96,124,127" machi="124" ten="40,1300,0" yaku="1,1,53,0" doraHai="109" doraHaiUra="39" who="3" fromWho="1" sc="78,0,389,-13,253,0,270,23" /><INIT seed="3,0,0,1,1,89" ten="78,376,253,293" oya="3" hai0="36,34,71,85,124,23,86,128,45,96,27,29,4" hai1="48,120,13,112,31,103,20,74,88,115,7,92,118" hai2="14,28,116,117,132,49,59,107,98,65,60,55,57" hai3="119,12,125,81,15,63,75,95,33,46,56,39,130"/><W41/><G119/><T87/><D124/><U68/><E74/><V106/><F28/><W42/><G33/><T79/><D128/><U99/><E68/><V54/><F132/><W83/><G130/><T9/><D71/><U108/><E120/><V50/><F14/><W109/><G125/><T25/><D25/><U104/><E118/><V38/><F38/><W76/><G109/><T70/><D70/><U100/><E100/><V101/><F107/><W26/><G26/><T84/><N who="0" m="21504" /><DORA hai="110" /><T17/><D79/><U126/><E103/><V73/><F73/><W94/><G42/><T102/><D36/><U32/><E104/><V69/><AGARI ba="0,0" hai="49,50,54,55,57,59,60,65,69,98,101,106,116,117" machi="69" ten="20,2700,0" yaku="0,1,7,1,9,1" doraHai="89,110" who="2" fromWho="2" sc="78,-7,376,-7,253,27,293,-13" owari="71,-42.9,369,46.9,280,8.0,280,-12.0" /></mjloggm>