<mjloggm ver="2.3"><GO type="225" lobby="0"/><UN n0="%E3%82%BC%E3%83%AB%E3%83%80%E3%81%AE%E4%BC%9D%E8%AA%AC" n1="%E3%81%B5%E3%81%98%E3%81%8B%E3%81%A4" n2="%72%65%6E%6B%75%6E" n3="%E5%A4%9C%E3%81%AE%E3%82%AC%E3%82%B9%E3%83%91%E3%83%BC%E3%83%AB" dan="18,16,17,17" rate="2229.58,2188.71,2227.85,2238.74" sx="M,M,M,M"/><TAIKYOKU oya="0"/><INIT seed="0,0,0,4,4,89" ten="250,250,250,250" oya="0" hai0="129,88,27,5,53,45,12,54,67,92,119,93,47" hai1="0,83,44,14,76,75,19,39,117,16,97,15,132" hai2="36,80,51,23,9,38,113,30,133,66,57,105,68" hai3="22,59,6,118,120,10,107,82,71,32,31,77,79"/><T116/><D129/><U135/><E117/><V95/><F105/><W61/><G118/><T101/><D119/><U2/><E97/><V17/><F113/><W91/><G71/><T114/><D114/><U25/><E39/><V52/><F133/><N who="1" m="51273" /><E44/><N who="0" m="16969" /><D116/><U43/><E25/><V112/><F112/><W70/><G70/><T125/><D125/><U50/><E50/><V87/><F9/><W94/><G107/><T64/><D27/><U58/><E58/><V86/><F30/><W69/><G69/><T85/><D5/><U109/><E109/><V65/><F38/><W128/><G32/><T98/><D12/><N who="1" m="4651" /><E43/><V106/><F106/><W46/><G128/><T81/><D81/><U131/><E131/><V37/><F37/><W55/><G46/><T28/><D28/><U34/><E34/><V74/><F36/><W121/><G82/><T13/><D13/><U21/><E21/><V72/><F68/><W24/><G120/><T126/><D126/><U11/><E11/><V100/><F23/><W18/><G121/><T62/><D62/><U33/><E33/><V4/><F17/><AGARI ba="0,0" hai="0,2,16,17,19,75,76,83" m="4651,51273" machi="17" ten="30,2000,0" yaku="20,1,54,1" doraHai="89" who="1" fromWho="2" sc="250,0,250,20,250,-20,250,0" /><INIT seed="1,0,0,4,5,45" ten="250,270,230,250" oya="1" hai0="27,86,105,88,54,112,18,57,107,42,56,50,87" hai1="33,101,41,100,84,109,135,16,111,81,103,116,113" hai2="43,26,21,38,114,132,24,74,77,55,5,66,8" hai3="122,25,29,65,97,52,98,23,30,58,120,44,106"/><U76/><E113/><V80/><F132/><W10/><G30/><T53/><D112/><U4/><E33/><V115/><F66/><W3/><G65/><T83/><D42/><U127/><E4/><V99/><F99/><W60/><G106/><T59/><D86/><U96/><E41/><V75/><F75/><W14/><G3/><T92/><D83/><U37/><E37/><V89/><F89/><W6/><REACH who="3" step="1"/><G44/><REACH who="3" ten="250,270,230,240" step="2"/><N who="0" m="27847" /><D105/><N who="1" m="63623" /><E135/><V110/><F110/><N who="1" m="41993" /><E116/><V22/><F114/><W134/><G134/><T32/><D107/><U78/><E127/><V28/><F115/><W71/><G71/><T11/><D32/><U73/><E16/><V20/><F28/><W108/><G108/><T12/><D27/><U35/><E35/><V62/><F26/><W121/><AGARI ba="0,1" hai="6,10,14,23,25,29,52,58,60,97,98,120,121,122" machi="121" ten="30,4000,0" yaku="1,1,0,1,54,1,53,0" doraHai="45" doraHaiUra="124" who="3" fromWho="3" sc="250,-10,270,-20,230,-10,240,50" /><INIT seed="2,0,0,2,0,14" ten="240,250,220,290" oya="2" hai0="64,99,22,120,131,13,62,29,104,44,78,116,107" hai1="111,2,19,84,33,1,77,32,17,133,117,31,93" hai2="12,15,48,108,26,80,4,18,106,3,97,72,90" hai3="132,49,75,83,85,16,53,118,89,94,51,38,43"/><V58/><F108/><W128/><G118/><T81/><D120/><U8/><E93/><N who="2" m="56503" /><F106/><W20/><G128/><T91/><D131/><U71/><E84/><V40/><F72/><W124/><G124/><T6/><D116/><U60/><E77/><V110/><F3/><N who="1" m="1033" /><E60/><V119/><F119/><W36/><G132/><T63/><D44/><U52/><E52/><N who="2" m="32007" /><F110/><W59/><G75/><T67/><D78/><U126/><E71/><V129/><F129/><W35/><G35/><N who="1" m="13386" /><E117/><V5/><F40/><W25/><G38/><T9/><D104/><U65/><E65/><V88/><F12/><W27/><G27/><N who="0" m="16631" /><D107/><U112/><E111/><V76/><F26/><W56/><G36/><T115/><D115/><U45/><E112/><V135/><F135/><W50/><G43/><T66/><D81/><U127/><E133/><V10/><F76/><N who="3" m="46311" /><G53/><T102/><D102/><U34/><E45/><V101/><F101/><W68/><G68/><T114/><D114/><U100/><E100/><V87/><AGARI ba="0,0" hai="4,5,10,15,18,80,87,88" m="32007,56503" machi="87" ten="30,11700,0" yaku="8,1,52,1,54,2" doraHai="14" who="2" fromWho="2" sc="240,-39,250,-39,220,117,290,-39" /><INIT seed="2,1,0,2,3,71" ten="201,211,337,251" oya="2" hai0="6,130,70,35,128,126,131,67,100,91,124,9,57" hai1="99,1,33,11,93,129,74,110,66,53,51,36,94" hai2="132,83,18,107,56,115,113,89,4,123,13,39,96" hai3="65,29,120,8,10,112,15,23,44,12,119,86,14"/><V31/><F39/><W30/><G119/><T76/><D76/><U52/><E74/><V122/><F56/><W117/><G117/><T87/><D35/><U125/><E33/><V49/><F49/><W134/><G120/><T77/><D77/><U28/><E28/><V78/><F31/><W81/><G134/><T2/><D100/><U38/><E66/><V68/><F68/><W133/><G133/><T69/><D57/><U3/><E110/><V61/><F61/><W64/><G112/><T90/><D90/><U54/><E125/><N who="0" m="48233" /><D67/><N who="3" m="25673" /><G44/><T50/><D50/><U58/><E129/><N who="0" m="33025" /><T82/><AGARI ba="1,0" hai="2,6,9,69,70,82,87,91" m="33025,48233" machi="82" ten="50,6400,0" yaku="4,1,18,1,19,1" doraHai="71" who="0" fromWho="0" sc="201,67,211,-17,337,-33,251,-17" /><INIT seed="3,0,0,4,0,83" ten="268,194,304,234" oya="3" hai0="56,51,23,24,20,48,36,98,85,70,44,45,128" hai1="116,25,41,43,126,127,0,118,7,76,93,80,125" hai2="16,84,92,42,94,101,11,28,124,54,79,108,100" hai3="72,47,53,77,64,30,38,9,115,130,113,134,58"/><W123/><G123/><T21/><D70/><U10/><E25/><V49/><F108/><W91/><G77/><T29/><D128/><U132/><E132/><V86/><F124/><N who="1" m="31745" /><U102/><DORA hai="60" /><E102/><N who="2" m="39531" /><F28/><W73/><G30/><T15/><D36/><U37/><E93/><N who="2" m="35947" /><F42/><W114/><G134/><T74/><D98/><U40/><E37/><V33/><F33/><W107/><G107/><T75/><D56/><U22/><E22/><V68/><F79/><W32/><G32/><T122/><D122/><U65/><E65/><V109/><F109/><W12/><G91/><T111/><D111/><U90/><E90/><V69/><F69/><W14/><G130/><T129/><D129/><U2/><E2/><V119/><F119/><N who="1" m="45609" /><E41/><V52/><F68/><W13/><G38/><T39/><D39/><U106/><E106/><V97/><F97/><W88/><G88/><T87/><D20/><U34/><E34/><V103/><F103/><W131/><G131/><T112/><D29/><U117/><N who="1" m="45617" /><U89/><DORA hai="17" /><E89/><V105/><F105/><W121/><G64/><T99/><D99/><U55/><E55/><V3/><F54/><W26/><G53/><T67/><D67/><U18/><E18/><V4/><F16/><W63/><G114/><T110/><D110/><U31/><E31/><V81/><F81/><W8/><G115/><T82/><D82/><U66/><E66/><V57/><F3/><W46/><G113/><T35/><D112/><U78/><E78/><V6/><F6/><W50/><G26/><T71/><D35/><U95/><E95/><V133/><F133/><RYUUKYOKU ba="0,0" sc="268,-15,194,15,304,15,234,-15" hai1="0,7,10,40,43,76,80" hai2="4,11,49,52,57,84,86" owari="253,5.3,209,-29.1,319,41.9,219,-18.1" /></mjloggm>