<mjloggm ver="2.3"><GO type="225" lobby="0"/><UN n0="%E3%82%BC%E3%83%AB%E3%83%80%E3%81%AE%E4%BC%9D%E8%AA%AC" n1="%E6%97%A5%E6%9B%9C%E6%97%A5%E3%82%88%E3%82%8A%E3%81%AE%E4%BD%BF%E8%80%85" n2="%E3%82%B8%E3%83%A3%E3%83%9E%E3%83%BC%E3%83%AB%E3%83%9E%E3%83%AC%E3%83%BC" n3="%E5%AF%82%E5%AF%9E%E3%82%AE%E3%83%8D%E3%82%B9%E3%83%93%E3%83%BC%E3%83%AB" dan="16,18,17,16" rate="2158.94,2170.18,2203.08,2176.32" sx="M,M,M,M"/><TAIKYOKU oya="0"/><INIT seed="0,0,0,3,5,12" ten="250,250,250,250" oya="0" hai0="104,27,98,108,35,111,57,86,121,78,46,126,37" hai1="58,73,29,114,51,128,2,135,28,19,65,110,24" hai2="21,91,68,82,87,61,112,64,20,22,116,13,115" hai3="4,120,100,43,42,66,84,23,96,47,26,106,25"/><T95/><D57/><U45/><E73/><V7/><REACH who="2" step="1"/><F116/><REACH who="2" ten="250,250,240,250" step="2"/><W40/><G120/><T69/><D121/><U90/><E114/><V3/><F3/><W9/><G66/><T131/><D111/><U62/><E2/><V56/><F56/><W75/><G75/><T48/><D108/><U44/><E110/><V76/><F76/><W107/><G107/><T6/><D78/><U81/><E128/><V33/><F33/><W53/><G84/><T93/><D35/><U132/><E132/><V71/><F71/><W55/><G47/><T89/><D131/><U60/><E135/><V123/><F123/><W41/><N who="3" m="10240" /><DORA hai="8" /><W102/><G106/><T70/><D70/><U17/><E45/><V97/><F97/><W54/><G96/><T122/><D122/><U101/><E58/><V39/><F39/><W34/><G34/><T72/><D37/><U130/><E65/><V67/><F67/><W59/><G59/><T79/><D69/><U31/><E130/><V83/><F83/><W92/><G92/><T50/><D104/><U127/><E81/><V63/><F63/><W118/><G118/><T117/><D117/><U10/><E62/><V80/><F80/><W18/><REACH who="3" step="1"/><G26/><REACH who="3" ten="250,250,240,240" step="2"/><T36/><D27/><U0/><E24/><V105/><F105/><W30/><G30/><T32/><D32/><U77/><E31/><V74/><F74/><W129/><G129/><T109/><D72/><U99/><E29/><V85/><F85/><W1/><AGARI ba="0,2" hai="1,4,9,18,23,25,53,54,55,100,102" m="10240" machi="1" ten="50,6400,0" yaku="1,1,0,1,52,1,53,0" doraHai="12,8" doraHaiUra="88,125" who="3" fromWho="3" sc="250,-32,250,-16,240,-16,240,84" /><INIT seed="1,0,0,1,2,120" ten="218,234,224,324" oya="1" hai0="35,46,132,42,88,56,41,12,68,55,133,83,5" hai1="98,23,21,125,13,2,31,118,24,48,108,57,116" hai2="17,94,95,103,45,8,90,112,93,96,36,0,10" hai3="32,4,15,50,82,117,62,102,106,104,39,105,26"/><U86/><E2/><V124/><F112/><W18/><G39/><T97/><D35/><U127/><E98/><V80/><F124/><N who="1" m="47689" /><E86/><N who="2" m="50503" /><F0/><W81/><G102/><T107/><D68/><U1/><E1/><V37/><F37/><W58/><G50/><N who="0" m="30839" /><D46/><U89/><E89/><V72/><F36/><W9/><G117/><N who="1" m="45162" /><E48/><V75/><F75/><W38/><G38/><T14/><D107/><U3/><E3/><V66/><F72/><W119/><G119/><T126/><D126/><U19/><E57/><V47/><F96/><W115/><G115/><T40/><D5/><U110/><AGARI ba="0,0" hai="13,19,21,23,24,31,108,110" m="45162,47689" machi="110" ten="40,12000,1" yaku="18,1,34,2,52,2" doraHai="120" who="1" fromWho="1" sc="218,-40,234,120,224,-40,324,-40" /><INIT seed="1,1,0,2,2,97" ten="178,354,184,284" oya="1" hai0="63,89,25,15,10,59,41,44,93,29,76,128,21" hai1="16,46,75,132,121,74,22,6,27,114,79,12,62" hai2="103,73,84,91,127,86,122,119,13,38,115,98,78" hai3="77,32,72,105,45,24,83,11,68,9,4,94,65"/><U135/><E114/><V95/><F38/><W23/><G105/><T69/><D128/><U53/><E121/><V104/><F122/><W49/><G32/><T51/><D69/><U131/><E131/><V19/><F115/><W102/><G65/><T17/><D76/><U14/><E79/><V116/><F127/><W34/><G34/><T133/><D133/><N who="1" m="51275" /><E6/><V7/><F7/><W112/><G68/><T40/><D51/><N who="1" m="28919" /><E62/><V52/><F86/><N who="3" m="48495" /><G112/><T55/><REACH who="0" step="1"/><D44/><REACH who="0" ten="168,354,184,284" step="2"/><U134/><E134/><V88/><F78/><W64/><G49/><T39/><D39/><U57/><E57/><V58/><F73/><AGARI ba="1,1" hai="12,14,16,22,27,73,74,75" m="28919,51275" machi="73" ten="30,2900,0" yaku="20,1,54,1" doraHai="97" who="1" fromWho="2" sc="168,0,354,42,184,-32,284,0" /><INIT seed="1,2,0,1,2,127" ten="168,396,152,284" oya="1" hai0="23,30,1,47,77,79,53,11,32,57,69,111,122" hai1="9,117,67,98,21,54,89,113,123,28,108,34,80" hai2="86,27,22,115,87,63,39,120,60,2,121,88,26" hai3="68,109,14,71,107,25,134,35,116,4,49,17,64"/><U100/><E113/><V85/><F115/><W78/><G107/><T73/><D69/><U13/><E117/><V129/><F2/><W59/><G116/><T72/><D47/><U70/><E123/><V101/><F101/><W104/><G104/><T62/><D122/><N who="2" m="47210" /><F22/><W76/><G109/><T133/><D111/><U110/><E34/><V33/><F33/><W7/><G134/><T24/><D133/><U95/><E54/><V106/><F106/><W131/><G35/><T96/><D96/><U6/><E67/><V128/><F88/><W132/><G25/><N who="2" m="9225" /><F39/><W119/><G132/><T105/><D105/><U20/><E20/><V42/><F42/><W83/><G119/><T0/><D32/><U112/><E21/><V84/><N who="2" m="21504" /><DORA hai="74" /><V16/><F16/><W124/><G17/><T29/><D29/><U58/><E112/><V114/><F114/><W45/><G7/><T50/><D50/><U99/><E28/><V44/><F44/><W81/><G4/><T92/><D92/><U12/><E6/><V91/><F91/><W8/><G49/><T36/><D36/><U135/><E89/><V31/><F31/><W55/><G45/><T46/><D46/><U15/><E95/><V103/><F103/><W5/><G5/><N who="0" m="1447" /><D1/><U40/><E110/><V90/><F90/><W18/><G18/><T37/><D37/><U82/><E135/><V65/><F65/><W61/><G64/><T102/><D102/><U43/><E100/><V41/><F41/><W126/><G126/><T118/><D118/><U52/><E108/><V51/><F51/><N who="3" m="31231" /><G124/><T48/><D48/><RYUUKYOKU ba="2,0" sc="168,15,396,-15,152,15,284,-15" hai0="23,24,30,53,57,62,72,73,77,79" hai2="60,63,128,129" /><INIT seed="2,3,0,3,1,98" ten="183,381,167,269" oya="2" hai0="130,83,5,119,122,0,48,106,64,124,76,1,110" hai1="40,94,89,102,36,61,125,20,82,117,39,97,73" hai2="32,79,54,29,133,28,100,6,77,84,116,114,111" hai3="120,9,16,14,99,85,59,7,23,24,62,46,60"/><V22/><F114/><W52/><G120/><T31/><D122/><U87/><E117/><V113/><F113/><W57/><G85/><T44/><D119/><U93/><E125/><V49/><F116/><W115/><G115/><T27/><D124/><U63/><E73/><V47/><F32/><W11/><G99/><T132/><D106/><U8/><E8/><V121/><F121/><W128/><G128/><T70/><D5/><U109/><E109/><V15/><F133/><W81/><G81/><T78/><D110/><U108/><E108/><V123/><F123/><W66/><G11/><T33/><D130/><U107/><E20/><V17/><F111/><W34/><G34/><T19/><D132/><U51/><E36/><V135/><F135/><W126/><G126/><T3/><D19/><U103/><E39/><V55/><F6/><W12/><G12/><T45/><BYE who="3" /><D48/><U67/><E103/><V18/><F100/><W131/><G131/><T75/><REACH who="0" step="1"/><D76/><REACH who="0" ten="173,381,167,269" step="2"/><N who="2" m="29258" /><F18/><W41/><G41/><T134/><D134/><U105/><E40/><N who="2" m="24807" /><F84/><W50/><G50/><T80/><D80/><U101/><E51/><V26/><F26/><W86/><G86/><T104/><D104/><U95/><E107/><V90/><F90/><W30/><G30/><AGARI ba="3,1" hai="15,17,22,28,29,30,54,55" m="24807,29258" machi="30" ten="30,1500,0" yaku="8,1" doraHai="98" who="2" fromWho="3" sc="173,0,381,0,167,34,269,-24" /><UN n3="%E5%AF%82%E5%AF%9E%E3%82%AE%E3%83%8D%E3%82%B9%E3%83%93%E3%83%BC%E3%83%AB" /><INIT seed="2,4,0,4,3,48" ten="173,381,201,245" oya="2" hai0="72,47,46,49,15,101,100,99,135,9,87,26,52" hai1="29,10,54,63,55,108,11,39,116,36,13,34,43" hai2="113,69,120,86,35,53,66,91,106,58,102,74,84" hai3="126,125,20,5,114,56,110,107,6,112,7,94,68"/><V23/><F113/><N who="3" m="43627" /><G68/><T75/><D135/><U28/><E116/><V122/><F74/><W17/><G107/><T57/><D75/><U64/><E34/><V88/><F35/><W21/><G94/><N who="0" m="58487" /><D72/><U128/><E43/><V1/><F1/><W78/><G78/><T118/><D118/><U60/><E13/><V50/><F23/><N who="3" m="8779" /><G56/><T85/><D101/><U89/><E89/><V105/><F102/><W32/><G32/><T19/><D26/><U30/><E30/><V2/><F2/><W90/><G90/><T16/><D19/><U18/><E18/><V3/><F3/><W104/><G104/><T80/><D85/><U132/><E132/><V71/><F106/><W4/><G4/><T61/><D61/><U44/><E29/><V76/><F76/><AGARI ba="4,0" hai="9,15,16,46,47,49,52,57,76,80,87" m="58487" machi="76" ten="30,7700,0" yaku="8,1,52,1,54,2" doraHai="48" who="0" fromWho="2" sc="173,89,381,0,201,-89,245,0" /><INIT seed="3,0,0,2,2,93" ten="262,381,112,245" oya="3" hai0="20,27,88,97,48,58,73,31,26,19,39,32,119" hai1="30,47,59,4,125,117,10,13,60,51,100,37,121" hai2="9,55,15,94,42,81,45,105,34,123,23,8,29" hai3="68,72,106,120,61,28,104,65,14,124,115,44,16"/><W69/><G115/><T84/><D39/><U1/><E121/><V96/><F123/><W112/><G120/><T3/><D73/><U62/><E37/><V12/><F105/><W127/><G112/><T92/><D3/><U76/><E125/><N who="3" m="48202" /><G72/><T128/><D128/><U80/><E117/><V102/><F34/><W46/><G69/><T78/><D119/><U75/><E100/><V40/><F81/><W130/><G28/><T111/><D111/><U6/><E30/><V110/><F110/><W33/><G33/><T77/><D48/><U99/><E99/><V53/><F29/><W114/><G114/><T98/><D58/><U35/><E35/><V50/><F23/><N who="3" m="11671" /><G130/><T43/><D43/><U24/><E75/><V79/><F42/><W103/><G106/><T66/><D66/><U107/><E107/><V95/><F79/><N who="0" m="30218" /><D32/><U21/><E76/><V122/><F122/><W118/><G118/><T63/><D63/><U116/><E62/><V129/><F129/><W113/><G113/><T41/><D41/><U5/><E60/><V82/><F82/><W56/><G68/><T2/><D2/><U54/><E80/><V134/><F134/><W87/><G87/><T74/><D74/><U18/><E116/><V71/><F71/><W49/><G49/><T86/><D86/><U108/><E108/><V70/><F70/><W101/><G104/><T131/><D131/><U85/><E85/><V36/><F36/><W91/><G91/><T7/><D7/><N who="1" m="2635" /><E1/><V135/><F135/><W133/><G133/><T83/><D83/><U0/><E0/><V52/><F95/><RYUUKYOKU ba="0,0" sc="262,0,381,0,112,0,245,0" hai0="19,20,26,27,31,84,88,92,97,98" hai1="6,10,13,18,21,24,47,51,54,59" hai2="8,9,12,15,40,45,50,52,53,55,94,96,102" hai3="44,46,56,61,65,101,103" /><INIT seed="3,1,0,3,2,68" ten="262,381,112,245" oya="3" hai0="125,87,114,133,70,134,97,54,8,2,94,57,112" hai1="129,102,127,49,9,81,3,45,40,93,24,98,25" hai2="119,80,90,59,10,17,72,120,58,100,5,33,74" hai3="34,18,110,1,73,86,39,23,131,37,66,77,19"/><W0/><G34/><T22/><D70/><U41/><E127/><V29/><F119/><W11/><G66/><T63/><D125/><U28/><E129/><V130/><F130/><W32/><G32/><T88/><D22/><N who="1" m="15383" /><E3/><V79/><F120/><W113/><G131/><T44/><D44/><U15/><E25/><V104/><F74/><W118/><G118/><T67/><D54/><N who="1" m="29999" /><E81/><V115/><F115/><N who="0" m="44074" /><D87/><U62/><E62/><V123/><F123/><W14/><G73/><T52/><D67/><U92/><E92/><V132/><F132/><N who="0" m="50794" /><D8/><U128/><E128/><V85/><F17/><AGARI ba="1,0" hai="9,15,17,40,41,93,98,102" m="29999,15383" machi="17" ten="30,1000,0" yaku="8,1" doraHai="68" who="1" fromWho="2" sc="262,0,381,13,112,-13,245,0" owari="262,6.2,394,49.4,99,-40.1,245,-15.5" /></mjloggm>