<mjloggm ver="2.3"><GO type="225" lobby="0"/><UN n0="%72%69%6F%75%63%68%61%6E" n1="%E3%81%99%E3%81%84%E3%81%BE%E3%81%9B%E3%83%BC%E3%82%93" n2="%E4%BF%BA%E3%81%A8%E5%A6%96%E5%A4%A2" n3="%E3%83%89%E3%83%A9%E3%81%8F%E3%82%8C" dan="17,18,17,17" rate="2267.11,2214.06,2184.65,2202.50" sx="M,M,F,M"/><TAIKYOKU oya="0"/><INIT seed="0,0,0,4,3,40" ten="250,250,250,250" oya="0" hai0="8,79,129,109,126,89,119,37,32,35,128,15,81" hai1="112,102,99,22,60,20,1,30,72,114,43,70,19" hai2="94,38,64,66,105,21,7,67,44,46,78,115,116" hai3="100,132,27,55,9,113,101,63,82,122,47,39,71"/><T31/><D119/><U29/><E1/><V110/><F115/><N who="1" m="44073" /><E72/><V93/><F105/><W118/><G113/><T23/><D126/><U106/><E43/><V17/><F38/><W16/><G118/><T107/><D107/><U69/><E22/><V28/><F116/><W36/><G122/><T18/><D37/><U57/><E70/><V120/><F120/><W2/><G132/><T68/><D68/><U135/><E69/><V33/><F110/><W123/><G123/><T3/><D109/><U51/><E51/><V85/><F7/><W80/><G39/><T4/><D89/><U24/><E135/><V42/><F42/><W121/><G121/><T92/><D92/><N who="2" m="35434" /><F28/><W124/><G124/><T98/><D98/><U0/><E0/><V87/><F33/><W65/><G2/><T133/><D133/><U125/><E125/><V91/><F78/><W54/><G36/><T12/><D12/><U49/><E49/><V41/><F41/><W104/><G104/><T56/><D56/><U10/><E10/><V111/><F111/><W5/><G9/><T127/><D127/><U108/><E108/><V26/><F87/><W11/><G11/><T130/><REACH who="0" step="1"/><D31/><REACH who="0" ten="240,250,250,250" step="2"/><U61/><E57/><V59/><F59/><W74/><G71/><T75/><AGARI ba="0,1" hai="3,4,8,15,18,23,32,35,75,79,81,128,129,130" machi="75" ten="30,11700,0" yaku="1,1,2,1,0,1,19,1,53,0" doraHai="40" doraHaiUra="134" who="0" fromWho="0" sc="240,127,250,-39,250,-39,250,-39" /><INIT seed="0,1,0,2,4,135" ten="367,211,211,211" oya="0" hai0="43,10,64,26,108,5,130,67,76,92,62,131,54" hai1="15,65,57,118,119,59,44,90,82,94,109,58,55" hai2="101,46,123,128,97,63,25,56,47,33,14,74,29" hai3="113,121,8,4,125,51,6,27,127,93,24,11,16"/><T38/><D108/><U49/><E109/><V37/><F123/><W35/><G93/><T79/><D54/><U18/><E82/><V1/><F1/><W89/><G89/><T126/><D126/><N who="3" m="48137" /><G121/><T21/><D43/><U12/><E65/><N who="0" m="25161" /><D62/><U85/><REACH who="1" step="1"/><E12/><REACH who="1" ten="367,201,211,211" step="2"/><V0/><F14/><N who="3" m="7263" /><G113/><T96/><D38/><U111/><E111/><V7/><F37/><W50/><G6/><T9/><D130/><U122/><E122/><V20/><F128/><W3/><G27/><T100/><D131/><U61/><E61/><V110/><F110/><W70/><G70/><T124/><D124/><U106/><E106/><V41/><F7/><W19/><G19/><N who="0" m="12607" /><D5/><U31/><E31/><AGARI ba="1,1" hai="3,4,8,24,31,35,50,51" m="7263,48137" machi="31" ten="30,8000,1" yaku="18,1,52,3,54,1" doraHai="135" who="3" fromWho="1" sc="367,0,201,-83,211,0,211,93" /><INIT seed="1,0,0,0,4,48" ten="367,118,211,304" oya="1" hai0="124,130,16,122,134,51,0,127,131,38,40,21,41" hai1="19,104,90,88,52,92,10,34,135,133,91,132,111" hai2="5,118,17,116,54,75,117,46,39,81,3,129,71" hai3="106,45,94,83,56,15,44,63,42,4,114,57,55"/><U93/><E104/><V80/><F71/><W50/><G114/><T123/><D0/><U12/><E34/><V11/><F129/><N who="0" m="49162" /><D38/><U64/><E111/><V109/><F109/><W79/><G106/><T125/><D134/><U102/><E102/><V96/><F80/><W33/><G33/><T49/><D49/><U24/><E64/><V74/><F96/><W32/><G32/><T73/><D73/><U2/><E2/><V69/><F69/><W121/><G121/><N who="0" m="46091" /><D51/><U68/><E68/><V66/><F66/><W85/><G94/><T128/><N who="0" m="49170" /><T47/><DORA hai="60" /><D47/><U76/><E76/><N who="2" m="44183" /><F75/><W95/><G95/><N who="1" m="36426" /><E24/><AGARI ba="0,0" hai="16,21,24,40,41,124,125,127" m="46091,49170" machi="24" ten="50,8000,1" yaku="18,1,19,1,13,1,54,1" doraHai="48,60" who="0" fromWho="1" sc="367,80,118,-80,211,0,304,0" /><INIT seed="2,0,0,4,4,3" ten="447,38,211,304" oya="2" hai0="67,29,128,59,18,51,16,65,53,27,8,93,109" hai1="101,122,68,38,60,75,52,1,54,12,100,10,0" hai2="78,105,123,135,17,26,47,71,55,89,73,113,64" hai3="82,32,92,15,31,115,37,72,95,63,46,116,81"/><V80/><F113/><W30/><G15/><T110/><D128/><U132/><E38/><V83/><F123/><W9/><G9/><T45/><D93/><U119/><E119/><V104/><F135/><W125/><G63/><N who="0" m="38143" /><D67/><U131/><E75/><V33/><F64/><W61/><G61/><T48/><D8/><U28/><E131/><V14/><F71/><W133/><G46/><N who="0" m="27799" /><D109/><U62/><E132/><V74/><F55/><W106/><G37/><T40/><D110/><U70/><E10/><V114/><F47/><W23/><G32/><T97/><D97/><U34/><E12/><V49/><F49/><W42/><G106/><T108/><D108/><U86/><E86/><V126/><F114/><W66/><G72/><T90/><D90/><U24/><E24/><V56/><F56/><W91/><G133/><T87/><D87/><U22/><E22/><AGARI ba="0,0" hai="16,18,22,27,29,40,45,51" m="27799,38143" machi="22" ten="30,2000,0" yaku="8,1,54,1" doraHai="3" who="0" fromWho="1" sc="447,20,38,-20,211,0,304,0" /><INIT seed="3,0,0,5,4,131" ten="467,18,211,304" oya="3" hai0="11,46,34,37,78,4,21,20,81,126,50,98,24" hai1="94,120,57,68,5,53,79,123,54,75,27,42,30" hai2="135,25,73,110,89,109,55,52,92,2,8,132,77" hai3="102,12,7,17,22,99,56,16,119,76,127,9,106"/><W69/><G127/><T121/><D121/><U116/><E68/><V130/><F130/><W13/><G119/><T118/><D118/><U107/><E116/><V112/><F112/><W45/><G69/><T115/><D126/><U129/><E107/><V82/><F25/><W36/><G76/><T0/><D115/><U39/><E129/><V59/><F8/><W65/><G36/><T105/><D34/><U66/><E66/><V10/><F10/><W97/><G45/><T93/><D105/><U14/><E79/><V70/><F2/><W86/><G86/><T85/><D24/><U104/><E75/><V125/><F70/><W33/><G33/><T41/><D37/><U18/><E104/><V60/><F55/><W74/><G74/><T134/><D134/><N who="2" m="51242" /><F125/><W100/><G65/><T87/><D87/><U88/><E5/><V23/><F23/><W43/><G43/><T83/><D83/><U72/><E72/><V38/><F38/><W3/><G3/><T49/><D49/><U71/><E71/><V133/><N who="2" m="51250" /><V84/><AGARI ba="0,0" hai="52,59,60,73,77,82,84,89,92,109,110" m="51250" machi="84" ten="40,12000,2" yaku="4,1,20,1,52,4,54,1" doraHai="131" who="2" fromWho="2" sc="467,-30,18,-30,211,120,304,-60" owari="437,53.7,-12,-51.2,331,13.1,244,-15.6" /></mjloggm>