<mjloggm ver="2.3"><GO type="225" lobby="0"/><UN n0="%E3%82%BC%E3%83%AB%E3%83%80%E3%81%AE%E4%BC%9D%E8%AA%AC" n1="%E5%B8%86%E7%AB%8B%E5%A4%8F%E8%A1%A3" n2="%77%72%77%72%77%72%77%72" n3="%6D%75%75%6D%75%72%61" dan="17,16,16,17" rate="2254.43,2133.96,2071.17,2180.06" sx="M,M,M,F"/><TAIKYOKU oya="0"/><INIT seed="0,0,0,5,4,12" ten="250,250,250,250" oya="0" hai0="124,78,60,73,66,25,115,13,96,15,76,93,22" hai1="36,95,131,91,133,49,57,100,83,55,120,29,65" hai2="19,14,109,32,52,30,61,64,71,89,39,80,53" hai3="68,11,117,132,44,103,110,63,7,51,45,47,123"/><T18/><D124/><U74/><E133/><V97/><F39/><W27/><G132/><T106/><D106/><U107/><E131/><V40/><F40/><W58/><G117/><T26/><D115/><U46/><E120/><V75/><F109/><W8/><G123/><T17/><D26/><U112/><E112/><V38/><F38/><W92/><G68/><T37/><D37/><U87/><E29/><V9/><F32/><W122/><G110/><T108/><D108/><U5/><E5/><V98/><F30/><W70/><G70/><T4/><D4/><U35/><E35/><V128/><F128/><W21/><G122/><T125/><D125/><U81/><E74/><V116/><F116/><W134/><G51/><T56/><D73/><U102/><E107/><V20/><F9/><W129/><G134/><T79/><REACH who="0" step="1"/><D17/><REACH who="0" ten="240,250,250,250" step="2"/><U114/><E114/><V101/><F75/><W119/><G129/><T72/><D72/><U62/><REACH who="1" step="1"/><E36/><REACH who="1" ten="240,240,250,250" step="2"/><V33/><F33/><W99/><G7/><T50/><D50/><U69/><E69/><V121/><F121/><W118/><G119/><T77/><N who="0" m="19456" /><DORA hai="54" /><T16/><D16/><U82/><AGARI ba="0,2" hai="46,49,55,57,62,65,81,82,83,87,91,95,100,102" machi="82" ten="30,8000,1" yaku="1,1,0,1,8,1,52,1,53,1" doraHai="12,54" doraHaiUra="48,104" who="1" fromWho="1" sc="240,-40,240,100,250,-20,250,-20" /><INIT seed="1,0,0,1,4,115" ten="200,340,230,230" oya="1" hai0="88,56,7,46,67,30,91,113,45,37,70,101,65" hai1="122,60,66,109,21,83,18,63,26,61,131,110,62" hai2="107,71,92,48,23,34,9,102,121,31,127,123,80" hai3="29,114,14,105,85,111,59,47,25,13,93,73,106"/><U82/><E122/><V39/><F39/><W50/><G73/><T135/><D113/><U100/><E100/><V12/><F71/><W90/><G114/><T51/><D135/><U103/><E103/><V108/><F107/><W0/><G0/><T94/><D70/><U117/><E117/><V72/><F34/><W99/><G111/><N who="1" m="42506" /><E131/><V54/><F108/><W5/><G59/><AGARI ba="0,0" hai="18,21,26,59,60,61,62,63,66,82,83" m="42506" machi="59" ten="30,2900,0" yaku="14,1,10,1" doraHai="115" who="1" fromWho="3" sc="200,0,340,29,230,0,230,-29" /><INIT seed="1,1,0,1,3,7" ten="200,369,230,201" oya="1" hai0="64,2,60,22,132,32,31,44,8,128,40,104,23" hai1="90,46,68,87,25,105,48,95,9,71,135,27,33" hai2="103,130,77,37,92,39,41,15,55,14,18,21,114" hai3="6,89,119,133,116,112,57,30,127,75,86,66,10"/><U126/><E135/><V67/><F130/><W73/><G112/><T80/><D128/><U35/><E126/><V98/><F114/><W1/><G127/><T52/><D132/><U34/><E105/><V99/><F67/><W107/><G107/><T29/><D104/><U50/><E9/><V106/><F77/><W111/><G30/><T0/><D80/><U131/><E131/><V123/><F123/><W91/><G133/><T129/><D129/><U51/><REACH who="1" step="1"/><E46/><REACH who="1" ten="200,359,230,201" step="2"/><V45/><F45/><W120/><G120/><T97/><D8/><U65/><E65/><V85/><F106/><W93/><G119/><T102/><D44/><U121/><E121/><V56/><F103/><W54/><G116/><T13/><D64/><U12/><E12/><V74/><F14/><W26/><G66/><T124/><D13/><U5/><E5/><V125/><F15/><W3/><G1/><T43/><D102/><U118/><E118/><V122/><F125/><W70/><G70/><AGARI ba="1,1" hai="25,27,33,34,35,48,50,51,68,70,71,87,90,95" machi="70" ten="50,2400,0" yaku="1,1,53,0" doraHai="7" doraHaiUra="117" who="1" fromWho="3" sc="200,0,359,37,230,0,201,-27" /><INIT seed="1,2,0,0,5,36" ten="200,396,230,174" oya="1" hai0="97,104,66,76,35,131,75,83,111,78,15,14,7" hai1="124,62,19,37,56,67,26,92,24,87,65,50,57" hai2="94,68,4,123,38,64,93,41,91,122,70,132,49" hai3="31,108,118,110,25,51,11,86,85,2,55,39,120"/><U90/><E124/><V5/><F38/><W43/><G120/><T128/><D111/><N who="3" m="42537" /><G118/><T54/><D35/><U113/><E37/><V16/><F132/><W127/><G127/><T117/><D117/><U3/><E3/><V106/><F106/><W0/><G39/><T47/><D66/><U98/><E113/><V82/><F64/><W100/><G100/><N who="0" m="62479" /><D7/><U72/><E72/><V20/><F70/><W96/><G96/><T10/><D10/><U61/><E50/><V22/><F68/><W17/><G17/><T69/><D78/><U52/><E67/><V1/><F1/><N who="3" m="619" /><G11/><T133/><D69/><U34/><E34/><V30/><F22/><N who="3" m="15799" /><G43/><T130/><D133/><U40/><E40/><V59/><F30/><W45/><AGARI ba="2,0" hai="45,51,55,85,86" m="15799,619,42537" machi="45" ten="30,1100,0" yaku="14,1" doraHai="36" who="3" fromWho="3" sc="200,-5,396,-7,230,-5,174,17" /><INIT seed="2,0,0,3,2,81" ten="195,389,225,191" oya="2" hai0="28,27,115,112,16,62,4,60,128,105,110,38,11" hai1="76,87,96,48,124,26,0,135,34,36,19,66,44" hai2="65,108,8,104,92,46,17,126,102,114,82,5,54" hai3="12,69,55,9,15,132,56,80,129,49,134,47,35"/><V51/><F114/><W45/><G69/><T61/><D110/><U25/><E36/><V33/><F33/><W131/><G35/><T109/><D109/><U85/><E135/><N who="3" m="51754" /><G80/><T79/><D128/><N who="3" m="49225" /><G15/><T130/><D130/><U88/><E0/><V18/><F82/><W127/><G127/><T93/><D79/><U37/><E37/><V98/><F126/><W40/><G40/><T107/><D38/><U63/><E124/><V90/><F108/><W70/><G70/><T67/><D112/><U53/><E34/><V72/><F72/><W95/><G95/><T13/><D115/><U14/><E76/><V103/><F65/><W121/><G121/><T23/><D67/><U7/><E7/><AGARI ba="0,0" hai="7,9,12,45,47,49,55,56" m="49225,51754" machi="7" ten="30,2000,0" yaku="20,1,19,1" doraHai="81" who="3" fromWho="1" sc="195,0,389,-20,225,0,191,20" /><INIT seed="3,0,0,3,3,44" ten="195,369,225,211" oya="3" hai0="3,5,126,118,21,20,54,39,116,40,36,115,88" hai1="134,18,121,123,25,23,128,83,0,112,84,131,50" hai2="55,75,6,68,98,103,26,85,51,96,87,109,86" hai3="48,28,33,77,130,71,95,47,93,113,56,63,19"/><W11/><G113/><T92/><D115/><U78/><E112/><V1/><F68/><W60/><G130/><N who="1" m="49706" /><E0/><V132/><F75/><W102/><G71/><T46/><D39/><U135/><E50/><V16/><F1/><W14/><G77/><T94/><D126/><U34/><E34/><V72/><F72/><W9/><G33/><T12/><D54/><U66/><E66/><V114/><F109/><W104/><G104/><T107/><D107/><U27/><E25/><V43/><F132/><AGARI ba="0,0" hai="18,23,27,78,83,84,121,123,132,134,135" m="49706" machi="132" ten="30,2000,0" yaku="20,1,19,1" doraHai="44" who="1" fromWho="2" sc="195,0,369,20,225,-20,211,0" owari="195,-30.5,389,48.9,205,-19.5,211,1.1" /></mjloggm>