<mjloggm ver="2.3"><GO type="225" lobby="0"/><UN n0="%72%65%6E%6B%75%6E" n1="%E6%9D%B1%E9%A2%A8%E3%81%AE%E3%81%8D%E3%82%83%E3%81%B7%E3%81%95%E3%82%93" n2="%E3%83%A9%E3%83%BC%E3%83%A1%E3%83%B3%E4%BA%94%E9%83%8E" n3="%E8%BE%9B%E5%8F%A3%E3%82%AB%E3%83%AC%E3%83%BC%E3%83%A9%E3%82%A4%E3%82%B9" dan="17,17,16,17" rate="2226.41,2260.79,2097.41,2246.61" sx="M,M,M,M"/><TAIKYOKU oya="0"/><INIT seed="0,0,0,0,5,122" ten="250,250,250,250" oya="0" hai0="120,106,134,16,116,32,41,131,118,86,104,102,64" hai1="55,91,57,73,111,10,115,22,24,97,30,112,17" hai2="44,14,133,58,42,26,54,21,34,23,128,82,78" hai3="39,19,50,124,109,7,119,68,125,87,1,84,9"/><T62/><D32/><U83/><E73/><V74/><F133/><W114/><G39/><T95/><D120/><U71/><E71/><V107/><F128/><W89/><G114/><T121/><D121/><U135/><E135/><V105/><F14/><W56/><G119/><T96/><D134/><U93/><E83/><V29/><F21/><W101/><G68/><T129/><D41/><U52/><E10/><V59/><F34/><W67/><G101/><T70/><D16/><N who="1" m="12359" /><E55/><V75/><F75/><W98/><G19/><T5/><D5/><U126/><E30/><V61/><REACH who="2" step="1"/><F59/><REACH who="2" ten="250,250,240,250" step="2"/><W35/><G35/><T79/><D116/><U92/><E126/><V81/><F81/><W77/><G124/><T53/><D118/><U76/><E76/><V27/><F27/><W132/><G125/><T38/><D129/><U60/><E93/><V28/><F28/><W36/><G77/><T12/><D131/><U117/><E117/><V11/><F11/><W37/><G132/><T88/><D79/><U46/><E46/><V20/><F20/><W90/><G9/><T80/><D12/><U13/><E111/><V40/><F40/><W18/><G109/><T47/><REACH who="0" step="1"/><D38/><AGARI ba="0,1" hai="23,26,29,38,42,44,54,58,61,74,78,82,105,107" machi="38" ten="30,3900,0" yaku="1,1,7,1,53,1" doraHai="122" doraHaiUra="51" who="2" fromWho="0" sc="250,-39,250,0,240,49,250,0" /><INIT seed="1,0,0,5,2,26" ten="211,250,289,250" oya="1" hai0="40,80,24,84,100,106,88,93,92,59,6,96,78" hai1="19,3,42,27,73,61,44,66,36,108,125,97,22" hai2="87,116,60,33,39,30,123,112,134,107,2,121,111" hai3="81,114,31,127,57,132,64,120,16,126,12,90,23"/><U102/><E125/><N who="3" m="47626" /><G120/><T0/><D40/><U124/><E124/><V38/><F116/><W85/><G114/><T104/><D0/><U48/><E3/><V94/><F2/><W20/><G132/><T56/><D6/><U4/><E4/><V53/><F134/><W5/><G5/><T83/><D24/><U54/><E73/><V95/><F112/><W13/><G31/><T28/><D28/><U101/><E108/><V82/><F107/><N who="0" m="41002" /><D56/><U29/><E19/><V62/><F111/><W10/><G12/><T34/><D59/><U86/><E86/><V74/><F74/><W77/><G77/><T115/><D34/><U49/><E36/><V76/><F33/><W117/><G117/><T118/><D118/><U25/><E25/><V14/><F14/><W71/><G71/><T7/><D7/><U122/><E122/><V128/><F30/><W1/><G1/><T103/><D115/><U105/><E101/><N who="0" m="38985" /><D96/><U50/><REACH who="1" step="1"/><E42/><REACH who="1" ten="211,240,289,250" step="2"/><V133/><F121/><W11/><G11/><T129/><D129/><U63/><E63/><AGARI ba="0,1" hai="10,13,16,20,23,57,63,64,81,85,90" m="47626" machi="63" ten="30,2000,0" yaku="18,1,54,1" doraHai="26" who="3" fromWho="1" sc="211,0,240,-20,289,0,250,30" /><INIT seed="2,0,0,1,0,86" ten="211,220,289,280" oya="2" hai0="81,116,54,90,67,89,46,1,106,32,91,98,3" hai1="58,23,53,55,73,15,110,52,94,24,104,13,12" hai2="115,101,92,135,62,37,33,2,25,126,60,22,47" hai3="31,95,50,127,125,38,51,39,117,41,5,119,43"/><V87/><F115/><W30/><REACH who="3" step="1"/><G95/><REACH who="3" ten="211,220,289,270" step="2"/><N who="0" m="56687" /><D106/><U57/><E104/><V45/><F92/><W132/><G132/><T99/><D116/><U79/><E110/><V69/><F135/><W109/><G109/><T129/><D129/><U14/><N who="1" m="3072" /><DORA hai="29" /><U65/><E65/><V4/><F4/><AGARI ba="0,1" hai="4,5,30,31,38,39,41,43,50,51,117,119,125,127" machi="4" ten="25,12000,2" yaku="21,2,22,2,53,2" doraHai="86,29" doraHaiUra="28,36" who="3" fromWho="2" sc="211,0,220,0,289,-120,270,130" /><INIT seed="3,0,0,4,1,106" ten="211,220,169,400" oya="3" hai0="59,16,56,105,52,114,6,1,13,3,77,116,108" hai1="41,69,25,80,115,62,71,32,68,89,122,121,104" hai2="118,103,81,49,60,119,12,123,30,101,120,125,26" hai3="7,2,111,124,110,18,48,57,102,88,19,130,36"/><W70/><G36/><T85/><D105/><U43/><E62/><V35/><F125/><W15/><G70/><T4/><D116/><U39/><E104/><V74/><F49/><W37/><G37/><T20/><D108/><N who="3" m="41513" /><G124/><T113/><D77/><U67/><E39/><V82/><F60/><W54/><G102/><T31/><D31/><U132/><E67/><V29/><F12/><W9/><G130/><T95/><D95/><U135/><E115/><N who="0" m="44041" /><D85/><U66/><E66/><V112/><F112/><W17/><G88/><T76/><D76/><U84/><E25/><V46/><F26/><W134/><G134/><N who="1" m="51242" /><E32/><V27/><F27/><W78/><G78/><T97/><D97/><U91/><E91/><V61/><F61/><W73/><G73/><T28/><D28/><U38/><E38/><V5/><F35/><W129/><G129/><T0/><D59/><U33/><E33/><V50/><F50/><AGARI ba="0,0" hai="0,1,3,4,6,13,16,20,50,52,56" m="44041" machi="50" ten="40,5200,0" yaku="11,1,54,2" doraHai="106" who="0" fromWho="2" sc="211,52,220,0,169,-52,400,0" owari="263,6.3,220,-18.0,117,-38.3,400,50.0" /></mjloggm>