<mjloggm ver="2.3"><GO type="225" lobby="0"/><UN n0="%28%EF%BF%A3%E2%96%BD%EF%BF%A3%29%CE%B4%E2%8C%92%E3%83%BB" n1="%E5%8D%A0%E3%81%84%E5%B8%AB%E8%A3%8F%E3%81%AA%E3%81%84%E3%81%97" n2="%E3%81%BF%E3%81%BF%E3%81%9A" n3="%77%72%77%72%77%72%77%72" dan="16,17,18,17" rate="2122.14,2170.93,2210.75,2165.01" sx="M,M,M,M"/><TAIKYOKU oya="0"/><INIT seed="0,0,0,1,0,51" ten="250,250,250,250" oya="0" hai0="133,46,42,1,101,50,75,12,107,99,121,106,132" hai1="79,60,10,3,123,124,63,16,48,40,22,31,95" hai2="37,55,102,17,86,89,105,125,47,18,24,34,98" hai3="30,72,93,80,39,85,52,81,74,56,5,13,119"/><T92/><D1/><U114/><E123/><V78/><F125/><W0/><G119/><T66/><D75/><U25/><E124/><V97/><F78/><W61/><G39/><T32/><D32/><U111/><E111/><V49/><F97/><W41/><G0/><T83/><D121/><U129/><E129/><V43/><F34/><W113/><G113/><T118/><D118/><U115/><E79/><V2/><F24/><W91/><G41/><T84/><D66/><U117/><E117/><V88/><F2/><W64/><G30/><T35/><D35/><U112/><E95/><V128/><F128/><W7/><G72/><T82/><D12/><U8/><E8/><V29/><F29/><W122/><G74/><T104/><REACH who="0" step="1"/><D84/><REACH who="0" ten="240,250,250,250" step="2"/><U54/><E3/><V68/><F68/><W109/><G122/><T9/><D9/><U11/><E11/><V36/><F36/><W21/><G109/><T28/><D28/><U65/><E10/><V69/><F69/><W127/><G127/><T110/><D110/><U62/><E31/><V27/><F27/><W53/><G5/><T20/><D20/><U130/><E130/><V58/><REACH who="2" step="1"/><F86/><REACH who="2" ten="240,250,240,250" step="2"/><W94/><G7/><T90/><D90/><AGARI ba="0,2" hai="17,18,37,43,47,49,55,58,88,89,90,98,102,105" machi="90" ten="40,8000,1" yaku="1,1,2,1,52,1,54,1,53,0" doraHai="51" doraHaiUra="73" who="2" fromWho="0" sc="240,-80,250,0,240,100,250,0" /><INIT seed="1,0,0,3,2,72" ten="160,250,340,250" oya="1" hai0="77,69,44,64,59,134,96,22,52,129,91,27,122" hai1="115,82,127,3,17,37,104,57,0,90,38,18,92" hai2="10,45,120,111,1,29,19,14,24,135,7,9,118" hai3="35,116,55,39,132,98,51,110,16,34,131,84,65"/><U105/><E115/><V114/><F118/><W12/><G116/><T93/><D122/><U31/><E31/><V99/><F120/><W30/><G39/><T63/><D129/><U50/><E127/><V56/><F114/><W4/><G131/><T117/><D117/><U25/><E82/><V89/><F111/><W47/><G110/><T87/><D134/><U71/><E71/><V61/><F135/><W26/><G132/><T68/><D44/><U62/><E50/><V49/><F99/><W78/><G65/><T43/><D43/><U128/><E128/><V88/><F56/><W2/><G98/><T42/><D42/><U130/><E130/><V108/><F61/><W53/><G34/><T54/><D69/><U83/><E83/><V125/><F108/><W40/><G84/><T41/><D41/><U21/><E18/><V119/><F125/><W28/><G28/><N who="0" m="17527" /><D68/><U11/><E37/><V101/><F101/><W23/><G78/><T121/><D121/><U66/><E38/><V109/><F109/><W133/><G133/><T126/><D126/><U46/><E46/><V107/><F107/><W60/><G60/><T8/><D8/><AGARI ba="0,0" hai="2,4,8,12,16,23,26,30,35,40,47,51,53,55" machi="8" ten="40,5200,0" yaku="24,2,54,1" doraHai="72" who="3" fromWho="0" sc="160,-52,250,0,340,0,250,52" /><INIT seed="2,0,0,5,3,40" ten="108,250,340,302" oya="2" hai0="133,77,101,60,17,56,34,123,121,37,52,12,63" hai1="85,43,24,6,119,16,23,0,127,126,4,57,31" hai2="95,132,98,74,15,76,28,2,124,18,104,131,75" hai3="46,55,26,33,111,107,1,20,22,105,134,39,7"/><V61/><F2/><W71/><G71/><T10/><D34/><N who="1" m="20839" /><E57/><V64/><F104/><W135/><G111/><T80/><D133/><N who="3" m="50697" /><G33/><T45/><D101/><U38/><E85/><V114/><F114/><W3/><G22/><T130/><D130/><U122/><E43/><V106/><F124/><N who="1" m="47657" /><E38/><V86/><F131/><W110/><G7/><N who="1" m="2602" /><E119/><V66/><F132/><W42/><G110/><T59/><D37/><U49/><E49/><V103/><F75/><W128/><G128/><T88/><D45/><U125/><N who="1" m="47665" /><U58/><DORA hai="13" /><E58/><V115/><F86/><W100/><G55/><T84/><REACH who="0" step="1"/><D77/><REACH who="0" ten="98,250,340,302" step="2"/><U9/><E122/><V112/><F76/><W72/><G100/><T62/><D62/><U79/><E79/><V70/><F103/><W82/><G107/><T47/><D47/><U8/><E0/><V78/><F61/><W41/><G105/><T91/><D91/><U81/><E81/><V54/><F106/><W67/><G1/><T87/><D87/><U69/><E69/><V44/><F78/><N who="3" m="44359" /><G3/><T102/><D102/><U89/><E89/><V92/><F74/><W83/><G83/><T99/><D99/><U94/><E94/><V21/><F95/><W14/><G41/><T25/><D25/><AGARI ba="0,1" hai="8,9,16,23,25" m="2602,47665,20839" machi="25" ten="40,8000,1" yaku="18,1,34,2,52,1,54,1" doraHai="40,13" who="1" fromWho="0" sc="98,-80,250,90,340,0,302,0" /><INIT seed="3,0,0,1,3,62" ten="18,340,340,302" oya="3" hai0="77,22,96,79,42,67,20,44,82,116,33,125,1" hai1="18,95,5,97,45,48,63,53,119,114,89,49,21" hai2="13,36,75,16,6,87,129,43,72,104,27,9,93" hai3="83,25,11,0,76,118,39,120,103,108,78,40,47"/><W109/><G118/><T56/><D33/><U64/><E114/><V73/><F104/><W99/><G120/><T50/><D1/><U10/><E119/><V123/><F123/><W54/><G54/><T98/><D116/><U30/><E30/><V23/><F129/><W17/><G25/><T111/><D111/><N who="3" m="42569" /><G83/><T86/><D125/><U69/><E48/><V107/><F107/><N who="3" m="63999" /><G17/><T66/><D56/><U7/><E10/><V88/><F43/><W71/><G71/><T68/><D68/><U117/><E117/><V60/><F60/><W126/><G126/><T84/><D50/><U52/><E53/><V81/><REACH who="2" step="1"/><F36/><REACH who="2" ten="18,340,330,302" step="2"/><W122/><G122/><T57/><D57/><U32/><E32/><V94/><AGARI ba="0,1" hai="6,9,13,16,23,27,72,73,75,81,87,88,93,94" machi="94" ten="40,8000,1" yaku="1,1,2,1,0,1,54,2,53,0" doraHai="62" doraHaiUra="51" who="2" fromWho="2" sc="18,-20,340,-20,330,90,302,-40" owari="-2,-50.2,320,12.0,420,52.0,262,-13.8" /></mjloggm>