<mjloggm ver="2.3"><GO type="225" lobby="0"/><UN n0="%E9%B3%B3%E6%9D%B1%E3%81%AE%E3%81%86%E3%81%95%E3%81%8E%E3%81%95%E3%82%93" n1="%33%74%72%65%65" n2="%6D%75%75%6D%75%72%61" n3="%E9%8A%80%E3%81%B0%E3%81%95%E3%81%BF" dan="16,17,16,17" rate="2115.82,2239.34,2109.88,2227.22" sx="M,F,F,M"/><TAIKYOKU oya="0"/><INIT seed="0,0,0,3,0,89" ten="250,250,250,250" oya="0" hai0="23,85,105,90,113,114,4,24,20,108,122,118,119" hai1="83,7,6,127,101,32,106,93,39,25,29,116,18" hai2="128,84,78,100,79,28,16,109,55,50,131,5,1" hai3="10,8,15,124,65,97,123,49,99,45,133,135,102"/><T19/><D105/><U3/><E116/><N who="0" m="44585" /><D90/><U80/><E127/><V22/><F109/><W21/><G124/><T36/><D85/><U91/><E39/><V96/><F28/><W95/><G123/><T33/><D36/><U81/><E3/><V110/><F5/><W46/><G65/><T17/><D122/><U30/><E30/><V12/><F1/><W59/><G59/><T35/><D4/><U44/><E44/><V31/><F31/><W75/><G75/><T68/><D68/><U67/><E67/><V62/><F62/><W121/><G121/><T70/><D70/><U66/><E66/><V71/><F71/><W41/><G46/><T53/><D53/><U132/><E132/><N who="3" m="50762" /><G97/><T112/><D108/><U61/><E61/><V40/><F40/><W9/><G21/><N who="0" m="8267" /><D24/><U54/><E54/><V129/><F110/><W86/><G86/><T134/><D134/><U74/><E74/><V120/><F84/><W94/><G94/><T60/><D60/><U47/><E47/><N who="2" m="28127" /><F120/><W57/><G57/><T0/><D0/><U48/><E106/><AGARI ba="0,0" hai="12,16,22,78,79,96,100,106,128,129,131" m="28127" machi="106" ten="30,2000,0" yaku="19,1,54,1" doraHai="89" who="2" fromWho="1" sc="250,0,250,-20,250,20,250,0" /><INIT seed="1,0,0,3,5,60" ten="250,230,270,250" oya="1" hai0="92,10,122,116,46,129,75,85,21,37,103,104,101" hai1="76,99,28,123,17,127,38,131,113,78,115,114,95" hai2="96,118,51,5,36,71,59,90,119,3,66,79,15" hai3="121,132,111,6,23,86,125,98,109,124,35,134,133"/><U19/><E123/><V110/><F3/><W32/><G121/><T48/><D116/><U72/><E131/><V31/><F36/><W11/><G86/><T112/><D122/><U40/><E127/><N who="3" m="48714" /><G23/><T39/><D112/><U49/><E38/><V18/><F110/><N who="3" m="41995" /><G98/><T120/><D75/><U70/><E72/><V9/><F79/><W1/><AGARI ba="0,0" hai="1,6,11,32,35,132,133,134" m="41995,48714" machi="1" ten="40,12000,2" yaku="20,1,18,1,14,1,23,1,34,2" doraHai="60" who="3" fromWho="3" sc="250,-30,230,-60,270,-30,250,120" /><INIT seed="2,0,0,1,0,58" ten="220,170,240,370" oya="2" hai0="125,92,26,17,55,68,53,3,99,100,134,24,116" hai1="112,110,126,39,113,95,31,97,79,27,38,66,74" hai2="5,22,49,50,109,121,67,130,71,87,73,51,75" hai3="117,10,91,114,70,11,122,77,118,88,28,15,81"/><V62/><F121/><W76/><G122/><T8/><D68/><U128/><E110/><V85/><F109/><W133/><G70/><T135/><D125/><U107/><E126/><V59/><F130/><W19/><G133/><N who="0" m="50699" /><D116/><U35/><E128/><V18/><F5/><W111/><G111/><T48/><D53/><U104/><E95/><V98/><F98/><W45/><G114/><N who="1" m="44138" /><E66/><V90/><F71/><W93/><G28/><T103/><D103/><N who="1" m="62575" /><E107/><V40/><F40/><W44/><G93/><T2/><D17/><U1/><E1/><N who="0" m="9" /><D8/><U13/><E13/><V106/><F106/><W43/><G15/><T16/><D16/><U14/><E14/><V72/><REACH who="2" step="1"/><F90/><REACH who="2" ten="220,170,230,370" step="2"/><W69/><G43/><T131/><D131/><U34/><E34/><V119/><F119/><W124/><G69/><T56/><AGARI ba="0,1" hai="24,26,48,55,56,92,99,100" m="9,50699" machi="56" ten="30,1100,0" yaku="20,1" doraHai="58" who="0" fromWho="0" sc="220,21,170,-3,230,-5,370,-3" /><INIT seed="3,0,0,0,5,78" ten="241,167,225,367" oya="3" hai0="66,106,4,115,107,34,117,100,21,56,81,129,127" hai1="68,38,108,10,9,45,20,63,77,47,74,80,82" hai2="16,84,15,85,53,119,17,130,97,116,95,57,67" hai3="25,105,39,126,111,35,135,96,23,98,91,103,110"/><W19/><G39/><T60/><D34/><U86/><E108/><N who="3" m="41514" /><G126/><T125/><D4/><U28/><E68/><V5/><F67/><W120/><G135/><T89/><D21/><U101/><E101/><V40/><F40/><W69/><G35/><T83/><D89/><U48/><E63/><V90/><F130/><W18/><G69/><T123/><D106/><U13/><E38/><V114/><F114/><W88/><G120/><T29/><D107/><U65/><E65/><V133/><F133/><W64/><G64/><T50/><D117/><U87/><E74/><V58/><F58/><W0/><G0/><T30/><D56/><U134/><E134/><V132/><F132/><W33/><G33/><T1/><D1/><U73/><E73/><V22/><F116/><W121/><G121/><T37/><D37/><U94/><E94/><V49/><F119/><W41/><G41/><T2/><D2/><U128/><E128/><V93/><F5/><W36/><G36/><T31/><D66/><U113/><E113/><V62/><F93/><N who="3" m="56359" /><G91/><T46/><D125/><U99/><E99/><V42/><F17/><AGARI ba="0,0" hai="17,18,19,23,25,98,103,105" m="56359,41514" machi="17" ten="30,5800,0" yaku="14,1,10,1,54,1" doraHai="78" who="3" fromWho="2" sc="241,0,167,0,225,-58,367,58" owari="241,4.1,167,-23.3,167,-33.3,425,52.5" /></mjloggm>