<mjloggm ver="2.3"><GO type="225" lobby="0"/><UN n0="%E7%A7%8B%E6%9C%88%E7%9C%9F%E7%90%86%E4%BA%9E" n1="%E3%82%BC%E3%83%AB%E3%83%80%E3%81%AE%E4%BC%9D%E8%AA%AC" n2="%E3%81%BE%E3%81%A8%E3%81%9F" n3="%E5%8F%AF%E5%85%90%E9%82%A3%E7%94%B1%E5%A4%9A" dan="16,17,16,17" rate="2122.23,2264.18,2069.54,2245.36" sx="M,M,M,F"/><TAIKYOKU oya="0"/><INIT seed="0,0,0,0,1,120" ten="250,250,250,250" oya="0" hai0="109,72,123,106,38,35,30,124,86,68,15,71,44" hai1="135,133,65,78,58,100,56,67,79,0,114,54,50" hai2="20,125,42,130,103,3,132,29,98,53,97,121,37" hai3="131,96,81,63,122,51,52,90,43,46,112,85,64"/><T115/><RYUUKYOKU type="yao9" ba="0,0" sc="250,0,250,0,250,0,250,0" hai0="15,30,35,38,44,68,71,72,86,106,109,115,123,124" /><INIT seed="0,1,0,5,0,108" ten="250,250,250,250" oya="0" hai0="117,67,69,129,134,60,135,105,133,125,95,92,36" hai1="25,48,29,85,101,123,13,41,76,33,120,80,121" hai2="8,43,23,6,16,73,90,86,128,114,54,49,46" hai3="57,107,14,7,52,55,22,59,9,83,35,131,126"/><T75/><D75/><U30/><E30/><V37/><F73/><W98/><G35/><T45/><D105/><U88/><E101/><V39/><F128/><W99/><G131/><T11/><D117/><U112/><E112/><V81/><F114/><W94/><G126/><T124/><D11/><U34/><E13/><V78/><F90/><W87/><G107/><T53/><D129/><U97/><E34/><V10/><F6/><W44/><G44/><T56/><D95/><U65/><E65/><V96/><F96/><W51/><G22/><T32/><D92/><U113/><E113/><V115/><F39/><W119/><G94/><T47/><D32/><U127/><E127/><N who="0" m="48713" /><D36/><U18/><E18/><V130/><F115/><W79/><REACH who="3" step="1"/><G119/><REACH who="3" ten="250,250,250,240" step="2"/><T103/><D103/><U2/><E33/><V66/><F130/><W82/><G82/><T122/><D122/><U93/><E120/><V4/><F46/><W104/><G104/><T12/><D12/><U100/><E121/><V89/><F81/><W5/><G5/><T27/><D27/><U42/><E123/><V68/><F4/><W28/><G28/><T58/><D69/><U3/><E25/><V116/><F68/><W74/><G74/><T72/><D72/><U62/><E29/><V102/><F23/><W50/><AGARI ba="1,1" hai="7,9,14,50,51,52,55,57,59,79,83,87,98,99" machi="50" ten="20,12000,2" yaku="1,1,0,1,7,1,9,1,8,1,54,1,53,0" doraHai="108" doraHaiUra="118" who="3" fromWho="3" sc="250,-61,250,-31,250,-31,240,133" /><INIT seed="1,0,0,2,1,91" ten="189,219,219,373" oya="1" hai0="80,16,57,12,62,47,7,35,5,67,74,68,78" hai1="70,42,125,131,38,90,129,99,10,122,108,48,51" hai2="56,79,46,124,130,34,29,1,50,8,39,0,128" hai3="111,89,71,55,63,120,26,100,13,45,132,135,115"/><U133/><E122/><V84/><F39/><W81/><G120/><T92/><D35/><U114/><E114/><V87/><F56/><W126/><G115/><T52/><D47/><N who="1" m="24023" /><E70/><V22/><F34/><W95/><G100/><T54/><D54/><U83/><E10/><V73/><F73/><W24/><G81/><T105/><D105/><U58/><E83/><N who="2" m="47231" /><F87/><W20/><G71/><T94/><D7/><U97/><E125/><V49/><F49/><W37/><G126/><T17/><D5/><U98/><E90/><V96/><F8/><W102/><G89/><T75/><D75/><U30/><E30/><V43/><F124/><W82/><G82/><T31/><D31/><U86/><E86/><V40/><F40/><W112/><G112/><T117/><D117/><U121/><E121/><V65/><F65/><W3/><G37/><T21/><D17/><U103/><E103/><V53/><F43/><W123/><G123/><T106/><D106/><U64/><E133/><V66/><F66/><W93/><G102/><T109/><D109/><U14/><E108/><V101/><F29/><W118/><G111/><T104/><D104/><U41/><E14/><V33/><F33/><W4/><G13/><T11/><D11/><U59/><E41/><V69/><F69/><W72/><G72/><T36/><D36/><U2/><E2/><N who="2" m="1131" /><F22/><W15/><G3/><T88/><D88/><U9/><E9/><V77/><F77/><W27/><G20/><T25/><D12/><U19/><E19/><V110/><F110/><W6/><G15/><T61/><AGARI ba="0,0" hai="16,21,25,52,57,61,62,67,68,74,78,80,92,94" machi="61" ten="20,12000,2" yaku="0,1,7,1,52,2,54,2" doraHai="91" who="0" fromWho="0" sc="189,120,219,-60,219,-30,373,-30" /><INIT seed="2,0,0,0,0,54" ten="309,159,189,343" oya="2" hai0="84,42,18,101,24,79,28,72,33,132,40,93,36" hai1="75,113,66,112,35,48,50,89,4,118,85,121,20" hai2="45,44,61,32,127,56,99,71,124,82,78,29,120" hai3="129,1,88,2,128,64,116,39,81,11,65,104,91"/><V69/><F29/><W16/><G116/><T47/><D132/><U123/><E35/><V111/><F32/><W10/><G39/><T130/><D130/><N who="3" m="50281" /><G104/><T135/><D135/><U8/><E75/><V22/><F22/><W83/><G83/><T114/><D114/><U46/><E118/><V21/><F21/><W60/><G65/><T26/><D40/><U100/><E100/><V58/><F99/><W68/><G81/><T12/><D24/><U87/><E20/><V31/><F31/><W19/><G10/><T59/><D72/><U109/><E66/><N who="2" m="39207" /><F82/><W62/><G62/><T103/><D79/><U95/><E85/><V80/><F80/><W74/><G74/><T108/><D84/><U43/><E50/><V126/><F78/><W55/><G55/><T7/><D93/><U38/><E48/><V49/><F120/><N who="1" m="46153" /><E109/><V15/><F15/><AGARI ba="0,0" hai="4,8,15,38,43,46,87,89,95,112,113" m="46153" machi="15" ten="30,1000,0" yaku="13,1" doraHai="54" who="1" fromWho="2" sc="309,0,159,10,189,-10,343,0" /><INIT seed="3,0,0,2,0,24" ten="309,169,179,343" oya="3" hai0="97,80,104,84,51,33,22,54,45,50,40,117,55" hai1="58,77,18,118,52,34,110,5,69,36,128,6,28" hai2="93,81,96,91,63,16,11,38,107,134,94,103,37" hai3="116,121,124,71,113,73,17,2,14,59,47,87,130"/><W131/><G113/><T30/><D117/><U32/><E69/><V4/><F134/><W56/><G71/><T39/><D33/><U119/><E110/><V8/><F81/><W62/><G73/><T26/><D104/><U65/><E128/><N who="3" m="49194" /><G2/><T66/><D66/><U85/><E36/><V7/><F107/><W127/><G121/><T133/><D133/><U1/><E65/><V114/><F114/><W82/><G47/><T23/><D97/><U70/><E70/><V123/><F123/><W0/><G0/><T29/><D39/><U76/><E18/><V72/><F72/><W21/><G116/><N who="1" m="44586" /><E85/><V25/><F38/><W83/><G83/><T125/><D125/><N who="3" m="48201" /><G62/><T99/><D99/><U112/><E112/><V132/><F37/><W122/><G122/><T75/><D75/><U57/><E57/><V120/><F63/><W19/><G19/><T53/><D51/><N who="1" m="31007" /><E1/><V95/><F120/><W10/><G10/><N who="2" m="3625" /><F132/><W41/><G41/><T46/><D46/><U135/><E135/><V108/><F108/><W109/><G109/><T15/><D15/><U86/><E28/><N who="0" m="10857" /><D26/><U12/><E12/><V105/><F105/><W98/><G98/><T74/><D74/><U129/><E129/><V100/><F100/><W64/><G64/><T20/><D40/><U61/><E61/><V88/><F103/><W48/><G48/><T115/><D115/><U42/><E42/><V111/><F111/><W35/><G35/><N who="1" m="13354" /><E86/><V101/><F101/><W49/><G49/><T43/><D43/><U92/><E92/><N who="2" m="35435" /><F96/><W9/><G9/><T67/><D67/><U3/><E3/><RYUUKYOKU ba="0,0" sc="309,10,169,10,179,-30,343,10" hai0="20,22,23,45,50,53,54,55,80,84" hai1="5,6,76,77" hai3="14,17,21,56,59,82,87" owari="319,11.9,179,-22.1,149,-35.1,353,45.3" /></mjloggm>