<mjloggm ver="2.3"><GO type="225" lobby="0"/><UN n0="%E3%81%BA%E3%82%93%E3%81%A1%E3%83%BC%E3%81%B4%E3%82%93%E3%81%A4%E3%82%82" n1="%47%32%E9%BE%8D%E9%96%80" n2="%E3%83%8F%E3%82%AC%E3%82%BF%E3%82%AB%E3%81%AE%E3%81%88%E3%81%98%E3%81%8D" n3="%E4%BF%BA%E3%81%A8%E5%A6%96%E5%A4%A2" dan="17,16,16,17" rate="2208.85,2106.01,2140.50,2203.89" sx="F,M,M,F"/><TAIKYOKU oya="0"/><INIT seed="0,0,0,3,1,35" ten="250,250,250,250" oya="0" hai0="131,9,60,29,99,31,134,106,72,88,57,70,28" hai1="125,22,77,90,87,82,46,44,27,7,25,81,75" hai2="40,78,84,16,100,121,49,85,41,19,67,45,65" hai3="127,83,21,104,110,118,93,73,62,14,54,66,117"/><T89/><D72/><U20/><E125/><V94/><F121/><W105/><G127/><T119/><D119/><U80/><E80/><N who="2" m="47127" /><F41/><W52/><G110/><T58/><D134/><U0/><E7/><V53/><F40/><W32/><G32/><T96/><D131/><U6/><E6/><V48/><F49/><W133/><G133/><T115/><D115/><U64/><E64/><N who="2" m="24651" /><F85/><W74/><G93/><N who="0" m="56359" /><D106/><U43/><E0/><V33/><F33/><W63/><G83/><T42/><D42/><U130/><E130/><V11/><F11/><W12/><G66/><T47/><D9/><U23/><REACH who="1" step="1"/><E46/><REACH who="1" ten="250,240,250,250" step="2"/><V55/><F55/><W26/><G26/><T95/><D47/><U59/><E59/><N who="0" m="22537" /><D70/><U13/><E13/><V56/><F45/><W15/><G12/><T116/><D116/><U97/><E97/><AGARI ba="0,1" hai="16,19,48,53,56,94,97,100" m="24651,47127" machi="97" ten="30,2000,0" yaku="8,1,54,1" doraHai="35" who="2" fromWho="1" sc="250,0,240,-20,250,30,250,0" /><INIT seed="1,0,0,0,1,99" ten="250,220,280,250" oya="1" hai0="39,50,65,109,85,55,32,60,49,72,40,21,134" hai1="123,106,36,117,69,22,76,27,84,58,31,129,51" hai2="77,4,6,17,67,34,92,18,0,15,68,38,114" hai3="52,105,33,122,19,125,63,14,100,96,83,42,124"/><U132/><E117/><V87/><F38/><W23/><G122/><T37/><D32/><U74/><E123/><V120/><F120/><W94/><G33/><T1/><D72/><U103/><E36/><N who="0" m="13897" /><D1/><U59/><E69/><V131/><F34/><W111/><G111/><T116/><D21/><U107/><E74/><V20/><F0/><W97/><G42/><T45/><D85/><U108/><E129/><V28/><F28/><W119/><G83/><T73/><D73/><U121/><E121/><V102/><F131/><W75/><G75/><T16/><D16/><U135/><E107/><V35/><F35/><W12/><G12/><T8/><D8/><U57/><E51/><V48/><F48/><W89/><REACH who="3" step="1"/><G119/><REACH who="3" ten="250,220,280,240" step="2"/><T7/><D116/><U2/><E2/><V66/><F15/><W24/><G24/><T30/><D109/><U115/><E108/><V43/><F43/><W126/><G126/><T82/><D82/><U29/><E115/><V133/><F77/><W46/><G46/><T88/><D45/><U70/><E76/><V64/><F114/><W53/><G53/><T3/><D55/><U25/><E25/><V80/><F80/><W13/><G13/><T98/><D40/><U5/><E27/><V91/><F67/><W81/><G81/><T127/><D65/><U79/><E79/><V11/><F66/><W78/><G78/><T95/><D127/><U26/><E26/><V61/><F64/><W44/><G44/><T71/><D3/><U10/><E31/><V90/><F68/><W54/><G54/><T101/><D30/><U113/><E29/><RYUUKYOKU ba="0,1" sc="250,-10,220,-10,280,-10,240,30" hai3="14,19,23,52,63,89,94,96,97,100,105,124,125" /><INIT seed="2,1,1,0,4,28" ten="240,210,270,270" oya="2" hai0="91,82,40,108,48,117,121,7,3,58,15,63,94" hai1="14,101,35,90,2,113,84,45,131,8,77,53,116" hai2="86,93,76,73,69,105,20,39,78,49,133,51,22" hai3="100,17,24,97,71,6,109,33,32,111,64,21,102"/><V98/><F39/><W96/><G6/><T62/><D121/><U112/><E116/><V130/><F69/><W34/><G64/><T1/><D117/><U66/><E2/><V65/><F65/><W26/><G71/><T83/><D3/><U29/><E131/><V120/><F120/><W99/><REACH who="3" step="1"/><G26/><REACH who="3" ten="240,210,270,260" step="2"/><T10/><D1/><U110/><E66/><V16/><F130/><W0/><G0/><T95/><D108/><AGARI ba="1,2" hai="17,21,24,32,33,34,96,97,99,100,102,108,109,111" machi="108" ten="50,8000,1" yaku="1,1,14,1,52,3,53,0" doraHai="28" doraHaiUra="4" who="3" fromWho="0" sc="240,-83,210,0,270,0,260,103" /><INIT seed="3,0,0,5,3,78" ten="157,210,270,363" oya="3" hai0="88,11,21,18,99,32,37,17,90,1,126,132,16" hai1="42,130,14,46,106,12,102,51,89,60,47,44,28" hai2="107,120,34,119,92,5,110,15,50,108,79,96,113" hai3="86,123,98,20,67,95,128,111,52,2,54,38,124"/><W70/><G123/><T83/><D32/><U81/><E130/><V131/><F34/><W91/><G2/><T73/><D37/><U122/><E122/><V118/><F50/><W97/><G128/><T3/><D132/><U8/><E28/><V103/><F15/><W66/><G38/><T33/><D33/><U30/><E30/><V133/><F5/><W53/><G124/><T25/><D126/><U82/><E14/><V41/><F41/><W116/><G116/><T31/><D3/><U63/><E102/><V101/><F133/><W112/><G112/><T93/><D73/><U57/><E106/><V40/><F40/><W26/><G111/><N who="2" m="42537" /><F131/><W13/><G13/><N who="0" m="7231" /><D1/><U87/><E81/><V45/><F45/><N who="1" m="17513" /><E57/><V62/><F113/><W94/><G70/><T6/><D6/><AGARI ba="0,0" hai="6,8,12,42,47,51,60,63,82,87,89" m="17513" machi="6" ten="30,2000,0" yaku="8,1,52,1" doraHai="78" who="1" fromWho="0" sc="157,-20,210,20,270,0,363,0" owari="137,-36.3,230,-17.0,270,7.0,363,46.3" /></mjloggm>