<mjloggm ver="2.3"><GO type="225" lobby="0"/><UN n0="%63%68%78%62%64" n1="%4C%4F%4C%49%54%41" n2="%E3%83%81%E3%83%AF%E3%83%AF%E9%9A%8A%E9%95%B7" n3="%4B%2E%32%2E%4B%2E" dan="16,16,17,16" rate="2124.70,2188.00,2214.39,2152.77" sx="M,F,M,M"/><TAIKYOKU oya="0"/><INIT seed="0,0,0,1,2,63" ten="250,250,250,250" oya="0" hai0="75,73,64,42,48,23,7,135,52,111,131,108,24" hai1="89,27,37,67,11,49,61,71,55,9,96,53,118" hai2="127,107,125,97,93,98,133,54,76,50,44,128,72" hai3="114,70,12,117,31,38,65,116,43,78,91,130,103"/><T5/><D135/><U2/><E118/><V100/><F133/><W92/><G114/><T84/><D42/><U56/><E2/><V87/><F128/><W90/><G130/><T36/><D36/><U104/><E37/><V119/><F119/><W123/><G123/><T101/><D101/><U126/><E126/><N who="2" m="48139" /><F72/><W0/><G0/><T69/><D131/><U41/><E41/><V51/><F51/><W68/><G31/><T88/><D75/><U33/><E55/><V14/><F14/><W94/><G78/><T62/><D73/><U110/><E110/><N who="0" m="42025" /><D23/><U102/><REACH who="1" step="1"/><E89/><REACH who="1" ten="250,240,250,250" step="2"/><V82/><F97/><W16/><G43/><T8/><D8/><U132/><E132/><V74/><F74/><W95/><G38/><T29/><D29/><AGARI ba="0,1" hai="9,11,27,29,33,49,53,56,61,67,71,96,102,104" machi="29" ten="40,8000,1" yaku="1,1,25,2,52,1,53,0" doraHai="63" doraHaiUra="115" who="1" fromWho="0" sc="250,-80,240,90,250,0,250,0" /><INIT seed="1,0,0,1,1,31" ten="170,330,250,250" oya="1" hai0="77,38,24,90,69,58,96,71,67,42,15,95,92" hai1="6,65,60,63,36,119,115,107,19,101,48,50,82" hai2="32,59,66,22,84,106,105,34,117,100,53,86,74" hai3="7,73,114,110,79,135,76,102,56,30,41,25,44"/><U12/><E115/><V122/><F117/><W81/><G114/><T130/><D130/><U87/><E36/><V127/><F122/><W134/><G110/><T23/><D15/><U46/><E119/><V112/><F112/><W99/><G56/><T109/><D109/><U116/><E6/><V55/><F74/><W88/><G79/><T120/><D120/><U47/><E107/><V62/><F127/><W49/><G7/><T68/><D77/><U45/><E101/><V103/><F22/><W57/><G57/><T93/><D38/><U133/><E133/><V121/><F121/><W97/><G88/><T124/><D42/><U104/><E104/><V64/><F59/><W129/><G129/><T0/><D0/><U3/><E3/><V21/><F21/><W28/><G97/><T13/><D13/><U1/><E1/><V75/><F75/><W113/><G113/><T125/><D125/><U83/><E83/><V132/><REACH who="2" step="1"/><F62/><REACH who="2" ten="170,330,240,250" step="2"/><W39/><G134/><AGARI ba="0,1" hai="32,34,53,55,64,66,84,86,100,103,105,106,132,134" machi="134" ten="25,16000,3" yaku="1,1,2,1,22,2,52,2,53,2" doraHai="31" doraHaiUra="98" who="2" fromWho="3" sc="170,0,330,0,240,170,250,-160" /><INIT seed="2,0,0,3,2,57" ten="170,330,410,90" oya="2" hai0="41,125,33,40,4,3,93,25,73,14,54,135,118" hai1="59,129,22,89,43,92,32,83,66,91,56,30,101" hai2="110,55,16,15,0,47,86,116,49,85,6,27,7" hai3="35,113,121,130,69,90,36,38,77,72,46,126,95"/><V75/><F75/><W115/><G126/><T24/><D125/><U82/><E32/><V37/><F116/><W87/><G130/><T12/><D73/><U97/><E43/><V17/><F0/><W104/><G121/><T74/><D74/><U128/><E59/><V103/><F110/><W80/><G35/><T106/><D106/><U132/><E132/><V99/><F37/><W107/><G69/><T114/><D114/><U53/><E128/><V58/><F27/><W1/><G36/><T20/><D135/><U42/><E42/><V19/><F47/><W84/><G84/><N who="2" m="32361" /><F15/><W48/><G38/><T81/><D3/><U102/><E102/><V65/><F65/><W119/><G119/><T5/><D33/><U123/><E123/><V111/><F111/><W61/><G1/><T10/><D81/><N who="1" m="30731" /><E53/><V13/><F13/><W2/><G2/><T63/><D54/><U78/><E78/><V76/><F76/><W44/><G44/><T122/><D118/><U52/><E129/><V88/><F103/><W127/><G127/><T67/><D122/><U29/><E66/><V26/><F26/><W98/><G107/><T124/><D124/><U28/><E22/><V105/><F105/><W11/><G104/><T45/><D20/><U60/><AGARI ba="0,0" hai="28,29,30,52,56,60,89,91,92,97,101" m="30731" machi="60" ten="30,4000,0" yaku="8,1,52,1,54,1" doraHai="57" who="1" fromWho="1" sc="170,-10,330,40,410,-20,90,-10" /><INIT seed="3,0,0,5,0,21" ten="160,370,390,80" oya="3" hai0="69,82,127,48,39,109,13,96,9,135,58,112,5" hai1="32,7,54,71,12,24,125,11,67,110,57,104,84" hai2="124,47,64,74,89,51,23,22,16,98,116,120,52" hai3="94,60,62,102,87,30,114,111,77,33,88,10,72"/><W118/><G114/><T29/><D109/><U68/><E104/><V1/><F116/><W8/><G118/><T50/><D39/><U26/><E67/><V53/><F74/><W105/><G111/><T36/><D36/><U134/><E110/><V41/><F1/><W95/><G95/><T27/><D69/><U61/><E134/><V56/><F124/><W3/><G30/><T90/><D135/><U6/><E125/><V4/><F120/><W121/><G33/><T93/><D112/><U75/><E75/><V100/><F4/><N who="1" m="1577" /><E71/><V103/><F64/><W18/><G3/><T99/><D82/><U78/><E68/><V128/><F23/><W44/><G44/><T0/><D0/><U119/><E32/><V133/><F133/><W17/><G121/><T37/><D37/><U2/><E2/><V31/><F31/><W80/><G10/><T85/><D127/><U107/><E107/><V101/><F128/><W108/><G108/><T38/><D38/><U40/><E40/><V130/><F130/><W79/><G79/><T113/><D113/><U19/><E119/><V66/><F66/><W73/><G73/><T106/><D106/><U76/><E76/><V46/><F41/><W132/><G132/><T45/><D58/><U63/><E61/><N who="3" m="23658" /><G8/><T14/><D14/><U49/><E63/><V81/><F53/><W34/><G34/><N who="0" m="20799" /><D45/><U97/><E97/><AGARI ba="0,0" hai="17,18,72,77,80,87,88,94,97,102,105" m="23658" machi="97" ten="30,2900,0" yaku="24,1,54,1" doraHai="21" who="3" fromWho="1" sc="160,0,370,-29,390,0,80,29" /><INIT seed="3,1,0,3,2,35" ten="160,341,390,109" oya="3" hai0="41,59,55,19,82,96,64,97,116,92,94,9,113" hai1="88,85,118,31,49,101,132,63,100,38,130,112,0" hai2="69,12,134,72,77,3,111,122,11,20,110,42,32" hai3="89,95,98,120,28,56,105,36,68,53,86,99,4"/><W50/><G120/><T83/><D116/><U108/><E38/><V44/><F32/><W107/><G68/><T102/><D113/><U48/><E112/><V57/><F69/><W76/><G36/><T2/><D64/><U8/><E31/><V93/><F122/><W131/><G131/><T79/><D41/><U62/><E130/><V29/><F134/><W5/><G28/><T135/><D135/><U37/><E37/><N who="2" m="21583" /><F93/><W23/><G23/><T74/><D83/><U73/><E73/><V25/><F57/><W91/><G76/><T81/><D81/><U27/><E27/><V40/><F40/><W115/><G115/><T1/><D19/><U66/><E132/><V124/><F124/><W43/><G43/><T119/><D9/><U33/><E33/><N who="2" m="20655" /><F77/><W15/><G99/><T30/><D30/><U109/><E49/><V24/><F72/><W18/><G105/><T47/><D47/><U114/><E48/><V71/><F71/><W106/><G106/><T17/><D17/><U6/><E118/><V26/><F26/><W75/><G75/><T16/><D16/><U104/><E114/><V10/><F12/><W117/><G117/><T52/><D55/><U129/><E104/><V21/><F21/><N who="3" m="11487" /><G107/><T103/><D119/><U7/><E129/><V128/><F128/><W87/><G87/><T39/><D39/><U65/><E8/><V67/><F11/><W14/><G14/><T127/><D127/><U61/><E85/><V90/><F10/><W80/><AGARI ba="1,0" hai="4,5,50,53,56,80,86,89,91,95,98" m="11487" machi="80" ten="30,1500,0" yaku="8,1" doraHai="35" who="3" fromWho="3" sc="160,-6,341,-6,390,-6,109,18" /><INIT seed="3,2,0,5,0,73" ten="154,335,384,127" oya="3" hai0="97,104,30,103,9,39,81,43,59,89,117,13,107" hai1="69,105,63,4,35,11,91,72,116,93,3,113,51" hai2="55,66,61,56,85,17,78,50,47,21,23,16,14" hai3="110,127,34,22,60,123,87,29,44,42,131,92,45"/><W134/><G123/><T52/><D117/><U25/><E113/><V98/><F98/><W82/><G34/><T114/><D114/><U77/><E116/><V2/><F2/><W90/><G127/><T48/><D30/><U118/><E105/><V102/><F102/><W6/><G131/><T64/><D104/><U19/><E118/><V79/><F85/><W41/><G134/><T135/><D135/><U130/><E130/><V0/><F0/><W32/><G32/><T7/><D64/><U53/><E69/><V40/><F66/><W65/><G110/><T74/><D89/><U101/><E63/><V122/><F122/><W58/><G6/><T126/><D126/><U67/><E101/><V46/><F46/><N who="3" m="18027" /><G82/><T84/><D43/><N who="3" m="16393" /><G29/><T76/><REACH who="0" step="1"/><D39/><REACH who="0" ten="144,335,384,127" step="2"/><U80/><E67/><V95/><F40/><W36/><G36/><T24/><D24/><U18/><E25/><V8/><F55/><W124/><G124/><T31/><D31/><U15/><E35/><V20/><F61/><W119/><G119/><T106/><D106/><U108/><E108/><V33/><F33/><W49/><G22/><T26/><D26/><U99/><REACH who="1" step="1"/><E3/><REACH who="1" ten="144,325,384,127" step="2"/><V68/><F68/><W83/><G49/><T37/><D37/><U111/><E111/><V28/><F50/><W62/><G60/><T75/><AGARI ba="2,2" hai="7,9,13,48,52,59,74,75,76,81,84,97,103,107" machi="75" ten="30,7900,0" yaku="1,1,0,1,52,1,54,1,53,0" doraHai="73" doraHaiUra="125" who="0" fromWho="0" sc="144,105,325,-22,384,-22,127,-41" owari="249,-15.1,303,10.3,362,46.2,86,-41.4" /></mjloggm>