<mjloggm ver="2.3"><GO type="225" lobby="0"/><UN n0="%E3%81%8C%E3%81%9F" n1="%E3%81%99%E3%81%84%E3%81%BE%E3%81%9B%E3%83%BC%E3%82%93" n2="%E3%81%86%E3%81%A9%E3%82%93%E3%81%93" n3="%E3%82%A2%E3%83%BC%E3%83%A2%E3%83%AD%E3%83%BC%E3%83%B4%E3%82%A1" dan="16,18,16,16" rate="2107.01,2174.91,2184.36,2098.10" sx="M,M,M,M"/><TAIKYOKU oya="0"/><INIT seed="0,0,0,3,3,65" ten="250,250,250,250" oya="0" hai0="68,42,72,74,88,135,116,49,38,114,98,61,57" hai1="123,2,80,10,24,26,78,17,51,1,12,119,111" hai2="95,55,16,121,130,112,9,97,81,48,21,18,93" hai3="105,28,23,92,20,108,11,113,60,37,107,50,127"/><T6/><D114/><U82/><E119/><V90/><F90/><W3/><G113/><T15/><D116/><U52/><E123/><V109/><F109/><W67/><G37/><T129/><D129/><U128/><E128/><V47/><F47/><W32/><G108/><T70/><D135/><U5/><E111/><V76/><F76/><W75/><G75/><T106/><D38/><U29/><E5/><V85/><F85/><W36/><G36/><T14/><D42/><U91/><E91/><V104/><F104/><W100/><G32/><T103/><D49/><U35/><E26/><V101/><F121/><W87/><G50/><T41/><D41/><U22/><E35/><V77/><F112/><W25/><G23/><T124/><D124/><U4/><E4/><V46/><F130/><W122/><G122/><T54/><D88/><U34/><E34/><V30/><F9/><W43/><G43/><T125/><D125/><U126/><E126/><V40/><F95/><W8/><G87/><T117/><D117/><U86/><REACH who="1" step="1"/><E80/><REACH who="1" ten="250,240,250,250" step="2"/><V33/><F81/><W131/><G131/><T89/><D89/><U132/><E132/><V53/><F77/><W110/><G110/><T62/><D6/><U0/><E0/><V73/><F33/><W115/><G3/><T63/><D14/><U120/><E120/><V102/><F102/><W69/><G115/><T83/><D15/><U31/><E31/><V79/><F79/><W84/><G127/><T19/><D19/><N who="2" m="7210" /><F30/><W59/><G100/><T64/><D83/><U39/><E39/><V94/><F101/><W56/><G28/><RYUUKYOKU ba="0,1" sc="250,15,240,15,250,-15,250,-15" hai0="54,57,61,62,63,64,68,70,72,74,98,103,106" hai1="1,2,10,12,17,22,24,29,51,52,78,82,86" /><INIT seed="0,1,1,4,1,104" ten="265,255,235,235" oya="0" hai0="119,128,0,18,35,22,34,48,94,24,9,73,99" hai1="30,61,132,124,60,117,77,5,65,126,100,118,67" hai2="64,50,27,57,20,15,111,91,10,8,28,51,38" hai3="101,107,39,63,95,89,125,37,96,55,62,23,78"/><T47/><D119/><N who="1" m="45579" /><E5/><V6/><F38/><W92/><G125/><N who="1" m="48234" /><E30/><V131/><F111/><W13/><G107/><T80/><D128/><U115/><E77/><V21/><F131/><W40/><G78/><T90/><D80/><U1/><E100/><V7/><F21/><W116/><G116/><T76/><D76/><U41/><E1/><V83/><F64/><N who="1" m="24649" /><E132/><V66/><F66/><W71/><G23/><T82/><D82/><U69/><E69/><V121/><F57/><W12/><G71/><T44/><D73/><U16/><E16/><V11/><F121/><W133/><G133/><T52/><D0/><U45/><E115/><V113/><F113/><W88/><G101/><T109/><D9/><N who="2" m="3690" /><F7/><W49/><G12/><T32/><REACH who="0" step="1"/><D109/><REACH who="0" ten="255,255,235,235" step="2"/><U33/><E33/><V19/><F6/><W3/><G3/><T97/><D97/><U56/><E56/><AGARI ba="1,2" hai="18,22,24,32,34,35,44,47,48,52,56,90,94,99" machi="56" ten="40,3900,0" yaku="1,1,54,1,53,0" doraHai="104" doraHaiUra="68" who="0" fromWho="1" sc="255,62,255,-42,235,0,235,0" /><INIT seed="0,2,0,2,4,116" ten="317,213,235,235" oya="0" hai0="27,78,100,52,130,97,40,126,131,11,105,65,72" hai1="120,37,30,63,110,32,134,22,95,0,88,127,113" hai2="106,61,60,47,49,55,70,42,2,94,19,6,44" hai3="59,118,16,76,119,123,89,41,23,64,129,35,121"/><T9/><D126/><U26/><E127/><V54/><F106/><W66/><G35/><T33/><D40/><U75/><E134/><V84/><F6/><W51/><G76/><T7/><D65/><N who="3" m="25193" /><G89/><T117/><D117/><U86/><E0/><V31/><F2/><W4/><G4/><T107/><D107/><U57/><E37/><V39/><F31/><W43/><G59/><T111/><D111/><U36/><E36/><V21/><F70/><W13/><G43/><T67/><D67/><U1/><E1/><V99/><F84/><W96/><G96/><T108/><D108/><U125/><E125/><V58/><F61/><W17/><G17/><T114/><D78/><U20/><E110/><V74/><F74/><W71/><G71/><T122/><D72/><U80/><E113/><V38/><F38/><W83/><G83/><T109/><D114/><U115/><E115/><V93/><REACH who="2" step="1"/><F99/><REACH who="2" ten="317,213,225,235" step="2"/><W8/><G119/><T53/><D97/><U87/><E75/><V98/><F98/><W81/><G118/><T73/><D105/><U10/><E87/><V45/><F45/><N who="3" m="26031" /><G81/><T112/><D112/><U50/><E80/><V62/><F62/><W46/><G46/><T15/><D109/><U124/><E63/><V18/><F18/><W28/><G28/><T90/><D7/><U91/><E124/><V79/><F79/><W133/><G133/><T101/><D73/><U128/><E30/><V135/><F135/><W82/><G82/><T29/><D29/><U3/><E86/><V14/><AGARI ba="2,1" hai="14,19,21,39,42,44,47,49,54,55,58,60,93,94" machi="14" ten="20,2700,0" yaku="1,1,0,1,7,1,53,0" doraHai="116" doraHaiUra="24" who="2" fromWho="2" sc="317,-15,213,-9,225,43,235,-9" /><INIT seed="1,0,0,2,4,28" ten="302,204,268,226" oya="1" hai0="4,63,75,37,7,97,27,62,14,10,86,125,95" hai1="115,67,135,108,106,94,47,58,40,24,90,117,79" hai2="29,129,91,80,19,77,17,107,51,11,25,59,49" hai3="9,131,85,73,65,0,82,13,74,66,121,53,26"/><U38/><E115/><V100/><F129/><W32/><G121/><T68/><D75/><U55/><E117/><V34/><F91/><W30/><G0/><T116/><D116/><U31/><E106/><V130/><F130/><W112/><G112/><T96/><D37/><U89/><E135/><V5/><F100/><W124/><G124/><T78/><D125/><U76/><E67/><V105/><F105/><W101/><G101/><T2/><D27/><U114/><E114/><V99/><F99/><W84/><G84/><T46/><D46/><U92/><E108/><V118/><F107/><W43/><G43/><T128/><D68/><U44/><E44/><V71/><F71/><W64/><G53/><T35/><D35/><U87/><E90/><V52/><F51/><W109/><G109/><T123/><D123/><U126/><E92/><V98/><F98/><W60/><G60/><T134/><D134/><U12/><E12/><V18/><F118/><W1/><G1/><T132/><D132/><U69/><E69/><V8/><REACH who="2" step="1"/><F5/><REACH who="2" ten="302,204,258,226" step="2"/><W45/><G131/><T56/><D4/><U50/><REACH who="1" step="1"/><E126/><REACH who="1" ten="302,194,258,226" step="2"/><V22/><F22/><AGARI ba="0,2" hai="22,24,31,38,40,47,50,55,58,76,79,87,89,94" machi="22" ten="30,11600,0" yaku="1,1,2,1,7,1,53,1" doraHai="28" doraHaiUra="54" who="1" fromWho="2" sc="302,0,194,136,258,-116,226,0" /><INIT seed="1,1,0,1,5,129" ten="302,330,142,226" oya="1" hai0="25,134,122,3,52,82,84,5,105,30,125,126,114" hai1="58,55,86,29,117,31,116,47,7,108,50,89,123" hai2="20,22,21,9,65,48,41,16,76,104,46,97,128" hai3="56,91,88,43,19,28,77,115,10,37,26,35,109"/><U34/><E123/><V32/><F32/><W39/><G115/><T4/><D114/><U73/><E73/><V51/><F128/><W103/><G109/><T54/><D105/><U107/><E107/><V15/><F65/><W61/><G103/><T75/><D75/><U27/><E108/><V83/><F104/><W110/><G77/><T98/><D98/><U80/><E31/><V66/><F66/><W85/><G43/><T64/><D64/><U81/><E7/><N who="0" m="2633" /><D3/><U99/><E99/><V0/><F0/><W13/><G110/><T120/><D134/><U71/><E71/><V130/><F130/><W113/><G113/><T102/><D102/><U17/><E81/><V132/><F132/><W40/><G40/><T69/><D69/><U127/><E127/><N who="0" m="48649" /><D84/><U106/><E106/><V8/><F8/><W23/><G10/><T33/><D82/><U79/><E79/><V111/><F111/><W38/><REACH who="3" step="1"/><G85/><REACH who="3" ten="302,330,142,216" step="2"/><T57/><D54/><AGARI ba="1,1" hai="13,19,23,26,28,35,37,38,39,54,56,61,88,91" machi="54" ten="40,5200,0" yaku="1,1,2,1,54,1,53,0" doraHai="129" doraHaiUra="95" who="3" fromWho="0" sc="302,-55,330,0,142,0,216,65" /><INIT seed="2,0,0,3,2,36" ten="247,330,142,281" oya="2" hai0="120,106,58,110,63,103,104,6,19,4,22,79,33" hai1="61,94,27,2,14,95,13,111,32,126,7,53,118" hai2="75,112,133,85,64,21,31,12,83,114,128,102,134" hai3="28,67,48,69,70,93,26,23,101,11,109,5,72"/><V54/><F64/><W20/><G109/><T60/><D120/><U88/><E118/><V39/><F75/><W17/><G72/><T74/><D33/><U59/><E111/><V100/><F39/><W0/><G67/><T47/><D110/><U34/><E126/><V68/><F68/><W8/><G8/><T82/><D47/><U125/><E125/><V15/><F128/><W25/><G48/><T119/><D119/><U132/><E132/><N who="2" m="50795" /><F54/><W129/><G129/><T42/><D42/><U130/><E130/><V91/><F31/><W98/><AGARI ba="0,0" hai="0,5,11,17,20,23,25,26,28,69,70,93,98,101" machi="98" ten="30,1100,0" yaku="0,1" doraHai="36" who="3" fromWho="3" sc="247,-3,330,-3,142,-5,281,11" /><INIT seed="3,0,0,0,5,116" ten="244,327,137,292" oya="3" hai0="1,92,58,62,28,102,11,100,131,36,3,13,56" hai1="20,30,55,74,128,35,39,132,51,17,95,40,2" hai2="117,29,114,45,69,111,52,126,59,118,21,42,18" hai3="79,71,127,65,0,33,91,41,76,89,83,68,57"/><W78/><G0/><T6/><D36/><U103/><E74/><V86/><F69/><W113/><G113/><T10/><D131/><U49/><E2/><V112/><F29/><W123/><G33/><T27/><D58/><U88/><E128/><V93/><F111/><W64/><G41/><T80/><D80/><U4/><E4/><V120/><F126/><W109/><G127/><T48/><D48/><U135/><E103/><V125/><F125/><W66/><G123/><T121/><D121/><U53/><E39/><V5/><F120/><W7/><G7/><T85/><D85/><U50/><E30/><V26/><F5/><W129/><G129/><T14/><D92/><U130/><E35/><V16/><F112/><W73/><G57/><T25/><D1/><U90/><E90/><N who="3" m="34314" /><G83/><T108/><D3/><U77/><E77/><V133/><F133/><N who="1" m="51273" /><E40/><V104/><F114/><W61/><G61/><T67/><D108/><U134/><E130/><V60/><F104/><W106/><G73/><T34/><D25/><N who="1" m="14479" /><E134/><V81/><F93/><W107/><G109/><T32/><D32/><U63/><E63/><V110/><F110/><W87/><G87/><AGARI ba="0,0" hai="49,50,51,53,55,87,88,95" m="14479,51273" machi="87" ten="30,2000,0" yaku="20,1,54,1" doraHai="116" who="1" fromWho="3" sc="244,0,327,20,137,0,292,-20" owari="244,-15.6,347,44.7,137,-36.3,272,7.2" /></mjloggm>