<mjloggm ver="2.3"><GO type="225" lobby="0"/><UN n0="%28%EF%BF%A3%E2%96%BD%EF%BF%A3%29%CE%B4%E2%8C%92%E3%83%BB" n1="%E3%82%B2%E3%82%B9%E8%8C%82%E5%8B%9D" n2="%E6%98%93%E5%88%A9%E8%96%A9%E4%BC%AF" n3="%E3%83%97%E3%83%AC%E3%83%B4%E3%82%A1%E3%83%86%E3%82%A3" dan="16,16,16,16" rate="2097.27,2063.85,2053.56,2159.61" sx="M,F,F,F"/><TAIKYOKU oya="0"/><INIT seed="0,0,0,3,5,91" ten="250,250,250,250" oya="0" hai0="109,108,114,21,125,40,2,102,20,59,46,107,43" hai1="89,56,130,71,90,111,38,113,0,26,4,48,112" hai2="127,80,100,68,22,61,84,14,104,9,95,41,42" hai3="76,92,54,63,122,98,105,124,60,3,123,27,134"/><T49/><D2/><U51/><E38/><V82/><F104/><W120/><G3/><T110/><D114/><N who="1" m="44139" /><E71/><V74/><F22/><N who="0" m="8810" /><D125/><U23/><E130/><V94/><F127/><W18/><G124/><T69/><D69/><U52/><E111/><N who="0" m="28417" /><T77/><DORA hai="8" /><D77/><U83/><E83/><N who="2" m="31787" /><F68/><W117/><G117/><T57/><D40/><N who="2" m="15466" /><F74/><W133/><G76/><T19/><D19/><N who="1" m="12671" /><E48/><V96/><F61/><W33/><G18/><T39/><D39/><U93/><E93/><N who="2" m="58383" /><F84/><W88/><G105/><T36/><D36/><U115/><N who="1" m="44147" /><U99/><DORA hai="128" /><E99/><AGARI ba="0,0" hai="43,46,49,57,59,99,102,107" m="28417,8810" machi="99" ten="40,3900,0" yaku="14,1,10,1" doraHai="91,8,128" who="0" fromWho="1" sc="250,39,250,-39,250,0,250,0" /><INIT seed="0,1,0,5,4,91" ten="289,211,250,250" oya="0" hai0="17,6,102,80,29,110,63,103,134,73,25,56,46" hai1="107,4,14,128,79,52,64,22,75,2,28,113,7" hai2="42,90,11,97,19,116,84,27,133,51,21,86,87" hai3="101,53,34,129,43,23,39,114,71,67,13,104,50"/><T126/><D126/><U55/><E107/><V93/><F133/><W119/><G119/><T57/><D134/><U61/><E128/><V83/><F116/><W125/><G125/><T100/><D110/><U105/><E105/><V35/><F35/><W47/><G34/><T88/><D6/><U72/><E2/><V82/><REACH who="2" step="1"/><F11/><REACH who="2" ten="289,211,240,250" step="2"/><W69/><G129/><T81/><D73/><U36/><E72/><V49/><F49/><W112/><G23/><N who="0" m="13551" /><D29/><U5/><E36/><V132/><F132/><W58/><G13/><T74/><D74/><U48/><E48/><V1/><F1/><W96/><G71/><T68/><D68/><U98/><E14/><V76/><F76/><W45/><G45/><AGARI ba="1,1" hai="19,21,27,42,45,51,82,83,84,86,87,90,93,97" machi="45" ten="40,5200,0" yaku="1,1,8,1,52,1,53,0" doraHai="91" doraHaiUra="65" who="2" fromWho="3" sc="289,0,211,0,240,65,250,-55" /><INIT seed="1,0,0,5,5,7" ten="289,211,305,195" oya="1" hai0="50,37,103,131,100,33,125,42,34,82,83,127,52" hai1="111,120,41,60,12,38,121,135,68,134,123,63,115" hai2="124,89,36,107,23,64,1,96,10,80,16,119,21" hai3="28,2,25,113,20,26,117,114,66,122,57,95,45"/><U118/><E12/><N who="2" m="7191" /><F36/><W93/><G2/><T90/><D42/><U74/><E74/><V43/><F107/><W3/><G3/><T116/><D37/><U128/><E118/><V132/><F1/><W61/><G117/><T94/><D116/><U4/><E4/><V62/><F119/><W19/><G122/><T14/><D14/><U24/><E24/><V67/><F132/><N who="1" m="50729" /><E115/><V55/><F43/><W88/><G93/><T5/><D5/><U133/><E133/><V73/><F73/><W30/><G45/><N who="0" m="27727" /><D131/><U85/><E85/><N who="2" m="50343" /><F96/><W112/><REACH who="3" step="1"/><G26/><REACH who="3" ten="289,211,305,185" step="2"/><T87/><D94/><U18/><E128/><V84/><F124/><N who="0" m="47690" /><D83/><U102/><E123/><V56/><F84/><AGARI ba="0,1" hai="19,20,25,28,30,57,61,66,84,88,95,112,113,114" machi="84" ten="40,8000,1" yaku="1,1,54,1,53,2" doraHai="7" doraHaiUra="27" who="3" fromWho="2" sc="289,0,211,0,305,-80,185,90" /><INIT seed="2,0,0,1,3,60" ten="289,211,225,275" oya="2" hai0="125,6,53,86,67,76,118,36,38,90,70,114,105" hai1="40,129,12,26,92,61,79,130,39,126,100,95,82" hai2="56,62,25,93,127,102,58,107,9,120,111,11,42" hai3="135,85,134,66,49,19,21,98,101,117,16,37,108"/><V10/><F120/><W23/><G37/><T99/><D114/><U81/><E126/><V59/><F107/><W97/><G117/><T64/><D125/><U88/><E26/><V31/><F127/><W13/><G108/><T30/><D70/><U128/><E40/><V77/><F111/><W131/><G131/><T20/><D118/><U54/><E39/><V72/><F42/><W103/><G49/><T24/><D38/><U4/><E100/><V119/><F119/><W52/><G52/><T48/><D36/><U43/><E43/><V28/><F72/><W34/><G34/><T71/><D71/><U91/><E12/><V121/><F77/><W68/><G85/><T8/><D76/><U69/><E4/><V113/><F113/><W32/><G32/><T74/><D99/><N who="1" m="57735" /><E79/><V7/><F7/><W44/><G68/><T22/><D22/><U0/><E0/><V65/><F121/><W96/><G44/><N who="0" m="27783" /><D105/><U35/><E35/><V55/><F55/><W110/><G110/><T73/><D74/><U1/><E1/><V132/><F132/><N who="3" m="50731" /><G66/><N who="0" m="25131" /><D73/><U50/><E69/><V46/><F46/><W75/><G75/><T45/><D45/><N who="1" m="27983" /><E61/><V109/><F109/><W116/><G116/><T63/><D63/><U18/><E128/><V94/><F62/><W89/><G89/><T80/><D6/><U115/><E115/><V5/><F5/><W15/><AGARI ba="0,0" hai="13,15,16,19,21,23,96,97,98,101,103" m="50731" machi="15" ten="30,2000,0" yaku="20,1,54,1" doraHai="60" who="3" fromWho="3" sc="289,-5,211,-5,225,-10,275,20" /><INIT seed="3,0,0,5,4,96" ten="284,206,215,295" oya="3" hai0="76,51,36,119,68,1,12,72,125,135,70,98,112" hai1="80,128,118,16,111,101,11,57,37,85,82,54,14" hai2="99,130,31,102,23,87,114,106,39,18,25,17,60" hai3="46,104,71,93,64,15,91,126,132,43,105,89,55"/><W13/><G126/><T34/><RYUUKYOKU type="yao9" ba="0,0" sc="284,0,206,0,215,0,295,0" hai0="1,12,34,36,51,68,70,72,76,98,112,119,125,135" /><INIT seed="3,1,0,5,5,109" ten="284,206,215,295" oya="3" hai0="23,34,33,111,51,79,18,71,83,99,10,104,92" hai1="133,114,74,47,84,135,49,80,78,58,105,39,134" hai2="100,91,88,30,64,131,48,1,38,45,85,132,24" hai3="20,52,22,35,76,19,37,120,72,16,17,117,121"/><W118/><G37/><T0/><D71/><U42/><E105/><V46/><F1/><W61/><G72/><T75/><D104/><U129/><E129/><V65/><F131/><W86/><G76/><T26/><D111/><U82/><E114/><V8/><F132/><W54/><G86/><T7/><REACH who="0" step="1"/><D51/><REACH who="0" ten="274,206,215,295" step="2"/><U107/><E107/><V122/><F48/><W5/><G61/><T57/><D57/><U110/><E110/><V89/><F38/><W90/><G90/><AGARI ba="1,1" hai="0,7,10,18,23,26,33,34,75,79,83,90,92,99" machi="90" ten="30,2000,0" yaku="1,1,7,1,53,0" doraHai="109" doraHaiUra="44" who="0" fromWho="3" sc="274,33,206,0,215,0,295,-23" owari="307,40.7,206,-29.4,215,-18.5,272,7.2" /></mjloggm>