<mjloggm ver="2.3"><GO type="225" lobby="0"/><UN n0="%E6%AF%9B%E8%8D%92%E3%82%8C%E3%83%BB%E3%82%B9%E3%83%9F%E3%82%B9" n1="%E3%83%8F%E3%82%AC%E3%82%BF%E3%82%AB%E3%81%AE%E3%81%88%E3%81%98%E3%81%8D" n2="%E7%B4%94%E6%BD%94%E3%83%94%E3%83%A9%E3%83%8B%E3%82%A2" n3="%E3%83%AD%E3%83%83%E3%83%86%E9%9B%80%E7%90%83" dan="16,16,17,17" rate="2073.95,2149.08,2247.02,2267.49" sx="F,M,M,M"/><TAIKYOKU oya="0"/><INIT seed="0,0,0,4,5,39" ten="250,250,250,250" oya="0" hai0="88,121,38,43,36,135,5,48,1,20,101,19,45" hai1="82,85,14,27,32,77,134,55,71,41,120,89,40" hai2="6,49,107,91,130,122,37,70,28,11,33,92,30" hai3="109,59,106,42,97,129,73,54,119,22,112,127,79"/><T114/><D114/><U115/><E120/><V131/><F37/><W58/><G119/><T104/><D121/><U10/><E71/><V34/><F107/><W111/><G112/><T93/><D135/><U103/><E115/><V4/><F70/><W17/><G127/><T3/><D101/><U57/><E134/><V7/><F49/><W15/><G129/><N who="2" m="49161" /><F92/><W9/><G42/><N who="1" m="16490" /><E32/><N who="2" m="12395" /><F91/><W86/><G73/><T96/><D104/><U95/><E27/><V25/><F122/><W52/><G106/><T80/><D1/><U62/><E103/><V67/><F67/><W31/><G97/><T12/><REACH who="0" step="1"/><D80/><REACH who="0" ten="240,250,250,250" step="2"/><U8/><E14/><V61/><F25/><N who="3" m="16823" /><G111/><T35/><D35/><U29/><E29/><N who="2" m="11371" /><F61/><W24/><G109/><T74/><D74/><U69/><E69/><V81/><F81/><N who="3" m="47423" /><G24/><T117/><D117/><U83/><E82/><V125/><F125/><W110/><G110/><T100/><D100/><U65/><E65/><V44/><F44/><W94/><G94/><T75/><D75/><U13/><E13/><AGARI ba="0,1" hai="4,6,7,11,13" m="11371,12395,49161" machi="13" ten="30,3900,0" yaku="19,1,34,2" doraHai="39" who="2" fromWho="1" sc="240,0,250,-39,250,49,250,0" /><INIT seed="1,0,0,0,2,26" ten="240,211,299,250" oya="1" hai0="109,133,4,103,81,20,126,7,119,102,96,28,78" hai1="8,56,17,113,129,80,38,6,100,72,66,10,1" hai2="36,48,21,16,15,19,46,11,18,88,130,34,115" hai3="121,134,75,52,63,110,87,99,3,27,53,106,71"/><U58/><E113/><V61/><F34/><W131/><G75/><T127/><D109/><U12/><E129/><V90/><F36/><W0/><G121/><T65/><D133/><U49/><E38/><V45/><F130/><W84/><G131/><T114/><D114/><U82/><E72/><V14/><F115/><W60/><G110/><T57/><D119/><U39/><E39/><V43/><F46/><W104/><G27/><N who="0" m="16487" /><D65/><U23/><E100/><N who="0" m="38441" /><D96/><U73/><E73/><V105/><F105/><W30/><G99/><T55/><D127/><U51/><E8/><N who="2" m="6471" /><F61/><W74/><G30/><T40/><D40/><U25/><E1/><V5/><F5/><W108/><G108/><T118/><D126/><U135/><E135/><V117/><F117/><W120/><G74/><T2/><D2/><U89/><E66/><V68/><F68/><W37/><G37/><T111/><D111/><U98/><E98/><V24/><AGARI ba="0,0" hai="11,15,16,19,21,24,43,45,48,88,90" m="6471" machi="24" ten="30,4000,0" yaku="8,1,54,2" doraHai="26" who="2" fromWho="2" sc="240,-10,211,-20,299,40,250,-10" /><INIT seed="2,0,0,2,4,109" ten="230,191,339,240" oya="2" hai0="120,35,110,59,31,84,13,68,98,52,27,76,54" hai1="77,82,89,15,30,0,115,38,23,62,99,57,104" hai2="83,79,126,73,122,3,18,95,34,29,49,32,9" hai3="90,101,121,88,132,48,72,113,111,16,94,17,106"/><V80/><F122/><W131/><G121/><T50/><D120/><U36/><E0/><V124/><F80/><W33/><G33/><T8/><D110/><U64/><E115/><V63/><F49/><W51/><G72/><T85/><D68/><U19/><E30/><V93/><F63/><W119/><G119/><T117/><D117/><U12/><E12/><N who="2" m="7439" /><F3/><W96/><G132/><T92/><D54/><U78/><E78/><V5/><F5/><W97/><G113/><T46/><D46/><U55/><E64/><V21/><F21/><W103/><G131/><T123/><D76/><U2/><E2/><V20/><F20/><W14/><G111/><T4/><REACH who="0" step="1"/><D123/><REACH who="0" ten="220,191,339,240" step="2"/><U87/><E77/><V102/><F79/><W42/><G42/><T24/><D24/><U10/><E38/><V129/><F73/><W112/><G112/><T45/><D45/><U107/><E36/><V58/><F129/><W26/><G26/><T28/><D28/><U37/><E37/><V61/><F29/><W128/><G128/><T71/><D71/><U135/><E135/><V86/><F58/><W66/><G66/><T91/><AGARI ba="0,1" hai="4,8,13,27,31,35,50,52,59,84,85,91,92,98" machi="91" ten="20,8000,1" yaku="1,1,0,1,7,1,54,1,53,1" doraHai="109" doraHaiUra="11" who="0" fromWho="0" sc="220,90,191,-20,339,-40,240,-20" /><INIT seed="3,0,0,2,4,16" ten="310,171,299,220" oya="3" hai0="73,90,91,55,35,7,28,13,4,92,112,115,86" hai1="3,29,32,1,120,75,21,69,81,108,102,64,50" hai2="135,17,38,22,43,53,61,118,67,58,93,49,116" hai3="74,127,105,23,106,82,60,40,63,10,124,25,94"/><W42/><G94/><N who="0" m="54615" /><D73/><U98/><E108/><V72/><F72/><W89/><G10/><T26/><D13/><U70/><E120/><V39/><F93/><W131/><G89/><T128/><D55/><U19/><E29/><V110/><F110/><W51/><G131/><T130/><D4/><U8/><E32/><V111/><F111/><W44/><G42/><T48/><D48/><U54/><E81/><V103/><F103/><W41/><G41/><T95/><D7/><U0/><E8/><V121/><F135/><W88/><G74/><T45/><D45/><U68/><E64/><V126/><F126/><N who="3" m="48171" /><G106/><T47/><D47/><U109/><E109/><V59/><F121/><W83/><G105/><T66/><D66/><U77/><E77/><V6/><F6/><W134/><G134/><T65/><D65/><U79/><E79/><V34/><F34/><W27/><G27/><T100/><D92/><U11/><E11/><V5/><F5/><W78/><G78/><T56/><D56/><U97/><E75/><V123/><F123/><W9/><G9/><T101/><D100/><U104/><E102/><V18/><F18/><N who="3" m="12535" /><G83/><T15/><D101/><U76/><E76/><V14/><REACH who="2" step="1"/><F43/><REACH who="2" ten="310,171,289,220" step="2"/><W99/><G99/><N who="0" m="57855" /><D15/><U31/><E104/><V36/><AGARI ba="0,1" hai="14,17,22,36,38,39,49,53,58,59,61,67,116,118" machi="36" ten="30,8000,1" yaku="1,1,0,1,52,1,53,2" doraHai="16" doraHaiUra="113" who="2" fromWho="2" sc="310,-20,171,-20,289,90,220,-40" owari="290,9.0,151,-34.9,379,47.9,180,-22.0" /></mjloggm>