<mjloggm ver="2.3"><GO type="225" lobby="0"/><UN n0="%E5%8D%A0%E3%81%84%E5%B8%AB%E8%A3%8F%E3%81%AA%E3%81%84%E3%81%97" n1="%EF%BC%B3%E3%81%9E%E3%81%88%E2%98%86" n2="%33%74%72%65%65" n3="%E7%99%BD%E6%97%A5%E9%9B%AA%E8%8F%9C" dan="17,16,16,17" rate="2208.00,2089.86,2180.96,2213.65" sx="M,M,F,M"/><TAIKYOKU oya="0"/><INIT seed="0,0,0,2,2,121" ten="250,250,250,250" oya="0" hai0="122,91,92,61,25,77,48,4,101,135,46,12,71" hai1="41,3,42,103,130,35,112,17,72,86,51,64,67" hai2="111,80,5,74,57,40,63,104,1,13,87,113,58" hai3="53,105,15,116,128,26,89,18,124,36,127,66,50"/><T49/><D122/><U83/><E72/><V95/><F113/><W0/><G116/><T39/><D135/><U29/><E3/><V110/><F104/><W114/><G0/><T31/><D77/><U23/><E130/><V7/><F1/><W90/><G36/><T107/><D39/><U78/><E112/><V119/><F119/><W98/><G114/><T82/><D82/><U14/><E103/><V9/><F40/><N who="1" m="15465" /><E35/><V32/><F32/><W65/><G128/><T16/><D4/><U96/><E96/><V68/><F5/><W132/><G132/><T129/><D129/><U43/><E29/><V34/><F34/><W38/><G38/><T125/><D125/><N who="3" m="48201" /><G26/><T99/><D46/><AGARI ba="0,0" hai="14,17,23,43,46,51,64,67,78,83,86" m="15465" machi="46" ten="30,1000,0" yaku="8,1" doraHai="121" who="1" fromWho="0" sc="250,-10,250,10,250,0,250,0" /><INIT seed="1,0,0,2,5,130" ten="240,260,250,250" oya="1" hai0="21,132,121,96,18,29,34,37,50,99,42,54,20" hai1="116,85,44,46,76,13,31,78,25,10,74,109,82" hai2="94,47,95,77,53,15,104,86,2,62,120,69,90" hai3="9,0,126,58,98,56,70,35,39,119,23,83,68"/><U16/><E116/><V89/><F120/><W43/><G35/><T80/><D121/><U7/><E109/><V4/><F104/><W103/><G119/><T110/><D110/><U105/><E105/><V30/><F2/><W75/><G126/><T17/><D34/><U87/><E74/><V106/><F106/><N who="3" m="63863" /><G23/><T22/><D29/><U133/><E133/><V115/><F115/><W91/><G91/><T60/><D132/><U73/><E7/><V128/><F128/><W14/><G14/><T65/><D80/><N who="1" m="47239" /><E73/><V48/><F77/><N who="3" m="44479" /><G58/><N who="0" m="37015" /><D42/><U84/><E84/><V52/><F30/><W71/><G56/><N who="0" m="32855" /><D37/><U100/><E100/><V102/><F102/><W101/><G101/><T127/><D127/><U5/><E31/><V1/><F1/><W129/><G129/><T26/><D21/><AGARI ba="0,0" hai="5,10,13,16,21,25,44,46,78,82,87" m="47239" machi="21" ten="30,2900,0" yaku="8,1,54,1" doraHai="130" who="1" fromWho="0" sc="240,-29,260,29,250,0,250,0" /><INIT seed="1,1,0,4,5,105" ten="211,289,250,250" oya="1" hai0="25,1,83,43,24,12,134,44,0,57,39,67,108" hai1="51,22,16,89,18,75,84,7,96,121,125,35,79" hai2="52,126,38,59,115,33,107,100,61,116,69,118,65" hai3="27,15,23,5,56,132,119,14,36,41,2,74,60"/><U42/><E121/><V49/><F126/><W78/><G132/><T129/><D134/><U17/><E35/><V71/><F71/><W82/><G119/><T21/><D108/><U13/><E125/><V131/><F131/><W32/><G32/><T11/><D129/><U37/><E37/><V95/><F95/><W99/><G99/><T86/><D67/><U103/><E7/><V104/><F115/><W135/><G135/><T34/><D57/><U45/><E79/><V28/><F104/><W92/><G92/><T8/><D34/><U93/><E75/><V94/><F94/><AGARI ba="1,0" hai="13,16,17,18,22,42,45,51,84,89,93,94,96,103" machi="94" ten="30,5800,0" yaku="7,1,8,1,54,1" doraHai="105" who="1" fromWho="2" sc="211,0,289,61,250,-61,250,0" /><INIT seed="1,2,0,1,3,46" ten="211,350,189,250" oya="1" hai0="110,41,27,5,45,47,112,44,28,128,108,88,22" hai1="53,21,24,50,25,133,65,99,81,132,8,89,37" hai2="3,109,16,39,36,98,93,30,35,116,77,107,74" hai3="126,67,15,120,34,72,82,52,60,55,66,90,59"/><U127/><E37/><V0/><F116/><W105/><G120/><T75/><D112/><U117/><E117/><V87/><F109/><N who="0" m="42090" /><D75/><U54/><E65/><V7/><F30/><W102/><G34/><T125/><D125/><U73/><E127/><V113/><F35/><W94/><G126/><T101/><D101/><U114/><E114/><V26/><F113/><W131/><G131/><T122/><D122/><U64/><E64/><N who="3" m="24618" /><G72/><T68/><D68/><U9/><E73/><V6/><F74/><W23/><G105/><T56/><D128/><U79/><E79/><V14/><F26/><W118/><G118/><T33/><D5/><U43/><E43/><V70/><F70/><W121/><G102/><T10/><D10/><U130/><E25/><V95/><F107/><W29/><G82/><T57/><D41/><U38/><E38/><V71/><F71/><W42/><G42/><T17/><D88/><U83/><E89/><N who="2" m="53439" /><F39/><W123/><G123/><T13/><AGARI ba="2,0" hai="13,17,22,27,28,33,44,45,47,56,57" m="42090" machi="13" ten="30,1100,0" yaku="14,1" doraHai="46" who="0" fromWho="0" sc="211,17,350,-7,189,-5,250,-5" /><INIT seed="2,0,0,0,2,33" ten="228,343,184,245" oya="2" hai0="43,58,119,6,82,61,23,96,114,101,10,87,133" hai1="4,14,131,121,9,80,45,68,44,74,91,111,93" hai2="17,90,29,16,59,126,47,57,109,92,127,128,79" hai3="78,38,115,66,41,28,2,89,35,124,129,135,19"/><V123/><F123/><W52/><G66/><T106/><D133/><U36/><E121/><V15/><F128/><W5/><G78/><T42/><D114/><U11/><E68/><V81/><F29/><W39/><G135/><T18/><D119/><U37/><E111/><V86/><F109/><W22/><G129/><T88/><D23/><U27/><E27/><V98/><F17/><W75/><G75/><T67/><REACH who="0" step="1"/><D18/><REACH who="0" ten="218,343,184,245" step="2"/><U113/><E113/><V120/><F120/><W72/><G19/><T108/><D108/><U77/><E131/><V107/><F107/><W56/><G22/><T76/><D76/><U130/><E130/><V13/><F13/><AGARI ba="0,1" hai="6,10,13,42,43,58,61,67,82,87,88,96,101,106" machi="13" ten="30,3900,0" yaku="1,1,7,1,54,1,53,0" doraHai="33" doraHaiUra="117" who="0" fromWho="2" sc="218,49,343,0,184,-39,245,0" /><INIT seed="3,0,0,1,4,22" ten="267,343,145,245" oya="3" hai0="71,110,108,9,49,101,16,56,41,35,38,84,63" hai1="5,72,62,43,87,112,31,28,97,48,57,93,104" hai2="131,80,18,68,89,77,111,75,99,69,37,59,53" hai3="67,26,58,39,81,32,55,125,40,70,94,36,25"/><W95/><G125/><T47/><D35/><U92/><E72/><V117/><F117/><W13/><G81/><T54/><D101/><N who="1" m="60583" /><E104/><V135/><F135/><W86/><G32/><T30/><D30/><U133/><E5/><V14/><F111/><W130/><G130/><T90/><D9/><U103/><E112/><V29/><F37/><W7/><G70/><T82/><D16/><U134/><E134/><V11/><F131/><W21/><G67/><AGARI ba="0,0" hai="38,41,47,49,54,56,63,67,71,82,84,90,108,110" machi="67" ten="40,2600,0" yaku="24,2" doraHai="22" who="0" fromWho="3" sc="267,26,343,0,145,0,245,-26" owari="293,9.3,343,44.3,145,-35.5,219,-18.1" /></mjloggm>