<mjloggm ver="2.3"><GO type="225" lobby="0"/><UN n0="%45%6C%79%73%69%75%6D" n1="%E5%B8%86%E7%AB%8B%E5%A4%8F%E8%A1%A3" n2="%E6%B8%A9%E2%98%85%E6%83%85%E2%98%85%E6%8E%AA%E2%98%85%E7%BD%AE" n3="%E3%81%BF%E3%81%BF%E3%81%9A" dan="17,16,16,17" rate="2103.17,2085.90,2167.50,2208.29" sx="F,M,M,M"/><TAIKYOKU oya="0"/><INIT seed="0,0,0,5,1,40" ten="250,250,250,250" oya="0" hai0="25,51,127,72,132,124,120,78,94,135,47,1,105" hai1="61,41,108,69,81,63,91,30,102,86,121,20,36" hai2="22,76,9,90,116,97,133,117,26,60,84,18,75" hai3="27,35,96,15,82,43,45,98,17,134,16,57,119"/><T34/><D105/><U29/><E108/><V31/><F133/><N who="0" m="51274" /><D1/><U95/><E121/><V55/><F97/><W110/><G134/><T101/><D120/><U125/><E125/><N who="0" m="48201" /><D94/><U0/><E0/><V10/><F76/><W115/><G115/><T59/><D59/><U56/><E69/><V23/><F75/><W8/><G119/><T13/><D101/><U12/><E102/><V67/><F117/><W123/><G110/><T19/><D78/><U37/><E95/><V103/><F103/><W92/><G123/><T62/><D62/><U28/><E63/><V52/><F116/><W122/><G122/><T7/><D7/><U130/><E61/><V5/><F5/><W48/><G92/><T99/><D99/><U106/><E56/><V33/><F60/><W111/><G111/><T109/><D109/><U3/><E3/><V89/><F67/><W6/><G57/><T126/><D72/><U46/><E106/><V113/><F90/><W128/><G98/><T11/><N who="0" m="48209" /><T71/><DORA hai="53" /><D71/><U39/><REACH who="1" step="1"/><E130/><REACH who="1" ten="250,240,250,250" step="2"/><V50/><F113/><W129/><G96/><T74/><D74/><U73/><E73/><V2/><F2/><W93/><G93/><T77/><D77/><U112/><E112/><V70/><F70/><W68/><G68/><T100/><D100/><U107/><E107/><V42/><F84/><W131/><G82/><T85/><D85/><U44/><E44/><V54/><F89/><W80/><G80/><T87/><D87/><U79/><E79/><V24/><F33/><W49/><G35/><T83/><D83/><U118/><E118/><RYUUKYOKU ba="0,1" sc="250,-15,240,15,250,15,250,-15" hai1="12,20,28,29,30,36,37,39,41,46,81,86,91" hai2="9,10,18,22,23,24,26,31,42,50,52,54,55" /><INIT seed="1,1,1,1,5,6" ten="235,255,265,235" oya="1" hai0="11,80,9,44,54,65,60,131,70,90,17,120,12" hai1="67,36,66,97,25,75,112,26,135,48,15,100,16" hai2="133,49,107,52,99,86,78,61,57,74,41,24,122" hai3="83,62,111,132,55,14,4,92,64,124,109,116,30"/><U5/><E135/><V68/><F122/><W82/><G132/><T8/><D120/><U73/><E36/><V46/><F133/><W123/><G123/><T56/><D131/><U31/><E112/><V42/><F74/><W2/><G2/><T71/><D71/><U33/><E5/><V113/><F113/><W108/><G124/><T79/><D90/><U40/><E26/><V50/><F68/><N who="3" m="42007" /><G116/><T53/><D44/><U63/><E48/><V129/><F129/><W29/><G55/><T72/><D54/><U35/><E66/><V117/><F117/><W126/><G92/><T81/><D81/><N who="3" m="30729" /><G126/><T118/><D118/><U91/><E91/><V95/><F107/><W28/><G4/><T127/><D127/><U110/><E35/><V58/><F24/><W104/><G14/><T105/><D105/><AGARI ba="1,1" hai="28,29,30,104,105,108,109,111" m="30729,42007" machi="105" ten="40,1300,0" yaku="14,1" doraHai="6" who="3" fromWho="0" sc="235,-16,255,0,265,0,235,26" /><INIT seed="2,0,0,3,0,60" ten="219,255,265,261" oya="2" hai0="126,56,125,85,78,77,42,35,71,131,132,2,133" hai1="103,26,73,93,88,32,81,114,19,51,128,91,43" hai2="47,120,38,13,1,39,99,45,3,18,46,79,96" hai3="100,82,29,9,27,76,83,101,70,129,75,22,115"/><V97/><F120/><W57/><G129/><T118/><D71/><U113/><E128/><V54/><F79/><N who="0" m="30218" /><D131/><U58/><E73/><V105/><F105/><W53/><G70/><T92/><D35/><U109/><E109/><V121/><F121/><W106/><G83/><T0/><D42/><U68/><E68/><V5/><F54/><W69/><G69/><T28/><D28/><U34/><E34/><V127/><F127/><N who="0" m="48650" /><D118/><U134/><E134/><N who="0" m="51817" /><D56/><U61/><E32/><V135/><F135/><W95/><G106/><T12/><D12/><U130/><E130/><V84/><F1/><N who="0" m="618" /><D85/><U30/><E30/><V102/><F84/><W41/><G41/><T50/><D50/><U67/><E51/><V89/><F3/><W112/><G9/><T55/><D55/><U123/><E43/><V52/><F52/><W8/><G8/><T21/><D92/><U63/><E93/><V10/><F47/><W87/><G87/><T122/><D122/><U80/><E123/><V94/><F46/><W40/><G40/><T117/><D117/><U49/><E49/><V11/><F45/><W24/><G24/><T25/><D25/><U98/><E26/><V108/><F99/><W62/><REACH who="3" step="1"/><G95/><REACH who="3" ten="219,255,265,251" step="2"/><T17/><D17/><U119/><E19/><N who="2" m="8639" /><F94/><W74/><G74/><T111/><D111/><U59/><E119/><V104/><F18/><W90/><G90/><T31/><D21/><U116/><E116/><V4/><F108/><W33/><G33/><T66/><D31/><U65/><E98/><V14/><F4/><W44/><G44/><T107/><D107/><U86/><E86/><RYUUKYOKU ba="0,1" sc="219,0,255,0,265,0,251,0" hai0="66" hai1="58,59,61,63,65,67,80,81,88,91,103,113,114" hai2="5,10,14,38,39,89,96,97,102,104" hai3="22,27,29,53,57,62,75,76,82,100,101,112,115" /><INIT seed="2,1,1,2,2,63" ten="219,255,265,251" oya="2" hai0="119,127,131,83,95,55,31,43,21,82,124,54,130" hai1="132,49,120,70,117,79,52,96,114,24,30,103,100" hai2="97,69,53,116,28,88,44,89,3,16,77,59,17" hai3="133,51,40,12,72,91,108,4,126,22,2,101,66"/><V80/><F69/><W25/><G72/><T11/><D43/><U62/><E117/><V73/><F116/><W135/><G2/><T61/><D119/><U112/><E79/><V75/><F3/><W113/><G108/><T111/><D111/><U19/><E19/><V20/><F73/><W87/><G101/><T64/><D11/><U123/><E132/><N who="3" m="50762" /><G66/><T104/><D104/><N who="1" m="63495" /><E103/><V90/><F44/><N who="3" m="25991" /><G126/><N who="0" m="48171" /><D95/><U109/><E109/><V36/><F36/><W129/><G129/><N who="0" m="49163" /><D54/><U32/><E49/><V85/><F97/><W76/><G76/><T18/><D31/><U106/><E106/><V134/><F75/><W56/><G113/><N who="1" m="43626" /><E52/><V13/><F134/><W84/><G56/><N who="0" m="36903" /><D55/><U1/><E1/><V78/><F28/><N who="3" m="17463" /><G91/><T29/><D29/><U92/><E92/><V98/><F98/><W110/><G110/><T46/><D46/><U14/><E30/><V10/><F78/><W34/><G34/><T105/><D105/><U47/><E32/><V38/><F38/><W118/><G118/><T60/><D60/><U33/><E33/><V125/><F125/><W6/><G6/><T57/><D57/><U41/><E62/><N who="2" m="36207" /><F77/><W39/><G39/><T58/><D58/><U102/><E41/><V48/><F48/><W99/><G99/><T121/><D121/><N who="1" m="46667" /><E47/><V71/><F71/><W128/><G128/><T42/><D42/><U81/><E70/><V9/><F9/><AGARI ba="1,1" hai="4,9,12,84,87" m="17463,25991,50762" machi="9" ten="30,1000,0" yaku="20,1" doraHai="63" who="3" fromWho="2" sc="219,0,255,0,265,-13,251,23" /><INIT seed="3,0,0,4,4,49" ten="219,255,252,274" oya="3" hai0="57,134,132,79,18,41,42,88,7,64,0,65,105" hai1="55,12,52,14,13,51,94,44,86,83,70,119,76" hai2="20,92,117,39,66,95,102,10,96,30,62,91,61" hai3="99,107,103,26,6,113,98,73,58,111,27,4,100"/><W37/><G113/><T89/><D105/><U40/><E119/><V123/><F117/><W125/><G37/><T85/><D79/><U87/><E70/><V47/><F123/><W67/><G73/><T36/><D18/><U126/><E126/><V69/><F10/><W59/><G111/><T133/><D36/><U63/><E63/><V33/><F62/><W15/><G15/><T54/><D7/><U106/><E106/><N who="2" m="63815" /><F20/><W35/><G107/><T46/><D0/><U48/><E48/><V116/><F91/><AGARI ba="0,0" hai="12,13,14,40,44,51,52,55,76,83,86,87,91,94" machi="91" ten="40,8000,1" yaku="8,1,52,2,54,1" doraHai="49" who="1" fromWho="2" sc="219,0,255,80,252,-80,274,0" owari="219,-18.1,335,43.5,172,-32.8,274,7.4" /></mjloggm>