<mjloggm ver="2.3"><GO type="225" lobby="0"/><UN n0="%72%69%6F%75%63%68%61%6E" n1="%E3%81%86%E3%83%BC%E3%81%B1%E3%83%BC" n2="%6D%75%75%6D%75%72%61" n3="%72%61%6B%33" dan="17,16,16,18" rate="2151.33,2140.33,2145.58,2249.41" sx="M,F,F,M"/><TAIKYOKU oya="0"/><INIT seed="0,0,0,2,2,118" ten="250,250,250,250" oya="0" hai0="4,134,53,103,90,50,43,25,54,2,97,5,80" hai1="40,126,38,41,35,32,84,44,42,57,95,52,3" hai2="47,82,63,117,30,119,92,101,45,128,85,48,131" hai3="129,49,66,68,108,99,56,107,8,100,88,94,10"/><T83/><D134/><U111/><E111/><V36/><F30/><W123/><G129/><N who="2" m="49737" /><F63/><W39/><G39/><T93/><D25/><U26/><E126/><V13/><F13/><W31/><G108/><T116/><D116/><N who="2" m="44618" /><F36/><W24/><G123/><T98/><D43/><U104/><E104/><V91/><F48/><W69/><G56/><T86/><D2/><U87/><E3/><V37/><F37/><W124/><G124/><T122/><D122/><U62/><E35/><V81/><F81/><W125/><G49/><T16/><D80/><U33/><E32/><V127/><F127/><W114/><G114/><T1/><D1/><U12/><E12/><V133/><F133/><W0/><G125/><T19/><D54/><U75/><E75/><V78/><F101/><W17/><G17/><N who="0" m="6731" /><D97/><AGARI ba="0,0" hai="45,47,78,82,85,91,92,97" m="44618,49737" machi="97" ten="30,2000,0" yaku="19,1,12,1" doraHai="118" who="2" fromWho="0" sc="250,-20,250,0,250,20,250,0" /><INIT seed="1,0,0,2,3,70" ten="230,250,270,250" oya="1" hai0="62,54,128,67,120,106,58,20,129,2,85,8,66" hai1="124,14,26,82,19,50,72,112,24,46,90,34,59" hai2="118,78,12,17,56,27,0,121,52,115,105,122,109" hai3="55,37,42,133,16,23,57,22,94,32,74,68,134"/><U53/><E124/><V92/><F118/><W97/><G68/><T117/><D117/><U65/><E112/><V4/><F105/><W98/><G32/><T125/><D125/><U103/><E34/><V100/><F115/><W87/><G74/><T81/><D120/><U76/><E103/><V1/><F109/><W40/><G87/><T38/><D106/><U71/><E71/><V35/><F78/><W96/><G94/><T11/><D38/><U135/><E90/><V75/><F75/><W108/><G23/><T18/><D66/><U64/><E135/><V28/><F92/><W44/><G40/><T73/><D73/><U33/><E33/><V60/><F100/><W30/><G30/><T107/><D107/><U5/><E5/><V130/><F130/><N who="0" m="50282" /><D2/><U48/><E65/><V84/><F84/><W49/><REACH who="3" step="1"/><G108/><REACH who="3" ten="230,250,270,240" step="2"/><T80/><D80/><U41/><REACH who="1" step="1"/><E64/><REACH who="1" ten="230,240,270,240" step="2"/><V111/><F111/><W132/><G132/><T36/><D67/><U79/><E79/><V63/><F121/><W39/><G39/><T131/><N who="0" m="50290" /><T114/><DORA hai="9" /><D36/><U69/><E69/><V45/><F122/><W10/><G10/><AGARI ba="0,2" hai="10,14,19,24,26,41,46,48,50,53,59,72,76,82" machi="10" ten="30,5800,0" yaku="1,1,7,1,52,1,53,0" doraHai="70,9" doraHaiUra="29,101" who="1" fromWho="3" sc="230,0,240,78,270,0,240,-58" /><INIT seed="1,1,0,4,2,49" ten="230,318,270,182" oya="1" hai0="30,2,70,132,27,66,74,32,134,52,86,25,110" hai1="112,8,39,19,123,80,113,85,15,60,115,13,108" hai2="116,96,119,58,35,78,61,75,104,29,124,128,131" hai3="17,55,18,20,102,126,84,98,91,3,125,95,127"/><U22/><E39/><V44/><F124/><W0/><G55/><T59/><D110/><U16/><E123/><V4/><F4/><W12/><REACH who="3" step="1"/><G18/><REACH who="3" ten="230,318,270,172" step="2"/><T87/><D134/><U94/><E113/><V117/><F117/><W5/><G5/><T9/><D132/><U38/><E115/><V114/><F119/><W54/><G54/><T11/><D66/><U93/><E112/><V47/><F116/><W129/><G129/><T77/><D70/><U88/><E108/><V65/><F114/><W89/><G89/><T48/><D25/><U92/><E38/><V121/><F128/><W56/><G56/><T41/><D41/><U10/><E60/><V71/><F61/><W24/><G24/><T120/><D120/><U69/><E69/><V34/><F71/><W118/><G118/><T97/><D27/><U133/><E133/><V76/><F121/><W21/><G21/><AGARI ba="1,1" hai="8,10,13,15,16,19,21,22,80,85,88,92,93,94" machi="21" ten="40,12000,1" yaku="9,1,8,1,54,2" doraHai="49" who="1" fromWho="3" sc="230,0,318,133,270,0,172,-123" /><INIT seed="1,2,0,0,4,51" ten="230,451,270,49" oya="1" hai0="58,46,73,76,30,122,69,4,12,48,82,117,99" hai1="36,105,84,95,133,123,28,0,3,19,25,134,39" hai2="94,120,106,97,135,29,14,55,89,50,101,6,77" hai3="22,109,130,108,56,132,9,103,93,86,127,115,67"/><U75/><E105/><V129/><F120/><W45/><G115/><T126/><D117/><U21/><E75/><V1/><F129/><W57/><G130/><T43/><D122/><U7/><E123/><V66/><F1/><W68/><G127/><T16/><D126/><U44/><E28/><V37/><F37/><W65/><G9/><T13/><D69/><U41/><E39/><V52/><F135/><W74/><G74/><T35/><D4/><U26/><E26/><V131/><F131/><W112/><G132/><N who="1" m="50794" /><E7/><V78/><F66/><W96/><G112/><T8/><D12/><U64/><E64/><V10/><F29/><W49/><G68/><T104/><D58/><U128/><E128/><V121/><F121/><W92/><G22/><T102/><REACH who="0" step="1"/><D30/><REACH who="0" ten="220,451,270,49" step="2"/><U116/><E116/><V32/><F6/><W27/><G57/><T70/><D70/><U83/><E3/><V79/><F14/><W47/><G56/><T100/><D100/><U38/><E0/><V23/><F101/><W42/><G103/><T80/><D80/><U85/><E83/><V61/><F61/><W24/><G109/><T11/><D11/><U20/><E25/><V107/><F10/><W31/><G108/><T114/><D114/><U110/><E110/><V119/><F119/><W33/><G24/><T72/><D72/><U17/><E17/><V60/><F60/><W18/><G18/><T62/><D62/><U111/><E19/><V98/><F107/><W88/><G45/><T118/><D118/><U87/><E44/><V15/><F106/><W34/><G34/><AGARI ba="2,1" hai="8,13,16,34,35,43,46,48,73,76,82,99,102,104" machi="34" ten="40,2600,0" yaku="1,1,54,1,53,0" doraHai="51" doraHaiUra="2" who="0" fromWho="3" sc="220,42,451,0,270,0,49,-32" /><INIT seed="2,0,0,4,1,45" ten="262,451,270,17" oya="2" hai0="23,116,65,112,76,22,0,83,37,18,115,17,15" hai1="40,56,28,34,128,129,4,55,71,94,130,53,19" hai2="82,113,27,78,50,29,44,118,80,72,43,93,39" hai3="60,110,119,9,41,75,8,77,35,88,74,133,99"/><V13/><F113/><W103/><G119/><T64/><D116/><U104/><E104/><V102/><F118/><W101/><G35/><T90/><D0/><U63/><E4/><V122/><F122/><W5/><G110/><T86/><D37/><U70/><E40/><V62/><F80/><W84/><G133/><T81/><D115/><U12/><E94/><V98/><F62/><W25/><G25/><T79/><D112/><U135/><E55/><V121/><F13/><W92/><G9/><T100/><D100/><U109/><E135/><V1/><F121/><W96/><G60/><T69/><D69/><U59/><E59/><V24/><F1/><W89/><G41/><T117/><D117/><U7/><E7/><V108/><F108/><W47/><G47/><T125/><D125/><U51/><E63/><V107/><F39/><W33/><G33/><T66/><REACH who="0" step="1"/><D81/><REACH who="0" ten="252,451,270,17" step="2"/><U120/><E109/><V58/><F58/><W42/><G42/><T105/><D105/><U73/><E120/><V20/><REACH who="2" step="1"/><F24/><AGARI ba="0,1" hai="15,17,18,22,23,24,64,65,66,76,79,83,86,90" machi="24" ten="40,2600,0" yaku="1,1,8,1,53,0" doraHai="45" doraHaiUra="38" who="0" fromWho="2" sc="252,36,451,0,270,-26,17,0" /><INIT seed="3,0,0,4,4,37" ten="288,451,244,17" oya="3" hai0="79,38,130,114,103,134,8,101,40,10,46,109,77" hai1="15,5,89,92,93,67,125,60,53,17,75,84,57" hai2="82,104,72,108,86,59,121,41,22,20,131,47,97" hai3="113,85,100,95,3,30,124,90,135,102,69,27,105"/><W4/><G113/><T35/><D109/><U18/><E75/><V42/><F108/><W99/><G124/><T110/><D110/><U73/><E73/><V83/><F131/><W61/><G135/><T19/><D130/><U126/><E67/><V80/><F72/><W64/><G102/><T24/><D134/><U25/><E93/><V128/><F128/><W14/><G14/><T54/><D114/><U0/><E0/><V13/><F121/><W28/><G28/><T34/><D54/><U49/><E60/><V45/><F104/><W48/><G48/><N who="0" m="26695" /><D34/><U29/><E5/><V70/><F70/><W129/><G129/><T118/><D35/><N who="1" m="20911" /><E18/><N who="2" m="10319" /><F97/><W16/><G4/><T133/><D118/><U122/><E122/><V36/><F36/><W71/><G3/><T111/><D111/><U7/><E7/><V63/><F86/><W78/><G78/><N who="0" m="29707" /><D38/><U11/><E11/><N who="0" m="4137" /><D133/><U2/><E2/><V21/><F45/><W68/><REACH who="3" step="1"/><G16/><REACH who="3" ten="288,451,244,7" step="2"/><T1/><D1/><U50/><E15/><V106/><F106/><W39/><G39/><T26/><D19/><U91/><E17/><V23/><F47/><W62/><G62/><T98/><D101/><U74/><E49/><V9/><F9/><W43/><G43/><T31/><D31/><U117/><E126/><V107/><F107/><W56/><G56/><T87/><D103/><U94/><E125/><V123/><F123/><W115/><G115/><T119/><D119/><U52/><E117/><V112/><F112/><W65/><G65/><AGARI ba="0,1" hai="21,22,23,41,42,59,63,65,80,82,83" m="10319" machi="65" ten="30,3900,0" yaku="8,1,52,2" doraHai="37" who="2" fromWho="3" sc="288,0,451,0,244,49,7,-39" owari="288,-11.2,451,55.1,293,9.3,-32,-53.2" /></mjloggm>