<mjloggm ver="2.3"><GO type="225" lobby="0"/><UN n0="%74%61%6B%75%61%6B%61" n1="%E7%9C%9F%E4%B8%80" n2="%6D%75%75%6D%75%72%61" n3="%E3%81%A1%E3%82%85%E3%81%86%E3%81%A9%E3%81%8F%E8%B1%A1%E3%81%95%E3%82%93" dan="16,17,17,17" rate="2151.67,2222.88,2177.12,2141.84" sx="M,M,F,M"/><TAIKYOKU oya="0"/><INIT seed="0,0,0,5,2,61" ten="250,250,250,250" oya="0" hai0="26,41,93,128,90,9,29,19,126,118,72,120,62" hai1="70,16,103,59,123,130,42,124,58,67,82,1,127" hai2="122,96,110,10,14,131,81,47,0,37,25,57,77" hai3="99,15,95,105,36,39,69,116,54,3,65,94,4"/><T22/><D120/><U115/><E123/><V38/><F122/><W27/><G116/><T63/><D118/><U100/><E115/><V132/><F110/><W21/><G3/><T83/><D126/><N who="1" m="48171" /><E1/><V56/><F131/><W13/><G54/><T73/><D128/><U34/><E34/><V5/><F132/><W49/><G49/><T106/><D106/><U85/><E130/><V75/><F38/><W109/><G105/><T101/><D41/><U98/><E42/><N who="2" m="22991" /><F14/><W97/><G109/><T107/><D107/><N who="1" m="63895" /><E103/><V134/><F134/><W112/><G27/><T11/><D72/><U113/><E113/><V60/><F96/><W20/><G69/><T18/><D101/><U78/><E16/><N who="0" m="6185" /><D73/><U7/><E7/><V135/><F135/><W125/><G4/><T55/><D83/><U133/><E133/><V8/><F8/><N who="0" m="3146" /><D55/><U68/><E68/><V79/><F79/><W53/><G125/><T28/><D28/><U43/><E43/><V76/><F76/><W33/><G53/><T119/><D119/><U129/><E129/><V17/><F60/><AGARI ba="0,0" hai="58,59,60,67,70,78,82,85" m="63895,48171" machi="60" ten="30,2000,0" yaku="18,1,52,1" doraHai="61" who="1" fromWho="2" sc="250,0,250,20,250,-20,250,0" /><INIT seed="1,0,0,5,1,126" ten="250,270,230,250" oya="1" hai0="20,11,67,19,39,115,60,42,87,98,101,27,59" hai1="81,63,51,56,12,66,75,124,110,104,61,54,64" hai2="25,129,72,94,116,23,21,102,2,18,37,131,120" hai3="91,105,4,114,7,127,73,107,33,118,132,108,1"/><U93/><E104/><V8/><F116/><W70/><RYUUKYOKU type="yao9" ba="0,0" sc="250,0,270,0,230,0,250,0" hai3="1,4,7,33,70,73,91,105,107,108,114,118,127,132" /><INIT seed="1,1,0,5,1,17" ten="250,270,230,250" oya="1" hai0="32,79,58,100,104,89,20,91,24,120,51,83,130" hai1="61,126,110,85,1,117,59,55,84,39,96,68,30" hai2="114,73,38,5,106,112,9,135,131,119,53,64,50" hai3="31,88,65,116,15,128,26,48,118,7,23,12,8"/><U102/><E117/><N who="3" m="45162" /><G128/><T75/><D130/><U63/><E1/><V46/><F119/><W41/><G65/><T101/><D32/><U18/><E39/><V132/><F131/><W40/><G12/><T103/><D104/><U109/><E126/><V125/><F125/><W72/><G72/><T66/><D120/><U44/><E30/><V122/><F122/><W74/><G74/><T78/><D78/><U6/><E6/><V57/><F73/><W77/><G77/><T28/><REACH who="0" step="1"/><D51/><REACH who="0" ten="240,270,230,250" step="2"/><U14/><E63/><AGARI ba="1,1" hai="20,24,28,58,63,66,75,79,83,89,91,100,101,103" machi="63" ten="40,5200,0" yaku="1,1,2,1,52,1,53,0" doraHai="17" doraHaiUra="80" who="0" fromWho="1" sc="240,65,270,-55,230,0,250,0" /><INIT seed="2,0,0,1,0,132" ten="305,215,230,250" oya="2" hai0="102,85,96,128,108,80,127,28,41,61,75,117,133" hai1="59,42,107,0,45,120,104,76,90,121,36,91,30" hai2="94,68,109,11,46,105,111,98,52,8,100,1,54" hai3="114,9,112,64,47,15,95,81,113,103,93,72,49"/><V6/><F68/><W2/><G2/><T116/><D41/><U37/><E0/><V134/><F134/><W32/><G32/><T69/><D133/><U79/><E30/><V122/><F122/><N who="1" m="47209" /><E59/><V67/><F67/><W23/><G64/><T18/><D108/><N who="2" m="41546" /><F8/><W87/><G23/><T86/><D28/><U126/><E126/><V12/><F1/><W62/><G62/><T77/><D127/><U63/><E63/><V27/><F27/><W25/><G72/><T10/><D128/><U97/><E97/><N who="2" m="61583" /><F46/><W14/><G103/><AGARI ba="0,0" hai="6,11,12,52,54,94,98,103" m="61583,41546" machi="103" ten="30,5800,0" yaku="14,1,10,1,54,1" doraHai="132" who="2" fromWho="3" sc="305,0,215,0,230,58,250,-58" /><INIT seed="2,1,0,5,3,96" ten="305,215,288,192" oya="2" hai0="63,10,95,9,5,100,1,41,75,37,114,88,36" hai1="119,18,77,57,29,125,110,132,53,58,112,94,50" hai2="43,89,35,124,91,4,83,68,39,121,46,135,40" hai3="113,60,105,71,109,130,118,24,82,134,42,79,64"/><V87/><F121/><W81/><G118/><T13/><D114/><U22/><E119/><V98/><F124/><W7/><G109/><T44/><D75/><U97/><E110/><V54/><F135/><W120/><G120/><T93/><D36/><U85/><E132/><V27/><F68/><W122/><G122/><T14/><D63/><U99/><E125/><V6/><F40/><W28/><G134/><T16/><D100/><U67/><E29/><V26/><F54/><W33/><G130/><T104/><D104/><U69/><E69/><V38/><F38/><W117/><G117/><T61/><D61/><N who="1" m="38319" /><E112/><V73/><F73/><W3/><G113/><T34/><D34/><U52/><E53/><V65/><F65/><W45/><G105/><T123/><D123/><U32/><E32/><V72/><F72/><W15/><G3/><T31/><D31/><U8/><E8/><V47/><F47/><W115/><G115/><T126/><D126/><U90/><E77/><V66/><F66/><W92/><G92/><T101/><D101/><U21/><E21/><V131/><F131/><W17/><G7/><T19/><REACH who="0" step="1"/><D88/><REACH who="0" ten="295,215,288,192" step="2"/><U59/><E59/><V11/><F35/><W2/><G79/><T0/><D0/><U133/><E133/><V128/><F128/><W20/><REACH who="3" step="1"/><G2/><REACH who="3" ten="295,215,288,182" step="2"/><T127/><D127/><U70/><E70/><V102/><F39/><AGARI ba="1,2" hai="15,17,20,24,28,33,39,42,45,60,64,71,81,82" machi="39" ten="30,3900,0" yaku="1,1,2,1,7,1,53,0" doraHai="96" doraHaiUra="129" who="3" fromWho="2" sc="295,0,215,0,288,-42,182,62" /><INIT seed="3,0,0,5,3,34" ten="295,215,246,244" oya="3" hai0="38,73,88,99,74,66,122,128,55,20,24,69,31" hai1="39,58,102,72,111,47,43,107,23,54,13,127,44" hai2="93,63,53,56,84,28,135,45,80,129,36,90,81" hai3="60,59,12,9,86,75,21,40,97,57,123,50,62"/><W11/><G75/><T27/><D122/><U115/><E115/><V91/><F129/><W71/><G71/><T42/><D128/><U25/><E72/><V52/><F135/><W37/><G37/><T95/><D55/><U79/><E79/><V15/><F28/><W32/><G32/><T18/><D42/><U0/><E0/><V35/><F35/><W83/><G123/><T116/><D38/><U87/><E111/><V29/><F29/><W131/><G131/><T130/><D116/><U133/><E133/><V2/><F2/><W6/><G97/><T19/><D130/><U104/><E127/><V119/><F119/><W4/><G21/><T78/><D78/><U134/><E134/><V89/><F36/><W109/><G109/><T17/><REACH who="0" step="1"/><D24/><REACH who="0" ten="285,215,246,244" step="2"/><U61/><E102/><V114/><F53/><W16/><G40/><T51/><D51/><U108/><E108/><V8/><F114/><W96/><G50/><T70/><D70/><U77/><E47/><V100/><F45/><W110/><G110/><T1/><D1/><U112/><E112/><V85/><F100/><W64/><G62/><AGARI ba="0,1" hai="17,18,19,20,27,31,62,66,69,73,74,88,95,99" machi="62" ten="40,2600,0" yaku="1,1,54,1,53,0" doraHai="34" doraHaiUra="132" who="0" fromWho="3" sc="285,36,215,0,246,0,244,-26" owari="321,42.1,215,-28.5,246,4.6,218,-18.2" /></mjloggm>