<mjloggm ver="2.3"><GO type="225" lobby="0"/><UN n0="%E3%80%90%E3%83%88%E3%83%AA%E3%83%A5%E3%83%95%E3%80%91" n1="%E7%8B%82%E6%B0%97%E3%81%AE%E7%9E%B3" n2="%E7%89%B9%E6%9D%B1%E5%96%B0%E8%B5%A4%E9%80%9F" n3="%E3%83%A9%E3%83%BC%E3%83%A1%E3%83%B3%E4%BA%94%E9%83%8E" dan="16,16,16,16" rate="2070.43,2055.52,2050.74,2141.34" sx="M,F,M,M"/><TAIKYOKU oya="0"/><INIT seed="0,0,0,0,2,53" ten="250,250,250,250" oya="0" hai0="1,83,118,131,112,49,80,74,105,125,65,24,79" hai1="20,66,82,37,27,38,102,88,11,39,13,60,133" hai2="8,72,50,32,97,44,115,23,111,2,58,124,81" hai3="62,56,69,123,108,128,16,100,113,75,129,135,51"/><T12/><D1/><U121/><E121/><V57/><F115/><W94/><G113/><T41/><D118/><U130/><E130/><N who="3" m="50282" /><G123/><T25/><D131/><U96/><E133/><V33/><F111/><W30/><G108/><T110/><D110/><U17/><E82/><V61/><F124/><W103/><G135/><T91/><D125/><U64/><E60/><V98/><F23/><W3/><G75/><T132/><D105/><U89/><E66/><V59/><F61/><W106/><G3/><T77/><D91/><U114/><E64/><V14/><F2/><W19/><G106/><T18/><D65/><U67/><E67/><V120/><F120/><W78/><G78/><T122/><D122/><U109/><E109/><V63/><F63/><W52/><G69/><T95/><D112/><U87/><E87/><V43/><F32/><W116/><G116/><T99/><D132/><U21/><E21/><V68/><F33/><W29/><G62/><T92/><D99/><U85/><E85/><V119/><F119/><W6/><G6/><T127/><D127/><U40/><E40/><V126/><F68/><W101/><G94/><N who="0" m="35883" /><D74/><U36/><N who="1" m="9216" /><DORA hai="7" /><U71/><E71/><V15/><F126/><W104/><G104/><T73/><D73/><U55/><E114/><V84/><F72/><W9/><G19/><T26/><D79/><U28/><REACH who="1" step="1"/><E55/><REACH who="1" ten="250,240,250,250" step="2"/><V54/><F54/><W34/><G34/><T22/><D77/><U0/><E0/><V70/><F70/><W48/><G51/><T31/><D31/><U47/><E47/><AGARI ba="0,1" hai="12,18,22,24,25,26,41,47,49,80,83" m="35883" machi="47" ten="30,1500,0" yaku="8,1" doraHai="53,7" who="0" fromWho="1" sc="250,25,240,-15,250,0,250,0" /><INIT seed="0,1,0,4,3,91" ten="275,225,250,250" oya="0" hai0="33,64,74,11,30,72,10,97,99,114,109,3,116" hai1="21,118,80,87,34,68,104,96,73,78,75,57,37" hai2="24,66,107,4,83,31,98,28,16,50,20,9,35" hai3="125,105,49,108,115,14,133,19,134,127,15,62,5"/><T2/><D114/><U84/><E34/><V0/><F66/><W63/><G105/><T85/><D116/><U95/><E68/><V92/><F107/><W70/><G115/><T135/><D135/><N who="3" m="51721" /><G108/><T7/><D109/><U86/><E37/><V42/><F83/><W123/><G123/><T52/><D64/><U102/><E57/><V29/><F42/><W12/><G5/><T111/><D111/><U13/><E13/><N who="3" m="5226" /><G49/><T44/><D33/><U39/><E39/><V106/><F50/><W129/><G129/><T89/><D30/><U90/><E21/><V103/><REACH who="2" step="1"/><F106/><REACH who="2" ten="275,225,240,250" step="2"/><W130/><G130/><T8/><D7/><U25/><E118/><V126/><F126/><N who="3" m="48139" /><G70/><T117/><D117/><U55/><E55/><V45/><F45/><W122/><G122/><T51/><D3/><U71/><E71/><V120/><F120/><W132/><G132/><T94/><REACH who="0" step="1"/><D2/><REACH who="0" ten="265,225,240,250" step="2"/><U56/><E56/><V22/><F22/><AGARI ba="1,2" hai="15,19,22,62,63" m="48139,5226,51721" machi="22" ten="30,2000,0" yaku="20,1,18,1" doraHai="91" who="3" fromWho="2" sc="265,0,225,0,240,-23,250,43" /><INIT seed="1,0,0,3,1,15" ten="265,225,217,293" oya="1" hai0="130,121,99,60,78,2,25,14,3,120,7,69,92" hai1="112,17,9,97,37,11,124,38,42,72,0,91,18" hai2="81,133,52,100,115,110,50,108,73,41,8,77,44" hai3="5,59,34,39,51,16,64,86,57,74,117,22,116"/><U6/><E72/><V24/><F133/><W79/><G39/><T54/><D78/><U45/><E112/><V71/><F115/><W122/><G122/><N who="0" m="47211" /><D25/><U105/><E124/><V20/><F71/><W104/><G34/><T134/><D130/><U66/><E66/><V75/><F100/><W1/><G104/><T85/><D85/><U84/><E11/><V48/><F8/><N who="3" m="2095" /><G74/><T83/><D83/><U89/><E38/><V67/><F67/><W98/><G98/><T131/><D131/><U26/><E26/><V125/><F125/><W63/><G86/><T101/><D134/><U70/><E70/><V28/><REACH who="2" step="1"/><F73/><REACH who="2" ten="265,225,207,293" step="2"/><W94/><G64/><N who="0" m="41095" /><D54/><U118/><E118/><V40/><F40/><W68/><G117/><T36/><D36/><U128/><E128/><V61/><F61/><W103/><G63/><T32/><D32/><U107/><E107/><V90/><F90/><W35/><G35/><T33/><D33/><U82/><REACH who="1" step="1"/><E91/><REACH who="1" ten="265,215,207,293" step="2"/><V12/><F12/><W43/><G116/><T27/><D27/><U19/><E19/><V96/><F96/><W58/><G16/><T132/><D14/><U106/><E106/><V30/><F30/><W29/><G29/><T87/><D132/><U62/><E62/><V114/><F114/><W4/><G68/><T88/><D7/><U123/><E123/><V80/><F80/><W31/><G4/><T49/><D88/><U119/><E119/><V95/><F95/><W47/><G94/><T65/><D65/><U10/><E10/><V113/><F113/><W111/><G31/><T127/><D92/><U93/><E93/><RYUUKYOKU ba="0,2" sc="265,-15,215,15,207,15,293,-15" hai1="0,6,9,17,18,37,42,45,82,84,89,97,105" hai2="20,24,28,41,44,48,50,52,75,77,81,108,110" /><INIT seed="1,1,2,5,5,127" ten="250,230,222,278" oya="1" hai0="68,90,107,124,51,43,36,97,83,113,8,106,4" hai1="95,86,62,44,125,101,99,25,133,76,20,98,118" hai2="13,116,121,24,27,58,35,109,23,26,0,128,112" hai3="54,100,64,65,114,3,69,39,103,33,120,32,38"/><U41/><E118/><V63/><F116/><W102/><G120/><T16/><D124/><U47/><E125/><V15/><F121/><W110/><G114/><T28/><D28/><U30/><E133/><V77/><F0/><W1/><G54/><T57/><D68/><U34/><E34/><N who="3" m="13418" /><G69/><T7/><D113/><U92/><E62/><V111/><F112/><W22/><G22/><T129/><D36/><N who="3" m="13865" /><G110/><N who="2" m="41993" /><F77/><W82/><G82/><T94/><D107/><U31/><E31/><N who="2" m="19943" /><F128/><W46/><G46/><N who="1" m="17450" /><E41/><V85/><F85/><W130/><G130/><T117/><D117/><U135/><E135/><V5/><F5/><W18/><G18/><T45/><D106/><U9/><E9/><V87/><F87/><W56/><G56/><T74/><D129/><U96/><E101/><V119/><F119/><W126/><G126/><T59/><D74/><U81/><AGARI ba="1,2" hai="20,25,30,76,81,86,92,95,96,98,99" m="17450" machi="81" ten="30,1500,0" yaku="8,1" doraHai="127" who="1" fromWho="1" sc="250,-6,230,38,222,-6,278,-6" /><INIT seed="1,2,0,1,4,120" ten="244,268,216,272" oya="1" hai0="122,62,52,79,116,22,103,135,76,33,42,53,64" hai1="106,86,127,61,14,6,37,121,18,41,32,75,71" hai2="7,104,36,118,73,3,99,114,95,80,111,24,19" hai3="26,60,68,100,25,72,17,119,21,97,2,20,4"/><U85/><E121/><V74/><F118/><W82/><G119/><T105/><D116/><U12/><E106/><V29/><F36/><W94/><G2/><T49/><D33/><U67/><E75/><V46/><F104/><W5/><G68/><T66/><D122/><U54/><E32/><V65/><F65/><W109/><G60/><T125/><D125/><U35/><E35/><V126/><F19/><W92/><G92/><T90/><D103/><U113/><E113/><V30/><F30/><W129/><G129/><T84/><D42/><U34/><E34/><N who="2" m="20775" /><F46/><W47/><G47/><N who="0" m="27711" /><D135/><U16/><E127/><V108/><F80/><W78/><G109/><N who="2" m="42057" /><F114/><W134/><G134/><T55/><D105/><U77/><E54/><V23/><F23/><W112/><G112/><T101/><D22/><U11/><E18/><AGARI ba="2,0" hai="4,5,17,18,20,21,25,26,72,78,82,94,97,100" machi="18" ten="30,2000,0" yaku="7,1,9,1" doraHai="120" who="3" fromWho="1" sc="244,0,268,-26,216,0,272,26" /><INIT seed="2,0,0,3,2,49" ten="244,242,216,298" oya="2" hai0="98,37,56,16,115,95,20,123,64,55,45,40,114" hai1="22,102,79,93,65,69,50,134,34,48,0,23,71" hai2="38,30,5,117,89,85,97,42,84,125,6,27,51" hai3="12,72,19,4,104,127,31,70,103,36,133,88,112"/><V99/><F117/><W119/><G119/><T74/><D64/><U100/><E34/><V24/><F38/><W29/><G36/><T66/><D66/><U54/><E0/><V43/><F125/><W28/><G70/><T111/><D74/><U132/><E65/><V25/><F30/><W80/><G127/><T120/><D111/><U33/><E33/><V14/><F14/><W11/><G133/><T3/><D3/><U101/><E79/><V2/><F2/><W13/><G112/><T126/><D126/><U116/><E116/><V15/><F15/><W63/><G63/><T60/><D114/><U53/><E100/><V26/><F25/><W94/><G104/><T32/><D32/><U75/><E93/><V110/><F110/><W105/><G105/><T21/><D115/><U86/><E86/><N who="2" m="33387" /><F89/><W61/><G103/><T52/><D55/><U41/><E41/><N who="2" m="15371" /><F51/><W121/><G121/><T108/><D108/><U122/><E75/><V17/><F17/><W1/><G1/><T130/><D21/><U67/><E67/><V77/><F77/><W73/><G73/><T62/><D62/><U82/><E82/><V81/><F81/><W135/><G80/><T106/><D106/><U8/><E8/><V83/><F83/><W57/><G72/><T109/><D109/><U7/><E7/><AGARI ba="0,0" hai="5,6,7,24,26,27,97,99" m="15371,33387" machi="7" ten="30,5800,0" yaku="28,2,8,1" doraHai="49" who="2" fromWho="1" sc="244,0,242,-58,216,58,298,0" /><INIT seed="2,1,0,2,1,20" ten="244,184,274,298" oya="2" hai0="119,107,55,53,16,98,92,117,133,88,101,22,7" hai1="32,23,86,64,14,67,74,106,6,29,19,0,97" hai2="50,76,30,131,114,84,99,100,125,75,134,45,73" hai3="42,91,135,56,15,69,9,41,43,85,52,37,33"/><V28/><F114/><W48/><G135/><T24/><D7/><U66/><E74/><V115/><F115/><W57/><G69/><T103/><D103/><U46/><E46/><V126/><F131/><W94/><G33/><T81/><D81/><U108/><E108/><V68/><F68/><W120/><G120/><T5/><D5/><U44/><E44/><V49/><F84/><W110/><G110/><T40/><D40/><U111/><E111/><V18/><F18/><N who="3" m="8559" /><G37/><T34/><D34/><U60/><E86/><V11/><F11/><W113/><G113/><T12/><D12/><U38/><E38/><V78/><F134/><W4/><G4/><T109/><D109/><U95/><E106/><V87/><F87/><W129/><G129/><T70/><D70/><U118/><E118/><N who="0" m="45065" /><D133/><U17/><E17/><V124/><F100/><W82/><G94/><T54/><D101/><N who="1" m="60607" /><E0/><V122/><F125/><W59/><AGARI ba="1,0" hai="41,42,43,48,52,56,57,59,82,85,91" m="8559" machi="59" ten="30,2000,0" yaku="8,1,54,1" doraHai="20" who="3" fromWho="3" sc="244,-6,184,-6,274,-11,298,23" /><INIT seed="3,0,0,1,0,46" ten="238,178,263,321" oya="3" hai0="49,111,48,1,20,67,100,55,23,63,102,98,114" hai1="125,43,132,11,51,64,88,87,30,0,59,131,8" hai2="2,65,75,66,109,7,70,24,113,103,28,15,68" hai3="124,5,71,94,13,123,22,12,69,21,89,10,104"/><W74/><G104/><T119/><D119/><U58/><E132/><V18/><F113/><W81/><G124/><T4/><D111/><U52/><E125/><V92/><F75/><W37/><G37/><T99/><D114/><U35/><E43/><V40/><F68/><W77/><G123/><T90/><D1/><U85/><E131/><V47/><F70/><W73/><G73/><T53/><D4/><U78/><E35/><V127/><F2/><W72/><G72/><T82/><D82/><N who="1" m="47319" /><E30/><V29/><F7/><W42/><G42/><T36/><D36/><U118/><E0/><V19/><F19/><W76/><G76/><T106/><D106/><U95/><E118/><V91/><F103/><W44/><G69/><T62/><D90/><U25/><E25/><V79/><F79/><W80/><G77/><T115/><D115/><U34/><E34/><V33/><F28/><W101/><G74/><T27/><D27/><U60/><AGARI ba="0,0" hai="8,11,51,52,58,59,60,64,87,88,95" m="47319" machi="60" ten="30,7900,0" yaku="8,1,52,1,54,2" doraHai="46" who="1" fromWho="1" sc="238,-20,178,79,263,-20,321,-39" /><INIT seed="4,0,0,3,2,4" ten="218,257,243,282" oya="0" hai0="46,35,106,20,121,60,54,69,64,40,37,99,123" hai1="3,65,97,122,102,26,100,63,32,91,1,128,82" hai2="19,8,72,10,57,119,18,96,5,120,88,117,95" hai3="76,83,28,49,53,103,56,109,85,129,94,14,9"/><T16/><D35/><U70/><E102/><V71/><F120/><W67/><G109/><T134/><D134/><U7/><E122/><V107/><F71/><W87/><G129/><T81/><D81/><U135/><E128/><V131/><F72/><W62/><G28/><T44/><D106/><U112/><E112/><V113/><F131/><W114/><G114/><T125/><D99/><U50/><E50/><V23/><F113/><W36/><G36/><T68/><D68/><U89/><E135/><V73/><F73/><W66/><G62/><T11/><D125/><U84/><E91/><V43/><F43/><W127/><G127/><T25/><D11/><N who="2" m="4138" /><F5/><N who="3" m="3375" /><G85/><T22/><D22/><U6/><E6/><V29/><F57/><W110/><G110/><T41/><REACH who="0" step="1"/><D54/><REACH who="0" ten="208,257,243,282" step="2"/><U98/><E98/><AGARI ba="0,1" hai="49,53,56,66,67,76,83,87,94,98,103" m="3375" machi="98" ten="30,2000,0" yaku="8,1,52,1" doraHai="4" who="3" fromWho="1" sc="208,0,257,-20,243,0,282,30" owari="208,-29.2,237,-16.3,243,4.3,312,41.2" /></mjloggm>