<mjloggm ver="2.3"><GO type="225" lobby="0"/><UN n0="%E7%89%B9%E6%9D%B1%E3%81%AF%E4%B8%96%E7%95%8C%E3%82%92%E6%95%91%E3%81%86" n1="%E9%BB%92%E5%85%89%E3%82%8A%E3%81%99%E3%82%8B%47" n2="%E8%A8%88%E7%AE%97%E6%A9%9F%E8%87%AA%E7%84%B6" n3="%E3%81%86%E3%81%A3%E3%81%97%E3%83%BC%30%30" dan="16,16,17,16" rate="2123.02,2066.66,2184.93,2081.23" sx="M,M,M,M"/><TAIKYOKU oya="0"/><INIT seed="0,0,0,5,4,63" ten="250,250,250,250" oya="0" hai0="123,65,70,106,6,32,113,38,14,72,107,16,24" hai1="45,125,81,56,98,121,74,86,11,80,78,60,46" hai2="50,97,93,37,124,120,71,115,44,58,87,82,118" hai3="64,12,132,96,5,21,92,73,55,7,26,116,83"/><T89/><D113/><U17/><E125/><V126/><F71/><W52/><G116/><T94/><D38/><U75/><E121/><V40/><F115/><W100/><G132/><T1/><D72/><U8/><E98/><V134/><F120/><W110/><G110/><T61/><D123/><U66/><E75/><V133/><F118/><W47/><G64/><T88/><D6/><U128/><E128/><V76/><F58/><W48/><G55/><T53/><D1/><U91/><REACH who="1" step="1"/><E17/><REACH who="1" ten="250,240,250,250" step="2"/><V119/><F119/><W79/><REACH who="3" step="1"/><G12/><REACH who="3" ten="250,240,250,240" step="2"/><T54/><D14/><U122/><E122/><V2/><F126/><W29/><AGARI ba="0,2" hai="5,7,21,26,29,47,48,52,73,79,83,92,96,100" machi="29" ten="20,12000,2" yaku="1,1,2,1,0,1,7,1,54,1,53,1" doraHai="63" doraHaiUra="20" who="3" fromWho="3" sc="250,-60,240,-30,250,-30,240,140" /><INIT seed="1,0,0,2,4,100" ten="190,210,220,380" oya="1" hai0="134,125,46,63,1,117,96,47,93,76,90,102,103" hai1="118,105,9,10,72,86,51,55,38,107,6,126,61" hai2="83,66,73,23,80,87,64,4,56,122,65,59,30" hai3="2,45,53,39,70,21,121,14,33,110,60,22,98"/><U78/><E118/><V85/><F122/><W119/><G14/><T75/><D117/><U28/><E38/><V25/><F73/><W81/><G98/><T0/><D134/><U114/><E114/><V18/><F4/><W54/><G81/><T29/><D125/><U12/><E72/><V135/><F135/><W44/><G60/><T91/><D29/><U79/><E126/><V123/><F123/><W109/><G119/><T8/><D75/><U48/><E28/><V35/><F35/><W111/><G33/><T13/><D76/><U104/><E10/><V113/><F113/><W3/><G121/><T42/><D103/><U95/><E78/><N who="2" m="46231" /><F30/><W101/><G101/><T99/><D63/><U26/><E26/><V71/><F71/><W24/><G70/><T129/><D129/><U52/><E61/><V69/><F69/><W130/><G130/><T68/><D47/><N who="3" m="17993" /><G39/><T11/><D68/><U97/><E86/><V36/><F36/><W34/><G34/><T116/><D116/><U127/><E79/><AGARI ba="0,0" hai="18,23,25,56,59,64,65,66,79,83,87" m="46231" machi="79" ten="30,1000,0" yaku="8,1" doraHai="100" who="2" fromWho="1" sc="190,0,210,-10,220,10,380,0" /><INIT seed="2,0,0,1,0,120" ten="190,200,230,380" oya="2" hai0="89,10,108,106,5,62,128,66,135,22,105,83,127" hai1="18,96,35,124,14,38,73,121,17,65,90,112,122" hai2="23,63,77,76,58,95,132,97,91,9,49,119,87" hai3="117,36,56,72,3,98,110,16,44,79,26,46,102"/><V131/><F119/><W85/><G72/><T69/><D128/><U84/><E112/><V92/><F132/><W81/><G3/><T67/><D135/><U43/><E35/><V133/><F131/><W29/><G16/><N who="1" m="6250" /><E73/><V7/><F49/><W50/><G117/><T12/><D127/><U52/><E124/><V4/><F23/><W93/><G110/><T21/><D67/><U113/><E113/><V20/><F20/><N who="3" m="15559" /><G36/><T39/><D39/><U114/><E114/><V59/><F59/><W64/><G50/><T109/><D21/><U101/><E65/><V116/><F116/><W13/><G13/><T70/><D70/><U130/><E14/><V1/><F4/><W118/><G118/><T48/><D22/><U11/><E11/><V2/><F1/><W57/><G57/><T134/><D134/><U86/><E130/><V125/><F125/><W115/><G115/><T55/><D106/><U123/><E90/><V34/><F34/><W80/><G80/><T78/><D89/><U126/><E126/><V33/><F33/><W8/><G8/><T82/><D105/><N who="1" m="63655" /><E38/><V32/><F133/><W51/><G64/><T104/><D104/><U19/><N who="1" m="6258" /><U68/><DORA hai="54" /><E68/><V111/><F32/><W30/><G30/><T25/><D25/><U47/><E43/><V24/><F24/><W74/><G74/><N who="0" m="43351" /><D83/><U99/><E99/><V37/><F37/><W0/><G0/><T31/><D31/><U60/><E47/><V61/><F76/><W40/><G40/><T129/><D129/><U88/><E88/><N who="2" m="55431" /><F77/><W100/><G100/><T42/><D42/><RYUUKYOKU ba="0,0" sc="190,10,200,10,230,-30,380,10" hai0="5,10,12,48,55,62,66,69,108,109" hai1="52,60,84,86,121,122,123" hai3="44,46,51,56,79,81,85,93,98,102" /><INIT seed="3,1,0,2,3,15" ten="200,210,200,390" oya="3" hai0="81,111,39,60,122,12,89,23,32,74,10,134,78" hai1="105,88,8,2,5,129,18,65,64,13,3,40,47" hai2="91,80,75,130,124,102,62,84,99,36,82,16,95" hai3="104,44,93,50,17,58,69,7,125,53,68,9,57"/><W123/><G93/><T43/><D122/><U14/><E105/><V70/><F36/><W87/><G87/><T46/><D32/><U101/><E101/><V73/><F130/><W56/><G58/><T90/><D111/><U54/><E129/><V42/><F42/><W48/><G57/><T116/><D116/><U20/><E54/><V21/><F124/><W11/><G56/><T100/><D134/><U24/><E88/><V6/><F6/><W112/><G11/><T25/><D60/><U109/><E109/><V55/><F80/><W83/><G9/><T33/><D33/><U51/><REACH who="1" step="1"/><E14/><REACH who="1" ten="200,200,200,390" step="2"/><V71/><F55/><W96/><G53/><T34/><D100/><U107/><E107/><V49/><F49/><W38/><G104/><T27/><D90/><U103/><E103/><V98/><F98/><W114/><G96/><T79/><D89/><U19/><E19/><V119/><F119/><W108/><G17/><T106/><D106/><U77/><E77/><V52/><F52/><W66/><G50/><T30/><D79/><U0/><AGARI ba="1,1" hai="0,2,3,5,8,13,18,20,24,40,47,51,64,65" machi="0" ten="30,4000,0" yaku="1,1,0,1,52,1,53,0" doraHai="15" doraHaiUra="128" who="1" fromWho="1" sc="200,-11,200,53,200,-11,390,-21" owari="189,-21.1,253,5.3,189,-31.1,369,46.9" /></mjloggm>