<mjloggm ver="2.3"><GO type="225" lobby="0"/><UN n0="%E3%81%82%E3%81%99%E3%81%AB%E3%82%83%E3%82%80" n1="%E5%A4%96%E5%B7%9D%E7%AB%9C%E6%88%90" n2="%E6%A1%9C%E8%8A%B1%E9%96%83%E3%80%85" n3="%4B%2E%32%2E%4B%2E" dan="16,16,16,16" rate="2114.87,2123.86,2154.24,2120.36" sx="F,M,M,M"/><TAIKYOKU oya="0"/><INIT seed="0,0,0,4,2,17" ten="250,250,250,250" oya="0" hai0="116,83,131,91,94,3,24,95,86,90,13,93,87" hai1="4,135,20,117,128,16,9,127,45,82,85,38,124" hai2="107,30,89,122,102,130,49,92,110,84,118,104,50" hai3="26,101,52,37,133,71,21,59,78,103,67,12,11"/><T75/><D3/><U69/><E69/><V32/><F32/><W120/><G37/><T14/><D116/><U25/><E117/><V29/><F118/><W77/><G133/><T72/><D131/><U18/><E135/><V43/><F122/><W113/><G67/><T125/><D125/><N who="1" m="48203" /><E128/><V96/><F130/><W80/><G71/><T100/><D24/><U115/><E115/><V106/><F110/><W99/><G113/><T79/><D13/><N who="1" m="5287" /><E45/><V74/><F74/><N who="0" m="28202" /><D14/><U40/><E40/><V6/><F6/><N who="3" m="3191" /><G80/><N who="0" m="47391" /><D100/><N who="3" m="38473" /><G99/><AGARI ba="0,0" hai="83,87,90,91,93,94,95,99" m="47391,28202" machi="99" ten="30,12000,1" yaku="35,5" doraHai="17" who="0" fromWho="3" sc="250,120,250,0,250,0,250,-120" /><INIT seed="0,1,0,1,5,74" ten="370,250,250,130" oya="0" hai0="109,26,38,94,129,31,24,76,34,46,111,128,121" hai1="92,102,118,69,91,93,79,52,119,32,99,3,60" hai2="30,135,72,127,33,66,50,42,124,112,23,134,59" hai3="71,55,21,131,114,0,88,90,47,82,84,5,57"/><T110/><D121/><U8/><E32/><V56/><F33/><W97/><G114/><T83/><D94/><U103/><E3/><V67/><F72/><W101/><G131/><N who="0" m="50251" /><D24/><U125/><E8/><V122/><F23/><W37/><G71/><T68/><D68/><U87/><E125/><N who="2" m="48203" /><F30/><W100/><G21/><T39/><D46/><U12/><E12/><V104/><F104/><W98/><G5/><T6/><D6/><U58/><E69/><V115/><F122/><W105/><G0/><T54/><D54/><U9/><E9/><V43/><F59/><W15/><G15/><T18/><D18/><U62/><E62/><N who="2" m="38215" /><F67/><W16/><G47/><T29/><D31/><U25/><E25/><V61/><F61/><W7/><G7/><T113/><D113/><N who="2" m="43594" /><F50/><W4/><G37/><T89/><D89/><U95/><REACH who="1" step="1"/><E79/><REACH who="1" ten="370,240,250,130" step="2"/><V107/><F107/><W123/><G123/><T117/><D38/><U40/><E40/><AGARI ba="1,1" hai="40,42,43,134,135" m="43594,38215,48203" machi="40" ten="40,5200,0" yaku="18,1,34,2" doraHai="74" who="2" fromWho="1" sc="370,0,240,-55,250,65,130,0" /><INIT seed="1,0,0,0,0,108" ten="370,185,315,130" oya="1" hai0="98,127,71,26,102,9,114,27,45,118,82,68,89" hai1="13,119,42,85,110,10,97,50,130,104,55,123,49" hai2="7,37,134,32,62,59,79,53,18,86,12,22,48" hai3="39,92,67,93,77,83,124,115,34,5,4,58,101"/><U51/><E119/><V116/><F134/><W135/><G34/><T81/><D114/><U47/><E123/><V38/><F116/><W2/><G39/><T112/><D112/><U40/><E110/><V131/><F131/><W16/><G135/><T106/><D127/><U94/><E130/><V73/><F73/><W132/><G132/><T107/><D118/><U121/><E121/><V8/><F32/><W11/><G124/><T31/><D45/><U84/><E104/><V80/><REACH who="2" step="1"/><F48/><REACH who="2" ten="370,185,305,130" step="2"/><W20/><G115/><T125/><D125/><U17/><E51/><V133/><F133/><W44/><G11/><T126/><D9/><U19/><E19/><V128/><F128/><W78/><G16/><T24/><D126/><U88/><REACH who="1" step="1"/><E40/><REACH who="1" ten="370,175,305,130" step="2"/><V90/><F90/><W91/><G91/><T33/><D89/><U66/><E66/><V96/><F96/><W95/><G67/><T72/><D98/><U36/><E36/><V29/><F29/><W3/><G5/><T0/><D31/><U99/><E99/><V56/><F56/><AGARI ba="0,2" hai="10,13,17,42,47,49,50,55,56,84,85,88,94,97" machi="56" ten="30,11600,0" yaku="1,1,7,1,8,1,54,1,53,0" doraHai="108" doraHaiUra="64" who="1" fromWho="2" sc="370,0,175,136,305,-116,130,0" /><INIT seed="1,1,0,3,4,37" ten="370,311,189,130" oya="1" hai0="45,29,62,46,103,58,118,97,80,116,49,81,98" hai1="61,99,132,18,119,32,68,13,87,59,3,8,86" hai2="1,101,129,117,38,65,102,79,6,90,11,63,24" hai3="27,31,26,9,23,60,122,14,17,112,78,53,107"/><U36/><E119/><V42/><F117/><W2/><G112/><T52/><D45/><U93/><E68/><V106/><F129/><W39/><G122/><T56/><D56/><U5/><E36/><V135/><F135/><W20/><G107/><T41/><D29/><U22/><E32/><V108/><F108/><W121/><G121/><T55/><D55/><U113/><E132/><V16/><F90/><W12/><G39/><T134/><D134/><U35/><E35/><V51/><F38/><W54/><G78/><T91/><D81/><U30/><E30/><V120/><F79/><W4/><G53/><T73/><D73/><U96/><E113/><V115/><F106/><W110/><G54/><T34/><D34/><U15/><E3/><V104/><F104/><W76/><G76/><T70/><D70/><U19/><E5/><V66/><F66/><W71/><G60/><T133/><D133/><U111/><E111/><V109/><F109/><W28/><G110/><T0/><D0/><U85/><E93/><V50/><F50/><W94/><G94/><N who="0" m="58807" /><D80/><U10/><E22/><N who="2" m="13383" /><F120/><W131/><G131/><T100/><D100/><U25/><E25/><V69/><F115/><W128/><G128/><T127/><D127/><U74/><E74/><V88/><F102/><W124/><G124/><T130/><D130/><U33/><E33/><V7/><F101/><W84/><G71/><T89/><D89/><U123/><E123/><V43/><F88/><W92/><G31/><T47/><D47/><U83/><E83/><V72/><F69/><W67/><G67/><AGARI ba="1,0" hai="8,10,13,15,18,19,59,61,67,85,86,87,96,99" machi="67" ten="40,3900,0" yaku="9,1,8,1" doraHai="37" who="1" fromWho="3" sc="370,0,311,42,189,0,130,-42" /><INIT seed="1,2,0,5,0,89" ten="370,353,189,88" oya="1" hai0="20,19,77,63,10,24,84,88,64,121,122,124,131" hai1="17,125,69,116,1,2,102,94,40,59,91,7,129" hai2="68,8,98,103,113,60,0,101,117,93,71,97,33" hai3="70,27,30,58,107,18,21,23,22,85,130,56,123"/><U99/><E116/><V32/><F117/><W13/><G70/><T108/><D108/><U3/><E69/><V115/><F8/><W110/><G123/><N who="0" m="47115" /><D131/><U35/><E35/><V65/><F0/><W26/><G107/><T42/><D77/><U47/><E129/><V45/><F45/><W36/><G36/><T114/><D114/><N who="2" m="43530" /><F68/><W74/><G74/><T80/><D42/><U95/><E125/><V9/><F9/><W67/><G130/><T133/><D133/><U87/><E17/><V73/><F73/><W78/><G110/><T51/><D51/><U134/><E134/><V34/><F34/><W31/><REACH who="3" step="1"/><G67/><REACH who="3" ten="370,353,189,78" step="2"/><T39/><D39/><U50/><REACH who="1" step="1"/><E59/><REACH who="1" ten="370,343,189,78" step="2"/><V14/><F14/><W83/><AGARI ba="2,2" hai="13,18,21,22,23,26,27,30,31,56,58,78,83,85" machi="83" ten="30,12000,2" yaku="1,1,2,1,0,1,9,1,8,1,53,2" doraHai="89" doraHaiUra="53" who="3" fromWho="3" sc="370,-32,343,-62,189,-32,78,146" /><INIT seed="2,0,0,0,1,86" ten="338,281,157,224" oya="2" hai0="58,99,67,118,64,113,32,12,20,127,87,84,133" hai1="10,109,66,73,63,69,70,95,98,78,18,71,135" hai2="91,94,40,17,57,77,130,15,2,49,75,110,43" hai3="105,1,126,65,41,102,28,51,129,88,21,111,55"/><V54/><F2/><W68/><G1/><T23/><D113/><U37/><E37/><V90/><F130/><W60/><G129/><T92/><D32/><U114/><E114/><V47/><F110/><W117/><G117/><T131/><D131/><U9/><E78/><V50/><F43/><W3/><G3/><T120/><D120/><U119/><E73/><V8/><REACH who="2" step="1"/><F94/><REACH who="2" ten="338,281,147,224" step="2"/><W48/><G111/><T93/><D92/><U96/><E109/><V25/><F25/><W115/><G115/><T72/><D93/><U107/><E119/><V24/><F24/><W101/><G41/><T134/><D118/><U27/><E27/><V103/><F103/><W44/><G102/><T13/><D12/><U116/><E116/><V53/><F53/><W128/><G128/><T74/><D13/><U35/><E95/><V59/><F59/><W33/><G101/><T19/><D58/><U7/><E70/><V39/><F39/><W6/><G55/><T30/><D99/><U82/><E71/><V106/><F106/><W14/><G105/><T11/><D64/><U56/><E107/><V122/><F122/><W121/><G121/><T79/><D67/><U62/><E69/><V80/><AGARI ba="0,1" hai="8,15,17,40,47,49,50,54,57,75,77,80,90,91" machi="80" ten="30,11700,0" yaku="1,1,0,1,52,2,53,0" doraHai="86" doraHaiUra="26" who="2" fromWho="2" sc="338,-39,281,-39,147,127,224,-39" /><INIT seed="2,1,0,1,5,34" ten="299,242,274,185" oya="2" hai0="117,3,49,16,58,81,115,22,131,76,91,29,96" hai1="59,5,19,42,128,61,66,8,80,46,101,35,11" hai2="85,50,15,26,129,132,1,48,120,70,30,27,112" hai3="57,78,24,86,14,31,18,113,40,83,114,92,82"/><V134/><F112/><W79/><G40/><T95/><D3/><U125/><E35/><N who="2" m="20951" /><F120/><W38/><G38/><T68/><D68/><U122/><E122/><V103/><F70/><W123/><G123/><T77/><D115/><U110/><E125/><V0/><F103/><W97/><G57/><T135/><D29/><U45/><E128/><V121/><F121/><W63/><G63/><T75/><D131/><U90/><E101/><V130/><F27/><W100/><G24/><T44/><D58/><U51/><E45/><V111/><F129/><W98/><G31/><T109/><D109/><U127/><E110/><V94/><F15/><W7/><G7/><T60/><D60/><U55/><E127/><V41/><F130/><W71/><G71/><T64/><D64/><U4/><E42/><V124/><F124/><W133/><G98/><T56/><D56/><U118/><E118/><V99/><F85/><W116/><G116/><T37/><D37/><U106/><E106/><V28/><F28/><W53/><G53/><T74/><D117/><U43/><E43/><V54/><F41/><W23/><REACH who="3" step="1"/><G133/><REACH who="3" ten="299,242,274,175" step="2"/><N who="2" m="51305" /><F111/><W126/><G126/><T104/><D135/><U102/><E4/><V32/><F32/><W36/><G36/><T119/><D119/><U73/><E5/><V67/><F67/><W108/><G108/><T2/><D96/><U20/><E66/><V25/><F25/><W6/><G6/><T9/><D49/><N who="2" m="19050" /><F54/><W47/><G47/><T65/><D44/><U12/><E46/><V105/><F105/><W10/><G10/><T93/><D9/><N who="1" m="6543" /><E55/><V87/><F99/><RYUUKYOKU ba="1,1" sc="299,-15,242,-15,274,15,175,15" hai2="0,1,87,94" hai3="14,18,23,78,79,82,83,86,92,97,100,113,114" /><INIT seed="2,2,1,3,1,10" ten="284,227,289,190" oya="2" hai0="91,66,112,0,44,75,9,105,130,64,68,62,23" hai1="27,77,103,38,108,114,81,46,122,135,69,14,85" hai2="92,110,40,1,98,126,51,65,47,13,132,63,26" hai3="72,67,107,88,56,73,119,22,30,32,131,128,58"/><V70/><F126/><W102/><G32/><T21/><D112/><U118/><E114/><V78/><F132/><W115/><G115/><T53/><D75/><U19/><E118/><V6/><F1/><W76/><G119/><T93/><D105/><U48/><E38/><V41/><F110/><W95/><G30/><T57/><D66/><U4/><E69/><V29/><F78/><W83/><G22/><T50/><D130/><N who="3" m="49705" /><G67/><T89/><D89/><U87/><E122/><V90/><F41/><W99/><G72/><T123/><D123/><U18/><E135/><V125/><F125/><W133/><G133/><T34/><D34/><U5/><E108/><V101/><F101/><W7/><G7/><T127/><D127/><U120/><E103/><V80/><F80/><W117/><G117/><T134/><D134/><U124/><E124/><V59/><F70/><W39/><G39/><T96/><D0/><U3/><E3/><V43/><F43/><W33/><G33/><T36/><D9/><N who="1" m="4391" /><E5/><V116/><F116/><W11/><G11/><T15/><D15/><U86/><E120/><V60/><F6/><W28/><G28/><T45/><D45/><U16/><E27/><V24/><F13/><W61/><G61/><N who="2" m="23625" /><F29/><W54/><G54/><AGARI ba="2,1" hai="16,18,19,46,48,54,77,81,85,86,87" m="4391" machi="54" ten="30,3900,0" yaku="8,1,52,1,54,1" doraHai="10" who="1" fromWho="3" sc="284,0,227,55,289,0,190,-45" /><INIT seed="3,0,0,3,3,73" ten="284,282,289,145" oya="3" hai0="107,109,22,116,26,91,67,45,110,1,14,29,36" hai1="112,84,90,134,30,18,78,46,44,42,75,11,49" hai2="60,47,41,81,64,88,76,55,89,123,97,93,104" hai3="100,56,120,130,15,25,16,129,43,51,33,82,71"/><W9/><G120/><T87/><D1/><U34/><E112/><V102/><F123/><W79/><G71/><T98/><D116/><U101/><E134/><V63/><F55/><W21/><G33/><T3/><D3/><U122/><E122/><V72/><F64/><W115/><G115/><T57/><D14/><U59/><E34/><V103/><F89/><W108/><G100/><T86/><D36/><U99/><E30/><V131/><F131/><N who="3" m="50187" /><G108/><N who="0" m="41579" /><D45/><U69/><E69/><V92/><F92/><W62/><G43/><T94/><D107/><U38/><E59/><V31/><F31/><W125/><G125/><T10/><D10/><U68/><E68/><V37/><F103/><W12/><G9/><T74/><D74/><U19/><E11/><V126/><F126/><W20/><G51/><T4/><D4/><U35/><E35/><V124/><F124/><W23/><G12/><T105/><D105/><U96/><E101/><V61/><F63/><AGARI ba="0,0" hai="22,26,29,57,63,67,86,87,91,94,98" m="41579" machi="63" ten="30,1000,0" yaku="14,1" doraHai="73" who="0" fromWho="2" sc="284,10,282,0,289,-10,145,0" /><INIT seed="4,0,0,2,3,118" ten="294,282,279,145" oya="0" hai0="13,131,117,23,14,68,40,27,82,108,6,45,66" hai1="24,48,115,113,84,114,123,60,130,11,18,80,61" hai2="126,8,39,87,127,89,0,81,94,91,28,36,107" hai3="121,97,86,112,37,22,2,1,134,96,105,124,63"/><T104/><D117/><U52/><E123/><V25/><F107/><W106/><G63/><T69/><D104/><N who="3" m="40041" /><G22/><T78/><D131/><U20/><E11/><V9/><F9/><W90/><G37/><T34/><D34/><U33/><E33/><V83/><F8/><W77/><G2/><T59/><D108/><U128/><E60/><V88/><F0/><W65/><G65/><T10/><D14/><U64/><E52/><V100/><F83/><N who="3" m="47471" /><G1/><T56/><D68/><N who="1" m="41999" /><E48/><V4/><F4/><W30/><G30/><T135/><D135/><U50/><E50/><V95/><F100/><W125/><G134/><T44/><D69/><U111/><E111/><V12/><F12/><W67/><G67/><T53/><D66/><U132/><E132/><V122/><F122/><W47/><G47/><N who="0" m="17995" /><D53/><U19/><E19/><V55/><F55/><W72/><G72/><T93/><D40/><U16/><E18/><V133/><F133/><W35/><G35/><T51/><D51/><U7/><E7/><V49/><F49/><W98/><G121/><T58/><D23/><U129/><E129/><V99/><F36/><W38/><G38/><T5/><D5/><U74/><E74/><V102/><F39/><W70/><G70/><T92/><D27/><U42/><E42/><V76/><REACH who="2" step="1"/><F95/><REACH who="2" ten="294,282,269,145" step="2"/><N who="3" m="56439" /><G112/><T109/><D109/><U41/><E41/><V32/><AGARI ba="0,1" hai="25,28,32,76,81,87,88,89,91,94,99,102,126,127" machi="32" ten="30,4000,0" yaku="1,1,0,1,54,1,53,0" doraHai="118" doraHaiUra="120" who="2" fromWho="2" sc="294,-20,282,-10,269,50,145,-10" owari="274,7.4,272,-12.8,319,41.9,135,-36.5" /></mjloggm>