<mjloggm ver="2.3"><GO type="225" lobby="0"/><UN n0="%E5%A4%96%E5%B7%9D%E7%AB%9C%E6%88%90" n1="%E3%83%8F%E3%82%AC%E3%82%BF%E3%82%AB%E3%81%AE%E3%81%88%E3%81%98%E3%81%8D" n2="%E4%B8%89%E6%A7%93%E5%AD%90" n3="%6D%75%75%6D%75%72%61" dan="16,16,16,16" rate="2127.12,2156.42,2038.43,2196.45" sx="M,M,F,F"/><TAIKYOKU oya="0"/><INIT seed="0,0,0,2,3,6" ten="250,250,250,250" oya="0" hai0="9,22,119,41,36,44,51,60,35,103,92,71,129" hai1="26,116,7,50,86,82,8,115,68,10,23,25,125" hai2="78,40,102,45,5,21,110,134,108,126,106,64,83" hai3="63,12,76,98,100,135,28,96,17,123,24,2,47"/><T130/><D35/><U84/><E116/><V14/><F64/><W49/><G135/><T112/><D119/><U4/><E68/><V53/><F53/><W62/><G2/><T107/><D107/><U95/><E125/><V3/><F3/><W13/><G76/><T56/><D112/><U46/><E95/><V124/><F106/><W69/><G123/><T79/><D79/><N who="1" m="46175" /><E86/><N who="2" m="48503" /><F102/><W77/><G77/><T127/><D22/><U39/><E39/><V59/><F59/><W32/><G69/><T85/><D85/><U80/><E80/><V114/><F114/><W19/><G63/><T58/><D92/><U43/><E115/><V74/><F74/><W97/><G62/><T122/><D103/><U72/><E72/><V20/><F20/><W73/><G73/><T104/><D104/><U113/><E113/><V31/><F31/><W1/><G1/><T101/><D101/><U61/><E61/><V34/><F34/><W88/><G100/><T120/><D127/><N who="2" m="48682" /><F134/><W121/><G121/><N who="0" m="46699" /><D71/><U89/><E89/><V128/><F128/><N who="0" m="49258" /><D60/><U15/><E23/><V105/><F105/><W81/><G88/><T109/><D109/><U57/><E57/><N who="0" m="22121" /><D36/><U93/><E93/><V11/><F21/><W133/><G133/><T118/><D118/><U91/><E91/><V132/><F132/><W67/><G81/><T18/><D18/><N who="3" m="6665" /><G67/><T75/><D75/><U117/><E117/><V55/><F110/><W29/><G29/><T70/><D70/><U65/><E65/><V16/><F108/><W52/><G32/><T27/><D27/><U99/><E99/><V94/><F94/><RYUUKYOKU ba="0,0" sc="250,10,250,10,250,-30,250,10" hai0="9,41,44,51" hai1="4,7,8,10,15,25,26,43,46,50" hai3="12,13,24,28,47,49,52,96,97,98" /><INIT seed="0,1,0,0,4,14" ten="260,260,220,260" oya="0" hai0="66,109,68,83,123,80,4,69,94,0,54,103,63" hai1="25,100,5,18,31,46,26,115,131,19,35,78,32" hai2="93,23,30,9,16,40,7,12,86,101,127,6,71" hai3="117,73,133,48,17,114,72,126,24,15,116,13,29"/><T85/><D123/><U34/><E78/><V77/><F127/><W22/><G114/><T38/><D69/><U1/><E100/><V99/><F71/><W59/><G126/><T60/><D38/><U135/><E46/><V102/><F102/><W62/><G133/><T111/><D4/><U65/><E65/><V91/><F77/><W20/><G48/><T8/><D0/><U125/><E125/><V128/><F128/><W96/><G96/><N who="0" m="59799" /><D8/><N who="1" m="2095" /><E135/><V121/><F40/><W50/><G50/><T134/><D134/><U92/><E92/><N who="2" m="58599" /><F121/><W108/><G108/><N who="0" m="41547" /><D85/><U56/><E56/><AGARI ba="1,0" hai="54,56,60,63,66,68,80,83" m="41547,59799" machi="56" ten="30,2900,0" yaku="14,1,10,1" doraHai="14" who="0" fromWho="1" sc="260,32,260,-32,220,0,260,0" /><INIT seed="0,2,0,2,1,114" ten="292,228,220,260" oya="0" hai0="110,91,135,5,55,122,96,10,30,15,119,54,23" hai1="87,70,130,63,77,73,82,92,88,80,71,57,100" hai2="61,39,34,48,125,112,18,46,2,40,42,22,52" hai3="90,16,47,78,4,12,103,79,9,117,111,27,74"/><T32/><D122/><U106/><E130/><V45/><F112/><W86/><G117/><T58/><D119/><U101/><E82/><V56/><F2/><W36/><G74/><T29/><D135/><U120/><E120/><V109/><F34/><W51/><G111/><T127/><D127/><U83/><E83/><V129/><F109/><W116/><G36/><T17/><D32/><U13/><E13/><V123/><F129/><W118/><G103/><T25/><D110/><U60/><E60/><V99/><F99/><W33/><G79/><T38/><D38/><U85/><E85/><V115/><F115/><W50/><G78/><T6/><D6/><U65/><REACH who="1" step="1"/><E101/><REACH who="1" ten="292,218,220,260" step="2"/><V124/><REACH who="2" step="1"/><F123/><REACH who="2" ten="292,218,210,260" step="2"/><W104/><G118/><T89/><D96/><AGARI ba="2,2" hai="57,63,65,70,71,73,77,80,87,88,92,96,100,106" machi="96" ten="40,8000,1" yaku="1,1,2,1,24,2,54,1,53,0" doraHai="114" doraHaiUra="0" who="1" fromWho="0" sc="292,-86,218,106,210,0,260,0" /><INIT seed="1,0,0,3,2,62" ten="206,324,210,260" oya="1" hai0="34,24,32,81,78,59,5,11,101,66,6,70,119" hai1="49,10,80,18,37,82,27,48,3,84,115,26,130" hai2="31,120,60,72,12,97,42,43,88,105,104,35,16" hai3="135,2,46,132,41,96,17,29,100,108,128,52,57"/><U55/><E115/><V22/><F120/><W98/><G108/><T93/><D119/><U23/><E37/><V58/><F72/><W39/><G128/><T4/><D70/><U89/><E130/><V75/><F75/><W87/><G2/><T74/><D11/><U123/><E123/><V83/><F35/><W131/><G131/><T20/><D101/><U102/><E102/><V40/><F31/><W7/><G7/><T21/><D93/><U9/><E3/><V124/><F124/><W69/><G69/><T28/><REACH who="0" step="1"/><D34/><REACH who="0" ten="196,324,210,260" step="2"/><U63/><E9/><V113/><F113/><W126/><G100/><T36/><D36/><U61/><E10/><V90/><F83/><W50/><G39/><T114/><D114/><U76/><E82/><V107/><REACH who="2" step="1"/><F97/><REACH who="2" ten="196,324,200,260" step="2"/><W116/><G98/><T30/><D30/><U111/><E80/><V118/><F118/><W129/><G116/><T47/><D47/><U45/><E45/><V86/><F86/><W54/><G29/><T85/><D85/><U99/><E84/><V73/><F73/><W44/><G96/><T92/><D92/><U95/><E99/><V14/><F14/><W53/><G129/><T122/><D122/><U133/><E95/><V65/><AGARI ba="0,2" hai="12,16,22,40,42,43,58,60,65,88,90,104,105,107" machi="65" ten="40,12000,2" yaku="1,1,0,1,52,1,54,2,53,1" doraHai="62" doraHaiUra="19" who="2" fromWho="2" sc="196,-30,324,-60,200,140,260,-30" /><INIT seed="2,0,0,5,3,77" ten="166,264,340,230" oya="2" hai0="0,108,16,115,82,97,51,76,83,114,44,116,104" hai1="100,17,61,1,38,66,117,132,58,46,134,57,18" hai2="31,64,28,75,88,135,32,41,9,2,37,125,123" hai3="71,40,21,36,13,12,103,67,4,49,124,79,94"/><V30/><F123/><W22/><G36/><T43/><D0/><U91/><E1/><V56/><F75/><W126/><G71/><T120/><D120/><U105/><E117/><V107/><F107/><W62/><G79/><T90/><D116/><U47/><E91/><V5/><F135/><N who="1" m="51753" /><E58/><V68/><F68/><W70/><G40/><T19/><D108/><U87/><E87/><V29/><F125/><N who="3" m="48235" /><G49/><T14/><D19/><N who="1" m="7179" /><E38/><V7/><F7/><W59/><G70/><T52/><D43/><U85/><E85/><V73/><F73/><W54/><G54/><T128/><D128/><U63/><E63/><V8/><F56/><W133/><G133/><T65/><D65/><U119/><E119/><V53/><F53/><W23/><G4/><T11/><D104/><U89/><E89/><V74/><F64/><W72/><G72/><N who="0" m="43271" /><D97/><AGARI ba="0,0" hai="46,47,57,61,66,97,100,105" m="7179,51753" machi="97" ten="30,1000,0" yaku="20,1" doraHai="77" who="1" fromWho="0" sc="166,-10,264,10,340,0,230,0" /><AGARI ba="0,0" hai="12,13,21,22,23,59,62,67,94,97,103" m="48235" machi="97" ten="30,1000,0" yaku="18,1" doraHai="77" who="3" fromWho="0" sc="156,-10,274,0,340,0,230,10" /><INIT seed="3,0,0,1,4,90" ten="146,274,340,240" oya="3" hai0="69,107,31,7,126,15,78,84,79,111,133,75,26" hai1="32,37,105,127,22,122,100,131,58,87,16,25,89" hai2="66,120,63,54,57,8,88,106,10,134,47,68,74" hai3="116,36,123,13,12,83,112,41,61,96,21,55,80"/><W91/><G112/><T20/><D69/><U71/><E71/><V56/><F134/><W103/><G116/><T3/><D107/><U51/><E122/><V23/><F120/><W85/><G123/><T50/><D50/><U0/><E37/><V110/><F110/><W33/><G33/><T45/><D45/><U60/><E0/><V98/><F74/><W109/><G109/><T46/><D46/><U14/><E127/><V1/><F47/><W18/><G36/><T35/><D75/><U62/><E131/><V34/><F34/><W86/><G41/><T40/><D40/><U42/><E100/><V44/><F44/><W52/><G12/><T30/><D111/><U125/><E105/><V128/><F128/><W132/><G61/><T118/><D118/><U82/><E125/><V124/><F124/><W28/><G28/><T9/><D126/><U117/><E117/><V17/><F1/><W6/><G6/><T49/><D49/><U130/><E130/><V114/><F114/><W48/><G132/><T95/><D133/><U65/><E60/><V93/><F106/><W97/><G103/><T4/><D4/><U129/><E129/><V76/><F76/><N who="3" m="46215" /><G55/><T121/><D121/><U104/><E104/><V38/><F38/><W19/><G19/><N who="0" m="10367" /><D31/><N who="1" m="19567" /><E51/><N who="2" m="30815" /><F68/><W70/><G70/><T67/><D67/><U53/><E65/><V92/><F92/><W102/><G102/><T94/><D84/><U43/><E43/><V108/><F108/><W27/><G48/><T39/><D39/><U119/><E42/><V113/><F113/><W115/><G115/><T24/><D24/><AGARI ba="0,0" hai="8,10,17,23,24,57,63,66,88,93,98" m="30815" machi="24" ten="30,7700,0" yaku="6,1,8,1,52,1,54,1" doraHai="90" who="2" fromWho="0" sc="146,-77,274,0,340,77,240,0" owari="69,-43.1,274,7.4,417,51.7,240,-16.0" /></mjloggm>