<mjloggm ver="2.3"><GO type="225" lobby="0"/><UN n0="%E5%8F%AF%E5%85%90%E9%82%A3%E7%94%B1%E5%A4%9A" n1="%E3%81%8B%E3%82%8F%E3%81%A1%E3%82%83%E3%82%93%35%38" n2="%72%61%6B%33" n3="%72%69%6F%75%63%68%61%6E" dan="17,17,16,17" rate="2189.47,2133.27,2116.70,2156.20" sx="F,M,M,M"/><TAIKYOKU oya="0"/><INIT seed="0,0,0,5,1,82" ten="250,250,250,250" oya="0" hai0="81,5,100,15,91,33,29,79,84,23,83,28,123" hai1="113,13,45,70,55,124,16,116,68,44,89,109,65" hai2="59,30,99,121,22,11,93,27,75,21,122,26,134" hai3="69,8,85,6,0,131,74,48,120,54,25,119,52"/><T10/><D123/><U80/><E116/><V130/><F75/><W78/><G119/><T43/><D33/><U129/><E109/><V108/><F108/><W77/><G120/><T24/><D100/><U7/><E129/><V51/><F130/><W103/><G131/><T39/><D39/><U14/><E124/><V2/><F134/><W90/><G69/><T57/><D43/><U49/><E113/><V135/><F135/><W19/><G103/><T117/><D117/><U4/><E68/><V102/><F51/><W133/><G133/><T58/><REACH who="0" step="1"/><D29/><REACH who="0" ten="240,250,250,250" step="2"/><U111/><E111/><V95/><F122/><W56/><G74/><AGARI ba="0,1" hai="5,10,15,23,24,28,57,58,74,79,81,83,84,91" machi="74" ten="30,11600,0" yaku="1,1,2,1,7,1,52,1,53,0" doraHai="82" doraHaiUra="115" who="0" fromWho="3" sc="240,126,250,0,250,0,250,-116" /><INIT seed="0,1,0,2,2,122" ten="366,250,250,134" oya="0" hai0="14,100,28,34,32,82,17,131,48,101,15,73,23" hai1="81,93,124,127,0,123,25,120,83,106,11,85,56" hai2="59,51,70,42,102,91,40,4,92,114,33,30,47" hai3="95,24,36,21,55,90,41,12,78,128,38,80,133"/><T6/><D131/><U54/><E106/><V134/><F70/><W87/><G133/><T57/><D28/><U119/><E119/><V86/><F134/><W19/><G128/><T44/><D57/><U126/><E93/><V132/><F132/><W31/><G41/><T58/><D58/><U94/><E94/><V3/><F114/><W26/><G55/><T65/><D65/><U104/><E104/><V107/><F3/><W72/><REACH who="3" step="1"/><G24/><REACH who="3" ten="366,250,250,124" step="2"/><T76/><D34/><AGARI ba="1,1" hai="12,19,21,26,31,34,36,38,72,78,80,87,90,95" machi="34" ten="30,3900,0" yaku="1,1,2,1,7,1,53,0" doraHai="122" doraHaiUra="125" who="3" fromWho="0" sc="366,-42,250,0,250,0,124,52" /><INIT seed="1,0,0,1,4,28" ten="324,250,250,176" oya="1" hai0="5,35,24,115,12,92,61,75,18,11,117,134,67" hai1="82,107,29,105,52,65,9,25,64,74,13,0,102" hai2="54,120,104,44,30,60,125,99,72,22,114,80,124" hai3="97,128,89,53,34,77,83,87,17,100,131,98,41"/><U63/><E0/><V16/><F120/><W95/><G41/><T21/><D115/><U93/><E105/><V39/><F114/><W106/><G17/><T10/><D117/><U57/><E107/><V36/><F30/><W26/><REACH who="3" step="1"/><G53/><REACH who="3" ten="324,250,250,166" step="2"/><T40/><D40/><U38/><E38/><V94/><F54/><W46/><G46/><T33/><D134/><U129/><E129/><V86/><F44/><W15/><G15/><T103/><D11/><U70/><E70/><V49/><F39/><W31/><AGARI ba="0,1" hai="26,31,34,77,83,87,89,95,97,98,100,106,128,131" machi="31" ten="30,4000,0" yaku="1,1,0,1,52,1,53,0" doraHai="28" doraHaiUra="122" who="3" fromWho="3" sc="324,-10,250,-20,250,-10,166,50" /><INIT seed="2,0,0,3,4,80" ten="314,230,240,216" oya="2" hai0="67,107,130,72,38,66,126,37,26,57,4,18,58" hai1="101,99,54,115,8,34,133,31,90,111,84,63,12" hai2="89,114,13,23,27,35,93,116,15,131,76,88,96" hai3="70,79,85,127,20,52,94,78,95,50,87,9,82"/><V119/><F114/><W118/><G118/><T134/><D72/><U73/><E73/><V0/><F0/><W104/><G70/><T86/><D107/><U14/><E115/><V10/><F131/><W7/><G104/><T51/><D4/><U42/><E42/><V122/><F122/><W45/><G127/><T60/><D126/><U108/><E133/><V25/><F76/><W103/><G20/><T135/><D130/><U117/><E117/><V55/><F35/><W22/><G22/><N who="0" m="13655" /><D86/><N who="3" m="32777" /><G82/><T40/><D67/><U124/><E124/><V120/><F120/><W44/><G44/><N who="0" m="25991" /><D57/><N who="1" m="35255" /><E31/><V112/><F112/><W11/><G95/><T97/><D97/><U48/><E8/><N who="3" m="3146" /><G7/><T24/><D24/><U83/><E34/><V106/><F106/><W91/><G103/><T74/><D74/><U56/><E101/><V92/><F10/><W3/><G3/><T46/><D46/><U29/><E29/><V49/><F23/><W33/><G33/><T125/><D125/><U68/><E68/><V71/><F71/><W65/><G65/><T17/><D17/><U75/><E75/><V109/><F119/><W19/><G19/><T121/><D121/><U21/><E21/><V36/><F116/><W81/><G81/><T64/><D64/><U105/><E105/><V2/><F2/><W28/><G28/><T5/><D5/><U39/><E39/><V98/><F36/><N who="0" m="13930" /><D135/><U100/><E100/><V32/><F32/><W53/><G53/><T30/><D30/><U6/><E6/><V61/><F55/><W16/><G16/><T132/><D132/><U69/><E69/><RYUUKYOKU ba="0,0" sc="314,15,230,-15,240,-15,216,15" hai0="58,60,66,134" hai3="45,50,52,78,79,91,94" /><INIT seed="3,1,0,2,3,128" ten="329,215,225,231" oya="3" hai0="109,25,51,65,60,44,117,50,106,45,14,107,28" hai1="40,66,34,27,0,95,13,80,124,55,103,6,104" hai2="135,64,35,112,101,70,21,110,129,99,4,125,119" hai3="108,39,41,98,111,76,30,116,86,127,17,1,93"/><W81/><G116/><T62/><D117/><U132/><E0/><V84/><F21/><W26/><G127/><T122/><D122/><U114/><E114/><V123/><F84/><W88/><G1/><T16/><D109/><N who="3" m="42057" /><G17/><T32/><D50/><U42/><E104/><V63/><F4/><W9/><G9/><T33/><D33/><U54/><E34/><V71/><F99/><W83/><G41/><N who="1" m="15978" /><E124/><V7/><F7/><W113/><G39/><T47/><D51/><U82/><E66/><V57/><F64/><W56/><G56/><T89/><D89/><U23/><E132/><V79/><F57/><W20/><G81/><N who="1" m="31338" /><E95/><V73/><F70/><W31/><G30/><T120/><D120/><U102/><E13/><V46/><F123/><W75/><G113/><T118/><D118/><U105/><E105/><V91/><F112/><W3/><G3/><T92/><D28/><N who="1" m="17535" /><E6/><V72/><F125/><W22/><G22/><T69/><D69/><U38/><E38/><V48/><F119/><W2/><G2/><T15/><D44/><U24/><E24/><V94/><F35/><W58/><G58/><T87/><D45/><U11/><E11/><V67/><F110/><W8/><G8/><T121/><D47/><U115/><E115/><V130/><F129/><W59/><G59/><T126/><D16/><U97/><E97/><AGARI ba="1,0" hai="20,26,31,75,76,83,86,88,93,97,98" m="42057" machi="97" ten="30,5800,0" yaku="14,1,10,1,54,1" doraHai="128" who="3" fromWho="1" sc="329,0,215,-61,225,0,231,61" /><INIT seed="3,2,0,4,2,37" ten="329,154,225,292" oya="3" hai0="96,5,131,20,115,14,12,108,94,66,46,76,104" hai1="133,128,102,13,113,2,107,27,3,125,39,55,78" hai2="41,28,123,134,114,109,130,60,97,17,53,87,16" hai3="127,10,69,75,73,90,30,54,65,91,135,61,129"/><W24/><G129/><T44/><D108/><U119/><E78/><V63/><F114/><W120/><G120/><T32/><D32/><U79/><E79/><V70/><F109/><W31/><G31/><T18/><D131/><U50/><E39/><V121/><F134/><W15/><G135/><T40/><D104/><U93/><E133/><V0/><F0/><W98/><G127/><T35/><D35/><U52/><E113/><V89/><F130/><W111/><G111/><T122/><D122/><U58/><E128/><V26/><F97/><W117/><G117/><T59/><D76/><U82/><E107/><V4/><F4/><W126/><G126/><T100/><D115/><U22/><E125/><V124/><F124/><W36/><G36/><T51/><D46/><U1/><E82/><V7/><F7/><W42/><G42/><T84/><D84/><U56/><E119/><V38/><F63/><W92/><G54/><T95/><D95/><U9/><E93/><V101/><F101/><W49/><G49/><T83/><D83/><U68/><E68/><V62/><F70/><W47/><G47/><T64/><D59/><N who="1" m="22571" /><E102/><V34/><F123/><W81/><G91/><T80/><D80/><U45/><E55/><V8/><F53/><W105/><G81/><T33/><D33/><U25/><E22/><V118/><F121/><W67/><G67/><T57/><D57/><U72/><E72/><V23/><F118/><W77/><G77/><T103/><D103/><U86/><E86/><V85/><F38/><W43/><G73/><T21/><D21/><U116/><E116/><RYUUKYOKU ba="2,0" sc="329,15,154,15,225,-15,292,-15" hai0="5,12,14,18,20,40,44,51,64,66,94,96,100" hai1="1,2,3,9,13,25,27,45,50,52" owari="344,44.4,169,-33.1,210,-19.0,277,7.7" /></mjloggm>