<mjloggm ver="2.3"><GO type="225" lobby="0"/><UN n0="%38%63%E3%81%AF%E3%81%A3%E3%81%97%E3%83%BC" n1="%E5%B0%8F%E9%B3%A5%E9%81%8A%E7%B7%B4%E7%84%A1%32%31%E6%AD%B3" n2="%72%65%6E%6B%75%6E" n3="%E6%A1%9C%E8%8A%B1%E9%96%83%E3%80%85" dan="16,16,17,16" rate="2122.32,2197.08,2254.27,2068.64" sx="M,F,M,M"/><TAIKYOKU oya="0"/><INIT seed="0,0,0,0,2,87" ten="250,250,250,250" oya="0" hai0="130,35,71,88,13,5,114,133,60,46,67,117,44" hai1="100,28,6,59,10,16,75,116,107,17,72,45,74" hai2="24,135,126,128,37,4,43,123,20,104,51,93,49" hai3="25,112,85,89,21,76,120,23,94,97,33,62,54"/><T58/><D117/><U15/><E116/><V11/><F104/><W3/><G112/><T99/><D114/><U48/><E59/><V8/><F123/><W19/><G3/><T66/><D35/><U82/><E28/><V69/><F69/><W39/><G39/><T57/><D133/><U111/><E111/><V84/><F135/><W127/><G127/><T102/><D130/><U42/><E100/><V108/><F108/><W131/><G131/><T56/><D67/><U29/><E107/><V121/><F121/><W119/><G33/><T31/><D31/><U109/><E109/><V98/><F126/><W7/><G7/><T105/><D5/><U34/><REACH who="1" step="1"/><E82/><REACH who="1" ten="250,240,250,250" step="2"/><V65/><F128/><W53/><G119/><T110/><D110/><U86/><E86/><V77/><F65/><W12/><G120/><T26/><D26/><AGARI ba="0,1" hai="6,10,15,16,17,26,29,34,42,45,48,72,74,75" machi="26" ten="40,5200,0" yaku="1,1,54,1,53,1" doraHai="87" doraHaiUra="41" who="1" fromWho="0" sc="250,-52,240,62,250,0,250,0" /><INIT seed="1,0,0,0,1,79" ten="198,302,250,250" oya="1" hai0="89,35,90,6,101,103,109,115,48,78,20,132,72" hai1="75,80,82,49,96,126,125,27,119,92,26,4,51" hai2="12,47,30,99,23,62,46,59,21,73,40,16,5" hai3="114,10,31,74,100,57,58,3,61,66,118,94,105"/><U37/><E37/><V24/><F73/><W50/><G114/><T71/><D35/><U15/><E75/><V110/><F110/><W53/><G118/><T111/><D71/><U56/><E119/><V69/><F69/><W120/><G120/><T127/><D6/><U67/><E67/><V117/><F117/><W83/><G105/><T70/><D20/><U8/><E125/><V55/><F5/><W11/><G31/><T9/><D9/><U102/><E126/><V88/><F40/><W38/><G38/><T41/><D48/><N who="1" m="18507" /><E56/><V86/><REACH who="2" step="1"/><F99/><REACH who="2" ten="198,302,240,250" step="2"/><N who="3" m="59511" /><G3/><T63/><D111/><U93/><E93/><AGARI ba="0,1" hai="12,16,21,23,24,30,46,47,55,59,62,86,88,93" machi="93" ten="30,8000,1" yaku="1,1,7,1,8,1,54,2,53,0" doraHai="79" doraHaiUra="65" who="2" fromWho="1" sc="198,0,302,-80,240,90,250,0" /><INIT seed="2,0,0,5,3,41" ten="198,222,330,250" oya="2" hai0="61,72,87,24,75,78,86,18,109,4,46,48,28" hai1="124,98,38,130,66,90,83,119,47,23,39,19,56" hai2="123,63,53,34,57,127,31,81,6,65,133,79,110" hai3="105,10,52,89,108,84,11,95,40,29,82,102,62"/><V49/><F123/><W69/><G108/><T101/><D109/><U77/><E119/><V80/><F110/><W120/><G120/><T7/><D101/><U131/><E124/><V43/><F127/><W44/><G105/><T112/><D112/><U42/><E38/><V116/><F116/><W20/><G69/><T121/><D18/><U134/><E134/><V126/><F133/><W70/><G70/><T51/><D61/><U100/><E90/><V3/><F43/><W27/><G82/><T97/><D97/><U125/><E125/><V91/><F91/><W37/><REACH who="3" step="1"/><G102/><REACH who="3" ten="198,222,330,240" step="2"/><T12/><D121/><U45/><E100/><V99/><F81/><W17/><G17/><T33/><D7/><U26/><E131/><V129/><F80/><W122/><G122/><T36/><D4/><U113/><E130/><V0/><F6/><W2/><G2/><T30/><D30/><U25/><E83/><V132/><F3/><W15/><G15/><T111/><D12/><U73/><E73/><V71/><F0/><W14/><G14/><T107/><D107/><U32/><E19/><V96/><F126/><W59/><AGARI ba="0,1" hai="10,11,20,27,29,37,40,44,52,59,62,84,89,95" machi="59" ten="30,12000,2" yaku="1,1,0,1,52,1,54,1,53,2" doraHai="41" doraHaiUra="5" who="3" fromWho="3" sc="198,-30,222,-30,330,-60,240,130" /><INIT seed="3,0,0,3,4,0" ten="168,192,270,370" oya="3" hai0="52,2,22,77,132,70,131,64,94,36,122,123,84" hai1="68,85,9,101,86,27,113,76,104,62,20,18,41" hai2="90,37,47,88,125,87,127,55,4,15,10,97,61" hai3="106,58,31,121,71,134,96,107,46,16,11,63,21"/><W66/><G121/><T53/><D36/><U114/><E41/><N who="2" m="22959" /><F97/><W7/><G134/><T78/><D132/><U24/><E24/><V69/><F87/><W65/><G31/><T14/><D2/><U89/><E76/><V133/><F133/><W108/><G46/><T111/><D111/><U95/><E104/><V39/><F39/><W98/><G108/><T26/><D131/><U110/><E101/><V54/><F69/><W43/><G43/><T72/><D72/><U100/><E100/><V13/><F13/><N who="3" m="5375" /><G71/><T42/><D42/><U32/><E110/><V33/><F33/><W34/><G34/><T28/><D122/><U105/><E105/><V40/><F40/><W44/><G44/><T102/><D123/><U51/><E32/><V130/><F130/><W79/><G66/><T80/><D77/><U35/><E35/><V99/><F99/><W17/><G17/><T103/><D64/><U128/><E128/><V48/><F61/><W116/><G98/><N who="0" m="59735" /><D70/><U25/><E25/><V91/><F48/><W74/><G96/><T83/><D103/><U93/><E51/><V59/><F59/><W115/><G58/><T5/><D80/><U112/><E9/><AGARI ba="0,0" hai="5,9,14,22,26,28,52,53,78,83,84" m="59735" machi="9" ten="30,3900,0" yaku="8,1,52,1,54,1" doraHai="0" who="0" fromWho="1" sc="168,39,192,-39,270,0,370,0" owari="207,-19.3,153,-34.7,270,7.0,370,47.0" /></mjloggm>