<mjloggm ver="2.3"><GO type="225" lobby="0"/><UN n0="%E3%81%8B%E3%82%8F%E3%81%A1%E3%82%83%E3%82%93%35%38" n1="%E3%81%BF%E3%81%BF%E3%81%9A" n2="%E3%83%97%E3%83%AC%E3%83%B4%E3%82%A1%E3%83%86%E3%82%A3" n3="%53%61%63%68%69%30%34" dan="17,17,16,16" rate="2213.02,2191.86,2096.67,2079.59" sx="M,M,F,M"/><TAIKYOKU oya="0"/><INIT seed="0,0,0,3,2,61" ten="250,250,250,250" oya="0" hai0="60,77,54,47,116,43,34,58,73,0,35,64,2" hai1="113,31,93,62,68,28,42,13,51,56,128,91,78" hai2="36,33,23,94,16,118,74,112,69,48,110,46,18" hai3="6,85,122,38,125,4,87,82,70,105,25,53,3"/><T99/><D116/><U75/><E128/><V97/><F112/><W79/><G105/><T117/><D117/><U86/><E113/><V59/><F33/><W100/><G70/><T14/><D35/><U81/><E68/><V83/><F118/><W57/><G38/><T135/><D34/><U126/><E126/><V20/><F69/><W17/><G125/><T71/><D135/><U44/><REACH who="1" step="1"/><E13/><REACH who="1" ten="250,240,250,250" step="2"/><V76/><F110/><W24/><G3/><T66/><D0/><U123/><E123/><V120/><F120/><W95/><G122/><T115/><D2/><U104/><E104/><V26/><F36/><W21/><G25/><T41/><D115/><U50/><E50/><V133/><F133/><W80/><G24/><T39/><D71/><U32/><E32/><V108/><F108/><W8/><G4/><T121/><D121/><U22/><E22/><V67/><F23/><W114/><G21/><T19/><D14/><U103/><E103/><V92/><F18/><W124/><G6/><T89/><D39/><U40/><E40/><V109/><F109/><W63/><G124/><T29/><D43/><U10/><E10/><V55/><REACH who="2" step="1"/><F97/><REACH who="2" ten="250,240,240,250" step="2"/><W129/><G114/><T11/><D19/><U49/><E49/><V37/><F37/><W111/><G111/><T72/><D99/><U1/><E1/><V88/><F88/><N who="3" m="51239" /><G17/><T130/><D11/><U96/><E96/><V12/><F12/><W90/><G8/><T52/><D89/><U132/><E132/><V84/><F84/><N who="3" m="48223" /><G100/><T106/><D130/><U65/><AGARI ba="0,2" hai="28,31,42,44,51,56,62,65,75,78,81,86,91,93" machi="65" ten="20,5200,0" yaku="1,1,0,1,7,1,52,1,53,0" doraHai="61" doraHaiUra="102" who="1" fromWho="1" sc="250,-26,240,72,240,-13,250,-13" /><INIT seed="1,0,0,3,0,14" ten="224,312,227,237" oya="1" hai0="35,106,50,102,98,91,55,111,99,86,75,110,17" hai1="51,133,23,12,131,62,89,16,68,48,10,18,77" hai2="129,93,26,25,67,83,80,78,73,97,72,71,2" hai3="46,38,81,84,121,31,43,52,5,109,15,24,0"/><U42/><E77/><V104/><F2/><W126/><G121/><T47/><D35/><U96/><E133/><V125/><F129/><W85/><G109/><N who="0" m="41483" /><D75/><U66/><E131/><V33/><F125/><W132/><G126/><T63/><D63/><U124/><E124/><V41/><F41/><W30/><G0/><T70/><D70/><U56/><E68/><V39/><F39/><W49/><G132/><T107/><D17/><U127/><E42/><V114/><F114/><W28/><G24/><T61/><D61/><U65/><E65/><V9/><F9/><N who="3" m="4527" /><G38/><T119/><D119/><U36/><E36/><V87/><F33/><W101/><G101/><N who="0" m="62775" /><D86/><N who="3" m="33385" /><G43/><T37/><D37/><U21/><E127/><V112/><F112/><W29/><G29/><T95/><D91/><U34/><E34/><V90/><F72/><W7/><G7/><T105/><AGARI ba="0,0" hai="47,50,55,95,99,102,105,107" m="62775,41483" machi="105" ten="30,1100,0" yaku="14,1" doraHai="14" who="0" fromWho="0" sc="224,11,312,-5,227,-3,237,-3" /><INIT seed="2,0,0,4,2,114" ten="235,307,224,234" oya="2" hai0="97,5,10,133,57,65,101,91,64,9,96,51,17" hai1="73,2,36,106,3,62,47,28,119,131,50,11,111" hai2="18,58,92,8,0,72,129,16,4,33,99,126,81" hai3="54,66,82,76,59,110,135,125,79,130,86,14,48"/><V123/><F123/><W116/><G110/><T108/><D108/><U42/><E111/><V60/><F126/><W49/><G125/><T85/><D133/><U98/><E73/><V52/><F33/><W61/><G130/><T118/><D118/><U21/><E131/><V69/><F129/><W107/><G135/><T34/><D34/><U80/><E80/><V77/><REACH who="2" step="1"/><F69/><REACH who="2" ten="235,307,214,234" step="2"/><W95/><G116/><T55/><D65/><U104/><E119/><V12/><F12/><W74/><G14/><T24/><D64/><U63/><E2/><V68/><F68/><W84/><G66/><T20/><D20/><U27/><E3/><V117/><F117/><W26/><G26/><T39/><D24/><U132/><E132/><V102/><AGARI ba="0,1" hai="0,4,8,16,18,52,58,60,72,77,81,92,99,102" machi="102" ten="20,12000,1" yaku="1,1,0,1,7,1,54,2,53,0" doraHai="114" doraHaiUra="41" who="2" fromWho="2" sc="235,-40,307,-40,214,130,234,-40" /><INIT seed="2,1,0,5,2,104" ten="195,267,344,194" oya="2" hai0="88,84,8,1,64,122,62,92,28,127,45,34,129" hai1="36,40,89,66,57,83,67,61,42,107,114,53,126" hai2="102,37,20,46,48,125,81,99,119,117,58,56,87" hai3="132,106,91,97,70,124,90,50,134,26,59,101,25"/><V73/><F37/><W29/><G70/><T68/><D122/><U9/><E114/><V82/><F125/><W3/><G3/><T54/><D127/><U2/><E107/><V32/><F32/><W4/><G4/><T108/><D108/><U44/><E126/><V93/><F20/><W14/><G124/><T71/><D129/><U63/><E40/><V15/><F15/><W103/><G14/><T65/><D34/><U133/><E133/><N who="3" m="51306" /><G103/><T7/><D28/><U41/><E41/><V76/><F117/><W0/><G0/><T11/><D11/><U111/><E111/><V6/><F6/><W116/><G116/><T78/><D78/><U135/><E135/><V60/><F60/><W121/><G121/><T105/><D105/><U80/><E53/><V23/><F23/><N who="3" m="15551" /><G26/><T55/><D45/><U49/><E36/><V22/><F22/><W100/><G101/><T109/><D109/><U51/><E51/><V74/><F119/><W52/><AGARI ba="1,0" hai="50,52,59,90,91,97,100,106" m="15551,51306" machi="52" ten="30,2000,0" yaku="20,1,54,1" doraHai="104" who="3" fromWho="3" sc="195,-6,267,-6,344,-11,194,23" /><INIT seed="3,0,0,3,1,106" ten="189,261,333,217" oya="3" hai0="124,96,40,90,122,63,11,51,1,8,89,116,126" hai1="20,94,48,49,62,70,47,80,114,73,42,60,53" hai2="27,34,50,31,12,128,127,72,69,79,133,64,87" hai3="115,5,29,78,117,22,44,100,88,105,110,56,54"/><W38/><G115/><T68/><D68/><U134/><E114/><V23/><F127/><W24/><G117/><T95/><D116/><U0/><E0/><V36/><F36/><W104/><G110/><T46/><D122/><U120/><E120/><V4/><F128/><W21/><G100/><T111/><D111/><U98/><E134/><V109/><F109/><W59/><G78/><T14/><D1/><U118/><E70/><V130/><F130/><W91/><G5/><T107/><D107/><U93/><E93/><V102/><F102/><W108/><G108/><T99/><D63/><U77/><E20/><V86/><F133/><W58/><G21/><T125/><D11/><U17/><E17/><V92/><F92/><W66/><G66/><T83/><D83/><U84/><E73/><V9/><F64/><W129/><G129/><T71/><D71/><U131/><E118/><V10/><F69/><W32/><G32/><T16/><REACH who="0" step="1"/><D90/><REACH who="0" ten="179,261,333,217" step="2"/><N who="1" m="55639" /><E131/><V132/><F132/><W3/><G3/><T123/><D123/><U67/><E67/><V25/><F10/><W13/><G91/><T26/><D26/><U75/><E60/><V119/><F119/><W85/><G104/><T33/><D33/><U18/><E62/><V135/><F135/><W97/><G13/><T45/><D45/><U121/><E47/><V82/><F50/><N who="3" m="28999" /><G38/><T65/><D65/><U74/><E121/><V103/><F103/><N who="3" m="62703" /><G58/><T30/><D30/><AGARI ba="0,1" hai="4,9,12,23,25,27,30,31,34,72,79,82,86,87" machi="30" ten="30,2000,0" yaku="7,1,52,1" doraHai="106" who="2" fromWho="0" sc="179,-20,261,0,333,30,217,0" owari="159,-34.1,261,6.1,363,46.3,217,-18.3" /></mjloggm>