<mjloggm ver="2.3"><GO type="225" lobby="0"/><UN n0="%E9%9B%80%E6%A5%B5%E3%81%AE%E3%81%B8" n1="%77%72%77%72%77%72%77%72" n2="%6B%69%72%61%64%6F%6B%69" n3="%E9%B3%B3%E6%9D%B1%E3%81%AE%E3%81%86%E3%81%95%E3%81%8E%E3%81%95%E3%82%93" dan="16,17,16,17" rate="2144.64,2241.25,2068.59,2278.08" sx="M,M,M,M"/><TAIKYOKU oya="0"/><INIT seed="0,0,0,4,2,23" ten="250,250,250,250" oya="0" hai0="24,33,120,44,54,7,107,40,8,16,121,0,18" hai1="124,85,95,111,58,101,123,36,134,45,14,41,9" hai2="25,48,61,88,28,97,80,116,47,77,38,19,98" hai3="110,21,128,39,102,52,99,129,74,35,42,94,135"/><T118/><D107/><U1/><E123/><V76/><F38/><W59/><G35/><T89/><D118/><U26/><E111/><V103/><F116/><W51/><G110/><T92/><D54/><U112/><E134/><V78/><F61/><W17/><G74/><T12/><D18/><U113/><E124/><V93/><F19/><W75/><G75/><T126/><D126/><U86/><E1/><V31/><F25/><W5/><G5/><T22/><D92/><U3/><E3/><V34/><F34/><W32/><G32/><T63/><D89/><U109/><E109/><V73/><F73/><W27/><REACH who="3" step="1"/><G135/><REACH who="3" ten="250,250,250,240" step="2"/><T43/><D120/><U60/><E113/><V114/><F114/><W72/><G72/><T62/><D121/><U67/><E112/><V130/><F130/><W122/><G122/><T115/><D115/><U10/><E10/><V2/><F2/><W106/><G106/><T29/><D43/><U133/><E133/><V132/><F132/><W46/><AGARI ba="0,1" hai="17,21,27,39,42,46,51,52,59,94,99,102,128,129" machi="46" ten="30,8000,1" yaku="1,1,0,1,52,1,54,1,53,1" doraHai="23" doraHaiUra="69" who="3" fromWho="3" sc="250,-40,250,-20,250,-20,240,90" /><INIT seed="1,0,0,3,3,103" ten="210,230,230,330" oya="1" hai0="16,63,54,124,52,81,46,72,86,96,99,82,13" hai1="35,30,128,102,104,49,19,5,130,59,26,61,115" hai2="78,38,126,131,23,79,84,88,64,109,118,31,45" hai3="80,65,25,129,69,43,2,119,97,21,17,60,62"/><U1/><E115/><V47/><F118/><W105/><G119/><T44/><D124/><U56/><E19/><V42/><F126/><W41/><G2/><T98/><D72/><U22/><E35/><V9/><F109/><W4/><G4/><T110/><D110/><U15/><E1/><V87/><F131/><N who="1" m="50217" /><E49/><V133/><F133/><W117/><G117/><T68/><D68/><U57/><E102/><V90/><F64/><W100/><G129/><T0/><D0/><U93/><E93/><N who="2" m="54407" /><F38/><W3/><G3/><T40/><D82/><U34/><E104/><V135/><F135/><W6/><G6/><T108/><D108/><U121/><E121/><V67/><F67/><W76/><REACH who="3" step="1"/><G62/><REACH who="3" ten="210,230,230,320" step="2"/><T24/><D63/><U20/><E61/><V14/><F42/><W33/><G33/><T75/><D40/><U113/><E113/><V91/><F45/><W120/><G120/><T116/><D116/><U112/><E112/><V134/><F47/><W66/><G66/><T83/><D44/><U70/><E70/><V36/><F134/><W74/><AGARI ba="0,1" hai="17,21,25,41,43,60,65,69,74,76,80,97,100,105" machi="74" ten="20,8000,1" yaku="1,1,0,1,7,1,52,1,53,1" doraHai="103" doraHaiUra="12" who="3" fromWho="3" sc="210,-20,230,-40,230,-20,320,90" /><INIT seed="2,0,0,1,4,98" ten="190,190,210,410" oya="2" hai0="68,131,29,82,39,34,19,83,95,56,92,61,126" hai1="75,21,116,62,80,53,123,108,52,97,7,4,79" hai2="84,8,36,43,41,40,38,100,50,130,64,127,26" hai3="46,31,35,113,114,16,22,17,51,58,93,20,118"/><V13/><F64/><W11/><G118/><T72/><D68/><U94/><E116/><V91/><F130/><W27/><G58/><T102/><D39/><U105/><E105/><V121/><F121/><W69/><G69/><T30/><D34/><U0/><E123/><V14/><F127/><W1/><G93/><N who="0" m="35915" /><D72/><U115/><E115/><N who="3" m="44042" /><G1/><T89/><D126/><U81/><E108/><V45/><F26/><N who="3" m="14599" /><G11/><T104/><D104/><U23/><E81/><N who="0" m="30729" /><D89/><U107/><E107/><V109/><F109/><W111/><G111/><T12/><D102/><U47/><E47/><V70/><F70/><W32/><G17/><T124/><D131/><U18/><E0/><V125/><F100/><W59/><G59/><T15/><D124/><U78/><E78/><V106/><F106/><W122/><G122/><T96/><D96/><U135/><E4/><V28/><F125/><W129/><G129/><T76/><D76/><U133/><E7/><V65/><F91/><W48/><G48/><T73/><D73/><U44/><E44/><V74/><F74/><W2/><G2/><T71/><D71/><U55/><E62/><V24/><F84/><W10/><G10/><N who="0" m="6551" /><D15/><U103/><REACH who="1" step="1"/><E18/><REACH who="1" ten="190,180,210,410" step="2"/><N who="2" m="8487" /><F45/><W25/><G25/><T90/><D90/><U134/><AGARI ba="0,1" hai="21,23,52,53,55,75,79,80,94,97,103,133,134,135" machi="134" ten="40,8000,1" yaku="1,1,0,1,20,1,52,1,54,1,53,0" doraHai="98" doraHaiUra="37" who="1" fromWho="1" sc="190,-20,180,90,210,-40,410,-20" /><INIT seed="3,0,0,2,2,2" ten="170,270,170,390" oya="3" hai0="106,101,46,62,13,96,48,107,93,11,90,23,127" hai1="97,115,121,61,104,87,109,50,102,131,113,28,105" hai2="88,119,116,95,66,73,67,56,45,74,103,72,117" hai3="76,120,1,129,100,122,42,26,77,53,7,27,79"/><W135/><G42/><T5/><D127/><U112/><E121/><V32/><F32/><W31/><G100/><T126/><D126/><U65/><E109/><V9/><F103/><W30/><G53/><T80/><D62/><U114/><E131/><V3/><F45/><W47/><G47/><T59/><D59/><U8/><E115/><V22/><F22/><W123/><G129/><T52/><D23/><U17/><E105/><V0/><F56/><W37/><G37/><T39/><D39/><U89/><E50/><V124/><F124/><W75/><G75/><T43/><D43/><U63/><E63/><V133/><F133/><W35/><G135/><T134/><D134/><U40/><E40/><V38/><F38/><W110/><G110/><T85/><AGARI ba="0,0" hai="5,11,13,46,48,52,80,85,90,93,96,101,106,107" machi="85" ten="30,4000,0" yaku="0,1,52,1,54,1" doraHai="2" who="0" fromWho="0" sc="170,40,270,-10,170,-10,390,-20" owari="210,-19.0,260,6.0,160,-34.0,370,47.0" /></mjloggm>