<mjloggm ver="2.3"><GO type="225" lobby="0"/><UN n0="%E5%B8%86%E7%AB%8B%E5%A4%8F%E8%A1%A3" n1="%E3%81%A9%E3%82%8F%E3%82%93%E3%81%94" n2="%41%54%53%4D" n3="%E6%A1%9C%E8%8A%B1%E9%96%83%E3%80%85" dan="16,16,16,17" rate="2102.48,2176.88,2100.19,2245.45" sx="M,M,M,M"/><TAIKYOKU oya="0"/><INIT seed="0,0,0,4,5,96" ten="250,250,250,250" oya="0" hai0="87,124,100,26,128,32,113,72,16,135,17,120,60" hai1="36,129,40,97,68,9,8,2,4,75,131,126,45" hai2="14,90,10,101,121,43,93,130,116,74,95,6,29" hai3="47,77,69,98,46,59,133,25,24,127,80,122,132"/><T12/><D113/><U27/><E126/><V91/><F121/><W48/><G69/><T119/><D72/><U53/><E53/><V67/><F74/><W85/><G127/><T115/><D115/><U50/><E50/><V23/><F130/><W62/><G122/><T19/><D124/><U118/><E118/><V63/><F43/><N who="3" m="24671" /><G47/><T0/><D120/><U89/><E9/><V103/><F116/><W110/><G110/><T52/><D128/><U123/><E123/><V112/><F112/><W79/><G79/><T81/><D135/><N who="3" m="51785" /><G98/><T57/><D0/><U78/><E27/><N who="2" m="16639" /><F63/><W108/><G108/><T107/><D119/><U55/><E55/><AGARI ba="0,0" hai="24,25,55,59,62,77,80,85" m="51785,24671" machi="55" ten="30,1000,0" yaku="20,1" doraHai="96" who="3" fromWho="1" sc="250,0,250,-10,250,0,250,10" /><INIT seed="1,0,0,4,2,125" ten="250,240,250,260" oya="1" hai0="128,58,30,95,45,35,9,0,75,100,68,98,114" hai1="5,44,76,31,4,81,27,41,134,26,109,29,106" hai2="91,54,67,119,94,23,49,133,37,84,105,20,89" hai3="90,93,118,21,61,32,107,48,116,34,3,8,117"/><U87/><E106/><V130/><F119/><W135/><G135/><T69/><D114/><U17/><E134/><V22/><F37/><W42/><G107/><T80/><D35/><N who="3" m="13353" /><G21/><T25/><D25/><U13/><E109/><V56/><F105/><W46/><G61/><T99/><D30/><U47/><E26/><V129/><F133/><W62/><G62/><T123/><D123/><U110/><E110/><V33/><F33/><W11/><G3/><T40/><D58/><U88/><E76/><V6/><F67/><W1/><G1/><T97/><D69/><U104/><E104/><V55/><F6/><N who="1" m="2665" /><E27/><V15/><F15/><W83/><G83/><T113/><D68/><U73/><E73/><V50/><REACH who="2" step="1"/><F91/><REACH who="2" ten="250,240,240,260" step="2"/><W108/><G108/><T132/><D132/><U36/><E36/><V103/><F103/><W127/><G127/><T122/><D100/><U78/><E78/><V120/><F120/><W65/><G65/><T101/><D122/><U10/><E41/><V86/><F86/><AGARI ba="0,1" hai="8,11,42,46,48,86,90,93,116,117,118" m="13353" machi="86" ten="40,1300,0" yaku="12,1" doraHai="125" who="3" fromWho="2" sc="250,0,240,0,240,-13,260,23" /><INIT seed="2,0,0,1,5,101" ten="250,240,227,283" oya="2" hai0="73,79,128,108,118,58,97,17,50,72,65,7,56" hai1="5,55,93,111,54,125,19,77,113,112,51,59,91" hai2="2,71,37,95,133,89,98,115,82,109,52,130,21" hai3="4,135,22,46,26,41,43,83,110,40,132,20,57"/><V15/><F115/><W0/><G57/><T47/><D108/><U28/><E111/><V69/><F2/><W105/><G110/><T53/><D128/><U81/><E125/><V119/><F109/><W100/><G83/><T39/><D118/><U123/><E123/><V24/><F119/><W67/><G67/><T75/><D7/><U35/><E5/><V60/><F130/><W49/><G4/><T30/><D30/><U116/><E116/><V16/><F37/><W92/><G92/><T66/><D79/><U127/><E127/><V85/><F133/><N who="3" m="51275" /><G0/><T18/><D97/><U61/><E19/><V32/><F32/><W42/><G26/><T34/><D58/><U27/><E91/><V6/><F60/><W63/><G63/><T78/><D78/><U107/><E93/><V44/><F6/><W13/><G13/><T10/><D65/><U94/><E94/><V3/><F24/><W12/><G12/><T62/><D34/><U38/><E38/><V129/><F3/><W9/><G9/><T36/><D10/><U99/><E99/><AGARI ba="0,0" hai="20,22,40,41,42,43,46,49,99,100,105" m="51275" machi="99" ten="30,2000,0" yaku="20,1,52,1" doraHai="101" who="3" fromWho="1" sc="250,0,240,-20,227,0,283,20" /><INIT seed="3,0,0,5,2,1" ten="250,220,227,303" oya="3" hai0="58,25,70,59,41,23,106,50,44,82,62,60,128" hai1="16,34,14,7,121,76,37,12,66,132,109,89,63" hai2="27,73,133,108,94,117,29,56,46,130,33,22,71" hai3="3,104,19,65,115,129,5,99,81,95,24,47,18"/><W4/><G104/><T103/><D128/><U114/><E121/><V40/><F117/><W127/><G129/><T79/><D106/><U69/><E114/><V97/><F130/><W118/><G118/><T61/><D103/><U53/><E34/><V74/><F71/><W64/><G115/><T113/><D70/><U38/><E132/><V84/><F133/><W20/><G127/><T36/><D36/><U45/><E76/><V52/><F108/><W17/><G47/><T123/><D123/><U125/><E109/><V80/><F33/><W0/><G81/><T98/><D98/><U9/><E125/><V119/><F119/><W87/><G87/><N who="0" m="48607" /><D113/><U102/><E102/><V49/><F94/><W28/><G0/><T67/><D67/><N who="3" m="25673" /><G3/><T135/><D135/><U91/><E38/><V30/><F97/><W6/><G28/><T31/><D59/><U68/><E68/><V110/><F30/><W112/><G112/><T55/><D58/><U77/><E77/><V32/><F32/><W90/><AGARI ba="0,0" hai="4,5,6,17,18,19,20,24,90,95,99" m="25673" machi="90" ten="30,11700,0" yaku="8,1,52,3" doraHai="1" who="3" fromWho="3" sc="250,-39,220,-39,227,-39,303,117" owari="211,1.1,181,-31.9,188,-21.2,420,52.0" /></mjloggm>