<mjloggm ver="2.3"><GO type="225" lobby="0"/><UN n0="%E3%83%8F%E3%82%AC%E3%82%BF%E3%82%AB%E3%81%AE%E3%81%88%E3%81%98%E3%81%8D" n1="%E5%8D%8D%E6%B1%A0%E8%A2%8B%E6%9C%80%E5%BC%B7%E5%8D%8D" n2="%E6%81%A5%E6%99%92%E3%81%97" n3="%41%6F%54" dan="17,16,16,16" rate="2179.37,2151.03,2083.45,2056.06" sx="M,M,M,M"/><TAIKYOKU oya="0"/><INIT seed="0,0,0,0,3,99" ten="250,250,250,250" oya="0" hai0="12,49,112,114,66,58,30,33,18,130,56,1,67" hai1="128,20,113,102,77,134,131,50,46,104,29,80,4" hai2="100,7,132,27,5,94,124,31,62,84,69,97,105" hai3="93,17,60,133,23,10,75,96,51,83,28,16,87"/><T109/><D1/><U98/><E113/><V73/><F124/><W26/><G133/><T45/><D130/><N who="1" m="49707" /><E4/><V101/><F132/><W42/><G75/><T103/><D109/><U86/><E134/><V125/><F125/><W78/><G60/><T108/><D108/><U0/><E0/><V3/><F73/><W89/><REACH who="3" step="1"/><G10/><REACH who="3" ten="250,250,250,240" step="2"/><T123/><D123/><U85/><E20/><V65/><F3/><W88/><G88/><T11/><D114/><U40/><E29/><V74/><F74/><AGARI ba="0,1" hai="40,46,50,74,77,80,85,86,98,102,104" m="49707" machi="74" ten="30,2000,0" yaku="19,1,52,1" doraHai="99" who="1" fromWho="2" sc="250,0,250,30,250,-20,240,0" /><INIT seed="1,0,0,3,2,54" ten="250,280,230,240" oya="1" hai0="32,124,61,100,123,18,98,56,82,57,119,55,106" hai1="35,7,81,41,99,29,63,93,109,10,101,74,73" hai2="95,42,75,76,2,44,64,88,71,127,130,69,16" hai3="22,37,115,104,49,102,48,33,19,70,20,65,110"/><U60/><E109/><V62/><F127/><W113/><G37/><T86/><D124/><U39/><E39/><V4/><F130/><W6/><G33/><T84/><D119/><U121/><E121/><V125/><F125/><W45/><G110/><T80/><D123/><U25/><E41/><V0/><F71/><W14/><G6/><T1/><D1/><U97/><E97/><V17/><F75/><W38/><G102/><T131/><D32/><U103/><E103/><V132/><F132/><W116/><G104/><T68/><D68/><U107/><E93/><V51/><F76/><W126/><G116/><T9/><D131/><U87/><E74/><V21/><F4/><W92/><G92/><T135/><D135/><U24/><E24/><V112/><F112/><W108/><G108/><T5/><D18/><U58/><E73/><V118/><F17/><W122/><G122/><T83/><REACH who="0" step="1"/><D57/><REACH who="0" ten="240,280,230,240" step="2"/><U31/><E58/><V30/><F118/><W27/><G126/><T67/><D67/><U111/><E111/><V117/><F30/><W129/><G65/><T96/><D96/><U85/><E31/><V77/><F117/><W11/><G70/><T53/><D53/><U134/><E134/><V40/><F42/><N who="3" m="22743" /><G129/><T66/><D66/><U13/><REACH who="1" step="1"/><E85/><REACH who="1" ten="240,270,230,240" step="2"/><V114/><F114/><W3/><G115/><T79/><D79/><AGARI ba="0,2" hai="7,10,13,25,29,35,60,63,79,81,87,99,101,107" machi="79" ten="30,11600,0" yaku="1,1,2,1,7,1,53,1" doraHai="54" doraHaiUra="23" who="1" fromWho="0" sc="240,-116,270,136,230,0,240,0" /><INIT seed="1,1,0,2,2,87" ten="124,406,230,240" oya="1" hai0="92,0,65,116,68,122,33,79,119,103,132,129,99" hai1="21,46,32,77,31,56,98,61,90,30,28,58,128" hai2="124,11,134,18,123,73,97,112,42,20,64,100,126" hai3="34,105,24,94,38,96,66,57,36,13,41,88,29"/><U74/><E32/><V109/><F123/><W93/><G105/><T10/><D33/><U108/><E108/><V6/><F109/><W95/><G13/><T51/><D122/><U106/><E128/><V14/><F73/><W125/><G125/><T26/><D129/><U70/><E74/><V15/><F134/><W50/><G66/><T101/><D132/><U110/><E110/><V5/><F42/><W62/><G62/><T84/><D103/><U37/><E70/><V54/><F64/><W81/><G81/><T72/><D72/><U35/><E35/><V48/><F112/><W49/><G49/><T52/><D26/><U71/><E71/><V63/><F63/><W82/><G82/><T7/><D65/><U53/><E58/><V117/><F117/><W8/><G8/><T40/><D40/><U59/><E59/><V127/><F5/><W85/><G95/><T16/><D68/><U80/><E46/><V104/><F48/><W118/><G118/><T113/><D113/><U55/><E37/><V78/><REACH who="2" step="1"/><F54/><REACH who="2" ten="124,406,220,240" step="2"/><W83/><G41/><T67/><D67/><U75/><E53/><V69/><F69/><W23/><G50/><T27/><D116/><U130/><E130/><V135/><F135/><W4/><G4/><T47/><D119/><U76/><E75/><V102/><F102/><N who="3" m="60687" /><G38/><T19/><REACH who="0" step="1"/><D27/><REACH who="0" ten="114,406,220,240" step="2"/><N who="1" m="16495" /><E55/><V3/><F3/><W60/><G36/><T91/><D91/><U121/><E90/><V25/><F25/><W86/><G24/><T9/><D9/><U44/><E121/><V115/><F115/><W111/><G88/><T107/><D107/><RYUUKYOKU ba="1,2" sc="114,15,406,-15,220,15,240,-15" hai0="0,7,10,16,19,47,51,52,79,84,92,99,101" hai2="6,11,14,15,18,20,78,97,100,104,124,126,127" /><INIT seed="2,2,2,0,5,72" ten="129,391,235,225" oya="2" hai0="128,7,1,115,18,67,87,117,78,103,82,109,31" hai1="123,110,107,106,46,2,85,16,53,84,95,50,124" hai2="98,10,23,99,36,111,6,76,132,81,24,126,59" hai3="112,91,0,17,13,22,54,65,64,134,90,120,114"/><V88/><F36/><W38/><G120/><T122/><D122/><U35/><E110/><V26/><F111/><W60/><G134/><T116/><D109/><U105/><E124/><V51/><F132/><W39/><G0/><T86/><D115/><N who="3" m="44073" /><G54/><T68/><D31/><U28/><E35/><V83/><F126/><W40/><G65/><T108/><D108/><U131/><E28/><V3/><F26/><W19/><G17/><T47/><D103/><U89/><E131/><V37/><F37/><N who="3" m="13835" /><G40/><T97/><D97/><U20/><E2/><V52/><F76/><W30/><G30/><T14/><D47/><U70/><E70/><AGARI ba="2,2" hai="13,19,22,60,64,70,90,91" m="13835,44073" machi="70" ten="30,1000,0" yaku="11,1" doraHai="72" who="3" fromWho="1" sc="129,0,391,-16,235,0,225,36" /><INIT seed="3,0,0,0,3,80" ten="129,375,235,261" oya="3" hai0="38,121,64,118,14,130,56,120,44,24,101,7,9" hai1="8,127,25,85,126,45,52,40,33,110,82,26,73" hai2="46,81,106,21,134,63,109,115,11,13,22,92,30" hai3="87,131,23,41,88,17,96,100,60,62,34,128,67"/><W91/><G34/><T97/><D130/><N who="3" m="49705" /><G41/><T1/><D118/><U68/><E110/><V47/><F106/><N who="3" m="63751" /><G67/><T74/><D74/><U36/><E68/><V112/><F134/><W117/><G91/><T77/><D77/><N who="1" m="46287" /><E33/><V59/><F109/><W66/><G66/><T99/><D1/><U35/><E35/><V53/><F92/><N who="3" m="54303" /><G117/><T32/><D38/><U12/><E52/><N who="2" m="34279" /><F112/><W113/><G113/><T119/><D119/><U61/><E61/><V114/><F115/><W51/><G51/><T15/><D64/><U132/><E132/><V90/><F53/><W0/><G0/><T29/><D56/><U93/><E93/><V28/><F114/><W20/><G20/><N who="2" m="7785" /><F47/><W107/><G107/><T5/><D44/><U135/><E135/><V133/><F133/><W27/><AGARI ba="0,0" hai="17,23,27,60,62" m="54303,63751,49705" machi="27" ten="30,6000,0" yaku="19,1,52,1,54,1" doraHai="80" who="3" fromWho="3" sc="129,-20,375,-20,235,-20,261,60" /><INIT seed="3,1,0,5,0,99" ten="109,355,215,321" oya="3" hai0="57,59,112,11,116,51,13,34,24,66,70,83,41" hai1="15,18,88,85,14,133,103,93,109,36,26,89,47" hai2="67,102,98,120,71,127,6,62,3,125,64,69,61" hai3="119,4,58,8,49,12,68,65,97,74,32,82,123"/><W117/><G123/><T135/><D116/><U72/><E72/><V9/><REACH who="2" step="1"/><F120/><REACH who="2" ten="109,355,205,321" step="2"/><W114/><G119/><T43/><D112/><U50/><E133/><V86/><F86/><W63/><G117/><T101/><D135/><U122/><E122/><V28/><F28/><W35/><G114/><T91/><D70/><U77/><E85/><V42/><F42/><W17/><G4/><T1/><D1/><U7/><E109/><V75/><F75/><W124/><G124/><T38/><D43/><U29/><E29/><V126/><F126/><W25/><G74/><T129/><D129/><U132/><E132/><V56/><F56/><W39/><G68/><T78/><D38/><U84/><E36/><V53/><F53/><W55/><G39/><T2/><D2/><U10/><E84/><V111/><F111/><W128/><G128/><T60/><D59/><U45/><E7/><V37/><F37/><W113/><G113/><T52/><D41/><U121/><E121/><V90/><F90/><W44/><G82/><T108/><D108/><U110/><E88/><V81/><F81/><W20/><G35/><T27/><D91/><U134/><E89/><V21/><F21/><W118/><G32/><T107/><D34/><U92/><E110/><V115/><F115/><W19/><G118/><T0/><D0/><U79/><E134/><V30/><F30/><W46/><G46/><T22/><D22/><U96/><E45/><V105/><AGARI ba="1,1" hai="3,6,9,61,62,64,67,69,71,98,102,105,125,127" machi="105" ten="30,12000,2" yaku="21,2,0,1,9,1,23,2,52,1,53,0" doraHai="99" doraHaiUra="87" who="2" fromWho="2" sc="109,-31,355,-31,205,133,321,-61" owari="78,-42.2,324,12.4,338,43.8,260,-14.0" /></mjloggm>