<mjloggm ver="2.3"><GO type="225" lobby="0"/><UN n0="%E6%A0%B9%E5%85%83%E3%81%8B%E3%82%89%E5%90%B9%E3%81%A3%E9%A3%9B%E3%81%B6" n1="%E3%82%B2%E3%82%B9%E8%8C%82%E5%8B%9D" n2="%77%72%77%72%77%72%77%72" n3="%E5%B8%86%E7%AB%8B%E5%A4%8F%E8%A1%A3" dan="17,16,16,16" rate="2172.85,2060.25,2077.00,2132.06" sx="F,F,M,M"/><TAIKYOKU oya="0"/><INIT seed="0,0,0,2,5,85" ten="250,250,250,250" oya="0" hai0="106,79,16,13,123,8,58,73,19,48,4,92,29" hai1="26,56,131,38,108,10,27,126,130,0,76,89,55" hai2="11,81,31,22,95,24,51,33,64,99,96,93,1" hai3="5,43,45,119,37,18,32,97,83,125,128,50,61"/><T110/><D123/><U39/><E108/><V82/><F64/><W67/><G119/><T9/><D106/><U103/><E76/><V66/><F66/><W63/><G125/><T62/><D110/><U135/><E103/><V57/><F33/><W49/><G128/><N who="1" m="49194" /><E135/><V100/><F1/><W35/><G5/><T70/><D29/><U25/><E126/><V23/><F11/><W98/><G37/><T127/><D127/><U2/><E89/><N who="2" m="55343" /><F22/><W129/><G129/><T6/><D70/><U107/><E107/><V102/><F102/><W60/><G67/><T17/><D48/><N who="1" m="30823" /><E0/><V28/><F28/><W114/><G114/><T132/><D132/><U121/><E121/><V71/><F71/><W41/><G32/><T46/><D46/><U59/><E59/><V30/><F30/><W86/><G35/><T15/><D58/><U88/><E10/><V111/><F111/><W104/><G104/><T20/><D62/><U3/><E2/><V78/><F78/><N who="3" m="46455" /><G18/><T133/><D133/><U134/><E3/><V112/><F112/><W116/><G116/><T77/><D20/><U54/><E134/><V120/><F120/><W84/><G50/><T105/><D105/><U69/><E69/><V115/><F115/><W124/><G124/><T36/><D77/><U90/><E38/><V117/><F117/><W101/><G43/><T7/><D36/><U94/><E39/><V122/><F122/><W52/><G41/><T14/><D79/><U44/><E94/><V80/><F51/><AGARI ba="0,0" hai="25,26,27,44,51,54,88,90" m="30823,49194" machi="51" ten="30,7700,0" yaku="19,1,52,2,54,1" doraHai="85" who="1" fromWho="2" sc="250,0,250,77,250,-77,250,0" /><INIT seed="1,0,0,4,4,53" ten="250,327,173,250" oya="1" hai0="77,36,9,98,14,117,24,128,41,78,0,29,66" hai1="13,28,106,3,54,12,35,122,47,42,39,96,100" hai2="74,104,46,21,129,17,11,48,38,50,65,125,132" hai3="64,63,10,56,23,32,95,116,72,60,26,55,109"/><U15/><E122/><V87/><F74/><W108/><G72/><T126/><D117/><U118/><E118/><V57/><F104/><W123/><G123/><T16/><D126/><U94/><E3/><V52/><F125/><W84/><G116/><T71/><D128/><U88/><E54/><V134/><F129/><W61/><G32/><T22/><D98/><U1/><E1/><V105/><F105/><W97/><G10/><T120/><D120/><U25/><REACH who="1" step="1"/><E12/><REACH who="1" ten="250,317,173,250" step="2"/><V34/><F65/><W45/><G64/><T111/><D0/><U30/><E30/><V62/><F52/><W51/><G45/><T83/><D66/><U81/><E81/><V101/><F46/><W93/><G55/><T107/><D83/><U7/><E7/><V31/><F62/><W49/><G63/><T5/><D5/><U113/><E113/><V75/><F31/><W70/><G61/><T67/><D67/><U115/><E115/><V102/><F134/><W127/><G60/><T2/><D2/><U59/><E59/><V91/><F57/><W89/><G56/><T112/><D112/><U135/><E135/><V110/><F132/><W27/><G127/><T69/><D29/><U76/><E76/><V79/><F79/><W43/><G43/><T119/><D119/><U124/><E124/><V130/><F130/><W82/><G82/><T20/><D78/><U114/><E114/><V90/><F110/><W99/><G109/><T37/><D77/><U86/><AGARI ba="0,1" hai="13,15,25,28,35,39,42,47,86,88,94,96,100,106" machi="86" ten="20,7800,0" yaku="1,1,0,1,7,1,54,1,53,0" doraHai="53" doraHaiUra="33" who="1" fromWho="1" sc="250,-26,317,88,173,-26,250,-26" /><INIT seed="1,1,0,1,2,71" ten="224,405,147,224" oya="1" hai0="122,133,102,7,124,34,132,57,31,24,91,29,74" hai1="18,62,95,90,73,105,72,114,48,86,0,47,108" hai2="64,93,123,107,117,106,97,10,121,134,2,70,88" hai3="13,22,63,33,20,112,59,115,35,30,116,119,126"/><U54/><E114/><N who="3" m="43562" /><G59/><T67/><D74/><U28/><E0/><V41/><F117/><N who="3" m="45131" /><G63/><N who="0" m="38383" /><D122/><U125/><E125/><V84/><F134/><N who="0" m="51818" /><D124/><U77/><E105/><V130/><F130/><W42/><G42/><T44/><D102/><U79/><E108/><V17/><F41/><W56/><G56/><T110/><D110/><U118/><E118/><V12/><F2/><W8/><G126/><T37/><D7/><U58/><E28/><V128/><F128/><W66/><G66/><T99/><D29/><U75/><REACH who="1" step="1"/><E18/><REACH who="1" ten="224,395,147,224" step="2"/><V104/><REACH who="2" step="1"/><F97/><REACH who="2" ten="224,395,137,224" step="2"/><W127/><G127/><T14/><D99/><U87/><E87/><V11/><F11/><W36/><G8/><T68/><D31/><U100/><E100/><V39/><F39/><W4/><G36/><T131/><D37/><U76/><E76/><V80/><F80/><W3/><G3/><T23/><D131/><U103/><E103/><V50/><F50/><W32/><G30/><T120/><D34/><U5/><E5/><V55/><F55/><AGARI ba="1,2" hai="47,48,54,55,58,62,72,73,75,77,79,86,90,95" machi="55" ten="40,3900,0" yaku="1,1,53,1" doraHai="71" doraHaiUra="40" who="1" fromWho="2" sc="224,0,395,62,137,-42,224,0" /><INIT seed="1,2,0,3,4,112" ten="224,457,95,224" oya="1" hai0="44,28,69,88,89,130,117,19,34,104,87,67,100" hai1="121,80,62,76,9,127,61,56,42,83,43,86,53" hai2="58,4,135,26,95,24,16,108,111,124,71,40,39" hai3="8,85,103,122,123,72,15,38,113,10,63,23,50"/><U101/><E127/><V97/><F71/><W84/><G38/><T59/><D130/><U105/><E121/><V49/><F39/><W6/><G72/><T32/><D59/><U3/><E101/><V0/><F124/><W41/><G113/><T107/><D44/><U66/><E105/><V29/><F135/><W51/><G103/><T118/><D19/><U98/><E98/><V109/><F4/><W125/><G125/><T37/><D37/><U5/><REACH who="1" step="1"/><E83/><REACH who="1" ten="224,447,95,224" step="2"/><V79/><F97/><W102/><G102/><T120/><D120/><U35/><E35/><V33/><F95/><W12/><G123/><T48/><D100/><U52/><E52/><N who="2" m="32015" /><F40/><W94/><G41/><T77/><D34/><U133/><E133/><V55/><F55/><W73/><G122/><T92/><D32/><U70/><AGARI ba="2,1" hai="3,5,9,42,43,53,56,61,62,66,70,76,80,86" machi="70" ten="20,3900,0" yaku="1,1,0,1,7,1,53,0" doraHai="112" doraHaiUra="96" who="1" fromWho="1" sc="224,-15,447,55,95,-15,224,-15" /><INIT seed="1,3,0,1,2,133" ten="209,502,80,209" oya="1" hai0="123,1,127,90,69,64,16,28,86,33,104,3,44" hai1="108,118,97,115,14,122,43,120,89,30,6,129,135" hai2="11,82,35,109,23,45,46,68,76,39,106,105,91" hai3="10,93,57,0,56,98,92,110,60,21,95,119,31"/><U84/><E30/><V116/><F116/><W54/><G110/><T37/><D104/><U71/><E71/><V12/><F35/><W58/><G119/><T49/><D37/><U66/><E66/><V102/><F109/><W7/><G31/><T124/><D123/><U19/><E6/><V29/><F68/><W85/><G21/><T61/><D28/><U59/><E59/><V34/><F34/><W81/><REACH who="3" step="1"/><G98/><REACH who="3" ten="209,502,80,199" step="2"/><T100/><D33/><U32/><E118/><V126/><F23/><W131/><G131/><T132/><D132/><U24/><E129/><V134/><F29/><W62/><G62/><T74/><D1/><U72/><E97/><V41/><F134/><W80/><G80/><T15/><D3/><U114/><E135/><V5/><F82/><W53/><G53/><N who="0" m="29863" /><D74/><U40/><E108/><V78/><F11/><W8/><G8/><N who="0" m="6247" /><D100/><U22/><E72/><V112/><F102/><W94/><N who="3" m="23552" /><DORA hai="121" /><W38/><G38/><T73/><D73/><U48/><E32/><V25/><F106/><W125/><G125/><T75/><D75/><U130/><E130/><V99/><F126/><W77/><AGARI ba="3,1" hai="0,7,10,54,56,57,58,60,77,81,85" m="23552" machi="77" ten="40,5200,0" yaku="1,1,0,1,53,1" doraHai="133,121" doraHaiUra="79,17" who="3" fromWho="3" sc="209,-16,502,-29,80,-16,199,71" /><INIT seed="2,0,0,3,2,11" ten="193,473,64,270" oya="2" hai0="78,27,45,83,18,89,20,39,43,48,84,104,51" hai1="85,100,116,117,135,113,72,128,7,3,111,94,53" hai2="8,98,26,54,31,112,130,129,37,124,102,63,24" hai3="95,114,23,41,97,110,91,30,131,12,69,50,90"/><V75/><F112/><W68/><G110/><T79/><REACH who="0" step="1"/><D104/><REACH who="0" ten="183,473,64,270" step="2"/><U60/><E113/><V19/><F124/><W96/><G114/><T25/><D25/><U77/><E111/><V38/><F75/><W123/><G69/><T132/><D132/><U93/><E72/><V73/><F73/><W109/><G68/><T103/><D103/><U15/><E100/><V76/><F76/><AGARI ba="0,1" hai="18,20,27,39,43,45,48,51,76,78,79,83,84,89" machi="76" ten="40,2600,0" yaku="21,2,53,0" doraHai="11" doraHaiUra="105" who="0" fromWho="2" sc="183,36,473,0,64,-26,270,0" /><INIT seed="3,0,0,0,2,75" ten="219,473,38,270" oya="3" hai0="115,111,77,82,62,92,45,19,20,8,50,64,10" hai1="88,108,34,80,24,91,38,56,98,58,78,132,124" hai2="25,135,36,114,26,120,42,126,71,11,104,52,68" hai3="72,103,6,84,61,130,4,28,65,100,27,94,63"/><W86/><G72/><T32/><D111/><U113/><E108/><V41/><F11/><W40/><G130/><T96/><D32/><U105/><E113/><V53/><F25/><W47/><G63/><T95/><D115/><U13/><E38/><V81/><F26/><W23/><G86/><T116/><D116/><U76/><E124/><V48/><F81/><W89/><G103/><T1/><D1/><U99/><E132/><V39/><F104/><W46/><G46/><T133/><D133/><U112/><E112/><V79/><F114/><W7/><G100/><T55/><D20/><U128/><E128/><V97/><F97/><W87/><G87/><T106/><D19/><U31/><E13/><V21/><F21/><W0/><G0/><T117/><D117/><U83/><E105/><V12/><F12/><W70/><REACH who="3" step="1"/><G4/><REACH who="3" ten="219,473,38,260" step="2"/><T5/><D5/><U59/><E98/><V131/><F131/><W93/><G93/><T37/><D95/><U22/><E99/><V57/><F135/><W90/><G90/><N who="1" m="34346" /><E34/><V51/><F79/><AGARI ba="0,1" hai="22,24,31,56,58,59,76,78,79,80,83" m="34346" machi="79" ten="30,8000,1" yaku="8,1,52,3,54,1" doraHai="75" who="1" fromWho="2" sc="219,0,473,90,38,-80,260,0" owari="219,-18.1,563,66.3,-42,-54.2,260,6.0" /></mjloggm>