<mjloggm ver="2.3"><GO type="225" lobby="0"/><UN n0="%E7%99%BD%E6%97%A5%E9%9B%AA%E8%8F%9C" n1="%E3%81%B5%E3%81%98%E3%81%8B%E3%81%A4" n2="%E3%81%8B%E3%82%8F%E3%81%A1%E3%82%83%E3%82%93%35%38" n3="%E6%A1%9C%E8%8A%B1%E9%96%83%E3%80%85" dan="17,16,16,16" rate="2236.04,2211.87,2188.03,2112.87" sx="M,M,M,M"/><TAIKYOKU oya="0"/><INIT seed="0,0,0,0,1,29" ten="250,250,250,250" oya="0" hai0="96,63,132,55,44,54,92,105,0,53,107,106,110" hai1="84,80,4,23,59,38,33,13,90,35,115,41,93" hai2="37,7,14,2,91,116,9,101,114,68,47,15,19" hai3="48,10,70,58,81,60,25,73,8,121,65,122,124"/><T42/><D0/><U74/><E115/><V39/><F68/><W98/><G124/><T43/><D132/><U69/><E69/><V85/><F114/><W11/><G98/><T97/><D110/><U120/><E120/><N who="3" m="46186" /><G25/><T45/><D63/><U77/><E59/><V6/><F116/><W67/><G48/><T83/><D83/><U18/><REACH who="1" step="1"/><E4/><REACH who="1" ten="250,240,250,250" step="2"/><V34/><F6/><W51/><G70/><T49/><REACH who="0" step="1"/><D92/><REACH who="0" ten="240,240,250,250" step="2"/><U30/><E30/><V72/><F2/><W130/><G60/><T79/><D79/><U46/><AGARI ba="0,2" hai="13,18,23,33,35,38,41,46,74,77,80,84,90,93" machi="46" ten="30,7900,0" yaku="1,1,0,1,52,2,53,0" doraHai="29" doraHaiUra="26" who="1" fromWho="1" sc="240,-39,240,99,250,-20,250,-20" /><INIT seed="1,0,0,3,2,60" ten="201,339,230,230" oya="1" hai0="13,68,56,128,124,17,77,135,125,46,70,41,44" hai1="133,21,49,85,97,31,18,61,8,35,116,12,58" hai2="28,83,9,15,114,36,81,131,96,37,87,40,19" hai3="105,5,74,78,64,34,126,22,39,62,47,99,100"/><U53/><E116/><V123/><F123/><W55/><G126/><N who="0" m="48747" /><D77/><U26/><E133/><V25/><F131/><W84/><G84/><T79/><D79/><U107/><E85/><V33/><F114/><W95/><G22/><N who="0" m="11567" /><D128/><U112/><E112/><V121/><F121/><W11/><G95/><T134/><D56/><U14/><E107/><V129/><F129/><W16/><G16/><T93/><D93/><U104/><E49/><V4/><F40/><W20/><G20/><T92/><D92/><U108/><E108/><V89/><F83/><W101/><G101/><T130/><D130/><U67/><E53/><V86/><F86/><W45/><G55/><T30/><D30/><U109/><E109/><V7/><REACH who="2" step="1"/><F96/><REACH who="2" ten="201,339,220,230" step="2"/><W52/><G99/><T54/><D41/><U94/><E104/><V29/><F29/><W63/><G105/><T91/><D135/><U3/><E97/><V90/><F90/><W82/><G82/><T102/><D134/><U0/><E94/><V110/><F110/><W111/><G111/><T2/><D102/><U27/><REACH who="1" step="1"/><E14/><REACH who="1" ten="201,329,220,230" step="2"/><V106/><F106/><W51/><G78/><T59/><D2/><U122/><E122/><V71/><F71/><N who="0" m="27178" /><D91/><U118/><E118/><V57/><F57/><W76/><G76/><T23/><D59/><U42/><E42/><V103/><F103/><W32/><G100/><T1/><D1/><U6/><AGARI ba="0,2" hai="0,3,6,8,12,18,21,26,27,31,35,58,61,67" machi="6" ten="20,7800,0" yaku="1,1,0,1,7,1,52,1,53,0" doraHai="60" doraHaiUra="38" who="1" fromWho="1" sc="201,-26,329,98,220,-26,230,-26" /><INIT seed="1,1,0,2,0,62" ten="175,427,194,204" oya="1" hai0="94,34,81,115,120,38,56,40,50,60,83,130,86" hai1="122,112,124,127,26,9,16,126,27,70,30,125,48" hai2="49,98,123,84,20,92,111,101,85,51,105,35,89" hai3="90,108,87,1,79,64,97,73,19,117,88,45,93"/><U10/><E70/><V100/><F35/><W53/><G108/><T107/><D115/><U43/><E122/><V39/><F39/><W3/><G117/><T13/><D107/><U46/><E112/><V33/><F33/><W58/><G73/><T29/><D38/><U14/><N who="1" m="31744" /><DORA hai="5" /><U12/><REACH who="1" step="1"/><E30/><REACH who="1" ten="175,417,194,204" step="2"/><V63/><F123/><W102/><G3/><T128/><D120/><U82/><E82/><V110/><F110/><W106/><G1/><T36/><D81/><U55/><E55/><V65/><F111/><W11/><G53/><T59/><D83/><U95/><E95/><V41/><F92/><W91/><G93/><T96/><D29/><U6/><AGARI ba="1,1" hai="6,9,10,12,14,16,26,27,43,46,48" m="31744" machi="6" ten="60,18000,2" yaku="1,1,0,1,18,1,52,2,54,1,53,0" doraHai="62,5" doraHaiUra="75,99" who="1" fromWho="1" sc="175,-61,417,193,194,-61,204,-61" /><INIT seed="1,2,0,0,4,125" ten="114,610,133,143" oya="1" hai0="116,40,5,106,26,126,75,50,66,15,69,47,95" hai1="3,104,29,42,100,10,32,37,98,28,49,72,52" hai2="90,8,94,23,36,30,14,128,78,45,89,53,20" hai3="111,86,120,103,27,65,68,7,107,1,74,133,82"/><U85/><E72/><V101/><F78/><W77/><G120/><T91/><D116/><U83/><E32/><V13/><F36/><W123/><G123/><T55/><D106/><U57/><E42/><V84/><F101/><W25/><G111/><T118/><D118/><U39/><E39/><V54/><F128/><W132/><G86/><T48/><D75/><U122/><E122/><V18/><F45/><W4/><G27/><T134/><D126/><U21/><E21/><V80/><F23/><W38/><G25/><T24/><D134/><N who="3" m="51817" /><G1/><T43/><D69/><U109/><E37/><V113/><F113/><W70/><G38/><T2/><D2/><U99/><E99/><N who="2" m="57807" /><F30/><W127/><G127/><T16/><D66/><U73/><E73/><V112/><F112/><W56/><G56/><N who="0" m="32871" /><D5/><AGARI ba="2,0" hai="5,8,13,14,18,20,53,54,80,84,90" m="57807" machi="5" ten="30,1000,0" yaku="8,1" doraHai="125" who="2" fromWho="0" sc="114,-16,610,0,133,16,143,0" /><INIT seed="2,0,0,5,2,71" ten="98,610,149,143" oya="2" hai0="118,62,95,12,115,26,25,14,49,65,34,37,17" hai1="90,48,122,128,50,45,112,125,83,29,127,8,51" hai2="2,131,9,69,72,36,134,94,3,15,58,16,85" hai3="52,64,88,66,113,111,32,5,57,79,23,35,27"/><V105/><F105/><W84/><G111/><T28/><D115/><U19/><E112/><V75/><F69/><W100/><G113/><T63/><D118/><U120/><E29/><V60/><F36/><W98/><G79/><T124/><D124/><N who="1" m="47691" /><E128/><V67/><F131/><W80/><G5/><T104/><D104/><U42/><E83/><V43/><F43/><W132/><G132/><T110/><D110/><U99/><E90/><V87/><F134/><W61/><G32/><T76/><D76/><U44/><E99/><V135/><F135/><W78/><G35/><T82/><D82/><U11/><E19/><V97/><F85/><W41/><G41/><T6/><D37/><N who="1" m="21583" /><E45/><V47/><F47/><W86/><G100/><T114/><D114/><U13/><E13/><V40/><F40/><W22/><G98/><T93/><D6/><U74/><E74/><V24/><F87/><W20/><G27/><T102/><D26/><U38/><E38/><V4/><F24/><W7/><G7/><T123/><D12/><U31/><E31/><V0/><REACH who="2" step="1"/><F4/><REACH who="2" ten="98,610,139,143" step="2"/><W116/><G116/><T55/><D25/><U89/><E89/><AGARI ba="0,1" hai="0,2,3,9,15,16,58,60,67,72,75,89,94,97" machi="89" ten="40,7700,0" yaku="1,1,2,1,54,1,53,0" doraHai="71" doraHaiUra="70" who="2" fromWho="1" sc="98,0,610,-77,139,87,143,0" /><INIT seed="2,1,0,1,2,120" ten="98,533,226,143" oya="2" hai0="55,56,41,36,65,83,109,7,47,91,126,119,105" hai1="97,35,71,124,102,37,114,15,67,78,48,107,80" hai2="52,29,130,8,103,50,12,57,85,131,9,108,42" hai3="46,23,2,53,43,33,60,21,66,129,127,115,32"/><V84/><F103/><W82/><G2/><T39/><D105/><U54/><E114/><V22/><F42/><W27/><G115/><T86/><D126/><U96/><E124/><V4/><F8/><W3/><G127/><T18/><D119/><U59/><E35/><V49/><F49/><W70/><G3/><T117/><D117/><U88/><E37/><V28/><F108/><W128/><G53/><T16/><D36/><U38/><E38/><V99/><F99/><W20/><G82/><T68/><D7/><U61/><E96/><V79/><F22/><W62/><G62/><T125/><D125/><U58/><E88/><V90/><F79/><W51/><G27/><T11/><D11/><U112/><E112/><V116/><F116/><W72/><G72/><T123/><D123/><U89/><E89/><V81/><REACH who="2" step="1"/><F85/><REACH who="2" ten="98,533,216,143" step="2"/><W101/><G101/><T75/><D75/><U95/><E78/><V76/><F76/><W30/><G30/><AGARI ba="1,1" hai="4,9,12,28,29,30,50,52,57,81,84,90,130,131" machi="30" ten="40,3900,0" yaku="1,1,54,1,53,0" doraHai="120" doraHaiUra="40" who="2" fromWho="3" sc="98,0,533,0,216,52,143,-42" /><INIT seed="2,2,0,2,2,23" ten="98,533,268,101" oya="2" hai0="91,96,87,125,124,101,21,89,43,5,86,57,103" hai1="66,114,25,72,71,10,54,95,104,110,108,77,117" hai2="55,19,1,123,44,115,18,93,100,109,121,97,98" hai3="116,79,92,37,13,32,30,15,64,105,94,118,126"/><V111/><F1/><W102/><G37/><T14/><D43/><U81/><E117/><V6/><F6/><W51/><G79/><T76/><D76/><U85/><E114/><V3/><F3/><W122/><G122/><T88/><D57/><U70/><E104/><V65/><F65/><W34/><G64/><T38/><D38/><U31/><E10/><V120/><F115/><W28/><G51/><T56/><D56/><U2/><E54/><V41/><F97/><W69/><G126/><N who="0" m="48747" /><D103/><U11/><E66/><V106/><F106/><W90/><G105/><N who="0" m="63655" /><D21/><U134/><E134/><V29/><F29/><W33/><G33/><T48/><D48/><U112/><E112/><V8/><F55/><W27/><G102/><T47/><D47/><U22/><E95/><V68/><F68/><W75/><G90/><T113/><D113/><U74/><E85/><N who="0" m="32265" /><D14/><U107/><E107/><V49/><REACH who="2" step="1"/><F8/><REACH who="2" ten="98,533,258,101" step="2"/><W0/><G0/><T46/><D5/><N who="1" m="1463" /><E71/><V135/><F135/><W42/><G69/><T45/><AGARI ba="2,1" hai="45,46,88,89,91" m="32265,63655,48747" machi="45" ten="40,2700,0" yaku="18,1,54,1" doraHai="23" who="0" fromWho="0" sc="98,43,533,-9,258,-15,101,-9" /><INIT seed="3,0,0,2,1,10" ten="141,524,243,92" oya="3" hai0="115,45,31,130,90,123,42,107,108,96,61,6,36" hai1="76,70,17,95,124,8,62,35,23,118,52,55,27" hai2="34,7,4,106,44,116,59,49,14,84,99,101,18" hai3="53,103,50,64,68,104,120,133,20,56,79,75,81"/><W41/><G133/><T24/><D123/><U67/><E76/><V74/><F74/><W22/><G120/><T87/><D108/><U109/><E109/><V112/><F34/><W32/><G32/><T83/><D130/><U1/><E118/><V37/><F116/><W43/><G104/><T26/><D115/><U46/><E46/><V2/><F2/><W47/><G103/><T69/><D6/><N who="1" m="1103" /><E95/><N who="2" m="58623" /><F37/><W98/><G98/><T19/><D19/><U105/><E105/><V102/><F106/><W86/><G75/><T129/><D129/><U0/><E0/><V16/><F102/><W134/><G134/><T11/><D11/><U25/><E124/><V30/><F30/><W82/><G82/><T93/><D107/><U40/><E40/><N who="3" m="15434" /><G68/><T72/><D72/><U78/><E78/><V80/><F112/><W51/><G64/><T113/><D113/><U13/><E27/><V66/><F66/><W88/><G79/><T38/><D69/><U60/><E62/><V91/><F80/><W100/><G100/><T65/><D61/><U121/><E121/><V122/><F122/><W114/><G114/><T12/><D65/><U39/><E39/><V117/><F117/><W9/><G9/><T3/><D36/><U77/><E77/><V111/><F111/><W126/><G126/><T128/><D128/><U57/><E70/><V135/><F135/><W15/><G15/><T71/><D3/><U132/><E132/><V54/><F84/><W127/><G127/><T125/><D125/><U58/><E58/><V97/><F97/><W28/><G28/><AGARI ba="0,0" hai="13,17,23,25,28,35,52,55,57,60,67" m="1103" machi="28" ten="30,3900,0" yaku="24,1,52,1,54,1" doraHai="10" who="1" fromWho="3" sc="141,0,524,39,243,0,92,-39" owari="141,-25.9,563,66.3,243,4.3,53,-44.7" /></mjloggm>