<mjloggm ver="2.3"><GO type="225" lobby="0"/><UN n0="%E3%81%BE%E3%81%A8%E3%81%9F" n1="%6D%75%75%6D%75%72%61" n2="%E5%8D%A0%E3%81%84%E5%B8%AB%E8%A3%8F%E3%81%AA%E3%81%84%E3%81%97" n3="%E6%AB%BB%E4%BA%95%E5%A5%8F" dan="16,17,16,17" rate="2064.93,2216.61,2137.26,2214.57" sx="M,F,M,M"/><TAIKYOKU oya="0"/><INIT seed="0,0,0,4,3,60" ten="250,250,250,250" oya="0" hai0="79,81,7,35,32,109,19,21,92,40,20,30,44" hai1="98,105,49,116,119,123,45,97,27,110,13,77,51" hai2="82,86,74,108,14,94,125,112,54,85,103,127,25" hai3="71,2,26,50,76,102,1,22,124,0,31,28,126"/><T36/><D109/><U43/><E123/><V90/><F112/><W56/><G71/><T61/><D30/><U17/><E110/><V34/><F108/><W4/><G102/><T91/><D21/><U42/><E77/><V80/><F14/><W41/><G76/><T63/><D7/><U8/><E27/><V6/><F6/><W48/><G31/><T134/><D134/><U23/><E23/><V12/><F12/><W73/><G73/><T96/><D35/><U16/><E17/><V62/><F103/><W115/><G115/><T10/><D10/><U18/><E18/><V53/><F74/><W65/><G4/><T39/><D39/><U24/><E24/><V57/><F53/><W70/><G70/><T113/><D32/><U47/><REACH who="1" step="1"/><E105/><REACH who="1" ten="250,240,250,250" step="2"/><V37/><F25/><W68/><G26/><T88/><D113/><U122/><E122/><V87/><F34/><W95/><G22/><T69/><D79/><U99/><AGARI ba="0,1" hai="8,13,16,42,43,45,47,49,51,97,98,99,116,119" machi="99" ten="30,7900,0" yaku="1,1,0,1,9,1,54,1,53,0" doraHai="60" doraHaiUra="120" who="1" fromWho="1" sc="250,-39,240,89,250,-20,250,-20" /><INIT seed="1,0,0,3,3,39" ten="211,329,230,230" oya="1" hai0="93,68,1,114,0,75,134,72,47,5,56,121,80" hai1="49,126,118,36,123,33,88,91,96,65,61,22,28" hai2="109,69,18,31,100,110,15,67,2,23,133,131,122" hai3="17,70,53,77,34,104,63,19,79,8,107,129,130"/><U125/><E36/><V54/><F122/><W113/><G34/><T132/><D56/><U62/><E123/><V29/><F100/><W117/><G113/><T32/><D121/><U7/><E33/><V71/><F2/><N who="0" m="1130" /><D47/><U89/><E118/><V127/><F127/><N who="1" m="48649" /><E7/><V24/><F133/><N who="0" m="51306" /><D93/><N who="1" m="56359" /><E49/><V50/><F131/><W115/><G115/><T12/><D80/><U103/><E103/><V97/><F29/><W120/><G120/><T38/><D38/><U108/><E108/><N who="2" m="41579" /><F97/><W35/><G130/><T87/><D87/><U101/><E101/><V124/><F67/><W27/><G129/><T111/><D111/><U30/><E61/><V21/><F124/><W64/><G63/><T59/><D32/><U26/><E30/><V106/><F106/><W116/><G104/><T57/><D114/><U3/><E3/><V78/><F78/><W14/><G79/><T6/><D6/><U45/><E45/><AGARI ba="0,0" hai="15,18,21,23,24,31,45,50,54,69,71" m="41579" machi="45" ten="30,1000,0" yaku="14,1" doraHai="39" who="2" fromWho="1" sc="211,0,329,-10,230,10,230,0" /><INIT seed="2,0,0,0,5,94" ten="211,319,240,230" oya="2" hai0="104,22,69,111,79,124,27,15,48,86,90,81,24" hai1="1,103,40,19,51,113,17,36,92,49,108,80,64" hai2="33,57,47,30,109,135,91,117,110,97,41,63,18" hai3="55,37,52,123,133,8,46,122,115,84,3,60,23"/><V70/><F117/><W42/><G133/><T96/><D111/><N who="2" m="42506" /><F70/><W62/><G23/><T75/><D124/><U4/><E108/><V116/><F116/><W134/><G134/><T9/><D69/><U83/><E36/><N who="2" m="21927" /><F135/><W102/><G102/><T89/><D48/><U106/><E113/><V131/><F131/><W88/><G115/><T127/><D127/><U21/><E106/><V74/><F74/><W0/><G62/><T132/><D132/><U98/><E64/><N who="2" m="39023" /><F18/><W114/><G114/><T35/><D35/><U125/><E125/><V78/><F78/><W128/><G128/><T119/><D119/><U107/><E107/><V20/><F20/><W25/><G123/><T43/><D22/><U5/><E19/><V101/><F91/><W129/><G122/><T67/><D90/><U72/><E72/><V31/><F33/><W66/><G129/><T99/><D67/><U73/><E73/><V7/><F7/><W121/><G121/><T45/><D27/><U105/><E105/><AGARI ba="0,0" hai="30,31,97,101,105" m="39023,21927,42506" machi="105" ten="30,5800,0" yaku="14,1,10,1,52,1" doraHai="94" who="2" fromWho="1" sc="211,0,319,-58,240,58,230,0" /><INIT seed="2,1,0,4,1,93" ten="211,261,298,230" oya="2" hai0="7,79,86,118,98,89,102,109,24,33,23,122,71" hai1="119,34,42,123,82,62,113,77,51,76,46,59,84" hai2="54,117,60,31,19,0,4,35,65,75,111,126,91" hai3="55,114,22,32,12,9,127,2,69,133,88,48,85"/><V74/><F117/><W87/><G32/><T105/><D122/><U30/><E119/><V101/><F126/><W70/><G127/><T125/><D125/><U66/><E113/><V1/><F19/><W17/><G133/><T27/><D118/><U25/><REACH who="1" step="1"/><E123/><REACH who="1" ten="211,251,298,230" step="2"/><V134/><F134/><W39/><G114/><T52/><D109/><U78/><AGARI ba="1,1" hai="25,30,34,42,46,51,59,62,66,76,77,78,82,84" machi="78" ten="20,8000,1" yaku="1,1,2,1,0,1,7,1,53,1" doraHai="93" doraHaiUra="57" who="1" fromWho="1" sc="211,-21,251,93,298,-41,230,-21" /><INIT seed="3,0,0,3,0,65" ten="190,344,257,209" oya="3" hai0="61,35,11,33,24,12,123,117,36,49,131,133,83" hai1="6,13,120,98,112,40,128,121,9,72,85,80,46" hai2="99,76,129,14,78,88,55,39,71,25,93,95,127" hai3="43,8,58,3,50,48,69,29,82,38,10,107,91"/><W54/><G107/><T42/><D117/><U45/><E112/><V68/><F39/><W60/><G29/><T94/><D123/><U21/><E72/><V47/><F129/><W62/><G3/><T100/><D131/><U105/><E128/><V16/><F25/><W37/><G82/><T7/><D133/><U110/><E110/><V31/><F31/><W87/><G87/><T23/><D36/><N who="3" m="13929" /><G91/><T108/><D108/><U81/><E21/><V118/><F118/><W1/><G8/><T4/><D61/><N who="3" m="23657" /><G10/><T0/><D83/><U18/><E18/><V106/><F106/><W59/><G1/><T73/><D73/><U79/><E81/><V97/><F78/><W2/><G2/><T63/><D63/><U57/><E98/><V103/><F76/><W114/><G114/><T102/><D4/><U56/><E105/><V101/><F101/><W132/><G132/><T113/><D113/><U115/><E115/><V41/><F99/><W122/><G122/><N who="1" m="47210" /><E45/><V27/><F27/><W111/><G111/><T66/><D94/><U135/><E135/><V119/><F119/><W19/><G19/><N who="0" m="10727" /><D35/><U126/><E126/><V125/><F95/><W15/><G15/><T92/><D92/><U17/><E17/><V22/><F103/><W67/><G43/><T74/><D74/><U89/><E89/><V53/><F41/><W20/><G20/><T75/><D75/><U52/><E40/><V51/><F127/><W104/><G104/><T84/><D84/><U90/><E79/><V124/><F124/><W109/><G109/><T130/><D102/><U26/><E26/><RYUUKYOKU ba="0,0" sc="190,-10,344,30,257,-10,209,-10" hai1="6,9,13,46,52,56,57,80,85,90" owari="180,-32.0,374,47.4,247,4.7,199,-20.1" /></mjloggm>