<mjloggm ver="2.3"><GO type="225" lobby="0"/><UN n0="%E3%81%8B%E3%82%8F%E3%81%A1%E3%82%83%E3%82%93%35%38" n1="%72%69%6F%75%63%68%61%6E" n2="%E9%B3%B3%E6%9D%B1%E3%81%AE%E3%81%86%E3%81%95%E3%81%8E%E3%81%95%E3%82%93" n3="%E6%97%A5%E6%9B%9C%E6%97%A5%E3%82%88%E3%82%8A%E3%81%AE%E4%BD%BF%E8%80%85" dan="16,17,16,17" rate="2098.09,2152.96,2120.33,2137.13" sx="M,M,M,M"/><TAIKYOKU oya="0"/><INIT seed="0,0,0,0,3,45" ten="250,250,250,250" oya="0" hai0="68,85,91,47,32,10,60,102,49,131,134,20,23" hai1="44,53,113,29,37,39,93,70,63,62,83,25,71" hai2="110,92,38,122,108,19,116,98,129,75,3,67,117" hai3="90,87,81,115,84,43,130,24,42,6,57,89,125"/><T66/><D32/><U121/><E121/><V88/><F3/><W21/><G115/><T17/><D131/><U11/><E113/><V2/><F2/><W26/><G130/><T0/><D134/><U72/><E93/><V22/><F38/><W65/><G125/><T28/><D102/><U73/><E11/><V15/><F129/><W82/><G6/><T103/><D103/><U124/><E124/><V96/><F122/><W74/><G74/><T48/><D28/><U105/><E105/><V120/><F120/><W95/><G95/><T118/><D118/><N who="2" m="45674" /><F75/><N who="1" m="28745" /><E83/><V133/><F133/><W100/><G100/><T1/><D20/><U51/><E25/><V55/><F67/><W54/><G65/><T135/><D135/><U114/><E114/><V61/><F96/><W56/><G21/><T123/><D123/><U79/><E79/><V109/><F61/><N who="1" m="23049" /><E29/><V16/><F55/><AGARI ba="0,0" hai="24,26,42,43,54,55,56,57,81,82,84,87,89,90" machi="55" ten="25,3200,0" yaku="22,2,8,1" doraHai="45" who="3" fromWho="2" sc="250,0,250,0,250,-32,250,32" /><INIT seed="1,0,0,4,4,40" ten="250,250,218,282" oya="1" hai0="20,120,34,39,55,12,86,29,59,119,127,100,117" hai1="38,78,73,111,77,25,54,105,99,90,66,126,7" hai2="14,116,134,115,68,9,82,37,123,53,6,26,94" hai3="63,106,56,113,118,17,102,101,18,45,24,27,43"/><U4/><E126/><V64/><F134/><W32/><G113/><T80/><D39/><U67/><E38/><V98/><F116/><W125/><G125/><T57/><D127/><U72/><E25/><N who="3" m="9802" /><G106/><T107/><D34/><U23/><E23/><V11/><F123/><W93/><G32/><T122/><D29/><U62/><E105/><V95/><F115/><W13/><G118/><T103/><D12/><U70/><E111/><V50/><F37/><W61/><G93/><T33/><D20/><U76/><E66/><V8/><F82/><W49/><G63/><T31/><D33/><U35/><E35/><V60/><F94/><W104/><G104/><T0/><D0/><U79/><E54/><V48/><F50/><W112/><G112/><T46/><D107/><U1/><E1/><V85/><F85/><W81/><G81/><T128/><D80/><U5/><N who="1" m="19456" /><DORA hai="91" /><U96/><REACH who="1" step="1"/><E90/><REACH who="1" ten="250,240,218,282" step="2"/><V51/><F26/><W135/><G135/><T88/><D88/><U71/><E71/><V42/><F42/><W124/><G124/><T83/><D119/><U19/><E19/><N who="3" m="7178" /><G13/><T89/><D117/><U10/><E10/><V114/><F114/><W47/><G47/><T30/><D46/><U87/><E87/><V75/><F11/><W41/><G41/><T92/><D86/><U69/><E69/><V109/><F9/><W108/><G108/><T133/><D133/><U28/><E28/><V44/><F109/><W131/><G131/><T3/><D128/><U84/><E84/><V15/><F15/><W129/><G129/><T130/><D130/><U52/><E52/><AGARI ba="0,1" hai="43,45,49,52,56,61,101,102" m="7178,9802" machi="52" ten="30,7700,0" yaku="6,1,8,1,52,1,54,1" doraHai="40,91" who="3" fromWho="1" sc="250,0,240,-77,218,0,282,87" /><INIT seed="2,0,0,2,5,12" ten="250,163,218,369" oya="2" hai0="46,124,29,134,75,65,89,51,38,40,14,88,52" hai1="135,2,91,79,85,102,31,94,87,26,59,49,28" hai2="53,118,16,42,1,108,72,98,27,74,112,100,62" hai3="56,48,80,115,125,117,126,36,67,132,17,54,69"/><V123/><F112/><W114/><G117/><T129/><D75/><U82/><E2/><V50/><F123/><W58/><G132/><T68/><D134/><U6/><E135/><V25/><F118/><W77/><G69/><T63/><D124/><N who="3" m="47721" /><G36/><T5/><D129/><U97/><E6/><V45/><F1/><W71/><G71/><T121/><D121/><U111/><E111/><V24/><F108/><W70/><G70/><T4/><D29/><U15/><E15/><V57/><REACH who="2" step="1"/><F16/><REACH who="2" ten="250,163,208,369" step="2"/><W35/><G17/><T116/><D116/><U105/><REACH who="1" step="1"/><E26/><REACH who="1" ten="250,153,208,369" step="2"/><V13/><F13/><W81/><G115/><T103/><D4/><U73/><E73/><V64/><F64/><W34/><G114/><T44/><REACH who="0" step="1"/><D103/><REACH who="0" ten="240,153,208,369" step="2"/><U120/><E120/><V93/><AGARI ba="0,3" hai="24,25,27,42,45,50,53,57,62,72,74,93,98,100" machi="93" ten="30,3000,0" yaku="1,1,0,1,53,0" doraHai="12" doraHaiUra="131" who="2" fromWho="2" sc="240,-10,153,-10,208,60,369,-10" /><INIT seed="2,1,0,1,3,57" ten="230,143,268,359" oya="2" hai0="125,87,127,47,15,35,114,85,130,31,119,37,77" hai1="126,28,39,91,30,132,93,89,118,1,58,22,101" hai2="96,70,104,124,98,82,5,14,106,10,103,38,76" hai3="26,36,4,120,68,18,134,92,49,61,67,29,109"/><V64/><F38/><W69/><G120/><T43/><D114/><U52/><E126/><N who="0" m="48137" /><D77/><U90/><E132/><V129/><F124/><W46/><G109/><T20/><D130/><U2/><E118/><V44/><F129/><W97/><G4/><T21/><D119/><U133/><E133/><V13/><F44/><W131/><G131/><T116/><D116/><U54/><E39/><V81/><F14/><W100/><G134/><T95/><D95/><U105/><E105/><V79/><F79/><W45/><G18/><N who="0" m="10335" /><D35/><U33/><E33/><V8/><F8/><W42/><G68/><T3/><D3/><U108/><E108/><V72/><F81/><W56/><G69/><T99/><D99/><U62/><E54/><V122/><F122/><W83/><G83/><T0/><D0/><U102/><E30/><V7/><F7/><W123/><G123/><T73/><D73/><U63/><E63/><V17/><F5/><W128/><G128/><T16/><D31/><U111/><E111/><V112/><F112/><W51/><G46/><T71/><D71/><U55/><E55/><V19/><F19/><W12/><G12/><AGARI ba="1,0" hai="12,16,21,37,43,47,85,87" m="10335,48137" machi="12" ten="30,2000,0" yaku="18,1,54,1" doraHai="57" who="0" fromWho="3" sc="230,23,143,0,268,0,359,-23" /><INIT seed="3,0,0,3,5,65" ten="253,143,268,336" oya="3" hai0="58,97,80,9,57,20,128,63,127,34,124,113,126" hai1="48,103,15,45,41,55,62,118,79,72,47,120,4" hai2="11,50,106,73,91,102,40,90,71,54,68,87,99" hai3="32,96,42,61,119,30,5,0,76,86,123,16,21"/><W27/><G119/><T52/><D34/><U35/><E120/><V105/><F73/><W107/><G123/><T116/><D116/><U131/><E118/><V36/><F106/><W19/><G42/><T67/><D128/><U59/><E131/><V108/><F108/><W70/><G86/><T12/><D113/><U117/><E117/><V60/><F60/><W92/><G76/><T69/><D20/><U95/><E35/><V25/><F25/><W2/><G92/><T100/><D80/><U49/><E72/><V98/><F98/><W29/><G29/><T89/><D89/><U75/><E75/><V24/><F24/><N who="3" m="14375" /><G5/><N who="0" m="3119" /><D52/><U43/><E79/><V39/><F91/><W82/><G82/><T111/><D111/><U44/><E44/><V33/><F33/><W78/><G19/><T18/><D18/><U77/><E77/><V22/><F22/><W132/><G78/><T7/><D7/><U37/><E37/><V56/><F11/><W134/><G0/><T133/><D133/><U115/><E115/><V109/><F109/><W129/><G2/><T121/><D121/><U66/><E4/><V88/><F90/><W10/><G10/><T110/><D110/><U101/><E15/><V81/><REACH who="2" step="1"/><F36/><REACH who="2" ten="253,143,258,336" step="2"/><W8/><G8/><T23/><D23/><U104/><E104/><AGARI ba="0,1" hai="57,58,63,67,69,97,100,104,124,126,127" m="3119" machi="104" ten="30,2000,0" yaku="18,1,52,1" doraHai="65" who="0" fromWho="1" sc="253,30,143,-20,258,0,336,0" owari="283,8.3,123,-37.7,258,-14.2,336,43.6" /></mjloggm>