<mjloggm ver="2.3"><GO type="225" lobby="0"/><UN n0="%E3%81%8B%E3%82%8F%E3%81%A1%E3%82%83%E3%82%93%35%38" n1="%E5%A4%96%E5%B7%9D%E7%AB%9C%E6%88%90" n2="%E9%87%8E%E3%80%85%E5%AE%AE%E8%97%8D" n3="%E5%B8%86%E7%AB%8B%E5%A4%8F%E8%A1%A3" dan="16,16,16,16" rate="2104.38,2164.89,2116.53,2166.75" sx="M,M,F,M"/><TAIKYOKU oya="0"/><INIT seed="0,0,0,1,5,0" ten="250,250,250,250" oya="0" hai0="29,59,39,52,36,121,107,58,101,33,110,129,46" hai1="22,131,2,98,6,48,28,26,20,25,118,62,14" hai2="12,123,42,27,130,50,13,124,104,91,89,90,10" hai3="60,106,40,114,93,70,78,65,15,34,127,102,126"/><T85/><D107/><U79/><E118/><V11/><F123/><W16/><G114/><T117/><D101/><U128/><E79/><V75/><F124/><N who="3" m="47659" /><G78/><T73/><D29/><U43/><E62/><V96/><F75/><W17/><G40/><T37/><D33/><U97/><E2/><V76/><F76/><W81/><G81/><T83/><D85/><U45/><E131/><V31/><F130/><W7/><G34/><T23/><D23/><U109/><E109/><V57/><F104/><W19/><G106/><T47/><D83/><U119/><E119/><V30/><F96/><N who="3" m="59663" /><G7/><T74/><D117/><U38/><E38/><V99/><F99/><W82/><G82/><T113/><D37/><U86/><E86/><V61/><F42/><W94/><G94/><T108/><D113/><U4/><E128/><V134/><F134/><W84/><G84/><T80/><D80/><U21/><E98/><V53/><F50/><W66/><G66/><T100/><D129/><U115/><E97/><V69/><F69/><W24/><G24/><T68/><D100/><U41/><E41/><V112/><F112/><W72/><G72/><T51/><D68/><U44/><E115/><V111/><F111/><W18/><G18/><T35/><D51/><U55/><E26/><V135/><F135/><W56/><G70/><T132/><D132/><U67/><E67/><V103/><F103/><W63/><G63/><T92/><D92/><U88/><E25/><V120/><F120/><W71/><G71/><T133/><D121/><U8/><E43/><V95/><F27/><W32/><G32/><RYUUKYOKU ba="0,0" sc="250,-10,250,-10,250,-10,250,30" hai3="15,16,17,19,56,60,65" /><INIT seed="1,1,0,0,3,3" ten="240,240,240,280" oya="1" hai0="55,107,83,8,115,89,74,0,114,88,64,47,37" hai1="87,35,19,90,62,9,1,104,36,6,31,4,118" hai2="60,49,111,105,110,76,59,50,22,73,85,27,68" hai3="98,117,67,75,81,23,125,51,13,129,113,128,108"/><U121/><E118/><V15/><F105/><W26/><G113/><T66/><D107/><U41/><E121/><V79/><F68/><W95/><G108/><N who="2" m="41513" /><F85/><W20/><G125/><T101/><D101/><U109/><E109/><V97/><F97/><W70/><G117/><T14/><D0/><U54/><E104/><V124/><F15/><W96/><G51/><N who="2" m="19465" /><F73/><W33/><G98/><T18/><D37/><U119/><E119/><V57/><F124/><W17/><G96/><T86/><D74/><U63/><E1/><V25/><F59/><W122/><G122/><T91/><D115/><U123/><E87/><V16/><F27/><W44/><G70/><T93/><D114/><U21/><E123/><V46/><F46/><W32/><G44/><T39/><D39/><U135/><E90/><N who="0" m="34313" /><D93/><U131/><E131/><V2/><F2/><W12/><G95/><T71/><D71/><U45/><E45/><V103/><F103/><W112/><G112/><T48/><AGARI ba="1,0" hai="8,14,18,47,48,55,64,66,83,86,88" m="34313" machi="48" ten="30,4000,0" yaku="25,1,8,1,54,1" doraHai="3" who="0" fromWho="0" sc="240,43,240,-21,240,-11,280,-11" /><INIT seed="2,0,0,3,1,133" ten="283,219,229,269" oya="2" hai0="43,31,86,87,63,29,11,41,7,14,71,17,53" hai1="13,115,132,52,99,103,22,114,111,74,2,73,118" hai2="66,97,47,39,106,119,5,42,94,54,65,38,108" hai3="130,27,61,124,135,10,109,116,96,89,100,76,84"/><V101/><F119/><W25/><G116/><T112/><D112/><U92/><E118/><V121/><F121/><W9/><G109/><T123/><D123/><U83/><E2/><V44/><F108/><W69/><G130/><T117/><D117/><U20/><E111/><V49/><F38/><W40/><G135/><T37/><D37/><U24/><E132/><V35/><F35/><W128/><G40/><N who="0" m="15435" /><D71/><U122/><E122/><V45/><F45/><W26/><G76/><T3/><D3/><U98/><E13/><V59/><F5/><W58/><G69/><T75/><D75/><U51/><E99/><V12/><F47/><W30/><G124/><T33/><D33/><U55/><E20/><V60/><F12/><W93/><G128/><T127/><D127/><U0/><E0/><V6/><F6/><W18/><G18/><T48/><D63/><U16/><E55/><V134/><F134/><W104/><REACH who="3" step="1"/><G30/><REACH who="3" ten="283,219,229,259" step="2"/><N who="0" m="11275" /><D17/><U1/><E114/><V79/><F79/><W95/><G95/><T34/><D34/><U90/><E115/><V8/><F39/><W120/><G120/><T125/><D125/><U129/><E129/><V113/><F113/><W131/><G131/><T64/><D7/><U21/><E73/><V36/><F36/><W70/><G70/><T4/><D4/><U88/><E74/><V68/><F68/><W28/><G28/><T80/><D80/><U15/><E83/><V110/><F110/><W81/><G81/><T82/><D82/><U102/><E92/><V78/><F94/><W91/><G91/><T23/><D23/><N who="1" m="11679" /><E90/><V105/><F78/><RYUUKYOKU ba="0,1" sc="283,-10,219,-10,229,-10,259,30" hai3="9,10,25,26,27,58,61,84,89,93,96,100,104" /><INIT seed="3,1,1,3,2,132" ten="273,209,219,289" oya="3" hai0="87,8,89,22,9,51,48,37,78,49,13,2,7" hai1="135,90,103,39,76,25,107,3,27,108,117,93,28" hai2="101,134,6,81,102,70,119,75,50,5,18,88,52" hai3="26,41,85,36,122,104,30,112,86,62,111,106,43"/><W46/><G112/><T84/><D37/><U128/><E39/><V38/><F119/><W124/><G124/><T82/><D22/><U114/><E114/><V0/><F38/><W97/><G122/><T16/><D49/><U14/><E3/><V42/><F70/><W23/><G43/><T116/><D116/><U11/><E135/><V91/><F42/><W83/><G111/><T60/><D60/><U105/><E108/><V55/><F134/><W19/><G97/><T127/><D127/><U33/><E117/><V69/><F69/><W80/><G62/><T29/><D29/><U59/><E128/><V20/><F0/><W100/><G100/><N who="2" m="38505" /><F75/><W10/><G10/><T123/><D123/><U131/><E131/><V121/><F55/><W65/><G65/><T1/><D1/><U21/><E103/><V56/><F121/><W57/><G57/><T120/><D120/><U47/><E59/><V44/><F44/><W15/><G85/><T58/><D58/><U99/><E47/><V12/><F81/><AGARI ba="1,1" hai="2,7,8,9,13,16,48,51,78,81,82,84,87,89" machi="81" ten="30,2000,0" yaku="7,1,54,1" doraHai="132" who="0" fromWho="2" sc="273,33,209,0,219,-23,289,0" owari="306,40.6,209,-19.1,196,-30.4,289,8.9" /></mjloggm>