<mjloggm ver="2.3"><GO type="225" lobby="0"/><UN n0="%E6%9D%B1%E9%A2%A8%E3%81%AE%E3%81%8D%E3%82%83%E3%81%B7%E3%81%95%E3%82%93" n1="%E6%81%A5%E6%99%92%E3%81%97" n2="%E8%90%BD%E6%97%A5" n3="%E6%A1%9C%E8%8A%B1%E9%96%83%E3%80%85" dan="17,16,16,16" rate="2185.21,2112.66,2168.16,2211.26" sx="M,M,F,M"/><TAIKYOKU oya="0"/><INIT seed="0,0,0,1,5,74" ten="250,250,250,250" oya="0" hai0="64,10,68,104,99,55,129,90,75,3,107,12,124" hai1="50,93,22,32,108,122,7,91,30,102,61,13,118" hai2="89,51,6,40,54,31,134,128,20,95,17,76,58" hai3="66,56,23,37,59,70,67,44,88,34,69,127,33"/><T132/><D75/><U119/><E108/><V112/><F112/><W87/><G23/><T123/><D3/><U126/><E126/><V80/><F128/><W11/><G11/><T82/><D124/><U85/><E122/><V100/><F134/><W73/><G73/><T60/><D129/><U49/><E32/><V103/><F31/><W133/><G127/><T4/><D132/><U2/><E2/><V77/><F6/><W52/><G133/><T19/><D123/><U46/><E61/><V1/><F40/><N who="3" m="22543" /><G88/><T116/><D116/><U131/><E131/><V36/><F36/><W98/><G87/><T41/><D41/><U43/><E102/><N who="2" m="38955" /><F80/><W65/><G98/><T130/><D130/><U14/><E118/><V26/><F1/><W8/><G8/><T79/><D55/><U106/><E106/><V109/><F109/><W38/><G33/><T25/><D25/><N who="1" m="16695" /><E7/><V48/><F51/><N who="3" m="30751" /><G34/><T113/><D4/><U117/><E119/><V24/><F24/><W39/><G59/><T86/><REACH who="0" step="1"/><D113/><REACH who="0" ten="240,250,250,250" step="2"/><U35/><E117/><V110/><F110/><W92/><G92/><AGARI ba="0,1" hai="10,12,19,60,64,68,79,82,86,90,92,99,104,107" machi="92" ten="40,7700,0" yaku="1,1,2,1,52,1,53,0" doraHai="74" doraHaiUra="18" who="0" fromWho="3" sc="240,87,250,0,250,0,250,-77" /><INIT seed="0,1,0,5,5,23" ten="327,250,250,173" oya="0" hai0="105,110,47,22,62,71,43,125,108,5,127,61,16" hai1="102,25,124,97,28,131,9,103,3,64,46,119,44" hai2="55,26,13,88,36,106,11,7,109,126,31,57,133" hai3="54,1,117,96,87,68,40,85,122,95,65,32,38"/><T86/><D105/><U128/><E119/><V114/><F114/><W59/><G1/><T20/><D86/><U50/><E124/><N who="0" m="47689" /><D5/><N who="1" m="1215" /><E64/><V100/><F126/><W49/><G117/><T135/><D135/><U77/><E77/><V93/><F133/><W19/><G122/><T37/><D22/><U123/><E123/><V67/><F109/><N who="0" m="42090" /><D71/><U8/><E8/><V10/><F10/><W113/><G87/><T29/><D29/><U24/><E28/><V132/><F132/><W30/><G85/><T90/><D90/><U21/><E21/><V58/><F106/><W42/><G68/><T81/><D81/><U72/><E72/><V53/><F100/><W98/><G30/><T34/><D34/><U4/><E103/><V15/><F11/><W101/><G32/><T66/><D66/><U78/><E4/><V104/><F67/><W18/><G65/><T14/><AGARI ba="1,0" hai="14,16,20,37,43,47,61,62" m="42090,47689" machi="14" ten="30,11700,0" yaku="18,1,14,1,10,1,54,1" doraHai="23" who="0" fromWho="0" sc="327,120,250,-40,250,-40,173,-40" /><INIT seed="0,2,0,1,3,116" ten="447,210,210,133" oya="0" hai0="81,7,77,57,129,124,15,38,133,75,33,40,60" hai1="61,51,4,32,41,43,34,62,14,85,10,118,103" hai2="126,132,89,39,47,35,59,111,127,53,68,74,96" hai3="119,105,17,31,135,108,99,114,0,80,13,54,46"/><T21/><D33/><U93/><E118/><V92/><F111/><W71/><G119/><T123/><D123/><U65/><E62/><V79/><F68/><W70/><G114/><T95/><D133/><U27/><E34/><V28/><F132/><W67/><G0/><T1/><D129/><U88/><E103/><V130/><F130/><W100/><G135/><T121/><D124/><U42/><E51/><V76/><F28/><W30/><G108/><T52/><D121/><U3/><E3/><V98/><F35/><W91/><G67/><T131/><D131/><U122/><E122/><V120/><F98/><W107/><G107/><T16/><D95/><U78/><E78/><V20/><F20/><W104/><G71/><T84/><D75/><U8/><E8/><V69/><F69/><W90/><G90/><T29/><D29/><U117/><E117/><V102/><F102/><W86/><G70/><T56/><D56/><N who="1" m="37031" /><E32/><V128/><F128/><W106/><G106/><T134/><D134/><U64/><E27/><V109/><F109/><W49/><REACH who="3" step="1"/><G105/><REACH who="3" ten="447,210,210,123" step="2"/><T2/><D1/><U112/><E112/><V22/><F120/><W83/><G83/><T110/><D110/><U18/><E64/><V6/><F126/><W12/><G12/><T5/><D2/><U48/><E48/><V73/><F127/><W37/><G37/><T11/><D38/><U82/><E82/><V125/><F125/><W19/><G19/><AGARI ba="2,1" hai="4,10,14,18,19,41,42,43,85,88,93" m="37031" machi="19" ten="30,2000,0" yaku="8,1,54,1" doraHai="116" who="1" fromWho="3" sc="447,0,210,36,210,0,123,-26" /><INIT seed="1,0,0,1,0,74" ten="447,246,210,97" oya="1" hai0="98,83,65,133,82,94,48,91,36,10,97,117,72" hai1="69,88,119,4,132,118,66,49,25,37,51,50,23" hai2="22,96,39,5,26,14,120,76,78,64,102,122,105" hai3="34,13,70,20,46,125,8,113,116,30,17,6,121"/><U110/><E37/><V92/><F39/><W73/><G70/><T35/><D133/><U19/><E132/><V86/><F64/><W47/><G113/><T3/><D117/><U54/><E110/><V104/><F14/><W129/><G116/><T127/><D127/><U27/><E4/><V63/><F5/><W55/><G121/><N who="2" m="46697" /><F22/><W80/><G129/><T62/><D35/><U84/><E54/><V87/><F26/><N who="3" m="18775" /><G55/><T0/><D36/><U112/><E27/><V115/><F63/><W90/><G125/><T67/><D67/><U71/><E112/><V99/><F115/><W2/><G90/><T21/><D98/><U9/><E9/><V38/><F38/><W85/><G85/><N who="2" m="32265" /><F105/><W11/><G11/><T42/><D21/><U32/><E32/><V77/><F77/><AGARI ba="0,0" hai="2,6,8,13,17,20,46,47,73,77,80" m="18775" machi="77" ten="30,2000,0" yaku="24,1,52,1" doraHai="74" who="3" fromWho="2" sc="447,0,246,0,210,-20,97,20" /><INIT seed="2,0,0,5,4,46" ten="447,246,190,117" oya="2" hai0="15,128,84,102,107,64,134,98,79,75,25,109,1" hai1="0,2,8,129,19,127,37,29,112,26,131,96,114" hai2="80,22,17,97,30,12,83,119,113,93,24,132,130" hai3="3,35,62,60,121,23,81,14,38,9,10,49,111"/><V28/><F113/><N who="1" m="43625" /><E37/><V32/><F119/><W69/><G121/><T36/><D1/><N who="1" m="619" /><E96/><V40/><F130/><N who="1" m="49673" /><E127/><V27/><F132/><W101/><G38/><T44/><D134/><U66/><E66/><V115/><F115/><W4/><G101/><T45/><D128/><U7/><E19/><V58/><F40/><W53/><G69/><T85/><D109/><U99/><E99/><V124/><F124/><W78/><G60/><T100/><D100/><U77/><E77/><V118/><F118/><W63/><G111/><T72/><D64/><U89/><E89/><V20/><REACH who="2" step="1"/><F58/><REACH who="2" ten="447,246,180,117" step="2"/><W47/><G35/><T42/><D107/><U59/><E59/><V74/><F74/><W117/><G117/><T88/><D75/><U120/><E120/><V5/><F5/><W106/><G4/><T39/><D72/><U33/><E7/><V125/><F125/><W18/><G47/><T90/><D44/><U76/><E76/><V68/><F68/><W51/><G78/><T21/><D42/><U86/><E86/><V55/><F55/><W56/><G53/><T105/><D45/><U70/><E70/><V126/><F126/><W92/><G56/><T95/><D79/><U6/><E6/><V82/><F82/><W135/><G81/><N who="0" m="49167" /><D36/><U108/><E108/><V31/><F31/><W103/><G3/><T50/><D39/><U65/><E65/><V122/><F122/><W61/><G135/><T116/><D116/><U16/><E16/><V110/><F110/><W104/><G18/><T67/><D67/><U43/><E43/><V57/><F57/><W13/><G104/><RYUUKYOKU ba="0,1" sc="447,-15,246,15,180,15,117,-15" hai1="8,26,29,33" hai2="12,17,20,22,24,27,28,30,32,80,83,93,97" /><INIT seed="2,1,1,1,3,53" ten="432,261,195,102" oya="2" hai0="10,109,98,71,128,64,25,86,44,56,74,26,108" hai1="92,77,63,15,17,127,75,93,43,31,57,13,100" hai2="133,4,39,80,51,62,30,23,88,22,18,60,29" hai3="114,118,111,14,72,119,16,70,6,8,47,49,3"/><V110/><F39/><W106/><G111/><T28/><D74/><U91/><E127/><V112/><F112/><W131/><G114/><T107/><D71/><U27/><E43/><V96/><F133/><W38/><G38/><T90/><D128/><U134/><E134/><V52/><F4/><W41/><G131/><T21/><D10/><U32/><E75/><V132/><F110/><N who="0" m="42602" /><D44/><U79/><E100/><V54/><F132/><W37/><G106/><T7/><D7/><U104/><E104/><V115/><F115/><W87/><G70/><T65/><D56/><U83/><E15/><N who="2" m="9567" /><F23/><W101/><G72/><T59/><D59/><U42/><E42/><V129/><F129/><W102/><G37/><T19/><D98/><U89/><E13/><V81/><F81/><W124/><G124/><T24/><D107/><U12/><E12/><V58/><F62/><W97/><G87/><T9/><D25/><U11/><E63/><V84/><F96/><W1/><G1/><T36/><D9/><U116/><E11/><V48/><F60/><W35/><G35/><N who="0" m="20871" /><D36/><U117/><E32/><V55/><F55/><W105/><REACH who="3" step="1"/><G101/><REACH who="3" ten="432,261,195,92" step="2"/><T20/><D20/><AGARI ba="1,2" hai="3,6,8,14,16,20,41,47,49,97,102,105,118,119" machi="20" ten="30,7700,0" yaku="1,1,2,1,7,1,54,1,53,0" doraHai="53" doraHaiUra="82" who="3" fromWho="0" sc="432,-80,261,0,195,0,92,100" /><INIT seed="3,0,0,5,0,18" ten="352,261,195,192" oya="3" hai0="68,130,120,121,22,12,13,55,88,86,106,112,77" hai1="40,5,108,133,7,101,16,35,2,76,64,70,114" hai2="115,20,135,21,10,94,116,26,34,73,80,93,56" hai3="132,47,61,58,78,39,63,105,109,33,30,92,131"/><W36/><G105/><T81/><D68/><U8/><E114/><V127/><F115/><W6/><G131/><T84/><D106/><U57/><E35/><V95/><F116/><W110/><G6/><T91/><D112/><U1/><E108/><N who="3" m="41578" /><G78/><T3/><D3/><U14/><E70/><V125/><F135/><W48/><G92/><T27/><D130/><U67/><E133/><V117/><F117/><W4/><G132/><T82/><D77/><U89/><E76/><N who="2" m="44047" /><F10/><W59/><G4/><T99/><D99/><U74/><E7/><V43/><F43/><N who="3" m="24703" /><G30/><T60/><D121/><U102/><E101/><V25/><F56/><N who="3" m="21547" /><G33/><T17/><D120/><U51/><E2/><V71/><F71/><W49/><G49/><T42/><D42/><U90/><E40/><V11/><F11/><W19/><G19/><T107/><D107/><U123/><E16/><V87/><F87/><W111/><N who="3" m="41586" /><W45/><DORA hai="96" /><G45/><T122/><D122/><U9/><E51/><V41/><F41/><W31/><G31/><T44/><D44/><U124/><E5/><V97/><F97/><W28/><G28/><T0/><D0/><U32/><E32/><V118/><F118/><W66/><G66/><T23/><D23/><N who="2" m="8778" /><F34/><W104/><G104/><T46/><D46/><U75/><E1/><V62/><F62/><AGARI ba="0,0" hai="36,39,61,62,63" m="21547,24703,41586" machi="62" ten="40,12000,1" yaku="14,1,10,1,34,2" doraHai="18,96" who="3" fromWho="2" sc="352,0,261,0,195,-120,192,120" /><INIT seed="3,1,0,2,1,64" ten="352,261,75,312" oya="3" hai0="96,123,114,133,110,28,3,57,67,4,24,51,50" hai1="13,125,49,6,127,21,15,94,100,115,2,32,29" hai2="31,1,54,9,103,22,111,5,35,105,120,73,121" hai3="81,93,101,65,109,39,45,126,48,25,117,98,97"/><W60/><G117/><T102/><D123/><U108/><E49/><V20/><F54/><W78/><G126/><N who="1" m="48138" /><E94/><V134/><F103/><W90/><G109/><T129/><D133/><U77/><E100/><V91/><F91/><W53/><G25/><T116/><D129/><U11/><E77/><V42/><F42/><W82/><G39/><T99/><D114/><U69/><E108/><V132/><F105/><W88/><G98/><T86/><D86/><U135/><E135/><V41/><F41/><W12/><G12/><N who="1" m="4682" /><E69/><V0/><F73/><W112/><G112/><T36/><D36/><U58/><E58/><V66/><F66/><W52/><G53/><T107/><D99/><U85/><E85/><V34/><F111/><W40/><G40/><T70/><D110/><U75/><E75/><V104/><F104/><W56/><G82/><T19/><D116/><U122/><E115/><V124/><F124/><W47/><G45/><T37/><D37/><U16/><E122/><V63/><F63/><W118/><G118/><T14/><D70/><U83/><E83/><V92/><F92/><W33/><G33/><T23/><D57/><U80/><E80/><V59/><F59/><W128/><G128/><T130/><D67/><U87/><E87/><AGARI ba="1,0" hai="47,48,52,56,60,65,78,81,87,88,90,93,97,101" machi="87" ten="30,11600,0" yaku="7,1,8,1,54,2" doraHai="64" who="3" fromWho="1" sc="352,0,261,-119,75,0,312,119" owari="352,15.2,142,-25.8,75,-42.5,431,53.1" /></mjloggm>