<mjloggm ver="2.3"><GO type="225" lobby="0"/><UN n0="%E3%81%AA%E3%81%BE%E3%81%91%E8%80%85" n1="%E8%81%B7%E6%A5%AD%E3%80%81%E9%A2%A8%32" n2="%6D%75%75%6D%75%72%61" n3="%67%61%79%75%6E%79" dan="16,16,16,16" rate="2078.42,2136.88,2167.43,2137.51" sx="M,M,F,M"/><TAIKYOKU oya="0"/><INIT seed="0,0,0,4,5,42" ten="250,250,250,250" oya="0" hai0="19,109,115,56,3,29,12,80,74,14,135,33,2" hai1="34,36,8,119,68,5,6,77,123,103,107,134,100" hai2="129,113,22,66,112,40,81,27,46,97,44,127,1" hai3="61,50,30,91,54,67,39,114,99,47,111,85,117"/><T88/><D115/><U132/><E119/><V70/><F129/><W90/><G114/><T71/><D71/><U65/><E36/><V43/><F127/><W63/><G117/><T13/><D74/><U18/><E34/><V15/><F1/><W16/><G111/><T86/><D135/><U124/><E123/><V95/><F70/><W31/><G39/><T78/><D109/><U52/><E124/><V82/><F15/><W10/><G99/><T122/><D122/><U104/><E77/><V116/><F66/><W7/><G91/><T55/><D19/><U92/><E18/><N who="2" m="12759" /><F116/><W126/><G126/><T73/><D29/><U130/><E6/><V98/><F98/><W94/><G16/><T125/><D33/><U108/><E108/><V121/><F121/><W17/><G17/><T53/><D53/><U45/><E130/><V32/><F32/><W83/><G83/><N who="2" m="31753" /><F113/><W118/><G118/><T26/><D26/><U84/><E65/><V102/><F112/><W28/><REACH who="3" step="1"/><G67/><REACH who="3" ten="250,250,250,240" step="2"/><T41/><D125/><U72/><E132/><V133/><F133/><W58/><G58/><T96/><D56/><U11/><E134/><V89/><F89/><W9/><G9/><T120/><D96/><U60/><E11/><V48/><F48/><W49/><G49/><T59/><D80/><U24/><E8/><V76/><F76/><W38/><G38/><T105/><D78/><U64/><E64/><V20/><F20/><W101/><G101/><T25/><D88/><U37/><E37/><V57/><F57/><W51/><G51/><T4/><D59/><U128/><E103/><RYUUKYOKU ba="0,1" sc="250,-15,250,-15,250,15,240,15" hai2="40,43,44,46,95,97,102" hai3="7,10,28,30,31,47,50,54,61,63,85,90,94" /><INIT seed="1,1,1,3,4,89" ten="235,235,265,255" oya="1" hai0="106,60,134,39,4,130,81,86,71,78,16,98,47" hai1="79,85,105,66,55,9,107,31,23,5,90,14,58" hai2="116,53,132,6,12,57,59,102,123,69,15,67,131" hai3="34,126,110,100,99,95,43,10,33,93,19,115,41"/><U97/><E66/><V82/><F116/><W37/><G115/><T29/><D29/><U101/><E79/><V7/><F123/><W87/><G110/><T20/><D4/><N who="2" m="1578" /><F69/><W96/><G126/><T42/><D134/><U103/><E31/><V25/><F132/><W76/><G37/><T117/><D130/><U50/><E23/><V113/><F131/><W119/><G119/><T52/><D117/><U11/><E9/><V30/><F113/><W109/><G109/><T2/><D2/><U3/><E14/><V68/><F68/><W72/><G72/><T44/><D71/><U48/><E50/><V62/><F102/><N who="3" m="60687" /><G33/><T32/><D32/><U84/><REACH who="1" step="1"/><E90/><REACH who="1" ten="235,225,265,255" step="2"/><V64/><F64/><W1/><G34/><T121/><D78/><U17/><E17/><V91/><F30/><W63/><G1/><T18/><D18/><U45/><E45/><V49/><F25/><W26/><G10/><T54/><D44/><U127/><E127/><V22/><F22/><N who="3" m="13663" /><G63/><T40/><D60/><U51/><E51/><V135/><F135/><W129/><G129/><T94/><D20/><U73/><E73/><V27/><F27/><W35/><G35/><T13/><D16/><U21/><E21/><V36/><F36/><W80/><AGARI ba="1,2" hai="41,43,76,80,87,95,99,100" m="13663,60687" machi="80" ten="30,4000,0" yaku="8,1,52,2" doraHai="89" who="3" fromWho="3" sc="235,-11,225,-21,265,-11,255,63" /><INIT seed="2,0,0,0,1,118" ten="224,204,254,318" oya="2" hai0="105,102,133,54,34,85,100,13,44,130,33,5,124" hai1="15,88,47,81,104,26,98,113,71,75,112,29,86" hai2="103,97,10,132,37,101,16,17,66,110,70,108,123" hai3="128,14,120,131,125,48,134,41,94,114,45,36,80"/><V60/><F132/><W40/><G134/><T3/><D133/><U73/><E71/><V6/><F37/><W135/><G135/><T68/><D68/><U77/><E47/><V95/><F103/><W22/><G125/><T39/><D3/><U69/><E69/><V0/><REACH who="2" step="1"/><F123/><REACH who="2" ten="224,204,244,318" step="2"/><W127/><G120/><T117/><D39/><U116/><E116/><V57/><F57/><W11/><G127/><T2/><D102/><U92/><E112/><V43/><F43/><W51/><G114/><T83/><D100/><U64/><E113/><V8/><F8/><W121/><G40/><T111/><D124/><U76/><E104/><V89/><F89/><W106/><G121/><T115/><D105/><U63/><E77/><V90/><F90/><W109/><G106/><T82/><D115/><U12/><E76/><V9/><F9/><W65/><G11/><T129/><D117/><U74/><E88/><V24/><F24/><W32/><G41/><T84/><D130/><U58/><E26/><V119/><F119/><W18/><G36/><T91/><D129/><U21/><E58/><V72/><F72/><W59/><G59/><T27/><D91/><N who="1" m="51663" /><E73/><V52/><F52/><W25/><G131/><T7/><D27/><N who="1" m="16623" /><E74/><V53/><F53/><W49/><G25/><T1/><D54/><U62/><E75/><V67/><F67/><W56/><G65/><T61/><D84/><U28/><E64/><V122/><F122/><W31/><G128/><T20/><D85/><U19/><E28/><V93/><F93/><W4/><G31/><T126/><D126/><U30/><E30/><RYUUKYOKU ba="0,1" sc="224,-10,204,-10,244,30,318,-10" hai2="0,6,10,16,17,60,66,70,95,97,101,108,110" /><INIT seed="2,1,1,1,0,120" ten="214,194,274,308" oya="2" hai0="65,108,54,63,119,62,68,44,80,4,89,95,77" hai1="26,122,123,13,110,6,127,84,33,27,106,52,111" hai2="56,72,73,78,23,30,57,41,85,3,46,75,109" hai3="100,114,60,91,74,34,2,104,0,130,1,93,21"/><V53/><F3/><W10/><G34/><T133/><D133/><U29/><E106/><V113/><F113/><W48/><G74/><T24/><D119/><U31/><E127/><V32/><F32/><W71/><G114/><T28/><D4/><U38/><E38/><V59/><F109/><N who="1" m="41481" /><E84/><V20/><F53/><W5/><G100/><T17/><D108/><U135/><E135/><V22/><F30/><N who="1" m="11273" /><E52/><V39/><REACH who="2" step="1"/><F85/><REACH who="2" ten="214,194,264,308" step="2"/><W128/><G130/><T124/><D54/><U11/><E33/><V49/><F49/><W102/><G48/><T117/><D28/><U87/><E87/><V134/><F134/><W92/><G128/><T88/><D124/><U47/><E47/><V103/><F103/><W79/><G102/><T125/><D44/><U82/><E82/><AGARI ba="1,2" hai="20,22,23,39,41,46,56,57,59,72,73,75,78,82" machi="82" ten="40,3900,0" yaku="1,1,53,1" doraHai="120" doraHaiUra="36" who="2" fromWho="1" sc="214,0,194,-42,264,62,308,0" /><INIT seed="2,2,0,0,3,25" ten="214,152,326,308" oya="2" hai0="108,93,94,17,74,103,42,38,65,128,113,15,102" hai1="46,110,70,43,29,87,2,37,77,9,96,27,97" hai2="100,31,60,61,106,122,13,73,125,53,76,117,33" hai3="48,39,135,101,107,16,50,69,5,56,131,116,78"/><V0/><F117/><W21/><G39/><T111/><D113/><U88/><E70/><V54/><F0/><W3/><G69/><T114/><D114/><U79/><E110/><V91/><F122/><W124/><G116/><T132/><D65/><U86/><E2/><V120/><F120/><W95/><G131/><T81/><D42/><U41/><E9/><V92/><F125/><W20/><G135/><T58/><D38/><U47/><E86/><V35/><F106/><W112/><G112/><T57/><D15/><U80/><E79/><V72/><F100/><W22/><G107/><T45/><D45/><U119/><E77/><V19/><F76/><W8/><G124/><T62/><D62/><U26/><E26/><V130/><F130/><W118/><G78/><T127/><D81/><U51/><E119/><V28/><F13/><W90/><G101/><T30/><D127/><U129/><REACH who="1" step="1"/><E129/><REACH who="1" ten="214,142,326,308" step="2"/><V115/><F115/><W14/><G118/><T1/><D128/><U121/><E121/><V4/><F73/><W18/><G3/><T44/><D74/><U99/><E99/><V59/><F72/><W64/><G8/><T32/><D1/><U85/><E85/><V98/><F98/><W133/><G5/><T23/><D111/><U123/><E123/><V24/><F4/><W83/><G14/><T68/><D68/><U71/><E71/><V34/><F24/><W12/><G12/><T82/><D108/><U66/><E66/><V36/><F36/><W7/><G7/><T134/><D134/><U109/><E109/><V55/><F61/><W49/><G133/><RYUUKYOKU ba="2,1" sc="214,-10,142,30,326,-10,308,-10" hai1="27,29,37,41,43,46,47,51,80,87,88,96,97" /><INIT seed="3,3,1,2,2,28" ten="204,172,316,298" oya="3" hai0="100,18,9,8,13,55,64,80,129,72,10,112,44" hai1="65,27,79,121,22,84,115,41,15,23,135,33,12" hai2="132,7,69,85,122,32,37,2,52,39,35,125,102" hai3="107,110,30,36,106,24,86,90,113,50,21,67,1"/><W126/><G113/><T42/><D112/><U131/><E115/><V92/><F69/><W81/><G36/><T83/><D129/><U5/><E121/><V114/><F114/><W49/><G126/><T73/><D100/><U16/><E41/><V75/><F75/><W117/><G117/><T109/><D64/><U94/><E131/><V88/><F37/><W120/><G120/><T26/><D109/><U40/><E40/><V130/><F122/><W14/><G1/><T134/><D73/><U76/><E65/><V48/><F39/><W6/><G110/><T17/><D134/><U77/><E135/><V123/><F130/><W34/><G67/><T43/><D72/><U61/><E61/><V60/><F123/><W98/><G98/><T11/><D43/><U91/><E33/><V59/><F132/><W118/><G118/><T78/><D42/><U56/><E56/><V111/><F111/><W87/><G87/><T133/><D133/><U103/><E103/><V57/><F125/><W38/><G38/><T63/><D78/><U45/><E45/><V0/><F102/><W95/><G81/><T29/><D17/><N who="1" m="12751" /><E5/><V58/><F0/><W128/><G128/><T71/><D71/><U3/><E3/><V82/><F82/><W116/><G116/><T119/><D119/><U68/><E68/><V101/><F101/><W96/><G96/><T47/><D47/><U62/><E62/><V66/><F2/><W93/><G93/><T70/><D70/><U20/><E20/><V105/><F92/><W127/><G127/><T31/><D63/><U54/><E54/><RYUUKYOKU ba="3,1" sc="204,-10,172,30,316,-10,298,-10" hai1="12,15,16,23,76,77,79,84,91,94" owari="194,-30.6,202,-19.8,316,41.6,288,8.8" /></mjloggm>