<mjloggm ver="2.3"><GO type="225" lobby="0"/><UN n0="%E9%97%98%E5%B0%86%E3%81%A0%E3%82%93%E3%81%A7%E3%81%83" n1="%33%74%72%65%65" n2="%E3%81%A9%E3%82%8F%E3%82%93%E3%81%94" n3="%E3%81%8B%E3%82%8F%E3%81%A1%E3%82%83%E3%82%93%35%38" dan="16,16,16,16" rate="2132.96,2107.07,2082.62,2155.57" sx="M,F,M,M"/><TAIKYOKU oya="0"/><INIT seed="0,0,0,2,5,80" ten="250,250,250,250" oya="0" hai0="62,20,17,50,124,102,44,93,35,24,51,123,106" hai1="130,22,19,0,1,38,41,129,21,2,68,125,9" hai2="101,87,42,47,79,64,96,63,132,126,82,23,92" hai3="90,72,76,81,37,67,115,53,70,39,60,113,94"/><T121/><D106/><U25/><E68/><V116/><F132/><W10/><G53/><T14/><D124/><U111/><E125/><V11/><F126/><W45/><G10/><T43/><D51/><U118/><E41/><V84/><F116/><W59/><G70/><T133/><D133/><U36/><E118/><V13/><F23/><W114/><REACH who="3" step="1"/><G45/><REACH who="3" ten="250,250,250,240" step="2"/><T71/><D71/><U91/><E9/><V52/><F64/><W127/><G127/><T88/><D62/><U6/><E130/><V54/><F63/><W34/><G34/><T31/><REACH who="0" step="1"/><D102/><REACH who="0" ten="240,250,250,240" step="2"/><U61/><E61/><V98/><F47/><W58/><G58/><T3/><D3/><U110/><E2/><V15/><F42/><W112/><N who="3" m="28672" /><DORA hai="48" /><W26/><G26/><T4/><D4/><U89/><E25/><V33/><F15/><W109/><G109/><T49/><D49/><U46/><E6/><V28/><F13/><W73/><G73/><T107/><D107/><U120/><E46/><V12/><F101/><W27/><G27/><T108/><D108/><U32/><E1/><V131/><F12/><W65/><G65/><T128/><D128/><U57/><E0/><V122/><F131/><W66/><G66/><T86/><AGARI ba="0,2" hai="14,17,20,24,31,35,43,44,50,86,88,93,121,123" machi="86" ten="20,12000,1" yaku="1,1,0,1,7,1,52,1,54,1,53,0" doraHai="80,48" doraHaiUra="103,134" who="0" fromWho="0" sc="240,140,250,-40,250,-40,240,-40" /><INIT seed="0,1,0,0,5,72" ten="380,210,210,200" oya="0" hai0="70,62,14,115,9,114,25,128,98,122,121,91,12" hai1="94,90,5,80,95,120,4,66,59,105,22,27,41" hai2="7,73,93,2,58,116,21,48,43,69,45,61,8" hai3="11,97,34,42,134,20,46,38,100,123,18,86,125"/><T109/><D70/><U84/><E120/><N who="0" m="46185" /><D62/><N who="1" m="38239" /><E105/><V6/><F116/><W63/><G123/><T28/><D91/><N who="1" m="51591" /><E41/><V40/><F69/><W71/><G34/><N who="0" m="20751" /><D98/><N who="1" m="57687" /><E95/><V74/><F43/><W118/><G118/><T37/><D37/><U102/><E102/><V88/><F7/><W24/><G125/><T104/><D104/><U44/><E44/><V16/><F58/><W133/><G86/><T129/><D109/><U124/><E124/><V33/><F33/><W47/><G47/><T68/><D68/><U126/><E126/><V78/><F45/><W89/><G89/><T130/><D14/><U3/><E3/><V15/><F88/><W55/><G71/><T32/><D32/><U79/><E79/><V35/><F78/><W54/><G63/><T30/><D30/><AGARI ba="1,0" hai="4,5,22,27,30" m="57687,51591,38239" machi="30" ten="30,1000,0" yaku="8,1" doraHai="72" who="1" fromWho="0" sc="380,-13,210,13,210,0,200,0" /><INIT seed="1,0,0,0,0,104" ten="367,223,210,200" oya="1" hai0="52,13,109,47,43,4,16,20,59,90,65,33,112" hai1="116,97,131,105,107,9,74,12,94,127,42,57,129" hai2="135,99,40,98,132,81,56,92,11,23,117,73,21" hai3="58,70,93,28,41,125,24,68,77,66,128,26,96"/><U15/><E116/><V110/><F117/><W84/><G125/><T67/><D33/><U76/><E42/><V29/><F40/><W102/><G128/><N who="1" m="49226" /><E127/><V134/><F110/><W36/><G24/><T60/><D112/><U61/><E76/><N who="2" m="44175" /><F29/><W10/><G10/><T82/><D109/><U95/><E74/><V45/><F45/><W100/><G100/><T91/><D4/><N who="1" m="3111" /><E15/><V133/><N who="2" m="33792" /><DORA hai="62" /><V114/><F114/><W49/><G36/><T121/><D121/><U71/><E71/><V111/><F111/><W80/><G41/><T18/><D18/><U55/><E95/><V69/><F69/><W53/><REACH who="3" step="1"/><G66/><REACH who="3" ten="367,223,210,190" step="2"/><T25/><D25/><U30/><E30/><V63/><F11/><W22/><AGARI ba="0,1" hai="22,26,28,49,53,58,68,70,77,80,84,93,96,102" machi="22" ten="20,5200,0" yaku="1,1,2,1,0,1,7,1,53,0" doraHai="104,62" doraHaiUra="113,119" who="3" fromWho="3" sc="367,-13,223,-26,210,-13,190,62" /><INIT seed="2,0,0,4,1,116" ten="354,197,197,252" oya="2" hai0="52,48,2,49,82,127,130,92,99,63,100,64,4" hai1="7,14,23,53,66,18,71,128,30,34,0,110,47" hai2="16,9,46,101,44,57,102,74,11,22,55,107,3" hai3="85,77,29,28,81,83,19,67,119,117,37,95,36"/><V131/><F74/><W78/><G95/><T109/><D2/><U87/><E110/><V50/><F131/><W132/><G67/><T120/><D120/><U88/><E128/><V68/><F68/><W42/><G132/><T125/><D4/><U38/><E66/><V104/><F104/><W25/><G19/><T17/><D130/><U35/><E71/><V8/><F3/><W20/><G42/><T108/><D17/><U24/><E35/><V65/><F107/><W94/><G94/><T113/><D82/><U60/><E38/><V72/><F72/><W73/><REACH who="3" step="1"/><G29/><REACH who="3" ten="354,197,197,242" step="2"/><T121/><D64/><U79/><E30/><V123/><F123/><W54/><G54/><T69/><D121/><U6/><E18/><V112/><F112/><W133/><G133/><T134/><D113/><U32/><E53/><V97/><F97/><W93/><G93/><T80/><D134/><U56/><E7/><V58/><F102/><W126/><G126/><T43/><D43/><U27/><E6/><V26/><F101/><W84/><G84/><T33/><D127/><U75/><E87/><V45/><F65/><W51/><G51/><N who="0" m="19531" /><D125/><U124/><E124/><V12/><REACH who="2" step="1"/><F58/><REACH who="2" ten="354,197,187,242" step="2"/><W31/><G31/><AGARI ba="0,2" hai="8,9,11,12,16,22,26,31,44,45,46,50,55,57" machi="31" ten="40,12000,1" yaku="1,1,2,1,8,1,54,1,53,0" doraHai="116" doraHaiUra="86" who="2" fromWho="3" sc="354,0,197,0,187,140,242,-120" /><INIT seed="2,1,0,1,0,59" ten="354,197,327,122" oya="2" hai0="44,106,17,14,24,127,19,11,77,135,90,99,101" hai1="116,104,119,96,33,15,115,35,27,42,71,67,82" hai2="87,66,39,43,125,6,36,130,92,94,34,69,112" hai3="9,83,126,8,53,105,107,49,26,58,117,16,7"/><V55/><F112/><W109/><G117/><T47/><D77/><U13/><E115/><V56/><F34/><W123/><G123/><T97/><D135/><U128/><E42/><V22/><F6/><W74/><G109/><T38/><D127/><U10/><E82/><V40/><F125/><W129/><G126/><T120/><D38/><U50/><E50/><V21/><F87/><W32/><G129/><T114/><D114/><U110/><E110/><V68/><F56/><W122/><G122/><T0/><D0/><U98/><E128/><V72/><F55/><W37/><G37/><T41/><D120/><U29/><E35/><V63/><F130/><W1/><G32/><T54/><D54/><U64/><E15/><V2/><F66/><W23/><REACH who="3" step="1"/><G9/><REACH who="3" ten="354,197,327,112" step="2"/><T48/><D11/><U57/><E116/><V51/><F39/><W111/><G111/><T118/><D118/><U133/><E119/><V88/><F36/><W108/><G108/><T103/><D106/><U65/><E10/><V80/><F22/><W85/><G85/><T95/><D99/><U61/><E96/><V131/><F21/><W28/><G28/><T134/><D97/><U86/><E86/><V124/><F131/><W31/><G31/><T62/><D134/><U20/><E133/><V75/><F124/><W121/><G121/><T91/><D24/><U3/><E27/><V76/><F75/><W81/><G81/><T93/><D93/><U45/><E98/><V73/><F72/><W89/><G89/><T70/><D95/><N who="2" m="36394" /><F88/><W46/><G46/><T30/><D91/><U4/><E45/><RYUUKYOKU ba="1,1" sc="354,-10,197,-10,327,-10,112,30" hai3="1,7,8,16,23,26,49,53,58,74,83,105,107" /><INIT seed="3,2,1,0,3,114" ten="344,187,317,142" oya="3" hai0="132,133,67,68,72,40,99,65,70,64,124,47,9" hai1="100,103,134,0,25,2,1,78,95,84,16,60,126" hai2="38,45,10,73,26,51,85,74,112,59,81,31,22" hai3="97,56,105,101,37,115,82,135,18,43,44,14,113"/><W108/><G135/><N who="0" m="51787" /><D124/><U128/><E126/><V13/><F112/><W7/><G108/><T116/><D116/><U121/><E134/><V117/><F38/><W5/><G5/><T32/><D32/><U92/><E121/><V106/><F106/><W98/><G7/><T118/><D118/><U49/><E49/><V24/><F117/><W122/><G122/><T30/><D30/><U39/><E39/><V27/><F59/><W120/><G120/><T52/><D52/><U102/><E60/><V89/><F74/><W42/><G42/><T66/><D66/><U79/><E128/><V58/><F58/><W77/><G97/><T41/><D72/><U62/><E62/><V17/><F73/><W104/><G104/><T55/><D9/><U76/><E84/><V54/><AGARI ba="2,1" hai="10,13,17,22,24,26,27,31,45,51,54,81,85,89" machi="54" ten="20,8000,1" yaku="0,1,7,1,25,2,8,1" doraHai="114" who="2" fromWho="2" sc="344,-22,187,-22,317,96,142,-42" owari="322,12.2,165,-23.5,413,51.3,100,-40.0" /></mjloggm>