<mjloggm ver="2.3"><GO type="225" lobby="0"/><UN n0="%E5%A4%9C%E3%81%AE%E3%82%AC%E3%82%B9%E3%83%91%E3%83%BC%E3%83%AB" n1="%E3%82%B7%E3%83%B3%E5%A4%AA%E6%9C%97" n2="%33%74%72%65%65" n3="%E6%A1%9C%E8%8A%B1%E9%96%83%E3%80%85" dan="17,16,16,16" rate="2226.29,2120.43,2116.11,2143.17" sx="M,M,F,M"/><TAIKYOKU oya="0"/><INIT seed="0,0,0,5,5,132" ten="250,250,250,250" oya="0" hai0="115,53,119,19,25,8,93,10,110,102,48,2,92" hai1="128,45,72,52,41,37,74,14,85,125,54,5,76" hai2="65,68,16,44,23,18,90,130,22,99,77,91,58" hai3="94,66,116,12,31,38,17,46,73,96,40,63,34"/><T43/><D115/><U7/><E128/><V3/><F130/><W36/><G116/><T15/><D119/><U126/><E14/><N who="2" m="9495" /><F68/><W42/><G73/><T27/><D43/><U32/><E32/><V4/><F3/><W100/><G31/><T127/><D110/><U26/><E26/><N who="2" m="14711" /><F4/><N who="1" m="1609" /><E85/><V87/><F44/><W60/><G34/><T133/><D2/><U109/><E109/><V104/><F104/><W57/><G63/><T113/><D113/><U84/><E84/><V69/><F69/><W112/><G112/><T39/><D39/><U134/><E134/><V107/><F107/><W111/><G111/><T86/><D133/><U103/><E103/><V50/><F99/><W75/><G75/><N who="1" m="28714" /><E76/><V21/><F21/><W124/><G38/><T61/><D102/><U51/><E37/><V108/><F108/><W98/><G98/><T0/><D0/><U88/><E88/><N who="2" m="33835" /><F87/><W49/><G36/><T114/><D114/><U82/><E82/><V64/><F77/><W97/><G97/><T122/><D86/><U83/><E83/><V62/><F50/><W33/><G33/><T6/><D48/><U71/><E71/><V89/><N who="2" m="33843" /><V118/><DORA hai="135" /><F118/><W30/><G96/><T121/><D27/><U117/><E117/><V13/><F13/><W56/><G12/><T80/><D80/><U29/><E29/><V9/><F9/><W70/><G30/><T101/><D101/><U24/><E24/><V59/><F62/><W28/><G70/><T106/><D106/><U81/><E81/><V123/><F123/><W79/><G79/><T105/><D105/><RYUUKYOKU ba="0,0" sc="250,-15,250,15,250,15,250,-15" hai1="41,45,51,52,54,125,126" hai2="58,59,64,65" /><INIT seed="1,1,0,1,4,72" ten="235,265,265,235" oya="1" hai0="8,66,67,135,25,111,80,1,115,131,123,126,73" hai1="64,102,110,76,36,14,60,94,31,42,83,97,93" hai2="133,45,16,20,61,2,0,106,13,49,69,38,12" hai3="15,18,34,124,120,51,130,100,104,118,6,3,56"/><U114/><E114/><V92/><F106/><W108/><G120/><T103/><D115/><U119/><E119/><V87/><F38/><W68/><G68/><T125/><D111/><U21/><E110/><V122/><F122/><W27/><G108/><T75/><D123/><U37/><E42/><V35/><F35/><W40/><G124/><N who="0" m="47723" /><D135/><U58/><E94/><V101/><F133/><W41/><G130/><T116/><D116/><U127/><E127/><V43/><F69/><W128/><G128/><T53/><D131/><U63/><E63/><V74/><F74/><N who="0" m="28170" /><D103/><U99/><E99/><V57/><F12/><W7/><G15/><T79/><D53/><U54/><E54/><V82/><F92/><W28/><G100/><T26/><D8/><U46/><E46/><V32/><F101/><W81/><G118/><T132/><D1/><U62/><E62/><V95/><F32/><W30/><G34/><T112/><D112/><U113/><E113/><V89/><REACH who="2" step="1"/><F95/><REACH who="2" ten="235,265,255,235" step="2"/><W77/><G104/><T117/><D132/><U59/><E36/><V65/><AGARI ba="1,1" hai="0,2,13,16,20,43,45,49,57,61,65,82,87,89" machi="65" ten="20,12000,2" yaku="1,1,2,1,0,1,7,1,54,1,53,1" doraHai="72" doraHaiUra="9" who="2" fromWho="2" sc="235,-31,265,-61,255,133,235,-31" /><INIT seed="2,0,0,5,5,106" ten="204,204,388,204" oya="2" hai0="88,94,81,68,122,97,10,108,115,85,59,41,35" hai1="16,1,100,86,53,49,31,5,26,11,69,103,84" hai2="8,22,2,73,17,104,66,117,44,114,131,124,87" hai3="121,125,130,4,20,99,24,135,89,65,75,119,109"/><V83/><F104/><W32/><G119/><T79/><D68/><U48/><E69/><V92/><F114/><W67/><G121/><T50/><D35/><U29/><E29/><V77/><F66/><W25/><G109/><T52/><D115/><U78/><E48/><V14/><F131/><W7/><G130/><T12/><D108/><U110/><E110/><V63/><F124/><W71/><G125/><T40/><D122/><U134/><E134/><V39/><F63/><W118/><G75/><T80/><D81/><U120/><E120/><V6/><F117/><W55/><G135/><T70/><D70/><U98/><E103/><V96/><F87/><W47/><G25/><T64/><D64/><N who="3" m="24649" /><G32/><T9/><D9/><U95/><E78/><V62/><F62/><W37/><G37/><T82/><D80/><U93/><E93/><V111/><F111/><W61/><G118/><T23/><D23/><U126/><E126/><V19/><F19/><AGARI ba="0,0" hai="10,12,19,40,41,50,52,59,79,82,85,88,94,97" machi="19" ten="30,7700,0" yaku="7,1,8,1,54,2" doraHai="106" who="0" fromWho="2" sc="204,77,204,0,388,-77,204,0" /><INIT seed="3,0,0,4,4,130" ten="281,204,311,204" oya="3" hai0="26,73,23,86,135,94,28,1,95,72,8,88,132" hai1="65,40,25,102,84,17,41,27,131,20,122,78,133" hai2="4,126,42,75,56,58,10,90,112,50,16,29,74" hai3="49,55,97,98,2,85,118,66,5,80,128,82,76"/><W77/><G118/><T11/><D94/><U57/><E122/><V110/><F112/><W34/><G34/><T96/><D96/><U33/><E131/><V48/><F29/><W104/><G128/><T47/><D47/><U37/><E102/><V51/><F42/><W60/><G2/><T108/><D108/><U107/><E107/><V35/><F35/><W115/><G5/><N who="0" m="1071" /><D11/><U89/><E78/><V134/><F74/><W81/><G115/><T39/><D39/><U46/><E40/><V113/><F75/><W45/><G104/><T15/><D15/><U21/><E33/><V99/><F4/><W18/><G18/><T69/><D69/><U117/><E117/><V121/><F121/><W32/><G32/><T67/><D67/><U7/><E7/><V31/><F113/><W120/><G120/><T116/><D116/><U14/><E21/><V22/><F22/><W103/><G103/><T6/><D6/><U114/><E114/><V68/><F10/><W125/><G125/><T123/><D123/><U124/><E124/><V101/><F101/><W36/><G36/><T43/><D43/><U38/><E38/><V70/><F126/><W64/><G64/><T62/><D62/><N who="1" m="38095" /><E27/><V93/><F110/><W129/><G129/><T63/><D63/><U92/><E25/><V3/><F3/><W91/><G77/><T54/><D54/><U30/><E30/><V106/><F31/><W79/><G79/><T71/><D71/><N who="2" m="27178" /><F106/><W87/><REACH who="3" step="1"/><G81/><REACH who="3" ten="281,204,311,194" step="2"/><T61/><D28/><U105/><E105/><V53/><F16/><W59/><AGARI ba="0,1" hai="45,49,55,59,60,66,76,80,82,85,87,91,97,98" machi="59" ten="20,12000,1" yaku="1,1,2,1,0,1,7,1,8,1,53,0" doraHai="130" doraHaiUra="12" who="3" fromWho="3" sc="281,-40,204,-40,311,-40,194,130" owari="241,-15.9,164,-33.6,271,7.1,324,42.4" /></mjloggm>