<mjloggm ver="2.3"><GO type="225" lobby="0"/><UN n0="%E3%83%B4%E3%82%A3%E3%83%AF%E3%82%B3%E3%82%B0%E3%83%8B" n1="%E3%81%A8%E3%82%93%E3%81%A8%E3%81%93%E3%81%A8%E3%82%93" n2="%E6%9D%B1%E9%A2%A8%E3%81%AE%E3%81%8D%E3%82%83%E3%81%B7%E3%81%95%E3%82%93" n3="%E5%86%B7%E5%87%8D%E3%82%AE%E3%83%A7%E3%83%BC%E3%82%B6" dan="16,16,16,17" rate="2168.94,2094.99,2225.62,2214.05" sx="M,F,M,M"/><TAIKYOKU oya="0"/><INIT seed="0,0,0,3,4,128" ten="250,250,250,250" oya="0" hai0="131,68,53,14,41,80,86,117,56,9,21,111,15" hai1="123,112,48,2,87,43,115,45,92,124,51,4,52" hai2="26,130,40,110,102,119,19,54,132,79,60,105,67" hai3="81,113,16,100,13,10,70,75,126,99,12,122,61"/><T7/><D131/><U59/><E123/><V104/><F40/><W76/><G113/><N who="1" m="43594" /><E124/><V78/><F54/><W35/><G126/><T32/><D117/><U116/><E116/><V135/><F110/><W55/><G35/><T69/><D32/><U134/><E134/><N who="2" m="51243" /><F130/><W63/><G122/><T42/><D111/><U8/><E92/><V82/><F119/><W95/><G70/><T72/><D68/><U74/><E87/><N who="2" m="48599" /><F79/><W120/><G120/><T91/><D69/><U31/><E31/><V103/><F19/><W29/><G29/><T85/><D72/><AGARI ba="0,0" hai="2,4,8,43,45,48,51,52,59,72,74" m="43594" machi="72" ten="30,2000,0" yaku="11,1,54,1" doraHai="128" who="1" fromWho="0" sc="250,-20,250,20,250,0,250,0" /><INIT seed="1,0,0,4,4,89" ten="230,270,250,250" oya="1" hai0="61,110,65,34,60,28,123,74,128,33,130,71,82" hai1="86,118,64,103,67,14,36,22,104,95,1,26,38" hai2="113,115,7,120,12,52,11,68,47,66,42,63,119" hai3="108,81,79,99,53,106,91,88,109,85,87,6,102"/><U93/><E118/><V132/><F119/><W37/><G6/><T31/><D110/><N who="3" m="42601" /><G37/><T56/><D123/><U40/><E1/><V51/><F120/><W78/><G53/><T59/><D82/><AGARI ba="0,0" hai="78,79,81,82,85,87,88,91,99,102,106" m="42601" machi="82" ten="30,7700,0" yaku="14,1,34,2,54,1" doraHai="89" who="3" fromWho="0" sc="230,-77,270,0,250,0,250,77" /><INIT seed="2,0,0,4,1,0" ten="153,270,250,327" oya="2" hai0="9,99,130,92,61,21,122,16,113,34,55,8,26" hai1="117,115,17,106,66,124,109,123,83,118,52,94,87" hai2="101,29,24,121,63,90,71,119,28,49,47,2,84" hai3="11,105,56,82,81,58,25,59,132,46,91,41,110"/><V62/><F121/><W15/><G110/><T48/><D130/><U100/><E115/><V39/><F39/><W3/><G132/><T18/><D122/><U54/><E123/><V65/><F119/><W86/><G105/><T78/><D113/><U68/><E106/><V45/><F101/><W104/><G104/><T129/><D129/><U97/><E109/><V93/><F2/><W31/><G3/><T57/><D34/><U32/><E32/><V85/><F63/><W4/><G81/><T6/><D78/><U135/><E17/><V42/><F24/><W125/><G125/><T22/><D48/><U44/><E135/><V133/><F133/><W51/><REACH who="3" step="1"/><G56/><REACH who="3" ten="153,270,250,317" step="2"/><T60/><D60/><U70/><E124/><V69/><F69/><W76/><G76/><T107/><D107/><U102/><E70/><V73/><F73/><W79/><G79/><T27/><REACH who="0" step="1"/><D6/><REACH who="0" ten="143,270,250,317" step="2"/><U120/><E120/><V53/><REACH who="2" step="1"/><F84/><REACH who="2" ten="143,270,240,317" step="2"/><W80/><G80/><T50/><D50/><U30/><E83/><V103/><F103/><AGARI ba="0,3" hai="8,9,16,18,21,22,26,27,55,57,61,92,99,103" machi="103" ten="30,8000,1" yaku="1,1,7,1,9,1,8,1,54,1,53,0" doraHai="0" doraHaiUra="64" who="0" fromWho="2" sc="143,110,270,0,240,-80,317,0" /><INIT seed="3,0,0,5,3,112" ten="253,270,160,317" oya="3" hai0="83,65,129,73,53,87,18,95,116,37,105,38,47" hai1="62,115,16,133,74,67,51,123,82,35,77,39,58" hai2="29,1,98,54,127,52,90,31,46,61,88,104,96" hai3="27,106,117,28,10,80,32,12,134,33,120,26,40"/><W135/><G106/><T107/><D116/><U60/><E39/><V3/><F46/><W23/><G40/><T100/><D129/><U126/><E115/><V103/><F104/><W86/><G117/><T2/><D2/><U15/><E123/><V24/><F61/><W109/><G109/><T11/><D65/><U22/><E35/><V20/><F103/><W84/><G84/><T34/><D34/><U102/><E102/><V17/><F20/><W69/><G69/><T97/><D107/><U25/><E126/><V9/><F9/><W119/><G119/><T30/><D30/><U101/><E101/><V50/><F50/><W44/><G44/><T125/><D125/><U94/><E133/><N who="3" m="50698" /><G27/><T99/><D99/><U121/><E121/><V70/><F24/><W19/><G120/><T45/><D18/><U63/><E51/><V42/><F42/><W78/><AGARI ba="0,0" hai="10,12,19,23,26,28,32,33,78,80,86" m="50698" machi="78" ten="30,1500,0" yaku="20,1" doraHai="112" who="3" fromWho="3" sc="253,-5,270,-5,160,-5,317,15" owari="248,-15.2,265,6.5,155,-34.5,332,43.2" /></mjloggm>