<mjloggm ver="2.3"><GO type="225" lobby="0"/><UN n0="%E6%97%A5%E6%9B%9C%E6%97%A5%E3%82%88%E3%82%8A%E3%81%AE%E4%BD%BF%E8%80%85" n1="%54%4F%52" n2="%6D%75%75%6D%75%72%61" n3="%E3%81%8F%E3%81%BE%E3%81%96%E3%82%8F" dan="17,17,17,16" rate="2166.85,2241.87,2209.18,2059.51" sx="M,M,F,M"/><TAIKYOKU oya="0"/><INIT seed="0,0,0,0,3,114" ten="250,250,250,250" oya="0" hai0="82,21,67,87,24,50,34,110,134,119,13,93,85" hai1="26,62,107,122,102,74,27,64,33,30,124,100,103" hai2="29,117,128,60,109,97,78,12,39,92,28,72,95" hai3="31,8,61,53,113,73,130,71,54,52,89,40,127"/><T3/><D3/><U68/><E122/><V36/><F109/><W79/><G113/><T32/><D67/><U51/><E124/><V91/><F128/><W131/><G127/><T105/><D105/><U35/><E74/><V1/><F1/><W84/><G31/><T46/><D110/><U38/><E38/><V133/><F133/><W132/><G132/><T111/><D111/><U9/><E51/><V59/><F36/><W83/><G40/><T112/><D112/><U48/><E48/><V106/><F106/><W75/><G8/><T90/><D134/><U7/><E27/><V108/><F39/><W123/><G123/><T23/><D13/><U6/><E6/><V47/><F108/><W42/><G42/><T2/><D2/><U37/><E37/><V16/><F47/><W0/><G0/><T77/><D119/><U11/><E11/><V104/><F104/><W10/><G10/><T45/><D45/><U125/><E125/><V70/><F70/><W49/><G49/><T129/><D129/><N who="3" m="49161" /><G79/><T4/><D4/><U58/><E58/><V101/><F117/><W116/><G116/><T66/><D66/><AGARI ba="0,0" hai="52,53,54,61,66,71,73,75,83,84,89" m="49161" machi="66" ten="30,2000,0" yaku="19,1,54,1" doraHai="114" who="3" fromWho="0" sc="250,-20,250,0,250,0,250,20" /><INIT seed="1,0,0,0,2,132" ten="230,250,250,270" oya="1" hai0="124,117,21,87,34,72,41,99,45,131,20,110,113" hai1="0,49,47,19,59,74,56,111,26,134,57,28,95" hai2="107,63,76,128,50,93,12,11,104,33,3,7,129" hai3="83,4,77,116,52,16,123,92,106,1,82,94,46"/><U54/><E134/><V85/><F33/><W61/><G123/><T115/><D72/><U40/><E74/><V100/><F3/><W119/><G106/><T13/><D34/><U14/><E0/><V125/><F125/><W5/><G1/><T42/><D117/><N who="3" m="45129" /><G92/><T109/><D99/><U89/><E111/><N who="0" m="42505" /><D131/><N who="2" m="50250" /><F100/><W78/><G94/><T24/><D87/><U96/><E28/><V36/><F36/><W35/><G35/><T2/><D2/><U133/><E133/><V37/><F37/><W98/><G98/><T44/><D13/><U121/><E121/><V30/><F30/><W18/><G83/><T39/><D124/><U15/><E15/><V58/><F50/><N who="3" m="28759" /><G61/><T27/><D27/><U127/><E127/><V70/><F70/><W48/><G48/><N who="0" m="26639" /><D20/><U31/><E31/><AGARI ba="0,0" hai="21,24,31,39,42,45,113,115" m="26639,42505" machi="31" ten="30,1000,0" yaku="14,1" doraHai="132" who="0" fromWho="1" sc="230,10,250,-10,250,0,270,0" /><INIT seed="2,0,0,4,1,24" ten="240,240,250,270" oya="2" hai0="35,11,99,38,82,73,31,104,77,55,132,95,56" hai1="33,48,131,92,34,60,121,8,16,45,126,14,49" hai2="102,17,75,81,106,130,108,70,134,107,72,93,111" hai3="10,78,2,133,83,57,6,39,80,53,4,110,29"/><V27/><F70/><W37/><G110/><N who="2" m="42025" /><F17/><W105/><G133/><T114/><D114/><U43/><E131/><V59/><F59/><W127/><G127/><T112/><D112/><U125/><E121/><V100/><F27/><W9/><G105/><N who="2" m="39945" /><F130/><W28/><G57/><T42/><D132/><U116/><E116/><V84/><F134/><W50/><G50/><T21/><D104/><U76/><E60/><V71/><F71/><W124/><G124/><N who="1" m="47722" /><E76/><N who="2" m="46119" /><F93/><W113/><G113/><T65/><D56/><U25/><E92/><V68/><F68/><W58/><G58/><T109/><D109/><U96/><E48/><V90/><F90/><W30/><G53/><T52/><D95/><U66/><E66/><V85/><F85/><W44/><G44/><T62/><D65/><U12/><E25/><V79/><F79/><W64/><G64/><T1/><D77/><U135/><E135/><V118/><F118/><W74/><REACH who="3" step="1"/><G83/><REACH who="3" ten="240,240,250,260" step="2"/><T54/><D82/><U26/><E49/><V128/><F128/><W15/><AGARI ba="0,1" hai="2,4,6,9,10,15,28,29,30,37,39,74,78,80" machi="15" ten="30,12000,2" yaku="1,1,2,1,0,1,52,3,53,0" doraHai="24" doraHaiUra="101" who="3" fromWho="3" sc="240,-30,240,-30,250,-60,260,130" /><INIT seed="3,0,0,3,0,117" ten="210,210,190,390" oya="3" hai0="47,44,76,27,60,124,96,68,50,18,49,98,81" hai1="4,121,6,106,48,109,90,36,56,107,2,20,52" hai2="70,34,105,93,103,64,72,83,46,39,89,112,113" hai3="29,115,5,61,51,122,123,71,128,7,114,67,77"/><W35/><G51/><T134/><D68/><U84/><E121/><N who="3" m="46090" /><G7/><N who="1" m="2602" /><E2/><V102/><F34/><W57/><G57/><T0/><D0/><U129/><E36/><V104/><F70/><W12/><G12/><T69/><D69/><U86/><E106/><N who="2" m="41067" /><F64/><W54/><G54/><N who="0" m="29991" /><D60/><U79/><E107/><V116/><F46/><W41/><G128/><T30/><D30/><U16/><E109/><V31/><F39/><W130/><G130/><T100/><D100/><N who="2" m="38442" /><F31/><W125/><G5/><T21/><D124/><U40/><E129/><V13/><F13/><W26/><G125/><T75/><D75/><U127/><E127/><V94/><F116/><W24/><G24/><T110/><D110/><U135/><E135/><V126/><F126/><W59/><G59/><T33/><D134/><U9/><E40/><V62/><F62/><W131/><G131/><T92/><D33/><U63/><E9/><V19/><F19/><W14/><G14/><T111/><D111/><U87/><E79/><N who="2" m="44519" /><F93/><W120/><G120/><T133/><D92/><N who="1" m="54343" /><E63/><V85/><AGARI ba="0,0" hai="85,89,94,112,113" m="44519,38442,41067" machi="85" ten="30,2000,0" yaku="34,2" doraHai="117" who="2" fromWho="2" sc="210,-5,210,-5,190,20,390,-10" owari="205,-19.5,205,-29.5,210,1.0,380,48.0" /></mjloggm>