<mjloggm ver="2.3"><GO type="225" lobby="0"/><UN n0="%E3%81%8B%E3%82%8F%E3%81%A1%E3%82%83%E3%82%93%35%38" n1="%E3%83%A9%E3%83%BC%E3%83%A1%E3%83%B3%E4%BA%94%E9%83%8E" n2="%E7%B4%94%E6%BD%94%E3%83%94%E3%83%A9%E3%83%8B%E3%82%A2" n3="%E9%B3%B3%E6%9D%B1%E3%81%AE%E3%81%86%E3%81%95%E3%81%8E%E3%81%95%E3%82%93" dan="16,16,16,17" rate="2146.32,2079.63,2153.66,2292.70" sx="M,M,M,M"/><TAIKYOKU oya="0"/><INIT seed="0,0,0,2,3,56" ten="250,250,250,250" oya="0" hai0="75,54,16,2,86,22,108,83,123,78,93,24,132" hai1="134,133,131,113,5,128,46,100,81,130,10,95,98" hai2="4,31,63,59,97,135,102,34,125,88,106,127,69" hai3="21,115,116,76,129,28,92,61,101,49,50,37,60"/><T47/><D132/><N who="1" m="50795" /><E113/><V124/><F4/><W42/><G116/><T64/><D123/><U72/><E46/><V65/><F135/><W111/><G115/><T57/><D2/><N who="1" m="311" /><E81/><V26/><F59/><W27/><G111/><T66/><D108/><U19/><E19/><V62/><F62/><N who="3" m="24171" /><G37/><T71/><D71/><U91/><E72/><V29/><F29/><W89/><G129/><T84/><D47/><U73/><E73/><V25/><F26/><W20/><G76/><T6/><D6/><U44/><E44/><V74/><F74/><W48/><G20/><T51/><REACH who="0" step="1"/><D75/><REACH who="0" ten="240,250,250,250" step="2"/><U114/><E114/><V18/><F127/><W9/><G42/><T117/><D117/><U38/><E38/><V39/><F39/><W109/><G109/><T94/><D94/><N who="1" m="58455" /><E131/><V103/><F125/><W70/><G70/><T0/><D0/><U33/><E33/><V121/><F124/><W87/><G101/><T122/><D122/><U126/><E126/><V17/><F103/><W67/><G67/><T120/><D120/><U80/><E80/><V7/><F121/><W14/><G14/><T32/><D32/><U118/><E118/><V105/><F102/><W53/><G9/><T68/><D68/><U1/><E1/><V79/><F69/><W77/><G77/><T13/><D13/><U30/><E30/><V8/><F79/><W45/><AGARI ba="0,1" hai="21,27,28,45,48,49,50,53,87,89,92" m="24171" machi="45" ten="30,7900,0" yaku="8,1,52,3" doraHai="56" who="3" fromWho="3" sc="240,-39,250,-20,250,-20,250,89" /><INIT seed="1,0,0,4,4,42" ten="201,230,230,339" oya="1" hai0="0,36,115,86,40,76,100,35,111,53,26,131,31" hai1="50,97,54,135,91,87,11,71,110,63,32,93,38" hai2="92,128,68,4,72,81,61,74,57,56,25,129,28" hai3="2,23,5,116,18,52,73,22,118,109,55,83,45"/><U8/><E135/><V88/><F4/><W123/><G123/><T14/><D115/><U16/><E38/><V117/><F117/><N who="3" m="45163" /><G109/><T77/><D0/><U127/><E110/><V96/><F68/><W67/><G67/><T43/><D111/><U9/><E127/><V121/><F121/><W95/><G95/><T105/><D131/><N who="2" m="50250" /><F81/><W17/><G73/><N who="2" m="28265" /><F61/><W24/><G83/><T75/><D75/><U41/><E32/><AGARI ba="0,0" hai="25,28,32,56,57,88,92,96" m="28265,50250" machi="32" ten="30,2000,0" yaku="19,1,54,1" doraHai="42" who="2" fromWho="1" sc="201,0,230,-20,230,20,339,0" /><INIT seed="2,0,0,4,3,133" ten="201,210,250,339" oya="2" hai0="3,92,26,63,89,5,108,85,20,38,87,1,11" hai1="47,117,58,27,75,42,74,50,39,76,104,28,98" hai2="52,124,132,115,65,30,86,101,69,34,61,21,14" hai3="84,13,44,95,127,93,59,6,125,17,12,7,4"/><V45/><F115/><W99/><G84/><T64/><D108/><U31/><E117/><V53/><F132/><W109/><G109/><T18/><D38/><U128/><E128/><V40/><F101/><W55/><G44/><T134/><D134/><U123/><E123/><V56/><F124/><N who="3" m="47691" /><G17/><T36/><D36/><U126/><E126/><V79/><F34/><W121/><G121/><T105/><D105/><U130/><E130/><V72/><F72/><W54/><G54/><T94/><D1/><U19/><E19/><V70/><F53/><W118/><G118/><T73/><D73/><U129/><E129/><V37/><F14/><N who="3" m="5739" /><G99/><T102/><D87/><U32/><E31/><V46/><F46/><W106/><G106/><T16/><D18/><U23/><E104/><V112/><F112/><W135/><G135/><T25/><D25/><U2/><E98/><V88/><F79/><W24/><G24/><T83/><REACH who="0" step="1"/><D102/><REACH who="0" ten="191,210,250,339" step="2"/><U111/><E111/><V22/><F30/><W68/><G4/><T114/><D114/><U100/><E100/><V9/><F86/><W82/><G6/><T15/><D15/><U96/><E2/><V66/><F37/><W103/><G7/><T41/><D41/><U90/><E74/><V43/><F40/><W60/><G103/><T81/><D81/><U107/><E75/><V80/><F43/><W77/><G82/><T67/><D67/><U116/><E107/><V71/><F65/><N who="3" m="40999" /><G77/><T8/><D8/><U48/><E76/><V0/><F9/><W57/><G55/><T62/><D62/><U113/><E27/><V33/><F52/><RYUUKYOKU ba="0,1" sc="191,15,210,-15,250,-15,339,15" hai0="3,5,11,16,20,26,63,64,83,85,89,92,94" hai3="57,59,93,95" /><INIT seed="3,1,1,3,2,91" ten="206,195,235,354" oya="3" hai0="29,20,3,93,14,32,84,18,129,58,88,0,10" hai1="81,73,7,89,59,130,101,64,61,118,11,115,16" hai2="111,44,31,99,48,41,70,110,38,119,127,90,128" hai3="27,79,42,120,1,12,28,80,60,51,135,52,83"/><W37/><G1/><T47/><D32/><U87/><E115/><V133/><F70/><W96/><G120/><T122/><D122/><U15/><E73/><V105/><F119/><W53/><G37/><T34/><D34/><U39/><E118/><V43/><F133/><W5/><G96/><T17/><D129/><U63/><E130/><V69/><F69/><W82/><G79/><T75/><D75/><U125/><E125/><V108/><F128/><W9/><G60/><T131/><D131/><U95/><E39/><V123/><F123/><W35/><G135/><T113/><D113/><U62/><E7/><V26/><F105/><W68/><G68/><T107/><D107/><U30/><E30/><V13/><F127/><W66/><G66/><T100/><D100/><U21/><E11/><V55/><F38/><W65/><G65/><T6/><D47/><U57/><E64/><V94/><REACH who="2" step="1"/><F13/><REACH who="2" ten="206,195,225,354" step="2"/><W124/><G124/><T54/><D29/><U50/><E50/><V23/><AGARI ba="1,2" hai="23,26,31,41,43,44,48,55,90,94,99,108,110,111" machi="23" ten="30,8000,1" yaku="1,1,2,1,0,1,14,1,52,1,53,0" doraHai="91" doraHaiUra="33" who="2" fromWho="2" sc="206,-21,195,-21,225,103,354,-41" owari="185,-21.5,174,-32.6,328,42.8,313,11.3" /></mjloggm>