<mjloggm ver="2.3"><GO type="225" lobby="0"/><UN n0="%E6%B8%A9%E2%98%85%E6%83%85%E2%98%85%E6%8E%AA%E2%98%85%E7%BD%AE" n1="%43%68%65" n2="%73%75%7A%75%72%61%6E%65" n3="%E3%81%BF%E3%82%84%E3%81%93%E3%82%93%EF%BC%91%EF%BC%90%E6%AD%B3" dan="16,16,16,16" rate="2164.99,2143.69,2070.31,2073.24" sx="M,M,M,M"/><TAIKYOKU oya="0"/><INIT seed="0,0,0,1,3,55" ten="250,250,250,250" oya="0" hai0="10,93,7,47,50,23,53,69,80,30,108,130,45" hai1="68,112,52,116,19,125,11,124,49,104,8,62,102" hai2="96,65,135,51,109,44,76,131,101,29,75,41,132" hai3="89,85,95,9,106,27,88,113,122,118,133,64,98"/><T120/><D120/><U103/><E116/><V40/><F109/><W100/><G118/><T114/><D114/><U72/><E72/><V4/><F29/><W77/><G113/><T84/><D69/><U83/><E112/><V134/><F4/><W74/><G122/><T46/><D108/><U12/><E83/><N who="2" m="45471" /><F65/><W6/><G133/><N who="2" m="34049" /><V60/><DORA hai="24" /><F60/><W36/><G36/><T25/><D130/><U20/><E62/><V107/><F131/><W42/><G42/><AGARI ba="0,0" hai="40,41,42,44,51,96,101,107" m="34049,45471" machi="42" ten="40,1300,0" yaku="20,1" doraHai="55,24" who="2" fromWho="3" sc="250,0,250,0,250,13,250,-13" /><INIT seed="1,0,0,5,4,66" ten="250,250,263,237" oya="1" hai0="114,118,64,97,24,40,124,67,34,71,16,8,21" hai1="108,36,37,100,75,112,102,48,38,22,77,47,3" hai2="41,26,54,30,119,106,53,17,42,76,5,52,29" hai3="12,18,2,32,31,132,14,46,25,62,98,65,51"/><U73/><E112/><V39/><F106/><W35/><G132/><T68/><D118/><U11/><E22/><N who="2" m="13647" /><F39/><W58/><G2/><T117/><D117/><U15/><E3/><V123/><F123/><W1/><G1/><T107/><D114/><U55/><E108/><V56/><F119/><W133/><G133/><T49/><D34/><U72/><REACH who="1" step="1"/><E77/><REACH who="1" ten="250,240,263,237" step="2"/><V63/><F76/><W59/><G35/><T135/><D135/><U44/><E44/><V109/><F109/><W120/><G46/><T95/><D21/><U83/><E83/><V69/><F5/><AGARI ba="0,1" hai="5,11,15,36,37,38,47,48,55,72,73,75,100,102" machi="5" ten="50,2400,0" yaku="1,1,53,0" doraHai="66" doraHaiUra="87" who="1" fromWho="2" sc="250,0,240,34,263,-24,237,0" /><INIT seed="1,1,0,1,1,102" ten="250,274,239,237" oya="1" hai0="127,93,62,48,99,31,67,69,52,124,53,125,94" hai1="96,34,77,19,38,121,95,92,41,60,9,109,43" hai2="25,68,133,45,6,91,64,78,83,73,8,61,42" hai3="118,116,107,90,5,40,88,86,111,113,28,117,7"/><U30/><E121/><V32/><F91/><W56/><G113/><T4/><D4/><N who="3" m="1609" /><G111/><T72/><D72/><U108/><E77/><V57/><F133/><W103/><G40/><N who="1" m="15434" /><E38/><N who="2" m="21719" /><F57/><W16/><G28/><T33/><D99/><U132/><E132/><V71/><F25/><W24/><G56/><N who="0" m="32775" /><D53/><U101/><E30/><V35/><F71/><W112/><G112/><T65/><D65/><U13/><E60/><V44/><F44/><W55/><G55/><T21/><D33/><U130/><E34/><V98/><F98/><N who="3" m="61943" /><G86/><T97/><D97/><U54/><E54/><V47/><F47/><W80/><G80/><T29/><D29/><U51/><E51/><V84/><F84/><W12/><G24/><AGARI ba="1,0" hai="21,24,31,62,67,69,93,94,124,125,127" m="32775" machi="24" ten="30,2000,0" yaku="18,1,54,1" doraHai="102" who="0" fromWho="3" sc="250,23,274,0,239,0,237,-23" /><INIT seed="2,0,0,3,0,79" ten="273,274,239,214" oya="2" hai0="13,0,125,104,98,7,75,9,131,102,39,45,85" hai1="25,34,106,58,51,15,68,78,8,97,28,11,112" hai2="133,66,135,81,77,127,124,123,19,14,65,126,100" hai3="10,42,17,33,74,44,43,70,73,101,54,121,120"/><V80/><F123/><W40/><G70/><T92/><D131/><U107/><E68/><V90/><F100/><W53/><G33/><T56/><D125/><U35/><E112/><V128/><F128/><W76/><G101/><T71/><D71/><U110/><E35/><V117/><F117/><W89/><G89/><T114/><D114/><U96/><E110/><V18/><F90/><W23/><G10/><T83/><D56/><U91/><E78/><V103/><F103/><W41/><N who="3" m="10240" /><DORA hai="1" /><W30/><G30/><T49/><D39/><U111/><E111/><V50/><F50/><W20/><G44/><T109/><D49/><U57/><E11/><N who="2" m="6495" /><F77/><W26/><G23/><T108/><D45/><U36/><E36/><V63/><F19/><W82/><REACH who="3" step="1"/><G74/><REACH who="3" ten="273,274,239,204" step="2"/><T61/><D75/><U67/><E91/><V72/><F72/><W129/><G129/><T6/><D102/><U105/><E34/><V84/><F66/><W21/><G21/><T27/><D9/><U31/><E67/><V64/><F64/><W122/><AGARI ba="0,1" hai="17,20,26,53,54,73,76,82,120,121,122" m="10240" machi="122" ten="50,12000,2" yaku="1,1,0,1,52,1,53,4" doraHai="79,1" doraHaiUra="37,47" who="3" fromWho="3" sc="273,-30,274,-30,239,-60,204,130" /><INIT seed="3,0,0,2,0,16" ten="243,244,179,334" oya="3" hai0="50,124,64,114,57,37,56,106,71,117,40,48,9" hai1="107,59,123,121,115,27,46,5,133,100,125,131,92" hai2="44,118,112,3,21,96,135,58,83,17,34,97,110" hai3="113,18,31,12,35,72,45,43,94,69,13,98,8"/><W90/><G113/><T29/><D106/><U68/><E68/><V51/><F112/><W49/><G69/><T62/><D114/><U53/><E115/><V91/><F34/><W116/><G72/><T102/><D102/><U76/><E107/><V30/><F3/><W103/><G116/><T4/><D117/><U109/><E46/><V70/><F70/><W101/><G35/><T1/><D124/><U15/><E27/><V14/><F118/><W32/><G32/><T55/><D29/><U39/><E76/><V99/><F135/><W36/><G31/><T130/><D130/><U42/><E131/><V86/><F110/><W119/><G119/><T61/><D71/><U67/><E67/><V88/><F30/><W77/><G77/><T20/><D20/><U38/><E109/><V33/><F33/><W80/><G80/><T63/><D63/><N who="1" m="36335" /><E125/><V66/><F66/><W82/><G82/><T85/><D85/><U60/><E60/><V128/><F128/><W19/><G36/><T105/><D105/><U93/><E133/><V54/><F44/><W23/><AGARI ba="0,0" hai="8,12,13,18,19,23,43,45,49,90,94,98,101,103" machi="23" ten="20,7800,0" yaku="0,1,7,1,8,1,52,1" doraHai="16" who="3" fromWho="3" sc="243,-26,244,-26,179,-26,334,78" owari="217,-18.3,218,1.8,153,-34.7,412,51.2" /></mjloggm>