<mjloggm ver="2.3"><GO type="225" lobby="0"/><UN n0="%4E%6F%2E%30%30%30%31" n1="%6D%75%75%6D%75%72%61" n2="%E7%A7%8B%E6%9C%88%E7%9C%9F%E7%90%86%E4%BA%9E" n3="%E2%91%A3%E9%81%BF%E9%81%8A%E6%88%AF%E3%80%90%E6%9D%B1%E5%8D%97%E3%80%91" dan="18,17,16,16" rate="2234.09,2186.88,2111.12,2140.47" sx="M,F,F,M"/><TAIKYOKU oya="0"/><INIT seed="0,0,0,0,0,4" ten="250,250,250,250" oya="0" hai0="18,19,105,15,84,24,133,48,99,134,111,13,9" hai1="85,52,122,41,28,76,103,62,110,32,61,129,125" hai2="112,0,124,89,58,106,102,115,47,119,118,67,55" hai3="74,27,71,64,51,6,59,36,65,22,117,66,54"/><T128/><D128/><U34/><E122/><V132/><F132/><N who="0" m="50794" /><D84/><U21/><E129/><V30/><F30/><W107/><G117/><N who="2" m="44553" /><F124/><W100/><G74/><T113/><D113/><N who="2" m="43594" /><F89/><W8/><G36/><T96/><D111/><U37/><E110/><V88/><F0/><W83/><G83/><T69/><D69/><U101/><E125/><V23/><F23/><W86/><G86/><T14/><D48/><U57/><E85/><V95/><F106/><W114/><G114/><T49/><D49/><U120/><E120/><V135/><F102/><W123/><G123/><T50/><D50/><U53/><E76/><V79/><F79/><W68/><G100/><N who="0" m="62599" /><D99/><U2/><E101/><V25/><F25/><W97/><G97/><T93/><D93/><U108/><E103/><V42/><F67/><W92/><G92/><T10/><D24/><U45/><E108/><V130/><F130/><W35/><G35/><T131/><D131/><U20/><E34/><V126/><F126/><W60/><G107/><T63/><D63/><U31/><E32/><V77/><F77/><W82/><G82/><T80/><D80/><U94/><E94/><V127/><F127/><W121/><G121/><T16/><AGARI ba="0,0" hai="9,10,13,14,15,16,18,19" m="62599,50794" machi="16" ten="40,12000,1" yaku="20,1,52,2,54,1" doraHai="4" who="0" fromWho="0" sc="250,120,250,-40,250,-40,250,-40" /><INIT seed="0,1,0,3,3,65" ten="370,210,210,210" oya="0" hai0="130,107,51,34,96,85,91,109,55,99,13,9,45" hai1="117,125,108,67,112,131,106,114,31,82,69,19,35" hai2="54,41,61,113,0,44,115,40,62,18,68,121,17" hai3="43,4,33,8,86,28,37,132,79,53,32,10,12"/><T24/><D130/><U52/><E117/><V118/><F121/><W97/><G132/><T59/><D109/><U83/><E131/><V23/><F0/><W49/><G37/><T111/><D111/><U7/><E108/><V84/><F118/><W101/><G28/><T110/><D110/><U46/><E106/><V39/><F41/><W122/><G122/><T103/><D96/><U102/><E102/><V27/><F62/><W88/><G79/><T81/><D24/><N who="1" m="18919" /><E19/><V116/><F116/><W133/><G43/><T20/><D20/><U119/><E7/><V77/><F17/><W128/><G10/><T134/><D34/><U6/><E6/><V66/><REACH who="2" step="1"/><F54/><REACH who="2" ten="370,210,200,210" step="2"/><W98/><G128/><T120/><D120/><U90/><E119/><V74/><F74/><W15/><G133/><T123/><D123/><U72/><E72/><V71/><F71/><W129/><G129/><T25/><D134/><U76/><E69/><V100/><F100/><W47/><G101/><T73/><D73/><U127/><E52/><V78/><F78/><W63/><G63/><T1/><D1/><U58/><E76/><V22/><F22/><W92/><G33/><T89/><D89/><U94/><E90/><V80/><AGARI ba="1,1" hai="18,23,27,39,40,44,61,66,68,77,80,84,113,115" machi="80" ten="30,4000,0" yaku="1,1,0,1,52,1,53,0" doraHai="65" doraHaiUra="93" who="2" fromWho="2" sc="370,-21,210,-11,200,53,210,-11" /><INIT seed="1,0,0,2,2,1" ten="349,199,253,199" oya="1" hai0="8,49,31,16,69,13,66,60,7,125,130,118,10" hai1="6,98,43,115,123,61,57,110,42,111,56,62,90" hai2="30,14,34,22,120,5,113,48,94,82,132,55,64" hai3="41,103,117,54,80,106,68,25,126,12,85,70,27"/><U35/><E35/><V11/><F120/><W3/><G3/><T107/><D118/><U26/><E123/><V128/><F128/><W40/><G117/><T21/><D130/><U15/><E115/><V53/><F132/><W121/><G121/><T45/><D107/><U65/><E26/><N who="2" m="16727" /><F34/><W135/><G135/><T29/><D125/><U24/><E24/><V105/><F105/><W47/><G126/><T39/><D39/><U102/><E90/><V129/><F129/><W33/><G41/><T46/><D10/><N who="1" m="4567" /><E102/><V89/><F113/><W4/><G54/><N who="2" m="20489" /><F48/><W77/><G33/><T17/><D17/><U81/><E81/><V18/><F64/><W67/><G67/><T74/><D74/><U86/><E86/><N who="2" m="52535" /><F82/><W109/><G70/><T127/><D127/><U51/><E98/><V114/><F114/><W19/><G68/><T95/><D95/><U87/><E87/><V20/><F20/><W79/><G79/><T58/><D69/><U134/><E134/><V44/><F44/><N who="0" m="17002" /><D49/><U59/><E51/><V71/><F71/><W104/><G104/><T124/><D124/><U100/><E65/><V32/><F32/><W101/><G106/><T131/><D131/><U112/><E112/><V93/><F93/><W108/><G103/><T116/><D116/><U52/><E100/><V84/><F84/><W91/><G101/><T76/><D76/><U92/><E92/><V88/><F88/><W0/><G91/><T37/><D37/><U72/><E72/><V119/><F119/><W133/><G133/><T36/><D36/><U83/><E83/><V9/><F9/><RYUUKYOKU ba="0,0" sc="349,15,199,-15,253,15,199,-15" hai0="7,8,13,16,21,29,31,58,60,66" hai2="5,11,14,18" /><INIT seed="2,1,0,4,4,68" ten="364,184,268,184" oya="2" hai0="81,27,122,58,89,77,133,4,97,7,59,107,124" hai1="21,79,94,13,110,76,56,61,25,106,47,118,53" hai2="60,69,0,131,55,132,86,84,48,40,57,100,99" hai3="73,41,114,30,83,36,78,28,128,45,129,39,23"/><V91/><F0/><W3/><G114/><T71/><D122/><U37/><E106/><V2/><F2/><W17/><G3/><T105/><D71/><U43/><E118/><V121/><F121/><W70/><G70/><T35/><D133/><U63/><E110/><V67/><F132/><W127/><G39/><T101/><D107/><U33/><E33/><V113/><F113/><W134/><G134/><T112/><D112/><U96/><E63/><V16/><F131/><N who="3" m="50251" /><G127/><T87/><D124/><U34/><E13/><AGARI ba="1,0" hai="13,17,23,28,30,36,41,45,73,78,83" m="50251" machi="13" ten="30,2000,0" yaku="19,1,52,1" doraHai="68" who="3" fromWho="1" sc="364,0,184,-23,268,0,184,23" /><INIT seed="3,0,0,4,0,110" ten="364,161,268,207" oya="3" hai0="130,78,18,103,111,52,77,80,75,129,93,5,133" hai1="118,63,53,37,65,50,42,16,44,33,94,6,135" hai2="58,134,43,51,96,70,95,72,55,98,101,62,125" hai3="88,35,59,38,128,73,39,23,87,127,60,41,117"/><W119/><G73/><T102/><D111/><U9/><E33/><V45/><F72/><W61/><G35/><T12/><D133/><U36/><E135/><V106/><F134/><W107/><G107/><T121/><D5/><U7/><E118/><V4/><F4/><W82/><G61/><T115/><D115/><U10/><E36/><V74/><F74/><W123/><G123/><T31/><D78/><U32/><E32/><V11/><F11/><W97/><G41/><T85/><D31/><U122/><E122/><V79/><F79/><W48/><G48/><T86/><D52/><U84/><E37/><V113/><F125/><W15/><G39/><T112/><D112/><U57/><E42/><V132/><F132/><W108/><G38/><T19/><D19/><U13/><REACH who="1" step="1"/><E9/><REACH who="1" ten="364,151,268,207" step="2"/><V26/><F43/><W71/><G119/><T30/><D121/><U104/><E104/><V46/><F106/><W49/><G117/><T83/><D129/><U114/><E114/><V100/><F113/><W1/><G128/><T131/><D130/><U64/><E64/><V34/><F34/><W126/><G108/><T92/><D131/><U3/><E3/><V68/><F55/><W76/><G1/><T22/><D22/><U2/><E2/><V17/><F68/><W28/><G71/><T105/><D105/><U47/><E47/><V24/><F46/><W90/><G127/><T29/><D75/><U20/><E20/><V81/><F45/><W69/><G69/><T124/><D124/><U54/><E54/><V66/><F66/><W89/><G126/><T8/><D8/><RYUUKYOKU ba="0,1" sc="364,-10,151,30,268,-10,207,-10" hai1="6,7,10,13,16,44,50,53,57,63,65,84,94" owari="364,46.4,181,-31.9,258,5.8,197,-20.3" /></mjloggm>