<mjloggm ver="2.3"><GO type="225" lobby="0"/><UN n0="%72%69%6F%75%63%68%61%6E" n1="%E6%BC%AB%E6%89%8D%E9%BA%BB%E5%B0%86%E5%91%86%E5%91%86" n2="%E3%81%A9%E3%82%93%E3%82%88%E3%81%8F%4D%6B%2E%32" n3="%E7%AD%89%E3%80%85%E5%8A%9B%E5%8A%87%E5%A0%B4" dan="16,16,16,16" rate="2129.54,2064.49,2135.45,2132.59" sx="M,F,M,M"/><TAIKYOKU oya="0"/><INIT seed="0,0,0,5,4,59" ten="250,250,250,250" oya="0" hai0="89,56,45,90,133,38,51,54,116,86,105,122,127" hai1="129,58,22,18,124,103,132,32,82,14,75,12,97" hai2="55,107,65,117,98,52,115,120,104,80,40,126,4" hai3="33,110,100,125,76,64,101,24,74,13,106,60,28"/><T36/><D116/><U29/><E129/><V42/><F120/><W81/><G110/><T73/><D127/><U50/><E124/><V72/><F115/><W35/><G125/><T44/><D133/><U67/><E132/><V66/><F4/><W16/><G35/><T135/><D135/><U131/><E131/><V37/><F126/><W68/><REACH who="3" step="1"/><G106/><REACH who="3" ten="250,250,250,240" step="2"/><T79/><D105/><U20/><E32/><V113/><F107/><W95/><G95/><T87/><D122/><U94/><E82/><V2/><F80/><W46/><G46/><T7/><D45/><U93/><E94/><V0/><F104/><W83/><G83/><T85/><D44/><U30/><E75/><V3/><F72/><W5/><G5/><T108/><D108/><U49/><E29/><V99/><F113/><W6/><G6/><T109/><D109/><U96/><E96/><V123/><F123/><W114/><G114/><T21/><D7/><U63/><E14/><V134/><F134/><W88/><G88/><N who="0" m="33899" /><D73/><U17/><E18/><V118/><REACH who="2" step="1"/><F3/><REACH who="2" ten="250,250,240,240" step="2"/><W128/><G128/><T25/><D79/><U102/><E102/><V62/><F62/><W26/><G26/><AGARI ba="0,2" hai="12,17,20,22,26,30,49,50,58,63,67,93,97,103" machi="26" ten="40,8000,1" yaku="25,2,8,1,52,1" doraHai="59" who="1" fromWho="3" sc="250,0,250,100,240,0,240,-80" /><INIT seed="1,0,0,1,0,98" ten="250,350,240,160" oya="1" hai0="86,104,58,115,114,19,133,29,78,63,13,107,42" hai1="132,40,76,87,11,123,88,117,56,124,84,1,7" hai2="113,45,28,65,61,5,83,73,59,14,85,8,32" hai3="3,105,6,30,95,20,128,52,100,22,125,112,25"/><U96/><E117/><V0/><F73/><W39/><G112/><T53/><D133/><U79/><E123/><V66/><F113/><W110/><G39/><T48/><D107/><U64/><E132/><V16/><F45/><W46/><G105/><T106/><D104/><U21/><E124/><V91/><F32/><W17/><G110/><T69/><D106/><U74/><E40/><V38/><F28/><W120/><G120/><T134/><D134/><U9/><E74/><V55/><REACH who="2" step="1"/><F38/><REACH who="2" ten="250,350,230,160" step="2"/><W18/><G30/><T27/><D29/><U81/><E76/><V118/><F118/><W92/><G46/><T94/><D78/><U4/><E79/><V127/><F127/><W26/><G125/><T57/><D115/><U97/><E1/><V68/><F68/><W35/><G35/><T50/><D69/><U10/><E56/><V135/><F135/><W75/><G75/><T33/><D33/><U93/><E7/><V122/><F122/><W47/><G6/><T71/><D71/><U31/><E4/><V44/><F44/><W41/><G3/><T99/><D57/><U89/><E64/><V126/><F126/><W131/><G41/><T12/><D42/><U54/><E54/><V60/><F60/><W111/><G47/><T49/><D114/><U116/><E116/><V72/><F72/><W34/><G34/><T80/><D63/><U130/><E130/><V121/><F121/><W15/><G52/><T129/><D53/><U62/><E62/><V24/><F24/><AGARI ba="0,1" hai="9,10,11,21,24,31,81,84,87,88,89,93,96,97" machi="24" ten="40,3900,0" yaku="8,1,54,1" doraHai="98" who="1" fromWho="2" sc="250,0,350,49,230,-39,160,0" /><INIT seed="1,1,0,0,4,94" ten="250,399,191,160" oya="1" hai0="113,101,96,117,79,39,104,135,116,68,70,7,102" hai1="114,59,33,45,77,27,51,134,8,40,6,127,129" hai2="4,44,62,97,22,78,35,3,130,20,87,13,55" hai3="81,23,124,121,108,86,85,92,99,58,109,84,119"/><U21/><E114/><V91/><F35/><W56/><G121/><T128/><D113/><U80/><E33/><V63/><F130/><W105/><G105/><T0/><D39/><U131/><E127/><V57/><F3/><W9/><G124/><T24/><D128/><U42/><E40/><V89/><F44/><W5/><G81/><T28/><D135/><U72/><E59/><V71/><F71/><W17/><G119/><T15/><D15/><U115/><E134/><V98/><F78/><W37/><G37/><T75/><D101/><U60/><E60/><V34/><F34/><W123/><G123/><T46/><D46/><U103/><E103/><V31/><F63/><W49/><G5/><T112/><D112/><U120/><E115/><V10/><F89/><W133/><G9/><N who="0" m="2279" /><D24/><U12/><E120/><V14/><F14/><W93/><G133/><T66/><D28/><U106/><E106/><V26/><F22/><W73/><G73/><T36/><D36/><U65/><E65/><V107/><F107/><W32/><G32/><T83/><D66/><U16/><AGARI ba="1,0" hai="6,8,12,16,21,27,42,45,51,72,77,80,129,131" machi="16" ten="30,3000,0" yaku="0,1,54,1" doraHai="94" who="1" fromWho="1" sc="250,-11,399,33,191,-11,160,-11" /><INIT seed="1,2,0,4,5,2" ten="239,432,180,149" oya="1" hai0="7,37,61,74,62,124,94,83,130,48,27,4,135" hai1="34,117,79,121,50,57,77,81,88,65,119,9,125" hai2="98,66,102,118,120,52,64,131,30,101,105,58,86" hai3="44,122,33,51,106,49,6,128,107,45,134,22,3"/><U28/><E121/><V24/><F120/><W32/><G122/><T67/><D37/><U5/><E125/><V1/><F118/><W56/><G56/><T42/><D124/><U132/><E132/><V112/><F112/><W18/><G128/><T96/><D135/><U90/><E34/><V54/><F131/><W59/><G134/><T35/><D130/><U46/><E28/><V0/><F102/><W78/><G59/><T97/><D74/><U109/><E109/><V16/><F54/><W100/><G78/><T133/><D133/><U93/><E117/><V111/><F111/><W13/><G33/><T31/><D83/><U127/><E127/><V60/><F86/><W19/><G32/><T26/><D97/><U53/><E81/><V14/><F0/><W91/><G100/><T36/><D36/><U99/><E90/><V129/><F1/><W41/><G91/><N who="0" m="55391" /><D35/><U69/><E69/><V103/><F103/><W75/><G75/><T73/><D73/><U63/><E119/><V21/><F129/><W43/><REACH who="3" step="1"/><G19/><REACH who="3" ten="239,432,180,139" step="2"/><T113/><D113/><U71/><E71/><V38/><REACH who="2" step="1"/><F38/><REACH who="2" ten="239,432,170,139" step="2"/><W92/><G92/><T126/><D126/><U80/><E80/><V72/><F72/><W115/><G115/><T47/><D31/><U10/><E93/><V29/><F29/><W17/><G17/><T114/><D114/><U55/><E79/><V23/><AGARI ba="2,2" hai="14,16,21,23,24,30,52,58,60,64,66,98,101,105" machi="23" ten="20,8000,1" yaku="1,1,0,1,7,1,54,2,53,0" doraHai="2" doraHaiUra="40" who="2" fromWho="2" sc="239,-22,432,-42,170,106,139,-22" /><INIT seed="2,0,0,2,3,45" ten="217,390,276,117" oya="2" hai0="100,82,12,103,10,70,98,20,58,15,46,47,50" hai1="1,29,4,36,18,113,91,2,43,31,42,132,121" hai2="68,35,52,23,131,5,86,40,55,60,64,78,61" hai3="109,16,69,88,11,84,37,93,32,126,85,27,134"/><V127/><F35/><W22/><G69/><T8/><D70/><U110/><E113/><V133/><F5/><W116/><G116/><T77/><D20/><U62/><E110/><V128/><F23/><W119/><G119/><T7/><D58/><U80/><E132/><V39/><F78/><W79/><G37/><T13/><D46/><U94/><E80/><V114/><F86/><W33/><G109/><T65/><D65/><U9/><E2/><V28/><F28/><W72/><G72/><T105/><D103/><U6/><E4/><V57/><F114/><W24/><G126/><T67/><D67/><U130/><E130/><N who="2" m="49707" /><F127/><W101/><G134/><T96/><D96/><U83/><E83/><V0/><F0/><W102/><G11/><T59/><D59/><U74/><E74/><V135/><F55/><W106/><G33/><T26/><D26/><U125/><E6/><V51/><F61/><W21/><G32/><T108/><D108/><U99/><E62/><V14/><F14/><W44/><G106/><T19/><D19/><U73/><E18/><V115/><F115/><W34/><G34/><T71/><D10/><U104/><E9/><V76/><F76/><W118/><G118/><T53/><REACH who="0" step="1"/><D71/><REACH who="0" ten="207,390,276,117" step="2"/><U17/><E17/><V120/><F120/><W95/><G22/><T81/><D81/><U54/><E121/><V25/><F25/><W48/><G27/><T123/><D123/><U3/><E125/><V30/><F30/><W112/><G112/><T63/><D63/><U87/><E31/><V41/><F41/><N who="1" m="15369" /><E29/><V122/><F122/><W97/><G24/><RYUUKYOKU ba="0,1" sc="207,15,390,-15,276,15,117,-15" hai0="7,8,12,13,15,47,50,53,77,82,98,100,105" hai2="39,40,51,52,57,60,64,68,133,135" /><INIT seed="2,1,1,5,3,79" ten="222,375,291,102" oya="2" hai0="133,88,32,100,87,35,28,66,83,116,106,49,42" hai1="58,103,64,76,67,13,36,7,15,6,120,107,59" hai2="23,91,26,97,111,113,74,78,129,60,39,71,77" hai3="10,110,75,29,102,119,73,130,19,20,25,5,44"/><V27/><F39/><W126/><G119/><T92/><D116/><U128/><E36/><V9/><F113/><W84/><G110/><T38/><D38/><U89/><E120/><V123/><F123/><W51/><G130/><T82/><D133/><U12/><E76/><V125/><F129/><W131/><G131/><T16/><D66/><N who="1" m="25131" /><E103/><V70/><F27/><W18/><G126/><T46/><D16/><U14/><E107/><V0/><F125/><W112/><G112/><T72/><D72/><U115/><E115/><V47/><F47/><W105/><G75/><T65/><D65/><U2/><E2/><V63/><F74/><W34/><G73/><T94/><D106/><U81/><E128/><V134/><F134/><W122/><G122/><T69/><D69/><U21/><E21/><V33/><F33/><W4/><G34/><T124/><D124/><U52/><E12/><V104/><F111/><W90/><G102/><T117/><D117/><U40/><E40/><V11/><F0/><W80/><G105/><T101/><D32/><U56/><E52/><V132/><F132/><W99/><G99/><N who="0" m="59495" /><D35/><U1/><E1/><V43/><F43/><W37/><G37/><T41/><D28/><U62/><E62/><N who="2" m="23595" /><F104/><W53/><G29/><T54/><D101/><U85/><AGARI ba="1,1" hai="6,7,13,14,15,56,58,59,81,85,89" m="25131" machi="85" ten="40,2700,0" yaku="8,1,52,1" doraHai="79" who="1" fromWho="1" sc="222,-8,375,40,291,-14,102,-8" /><INIT seed="3,0,0,5,2,60" ten="214,415,277,94" oya="3" hai0="34,4,103,80,64,124,114,55,75,87,105,134,10" hai1="78,97,126,73,47,91,107,45,35,9,70,83,94" hai2="67,122,115,108,5,38,12,82,72,46,48,133,66" hai3="90,6,29,127,39,121,132,89,123,88,57,15,28"/><W51/><G39/><T27/><D75/><U135/><E126/><V68/><F115/><W100/><G132/><T25/><D34/><U14/><E135/><V99/><F38/><W85/><G127/><T2/><D134/><U19/><E70/><V58/><F68/><W43/><G100/><T54/><D124/><U62/><E35/><V52/><F133/><W41/><G123/><T22/><D114/><U76/><E76/><V95/><F72/><W26/><G121/><T79/><D64/><N who="2" m="24618" /><F108/><W36/><G36/><T49/><D25/><U63/><E47/><V120/><F120/><W129/><G129/><T16/><REACH who="0" step="1"/><D49/><REACH who="0" ten="204,415,277,94" step="2"/><U40/><E107/><V23/><F122/><W116/><G116/><T84/><D84/><U86/><E73/><V3/><F3/><W20/><G29/><T113/><D113/><U93/><E93/><V77/><F82/><W42/><G85/><T13/><D13/><U74/><E74/><V96/><F77/><W110/><G110/><T109/><D109/><U61/><E61/><N who="2" m="36039" /><F95/><W102/><G102/><T112/><D112/><U117/><E117/><V11/><F23/><W128/><G128/><T30/><D30/><U69/><E69/><V24/><F24/><W7/><REACH who="3" step="1"/><G15/><REACH who="3" ten="204,415,277,84" step="2"/><T71/><D71/><U18/><E14/><V0/><F0/><W44/><G44/><T98/><AGARI ba="0,2" hai="2,4,10,16,22,27,54,55,79,80,87,98,103,105" machi="98" ten="30,4000,0" yaku="1,1,0,1,54,1,53,0" doraHai="60" doraHaiUra="130" who="0" fromWho="0" sc="204,60,415,-10,277,-10,84,-20" owari="264,-13.6,405,50.5,267,6.7,64,-43.6" /></mjloggm>