<mjloggm ver="2.3"><GO type="225" lobby="0"/><UN n0="%E3%83%A9%E3%83%BC%E3%83%A1%E3%83%B3%E4%BA%94%E9%83%8E" n1="%E3%82%82%E3%81%90%E3%82%89" n2="%E3%81%BE%E3%81%A8%E3%81%9F" n3="%61%6D%65%6B%69" dan="16,17,16,16" rate="2083.71,2201.19,2159.46,2091.34" sx="M,M,M,M"/><TAIKYOKU oya="0"/><INIT seed="0,0,0,0,5,43" ten="250,250,250,250" oya="0" hai0="131,50,12,57,83,44,95,98,116,122,25,30,109" hai1="15,87,42,20,0,89,2,99,3,51,46,111,47" hai2="73,29,107,135,72,65,39,56,41,101,19,82,9" hai3="21,31,14,62,92,67,32,103,6,22,64,110,5"/><T52/><D116/><U49/><E111/><V120/><F120/><W48/><G110/><T27/><D109/><U23/><E99/><V91/><F29/><W35/><G48/><T26/><D122/><U80/><REACH who="1" step="1"/><E15/><REACH who="1" ten="250,240,250,250" step="2"/><V118/><F118/><W104/><G14/><T66/><D131/><U54/><AGARI ba="0,1" hai="0,2,3,20,23,42,46,47,49,51,54,80,87,89" machi="54" ten="30,8000,1" yaku="1,1,2,1,0,1,52,2,53,0" doraHai="43" doraHaiUra="119" who="1" fromWho="1" sc="250,-40,240,90,250,-20,250,-20" /><INIT seed="1,0,0,5,0,81" ten="210,330,230,230" oya="1" hai0="109,125,123,97,30,73,6,44,7,95,67,52,101" hai1="121,105,91,9,18,48,128,84,72,86,74,63,110" hai2="56,46,89,21,120,49,50,134,16,116,27,96,83" hai3="113,24,29,11,77,130,104,43,45,47,25,10,54"/><U93/><E121/><V26/><F116/><W80/><G113/><T3/><D123/><U119/><E119/><V131/><F120/><W40/><G104/><T122/><D122/><U111/><E105/><V68/><F68/><W94/><G94/><T66/><D73/><U12/><E128/><V39/><F134/><W4/><G130/><T15/><D3/><U34/><E34/><V79/><F131/><W132/><G132/><T115/><D115/><U36/><E36/><V13/><F39/><W70/><G70/><T8/><D109/><N who="1" m="41483" /><E63/><V22/><F56/><W37/><G54/><T0/><D125/><U35/><E35/><V38/><F38/><W99/><G99/><T59/><D30/><U129/><E129/><V92/><F46/><W124/><G124/><T82/><D44/><U19/><E48/><V87/><REACH who="2" step="1"/><F13/><REACH who="2" ten="210,330,220,230" step="2"/><W90/><G37/><T71/><D71/><U58/><E58/><V42/><F42/><W76/><G40/><T108/><D108/><U133/><E133/><V32/><F32/><W135/><G43/><T88/><D0/><U78/><E74/><V53/><F53/><W17/><G135/><T114/><D114/><U1/><E72/><V60/><F60/><W118/><G118/><T57/><D57/><U106/><E1/><V126/><F126/><W61/><G61/><N who="0" m="36071" /><D6/><N who="1" m="3127" /><E106/><V112/><F112/><W100/><G45/><T31/><D66/><U85/><E78/><V28/><AGARI ba="0,1" hai="16,21,22,26,27,28,49,50,79,83,87,89,92,96" machi="28" ten="20,12000,2" yaku="1,1,0,1,7,1,8,1,52,1,54,1,53,0" doraHai="81" doraHaiUra="62" who="2" fromWho="2" sc="210,-30,330,-60,220,130,230,-30" /><INIT seed="2,0,0,2,1,46" ten="180,270,350,200" oya="2" hai0="44,100,123,134,32,108,6,77,133,135,20,33,125" hai1="72,55,57,65,62,129,19,117,107,128,113,80,89" hai2="47,58,4,111,21,101,76,28,102,24,48,67,79" hai3="7,69,51,45,30,68,42,132,50,63,0,85,11"/><V90/><F4/><W74/><G132/><T17/><D123/><U78/><E117/><V91/><F58/><W130/><G130/><N who="1" m="50282" /><E113/><V1/><F67/><W99/><G74/><T109/><D125/><U131/><E131/><V56/><F56/><W18/><G30/><T14/><D100/><U86/><E107/><V38/><F38/><W36/><G99/><T49/><D77/><N who="2" m="29770" /><F1/><W23/><G85/><T106/><D106/><U61/><E19/><V39/><F39/><W16/><G18/><T126/><D6/><U12/><E12/><V84/><F91/><W94/><G94/><T37/><D37/><U3/><E3/><V53/><F111/><N who="0" m="42570" /><D126/><U115/><E115/><V35/><F35/><W92/><G92/><AGARI ba="0,0" hai="21,24,28,47,48,53,84,90,92,101,102" m="29770" machi="92" ten="30,2900,0" yaku="8,1,52,1" doraHai="46" who="2" fromWho="3" sc="180,0,270,0,350,29,200,-29" /><INIT seed="2,1,0,1,3,85" ten="180,270,379,171" oya="2" hai0="125,47,3,71,21,42,100,7,132,4,115,72,19" hai1="40,56,35,28,49,101,116,93,62,22,34,109,105" hai2="110,70,104,66,20,16,78,45,123,44,111,43,50" hai3="120,64,12,91,79,13,58,63,25,68,18,61,119"/><V128/><F104/><W108/><G108/><T102/><D115/><U30/><E116/><V73/><F128/><W106/><G106/><T51/><D71/><U27/><E105/><V1/><F123/><W31/><G120/><T95/><D72/><U122/><E109/><N who="2" m="41483" /><F1/><W52/><G79/><T134/><D125/><U107/><E107/><V69/><F66/><W129/><G129/><T48/><D48/><U86/><E122/><V15/><F44/><W99/><G119/><T5/><D3/><U24/><E49/><V76/><F76/><W121/><G121/><T83/><D83/><AGARI ba="1,0" hai="15,16,20,43,45,50,69,70,73,78,83" m="41483" machi="83" ten="30,5800,0" yaku="14,1,10,1,54,1" doraHai="85" who="2" fromWho="0" sc="180,-61,270,0,379,61,171,0" /><INIT seed="2,2,0,5,4,109" ten="119,270,440,171" oya="2" hai0="127,36,98,26,65,4,11,110,1,77,97,60,6" hai1="76,56,49,130,17,81,114,44,124,94,84,8,91" hai2="57,113,68,82,47,24,105,52,27,63,16,80,32" hai3="118,70,46,101,15,3,50,23,14,53,87,93,126"/><V103/><F68/><W115/><G3/><T61/><D127/><U45/><E130/><V116/><F116/><W100/><G70/><T43/><D110/><U66/><E124/><V20/><F47/><W125/><G118/><T2/><D77/><U58/><E114/><V39/><F39/><W107/><G107/><T0/><D26/><U95/><E95/><V9/><F9/><W28/><G115/><T35/><D35/><U135/><E135/><V48/><F32/><W5/><G126/><T128/><D128/><U51/><E66/><V106/><F27/><N who="3" m="16511" /><G125/><T40/><D36/><U121/><E121/><V69/><F113/><W134/><G134/><T112/><D0/><U86/><E51/><V22/><F22/><W67/><G67/><T102/><D65/><U132/><E45/><V99/><F105/><W7/><G15/><T104/><D112/><U42/><E132/><V29/><F29/><W122/><G122/><T96/><D40/><U62/><E62/><V37/><F37/><W41/><G41/><T90/><D43/><U72/><E72/><V131/><F131/><W83/><G93/><T33/><D33/><U30/><E30/><V85/><F85/><W25/><G25/><T129/><D129/><U71/><E71/><V74/><F74/><W79/><G14/><AGARI ba="2,0" hai="8,14,17,42,44,49,56,58,76,81,84,86,91,94" machi="14" ten="40,1300,0" yaku="8,1" doraHai="109" who="1" fromWho="3" sc="119,0,270,19,440,0,171,-19" /><INIT seed="3,0,0,5,5,21" ten="119,289,440,152" oya="3" hai0="125,53,122,67,59,2,58,113,74,116,91,81,26" hai1="126,94,99,80,88,65,66,90,75,14,101,19,13" hai2="5,109,50,72,6,47,134,98,63,69,32,124,76" hai3="18,7,119,33,31,93,20,114,82,102,61,111,79"/><W23/><G33/><T73/><D2/><U123/><E126/><V25/><F109/><W106/><G106/><T56/><D116/><U48/><E123/><V45/><F45/><W89/><G114/><T49/><D122/><U110/><E110/><V104/><F134/><W3/><G111/><T133/><D133/><U121/><E121/><V35/><F35/><W36/><G36/><T44/><D125/><U15/><E75/><V11/><F11/><W41/><G41/><T85/><D113/><U34/><E34/><V1/><F1/><W117/><G102/><T100/><D67/><N who="1" m="25611" /><E48/><V39/><F39/><W68/><G68/><T78/><D100/><U40/><E40/><V28/><F28/><W24/><G61/><T10/><D10/><N who="1" m="6583" /><E90/><V96/><F76/><W115/><G7/><T16/><REACH who="0" step="1"/><D91/><REACH who="0" ten="109,289,440,152" step="2"/><U4/><E4/><V51/><F124/><W83/><G3/><T0/><D0/><U43/><E43/><V42/><F72/><W46/><G115/><T9/><D9/><U107/><E88/><V97/><F104/><W12/><G119/><T108/><D108/><U70/><E107/><V103/><F103/><W30/><G117/><T71/><D71/><U29/><E70/><V54/><F54/><W95/><G89/><T87/><D87/><U112/><E101/><V130/><F69/><W62/><G93/><T52/><D52/><U129/><E112/><V57/><F42/><W92/><G95/><T77/><D77/><U84/><E84/><V17/><F130/><W60/><G92/><T105/><D105/><U22/><E94/><V128/><F128/><RYUUKYOKU ba="0,1" sc="109,30,289,-10,440,-10,152,-10" hai0="16,26,44,49,53,56,58,59,73,74,78,81,85" owari="139,-36.1,279,7.9,440,54.0,142,-25.8" /></mjloggm>