<mjloggm ver="2.3"><GO type="225" lobby="0"/><UN n0="%E3%83%B4%E3%82%A3%E3%83%AF%E3%82%B3%E3%82%B0%E3%83%8B" n1="%E3%83%9D%E3%83%B3%E3%83%9D%E3%82%B3%E5%95%86%E4%BA%8B" n2="%E6%98%93%E5%88%A9%E8%96%A9%E4%BC%AF" n3="%E3%81%A9%E3%82%8F%E3%82%93%E3%81%94" dan="16,16,16,16" rate="2144.40,2165.56,2057.41,2064.69" sx="M,M,F,M"/><TAIKYOKU oya="0"/><INIT seed="0,0,0,4,1,21" ten="250,250,250,250" oya="0" hai0="4,48,90,124,26,77,45,107,99,59,31,17,1" hai1="97,16,91,53,109,38,19,127,92,100,7,111,49" hai2="9,29,103,72,123,2,35,83,37,125,15,104,61" hai3="55,76,116,50,36,10,54,118,105,135,69,33,34"/><T39/><D124/><U110/><E38/><V57/><F123/><W74/><G105/><T56/><D39/><U46/><E127/><V130/><F125/><W79/><G36/><T6/><D77/><U94/><REACH who="1" step="1"/><E7/><REACH who="1" ten="250,240,250,250" step="2"/><V129/><F37/><W40/><G118/><T13/><D4/><U115/><E115/><V41/><F130/><W52/><G116/><T95/><D6/><U96/><AGARI ba="0,1" hai="16,19,46,49,53,91,92,94,96,97,100,109,110,111" machi="96" ten="40,12000,2" yaku="1,1,0,1,14,1,54,1,53,3" doraHai="21" doraHaiUra="122" who="1" fromWho="1" sc="250,-60,240,130,250,-30,250,-30" /><INIT seed="1,0,0,0,3,56" ten="190,370,220,220" oya="1" hai0="101,5,44,60,117,119,128,122,47,75,7,133,52" hai1="57,106,129,108,70,126,23,16,107,54,103,132,73" hai2="71,109,67,77,104,89,85,8,116,105,66,114,28" hai3="98,25,36,18,69,81,118,96,62,19,15,95,27"/><U14/><E70/><V11/><F116/><W90/><G36/><T1/><D75/><U34/><E34/><V37/><F37/><W100/><G118/><T93/><D1/><U12/><E73/><V112/><F109/><W102/><G19/><T87/><D119/><U86/><E126/><V88/><F28/><W63/><G81/><T20/><D117/><U78/><E129/><V39/><F39/><W41/><G41/><T65/><D133/><U49/><E132/><V30/><F30/><W2/><G2/><T22/><D65/><U135/><E135/><V82/><F77/><W26/><G69/><T99/><D122/><U46/><E103/><N who="3" m="39466" /><G98/><T80/><D128/><U53/><E108/><V21/><F21/><AGARI ba="0,0" hai="15,18,21,25,26,27,62,63,90,95,96" m="39466" machi="21" ten="30,3900,0" yaku="8,1,52,2" doraHai="56" who="3" fromWho="2" sc="190,0,370,0,220,-39,220,39" /><INIT seed="2,0,0,2,2,69" ten="190,370,181,259" oya="2" hai0="10,112,65,25,104,115,124,97,92,17,96,134,62" hai1="39,79,57,44,30,117,13,102,122,3,68,89,51" hai2="77,127,28,37,67,22,74,125,27,29,16,116,7" hai3="53,60,5,84,129,135,121,20,76,50,88,120,56"/><V126/><F116/><W35/><G129/><T34/><D124/><U100/><E3/><V12/><F67/><W1/><G35/><T61/><D134/><U78/><E68/><V41/><F77/><W26/><G135/><T52/><D104/><U73/><E117/><V64/><F64/><W9/><G76/><T93/><D34/><U108/><E89/><V99/><F99/><W83/><REACH who="3" step="1"/><G60/><REACH who="3" ten="190,370,181,249" step="2"/><T6/><D62/><U32/><E79/><V98/><F74/><W15/><G15/><T114/><D114/><U101/><E13/><V19/><F7/><W71/><G71/><T85/><D115/><U119/><E32/><V106/><F106/><W66/><G66/><T131/><D65/><U82/><E78/><V75/><F75/><W72/><G72/><T48/><D61/><U94/><E73/><V14/><F14/><W42/><G42/><T59/><D131/><U18/><E119/><V4/><F4/><W63/><G63/><T128/><D128/><U33/><E33/><V103/><F41/><W45/><G45/><T2/><D112/><U46/><E44/><V49/><F49/><W109/><G109/><T47/><D47/><U31/><E46/><V91/><F37/><W40/><G40/><T111/><D111/><U80/><E39/><V81/><F12/><W24/><G24/><T86/><D25/><U23/><E51/><V11/><F11/><W38/><G38/><T55/><D10/><U110/><E108/><V105/><F29/><AGARI ba="0,1" hai="1,5,9,20,26,29,50,53,56,83,84,88,120,121" machi="29" ten="30,8000,1" yaku="1,1,7,1,54,1,53,2" doraHai="69" doraHaiUra="118" who="3" fromWho="2" sc="190,0,370,0,181,-80,249,90" /><INIT seed="3,0,0,2,4,83" ten="190,370,101,339" oya="3" hai0="9,63,107,33,26,18,24,116,16,58,96,15,28" hai1="17,131,73,44,129,50,103,3,91,125,120,11,62" hai2="100,114,76,72,56,80,98,59,32,95,104,81,122" hai3="8,66,29,82,2,78,20,84,106,53,75,77,7"/><W46/><G106/><T109/><D116/><U88/><E120/><V4/><F32/><W121/><G121/><T128/><D109/><U49/><E125/><V93/><F122/><W10/><G66/><T117/><D117/><U123/><E123/><V86/><F4/><W127/><G127/><T37/><D37/><U27/><E73/><V45/><F45/><W111/><G111/><T0/><D0/><U132/><E132/><V51/><F51/><N who="1" m="19465" /><E44/><V35/><F35/><W14/><G46/><T134/><D96/><U87/><E62/><V42/><F42/><W101/><G101/><T13/><D24/><U69/><E69/><V108/><F108/><W6/><G53/><T102/><D18/><U92/><E103/><V99/><F114/><W12/><G2/><T52/><D9/><U119/><E91/><V55/><F55/><W124/><G124/><T41/><D128/><N who="1" m="49227" /><E119/><V113/><F113/><W40/><G40/><T38/><D13/><N who="1" m="7359" /><E3/><V54/><F54/><W36/><G36/><T25/><D41/><U67/><E27/><N who="0" m="10249" /><D33/><U74/><E74/><V130/><F130/><W1/><G1/><T5/><D107/><U70/><E70/><V34/><F34/><W19/><G75/><T126/><D28/><U105/><E105/><V118/><F118/><W47/><G47/><T57/><D126/><U89/><E89/><N who="2" m="55599" /><F104/><W22/><G29/><T23/><D5/><N who="3" m="1545" /><G78/><T60/><D134/><U48/><E48/><V110/><F110/><W64/><G64/><AGARI ba="0,0" hai="64,67,87,88,92" m="7359,49227,19465" machi="64" ten="30,3900,0" yaku="19,1,52,1,54,1" doraHai="83" who="1" fromWho="3" sc="190,0,370,39,101,0,339,-39" owari="190,-21.0,409,50.9,101,-39.9,300,10.0" /></mjloggm>