<mjloggm ver="2.3"><GO type="225" lobby="0"/><UN n0="%6D%75%75%73%61%6E%6D%75" n1="%E3%83%81%E3%83%AF%E3%83%AF%E9%9A%8A%E9%95%B7" n2="%E9%B3%B3%E6%9D%B1%E3%81%AE%E3%81%86%E3%81%95%E3%81%8E%E3%81%95%E3%82%93" n3="%E3%81%A6%E3%82%93%E3%81%8F%E3%81%86" dan="17,16,17,17" rate="2155.57,2106.81,2228.34,2180.09" sx="F,M,M,M"/><TAIKYOKU oya="0"/><INIT seed="0,0,0,0,4,86" ten="250,250,250,250" oya="0" hai0="91,14,58,126,134,102,16,103,3,7,11,78,62" hai1="123,65,40,34,49,129,24,69,26,121,63,95,1" hai2="31,85,25,130,125,135,100,13,21,94,74,41,109" hai3="4,39,38,0,27,51,72,66,50,5,19,132,32"/><T71/><D134/><U80/><E1/><V120/><F120/><W18/><G72/><T67/><D126/><U59/><E129/><V28/><F130/><W96/><G0/><T122/><D78/><U84/><E95/><V77/><F125/><W127/><G127/><T111/><D122/><U55/><E40/><V37/><F135/><W88/><G132/><T22/><D111/><U82/><E82/><V133/><F133/><W53/><G66/><T68/><REACH who="0" step="1"/><D91/><REACH who="0" ten="240,250,250,250" step="2"/><U104/><E121/><V73/><F77/><W20/><G88/><T15/><D15/><U70/><E123/><V46/><F109/><W75/><G96/><T89/><D89/><U107/><E24/><V119/><F13/><W17/><G27/><T118/><D118/><U81/><E26/><V113/><F119/><W105/><G75/><T61/><D61/><U128/><E63/><V87/><F74/><W83/><G83/><T92/><D92/><U8/><E80/><V90/><F73/><W93/><G93/><T10/><D10/><U106/><E8/><V131/><F131/><W60/><G105/><T108/><D108/><U116/><E128/><V56/><F87/><W79/><G79/><T99/><D99/><U124/><E84/><V101/><F28/><W2/><G60/><T54/><D54/><U23/><E124/><V9/><F9/><W45/><G53/><T36/><D36/><U12/><E55/><V33/><F31/><W98/><G38/><T76/><D76/><U112/><E116/><V114/><F37/><W115/><G39/><T52/><D52/><U57/><E81/><RYUUKYOKU ba="0,1" sc="240,30,250,-10,250,-10,250,-10" hai0="3,7,11,14,16,22,58,62,67,68,71,102,103" /><INIT seed="0,1,1,5,5,46" ten="270,240,240,240" oya="0" hai0="69,124,81,10,95,77,118,20,71,8,64,117,65" hai1="62,9,119,11,5,17,2,34,127,102,122,79,49" hai2="135,128,53,48,18,84,16,109,97,44,3,24,42" hai3="58,123,60,108,72,87,121,52,85,98,104,112,38"/><T111/><D124/><U125/><E119/><V4/><F109/><W116/><G116/><T29/><D111/><U61/><E122/><N who="3" m="46602" /><G112/><T50/><D117/><U99/><E34/><V22/><F128/><W130/><G108/><T115/><D118/><U78/><E9/><V107/><F135/><W35/><G130/><T89/><D71/><U6/><E6/><V21/><F3/><W1/><G1/><T26/><D115/><U56/><E17/><V0/><F0/><W13/><G72/><T83/><D69/><U23/><E23/><V27/><F4/><W132/><G132/><T73/><D10/><U120/><E120/><V70/><F70/><W131/><G131/><T43/><D8/><U126/><E49/><V114/><F114/><W129/><G129/><T31/><D31/><U110/><E110/><V93/><F107/><W12/><G38/><T7/><D7/><U88/><E88/><N who="2" m="53383" /><F97/><W67/><G35/><T47/><REACH who="0" step="1"/><D81/><REACH who="0" ten="260,240,240,240" step="2"/><U103/><E125/><V74/><F74/><W80/><G80/><T105/><D105/><U94/><E126/><V91/><F91/><W63/><G12/><T57/><D57/><U86/><E127/><V51/><F24/><W113/><G13/><T76/><D76/><U45/><E78/><V33/><F27/><W19/><G113/><T39/><D39/><U133/><E133/><V40/><F18/><W96/><G104/><T32/><D32/><U134/><E134/><V90/><F33/><W75/><G19/><T14/><D14/><U101/><E2/><V41/><F16/><W37/><G37/><T92/><D92/><RYUUKYOKU ba="1,2" sc="260,30,240,-10,240,-10,240,-10" hai0="20,26,29,43,47,50,64,65,73,77,83,89,95" /><INIT seed="0,2,2,3,2,8" ten="290,230,230,230" oya="0" hai0="23,56,65,13,61,9,75,114,78,82,42,63,26" hai1="127,21,39,132,49,130,107,128,115,135,12,131,126" hai2="134,92,113,121,94,79,76,54,52,123,68,20,14" hai3="25,99,91,11,72,96,40,83,60,84,34,2,17"/><T88/><D114/><U35/><E39/><V98/><F113/><W51/><G72/><T108/><D108/><U90/><E115/><V62/><F134/><N who="1" m="51241" /><E35/><V33/><F33/><W71/><G34/><T53/><D42/><U70/><E70/><V74/><F68/><W46/><G2/><T67/><D63/><U22/><E107/><V16/><F74/><W111/><G111/><T30/><REACH who="0" step="1"/><D88/><REACH who="0" ten="280,230,230,230" step="2"/><U119/><E90/><N who="2" m="55575" /><F123/><W27/><G60/><T59/><D59/><U89/><E89/><V101/><F121/><W97/><REACH who="3" step="1"/><G71/><REACH who="3" ten="280,230,230,220" step="2"/><T28/><D28/><U86/><E128/><V110/><F110/><W102/><G102/><T50/><D50/><U48/><E48/><V133/><F133/><W80/><G80/><T73/><D73/><U29/><E49/><V4/><F62/><W85/><G85/><T18/><AGARI ba="2,4" hai="9,13,18,23,26,30,53,56,61,65,67,75,78,82" machi="18" ten="20,7800,0" yaku="1,1,0,1,7,1,52,1,53,0" doraHai="8" doraHaiUra="93" who="0" fromWho="0" sc="280,124,230,-28,230,-28,220,-28" /><INIT seed="0,3,0,5,4,14" ten="404,202,202,192" oya="0" hai0="75,25,88,124,129,41,57,91,134,79,103,1,113" hai1="77,115,29,109,5,99,10,6,16,95,76,114,97" hai2="121,128,118,81,55,96,62,64,48,72,37,31,26" hai3="133,102,122,59,131,125,85,18,93,94,15,8,23"/><T120/><D113/><N who="1" m="43019" /><E109/><V40/><F121/><W90/><G122/><T73/><D120/><U36/><E36/><V83/><F128/><W45/><G131/><T54/><D129/><U60/><E29/><V33/><F118/><W78/><G133/><T17/><D134/><U119/><E119/><V67/><F72/><W117/><G117/><T66/><D1/><U11/><E60/><V21/><F33/><W132/><G132/><T53/><D124/><U42/><E42/><V13/><F96/><N who="1" m="36937" /><E95/><V47/><F13/><W135/><G135/><T112/><D112/><U30/><E30/><V70/><REACH who="2" step="1"/><F64/><REACH who="2" ten="404,202,192,192" step="2"/><W69/><G15/><T34/><D75/><U43/><E5/><V32/><F32/><W89/><G125/><T71/><D73/><U80/><E6/><V22/><F22/><W123/><G23/><N who="0" m="13551" /><D34/><U28/><E10/><V46/><AGARI ba="3,1" hai="21,26,31,37,40,46,47,48,55,62,67,70,81,83" machi="46" ten="20,5200,0" yaku="1,1,0,1,7,1,53,1" doraHai="14" doraHaiUra="38" who="2" fromWho="2" sc="404,-29,202,-16,192,71,192,-16" /><INIT seed="1,0,0,2,0,131" ten="375,186,263,176" oya="1" hai0="63,117,12,111,96,70,57,127,29,84,77,44,1" hai1="26,114,106,99,134,47,0,118,67,128,35,79,123" hai2="108,22,101,78,24,56,13,39,87,34,135,30,54" hai3="53,86,80,8,93,88,133,46,126,18,120,68,4"/><U112/><E118/><V14/><F39/><W45/><G120/><T19/><D1/><U82/><E123/><V61/><F108/><W7/><G68/><T55/><D117/><U129/><E0/><V66/><F135/><W89/><G126/><T20/><D127/><U125/><E125/><V103/><F54/><W15/><G133/><T92/><D111/><U64/><E134/><V23/><F34/><W16/><G18/><T38/><D70/><U110/><E110/><V2/><F2/><W49/><G46/><T31/><D38/><U48/><E64/><V85/><F22/><W102/><G102/><N who="2" m="38921" /><F87/><AGARI ba="0,0" hai="4,7,8,15,16,45,49,53,80,86,87,88,89,93" machi="87" ten="30,12000,2" yaku="7,1,25,2,8,1,54,2" doraHai="131" who="3" fromWho="2" sc="375,0,186,0,263,-120,176,120" /><INIT seed="2,0,0,1,1,105" ten="375,186,143,296" oya="2" hai0="19,128,118,74,30,108,31,66,28,62,114,25,98" hai1="60,120,33,48,0,17,81,46,67,27,100,11,8" hai2="92,93,90,16,103,127,53,117,5,129,83,50,102" hai3="42,34,9,135,107,69,72,18,15,20,45,124,58"/><V112/><F112/><W21/><G107/><T3/><D114/><U94/><E120/><V4/><F117/><W78/><G69/><T123/><D123/><U84/><E0/><V91/><F127/><W61/><G34/><T82/><D3/><U63/><E63/><V41/><F129/><W87/><G135/><T109/><D128/><U35/><E35/><V64/><F41/><W75/><G124/><T130/><D130/><U110/><E110/><N who="0" m="42601" /><D118/><U116/><E116/><V96/><F64/><W47/><G87/><T49/><D98/><N who="1" m="59479" /><E33/><V7/><F83/><W56/><G78/><N who="0" m="44375" /><D49/><U121/><E121/><V125/><F125/><W76/><G76/><T22/><D31/><U134/><E134/><V24/><F102/><W79/><G79/><T73/><D73/><U86/><E86/><V113/><F113/><W122/><G122/><T101/><D101/><U88/><E60/><V115/><F115/><W13/><G61/><T111/><D111/><U54/><E67/><V51/><F93/><W97/><G97/><T37/><D37/><U36/><E36/><V59/><REACH who="2" step="1"/><F51/><REACH who="2" ten="375,186,133,296" step="2"/><W2/><G42/><T39/><D39/><U95/><E95/><V133/><F133/><W23/><G2/><T89/><D89/><U1/><E1/><V29/><F29/><W40/><G40/><T55/><D55/><U52/><E54/><V80/><F80/><W104/><G104/><T26/><D26/><U32/><E32/><V99/><F99/><W14/><G14/><T43/><D43/><U44/><E44/><N who="3" m="16970" /><G15/><T12/><D12/><U68/><E68/><AGARI ba="0,1" hai="19,22,25,28,30,62,66,68" m="44375,42601" machi="68" ten="30,2000,0" yaku="14,1,52,1" doraHai="105" who="0" fromWho="1" sc="375,30,186,-20,133,0,296,0" /><INIT seed="3,0,0,4,2,96" ten="405,166,133,296" oya="3" hai0="101,126,106,43,102,38,54,36,68,81,125,78,65" hai1="116,51,76,34,119,57,92,17,135,118,129,0,83" hai2="44,64,109,16,111,132,114,66,41,124,133,110,32" hai3="77,11,49,97,113,29,48,59,104,67,9,61,70"/><W26/><G113/><T63/><D54/><N who="1" m="31967" /><E0/><V115/><F32/><W2/><G77/><T74/><D43/><U75/><E34/><V28/><F28/><W89/><G59/><T5/><D5/><U107/><E107/><V90/><F90/><W122/><G122/><T3/><D3/><U6/><E6/><V112/><F16/><W22/><G2/><T73/><D73/><U69/><E69/><V91/><F91/><W85/><G9/><T42/><D42/><U23/><E129/><V105/><F105/><W21/><G11/><T88/><D88/><U25/><E135/><N who="2" m="51787" /><F124/><N who="0" m="47722" /><D106/><U79/><E79/><V14/><F14/><W13/><G13/><T100/><AGARI ba="0,0" hai="36,38,63,65,68,74,78,81,100,101,102" m="47722" machi="100" ten="30,7900,0" yaku="18,1,52,3" doraHai="96" who="0" fromWho="0" sc="405,79,166,-20,133,-20,296,-39" owari="484,58.4,146,-25.4,113,-38.7,257,5.7" /></mjloggm>