<mjloggm ver="2.3"><GO type="225" lobby="0"/><UN n0="%E7%99%BD%E9%9B%AA%E4%B9%83%E6%84%9B" n1="%77%72%77%72%77%72%77%72" n2="%E7%99%BD%E6%97%A5%E9%9B%AA%E8%8F%9C" n3="%63%68%78%62%64" dan="16,16,16,16" rate="2066.31,2117.17,2177.85,2141.31" sx="F,M,M,M"/><TAIKYOKU oya="0"/><INIT seed="0,0,0,0,3,23" ten="250,250,250,250" oya="0" hai0="8,73,130,119,97,123,43,84,53,96,105,83,93" hai1="122,114,12,13,120,38,0,37,16,79,41,14,9" hai2="19,39,24,99,44,117,35,111,67,89,3,51,68" hai3="135,108,104,55,78,126,132,116,74,66,80,48,102"/><T32/><D119/><U42/><E79/><V25/><F39/><N who="1" m="14857" /><E9/><V103/><F3/><W63/><G116/><T1/><D123/><N who="1" m="47147" /><E0/><V112/><F117/><W98/><G108/><T49/><D32/><U90/><E90/><V56/><F112/><W85/><G126/><T77/><D43/><N who="1" m="16395" /><E16/><V45/><F19/><W10/><G10/><T133/><D105/><U62/><E62/><V61/><F35/><W127/><G127/><T6/><D73/><U94/><E94/><V110/><F89/><W7/><G7/><BYE who="3" /><T17/><D17/><U52/><E52/><V11/><F11/><W134/><G134/><T33/><D133/><U40/><N who="1" m="16403" /><U92/><DORA hai="107" /><E92/><UN n3="%63%68%78%62%64" /><V81/><F81/><W54/><G132/><T124/><D33/><U113/><AGARI ba="0,0" hai="12,13,14,113,114" m="16403,47147,14857" machi="113" ten="50,3200,0" yaku="28,2" doraHai="23,107" who="1" fromWho="1" sc="250,-16,250,32,250,-8,250,-8" /><INIT seed="1,0,0,3,4,111" ten="234,282,242,242" oya="1" hai0="1,22,126,118,43,115,87,76,94,13,6,12,124" hai1="104,69,57,71,120,33,5,34,25,108,93,44,45" hai2="91,16,107,8,52,18,53,30,110,79,28,40,14" hai3="59,29,85,130,65,119,109,97,39,3,78,23,83"/><U67/><E120/><V132/><F107/><W92/><G3/><T48/><D118/><U112/><E112/><V15/><F110/><W129/><G39/><T131/><D131/><N who="3" m="50185" /><G109/><T4/><D22/><U61/><E104/><V7/><F132/><W90/><G119/><T122/><D122/><U17/><E108/><V99/><F79/><W105/><G105/><T19/><D1/><U47/><E5/><V88/><F40/><W31/><G23/><T2/><D2/><U121/><E121/><V62/><F7/><W96/><G96/><T86/><D43/><U95/><E17/><V51/><F62/><AGARI ba="0,0" hai="29,31,59,62,65,78,83,85,90,92,97" m="50185" machi="62" ten="30,1000,0" yaku="19,1" doraHai="111" who="3" fromWho="2" sc="234,0,282,0,242,-10,242,10" /><INIT seed="2,0,0,0,5,72" ten="234,282,232,252" oya="2" hai0="83,108,14,64,28,5,106,131,17,116,112,67,21" hai1="73,35,62,118,119,7,97,132,53,46,135,86,2" hai2="117,100,48,11,22,129,44,6,50,89,27,12,101" hai3="91,63,9,94,55,127,109,102,105,15,54,52,57"/><V41/><F117/><N who="1" m="44553" /><E73/><V123/><F123/><W120/><G127/><T90/><D112/><U103/><E35/><V84/><F129/><W78/><G109/><T24/><D106/><U122/><E122/><V79/><F50/><W82/><G120/><T65/><D116/><U98/><E86/><V39/><F39/><W95/><G105/><T43/><D108/><U115/><E115/><V110/><F110/><W34/><G102/><T128/><D43/><U23/><E23/><V32/><F32/><W133/><G133/><N who="1" m="51274" /><E103/><V104/><F104/><W49/><G34/><T26/><D5/><U38/><E62/><V68/><F68/><W3/><G3/><T126/><D126/><U59/><E59/><V85/><F85/><N who="3" m="48343" /><G94/><T66/><N who="0" m="16384" /><DORA hai="1" /><T33/><D83/><U36/><E36/><V31/><REACH who="2" step="1"/><F79/><REACH who="2" ten="234,282,222,252" step="2"/><W4/><G63/><T30/><D128/><U69/><E69/><V76/><F76/><W71/><G71/><T125/><D131/><U107/><E107/><V61/><F61/><W74/><G74/><T60/><D60/><U134/><E134/><V0/><F0/><W130/><G130/><T45/><D125/><U113/><E113/><V92/><AGARI ba="0,1" hai="6,11,12,22,27,31,41,44,48,84,89,92,100,101" machi="92" ten="20,18000,2" yaku="1,1,0,1,7,1,8,1,52,1,53,2" doraHai="72,1" doraHaiUra="37,10" who="2" fromWho="2" sc="234,-60,282,-60,222,190,252,-60" /><INIT seed="2,1,0,1,5,127" ten="174,222,412,192" oya="2" hai0="10,106,96,36,45,65,55,48,1,107,38,46,125" hai1="100,115,66,90,11,62,54,122,40,77,58,126,131" hai2="26,101,88,60,51,17,29,3,86,135,120,28,124" hai3="133,117,112,74,70,59,110,119,23,97,9,50,114"/><V42/><F120/><W79/><G70/><T47/><D125/><U0/><E126/><V95/><F3/><W75/><G9/><T130/><D65/><U41/><E115/><N who="3" m="44074" /><G23/><T7/><D130/><U113/><E131/><V99/><F135/><W15/><G15/><T2/><D2/><U84/><E122/><V81/><F60/><W21/><G21/><T104/><REACH who="0" step="1"/><D96/><REACH who="0" ten="164,222,412,192" step="2"/><U19/><E0/><V22/><F124/><W44/><G97/><T27/><D27/><U6/><E66/><V91/><F101/><W34/><G133/><T32/><D32/><U94/><E100/><V128/><F128/><W71/><G34/><T78/><D78/><U132/><E77/><V64/><F64/><W109/><G79/><T87/><D87/><U35/><E35/><V33/><F33/><W68/><G68/><T83/><D83/><U31/><E84/><V53/><REACH who="2" step="1"/><F42/><REACH who="2" ten="164,222,402,192" step="2"/><N who="3" m="24855" /><G71/><T98/><D98/><U116/><E132/><V108/><F108/><N who="3" m="41579" /><G74/><T121/><D121/><U63/><E113/><V80/><F80/><W67/><G75/><T123/><D123/><U25/><E40/><V5/><F5/><W30/><G30/><T85/><D85/><U118/><E41/><V16/><F16/><W134/><G134/><T89/><D89/><U24/><E19/><V4/><F4/><W18/><G18/><T52/><D52/><U103/><E103/><V72/><F72/><W13/><G13/><T37/><AGARI ba="1,2" hai="1,7,10,36,37,38,45,46,47,48,55,104,106,107" machi="37" ten="40,2700,0" yaku="1,1,0,1,53,0" doraHai="127" doraHaiUra="56" who="0" fromWho="0" sc="164,50,222,-8,402,-14,192,-8" /><INIT seed="3,0,0,4,3,2" ten="214,214,388,184" oya="3" hai0="72,121,115,42,21,68,18,11,70,99,27,10,74" hai1="89,66,125,105,102,41,67,100,106,49,44,12,24" hai2="111,78,91,54,82,64,47,9,60,48,71,59,13" hai3="22,26,19,113,57,116,7,103,6,85,20,16,37"/><W38/><G116/><T124/><D121/><U33/><E125/><V80/><F111/><W56/><G113/><T17/><D42/><U51/><E33/><V34/><F34/><W50/><G103/><N who="1" m="39466" /><E106/><V55/><F91/><W39/><G85/><T86/><D99/><U23/><E105/><V1/><F1/><W75/><G75/><T14/><D124/><U25/><E89/><V112/><F112/><W69/><G69/><T45/><D115/><U83/><E83/><N who="2" m="31787" /><F78/><W65/><G50/><T109/><D45/><N who="1" m="25775" /><E12/><V93/><F93/><W133/><G133/><T135/><D135/><U40/><E25/><V43/><F71/><W90/><G90/><T95/><D109/><U32/><E32/><V52/><F43/><W119/><G119/><T108/><D108/><U98/><E98/><V117/><F117/><W88/><G88/><N who="0" m="53655" /><D70/><U31/><AGARI ba="0,0" hai="23,24,31,40,44,51,66,67" m="25775,39466" machi="31" ten="30,1100,0" yaku="8,1" doraHai="2" who="1" fromWho="1" sc="214,-3,214,11,388,-3,184,-5" owari="211,-18.9,225,2.5,385,48.5,179,-32.1" /></mjloggm>