<mjloggm ver="2.3"><GO type="225" lobby="0"/><UN n0="%E3%81%8B%E3%82%8F%E3%81%A1%E3%82%83%E3%82%93%35%38" n1="%E3%83%97%E3%83%92" n2="%4C%4F%4C%49%54%41" n3="%72%69%6F%75%63%68%61%6E" dan="16,16,16,16" rate="2141.07,2170.04,2177.88,2170.83" sx="M,M,F,M"/><TAIKYOKU oya="0"/><INIT seed="0,0,0,3,5,113" ten="250,250,250,250" oya="0" hai0="33,76,73,25,46,81,135,129,6,19,16,71,12" hai1="45,63,64,100,66,8,58,11,104,3,109,5,111" hai2="121,60,62,84,68,99,30,108,10,1,126,42,38" hai3="57,120,106,32,24,119,131,65,41,75,114,18,118"/><T61/><D129/><U59/><E8/><V128/><F121/><W134/><G114/><T13/><D135/><U88/><E45/><V97/><F108/><W102/><G75/><T112/><D112/><U85/><E100/><V123/><F123/><W78/><G120/><T21/><D6/><U4/><E104/><V80/><F30/><N who="3" m="19527" /><G78/><T20/><D46/><U91/><E4/><V96/><F1/><W117/><G57/><T95/><D95/><U40/><E40/><V22/><F10/><W105/><G18/><T124/><D124/><U36/><E36/><V43/><F38/><W125/><G41/><T39/><D39/><U14/><E3/><V130/><F126/><W2/><G125/><T92/><D92/><U79/><E79/><N who="2" m="46111" /><F22/><W94/><G94/><T17/><D17/><U47/><E47/><V87/><F87/><W26/><G2/><T69/><REACH who="0" step="1"/><D61/><REACH who="0" ten="240,250,250,250" step="2"/><N who="1" m="37943" /><E85/><V49/><F128/><W133/><G131/><T51/><D51/><U127/><E127/><V89/><F130/><W70/><G26/><T34/><D34/><U82/><E82/><V72/><F49/><W37/><G37/><T90/><D90/><U67/><E111/><V98/><F62/><N who="3" m="40247" /><G105/><T35/><D35/><U86/><E109/><V101/><F89/><N who="1" m="34377" /><E86/><V115/><F115/><W77/><G77/><T31/><AGARI ba="0,1" hai="12,13,16,19,20,21,25,31,33,69,71,73,76,81" machi="31" ten="30,11700,0" yaku="1,1,0,1,9,1,54,1,53,0" doraHai="113" doraHaiUra="54" who="0" fromWho="0" sc="240,127,250,-39,250,-39,250,-39" /><INIT seed="0,1,0,2,4,40" ten="367,211,211,211" oya="0" hai0="95,44,50,74,132,97,135,92,23,82,129,6,71" hai1="70,66,68,53,64,86,130,61,80,19,96,13,75" hai2="89,115,122,7,123,34,128,99,51,98,42,1,38" hai3="67,114,2,5,81,8,45,133,116,4,9,15,126"/><T117/><D117/><U65/><E130/><V106/><F115/><W31/><G114/><T111/><D71/><U87/><E75/><V58/><F34/><W14/><G116/><T29/><D6/><U88/><E68/><V26/><F128/><W36/><G126/><T107/><D107/><U39/><E39/><V16/><F38/><W125/><G125/><T60/><D60/><U63/><E96/><V131/><F131/><W18/><G133/><T25/><D129/><U91/><E53/><V108/><F108/><W27/><G81/><T112/><D112/><U20/><REACH who="1" step="1"/><E70/><REACH who="1" ten="367,201,211,211" step="2"/><V54/><F54/><W56/><G36/><T79/><D111/><U85/><E85/><V110/><F110/><W101/><G101/><T78/><D97/><U10/><E10/><V83/><F99/><W48/><G56/><T24/><D135/><U55/><E55/><V93/><F58/><W134/><G134/><T32/><D132/><U11/><E11/><V21/><F98/><W17/><G2/><T76/><D74/><U0/><E0/><V37/><F1/><W22/><G67/><T30/><REACH who="0" step="1"/><D82/><AGARI ba="1,1" hai="13,19,20,61,63,64,65,66,80,82,86,87,88,91" machi="82" ten="40,8000,1" yaku="1,1,9,1,8,1,54,1,53,0" doraHai="40" doraHaiUra="41" who="1" fromWho="0" sc="367,-83,201,93,211,0,211,0" /><INIT seed="1,0,0,3,2,52" ten="284,294,211,211" oya="1" hai0="61,98,33,30,79,114,49,125,82,42,113,85,12" hai1="1,10,58,32,64,105,28,36,117,9,94,35,78" hai2="26,133,100,120,67,21,55,91,38,46,48,13,96" hai3="97,77,109,43,60,53,56,87,29,63,39,75,101"/><U102/><E117/><V20/><F120/><W65/><G109/><T57/><D125/><U93/><E36/><V81/><F133/><W108/><G108/><T68/><D68/><U126/><E126/><V24/><F38/><W121/><G121/><T116/><D116/><U72/><E105/><V74/><F67/><W107/><G75/><T19/><D98/><U129/><E129/><V130/><F130/><W112/><G112/><T86/><D86/><U111/><E1/><V23/><F13/><W16/><G29/><T135/><D135/><U90/><E28/><V73/><F73/><W8/><G87/><T106/><D106/><U3/><E3/><V54/><F74/><W15/><G77/><T41/><D30/><U17/><E102/><V7/><F7/><W123/><G123/><T69/><D69/><U127/><E78/><V84/><REACH who="2" step="1"/><F55/><REACH who="2" ten="284,294,201,211" step="2"/><W124/><G124/><T122/><D122/><U37/><E64/><V27/><F27/><W118/><G118/><T31/><D114/><U4/><E37/><V103/><F103/><W45/><REACH who="3" step="1"/><G65/><REACH who="3" ten="284,294,201,201" step="2"/><N who="0" m="39087" /><D113/><U25/><E72/><V50/><F50/><AGARI ba="0,2" hai="8,15,16,39,43,45,50,53,56,60,63,97,101,107" machi="50" ten="30,8000,1" yaku="1,1,7,1,52,1,54,1,53,1" doraHai="52" doraHaiUra="44" who="3" fromWho="2" sc="284,0,294,0,201,-80,201,100" /><INIT seed="2,0,0,4,1,113" ten="284,294,121,301" oya="2" hai0="125,81,3,126,130,90,135,36,77,129,32,52,127" hai1="94,76,101,50,44,111,89,56,38,66,57,134,83" hai2="69,8,121,85,122,99,123,117,19,11,62,70,109" hai3="41,71,124,118,18,7,93,51,95,26,68,105,20"/><V87/><F109/><W82/><G118/><T42/><D3/><U22/><E38/><V30/><F30/><W112/><G105/><T92/><D32/><U34/><E34/><V120/><N who="2" m="30720" /><DORA hai="72" /><V106/><F117/><W75/><G112/><T6/><D6/><U10/><E101/><V21/><F106/><W39/><G124/><T17/><D17/><U100/><E100/><V59/><F99/><W31/><G39/><T97/><D135/><U88/><E66/><V79/><F8/><W102/><G7/><T35/><D35/><U24/><E10/><V29/><F29/><W116/><G116/><T54/><D42/><U91/><E134/><V12/><F11/><W84/><G75/><N who="0" m="43199" /><D36/><U48/><E94/><V74/><F74/><W96/><G95/><T103/><D103/><U49/><E44/><V61/><F61/><W80/><G80/><T27/><D27/><U9/><E9/><V114/><F114/><W104/><G104/><T133/><D133/><U119/><E111/><V23/><F23/><W132/><G132/><T73/><D73/><U25/><E119/><V47/><F47/><N who="3" m="26095" /><G68/><T33/><D33/><U67/><E67/><V40/><F40/><W115/><G71/><N who="2" m="27145" /><F79/><N who="3" m="46175" /><G115/><T60/><D60/><U5/><E5/><V28/><F28/><AGARI ba="0,0" hai="18,20,26,28,31,93,96,102" m="46175,26095" machi="28" ten="30,2000,0" yaku="8,1,52,1" doraHai="113,72" who="3" fromWho="2" sc="284,0,294,0,121,-20,301,20" /><INIT seed="3,0,0,0,0,127" ten="284,294,101,321" oya="3" hai0="48,25,47,102,101,29,58,65,40,116,15,129,98" hai1="43,126,20,117,94,99,79,63,4,13,23,72,123" hai2="105,74,67,34,12,97,73,64,78,134,71,135,41" hai3="75,0,76,5,21,24,70,133,85,32,88,62,84"/><W132/><G32/><T92/><D116/><U30/><E126/><V60/><F67/><N who="3" m="41335" /><G75/><T95/><D129/><U104/><E123/><V59/><F59/><W119/><G119/><T114/><D114/><U38/><E104/><V54/><F54/><W77/><G5/><T49/><D15/><U128/><E117/><V3/><F12/><W11/><G11/><T83/><D83/><U115/><E115/><V56/><F56/><W45/><G45/><T46/><D58/><U121/><E79/><N who="3" m="30282" /><G88/><T109/><D65/><U124/><E72/><V51/><F51/><W131/><G131/><T18/><D18/><U52/><E121/><V112/><F112/><W87/><G0/><T10/><D10/><N who="1" m="4295" /><E38/><V130/><F130/><W69/><G69/><T110/><D25/><N who="1" m="16679" /><E128/><V107/><F3/><W17/><G84/><T35/><D29/><U22/><E43/><V66/><F66/><W111/><G111/><T36/><D35/><U57/><E124/><V89/><F89/><W39/><G39/><T103/><D36/><U86/><E86/><V2/><F2/><W82/><G82/><T68/><D68/><U33/><E33/><V44/><F34/><W90/><G90/><AGARI ba="0,0" hai="22,23,52,57,63,90,94,99" m="16679,4295" machi="90" ten="30,2000,0" yaku="8,1,54,1" doraHai="127" who="1" fromWho="3" sc="284,0,294,20,101,0,321,-20" owari="284,-11.6,314,41.4,101,-39.9,301,10.1" /></mjloggm>