<mjloggm ver="2.3"><GO type="225" lobby="0"/><UN n0="%6D%75%75%6D%75%72%61" n1="%4B%2E%32%2E%4B%2E" n2="%E3%81%99%E3%81%84%E3%81%BE%E3%81%9B%E3%83%BC%E3%82%93" n3="%E3%81%AA%E3%81%A1%30%39%32%37" dan="17,17,16,16" rate="2167.64,2194.73,2195.99,2099.57" sx="F,M,M,M"/><TAIKYOKU oya="0"/><INIT seed="0,0,0,3,3,5" ten="250,250,250,250" oya="0" hai0="10,95,81,31,50,88,116,43,24,56,51,111,60" hai1="1,36,37,67,34,44,16,75,54,87,114,103,101" hai2="104,18,82,7,49,86,93,53,120,15,107,9,96" hai3="84,68,32,98,62,6,25,126,102,125,2,64,22"/><T77/><D116/><U26/><E75/><V90/><F120/><W112/><G112/><T83/><D111/><U92/><E1/><V91/><REACH who="2" step="1"/><F7/><REACH who="2" ten="250,250,240,250" step="2"/><W85/><G125/><T55/><D10/><U58/><E114/><V109/><F109/><W74/><G6/><T122/><D122/><U21/><E36/><V42/><F42/><W69/><G126/><T39/><D43/><U132/><E37/><V106/><F106/><W78/><G69/><T99/><D39/><U63/><E132/><V19/><F19/><W65/><G68/><T41/><D41/><U89/><E34/><V27/><F27/><W40/><G25/><T119/><D119/><U73/><E73/><V118/><F118/><W28/><G74/><T129/><D129/><U13/><E26/><V115/><F115/><W121/><G32/><T100/><D24/><U38/><E38/><V23/><F23/><W80/><G40/><T66/><D31/><U105/><E105/><V94/><F94/><N who="3" m="58711" /><G22/><T70/><D70/><U52/><E67/><V130/><F130/><W20/><G121/><T134/><D134/><U72/><E72/><V48/><F48/><AGARI ba="0,1" hai="13,16,21,44,48,52,54,58,63,87,89,92,101,103" machi="48" ten="40,5200,0" yaku="8,1,54,2" doraHai="5" who="1" fromWho="2" sc="250,0,250,62,240,-52,250,0" /><INIT seed="1,0,0,5,3,37" ten="250,312,188,250" oya="1" hai0="64,75,25,30,133,78,125,105,29,7,9,106,17" hai1="14,73,4,127,57,111,99,126,46,5,82,97,121" hai2="12,0,123,58,131,77,1,87,115,45,60,80,52" hai3="53,117,55,35,88,94,10,92,85,19,120,100,15"/><U113/><E121/><V74/><F123/><W50/><G117/><T18/><D125/><N who="1" m="47627" /><E113/><V104/><F104/><W63/><G35/><T32/><D133/><U107/><E111/><V23/><F115/><W6/><G120/><T59/><D75/><U8/><E107/><V124/><F124/><W130/><G130/><T56/><D106/><U118/><E118/><V33/><F33/><W96/><G63/><T81/><D105/><U54/><E46/><V72/><F131/><W91/><G6/><T39/><D39/><U110/><E110/><V22/><F45/><W27/><G27/><T108/><D108/><U49/><E4/><V112/><F112/><W98/><REACH who="3" step="1"/><G50/><REACH who="3" ten="250,312,188,240" step="2"/><T28/><D7/><U62/><E62/><V103/><F12/><W34/><G34/><T2/><D32/><U114/><E114/><V70/><F70/><W43/><G43/><T20/><D25/><U134/><E134/><V71/><F71/><W116/><G116/><T84/><D2/><U89/><E73/><V38/><F38/><W31/><G31/><T102/><D30/><U65/><E65/><V41/><F41/><W13/><G13/><N who="0" m="7343" /><D64/><U42/><E42/><V128/><F128/><W122/><G122/><T93/><D29/><U76/><E5/><V95/><F74/><W16/><G16/><T109/><D28/><U21/><E14/><V24/><F72/><W61/><G61/><T67/><D109/><U3/><E49/><V68/><F68/><W119/><G119/><T83/><D67/><U79/><E3/><N who="2" m="1099" /><F24/><W47/><G47/><T86/><D18/><U51/><E51/><RYUUKYOKU ba="0,1" sc="250,-15,312,-15,188,15,240,15" hai2="22,23,52,58,60,77,80,87,95,103" hai3="10,15,19,53,55,85,88,91,92,94,96,98,100" /><INIT seed="2,1,1,3,3,128" ten="235,297,203,255" oya="2" hai0="26,7,13,43,50,63,5,72,89,51,28,88,67" hai1="102,99,116,81,27,106,48,132,86,39,105,11,32" hai2="12,40,98,113,59,97,109,91,29,17,35,95,82" hai3="54,15,110,60,96,133,69,49,31,16,93,6,77"/><V121/><F113/><W134/><G110/><T64/><D72/><U22/><E116/><V20/><F121/><W18/><G77/><T0/><D0/><U100/><E39/><V24/><F109/><W41/><G31/><T123/><D123/><U124/><E32/><V84/><F40/><W38/><G38/><T53/><D13/><U104/><E124/><V2/><F2/><W78/><G78/><T1/><D1/><U135/><E48/><N who="0" m="18473" /><D43/><U92/><E11/><V117/><F117/><W37/><G41/><T85/><D26/><U68/><E68/><V101/><F97/><W87/><G6/><N who="0" m="2059" /><D28/><N who="1" m="17527" /><E102/><V70/><REACH who="2" step="1"/><F59/><REACH who="2" ten="235,297,193,255" step="2"/><W76/><G96/><T8/><D8/><U127/><E127/><V21/><F21/><W46/><G37/><T112/><D112/><U115/><E115/><V45/><F45/><W114/><G114/><T107/><D107/><U122/><E122/><V125/><F125/><W83/><G69/><AGARI ba="1,2" hai="12,17,20,24,29,35,69,70,82,84,91,95,98,101" machi="69" ten="40,2000,0" yaku="1,1,53,0" doraHai="128" doraHaiUra="126" who="2" fromWho="3" sc="235,0,297,0,193,43,255,-23" /><INIT seed="2,2,0,0,0,29" ten="235,297,236,232" oya="2" hai0="121,55,23,60,53,124,26,66,38,64,91,115,47" hai1="61,106,123,42,37,18,63,39,52,129,7,6,67" hai2="78,33,72,54,117,84,89,3,80,0,49,95,10" hai3="98,68,81,24,79,134,9,4,118,50,96,116,105"/><V25/><F117/><W58/><G68/><T71/><D121/><U132/><E106/><V77/><F77/><W28/><G134/><T2/><D115/><U128/><E132/><V100/><F100/><W43/><G116/><T122/><D122/><U31/><E123/><V130/><F130/><N who="1" m="50281" /><E31/><V85/><F72/><W74/><G118/><T133/><D133/><U21/><E52/><V125/><F125/><W102/><G98/><T62/><D2/><U113/><E113/><V103/><F103/><W119/><G119/><T111/><D111/><U8/><E61/><V44/><REACH who="2" step="1"/><F10/><REACH who="2" ten="235,297,226,232" step="2"/><W109/><G109/><T120/><D124/><U16/><E8/><V36/><F36/><W127/><G127/><T51/><D120/><U19/><E39/><V104/><F104/><W11/><G4/><T86/><D38/><U1/><E7/><V48/><F48/><W97/><G97/><T70/><D51/><U94/><E37/><V27/><F27/><W107/><G107/><T93/><REACH who="0" step="1"/><D47/><REACH who="0" ten="225,297,226,232" step="2"/><U15/><E6/><V12/><F12/><W41/><G50/><T32/><D32/><U76/><E1/><V20/><F20/><W56/><G11/><T13/><D13/><U65/><E15/><V5/><F5/><W73/><G9/><T126/><D126/><U110/><E21/><V34/><F34/><W14/><G14/><T40/><D40/><U131/><E131/><V99/><F99/><W87/><G43/><T69/><D69/><U90/><E42/><V57/><F57/><N who="3" m="22123" /><G41/><T35/><D35/><U17/><E110/><V82/><F82/><W108/><G108/><RYUUKYOKU ba="2,2" sc="225,10,297,-30,226,10,232,10" hai0="23,26,53,55,60,62,64,66,70,71,86,91,93" hai2="0,3,25,33,44,49,54,78,80,84,85,89,95" hai3="24,28,73,74,79,81,87,96,102,105" /><INIT seed="2,3,2,5,1,68" ten="235,267,236,242" oya="2" hai0="29,119,44,38,52,110,37,7,132,41,32,125,88" hai1="16,112,95,14,62,10,123,72,15,96,74,91,12" hai2="55,17,19,127,114,31,78,59,124,70,1,28,46" hai3="8,34,107,93,69,94,45,24,86,5,105,30,49"/><V92/><F114/><W111/><G111/><T116/><D110/><U97/><E112/><V42/><F70/><W47/><G69/><T60/><D125/><N who="2" m="48202" /><F1/><W79/><G47/><T83/><D132/><U126/><E126/><V56/><F78/><W54/><G79/><T33/><D7/><U115/><E115/><V21/><F92/><W103/><G86/><N who="0" m="50271" /><D38/><U73/><E123/><V2/><F2/><W75/><G75/><T82/><D29/><N who="2" m="11338" /><F55/><W89/><G94/><T4/><D82/><U9/><E96/><V13/><F17/><W43/><G54/><T3/><D4/><U61/><REACH who="1" step="1"/><E14/><REACH who="1" ten="235,257,236,242" step="2"/><V106/><F106/><W117/><G105/><T6/><D3/><U90/><E90/><V104/><F104/><W18/><G89/><T100/><D100/><U134/><E134/><V26/><F13/><W0/><G107/><T36/><D116/><U65/><E65/><V101/><F101/><W20/><G117/><T118/><D118/><U85/><E85/><V120/><F120/><W27/><G103/><T51/><D119/><U81/><E81/><V71/><F71/><W98/><G93/><T99/><D99/><U121/><E121/><V64/><F64/><W113/><G98/><T22/><D6/><AGARI ba="3,3" hai="6,9,10,12,15,16,61,62,72,73,74,91,95,97" machi="6" ten="40,2600,0" yaku="1,1,54,1,53,0" doraHai="68" doraHaiUra="129" who="1" fromWho="0" sc="235,-35,257,65,236,0,242,0" /><INIT seed="3,0,0,3,0,121" ten="200,322,236,242" oya="3" hai0="128,48,49,3,67,78,29,47,10,108,87,57,101" hai1="7,112,32,44,133,80,109,5,75,16,104,131,2" hai2="6,72,98,93,97,35,103,14,127,17,117,115,111" hai3="88,53,62,71,41,27,19,86,92,96,34,22,132"/><W66/><G132/><T20/><D128/><U39/><RYUUKYOKU type="yao9" ba="0,0" sc="200,0,322,0,236,0,242,0" hai1="2,5,7,16,32,39,44,75,80,104,109,112,131,133" /><INIT seed="3,1,0,4,4,88" ten="200,322,236,242" oya="3" hai0="71,34,127,30,104,33,99,89,129,1,12,45,133" hai1="122,101,22,80,6,61,25,52,63,11,57,4,108" hai2="106,96,116,102,135,115,23,58,35,46,43,53,50" hai3="15,41,47,90,7,134,100,17,68,54,69,123,86"/><W81/><G134/><T32/><D1/><U55/><E122/><V77/><F115/><W118/><G118/><T8/><D133/><U66/><E108/><V130/><F116/><W38/><G123/><T124/><D71/><U48/><E101/><V98/><F135/><W18/><G7/><T9/><D129/><U42/><E80/><V83/><F130/><W51/><G100/><T20/><D104/><U3/><E42/><V0/><F35/><N who="0" m="13386" /><D45/><U28/><E6/><V13/><F0/><W109/><G109/><T14/><D99/><U74/><E74/><V62/><F98/><W97/><G68/><T27/><D89/><U2/><E2/><V87/><F23/><W95/><G69/><T37/><D37/><U31/><E31/><V128/><F128/><W64/><G64/><T94/><D94/><U126/><E126/><N who="0" m="48169" /><D12/><U79/><E79/><V70/><F70/><W131/><G15/><T56/><D56/><U125/><E125/><V24/><F13/><W112/><G131/><T111/><D111/><U60/><E55/><V72/><F24/><W39/><G39/><T59/><D59/><AGARI ba="1,0" hai="3,4,11,22,25,28,48,52,57,59,60,61,63,66" machi="59" ten="30,2000,0" yaku="7,1,54,1" doraHai="88" who="1" fromWho="0" sc="200,-23,322,23,236,0,242,0" owari="177,-32.3,345,44.5,236,-16.4,242,4.2" /></mjloggm>