<mjloggm ver="2.3"><GO type="225" lobby="0"/><UN n0="%E3%81%82%E3%82%93%E3%81%AA%E3%81%A4" n1="%E3%81%A6%E3%81%A4%EF%BC%A3" n2="%E6%A1%9C%E8%8A%B1%E9%96%83%E3%80%85" n3="%E3%81%A1%E3%82%85%E3%81%86%E3%81%A9%E3%81%8F%E8%B1%A1%E3%81%95%E3%82%93" dan="16,16,18,16" rate="2130.68,2087.03,2284.17,2100.18" sx="M,M,M,M"/><TAIKYOKU oya="0"/><INIT seed="0,0,0,0,5,125" ten="250,250,250,250" oya="0" hai0="63,20,2,116,55,58,30,107,56,64,35,65,127" hai1="114,51,61,94,37,24,45,102,10,11,57,52,83" hai2="110,93,19,112,31,66,87,78,3,82,1,80,21" hai3="113,13,73,128,95,68,117,46,41,36,81,38,23"/><T132/><D116/><U48/><E114/><V99/><F112/><W120/><G113/><T54/><D107/><U100/><E37/><V111/><F31/><W108/><G117/><T33/><D2/><U25/><E51/><V135/><F66/><W115/><G115/><T0/><D0/><U50/><E50/><V32/><F32/><W39/><G68/><T12/><D132/><U77/><E24/><V96/><F135/><W22/><G120/><T103/><D103/><U74/><E25/><N who="2" m="14527" /><F82/><W47/><G108/><N who="2" m="41513" /><F99/><W134/><G134/><T60/><D127/><U75/><E74/><V76/><F76/><W92/><G73/><T40/><D30/><U90/><E102/><AGARI ba="0,0" hai="1,3,78,80,87,93,96,102" m="41513,14527" machi="102" ten="30,1000,0" yaku="14,1" doraHai="125" who="2" fromWho="1" sc="250,0,250,-10,250,10,250,0" /><INIT seed="1,0,0,4,4,9" ten="250,240,260,250" oya="1" hai0="56,61,37,111,116,93,119,51,98,124,135,46,121" hai1="31,114,97,50,89,77,33,101,71,40,30,18,131" hai2="75,64,48,123,36,82,49,45,120,83,25,20,127" hai3="21,129,23,79,103,58,6,60,85,86,66,84,105"/><U73/><E114/><V27/><F127/><W10/><G129/><T0/><D124/><U122/><E122/><V100/><F36/><W110/><G110/><T90/><D111/><U65/><E131/><V107/><F64/><W94/><G105/><T34/><D121/><U39/><E39/><V52/><F27/><W53/><G66/><T28/><D0/><U80/><E89/><V95/><F107/><W74/><G74/><T117/><D37/><U69/><E33/><V29/><F75/><W87/><G79/><T92/><D92/><U112/><E112/><V115/><F115/><W1/><N who="3" m="21504" /><DORA hai="35" /><W134/><REACH who="3" step="1"/><G134/><REACH who="3" ten="250,240,260,240" step="2"/><T128/><D128/><U63/><E71/><V4/><F123/><W15/><G15/><T32/><D135/><U55/><E40/><V2/><F120/><W102/><G102/><T17/><D117/><U70/><E69/><V22/><F100/><W130/><G130/><T59/><D119/><U96/><E101/><V62/><F83/><W19/><G19/><T67/><D17/><U108/><E18/><V54/><F82/><W78/><G78/><T76/><D76/><U106/><E108/><V81/><F81/><W113/><G113/><T104/><D116/><U5/><E106/><V13/><F95/><W12/><G12/><T125/><D104/><U68/><E70/><V42/><F13/><W47/><G47/><T38/><D125/><U43/><E43/><V126/><F126/><W91/><G91/><T57/><D90/><U132/><E132/><V24/><F42/><W133/><G133/><T44/><D46/><N who="1" m="28119" /><E5/><V26/><F4/><RYUUKYOKU ba="0,1" sc="250,-15,240,15,260,-15,240,15" hai1="30,31,63,65,68,73,77,80,96,97" hai3="1,6,10,21,23,53,58,60,94,103" /><INIT seed="1,1,1,2,2,127" ten="235,255,245,255" oya="1" hai0="115,87,12,78,102,132,90,15,34,129,29,62,44" hai1="107,112,3,131,118,24,30,57,128,37,60,95,68" hai2="82,43,83,72,40,86,2,75,96,32,97,63,117" hai3="88,20,45,28,76,121,80,18,50,22,9,11,89"/><U48/><E118/><V38/><F117/><W65/><G121/><T92/><D115/><U84/><E112/><V120/><F32/><W42/><G65/><T108/><D108/><U7/><E107/><V100/><F2/><W16/><G28/><T4/><D132/><U51/><E37/><V71/><F120/><W70/><G70/><T98/><D4/><U8/><E68/><V5/><F5/><W109/><G109/><T101/><D101/><U122/><E122/><V126/><F126/><W134/><G134/><T53/><D78/><U23/><E84/><V58/><F71/><W106/><G106/><T85/><D85/><U52/><E95/><V46/><F43/><W123/><G123/><T99/><D99/><U69/><REACH who="1" step="1"/><E69/><REACH who="1" ten="235,245,245,255" step="2"/><V135/><F135/><W56/><G80/><T13/><D87/><U94/><E94/><V54/><F83/><W55/><G76/><T67/><D92/><U0/><E0/><V33/><F97/><W35/><G89/><T116/><D90/><U133/><E133/><V41/><F86/><W81/><G81/><T17/><D98/><U19/><E19/><V39/><F82/><W105/><G105/><T64/><D17/><U61/><E61/><V103/><F96/><W59/><G88/><T31/><D62/><U119/><E119/><V114/><F114/><W125/><G18/><T26/><D116/><U124/><E124/><V110/><F110/><W73/><G16/><T6/><D31/><U74/><E74/><N who="2" m="28203" /><F103/><W93/><G125/><T130/><D102/><U91/><E91/><V27/><F100/><W77/><G73/><RYUUKYOKU ba="1,2" sc="235,-10,245,30,245,-10,255,-10" hai1="3,7,8,23,24,30,48,51,52,57,60,128,131" /><INIT seed="1,2,2,2,4,76" ten="225,275,235,245" oya="1" hai0="73,85,12,38,106,68,48,121,107,28,67,18,115" hai1="135,29,114,92,57,65,20,133,6,66,75,69,60" hai2="3,78,71,99,94,26,4,14,49,17,134,105,1" hai3="84,87,81,108,93,120,97,33,131,101,100,5,39"/><U104/><E104/><V96/><F71/><W123/><G39/><T77/><D38/><U53/><E114/><V61/><F134/><N who="1" m="51209" /><E75/><V62/><F78/><N who="3" m="46135" /><G5/><T24/><D73/><U0/><E69/><V25/><F3/><W122/><G33/><T89/><D106/><U125/><E125/><V72/><F72/><W9/><G9/><T98/><D107/><U88/><E6/><V35/><F99/><N who="3" m="59503" /><G108/><T52/><D68/><U129/><E0/><V91/><F105/><N who="3" m="63663" /><G87/><T42/><D85/><N who="1" m="52239" /><E129/><AGARI ba="2,2" hai="120,122,123,129,131" m="63663,59503,46135" machi="129" ten="40,5200,0" yaku="34,2,52,1" doraHai="76" who="3" fromWho="1" sc="225,0,275,-58,235,0,245,78" /><INIT seed="2,0,0,1,3,104" ten="225,217,235,323" oya="2" hai0="89,69,114,33,26,62,105,87,42,51,58,32,72" hai1="46,40,95,120,134,88,39,101,16,22,64,14,67" hai2="59,110,18,29,131,2,84,55,133,41,36,106,11" hai3="66,49,47,121,78,93,35,38,3,63,130,128,28"/><V83/><F106/><W30/><G121/><T71/><D114/><U74/><E134/><V75/><F133/><W13/><G38/><T92/><D105/><U45/><E101/><V73/><F29/><W70/><G3/><T77/><D42/><U6/><E120/><V122/><F122/><W31/><G78/><T50/><D50/><U117/><E117/><V125/><F125/><W127/><G13/><T0/><D0/><U8/><E74/><V116/><F116/><W53/><G93/><T19/><D51/><U44/><E39/><V94/><F94/><W65/><G65/><T109/><D109/><U76/><E76/><V90/><F131/><N who="3" m="50219" /><G127/><T108/><D108/><U113/><E40/><V79/><F79/><W132/><G132/><T129/><D129/><U9/><E113/><V20/><F110/><W107/><G107/><T112/><D112/><U48/><E48/><V25/><F2/><W10/><G10/><N who="1" m="4202" /><E6/><V7/><F11/><W97/><G97/><AGARI ba="0,0" hai="14,16,22,44,45,46,64,67,88,95,97" m="4202" machi="97" ten="30,3900,0" yaku="8,1,54,2" doraHai="104" who="1" fromWho="3" sc="225,0,217,39,235,0,323,-39" /><INIT seed="3,0,0,4,0,56" ten="225,256,235,284" oya="3" hai0="23,64,11,7,53,33,78,20,32,83,120,133,85" hai1="30,8,34,15,5,59,111,134,71,112,57,58,60" hai2="124,87,82,104,103,22,6,80,28,110,47,126,108" hai3="21,10,61,89,24,44,74,84,51,40,131,88,31"/><W81/><G74/><T130/><D133/><U77/><E134/><V93/><F6/><W45/><G131/><T65/><D130/><U66/><E112/><V52/><F28/><W68/><G10/><T127/><D127/><N who="2" m="48682" /><F22/><W115/><G115/><T109/><D109/><N who="2" m="42090" /><F47/><N who="3" m="26087" /><G68/><T128/><D128/><U27/><E111/><V19/><F19/><W107/><G107/><T135/><D120/><U39/><E77/><V62/><F104/><W63/><G89/><T48/><D135/><U122/><E39/><V41/><F41/><W90/><G90/><T98/><D32/><U117/><REACH who="1" step="1"/><E122/><REACH who="1" ten="225,246,235,284" step="2"/><V76/><F76/><W101/><G101/><T99/><D78/><U3/><E3/><V4/><F103/><W17/><G31/><T18/><D33/><U123/><E123/><V113/><F113/><W106/><G106/><T100/><D100/><U132/><E132/><V119/><F119/><AGARI ba="0,1" hai="5,8,15,27,30,34,57,58,59,60,66,71,117,119" machi="119" ten="40,2600,0" yaku="1,1,52,1,53,0" doraHai="56" doraHaiUra="97" who="1" fromWho="2" sc="225,0,246,36,235,-26,284,0" /><INIT seed="4,0,0,5,1,26" ten="225,282,209,284" oya="0" hai0="17,116,110,23,72,84,55,82,131,57,104,86,59" hai1="27,21,91,40,3,44,1,97,61,127,0,34,4" hai2="108,30,9,8,92,128,134,48,32,60,54,22,102" hai3="35,103,117,75,114,132,85,71,100,99,76,11,39"/><T111/><D116/><U73/><E73/><V42/><F108/><N who="0" m="41514" /><D104/><U16/><E127/><V122/><F32/><W115/><G117/><T37/><D37/><U51/><E34/><V125/><F122/><W96/><G132/><T80/><D131/><U47/><E4/><V89/><F128/><W135/><G135/><T2/><D2/><U77/><E77/><V28/><F134/><W46/><G71/><T15/><D59/><U70/><E44/><N who="2" m="25623" /><F102/><N who="3" m="38955" /><G75/><T64/><D64/><U109/><E109/><V129/><F125/><W13/><G35/><T36/><D36/><U20/><E20/><V87/><F129/><W133/><G46/><T67/><D67/><U33/><E33/><V130/><F130/><W43/><G43/><T88/><D72/><U98/><E91/><V52/><F22/><W123/><G123/><T65/><D65/><U106/><E106/><V78/><F78/><W6/><G39/><T63/><D86/><U45/><E70/><V7/><F60/><W118/><G133/><T101/><D101/><U121/><E61/><V41/><F41/><W107/><G107/><T79/><D79/><U18/><E121/><V93/><F93/><AGARI ba="0,0" hai="15,17,23,55,57,63,80,82,84,88,93" m="41514" machi="93" ten="30,2900,0" yaku="10,1,54,1" doraHai="26" who="0" fromWho="2" sc="225,29,282,0,209,-29,284,0" /><INIT seed="4,1,0,0,2,52" ten="254,282,180,284" oya="0" hai0="13,46,62,78,11,119,72,26,45,127,131,18,20" hai1="42,23,67,73,91,114,59,95,48,22,100,106,66" hai2="81,125,116,76,1,5,8,57,88,130,9,43,124" hai3="75,97,108,89,120,68,32,121,37,6,58,74,16"/><T129/><D119/><U63/><E73/><N who="3" m="27658" /><G68/><T53/><D127/><N who="2" m="48714" /><F116/><W133/><G37/><T49/><D62/><U69/><E69/><V28/><F130/><N who="0" m="49674" /><D72/><U77/><E77/><V7/><F76/><W113/><G113/><T115/><D78/><U64/><E114/><V82/><F43/><W99/><G108/><T122/><D115/><U98/><E106/><V54/><F28/><W65/><G133/><T25/><D122/><N who="3" m="47209" /><G32/><T50/><D20/><N who="1" m="7723" /><E100/><V2/><F88/><W123/><G123/><T35/><D35/><U110/><E110/><V55/><F55/><AGARI ba="1,0" hai="11,13,18,25,26,45,46,49,50,53,55" m="49674" machi="55" ten="30,1500,0" yaku="19,1" doraHai="52" who="0" fromWho="2" sc="254,18,282,0,180,-18,284,0" /><INIT seed="4,2,0,5,2,115" ten="272,282,162,284" oya="0" hai0="87,1,45,32,135,30,133,88,4,56,66,22,34" hai1="75,103,117,63,79,84,54,26,24,126,40,73,81" hai2="107,52,58,6,124,19,48,118,20,78,95,112,85" hai3="55,106,39,93,68,61,67,18,92,31,14,43,119"/><T29/><D45/><U44/><E117/><V12/><F107/><W72/><G119/><T132/><D4/><U51/><E126/><V105/><F105/><W17/><G106/><T21/><D1/><U27/><E103/><V16/><F112/><W111/><G111/><T100/><D100/><U110/><E110/><V13/><F124/><W36/><G72/><T128/><D128/><U35/><E35/><N who="0" m="13353" /><D56/><N who="1" m="35223" /><E73/><V131/><F131/><W98/><G31/><N who="0" m="11787" /><D66/><U62/><E75/><V3/><F118/><W46/><G93/><AGARI ba="2,0" hai="21,22,87,88,93,132,133,135" m="11787,13353" machi="93" ten="40,3900,0" yaku="20,1,54,1" doraHai="115" who="0" fromWho="3" sc="272,45,282,0,162,0,284,-45" owari="317,41.7,282,8.2,162,-33.8,239,-16.1" /></mjloggm>