<mjloggm ver="2.3"><GO type="225" lobby="0"/><UN n0="%73%73%6B%5F%66%72%65%65" n1="%72%69%6F%75%63%68%61%6E" n2="%E3%81%8B%E3%82%8F%E3%81%A1%E3%82%83%E3%82%93%35%38" n3="%E3%82%BC%E3%83%AB%E3%83%80%E3%81%AE%E4%BC%9D%E8%AA%AC" dan="16,16,17,17" rate="2123.99,2236.28,2224.91,2244.12" sx="M,M,M,M"/><TAIKYOKU oya="0"/><INIT seed="0,0,0,0,0,131" ten="250,250,250,250" oya="0" hai0="133,129,113,97,130,6,78,111,91,52,62,29,2" hai1="28,116,101,89,39,16,42,95,128,4,37,0,14" hai2="93,102,60,20,103,31,34,98,7,15,64,24,61" hai3="124,106,9,76,105,87,5,25,11,69,12,117,8"/><T127/><D113/><U122/><E122/><V17/><F102/><W118/><G69/><T40/><D127/><U114/><E128/><N who="0" m="49257" /><D111/><U1/><E116/><V92/><F61/><W135/><G124/><T66/><D78/><U33/><E114/><V57/><REACH who="2" step="1"/><F7/><REACH who="2" ten="250,250,240,250" step="2"/><W59/><G5/><T104/><D6/><U94/><E101/><V120/><F120/><W100/><G100/><N who="0" m="62479" /><D2/><U75/><E4/><V112/><F112/><W115/><G115/><T71/><D40/><U82/><E42/><V32/><F32/><W19/><G117/><T63/><D29/><U119/><E28/><V88/><F88/><W74/><G118/><T26/><D91/><U49/><E119/><V48/><F48/><W109/><G109/><T27/><D133/><U45/><E0/><V125/><F125/><W68/><G135/><T38/><D38/><U51/><E1/><V65/><F65/><W13/><G106/><AGARI ba="0,1" hai="15,17,20,24,31,34,57,60,64,92,93,98,103,106" machi="106" ten="30,2000,0" yaku="1,1,7,1,53,0" doraHai="131" doraHaiUra="108" who="2" fromWho="3" sc="250,0,250,0,240,30,250,-20" /><INIT seed="1,0,0,5,2,8" ten="250,250,270,230" oya="1" hai0="108,4,39,80,120,79,55,82,58,21,84,72,73" hai1="109,1,97,88,57,26,64,59,15,10,52,49,121" hai2="50,104,89,9,116,35,60,81,101,20,41,85,28" hai3="23,31,47,67,115,112,94,45,95,130,70,129,36"/><U17/><E121/><V105/><F116/><W119/><G31/><T25/><D108/><U24/><E1/><V65/><F35/><W128/><G23/><T103/><D120/><U78/><E109/><V54/><F41/><N who="3" m="22695" /><G94/><T66/><D66/><U83/><E64/><V40/><F40/><W118/><G95/><T44/><D4/><U42/><E59/><V29/><F9/><W113/><G47/><T12/><D39/><U132/><E132/><V38/><F38/><W11/><G11/><T114/><D44/><N who="1" m="25751" /><E78/><V22/><F104/><W75/><G75/><T62/><D114/><U77/><E77/><V133/><F105/><W122/><G122/><T93/><D73/><U90/><E97/><V87/><F133/><W34/><G34/><T74/><D74/><U7/><E83/><V16/><F81/><W91/><G91/><N who="1" m="34858" /><E17/><V43/><F16/><W131/><N who="3" m="32768" /><DORA hai="53" /><W125/><G125/><T51/><D82/><U96/><E96/><V6/><F89/><W32/><G32/><T124/><D72/><U13/><E13/><V71/><F29/><W134/><G134/><T126/><D12/><U27/><E24/><V99/><F28/><W5/><G5/><T46/><D93/><U2/><E2/><V33/><F33/><W19/><G19/><N who="0" m="12479" /><D126/><U100/><E100/><V127/><F127/><W3/><G3/><T76/><D124/><U30/><E30/><V37/><F6/><W48/><G48/><AGARI ba="0,0" hai="7,10,15,26,27,48,52,57" m="34858,25751" machi="48" ten="30,12000,1" yaku="8,1,52,2,54,2" doraHai="8,53" who="1" fromWho="3" sc="250,0,250,120,270,0,230,-120" /><INIT seed="1,1,0,4,5,25" ten="250,370,270,110" oya="1" hai0="45,64,18,13,129,122,24,21,107,4,100,63,113" hai1="52,91,77,20,23,98,9,0,83,5,80,12,105" hai2="127,134,6,110,37,85,27,86,30,112,89,67,68" hai3="39,102,55,69,34,93,125,99,76,47,90,53,57"/><U73/><E0/><V71/><F37/><W128/><G69/><T121/><D113/><U1/><E1/><V130/><F6/><W72/><G125/><T101/><D129/><U32/><E32/><V8/><F8/><W119/><G128/><T11/><D45/><U126/><E126/><V28/><F130/><W42/><G119/><T123/><REACH who="0" step="1"/><D107/><REACH who="0" ten="240,370,270,110" step="2"/><U60/><E105/><V61/><F112/><W16/><G34/><T65/><D65/><U117/><E117/><V44/><F127/><W29/><G29/><T135/><D135/><U66/><E52/><V84/><F134/><W81/><G57/><AGARI ba="1,1" hai="4,11,13,18,21,24,57,63,64,100,101,121,122,123" machi="57" ten="40,5200,0" yaku="1,1,13,1,53,1" doraHai="25" doraHaiUra="14" who="0" fromWho="3" sc="240,65,370,0,270,0,110,-55" /><INIT seed="2,0,0,4,5,100" ten="305,370,270,55" oya="2" hai0="80,90,94,40,28,1,111,107,125,15,130,25,112" hai1="74,54,123,106,102,16,99,2,57,35,70,9,56" hai2="43,133,105,30,118,0,85,47,98,50,69,67,21" hai3="55,10,68,122,44,32,103,79,84,46,129,65,77"/><V73/><F118/><W37/><G122/><T26/><D112/><U51/><E70/><V62/><F133/><W104/><G129/><T92/><D111/><U134/><E134/><V23/><F73/><W24/><G10/><T101/><D1/><U78/><E123/><V81/><F0/><W38/><G55/><T93/><D125/><U12/><E35/><V126/><F126/><W95/><G95/><T128/><D40/><U72/><E78/><V58/><F30/><W127/><G127/><T19/><D80/><U109/><E109/><V120/><F120/><W121/><G121/><T34/><D26/><U119/><E119/><V8/><F8/><W60/><G46/><T18/><D90/><U96/><E2/><V39/><F98/><W131/><G131/><N who="0" m="50219" /><D15/><U42/><E42/><V49/><F105/><W89/><G89/><T87/><D87/><U22/><E56/><V64/><F50/><W20/><G44/><T17/><D101/><U41/><E96/><V53/><REACH who="2" step="1"/><F67/><REACH who="2" ten="305,370,260,55" step="2"/><W27/><G104/><AGARI ba="0,1" hai="17,18,19,25,28,34,92,93,94,104,107" m="50219" machi="104" ten="40,5200,0" yaku="19,1,52,2" doraHai="100" who="0" fromWho="3" sc="305,62,370,0,260,0,55,-52" /><INIT seed="3,0,0,4,1,12" ten="367,370,260,3" oya="3" hai0="68,135,88,56,110,87,109,66,134,24,14,91,121" hai1="48,79,96,119,117,40,15,124,90,72,30,61,102" hai2="132,55,93,99,22,28,32,44,47,2,63,116,129" hai3="52,120,6,11,70,123,53,16,71,1,113,20,26"/><W7/><G113/><T5/><D121/><U133/><E124/><V46/><F132/><N who="0" m="50730" /><D68/><U19/><E133/><V49/><F129/><W34/><G6/><T111/><D24/><U97/><E30/><V127/><F2/><W27/><G71/><T13/><D5/><U86/><E79/><V38/><F32/><W36/><G36/><T84/><D56/><U18/><E72/><V131/><F131/><W81/><G70/><T125/><D66/><U43/><E61/><V114/><F114/><W101/><G101/><T17/><D125/><U77/><E77/><V39/><F116/><N who="1" m="44617" /><E19/><V67/><F127/><W41/><G41/><N who="1" m="15946" /><E48/><V3/><F39/><W64/><G64/><T42/><D42/><U74/><E74/><V51/><F38/><W82/><G123/><T108/><N who="0" m="27648" /><DORA hai="100" /><T75/><D75/><U8/><E102/><V37/><F37/><W33/><G120/><T94/><D17/><U115/><E115/><V57/><F51/><W112/><G112/><T92/><AGARI ba="0,0" hai="13,14,84,87,88,91,92,94" m="27648,50730" machi="92" ten="60,7900,0" yaku="20,1,14,1,54,1" doraHai="12,100" who="0" fromWho="0" sc="367,79,370,-20,260,-20,3,-39" owari="446,54.6,350,15.0,240,-16.0,-36,-53.6" /></mjloggm>