<mjloggm ver="2.3"><GO type="225" lobby="0"/><UN n0="%E3%81%82%E3%81%99%E3%81%AB%E3%82%83%E3%82%80" n1="%E3%82%BC%E3%83%AB%E3%83%80%E3%81%AE%E4%BC%9D%E8%AA%AC" n2="%E3%82%B2%E3%82%B9%E8%8C%82%E5%8B%9D" n3="%E3%81%A4%E3%81%A3%E3%81%B1%E3%82%8A%E3%83%9D%E3%83%BC%E3%83%AB" dan="16,17,16,16" rate="2162.55,2186.63,2120.07,2114.72" sx="F,M,F,M"/><TAIKYOKU oya="0"/><INIT seed="0,0,0,0,0,56" ten="250,250,250,250" oya="0" hai0="117,50,126,86,112,55,75,79,110,95,36,115,119" hai1="124,33,70,9,62,69,34,106,35,82,121,39,45" hai2="32,23,11,125,64,63,80,0,108,25,129,24,103" hai3="123,46,127,122,114,8,89,84,97,1,21,100,5"/><T96/><D36/><U43/><E121/><N who="3" m="46090" /><G114/><N who="0" m="43563" /><D50/><U133/><E124/><V99/><F125/><W128/><G127/><T12/><D55/><U90/><E133/><V19/><F129/><W51/><G128/><T44/><D12/><U134/><E134/><V91/><F108/><W61/><G61/><T132/><D44/><U40/><E40/><V81/><F91/><W102/><G21/><T17/><D17/><U13/><E106/><V74/><F74/><W53/><G97/><T20/><D20/><U71/><E90/><V18/><F0/><W41/><G41/><T109/><D126/><U29/><E82/><AGARI ba="0,0" hai="1,5,8,46,51,53,82,84,89,100,102" m="46090" machi="82" ten="30,1000,0" yaku="13,1" doraHai="56" who="3" fromWho="1" sc="250,0,250,-10,250,0,250,10" /><INIT seed="1,0,0,2,5,31" ten="250,240,250,260" oya="1" hai0="16,40,51,43,58,85,39,14,96,50,105,57,131" hai1="91,70,29,90,47,8,17,60,82,64,80,77,79" hai2="102,125,21,76,13,127,27,42,120,94,104,49,121" hai3="63,95,135,1,55,132,34,2,115,61,19,133,44"/><U118/><E118/><V108/><F104/><W119/><G115/><T32/><D32/><U23/><E29/><V15/><F76/><W113/><G113/><T69/><D69/><U37/><E8/><V35/><F108/><W36/><G119/><T59/><D131/><U75/><E47/><V72/><F72/><W6/><G34/><T28/><D28/><U26/><REACH who="1" step="1"/><E37/><REACH who="1" ten="250,230,250,260" step="2"/><V74/><F120/><W124/><G36/><T128/><D39/><U53/><E53/><V7/><F121/><W87/><G55/><T18/><D40/><U116/><E116/><V54/><F54/><W9/><G44/><T11/><D43/><U103/><E103/><V86/><F102/><W62/><G124/><T98/><D128/><U25/><E25/><V10/><F42/><W109/><G109/><T111/><D111/><U123/><E123/><V110/><F110/><W78/><G19/><T97/><D18/><U71/><E71/><V130/><F130/><W117/><G117/><T48/><REACH who="0" step="1"/><D85/><AGARI ba="0,1" hai="17,23,26,60,64,70,75,77,79,80,82,85,90,91" machi="85" ten="30,5800,0" yaku="1,1,7,1,53,1" doraHai="31" doraHaiUra="106" who="1" fromWho="0" sc="250,-58,230,68,250,0,260,0" /><INIT seed="1,1,0,0,3,70" ten="192,298,250,260" oya="1" hai0="58,27,23,62,75,121,15,112,63,127,92,106,61" hai1="76,99,1,21,65,35,19,22,131,38,54,95,120" hai2="91,115,118,2,97,108,85,110,10,71,6,28,36" hai3="88,80,94,48,64,32,132,67,59,11,125,103,89"/><U128/><E35/><V102/><F118/><W77/><G32/><T42/><D106/><U52/><E120/><V13/><F71/><W87/><G132/><T51/><D112/><U119/><E119/><V0/><F115/><W4/><G125/><T18/><D121/><U33/><E33/><V9/><F28/><W90/><G103/><T74/><D127/><U14/><E1/><V40/><F97/><W17/><G17/><T41/><D74/><U82/><E65/><V130/><F102/><W134/><G134/><T123/><D75/><U47/><E22/><V116/><F116/><W7/><G94/><T93/><D123/><U39/><E95/><V107/><F107/><W126/><G126/><T46/><D42/><N who="1" m="22999" /><E39/><V124/><F124/><W109/><G109/><N who="2" m="42089" /><F130/><N who="1" m="49705" /><E99/><V104/><F104/><W122/><G122/><T72/><D72/><AGARI ba="1,0" hai="14,19,21,52,54,72,76,82" m="49705,22999" machi="72" ten="30,5800,0" yaku="19,1,52,1,54,1" doraHai="70" who="1" fromWho="0" sc="192,-61,298,61,250,0,260,0" /><INIT seed="1,2,0,1,4,66" ten="131,359,250,260" oya="1" hai0="2,26,11,24,50,8,127,89,67,107,13,87,118" hai1="5,99,126,19,41,98,97,39,38,128,111,115,109" hai2="23,64,22,101,0,27,10,43,53,35,90,45,85" hai3="73,103,92,133,33,42,76,7,91,54,29,96,60"/><U129/><E115/><V62/><F101/><W15/><G133/><T108/><D107/><U79/><E126/><V131/><F131/><N who="1" m="50249" /><E5/><V110/><F110/><N who="1" m="41993" /><E41/><V57/><F35/><W74/><G33/><T3/><D3/><U119/><E119/><V6/><F53/><W37/><G54/><T83/><D2/><U52/><E79/><V84/><F90/><W134/><G91/><T48/><D118/><U63/><E19/><V68/><F57/><AGARI ba="2,0" hai="38,39,52,57,63,97,98,99" m="41993,50249" machi="57" ten="40,12000,1" yaku="19,1,14,1,10,1,54,1" doraHai="66" who="1" fromWho="2" sc="131,0,359,126,250,-126,260,0" /><INIT seed="1,3,0,3,4,133" ten="131,485,124,260" oya="1" hai0="45,83,76,7,72,46,12,27,4,85,47,124,2" hai1="122,97,84,37,38,57,106,88,53,52,5,25,93" hai2="104,77,109,82,54,9,99,131,102,33,67,80,3" hai3="115,16,69,32,103,30,48,40,111,26,101,134,55"/><U60/><E122/><V96/><F33/><W0/><G115/><T49/><D2/><U66/><E5/><V15/><F3/><W10/><G69/><T50/><D72/><U123/><E123/><V113/><F109/><W92/><G111/><T11/><D7/><U135/><E135/><V44/><F131/><W1/><G40/><T89/><D124/><U81/><E106/><V14/><F113/><W64/><G64/><T95/><REACH who="0" step="1"/><D27/><REACH who="0" ten="121,485,124,260" step="2"/><U108/><E108/><V126/><F126/><W59/><G0/><T100/><D100/><U8/><E25/><V39/><F15/><W61/><G1/><T13/><D13/><U128/><E128/><V31/><F102/><W24/><G134/><T94/><D94/><U121/><E121/><V74/><F104/><W21/><G92/><T87/><AGARI ba="3,1" hai="4,11,12,45,46,47,49,50,76,83,85,87,89,95" machi="87" ten="30,4000,0" yaku="1,1,0,1,8,1,53,0" doraHai="133" doraHaiUra="118" who="0" fromWho="0" sc="121,59,485,-23,124,-13,260,-13" /><INIT seed="2,0,0,3,3,83" ten="180,462,111,247" oya="2" hai0="62,24,6,104,133,44,114,79,64,51,36,105,63" hai1="113,86,3,65,8,69,90,91,102,54,55,120,134" hai2="42,33,115,85,16,72,10,46,98,59,77,110,99" hai3="78,81,124,103,38,84,30,68,57,118,123,93,43"/><V49/><F115/><W71/><G118/><T101/><D36/><U37/><E113/><V56/><F33/><W41/><G123/><T15/><D114/><U11/><E37/><V107/><F72/><W48/><G124/><T22/><D133/><U19/><E102/><V7/><F110/><W1/><G1/><T119/><D119/><U92/><E134/><V60/><F107/><W80/><G38/><T40/><D79/><U45/><E120/><V121/><F121/><W117/><G117/><T9/><D101/><U26/><E69/><V75/><F75/><W82/><G30/><T14/><D14/><U73/><E65/><N who="2" m="39047" /><F7/><W4/><G4/><T2/><D63/><U28/><E73/><V94/><F59/><W25/><G71/><T95/><D95/><U52/><E45/><V12/><F94/><W131/><G68/><T31/><REACH who="0" step="1"/><D2/><REACH who="0" ten="170,462,111,247" step="2"/><U0/><E0/><V106/><F106/><W18/><G93/><T129/><D129/><U135/><E135/><V61/><F61/><W111/><G131/><T96/><D96/><U58/><E3/><V47/><F46/><W13/><G111/><T122/><D122/><U39/><E39/><V100/><F100/><W109/><G103/><T116/><D116/><U127/><E92/><V29/><F29/><W35/><G109/><T89/><D89/><U76/><E28/><V88/><F88/><W128/><G128/><T108/><D108/><U67/><E91/><V53/><F42/><W27/><G41/><T125/><D125/><U66/><E127/><V87/><F77/><N who="3" m="46095" /><G43/><T17/><D17/><U70/><E19/><RYUUKYOKU ba="0,1" sc="170,15,462,-15,111,15,247,-15" hai0="6,9,15,22,24,31,40,44,51,62,64,104,105" hai2="10,12,16,47,49,53,85,87,98,99" /><INIT seed="2,1,1,3,5,66" ten="185,447,126,232" oya="2" hai0="20,77,96,22,117,54,16,35,11,44,105,43,12" hai1="126,116,121,111,95,88,131,45,63,61,119,106,52" hai2="10,113,53,40,0,134,97,79,73,38,132,62,37" hai3="89,78,107,9,87,7,128,104,39,120,93,85,49"/><V82/><F113/><W59/><G39/><T2/><D35/><U94/><E106/><V118/><F118/><W135/><G120/><T28/><D117/><U50/><E121/><V123/><F123/><W83/><G135/><N who="2" m="51753" /><F40/><W124/><G128/><T13/><D77/><U21/><E131/><V108/><F108/><W18/><G18/><T57/><D2/><U3/><E111/><V41/><F41/><W15/><G124/><T114/><D114/><U98/><E3/><V75/><F75/><W31/><G31/><T90/><D28/><U64/><E126/><V91/><F97/><W26/><G26/><T71/><D71/><U46/><E46/><V103/><F103/><W102/><G102/><T30/><D30/><U84/><E21/><V115/><F91/><W27/><G27/><T133/><D105/><U122/><E122/><V92/><F92/><W23/><G107/><T109/><D109/><U125/><E125/><V127/><F127/><W74/><G104/><T24/><D133/><U70/><E61/><V129/><F129/><W14/><G74/><T6/><D96/><U56/><E45/><V55/><F115/><W32/><G32/><T72/><D72/><U19/><E19/><V5/><F62/><W4/><G4/><T25/><D90/><AGARI ba="1,1" hai="50,52,56,63,64,70,84,88,90,94,95,98,116,119" machi="90" ten="30,7700,0" yaku="7,1,52,1,54,2" doraHai="66" who="1" fromWho="0" sc="185,-80,447,90,126,0,232,0" /><INIT seed="3,0,0,2,3,35" ten="105,537,126,232" oya="3" hai0="65,127,16,32,19,45,102,76,62,85,128,134,98" hai1="80,46,96,40,54,100,4,56,83,125,10,99,61" hai2="97,135,108,33,8,72,64,130,34,107,55,58,69" hai3="57,79,110,63,73,5,11,119,90,47,22,9,38"/><W41/><G119/><T132/><D32/><U89/><E125/><V12/><F108/><W27/><G110/><T43/><D127/><U44/><E89/><V93/><F107/><W126/><G90/><T67/><D128/><U66/><E54/><V52/><F72/><W39/><G39/><T23/><D76/><U117/><E117/><V120/><F130/><W116/><G116/><T36/><D85/><U94/><E99/><V51/><F120/><W106/><G106/><T101/><D19/><U104/><E104/><V24/><F135/><W111/><G111/><T118/><D118/><U49/><E46/><V59/><F24/><W26/><G11/><T28/><D28/><U71/><E71/><V37/><F37/><W114/><G22/><T115/><D115/><U25/><E25/><V133/><F133/><N who="0" m="51306" /><D98/><U2/><AGARI ba="0,0" hai="2,4,10,40,44,49,56,61,66,80,83,94,96,100" machi="2" ten="20,2700,0" yaku="0,1,7,1,52,1" doraHai="35" who="1" fromWho="1" sc="105,-7,537,27,126,-7,232,-13" owari="98,-40.2,564,66.4,119,-28.1,219,1.9" /></mjloggm>