<mjloggm ver="2.3"><GO type="225" lobby="0"/><UN n0="%E5%8F%AF%E5%85%90%E9%82%A3%E7%94%B1%E5%A4%9A" n1="%E3%81%B2%E3%81%BE%E3%81%A4%E3%81%B6%E3%81%97" n2="%E6%B4%BE%E9%81%A3%E3%81%AE%E3%82%B8%E3%83%A3%E3%83%83%E3%82%AF" n3="%77%72%77%72%77%72%77%72" dan="17,16,17,16" rate="2253.43,2125.82,2217.17,2101.29" sx="F,M,M,M"/><TAIKYOKU oya="0"/><INIT seed="0,0,0,3,3,62" ten="250,250,250,250" oya="0" hai0="18,102,67,64,63,83,112,46,116,128,51,105,133" hai1="7,104,131,101,13,30,47,16,113,88,98,32,68" hai2="50,1,55,127,6,125,35,45,118,33,57,10,59" hai3="25,97,66,135,23,81,44,126,4,69,123,77,76"/><T114/><D116/><U5/><E131/><V85/><F118/><W28/><G135/><T8/><D128/><U96/><E113/><V24/><F85/><W65/><G126/><N who="2" m="48137" /><F24/><W117/><G117/><T79/><D133/><U121/><E121/><V0/><F0/><W109/><G123/><T75/><D105/><U26/><E68/><V94/><F94/><W34/><G109/><T40/><D102/><U106/><E47/><V72/><F72/><W17/><G69/><T48/><D48/><U15/><E15/><V20/><F20/><N who="3" m="15399" /><G4/><T27/><D67/><N who="3" m="25609" /><G34/><AGARI ba="0,0" hai="1,6,10,33,34,35,45,50,55,57,59" m="48137" machi="34" ten="30,1000,0" yaku="18,1" doraHai="62" who="2" fromWho="3" sc="250,0,250,0,250,10,250,-10" /><INIT seed="1,0,0,0,4,94" ten="250,250,260,240" oya="1" hai0="119,29,12,34,97,66,13,133,11,50,114,122,23" hai1="106,89,132,91,118,14,21,61,46,125,59,103,52" hai2="77,80,18,32,107,117,28,48,74,90,130,37,127" hai3="45,36,0,17,22,84,115,129,56,53,128,124,31"/><U69/><E118/><V100/><F117/><W78/><G115/><T7/><D119/><U96/><E125/><V3/><F37/><W121/><G121/><T33/><D66/><U135/><E69/><V123/><F123/><W6/><G124/><T63/><D63/><U105/><E105/><V112/><F127/><W51/><G31/><T4/><D122/><U93/><E46/><V111/><F111/><W131/><G0/><T58/><D58/><U24/><E14/><V38/><F3/><W87/><G6/><T47/><D114/><U98/><REACH who="1" step="1"/><E91/><REACH who="1" ten="250,240,260,240" step="2"/><V42/><F90/><W8/><G8/><T109/><D12/><U92/><E92/><V43/><F107/><W120/><G120/><T15/><D13/><U134/><E134/><V49/><F112/><W67/><G36/><T16/><D133/><U60/><E60/><V116/><F38/><W83/><G45/><T26/><D4/><U68/><E68/><V70/><F70/><W81/><G67/><T82/><D7/><U20/><E20/><V108/><F116/><W65/><G65/><T1/><D1/><U44/><E44/><V110/><F110/><W76/><REACH who="3" step="1"/><G129/><REACH who="3" ten="250,240,260,230" step="2"/><T126/><D126/><U71/><E71/><V85/><F130/><W64/><G64/><T39/><D39/><U95/><E95/><V72/><F108/><W113/><G113/><T55/><D109/><U40/><E40/><V73/><F42/><W5/><G5/><T10/><D10/><U9/><E9/><V27/><F43/><W104/><G104/><T102/><D11/><U57/><E57/><V54/><F54/><RYUUKYOKU ba="0,2" sc="250,-15,240,15,260,-15,230,15" hai1="21,24,52,59,61,89,93,96,98,103,106,132,135" hai3="17,22,51,53,56,76,78,81,83,84,87,128,131" /><INIT seed="1,1,2,0,3,76" ten="235,255,245,245" oya="1" hai0="8,36,29,0,30,92,60,73,124,112,130,90,108" hai1="11,126,57,94,132,31,38,102,63,26,128,62,16" hai2="71,3,39,81,25,79,85,18,2,43,61,41,72" hai3="77,97,107,117,129,4,17,115,13,93,74,113,86"/><U23/><E126/><V114/><F114/><W33/><G33/><T105/><D112/><U67/><E128/><V96/><F96/><W111/><G129/><T10/><D130/><U131/><E131/><V100/><F100/><W20/><G111/><T46/><D105/><U65/><E132/><V135/><F135/><W88/><G117/><T127/><D73/><U48/><E38/><V134/><F134/><W116/><G116/><T69/><D108/><U106/><E106/><V50/><F39/><W99/><G4/><T51/><D36/><U22/><E48/><V53/><F72/><W87/><G99/><N who="0" m="57751" /><D69/><U95/><E11/><N who="0" m="4137" /><D0/><U84/><E84/><V75/><F75/><W21/><G21/><T83/><D60/><U19/><E102/><V37/><F37/><W104/><G104/><T118/><D118/><U120/><E31/><V58/><F71/><W66/><G86/><T123/><D123/><U14/><E120/><V28/><F28/><W80/><G66/><T70/><D70/><AGARI ba="1,2" hai="14,16,19,22,23,26,57,62,63,65,67,70,94,95" machi="70" ten="30,2900,0" yaku="7,1,54,1" doraHai="76" who="1" fromWho="0" sc="235,-32,255,52,245,0,245,0" /><INIT seed="1,2,0,5,1,0" ten="203,307,245,245" oya="1" hai0="121,40,97,120,110,122,80,32,23,109,79,42,14" hai1="75,108,66,125,88,55,76,12,127,124,72,126,10" hai2="93,18,102,7,117,130,62,19,53,99,131,83,64" hai3="105,63,8,47,5,81,82,84,68,134,65,36,87"/><U104/><E104/><V21/><F117/><W26/><G105/><T45/><D32/><U73/><E108/><N who="0" m="41577" /><D97/><U132/><E132/><V1/><F83/><W101/><G134/><T96/><D96/><U60/><E55/><V89/><F102/><W135/><G135/><T25/><D45/><U9/><E76/><V22/><F53/><W78/><G101/><T100/><D14/><U98/><E127/><V37/><F37/><W91/><G26/><T106/><D100/><U70/><E12/><V27/><F1/><W39/><REACH who="3" step="1"/><G47/><REACH who="3" ten="203,307,245,235" step="2"/><T49/><D106/><U58/><E70/><V74/><F27/><W44/><G44/><T28/><D49/><U95/><AGARI ba="2,1" hai="9,10,58,60,66,72,73,75,88,95,98,124,125,126" machi="95" ten="40,7800,0" yaku="0,1,18,1,54,1" doraHai="0" who="1" fromWho="1" sc="203,-28,307,94,245,-28,235,-28" /><INIT seed="1,3,0,4,4,111" ten="175,401,217,207" oya="1" hai0="87,128,68,127,43,72,96,73,78,61,131,19,36" hai1="113,90,31,39,33,129,66,122,83,77,53,103,102" hai2="84,85,38,0,114,92,88,91,82,108,48,15,17" hai3="89,46,121,51,98,27,26,133,12,8,95,59,47"/><U116/><E39/><V32/><F38/><W22/><G133/><T56/><D68/><U50/><E113/><V29/><F0/><W93/><G121/><T10/><D127/><U24/><E116/><V71/><F71/><W54/><G95/><T62/><D96/><U9/><E122/><V115/><F108/><W3/><G3/><T11/><D87/><U58/><E129/><N who="0" m="49737" /><D78/><U5/><E90/><V40/><F29/><N who="3" m="17623" /><G27/><T125/><D125/><U86/><REACH who="1" step="1"/><E66/><REACH who="1" ten="175,391,217,207" step="2"/><V101/><F101/><W130/><G130/><T13/><D36/><U120/><E120/><V30/><F114/><W70/><G70/><T57/><D43/><U135/><E135/><V117/><F115/><W76/><G76/><T99/><D99/><U81/><E81/><V75/><F117/><W123/><G123/><T55/><D11/><U41/><E41/><V23/><F40/><W63/><G63/><T79/><D79/><U64/><E64/><AGARI ba="3,1" hai="10,13,19,55,56,57,61,62,64,72,73" m="49737" machi="64" ten="30,1000,0" yaku="19,1" doraHai="111" who="0" fromWho="1" sc="175,29,391,-19,217,0,207,0" /><INIT seed="2,0,0,3,4,116" ten="204,372,217,207" oya="2" hai0="128,9,15,57,4,114,95,67,122,102,120,65,105" hai1="22,109,47,115,127,81,100,106,33,2,84,76,90" hai2="73,75,110,6,130,18,60,42,131,82,59,41,13" hai3="20,107,124,38,43,45,37,0,54,30,52,51,64"/><V94/><F94/><W121/><G0/><T68/><D114/><U126/><E33/><V53/><F6/><W66/><G107/><T89/><D68/><U71/><E115/><V8/><F110/><W46/><G20/><T113/><D113/><U87/><E109/><V69/><F69/><W70/><G30/><T62/><D128/><N who="2" m="49194" /><F82/><W34/><G34/><T72/><D72/><AGARI ba="0,0" hai="8,13,18,41,42,53,59,60,72,73,75" m="49194" machi="72" ten="30,1500,0" yaku="19,1" doraHai="116" who="2" fromWho="0" sc="204,-15,372,0,217,15,207,0" /><INIT seed="2,1,0,0,4,111" ten="189,372,232,207" oya="2" hai0="28,128,132,1,126,12,71,127,0,49,120,130,117" hai1="105,69,77,74,29,4,3,33,78,62,83,88,22" hai2="37,108,95,80,59,113,66,92,27,103,90,50,16" hai3="81,122,114,25,73,32,82,56,54,14,131,97,31"/><V86/><F37/><W6/><G122/><T2/><D71/><U51/><E105/><V119/><F119/><W135/><G131/><N who="0" m="50219" /><D49/><U35/><E77/><V116/><F116/><W99/><G135/><T30/><D117/><U72/><E72/><V24/><F108/><W18/><G6/><T45/><D45/><U75/><E88/><N who="2" m="51271" /><F113/><W76/><G82/><T53/><D53/><U44/><E69/><V11/><F103/><W20/><REACH who="3" step="1"/><G114/><REACH who="3" ten="189,372,232,197" step="2"/><T52/><D120/><U42/><E83/><V13/><F92/><W112/><G112/><T110/><D110/><U38/><E4/><V133/><F133/><W89/><G89/><T124/><D132/><U101/><E78/><V47/><F95/><W87/><G87/><T34/><D34/><U57/><E33/><V23/><F90/><W7/><G7/><T79/><D79/><U85/><E35/><V98/><F98/><W129/><G129/><T43/><D43/><U104/><E75/><V91/><F91/><W109/><G109/><T118/><D118/><U107/><E74/><V55/><F66/><W70/><G70/><T106/><D106/><U134/><E107/><V26/><F59/><W94/><G94/><T100/><D100/><U115/><E104/><V46/><F46/><W96/><G96/><T19/><D52/><N who="1" m="34087" /><E134/><V123/><BYE who="1" /><F123/><W61/><AGARI ba="1,1" hai="14,18,20,25,31,32,54,56,61,73,76,81,97,99" machi="61" ten="20,2700,0" yaku="1,1,0,1,7,1,53,0" doraHai="111" doraHaiUra="60" who="3" fromWho="3" sc="189,-8,372,-8,232,-14,197,40" /><INIT seed="3,0,0,2,0,13" ten="181,364,218,237" oya="3" hai0="120,134,8,28,48,114,25,15,50,35,111,83,88" hai1="97,22,85,16,81,39,65,106,76,102,133,42,77" hai2="100,20,29,95,118,98,66,60,79,5,23,90,73" hai3="126,91,135,31,132,51,130,44,3,27,72,70,45"/><W82/><G70/><T17/><D120/><U86/><E86/><N who="2" m="52695" /><F118/><W75/><G3/><T104/><D111/><U34/><E34/><V69/><F29/><W113/><G113/><T121/><D121/><U49/><E49/><V115/><F115/><UN n1="%E3%81%B2%E3%81%BE%E3%81%A4%E3%81%B6%E3%81%97" /><W47/><G130/><T84/><D114/><U109/><E42/><V107/><F5/><W41/><G126/><T58/><D134/><N who="3" m="51241" /><G91/><T10/><D104/><U116/><E22/><V54/><F54/><W103/><G103/><T26/><D26/><U87/><E102/><V112/><F112/><W43/><G82/><AGARI ba="0,0" hai="20,23,60,66,69,73,79,82,98,100,107" m="52695" machi="82" ten="30,1000,0" yaku="24,1" doraHai="13" who="2" fromWho="3" sc="181,0,364,0,218,10,237,-10" owari="181,-31.9,364,46.4,228,2.8,227,-17.3" /></mjloggm>