<mjloggm ver="2.3"><GO type="225" lobby="0"/><UN n0="%E3%81%B5%E3%81%98%E3%81%8B%E3%81%A4" n1="%72%69%6F%75%63%68%61%6E" n2="%E3%81%AD%E3%81%93%E3%81%AD%E3%81%93%E3%81%8B%E3%81%AD%E3%81%93" n3="%E5%8D%A0%E3%81%84%E5%B8%AB%E8%A3%8F%E3%81%AA%E3%81%84%E3%81%97" dan="17,16,16,17" rate="2210.16,2236.44,2039.74,2219.36" sx="M,M,M,M"/><TAIKYOKU oya="0"/><INIT seed="0,0,0,1,0,44" ten="250,250,250,250" oya="0" hai0="50,92,31,68,130,100,42,27,78,65,69,24,55" hai1="61,134,63,109,8,38,48,72,12,89,26,99,45" hai2="73,33,118,22,98,43,110,17,15,51,117,5,115" hai3="19,28,96,4,132,85,49,133,106,76,129,94,13"/><T125/><D125/><U47/><E109/><V81/><F115/><W101/><G129/><T54/><D130/><U46/><E72/><V80/><F33/><W52/><G28/><T112/><D112/><U2/><E2/><V3/><F110/><W40/><G40/><T57/><D78/><U0/><E0/><V104/><F3/><W126/><G4/><T41/><D65/><U23/><E134/><N who="3" m="51818" /><G126/><T95/><D100/><U30/><E38/><V86/><F5/><W135/><N who="3" m="51826" /><W83/><DORA hai="123" /><G106/><T70/><D55/><U35/><E35/><V1/><F1/><W121/><G121/><T7/><D7/><U122/><E122/><V103/><F73/><W34/><G34/><T18/><D18/><N who="1" m="8455" /><E48/><V97/><F97/><W105/><G105/><T21/><REACH who="0" step="1"/><D27/><REACH who="0" ten="240,250,250,250" step="2"/><U128/><E128/><V20/><F17/><W91/><G19/><T60/><D60/><U127/><E127/><V90/><F103/><W14/><G101/><T71/><N who="0" m="17408" /><DORA hai="116" /><T32/><D32/><U64/><E64/><V16/><F16/><W102/><G102/><T88/><D88/><U25/><E26/><V107/><F90/><W114/><G114/><T84/><D84/><U6/><E6/><V67/><F86/><W58/><AGARI ba="0,1" hai="13,14,49,52,58,76,83,85,91,94,96" m="51826" machi="58" ten="40,5200,0" yaku="20,1,52,1,54,1" doraHai="44,123,116" who="3" fromWho="3" sc="240,-26,250,-13,250,-13,250,62" /><INIT seed="1,0,0,5,5,119" ten="214,237,237,312" oya="1" hai0="99,97,21,27,109,38,102,32,49,12,89,48,93" hai1="81,79,7,44,70,60,37,92,63,39,123,69,130" hai2="47,133,134,31,14,50,20,58,72,30,16,13,36" hai3="128,59,34,28,5,45,1,80,108,112,121,23,131"/><U0/><E123/><V56/><F72/><W129/><G112/><T41/><D109/><U10/><E130/><V100/><F36/><W64/><G108/><T68/><D68/><U55/><E92/><V54/><F100/><W122/><G34/><T116/><D116/><U98/><E98/><V46/><F56/><W66/><G45/><N who="2" m="16905" /><F14/><W86/><G5/><T2/><D2/><U8/><E8/><V135/><AGARI ba="0,0" hai="13,16,20,30,31,50,54,58,133,134,135" m="16905" machi="135" ten="40,2700,0" yaku="20,1,54,1" doraHai="119" who="2" fromWho="2" sc="214,-7,237,-13,237,27,312,-7" /><INIT seed="2,0,0,2,2,89" ten="207,224,264,305" oya="2" hai0="93,47,110,74,97,36,82,33,133,13,80,73,70" hai1="4,101,18,111,20,26,35,5,34,48,16,107,56" hai2="134,104,45,69,71,46,21,7,120,27,122,90,0" hai3="3,40,98,132,12,11,57,131,68,22,41,112,114"/><V125/><F104/><W88/><G68/><T108/><D70/><U86/><E111/><N who="0" m="42537" /><D33/><N who="1" m="12299" /><E86/><V109/><F71/><W24/><G132/><T79/><D13/><U2/><E48/><V105/><F69/><W66/><G3/><T28/><D28/><N who="1" m="17479" /><E101/><V119/><F105/><W96/><G131/><T15/><D15/><U78/><E78/><V128/><F119/><W76/><G76/><N who="0" m="44047" /><D47/><U19/><E56/><V44/><F128/><W52/><G66/><T17/><D17/><N who="1" m="6763" /><E107/><V72/><F72/><W83/><G40/><T9/><D9/><N who="1" m="2199" /><E19/><V58/><F58/><W63/><G41/><T8/><D8/><U25/><E25/><V126/><F27/><W100/><G24/><T129/><D36/><U30/><E5/><V77/><F109/><W127/><G57/><T1/><D133/><U42/><E42/><V116/><F134/><W115/><G98/><T39/><D39/><U6/><E6/><V135/><F135/><W37/><G96/><T123/><D129/><U38/><E38/><V14/><F7/><N who="3" m="3199" /><G37/><T62/><D62/><U67/><E67/><V55/><F55/><W130/><G52/><T51/><D51/><U87/><E87/><V50/><F50/><W81/><G63/><T59/><D59/><U117/><E117/><V43/><F43/><W32/><G130/><T94/><D97/><U10/><E10/><V65/><F65/><W75/><G32/><T49/><D49/><U60/><E60/><V64/><F64/><W95/><G75/><T53/><D53/><U118/><E118/><V106/><F45/><W121/><G83/><T99/><D99/><RYUUKYOKU ba="0,0" sc="207,-10,224,30,264,-10,305,-10" hai1="30" /><INIT seed="3,1,0,4,4,46" ten="197,254,254,295" oya="3" hai0="0,88,69,128,75,118,17,78,101,32,135,86,55" hai1="133,67,35,134,119,13,76,83,16,113,10,89,62" hai2="25,117,106,31,87,103,74,111,85,24,72,54,70" hai3="15,48,42,7,123,37,22,92,33,52,108,79,63"/><W91/><G123/><T30/><D118/><U107/><E113/><V29/><F70/><W40/><G33/><T26/><D135/><N who="1" m="51723" /><E35/><V36/><F36/><W19/><G37/><T100/><D128/><U94/><E107/><V115/><F115/><W116/><G116/><T28/><D69/><U109/><E109/><V126/><F117/><W95/><G79/><T43/><D0/><U60/><E119/><V4/><F111/><W18/><G7/><T114/><D114/><U99/><E67/><V61/><F4/><W39/><G63/><T23/><D43/><N who="3" m="16425" /><G39/><T105/><D105/><U12/><E13/><V71/><F71/><W27/><G91/><T68/><D68/><U45/><E45/><V44/><F126/><W66/><G66/><T112/><D112/><U20/><E10/><V3/><F3/><W121/><G121/><T56/><D78/><U9/><E9/><V131/><F131/><W47/><G108/><T6/><D6/><U81/><E81/><V120/><F120/><W82/><G82/><N who="0" m="49239" /><D75/><AGARI ba="1,0" hai="12,16,20,60,62,75,76,83,89,94,99" m="51723" machi="75" ten="30,2000,0" yaku="20,1,54,1" doraHai="46" who="1" fromWho="0" sc="197,-23,254,23,254,0,295,0" /><INIT seed="4,0,0,3,2,129" ten="174,277,254,295" oya="0" hai0="102,59,27,34,35,119,90,134,88,41,57,122,89" hai1="46,128,29,92,91,2,19,3,14,86,121,33,124" hai2="120,99,51,77,8,127,68,117,78,70,118,18,53" hai3="125,79,10,85,100,58,39,75,17,44,37,38,65"/><T116/><D122/><U55/><E121/><V50/><F120/><W28/><G75/><T45/><D102/><U69/><E69/><N who="2" m="26731" /><F127/><W6/><G125/><T48/><D134/><U113/><E124/><V47/><F99/><W43/><G28/><T94/><D94/><U23/><E128/><V112/><F112/><W133/><G133/><T104/><D104/><U7/><E113/><V107/><F107/><W101/><G17/><T83/><D83/><U63/><E7/><V105/><F105/><W95/><G58/><T114/><D114/><U130/><E130/><V82/><F82/><N who="3" m="47327" /><G65/><T52/><D27/><U76/><E76/><V131/><F131/><W81/><G95/><T93/><D93/><U20/><E33/><V66/><F66/><W60/><G60/><T72/><D72/><U98/><E86/><V123/><F123/><W80/><G80/><T11/><D11/><U126/><E126/><V135/><F135/><W13/><G81/><T54/><D59/><N who="1" m="35327" /><E2/><V15/><F50/><AGARI ba="0,0" hai="6,10,13,37,38,39,43,44,50,100,101" m="47327" machi="50" ten="30,1000,0" yaku="25,1" doraHai="129" who="3" fromWho="2" sc="174,0,277,0,254,-10,295,10" owari="174,-32.6,277,7.7,244,-15.6,305,40.5" /></mjloggm>