<mjloggm ver="2.3"><GO type="225" lobby="0"/><UN n0="%E3%81%BF%E3%81%BF%E3%81%9A" n1="%E3%81%BE%E3%81%A8%E3%81%9F" n2="%77%72%77%72%77%72%77%72" n3="%6D%75%75%73%61%6E%6D%75" dan="17,16,17,16" rate="2272.18,2163.90,2179.18,2097.15" sx="M,M,M,F"/><TAIKYOKU oya="0"/><INIT seed="0,0,0,0,2,116" ten="250,250,250,250" oya="0" hai0="54,19,5,86,49,26,63,40,57,61,60,78,29" hai1="87,94,27,83,28,52,103,62,22,113,76,132,85" hai2="104,13,73,45,33,11,69,119,127,4,48,23,77" hai3="36,93,18,10,46,68,134,35,82,55,105,59,31"/><T106/><D106/><U114/><E132/><V24/><F119/><W79/><G105/><T80/><D5/><U84/><E103/><V115/><F115/><W99/><G68/><T17/><REACH who="0" step="1"/><D40/><REACH who="0" ten="240,250,250,250" step="2"/><U130/><E130/><V124/><F104/><W16/><G134/><T44/><D44/><U111/><E111/><V121/><F45/><W56/><G46/><T120/><D120/><U71/><E113/><V75/><F121/><W126/><G36/><T133/><D133/><U8/><E114/><V42/><F42/><W20/><G126/><T92/><D92/><U50/><E94/><V88/><F127/><W65/><G93/><T21/><AGARI ba="0,1" hai="17,19,21,26,29,49,54,57,60,61,63,78,80,86" machi="21" ten="30,6000,0" yaku="1,1,0,1,8,1,53,0" doraHai="116" doraHaiUra="41" who="0" fromWho="0" sc="240,70,250,-20,250,-20,250,-20" /><INIT seed="0,1,0,2,5,93" ten="310,230,230,230" oya="0" hai0="76,5,10,4,85,54,107,105,122,87,108,133,75" hai1="30,18,118,26,79,115,80,16,3,131,82,39,74" hai2="99,126,98,112,36,28,14,123,94,84,71,25,58" hai3="132,8,78,56,31,77,43,95,69,81,64,116,91"/><T124/><D122/><U111/><E118/><V66/><F112/><W7/><G116/><T109/><D75/><U24/><E115/><V83/><F123/><W51/><G132/><T117/><D117/><U48/><E39/><V119/><F71/><W114/><G114/><T9/><D54/><U88/><E111/><N who="0" m="42569" /><D76/><U120/><E3/><V29/><F36/><W102/><G31/><N who="2" m="11849" /><F126/><W60/><G102/><T121/><D121/><U52/><E120/><V23/><F14/><W50/><G43/><T19/><D19/><U2/><E2/><V17/><F94/><W49/><G69/><T125/><D133/><U33/><E26/><V70/><F70/><W135/><G135/><T38/><D38/><U6/><E6/><N who="0" m="2665" /><D85/><U35/><E35/><V128/><F119/><W20/><G20/><T65/><D87/><U97/><E131/><V104/><F104/><N who="0" m="40010" /><D65/><U45/><REACH who="1" step="1"/><E82/><REACH who="1" ten="310,220,230,230" step="2"/><V103/><F128/><W41/><G81/><T0/><D0/><U134/><E134/><V96/><F83/><W44/><G41/><T27/><D27/><U68/><E68/><V63/><F84/><N who="3" m="52711" /><G44/><T62/><D62/><U32/><E32/><V15/><F25/><W47/><G47/><T89/><D125/><U100/><E100/><V86/><F86/><W40/><G40/><T22/><D124/><U101/><E101/><V106/><F106/><W37/><G37/><T59/><D89/><U130/><E130/><V92/><AGARI ba="1,1" hai="15,17,23,58,63,66,92,96,98,99,103" m="11849" machi="92" ten="30,7900,0" yaku="8,1,52,3" doraHai="93" who="2" fromWho="2" sc="310,-40,220,-21,230,92,230,-21" /><INIT seed="1,0,0,2,1,130" ten="270,199,322,209" oya="1" hai0="87,99,46,49,127,55,133,22,48,102,19,66,60" hai1="52,36,110,12,91,106,68,78,33,82,124,54,72" hai2="11,38,10,71,119,14,89,94,16,97,61,111,30" hai3="112,27,2,84,47,65,20,69,4,96,90,62,76"/><U83/><E106/><V56/><F119/><W123/><G123/><T63/><D127/><U74/><E33/><V26/><F111/><W6/><G112/><T3/><D3/><U103/><E110/><V121/><F38/><W5/><G47/><T85/><D133/><U109/><E109/><V92/><F71/><W53/><G53/><T17/><D49/><U29/><E68/><V18/><F121/><W41/><G41/><T125/><D125/><U70/><E70/><V31/><F92/><W115/><G115/><T88/><D87/><U98/><E36/><V1/><F1/><W8/><G96/><T134/><D134/><U34/><E12/><N who="2" m="7191" /><F26/><W67/><G76/><T131/><D131/><U81/><E124/><V13/><F13/><W101/><G101/><T113/><D113/><U28/><E83/><V25/><F25/><W122/><G65/><AGARI ba="0,0" hai="11,14,18,30,31,56,61,65,89,94,97" m="7191" machi="65" ten="30,2000,0" yaku="8,1,54,1" doraHai="130" who="2" fromWho="3" sc="270,0,199,0,322,20,209,-20" /><INIT seed="2,0,0,3,1,130" ten="270,199,342,189" oya="2" hai0="115,91,48,110,55,62,126,47,82,92,10,12,34" hai1="51,73,75,89,121,39,134,88,99,135,116,84,53" hai2="119,26,78,98,40,111,112,94,103,68,77,45,100" hai3="118,105,9,27,108,7,133,11,93,129,8,65,76"/><V54/><F112/><W21/><G105/><T56/><D115/><U70/><E39/><V16/><F119/><W29/><G118/><T28/><D110/><U102/><E70/><V117/><F117/><W38/><G108/><T66/><D126/><U120/><E116/><V106/><F68/><W36/><G129/><T86/><D34/><U80/><E89/><V43/><F111/><W107/><G107/><T79/><D28/><U37/><E37/><V122/><F122/><N who="1" m="47209" /><E51/><N who="2" m="29039" /><F103/><W17/><G76/><N who="2" m="29289" /><F106/><W41/><G65/><T95/><REACH who="0" step="1"/><D79/><REACH who="0" ten="260,199,342,189" step="2"/><U69/><E69/><V61/><F61/><W4/><G29/><T113/><D113/><U50/><E73/><V2/><F2/><W6/><G6/><AGARI ba="0,1" hai="6,10,12,47,48,55,56,62,66,82,86,91,92,95" machi="6" ten="30,3900,0" yaku="1,1,7,1,8,1,53,0" doraHai="130" doraHaiUra="23" who="0" fromWho="3" sc="260,49,199,0,342,0,189,-39" /><INIT seed="3,0,0,2,3,19" ten="309,199,342,150" oya="3" hai0="38,57,113,47,129,81,27,96,100,108,31,78,94" hai1="0,16,101,11,28,103,14,59,121,4,83,37,67" hai2="126,74,119,84,102,23,128,105,17,88,135,25,97" hai3="133,87,15,9,86,95,62,65,77,70,72,30,26"/><W61/><G133/><T54/><D108/><U76/><E37/><V132/><F119/><W40/><G95/><T107/><D129/><U110/><E121/><V50/><F128/><W118/><G118/><T21/><D113/><U98/><E28/><V42/><F74/><W3/><G3/><T112/><D112/><U123/><E123/><V93/><F126/><W109/><G109/><T41/><D107/><U134/><E134/><N who="2" m="51243" /><F50/><W32/><G40/><AGARI ba="0,0" hai="17,23,25,40,42,84,88,93,97,102,105" m="51243" machi="40" ten="30,3900,0" yaku="20,1,52,1,54,1" doraHai="19" who="2" fromWho="3" sc="309,0,199,0,342,39,150,-39" owari="309,10.9,199,-20.1,381,48.1,111,-38.9" /></mjloggm>