<mjloggm ver="2.3"><GO type="225" lobby="0"/><UN n0="%4E%6F%2E%30%30%30%31" n1="%E9%80%9F%E6%B0%B4%E5%87%9B%E9%A6%99" n2="%41%54%53%4D" n3="%E5%B8%86%E7%AB%8B%E5%A4%8F%E8%A1%A3" dan="18,16,16,17" rate="2221.72,2158.57,2085.26,2141.26" sx="M,F,M,M"/><TAIKYOKU oya="0"/><INIT seed="0,0,0,3,3,60" ten="250,250,250,250" oya="0" hai0="16,53,11,58,108,76,80,50,39,121,116,32,119" hai1="72,86,20,38,105,104,124,94,55,79,109,17,5" hai2="2,54,44,69,57,87,42,88,85,65,77,118,96" hai3="71,24,122,33,93,61,102,99,22,40,31,95,47"/><T101/><D121/><U6/><E38/><N who="2" m="21591" /><F2/><W133/><G133/><T18/><D39/><U0/><E72/><V110/><F77/><W13/><G122/><T35/><D101/><U67/><E109/><V8/><F8/><W120/><G120/><T43/><D43/><U52/><E124/><V12/><F12/><W127/><G127/><T21/><D108/><U130/><E130/><V25/><F25/><W73/><G73/><T9/><D18/><U37/><E37/><V125/><F118/><W51/><G13/><T115/><D115/><U34/><E34/><V78/><F78/><W64/><REACH who="3" step="1"/><G22/><REACH who="3" ten="250,250,250,240" step="2"/><T100/><D116/><U82/><E0/><V30/><F125/><W41/><G41/><T7/><D119/><U68/><E5/><V98/><F110/><W114/><G114/><T84/><D7/><U123/><E6/><V129/><F129/><W48/><G48/><T107/><D32/><U111/><E123/><V135/><F135/><W45/><G45/><T19/><D35/><U15/><E111/><V113/><F113/><W46/><G46/><T83/><D21/><U59/><E105/><AGARI ba="0,1" hai="24,31,33,40,47,51,61,64,71,93,95,99,102,105" machi="105" ten="30,8000,1" yaku="1,1,7,1,25,2,52,1,53,0" doraHai="60" doraHaiUra="3" who="3" fromWho="1" sc="250,0,250,-80,250,0,240,90" /><INIT seed="1,0,0,3,0,23" ten="250,170,250,330" oya="1" hai0="38,124,121,37,102,103,65,118,60,50,27,78,22" hai1="101,33,35,130,76,111,19,72,81,132,32,61,91" hai2="18,15,84,122,64,59,126,127,0,73,70,86,36" hai3="114,6,10,62,75,135,82,14,93,69,120,94,80"/><U57/><E132/><V128/><F73/><W83/><G135/><T58/><D118/><U21/><E130/><V54/><F0/><W116/><G120/><T87/><D124/><N who="2" m="47658" /><F36/><W41/><G114/><T105/><D121/><U134/><E134/><V45/><F45/><W24/><G116/><T125/><D125/><U28/><E111/><V100/><F100/><W106/><G106/><T1/><D1/><U51/><E101/><V29/><F29/><W79/><G41/><T31/><D103/><U131/><E131/><V13/><F13/><W95/><G24/><T113/><D113/><U108/><E108/><V25/><F128/><W99/><G99/><T44/><D102/><U5/><E5/><V53/><F70/><W46/><G46/><T43/><REACH who="0" step="1"/><D105/><REACH who="0" ten="240,170,250,330" step="2"/><U8/><E91/><V96/><F122/><W56/><REACH who="3" step="1"/><G69/><REACH who="3" ten="240,170,250,320" step="2"/><T123/><D123/><U133/><E133/><V11/><F96/><W4/><G4/><T20/><D20/><U52/><E8/><V66/><F11/><W85/><G85/><T34/><D34/><U9/><E9/><V30/><F86/><W98/><G98/><T89/><D89/><U90/><E90/><V119/><F84/><W40/><G40/><T112/><D112/><U92/><E92/><V77/><F119/><W7/><G7/><T17/><D17/><U67/><E28/><V129/><F30/><W49/><G49/><T3/><D3/><U12/><REACH who="1" step="1"/><E35/><REACH who="1" ten="240,160,250,320" step="2"/><V42/><F129/><W104/><G104/><T26/><D26/><U48/><E48/><V2/><F25/><W16/><G16/><T68/><D68/><AGARI ba="0,3" hai="12,19,21,32,33,51,52,57,61,67,68,72,76,81" machi="68" ten="30,11600,0" yaku="1,1,6,1,7,1,54,1,53,0" doraHai="23" doraHaiUra="97" who="1" fromWho="0" sc="240,-116,160,146,250,0,320,0" /><INIT seed="1,1,0,4,4,69" ten="124,306,250,320" oya="1" hai0="131,36,123,44,96,30,57,20,22,31,9,104,70" hai1="88,95,27,43,94,72,119,52,41,37,29,110,49" hai2="113,24,135,75,47,79,107,53,122,103,11,80,3" hai3="60,74,93,19,16,77,78,42,109,105,34,25,130"/><U17/><E119/><V106/><F122/><W117/><G105/><T65/><D131/><U87/><E72/><V128/><F128/><W99/><G117/><T92/><D104/><U8/><E110/><V33/><F53/><W26/><G130/><T85/><D70/><U129/><E129/><V4/><F135/><W127/><G109/><T2/><D85/><U71/><E71/><V45/><F113/><W91/><G127/><T90/><D123/><U7/><E37/><V0/><F0/><W28/><G42/><N who="1" m="15882" /><E29/><N who="2" m="19623" /><F47/><W84/><G74/><T67/><D44/><N who="1" m="27687" /><E7/><V116/><F116/><W48/><G60/><T10/><D36/><U108/><E108/><V66/><F45/><W132/><G132/><T89/><D2/><U58/><E58/><V121/><F121/><W14/><G48/><T39/><D57/><U98/><E98/><N who="2" m="61815" /><F66/><W51/><G51/><T21/><D39/><U97/><E97/><V18/><F107/><W32/><G99/><T1/><D1/><U50/><E50/><V126/><F18/><W76/><G19/><T59/><D59/><U35/><E35/><V101/><F101/><W124/><G124/><AGARI ba="1,0" hai="3,4,11,75,79,80,124,126" m="61815,19623" machi="124" ten="30,1000,0" yaku="23,1" doraHai="69" who="2" fromWho="3" sc="124,0,306,0,250,13,320,-13" /><INIT seed="2,0,0,4,4,96" ten="124,306,263,307" oya="2" hai0="54,110,100,11,60,123,131,124,97,40,20,89,5" hai1="52,14,38,23,109,122,86,16,80,91,83,133,93" hai2="82,27,126,36,68,24,127,75,88,103,81,0,98" hai3="69,37,49,125,118,17,104,128,3,42,56,116,112"/><V72/><F36/><W84/><G3/><T77/><D123/><U8/><E38/><V19/><F68/><W48/><G104/><T111/><D131/><U87/><E122/><V1/><F19/><W9/><G112/><T10/><D40/><U74/><E109/><V28/><F28/><W73/><G73/><T4/><D77/><U113/><E133/><V25/><F88/><W34/><G34/><T13/><D89/><U61/><E113/><V50/><F50/><W43/><G69/><T45/><D20/><U64/><E74/><N who="2" m="28203" /><F98/><W114/><G128/><T39/><D124/><N who="2" m="47658" /><F103/><W65/><G125/><T63/><D39/><U79/><E93/><V41/><F41/><W66/><G114/><T132/><D132/><U78/><E91/><V129/><F129/><W15/><G37/><T117/><D110/><U135/><E135/><V18/><F18/><W94/><G43/><T59/><D111/><U31/><E31/><V32/><F32/><W35/><G35/><T70/><D70/><U33/><E33/><V121/><F121/><W95/><G42/><T12/><D45/><U46/><E46/><V30/><F30/><W6/><G17/><T67/><D117/><N who="3" m="45161" /><G49/><T7/><D7/><U115/><E115/><V120/><F120/><W92/><G84/><T55/><REACH who="0" step="1"/><D60/><REACH who="0" ten="114,306,263,307" step="2"/><U119/><E119/><V58/><F58/><W101/><G101/><T105/><AGARI ba="0,1" hai="4,5,10,11,12,13,54,55,59,63,67,97,100,105" machi="105" ten="20,12000,2" yaku="1,1,2,1,0,1,7,1,9,1,52,1,53,1" doraHai="96" doraHaiUra="102" who="0" fromWho="0" sc="114,130,306,-30,263,-60,307,-30" /><INIT seed="3,0,0,0,2,106" ten="244,276,203,277" oya="3" hai0="128,20,4,50,102,108,56,78,58,25,11,79,31" hai1="107,81,40,66,101,52,122,63,88,82,134,2,59" hai2="113,75,135,62,84,87,126,42,23,67,117,127,99" hai3="3,36,96,91,65,7,71,41,90,15,89,26,1"/><W123/><G123/><T73/><D108/><U94/><E2/><V121/><F117/><W24/><G36/><T131/><D102/><U129/><E122/><V55/><F121/><W111/><G71/><T85/><D85/><N who="2" m="32842" /><F113/><W47/><G3/><T13/><D50/><U77/><E134/><V115/><F115/><W76/><G1/><T119/><D119/><U132/><E132/><V6/><F135/><W21/><G111/><T130/><REACH who="0" step="1"/><D79/><REACH who="0" ten="234,276,203,277" step="2"/><U9/><E77/><V98/><F42/><W14/><G76/><T100/><D100/><U27/><E40/><V43/><F43/><W44/><G41/><T80/><AGARI ba="0,1" hai="4,11,13,20,25,31,56,58,73,78,80,128,130,131" machi="80" ten="40,8000,1" yaku="1,1,0,1,19,1,52,1,53,0" doraHai="106" doraHaiUra="39" who="0" fromWho="0" sc="234,90,276,-20,203,-20,277,-40" owari="324,42.4,256,5.6,183,-31.7,237,-16.3" /></mjloggm>