<mjloggm ver="2.3"><GO type="225" lobby="0"/><UN n0="%E6%81%A5%E6%99%92%E3%81%97" n1="%E3%81%8B%E3%82%8F%E3%81%A1%E3%82%83%E3%82%93%35%38" n2="%E5%8D%A0%E3%81%84%E5%B8%AB%E8%A3%8F%E3%81%AA%E3%81%84%E3%81%97" n3="%E3%82%B7%E3%83%B3%E5%A4%AA%E6%9C%97" dan="16,17,17,16" rate="2143.33,2160.81,2160.53,2138.48" sx="M,M,M,M"/><TAIKYOKU oya="0"/><INIT seed="0,0,0,3,5,121" ten="250,250,250,250" oya="0" hai0="56,58,118,81,103,80,42,44,51,43,83,85,117" hai1="9,131,99,114,26,62,13,87,32,109,48,79,50" hai2="55,67,8,119,68,4,125,123,53,111,84,135,40" hai3="36,91,105,128,28,7,127,108,101,10,29,25,46"/><T6/><D103/><U82/><E131/><V17/><F123/><W72/><G128/><T69/><D69/><U129/><E129/><V93/><F125/><W104/><G127/><T20/><D42/><U76/><E114/><V132/><F40/><W115/><G29/><T70/><D70/><U15/><E32/><V63/><F119/><W0/><G115/><T18/><D6/><U39/><E39/><V5/><F17/><W107/><G91/><T41/><D41/><U54/><E26/><V38/><F38/><W64/><G64/><T3/><D3/><U71/><E71/><V95/><F4/><W133/><G133/><N who="2" m="51273" /><F111/><W112/><G112/><T110/><D110/><U11/><E99/><V37/><F37/><W88/><G108/><T77/><D117/><U45/><E62/><V126/><F126/><W35/><G88/><T73/><D118/><U57/><E109/><V120/><F120/><W94/><G94/><N who="2" m="35849" /><F84/><W21/><G101/><T122/><D122/><U14/><REACH who="1" step="1"/><E79/><REACH who="1" ten="250,240,250,250" step="2"/><V33/><F33/><W102/><G36/><T27/><D73/><U1/><E1/><AGARI ba="0,1" hai="1,5,8,53,55,63,67,68" m="35849,51273" machi="1" ten="30,1000,0" yaku="20,1" doraHai="121" who="2" fromWho="1" sc="250,0,240,-10,250,20,250,0" /><INIT seed="1,0,0,3,3,19" ten="250,230,270,250" oya="1" hai0="123,127,36,121,101,132,30,50,100,40,98,118,23" hai1="60,96,35,10,108,44,42,92,89,52,102,128,87" hai2="63,73,59,75,53,94,55,77,18,17,74,103,32" hai3="11,82,70,72,28,135,4,113,131,109,69,122,65"/><U37/><E128/><V67/><F32/><W117/><G28/><T25/><D118/><U8/><E35/><V95/><F77/><W24/><G24/><T7/><D36/><U107/><REACH who="1" step="1"/><E108/><REACH who="1" ten="250,220,270,250" step="2"/><V3/><F74/><W105/><G131/><T1/><D121/><U62/><E62/><V119/><F73/><W22/><G109/><T76/><D123/><U85/><E85/><V39/><F75/><W133/><G122/><T114/><D114/><U43/><E43/><V14/><F63/><W88/><G113/><T129/><D129/><U99/><E99/><V93/><F119/><W57/><G72/><T68/><D98/><U41/><E41/><V13/><F3/><W104/><G117/><T9/><D40/><U116/><E116/><V15/><F39/><W20/><G133/><T115/><D132/><U2/><E2/><V54/><F103/><W134/><G135/><T12/><D100/><U58/><AGARI ba="0,1" hai="8,10,37,42,44,52,58,60,87,89,92,96,102,107" machi="58" ten="30,6000,0" yaku="1,1,0,1,54,1,53,0" doraHai="19" doraHaiUra="111" who="1" fromWho="1" sc="250,-20,220,70,270,-20,250,-20" /><INIT seed="1,1,0,1,3,39" ten="230,290,250,230" oya="1" hai0="86,93,40,19,113,104,16,63,1,25,84,82,31" hai1="38,127,118,59,81,96,2,54,95,55,7,47,88" hai2="14,101,5,134,26,92,35,94,125,111,6,8,57" hai3="126,17,30,99,75,87,130,124,41,128,123,112,29"/><U22/><E118/><V23/><F111/><W89/><G41/><T37/><D113/><U44/><E127/><N who="3" m="48682" /><G112/><T131/><D131/><N who="3" m="50217" /><G75/><T13/><D104/><U45/><E38/><V105/><F35/><W58/><G123/><T72/><D1/><U121/><E121/><V69/><F105/><W46/><G99/><T32/><D63/><U77/><E2/><V107/><F107/><W11/><G58/><T20/><D93/><U65/><E7/><V98/><F92/><N who="3" m="54335" /><G46/><T119/><D119/><U108/><E108/><V133/><F57/><W60/><G60/><T109/><D109/><U79/><E65/><V135/><F125/><W97/><G97/><T117/><D117/><U62/><E55/><V27/><F69/><W18/><G11/><T80/><D72/><U114/><E114/><V116/><F116/><W10/><G10/><T33/><D40/><U12/><E81/><V52/><F52/><W103/><G103/><T115/><D37/><U83/><E83/><V50/><F50/><W71/><G71/><T68/><D68/><U34/><E47/><V122/><F122/><W36/><G36/><T76/><D115/><U53/><E53/><V102/><F102/><W132/><G132/><T90/><REACH who="0" step="1"/><D19/><AGARI ba="1,0" hai="17,18,19,29,30" m="54335,50217,48682" machi="19" ten="30,2000,0" yaku="18,1,19,1" doraHai="39" who="3" fromWho="0" sc="230,-23,290,0,250,0,230,23" /><INIT seed="2,0,0,3,1,128" ten="207,290,250,253" oya="2" hai0="45,72,52,38,127,70,123,74,28,71,91,93,33" hai1="94,98,132,109,62,99,19,118,111,6,97,51,113" hai2="102,3,31,68,30,55,47,106,10,135,79,131,20" hai3="83,1,108,2,88,89,69,27,36,126,110,124,4"/><V63/><F131/><W73/><G69/><T24/><D127/><N who="3" m="48681" /><G36/><T0/><D123/><U82/><E113/><V120/><F120/><W46/><G46/><T61/><D0/><N who="3" m="105" /><G4/><T60/><D38/><U56/><E6/><V92/><F106/><W43/><G43/><T34/><D34/><U130/><E130/><V117/><F117/><W65/><G65/><T80/><D80/><U96/><E118/><V29/><F79/><N who="3" m="44527" /><G27/><T9/><D9/><U32/><E56/><V101/><F10/><W84/><G84/><T7/><D7/><U75/><E75/><V95/><F3/><W100/><G100/><T121/><D121/><U40/><E40/><V8/><F8/><W11/><G11/><T64/><D71/><U15/><E98/><V67/><F20/><W105/><G105/><T25/><D24/><U134/><E32/><V87/><F87/><W59/><G59/><T49/><REACH who="0" step="1"/><D61/><REACH who="0" ten="197,290,250,253" step="2"/><U103/><E62/><V14/><F63/><W77/><G77/><T22/><D22/><N who="1" m="11647" /><E82/><V48/><F68/><W54/><G54/><T90/><D90/><AGARI ba="0,1" hai="88,89,90,108,110" m="44527,105,48681" machi="90" ten="40,2600,0" yaku="18,1,54,1" doraHai="128" who="3" fromWho="0" sc="197,-26,290,0,250,0,253,36" /><INIT seed="3,0,0,0,3,11" ten="171,290,250,289" oya="3" hai0="116,80,48,64,1,112,32,68,24,107,15,65,71" hai1="82,40,94,59,87,49,81,83,120,74,62,88,52" hai2="100,63,29,129,50,46,5,67,98,7,92,70,91" hai3="18,90,117,55,26,39,73,101,134,108,119,47,58"/><W122/><G122/><T14/><D116/><U54/><E120/><V20/><F129/><W35/><G73/><T0/><D107/><U36/><E36/><V69/><F69/><N who="0" m="26698" /><D80/><U16/><E74/><V103/><F103/><W6/><G101/><T2/><D24/><U86/><E40/><V118/><F118/><W123/><G123/><T79/><D48/><U111/><E111/><V56/><F70/><W43/><G108/><T115/><D79/><N who="1" m="46399" /><E16/><V27/><F91/><W31/><G134/><T22/><D22/><U44/><AGARI ba="0,0" hai="44,49,52,54,59,62,82,83,87,88,94" m="46399" machi="44" ten="30,4000,0" yaku="8,1,54,2" doraHai="11" who="1" fromWho="1" sc="171,-10,290,40,250,-10,289,-20" owari="161,-33.9,330,43.0,240,-16.0,269,6.9" /></mjloggm>