<mjloggm ver="2.3"><GO type="225" lobby="0"/><UN n0="%E3%81%95%E3%81%8D%E3%81%9F%E3%81%BE%E6%9E%97%E6%AA%8E" n1="%E3%81%9F%E3%81%93%E2%98%86%E7%84%BC%E3%81%8D" n2="%E6%9C%AA%E6%9D%A5%E5%B0%91%E5%B9%B4" n3="%E3%81%9F%E3%81%A3%E3%81%A1%E3%82%87" dan="16,16,16,16" rate="2093.78,2085.59,2157.09,2063.70" sx="M,M,M,M"/><TAIKYOKU oya="0"/><INIT seed="0,0,0,4,4,61" ten="250,250,250,250" oya="0" hai0="12,120,81,113,96,35,135,71,116,26,27,86,97" hai1="58,108,114,83,84,98,19,2,105,38,18,112,123" hai2="51,134,102,11,29,100,62,48,39,32,40,88,52" hai3="50,101,5,16,64,82,90,132,24,28,107,66,119"/><T8/><D113/><N who="1" m="43627" /><E38/><V87/><F134/><W72/><G119/><T63/><D116/><U89/><E2/><V31/><F39/><W56/><G132/><T60/><D135/><U34/><E34/><V122/><F122/><W70/><G70/><T117/><D117/><U33/><E33/><V10/><F62/><N who="0" m="23594" /><D120/><U126/><E58/><N who="2" m="33055" /><F32/><W125/><G125/><T130/><D130/><U99/><E126/><V54/><F40/><W21/><G5/><N who="0" m="3087" /><D35/><U53/><E53/><V25/><F11/><W93/><G107/><T59/><D59/><U42/><E42/><V124/><F10/><W110/><G101/><N who="2" m="39017" /><F25/><N who="0" m="9226" /><D71/><U92/><E105/><V111/><F124/><W95/><G72/><T109/><D109/><U103/><E108/><V127/><F111/><W74/><G110/><T91/><AGARI ba="0,0" hai="81,86,91,96,97" m="9226,3087,23594" machi="91" ten="30,1500,0" yaku="8,1" doraHai="61" who="0" fromWho="0" sc="250,15,250,-5,250,-5,250,-5" /><INIT seed="0,1,0,1,1,63" ten="265,245,245,245" oya="0" hai0="61,67,118,56,41,6,35,88,77,58,74,90,66" hai1="82,44,129,78,11,85,97,105,22,45,92,117,57" hai2="83,109,133,87,96,46,72,21,108,52,81,100,17" hai3="2,20,114,132,126,9,86,125,48,101,128,121,131"/><T7/><D118/><U98/><E117/><V38/><F133/><W24/><G101/><T1/><D1/><U13/><E105/><V65/><F72/><W23/><G86/><T27/><D35/><U95/><E22/><V130/><F130/><N who="3" m="49707" /><G114/><T120/><D120/><U47/><E57/><V55/><F65/><W59/><G59/><T79/><D74/><U71/><E71/><V102/><F102/><W68/><G48/><T0/><D0/><U40/><E40/><V124/><F124/><N who="3" m="47723" /><G68/><T3/><D3/><U28/><E28/><V64/><F64/><N who="0" m="24618" /><D41/><U76/><E76/><N who="0" m="29257" /><D27/><U123/><E123/><V18/><F38/><W8/><G121/><T14/><D14/><U107/><E107/><V33/><F33/><W69/><G69/><T31/><D31/><U32/><E32/><V51/><F55/><W75/><G75/><T115/><D115/><U119/><E119/><V134/><F18/><N who="3" m="12311" /><G2/><T39/><D39/><U50/><E129/><V62/><F62/><W60/><G60/><T16/><D16/><N who="1" m="8255" /><E50/><V113/><F51/><W49/><G49/><T80/><D58/><U93/><AGARI ba="1,0" hai="44,45,47,78,82,85,92,93,95,97,98" m="8255" machi="93" ten="30,2000,0" yaku="8,1,54,1" doraHai="63" who="1" fromWho="1" sc="265,-11,245,23,245,-6,245,-6" /><INIT seed="1,0,0,0,4,84" ten="254,268,239,239" oya="1" hai0="77,104,45,3,81,133,25,99,71,66,89,61,67" hai1="55,97,39,44,80,52,113,91,112,115,22,32,93" hai2="76,31,57,114,100,101,94,23,87,68,54,62,75" hai3="12,11,59,56,41,2,90,9,51,82,30,48,47"/><U49/><E32/><V26/><F75/><W109/><G109/><T86/><D133/><U6/><E39/><V122/><F122/><W58/><G2/><T21/><D3/><U121/><E121/><V24/><F114/><W29/><G48/><T46/><D67/><U110/><E6/><V126/><F126/><W78/><G9/><T20/><D20/><U127/><E127/><V88/><F68/><W18/><REACH who="3" step="1"/><G90/><REACH who="3" ten="254,268,239,229" step="2"/><T73/><D73/><AGARI ba="0,1" hai="11,12,18,29,30,41,47,51,56,58,59,73,78,82" machi="73" ten="40,5200,0" yaku="1,1,2,1,53,1" doraHai="84" doraHaiUra="5" who="3" fromWho="0" sc="254,-52,268,0,239,0,229,62" /><INIT seed="2,0,0,1,0,91" ten="202,268,239,291" oya="2" hai0="60,64,58,133,23,35,109,12,9,48,87,4,76" hai1="102,37,13,65,21,126,3,19,26,89,62,50,28" hai2="92,124,41,20,18,74,111,27,80,128,93,42,90" hai3="7,78,22,56,127,59,44,119,67,45,129,0,115"/><V24/><F124/><W61/><G127/><T25/><D133/><U10/><E37/><V104/><F104/><W105/><G119/><T107/><D109/><U114/><E126/><V94/><F128/><W77/><G105/><T116/><D107/><U57/><E102/><V108/><F27/><W73/><G115/><T100/><D116/><U54/><E114/><V125/><F125/><W11/><G129/><T97/><D35/><U85/><E3/><V121/><F121/><W36/><G73/><T110/><D110/><N who="2" m="42026" /><F90/><W113/><G113/><T31/><D48/><U106/><E106/><V130/><F130/><W95/><G22/><T101/><REACH who="0" step="1"/><D97/><REACH who="0" ten="192,268,239,291" step="2"/><U66/><E50/><V84/><F84/><W32/><G32/><T132/><D132/><U72/><E72/><V15/><F24/><W71/><G36/><T6/><D6/><U46/><E46/><V33/><F33/><W47/><G44/><T51/><D51/><U63/><E62/><V135/><F135/><W38/><G45/><T112/><D112/><U120/><E120/><V131/><F131/><W39/><G47/><T81/><AGARI ba="0,1" hai="4,9,12,23,25,31,58,60,64,76,81,87,100,101" machi="81" ten="30,7900,0" yaku="1,1,0,1,8,1,53,1" doraHai="91" doraHaiUra="79" who="0" fromWho="0" sc="192,89,268,-20,239,-39,291,-20" /><INIT seed="3,0,0,5,0,91" ten="281,248,200,271" oya="3" hai0="8,105,75,89,124,135,86,32,97,4,13,52,74" hai1="69,60,21,55,114,77,41,14,53,120,65,103,93" hai2="127,128,37,84,31,111,6,16,99,107,46,34,101" hai3="108,129,20,113,109,39,72,82,36,73,29,100,131"/><W33/><G113/><T102/><D32/><U92/><E120/><V64/><F111/><N who="3" m="42571" /><G100/><T9/><D135/><U0/><E0/><V3/><F127/><W1/><G1/><T67/><D67/><U80/><E41/><V121/><F128/><N who="3" m="49227" /><G33/><T66/><D124/><U123/><E123/><V119/><F119/><W110/><N who="3" m="42579" /><W68/><DORA hai="17" /><G68/><T12/><D66/><U98/><E114/><V63/><F121/><W85/><G20/><T47/><D47/><U57/><E21/><V95/><F3/><W90/><G29/><T24/><D24/><U51/><E14/><V11/><F34/><W133/><G133/><T5/><D52/><U87/><E53/><V78/><F31/><W61/><G61/><T115/><D115/><U49/><E49/><V116/><F116/><W132/><G132/><T30/><D30/><U18/><E18/><V76/><F16/><W118/><G118/><T10/><D10/><U25/><E25/><V130/><F130/><W42/><G42/><T62/><D105/><AGARI ba="0,0" hai="51,55,57,60,65,69,77,80,87,92,93,98,103,105" machi="105" ten="30,3900,0" yaku="7,1,52,2" doraHai="91,17" who="1" fromWho="0" sc="281,-39,248,39,200,0,271,0" /><INIT seed="4,0,0,1,4,60" ten="242,287,200,271" oya="0" hai0="103,38,17,134,82,101,97,120,6,116,135,8,79" hai1="52,13,92,77,12,35,93,36,33,133,0,2,114" hai2="117,132,11,131,62,49,59,110,57,1,15,85,9" hai3="64,21,127,70,67,83,71,47,19,106,54,73,10"/><T63/><D120/><U44/><E77/><V86/><F110/><W95/><G106/><T26/><D116/><U108/><E108/><V107/><F107/><W112/><G112/><T31/><D38/><U53/><E44/><V32/><F32/><W118/><G118/><T37/><D37/><U16/><E36/><V29/><F29/><W129/><G129/><T28/><D17/><U81/><E81/><V45/><F131/><W115/><G115/><T100/><D97/><U119/><E114/><V87/><F132/><N who="0" m="50730" /><D26/><U69/><E133/><V80/><F117/><W23/><G127/><T90/><D90/><U84/><E84/><V128/><F128/><W14/><G70/><T91/><D91/><U123/><E69/><V30/><F30/><W27/><G71/><T78/><D63/><U74/><E119/><V72/><F1/><W66/><G95/><T48/><D48/><U34/><E34/><V22/><F72/><W56/><G27/><T46/><D46/><U43/><E74/><V61/><F80/><W126/><G47/><T76/><D82/><U24/><E24/><V109/><F109/><W3/><G126/><T65/><D65/><N who="3" m="16641" /><W68/><DORA hai="124" /><G68/><T20/><D20/><N who="3" m="7753" /><G73/><T41/><D41/><U96/><E43/><N who="2" m="24767" /><F62/><N who="3" m="36119" /><G83/><T121/><D121/><U5/><E123/><V7/><F61/><W25/><G25/><T18/><D18/><U94/><E16/><N who="2" m="10527" /><F7/><W51/><G51/><T75/><D75/><U40/><E5/><V39/><F39/><W55/><G55/><T130/><D130/><U125/><E53/><V104/><F104/><W89/><G89/><RYUUKYOKU ba="0,0" sc="242,10,287,-30,200,10,271,10" hai0="6,8,28,31,76,78,79,100,101,103" hai2="9,11,57,59,85,86,87" hai3="3,10,14,19" /><INIT seed="4,1,0,0,0,106" ten="252,257,210,281" oya="0" hai0="113,90,40,53,77,24,13,108,111,85,34,76,60" hai1="12,133,6,94,30,78,84,130,88,62,129,55,31" hai2="35,67,46,28,5,10,58,49,25,47,134,114,54" hai3="81,73,38,70,61,91,57,101,8,120,71,48,37"/><T26/><D113/><U125/><E78/><N who="0" m="30313" /><D40/><U50/><E62/><V95/><F114/><W92/><G73/><T110/><D34/><U93/><E133/><V116/><F134/><W14/><G81/><N who="0" m="49455" /><D13/><U11/><E125/><V32/><F116/><W100/><G70/><T103/><D103/><N who="3" m="39497" /><G71/><T2/><D2/><U75/><E75/><V65/><F32/><W118/><G37/><T66/><D53/><U89/><E130/><V36/><F95/><W83/><G38/><T124/><D124/><U87/><E129/><V121/><F121/><W42/><G120/><T23/><D23/><U104/><E104/><V27/><F27/><W33/><G33/><T44/><D44/><AGARI ba="1,0" hai="6,11,12,30,31,44,50,55,84,87,88,89,93,94" machi="44" ten="30,7700,0" yaku="7,1,9,1,8,1,54,1" doraHai="106" who="1" fromWho="0" sc="252,-80,257,80,210,0,281,0" owari="172,-32.8,337,43.7,210,-19.0,281,8.1" /></mjloggm>