<mjloggm ver="2.3"><GO type="225" lobby="0"/><UN n0="%4C%4F%4C%49%54%41" n1="%E9%A2%A8%E3%81%A7%E9%B3%B4%E3%81%8F" n2="%61%69%73%79%6F" n3="%E6%97%A5%E6%9B%9C%E6%97%A5%E3%82%88%E3%82%8A%E3%81%AE%E4%BD%BF%E8%80%85" dan="16,16,17,18" rate="2191.57,2157.12,2191.84,2159.80" sx="F,M,M,M"/><TAIKYOKU oya="0"/><INIT seed="0,0,0,3,5,0" ten="250,250,250,250" oya="0" hai0="74,25,112,30,7,24,73,96,29,101,41,32,122" hai1="61,60,37,14,78,35,13,46,58,75,22,15,132" hai2="16,56,134,130,121,131,129,2,120,114,39,34,107" hai3="42,48,31,66,76,68,5,1,45,82,64,115,17"/><T72/><D112/><U65/><E35/><V81/><F114/><W18/><G31/><T28/><D122/><U26/><E132/><V116/><F107/><W111/><G115/><T117/><D117/><U128/><E128/><V118/><F39/><W105/><G105/><T36/><D7/><U133/><E133/><V119/><F134/><W21/><G111/><T67/><D67/><U93/><E75/><V84/><F34/><W125/><G125/><T47/><REACH who="0" step="1"/><D32/><REACH who="0" ten="240,250,250,250" step="2"/><U71/><E65/><V110/><F110/><W52/><G66/><T20/><D20/><U79/><E22/><V49/><F121/><W99/><G21/><T63/><D63/><U38/><E61/><V83/><F120/><W89/><G64/><T92/><AGARI ba="0,1" hai="24,25,28,29,30,36,41,47,72,73,74,92,96,101" machi="92" ten="40,3900,0" yaku="1,1,0,1,53,0" doraHai="0" doraHaiUra="87" who="0" fromWho="0" sc="240,49,250,-13,250,-13,250,-13" /><INIT seed="0,1,0,1,2,93" ten="289,237,237,237" oya="0" hai0="123,85,62,90,2,18,117,82,83,17,16,15,26" hai1="70,4,104,58,57,60,47,31,48,9,68,55,30" hai2="102,41,74,97,121,19,105,12,108,13,56,111,14" hai3="100,80,86,81,10,42,129,124,53,28,46,43,25"/><T24/><D2/><U40/><E104/><V101/><F121/><W126/><G100/><T133/><D123/><U127/><E127/><N who="3" m="48682" /><G10/><T115/><D115/><U34/><E34/><V11/><F74/><W54/><G129/><T76/><D117/><U6/><E6/><V91/><F41/><N who="3" m="15371" /><G46/><T66/><D15/><U71/><REACH who="1" step="1"/><E58/><REACH who="1" ten="289,227,237,237" step="2"/><V5/><F56/><W77/><G81/><T69/><REACH who="0" step="1"/><D133/><REACH who="0" ten="279,227,237,237" step="2"/><U32/><E32/><AGARI ba="1,2" hai="25,28,32,53,54,77,80,86" m="15371,48682" machi="32" ten="30,1000,0" yaku="18,1" doraHai="93" who="3" fromWho="1" sc="279,0,227,-13,237,0,237,33" /><INIT seed="1,0,0,3,5,35" ten="279,214,237,270" oya="1" hai0="131,124,1,34,83,133,52,43,62,38,114,130,65" hai1="100,22,86,123,110,109,50,116,37,106,26,120,107" hai2="93,87,75,40,103,102,121,113,94,98,122,3,118" hai3="5,0,27,117,89,90,132,97,57,78,11,119,111"/><U63/><E37/><V8/><F40/><W29/><G111/><N who="1" m="42506" /><E116/><N who="3" m="44618" /><G132/><T115/><D34/><U77/><E50/><V18/><F87/><W127/><G127/><T134/><D1/><U74/><E74/><V91/><F93/><W48/><G78/><T7/><D7/><U47/><E47/><V68/><F8/><W88/><G97/><T46/><D83/><N who="1" m="47471" /><E63/><V55/><F75/><W84/><G57/><N who="0" m="35111" /><D65/><U125/><E125/><V15/><F118/><W80/><G48/><T99/><D99/><N who="1" m="61727" /><E107/><V72/><F72/><W54/><G54/><T96/><D124/><U70/><E70/><V41/><F55/><W76/><G76/><T104/><D133/><U17/><AGARI ba="0,0" hai="17,22,26,120,123" m="61727,47471,42506" machi="17" ten="30,3000,0" yaku="14,1,10,1" doraHai="35" who="1" fromWho="1" sc="279,-10,214,30,237,-10,270,-10" /><INIT seed="1,1,0,0,5,99" ten="269,244,227,260" oya="1" hai0="109,97,72,46,7,135,33,21,96,126,83,40,47" hai1="58,30,20,113,92,133,91,50,73,89,94,117,32" hai2="65,85,69,105,31,1,44,43,37,119,3,68,2" hai3="6,36,12,22,81,11,87,52,23,75,131,120,128"/><U61/><E73/><V121/><F119/><W100/><G120/><T41/><D33/><U129/><E117/><V112/><F121/><W78/><G36/><T93/><D109/><U84/><E32/><V67/><F112/><W26/><G100/><T102/><D135/><U48/><E113/><V53/><F31/><W56/><G75/><T95/><D126/><U107/><E107/><V62/><F85/><W118/><G118/><T15/><D83/><U116/><E129/><N who="3" m="49738" /><G26/><T111/><D111/><U132/><E116/><V63/><F53/><W16/><G6/><T45/><D72/><U77/><E77/><V103/><F103/><W108/><G108/><T38/><D38/><U5/><E5/><V90/><F90/><W28/><G28/><T74/><D74/><U49/><E20/><V57/><F57/><W34/><G34/><T66/><D66/><U60/><E30/><V59/><F59/><W54/><G54/><T79/><D79/><U0/><E0/><V82/><F82/><W71/><G71/><T123/><D123/><U10/><E10/><V51/><F51/><AGARI ba="1,0" hai="11,12,16,22,23,51,52,56,78,81,87" m="49738" machi="51" ten="30,3900,0" yaku="19,1,54,2" doraHai="99" who="3" fromWho="2" sc="269,0,244,0,227,-42,260,42" /><INIT seed="2,0,0,5,2,25" ten="269,244,185,302" oya="2" hai0="45,55,92,82,91,78,79,30,59,112,130,108,49" hai1="0,131,15,80,43,132,76,88,19,97,4,72,5" hai2="14,40,104,98,42,35,119,26,51,109,62,57,110" hai3="56,13,96,66,111,87,18,124,20,32,102,128,52"/><V39/><F119/><W81/><G111/><N who="2" m="42505" /><F39/><W21/><G32/><T65/><D108/><U34/><E0/><V106/><F14/><W60/><G124/><T46/><D112/><U120/><E120/><V129/><F129/><W28/><G128/><T89/><D130/><U127/><E131/><V36/><F51/><W117/><G117/><T12/><D30/><U94/><E127/><V23/><F35/><W41/><G41/><N who="2" m="15977" /><F98/><W83/><G66/><T38/><D12/><U77/><E34/><V71/><F71/><W3/><G3/><T85/><D38/><U58/><E76/><N who="0" m="29225" /><D65/><U123/><E123/><V63/><F36/><W33/><G33/><T134/><D134/><U121/><E132/><V22/><F22/><W133/><G133/><T114/><D114/><U90/><E121/><V7/><F7/><W69/><G69/><T11/><D11/><U99/><E43/><V105/><F57/><W100/><G96/><AGARI ba="0,0" hai="45,46,49,55,59,82,85,89,91,92,96" m="29225" machi="96" ten="30,1000,0" yaku="8,1" doraHai="25" who="0" fromWho="3" sc="269,10,244,0,185,0,302,-10" /><INIT seed="3,0,0,1,2,59" ten="279,244,185,292" oya="3" hai0="78,134,81,19,96,21,27,41,111,91,36,56,34" hai1="109,2,16,72,65,40,120,14,86,31,12,101,97" hai2="4,7,125,39,84,22,92,93,88,117,119,32,129" hai3="124,52,50,48,104,130,94,47,114,83,5,3,115"/><W53/><G104/><T77/><D34/><U80/><E72/><V28/><F32/><W98/><G124/><T42/><D111/><U29/><E2/><V79/><F39/><W6/><G130/><T0/><D0/><U33/><E120/><V71/><F71/><W131/><G131/><T66/><D36/><U89/><E109/><V13/><F125/><W43/><G3/><T63/><D134/><U55/><E12/><V107/><F107/><W25/><G115/><T54/><D66/><U24/><E40/><N who="0" m="15465" /><D81/><U69/><E55/><V75/><F129/><W10/><G114/><T121/><D121/><U87/><E87/><V122/><F122/><W57/><G83/><T105/><D105/><U113/><E113/><V126/><F126/><W95/><G25/><T62/><D62/><U64/><E69/><V133/><F133/><W20/><G20/><T15/><D15/><U46/><E46/><V51/><F119/><W99/><G43/><T100/><D100/><U49/><E49/><V90/><F117/><W76/><G76/><T44/><D44/><U67/><E24/><N who="2" m="16407" /><F75/><W8/><G47/><T38/><D38/><U26/><E26/><V116/><F116/><W1/><G1/><T82/><D82/><U18/><E33/><V35/><F35/><W85/><G57/><T37/><D37/><U17/><REACH who="1" step="1"/><E14/><REACH who="1" ten="279,234,185,292" step="2"/><V112/><F112/><W74/><G74/><T106/><D27/><U132/><E132/><V123/><F123/><W68/><G68/><T9/><D54/><U60/><E60/><V23/><F51/><W61/><G61/><T73/><D63/><RYUUKYOKU ba="0,1" sc="279,-15,234,15,185,-15,292,15" hai1="16,17,18,29,31,64,65,67,80,86,89,97,101" hai3="5,6,8,10,48,50,52,53,85,94,95,98,99" owari="264,6.4,249,-15.1,170,-33.0,317,41.7" /></mjloggm>