<mjloggm ver="2.3"><GO type="225" lobby="0"/><UN n0="%E3%82%82%E3%81%90%E3%82%89" n1="%E3%83%A2%E3%83%B3%E3%82%AD%E3%83%BC%E3%83%88%E3%83%AA%E3%83%83%E3%82%AF" n2="%6D%75%75%6D%75%72%61" n3="%72%69%6F%75%63%68%61%6E" dan="17,17,16,16" rate="2213.13,2167.16,2140.25,2225.89" sx="M,M,F,M"/><TAIKYOKU oya="0"/><INIT seed="0,0,0,4,0,22" ten="250,250,250,250" oya="0" hai0="39,17,135,13,129,107,66,29,19,23,114,132,35" hai1="117,15,134,45,51,128,18,64,118,16,48,31,54" hai2="50,83,26,3,133,1,33,12,121,95,94,90,61" hai3="8,100,111,67,0,49,40,47,103,58,109,97,28"/><T96/><D39/><U130/><E64/><V30/><F121/><W9/><G28/><T101/><D114/><U87/><E134/><N who="0" m="51241" /><D129/><N who="1" m="49771" /><E51/><V122/><F133/><W7/><G9/><T42/><D42/><U78/><E31/><V77/><F122/><W93/><REACH who="3" step="1"/><G103/><REACH who="3" ten="250,250,250,240" step="2"/><T82/><D29/><U81/><E18/><V14/><F30/><W5/><G5/><T27/><D35/><U88/><E78/><V119/><F33/><W104/><G104/><T56/><D19/><U105/><E105/><V37/><F1/><W20/><G20/><AGARI ba="0,1" hai="15,16,20,45,48,54,81,87,88,117,118" m="49771" machi="20" ten="30,3900,0" yaku="19,1,54,2" doraHai="22" who="1" fromWho="3" sc="250,0,250,49,250,0,240,-39" /><INIT seed="1,0,0,2,2,123" ten="250,299,250,201" oya="1" hai0="42,66,98,11,82,3,40,70,126,109,39,133,88" hai1="86,13,31,77,5,116,100,122,83,117,48,113,47" hai2="46,124,25,90,111,101,19,53,20,104,131,63,74" hai3="8,41,91,120,107,102,44,50,95,9,115,76,36"/><U80/><E122/><V110/><F131/><W99/><G115/><T132/><D126/><U71/><E71/><V96/><F124/><W17/><G120/><T129/><D129/><U12/><E100/><V73/><F90/><W21/><G76/><T10/><D39/><U38/><E38/><V62/><F46/><W64/><G64/><T65/><D3/><U28/><E113/><V34/><F34/><W119/><G119/><T72/><D72/><U23/><E83/><V1/><F1/><W61/><G61/><N who="2" m="23049" /><F53/><W2/><G2/><T49/><D70/><U37/><E37/><V94/><F94/><W118/><G118/><T93/><D66/><U27/><E31/><V134/><F134/><W55/><G21/><T121/><D65/><U0/><E0/><V16/><F19/><W51/><G17/><T68/><D68/><U78/><E78/><V67/><F67/><W79/><G79/><T114/><D121/><U89/><E89/><V45/><F45/><W97/><REACH who="3" step="1"/><G36/><REACH who="3" ten="250,299,250,191" step="2"/><T32/><D114/><U59/><E116/><V108/><AGARI ba="0,1" hai="16,20,25,73,74,96,101,104,108,110,111" m="23049" machi="108" ten="40,8000,1" yaku="14,1,52,3,54,1" doraHai="123" who="2" fromWho="2" sc="250,-20,299,-40,250,90,191,-20" /><INIT seed="2,0,0,4,4,60" ten="230,259,340,171" oya="2" hai0="13,30,70,9,55,16,28,88,97,135,71,101,11" hai1="39,119,49,80,43,61,128,131,132,36,133,40,26" hai2="47,114,99,125,75,77,94,92,112,113,29,121,65" hai3="33,63,69,19,86,115,4,106,120,34,50,84,21"/><V17/><F121/><W98/><G120/><T18/><D55/><U79/><E26/><V130/><F29/><W45/><G115/><T124/><D135/><N who="1" m="51787" /><E80/><V51/><F130/><N who="1" m="49705" /><E79/><V53/><F17/><W68/><G4/><T27/><D124/><U83/><E83/><V41/><F125/><W24/><G68/><T20/><D88/><U109/><E109/><V103/><F77/><W74/><G74/><T3/><D3/><U129/><N who="1" m="49713" /><U48/><DORA hai="38" /><E119/><V89/><F75/><W10/><G10/><T12/><REACH who="0" step="1"/><D30/><REACH who="0" ten="220,259,340,171" step="2"/><U8/><E8/><V52/><F65/><W93/><G106/><AGARI ba="0,1" hai="9,11,12,13,16,18,20,27,28,70,71,97,101,106" machi="106" ten="30,12000,2" yaku="1,1,2,1,7,1,9,1,54,1,53,2" doraHai="60,38" doraHaiUra="1,15" who="0" fromWho="3" sc="220,130,259,0,340,0,171,-120" /><INIT seed="3,0,0,1,0,66" ten="350,259,340,51" oya="3" hai0="75,84,18,65,90,101,58,115,21,122,15,53,39" hai1="49,47,135,79,95,52,6,51,70,10,27,126,69" hai2="9,34,127,42,43,8,119,31,130,134,17,12,35" hai3="77,32,14,54,124,99,114,28,44,46,82,132,111"/><W71/><G114/><T85/><D75/><U40/><E135/><V116/><F43/><W109/><G132/><T106/><D122/><U83/><E27/><N who="2" m="18815" /><F42/><W133/><G133/><T78/><D39/><U63/><E95/><V117/><F134/><W22/><G124/><T55/><D115/><U56/><E63/><V81/><F81/><W93/><G32/><T92/><D106/><U76/><E126/><V59/><F59/><W62/><G14/><T64/><D101/><U100/><E100/><V57/><F57/><W45/><G22/><T25/><D55/><U30/><E30/><V48/><F48/><W50/><G28/><T73/><D73/><U1/><REACH who="1" step="1"/><E76/><REACH who="1" ten="350,249,340,51" step="2"/><V38/><F35/><W97/><G97/><T2/><D25/><U94/><E94/><V121/><F127/><W98/><G98/><T107/><D78/><U96/><E96/><V37/><F121/><W123/><G123/><T131/><D92/><U68/><E68/><V74/><F130/><W91/><G62/><T41/><D131/><U33/><E33/><V19/><F116/><W86/><REACH who="3" step="1"/><G71/><REACH who="3" ten="350,249,340,41" step="2"/><T29/><D29/><U13/><E13/><V24/><F12/><W36/><G36/><T102/><D15/><U4/><E4/><V105/><F38/><W0/><G0/><T3/><D3/><U88/><E88/><V20/><F37/><W125/><G125/><T67/><D90/><U5/><E5/><V110/><F119/><W11/><G11/><T112/><D2/><U87/><AGARI ba="0,2" hai="1,6,10,40,47,49,51,52,56,69,70,79,83,87" machi="87" ten="20,12000,2" yaku="1,1,0,1,7,1,52,2,54,1,53,1" doraHai="66" doraHaiUra="80" who="1" fromWho="1" sc="350,-30,249,140,340,-30,41,-60" owari="320,12.0,389,48.9,310,-9.0,-19,-51.9" /></mjloggm>