<mjloggm ver="2.3"><GO type="225" lobby="0"/><UN n0="%E3%81%8F%E3%81%BE%E3%81%96%E3%82%8F" n1="%E5%B8%86%E7%AB%8B%E5%A4%8F%E8%A1%A3" n2="%6D%75%75%6D%75%72%61" n3="%E3%81%86%E3%81%A9%E3%82%93%E3%81%93" dan="16,17,17,16" rate="2007.98,2148.86,2200.86,2140.93" sx="M,M,F,M"/><TAIKYOKU oya="0"/><INIT seed="0,0,0,1,3,97" ten="250,250,250,250" oya="0" hai0="114,75,60,27,126,127,73,78,76,59,47,129,10" hai1="28,67,104,120,125,79,17,80,112,98,1,68,92" hai2="6,21,101,102,70,15,23,115,18,42,38,50,57" hai3="93,116,9,24,133,118,88,32,71,31,58,90,12"/><T119/><D114/><U111/><E111/><V77/><F70/><W113/><G113/><T44/><D119/><U110/><E110/><V99/><F115/><W51/><G71/><T100/><D10/><U56/><E125/><N who="0" m="47625" /><D27/><U95/><E120/><V4/><F38/><W3/><G3/><T81/><D129/><U91/><E1/><V105/><F77/><N who="0" m="29802" /><D100/><U45/><E112/><V11/><F101/><W29/><G29/><T108/><D108/><U63/><E28/><V72/><F72/><N who="0" m="27722" /><D81/><U2/><E2/><V55/><REACH who="2" step="1"/><F42/><REACH who="2" ten="250,250,240,250" step="2"/><W5/><G118/><T130/><D130/><U41/><E41/><V20/><AGARI ba="0,1" hai="4,6,11,15,18,20,21,23,50,55,57,99,102,105" machi="20" ten="30,8000,1" yaku="1,1,2,1,0,1,52,1,53,1" doraHai="97" doraHaiUra="13" who="2" fromWho="2" sc="250,-40,250,-20,240,90,250,-20" /><INIT seed="1,0,0,1,3,127" ten="210,230,330,230" oya="1" hai0="81,87,72,135,64,76,5,134,38,14,79,123,119" hai1="110,12,16,58,116,1,6,49,108,96,113,20,60" hai2="33,126,105,46,85,91,10,109,70,75,99,67,2" hai3="84,98,101,41,51,95,27,88,28,133,37,30,121"/><U73/><E73/><V103/><F109/><N who="1" m="42089" /><E113/><V42/><F126/><W120/><G133/><N who="0" m="50699" /><D119/><U61/><E116/><V40/><F75/><W19/><G37/><T56/><D38/><U86/><E86/><V117/><F117/><W118/><G118/><T7/><D123/><U77/><E77/><V57/><F57/><W15/><G41/><T59/><D14/><U112/><E112/><V92/><F33/><W53/><G27/><T34/><D34/><U122/><E122/><V132/><F132/><W124/><G124/><T100/><D100/><U21/><E21/><V55/><F55/><W32/><G32/><T24/><D24/><U65/><E96/><V48/><F40/><W104/><G120/><T31/><D31/><U97/><E97/><V130/><F10/><W29/><G121/><T90/><D64/><U25/><E1/><V18/><F2/><W35/><G35/><T26/><D26/><U22/><E6/><N who="0" m="2057" /><D76/><U8/><E25/><V115/><F115/><W39/><G39/><T23/><D23/><N who="1" m="8747" /><E65/><V50/><F67/><W66/><G66/><T111/><D111/><U129/><E129/><V0/><F0/><W106/><G106/><T78/><D78/><U80/><E80/><AGARI ba="0,0" hai="56,59,72,79,80,81,87,90" m="2057,50699" machi="80" ten="30,1000,0" yaku="20,1" doraHai="127" who="0" fromWho="1" sc="210,10,230,-10,330,0,230,0" /><INIT seed="2,0,0,3,0,119" ten="220,220,330,230" oya="2" hai0="68,65,108,17,123,25,44,70,97,87,92,43,135" hai1="40,69,28,11,18,85,20,7,42,14,81,38,62" hai2="0,103,21,126,53,100,8,16,58,23,129,37,61" hai3="9,34,107,78,26,96,74,114,84,64,99,48,63"/><V132/><F126/><W79/><G74/><T22/><D108/><U36/><E28/><V117/><F117/><W59/><G114/><T120/><D135/><U49/><E69/><V101/><F132/><W98/><G107/><T60/><D87/><U30/><E30/><V73/><F129/><W77/><G9/><T45/><D70/><U27/><E62/><V13/><F73/><W86/><G34/><T80/><D80/><U116/><E116/><V15/><F37/><W134/><G134/><T19/><D19/><U104/><E104/><V91/><F0/><W106/><G106/><T94/><D94/><U2/><E2/><V75/><F75/><W83/><G26/><T95/><D95/><U39/><REACH who="1" step="1"/><E49/><REACH who="1" ten="220,210,330,230" step="2"/><V51/><F51/><W105/><G105/><T35/><D35/><U5/><E5/><V76/><F61/><W122/><G122/><T41/><D43/><U82/><E82/><V24/><F16/><W50/><G83/><T31/><D31/><U47/><E47/><V6/><F6/><W113/><G113/><T3/><D3/><U128/><E128/><V118/><F118/><W67/><G67/><T133/><D133/><U102/><E102/><V4/><F103/><W56/><G48/><T90/><D44/><U111/><E111/><V10/><F101/><W121/><G121/><T110/><D110/><U33/><E33/><V54/><F100/><W112/><G112/><T55/><D55/><AGARI ba="0,1" hai="50,55,56,59,63,64,77,78,79,84,86,96,98,99" machi="55" ten="40,1300,0" yaku="8,1" doraHai="119" who="3" fromWho="0" sc="220,-13,210,0,330,0,230,23" /><INIT seed="3,0,0,1,5,85" ten="207,210,330,253" oya="3" hai0="8,131,14,20,79,91,47,122,130,93,44,116,106" hai1="0,86,134,5,84,18,43,77,54,119,12,66,94" hai2="52,9,117,56,104,87,39,125,110,118,129,132,27" hai3="62,109,115,96,120,45,31,123,126,107,89,114,36"/><W60/><G31/><T3/><D116/><U78/><E134/><V48/><F132/><W73/><G126/><T82/><D106/><U32/><E32/><V41/><F125/><W6/><G6/><T128/><D122/><N who="3" m="46633" /><G60/><T22/><D3/><U80/><E119/><V51/><F27/><W72/><G62/><T55/><D22/><U23/><E66/><V99/><F9/><W100/><G45/><N who="0" m="17483" /><D55/><U111/><E111/><V70/><F56/><W68/><G36/><T108/><D20/><U61/><E43/><V42/><F39/><W105/><G68/><T95/><D91/><N who="1" m="53607" /><E0/><V83/><F70/><W121/><G121/><T30/><D30/><U65/><E5/><V53/><F53/><W7/><G7/><N who="0" m="3359" /><D108/><U92/><E65/><V13/><F52/><W127/><G127/><T19/><D19/><U10/><E23/><V50/><F41/><W16/><G16/><T64/><D64/><U26/><E26/><V28/><F42/><W59/><G59/><T40/><D40/><U69/><E69/><V113/><F28/><W88/><G107/><T103/><D103/><U135/><E135/><V37/><F37/><W71/><G71/><T97/><D97/><U81/><E54/><V112/><F118/><W17/><G17/><T2/><D2/><U4/><E61/><V11/><F117/><W74/><G109/><T124/><D124/><U35/><E35/><V15/><F110/><W76/><G76/><N who="1" m="29290" /><E18/><V34/><F34/><W24/><G24/><T57/><D57/><U75/><E75/><AGARI ba="0,0" hai="75,79,82,93,95,128,130,131" m="3359,17483" machi="75" ten="30,1000,0" yaku="19,1" doraHai="85" who="0" fromWho="1" sc="207,10,210,-10,330,0,253,0" owari="217,-18.3,200,-30.0,330,43.0,253,5.3" /></mjloggm>