<mjloggm ver="2.3"><GO type="225" lobby="0"/><UN n0="%33%74%72%65%65" n1="%4B%2E%32%2E%4B%2E" n2="%E8%B6%85%E7%B4%9A%E9%B3%B3%E5%87%B0" n3="%E9%B3%B3%E6%9D%B1%E3%81%AE%E3%81%BF%E3%81%91%E3%81%AB%E3%82%83%E3%82%93" dan="16,16,16,17" rate="2097.72,2141.00,2153.37,2184.95" sx="F,M,F,F"/><TAIKYOKU oya="0"/><INIT seed="0,0,0,5,3,30" ten="250,250,250,250" oya="0" hai0="125,14,106,119,49,18,35,73,62,32,38,41,133" hai1="93,66,97,23,120,113,1,129,110,116,26,44,11" hai2="122,100,114,53,112,6,47,85,89,24,94,22,101" hai3="123,92,2,58,99,13,102,121,135,56,96,7,51"/><T43/><D119/><U25/><E116/><V77/><F122/><N who="3" m="46603" /><G135/><T82/><D133/><U33/><E120/><V0/><F77/><W79/><G2/><T15/><D38/><U64/><E110/><V127/><F127/><W81/><G51/><T48/><D106/><U117/><E117/><V17/><F47/><W108/><G108/><T46/><D125/><U20/><E129/><V65/><F65/><W107/><G13/><T55/><D62/><U59/><E113/><V95/><F53/><W72/><G7/><T105/><D105/><U10/><E1/><V98/><REACH who="2" step="1"/><F101/><AGARI ba="0,0" hai="56,58,72,79,81,92,96,99,101,102,107" m="46603" machi="101" ten="30,1000,0" yaku="13,1" doraHai="30" who="3" fromWho="2" sc="250,0,250,0,250,-10,250,10" /><INIT seed="1,0,0,0,2,122" ten="250,250,240,260" oya="1" hai0="58,109,90,52,59,15,114,7,73,81,80,102,118" hai1="133,75,28,121,46,35,65,29,23,93,36,119,92" hai2="10,126,57,134,21,12,32,124,128,83,11,91,3" hai3="69,116,22,130,103,113,127,94,76,99,98,16,85"/><U50/><E119/><V39/><F32/><W0/><G113/><T100/><D118/><U53/><E121/><V64/><F39/><W66/><G0/><T97/><D114/><U86/><E75/><V120/><F120/><W45/><G130/><T5/><D109/><U26/><E133/><V107/><F107/><W105/><G127/><N who="2" m="48681" /><F128/><W88/><G116/><T37/><D37/><U2/><E2/><V108/><F108/><W67/><G69/><T125/><D125/><U112/><E112/><V33/><F33/><W106/><G45/><T95/><D59/><U117/><E117/><V84/><F134/><W131/><G131/><T54/><D54/><U63/><E36/><V9/><F3/><W27/><G76/><T34/><D34/><U25/><REACH who="1" step="1"/><E86/><REACH who="1" ten="250,240,240,260" step="2"/><V40/><F40/><W123/><G123/><T132/><D132/><U78/><E78/><V77/><F77/><W72/><G72/><T14/><D73/><U79/><E79/><V60/><F21/><W62/><G85/><T17/><D15/><AGARI ba="0,1" hai="9,10,11,12,15,57,60,64,83,84,91" m="48681" machi="15" ten="30,1000,0" yaku="18,1" doraHai="122" who="2" fromWho="0" sc="250,-10,240,0,240,20,260,0" /><INIT seed="2,0,0,0,2,132" ten="240,240,260,260" oya="2" hai0="120,60,125,109,61,32,35,31,129,124,108,67,70" hai1="38,7,121,106,5,52,101,56,16,44,104,47,0" hai2="4,88,87,131,107,58,79,25,1,36,51,117,96" hai3="119,2,74,73,24,93,85,14,39,111,8,46,59"/><V33/><F117/><W72/><G119/><T100/><D120/><U29/><E121/><V118/><F118/><W126/><G2/><T10/><D129/><U69/><E69/><V63/><F36/><W27/><G111/><N who="0" m="42571" /><D100/><U41/><E29/><V89/><F131/><W75/><G75/><T23/><D10/><U55/><E0/><V113/><F113/><W18/><G59/><T134/><D134/><U114/><E114/><V13/><F1/><W53/><G39/><T26/><D60/><U43/><E16/><V62/><F51/><W12/><G12/><T123/><D123/><U98/><E106/><V19/><F4/><W76/><G24/><T15/><D15/><U105/><E104/><V28/><F107/><W37/><G27/><T34/><AGARI ba="0,0" hai="23,26,31,32,34,35,61,67,70,124,125" m="42571" machi="34" ten="40,5200,0" yaku="14,1,52,2" doraHai="132" who="0" fromWho="0" sc="240,52,240,-13,260,-26,260,-13" /><INIT seed="3,0,0,1,5,116" ten="292,227,234,247" oya="3" hai0="5,71,85,82,49,15,87,2,117,127,31,133,96" hai1="73,68,53,40,4,129,99,8,70,25,76,69,89" hai2="80,46,50,78,24,54,94,45,134,120,122,41,84" hai3="101,108,64,59,74,13,126,44,90,67,98,100,109"/><W111/><G126/><T103/><D117/><U112/><E112/><V52/><F134/><W106/><G74/><T43/><D133/><U72/><E129/><V75/><F24/><W62/><G100/><T60/><D2/><U29/><E40/><V63/><F63/><W55/><G13/><T81/><D31/><U21/><E76/><V124/><F124/><W130/><G130/><T119/><D119/><U3/><REACH who="1" step="1"/><E53/><REACH who="1" ten="292,217,234,247" step="2"/><V95/><F54/><N who="3" m="34167" /><G90/><T107/><D43/><U37/><E37/><N who="2" m="21679" /><F75/><W57/><G44/><T7/><D127/><U18/><E18/><V115/><F115/><W131/><G131/><T0/><D7/><U86/><E86/><V10/><F10/><W135/><G135/><T128/><D87/><U114/><E114/><V14/><F46/><W132/><G132/><T22/><D85/><U42/><E42/><V113/><F113/><W93/><G106/><T104/><D107/><U23/><E23/><V36/><F36/><W34/><G34/><T91/><D22/><U102/><E102/><V16/><F95/><AGARI ba="0,1" hai="3,4,8,21,25,29,68,69,70,72,73,89,95,99" machi="95" ten="40,1300,0" yaku="1,1,53,0" doraHai="116" doraHaiUra="118" who="1" fromWho="2" sc="292,0,217,23,234,-13,247,0" /><INIT seed="4,0,0,0,1,110" ten="292,240,221,247" oya="0" hai0="21,25,48,62,61,8,54,40,37,28,17,68,30" hai1="101,111,88,109,24,123,59,73,103,53,76,63,96" hai2="125,81,114,92,14,58,38,129,116,84,98,4,91" hai3="23,71,0,11,15,51,31,49,33,5,43,69,13"/><T70/><D70/><U77/><E123/><V60/><F38/><W107/><G107/><T131/><D131/><U122/><E122/><V118/><F129/><W44/><G49/><T57/><D62/><U113/><E103/><V115/><F4/><W36/><G36/><T120/><D120/><U89/><E113/><N who="2" m="43019" /><F14/><W126/><G15/><T18/><D37/><U9/><E109/><V50/><F50/><W102/><G102/><T16/><D68/><U117/><E117/><N who="2" m="45163" /><F125/><W34/><G126/><T121/><D121/><U46/><E111/><V93/><F98/><W80/><G13/><N who="0" m="7207" /><D30/><U128/><E128/><V47/><F47/><AGARI ba="0,0" hai="17,18,21,25,28,40,47,48,54,57,61" m="7207" machi="47" ten="30,2900,0" yaku="8,1,54,1" doraHai="110" who="0" fromWho="2" sc="292,29,240,0,221,-29,247,0" owari="321,42.1,240,-16.0,192,-30.8,247,4.7" /></mjloggm>