<mjloggm ver="2.3"><GO type="225" lobby="0"/><UN n0="%E3%81%AF%E3%82%88%E3%81%8A%E3%81%98%E3%81%95%E3%82%93" n1="%43%68%65" n2="%73%6C%69%63%6B%33%31%39" n3="%E3%81%A1%E3%82%85%E3%81%86%E3%81%A9%E3%81%8F%E8%B1%A1%E3%81%95%E3%82%93" dan="16,16,16,17" rate="2134.12,2115.53,2184.64,2212.93" sx="M,M,M,M"/><TAIKYOKU oya="0"/><INIT seed="0,0,0,5,5,48" ten="250,250,250,250" oya="0" hai0="95,90,14,21,114,135,73,51,29,78,36,122,47" hai1="24,45,79,32,113,126,98,127,22,61,12,125,23" hai2="59,30,93,119,110,100,42,84,74,117,54,46,67" hai3="133,124,87,116,60,50,58,10,70,4,31,94,5"/><T6/><D114/><U0/><E113/><V40/><F74/><W85/><G116/><N who="2" m="44617" /><F110/><W97/><G133/><T111/><D122/><U11/><E61/><V76/><F30/><W66/><G124/><T107/><D107/><U19/><E79/><V43/><F67/><W83/><G31/><T38/><D135/><U80/><E80/><N who="2" m="47111" /><F93/><W3/><G5/><T55/><D111/><U129/><E45/><V39/><F100/><W71/><G50/><AGARI ba="0,0" hai="39,40,42,43,46,50,54,59" m="47111,44617" machi="50" ten="30,2000,0" yaku="12,1,52,1" doraHai="48" who="2" fromWho="3" sc="250,0,250,0,250,20,250,-20" /><INIT seed="1,0,0,1,0,1" ten="250,250,270,230" oya="1" hai0="52,2,119,0,69,25,12,73,24,13,80,35,64" hai1="18,132,91,42,68,63,47,55,126,29,50,120,81" hai2="38,56,57,17,48,32,125,62,51,127,90,130,82" hai3="104,99,76,4,107,75,31,15,105,36,5,59,83"/><U14/><E120/><V133/><F32/><W129/><G36/><T88/><D119/><U45/><E126/><N who="2" m="48139" /><F17/><W23/><G129/><T44/><D0/><U118/><E118/><V92/><F82/><W11/><G59/><T87/><D2/><U128/><E128/><V61/><F38/><W16/><REACH who="3" step="1"/><G99/><REACH who="3" ten="250,250,270,220" step="2"/><T103/><D69/><U19/><E68/><V46/><F57/><W113/><G113/><T9/><D64/><U10/><E47/><V108/><F56/><W3/><G3/><T58/><D44/><U85/><E132/><V112/><F46/><W20/><G20/><T84/><D35/><U95/><E63/><V115/><F133/><W131/><G131/><T53/><D58/><U60/><E60/><N who="2" m="23147" /><F130/><W8/><G8/><T100/><D9/><U40/><E29/><V78/><F112/><W96/><G96/><T67/><D67/><U123/><E123/><V65/><F115/><W98/><G98/><T33/><D33/><U111/><E111/><V71/><F108/><W101/><G101/><T135/><D135/><U86/><REACH who="1" step="1"/><E19/><REACH who="1" ten="250,240,270,220" step="2"/><V79/><F71/><W30/><G30/><T37/><D37/><U116/><E116/><V27/><F65/><W109/><G109/><T43/><D103/><U122/><E122/><V117/><F117/><W77/><G77/><AGARI ba="0,2" hai="10,14,18,40,42,45,50,55,77,81,85,86,91,95" machi="77" ten="30,5800,0" yaku="1,1,7,1,8,1,53,0" doraHai="1" doraHaiUra="114" who="1" fromWho="3" sc="250,0,240,78,270,0,220,-58" /><INIT seed="1,1,0,1,0,78" ten="250,318,270,162" oya="1" hai0="1,71,124,86,25,131,112,17,41,56,0,53,69" hai1="40,113,15,12,118,47,16,114,6,34,82,92,67" hai2="18,59,135,133,22,13,43,74,42,93,62,57,19" hai3="108,97,32,49,129,94,83,111,3,85,120,103,51"/><U73/><E118/><V66/><F74/><W33/><G3/><T126/><D112/><U115/><E34/><V45/><F93/><W123/><G32/><T4/><D41/><U95/><E67/><V58/><F19/><W68/><G68/><T76/><D131/><U104/><E104/><V52/><F58/><W75/><G33/><T87/><D25/><U132/><E132/><N who="2" m="50763" /><F45/><W88/><G129/><T60/><D17/><U26/><E6/><V109/><F109/><N who="3" m="42059" /><G75/><T119/><D119/><U77/><E26/><V44/><F44/><W9/><G9/><T30/><D30/><U64/><E64/><V14/><F14/><W127/><G127/><N who="0" m="48683" /><D87/><U81/><E15/><V29/><F29/><W61/><G61/><AGARI ba="1,0" hai="13,18,22,42,43,52,57,59,61,62,66" m="50763" machi="61" ten="30,2000,0" yaku="20,1,54,1" doraHai="78" who="2" fromWho="3" sc="250,0,318,0,270,23,162,-23" /><INIT seed="2,0,0,2,2,109" ten="250,318,293,139" oya="2" hai0="135,68,94,42,52,112,23,106,130,77,126,26,90" hai1="70,99,51,67,57,104,59,134,114,15,100,18,28" hai2="24,118,97,25,56,10,5,16,38,95,116,132,96" hai3="64,54,71,125,78,115,110,108,82,101,1,92,91"/><V14/><F38/><W33/><G1/><T12/><D106/><U81/><E114/><V35/><F132/><W29/><G54/><T46/><D68/><U8/><E134/><V27/><F35/><W65/><G71/><T17/><D135/><U53/><E70/><V2/><F56/><W89/><G29/><T117/><D112/><U44/><E67/><V128/><F128/><W36/><G36/><T43/><D130/><U69/><E69/><V32/><F32/><W4/><G4/><T31/><D126/><U72/><E28/><V48/><F48/><W73/><G33/><T119/><D77/><U75/><E59/><V86/><F86/><W74/><G125/><T129/><D129/><U80/><E80/><V60/><F60/><W39/><G39/><T7/><D7/><U20/><E57/><V41/><F41/><W13/><G13/><T58/><D90/><U93/><E104/><V131/><F131/><W66/><G101/><T6/><D94/><U55/><E55/><V102/><REACH who="2" step="1"/><F96/><REACH who="2" ten="250,318,283,139" step="2"/><W34/><G34/><N who="0" m="20855" /><D42/><U121/><E75/><V123/><F123/><W63/><G74/><T88/><D43/><U133/><E121/><V124/><F124/><W76/><G115/><T40/><D40/><U103/><E133/><V45/><F45/><W79/><G63/><T83/><D46/><U19/><E72/><V30/><F30/><W3/><G73/><T113/><D113/><U50/><E51/><V120/><F120/><W107/><G110/><T87/><D58/><U0/><E44/><V21/><AGARI ba="0,1" hai="2,5,10,14,16,21,24,25,27,95,97,102,116,118" machi="21" ten="30,6000,0" yaku="1,1,0,1,54,1,53,0" doraHai="109" doraHaiUra="61" who="2" fromWho="2" sc="250,-20,318,-20,283,70,139,-20" /><INIT seed="2,1,0,5,4,135" ten="230,298,353,119" oya="2" hai0="89,27,72,47,4,114,110,22,106,62,118,91,85" hai1="74,24,126,28,20,13,103,45,9,37,34,52,130" hai2="107,18,93,98,51,21,117,86,53,84,41,124,32" hai3="122,57,36,29,15,35,14,3,0,68,25,125,8"/><V17/><F117/><W2/><G68/><T97/><D114/><U80/><E130/><V96/><F32/><W49/><G36/><T131/><D72/><U95/><E126/><V128/><F128/><W67/><G122/><T90/><D131/><U59/><E34/><V39/><F124/><W64/><G125/><T102/><D118/><U82/><E74/><V54/><F107/><W33/><G49/><T19/><D110/><U115/><E115/><V1/><F1/><N who="3" m="619" /><G57/><T116/><D116/><U56/><E56/><V40/><F39/><W120/><G67/><T132/><D132/><U83/><E45/><V10/><F10/><W127/><G64/><T73/><D73/><U66/><E66/><V71/><F71/><W129/><G120/><T30/><D4/><U5/><E37/><V44/><F96/><W88/><G88/><T55/><D30/><U58/><E59/><V123/><F123/><W121/><G121/><T69/><D69/><U60/><E103/><V119/><F119/><W101/><G101/><T104/><D106/><U108/><E108/><V76/><F53/><W100/><G100/><T92/><D62/><U113/><E113/><V6/><F54/><W65/><G65/><T70/><D70/><U63/><E95/><V134/><F93/><W99/><G99/><T23/><D23/><U78/><REACH who="1" step="1"/><E63/><REACH who="1" ten="230,288,353,119" step="2"/><V26/><F134/><W48/><G129/><T79/><D47/><U87/><AGARI ba="1,1" hai="5,9,13,20,24,28,52,58,60,78,80,82,83,87" machi="87" ten="20,12000,2" yaku="1,1,2,1,0,1,7,1,8,1,54,1,53,0" doraHai="135" doraHaiUra="42" who="1" fromWho="1" sc="230,-31,288,133,353,-61,119,-31" /><INIT seed="3,0,0,4,2,116" ten="199,421,292,88" oya="3" hai0="0,10,127,95,112,53,23,107,38,33,25,16,30" hai1="26,43,77,39,32,125,115,49,109,117,60,42,46" hai2="120,130,105,24,103,54,88,79,111,123,89,28,110" hai3="75,8,29,104,59,50,48,61,119,45,65,72,82"/><W51/><G119/><T87/><D107/><U5/><E117/><V133/><F133/><W132/><G104/><T121/><D121/><N who="2" m="46666" /><F54/><W102/><G132/><T70/><D70/><U93/><E43/><V126/><F126/><W67/><G102/><T135/><D38/><U11/><E42/><V12/><F130/><W73/><G29/><T2/><D135/><U100/><E46/><V31/><F79/><W74/><G67/><T94/><D127/><U128/><E77/><V71/><F71/><W118/><G118/><T78/><D112/><U134/><E60/><V97/><F12/><W91/><G8/><T86/><D53/><U3/><E11/><V131/><F131/><W27/><G27/><T17/><D17/><U66/><E26/><V106/><F31/><W15/><G15/><N who="0" m="9631" /><D0/><U76/><E3/><V20/><F106/><W55/><N who="3" m="18432" /><DORA hai="56" /><W64/><REACH who="3" step="1"/><G65/><REACH who="3" ten="199,421,292,78" step="2"/><T84/><D78/><U6/><E76/><V63/><F103/><W9/><G9/><T57/><D57/><U58/><E100/><V99/><F105/><W62/><G62/><T1/><D2/><U80/><E66/><V37/><F63/><W40/><G40/><T108/><D108/><N who="2" m="41514" /><F37/><W13/><G13/><T83/><D83/><U18/><E80/><V90/><AGARI ba="0,1" hai="20,24,28,88,89,90,97,99" m="41514,46666" machi="90" ten="40,12000,2" yaku="13,1,14,1,52,3,54,1" doraHai="116,56" who="2" fromWho="2" sc="199,-30,421,-30,292,130,78,-60" owari="169,-23.1,391,19.1,422,52.2,18,-48.2" /></mjloggm>