<mjloggm ver="2.3"><GO type="225" lobby="0"/><UN n0="%6E%69%63%6F%6E%74%6F" n1="%E3%81%99%E3%81%84%E3%81%BE%E3%81%9B%E3%83%BC%E3%82%93" n2="%E3%83%A1%E3%82%AC%E3%83%87%E3%82%B8" n3="%4D%50%43%32%38%30%30" dan="17,16,16,16" rate="2139.36,2153.83,2100.95,2121.74" sx="M,M,F,M"/><TAIKYOKU oya="0"/><INIT seed="0,0,0,1,2,85" ten="250,250,250,250" oya="0" hai0="96,94,14,98,114,52,51,1,25,111,33,7,110" hai1="30,122,119,82,123,73,16,39,70,105,128,71,116" hai2="27,45,107,102,88,89,125,48,65,0,74,67,42" hai3="55,83,97,131,77,118,134,24,46,117,69,60,75"/><T17/><D114/><U32/><E128/><V31/><F74/><W49/><G131/><T104/><D1/><U103/><E16/><V109/><F0/><W78/><G134/><T80/><D7/><U18/><E18/><V9/><F9/><W57/><G78/><T127/><D127/><U22/><E22/><V99/><F125/><W47/><G24/><T72/><D104/><U50/><E50/><V11/><F11/><W120/><G120/><T92/><D33/><U54/><E54/><V58/><F109/><N who="0" m="41482" /><D25/><N who="1" m="18511" /><E39/><V41/><F41/><W40/><G47/><N who="0" m="27775" /><D98/><N who="1" m="61687" /><E82/><V87/><F58/><W35/><G35/><T20/><D96/><U63/><E73/><V91/><REACH who="2" step="1"/><F87/><REACH who="2" ten="250,250,240,250" step="2"/><W5/><G5/><T112/><D112/><U129/><E123/><V59/><F59/><W3/><G3/><T81/><D72/><U76/><E122/><V8/><F8/><W130/><G130/><T53/><D53/><U6/><E129/><V26/><F26/><W86/><G75/><T126/><D126/><U113/><E113/><V101/><F101/><W95/><G69/><T133/><D133/><U100/><E71/><V19/><F19/><W61/><REACH who="3" step="1"/><G60/><REACH who="3" ten="250,250,240,240" step="2"/><T68/><D68/><U44/><E63/><V121/><F121/><W29/><G29/><T132/><D132/><U43/><E70/><V13/><F13/><W115/><G115/><T37/><D37/><U38/><E38/><V23/><AGARI ba="0,2" hai="23,27,31,42,45,48,65,67,88,89,91,99,102,107" machi="23" ten="30,12000,2" yaku="1,1,0,1,52,3,54,1,53,1" doraHai="85" doraHaiUra="36" who="2" fromWho="2" sc="250,-60,250,-30,240,140,240,-30" /><INIT seed="1,0,0,0,5,64" ten="190,220,380,210" oya="1" hai0="100,53,37,82,19,88,84,34,118,108,3,42,21" hai1="9,105,30,60,128,15,18,93,123,17,95,2,45" hai2="89,31,113,79,99,25,103,121,63,78,20,0,130" hai3="85,117,96,71,90,86,119,125,97,111,101,16,72"/><U132/><E123/><V49/><F121/><W52/><G72/><T110/><D118/><N who="3" m="45065" /><G111/><N who="0" m="42539" /><D3/><U92/><E105/><V104/><F0/><W51/><G71/><T26/><D100/><U40/><E132/><V91/><F130/><W115/><G115/><T131/><D131/><U38/><E128/><V35/><F113/><W126/><G97/><T28/><D53/><U135/><E135/><V58/><F49/><W13/><G96/><T87/><D87/><N who="3" m="33289" /><G90/><T80/><D42/><U62/><E2/><V1/><F1/><W76/><G101/><T56/><D56/><U65/><E30/><V54/><F35/><W41/><G41/><T10/><D37/><U22/><REACH who="1" step="1"/><E65/><REACH who="1" ten="190,210,380,210" step="2"/><V122/><F122/><W23/><G76/><T83/><D10/><U46/><E46/><AGARI ba="0,1" hai="13,16,23,46,51,52,125,126" m="33289,45065" machi="46" ten="30,3900,0" yaku="12,1,54,2" doraHai="64" who="3" fromWho="1" sc="190,0,210,-39,380,0,210,49" /><INIT seed="2,0,0,4,5,42" ten="190,171,380,259" oya="2" hai0="118,85,122,135,21,108,71,47,93,34,59,18,79" hai1="124,125,132,39,96,15,78,25,13,16,46,109,56" hai2="3,57,105,134,133,19,24,92,97,101,69,65,106" hai3="126,120,82,51,28,60,63,22,14,38,123,74,37"/><V6/><F69/><W8/><G126/><N who="1" m="48746" /><E109/><V83/><F6/><W116/><G116/><T88/><D108/><U107/><E132/><N who="2" m="50795" /><F3/><W30/><G74/><T0/><D122/><U110/><E110/><V36/><F36/><W115/><G82/><T32/><D0/><U44/><E78/><V52/><F65/><W89/><G89/><T76/><D71/><U20/><E56/><V73/><F19/><W128/><G115/><T90/><D118/><U53/><E53/><V114/><F24/><W50/><G22/><T98/><D59/><U131/><E131/><V130/><F130/><W7/><G128/><T23/><D79/><U111/><E111/><V67/><F67/><W55/><G38/><T35/><D76/><U117/><E117/><V127/><F114/><W12/><G37/><T91/><D135/><U87/><E87/><V49/><F127/><W103/><G123/><T4/><D85/><U121/><E121/><V66/><F66/><W94/><G14/><N who="1" m="5130" /><E39/><V45/><F57/><N who="3" m="34879" /><G63/><T11/><D18/><U29/><E29/><N who="3" m="11370" /><G120/><T80/><D80/><U58/><E58/><V81/><F73/><W54/><G54/><T102/><D102/><AGARI ba="0,0" hai="16,20,25,44,46,96,102,107" m="5130,48746" machi="102" ten="30,7700,0" yaku="18,1,52,2,54,1" doraHai="42" who="1" fromWho="0" sc="190,-77,171,77,380,0,259,0" /><INIT seed="3,0,0,3,4,94" ten="113,248,380,259" oya="3" hai0="104,118,106,5,71,48,37,60,87,102,46,86,66" hai1="7,72,2,47,36,25,53,98,27,84,133,70,23" hai2="20,64,10,76,68,107,111,131,113,34,89,58,121" hai3="124,79,90,77,83,74,38,16,41,18,56,123,96"/><W15/><G123/><T81/><D118/><U80/><E72/><V82/><F34/><W12/><G124/><T11/><D102/><U40/><E133/><V35/><F35/><W13/><G38/><T99/><D37/><U4/><E70/><V21/><F68/><W6/><G41/><T103/><D106/><U17/><E2/><V3/><F107/><W30/><G30/><T52/><REACH who="0" step="1"/><D81/><REACH who="0" ten="103,248,380,259" step="2"/><U101/><E80/><V75/><F121/><W114/><G83/><T135/><D135/><U59/><E36/><V130/><F113/><W73/><G114/><T125/><D125/><U55/><E4/><N who="2" m="1311" /><F89/><W95/><G6/><T49/><D49/><U45/><E7/><V63/><F111/><W54/><G74/><T117/><D117/><U32/><E101/><V91/><F91/><W24/><G73/><T78/><D78/><N who="3" m="29705" /><G24/><T115/><D115/><U65/><E27/><V88/><F88/><W105/><G105/><T50/><D50/><AGARI ba="0,1" hai="12,13,15,16,18,50,54,56,90,95,96" m="29705" machi="50" ten="30,5800,0" yaku="8,1,52,1,54,1" doraHai="94" who="3" fromWho="0" sc="103,-58,248,0,380,0,259,68" /><INIT seed="3,1,0,0,2,21" ten="45,248,380,327" oya="3" hai0="38,117,33,73,7,14,16,48,80,54,121,22,50" hai1="81,17,127,128,24,18,86,119,107,72,122,52,102" hai2="79,90,66,130,28,37,29,132,116,27,44,71,13" hai3="120,11,19,93,125,35,91,0,23,60,135,96,88"/><W58/><G120/><T82/><D117/><U110/><E122/><V34/><F116/><W85/><G35/><T101/><D121/><U108/><E72/><V56/><F71/><W31/><G135/><T61/><D38/><U84/><E119/><V12/><F132/><W129/><G129/><T111/><D111/><U126/><E128/><V2/><F2/><W59/><G125/><T40/><D33/><U124/><E102/><V43/><F29/><W76/><G31/><T26/><D101/><U106/><E52/><V77/><F90/><N who="3" m="55351" /><G0/><T49/><D73/><U105/><E24/><V70/><F70/><W45/><G11/><T83/><D40/><U30/><E30/><V134/><F134/><W32/><G45/><T112/><D112/><U53/><E53/><V78/><F130/><W51/><G51/><T64/><D7/><U97/><E97/><V4/><F4/><W46/><G46/><T118/><D118/><U114/><E114/><V6/><F6/><W8/><G8/><T92/><D92/><U47/><E47/><V25/><F28/><W57/><G60/><T99/><D99/><U87/><E81/><V63/><F34/><W55/><G55/><T89/><D89/><N who="3" m="34377" /><G32/><T67/><D14/><U115/><E115/><V113/><F113/><W20/><G19/><AGARI ba="1,0" hai="17,18,19,84,86,87,105,106,107,108,110,124,126,127" machi="19" ten="60,8000,1" yaku="29,2,28,2,18,1" doraHai="21" who="1" fromWho="3" sc="45,0,248,83,380,0,327,-83" owari="45,-45.5,331,13.1,380,48.0,244,-15.6" /></mjloggm>