<mjloggm ver="2.3"><GO type="225" lobby="0"/><UN n0="%4B%2E%32%2E%4B%2E" n1="%E6%B4%BE%E9%81%A3%E3%81%AE%E3%82%B8%E3%83%A3%E3%83%83%E3%82%AF" n2="%E3%81%B8%E3%82%80%E3%81%B8%E3%82%80%EF%BC%92%E5%8F%B7" n3="%E8%81%B7%E6%A5%AD%E3%80%81%E9%A2%A8%32" dan="16,16,16,16" rate="2119.66,2160.07,2125.55,2161.20" sx="M,M,M,M"/><TAIKYOKU oya="0"/><INIT seed="0,0,0,0,5,0" ten="250,250,250,250" oya="0" hai0="130,65,14,88,64,133,109,134,119,135,34,26,32" hai1="43,56,76,49,13,12,105,78,16,72,39,124,1" hai2="50,89,90,127,82,11,69,22,122,8,27,128,4" hai3="60,28,53,106,29,7,103,80,2,81,77,101,73"/><T31/><D119/><U62/><E1/><V9/><F127/><W20/><G53/><T100/><D130/><U84/><E39/><V58/><F128/><W41/><G41/><T99/><D109/><U57/><E72/><V112/><F69/><W70/><G81/><T74/><D74/><U5/><E105/><V118/><F112/><W30/><G20/><T125/><D125/><U98/><E98/><V67/><F122/><W104/><G103/><T36/><D36/><U25/><E124/><V6/><F118/><W52/><G101/><T131/><D131/><U35/><E25/><V121/><F121/><W110/><G110/><T87/><D14/><U116/><E35/><V59/><F59/><N who="1" m="22601" /><E84/><N who="2" m="50327" /><F90/><W97/><G97/><T61/><D34/><U93/><E93/><V117/><F117/><W115/><G115/><T96/><D100/><U44/><E62/><N who="2" m="38359" /><F50/><W17/><G106/><T94/><REACH who="0" step="1"/><D65/><REACH who="0" ten="240,250,250,250" step="2"/><U55/><E116/><V15/><F15/><W54/><G73/><T19/><D19/><AGARI ba="0,1" hai="4,6,8,9,11,19,22,27" m="38359,50327" machi="19" ten="30,3900,0" yaku="8,1,52,2" doraHai="0" who="2" fromWho="0" sc="240,-39,250,0,250,49,250,0" /><INIT seed="1,0,0,1,1,134" ten="201,250,299,250" oya="1" hai0="4,117,10,124,125,82,42,123,43,132,104,17,26" hai1="11,5,120,48,59,33,131,15,97,106,18,35,133" hai2="129,58,119,71,111,93,95,89,135,19,56,83,122" hai3="9,57,126,20,96,23,46,91,70,21,107,65,12"/><U90/><E120/><V6/><F122/><W8/><G126/><N who="0" m="48747" /><D123/><U110/><E133/><V130/><F71/><W63/><G107/><T29/><D132/><U3/><E131/><N who="2" m="50187" /><F119/><W41/><G70/><T67/><D117/><U44/><E110/><V49/><F111/><W72/><G72/><T55/><D104/><U100/><E59/><N who="2" m="22571" /><F6/><W34/><G34/><N who="0" m="20791" /><D55/><U98/><E98/><V127/><F127/><W115/><G115/><T36/><D36/><U14/><E90/><V62/><F62/><W94/><REACH who="3" step="1"/><G12/><REACH who="3" ten="201,250,299,240" step="2"/><N who="0" m="5191" /><D67/><U53/><E15/><V45/><F135/><W75/><G75/><T16/><D82/><U61/><E33/><V28/><F83/><W68/><G68/><T60/><D60/><U84/><E35/><V116/><F116/><W121/><G121/><T31/><D31/><U74/><E61/><V105/><F28/><W80/><G80/><T112/><D112/><U81/><E81/><V54/><F105/><W32/><G32/><T92/><D92/><U69/><E74/><V76/><F95/><W114/><G114/><T101/><D101/><U113/><E113/><V86/><F19/><AGARI ba="0,1" hai="16,17,19,42,43" m="5191,20791,48747" machi="19" ten="30,8000,1" yaku="18,1,52,3,54,1" doraHai="134" who="0" fromWho="2" sc="201,90,250,0,299,-80,240,0" /><INIT seed="2,0,0,4,4,121" ten="291,250,219,240" oya="2" hai0="34,22,47,125,93,127,5,116,54,66,78,41,44" hai1="0,130,31,92,3,49,112,35,50,4,68,88,45" hai2="117,111,135,74,82,104,13,102,46,87,129,119,64" hai3="40,91,73,84,25,43,8,30,17,42,109,21,89"/><V134/><F64/><W32/><G109/><T12/><D34/><U110/><E112/><V59/><F59/><W20/><G73/><T57/><D116/><N who="2" m="44618" /><F46/><W86/><G8/><N who="0" m="4111" /><D66/><U115/><E68/><V79/><F13/><W9/><G9/><T15/><D78/><U28/><E115/><V133/><F129/><W16/><G32/><T23/><D93/><U51/><E130/><V7/><F7/><W69/><G69/><T101/><D101/><U97/><E45/><N who="0" m="17481" /><D15/><U103/><E4/><V96/><F111/><W11/><G11/><T94/><D94/><U126/><E110/><V80/><F80/><N who="3" m="49287" /><G21/><T38/><D41/><U6/><E35/><V19/><F19/><W52/><G52/><T105/><D38/><U58/><E58/><V10/><F10/><W61/><G61/><N who="0" m="36023" /><D105/><U56/><E6/><V100/><F100/><W114/><G114/><T29/><D29/><N who="1" m="11339" /><E103/><V107/><F107/><W113/><G113/><T98/><D22/><U77/><E77/><V118/><N who="2" m="44626" /><V37/><DORA hai="71" /><F37/><W132/><G17/><T53/><D53/><U81/><E81/><V83/><F83/><W90/><G43/><T76/><D76/><U128/><E128/><V67/><F67/><W65/><G65/><T131/><D131/><U1/><E56/><V24/><F24/><W108/><G25/><T62/><D62/><U85/><E97/><V95/><F104/><W123/><G108/><T99/><D23/><U124/><E0/><V27/><F27/><W26/><G26/><T70/><D70/><U2/><E1/><V55/><F55/><W75/><G30/><RYUUKYOKU ba="0,0" sc="291,10,250,10,219,10,240,-30" hai0="98,99,125,127" hai1="2,3,49,50,51,85,88,92,124,126" hai2="74,79,82,87,95,96,102,133,134,135" /><INIT seed="2,1,0,0,5,69" ten="301,260,229,210" oya="2" hai0="122,17,84,86,33,99,58,106,57,41,1,6,60" hai1="119,104,24,111,42,38,11,28,130,55,135,27,54" hai2="89,56,71,107,51,70,115,45,44,79,134,16,108" hai3="103,21,75,126,43,37,73,100,50,31,46,74,72"/><V62/><F115/><W67/><G126/><T59/><D33/><U97/><E119/><V114/><F114/><W23/><G67/><T95/><D106/><U26/><E111/><V68/><F107/><W19/><N who="3" m="18432" /><DORA hai="128" /><W3/><G3/><T47/><D6/><U48/><E28/><V131/><F108/><W91/><G91/><T96/><D1/><U32/><E32/><V101/><F101/><W76/><G76/><T22/><D60/><U132/><E11/><V25/><F131/><W30/><G50/><N who="0" m="26991" /><D122/><U39/><E130/><V5/><F5/><W109/><G109/><T12/><D99/><U61/><E61/><V49/><F79/><W2/><G2/><T77/><D77/><U10/><E10/><V0/><F0/><W118/><G118/><T34/><D34/><U65/><E65/><V66/><F89/><AGARI ba="1,0" hai="12,17,22,57,58,59,84,86,89,95,96" m="26991" machi="89" ten="30,1000,0" yaku="8,1" doraHai="69,128" who="0" fromWho="2" sc="301,13,260,0,229,-13,210,0" /><INIT seed="3,0,0,4,1,80" ten="314,260,216,210" oya="3" hai0="64,48,108,82,135,78,65,27,6,11,68,9,103" hai1="112,75,116,4,117,114,34,55,15,70,130,30,66" hai2="38,8,31,94,71,14,121,20,37,102,93,111,90" hai3="22,24,126,96,91,95,56,26,3,36,119,74,99"/><W101/><G119/><N who="1" m="45642" /><E75/><V21/><F111/><W57/><G36/><T59/><D68/><U76/><E130/><V42/><F71/><W81/><G3/><T129/><D129/><U23/><E76/><V72/><F72/><W77/><G126/><T13/><D135/><U124/><E55/><V1/><F1/><W0/><G0/><T97/><D11/><N who="1" m="4583" /><E124/><V67/><F67/><W88/><G91/><T98/><D27/><N who="1" m="18783" /><E23/><V105/><F121/><W19/><REACH who="3" step="1"/><G26/><REACH who="3" ten="314,260,216,200" step="2"/><T12/><D108/><U7/><E7/><V128/><F37/><W92/><AGARI ba="0,1" hai="19,22,24,56,57,74,77,81,88,92,95,96,99,101" machi="92" ten="20,12000,1" yaku="1,1,2,1,0,1,7,1,54,1,53,0" doraHai="80" doraHaiUra="134" who="3" fromWho="3" sc="314,-40,260,-40,216,-40,200,130" owari="274,7.4,220,-18.0,176,-32.4,330,43.0" /></mjloggm>