<mjloggm ver="2.3"><GO type="225" lobby="0"/><UN n0="%E5%B8%86%E7%AB%8B%E5%A4%8F%E8%A1%A3" n1="%6E%69%63%6F%6E%74%6F" n2="%E3%81%AF%E3%82%88%E3%81%8A%E3%81%98%E3%81%95%E3%82%93" n3="%72%69%6F%75%63%68%61%6E" dan="17,17,16,17" rate="2157.89,2170.64,2168.51,2274.80" sx="M,M,M,M"/><TAIKYOKU oya="0"/><INIT seed="0,0,0,4,2,66" ten="250,250,250,250" oya="0" hai0="14,128,64,44,131,54,46,132,121,59,21,15,80" hai1="101,45,23,99,76,90,29,6,133,88,72,8,116" hai2="36,118,51,19,122,127,111,26,109,24,84,112,58" hai3="82,117,65,134,13,71,114,18,120,86,104,52,31"/><T10/><D121/><U0/><E133/><V110/><F122/><W3/><G114/><T93/><D132/><U74/><E116/><V98/><F112/><W57/><G134/><T42/><D64/><U40/><E29/><V68/><F36/><W56/><G120/><T33/><D33/><U38/><E23/><V62/><F127/><W135/><G135/><T48/><D80/><N who="1" m="45063" /><E74/><V91/><F118/><W34/><G3/><T78/><D78/><U70/><E70/><V92/><F51/><W83/><G117/><T35/><D35/><U55/><E55/><V27/><F84/><W79/><G104/><AGARI ba="0,0" hai="0,6,8,38,40,45,88,90,99,101,104" m="45063" machi="104" ten="30,2000,0" yaku="25,1,54,1" doraHai="66" who="1" fromWho="3" sc="250,0,250,20,250,0,250,-20" /><INIT seed="1,0,0,1,5,132" ten="250,270,250,230" oya="1" hai0="30,82,128,9,107,77,120,70,45,103,14,38,17" hai1="83,18,117,1,46,20,41,23,25,10,126,89,134" hai2="111,81,24,3,61,114,59,2,51,110,71,123,100" hai3="116,92,130,104,88,112,74,26,47,87,56,53,91"/><U94/><E117/><V119/><F119/><W95/><G112/><T43/><D128/><U64/><E134/><V60/><F123/><W31/><G116/><T29/><D120/><U6/><E126/><V96/><F114/><W55/><G130/><T127/><D127/><U113/><E113/><V5/><F5/><W65/><G74/><T98/><REACH who="0" step="1"/><D70/><REACH who="0" ten="240,270,250,230" step="2"/><U12/><E64/><V11/><F71/><W93/><G65/><T72/><AGARI ba="0,1" hai="9,14,17,29,30,38,43,45,72,77,82,98,103,107" machi="72" ten="20,5200,0" yaku="1,1,2,1,0,1,7,1,53,0" doraHai="132" doraHaiUra="125" who="0" fromWho="0" sc="240,62,270,-26,250,-13,230,-13" /><INIT seed="2,0,0,2,2,4" ten="302,244,237,217" oya="2" hai0="86,9,110,29,128,81,18,79,26,118,53,134,10" hai1="73,80,21,11,130,78,135,51,96,25,65,63,84" hai2="43,1,69,95,56,3,40,30,113,36,37,97,108" hai3="82,17,72,38,91,131,112,14,70,117,12,23,52"/><V57/><F113/><W39/><G117/><T119/><D110/><U120/><E130/><V8/><F69/><W76/><G131/><T31/><D128/><U121/><E135/><V115/><F115/><W50/><G112/><T106/><D106/><U102/><E51/><V104/><F104/><W49/><G70/><T88/><D134/><U114/><E114/><V101/><F30/><N who="0" m="11274" /><D79/><U34/><E84/><V66/><F108/><W123/><G123/><T129/><D129/><U7/><E34/><V45/><F66/><W122/><G122/><N who="1" m="47210" /><E21/><V24/><F24/><W107/><G107/><T68/><D68/><N who="1" m="42047" /><E25/><V54/><F8/><N who="0" m="3178" /><D119/><U100/><E96/><V15/><F15/><AGARI ba="0,0" hai="7,11,15,73,78,80,100,102" m="42047,47210" machi="15" ten="30,2000,0" yaku="13,1,52,1" doraHai="4" who="1" fromWho="2" sc="302,0,244,20,237,-20,217,0" /><INIT seed="3,0,0,3,4,120" ten="302,264,217,217" oya="3" hai0="59,73,68,13,45,126,77,79,72,74,37,1,133" hai1="18,31,47,88,80,134,110,90,115,24,33,23,25" hai2="113,70,53,14,109,111,7,76,96,40,52,125,122" hai3="66,44,38,21,22,101,32,41,35,131,64,2,3"/><W107/><G131/><T26/><D68/><U83/><E110/><N who="2" m="41995" /><F122/><W57/><G57/><T119/><D1/><N who="3" m="9" /><G21/><T58/><D13/><U5/><E134/><V112/><F70/><W61/><G22/><T65/><D133/><U81/><E115/><N who="2" m="44107" /><F125/><W36/><G64/><T19/><D126/><U106/><E106/><V84/><F40/><N who="3" m="22535" /><G61/><T15/><D65/><U99/><E99/><V103/><F76/><W104/><G66/><T98/><D79/><U108/><E108/><V30/><F84/><W97/><G104/><T42/><D77/><U78/><E78/><V4/><F30/><W71/><G71/><T49/><D74/><U123/><E123/><V87/><F87/><W124/><G124/><T6/><D73/><U89/><E5/><N who="2" m="2123" /><F14/><W118/><G118/><T129/><D15/><U39/><E39/><V114/><N who="2" m="44115" /><V20/><DORA hai="85" /><F20/><W34/><G41/><T46/><D72/><U8/><E8/><V121/><F121/><W55/><G55/><T69/><D42/><U127/><E127/><V75/><F75/><W82/><G82/><T100/><D69/><U50/><E83/><V56/><F56/><W48/><G38/><T29/><D59/><U91/><N who="1" m="22528" /><DORA hai="128" /><U28/><E28/><V60/><F60/><W17/><G17/><T43/><D58/><U92/><E31/><V0/><F0/><W135/><G48/><T10/><D49/><U63/><E50/><V51/><F51/><W27/><G135/><T11/><D37/><U132/><E132/><V9/><F9/><W116/><G116/><T105/><D119/><U12/><E63/><RYUUKYOKU ba="0,0" sc="302,-15,264,-15,217,15,217,15" hai2="52,53,96,103" hai3="27,32,34,35,97,101,107" /><INIT seed="3,1,0,1,1,76" ten="287,249,232,232" oya="3" hai0="58,0,110,39,126,89,15,63,36,41,61,80,13" hai1="1,129,83,133,6,74,93,60,40,118,69,66,7" hai2="19,135,4,37,67,70,124,50,134,125,44,51,115" hai3="121,25,52,22,10,21,108,28,114,62,79,9,92"/><W33/><G114/><T34/><D110/><U53/><E118/><V103/><F4/><W82/><G121/><T87/><D126/><N who="2" m="48746" /><F103/><W71/><G108/><T24/><D0/><U122/><E122/><V42/><F19/><W2/><G92/><T35/><D63/><U43/><E129/><V104/><F104/><W14/><G2/><T128/><D128/><U102/><E133/><N who="2" m="50699" /><F115/><W90/><G90/><T77/><D39/><U56/><E102/><V81/><F81/><W120/><G120/><T32/><D24/><U46/><E93/><V116/><F116/><W12/><G71/><T27/><D27/><U65/><E65/><V29/><F29/><W55/><G33/><T111/><D89/><U64/><E43/><V38/><F50/><W72/><G22/><T84/><D111/><U91/><E91/><V31/><F31/><W113/><G113/><T94/><D94/><U95/><E95/><V123/><F123/><W18/><G62/><AGARI ba="1,0" hai="37,38,42,44,51,62,67,70" m="50699,48746" machi="62" ten="30,7700,0" yaku="18,1,20,1,34,2" doraHai="76" who="2" fromWho="3" sc="287,0,249,0,232,80,232,-80" owari="287,8.7,249,-15.1,312,41.2,152,-34.8" /></mjloggm>