<mjloggm ver="2.3"><GO type="225" lobby="0"/><UN n0="%E3%81%A1%E3%82%85%E3%81%86%E3%81%A9%E3%81%8F%E8%B1%A1%E3%81%95%E3%82%93" n1="%E5%AF%82%E5%AF%9E%E3%82%AE%E3%83%8D%E3%82%B9%E3%83%93%E3%83%BC%E3%83%AB" n2="%E6%A1%9C%E8%8A%B1%E9%96%83%E3%80%85" n3="%E3%81%A6%E3%81%A4%EF%BC%A3" dan="16,16,18,16" rate="2113.55,2136.79,2272.39,2084.13" sx="M,M,M,M"/><TAIKYOKU oya="0"/><INIT seed="0,0,0,0,2,80" ten="250,250,250,250" oya="0" hai0="108,5,36,28,84,95,1,60,111,110,133,9,52" hai1="105,79,70,65,112,16,10,63,130,106,4,7,121" hai2="114,25,54,69,128,49,85,8,115,23,55,46,107" hai3="42,83,15,44,87,103,96,67,81,29,64,124,100"/><T27/><D36/><U53/><E121/><V94/><F107/><W131/><G131/><T13/><D133/><U78/><E130/><V122/><F128/><W71/><G124/><T19/><D95/><U82/><E112/><V41/><F122/><W113/><G113/><T59/><D84/><U45/><E78/><V93/><F69/><W61/><G64/><T37/><D37/><U12/><E105/><V11/><F115/><W31/><G81/><T0/><REACH who="0" step="1"/><D5/><REACH who="0" ten="240,250,250,250" step="2"/><U104/><E106/><V73/><F94/><W40/><G96/><T2/><D2/><U47/><E104/><V101/><F114/><W68/><G103/><T135/><D135/><U119/><E119/><V14/><F101/><W72/><G100/><T90/><D90/><U126/><E126/><V125/><F125/><W116/><G116/><T33/><AGARI ba="0,1" hai="0,1,9,13,19,27,28,33,52,59,60,108,110,111" machi="33" ten="30,18000,2" yaku="1,1,0,1,14,1,10,1,54,1,53,1" doraHai="80" doraHaiUra="50" who="0" fromWho="0" sc="240,190,250,-60,250,-60,250,-60" /><INIT seed="0,1,0,3,3,72" ten="430,190,190,190" oya="0" hai0="104,77,113,4,2,41,81,16,12,7,64,26,116" hai1="124,11,84,92,69,52,80,59,135,103,62,73,50" hai2="88,122,68,5,27,133,132,93,1,78,31,90,119" hai3="70,36,39,49,107,126,13,34,96,79,19,94,130"/><T99/><D113/><U134/><E124/><V128/><F122/><W74/><G126/><T76/><D116/><U67/><E73/><V61/><F119/><W17/><G70/><T115/><D115/><U56/><E11/><N who="2" m="2479" /><F128/><W15/><G107/><T111/><D64/><U66/><E92/><V86/><F61/><W0/><G0/><T44/><D26/><U82/><E103/><V60/><F60/><W65/><G65/><T55/><D55/><U45/><E82/><N who="2" m="47447" /><F93/><W129/><G94/><T120/><D120/><U89/><REACH who="1" step="1"/><E67/><REACH who="1" ten="430,180,190,190" step="2"/><V54/><F68/><W75/><G96/><T83/><D99/><U33/><E33/><N who="2" m="20735" /><F54/><W127/><G127/><T110/><D104/><U118/><E118/><V43/><F43/><W14/><G34/><T28/><D111/><U101/><E101/><V24/><F24/><W8/><G130/><T30/><D110/><U32/><E32/><V97/><F97/><W63/><G8/><T37/><D83/><U57/><AGARI ba="1,1" hai="45,50,52,56,57,59,62,66,69,80,84,89,134,135" machi="57" ten="30,4000,0" yaku="1,1,0,1,54,1,53,0" doraHai="72" doraHaiUra="109" who="1" fromWho="1" sc="430,-21,180,53,190,-11,190,-11" /><INIT seed="1,0,0,0,1,5" ten="409,233,179,179" oya="1" hai0="85,54,10,29,15,83,24,31,42,67,107,9,3" hai1="95,97,34,28,11,61,113,90,37,49,82,102,39" hai2="0,12,91,14,124,26,78,6,17,109,94,64,48" hai3="76,73,80,123,40,117,19,89,81,13,70,1,111"/><U68/><E113/><V56/><F109/><W126/><G123/><T32/><D107/><U99/><E49/><V35/><F78/><W72/><G111/><T79/><D67/><N who="1" m="41071" /><E82/><V104/><F104/><W57/><G126/><T119/><D119/><U50/><E50/><V131/><F131/><W8/><G70/><T65/><D65/><U27/><E11/><N who="2" m="4215" /><F0/><W86/><G117/><T30/><D42/><U133/><E133/><V66/><F26/><W129/><G129/><T122/><D122/><U20/><E20/><N who="2" m="11319" /><F35/><W55/><G40/><T77/><D77/><U115/><E115/><V33/><F33/><W110/><G110/><T134/><D134/><U21/><E21/><V18/><F18/><W23/><G72/><T25/><D32/><U127/><E127/><V58/><F124/><W7/><G57/><N who="2" m="22121" /><F48/><W100/><G55/><T63/><D54/><U106/><AGARI ba="0,0" hai="27,28,34,37,39,90,95,97,99,102,106" m="41071" machi="106" ten="30,1500,0" yaku="25,1" doraHai="5" who="1" fromWho="1" sc="409,-5,233,15,179,-5,179,-5" /><INIT seed="1,1,0,0,2,112" ten="404,248,174,174" oya="1" hai0="27,61,73,130,15,75,78,119,48,64,95,127,133" hai1="19,17,14,29,131,36,86,20,89,118,126,83,70" hai2="31,82,80,28,63,110,81,24,125,120,116,74,123" hai3="114,50,4,39,102,90,106,44,98,25,77,111,94"/><U87/><E126/><V37/><F125/><W35/><G114/><T132/><D127/><U55/><E131/><V16/><F74/><W41/><G111/><T101/><D130/><U47/><E70/><V51/><F37/><W30/><G77/><T32/><D119/><U38/><E118/><V56/><F116/><W105/><G4/><T40/><D15/><U85/><E29/><V18/><F110/><W96/><REACH who="3" step="1"/><G106/><REACH who="3" ten="404,248,174,164" step="2"/><T8/><D78/><U52/><E38/><AGARI ba="1,1" hai="25,30,35,38,39,41,44,50,90,94,96,98,102,105" machi="38" ten="40,2600,0" yaku="1,1,2,1,53,0" doraHai="112" doraHaiUra="121" who="3" fromWho="1" sc="404,0,248,-29,174,0,164,39" /><INIT seed="2,0,0,5,5,122" ten="404,219,174,203" oya="2" hai0="60,65,11,95,42,31,128,81,14,62,135,103,5" hai1="112,48,107,111,32,55,93,24,118,132,19,40,21" hai2="82,96,110,59,30,18,101,98,109,4,115,52,79" hai3="134,129,51,58,71,89,123,38,125,57,73,133,7"/><V68/><F115/><W116/><G123/><T46/><D128/><U6/><E107/><V47/><F68/><W35/><G129/><T70/><D31/><U69/><E112/><V83/><F30/><W26/><G116/><T99/><D62/><U3/><E118/><V50/><F4/><W124/><G38/><T9/><D9/><U15/><E69/><V29/><F29/><N who="3" m="19895" /><G71/><T16/><D81/><U22/><E40/><V91/><F18/><W113/><G113/><T53/><D135/><N who="3" m="51721" /><G73/><T67/><D67/><U121/><E32/><V39/><F91/><W8/><G89/><T114/><D53/><U127/><E3/><V92/><F98/><W63/><G51/><T49/><D114/><U0/><E0/><V10/><F10/><W78/><G78/><T56/><D70/><U64/><E6/><AGARI ba="0,0" hai="5,6,11,14,16,42,46,49,56,60,65,95,99,103" machi="6" ten="40,2600,0" yaku="8,1,54,1" doraHai="122" who="0" fromWho="1" sc="404,26,219,-26,174,0,203,0" /><INIT seed="3,0,0,2,5,89" ten="430,193,174,203" oya="3" hai0="106,15,94,14,114,127,27,109,118,65,70,74,100" hai1="6,8,24,110,122,95,63,55,28,12,67,113,96" hai2="92,13,80,29,117,51,60,21,132,42,45,129,69" hai3="91,77,88,103,120,97,130,7,0,20,93,134,73"/><W104/><G120/><T38/><D38/><U48/><E122/><V3/><F117/><W62/><G134/><T115/><D94/><U4/><E113/><V22/><F3/><W81/><G130/><T30/><D14/><U36/><E36/><V107/><F107/><W18/><G62/><T116/><D74/><U119/><E110/><V58/><F69/><W82/><G82/><T43/><D43/><U128/><E128/><V11/><F132/><W64/><G64/><T41/><D41/><U71/><E119/><V75/><F129/><W59/><G59/><T101/><D15/><U131/><E131/><V37/><F37/><W126/><G126/><T35/><D109/><U23/><E12/><V86/><F75/><W25/><REACH who="3" step="1"/><G104/><REACH who="3" ten="430,193,174,193" step="2"/><T16/><D127/><U49/><E63/><V102/><F58/><W76/><G76/><T108/><D118/><U5/><E67/><V87/><F60/><W34/><G34/><T79/><D116/><U44/><E71/><V123/><F123/><W46/><G46/><T125/><D79/><U72/><E44/><V31/><F80/><W61/><G61/><N who="0" m="40239" /><D125/><U33/><E33/><V135/><F135/><W54/><G54/><T57/><D57/><U124/><E55/><V53/><F53/><W68/><G68/><T26/><D108/><U9/><E124/><V47/><F47/><W112/><G112/><N who="0" m="43051" /><D106/><U66/><E66/><V111/><F111/><W2/><G2/><T40/><D40/><U83/><E83/><V39/><F39/><W98/><G98/><T32/><D35/><U105/><E105/><V99/><F42/><RYUUKYOKU ba="0,1" sc="430,15,193,-15,174,-15,193,15" hai0="16,26,27,30,32,100,101" hai3="0,7,18,20,25,73,77,81,88,91,93,97,103" /><INIT seed="3,1,1,2,4,26" ten="445,178,159,208" oya="3" hai0="3,27,10,65,127,51,47,115,18,128,17,66,87" hai1="107,80,90,76,58,12,42,60,8,104,98,35,7" hai2="134,54,105,123,31,131,24,93,14,56,30,85,45" hai3="19,67,106,6,96,122,61,28,73,99,101,84,72"/><W40/><G122/><T50/><D127/><U43/><E35/><V37/><F105/><W109/><G40/><T1/><D128/><U46/><E90/><N who="2" m="53455" /><F37/><W89/><G96/><T36/><D27/><U2/><E2/><V69/><F69/><W86/><G86/><T119/><D47/><U82/><E42/><V79/><F131/><W113/><G113/><T100/><D10/><U81/><E76/><V110/><F123/><W13/><G28/><N who="2" m="10793" /><F110/><W33/><G6/><T48/><D100/><U62/><E98/><V135/><F24/><W52/><G33/><T121/><D87/><U120/><E120/><V92/><F45/><W124/><G124/><T55/><D55/><U68/><E68/><V29/><N who="2" m="10801" /><V39/><DORA hai="34" /><F39/><W91/><G52/><T32/><D32/><U23/><E107/><V126/><F126/><W77/><G109/><T57/><D36/><U112/><E104/><V38/><F38/><W5/><G72/><T88/><D50/><N who="1" m="26975" /><E112/><V20/><F79/><W21/><G73/><T132/><D57/><U129/><E129/><V118/><F118/><W108/><G108/><T78/><D78/><U71/><E71/><V44/><F44/><W22/><G77/><T25/><D115/><U111/><E111/><V9/><F92/><W63/><G106/><T70/><D119/><U95/><E58/><V15/><F20/><W117/><G21/><T83/><D70/><U64/><E95/><V97/><F97/><W11/><G117/><T94/><D25/><U4/><E23/><V59/><F59/><W0/><G22/><T74/><D121/><RYUUKYOKU ba="1,1" sc="445,0,178,0,159,0,208,0" owari="455,55.5,178,-22.2,159,-34.1,208,0.8" /></mjloggm>