<mjloggm ver="2.3"><GO type="225" lobby="0"/><UN n0="%E3%81%B5%E3%81%98%E3%81%8B%E3%81%A4" n1="%E8%83%83%E3%81%A8%E8%85%B8" n2="%E3%81%8B%E3%82%8F%E3%81%A1%E3%82%83%E3%82%93%35%38" n3="%6E%69%63%6F%6E%74%6F" dan="16,16,17,16" rate="2159.41,2168.75,2250.15,2121.07" sx="M,M,M,M"/><TAIKYOKU oya="0"/><INIT seed="0,0,0,4,4,34" ten="250,250,250,250" oya="0" hai0="112,132,43,42,90,94,69,57,52,110,26,134,59" hai1="39,107,24,79,74,41,80,109,31,62,37,60,20" hai2="38,28,68,116,45,56,125,118,47,102,14,129,88" hai3="19,32,25,54,104,111,70,135,84,124,77,131,3"/><T30/><D112/><U23/><E109/><V58/><F102/><W126/><G104/><T15/><D69/><U106/><E41/><V97/><F68/><W87/><G70/><T115/><D59/><U33/><E33/><V12/><F28/><W93/><G111/><T55/><D15/><U133/><E133/><N who="0" m="51305" /><D110/><U29/><E80/><V78/><F97/><W98/><G135/><T11/><D11/><U75/><REACH who="1" step="1"/><E24/><REACH who="1" ten="250,240,250,250" step="2"/><V81/><F81/><W1/><G32/><N who="0" m="20567" /><D115/><U99/><E99/><V7/><F118/><W36/><G25/><T63/><D55/><U17/><E17/><V86/><F116/><W100/><G19/><T48/><D48/><U117/><E117/><V22/><F38/><W53/><G36/><T16/><D16/><U46/><E46/><V44/><F44/><W10/><G54/><T71/><D71/><U67/><E67/><V82/><F47/><W0/><G53/><T123/><D123/><U89/><E89/><V85/><F45/><W9/><G77/><AGARI ba="0,1" hai="20,23,29,31,37,39,60,62,74,75,77,79,106,107" machi="77" ten="25,3200,0" yaku="1,1,22,2,53,0" doraHai="34" doraHaiUra="13" who="1" fromWho="3" sc="250,0,240,42,250,0,250,-32" /><INIT seed="1,0,0,2,5,62" ten="250,282,250,218" oya="1" hai0="53,133,103,23,127,120,93,111,122,125,25,65,57" hai1="2,47,74,40,117,43,1,0,98,64,67,112,3" hai2="124,52,79,108,34,92,59,131,48,10,30,61,115" hai3="63,35,109,39,73,96,132,66,50,31,54,91,16"/><U46/><E112/><V45/><F108/><W95/><G109/><T60/><D60/><U83/><E117/><V101/><F124/><W49/><G132/><T21/><D21/><U99/><E3/><V69/><F131/><W14/><G39/><T134/><D133/><U75/><E1/><V15/><F115/><W55/><G73/><T37/><D37/><U6/><E83/><V118/><F118/><W116/><G116/><T104/><D104/><U11/><E11/><V76/><F69/><W4/><G4/><AGARI ba="0,0" hai="0,2,4,6,40,43,46,47,64,67,74,75,98,99" machi="4" ten="25,9600,0" yaku="22,2,52,2" doraHai="62" who="1" fromWho="3" sc="250,0,282,96,250,0,218,-96" /><INIT seed="1,1,0,4,0,17" ten="250,378,250,122" oya="1" hai0="36,122,44,94,70,116,20,85,3,4,24,103,88" hai1="56,101,108,107,51,90,106,96,73,65,95,74,91" hai2="2,83,110,23,29,14,66,43,105,26,68,54,92" hai3="87,57,59,31,102,84,64,16,60,21,19,79,22"/><U67/><E51/><V93/><F105/><N who="1" m="39945" /><E56/><V126/><F2/><W130/><G130/><T5/><D116/><U50/><E50/><V11/><F110/><W1/><G1/><T12/><D70/><U45/><E45/><V33/><F126/><W118/><G118/><T25/><D122/><U52/><E52/><V98/><F43/><W111/><G111/><T76/><D103/><N who="1" m="60831" /><E65/><V53/><F33/><W115/><G115/><T47/><D76/><U120/><E67/><V80/><F92/><W58/><G102/><T61/><D61/><U132/><E108/><V75/><F75/><N who="1" m="28681" /><E120/><V100/><F54/><W15/><G79/><T128/><D128/><U99/><E132/><V133/><F133/><W104/><G104/><AGARI ba="1,0" hai="90,91,99,101,104" m="28681,60831,39945" machi="104" ten="30,12000,1" yaku="35,5" doraHai="17" who="1" fromWho="3" sc="250,0,378,123,250,0,122,-123" owari="250,5.0,501,60.1,250,-15.0,-1,-50.1" /></mjloggm>