<mjloggm ver="2.3"><GO type="225" lobby="0"/><UN n0="%E3%81%BE%E3%81%8B%E3%81%B7%E3%82%93" n1="%E9%A6%AC%E4%BA%86%E9%9A%94%E5%A3%81" n2="%E6%A1%9C%E8%8A%B1%E9%96%83%E3%80%85" n3="%E7%B4%94%E6%BD%94%E3%83%94%E3%83%A9%E3%83%8B%E3%82%A2" dan="16,17,17,17" rate="2053.71,2206.45,2211.06,2118.54" sx="M,M,M,M"/><TAIKYOKU oya="0"/><INIT seed="0,0,0,0,0,135" ten="250,250,250,250" oya="0" hai0="121,31,28,92,72,84,117,118,41,34,120,123,65" hai1="115,3,69,15,29,17,104,56,12,111,64,35,46" hai2="75,7,79,57,19,59,130,52,14,106,27,80,109" hai3="99,53,5,73,95,71,49,43,82,128,100,68,10"/><T91/><D72/><U93/><E104/><V2/><F109/><W112/><G43/><T116/><D34/><U94/><E69/><V23/><F130/><W22/><G22/><T48/><REACH who="0" step="1"/><D65/><REACH who="0" ten="240,250,250,250" step="2"/><U102/><E35/><V90/><F75/><W132/><G73/><T131/><D131/><U114/><E64/><V40/><F106/><W11/><G128/><T119/><N who="0" m="29696" /><DORA hai="63" /><T86/><D86/><U16/><E111/><V58/><F2/><W45/><G132/><T122/><N who="0" m="30720" /><DORA hai="89" /><T124/><D124/><U20/><E3/><V125/><F125/><W55/><G112/><T18/><D18/><U47/><E17/><V87/><F87/><W4/><G4/><T85/><D85/><U76/><E16/><V97/><F7/><W113/><G5/><T33/><D33/><U24/><E115/><V32/><F32/><W70/><G113/><T127/><D127/><U107/><E114/><V62/><F19/><W98/><G82/><T37/><D37/><U66/><E66/><V74/><F80/><W13/><G13/><T110/><D110/><U78/><E12/><V0/><F14/><W96/><G11/><T103/><D103/><U88/><E15/><V9/><F9/><W42/><G10/><T6/><D6/><U77/><E102/><V26/><F0/><W134/><G134/><T81/><D81/><U101/><E101/><V126/><F126/><W30/><G30/><T67/><D67/><U50/><E29/><V44/><F74/><W36/><G36/><T51/><D51/><U61/><E50/><V60/><F60/><W8/><G8/><RYUUKYOKU ba="0,1" sc="240,15,250,-15,250,-15,250,15" hai0="28,31,41,48,84,91,92" hai3="42,45,49,53,55,68,70,71,95,96,98,99,100" /><INIT seed="0,1,1,3,2,92" ten="255,235,235,265" oya="0" hai0="31,70,93,43,66,12,9,94,129,59,106,84,91" hai1="13,130,88,127,14,25,123,90,101,109,48,135,131" hai2="18,27,23,36,6,3,111,42,105,39,1,4,44" hai3="50,38,118,104,77,134,63,79,82,5,122,11,47"/><T132/><D106/><U121/><E109/><V85/><F111/><W117/><G38/><T119/><D119/><U28/><E127/><V83/><F105/><W55/><G134/><T56/><D132/><U45/><E135/><V58/><F39/><W37/><G37/><T34/><D129/><N who="1" m="49163" /><E101/><V114/><F114/><W97/><G122/><N who="1" m="46602" /><E13/><V113/><F113/><W80/><G63/><T7/><D43/><N who="1" m="24639" /><E14/><V20/><F1/><W57/><G117/><T99/><D34/><AGARI ba="1,1" hai="25,28,34,88,90" m="24639,46602,49163" machi="34" ten="30,2000,0" yaku="19,1,54,1" doraHai="92" who="1" fromWho="0" sc="255,-23,235,33,235,0,265,0" /><INIT seed="1,0,0,1,3,16" ten="232,268,235,265" oya="1" hai0="119,19,106,110,45,41,5,118,102,38,22,3,55" hai1="4,30,12,89,86,97,130,50,43,52,124,82,8" hai2="75,27,13,0,2,120,11,31,68,114,44,40,108" hai3="66,76,39,93,122,87,47,71,129,15,25,6,98"/><U28/><E124/><V83/><F120/><W48/><G39/><T134/><D110/><U65/><E130/><V115/><F68/><W88/><G122/><T10/><D134/><U78/><E43/><V128/><F108/><W33/><G129/><T7/><D7/><U105/><E65/><V58/><F58/><W26/><G33/><T116/><D55/><U37/><E37/><N who="2" m="21519" /><F128/><W92/><G71/><T73/><D73/><U29/><E105/><V32/><F13/><W99/><G66/><T109/><D109/><U54/><E50/><V79/><F2/><W112/><G112/><T117/><N who="0" m="29696" /><DORA hai="34" /><T121/><D121/><U20/><E20/><V85/><F85/><W18/><G6/><AGARI ba="0,0" hai="0,6,11,27,31,32,75,79,83,114,115" m="21519" machi="6" ten="30,3900,0" yaku="25,1,23,1,52,1" doraHai="16,34" who="2" fromWho="3" sc="232,0,268,0,235,39,265,-39" /><INIT seed="2,0,0,0,2,47" ten="232,268,274,226" oya="2" hai0="66,19,122,127,48,3,14,40,5,34,80,125,46" hai1="82,113,63,84,103,101,79,50,108,32,30,102,42" hai2="112,86,85,12,121,65,16,15,62,52,110,96,117" hai3="70,39,81,111,4,27,109,132,24,135,93,118,56"/><V69/><F112/><W44/><G70/><T60/><D122/><U54/><E113/><V71/><F121/><W91/><G81/><T78/><D34/><U133/><E108/><N who="3" m="41546" /><G56/><T26/><D26/><N who="3" m="9769" /><G4/><T21/><D3/><U17/><E133/><N who="3" m="51274" /><G118/><T10/><D10/><U67/><E42/><V95/><F71/><W55/><G39/><T73/><REACH who="0" step="1"/><D5/><REACH who="0" ten="222,268,274,226" step="2"/><U51/><E32/><V105/><F110/><W94/><G91/><T8/><D8/><U11/><E11/><V76/><F117/><W61/><G61/><T28/><D28/><U130/><E30/><V9/><F62/><W25/><G25/><T107/><D107/><U53/><E17/><V114/><F16/><W126/><G126/><T98/><D98/><U23/><E23/><V13/><F96/><W92/><G55/><T49/><D49/><N who="1" m="18443" /><E130/><V83/><F114/><W7/><G7/><T59/><AGARI ba="0,1" hai="14,19,21,40,46,48,59,60,66,73,78,80,125,127" machi="59" ten="30,4000,0" yaku="1,1,0,1,52,1,53,0" doraHai="47" doraHaiUra="119" who="0" fromWho="0" sc="222,50,268,-10,274,-20,226,-10" /><INIT seed="3,0,0,3,2,16" ten="272,258,254,216" oya="3" hai0="89,26,35,33,67,115,127,72,81,106,125,58,111" hai1="45,8,48,56,11,129,86,79,43,101,108,95,135" hai2="21,73,128,14,97,24,5,126,44,12,119,27,120" hai3="29,134,46,47,100,15,10,92,116,37,82,105,20"/><W78/><G105/><T31/><D111/><U88/><E108/><V42/><F119/><W57/><G37/><T54/><D115/><U40/><E129/><V4/><F73/><W30/><G116/><T102/><D67/><U3/><E135/><V19/><F128/><W64/><G134/><T7/><D7/><N who="2" m="2634" /><F97/><N who="3" m="59431" /><G82/><T90/><D35/><U99/><E3/><V80/><F80/><W107/><G78/><N who="0" m="44231" /><D102/><U41/><E79/><V109/><F109/><W71/><G71/><T74/><D106/><U25/><E56/><V22/><F126/><N who="0" m="48138" /><D74/><U98/><E98/><V70/><F70/><W114/><G107/><T133/><D133/><U84/><E25/><V63/><F63/><AGARI ba="0,0" hai="26,31,33,54,58,63,89,90" m="48138,44231" machi="63" ten="30,1000,0" yaku="18,1" doraHai="16" who="0" fromWho="2" sc="272,10,258,0,254,-10,216,0" /><INIT seed="4,0,0,5,0,97" ten="282,258,244,216" oya="0" hai0="44,76,133,46,27,32,123,71,117,10,134,61,95" hai1="42,89,23,113,66,111,124,62,50,73,126,135,34" hai2="29,30,81,9,5,52,69,100,98,14,63,33,109" hai3="12,60,102,6,90,64,74,41,68,45,80,54,8"/><T122/><D117/><U49/><E111/><V108/><F81/><W94/><G54/><T93/><D76/><U114/><E34/><V56/><F69/><W43/><G74/><T53/><D10/><U39/><E73/><V3/><F3/><W105/><G80/><T85/><D85/><U104/><E104/><V106/><REACH who="2" step="1"/><F33/><REACH who="2" ten="282,258,234,216" step="2"/><W36/><G43/><T72/><D32/><U115/><E115/><V82/><F82/><W75/><G75/><T20/><D72/><U130/><E114/><V107/><F107/><W99/><REACH who="3" step="1"/><G105/><REACH who="3" ten="282,258,234,206" step="2"/><T92/><D92/><U11/><E113/><V40/><F40/><W58/><G58/><T55/><D95/><U96/><E42/><V48/><F48/><W2/><G2/><T18/><D93/><U0/><E50/><V127/><F127/><W35/><G35/><T15/><D71/><U59/><E0/><V70/><F70/><W78/><G78/><T13/><D123/><U22/><E124/><V112/><F112/><W7/><G7/><T125/><D122/><U24/><E126/><V84/><F84/><W91/><AGARI ba="0,2" hai="6,8,12,36,41,45,60,64,68,90,91,94,99,102" machi="91" ten="30,7900,0" yaku="1,1,0,1,52,1,53,1" doraHai="97" doraHaiUra="37" who="3" fromWho="3" sc="282,-39,258,-20,234,-20,206,99" owari="243,4.3,238,-16.2,214,-28.6,305,40.5" /></mjloggm>