<mjloggm ver="2.3"><GO type="225" lobby="0"/><UN n0="%72%65%6E%6B%75%6E" n1="%E3%81%BF%E3%81%BF%E3%81%9A" n2="%61%6D%65%6B%69" n3="%4B%2E%32%2E%4B%2E" dan="17,18,16,16" rate="2231.43,2256.96,2085.87,2133.05" sx="M,M,M,M"/><TAIKYOKU oya="0"/><INIT seed="0,0,0,5,1,70" ten="250,250,250,250" oya="0" hai0="108,81,111,56,133,14,40,65,9,7,22,85,16" hai1="127,73,91,28,116,54,32,10,1,83,131,67,128" hai2="33,52,6,66,20,74,99,13,118,126,11,109,25" hai3="41,77,8,107,94,80,43,49,117,134,103,119,38"/><T51/><D133/><U90/><E116/><V45/><F74/><N who="3" m="43063" /><G49/><T120/><D120/><U98/><E67/><V3/><F118/><W86/><G43/><T92/><D92/><U35/><E127/><V37/><F109/><N who="0" m="42058" /><D65/><U47/><E10/><V27/><F126/><W102/><G102/><T44/><D56/><U0/><E54/><V36/><F66/><W89/><G134/><T26/><D81/><U129/><E47/><V69/><F69/><W50/><G50/><T122/><D122/><U24/><E35/><V93/><F33/><W61/><G61/><T60/><D85/><N who="1" m="50495" /><E73/><V58/><F45/><N who="3" m="23735" /><G8/><T76/><D76/><U88/><E98/><AGARI ba="0,0" hai="86,89,94,98,103,107,117,119" m="23735,43063" machi="98" ten="30,2000,0" yaku="24,1,52,1" doraHai="70" who="3" fromWho="1" sc="250,0,250,-20,250,0,250,20" /><INIT seed="1,0,0,4,3,60" ten="250,230,250,270" oya="1" hai0="110,95,57,44,134,59,102,112,124,64,83,16,32" hai1="79,37,48,96,94,111,106,11,25,127,81,10,18" hai2="29,17,80,19,35,56,78,129,14,69,4,5,120" hai3="131,97,100,63,23,122,58,40,73,7,132,13,21"/><U49/><E37/><V65/><F69/><W123/><G73/><T133/><D32/><U62/><E106/><V93/><F120/><W76/><G76/><T41/><D112/><U47/><E127/><V87/><F129/><W66/><G131/><T30/><D30/><U82/><E111/><V43/><F43/><W55/><G132/><N who="0" m="50795" /><D110/><U126/><E126/><V20/><F29/><W109/><G109/><T114/><D114/><U38/><E38/><V31/><F31/><W75/><G75/><T39/><D124/><U130/><E130/><V77/><F77/><W86/><G86/><T91/><D102/><U84/><E82/><V85/><F35/><W42/><G122/><T61/><D83/><U45/><E62/><N who="2" m="38087" /><F17/><W128/><G128/><T74/><D74/><U1/><E1/><V34/><F34/><W24/><G55/><T115/><D16/><U53/><E25/><V46/><F46/><W27/><G27/><T104/><D104/><U101/><REACH who="1" step="1"/><E18/><REACH who="1" ten="250,220,250,270" step="2"/><V88/><AGARI ba="0,1" hai="4,5,14,19,20,78,80,85,87,88,93" m="38087" machi="88" ten="30,4000,0" yaku="8,1,52,1,54,1" doraHai="60" who="2" fromWho="2" sc="250,-10,220,-20,250,50,270,-10" /><INIT seed="2,0,0,1,0,110" ten="240,200,300,260" oya="2" hai0="119,91,16,71,77,88,106,72,80,81,92,76,9" hai1="87,20,7,123,46,54,29,109,26,67,42,18,44" hai2="45,89,68,31,78,113,131,36,114,56,126,93,75" hai3="102,8,35,108,130,38,95,55,10,79,127,59,48"/><V121/><F68/><W13/><G35/><T112/><D71/><U57/><E109/><V61/><F121/><W63/><G108/><T99/><D119/><U14/><E123/><V33/><F131/><W101/><G130/><T43/><D43/><U30/><E67/><V17/><F126/><W134/><G127/><T40/><D40/><U3/><E3/><V98/><F36/><W47/><G38/><T58/><D58/><U53/><E7/><V4/><F4/><W6/><G134/><T15/><D106/><U11/><E42/><V22/><F45/><W27/><G27/><T1/><D1/><U41/><E41/><V62/><F31/><W100/><G79/><T49/><D49/><U23/><E87/><V104/><F104/><W115/><G10/><T28/><D28/><U120/><E120/><V52/><F62/><W73/><G73/><T128/><D128/><U2/><E54/><V12/><F33/><W96/><REACH who="3" step="1"/><G115/><REACH who="3" ten="240,200,300,250" step="2"/><T25/><D25/><N who="1" m="16551" /><E2/><V90/><F78/><W125/><G125/><T50/><D112/><U39/><E39/><V129/><F75/><W69/><G69/><T116/><D116/><U132/><E132/><V70/><F70/><W21/><G21/><T74/><REACH who="0" step="1"/><D50/><AGARI ba="0,1" hai="11,14,18,23,26,30,44,46,50,53,57" m="16551" machi="50" ten="30,1000,0" yaku="8,1" doraHai="110" who="1" fromWho="0" sc="240,-10,200,20,300,0,250,0" /><INIT seed="3,0,0,5,5,95" ten="230,220,300,250" oya="3" hai0="14,49,98,79,73,0,81,109,99,74,70,15,124" hai1="65,90,105,43,57,22,56,40,103,116,21,24,55" hai2="66,61,131,129,88,47,44,11,94,32,117,3,59" hai3="28,135,16,113,101,108,71,69,63,54,119,48,60"/><W34/><G113/><T126/><D0/><U134/><E105/><V72/><F72/><W4/><G119/><T1/><D1/><U91/><E103/><V62/><F32/><W118/><G118/><T45/><D70/><U100/><E100/><V25/><F25/><W123/><G123/><T76/><D109/><U115/><E115/><V33/><F33/><W128/><G128/><N who="2" m="49225" /><F117/><W130/><G130/><T82/><D49/><N who="1" m="30831" /><E116/><V2/><F62/><W46/><G135/><T39/><REACH who="0" step="1"/><D45/><REACH who="0" ten="220,220,300,250" step="2"/><N who="2" m="17482" /><F11/><W120/><G108/><T9/><D9/><U51/><E134/><V77/><F77/><W12/><G71/><T125/><D125/><U10/><E10/><V20/><F20/><W78/><G69/><T111/><D111/><U85/><E21/><V18/><F18/><W26/><G78/><T133/><D133/><U41/><E51/><V8/><F8/><W6/><G6/><T122/><D122/><U84/><E57/><V67/><F67/><W7/><G7/><T89/><D89/><N who="1" m="33803" /><E65/><V102/><F102/><W52/><G101/><T27/><D27/><U31/><AGARI ba="0,1" hai="22,24,31,40,41,43,84,85" m="33803,30831" machi="31" ten="30,1100,0" yaku="8,1" doraHai="95" who="1" fromWho="1" sc="220,-3,220,21,300,-3,250,-5" /><INIT seed="4,0,0,4,1,135" ten="217,241,297,245" oya="0" hai0="20,5,76,103,134,107,120,105,98,71,133,14,113" hai1="68,115,80,102,75,41,37,130,96,131,8,1,124" hai2="66,122,126,64,40,72,34,56,11,43,25,12,19" hai3="24,99,49,26,59,35,13,39,63,90,117,55,104"/><T42/><D120/><U69/><E41/><N who="2" m="15947" /><F72/><W45/><G117/><T82/><D71/><U46/><E46/><V89/><F34/><W32/><G39/><T109/><D113/><U65/><E37/><V30/><F122/><W51/><G51/><T119/><D119/><U85/><E65/><N who="2" m="25195" /><F126/><W7/><G32/><T132/><D109/><U108/><E108/><V87/><F56/><W88/><G104/><N who="0" m="63607" /><D42/><U106/><E115/><V127/><F127/><W57/><G35/><T38/><D38/><U9/><E124/><V74/><F74/><W6/><G59/><T129/><D129/><N who="1" m="49163" /><E75/><V86/><F89/><W70/><G70/><N who="1" m="27242" /><E1/><V0/><F0/><W28/><G99/><T4/><D20/><U21/><E21/><N who="2" m="13503" /><F30/><W54/><G28/><T95/><D95/><U29/><E29/><V10/><F10/><N who="3" m="4311" /><G7/><AGARI ba="0,0" hai="7,11,12,86,87" m="13503,25195,15947" machi="7" ten="30,1000,0" yaku="8,1" doraHai="135" who="2" fromWho="3" sc="217,0,241,0,297,10,245,-10" owari="217,-28.3,241,4.1,307,40.7,235,-16.5" /></mjloggm>