<mjloggm ver="2.3"><GO type="225" lobby="0"/><UN n0="%6D%75%75%6D%75%72%61" n1="%47%32%E9%BE%8D%E9%96%80" n2="%E3%82%B7%E3%83%B3%E5%A4%AA%E6%9C%97" n3="%72%69%6F%75%63%68%61%6E" dan="16,16,16,16" rate="2120.21,2136.16,2153.41,2177.57" sx="F,M,M,M"/><TAIKYOKU oya="0"/><INIT seed="0,0,0,3,4,2" ten="250,250,250,250" oya="0" hai0="58,78,26,52,75,77,3,105,39,64,109,79,67" hai1="15,19,55,38,126,4,99,57,0,30,23,113,10" hai2="87,71,101,110,134,6,16,116,41,89,60,54,90" hai3="125,36,97,35,24,40,74,12,31,59,122,117,94"/><T81/><D39/><U108/><E108/><V69/><F134/><W128/><G117/><T32/><D109/><U62/><E38/><V76/><F110/><W63/><G125/><T133/><D105/><U25/><E126/><V66/><F101/><W45/><G128/><T28/><D133/><U93/><E113/><V131/><F71/><W85/><G74/><T7/><D78/><U91/><REACH who="1" step="1"/><E0/><REACH who="1" ten="250,240,250,250" step="2"/><V29/><F131/><W49/><G36/><T18/><D77/><U115/><E115/><V1/><F76/><W72/><G122/><T14/><D3/><U95/><E95/><V86/><F1/><W119/><G119/><T44/><D79/><U33/><E33/><V73/><F116/><W118/><G72/><T46/><D75/><U130/><E130/><V27/><F73/><W50/><G118/><T68/><D81/><U132/><E132/><V47/><F69/><W100/><G85/><T56/><D68/><U48/><E48/><V11/><F87/><W53/><G12/><T20/><D14/><U124/><E124/><V34/><F86/><W106/><REACH who="3" step="1"/><G50/><REACH who="3" ten="250,240,250,240" step="2"/><T104/><D32/><U80/><E80/><V22/><F34/><W112/><G112/><T135/><D135/><U42/><E42/><V120/><F41/><W98/><G98/><T37/><D37/><U13/><E13/><V51/><F51/><W127/><G127/><T107/><D107/><AGARI ba="0,2" hai="24,31,35,40,45,49,53,59,63,94,97,100,106,107" machi="107" ten="40,1300,0" yaku="1,1,53,0" doraHai="2" doraHaiUra="5" who="3" fromWho="0" sc="250,-13,240,0,250,0,240,33" /><INIT seed="1,0,0,5,1,43" ten="237,240,250,273" oya="1" hai0="67,98,28,77,69,39,100,97,19,49,76,45,16" hai1="68,72,73,42,20,89,122,21,51,34,116,10,111" hai2="128,47,123,38,125,130,79,41,133,18,132,87,110" hai3="96,115,52,109,91,92,93,113,63,6,95,55,35"/><U22/><E116/><V58/><F123/><W33/><G6/><T121/><D39/><U103/><E122/><V4/><F4/><W44/><G109/><T1/><D121/><U36/><E34/><V8/><F110/><W12/><G12/><T15/><D1/><U2/><E68/><V3/><F79/><W61/><G96/><T9/><D28/><U114/><E114/><N who="3" m="43530" /><G91/><T5/><D67/><U54/><E111/><V24/><F87/><W71/><G71/><T53/><D69/><U30/><E103/><V99/><F99/><N who="0" m="37898" /><D100/><U107/><E30/><V70/><F70/><W0/><G44/><T86/><D77/><U124/><E107/><V75/><F75/><W129/><G0/><T27/><D27/><U13/><E2/><V11/><F24/><W120/><G120/><T101/><D101/><U119/><E119/><V104/><F104/><W66/><G66/><T59/><D59/><U74/><E36/><V26/><F58/><W82/><G82/><AGARI ba="0,0" hai="5,9,15,16,19,45,49,53,76,82,86" m="37898" machi="82" ten="30,3900,0" yaku="8,1,52,1,54,1" doraHai="43" who="0" fromWho="3" sc="237,39,240,0,250,0,273,-39" /><INIT seed="2,0,0,4,4,57" ten="276,240,250,234" oya="2" hai0="100,23,52,9,41,18,28,21,7,71,63,114,6" hai1="131,72,56,64,102,59,101,84,48,51,77,2,24" hai2="134,4,108,19,47,86,78,75,14,66,115,110,118" hai3="74,13,130,11,0,73,68,34,90,12,111,43,117"/><V10/><F118/><W129/><G117/><T40/><D114/><U36/><E36/><V99/><F115/><W44/><G111/><N who="2" m="42537" /><F134/><W120/><G120/><T132/><D132/><U67/><E2/><V109/><N who="2" m="42545" /><V128/><DORA hai="29" /><F128/><N who="3" m="49259" /><G68/><T33/><D100/><N who="1" m="38507" /><E72/><N who="3" m="27754" /><G34/><T122/><D33/><U96/><E96/><V70/><F75/><W30/><G30/><T83/><D83/><N who="1" m="47215" /><E24/><V95/><F47/><W27/><G27/><T8/><D71/><U93/><E93/><V15/><F66/><N who="1" m="25129" /><E131/><V53/><F70/><W105/><G105/><T112/><D122/><U127/><E127/><V17/><F53/><W16/><G90/><T50/><D52/><U45/><E48/><V20/><F78/><W94/><G94/><T80/><D50/><U32/><E32/><V126/><F86/><W61/><G12/><T65/><D80/><U107/><E107/><V116/><F116/><W60/><G0/><T121/><D121/><U25/><E25/><V133/><F133/><W1/><G1/><T3/><D3/><U92/><E92/><V49/><F49/><AGARI ba="0,0" hai="11,13,16,43,44,49,60,61" m="27754,49259" machi="49" ten="30,7700,0" yaku="19,1,52,2,54,1" doraHai="57,29" who="3" fromWho="2" sc="276,0,240,0,250,-77,234,77" /><INIT seed="3,0,0,5,0,109" ten="276,240,173,311" oya="3" hai0="48,116,126,108,92,49,44,25,5,64,45,71,22" hai1="31,124,1,18,91,53,75,95,117,60,11,105,12" hai2="38,90,107,134,85,24,52,129,86,102,103,9,58" hai3="120,10,100,37,73,133,118,114,65,81,127,94,82"/><W26/><G114/><T50/><D116/><U78/><E105/><V51/><F129/><W123/><G118/><T110/><D126/><U63/><E117/><V70/><F134/><W21/><G37/><T30/><D5/><U36/><E36/><V99/><F70/><W69/><G73/><T2/><D2/><U17/><E1/><V125/><F125/><W33/><G33/><T121/><D121/><U74/><E124/><V72/><F38/><W0/><G127/><T96/><D64/><U41/><E41/><V47/><F72/><W6/><G133/><T104/><D104/><U59/><E31/><V61/><F24/><W16/><G82/><T101/><REACH who="0" step="1"/><D71/><REACH who="0" ten="266,240,173,311" step="2"/><U43/><E75/><V106/><F9/><W119/><G119/><T13/><D13/><U32/><E12/><V115/><F115/><W130/><G65/><T88/><D88/><U80/><E11/><V66/><REACH who="2" step="1"/><F90/><REACH who="2" ten="266,240,163,311" step="2"/><W29/><G69/><T19/><D19/><U84/><E17/><V79/><F79/><W97/><G130/><T28/><D28/><U3/><E18/><V89/><F89/><W35/><G35/><T111/><AGARI ba="0,2" hai="22,25,30,44,45,48,49,50,92,96,101,108,110,111" machi="111" ten="40,5200,0" yaku="1,1,0,1,14,1,53,0" doraHai="109" doraHaiUra="76" who="0" fromWho="0" sc="266,72,240,-13,163,-13,311,-26" owari="338,43.8,227,-17.3,150,-35.0,285,8.5" /></mjloggm>