<mjloggm ver="2.3"><GO type="225" lobby="0"/><UN n0="%E6%81%A5%E6%99%92%E3%81%97" n1="%4B%2E%32%2E%4B%2E" n2="%6D%75%75%73%61%6E%6D%75" n3="%79%75%72%69%6D%6F%67" dan="16,16,17,16" rate="2104.49,2158.27,2174.35,2165.29" sx="M,M,F,F"/><TAIKYOKU oya="0"/><INIT seed="0,0,0,5,2,25" ten="250,250,250,250" oya="0" hai0="55,89,109,73,120,7,3,113,13,93,17,70,61" hai1="134,122,87,33,127,52,126,20,75,123,4,42,100" hai2="107,72,31,8,115,54,15,67,121,66,94,40,65" hai3="124,119,49,18,91,45,98,37,50,101,39,12,27"/><T74/><D113/><U103/><E75/><V92/><F115/><W34/><G119/><T99/><D120/><N who="1" m="46123" /><E33/><V116/><F121/><W47/><G91/><T57/><D109/><U131/><E42/><V22/><F107/><W23/><G124/><N who="1" m="47658" /><E4/><V78/><F116/><W82/><G82/><T105/><D105/><U62/><E20/><V135/><F135/><W11/><G34/><T125/><D125/><U30/><E134/><V0/><F40/><W32/><G32/><T44/><D70/><U68/><E131/><V5/><F54/><W63/><G63/><T21/><REACH who="0" step="1"/><D44/><REACH who="0" ten="240,250,250,250" step="2"/><U112/><E112/><V114/><F114/><W60/><G47/><T53/><D53/><U38/><E68/><V10/><F67/><W2/><G45/><T88/><D88/><U1/><E52/><V128/><F66/><W36/><G60/><T84/><D84/><U16/><E87/><V79/><F65/><W81/><G101/><T46/><D46/><U85/><E85/><V133/><F128/><W51/><G98/><T71/><D71/><U118/><E118/><V6/><F133/><W104/><G104/><T41/><D41/><U35/><E103/><V90/><F90/><W106/><G106/><T29/><D29/><U130/><E100/><V59/><F59/><W64/><G64/><T80/><D80/><U76/><E130/><V117/><F117/><W95/><G81/><T77/><D77/><N who="2" m="29194" /><F72/><W86/><G95/><N who="2" m="36393" /><F31/><N who="3" m="17919" /><G86/><T69/><D69/><U111/><E62/><V9/><F0/><W14/><G2/><T83/><D83/><U19/><E1/><V58/><F58/><RYUUKYOKU ba="0,1" sc="240,10,250,-30,250,10,250,10" hai0="3,7,13,17,21,55,57,61,73,74,89,93,99" hai2="5,6,8,9,10,15,22" hai3="11,12,14,18,36,37,39,49,50,51" /><INIT seed="0,1,1,3,4,52" ten="250,220,260,260" oya="0" hai0="129,95,12,79,34,107,44,135,131,89,20,10,58" hai1="60,88,103,117,64,126,40,33,54,67,127,72,31" hai2="119,112,90,128,14,45,51,26,55,91,62,56,30" hai3="16,8,82,130,121,71,28,116,134,66,29,68,4"/><T27/><D107/><U110/><E117/><V32/><F112/><W77/><G116/><T115/><D115/><U63/><E72/><V0/><F0/><W53/><G130/><N who="0" m="49675" /><D135/><U118/><E118/><V11/><F128/><W83/><G134/><T19/><D79/><U21/><E33/><V105/><F105/><W37/><G121/><T5/><D44/><U73/><E73/><V94/><F119/><W59/><G66/><N who="1" m="25130" /><E103/><V120/><F120/><W97/><G68/><T39/><D39/><U109/><E40/><V74/><F74/><W80/><G71/><T36/><D36/><U7/><E7/><V98/><F90/><W100/><G77/><T1/><D58/><N who="1" m="34903" /><E63/><V69/><F69/><W38/><G38/><T6/><D6/><U9/><E88/><V104/><F104/><W93/><G37/><T61/><D61/><U132/><E9/><V75/><F75/><W78/><G78/><T92/><D89/><U124/><E132/><V23/><F32/><W48/><G4/><T101/><D101/><U106/><E106/><V17/><F62/><W43/><G43/><T22/><D34/><U133/><E133/><V3/><F3/><W47/><G47/><AGARI ba="1,1" hai="11,14,17,23,26,30,45,47,51,55,56,91,94,98" machi="47" ten="40,2600,0" yaku="8,1,52,1" doraHai="52" who="2" fromWho="3" sc="250,0,220,0,260,39,260,-29" /><INIT seed="1,0,0,3,2,106" ten="250,220,299,231" oya="1" hai0="64,116,132,131,34,4,52,55,109,84,135,96,62" hai1="15,9,87,42,23,51,130,41,79,125,6,69,48" hai2="32,67,94,128,113,31,27,19,97,47,110,81,112" hai3="82,1,117,86,0,59,88,12,5,133,40,53,17"/><U29/><E69/><V91/><F110/><W78/><G133/><N who="0" m="51275" /><D116/><U49/><E125/><V61/><F128/><W24/><G117/><T120/><D109/><U129/><E29/><V28/><F47/><W58/><G40/><T16/><D34/><U2/><E2/><V65/><F31/><W14/><G59/><N who="0" m="36959" /><D4/><U92/><E23/><V114/><F61/><W30/><G5/><T57/><D131/><N who="1" m="50187" /><E79/><V50/><F50/><N who="1" m="12801" /><U60/><DORA hai="74" /><E60/><V73/><F19/><W127/><G58/><T54/><D120/><U124/><E124/><V76/><AGARI ba="0,0" hai="27,28,32,65,67,73,76,81,91,94,97,112,113,114" machi="76" ten="40,8000,1" yaku="0,1,11,1,52,2" doraHai="106,74" who="2" fromWho="2" sc="250,-20,220,-40,299,80,231,-20" /><INIT seed="2,0,0,5,3,58" ten="230,180,379,211" oya="2" hai0="50,38,44,86,54,87,32,15,52,102,85,63,96" hai1="135,112,82,69,28,93,103,10,13,100,36,110,68" hai2="94,61,126,41,2,60,79,122,66,45,129,64,107" hai3="124,130,106,99,8,23,14,57,105,108,51,134,37"/><V114/><F107/><W65/><G108/><T24/><D38/><U127/><E112/><V90/><F114/><W12/><G130/><T11/><D32/><U34/><E36/><V132/><F2/><W7/><G124/><T113/><D24/><U91/><E110/><V19/><F122/><W9/><G134/><T21/><D21/><U84/><E135/><V83/><F132/><W121/><G37/><T48/><D113/><U59/><E127/><V128/><F19/><W117/><G117/><T89/><D89/><U119/><E119/><V53/><F53/><W109/><G121/><T118/><D118/><U98/><E103/><V88/><F126/><W22/><G109/><T95/><D63/><N who="2" m="24138" /><F45/><W33/><G33/><T80/><D80/><U92/><E59/><V6/><F94/><W46/><G99/><T70/><D70/><U43/><E43/><V101/><F41/><N who="3" m="25039" /><G106/><T75/><D75/><U20/><E34/><V97/><F97/><W72/><G72/><T62/><D44/><U123/><E123/><V42/><F101/><W17/><G105/><T39/><D54/><U18/><E68/><V115/><F42/><W5/><G17/><N who="0" m="8447" /><D39/><U56/><E56/><AGARI ba="0,0" hai="48,50,52,56,62,85,86,87,95,96,102" m="8447" machi="56" ten="30,3900,0" yaku="8,1,52,1,54,1" doraHai="58" who="0" fromWho="1" sc="230,39,180,-39,379,0,211,0" /><INIT seed="3,0,0,2,3,86" ten="269,141,379,211" oya="3" hai0="123,7,135,4,79,54,111,74,56,128,109,25,36" hai1="6,27,97,71,124,103,69,105,43,67,14,58,24" hai2="19,22,17,29,60,39,15,126,76,118,45,0,88" hai3="18,70,106,52,99,85,28,129,1,48,96,110,130"/><W114/><G70/><T80/><D123/><U68/><E124/><V78/><F0/><W92/><G114/><T55/><D128/><N who="3" m="49257" /><G1/><T121/><D135/><U82/><E43/><V34/><F118/><W5/><G5/><T94/><D55/><U23/><E67/><V84/><F126/><W116/><G116/><T59/><D59/><U66/><E66/><V33/><F33/><W8/><G28/><T95/><D25/><U127/><E127/><V20/><F29/><W125/><G125/><T132/><D36/><U2/><E2/><V120/><F34/><W108/><G8/><T30/><D30/><U117/><E58/><V93/><F19/><W119/><G18/><T107/><D132/><U101/><E117/><V134/><F17/><W26/><G26/><T53/><D7/><U64/><E64/><V61/><F15/><W42/><G42/><T75/><D4/><U112/><E112/><V122/><F134/><W11/><G11/><T3/><D3/><U35/><E101/><V87/><F22/><W50/><G119/><T47/><D121/><U83/><E35/><V10/><F10/><W102/><G85/><T40/><D40/><U98/><E98/><N who="2" m="57639" /><F122/><W41/><G41/><T73/><D75/><U44/><E44/><V81/><F120/><W113/><G113/><T77/><D47/><U57/><E57/><V90/><F20/><W63/><G63/><T91/><D56/><U51/><E51/><N who="3" m="19498" /><G52/><T89/><D54/><U13/><E6/><V100/><F60/><W9/><G9/><T72/><D53/><U31/><E24/><V104/><F61/><RYUUKYOKU ba="0,0" sc="269,-15,141,15,379,-15,211,15" hai1="13,14,23,27,31,68,69,71,82,83,97,103,105" hai3="92,96,99,102,106,108,110" /><INIT seed="3,1,0,2,0,122" ten="254,156,364,226" oya="3" hai0="34,7,133,111,118,81,80,25,70,30,69,32,15" hai1="50,48,12,36,67,102,90,72,95,84,26,71,8" hai2="55,114,23,135,108,11,99,134,89,132,112,54,96" hai3="120,13,68,125,117,130,92,42,27,44,37,4,77"/><W57/><G117/><T14/><D118/><U46/><E72/><V20/><F108/><W28/><G120/><T9/><D111/><U16/><E36/><V39/><F39/><W88/><G68/><T47/><D47/><U3/><E3/><V51/><F11/><W18/><G125/><T38/><D38/><U124/><E124/><V40/><F40/><W10/><G130/><T74/><D133/><U49/><E71/><V104/><F89/><W103/><G57/><T94/><D94/><U2/><E2/><V115/><F54/><W126/><G77/><T109/><D9/><U113/><E113/><V41/><F41/><W21/><G103/><T85/><D85/><U0/><E0/><V106/><F96/><W59/><G59/><T56/><D56/><U63/><E67/><V53/><F53/><W79/><G79/><T75/><D25/><U1/><E1/><V110/><F110/><W119/><G119/><T19/><D109/><U97/><E26/><V60/><F60/><W5/><REACH who="3" step="1"/><G126/><REACH who="3" ten="254,156,364,216" step="2"/><T101/><D101/><U105/><REACH who="1" step="1"/><E63/><REACH who="1" ten="254,146,364,216" step="2"/><V87/><F115/><W45/><G45/><AGARI ba="1,2" hai="8,12,16,45,46,48,49,50,84,90,95,97,102,105" machi="45" ten="40,5200,0" yaku="1,1,2,1,54,1,53,0" doraHai="122" doraHaiUra="66" who="1" fromWho="3" sc="254,0,146,75,364,0,216,-55" owari="254,5.4,221,-17.9,364,46.4,161,-33.9" /></mjloggm>