<mjloggm ver="2.3"><GO type="225" lobby="0"/><UN n0="%E5%AE%AE%E4%BF%9D%E9%B6%8F%E8%82%89" n1="%E9%AD%9A%E8%B0%B7%E4%BE%91%E7%BE%8E" n2="%E6%B4%BE%E9%81%A3%E3%81%AE%E3%82%B8%E3%83%A3%E3%83%83%E3%82%AF" n3="%E3%81%B2%E3%81%AA%E3%81%AE%E3%82%8A%E3%81%8F" dan="16,17,17,17" rate="2107.35,2147.19,2181.51,2236.47" sx="M,M,M,M"/><TAIKYOKU oya="0"/><INIT seed="0,0,0,2,0,87" ten="250,250,250,250" oya="0" hai0="81,49,16,10,44,115,68,34,33,118,116,76,135" hai1="113,91,70,4,121,22,21,128,23,19,103,90,14" hai2="112,86,11,31,25,58,66,104,129,12,122,111,9" hai3="133,94,72,35,99,36,3,1,117,75,108,119,48"/><T69/><D115/><U45/><E121/><V18/><F112/><W82/><G35/><T42/><D135/><U24/><E113/><V127/><F122/><W109/><G36/><T106/><D106/><U0/><E70/><V2/><F104/><W125/><G133/><T71/><D33/><U37/><E128/><V126/><F111/><N who="3" m="42571" /><G125/><N who="2" m="47625" /><F129/><W79/><G48/><T101/><D34/><U52/><E103/><V54/><F66/><W8/><G8/><T32/><D32/><U59/><E0/><N who="3" m="74" /><G72/><T73/><REACH who="0" step="1"/><D101/><AGARI ba="0,0" hai="75,79,82,94,99,101,117,119" m="74,42571" machi="101" ten="30,1000,0" yaku="14,1" doraHai="87" who="3" fromWho="0" sc="250,-10,250,0,250,0,250,10" /><INIT seed="1,0,0,0,5,70" ten="240,250,250,260" oya="1" hai0="79,135,35,56,94,109,1,46,77,110,40,58,53" hai1="90,95,10,39,120,52,16,66,42,78,102,83,115" hai2="97,21,92,104,98,133,64,43,105,132,9,112,72" hai3="37,49,111,117,13,51,6,107,14,20,74,59,15"/><U65/><E115/><V103/><F64/><W89/><G6/><T60/><D35/><U44/><E120/><V91/><F9/><W11/><G11/><T129/><D1/><U4/><E102/><V34/><F34/><W55/><G107/><T80/><D135/><N who="2" m="51786" /><F21/><W84/><G111/><N who="0" m="42507" /><D129/><U36/><E36/><V23/><F23/><W17/><G74/><T25/><D25/><U131/><E131/><V19/><F19/><W57/><G37/><N who="0" m="21775" /><D80/><U100/><E100/><N who="2" m="62615" /><F43/><W118/><G118/><T125/><D125/><U12/><E4/><V121/><F72/><W122/><G122/><T96/><D56/><N who="3" m="21577" /><G117/><T62/><D62/><U8/><E8/><V87/><F121/><W18/><G18/><T24/><D24/><U68/><E68/><V71/><F71/><W85/><G85/><T0/><D0/><U113/><E113/><AGARI ba="0,0" hai="87,91,92,97,103,104,112,113" m="62615,51786" machi="113" ten="30,3900,0" yaku="20,1,34,2" doraHai="70" who="2" fromWho="1" sc="240,0,250,-39,250,39,260,0" /><INIT seed="2,0,0,2,0,36" ten="240,211,289,260" oya="2" hai0="125,109,89,73,41,104,87,11,122,17,40,45,49" hai1="103,16,38,77,101,99,78,53,111,35,31,55,63" hai2="94,24,97,91,85,7,57,14,124,92,21,56,79" hai3="25,64,6,28,98,52,1,100,114,61,80,118,50"/><V106/><F106/><W130/><G118/><T102/><D122/><U22/><E111/><V68/><F68/><W88/><G130/><T15/><D73/><U132/><E132/><V81/><F124/><W2/><G114/><T113/><D113/><U76/><E38/><V42/><F92/><W127/><G127/><T120/><D120/><U134/><E134/><V129/><F129/><W115/><G6/><T46/><D109/><U84/><E35/><V5/><F42/><N who="0" m="16490" /><D104/><U66/><E31/><N who="2" m="17807" /><F7/><W0/><G115/><T8/><D125/><U112/><E84/><V51/><F51/><W93/><G80/><N who="0" m="49383" /><D102/><U12/><E103/><V126/><F126/><W18/><G100/><T54/><D46/><U43/><E43/><V23/><F5/><W59/><G18/><AGARI ba="0,0" hai="14,18,23,56,57,79,81,85,91,94,97" m="17807" machi="18" ten="30,1500,0" yaku="8,1" doraHai="36" who="2" fromWho="3" sc="240,0,211,0,289,15,260,-15" /><INIT seed="2,1,0,5,1,41" ten="240,211,304,245" oya="2" hai0="51,134,111,128,66,83,9,132,11,115,74,98,17" hai1="127,129,64,123,92,34,124,77,113,82,5,33,38" hai2="40,2,57,96,8,125,43,25,100,46,20,109,0" hai3="118,50,78,88,30,126,48,3,97,63,19,84,86"/><V103/><F125/><N who="1" m="48201" /><E38/><V107/><F103/><W14/><G3/><T102/><D115/><U95/><E113/><V62/><F109/><W58/><G126/><T89/><D111/><U36/><E36/><V72/><F72/><W39/><G39/><T85/><D128/><U119/><E119/><V116/><F116/><W71/><G71/><T122/><D122/><U117/><E117/><V44/><F8/><W10/><G30/><T76/><D66/><U69/><E5/><V73/><F73/><W45/><G118/><T105/><D51/><U52/><E129/><V114/><F114/><W18/><G18/><T110/><D110/><U104/><E104/><V133/><F133/><N who="0" m="51306" /><D17/><U53/><E123/><V32/><F32/><N who="1" m="12393" /><E95/><AGARI ba="1,0" hai="9,11,74,76,83,85,89,95,98,102,105" m="51306" machi="95" ten="30,2000,0" yaku="24,1,20,1" doraHai="41" who="0" fromWho="1" sc="240,23,211,-23,304,0,245,0" /><INIT seed="3,0,0,4,0,28" ten="263,188,304,245" oya="3" hai0="30,45,59,36,46,54,92,124,130,11,123,24,2" hai1="132,79,62,23,76,89,122,22,50,7,66,32,67" hai2="65,29,111,4,99,40,110,20,113,126,128,73,75" hai3="0,115,52,133,3,112,101,48,44,106,58,72,125"/><W95/><G106/><T13/><D2/><U107/><E122/><V90/><F113/><W43/><G72/><T61/><D36/><U77/><E107/><V42/><F126/><W120/><G120/><T63/><D123/><U105/><E105/><V21/><F4/><W19/><G125/><T39/><D39/><U51/><E132/><V118/><F118/><W18/><G133/><T103/><D130/><U82/><E7/><V25/><F128/><W129/><G129/><T100/><D61/><U70/><E32/><V35/><F65/><N who="1" m="24585" /><E62/><V98/><F90/><W131/><G131/><T16/><D124/><U10/><E10/><V104/><F104/><W121/><G121/><T78/><D78/><N who="1" m="19971" /><U37/><DORA hai="127" /><E37/><V87/><F35/><W80/><G3/><T102/><REACH who="0" step="1"/><D92/><REACH who="0" ten="253,188,304,245" step="2"/><U34/><E70/><V74/><F74/><W38/><G0/><T85/><D85/><N who="1" m="50359" /><E34/><AGARI ba="0,1" hai="11,13,16,24,30,34,45,46,54,59,63,100,102,103" machi="34" ten="40,5200,0" yaku="1,1,52,1,54,1,53,0" doraHai="28,127" doraHaiUra="93,83" who="0" fromWho="1" sc="253,62,188,-52,304,0,245,0" owari="315,41.5,136,-36.4,304,10.4,245,-15.5" /></mjloggm>