<mjloggm ver="2.3"><GO type="225" lobby="0"/><UN n0="%E6%A1%9C%E8%8A%B1%E9%96%83%E3%80%85" n1="%E7%AD%89%E3%80%85%E5%8A%9B%E5%8A%87%E5%A0%B4" n2="%E3%81%A9%E3%82%93%E3%82%88%E3%81%8F%4D%6B%2E%32" n3="%E8%81%B7%E6%A5%AD%E3%80%81%E9%A2%A8%32" dan="16,16,16,16" rate="2113.51,2144.95,2205.75,2162.45" sx="M,M,M,M"/><TAIKYOKU oya="0"/><INIT seed="0,0,0,4,2,21" ten="250,250,250,250" oya="0" hai0="73,5,119,83,87,43,45,84,101,11,64,37,47" hai1="36,66,39,71,23,75,31,49,116,53,69,86,60" hai2="131,38,94,128,32,28,63,52,93,8,134,41,16" hai3="135,2,91,90,113,92,81,96,109,58,29,27,89"/><T103/><D119/><U70/><E75/><V130/><F134/><W34/><G113/><T19/><D64/><U107/><E107/><V125/><F125/><W110/><G135/><T106/><D19/><U112/><E116/><V127/><F127/><W6/><G58/><T15/><D47/><U55/><E86/><V133/><F133/><W35/><G81/><T12/><D12/><U46/><E31/><V20/><F8/><N who="3" m="2135" /><G35/><T18/><D18/><U114/><E23/><V7/><F7/><W74/><G74/><T126/><D126/><U57/><REACH who="1" step="1"/><E66/><REACH who="1" ten="250,240,250,250" step="2"/><V3/><F28/><W54/><G29/><T1/><D106/><U42/><E42/><V95/><F41/><W82/><G96/><T98/><D98/><U26/><E26/><N who="2" m="14599" /><F32/><W115/><G34/><T99/><D99/><U77/><E77/><V61/><F3/><W4/><G27/><T97/><D15/><U56/><E56/><N who="2" m="34951" /><F63/><W121/><G115/><AGARI ba="0,1" hai="36,39,46,49,53,55,57,60,69,70,71,112,114,115" machi="115" ten="50,8000,1" yaku="1,1,11,1,34,3,53,0" doraHai="21" doraHaiUra="80" who="1" fromWho="3" sc="250,0,240,90,250,0,250,-80" /><INIT seed="1,0,0,1,2,28" ten="250,330,250,170" oya="1" hai0="5,26,79,128,76,15,3,96,56,82,87,18,98" hai1="126,46,88,33,47,116,113,17,133,41,121,59,30" hai2="103,68,6,2,19,93,34,11,106,38,120,40,55" hai3="107,42,114,58,100,95,64,9,51,65,12,20,112"/><U36/><E113/><V131/><F68/><W23/><G107/><T45/><D128/><U32/><E116/><V102/><F106/><W110/><G110/><T85/><D3/><U127/><E121/><V60/><F120/><W134/><G114/><T54/><D45/><U37/><E30/><V66/><F55/><W24/><G112/><T90/><D26/><U73/><E73/><V84/><F19/><W4/><G134/><T78/><D87/><U1/><E1/><V29/><F131/><W22/><G24/><T108/><D5/><U104/><E104/><V25/><F84/><W119/><G119/><T72/><D72/><U111/><E133/><V97/><F40/><W74/><G74/><T49/><REACH who="0" step="1"/><D108/><REACH who="0" ten="240,330,250,170" step="2"/><U117/><E117/><V16/><F38/><W31/><G31/><T89/><D89/><U118/><E118/><V43/><F43/><W63/><G42/><T124/><D124/><U75/><E75/><V81/><F102/><W57/><G100/><T0/><D0/><U44/><E111/><V130/><F130/><W14/><G14/><T7/><D7/><U109/><E109/><V94/><F103/><W67/><REACH who="3" step="1"/><G95/><REACH who="3" ten="240,330,250,160" step="2"/><T105/><D105/><U83/><E41/><V35/><F94/><W52/><AGARI ba="0,2" hai="4,9,12,20,22,23,51,52,57,58,63,64,65,67" machi="52" ten="30,8000,1" yaku="1,1,2,1,0,1,8,1,54,1,53,0" doraHai="28" doraHaiUra="92" who="3" fromWho="3" sc="240,-20,330,-40,250,-20,160,100" /><INIT seed="2,0,0,5,2,117" ten="220,290,230,260" oya="2" hai0="96,5,33,30,14,122,71,120,131,123,48,54,85" hai1="79,59,76,89,34,21,25,44,99,103,80,17,56" hai2="91,134,35,127,2,70,107,31,105,6,73,135,38" hai3="78,81,36,132,106,119,101,40,51,64,114,4,47"/><V18/><F91/><W57/><G114/><T88/><D131/><U3/><E3/><V113/><F18/><W124/><G119/><T26/><D71/><U43/><E34/><V1/><F6/><W11/><G132/><T20/><D96/><U125/><E125/><V55/><F55/><W41/><G124/><T61/><D61/><U112/><E112/><V75/><F31/><W97/><G64/><T95/><D5/><U0/><E0/><N who="2" m="107" /><F35/><W110/><G110/><T58/><D122/><U28/><E89/><V53/><F53/><W9/><G4/><T84/><D84/><U29/><E29/><V130/><F113/><W104/><G104/><N who="2" m="40009" /><F127/><W24/><G24/><T13/><D13/><U128/><E28/><V8/><F8/><W93/><G106/><T133/><D133/><N who="2" m="50698" /><F70/><W16/><G16/><AGARI ba="0,0" hai="14,16,20,26,30,33,48,54,58,85,88,95,120,123" machi="16" ten="40,12000,2" yaku="25,2,52,2,54,2" doraHai="117" who="0" fromWho="3" sc="220,120,290,0,230,0,260,-120" /><INIT seed="3,0,0,4,4,97" ten="340,290,230,140" oya="3" hai0="39,13,93,132,89,4,108,134,47,102,92,103,62" hai1="55,37,91,121,30,53,66,22,133,46,42,88,0" hai2="129,70,67,118,19,111,57,28,50,9,77,112,95" hai3="59,86,5,10,125,65,106,101,54,116,29,122,72"/><W113/><G122/><T33/><D108/><U48/><E121/><V114/><F118/><W60/><G116/><T83/><D33/><U69/><E0/><V131/><F28/><W87/><G113/><T79/><D62/><U7/><E7/><V117/><F117/><W32/><G72/><T11/><D47/><U68/><E133/><N who="0" m="51305" /><D39/><U2/><E2/><V6/><F111/><W104/><G125/><T43/><D43/><U40/><E48/><V135/><F19/><W14/><G106/><T76/><D92/><U75/><E22/><V18/><F18/><W63/><G32/><T56/><D56/><U120/><E46/><V12/><F77/><N who="0" m="29770" /><D83/><U80/><E80/><V107/><F12/><W85/><G29/><T130/><D130/><U115/><E30/><V27/><F9/><W31/><G31/><T15/><D13/><U73/><E120/><V44/><F6/><W78/><G78/><T98/><AGARI ba="0,0" hai="4,11,15,89,93,98,102,103" m="29770,51305" machi="98" ten="30,4000,0" yaku="20,1,52,2" doraHai="97" who="0" fromWho="0" sc="340,40,290,-10,230,-10,140,-20" owari="380,48.0,280,8.0,220,-18.0,120,-38.0" /></mjloggm>