<mjloggm ver="2.3"><GO type="225" lobby="0"/><UN n0="%E3%81%82%E3%83%BC%E3%81%97" n1="%4E%49%4A%49%49%52%4F" n2="%4C%4F%4C%49%54%41" n3="%E2%91%A3%E9%81%BF%E9%81%8A%E6%88%AF%E3%80%90%E6%9D%B1%E5%8D%97%E3%80%91" dan="16,16,16,16" rate="2122.77,2180.63,2156.46,2115.46" sx="M,M,F,M"/><TAIKYOKU oya="0"/><INIT seed="0,0,0,5,4,26" ten="250,250,250,250" oya="0" hai0="93,61,44,85,129,98,77,73,54,0,45,50,94" hai1="88,105,16,130,120,27,83,33,124,24,56,72,76" hai2="104,66,7,67,74,87,18,71,118,70,65,38,57" hai3="86,5,110,19,97,23,100,126,132,21,13,2,32"/><T37/><D0/><U121/><E124/><V47/><F74/><W17/><G126/><T12/><D73/><U119/><E119/><V108/><F104/><W92/><G132/><T128/><D61/><U31/><E130/><N who="0" m="50281" /><D12/><U75/><E105/><V25/><F108/><W68/><G110/><T9/><D9/><U91/><E56/><V95/><F7/><W79/><G68/><T101/><D37/><U62/><E62/><V131/><F57/><W46/><G32/><T35/><D35/><U80/><E75/><V99/><F118/><W102/><G2/><T107/><D45/><U36/><E36/><V89/><F131/><W39/><G5/><T113/><D113/><U116/><E116/><V49/><F38/><W81/><G46/><T117/><D117/><U55/><E55/><V53/><F71/><W125/><G125/><T42/><D54/><U114/><E114/><V64/><N who="2" m="16384" /><DORA hai="22" /><V6/><F6/><W15/><G39/><T103/><D101/><AGARI ba="0,0" hai="13,15,17,19,21,23,79,81,86,92,97,100,101,102" machi="101" ten="30,3900,0" yaku="7,1,9,1,8,1" doraHai="26,22" who="3" fromWho="0" sc="250,-39,250,0,250,0,250,39" /><INIT seed="1,0,0,0,2,5" ten="211,250,250,289" oya="1" hai0="74,31,99,107,16,122,40,43,123,60,125,93,61" hai1="19,113,24,79,135,102,92,100,115,11,96,8,12" hai2="47,39,108,52,89,101,127,134,51,103,4,64,18" hai3="72,34,106,121,20,110,2,118,131,35,25,104,87"/><U62/><E135/><V86/><F108/><W84/><G2/><T132/><D74/><U22/><E113/><V55/><F127/><W36/><G110/><T109/><D107/><U112/><E112/><V21/><F134/><W83/><G36/><T48/><D109/><U77/><E115/><V80/><F39/><W90/><G35/><T14/><D132/><U94/><E62/><N who="0" m="24169" /><D31/><U120/><E120/><N who="0" m="46121" /><D48/><U1/><E1/><V29/><F64/><W69/><G34/><T54/><D54/><U130/><E130/><V119/><F119/><W88/><G131/><T33/><D33/><U27/><E27/><V91/><F29/><W66/><G118/><T37/><D37/><U65/><E65/><V3/><F55/><W38/><G72/><T97/><D125/><U49/><E49/><V17/><F89/><W63/><G38/><T28/><D28/><U32/><E32/><V50/><F51/><W44/><G121/><T116/><D116/><U0/><E0/><V133/><F133/><W10/><G106/><T71/><D71/><U95/><E11/><V129/><F129/><W45/><G104/><T6/><D6/><U26/><E26/><V70/><F70/><W111/><G111/><T58/><D58/><U56/><E56/><V9/><REACH who="2" step="1"/><F17/><REACH who="2" ten="211,250,240,289" step="2"/><W75/><G69/><T81/><D81/><U23/><E100/><V46/><F46/><W78/><G66/><T30/><D30/><N who="1" m="17687" /><E23/><V76/><F76/><AGARI ba="0,1" hai="8,12,19,76,77,79,92,94,95,96,102" m="17687" machi="76" ten="30,2900,0" yaku="8,1,52,1" doraHai="5" who="1" fromWho="2" sc="211,0,250,39,240,-29,289,0" /><INIT seed="1,1,0,1,3,27" ten="211,289,211,289" oya="1" hai0="24,55,72,85,16,57,62,51,80,47,70,120,61" hai1="128,103,124,83,78,133,13,17,91,26,46,33,81" hai2="31,64,100,96,0,12,4,41,23,105,76,42,112" hai3="113,93,58,39,99,98,75,54,123,125,119,50,69"/><U107/><E124/><V73/><F0/><W132/><G125/><T15/><D72/><U9/><E128/><V53/><F112/><W121/><G113/><T95/><D70/><U108/><E133/><V126/><F126/><W127/><G132/><T28/><D120/><U111/><E46/><V106/><F106/><W20/><G75/><T25/><D95/><U84/><E103/><V101/><F100/><W82/><G69/><T32/><D25/><U59/><E107/><V3/><F3/><W18/><G39/><T19/><D15/><U88/><E59/><V87/><F64/><W71/><G71/><T35/><D35/><U11/><E11/><V21/><F73/><W86/><G119/><T49/><D49/><U116/><E116/><V97/><F53/><W114/><G114/><T115/><D115/><U14/><E14/><V60/><F60/><W7/><G127/><T122/><D122/><U30/><REACH who="1" step="1"/><E83/><REACH who="1" ten="211,279,211,289" step="2"/><N who="2" m="47591" /><F105/><W135/><G135/><T5/><D5/><U22/><E22/><V79/><F23/><W40/><G123/><T10/><D10/><U6/><E6/><V36/><F101/><W104/><G104/><T118/><D118/><U92/><E92/><V90/><F4/><W67/><G7/><T130/><D130/><U74/><E74/><V8/><F8/><W45/><G121/><T44/><D44/><U63/><E63/><V37/><F12/><N who="3" m="9287" /><G93/><T29/><D62/><U38/><E38/><V56/><F37/><N who="3" m="21647" /><G67/><N who="0" m="39343" /><D29/><U48/><E48/><V94/><F36/><W102/><G102/><T68/><D68/><U109/><AGARI ba="1,1" hai="9,13,17,26,30,33,78,81,84,88,91,108,109,111" machi="109" ten="30,18000,2" yaku="1,1,0,1,14,1,10,1,52,1,54,1,53,0" doraHai="27" doraHaiUra="131" who="1" fromWho="1" sc="211,-61,279,193,211,-61,289,-61" /><INIT seed="1,2,0,0,1,123" ten="150,472,150,228" oya="1" hai0="53,98,83,81,28,130,12,113,107,73,50,96,79" hai1="20,132,0,29,49,42,67,86,46,21,1,59,71" hai2="66,101,63,69,13,92,87,40,111,32,121,38,7" hai3="51,14,117,112,80,72,24,105,68,36,65,45,119"/><U94/><E71/><V126/><F121/><W22/><G105/><T6/><D113/><U62/><E132/><V128/><F32/><W78/><G112/><T82/><D73/><U133/><E133/><V44/><F126/><W61/><G36/><T25/><D79/><U129/><E129/><V19/><F128/><W134/><G134/><T97/><D107/><U43/><E0/><V70/><F70/><W89/><G14/><T110/><D130/><U58/><E1/><V9/><F111/><W4/><G4/><T77/><D110/><U8/><E8/><V75/><F75/><W52/><REACH who="3" step="1"/><G89/><REACH who="3" ten="150,472,150,218" step="2"/><T41/><D12/><U33/><E43/><V108/><F108/><W10/><G10/><T47/><D6/><U115/><E115/><V31/><F7/><W99/><G99/><T57/><D77/><U93/><E42/><V11/><F9/><W39/><G39/><T56/><REACH who="0" step="1"/><D41/><REACH who="0" ten="140,472,150,218" step="2"/><U16/><E33/><AGARI ba="2,2" hai="25,28,33,47,50,53,56,57,81,82,83,96,97,98" machi="33" ten="40,5200,0" yaku="1,1,2,1,53,1" doraHai="123" doraHaiUra="30" who="0" fromWho="1" sc="140,78,472,-58,150,0,218,0" /><INIT seed="2,0,0,4,2,65" ten="218,414,150,218" oya="2" hai0="77,82,135,5,15,64,55,60,16,109,95,89,94" hai1="110,134,108,56,13,92,19,36,126,2,71,17,103" hai2="133,27,83,79,91,37,106,50,41,101,24,129,45" hai3="99,46,6,86,102,18,93,111,33,122,53,30,125"/><V10/><F129/><W113/><G111/><N who="1" m="42538" /><E71/><V69/><F133/><W21/><G122/><T3/><D109/><U35/><E2/><V9/><F91/><W119/><G119/><T117/><D5/><U105/><E105/><V14/><F9/><W42/><G113/><T76/><D3/><U132/><E35/><V28/><F69/><W62/><G6/><T8/><D135/><U34/><E34/><V120/><F120/><W100/><G33/><T51/><D117/><U114/><E36/><V4/><F37/><W1/><G30/><T128/><D128/><U74/><E74/><V90/><F90/><W121/><G1/><T116/><D116/><U54/><E126/><V23/><F27/><W63/><G125/><T12/><D12/><U58/><E58/><V31/><F106/><W32/><G32/><T124/><D89/><U59/><E59/><V43/><F101/><W68/><G86/><T130/><D124/><U57/><E57/><V85/><F43/><W70/><G102/><T81/><D60/><U22/><E19/><AGARI ba="0,0" hai="4,10,14,19,23,24,28,31,41,45,50,79,83,85" machi="19" ten="30,11600,0" yaku="7,1,25,2,8,1" doraHai="65" who="2" fromWho="1" sc="218,0,414,-116,150,116,218,0" /><INIT seed="2,1,0,1,3,110" ten="218,298,266,218" oya="2" hai0="9,2,12,101,39,38,99,77,19,55,102,123,32" hai1="4,96,116,21,8,97,75,68,93,36,98,92,86" hai2="104,81,18,24,133,1,79,6,59,16,89,20,45" hai3="84,134,65,57,72,10,80,25,125,31,78,115,87"/><V90/><F104/><W58/><G134/><T66/><D32/><U50/><E36/><V126/><F133/><W129/><G125/><T117/><D123/><U95/><E75/><V76/><F126/><W46/><G129/><T135/><D135/><U63/><E116/><V130/><F130/><W105/><G105/><T0/><D77/><U33/><E33/><V83/><F1/><W111/><G111/><T91/><D66/><U30/><E68/><V54/><F45/><W74/><G74/><T67/><D67/><U29/><E63/><V44/><F44/><W27/><G27/><T35/><D35/><U47/><E86/><V122/><F6/><W53/><G10/><T3/><D55/><N who="1" m="30175" /><E21/><N who="2" m="13367" /><F81/><W103/><G103/><T124/><D124/><U61/><E61/><N who="2" m="36087" /><F122/><W127/><G127/><T37/><REACH who="0" step="1"/><D117/><REACH who="0" ten="208,298,266,218" step="2"/><U64/><E64/><V94/><F79/><W131/><G65/><T51/><D51/><U22/><E98/><V62/><F76/><W73/><G131/><T107/><D107/><U28/><E97/><V114/><F62/><W121/><G73/><T70/><D70/><U5/><E96/><V43/><F43/><W56/><G121/><T88/><D88/><U60/><E60/><V41/><F41/><W14/><G72/><T71/><D71/><U108/><E108/><V85/><F89/><W7/><G78/><T69/><D69/><U23/><E8/><V132/><F132/><W11/><G53/><T106/><D106/><U26/><E22/><V120/><F120/><W13/><G11/><T52/><D52/><U40/><E40/><V100/><F20/><RYUUKYOKU ba="1,1" sc="208,15,298,15,266,-15,218,-15" hai0="0,2,3,9,12,19,37,38,39,91,99,101,102" hai1="4,5,23,26,28,29,30,92,93,95" /><INIT seed="3,2,1,5,1,17" ten="223,313,251,203" oya="3" hai0="1,129,40,69,55,114,121,116,22,60,98,63,21" hai1="36,34,79,64,68,15,97,52,28,105,133,73,99" hai2="108,70,80,117,118,90,135,112,125,43,46,78,122" hai3="83,23,86,42,26,82,11,32,119,101,33,3,10"/><W92/><G119/><T20/><D121/><U113/><E36/><V72/><F112/><W5/><G11/><T85/><D116/><U123/><E123/><V81/><F70/><W132/><G132/><T67/><D1/><U38/><E38/><V102/><F122/><W106/><G42/><T2/><D2/><U115/><E133/><V59/><F102/><W71/><G71/><T75/><D75/><U57/><E15/><V127/><F108/><W35/><G106/><T100/><D40/><U76/><E73/><V95/><F59/><W66/><G66/><T126/><D114/><U65/><E76/><N who="2" m="44039" /><F135/><W8/><G8/><T74/><D74/><U0/><E0/><V107/><F107/><W103/><G92/><T29/><D85/><U110/><E79/><V96/><F46/><W131/><G131/><T89/><D89/><U45/><E45/><V124/><F43/><W39/><G39/><T31/><D126/><U14/><E110/><V25/><F25/><W130/><G130/><T27/><D129/><U37/><E37/><V61/><F61/><W19/><REACH who="3" step="1"/><G83/><REACH who="3" ten="223,313,251,193" step="2"/><T49/><D31/><U87/><E68/><V93/><F95/><W109/><G109/><T84/><D84/><AGARI ba="2,2" hai="78,81,84,90,93,96,117,118,124,125,127" m="44039" machi="84" ten="30,3900,0" yaku="18,1,34,2" doraHai="17" who="2" fromWho="0" sc="223,-45,313,0,251,65,193,0" owari="178,-32.2,313,11.3,316,41.6,193,-20.7" /></mjloggm>