<mjloggm ver="2.3"><GO type="225" lobby="0"/><UN n0="%E6%A1%9C%E8%8A%B1%E9%96%83%E3%80%85" n1="%E3%81%BE%E3%83%BC%E3%81%8F%E3%82%93" n2="%E3%82%A2%E3%83%9E%E3%83%9D%EF%BD%9E%EF%BD%9E%E3%83%A9" n3="%4B%2E%32%2E%4B%2E" dan="18,16,17,16" rate="2187.65,2059.20,2169.25,2118.62" sx="M,M,M,M"/><TAIKYOKU oya="0"/><INIT seed="0,0,0,4,1,12" ten="250,250,250,250" oya="0" hai0="43,105,108,76,110,66,75,69,117,13,40,91,73" hai1="49,26,11,120,122,116,48,125,133,101,115,24,123" hai2="92,46,121,64,131,42,97,27,102,23,14,28,41" hai3="22,54,128,18,35,124,61,60,10,84,30,112,50"/><T65/><D117/><U135/><E116/><V103/><F131/><W70/><G112/><T37/><D105/><U126/><E101/><V57/><F121/><W52/><G70/><T32/><D32/><U98/><E98/><V5/><F103/><W132/><G128/><T15/><D91/><U127/><E11/><N who="2" m="4463" /><F46/><W47/><G124/><T62/><D37/><U29/><E115/><V56/><F56/><W78/><G132/><N who="1" m="50762" /><E29/><V0/><F0/><W111/><G111/><T77/><D62/><AGARI ba="0,0" hai="23,27,28,41,42,57,62,64,92,97,102" m="4463" machi="62" ten="30,2000,0" yaku="25,1,8,1" doraHai="12" who="2" fromWho="0" sc="250,-20,250,0,250,20,250,0" /><INIT seed="1,0,0,1,1,130" ten="230,250,270,250" oya="1" hai0="51,18,67,96,11,52,81,33,46,65,102,126,43" hai1="78,80,60,40,22,92,15,12,94,106,85,114,36" hai2="89,127,5,90,0,79,121,125,23,29,63,62,30" hai3="119,39,26,32,66,50,68,49,56,73,42,107,99"/><U117/><E114/><V61/><F79/><W17/><G68/><T10/><D126/><N who="2" m="48138" /><F121/><W34/><G73/><T112/><D112/><U37/><E117/><V95/><F23/><W132/><G39/><T135/><D33/><U122/><E106/><V84/><F90/><W24/><G119/><T118/><D118/><U77/><E122/><V57/><F57/><W86/><G56/><T124/><D124/><U108/><E60/><V6/><F0/><W83/><G32/><T2/><D135/><U69/><E69/><V101/><F101/><W134/><G34/><T72/><D43/><U109/><E40/><V88/><F89/><N who="3" m="51423" /><G66/><T8/><D2/><U116/><E116/><V128/><F128/><W9/><G9/><T58/><D58/><U47/><E47/><V111/><F111/><N who="1" m="42569" /><E77/><V110/><F110/><W44/><G17/><T129/><D18/><N who="1" m="10567" /><E15/><V54/><F54/><W133/><G50/><T98/><D129/><U3/><E3/><V41/><F41/><W75/><G75/><T91/><D72/><U16/><E16/><V59/><F59/><W115/><G115/><T1/><D1/><U76/><E76/><V21/><F30/><W123/><G123/><T103/><D67/><U74/><E74/><V105/><F105/><W64/><G64/><T28/><D65/><U55/><E55/><V25/><AGARI ba="0,0" hai="5,6,21,25,29,61,62,63,84,88,95" m="48138" machi="25" ten="40,2700,0" yaku="18,1,54,1" doraHai="130" who="2" fromWho="2" sc="230,-7,250,-13,270,27,250,-7" /><INIT seed="2,0,0,4,0,28" ten="223,237,297,243" oya="2" hai0="90,125,82,91,130,104,126,16,94,77,55,107,116" hai1="132,62,119,10,115,6,59,48,89,29,7,96,106" hai2="23,45,110,133,38,75,120,103,112,49,80,113,69" hai3="72,121,129,135,60,70,3,79,5,2,57,4,114"/><V122/><F103/><W81/><G121/><T78/><D55/><U26/><E119/><V25/><F69/><W52/><G129/><T87/><D16/><U51/><E115/><V43/><F75/><W11/><G114/><T21/><D21/><U0/><E132/><V35/><F80/><W101/><G135/><T61/><D61/><U41/><E41/><V65/><F65/><W127/><G127/><N who="0" m="48651" /><D130/><U95/><E7/><V46/><F133/><W86/><G101/><T42/><D42/><U15/><E106/><N who="0" m="40489" /><D116/><U67/><REACH who="1" step="1"/><E0/><REACH who="1" ten="223,227,297,243" step="2"/><V71/><F43/><W85/><G70/><T32/><D32/><AGARI ba="0,1" hai="6,10,15,26,29,32,48,51,59,62,67,89,95,96" machi="32" ten="30,8000,1" yaku="1,1,2,1,7,1,52,1,53,1" doraHai="28" doraHaiUra="92" who="1" fromWho="0" sc="223,-80,227,90,297,0,243,0" /><INIT seed="3,0,0,4,2,110" ten="143,317,297,243" oya="3" hai0="24,71,52,42,0,61,74,117,84,9,119,76,96" hai1="60,13,62,23,92,53,118,83,85,78,102,21,115" hai2="123,46,19,99,131,17,82,111,94,44,95,121,67" hai3="109,58,55,36,122,45,133,107,35,86,113,124,4"/><W25/><G122/><N who="2" m="46601" /><F131/><W7/><G124/><T120/><D120/><U6/><E115/><V1/><F1/><W22/><G35/><T68/><D84/><U98/><E118/><V130/><F130/><W20/><G107/><T38/><D96/><U80/><E80/><V54/><F67/><W79/><G133/><T64/><D24/><U16/><E6/><V63/><F82/><W29/><G109/><T70/><D76/><U37/><E37/><V14/><F17/><W93/><G113/><T125/><D74/><U106/><E106/><V100/><F95/><W28/><G45/><N who="0" m="23767" /><D9/><N who="1" m="6191" /><E62/><V11/><F111/><W127/><G127/><T114/><D0/><U50/><E60/><V59/><AGARI ba="0,0" hai="11,14,19,44,46,54,59,63,94,99,100" m="46601" machi="59" ten="30,1100,0" yaku="13,1" doraHai="110" who="2" fromWho="2" sc="143,-3,317,-3,297,11,243,-5" owari="140,-36.0,314,41.4,308,10.8,238,-16.2" /></mjloggm>