<mjloggm ver="2.3"><GO type="225" lobby="0"/><UN n0="%65%6B%61%72%75%74%65" n1="%6D%75%75%6D%75%72%61" n2="%54%4F%52" n3="%E7%B4%94%E6%BD%94%E3%83%94%E3%83%A9%E3%83%8B%E3%82%A2" dan="16,16,17,18" rate="2138.51,2139.03,2213.35,2306.48" sx="M,F,M,M"/><TAIKYOKU oya="0"/><INIT seed="0,0,0,3,3,79" ten="250,250,250,250" oya="0" hai0="64,110,32,8,60,52,7,112,2,20,4,10,71" hai1="87,127,92,95,16,102,99,125,120,48,117,101,35" hai2="80,45,38,130,134,116,77,61,1,25,94,98,82" hai3="50,56,69,133,31,91,86,5,107,72,119,111,88"/><T30/><D112/><U6/><E35/><V100/><F1/><W81/><G107/><T83/><D32/><U46/><E117/><V0/><F0/><W14/><G69/><T97/><D110/><U118/><E118/><V123/><F116/><W55/><G72/><T75/><D97/><U33/><E120/><V22/><F123/><W106/><G106/><T90/><D52/><N who="1" m="29719" /><E33/><V15/><F134/><W128/><G133/><T113/><D113/><U34/><E34/><V12/><F130/><W66/><G128/><T85/><D75/><U41/><E6/><V47/><F61/><N who="3" m="38183" /><G31/><T96/><D96/><U29/><E41/><V121/><F121/><W36/><G36/><T74/><D74/><U3/><E3/><V104/><F104/><W65/><G65/><T129/><D129/><U78/><E29/><V54/><F38/><W59/><G111/><T103/><D103/><N who="1" m="60903" /><E127/><V126/><F126/><W84/><G119/><T53/><D53/><U17/><E125/><V49/><F45/><W89/><G86/><T11/><REACH who="0" step="1"/><D2/><REACH who="0" ten="240,250,250,250" step="2"/><U105/><E105/><V23/><F54/><W70/><G70/><T13/><D13/><U51/><E102/><V93/><F15/><W73/><G73/><T26/><AGARI ba="0,1" hai="4,7,8,10,11,20,26,30,60,64,71,83,85,90" machi="26" ten="30,11700,0" yaku="1,1,0,1,52,1,53,1" doraHai="79" doraHaiUra="57" who="0" fromWho="0" sc="240,127,250,-39,250,-39,250,-39" /><INIT seed="0,1,0,0,1,84" ten="367,211,211,211" oya="0" hai0="40,78,114,43,28,7,132,33,83,15,82,134,54" hai1="115,44,73,9,47,2,110,48,99,66,129,62,69" hai2="29,70,20,125,12,128,81,104,6,59,32,90,98" hai3="107,109,53,57,116,68,126,135,111,65,101,41,79"/><T22/><D114/><U60/><E110/><N who="3" m="41994" /><G79/><T30/><D54/><U97/><E115/><V50/><F70/><W124/><G107/><T42/><D33/><U56/><E129/><V106/><F32/><W16/><G101/><T89/><D7/><U122/><E122/><V52/><F128/><W91/><G41/><T31/><D15/><U131/><E131/><V10/><F125/><N who="3" m="48235" /><G135/><N who="0" m="51755" /><D22/><U61/><E73/><V1/><F1/><W133/><G133/><T119/><D119/><U94/><E69/><V93/><REACH who="2" step="1"/><F81/><REACH who="2" ten="367,211,201,211" step="2"/><N who="0" m="30730" /><D78/><U105/><E2/><V36/><F36/><W76/><G76/><T85/><D85/><U95/><E99/><V58/><F58/><W25/><G68/><T4/><D4/><U72/><E72/><V117/><F117/><W80/><G116/><T96/><D96/><U5/><E97/><V87/><F87/><W0/><G0/><T120/><D120/><U102/><E5/><V88/><F88/><AGARI ba="1,1" hai="28,30,31,40,42,43,88,89" m="30730,51755" machi="88" ten="40,18000,2" yaku="28,2,20,1,52,2,54,1" doraHai="84" who="0" fromWho="2" sc="367,193,211,0,201,-183,211,0" /><INIT seed="0,2,0,4,5,24" ten="560,211,18,211" oya="0" hai0="25,7,118,124,99,3,28,46,70,57,40,92,11" hai1="71,37,51,16,58,61,45,65,2,105,109,59,63" hai2="39,50,98,44,36,54,12,42,30,80,108,102,20" hai3="132,69,0,85,67,114,73,76,115,104,41,89,21"/><T34/><D118/><U1/><E105/><V125/><F108/><W97/><G41/><T72/><D124/><U87/><E109/><V113/><F113/><W91/><G21/><T56/><D70/><U79/><E37/><V127/><F80/><N who="3" m="45071" /><G67/><T6/><D6/><U31/><E71/><V35/><F35/><W47/><G47/><T116/><D72/><U32/><E79/><V26/><F12/><W48/><G48/><T117/><D117/><U81/><E2/><V119/><F119/><W29/><G29/><T75/><D75/><U96/><E1/><V83/><F83/><N who="3" m="49343" /><G0/><T122/><D122/><U100/><E32/><V133/><F133/><W110/><G69/><T94/><D94/><N who="1" m="58391" /><E31/><V134/><F134/><W22/><G22/><T43/><D43/><N who="1" m="25023" /><E16/><V123/><F123/><W77/><G110/><T4/><D7/><U120/><E120/><V82/><F82/><W8/><G8/><T18/><D18/><U135/><E135/><V78/><F78/><W107/><G77/><T27/><D27/><U10/><E10/><V64/><F64/><W19/><G19/><T126/><D116/><U84/><E81/><V86/><F86/><W129/><G132/><T106/><D4/><U13/><E13/><V38/><REACH who="2" step="1"/><F42/><REACH who="2" ten="560,211,8,211" step="2"/><W103/><G115/><T49/><D40/><U66/><AGARI ba="2,1" hai="58,59,61,63,65,66,84,87" m="25023,58391" machi="66" ten="30,1100,0" yaku="8,1" doraHai="24" who="1" fromWho="1" sc="560,-7,211,27,8,-5,211,-5" /><INIT seed="1,0,0,0,0,106" ten="553,238,3,206" oya="1" hai0="125,112,10,5,126,107,83,21,67,25,52,14,7" hai1="113,101,133,40,108,48,18,31,19,123,2,13,62" hai2="111,131,50,127,73,1,49,65,72,24,95,69,35" hai3="91,17,96,88,114,66,51,8,3,110,27,53,129"/><U39/><E113/><V64/><F1/><W122/><G122/><T44/><D112/><U134/><E2/><V90/><F111/><W47/><G110/><T6/><D107/><U33/><E108/><V23/><F35/><W60/><G129/><T77/><D67/><U86/><E39/><V121/><F121/><W16/><G114/><T100/><D100/><U4/><E123/><V132/><F131/><W78/><G78/><T74/><D52/><U15/><E101/><V70/><F132/><N who="1" m="50793" /><E62/><V0/><F0/><W117/><G117/><T135/><D44/><N who="1" m="25607" /><E86/><V75/><F127/><N who="0" m="48650" /><D135/><U56/><E56/><V43/><F65/><W119/><G119/><T41/><D41/><U12/><E4/><V61/><F70/><W115/><G115/><T109/><D109/><U30/><E33/><V124/><F124/><W130/><G130/><T36/><D36/><U68/><E68/><V76/><F76/><W57/><G96/><T80/><D83/><U11/><E15/><V34/><F34/><W116/><G116/><T71/><D71/><U81/><E81/><V32/><F32/><W99/><G99/><T54/><D54/><U94/><E94/><V38/><F38/><W58/><G58/><T105/><D105/><U93/><E93/><V89/><F43/><W120/><G120/><T92/><D92/><U46/><E46/><V28/><F95/><W42/><G42/><T103/><D103/><U102/><E102/><V85/><F85/><W84/><G84/><T55/><D55/><U128/><E128/><V9/><F9/><AGARI ba="0,0" hai="9,11,12,13,18,19,30,31" m="25607,50793" machi="9" ten="30,1500,0" yaku="20,1" doraHai="106" who="1" fromWho="2" sc="553,0,238,15,3,-15,206,0" owari="553,65.3,253,5.3,-12,-51.2,206,-19.4" /></mjloggm>