<mjloggm ver="2.3"><GO type="225" lobby="0"/><UN n0="%E3%81%AF%E3%82%88%E3%81%8A%E3%81%98%E3%81%95%E3%82%93" n1="%E8%81%B7%E6%A5%AD%E3%80%81%E9%A2%A8%32" n2="%6D%75%75%6D%75%72%61" n3="%E6%B4%BE%E9%81%A3%E3%81%AE%E3%82%B8%E3%83%A3%E3%83%83%E3%82%AF" dan="16,16,16,16" rate="2178.44,2110.78,2161.56,2160.44" sx="M,M,F,M"/><TAIKYOKU oya="0"/><INIT seed="0,0,0,5,0,109" ten="250,250,250,250" oya="0" hai0="93,23,66,7,106,92,40,65,45,42,90,126,76" hai1="17,32,19,1,54,13,50,9,6,28,52,16,120" hai2="22,30,112,85,8,113,31,87,78,129,119,10,34" hai3="98,62,46,21,91,56,61,88,83,107,12,123,2"/><T57/><D106/><U118/><E118/><V69/><F119/><W99/><G2/><T38/><D126/><U43/><E120/><V39/><F34/><W0/><G0/><T37/><D76/><U36/><E36/><V70/><F39/><W59/><G123/><T122/><D122/><U75/><E75/><V86/><F78/><W74/><G46/><T82/><D7/><U114/><E114/><N who="2" m="44139" /><F22/><W18/><G74/><T55/><D23/><U127/><E127/><V128/><F8/><W130/><G130/><N who="2" m="50281" /><F10/><W97/><G107/><T35/><D35/><U116/><E116/><V63/><F63/><N who="3" m="24075" /><G83/><T33/><D82/><U124/><E124/><V73/><F73/><W133/><G133/><T71/><D33/><U44/><REACH who="1" step="1"/><E13/><REACH who="1" ten="250,240,250,250" step="2"/><V24/><F24/><AGARI ba="0,1" hai="1,6,9,16,17,19,24,28,32,43,44,50,52,54" machi="24" ten="40,12000,2" yaku="1,1,2,1,54,2,53,3" doraHai="109" doraHaiUra="15" who="1" fromWho="2" sc="250,0,240,130,250,-120,250,0" /><INIT seed="1,0,0,3,2,69" ten="250,370,130,250" oya="1" hai0="42,109,101,130,92,80,118,30,100,41,132,94,65" hai1="40,46,93,52,60,62,38,115,114,15,54,84,90" hai2="44,113,126,67,76,29,13,68,34,28,58,112,71" hai3="124,35,77,24,22,133,5,12,105,19,2,8,10"/><U4/><E114/><N who="2" m="44139" /><F34/><W88/><G105/><T119/><D65/><U36/><E115/><V26/><F58/><W127/><G77/><T122/><D80/><U32/><E32/><N who="2" m="20503" /><F29/><N who="3" m="19879" /><G88/><T21/><D30/><U72/><E38/><V66/><F76/><W131/><G133/><T87/><D21/><U128/><E72/><V45/><F126/><N who="3" m="48171" /><G131/><T81/><D81/><U107/><E107/><V61/><F13/><W75/><G75/><T20/><D20/><AGARI ba="0,0" hai="2,5,8,10,12,19,20,22" m="48171,19879" machi="20" ten="30,3900,0" yaku="18,1,34,2" doraHai="69" who="3" fromWho="0" sc="250,-39,370,0,130,0,250,39" /><INIT seed="2,0,0,0,3,35" ten="211,370,130,289" oya="2" hai0="20,83,50,40,109,33,132,124,106,90,122,15,45" hai1="57,93,10,133,80,103,17,63,54,112,119,127,30" hai2="120,32,73,117,65,128,27,44,29,58,25,81,92" hai3="5,69,1,86,134,118,21,19,87,82,115,126,24"/><V61/><F117/><W96/><G69/><T107/><D33/><U59/><E112/><V36/><F120/><W95/><G118/><T34/><D34/><U102/><E119/><V97/><F128/><W66/><G66/><T4/><D122/><U51/><E127/><V114/><F114/><W60/><G60/><T98/><D124/><U101/><E133/><V8/><F27/><W41/><G134/><T77/><D132/><U110/><E110/><V12/><F73/><W23/><G41/><T71/><D71/><U89/><E30/><V111/><F111/><W39/><G39/><T16/><D109/><U129/><E80/><V37/><F81/><W123/><G123/><T38/><D38/><U2/><E2/><V0/><F44/><W28/><G126/><T47/><D45/><N who="1" m="28015" /><E63/><V11/><F0/><W76/><G115/><T22/><D4/><U88/><E89/><V131/><F131/><W13/><G86/><T3/><D3/><U125/><E125/><V18/><REACH who="2" step="1"/><F8/><REACH who="2" ten="211,370,120,289" step="2"/><W56/><G1/><T49/><D22/><U84/><E129/><V91/><AGARI ba="0,1" hai="11,12,18,25,29,32,36,37,58,61,65,91,92,97" machi="91" ten="20,12000,1" yaku="1,1,2,1,0,1,7,1,53,1" doraHai="35" doraHaiUra="6" who="2" fromWho="2" sc="211,-40,370,-40,120,130,289,-40" /><INIT seed="2,1,0,5,2,98" ten="171,330,250,249" oya="2" hai0="130,119,94,128,59,11,24,22,117,27,66,34,63" hai1="0,104,99,100,52,106,49,55,86,123,116,96,19" hai2="33,41,129,62,35,68,46,4,125,124,132,75,81" hai3="44,15,12,73,50,101,1,111,21,64,51,122,85"/><V134/><F4/><W103/><G73/><T17/><D11/><U54/><E116/><V40/><F75/><W8/><G122/><T74/><D74/><U16/><E0/><V109/><F81/><W82/><G64/><T38/><D38/><U2/><E2/><V23/><F109/><W57/><G57/><T18/><D94/><U110/><E110/><V32/><F129/><W9/><G21/><T105/><D105/><U91/><E123/><V72/><F72/><W126/><G126/><N who="2" m="48745" /><F23/><W56/><G56/><T13/><D17/><U48/><E104/><V127/><N who="2" m="48753" /><V102/><DORA hai="30" /><F102/><N who="3" m="38923" /><G111/><T37/><D37/><U133/><E133/><N who="2" m="51307" /><F46/><W95/><G1/><T107/><D107/><U84/><E106/><V113/><F113/><W87/><G82/><T80/><D80/><N who="1" m="49543" /><E100/><V6/><F6/><N who="3" m="3095" /><G44/><T120/><D120/><U121/><E121/><V71/><F62/><W92/><G92/><T93/><D93/><U25/><E49/><N who="3" m="18442" /><G95/><T79/><D79/><U115/><E115/><V7/><F7/><AGARI ba="1,0" hai="7,9,15,85,87" m="18442,3095,38923" machi="7" ten="30,7700,0" yaku="8,1,52,3" doraHai="98,30" who="3" fromWho="2" sc="171,0,330,0,250,-80,249,80" /><INIT seed="3,0,0,3,4,14" ten="171,330,170,329" oya="3" hai0="58,76,81,116,74,69,7,66,57,15,17,86,19" hai1="105,4,126,110,1,61,97,121,44,88,103,60,96" hai2="70,101,9,54,115,106,32,65,53,120,123,8,94" hai3="98,18,125,128,2,72,78,55,13,85,67,47,16"/><W114/><G114/><T93/><D116/><U29/><E110/><V109/><F106/><W73/><G2/><T132/><D69/><U75/><E121/><N who="2" m="46667" /><F109/><W46/><G125/><T130/><D74/><U80/><E126/><V112/><F32/><W49/><G67/><T40/><D130/><U6/><E29/><V62/><F101/><W64/><G64/><T36/><D36/><U48/><E97/><V108/><F108/><W135/><G135/><T12/><D132/><U83/><E83/><V23/><F94/><W25/><G128/><T33/><D33/><U11/><E6/><V89/><F89/><W24/><G98/><T38/><D38/><U30/><E30/><V59/><F23/><W41/><G73/><T107/><D107/><U104/><E104/><V133/><F133/><W68/><G72/><T0/><D0/><U129/><E129/><V131/><F131/><W91/><G78/><T117/><D117/><U39/><E88/><V119/><F119/><W79/><G68/><T42/><D7/><U50/><E50/><N who="2" m="31159" /><F54/><W28/><G79/><T5/><D93/><U127/><E127/><V35/><F35/><W113/><G113/><AGARI ba="0,0" hai="8,9,62,65,70,112,113,115" m="31159,46667" machi="113" ten="30,1000,0" yaku="13,1" doraHai="14" who="2" fromWho="3" sc="171,0,330,0,170,10,329,-10" owari="171,-32.9,330,43.0,180,-22.0,319,11.9" /></mjloggm>