<mjloggm ver="2.3"><GO type="225" lobby="0"/><UN n0="%E3%83%8F%E3%82%AC%E3%82%BF%E3%82%AB%E3%81%AE%E3%81%88%E3%81%98%E3%81%8D" n1="%6B%65%6E%6E%64%69" n2="%E7%89%87%E5%B9%B3%E5%89%9B" n3="%E7%B4%94%E6%BD%94%E3%83%94%E3%83%A9%E3%83%8B%E3%82%A2" dan="16,16,17,18" rate="2179.56,2140.31,2172.53,2279.98" sx="M,M,M,M"/><TAIKYOKU oya="0"/><INIT seed="0,0,0,1,5,102" ten="250,250,250,250" oya="0" hai0="57,54,26,107,125,16,96,63,100,64,93,113,8" hai1="74,67,130,23,92,104,32,105,103,43,120,18,47" hai2="115,49,24,135,3,35,66,9,19,20,127,0,108" hai3="70,30,116,65,122,58,42,94,132,44,109,6,128"/><T123/><D113/><U83/><E120/><V101/><F115/><W89/><G30/><T7/><D123/><U71/><E32/><V84/><F66/><W134/><G6/><T62/><D125/><U87/><E130/><V111/><F101/><W82/><G82/><T99/><D7/><U17/><E67/><V73/><F73/><W88/><G89/><T46/><D46/><U114/><E71/><V77/><F49/><N who="3" m="26775" /><G116/><T97/><D93/><U118/><E118/><V90/><F77/><W31/><G31/><T33/><D8/><U40/><E40/><V131/><F35/><W51/><G70/><T68/><REACH who="0" step="1"/><D16/><REACH who="0" ten="240,250,250,250" step="2"/><U81/><E17/><V126/><F127/><W1/><G122/><T52/><D52/><U34/><E114/><V60/><F126/><W110/><G128/><T78/><D78/><U75/><E47/><V56/><F131/><W85/><G65/><T27/><D27/><U69/><E18/><V72/><F9/><W38/><G1/><T22/><D22/><U124/><E23/><V80/><F3/><W12/><G12/><T45/><D45/><U25/><E124/><V11/><F11/><W91/><G38/><T4/><D4/><U59/><E25/><V50/><F0/><W13/><G13/><T133/><D133/><N who="3" m="51305" /><G91/><T10/><D10/><U48/><E34/><V14/><F135/><W121/><G121/><T129/><D129/><U39/><E39/><V119/><F119/><W36/><G36/><T29/><AGARI ba="0,1" hai="26,29,33,54,57,62,63,64,68,96,97,99,100,107" machi="29" ten="30,12000,1" yaku="1,1,0,1,25,2,52,1,53,0" doraHai="102" doraHaiUra="5" who="0" fromWho="0" sc="240,130,250,-40,250,-40,250,-40" /><INIT seed="0,1,0,0,3,99" ten="370,210,210,210" oya="0" hai0="125,50,48,85,92,24,114,25,84,109,27,98,82" hai1="128,14,3,52,78,65,12,57,126,60,8,83,122" hai2="16,26,103,102,133,132,119,39,45,34,33,58,15" hai3="74,49,91,40,1,130,7,107,38,89,20,68,42"/><T44/><D114/><U18/><E128/><V120/><F120/><W106/><G68/><T9/><D125/><U90/><E126/><V117/><F58/><W51/><G20/><T61/><D109/><U110/><E110/><V11/><F39/><W94/><G94/><T77/><D61/><U80/><E122/><V54/><F54/><W134/><G7/><T6/><D85/><U4/><E90/><V100/><F45/><W46/><G1/><T64/><D64/><U93/><E93/><V66/><F66/><W35/><G74/><T101/><REACH who="0" step="1"/><D44/><REACH who="0" ten="360,210,210,210" step="2"/><U113/><E113/><V71/><F71/><W135/><G46/><T56/><D56/><U13/><E65/><V62/><F62/><W76/><G130/><T47/><D47/><U105/><E105/><V32/><REACH who="2" step="1"/><F26/><REACH who="2" ten="360,210,200,210" step="2"/><W63/><G38/><T115/><D115/><U79/><E60/><V96/><F96/><W72/><G63/><T88/><D88/><U37/><E57/><V69/><F69/><W108/><G108/><T0/><AGARI ba="1,2" hai="0,6,9,24,25,27,48,50,77,82,84,92,98,101" machi="0" ten="30,11700,0" yaku="1,1,0,1,52,1,53,1" doraHai="99" doraHaiUra="73" who="0" fromWho="0" sc="360,140,210,-40,200,-40,210,-40" /><INIT seed="0,2,0,5,5,80" ten="500,170,160,170" oya="0" hai0="87,134,130,27,60,26,115,45,132,46,62,50,20" hai1="102,13,78,88,99,41,0,112,3,69,63,42,67" hai2="32,76,54,117,114,33,119,75,124,131,61,85,9" hai3="83,49,51,120,98,29,44,129,90,84,35,23,70"/><T96/><D115/><U101/><E112/><V6/><F114/><W105/><G70/><T25/><D130/><U7/><E78/><V5/><F75/><W24/><G129/><T59/><D96/><U53/><E53/><V104/><F104/><W38/><G120/><T128/><D128/><U48/><E102/><V18/><F131/><W31/><G35/><T28/><D87/><U118/><E118/><V122/><F61/><W64/><G64/><T95/><D95/><U125/><E125/><V100/><F54/><W55/><G38/><T93/><D93/><U11/><E88/><V73/><F76/><W17/><REACH who="3" step="1"/><G51/><REACH who="3" ten="500,170,160,160" step="2"/><T58/><D50/><U15/><E48/><V56/><F122/><W86/><G86/><T113/><D113/><U22/><E41/><V40/><F40/><W91/><G91/><T37/><D37/><U77/><E42/><V121/><F85/><W14/><G14/><T57/><D62/><U94/><E77/><V110/><F121/><W133/><G133/><T36/><D60/><U81/><E81/><V39/><F39/><W111/><G111/><T71/><D36/><U21/><E15/><V103/><F110/><W47/><G47/><T72/><D71/><U107/><E13/><V2/><F117/><W30/><G30/><T106/><D46/><U12/><E12/><V74/><F119/><W68/><G68/><T19/><D45/><U97/><E0/><V34/><F2/><W89/><G89/><T126/><D132/><U108/><E108/><V16/><F34/><W123/><G123/><T66/><D134/><U82/><E82/><RYUUKYOKU ba="2,1" sc="500,-15,170,15,160,-15,160,15" hai1="3,7,11,21,22,63,67,69,94,97,99,101,107" hai3="17,23,24,29,31,44,49,55,83,84,90,98,105" /><INIT seed="1,3,1,3,2,96" ten="485,185,145,175" oya="1" hai0="52,80,125,8,31,119,88,127,40,21,87,3,0" hai1="39,107,128,129,6,56,46,47,55,58,7,53,75" hai2="95,93,94,83,74,85,97,33,73,38,67,109,133" hai3="92,89,91,5,18,35,10,135,54,124,114,106,68"/><U86/><E75/><N who="2" m="28683" /><F38/><W51/><G106/><T63/><D119/><U81/><E107/><V4/><F33/><W69/><G114/><T26/><D40/><U118/><E118/><V45/><F45/><W117/><G117/><T65/><D52/><U76/><E39/><V132/><F67/><W29/><G18/><T13/><D13/><U112/><E112/><V110/><F4/><N who="1" m="1577" /><E129/><V126/><F126/><N who="0" m="48138" /><D8/><U30/><E30/><V116/><F97/><W2/><G124/><T100/><D100/><U42/><E42/><V79/><F116/><W122/><G122/><T130/><D130/><U24/><E128/><V84/><F84/><W17/><G17/><T34/><D34/><U36/><E24/><V19/><F19/><W115/><G35/><T20/><D20/><U90/><E36/><V9/><F9/><W108/><G29/><T111/><D111/><AGARI ba="3,1" hai="79,83,85,93,94,95,109,110,111,132,133" m="28683" machi="111" ten="40,5200,0" yaku="14,1,34,2" doraHai="96" who="2" fromWho="0" sc="485,-61,185,0,145,71,175,0" /><INIT seed="2,0,0,3,0,130" ten="424,185,216,175" oya="2" hai0="56,41,125,89,122,132,88,35,2,108,21,22,126" hai1="68,124,73,98,19,48,33,17,34,63,54,112,129" hai2="127,97,37,80,109,113,6,12,111,131,84,96,15" hai3="91,133,3,116,47,31,69,13,102,71,105,117,81"/><V8/><F113/><W85/><G3/><T16/><D122/><U9/><E112/><V100/><F37/><W107/><G31/><T110/><D35/><U49/><E73/><V121/><F121/><W18/><G47/><T74/><D74/><U83/><E129/><V114/><F114/><W50/><G50/><T58/><D2/><U29/><E124/><N who="0" m="47721" /><D132/><U93/><E83/><V95/><F131/><W44/><G44/><T24/><D41/><U82/><E82/><V119/><F119/><W64/><G133/><T38/><D38/><U23/><E34/><V75/><F127/><W67/><G102/><T39/><D22/><U30/><E33/><V45/><F75/><W1/><G1/><T94/><D39/><U134/><E134/><V36/><F97/><W61/><G117/><T27/><D27/><N who="1" m="14831" /><E68/><V115/><F15/><W72/><G72/><T65/><D89/><N who="1" m="55599" /><E63/><V66/><F115/><W60/><REACH who="3" step="1"/><G116/><REACH who="3" ten="424,185,216,165" step="2"/><T128/><D128/><U120/><E120/><V10/><F100/><W76/><G76/><T99/><D65/><U123/><E123/><V118/><F66/><W40/><G40/><T90/><D90/><U46/><E49/><V51/><F51/><W28/><G28/><T14/><D14/><AGARI ba="0,1" hai="9,14,19,29,30,46,48,54" m="55599,14831" machi="14" ten="30,1000,0" yaku="8,1" doraHai="130" who="1" fromWho="0" sc="424,-10,185,20,216,0,165,0" /><INIT seed="3,0,0,4,1,32" ten="414,205,216,165" oya="3" hai0="27,78,86,35,40,42,116,89,9,117,120,109,70" hai1="66,18,75,0,63,115,83,20,3,2,44,134,96" hai2="37,106,22,61,12,38,112,101,29,81,55,62,132" hai3="87,36,50,131,118,31,51,21,30,76,103,124,10"/><W59/><G36/><T43/><D70/><U26/><E115/><V69/><F101/><W114/><G118/><T58/><D120/><U5/><E134/><V48/><F106/><W79/><G114/><T41/><D41/><U52/><E96/><V17/><F29/><N who="3" m="10763" /><G124/><T93/><D78/><N who="3" m="29737" /><G131/><T24/><D35/><U4/><E83/><V130/><F38/><W34/><G34/><T72/><D72/><U80/><E80/><V68/><F37/><W56/><G103/><T71/><D71/><U110/><E110/><V105/><F69/><W122/><G122/><T77/><D77/><U119/><E75/><V13/><F68/><W6/><G21/><T128/><D128/><U74/><E74/><V97/><F105/><W28/><N who="3" m="10771" /><W85/><DORA hai="123" /><G10/><T33/><D33/><U11/><E119/><V99/><F130/><W60/><G6/><T49/><D109/><U95/><E5/><V46/><F132/><W47/><G59/><T84/><D9/><U54/><E44/><V107/><F107/><W73/><G73/><T91/><D117/><U111/><E111/><V102/><F102/><W125/><G125/><T92/><D116/><U23/><E20/><V121/><F121/><W94/><G94/><T8/><D8/><U25/><E95/><V45/><F112/><W98/><G98/><N who="2" m="37385" /><F81/><W82/><G82/><T88/><D91/><U64/><E11/><N who="2" m="6303" /><F46/><W135/><G135/><T39/><D39/><U1/><E4/><V129/><F129/><W113/><G113/><T127/><D127/><U57/><N who="1" m="0" /><DORA hai="19" /><U108/><E108/><V67/><F45/><RYUUKYOKU ba="0,0" sc="414,30,205,-10,216,-10,165,-10" hai0="24,27,40,42,43,49,58,84,86,88,89,92,93" owari="444,54.4,195,-20.5,206,0.6,155,-34.5" /></mjloggm>