<mjloggm ver="2.3"><GO type="225" lobby="0"/><UN n0="%E9%81%85%E5%88%BB%E3%81%AE%E3%83%97%E3%83%AA%E3%83%B3%E3%82%B9%E2%99%AA" n1="%73%61%6E%64%69%72%69%73" n2="%6D%75%75%6D%75%72%61" n3="%E3%81%B7%E3%82%8A%E3%82%93%E8%81%96%E4%BA%BA" dan="16,16,16,16" rate="2117.16,2128.10,2112.52,2134.60" sx="F,M,F,M"/><TAIKYOKU oya="0"/><INIT seed="0,0,0,0,4,129" ten="250,250,250,250" oya="0" hai0="50,89,64,71,107,76,24,56,77,31,57,121,4" hai1="16,48,91,15,101,85,20,53,45,63,92,113,78" hai2="36,40,0,126,70,105,96,73,18,69,11,38,128" hai3="74,82,59,27,112,83,99,65,12,84,10,58,8"/><T7/><D121/><U123/><E113/><V132/><F128/><W39/><G39/><T21/><D107/><U90/><E123/><V119/><F126/><W17/><G112/><T42/><D71/><U25/><E78/><N who="0" m="30313" /><D89/><U68/><E68/><V116/><F73/><W124/><G124/><T54/><D42/><U51/><E101/><N who="2" m="62631" /><F18/><W30/><G74/><T110/><D110/><U80/><E51/><V125/><F125/><W108/><G108/><T2/><D2/><U43/><E63/><AGARI ba="0,0" hai="4,7,21,24,31,50,54,56,57,63,64" m="30313" machi="63" ten="30,1500,0" yaku="8,1" doraHai="129" who="0" fromWho="1" sc="250,15,250,-15,250,0,250,0" /><INIT seed="0,1,0,1,0,29" ten="265,235,250,250" oya="0" hai0="126,85,113,35,36,10,44,79,32,46,109,16,97" hai1="119,12,4,37,14,93,52,70,122,63,49,11,59" hai2="68,17,112,3,134,9,25,19,43,108,87,114,127" hai3="0,89,120,116,61,13,42,130,74,2,124,72,78"/><T64/><D113/><U110/><E119/><V123/><F123/><W39/><G120/><T55/><D64/><U75/><E122/><V67/><F108/><W57/><G116/><T48/><D109/><U22/><E110/><V95/><F127/><W133/><G124/><T47/><D126/><U58/><E75/><V15/><F43/><W99/><G13/><T21/><D10/><U90/><E37/><V6/><F134/><W51/><G133/><T7/><D7/><U80/><E70/><V20/><F68/><W82/><G72/><T71/><D71/><U34/><E34/><V102/><F67/><W125/><G125/><T135/><D97/><U115/><E115/><V86/><F86/><W40/><G39/><T41/><D46/><U132/><E132/><V65/><F65/><N who="3" m="39087" /><G2/><T54/><D54/><U96/><E80/><V24/><F102/><W121/><G0/><T28/><D28/><U83/><E83/><V104/><F104/><W1/><G1/><T73/><D73/><U62/><E59/><V92/><F92/><W31/><G74/><T103/><D103/><U26/><REACH who="1" step="1"/><E14/><REACH who="1" ten="265,225,250,250" step="2"/><V53/><F112/><W128/><G82/><N who="0" m="47327" /><D135/><U129/><E129/><V18/><F114/><W77/><G121/><T30/><D36/><U105/><E105/><V5/><F3/><W94/><G128/><T50/><D47/><U60/><E60/><V69/><F69/><W66/><G130/><T117/><D117/><U45/><E45/><V107/><F107/><W91/><G51/><T98/><D48/><U106/><E106/><V23/><F15/><W118/><G118/><RYUUKYOKU ba="1,1" sc="265,-10,225,30,250,-10,250,-10" hai1="4,11,12,22,26,49,52,58,62,63,90,93,96" /><INIT seed="1,2,1,3,4,44" ten="255,255,240,240" oya="1" hai0="38,82,11,121,21,49,59,131,40,132,52,4,9" hai1="133,107,36,110,94,5,60,48,101,22,79,69,43" hai2="87,89,57,54,134,77,135,91,109,31,128,55,72" hai3="68,102,95,17,97,25,33,0,34,45,51,13,62"/><U47/><E133/><N who="2" m="50699" /><F72/><W75/><G75/><T123/><D132/><U117/><E117/><V37/><F37/><W116/><G0/><T125/><D131/><U100/><E107/><V67/><F128/><W108/><G116/><T106/><D106/><U115/><E115/><V39/><F39/><W41/><G108/><T12/><D125/><U127/><E127/><V111/><F31/><W29/><G68/><T32/><D32/><U85/><E110/><N who="2" m="41995" /><F67/><W103/><G62/><T81/><D21/><U129/><E129/><V118/><F118/><W64/><G64/><T56/><D56/><U23/><E36/><V114/><F114/><W112/><G112/><T46/><REACH who="0" step="1"/><D11/><REACH who="0" ten="245,255,240,240" step="2"/><U78/><E22/><V105/><F105/><W74/><G34/><T92/><D92/><U8/><E23/><V80/><F54/><W14/><G103/><T6/><D6/><U1/><E101/><V15/><F15/><W27/><G14/><T124/><D124/><U53/><E100/><V76/><F91/><W58/><G13/><T7/><D7/><U119/><E119/><V70/><F70/><W130/><G130/><T26/><D26/><U93/><E69/><V3/><F3/><W73/><G58/><T83/><AGARI ba="2,2" hai="4,9,12,38,40,46,49,52,59,81,82,83,121,123" machi="83" ten="30,7900,0" yaku="1,1,0,1,52,1,54,1,53,0" doraHai="44" doraHaiUra="84" who="0" fromWho="0" sc="245,105,255,-41,240,-22,240,-22" /><INIT seed="2,0,0,3,3,122" ten="350,214,218,218" oya="2" hai0="77,126,133,98,39,34,96,7,20,134,24,117,9" hai1="131,16,101,13,111,102,43,36,42,86,95,115,5" hai2="110,85,50,48,41,79,68,47,26,51,89,66,8" hai3="55,74,3,57,127,22,1,92,78,135,123,0,59"/><V28/><F79/><W52/><G123/><T6/><D39/><U91/><E115/><V108/><F8/><W32/><G32/><T49/><D34/><U25/><E131/><V40/><F68/><W129/><G129/><T109/><D109/><N who="2" m="42090" /><F66/><W121/><G121/><T107/><D117/><U61/><E111/><V63/><F63/><W73/><G135/><T14/><D77/><U37/><E37/><N who="2" m="21903" /><F41/><N who="1" m="15369" /><E36/><V116/><F116/><W18/><G78/><T124/><D133/><U72/><E72/><V17/><F17/><W23/><G0/><T60/><D7/><U62/><E5/><V30/><F26/><W93/><G127/><T103/><D24/><U112/><E112/><V88/><F88/><W33/><G33/><T38/><D6/><U125/><E25/><V35/><F35/><W58/><G58/><T69/><D134/><U53/><E125/><V119/><F119/><W97/><G18/><T45/><D69/><U12/><E12/><V130/><F130/><W81/><G97/><T99/><D38/><U120/><E120/><V113/><F113/><W21/><G21/><T104/><D20/><N who="1" m="11279" /><E62/><V10/><F10/><W19/><G19/><N who="0" m="8655" /><D60/><U70/><E70/><V114/><F114/><W67/><G67/><T44/><D124/><U11/><E11/><V106/><F106/><W83/><AGARI ba="0,0" hai="1,3,22,23,52,55,57,59,73,74,81,83,92,93" machi="83" ten="25,6400,0" yaku="0,1,22,2,54,1" doraHai="122" who="3" fromWho="3" sc="350,-16,214,-16,218,-32,218,64" /><INIT seed="3,0,0,1,4,61" ten="334,198,186,282" oya="3" hai0="106,123,75,101,64,98,79,31,116,3,80,60,51" hai1="133,25,88,107,73,1,89,59,96,114,57,84,90" hai2="122,56,117,103,22,33,130,8,125,124,35,91,13" hai3="53,128,72,68,86,11,19,49,28,27,16,110,131"/><W48/><G72/><T132/><D3/><U78/><E114/><V24/><F117/><W127/><G127/><N who="2" m="48713" /><F103/><W105/><G105/><T118/><D132/><U37/><E133/><V12/><F91/><W2/><G68/><N who="0" m="41991" /><D51/><U44/><E1/><V42/><F42/><W100/><G100/><T46/><D46/><U0/><E0/><V76/><F76/><W74/><G74/><T50/><D50/><U104/><E73/><V67/><F130/><N who="3" m="49707" /><G49/><T120/><D31/><U92/><E37/><V65/><F122/><AGARI ba="0,0" hai="75,79,80,98,101,106,116,118,120,122,123" m="41991" machi="122" ten="30,2000,0" yaku="23,1,52,1" doraHai="61" who="0" fromWho="2" sc="334,20,198,0,186,-20,282,0" owari="354,45.4,198,-20.2,166,-33.4,282,8.2" /></mjloggm>