<mjloggm ver="2.3"><GO type="225" lobby="0"/><UN n0="%E3%82%B7%E3%83%B3%E5%A4%AA%E6%9C%97" n1="%E3%81%8B%E3%82%8F%E3%81%A1%E3%82%83%E3%82%93%35%38" n2="%E6%9D%B1%E9%A2%A8%E3%81%AE%E3%81%8D%E3%82%83%E3%81%B7%E3%81%95%E3%82%93" n3="%E4%BF%BA%E3%81%A8%E5%A6%96%E5%A4%A2" dan="16,16,16,17" rate="2164.71,2184.04,2116.68,2255.85" sx="M,M,M,F"/><TAIKYOKU oya="0"/><INIT seed="0,0,0,0,0,50" ten="250,250,250,250" oya="0" hai0="40,101,73,25,129,60,53,124,80,75,106,88,69" hai1="114,74,9,90,1,128,120,8,105,92,18,99,79" hai2="43,2,4,64,49,0,58,41,66,116,54,35,19" hai3="71,97,72,82,117,31,20,96,108,14,76,48,115"/><T16/><D129/><U83/><E120/><V17/><F116/><W89/><G117/><T37/><D37/><U59/><E128/><V13/><F35/><W23/><G115/><T130/><D40/><N who="2" m="15434" /><F0/><W65/><G108/><T55/><D130/><U91/><E114/><V85/><F2/><W67/><G71/><T107/><D124/><U61/><E1/><V27/><F85/><W100/><G89/><T87/><D73/><U7/><E7/><V47/><F27/><W104/><G96/><T30/><D75/><U6/><E6/><V21/><F4/><W5/><G48/><T81/><D81/><U78/><E78/><V93/><F93/><W84/><G72/><T10/><D10/><U125/><E125/><V110/><F110/><W127/><G127/><T70/><D16/><N who="2" m="6218" /><F47/><W102/><G31/><T86/><D86/><U51/><E18/><AGARI ba="0,0" hai="13,18,21,49,54,58,64,66" m="6218,15434" machi="18" ten="30,3900,0" yaku="8,1,52,1,54,1" doraHai="50" who="2" fromWho="1" sc="250,0,250,-39,250,39,250,0" /><INIT seed="1,0,0,3,1,1" ten="250,211,289,250" oya="1" hai0="0,101,118,59,33,3,22,108,81,98,56,10,103" hai1="80,48,94,131,87,2,126,135,65,107,28,23,38" hai2="47,113,67,4,50,21,54,105,13,64,88,96,82" hai3="51,90,62,104,30,60,111,42,112,99,123,5,57"/><U14/><E107/><V91/><F113/><W92/><G112/><T55/><D118/><U24/><E38/><V79/><F105/><W114/><G114/><T72/><D108/><U116/><E2/><V110/><F110/><W6/><G123/><T115/><D33/><U102/><E116/><V11/><F21/><W9/><G111/><T17/><D115/><U86/><E131/><V78/><F78/><W52/><G104/><T100/><D98/><U53/><E135/><V125/><F125/><W130/><G130/><T19/><D59/><U69/><E126/><V97/><F97/><W16/><G30/><T121/><D121/><U134/><E134/><V15/><F15/><N who="3" m="7279" /><G62/><T31/><D31/><U132/><E132/><V37/><F37/><W127/><G127/><T36/><D36/><U129/><E129/><V120/><F120/><W41/><G41/><T122/><D122/><U35/><E69/><V106/><F106/><W74/><G74/><T70/><D70/><U61/><E35/><V34/><F34/><W46/><AGARI ba="0,0" hai="5,6,42,46,51,52,57,60,90,92,99" m="7279" machi="46" ten="30,8000,1" yaku="8,1,52,2,54,2" doraHai="1" who="3" fromWho="3" sc="250,-20,211,-40,289,-20,250,80" /><INIT seed="2,0,0,3,3,57" ten="230,171,269,330" oya="2" hai0="58,91,43,88,119,52,132,27,125,86,11,23,45" hai1="115,8,38,71,40,9,1,124,46,65,96,135,73" hai2="87,127,106,107,81,130,44,97,34,7,123,134,42" hai3="116,41,25,37,48,90,47,122,76,133,19,128,82"/><V114/><F34/><W51/><G116/><T83/><D119/><U13/><E115/><V85/><F7/><W22/><G122/><T0/><D132/><U4/><E124/><V105/><F123/><W101/><G133/><T103/><D125/><U60/><E135/><V61/><F134/><W94/><G128/><T75/><D75/><U59/><E73/><V2/><F2/><W29/><G101/><T84/><D103/><U53/><E96/><V104/><F127/><W21/><G82/><T74/><D74/><U95/><E95/><V30/><F30/><W99/><REACH who="3" step="1"/><G76/><REACH who="3" ten="230,171,269,320" step="2"/><T31/><D0/><U16/><REACH who="1" step="1"/><E71/><REACH who="1" ten="230,161,269,320" step="2"/><V118/><F118/><W62/><G62/><T64/><D83/><U102/><E102/><V6/><F61/><W111/><G111/><T5/><D86/><U72/><E72/><V63/><F63/><W89/><G89/><T32/><D84/><U92/><E92/><V131/><F85/><W10/><G10/><T78/><D91/><U117/><E117/><V120/><F87/><W54/><G54/><AGARI ba="0,2" hai="1,4,8,9,13,16,38,40,46,53,54,59,60,65" machi="54" ten="40,5200,0" yaku="1,1,52,1,54,1,53,0" doraHai="57" doraHaiUra="126" who="1" fromWho="3" sc="230,0,161,72,269,0,320,-52" /><INIT seed="3,0,0,2,1,107" ten="230,233,269,268" oya="3" hai0="14,40,58,50,76,79,117,109,111,124,9,121,94" hai1="68,108,23,110,31,80,106,32,26,27,24,88,36" hai2="56,6,120,61,101,17,130,47,81,21,113,98,112" hai3="19,131,122,3,89,4,5,135,82,11,38,1,91"/><W85/><G122/><T74/><D117/><U133/><E68/><V52/><F130/><W13/><G131/><T41/><D121/><U115/><E36/><V77/><F120/><W102/><G38/><T92/><D124/><U0/><E106/><V103/><F6/><W43/><G43/><N who="0" m="16459" /><D58/><U46/><E46/><V126/><F47/><W95/><G135/><T127/><D50/><U53/><E53/><V134/><F134/><W67/><G67/><T125/><D74/><U60/><E133/><V22/><F22/><W44/><G102/><T72/><D72/><U45/><E45/><V105/><F103/><W116/><G116/><T114/><D114/><U69/><E0/><V78/><F126/><N who="0" m="48138" /><D14/><U87/><E115/><V123/><F123/><W35/><G44/><T33/><D9/><U18/><REACH who="1" step="1"/><E26/><REACH who="1" ten="230,223,269,268" step="2"/><V99/><F113/><W16/><G1/><T2/><D2/><U129/><E129/><V119/><F112/><W83/><G3/><T96/><D33/><U71/><E71/><V118/><F118/><W90/><G35/><T93/><D96/><U15/><E15/><V70/><F70/><W37/><G37/><T62/><D62/><U86/><E86/><V66/><F119/><W30/><G13/><T25/><D25/><U128/><E128/><V29/><F98/><W54/><G85/><T64/><D64/><AGARI ba="0,1" hai="18,23,24,27,31,32,60,64,69,80,87,88,108,110" machi="64" ten="40,2600,0" yaku="1,1,54,1,53,0" doraHai="107" doraHaiUra="48" who="1" fromWho="0" sc="230,-26,223,36,269,0,268,0" /><INIT seed="4,0,0,0,0,45" ten="204,259,269,268" oya="0" hai0="66,65,19,61,103,91,12,127,115,113,96,49,41" hai1="39,100,81,38,134,60,17,28,117,132,11,87,73" hai2="35,95,40,86,112,9,46,121,43,123,120,54,77" hai3="84,74,4,98,18,37,80,47,124,58,114,102,30"/><T64/><D127/><U32/><E117/><V2/><F35/><W116/><G116/><T52/><D41/><U129/><E73/><V21/><F112/><W122/><G30/><T94/><D103/><U36/><E129/><V92/><F21/><W23/><G58/><T33/><D33/><U104/><E60/><V76/><F54/><W119/><G119/><T126/><D126/><U63/><E63/><V93/><F86/><W25/><G114/><N who="0" m="43531" /><D61/><U29/><E100/><V13/><F2/><W62/><G62/><T34/><D34/><U10/><E104/><V14/><F9/><N who="1" m="3081" /><E17/><V118/><F118/><W106/><G124/><T109/><D109/><U50/><E50/><V26/><F26/><W130/><G130/><T99/><D99/><U42/><E42/><N who="2" m="15915" /><F46/><W0/><G47/><N who="0" m="27711" /><D66/><U51/><E51/><V133/><F133/><N who="1" m="51305" /><E32/><V16/><F16/><W56/><G18/><T75/><D75/><U107/><E107/><V55/><F55/><W108/><G74/><T57/><D57/><U128/><E128/><V7/><F7/><W31/><G56/><T110/><D110/><U69/><E69/><V88/><F123/><W24/><G122/><T27/><D27/><U3/><E3/><V131/><F121/><W97/><G108/><T82/><D82/><U72/><E72/><V48/><F120/><W71/><G25/><T59/><D59/><U70/><E70/><V1/><F1/><W68/><G98/><T6/><D6/><U15/><E15/><V83/><F131/><W67/><G71/><T44/><D44/><U135/><E135/><V22/><F13/><RYUUKYOKU ba="0,0" sc="204,15,259,15,269,-15,268,-15" hai0="12,19,64,65,91,94,96" hai1="28,29,36,38,39,81,87" /><INIT seed="4,1,0,4,1,102" ten="219,274,254,253" oya="0" hai0="134,124,79,47,42,109,88,108,120,70,60,91,125" hai1="10,65,87,51,126,2,94,63,4,56,128,72,111" hai2="20,58,50,86,45,39,16,53,54,133,64,121,123" hai3="116,37,32,77,83,85,122,118,52,35,113,15,107"/><T40/><D120/><U78/><E111/><N who="0" m="42569" /><D79/><U21/><E72/><V14/><F133/><W29/><G37/><N who="0" m="21903" /><D134/><U129/><E126/><N who="0" m="48745" /><D42/><U92/><E78/><V80/><F64/><AGARI ba="1,0" hai="60,64,70,88,91" m="48745,21903,42569" machi="64" ten="30,5800,0" yaku="10,1,18,1,54,1" doraHai="102" who="0" fromWho="2" sc="219,61,274,0,254,-61,253,0" /><INIT seed="4,2,0,0,4,83" ten="280,274,193,253" oya="0" hai0="130,124,127,1,56,102,90,101,33,89,26,48,100" hai1="107,28,85,98,109,131,74,117,93,99,37,57,119" hai2="22,6,54,111,65,59,132,9,61,42,76,94,126" hai3="40,13,58,14,45,38,104,70,10,69,2,12,128"/><T36/><D36/><U31/><E37/><V51/><F132/><W34/><G104/><T63/><D1/><U113/><E57/><V4/><F126/><N who="0" m="48170" /><D130/><U121/><E28/><V75/><F111/><W39/><G128/><T80/><D48/><U68/><E31/><V122/><F122/><W79/><G38/><T96/><D80/><U129/><E68/><V116/><F116/><N who="1" m="44617" /><E121/><V50/><F75/><W97/><G34/><T135/><D135/><U43/><E43/><V35/><F35/><W0/><G79/><T18/><D96/><U24/><E24/><V120/><F76/><W17/><G97/><T25/><D33/><U46/><E46/><N who="2" m="25943" /><F120/><W44/><G44/><T72/><D72/><U47/><E47/><N who="2" m="28031" /><F9/><W60/><G0/><T108/><D108/><U114/><E74/><V19/><F94/><W11/><G2/><T103/><N who="0" m="25600" /><DORA hai="3" /><T20/><D26/><AGARI ba="2,0" hai="4,6,19,22,26,59,61,65" m="28031,25943" machi="26" ten="30,3900,0" yaku="8,1,52,2" doraHai="83,3" who="2" fromWho="0" sc="280,-45,274,0,193,45,253,0" /><INIT seed="5,0,0,0,1,103" ten="235,274,238,253" oya="1" hai0="12,128,66,104,53,73,88,79,58,29,116,39,52" hai1="71,84,111,20,80,92,94,38,28,110,50,101,75" hai2="43,26,23,24,65,51,124,16,95,108,135,41,36" hai3="77,11,126,107,40,55,82,2,98,18,31,100,60"/><U15/><E38/><V127/><F108/><N who="1" m="41513" /><E71/><V118/><F118/><W54/><G126/><N who="2" m="48169" /><F36/><W109/><G109/><T34/><D39/><U121/><E121/><V27/><F65/><W13/><G40/><N who="2" m="15433" /><F51/><W64/><G31/><T87/><D116/><U102/><E50/><V91/><F135/><W19/><G19/><T30/><D128/><U22/><E75/><V83/><F83/><W32/><G32/><T81/><D104/><U105/><E101/><V47/><F47/><W85/><REACH who="3" step="1"/><G2/><REACH who="3" ten="235,274,238,243" step="2"/><T35/><D34/><U42/><E42/><V62/><F62/><W69/><AGARI ba="0,1" hai="11,13,18,54,55,60,64,69,77,82,85,98,100,107" machi="69" ten="20,8000,1" yaku="1,1,2,1,0,1,7,1,52,1,53,0" doraHai="103" doraHaiUra="120" who="3" fromWho="3" sc="235,-20,274,-40,238,-20,243,90" owari="215,-28.5,234,3.4,218,-18.2,333,43.3" /></mjloggm>