<mjloggm ver="2.3"><GO type="225" lobby="0"/><UN n0="%72%69%6F%75%63%68%61%6E" n1="%E5%91%A8%E6%9D%B1" n2="%E7%B4%94%E6%BD%94%E3%83%94%E3%83%A9%E3%83%8B%E3%82%A2" n3="%E3%82%8C%E3%81%99%E3%81%93" dan="16,17,17,17" rate="2210.68,2157.83,2224.93,2239.05" sx="M,M,M,F"/><TAIKYOKU oya="0"/><INIT seed="0,0,0,4,4,64" ten="250,250,250,250" oya="0" hai0="77,116,114,86,35,21,91,122,49,31,3,15,101" hai1="68,46,111,16,125,45,18,6,118,14,4,93,28" hai2="135,72,81,52,60,78,112,47,76,12,30,89,73" hai3="123,0,75,44,8,34,124,55,9,113,126,29,129"/><T39/><D114/><U53/><E118/><V130/><F112/><W61/><G75/><T37/><D116/><U82/><E125/><N who="3" m="48234" /><G113/><T66/><D122/><U54/><E111/><V10/><F135/><W96/><G129/><T85/><D3/><U97/><E68/><V38/><F130/><W134/><G134/><T67/><D101/><U79/><E28/><V33/><F30/><W128/><G128/><T92/><D35/><U109/><E109/><V95/><F33/><W59/><G0/><T11/><D37/><U80/><E79/><V36/><F78/><W57/><G123/><T51/><D39/><U106/><E106/><V100/><F100/><W94/><G44/><T69/><D69/><U63/><E63/><V119/><F72/><W127/><N who="3" m="48242" /><W43/><DORA hai="20" /><G43/><T90/><D77/><U13/><E93/><V88/><F89/><N who="3" m="55375" /><G59/><T58/><D31/><U71/><E71/><V24/><F119/><W117/><G117/><T2/><D2/><U27/><E97/><V107/><F107/><W110/><G110/><T25/><D86/><U132/><E132/><V87/><F47/><W32/><G32/><T121/><D91/><U131/><E131/><V104/><F104/><W42/><G42/><T19/><D121/><U102/><E102/><V50/><F36/><W105/><G105/><T83/><D92/><U40/><E40/><V56/><F38/><W48/><G61/><T65/><D58/><U74/><E74/><V108/><F108/><W62/><G62/><T103/><D103/><U17/><E17/><N who="2" m="8343" /><F60/><W84/><G84/><T115/><D115/><RYUUKYOKU ba="0,0" sc="250,0,250,0,250,0,250,0" hai0="11,15,19,21,25,49,51,65,66,67,83,85,90" hai1="4,6,13,14,16,18,27,45,46,53,54,80,82" hai2="24,50,52,56,73,76,81,87,88,95" hai3="8,9,29,34,48,55,57" /><INIT seed="0,1,0,4,4,69" ten="250,250,250,250" oya="0" hai0="61,20,48,26,87,31,41,129,23,64,132,86,55" hai1="93,35,122,128,46,124,131,116,134,115,13,95,37" hai2="74,106,38,96,30,110,15,90,102,117,14,62,6" hai3="100,28,52,109,18,24,5,32,79,57,47,45,60"/><T114/><D114/><U94/><E35/><V80/><F110/><W7/><G109/><T108/><D108/><U36/><E115/><V67/><F117/><W91/><G79/><T125/><D125/><U127/><E116/><V120/><F120/><W119/><G119/><T123/><D129/><N who="1" m="49739" /><E122/><V113/><F6/><W39/><G100/><T97/><D132/><U40/><E134/><V10/><F10/><W104/><G104/><T88/><D123/><U33/><E33/><V4/><F4/><W12/><G91/><T56/><D41/><U112/><E112/><V58/><F30/><W77/><G77/><T72/><D72/><U84/><E13/><V73/><F14/><W1/><G1/><T71/><REACH who="0" step="1"/><D23/><REACH who="0" ten="240,250,250,250" step="2"/><U8/><E8/><V53/><F73/><W34/><G34/><T98/><D98/><U25/><E25/><V85/><F74/><W103/><G32/><T2/><D2/><U54/><E84/><V68/><F15/><W65/><G24/><T105/><D105/><U99/><E99/><V21/><F21/><W126/><G126/><N who="1" m="48170" /><E54/><V101/><F113/><W42/><G52/><T44/><D44/><U63/><E63/><V78/><F106/><W70/><G47/><T76/><D76/><U81/><E81/><V83/><F80/><W92/><G45/><T121/><D121/><U51/><AGARI ba="1,1" hai="36,37,40,46,51,93,94,95" m="48170,49739" machi="51" ten="40,8000,1" yaku="19,1,18,1,52,2" doraHai="69" who="1" fromWho="1" sc="240,-41,250,93,250,-21,250,-21" /><INIT seed="1,0,0,3,4,103" ten="199,343,229,229" oya="1" hai0="66,97,27,109,71,135,98,61,40,56,65,118,19" hai1="131,10,87,73,7,124,112,102,99,119,86,14,15" hai2="70,123,115,69,31,3,46,35,63,96,116,54,79" hai3="133,2,83,68,29,74,36,12,33,64,53,49,108"/><U113/><E73/><V105/><F54/><W42/><G2/><T94/><D109/><U82/><E119/><V101/><F116/><W110/><G133/><T88/><D135/><U45/><E131/><V22/><F22/><W90/><G42/><T75/><D118/><U0/><E124/><V6/><F115/><W48/><G36/><T129/><D129/><U21/><E87/><V134/><F123/><W8/><G64/><T89/><D75/><U55/><E0/><V41/><F79/><W5/><G68/><T132/><D132/><U44/><E44/><V17/><F17/><W30/><G33/><T128/><D128/><U59/><E45/><V80/><F80/><W57/><G49/><T114/><D114/><U91/><E15/><V13/><F13/><W77/><REACH who="3" step="1"/><G90/><REACH who="3" ten="199,343,229,219" step="2"/><T72/><D40/><U4/><E113/><V37/><F134/><W121/><G121/><T25/><D71/><U111/><E112/><V122/><F122/><W126/><G126/><T84/><D66/><U39/><E39/><V24/><F63/><W100/><G100/><T47/><D89/><U23/><E111/><AGARI ba="0,1" hai="5,8,12,29,30,48,53,57,74,77,83,108,110,111" machi="111" ten="40,2600,0" yaku="1,1,14,1,53,0" doraHai="103" doraHaiUra="81" who="3" fromWho="1" sc="199,0,343,-26,229,0,219,36" /><INIT seed="2,0,0,3,0,85" ten="199,317,229,255" oya="2" hai0="102,60,91,126,4,34,30,37,33,24,103,22,12" hai1="23,117,92,47,28,46,52,116,115,119,69,35,101" hai2="133,66,111,55,25,27,53,45,5,11,20,39,56" hai3="86,38,14,121,50,40,2,1,65,113,0,74,32"/><V70/><F133/><W105/><G121/><T76/><D126/><U89/><E115/><V61/><F111/><W64/><G74/><T80/><D37/><U44/><E69/><V48/><F20/><W17/><G32/><T96/><D60/><U73/><E73/><V93/><F93/><W67/><G105/><T134/><D134/><U90/><E35/><V95/><F95/><W59/><G113/><T107/><D103/><U3/><E3/><V19/><F19/><W87/><G38/><T124/><D124/><U97/><REACH who="1" step="1"/><E52/><REACH who="1" ten="199,307,229,255" step="2"/><V104/><F53/><N who="3" m="32183" /><G0/><T68/><D68/><U63/><E63/><V7/><F104/><W127/><G1/><T88/><D33/><U9/><E9/><V79/><F79/><W54/><G2/><T26/><D4/><N who="2" m="1610" /><F11/><N who="3" m="6367" /><G127/><T18/><D12/><U108/><E108/><V132/><F132/><W135/><G135/><T10/><D10/><U94/><E94/><V123/><F123/><W83/><G54/><T15/><D15/><U49/><E49/><V36/><F36/><W122/><G122/><T125/><D125/><U72/><E72/><AGARI ba="0,1" hai="18,22,24,26,30,34,72,76,80,88,91,96,102,107" machi="72" ten="30,7700,0" yaku="7,1,52,2,54,1" doraHai="85" who="0" fromWho="1" sc="199,87,307,-77,229,0,255,0" /><INIT seed="3,0,0,5,0,62" ten="286,230,229,255" oya="3" hai0="95,113,0,99,66,15,116,49,100,106,2,96,93" hai1="3,83,105,7,9,26,118,73,117,43,12,92,101" hai2="33,126,86,61,16,58,110,47,107,69,125,130,18" hai3="13,27,30,57,45,36,109,51,11,6,29,71,74"/><W31/><G71/><T108/><D116/><N who="1" m="44651" /><E43/><V84/><F107/><W38/><G74/><T39/><D39/><U87/><E26/><V41/><F69/><W91/><G109/><T94/><D108/><U52/><E52/><N who="2" m="33991" /><F33/><W55/><G27/><T135/><D135/><U50/><E50/><N who="2" m="26991" /><F130/><W134/><G134/><T10/><D113/><U44/><E44/><V25/><F110/><W103/><G103/><T48/><D66/><U54/><E54/><V24/><F24/><W46/><G38/><T67/><D67/><U79/><E105/><V40/><F40/><W133/><G133/><T114/><D114/><U53/><E53/><V89/><F25/><W98/><REACH who="3" step="1"/><G36/><REACH who="3" ten="286,230,229,245" step="2"/><T28/><D28/><U104/><E73/><V37/><F37/><W70/><G70/><T77/><D100/><U35/><E101/><V42/><F42/><W128/><G128/><T129/><D129/><U119/><E119/><V1/><F1/><W21/><G21/><T124/><D0/><U17/><E35/><V20/><F20/><W19/><G19/><N who="2" m="7209" /><F126/><W4/><G4/><N who="0" m="3527" /><D2/><U78/><E3/><V68/><F68/><W60/><G60/><T111/><D124/><U112/><E112/><V82/><F125/><W14/><G14/><T102/><D111/><U76/><E7/><V88/><F89/><W127/><G127/><T65/><D102/><U85/><E104/><V56/><F56/><W64/><G64/><T131/><D65/><U97/><E97/><N who="0" m="37449" /><D106/><U121/><E121/><V22/><F22/><W32/><G32/><T59/><D131/><U72/><E72/><V8/><F8/><RYUUKYOKU ba="0,1" sc="286,-30,230,10,229,10,245,10" hai1="9,12,17,76,78,79,83,85,87,92" hai2="82,84,86,88" hai3="6,11,13,29,30,31,45,46,51,55,57,91,98" /><INIT seed="3,1,1,4,1,62" ten="256,240,239,255" oya="3" hai0="99,23,35,101,55,135,13,132,14,36,86,74,73" hai1="90,45,38,16,61,117,107,121,79,51,32,37,104" hai2="21,84,113,60,41,68,103,46,128,34,50,133,27" hai3="7,19,57,48,15,64,8,67,43,127,108,114,2"/><W125/><G114/><T29/><D36/><U72/><E32/><V70/><F113/><W24/><G24/><N who="0" m="16543" /><D35/><U76/><E121/><V65/><F128/><W109/><G43/><T112/><D112/><U91/><E117/><V0/><F0/><W97/><G48/><T25/><D25/><U83/><E79/><V22/><F133/><N who="0" m="51274" /><D86/><U77/><E38/><V126/><F68/><W100/><G57/><T17/><D55/><U111/><E37/><V129/><F129/><W63/><G63/><T28/><D28/><U12/><E61/><V110/><F110/><N who="3" m="42603" /><G127/><T116/><D13/><U26/><E26/><V66/><F126/><W56/><G56/><T98/><D98/><U44/><E111/><V134/><F134/><W53/><G53/><T42/><D42/><U82/><E45/><V10/><F34/><W18/><G125/><T131/><D116/><U85/><E107/><V118/><F118/><W93/><G18/><T105/><D131/><U102/><E104/><V9/><F70/><W120/><G120/><T69/><D69/><U115/><E115/><V130/><F130/><W5/><G7/><T95/><D105/><U71/><E71/><V96/><F27/><W92/><G92/><T81/><D81/><U119/><E119/><V20/><F60/><W59/><G59/><T89/><D101/><U88/><E102/><V1/><F103/><W80/><G80/><T39/><D39/><U30/><E30/><V123/><F123/><W3/><G3/><T31/><D31/><U75/><E83/><V49/><F41/><W6/><G6/><T94/><D94/><RYUUKYOKU ba="1,1" sc="256,15,240,-15,239,-15,255,15" hai0="14,17,73,74,89,95,99" hai3="2,5,8,15,19,64,67,93,97,100" /><INIT seed="3,2,1,0,3,37" ten="271,225,224,270" oya="3" hai0="2,133,135,89,121,29,16,117,114,45,84,72,44" hai1="101,11,28,12,21,10,15,18,43,59,120,98,49" hai2="131,63,102,32,60,125,78,124,5,91,105,42,19" hai3="109,53,40,17,30,26,123,67,92,79,54,99,129"/><W90/><G123/><T48/><D117/><U62/><E120/><V58/><F32/><W106/><G129/><T3/><D72/><U24/><E49/><V127/><F131/><W82/><G109/><T96/><D114/><U128/><E128/><V75/><F5/><W88/><G67/><T27/><D96/><U87/><E87/><V97/><F91/><W52/><G106/><T31/><D31/><U36/><E36/><V86/><F75/><W57/><G40/><N who="0" m="24583" /><D16/><U50/><E50/><V65/><F60/><N who="3" m="35879" /><G30/><T95/><D45/><U56/><E43/><V112/><F42/><W41/><G41/><T116/><D116/><U73/><E73/><V39/><F39/><W38/><G90/><T25/><D121/><U93/><REACH who="1" step="1"/><E62/><REACH who="1" ten="271,215,224,270" step="2"/><V71/><F112/><W20/><G38/><T14/><D84/><AGARI ba="2,2" hai="17,20,26,53,54,79,82,84,88,92,99" m="35879" machi="84" ten="30,11600,0" yaku="25,1,8,1,54,2" doraHai="37" who="3" fromWho="0" sc="271,-122,215,0,224,0,270,142" owari="149,-35.1,215,-18.5,224,2.4,412,51.2" /></mjloggm>