<mjloggm ver="2.3"><GO type="225" lobby="0"/><UN n0="%E5%A0%80%E5%B7%9D%E9%9B%B7%E9%BC%93" n1="%33%74%72%65%65" n2="%72%61%6B%33" n3="%E6%A1%9C%E8%8A%B1%E9%96%83%E3%80%85" dan="16,17,16,17" rate="2094.95,2202.85,2139.94,2239.75" sx="F,F,M,M"/><TAIKYOKU oya="0"/><INIT seed="0,0,0,2,1,12" ten="250,250,250,250" oya="0" hai0="87,5,121,131,122,82,80,43,42,40,118,41,25" hai1="16,55,23,59,128,27,54,4,29,99,13,91,52" hai2="114,37,64,129,65,11,73,61,26,112,30,70,124" hai3="39,83,103,31,92,33,28,97,117,47,24,77,84"/><T104/><D118/><U9/><E128/><V21/><F129/><W134/><G134/><T94/><D131/><U79/><E79/><V81/><F124/><W36/><G117/><T0/><D104/><U46/><E46/><V85/><F37/><W3/><G3/><T57/><N who="0" m="10240" /><DORA hai="125" /><T66/><D94/><N who="1" m="56799" /><E29/><V98/><F73/><W8/><G47/><T51/><D25/><U88/><E88/><V113/><F64/><W110/><G110/><T19/><D19/><U15/><E15/><V44/><F44/><W35/><G8/><T105/><D105/><U45/><E45/><V62/><F11/><W68/><G68/><T109/><D109/><U69/><E69/><V116/><F116/><W76/><G76/><T126/><D126/><U100/><E100/><V89/><F98/><W133/><G133/><T71/><D71/><U2/><E2/><V108/><F108/><W49/><G31/><T101/><D101/><U48/><AGARI ba="0,0" hai="4,9,13,16,23,27,48,52,54,55,59" m="56799" machi="48" ten="30,7900,0" yaku="8,1,52,1,54,2" doraHai="12,125" who="1" fromWho="1" sc="250,-39,250,79,250,-20,250,-20" /><INIT seed="1,0,0,5,2,113" ten="211,329,230,230" oya="1" hai0="81,64,55,123,2,13,33,68,106,82,4,135,19" hai1="86,107,104,47,6,16,29,36,61,9,132,56,12" hai2="15,79,18,65,118,84,129,103,112,43,80,66,57" hai3="108,77,7,75,63,122,99,32,1,114,95,21,120"/><U88/><E132/><V109/><F112/><W22/><G114/><T94/><D106/><U78/><E78/><V90/><F109/><W131/><G32/><T51/><D33/><U134/><E134/><V24/><F129/><W5/><G108/><T83/><D135/><U93/><E29/><V73/><F43/><W46/><G131/><T34/><D34/><U87/><E36/><V59/><F24/><W52/><G75/><T97/><D2/><U67/><E47/><V44/><F44/><W133/><G77/><T17/><D123/><U42/><E42/><V125/><F125/><W89/><G133/><T116/><D116/><U126/><E126/><V0/><F0/><W20/><G1/><T14/><D64/><U128/><E128/><V8/><F118/><W49/><REACH who="3" step="1"/><G63/><REACH who="3" ten="211,329,230,220" step="2"/><T71/><D71/><U53/><E61/><V117/><F73/><W35/><G35/><T91/><D68/><U10/><E104/><V50/><F79/><W98/><G98/><T11/><REACH who="0" step="1"/><D14/><REACH who="0" ten="201,329,230,220" step="2"/><U74/><E12/><V105/><F15/><W127/><G127/><T41/><D41/><U26/><E67/><V31/><F65/><W37/><G37/><T30/><D30/><U38/><E107/><V76/><F31/><W60/><G60/><T92/><D92/><U130/><E93/><N who="2" m="54471" /><F66/><W72/><G72/><T27/><D27/><U111/><E74/><V28/><F105/><W23/><N who="3" m="5120" /><DORA hai="58" /><W39/><G39/><T69/><D69/><U121/><E38/><V62/><F28/><W124/><G124/><T45/><AGARI ba="0,2" hai="4,11,13,17,19,45,51,55,81,82,83,91,94,97" machi="45" ten="30,7900,0" yaku="1,1,0,1,8,1,53,1" doraHai="113,58" doraHaiUra="54,48" who="0" fromWho="0" sc="201,99,329,-39,230,-20,220,-20" /><INIT seed="2,0,0,2,1,5" ten="300,290,210,200" oya="2" hai0="50,26,74,113,56,85,30,31,127,18,61,96,115" hai1="35,75,129,83,41,49,90,59,132,46,21,69,55" hai2="107,93,130,25,13,1,79,29,23,100,104,102,76" hai3="77,7,118,81,87,71,124,58,89,17,4,125,54"/><V38/><F1/><W6/><G118/><T11/><D74/><U22/><E35/><V82/><F38/><W2/><G71/><T114/><D50/><U36/><E132/><V94/><F130/><W62/><G2/><T103/><D85/><U10/><E129/><V33/><F33/><W133/><G133/><T68/><D68/><U44/><E69/><V106/><F13/><W101/><G101/><N who="2" m="39017" /><F23/><W116/><G116/><T134/><D134/><U112/><E112/><V86/><F25/><W57/><G17/><T117/><D117/><U70/><E70/><V91/><F29/><W98/><G98/><T80/><D80/><U8/><E46/><V15/><F15/><W19/><G19/><T47/><D47/><U53/><E75/><N who="2" m="43295" /><F79/><W120/><G120/><T131/><D131/><U51/><E22/><V110/><F110/><W34/><G34/><N who="0" m="20823" /><D31/><U121/><E121/><V9/><F9/><N who="1" m="3689" /><E36/><V42/><F42/><W37/><G37/><T108/><D108/><U65/><E41/><V88/><F106/><W16/><G77/><T95/><D11/><U73/><E73/><V84/><AGARI ba="0,0" hai="84,86,88,91,93,94,104,107" m="43295,39017" machi="84" ten="30,18000,2" yaku="35,5,54,1" doraHai="5" who="2" fromWho="2" sc="300,-60,290,-60,210,180,200,-60" /><INIT seed="2,1,0,3,1,6" ten="240,230,390,140" oya="2" hai0="74,8,133,31,130,58,129,28,64,48,75,84,29" hai1="21,114,113,128,92,88,97,132,39,127,93,56,43" hai2="89,103,115,135,17,116,72,59,44,78,60,40,9" hai3="63,38,117,61,23,15,126,35,76,67,12,91,98"/><V30/><F115/><W45/><G117/><T57/><D133/><U11/><E132/><V87/><F135/><W107/><G35/><T94/><D64/><U96/><E128/><N who="0" m="49257" /><D8/><U55/><E127/><V71/><F71/><W51/><G38/><T122/><D122/><U3/><E21/><V20/><F72/><N who="0" m="27690" /><D48/><U13/><E3/><V62/><F78/><W109/><G76/><T36/><D36/><U24/><E39/><V119/><F103/><W125/><G63/><T10/><D10/><U99/><E11/><V25/><F62/><W95/><G107/><T42/><D42/><U7/><E43/><V37/><F9/><W108/><G23/><T82/><D94/><U5/><E93/><V134/><F134/><W73/><G73/><T79/><AGARI ba="1,0" hai="28,29,31,57,58,79,82,84" m="27690,49257" machi="79" ten="40,1500,0" yaku="19,1" doraHai="6" who="0" fromWho="0" sc="240,18,230,-5,390,-8,140,-5" /><INIT seed="3,0,0,3,2,73" ten="258,225,382,135" oya="3" hai0="19,116,95,100,60,85,119,16,96,28,132,131,126" hai1="5,61,82,32,108,80,36,117,23,120,34,1,29" hai2="104,9,49,70,129,107,105,26,128,97,89,88,25" hai3="45,7,110,15,114,51,81,123,22,43,102,66,118"/><W13/><G114/><T122/><D122/><U78/><E120/><V86/><F70/><W24/><G123/><T63/><D28/><U65/><E108/><V101/><F49/><W69/><G118/><T12/><D132/><U113/><E113/><V112/><F112/><W53/><G110/><T79/><D131/><N who="2" m="50250" /><F9/><W133/><G133/><T74/><D74/><U127/><E80/><N who="2" m="49351" /><F88/><W124/><G124/><T39/><D39/><U17/><E36/><V2/><F2/><W109/><G109/><T99/><D126/><U56/><E29/><V75/><F75/><W98/><G43/><T130/><D130/><U18/><E18/><V38/><F38/><W46/><G46/><T106/><D19/><U77/><E77/><V33/><F33/><W20/><G81/><T72/><D72/><U67/><E67/><V37/><F37/><W4/><G66/><T44/><D44/><U94/><E94/><AGARI ba="0,0" hai="25,26,94,97,101,104,105,107" m="49351,50250" machi="94" ten="40,1300,0" yaku="19,1" doraHai="73" who="2" fromWho="1" sc="258,0,225,-13,382,13,135,0" owari="258,5.8,212,-18.8,395,49.5,135,-36.5" /></mjloggm>