<mjloggm ver="2.3"><GO type="225" lobby="0"/><UN n0="%77%72%77%72%77%72%77%72" n1="%E5%BE%AE%E5%B7%AE%E3%81%AE%E4%BD%95%E5%88%87%E3%82%8B%EF%BC%9C%E9%81%8B" n2="%E3%83%94%E3%83%B3%E3%82%B5%E3%83%AD%E5%BA%97%E5%93%A1" n3="%E3%81%BF%E3%81%BF%E3%81%9A" dan="17,16,16,16" rate="2240.05,2130.75,2166.07,2133.84" sx="M,M,M,M"/><TAIKYOKU oya="0"/><INIT seed="0,0,0,0,5,16" ten="250,250,250,250" oya="0" hai0="61,62,94,133,74,0,4,73,9,7,100,48,47" hai1="113,117,101,42,63,106,38,35,126,28,123,57,50" hai2="77,109,84,58,115,15,2,39,105,85,64,81,29" hai3="93,107,80,49,86,108,10,83,88,135,43,46,128"/><T45/><D133/><U52/><E117/><V27/><F115/><W67/><G135/><T34/><D34/><U23/><E123/><V112/><F2/><W70/><G108/><T89/><D100/><U32/><E126/><V55/><F39/><W56/><G128/><T125/><D125/><U121/><E113/><V19/><F105/><W122/><G122/><T130/><D7/><U69/><E121/><V17/><F109/><W8/><G70/><T71/><D130/><U5/><E5/><V110/><F110/><W90/><G107/><T91/><D91/><U60/><E63/><V13/><F64/><W66/><G83/><T22/><D22/><U129/><E129/><V72/><F15/><W116/><G116/><T30/><D30/><U53/><E53/><V76/><F19/><W104/><G104/><T44/><D48/><U127/><E127/><V99/><F99/><W3/><G3/><T132/><D132/><U65/><E101/><V36/><F36/><W75/><G75/><T96/><REACH who="0" step="1"/><D61/><REACH who="0" ten="240,250,250,250" step="2"/><U31/><E106/><V41/><F112/><W87/><G8/><T33/><D33/><U26/><REACH who="1" step="1"/><E31/><REACH who="1" ten="240,240,250,250" step="2"/><V120/><F120/><W95/><G95/><T18/><D18/><U92/><E92/><V51/><F17/><W25/><G93/><T131/><D131/><U102/><E102/><V98/><F29/><W20/><G43/><T111/><D111/><U59/><E59/><V14/><F58/><W11/><G56/><T78/><D78/><U118/><E118/><V82/><F77/><W1/><G90/><T119/><D119/><U103/><E103/><RYUUKYOKU ba="0,2" sc="240,15,240,15,250,-15,250,-15" hai0="0,4,9,44,45,47,62,71,73,74,89,94,96" hai1="23,26,28,32,35,38,42,50,52,57,60,65,69" /><INIT seed="0,1,2,1,5,50" ten="255,255,235,235" oya="0" hai0="120,98,10,80,37,63,89,115,87,23,71,51,25" hai1="42,128,69,118,56,93,43,62,104,94,108,36,29" hai2="113,0,52,90,117,53,67,95,121,48,70,112,57" hai3="114,99,44,124,55,119,18,6,14,96,46,24,7"/><T134/><D115/><U1/><E104/><V13/><F0/><W20/><G114/><T34/><D120/><U38/><E1/><V66/><F121/><W31/><G119/><T84/><D37/><U77/><E77/><V78/><F117/><W47/><G124/><T40/><D134/><U30/><E118/><V21/><F78/><W109/><G109/><T107/><D34/><U45/><E108/><V12/><F70/><W33/><REACH who="3" step="1"/><G55/><REACH who="3" ten="255,255,235,225" step="2"/><T135/><D135/><U111/><E111/><V75/><F113/><W85/><G85/><T127/><D84/><U64/><E64/><N who="2" m="24619" /><F112/><W58/><G58/><T49/><D87/><U123/><E56/><N who="2" m="32775" /><F75/><W110/><G110/><T86/><D86/><U105/><E123/><V74/><F74/><W68/><G68/><T83/><D71/><U65/><E69/><V101/><F90/><W106/><G106/><T15/><D127/><U72/><E105/><V32/><F32/><W116/><G116/><T79/><D89/><U19/><E72/><V17/><F95/><W41/><G41/><T22/><BYE who="1" /><D40/><U9/><E9/><V122/><F122/><W129/><G129/><T11/><D10/><U59/><E59/><V61/><F101/><UN n1="%E5%BE%AE%E5%B7%AE%E3%81%AE%E4%BD%95%E5%88%87%E3%82%8B%EF%BC%9C%E9%81%8B" /><W28/><G28/><T81/><D79/><U133/><E94/><V100/><F100/><W2/><G2/><T102/><D11/><U16/><E93/><V91/><F91/><W8/><G8/><T130/><D130/><U3/><E43/><V97/><F97/><AGARI ba="1,3" hai="6,7,14,18,20,24,31,33,44,46,47,96,97,99" machi="97" ten="40,1300,0" yaku="1,1,53,0" doraHai="50" doraHaiUra="35" who="3" fromWho="2" sc="255,0,255,0,235,-16,225,46" /><INIT seed="1,0,0,4,1,85" ten="255,255,219,271" oya="1" hai0="34,47,81,108,124,20,10,0,45,68,62,92,31" hai1="80,121,67,19,73,128,112,72,93,64,59,15,82" hai2="97,56,75,89,134,35,95,125,107,36,49,70,123" hai3="105,39,40,65,37,74,33,63,57,26,109,110,14"/><U69/><E121/><V90/><F70/><W104/><G74/><T60/><D108/><N who="3" m="41577" /><G14/><T126/><D34/><U52/><E112/><V48/><F36/><N who="3" m="13899" /><G40/><T4/><D81/><U127/><E127/><N who="0" m="48681" /><D92/><U77/><E128/><V131/><F123/><W30/><AGARI ba="0,0" hai="26,30,33,57,63,65,104,105" m="13899,41577" machi="30" ten="40,1500,0" yaku="14,1" doraHai="85" who="3" fromWho="3" sc="255,-4,255,-7,219,-4,271,15" /><INIT seed="2,0,0,0,0,59" ten="251,248,215,286" oya="2" hai0="10,133,106,53,37,118,84,91,1,25,6,129,13" hai1="80,98,46,83,12,8,95,67,97,108,28,132,18" hai2="117,27,68,107,92,24,134,128,60,66,75,7,124" hai3="0,32,79,62,93,109,99,74,11,14,58,111,115"/><V87/><F117/><W57/><G32/><T73/><D118/><U105/><E108/><N who="3" m="41546" /><G0/><T94/><D129/><U61/><E132/><V102/><F75/><W114/><G79/><T76/><D133/><U5/><E105/><V89/><F134/><W130/><G74/><T122/><D122/><U16/><E28/><V3/><F124/><W96/><G57/><T20/><D106/><U40/><E97/><N who="3" m="37450" /><G93/><T21/><D37/><U72/><E72/><V120/><F120/><W123/><G130/><T121/><D121/><U4/><E5/><V42/><F128/><W9/><G123/><T64/><D1/><U26/><E26/><V41/><F102/><W125/><G125/><T90/><D90/><U63/><E67/><V38/><F107/><W69/><G69/><T113/><D64/><U56/><E56/><V39/><F39/><W126/><G126/><T54/><D76/><U47/><E40/><V23/><F38/><W29/><G29/><T100/><D100/><N who="1" m="60511" /><E46/><V116/><F116/><W33/><G33/><T51/><D73/><U49/><E47/><V131/><F131/><W110/><N who="3" m="41554" /><W135/><DORA hai="86" /><G135/><T2/><D2/><U43/><E43/><V50/><F50/><W35/><G35/><T17/><D51/><U104/><E104/><V65/><F65/><N who="3" m="39127" /><G14/><N who="0" m="5463" /><D113/><AGARI ba="0,0" hai="9,11,113,114,115" m="39127,37450,41554" machi="113" ten="50,6400,0" yaku="11,1,14,1,52,1" doraHai="59,86" who="3" fromWho="0" sc="251,-64,248,0,215,0,286,64" /><INIT seed="3,0,0,4,1,22" ten="187,248,215,350" oya="3" hai0="92,82,113,109,119,72,100,14,61,0,133,1,94" hai1="118,112,27,99,59,40,115,127,9,41,101,96,64" hai2="52,19,31,116,6,2,25,95,85,97,12,122,38" hai3="26,91,36,58,73,80,57,87,46,121,5,48,20"/><W24/><G121/><T124/><D119/><U123/><E118/><V30/><F116/><W69/><G69/><T132/><D61/><U33/><E123/><V86/><F38/><W28/><G73/><T34/><D34/><U120/><E120/><V55/><F6/><W75/><G75/><T110/><D14/><U49/><E127/><V17/><F2/><N who="0" m="1130" /><D100/><U11/><E115/><V77/><F122/><W4/><G24/><T79/><D113/><U21/><E112/><V65/><F65/><W32/><G32/><T42/><D42/><N who="1" m="16491" /><E33/><V45/><F19/><W8/><G36/><T104/><D104/><U108/><E108/><N who="0" m="41577" /><D124/><U66/><E64/><V47/><F55/><N who="3" m="30103" /><G8/><N who="1" m="3146" /><E101/><N who="2" m="60607" /><F52/><W71/><G71/><T106/><D106/><U105/><E105/><V103/><F103/><W128/><G4/><T13/><D13/><U83/><E83/><N who="2" m="47343" /><F25/><W51/><G26/><T89/><D89/><U16/><E49/><V67/><F67/><W114/><G51/><T10/><D10/><U90/><E90/><V134/><F134/><AGARI ba="0,0" hai="72,79,82,92,94,132,133,134" m="41577,1130" machi="134" ten="40,2600,0" yaku="20,1,14,1" doraHai="22" who="0" fromWho="2" sc="187,26,248,0,215,-26,350,0" owari="213,-18.7,248,4.8,189,-31.1,350,45.0" /></mjloggm>