<mjloggm ver="2.3"><GO type="225" lobby="0"/><UN n0="%28%EF%BF%A3%E2%96%BD%EF%BF%A3%29%CE%B4%E2%8C%92%E3%83%BB" n1="%E3%82%B3%E3%83%90%E3%83%AC%E3%82%A4" n2="%E3%80%90%E3%83%88%E3%83%AA%E3%83%A5%E3%83%95%E3%80%91" n3="%E6%B8%A9%E2%98%85%E6%83%85%E2%98%85%E6%8E%AA%E2%98%85%E7%BD%AE" dan="17,16,16,17" rate="2254.37,2148.78,2081.13,2165.61" sx="M,M,M,M"/><TAIKYOKU oya="0"/><INIT seed="0,0,0,3,2,35" ten="250,250,250,250" oya="0" hai0="7,94,120,24,28,111,101,34,45,81,3,114,72" hai1="56,47,83,132,75,66,104,36,95,12,55,80,4" hai2="112,32,133,117,29,90,42,93,65,109,57,15,74" hai3="73,129,84,118,128,22,126,37,96,78,68,31,76"/><T102/><D114/><U103/><E104/><V11/><F109/><W98/><G37/><T124/><D120/><U105/><E105/><V27/><F133/><W14/><G68/><T122/><D122/><U52/><E75/><V125/><F125/><W64/><G64/><T21/><D124/><U97/><E36/><V9/><F117/><W79/><G126/><T77/><D111/><U44/><E66/><V121/><F121/><W2/><G73/><T116/><D116/><U67/><E67/><V135/><F135/><W127/><G127/><T62/><D62/><U123/><E132/><V25/><F74/><W61/><G2/><T131/><D94/><U108/><E108/><V17/><F42/><W134/><G61/><T115/><D131/><N who="3" m="50249" /><G118/><T82/><D82/><N who="1" m="31275" /><E55/><V85/><F112/><W0/><G0/><T63/><D63/><N who="1" m="36231" /><E123/><V30/><F65/><W46/><G134/><T43/><D34/><U49/><E49/><V119/><F119/><W53/><G53/><T91/><D91/><U87/><E87/><V5/><F57/><W39/><G84/><T54/><D54/><U60/><E60/><V38/><F38/><W59/><G59/><T106/><D106/><U23/><E23/><V10/><REACH who="2" step="1"/><F5/><REACH who="2" ten="250,250,240,250" step="2"/><W51/><G39/><N who="0" m="21759" /><D115/><U92/><E44/><V70/><F70/><W107/><G46/><T71/><D71/><U41/><E41/><V26/><F26/><N who="3" m="16855" /><G51/><T130/><D130/><U16/><E47/><V99/><F99/><N who="3" m="37931" /><G107/><T110/><D110/><U86/><E97/><V6/><F6/><W8/><G78/><T18/><D28/><U69/><E69/><RYUUKYOKU ba="0,1" sc="250,10,250,-30,240,10,250,10" hai0="3,7,18,21,24,72,77,81,101,102" hai2="9,10,11,15,17,25,27,29,30,32,85,90,93" hai3="8,14,76,79" /><INIT seed="0,1,1,4,3,85" ten="260,220,250,260" oya="0" hai0="49,28,73,97,75,7,95,48,67,98,46,74,94" hai1="17,119,120,10,93,24,50,130,40,90,2,113,59" hai2="16,89,22,23,78,115,71,109,69,79,92,11,126" hai3="125,38,43,122,81,15,82,111,8,86,65,19,91"/><T103/><D7/><U5/><E119/><V61/><F115/><W70/><G111/><T58/><D28/><U77/><E113/><V110/><F126/><W47/><G125/><T56/><D67/><U114/><E114/><V13/><F71/><W96/><G122/><T44/><D74/><U21/><E120/><V84/><F69/><W30/><G30/><T9/><D9/><U39/><E39/><V127/><F61/><W107/><G70/><T57/><D57/><U72/><E77/><N who="2" m="29195" /><F127/><W104/><G65/><T27/><D27/><U32/><E72/><V133/><F133/><W55/><G82/><T105/><D103/><U42/><E130/><V25/><F25/><W106/><REACH who="3" step="1"/><G55/><REACH who="3" ten="260,220,250,250" step="2"/><T54/><REACH who="0" step="1"/><D54/><REACH who="0" ten="250,220,250,250" step="2"/><U4/><E32/><V129/><F129/><W80/><G80/><T68/><D68/><U37/><E2/><V36/><F110/><W34/><G34/><T62/><D62/><U88/><E4/><N who="2" m="3303" /><F109/><W35/><G35/><T33/><D33/><U124/><E124/><V123/><F123/><W41/><G41/><T76/><D76/><U112/><E112/><V51/><F23/><W99/><AGARI ba="1,3" hai="8,15,19,38,43,47,81,86,91,96,99,104,106,107" machi="99" ten="40,5200,0" yaku="1,1,0,1,52,1,53,0" doraHai="85" doraHaiUra="26" who="3" fromWho="3" sc="250,-27,220,-14,250,-14,250,85" /><INIT seed="1,0,0,4,5,39" ten="223,206,236,335" oya="1" hai0="28,98,55,129,123,57,31,119,56,13,79,16,125" hai1="24,82,104,107,122,45,66,94,46,85,72,8,96" hai2="114,40,19,101,51,80,121,5,70,36,37,26,115" hai3="91,41,54,15,47,29,103,135,118,2,10,62,6"/><U110/><E122/><V93/><F121/><W75/><G75/><T111/><D123/><U4/><E72/><V27/><F5/><W42/><G135/><T130/><D119/><U120/><E120/><V74/><F70/><W17/><G118/><T112/><D112/><N who="2" m="43050" /><F101/><W116/><G116/><T12/><D111/><U68/><E110/><V128/><F93/><W100/><G29/><T124/><D98/><U73/><E73/><V20/><F27/><W21/><G91/><T131/><D79/><U83/><E107/><V81/><F128/><W71/><G71/><T84/><D84/><U113/><E104/><V38/><F74/><W23/><G23/><N who="0" m="11655" /><D13/><U106/><E106/><V44/><AGARI ba="0,0" hai="19,20,26,36,37,38,40,44,51,80,81" m="43050" machi="44" ten="40,2700,0" yaku="11,1,52,1" doraHai="39" who="2" fromWho="2" sc="223,-7,206,-13,236,27,335,-7" /><INIT seed="2,0,0,0,0,135" ten="216,193,263,328" oya="2" hai0="34,47,27,78,84,13,45,6,21,120,68,20,103" hai1="110,95,32,19,25,115,52,128,73,94,122,24,0" hai2="42,31,79,63,80,106,116,54,134,81,117,12,65" hai3="28,104,14,2,18,3,109,33,22,4,5,76,9"/><V112/><F112/><W62/><G104/><T77/><D68/><U39/><E115/><V130/><F130/><W66/><G76/><N who="0" m="29291" /><D34/><U91/><E73/><V10/><F134/><W38/><G38/><T133/><D133/><U29/><E39/><V72/><F106/><W85/><G85/><T118/><D120/><U46/><E0/><N who="3" m="42" /><G62/><T108/><D108/><U36/><E128/><V131/><F131/><W113/><G66/><T105/><D105/><U102/><E110/><V75/><F31/><W49/><G49/><T61/><D103/><U129/><E129/><V53/><F80/><W30/><G113/><T88/><D61/><U43/><E122/><V23/><F42/><W119/><G119/><T87/><D87/><U92/><E102/><V41/><F41/><W89/><G89/><T50/><D118/><U35/><E52/><V83/><F72/><W8/><G109/><T107/><D107/><U90/><REACH who="1" step="1"/><E19/><REACH who="1" ten="216,183,263,328" step="2"/><V121/><F121/><W74/><G74/><T55/><D47/><U70/><E70/><V69/><F116/><W59/><G59/><T64/><D64/><U44/><E44/><V17/><F117/><W58/><G58/><T71/><D71/><U100/><E100/><V132/><F54/><W37/><G37/><T82/><D27/><U15/><E15/><N who="2" m="9663" /><F53/><W97/><G14/><T124/><D124/><U67/><E67/><V60/><F132/><W48/><G48/><T56/><D45/><U123/><E123/><V7/><F63/><W57/><G57/><T86/><D86/><U111/><E111/><V51/><F51/><W1/><G1/><RYUUKYOKU ba="0,1" sc="216,10,183,10,263,10,328,-30" hai0="6,13,20,21,50,55,56,82,84,88" hai1="24,25,29,32,35,36,43,46,90,91,92,94,95" hai2="7,10,12,60,65,69,75,79,81,83" /><INIT seed="2,1,1,4,0,135" ten="226,193,273,298" oya="2" hai0="59,93,124,104,129,114,96,22,23,109,27,107,69" hai1="130,115,86,13,70,29,61,51,4,121,100,40,132" hai2="112,46,35,90,7,14,52,55,73,26,33,53,111" hai3="1,49,32,74,118,108,81,63,120,125,106,79,116"/><V92/><F112/><W37/><RYUUKYOKU type="yao9" ba="1,1" sc="226,0,193,0,273,0,298,0" hai3="1,32,37,49,63,74,79,81,106,108,116,118,120,125" /><INIT seed="2,2,1,3,2,129" ten="226,193,273,298" oya="2" hai0="36,102,130,128,66,61,27,35,77,12,57,52,0" hai1="113,104,19,74,116,101,133,82,50,89,68,24,1" hai2="76,70,75,132,47,51,20,126,41,110,121,28,69" hai3="98,37,29,88,56,60,84,53,55,13,40,18,65"/><V114/><F114/><W97/><G29/><N who="0" m="19903" /><D0/><U96/><E1/><V95/><F121/><W79/><G79/><T78/><D36/><U43/><E113/><V100/><F126/><W80/><G40/><T107/><D102/><U92/><E68/><V105/><F105/><W15/><G15/><T8/><D107/><U134/><E116/><V73/><F110/><W103/><G37/><T26/><D26/><U54/><E43/><V21/><F76/><W63/><G63/><T38/><D66/><U83/><E19/><V111/><F111/><W135/><G135/><N who="1" m="51722" /><E24/><V117/><F117/><W32/><G32/><T71/><D38/><U109/><E74/><V10/><F132/><W119/><G119/><T42/><D42/><U86/><E109/><V112/><F112/><W87/><G87/><T44/><D44/><AGARI ba="2,1" hai="44,50,54,82,83,86,89,92,96,101,104" m="51722" machi="44" ten="30,7700,0" yaku="20,1,52,3" doraHai="129" who="1" fromWho="0" sc="226,-83,193,93,273,0,298,0" /><INIT seed="3,0,0,2,0,60" ten="143,286,273,298" oya="3" hai0="105,66,32,35,29,11,111,134,82,84,113,63,13" hai1="46,55,20,71,77,83,6,107,42,28,116,115,72" hai2="88,57,100,120,119,2,101,109,70,64,51,31,44" hai3="75,129,98,81,21,59,12,89,14,24,45,68,131"/><W112/><G68/><T33/><D111/><U67/><E107/><V108/><F119/><W23/><G112/><T8/><D113/><U96/><E115/><V93/><F2/><W130/><G59/><T123/><D123/><U4/><E116/><V133/><F31/><N who="3" m="17807" /><G45/><T92/><D105/><U97/><E55/><N who="2" m="30183" /><F133/><W132/><G132/><T128/><D134/><U87/><E72/><V30/><F30/><W50/><G50/><T26/><D128/><U80/><E83/><V79/><F70/><W0/><G0/><T110/><D92/><U76/><E76/><V85/><F79/><N who="3" m="44287" /><G23/><T22/><D110/><N who="2" m="42602" /><F120/><W62/><G62/><AGARI ba="0,0" hai="57,62,64,85,88,93,100,101" m="42602,30183" machi="62" ten="30,3900,0" yaku="14,1,52,1,54,1" doraHai="60" who="2" fromWho="3" sc="143,0,286,0,273,39,298,-39" owari="143,-35.7,286,8.6,312,41.2,259,-14.1" /></mjloggm>