<mjloggm ver="2.3"><GO type="225" lobby="0"/><UN n0="%28%EF%BF%A3%E2%96%BD%EF%BF%A3%29%CE%B4%E2%8C%92%E3%83%BB" n1="%E6%9A%87%E4%BA%BA%EF%BC%A0%E9%85%8D%E4%BF%A1%E5%9E%A2" n2="%6D%75%75%6D%75%72%61" n3="%E5%A4%8F%E9%88%B4%E9%88%B4%E5%A4%8F" dan="16,17,16,16" rate="2054.59,2183.75,2144.89,2147.82" sx="M,M,F,M"/><TAIKYOKU oya="0"/><INIT seed="0,0,0,2,5,131" ten="250,250,250,250" oya="0" hai0="134,127,113,53,47,78,48,71,119,74,98,68,25" hai1="23,64,124,76,3,101,18,75,102,107,77,55,83" hai2="103,108,41,51,100,81,70,35,85,122,69,92,24" hai3="93,59,125,116,38,14,95,110,90,34,123,46,22"/><T112/><D98/><U80/><E124/><V15/><F122/><W63/><G34/><T60/><D78/><U33/><E33/><V56/><F108/><W106/><G106/><T87/><D87/><U0/><E64/><V2/><F2/><W111/><G123/><T19/><D19/><U5/><E55/><V117/><F117/><W49/><G38/><T91/><D91/><U82/><E82/><V72/><F72/><W65/><G125/><T57/><D25/><U13/><E107/><V73/><F73/><W135/><G116/><T94/><D94/><U115/><E115/><N who="0" m="44105" /><D74/><U118/><E118/><V88/><F15/><W21/><G95/><T27/><D27/><U52/><E0/><V79/><F79/><W54/><G135/><T31/><D31/><U16/><E18/><V97/><F103/><W39/><G39/><T86/><D86/><U99/><E99/><V66/><F41/><W8/><G111/><T89/><D89/><U17/><E17/><V7/><F7/><N who="3" m="3359" /><G110/><T120/><D119/><U36/><E36/><V11/><F11/><W29/><G29/><T129/><D120/><U128/><E3/><V114/><F114/><W20/><G20/><T10/><D10/><U61/><E5/><V130/><F35/><W96/><AGARI ba="0,0" hai="21,22,46,49,54,59,63,65,90,93,96" m="3359" machi="96" ten="30,1100,0" yaku="8,1" doraHai="131" who="3" fromWho="3" sc="250,-5,250,-3,250,-3,250,11" /><INIT seed="1,0,0,2,2,122" ten="245,247,247,261" oya="1" hai0="55,118,19,6,3,67,113,120,107,83,42,87,53" hai1="17,32,105,121,44,111,22,63,132,30,73,124,78" hai2="5,131,130,31,9,76,59,48,51,13,43,97,56" hai3="86,61,96,27,24,1,100,46,125,60,15,25,114"/><U88/><E121/><V115/><F115/><W92/><G1/><T69/><D107/><U84/><E105/><V68/><F68/><W12/><G114/><T135/><D120/><U129/><E32/><V93/><F31/><W36/><G125/><T82/><D113/><U133/><E124/><V98/><F76/><W91/><G36/><T81/><D118/><U20/><E129/><N who="2" m="49163" /><F97/><W18/><G46/><T101/><D101/><U70/><E44/><N who="2" m="25631" /><F51/><W99/><G12/><T66/><D135/><N who="1" m="51787" /><E78/><V28/><F28/><W29/><G29/><T10/><D87/><U2/><E73/><V116/><F116/><W90/><G90/><AGARI ba="0,0" hai="5,9,13,56,59,90,93,98" m="25631,49163" machi="90" ten="30,1000,0" yaku="19,1" doraHai="122" who="2" fromWho="3" sc="245,0,247,0,247,10,261,-10" /><INIT seed="2,0,0,0,2,54" ten="245,247,257,251" oya="2" hai0="48,61,102,67,124,23,53,16,34,11,92,73,111" hai1="13,87,57,134,25,32,123,44,15,79,113,72,133" hai2="43,46,47,83,80,55,22,8,117,85,126,90,7" hai3="115,106,10,6,60,35,132,104,127,110,17,66,129"/><V98/><F117/><W19/><G35/><T2/><D73/><U12/><E113/><V122/><F122/><W109/><G115/><T108/><D34/><U81/><E123/><V65/><F126/><W51/><G127/><T36/><D36/><U101/><E101/><V71/><F98/><W114/><G114/><T14/><D124/><U1/><E1/><V84/><F22/><W33/><G33/><T82/><D82/><U103/><E103/><V28/><F28/><W86/><G51/><T74/><D74/><U135/><E44/><V97/><F97/><W21/><G86/><T31/><D92/><U121/><E121/><V112/><F112/><W37/><G37/><T105/><D102/><U116/><E116/><V62/><F55/><W100/><G129/><T49/><D105/><N who="3" m="40553" /><G21/><T5/><D31/><N who="1" m="19567" /><E72/><V119/><F43/><W45/><G45/><T118/><D118/><U107/><E107/><V88/><REACH who="2" step="1"/><F119/><REACH who="2" ten="245,247,247,251" step="2"/><W95/><G100/><T93/><D53/><U96/><E96/><V24/><F24/><W41/><G41/><T29/><D29/><U130/><E130/><V125/><F125/><W128/><G128/><T42/><D42/><U9/><E9/><V69/><F69/><W75/><G10/><T70/><REACH who="0" step="1"/><D93/><REACH who="0" ten="235,247,247,251" step="2"/><U89/><E135/><V59/><F59/><W3/><G132/><N who="1" m="50794" /><E57/><V4/><F4/><W40/><G95/><T91/><D91/><AGARI ba="0,2" hai="12,13,15,79,81,87,89,91" m="50794,19567" machi="91" ten="30,1000,0" yaku="20,1" doraHai="54" who="1" fromWho="0" sc="235,-10,247,30,247,0,251,0" /><INIT seed="3,0,0,3,0,130" ten="225,277,247,251" oya="3" hai0="133,87,41,56,75,58,21,83,119,111,126,114,71" hai1="98,13,97,50,53,104,96,18,88,11,81,49,102" hai2="67,60,7,19,129,91,63,35,43,121,123,17,46" hai3="103,45,66,80,128,4,89,132,34,44,101,29,42"/><W28/><G128/><T82/><D71/><U12/><E49/><V52/><F129/><W26/><G4/><T78/><D119/><U100/><E12/><V5/><F35/><W116/><G116/><T31/><D111/><U55/><E104/><V2/><F91/><W68/><G28/><T23/><D126/><U85/><E53/><V86/><F86/><W3/><G3/><T25/><D114/><U65/><E65/><V93/><F93/><W112/><G112/><T47/><D23/><U94/><E102/><V109/><F109/><W110/><G110/><T90/><REACH who="0" step="1"/><D133/><REACH who="0" ten="215,277,247,251" step="2"/><U30/><E30/><V54/><F121/><W1/><G132/><T36/><AGARI ba="0,1" hai="21,25,31,36,41,47,56,58,75,78,82,83,87,90" machi="36" ten="20,8000,1" yaku="1,1,2,1,0,1,7,1,53,1" doraHai="130" doraHaiUra="105" who="0" fromWho="0" sc="215,90,277,-20,247,-20,251,-40" owari="305,40.5,257,5.7,227,-17.3,211,-28.9" /></mjloggm>