<mjloggm ver="2.3"><GO type="225" lobby="0"/><UN n0="%E3%81%82%E3%81%99%E3%81%AB%E3%82%83%E3%82%80" n1="%E6%80%AA%E3%81%97%E3%81%99%E3%81%8E%E3%82%8B%E3%83%81%E3%83%BC" n2="%E3%81%AF%E3%82%88%E3%81%8A%E3%81%98%E3%81%95%E3%82%93" n3="%E3%81%9F%E3%81%A3%E3%81%A1%E3%82%87" dan="16,16,16,16" rate="2075.80,2115.32,2187.98,2055.58" sx="F,M,M,M"/><TAIKYOKU oya="0"/><INIT seed="0,0,0,2,5,40" ten="250,250,250,250" oya="0" hai0="60,18,97,102,31,51,96,113,133,8,114,55,56" hai1="30,27,2,74,77,48,88,37,29,28,47,33,58" hai2="127,22,21,129,23,11,38,103,134,53,121,15,0" hai3="41,59,3,104,106,72,73,52,105,98,81,109,63"/><T99/><D133/><U6/><E58/><V24/><F38/><W128/><G3/><T69/><D102/><U61/><E61/><V135/><F53/><W132/><G132/><N who="2" m="50729" /><F103/><W83/><G109/><T25/><D113/><U7/><E37/><V70/><F70/><W82/><G128/><T115/><D8/><U90/><E74/><V43/><F43/><W1/><G1/><T111/><D111/><U108/><E77/><V46/><F46/><W118/><G118/><T107/><D18/><U101/><E101/><V75/><F75/><W13/><G41/><T117/><D117/><U93/><E90/><V42/><F42/><W71/><G98/><T16/><D16/><U86/><E108/><V35/><F121/><W57/><G71/><T67/><REACH who="0" step="1"/><D107/><REACH who="0" ten="240,250,250,250" step="2"/><U124/><E6/><N who="2" m="1479" /><F129/><W131/><G131/><T78/><D78/><U126/><E124/><V49/><F127/><W79/><G79/><T110/><D110/><U95/><E126/><V14/><F14/><W130/><G13/><T45/><D45/><U100/><E100/><V5/><F5/><W36/><G130/><T26/><D26/><U19/><E7/><V122/><F122/><W123/><G36/><T116/><D116/><U125/><E2/><V119/><F119/><W64/><REACH who="3" step="1"/><G123/><REACH who="3" ten="240,250,250,240" step="2"/><T65/><D65/><U76/><E125/><V94/><F15/><W80/><N who="3" m="20480" /><DORA hai="32" /><W9/><G9/><T54/><D54/><U62/><E76/><V84/><F24/><W68/><G68/><T34/><AGARI ba="0,2" hai="25,31,34,51,55,56,60,67,69,96,97,99,114,115" machi="34" ten="30,3000,0" yaku="1,1,0,1,53,0" doraHai="40,32" doraHaiUra="39,91" who="0" fromWho="0" sc="240,50,250,-10,250,-10,240,-10" /><INIT seed="0,1,0,2,4,64" ten="290,240,240,230" oya="0" hai0="90,110,80,44,40,105,62,23,39,16,71,109,84" hai1="88,96,119,28,114,55,124,97,10,36,1,33,47" hai2="56,94,70,51,115,117,76,3,4,130,75,5,13" hai3="26,20,42,69,66,73,83,50,59,49,57,82,6"/><T37/><D105/><U65/><E119/><V77/><F115/><W43/><G6/><T27/><D62/><U129/><E114/><V34/><F70/><W104/><G104/><T113/><D113/><U31/><E129/><V134/><F34/><W67/><G73/><T107/><D107/><U123/><E123/><V46/><F3/><W98/><G98/><T0/><D0/><U45/><E124/><V2/><F2/><W32/><G20/><T127/><D127/><U92/><E65/><V79/><F75/><W58/><G58/><T12/><D71/><U118/><E118/><V86/><F117/><W89/><G89/><T60/><D60/><U35/><E55/><V132/><F56/><W15/><G15/><T103/><D103/><U25/><E96/><V52/><F130/><W85/><G85/><T91/><D91/><U54/><E54/><V68/><F68/><W122/><G122/><T99/><D99/><U14/><E36/><V53/><F53/><W133/><G69/><T125/><D125/><U135/><E135/><N who="2" m="51755" /><F13/><W61/><G133/><T21/><REACH who="0" step="1"/><D37/><REACH who="0" ten="280,240,240,230" step="2"/><U81/><E1/><V7/><F94/><W102/><G61/><T78/><D78/><U11/><E92/><V100/><F100/><W111/><G102/><T131/><D131/><U72/><E97/><V48/><F48/><W17/><G49/><T112/><D112/><U18/><E88/><V22/><F86/><W116/><G50/><T95/><D95/><U101/><E101/><V74/><F74/><W8/><G66/><T19/><AGARI ba="1,1" hai="12,16,19,21,23,27,39,40,44,80,84,90,109,110" machi="19" ten="30,11700,0" yaku="1,1,0,1,54,1,53,1" doraHai="64" doraHaiUra="87" who="0" fromWho="0" sc="280,130,240,-40,240,-40,230,-40" /><INIT seed="0,2,0,4,2,35" ten="410,200,200,190" oya="0" hai0="15,28,9,134,20,78,83,47,90,26,131,41,120" hai1="71,21,89,1,72,30,102,73,23,112,37,98,42" hai2="3,70,67,13,107,95,10,45,122,121,99,39,25" hai3="53,7,126,113,43,58,92,123,132,59,119,118,48"/><T94/><D120/><U29/><E71/><V100/><F3/><W110/><G123/><T22/><D134/><U77/><E1/><V91/><F25/><W108/><G7/><T61/><D61/><U69/><E69/><V40/><F67/><W80/><G80/><T34/><D131/><U114/><E89/><V44/><F45/><N who="3" m="25663" /><G92/><T68/><D68/><U60/><E60/><V17/><REACH who="2" step="1"/><F70/><REACH who="2" ten="410,200,190,190" step="2"/><W46/><G132/><T128/><D26/><U103/><E112/><V66/><F66/><W24/><G113/><T0/><D0/><U75/><E114/><V76/><F76/><W133/><G24/><T27/><D78/><U36/><E77/><V55/><F55/><W33/><G133/><T11/><D27/><U117/><E42/><V85/><AGARI ba="2,1" hai="10,13,17,39,40,44,85,91,95,99,100,107,121,122" machi="85" ten="20,2700,0" yaku="1,1,0,1,7,1,53,0" doraHai="35" doraHaiUra="111" who="2" fromWho="2" sc="410,-15,200,-9,190,43,190,-9" /><INIT seed="1,0,0,3,0,20" ten="395,191,233,181" oya="1" hai0="35,124,63,106,123,81,45,129,96,79,78,131,89" hai1="133,117,83,42,59,73,105,109,28,86,65,94,62" hai2="37,50,85,16,75,100,120,72,111,110,21,87,115" hai3="49,23,61,53,40,27,57,135,43,76,114,77,119"/><U52/><E105/><V99/><F37/><W10/><G114/><T90/><D35/><U102/><E117/><V18/><F120/><W14/><G135/><T31/><D31/><U32/><E133/><V112/><F50/><W30/><G119/><T64/><D45/><U128/><E128/><N who="0" m="49225" /><D124/><U121/><E121/><V101/><F21/><W92/><G92/><T58/><D78/><N who="3" m="30313" /><G49/><T34/><D34/><U3/><E3/><V24/><F99/><W1/><G1/><T26/><D26/><AGARI ba="0,0" hai="16,18,24,26,72,75,85,87,100,101,110,111,112,115" machi="26" ten="25,8000,1" yaku="22,2,52,2,54,1" doraHai="20" who="2" fromWho="0" sc="395,-80,191,0,233,80,181,0" /><INIT seed="2,0,0,0,4,93" ten="315,191,313,181" oya="2" hai0="123,126,100,44,102,90,45,25,97,133,62,94,52" hai1="3,77,41,18,34,6,42,101,17,27,75,47,125" hai2="7,109,103,87,36,59,63,40,88,78,67,48,32" hai3="85,104,119,110,35,82,73,33,39,69,116,96,71"/><V4/><F32/><N who="3" m="12363" /><G85/><T91/><D133/><U8/><E125/><V57/><F109/><W76/><G39/><T107/><D126/><U49/><E42/><V95/><F36/><W23/><G23/><T29/><D123/><U106/><E34/><V14/><F78/><W61/><G110/><T13/><D13/><U129/><E129/><V51/><F103/><N who="3" m="62567" /><G61/><T117/><D117/><AGARI ba="0,0" hai="69,71,73,76,82,116,117,119" m="62567,12363" machi="117" ten="30,2000,0" yaku="23,1,52,1" doraHai="93" who="3" fromWho="0" sc="315,-20,191,0,313,0,181,20" /><INIT seed="3,0,0,2,5,5" ten="295,191,313,201" oya="3" hai0="1,116,12,132,17,58,37,126,127,135,121,32,42" hai1="91,65,27,78,33,59,50,107,93,70,55,22,87" hai2="45,43,88,72,75,95,101,73,111,38,128,112,20" hai3="60,61,106,57,13,98,29,24,109,64,19,124,18"/><W69/><G124/><N who="0" m="47659" /><D116/><U99/><E33/><V120/><F112/><W56/><G109/><T84/><D1/><U85/><E107/><V133/><F111/><W53/><G13/><T47/><D32/><U89/><E78/><V103/><F128/><W102/><G69/><T30/><D30/><N who="1" m="17783" /><E70/><V0/><F0/><W28/><REACH who="3" step="1"/><G29/><REACH who="3" ten="295,191,313,191" step="2"/><T7/><D121/><U16/><E65/><V35/><F120/><W97/><G97/><T123/><D123/><U113/><E113/><V76/><F133/><W40/><G40/><T62/><D7/><U79/><E79/><V115/><F76/><W118/><G118/><T46/><D135/><U134/><E134/><V94/><F115/><W31/><G31/><T108/><D108/><U52/><E16/><V130/><F130/><W34/><AGARI ba="0,1" hai="18,19,24,28,34,53,56,57,60,61,64,98,102,106" machi="34" ten="20,3900,0" yaku="1,1,0,1,7,1,53,0" doraHai="5" doraHaiUra="44" who="3" fromWho="3" sc="295,-13,191,-13,313,-13,191,49" /><INIT seed="3,1,0,5,2,77" ten="282,178,300,240" oya="3" hai0="72,61,130,44,101,131,78,104,17,22,71,126,81" hai1="97,23,120,96,47,88,65,85,133,83,63,86,70" hai2="2,115,64,99,27,59,60,37,76,114,57,45,110" hai3="18,14,80,134,0,28,123,51,34,43,73,49,106"/><W111/><G123/><T25/><D126/><U109/><E120/><V55/><F2/><W125/><G0/><T5/><D5/><U102/><E109/><V19/><F76/><N who="3" m="44047" /><G106/><T74/><D44/><U129/><E133/><V90/><F110/><W135/><G43/><T50/><D50/><U107/><E129/><N who="0" m="49161" /><D72/><U100/><E86/><V68/><F59/><W103/><G103/><T36/><D36/><U98/><E102/><V52/><F55/><W35/><G125/><T9/><D9/><U69/><E69/><V1/><F1/><W75/><G75/><T87/><D74/><U67/><E67/><V53/><F53/><W58/><G58/><T56/><D71/><U3/><E3/><V6/><F6/><W94/><G94/><T124/><D124/><U117/><E117/><V16/><F68/><W95/><G95/><T89/><D101/><U132/><E132/><N who="3" m="50730" /><G111/><T116/><D116/><U108/><E108/><V11/><F90/><W13/><G13/><T29/><D104/><U118/><E118/><V122/><F99/><W20/><G28/><T54/><D89/><U12/><REACH who="1" step="1"/><E47/><REACH who="1" ten="282,168,300,240" step="2"/><V8/><F122/><W4/><G4/><T15/><D29/><U62/><E62/><V48/><F64/><W31/><G31/><T113/><D113/><U32/><E32/><AGARI ba="1,1" hai="14,18,20,32,34,35,49,51" m="50730,44047" machi="32" ten="30,2900,0" yaku="20,1,52,1" doraHai="77" who="3" fromWho="1" sc="282,0,168,-32,300,0,240,42" /><INIT seed="3,2,0,1,0,62" ten="282,136,300,282" oya="3" hai0="5,44,128,85,80,29,25,38,133,30,90,1,91" hai1="86,60,65,35,104,95,100,52,74,40,49,48,82" hai2="87,111,93,68,15,24,107,124,127,69,46,47,88" hai3="42,129,59,94,31,4,70,76,55,135,0,99,36"/><W131/><G135/><T73/><D133/><U71/><E35/><V89/><F107/><W57/><G70/><N who="2" m="27241" /><F111/><W21/><G76/><T3/><D73/><U126/><E126/><N who="2" m="48171" /><F15/><W20/><G4/><T64/><D64/><U23/><E104/><V81/><F24/><N who="3" m="16775" /><G21/><T122/><D122/><U102/><E23/><V22/><F22/><W106/><G0/><T18/><D128/><N who="3" m="49225" /><G106/><T12/><D5/><U10/><E10/><V101/><F101/><N who="3" m="60663" /><G55/><T109/><D109/><U34/><E34/><V132/><F132/><W123/><G123/><T6/><D6/><U105/><E105/><V112/><F112/><W96/><G96/><AGARI ba="2,0" hai="46,47,81,87,88,89,93,96" m="48171,27241" machi="96" ten="30,2000,0" yaku="18,1,54,1" doraHai="62" who="2" fromWho="3" sc="282,0,136,0,300,26,282,-26" owari="282,8.2,136,-36.4,326,42.6,256,-14.4" /></mjloggm>