<mjloggm ver="2.3"><GO type="225" lobby="0"/><UN n0="%E5%B0%8F%E9%B3%A5%E9%81%8A%E7%B7%B4%E7%84%A1%32%31%E6%AD%B3" n1="%74%61%6B%75%61%6B%61" n2="%E3%83%B4%E3%83%A0%EF%BC%99%E3%81%A6" n3="%E2%98%86%E5%AD%AB%E7%87%95%E5%A7%BF%E2%98%86" dan="16,16,17,16" rate="2118.59,2160.79,2235.04,2154.05" sx="F,M,M,M"/><TAIKYOKU oya="0"/><INIT seed="0,0,0,2,0,16" ten="250,250,250,250" oya="0" hai0="54,0,11,82,9,135,131,103,92,127,78,124,40" hai1="113,10,15,38,116,68,25,87,134,128,26,3,5" hai2="45,91,46,101,84,37,115,60,19,7,48,21,117" hai3="36,6,67,2,75,22,32,73,111,29,1,85,100"/><T126/><D40/><U93/><E116/><V81/><F117/><W55/><G36/><T114/><D114/><U41/><E68/><V35/><F115/><W47/><G32/><T56/><D135/><U62/><E113/><V105/><F35/><W61/><G100/><T72/><D0/><U83/><E134/><V39/><F7/><W74/><G111/><T123/><D131/><U34/><E34/><V133/><F133/><W42/><G55/><T97/><REACH who="0" step="1"/><D123/><REACH who="0" ten="240,250,250,250" step="2"/><U90/><E3/><V57/><F39/><W132/><G132/><T12/><D12/><U80/><E128/><V104/><F37/><W99/><G2/><T50/><AGARI ba="0,1" hai="9,11,50,54,56,72,78,82,92,97,103,124,126,127" machi="50" ten="30,11700,0" yaku="1,1,0,1,18,1,53,1" doraHai="16" doraHaiUra="77" who="0" fromWho="0" sc="240,127,250,-39,250,-39,250,-39" /><INIT seed="0,1,0,3,4,62" ten="367,211,211,211" oya="0" hai0="101,69,93,37,84,78,108,45,41,130,28,61,81" hai1="36,132,92,134,103,59,46,125,27,23,121,85,56" hai2="67,33,42,94,38,22,10,49,91,117,18,9,79" hai3="96,17,64,106,58,116,16,8,75,3,6,68,110"/><T4/><D130/><U30/><E121/><V77/><F33/><W100/><G116/><T119/><D119/><U12/><E125/><V48/><F38/><W112/><G112/><T21/><D108/><U11/><E36/><V74/><F117/><W39/><G68/><T131/><D131/><U111/><E111/><V52/><F74/><W19/><G110/><T14/><D4/><U20/><E20/><V1/><F42/><W86/><G75/><T66/><D14/><U5/><E46/><V13/><F67/><W70/><G70/><T2/><D2/><U133/><REACH who="1" step="1"/><E85/><REACH who="1" ten="367,201,211,211" step="2"/><V0/><F22/><W15/><G39/><T97/><REACH who="0" step="1"/><D21/><REACH who="0" ten="357,201,211,211" step="2"/><U55/><E55/><V82/><F52/><W50/><G6/><T135/><D135/><U29/><E29/><AGARI ba="1,2" hai="28,29,37,41,45,61,66,69,78,81,84,93,97,101" machi="29" ten="40,3900,0" yaku="1,1,52,1,53,0" doraHai="62" doraHaiUra="115" who="0" fromWho="1" sc="357,62,201,-42,211,0,211,0" /><INIT seed="0,2,0,2,5,82" ten="419,159,211,211" oya="0" hai0="76,88,112,25,120,54,107,115,119,84,117,60,91" hai1="34,126,32,105,57,68,10,55,5,20,8,69,85" hai2="14,100,16,52,123,102,45,6,37,73,99,89,48" hai3="2,116,111,46,114,74,72,104,122,129,83,53,103"/><T7/><D7/><U96/><E126/><V124/><F123/><W93/><G114/><N who="0" m="43563" /><D25/><U0/><E69/><V86/><F73/><W15/><G2/><T28/><D28/><U87/><E68/><V51/><F37/><W66/><G116/><N who="0" m="44619" /><D60/><U42/><E42/><N who="2" m="24631" /><F99/><W94/><G104/><T80/><D54/><U110/><E110/><V109/><F6/><W27/><G111/><T17/><D17/><U43/><E43/><V38/><F38/><W44/><G66/><T65/><D65/><U131/><E131/><V128/><F124/><W101/><G53/><T121/><D107/><U64/><E64/><V21/><F128/><W127/><G27/><T22/><D22/><U133/><E32/><V30/><F30/><W78/><G15/><T79/><D91/><U59/><E34/><V81/><F109/><W135/><G129/><T23/><D23/><U58/><E20/><V12/><F14/><W9/><G127/><T125/><D125/><U19/><E55/><V90/><F89/><W39/><G39/><T49/><D49/><U31/><E31/><V36/><F36/><W75/><G9/><T134/><D134/><U11/><E133/><V63/><F63/><W18/><G18/><T24/><D24/><U50/><E50/><V130/><F130/><W26/><G26/><T62/><D62/><U106/><E106/><V1/><F1/><W35/><G35/><T71/><D71/><U41/><E41/><V92/><F51/><W61/><G61/><T3/><D3/><U56/><N who="1" m="14336" /><DORA hai="132" /><U4/><E0/><V98/><F52/><W47/><G135/><RYUUKYOKU ba="2,0" sc="419,15,159,-15,211,15,211,-15" hai0="76,79,80,84,88,120,121" hai2="12,16,21,81,86,90,92,98,100,102" /><INIT seed="0,3,0,5,4,69" ten="434,144,226,196" oya="0" hai0="41,47,87,53,48,34,98,123,6,5,2,57,35" hai1="108,96,92,19,50,90,27,10,58,44,97,3,73" hai2="132,42,103,15,78,55,23,8,56,45,54,7,120" hai3="130,64,93,115,99,43,125,84,116,17,51,113,102"/><T114/><D114/><U31/><E108/><V24/><F132/><W40/><G116/><T39/><D123/><U61/><E73/><V25/><F120/><W59/><G130/><T65/><D87/><U95/><E3/><V12/><F103/><W107/><G125/><T11/><D5/><U104/><E104/><V9/><F78/><W77/><G113/><T70/><D98/><U22/><E10/><V86/><F86/><W112/><G112/><T32/><D32/><U0/><E0/><V88/><F88/><W126/><G126/><T75/><D75/><U14/><E14/><V13/><F13/><W118/><G118/><T119/><D119/><U1/><E1/><V109/><F109/><W71/><G71/><T135/><D135/><U30/><E50/><V66/><F66/><W74/><G17/><T89/><D89/><N who="1" m="55311" /><E44/><V83/><F83/><W94/><G115/><T21/><D21/><U68/><E68/><V101/><F101/><W82/><G51/><T29/><D29/><U100/><E100/><V37/><F56/><W80/><G94/><T79/><D79/><U60/><E60/><AGARI ba="3,0" hai="2,6,11,34,35,39,41,47,48,53,57,60,65,70" machi="60" ten="40,7700,0" yaku="24,2,52,1" doraHai="69" who="0" fromWho="1" sc="434,86,144,-86,226,0,196,0" /><INIT seed="0,4,0,1,2,59" ten="520,58,226,196" oya="0" hai0="135,60,91,62,79,44,12,98,21,99,121,97,123" hai1="24,20,41,83,96,38,92,46,75,37,81,11,80" hai2="40,49,100,0,119,26,28,50,115,109,124,7,25" hai3="106,73,87,131,54,84,111,33,132,133,29,31,93"/><T77/><D135/><N who="3" m="51785" /><G106/><T2/><D2/><U103/><E37/><V67/><F115/><W63/><G73/><T70/><D70/><U47/><E47/><V14/><F0/><W16/><G111/><T56/><D91/><U108/><E108/><V8/><F109/><W85/><G131/><T110/><D56/><U36/><E36/><V104/><F124/><W4/><G4/><T95/><D95/><U129/><E129/><V1/><F119/><W112/><G112/><T72/><D110/><U39/><E39/><V134/><F134/><W61/><G54/><T120/><D44/><U3/><E20/><V32/><F40/><W9/><G93/><T86/><D86/><U82/><E24/><V118/><F118/><W10/><G10/><T55/><D55/><U13/><N who="1" m="20480" /><DORA hai="69" /><U6/><REACH who="1" step="1"/><E3/><REACH who="1" ten="520,48,226,196" step="2"/><V64/><F25/><N who="3" m="18607" /><G31/><T58/><D72/><AGARI ba="4,1" hai="6,11,13,38,41,46,72,75,92,96,103" m="20480" machi="72" ten="50,6400,0" yaku="1,1,52,1,53,1" doraHai="59,69" doraHaiUra="5,66" who="1" fromWho="0" sc="520,-76,48,86,226,0,196,0" /><INIT seed="1,0,0,3,4,42" ten="444,134,226,196" oya="1" hai0="120,25,103,63,90,75,44,100,32,126,62,135,93" hai1="64,111,46,29,69,118,24,89,95,0,125,52,84" hai2="65,31,9,67,28,108,56,5,112,22,81,85,19" hai3="68,73,77,1,131,59,11,18,132,130,17,123,30"/><U121/><E121/><V16/><F108/><W41/><G68/><T2/><D75/><U91/><E118/><V47/><F112/><W92/><G123/><T7/><D120/><U80/><E125/><V106/><F106/><W60/><G30/><T40/><D135/><U43/><E111/><V76/><F47/><W82/><G41/><T122/><D122/><U97/><E0/><V38/><F38/><W134/><G92/><T78/><D78/><U115/><E115/><V102/><F102/><W133/><G1/><T98/><D126/><U12/><E12/><N who="2" m="5167" /><F19/><N who="3" m="7179" /><G11/><T15/><D2/><U113/><E113/><V50/><F50/><W70/><G70/><T72/><D72/><U128/><E128/><V117/><F117/><W87/><G73/><T21/><D32/><U57/><E69/><V45/><F45/><W4/><G4/><T96/><D15/><U26/><E64/><AGARI ba="0,0" hai="59,60,64,77,82,87,130,131,132,133,134" m="7179" machi="64" ten="40,1300,0" yaku="20,1" doraHai="42" who="3" fromWho="1" sc="444,0,134,-13,226,0,196,13" /><INIT seed="2,0,0,4,2,15" ten="444,121,226,209" oya="2" hai0="17,108,124,55,73,95,96,28,30,87,32,54,70" hai1="107,60,116,90,33,40,135,109,131,77,97,49,59" hai2="89,38,45,111,5,84,18,31,34,68,133,120,46" hai3="0,81,43,129,7,36,22,69,4,79,91,85,100"/><V80/><F120/><W92/><G69/><T42/><D73/><U130/><E116/><V57/><F68/><W78/><G129/><N who="1" m="49162" /><E109/><V128/><F128/><W82/><G100/><T41/><D70/><U47/><E135/><V26/><F133/><W61/><G61/><T1/><D17/><U64/><E33/><V23/><F111/><W117/><G117/><T13/><D13/><U58/><E77/><V83/><F5/><W35/><G35/><T24/><D108/><U75/><E75/><V106/><F106/><W105/><G105/><T6/><D28/><U125/><E125/><V93/><F57/><W16/><G43/><T9/><D87/><U112/><E112/><V14/><F38/><W56/><G36/><T110/><D110/><U29/><E29/><V72/><REACH who="2" step="1"/><F93/><REACH who="2" ten="444,121,216,209" step="2"/><W99/><G56/><T51/><D95/><N who="1" m="56567" /><E107/><V114/><F114/><W134/><G134/><T44/><D6/><U123/><E58/><V67/><F67/><W98/><G0/><T2/><D1/><U8/><E123/><V39/><F39/><W115/><G115/><T119/><D2/><U52/><E64/><V66/><F66/><W19/><G92/><T132/><D119/><U21/><E59/><V71/><F71/><W74/><G7/><T27/><D132/><U12/><E60/><V103/><F103/><W37/><G37/><T101/><D101/><U88/><E40/><V11/><F11/><W63/><G4/><T102/><D9/><U121/><E121/><V20/><F20/><W25/><G63/><T86/><D41/><U126/><E21/><V113/><F113/><RYUUKYOKU ba="0,1" sc="444,-10,121,-10,216,30,209,-10" hai2="14,18,23,26,31,34,45,46,72,80,83,84,89" /><INIT seed="2,1,1,4,0,41" ten="434,111,246,199" oya="2" hai0="66,113,62,74,43,79,117,0,2,131,93,57,4" hai1="92,72,31,71,83,99,112,54,3,91,77,97,95" hai2="30,18,129,102,104,127,61,53,44,49,5,20,35" hai3="6,1,86,64,110,52,58,73,124,29,109,65,19"/><V14/><F127/><W84/><G73/><T60/><D113/><U114/><E3/><V133/><F133/><W67/><G124/><T8/><D131/><U94/><E71/><V105/><F129/><W85/><G29/><T10/><D43/><U33/><E33/><V69/><F5/><W23/><G6/><T56/><D93/><U70/><E31/><V48/><F48/><W123/><G123/><T132/><D132/><U81/><E70/><V7/><F7/><W47/><G47/><T100/><D100/><U27/><E27/><V89/><F102/><W28/><G28/><T118/><D79/><U76/><E54/><V17/><F17/><W103/><G103/><T75/><D4/><U12/><E12/><V134/><F134/><W15/><REACH who="3" step="1"/><G1/><REACH who="3" ten="434,111,246,189" step="2"/><T96/><D117/><U42/><E42/><V130/><F130/><W21/><G21/><T32/><D118/><U25/><E25/><V87/><F30/><W121/><G121/><T122/><D0/><U45/><E45/><V107/><F35/><W80/><G80/><T13/><D2/><U98/><REACH who="1" step="1"/><E91/><REACH who="1" ten="434,101,246,189" step="2"/><V90/><F90/><W34/><G34/><T135/><D32/><U88/><E88/><V68/><F89/><W119/><G119/><T40/><D122/><U111/><E111/><V36/><F44/><W120/><G120/><T82/><D135/><U50/><E50/><AGARI ba="1,3" hai="15,19,23,50,52,58,64,65,67,84,85,86,109,110" machi="50" ten="40,2600,0" yaku="1,1,54,1,53,0" doraHai="41" doraHaiUra="78" who="3" fromWho="1" sc="434,0,101,-29,246,0,189,59" /><INIT seed="3,0,0,1,4,125" ten="434,72,246,248" oya="3" hai0="5,23,66,101,74,53,52,39,54,29,30,130,68" hai1="103,73,56,4,6,78,108,44,122,32,85,132,35" hai2="86,59,84,19,55,26,87,43,88,72,25,120,24" hai3="115,61,50,95,107,8,97,7,14,33,11,12,134"/><W100/><G134/><T99/><D39/><U91/><E122/><V15/><F72/><W45/><G115/><T71/><D74/><U114/><E114/><V28/><F120/><W123/><G123/><T9/><D130/><U48/><E108/><V77/><F77/><W98/><G33/><T109/><D109/><U13/><E132/><V38/><F38/><W31/><G31/><T75/><BYE who="1" /><D75/><U64/><E64/><V27/><F43/><W89/><G61/><T57/><D57/><U127/><E127/><V36/><F36/><W111/><G111/><T102/><D102/><U62/><E62/><N who="2" m="36223" /><F26/><W121/><G121/><T94/><D23/><U105/><E105/><V49/><F49/><W3/><REACH who="3" step="1"/><G11/><REACH who="3" ten="434,72,246,238" step="2"/><T41/><D30/><U37/><E37/><V17/><F28/><W83/><G83/><T126/><D29/><U133/><E133/><V22/><F19/><W63/><G63/><T117/><D9/><U69/><E69/><V92/><AGARI ba="0,1" hai="15,17,22,24,25,27,84,86,87,88,92" m="36223" machi="92" ten="30,2000,0" yaku="8,1,54,1" doraHai="125" who="2" fromWho="2" sc="434,-5,72,-5,246,30,238,-10" owari="429,52.9,67,-43.3,276,7.6,228,-17.2" /></mjloggm>