<mjloggm ver="2.3"><GO type="225" lobby="0"/><UN n0="%E3%83%81%E3%83%AF%E3%83%AF%E9%9A%8A%E9%95%B7" n1="%4B%2E%32%2E%4B%2E" n2="%E3%81%8B%E3%82%8F%E3%81%A1%E3%82%83%E3%82%93%35%38" n3="%E3%81%B5%E3%81%98%E3%81%8B%E3%81%A4" dan="16,16,17,17" rate="2116.08,2114.05,2197.10,2195.48" sx="M,M,M,M"/><TAIKYOKU oya="0"/><INIT seed="0,0,0,1,4,28" ten="250,250,250,250" oya="0" hai0="99,109,4,44,74,43,16,42,6,3,127,77,118" hai1="97,80,131,29,116,108,51,41,72,94,71,132,33" hai2="84,12,68,128,119,2,125,122,19,0,5,49,8" hai3="60,134,20,9,120,37,104,69,61,110,100,45,96"/><T34/><D118/><U81/><E116/><V92/><F122/><W27/><G120/><T53/><D127/><U7/><E71/><V46/><F119/><W114/><G134/><T58/><D109/><U133/><E108/><V70/><F125/><W90/><G110/><T73/><D34/><U135/><E131/><V36/><F36/><W123/><G123/><T78/><D3/><U13/><E72/><V107/><F107/><W32/><G114/><T117/><D117/><U93/><E41/><N who="0" m="15369" /><D73/><U15/><E51/><V86/><F0/><W21/><G9/><T59/><D74/><U26/><E93/><V124/><F124/><W66/><G61/><T23/><D99/><U18/><E7/><N who="0" m="2601" /><D44/><U103/><REACH who="1" step="1"/><E13/><REACH who="1" ten="250,240,250,250" step="2"/><V1/><F1/><W64/><G69/><T95/><D95/><U57/><E57/><N who="0" m="21513" /><D53/><U55/><E55/><N who="2" m="30135" /><F128/><W10/><G104/><T38/><D38/><U35/><E35/><V75/><F75/><W101/><G32/><T130/><D130/><U54/><E54/><V85/><F92/><W106/><G37/><T50/><D50/><U48/><E48/><V105/><F105/><W88/><G106/><T121/><D121/><U76/><E76/><V111/><F111/><W126/><G126/><T102/><D102/><U89/><E89/><V24/><F2/><W129/><G101/><T98/><D98/><U87/><E87/><V65/><F70/><N who="3" m="42247" /><G129/><T79/><D78/><U47/><E47/><V115/><F68/><W67/><G100/><T63/><D63/><U39/><E39/><V17/><F85/><W82/><G96/><T62/><D62/><RYUUKYOKU ba="0,1" sc="250,15,240,15,250,-15,250,-15" hai0="16,23,77,79" hai1="15,18,26,29,33,80,81,94,97,103,132,133,135" /><INIT seed="0,1,1,5,0,125" ten="265,255,235,235" oya="0" hai0="95,55,12,92,53,130,88,4,46,113,45,3,36" hai1="101,33,35,64,129,29,77,80,8,24,119,97,21" hai2="51,16,52,73,103,15,72,50,133,17,67,44,58" hai3="117,5,0,48,131,47,106,96,40,132,1,108,124"/><T63/><D3/><U78/><E119/><V66/><F133/><W22/><G117/><T127/><D113/><U6/><E64/><V87/><F103/><W11/><G132/><T42/><D127/><U31/><E31/><V13/><F73/><W71/><G124/><T59/><D92/><U34/><E129/><V39/><F39/><W41/><G71/><T126/><D126/><U61/><E61/><V105/><F72/><W82/><G131/><T25/><D130/><U90/><E90/><V70/><F105/><W123/><G123/><T116/><D116/><U9/><E6/><V26/><F26/><W79/><G108/><T121/><D121/><U94/><REACH who="1" step="1"/><E78/><REACH who="1" ten="265,245,235,235" step="2"/><V99/><F67/><W62/><G62/><T37/><D4/><U76/><E76/><V100/><F66/><W23/><G0/><T10/><D63/><U57/><E57/><V115/><F70/><W75/><REACH who="3" step="1"/><G41/><REACH who="3" ten="265,245,235,225" step="2"/><T69/><D42/><U102/><E102/><AGARI ba="1,3" hai="1,5,11,22,23,40,47,48,75,79,82,96,102,106" machi="102" ten="40,2600,0" yaku="1,1,2,1,53,0" doraHai="125" doraHaiUra="122" who="3" fromWho="1" sc="265,0,245,-29,235,0,225,59" /><INIT seed="1,0,0,2,3,126" ten="265,216,235,284" oya="1" hai0="6,124,62,119,57,11,46,13,60,65,76,10,109" hai1="110,48,66,56,100,132,69,25,17,31,121,75,16" hai2="5,129,102,26,1,45,51,50,98,42,128,24,67" hai3="72,78,105,120,0,20,29,117,63,36,55,131,82"/><U107/><E121/><V12/><F1/><W27/><G120/><T111/><D119/><U103/><E75/><V49/><F67/><W40/><G117/><T19/><D124/><U89/><E69/><V4/><F24/><W85/><G105/><T18/><D76/><U135/><E110/><N who="0" m="41993" /><D46/><U95/><E107/><V84/><F84/><W43/><G0/><N who="0" m="327" /><D60/><N who="1" m="38151" /><E48/><V96/><F26/><W54/><G72/><T118/><D118/><U64/><E64/><V68/><F68/><W77/><G77/><T87/><D87/><N who="1" m="52671" /><E100/><V8/><F4/><AGARI ba="0,0" hai="4,11,13,18,19,57,62,65" m="327,41993" machi="4" ten="30,1000,0" yaku="14,1" doraHai="126" who="0" fromWho="2" sc="265,10,216,0,235,-10,284,0" /><INIT seed="2,0,0,0,0,108" ten="275,216,225,284" oya="2" hai0="114,47,124,99,94,92,31,66,127,16,23,85,84" hai1="49,67,43,100,10,118,64,0,125,123,77,54,48" hai2="78,73,41,113,76,9,29,126,87,8,7,45,32" hai3="134,82,133,30,135,102,18,3,68,98,91,83,52"/><V27/><F126/><N who="0" m="48170" /><D31/><U56/><E125/><V6/><F87/><W35/><G68/><T62/><D47/><U69/><E118/><V109/><F109/><W121/><G121/><T116/><D92/><U44/><E123/><V74/><F78/><W110/><G110/><T50/><D50/><U115/><E100/><V22/><F22/><W24/><G3/><T105/><D105/><U79/><E10/><V42/><F42/><W34/><G34/><T107/><D107/><U28/><E28/><V1/><F76/><W93/><G18/><T75/><D75/><U17/><E17/><V106/><F106/><W53/><G102/><N who="0" m="60791" /><D114/><U20/><E0/><N who="2" m="71" /><F113/><W103/><G103/><T11/><D11/><U88/><E115/><V89/><F89/><W36/><G36/><AGARI ba="0,0" hai="1,7,9,27,29,32,36,41,45,73,74" m="71" machi="36" ten="30,2900,0" yaku="33,2" doraHai="108" who="2" fromWho="3" sc="275,0,216,0,225,29,284,-29" /><INIT seed="2,1,0,5,2,134" ten="275,216,254,255" oya="2" hai0="55,45,1,74,111,32,93,42,61,102,39,88,50" hai1="44,31,87,92,69,80,127,10,5,131,98,73,18" hai2="117,21,81,68,119,2,135,108,43,121,83,86,27" hai3="94,71,120,103,95,52,89,64,46,107,4,53,51"/><V114/><F114/><W67/><G120/><T13/><D1/><U66/><E131/><V24/><F121/><W116/><G116/><T72/><D32/><U22/><E73/><V63/><F2/><W65/><G71/><T104/><D111/><U47/><E69/><V36/><F36/><W130/><G130/><T62/><D104/><U16/><E66/><V20/><F68/><W19/><G4/><T25/><D102/><U124/><E31/><V15/><F15/><W29/><G29/><T78/><D25/><N who="1" m="14535" /><E18/><V101/><F101/><W37/><G37/><T110/><D13/><N who="1" m="5327" /><E92/><V132/><F63/><W76/><G76/><T126/><D74/><U84/><E98/><V113/><F43/><N who="3" m="25055" /><G107/><T14/><D42/><U8/><E87/><V129/><F86/><N who="3" m="52535" /><G19/><T105/><D72/><U97/><E97/><AGARI ba="1,0" hai="52,53,64,65,67,95,97,103" m="52535,25055" machi="97" ten="30,2000,0" yaku="8,1,54,1" doraHai="134" who="3" fromWho="1" sc="275,0,216,-23,254,0,255,23" /><INIT seed="3,0,0,0,2,37" ten="275,193,254,278" oya="3" hai0="8,83,30,130,66,114,89,19,97,102,28,85,51" hai1="33,67,125,34,62,82,79,1,0,53,113,92,25" hai2="23,24,77,20,3,22,54,75,27,11,117,68,41" hai3="81,96,40,99,78,12,119,133,101,129,122,64,57"/><W45/><G122/><T98/><D114/><U4/><E113/><V103/><F68/><W31/><G119/><T135/><D130/><U128/><E128/><V127/><F117/><W48/><G129/><T60/><D135/><U71/><E125/><V42/><F127/><W121/><G121/><T61/><D51/><U43/><E53/><V69/><F69/><W2/><G2/><T80/><D80/><U52/><E92/><V16/><F75/><W14/><G31/><T112/><D112/><U39/><E25/><N who="2" m="9803" /><F3/><W106/><G133/><T74/><D74/><U21/><E21/><V123/><F123/><W132/><G99/><N who="0" m="37899" /><D102/><U44/><E52/><V124/><F124/><W49/><G132/><T134/><D134/><U6/><E6/><V63/><F103/><W50/><G50/><T118/><D118/><U107/><E107/><V108/><F77/><W29/><G29/><N who="0" m="11371" /><D66/><U7/><E7/><V84/><F84/><W131/><G131/><T38/><D38/><U46/><E46/><V104/><F104/><W18/><G49/><T17/><D17/><U90/><E90/><V36/><F36/><W72/><REACH who="3" step="1"/><G18/><REACH who="3" ten="275,193,254,268" step="2"/><T115/><D115/><U70/><E70/><V5/><F5/><W59/><G59/><T116/><D116/><U126/><E126/><V87/><F16/><W32/><G32/><N who="1" m="12394" /><E4/><V120/><F120/><W65/><G65/><T76/><D60/><AGARI ba="0,1" hai="12,14,40,45,48,57,60,64,72,78,81,96,101,106" machi="60" ten="40,7700,0" yaku="1,1,52,1,53,1" doraHai="37" doraHaiUra="93" who="3" fromWho="0" sc="275,-77,193,0,254,0,268,87" owari="198,-20.2,193,-30.7,254,5.4,355,45.5" /></mjloggm>