<mjloggm ver="2.3"><GO type="225" lobby="0"/><UN n0="%E3%81%BF%E3%81%BF%E3%81%9A" n1="%6D%75%75%6D%75%72%61" n2="%72%69%6F%75%63%68%61%6E" n3="%E3%81%A1%E3%82%85%E3%81%86%E3%81%A9%E3%81%8F%E8%B1%A1%E3%81%95%E3%82%93" dan="17,16,17,16" rate="2194.22,2096.33,2276.95,2099.31" sx="M,F,M,M"/><TAIKYOKU oya="0"/><INIT seed="0,0,0,3,4,69" ten="250,250,250,250" oya="0" hai0="106,130,32,88,124,44,40,70,113,116,8,98,60" hai1="50,107,117,54,57,101,6,74,96,81,63,55,27" hai2="14,93,51,99,68,26,16,53,33,24,84,135,18" hai3="12,97,37,123,109,129,28,25,94,120,5,78,0"/><T35/><D113/><U41/><E117/><V111/><F111/><W114/><G114/><T11/><D116/><U38/><E6/><V1/><F135/><W127/><G0/><T7/><D130/><U21/><E74/><V110/><F110/><W122/><G109/><T34/><D124/><U10/><E10/><V104/><F1/><W80/><G127/><T85/><D98/><U71/><E81/><V75/><F75/><N who="3" m="43103" /><G129/><T59/><D70/><U79/><E79/><V15/><F68/><W17/><G5/><T22/><D22/><U77/><BYE who="0" /><E77/><UN n0="%E3%81%BF%E3%81%BF%E3%81%9A" /><V105/><F84/><W126/><G126/><T118/><D106/><U23/><E71/><V45/><F33/><N who="3" m="20623" /><G37/><T121/><D118/><U95/><E95/><V102/><F105/><W2/><G2/><T67/><D121/><U9/><E9/><N who="2" m="6223" /><F104/><W56/><G56/><T4/><D7/><U89/><E89/><V100/><F102/><N who="3" m="60727" /><G17/><T65/><D67/><U46/><REACH who="1" step="1"/><E27/><REACH who="1" ten="250,240,250,250" step="2"/><V119/><F119/><W76/><G76/><T72/><D72/><U3/><E3/><V52/><F53/><W91/><G91/><T47/><D4/><U43/><E43/><V112/><F112/><W108/><G108/><T61/><D40/><U36/><E36/><V42/><F42/><W30/><G12/><T62/><D8/><AGARI ba="0,1" hai="8,15,18,24,26,45,51,52,93,99,100" m="6223" machi="8" ten="30,3900,0" yaku="8,1,54,2" doraHai="69" who="2" fromWho="0" sc="250,-39,240,0,250,49,250,0" /><INIT seed="1,0,0,5,5,14" ten="211,240,299,250" oya="1" hai0="7,16,22,102,52,128,79,82,123,63,120,46,28" hai1="124,129,36,118,76,98,114,58,33,25,84,73,4" hai2="20,29,95,104,85,62,8,133,125,53,115,0,45" hai3="92,89,99,130,69,113,109,51,41,97,86,9,12"/><U100/><E114/><V64/><F125/><W2/><G113/><T42/><D7/><U6/><E118/><V23/><F115/><W90/><G69/><T111/><D28/><U101/><E73/><V1/><F133/><W122/><G122/><N who="0" m="46635" /><D102/><U48/><E124/><V15/><F104/><W117/><G2/><T71/><D111/><U13/><E36/><V54/><F0/><W5/><G117/><T119/><D119/><U3/><E3/><V61/><F1/><W108/><G130/><T68/><D128/><U34/><E129/><V11/><F11/><W35/><G35/><T105/><D105/><U57/><E48/><V103/><F45/><N who="3" m="26031" /><G89/><T10/><D10/><U81/><E25/><N who="2" m="16551" /><F23/><W17/><G5/><T38/><D63/><N who="2" m="24074" /><F64/><W56/><G56/><T91/><D91/><U70/><E70/><V72/><F72/><W134/><G134/><T26/><D52/><N who="2" m="20074" /><F85/><AGARI ba="0,0" hai="16,22,26,38,42,46,68,71,79,82,85" m="46635" machi="85" ten="30,3900,0" yaku="13,1,52,1,54,1" doraHai="14" who="0" fromWho="2" sc="211,39,240,0,299,-39,250,0" /><INIT seed="2,0,0,0,0,53" ten="250,240,260,250" oya="2" hai0="96,104,76,113,39,69,2,70,43,13,12,47,23" hai1="44,131,48,87,64,135,91,120,115,33,37,15,6" hai2="18,84,100,40,26,129,29,41,126,132,61,60,50" hai3="21,1,8,73,133,17,85,117,108,65,3,67,31"/><V93/><F126/><W78/><G117/><T74/><D113/><U28/><E115/><V128/><F132/><W30/><G73/><T68/><D23/><U105/><E37/><V32/><F18/><W90/><G78/><T57/><D13/><U56/><E135/><V77/><F100/><W14/><G133/><T24/><D12/><U101/><E131/><N who="2" m="50251" /><F93/><W22/><G108/><T94/><D24/><U86/><E120/><V35/><F35/><W62/><G1/><T10/><D57/><U36/><E33/><V42/><F50/><W27/><G3/><T103/><D94/><U130/><E130/><V83/><AGARI ba="0,0" hai="26,29,32,40,41,42,60,61,77,83,84" m="50251" machi="83" ten="40,2100,0" yaku="19,1" doraHai="53" who="2" fromWho="2" sc="250,-7,240,-7,260,21,250,-7" /><INIT seed="2,1,0,2,2,71" ten="243,233,281,243" oya="2" hai0="92,63,43,21,97,111,32,51,69,109,72,48,7" hai1="30,12,101,23,99,22,93,86,76,124,55,64,84" hai2="60,29,98,112,50,125,131,38,58,91,121,73,28" hai3="90,83,103,57,123,85,134,67,46,115,14,117,34"/><V42/><F112/><W82/><G117/><T89/><D32/><U5/><E124/><V78/><F121/><W120/><G34/><T118/><D72/><U102/><E102/><V135/><F131/><W116/><G116/><T0/><D118/><U70/><E70/><V74/><F125/><W113/><G46/><T68/><D21/><U39/><E39/><V13/><F135/><W107/><G14/><T126/><D126/><U108/><E108/><N who="0" m="41545" /><D43/><U44/><E64/><V80/><F73/><W27/><G27/><T110/><N who="0" m="41553" /><T130/><DORA hai="10" /><D130/><U94/><E94/><V75/><F74/><W59/><G134/><T95/><D69/><U65/><E65/><V41/><F50/><W40/><G40/><T24/><D24/><N who="1" m="16663" /><E76/><V37/><F41/><W31/><G31/><T56/><D68/><U61/><E5/><V1/><F1/><W18/><G123/><T96/><D7/><U4/><E4/><V119/><F119/><W128/><G120/><T87/><D0/><U45/><E61/><V127/><F127/><W6/><G128/><T8/><D8/><U132/><E132/><V20/><F38/><W100/><G6/><T19/><D19/><N who="1" m="10727" /><E55/><V129/><F129/><W3/><G18/><T53/><D97/><U15/><E15/><V9/><F20/><W16/><G16/><T122/><D122/><U2/><E2/><V105/><F13/><W133/><G3/><T25/><D25/><U106/><E106/><V81/><F9/><W79/><G133/><T47/><D96/><U66/><E66/><N who="2" m="39191" /><F98/><N who="3" m="61847" /><G67/><N who="0" m="39399" /><D95/><N who="1" m="58623" /><E84/><N who="2" m="50567" /><F105/><W52/><G115/><T62/><D62/><RYUUKYOKU ba="1,0" sc="243,10,233,10,281,10,243,-30" hai0="47,48,51,53,87,89,92" hai1="44,45,86,93" hai2="28,29,37,42,75,78,81" /><INIT seed="2,2,0,1,0,132" ten="253,243,291,213" oya="2" hai0="101,40,92,43,9,106,108,112,6,28,98,72,74" hai1="134,38,8,51,114,88,15,104,89,44,116,1,61" hai2="126,68,29,124,121,42,2,5,63,113,53,33,125" hai3="31,81,69,102,54,26,94,73,123,58,35,120,34"/><V32/><F113/><W57/><G69/><T45/><D112/><U83/><E114/><V119/><F119/><W39/><G39/><T70/><D108/><U85/><E116/><V103/><F121/><W37/><G37/><T133/><D133/><U80/><E134/><V117/><F117/><W0/><G0/><T77/><D28/><U87/><E38/><V75/><F75/><W128/><G34/><T130/><D130/><U109/><E1/><V129/><F129/><W110/><G128/><T59/><D70/><U96/><E109/><V49/><F103/><W82/><G110/><T93/><D45/><U64/><E104/><V41/><F29/><W16/><G57/><T91/><D59/><U48/><E96/><V3/><F3/><W7/><G7/><T27/><D27/><U99/><E99/><V107/><F107/><W14/><G102/><T79/><D93/><U25/><E25/><V95/><F95/><W55/><G94/><T65/><D65/><U30/><E30/><V22/><F22/><N who="3" m="11543" /><G55/><T13/><D77/><U62/><E64/><N who="2" m="40991" /><F5/><W20/><G35/><N who="2" m="13385" /><F2/><W52/><G54/><T4/><D6/><N who="1" m="3479" /><E51/><V50/><F49/><N who="3" m="30991" /><G73/><T46/><D72/><U111/><E111/><V60/><F60/><W84/><G81/><N who="0" m="45303" /><D46/><AGARI ba="2,0" hai="41,42,46,50,53,124,125,126" m="13385,40991" machi="46" ten="40,12000,1" yaku="18,1,52,3" doraHai="132" who="2" fromWho="0" sc="253,-126,243,0,291,126,213,0" /><INIT seed="2,3,0,1,2,44" ten="127,243,417,213" oya="2" hai0="13,77,126,104,60,129,46,6,62,70,131,18,17" hai1="57,42,106,80,108,72,5,21,19,128,134,30,124" hai2="120,11,7,25,35,27,95,85,40,97,111,81,28" hai3="112,59,52,39,86,65,16,67,133,10,89,125,117"/><V22/><F120/><W2/><G117/><T29/><D104/><U3/><E108/><V119/><F119/><W122/><G122/><T132/><D132/><U37/><E106/><V115/><F115/><W78/><G39/><T84/><D29/><U24/><E134/><V4/><F111/><W26/><G133/><T93/><D46/><U73/><E128/><V68/><F68/><W114/><G78/><T79/><D6/><U14/><E124/><V53/><F40/><W54/><G125/><T33/><D33/><U96/><E96/><V56/><F11/><W98/><G98/><T61/><D70/><U34/><E37/><V123/><F123/><W15/><G26/><T38/><D38/><U74/><E42/><V91/><F25/><W116/><G2/><T99/><D126/><U48/><E80/><V45/><F45/><W105/><G105/><T107/><D107/><U109/><E109/><V90/><REACH who="2" step="1"/><F35/><REACH who="2" ten="127,243,407,213" step="2"/><W92/><G116/><T23/><D131/><U83/><E3/><V43/><F43/><W113/><G59/><T8/><D129/><U71/><E71/><V94/><F94/><W51/><G112/><T12/><REACH who="0" step="1"/><D84/><REACH who="0" ten="117,243,407,213" step="2"/><U82/><E5/><V31/><F31/><W1/><G114/><T32/><D32/><U135/><E135/><V101/><F101/><AGARI ba="3,2" hai="8,12,13,17,18,23,60,61,62,77,79,93,99,101" machi="101" ten="40,2600,0" yaku="1,1,8,1,53,0" doraHai="44" doraHaiUra="118" who="0" fromWho="2" sc="117,55,243,0,407,-35,213,0" /><INIT seed="3,0,0,4,4,41" ten="172,243,372,213" oya="3" hai0="26,44,133,45,91,73,79,105,60,120,86,61,46" hai1="17,5,27,58,38,43,36,14,107,0,109,82,127" hai2="63,95,19,11,20,59,48,85,123,118,117,56,90" hai3="1,51,98,53,9,68,50,4,18,57,130,15,66"/><W121/><G121/><T69/><D120/><U126/><E107/><V132/><F123/><W106/><G130/><T29/><D105/><U103/><E109/><V37/><F37/><W92/><G106/><T13/><D133/><U47/><E103/><V3/><F132/><W111/><G111/><T72/><D79/><U23/><E36/><V96/><F96/><W52/><G68/><T16/><D73/><U10/><E58/><V115/><F115/><W7/><G66/><T62/><D72/><U71/><E71/><V104/><F104/><W78/><G78/><T112/><D112/><U28/><REACH who="1" step="1"/><E82/><REACH who="1" ten="172,233,372,213" step="2"/><N who="2" m="49463" /><F56/><N who="3" m="32791" /><G1/><T125/><D125/><U128/><E128/><V75/><F59/><W83/><G83/><N who="0" m="49631" /><D69/><U80/><E80/><V49/><F3/><W12/><G12/><T8/><D26/><U88/><E88/><AGARI ba="0,1" hai="4,7,9,15,18,51,53,57,88,92,98" m="32791" machi="88" ten="30,5800,0" yaku="8,1,54,2" doraHai="41" who="3" fromWho="1" sc="172,0,233,-58,372,0,213,68" /><INIT seed="3,1,0,4,4,124" ten="172,175,372,281" oya="3" hai0="130,14,123,63,36,131,22,91,61,59,58,13,33" hai1="57,68,12,119,9,100,79,127,82,134,15,98,77" hai2="32,60,6,54,37,115,49,70,50,122,38,45,53" hai3="46,129,103,93,97,101,67,118,132,41,83,133,5"/><W65/><G118/><T116/><D116/><U20/><E68/><V120/><F32/><W27/><G5/><T42/><D123/><N who="2" m="47146" /><F115/><W51/><G83/><T17/><D33/><U55/><E119/><V106/><F106/><W112/><G112/><T10/><D91/><U108/><E127/><V8/><F60/><N who="0" m="23114" /><D36/><U29/><E108/><V66/><F66/><N who="3" m="25099" /><G27/><T40/><D59/><U43/><E57/><N who="2" m="32943" /><F70/><W87/><G87/><T76/><D58/><U16/><E134/><N who="3" m="51818" /><G103/><T28/><D76/><U7/><E79/><V135/><F135/><W117/><G117/><T99/><D99/><U128/><E98/><V11/><F11/><W25/><G25/><N who="0" m="16439" /><D14/><AGARI ba="1,0" hai="6,8,14,37,38,45,50,54" m="32943,47146" machi="14" ten="30,1000,0" yaku="13,1" doraHai="124" who="2" fromWho="0" sc="172,-13,175,0,372,13,281,0" owari="159,-34.1,175,-22.5,385,48.5,281,8.1" /></mjloggm>