<mjloggm ver="2.3"><GO type="225" lobby="0"/><UN n0="%E3%81%9F%E3%81%A3%E3%81%A1%E3%82%87" n1="%72%69%6F%75%63%68%61%6E" n2="%E5%A4%96%E5%B7%9D%E7%AB%9C%E6%88%90" n3="%E8%81%B7%E6%A5%AD%E3%80%81%E9%A2%A8%32" dan="16,17,16,16" rate="2069.71,2250.78,2072.54,2094.64" sx="M,M,M,M"/><TAIKYOKU oya="0"/><INIT seed="0,0,0,4,2,122" ten="250,250,250,250" oya="0" hai0="101,5,121,43,61,98,62,25,19,80,118,22,48" hai1="36,92,88,42,10,115,69,89,107,27,71,120,113" hai2="73,44,133,17,126,70,66,56,76,39,114,119,111" hai3="46,26,91,54,90,75,30,58,123,13,135,33,79"/><T50/><D121/><U81/><E120/><V74/><F17/><W29/><G135/><T85/><D118/><U129/><E129/><V34/><F76/><W12/><G30/><T83/><D5/><U57/><E107/><V45/><F45/><W77/><G46/><N who="0" m="25695" /><D50/><U49/><E36/><V65/><F56/><W0/><G0/><T109/><D109/><U41/><E10/><V7/><F44/><W125/><G125/><T60/><D85/><N who="1" m="50223" /><E27/><V97/><F97/><W124/><G124/><T112/><D112/><N who="1" m="43083" /><E41/><V23/><F39/><W87/><G123/><T1/><D1/><U21/><E21/><V104/><F23/><W8/><G75/><T35/><D35/><U110/><E110/><V131/><F111/><W40/><G40/><T116/><D116/><U103/><E103/><V2/><F119/><W52/><G54/><T102/><D98/><N who="1" m="57615" /><E42/><V94/><F104/><W38/><G38/><T132/><D132/><U117/><E117/><V14/><F133/><W59/><G33/><T32/><D32/><U93/><E93/><V16/><F34/><W130/><G8/><T72/><D72/><U134/><E134/><V63/><F131/><W51/><G130/><T37/><D37/><U18/><E18/><V15/><F114/><W96/><G52/><AGARI ba="0,0" hai="49,52,57,69,71" m="57615,43083,50223" machi="52" ten="30,3900,0" yaku="11,1,54,2" doraHai="122" who="1" fromWho="3" sc="250,0,250,39,250,0,250,-39" /><INIT seed="1,0,0,4,5,79" ten="250,289,250,211" oya="1" hai0="81,7,98,65,95,90,70,82,11,108,44,91,31" hai1="129,29,115,33,32,27,112,135,18,66,39,58,35" hai2="41,22,118,15,133,45,49,67,38,120,100,51,17" hai3="93,113,13,36,124,103,21,94,101,25,20,106,92"/><U6/><E39/><V72/><F118/><W48/><G36/><T119/><D119/><U80/><E66/><V10/><F120/><W0/><G0/><T14/><D108/><U109/><E58/><V96/><F133/><W126/><G113/><T4/><D70/><U132/><E80/><N who="0" m="30825" /><D65/><U40/><E40/><V102/><F102/><W52/><G106/><T68/><D68/><U55/><E55/><V50/><F72/><W131/><G131/><T105/><D105/><U46/><E46/><V12/><F67/><W75/><G75/><T5/><D31/><U134/><E129/><V71/><F71/><W9/><G124/><T43/><D90/><U42/><E42/><V107/><F38/><W85/><G126/><T76/><D76/><U125/><E125/><V47/><F47/><N who="3" m="27679" /><G85/><T63/><D63/><U2/><E109/><V73/><F73/><W122/><G122/><T69/><D69/><U60/><E60/><V77/><F77/><W130/><G130/><T3/><D3/><U84/><E84/><V114/><F114/><N who="1" m="43561" /><E18/><AGARI ba="0,0" hai="10,12,15,17,18,22,41,45,49,50,51,96,100,107" machi="18" ten="30,1000,0" yaku="7,1" doraHai="79" who="2" fromWho="1" sc="250,0,289,-10,250,10,211,0" /><INIT seed="2,0,0,1,4,87" ten="250,279,260,211" oya="2" hai0="45,53,48,132,94,78,43,14,22,58,82,49,59" hai1="41,76,108,100,0,26,91,68,6,97,111,106,119" hai2="60,10,31,69,47,7,42,129,92,99,63,98,72" hai3="75,11,9,50,131,55,34,114,80,57,89,104,109"/><V121/><F121/><W81/><G109/><N who="1" m="42058" /><E68/><V79/><F129/><W32/><G131/><T29/><D132/><U88/><E119/><V66/><F31/><W2/><G104/><T123/><D123/><U21/><E76/><V64/><F79/><W107/><G107/><T56/><D94/><U90/><E41/><V12/><F72/><W52/><G114/><T125/><D125/><U86/><E6/><V1/><F1/><W126/><G126/><T93/><D93/><N who="1" m="54487" /><E0/><V128/><F128/><W134/><G134/><T39/><D39/><U46/><E46/><V5/><F5/><W28/><G75/><T4/><D4/><U102/><E100/><V24/><F24/><W30/><G2/><T17/><REACH who="0" step="1"/><D29/><AGARI ba="0,0" hai="21,26,29,88,91,97,102,106" m="54487,42058" machi="29" ten="30,8000,1" yaku="14,1,52,3,54,1" doraHai="87" who="1" fromWho="0" sc="250,-80,279,80,260,0,211,0" /><INIT seed="3,0,0,4,1,50" ten="170,359,260,211" oya="3" hai0="19,95,115,70,13,49,52,28,55,97,114,60,27" hai1="80,48,133,103,75,104,8,131,14,74,5,51,127" hai2="94,92,120,81,42,46,11,125,26,107,69,76,71" hai3="39,3,135,132,21,33,63,113,30,126,57,68,130"/><W128/><G39/><T90/><D70/><U43/><E131/><N who="3" m="50218" /><G3/><T0/><D60/><U64/><E127/><V106/><F125/><W116/><G116/><T24/><D49/><U93/><E133/><N who="3" m="51274" /><G113/><N who="0" m="43019" /><D0/><U56/><E104/><V53/><F106/><W108/><G108/><T77/><D77/><U4/><E80/><V87/><F81/><W134/><G33/><N who="0" m="20615" /><D27/><U98/><E4/><V122/><F26/><N who="3" m="16719" /><G68/><T112/><N who="0" m="43027" /><T78/><DORA hai="79" /><D78/><U105/><E105/><V123/><F76/><W20/><G134/><T17/><D17/><U83/><E83/><V47/><F107/><W29/><G126/><T41/><D41/><U73/><REACH who="1" step="1"/><E43/><REACH who="1" ten="170,349,260,211" step="2"/><V86/><F42/><W36/><G29/><T117/><D117/><U25/><E25/><V100/><F123/><W72/><G72/><T88/><D90/><U6/><E6/><V85/><F122/><W15/><G36/><T61/><D61/><AGARI ba="0,1" hai="5,8,14,48,51,56,61,64,73,74,75,93,98,103" machi="61" ten="40,1300,0" yaku="1,1,53,0" doraHai="50,79" doraHaiUra="22,35" who="1" fromWho="0" sc="170,-13,349,23,260,0,211,0" owari="157,-34.3,372,47.2,260,6.0,211,-18.9" /></mjloggm>