<mjloggm ver="2.3"><GO type="225" lobby="0"/><UN n0="%47%48%4F%53%54" n1="%E3%81%B5%E3%81%98%E3%81%8B%E3%81%A4" n2="%48%61%61%61%6C%61%6E%64" n3="%E3%81%BF%E3%81%BF%E3%81%9A" dan="18,16,18,16" rate="2258.61,2184.61,2307.81,2237.39" sx="M,M,M,M"/><TAIKYOKU oya="0"/><INIT seed="0,0,0,5,1,75" ten="250,250,250,250" oya="0" hai0="131,113,35,10,93,1,82,84,60,115,42,111,62" hai1="24,65,130,104,18,123,27,125,58,102,109,55,116" hai2="61,28,107,12,118,68,85,52,32,121,11,81,94" hai3="64,106,51,63,77,15,26,70,98,92,59,49,129"/><T20/><D35/><U79/><E65/><V7/><F107/><W57/><G106/><T100/><D131/><U72/><E130/><V90/><F121/><W86/><G129/><T37/><D111/><U103/><E123/><V17/><F118/><W74/><G74/><T126/><D126/><U36/><E36/><V44/><F32/><W78/><G26/><T132/><D132/><U67/><E67/><V134/><F28/><W87/><G70/><T21/><D37/><U124/><E116/><V48/><F134/><W43/><G15/><T4/><D42/><U73/><E104/><V14/><F68/><W99/><G43/><T114/><D21/><N who="1" m="13367" /><E27/><V22/><REACH who="2" step="1"/><F61/><REACH who="2" ten="250,250,240,250" step="2"/><W83/><G57/><T117/><D117/><U89/><E58/><V8/><F8/><W128/><G128/><T41/><D20/><U6/><E125/><V29/><F29/><W135/><G135/><T110/><D110/><U91/><E109/><V56/><F56/><W9/><G9/><T45/><D62/><U5/><E124/><V50/><F50/><W71/><G71/><T39/><D60/><U95/><E6/><V47/><F47/><W33/><G33/><T13/><D115/><U19/><E5/><V3/><F3/><W80/><G99/><N who="0" m="59503" /><D1/><U31/><E31/><V66/><F66/><W88/><AGARI ba="0,1" hai="49,51,59,63,64,77,78,80,83,86,87,88,92,98" machi="88" ten="20,12000,2" yaku="0,1,7,1,9,1,8,1,52,2,54,1" doraHai="75" who="3" fromWho="3" sc="250,-60,250,-30,240,-30,250,130" /><INIT seed="1,0,0,0,5,5" ten="190,220,210,380" oya="1" hai0="91,44,34,4,1,118,66,121,68,123,105,93,39" hai1="64,131,25,2,107,84,57,38,71,32,67,102,88" hai2="29,45,18,14,55,81,89,94,49,36,65,130,62" hai3="104,119,129,106,23,117,96,3,35,53,10,12,7"/><U24/><E2/><V78/><F130/><W92/><G35/><T26/><D118/><N who="3" m="45065" /><G129/><T6/><D105/><U113/><E131/><V16/><F29/><W79/><G79/><T59/><D68/><U82/><E38/><V75/><F36/><W43/><G43/><N who="0" m="22655" /><D34/><U99/><E113/><V80/><F80/><W87/><G87/><N who="0" m="52479" /><D26/><U37/><E37/><V100/><F100/><N who="3" m="60423" /><G53/><T8/><D6/><U114/><E114/><V56/><REACH who="2" step="1"/><F14/><REACH who="2" ten="190,220,200,380" step="2"/><W124/><G124/><T22/><D123/><U110/><E24/><V73/><F73/><W33/><G33/><T115/><D121/><U108/><E25/><V15/><F15/><W101/><G101/><T47/><D115/><U19/><E32/><V76/><F76/><W42/><G42/><T109/><D1/><U95/><E107/><V86/><AGARI ba="0,1" hai="16,18,45,49,55,56,62,65,75,78,81,86,89,94" machi="86" ten="20,5200,0" yaku="1,1,0,1,7,1,54,1,53,0" doraHai="5" doraHaiUra="20" who="2" fromWho="2" sc="190,-13,220,-26,200,62,380,-13" /><INIT seed="2,0,0,1,0,47" ten="177,194,262,367" oya="2" hai0="84,110,45,100,135,126,37,117,27,9,90,18,71" hai1="104,29,43,40,44,24,109,93,106,14,124,3,83" hai2="67,62,123,20,70,122,97,127,92,115,51,133,116" hai3="60,87,19,22,64,131,108,38,39,56,48,88,103"/><V98/><F115/><W129/><G103/><T58/><D71/><U99/><E3/><V112/><F112/><W105/><G105/><T111/><D126/><U119/><E124/><V128/><F127/><W95/><G108/><N who="0" m="41515" /><D135/><U52/><E109/><V57/><F133/><W54/><G131/><T59/><D117/><U42/><E119/><V15/><F116/><W26/><G129/><T78/><D78/><U107/><E83/><V12/><F128/><W61/><G61/><T17/><D100/><U77/><E14/><V5/><F98/><W8/><G8/><T74/><D74/><U113/><E77/><V75/><F75/><W53/><G53/><T130/><D130/><U86/><E86/><V121/><F5/><W68/><AGARI ba="0,0" hai="19,22,26,38,39,48,54,56,60,64,68,87,88,95" machi="68" ten="20,5200,0" yaku="0,1,7,1,52,1,54,1" doraHai="47" who="3" fromWho="3" sc="177,-13,194,-13,262,-26,367,52" /><INIT seed="3,0,0,0,1,24" ten="164,181,236,419" oya="3" hai0="68,116,14,117,81,95,129,103,78,21,135,51,110" hai1="114,50,1,99,46,8,124,63,86,123,52,27,113" hai2="48,47,83,37,72,69,90,66,22,101,134,15,25" hai3="6,38,80,13,67,42,4,41,62,109,56,59,65"/><W120/><G120/><T71/><D110/><U16/><E123/><V32/><F37/><W73/><G109/><T96/><D129/><U35/><E124/><V128/><F128/><W92/><G73/><T49/><D135/><U10/><E99/><V91/><F32/><W100/><G80/><T53/><D71/><U108/><E108/><V30/><F134/><W122/><G122/><T43/><D68/><U93/><E1/><V118/><F118/><W3/><G3/><T11/><D21/><N who="1" m="13735" /><E35/><V60/><F101/><W132/><G132/><T39/><D39/><U111/><E111/><V44/><F15/><W18/><G38/><T28/><D28/><U106/><E106/><V88/><F48/><W5/><G92/><T36/><D36/><U107/><E107/><V12/><F12/><W82/><G82/><T87/><D43/><N who="1" m="24927" /><E114/><V94/><F94/><W20/><G100/><T98/><D98/><U64/><E64/><V75/><F75/><W79/><G79/><T45/><REACH who="0" step="1"/><D51/><REACH who="0" ten="154,181,236,419" step="2"/><U23/><E113/><V85/><F69/><W7/><N who="3" m="1024" /><DORA hai="121" /><W119/><G119/><T131/><D131/><U57/><E23/><V9/><F22/><W31/><G31/><T2/><D2/><U102/><E102/><V104/><F30/><W127/><G127/><T112/><D112/><U89/><AGARI ba="0,1" hai="8,10,52,57,63,86,89,93" m="24927,13735" machi="89" ten="30,4000,0" yaku="8,1,54,2" doraHai="24,121" who="1" fromWho="1" sc="154,-10,181,50,236,-10,419,-20" owari="144,-35.6,231,3.1,226,-17.4,399,49.9" /></mjloggm>