<mjloggm ver="2.3"><GO type="225" lobby="0"/><UN n0="%E5%A4%9C%E3%81%AE%E3%82%AC%E3%82%B9%E3%83%91%E3%83%BC%E3%83%AB" n1="%72%65%6E%6B%75%6E" n2="%E3%81%B5%E3%81%98%E3%81%8B%E3%81%A4" n3="%73%6C%69%63%6B%33%31%39" dan="16,17,16,16" rate="2110.42,2229.43,2113.09,2102.45" sx="M,M,M,M"/><TAIKYOKU oya="0"/><INIT seed="0,0,0,2,5,120" ten="250,250,250,250" oya="0" hai0="13,104,57,63,98,67,16,0,30,93,5,95,10" hai1="91,70,65,129,102,106,75,68,26,94,31,25,4" hai2="125,97,133,78,15,12,110,7,9,74,128,123,88" hai3="59,24,131,124,69,117,1,44,121,134,22,105,116"/><T2/><D30/><U55/><E75/><V108/><F123/><W28/><G69/><T99/><D104/><U53/><E129/><V38/><F128/><W27/><G121/><T71/><D71/><U34/><E4/><V40/><F125/><W130/><G105/><T79/><D79/><U118/><E26/><V39/><F133/><W84/><G134/><T42/><D42/><U64/><E118/><V96/><F15/><W101/><G101/><T46/><D46/><U111/><E65/><V14/><F14/><W114/><G1/><T132/><D132/><U100/><E68/><V50/><F50/><W45/><G22/><T47/><D47/><U113/><E113/><V77/><F40/><W87/><G59/><T122/><D122/><U76/><E76/><N who="2" m="29291" /><F74/><W85/><G85/><T62/><D62/><N who="1" m="40215" /><E102/><V83/><F83/><W6/><G6/><T51/><D51/><U20/><E20/><V80/><F80/><W29/><REACH who="3" step="1"/><G124/><REACH who="3" ten="250,250,250,240" step="2"/><T92/><REACH who="0" step="1"/><D2/><REACH who="0" ten="240,250,250,240" step="2"/><U23/><E106/><V127/><F127/><W52/><G52/><T115/><D115/><AGARI ba="0,2" hai="24,27,28,29,44,45,84,87,114,115,116,117,130,131" machi="115" ten="25,3200,0" yaku="1,1,22,2,53,0" doraHai="120" doraHaiUra="58" who="3" fromWho="0" sc="240,-32,250,0,250,0,240,52" /><INIT seed="1,0,0,2,2,14" ten="208,250,250,292" oya="1" hai0="56,71,106,46,131,10,85,115,12,103,77,53,26" hai1="29,18,65,118,39,50,2,107,16,86,36,129,108" hai2="69,91,67,87,79,6,89,47,66,113,20,105,48" hai3="42,62,134,19,15,22,32,4,90,75,80,110,33"/><U60/><E2/><V88/><F105/><W120/><G120/><T92/><D115/><U31/><E107/><V126/><F126/><W38/><G110/><T100/><D71/><U101/><E101/><V135/><F135/><W54/><G134/><T63/><D106/><U9/><E9/><V51/><F69/><W73/><G4/><T117/><D117/><U122/><E122/><V57/><F6/><W52/><G38/><T95/><D131/><U59/><E118/><V40/><F113/><W111/><G111/><T104/><D104/><U112/><E112/><V13/><F79/><W37/><G37/><T109/><D109/><U121/><E121/><V25/><F13/><W82/><G42/><T24/><D103/><U1/><E1/><V8/><F8/><W130/><G130/><T0/><D0/><U96/><E96/><V74/><F74/><W114/><G114/><T30/><D46/><U99/><E99/><V102/><F102/><W125/><G125/><T127/><D127/><U11/><E11/><V84/><F67/><W133/><G133/><T64/><D64/><U7/><E7/><V55/><REACH who="2" step="1"/><F66/><REACH who="2" ten="208,250,240,292" step="2"/><W128/><G128/><T76/><D100/><U41/><E108/><V124/><F124/><W45/><G73/><T17/><D77/><U61/><E65/><V132/><F132/><W5/><G75/><T98/><D76/><U83/><E129/><V78/><F78/><W21/><G5/><T23/><D10/><U81/><E39/><V58/><F58/><W34/><G90/><T43/><D56/><U68/><E59/><V123/><F123/><RYUUKYOKU ba="0,1" sc="208,-10,250,-10,240,30,292,-10" hai2="20,25,40,47,48,51,55,57,84,87,88,89,91" /><INIT seed="2,1,1,5,4,38" ten="198,240,270,282" oya="2" hai0="74,62,109,104,12,10,60,98,64,119,61,82,89" hai1="1,20,30,127,63,21,31,88,4,128,35,84,110" hai2="96,50,59,23,121,17,129,46,87,132,105,97,112" hai3="52,103,133,107,114,43,14,51,124,135,29,126,83"/><V85/><F121/><W45/><G114/><T101/><D109/><U49/><E110/><V108/><F112/><W58/><G29/><N who="1" m="10762" /><E35/><V55/><F108/><W79/><G14/><T57/><D119/><U92/><E1/><V75/><F75/><N who="3" m="43519" /><G103/><T26/><D26/><U118/><E118/><V120/><F120/><W54/><G54/><T53/><D74/><U76/><E128/><V2/><F129/><W11/><G11/><T95/><D82/><N who="1" m="47175" /><E4/><V15/><F2/><W66/><G66/><T18/><REACH who="0" step="1"/><D64/><REACH who="0" ten="188,240,270,282" step="2"/><U56/><E127/><N who="3" m="48682" /><G107/><T8/><D8/><U102/><E21/><V13/><F105/><W69/><G69/><T93/><D93/><U77/><E20/><V70/><F70/><W123/><G123/><T42/><D42/><U9/><E9/><V39/><F23/><W65/><G65/><T100/><D100/><U131/><E131/><V71/><F71/><W40/><G40/><T24/><D24/><U81/><E81/><V5/><F5/><W19/><G19/><T28/><D28/><U90/><E102/><V111/><F17/><W7/><G7/><T134/><D134/><U122/><E92/><V115/><F132/><W32/><G32/><T41/><D41/><U16/><E16/><V34/><F34/><W78/><G78/><T25/><D25/><U117/><E122/><V48/><F115/><W125/><G125/><T0/><D0/><U94/><E94/><V86/><F111/><W27/><G27/><T116/><D116/><U73/><E117/><V22/><F22/><W130/><G130/><T91/><D91/><U33/><E90/><RYUUKYOKU ba="1,2" sc="188,15,240,-15,270,-15,282,15" hai0="10,12,18,53,57,60,61,62,89,95,98,101,104" hai3="43,45,51,52,58,133,135" /><INIT seed="3,2,2,3,1,73" ten="203,225,255,297" oya="3" hai0="119,36,81,31,63,116,122,45,127,30,27,58,28" hai1="77,91,64,44,100,54,107,97,4,55,132,83,89" hai2="25,15,133,6,62,112,104,87,57,90,67,43,94" hai3="117,61,50,86,76,96,95,93,66,113,0,10,47"/><W105/><G113/><T85/><D122/><U9/><E132/><V19/><F112/><W18/><G117/><T99/><D127/><U24/><E64/><V125/><F133/><W110/><G105/><T98/><D27/><U21/><E54/><V72/><F104/><W13/><G0/><T126/><D126/><U71/><E71/><V56/><F125/><W38/><G38/><T17/><D17/><U88/><E55/><V29/><F72/><W23/><G110/><T35/><D35/><U78/><E44/><V82/><F43/><W46/><G10/><T109/><D109/><U120/><E120/><V106/><F6/><W65/><G46/><T68/><D68/><U129/><E129/><V39/><F39/><W20/><G20/><T49/><D36/><U51/><E51/><V40/><F40/><N who="3" m="24935" /><G61/><T134/><D134/><U3/><REACH who="1" step="1"/><E83/><REACH who="1" ten="203,215,255,297" step="2"/><V84/><F82/><N who="3" m="47431" /><G93/><T111/><D111/><U37/><E37/><V103/><F106/><W70/><G70/><T79/><D49/><U8/><E8/><V48/><F48/><W108/><G108/><T92/><D45/><U5/><E5/><V135/><F135/><W32/><G32/><T101/><REACH who="0" step="1"/><D98/><REACH who="0" ten="193,215,255,297" step="2"/><U52/><E52/><AGARI ba="2,4" hai="28,30,31,52,58,63,79,81,85,92,99,101,116,119" machi="52" ten="40,8000,1" yaku="1,1,2,1,52,1,54,1,53,0" doraHai="73" doraHaiUra="41" who="0" fromWho="1" sc="193,126,215,-86,255,0,297,0" owari="319,41.9,129,-37.1,255,-14.5,297,9.7" /></mjloggm>