<mjloggm ver="2.3"><GO type="225" lobby="0"/><UN n0="%E6%A1%9C%E8%8A%B1%E9%96%83%E3%80%85" n1="%E3%82%B3%E3%83%90%E3%83%AC%E3%82%A4" n2="%E3%81%82%E3%82%86%E3%81%AE%E9%A2%A8" n3="%E3%81%95%E3%81%8D%E3%81%9F%E3%81%BE%E6%9E%97%E6%AA%8E" dan="16,16,16,16" rate="2208.49,2116.59,2093.75,2091.64" sx="M,M,M,M"/><TAIKYOKU oya="0"/><INIT seed="0,0,0,4,1,25" ten="250,250,250,250" oya="0" hai0="55,22,60,121,3,44,29,41,100,18,9,28,115" hai1="33,107,88,120,118,57,43,70,85,91,79,67,112" hai2="127,5,50,117,64,42,109,13,133,69,75,102,98" hai3="52,126,38,104,17,61,59,87,129,63,119,31,45"/><T36/><D115/><U122/><E70/><V4/><F109/><W11/><G104/><T37/><D121/><U2/><E2/><V108/><F108/><W58/><G119/><T26/><D37/><U47/><E118/><V53/><F133/><W51/><G126/><T73/><D73/><U89/><E107/><V62/><F127/><W94/><G129/><T65/><D100/><U128/><E128/><V48/><F75/><W24/><G38/><T95/><D95/><U110/><E110/><V84/><F117/><W86/><G94/><T124/><D55/><U15/><E33/><V93/><F84/><W111/><G111/><T35/><D35/><U1/><E1/><V125/><F125/><W27/><G31/><T99/><D99/><U19/><E112/><V92/><F92/><W131/><G131/><T66/><D66/><U132/><E132/><V72/><F72/><W0/><G0/><T116/><D116/><U56/><E67/><V54/><F13/><N who="3" m="7359" /><G59/><T32/><D32/><U40/><E122/><V103/><F103/><W123/><G63/><T97/><D97/><U76/><E120/><V113/><F113/><W30/><G123/><T23/><D23/><U39/><E39/><V101/><F101/><W14/><G14/><T106/><D106/><U74/><E74/><V77/><F77/><W68/><G68/><N who="0" m="42023" /><D124/><U21/><E85/><N who="3" m="32266" /><G30/><N who="0" m="11883" /><D3/><U82/><E21/><V46/><REACH who="2" step="1"/><F42/><AGARI ba="0,0" hai="24,27,42,45,51,52,58,61" m="32266,7359" machi="42" ten="30,2000,0" yaku="8,1,54,1" doraHai="25" who="3" fromWho="2" sc="250,0,250,0,250,-20,250,20" /><INIT seed="1,0,0,1,3,10" ten="250,250,230,270" oya="1" hai0="30,21,33,104,71,4,67,56,81,40,107,69,90" hai1="3,66,117,51,47,29,24,120,22,80,28,131,32" hai2="103,0,6,134,14,125,82,128,127,62,96,91,88" hai3="2,73,102,77,17,130,37,27,92,41,34,38,126"/><U132/><E120/><V70/><F134/><W36/><G2/><T112/><D112/><U5/><E132/><V123/><F123/><W84/><G73/><T39/><D21/><U61/><E117/><V97/><F0/><W35/><G41/><T116/><D56/><U105/><E105/><V119/><F119/><W95/><G102/><T49/><D49/><U9/><E131/><V19/><F6/><W25/><G77/><T64/><D4/><U75/><E80/><V59/><F70/><W11/><G84/><T12/><D12/><U129/><E75/><V106/><F128/><W26/><G130/><T23/><D23/><U65/><E129/><V110/><F110/><W89/><G89/><T63/><D90/><U74/><E74/><V101/><F82/><W50/><G50/><T1/><D1/><U53/><E66/><V20/><F125/><W135/><G135/><T87/><D87/><U60/><E60/><V15/><F127/><W54/><G54/><T94/><D94/><N who="3" m="35881" /><G126/><T58/><D81/><U48/><E48/><V44/><F44/><W124/><G124/><T57/><D116/><U121/><E121/><V79/><F79/><W78/><G78/><T133/><D133/><U42/><E42/><V72/><F72/><W16/><G11/><T18/><D71/><U86/><E86/><V55/><REACH who="2" step="1"/><F15/><REACH who="2" ten="250,250,220,270" step="2"/><W31/><G31/><T43/><D30/><U68/><E29/><V13/><F13/><W93/><G93/><AGARI ba="0,1" hai="14,19,20,55,59,62,88,91,93,96,97,101,103,106" machi="93" ten="30,7700,0" yaku="1,1,7,1,52,1,54,1,53,0" doraHai="10" doraHaiUra="83" who="2" fromWho="3" sc="250,0,250,0,220,87,270,-77" /><INIT seed="2,0,0,0,3,26" ten="250,250,307,193" oya="2" hai0="19,103,79,41,68,117,45,96,88,105,114,22,4" hai1="38,118,54,124,18,5,35,48,94,30,98,70,120" hai2="44,34,3,128,32,0,31,47,85,92,14,61,93" hai3="65,15,53,52,89,13,2,9,7,1,27,119,84"/><V10/><F128/><W21/><G119/><T20/><D114/><U122/><E118/><V83/><F61/><W23/><G65/><T116/><D68/><U125/><E38/><V109/><F109/><W73/><G73/><T69/><D69/><U82/><E70/><V110/><F110/><W108/><G108/><T78/><D116/><U25/><E5/><V62/><F62/><W95/><G1/><T36/><D4/><U57/><E82/><V133/><F133/><W77/><G2/><T49/><D117/><U50/><E50/><V100/><F100/><W123/><G123/><N who="1" m="47146" /><E18/><V134/><F134/><W113/><G113/><T33/><D36/><U101/><AGARI ba="0,0" hai="25,30,35,48,54,57,94,98,101,124,125" m="47146" machi="101" ten="30,2000,0" yaku="13,1,52,1" doraHai="26" who="1" fromWho="1" sc="250,-5,250,20,307,-10,193,-5" /><INIT seed="3,0,0,3,5,4" ten="245,270,297,188" oya="3" hai0="12,74,81,58,51,99,32,47,43,109,3,42,112" hai1="88,84,131,87,111,104,115,61,41,79,17,72,107" hai2="120,70,52,128,78,130,62,26,69,135,59,77,123" hai3="60,96,122,94,93,103,116,21,0,63,82,39,27"/><W15/><G116/><T25/><D3/><U24/><E115/><V49/><F135/><W2/><G122/><N who="2" m="46633" /><F26/><W85/><G39/><T13/><D112/><U22/><E131/><N who="2" m="50219" /><F62/><N who="3" m="23595" /><G0/><T95/><D42/><U124/><E111/><V119/><F119/><W86/><G2/><T9/><D58/><U117/><E117/><V121/><F121/><W100/><G15/><T133/><D133/><U126/><E41/><V67/><F67/><W114/><G114/><T53/><D43/><U55/><E72/><V73/><F73/><W90/><G103/><T10/><D109/><U68/><E79/><AGARI ba="0,0" hai="49,52,59,69,70,77,78,79" m="50219,46633" machi="79" ten="30,3900,0" yaku="13,1,19,1,54,1" doraHai="4" who="2" fromWho="1" sc="245,0,270,-39,297,39,188,0" owari="245,4.5,231,-16.9,336,43.6,188,-31.2" /></mjloggm>