<mjloggm ver="2.3"><GO type="225" lobby="0"/><UN n0="%E9%BB%92%E9%89%84%E7%8F%A0%E9%9B%AB" n1="%E3%81%B5%E3%81%98%E3%81%8B%E3%81%A4" n2="%E3%81%A9%E3%82%8F%E3%82%93%E3%81%94" n3="%E5%B5%90%E9%9B%B2%E3%81%AE%E3%82%AB%E3%83%A9%E3%82%B9" dan="16,16,16,16" rate="2197.96,2125.42,2085.27,2067.03" sx="M,M,M,F"/><TAIKYOKU oya="0"/><INIT seed="0,0,0,4,5,30" ten="250,250,250,250" oya="0" hai0="28,43,7,75,89,94,87,16,105,26,125,133,100" hai1="38,119,71,117,127,5,73,32,83,76,57,91,107" hai2="61,31,1,42,50,29,122,134,51,47,59,35,120" hai3="18,12,39,27,10,101,113,109,81,68,115,56,90"/><T111/><D7/><U25/><E5/><V21/><F1/><W126/><G68/><T2/><D2/><U102/><E91/><V97/><F134/><W104/><G39/><T54/><D133/><U0/><E57/><V106/><F21/><W110/><G126/><T74/><D125/><U33/><E0/><V85/><F85/><N who="3" m="50479" /><G104/><T79/><D43/><U132/><E127/><V53/><F51/><W80/><G101/><T103/><D111/><N who="3" m="42505" /><G80/><T45/><D16/><U17/><E17/><V116/><F116/><N who="1" m="44617" /><E25/><V130/><F130/><W82/><G82/><T49/><D79/><U67/><E132/><V60/><F60/><W40/><G40/><T95/><D105/><U20/><E20/><V22/><F22/><N who="3" m="13783" /><G56/><T13/><D95/><U64/><E64/><V124/><F124/><W69/><G69/><T98/><D103/><U121/><E121/><V93/><F106/><W9/><G9/><T92/><REACH who="0" step="1"/><D13/><REACH who="0" ten="240,250,250,250" step="2"/><U36/><E102/><V77/><F77/><W37/><G37/><N who="1" m="14442" /><E107/><V114/><F122/><W129/><G129/><T99/><D99/><U4/><E4/><AGARI ba="0,1" hai="4,10,12,113,115" m="13783,42505,50479" machi="4" ten="30,1000,0" yaku="14,1" doraHai="30" who="3" fromWho="1" sc="240,0,250,-10,250,0,250,20" /><INIT seed="1,0,0,3,1,120" ten="240,240,250,270" oya="1" hai0="51,93,66,64,27,62,83,36,19,32,26,103,122" hai1="101,134,15,2,89,72,53,115,13,105,49,96,16" hai2="116,78,38,23,46,67,31,4,28,129,107,6,80" hai3="3,86,61,35,99,33,11,37,20,121,69,106,56"/><U104/><E115/><V7/><F116/><W77/><G37/><T98/><D36/><U126/><E2/><V8/><F107/><W24/><G69/><T25/><D122/><U44/><E134/><V14/><F129/><W85/><G121/><T10/><D32/><U75/><E126/><V18/><F67/><W92/><G106/><T52/><D83/><U5/><E105/><V1/><F31/><W39/><G39/><T130/><D130/><U125/><E125/><V112/><F28/><W88/><G33/><T109/><D109/><U123/><E123/><V68/><F68/><W9/><G35/><T124/><D124/><U97/><E97/><V117/><F117/><W41/><G41/><T57/><D51/><U0/><E0/><V48/><F112/><W110/><G110/><T17/><D17/><U132/><E132/><V102/><F102/><W50/><G50/><T114/><REACH who="0" step="1"/><D114/><REACH who="0" ten="230,240,250,270" step="2"/><U71/><E5/><V118/><F118/><W42/><G77/><T131/><D131/><U76/><E76/><V79/><F79/><W21/><G42/><T119/><D119/><U87/><E71/><V95/><F38/><W65/><G3/><T45/><D45/><U84/><E84/><N who="2" m="48151" /><F1/><W43/><G85/><T133/><D133/><U55/><E75/><V22/><F95/><W60/><G86/><T127/><D127/><U54/><E72/><V81/><F81/><W73/><G73/><T113/><D113/><U82/><REACH who="1" step="1"/><E13/><AGARI ba="0,1" hai="10,13,19,25,26,27,52,57,62,64,66,93,98,103" machi="13" ten="40,5200,0" yaku="1,1,8,1,54,1,53,0" doraHai="120" doraHaiUra="74" who="0" fromWho="1" sc="230,62,240,-52,250,0,270,0" /><INIT seed="2,0,0,2,1,22" ten="292,188,250,270" oya="2" hai0="73,12,55,14,5,15,48,76,59,2,134,110,53" hai1="119,4,19,21,98,56,23,107,65,125,10,24,135" hai2="9,16,26,63,122,130,29,116,112,57,108,79,90" hai3="87,78,6,68,3,33,32,111,67,50,105,70,35"/><V127/><F122/><W8/><G111/><T37/><D110/><U20/><E119/><V121/><F121/><W44/><G67/><T106/><D106/><U95/><E125/><V28/><F112/><W25/><G105/><T34/><D37/><U71/><E107/><V131/><F116/><W114/><G114/><T117/><D117/><U115/><E71/><V42/><F108/><W49/><G49/><T99/><D99/><U128/><E135/><V45/><F79/><W72/><G72/><T126/><D126/><U118/><E118/><V109/><F109/><W81/><REACH who="3" step="1"/><G25/><REACH who="3" ten="292,188,250,260" step="2"/><T101/><D73/><U54/><E115/><V80/><F127/><W104/><G104/><T60/><D48/><U85/><E65/><V102/><F131/><W86/><G86/><T66/><D66/><U7/><E85/><V129/><F130/><W31/><G31/><T46/><D134/><U94/><E128/><V113/><F113/><W30/><G30/><T58/><D60/><N who="1" m="35863" /><E95/><V36/><F129/><W18/><G18/><T82/><D5/><N who="1" m="2123" /><E10/><V100/><F9/><W93/><G93/><T1/><D82/><U132/><E132/><V27/><F80/><W75/><G75/><T64/><D64/><U11/><E11/><V124/><F124/><W133/><G133/><T0/><D46/><U91/><AGARI ba="0,1" hai="19,20,21,23,24,91,94,98" m="2123,35863" machi="91" ten="30,4000,0" yaku="25,1,8,1,52,1" doraHai="22" who="1" fromWho="1" sc="292,-10,188,50,250,-20,260,-10" /><INIT seed="3,0,0,4,2,36" ten="282,238,230,250" oya="3" hai0="5,9,129,46,74,85,51,48,84,60,91,133,38" hai1="120,107,130,95,3,128,73,61,47,83,17,94,113" hai2="116,115,100,90,25,79,121,37,72,53,110,49,96" hai3="54,114,52,32,42,106,7,11,78,50,4,118,29"/><W101/><G114/><T75/><D38/><U41/><E3/><V81/><F116/><W16/><G118/><T77/><D133/><U119/><E113/><V97/><F115/><W102/><G106/><T1/><D129/><N who="1" m="49771" /><E120/><V64/><F121/><W62/><G32/><T65/><D51/><N who="1" m="27119" /><E107/><V63/><F37/><W93/><G29/><T67/><D67/><U57/><E17/><V13/><F110/><W44/><G78/><T34/><D34/><U10/><E10/><V26/><F13/><N who="3" m="7231" /><G93/><T66/><D66/><N who="1" m="39215" /><E119/><V33/><F33/><W39/><G39/><T69/><D77/><AGARI ba="0,0" hai="73,77,83,94,95" m="39215,27119,49771" machi="77" ten="30,2000,0" yaku="19,1,52,1" doraHai="36" who="1" fromWho="0" sc="282,-20,238,20,230,0,250,0" /><INIT seed="4,0,0,1,2,98" ten="262,258,230,250" oya="0" hai0="85,6,80,108,79,126,124,10,121,119,101,118,117" hai1="55,29,125,54,5,97,70,106,86,43,84,18,19" hai2="122,129,57,114,134,68,32,90,89,26,14,59,24" hai3="34,62,16,81,8,48,71,110,75,56,135,109,20"/><T22/><D121/><U61/><E43/><V112/><F122/><W15/><G34/><T87/><D22/><U50/><E5/><V104/><F68/><W7/><G135/><T83/><D108/><U96/><E29/><V67/><F134/><W28/><G28/><T130/><D130/><U131/><E70/><V44/><F129/><W107/><G107/><T93/><D10/><U116/><E106/><V42/><F104/><W9/><G9/><T37/><D37/><U13/><E131/><V36/><F14/><W21/><G21/><T27/><D27/><N who="2" m="10282" /><F32/><W105/><G105/><T76/><D6/><U4/><E4/><V33/><F33/><W102/><G102/><T133/><D133/><U38/><E38/><V3/><F3/><W82/><G71/><T69/><D69/><U35/><E35/><V120/><F120/><W91/><G75/><T115/><D115/><N who="2" m="44074" /><F59/><W111/><G48/><T30/><D30/><U127/><E50/><V39/><F36/><W100/><G100/><T77/><D77/><U53/><E13/><V132/><F132/><W0/><REACH who="3" step="1"/><G91/><REACH who="3" ten="262,258,230,240" step="2"/><N who="0" m="53487" /><D101/><U78/><E61/><AGARI ba="0,1" hai="39,42,44,57,61,67,89,90" m="44074,10282" machi="61" ten="30,1000,0" yaku="15,1" doraHai="98" who="2" fromWho="1" sc="262,0,258,-10,230,20,240,0" /><INIT seed="5,0,0,4,1,85" ten="262,248,250,240" oya="1" hai0="17,115,121,128,39,131,95,66,119,8,63,6,25" hai1="68,81,126,91,127,10,21,82,104,108,134,33,90" hai2="15,80,124,88,14,59,111,116,55,34,5,65,96" hai3="60,22,73,11,50,69,110,19,118,57,120,84,48"/><U3/><E68/><V94/><F111/><W40/><G73/><T51/><D39/><U56/><E33/><V31/><F116/><W47/><G110/><T71/><D119/><U2/><E108/><V30/><F124/><N who="1" m="47657" /><E104/><V49/><F34/><W130/><G120/><T61/><D115/><U93/><E134/><V113/><F113/><W125/><G125/><T4/><D121/><U86/><E10/><N who="2" m="4431" /><F65/><W122/><G122/><T42/><D63/><U41/><E41/><V58/><F58/><W45/><G130/><N who="0" m="49707" /><D51/><U132/><E132/><V117/><F117/><W123/><G123/><T99/><D42/><U114/><E114/><V87/><F15/><W32/><G32/><T28/><D17/><U54/><E21/><V36/><F36/><W0/><G69/><T97/><D8/><U43/><E43/><V44/><F44/><W24/><G118/><T9/><D9/><U27/><E27/><V20/><F20/><W112/><G112/><T107/><D25/><U135/><E135/><V89/><AGARI ba="0,0" hai="30,31,49,55,59,80,87,88,89,94,96" m="4431" machi="89" ten="30,7900,0" yaku="8,1,52,2,54,1" doraHai="85" who="2" fromWho="2" sc="262,-20,248,-39,250,79,240,-20" owari="242,4.2,209,-29.1,329,42.9,220,-18.0" /></mjloggm>