<mjloggm ver="2.3"><GO type="225" lobby="0"/><UN n0="%E9%87%8E%E3%80%85%E5%AE%AE%E8%97%8D" n1="%E3%81%86%E3%81%A9%E3%82%93%E3%81%93" n2="%E6%98%93%E5%88%A9%E8%96%A9%E4%BC%AF" n3="%E6%A1%9C%E8%8A%B1%E9%96%83%E3%80%85" dan="16,16,16,16" rate="2134.96,2145.16,2026.21,2051.48" sx="F,M,F,M"/><TAIKYOKU oya="0"/><INIT seed="0,0,0,0,3,53" ten="250,250,250,250" oya="0" hai0="110,58,84,107,16,5,109,70,92,126,97,89,81" hai1="32,74,18,124,121,44,61,123,83,46,50,108,80" hai2="106,23,90,35,127,114,6,3,73,43,91,130,59" hai3="41,33,10,34,12,14,55,95,71,51,17,1,29"/><T56/><D70/><U128/><E32/><V86/><F35/><W104/><G104/><T76/><D126/><U62/><E108/><N who="0" m="41577" /><D5/><U28/><E124/><V54/><F73/><W40/><G1/><T9/><D107/><U2/><E74/><V125/><F114/><W120/><G71/><T113/><D113/><U75/><E75/><V63/><F130/><W93/><G120/><T115/><D115/><U117/><E2/><V98/><F43/><N who="3" m="16459" /><G29/><T69/><D69/><U31/><E50/><V42/><F42/><W101/><G101/><T48/><D48/><U15/><E15/><AGARI ba="0,0" hai="9,15,16,56,58,76,81,84,89,92,97" m="41577" machi="15" ten="30,12000,1" yaku="14,1,10,1,52,2,54,1" doraHai="53" who="0" fromWho="1" sc="250,120,250,-120,250,0,250,0" /><INIT seed="0,1,0,1,3,7" ten="370,130,250,250" oya="0" hai0="35,33,37,80,113,118,68,120,122,54,105,46,91" hai1="64,61,88,133,23,69,4,127,135,130,95,83,1" hai2="31,14,96,87,41,24,10,82,50,78,0,8,58" hai3="6,28,12,106,9,110,126,98,123,42,79,84,3"/><T109/><D91/><U101/><E101/><V26/><F96/><W5/><G110/><T86/><D86/><U111/><E111/><V44/><F58/><W107/><G126/><T93/><D93/><U134/><E83/><V119/><F119/><W76/><G123/><T108/><D54/><U100/><E100/><V117/><F117/><W74/><G74/><T2/><D80/><U22/><E127/><V20/><F0/><W72/><G72/><T48/><D48/><U75/><E75/><V77/><F26/><W92/><G28/><T89/><D89/><U70/><E70/><V34/><F34/><W103/><G42/><T71/><D46/><U36/><E36/><V15/><F78/><W60/><G60/><T11/><D118/><U94/><E94/><V128/><F128/><W102/><G84/><T62/><D62/><U129/><E4/><V40/><F40/><W63/><G63/><T57/><D2/><U97/><REACH who="1" step="1"/><E1/><REACH who="1" ten="370,120,250,250" step="2"/><V21/><F15/><W29/><G5/><T43/><D71/><U59/><E59/><V131/><F131/><AGARI ba="1,1" hai="22,23,61,64,69,88,95,97,129,130,131,133,134,135" machi="131" ten="50,8000,1" yaku="1,1,19,1,20,1,54,1,53,0" doraHai="7" doraHaiUra="115" who="1" fromWho="2" sc="370,0,120,93,250,-83,250,0" /><INIT seed="1,0,0,5,5,113" ten="370,213,167,250" oya="1" hai0="51,122,62,135,58,112,6,125,100,23,72,29,46" hai1="85,130,75,65,28,3,81,48,33,105,76,35,2" hai2="44,10,93,78,13,120,8,118,87,126,117,31,66" hai3="94,89,64,102,54,14,133,108,83,43,121,60,9"/><U97/><E130/><V103/><F120/><W25/><G108/><T52/><D112/><U40/><E85/><V27/><F126/><W88/><G133/><T41/><D72/><U127/><E127/><V42/><F66/><W128/><G121/><T131/><D131/><U53/><E40/><V96/><F78/><W101/><G128/><T77/><D135/><U5/><E65/><V106/><F106/><W79/><G25/><T32/><D32/><U115/><E115/><V11/><F13/><W63/><G54/><T116/><D77/><U92/><E105/><V36/><REACH who="2" step="1"/><F87/><REACH who="2" ten="370,213,157,250" step="2"/><N who="3" m="50303" /><G79/><T7/><D122/><U69/><E2/><V132/><F132/><W104/><G104/><T61/><D125/><U119/><E76/><V73/><F73/><W19/><G64/><T34/><D6/><U56/><E75/><V86/><F86/><N who="3" m="52535" /><G43/><T39/><D41/><U99/><E3/><V109/><F109/><W24/><G24/><T17/><D7/><U80/><E5/><V1/><F1/><W30/><G30/><T55/><D29/><U84/><E28/><V114/><F114/><W38/><G38/><T74/><D39/><U98/><E84/><V16/><F16/><W82/><G82/><T124/><D124/><U37/><E80/><V18/><F18/><W45/><G19/><T21/><D74/><U59/><E81/><V0/><F0/><W134/><G134/><T110/><D17/><U70/><E92/><V95/><F95/><W71/><G14/><T12/><D110/><U111/><E37/><V49/><F49/><W91/><G9/><T107/><D107/><RYUUKYOKU ba="0,1" sc="370,-10,213,-10,157,30,250,-10" hai2="8,10,11,27,31,36,42,44,93,96,103,117,118" /><INIT seed="2,1,1,5,3,25" ten="360,203,187,240" oya="2" hai0="68,82,64,35,135,109,6,23,54,52,17,88,80" hai1="33,113,36,49,51,37,94,27,2,73,47,102,61" hai2="13,115,121,101,48,75,39,5,72,133,90,53,79" hai3="21,99,66,32,22,10,89,30,62,26,19,120,57"/><V56/><F115/><W129/><G129/><T124/><D35/><U83/><E113/><V117/><F117/><W0/><G120/><T24/><D109/><U40/><E2/><V76/><F121/><W106/><G89/><T112/><D112/><U44/><E61/><V38/><F133/><W45/><G45/><T116/><D135/><U34/><E102/><V20/><F101/><W3/><G22/><T93/><D124/><U55/><E94/><V42/><F76/><W134/><G134/><T105/><D105/><U86/><E73/><V46/><F39/><W16/><G19/><T96/><D6/><U127/><E127/><V77/><F77/><W111/><G111/><T14/><D116/><U131/><E131/><V74/><F90/><W110/><G110/><T9/><D64/><U125/><E125/><V70/><F70/><W60/><G60/><T107/><D107/><U95/><E95/><V67/><F67/><W100/><REACH who="3" step="1"/><G10/><REACH who="3" ten="360,203,187,230" step="2"/><T43/><D9/><U58/><E47/><V28/><F79/><W7/><G7/><T119/><D119/><U114/><E114/><V31/><REACH who="2" step="1"/><F5/><REACH who="2" ten="360,203,177,230" step="2"/><W69/><G69/><T18/><D68/><U59/><E36/><V15/><F15/><AGARI ba="1,3" hai="0,3,15,16,21,26,30,32,57,62,66,99,100,106" machi="15" ten="30,7700,0" yaku="1,1,7,1,52,1,54,1,53,0" doraHai="25" doraHaiUra="41" who="3" fromWho="2" sc="360,0,203,0,177,-80,230,110" /><INIT seed="3,0,0,3,5,78" ten="360,203,97,340" oya="3" hai0="62,111,20,41,67,114,97,9,10,15,103,68,86" hai1="29,110,88,121,130,52,109,95,58,34,127,119,25" hai2="4,98,12,101,77,24,125,1,102,16,27,64,49" hai3="75,115,76,21,87,93,57,53,28,8,135,19,56"/><W54/><G115/><T48/><D114/><U104/><E121/><V43/><F125/><W2/><G135/><T85/><D111/><N who="1" m="42507" /><E104/><V40/><F1/><W36/><G36/><T42/><D20/><U63/><E130/><V60/><F4/><W3/><G75/><T128/><D9/><U35/><E127/><V79/><F49/><N who="3" m="30767" /><G2/><T46/><D42/><U26/><E119/><V116/><F116/><W70/><G70/><T84/><D128/><U38/><E38/><V124/><F124/><W65/><G3/><T80/><D97/><N who="1" m="57575" /><E25/><V122/><F122/><W33/><G33/><AGARI ba="0,0" hai="26,29,33,34,35,52,58,63" m="57575,42507" machi="33" ten="30,3900,0" yaku="14,1,54,2" doraHai="78" who="1" fromWho="3" sc="360,0,203,39,97,0,340,-39" owari="360,46.0,242,-15.8,97,-40.3,301,10.1" /></mjloggm>