<mjloggm ver="2.3"><GO type="225" lobby="0"/><UN n0="%E3%82%B2%E3%82%B9%E8%8C%82%E5%8B%9D" n1="%63%68%78%62%64" n2="%E5%B0%8F%E9%B3%A5%E9%81%8A%E7%B7%B4%E7%84%A1%32%31%E6%AD%B3" n3="%E6%B8%A1%E5%A4%A9%E8%97%8D" dan="16,16,16,16" rate="2078.41,2141.92,2166.04,2102.82" sx="F,M,F,M"/><TAIKYOKU oya="0"/><INIT seed="0,0,0,1,5,45" ten="250,250,250,250" oya="0" hai0="5,38,52,21,51,107,53,121,35,18,111,55,41" hai1="130,92,15,56,76,4,93,62,57,6,95,118,128" hai2="80,73,129,8,7,116,16,23,94,85,103,61,106" hai3="105,64,10,124,83,50,27,22,14,115,112,2,25"/><T87/><D121/><U89/><E118/><V28/><F116/><W9/><G105/><T40/><D35/><U88/><E76/><V0/><F129/><N who="1" m="49769" /><E15/><V1/><F73/><W77/><G64/><T110/><D107/><U114/><E114/><V102/><F106/><W90/><G124/><T29/><D29/><U81/><E81/><V86/><F0/><W99/><G25/><T135/><D5/><N who="1" m="2155" /><E62/><V113/><F28/><W66/><G2/><T39/><D87/><U42/><E42/><N who="0" m="16489" /><D21/><U75/><E75/><V46/><F113/><W123/><G115/><T97/><D97/><U34/><E34/><V127/><F61/><W36/><G112/><T13/><D18/><U59/><AGARI ba="0,0" hai="56,57,59,88,89,92,93,95" m="2155,49769" machi="59" ten="40,8000,1" yaku="28,2,19,1,54,1" doraHai="45" who="1" fromWho="1" sc="250,-40,250,80,250,-20,250,-20" /><INIT seed="1,0,0,0,1,81" ten="210,330,230,230" oya="1" hai0="50,53,54,92,78,44,9,76,21,122,15,99,55" hai1="18,90,105,106,123,39,82,134,16,91,95,120,114" hai2="125,42,131,132,84,72,135,102,31,118,112,45,19" hai3="58,117,30,79,46,35,40,96,20,67,130,109,94"/><U101/><E39/><V108/><F72/><W12/><G109/><T49/><D21/><U83/><E114/><V113/><F31/><W65/><G130/><T8/><D122/><U25/><E134/><N who="2" m="51243" /><F19/><W14/><G35/><T129/><D129/><U51/><E51/><V100/><F131/><W74/><G74/><T63/><D63/><U24/><E95/><V87/><F118/><W62/><G79/><T75/><D75/><U133/><E133/><V1/><F1/><W3/><G3/><T68/><D68/><U5/><E5/><V107/><F108/><W115/><G65/><T27/><D27/><U32/><REACH who="1" step="1"/><E101/><REACH who="1" ten="210,320,230,230" step="2"/><N who="2" m="39019" /><F107/><W119/><G115/><N who="2" m="44105" /><F125/><W86/><G117/><T37/><D37/><AGARI ba="0,1" hai="37,42,45,84,87" m="44105,39019,51243" machi="37" ten="30,7700,0" yaku="20,1,11,1,52,2" doraHai="81" who="2" fromWho="0" sc="210,-77,320,0,230,87,230,0" /><INIT seed="2,0,0,4,2,107" ten="133,320,317,230" oya="2" hai0="80,91,32,114,10,121,44,115,4,12,76,48,79" hai1="25,54,78,39,55,122,104,46,70,99,94,26,85" hai2="11,103,108,6,64,117,116,86,58,27,123,132,101" hai3="88,119,96,29,68,31,59,135,37,69,19,56,63"/><V97/><F123/><W34/><G37/><T9/><D32/><U92/><E70/><V38/><F38/><W36/><G36/><T22/><D121/><U16/><E104/><V74/><F74/><W113/><G119/><T130/><D130/><U61/><E122/><V50/><F108/><W8/><G135/><T17/><D91/><U109/><E109/><V21/><F132/><W105/><G105/><T66/><D66/><U1/><E1/><V90/><F117/><W102/><G102/><T126/><D126/><U120/><E120/><V45/><F97/><W53/><G113/><T110/><D110/><U87/><E39/><V75/><F75/><W3/><G34/><T20/><D20/><N who="1" m="13447" /><E78/><V124/><F124/><W51/><G68/><T77/><D10/><U14/><E26/><V93/><F58/><W23/><G69/><T72/><D114/><U82/><E82/><V5/><F64/><N who="3" m="39015" /><G8/><T30/><D30/><U52/><E61/><V127/><F127/><W100/><G100/><N who="2" m="38473" /><F11/><W28/><G3/><T112/><D112/><U43/><E99/><V84/><F84/><N who="1" m="32329" /><E14/><V49/><F116/><W15/><G31/><T57/><D115/><U18/><E18/><N who="2" m="12727" /><F50/><W118/><G118/><T131/><D131/><U42/><E46/><V41/><AGARI ba="0,0" hai="5,6,41,45,49,86,90,93" m="12727,38473" machi="41" ten="30,1500,0" yaku="8,1" doraHai="107" who="2" fromWho="2" sc="133,-5,320,-5,317,15,230,-5" /><INIT seed="2,1,0,0,3,30" ten="128,315,332,225" oya="2" hai0="56,9,88,37,89,57,133,35,81,7,131,24,113" hai1="51,52,16,129,47,27,36,43,31,25,135,50,1" hai2="11,117,130,109,0,10,14,44,79,48,75,119,53" hai3="82,20,66,107,85,63,87,46,84,95,26,21,91"/><V70/><F70/><W41/><G107/><T59/><D131/><U71/><E1/><V105/><F105/><W18/><G20/><T94/><D133/><U122/><E129/><V134/><F134/><W12/><G12/><T76/><D113/><U33/><E135/><V42/><F130/><W103/><G103/><T23/><D37/><U112/><E71/><V96/><F96/><W83/><G83/><T5/><D35/><U39/><E112/><V58/><F109/><W8/><G8/><T121/><D121/><U19/><E122/><V74/><F74/><W62/><G66/><T97/><D89/><U111/><E111/><V98/><F98/><W64/><G64/><T28/><REACH who="0" step="1"/><D9/><REACH who="0" ten="118,315,332,225" step="2"/><U67/><E39/><V78/><F10/><W114/><G114/><T15/><D15/><U100/><E36/><V115/><F115/><W120/><G120/><T86/><AGARI ba="1,1" hai="5,7,23,24,28,56,57,59,76,81,86,88,94,97" machi="86" ten="30,8000,1" yaku="1,1,0,1,8,1,54,1,53,1" doraHai="30" doraHaiUra="77" who="0" fromWho="0" sc="118,93,315,-21,332,-41,225,-21" /><INIT seed="3,0,0,0,5,68" ten="211,294,291,204" oya="3" hai0="118,94,77,122,110,87,13,88,23,21,52,117,44" hai1="5,59,78,95,103,114,29,102,12,25,47,97,10" hai2="41,126,22,49,15,19,120,2,50,133,109,125,90" hai3="27,130,123,108,39,8,81,135,66,98,115,72,82"/><W112/><G123/><T74/><D122/><U99/><E114/><V128/><F120/><W11/><G130/><T37/><D110/><U89/><E78/><V92/><F109/><W14/><G108/><T86/><D74/><U83/><E47/><N who="2" m="25839" /><F128/><W93/><G39/><T54/><D117/><U119/><E119/><V104/><F104/><W60/><G135/><T45/><D118/><U57/><E83/><V85/><F2/><W40/><G40/><T121/><D121/><U34/><E102/><V17/><F17/><W134/><G134/><T76/><D37/><U38/><E38/><V61/><F61/><W16/><G8/><T51/><D13/><U80/><E80/><V96/><F133/><W26/><G82/><N who="0" m="47431" /><D77/><U132/><E132/><V100/><F100/><W6/><G81/><T30/><D30/><U69/><E69/><V18/><F18/><W36/><G36/><T53/><D44/><U84/><E99/><V24/><F96/><W33/><G72/><T67/><D67/><U48/><E48/><V111/><F111/><W71/><G33/><T131/><D131/><U124/><E124/><N who="2" m="47723" /><F50/><W28/><G28/><T35/><D35/><U4/><E4/><V107/><F107/><W1/><G112/><T55/><AGARI ba="0,0" hai="21,23,45,51,52,53,54,55,87,88,94" m="47431" machi="55" ten="30,4000,0" yaku="8,1,54,2" doraHai="68" who="0" fromWho="0" sc="211,40,294,-10,291,-10,204,-20" /><INIT seed="4,0,0,0,1,53" ten="251,284,281,184" oya="0" hai0="61,111,118,22,64,57,108,41,24,131,100,110,113" hai1="96,38,97,70,6,124,31,98,43,81,52,93,11" hai2="35,71,3,94,65,80,18,105,28,86,39,26,12" hai3="69,67,95,125,120,46,75,7,17,66,122,78,1"/><T115/><D118/><U129/><E70/><V8/><F39/><W62/><G125/><T90/><D131/><U16/><E124/><V91/><F105/><W88/><G67/><T63/><D100/><U60/><E129/><V30/><F30/><W9/><G17/><N who="0" m="12367" /><D41/><U34/><E38/><V99/><F71/><W135/><G135/><T72/><D72/><U107/><E43/><V55/><F65/><W119/><G119/><T114/><D61/><U83/><E93/><V0/><REACH who="2" step="1"/><F55/><REACH who="2" ten="251,284,271,184" step="2"/><W51/><G75/><T45/><D108/><U102/><E107/><V56/><F56/><W13/><G1/><T10/><D45/><U82/><E31/><V58/><F58/><W74/><G74/><T25/><D110/><U42/><E34/><V106/><F106/><W104/><G104/><T29/><D111/><U19/><E102/><AGARI ba="0,1" hai="0,3,8,12,18,26,28,35,80,86,91,94,99,102" machi="102" ten="30,2000,0" yaku="1,1,7,1,53,0" doraHai="53" doraHaiUra="54" who="2" fromWho="1" sc="251,0,284,-20,271,30,184,0" owari="251,-14.9,264,6.4,301,40.1,184,-31.6" /></mjloggm>