<mjloggm ver="2.3"><GO type="225" lobby="0"/><UN n0="%72%69%6F%75%63%68%61%6E" n1="%E3%81%AF%E3%82%88%E3%81%8A%E3%81%98%E3%81%95%E3%82%93" n2="%65%6B%61%72%75%74%65" n3="%E6%A1%9C%E8%8A%B1%E9%96%83%E3%80%85" dan="17,17,16,16" rate="2247.59,2170.66,2087.28,2147.28" sx="M,M,M,M"/><TAIKYOKU oya="0"/><INIT seed="0,0,0,3,4,8" ten="250,250,250,250" oya="0" hai0="70,97,65,44,56,43,34,33,64,114,126,86,37" hai1="68,132,10,122,130,7,22,94,6,25,17,42,83" hai2="48,32,57,19,13,45,51,109,113,52,59,40,80" hai3="100,31,119,81,41,95,50,71,123,112,38,39,121"/><T116/><D114/><U26/><E122/><N who="3" m="46602" /><G112/><T105/><D116/><U135/><E68/><V131/><F113/><W2/><G2/><T3/><D126/><U1/><E42/><V76/><F109/><W85/><G71/><T27/><D56/><U11/><E94/><V124/><F124/><W23/><G119/><T20/><D3/><N who="1" m="351" /><E83/><V129/><F32/><W54/><G41/><T49/><D37/><U93/><E93/><V55/><F45/><N who="3" m="27983" /><G23/><T14/><D86/><U9/><E130/><V62/><F62/><W120/><G31/><T0/><D0/><N who="1" m="231" /><E135/><V53/><F53/><W133/><G133/><T5/><D70/><U110/><E110/><V4/><F4/><W102/><N who="3" m="46610" /><W28/><DORA hai="61" /><G100/><T134/><D134/><U18/><E132/><V91/><F91/><N who="3" m="51631" /><G28/><N who="0" m="17511" /><D34/><U111/><E111/><V16/><F40/><W79/><G79/><T58/><D33/><U127/><E127/><V104/><F104/><W125/><G125/><T118/><D105/><U128/><E128/><N who="2" m="49227" /><F13/><W46/><G46/><T78/><D118/><U30/><E25/><V96/><F96/><AGARI ba="0,0" hai="38,39,95,96,102" m="51631,27983,46610" machi="96" ten="40,1300,0" yaku="13,1" doraHai="8,61" who="3" fromWho="2" sc="250,0,250,0,250,-13,250,13" /><INIT seed="1,0,0,2,0,27" ten="250,250,237,263" oya="1" hai0="117,44,114,55,124,33,14,78,113,48,4,97,32" hai1="106,35,30,100,73,3,57,104,69,10,47,62,71" hai2="51,79,91,60,102,64,50,126,130,110,90,2,131" hai3="70,95,135,127,24,96,87,0,66,107,112,81,20"/><U15/><E73/><V88/><F110/><W8/><G112/><T115/><D117/><U54/><E3/><V68/><F126/><W36/><G36/><T84/><D124/><U63/><E47/><V89/><N who="2" m="22528" /><DORA hai="52" /><V34/><F2/><W18/><G107/><T116/><D116/><U41/><E41/><V120/><F120/><W59/><G70/><T86/><D97/><U12/><E12/><V23/><F34/><W72/><G72/><T17/><D4/><U9/><E9/><V43/><F79/><W111/><G135/><T22/><REACH who="0" step="1"/><D86/><REACH who="0" ten="240,250,237,263" step="2"/><U38/><E100/><V85/><F85/><W93/><G96/><T40/><D40/><U58/><E106/><V122/><F122/><W108/><G127/><T6/><D6/><U82/><E104/><V29/><F102/><W45/><G108/><T42/><D42/><U99/><E99/><V129/><REACH who="2" step="1"/><F43/><REACH who="2" ten="240,250,227,263" step="2"/><W133/><G111/><T25/><D25/><AGARI ba="0,2" hai="23,25,29,50,51,60,64,68,129,130,131" m="22528" machi="25" ten="60,12000,2" yaku="1,1,2,1,19,1,52,1,54,1,53,1" doraHai="27,52" doraHaiUra="74,19" who="2" fromWho="0" sc="240,-120,250,0,227,140,263,0" /><INIT seed="2,0,0,2,0,128" ten="120,250,367,263" oya="2" hai0="0,32,2,76,120,65,1,45,10,19,7,4,134" hai1="113,15,131,13,88,94,21,41,105,124,81,9,78" hai2="77,107,85,102,132,34,80,17,122,35,29,119,59" hai3="3,112,26,23,67,12,91,83,39,129,93,126,96"/><V5/><F119/><W99/><G3/><N who="0" m="1099" /><D76/><U8/><E113/><V61/><F122/><W37/><G129/><T22/><D65/><U86/><E131/><V95/><F5/><W30/><G112/><T47/><D45/><U53/><E105/><V33/><F17/><W18/><G126/><T87/><D47/><U43/><E124/><V38/><F38/><W133/><G67/><T40/><D87/><U125/><E125/><V42/><F42/><W108/><G108/><T84/><D40/><U50/><E21/><V24/><F107/><W56/><G56/><T28/><D84/><U90/><E15/><V60/><F60/><W72/><G96/><T117/><D120/><U71/><E8/><V114/><F114/><W48/><G48/><T6/><D117/><U121/><E71/><V106/><F35/><W11/><G72/><T36/><D36/><U135/><E121/><V20/><F34/><W89/><G89/><N who="1" m="34410" /><E94/><V70/><F33/><W64/><G39/><T100/><D134/><U110/><E135/><V27/><F132/><W55/><G37/><T123/><D100/><U31/><E31/><V101/><F106/><W69/><G133/><T79/><D123/><U44/><E110/><V63/><F95/><W16/><G83/><T75/><D79/><U74/><E74/><V57/><F70/><W49/><G69/><T62/><D75/><U104/><E104/><V14/><F14/><W103/><G103/><N who="2" m="39433" /><F27/><W116/><G116/><T111/><D111/><U68/><E68/><V98/><F98/><W58/><G64/><T82/><D2/><U25/><E25/><RYUUKYOKU ba="0,0" sc="120,-30,250,10,367,10,263,10" hai1="9,13,41,43,44,50,53,78,81,86" hai2="20,24,29,57,59,61,63,77,80,85" hai3="11,12,16,18,23,26,30,49,55,58,91,93,99" /><INIT seed="2,1,0,3,4,33" ten="90,260,377,273" oya="2" hai0="13,129,12,57,38,78,6,34,123,8,95,16,97" hai1="86,1,74,72,36,132,105,75,20,45,48,118,54" hai2="84,9,126,122,46,96,4,106,102,109,50,128,55" hai3="71,81,19,76,100,80,127,64,67,131,24,15,7"/><V62/><F122/><W25/><G127/><T5/><D129/><U56/><E118/><V17/><F128/><W11/><G131/><T27/><D123/><U42/><E132/><V90/><F126/><W68/><G100/><T101/><D38/><U94/><E105/><V117/><F117/><W65/><G81/><T70/><D70/><U113/><E113/><V43/><F109/><W51/><G51/><T53/><D34/><U107/><E107/><V115/><F115/><W23/><REACH who="3" step="1"/><G24/><REACH who="3" ten="90,260,377,263" step="2"/><T2/><D78/><U135/><E135/><V32/><F50/><W99/><G99/><T22/><REACH who="0" step="1"/><D6/><REACH who="0" ten="80,260,377,263" step="2"/><U93/><E36/><V83/><F4/><W21/><G21/><T37/><D37/><U41/><E20/><V18/><F32/><W112/><G112/><T26/><D26/><U114/><E114/><V130/><F130/><W10/><G10/><T39/><D39/><U60/><E74/><AGARI ba="1,2" hai="7,11,15,19,23,25,64,65,67,68,71,74,76,80" machi="74" ten="40,1300,0" yaku="1,1,53,0" doraHai="33" doraHaiUra="133" who="3" fromWho="1" sc="80,0,260,-16,377,0,263,36" /><INIT seed="3,0,0,1,0,55" ten="80,244,377,299" oya="3" hai0="88,108,24,76,67,69,45,98,93,90,51,73,104" hai1="110,43,62,85,84,56,52,124,119,86,130,117,91" hai2="96,83,97,6,16,20,3,13,47,35,46,95,123" hai3="116,15,11,115,81,25,77,57,49,79,103,2,1"/><W133/><G116/><N who="1" m="44618" /><E110/><V120/><F35/><W38/><G115/><T54/><D108/><U134/><E124/><V68/><F68/><W50/><G38/><T70/><D67/><U121/><E121/><N who="2" m="46667" /><F83/><W64/><G133/><T9/><D24/><U18/><E134/><V21/><F21/><W33/><G103/><T39/><D39/><U74/><E74/><V5/><F97/><W82/><G33/><T61/><D61/><U32/><E130/><V65/><F65/><W0/><G25/><T92/><D104/><U12/><E43/><V89/><F3/><W118/><G118/><T19/><D73/><U111/><E32/><V53/><F53/><W127/><G127/><T105/><D105/><U135/><E135/><V122/><F122/><W60/><G81/><T59/><D76/><U126/><E111/><V30/><F30/><W72/><REACH who="3" step="1"/><G79/><REACH who="3" ten="80,244,377,289" step="2"/><T26/><D26/><U36/><E36/><V112/><F112/><W34/><G34/><T75/><D75/><U78/><E78/><V10/><F5/><AGARI ba="0,1" hai="0,1,2,5,11,15,49,50,57,60,64,72,77,82" machi="5" ten="40,7700,0" yaku="1,1,52,1,53,1" doraHai="55" doraHaiUra="4" who="3" fromWho="2" sc="80,0,244,0,377,-77,289,87" owari="80,-42.0,244,-15.6,300,10.0,376,47.6" /></mjloggm>