<mjloggm ver="2.3"><GO type="225" lobby="0"/><UN n0="%E9%8A%80%E3%81%B0%E3%81%95%E3%81%BF" n1="%6D%75%75%6D%75%72%61" n2="%E6%B5%81%E3%82%8C%EF%BC%9F%53%4F%41" n3="%E3%81%9F%E3%81%93%E2%98%86%E7%84%BC%E3%81%8D" dan="17,16,16,16" rate="2241.70,2148.64,2092.89,2088.95" sx="M,F,M,M"/><TAIKYOKU oya="0"/><INIT seed="0,0,0,5,2,31" ten="250,250,250,250" oya="0" hai0="47,135,73,100,18,105,26,45,42,104,111,120,109" hai1="40,32,56,65,8,81,29,82,126,22,94,34,91" hai2="77,71,58,113,36,5,3,49,93,46,24,99,95" hai3="4,97,96,85,75,84,90,21,134,118,80,6,7"/><T37/><D120/><U61/><E40/><V124/><F113/><W119/><G75/><T127/><D73/><U83/><E126/><V68/><F124/><W107/><G134/><T52/><D127/><U66/><E66/><V114/><F114/><W50/><G107/><T35/><D135/><U121/><E121/><V0/><F77/><W102/><G102/><T15/><D100/><U101/><E101/><V11/><F3/><W13/><G119/><T23/><D15/><U64/><E64/><V92/><F99/><W51/><G118/><T112/><D35/><U117/><E117/><V62/><F24/><W67/><G67/><T60/><D112/><U9/><E22/><V43/><REACH who="2" step="1"/><F36/><REACH who="2" ten="250,250,240,250" step="2"/><W10/><G97/><T129/><D37/><U76/><E76/><V39/><F39/><W122/><G96/><T57/><D26/><U19/><E29/><V2/><F2/><W63/><G122/><T17/><D111/><U48/><E19/><V133/><F133/><W25/><G85/><T41/><D109/><U54/><E8/><V14/><F14/><W74/><G13/><T125/><D125/><U86/><REACH who="1" step="1"/><E9/><REACH who="1" ten="250,240,240,250" step="2"/><V1/><F1/><W12/><G10/><T123/><D123/><U88/><E88/><V108/><F108/><W53/><G90/><T16/><D18/><U79/><E79/><V89/><F89/><W28/><G28/><T103/><D16/><U30/><E30/><V38/><F38/><W20/><G12/><T128/><D17/><U87/><E87/><V27/><F27/><W98/><G84/><T130/><D130/><U55/><E55/><AGARI ba="0,2" hai="0,5,11,43,46,49,55,58,62,68,71,92,93,95" machi="55" ten="40,2600,0" yaku="1,1,6,1,53,0" doraHai="31" doraHaiUra="72" who="2" fromWho="1" sc="250,0,240,-26,240,46,250,0" /><INIT seed="1,0,0,1,3,31" ten="250,214,286,250" oya="1" hai0="74,43,7,22,28,98,29,84,65,68,14,124,25" hai1="126,71,3,61,100,95,30,4,132,99,88,8,89" hai2="53,83,90,73,93,118,55,69,38,97,32,81,20" hai3="13,106,64,79,0,34,120,76,110,135,133,85,96"/><U130/><E130/><V62/><F38/><W105/><G13/><T128/><D74/><U2/><E132/><N who="3" m="50762" /><G64/><T35/><D128/><U80/><E126/><V113/><F118/><W19/><G19/><T40/><D124/><U104/><E30/><V109/><F109/><W51/><G0/><T36/><D36/><U87/><E61/><V127/><F127/><W94/><G51/><T66/><D84/><U77/><E71/><V15/><F32/><W114/><G34/><T122/><D122/><U6/><REACH who="1" step="1"/><E104/><REACH who="1" ten="250,204,286,250" step="2"/><V108/><F69/><W45/><G106/><T131/><D131/><U123/><E123/><V63/><F63/><W111/><G105/><T9/><D68/><U101/><E101/><V60/><F60/><W12/><G120/><T58/><D29/><U37/><E37/><V117/><F62/><W21/><G111/><T129/><D129/><U5/><E5/><V91/><F108/><W116/><G110/><T23/><D7/><U46/><E46/><V92/><F117/><W1/><G45/><T11/><D28/><U52/><E52/><V121/><F121/><W78/><G116/><T112/><D65/><U44/><E44/><V103/><F103/><W67/><G67/><T107/><D66/><U82/><E82/><V86/><F113/><W33/><G94/><T54/><D107/><U41/><E41/><V49/><F55/><W26/><G114/><T75/><D112/><U39/><E39/><V115/><F115/><W102/><G102/><T125/><D43/><U42/><E42/><V10/><F53/><W50/><G50/><T47/><D125/><RYUUKYOKU ba="0,1" sc="250,-10,204,30,286,-10,250,-10" hai1="2,3,4,6,8,77,80,87,88,89,95,99,100" /><INIT seed="1,1,1,5,3,97" ten="240,234,276,240" oya="1" hai0="91,9,68,126,127,5,47,94,82,83,58,115,34" hai1="14,59,95,124,22,52,65,130,132,123,18,89,35" hai2="1,113,66,67,54,73,50,80,2,118,31,53,92" hai3="55,41,38,71,36,117,128,75,77,62,28,56,60"/><U69/><E123/><V40/><F118/><W26/><G128/><T45/><D68/><U114/><E130/><V8/><F40/><W21/><G117/><T86/><D34/><U110/><E114/><V3/><F31/><W122/><G122/><T61/><D115/><U15/><E132/><V99/><F8/><W100/><G41/><T70/><D70/><U129/><E129/><V81/><F54/><W16/><G77/><T112/><D112/><U88/><E35/><V135/><F135/><W6/><G75/><T87/><D126/><U64/><E124/><V116/><F116/><W49/><G6/><T13/><D127/><U108/><E69/><V44/><F113/><W63/><G71/><T74/><D74/><U85/><E14/><V134/><F134/><W10/><G10/><T133/><D133/><U84/><E110/><V98/><F98/><W79/><G79/><N who="0" m="46431" /><D83/><N who="1" m="49183" /><E108/><V107/><F107/><W30/><REACH who="3" step="1"/><G100/><REACH who="3" ten="240,234,276,230" step="2"/><T106/><D106/><U4/><E4/><V46/><F73/><W24/><G24/><T43/><D43/><U76/><E76/><V27/><F27/><W96/><G96/><T109/><D109/><U72/><E72/><V20/><F99/><W101/><G101/><T33/><D33/><U0/><E0/><V37/><F1/><W102/><G102/><T12/><D12/><U120/><E120/><V119/><F2/><W25/><G25/><T104/><D104/><U11/><E11/><V111/><F3/><W125/><G125/><T93/><D93/><U23/><E23/><V32/><F20/><W7/><G7/><T103/><D103/><RYUUKYOKU ba="1,2" sc="240,10,234,10,276,-30,230,10" hai0="5,9,13,45,47,58,61,87,91,94" hai1="15,18,22,52,59,64,65,85,89,95" hai3="16,21,26,28,30,36,38,49,55,56,60,62,63" /><INIT seed="1,2,2,0,3,47" ten="250,244,246,240" oya="1" hai0="71,116,111,59,78,118,49,35,63,130,60,70,92" hai1="26,103,97,25,134,113,93,107,44,77,4,120,6" hai2="8,14,28,7,94,10,62,66,30,126,23,123,39" hai3="104,84,87,55,11,129,38,135,20,2,12,95,3"/><U29/><E113/><V43/><F123/><W83/><G38/><T115/><D35/><U37/><E120/><V81/><F126/><W100/><G129/><T51/><D78/><U57/><E134/><V122/><F122/><W56/><G104/><T121/><D92/><U5/><E77/><V40/><F81/><W109/><G109/><T79/><D79/><U19/><E107/><V27/><F30/><W105/><G105/><T96/><D96/><U86/><E86/><V58/><F39/><W48/><G135/><T9/><D9/><U61/><E19/><V15/><REACH who="2" step="1"/><F94/><REACH who="2" ten="250,244,236,240" step="2"/><W125/><G125/><T13/><D121/><U88/><E29/><V22/><F22/><W101/><G83/><T42/><D111/><U89/><E103/><V52/><F52/><W54/><G20/><T45/><D130/><U91/><E91/><V119/><F119/><W24/><G95/><T90/><D90/><U128/><E89/><V112/><F112/><W17/><G101/><T1/><D115/><U106/><E106/><V53/><F53/><W85/><G100/><T75/><D118/><U76/><E128/><V74/><F74/><W31/><G55/><T68/><D116/><U18/><E76/><V127/><F127/><W80/><G80/><T124/><D75/><U69/><E37/><V16/><AGARI ba="2,3" hai="7,8,10,14,15,16,23,27,28,40,43,58,62,66" machi="16" ten="20,8000,1" yaku="1,1,0,1,7,1,8,1,54,1,53,0" doraHai="47" doraHaiUra="72" who="2" fromWho="2" sc="250,-22,244,-42,236,116,240,-22" /><INIT seed="2,0,0,0,4,31" ten="228,202,352,218" oya="2" hai0="40,34,5,41,110,124,36,104,117,113,126,133,37" hai1="13,95,132,2,7,3,112,131,44,73,94,60,130" hai2="106,28,121,118,64,114,61,76,86,56,115,23,87" hai3="102,109,10,108,38,48,67,93,59,92,43,125,77"/><V78/><F118/><W129/><G77/><T51/><D104/><U18/><E112/><V16/><F28/><W27/><G27/><T75/><D75/><U14/><E73/><V88/><F106/><W96/><G129/><N who="1" m="49162" /><E132/><V12/><F121/><W89/><G38/><N who="0" m="14955" /><D5/><U25/><E44/><V62/><F62/><N who="3" m="38367" /><G125/><N who="0" m="48235" /><D113/><U105/><E105/><V98/><F98/><N who="3" m="57615" /><G48/><T107/><D107/><U100/><E60/><V111/><F111/><N who="3" m="42571" /><G43/><T74/><D74/><U9/><E25/><V128/><F128/><W8/><AGARI ba="0,0" hai="8,10,93,96,102" m="42571,57615,38367" machi="8" ten="30,1100,0" yaku="14,1" doraHai="31" who="3" fromWho="3" sc="228,-3,202,-3,352,-5,218,11" /><INIT seed="3,0,0,5,5,116" ten="225,199,347,229" oya="3" hai0="15,125,127,135,64,5,31,104,59,56,93,63,78" hai1="86,129,132,72,65,23,50,33,37,34,0,62,84" hai2="27,107,38,90,89,133,35,113,36,60,45,3,85" hai3="55,134,73,74,103,70,80,17,99,122,6,102,92"/><W98/><G70/><T61/><D104/><U7/><E37/><V8/><F113/><W46/><G6/><T42/><D135/><U44/><E72/><N who="3" m="27754" /><G46/><T41/><D78/><U126/><E132/><V10/><F107/><N who="3" m="63959" /><G17/><T67/><D93/><U109/><E7/><V88/><F3/><W81/><G55/><T26/><D15/><U53/><E0/><V29/><F133/><W20/><G20/><N who="0" m="15815" /><D5/><U124/><E34/><V2/><F85/><W94/><G134/><T13/><D13/><U39/><E33/><V101/><F36/><W79/><G122/><T128/><D128/><U130/><E39/><V52/><F2/><W16/><G16/><T110/><D110/><U95/><E23/><V118/><F38/><W40/><G40/><T58/><D58/><N who="1" m="37079" /><E95/><N who="3" m="36394" /><G79/><T1/><D1/><U54/><E109/><V48/><F60/><W30/><G30/><T112/><D112/><U117/><E84/><V100/><F10/><W87/><G87/><T75/><D75/><U51/><E86/><V108/><F8/><W32/><G32/><T25/><D25/><U66/><E66/><V91/><F45/><W96/><G103/><T69/><D69/><U83/><E83/><AGARI ba="0,0" hai="80,81,83,96,99" m="36394,63959,27754" machi="83" ten="30,12000,1" yaku="35,5" doraHai="116" who="3" fromWho="1" sc="225,0,199,-120,347,0,229,120" owari="225,-17.5,79,-42.1,347,14.7,349,44.9" /></mjloggm>