<mjloggm ver="2.3"><GO type="225" lobby="0"/><UN n0="%E3%83%9D%E3%82%B1%E3%83%83%E3%83%88" n1="%E9%B4%A8%4E%45%47%49" n2="%6B%79%6F%6E%6B%6F%31%31" n3="%E7%AB%8B%E7%9B%B4%E5%A5%BD%E6%A3%92%40%E5%BF%98" dan="16,16,16,17" rate="2109.53,2090.14,2135.15,2109.82" sx="M,M,M,M"/><TAIKYOKU oya="0"/><INIT seed="0,0,0,4,0,134" ten="250,250,250,250" oya="0" hai0="57,13,133,103,5,14,116,129,27,63,10,56,52" hai1="122,104,4,81,121,43,58,40,8,60,76,101,119" hai2="49,98,11,85,16,87,36,18,23,125,74,54,91" hai3="59,48,128,61,82,64,33,66,131,22,124,55,106"/><T89/><D133/><U12/><E119/><V77/><F36/><W50/><G33/><T9/><D116/><U69/><E69/><V111/><F111/><W51/><G106/><T1/><D129/><N who="3" m="49737" /><G82/><T92/><D103/><U53/><E104/><V115/><F74/><W71/><G22/><T41/><D41/><U28/><E101/><V42/><F42/><W38/><G38/><T126/><D126/><U93/><E93/><V6/><F125/><W83/><G83/><T105/><D105/><U127/><E127/><V123/><F123/><W132/><G124/><T113/><D113/><U78/><E78/><V112/><F98/><W62/><G132/><T75/><D75/><U31/><E122/><V46/><F77/><W94/><G94/><T97/><D10/><U84/><E121/><V107/><F107/><W2/><G2/><T39/><D39/><U32/><E32/><V109/><F109/><W73/><G73/><T29/><REACH who="0" step="1"/><D57/><AGARI ba="0,0" hai="48,50,51,55,57,59,61,62,64,66,71" m="49737" machi="57" ten="30,3900,0" yaku="19,1,34,2" doraHai="134" who="3" fromWho="0" sc="250,-39,250,0,250,0,250,39" /><INIT seed="1,0,0,1,2,19" ten="211,250,250,289" oya="1" hai0="111,59,78,16,29,20,58,97,100,33,75,104,108" hai1="25,99,122,134,40,135,128,22,4,94,46,54,47" hai2="72,88,109,79,112,101,43,125,48,60,92,103,17" hai3="107,64,69,86,7,70,18,35,63,91,82,68,83"/><U87/><E122/><V10/><F109/><N who="0" m="42058" /><D29/><U30/><E4/><V53/><F125/><W116/><G116/><T49/><D33/><U57/><E128/><V38/><F112/><W76/><G107/><T36/><D36/><U118/><E118/><V24/><F38/><W113/><G113/><T3/><D3/><U9/><E87/><V81/><F60/><W6/><G35/><T62/><D49/><U132/><E9/><V34/><F43/><W80/><G18/><T71/><D71/><U65/><E65/><V37/><F37/><W117/><G117/><T126/><D126/><U93/><E40/><V85/><F10/><W8/><G6/><T95/><D104/><U55/><E94/><V12/><F12/><W11/><G11/><T105/><D105/><U39/><E39/><V121/><F121/><W127/><G127/><T27/><D62/><N who="1" m="36151" /><E55/><V98/><F72/><W52/><G52/><T61/><D61/><U73/><E73/><V131/><F131/><W130/><G130/><T129/><D129/><U56/><E56/><V0/><F0/><W21/><G70/><T89/><D100/><AGARI ba="0,0" hai="22,25,30,46,47,93,99,100,132,134,135" m="36151" machi="100" ten="30,2900,0" yaku="20,1,52,1" doraHai="19" who="1" fromWho="0" sc="211,-29,250,29,250,0,289,0" /><INIT seed="1,1,0,3,5,68" ten="182,279,250,289" oya="1" hai0="102,99,79,10,101,65,63,40,41,114,135,57,77" hai1="131,127,104,2,24,30,31,53,44,49,56,19,67" hai2="22,0,52,26,35,36,100,103,54,32,4,21,14" hai3="17,106,66,5,123,108,119,113,92,7,25,97,96"/><U133/><E127/><V48/><F0/><W107/><G113/><T132/><D114/><U27/><E133/><V9/><F36/><W51/><G123/><T15/><D132/><U134/><E131/><V118/><F118/><W109/><G51/><T112/><D112/><U125/><E104/><N who="3" m="39978" /><G66/><T72/><D135/><U85/><E125/><V58/><F21/><N who="3" m="13487" /><G119/><T84/><D72/><U61/><E134/><V39/><F39/><W91/><G96/><T87/><D87/><U95/><E2/><V18/><REACH who="2" step="1"/><F54/><REACH who="2" ten="182,279,240,289" step="2"/><W82/><G82/><T81/><D77/><U105/><E105/><V55/><F55/><W23/><G23/><T12/><D40/><U86/><E95/><V20/><F20/><W6/><G108/><T47/><D99/><U70/><E31/><V126/><F126/><W45/><G109/><T29/><D29/><U116/><E30/><V37/><F37/><W111/><G111/><T11/><D10/><U120/><E120/><V34/><AGARI ba="1,1" hai="4,9,14,18,22,26,32,34,35,48,52,58,100,103" machi="34" ten="30,7900,0" yaku="1,1,0,1,54,1,53,1" doraHai="68" doraHaiUra="8" who="2" fromWho="2" sc="182,-21,279,-40,240,92,289,-21" /><INIT seed="2,0,0,2,0,8" ten="161,239,332,268" oya="2" hai0="56,34,30,53,24,18,101,88,29,45,20,25,129" hai1="44,89,48,40,74,107,17,104,123,81,73,134,118" hai2="41,86,5,23,68,105,3,6,7,33,79,112,0" hai3="127,64,77,35,75,119,132,76,58,94,11,78,71"/><V27/><F68/><W100/><G71/><T19/><D129/><U120/><E118/><V2/><F105/><N who="1" m="40521" /><E17/><V69/><F69/><W32/><G119/><T98/><D45/><U102/><E134/><V116/><F41/><W61/><G75/><N who="1" m="28682" /><E48/><V114/><F86/><W38/><G38/><T49/><REACH who="0" step="1"/><D101/><REACH who="0" ten="151,239,332,268" step="2"/><U43/><E44/><V63/><F116/><W57/><G100/><T87/><D87/><N who="1" m="50415" /><E102/><V80/><F112/><W55/><G132/><T36/><D36/><U50/><E50/><V1/><F114/><W62/><G62/><T110/><D110/><U9/><E43/><V51/><F51/><W82/><G61/><T121/><D121/><N who="1" m="46667" /><E40/><V59/><F63/><W99/><G57/><T109/><D109/><U54/><E54/><V130/><F59/><W90/><G55/><T131/><D131/><U124/><E9/><V85/><F130/><W92/><G58/><T126/><D126/><AGARI ba="0,1" hai="124,126" m="46667,50415,28682,40521" machi="126" ten="40,5200,0" yaku="13,1,34,2" doraHai="8" who="1" fromWho="0" sc="151,-52,239,62,332,0,268,0" /><INIT seed="3,0,0,1,4,128" ten="99,301,332,268" oya="3" hai0="100,20,17,32,87,8,5,59,63,47,53,126,21" hai1="125,22,46,89,15,2,106,93,82,1,77,84,74" hai2="119,14,29,102,79,45,40,23,48,75,55,73,88" hai3="108,43,27,30,66,35,129,54,10,51,83,36,65"/><W13/><G129/><T132/><D126/><U26/><E125/><V57/><F119/><W127/><G127/><T25/><D100/><U37/><E106/><V56/><F102/><W120/><G120/><T38/><D38/><U114/><E114/><V113/><F113/><W133/><G108/><T24/><D32/><U70/><E70/><V85/><F79/><W95/><G95/><T11/><D5/><U122/><E22/><V12/><F56/><W7/><G133/><T96/><D87/><U67/><E26/><V105/><F105/><W60/><G60/><T44/><D132/><U28/><E28/><V71/><F71/><W52/><G83/><T78/><D78/><U107/><E67/><V49/><F75/><W81/><G81/><T103/><D44/><U104/><E104/><V86/><F85/><W69/><G69/><T42/><D47/><U58/><E58/><V68/><F73/><W131/><G131/><T134/><D42/><U112/><E107/><V109/><F68/><W80/><G80/><T50/><D50/><U31/><E122/><V115/><F109/><W116/><G116/><T33/><D33/><U92/><E74/><V19/><F29/><W6/><G6/><T110/><D110/><U91/><E77/><V98/><F115/><W72/><G72/><T130/><D134/><U117/><E82/><N who="2" m="49239" /><F98/><W94/><G94/><T34/><D34/><U0/><E117/><V123/><F123/><W18/><G7/><T16/><REACH who="0" step="1"/><D130/><REACH who="0" ten="89,301,332,268" step="2"/><U64/><E46/><V39/><F39/><W118/><G118/><T4/><D4/><U76/><E37/><RYUUKYOKU ba="0,1" sc="89,15,301,-15,332,15,268,-15" hai0="8,11,16,17,20,21,24,25,53,59,63,96,103" hai2="12,14,19,23,40,45,48,49,55,57" owari="104,-39.6,286,8.6,357,45.7,253,-14.7" /></mjloggm>