<mjloggm ver="2.3"><GO type="225" lobby="0"/><UN n0="%E3%82%A2%E3%82%A4%E3%82%B9%E3%83%86%E3%82%A3%E3%83%BC%E3%81%82%E3%81%B9" n1="%E5%B0%8F%E9%B3%A5%E9%81%8A%E7%B7%B4%E7%84%A1%32%31%E6%AD%B3" n2="%E5%8F%AF%E5%85%90%E9%82%A3%E7%94%B1%E5%A4%9A" n3="%6D%75%75%6D%75%72%61" dan="16,16,17,16" rate="2126.58,2133.40,2160.54,2082.00" sx="M,F,F,F"/><TAIKYOKU oya="0"/><INIT seed="0,0,0,2,3,51" ten="250,250,250,250" oya="0" hai0="8,84,34,13,54,27,68,32,26,6,113,62,124" hai1="98,104,99,31,121,111,129,49,100,102,53,19,44" hai2="17,56,38,95,91,45,118,61,101,25,48,105,58" hai3="60,131,134,2,122,94,132,1,10,7,9,76,79"/><T66/><D124/><U127/><E121/><V70/><F118/><W12/><G122/><T106/><D113/><U83/><E127/><V22/><F38/><W109/><G109/><T119/><D119/><U50/><E111/><V116/><F116/><W133/><G131/><T114/><D106/><U69/><E69/><V24/><F105/><W74/><G74/><T43/><D43/><U128/><E31/><V115/><F115/><W41/><G41/><T90/><D114/><U96/><E83/><V28/><F101/><W23/><G23/><T135/><D135/><U11/><E50/><V120/><F120/><W71/><G94/><T40/><D40/><U110/><E110/><V3/><F3/><W57/><G71/><T117/><D117/><U80/><E80/><V123/><F123/><W77/><REACH who="3" step="1"/><G9/><REACH who="3" ten="250,250,250,240" step="2"/><T30/><D27/><U0/><E104/><V72/><F72/><W36/><G36/><T65/><D34/><U88/><E129/><V126/><F126/><W130/><G130/><T47/><D68/><U35/><E128/><V20/><F70/><W89/><G89/><T29/><D90/><U52/><E35/><V18/><F28/><W78/><N who="3" m="19456" /><DORA hai="107" /><W42/><G42/><T55/><D30/><U63/><E88/><V59/><F91/><W39/><G39/><T85/><D29/><U46/><E11/><V5/><F95/><W16/><G16/><T87/><D26/><U93/><E93/><V125/><F125/><W21/><G21/><T92/><D92/><U108/><E108/><V86/><F25/><W4/><G4/><T97/><D6/><RYUUKYOKU ba="0,1" sc="250,-10,250,-10,250,-10,240,30" hai3="1,2,7,10,12,57,60,132,133,134" /><INIT seed="1,1,1,3,2,36" ten="240,240,240,270" oya="1" hai0="93,9,117,97,65,15,128,31,82,25,103,76,32" hai1="126,8,38,74,63,104,3,22,16,71,12,1,135" hai2="59,108,49,48,122,89,95,116,46,69,73,84,100" hai3="67,118,123,78,26,79,62,20,18,55,130,113,96"/><U110/><E104/><V80/><F116/><W61/><G123/><T40/><D128/><U106/><E106/><V28/><F122/><W47/><G113/><T21/><D117/><U115/><E74/><V10/><F69/><W39/><G118/><T125/><D125/><U112/><E38/><V0/><F108/><W11/><G130/><T86/><D65/><U101/><E101/><V92/><F28/><W81/><G96/><T70/><D70/><U105/><E105/><V102/><F0/><N who="1" m="73" /><E63/><V98/><F73/><W30/><G67/><T83/><D83/><U109/><E71/><V111/><F111/><N who="1" m="42505" /><E135/><V44/><F10/><W4/><G78/><T72/><D72/><U60/><E60/><V114/><F114/><N who="1" m="43561" /><E126/><V88/><F102/><W127/><G81/><T54/><D54/><U37/><E37/><V131/><F131/><W64/><G55/><T24/><D40/><U43/><E43/><N who="2" m="24607" /><F59/><W56/><G56/><T66/><D66/><U85/><E85/><N who="2" m="52239" /><F46/><W13/><G47/><T34/><D103/><U68/><E68/><V29/><F49/><W75/><G39/><T23/><D97/><U51/><E51/><V124/><F124/><W7/><G127/><T107/><D107/><U35/><E35/><V5/><F29/><W132/><G132/><T42/><D34/><U52/><E52/><V2/><F2/><W120/><G120/><T121/><D32/><U17/><E22/><V134/><F134/><W58/><G62/><T45/><D23/><U77/><E77/><V91/><F100/><W133/><G133/><T129/><D129/><U53/><E53/><RYUUKYOKU ba="1,1" sc="240,-30,240,10,240,10,270,10" hai1="8,12,16,17" hai2="5,80,84,89,91,95,98" hai3="4,7,11,13,18,20,26,30,58,61,64,75,79" /><INIT seed="1,2,1,3,3,49" ten="210,250,250,280" oya="1" hai0="92,50,107,97,68,0,16,31,126,77,80,28,71" hai1="66,36,101,39,2,5,83,55,74,120,123,112,119" hai2="51,130,106,84,135,46,8,42,108,37,4,89,48" hai3="72,86,115,34,129,43,95,88,105,79,75,41,29"/><U104/><E112/><V22/><F108/><W132/><G115/><T35/><D107/><U91/><E119/><V116/><F116/><W11/><G105/><T114/><D0/><U58/><E66/><V1/><F106/><W117/><G117/><T23/><D114/><U21/><E21/><V52/><F130/><W45/><G129/><T33/><D126/><U61/><E104/><V32/><F32/><W30/><G132/><T26/><D71/><U6/><E101/><V131/><F131/><W63/><G41/><T103/><D68/><U127/><E127/><V59/><F135/><W118/><G63/><T24/><D50/><U20/><E20/><V102/><F102/><W76/><G11/><T56/><D56/><U47/><E6/><V134/><F134/><W87/><G118/><T54/><D54/><U65/><E91/><V111/><F111/><W96/><G72/><T109/><D109/><U128/><E128/><V9/><F22/><W98/><G75/><T25/><REACH who="0" step="1"/><D80/><REACH who="0" ten="200,250,250,280" step="2"/><U3/><E3/><V14/><F48/><W7/><G43/><T90/><D90/><U85/><E39/><V113/><F113/><W133/><G88/><T69/><D69/><U125/><E125/><V57/><F37/><W81/><G133/><T124/><D124/><U38/><E38/><V122/><F42/><W13/><G81/><T73/><D73/><U67/><E74/><V94/><F122/><W44/><G79/><AGARI ba="2,2" hai="16,23,24,25,26,28,31,33,35,77,79,92,97,103" machi="79" ten="40,5200,0" yaku="1,1,9,1,54,1,53,0" doraHai="49" doraHaiUra="78" who="0" fromWho="3" sc="200,78,250,0,250,0,280,-58" /><INIT seed="2,0,0,5,2,20" ten="278,250,250,222" oya="2" hai0="7,36,127,69,37,56,81,132,108,64,30,85,43" hai1="15,2,84,57,131,52,115,29,107,116,99,111,124" hai2="3,22,119,75,70,93,73,103,113,8,68,63,26" hai3="83,24,117,28,40,35,39,42,90,27,4,95,74"/><V128/><F113/><W18/><G117/><T14/><D108/><U67/><E116/><V96/><F119/><W9/><G74/><T60/><D127/><U109/><E115/><V49/><F128/><W100/><G100/><T55/><D132/><U102/><E2/><V92/><F49/><W12/><G83/><T10/><D30/><U79/><E124/><V65/><F70/><W54/><G54/><T71/><D43/><U44/><E29/><V48/><F93/><W23/><G39/><T97/><D97/><AGARI ba="0,0" hai="4,9,12,18,23,24,27,28,35,40,42,90,95,97" machi="97" ten="30,3900,0" yaku="7,1,52,2" doraHai="20" who="3" fromWho="0" sc="278,-39,250,0,250,0,222,39" /><INIT seed="3,0,0,2,3,23" ten="239,250,250,261" oya="3" hai0="0,116,99,84,21,26,63,98,38,114,109,83,1" hai1="105,11,30,61,80,91,49,34,100,9,46,69,76" hai2="77,16,31,62,22,5,133,73,78,135,10,128,111" hai3="32,40,48,25,51,118,54,112,65,82,94,13,125"/><W101/><G112/><T87/><D116/><U45/><E91/><V95/><F111/><W36/><G36/><T131/><D109/><U24/><E46/><V110/><F110/><W57/><G118/><T96/><D38/><U18/><E18/><V72/><F31/><W6/><G125/><T37/><D37/><U39/><E39/><V130/><F95/><W124/><G124/><T58/><D114/><U50/><E50/><V44/><F44/><W102/><G65/><T60/><D131/><N who="2" m="50218" /><F62/><W74/><G94/><T41/><D41/><U70/><E70/><V7/><F78/><W33/><G33/><T15/><D15/><U2/><E2/><N who="2" m="311" /><F7/><W55/><G82/><T43/><D43/><U64/><E49/><V127/><F127/><W52/><G74/><N who="2" m="28777" /><F77/><W20/><G32/><T134/><D63/><U129/><E45/><V68/><F68/><W123/><G40/><T119/><D119/><U97/><E129/><V89/><F89/><W14/><G6/><T93/><D1/><U66/><E66/><V117/><F117/><W115/><G115/><T85/><D0/><U27/><E27/><AGARI ba="0,0" hai="16,22,27,133,135" m="28777,311,50218" machi="27" ten="30,3900,0" yaku="19,1,52,1,54,1" doraHai="23" who="2" fromWho="1" sc="239,0,250,-39,250,39,261,0" /><INIT seed="4,0,0,4,2,30" ten="239,211,289,261" oya="0" hai0="104,38,100,116,34,77,135,112,0,63,43,72,64" hai1="118,18,22,36,82,117,114,115,46,105,27,2,54" hai2="65,4,40,42,90,6,93,16,39,78,91,21,110" hai3="41,8,129,99,73,14,83,128,1,106,44,33,122"/><T85/><D116/><N who="1" m="44651" /><E82/><V103/><F110/><W74/><G122/><T20/><D72/><U134/><E105/><V71/><F71/><W89/><G1/><T5/><D77/><U45/><E54/><V68/><F68/><W53/><G53/><T55/><D85/><U130/><E36/><V88/><F65/><W113/><G106/><T67/><D100/><U132/><E2/><V120/><F120/><W48/><G113/><N who="1" m="43018" /><E46/><V66/><F66/><W69/><G83/><T59/><D104/><U56/><E56/><V80/><F39/><W123/><G69/><T51/><D38/><U58/><E58/><V62/><F62/><W125/><G123/><T29/><D43/><N who="2" m="16426" /><F80/><W96/><G74/><T119/><D67/><U102/><E45/><V95/><F78/><W35/><G73/><T124/><D0/><U25/><E102/><V7/><F103/><W9/><G44/><T47/><D63/><U81/><E81/><V50/><F50/><W79/><G48/><T28/><D59/><U32/><E130/><V17/><F17/><W23/><G79/><T101/><D101/><U92/><E92/><V26/><AGARI ba="0,0" hai="4,6,7,16,21,26,88,90,91,93,95" m="16426" machi="26" ten="40,5200,0" yaku="8,1,54,2" doraHai="30" who="2" fromWho="2" sc="239,-26,211,-13,289,52,261,-13" owari="213,-18.7,198,-30.2,341,44.1,248,4.8" /></mjloggm>