<mjloggm ver="2.3"><GO type="225" lobby="0"/><UN n0="%E3%81%A9%E3%82%8F%E3%82%93%E3%81%94" n1="%E2%91%A3%E9%81%BF%E9%81%8A%E6%88%AF%E3%80%90%E6%9D%B1%E5%8D%97%E3%80%91" n2="%E3%81%99%E3%81%84%E3%81%BE%E3%81%9B%E3%83%BC%E3%82%93" n3="%E5%B0%8F%E9%B3%A5%E9%81%8A%E7%B7%B4%E7%84%A1%32%31%E6%AD%B3" dan="16,16,17,16" rate="2078.09,2044.59,2203.84,2197.65" sx="M,M,M,F"/><TAIKYOKU oya="0"/><INIT seed="0,0,0,0,5,11" ten="250,250,250,250" oya="0" hai0="60,50,22,30,121,37,29,14,98,58,43,122,76" hai1="23,105,97,42,109,104,10,25,96,125,113,66,57" hai2="40,72,41,82,18,114,94,115,62,119,16,132,120" hai3="103,64,51,108,128,70,7,20,102,21,32,90,106"/><T15/><D37/><U34/><E113/><V134/><F120/><W95/><G32/><T0/><D0/><U59/><E34/><V63/><F94/><W75/><G75/><T17/><D122/><U68/><E68/><V55/><F72/><W45/><G106/><T71/><D71/><U31/><E105/><V127/><F127/><W28/><G7/><T124/><D124/><U52/><E125/><V79/><F79/><W36/><G36/><T73/><D121/><U135/><E104/><V54/><REACH who="2" step="1"/><F82/><REACH who="2" ten="250,250,240,250" step="2"/><W87/><G95/><T9/><D76/><U123/><E123/><V53/><F53/><W91/><G64/><N who="0" m="38935" /><D73/><U116/><E116/><AGARI ba="0,1" hai="16,18,40,41,54,55,62,63,114,115,116,119,132,134" machi="116" ten="25,6400,0" yaku="1,1,22,2,54,1,53,0" doraHai="11" doraHaiUra="6" who="2" fromWho="1" sc="250,0,250,-64,240,74,250,0" /><INIT seed="1,0,0,3,3,115" ten="250,186,314,250" oya="1" hai0="134,21,18,5,128,122,19,129,124,50,1,34,101" hai1="90,41,108,85,106,60,79,116,82,44,35,95,16" hai2="93,117,76,68,33,103,89,51,107,12,118,0,11" hai3="48,120,47,26,80,62,78,55,66,98,37,57,77"/><U61/><E106/><V6/><F68/><W38/><G120/><T112/><D101/><U130/><E35/><V58/><F33/><W75/><G78/><T7/><D112/><U88/><E130/><N who="0" m="50281" /><D50/><U65/><E108/><V25/><F25/><W22/><REACH who="3" step="1"/><G98/><REACH who="3" ten="250,186,314,240" step="2"/><T83/><D122/><U32/><E32/><V84/><F76/><W123/><G123/><T67/><D34/><U131/><E131/><V14/><F118/><W81/><G81/><T52/><D83/><U49/><E116/><V69/><F117/><W63/><G63/><T17/><D124/><U135/><E135/><V127/><F127/><W99/><G99/><T91/><D134/><U54/><E61/><V97/><F69/><W29/><AGARI ba="0,1" hai="22,26,29,37,38,47,48,55,57,62,66,75,77,80" machi="29" ten="20,8000,1" yaku="1,1,0,1,7,1,53,2" doraHai="115" doraHaiUra="70" who="3" fromWho="3" sc="250,-20,186,-40,314,-20,240,90" /><INIT seed="2,0,0,5,2,5" ten="230,146,294,330" oya="2" hai0="63,110,116,20,120,118,135,60,131,84,132,47,39" hai1="7,10,127,128,36,105,23,119,17,93,109,114,31" hai2="51,57,123,62,107,64,42,111,97,41,32,38,34" hai3="124,27,6,90,76,108,102,70,3,96,78,72,133"/><V37/><F123/><W80/><G76/><T28/><D84/><U4/><E93/><V77/><F111/><W106/><G108/><T121/><D28/><U69/><E31/><V48/><F77/><W53/><G133/><N who="0" m="51275" /><D110/><U14/><E105/><V9/><F9/><N who="3" m="2271" /><G53/><T126/><D20/><U19/><E69/><V129/><F97/><W58/><G58/><T71/><D131/><U130/><E36/><N who="2" m="13931" /><F107/><W65/><G90/><T98/><D98/><U18/><E109/><V40/><F32/><W43/><G43/><N who="0" m="23039" /><D126/><U83/><E83/><V87/><F34/><W44/><G44/><T22/><D22/><U134/><E134/><V25/><F87/><W100/><G27/><T56/><D71/><U55/><E55/><N who="2" m="31975" /><F25/><W45/><G102/><T67/><D63/><U59/><E59/><N who="2" m="36959" /><F129/><N who="1" m="49769" /><E127/><V11/><F11/><W73/><G124/><T24/><D24/><N who="1" m="14447" /><E119/><AGARI ba="0,0" hai="56,60,67,116,118,119,120,121" m="23039,51275" machi="119" ten="30,7700,0" yaku="12,1,20,1,34,2" doraHai="5" who="0" fromWho="1" sc="230,77,146,-77,294,0,330,0" /><INIT seed="3,0,0,3,2,62" ten="307,69,294,330" oya="3" hai0="84,132,0,9,55,81,75,4,119,125,64,80,8" hai1="48,45,70,53,123,118,61,68,60,7,18,33,105" hai2="87,49,42,73,65,114,66,17,99,77,24,121,14" hai3="115,83,28,86,117,12,109,111,3,122,56,85,78"/><W107/><G3/><T5/><D119/><U82/><E33/><V93/><F114/><W22/><G115/><T34/><D34/><U131/><E105/><V108/><F73/><N who="3" m="43471" /><G122/><T69/><D132/><U40/><E7/><V21/><F121/><W41/><G107/><T63/><D125/><U16/><E123/><V54/><F42/><W76/><G41/><T6/><D75/><U89/><E118/><V23/><F108/><N who="3" m="41547" /><G76/><T38/><D38/><U126/><E126/><V120/><F120/><W47/><G47/><T110/><D110/><U94/><E131/><V13/><F77/><W35/><G117/><T102/><D102/><U67/><E82/><V124/><F87/><W57/><G35/><T44/><D84/><N who="3" m="32361" /><G12/><N who="2" m="4713" /><F124/><W32/><G22/><T2/><D5/><U90/><E94/><V46/><F21/><W31/><G32/><T11/><D11/><U50/><E89/><AGARI ba="0,0" hai="17,23,24,46,49,54,65,66,89,93,99" m="4713" machi="89" ten="30,3900,0" yaku="8,1,52,2" doraHai="62" who="2" fromWho="1" sc="307,0,69,-39,294,39,330,0" owari="307,-9.3,30,-47.0,333,43.3,330,13.0" /></mjloggm>