<mjloggm ver="2.3"><GO type="225" lobby="0"/><UN n0="%E3%81%BF%E3%81%BF%E3%81%9A" n1="%28%EF%BF%A3%E2%96%BD%EF%BF%A3%29%CE%B4%E2%8C%92%E3%83%BB" n2="%E3%83%89%E3%83%A9%E3%81%8F%E3%82%8C" n3="%E5%A4%9C%E5%85%89%E5%A4%A9%E6%A5%BC" dan="18,16,17,17" rate="2226.45,2083.10,2199.77,2184.07" sx="M,M,M,M"/><TAIKYOKU oya="0"/><INIT seed="0,0,0,4,0,81" ten="250,250,250,250" oya="0" hai0="124,79,39,60,100,122,31,44,45,19,117,73,35" hai1="123,127,132,38,88,118,70,15,54,75,63,43,62" hai2="128,22,131,33,65,109,26,7,76,111,61,98,2" hai3="53,112,97,11,29,99,96,59,69,46,3,49,72"/><T83/><D117/><U27/><E75/><V87/><F98/><W71/><G112/><T17/><D122/><U120/><E27/><V82/><F33/><W8/><G72/><T30/><D100/><U130/><E15/><V101/><F101/><W47/><G29/><T14/><D124/><U52/><E88/><V104/><F104/><W106/><G106/><T135/><D135/><U36/><E118/><V34/><F34/><W1/><G59/><T55/><D19/><U89/><E89/><V102/><F102/><W133/><G133/><T32/><D31/><U74/><E74/><V58/><F7/><W113/><G113/><T125/><D125/><U115/><E115/><V24/><F2/><W40/><G3/><T66/><D55/><U20/><E20/><V51/><F51/><W80/><G80/><T134/><D134/><U18/><E132/><V67/><F67/><W42/><G53/><T129/><D129/><N who="2" m="49738" /><F26/><W28/><G1/><T50/><D50/><U110/><E130/><V85/><F85/><W84/><G84/><T94/><D35/><U5/><E5/><V68/><F68/><W37/><G69/><N who="0" m="42183" /><D32/><U41/><E70/><V92/><F92/><W107/><G71/><T90/><D39/><U119/><E119/><V78/><F78/><W6/><G107/><T105/><D105/><U103/><E103/><V12/><F12/><W95/><G95/><T121/><D94/><U57/><E127/><V10/><F10/><N who="3" m="3627" /><G6/><T91/><D73/><U56/><E18/><AGARI ba="0,0" hai="18,22,24,58,61,65,76,82,87,109,111" m="49738" machi="18" ten="30,2000,0" yaku="19,1,52,1" doraHai="81" who="2" fromWho="1" sc="250,0,250,-20,250,20,250,0" /><INIT seed="1,0,0,2,4,0" ten="250,230,270,250" oya="1" hai0="81,36,84,61,59,28,126,29,50,25,96,77,67" hai1="55,124,114,113,31,117,133,10,56,4,18,125,115" hai2="6,38,101,98,109,70,87,26,48,112,130,57,119" hai3="90,7,19,99,1,108,54,16,129,21,122,97,43"/><U24/><E56/><V33/><F119/><W5/><G122/><T65/><D36/><U20/><E55/><V132/><F109/><W80/><G108/><T9/><D126/><N who="1" m="48747" /><E117/><V123/><F123/><W11/><G129/><T13/><D96/><N who="3" m="36937" /><G1/><T42/><D67/><U89/><E89/><V107/><F130/><W94/><G80/><T134/><D25/><U79/><E79/><V51/><F112/><W83/><G83/><T74/><D134/><U12/><E133/><V118/><F118/><W106/><G106/><T60/><D60/><U103/><E103/><V76/><F38/><W53/><G11/><T120/><D74/><U82/><E82/><N who="2" m="47559" /><F70/><W78/><G19/><AGARI ba="0,0" hai="4,10,12,18,19,20,24,31,113,114,115" m="48747" machi="19" ten="40,12000,1" yaku="18,1,34,2,52,1" doraHai="0" who="1" fromWho="3" sc="250,0,230,120,270,0,250,-120" /><INIT seed="1,1,0,0,1,132" ten="250,350,270,130" oya="1" hai0="83,69,27,25,82,104,117,81,108,8,131,57,100" hai1="1,49,20,73,125,113,75,60,129,103,87,62,24" hai2="6,32,99,31,34,105,97,91,11,76,3,51,77" hai3="115,4,67,50,122,46,120,78,93,45,55,13,43"/><U54/><E1/><V18/><F105/><W19/><G115/><T71/><D117/><U23/><E113/><V135/><F135/><W106/><G106/><T121/><D108/><U96/><E129/><V21/><F51/><W38/><G67/><T58/><D131/><U0/><E0/><V114/><F114/><W66/><G66/><T107/><D100/><U44/><E75/><V127/><F127/><W95/><G4/><T68/><D8/><U80/><E73/><V130/><F130/><W53/><G78/><T119/><D119/><U109/><E125/><V111/><F111/><W65/><G65/><T9/><D9/><U16/><E23/><V56/><F56/><N who="0" m="21610" /><D121/><U86/><E109/><V39/><F39/><W17/><G50/><T28/><D28/><U47/><E47/><V2/><F2/><W5/><G5/><T89/><D89/><U42/><E42/><V133/><F133/><W134/><G43/><T40/><D40/><U98/><E87/><V41/><F41/><W94/><G94/><T79/><D79/><U48/><E48/><V70/><F76/><W30/><G30/><T110/><D110/><U84/><E84/><V88/><F77/><W59/><G59/><T126/><D126/><U101/><E103/><V102/><F102/><W85/><G85/><T90/><D90/><N who="2" m="34346" /><F70/><W12/><REACH who="3" step="1"/><G134/><REACH who="3" ten="250,350,270,120" step="2"/><T10/><D107/><N who="1" m="63911" /><E98/><N who="2" m="37387" /><F31/><W52/><G52/><T35/><D104/><U26/><E86/><V74/><F74/><W72/><G72/><T29/><D29/><N who="1" m="17543" /><E80/><V64/><F64/><W63/><G63/><T116/><D82/><U61/><E62/><RYUUKYOKU ba="1,1" sc="250,-30,350,10,270,10,120,10" hai1="16,26,44,49,54,60,61" hai2="3,6,11,18,21,32,34" hai3="12,13,17,19,38,45,46,53,55,93,95,120,122" /><INIT seed="1,2,1,4,2,74" ten="220,360,280,130" oya="1" hai0="43,35,84,118,20,34,96,14,32,65,37,31,135" hai1="21,87,62,133,122,70,107,89,108,19,81,57,0" hai2="56,17,129,115,130,86,53,54,100,58,88,51,126" hai3="6,49,106,111,109,48,121,36,3,114,77,16,25"/><U68/><E0/><V69/><F69/><W30/><G121/><T24/><D118/><U119/><E119/><V124/><F100/><W5/><G36/><T101/><D135/><U95/><E107/><V80/><F17/><W134/><G106/><T12/><D65/><U78/><E122/><V39/><F39/><W79/><G114/><T117/><D117/><U60/><E133/><V85/><F115/><W112/><G112/><T67/><D67/><U22/><E22/><V110/><F110/><N who="3" m="41995" /><G134/><T15/><D84/><U44/><E44/><V128/><REACH who="2" step="1"/><F86/><REACH who="2" ten="220,360,270,130" step="2"/><W47/><G16/><T38/><REACH who="0" step="1"/><D43/><REACH who="0" ten="210,360,270,130" step="2"/><U64/><E108/><V18/><F18/><W76/><G3/><T8/><D8/><U93/><E70/><V40/><F40/><N who="3" m="24679" /><G49/><AGARI ba="2,3" hai="49,51,53,54,56,58,80,85,88,124,126,128,129,130" machi="49" ten="40,12000,2" yaku="1,1,9,1,19,1,54,1,53,2" doraHai="74" doraHaiUra="50" who="2" fromWho="3" sc="210,0,360,0,270,156,130,-126" /><INIT seed="2,0,0,0,1,99" ten="210,360,426,4" oya="2" hai0="85,120,4,33,26,82,109,35,121,46,79,114,59" hai1="19,18,36,54,94,30,91,126,108,23,111,98,34" hai2="113,61,130,6,9,39,24,95,44,7,0,103,131" hai3="45,42,117,100,50,14,52,73,134,48,105,132,25"/><V123/><F123/><W17/><G117/><T31/><D114/><U77/><E36/><V116/><F116/><W41/><G73/><T5/><D109/><U81/><E126/><V84/><F113/><W38/><G25/><T107/><D59/><U88/><E34/><V102/><F7/><W57/><G42/><T65/><D65/><U86/><E30/><V32/><F61/><N who="3" m="36007" /><G105/><T72/><D107/><U2/><E2/><V15/><F0/><W129/><G129/><N who="2" m="49161" /><F32/><W115/><G115/><T83/><D46/><U49/><E77/><V8/><F24/><W75/><G75/><T118/><D26/><U29/><E29/><V11/><F15/><W47/><G47/><T21/><D72/><U22/><E111/><V70/><F6/><W76/><G76/><T101/><D79/><U93/><E81/><V127/><F70/><W96/><G14/><T124/><D118/><U13/><E108/><V89/><F127/><W71/><G71/><T110/><D124/><U27/><E54/><V62/><F62/><W58/><G17/><T69/><D110/><U133/><REACH who="1" step="1"/><E49/><REACH who="1" ten="210,350,426,4" step="2"/><V92/><F39/><W64/><G64/><T53/><D31/><U43/><E43/><V10/><F44/><W135/><G58/><T125/><D125/><U106/><E106/><V68/><F68/><W16/><G16/><T78/><D69/><U55/><E55/><V56/><F56/><W63/><G63/><T122/><D121/><U128/><E128/><V66/><F66/><W112/><G112/><T104/><D120/><U87/><E87/><V67/><F67/><W40/><G40/><RYUUKYOKU ba="0,1" sc="210,-15,350,15,426,-15,4,15" hai1="13,18,19,22,23,27,86,88,91,93,94,98,133" hai3="38,41,45,48,50,96,100,132,134,135" /><INIT seed="3,1,1,3,3,84" ten="195,365,411,19" oya="3" hai0="14,121,16,61,122,70,77,130,116,28,42,91,9" hai1="30,134,20,31,107,41,124,73,93,82,27,35,75" hai2="50,34,125,10,101,108,109,11,80,55,79,118,17" hai3="5,129,103,126,24,23,81,18,15,112,7,51,1"/><W114/><G1/><T98/><D116/><U128/><E107/><V127/><F34/><W46/><G129/><T115/><D77/><U92/><E128/><V133/><F101/><W120/><G120/><T117/><D130/><U85/><E124/><N who="2" m="47691" /><F133/><W13/><G126/><T56/><D117/><U12/><E134/><V90/><F90/><W94/><G112/><T99/><D70/><U48/><E73/><N who="2" m="43119" /><F118/><W60/><G114/><T3/><D115/><U39/><E75/><V4/><F17/><W87/><G60/><T36/><D28/><U38/><E39/><V59/><F11/><W37/><G37/><T102/><D99/><U2/><E38/><V58/><F58/><W45/><G45/><T44/><D3/><AGARI ba="1,1" hai="3,4,10,50,55,59,108,109" m="43119,47691" machi="3" ten="30,1000,0" yaku="18,1" doraHai="84" who="2" fromWho="0" sc="195,-13,365,0,411,23,19,0" owari="182,-21.8,365,16.5,434,53.4,19,-48.1" /></mjloggm>