<mjloggm ver="2.3"><GO type="225" lobby="0"/><UN n0="%6D%75%75%6D%75%72%61" n1="%E5%B8%86%E7%AB%8B%E5%A4%8F%E8%A1%A3" n2="%E3%81%99%E3%81%84%E3%81%BE%E3%81%9B%E3%83%BC%E3%82%93" n3="%E3%81%BE%E3%81%A8%E3%81%9F" dan="16,17,16,16" rate="2162.51,2178.20,2160.23,2150.01" sx="F,M,M,M"/><TAIKYOKU oya="0"/><INIT seed="0,0,0,4,3,130" ten="250,250,250,250" oya="0" hai0="10,4,70,43,81,110,64,124,121,60,21,69,125" hai1="42,102,97,28,6,84,62,90,59,100,58,41,7" hai2="116,37,9,35,82,99,5,18,30,115,129,23,112" hai3="11,126,101,78,109,13,8,22,86,3,20,29,73"/><T0/><D121/><U36/><E28/><V57/><F37/><W94/><G109/><T31/><D110/><U98/><E36/><V114/><F99/><W51/><G126/><N who="0" m="48747" /><D43/><U56/><E62/><V46/><F46/><W103/><G73/><T113/><D113/><U92/><E98/><V87/><F129/><W2/><G2/><T17/><D81/><U53/><E53/><V91/><F116/><W26/><G3/><T93/><D93/><U12/><E100/><V32/><F30/><W44/><G20/><T127/><N who="0" m="48755" /><T108/><DORA hai="107" /><D108/><U14/><E6/><V27/><REACH who="2" step="1"/><F57/><REACH who="2" ten="250,250,240,250" step="2"/><W122/><G122/><T47/><D31/><U131/><E131/><V38/><F38/><W52/><G101/><T65/><D47/><U40/><REACH who="1" step="1"/><E7/><REACH who="1" ten="250,240,240,250" step="2"/><V61/><F61/><W105/><G103/><T25/><D60/><U77/><E77/><V19/><F19/><W54/><G78/><T123/><D123/><U49/><E49/><V48/><F48/><W74/><G51/><T128/><D128/><U71/><E71/><AGARI ba="0,2" hai="0,4,10,17,21,25,64,65,69,70,71" m="48755" machi="71" ten="40,2000,0" yaku="18,1" doraHai="130,107" who="0" fromWho="1" sc="250,40,240,-20,240,0,250,0" /><INIT seed="0,1,0,0,2,102" ten="290,220,240,250" oya="0" hai0="61,35,132,73,69,52,72,99,107,75,66,80,88" hai1="54,127,89,0,39,6,125,105,71,120,21,76,29" hai2="114,85,79,60,62,41,135,47,27,118,46,78,22" hai3="30,48,87,64,59,57,117,94,119,130,33,42,12"/><T11/><D132/><U1/><E71/><V92/><F114/><W86/><G130/><T98/><D35/><U15/><E39/><V45/><F135/><W134/><G134/><T115/><D115/><U95/><E120/><V70/><F41/><W103/><G12/><T74/><D11/><N who="1" m="4599" /><E76/><N who="2" m="29227" /><F70/><W55/><G42/><T5/><D5/><U121/><E54/><V8/><F8/><W38/><G38/><T109/><D75/><U77/><E77/><V53/><F53/><W84/><G103/><T32/><D32/><U129/><E129/><V58/><F58/><W51/><G94/><T110/><D52/><U131/><E131/><V123/><F118/><W19/><G48/><T112/><D112/><U82/><E82/><V4/><F4/><W68/><G68/><T67/><D67/><U122/><E122/><V83/><F83/><W13/><G30/><T56/><D69/><U16/><E29/><N who="2" m="17655" /><F123/><W128/><G33/><T49/><D49/><U25/><E121/><V81/><F81/><W3/><G3/><T104/><D80/><U43/><E43/><V23/><F23/><W44/><G128/><T100/><D107/><U90/><E105/><V7/><F7/><W34/><G34/><T9/><D9/><U63/><E63/><V93/><F93/><W40/><G64/><T65/><D66/><U91/><E95/><V101/><F85/><W126/><G59/><T31/><D31/><U26/><E26/><V111/><F111/><N who="0" m="42506" /><D72/><U50/><E50/><V108/><F108/><W97/><G117/><T14/><D14/><U18/><E18/><V37/><F37/><RYUUKYOKU ba="1,0" sc="290,10,220,10,240,10,250,-30" hai0="56,61,65,73,74,88,98,99,100,104" hai1="0,1,16,21,25,89,90,91,125,127" hai2="45,46,47,60,62,92,101" /><INIT seed="0,2,0,4,3,81" ten="300,230,250,220" oya="0" hai0="59,44,133,100,79,88,114,7,106,108,61,39,60" hai1="127,76,64,34,29,11,33,135,20,134,97,43,8" hai2="96,38,124,111,90,27,109,83,87,95,117,31,131" hai3="1,120,36,26,86,130,50,23,118,37,3,94,67"/><T92/><D114/><U53/><E43/><V54/><F124/><W78/><G118/><T72/><D133/><N who="1" m="50699" /><E64/><V15/><F117/><W58/><G120/><T41/><D108/><N who="2" m="41546" /><F38/><W32/><G32/><N who="1" m="12394" /><E76/><V48/><F131/><W99/><G130/><T18/><D79/><U6/><E53/><V68/><F15/><W70/><G36/><T16/><D72/><U62/><E62/><V101/><F68/><W19/><G37/><T110/><D110/><U119/><E97/><V66/><F66/><W46/><G70/><T74/><D74/><U84/><E84/><V2/><F2/><W89/><G78/><T0/><D106/><U121/><E119/><V65/><F65/><W49/><G99/><T10/><D100/><U13/><E121/><V113/><F113/><W91/><G91/><T132/><D132/><U45/><E45/><V4/><F54/><W56/><G56/><T52/><D60/><U21/><E127/><V55/><F55/><W57/><G58/><T112/><D112/><U9/><E29/><V75/><F75/><W128/><G128/><T24/><D24/><U85/><E85/><AGARI ba="2,0" hai="0,7,10,16,18,39,41,44,52,59,61,85,88,92" machi="85" ten="30,12000,1" yaku="7,1,52,1,54,3" doraHai="81" who="0" fromWho="1" sc="300,126,230,-126,250,0,220,0" /><INIT seed="0,3,0,3,0,6" ten="426,104,250,220" oya="0" hai0="99,17,19,37,79,77,33,48,112,59,39,78,114" hai1="67,26,72,14,18,86,122,49,135,24,50,1,29" hai2="0,106,89,71,2,62,40,38,128,129,65,90,110" hai3="11,44,131,68,21,123,25,12,134,4,115,3,118"/><T103/><D33/><U108/><E72/><V28/><F110/><W57/><G68/><T31/><D31/><U84/><E108/><V97/><F28/><W60/><G118/><T10/><D59/><U27/><E135/><V41/><F106/><W91/><G115/><T127/><D48/><N who="1" m="18539" /><E1/><V42/><F38/><W88/><G134/><T76/><D76/><U70/><E70/><V119/><F119/><W45/><G131/><N who="2" m="50249" /><F90/><N who="3" m="34347" /><G3/><T102/><D19/><U23/><E122/><V58/><F71/><W87/><G87/><N who="1" m="33322" /><E67/><V7/><F7/><W32/><G32/><T75/><D75/><U66/><E66/><V133/><F133/><W34/><G34/><T132/><D132/><U126/><E126/><V98/><F98/><W105/><G105/><T121/><D127/><U74/><E74/><V56/><F0/><W104/><G104/><T63/><D121/><U80/><E80/><V113/><F2/><W120/><G123/><T116/><D116/><U107/><E107/><V95/><F113/><W35/><G35/><T53/><D112/><U94/><E94/><V8/><F95/><W83/><G120/><T16/><D114/><U85/><N who="1" m="33330" /><U47/><DORA hai="125" /><E47/><V92/><F92/><W117/><G117/><T36/><D36/><U51/><N who="1" m="18547" /><U81/><DORA hai="54" /><E81/><V101/><F97/><W124/><G124/><T22/><D99/><U64/><E64/><V109/><F109/><W73/><G83/><T43/><D37/><U30/><AGARI ba="3,0" hai="14,18,23,24,26,27,29,30" m="33330,18547" machi="30" ten="50,1600,0" yaku="8,1" doraHai="6,125,54" who="1" fromWho="1" sc="426,-11,104,25,250,-7,220,-7" /><INIT seed="1,0,0,2,4,94" ten="415,129,243,213" oya="1" hai0="61,129,68,76,29,109,135,11,1,79,70,49,95" hai1="10,75,25,127,53,3,50,42,40,74,44,63,12" hai2="123,41,124,78,91,130,115,110,66,26,30,100,27" hai3="28,51,48,103,119,58,69,96,112,126,13,15,5"/><U17/><E127/><V122/><F124/><W20/><G112/><T77/><D109/><U131/><E131/><V104/><F130/><W38/><G69/><T88/><D135/><U32/><E3/><V97/><F110/><W19/><G38/><T102/><D102/><U99/><E75/><V89/><F115/><W86/><G119/><T8/><D29/><U121/><E74/><V35/><F78/><W23/><G126/><T71/><D61/><U85/><E121/><V98/><F41/><W43/><G43/><T65/><D65/><U39/><E85/><V90/><F26/><W132/><G132/><T80/><D80/><U82/><E82/><V57/><F98/><W128/><G128/><T73/><D73/><U7/><E99/><V107/><F107/><W46/><G46/><T31/><D31/><U18/><E63/><V21/><F35/><W93/><G5/><T125/><D125/><U106/><E106/><V108/><F108/><W67/><G86/><T72/><D72/><U54/><E40/><V47/><F47/><W4/><G4/><T0/><D129/><U24/><E32/><V113/><F113/><W34/><G34/><T36/><D49/><U33/><E33/><V56/><REACH who="2" step="1"/><F66/><REACH who="2" ten="415,129,233,213" step="2"/><W59/><G67/><T92/><D77/><U64/><E64/><V52/><F52/><N who="1" m="20073" /><E39/><V45/><F45/><W114/><G114/><T105/><D36/><U84/><E84/><V87/><F87/><W16/><G28/><T2/><D105/><U22/><E25/><V83/><F83/><W60/><G59/><AGARI ba="0,1" hai="21,27,30,56,57,59,89,90,91,97,100,104,122,123" machi="59" ten="40,2600,0" yaku="1,1,52,1,53,0" doraHai="94" doraHaiUra="134" who="2" fromWho="3" sc="415,0,129,0,233,36,213,-26" /><INIT seed="2,0,0,5,3,65" ten="415,129,269,187" oya="2" hai0="93,17,125,35,83,43,13,72,111,123,1,119,99" hai1="116,115,132,10,133,92,28,66,50,59,22,105,90" hai2="55,48,129,54,135,45,98,130,67,109,44,89,56" hai3="104,124,80,47,127,58,110,81,112,82,42,77,30"/><V3/><F3/><W32/><G110/><T121/><D111/><U103/><E115/><V51/><F98/><W97/><G112/><T70/><D1/><U4/><E116/><V88/><F109/><W14/><G77/><T113/><D119/><U86/><E105/><V24/><F24/><N who="3" m="18503" /><G58/><T15/><D113/><U131/><E131/><V11/><F11/><W76/><G14/><T12/><D125/><N who="3" m="48201" /><G97/><T126/><D35/><U29/><E103/><V128/><F135/><N who="1" m="51785" /><E22/><V114/><F114/><W68/><G68/><T63/><D70/><U40/><E66/><V37/><F37/><N who="3" m="21967" /><G104/><T69/><D69/><U16/><E4/><V38/><F38/><W36/><G36/><T49/><D43/><U0/><E0/><V120/><F120/><W57/><G57/><T27/><D63/><AGARI ba="0,0" hai="44,45,48,51,54,55,56,63,67,88,89,128,129,130" machi="63" ten="40,7700,0" yaku="9,1,19,1,54,1" doraHai="65" who="2" fromWho="0" sc="415,-77,129,0,269,77,187,0" /><INIT seed="2,1,0,0,2,48" ten="338,129,346,187" oya="2" hai0="95,49,40,36,71,107,126,103,130,44,106,101,109" hai1="99,38,14,39,2,29,87,60,116,19,53,91,104" hai2="33,132,16,59,12,31,62,105,133,124,3,131,23" hai3="92,5,119,93,88,85,97,32,80,114,134,24,28"/><V61/><F105/><W112/><G119/><T52/><D109/><U102/><E116/><V108/><F108/><W21/><G134/><N who="2" m="51817" /><F131/><W15/><G93/><T79/><D130/><U135/><E2/><V22/><F3/><W127/><G127/><T37/><D126/><U46/><E29/><V117/><F117/><W4/><G32/><T35/><D71/><U0/><E0/><V68/><F124/><W120/><G120/><T42/><D35/><U51/><E60/><V58/><F33/><W55/><G55/><T8/><D79/><U90/><E135/><V77/><F77/><W65/><G65/><T75/><D75/><U129/><E129/><V111/><F111/><W69/><G69/><T27/><D27/><U73/><E73/><V113/><F68/><W56/><G56/><N who="2" m="21545" /><F113/><W25/><G24/><AGARI ba="1,0" hai="12,16,22,23,24,31,61,62" m="21545,51817" machi="24" ten="30,2900,0" yaku="20,1,54,1" doraHai="48" who="2" fromWho="3" sc="338,0,129,0,346,32,187,-32" /><INIT seed="2,2,0,2,3,68" ten="338,129,378,155" oya="2" hai0="132,121,81,122,10,119,74,45,34,57,133,58,17" hai1="44,31,107,100,104,37,55,9,82,43,114,73,102" hai2="8,103,118,15,13,67,59,40,56,111,3,23,26" hai3="33,83,41,21,84,62,125,0,49,77,64,134,79"/><V96/><F118/><W38/><G33/><T70/><D70/><U71/><E114/><V99/><F111/><W87/><G0/><T52/><D119/><U80/><E71/><V91/><F40/><W130/><G134/><N who="0" m="51819" /><D34/><U94/><E31/><V22/><F3/><W105/><G105/><T7/><D17/><U63/><E9/><V48/><F91/><W39/><G130/><T20/><D58/><U108/><E108/><V92/><F99/><W16/><G125/><T19/><D45/><U72/><E94/><V51/><F67/><W89/><G49/><N who="2" m="19017" /><F22/><W124/><G124/><T36/><D36/><U46/><E55/><V113/><F113/><W131/><G131/><T126/><D74/><U120/><E43/><V6/><F15/><W116/><G41/><T85/><D126/><U4/><E120/><V76/><F76/><W66/><G116/><T112/><D112/><U2/><E2/><V61/><F61/><W97/><G97/><T115/><D115/><U50/><E50/><V90/><F103/><W110/><G110/><T109/><D109/><U129/><E63/><V65/><F65/><W27/><G64/><T88/><D52/><U12/><E12/><V60/><F60/><W128/><G128/><T117/><D117/><U123/><E129/><V29/><AGARI ba="2,0" hai="6,8,13,23,26,29,56,59,90,92,96" m="19017" machi="29" ten="30,1500,0" yaku="8,1" doraHai="68" who="2" fromWho="2" sc="338,-7,129,-7,378,21,155,-7" /><INIT seed="2,3,0,0,3,77" ten="331,122,399,148" oya="2" hai0="79,41,103,9,39,100,19,129,1,61,109,4,70" hai1="99,104,28,8,49,127,32,132,120,30,123,69,113" hai2="13,46,84,72,92,122,90,68,135,93,26,36,66" hai3="106,117,11,80,15,115,45,108,119,134,24,12,111"/><V130/><F122/><N who="1" m="46633" /><E113/><V14/><F130/><W48/><G106/><T71/><D109/><N who="3" m="42057" /><G134/><T116/><D129/><U121/><N who="1" m="46641" /><U114/><DORA hai="73" /><E132/><V98/><F72/><W27/><G115/><T43/><D19/><U59/><E114/><V29/><F135/><W17/><G80/><T2/><D116/><N who="3" m="44617" /><G48/><T16/><D16/><U76/><E127/><V34/><F36/><W7/><G45/><T23/><D39/><U22/><E76/><V97/><F46/><W107/><G107/><T47/><D79/><U102/><E32/><V35/><F35/><W110/><N who="3" m="42065" /><W94/><DORA hai="86" /><G94/><T89/><D47/><U31/><E69/><V91/><F84/><W105/><G105/><T5/><D71/><U88/><E8/><AGARI ba="3,0" hai="7,8,11,12,15,17,24,27" m="44617,42065" machi="8" ten="50,6400,0" yaku="14,1,34,2" doraHai="77,73,86" who="3" fromWho="1" sc="331,0,122,-73,399,0,148,73" /><INIT seed="3,0,0,1,4,98" ten="331,49,399,221" oya="3" hai0="123,117,87,54,82,134,11,12,69,85,124,40,120" hai1="17,24,14,84,129,67,29,112,16,79,42,76,126" hai2="72,90,86,0,70,75,74,56,23,113,115,132,107" hai3="18,125,102,22,118,128,25,46,15,4,36,66,37"/><W106/><G118/><T64/><D117/><U41/><E112/><V59/><F70/><W3/><G125/><T7/><D124/><U80/><E126/><V88/><F107/><W9/><G66/><T53/><D134/><U119/><E129/><V21/><F0/><W2/><G128/><T47/><D69/><U52/><E119/><V89/><F86/><W6/><G46/><T28/><D85/><U61/><E67/><V114/><F132/><W65/><G65/><T31/><D64/><U8/><E76/><V33/><F33/><W92/><G106/><T104/><D104/><U48/><E61/><V116/><F116/><W95/><G95/><T78/><D54/><U101/><E17/><V73/><F73/><W55/><G55/><T39/><D53/><U96/><E96/><V133/><F133/><W20/><G20/><AGARI ba="0,0" hai="20,21,23,56,59,72,74,75,88,89,90,113,114,115" machi="20" ten="60,8000,1" yaku="29,2,28,2,54,1" doraHai="98" who="2" fromWho="3" sc="331,0,49,0,399,80,221,-80" owari="331,13.1,49,-45.1,479,57.9,141,-25.9" /></mjloggm>