<mjloggm ver="2.3"><GO type="225" lobby="0"/><UN n0="%E3%81%99%E3%81%84%E3%81%BE%E3%81%9B%E3%83%BC%E3%82%93" n1="%E7%AC%B9%E9%A4%85" n2="%E3%81%A9%E3%82%8F%E3%82%93%E3%81%94" n3="%E3%81%AF%E3%82%88%E3%81%8A%E3%81%98%E3%81%95%E3%82%93" dan="16,17,16,16" rate="2107.02,2176.05,2154.62,2085.47" sx="M,M,M,M"/><TAIKYOKU oya="0"/><INIT seed="0,0,0,5,2,86" ten="250,250,250,250" oya="0" hai0="82,34,27,8,3,68,128,112,111,29,7,105,14" hai1="33,73,100,94,95,11,58,69,49,119,21,15,125" hai2="117,53,92,110,103,89,19,71,20,12,104,51,22" hai3="61,81,44,121,108,47,126,6,70,1,131,60,23"/><T28/><D112/><U122/><E119/><V130/><F110/><W133/><G108/><T79/><D111/><U13/><E122/><V62/><F130/><W42/><G131/><T106/><D128/><U91/><E33/><V66/><F117/><W5/><G121/><T10/><D29/><U45/><E69/><V98/><F22/><W39/><G126/><T90/><D68/><U67/><E73/><V75/><F75/><W18/><G133/><T74/><REACH who="0" step="1"/><D90/><REACH who="0" ten="240,250,250,250" step="2"/><U99/><E125/><V25/><F25/><W114/><G70/><T32/><D32/><U37/><E37/><V30/><F30/><W109/><G39/><T40/><D40/><U9/><E58/><V76/><F76/><W78/><G78/><T83/><D83/><U63/><E91/><V85/><F71/><W24/><G114/><T17/><AGARI ba="0,1" hai="3,7,8,10,14,17,27,28,34,74,79,82,105,106" machi="17" ten="20,3900,0" yaku="1,1,0,1,7,1,53,0" doraHai="86" doraHaiUra="57" who="0" fromWho="0" sc="240,49,250,-13,250,-13,250,-13" /><INIT seed="0,1,0,5,4,130" ten="289,237,237,237" oya="0" hai0="71,26,23,135,8,82,49,72,13,99,46,58,126" hai1="69,84,22,25,120,9,21,27,85,133,95,97,101" hai2="15,118,47,102,94,62,65,44,98,116,34,60,43" hai3="104,121,92,105,74,53,63,103,17,115,68,19,109"/><T41/><D126/><U112/><E120/><V5/><F34/><W77/><G115/><T107/><D71/><U76/><E112/><V37/><F47/><W66/><G121/><T129/><D129/><U16/><E69/><V100/><F100/><W30/><G109/><T56/><D135/><U11/><E133/><V96/><F96/><W88/><G30/><T45/><D45/><U24/><E24/><V131/><F131/><W57/><G77/><T33/><D33/><U52/><E52/><V48/><F37/><W75/><G74/><T51/><D49/><U122/><E122/><V6/><F62/><W28/><G75/><T113/><D113/><U73/><E73/><V12/><F12/><W54/><G28/><T0/><D0/><U2/><E2/><V7/><REACH who="2" step="1"/><F15/><REACH who="2" ten="289,237,227,237" step="2"/><W10/><G103/><T124/><D99/><U127/><E127/><V81/><F81/><W29/><G63/><T119/><D124/><U111/><E111/><V31/><F31/><W50/><G29/><T61/><D61/><U93/><E93/><V108/><F108/><W114/><G92/><T42/><D82/><N who="1" m="47175" /><E85/><V87/><F87/><W40/><G114/><T125/><D125/><U4/><E4/><V39/><F39/><W83/><G83/><T80/><D80/><U55/><E55/><V123/><F123/><W90/><G53/><T20/><D72/><U89/><E101/><V132/><F132/><W70/><G54/><T110/><D110/><U32/><E32/><V106/><F106/><W3/><G105/><T64/><D107/><U14/><E14/><V78/><F78/><RYUUKYOKU ba="1,1" sc="289,-15,237,15,227,15,237,-15" hai1="9,11,16,21,22,25,27,89,95,97" hai2="5,6,7,43,44,48,60,65,94,98,102,116,118" /><INIT seed="1,2,1,4,3,86" ten="274,252,242,222" oya="1" hai0="4,49,52,92,104,55,114,0,99,79,41,119,42" hai1="100,108,135,9,84,48,116,75,117,54,17,82,53" hai2="19,29,12,118,10,95,125,43,64,106,40,102,103" hai3="87,131,113,62,121,124,134,6,94,65,73,98,32"/><U16/><E75/><V8/><F125/><W23/><G121/><T67/><D114/><U44/><E135/><V60/><F118/><W2/><G113/><T36/><D119/><U107/><E108/><V129/><F129/><W96/><G32/><T18/><D104/><U46/><E107/><V112/><F106/><W66/><G73/><T28/><D28/><U132/><E100/><V5/><F29/><W51/><G2/><T45/><D67/><U72/><E72/><V59/><F112/><W130/><G6/><T93/><D79/><U1/><E132/><V35/><F35/><W90/><G134/><T30/><D30/><U69/><E69/><V80/><F80/><W26/><G124/><T88/><D18/><U22/><E1/><V122/><F122/><W133/><G133/><T3/><D4/><U47/><E117/><V70/><F70/><W89/><G51/><N who="0" m="28783" /><D36/><U105/><E105/><V31/><F31/><N who="3" m="17887" /><G62/><T25/><D25/><N who="1" m="14535" /><E116/><V128/><F128/><N who="3" m="49195" /><G98/><N who="0" m="57607" /><D0/><U76/><E48/><V81/><F60/><W24/><G24/><T13/><D13/><AGARI ba="2,1" hai="9,13,17,44,46,47,53,54,76,82,84" m="14535" machi="13" ten="30,2900,0" yaku="8,1,54,1" doraHai="86" who="1" fromWho="0" sc="274,-35,252,45,242,0,222,0" /><INIT seed="1,3,0,0,3,90" ten="239,297,242,222" oya="1" hai0="126,102,114,120,38,133,112,0,101,79,16,85,72" hai1="17,82,55,44,128,2,67,63,113,64,34,45,54" hai2="48,53,9,119,94,19,103,13,21,47,68,106,46" hai3="73,121,23,70,58,78,12,105,35,33,93,42,50"/><U130/><E2/><V52/><F119/><W127/><G121/><T59/><D72/><U89/><E34/><V77/><F68/><W22/><G105/><T123/><D38/><U91/><E82/><V134/><F134/><W27/><G70/><T104/><D0/><U124/><E17/><V29/><F106/><W4/><G127/><T116/><D116/><U74/><E63/><V96/><F77/><W6/><G73/><T18/><D126/><U115/><E74/><V107/><F107/><W25/><G78/><T117/><D133/><U131/><E131/><V109/><F109/><W95/><G12/><T51/><D104/><U110/><REACH who="1" step="1"/><E124/><REACH who="1" ten="239,287,242,222" step="2"/><V62/><F62/><W7/><G35/><T125/><D125/><U76/><E76/><V80/><F80/><W135/><G33/><T75/><D75/><U43/><E43/><N who="2" m="24671" /><F47/><N who="3" m="25975" /><G135/><T99/><D117/><U36/><E36/><V87/><F87/><W11/><G58/><T57/><D123/><U66/><E66/><V5/><F29/><N who="3" m="17591" /><G11/><T37/><D37/><U15/><E15/><AGARI ba="3,1" hai="5,9,13,15,19,21,52,53,94,96,103" m="24671" machi="15" ten="30,3900,0" yaku="8,1,52,1,54,1" doraHai="90" who="2" fromWho="1" sc="239,0,287,-48,242,58,222,0" /><INIT seed="2,0,0,3,3,75" ten="239,239,300,222" oya="2" hai0="104,130,58,63,62,69,19,81,99,121,29,3,22" hai1="76,94,89,72,82,51,46,111,93,38,84,77,134" hai2="30,83,100,78,64,47,25,110,135,127,129,32,122" hai3="88,119,40,65,11,18,66,60,4,131,112,113,23"/><V2/><F122/><W101/><G119/><T103/><D121/><U107/><E38/><V105/><F2/><W43/><G101/><T49/><D3/><U54/><E107/><V56/><F135/><W5/><G131/><T31/><D130/><U6/><E134/><V92/><F129/><W20/><G18/><T120/><D120/><U133/><E133/><V87/><F127/><W70/><G60/><T74/><D69/><U109/><E6/><N who="3" m="2666" /><G70/><T10/><D10/><U126/><E126/><V125/><F125/><W114/><G11/><T44/><D63/><U26/><E26/><V28/><F28/><W7/><N who="3" m="2674" /><W53/><DORA hai="80" /><G53/><T91/><D62/><U116/><E116/><V12/><F105/><W16/><G88/><T97/><D74/><U132/><E132/><V55/><F55/><W1/><G1/><T15/><D58/><U57/><E77/><V95/><F78/><W27/><G23/><T0/><D0/><U21/><E21/><V52/><F32/><W108/><G108/><N who="1" m="41546" /><E94/><V42/><F95/><W34/><G34/><T35/><D35/><U102/><E102/><V128/><F92/><W41/><AGARI ba="0,0" hai="16,20,27,40,41,43,65,66,112,113,114" m="2674" machi="41" ten="50,3200,0" yaku="11,1,54,1" doraHai="75,80" who="3" fromWho="3" sc="239,-8,239,-8,300,-16,222,32" /><INIT seed="3,0,0,4,4,97" ten="231,231,284,254" oya="3" hai0="85,47,109,98,27,39,129,111,92,105,18,116,58" hai1="52,91,108,100,72,10,54,65,82,102,63,44,130" hai2="107,24,17,34,99,23,26,56,45,101,48,114,127" hai3="87,25,41,77,69,53,112,11,83,94,60,61,30"/><W131/><G112/><T49/><D116/><U132/><E108/><V32/><F114/><W90/><G131/><T88/><D129/><U93/><E130/><V20/><F56/><W75/><G41/><T19/><D39/><U6/><E132/><V21/><F127/><W14/><G53/><T51/><D58/><N who="1" m="37111" /><E72/><V124/><F23/><W43/><G43/><T55/><D51/><N who="1" m="28775" /><E82/><V29/><F124/><W13/><G69/><T76/><D27/><U59/><E10/><V68/><F68/><W135/><G135/><T3/><D3/><U7/><E7/><V126/><F126/><W15/><REACH who="3" step="1"/><G11/><REACH who="3" ten="231,231,284,244" step="2"/><T86/><D55/><AGARI ba="0,1" hai="17,20,21,24,26,29,32,34,45,48,55,99,101,107" machi="55" ten="30,2000,0" yaku="7,1,52,1" doraHai="97" who="2" fromWho="0" sc="231,-20,231,0,284,30,244,0" owari="211,-28.9,231,-16.9,314,41.4,244,4.4" /></mjloggm>