<mjloggm ver="2.3"><GO type="225" lobby="0"/><UN n0="%E7%B4%94%E6%BD%94%E3%83%94%E3%83%A9%E3%83%8B%E3%82%A2" n1="%E3%83%AD%E3%83%83%E3%83%86%E9%9B%80%E7%90%83" n2="%E4%B8%89%E5%86%A0%E7%8E%8B%E3%83%BB%E5%B1%B1%E7%94%B0%E5%93%B2%E4%BA%BA" n3="%E3%82%BC%E3%83%AB%E3%83%80%E3%81%AE%E4%BC%9D%E8%AA%AC" dan="18,17,16,16" rate="2297.26,2210.25,2128.17,2239.24" sx="M,M,M,M"/><TAIKYOKU oya="0"/><INIT seed="0,0,0,5,4,68" ten="250,250,250,250" oya="0" hai0="98,1,70,60,47,42,43,113,88,125,48,99,124" hai1="24,130,84,116,49,66,46,129,80,30,132,18,114" hai2="104,13,38,22,77,108,120,135,134,112,51,128,127" hai3="32,123,61,122,55,7,54,35,39,57,71,118,78"/><T69/><D1/><U11/><E116/><V111/><F120/><N who="3" m="46123" /><G118/><T103/><D113/><U94/><E132/><N who="2" m="50731" /><F112/><W100/><G7/><T81/><D43/><U107/><E107/><V56/><F104/><W79/><G100/><T89/><D99/><U44/><E114/><V102/><F102/><W41/><G71/><N who="0" m="27147" /><D81/><U27/><E94/><V9/><F127/><N who="0" m="48714" /><D60/><U101/><E101/><V74/><F74/><W16/><G54/><T67/><D67/><U2/><E66/><V92/><F92/><AGARI ba="0,0" hai="42,47,48,88,89,92,98,103" m="48714,27147" machi="92" ten="30,2900,0" yaku="18,1,54,1" doraHai="68" who="0" fromWho="2" sc="250,29,250,0,250,-29,250,0" /><INIT seed="0,1,0,0,5,32" ten="279,250,221,250" oya="0" hai0="2,50,114,19,103,29,53,122,102,111,39,55,132" hai1="121,112,41,31,28,56,110,83,15,135,59,131,125" hai2="129,100,26,23,6,25,126,1,9,44,57,60,65" hai3="123,99,35,92,13,58,14,82,119,5,96,46,107"/><T87/><D114/><U76/><E121/><V79/><F126/><W133/><G119/><T93/><D122/><U20/><E110/><V24/><F129/><W40/><G123/><T42/><D111/><U127/><E131/><V91/><F79/><W130/><G130/><T116/><D116/><U105/><E105/><V108/><F108/><W66/><G35/><T117/><D117/><U124/><E135/><V64/><F100/><W63/><G133/><T27/><D132/><U12/><E112/><V62/><F44/><W104/><G82/><T10/><D39/><U72/><E41/><V38/><F38/><W95/><G104/><T17/><D42/><U71/><E71/><V18/><REACH who="2" step="1"/><F91/><REACH who="2" ten="279,250,211,250" step="2"/><N who="3" m="55327" /><G107/><T61/><D102/><U77/><E77/><V88/><F88/><N who="3" m="55783" /><G5/><T101/><D103/><U80/><E76/><V81/><F81/><W22/><G22/><T49/><D101/><U51/><E20/><V128/><F128/><W36/><G36/><T11/><D93/><U3/><E127/><V73/><F73/><W33/><G33/><T7/><D87/><U34/><E34/><V48/><F48/><W0/><G46/><T69/><D49/><U115/><E51/><V109/><F109/><W43/><G43/><T4/><D50/><U85/><E115/><V70/><AGARI ba="1,1" hai="1,6,9,18,23,24,25,26,57,60,62,64,65,70" machi="70" ten="20,5200,0" yaku="1,1,0,1,7,1,52,1,53,0" doraHai="32" doraHaiUra="106" who="2" fromWho="2" sc="279,-27,250,-14,211,65,250,-14" /><INIT seed="1,0,0,3,5,102" ten="252,236,276,236" oya="1" hai0="15,100,95,40,41,98,2,58,5,93,106,7,130" hai1="121,101,86,25,122,124,129,94,107,111,13,60,31" hai2="128,72,17,114,73,83,27,29,68,30,74,78,56" hai3="132,34,89,39,0,65,125,87,47,66,70,43,64"/><U52/><E124/><V35/><F68/><W120/><G0/><T14/><D130/><U18/><E129/><V112/><F128/><W10/><G34/><T76/><D76/><U99/><E111/><V42/><F30/><W11/><G120/><T115/><D115/><N who="2" m="44074" /><F42/><W32/><G32/><T26/><D26/><U116/><E116/><V46/><F46/><W85/><G125/><T36/><D58/><U4/><E4/><V84/><F17/><W62/><G132/><T134/><D134/><U37/><E37/><V113/><N who="2" m="44082" /><V131/><DORA hai="119" /><F131/><W75/><G75/><T44/><D41/><U69/><E86/><V104/><F56/><W23/><G23/><T61/><D61/><U133/><E133/><V92/><F92/><W63/><G85/><T16/><D2/><U22/><E94/><V9/><F9/><W45/><G45/><T38/><D38/><U3/><E3/><V118/><F118/><W21/><G21/><T96/><D15/><U110/><E110/><V8/><F8/><W108/><G108/><T50/><D36/><U77/><E77/><V91/><F78/><W59/><REACH who="3" step="1"/><G65/><REACH who="3" ten="252,236,276,226" step="2"/><T1/><D1/><U19/><E122/><V28/><F28/><W90/><G90/><T126/><D126/><U6/><E121/><V48/><F48/><W67/><G67/><T20/><D93/><AGARI ba="0,1" hai="10,11,39,43,47,59,62,63,64,66,70,87,89,93" machi="93" ten="30,3900,0" yaku="1,1,7,1,53,1" doraHai="102,119" doraHaiUra="79,88" who="3" fromWho="0" sc="252,-39,236,0,276,0,226,49" /><INIT seed="2,0,0,2,0,98" ten="213,236,276,275" oya="2" hai0="42,3,96,64,86,83,63,74,109,15,128,108,81" hai1="41,71,29,112,16,35,110,20,111,61,11,130,62" hai2="115,126,34,77,127,95,101,27,70,59,47,60,44" hai3="88,84,89,2,4,107,113,26,54,78,46,105,82"/><V90/><F70/><W122/><G122/><T30/><D3/><U50/><E112/><V129/><F77/><W24/><G113/><T72/><D128/><U116/><E116/><V87/><F115/><W85/><G2/><T31/><D42/><U43/><E130/><V33/><F129/><W106/><G4/><T117/><D15/><N who="1" m="7295" /><E35/><V0/><F0/><W37/><G78/><T103/><D117/><U99/><E71/><V104/><F47/><W18/><G18/><T45/><D45/><N who="1" m="25903" /><E43/><V119/><F44/><W39/><G54/><T118/><D118/><U135/><E135/><V1/><F1/><W76/><G46/><T25/><D74/><U28/><E99/><N who="2" m="61503" /><F27/><W124/><G26/><T17/><D72/><U69/><E69/><V21/><F21/><W102/><G24/><T13/><D13/><U134/><E134/><V22/><F22/><W91/><G37/><T123/><D17/><U23/><E23/><V32/><F119/><W36/><G36/><T8/><D8/><U53/><E20/><V133/><F133/><W114/><G39/><T132/><D132/><U65/><E53/><N who="2" m="33903" /><F32/><W19/><G114/><T79/><D25/><U80/><E80/><V67/><F67/><W6/><G19/><T94/><D83/><U51/><E51/><V49/><F49/><W58/><G6/><T120/><D123/><U97/><E97/><V66/><F66/><W100/><G58/><N who="0" m="36983" /><D120/><U57/><E62/><V55/><F55/><W93/><G124/><N who="2" m="47657" /><F33/><W75/><G75/><T52/><D52/><U9/><E9/><V14/><F34/><W92/><G76/><RYUUKYOKU ba="0,0" sc="213,0,236,0,276,0,275,0" hai0="30,31,79,81,86,94,96,103,108,109" hai1="28,29,57,61,65,110,111" hai2="14,87,90,95" hai3="82,84,85,88,89,91,92,93,100,102,105,106,107" /><INIT seed="2,1,0,3,2,59" ten="213,236,276,275" oya="2" hai0="2,16,86,78,90,117,95,99,0,100,135,52,110" hai1="34,56,38,23,17,132,7,122,98,118,75,41,28" hai2="12,43,55,112,69,21,54,37,68,35,8,48,9" hai3="113,26,44,10,73,22,61,85,108,106,25,91,30"/><V87/><F35/><W1/><G73/><T70/><D110/><U97/><E118/><V129/><F112/><W92/><G108/><T66/><D117/><U51/><E75/><V107/><F107/><W127/><G106/><T33/><D33/><U65/><E132/><V62/><F129/><W57/><G113/><T40/><D40/><U4/><E38/><V88/><F37/><W14/><G127/><T83/><D135/><U101/><E28/><V89/><F43/><W18/><G1/><T76/><D66/><U24/><E122/><V121/><F121/><W11/><G44/><T130/><D70/><U47/><E34/><V53/><F48/><W133/><G133/><T77/><D130/><U19/><E19/><N who="2" m="10471" /><F69/><W126/><G26/><T13/><REACH who="0" step="1"/><D52/><REACH who="0" ten="203,236,276,275" step="2"/><U63/><REACH who="1" step="1"/><E98/><REACH who="1" ten="203,226,276,275" step="2"/><V27/><F68/><W84/><G126/><T31/><D31/><U123/><E123/><V120/><F120/><W79/><G30/><T115/><D115/><U96/><E96/><V3/><F54/><W36/><G36/><T64/><D64/><U134/><E134/><V119/><F53/><W32/><G32/><T49/><D49/><U103/><E103/><V124/><F55/><W105/><G57/><T80/><D80/><U109/><E109/><V72/><F124/><W6/><G61/><T114/><D114/><U116/><E116/><V125/><F125/><W39/><G39/><T67/><D67/><U128/><E128/><V93/><F119/><W74/><G74/><T29/><D29/><U50/><E50/><V15/><F72/><W81/><G81/><T131/><D131/><RYUUKYOKU ba="1,2" sc="203,15,226,15,276,-15,275,-15" hai0="0,2,13,16,76,77,78,83,86,90,95,99,100" hai1="4,7,17,23,24,41,47,51,56,63,65,97,101" /><INIT seed="3,2,2,2,3,6" ten="218,241,261,260" oya="3" hai0="40,114,102,64,111,53,52,134,135,21,77,20,100" hai1="34,17,13,122,82,7,107,47,8,24,96,31,41" hai2="130,30,46,65,42,16,129,0,116,95,76,124,120" hai3="133,66,11,33,125,86,104,29,84,61,112,99,71"/><W87/><G112/><T15/><D114/><U109/><E109/><V105/><F105/><W60/><G125/><T57/><D111/><U69/><E122/><V126/><F116/><W123/><G133/><N who="0" m="50699" /><D40/><U131/><E131/><N who="2" m="50187" /><F120/><W98/><G123/><T128/><D128/><U92/><E69/><V79/><F30/><W72/><G72/><T49/><D64/><U115/><E82/><V3/><F65/><W54/><G11/><T28/><D77/><N who="2" m="29770" /><F95/><W38/><G38/><T68/><D68/><U35/><E107/><V27/><F27/><N who="3" m="18623" /><G99/><T88/><D28/><U91/><E115/><V119/><F16/><W22/><G22/><N who="0" m="8811" /><D15/><U23/><REACH who="1" step="1"/><E31/><REACH who="1" ten="218,231,261,260" step="2"/><V39/><F119/><W44/><G71/><T5/><D5/><U103/><E103/><V93/><F93/><W56/><G104/><T90/><D102/><U48/><AGARI ba="2,3" hai="7,8,13,17,23,24,34,35,41,47,48,91,92,96" machi="48" ten="20,8000,1" yaku="1,1,0,1,7,1,52,1,53,1" doraHai="6" doraHaiUra="19" who="1" fromWho="1" sc="218,-22,231,116,261,-22,260,-42" owari="196,-30.4,347,44.7,239,3.9,218,-18.2" /></mjloggm>