<mjloggm ver="2.3"><GO type="225" lobby="0"/><UN n0="%72%69%6F%75%63%68%61%6E" n1="%E3%81%8F%E3%82%8A%E3%83%94%E3%83%BC" n2="%54%4F%52" n3="%E6%A1%9C%E8%8A%B1%E9%96%83%E3%80%85" dan="17,16,17,18" rate="2224.42,2108.44,2251.48,2295.91" sx="M,M,M,M"/><TAIKYOKU oya="0"/><INIT seed="0,0,0,0,1,4" ten="250,250,250,250" oya="0" hai0="77,26,74,13,81,38,96,132,128,42,32,28,2" hai1="21,92,116,125,103,22,29,7,109,108,124,23,62" hai2="105,50,31,126,60,39,88,113,120,100,90,36,47" hai3="56,72,59,18,40,75,65,16,46,94,14,43,0"/><T17/><D128/><U110/><E62/><V117/><F120/><W121/><G0/><T68/><D132/><U45/><E45/><V133/><F113/><W82/><G121/><T55/><D68/><U11/><E92/><V95/><F133/><W66/><G94/><T69/><D69/><U37/><E103/><V5/><F126/><N who="1" m="48745" /><E37/><V89/><F117/><W9/><G46/><T78/><D2/><N who="1" m="503" /><E116/><V30/><F105/><W34/><G34/><T54/><D78/><U19/><E29/><V135/><F135/><W130/><G82/><T25/><D42/><N who="3" m="15913" /><G130/><T15/><D38/><U80/><E80/><V112/><F112/><W101/><G101/><T85/><D74/><U102/><E102/><V67/><F100/><W3/><G75/><T129/><D129/><U98/><E98/><V87/><F39/><W48/><G48/><T61/><D96/><U131/><E131/><V8/><F36/><W127/><G72/><T20/><REACH who="0" step="1"/><D54/><REACH who="0" ten="240,250,250,250" step="2"/><U33/><E33/><V49/><F87/><W104/><G127/><T52/><D52/><U12/><AGARI ba="0,1" hai="12,19,21,22,23,108,109,110" m="503,48745" machi="12" ten="40,8000,1" yaku="14,1,18,1,34,2,52,1" doraHai="4" who="1" fromWho="1" sc="240,-40,250,90,250,-20,250,-20" /><INIT seed="1,0,0,2,3,38" ten="200,340,230,230" oya="1" hai0="60,52,6,108,126,63,73,76,2,3,46,79,20" hai1="103,69,39,15,27,99,33,86,90,64,85,41,1" hai2="100,14,107,67,129,56,106,75,32,19,31,49,18" hai3="43,92,128,0,13,121,110,89,45,34,16,71,11"/><U104/><E1/><V23/><F75/><W62/><G121/><T112/><D112/><U91/><E15/><V118/><F118/><W109/><G34/><T58/><D108/><N who="3" m="41577" /><G128/><T61/><D126/><U77/><E77/><V70/><F129/><W29/><G29/><T72/><D46/><N who="1" m="23871" /><E86/><V117/><F117/><W12/><G0/><T87/><D20/><U40/><E85/><V55/><F100/><W4/><G62/><T42/><D42/><U102/><E102/><V8/><F70/><W28/><G71/><T96/><D96/><U111/><E40/><V132/><F67/><W88/><G28/><T50/><D87/><U83/><E83/><V7/><F132/><W57/><G57/><T30/><D30/><N who="1" m="19679" /><E111/><V5/><F5/><W21/><G92/><T94/><D94/><U123/><E123/><V125/><F125/><W66/><G66/><T37/><D37/><AGARI ba="0,0" hai="4,11,12,13,16,21,37,43,45,88,89" m="41577" machi="37" ten="30,7700,0" yaku="14,1,52,1,54,2" doraHai="38" who="3" fromWho="0" sc="200,-77,340,0,230,0,230,77" /><INIT seed="2,0,0,2,5,55" ten="123,340,230,307" oya="2" hai0="29,128,112,42,63,123,8,106,92,78,5,73,102" hai1="30,81,25,16,109,37,82,10,130,115,108,49,94" hai2="83,58,27,23,104,20,14,17,77,132,22,45,59" hai3="6,39,9,48,64,101,75,44,90,126,88,40,57"/><V99/><F132/><W56/><G126/><T54/><D128/><U86/><E37/><V118/><F118/><W67/><G75/><T116/><D123/><U7/><E115/><V13/><F45/><W134/><G134/><T50/><D112/><U120/><E130/><V84/><F104/><W28/><G101/><T131/><D131/><U47/><E16/><N who="2" m="10255" /><F99/><W85/><G28/><AGARI ba="0,0" hai="14,17,22,23,27,28,58,59,77,83,84" m="10255" machi="28" ten="30,11600,0" yaku="8,1,52,2,54,1" doraHai="55" who="2" fromWho="3" sc="123,0,340,0,230,116,307,-116" /><INIT seed="2,1,0,2,1,134" ten="123,340,346,191" oya="2" hai0="73,128,87,28,4,52,104,19,121,44,135,14,3" hai1="2,6,67,7,113,108,112,68,122,93,30,94,51" hai2="12,46,102,36,10,71,132,18,11,69,91,0,123" hai3="48,55,99,92,101,24,90,21,32,97,59,74,119"/><V100/><F123/><W81/><G119/><T16/><D121/><U60/><E108/><V95/><F132/><W130/><G130/><T80/><D135/><U125/><E125/><V65/><F102/><W13/><G32/><T111/><D73/><U8/><E122/><V83/><F100/><W75/><G13/><T53/><D111/><U26/><E7/><V40/><F83/><W41/><G41/><T33/><D104/><U27/><E27/><V96/><REACH who="2" step="1"/><F65/><REACH who="2" ten="123,340,336,191" step="2"/><W124/><G81/><T47/><D128/><U78/><E113/><V103/><F103/><W77/><G124/><T72/><D72/><U129/><E112/><V76/><F76/><W84/><G77/><T31/><D3/><U9/><E78/><V38/><F38/><W34/><G74/><T1/><D1/><U114/><E67/><V50/><F50/><W116/><G101/><T107/><D107/><U118/><E51/><V126/><F126/><W56/><G75/><T15/><D80/><U106/><E114/><V127/><F127/><W35/><G116/><T20/><D4/><AGARI ba="1,1" hai="0,4,10,11,12,18,36,40,46,69,71,91,95,96" machi="4" ten="40,3900,0" yaku="1,1,53,1" doraHai="134" doraHaiUra="43" who="2" fromWho="0" sc="123,-42,340,0,336,52,191,0" /><INIT seed="2,2,0,3,0,10" ten="81,340,388,191" oya="2" hai0="64,111,33,95,118,83,1,77,126,26,107,116,127" hai1="34,53,134,103,80,73,70,131,112,97,38,92,19" hai2="99,23,120,63,35,132,66,21,57,110,76,119,114" hai3="122,55,6,133,79,115,30,61,49,16,69,14,44"/><V43/><F114/><W58/><G122/><T78/><D1/><U108/><E70/><V94/><F120/><W93/><G115/><T29/><D107/><U13/><E38/><V124/><F119/><N who="0" m="45610" /><D111/><U5/><E131/><V12/><F110/><W50/><G133/><T130/><D130/><U15/><E34/><V81/><F35/><W41/><G6/><T52/><D64/><U62/><E134/><V90/><F124/><N who="0" m="47658" /><D95/><U4/><E92/><V105/><F132/><W39/><G30/><T20/><D33/><U0/><E0/><V86/><F43/><W106/><G106/><T96/><D96/><U22/><E4/><V67/><F67/><W9/><G69/><T117/><N who="0" m="45618" /><T91/><DORA hai="54" /><D52/><U65/><E53/><V100/><REACH who="2" step="1"/><F12/><REACH who="2" ten="81,340,378,191" step="2"/><W46/><G46/><T121/><D121/><U101/><E15/><V104/><F104/><W60/><G44/><T2/><D2/><U56/><E13/><V18/><F18/><W75/><G16/><T98/><D98/><AGARI ba="2,1" hai="21,23,57,63,66,76,81,86,90,94,98,99,100,105" machi="98" ten="30,5800,0" yaku="1,1,7,1,52,1,53,0" doraHai="10,54" doraHaiUra="37,27" who="2" fromWho="0" sc="81,-64,340,0,378,74,191,0" /><INIT seed="2,3,0,4,3,30" ten="17,340,452,191" oya="2" hai0="64,46,115,106,22,123,56,82,84,43,117,71,125" hai1="1,93,29,129,68,79,4,111,119,54,55,39,2" hai2="48,40,16,127,130,11,107,61,67,83,87,14,114" hai3="101,70,33,128,120,94,62,50,21,124,108,100,37"/><V41/><F107/><W60/><G120/><T32/><D123/><U133/><E39/><V45/><F114/><W113/><G37/><T121/><D121/><U132/><E68/><V9/><F130/><W102/><G113/><T109/><D115/><U38/><E38/><V31/><F31/><W24/><G108/><T57/><D109/><U122/><E29/><V104/><F104/><W110/><G110/><T34/><D106/><U97/><E111/><V75/><F75/><W118/><G33/><T63/><D125/><U27/><E27/><V91/><F127/><W65/><G118/><T15/><D117/><U96/><E122/><V89/><F89/><W3/><G3/><T8/><D22/><U26/><E26/><V103/><F103/><W88/><G128/><T23/><D23/><U95/><E79/><V66/><F9/><W74/><G74/><T77/><D56/><U135/><E4/><V73/><F73/><W10/><G10/><T25/><D25/><U12/><E12/><V98/><F98/><N who="1" m="37993" /><E129/><V58/><F67/><W81/><G81/><T116/><D71/><U5/><E5/><V72/><F72/><W99/><G124/><T47/><D116/><U28/><E28/><V13/><F13/><W6/><G6/><N who="0" m="3479" /><D46/><U59/><E59/><V0/><F0/><N who="1" m="105" /><E119/><V78/><F78/><W35/><G21/><T134/><D134/><U69/><E69/><V80/><F80/><W126/><G126/><T7/><D7/><U76/><E76/><V42/><AGARI ba="3,0" hai="11,14,16,40,41,42,45,48,58,61,66,83,87,91" machi="42" ten="20,7800,0" yaku="0,1,7,1,8,1,54,1" doraHai="30" who="2" fromWho="2" sc="17,-29,340,-29,452,87,191,-29" owari="-12,-51.2,311,11.1,539,63.9,162,-23.8" /></mjloggm>