<mjloggm ver="2.3"><GO type="225" lobby="0"/><UN n0="%E3%81%A9%E3%82%8F%E3%82%93%E3%81%94" n1="%E5%AF%82%E5%AF%9E%E3%82%AE%E3%83%8D%E3%82%B9%E3%83%93%E3%83%BC%E3%83%AB" n2="%45%6C%79%73%69%75%6D" n3="%E7%B4%94%E6%BD%94%E3%83%94%E3%83%A9%E3%83%8B%E3%82%A2" dan="16,16,17,16" rate="2165.39,2146.96,2077.53,2147.92" sx="M,M,F,M"/><TAIKYOKU oya="0"/><INIT seed="0,0,0,1,5,112" ten="250,250,250,250" oya="0" hai0="99,83,9,5,48,57,62,123,113,134,0,115,98" hai1="87,76,2,124,122,127,52,125,47,85,18,26,56" hai2="128,65,39,36,92,96,107,104,74,82,129,97,14" hai3="6,1,3,35,80,71,34,31,25,64,40,60,15"/><T102/><D123/><U19/><E122/><V16/><F65/><W79/><G35/><T101/><D134/><U109/><E109/><V12/><F82/><W95/><G95/><T51/><D83/><N who="1" m="47335" /><E2/><V61/><F61/><W119/><G119/><T121/><D121/><U69/><E69/><V59/><F59/><W11/><REACH who="3" step="1"/><G40/><REACH who="3" ten="250,250,250,240" step="2"/><T133/><D115/><U13/><E127/><V42/><F42/><W29/><G29/><T55/><D113/><U135/><E125/><V88/><F97/><W43/><G43/><T17/><D133/><U68/><E135/><V73/><F104/><W108/><G108/><T94/><D17/><U120/><E124/><V30/><F107/><AGARI ba="0,1" hai="0,5,9,48,51,55,57,62,94,98,99,101,102,107" machi="107" ten="30,1500,0" yaku="7,1" doraHai="112" who="0" fromWho="2" sc="250,25,250,0,250,-15,240,0" /><INIT seed="0,1,0,0,1,59" ten="275,250,235,240" oya="0" hai0="81,126,68,17,53,49,48,125,102,84,30,134,117" hai1="89,51,13,132,124,111,16,74,75,9,54,29,108" hai2="86,35,64,71,45,18,120,12,101,91,21,99,2" hai3="26,43,103,82,69,95,88,129,38,92,80,5,28"/><T56/><D117/><U6/><E132/><V52/><F2/><W34/><G129/><T85/><D134/><U76/><E124/><N who="0" m="47721" /><D68/><U90/><E29/><V50/><F120/><W7/><G69/><T61/><D30/><U10/><E90/><V110/><F110/><N who="1" m="42025" /><E89/><V24/><F35/><W47/><G95/><T36/><D36/><U97/><E97/><V14/><F64/><W130/><G130/><T98/><D81/><U109/><N who="1" m="42033" /><U67/><DORA hai="121" /><E67/><V93/><REACH who="2" step="1"/><F71/><REACH who="2" ten="275,250,225,240" step="2"/><W119/><G34/><T25/><D85/><U1/><E76/><V135/><F135/><W83/><G119/><T87/><D84/><U55/><E55/><V57/><F57/><AGARI ba="1,1" hai="1,6,9,10,13,16,51,54,57,74,75" m="42033" machi="57" ten="40,12000,2" yaku="14,1,52,4,54,1" doraHai="59,121" who="1" fromWho="2" sc="275,0,250,133,225,-123,240,0" /><INIT seed="1,0,0,5,5,90" ten="275,383,102,240" oya="1" hai0="10,126,92,55,15,83,62,2,124,60,39,17,6" hai1="122,19,23,36,72,108,103,3,133,78,121,41,14" hai2="47,129,30,38,107,113,95,94,116,27,0,11,115" hai3="70,68,112,26,100,89,52,22,69,61,73,110,97"/><U130/><E130/><V135/><F107/><W45/><G73/><T66/><D39/><U99/><E133/><V93/><F116/><W96/><G112/><N who="2" m="43081" /><F135/><W109/><G89/><T105/><D105/><U7/><E108/><N who="3" m="41578" /><G100/><T56/><D83/><U67/><E67/><V54/><F129/><W32/><G32/><T125/><D92/><N who="2" m="23554" /><V28/><DORA hai="9" /><F27/><W81/><G81/><T119/><D119/><U71/><E122/><V91/><F91/><W111/><G111/><T75/><D75/><U16/><E121/><V18/><F0/><W51/><G61/><N who="0" m="35999" /><D66/><U120/><E3/><V42/><F54/><W131/><G131/><T64/><D64/><U34/><E120/><V25/><F25/><W82/><G82/><T128/><D128/><U74/><E103/><V65/><F65/><W76/><G76/><T87/><D87/><U12/><E78/><V102/><F102/><W5/><G5/><T1/><D2/><U46/><E74/><V31/><F31/><AGARI ba="0,0" hai="22,26,31,45,51,52,68,69,70,96,97" m="41578" machi="31" ten="40,2600,0" yaku="14,1,54,1" doraHai="90,9" who="3" fromWho="2" sc="275,0,383,0,102,-26,240,26" /><INIT seed="2,0,0,0,3,49" ten="275,383,76,266" oya="2" hai0="40,50,53,73,84,63,129,33,47,92,0,6,28" hai1="57,65,14,112,34,123,55,13,42,124,101,11,100" hai2="16,17,61,67,56,9,107,69,36,111,99,79,48" hai3="12,19,74,77,98,88,5,130,59,43,29,20,116"/><V132/><F36/><W62/><G116/><T21/><D73/><U121/><E112/><V35/><F35/><W27/><G130/><T114/><D33/><U86/><E124/><V71/><F132/><W51/><G74/><T81/><D129/><U120/><E65/><V108/><F79/><W133/><G133/><T113/><D92/><U126/><E126/><V91/><F9/><W87/><G77/><T15/><D0/><U32/><E42/><V95/><F107/><W134/><G134/><T135/><D135/><U1/><E1/><V54/><REACH who="2" step="1"/><F71/><REACH who="2" ten="275,383,66,266" step="2"/><W89/><G5/><T127/><D114/><U64/><E34/><V24/><F24/><W44/><G98/><T90/><D113/><U45/><E32/><V37/><F37/><W60/><G87/><T39/><D127/><U93/><E86/><V30/><F30/><W4/><G4/><T118/><D118/><U110/><E11/><V78/><F78/><W82/><G29/><T46/><D6/><U104/><E104/><V125/><F125/><W58/><G27/><T38/><D39/><U119/><E119/><V96/><F96/><W72/><G72/><T8/><D28/><U103/><E123/><V128/><F128/><W3/><G3/><T75/><D75/><U31/><E31/><V109/><AGARI ba="0,1" hai="16,17,48,54,56,61,67,69,91,95,99,108,109,111" machi="109" ten="30,24000,3" yaku="1,1,0,1,14,1,10,1,52,1,54,1,53,3" doraHai="49" doraHaiUra="122" who="2" fromWho="2" sc="275,-80,383,-80,66,250,266,-80" /><INIT seed="2,1,0,3,3,104" ten="195,303,316,186" oya="2" hai0="43,72,78,20,42,57,128,45,36,24,19,9,118" hai1="28,119,46,110,26,0,115,84,40,91,111,127,15" hai2="61,121,35,109,87,134,66,10,103,102,129,70,53" hai3="85,5,8,58,38,29,106,114,123,69,79,32,126"/><V112/><F121/><W113/><G69/><T94/><D128/><U101/><E119/><V60/><F112/><N who="3" m="43115" /><G106/><T131/><D131/><U125/><E0/><V75/><F75/><W4/><G38/><T96/><D118/><U48/><E15/><V12/><F35/><W64/><G123/><T108/><D108/><N who="1" m="41515" /><E101/><V11/><F109/><W25/><G126/><T116/><D116/><U31/><E115/><V27/><F12/><W50/><G8/><T16/><D43/><U1/><E1/><V22/><F11/><W95/><G79/><T73/><D78/><U34/><E31/><V21/><F10/><W117/><G117/><T30/><D57/><U80/><AGARI ba="1,0" hai="26,28,34,40,46,48,80,84,91,125,127" m="41515" machi="80" ten="30,1100,0" yaku="14,1" doraHai="104" who="1" fromWho="1" sc="195,-4,303,14,316,-6,186,-4" /><INIT seed="3,0,0,4,4,87" ten="191,317,310,182" oya="3" hai0="82,94,89,0,124,132,38,116,107,128,4,6,27" hai1="105,120,16,104,97,134,47,52,1,31,66,32,99" hai2="100,88,49,67,61,113,45,7,56,129,11,44,59" hai3="9,122,43,92,24,91,83,15,51,14,110,71,25"/><W106/><G71/><T3/><D107/><U8/><E120/><V58/><F129/><W98/><G122/><T63/><D38/><U30/><E66/><V29/><F113/><W55/><G106/><T33/><D128/><U69/><E69/><V127/><F127/><W53/><G110/><T20/><D33/><U135/><E105/><V74/><F74/><W39/><G39/><T35/><D35/><U118/><E118/><V75/><F75/><W114/><G114/><T18/><D116/><U133/><E32/><V96/><F29/><N who="1" m="10761" /><E104/><V126/><F100/><W12/><G9/><T46/><D20/><U42/><E52/><N who="3" m="20042" /><G83/><T54/><D82/><U103/><E103/><V119/><F119/><W36/><G36/><T13/><D0/><U23/><E8/><V73/><F73/><W109/><G109/><T40/><D3/><U26/><E1/><V84/><F126/><W81/><G81/><T131/><D124/><U65/><E65/><V28/><F96/><W62/><G62/><T85/><D63/><U19/><E19/><V78/><F28/><W17/><G17/><T41/><D131/><U130/><E130/><V79/><F44/><AGARI ba="0,0" hai="12,14,15,24,25,43,44,51,91,92,98" m="20042" machi="44" ten="30,5800,0" yaku="8,1,52,1,54,1" doraHai="87" who="3" fromWho="2" sc="191,0,317,0,310,-58,182,58" /><INIT seed="3,1,0,5,0,120" ten="191,317,252,240" oya="3" hai0="111,97,38,77,36,22,80,47,46,93,127,82,94" hai1="105,17,64,84,129,121,39,16,85,35,18,30,115" hai2="79,55,45,10,54,76,112,103,58,87,40,41,117" hai3="101,134,15,4,34,99,116,75,9,66,135,107,26"/><W23/><G116/><T92/><D127/><U90/><E121/><V44/><F117/><W67/><G75/><T113/><D113/><U7/><E115/><V1/><F112/><W100/><G34/><T3/><D3/><U96/><E39/><V11/><F103/><W86/><G101/><T48/><D97/><U108/><E108/><V24/><F24/><W21/><G86/><T60/><D60/><U68/><E7/><V59/><F87/><W0/><G0/><AGARI ba="1,0" hai="0,1,10,11,40,41,44,45,54,55,58,59,76,79" machi="0" ten="25,1600,0" yaku="22,2" doraHai="120" who="2" fromWho="3" sc="191,0,317,0,252,19,240,-19" owari="191,-30.9,317,41.7,271,7.1,221,-17.9" /></mjloggm>