<mjloggm ver="2.3"><GO type="225" lobby="0"/><UN n0="%E3%81%B5%E3%81%98%E3%81%8B%E3%81%A4" n1="%E3%81%BF%E3%81%BF%E3%81%9A" n2="%4E%6F%2E%30%30%30%31" n3="%E3%81%8D%E3%82%85%E3%81%86" dan="16,16,18,16" rate="2193.34,2225.30,2186.33,2086.14" sx="M,M,M,M"/><TAIKYOKU oya="0"/><INIT seed="0,0,0,1,2,49" ten="250,250,250,250" oya="0" hai0="24,17,103,127,12,38,83,111,66,112,101,126,79" hai1="27,61,59,122,82,33,77,48,106,40,29,9,43" hai2="96,86,110,32,51,30,64,98,130,105,91,104,25" hai3="73,108,70,20,6,58,11,78,47,21,129,119,35"/><T125/><D112/><U117/><E117/><V121/><F121/><W5/><G70/><T123/><D123/><U3/><E122/><V60/><F110/><W19/><G119/><T120/><D120/><U87/><E106/><V94/><F130/><W90/><G90/><T8/><D111/><U54/><E3/><V81/><F51/><W107/><G107/><T55/><D38/><U42/><REACH who="1" step="1"/><E9/><REACH who="1" ten="250,240,250,250" step="2"/><V62/><F104/><W39/><G11/><T44/><D66/><U133/><E133/><V75/><F105/><W65/><G108/><T115/><D115/><U97/><E97/><V46/><F96/><W26/><G129/><T89/><D24/><U68/><E68/><V16/><F98/><W23/><G26/><T109/><D109/><U2/><E2/><V56/><F64/><W88/><G65/><T45/><D89/><U41/><E41/><V1/><F91/><W57/><G88/><T31/><D31/><U116/><E116/><V93/><F30/><W80/><G78/><T28/><D28/><U95/><E95/><V50/><F94/><W135/><G135/><T14/><D14/><U132/><E132/><V113/><F93/><W74/><G5/><T37/><D37/><U92/><E92/><V53/><F113/><W67/><G6/><T69/><D69/><U13/><E13/><V100/><F1/><W72/><G39/><T114/><D114/><U15/><E15/><V134/><F134/><W7/><G7/><T36/><D36/><U131/><E131/><V124/><F25/><W84/><G19/><T71/><D71/><U102/><E102/><RYUUKYOKU ba="0,1" sc="250,-10,240,30,250,-10,250,-10" hai1="27,29,33,40,42,43,48,54,59,61,77,82,87" /><INIT seed="1,1,1,5,0,77" ten="240,270,240,240" oya="1" hai0="34,37,115,8,25,53,128,59,132,51,1,20,60" hai1="3,2,55,48,89,73,61,24,123,101,38,13,70" hai2="41,92,5,31,58,14,116,35,64,7,76,4,63" hai3="23,68,126,40,65,75,28,33,19,105,67,80,131"/><U91/><E123/><V45/><F116/><W15/><G105/><T50/><D115/><U133/><E38/><V42/><F35/><W39/><G68/><T78/><D37/><U54/><E73/><V21/><F76/><W9/><G131/><T62/><D128/><U87/><E133/><V0/><F0/><W134/><G126/><T69/><D132/><U88/><E101/><V43/><F92/><W17/><G33/><T83/><D34/><U26/><E2/><V94/><F94/><W90/><G28/><T6/><D69/><U52/><E3/><V81/><F81/><W109/><G109/><T72/><REACH who="0" step="1"/><D62/><REACH who="0" ten="230,270,240,240" step="2"/><U56/><E70/><V125/><F125/><W12/><G134/><T74/><D74/><U30/><E48/><V117/><F117/><W95/><G75/><T71/><D71/><U96/><E96/><V82/><F82/><W18/><G39/><T108/><D108/><U32/><E26/><N who="2" m="16847" /><F14/><W107/><G80/><T110/><D110/><U135/><E135/><V46/><AGARI ba="1,2" hai="4,5,7,41,42,43,45,46,58,63,64" m="16847" machi="46" ten="40,1500,0" yaku="8,1" doraHai="77" who="2" fromWho="2" sc="230,-5,270,-8,240,38,240,-5" /><INIT seed="2,0,0,3,4,27" ten="225,262,278,235" oya="2" hai0="109,66,108,79,39,60,37,18,51,100,101,46,11" hai1="103,28,135,45,53,1,31,5,4,52,80,10,106" hai2="98,50,115,122,24,117,82,86,131,25,59,64,30" hai3="128,67,0,74,58,123,33,89,38,81,36,32,134"/><V57/><F115/><W120/><G0/><T111/><D79/><U88/><E135/><V48/><F117/><W121/><G134/><T93/><D11/><U41/><E5/><V87/><F122/><W14/><G128/><T130/><D130/><U7/><E7/><V129/><F98/><W55/><G14/><T61/><D18/><U99/><E88/><N who="2" m="51287" /><F87/><W124/><G67/><T8/><D8/><U132/><E132/><V6/><F6/><W72/><G124/><T13/><D13/><U118/><E80/><V69/><F69/><W49/><G74/><T119/><D119/><U75/><E75/><V12/><F12/><W62/><G72/><T95/><D66/><U22/><E118/><V23/><F129/><W116/><G116/><T110/><N who="0" m="27648" /><DORA hai="17" /><T97/><D61/><U126/><E126/><V43/><F131/><W73/><G62/><T107/><D60/><U92/><E106/><V47/><F64/><W42/><G123/><T85/><D107/><U29/><REACH who="1" step="1"/><E22/><REACH who="1" ten="225,252,278,235" step="2"/><N who="2" m="15639" /><F48/><AGARI ba="0,1" hai="1,4,10,28,29,31,41,45,48,52,53,92,99,103" machi="48" ten="40,8000,1" yaku="1,1,52,3,54,1,53,0" doraHai="27,17" doraHaiUra="76,56" who="1" fromWho="2" sc="225,0,252,90,278,-80,235,0" /><INIT seed="3,0,0,5,5,109" ten="225,342,198,235" oya="3" hai0="58,31,39,66,42,14,113,21,36,110,111,77,24" hai1="57,64,93,79,70,78,103,27,119,123,80,10,134" hai2="76,0,1,90,87,104,127,102,41,8,23,29,43" hai3="52,49,130,98,37,11,75,85,7,131,38,118,28"/><W83/><G75/><T4/><D113/><U50/><E123/><V44/><F127/><W132/><G98/><T86/><D77/><U40/><E70/><V35/><F35/><W126/><G132/><T20/><D86/><U107/><E107/><V56/><F76/><W117/><G28/><T54/><D66/><U16/><E134/><V129/><F129/><N who="3" m="49163" /><G126/><T30/><D4/><U133/><E133/><V135/><F135/><W114/><G114/><T2/><D2/><U94/><E119/><N who="3" m="45578" /><G85/><T62/><D42/><U71/><E71/><V125/><F43/><W106/><G83/><T92/><D92/><U96/><E80/><V47/><F125/><W97/><G97/><T121/><D121/><U51/><E94/><V101/><F104/><W17/><G17/><N who="0" m="10295" /><D31/><U115/><E115/><V124/><F124/><W65/><G65/><T112/><D112/><U22/><E10/><V3/><F8/><W48/><G48/><N who="1" m="18474" /><E40/><V82/><F41/><W32/><G32/><T45/><D45/><U100/><E103/><V26/><F101/><W19/><G19/><T81/><D81/><U12/><E27/><V91/><F102/><W89/><G89/><T84/><D84/><U120/><E120/><V15/><F91/><W116/><N who="3" m="45586" /><W73/><DORA hai="69" /><G73/><T72/><D72/><U9/><E22/><V108/><F23/><W59/><G106/><T33/><D33/><U63/><AGARI ba="0,0" hai="9,12,16,57,63,64,78,79,93,96,100" m="18474" machi="63" ten="30,2000,0" yaku="8,1,54,1" doraHai="109,69" who="1" fromWho="1" sc="225,-5,342,20,198,-5,235,-10" owari="220,-18.0,362,46.2,193,-30.7,225,2.5" /></mjloggm>