<mjloggm ver="2.3"><GO type="225" lobby="0"/><UN n0="%30%2E%31%32%30" n1="%E9%80%86%E9%80%A3%E5%B8%AF%E3%81%AE%E9%AC%BC" n2="%E5%8F%AF%E5%85%90%E9%82%A3%E7%94%B1%E5%A4%9A" n3="%E7%8D%A3%E8%87%AD%E3%81%84%E8%82%89%E7%90%83" dan="16,17,16,16" rate="2118.31,2131.65,2094.88,2120.23" sx="M,M,F,M"/><TAIKYOKU oya="0"/><INIT seed="0,0,0,0,3,96" ten="250,250,250,250" oya="0" hai0="17,102,122,127,74,100,11,28,85,37,47,1,54" hai1="9,123,26,105,78,124,57,135,77,92,69,43,12" hai2="19,80,98,88,94,95,63,59,24,107,118,49,76" hai3="75,99,68,114,7,91,112,64,27,70,89,53,125"/><T106/><D122/><U60/><E105/><V58/><F118/><W81/><G125/><T36/><D106/><U41/><E124/><V21/><F107/><W39/><G39/><T16/><D74/><U45/><E69/><V65/><F95/><W6/><G27/><T117/><D127/><U103/><E135/><V55/><F80/><W50/><G75/><T46/><D28/><U30/><E123/><V62/><F49/><W44/><G70/><T5/><D85/><U52/><E43/><V31/><F31/><W130/><G130/><T97/><D97/><U113/><E113/><V115/><REACH who="2" step="1"/><F76/><REACH who="2" ten="250,250,240,250" step="2"/><W20/><G81/><T73/><D117/><U129/><E129/><V90/><F90/><W110/><G91/><T23/><D36/><U25/><E30/><V40/><F40/><W133/><G89/><T84/><D37/><U38/><E78/><V108/><F108/><W82/><G110/><T119/><D119/><U2/><E77/><V67/><F67/><W87/><G64/><T116/><D116/><U71/><E92/><V93/><F93/><W66/><G66/><T4/><D102/><U72/><E103/><V86/><F86/><W56/><G87/><T13/><D100/><U104/><E72/><V48/><F48/><W121/><G82/><T132/><D84/><U51/><E104/><V101/><F101/><W61/><G121/><T120/><D120/><U33/><E38/><V128/><F128/><W0/><G114/><AGARI ba="0,1" hai="19,21,24,55,58,59,62,63,65,88,94,98,114,115" machi="114" ten="40,8000,1" yaku="1,1,25,2,54,1,53,1" doraHai="96" doraHaiUra="14" who="2" fromWho="3" sc="250,0,250,0,240,90,250,-80" /><INIT seed="1,0,0,3,3,119" ten="250,250,330,170" oya="1" hai0="75,6,63,128,78,129,92,32,31,57,7,71,61" hai1="89,81,107,25,103,68,123,24,20,127,105,22,14" hai2="118,116,79,82,29,58,17,72,66,102,100,124,91" hai3="54,19,113,114,35,62,23,115,73,99,28,74,30"/><U5/><E68/><V86/><F124/><W97/><G54/><N who="0" m="33975" /><D92/><U4/><E127/><V3/><F3/><W45/><G62/><T59/><D71/><U49/><E49/><V90/><F29/><W2/><G45/><T110/><D110/><U10/><E4/><V135/><F135/><W38/><G2/><T134/><D78/><U44/><E44/><V122/><F66/><W56/><G56/><T96/><D96/><U9/><E9/><V53/><F17/><W37/><G35/><T15/><D15/><U76/><E89/><N who="2" m="33803" /><F53/><W13/><G28/><T117/><D117/><N who="2" m="45162" /><F58/><W98/><REACH who="3" step="1"/><G30/><REACH who="3" ten="250,250,330,160" step="2"/><T16/><D31/><U65/><E65/><V88/><F122/><W50/><G50/><T83/><D32/><U120/><E120/><V125/><F125/><W52/><G52/><T121/><D121/><U48/><E123/><V80/><AGARI ba="0,1" hai="72,79,80,82,86,88,100,102" m="45162,33803" machi="80" ten="30,4000,0" yaku="34,2,54,1" doraHai="119" who="2" fromWho="2" sc="250,-10,250,-20,330,50,160,-10" /><INIT seed="2,0,0,0,0,5" ten="240,230,380,150" oya="2" hai0="62,9,97,67,123,46,22,99,128,135,61,19,94" hai1="124,13,109,119,92,24,37,27,126,18,84,71,15" hai2="43,110,41,80,16,129,90,73,134,96,118,14,74" hai3="7,132,60,65,115,12,6,11,21,114,29,53,54"/><V8/><F118/><W76/><G132/><T35/><D35/><U39/><E71/><V10/><F134/><W28/><G76/><T45/><D135/><U69/><E69/><V33/><F33/><W120/><G120/><T56/><D128/><U75/><E75/><V77/><F74/><W113/><G6/><T106/><D106/><U57/><E119/><V127/><F129/><W34/><G34/><T133/><D133/><U100/><E109/><V38/><F110/><W88/><G88/><N who="0" m="55495" /><D123/><U122/><E122/><V59/><F127/><W40/><G40/><T64/><D99/><U87/><E57/><V131/><F131/><W50/><G21/><T85/><D85/><U125/><E92/><V20/><F59/><W112/><N who="3" m="28672" /><DORA hai="52" /><W49/><G53/><N who="0" m="33935" /><D22/><U55/><E125/><V107/><F43/><W70/><REACH who="3" step="1"/><G50/><REACH who="3" ten="240,230,380,140" step="2"/><T83/><D83/><U98/><E126/><V108/><F41/><W31/><G31/><T91/><D91/><U68/><E124/><V36/><F90/><W82/><G82/><T79/><D79/><U104/><E39/><V105/><F38/><W102/><G102/><T1/><D1/><U44/><E37/><V48/><F36/><W116/><G116/><T78/><D78/><U89/><E100/><V93/><F48/><W58/><AGARI ba="0,1" hai="7,11,12,28,29,49,54,58,60,65,70" m="28672" machi="58" ten="60,8000,1" yaku="1,1,0,1,11,1,52,2,53,0" doraHai="5,52" doraHaiUra="130,101" who="3" fromWho="3" sc="240,-20,230,-20,380,-40,140,90" /><INIT seed="3,0,0,3,1,50" ten="220,210,340,230" oya="3" hai0="72,45,9,110,12,0,49,131,40,26,102,66,135" hai1="68,5,126,132,64,27,88,18,46,128,24,20,58" hai2="95,103,79,84,86,7,127,121,31,99,51,133,33" hai3="111,73,70,85,61,93,109,67,47,19,48,94,107"/><W15/><G73/><T101/><D72/><U6/><E132/><V52/><F133/><W76/><G107/><T2/><D135/><U30/><E128/><V35/><F127/><W90/><G76/><T63/><D131/><U82/><E68/><V83/><F121/><W87/><G87/><T1/><D26/><U123/><E126/><V108/><F108/><N who="3" m="41547" /><G85/><T113/><D113/><U125/><E123/><V23/><F7/><W77/><G77/><T80/><D80/><U62/><E125/><V57/><F86/><W129/><G90/><T134/><D134/><U81/><E46/><V42/><F42/><N who="3" m="24695" /><G129/><T117/><D117/><U22/><E88/><V17/><F31/><W55/><G55/><T16/><REACH who="0" step="1"/><D110/><REACH who="0" ten="210,210,340,230" step="2"/><U59/><E59/><AGARI ba="0,1" hai="0,1,2,9,12,16,40,45,49,59,63,66,101,102" machi="59" ten="40,5200,0" yaku="1,1,2,1,54,1,53,0" doraHai="50" doraHaiUra="28" who="0" fromWho="1" sc="210,62,210,-52,340,0,230,0" owari="272,7.2,158,-34.2,340,44.0,230,-17.0" /></mjloggm>