<mjloggm ver="2.3"><GO type="225" lobby="0"/><UN n0="%E6%A1%9C%E8%8A%B1%E9%96%83%E3%80%85" n1="%E3%81%9F%E3%81%A3%E3%81%A1%E3%82%87" n2="%E3%81%A1%E3%82%85%E3%81%86%E3%81%A9%E3%81%8F%E8%B1%A1%E3%81%95%E3%82%93" n3="%E6%80%AA%E3%81%97%E3%81%99%E3%81%8E%E3%82%8B%E3%83%81%E3%83%BC" dan="18,16,16,16" rate="2247.52,2110.27,2152.04,2185.20" sx="M,M,M,M"/><TAIKYOKU oya="0"/><INIT seed="0,0,0,0,3,65" ten="250,250,250,250" oya="0" hai0="111,98,102,121,10,46,109,6,95,122,126,27,118" hai1="107,21,45,85,116,12,82,8,67,58,41,76,2" hai2="120,18,78,74,11,20,57,87,129,9,75,119,29" hai3="40,86,17,16,100,36,101,135,83,24,114,56,37"/><T23/><D118/><U80/><E116/><V47/><F119/><W15/><G114/><T72/><D72/><U79/><E107/><V64/><F120/><W28/><G135/><T91/><D46/><U130/><E130/><V33/><F129/><W35/><G56/><T13/><D126/><U94/><E94/><V90/><F47/><W39/><G40/><T1/><D91/><U22/><E2/><V105/><F105/><W60/><G60/><T14/><D122/><U31/><E67/><V54/><F64/><W34/><G34/><T134/><D134/><U97/><E97/><V38/><F38/><W4/><G4/><T68/><D68/><U66/><E31/><V59/><F33/><W55/><G55/><T108/><REACH who="0" step="1"/><D121/><REACH who="0" ten="240,250,250,250" step="2"/><U125/><E58/><V43/><F74/><W123/><G123/><T63/><D63/><U7/><E125/><V5/><F75/><W51/><G100/><T26/><D26/><U128/><E128/><V132/><F59/><W81/><G101/><T69/><D69/><U99/><E99/><V49/><F132/><W52/><G24/><T77/><D77/><U42/><E79/><V32/><F78/><W106/><G86/><T30/><AGARI ba="0,1" hai="1,6,10,13,14,23,27,30,95,98,102,108,109,111" machi="30" ten="30,11700,0" yaku="1,1,0,1,14,1,10,1,53,0" doraHai="65" doraHaiUra="53" who="0" fromWho="0" sc="240,127,250,-39,250,-39,250,-39" /><INIT seed="0,1,0,3,3,6" ten="367,211,211,211" oya="0" hai0="1,92,15,41,8,16,29,54,75,17,66,77,33" hai1="44,67,73,72,88,107,113,94,51,21,109,28,122" hai2="111,14,125,32,38,22,56,119,87,118,35,112,108" hai3="48,43,31,2,34,9,130,46,11,69,91,30,23"/><T86/><D66/><U95/><E122/><V27/><F38/><W60/><G2/><T103/><D41/><U19/><E109/><N who="2" m="42059" /><F56/><W133/><G34/><N who="2" m="12841" /><F87/><W98/><G133/><T20/><D75/><U7/><E107/><V18/><F112/><W78/><G130/><T120/><D120/><U53/><E113/><V45/><F45/><W115/><G115/><T40/><D40/><U70/><E72/><V59/><F59/><W50/><G50/><T68/><D1/><U127/><E95/><V102/><F102/><W65/><G78/><T62/><D29/><U106/><E28/><N who="2" m="17527" /><F125/><W83/><G30/><T116/><D33/><U58/><E127/><V42/><F42/><W49/><G49/><T76/><D68/><U5/><E70/><V71/><F71/><W63/><G63/><T100/><D54/><N who="1" m="30055" /><E73/><V64/><F64/><W10/><G83/><T114/><D62/><N who="1" m="36175" /><E67/><V55/><F55/><W57/><G69/><T85/><D92/><U134/><E106/><V104/><F104/><W80/><G80/><T81/><D81/><U129/><E129/><V128/><F128/><W12/><G98/><T52/><D114/><U105/><E105/><V89/><F89/><W124/><G124/><T47/><D103/><U13/><E134/><V79/><F79/><W96/><G91/><T131/><D100/><U110/><E110/><V26/><F26/><N who="3" m="16863" /><G96/><AGARI ba="1,0" hai="5,7,13,19,21,88,94,96" m="36175,30055" machi="96" ten="30,2000,0" yaku="8,1,54,1" doraHai="6" who="1" fromWho="3" sc="367,0,211,23,211,0,211,-23" /><INIT seed="1,0,0,4,1,30" ten="367,234,211,188" oya="1" hai0="83,43,78,129,125,110,79,35,41,108,93,70,53" hai1="121,5,112,42,91,102,66,103,73,29,1,55,116" hai2="27,51,4,13,7,61,44,47,16,49,38,100,31" hai3="32,57,107,45,101,10,88,99,36,98,118,24,33"/><U48/><E116/><V21/><F38/><W89/><G118/><T126/><D70/><U128/><E112/><V15/><F100/><W25/><G10/><T86/><D129/><U20/><E121/><V76/><F76/><W50/><G57/><T40/><D78/><U69/><E73/><V109/><F109/><N who="0" m="42090" /><D35/><U92/><E5/><V17/><F61/><W115/><G36/><T114/><D114/><U111/><E1/><V52/><F17/><W90/><G99/><T132/><D132/><U71/><E42/><V82/><F82/><W130/><G130/><T74/><D53/><U56/><E128/><V58/><F15/><W95/><G107/><T117/><D117/><U105/><E105/><V97/><F97/><W8/><G8/><T11/><D11/><U63/><E69/><V67/><F67/><W119/><G115/><T135/><D135/><U94/><E111/><V134/><F134/><W19/><G119/><T87/><D93/><U37/><E94/><V64/><F64/><W127/><G127/><AGARI ba="0,0" hai="40,41,43,74,79,83,86,87,125,126,127" m="42090" machi="127" ten="40,2600,0" yaku="18,1,14,1" doraHai="30" who="0" fromWho="3" sc="367,26,234,0,211,0,188,-26" /><INIT seed="2,0,0,3,4,37" ten="393,234,211,162" oya="2" hai0="8,83,75,121,120,55,1,46,133,2,98,126,28" hai1="114,58,110,77,94,128,10,111,19,30,47,21,116" hai2="51,90,64,26,22,57,54,12,29,42,76,14,100" hai3="92,118,93,131,122,6,70,106,40,66,65,5,56"/><V125/><F125/><W129/><G106/><T61/><D126/><U48/><E114/><V32/><F100/><W59/><G70/><T105/><D28/><U4/><E116/><V72/><F64/><N who="3" m="24683" /><G122/><T107/><D61/><U81/><E128/><N who="3" m="49226" /><G118/><T84/><D55/><U134/><E58/><N who="3" m="22058" /><G40/><T119/><D105/><U101/><E110/><V108/><F108/><W89/><G89/><T44/><D107/><U34/><E111/><V67/><F67/><W74/><G74/><T115/><D75/><U112/><E30/><V80/><F90/><W63/><G63/><T9/><D119/><U38/><E34/><V130/><F130/><W104/><G104/><T15/><D120/><U27/><E101/><V62/><REACH who="2" step="1"/><F32/><REACH who="2" ten="393,234,201,162" step="2"/><W91/><G91/><T16/><D121/><U23/><E77/><V3/><F3/><W88/><G93/><T0/><D1/><U43/><E94/><V123/><F123/><W79/><G79/><T82/><D0/><U87/><E81/><V102/><F102/><W25/><G25/><T60/><D2/><U78/><E27/><V7/><F7/><W24/><G24/><T35/><D83/><U17/><E4/><V73/><F73/><W33/><G33/><T69/><D82/><U53/><E78/><V71/><F71/><W45/><G6/><T85/><D69/><U41/><E112/><V11/><F11/><W86/><G5/><T49/><D8/><U124/><E10/><V103/><F103/><W50/><G50/><T52/><D9/><U99/><E124/><V127/><F127/><W109/><G109/><T31/><D49/><RYUUKYOKU ba="0,1" sc="393,-15,234,-15,201,15,162,15" hai2="12,14,22,26,29,42,51,54,57,62,72,76,80" hai3="45,86,88,92" /><INIT seed="2,1,1,0,5,88" ten="378,219,216,177" oya="2" hai0="115,32,92,30,135,80,13,102,125,117,75,123,94" hai1="113,103,56,36,63,69,12,55,86,83,131,47,121" hai2="19,85,118,53,106,59,46,1,62,73,6,133,100" hai3="43,44,81,51,31,87,109,70,35,64,48,120,126"/><V132/><F118/><W105/><G120/><T78/><D115/><U16/><E113/><V57/><F73/><W104/><G109/><T26/><D123/><U33/><E121/><V111/><F19/><W82/><G126/><T39/><D125/><U22/><E33/><V20/><F20/><W91/><G48/><T124/><D124/><U76/><E131/><V77/><F111/><W95/><G104/><T41/><D117/><U3/><E3/><V110/><F110/><W119/><G105/><T60/><D135/><N who="2" m="51786" /><F46/><W97/><G119/><T66/><D102/><U96/><E69/><V127/><F127/><W129/><G129/><T99/><D99/><U84/><E36/><V122/><F122/><W114/><G114/><T72/><D72/><U17/><E17/><V40/><F40/><W4/><G4/><T2/><D2/><U14/><E47/><V89/><F77/><W23/><G35/><T8/><D41/><U74/><E12/><V9/><F57/><W45/><G45/><T79/><D79/><U29/><E29/><V5/><F5/><W27/><REACH who="3" step="1"/><G97/><REACH who="3" ten="378,219,216,167" step="2"/><T116/><D116/><U68/><E68/><V128/><F128/><W0/><G0/><T34/><D34/><U11/><E22/><V52/><F106/><AGARI ba="1,2" hai="11,14,16,55,56,63,74,76,83,84,86,96,103,106" machi="106" ten="30,2000,0" yaku="7,1,54,1" doraHai="88" who="1" fromWho="2" sc="378,0,219,43,216,-23,167,0" /><INIT seed="3,0,0,0,1,22" ten="378,262,193,167" oya="3" hai0="54,17,43,108,42,39,62,134,112,19,109,71,118" hai1="113,55,12,34,123,11,132,49,45,86,94,61,6" hai2="101,74,21,58,85,64,63,75,82,20,125,59,16" hai3="128,93,129,131,41,56,28,90,105,3,110,107,69"/><W117/><G117/><T98/><D118/><U96/><E113/><V127/><F101/><W106/><G69/><T133/><D112/><U80/><E132/><N who="0" m="50793" /><D98/><U14/><E123/><V5/><F5/><W99/><G3/><T97/><D97/><U60/><E34/><V70/><F58/><W46/><G56/><N who="0" m="35095" /><D71/><U27/><E12/><N who="2" m="9223" /><F21/><W52/><G110/><N who="0" m="42603" /><D43/><U13/><E94/><V67/><F70/><W36/><REACH who="3" step="1"/><G28/><REACH who="3" ten="378,262,193,157" step="2"/><T68/><D68/><U9/><E61/><V78/><F64/><W81/><G81/><T57/><D57/><U30/><E60/><V10/><F74/><W104/><N who="3" m="26624" /><DORA hai="103" /><W24/><G24/><T135/><D135/><U23/><E80/><V114/><F75/><W116/><G116/><T126/><D126/><N who="2" m="48138" /><F114/><W53/><AGARI ba="0,1" hai="36,41,46,52,53,90,93,99,128,129,131" m="26624" machi="53" ten="70,24000,3" yaku="1,1,0,1,19,1,52,4,54,1,53,0" doraHai="22,103" doraHaiUra="130,4" who="3" fromWho="3" sc="378,-80,262,-80,193,-80,157,250" owari="298,9.8,182,-21.8,113,-38.7,407,50.7" /></mjloggm>