<mjloggm ver="2.3"><GO type="225" lobby="0"/><UN n0="%E3%81%A1%E3%82%85%E3%81%86%E3%81%A9%E3%81%8F%E8%B1%A1%E3%81%95%E3%82%93" n1="%33%74%72%65%65" n2="%73%6C%69%63%6B%33%31%39" n3="%E3%81%AF%E3%82%88%E3%81%8A%E3%81%98%E3%81%95%E3%82%93" dan="17,17,17,16" rate="2194.42,2214.16,2184.58,2103.59" sx="M,F,M,M"/><TAIKYOKU oya="0"/><INIT seed="0,0,0,5,5,42" ten="250,250,250,250" oya="0" hai0="94,50,19,119,103,84,86,107,97,134,129,106,33" hai1="110,69,130,45,30,78,7,108,118,21,12,54,47" hai2="125,98,73,81,31,114,83,66,64,62,43,91,9" hai3="14,0,56,127,95,20,92,121,44,126,3,38,46"/><T132/><D33/><U23/><E118/><V1/><F114/><W133/><G133/><N who="0" m="51307" /><D119/><U58/><E69/><V79/><F125/><N who="3" m="47627" /><G121/><T49/><D129/><U18/><E130/><V22/><F31/><W57/><G38/><T85/><D19/><U100/><E100/><V48/><F22/><W60/><G57/><T36/><D36/><U32/><E32/><V76/><F91/><W131/><G131/><T8/><D8/><U99/><E99/><V15/><F98/><W135/><G135/><T11/><D11/><U59/><E7/><V123/><F1/><N who="3" m="587" /><G14/><T25/><D25/><N who="1" m="16687" /><E59/><V40/><F123/><W34/><G20/><T10/><D10/><U77/><E108/><V24/><F24/><W122/><G122/><T55/><D49/><N who="1" m="31055" /><E110/><V96/><F96/><W105/><G105/><T93/><D106/><U51/><E51/><V68/><F48/><W124/><N who="3" m="47635" /><W16/><DORA hai="82" /><G16/><T116/><D116/><U63/><E63/><N who="2" m="39967" /><F15/><W74/><G74/><T104/><D104/><U53/><E53/><V80/><F9/><W4/><G4/><T117/><D117/><U28/><E28/><V70/><F73/><W39/><G39/><T13/><D13/><U65/><E65/><V26/><F26/><W37/><G37/><T41/><D41/><U5/><E5/><V112/><F112/><W113/><G113/><T71/><D71/><U67/><E67/><V120/><F120/><W87/><G34/><T102/><D102/><U128/><E128/><V101/><F101/><W2/><N who="3" m="595" /><W72/><DORA hai="29" /><G72/><T111/><D111/><U6/><E6/><RYUUKYOKU ba="0,0" sc="250,10,250,10,250,10,250,-30" hai0="50,55,84,85,86,93,94,97,103,107" hai1="12,18,23,45,47,77,78" hai2="40,43,62,66,70,76,79,80,81,83" /><INIT seed="0,1,0,1,5,23" ten="260,260,260,220" oya="0" hai0="21,88,109,95,107,110,125,16,54,8,4,20,37" hai1="99,5,106,121,28,96,34,58,80,105,133,7,67" hai2="102,11,83,126,86,135,132,123,57,15,101,112,26" hai3="128,14,32,39,33,81,72,19,18,117,29,50,47"/><T41/><D107/><U51/><E121/><V79/><F112/><W103/><G117/><T38/><D125/><U25/><E133/><N who="2" m="51275" /><F123/><W92/><G128/><T36/><D41/><U53/><E67/><V59/><F126/><W122/><G39/><T78/><D78/><U66/><E66/><V108/><F108/><N who="0" m="41578" /><D54/><U10/><E80/><V85/><F85/><W134/><G122/><T76/><D76/><U12/><REACH who="1" step="1"/><E5/><REACH who="1" ten="260,250,260,220" step="2"/><N who="2" m="3567" /><F26/><W69/><G81/><T82/><D82/><U124/><E124/><V104/><F104/><AGARI ba="1,1" hai="7,10,12,25,28,34,51,53,58,96,99,104,105,106" machi="104" ten="40,2600,0" yaku="1,1,52,1,53,0" doraHai="23" doraHaiUra="56" who="1" fromWho="2" sc="260,0,250,39,260,-29,220,0" /><INIT seed="1,0,0,5,2,114" ten="260,289,231,220" oya="1" hai0="124,53,36,113,106,1,62,76,46,56,111,65,58" hai1="35,90,49,96,84,82,17,71,57,127,24,101,85" hai2="93,83,70,23,130,32,120,132,74,33,29,126,69" hai3="105,112,75,7,103,40,51,25,134,54,100,118,68"/><U59/><E127/><V116/><F120/><W95/><G112/><T11/><D106/><U2/><E71/><V123/><F123/><W13/><G68/><T37/><D113/><U4/><E2/><V92/><F126/><W55/><G75/><T48/><D76/><U52/><E4/><V3/><F3/><W99/><G134/><T94/><D94/><N who="1" m="58519" /><E35/><V104/><F104/><W16/><G105/><T38/><D11/><U26/><E17/><V102/><F132/><W86/><G118/><T109/><D1/><U125/><E125/><V20/><F102/><W14/><G103/><T119/><D119/><U128/><E128/><V135/><F83/><W97/><G97/><T15/><D15/><N who="3" m="5641" /><G86/><T133/><D133/><U27/><E84/><V21/><F135/><W81/><G81/><T12/><D12/><U9/><E9/><V41/><F20/><N who="3" m="13447" /><G7/><T60/><REACH who="0" step="1"/><D124/><REACH who="0" ten="250,289,231,220" step="2"/><U42/><E42/><AGARI ba="0,1" hai="36,37,38,42,46,48,53,56,58,60,62,65,109,111" machi="42" ten="40,8000,1" yaku="1,1,2,1,34,3,53,0" doraHai="114" doraHaiUra="8" who="0" fromWho="1" sc="250,90,289,-80,231,0,220,0" /><INIT seed="2,0,0,1,3,27" ten="340,209,231,220" oya="2" hai0="94,17,46,83,34,9,91,65,69,84,133,15,0" hai1="85,35,7,119,74,110,6,86,112,103,92,101,41" hai2="25,33,2,43,105,59,45,55,95,90,63,8,126" hai3="4,89,60,135,31,64,30,57,39,121,24,16,66"/><V87/><F126/><W104/><G121/><T100/><D34/><U134/><E112/><V26/><F105/><W38/><G104/><T47/><D0/><U54/><E119/><V68/><F68/><W32/><G4/><N who="1" m="1578" /><E74/><V13/><F2/><W123/><G123/><T71/><D133/><U42/><E35/><V127/><F127/><W116/><G116/><T77/><D100/><N who="1" m="38475" /><E134/><V22/><F33/><W28/><G135/><T115/><D115/><U12/><E110/><V61/><F61/><W97/><G32/><T93/><D93/><U81/><E12/><V79/><F79/><W14/><G24/><T37/><D65/><U51/><E92/><V21/><F8/><W114/><G114/><T48/><D37/><U56/><E85/><V78/><F13/><W18/><G18/><T82/><D82/><U88/><AGARI ba="0,0" hai="41,42,51,54,56,81,86,88" m="38475,1578" machi="88" ten="30,2000,0" yaku="8,1,54,1" doraHai="27" who="1" fromWho="1" sc="340,-5,209,20,231,-10,220,-5" /><INIT seed="3,0,0,1,3,66" ten="335,229,221,215" oya="3" hai0="17,68,103,29,30,53,49,36,18,98,135,50,26" hai1="1,86,54,116,102,7,134,79,83,45,114,100,96" hai2="109,93,4,130,61,113,108,131,104,72,121,97,82" hai3="23,105,70,14,40,19,87,67,52,89,8,99,10"/><W35/><G35/><T48/><D36/><U55/><E114/><V6/><F113/><W129/><G129/><N who="2" m="49161" /><F104/><W9/><G40/><T110/><D29/><U47/><E134/><V43/><F43/><W71/><G67/><T112/><D112/><U44/><E116/><V11/><F61/><W28/><G28/><T0/><D0/><U94/><E1/><N who="2" m="399" /><F6/><W73/><G73/><T74/><D135/><U42/><E42/><V22/><F22/><W56/><G99/><T128/><D74/><U51/><E7/><V101/><F121/><W34/><G105/><T64/><D128/><U85/><E51/><V77/><AGARI ba="0,0" hai="72,77,82,93,97,101,108,109" m="399,49161" machi="77" ten="30,1100,0" yaku="19,1" doraHai="66" who="2" fromWho="2" sc="335,-3,229,-3,221,11,215,-5" owari="332,43.2,226,-17.4,232,3.2,210,-29.0" /></mjloggm>