<mjloggm ver="2.3"><GO type="225" lobby="0"/><UN n0="%E5%84%AA%40%41%42%43" n1="%6A%70%74%77%61%32" n2="%E5%A4%96%E5%B7%9D%E7%AB%9C%E6%88%90" n3="%E8%81%B7%E6%A5%AD%E3%80%81%E9%A2%A8%32" dan="17,16,16,16" rate="2251.41,2056.57,2181.39,2160.90" sx="M,M,M,M"/><TAIKYOKU oya="0"/><INIT seed="0,0,0,4,0,67" ten="250,250,250,250" oya="0" hai0="2,94,77,0,28,109,52,72,82,133,24,114,102" hai1="110,99,50,108,23,68,26,1,120,47,111,17,20" hai2="54,7,91,4,8,87,18,37,124,97,45,121,74" hai3="12,125,19,76,79,14,89,3,134,16,98,104,48"/><T56/><D114/><U42/><E120/><V123/><F74/><W58/><G3/><T132/><D102/><U105/><E1/><V5/><F124/><W78/><G134/><N who="0" m="51819" /><D94/><U25/><E68/><V117/><F97/><W65/><G125/><T44/><D44/><U33/><E33/><V31/><F31/><W129/><G129/><T51/><D109/><U11/><E11/><V46/><F117/><W62/><G48/><T130/><D130/><U73/><E73/><V101/><F101/><W66/><G104/><T53/><D53/><U122/><E122/><V35/><F46/><W22/><G66/><T103/><D103/><N who="1" m="62719" /><E23/><AGARI ba="0,0" hai="0,2,23,24,28,51,52,56,72,77,82" m="51819" machi="23" ten="30,2900,0" yaku="20,1,54,1" doraHai="67" who="0" fromWho="1" sc="250,29,250,-29,250,0,250,0" /><INIT seed="0,1,0,0,4,130" ten="279,221,250,250" oya="0" hai0="81,28,29,73,133,90,85,107,76,5,78,32,123" hai1="135,31,102,54,94,68,36,119,134,86,98,91,72" hai2="95,23,22,82,99,19,48,70,14,127,109,105,4" hai3="93,100,20,60,16,71,3,88,110,37,10,112,27"/><T106/><D5/><U75/><E119/><V92/><F70/><W25/><G110/><T47/><D32/><U57/><E68/><V18/><F109/><W67/><G37/><T13/><D123/><U12/><E36/><V103/><F127/><W55/><G112/><T41/><D133/><N who="1" m="50699" /><E12/><V0/><F48/><W50/><G100/><T8/><D106/><N who="1" m="63831" /><E31/><N who="0" m="11849" /><D107/><U64/><E64/><V125/><F125/><W128/><G128/><T6/><D73/><U115/><E115/><V52/><F0/><W114/><G114/><T35/><D35/><U108/><E108/><V111/><F111/><W65/><G65/><T39/><D39/><U77/><E77/><N who="0" m="29801" /><D47/><U84/><E84/><V87/><F4/><W101/><G3/><T63/><D41/><U131/><E131/><V126/><F126/><W11/><G27/><T49/><D49/><AGARI ba="1,0" hai="49,54,57,72,75,86,91,94" m="63831,50699" machi="49" ten="30,7700,0" yaku="20,1,52,3" doraHai="130" who="1" fromWho="0" sc="279,-80,221,80,250,0,250,0" /><INIT seed="1,0,0,5,5,17" ten="199,301,250,250" oya="1" hai0="24,106,38,92,56,30,70,96,120,84,40,87,107" hai1="108,100,135,123,3,67,131,91,110,93,55,89,134" hai2="130,90,117,36,101,79,15,75,6,109,83,60,22" hai3="114,102,125,59,45,113,41,33,21,19,37,42,105"/><U49/><E123/><V119/><F36/><W5/><G33/><T2/><D120/><U133/><E3/><V99/><F109/><N who="1" m="42089" /><E67/><V47/><F47/><W27/><G125/><T0/><D70/><U80/><E131/><V50/><F50/><W52/><G42/><T43/><D38/><U12/><E12/><V25/><F130/><W76/><G5/><T62/><D106/><U8/><E8/><V73/><F73/><W18/><G76/><T104/><D104/><U34/><E34/><V10/><F90/><W64/><G64/><T74/><D107/><U97/><E80/><V81/><F81/><W128/><G128/><T51/><D74/><U11/><E11/><V63/><F117/><W23/><G102/><T95/><D2/><U29/><E29/><V58/><F119/><W65/><G105/><T129/><D0/><U111/><N who="1" m="42097" /><U16/><DORA hai="72" /><E16/><V7/><F7/><W54/><G65/><N who="0" m="39111" /><D129/><U57/><AGARI ba="0,0" hai="49,55,57,89,91,93,97,100,133,134,135" m="42097" machi="57" ten="50,9600,0" yaku="20,1,14,1,10,1" doraHai="17,72" who="1" fromWho="1" sc="199,-32,301,96,250,-32,250,-32" /><INIT seed="1,1,0,1,4,44" ten="167,397,218,218" oya="1" hai0="47,69,15,36,65,0,120,106,107,97,3,130,103" hai1="68,16,124,116,20,66,57,12,40,32,76,4,117" hai2="90,105,92,33,18,83,74,62,13,71,53,82,60" hai3="133,52,93,39,75,81,80,102,118,38,27,5,11"/><U128/><E124/><V135/><F105/><W104/><G133/><T132/><D132/><U35/><E128/><V1/><F1/><W41/><G118/><T42/><D130/><U55/><E76/><V50/><F33/><W14/><G104/><T88/><D120/><U122/><E122/><V96/><F135/><W24/><G39/><T113/><D113/><U51/><E40/><V61/><F71/><W56/><G41/><T54/><D15/><U46/><E68/><V131/><F74/><W43/><G43/><T98/><D54/><U109/><E109/><V59/><REACH who="2" step="1"/><F131/><REACH who="2" ten="167,397,208,218" step="2"/><W112/><G75/><T34/><D34/><U6/><E32/><V127/><F127/><W126/><G126/><T85/><D106/><U79/><E35/><V84/><F84/><W78/><G112/><T49/><D98/><U21/><E117/><V8/><AGARI ba="1,1" hai="8,13,18,50,53,59,60,61,62,82,83,90,92,96" machi="8" ten="30,7900,0" yaku="1,1,0,1,8,1,52,1,53,0" doraHai="44" doraHaiUra="28" who="2" fromWho="2" sc="167,-21,397,-40,208,92,218,-21" /><INIT seed="2,0,0,0,0,98" ten="146,357,300,197" oya="2" hai0="111,14,112,62,120,47,114,9,128,10,129,8,24" hai1="48,64,115,84,38,27,130,4,67,16,32,26,31" hai2="41,102,7,76,30,13,52,44,118,35,12,63,49" hai3="133,92,61,42,81,45,22,106,74,54,85,78,93"/><V79/><F118/><W131/><G106/><T97/><D62/><U127/><E38/><V60/><F35/><W103/><G131/><N who="0" m="50251" /><D47/><U20/><E115/><N who="0" m="44073" /><D97/><U87/><E130/><V66/><F30/><W59/><G133/><T15/><D120/><U65/><E127/><V94/><F41/><W56/><G74/><T110/><D24/><U134/><E134/><V57/><F63/><W17/><G59/><T50/><D50/><U68/><E68/><V34/><F34/><W89/><G103/><T0/><D0/><U51/><E4/><V132/><F132/><W72/><G72/><T86/><D86/><U46/><REACH who="1" step="1"/><E48/><REACH who="1" ten="146,347,300,197" step="2"/><V107/><F7/><W19/><G78/><N who="2" m="29737" /><F107/><W55/><G42/><AGARI ba="0,1" hai="16,20,26,27,31,32,42,46,51,64,65,67,84,87" machi="42" ten="40,2600,0" yaku="1,1,54,1,53,0" doraHai="98" doraHaiUra="95" who="1" fromWho="3" sc="146,0,347,36,300,0,197,-26" /><INIT seed="3,0,0,4,3,52" ten="146,383,300,171" oya="3" hai0="91,124,48,94,46,36,84,115,29,90,109,55,43" hai1="128,23,108,56,28,9,100,38,72,54,22,87,92" hai2="85,118,86,82,107,70,20,21,102,121,75,13,78" hai3="31,111,76,5,77,8,62,33,99,7,89,126,44"/><W6/><G126/><T16/><D124/><U65/><E72/><V10/><F70/><W116/><G116/><T58/><D109/><U51/><E38/><V117/><F121/><W34/><G111/><T80/><D115/><U19/><E108/><V113/><F113/><W0/><G8/><T98/><D29/><U71/><E128/><V130/><F130/><W1/><G44/><T17/><AGARI ba="0,0" hai="16,17,36,43,46,48,55,58,80,84,90,91,94,98" machi="17" ten="30,4000,0" yaku="0,1,52,1,54,1" doraHai="52" who="0" fromWho="0" sc="146,40,383,-10,300,-10,171,-20" owari="186,-21.4,373,47.3,290,9.0,151,-34.9" /></mjloggm>