<mjloggm ver="2.3"><GO type="225" lobby="0"/><UN n0="%E3%81%A1%E3%82%85%E3%81%86%E3%81%A9%E3%81%8F%E8%B1%A1%E3%81%95%E3%82%93" n1="%E9%B3%B3%E6%9D%B1%E3%81%AE%E3%81%86%E3%81%95%E3%81%8E%E3%81%95%E3%82%93" n2="%E3%81%95%E3%81%8D%E3%81%9F%E3%81%BE%E6%9E%97%E6%AA%8E" n3="%73%6C%69%63%6B%33%31%39" dan="16,16,16,17" rate="2150.47,2124.34,2149.49,2183.25" sx="M,M,M,M"/><TAIKYOKU oya="0"/><INIT seed="0,0,0,3,5,74" ten="250,250,250,250" oya="0" hai0="101,9,108,104,71,110,120,63,116,134,126,103,88" hai1="57,38,68,99,18,41,20,117,98,89,23,47,60" hai2="125,94,64,86,48,76,107,133,102,67,112,105,118" hai3="51,55,70,26,52,129,21,65,75,87,12,128,97"/><T7/><D120/><U130/><E130/><N who="3" m="50282" /><G75/><T127/><D116/><U73/><E117/><V49/><F118/><W8/><G97/><T30/><D30/><U100/><E73/><V92/><F112/><W0/><G0/><T33/><D33/><U1/><E1/><V40/><F40/><W66/><G87/><T93/><D63/><U13/><E68/><V77/><F86/><W59/><G55/><T44/><D44/><U111/><E111/><N who="0" m="42537" /><D71/><U83/><E83/><V72/><F72/><W22/><G70/><T61/><D61/><U27/><E89/><V54/><F54/><W4/><G21/><T80/><D80/><U119/><E100/><N who="0" m="38473" /><D104/><U69/><E69/><V24/><F102/><W82/><G82/><T11/><D134/><U45/><E45/><V62/><F62/><W84/><G84/><N who="0" m="52359" /><D7/><U34/><E34/><V2/><F133/><W132/><G132/><T39/><D39/><U25/><E119/><V46/><F46/><W91/><G91/><T6/><D6/><U124/><E60/><V5/><F5/><W19/><AGARI ba="0,0" hai="4,8,12,19,22,26,51,52,59,65,66" m="50282" machi="19" ten="30,2000,0" yaku="19,1,54,1" doraHai="74" who="3" fromWho="3" sc="250,-10,250,-5,250,-5,250,20" /><INIT seed="1,0,0,1,2,92" ten="240,245,245,270" oya="1" hai0="130,65,39,20,9,71,23,45,30,31,90,63,26" hai1="55,60,2,56,41,101,115,44,38,112,122,49,3" hai2="98,129,87,124,128,11,97,46,7,66,104,54,51" hai3="27,67,10,80,70,74,75,126,5,58,78,24,89"/><U82/><E122/><V94/><F124/><W50/><G126/><T13/><D130/><N who="2" m="50282" /><F104/><W118/><G74/><T91/><D39/><U95/><E82/><V83/><F94/><W131/><G131/><T79/><D79/><U102/><E102/><V17/><F17/><W8/><G118/><T123/><D123/><U21/><E21/><V93/><F93/><W85/><G70/><T61/><D45/><U119/><E119/><V35/><F66/><W100/><G100/><T116/><D116/><U15/><E15/><N who="2" m="5631" /><F35/><W111/><G111/><T84/><D61/><U1/><REACH who="1" step="1"/><E60/><REACH who="1" ten="240,235,245,270" step="2"/><V76/><AGARI ba="0,1" hai="46,51,54,76,83,87,97,98" m="5631,50282" machi="76" ten="30,4000,0" yaku="19,1,52,2" doraHai="92" who="2" fromWho="2" sc="240,-10,235,-20,245,50,270,-10" /><INIT seed="2,0,0,2,3,80" ten="230,215,295,260" oya="2" hai0="8,38,115,67,129,25,14,64,125,105,37,77,101" hai1="31,126,59,130,112,103,1,35,62,40,27,118,71" hai2="4,93,82,135,48,108,72,45,7,28,73,23,43" hai3="91,52,75,15,99,79,20,123,92,100,111,46,89"/><V3/><F135/><W97/><G123/><T39/><D115/><U53/><E112/><V63/><F108/><W13/><G111/><T107/><D129/><U124/><E118/><V76/><F73/><W61/><G75/><T84/><D25/><U9/><E130/><V122/><F122/><W55/><G79/><T17/><D125/><N who="1" m="48235" /><E40/><V117/><F117/><W60/><G46/><T19/><D101/><U116/><E116/><V86/><F3/><W10/><G20/><T81/><REACH who="0" step="1"/><D17/><REACH who="0" ten="220,215,295,260" step="2"/><U36/><E103/><V6/><F28/><W49/><G100/><T56/><D56/><U29/><E29/><V102/><F102/><W95/><G10/><T34/><D34/><U11/><E71/><V85/><F23/><W12/><G49/><T21/><D21/><U22/><E35/><V44/><F44/><W33/><G33/><T42/><D42/><U74/><E36/><V114/><F114/><W30/><G30/><T113/><D113/><U47/><E47/><V41/><F43/><W57/><REACH who="3" step="1"/><G60/><REACH who="3" ten="220,215,295,250" step="2"/><T54/><D54/><AGARI ba="0,2" hai="12,13,15,52,54,55,57,61,89,91,92,95,97,99" machi="54" ten="40,8000,1" yaku="1,1,2,1,9,1,8,1,54,1,53,0" doraHai="80" doraHaiUra="26" who="3" fromWho="0" sc="220,-80,215,0,295,0,250,100" /><INIT seed="3,0,0,5,1,79" ten="140,215,295,350" oya="3" hai0="33,69,60,84,98,46,86,55,100,110,85,42,130" hai1="107,75,34,52,9,56,97,32,43,124,101,16,37" hai2="1,41,82,71,59,113,128,73,114,29,24,68,27" hai3="99,125,96,134,129,111,88,131,30,4,126,6,50"/><W123/><G123/><T104/><D110/><U109/><E109/><V7/><F41/><W81/><G111/><T44/><D130/><N who="3" m="49673" /><G134/><T116/><D116/><U39/><E75/><V87/><F73/><W91/><G30/><T25/><D55/><U8/><E124/><N who="3" m="47722" /><G50/><T108/><D108/><U106/><E106/><V118/><F118/><W132/><G132/><T31/><REACH who="0" step="1"/><D42/><REACH who="0" ten="130,215,295,350" step="2"/><U13/><E43/><V95/><F128/><W117/><G117/><T18/><D18/><U67/><E52/><V93/><F113/><W78/><G4/><T119/><D119/><U105/><E16/><V112/><F114/><W72/><G6/><T103/><D103/><U77/><E101/><V20/><F7/><W2/><G2/><T120/><D120/><U63/><E67/><AGARI ba="0,1" hai="25,31,33,44,46,60,67,69,84,85,86,98,100,104" machi="67" ten="40,8000,1" yaku="1,1,25,2,53,1" doraHai="79" doraHaiUra="22" who="0" fromWho="1" sc="130,90,215,-80,295,0,350,0" owari="220,-18.0,135,-36.5,295,9.5,350,45.0" /></mjloggm>