<mjloggm ver="2.3"><GO type="225" lobby="0"/><UN n0="%E9%A6%AC%E4%BA%86%E9%9A%94%E5%A3%81" n1="%52%61%69%61%6E%2E" n2="%6D%61%74%69%67%75%73%61" n3="%E3%81%B5%E3%81%98%E3%81%8B%E3%81%A4" dan="17,16,17,16" rate="2215.86,2036.14,2155.97,2166.64" sx="M,M,M,M"/><TAIKYOKU oya="0"/><INIT seed="0,0,0,2,1,34" ten="250,250,250,250" oya="0" hai0="58,102,2,26,0,133,71,73,68,116,43,99,38" hai1="14,44,41,117,62,75,107,9,89,40,25,124,95" hai2="60,114,109,49,18,65,64,8,77,13,104,1,100" hai3="110,118,134,111,46,63,72,84,5,76,132,7,78"/><T92/><D116/><U113/><E113/><V119/><F114/><W23/><G118/><T19/><D133/><N who="3" m="51305" /><G63/><T125/><D73/><U120/><E120/><V135/><F119/><W50/><G23/><T74/><D74/><U101/><E75/><V35/><F109/><N who="3" m="41483" /><G72/><T130/><D130/><U36/><E41/><V61/><F61/><W39/><G39/><T54/><D125/><U28/><E124/><V123/><F123/><W98/><G98/><T66/><D38/><U22/><E62/><V108/><F60/><W12/><G12/><T6/><D66/><U128/><E128/><V31/><F13/><W115/><G115/><T57/><D43/><U47/><E117/><V21/><F21/><W105/><G105/><T91/><D57/><U127/><E127/><V67/><F104/><W15/><G15/><T11/><D0/><U32/><E22/><V69/><F1/><W93/><G93/><T52/><D54/><U42/><E107/><V85/><F65/><W56/><G56/><T86/><D19/><U87/><E40/><V24/><F18/><W45/><G84/><T16/><D26/><U10/><E44/><N who="3" m="17002" /><G50/><T80/><D52/><U83/><E14/><V53/><F67/><W121/><G121/><T90/><D16/><U29/><E29/><V20/><F31/><W48/><G48/><T27/><D27/><U70/><E28/><V59/><F64/><W103/><G103/><T79/><D58/><U94/><E101/><V82/><F135/><W81/><G81/><T97/><D97/><U106/><E25/><V4/><F108/><W55/><G55/><RYUUKYOKU ba="0,0" sc="250,15,250,-15,250,-15,250,15" hai0="2,6,11,68,71,79,80,86,90,91,92,99,102" hai3="5,7,76,78" /><INIT seed="0,1,0,4,4,27" ten="265,235,235,265" oya="0" hai0="127,119,13,22,68,51,114,54,41,91,7,129,75" hai1="16,88,47,40,130,33,89,94,96,85,100,77,44" hai2="6,15,34,113,49,32,126,117,108,71,63,35,10" hai3="8,58,99,135,133,90,4,55,20,120,31,106,56"/><T128/><D114/><U111/><E111/><V3/><F113/><W69/><G69/><T80/><D119/><U18/><E130/><N who="0" m="50281" /><D68/><U72/><E33/><V25/><F126/><W70/><G70/><T102/><D127/><U107/><E89/><V26/><F108/><W53/><G120/><T78/><D102/><U67/><E67/><V61/><F117/><W9/><G106/><T48/><D91/><U5/><E5/><V59/><F3/><W50/><G99/><T125/><D125/><U65/><E65/><V28/><F71/><W24/><G90/><T12/><D41/><U79/><E44/><V42/><F26/><W122/><G122/><T46/><D7/><U62/><E62/><V134/><F134/><N who="3" m="51211" /><G4/><T76/><D76/><U87/><E87/><V84/><F84/><W39/><G39/><T131/><N who="0" m="50289" /><T19/><DORA hai="29" /><D51/><AGARI ba="1,0" hai="8,9,20,24,31,50,51,53,55,56,58" m="51211" machi="51" ten="30,2000,0" yaku="20,1,52,1" doraHai="27,29" who="3" fromWho="0" sc="265,-23,235,0,235,0,265,23" /><INIT seed="1,0,0,5,1,46" ten="242,235,235,288" oya="1" hai0="14,8,110,119,108,134,93,13,106,86,83,104,5" hai1="73,16,68,95,15,60,49,65,19,35,80,39,130" hai2="44,27,82,99,36,37,53,61,81,89,125,20,90" hai3="43,109,1,45,9,59,51,56,62,105,126,117,123"/><U98/><E39/><V74/><F125/><W18/><G105/><T66/><D119/><U113/><E113/><V114/><F114/><W70/><G123/><T63/><D134/><U78/><E130/><V115/><F115/><W122/><G122/><T131/><D131/><U50/><E35/><V84/><F74/><W129/><G129/><T107/><D93/><U87/><E73/><V112/><F112/><W54/><G117/><T47/><D14/><U55/><E55/><V132/><F132/><W69/><G126/><T4/><D4/><U30/><E30/><V58/><F44/><W24/><G109/><N who="0" m="42091" /><D47/><U75/><E75/><V52/><F53/><W116/><G116/><T79/><D106/><U7/><E7/><V21/><F21/><W38/><G1/><T48/><D48/><U97/><E97/><V72/><F72/><W41/><G41/><T33/><D33/><U94/><E94/><V91/><F82/><W100/><G100/><T127/><D127/><U102/><E19/><V57/><F57/><AGARI ba="0,0" hai="5,8,13,57,63,66,79,83,86,104,107" m="42091" machi="57" ten="30,1000,0" yaku="14,1" doraHai="46" who="0" fromWho="2" sc="242,10,235,0,235,-10,288,0" /><INIT seed="2,0,0,3,1,67" ten="252,235,225,288" oya="2" hai0="84,74,116,61,121,66,93,43,15,101,86,107,46" hai1="106,87,83,63,112,135,6,88,73,124,34,29,82" hai2="16,49,125,120,11,134,64,128,47,75,27,94,35" hai3="31,130,51,13,30,48,8,9,100,131,99,114,123"/><V113/><F113/><W70/><G123/><T65/><D121/><U62/><E112/><V58/><F120/><W132/><G114/><T14/><D74/><U21/><E106/><V122/><F122/><W55/><G132/><T41/><D107/><U7/><E34/><V22/><F75/><W32/><G70/><T71/><D116/><U119/><E119/><V129/><F134/><W77/><G77/><T33/><D33/><U38/><E38/><V1/><F125/><W104/><G32/><T80/><D66/><U108/><E135/><V111/><F111/><W133/><G48/><T90/><D43/><U56/><E124/><V25/><F94/><W50/><G51/><T4/><D4/><U20/><E62/><V85/><F85/><W97/><G97/><T10/><D10/><N who="3" m="4201" /><G13/><T89/><REACH who="0" step="1"/><D101/><REACH who="0" ten="242,235,225,288" step="2"/><U54/><E108/><V126/><F126/><W91/><G133/><T102/><D102/><U19/><E6/><V24/><F11/><W59/><G104/><T69/><D69/><U12/><E7/><V0/><F35/><W81/><G100/><T76/><D76/><U36/><E36/><AGARI ba="0,1" hai="14,15,36,41,46,61,65,71,80,84,86,89,90,93" machi="36" ten="30,3900,0" yaku="1,1,7,1,52,1,53,0" doraHai="67" doraHaiUra="110" who="0" fromWho="1" sc="242,49,235,-39,225,0,288,0" /><INIT seed="3,0,0,0,0,95" ten="291,196,225,288" oya="3" hai0="43,116,79,112,5,108,18,106,126,88,83,58,76" hai1="38,87,24,48,118,16,128,14,3,42,133,115,77" hai2="104,82,61,57,75,72,12,39,129,40,33,26,50" hai3="81,6,119,124,80,109,134,121,54,0,65,102,113"/><W97/><G113/><T62/><D116/><U131/><E115/><V66/><F129/><N who="1" m="49737" /><E3/><V68/><F12/><W120/><G119/><T20/><D112/><U10/><E118/><V86/><F104/><N who="3" m="63567" /><G65/><T107/><D108/><U70/><E70/><V46/><F26/><W67/><G67/><T53/><D126/><U103/><E133/><V44/><F33/><W21/><G21/><T34/><D34/><U78/><E38/><V37/><F37/><W73/><G54/><T7/><D107/><U45/><E87/><V29/><F29/><W27/><G27/><N who="0" m="14743" /><D106/><U49/><E49/><V13/><F13/><W84/><G124/><T96/><D43/><U25/><E103/><V127/><F127/><W36/><G134/><T30/><D30/><U69/><E69/><V1/><F1/><W132/><G132/><T111/><D111/><U64/><E64/><V89/><REACH who="2" step="1"/><F68/><REACH who="2" ten="291,196,215,288" step="2"/><W63/><G109/><T100/><D5/><N who="1" m="3407" /><E25/><V23/><F23/><AGARI ba="0,1" hai="16,23,24,42,45,48,77,78" m="3407,49737" machi="23" ten="30,2000,0" yaku="19,1,54,1" doraHai="95" who="1" fromWho="2" sc="291,0,196,30,215,-20,288,0" /><INIT seed="4,0,0,3,3,124" ten="291,226,195,288" oya="0" hai0="27,2,21,76,24,93,130,87,33,121,6,1,75" hai1="94,59,36,97,58,34,127,37,8,11,65,26,4" hai2="85,61,54,112,128,38,98,57,14,18,84,39,113" hai3="53,83,120,47,35,108,30,134,62,101,72,126,70"/><T91/><D121/><U80/><E127/><V133/><F98/><W19/><G126/><T100/><D130/><U86/><E36/><N who="2" m="13867" /><F133/><W105/><G120/><T9/><D1/><U67/><E37/><V0/><F0/><W49/><G108/><T68/><D68/><U69/><E69/><V10/><F85/><W99/><G19/><T7/><D7/><U123/><E123/><V77/><F84/><W131/><G134/><T13/><D33/><U117/><E117/><V5/><F77/><W92/><G92/><T60/><D60/><U31/><E8/><V88/><F88/><W50/><G50/><T81/><D100/><U66/><E86/><V3/><F3/><W104/><G104/><T74/><D74/><U63/><E80/><V32/><F32/><W79/><G62/><T109/><D109/><U22/><E34/><V89/><F89/><W48/><G48/><T110/><D110/><U52/><E59/><V125/><F5/><W96/><G70/><T15/><D27/><U107/><E107/><V122/><F122/><W119/><G99/><T115/><D115/><N who="2" m="44106" /><F125/><W95/><G105/><T40/><D40/><U129/><E4/><V116/><F116/><W28/><G119/><T16/><AGARI ba="0,0" hai="2,6,9,13,15,16,21,24,75,76,81,87,91,93" machi="16" ten="20,3900,0" yaku="0,1,7,1,54,1" doraHai="124" who="0" fromWho="0" sc="291,39,226,-13,195,-13,288,-13" owari="330,43.0,213,-18.7,182,-31.8,275,7.5" /></mjloggm>