<mjloggm ver="2.3"><GO type="225" lobby="0"/><UN n0="%E7%99%BD%E9%9B%AA%E4%B9%83%E6%84%9B" n1="%6D%75%75%6D%75%72%61" n2="%E4%B8%AD%E5%B9%B4%E3%81%AE%E5%8D%B1%E6%A9%9F" n3="%E9%B3%B3%E6%9D%B1%E3%81%AE%E3%81%86%E3%81%95%E3%81%8E%E3%81%95%E3%82%93" dan="16,16,17,17" rate="2058.61,2198.93,2225.65,2266.49" sx="F,F,M,M"/><TAIKYOKU oya="0"/><INIT seed="0,0,0,2,2,31" ten="250,250,250,250" oya="0" hai0="107,90,133,103,106,57,30,47,116,13,32,72,36" hai1="115,0,125,10,25,15,124,58,92,45,81,56,3" hai2="51,73,105,123,67,21,122,23,79,24,128,83,97" hai3="12,60,64,52,132,80,94,48,16,1,8,54,66"/><T62/><D116/><U104/><E104/><V99/><F99/><W39/><G132/><T22/><D133/><U109/><E109/><V120/><F128/><W100/><G39/><T117/><D117/><U112/><E45/><V130/><F130/><W50/><G1/><N who="1" m="586" /><E92/><V76/><F76/><W43/><G43/><T87/><D72/><U118/><E81/><V108/><F108/><W95/><G80/><T71/><D71/><U89/><E89/><V53/><F67/><N who="3" m="25643" /><G60/><T68/><D68/><U102/><E102/><V63/><F63/><W55/><G100/><T7/><D103/><U49/><E118/><V19/><F97/><W34/><G34/><T85/><D85/><U35/><E49/><AGARI ba="0,0" hai="8,12,16,48,49,50,52,54,55,94,95" m="25643" machi="49" ten="30,3900,0" yaku="8,1,54,2" doraHai="31" who="3" fromWho="1" sc="250,0,250,-39,250,0,250,39" /><INIT seed="1,0,0,2,0,55" ten="250,211,250,289" oya="1" hai0="26,63,96,132,49,83,6,68,89,95,77,78,21" hai1="128,3,80,93,57,81,27,61,66,111,48,124,18" hai2="94,28,92,20,31,67,46,123,72,114,99,0,1" hai3="45,60,69,121,54,19,4,108,106,37,34,17,71"/><U125/><E3/><V107/><F123/><W5/><G121/><T110/><D110/><U105/><E105/><V87/><F72/><W32/><G106/><T39/><D39/><U22/><E111/><V56/><F114/><W2/><G108/><T73/><D132/><U62/><E128/><V35/><F35/><W8/><G37/><T97/><D78/><U29/><E48/><V44/><F0/><W88/><G45/><T58/><D6/><U11/><E93/><V74/><F74/><W91/><G2/><T98/><D68/><U79/><E62/><N who="2" m="38343" /><F1/><W47/><G60/><T122/><D49/><U9/><E80/><V116/><F107/><W113/><G54/><T40/><D40/><U42/><E42/><V65/><F65/><W12/><G47/><N who="2" m="17961" /><F20/><W7/><G113/><T134/><D134/><U131/><E131/><V118/><F118/><W14/><G4/><T101/><D101/><U119/><E119/><V103/><F116/><W85/><G85/><T64/><REACH who="0" step="1"/><D122/><REACH who="0" ten="240,211,250,289" step="2"/><U24/><E124/><V25/><F25/><W84/><G71/><T10/><D10/><U70/><E70/><V53/><F53/><W127/><G127/><T30/><AGARI ba="0,1" hai="21,26,30,58,63,64,73,77,83,89,95,96,97,98" machi="30" ten="20,8000,1" yaku="1,1,0,1,7,1,52,1,53,1" doraHai="55" doraHaiUra="75" who="0" fromWho="0" sc="240,90,211,-40,250,-20,289,-20" /><INIT seed="2,0,0,0,3,10" ten="330,171,230,269" oya="2" hai0="133,130,116,45,17,73,83,32,29,0,86,104,112" hai1="23,34,44,70,131,40,18,3,50,113,129,92,87" hai2="90,4,48,61,72,52,96,100,54,64,93,105,80" hai3="89,58,108,79,65,47,106,49,76,30,22,15,117"/><V74/><F4/><W135/><G108/><T1/><D112/><U55/><E113/><V75/><F80/><W28/><G106/><T51/><D104/><U82/><E34/><V127/><F127/><W81/><G117/><T98/><D73/><U13/><E70/><V68/><REACH who="2" step="1"/><F48/><REACH who="2" ten="330,171,220,269" step="2"/><W39/><G81/><T84/><D51/><U31/><E3/><V41/><F41/><W16/><G39/><T121/><D83/><U124/><E124/><V9/><F9/><W132/><G132/><T25/><D133/><U38/><E92/><V110/><F110/><W102/><G135/><T26/><D0/><U91/><REACH who="1" step="1"/><E31/><REACH who="1" ten="330,161,220,269" step="2"/><V36/><F36/><W128/><G28/><T62/><D1/><U42/><E42/><V6/><F6/><W78/><G30/><T69/><D29/><U77/><E77/><V56/><F56/><AGARI ba="0,2" hai="13,18,23,38,40,44,50,55,56,82,87,91,129,131" machi="56" ten="40,5200,0" yaku="1,1,52,1,53,1" doraHai="10" doraHaiUra="85" who="1" fromWho="2" sc="330,0,161,72,220,-52,269,0" /><INIT seed="3,0,0,1,1,20" ten="330,233,168,269" oya="3" hai0="16,45,105,83,25,37,130,122,95,96,103,69,58" hai1="79,104,84,8,38,23,87,43,131,80,78,74,5" hai2="121,129,86,108,81,60,31,63,132,97,73,57,125" hai3="12,114,109,11,112,26,41,6,72,106,56,27,19"/><W67/><G106/><T76/><D69/><U70/><E104/><V44/><F73/><W29/><G72/><T49/><D122/><U93/><E70/><V18/><F121/><W68/><G68/><T51/><D130/><U128/><E93/><V50/><F129/><N who="1" m="49737" /><E79/><V119/><F119/><W47/><G109/><T2/><D51/><U90/><E90/><V77/><F108/><W94/><G94/><T36/><D96/><U35/><E35/><V117/><F117/><W55/><G67/><T111/><D16/><U116/><E116/><V59/><F125/><W10/><G114/><T28/><D45/><N who="1" m="23799" /><E23/><V88/><F132/><W33/><G112/><T107/><D2/><AGARI ba="0,0" hai="2,5,8,74,78,80,84,87" m="23799,49737" machi="2" ten="30,2000,0" yaku="25,1,19,1" doraHai="20" who="1" fromWho="0" sc="330,-20,233,20,168,0,269,0" owari="310,41.0,253,-14.7,168,-33.2,269,6.9" /></mjloggm>