<mjloggm ver="2.3"><GO type="225" lobby="0"/><UN n0="%E3%82%B3%E3%83%90%E3%83%AC%E3%82%A4" n1="%E3%83%A9%E3%83%BC%E3%83%A1%E3%83%B3%E4%BA%94%E9%83%8E" n2="%6D%75%75%73%61%6E%6D%75" n3="%E6%A1%9C%E8%8A%B1%E9%96%83%E3%80%85" dan="16,16,16,16" rate="2070.16,2113.67,2134.01,2196.94" sx="M,M,F,M"/><TAIKYOKU oya="0"/><INIT seed="0,0,0,4,4,113" ten="250,250,250,250" oya="0" hai0="100,7,130,19,71,28,105,116,110,39,101,26,119" hai1="121,125,13,92,25,6,37,115,60,108,95,77,86" hai2="89,56,107,126,48,45,27,88,67,34,127,94,128" hai3="99,8,81,63,24,46,122,132,82,11,84,111,75"/><T5/><D71/><U76/><E121/><V133/><F107/><W97/><G122/><T93/><D39/><U96/><E115/><V44/><F128/><W41/><G111/><T57/><D105/><U31/><E108/><V20/><F133/><W43/><G132/><T124/><D130/><U69/><E37/><V78/><F34/><W9/><G75/><T1/><D110/><U54/><E125/><N who="2" m="47627" /><F78/><W129/><G129/><T118/><D124/><U79/><E69/><V68/><F68/><W58/><G24/><T109/><D109/><U36/><E36/><V135/><F135/><W50/><G41/><T40/><D40/><U112/><E112/><V38/><F38/><W52/><REACH who="3" step="1"/><G81/><REACH who="3" ten="250,250,250,240" step="2"/><T3/><D26/><U33/><E25/><V55/><F67/><W2/><G2/><T123/><D123/><U114/><E114/><V104/><F104/><W15/><G15/><T53/><D28/><U72/><E31/><N who="2" m="17895" /><F89/><AGARI ba="0,1" hai="8,9,11,43,46,50,52,58,63,82,84,89,97,99" machi="89" ten="40,5200,0" yaku="1,1,8,1,54,1,53,0" doraHai="113" doraHaiUra="18" who="3" fromWho="2" sc="250,0,250,0,250,-52,240,62" /><INIT seed="1,0,0,5,3,102" ten="250,250,198,302" oya="1" hai0="9,68,99,126,13,42,8,72,33,96,84,109,65" hai1="15,4,87,10,35,111,60,119,133,5,45,71,114" hai2="30,20,51,55,122,107,92,100,83,19,97,14,58" hai3="28,18,56,31,95,91,16,125,81,49,26,117,12"/><U77/><E114/><V41/><F122/><W86/><G125/><T121/><D33/><U29/><E119/><V48/><F83/><W132/><G132/><T63/><D72/><U1/><E133/><V43/><F30/><W36/><G36/><T101/><D121/><U66/><E1/><V70/><F70/><W82/><G117/><T54/><D126/><U108/><E45/><V89/><REACH who="2" step="1"/><F51/><REACH who="2" ten="250,250,188,302" step="2"/><W73/><G31/><T0/><D68/><U115/><E29/><V90/><F90/><W22/><G73/><T3/><D109/><U37/><E37/><V88/><F88/><W78/><G78/><T50/><D50/><U127/><E108/><V124/><F124/><W40/><G28/><T98/><D101/><U75/><E111/><V93/><F93/><W62/><G49/><T17/><D3/><U2/><E127/><V129/><F129/><W103/><G81/><T69/><D0/><U32/><E2/><V25/><F25/><W76/><G103/><T110/><D110/><U79/><E32/><V21/><F21/><N who="3" m="11399" /><G95/><T85/><D9/><U120/><E35/><V105/><F105/><W128/><G91/><T52/><D42/><U80/><E120/><V11/><F11/><W59/><G128/><T112/><REACH who="0" step="1"/><D112/><REACH who="0" ten="240,250,188,302" step="2"/><U57/><E115/><V116/><F116/><W104/><G40/><T61/><D61/><U46/><E71/><V106/><F106/><W74/><G104/><T123/><D123/><U113/><E113/><V67/><F67/><N who="3" m="39367" /><G74/><T130/><D130/><U134/><E75/><V6/><F6/><W38/><G38/><T44/><D44/><RYUUKYOKU ba="0,2" sc="240,10,250,-30,188,10,302,10" hai0="8,13,17,52,54,63,65,69,84,85,96,98,99" hai2="14,19,20,41,43,48,55,58,89,92,97,100,107" hai3="18,22,26,59,76,82,86" /><INIT seed="2,1,2,0,3,94" ten="250,220,198,312" oya="2" hai0="58,75,62,100,97,103,106,60,86,81,37,98,15" hai1="29,6,130,90,13,119,39,53,135,85,23,128,18" hai2="132,129,26,87,126,72,111,49,52,44,109,105,7" hai3="67,4,88,82,69,63,108,34,80,107,32,31,89"/><V121/><F121/><W42/><G108/><N who="2" m="41545" /><F72/><W8/><G42/><T71/><D37/><U47/><E119/><V113/><F113/><W102/><G82/><T99/><D75/><U133/><E6/><V134/><F126/><W110/><G110/><T123/><D123/><U24/><E39/><V116/><F116/><W117/><G117/><T76/><D103/><U79/><E79/><V41/><F129/><N who="1" m="49769" /><E47/><N who="2" m="27711" /><F105/><W54/><G54/><T48/><D71/><U56/><E53/><V70/><F70/><W74/><G80/><T101/><D101/><U14/><E56/><V122/><F122/><W124/><G124/><T35/><D35/><N who="1" m="20903" /><E13/><V22/><F7/><W91/><G74/><T12/><D106/><U51/><E51/><N who="2" m="27023" /><F87/><W36/><G36/><T19/><D100/><U17/><E17/><AGARI ba="1,2" hai="17,22,26,132,134" m="27023,27711,41545" machi="17" ten="30,5800,0" yaku="14,1,10,1,54,1" doraHai="94" who="2" fromWho="1" sc="250,0,220,-61,198,81,312,0" /><INIT seed="2,2,0,3,0,113" ten="250,159,279,312" oya="2" hai0="29,126,120,82,22,49,43,110,46,106,108,86,80" hai1="50,71,14,68,74,13,133,78,134,102,32,45,97" hai2="0,85,92,19,33,96,2,91,76,100,41,93,123" hai3="69,6,27,131,119,30,129,77,81,89,66,104,7"/><V58/><F123/><W37/><G37/><T31/><D106/><U56/><E32/><V55/><F33/><N who="3" m="20703" /><G89/><T59/><D120/><U10/><E56/><V26/><F41/><W34/><G34/><T88/><D126/><U121/><E121/><V62/><F76/><W79/><G79/><T132/><D132/><U15/><E10/><V44/><F44/><W36/><G36/><T114/><D114/><U128/><E128/><N who="3" m="49226" /><G104/><T1/><D1/><U65/><E78/><V39/><F39/><W72/><G119/><T60/><D82/><U105/><E74/><V67/><F26/><W94/><G94/><T90/><D90/><U63/><REACH who="1" step="1"/><E71/><REACH who="1" ten="250,149,279,312" step="2"/><V61/><F58/><W8/><G8/><T95/><D22/><U101/><E101/><V3/><F100/><W130/><G130/><T122/><D122/><U21/><E21/><V48/><F62/><AGARI ba="2,1" hai="6,7,62,66,69,72,77,81" m="49226,20703" machi="62" ten="30,1000,0" yaku="19,1" doraHai="113" who="3" fromWho="2" sc="250,0,149,0,279,-16,312,26" /><INIT seed="3,0,0,2,0,16" ten="250,149,263,338" oya="3" hai0="131,47,3,78,26,66,20,68,103,0,102,129,79" hai1="64,96,23,45,8,65,92,105,73,36,1,80,127" hai2="118,38,39,116,110,81,9,17,40,4,31,21,107" hai3="55,130,95,59,37,98,56,14,15,126,43,60,41"/><W124/><G130/><N who="0" m="49675" /><D47/><U104/><E127/><N who="3" m="48682" /><G59/><T133/><D66/><U10/><E104/><V54/><F40/><N who="3" m="15435" /><G37/><T111/><D68/><U69/><E105/><V106/><F106/><W83/><G83/><T34/><D34/><U18/><E36/><V90/><F31/><W85/><G85/><T11/><D133/><U24/><E45/><V82/><F90/><AGARI ba="0,0" hai="14,15,55,56,60,90,95,98" m="15435,48682" machi="90" ten="30,1500,0" yaku="18,1" doraHai="16" who="3" fromWho="2" sc="250,0,149,0,263,-15,338,15" owari="250,5.0,149,-35.1,248,-15.2,353,45.3" /></mjloggm>