<mjloggm ver="2.3"><GO type="225" lobby="0"/><UN n0="%E3%81%B8%E3%82%80%E3%81%B8%E3%82%80%EF%BC%92%E5%8F%B7" n1="%E3%81%82%E3%81%99%E3%81%AB%E3%82%83%E3%82%80" n2="%E3%81%8B%E3%82%8F%E3%81%A1%E3%82%83%E3%82%93%35%38" n3="%E3%81%86%E3%83%BC%E3%81%B1%E3%83%BC" dan="16,16,17,17" rate="2120.44,2115.82,2187.08,2194.27" sx="M,F,M,F"/><TAIKYOKU oya="0"/><INIT seed="0,0,0,3,2,37" ten="250,250,250,250" oya="0" hai0="105,76,85,125,104,69,26,98,33,36,29,119,27" hai1="107,59,14,28,113,48,89,126,24,18,87,46,57" hai2="71,4,79,133,19,9,62,108,127,118,111,88,58" hai3="6,1,96,65,74,77,54,32,72,131,75,90,49"/><T109/><D119/><U82/><E107/><V51/><F51/><W121/><G32/><T91/><D36/><U10/><E126/><V0/><F118/><W117/><G117/><T23/><D125/><U93/><E93/><V35/><F35/><W63/><G6/><T124/><D124/><U12/><E12/><V102/><F127/><W114/><G1/><T110/><D69/><U31/><E113/><V129/><F71/><W45/><G114/><T15/><D15/><U3/><E3/><V95/><F133/><W55/><G131/><T17/><D76/><U2/><E2/><V52/><F129/><W86/><G96/><T100/><REACH who="0" step="1"/><D105/><REACH who="0" ten="240,250,250,250" step="2"/><U135/><E135/><V112/><F79/><W92/><G121/><T40/><D40/><U78/><E78/><V41/><F41/><W68/><REACH who="3" step="1"/><G77/><REACH who="3" ten="240,250,250,240" step="2"/><T53/><D53/><AGARI ba="0,2" hai="45,49,53,54,55,63,65,68,72,74,75,86,90,92" machi="53" ten="40,5200,0" yaku="1,1,2,1,53,1" doraHai="37" doraHaiUra="44" who="3" fromWho="0" sc="240,-52,250,0,250,0,240,72" /><INIT seed="1,0,0,0,5,30" ten="188,250,250,312" oya="1" hai0="46,106,86,100,63,47,69,57,40,130,90,72,33" hai1="61,104,26,95,115,66,13,9,10,131,82,22,107" hai2="4,25,94,117,112,108,122,98,6,42,58,85,113" hai3="89,125,87,48,17,21,129,18,31,20,101,76,11"/><U34/><E115/><N who="2" m="44107" /><F117/><W55/><G129/><T109/><D130/><U12/><E131/><V116/><F122/><W1/><G76/><T19/><D72/><U128/><E128/><V23/><F116/><W132/><G125/><T27/><D109/><U14/><E82/><V41/><F85/><W118/><G132/><T124/><D124/><U84/><E34/><V111/><F58/><W80/><G101/><T65/><D57/><N who="1" m="37167" /><E104/><V79/><F79/><W88/><G118/><T93/><D40/><N who="2" m="15466" /><F4/><W35/><G35/><T134/><D134/><U32/><E32/><V105/><F6/><W126/><G1/><T97/><REACH who="0" step="1"/><D19/><REACH who="0" ten="178,250,250,312" step="2"/><N who="1" m="12639" /><E107/><V45/><F105/><W71/><G126/><T81/><D81/><U39/><E39/><V49/><F111/><W75/><G80/><T77/><D77/><U60/><E60/><V8/><F108/><W38/><G38/><T67/><D67/><U68/><E68/><V120/><F120/><W7/><G71/><T15/><D15/><U114/><E114/><V78/><F78/><W110/><G110/><T92/><D92/><U59/><E59/><V70/><F70/><W127/><G127/><T99/><D99/><U119/><E119/><V133/><F133/><W2/><G75/><T54/><D54/><U5/><E5/><V123/><F123/><W96/><G55/><T28/><AGARI ba="0,1" hai="27,28,33,46,47,63,65,69,86,90,93,97,100,106" machi="28" ten="30,12000,2" yaku="1,1,0,1,25,2,52,1,53,1" doraHai="30" doraHaiUra="91" who="0" fromWho="0" sc="178,130,250,-60,250,-30,312,-30" /><INIT seed="2,0,0,3,1,100" ten="308,190,220,282" oya="2" hai0="124,99,123,86,77,54,43,79,31,20,0,96,113" hai1="98,74,95,51,115,8,76,89,53,112,6,73,92" hai2="35,44,111,114,85,117,50,29,97,16,25,70,82" hai3="66,56,23,47,84,83,63,78,18,46,38,48,91"/><V133/><F114/><W21/><G38/><T32/><D113/><U120/><E120/><V75/><F117/><W127/><G127/><T101/><D0/><U58/><E73/><V118/><F118/><W11/><G78/><T59/><D123/><U34/><E34/><V52/><F133/><W40/><G47/><T49/><D124/><U28/><E28/><V65/><F111/><W107/><G107/><T33/><D43/><U132/><E132/><V17/><F75/><W3/><G3/><T128/><D128/><U22/><E22/><V57/><F70/><W10/><REACH who="3" step="1"/><G21/><REACH who="3" ten="308,190,220,272" step="2"/><T69/><D20/><U39/><E39/><V14/><F14/><AGARI ba="0,1" hai="10,11,14,18,23,40,46,48,56,63,66,83,84,91" machi="14" ten="30,7700,0" yaku="1,1,2,1,7,1,8,1,53,0" doraHai="100" doraHaiUra="64" who="3" fromWho="2" sc="308,0,190,0,220,-77,272,87" /><INIT seed="3,0,0,0,5,12" ten="308,190,143,359" oya="3" hai0="2,18,16,94,40,135,50,98,1,29,88,119,57" hai1="97,70,24,92,80,96,3,95,49,133,122,39,4" hai2="55,19,86,23,21,91,111,93,45,61,79,109,46" hai3="101,22,108,84,58,102,20,64,103,131,41,124,25"/><W65/><G124/><T43/><D119/><U90/><E122/><V126/><F126/><W87/><G131/><T115/><D115/><U17/><E39/><V60/><F111/><W69/><G69/><T100/><D135/><U104/><E70/><V121/><F121/><W26/><G41/><N who="0" m="15947" /><D1/><U123/><E123/><V38/><F38/><W75/><G75/><T73/><D2/><U132/><E104/><V82/><F109/><W125/><G125/><T44/><D73/><U120/><E120/><V48/><F45/><W8/><G8/><T6/><D29/><U0/><E80/><V14/><REACH who="2" step="1"/><F23/><REACH who="2" ten="308,190,133,359" step="2"/><W54/><G20/><T35/><D35/><U113/><E113/><V72/><AGARI ba="0,1" hai="14,19,21,46,48,55,60,61,72,79,82,86,91,93" machi="72" ten="20,8000,1" yaku="1,1,2,1,0,1,7,1,52,1,53,0" doraHai="12" doraHaiUra="7" who="2" fromWho="2" sc="308,-20,190,-20,133,90,359,-40" owari="288,8.8,170,-33.0,223,-17.7,319,41.9" /></mjloggm>