<mjloggm ver="2.3"><GO type="225" lobby="0"/><UN n0="%E5%A4%96%E5%B7%9D%E7%AB%9C%E6%88%90" n1="%E5%A4%9C%E5%85%89%E5%A4%A9%E6%A5%BC" n2="%4C%4F%4C%49%54%41" n3="%E3%81%B5%E3%81%98%E3%81%8B%E3%81%A4" dan="16,17,16,17" rate="2145.27,2187.08,2150.30,2209.23" sx="M,M,F,M"/><TAIKYOKU oya="0"/><INIT seed="0,0,0,2,4,29" ten="250,250,250,250" oya="0" hai0="16,89,68,4,62,20,13,10,129,2,7,52,74" hai1="42,14,30,96,45,6,88,119,39,117,132,83,22" hai2="56,55,35,109,101,99,25,57,47,125,31,75,1" hai3="103,23,114,97,32,67,79,19,130,86,46,93,51"/><T95/><D129/><U131/><E131/><V3/><F75/><W127/><G130/><T41/><D74/><U135/><E6/><V48/><F109/><W82/><G127/><T59/><D68/><U44/><E44/><V98/><F125/><W77/><G114/><T11/><D41/><U113/><E113/><V70/><F70/><W84/><G67/><T134/><D134/><N who="1" m="51243" /><E14/><V37/><F98/><W58/><G58/><T24/><D10/><U15/><E15/><V17/><F17/><W126/><G126/><T71/><D71/><U12/><E12/><V110/><F110/><W60/><G60/><T54/><D2/><U38/><E39/><V50/><F37/><W116/><G116/><T5/><D54/><U120/><E120/><V91/><F91/><W92/><G32/><T102/><D102/><U28/><E22/><V100/><F100/><W43/><G93/><T61/><D61/><U64/><E64/><V118/><F118/><N who="1" m="45065" /><E96/><AGARI ba="0,0" hai="4,5,7,11,13,16,20,24,52,59,62,89,95,96" machi="96" ten="30,18000,2" yaku="7,1,25,2,8,1,54,2" doraHai="29" who="0" fromWho="1" sc="250,180,250,-180,250,0,250,0" /><INIT seed="0,1,0,5,4,77" ten="430,70,250,250" oya="0" hai0="75,9,47,68,2,90,85,15,132,30,93,59,74" hai1="56,99,28,29,120,31,102,44,55,14,10,38,33" hai2="107,36,45,109,121,92,43,97,34,96,58,27,101" hai3="89,100,127,119,78,114,41,108,72,98,1,35,118"/><T87/><D68/><U125/><E120/><V54/><F109/><W86/><G35/><T104/><D2/><U94/><E125/><V53/><F121/><W70/><G1/><T83/><D132/><U50/><E33/><V95/><F107/><N who="3" m="63895" /><G41/><T65/><D104/><U135/><E135/><V20/><F58/><W60/><G60/><T13/><D13/><U24/><E38/><V52/><F34/><W128/><G70/><T110/><D110/><U76/><E76/><V80/><F80/><N who="3" m="45127" /><G108/><T7/><D30/><U64/><E24/><V105/><F105/><W26/><BYE who="2" /><G26/><T19/><D19/><U39/><E39/><V25/><F25/><W73/><G127/><T115/><D115/><U103/><E64/><UN n2="%4C%4F%4C%49%54%41" /><V133/><F133/><W126/><G126/><T106/><D106/><U6/><REACH who="1" step="1"/><E103/><REACH who="1" ten="430,60,250,250" step="2"/><V46/><F36/><W11/><G114/><T81/><D65/><U66/><E66/><V3/><F27/><W113/><G113/><T134/><D134/><U8/><E8/><V23/><F101/><W32/><G11/><T48/><D9/><U91/><E91/><V42/><F23/><W122/><G32/><T17/><D90/><U82/><E82/><V123/><F20/><W18/><G122/><T37/><D37/><U51/><E51/><V62/><F123/><W111/><G111/><T84/><D75/><U130/><E130/><V79/><F79/><W4/><G73/><T71/><D74/><U112/><E112/><V21/><F21/><W5/><G128/><T12/><D48/><U117/><E117/><N who="3" m="44554" /><G18/><T40/><D17/><U129/><E129/><RYUUKYOKU ba="1,1" sc="430,-15,60,15,250,-15,250,15" hai1="6,10,14,28,29,31,44,50,55,56,94,99,102" hai3="4,5,86,89" /><INIT seed="1,2,1,3,5,62" ten="415,75,235,265" oya="1" hai0="83,10,100,107,110,118,6,16,52,31,35,21,133" hai1="80,67,43,122,1,121,36,90,96,27,73,115,37" hai2="82,104,28,57,15,4,128,65,111,5,60,59,23" hai3="29,19,87,17,25,3,132,26,99,125,56,44,51"/><U117/><E1/><V9/><F104/><W134/><G125/><T18/><D100/><U61/><E115/><V38/><F38/><W45/><G3/><N who="0" m="351" /><D107/><U47/><E117/><V8/><F111/><W129/><G129/><T33/><D83/><U77/><E37/><V91/><F128/><W78/><G19/><N who="0" m="7211" /><D52/><U93/><REACH who="1" step="1"/><E27/><REACH who="1" ten="415,65,235,265" step="2"/><V58/><F28/><W30/><G26/><N who="0" m="16847" /><D118/><U22/><E22/><V135/><F23/><W39/><G39/><T92/><D110/><U116/><E116/><V14/><F135/><W70/><G134/><T130/><D133/><U50/><E50/><V98/><F98/><W123/><G99/><T48/><D130/><U34/><E34/><V46/><F46/><W81/><G45/><T86/><D48/><U66/><E66/><V106/><F106/><W131/><G132/><T42/><D33/><U114/><E114/><V71/><F71/><AGARI ba="2,2" hai="36,43,47,61,67,71,73,77,80,90,93,96,121,122" machi="71" ten="30,5800,0" yaku="1,1,7,1,52,1,53,0" doraHai="62" doraHaiUra="0" who="1" fromWho="2" sc="415,0,65,84,235,-64,265,0" /><INIT seed="1,3,0,5,2,82" ten="415,149,171,265" oya="1" hai0="43,40,123,2,32,6,20,131,5,22,122,57,102" hai1="107,90,55,12,53,105,23,10,135,103,64,96,77" hai2="38,17,28,7,86,81,98,66,30,128,16,69,50" hai3="47,67,108,76,35,88,118,45,92,100,83,68,49"/><U52/><E135/><V27/><F38/><W71/><G35/><T104/><D32/><U26/><E64/><V130/><F7/><W73/><G108/><T34/><D34/><U60/><E77/><V24/><F98/><W89/><G118/><T63/><D102/><U87/><E105/><V127/><F127/><W106/><G47/><T97/><D97/><U80/><E60/><V13/><F50/><W75/><G75/><T72/><D72/><U54/><E54/><V44/><F44/><W124/><G124/><T4/><D2/><U115/><E115/><V116/><F69/><W58/><G58/><T112/><D104/><U117/><E117/><V46/><F46/><W15/><G15/><T59/><D131/><N who="2" m="50218" /><F66/><W25/><G25/><N who="2" m="9801" /><F116/><W91/><G67/><T18/><D112/><U39/><E39/><V99/><F99/><N who="3" m="61727" /><G71/><T95/><D59/><U74/><E74/><V37/><F37/><W65/><G65/><T125/><D125/><U113/><E113/><V56/><F56/><W19/><G68/><T101/><D57/><U0/><E0/><V134/><F134/><W120/><G120/><N who="0" m="46123" /><D63/><U132/><E132/><V70/><F70/><W42/><G19/><N who="2" m="7241" /><F13/><W21/><G49/><T94/><D4/><N who="1" m="3143" /><E55/><V93/><F93/><N who="0" m="35338" /><D5/><U133/><E133/><V129/><N who="2" m="50226" /><V31/><DORA hai="9" /><F28/><W51/><G51/><T109/><D6/><U78/><E53/><V14/><F14/><W61/><G61/><T119/><D119/><U84/><E52/><V85/><F81/><W114/><G114/><T29/><D29/><N who="1" m="17631" /><E87/><N who="2" m="33291" /><F30/><W11/><G92/><T79/><D18/><RYUUKYOKU ba="3,0" sc="415,-15,149,15,171,15,265,-15" hai1="78,80,84,90,96,103,107" hai2="31" /><INIT seed="1,4,0,0,0,131" ten="400,164,186,250" oya="1" hai0="87,85,47,7,106,22,123,89,86,84,120,101,8" hai1="82,18,30,4,64,33,23,24,38,15,28,98,48" hai2="9,108,65,76,21,126,110,118,81,31,56,104,55" hai3="51,5,10,41,44,115,54,17,135,6,117,27,134"/><U19/><E38/><V132/><F118/><W63/><G115/><T122/><D22/><U0/><E64/><V43/><F104/><W130/><G117/><T72/><D72/><U78/><E98/><V1/><F126/><W36/><G130/><T34/><D34/><U46/><E0/><V60/><F43/><W35/><G63/><T11/><D47/><U129/><E129/><V68/><F132/><N who="3" m="50731" /><G35/><T107/><D101/><U113/><E113/><V61/><F31/><W116/><G116/><T97/><D97/><U92/><E92/><V100/><F100/><W25/><G17/><T3/><D11/><N who="1" m="4583" /><E19/><V75/><F21/><W133/><N who="3" m="50739" /><W52/><DORA hai="67" /><G6/><T42/><D42/><N who="1" m="24663" /><E33/><V105/><F108/><W127/><G127/><T80/><AGARI ba="4,0" hai="3,7,8,80,84,85,86,87,89,106,107,120,122,123" machi="80" ten="40,2700,0" yaku="0,1,13,1" doraHai="131,67" who="0" fromWho="0" sc="400,39,164,-17,186,-11,250,-11" /><INIT seed="2,0,0,1,5,65" ten="439,147,175,239" oya="2" hai0="27,14,66,100,25,76,22,94,35,51,99,11,72" hai1="36,7,21,92,57,86,60,112,53,89,58,15,98" hai2="80,3,108,5,4,44,97,81,116,17,122,10,103" hai3="114,93,64,85,129,127,39,134,95,31,88,67,113"/><V128/><F116/><W54/><G127/><T26/><D35/><U18/><E36/><V78/><F122/><W6/><G39/><T68/><D68/><U119/><E112/><N who="3" m="43114" /><G134/><T131/><D131/><U46/><E119/><V34/><F34/><W12/><G31/><T132/><D132/><U40/><E7/><V107/><F128/><W24/><G24/><T49/><D66/><N who="3" m="25129" /><G129/><T50/><D72/><U102/><E58/><V105/><F4/><W121/><G54/><T115/><D115/><U8/><E40/><V79/><F108/><W123/><G95/><T75/><D75/><U104/><E46/><V0/><F105/><W43/><G43/><T71/><D71/><U91/><REACH who="1" step="1"/><E89/><REACH who="1" ten="439,137,175,239" step="2"/><V109/><F44/><W37/><G37/><T20/><D76/><U87/><E87/><V1/><F109/><W90/><G90/><T13/><D13/><U41/><E41/><V9/><F5/><AGARI ba="0,1" hai="5,11,14,20,22,25,26,27,49,50,51,94,99,100" machi="5" ten="40,1300,0" yaku="8,1" doraHai="65" who="0" fromWho="2" sc="439,23,137,0,175,-13,239,0" /><INIT seed="3,0,0,4,0,88" ten="462,137,162,239" oya="3" hai0="112,80,42,70,58,44,100,5,7,2,71,127,84" hai1="25,47,9,54,6,28,39,94,85,33,87,111,0" hai2="27,107,50,3,8,51,117,23,69,79,66,49,45" hai3="30,24,4,83,46,78,35,60,131,75,11,101,20"/><W55/><G131/><T65/><D112/><U129/><E129/><V116/><F107/><W96/><G55/><T48/><D100/><U38/><E111/><V18/><F79/><W19/><G60/><T22/><D22/><U108/><E108/><V77/><F77/><W91/><G91/><T103/><D103/><U81/><E87/><V110/><F110/><W56/><G56/><T53/><D2/><U105/><E105/><V90/><F45/><W17/><G46/><T118/><D118/><U120/><E120/><V114/><F114/><W40/><G40/><T63/><D127/><U93/><E39/><V31/><F69/><W86/><G75/><T21/><D21/><U29/><E29/><V134/><F66/><W67/><G67/><T12/><D12/><U68/><E68/><V37/><F134/><W26/><G26/><T61/><D71/><U10/><E10/><V104/><F37/><W36/><G36/><T102/><D102/><U125/><E125/><V126/><F104/><W122/><G101/><T132/><D132/><U124/><E124/><V74/><F74/><W43/><G30/><T97/><D97/><U99/><E99/><V92/><F126/><W130/><G96/><T95/><D95/><U115/><E115/><V32/><F3/><W89/><G78/><AGARI ba="0,0" hai="5,7,42,44,48,53,58,61,63,65,70,78,80,84" machi="78" ten="30,1000,0" yaku="7,1" doraHai="88" who="0" fromWho="3" sc="462,10,137,0,162,0,239,-10" owari="472,57.2,137,-36.3,162,-23.8,229,2.9" /></mjloggm>