<mjloggm ver="2.3"><GO type="225" lobby="0"/><UN n0="%E5%A4%9C%E3%81%AE%E3%82%AC%E3%82%B9%E3%83%91%E3%83%BC%E3%83%AB" n1="%4B%2E%32%2E%4B%2E" n2="%E5%91%A8%E6%9D%B1" n3="%E3%81%A4%E3%81%A3%E3%81%B1%E3%82%8A%E3%83%9D%E3%83%BC%E3%83%AB" dan="17,16,17,16" rate="2164.60,2139.46,2145.65,2088.49" sx="M,M,M,M"/><TAIKYOKU oya="0"/><INIT seed="0,0,0,3,3,97" ten="250,250,250,250" oya="0" hai0="64,11,4,38,24,79,76,22,66,7,37,86,77" hai1="118,53,114,48,41,92,67,82,91,55,65,54,130" hai2="43,87,73,59,104,109,20,134,105,81,84,135,34" hai3="2,122,62,100,126,107,36,33,71,21,89,85,52"/><T29/><D86/><N who="2" m="32810" /><F34/><W95/><G33/><T111/><D111/><U18/><E118/><V50/><F20/><W60/><G2/><T25/><D7/><U23/><E130/><V131/><F43/><W129/><G36/><T10/><D10/><U110/><E110/><V58/><F50/><W46/><G129/><T102/><D102/><U44/><E82/><V26/><F26/><W108/><G71/><T113/><D113/><U14/><E114/><V19/><F19/><W27/><G108/><T70/><D25/><U132/><E132/><N who="2" m="50731" /><F109/><W35/><G35/><T32/><D32/><U121/><E121/><V75/><F131/><W69/><G69/><T31/><D31/><U30/><E30/><V56/><F81/><W94/><G122/><T6/><D6/><U15/><E14/><V112/><F112/><W83/><G62/><T125/><D70/><U88/><E67/><V17/><F17/><W128/><G60/><T47/><D38/><U0/><E65/><V16/><F16/><N who="3" m="12711" /><G128/><T127/><D66/><U123/><E123/><V115/><F115/><W96/><G83/><T93/><D64/><U78/><E0/><V39/><F39/><W124/><G52/><T63/><D63/><U98/><E78/><V72/><AGARI ba="0,0" hai="56,58,59,72,73,75,104,105" m="50731,32810" machi="72" ten="40,5200,0" yaku="28,2,20,1" doraHai="97" who="2" fromWho="2" sc="250,-26,250,-13,250,52,250,-13" /><INIT seed="1,0,0,0,4,57" ten="224,237,302,237" oya="1" hai0="125,134,133,67,94,49,116,70,106,32,54,135,35" hai1="65,71,9,93,83,64,47,52,128,69,46,112,15" hai2="56,122,30,115,108,101,13,73,124,3,7,90,129" hai3="10,27,103,20,60,53,43,5,21,18,80,14,100"/><U113/><E128/><V75/><F3/><W92/><G43/><T6/><D125/><U76/><E93/><V17/><F7/><W0/><G80/><T77/><D116/><U132/><E132/><V89/><F122/><W121/><G121/><T58/><D106/><U45/><E71/><V68/><F68/><W79/><G79/><T28/><D6/><U114/><E52/><V97/><F129/><W41/><G41/><T120/><D120/><U38/><E38/><V48/><F124/><W117/><G117/><T91/><D77/><U81/><E69/><V55/><F108/><W109/><G109/><T74/><D74/><U127/><E127/><V29/><F115/><W105/><G105/><T24/><D67/><U118/><E118/><V84/><F75/><W82/><G82/><T31/><D70/><U22/><E22/><V44/><F73/><W1/><G1/><T19/><D19/><U72/><REACH who="1" step="1"/><E83/><REACH who="1" ten="224,227,302,237" step="2"/><V8/><F56/><N who="3" m="34831" /><G92/><T110/><D110/><U111/><E111/><V16/><F55/><W131/><G131/><T95/><D35/><U59/><E59/><V126/><F126/><W23/><G23/><T99/><D95/><U4/><AGARI ba="0,1" hai="4,9,15,45,46,47,64,65,72,76,81,112,113,114" machi="4" ten="40,3900,0" yaku="1,1,0,1,53,0" doraHai="57" doraHaiUra="12" who="1" fromWho="1" sc="224,-13,227,49,302,-13,237,-13" /><INIT seed="1,1,0,3,4,97" ten="211,276,289,224" oya="1" hai0="124,65,86,105,8,72,46,64,60,74,21,118,113" hai1="108,75,42,17,126,94,15,48,67,47,130,45,28" hai2="89,4,88,43,85,83,7,111,76,29,114,51,6" hai3="79,129,82,121,115,110,112,25,102,77,117,80,68"/><U69/><E75/><V39/><F39/><W20/><G68/><T40/><D118/><U98/><E126/><V96/><F111/><W11/><G11/><T16/><D113/><U73/><E73/><V56/><F114/><W52/><G121/><T1/><D124/><U63/><E130/><V103/><F29/><W9/><G110/><T66/><D105/><U91/><E108/><V104/><REACH who="2" step="1"/><F56/><REACH who="2" ten="211,276,279,224" step="2"/><W14/><G115/><T127/><D127/><U123/><E123/><V26/><F26/><W84/><G112/><T93/><D74/><U61/><E28/><V23/><F23/><W119/><G129/><T12/><D72/><U128/><E128/><V71/><F71/><W3/><G20/><T116/><D116/><U81/><E47/><AGARI ba="1,1" hai="4,6,7,43,47,51,76,83,85,88,89,96,103,104" machi="47" ten="40,5200,0" yaku="1,1,52,1,54,1,53,0" doraHai="97" doraHaiUra="57" who="2" fromWho="1" sc="211,0,276,-55,279,65,224,0" /><INIT seed="2,0,0,0,5,31" ten="211,221,344,224" oya="2" hai0="115,47,53,12,88,0,30,76,103,101,43,127,22" hai1="90,94,5,17,24,25,131,36,129,77,32,128,95" hai2="41,99,11,110,37,69,21,67,57,42,49,135,130" hai3="109,106,83,33,74,104,100,20,85,35,87,91,19"/><V116/><F116/><W15/><G109/><T65/><D115/><U56/><E36/><V8/><F135/><W97/><G106/><T114/><D114/><U117/><E117/><V6/><F130/><W63/><G74/><T40/><D0/><U55/><E5/><V80/><F110/><W68/><REACH who="3" step="1"/><G87/><REACH who="3" ten="211,221,344,214" step="2"/><T89/><D127/><U45/><E131/><V92/><F99/><W70/><G70/><T58/><D76/><U4/><E77/><V14/><F69/><W82/><G82/><T96/><D65/><AGARI ba="0,1" hai="15,19,20,33,35,63,65,68,83,85,91,97,100,104" machi="65" ten="40,5200,0" yaku="1,1,52,2,53,0" doraHai="31" doraHaiUra="46" who="3" fromWho="0" sc="211,-52,221,0,344,0,214,62" /><INIT seed="3,0,0,1,2,2" ten="159,221,344,276" oya="3" hai0="117,39,116,124,48,111,28,59,8,125,19,105,102" hai1="104,0,47,133,113,126,129,27,128,11,77,23,75" hai2="73,123,30,24,18,9,131,15,110,4,41,14,134" hai3="34,120,72,90,91,46,69,61,54,52,130,66,108"/><W114/><G114/><T53/><D105/><U88/><E113/><V10/><F73/><W16/><G120/><T56/><D102/><U38/><E104/><V96/><F123/><W58/><G72/><T40/><D28/><U80/><E126/><N who="0" m="48745" /><D19/><U112/><E112/><V121/><F131/><N who="1" m="50249" /><E133/><V101/><F134/><W44/><G34/><T49/><D8/><U45/><E38/><V127/><F110/><W21/><G108/><T25/><D25/><U119/><E119/><N who="0" m="45641" /><D111/><U94/><E11/><V85/><F121/><W51/><G130/><T76/><D76/><U92/><E0/><V31/><F127/><W81/><G81/><T118/><N who="0" m="45649" /><T29/><DORA hai="37" /><D29/><N who="1" m="17663" /><E94/><N who="2" m="58519" /><F24/><W35/><G35/><T12/><D12/><U5/><E5/><V6/><F18/><W132/><G132/><T50/><D53/><U22/><E22/><V106/><F106/><W89/><G54/><T74/><D74/><U100/><E100/><V63/><F31/><W84/><G84/><AGARI ba="0,0" hai="45,47,75,77,80,84,88,92" m="17663,50249" machi="84" ten="30,2000,0" yaku="19,1,54,1" doraHai="2,37" who="1" fromWho="3" sc="159,0,221,20,344,0,276,-20" owari="159,-34.1,241,-15.9,344,44.4,256,5.6" /></mjloggm>