<mjloggm ver="2.3"><GO type="225" lobby="0"/><UN n0="%E3%81%A9%E3%82%8F%E3%82%93%E3%81%94" n1="%E3%81%BF%E3%81%BF%E3%81%9A" n2="%E7%B4%94%E6%BD%94%E3%83%94%E3%83%A9%E3%83%8B%E3%82%A2" n3="%33%74%72%65%65" dan="16,17,17,16" rate="2088.19,2321.13,2208.97,2098.37" sx="M,M,M,F"/><TAIKYOKU oya="0"/><INIT seed="0,0,0,5,3,6" ten="250,250,250,250" oya="0" hai0="58,77,15,3,69,91,83,33,84,107,96,38,131" hai1="34,51,108,123,79,65,24,114,115,93,23,134,30" hai2="49,89,59,111,36,22,102,52,13,12,99,119,53" hai3="8,61,64,129,135,122,92,112,57,56,98,75,101"/><T117/><D3/><U41/><E123/><V94/><F111/><W54/><G112/><N who="1" m="43050" /><E108/><V73/><F73/><W95/><G122/><T87/><D69/><U29/><E134/><V35/><F35/><W116/><G116/><T80/><D38/><U31/><E79/><V32/><F32/><W4/><G135/><T46/><D33/><U106/><E106/><V39/><F119/><W113/><G113/><T60/><D117/><U62/><E93/><V105/><F53/><W118/><G118/><T63/><D131/><U78/><E78/><V90/><F90/><W28/><G129/><T110/><D46/><N who="1" m="26063" /><E34/><V85/><F12/><W127/><G92/><T1/><D1/><U18/><E31/><V19/><AGARI ba="0,0" hai="13,19,22,36,39,49,52,59,85,89,94,99,102,105" machi="19" ten="30,7900,0" yaku="0,1,25,2,54,1" doraHai="6" who="2" fromWho="2" sc="250,-39,250,-20,250,79,250,-20" /><INIT seed="1,0,0,1,5,4" ten="211,230,329,230" oya="1" hai0="86,65,81,112,90,106,82,13,109,50,7,105,121" hai1="6,108,99,66,94,115,54,30,25,1,126,31,48" hai2="116,17,45,28,122,61,127,3,21,103,120,41,44" hai3="77,42,46,87,102,69,110,123,72,11,133,52,38"/><U55/><E115/><V63/><F3/><W92/><G123/><T114/><D109/><U78/><E108/><V39/><F116/><W14/><G110/><T74/><D65/><U130/><E66/><V12/><F127/><W89/><G69/><T56/><D121/><U8/><E126/><V79/><F79/><W76/><G133/><T104/><D56/><U91/><E130/><V100/><F122/><W20/><G72/><T111/><D50/><U5/><E78/><V33/><F120/><W27/><G102/><T35/><D35/><U34/><E31/><V134/><F134/><W135/><G52/><T107/><D111/><U73/><E73/><V53/><F33/><W29/><REACH who="3" step="1"/><G135/><REACH who="3" ten="211,230,329,220" step="2"/><T0/><D74/><U32/><E55/><V59/><F100/><W51/><G51/><T129/><D114/><U85/><E54/><V49/><F103/><W75/><G75/><T40/><D112/><U23/><E48/><V64/><F61/><W97/><G97/><T70/><D70/><U84/><E99/><V119/><F119/><W24/><G24/><T117/><D117/><U101/><E101/><V57/><F57/><W71/><G71/><T10/><D107/><U47/><E84/><V9/><F39/><W19/><AGARI ba="0,1" hai="11,14,19,20,27,29,38,42,46,76,77,87,89,92" machi="19" ten="20,5200,0" yaku="1,1,0,1,7,1,52,1,53,0" doraHai="4" doraHaiUra="60" who="3" fromWho="3" sc="211,-13,230,-26,329,-13,220,62" /><INIT seed="2,0,0,4,3,120" ten="198,204,316,282" oya="2" hai0="67,124,83,131,1,62,3,23,133,100,33,127,54" hai1="15,11,22,30,86,50,43,45,26,17,123,31,25" hai2="8,66,18,14,101,20,6,96,97,128,79,87,114" hai3="21,56,47,0,107,71,106,98,4,85,125,130,102"/><V28/><F114/><W113/><G71/><T48/><D33/><U92/><E123/><V40/><F128/><W132/><G106/><T82/><D131/><U109/><E109/><V5/><F66/><W46/><G125/><N who="0" m="48203" /><D100/><U53/><E43/><V90/><F79/><W99/><G99/><T27/><D133/><U64/><E64/><V104/><F97/><W122/><G56/><N who="0" m="32839" /><D3/><U74/><E74/><V80/><F40/><W88/><G132/><T52/><D1/><U129/><E129/><V81/><F81/><W72/><G0/><T34/><D34/><U32/><E86/><V119/><F119/><W63/><G85/><T76/><D76/><U115/><REACH who="1" step="1"/><E92/><REACH who="1" ten="198,194,316,282" step="2"/><V57/><F104/><W112/><G107/><T60/><D52/><U78/><E78/><V91/><F96/><W117/><G98/><T42/><D42/><U93/><E93/><V70/><F87/><W126/><G72/><T39/><D39/><U7/><E7/><V95/><F6/><W110/><G4/><T84/><D84/><U135/><E135/><V41/><F41/><W51/><G122/><T44/><D67/><U38/><E38/><V59/><F5/><W35/><G112/><AGARI ba="0,1" hai="11,15,17,22,25,26,30,31,32,45,50,53,112,115" machi="112" ten="40,1300,0" yaku="1,1,53,0" doraHai="120" doraHaiUra="77" who="1" fromWho="3" sc="198,0,194,23,316,0,282,-13" /><INIT seed="3,0,0,4,5,117" ten="198,217,316,269" oya="3" hai0="4,86,95,110,38,109,35,79,3,37,24,91,8" hai1="42,13,51,30,63,28,52,61,100,31,97,41,111" hai2="78,2,92,89,14,32,106,108,104,132,73,27,65" hai3="87,59,67,56,11,107,88,115,77,55,1,128,84"/><W122/><G122/><T121/><D79/><U125/><E111/><V10/><F108/><N who="0" m="41578" /><D24/><U20/><E125/><V26/><F2/><W22/><G107/><T15/><D35/><U98/><E20/><V68/><F32/><W34/><G22/><T69/><D69/><U45/><E13/><V119/><F119/><W17/><G1/><T33/><D33/><U130/><E130/><V39/><F39/><N who="0" m="14858" /><D3/><U29/><N who="1" m="7168" /><DORA hai="126" /><U54/><E98/><V112/><F68/><W134/><G77/><T114/><D114/><U116/><E116/><V53/><F78/><W82/><G34/><T44/><D44/><U5/><E5/><V96/><F27/><W23/><G128/><T85/><D85/><U123/><E123/><AGARI ba="0,0" hai="4,8,15,86,91,95,121,123" m="14858,41578" machi="123" ten="30,3900,0" yaku="14,1,52,2" doraHai="117,126" who="0" fromWho="1" sc="198,39,217,-39,316,0,269,0" owari="237,-16.3,178,-32.2,316,41.6,269,6.9" /></mjloggm>