<mjloggm ver="2.3"><GO type="225" lobby="0"/><UN n0="%E3%81%BF%E3%81%BF%E3%81%9A" n1="%33%74%72%65%65" n2="%E4%BF%BA%E3%81%A8%E5%A6%96%E5%A4%A2" n3="%E3%81%95%E3%81%8D%E3%81%9F%E3%81%BE%E6%9E%97%E6%AA%8E" dan="17,17,17,16" rate="2240.35,2228.73,2230.17,2069.83" sx="M,F,F,M"/><TAIKYOKU oya="0"/><INIT seed="0,0,0,0,2,29" ten="250,250,250,250" oya="0" hai0="98,34,15,28,8,3,59,60,134,78,127,62,27" hai1="113,36,121,49,72,90,74,5,99,88,95,50,54" hai2="41,53,103,108,23,56,31,86,67,116,7,96,93" hai3="66,118,37,71,43,61,14,19,84,85,42,94,91"/><T77/><D134/><U22/><E121/><V17/><F108/><W70/><G118/><T9/><D127/><U92/><E36/><V120/><F120/><W106/><G106/><T10/><D3/><U39/><E39/><V126/><F126/><W63/><G37/><T64/><D15/><U112/><E5/><V109/><F109/><W107/><G107/><T11/><N who="0" m="2048" /><DORA hai="68" /><T80/><D80/><U69/><E69/><V21/><F41/><W122/><G122/><T4/><D4/><U58/><E22/><V105/><F116/><W16/><G14/><T24/><D24/><U32/><E32/><V45/><F31/><W104/><G104/><T101/><REACH who="0" step="1"/><D62/><REACH who="0" ten="240,250,250,250" step="2"/><U51/><E112/><V89/><F7/><W111/><G111/><T129/><D129/><U52/><E113/><V1/><F1/><W12/><G12/><T133/><D133/><U76/><E76/><V124/><F124/><W2/><G2/><T18/><D18/><U44/><REACH who="1" step="1"/><E50/><REACH who="1" ten="240,240,250,250" step="2"/><V125/><F125/><W25/><G63/><T46/><D46/><U82/><E82/><V128/><F128/><W97/><G61/><T0/><D0/><U35/><E35/><V65/><F21/><W123/><G123/><T81/><D81/><U119/><E119/><V115/><F115/><W135/><G135/><T57/><D57/><U38/><E38/><V100/><F45/><W6/><G71/><T102/><D102/><U73/><E73/><V40/><F103/><W87/><G70/><T117/><D117/><U55/><E55/><V131/><F131/><W132/><G6/><T48/><D48/><RYUUKYOKU ba="0,2" sc="240,15,240,15,250,-15,250,-15" hai0="27,28,34,59,60,64,77,78,98,101" hai1="44,49,51,52,54,58,72,74,88,90,92,95,99" /><INIT seed="0,1,2,2,3,127" ten="255,255,235,235" oya="0" hai0="128,57,52,61,29,90,103,62,22,74,106,56,80" hai1="109,23,77,75,133,42,51,115,130,95,40,87,113" hai2="85,88,38,119,100,32,8,76,15,0,114,46,45" hai3="73,110,49,6,116,13,1,93,82,24,132,64,126"/><T60/><D128/><U39/><E130/><V117/><F114/><N who="1" m="43529" /><E109/><V112/><F112/><W84/><G110/><T96/><D29/><U104/><E104/><V31/><F0/><W27/><G116/><N who="2" m="44617" /><F76/><W44/><G73/><T34/><D34/><U81/><E133/><V25/><F100/><W12/><G132/><T135/><D135/><U91/><E39/><V83/><F38/><W28/><G126/><T47/><D22/><U102/><E102/><V35/><F35/><W41/><G1/><T55/><D47/><N who="1" m="26087" /><E23/><V36/><F36/><W54/><G93/><T59/><REACH who="0" step="1"/><D90/><REACH who="0" ten="245,255,235,235" step="2"/><N who="1" m="53727" /><E42/><V7/><AGARI ba="1,3" hai="7,8,15,25,31,32,45,46,83,85,88" m="44617" machi="7" ten="30,2000,0" yaku="12,1,54,1" doraHai="127" who="2" fromWho="2" sc="245,-11,255,-6,235,53,235,-6" /><INIT seed="1,0,0,0,2,5" ten="234,249,288,229" oya="1" hai0="8,35,68,74,128,94,30,70,23,64,77,51,3" hai1="92,67,29,80,41,90,37,1,57,2,53,33,50" hai2="86,0,32,98,88,101,18,125,73,17,63,66,36" hai3="11,105,26,121,135,42,117,126,100,75,95,24,85"/><U129/><E129/><V44/><F73/><W55/><G121/><T130/><D23/><U10/><E67/><V99/><F32/><W114/><G114/><T106/><D94/><U46/><E80/><V72/><F72/><W78/><G105/><T131/><D51/><U123/><E123/><V54/><F0/><W82/><G42/><T59/><D59/><U40/><E40/><V38/><F98/><W111/><G111/><T87/><D87/><U9/><E1/><V113/><F54/><W69/><G69/><T110/><D106/><U22/><E2/><V31/><F31/><W39/><G39/><T115/><D115/><U103/><E103/><V43/><F38/><W27/><G135/><T49/><D49/><N who="1" m="30895" /><E33/><V93/><F125/><W47/><G126/><T97/><D97/><N who="1" m="57495" /><E37/><V91/><F113/><W81/><G117/><T104/><D104/><U79/><E79/><V84/><F84/><W116/><G116/><T15/><D3/><U16/><E29/><V134/><F134/><W124/><G124/><T89/><D89/><U4/><E4/><V52/><F91/><N who="3" m="53743" /><G100/><T12/><D110/><U6/><E6/><V60/><F66/><W127/><G127/><T14/><D64/><U76/><E76/><V13/><F36/><W133/><G133/><T19/><D77/><U20/><E20/><V21/><F43/><W65/><G65/><T71/><D74/><U45/><E45/><V25/><F101/><W83/><G78/><T34/><D34/><U28/><E28/><V132/><F132/><W61/><G75/><T109/><D109/><U48/><E48/><RYUUKYOKU ba="0,0" sc="234,15,249,15,288,-15,229,-15" hai0="8,12,14,15,19,30,35,68,70,71,128,130,131" hai1="9,10,16,22,41,46,50" /><INIT seed="1,1,0,1,2,84" ten="249,264,273,214" oya="1" hai0="124,35,7,60,135,38,76,32,102,73,100,123,37" hai1="1,120,55,72,36,14,63,13,21,110,126,33,62" hai2="12,39,87,44,8,43,15,85,25,106,29,99,128" hai3="48,118,67,47,90,105,28,109,132,6,91,45,9"/><U107/><E120/><V78/><F128/><W27/><G105/><T80/><D123/><U16/><E1/><V116/><F116/><W40/><G109/><T56/><D7/><U104/><E72/><V65/><F65/><W117/><G132/><T127/><D135/><U51/><E36/><V108/><F108/><W59/><G47/><T82/><D56/><U133/><E133/><V31/><F78/><W49/><G67/><T129/><D60/><U58/><E110/><V53/><F53/><W4/><G59/><T23/><D23/><U74/><E74/><V89/><F12/><W46/><G27/><T114/><D129/><U57/><E126/><N who="0" m="48169" /><D82/><U75/><E75/><V2/><F2/><W11/><REACH who="3" step="1"/><G28/><REACH who="3" ten="249,264,273,204" step="2"/><T83/><D114/><U22/><E58/><V77/><F31/><W69/><G69/><T26/><D26/><U93/><E57/><V103/><F25/><W34/><G34/><N who="0" m="12843" /><D80/><U86/><E33/><V3/><F29/><W115/><G115/><T10/><D10/><U68/><E63/><V41/><F8/><W119/><G119/><T113/><D113/><U122/><E62/><V98/><F44/><W121/><G121/><T17/><D17/><U18/><E122/><V96/><F106/><W92/><G92/><T79/><D79/><U94/><E94/><V24/><F77/><W71/><G71/><T5/><D5/><U50/><E68/><V101/><F24/><W0/><G0/><T88/><D37/><U112/><E112/><V54/><F39/><W64/><G64/><T30/><D38/><U134/><E134/><V125/><F125/><RYUUKYOKU ba="1,1" sc="249,-10,264,-10,273,-10,204,30" hai3="4,6,9,11,40,45,46,48,49,90,91,117,118" /><INIT seed="2,2,1,5,4,71" ten="239,254,263,234" oya="2" hai0="46,127,125,112,32,131,96,83,106,115,123,108,113" hai1="80,84,40,82,49,88,23,107,104,105,114,119,66" hai2="11,129,91,79,37,68,9,51,61,57,70,55,60" hai3="20,30,95,3,110,67,52,16,86,64,101,41,43"/><V58/><F37/><W42/><G110/><T87/><D32/><U134/><E114/><N who="0" m="29185" /><T18/><DORA hai="33" /><D123/><U128/><E119/><V72/><F129/><W34/><G3/><T109/><D18/><U99/><E134/><V93/><F79/><W5/><G5/><T120/><D120/><U31/><E128/><V69/><F72/><W54/><G34/><T90/><D131/><U59/><E66/><N who="3" m="25130" /><G30/><T92/><D46/><U22/><E99/><V124/><F124/><N who="0" m="47690" /><D106/><U63/><E31/><V7/><F58/><W126/><G126/><T100/><AGARI ba="2,1" hai="83,87,90,92,96,100,108,109" m="47690,29185" machi="100" ten="50,6400,0" yaku="18,1,34,2" doraHai="71,33" who="0" fromWho="0" sc="239,80,254,-18,263,-34,234,-18" /><INIT seed="3,0,0,5,3,4" ten="319,236,229,216" oya="3" hai0="14,91,58,59,29,44,92,19,23,48,30,132,82" hai1="105,84,26,119,16,75,21,64,129,102,135,38,74" hai2="67,9,2,1,25,101,97,65,85,53,6,114,57" hai3="131,79,103,56,100,13,73,68,76,40,41,128,94"/><W89/><G68/><T130/><D82/><U83/><E129/><N who="3" m="49738" /><G73/><T127/><D132/><U71/><E135/><V32/><F114/><W66/><G66/><T88/><D127/><U8/><E38/><V120/><F120/><W80/><G56/><N who="0" m="21547" /><D130/><U86/><E119/><V18/><F1/><W11/><G80/><T133/><D133/><U12/><E71/><V95/><F85/><N who="3" m="52527" /><G41/><N who="0" m="24591" /><D88/><U69/><E64/><V63/><REACH who="2" step="1"/><F18/><REACH who="2" ten="319,236,219,216" step="2"/><N who="3" m="8511" /><G40/><T36/><D36/><U34/><E75/><V99/><F99/><AGARI ba="0,1" hai="14,19,23,29,30,91,92,99" m="24591,21547" machi="99" ten="30,1000,0" yaku="8,1" doraHai="4" who="0" fromWho="2" sc="319,20,236,0,219,-10,216,0" owari="339,43.9,236,3.6,209,-29.1,216,-18.4" /></mjloggm>