<mjloggm ver="2.3"><GO type="225" lobby="0"/><UN n0="%E5%A4%96%E5%B7%9D%E7%AB%9C%E6%88%90" n1="%E6%B4%BE%E9%81%A3%E3%81%AE%E3%82%B8%E3%83%A3%E3%83%83%E3%82%AF" n2="%E6%B0%B7%E5%B7%9D%E9%87%8C%E5%A5%88" n3="%E5%B0%8F%E9%B3%A5%E9%81%8A%E7%B7%B4%E7%84%A1%32%31%E6%AD%B3" dan="16,17,16,16" rate="2154.58,2195.84,2133.33,2150.22" sx="M,M,F,F"/><TAIKYOKU oya="0"/><INIT seed="0,0,0,3,4,32" ten="250,250,250,250" oya="0" hai0="18,5,1,106,112,128,96,66,101,27,116,39,13" hai1="0,38,35,51,63,48,115,28,17,93,33,121,29" hai2="103,117,79,6,71,86,61,76,37,97,75,114,9" hai3="31,133,132,65,87,72,67,88,60,69,99,104,45"/><T8/><D112/><U109/><E38/><V127/><F117/><W94/><G72/><T54/><D116/><U85/><E121/><V43/><F114/><W78/><G65/><T122/><D122/><U126/><E115/><V98/><F127/><W57/><G78/><T41/><D128/><U125/><E63/><V118/><F118/><W83/><G45/><T55/><D66/><U131/><E131/><V124/><F124/><N who="1" m="47721" /><E17/><V107/><F71/><W10/><G10/><T130/><D130/><U135/><E109/><V68/><F68/><W36/><G36/><T2/><D27/><U105/><E105/><V53/><F86/><W30/><G69/><T19/><D19/><U102/><E135/><V34/><F34/><N who="1" m="12809" /><E0/><V74/><F61/><W47/><G104/><T81/><D1/><U58/><E58/><V21/><F107/><W90/><REACH who="3" step="1"/><G47/><REACH who="3" ten="250,250,250,240" step="2"/><T70/><D70/><U119/><E119/><V12/><F9/><W26/><G26/><T16/><D39/><U42/><E42/><V40/><F43/><W64/><G64/><T89/><D41/><U111/><E111/><V123/><F40/><W44/><G44/><T50/><D55/><U120/><E120/><V20/><F123/><W7/><G7/><T23/><D54/><U108/><E108/><V11/><F37/><W59/><G59/><T95/><D106/><U62/><E62/><V100/><F53/><W15/><G15/><T80/><D50/><U82/><E48/><V25/><F25/><W4/><G4/><T22/><D101/><U129/><E129/><V84/><F100/><W134/><AGARI ba="0,1" hai="30,31,57,60,67,83,87,88,90,94,99,132,133,134" machi="134" ten="30,8000,1" yaku="1,1,5,1,0,1,20,1,54,1,53,0" doraHai="32" doraHaiUra="73" who="3" fromWho="3" sc="250,-40,250,-20,250,-20,240,90" /><INIT seed="1,0,0,4,0,47" ten="210,230,230,330" oya="1" hai0="26,123,121,52,99,64,85,32,101,44,1,108,37" hai1="63,4,13,16,0,45,40,87,21,132,23,100,72" hai2="9,126,83,5,53,50,61,11,67,96,7,81,122" hai3="76,91,135,66,36,35,59,10,33,14,110,48,103"/><U90/><E72/><V25/><F122/><N who="0" m="46602" /><D1/><U134/><E100/><V75/><F126/><W20/><G36/><T2/><D2/><U119/><E119/><V60/><F25/><W55/><G135/><N who="1" m="51754" /><E63/><V29/><F29/><W109/><G103/><T115/><D115/><U114/><E114/><V82/><F96/><W57/><G20/><T28/><D85/><U39/><E23/><V92/><F92/><W127/><G76/><T97/><D108/><N who="3" m="41577" /><G91/><T107/><D99/><U130/><E130/><V131/><F75/><W118/><G127/><T78/><D78/><U120/><E120/><V89/><F89/><W6/><G118/><T128/><D64/><U3/><E4/><N who="2" m="1611" /><F131/><W84/><G84/><T80/><D80/><AGARI ba="0,0" hai="0,3,13,16,21,39,40,45,80,87,90" m="51754" machi="80" ten="30,2900,0" yaku="20,1,54,1" doraHai="47" who="1" fromWho="0" sc="210,-29,230,29,230,0,330,0" /><INIT seed="1,1,0,5,4,36" ten="181,259,230,330" oya="1" hai0="59,14,128,125,33,27,13,47,58,81,24,55,12" hai1="2,43,19,23,10,38,96,61,35,39,21,79,46" hai2="29,6,114,25,30,106,32,45,102,53,107,94,133" hai3="18,70,86,54,52,98,11,99,83,7,109,118,31"/><U131/><E35/><V84/><F6/><W113/><G113/><T66/><D125/><U42/><E79/><V122/><F122/><W65/><G109/><T135/><D128/><U41/><E96/><N who="3" m="36906" /><G31/><T17/><D135/><U101/><E101/><V82/><F102/><W78/><G70/><T40/><D33/><U119/><E119/><V74/><F94/><W76/><G65/><T72/><D66/><U16/><E61/><V134/><F74/><W73/><G73/><T37/><D17/><N who="1" m="6731" /><E46/><V28/><F114/><W87/><G7/><T60/><REACH who="0" step="1"/><D59/><REACH who="0" ten="171,259,230,330" step="2"/><U15/><E131/><V97/><F28/><W75/><G118/><T80/><D80/><U48/><E38/><V71/><F29/><W26/><G18/><T105/><D105/><U90/><E39/><V112/><F71/><W0/><G83/><T111/><D111/><U1/><E21/><V44/><F112/><W116/><G116/><T3/><D3/><U117/><E2/><V51/><F106/><W67/><G0/><T50/><D50/><U4/><E48/><V5/><F107/><W64/><G64/><T108/><D108/><U104/><E104/><V132/><F5/><W100/><G67/><T8/><D8/><U9/><E117/><V89/><F44/><W115/><G11/><T120/><D120/><U124/><E124/><V91/><F133/><W49/><G49/><T129/><D129/><U126/><E126/><V121/><F121/><W56/><G56/><T123/><D123/><U110/><E110/><V34/><F34/><W103/><G115/><T85/><D85/><U69/><E4/><RYUUKYOKU ba="1,1" sc="171,15,259,-15,230,15,330,-15" hai0="12,13,14,24,27,37,40,47,55,58,60,72,81" hai2="25,30,32,45,51,53,82,84,89,91,97,132,134" /><INIT seed="2,2,1,2,0,19" ten="186,244,245,315" oya="2" hai0="58,96,87,126,116,99,24,77,103,106,93,95,10" hai1="74,12,78,134,112,105,88,90,26,113,70,48,130" hai2="118,35,125,13,34,45,20,47,31,6,23,82,94" hai3="49,80,120,1,101,46,107,11,71,65,8,3,4"/><V97/><F118/><W51/><G120/><T22/><D116/><U117/><E117/><V55/><F125/><W110/><G110/><T100/><D126/><U89/><E70/><V14/><F82/><W128/><G128/><T109/><D109/><U85/><E105/><V28/><F55/><W41/><G101/><T133/><D133/><U50/><E134/><V52/><F52/><W108/><G107/><T75/><D75/><U129/><E12/><V64/><F94/><W56/><G71/><T42/><D42/><U63/><E63/><V123/><F97/><W15/><G108/><T54/><D10/><U36/><E36/><V39/><F6/><W111/><G111/><T38/><D38/><U5/><E5/><V79/><F79/><W83/><G1/><T98/><D77/><U73/><E26/><V122/><F39/><W68/><G68/><T59/><D87/><U44/><E44/><V37/><F37/><W92/><G92/><T0/><D0/><U9/><E9/><V121/><F121/><W127/><G127/><T114/><D114/><N who="1" m="44139" /><E85/><V115/><F115/><W32/><G32/><T7/><D7/><U17/><E78/><V25/><F25/><W29/><G4/><T72/><D72/><U62/><E73/><V60/><F60/><W91/><G3/><T81/><D81/><U57/><E74/><V40/><F40/><W66/><G41/><T76/><D76/><U135/><E135/><V33/><F33/><W119/><G80/><T104/><D99/><U84/><E84/><V18/><F18/><W21/><G119/><T2/><D2/><RYUUKYOKU ba="2,1" sc="186,-10,244,-10,245,30,315,-10" hai2="13,14,20,23,28,31,34,35,45,47,64,122,123" /><INIT seed="2,3,1,3,1,13" ten="176,234,275,305" oya="2" hai0="38,56,114,100,112,4,27,120,32,11,53,70,81" hai1="45,95,44,47,135,22,86,93,128,63,98,78,42" hai2="2,14,117,5,19,67,89,58,75,115,29,62,99" hai3="125,101,131,17,92,76,9,40,50,124,8,116,87"/><V6/><F115/><W109/><G116/><T37/><D70/><U68/><E128/><V83/><F117/><W1/><G109/><T25/><D120/><U90/><E135/><V102/><F29/><W41/><G131/><T108/><D108/><U111/><E111/><V24/><F24/><W18/><G1/><T30/><D100/><U15/><E68/><V123/><F123/><W77/><G87/><T80/><D27/><U121/><E121/><V133/><F133/><W51/><G92/><T16/><D114/><U119/><E119/><V20/><F2/><W126/><G125/><T103/><D103/><AGARI ba="3,1" hai="8,9,17,18,40,41,50,51,76,77,101,103,124,126" machi="103" ten="25,6400,0" yaku="22,2,52,2" doraHai="13" who="3" fromWho="0" sc="176,-73,234,0,275,0,305,83" /><INIT seed="3,0,0,5,1,131" ten="103,234,275,388" oya="3" hai0="74,128,95,127,88,6,33,68,16,86,101,38,75" hai1="55,103,124,25,11,111,3,119,126,73,63,97,125" hai2="26,132,27,4,79,52,67,96,92,64,71,46,51" hai3="57,35,9,129,117,60,78,39,65,99,110,70,120"/><W112/><G39/><T19/><D33/><U5/><E73/><V118/><F118/><W54/><G9/><T10/><D68/><U17/><E119/><V66/><F71/><W12/><G12/><T113/><D38/><U69/><E111/><V28/><F132/><W100/><G35/><T22/><D128/><U8/><E8/><V77/><F4/><W83/><G120/><T123/><D123/><U48/><E25/><N who="2" m="9227" /><F28/><W89/><G54/><T1/><D127/><U18/><E63/><V0/><F0/><W94/><G57/><T121/><D121/><U93/><REACH who="1" step="1"/><E69/><REACH who="1" ten="103,224,275,388" step="2"/><V90/><AGARI ba="0,1" hai="46,51,52,64,66,67,77,79,90,92,96" m="9227" machi="90" ten="30,2000,0" yaku="8,1,54,1" doraHai="131" who="2" fromWho="2" sc="103,-5,224,-5,275,30,388,-10" owari="98,-40.2,219,-18.1,305,10.5,378,47.8" /></mjloggm>