<mjloggm ver="2.3"><GO type="225" lobby="0"/><UN n0="%E9%80%86%E9%80%A3%E5%B8%AF%E3%81%AE%E9%AC%BC" n1="%74%61%6B%75%61%6B%61" n2="%4E%6F%2E%30%30%30%31" n3="%E3%81%BF%E3%81%BF%E3%81%9A" dan="16,17,18,17" rate="2143.05,2215.84,2242.36,2247.80" sx="M,M,M,M"/><TAIKYOKU oya="0"/><INIT seed="0,0,0,0,0,61" ten="250,250,250,250" oya="0" hai0="125,20,107,44,118,23,38,115,33,124,10,5,27" hai1="16,12,22,121,43,94,89,127,48,122,117,21,57" hai2="4,86,123,111,56,104,87,108,52,54,95,132,58" hai3="81,79,88,120,74,133,97,14,41,18,67,34,25"/><T63/><D107/><U70/><E117/><V60/><F104/><W29/><G133/><T51/><D115/><U64/><E127/><V83/><F123/><W30/><G120/><T93/><D38/><U8/><E121/><V106/><F106/><W40/><G30/><T71/><D118/><U65/><E122/><V55/><F132/><W59/><G59/><T37/><D37/><U110/><E70/><V92/><F4/><W28/><G28/><T90/><D33/><U80/><E80/><V19/><F19/><W98/><G67/><N who="1" m="25674" /><E110/><N who="2" m="42027" /><F87/><W45/><G88/><T26/><D71/><U32/><E32/><V82/><F82/><W24/><G24/><T105/><D105/><U73/><E73/><V11/><F11/><W68/><G68/><T6/><D125/><U17/><E17/><V96/><F96/><W75/><G74/><T99/><D124/><U112/><E112/><V3/><F3/><W0/><G0/><T85/><D5/><U53/><E43/><V9/><F9/><W69/><G40/><T134/><D6/><U36/><E36/><V47/><F55/><W91/><G69/><T66/><D10/><U62/><E62/><N who="2" m="36103" /><F47/><W135/><G135/><T116/><D134/><U50/><E50/><V119/><F119/><W13/><G18/><T49/><D116/><U126/><E126/><V131/><F131/><W31/><G31/><T103/><D44/><U102/><E102/><V84/><F83/><N who="3" m="45567" /><G45/><T100/><D49/><U78/><E78/><V113/><F113/><W130/><G130/><T7/><D51/><U129/><E129/><V101/><F101/><RYUUKYOKU ba="0,0" sc="250,-15,250,15,250,15,250,-15" hai1="8,12,16,21,22,48,53,57,89,94" hai2="54,58,60,84,86,92,95" /><INIT seed="1,1,0,2,4,87" ten="235,265,265,235" oya="1" hai0="28,14,50,67,97,134,105,100,69,86,101,41,53" hai1="93,16,102,72,82,3,130,78,85,48,63,125,64" hai2="112,81,24,114,34,59,23,32,2,45,71,77,54" hai3="27,135,10,88,80,75,43,42,96,126,132,110,30"/><U116/><E116/><V19/><F71/><W37/><G110/><T26/><D134/><N who="3" m="51241" /><G126/><T106/><D41/><N who="3" m="15369" /><G37/><T133/><D133/><U17/><E125/><V120/><F45/><W40/><N who="3" m="15377" /><W131/><DORA hai="57" /><G131/><T55/><D14/><U113/><E3/><V35/><F2/><W92/><G10/><T20/><D86/><U94/><E113/><N who="2" m="43627" /><F120/><W108/><G108/><T39/><D39/><U103/><E130/><V74/><F32/><N who="3" m="20575" /><G80/><T29/><D29/><U91/><E48/><AGARI ba="1,0" hai="19,23,24,34,35,48,54,59,74,77,81" m="43627" machi="48" ten="30,1000,0" yaku="11,1" doraHai="87,57" who="2" fromWho="1" sc="235,0,265,-13,265,13,235,0" /><INIT seed="2,0,0,1,3,97" ten="235,252,278,235" oya="2" hai0="98,94,88,117,36,123,90,68,119,83,7,64,54" hai1="56,61,22,128,29,91,76,31,27,59,134,106,125" hai2="104,25,14,18,84,82,6,87,93,115,0,70,41" hai3="133,107,51,43,118,79,4,24,114,44,132,105,78"/><V58/><F70/><W52/><G118/><T80/><D36/><U130/><E106/><N who="3" m="40458" /><G4/><T129/><D123/><U19/><E125/><V69/><F104/><W15/><G15/><T96/><D7/><U89/><E134/><N who="3" m="51818" /><G114/><T92/><D54/><U63/><E76/><N who="3" m="29226" /><G24/><T53/><D53/><AGARI ba="0,0" hai="43,44,51,52,53" m="29226,51818,40458" machi="53" ten="40,2600,0" yaku="20,1,54,1" doraHai="97" who="3" fromWho="0" sc="235,-26,252,0,278,0,235,26" /><INIT seed="3,0,0,5,4,132" ten="209,252,278,261" oya="3" hai0="14,64,16,18,12,56,58,49,33,71,25,101,83" hai1="69,123,46,99,32,135,28,133,125,90,102,104,111" hai2="11,113,24,98,41,66,73,107,80,126,96,42,7" hai3="85,79,65,92,100,53,0,2,103,34,91,5,86"/><W22/><G34/><T105/><D83/><U134/><E123/><V13/><F113/><W128/><G65/><T61/><D18/><U6/><E111/><V120/><F66/><W10/><G128/><T127/><D127/><U51/><E69/><V97/><F107/><W78/><G0/><T94/><D94/><U36/><E36/><V52/><F126/><W55/><G22/><T39/><D39/><U59/><E6/><V75/><F120/><W106/><G106/><T37/><D37/><U54/><E90/><V20/><F80/><W88/><G55/><T124/><D124/><U17/><E125/><V115/><F115/><W68/><G68/><T118/><D12/><U9/><E46/><V30/><REACH who="2" step="1"/><F52/><REACH who="2" ten="209,252,268,261" step="2"/><W8/><G53/><T93/><D105/><U87/><E104/><V35/><F35/><W47/><G47/><T114/><D114/><U77/><E32/><V131/><F131/><W29/><G78/><T23/><D118/><U116/><E116/><V48/><F48/><W110/><G79/><T63/><D49/><U15/><E51/><V109/><F109/><W19/><G110/><T44/><D44/><U112/><E112/><V72/><AGARI ba="0,1" hai="7,11,13,20,24,30,41,42,72,73,75,96,97,98" machi="72" ten="40,2700,0" yaku="1,1,0,1,53,0" doraHai="132" doraHaiUra="84" who="2" fromWho="2" sc="209,-7,252,-7,268,37,261,-13" owari="202,-29.8,245,-15.5,305,40.5,248,4.8" /></mjloggm>