<mjloggm ver="2.3"><GO type="225" lobby="0"/><UN n0="%E3%81%8F%E3%82%8A%E3%83%94%E3%83%BC" n1="%E2%91%A3%E9%81%BF%E9%81%8A%E6%88%AF%E3%80%90%E6%9D%B1%E5%8D%97%E3%80%91" n2="%33%74%72%65%65" n3="%E3%81%9F%E3%81%93%E2%98%86%E7%84%BC%E3%81%8D" dan="16,16,17,16" rate="2093.30,2090.85,2224.89,2110.71" sx="M,M,F,M"/><TAIKYOKU oya="0"/><INIT seed="0,0,0,0,1,47" ten="250,250,250,250" oya="0" hai0="66,24,79,87,109,20,90,33,93,60,28,133,50" hai1="63,48,39,82,61,106,55,40,31,16,81,76,85" hai2="92,64,113,72,89,38,32,56,78,19,101,21,14" hai3="111,75,2,123,57,44,108,105,84,46,54,5,110"/><T25/><D133/><U1/><E1/><V9/><F113/><W22/><G75/><T67/><D109/><U103/><E39/><V97/><F32/><W17/><G105/><T80/><D60/><U13/><E40/><V98/><F38/><W77/><G123/><T129/><D129/><U65/><E31/><V43/><F43/><W102/><G102/><T135/><D135/><U15/><E15/><V132/><F132/><W124/><G124/><T35/><D50/><U125/><E125/><V68/><F68/><W71/><G71/><T23/><D35/><U131/><E131/><V74/><F78/><W83/><G5/><T99/><REACH who="0" step="1"/><D33/><REACH who="0" ten="240,250,250,250" step="2"/><U53/><E63/><V27/><F64/><W10/><G110/><T51/><D51/><U88/><E61/><V34/><F34/><W96/><G111/><T12/><D12/><U107/><E65/><V11/><F14/><W45/><G2/><T122/><D122/><U94/><E55/><V86/><F27/><W119/><G108/><T73/><D73/><U26/><E26/><V37/><F74/><W30/><G119/><T59/><D59/><U120/><E120/><V69/><F72/><W49/><G57/><T8/><D8/><U126/><E126/><V104/><F56/><W118/><G10/><T134/><D134/><U70/><E53/><V4/><F11/><W91/><G118/><T52/><D52/><U128/><E48/><V42/><F9/><W58/><G58/><T29/><AGARI ba="0,1" hai="20,23,24,25,28,29,66,67,79,80,87,90,93,99" machi="29" ten="20,12000,1" yaku="1,1,0,1,7,1,9,1,8,1,53,0" doraHai="47" doraHaiUra="6" who="0" fromWho="0" sc="240,130,250,-40,250,-40,250,-40" /><INIT seed="0,1,0,1,2,74" ten="370,210,210,210" oya="0" hai0="6,98,61,45,47,122,62,55,91,27,58,43,110" hai1="52,51,12,66,129,124,36,31,3,76,111,5,8" hai2="101,89,116,118,93,86,11,105,42,135,103,21,90" hai3="49,28,72,69,113,78,0,16,37,17,70,4,77"/><T22/><D122/><U65/><E111/><V96/><F42/><W88/><G37/><T14/><D110/><U57/><E36/><V120/><F11/><W87/><G72/><T126/><D126/><U125/><E31/><V7/><F7/><W128/><G113/><T119/><D119/><N who="2" m="45610" /><F21/><W94/><G128/><T46/><D62/><U23/><E129/><V133/><F120/><W114/><G114/><T13/><D6/><U1/><E76/><N who="3" m="29290" /><G70/><T25/><D43/><U2/><REACH who="1" step="1"/><E23/><REACH who="1" ten="370,200,210,210" step="2"/><V53/><F133/><W68/><G28/><T32/><D32/><U75/><E75/><V108/><F135/><W107/><G0/><T20/><D22/><U112/><E112/><V56/><F108/><W73/><G73/><T81/><D20/><U50/><E50/><N who="2" m="30775" /><F105/><W33/><G107/><T67/><D27/><U82/><E82/><AGARI ba="1,1" hai="82,86,89,90,93,96,101,103" m="30775,45610" machi="82" ten="30,1000,0" yaku="12,1" doraHai="74" who="2" fromWho="1" sc="370,0,200,-13,210,23,210,0" /><INIT seed="1,0,0,5,3,70" ten="370,187,233,210" oya="1" hai0="55,98,25,15,48,31,91,22,131,32,13,5,67" hai1="24,21,113,106,11,80,108,102,29,84,83,7,97" hai2="75,4,133,94,127,123,121,128,100,124,34,42,14" hai3="49,129,45,6,130,86,90,56,69,65,103,60,120"/><U77/><E113/><V115/><F34/><W92/><G6/><T114/><D32/><U2/><REACH who="1" step="1"/><E83/><REACH who="1" ten="370,177,233,210" step="2"/><V3/><F115/><W28/><G120/><T57/><D114/><U58/><E58/><V19/><F123/><W8/><G56/><T59/><D59/><U26/><E26/><V96/><F121/><W72/><G130/><T93/><D131/><U95/><E95/><V68/><F128/><W71/><G129/><T54/><D67/><U82/><E82/><V20/><F68/><W9/><G71/><T1/><D25/><U46/><E46/><V78/><F133/><W43/><G72/><T12/><D93/><U76/><E76/><V33/><F78/><W23/><G103/><T73/><D73/><U44/><E44/><V17/><F75/><W10/><G69/><T105/><D57/><U88/><E88/><V87/><F94/><W62/><G65/><T74/><D91/><U89/><E89/><V52/><F100/><W50/><G50/><T134/><D48/><U30/><E30/><V63/><F127/><W64/><G64/><T126/><D31/><U27/><E27/><AGARI ba="0,1" hai="8,9,10,23,27,28,43,45,49,60,62,86,90,92" machi="27" ten="40,1300,0" yaku="8,1" doraHai="70" who="3" fromWho="1" sc="370,0,177,-13,233,0,210,23" /><INIT seed="2,0,0,4,4,107" ten="370,164,233,233" oya="2" hai0="36,27,53,116,22,37,106,1,91,59,46,121,55" hai1="113,110,101,125,77,35,100,11,105,112,17,104,30" hai2="124,81,52,29,25,3,135,92,99,111,128,95,87" hai3="12,44,15,80,119,45,20,83,57,82,61,86,120"/><V63/><F135/><W51/><G119/><T23/><D1/><U42/><E42/><V127/><F128/><W32/><G32/><T94/><D106/><U102/><E35/><V118/><F118/><W66/><G120/><T2/><D2/><U49/><E30/><V126/><F3/><W114/><G114/><T134/><D22/><U85/><E49/><V67/><F111/><W72/><G72/><T0/><D55/><U14/><E110/><V90/><F99/><W123/><G123/><T60/><D0/><U62/><E62/><V33/><REACH who="2" step="1"/><F52/><REACH who="2" ten="370,164,223,233" step="2"/><N who="3" m="29799" /><G45/><T129/><D129/><U26/><E113/><V132/><F132/><W73/><G73/><T4/><D53/><U109/><E112/><V41/><F41/><W96/><G96/><T18/><D116/><U16/><E109/><V75/><F75/><W5/><G86/><T68/><D134/><U28/><E105/><V9/><F9/><W89/><G5/><T40/><D46/><U56/><E104/><V103/><F103/><W70/><G89/><T78/><D40/><U97/><E97/><V8/><F8/><W108/><G108/><T34/><D91/><U133/><E133/><V76/><F76/><W10/><G10/><T71/><D78/><U65/><E77/><V130/><F130/><W38/><G20/><T48/><D23/><N who="1" m="13679" /><E85/><V39/><F39/><W58/><G38/><T117/><D37/><U64/><E28/><V54/><F54/><W122/><G122/><T31/><D4/><U50/><E125/><V93/><F93/><W79/><G79/><T21/><D36/><U88/><E88/><RYUUKYOKU ba="0,1" sc="370,-30,164,10,223,10,233,10" hai1="11,14,16,50,56,64,65,100,101,102" hai2="25,29,33,63,67,81,87,90,92,95,124,126,127" hai3="12,15,57,58,61,66,70,80,82,83" /><INIT seed="2,1,1,4,0,40" ten="340,174,233,243" oya="2" hai0="134,113,98,76,71,102,15,11,24,107,2,91,132" hai1="18,75,90,95,52,20,110,66,122,89,39,16,12" hai2="51,111,3,70,123,27,85,105,97,68,55,78,44" hai3="60,30,100,62,74,50,36,42,6,92,82,129,117"/><V103/><F123/><W133/><G117/><T25/><D113/><U32/><E122/><V7/><F111/><W63/><G36/><T86/><D76/><U87/><E110/><V48/><F27/><W4/><G30/><T58/><D58/><U38/><E75/><V101/><F101/><W130/><G133/><N who="0" m="51307" /><D71/><U67/><E32/><V121/><F121/><W34/><G34/><T128/><D2/><U57/><E39/><V81/><REACH who="2" step="1"/><F51/><REACH who="2" ten="340,174,223,243" step="2"/><W135/><G50/><T8/><D24/><N who="1" m="14343" /><E38/><V115/><F115/><W112/><G100/><T35/><D102/><U96/><E12/><V5/><F5/><W99/><G6/><T56/><D15/><U73/><E18/><V29/><F29/><W109/><G4/><T53/><D25/><U41/><E73/><V84/><F84/><W72/><G74/><T23/><D86/><U14/><E14/><V118/><F118/><W21/><G72/><T13/><D13/><U9/><E9/><AGARI ba="1,2" hai="3,7,9,44,48,55,68,70,78,81,85,97,103,105" machi="9" ten="40,7700,0" yaku="1,1,52,1,53,1" doraHai="40" doraHaiUra="1" who="2" fromWho="1" sc="340,0,174,-80,223,100,243,0" /><INIT seed="2,2,0,1,4,42" ten="340,94,323,243" oya="2" hai0="33,107,14,91,83,127,1,95,62,35,56,109,54" hai1="27,23,40,92,31,67,120,48,113,132,10,90,130" hai2="77,2,96,116,117,46,126,102,100,88,13,12,129" hai3="60,97,114,103,104,68,34,59,16,111,55,45,58"/><V80/><F2/><W98/><G111/><T17/><D1/><U37/><E113/><V110/><F110/><W78/><G114/><T20/><D107/><U38/><E120/><V105/><F102/><W72/><G34/><T49/><D127/><U43/><E130/><V4/><F129/><W0/><G0/><T7/><D109/><U122/><E122/><V24/><F126/><W79/><G68/><T71/><D7/><U65/><E132/><V93/><F24/><W74/><G98/><T76/><D62/><U50/><E38/><V66/><F66/><W32/><G32/><T39/><D39/><U86/><E37/><V44/><F116/><W5/><G5/><T84/><REACH who="0" step="1"/><D71/><REACH who="0" ten="330,94,323,243" step="2"/><U47/><REACH who="1" step="1"/><E10/><REACH who="1" ten="330,84,323,243" step="2"/><V57/><F117/><W64/><G104/><T26/><D26/><U115/><E115/><V89/><F105/><W128/><G128/><T21/><D21/><U119/><E119/><V29/><F4/><W25/><G25/><T121/><D121/><U15/><E15/><V99/><F12/><W51/><G74/><AGARI ba="2,2" hai="14,17,20,33,35,49,54,56,74,76,83,84,91,95" machi="74" ten="30,7700,0" yaku="1,1,7,1,25,2,53,0" doraHai="42" doraHaiUra="118" who="0" fromWho="3" sc="330,103,84,0,323,0,243,-83" /><INIT seed="3,0,0,3,4,72" ten="433,84,323,160" oya="3" hai0="104,39,47,105,91,128,125,109,99,122,56,12,59" hai1="37,111,49,28,117,69,103,16,130,63,71,118,46" hai2="41,54,31,23,134,94,95,20,9,42,131,35,68" hai3="81,24,10,61,0,112,8,90,135,77,14,74,79"/><W113/><G135/><T115/><D12/><U65/><E28/><V88/><F68/><W40/><G90/><T44/><D91/><U83/><E103/><V87/><F131/><W1/><G24/><T53/><D53/><U86/><E130/><V52/><F35/><W6/><G61/><T98/><D39/><U5/><E5/><V29/><F134/><W66/><G66/><T76/><D125/><U80/><E71/><V120/><F120/><W62/><G62/><T73/><D122/><U133/><E133/><V25/><F25/><W13/><G40/><T2/><D73/><U22/><E111/><V126/><F126/><W17/><REACH who="3" step="1"/><G77/><REACH who="3" ten="433,84,323,150" step="2"/><T102/><D76/><U121/><E121/><V43/><F43/><W123/><G123/><T27/><D27/><U93/><E118/><V75/><F88/><W89/><G89/><T96/><D96/><U21/><E117/><V67/><F67/><W7/><G7/><T116/><D99/><U64/><E65/><V70/><F42/><W32/><G32/><T18/><D98/><U124/><E124/><V38/><F41/><W101/><G101/><T15/><D102/><U119/><E119/><V48/><F48/><W106/><G106/><T85/><D105/><U58/><E93/><V57/><F95/><W19/><G19/><T129/><D18/><U127/><E127/><V92/><F94/><W50/><G50/><T97/><D104/><U30/><E37/><V110/><F92/><W132/><G132/><T60/><D129/><U84/><E16/><V78/><F38/><W82/><G82/><N who="1" m="31274" /><E64/><V11/><F78/><RYUUKYOKU ba="0,1" sc="433,-10,84,-10,323,-10,150,30" hai3="0,1,6,8,10,13,14,17,74,79,81,112,113" /><INIT seed="3,1,1,2,1,97" ten="423,74,313,180" oya="3" hai0="101,76,15,39,124,79,5,90,95,8,23,74,119" hai1="29,123,9,59,21,47,114,98,60,87,44,42,117" hai2="68,57,26,116,120,64,1,132,133,121,86,100,107" hai3="18,13,69,41,91,109,93,17,99,56,7,58,66"/><W78/><G109/><T105/><D119/><U24/><E114/><V36/><F36/><W130/><G69/><T0/><D124/><U52/><E117/><V32/><F57/><N who="3" m="22123" /><G130/><T113/><D39/><U108/><E108/><V33/><F86/><W34/><G34/><T77/><D23/><U20/><E123/><N who="2" m="47179" /><F1/><W103/><G78/><T48/><D79/><U35/><E47/><V104/><F104/><W84/><G41/><T19/><D77/><U112/><E112/><V110/><F110/><W134/><G66/><T27/><D76/><U2/><E87/><V4/><F4/><W128/><G134/><N who="2" m="51817" /><F26/><W54/><G54/><T83/><D27/><U14/><E2/><V82/><F82/><N who="3" m="49559" /><G128/><T111/><D5/><U131/><E131/><V89/><F116/><W65/><G65/><T61/><D0/><U6/><REACH who="1" step="1"/><E98/><REACH who="1" ten="423,64,313,180" step="2"/><N who="2" m="61847" /><F89/><W106/><G106/><T62/><D90/><U55/><E55/><V38/><F38/><AGARI ba="1,2" hai="6,9,14,20,21,24,29,35,38,42,44,52,59,60" machi="38" ten="30,7700,0" yaku="1,1,7,1,54,1,53,1" doraHai="97" doraHaiUra="50" who="1" fromWho="2" sc="423,0,64,100,313,-80,180,0" owari="423,52.3,164,-33.6,233,3.3,180,-22.0" /></mjloggm>