<mjloggm ver="2.3"><GO type="225" lobby="0"/><UN n0="%E8%A8%88%E7%AE%97%E6%A9%9F%E8%87%AA%E7%84%B6" n1="%4E%6F%2E%30%30%30%31" n2="%72%69%6F%75%63%68%61%6E" n3="%E3%81%9F%E3%81%A3%E3%81%A1%E3%82%87" dan="17,18,17,16" rate="2200.00,2232.78,2245.45,2091.87" sx="M,M,M,M"/><TAIKYOKU oya="0"/><INIT seed="0,0,0,0,0,26" ten="250,250,250,250" oya="0" hai0="24,126,43,51,98,48,18,59,10,122,83,9,124" hai1="66,76,119,7,72,32,69,121,38,115,67,19,100" hai2="34,54,40,47,120,132,70,6,128,108,97,3,52" hai3="133,8,96,113,89,118,131,56,14,73,58,86,11"/><T42/><D122/><U111/><E121/><V94/><F120/><W68/><G118/><T1/><D98/><U55/><E119/><V93/><F108/><W107/><G113/><T44/><D83/><U29/><E19/><V71/><F128/><W82/><G68/><T22/><D1/><U49/><E100/><V31/><F132/><W135/><G131/><T17/><D59/><U45/><E7/><V87/><F87/><W62/><G73/><T75/><D75/><U30/><E32/><V77/><F77/><W57/><G62/><T134/><D134/><N who="3" m="51209" /><G14/><T95/><D95/><U101/><E111/><V41/><F6/><W123/><G123/><T21/><REACH who="0" step="1"/><D24/><REACH who="0" ten="240,250,250,250" step="2"/><U53/><E72/><V25/><F3/><W106/><G96/><T79/><D79/><U12/><E76/><V64/><F94/><W80/><G82/><T117/><D117/><U33/><E115/><V61/><F71/><W104/><AGARI ba="0,1" hai="8,11,56,57,58,80,86,89,104,106,107" m="51209" machi="104" ten="40,1500,0" yaku="20,1" doraHai="26" who="3" fromWho="3" sc="240,-7,250,-4,250,-4,250,25" /><INIT seed="1,0,0,0,0,96" ten="233,246,246,275" oya="1" hai0="30,73,63,18,44,105,108,70,62,13,91,28,43" hai1="85,31,6,35,60,36,11,33,19,116,7,86,112" hai2="64,100,47,106,103,133,27,4,72,24,3,56,20" hai3="122,8,25,125,0,101,52,40,38,87,93,66,90"/><U29/><E36/><V78/><F133/><W130/><G122/><T55/><D73/><U34/><E60/><V50/><F106/><W114/><G114/><T26/><D108/><U59/><E59/><V23/><F78/><W75/><G75/><T126/><D126/><U76/><E76/><V61/><F72/><W9/><G66/><T99/><D55/><U42/><E42/><V2/><F4/><N who="1" m="1577" /><E86/><V110/><F110/><W121/><G0/><T107/><D91/><U79/><E85/><V131/><F131/><W127/><G101/><N who="2" m="38985" /><F2/><W81/><G38/><T115/><D115/><U118/><E79/><V124/><F3/><W49/><G121/><T16/><D99/><U132/><E112/><V113/><F124/><W135/><G135/><T32/><D43/><U65/><E65/><V21/><F113/><W12/><G40/><AGARI ba="0,0" hai="20,21,23,24,27,40,47,50,56,61,64" m="38985" machi="40" ten="30,7700,0" yaku="8,1,52,3" doraHai="96" who="2" fromWho="3" sc="233,0,246,0,246,77,275,-77" /><INIT seed="2,0,0,5,0,72" ten="233,246,323,198" oya="2" hai0="22,10,95,121,60,122,88,11,75,68,132,93,81" hai1="101,114,91,46,43,54,124,76,109,125,55,86,59" hai2="71,30,48,94,105,50,0,80,107,52,96,65,25" hai3="56,1,45,106,127,49,67,8,27,74,126,133,89"/><V51/><F0/><W5/><G106/><T13/><D132/><U135/><E114/><V134/><F134/><W110/><G133/><T78/><D22/><U98/><E135/><V38/><F38/><W111/><G74/><T34/><D34/><U6/><E6/><V116/><F116/><W29/><G89/><T117/><D93/><N who="1" m="54519" /><E59/><V85/><F71/><W103/><G103/><T9/><D13/><U79/><E55/><V12/><F65/><W73/><G73/><T112/><D117/><U17/><E17/><V130/><F130/><W26/><G67/><T120/><D112/><U87/><E54/><V7/><F52/><N who="3" m="29743" /><G56/><T42/><D42/><U82/><E46/><V31/><F31/><W70/><G70/><T90/><REACH who="0" step="1"/><D95/><REACH who="0" ten="223,246,323,198" step="2"/><N who="1" m="58591" /><E43/><V69/><F12/><W61/><G26/><T63/><D63/><U3/><E3/><V20/><F20/><N who="3" m="15591" /><G61/><T99/><D99/><U2/><E2/><V28/><F25/><W33/><G33/><T84/><D84/><N who="1" m="48199" /><E109/><AGARI ba="0,1" hai="1,5,8,109,110,111,126,127" m="15591,29743" machi="109" ten="30,2000,0" yaku="14,1,54,1" doraHai="72" who="3" fromWho="1" sc="223,0,246,-20,323,0,198,30" /><INIT seed="3,0,0,4,4,35" ten="223,226,323,228" oya="3" hai0="52,106,49,64,81,10,60,39,6,30,70,114,94" hai1="125,109,21,105,54,131,111,45,72,135,59,58,31" hai2="25,41,2,91,132,8,33,27,17,100,20,83,112" hai3="98,107,95,88,37,110,18,62,22,19,29,4,93"/><W13/><G37/><T28/><D106/><U89/><E72/><V50/><F112/><W47/><G107/><T120/><D120/><U56/><E105/><V48/><F132/><W129/><G129/><T97/><D39/><U71/><E71/><V53/><F100/><N who="3" m="60495" /><G110/><N who="1" m="41994" /><E135/><V73/><F73/><W55/><G4/><T34/><D81/><U51/><E131/><V130/><F130/><W84/><G29/><T7/><D114/><U79/><E79/><V96/><F41/><W63/><G18/><T36/><D36/><U65/><E125/><V61/><F83/><W117/><G117/><T1/><D34/><U76/><E76/><V133/><F133/><W32/><G32/><T101/><REACH who="0" step="1"/><D6/><REACH who="0" ten="213,226,323,228" step="2"/><U128/><E128/><V126/><F33/><W43/><G43/><T115/><D115/><U99/><E65/><V87/><F126/><W42/><G42/><T74/><D74/><U68/><E68/><V113/><F113/><W44/><G55/><T82/><D82/><U46/><E54/><V85/><F53/><W92/><G92/><T9/><D9/><U127/><E127/><V69/><F8/><W3/><G3/><T75/><D75/><U123/><E123/><V40/><F2/><W134/><G134/><T119/><D119/><U118/><E118/><V11/><F11/><W24/><G13/><T124/><D124/><U26/><E51/><V5/><F40/><W0/><G0/><T102/><D102/><U108/><E108/><V67/><F5/><W80/><G80/><T38/><D38/><U14/><E14/><V77/><F50/><W104/><G104/><RYUUKYOKU ba="0,1" sc="213,10,226,10,323,-30,228,10" hai0="1,7,10,28,30,49,52,60,64,70,94,97,101" hai1="21,26,31,45,46,56,58,59,89,99" hai3="19,22,24,44,47,62,63,84,88,95" /><INIT seed="3,1,1,0,3,48" ten="223,236,293,238" oya="3" hai0="94,29,57,19,90,40,9,108,106,117,35,84,81" hai1="97,0,87,7,64,131,11,76,15,51,1,134,103" hai2="46,83,124,67,118,54,14,98,113,69,102,32,70" hai3="27,119,5,110,61,75,66,135,10,109,26,86,55"/><W71/><G75/><T42/><D117/><U3/><E131/><V60/><F113/><W133/><G119/><T88/><D106/><U99/><E134/><N who="3" m="51210" /><G86/><T24/><D108/><N who="3" m="41577" /><G55/><T128/><D128/><U41/><E64/><V101/><F67/><W105/><G105/><T72/><D57/><U39/><E87/><V17/><F70/><W78/><G78/><T104/><D104/><U22/><E76/><V59/><F69/><W114/><G114/><T62/><D62/><U21/><E97/><V38/><F98/><W30/><G30/><T126/><D126/><U20/><E99/><V112/><F124/><W13/><AGARI ba="1,1" hai="5,10,13,26,27,61,66,71" m="41577,51210" machi="13" ten="30,6000,0" yaku="20,1,14,1,10,1" doraHai="48" who="3" fromWho="3" sc="223,-21,236,-21,293,-21,238,73" owari="202,-29.8,215,-18.5,272,7.2,311,41.1" /></mjloggm>