<mjloggm ver="2.3"><GO type="225" lobby="0"/><UN n0="%E6%A1%9C%E8%8A%B1%E9%96%83%E3%80%85" n1="%4D%6F%6E%61%6E%61" n2="%E3%81%A4%E3%81%A3%E3%81%B1%E3%82%8A%E3%83%9D%E3%83%BC%E3%83%AB" n3="%E6%98%93%E5%88%A9%E8%96%A9%E4%BC%AF" dan="16,16,17,16" rate="2198.50,2077.04,2234.89,2030.74" sx="M,F,M,F"/><TAIKYOKU oya="0"/><INIT seed="0,0,0,5,5,89" ten="250,250,250,250" oya="0" hai0="12,64,99,29,20,103,57,31,122,41,51,134,92" hai1="59,125,25,15,60,0,42,24,26,90,100,135,27" hai2="121,22,6,16,77,129,108,34,10,21,73,112,23" hai3="33,37,5,19,45,82,11,78,91,44,75,110,117"/><T53/><D122/><U66/><E0/><V68/><F68/><W70/><G110/><T80/><D134/><U87/><E125/><V71/><F71/><W107/><G117/><T115/><D115/><U126/><E135/><V113/><F73/><W9/><G33/><T17/><D64/><U118/><E118/><V109/><F77/><W120/><G70/><T130/><D130/><U88/><E126/><V36/><F36/><W43/><G107/><T35/><D35/><U94/><E42/><V46/><F46/><W65/><G65/><T50/><REACH who="0" step="1"/><D80/><REACH who="0" ten="240,250,250,250" step="2"/><U83/><N who="1" m="6144" /><DORA hai="101" /><U98/><REACH who="1" step="1"/><E15/><REACH who="1" ten="240,240,250,250" step="2"/><N who="2" m="5591" /><F34/><W84/><G120/><T114/><D114/><U32/><E32/><V74/><F121/><W132/><G132/><T48/><D48/><U2/><E2/><V106/><F113/><W38/><G38/><T1/><D1/><U58/><E58/><V30/><F112/><W124/><G124/><T96/><D96/><U116/><E116/><V131/><F109/><W40/><G37/><T63/><D63/><U49/><E49/><V28/><F108/><W85/><G82/><T133/><D133/><U111/><E111/><V4/><F131/><W62/><G62/><T128/><D128/><U119/><E119/><V123/><F129/><W3/><G3/><T54/><D54/><U97/><E97/><V95/><F123/><W61/><G61/><T104/><D104/><U56/><E56/><V14/><F106/><W76/><G43/><T81/><D81/><U55/><E55/><V18/><F14/><W79/><G40/><T7/><D7/><U39/><E39/><RYUUKYOKU ba="0,2" sc="240,15,240,15,250,-15,250,-15" hai0="12,17,20,29,31,41,50,51,53,57,92,99,103" hai1="59,60,66,83,87,88,90,94,98,100" /><INIT seed="0,1,2,4,2,15" ten="255,255,235,235" oya="0" hai0="117,16,132,112,72,108,59,12,20,53,65,23,37" hai1="70,121,85,124,116,61,101,115,126,87,68,25,67" hai2="110,17,57,94,13,63,0,109,81,71,28,103,62" hai3="6,49,45,73,9,19,134,48,102,84,88,96,86"/><T32/><D112/><U8/><E116/><V14/><F0/><W10/><G73/><T7/><D117/><U54/><E121/><V78/><F28/><W120/><G120/><T36/><D32/><U80/><E115/><V31/><F31/><W30/><G134/><T52/><D132/><U99/><E25/><V22/><F71/><W58/><G30/><T93/><D72/><U24/><E24/><V83/><F14/><W125/><G125/><N who="1" m="48234" /><E54/><N who="0" m="21097" /><D37/><U79/><E8/><V42/><F42/><W133/><G86/><T66/><D36/><U89/><E87/><N who="2" m="48567" /><F57/><W127/><G133/><T135/><D135/><U111/><E111/><N who="2" m="42507" /><F83/><W55/><G6/><T100/><D108/><U27/><E27/><V26/><F26/><W18/><G127/><T130/><D7/><U69/><E79/><V4/><F4/><W131/><G131/><T33/><D130/><U46/><E46/><V43/><F43/><N who="3" m="24639" /><G9/><N who="0" m="6159" /><D33/><U122/><E122/><V21/><F21/><N who="0" m="8266" /><D59/><U113/><E113/><V90/><F22/><W118/><G10/><T104/><D104/><AGARI ba="1,2" hai="61,67,68,69,70,80,85,89,99,101,104" m="48234" machi="104" ten="30,1000,0" yaku="18,1" doraHai="15" who="1" fromWho="0" sc="255,-13,255,33,235,0,235,0" /><INIT seed="1,0,0,3,3,68" ten="242,288,235,235" oya="1" hai0="52,87,120,79,90,135,32,1,108,44,109,103,124" hai1="39,83,49,64,111,56,133,57,62,100,0,81,31" hai2="41,46,27,121,75,28,131,67,122,126,23,78,115" hai3="10,7,45,60,53,55,112,12,36,98,125,84,89"/><U63/><E0/><V105/><F131/><W95/><G112/><T119/><D119/><U40/><E133/><V72/><F115/><W85/><G125/><T76/><D32/><U2/><E2/><V116/><F116/><W107/><G107/><T15/><D1/><U77/><E111/><N who="0" m="42569" /><D124/><U61/><E100/><V38/><F126/><W19/><G36/><T73/><D73/><U4/><E31/><V114/><F114/><W58/><REACH who="3" step="1"/><G7/><REACH who="3" ten="242,288,235,225" step="2"/><T21/><D135/><U18/><E4/><V5/><F105/><W70/><G70/><T6/><D6/><U34/><E39/><V14/><F67/><W9/><G9/><T99/><D120/><U117/><E64/><V54/><F122/><W129/><G129/><T33/><D33/><U37/><E34/><V25/><F121/><W59/><G59/><T30/><D21/><U96/><E37/><V113/><F113/><W80/><G80/><N who="0" m="49511" /><D30/><U104/><E117/><V71/><F28/><W110/><G110/><T22/><D22/><U66/><E18/><V48/><F23/><W97/><G97/><T93/><D15/><U8/><E96/><V130/><F130/><W134/><G134/><T123/><D123/><U3/><E8/><N who="2" m="4367" /><F71/><W69/><G69/><T101/><D101/><U13/><E13/><V118/><F118/><W35/><G35/><T74/><D74/><N who="1" m="43191" /><E3/><V106/><F75/><W128/><G128/><T92/><D92/><U29/><E104/><V24/><F106/><W88/><G88/><T132/><D132/><U94/><E94/><V65/><F72/><W102/><G102/><T51/><AGARI ba="0,1" hai="44,51,52,76,79,93,99,103" m="49511,42569" machi="51" ten="30,4000,0" yaku="5,1,14,1,54,1" doraHai="68" who="0" fromWho="0" sc="242,50,288,-20,235,-10,225,-10" /><INIT seed="2,0,0,4,1,123" ten="292,268,225,215" oya="2" hai0="112,84,8,76,62,63,14,128,119,100,67,98,46" hai1="13,61,129,58,60,79,47,75,68,64,26,92,89" hai2="41,3,113,28,6,7,91,43,78,23,50,65,10" hai3="33,80,24,38,21,72,17,133,81,5,56,51,131"/><V37/><F113/><W116/><G116/><T107/><D112/><U85/><E129/><V104/><F104/><W114/><G114/><T74/><D128/><U57/><E47/><V9/><F37/><W118/><G118/><T69/><D119/><U88/><E26/><V127/><F127/><W122/><G122/><T4/><D74/><U32/><E32/><V124/><F124/><W82/><G72/><T135/><D135/><U36/><E36/><V101/><F101/><W103/><G38/><T130/><D130/><U34/><E34/><V49/><F78/><W2/><G133/><T40/><D67/><U53/><E13/><V30/><F65/><W95/><G33/><T31/><D31/><U86/><E75/><V108/><F91/><W106/><G106/><T44/><D44/><U87/><E79/><V126/><F126/><W16/><G131/><T71/><D71/><U125/><E125/><V132/><F132/><W52/><G2/><T96/><D96/><N who="1" m="57351" /><E68/><V90/><F90/><AGARI ba="0,0" hai="53,57,58,60,61,64,85,86,87,89,90" m="57351" machi="90" ten="30,2000,0" yaku="8,1,54,1" doraHai="123" who="1" fromWho="2" sc="292,0,268,20,225,-20,215,0" /><INIT seed="3,0,0,4,0,6" ten="292,288,205,215" oya="3" hai0="63,42,26,95,113,132,86,108,127,13,47,76,41" hai1="20,134,112,22,58,130,11,116,111,1,62,96,120" hai2="34,66,30,53,12,18,54,5,2,91,92,61,87" hai3="129,83,118,64,21,46,74,109,33,28,7,27,49"/><W107/><G118/><T51/><D108/><U38/><E111/><V79/><F79/><W78/><G109/><T106/><D106/><U17/><E38/><V44/><F2/><W45/><G129/><T94/><D127/><U65/><E116/><V119/><F119/><W97/><G64/><T56/><D132/><U75/><E1/><V0/><F0/><W40/><G46/><T60/><D113/><U117/><E75/><V126/><F126/><W73/><G7/><T81/><D42/><U123/><E117/><V36/><F5/><W25/><G74/><T52/><D13/><N who="1" m="7359" /><E112/><V35/><F36/><W10/><G97/><T4/><D4/><U3/><E3/><V128/><F128/><W133/><G107/><T104/><D104/><U29/><E123/><V93/><F93/><W24/><G24/><T9/><D9/><U72/><E72/><V102/><F102/><W67/><G67/><T82/><D26/><U14/><E120/><V23/><F30/><W85/><G10/><T122/><D122/><U19/><E134/><V39/><F39/><W99/><G99/><T80/><D63/><U15/><E130/><V32/><REACH who="2" step="1"/><F44/><REACH who="2" ten="292,288,195,215" step="2"/><W131/><G131/><T98/><D94/><U8/><E29/><V68/><AGARI ba="0,1" hai="12,18,23,32,34,35,53,54,61,66,68,87,91,92" machi="68" ten="30,4000,0" yaku="1,1,2,1,0,1,53,0" doraHai="6" doraHaiUra="55" who="2" fromWho="2" sc="292,-10,288,-10,195,50,215,-20" /><INIT seed="4,0,0,0,2,91" ten="282,278,245,195" oya="0" hai0="81,4,13,120,63,84,35,135,117,132,80,54,72" hai1="25,102,60,43,130,56,95,40,98,62,106,127,12" hai2="134,39,83,97,28,37,114,0,118,122,68,67,71" hai3="109,131,69,47,32,50,76,112,107,17,31,111,89"/><T77/><D117/><U18/><E127/><V27/><F122/><W124/><G124/><T129/><D35/><U78/><E130/><V94/><F0/><W23/><G131/><T123/><D129/><U22/><E78/><V16/><F118/><W65/><G107/><T14/><D63/><U29/><E106/><V75/><F114/><W121/><G112/><T1/><D54/><U101/><E101/><V10/><F134/><N who="0" m="51242" /><D1/><U8/><E60/><V79/><F67/><AGARI ba="0,0" hai="8,12,18,22,25,29,40,43,56,62,67,95,98,102" machi="67" ten="30,8000,1" yaku="7,1,25,2,8,1,52,1" doraHai="91" who="1" fromWho="2" sc="282,0,278,80,245,-80,195,0" owari="282,8.2,358,45.8,165,-33.5,195,-20.5" /></mjloggm>