<mjloggm ver="2.3"><GO type="225" lobby="0"/><UN n0="%E9%80%86%E9%80%A3%E5%B8%AF%E3%81%AE%E9%AC%BC" n1="%E5%84%AA%40%41%42%43" n2="%E6%81%AC%E6%B7%A1%E5%AF%82%E5%AF%9E" n3="%73%6C%69%63%6B%33%31%39" dan="16,17,16,16" rate="2104.60,2226.68,2120.21,2179.78" sx="M,M,M,M"/><TAIKYOKU oya="0"/><INIT seed="0,0,0,5,5,75" ten="250,250,250,250" oya="0" hai0="33,73,134,6,64,50,130,55,67,87,135,19,16" hai1="61,37,94,92,127,27,111,85,103,35,128,18,28" hai2="117,89,122,112,78,60,31,36,47,34,131,95,132" hai3="106,125,42,40,84,74,110,62,2,116,115,77,48"/><T13/><D73/><U83/><E37/><V104/><F122/><W1/><G115/><T63/><D130/><U30/><E128/><V17/><F112/><W12/><G116/><T44/><D33/><U108/><E127/><V26/><F104/><W99/><G74/><T102/><D102/><U80/><E30/><V22/><F131/><W52/><G125/><T23/><D6/><U56/><E18/><V4/><F117/><W7/><G110/><N who="1" m="42026" /><E80/><V71/><F132/><W119/><G119/><T51/><D87/><U88/><E103/><V129/><F4/><W105/><G99/><T8/><D51/><U82/><E82/><V107/><F107/><W79/><G62/><T3/><D3/><U43/><E43/><V38/><F129/><W113/><G113/><T120/><D120/><U14/><E14/><V10/><F31/><W20/><G106/><T53/><D135/><U97/><E97/><V81/><F34/><W91/><G105/><T118/><D118/><U0/><E0/><V9/><F36/><W45/><G1/><T90/><D90/><U5/><E5/><V101/><F101/><W25/><G2/><T121/><D121/><U32/><E32/><V69/><F89/><W72/><G72/><T123/><D123/><U98/><E98/><V96/><F96/><W49/><G12/><N who="0" m="9607" /><D134/><U100/><E100/><V24/><F38/><W124/><G7/><T21/><D8/><U76/><E88/><V11/><F10/><W41/><G124/><T114/><D114/><U29/><E29/><V66/><F11/><W58/><G91/><T86/><D86/><RYUUKYOKU ba="0,0" sc="250,15,250,15,250,-15,250,-15" hai0="13,19,21,44,50,53,55,63,64,67" hai1="27,28,35,56,61,76,83,85,92,94" /><INIT seed="0,1,0,4,2,66" ten="265,265,235,235" oya="0" hai0="121,11,43,41,95,93,81,91,3,45,107,5,88" hai1="62,117,85,21,26,30,61,16,90,106,38,92,8" hai2="120,52,127,77,78,13,10,1,69,110,20,102,19" hai3="4,50,40,44,83,39,49,98,108,109,72,132,17"/><T34/><D121/><U60/><E117/><V28/><F120/><W63/><G4/><T33/><D107/><U114/><E38/><V73/><F73/><W94/><G17/><T128/><D128/><U54/><E114/><V111/><F102/><W87/><G72/><T97/><D81/><U65/><E106/><V123/><F123/><W57/><G94/><T22/><D22/><U122/><E122/><V2/><F127/><W131/><G98/><T101/><D43/><U35/><E8/><V118/><F118/><W84/><G84/><T37/><REACH who="0" step="1"/><D101/><REACH who="0" ten="255,265,235,235" step="2"/><U58/><REACH who="1" step="1"/><E54/><REACH who="1" ten="255,255,235,235" step="2"/><V112/><F52/><N who="3" m="34215" /><G131/><T71/><D71/><U119/><E119/><V23/><F69/><W64/><G64/><T99/><AGARI ba="1,2" hai="3,5,11,33,34,37,41,45,88,91,93,95,97,99" machi="99" ten="20,18000,2" yaku="1,1,0,1,7,1,9,1,54,1,53,1" doraHai="66" doraHaiUra="6" who="0" fromWho="0" sc="255,203,255,-61,235,-61,235,-61" /><INIT seed="0,2,0,5,4,58" ten="458,194,174,174" oya="0" hai0="127,55,25,7,110,114,43,84,123,13,109,26,97" hai1="125,112,22,33,69,42,113,95,102,134,48,16,64" hai2="60,53,24,74,75,131,15,85,52,63,129,36,72" hai3="9,21,10,0,32,107,133,103,30,3,96,80,73"/><T18/><D123/><U104/><E33/><V111/><F36/><W99/><G21/><T8/><D114/><N who="1" m="44139" /><E104/><V57/><F111/><W41/><G133/><T61/><D127/><U67/><E134/><V71/><F24/><N who="3" m="18503" /><G10/><T44/><D97/><N who="1" m="59711" /><E125/><V28/><F28/><W34/><G34/><T70/><D84/><U126/><E69/><V81/><F15/><W6/><G96/><T11/><D110/><U101/><E101/><V128/><F71/><W19/><G19/><T122/><D122/><U17/><E17/><V87/><F81/><W27/><G27/><T39/><D109/><U119/><E119/><V135/><F135/><W51/><G51/><T121/><D121/><U92/><E92/><V120/><F120/><W35/><G41/><T89/><D89/><U130/><E130/><V115/><F115/><W2/><G35/><T20/><D11/><U5/><E5/><V66/><F66/><W100/><G100/><T82/><D82/><U45/><E126/><V117/><F117/><W14/><G14/><AGARI ba="2,0" hai="14,16,22,42,45,48,64,67" m="59711,44139" machi="14" ten="30,2000,0" yaku="11,1,54,1" doraHai="58" who="1" fromWho="3" sc="458,0,194,26,174,0,174,-26" /><INIT seed="1,0,0,5,3,133" ten="458,220,174,148" oya="1" hai0="42,128,93,112,34,6,115,75,100,85,135,107,5" hai1="18,109,120,92,84,73,37,102,71,89,43,87,114" hai2="110,121,56,118,96,49,2,12,59,9,97,22,35" hai3="20,94,111,29,70,15,10,82,33,23,55,90,74"/><U125/><E114/><V68/><F68/><W123/><G123/><T108/><D34/><U127/><E120/><V132/><F121/><W113/><G113/><T122/><D135/><U54/><E73/><V116/><F132/><W104/><G104/><T101/><D128/><U53/><E71/><V0/><F35/><W3/><G70/><T32/><D32/><U91/><E102/><V41/><F22/><W76/><G111/><T103/><D108/><U48/><E37/><V106/><F110/><W95/><G3/><T64/><D75/><U45/><E109/><V81/><F81/><W77/><G77/><T57/><D122/><U88/><E18/><V124/><F124/><N who="1" m="47689" /><E88/><V11/><F106/><W61/><G33/><T19/><D103/><U51/><E48/><V44/><F49/><W25/><G90/><T7/><D101/><U39/><E39/><V131/><F131/><W40/><G76/><T86/><D107/><U117/><E117/><V21/><F116/><W16/><G74/><T52/><D100/><U66/><E66/><V31/><F118/><W98/><G61/><T119/><D64/><U126/><N who="1" m="47697" /><U72/><DORA hai="4" /><E72/><V67/><F67/><W130/><G130/><T26/><D119/><U8/><E8/><V38/><F9/><W83/><G10/><T69/><D69/><U105/><E105/><V58/><F11/><W50/><G50/><T27/><D19/><U28/><E28/><V36/><F38/><W60/><G29/><T65/><D115/><U78/><E78/><V134/><F31/><W63/><G16/><T47/><D112/><RYUUKYOKU ba="0,0" sc="458,-10,220,30,174,-10,148,-10" hai1="43,45,51,53,54,84,87,89,91,92" /><INIT seed="1,1,0,1,5,101" ten="448,250,164,138" oya="1" hai0="84,14,81,107,106,127,18,32,65,1,72,92,80" hai1="95,82,28,52,120,86,20,111,25,73,16,104,62" hai2="2,90,29,42,43,37,126,8,0,110,99,46,40" hai3="68,69,98,133,74,10,128,17,89,5,64,44,132"/><U49/><E120/><V91/><F29/><W114/><G114/><T96/><D1/><U71/><E73/><V56/><F110/><W22/><G74/><T117/><D32/><U125/><E125/><V113/><F113/><W97/><G44/><T27/><D117/><U87/><E104/><V41/><F126/><W77/><G77/><T83/><D27/><U38/><E38/><V78/><F78/><W30/><G30/><T12/><D127/><U60/><E71/><V21/><F21/><W58/><G58/><T61/><D12/><U6/><E6/><V15/><F56/><W85/><G128/><T31/><D31/><U59/><E111/><V103/><F2/><N who="3" m="311" /><G97/><T34/><D34/><U88/><E28/><V112/><F0/><W116/><G98/><T108/><D84/><U11/><E11/><V118/><F118/><W66/><G64/><T48/><D48/><U51/><E51/><V53/><F53/><W3/><G3/><T23/><D72/><U36/><E36/><V93/><REACH who="2" step="1"/><F112/><REACH who="2" ten="448,250,154,138" step="2"/><W135/><G116/><T115/><D108/><U19/><E19/><AGARI ba="1,1" hai="8,15,19,37,40,41,42,43,46,90,91,93,99,103" machi="19" ten="40,2600,0" yaku="1,1,2,1,53,0" doraHai="101" doraHaiUra="131" who="2" fromWho="1" sc="448,0,250,-29,154,39,138,0" /><INIT seed="2,0,0,4,0,56" ten="448,221,193,138" oya="2" hai0="131,21,34,120,107,84,90,77,55,128,20,22,4" hai1="81,132,121,130,92,72,30,24,13,63,71,108,103" hai2="60,15,83,29,86,74,59,16,105,44,61,112,45" hai3="87,118,69,68,134,93,116,54,31,17,28,88,2"/><V123/><F74/><W124/><G124/><T32/><D120/><U97/><E121/><V76/><F123/><W43/><G134/><T7/><D107/><U110/><E132/><V12/><F112/><W62/><G2/><T53/><D77/><U8/><E130/><V37/><F105/><W78/><G43/><T135/><D135/><U122/><E122/><V119/><F119/><W50/><G116/><T9/><D34/><U5/><E63/><N who="2" m="24139" /><F37/><W65/><G68/><T67/><D32/><U125/><E71/><V39/><F39/><W0/><G0/><T10/><D67/><U106/><E125/><V127/><F127/><W27/><G78/><T100/><D100/><U89/><E72/><V75/><F75/><W85/><G85/><T18/><D131/><U101/><E81/><V133/><F133/><W38/><G38/><T117/><D128/><U91/><E103/><V113/><F113/><W40/><G40/><T82/><D117/><U36/><E36/><V73/><F73/><W11/><G118/><T70/><D18/><U41/><E41/><V115/><F115/><W25/><G27/><T126/><D70/><U95/><E106/><V102/><F102/><W99/><G99/><T96/><D96/><N who="1" m="57359" /><E101/><V46/><F29/><W6/><G6/><N who="0" m="2091" /><D126/><U19/><E30/><V23/><F59/><N who="3" m="33239" /><G11/><AGARI ba="0,0" hai="9,10,11,20,21,22,53,55,82,84,90" m="2091" machi="11" ten="30,1000,0" yaku="8,1" doraHai="56" who="0" fromWho="3" sc="448,10,221,0,193,0,138,-10" /><INIT seed="3,0,0,5,4,97" ten="458,221,193,128" oya="3" hai0="99,68,33,122,22,115,48,19,7,135,4,14,108" hai1="120,50,17,78,110,81,66,89,55,54,71,12,10" hai2="13,52,57,65,116,132,109,84,105,47,118,64,37" hai3="127,111,133,34,74,26,85,87,82,1,23,101,5"/><W86/><G127/><T95/><D122/><U35/><E120/><V24/><F105/><W43/><G133/><T83/><D108/><U49/><E110/><V94/><F109/><W112/><G112/><T58/><D135/><U63/><E35/><V8/><F132/><W31/><G111/><T102/><D68/><U32/><E32/><V42/><F24/><W100/><G43/><T39/><D39/><U114/><E114/><V67/><F84/><W72/><G34/><T80/><D33/><U75/><E89/><V11/><F94/><W107/><G107/><T104/><D104/><U44/><E49/><V93/><F93/><W60/><G60/><T123/><D123/><U30/><E30/><V134/><F134/><W15/><G1/><T28/><D28/><U98/><E98/><V0/><F0/><W61/><G61/><T88/><D115/><U36/><E36/><V125/><F125/><W62/><G62/><T73/><D73/><U59/><E71/><V79/><F79/><W51/><G51/><T53/><D88/><U77/><E77/><V129/><F129/><W27/><G26/><T29/><D29/><U119/><E119/><N who="2" m="45611" /><F13/><W126/><G126/><T131/><D131/><U56/><E56/><V70/><F70/><W92/><G92/><T2/><D2/><U124/><E124/><V69/><F69/><W40/><G40/><AGARI ba="0,0" hai="10,12,17,40,44,50,54,55,59,63,66,75,78,81" machi="40" ten="30,1000,0" yaku="7,1" doraHai="97" who="1" fromWho="3" sc="458,0,221,10,193,0,128,-10" owari="458,55.8,231,3.1,193,-20.7,118,-38.2" /></mjloggm>