<mjloggm ver="2.3"><GO type="225" lobby="0"/><UN n0="%70%68%65%6E%6F%6D%65" n1="%E3%82%BC%E3%83%AB%E3%83%80%E3%81%AE%E4%BC%9D%E8%AA%AC" n2="%E3%83%B4%E3%83%A0%EF%BC%99%E3%81%A6" n3="%E4%B8%89%E5%86%A0%E7%8E%8B%E3%83%BB%E5%B1%B1%E7%94%B0%E5%93%B2%E4%BA%BA" dan="16,16,17,17" rate="2122.40,2146.34,2232.96,2155.02" sx="M,M,M,M"/><TAIKYOKU oya="0"/><INIT seed="0,0,0,5,3,66" ten="250,250,250,250" oya="0" hai0="99,6,1,42,54,71,134,25,77,63,92,18,23" hai1="44,37,103,94,127,86,57,122,20,38,53,107,85" hai2="121,8,14,55,97,61,48,45,123,88,19,81,36" hai3="40,10,98,115,33,101,47,83,104,100,76,110,7"/><T50/><D134/><U133/><E122/><V13/><F36/><N who="3" m="21895" /><G100/><T12/><D77/><U15/><E133/><V109/><F109/><W65/><G65/><T29/><D42/><U68/><E107/><V87/><F97/><W96/><G96/><T46/><D1/><U80/><E127/><V41/><F41/><W73/><G115/><T131/><D131/><U120/><E120/><V26/><F14/><W43/><G43/><T56/><D6/><U51/><E68/><V60/><F60/><W130/><G110/><T69/><D46/><U106/><E106/><V113/><F113/><W90/><G90/><T75/><D75/><U128/><E128/><V89/><F89/><W67/><G67/><T93/><D63/><U5/><E44/><V16/><F61/><W59/><G59/><T91/><REACH who="0" step="1"/><D92/><REACH who="0" ten="240,250,250,250" step="2"/><U22/><E38/><V49/><F48/><W64/><G130/><T118/><D118/><U132/><E37/><V125/><F125/><W0/><G64/><T111/><D111/><U32/><E132/><V9/><F9/><AGARI ba="0,1" hai="9,12,18,23,25,29,50,54,56,69,71,91,93,99" machi="9" ten="30,12000,1" yaku="1,1,7,1,52,2,53,1" doraHai="66" doraHaiUra="11" who="0" fromWho="2" sc="240,130,250,0,250,-120,250,0" /><INIT seed="0,1,0,3,1,118" ten="370,250,130,250" oya="0" hai0="46,133,135,43,104,123,131,134,95,70,4,40,109" hai1="20,25,60,103,49,125,12,26,92,114,35,5,13" hai2="91,88,79,34,93,108,8,100,94,54,61,29,82" hai3="32,117,102,53,85,21,7,78,44,72,30,81,14"/><T110/><D104/><U107/><E107/><V75/><F108/><N who="0" m="41578" /><D131/><U37/><E37/><V28/><F8/><W89/><G117/><T124/><D124/><U16/><E125/><V113/><F113/><W36/><G102/><T83/><D123/><U15/><E114/><V119/><F119/><W39/><G32/><T57/><D70/><U33/><E49/><V3/><F3/><W121/><G121/><T10/><D83/><U41/><E41/><V76/><F76/><W68/><G68/><T97/><D57/><U48/><E48/><V90/><F34/><N who="1" m="12809" /><E60/><V105/><F105/><W115/><G81/><T128/><D128/><U23/><E103/><V84/><F100/><W126/><G39/><T63/><D63/><U45/><E45/><V101/><F101/><W58/><G44/><T38/><D43/><U52/><E52/><V71/><F90/><W66/><G89/><N who="0" m="55535" /><D10/><N who="1" m="4175" /><E92/><V59/><REACH who="2" step="1"/><F71/><REACH who="2" ten="370,250,120,250" step="2"/><W99/><G115/><T9/><D9/><U122/><E122/><V47/><F47/><W132/><G78/><T27/><D4/><U130/><E130/><V106/><F106/><W73/><G7/><T112/><D112/><U64/><E64/><V0/><F0/><W74/><G66/><T96/><D96/><AGARI ba="1,1" hai="28,29,54,59,61,75,79,82,84,88,91,93,94,96" machi="96" ten="30,7700,0" yaku="1,1,7,1,54,1,53,1" doraHai="118" doraHaiUra="51" who="2" fromWho="0" sc="370,-80,250,0,120,90,250,0" /><INIT seed="1,0,0,1,1,44" ten="290,250,210,250" oya="1" hai0="129,26,89,29,124,90,24,87,17,69,104,130,65" hai1="114,81,80,58,9,1,20,122,108,98,77,7,112" hai2="74,111,84,135,97,100,115,30,41,34,47,67,14" hai3="13,5,103,101,49,131,25,18,51,133,85,117,61"/><U96/><E122/><V125/><F74/><W91/><G133/><T64/><D104/><U2/><E108/><V118/><F118/><W78/><G117/><T76/><D76/><U119/><E119/><V134/><F111/><W46/><G78/><T37/><D37/><U70/><E70/><V38/><F125/><W60/><G131/><T19/><D69/><U126/><E126/><V48/><F67/><W16/><G5/><T0/><D124/><U102/><E2/><V35/><F115/><W45/><G25/><T86/><REACH who="0" step="1"/><D0/><REACH who="0" ten="280,250,210,250" step="2"/><U109/><E109/><V75/><F38/><W12/><G85/><T128/><D128/><U73/><E77/><V53/><F75/><W8/><G91/><T79/><D79/><U56/><E73/><V36/><F84/><W105/><G8/><T71/><D71/><U106/><E112/><V15/><F134/><W23/><G23/><T120/><D120/><U113/><E113/><V83/><F135/><W6/><G6/><T59/><D59/><U28/><E114/><V27/><F34/><W92/><REACH who="3" step="1"/><G92/><REACH who="3" ten="280,250,210,240" step="2"/><T43/><D43/><U40/><E40/><V52/><F41/><W57/><G57/><T62/><D62/><U107/><E58/><V99/><F35/><W10/><G10/><T42/><D42/><U11/><E56/><V3/><F3/><W21/><G21/><T55/><D55/><U127/><E127/><V123/><F53/><W66/><G66/><T50/><D50/><U32/><E9/><V54/><F54/><W39/><G39/><T88/><D88/><U93/><E32/><N who="2" m="20575" /><F36/><W121/><G121/><RYUUKYOKU ba="0,2" sc="280,15,250,-15,210,-15,240,15" hai0="17,19,24,26,29,64,65,86,87,89,90,129,130" hai3="12,13,16,18,45,46,49,51,60,61,101,103,105" /><INIT seed="2,1,2,5,3,125" ten="295,235,195,255" oya="2" hai0="70,129,39,87,101,33,81,57,74,47,100,3,131" hai1="72,4,134,43,130,110,41,65,78,96,34,37,61" hai2="17,73,112,128,59,82,103,28,27,115,86,89,69" hai3="40,106,13,19,117,48,15,75,52,45,63,2,12"/><V111/><F69/><W58/><G2/><T123/><D70/><U1/><E43/><V54/><F111/><W18/><G117/><T9/><D33/><U5/><E5/><V53/><F103/><W30/><G106/><T20/><D123/><U116/><E96/><V56/><F73/><W135/><G135/><T132/><D20/><U67/><E134/><V127/><F127/><W120/><G120/><T32/><D32/><U126/><E126/><V124/><F17/><N who="3" m="6155" /><G75/><T35/><D35/><U79/><E79/><V113/><F124/><W97/><G97/><T60/><D74/><U31/><E116/><V88/><F89/><W46/><G46/><T26/><D26/><N who="1" m="18807" /><E110/><V92/><F92/><W93/><G93/><T80/><D47/><N who="1" m="23983" /><E61/><V85/><F85/><W29/><AGARI ba="1,2" hai="12,13,15,29,30,40,45,48,52,58,63" m="6155" machi="29" ten="30,2000,0" yaku="8,1,54,1" doraHai="125" who="3" fromWho="3" sc="295,-6,235,-6,195,-11,255,43" /><INIT seed="3,0,0,0,0,76" ten="289,229,184,298" oya="3" hai0="100,106,43,39,1,48,26,87,110,45,81,107,28" hai1="126,104,23,55,94,124,89,135,134,9,111,114,85" hai2="29,32,10,25,47,91,119,64,99,16,54,59,60" hai3="27,50,129,130,115,69,35,101,96,20,51,31,4"/><W105/><G115/><T117/><D117/><U133/><E114/><V15/><F119/><W68/><G4/><T22/><D1/><U42/><E42/><V132/><F132/><W6/><G6/><T38/><D110/><U33/><E33/><V113/><F113/><W0/><G0/><T65/><D65/><U56/><E111/><V71/><F47/><W120/><G120/><T83/><D83/><U72/><E104/><V3/><F3/><W95/><G95/><T75/><D75/><U127/><E23/><V44/><F44/><W90/><G90/><T122/><D122/><U128/><E9/><V61/><F99/><W11/><G11/><T57/><D57/><U52/><E72/><V66/><REACH who="2" step="1"/><F91/><REACH who="2" ten="289,229,174,298" step="2"/><W88/><G88/><T14/><D39/><U112/><E112/><V116/><F116/><W63/><G130/><T121/><D121/><U73/><E128/><V97/><F97/><W103/><G129/><T74/><D38/><U17/><E73/><V46/><F46/><W37/><G37/><T93/><D74/><U77/><E77/><V108/><F108/><W34/><G101/><T102/><D100/><U36/><E36/><V125/><F125/><W19/><G96/><N who="0" m="59663" /><D106/><U92/><E127/><V7/><F7/><W86/><G103/><T58/><D107/><U118/><E118/><V131/><F131/><W53/><G105/><T41/><D43/><U49/><E124/><V109/><F109/><W70/><G86/><T18/><D87/><U21/><E126/><V78/><F78/><W62/><G69/><T2/><D41/><U84/><E84/><RYUUKYOKU ba="0,1" sc="289,-10,229,-10,174,30,298,-10" hai2="10,15,16,25,29,32,54,59,60,61,64,66,71" /><INIT seed="4,1,1,2,1,93" ten="279,219,204,288" oya="0" hai0="52,68,15,70,38,108,88,80,14,44,111,120,103" hai1="64,114,51,4,84,16,115,67,36,69,116,90,57" hai2="94,132,39,85,105,7,33,27,117,20,46,37,126" hai3="74,100,127,129,1,59,95,58,23,50,91,96,97"/><T40/><D120/><U128/><E116/><V82/><F105/><W109/><G109/><N who="0" m="42059" /><D103/><U104/><E36/><V42/><F117/><W2/><G74/><T25/><D25/><U113/><E128/><V124/><F132/><W78/><G78/><T110/><N who="0" m="42067" /><T30/><DORA hai="76" /><D30/><U79/><E104/><V72/><F72/><W130/><G127/><N who="2" m="48681" /><F7/><W13/><G1/><T24/><D24/><U21/><E4/><V66/><F66/><W53/><G2/><T17/><D52/><N who="1" m="31903" /><E69/><N who="0" m="26729" /><D17/><U122/><E79/><N who="2" m="46303" /><F33/><W18/><REACH who="3" step="1"/><G59/><REACH who="3" ten="279,219,204,278" step="2"/><T123/><D123/><U118/><E122/><V133/><F133/><W55/><G55/><T10/><D10/><U92/><E118/><V5/><F5/><W22/><G22/><T28/><D28/><U77/><E77/><V98/><F20/><W9/><G9/><T19/><D19/><U45/><E16/><V131/><F131/><W43/><G43/><T63/><D63/><U121/><E121/><V107/><F42/><W32/><G32/><T31/><D31/><U54/><E21/><V29/><F29/><W3/><G3/><T56/><D56/><U89/><E54/><V101/><F27/><W12/><G12/><T6/><D6/><U8/><E8/><V73/><F73/><W106/><AGARI ba="1,2" hai="13,18,23,50,53,58,91,95,96,97,100,106,129,130" machi="106" ten="30,8000,1" yaku="1,1,0,1,52,2,53,1" doraHai="93,76" doraHaiUra="102,81" who="3" fromWho="3" sc="279,-41,219,-21,204,-21,278,103" owari="238,3.8,198,-20.2,183,-31.7,381,48.1" /></mjloggm>