<mjloggm ver="2.3"><GO type="225" lobby="0"/><UN n0="%E3%81%A4%E3%81%A3%E3%81%B1%E3%82%8A%E3%83%9D%E3%83%BC%E3%83%AB" n1="%E6%A1%9C%E8%8A%B1%E9%96%83%E3%80%85" n2="%79%75%72%69%6D%6F%67" n3="%E6%97%A5%E6%9B%9C%E6%97%A5%E3%82%88%E3%82%8A%E3%81%AE%E4%BD%BF%E8%80%85" dan="16,16,17,16" rate="2125.92,2141.39,2161.85,2094.12" sx="M,M,F,M"/><TAIKYOKU oya="0"/><INIT seed="0,0,0,1,5,15" ten="250,250,250,250" oya="0" hai0="74,122,133,11,106,75,117,55,130,98,80,58,60" hai1="43,4,91,9,53,113,92,71,64,23,77,118,30" hai2="70,85,52,38,103,121,73,46,134,96,44,109,88" hai3="7,39,61,49,67,14,112,34,132,3,81,111,24"/><T47/><D117/><U35/><E118/><V65/><F121/><W56/><G39/><T79/><D122/><U51/><E35/><V124/><F73/><W82/><G112/><T25/><D133/><U100/><E113/><V114/><F114/><W84/><G3/><T86/><D130/><U93/><E77/><V28/><F109/><W107/><G107/><T97/><D11/><U0/><E43/><V21/><F70/><W66/><G66/><T120/><D120/><U6/><E6/><V62/><F65/><W102/><G34/><T2/><D2/><U45/><E100/><V10/><F10/><W68/><G24/><T76/><D106/><U125/><E125/><V119/><F38/><W105/><G105/><T127/><D127/><U50/><E30/><V129/><F129/><W87/><G102/><T123/><D123/><U17/><E51/><V108/><F108/><W54/><G132/><T101/><D101/><U32/><E32/><V135/><F124/><W57/><G68/><T131/><D131/><U41/><E41/><V126/><F119/><W33/><G33/><T48/><D25/><U59/><E91/><V5/><F5/><W89/><G111/><T78/><D75/><U72/><E71/><V16/><F28/><W8/><G84/><T18/><D18/><U104/><E104/><N who="2" m="63591" /><F126/><W19/><REACH who="3" step="1"/><G81/><REACH who="3" ten="250,250,250,240" step="2"/><T40/><REACH who="0" step="1"/><D74/><REACH who="0" ten="240,250,250,240" step="2"/><U115/><E72/><V26/><F135/><W42/><G42/><T116/><D116/><U99/><E115/><V12/><F134/><W128/><G128/><T22/><D22/><U94/><E23/><V90/><F26/><RYUUKYOKU ba="0,2" sc="240,15,250,-15,250,-15,240,15" hai0="40,47,48,55,58,60,76,78,79,80,86,97,98" hai3="7,8,14,19,49,54,56,57,61,67,82,87,89" /><INIT seed="0,1,2,2,1,109" ten="255,235,235,255" oya="0" hai0="117,42,34,11,89,135,5,22,82,118,47,86,23" hai1="60,87,52,67,59,31,9,36,74,63,0,46,13" hai2="80,128,88,83,132,49,106,121,120,25,85,62,107" hai3="73,17,108,20,48,70,39,61,40,18,114,50,103"/><T28/><D135/><U6/><E74/><V51/><F62/><W71/><G73/><T4/><D34/><U125/><E125/><V3/><F25/><W126/><G39/><T16/><D28/><U12/><E31/><V65/><F51/><W79/><G79/><T43/><D23/><U133/><E133/><V134/><F49/><W76/><G76/><T112/><D112/><U26/><E26/><V101/><F65/><W57/><G103/><T41/><D47/><U35/><E87/><N who="2" m="50279" /><F3/><W29/><G71/><T123/><D123/><N who="2" m="47178" /><F134/><W124/><G70/><T53/><D53/><U111/><E111/><V81/><F132/><W72/><G108/><T38/><D38/><U75/><E75/><V96/><F128/><W78/><G50/><T7/><REACH who="0" step="1"/><D11/><REACH who="0" ten="245,235,235,255" step="2"/><U97/><E35/><V104/><F85/><W99/><G29/><T30/><D30/><U131/><E131/><V84/><F84/><W122/><G20/><T95/><D95/><AGARI ba="1,3" hai="81,83,95,96,101,104,106,107" m="47178,50279" machi="95" ten="40,5200,0" yaku="34,2,54,1" doraHai="109" who="2" fromWho="0" sc="245,-55,235,0,235,85,255,0" /><INIT seed="1,0,0,1,0,17" ten="190,235,320,255" oya="1" hai0="57,20,69,131,120,132,73,41,90,52,103,123,109" hai1="113,61,54,87,64,125,135,18,3,119,110,23,49" hai2="9,33,44,105,68,38,47,95,97,53,32,126,6" hai3="37,59,27,130,50,134,39,45,66,76,34,72,24"/><U67/><E113/><V100/><F126/><W85/><G72/><T75/><D69/><U104/><E119/><V36/><F68/><W98/><G39/><T83/><D103/><U82/><E125/><V55/><F95/><W121/><G37/><T102/><D102/><U31/><E104/><V122/><F55/><W70/><G70/><T78/><D41/><U40/><E135/><V108/><F108/><W96/><G34/><T116/><D116/><U10/><E31/><V29/><F122/><N who="0" m="46634" /><D109/><U128/><E128/><V111/><F111/><W5/><G134/><T2/><D2/><U114/><E114/><V71/><F71/><W86/><G130/><T12/><D131/><U58/><E10/><V51/><F29/><W25/><G5/><T92/><D132/><U84/><E3/><V74/><F74/><W16/><G66/><N who="1" m="25130" /><E110/><V80/><F80/><W107/><G107/><T88/><D92/><U62/><E40/><V129/><F129/><W93/><G93/><T1/><D1/><U91/><E87/><V48/><F38/><W28/><G86/><T42/><D42/><U0/><E0/><N who="2" m="199" /><F36/><W81/><G121/><T106/><D106/><U101/><E101/><V46/><F53/><W115/><G115/><T60/><D75/><U99/><E99/><V133/><F133/><W127/><G98/><T19/><AGARI ba="0,0" hai="12,19,20,52,57,60,73,78,83,88,90" m="46634" machi="19" ten="30,7900,0" yaku="13,1,52,1,54,2" doraHai="17" who="0" fromWho="0" sc="190,79,235,-39,320,-20,255,-20" /><INIT seed="2,0,0,3,4,123" ten="269,196,300,235" oya="2" hai0="6,7,57,47,60,112,46,82,117,54,10,1,89" hai1="50,43,36,83,120,71,102,90,118,19,8,78,105" hai2="73,29,79,30,65,104,38,113,80,27,33,128,11" hai3="34,41,28,99,116,135,74,26,66,63,126,76,75"/><V77/><F113/><W15/><G116/><T59/><D112/><U0/><E118/><V91/><F104/><W94/><G126/><T67/><D117/><U92/><E120/><V84/><F38/><W49/><G76/><T98/><D7/><U22/><E71/><V96/><F79/><W122/><G122/><T127/><D127/><U32/><E32/><V132/><F30/><W107/><G15/><T48/><REACH who="0" step="1"/><D98/><REACH who="0" ten="259,196,300,235" step="2"/><U13/><E0/><V114/><F96/><W62/><G99/><T35/><D35/><U12/><E105/><V23/><F114/><W40/><G34/><T103/><D103/><U88/><E102/><V93/><F33/><W3/><G107/><T130/><D130/><U58/><E36/><V100/><F128/><W31/><G135/><T68/><D68/><U87/><E92/><V37/><F100/><W133/><G94/><T106/><D106/><U45/><E58/><V86/><F132/><W110/><G133/><T119/><D119/><U61/><E61/><V20/><F37/><W129/><G63/><T55/><D55/><U111/><E111/><V64/><F65/><W16/><G110/><T72/><D72/><U109/><E109/><V14/><F64/><W125/><G129/><T70/><D70/><U25/><REACH who="1" step="1"/><E13/><REACH who="1" ten="259,186,300,235" step="2"/><V17/><F73/><W9/><G74/><T121/><D121/><U18/><AGARI ba="0,2" hai="8,12,18,19,22,25,43,45,50,78,83,87,88,90" machi="18" ten="20,12000,2" yaku="1,1,2,1,0,1,7,1,8,1,54,1,53,1" doraHai="123" doraHaiUra="21" who="1" fromWho="1" sc="259,-30,186,140,300,-60,235,-30" /><INIT seed="3,0,0,4,5,13" ten="229,326,240,205" oya="3" hai0="99,16,46,38,73,75,10,50,91,22,114,29,123" hai1="37,102,113,115,70,122,63,108,39,97,105,41,112" hai2="47,89,55,117,19,121,81,68,60,67,45,51,2" hai3="127,15,106,32,24,30,107,40,72,44,80,74,42"/><W134/><G127/><T33/><D123/><U130/><E122/><V94/><F117/><W59/><G134/><T93/><D38/><N who="1" m="14347" /><E41/><V116/><F116/><W1/><G1/><T34/><D10/><U17/><E17/><V53/><F121/><W131/><G131/><T6/><D6/><U62/><E62/><V101/><F2/><W14/><G59/><T95/><D114/><U124/><E108/><V12/><F101/><W86/><G107/><T128/><D128/><U104/><E130/><V92/><F55/><W120/><G106/><T26/><D95/><U100/><E124/><V119/><F47/><W111/><G120/><T61/><D61/><U0/><E0/><V78/><F119/><W135/><G135/><T118/><D118/><U132/><E132/><V4/><F4/><W9/><G111/><T49/><D49/><U69/><E63/><V109/><F109/><W82/><G15/><T52/><D34/><U110/><E110/><V84/><REACH who="2" step="1"/><F78/><REACH who="2" ten="229,326,230,205" step="2"/><N who="3" m="46359" /><G42/><T125/><D125/><U5/><E5/><V11/><AGARI ba="0,1" hai="11,12,19,45,51,53,60,67,68,81,84,89,92,94" machi="11" ten="20,12000,2" yaku="1,1,0,1,7,1,25,2,52,1,53,0" doraHai="13" doraHaiUra="129" who="2" fromWho="2" sc="229,-30,326,-30,230,130,205,-60" owari="199,-20.1,296,9.6,360,46.0,145,-35.5" /></mjloggm>