<mjloggm ver="2.3"><GO type="225" lobby="0"/><UN n0="%6C%61%6D%62" n1="%E3%83%B4%E3%83%A0%EF%BC%99%E3%81%A6" n2="%6D%75%75%6D%75%72%61" n3="%73%6C%69%63%6B%33%31%39" dan="16,17,17,16" rate="2137.98,2192.05,2193.11,2149.37" sx="M,M,F,M"/><TAIKYOKU oya="0"/><INIT seed="0,0,0,2,1,52" ten="250,250,250,250" oya="0" hai0="95,119,106,36,122,56,42,62,20,116,115,51,125" hai1="41,109,91,105,16,46,50,2,84,73,80,97,22" hai2="39,72,23,14,9,78,96,19,70,98,86,26,48" hai3="108,131,25,99,38,93,89,3,124,135,71,34,94"/><T87/><D115/><U102/><E109/><V118/><F39/><W83/><G3/><T100/><D122/><U126/><E126/><V60/><F118/><W55/><G38/><T120/><D120/><U76/><E2/><V134/><F134/><W112/><G71/><T82/><D125/><U10/><E10/><V123/><F72/><W12/><G124/><T104/><D36/><U101/><E101/><V130/><F130/><W17/><G112/><T65/><D95/><U121/><E121/><V5/><F123/><W37/><G37/><T132/><D132/><U133/><E133/><V59/><F70/><W54/><G135/><T103/><D103/><U68/><E68/><V15/><F48/><W57/><G108/><T77/><D20/><U13/><REACH who="1" step="1"/><E91/><REACH who="1" ten="250,240,250,250" step="2"/><V11/><F78/><W117/><G89/><T30/><D100/><U128/><E128/><V24/><F11/><W107/><G131/><T8/><D8/><U113/><E113/><V35/><F9/><W92/><G117/><T32/><D116/><U6/><E6/><V18/><F5/><W53/><G107/><T44/><REACH who="0" step="1"/><D119/><REACH who="0" ten="240,240,250,250" step="2"/><U129/><E129/><V66/><F35/><W4/><G4/><T28/><D28/><U31/><E31/><V88/><F23/><W90/><G34/><T75/><D75/><AGARI ba="0,2" hai="13,16,22,41,46,50,73,75,76,80,84,97,102,105" machi="75" ten="40,2600,0" yaku="1,1,54,1,53,0" doraHai="52" doraHaiUra="63" who="1" fromWho="0" sc="240,-26,240,46,250,0,250,0" /><INIT seed="1,0,0,2,3,128" ten="214,286,250,250" oya="1" hai0="40,55,20,42,131,100,61,6,24,108,75,110,8" hai1="2,30,117,29,94,83,16,135,51,25,69,21,84" hai2="74,0,71,105,22,49,124,90,95,120,106,27,5" hai3="9,113,72,10,114,63,46,87,123,116,78,58,13"/><U26/><E117/><V54/><F120/><W7/><G123/><T82/><D131/><U130/><E130/><V103/><F74/><W65/><G116/><T14/><D100/><U134/><E2/><V97/><F124/><W38/><G72/><T23/><D55/><U109/><E69/><V92/><F71/><W70/><G78/><T119/><D119/><U132/><E109/><N who="0" m="42089" /><D61/><U79/><E51/><V80/><F80/><W66/><G87/><T76/><D23/><N who="1" m="15551" /><E94/><V101/><F5/><W3/><G66/><T45/><D45/><U126/><E126/><V73/><F0/><W122/><G122/><T127/><D127/><U41/><E41/><V53/><F73/><W34/><G34/><T12/><D12/><U32/><E32/><V17/><F54/><W115/><G70/><T33/><D33/><U129/><E129/><V77/><F77/><W104/><G104/><T37/><D37/><U48/><E48/><V125/><F125/><W118/><G118/><T107/><D107/><U89/><E79/><V28/><F28/><AGARI ba="0,0" hai="6,8,14,20,24,28,40,42,75,76,82" m="42089" machi="28" ten="30,1000,0" yaku="14,1" doraHai="128" who="0" fromWho="2" sc="214,10,286,0,250,-10,250,0" /><AGARI ba="0,0" hai="16,21,26,28,30,83,84,89,132,134,135" m="15551" machi="28" ten="30,12000,1" yaku="20,1,52,3,54,1" doraHai="128" who="1" fromWho="2" sc="224,0,286,120,240,-120,250,0" /><INIT seed="1,1,0,3,0,19" ten="224,406,120,250" oya="1" hai0="33,46,81,3,56,21,5,25,66,105,27,123,6" hai1="90,7,80,24,128,94,73,50,18,103,64,9,110" hai2="131,77,121,44,75,35,30,68,2,62,116,41,45" hai3="55,31,17,79,135,37,134,39,58,101,132,114,52"/><U4/><E128/><V84/><F116/><W16/><G114/><T92/><D105/><U82/><E64/><V8/><F121/><W76/><G101/><T89/><D3/><U11/><E103/><V86/><F131/><W107/><G107/><T124/><D123/><U20/><E110/><V120/><F120/><W88/><G31/><T49/><D124/><U10/><E50/><V0/><F68/><W71/><G71/><T127/><D127/><U119/><E119/><V109/><F62/><W29/><G29/><T63/><D81/><N who="1" m="31339" /><E73/><V133/><F75/><W118/><G88/><T48/><D27/><U22/><E22/><V74/><F109/><W53/><G58/><T87/><D33/><U57/><E57/><V34/><F74/><W97/><G97/><AGARI ba="1,0" hai="4,7,9,10,11,18,20,24,90,94,97" m="31339" machi="97" ten="30,2900,0" yaku="8,1,52,1" doraHai="19" who="1" fromWho="3" sc="224,0,406,32,120,0,250,-32" /><INIT seed="1,2,0,1,1,71" ten="224,438,120,218" oya="1" hai0="59,28,96,43,27,103,40,55,57,118,10,79,30" hai1="81,44,52,128,37,64,63,5,1,61,97,85,60" hai2="34,19,120,87,18,105,9,82,115,131,84,31,39" hai3="116,25,49,7,11,74,114,36,56,41,100,50,29"/><U135/><E135/><V3/><F120/><W4/><G114/><T101/><D118/><U45/><E128/><V6/><F131/><W73/><G116/><T17/><D79/><U112/><E112/><V92/><F105/><W121/><G121/><T76/><D76/><U8/><E97/><V124/><F124/><W38/><G100/><T75/><D75/><U113/><E113/><V86/><F115/><W51/><G56/><T26/><D10/><U68/><E37/><V125/><F125/><W123/><G123/><T99/><D17/><U24/><E24/><V67/><F82/><W35/><G4/><T33/><D33/><U83/><E83/><V14/><F67/><W77/><G77/><T107/><REACH who="0" step="1"/><D107/><REACH who="0" ten="214,438,120,218" step="2"/><U58/><E8/><V22/><F18/><W133/><G133/><T126/><D126/><U106/><E106/><V12/><F39/><W132/><G132/><T88/><D88/><U46/><E5/><V72/><F72/><W0/><REACH who="3" step="1"/><G36/><REACH who="3" ten="214,438,120,208" step="2"/><T66/><D66/><U102/><E64/><V32/><F6/><W53/><G53/><AGARI ba="2,2" hai="26,27,28,30,40,43,53,55,57,59,96,99,101,103" machi="53" ten="25,6400,0" yaku="1,1,22,2,8,1,53,0" doraHai="71" doraHaiUra="78" who="0" fromWho="3" sc="214,90,438,0,120,0,208,-70" /><INIT seed="2,0,0,2,5,8" ten="304,438,120,138" oya="2" hai0="115,94,107,133,4,40,28,119,49,32,27,71,87" hai1="9,112,6,91,72,129,99,0,29,51,36,110,24" hai2="5,102,111,135,44,52,97,42,82,48,79,88,33" hai3="65,113,26,80,57,10,74,100,92,68,3,16,120"/><V38/><F135/><W1/><G120/><T22/><D107/><U2/><E36/><V126/><F126/><W47/><G68/><T103/><D71/><U116/><E72/><V39/><F33/><W31/><G113/><T50/><D115/><U53/><E112/><V69/><F111/><W75/><G47/><T84/><D119/><U37/><E37/><V56/><F69/><W7/><G1/><T98/><D32/><U19/><E116/><V89/><F38/><W70/><G70/><T64/><D133/><U46/><E19/><V117/><F5/><W54/><G65/><T15/><D64/><U108/><E0/><V95/><REACH who="2" step="1"/><F117/><REACH who="2" ten="304,438,110,138" step="2"/><W60/><G7/><T121/><D4/><U45/><E108/><V118/><F118/><W59/><G3/><T20/><D121/><U106/><E110/><V17/><F17/><W131/><G16/><T101/><D28/><U77/><E29/><V134/><F134/><W123/><G31/><T76/><D22/><U30/><E30/><V104/><F104/><W34/><G34/><T83/><D20/><U109/><E109/><V130/><F130/><W96/><G131/><T62/><D27/><U132/><E129/><V63/><F63/><N who="3" m="36279" /><G26/><T124/><D62/><U23/><E132/><V85/><AGARI ba="0,1" hai="39,42,44,48,52,56,79,82,85,88,89,95,97,102" machi="85" ten="20,12000,1" yaku="1,1,0,1,7,1,54,2,53,0" doraHai="8" doraHaiUra="105" who="2" fromWho="2" sc="304,-40,438,-40,110,130,138,-40" /><INIT seed="2,1,0,4,2,115" ten="264,398,240,98" oya="2" hai0="109,79,130,59,26,99,51,13,117,0,66,111,35" hai1="47,63,25,84,98,93,9,10,112,65,53,129,8" hai2="100,4,2,28,17,24,31,19,16,135,91,52,118" hai3="88,64,58,134,43,38,18,97,44,36,70,42,73"/><V75/><F75/><W122/><G73/><T124/><D0/><U32/><E112/><V77/><F118/><W83/><G122/><T123/><D123/><U6/><E129/><V37/><F37/><W34/><G34/><T120/><D120/><U14/><E84/><V33/><F135/><W95/><G134/><T128/><D79/><U22/><E32/><V116/><F116/><W82/><G70/><T57/><D117/><U71/><E53/><V12/><F77/><W86/><G82/><T67/><D124/><U62/><E62/><V68/><F68/><W30/><G30/><N who="0" m="19927" /><D13/><U21/><E21/><V121/><F100/><W108/><G108/><N who="0" m="41547" /><D99/><U49/><E49/><V50/><F121/><W89/><G18/><T132/><D132/><U133/><E47/><V110/><F31/><W56/><REACH who="3" step="1"/><G64/><REACH who="3" ten="264,398,240,88" step="2"/><T125/><D67/><U27/><E133/><V54/><F110/><W46/><AGARI ba="1,1" hai="36,38,42,43,44,46,56,58,83,86,88,89,95,97" machi="46" ten="30,8000,1" yaku="1,1,2,1,0,1,9,1,54,1,53,0" doraHai="115" doraHaiUra="60" who="3" fromWho="3" sc="264,-21,398,-21,240,-41,88,93" /><INIT seed="3,0,0,0,5,78" ten="243,377,199,181" oya="3" hai0="81,34,89,39,128,109,61,20,5,22,67,57,123" hai1="69,12,82,111,103,54,76,130,93,9,25,40,80" hai2="75,126,101,55,10,21,0,3,18,6,46,44,85" hai3="97,127,42,124,47,116,118,112,125,66,48,38,135"/><W114/><G97/><T71/><D34/><U13/><E69/><V30/><F75/><W53/><G66/><T52/><D123/><U64/><E64/><V70/><F70/><W79/><G79/><T99/><D39/><U60/><E40/><V121/><F121/><W132/><G53/><T115/><D109/><U113/><E113/><N who="3" m="43626" /><G48/><T95/><D128/><U51/><E111/><V90/><F101/><W104/><G104/><T24/><D115/><U122/><E122/><V31/><F55/><W83/><G83/><T7/><D20/><U36/><E60/><V62/><F62/><W92/><G92/><T117/><D117/><AGARI ba="0,0" hai="38,42,47,116,117,118,124,125,127,132,135" m="43626" machi="117" ten="40,12000,1" yaku="18,1,23,1,34,2" doraHai="78" who="3" fromWho="0" sc="243,-120,377,0,199,0,181,120" /><INIT seed="3,1,0,3,3,100" ten="123,377,199,301" oya="3" hai0="45,110,26,72,61,114,28,131,21,73,50,17,4" hai1="67,99,33,13,94,47,27,12,76,6,130,36,121" hai2="34,0,87,56,105,9,42,31,37,63,60,89,69" hai3="44,104,78,103,108,62,40,106,38,119,65,24,54"/><W107/><G119/><T92/><D110/><U11/><E121/><V3/><F105/><W102/><G108/><T90/><D131/><U32/><E130/><V129/><F129/><W43/><G43/><T10/><D114/><U98/><E67/><V135/><F135/><W64/><G64/><T109/><D109/><U101/><E76/><V39/><F69/><W77/><G54/><T22/><D72/><U7/><E27/><V53/><F63/><W82/><G24/><T71/><D73/><U19/><E6/><V84/><F34/><W51/><G51/><T41/><D71/><U125/><E125/><V52/><F31/><W1/><G1/><T55/><D61/><U85/><E85/><V14/><F53/><W112/><G112/><T58/><D4/><U86/><E86/><V93/><F84/><W16/><G16/><T23/><D10/><U15/><E98/><V116/><F116/><W113/><G113/><T80/><D80/><U118/><E118/><V134/><F134/><W18/><G18/><T88/><D22/><U91/><E13/><V75/><F75/><W117/><G117/><T30/><D92/><U96/><E47/><V70/><F70/><W128/><G128/><T79/><D79/><N who="3" m="30217" /><G82/><T20/><D20/><N who="1" m="11367" /><E36/><N who="2" m="13899" /><F42/><W81/><G81/><T46/><D28/><U59/><E59/><V48/><F60/><W8/><G8/><T123/><D123/><U83/><E83/><V111/><F111/><W68/><G68/><T127/><D127/><U97/><E33/><V132/><F132/><W133/><G133/><T95/><D30/><U126/><E11/><RYUUKYOKU ba="1,0" sc="123,-15,377,-15,199,15,301,15" hai2="0,3,9,14,48,52,56,87,89,93" hai3="38,40,44,62,65,102,103,104,106,107" /><INIT seed="3,2,0,1,3,120" ten="108,362,214,316" oya="3" hai0="29,55,52,19,91,97,31,26,37,81,131,4,35" hai1="34,118,9,61,40,77,8,94,114,99,104,43,2" hai2="3,69,100,124,22,32,122,115,92,86,75,16,18" hai3="106,90,125,20,119,113,103,45,10,25,12,54,15"/><W39/><G119/><T48/><D37/><U65/><E114/><V78/><F32/><W68/><G113/><T123/><D123/><U13/><E104/><V129/><F115/><W63/><G125/><T95/><D131/><U87/><E34/><V38/><F122/><W130/><G130/><T58/><D4/><U101/><E118/><V134/><F3/><W44/><G106/><T7/><D7/><N who="1" m="3231" /><E9/><V117/><F69/><W89/><G103/><T30/><D19/><U110/><E110/><V102/><F134/><W133/><G133/><T126/><D126/><U85/><E2/><V46/><F75/><W21/><G68/><T17/><D17/><U6/><E6/><V14/><F117/><W109/><G109/><T71/><D71/><U107/><E107/><V47/><F38/><W36/><G63/><T98/><D81/><N who="1" m="47279" /><E87/><V11/><F124/><W60/><G60/><T28/><REACH who="0" step="1"/><D55/><REACH who="0" ten="98,362,214,316" step="2"/><U57/><AGARI ba="2,1" hai="40,43,57,61,65,94,99,101" m="47279,3231" machi="57" ten="30,1100,0" yaku="8,1" doraHai="120" who="1" fromWho="1" sc="98,-5,362,27,214,-5,316,-7" owari="93,-40.7,389,48.9,209,-19.1,309,10.9" /></mjloggm>