<mjloggm ver="2.3"><GO type="225" lobby="0"/><UN n0="%72%61%6B%33" n1="%6D%75%75%6D%75%72%61" n2="%E7%9C%9F%E4%B8%80" n3="%E8%81%B7%E6%A5%AD%E3%80%81%E9%A2%A8%32" dan="18,16,17,16" rate="2231.00,2192.20,2179.31,2146.67" sx="M,F,M,M"/><TAIKYOKU oya="0"/><INIT seed="0,0,0,0,2,71" ten="250,250,250,250" oya="0" hai0="76,46,19,64,35,105,52,16,88,132,110,34,121" hai1="39,56,100,28,77,62,45,104,112,128,26,126,9" hai2="50,66,18,15,51,59,23,48,29,120,11,87,58" hai3="27,22,113,102,10,49,75,70,32,31,30,80,24"/><T68/><D121/><U127/><E128/><V92/><F120/><W8/><G70/><T108/><D105/><U6/><E77/><V89/><F66/><W97/><G113/><T85/><D76/><U79/><E79/><V130/><F130/><W125/><G80/><T4/><D4/><U72/><E72/><V81/><F29/><W2/><G75/><T5/><D5/><U131/><E131/><V14/><REACH who="2" step="1"/><F81/><REACH who="2" ten="250,250,240,250" step="2"/><W55/><G125/><T106/><D64/><U47/><E28/><V91/><F91/><W101/><G2/><T65/><D65/><U21/><E127/><V90/><F90/><W60/><G102/><T107/><D68/><U33/><E100/><V99/><F99/><W103/><G101/><T3/><D132/><U38/><E126/><V13/><F13/><W53/><G97/><T0/><D88/><U25/><E112/><V118/><F118/><W129/><G103/><T84/><REACH who="0" step="1"/><D46/><REACH who="0" ten="240,250,240,250" step="2"/><U20/><E47/><V133/><F133/><W17/><G129/><T123/><D123/><U40/><E45/><V78/><F78/><W37/><G32/><T67/><D67/><U42/><E33/><V43/><F43/><W135/><G135/><T117/><D117/><U73/><E42/><V111/><F111/><W122/><G122/><T119/><D119/><U69/><E40/><V109/><F109/><W54/><G54/><AGARI ba="0,2" hai="0,3,16,19,34,35,52,54,84,85,106,107,108,110" machi="54" ten="25,12000,1" yaku="1,1,22,2,54,2,53,0" doraHai="71" doraHaiUra="86" who="0" fromWho="3" sc="240,140,250,0,240,0,250,-120" /><INIT seed="0,1,0,4,5,8" ten="380,250,240,130" oya="0" hai0="94,7,88,83,68,126,69,71,76,18,21,33,135" hai1="45,5,129,9,105,35,119,14,81,67,74,49,102" hai2="61,42,95,54,28,39,36,55,124,104,6,127,20" hai3="93,3,116,78,46,51,56,117,22,84,115,111,29"/><T63/><D33/><U125/><E119/><V110/><F104/><W131/><G3/><T11/><D126/><N who="2" m="48170" /><F110/><W114/><G111/><T70/><D135/><U50/><E125/><V133/><F133/><W32/><G32/><T40/><D40/><U2/><E129/><V101/><F6/><W31/><G131/><T85/><D69/><U112/><E35/><V53/><F42/><W23/><G56/><T34/><D34/><U65/><E112/><V17/><F28/><W77/><G93/><T87/><D63/><U75/><E2/><V30/><F30/><W120/><G51/><T118/><D118/><U113/><E113/><V43/><F43/><W92/><G92/><T62/><D62/><U130/><E130/><V106/><F106/><W72/><G84/><T10/><REACH who="0" step="1"/><D7/><REACH who="0" ten="370,250,240,130" step="2"/><U44/><E50/><V103/><F61/><W121/><REACH who="3" step="1"/><G46/><REACH who="3" ten="370,250,240,120" step="2"/><T26/><AGARI ba="1,2" hai="10,11,18,21,26,68,70,71,76,83,85,87,88,94" machi="26" ten="30,18000,2" yaku="1,1,2,1,0,1,54,1,53,2" doraHai="8" doraHaiUra="80" who="0" fromWho="0" sc="370,203,250,-61,240,-61,120,-61" /><INIT seed="0,2,0,4,3,128" ten="573,189,179,59" oya="0" hai0="68,61,24,115,36,110,102,91,33,28,135,27,6" hai1="122,76,126,13,51,85,72,97,2,119,41,125,4" hai2="54,45,52,57,124,105,20,9,89,127,84,35,46" hai3="87,73,130,86,80,88,114,34,14,10,69,63,30"/><T0/><D115/><U94/><E119/><V71/><F105/><W32/><G130/><T7/><D36/><U81/><E122/><V90/><F35/><W132/><G114/><T49/><D110/><U53/><E2/><V38/><F71/><W22/><G73/><T113/><D113/><U43/><E72/><V70/><F70/><W93/><G132/><T47/><D135/><U107/><E107/><V21/><F9/><W1/><G1/><T109/><D109/><U131/><E131/><V116/><F38/><W65/><G22/><T96/><D91/><U19/><E4/><V103/><F57/><W17/><REACH who="3" step="1"/><G30/><REACH who="3" ten="573,189,179,49" step="2"/><T31/><D0/><U42/><E125/><V104/><F20/><W92/><G92/><T77/><D31/><U58/><E126/><V112/><F21/><W59/><G59/><T50/><D28/><U74/><E74/><V100/><F112/><W66/><G66/><T18/><D68/><U111/><E111/><V98/><F116/><W106/><G106/><T121/><D121/><U83/><E94/><V48/><F104/><W79/><AGARI ba="2,1" hai="10,14,17,32,34,63,65,69,79,80,86,87,88,93" machi="79" ten="20,5200,0" yaku="1,1,0,1,7,1,54,1,53,0" doraHai="128" doraHaiUra="39" who="3" fromWho="3" sc="573,-28,189,-15,179,-15,49,68" /><INIT seed="1,0,0,1,5,124" ten="545,174,164,117" oya="1" hai0="72,126,13,108,6,104,113,117,67,135,44,96,17" hai1="62,12,109,22,24,118,130,84,132,71,88,30,119" hai2="64,58,77,129,52,51,75,53,49,116,122,59,81" hai3="110,28,23,115,34,63,4,29,33,97,99,18,43"/><U40/><E132/><V45/><F122/><W100/><G115/><T41/><D67/><U54/><E130/><V134/><F116/><W82/><G110/><T79/><D6/><U78/><E109/><V87/><F134/><W69/><G43/><T16/><D126/><U127/><E127/><V0/><F0/><W48/><G48/><T35/><D35/><U10/><E40/><V20/><F129/><W70/><G4/><T3/><D3/><U42/><E42/><V25/><F64/><W14/><G82/><T55/><D55/><U39/><E39/><V101/><F101/><W26/><G63/><T32/><D32/><U2/><E2/><V73/><REACH who="2" step="1"/><F45/><REACH who="2" ten="545,174,154,117" step="2"/><W8/><G69/><T5/><D44/><U102/><E71/><V60/><F60/><W47/><G70/><T103/><D135/><U74/><E102/><V94/><F94/><W57/><G47/><T83/><D117/><U120/><E120/><V123/><F123/><W19/><G57/><T85/><D108/><U131/><E131/><V125/><F125/><W80/><G80/><T21/><D103/><U112/><E119/><V56/><F56/><W31/><REACH who="3" step="1"/><G97/><REACH who="3" ten="545,174,154,107" step="2"/><T89/><D96/><U98/><E118/><V46/><F46/><W107/><AGARI ba="0,2" hai="8,14,18,19,23,26,28,29,31,33,34,99,100,107" machi="107" ten="30,4000,0" yaku="1,1,2,1,0,1,53,0" doraHai="124" doraHaiUra="38" who="3" fromWho="3" sc="545,-10,174,-20,154,-10,107,60" /><INIT seed="2,0,0,5,3,30" ten="535,154,144,167" oya="2" hai0="116,19,33,121,135,55,48,134,80,109,124,23,128" hai1="105,7,98,2,57,40,106,43,79,84,102,10,21" hai2="125,115,54,22,52,90,66,53,24,58,62,112,61" hai3="13,88,15,35,119,132,41,91,78,8,6,69,12"/><V37/><F37/><W16/><G69/><T65/><D121/><U67/><E106/><V126/><F90/><N who="3" m="34347" /><G35/><T14/><D109/><U108/><E108/><V11/><F11/><N who="3" m="6175" /><G119/><T70/><D124/><N who="2" m="47722" /><F22/><W51/><G132/><T59/><D128/><U47/><E21/><V120/><F24/><W68/><G68/><T60/><D116/><U107/><E107/><V73/><F73/><W131/><G131/><T25/><REACH who="0" step="1"/><D80/><REACH who="0" ten="525,154,144,167" step="2"/><U111/><E111/><V27/><F120/><W87/><G6/><T64/><D64/><U32/><E67/><N who="2" m="39351" /><F27/><W130/><G130/><T82/><D82/><U38/><E7/><V49/><F49/><W28/><G51/><T89/><D89/><U92/><E38/><V1/><F1/><W75/><G78/><T46/><D46/><U44/><E79/><V72/><F72/><W104/><G75/><T9/><D9/><U18/><E44/><V85/><F85/><W34/><G87/><T101/><D101/><U3/><E47/><V118/><F118/><W113/><G8/><T26/><D26/><U97/><E3/><V114/><F112/><W31/><G113/><T94/><D94/><U117/><E84/><V110/><F110/><W71/><G104/><T95/><D95/><U39/><E117/><V45/><F45/><W36/><G36/><T127/><D127/><U0/><E39/><V5/><F5/><W42/><G13/><T96/><D96/><U81/><E0/><V129/><F129/><W83/><G15/><T93/><D93/><U86/><E98/><V77/><F77/><W29/><G83/><T56/><D56/><AGARI ba="0,1" hai="52,53,54,56,62,66,114,115" m="39351,47722" machi="56" ten="30,12000,1" yaku="6,1,18,1,34,2,54,1" doraHai="30" who="2" fromWho="0" sc="525,-120,154,0,144,130,167,0" /><INIT seed="2,1,0,1,3,112" ten="405,154,274,167" oya="2" hai0="135,22,57,65,10,130,6,25,47,59,30,120,44" hai1="49,106,118,20,87,56,54,124,64,82,35,31,78" hai2="77,128,61,16,88,41,3,67,55,18,7,1,131" hai3="101,23,2,71,39,108,123,43,72,96,4,51,26"/><V62/><F77/><W74/><G108/><T81/><D120/><U103/><E35/><V52/><F41/><W40/><G123/><T109/><D109/><U32/><E32/><V105/><F105/><W17/><G71/><T116/><D130/><N who="2" m="49706" /><F7/><W14/><G39/><T80/><D135/><U134/><E134/><V107/><F107/><W69/><G69/><T8/><D116/><U113/><E113/><V127/><F127/><W104/><G2/><N who="2" m="521" /><F88/><W86/><G43/><T85/><D81/><U121/><E124/><V29/><F29/><W66/><G86/><T114/><D114/><U15/><E121/><V21/><F18/><W132/><G132/><T42/><D6/><U93/><E106/><V92/><F92/><W28/><G4/><T12/><D42/><U73/><E118/><V60/><F67/><W90/><G66/><T122/><D65/><U36/><E36/><V46/><F46/><W24/><G90/><T94/><D94/><U53/><E64/><V98/><F98/><W9/><G26/><AGARI ba="1,0" hai="16,21,26,52,55,60,61,62" m="521,49706" machi="26" ten="40,7700,0" yaku="19,1,54,2" doraHai="112" who="2" fromWho="3" sc="405,0,154,0,274,80,167,-80" /><INIT seed="2,2,0,2,1,98" ten="405,154,354,87" oya="2" hai0="9,74,73,30,108,23,60,7,56,43,110,128,63" hai1="130,75,94,93,51,78,54,41,1,121,97,19,45" hai2="105,126,57,8,119,24,70,49,12,11,20,18,25" hai3="28,2,135,86,76,37,64,104,13,15,69,102,103"/><V5/><F70/><W29/><G2/><T42/><D30/><N who="3" m="11881" /><G104/><T127/><D23/><U133/><E1/><V114/><F119/><W21/><G37/><T27/><D27/><U87/><E75/><V134/><F114/><W95/><G69/><T53/><D127/><U3/><E3/><V47/><F105/><W89/><G135/><T118/><D128/><U107/><E130/><V125/><F134/><W82/><G64/><T123/><D123/><U112/><E112/><V101/><F57/><W72/><G72/><T14/><D118/><U122/><E133/><V4/><F101/><N who="3" m="38411" /><G21/><T66/><D73/><U85/><E107/><V109/><F126/><W46/><G46/><T117/><D74/><U99/><E122/><V92/><F125/><W131/><G131/><T91/><D117/><U120/><E120/><V129/><F129/><W113/><G113/><T115/><D115/><U88/><E121/><V0/><F0/><W62/><G62/><T22/><D22/><U77/><E87/><V55/><F20/><W17/><G17/><T71/><D71/><U38/><E19/><V36/><F36/><W33/><G33/><T50/><D63/><U100/><E85/><V34/><F34/><W96/><AGARI ba="2,0" hai="13,15,76,82,86,89,95,96" m="38411,11881" machi="96" ten="30,7900,0" yaku="8,1,52,3" doraHai="98" who="3" fromWho="3" sc="405,-22,154,-22,354,-41,87,85" /><INIT seed="3,0,0,5,0,54" ten="383,132,313,172" oya="3" hai0="129,72,63,79,32,59,22,83,93,111,92,126,57" hai1="91,80,128,42,26,38,48,110,115,66,50,25,11" hai2="118,134,90,2,98,122,13,27,16,123,77,76,107" hai3="9,117,47,135,99,39,94,64,20,85,127,103,58"/><W124/><G117/><T45/><D32/><U74/><E115/><V24/><F118/><W8/><G135/><T61/><D111/><U104/><E110/><V4/><F134/><W116/><G116/><T88/><D126/><U52/><E104/><V17/><F2/><W114/><G114/><T100/><D129/><U89/><E38/><V78/><F4/><W7/><G85/><T60/><D45/><N who="1" m="25655" /><E74/><V95/><F107/><W53/><G39/><T102/><D22/><U12/><E66/><V5/><F5/><W71/><G71/><T10/><D10/><U1/><E1/><V34/><F34/><W62/><G20/><T119/><D119/><U23/><E128/><V37/><F37/><W101/><G9/><T56/><REACH who="0" step="1"/><D92/><REACH who="0" ten="373,132,313,172" step="2"/><U28/><E26/><V130/><F130/><W131/><G131/><T125/><D125/><U21/><E21/><V43/><F43/><W82/><G94/><T6/><D6/><N who="1" m="3191" /><E80/><V35/><F35/><W36/><G82/><T70/><D70/><U55/><E55/><V68/><F68/><W33/><G53/><T106/><D106/><U44/><E44/><V120/><REACH who="2" step="1"/><F17/><REACH who="2" ten="373,132,303,172" step="2"/><W97/><G33/><T112/><D112/><U65/><E65/><V51/><F51/><W73/><G64/><T84/><AGARI ba="0,2" hai="56,57,59,60,61,63,72,79,83,84,88,93,100,102" machi="84" ten="30,12000,2" yaku="1,1,0,1,52,3,54,1,53,0" doraHai="54" doraHaiUra="121" who="0" fromWho="0" sc="373,140,132,-30,303,-30,172,-60" owari="513,61.3,102,-39.8,273,7.3,112,-28.8" /></mjloggm>