<mjloggm ver="2.3"><GO type="225" lobby="0"/><UN n0="%E7%B4%94%E6%BD%94%E3%83%94%E3%83%A9%E3%83%8B%E3%82%A2" n1="%72%61%6B%33" n2="%E5%84%AA%40%41%42%43" n3="%E3%81%99%E3%81%84%E3%81%BE%E3%81%9B%E3%83%BC%E3%82%93" dan="16,17,17,16" rate="2057.38,2278.34,2258.37,2125.28" sx="M,M,M,M"/><TAIKYOKU oya="0"/><INIT seed="0,0,0,1,5,126" ten="250,250,250,250" oya="0" hai0="36,33,21,125,67,85,3,93,66,54,115,52,40" hai1="119,91,25,124,118,30,128,27,113,92,4,103,19" hai2="10,24,49,121,71,75,123,56,112,86,65,12,131" hai3="46,60,81,29,44,111,0,134,41,6,47,129,11"/><T55/><D33/><U102/><E124/><V42/><F75/><W37/><G134/><T61/><D125/><U68/><E68/><V38/><F112/><W39/><G111/><T87/><D3/><U63/><E113/><V101/><F101/><W72/><G129/><T50/><D115/><U26/><E128/><V114/><F114/><W16/><G29/><T76/><D36/><U89/><E30/><V48/><F131/><W31/><G31/><T2/><D2/><U83/><E63/><N who="2" m="40383" /><F24/><W105/><G105/><T97/><D21/><U20/><E4/><V99/><F86/><N who="0" m="32778" /><D76/><U135/><E135/><V108/><F99/><W59/><G16/><T104/><D104/><U82/><E19/><N who="2" m="8599" /><F49/><W9/><G9/><T100/><D61/><U74/><E20/><V35/><F35/><W80/><G39/><T96/><D97/><U116/><E74/><V70/><F70/><W88/><G88/><N who="1" m="33866" /><E92/><V1/><F1/><W51/><G51/><T14/><D14/><U133/><E133/><V107/><F108/><W64/><REACH who="3" step="1"/><G81/><AGARI ba="0,0" hai="25,26,27,81,82,83,102,103,116,118,119" m="33866" machi="81" ten="40,5200,0" yaku="28,2,54,1" doraHai="126" who="1" fromWho="3" sc="250,0,250,52,250,0,250,-52" /><INIT seed="1,0,0,5,3,108" ten="250,302,250,198" oya="1" hai0="89,8,105,22,107,87,51,129,88,13,1,81,135" hai1="4,38,59,52,0,20,123,104,124,116,82,26,100" hai2="109,57,46,118,126,6,80,27,39,10,83,117,68" hai3="49,11,25,34,28,7,9,44,101,94,86,97,113"/><U23/><E116/><V130/><F109/><W58/><G113/><T42/><D129/><U41/><E123/><V93/><F68/><W77/><G58/><T110/><D110/><U45/><E124/><V73/><F130/><W66/><G66/><T120/><D120/><U31/><E82/><V43/><F126/><W85/><G77/><T71/><D71/><U133/><E133/><V53/><F83/><W79/><G79/><T19/><D135/><U91/><E91/><V50/><F93/><W102/><G101/><T63/><D63/><U115/><E115/><V54/><F27/><W121/><G121/><T47/><REACH who="0" step="1"/><D89/><REACH who="0" ten="240,302,250,198" step="2"/><U16/><E0/><N who="2" m="327" /><F54/><W18/><G18/><T134/><D134/><U62/><E4/><AGARI ba="0,1" hai="1,4,8,13,19,22,42,47,51,81,87,88,105,107" machi="4" ten="40,2600,0" yaku="1,1,54,1,53,0" doraHai="108" doraHaiUra="96" who="0" fromWho="1" sc="240,36,302,-26,250,0,198,0" /><INIT seed="2,0,0,0,1,1" ten="276,276,250,198" oya="2" hai0="36,57,116,3,38,86,33,117,52,22,25,61,0" hai1="76,121,58,67,135,124,23,7,75,119,63,34,101" hai2="105,106,123,2,74,42,20,62,15,46,85,65,115" hai3="64,93,110,134,69,109,18,11,26,43,108,102,131"/><V54/><F115/><W89/><G131/><T126/><D33/><U41/><E34/><V128/><F74/><W83/><G134/><T96/><D126/><U9/><E119/><N who="0" m="45641" /><D86/><U30/><E135/><V21/><F2/><N who="0" m="554" /><D96/><U28/><E121/><V27/><F123/><W10/><G43/><T45/><D45/><U72/><E41/><V90/><F128/><W37/><G37/><T100/><D100/><U79/><E101/><V40/><F54/><W88/><G83/><T51/><D61/><U13/><E124/><V49/><F42/><W107/><G107/><T80/><D80/><U53/><E75/><V112/><F15/><W122/><G122/><T32/><D32/><U35/><E35/><V103/><F103/><W50/><G50/><T114/><D114/><U78/><E72/><V132/><F112/><W133/><G133/><T4/><D4/><U113/><E113/><V31/><F132/><W111/><N who="3" m="27648" /><DORA hai="60" /><W6/><G102/><T66/><D66/><U47/><E23/><V94/><REACH who="2" step="1"/><F21/><REACH who="2" ten="276,276,240,198" step="2"/><N who="3" m="13623" /><G11/><T92/><D38/><U125/><E125/><V24/><F24/><W84/><G10/><T130/><D36/><U12/><E12/><V39/><F39/><W16/><G64/><T19/><D130/><U95/><E53/><V99/><F99/><W82/><G6/><T56/><D52/><U14/><E14/><V97/><F97/><N who="3" m="57511" /><G16/><T104/><D19/><U77/><E7/><V55/><F55/><W8/><G8/><T59/><D25/><U17/><E9/><V87/><F87/><W70/><AGARI ba="0,1" hai="69,70,82,84,89" m="57511,13623,27648" machi="70" ten="60,4000,0" yaku="14,1,54,1" doraHai="1,60" who="3" fromWho="3" sc="276,-10,276,-10,240,-20,198,50" /><INIT seed="3,0,0,0,1,28" ten="266,266,220,248" oya="3" hai0="133,13,86,98,127,128,111,61,55,132,51,54,0" hai1="106,97,123,115,74,94,118,2,59,34,105,5,81" hai2="85,76,21,20,68,67,122,113,15,135,45,89,64" hai3="125,32,46,38,1,6,65,92,37,19,58,91,63"/><W42/><G125/><T33/><D0/><U24/><E115/><V27/><F113/><W73/><G73/><T84/><D127/><U48/><E123/><V110/><F122/><W131/><G131/><T30/><D128/><U49/><E5/><V82/><F68/><W121/><G121/><T78/><D78/><U43/><E2/><V3/><F3/><W129/><G129/><T16/><D98/><U69/><E69/><V79/><F110/><W75/><G75/><T23/><D111/><U96/><E43/><V117/><F117/><W100/><G100/><T39/><D39/><U40/><E40/><V14/><F135/><N who="0" m="51786" /><D61/><U57/><E24/><V108/><F108/><W107/><G107/><T101/><D101/><U102/><E81/><V70/><F45/><W80/><G80/><T93/><D93/><U72/><E102/><V71/><F70/><W112/><G112/><T9/><D9/><U62/><E62/><V109/><F71/><W22/><G38/><T26/><D55/><U47/><E94/><V83/><F109/><W12/><G1/><T4/><D4/><U120/><E120/><V130/><F130/><W35/><G6/><T18/><D18/><U52/><E52/><V119/><F119/><W124/><G124/><T104/><D104/><U116/><E47/><AGARI ba="0,0" hai="13,16,23,26,30,33,47,51,54,84,86" m="51786" machi="47" ten="30,3900,0" yaku="20,1,52,1,54,1" doraHai="28" who="0" fromWho="1" sc="266,39,266,-39,220,0,248,0" owari="305,40.5,227,-17.3,220,-28.0,248,4.8" /></mjloggm>