<mjloggm ver="2.3"><GO type="225" lobby="0"/><UN n0="%72%69%6F%75%63%68%61%6E" n1="%E3%81%8B%E3%82%8F%E3%81%A1%E3%82%83%E3%82%93%35%38" n2="%E5%91%89%E5%AF%8C%E6%98%A5" n3="%E3%81%B5%E3%81%98%E3%81%8B%E3%81%A4" dan="16,16,16,16" rate="2149.70,2147.60,2155.25,2155.79" sx="M,M,M,M"/><TAIKYOKU oya="0"/><INIT seed="0,0,0,5,1,98" ten="250,250,250,250" oya="0" hai0="106,68,99,87,49,132,105,59,9,130,19,118,71" hai1="93,91,44,123,103,70,42,120,108,131,119,86,38" hai2="15,29,102,96,47,129,63,133,13,7,64,16,52" hai3="82,74,126,81,60,27,17,76,31,62,72,45,33"/><T116/><D130/><U125/><E119/><V22/><F129/><W83/><G126/><T6/><D132/><U51/><E125/><V111/><F133/><W46/><G17/><T5/><D19/><U75/><E131/><V115/><F115/><W26/><G76/><T0/><D87/><U79/><E70/><N who="0" m="26665" /><D99/><U30/><E108/><V56/><F111/><W89/><G89/><T128/><D128/><U88/><E30/><V3/><F3/><W50/><G27/><T100/><D49/><U21/><E21/><V40/><F29/><W20/><G33/><T36/><D59/><U124/><E124/><V34/><F34/><W11/><G11/><N who="0" m="2471" /><D36/><U61/><E38/><V1/><F1/><W78/><G46/><T2/><D100/><U121/><E61/><V48/><F7/><W28/><G28/><T65/><D65/><U135/><E135/><V94/><REACH who="2" step="1"/><F13/><REACH who="2" ten="250,250,240,250" step="2"/><W23/><G31/><T37/><D37/><U104/><E121/><V8/><F8/><W107/><G23/><T90/><D90/><U77/><E91/><V84/><F84/><W57/><G20/><T101/><D101/><U25/><E25/><V12/><F12/><W10/><G26/><T117/><AGARI ba="0,1" hai="2,6,9,105,106,116,117,118" m="2471,26665" machi="117" ten="40,2100,0" yaku="23,1" doraHai="98" who="0" fromWho="0" sc="250,31,250,-7,240,-7,250,-7" /><INIT seed="0,1,0,2,2,13" ten="281,243,233,243" oya="0" hai0="37,51,33,63,99,85,34,92,117,76,123,48,78" hai1="60,30,29,57,116,50,105,98,61,65,96,15,124" hai2="107,45,0,106,88,112,67,38,66,46,4,54,9" hai3="93,17,3,7,110,68,16,101,84,23,103,39,104"/><T40/><D117/><U41/><E116/><V21/><F112/><W118/><G118/><T24/><D123/><U120/><E120/><V90/><F21/><W128/><G68/><T18/><D37/><U113/><E113/><V31/><F31/><N who="1" m="11785" /><E105/><V122/><F122/><W97/><G39/><T6/><D6/><U81/><E124/><V59/><F106/><W36/><G36/><T125/><D125/><U133/><E133/><V10/><F107/><W134/><G134/><T82/><D76/><U49/><E81/><V74/><F74/><W27/><G110/><T95/><D95/><U71/><E71/><V114/><F114/><W87/><G128/><T70/><D40/><U64/><E41/><V77/><F77/><W100/><G3/><T89/><D33/><U44/><E44/><N who="2" m="17003" /><F38/><W19/><G7/><T69/><D34/><U26/><E26/><V1/><F1/><W79/><G104/><T126/><D126/><U12/><E61/><N who="2" m="36087" /><F0/><W131/><G131/><T75/><D75/><U80/><E64/><N who="2" m="24619" /><F4/><W52/><G52/><T20/><REACH who="0" step="1"/><D63/><REACH who="0" ten="271,243,233,243" step="2"/><U72/><E72/><V53/><F53/><W121/><G121/><T109/><D109/><U43/><E80/><V91/><AGARI ba="1,1" hai="9,10,88,90,91" m="24619,36087,17003" machi="91" ten="30,2000,0" yaku="8,1,54,1" doraHai="13" who="2" fromWho="2" sc="271,-11,243,-6,233,33,243,-6" /><INIT seed="1,0,0,4,4,113" ten="260,237,266,237" oya="1" hai0="73,13,4,71,34,17,78,96,40,88,101,115,129" hai1="125,132,47,14,121,70,23,123,41,99,127,42,74" hai2="65,110,18,54,51,124,86,104,79,95,84,28,22" hai3="1,58,119,102,68,91,97,130,60,117,122,87,10"/><U109/><E74/><V5/><F104/><W32/><G122/><N who="1" m="46602" /><E99/><V105/><F105/><W133/><G68/><T50/><D115/><U89/><E89/><V85/><F110/><W43/><G32/><T106/><D129/><U59/><E23/><V0/><F124/><N who="1" m="47689" /><E14/><V67/><F0/><W128/><G43/><N who="1" m="16394" /><E70/><V21/><F5/><N who="3" m="1327" /><G102/><T39/><D71/><U46/><E109/><V112/><F112/><W37/><G133/><T49/><D34/><U107/><E107/><V120/><F120/><W108/><G37/><T57/><D4/><U64/><E132/><V27/><F79/><W25/><G97/><T16/><D88/><U2/><E2/><V63/><F95/><N who="3" m="54783" /><G25/><T48/><D13/><U35/><E35/><V126/><F126/><W80/><G80/><T90/><D90/><U15/><E15/><N who="2" m="9567" /><F63/><AGARI ba="0,0" hai="46,47,59,63,64" m="16394,47689,46602" machi="63" ten="40,7700,0" yaku="18,1,34,2" doraHai="113" who="1" fromWho="2" sc="260,0,237,77,266,-77,237,0" /><INIT seed="1,1,0,1,5,13" ten="260,314,189,237" oya="1" hai0="126,44,128,116,38,14,15,24,95,68,58,110,100" hai1="21,103,10,122,7,94,90,117,55,40,29,111,123" hai2="62,18,76,102,77,71,48,124,125,53,69,73,34" hai3="9,115,119,46,31,96,113,2,75,135,104,72,43"/><U89/><E117/><V28/><F102/><N who="3" m="62535" /><G31/><T3/><D116/><U97/><E111/><V127/><F73/><N who="3" m="28235" /><G119/><T27/><D126/><U108/><E108/><V12/><F28/><W25/><G25/><T22/><D128/><U129/><E129/><V120/><F34/><W54/><G54/><T6/><D68/><U57/><E40/><V65/><F71/><W70/><G70/><T92/><D110/><U52/><E55/><V64/><F64/><W16/><G16/><N who="0" m="10519" /><D3/><U131/><E131/><V37/><F37/><N who="3" m="21871" /><G135/><T41/><D38/><U93/><E21/><V85/><F85/><W83/><G83/><T50/><D58/><U80/><E80/><V132/><F120/><W88/><G88/><T8/><D92/><U0/><E29/><V118/><F132/><W84/><G84/><T20/><D20/><U32/><E32/><V78/><F118/><W5/><AGARI ba="1,0" hai="2,5,9,113,115" m="21871,28235,62535" machi="5" ten="30,1100,0" yaku="23,1" doraHai="13" who="3" fromWho="3" sc="260,-4,314,-6,189,-4,237,14" /><INIT seed="2,0,0,5,1,73" ten="256,308,185,251" oya="2" hai0="55,31,49,28,7,50,8,69,115,62,60,85,48" hai1="100,112,38,11,16,26,82,65,40,14,88,36,3" hai2="23,52,21,129,77,91,131,61,116,44,32,120,37" hai3="20,30,34,117,56,126,123,124,9,84,119,81,80"/><V18/><F116/><N who="3" m="44619" /><G56/><T19/><D115/><U78/><E112/><V46/><F120/><W113/><G113/><T58/><D19/><U43/><E3/><V106/><F32/><W110/><G34/><T74/><D74/><U94/><E100/><V93/><F106/><W102/><G9/><T39/><D39/><U103/><E103/><V83/><F37/><W0/><G0/><T68/><D85/><N who="1" m="48343" /><E38/><V133/><F133/><W72/><G20/><T122/><D122/><U135/><E36/><V101/><F101/><W128/><G30/><T97/><D97/><N who="1" m="57543" /><E135/><V89/><F61/><W86/><G123/><T24/><D62/><U92/><E65/><V105/><F105/><W41/><G41/><N who="1" m="15946" /><E92/><V98/><F89/><N who="3" m="51335" /><G102/><T79/><D79/><U63/><E63/><V47/><F52/><W71/><G72/><T45/><D45/><U107/><E107/><V114/><F114/><W95/><G71/><T12/><REACH who="0" step="1"/><D31/><REACH who="0" ten="246,308,185,251" step="2"/><U99/><E99/><V54/><F54/><W108/><G128/><N who="2" m="49225" /><F18/><W132/><G132/><T125/><D125/><N who="3" m="48233" /><G95/><T66/><D66/><U6/><E16/><V13/><F13/><W127/><G127/><T4/><D4/><U29/><E29/><V10/><F10/><W111/><G111/><T75/><D75/><AGARI ba="0,1" hai="21,23,44,46,47,75,77,83,91,93,98" m="49225" machi="75" ten="30,2900,0" yaku="19,1,52,1" doraHai="73" who="2" fromWho="0" sc="246,-29,308,0,185,39,251,0" /><INIT seed="2,1,0,4,2,113" ten="217,308,224,251" oya="2" hai0="36,28,2,31,30,118,13,27,84,104,77,29,100" hai1="52,19,46,38,5,47,132,120,119,122,110,58,72" hai2="63,18,48,135,91,6,12,10,97,111,124,114,65" hai3="62,127,56,25,79,59,121,88,92,93,24,20,94"/><V76/><F114/><W130/><G127/><T32/><D2/><U43/><E72/><V37/><F124/><W41/><G130/><T116/><D36/><N who="1" m="21863" /><E19/><V87/><F37/><W17/><G121/><N who="1" m="46698" /><E5/><V69/><F135/><W14/><G79/><T102/><D13/><U40/><E132/><V26/><F111/><W50/><G41/><T106/><D102/><U89/><E89/><V75/><F75/><W39/><G39/><T66/><D66/><U112/><E112/><V117/><F117/><N who="0" m="45162" /><D100/><U64/><E119/><V81/><F48/><W70/><G70/><T109/><D109/><U108/><E64/><V134/><F134/><W54/><G25/><T53/><D53/><U49/><AGARI ba="1,0" hai="38,40,47,49,52,58,108,110" m="46698,21863" machi="49" ten="30,7900,0" yaku="13,1,34,2,54,1" doraHai="113" who="1" fromWho="1" sc="217,-21,308,82,224,-40,251,-21" /><INIT seed="3,0,0,1,4,50" ten="196,390,184,230" oya="3" hai0="41,89,91,26,105,12,18,31,36,81,110,35,48" hai1="122,20,37,53,95,94,129,55,63,109,52,135,43" hai2="87,10,62,125,134,51,7,57,23,60,8,120,14" hai3="59,74,79,32,76,118,9,112,77,97,124,30,101"/><W71/><G71/><T108/><D36/><U116/><E122/><V69/><F120/><W117/><G112/><T123/><D105/><U107/><E107/><V126/><F134/><W78/><G124/><N who="2" m="47721" /><F69/><W111/><G74/><T103/><D103/><U1/><E1/><N who="2" m="111" /><F23/><W56/><G32/><T119/><D119/><U44/><E95/><V40/><F87/><W47/><G9/><N who="0" m="6415" /><D123/><U80/><E55/><N who="2" m="31999" /><F40/><W102/><G117/><T70/><D70/><U2/><E63/><V33/><F33/><W29/><G29/><T19/><D19/><AGARI ba="0,0" hai="10,14,19,60,62" m="31999,111,47721" machi="19" ten="30,2000,0" yaku="18,1,52,1" doraHai="50" who="2" fromWho="0" sc="196,-20,390,0,184,20,230,0" owari="176,-32.4,390,49.0,204,-19.6,230,3.0" /></mjloggm>