<mjloggm ver="2.3"><GO type="225" lobby="0"/><UN n0="%67%61%79%75%6E%79" n1="%E6%80%AA%E3%81%97%E3%81%99%E3%81%8E%E3%82%8B%E3%83%81%E3%83%BC" n2="%53%61%63%68%69%30%34" n3="%54%4F%52" dan="16,16,16,17" rate="2085.11,2158.39,2080.82,2216.60" sx="M,M,M,M"/><TAIKYOKU oya="0"/><INIT seed="0,0,0,1,1,12" ten="250,250,250,250" oya="0" hai0="96,37,91,21,46,7,117,93,134,17,89,5,75" hai1="15,59,112,8,81,10,41,6,14,28,44,114,23" hai2="116,118,119,128,40,53,20,42,30,62,135,2,11" hai3="104,9,56,111,70,1,38,25,132,74,127,83,84"/><T31/><D117/><N who="2" m="29954" /><V76/><DORA hai="52" /><F128/><W86/><G70/><T49/><D75/><U67/><E81/><V72/><F135/><W60/><G104/><T94/><D31/><U131/><E131/><V90/><F90/><W79/><G132/><T88/><D37/><U3/><E23/><V33/><F33/><W47/><G111/><T69/><D69/><U113/><E28/><V58/><F76/><W57/><G25/><T26/><D134/><U123/><E123/><V95/><F95/><W80/><G127/><T32/><D32/><U54/><E67/><V48/><F72/><W27/><G27/><T71/><D71/><U87/><E87/><V92/><F92/><N who="0" m="35434" /><D96/><U133/><E133/><V130/><F130/><W64/><G86/><T110/><D110/><U34/><E34/><V68/><F30/><W55/><G83/><T78/><D78/><U0/><E0/><V122/><F122/><W102/><G84/><T51/><D51/><N who="1" m="31199" /><E10/><V101/><F11/><W125/><G125/><T13/><D26/><U63/><E63/><V85/><F85/><W82/><G82/><T129/><D129/><U120/><E120/><V103/><F2/><W99/><G99/><T106/><D106/><U66/><E66/><N who="2" m="41047" /><F20/><W4/><G102/><AGARI ba="0,0" hai="40,42,48,53,58,101,102,103" m="41047,29954" machi="102" ten="40,2600,0" yaku="12,1,52,1" doraHai="12,52" who="2" fromWho="3" sc="250,0,250,0,250,26,250,-26" /><INIT seed="1,0,0,3,1,17" ten="250,250,276,224" oya="1" hai0="101,60,15,113,38,23,118,51,3,48,78,116,58" hai1="61,109,12,80,79,49,14,28,133,53,104,13,84" hai2="96,27,37,10,93,90,76,94,55,82,26,25,89" hai3="121,111,36,127,117,107,120,130,2,43,77,86,85"/><U31/><E104/><V75/><F37/><W69/><RYUUKYOKU type="yao9" ba="0,0" sc="250,0,250,0,276,0,224,0" hai3="2,36,43,69,77,85,86,107,111,117,120,121,127,130" /><INIT seed="1,1,0,0,3,115" ten="250,250,276,224" oya="1" hai0="111,10,24,122,103,71,2,89,81,66,117,6,69" hai1="120,132,13,107,4,61,63,125,79,74,105,80,22" hai2="130,95,86,28,64,88,133,19,55,41,59,67,113" hai3="68,58,46,106,36,90,47,129,32,56,30,123,114"/><U49/><E120/><V1/><F1/><W20/><G123/><T26/><D122/><U7/><E125/><V87/><F113/><W110/><G114/><T72/><D111/><U119/><E119/><V62/><F130/><W44/><G36/><T109/><D109/><U3/><E132/><V76/><F133/><W43/><G110/><T118/><D103/><U134/><E134/><V94/><F28/><W102/><G43/><T98/><D98/><U39/><E7/><V52/><F41/><W92/><G68/><T11/><D11/><U14/><E49/><V60/><F19/><W25/><G129/><T37/><D37/><U99/><E14/><V16/><F16/><W126/><G126/><T35/><D89/><U5/><E5/><V97/><F76/><W70/><G70/><N who="0" m="26635" /><D26/><U23/><E39/><V77/><F77/><W54/><G32/><T65/><D66/><N who="2" m="25130" /><F95/><W75/><G75/><T73/><D65/><U85/><E74/><N who="0" m="28777" /><D81/><U42/><E99/><V124/><F124/><W34/><G34/><T128/><D128/><U82/><E42/><V33/><F33/><W38/><G38/><T8/><D8/><N who="1" m="2079" /><E82/><V131/><F131/><W15/><G106/><N who="1" m="40458" /><E23/><V100/><F100/><W121/><G102/><T17/><D17/><U108/><E108/><V12/><F12/><W116/><G121/><T21/><D21/><U29/><E13/><V135/><F135/><W9/><G116/><T104/><D104/><U51/><E51/><V27/><F27/><W101/><G101/><T40/><D40/><U50/><E50/><V0/><F0/><W84/><G54/><RYUUKYOKU ba="1,0" sc="250,0,250,0,276,0,224,0" hai0="2,6,10,24,35,117,118" hai1="22,29,61,63,79,80,85" hai2="52,55,59,60,62,86,87,88,94,97" hai3="9,15,20,25,30,44,46,47,56,58,84,90,92" /><INIT seed="1,2,0,5,3,104" ten="250,250,276,224" oya="1" hai0="97,121,46,109,43,58,12,3,26,94,48,73,78" hai1="51,125,68,124,108,88,76,38,31,63,52,67,50" hai2="65,83,57,62,116,98,27,103,28,74,20,66,44" hai3="89,85,5,86,130,111,129,0,36,90,39,91,69"/><U71/><E76/><N who="2" m="44439" /><F44/><W128/><G69/><N who="1" m="26698" /><E31/><V100/><F100/><W80/><G111/><T59/><D3/><U1/><E88/><V96/><F96/><W81/><REACH who="3" step="1"/><G90/><REACH who="3" ten="250,250,276,214" step="2"/><T56/><D109/><U15/><E108/><V102/><F116/><W107/><G107/><T131/><D121/><U33/><E124/><V106/><F106/><W53/><G53/><T134/><D131/><U32/><E52/><V95/><F66/><W105/><G105/><T18/><D134/><U133/><E125/><V118/><F118/><W6/><G6/><T92/><D26/><U21/><E133/><V14/><F103/><W64/><G64/><T79/><D73/><U61/><E67/><V112/><F112/><W23/><G23/><N who="0" m="11719" /><D94/><U7/><E32/><V126/><F126/><W99/><G99/><T55/><D55/><U54/><E33/><V19/><F95/><W82/><G82/><T49/><D49/><U84/><E50/><V110/><F110/><W24/><G24/><T122/><D122/><U35/><E51/><V113/><F113/><W42/><G42/><T25/><D25/><U60/><E35/><V30/><F27/><W34/><G34/><T41/><D41/><U13/><E54/><V120/><F120/><W119/><G119/><T8/><D8/><AGARI ba="2,1" hai="0,5,8,36,39,80,81,85,86,89,91,128,129,130" machi="8" ten="40,5200,0" yaku="1,1,9,1,19,1,53,0" doraHai="104" doraHaiUra="10" who="3" fromWho="0" sc="250,-58,250,0,276,0,214,68" /><INIT seed="2,0,0,5,2,50" ten="192,250,276,282" oya="2" hai0="23,32,117,49,35,63,93,135,59,41,78,125,3" hai1="62,103,0,88,66,6,22,114,83,98,95,9,74" hai2="10,13,80,11,109,4,18,36,16,123,121,112,55" hai3="14,31,118,102,44,40,45,47,127,134,116,132,67"/><V113/><F36/><W21/><G102/><T81/><D3/><U106/><E114/><N who="2" m="44139" /><F80/><W76/><G76/><T122/><D122/><N who="2" m="46602" /><F55/><W110/><G40/><T130/><D125/><U28/><E22/><V96/><F96/><W43/><G43/><T8/><D135/><N who="3" m="51753" /><G127/><T92/><D130/><U129/><E28/><V57/><F57/><W64/><G110/><T111/><D117/><N who="3" m="45161" /><G14/><T126/><D111/><U72/><E129/><V53/><F53/><W97/><G97/><T89/><D126/><U71/><E83/><V17/><F109/><W58/><G58/><T120/><D120/><U124/><E124/><V133/><F133/><W30/><G21/><T39/><D39/><U7/><E7/><V46/><F46/><W34/><G34/><T69/><D23/><U65/><E66/><AGARI ba="0,0" hai="30,31,44,45,47,64,66,67" m="45161,51753" machi="66" ten="40,5200,0" yaku="28,2,20,1" doraHai="50" who="3" fromWho="1" sc="192,0,250,-52,276,0,282,52" /><INIT seed="3,0,0,4,0,76" ten="192,198,276,334" oya="3" hai0="117,58,33,108,30,31,122,71,39,100,65,70,68" hai1="131,28,53,56,120,123,82,111,86,61,57,113,130" hai2="127,119,132,72,34,45,41,125,104,67,62,79,17" hai3="42,20,7,129,115,4,87,48,40,15,118,64,23"/><W77/><G115/><T110/><D122/><U24/><E111/><N who="0" m="42537" /><D117/><U91/><E56/><V1/><F104/><W107/><G23/><T16/><D39/><U5/><E5/><V103/><F103/><W98/><G42/><T96/><D16/><U84/><E84/><V105/><F105/><W52/><G87/><T75/><D75/><U60/><E60/><V37/><F1/><W55/><G55/><T3/><D3/><U109/><E113/><V90/><F34/><W81/><G77/><T114/><D114/><U85/><E85/><V32/><F32/><W44/><G48/><T78/><D78/><U25/><E109/><V51/><F37/><W128/><G44/><T18/><D18/><U134/><E134/><V36/><F36/><W11/><G20/><T97/><D33/><N who="1" m="20615" /><E25/><V116/><F132/><W106/><G106/><N who="0" m="63751" /><D97/><U8/><E8/><V9/><F119/><W26/><G98/><T59/><D59/><U10/><E10/><V47/><F116/><W14/><G107/><T124/><D124/><U121/><E121/><V0/><F9/><W35/><G11/><T54/><D65/><U94/><E94/><V92/><F67/><W112/><G64/><T49/><AGARI ba="0,0" hai="30,31,49,54,58,68,70,71" m="63751,42537" machi="49" ten="40,1500,0" yaku="14,1" doraHai="76" who="0" fromWho="0" sc="192,15,198,-4,276,-4,334,-7" owari="207,-19.3,194,-30.6,272,7.2,327,42.7" /></mjloggm>