<mjloggm ver="2.3"><GO type="225" lobby="0"/><UN n0="%72%69%6F%75%63%68%61%6E" n1="%E3%82%A2%E3%82%A4%E3%82%B9%E3%83%86%E3%82%A3%E3%83%BC%E3%81%82%E3%81%B9" n2="%33%74%72%65%65" n3="%E3%81%86%E3%83%BC%E3%81%B1%E3%83%BC" dan="17,16,16,16" rate="2144.86,2086.69,2154.60,2159.45" sx="M,M,F,M"/><TAIKYOKU oya="0"/><INIT seed="0,0,0,4,4,134" ten="250,250,250,250" oya="0" hai0="31,128,29,109,103,18,32,133,5,15,12,37,66" hai1="111,11,17,27,34,33,124,64,48,58,6,87,47" hai2="56,77,97,100,118,44,78,105,19,119,67,61,65" hai3="120,126,93,85,23,22,94,25,88,43,81,69,39"/><T38/><D133/><U96/><E111/><V49/><F65/><W127/><G69/><T26/><D109/><U92/><E87/><V59/><F59/><W125/><G120/><T1/><D128/><U83/><E83/><V108/><F108/><W60/><G60/><T36/><D103/><U117/><E117/><N who="2" m="44555" /><F19/><N who="3" m="12511" /><G23/><T106/><D106/><U130/><E17/><V135/><F135/><W54/><G54/><AGARI ba="0,0" hai="44,49,54,56,61,67,77,78,97,100,105" m="44555" machi="54" ten="30,1000,0" yaku="12,1" doraHai="134" who="2" fromWho="3" sc="250,0,250,0,250,10,250,-10" /><INIT seed="1,0,0,4,4,77" ten="250,250,260,240" oya="1" hai0="126,91,94,110,25,53,18,63,62,4,42,133,32" hai1="8,57,54,9,135,44,132,47,55,52,128,46,124" hai2="87,49,114,111,34,127,67,109,93,97,61,118,99" hai3="64,45,26,113,2,29,31,11,73,85,19,43,5"/><U22/><E124/><V59/><F118/><W116/><G113/><T76/><D110/><N who="2" m="41994" /><F127/><W10/><G116/><T121/><D133/><N who="1" m="51275" /><E128/><V20/><F34/><W129/><G129/><T51/><D126/><U13/><E57/><V122/><F122/><W81/><G64/><T72/><D121/><U108/><E108/><V15/><F114/><W103/><G103/><T48/><D4/><U123/><E123/><V14/><F49/><W115/><G115/><T41/><D72/><U6/><E6/><V125/><F125/><W21/><G11/><N who="1" m="4170" /><E22/><V7/><F7/><W101/><G101/><T107/><D107/><U104/><E13/><V40/><F14/><W119/><G119/><T0/><D0/><U112/><E112/><V16/><F40/><W98/><G98/><T66/><D32/><U39/><E104/><V56/><F56/><W69/><G69/><T75/><D41/><AGARI ba="0,0" hai="39,41,44,46,47,52,54,55" m="4170,51275" machi="41" ten="40,3900,0" yaku="20,1,54,1" doraHai="77" who="1" fromWho="0" sc="250,-39,250,39,260,0,240,0" /><INIT seed="1,1,0,5,5,83" ten="211,289,260,240" oya="1" hai0="120,70,121,27,100,6,25,41,11,133,63,22,80" hai1="132,14,82,135,78,96,15,44,3,28,10,89,109" hai2="66,64,125,91,13,65,23,30,129,55,104,101,97" hai3="12,42,76,87,117,21,0,107,32,69,86,114,84"/><U59/><E28/><V34/><F129/><W77/><G114/><T60/><D133/><N who="1" m="51275" /><E109/><V38/><F125/><W112/><G112/><T99/><D41/><U35/><E35/><V52/><F38/><W88/><G0/><T92/><D27/><U71/><E71/><V111/><F111/><W51/><G107/><T62/><D70/><U18/><E59/><V98/><F34/><W7/><G69/><T16/><REACH who="0" step="1"/><D80/><REACH who="0" ten="201,289,260,240" step="2"/><U47/><E3/><AGARI ba="1,1" hai="3,6,11,16,22,25,60,62,63,92,99,100,120,121" machi="3" ten="40,8000,1" yaku="1,1,2,1,54,1,53,1" doraHai="83" doraHaiUra="5" who="0" fromWho="1" sc="201,93,289,-83,260,0,240,0" /><INIT seed="2,0,0,3,4,74" ten="294,206,260,240" oya="2" hai0="112,54,52,129,17,97,48,73,47,2,63,131,45" hai1="100,92,75,61,77,27,5,128,69,118,12,94,101" hai2="1,88,80,89,29,95,76,59,30,57,38,3,113" hai3="60,10,135,122,132,105,67,71,39,134,78,33,42"/><V14/><F113/><W23/><G122/><T65/><D2/><U51/><E118/><V123/><F123/><W28/><G105/><T133/><D112/><U64/><E128/><N who="0" m="49225" /><D73/><U26/><E51/><V68/><F68/><W130/><G130/><T124/><D97/><U37/><E37/><V44/><F3/><W125/><G125/><T126/><D17/><U0/><E0/><V85/><F1/><W22/><G10/><T114/><D114/><U96/><E101/><V58/><F14/><W50/><G39/><T107/><D107/><U8/><REACH who="1" step="1"/><E94/><REACH who="1" ten="294,196,260,240" step="2"/><V19/><F95/><W104/><G104/><T36/><D133/><U91/><E91/><V117/><F89/><W72/><G50/><N who="0" m="28751" /><D36/><U79/><E79/><V43/><F76/><W87/><G42/><T81/><D81/><AGARI ba="0,1" hai="5,8,12,26,27,61,64,69,75,77,81,92,96,100" machi="81" ten="40,2600,0" yaku="1,1,52,1,53,0" doraHai="74" doraHaiUra="13" who="1" fromWho="0" sc="294,-26,196,36,260,0,240,0" /><INIT seed="3,0,0,1,3,131" ten="268,232,260,240" oya="3" hai0="114,96,135,110,133,21,17,120,134,63,69,58,91" hai1="86,40,107,109,8,65,9,97,45,29,46,115,52" hai2="55,59,4,67,44,1,50,13,99,54,89,62,93" hai3="94,57,60,111,108,5,41,113,66,129,47,71,105"/><W70/><G105/><T56/><D110/><N who="3" m="42025" /><G5/><T51/><D120/><U75/><E75/><V7/><F1/><W42/><G94/><N who="0" m="56415" /><D114/><U14/><E115/><V102/><F13/><W101/><G101/><T121/><D121/><U12/><E65/><V22/><F22/><W31/><G31/><T79/><D79/><U122/><E122/><V26/><F26/><W124/><G113/><T33/><D33/><U127/><E109/><V39/><F39/><N who="3" m="21951" /><G129/><T100/><D100/><U116/><E116/><V104/><F104/><W76/><G76/><T128/><D128/><U84/><E29/><V68/><F102/><W28/><G28/><T78/><D78/><U34/><E107/><V2/><F2/><W82/><G82/><T49/><D69/><N who="3" m="26121" /><G42/><T20/><D20/><U73/><E40/><V132/><F4/><W0/><G0/><T118/><D118/><U103/><E103/><V11/><F7/><W126/><AGARI ba="0,0" hai="57,60,66,124,126" m="26121,21951,42025" machi="126" ten="40,12000,1" yaku="14,1,10,1,34,2" doraHai="131" who="3" fromWho="3" sc="268,-40,232,-40,260,-40,240,120" owari="228,2.8,192,-30.8,220,-18.0,360,46.0" /></mjloggm>