<mjloggm ver="2.3"><GO type="225" lobby="0"/><UN n0="%E5%87%BA%E6%B0%B4" n1="%E5%B0%8F%E9%B3%A5%E9%81%8A%E7%B7%B4%E7%84%A1%32%31%E6%AD%B3" n2="%E3%81%A8%E3%82%93%E3%81%A8%E3%81%93%E3%81%A8%E3%82%93" n3="%E7%99%BD%E9%9B%AA%E4%B9%83%E6%84%9B" dan="16,16,16,16" rate="2069.78,2215.45,2120.03,2066.09" sx="F,F,F,F"/><TAIKYOKU oya="0"/><INIT seed="0,0,0,3,0,67" ten="250,250,250,250" oya="0" hai0="127,8,20,32,122,36,16,51,133,130,97,28,37" hai1="66,47,105,100,109,55,123,62,0,83,19,119,71" hai2="9,1,42,120,22,129,135,68,102,111,106,72,121" hai3="49,52,131,70,54,134,73,132,95,85,7,48,88"/><T60/><D122/><U29/><E123/><V125/><RYUUKYOKU type="yao9" ba="0,0" sc="250,0,250,0,250,0,250,0" hai2="1,9,22,42,68,72,102,106,111,120,121,125,129,135" /><INIT seed="0,1,0,0,4,63" ten="250,250,250,250" oya="0" hai0="71,121,1,125,109,18,3,20,92,64,76,30,33" hai1="25,43,62,91,79,7,29,101,78,100,0,93,77" hai2="113,95,47,132,58,59,131,68,119,115,72,98,87" hai3="83,31,84,127,112,15,42,134,80,74,86,34,32"/><T65/><D121/><U28/><E43/><V50/><F72/><W116/><G112/><T36/><D36/><U52/><E7/><V11/><F68/><W105/><G116/><T123/><D123/><U56/><E0/><V94/><F131/><W128/><G105/><T89/><D76/><U99/><REACH who="1" step="1"/><E29/><REACH who="1" ten="250,240,250,250" step="2"/><V97/><F115/><W8/><G31/><T126/><D1/><U45/><E45/><V12/><F47/><W111/><G42/><T4/><D4/><U114/><E114/><V90/><F113/><W39/><G128/><T48/><D3/><U57/><E57/><V73/><F58/><W61/><G34/><AGARI ba="1,1" hai="25,28,34,52,56,62,77,78,79,91,93,99,100,101" machi="34" ten="40,2600,0" yaku="1,1,54,1,53,0" doraHai="63" doraHaiUra="6" who="1" fromWho="3" sc="250,0,240,39,250,0,250,-29" /><INIT seed="1,0,0,0,5,56" ten="250,279,250,221" oya="1" hai0="104,5,74,8,20,133,33,61,81,35,37,26,48" hai1="17,15,111,46,3,93,76,100,125,12,10,19,92" hai2="90,25,67,24,18,1,77,38,16,60,106,23,69" hai3="97,122,86,40,101,109,73,39,117,4,94,7,120"/><U22/><E3/><V75/><F38/><W51/><G73/><T80/><D133/><U118/><E118/><V108/><F106/><W63/><G39/><T87/><D37/><U79/><E125/><V57/><F1/><W85/><G109/><T82/><D104/><U134/><E134/><V121/><F121/><W110/><G110/><T52/><D74/><U44/><E111/><V123/><F123/><W105/><G117/><T96/><D96/><U129/><E129/><V126/><F126/><W98/><G122/><T116/><D87/><U50/><E44/><V135/><F135/><W66/><G120/><T58/><D116/><U55/><REACH who="1" step="1"/><E100/><REACH who="1" ten="250,269,250,221" step="2"/><V71/><F108/><W124/><G124/><T47/><D26/><U107/><E107/><V128/><F128/><W89/><G4/><T65/><REACH who="0" step="1"/><D20/><REACH who="0" ten="240,269,250,221" step="2"/><U130/><E130/><V102/><F25/><W53/><G105/><T0/><AGARI ba="0,2" hai="0,5,8,33,35,47,48,52,58,61,65,80,81,82" machi="0" ten="30,12000,2" yaku="1,1,2,1,0,1,52,1,54,1,53,2" doraHai="56" doraHaiUra="30" who="0" fromWho="0" sc="240,140,269,-60,250,-30,221,-30" /><INIT seed="2,0,0,0,5,119" ten="380,209,220,191" oya="2" hai0="123,12,45,83,63,86,117,124,91,20,89,82,103" hai1="41,132,1,101,126,54,79,28,111,131,76,120,51" hai2="34,56,39,60,78,128,100,50,66,93,68,92,48" hai3="2,0,127,33,25,130,59,64,37,21,52,65,4"/><V73/><F34/><W62/><G127/><T67/><D117/><U38/><E1/><V53/><F128/><W106/><G130/><T109/><D109/><U94/><E131/><V36/><F50/><W70/><G37/><T55/><D124/><U6/><E126/><V10/><F10/><W81/><G106/><T22/><D123/><U112/><E6/><V88/><F100/><W44/><G33/><T7/><D103/><U95/><E112/><V42/><F88/><W18/><G44/><T13/><D67/><U3/><E3/><V110/><F110/><W97/><G97/><T29/><D29/><U15/><E28/><V24/><F24/><W105/><G105/><T26/><D26/><U16/><E41/><V114/><F114/><W108/><G108/><T49/><D63/><U116/><E38/><V90/><F90/><W96/><G96/><T19/><D7/><U9/><E116/><V135/><F135/><W27/><G81/><N who="0" m="30731" /><D86/><U61/><E132/><V98/><F73/><W125/><G125/><T8/><D13/><U23/><E120/><V57/><F78/><N who="1" m="29737" /><E101/><V104/><F36/><W87/><G87/><T71/><D71/><U58/><E111/><V30/><F39/><W32/><G70/><T77/><D77/><U80/><E80/><V74/><F74/><W84/><G84/><T133/><D133/><U43/><E9/><V69/><F69/><W107/><G107/><T121/><D121/><U11/><E11/><V102/><F68/><W85/><G85/><T118/><D118/><U75/><E75/><V5/><F104/><W47/><G4/><RYUUKYOKU ba="0,0" sc="380,15,209,15,220,-15,191,-15" hai0="8,12,19,20,22,45,49,55,89,91" hai1="15,16,23,43,51,54,58,61,94,95" /><INIT seed="3,1,0,3,1,94" ten="395,224,205,176" oya="3" hai0="57,30,68,46,32,55,17,63,87,99,100,92,50" hai1="52,77,83,75,110,122,98,59,102,0,8,18,64" hai2="21,90,78,69,118,62,116,45,121,54,113,120,88" hai3="123,134,85,79,66,71,11,95,60,117,58,107,104"/><W20/><G117/><T38/><D38/><U7/><E110/><V124/><F113/><W10/><G123/><N who="2" m="47177" /><F78/><W35/><G35/><T51/><D68/><U103/><E64/><N who="2" m="41111" /><F21/><W1/><G134/><T112/><D112/><U34/><E34/><V2/><F2/><W4/><G71/><T56/><D30/><U53/><E122/><V15/><F15/><W84/><G20/><T125/><D125/><U73/><E73/><V3/><F3/><W5/><G79/><T91/><D17/><U61/><E18/><V43/><F54/><W89/><REACH who="3" step="1"/><G84/><REACH who="3" ten="395,224,205,166" step="2"/><T76/><D32/><U24/><E77/><V49/><F124/><W40/><G40/><N who="0" m="24903" /><D76/><U19/><E75/><V36/><F36/><W119/><G119/><AGARI ba="1,1" hai="43,45,49,88,90,116,118,119" m="41111,47177" machi="119" ten="30,2000,0" yaku="13,1,54,1" doraHai="94" who="2" fromWho="3" sc="395,0,224,0,205,33,166,-23" owari="395,49.5,224,-17.6,238,3.8,143,-35.7" /></mjloggm>