<mjloggm ver="2.3"><GO type="225" lobby="0"/><UN n0="%E3%81%A6%E3%81%A4%EF%BC%A3" n1="%33%74%72%65%65" n2="%72%61%6B%33" n3="%E3%81%A0%E3%81%8A" dan="16,17,17,16" rate="2057.59,2162.71,2243.77,2028.30" sx="M,F,M,M"/><TAIKYOKU oya="0"/><INIT seed="0,0,0,4,1,6" ten="250,250,250,250" oya="0" hai0="94,58,88,123,5,109,61,108,32,132,110,33,65" hai1="102,13,98,54,16,73,90,74,79,96,92,114,34" hai2="129,0,135,126,76,18,30,87,134,36,35,44,67" hai3="46,20,72,120,112,22,39,113,11,107,47,41,78"/><T116/><D123/><U71/><E114/><V95/><F0/><W52/><G120/><T48/><D116/><U101/><E34/><V24/><F126/><W85/><G72/><T83/><D132/><U77/><E71/><V121/><F121/><W106/><G107/><T53/><D83/><U105/><E101/><V23/><F67/><W130/><G130/><T63/><D5/><U84/><E98/><V66/><F66/><W28/><G106/><T82/><D82/><U15/><E15/><V27/><F129/><W118/><G118/><T21/><D21/><U40/><E40/><V131/><F131/><W59/><G47/><T89/><D63/><U57/><E74/><V93/><F76/><W19/><G78/><T60/><D60/><U81/><E79/><V38/><F87/><W51/><G85/><N who="0" m="52495" /><D89/><U4/><E4/><V86/><F86/><W7/><G28/><T115/><D115/><U125/><E125/><V99/><F95/><W133/><G20/><T55/><D55/><U1/><E1/><V80/><F80/><W68/><G68/><AGARI ba="0,0" hai="32,33,48,53,58,61,65,68,108,109,110" m="52495" machi="68" ten="30,5800,0" yaku="14,1,10,1,54,1" doraHai="6" who="0" fromWho="3" sc="250,58,250,0,250,0,250,-58" /><INIT seed="0,1,0,2,2,73" ten="308,250,250,192" oya="0" hai0="53,23,34,48,6,133,37,95,26,0,24,61,62" hai1="82,30,67,55,123,100,47,39,90,69,127,14,31" hai2="33,54,25,110,21,1,122,130,98,81,42,9,114" hai3="96,51,52,124,109,88,78,60,40,101,119,45,36"/><T41/><D34/><U44/><E123/><V43/><F114/><W75/><G119/><T106/><D106/><U76/><E127/><V12/><F110/><W71/><G109/><T15/><D37/><U125/><E125/><V3/><F130/><W84/><G124/><T18/><D41/><U103/><E90/><V89/><F3/><W29/><G29/><T59/><D133/><U97/><E14/><V126/><F1/><W70/><G75/><T86/><D26/><U74/><E100/><V35/><F35/><W46/><G78/><T111/><D111/><U68/><E47/><V63/><F33/><W57/><G57/><T87/><D87/><U135/><E135/><V11/><F11/><W56/><G96/><T72/><D72/><U94/><E68/><V19/><F122/><W16/><G16/><T99/><D86/><U7/><E7/><V38/><F38/><W79/><G79/><T116/><D0/><U32/><E32/><V128/><F128/><W118/><G101/><N who="0" m="60671" /><D116/><U92/><E92/><V85/><F98/><W129/><G129/><T112/><D112/><U49/><E39/><V80/><F80/><W66/><G118/><T22/><D6/><U104/><E104/><V17/><F126/><W107/><G107/><T131/><D131/><U113/><E113/><V27/><F27/><W50/><G36/><T8/><D8/><U13/><E13/><V58/><AGARI ba="1,0" hai="9,12,17,19,21,25,42,43,54,58,63,81,85,89" machi="58" ten="30,2000,0" yaku="0,1,8,1" doraHai="73" who="2" fromWho="2" sc="308,-11,250,-6,250,23,192,-6" /><INIT seed="1,0,0,4,4,103" ten="297,244,273,186" oya="1" hai0="85,84,120,107,14,7,68,12,73,25,49,115,125" hai1="126,20,52,88,41,61,0,133,89,55,18,130,66" hai2="16,128,33,50,105,81,108,59,54,42,46,92,10" hai3="35,109,4,56,99,2,91,43,6,24,48,121,116"/><U135/><E0/><V114/><F108/><W122/><G109/><T124/><D115/><U32/><E32/><V27/><F128/><W34/><G116/><T40/><D73/><U47/><E130/><V70/><F70/><W69/><G69/><T132/><D68/><U131/><E131/><V39/><F114/><W3/><G99/><T28/><D132/><N who="1" m="50763" /><E126/><N who="0" m="48745" /><D107/><U112/><E112/><V117/><F117/><W62/><G91/><N who="1" m="34890" /><E61/><V60/><F92/><W37/><G37/><T79/><D120/><U82/><E66/><V19/><F105/><W86/><G62/><T134/><D134/><U74/><E82/><V76/><F39/><W26/><G86/><N who="0" m="33387" /><D79/><U123/><E74/><V31/><F10/><W90/><G90/><T9/><D40/><U65/><E65/><V57/><F57/><W106/><G43/><T58/><D58/><U1/><E1/><V95/><F95/><W127/><G127/><T98/><D98/><U22/><E123/><V23/><F33/><W17/><G56/><T94/><D94/><U77/><E77/><V29/><F29/><W8/><G106/><T87/><N who="0" m="33395" /><AGARI ba="0,0" hai="16,19,23,27,31,42,46,50,54,59,60,76,81,87" machi="87" ten="30,7700,0" yaku="3,1,7,1,8,1,54,1" doraHai="103" who="2" fromWho="0" sc="297,-77,244,0,273,77,186,0" /><INIT seed="2,0,0,2,3,40" ten="220,244,350,186" oya="2" hai0="125,14,34,105,8,86,124,30,80,74,44,116,82" hai1="66,21,28,69,11,17,27,108,135,26,60,101,104" hai2="20,48,50,131,25,98,122,93,79,70,118,64,56" hai3="84,103,55,102,81,114,15,63,51,107,85,110,96"/><V112/><F112/><W100/><G110/><T113/><D113/><U78/><E108/><V35/><F35/><W133/><G133/><T45/><D105/><U62/><E135/><V99/><F131/><W77/><G114/><T16/><D116/><U68/><E78/><V123/><F79/><W22/><G63/><T91/><D74/><U89/><E89/><V12/><F12/><W52/><G84/><N who="0" m="50567" /><D30/><U61/><E68/><V94/><F70/><W126/><G126/><N who="0" m="48747" /><D34/><N who="1" m="20759" /><E11/><V127/><F118/><W97/><G107/><T3/><D3/><U76/><E76/><AGARI ba="0,0" hai="8,14,16,44,45,76,82,86" m="48747,50567" machi="76" ten="30,7700,0" yaku="18,1,52,2,54,1" doraHai="40" who="0" fromWho="1" sc="220,77,244,-77,350,0,186,0" /><INIT seed="3,0,0,0,0,16" ten="297,167,350,186" oya="3" hai0="109,4,21,118,134,135,25,73,7,62,72,69,30" hai1="60,2,24,91,95,96,12,78,124,110,23,105,70" hai2="100,26,74,119,17,77,50,42,127,54,107,65,120" hai3="114,121,106,11,79,0,87,33,92,108,56,82,81"/><W32/><G114/><T66/><D118/><U41/><E2/><V130/><F42/><W38/><G121/><T83/><D109/><U36/><E110/><V53/><F65/><W97/><G106/><T104/><D104/><U128/><E105/><V75/><F54/><W59/><G38/><T8/><D83/><U103/><E124/><V101/><F119/><W67/><G108/><T49/><D49/><U122/><E122/><V14/><F130/><W37/><G37/><T27/><D27/><U129/><E78/><V18/><F127/><W19/><G67/><T5/><REACH who="0" step="1"/><D8/><REACH who="0" ten="287,167,350,186" step="2"/><U20/><E36/><V117/><F117/><W131/><G82/><T13/><D13/><U55/><E41/><V46/><F120/><W89/><G131/><N who="1" m="50250" /><E12/><V84/><F14/><W133/><G0/><T9/><D9/><U99/><E24/><V80/><F26/><W102/><G11/><T71/><D71/><U112/><E112/><V3/><F3/><W63/><G133/><AGARI ba="0,1" hai="4,5,7,21,25,30,62,66,69,72,73,133,134,135" machi="133" ten="40,12000,2" yaku="1,1,20,1,52,1,53,3" doraHai="16" doraHaiUra="1" who="0" fromWho="3" sc="287,130,167,0,350,0,186,-120" owari="417,51.7,167,-23.3,350,15.0,66,-43.4" /></mjloggm>