<mjloggm ver="2.3"><GO type="225" lobby="0"/><UN n0="%E3%83%A1%E3%82%AC%E3%83%87%E3%82%B8" n1="%E8%81%B7%E6%A5%AD%E3%80%81%E9%A2%A8%32" n2="%33%74%72%65%65" n3="%E3%81%82%E3%82%93%E3%81%AA%E3%81%A4" dan="16,16,17,16" rate="2088.92,2102.76,2124.13,2124.30" sx="F,M,F,M"/><TAIKYOKU oya="0"/><INIT seed="0,0,0,3,0,60" ten="250,250,250,250" oya="0" hai0="89,19,112,39,90,121,116,17,66,53,36,81,88" hai1="3,44,2,16,46,125,12,86,65,102,109,37,0" hai2="73,108,82,113,21,120,56,31,67,106,128,71,85" hai3="61,30,26,123,34,77,114,84,50,43,8,57,133"/><T5/><D112/><U132/><E109/><V38/><F113/><W75/><G114/><T94/><D116/><U131/><E125/><V68/><F108/><W110/><G110/><T11/><D121/><U6/><E131/><V126/><F128/><W55/><G133/><T122/><D122/><U119/><E119/><V10/><F120/><W96/><G123/><T93/><D53/><U1/><E132/><V100/><F73/><W48/><G75/><T18/><D81/><U72/><E72/><V97/><F38/><W118/><G118/><T22/><D22/><U33/><E33/><V135/><F135/><W23/><G34/><T91/><D66/><U87/><E102/><V107/><F107/><W28/><G28/><T111/><D111/><U25/><E25/><V127/><F10/><W4/><G96/><T32/><D32/><U130/><E130/><V45/><F45/><W129/><G43/><T40/><D40/><U7/><E65/><V98/><F98/><W41/><G41/><T101/><D101/><U51/><E37/><V134/><F134/><W15/><G129/><T79/><D79/><U62/><E62/><N who="2" m="38343" /><F126/><W95/><G95/><T92/><N who="0" m="22528" /><DORA hai="117" /><T58/><D58/><U14/><E46/><V124/><F124/><W76/><REACH who="3" step="1"/><G77/><REACH who="3" ten="250,250,250,240" step="2"/><T54/><D54/><U78/><E78/><N who="2" m="46295" /><F127/><W115/><G115/><T69/><D69/><U9/><N who="1" m="0" /><DORA hai="59" /><U42/><REACH who="1" step="1"/><E7/><REACH who="1" ten="250,240,250,240" step="2"/><V70/><F70/><W63/><G63/><T27/><D39/><U13/><E13/><V83/><F71/><W103/><G103/><T49/><D36/><U99/><E99/><RYUUKYOKU ba="0,2" sc="250,-15,240,15,250,-15,240,15" hai1="6,9,12,14,16,42,44,51,86,87" hai3="4,8,15,23,26,30,48,50,55,57,61,76,84" /><INIT seed="1,1,2,2,1,67" ten="235,255,235,255" oya="1" hai0="26,71,119,123,132,120,134,10,29,121,126,37,88" hai1="69,115,85,55,133,40,30,80,111,43,46,54,99" hai2="73,113,76,18,45,78,79,98,47,114,12,117,52" hai3="21,81,75,89,83,94,42,14,100,105,107,57,9"/><U33/><E115/><N who="2" m="44043" /><F117/><W23/><G42/><T96/><D37/><U44/><E133/><N who="0" m="51305" /><D119/><U68/><E33/><V93/><F73/><W110/><G110/><T64/><D10/><U16/><E111/><V0/><F0/><W127/><G57/><T74/><D74/><U104/><E30/><V63/><F63/><W25/><G83/><T1/><D1/><U103/><E54/><V101/><F52/><W90/><G90/><T97/><D126/><U106/><E55/><V116/><F116/><W17/><G25/><T15/><D15/><U28/><E28/><V72/><F72/><W124/><G124/><T48/><D48/><U6/><E6/><V135/><F135/><W59/><G59/><T32/><D88/><U86/><E16/><V8/><AGARI ba="1,2" hai="8,12,18,45,47,76,78,79,93,98,101" m="44043" machi="8" ten="30,1100,0" yaku="11,1" doraHai="67" who="2" fromWho="2" sc="235,-4,255,-6,235,34,255,-4" /><INIT seed="2,0,0,3,1,94" ten="231,249,269,251" oya="2" hai0="22,53,117,71,111,89,41,12,131,19,26,21,43" hai1="7,9,123,55,61,46,11,99,56,73,91,106,112" hai2="44,72,125,115,35,97,76,16,69,122,124,25,3" hai3="87,121,23,10,110,4,68,95,113,0,98,30,64"/><V14/><F115/><W119/><G119/><T85/><D111/><U100/><E112/><V1/><F122/><W15/><G113/><T28/><D71/><U70/><E73/><V66/><F44/><W48/><G121/><T59/><D131/><U109/><E109/><V118/><F118/><W83/><G110/><T132/><D132/><U102/><E123/><V77/><F69/><W67/><G68/><T40/><D117/><U84/><E102/><V20/><F66/><W75/><G75/><T105/><D105/><U34/><E34/><V38/><F38/><W58/><G48/><T33/><D33/><U24/><E24/><V92/><F72/><W32/><G58/><T128/><D128/><U78/><E78/><N who="2" m="30315" /><F35/><W5/><G5/><T103/><D103/><U82/><E7/><V6/><F25/><N who="3" m="16703" /><G0/><T39/><D39/><U17/><E70/><V90/><F6/><W54/><G54/><T79/><D79/><U29/><E29/><V101/><F101/><N who="3" m="60639" /><G32/><T81/><REACH who="0" step="1"/><D41/><REACH who="0" ten="221,249,269,251" step="2"/><U42/><REACH who="1" step="1"/><E17/><REACH who="1" ten="221,239,269,251" step="2"/><V74/><F16/><W80/><G4/><T88/><D88/><U37/><AGARI ba="0,2" hai="9,11,37,42,46,55,56,61,82,84,91,99,100,106" machi="37" ten="20,8000,1" yaku="1,1,2,1,0,1,7,1,52,1,53,0" doraHai="94" doraHaiUra="107" who="1" fromWho="1" sc="221,-20,239,100,269,-40,251,-20" /><INIT seed="3,0,0,1,4,89" ten="201,339,229,231" oya="3" hai0="83,82,91,32,115,21,66,110,92,64,128,52,23" hai1="114,78,18,107,106,132,39,34,58,85,98,43,17" hai2="35,30,15,0,129,9,119,130,127,97,20,50,7" hai3="56,70,61,19,40,93,95,88,94,37,45,113,101"/><W105/><G113/><T5/><D32/><U81/><E34/><V49/><F119/><W73/><G73/><T131/><D110/><U14/><E114/><V67/><F127/><W75/><G75/><T135/><D115/><U27/><E132/><V123/><F123/><W118/><G118/><T133/><D5/><U13/><E27/><N who="2" m="18911" /><F67/><W112/><G70/><T100/><D100/><U53/><E98/><V126/><F97/><W36/><G112/><T103/><D103/><U57/><E43/><V29/><F126/><W68/><G68/><T10/><D10/><U38/><E58/><V62/><F62/><W125/><G125/><T51/><D66/><U108/><E108/><V80/><F80/><N who="0" m="30762" /><D21/><U111/><E111/><V117/><F117/><W90/><G37/><T54/><D23/><U46/><E46/><V22/><F22/><W33/><G33/><T77/><D77/><U86/><E86/><V11/><F11/><W79/><G79/><T48/><D51/><N who="2" m="19466" /><F29/><W122/><G122/><T16/><D16/><AGARI ba="0,0" hai="0,7,9,15,16,20,129,130" m="19466,18911" machi="16" ten="30,2000,0" yaku="24,1,54,1" doraHai="89" who="2" fromWho="0" sc="201,-20,339,0,229,20,231,0" owari="181,-31.9,339,43.9,249,4.9,231,-16.9" /></mjloggm>