<mjloggm ver="2.3"><GO type="225" lobby="0"/><UN n0="%62%6F%6E%6F%73%2E%2E" n1="%E3%81%A1%E3%82%85%E3%81%86%E3%81%A9%E3%81%8F%E8%B1%A1%E3%81%95%E3%82%93" n2="%72%61%6B%33" n3="%E9%A2%A8%E3%81%A7%E9%B3%B4%E3%81%8F" dan="17,17,16,16" rate="2221.86,2189.54,2160.34,2121.65" sx="M,M,M,M"/><TAIKYOKU oya="0"/><INIT seed="0,0,0,5,4,62" ten="250,250,250,250" oya="0" hai0="113,90,96,26,66,86,115,101,74,59,132,54,77" hai1="135,32,19,129,99,124,25,72,84,93,88,5,61" hai2="7,18,97,91,81,31,119,79,78,103,46,120,83" hai3="1,51,2,71,80,134,6,110,131,43,39,11,28"/><T0/><D0/><U17/><E72/><V44/><F44/><BYE who="2" /><W118/><G51/><T92/><D132/><U108/><E135/><V69/><F69/><W133/><G28/><T104/><D66/><U12/><E108/><V105/><F105/><W106/><G80/><N who="0" m="45111" /><D26/><U45/><E129/><V63/><F63/><AGARI ba="0,0" hai="54,59,63,86,90,92,96,101,104,113,115" m="45111" machi="63" ten="30,1500,0" yaku="24,1" doraHai="62" who="0" fromWho="2" sc="250,15,250,0,250,-15,250,0" /><INIT seed="0,1,0,1,2,11" ten="265,250,235,250" oya="0" hai0="87,100,133,67,74,20,30,91,19,52,125,85,129" hai1="60,86,96,61,57,88,103,111,40,72,44,79,3" hai2="119,12,135,32,77,45,98,42,31,9,47,26,134" hai3="28,10,69,110,2,64,108,55,89,104,22,48,126"/><T25/><D74/><U13/><E3/><V36/><F36/><W58/><G104/><T132/><D125/><U15/><E111/><N who="3" m="42538" /><G126/><T46/><D100/><U23/><E72/><V49/><F49/><W82/><G22/><T105/><D105/><U53/><E79/><V122/><F122/><W51/><G28/><T118/><D118/><U109/><E109/><V76/><F76/><W84/><G64/><T1/><D1/><U65/><E23/><V127/><F127/><W66/><G66/><T62/><D129/><U33/><E33/><V90/><F90/><W83/><G69/><T73/><D73/><U124/><E124/><V95/><F95/><N who="3" m="54695" /><G51/><N who="0" m="28791" /><D30/><U115/><E115/><V29/><F29/><W56/><G58/><N who="0" m="37335" /><D91/><U97/><E103/><V70/><F70/><W112/><G112/><T54/><D54/><U63/><E97/><V50/><F50/><W6/><AGARI ba="1,0" hai="2,6,10,48,55,56,82,83" m="54695,42538" machi="6" ten="30,1100,0" yaku="14,1" doraHai="11" who="3" fromWho="3" sc="265,-6,250,-4,235,-4,250,14" /><INIT seed="1,0,0,0,1,73" ten="259,246,231,264" oya="1" hai0="93,119,126,81,78,22,2,113,7,46,123,130,5" hai1="11,69,133,25,50,36,13,39,109,116,75,18,128" hai2="37,44,134,83,94,91,52,42,104,129,82,60,111" hai3="132,24,10,80,85,76,31,26,30,87,48,88,71"/><U101/><E116/><V54/><F54/><W86/><G71/><T56/><D113/><U97/><E69/><V100/><F100/><W77/><G132/><T108/><D119/><U8/><E133/><V64/><F64/><W28/><G10/><T21/><D108/><U67/><E75/><V63/><F63/><W66/><G66/><T74/><D126/><U0/><E109/><V29/><F29/><W125/><G125/><T90/><D130/><U35/><E128/><V1/><F1/><W131/><G131/><T112/><D112/><U4/><E67/><V33/><F33/><W27/><G48/><T110/><D110/><U19/><E50/><V106/><F106/><W34/><G34/><T40/><D56/><U41/><E41/><V79/><F79/><AGARI ba="0,0" hai="24,26,27,28,30,31,76,77,79,80,85,86,87,88" machi="79" ten="40,8000,1" yaku="8,1,52,3,54,1" doraHai="73" who="3" fromWho="2" sc="259,0,246,0,231,-80,264,80" /><INIT seed="2,0,0,3,5,17" ten="259,246,151,344" oya="2" hai0="0,111,48,61,77,43,33,124,93,22,121,131,78" hai1="2,101,84,11,68,55,58,72,115,36,107,113,69" hai2="10,34,6,25,28,66,70,62,29,19,104,20,85" hai3="4,134,130,83,31,47,117,5,37,123,87,14,65"/><V88/><F88/><W103/><G123/><T76/><D33/><U24/><E72/><V91/><F91/><W79/><G117/><T41/><D0/><U81/><E36/><V39/><F39/><W109/><G109/><T132/><D111/><U127/><E127/><V92/><F92/><W8/><G130/><T100/><D121/><U102/><E24/><V97/><F97/><W21/><BYE who="0" /><G134/><T128/><D128/><U75/><E75/><UN n0="%62%6F%6E%6F%73%2E%2E" /><V18/><F18/><W122/><G122/><T112/><D112/><U32/><E32/><V59/><F59/><W50/><G37/><T90/><D124/><U54/><E11/><V105/><F105/><W82/><G103/><T86/><D132/><U71/><E2/><V1/><F1/><W46/><G65/><T57/><D100/><U116/><E116/><V80/><F80/><N who="3" m="47519" /><G46/><T7/><D7/><U67/><E67/><V95/><F95/><W120/><G4/><T133/><D133/><U64/><E64/><V135/><F135/><W129/><G129/><T114/><D114/><U45/><E45/><V13/><F13/><W63/><G63/><T42/><D131/><U126/><E126/><V60/><F60/><W51/><G51/><T56/><D48/><N who="1" m="31047" /><E55/><V119/><F119/><W30/><G120/><UN n2="%72%61%6B%33" /><T27/><REACH who="0" step="1"/><D61/><REACH who="0" ten="249,246,151,344" step="2"/><U94/><E102/><V110/><F110/><W12/><G50/><T73/><D73/><U106/><E113/><V38/><F34/><W108/><G5/><T40/><N who="0" m="10240" /><DORA hai="98" /><T3/><D3/><U52/><E115/><V96/><F38/><W49/><G108/><T9/><D9/><RYUUKYOKU ba="0,1" sc="249,30,246,-10,151,-10,344,-10" hai0="22,27,56,57,76,77,78,86,90,93" /><INIT seed="3,1,1,2,2,112" ten="279,236,141,334" oya="3" hai0="60,98,54,107,123,8,18,15,35,133,90,101,100" hai1="55,6,77,92,94,47,5,26,48,64,121,32,117" hai2="56,59,10,67,65,82,106,78,88,45,30,53,105" hai3="20,95,116,68,109,85,49,72,16,31,25,24,13"/><W120/><G68/><T118/><D123/><U129/><E121/><V110/><F110/><W42/><G72/><T23/><D35/><U1/><E129/><V128/><F128/><W9/><G120/><T113/><D118/><U125/><E125/><V79/><F30/><W70/><G70/><T28/><D113/><U71/><E77/><V83/><F10/><W63/><G116/><T14/><D133/><U76/><E76/><V3/><F45/><N who="3" m="25783" /><G109/><T50/><D60/><U115/><E115/><V89/><REACH who="2" step="1"/><F53/><REACH who="2" ten="279,236,131,334" step="2"/><W96/><G31/><T43/><D28/><N who="1" m="19479" /><E117/><V81/><F81/><W52/><G9/><T17/><D54/><U75/><E55/><V91/><F91/><N who="3" m="53743" /><G96/><T7/><D8/><U80/><E80/><V99/><F99/><W22/><G22/><T21/><D21/><U34/><E47/><V27/><F27/><W29/><G29/><T87/><D23/><U84/><E34/><V132/><F132/><W86/><G86/><T102/><D98/><U135/><E84/><V57/><F57/><AGARI ba="1,2" hai="13,16,20,24,25,52,57,63" m="53743,25783" machi="57" ten="30,5800,0" yaku="8,1,54,2" doraHai="112" who="3" fromWho="2" sc="279,0,236,0,131,-61,334,81" owari="279,7.9,236,-16.4,70,-43.0,415,51.5" /></mjloggm>