<mjloggm ver="2.3"><GO type="225" lobby="0"/><UN n0="%E3%81%B5%E3%81%98%E3%81%8B%E3%81%A4" n1="%E3%81%8B%E3%82%8F%E3%81%A1%E3%82%83%E3%82%93%35%38" n2="%72%69%6F%75%63%68%61%6E" n3="%E3%81%BF%E3%81%BF%E3%81%9A" dan="17,17,16,18" rate="2207.39,2228.13,2177.93,2257.75" sx="M,M,M,M"/><TAIKYOKU oya="0"/><INIT seed="0,0,0,2,5,15" ten="250,250,250,250" oya="0" hai0="115,113,80,38,36,58,45,132,87,123,52,133,98" hai1="61,104,91,9,69,121,83,17,108,127,35,101,96" hai2="21,48,70,55,20,40,1,47,71,41,131,50,66" hai3="124,116,118,18,122,37,75,92,33,0,95,24,46"/><T43/><D98/><U44/><E121/><V112/><F1/><W54/><G75/><T49/><D87/><U114/><E35/><V88/><F112/><N who="0" m="43082" /><D80/><U68/><E114/><V120/><F120/><W79/><G79/><T30/><D123/><U100/><E100/><V135/><F131/><W13/><G0/><T86/><D86/><U82/><E44/><N who="2" m="25607" /><F88/><W5/><G122/><T77/><D77/><U59/><E83/><V28/><F28/><W117/><G5/><T125/><D125/><U2/><E127/><V106/><F20/><W51/><G124/><T129/><D129/><U103/><E103/><V130/><F21/><W89/><G37/><N who="0" m="14443" /><D30/><U25/><E91/><V84/><F84/><W64/><G64/><T111/><D111/><U60/><E108/><V97/><F97/><W27/><G33/><T128/><D128/><U39/><E82/><V119/><F106/><W65/><G65/><T67/><D67/><N who="1" m="39327" /><E39/><AGARI ba="0,0" hai="39,43,45,49,52,58,132,133" m="14443,43082" machi="39" ten="30,5800,0" yaku="34,2,54,1" doraHai="15" who="0" fromWho="1" sc="250,58,250,-58,250,0,250,0" /><INIT seed="0,1,0,2,5,10" ten="308,192,250,250" oya="0" hai0="43,77,76,118,135,2,17,110,119,38,106,18,41" hai1="117,21,36,111,93,69,87,51,32,12,78,47,95" hai2="45,99,31,66,68,26,16,82,114,4,19,13,67" hai3="88,39,96,33,134,23,22,75,6,27,53,128,120"/><T57/><D106/><U122/><E32/><V40/><F114/><W64/><G75/><T113/><D2/><U3/><E3/><V131/><F131/><W14/><G39/><T80/><D113/><U83/><BYE who="3" /><E117/><V24/><F99/><UN n3="%E3%81%BF%E3%81%BF%E3%81%9A" /><W52/><G64/><T116/><D38/><U107/><E122/><V102/><F102/><W59/><G128/><T104/><D104/><U5/><E107/><V79/><F4/><W125/><G120/><T25/><D57/><U124/><E69/><V70/><F68/><W65/><G125/><T55/><D55/><U109/><E36/><V20/><F19/><N who="0" m="7178" /><D25/><U1/><E1/><V133/><F133/><W61/><G134/><T101/><D101/><U54/><E124/><V37/><F70/><W29/><G33/><T42/><D135/><U121/><E121/><V58/><F58/><W15/><G23/><T62/><D62/><U11/><REACH who="1" step="1"/><E21/><REACH who="1" ten="308,182,250,250" step="2"/><V34/><REACH who="2" step="1"/><F26/><REACH who="2" ten="308,182,240,250" step="2"/><W44/><G27/><T30/><D119/><U35/><E35/><V50/><F50/><W94/><G22/><T48/><D118/><U8/><E8/><V84/><AGARI ba="1,2" hai="13,16,20,24,31,34,37,40,45,66,67,79,82,84" machi="84" ten="20,8000,1" yaku="1,1,0,1,7,1,52,1,54,1,53,0" doraHai="10" doraHaiUra="90" who="2" fromWho="2" sc="308,-41,182,-21,240,103,250,-21" /><INIT seed="1,0,0,0,5,71" ten="267,161,343,229" oya="1" hai0="6,109,26,135,76,0,116,68,28,44,79,73,14" hai1="129,30,39,48,117,46,5,75,61,31,105,132,80" hai2="70,72,126,78,122,10,56,84,81,33,114,55,45" hai3="62,43,49,85,134,63,99,3,104,123,102,9,54"/><U13/><E117/><V118/><F70/><W125/><G123/><T82/><D116/><U23/><E39/><V124/><F118/><W25/><G125/><N who="2" m="48233" /><F33/><W69/><G134/><T113/><D113/><U97/><E132/><V91/><F114/><W92/><G69/><T52/><D135/><U128/><E61/><V51/><F10/><W66/><G66/><T24/><D68/><U37/><E37/><V32/><F32/><W90/><G43/><T50/><D79/><U60/><E60/><N who="2" m="35871" /><F122/><W65/><G65/><T83/><D83/><U101/><E80/><V106/><F106/><W29/><G9/><T98/><D98/><U41/><E75/><V119/><F119/><W133/><G3/><T17/><D109/><U96/><E96/><V103/><F103/><W77/><G77/><T7/><D0/><U19/><REACH who="1" step="1"/><E5/><REACH who="1" ten="267,151,343,229" step="2"/><V21/><F72/><W8/><G133/><T94/><D6/><U42/><E42/><V18/><F51/><W40/><G40/><T108/><D7/><U12/><E12/><V93/><F81/><W20/><G8/><T127/><D127/><U47/><E47/><AGARI ba="0,1" hai="20,25,29,47,49,54,62,63,85,90,92,99,102,104" machi="47" ten="30,1000,0" yaku="7,1" doraHai="71" who="3" fromWho="1" sc="267,0,151,-10,343,0,229,20" /><INIT seed="2,0,0,5,4,127" ten="267,141,343,249" oya="2" hai0="120,64,115,26,107,72,83,113,79,66,17,82,36" hai1="57,122,20,90,4,100,108,5,77,30,58,16,80" hai2="132,98,25,40,129,105,86,114,2,85,67,42,92" hai3="87,38,81,39,71,48,70,89,37,18,109,41,6"/><V11/><F129/><W61/><G6/><T47/><D120/><U63/><E108/><V102/><F114/><W46/><G109/><T24/><D107/><U54/><E122/><V88/><F132/><W28/><G28/><T130/><D17/><U21/><E100/><V49/><F67/><W45/><G61/><T23/><D130/><U78/><E90/><V32/><F85/><W68/><REACH who="3" step="1"/><G18/><REACH who="3" ten="267,141,343,239" step="2"/><T31/><D115/><U0/><E0/><V106/><F2/><W59/><G59/><T75/><D113/><U121/><E121/><V65/><F32/><W19/><G19/><T13/><D31/><U116/><E116/><V10/><F65/><W93/><G93/><T12/><D47/><AGARI ba="0,1" hai="37,38,39,41,45,46,47,48,68,70,71,81,87,89" machi="47" ten="50,1600,0" yaku="1,1,53,0" doraHai="127" doraHaiUra="125" who="3" fromWho="0" sc="267,-16,141,0,343,0,239,26" /><INIT seed="3,0,0,4,5,38" ten="251,141,343,265" oya="3" hai0="116,73,11,79,53,113,19,31,123,97,39,91,47" hai1="44,89,127,1,34,110,121,103,24,57,77,83,5" hai2="17,55,86,95,49,37,0,104,64,20,114,18,134" hai3="72,56,63,81,93,84,42,43,46,130,7,71,65"/><W82/><G130/><T107/><D123/><U6/><E121/><V80/><F114/><W133/><G133/><T96/><D116/><U52/><E110/><V98/><F37/><W128/><G128/><T45/><D31/><U36/><E127/><V61/><F0/><W68/><G7/><T109/><D109/><U41/><E103/><N who="2" m="60895" /><F104/><W119/><G119/><T88/><D73/><U92/><E34/><V13/><F134/><W10/><G10/><T2/><D79/><U90/><E24/><N who="2" m="14351" /><F64/><W28/><G28/><T9/><D2/><U94/><E94/><V40/><F40/><W58/><G43/><T115/><D39/><U135/><E135/><V99/><F61/><W54/><G71/><T131/><D131/><U125/><E125/><V85/><F99/><W78/><G54/><T8/><D53/><U117/><E117/><V59/><F80/><W112/><G112/><N who="0" m="43083" /><D19/><U74/><E90/><N who="0" m="34345" /><D107/><U66/><E66/><V60/><F60/><W124/><G124/><T101/><D101/><U15/><E15/><V129/><F129/><W51/><G93/><T14/><D14/><U12/><E12/><V35/><F35/><W25/><G25/><T122/><D122/><U4/><E1/><V30/><F30/><W67/><G67/><T22/><D22/><AGARI ba="0,0" hai="13,18,22,49,55,59,85,86" m="14351,60895" machi="22" ten="30,1000,0" yaku="8,1" doraHai="38" who="2" fromWho="0" sc="251,-10,141,0,343,10,265,0" owari="241,-15.9,141,-35.9,353,45.3,265,6.5" /></mjloggm>