<mjloggm ver="2.3"><GO type="225" lobby="0"/><UN n0="%E3%81%B5%E3%81%98%E3%81%8B%E3%81%A4" n1="%E3%81%86%E3%81%A9%E3%82%93%E3%81%93" n2="%E9%B3%B3%E6%9D%B1%E3%81%AE%E3%81%86%E3%81%95%E3%81%8E%E3%81%95%E3%82%93" n3="%72%65%6E%6B%75%6E" dan="16,16,17,17" rate="2143.07,2172.70,2299.45,2227.37" sx="M,M,M,M"/><TAIKYOKU oya="0"/><INIT seed="0,0,0,1,0,117" ten="250,250,250,250" oya="0" hai0="12,95,58,106,0,43,3,118,4,73,85,57,19" hai1="18,100,111,40,50,113,97,91,89,121,66,36,125" hai2="45,80,34,11,134,131,27,112,90,108,128,71,84" hai3="93,29,25,35,79,68,42,81,41,60,107,31,26"/><T28/><D118/><U86/><E121/><V48/><F112/><W127/><G107/><T7/><D106/><U132/><E36/><V105/><F71/><W47/><G127/><T56/><D73/><U114/><E125/><V104/><F108/><W55/><G93/><T9/><D28/><U96/><E111/><V10/><F105/><W24/><G24/><T83/><D43/><U120/><E120/><V77/><F104/><W69/><G55/><T87/><D95/><U94/><E132/><V51/><F134/><W59/><G59/><T23/><REACH who="0" step="1"/><D83/><REACH who="0" ten="240,250,250,250" step="2"/><U63/><E40/><V130/><F80/><W116/><G42/><T101/><D101/><U13/><E100/><V98/><F130/><W74/><G116/><T21/><D21/><U119/><E119/><V115/><F131/><W82/><G81/><T123/><D123/><U76/><E94/><V22/><F22/><W5/><G29/><T54/><D54/><U129/><E129/><V8/><F128/><W52/><G31/><T78/><D78/><U32/><E76/><V126/><F77/><W70/><G35/><T103/><D103/><U65/><E114/><V1/><F115/><W88/><G88/><T44/><D44/><U133/><E32/><V67/><F45/><W61/><G41/><T124/><D124/><U17/><E133/><V16/><F34/><W14/><G47/><T75/><D75/><U30/><E113/><V99/><F90/><W33/><G52/><T20/><D20/><U122/><E91/><V38/><F126/><W2/><G33/><T49/><D49/><U46/><E50/><RYUUKYOKU ba="0,1" sc="240,30,250,-10,250,-10,250,-10" hai0="0,3,4,7,9,12,19,23,56,57,58,85,87" /><INIT seed="0,1,1,0,0,18" ten="270,240,240,240" oya="0" hai0="63,7,74,36,12,106,68,122,49,100,111,104,41" hai1="125,97,56,112,96,88,94,47,29,76,17,70,89" hai2="5,71,6,72,3,51,67,117,16,22,14,53,107" hai3="60,43,83,13,30,126,87,128,11,20,85,58,114"/><T19/><D122/><U25/><E70/><V98/><F72/><W93/><G114/><T118/><D118/><U109/><E112/><V39/><F39/><W54/><G128/><T80/><D7/><U110/><E125/><V23/><F117/><W65/><G126/><T28/><D28/><U77/><E17/><N who="2" m="10551" /><F107/><W73/><G43/><T86/><D74/><U130/><E47/><N who="2" m="27903" /><F71/><W116/><G116/><T27/><D27/><U32/><E130/><V52/><F67/><W99/><G73/><T90/><D100/><U42/><E42/><V8/><F3/><W82/><G54/><T115/><D36/><U119/><E119/><V21/><F98/><W35/><G35/><T121/><D111/><N who="1" m="42507" /><E56/><V31/><F52/><W1/><G1/><T15/><D121/><U44/><E44/><V79/><F79/><N who="1" m="30281" /><E97/><V66/><F66/><W61/><G65/><T127/><D106/><U75/><E75/><V4/><F31/><W103/><G58/><T78/><D104/><U24/><E25/><V40/><F40/><W101/><G101/><AGARI ba="1,1" hai="24,29,32,88,89,94,96,101" m="30281,42507" machi="101" ten="30,2000,0" yaku="14,1,54,1" doraHai="18" who="1" fromWho="3" sc="270,0,240,33,240,0,240,-23" /><INIT seed="1,0,0,3,1,30" ten="270,273,240,217" oya="1" hai0="41,69,72,62,80,4,133,29,58,2,113,131,74" hai1="18,128,105,91,76,125,51,21,11,44,108,50,7" hai2="63,78,75,27,65,83,109,66,122,6,36,97,12" hai3="67,60,92,104,121,64,112,101,5,57,130,134,90"/><U24/><E105/><V22/><F122/><W84/><G121/><T53/><D113/><U1/><E128/><V35/><F36/><W103/><G112/><T10/><D131/><U43/><E125/><V73/><F109/><W116/><G130/><T34/><D133/><U15/><E108/><V110/><F110/><W37/><G37/><T3/><D41/><U82/><E91/><V87/><F35/><W25/><G134/><T81/><D69/><U8/><E50/><V123/><F123/><W0/><G116/><T19/><D19/><U79/><REACH who="1" step="1"/><E82/><REACH who="1" ten="270,263,240,217" step="2"/><V46/><F83/><W106/><G106/><T126/><D126/><U99/><E99/><V100/><F97/><W39/><G104/><T89/><D81/><U38/><E38/><V33/><F100/><W48/><G39/><T124/><D89/><U114/><E114/><V111/><F111/><W59/><G48/><T52/><D80/><U47/><E47/><V115/><F46/><W98/><G98/><T119/><D124/><U68/><E68/><V93/><F115/><W94/><G94/><T32/><D119/><U56/><E56/><V61/><F93/><W31/><G103/><T28/><D58/><U118/><E118/><V95/><F95/><W54/><G101/><T16/><D62/><U9/><E9/><V117/><F63/><W45/><G45/><T85/><D10/><U96/><E96/><V55/><F61/><W40/><G57/><T88/><D88/><U71/><E71/><V132/><F117/><W17/><G59/><T13/><D85/><U102/><E102/><V86/><F86/><RYUUKYOKU ba="0,1" sc="270,-10,263,30,240,-10,217,-10" hai1="1,7,8,11,15,18,21,24,43,44,51,76,79" /><INIT seed="1,1,1,1,0,54" ten="260,293,230,207" oya="1" hai0="96,128,78,95,84,124,23,97,13,126,66,132,5" hai1="2,103,93,16,87,28,52,105,123,114,135,15,98" hai2="125,106,27,8,75,30,38,24,10,51,39,42,45" hai3="101,120,129,72,26,134,43,36,7,46,4,14,55"/><U11/><E123/><V65/><F106/><W22/><G120/><T121/><D121/><U107/><E114/><V20/><F125/><N who="0" m="48234" /><D66/><U48/><E135/><V1/><F75/><W94/><G72/><T127/><D128/><U56/><E2/><V90/><F65/><W130/><G134/><T131/><D131/><N who="3" m="50185" /><G14/><T62/><D132/><U118/><E118/><V59/><F1/><W111/><G111/><T61/><D127/><U25/><E87/><V12/><F90/><W77/><G77/><T19/><D5/><U6/><E6/><V88/><F12/><W110/><G110/><T33/><D33/><AGARI ba="1,1" hai="11,15,16,25,28,33,48,52,56,93,98,103,105,107" machi="33" ten="30,11600,0" yaku="7,1,52,1,54,2" doraHai="54" who="1" fromWho="0" sc="260,-119,293,129,230,0,207,0" /><INIT seed="1,2,0,4,4,32" ten="141,422,230,207" oya="1" hai0="114,112,53,97,129,3,22,37,116,1,58,84,28" hai1="71,124,82,36,56,102,65,12,9,134,86,127,8" hai2="33,121,77,113,131,118,93,67,117,26,45,60,79" hai3="59,115,94,132,107,92,51,39,6,76,55,57,4"/><U16/><E36/><V47/><F121/><W108/><G107/><T25/><D116/><U126/><E71/><V96/><F131/><W89/><G39/><T43/><D129/><U72/><E72/><V91/><F113/><W35/><G35/><T87/><D97/><U27/><E134/><V99/><F118/><W54/><G115/><T73/><D73/><U130/><E130/><V98/><F117/><W13/><G132/><T74/><D74/><U83/><E102/><V119/><F119/><W125/><G125/><T135/><D135/><U123/><E123/><V105/><F33/><W10/><G76/><N who="2" m="29257" /><F26/><W78/><G78/><T61/><D114/><U44/><E27/><V69/><F69/><W109/><G6/><T90/><D112/><U42/><E86/><N who="2" m="52471" /><F105/><W66/><G66/><T7/><D7/><U103/><E103/><V120/><F120/><W15/><G15/><T19/><D28/><U40/><E8/><V111/><F111/><N who="3" m="42571" /><G89/><T68/><D68/><U133/><E133/><V29/><F29/><W18/><G18/><T24/><D24/><U20/><E9/><V62/><F67/><W85/><G85/><T31/><D31/><U80/><E44/><AGARI ba="2,0" hai="44,45,47,60,62,96,98,99" m="52471,29257" machi="44" ten="30,1000,0" yaku="8,1" doraHai="32" who="2" fromWho="1" sc="141,0,422,-16,230,16,207,0" /><INIT seed="2,0,0,3,3,95" ten="141,406,246,207" oya="2" hai0="46,77,82,84,88,45,113,68,25,36,124,69,111" hai1="135,109,63,47,131,74,54,60,70,48,116,52,32" hai2="93,38,23,31,13,37,87,121,39,105,83,16,73" hai3="133,6,40,35,85,50,33,110,114,28,20,17,19"/><V41/><F121/><W112/><G40/><T42/><D113/><N who="3" m="43625" /><G50/><T53/><D111/><U65/><E74/><V90/><F105/><W71/><G71/><T29/><D124/><U44/><E32/><N who="3" m="12362" /><G85/><T15/><D15/><U106/><E106/><V67/><F67/><W56/><G56/><T98/><D46/><U22/><E109/><V94/><F41/><W7/><G110/><T107/><D53/><U21/><E131/><V115/><F115/><W57/><G57/><T132/><D132/><U76/><E76/><V12/><F31/><W99/><G99/><T129/><D129/><U27/><E135/><V59/><F73/><W125/><G125/><T102/><REACH who="0" step="1"/><D77/><REACH who="0" ten="131,406,246,207" step="2"/><U62/><E47/><V92/><F12/><W101/><G133/><T55/><D55/><U26/><E54/><V79/><F79/><W118/><G118/><T120/><D120/><U81/><E62/><V43/><F43/><W126/><G126/><T75/><D75/><U130/><E130/><V91/><F91/><W64/><G64/><T1/><D1/><U11/><E52/><V14/><F14/><W104/><G6/><T49/><D49/><U0/><E0/><V8/><F8/><W24/><G7/><T117/><D117/><U86/><E48/><V128/><F128/><W51/><G51/><T5/><D5/><U9/><E116/><V103/><F39/><W72/><G72/><T2/><D2/><U127/><E127/><V10/><F10/><N who="1" m="3593" /><E63/><V123/><F123/><W18/><G101/><T34/><AGARI ba="0,1" hai="25,29,34,36,42,45,68,69,82,84,88,98,102,107" machi="34" ten="20,12000,2" yaku="1,1,0,1,7,1,52,1,54,1,53,1" doraHai="95" doraHaiUra="100" who="0" fromWho="0" sc="131,130,406,-30,246,-60,207,-30" /><INIT seed="3,0,0,5,4,5" ten="261,376,186,177" oya="3" hai0="18,37,65,52,133,90,100,42,34,6,94,118,96" hai1="85,35,92,4,43,80,3,83,84,46,125,120,36" hai2="129,49,16,88,99,110,89,77,130,79,111,10,56" hai3="58,132,63,112,70,72,23,60,107,13,25,87,44"/><W126/><G72/><T131/><D34/><U93/><E35/><V78/><F56/><W67/><G112/><T98/><D6/><U121/><E125/><V11/><F49/><W76/><G126/><T31/><D65/><U116/><E116/><V29/><F29/><W17/><G132/><T71/><D31/><U59/><E92/><N who="2" m="56711" /><F89/><W45/><G107/><T57/><D71/><U66/><E4/><V53/><F53/><W26/><G76/><T109/><D118/><U19/><E19/><V128/><F16/><W9/><G87/><T106/><D131/><U108/><E108/><AGARI ba="0,0" hai="10,11,77,78,79,108,110,111,128,129,130" m="56711" machi="108" ten="40,8000,1" yaku="14,1,19,1,52,2,54,1" doraHai="5" who="2" fromWho="1" sc="261,0,376,-80,186,80,177,0" /><INIT seed="4,0,0,0,1,81" ten="261,296,266,177" oya="0" hai0="68,53,135,57,91,65,38,63,19,83,106,79,73" hai1="93,108,102,14,8,39,56,46,75,74,55,9,50" hai2="69,80,22,44,95,111,98,24,77,87,13,130,110" hai3="12,29,104,118,103,43,88,94,122,23,78,5,133"/><T107/><D135/><U82/><E108/><V120/><F120/><W51/><G118/><T84/><D38/><U31/><E75/><V37/><F69/><W61/><G133/><T33/><D33/><U27/><E39/><V121/><F121/><W2/><G122/><T20/><D73/><U100/><E74/><V97/><F130/><W64/><G2/><T92/><D79/><U59/><E82/><V26/><F13/><W115/><G115/><T48/><D83/><U47/><E59/><V90/><F97/><W4/><G78/><T124/><D124/><U0/><E0/><V123/><F24/><AGARI ba="0,0" hai="19,20,24,48,53,57,63,65,68,84,91,92,106,107" machi="24" ten="30,2900,0" yaku="7,1,52,1" doraHai="81" who="0" fromWho="2" sc="261,29,296,0,266,-29,177,0" /><INIT seed="4,1,0,3,4,7" ten="290,296,237,177" oya="0" hai0="79,84,102,5,114,82,42,122,60,66,89,109,33" hai1="111,81,118,121,6,54,13,57,124,14,69,94,37" hai2="58,78,44,93,88,9,133,75,125,36,91,43,68" hai3="106,85,113,64,22,46,95,49,119,110,27,135,76"/><T26/><D122/><U129/><E111/><V130/><F68/><W40/><G106/><T83/><D114/><U107/><E107/><V71/><F71/><W12/><G113/><T127/><D42/><U99/><E118/><V101/><F130/><W115/><G115/><T126/><D102/><U74/><E69/><V112/><F112/><W116/><G110/><T28/><D5/><U52/><E121/><V120/><F120/><W63/><G12/><T87/><REACH who="0" step="1"/><D109/><REACH who="0" ten="280,296,237,177" step="2"/><U34/><E6/><V41/><F41/><W1/><G135/><T30/><D30/><U0/><E129/><V77/><F101/><W20/><G1/><T16/><D16/><U55/><E0/><V62/><F133/><W15/><G116/><T10/><D10/><U61/><E124/><V2/><F125/><W132/><G132/><T100/><D100/><U131/><E131/><V134/><F9/><W35/><G119/><T97/><D97/><U65/><E99/><V50/><F2/><W92/><G35/><T56/><AGARI ba="1,1" hai="26,28,33,56,60,66,79,82,83,84,87,89,126,127" machi="56" ten="30,3000,0" yaku="1,1,0,1,53,0" doraHai="7" doraHaiUra="70" who="0" fromWho="0" sc="280,43,296,-11,237,-11,177,-11" owari="323,42.3,285,8.5,226,-17.4,166,-33.4" /></mjloggm>