<mjloggm ver="2.3"><GO type="225" lobby="0"/><UN n0="%E3%81%B5%E3%81%98%E3%81%8B%E3%81%A4" n1="%4B%2E%32%2E%4B%2E" n2="%E3%81%A0%E3%81%8A" n3="%E3%83%97%E3%83%AC%E3%83%B4%E3%82%A1%E3%83%86%E3%82%A3" dan="16,16,16,16" rate="2091.87,2164.75,2025.98,2068.64" sx="M,M,M,F"/><TAIKYOKU oya="0"/><INIT seed="0,0,0,1,3,57" ten="250,250,250,250" oya="0" hai0="89,102,20,120,115,10,40,44,63,3,51,111,87" hai1="34,100,43,101,98,113,48,79,59,32,128,132,92" hai2="23,106,65,131,73,130,33,112,18,1,12,21,38" hai3="22,122,25,114,104,11,60,35,82,45,116,53,105"/><T55/><D115/><U64/><E128/><N who="2" m="49195" /><F73/><W84/><G116/><T2/><D120/><U29/><E113/><V129/><F106/><W110/><G114/><T27/><D102/><U19/><E132/><V0/><F38/><W125/><G122/><T36/><D10/><U83/><E101/><V78/><F78/><W126/><G35/><T49/><D36/><U56/><E19/><N who="2" m="10471" /><F65/><W46/><G11/><T94/><D111/><U72/><E29/><V62/><F62/><W123/><G123/><T50/><D50/><U135/><E135/><V109/><F109/><W80/><G110/><T58/><REACH who="0" step="1"/><D51/><REACH who="0" ten="240,250,250,250" step="2"/><U30/><E48/><V76/><F112/><W7/><G105/><T77/><D77/><U42/><E42/><V103/><F76/><W28/><G104/><T52/><D52/><U61/><E43/><V47/><F103/><W96/><G7/><T97/><D97/><U37/><E37/><V108/><F129/><W16/><G96/><T5/><D5/><U121/><E121/><V81/><F108/><W24/><G84/><T17/><AGARI ba="0,1" hai="2,3,17,20,27,40,44,49,55,58,63,87,89,94" machi="17" ten="20,7800,0" yaku="1,1,0,1,7,1,52,1,53,0" doraHai="57" doraHaiUra="93" who="0" fromWho="0" sc="240,88,250,-26,250,-26,250,-26" /><INIT seed="0,1,0,0,2,102" ten="328,224,224,224" oya="0" hai0="53,6,34,108,11,41,118,112,45,22,10,13,120" hai1="0,105,123,3,89,31,124,77,90,131,57,104,30" hai2="95,113,134,71,96,40,27,115,21,43,28,63,80" hai3="70,14,48,84,81,107,87,19,24,132,100,130,119"/><T129/><D120/><U67/><E123/><V33/><F134/><W5/><G132/><T82/><D118/><U93/><E77/><V66/><F33/><W106/><G119/><T98/><D112/><U117/><E117/><V74/><F74/><W32/><G70/><T114/><D34/><U58/><E93/><V69/><F69/><W23/><G100/><T35/><D114/><U68/><E68/><V25/><F80/><W121/><G121/><T78/><D35/><U110/><E67/><V2/><F2/><W1/><G130/><T46/><D129/><U111/><E131/><V42/><REACH who="2" step="1"/><F27/><REACH who="2" ten="328,224,214,224" step="2"/><W55/><G1/><T7/><D82/><U75/><E124/><V15/><F15/><W37/><G81/><T128/><D13/><U101/><E101/><AGARI ba="1,1" hai="21,25,28,40,42,43,63,66,71,95,96,101,113,115" machi="101" ten="40,2600,0" yaku="1,1,53,1" doraHai="102" doraHaiUra="62" who="2" fromWho="1" sc="328,0,224,-29,214,39,224,0" /><INIT seed="1,0,0,0,0,62" ten="328,195,253,224" oya="1" hai0="17,41,45,65,76,59,19,87,118,23,42,57,13" hai1="24,60,75,35,111,117,70,26,25,89,58,114,85" hai2="15,10,121,110,132,88,12,27,120,43,131,130,16" hai3="72,78,91,122,102,104,30,99,14,21,128,5,2"/><U103/><E114/><V100/><F110/><W34/><G122/><T92/><D118/><U112/><E112/><V123/><F132/><W18/><G128/><N who="2" m="49193" /><F100/><W109/><G109/><T80/><D92/><U32/><E117/><V66/><F43/><N who="0" m="16394" /><D65/><U48/><E111/><V124/><F124/><W86/><G2/><T126/><D126/><U53/><E75/><V50/><F50/><W20/><G5/><T82/><D45/><U95/><REACH who="1" step="1"/><E103/><REACH who="1" ten="328,185,253,224" step="2"/><V98/><F123/><W90/><G72/><T6/><D6/><U84/><E84/><V129/><F129/><W68/><G86/><N who="0" m="48391" /><D17/><U44/><E44/><V47/><F47/><W93/><G30/><T56/><D87/><U127/><E127/><V116/><F16/><W0/><G18/><T97/><D97/><U52/><E52/><V83/><F98/><W133/><G99/><T106/><D106/><U11/><E11/><V69/><F10/><W40/><G104/><T73/><D73/><U107/><E107/><V135/><F121/><W101/><G102/><T81/><AGARI ba="0,1" hai="13,19,23,56,57,59,81,82" m="48391,16394" machi="81" ten="30,1100,0" yaku="8,1" doraHai="62" who="0" fromWho="0" sc="328,21,185,-5,253,-3,224,-3" /><INIT seed="2,0,0,3,1,9" ten="349,180,250,221" oya="2" hai0="16,134,67,36,54,23,39,43,129,33,71,74,116" hai1="133,113,128,92,45,55,19,99,72,87,28,93,7" hai2="84,26,104,122,61,35,81,75,73,47,77,40,101" hai3="66,118,41,11,63,106,24,25,48,78,105,1,120"/><V70/><F122/><W103/><G120/><T115/><D74/><U14/><E113/><V112/><F112/><W49/><G118/><T59/><D33/><U108/><E72/><V79/><F79/><W52/><G78/><T5/><D5/><U18/><E108/><V42/><F42/><W110/><G110/><T102/><D115/><U22/><E128/><V95/><F95/><W21/><G41/><T27/><D116/><U96/><E133/><V117/><F117/><W6/><G48/><T57/><D134/><U94/><E87/><V126/><F126/><W53/><G53/><T97/><D129/><U37/><E37/><V64/><F47/><W13/><G1/><T0/><D0/><U85/><E85/><V127/><F40/><W56/><G103/><T20/><D43/><U32/><E7/><V132/><F132/><W50/><G50/><T65/><D71/><U44/><E32/><V51/><F51/><W123/><G123/><T30/><D67/><U124/><E28/><V83/><F127/><W135/><G135/><T62/><D57/><U60/><E19/><V91/><F35/><W38/><G38/><T111/><D54/><U3/><E3/><V114/><F114/><W109/><G109/><T119/><D119/><U69/><E124/><V31/><F31/><W121/><G121/><T89/><D89/><U8/><E8/><V4/><F91/><W29/><REACH who="3" step="1"/><G24/><REACH who="3" ten="349,180,250,211" step="2"/><N who="0" m="16671" /><D111/><U82/><E55/><V68/><F26/><W15/><G15/><T131/><D131/><U58/><E14/><V2/><F2/><W125/><G125/><T98/><D102/><RYUUKYOKU ba="0,1" sc="349,15,180,-15,250,-15,211,15" hai0="16,20,27,36,39,59,62,65,97,98" hai3="6,11,13,21,25,29,49,52,56,63,66,105,106" /><INIT seed="3,1,1,3,4,36" ten="364,165,235,226" oya="3" hai0="94,30,31,7,9,117,26,12,106,32,84,10,47" hai1="11,110,29,27,5,13,76,113,120,112,70,22,115" hai2="130,118,91,74,8,82,73,99,100,56,17,57,3" hai3="111,121,105,101,124,35,55,116,4,40,98,83,109"/><W69/><G69/><T125/><D106/><U107/><E76/><V92/><F118/><W24/><G116/><T129/><D117/><U46/><E107/><V68/><F68/><W66/><G66/><T16/><D125/><U67/><E46/><V1/><F130/><W65/><G124/><T103/><D129/><U41/><E67/><V49/><F1/><W48/><G65/><T77/><D31/><U20/><E70/><V21/><F73/><W38/><G4/><T34/><D47/><U102/><E102/><V131/><F131/><W15/><G121/><T133/><D133/><U58/><E58/><V104/><F57/><W59/><G15/><T64/><D64/><U71/><E71/><V54/><F8/><W135/><G135/><T132/><D132/><U14/><E41/><V51/><F3/><W93/><G83/><T119/><D103/><U28/><E110/><N who="3" m="41994" /><G105/><T6/><D6/><U86/><E86/><V52/><F82/><W114/><G114/><T50/><D12/><N who="1" m="5231" /><E120/><V90/><F74/><W85/><G85/><T2/><D84/><U89/><E89/><V96/><F96/><W134/><G134/><T0/><D0/><U53/><E53/><V75/><F104/><W128/><G128/><T95/><D2/><U126/><E126/><V127/><F127/><W72/><G72/><T39/><D119/><U79/><E79/><V80/><F75/><W63/><G38/><T43/><D77/><U123/><E123/><V60/><F80/><W42/><G63/><T88/><D39/><U78/><E78/><V19/><F60/><W23/><G48/><RYUUKYOKU ba="1,1" sc="364,-10,165,30,235,-10,226,-10" hai1="13,14,20,22,27,28,29,112,113,115" owari="364,46.4,195,-30.5,225,2.5,216,-18.4" /></mjloggm>