<mjloggm ver="2.3"><GO type="225" lobby="0"/><UN n0="%E3%81%B7%E3%82%8A%E3%82%93%E8%81%96%E4%BA%BA" n1="%43%68%65" n2="%E5%80%89%E6%A9%8B%EF%BC%A0%E4%BA%8B%E5%8B%99" n3="%E3%81%A1%E3%82%85%E3%81%86%E3%81%A9%E3%81%8F%E8%B1%A1%E3%81%95%E3%82%93" dan="16,16,16,16" rate="2122.56,2161.95,2067.66,2112.41" sx="M,M,M,M"/><TAIKYOKU oya="0"/><INIT seed="0,0,0,2,5,24" ten="250,250,250,250" oya="0" hai0="13,48,65,12,72,80,22,126,129,52,71,123,15" hai1="82,11,97,122,112,69,57,77,31,105,134,7,64" hai2="120,75,133,37,110,113,50,41,61,90,33,114,8" hai3="35,66,2,25,116,119,51,74,95,79,19,9,108"/><T70/><D123/><U34/><E122/><V131/><F120/><W128/><G66/><T0/><D0/><U43/><E134/><V124/><F75/><W101/><G128/><T39/><D39/><U26/><E57/><V55/><F33/><W63/><G108/><T84/><D72/><N who="1" m="43303" /><E43/><V132/><F8/><W5/><G63/><T68/><D65/><U44/><E44/><N who="2" m="23599" /><F90/><W53/><G79/><T59/><D129/><U81/><E81/><V4/><F4/><W99/><G74/><T130/><D130/><U1/><E112/><N who="2" m="43115" /><F131/><W135/><G135/><N who="2" m="51785" /><F110/><W32/><G32/><T58/><D126/><U93/><E93/><V60/><F124/><W54/><G19/><T40/><D40/><U100/><E97/><V103/><F103/><W56/><REACH who="3" step="1"/><G54/><REACH who="3" ten="250,250,250,240" step="2"/><T29/><D52/><U16/><E34/><V21/><F21/><W78/><G78/><T92/><D22/><U38/><E11/><V117/><F117/><W86/><G86/><T42/><D84/><U115/><E16/><V23/><F23/><W36/><G36/><T17/><D17/><U46/><E38/><V83/><F83/><W96/><G96/><T85/><D85/><U49/><E115/><V67/><F67/><W45/><G45/><AGARI ba="0,1" hai="45,50,55,60,61" m="51785,43115,23599" machi="45" ten="30,3900,0" yaku="20,1,34,2" doraHai="24" who="2" fromWho="3" sc="250,0,250,0,250,49,240,-39" /><INIT seed="1,0,0,0,0,62" ten="250,250,299,201" oya="1" hai0="78,96,61,123,13,47,1,67,117,103,83,97,27" hai1="104,129,87,75,82,19,41,92,21,18,80,66,71" hai2="60,7,124,9,29,36,128,132,50,84,116,42,98" hai3="44,31,130,105,23,55,119,111,69,106,33,115,76"/><U99/><E129/><V59/><F116/><W12/><G115/><T22/><D1/><U135/><E135/><V93/><F36/><W0/><G111/><T3/><D3/><U126/><E126/><V110/><F110/><W16/><G69/><T121/><D117/><U72/><E41/><V56/><F124/><W102/><G119/><T5/><D47/><U39/><E104/><V15/><F128/><W10/><G130/><T2/><D2/><U131/><E39/><V11/><F132/><W74/><G102/><T8/><D121/><U58/><E71/><V64/><F29/><W101/><G101/><T28/><D123/><U120/><E19/><V40/><F84/><W79/><G55/><T49/><D49/><U68/><E68/><V35/><F35/><W45/><G76/><T34/><D34/><U30/><E82/><V73/><F73/><W85/><G74/><T125/><D125/><U133/><E30/><V107/><F107/><W122/><G122/><T113/><D103/><N who="1" m="60903" /><E133/><V86/><F86/><W94/><G106/><T100/><D100/><U37/><E37/><V81/><F81/><N who="3" m="47295" /><G94/><T24/><D113/><U134/><E131/><V95/><F95/><W38/><G105/><T20/><D83/><U43/><E43/><V127/><F127/><W77/><G77/><T90/><D78/><N who="1" m="46487" /><E134/><V118/><F118/><W88/><G38/><T54/><D90/><U26/><E120/><V25/><F93/><W63/><G88/><T112/><D112/><U17/><E17/><V57/><F42/><W46/><G33/><T108/><D108/><U6/><E6/><RYUUKYOKU ba="0,0" sc="250,-10,250,30,299,-10,201,-10" hai1="18,21,26,58,66,72,75" /><INIT seed="1,1,0,2,4,90" ten="240,280,289,191" oya="1" hai0="134,43,7,123,79,110,64,77,6,80,103,106,24" hai1="1,59,38,121,93,33,44,28,50,17,72,126,94" hai2="108,66,48,86,52,63,100,114,32,26,42,55,47" hai3="122,112,25,13,22,45,40,73,91,115,19,20,132"/><U62/><E121/><V101/><F108/><W107/><G122/><T98/><D123/><U0/><E38/><V105/><F114/><W12/><G132/><T78/><D64/><U84/><E72/><V65/><F86/><W71/><G71/><T81/><D43/><U9/><E126/><V69/><F65/><W117/><G73/><T30/><D110/><U119/><E119/><V11/><F11/><W57/><G117/><T41/><D41/><U89/><E28/><N who="2" m="19479" /><F100/><W29/><G107/><T88/><D134/><U23/><E33/><V124/><F124/><W87/><G57/><T99/><D7/><U133/><E9/><V68/><F68/><W15/><G112/><T130/><D6/><U95/><E133/><V92/><F92/><W5/><G5/><T39/><D39/><U125/><E125/><V75/><F75/><W83/><REACH who="3" step="1"/><G115/><REACH who="3" ten="240,280,289,181" step="2"/><T61/><D130/><U113/><E113/><V37/><F37/><AGARI ba="1,1" hai="12,13,15,19,20,22,25,29,37,40,45,83,87,91" machi="37" ten="30,3900,0" yaku="1,1,2,1,7,1,53,0" doraHai="90" doraHaiUra="34" who="3" fromWho="2" sc="240,0,280,0,289,-42,181,52" /><INIT seed="2,0,0,1,1,103" ten="240,280,247,233" oya="2" hai0="49,84,58,16,129,11,107,95,13,90,74,127,53" hai1="81,42,77,82,21,109,35,59,40,15,41,132,51" hai2="63,133,130,123,94,108,135,120,24,113,105,33,28" hai3="12,9,38,8,70,5,76,119,93,92,52,73,60"/><V26/><F113/><W78/><G119/><T64/><D74/><U43/><E35/><V115/><F115/><W116/><G116/><T69/><D129/><U128/><E128/><V117/><F117/><W75/><G38/><T72/><D72/><U97/><E109/><V34/><F130/><W10/><G73/><T100/><D127/><U57/><E132/><N who="2" m="50763" /><F94/><N who="3" m="36459" /><G70/><T61/><REACH who="0" step="1"/><D100/><REACH who="0" ten="230,280,247,233" step="2"/><U50/><E97/><V47/><F108/><W67/><G75/><T89/><D89/><U88/><E88/><V96/><F120/><W22/><G78/><T98/><D98/><U86/><E77/><V91/><F123/><W48/><G76/><T14/><D14/><U25/><E15/><V27/><F91/><W17/><G5/><T29/><D29/><U65/><E86/><V121/><F121/><W114/><G114/><T32/><D32/><U118/><E118/><V56/><F28/><W54/><G12/><T31/><D31/><U106/><E25/><V102/><F47/><W6/><G6/><T131/><D131/><U0/><E0/><V110/><F110/><W134/><G134/><T39/><D39/><U122/><E122/><V62/><F62/><W23/><G17/><T111/><D111/><U85/><E85/><V79/><F79/><W68/><G48/><T2/><D2/><U66/><E51/><V99/><F96/><W19/><G19/><T125/><D125/><U112/><E50/><V87/><F87/><W7/><G7/><T55/><D55/><AGARI ba="0,1" hai="24,26,27,33,34,55,56,63,99,102,105" m="50763" machi="55" ten="30,2900,0" yaku="20,1,52,1" doraHai="103" who="2" fromWho="0" sc="230,-29,280,0,247,39,233,0" /><INIT seed="2,1,0,2,0,104" ten="201,280,286,233" oya="2" hai0="13,29,37,106,60,41,34,59,93,133,128,113,33" hai1="68,79,16,131,130,92,112,62,99,108,126,63,26" hai2="30,75,83,110,114,25,32,109,72,24,101,121,42" hai3="35,55,111,90,70,58,6,87,8,46,89,20,10"/><V129/><F114/><W12/><G70/><T38/><D106/><U23/><E112/><V28/><F121/><W7/><G111/><N who="2" m="42505" /><F129/><N who="1" m="49161" /><E108/><V102/><F42/><W134/><G134/><T18/><D113/><U115/><E115/><V54/><F54/><W14/><G35/><T76/><D76/><U9/><E126/><V40/><F40/><W120/><G120/><T82/><D82/><U43/><E68/><V73/><F83/><W105/><G105/><T66/><D128/><U85/><E43/><V117/><F117/><W118/><G118/><T2/><D2/><U1/><E79/><V31/><F32/><W21/><G46/><T56/><D34/><U95/><E85/><V71/><F71/><W47/><G47/><T86/><D41/><U77/><E77/><V94/><F94/><N who="1" m="35881" /><E99/><V51/><F51/><N who="3" m="31103" /><G87/><T15/><D38/><U44/><E44/><V100/><AGARI ba="1,0" hai="24,25,28,30,31,72,73,75,100,101,102" m="42505" machi="100" ten="50,24000,3" yaku="29,2,28,2,14,1,10,1,52,3" doraHai="104" who="2" fromWho="2" sc="201,-81,280,-81,286,243,233,-81" /><INIT seed="2,2,0,2,5,70" ten="120,199,529,152" oya="2" hai0="12,95,9,77,63,125,116,36,53,50,0,71,48" hai1="5,15,39,134,55,76,10,92,82,37,115,1,78" hai2="49,22,43,64,35,59,51,40,46,23,24,44,42" hai3="52,135,60,105,34,84,113,69,79,131,4,118,67"/><V86/><F35/><W108/><G118/><T106/><D106/><U56/><E115/><V126/><F126/><W129/><G105/><T30/><D125/><U20/><E134/><V25/><F42/><W102/><G34/><T73/><D0/><U114/><E114/><V124/><F124/><W130/><G113/><T123/><D123/><U21/><E92/><V57/><F86/><W16/><G135/><T18/><D36/><U38/><E1/><V97/><F97/><W128/><N who="3" m="32768" /><DORA hai="111" /><W89/><G108/><T117/><D30/><U94/><E94/><V91/><F91/><W80/><G4/><T19/><D19/><U88/><E88/><V127/><F127/><W93/><G102/><T120/><D120/><U90/><E90/><V32/><F32/><W3/><G3/><T107/><D107/><U74/><REACH who="1" step="1"/><E78/><REACH who="1" ten="120,189,529,152" step="2"/><V26/><F64/><W28/><G79/><T68/><D95/><U112/><E112/><V75/><F75/><W31/><G93/><T29/><D77/><U45/><E45/><V33/><F33/><W122/><G122/><T87/><D73/><U132/><E132/><V81/><F46/><W13/><REACH who="3" step="1"/><G52/><REACH who="3" ten="120,189,529,142" step="2"/><T65/><D53/><U7/><E7/><V66/><F66/><W96/><G96/><T58/><D87/><U41/><E41/><V104/><F43/><W121/><G121/><T83/><D83/><U98/><E98/><V100/><F104/><W109/><G109/><T2/><D2/><U85/><E85/><V61/><F40/><W99/><G99/><T62/><D116/><U72/><E72/><V54/><F81/><RYUUKYOKU ba="2,2" sc="120,-15,189,15,529,-15,142,15" hai1="5,10,15,20,21,37,38,39,55,56,74,76,82" hai3="13,16,28,31,60,67,69,80,84,89" /><INIT seed="3,3,2,0,5,101" ten="105,204,514,157" oya="3" hai0="106,40,52,87,50,67,85,0,102,45,16,81,43" hai1="33,132,60,115,20,86,69,110,14,70,37,26,95" hai2="92,107,31,128,112,73,57,51,77,23,65,105,11" hai3="88,44,116,64,3,30,68,25,74,36,98,84,121"/><W12/><G121/><T124/><D0/><U90/><E115/><V135/><F112/><W49/><G116/><T76/><D124/><U54/><E37/><V119/><F119/><W82/><G3/><T113/><D113/><U58/><E110/><V129/><F135/><W53/><G36/><T75/><D67/><U126/><E126/><V13/><F92/><W131/><G131/><N who="2" m="50249" /><F77/><W4/><G74/><T120/><D120/><U29/><E132/><V93/><F93/><N who="3" m="56615" /><G68/><T111/><D111/><U1/><E1/><V83/><F83/><W96/><G96/><T48/><D43/><U7/><E7/><N who="2" m="3327" /><F73/><W72/><G72/><T62/><D62/><U39/><E39/><V42/><F42/><W8/><G64/><T59/><D102/><U100/><E100/><V94/><F94/><W61/><G61/><T55/><D106/><U34/><E34/><V32/><F32/><W127/><G127/><T17/><REACH who="0" step="1"/><D40/><REACH who="0" ten="95,204,514,157" step="2"/><U118/><BYE who="2" /><E60/><V97/><F97/><W21/><G82/><T79/><D79/><U104/><E104/><V38/><F38/><W10/><G10/><T9/><D9/><U22/><E70/><V133/><F133/><W108/><G108/><T24/><D24/><U2/><E26/><V15/><F15/><W6/><G12/><T114/><D114/><U19/><E14/><V109/><F109/><W18/><G8/><T122/><D122/><U5/><E2/><V78/><F78/><W71/><G25/><T63/><D63/><U123/><E69/><V27/><F27/><W103/><G71/><T134/><D134/><U28/><E123/><RYUUKYOKU ba="3,3" sc="95,30,204,-10,514,-10,157,-10" hai0="16,17,45,48,50,52,55,59,75,76,81,85,87" owari="125,-37.5,194,-0.6,534,63.4,147,-25.3" /></mjloggm>