<mjloggm ver="2.3"><GO type="225" lobby="0"/><UN n0="%E5%A4%9C%E3%81%AE%E3%82%AC%E3%82%B9%E3%83%91%E3%83%BC%E3%83%AB" n1="%E5%B0%8F%E9%B3%A5%E9%81%8A%E7%B7%B4%E7%84%A1%32%31%E6%AD%B3" n2="%61%6D%65%6B%69" n3="%E3%82%A2%E3%83%A1%E3%82%A2%E3%83%A9%E3%83%AC" dan="17,16,16,16" rate="2179.89,2184.17,2085.70,2162.11" sx="M,F,M,M"/><TAIKYOKU oya="0"/><INIT seed="0,0,0,2,1,11" ten="250,250,250,250" oya="0" hai0="127,110,100,77,40,64,24,22,120,12,57,85,15" hai1="63,97,0,86,65,103,83,4,18,25,13,108,32" hai2="54,41,66,123,33,118,55,84,67,35,42,39,44" hai3="43,82,92,37,119,49,34,71,56,30,46,47,79"/><T133/><D120/><U20/><E108/><V134/><F123/><W115/><G115/><T10/><D110/><U74/><E74/><V113/><F113/><W19/><G71/><T61/><D127/><U6/><E0/><V23/><F134/><W125/><G119/><T95/><D133/><U81/><E81/><V7/><F7/><W70/><G70/><T26/><D40/><U69/><E25/><V62/><F84/><W101/><G56/><T106/><D106/><U96/><E32/><V3/><F3/><W51/><G30/><T88/><D100/><U58/><E69/><V129/><F23/><W104/><G34/><T112/><D77/><U126/><E126/><V31/><F31/><W80/><G104/><T99/><D85/><U53/><E65/><N who="2" m="24587" /><F35/><W2/><G2/><T76/><D76/><U94/><REACH who="1" step="1"/><E97/><REACH who="1" ten="250,240,250,250" step="2"/><V5/><F33/><W16/><G125/><T17/><REACH who="0" step="1"/><D112/><REACH who="0" ten="240,240,250,250" step="2"/><U45/><E45/><V114/><F114/><W90/><G47/><T124/><D124/><U36/><E36/><V60/><F44/><W14/><G37/><T38/><D38/><U72/><E72/><V121/><F39/><W8/><G79/><AGARI ba="0,2" hai="4,6,13,18,20,53,58,63,79,83,86,94,96,103" machi="79" ten="30,7700,0" yaku="1,1,7,1,8,1,52,1,53,0" doraHai="11" doraHaiUra="132" who="1" fromWho="3" sc="240,0,240,97,250,0,250,-77" /><INIT seed="1,0,0,3,3,87" ten="240,337,250,173" oya="1" hai0="55,16,14,96,42,32,81,2,48,46,99,83,59" hai1="54,52,82,119,124,51,67,116,120,24,7,34,47" hai2="6,66,37,12,15,88,86,26,53,69,33,64,89" hai3="130,75,105,4,129,8,108,134,38,101,85,107,5"/><U102/><E120/><V41/><F37/><W106/><G38/><T13/><D2/><U45/><E7/><N who="3" m="2634" /><G8/><T17/><D32/><U25/><E67/><N who="2" m="25643" /><F69/><W103/><G75/><T23/><D99/><U30/><E124/><V29/><F33/><W112/><G112/><T9/><REACH who="0" step="1"/><D96/><REACH who="0" ten="230,337,250,173" step="2"/><U79/><E116/><V61/><F6/><W95/><G108/><T10/><D10/><U68/><E119/><V100/><F100/><W131/><G134/><T104/><D104/><U91/><E102/><V21/><F41/><W20/><G20/><T40/><D40/><U27/><E34/><V73/><F73/><W133/><G133/><T113/><D113/><U92/><BYE who="0" /><E68/><V44/><F86/><W57/><G57/><T11/><D11/><U78/><E30/><V97/><F97/><W3/><G3/><T121/><D121/><U118/><E82/><V28/><F28/><W35/><G35/><T132/><D132/><U70/><E70/><V77/><F77/><W122/><G122/><T98/><D98/><N who="1" m="57631" /><E118/><V110/><F110/><W60/><G60/><T49/><D49/><AGARI ba="0,1" hai="24,25,27,45,47,49,51,52,54,78,79" m="57631" machi="49" ten="30,5800,0" yaku="8,1,52,1,54,1" doraHai="87" who="1" fromWho="0" sc="230,-58,337,68,250,0,173,0" /><INIT seed="1,1,0,4,2,6" ten="172,405,250,173" oya="1" hai0="134,119,121,98,124,43,69,39,59,110,55,73,27" hai1="20,97,75,108,107,120,22,85,132,52,28,10,49" hai2="67,42,47,117,105,1,93,123,13,51,60,77,19" hai3="115,88,57,40,94,102,89,24,76,122,66,5,35"/><U31/><E120/><V38/><F1/><W34/><G115/><T58/><D58/><U126/><E75/><V79/><F105/><W74/><G122/><T129/><D129/><U23/><E132/><V135/><F117/><W56/><G40/><T0/><D0/><U114/><E114/><V26/><F123/><W96/><G5/><T78/><D78/><U29/><E126/><V111/><F111/><W11/><G11/><T4/><D4/><U14/><E108/><V33/><F135/><W18/><G35/><T90/><D90/><U53/><E85/><V36/><F93/><W91/><G66/><T37/><D37/><U103/><REACH who="1" step="1"/><E49/><REACH who="1" ten="172,395,250,173" step="2"/><V46/><F38/><W113/><G113/><T45/><D45/><U8/><E8/><V106/><F36/><W3/><G74/><UN n0="%E5%A4%9C%E3%81%AE%E3%82%AC%E3%82%B9%E3%83%91%E3%83%BC%E3%83%AB" /><T84/><D124/><U62/><E62/><V83/><F47/><W65/><G96/><T9/><D121/><U82/><E82/><V44/><F44/><W81/><G81/><T30/><D134/><U70/><E70/><V95/><F83/><W80/><G80/><T21/><D69/><U128/><E128/><V50/><F50/><W130/><G130/><T71/><D110/><U100/><E100/><V12/><F51/><W99/><G102/><T15/><D71/><U109/><E109/><V92/><F46/><W41/><G76/><T131/><D131/><U63/><E63/><V7/><F60/><W72/><G72/><T118/><D73/><U17/><AGARI ba="1,1" hai="10,14,17,20,22,23,28,29,31,52,53,97,103,107" machi="17" ten="30,11700,0" yaku="1,1,0,1,52,1,54,1,53,0" doraHai="6" doraHaiUra="116" who="1" fromWho="1" sc="172,-40,395,130,250,-40,173,-40" /><INIT seed="1,2,0,4,2,90" ten="132,525,210,133" oya="1" hai0="111,63,101,118,79,60,52,67,6,125,26,23,25" hai1="104,20,133,64,1,103,50,34,97,28,69,15,42" hai2="68,116,110,92,2,73,11,107,78,70,22,54,44" hai3="7,123,46,135,81,132,98,41,112,100,75,37,57"/><U4/><E133/><N who="3" m="51274" /><G123/><T9/><D118/><U36/><E36/><V19/><F107/><N who="3" m="63895" /><G7/><T91/><D111/><U48/><E42/><V115/><F110/><W14/><G14/><N who="0" m="5431" /><D125/><U27/><E1/><V35/><F35/><W29/><G29/><N who="0" m="17599" /><D79/><U39/><E39/><V99/><F115/><W93/><G57/><N who="0" m="34855" /><D101/><U126/><E126/><V59/><F116/><W131/><G112/><T106/><D106/><U17/><E4/><V53/><F78/><N who="3" m="44255" /><G131/><T80/><D80/><U129/><E129/><V119/><F70/><W5/><G5/><T77/><D77/><U87/><E87/><V30/><F68/><W66/><G66/><T94/><D67/><U134/><E134/><V130/><F130/><W8/><G8/><T21/><D91/><U40/><E40/><V18/><F2/><W12/><G12/><T62/><D94/><AGARI ba="2,0" hai="37,41,46,93,94" m="44255,63895,51274" machi="94" ten="30,3900,0" yaku="20,1,52,2" doraHai="90" who="3" fromWho="0" sc="132,-45,525,0,210,0,133,45" /><INIT seed="2,0,0,5,5,122" ten="87,525,210,178" oya="2" hai0="36,23,25,117,112,9,115,6,129,69,101,28,41" hai1="55,49,37,84,12,114,46,127,94,10,132,100,90" hai2="105,68,99,52,118,88,96,107,82,62,124,113,130" hai3="67,103,32,93,61,79,20,38,54,65,133,92,85"/><V18/><F118/><W42/><G32/><T135/><D69/><U109/><E109/><V17/><F113/><W48/><G133/><T15/><D101/><U58/><E132/><V30/><F130/><W71/><G67/><T40/><D36/><U29/><E29/><V35/><F124/><W1/><G1/><T7/><D135/><U89/><E127/><V39/><F39/><W110/><G110/><T8/><D129/><U121/><E121/><V59/><F68/><W116/><G116/><T53/><D117/><U70/><E70/><V111/><F111/><W51/><G51/><T56/><D115/><U47/><E37/><V104/><F30/><W87/><G20/><T0/><REACH who="0" step="1"/><D112/><REACH who="0" ten="77,525,210,178" step="2"/><U98/><E114/><V97/><REACH who="2" step="1"/><F35/><REACH who="2" ten="77,525,200,178" step="2"/><W4/><G71/><T66/><D66/><U73/><E73/><V123/><F123/><W34/><G65/><T134/><D134/><U86/><E47/><V125/><F125/><W33/><G33/><T74/><D74/><U91/><E46/><V120/><F120/><W21/><G34/><T50/><D50/><U45/><E45/><V2/><F2/><W128/><G48/><T78/><D78/><U3/><BYE who="0" /><E3/><V76/><F76/><W83/><G79/><T119/><D119/><U5/><AGARI ba="0,2" hai="5,10,12,49,55,58,84,86,89,90,91,94,98,100" machi="5" ten="30,2000,0" yaku="0,1,8,1" doraHai="122" who="1" fromWho="1" sc="77,-5,525,40,200,-10,178,-5" /><INIT seed="3,0,0,2,1,117" ten="72,565,190,173" oya="3" hai0="68,111,130,90,20,3,96,64,52,51,21,18,32" hai1="69,53,58,71,57,87,118,124,128,112,28,17,133" hai2="119,59,36,115,46,14,121,56,13,78,5,106,80" hai3="0,11,110,16,38,101,19,93,98,50,7,27,26"/><W100/><G38/><T99/><D99/><U44/><E112/><UN n0="%E5%A4%9C%E3%81%AE%E3%82%AC%E3%82%B9%E3%83%91%E3%83%BC%E3%83%AB" /><V135/><F106/><W92/><G110/><T1/><D1/><U41/><BYE who="0" /><E28/><UN n0="%E5%A4%9C%E3%81%AE%E3%82%AC%E3%82%B9%E3%83%91%E3%83%BC%E3%83%AB" /><V12/><F115/><W91/><G50/><T54/><D3/><U102/><E102/><V76/><F76/><W30/><G27/><T6/><D32/><U95/><E124/><V116/><F116/><W83/><G83/><T67/><D6/><U72/><E72/><V9/><F119/><W75/><G75/><T73/><D111/><U23/><E128/><V49/><F36/><W113/><G113/><T39/><D130/><U8/><E8/><V62/><F121/><W61/><G61/><T45/><D73/><U114/><E58/><N who="2" m="22059" /><F62/><W104/><G104/><T84/><D39/><U109/><E133/><V79/><F79/><W120/><G120/><T70/><D96/><U89/><E114/><V47/><F47/><W35/><REACH who="3" step="1"/><G101/><REACH who="3" ten="72,565,190,163" step="2"/><T127/><D127/><U77/><E109/><V24/><F135/><W129/><G129/><T55/><D68/><U65/><E69/><V4/><F24/><W63/><G63/><T97/><D70/><U88/><E71/><V107/><F107/><W48/><G48/><T2/><D2/><U37/><E37/><V123/><F123/><W94/><G94/><T85/><D67/><U82/><E95/><V60/><F60/><W132/><G132/><T66/><D66/><U131/><E65/><V81/><F81/><W33/><G33/><T29/><D64/><U105/><E131/><V134/><F134/><W25/><G25/><T34/><D34/><U86/><E82/><RYUUKYOKU ba="0,1" sc="72,-10,565,-10,190,-10,163,30" hai3="0,7,11,16,19,26,30,35,91,92,93,98,100" /><INIT seed="3,1,1,1,0,19" ten="62,555,180,193" oya="3" hai0="73,68,45,54,7,125,1,108,3,80,67,88,135" hai1="103,75,40,61,97,82,38,78,58,105,104,31,74" hai2="36,69,27,100,52,127,92,84,134,33,106,0,22" hai3="110,83,95,23,17,63,11,120,130,43,57,85,117"/><W60/><G120/><T46/><D108/><U16/><E31/><V30/><F36/><W116/><G130/><T20/><D125/><U39/><E75/><V90/><F0/><W111/><G11/><T2/><D135/><U10/><E105/><V118/><F118/><W53/><G95/><T51/><D7/><U133/><E40/><V18/><F127/><W113/><G113/><T87/><D73/><U123/><E133/><V107/><F69/><W6/><G6/><T86/><D67/><U101/><E101/><V34/><F34/><W41/><G63/><T29/><D68/><U47/><E47/><V35/><F35/><W50/><G116/><T91/><D46/><U121/><E39/><V8/><F8/><W32/><G32/><T49/><D49/><U126/><E38/><V93/><F52/><N who="3" m="33831" /><G117/><T81/><D1/><U72/><E72/><V15/><F134/><W131/><G131/><T44/><REACH who="0" step="1"/><D45/><REACH who="0" ten="52,555,180,193" step="2"/><U56/><E126/><V64/><F64/><W76/><G111/><T96/><D96/><U42/><E42/><V109/><F109/><W77/><G110/><T129/><D129/><U128/><E128/><V28/><F107/><W26/><G76/><T98/><D98/><U119/><E10/><V102/><F106/><W5/><G5/><T12/><D12/><U124/><E119/><V79/><F15/><W112/><G112/><T122/><D122/><U65/><E124/><V55/><F79/><W114/><G114/><T62/><D62/><U13/><E56/><AGARI ba="1,2" hai="17,23,26,41,43,50,53,56,77,83,85" m="33831" machi="56" ten="30,5800,0" yaku="8,1,52,1,54,1" doraHai="19" who="3" fromWho="1" sc="52,0,555,-61,180,0,193,81" /><INIT seed="3,2,0,2,3,121" ten="52,494,180,274" oya="3" hai0="66,64,27,68,129,50,41,118,40,7,56,21,26" hai1="81,130,124,65,19,14,133,47,120,73,90,103,127" hai2="48,17,77,104,18,71,84,122,91,88,113,97,78" hai3="32,95,0,80,114,36,12,101,83,82,79,115,58"/><W108/><G0/><T38/><D118/><U98/><E120/><V125/><F71/><W42/><G32/><T94/><D129/><U96/><E65/><V30/><F30/><W111/><G36/><T134/><D134/><U23/><E130/><V37/><F37/><W93/><G42/><T9/><D27/><U63/><E133/><V89/><F113/><N who="3" m="43019" /><G58/><T22/><D22/><U59/><E47/><V102/><F122/><W117/><G12/><T31/><D38/><U100/><E73/><V25/><F125/><N who="1" m="48201" /><E81/><N who="3" m="31338" /><G117/><T70/><D70/><U54/><E90/><V51/><F84/><N who="3" m="48255" /><G101/><AGARI ba="2,0" hai="14,19,23,54,59,63,96,98,100,101,103" m="48201" machi="101" ten="30,1000,0" yaku="18,1" doraHai="121" who="1" fromWho="3" sc="52,0,494,16,180,0,274,-16" owari="52,-44.8,510,61.0,180,-22.0,258,5.8" /></mjloggm>