<mjloggm ver="2.3"><GO type="225" lobby="0"/><UN n0="%E6%97%A5%E6%9B%9C%E6%97%A5%E3%82%88%E3%82%8A%E3%81%AE%E4%BD%BF%E8%80%85" n1="%E6%A1%9C%E8%8A%B1%E9%96%83%E3%80%85" n2="%E3%81%99%E3%81%84%E3%81%BE%E3%81%9B%E3%83%BC%E3%82%93" n3="%E3%81%82%E3%81%99%E3%81%AB%E3%82%83%E3%82%80" dan="17,16,18,16" rate="2150.96,2134.27,2194.74,2120.12" sx="M,M,M,F"/><TAIKYOKU oya="0"/><INIT seed="0,0,0,1,5,53" ten="250,250,250,250" oya="0" hai0="114,89,24,111,119,112,77,30,62,71,104,102,19" hai1="123,56,0,25,18,39,94,51,9,91,8,83,46" hai2="22,101,64,21,68,54,128,16,96,85,103,35,134" hai3="93,3,27,58,132,44,105,78,100,72,87,108,4"/><T29/><D119/><U15/><E123/><V86/><F35/><W52/><G108/><T49/><D77/><U33/><E39/><V47/><F128/><W41/><G132/><T99/><D111/><U106/><E106/><V48/><F134/><W110/><G110/><T121/><D121/><U76/><E33/><V2/><F2/><W59/><G105/><T120/><D120/><U31/><E0/><V63/><F22/><W125/><G72/><T70/><D49/><U7/><E31/><V23/><F21/><W81/><G3/><T118/><D118/><U13/><E25/><V113/><F113/><W88/><G41/><T12/><D89/><U36/><E36/><V32/><F32/><W117/><G117/><T115/><D62/><U116/><E116/><V40/><F40/><W57/><G125/><T130/><D130/><U92/><E56/><N who="3" m="21610" /><G44/><T10/><REACH who="0" step="1"/><D30/><REACH who="0" ten="240,250,250,250" step="2"/><U38/><E38/><V74/><F74/><W26/><G100/><T84/><D84/><N who="1" m="50591" /><E76/><V80/><F103/><W1/><G1/><T95/><D95/><U90/><E90/><V34/><F80/><W82/><G82/><T28/><D28/><U97/><E97/><V133/><F133/><W42/><G42/><AGARI ba="0,1" hai="7,8,9,13,15,18,42,46,51,92,94" m="50591" machi="42" ten="30,1000,0" yaku="8,1" doraHai="53" who="1" fromWho="3" sc="240,0,250,20,250,0,250,-10" /><INIT seed="1,0,0,5,2,21" ten="240,270,250,240" oya="1" hai0="46,27,134,19,55,122,43,87,108,107,50,124,39" hai1="28,22,131,54,67,117,58,59,56,104,2,61,51" hai2="26,88,118,91,49,79,13,5,44,32,10,57,83" hai3="69,47,97,100,93,62,120,30,102,90,15,89,6"/><U20/><E117/><V48/><F118/><W112/><G112/><T73/><D73/><U45/><E131/><V16/><F57/><W99/><G120/><T81/><D122/><U24/><E2/><V115/><F115/><W77/><G77/><T52/><D107/><U82/><E104/><V119/><F119/><W14/><G30/><T106/><D106/><U29/><E82/><V95/><F95/><W1/><G1/><T36/><D108/><U75/><E75/><V110/><F110/><W125/><G125/><T68/><D68/><U70/><E70/><V128/><F128/><W103/><G47/><T35/><D124/><U132/><E132/><V42/><F49/><W85/><G6/><T7/><D7/><U98/><E98/><V133/><F133/><W41/><G41/><T96/><D96/><U84/><E84/><N who="2" m="48255" /><F32/><W8/><G8/><T123/><D123/><U92/><E92/><V109/><F109/><W60/><G99/><T31/><D134/><U37/><E37/><V25/><F5/><W40/><G40/><T116/><D116/><U18/><E29/><V71/><F71/><W135/><G135/><T9/><D39/><U11/><E11/><V3/><F3/><W38/><G38/><T94/><D94/><U126/><E126/><V121/><F121/><W65/><REACH who="3" step="1"/><G62/><REACH who="3" ten="240,270,250,230" step="2"/><T33/><D36/><U113/><E113/><V12/><F42/><W105/><G105/><T127/><D127/><U86/><E86/><V34/><F44/><W111/><G111/><T78/><D35/><U130/><E130/><V4/><F34/><W101/><G101/><RYUUKYOKU ba="0,1" sc="240,10,270,10,250,-30,230,10" hai0="9,19,27,31,33,43,46,50,52,55,78,81,87" hai1="18,20,22,24,28,45,51,54,56,58,59,61,67" hai3="14,15,60,65,69,85,89,90,93,97,100,102,103" /><INIT seed="1,1,1,1,1,117" ten="250,280,220,240" oya="1" hai0="52,109,37,44,53,89,18,72,45,79,129,60,46" hai1="57,41,28,27,12,22,3,123,7,119,80,131,6" hai2="2,98,116,128,93,107,134,9,125,30,132,34,54" hai3="100,13,35,32,115,121,101,5,124,36,16,11,133"/><U51/><E119/><V76/><F116/><W102/><G115/><T103/><D37/><U73/><E3/><V61/><F107/><W29/><G36/><T118/><D118/><U127/><E127/><V82/><F125/><W63/><G124/><T122/><D103/><U74/><E131/><V106/><F106/><W108/><G108/><T81/><D129/><U66/><E123/><V105/><F105/><W104/><G104/><T85/><D109/><U78/><E73/><V58/><F128/><W111/><G111/><T69/><D18/><U31/><E31/><V17/><F30/><W92/><G121/><T47/><N who="0" m="11264" /><DORA hai="84" /><T33/><D33/><U120/><E120/><V130/><F34/><W91/><G133/><T75/><D122/><U112/><E112/><V70/><F70/><W83/><G83/><T99/><D99/><U8/><E41/><V20/><F130/><W55/><G29/><T43/><D43/><U24/><E24/><N who="2" m="14351" /><F9/><W64/><G55/><T110/><D110/><U62/><REACH who="1" step="1"/><E51/><REACH who="1" ten="250,270,220,240" step="2"/><V39/><F2/><W15/><G35/><T49/><D49/><U21/><E21/><V90/><F39/><W14/><G32/><T0/><D0/><U94/><E94/><V4/><F4/><AGARI ba="1,2" hai="4,6,7,8,12,22,27,28,57,62,66,74,78,80" machi="4" ten="30,2900,0" yaku="1,1,7,1,53,0" doraHai="117,84" doraHaiUra="50,65" who="1" fromWho="2" sc="250,0,270,52,220,-32,240,0" /><INIT seed="1,2,0,5,3,119" ten="250,322,188,240" oya="1" hai0="76,22,2,27,48,39,71,37,30,83,96,102,84" hai1="51,110,67,46,105,28,92,129,122,12,63,1,31" hai2="55,93,13,66,121,111,114,123,95,88,70,23,94" hai3="130,60,45,131,91,97,6,106,8,21,17,5,19"/><U127/><E105/><V107/><F107/><W7/><G45/><T109/><D71/><U108/><E1/><V35/><F35/><W75/><G75/><T41/><D2/><U117/><E117/><V34/><F34/><W36/><G36/><T124/><D109/><N who="1" m="42091" /><E129/><N who="3" m="49162" /><G60/><T9/><D9/><U74/><E127/><V10/><F111/><W47/><G47/><T85/><D85/><U90/><E12/><V11/><F114/><W53/><G53/><T80/><D80/><U82/><E122/><V52/><F88/><W25/><G91/><T73/><D73/><U57/><E74/><V103/><F103/><N who="3" m="62831" /><G19/><T38/><D124/><U68/><E57/><V118/><F118/><W33/><G33/><T3/><D3/><AGARI ba="2,0" hai="3,5,6,7,8,17,21,25" m="62831,49162" machi="3" ten="30,1000,0" yaku="19,1" doraHai="119" who="3" fromWho="0" sc="250,-16,322,0,188,0,240,16" /><INIT seed="2,0,0,0,3,113" ten="234,322,188,256" oya="2" hai0="65,64,7,120,104,131,117,9,15,52,17,88,108" hai1="38,41,26,87,97,68,20,60,76,19,29,33,71" hai2="127,101,14,82,2,42,135,25,11,6,50,83,122" hai3="130,123,23,114,57,84,132,72,16,110,49,105,0"/><V129/><F122/><W109/><G114/><T30/><D104/><U24/><E97/><V121/><F121/><W36/><G36/><T116/><D120/><U18/><E18/><V69/><F69/><W13/><G72/><T85/><D108/><U63/><E63/><V32/><F127/><W46/><G105/><T115/><D115/><U126/><E126/><V5/><F135/><W47/><G123/><T93/><D131/><U112/><E112/><V74/><F129/><W53/><G0/><T40/><D40/><U28/><E60/><V22/><F101/><W12/><G132/><T62/><D30/><U51/><E38/><V45/><F74/><W92/><G12/><T103/><D103/><U43/><E19/><N who="2" m="10615" /><F6/><W61/><G130/><T98/><D98/><U91/><E76/><V4/><F4/><W48/><G48/><T44/><D7/><U75/><E75/><V134/><F134/><W106/><G106/><T77/><D77/><U89/><E89/><V99/><F99/><W128/><G128/><T95/><D95/><U54/><E71/><V27/><F27/><W80/><G92/><T102/><D102/><U111/><E68/><V100/><F100/><W39/><G39/><T73/><D73/><U119/><E111/><N who="3" m="42506" /><G61/><T8/><D8/><U125/><E125/><V56/><F56/><W79/><AGARI ba="0,0" hai="13,16,23,46,47,49,53,57,79,80,84" m="42506" machi="79" ten="30,2000,0" yaku="14,1,54,1" doraHai="113" who="3" fromWho="3" sc="234,-5,322,-5,188,-10,256,20" /><INIT seed="3,0,0,5,2,47" ten="229,317,178,276" oya="3" hai0="91,23,97,134,35,133,129,66,18,37,72,38,19" hai1="52,101,125,78,131,6,34,106,63,60,51,116,57" hai2="68,13,86,4,32,21,33,27,118,87,76,46,135" hai3="55,61,48,98,126,77,100,9,111,43,29,109,42"/><W11/><G126/><T1/><D35/><U88/><E125/><V89/><F118/><W128/><G128/><T95/><D1/><U30/><E131/><V10/><F68/><W120/><G120/><T53/><D72/><U69/><E78/><V67/><F135/><W123/><G123/><T94/><D129/><U39/><E39/><V103/><F67/><W58/><G29/><T96/><D66/><U71/><E6/><V124/><F124/><W20/><G20/><T79/><D79/><U85/><E116/><V114/><F114/><W17/><G77/><T80/><D80/><U5/><E5/><V74/><F103/><W70/><G70/><T45/><D37/><U41/><E63/><V65/><F65/><W22/><G61/><T90/><D38/><U132/><E101/><V16/><F74/><W113/><G113/><T31/><D31/><U44/><E106/><V112/><F112/><W117/><G117/><T110/><D110/><N who="3" m="41993" /><G9/><T3/><D3/><U92/><REACH who="1" step="1"/><E132/><REACH who="1" ten="229,307,178,276" step="2"/><V122/><F122/><W121/><G121/><T2/><D134/><U24/><AGARI ba="0,1" hai="24,30,34,41,44,51,52,57,60,69,71,85,88,92" machi="24" ten="30,12000,2" yaku="1,1,2,1,0,1,52,1,54,2,53,0" doraHai="47" doraHaiUra="102" who="1" fromWho="1" sc="229,-30,307,130,178,-30,276,-60" owari="199,-20.1,437,53.7,148,-35.2,216,1.6" /></mjloggm>