<mjloggm ver="2.3"><GO type="225" lobby="0"/><UN n0="%61%6D%65%6B%69" n1="%E3%82%A2%E3%83%A1%E3%82%A2%E3%83%A9%E3%83%AC" n2="%73%73%6B%5F%66%72%65%65" n3="%E8%83%83%E3%81%A8%E8%85%B8" dan="16,16,17,16" rate="2078.76,2144.17,2175.16,2139.63" sx="M,M,M,M"/><TAIKYOKU oya="0"/><INIT seed="0,0,0,2,0,61" ten="250,250,250,250" oya="0" hai0="98,43,88,1,85,52,39,34,70,66,94,87,33" hai1="65,89,122,102,18,133,25,95,56,62,107,96,53" hai2="76,69,77,132,73,49,46,50,10,130,127,20,91" hai3="120,29,104,119,57,115,80,38,40,16,129,103,67"/><T48/><D1/><U15/><E133/><V71/><F132/><W30/><G115/><T4/><D4/><U51/><E122/><V13/><F130/><W7/><G119/><T22/><D22/><U12/><E25/><V110/><F110/><W60/><G120/><T100/><D43/><U128/><E128/><V124/><F20/><W75/><G129/><T135/><D39/><U116/><E116/><V123/><F123/><W117/><G7/><T23/><D23/><U126/><E126/><N who="2" m="48171" /><F91/><W35/><G117/><T109/><D135/><U11/><E12/><V82/><F77/><W90/><G35/><T131/><D131/><U121/><E121/><V6/><F50/><W44/><G16/><T36/><D36/><U27/><E27/><V92/><F92/><W125/><G125/><T32/><D109/><U5/><E5/><V64/><F64/><W108/><G108/><T111/><D111/><U79/><E79/><V106/><F106/><W14/><G14/><T45/><REACH who="0" step="1"/><D100/><REACH who="0" ten="240,250,250,250" step="2"/><U113/><E113/><V78/><F78/><W21/><G21/><T26/><D26/><U81/><E102/><V99/><F6/><W47/><G103/><T101/><D101/><U42/><E107/><V86/><F13/><W41/><G104/><T114/><D114/><U58/><E42/><V8/><F76/><W37/><REACH who="3" step="1"/><G75/><REACH who="3" ten="240,250,250,240" step="2"/><T19/><D19/><U63/><E18/><V2/><F73/><W17/><G17/><T112/><D112/><U28/><E15/><V74/><F74/><W118/><G118/><T31/><D31/><U68/><E28/><V105/><F105/><RYUUKYOKU ba="0,2" sc="240,15,250,-15,250,-15,240,15" hai0="32,33,34,45,48,52,66,70,85,87,88,94,98" hai3="29,30,37,38,40,41,44,47,57,60,67,80,90" /><INIT seed="0,1,2,5,2,53" ten="255,235,235,255" oya="0" hai0="92,98,41,67,17,30,82,77,44,76,133,12,8" hai1="1,91,62,39,88,108,85,112,89,72,28,99,25" hai2="66,69,134,37,19,60,118,103,80,40,93,38,29" hai3="5,22,107,27,18,81,55,94,52,105,13,95,106"/><T56/><D133/><U86/><E108/><V16/><F134/><W48/><G81/><T32/><D32/><U123/><E123/><V57/><F118/><W14/><G55/><T68/><D68/><U79/><E1/><V113/><F113/><W78/><G78/><T132/><D132/><U96/><E39/><V4/><F4/><W104/><N who="3" m="26624" /><DORA hai="127" /><W115/><G115/><T120/><D30/><U6/><E6/><V114/><F114/><W124/><G124/><T73/><D77/><U26/><E112/><V130/><F130/><W21/><G5/><T64/><D56/><U20/><E72/><V87/><F69/><W111/><G111/><T70/><D70/><U36/><E36/><V2/><F2/><W90/><G90/><T84/><D73/><U9/><E9/><V47/><F38/><W129/><G129/><T102/><REACH who="0" step="1"/><D120/><REACH who="0" ten="245,235,235,255" step="2"/><U43/><E79/><V101/><F29/><W61/><G61/><T125/><D125/><U126/><E62/><V3/><F57/><W83/><G83/><T71/><D71/><U117/><E28/><V59/><F59/><W75/><G75/><T7/><D7/><U131/><E126/><V128/><F60/><W50/><G50/><AGARI ba="1,3" hai="8,12,17,41,44,50,64,67,76,82,84,92,98,102" machi="50" ten="30,12000,1" yaku="1,1,7,1,8,1,53,2" doraHai="53,127" doraHaiUra="74,10" who="0" fromWho="3" sc="245,153,235,0,235,0,255,-123" /><INIT seed="0,2,0,1,0,83" ten="398,235,235,132" oya="0" hai0="11,76,132,55,67,24,42,88,100,27,98,121,47" hai1="23,71,99,5,91,94,122,46,36,1,17,123,102" hai2="86,106,9,78,25,128,44,57,109,70,22,130,29" hai3="0,125,2,21,20,110,32,49,82,81,131,129,48"/><T80/><D132/><U97/><E71/><V30/><F109/><W133/><G110/><T41/><D121/><U95/><E5/><V104/><F70/><W103/><G32/><T127/><D127/><U85/><E1/><V39/><F29/><W92/><G133/><T113/><D67/><U31/><E31/><V40/><F9/><W89/><G103/><T68/><D68/><U64/><E64/><V3/><F3/><W107/><G107/><T51/><D11/><U101/><E36/><V118/><F118/><W54/><G92/><N who="0" m="56583" /><D100/><U63/><E63/><V10/><F10/><W72/><G89/><T75/><D75/><U126/><E46/><V12/><F57/><W18/><G72/><T69/><D69/><U73/><E73/><V66/><F66/><W84/><G125/><T96/><D96/><U15/><REACH who="1" step="1"/><E126/><REACH who="1" ten="398,225,235,132" step="2"/><V112/><F44/><W45/><G45/><T7/><D7/><U38/><E38/><V60/><F39/><W61/><G61/><T14/><D47/><U43/><E43/><V74/><F40/><W120/><G120/><T124/><D42/><U79/><E79/><V134/><F60/><W53/><REACH who="3" step="1"/><G18/><REACH who="3" ten="398,225,235,122" step="2"/><T6/><D41/><U116/><E116/><V108/><F108/><W13/><G13/><T62/><D62/><U28/><E28/><V87/><F30/><W65/><G65/><T37/><D37/><U58/><E58/><V111/><F12/><W35/><G35/><T19/><D14/><U90/><E90/><V50/><F111/><W4/><G4/><T16/><D6/><U59/><E59/><V52/><F134/><RYUUKYOKU ba="2,2" sc="398,-15,225,15,235,-15,122,15" hai1="15,17,23,85,91,94,95,97,99,101,102,122,123" hai3="0,2,20,21,48,49,53,54,81,82,84,129,131" /><INIT seed="1,3,2,0,0,124" ten="383,240,220,137" oya="1" hai0="117,76,64,96,47,73,122,15,29,4,116,1,20" hai1="94,62,56,23,97,38,133,36,121,120,112,78,18" hai2="66,129,130,106,85,82,3,93,125,2,102,105,115" hai3="22,101,75,132,99,110,114,43,69,35,104,92,84"/><U74/><E112/><V13/><F125/><W71/><G35/><T48/><D122/><U107/><E107/><N who="2" m="40971" /><F66/><W40/><G114/><T50/><D50/><U34/><E34/><V42/><F42/><W65/><G110/><T9/><D64/><U118/><E118/><V79/><F13/><W5/><G132/><T8/><D96/><U80/><E133/><V134/><F134/><W87/><G75/><T135/><D135/><U68/><E68/><V88/><F2/><W86/><G5/><T127/><D127/><U28/><E120/><V60/><F60/><W14/><G104/><T81/><D20/><U63/><E63/><V70/><F3/><W126/><G126/><T123/><D29/><U39/><E28/><V91/><F70/><W54/><G69/><T19/><D123/><U90/><E121/><V26/><F26/><W51/><G65/><T30/><D30/><U44/><E44/><V98/><F115/><W111/><G71/><T53/><AGARI ba="3,2" hai="1,4,8,9,15,19,47,48,53,73,76,81,116,117" machi="53" ten="20,1500,0" yaku="0,1,7,1" doraHai="124" who="0" fromWho="0" sc="383,44,240,-10,220,-7,137,-7" /><INIT seed="2,0,0,0,1,19" ten="427,230,213,130" oya="2" hai0="101,131,53,27,77,44,63,62,22,17,115,35,85" hai1="95,100,99,7,4,125,104,38,66,10,93,108,76" hai2="41,103,60,126,90,26,98,94,48,124,51,114,55" hai3="45,92,82,8,69,80,25,11,21,42,102,65,117"/><V16/><F114/><W47/><G117/><T106/><D35/><U3/><E108/><V70/><F41/><W23/><G65/><T123/><D115/><U79/><E125/><N who="2" m="48235" /><F103/><W110/><G69/><T9/><D123/><U86/><E38/><V20/><F70/><W24/><G110/><T128/><D106/><U49/><E66/><V109/><F109/><W71/><G71/><T112/><D101/><U18/><E4/><V6/><F6/><W67/><G67/><T29/><D112/><U46/><E18/><V75/><F75/><W30/><G102/><T122/><D122/><U50/><E50/><V132/><F132/><W40/><G92/><T36/><D77/><U73/><E73/><V78/><F78/><W57/><G57/><AGARI ba="0,0" hai="16,20,26,48,51,55,57,60,90,94,98" m="48235" machi="57" ten="30,11600,0" yaku="25,1,18,1,52,1,54,1" doraHai="19" who="2" fromWho="3" sc="427,0,230,0,213,116,130,-116" /><INIT seed="2,1,0,4,3,17" ten="427,230,329,14" oya="2" hai0="133,31,111,58,134,28,1,45,23,77,30,59,125" hai1="50,84,89,101,33,81,83,40,128,22,47,24,80" hai2="25,87,120,37,93,126,70,10,19,73,21,44,103" hai3="5,107,130,74,2,18,114,94,96,108,112,62,110"/><V49/><F120/><W67/><G74/><T16/><D1/><U121/><E128/><V98/><F73/><W15/><G107/><T55/><D111/><N who="3" m="42537" /><G94/><T7/><D7/><U8/><E33/><V64/><F126/><W99/><G99/><T0/><D0/><U132/><E132/><N who="0" m="50793" /><D77/><U105/><E121/><V131/><F131/><W124/><G96/><T61/><D125/><U65/><E65/><V12/><F37/><W76/><G76/><T54/><D45/><U106/><E8/><V56/><F87/><W127/><G130/><T85/><D85/><U122/><E122/><V92/><F70/><N who="3" m="42359" /><G127/><T51/><D31/><U42/><E106/><V60/><F98/><W68/><G68/><T46/><D46/><U118/><E101/><V102/><F103/><W32/><G32/><T113/><D113/><N who="3" m="43625" /><G124/><T71/><D71/><U129/><E105/><V26/><F102/><W27/><G27/><AGARI ba="1,0" hai="16,23,27,28,30,51,54,55,58,59,61" m="50793" machi="27" ten="30,3900,0" yaku="20,1,52,1,54,1" doraHai="17" who="0" fromWho="3" sc="427,42,230,0,329,0,14,-42" owari="469,56.9,230,-17.0,329,12.9,-28,-52.8" /></mjloggm>