<mjloggm ver="2.3"><GO type="225" lobby="0"/><UN n0="%E3%81%BF%E3%82%84%E3%81%93%E3%82%93%EF%BC%91%EF%BC%90%E6%AD%B3" n1="%E3%81%86%E3%82%8B%E3%81%8A%E3%81%A1%E3%82%83" n2="%E3%81%86%E3%83%BC%E3%81%B1%E3%83%BC" n3="%E5%B0%8F%E9%B3%A5%E9%81%8A%E7%B7%B4%E7%84%A1%32%31%E6%AD%B3" dan="16,16,17,16" rate="2076.04,2085.53,2220.56,2156.87" sx="M,F,F,F"/><TAIKYOKU oya="0"/><INIT seed="0,0,0,5,4,131" ten="250,250,250,250" oya="0" hai0="111,125,103,92,77,88,76,86,114,106,75,3,15" hai1="67,108,120,113,100,48,107,82,83,90,11,98,80" hai2="121,50,45,71,56,40,43,10,69,41,8,26,72" hai3="57,105,24,53,25,97,79,116,66,130,123,20,30"/><T0/><D114/><U9/><E120/><V117/><F72/><W68/><G116/><T126/><D15/><U47/><E108/><V91/><F121/><W2/><G130/><T36/><D36/><U81/><E113/><V14/><F117/><W95/><G2/><T52/><D111/><U87/><REACH who="1" step="1"/><E67/><REACH who="1" ten="250,240,250,250" step="2"/><V93/><F69/><W122/><G66/><T99/><D52/><AGARI ba="0,1" hai="9,11,47,48,52,80,81,82,83,87,90,98,100,107" machi="52" ten="40,8000,1" yaku="1,1,2,1,54,1,53,2" doraHai="131" doraHaiUra="6" who="1" fromWho="0" sc="250,-80,240,90,250,0,250,0" /><INIT seed="1,0,0,1,2,23" ten="170,330,250,250" oya="1" hai0="19,46,15,104,84,12,9,128,43,39,120,134,40" hai1="89,133,69,59,31,65,50,35,79,95,101,54,25" hai2="77,105,127,129,116,41,13,91,21,57,88,102,11" hai3="49,22,118,60,121,8,72,130,51,4,33,86,75"/><U115/><E115/><V45/><F116/><W112/><G33/><T99/><D128/><U38/><E133/><V47/><F129/><W5/><G112/><T61/><D134/><U100/><E38/><V83/><F127/><W80/><G60/><T36/><D120/><U76/><E69/><V32/><F32/><W18/><G121/><T114/><D114/><U6/><E6/><V82/><F105/><W87/><G130/><T56/><D84/><U111/><E65/><V97/><F102/><W26/><G118/><T94/><D15/><U125/><E125/><V48/><F45/><W27/><G18/><T90/><D104/><U122/><E122/><V64/><F21/><W29/><G22/><T92/><D92/><U113/><E111/><V106/><F106/><W1/><G8/><T131/><D131/><U53/><E113/><V135/><F135/><W81/><REACH who="3" step="1"/><G1/><REACH who="3" ten="170,330,250,240" step="2"/><T110/><D110/><U71/><E71/><V93/><F91/><W98/><G98/><T3/><D3/><U16/><E16/><N who="2" m="8255" /><F77/><W70/><G70/><T108/><D108/><U30/><E30/><AGARI ba="0,1" hai="4,5,26,27,29,30,49,51,72,75,80,81,86,87" machi="30" ten="25,8000,1" yaku="1,1,22,2,52,2,53,0" doraHai="23" doraHaiUra="66" who="3" fromWho="1" sc="170,0,330,-80,250,0,240,90" /><INIT seed="2,0,0,1,1,4" ten="170,250,250,330" oya="2" hai0="109,133,78,121,60,48,6,113,44,69,75,57,43" hai1="27,120,14,18,107,122,55,19,79,92,62,46,16" hai2="117,37,30,95,33,104,93,71,26,70,73,118,125" hai3="77,31,17,41,134,34,25,67,100,53,132,94,128"/><V96/><F125/><W131/><G41/><T29/><D113/><U86/><E107/><V111/><F111/><W90/><G77/><T24/><D121/><N who="1" m="46699" /><E27/><V106/><F73/><W47/><G67/><T52/><D109/><U13/><E79/><V3/><F95/><W108/><G100/><T82/><D133/><N who="3" m="51305" /><G17/><T42/><D6/><U129/><E129/><V50/><F50/><N who="3" m="28895" /><G108/><T38/><D69/><N who="2" m="26122" /><F93/><W123/><G123/><T85/><D75/><U59/><E46/><V7/><F37/><W8/><G8/><T2/><D2/><U0/><E0/><V115/><F115/><W135/><G135/><T64/><REACH who="0" step="1"/><D38/><REACH who="0" ten="160,250,250,330" step="2"/><U76/><E76/><V56/><F3/><W102/><G102/><T32/><AGARI ba="0,1" hai="24,29,32,42,43,44,48,52,57,60,64,78,82,85" machi="32" ten="20,8000,1" yaku="1,1,2,1,0,1,7,1,54,1,53,0" doraHai="4" doraHaiUra="5" who="0" fromWho="0" sc="160,90,250,-20,250,-40,330,-20" /><INIT seed="3,0,0,2,5,41" ten="250,230,210,310" oya="3" hai0="69,13,35,37,31,5,93,81,104,14,10,9,58" hai1="135,86,108,119,53,38,15,59,76,112,3,133,122" hai2="125,90,96,44,60,7,6,78,130,12,89,46,29" hai3="129,84,73,28,64,24,61,92,30,109,134,23,72"/><W26/><G129/><T113/><D104/><U50/><E3/><V107/><F130/><W49/><G49/><T36/><D69/><U67/><E122/><V124/><F78/><W116/><G116/><T8/><D113/><U79/><E112/><V54/><F29/><W27/><G134/><N who="1" m="51210" /><E119/><V85/><F107/><W11/><G11/><T91/><D81/><N who="1" m="47399" /><E79/><V48/><F60/><W47/><G109/><T32/><D10/><U66/><E108/><V2/><F2/><W102/><G26/><T4/><D58/><U95/><E38/><V40/><F96/><N who="3" m="59655" /><G84/><T21/><D35/><U82/><E82/><N who="2" m="49335" /><F12/><W110/><G110/><T75/><D32/><U33/><E33/><V17/><F17/><W126/><G126/><N who="2" m="48745" /><F90/><W57/><G73/><T70/><D75/><U105/><E105/><V0/><F0/><W131/><G72/><T56/><D70/><U98/><E15/><V123/><F123/><W117/><G131/><T77/><D77/><U42/><E42/><V45/><F40/><W80/><G80/><T83/><D83/><U111/><E111/><V94/><F94/><W106/><G106/><T74/><D74/><U55/><E55/><V68/><F68/><W71/><G71/><T16/><D31/><U120/><E120/><V62/><F62/><W127/><G117/><T39/><D93/><U88/><AGARI ba="0,0" hai="50,53,59,66,67,88,95,98" m="47399,51210" machi="88" ten="30,2000,0" yaku="20,1,54,1" doraHai="41" who="1" fromWho="1" sc="250,-5,230,20,210,-5,310,-10" owari="245,-15.5,250,5.0,205,-29.5,300,40.0" /></mjloggm>