<mjloggm ver="2.3"><GO type="225" lobby="0"/><UN n0="%E3%83%81%E3%83%AF%E3%83%AF%E9%9A%8A%E9%95%B7" n1="%E7%89%B9%E6%9D%B1%E3%81%AF%E4%B8%96%E7%95%8C%E3%82%92%E6%95%91%E3%81%86" n2="%E6%81%A5%E6%99%92%E3%81%97" n3="%63%68%78%62%64" dan="17,16,16,16" rate="2222.45,2171.54,2129.51,2122.10" sx="M,M,M,M"/><TAIKYOKU oya="0"/><INIT seed="0,0,0,1,5,48" ten="250,250,250,250" oya="0" hai0="14,106,128,107,113,127,26,47,69,28,135,27,56" hai1="120,54,81,65,13,83,92,132,97,24,110,0,11" hai2="63,64,80,23,94,44,75,72,76,17,100,73,88" hai3="12,30,21,93,91,50,71,18,58,25,74,22,20"/><T68/><D113/><U118/><E118/><V32/><F32/><W109/><G71/><T5/><D128/><U98/><E120/><V101/><F44/><W115/><G74/><T10/><D127/><U34/><E0/><V121/><F121/><W117/><G109/><T99/><D135/><U70/><E110/><V84/><F101/><W3/><G3/><T87/><D27/><U35/><E132/><V1/><F1/><W19/><G115/><T102/><D106/><U33/><E24/><V45/><F45/><W36/><G36/><T8/><D8/><U67/><E54/><V57/><REACH who="2" step="1"/><F100/><REACH who="2" ten="250,250,240,250" step="2"/><W51/><G117/><T46/><D46/><U129/><E33/><V86/><F86/><W62/><G62/><T38/><D87/><U9/><E35/><V133/><F133/><W89/><G58/><T55/><D47/><U123/><E34/><V95/><F95/><W79/><G79/><T6/><D38/><U125/><E92/><V31/><F31/><W119/><G119/><T112/><D112/><U131/><E123/><V111/><F111/><W85/><REACH who="3" step="1"/><G91/><REACH who="3" ten="250,250,240,240" step="2"/><T37/><D37/><U2/><E2/><V104/><F104/><W108/><G108/><T60/><D69/><U7/><E70/><V122/><F122/><W39/><G39/><T16/><D68/><U59/><E59/><V42/><F42/><W96/><G96/><T103/><D103/><U49/><E97/><V134/><F134/><W114/><G114/><T90/><D90/><U53/><E98/><V40/><F40/><W124/><G124/><T130/><D130/><N who="1" m="49675" /><E125/><V105/><F105/><RYUUKYOKU ba="0,2" sc="250,10,250,-30,240,10,240,10" hai0="5,6,10,14,16,26,28,55,56,60,99,102,107" hai2="17,23,57,63,64,72,73,75,76,80,84,88,94" hai3="12,18,19,20,21,22,25,30,50,51,85,89,93" /><INIT seed="0,1,2,0,1,134" ten="260,220,250,250" oya="0" hai0="68,82,7,112,57,23,53,105,94,24,2,90,115" hai1="96,1,128,59,135,4,124,42,58,64,10,6,9" hai2="70,95,49,41,108,69,12,62,86,132,118,88,25" hai3="127,83,45,67,21,51,114,120,79,34,129,104,13"/><T126/><D105/><U81/><E135/><V19/><F132/><W107/><G120/><T16/><D68/><U47/><E128/><V44/><F108/><W91/><G114/><T32/><D32/><U113/><E113/><V5/><F118/><W48/><G129/><T56/><D82/><U84/><E96/><V93/><F93/><W123/><G34/><T60/><D126/><U33/><E33/><V37/><F37/><W31/><G127/><T28/><D28/><U38/><E64/><V116/><F116/><W43/><G91/><T27/><D27/><U102/><E102/><V99/><F62/><W61/><G48/><T106/><D106/><U80/><E80/><V50/><F50/><W97/><G97/><N who="0" m="57559" /><D56/><U73/><E124/><V78/><F78/><W117/><G117/><T74/><D74/><U66/><E66/><V14/><F99/><W77/><G77/><T110/><D110/><U39/><E39/><V89/><F89/><W3/><G3/><T109/><D109/><U125/><E125/><V100/><F100/><W85/><G123/><T55/><D55/><U131/><E131/><V76/><F76/><W119/><G119/><T15/><D2/><U30/><E30/><V35/><F35/><W98/><G98/><T130/><D130/><U63/><E63/><V101/><F101/><W18/><REACH who="3" step="1"/><G31/><REACH who="3" ten="260,220,250,240" step="2"/><T46/><D46/><U36/><E36/><V87/><F87/><W17/><G17/><N who="0" m="12399" /><D7/><U65/><E73/><V29/><F5/><W22/><G22/><AGARI ba="1,3" hai="15,16,22,53,57,60,112,115" m="12399,57559" machi="22" ten="30,2900,0" yaku="25,1,54,1" doraHai="134" who="0" fromWho="3" sc="260,62,220,0,250,0,240,-32" /><INIT seed="0,2,0,3,4,65" ten="322,220,250,208" oya="0" hai0="37,29,10,109,122,41,1,113,54,14,36,100,39" hai1="32,23,61,43,85,20,116,128,95,19,79,77,101" hai2="53,13,46,135,105,94,3,82,58,73,49,35,51" hai3="76,114,24,103,132,133,9,67,18,7,70,71,123"/><T92/><D113/><U8/><E116/><V88/><F3/><W52/><G114/><T6/><D122/><U84/><E32/><V89/><F105/><W99/><G123/><T45/><D109/><U17/><E128/><V75/><F35/><W119/><G76/><T107/><D107/><U22/><E43/><V16/><F135/><N who="3" m="51787" /><G67/><T57/><D29/><U117/><E117/><V28/><F28/><W25/><G119/><T111/><D111/><U63/><E101/><V69/><F69/><N who="3" m="26123" /><G18/><N who="1" m="6666" /><E8/><V91/><F82/><W131/><G52/><T134/><D134/><U31/><E31/><V115/><F115/><W110/><G110/><T106/><D54/><U12/><E63/><V93/><F75/><W68/><N who="3" m="26131" /><W129/><DORA hai="47" /><G129/><T72/><D72/><U118/><E61/><V120/><F73/><W38/><G38/><T81/><D37/><U0/><E118/><V80/><F80/><W96/><G131/><T15/><D36/><U2/><E79/><V125/><F120/><W40/><G40/><T59/><D41/><U42/><E77/><V56/><F125/><W21/><G21/><T121/><D39/><U74/><E42/><N who="2" m="24791" /><F58/><W108/><G108/><T50/><D57/><U48/><E74/><V78/><F78/><W97/><G103/><T44/><D100/><U27/><E22/><AGARI ba="2,0" hai="13,16,22,51,53,56,88,89,91,93,94" m="24791" machi="22" ten="30,8000,1" yaku="8,1,52,2,54,2" doraHai="65,47" who="2" fromWho="1" sc="322,0,220,-86,250,86,208,0" /><INIT seed="1,0,0,3,2,16" ten="322,134,336,208" oya="1" hai0="111,123,2,72,45,101,47,88,96,0,119,41,49" hai1="134,25,55,85,106,91,35,27,54,115,107,53,40" hai2="128,11,31,39,4,129,113,78,48,44,22,94,58" hai3="126,68,37,87,74,133,6,26,84,38,21,65,109"/><U79/><E134/><V71/><F71/><W3/><G109/><T93/><D119/><U82/><E115/><V73/><F113/><W57/><G133/><T23/><D72/><U46/><E79/><V116/><F116/><W112/><G126/><T117/><D117/><U17/><E35/><V43/><F94/><W124/><G124/><T92/><D111/><U5/><E5/><V20/><F31/><W103/><G68/><T67/><D123/><U125/><E125/><V9/><F48/><W7/><G74/><T114/><D114/><U14/><E107/><V97/><F97/><W50/><G103/><T76/><D67/><U98/><E98/><V135/><F58/><W69/><G69/><T51/><D76/><U77/><E77/><V32/><F32/><W60/><G112/><T30/><D30/><U100/><E100/><V28/><F28/><W75/><G75/><T95/><D95/><U120/><E120/><V104/><F104/><W86/><G50/><T89/><D101/><U70/><E70/><V132/><F78/><W66/><G66/><T90/><D90/><U15/><E106/><V99/><F99/><W63/><G63/><T24/><D93/><U61/><E61/><V130/><F73/><W62/><G62/><T64/><D89/><U127/><E127/><V19/><F19/><N who="3" m="12607" /><G3/><T33/><D64/><U42/><E42/><V131/><N who="2" m="32768" /><DORA hai="10" /><V18/><F132/><W8/><G6/><T56/><D33/><U105/><E105/><V118/><F118/><W59/><G59/><T122/><D122/><U1/><E17/><V121/><F135/><RYUUKYOKU ba="0,0" sc="322,-10,134,-10,336,-10,208,30" hai3="7,8,37,38,57,60,65,84,86,87" /><INIT seed="2,1,0,4,0,19" ten="312,124,326,238" oya="2" hai0="94,1,32,15,89,51,102,124,119,16,7,100,33" hai1="108,58,99,13,90,18,11,21,126,84,117,75,5" hai2="61,36,43,77,115,105,121,66,14,104,134,81,103" hai3="42,56,69,109,23,122,10,98,70,125,35,65,97"/><V110/><F115/><W113/><G35/><T129/><D119/><U80/><E108/><V72/><F121/><W127/><G113/><T107/><D107/><U114/><E126/><N who="3" m="48138" /><G109/><T52/><D124/><U55/><E114/><V87/><F110/><W96/><G122/><T12/><D1/><U20/><E117/><V60/><F60/><N who="3" m="38023" /><G10/><N who="0" m="4191" /><D32/><U50/><E75/><V64/><F64/><W123/><G123/><T34/><D33/><U2/><REACH who="1" step="1"/><E99/><REACH who="1" ten="312,114,326,238" step="2"/><V30/><F72/><W67/><G96/><N who="0" m="57423" /><D129/><U39/><E39/><V135/><F36/><W130/><G97/><T106/><D106/><U93/><E93/><V116/><F105/><W112/><G98/><T28/><D34/><U53/><E53/><V46/><F116/><W76/><G130/><T73/><D73/><U131/><E131/><V59/><F104/><W79/><G112/><T27/><D52/><U17/><E17/><V4/><F103/><W44/><G67/><T101/><D101/><U118/><E118/><V8/><F66/><W71/><G42/><T128/><D102/><U85/><E85/><V54/><F43/><W120/><G120/><T86/><D100/><U3/><E3/><V26/><F87/><W29/><G44/><T82/><D128/><U31/><E31/><V62/><F46/><W95/><G95/><T47/><D86/><U6/><E6/><V9/><F4/><W41/><G41/><T40/><D40/><U83/><E83/><V68/><F81/><W49/><G29/><T22/><D82/><U24/><E24/><V0/><F30/><W25/><G25/><T78/><D27/><RYUUKYOKU ba="1,1" sc="312,-10,114,30,326,-10,238,-10" hai1="2,5,11,13,18,20,21,50,55,58,80,84,90" /><INIT seed="3,2,1,3,1,20" ten="302,144,316,228" oya="3" hai0="126,94,32,77,122,81,90,118,13,34,112,19,110" hai1="59,63,22,26,115,56,120,69,0,24,111,104,76" hai2="123,52,18,125,10,51,5,49,61,133,17,23,131" hai3="108,134,130,7,3,25,33,6,127,57,53,46,97"/><W87/><G130/><T100/><D118/><U8/><E120/><V93/><F131/><W12/><G134/><T92/><D122/><U89/><E115/><V45/><F125/><W42/><G127/><T114/><D126/><U29/><E104/><V21/><F133/><W128/><G128/><T44/><D110/><U14/><E111/><V65/><F123/><W124/><G124/><T31/><D100/><U106/><E0/><V88/><F51/><N who="3" m="27095" /><G3/><T74/><D44/><U35/><E106/><V85/><F5/><W117/><G33/><T48/><D48/><U119/><E119/><V62/><F10/><W1/><G1/><T4/><D4/><U36/><E36/><V109/><F109/><W58/><G117/><T121/><D121/><U16/><E76/><V75/><F75/><W72/><G72/><T103/><D34/><U66/><E89/><V99/><F99/><W71/><G71/><T86/><D103/><U39/><REACH who="1" step="1"/><E39/><REACH who="1" ten="302,134,316,228" step="2"/><V105/><F105/><W47/><G108/><T80/><D114/><U70/><E70/><V27/><F65/><W132/><G132/><T96/><D112/><U40/><E40/><V60/><F60/><W68/><G68/><T43/><D43/><U79/><E79/><V102/><F102/><W30/><G53/><T78/><D74/><U9/><E9/><V37/><F37/><W98/><G6/><AGARI ba="2,2" hai="6,8,14,16,22,24,26,29,35,56,59,63,66,69" machi="6" ten="30,8000,1" yaku="1,1,7,1,52,2,54,1,53,0" doraHai="20" doraHaiUra="116" who="1" fromWho="3" sc="302,0,134,106,316,0,228,-86" owari="302,10.2,240,-16.0,316,41.6,142,-35.8" /></mjloggm>