<mjloggm ver="2.3"><GO type="225" lobby="0"/><UN n0="%E3%81%99%E3%81%84%E3%81%BE%E3%81%9B%E3%83%BC%E3%82%93" n1="%72%69%6F%75%63%68%61%6E" n2="%E6%B4%BE%E9%81%A3%E3%81%AE%E3%82%B8%E3%83%A3%E3%83%83%E3%82%AF" n3="%E8%B6%85%E7%B4%9A%E9%B3%B3%E5%87%B0" dan="17,17,17,16" rate="2211.26,2221.20,2190.97,2125.61" sx="M,M,M,M"/><TAIKYOKU oya="0"/><INIT seed="0,0,0,4,3,76" ten="250,250,250,250" oya="0" hai0="20,9,97,71,59,81,91,100,40,32,132,16,73" hai1="83,112,51,37,67,29,93,102,88,54,122,118,87" hai2="129,95,65,111,110,96,80,98,101,115,18,25,52" hai3="26,38,43,117,135,22,23,68,70,126,89,103,86"/><T104/><D71/><U131/><E118/><V85/><F65/><W41/><G117/><T35/><D132/><U36/><E122/><V21/><F115/><W61/><G135/><T45/><D59/><U44/><E112/><V53/><F98/><W107/><G126/><T15/><D9/><U57/><E131/><V30/><F30/><W133/><G133/><T12/><D12/><U19/><E29/><V1/><F1/><W90/><G61/><T28/><D28/><U33/><E33/><V50/><F129/><W84/><G103/><T10/><D10/><U120/><E120/><V27/><F27/><W49/><G49/><T8/><D8/><U4/><E4/><V17/><F17/><W127/><G127/><T60/><D60/><N who="1" m="38287" /><E36/><V134/><F134/><W34/><G107/><T92/><D73/><U7/><E37/><V69/><F69/><W119/><G119/><T105/><D105/><U79/><E7/><V130/><F130/><W31/><G31/><T63/><D63/><U11/><E102/><V47/><REACH who="2" step="1"/><F53/><REACH who="2" ten="250,250,240,250" step="2"/><W2/><G2/><T62/><D104/><U74/><E19/><V58/><F58/><W55/><G55/><T82/><D62/><U0/><E0/><V116/><F116/><W56/><G56/><T94/><D35/><U46/><E46/><V3/><F3/><W125/><G125/><T114/><D32/><U99/><E99/><V121/><F121/><W72/><G34/><T77/><D114/><U6/><E6/><V13/><F13/><W128/><G128/><T39/><D77/><AGARI ba="0,1" hai="18,21,25,47,50,52,77,80,85,95,96,101,110,111" machi="77" ten="40,8000,1" yaku="1,1,52,1,54,1,53,1" doraHai="76" doraHaiUra="78" who="2" fromWho="0" sc="250,-80,250,0,240,90,250,0" /><INIT seed="1,0,0,2,5,100" ten="170,250,330,250" oya="1" hai0="12,21,64,55,96,127,116,69,94,130,33,59,129" hai1="72,99,85,28,77,3,80,91,117,25,54,133,113" hai2="95,1,34,110,84,17,92,73,23,123,120,4,125" hai3="122,16,132,32,124,105,47,15,45,18,60,11,56"/><U119/><E113/><V134/><F34/><W61/><G122/><T98/><D116/><U36/><E133/><V48/><F73/><W19/><G32/><T44/><D33/><U104/><E3/><V62/><F110/><W87/><G132/><T131/><D127/><U63/><E36/><V66/><F134/><W112/><G112/><T71/><D44/><U8/><E8/><V106/><F106/><W2/><G124/><T83/><D83/><U90/><E54/><V67/><F125/><W53/><G2/><T111/><D111/><U88/><E63/><V9/><F48/><W26/><G105/><T41/><D41/><U118/><E25/><V126/><F66/><W0/><G0/><T20/><D64/><U114/><E114/><V89/><F95/><W39/><G39/><T115/><D115/><U74/><E28/><V70/><F126/><W51/><G87/><T86/><D86/><U76/><REACH who="1" step="1"/><E77/><REACH who="1" ten="170,240,330,250" step="2"/><V38/><F38/><W128/><G26/><AGARI ba="0,1" hai="1,4,9,17,23,26,62,67,70,84,89,92,120,123" machi="26" ten="30,1000,0" yaku="7,1" doraHai="100" who="2" fromWho="3" sc="170,0,240,0,330,20,250,-10" /><INIT seed="2,0,0,1,0,64" ten="170,240,350,240" oya="2" hai0="76,66,10,89,57,17,78,23,41,106,118,25,75" hai1="14,28,125,98,97,37,35,22,36,91,132,123,130" hai2="128,4,52,60,59,56,114,5,85,112,3,74,129" hai3="92,69,83,93,108,11,51,127,95,49,71,15,31"/><V65/><F74/><W12/><G108/><T6/><D106/><U47/><E35/><V110/><F85/><W46/><G127/><T124/><D124/><U126/><E125/><V55/><F110/><W33/><G83/><T27/><D118/><U63/><E126/><V72/><F72/><W16/><G15/><T1/><D75/><U133/><E130/><N who="2" m="50283" /><F55/><W50/><REACH who="3" step="1"/><G46/><REACH who="3" ten="170,240,350,230" step="2"/><T120/><D120/><U32/><E47/><V34/><F3/><W48/><N who="3" m="12288" /><DORA hai="70" /><W9/><G9/><T13/><D41/><U29/><E123/><V38/><F112/><W90/><G90/><T99/><D1/><U104/><E91/><V109/><F114/><W24/><AGARI ba="0,1" hai="11,12,16,24,31,33,69,71,92,93,95" m="12288" machi="24" ten="50,8000,1" yaku="1,1,0,1,52,2,54,1,53,0" doraHai="64,70" doraHaiUra="19,96" who="3" fromWho="3" sc="170,-20,240,-20,350,-40,230,90" /><INIT seed="3,0,0,2,2,69" ten="150,220,310,320" oya="3" hai0="115,14,52,118,44,130,6,18,77,33,55,36,135" hai1="82,50,43,15,106,54,98,121,58,95,102,73,133" hai2="89,29,57,45,47,124,11,16,0,75,84,85,110" hai3="120,5,22,12,4,79,67,107,92,68,39,59,32"/><W131/><G120/><T51/><D118/><U100/><E121/><V27/><F75/><W114/><G107/><T49/><D33/><U9/><E133/><V116/><F116/><W40/><G114/><T128/><D135/><U83/><E73/><V93/><F110/><W123/><G123/><T74/><D6/><U99/><E43/><V21/><F124/><W38/><G32/><T2/><D2/><U81/><E82/><V64/><F0/><W91/><G131/><T28/><D28/><U65/><E65/><V17/><F84/><W127/><G127/><T134/><D134/><U94/><REACH who="1" step="1"/><E106/><REACH who="1" ten="150,210,310,320" step="2"/><V46/><F11/><W129/><G40/><N who="0" m="22535" /><D115/><U104/><E104/><V1/><F1/><W86/><G129/><N who="0" m="49771" /><D74/><U10/><E10/><V37/><F37/><W71/><G39/><T48/><D77/><U13/><E13/><V7/><F7/><AGARI ba="0,1" hai="7,9,15,50,54,58,81,83,94,95,98,99,100,102" machi="7" ten="30,7700,0" yaku="1,1,7,1,9,1,8,1,53,0" doraHai="69" doraHaiUra="63" who="1" fromWho="2" sc="150,0,210,87,310,-77,320,0" owari="150,-35.0,297,9.7,233,-16.7,320,42.0" /></mjloggm>