<mjloggm ver="2.3"><GO type="225" lobby="0"/><UN n0="%72%69%6F%75%63%68%61%6E" n1="%33%74%72%65%65" n2="%EF%BC%B3%E3%81%9E%E3%81%88%E2%98%86" n3="%E5%A4%9C%E3%81%AE%E3%82%AC%E3%82%B9%E3%83%91%E3%83%BC%E3%83%AB" dan="16,16,16,16" rate="2224.99,2134.38,2093.33,2146.06" sx="M,F,M,M"/><TAIKYOKU oya="0"/><INIT seed="0,0,0,1,3,49" ten="250,250,250,250" oya="0" hai0="75,14,3,2,55,79,130,119,45,36,31,18,78" hai1="83,59,54,51,46,7,97,121,63,34,128,52,134" hai2="80,135,82,44,28,102,11,125,69,100,124,47,16" hai3="129,21,53,87,131,115,64,20,116,58,4,101,42"/><T117/><D130/><N who="3" m="49673" /><G115/><T19/><D31/><U120/><E128/><V133/><F69/><W103/><G116/><N who="0" m="44619" /><D14/><U23/><E34/><V77/><F28/><W86/><G64/><T68/><D68/><U109/><E109/><V61/><F77/><N who="0" m="29194" /><D45/><N who="2" m="17482" /><F61/><N who="3" m="36047" /><G42/><T118/><N who="0" m="44627" /><T99/><DORA hai="132" /><D99/><U37/><E121/><V10/><F16/><N who="0" m="6186" /><D55/><U113/><E54/><V65/><F65/><W8/><G21/><T123/><D75/><U66/><E52/><V95/><F95/><W93/><G20/><T74/><D74/><U71/><E23/><V107/><F107/><W32/><G32/><T94/><D94/><U76/><E71/><V88/><F88/><N who="3" m="53399" /><G87/><T84/><D84/><U70/><E70/><V6/><F135/><W48/><G48/><T98/><D98/><U73/><E97/><V35/><F35/><W30/><G30/><T104/><D104/><U38/><E51/><V29/><F29/><W27/><G27/><T110/><D123/><U72/><E120/><V126/><F133/><W127/><G127/><T57/><D57/><U81/><E59/><V40/><F40/><W1/><AGARI ba="0,0" hai="1,4,8,101,103" m="53399,36047,49673" machi="1" ten="30,4000,0" yaku="19,1,52,1,54,1" doraHai="49,132" who="3" fromWho="3" sc="250,-20,250,-10,250,-10,250,40" /><INIT seed="1,0,0,3,5,117" ten="230,240,240,290" oya="1" hai0="88,96,105,23,99,127,30,53,97,113,69,64,76" hai1="16,86,134,85,36,71,101,18,103,4,72,126,41" hai2="87,32,7,78,39,26,45,28,29,19,17,94,135" hai3="98,21,114,125,83,82,55,31,10,22,77,8,49"/><U120/><E120/><V27/><F135/><W44/><G114/><T46/><D113/><U63/><E72/><V129/><F129/><W106/><G125/><T92/><D127/><U51/><E36/><V56/><F7/><W79/><G106/><T2/><D2/><U119/><E119/><V81/><F39/><W50/><G98/><T13/><D76/><U95/><E126/><V67/><F45/><W122/><G31/><T11/><D69/><U130/><E130/><V121/><F121/><W47/><REACH who="3" step="1"/><G55/><REACH who="3" ten="230,240,240,280" step="2"/><T6/><D105/><U109/><E134/><V43/><F43/><W102/><G102/><T90/><D30/><U59/><E103/><V33/><F94/><W73/><G73/><T65/><D92/><U52/><E95/><V128/><F128/><W58/><G58/><T68/><D68/><U91/><E71/><V80/><F81/><W108/><G108/><T34/><D34/><U132/><E132/><V133/><F133/><W110/><G110/><T57/><D46/><N who="1" m="26063" /><E109/><V48/><F48/><W93/><G93/><T61/><REACH who="0" step="1"/><D23/><REACH who="0" ten="220,240,240,280" step="2"/><U89/><E59/><V112/><F112/><W42/><G42/><T100/><D100/><U12/><E101/><V115/><F115/><W38/><G38/><T37/><D37/><U66/><E91/><AGARI ba="0,2" hai="6,11,13,53,57,61,64,65,88,90,91,96,97,99" machi="91" ten="40,5200,0" yaku="1,1,8,1,54,1,53,0" doraHai="117" doraHaiUra="25" who="0" fromWho="1" sc="220,72,240,-52,240,0,280,0" /><INIT seed="2,0,0,1,1,123" ten="292,188,240,280" oya="2" hai0="63,46,6,104,130,54,99,3,93,38,133,98,94" hai1="8,15,7,75,47,14,51,37,84,55,112,85,122" hai2="135,102,127,72,32,115,60,129,132,45,91,36,44" hai3="29,131,65,101,71,62,25,100,26,121,0,9,119"/><V88/><F115/><W1/><G121/><T35/><D35/><U53/><E112/><V41/><F72/><W64/><G119/><T27/><D104/><U5/><E122/><V109/><F32/><W61/><G131/><T12/><D3/><U81/><E37/><V50/><F129/><W68/><G9/><N who="0" m="4151" /><D38/><U39/><E39/><V2/><F2/><W78/><G78/><T33/><D133/><N who="2" m="51274" /><F127/><W89/><G89/><N who="0" m="55599" /><D33/><U21/><E75/><V120/><F120/><W77/><G77/><T11/><D130/><U69/><E69/><V128/><F128/><W48/><G48/><N who="0" m="28951" /><D27/><U117/><E117/><V17/><F102/><W66/><G66/><T18/><D63/><U86/><E81/><V114/><F114/><W67/><G67/><T58/><D58/><U20/><REACH who="1" step="1"/><E53/><REACH who="1" ten="292,178,240,280" step="2"/><N who="2" m="29895" /><F109/><W43/><G43/><T103/><D11/><AGARI ba="0,1" hai="5,7,8,11,14,15,20,21,47,51,55,84,85,86" machi="11" ten="40,5200,0" yaku="1,1,9,1,8,1,53,0" doraHai="123" doraHaiUra="96" who="1" fromWho="0" sc="292,-52,178,62,240,0,280,0" /><INIT seed="3,0,0,0,2,118" ten="240,240,240,280" oya="3" hai0="40,50,114,2,78,94,36,15,31,13,103,84,43" hai1="99,123,89,37,126,24,30,10,86,60,5,8,9" hai2="77,92,46,110,117,100,61,125,49,62,21,95,74" hai3="115,105,69,53,87,101,1,113,93,56,70,80,71"/><W45/><G1/><T119/><D119/><U127/><E123/><V107/><F117/><W41/><G105/><T14/><D2/><U55/><E37/><V12/><F110/><W98/><G56/><T39/><D114/><U79/><E79/><V38/><F38/><W128/><G53/><T42/><D31/><U3/><E99/><N who="2" m="59495" /><F107/><W33/><G33/><T7/><D7/><U102/><E102/><V134/><F74/><W83/><G128/><T132/><D132/><U65/><E55/><N who="2" m="30135" /><F134/><W23/><G23/><T28/><D28/><U63/><E5/><V129/><F125/><N who="1" m="47625" /><E3/><V32/><F32/><W20/><G20/><T120/><D120/><U57/><E60/><V130/><F77/><W133/><G133/><T135/><D135/><U108/><E108/><V44/><F44/><W90/><REACH who="3" step="1"/><G83/><REACH who="3" ten="240,240,240,270" step="2"/><N who="0" m="47223" /><D36/><AGARI ba="0,1" hai="36,41,45,69,70,71,80,87,90,93,98,101,113,115" machi="36" ten="40,3900,0" yaku="1,1,53,1" doraHai="118" doraHaiUra="96" who="3" fromWho="0" sc="240,-39,240,0,240,0,270,49" owari="201,-29.9,240,4.0,240,-16.0,319,41.9" /></mjloggm>