<mjloggm ver="2.3"><GO type="225" lobby="0"/><UN n0="%E6%98%93%E5%88%A9%E8%96%A9%E4%BC%AF" n1="%E7%BD%AA%E5%88%91%E6%B3%95%E5%AE%9A%E4%B8%BB%E7%BE%A9" n2="%E9%A2%A8%E3%81%A7%E9%B3%B4%E3%81%8F" n3="%E3%83%AD%E3%83%83%E3%83%86%E9%9B%80%E7%90%83" dan="16,16,16,17" rate="2157.07,2165.67,2127.38,2171.06" sx="F,M,M,M"/><TAIKYOKU oya="0"/><INIT seed="0,0,0,0,0,44" ten="250,250,250,250" oya="0" hai0="91,2,130,93,8,107,35,99,20,82,64,48,23" hai1="110,127,90,118,92,59,32,6,96,41,36,49,86" hai2="75,100,61,87,120,1,50,10,121,117,104,51,30" hai3="42,27,77,18,76,22,25,11,105,124,126,133,13"/><T71/><D35/><U113/><E118/><V103/><F75/><W116/><G105/><T68/><D130/><U43/><E32/><V38/><F38/><W0/><G116/><T15/><D107/><U3/><E110/><V125/><F117/><W12/><G42/><T46/><D2/><U4/><E127/><N who="3" m="48682" /><G0/><T40/><D82/><U47/><E113/><V73/><F73/><W67/><G67/><T97/><D97/><U33/><E33/><V78/><F125/><W98/><G98/><T24/><D64/><U60/><E3/><V84/><F1/><W26/><G133/><T132/><D132/><U69/><E69/><V39/><F39/><W66/><G66/><T55/><D40/><U58/><E58/><V45/><F104/><W28/><G28/><T70/><REACH who="0" step="1"/><D24/><REACH who="0" ten="240,250,250,250" step="2"/><U21/><E41/><V9/><F120/><W128/><G128/><T131/><D131/><U19/><E36/><V62/><F121/><W79/><G26/><T85/><D85/><U83/><E83/><V108/><F108/><W94/><G94/><T112/><D112/><U134/><E134/><V122/><F122/><W114/><G114/><T54/><D54/><N who="1" m="33911" /><E86/><V74/><F74/><W17/><AGARI ba="0,1" hai="11,12,13,17,18,22,25,27,76,77,79" m="48682" machi="17" ten="40,1500,0" yaku="18,1" doraHai="44" who="3" fromWho="3" sc="240,-7,250,-4,250,-4,250,25" /><INIT seed="1,0,0,3,3,93" ten="233,246,246,275" oya="1" hai0="48,131,88,29,21,100,2,47,50,35,72,128,78" hai1="13,132,126,63,135,23,28,74,106,30,82,15,81" hai2="18,6,10,107,69,120,75,33,92,61,116,57,127" hai3="119,1,130,105,77,122,44,42,64,55,34,134,46"/><U124/><E106/><V79/><F33/><W25/><G122/><T76/><D2/><U38/><E38/><V60/><F120/><W73/><G130/><N who="0" m="49707" /><D35/><U52/><E74/><V115/><F116/><W16/><G134/><N who="1" m="51242" /><E63/><V20/><F107/><W84/><G46/><T0/><D0/><U7/><E52/><V43/><F43/><W36/><G55/><T111/><D111/><U91/><E91/><V53/><F127/><N who="1" m="48681" /><E7/><V39/><F39/><W22/><G44/><T26/><D100/><U3/><E3/><V5/><F79/><N who="0" m="30250" /><D72/><U41/><E41/><V87/><F75/><W27/><G42/><T17/><D47/><U125/><N who="1" m="48689" /><U11/><DORA hai="71" /><E23/><V59/><F69/><W24/><G22/><N who="0" m="15575" /><D88/><U66/><E66/><V101/><F101/><W133/><G64/><T104/><D104/><U49/><E49/><V31/><F20/><W102/><G36/><T65/><D65/><U58/><E58/><V51/><F59/><W19/><G102/><T108/><D108/><U103/><E103/><V112/><F57/><W118/><G1/><T97/><D97/><U62/><E62/><V70/><F60/><W8/><G73/><T83/><D50/><U89/><E89/><V121/><F51/><W98/><G133/><T54/><D54/><U110/><E110/><V90/><F53/><W68/><G98/><T14/><D48/><U99/><E99/><V40/><F40/><W9/><G105/><T56/><D56/><U12/><E11/><N who="3" m="4170" /><G68/><T94/><D94/><U96/><E96/><V114/><F121/><W45/><G45/><T85/><D83/><AGARI ba="0,0" hai="12,13,15,28,30,81,82,83" m="48689,51242" machi="83" ten="50,12000,1" yaku="6,1,28,2,20,1,18,1" doraHai="93,71" who="1" fromWho="0" sc="233,-120,246,120,246,0,275,0" /><INIT seed="1,1,0,1,2,24" ten="113,366,246,275" oya="1" hai0="127,56,124,7,94,25,34,95,10,135,41,77,47" hai1="97,2,83,89,16,122,103,132,29,76,107,133,6" hai2="131,113,86,1,104,121,70,52,102,74,43,100,63" hai3="54,27,73,114,112,40,116,32,37,12,17,84,60"/><U105/><E122/><V13/><F74/><W125/><G73/><T30/><D77/><U20/><E89/><V3/><F121/><W79/><G125/><N who="0" m="48203" /><D56/><U31/><E107/><V78/><F131/><W36/><G116/><T115/><D135/><N who="1" m="51787" /><E6/><V91/><F78/><W45/><G37/><N who="0" m="21935" /><D115/><U4/><E4/><V110/><F43/><W85/><G79/><T134/><D134/><U58/><E58/><V69/><F13/><AGARI ba="1,0" hai="7,10,13,25,30,34,94,95" m="21935,48203" machi="13" ten="30,2000,0" yaku="18,1,52,1" doraHai="24" who="0" fromWho="2" sc="113,23,366,0,246,-23,275,0" /><INIT seed="2,0,0,4,3,70" ten="136,366,223,275" oya="2" hai0="103,90,13,61,60,35,57,48,22,123,65,129,117" hai1="92,96,12,74,0,38,124,7,76,120,126,98,102" hai2="44,93,20,6,131,130,118,75,84,31,115,3,97" hai3="32,88,51,108,86,69,36,18,113,33,27,14,19"/><V72/><F118/><W100/><G69/><T42/><D35/><U11/><E120/><V85/><F115/><W99/><G108/><T5/><D123/><U30/><E30/><V132/><F132/><W15/><G36/><T78/><D129/><N who="2" m="49162" /><F6/><W101/><G113/><T114/><D114/><U119/><E119/><V73/><F3/><W127/><G127/><N who="1" m="48682" /><E38/><V122/><F122/><W111/><G111/><T47/><D117/><U66/><E66/><V54/><F31/><W52/><G27/><T105/><D105/><U110/><E110/><V53/><F20/><N who="3" m="11351" /><G99/><T68/><D103/><U63/><E0/><V46/><F97/><W135/><G135/><T112/><D112/><U89/><E74/><V23/><F23/><N who="3" m="11775" /><G32/><T77/><D90/><U87/><E76/><V94/><F85/><W24/><G24/><T55/><REACH who="0" step="1"/><D22/><REACH who="0" ten="126,366,223,275" step="2"/><U29/><E102/><V107/><F107/><W80/><G33/><T45/><D45/><AGARI ba="0,1" hai="45,51,52,80,86,88,100,101" m="11775,11351" machi="45" ten="30,3900,0" yaku="8,1,54,2" doraHai="70" who="3" fromWho="0" sc="126,-39,366,0,223,0,275,49" /><INIT seed="3,0,0,4,2,67" ten="87,366,223,324" oya="3" hai0="20,105,108,24,94,72,48,117,41,62,92,21,124" hai1="4,0,18,22,46,79,57,50,119,6,90,103,19" hai2="101,71,43,122,88,128,98,75,73,2,28,12,7" hai3="14,82,32,132,77,109,68,97,1,61,99,58,3"/><W118/><G118/><T31/><D108/><U95/><E119/><V44/><F2/><W15/><G32/><T74/><D117/><U127/><E127/><V63/><F28/><W70/><G109/><T42/><D31/><U34/><E34/><V81/><F128/><W38/><G38/><T39/><D48/><U85/><E0/><N who="3" m="74" /><G58/><T87/><D87/><U107/><E79/><V47/><F47/><W5/><G61/><T111/><D62/><U16/><E57/><V86/><F122/><W121/><G77/><T10/><D111/><U78/><E78/><V83/><F83/><W96/><G82/><T100/><D105/><U17/><E103/><V134/><F134/><W40/><G40/><T33/><D33/><U13/><E107/><V123/><F123/><W93/><G93/><T104/><D104/><U110/><E110/><V27/><F27/><W115/><G121/><T65/><D24/><U114/><E114/><V89/><F89/><W66/><G66/><T131/><D65/><U37/><E37/><V51/><F12/><N who="3" m="4651" /><G115/><T60/><D60/><U129/><E129/><V36/><F36/><W80/><G80/><T29/><D39/><U9/><E9/><V125/><F125/><W11/><G132/><T52/><D131/><U76/><E76/><V135/><F135/><W106/><G106/><T26/><D124/><U55/><AGARI ba="0,0" hai="4,6,13,16,17,18,19,22,46,50,55,85,90,95" machi="55" ten="30,4000,0" yaku="0,1,8,1,54,1" doraHai="67" who="1" fromWho="1" sc="87,-10,366,40,223,-10,324,-20" owari="77,-42.3,406,50.6,213,-18.7,304,10.4" /></mjloggm>