<mjloggm ver="2.3"><GO type="225" lobby="0"/><UN n0="%E3%81%A8%E3%82%93%E3%81%A8%E3%81%93%E3%81%A8%E3%82%93" n1="%E5%8D%A0%E3%81%84%E5%B8%AB%E8%A3%8F%E3%81%AA%E3%81%84%E3%81%97" n2="%E9%A2%A8%E3%81%A7%E9%B3%B4%E3%81%8F" n3="%E3%81%86%E3%82%8C%E3%81%9F%E3%82%93%E6%9E%95" dan="16,16,16,16" rate="2116.82,2110.99,2147.45,2109.13" sx="F,M,M,F"/><TAIKYOKU oya="0"/><INIT seed="0,0,0,1,4,17" ten="250,250,250,250" oya="0" hai0="8,37,109,91,18,46,34,93,96,32,95,63,114" hai1="19,26,131,21,59,2,48,13,94,36,58,78,43" hai2="57,7,67,127,79,99,44,86,134,106,129,65,52" hai3="120,10,1,55,27,14,72,73,82,25,118,50,112"/><T130/><D114/><U4/><E36/><V12/><F127/><W51/><G112/><T3/><D130/><U100/><E131/><V11/><F129/><W105/><G118/><T128/><D128/><U88/><E78/><V90/><F134/><W117/><G117/><T76/><D76/><U85/><E2/><V101/><F44/><W30/><G1/><T71/><D109/><U87/><E100/><V31/><F31/><W5/><G105/><T15/><D3/><U0/><E0/><V124/><F79/><W20/><G120/><T80/><D80/><U126/><E87/><V81/><REACH who="2" step="1"/><F124/><REACH who="2" ten="250,250,240,250" step="2"/><W113/><G113/><T132/><D132/><U108/><E126/><V54/><F54/><W66/><G66/><T60/><D46/><N who="1" m="25695" /><E108/><V68/><F68/><W39/><G73/><T98/><D71/><U135/><E135/><V23/><F23/><W121/><G72/><T16/><D34/><U107/><E107/><V6/><F6/><W38/><G121/><T47/><D32/><U41/><E41/><V35/><F35/><W9/><G5/><N who="0" m="3471" /><D47/><U45/><E45/><V74/><F74/><W70/><G70/><T33/><D33/><U89/><E4/><V84/><F84/><W110/><G110/><T133/><D133/><U83/><E85/><V49/><AGARI ba="0,1" hai="7,11,12,49,52,57,65,67,81,86,90,99,101,106" machi="49" ten="20,5200,0" yaku="1,1,0,1,7,1,54,1,53,0" doraHai="17" doraHaiUra="122" who="2" fromWho="2" sc="250,-26,250,-13,240,62,250,-13" /><INIT seed="1,0,0,0,3,80" ten="224,237,302,237" oya="1" hai0="82,111,71,104,54,42,57,69,133,32,123,46,58" hai1="78,3,15,86,68,72,134,118,79,108,9,135,4" hai2="81,10,47,67,6,96,37,89,107,99,41,18,74" hai3="83,35,122,66,27,25,93,2,87,91,127,12,38"/><U98/><E72/><V77/><F67/><W34/><G122/><T110/><D104/><U14/><E118/><V21/><F89/><W112/><G112/><T49/><D32/><U119/><E119/><V65/><F65/><W20/><G2/><T76/><D123/><U59/><E68/><N who="0" m="26185" /><D82/><N who="1" m="47447" /><E79/><V97/><F107/><W102/><G38/><N who="0" m="21847" /><D76/><U53/><E98/><V8/><REACH who="2" step="1"/><F6/><REACH who="2" ten="224,237,292,237" step="2"/><W64/><G66/><T131/><D131/><U92/><E108/><N who="0" m="41513" /><D133/><N who="1" m="50699" /><E92/><V17/><F17/><W63/><G93/><T11/><D11/><U105/><E105/><V16/><F16/><W52/><G91/><T113/><D113/><U88/><E88/><V61/><F61/><AGARI ba="0,1" hai="3,4,9,14,15,53,59,61" m="50699,47447" machi="61" ten="30,2900,0" yaku="20,1,52,1" doraHai="80" who="1" fromWho="2" sc="224,0,237,39,292,-29,237,0" /><INIT seed="1,1,0,2,2,42" ten="224,276,263,237" oya="1" hai0="81,36,60,135,85,70,95,24,102,119,54,56,62" hai1="73,123,14,126,94,38,2,75,44,10,39,97,88" hai2="33,67,121,114,65,92,101,55,7,29,96,40,113" hai3="28,104,66,91,129,4,107,27,18,77,84,87,118"/><U74/><E123/><V59/><F121/><W72/><G129/><T110/><D119/><U76/><E126/><V0/><F40/><W117/><G72/><T122/><D122/><U133/><E133/><V49/><F29/><W15/><G4/><T112/><D112/><N who="2" m="43114" /><F33/><W93/><G66/><N who="2" m="25097" /><F7/><W51/><G51/><T46/><D135/><U120/><E120/><V106/><F0/><W52/><G52/><T9/><D54/><U13/><E76/><V53/><F53/><W25/><G84/><T22/><D85/><U130/><E130/><V125/><F125/><W124/><G77/><T20/><D70/><U103/><E103/><V32/><F32/><W41/><G41/><T100/><D102/><U71/><E71/><V109/><F109/><W80/><G124/><T127/><D100/><U1/><E14/><V11/><F11/><W43/><G43/><T61/><D9/><U79/><E79/><V116/><F116/><N who="3" m="44651" /><G80/><T78/><D81/><U50/><E1/><V35/><F35/><N who="3" m="20879" /><G27/><T98/><D24/><U69/><E2/><V47/><F106/><W45/><G45/><AGARI ba="1,0" hai="45,47,49,55,59,92,96,101" m="25097,43114" machi="45" ten="30,3900,0" yaku="11,1,52,2" doraHai="42" who="2" fromWho="3" sc="224,0,276,0,263,42,237,-42" /><INIT seed="2,0,0,3,1,113" ten="224,276,305,195" oya="2" hai0="56,69,0,9,83,66,102,31,104,117,116,128,121" hai1="132,50,23,47,103,135,85,39,24,98,72,29,90" hai2="40,129,26,16,59,3,78,112,109,48,68,80,123" hai3="63,4,126,134,94,127,62,115,73,33,54,13,18"/><V58/><F112/><W119/><G115/><T95/><D121/><U70/><E70/><V38/><F3/><W1/><G73/><T105/><D56/><U2/><E72/><V96/><F68/><W8/><G33/><T7/><D31/><U107/><E39/><V52/><F123/><W81/><G134/><T97/><D83/><U11/><E11/><V111/><F129/><W45/><G81/><T21/><D21/><U106/><E106/><V5/><F5/><W100/><G100/><T43/><D43/><U65/><E65/><V28/><F96/><W32/><G94/><T101/><D128/><U118/><E2/><V93/><F93/><W125/><G32/><T74/><D74/><U87/><E90/><V41/><F38/><W57/><G45/><T120/><D120/><U133/><REACH who="1" step="1"/><E118/><REACH who="1" ten="224,266,305,195" step="2"/><N who="0" m="45673" /><D102/><U76/><E76/><V37/><F37/><W20/><REACH who="3" step="1"/><G119/><REACH who="3" ten="224,266,305,185" step="2"/><T82/><D82/><U35/><E35/><V49/><F80/><W14/><G14/><T6/><D7/><U108/><E108/><V89/><F109/><W19/><G19/><T30/><D30/><U10/><E10/><V88/><F111/><W51/><AGARI ba="0,2" hai="1,4,8,13,18,20,51,54,57,62,63,125,126,127" machi="51" ten="30,4000,0" yaku="1,1,0,1,18,1,53,0" doraHai="113" doraHaiUra="36" who="3" fromWho="3" sc="224,-10,266,-10,305,-20,185,60" /><INIT seed="3,0,0,0,3,54" ten="214,256,285,245" oya="3" hai0="33,47,92,36,18,41,119,83,70,78,130,99,26" hai1="42,129,110,82,30,15,115,72,124,95,27,57,112" hai2="80,108,76,109,31,123,101,22,117,52,32,56,97" hai3="77,43,25,126,128,134,74,58,132,66,34,122,24"/><W60/><G122/><T86/><D119/><U75/><E110/><N who="2" m="42603" /><F117/><W87/><G74/><T53/><D130/><U65/><E129/><V8/><F8/><W106/><G106/><T44/><D70/><U100/><E124/><V114/><F114/><W118/><G118/><T113/><D113/><U90/><E42/><V19/><F31/><W69/><G128/><T88/><D18/><U20/><E75/><N who="2" m="43039" /><F32/><W11/><G43/><T105/><D105/><U38/><E38/><V62/><F123/><W89/><G77/><T55/><REACH who="0" step="1"/><D47/><REACH who="0" ten="204,256,285,245" step="2"/><U50/><E115/><V93/><F19/><W14/><G126/><T116/><D116/><U16/><E112/><V133/><F133/><N who="3" m="51307" /><G69/><T0/><D0/><U3/><E3/><V35/><F35/><W102/><G34/><T125/><D125/><U64/><E16/><V91/><F22/><W4/><G102/><AGARI ba="0,1" hai="52,56,62,91,93,97,101,102" m="43039,42603" machi="102" ten="30,3900,0" yaku="14,1,52,1,54,1" doraHai="54" who="2" fromWho="3" sc="204,0,256,0,285,49,245,-39" owari="204,-29.6,256,5.6,334,43.4,206,-19.4" /></mjloggm>