<mjloggm ver="2.3"><GO type="225" lobby="0"/><UN n0="%E3%81%8F%E3%82%8A%E3%83%94%E3%83%BC" n1="%E3%81%95%E3%81%8D%E3%81%9F%E3%81%BE%E6%9E%97%E6%AA%8E" n2="%E5%B8%86%E7%AB%8B%E5%A4%8F%E8%A1%A3" n3="%E3%81%A1%E3%82%85%E3%81%86%E3%81%A9%E3%81%8F%E8%B1%A1%E3%81%95%E3%82%93" dan="16,16,17,17" rate="2109.50,2140.15,2160.72,2210.39" sx="M,M,M,M"/><TAIKYOKU oya="0"/><INIT seed="0,0,0,4,3,46" ten="250,250,250,250" oya="0" hai0="91,48,24,85,37,16,5,96,79,76,135,44,83" hai1="39,14,92,50,84,59,81,109,108,107,1,67,7" hai2="35,122,119,90,11,88,58,55,60,100,86,42,40" hai3="6,21,72,62,105,132,66,3,131,89,94,70,0"/><T113/><D113/><U116/><E116/><V61/><F122/><W63/><G105/><T114/><D114/><U123/><E123/><V101/><F119/><W93/><G72/><T34/><D37/><U115/><E107/><V15/><F35/><W20/><G132/><T125/><D135/><U22/><E1/><V25/><F25/><W9/><G131/><T80/><D125/><U52/><E39/><V29/><F29/><W106/><G106/><T57/><D34/><U32/><E32/><V13/><F61/><W127/><G127/><T64/><D5/><U33/><E33/><V18/><F15/><W8/><G62/><N who="0" m="37967" /><D96/><U129/><E129/><V19/><F19/><W36/><G36/><T12/><D83/><U26/><E67/><V43/><REACH who="2" step="1"/><F86/><REACH who="2" ten="250,250,240,250" step="2"/><W23/><REACH who="3" step="1"/><G89/><AGARI ba="0,1" hai="11,13,18,40,42,43,55,58,60,88,89,90,100,101" machi="89" ten="40,8000,1" yaku="1,1,2,1,8,1,54,1,53,0" doraHai="46" doraHaiUra="103" who="2" fromWho="3" sc="250,0,250,0,240,90,250,-80" /><INIT seed="1,0,0,1,0,135" ten="250,250,330,170" oya="1" hai0="40,126,129,120,123,21,86,5,128,11,33,70,54" hai1="68,48,90,94,42,0,49,39,71,46,12,107,58" hai2="110,26,6,29,100,56,16,53,108,47,35,73,78" hai3="125,116,122,59,43,131,93,34,124,106,85,41,112"/><U95/><E0/><V98/><F6/><W17/><G122/><N who="0" m="46635" /><D70/><U8/><E107/><V103/><F47/><W82/><G112/><T118/><D40/><U37/><E71/><V104/><F100/><W119/><G106/><T63/><D86/><U28/><E68/><V80/><REACH who="2" step="1"/><F16/><REACH who="2" ten="250,250,320,170" step="2"/><W105/><G131/><T50/><D129/><U30/><E46/><V81/><F81/><W3/><G105/><T61/><D128/><U84/><E95/><V132/><F132/><W121/><G93/><T101/><D101/><U51/><E42/><N who="3" m="15882" /><G121/><T25/><D25/><U89/><E94/><V57/><F57/><W10/><G59/><T60/><D5/><U130/><E58/><V115/><F115/><W23/><G3/><T69/><D69/><U45/><E130/><V99/><F99/><W97/><G97/><T31/><D11/><U27/><E45/><V113/><F113/><W44/><G10/><T92/><D92/><U77/><E8/><V24/><F24/><N who="3" m="14447" /><G44/><T87/><D63/><AGARI ba="0,1" hai="26,29,35,53,56,63,73,78,80,98,103,104,108,110" machi="63" ten="40,1300,0" yaku="1,1,53,0" doraHai="135" doraHaiUra="67" who="2" fromWho="0" sc="250,-13,250,0,320,23,170,0" /><INIT seed="2,0,0,4,3,37" ten="237,250,343,170" oya="2" hai0="4,123,46,97,8,77,24,48,84,63,23,110,36" hai1="128,127,134,81,22,114,51,86,100,74,67,34,50" hai2="95,83,26,122,12,87,118,10,101,131,15,9,116" hai3="57,59,130,32,111,106,112,125,99,96,88,92,72"/><V66/><F122/><W73/><G32/><T108/><D123/><U102/><E114/><V115/><F115/><W80/><G112/><T3/><D36/><U120/><E120/><V54/><F131/><W43/><G130/><T45/><D97/><U27/><E34/><V25/><F66/><W35/><G35/><T47/><D63/><U89/><E74/><V62/><F95/><W60/><G111/><N who="0" m="42539" /><D84/><U109/><E128/><V55/><F101/><W1/><G1/><T98/><D98/><U33/><E33/><V104/><F104/><W14/><G14/><T91/><D91/><U133/><E127/><V119/><F62/><W129/><G125/><T28/><D77/><U64/><E109/><V76/><F15/><W103/><G129/><T52/><AGARI ba="0,0" hai="3,4,8,23,24,28,45,46,47,48,52" m="42539" machi="52" ten="30,2000,0" yaku="14,1,54,1" doraHai="37" who="0" fromWho="0" sc="237,20,250,-5,343,-10,170,-5" /><INIT seed="3,0,0,3,0,17" ten="257,245,333,165" oya="3" hai0="107,125,95,70,86,114,21,124,3,51,74,22,133" hai1="105,119,93,75,101,111,20,116,88,64,104,18,83" hai2="29,69,31,79,24,7,102,48,6,62,110,47,45" hai3="52,91,5,77,60,57,8,36,9,27,38,44,126"/><W32/><G126/><N who="0" m="48747" /><D107/><U127/><E127/><V13/><F79/><W67/><G77/><T11/><D74/><U10/><E111/><V82/><F82/><W65/><G91/><N who="0" m="53751" /><D133/><U23/><E64/><V40/><F110/><W30/><G8/><T28/><D114/><U90/><E75/><V109/><F109/><W128/><G128/><T71/><D51/><U15/><E83/><V78/><F78/><W106/><G106/><N who="1" m="41066" /><E101/><V98/><F102/><W33/><G33/><T72/><D72/><U96/><E90/><V73/><F98/><W120/><G120/><T63/><D28/><U14/><E14/><V100/><F100/><W25/><G25/><T59/><D11/><U84/><E96/><V0/><F31/><W129/><G129/><T81/><D81/><U53/><E53/><V49/><F29/><W123/><G123/><T134/><D134/><U12/><E12/><V37/><F13/><W68/><G44/><T118/><D118/><AGARI ba="0,0" hai="10,15,18,20,23,84,88,93,116,118,119" m="41066" machi="118" ten="30,7700,0" yaku="12,1,52,2,54,1" doraHai="17" who="1" fromWho="0" sc="257,-77,245,77,333,0,165,0" owari="180,-22.0,322,12.2,333,43.3,165,-33.5" /></mjloggm>