<mjloggm ver="2.3"><GO type="225" lobby="0"/><UN n0="%E7%89%B9%E6%9D%B1%E3%81%AF%E4%B8%96%E7%95%8C%E3%82%92%E6%95%91%E3%81%86" n1="%E6%B4%BE%E9%81%A3%E3%81%AE%E3%82%B8%E3%83%A3%E3%83%83%E3%82%AF" n2="%E5%B6%BA%E4%B8%8A%E5%92%B2" n3="%E7%99%BD%E6%97%A5%E9%9B%AA%E8%8F%9C" dan="16,17,16,16" rate="2064.39,2175.38,2122.74,2142.76" sx="M,M,F,M"/><TAIKYOKU oya="0"/><INIT seed="0,0,0,3,1,63" ten="250,250,250,250" oya="0" hai0="38,51,115,13,122,127,35,6,55,48,86,131,89" hai1="135,52,10,44,50,57,61,133,32,90,22,79,64" hai2="99,80,54,11,113,116,96,67,3,134,4,121,0" hai3="12,94,26,106,110,68,17,58,2,88,103,123,112"/><T5/><D115/><U37/><E32/><V132/><F113/><W75/><G68/><T42/><D122/><U47/><E79/><V18/><F121/><W56/><G2/><T8/><D35/><U95/><E10/><V124/><F124/><W111/><G112/><T74/><D74/><U100/><E100/><V117/><F80/><W27/><G75/><T82/><D131/><U69/><E22/><V45/><F3/><W46/><G123/><T83/><D127/><U114/><E114/><V49/><F18/><W76/><G76/><T92/><D38/><U70/><E90/><V119/><REACH who="2" step="1"/><F67/><REACH who="2" ten="250,250,240,250" step="2"/><W14/><G17/><T31/><D6/><U98/><E98/><AGARI ba="0,1" hai="0,4,11,45,49,54,96,98,99,116,117,119,132,134" machi="98" ten="50,6400,0" yaku="1,1,2,1,12,1,53,0" doraHai="63" doraHaiUra="72" who="2" fromWho="1" sc="250,0,250,-64,240,74,250,0" /><INIT seed="1,0,0,3,0,12" ten="250,186,314,250" oya="1" hai0="1,101,88,123,34,69,21,86,100,112,97,27,117" hai1="51,68,47,10,8,102,37,41,70,2,93,20,28" hai2="61,39,120,99,55,22,124,44,116,19,38,132,82" hai3="77,25,90,98,67,111,105,72,33,83,31,29,13"/><U71/><E37/><V43/><F116/><W73/><G111/><T114/><D117/><U4/><E8/><V65/><F120/><W80/><G67/><T92/><D123/><U74/><E74/><V17/><F132/><W85/><G31/><T108/><D108/><U50/><E50/><V115/><F124/><W78/><G13/><T52/><D1/><U6/><E6/><V42/><F115/><W104/><REACH who="3" step="1"/><G98/><REACH who="3" ten="250,186,314,240" step="2"/><T49/><D69/><U87/><E102/><V40/><F65/><W58/><G58/><T119/><D119/><U53/><E28/><V128/><F99/><W15/><G15/><T127/><D127/><U134/><E134/><V18/><F128/><W45/><G45/><T60/><D101/><U16/><E41/><N who="2" m="15979" /><F38/><W81/><AGARI ba="0,1" hai="25,29,33,72,73,77,78,80,81,83,85,90,104,105" machi="81" ten="20,5200,0" yaku="1,1,0,1,7,1,9,1,53,0" doraHai="12" doraHaiUra="59" who="3" fromWho="3" sc="250,-13,186,-26,314,-13,240,62" /><INIT seed="2,0,0,5,4,113" ten="237,160,301,302" oya="2" hai0="73,21,85,18,13,34,38,100,128,41,55,81,107" hai1="44,14,43,83,33,95,78,119,1,48,103,69,17" hai2="57,39,112,27,106,6,89,134,86,49,101,75,37" hai3="91,11,2,84,31,64,68,82,90,30,127,122,60"/><V88/><F112/><W46/><G127/><T20/><D34/><U35/><E69/><V126/><F75/><W50/><G122/><T114/><D73/><U129/><E129/><V131/><F126/><W5/><REACH who="3" step="1"/><G91/><REACH who="3" ten="237,160,301,292" step="2"/><T108/><D114/><U104/><E104/><V10/><F89/><W52/><AGARI ba="0,1" hai="2,5,11,30,31,46,50,52,60,64,68,82,84,90" machi="52" ten="20,8000,1" yaku="1,1,2,1,0,1,7,1,54,1,53,0" doraHai="113" doraHaiUra="99" who="3" fromWho="3" sc="237,-20,160,-20,301,-40,292,90" /><INIT seed="3,0,0,0,3,127" ten="217,140,261,382" oya="3" hai0="19,112,120,68,134,69,86,24,34,32,97,77,123" hai1="52,70,56,13,27,74,47,2,5,92,37,42,18" hai2="124,23,4,118,129,128,104,11,110,83,94,62,87" hai3="40,73,31,109,79,54,116,67,93,113,76,108,95"/><W114/><G116/><T26/><D97/><U6/><E74/><V64/><F118/><W8/><G67/><T101/><D86/><U78/><E2/><V16/><F104/><W41/><G31/><T66/><D66/><U35/><E78/><V130/><F124/><W57/><G8/><T50/><D50/><U91/><E70/><V107/><F107/><W59/><G54/><T14/><D77/><U80/><E80/><V60/><F110/><W48/><G48/><T53/><D53/><U10/><E27/><V84/><F94/><W21/><G21/><T89/><D89/><U39/><E35/><V46/><F46/><W126/><G126/><T17/><D14/><U63/><REACH who="1" step="1"/><E37/><REACH who="1" ten="217,130,261,382" step="2"/><V15/><F83/><W9/><G73/><T33/><D33/><U30/><E30/><V90/><F90/><W65/><G79/><T117/><D117/><U1/><E1/><N who="2" m="399" /><F62/><W105/><G76/><T106/><D34/><U0/><E0/><V96/><F96/><AGARI ba="0,1" hai="5,6,10,13,18,39,42,47,52,56,63,91,92,96" machi="96" ten="30,7700,0" yaku="1,1,7,1,54,1,53,1" doraHai="127" doraHaiUra="51" who="1" fromWho="2" sc="217,0,130,87,261,-77,382,0" owari="217,1.7,217,-18.3,184,-31.6,382,48.2" /></mjloggm>