<mjloggm ver="2.3"><GO type="225" lobby="0"/><UN n0="%E7%89%B9%E6%9D%B1%E3%81%AF%E4%B8%96%E7%95%8C%E3%82%92%E6%95%91%E3%81%86" n1="%43%68%65" n2="%E3%83%9F%E3%83%AA%E3%83%80%E3%81%97%E3%82%88" n3="%4D%50%43%32%38%30%30" dan="16,16,16,16" rate="2143.93,2129.15,2074.00,2084.31" sx="M,M,M,M"/><TAIKYOKU oya="0"/><INIT seed="0,0,0,5,2,39" ten="250,250,250,250" oya="0" hai0="123,90,116,65,81,54,125,74,36,108,96,22,95" hai1="33,104,49,19,34,134,72,37,9,122,84,40,20" hai2="80,110,15,75,79,67,45,43,115,83,38,126,100" hai3="25,24,107,12,77,26,32,18,94,73,130,63,66"/><T118/><D36/><U47/><E72/><V10/><F115/><W132/><G107/><T87/><D65/><U70/><E122/><V64/><F110/><W127/><G127/><T98/><D22/><U129/><E104/><V89/><F126/><W29/><G132/><T7/><D125/><U109/><E70/><V16/><REACH who="2" step="1"/><F100/><REACH who="2" ten="250,250,240,250" step="2"/><W59/><G130/><T97/><D108/><U103/><E109/><V8/><F8/><W114/><G114/><T58/><D123/><U119/><E129/><V117/><F117/><W4/><G32/><T6/><D118/><U53/><E119/><V68/><F68/><W124/><G124/><T52/><D116/><U61/><E9/><V50/><F50/><W111/><G111/><T44/><D44/><U60/><E103/><V69/><F69/><W55/><G29/><T57/><D74/><U17/><E34/><V3/><F3/><W133/><G133/><T2/><D2/><U23/><E33/><V88/><F88/><W28/><G28/><T0/><D0/><U56/><E134/><V120/><F120/><W85/><G73/><T93/><D6/><U62/><REACH who="1" step="1"/><E84/><AGARI ba="0,1" hai="10,15,16,38,43,45,64,67,75,79,80,83,84,89" machi="84" ten="40,5200,0" yaku="1,1,52,1,54,1,53,0" doraHai="39" doraHaiUra="46" who="2" fromWho="1" sc="250,0,250,-52,240,62,250,0" /><INIT seed="1,0,0,4,3,123" ten="250,198,302,250" oya="1" hai0="99,97,79,117,1,103,10,68,55,58,129,111,120" hai1="84,17,53,42,116,27,69,72,18,66,83,19,12" hai2="39,104,47,114,14,132,102,113,126,74,25,4,6" hai3="31,54,62,36,0,131,7,124,34,87,95,15,48"/><U77/><E116/><V94/><F126/><W101/><G36/><T82/><D117/><U73/><E42/><N who="2" m="23007" /><F132/><W127/><G0/><T71/><D120/><U60/><E27/><V86/><F74/><W85/><G131/><T43/><D43/><U70/><E70/><V125/><F125/><N who="3" m="48203" /><G62/><T59/><D99/><U122/><E122/><V112/><F14/><W78/><G78/><T134/><D134/><U105/><E105/><V57/><F57/><N who="3" m="32967" /><G31/><T24/><D24/><U61/><REACH who="1" step="1"/><E12/><REACH who="1" ten="250,188,302,250" step="2"/><V28/><F104/><W130/><G15/><T93/><D71/><U91/><E91/><N who="2" m="53623" /><F102/><W26/><G101/><T89/><D68/><U50/><E50/><V64/><F64/><W76/><G26/><T56/><D103/><U96/><E96/><V45/><F45/><W67/><G67/><T98/><D97/><U22/><E22/><AGARI ba="0,1" hai="4,6,22,25,28,112,113,114" m="53623,23007" machi="22" ten="30,1000,0" yaku="11,1" doraHai="123" who="2" fromWho="1" sc="250,0,188,-10,302,20,250,0" /><INIT seed="2,0,0,1,5,80" ten="250,178,322,250" oya="2" hai0="61,14,55,13,43,106,97,4,120,99,114,96,3" hai1="124,27,134,41,63,33,119,85,67,26,117,36,56" hai2="98,88,128,10,89,131,92,107,38,45,29,83,58" hai3="123,2,108,25,12,82,93,71,9,78,69,39,73"/><V6/><F29/><W15/><G123/><T76/><D120/><U94/><E124/><V127/><F127/><W81/><G39/><T30/><D106/><U59/><E134/><V86/><F58/><W17/><G2/><T79/><D43/><U125/><E125/><V118/><F118/><W130/><G108/><T53/><D3/><U11/><E59/><V102/><F45/><W111/><G111/><T110/><D114/><U22/><E11/><V112/><F38/><W62/><G130/><N who="2" m="49705" /><F112/><W42/><G42/><T21/><D61/><U1/><E1/><N who="2" m="335" /><F89/><W32/><G62/><T49/><D53/><U8/><E8/><V95/><AGARI ba="0,0" hai="83,86,88,92,95,98,102,107" m="335,49705" machi="95" ten="30,6000,0" yaku="19,1,52,1,54,1" doraHai="80" who="2" fromWho="2" sc="250,-20,178,-20,322,60,250,-20" /><INIT seed="2,1,0,0,1,17" ten="230,158,382,230" oya="2" hai0="59,109,87,50,10,101,131,111,12,93,96,13,22" hai1="9,127,64,117,71,100,44,77,125,98,34,1,94" hai2="51,15,29,119,8,27,3,66,41,134,52,104,54" hai3="68,7,113,43,45,107,112,4,14,81,2,90,83"/><V47/><F119/><W126/><G68/><T53/><D131/><U32/><E117/><V124/><F124/><W37/><G126/><N who="1" m="48138" /><E77/><V85/><F3/><W24/><G2/><T84/><D22/><U21/><E44/><V76/><F104/><W49/><G107/><T97/><D96/><U123/><E123/><V70/><F66/><W62/><G62/><T6/><D13/><U63/><E21/><N who="2" m="15599" /><F70/><W36/><G24/><T106/><D106/><U46/><E46/><V25/><F25/><W40/><G90/><T103/><D103/><U89/><E89/><V26/><F26/><W80/><G49/><T30/><D30/><U57/><E57/><V73/><F73/><W99/><G99/><T75/><D75/><U69/><E69/><V72/><F134/><W82/><N who="3" m="20480" /><DORA hai="92" /><W56/><G45/><T114/><REACH who="0" step="1"/><D114/><REACH who="0" ten="220,158,382,230" step="2"/><U86/><E86/><AGARI ba="1,1" hai="6,10,12,50,53,59,84,86,87,93,97,101,109,111" machi="86" ten="40,5200,0" yaku="1,1,2,1,52,1,53,0" doraHai="17,92" doraHaiUra="28,38" who="0" fromWho="1" sc="220,65,158,-55,382,0,230,0" /><INIT seed="3,0,0,2,4,43" ten="285,103,382,230" oya="3" hai0="66,87,79,133,88,48,21,90,49,119,39,60,64" hai1="71,45,134,20,81,108,36,75,126,114,37,47,1" hai2="74,102,68,8,129,53,72,91,83,32,82,73,94" hai3="131,120,3,27,132,104,103,106,105,22,125,41,135"/><W112/><G3/><T97/><D39/><U19/><E1/><V57/><F68/><W86/><G112/><T51/><D119/><U85/><E75/><V123/><F32/><W61/><G120/><T33/><D33/><U24/><E114/><V113/><F113/><W122/><G122/><T92/><D133/><N who="3" m="51273" /><G131/><T50/><D79/><U26/><E71/><V77/><F123/><W0/><G0/><T18/><N who="0" m="12288" /><DORA hai="121" /><T52/><D60/><U29/><E134/><V14/><F102/><W84/><G125/><T30/><D52/><U2/><E2/><V6/><F83/><W44/><G61/><T17/><D30/><U127/><E37/><V111/><F129/><W23/><G103/><T76/><D76/><U101/><E101/><V93/><F93/><W16/><G23/><T54/><D54/><U9/><E36/><AGARI ba="0,0" hai="16,22,27,36,41,44,84,86,104,105,106" m="51273" machi="36" ten="40,7700,0" yaku="20,1,52,1,54,1" doraHai="43,121" who="3" fromWho="1" sc="285,0,103,-77,382,0,230,77" /><INIT seed="3,1,0,4,4,102" ten="285,26,382,307" oya="3" hai0="5,28,20,108,33,14,57,38,25,91,3,49,22" hai1="135,1,87,48,23,55,59,45,34,68,92,43,90" hai2="36,109,50,2,31,60,84,123,62,61,8,71,7" hai3="80,67,19,24,131,118,26,58,69,116,112,18,27"/><W63/><G112/><T119/><D38/><U128/><E34/><V133/><F36/><W12/><G131/><T75/><D75/><U134/><E68/><V46/><F109/><W89/><G69/><T88/><D119/><U74/><E74/><V53/><F133/><W113/><G113/><T104/><D104/><U54/><E1/><V52/><F123/><W56/><G116/><T124/><D108/><U6/><E128/><V85/><F71/><W117/><G118/><T96/><D124/><U64/><E6/><V120/><F120/><W4/><G117/><T44/><D57/><U97/><E64/><V130/><F130/><W86/><REACH who="3" step="1"/><G58/><REACH who="3" ten="285,26,382,297" step="2"/><T13/><D3/><U106/><E135/><V35/><F2/><W30/><G30/><T98/><D33/><U103/><E134/><V81/><F31/><W17/><G17/><N who="0" m="10287" /><D98/><U125/><E125/><V73/><F35/><W32/><G32/><T111/><D96/><U72/><E72/><V100/><F73/><W15/><G15/><T79/><D111/><U77/><E77/><V21/><F7/><W11/><AGARI ba="1,1" hai="4,11,12,18,19,24,26,27,56,63,67,80,86,89" machi="11" ten="30,6000,0" yaku="1,1,0,1,8,1,53,0" doraHai="102" doraHaiUra="16" who="3" fromWho="3" sc="285,-21,26,-21,382,-21,297,73" owari="264,-13.6,5,-49.5,361,16.1,370,47.0" /></mjloggm>