<mjloggm ver="2.3"><GO type="225" lobby="0"/><UN n0="%E4%B8%89%E5%86%A0%E7%8E%8B%E3%83%BB%E5%B1%B1%E7%94%B0%E5%93%B2%E4%BA%BA" n1="%6B%75%7A%75%6E" n2="%E9%BB%92%E9%89%84%E7%8F%A0%E9%9B%AB" n3="%E5%AF%82%E5%AF%9E%E3%82%AE%E3%83%8D%E3%82%B9%E3%83%93%E3%83%BC%E3%83%AB" dan="16,17,16,16" rate="2178.35,2173.49,2188.11,2135.61" sx="M,M,F,M"/><TAIKYOKU oya="0"/><INIT seed="0,0,0,0,0,65" ten="250,250,250,250" oya="0" hai0="123,130,117,135,125,64,98,13,94,6,67,93,106" hai1="15,70,84,17,134,25,109,27,104,114,10,72,39" hai2="87,38,127,36,77,88,14,108,58,19,61,115,68" hai3="11,81,31,41,48,92,2,120,124,113,97,46,95"/><T16/><D117/><U42/><E72/><V119/><F115/><W1/><G113/><T20/><D123/><U107/><E114/><V3/><F3/><W128/><G128/><T12/><D130/><U132/><E84/><V28/><F108/><W82/><G124/><T131/><D131/><U49/><E39/><V44/><F127/><W9/><G31/><T35/><D125/><U22/><E42/><V33/><F77/><W50/><G41/><T111/><D35/><U0/><E49/><V86/><F86/><W52/><G97/><T51/><D111/><U26/><E70/><V78/><F78/><W101/><G101/><T24/><D106/><U60/><E60/><V71/><F119/><W100/><G100/><N who="0" m="60495" /><D135/><N who="1" m="51755" /><E109/><V74/><F74/><W29/><G29/><T40/><D94/><U66/><E66/><N who="0" m="25129" /><D6/><AGARI ba="0,0" hai="0,6,10,15,17,22,25,26,27,104,107" m="51755" machi="6" ten="30,1000,0" yaku="20,1" doraHai="65" who="1" fromWho="0" sc="250,-10,250,10,250,0,250,0" /><INIT seed="1,0,0,3,4,49" ten="240,260,250,250" oya="1" hai0="131,17,44,82,64,92,9,4,51,47,99,90,70" hai1="53,65,23,129,2,6,57,27,12,19,68,96,128" hai2="121,109,8,100,79,113,24,29,10,83,28,98,7" hai3="124,122,14,72,76,15,35,94,63,20,59,40,33"/><U52/><E2/><V21/><F121/><W61/><G122/><T111/><D111/><U13/><E68/><V110/><F113/><W135/><G40/><T1/><D131/><N who="1" m="50251" /><E96/><V55/><F29/><W116/><G94/><T115/><D115/><U26/><E13/><V134/><F134/><W54/><G76/><T58/><D17/><U89/><E89/><V112/><F112/><W91/><G91/><T38/><D38/><U101/><E101/><V5/><F10/><W127/><G72/><T11/><D11/><N who="1" m="4215" /><E27/><V95/><F8/><W56/><G135/><T132/><D132/><U117/><E117/><V105/><F105/><W125/><G116/><T126/><D126/><U42/><E42/><V123/><F123/><W106/><G106/><T31/><D82/><U75/><E75/><V93/><F93/><W119/><G119/><T87/><D99/><U107/><E107/><V60/><F110/><W81/><G81/><T77/><D77/><U88/><E88/><V16/><F109/><W120/><G120/><T67/><D70/><U130/><N who="1" m="50259" /><U45/><DORA hai="114" /><E45/><V73/><REACH who="2" step="1"/><F28/><REACH who="2" ten="240,260,240,250" step="2"/><W22/><REACH who="3" step="1"/><G124/><REACH who="3" ten="240,260,240,240" step="2"/><T41/><D4/><U32/><E32/><V3/><F3/><W97/><G97/><T39/><D1/><U104/><E104/><V74/><F74/><W85/><G85/><T30/><D87/><U48/><E23/><V78/><F78/><W69/><G69/><T0/><D0/><U62/><E19/><V103/><F103/><W46/><G46/><T102/><D102/><U43/><E26/><V80/><F80/><W108/><G108/><RYUUKYOKU ba="0,2" sc="240,-30,260,10,240,10,240,10" hai1="43,48,52,53,57,62,65" hai2="5,7,16,21,24,55,60,73,79,83,95,98,100" hai3="14,15,20,22,33,35,54,56,59,61,63,125,127" /><INIT seed="1,1,2,5,4,110" ten="210,270,250,250" oya="1" hai0="124,90,33,60,76,121,68,114,18,22,119,131,84" hai1="79,72,122,109,135,2,133,35,100,130,82,9,83" hai2="87,52,111,108,120,93,50,95,0,19,4,34,29" hai3="57,11,75,61,13,62,43,89,69,6,31,55,27"/><U96/><E35/><V53/><F120/><W8/><G75/><T63/><D119/><U73/><E2/><V21/><F34/><W5/><G43/><T32/><D121/><U106/><E9/><V88/><F29/><W92/><G69/><T74/><D114/><U86/><E122/><V123/><F123/><W64/><G27/><T85/><D74/><N who="1" m="43383" /><E109/><N who="2" m="42059" /><F95/><W38/><G38/><T129/><D124/><U39/><E39/><V54/><F4/><W12/><G31/><T101/><D33/><U41/><E41/><V115/><F0/><W103/><G103/><T23/><D101/><U78/><E130/><N who="0" m="49673" /><D32/><U7/><E7/><V46/><F115/><W30/><G30/><T104/><D104/><U17/><E17/><V107/><F107/><W56/><G92/><N who="0" m="54343" /><D68/><U16/><E16/><V132/><F132/><AGARI ba="1,2" hai="72,73,78,83,86,96,100,106,132,133,135" m="43383" machi="132" ten="30,5800,0" yaku="20,1,34,2" doraHai="110" who="1" fromWho="2" sc="210,0,270,81,250,-61,250,0" /><INIT seed="1,2,0,3,3,25" ten="210,351,189,250" oya="1" hai0="50,93,87,64,27,16,118,2,70,38,94,72,78" hai1="23,81,55,131,17,30,51,42,40,67,76,6,46" hai2="33,32,26,57,80,96,120,98,13,29,49,31,112" hai3="104,34,132,125,75,92,21,126,62,66,91,97,122"/><U47/><E131/><V3/><F3/><W28/><G122/><T114/><D38/><U123/><E123/><V106/><F120/><W100/><G75/><T128/><D2/><U14/><E67/><V102/><F112/><W105/><G34/><T108/><D114/><U58/><E6/><V60/><F96/><W71/><G132/><T11/><D118/><U82/><E30/><V135/><F135/><W10/><G10/><T111/><D128/><U18/><E17/><V134/><F134/><W1/><G1/><T56/><D72/><U24/><E24/><V113/><F113/><W116/><G116/><T48/><D70/><U19/><E19/><V8/><F49/><N who="0" m="19050" /><D111/><U65/><E65/><V110/><F110/><W69/><G69/><T53/><D64/><U86/><REACH who="1" step="1"/><E82/><REACH who="1" ten="210,341,189,250" step="2"/><V77/><F26/><W54/><G28/><T68/><D108/><U5/><E5/><N who="2" m="3215" /><F33/><W43/><G66/><T88/><D68/><U15/><E15/><V84/><F32/><W41/><G71/><T45/><D27/><U73/><E73/><V44/><F31/><W20/><G126/><T130/><D130/><U109/><E109/><V36/><F29/><W89/><G125/><T74/><D74/><U4/><E4/><V83/><F83/><W133/><G133/><T95/><D16/><U107/><E107/><V127/><F127/><W99/><G105/><T61/><D94/><U52/><E52/><N who="2" m="33831" /><F106/><W39/><G104/><T124/><D124/><U101/><E101/><V90/><F102/><W9/><G100/><T85/><D95/><U121/><E121/><V7/><F7/><RYUUKYOKU ba="2,1" sc="210,-10,341,30,189,-10,250,-10" hai1="14,18,23,40,42,46,47,51,55,58,76,81,86" /><INIT seed="1,3,1,4,2,135" ten="200,371,179,240" oya="1" hai0="106,20,130,23,88,48,133,10,60,32,29,90,68" hai1="16,117,100,78,98,84,87,7,53,57,72,129,108" hai2="105,125,30,9,36,120,128,82,44,134,86,102,12" hai3="76,126,109,4,47,112,70,85,13,132,27,41,122"/><U96/><E117/><V49/><F120/><W5/><G112/><T65/><D133/><U111/><E129/><V124/><F134/><W59/><G70/><T123/><D130/><U69/><E69/><V104/><F36/><W17/><G132/><T54/><D106/><U14/><E7/><V1/><F1/><W15/><G109/><N who="1" m="42058" /><E72/><V74/><F74/><W21/><G59/><T62/><D62/><N who="1" m="36143" /><E78/><N who="2" m="46423" /><F30/><W25/><G122/><T116/><D116/><U115/><E115/><V18/><F128/><W56/><G5/><T38/><D123/><U73/><E73/><V99/><F105/><W121/><G4/><T94/><D29/><U26/><E26/><V77/><F77/><W28/><G27/><T3/><D68/><U2/><E2/><V79/><F79/><W119/><G28/><T103/><D3/><U89/><E100/><V31/><F31/><W107/><G107/><T93/><D103/><U35/><E35/><V51/><F44/><W114/><G119/><T58/><D32/><U95/><E87/><V67/><F67/><W97/><G85/><T19/><D65/><U101/><E101/><V6/><F6/><W71/><G76/><T33/><D33/><U42/><E42/><V52/><F52/><W37/><G71/><T127/><D54/><U110/><E110/><V43/><F43/><W8/><G121/><T131/><D131/><U22/><AGARI ba="3,1" hai="14,16,22,84,89,95,96,98" m="36143,42058" machi="22" ten="30,6000,0" yaku="14,1,10,1,54,1" doraHai="135" who="1" fromWho="1" sc="200,-23,371,79,179,-23,240,-23" /><INIT seed="1,4,0,2,3,89" ten="177,450,156,217" oya="1" hai0="101,63,41,88,1,17,13,24,10,45,131,51,97" hai1="121,34,44,135,18,122,104,80,19,81,59,3,30" hai2="61,112,76,90,33,125,126,65,58,46,93,57,6" hai3="66,105,49,100,9,25,91,115,114,108,4,132,110"/><U35/><E104/><V38/><F33/><W43/><G132/><T84/><D131/><U119/><E59/><V12/><F76/><W109/><G66/><T71/><D1/><U11/><E3/><V95/><F112/><W5/><G25/><T99/><D101/><U127/><E44/><V116/><F116/><W86/><G49/><T77/><D77/><U124/><E11/><V8/><F90/><W128/><G43/><T85/><D85/><U67/><E67/><V15/><F15/><N who="3" m="5543" /><G5/><T37/><D37/><U72/><E72/><V83/><F83/><N who="3" m="49631" /><G128/><T79/><D79/><U32/><E32/><V2/><F2/><W53/><G53/><T16/><D63/><U28/><REACH who="1" step="1"/><E119/><REACH who="1" ten="177,440,156,217" step="2"/><V26/><F58/><W70/><G70/><T73/><D73/><U68/><E68/><V47/><F47/><W94/><G105/><T21/><REACH who="0" step="1"/><D71/><REACH who="0" ten="167,440,156,217" step="2"/><U20/><E20/><V54/><F38/><W14/><G115/><T55/><D55/><U107/><E107/><V120/><F54/><W48/><G114/><T98/><D98/><U106/><E106/><V78/><F78/><W82/><G110/><T0/><D0/><U117/><E117/><V118/><F118/><W36/><G109/><T96/><D96/><U39/><E39/><V56/><F61/><W129/><G108/><T23/><D23/><U29/><E29/><V40/><F65/><W92/><G36/><T133/><D133/><AGARI ba="4,2" hai="18,19,28,30,34,35,80,81,121,122,124,127,133,135" machi="133" ten="25,4800,0" yaku="1,1,22,2,53,0" doraHai="89" doraHaiUra="64" who="1" fromWho="0" sc="167,-60,440,80,156,0,217,0" /><INIT seed="1,5,0,2,1,23" ten="107,520,156,217" oya="1" hai0="66,134,110,8,106,72,101,124,79,28,44,94,11" hai1="126,89,55,10,35,76,114,92,12,24,22,74,39" hai2="91,15,47,43,90,4,111,37,54,77,20,108,86" hai3="18,133,57,63,56,53,73,118,84,9,26,27,121"/><U120/><E114/><V58/><F77/><W105/><G73/><T97/><D110/><U75/><E120/><V42/><F42/><W95/><G105/><T81/><D134/><U64/><E39/><V68/><F68/><W40/><G133/><T48/><D124/><U119/><E119/><V122/><F122/><W52/><G40/><T82/><D66/><U7/><E126/><V45/><F45/><W132/><G118/><T61/><D61/><U83/><E35/><V31/><F4/><W135/><G121/><T29/><D82/><U117/><E64/><V87/><F87/><W59/><G135/><T1/><D106/><U128/><E128/><V41/><F41/><W6/><G18/><T109/><D109/><U127/><E75/><V104/><F104/><W93/><G132/><T2/><D2/><U123/><E123/><V38/><F91/><N who="3" m="53479" /><G95/><T36/><D36/><U130/><E130/><V98/><F98/><W49/><G57/><T70/><D70/><U71/><E71/><V67/><F38/><W0/><G0/><T113/><D113/><U115/><E115/><V65/><F111/><W85/><G85/><T14/><D1/><U34/><E34/><V62/><F108/><W46/><G59/><T103/><D103/><U112/><E112/><V13/><F67/><W107/><G107/><T60/><D72/><U32/><E127/><V69/><F65/><W131/><G131/><T3/><D3/><N who="1" m="383" /><E117/><V17/><F69/><W99/><G99/><T16/><D97/><U21/><E74/><V30/><F13/><W33/><G33/><T88/><D14/><RYUUKYOKU ba="5,0" sc="107,-15,520,-15,156,15,217,15" hai2="15,17,20,30,31,37,43,47,54,58,62,86,90" hai3="6,9,26,27,46,49,52,53,56,63" /><INIT seed="2,6,0,0,1,73" ten="92,505,171,232" oya="2" hai0="30,105,78,44,118,110,49,124,50,90,109,2,92" hai1="112,76,57,125,135,71,119,127,97,126,86,56,79" hai2="63,88,32,20,33,6,103,122,28,18,134,121,5" hai3="96,58,104,34,27,62,95,87,31,128,70,99,7"/><V41/><F103/><N who="3" m="62567" /><G58/><N who="1" m="22634" /><E112/><V53/><F63/><W17/><G7/><N who="2" m="2569" /><F53/><W54/><G54/><T59/><D105/><U4/><E119/><V98/><F41/><W0/><G17/><T52/><D2/><U81/><E135/><V80/><F98/><W132/><G132/><T94/><D118/><U114/><E114/><V21/><F134/><W37/><G37/><T47/><D124/><U65/><E97/><V129/><F129/><W106/><G87/><T100/><D30/><U83/><E71/><V108/><F33/><W85/><G85/><T45/><D50/><U74/><E4/><V117/><F117/><W3/><G106/><T133/><D133/><U43/><E43/><V91/><F32/><W82/><G82/><T120/><D120/><U23/><E65/><V89/><F121/><W35/><G35/><T115/><D115/><U61/><E61/><V19/><F122/><W10/><G128/><T107/><D107/><U39/><E23/><N who="2" m="8779" /><F28/><W69/><G69/><T51/><D51/><U60/><E60/><V9/><F108/><N who="0" m="41578" /><D100/><U36/><AGARI ba="6,0" hai="36,39,74,76,79,81,83,86,125,126,127" m="22634" machi="36" ten="40,5200,0" yaku="18,1,52,2" doraHai="73" who="1" fromWho="1" sc="92,-19,505,70,171,-32,232,-19" /><INIT seed="3,0,0,1,2,129" ten="73,575,139,213" oya="3" hai0="69,82,2,131,123,3,92,71,64,111,63,17,68" hai1="49,72,117,104,5,50,74,14,44,86,133,29,94" hai2="101,13,19,114,58,85,18,119,35,33,122,1,30" hai3="121,55,126,106,11,56,109,47,23,93,37,38,22"/><W43/><G106/><T120/><D92/><U24/><E104/><V91/><F119/><W90/><G37/><T62/><D17/><U108/><E108/><V65/><F114/><W27/><G126/><T115/><D131/><U15/><E72/><V96/><F1/><W105/><G105/><T21/><D21/><U134/><E74/><V135/><F30/><W76/><G76/><T89/><D89/><N who="1" m="53559" /><E5/><V16/><F122/><W70/><G70/><T59/><D59/><U79/><E50/><V0/><F0/><W31/><G11/><T124/><D115/><U66/><E66/><V40/><F40/><W8/><G8/><T32/><D69/><U99/><E99/><V128/><F128/><W95/><G109/><T51/><D51/><U42/><E117/><V41/><F41/><W25/><G90/><T107/><D111/><U73/><E73/><V80/><F13/><W57/><G57/><T61/><D61/><U52/><E42/><V103/><F103/><W112/><G121/><T54/><D124/><U9/><E79/><V132/><F58/><W48/><G112/><T83/><D107/><U45/><E45/><V102/><F65/><W100/><G100/><N who="2" m="38505" /><F96/><W110/><G110/><T113/><D113/><U34/><E9/><V127/><F127/><W88/><G88/><T78/><D78/><U28/><E28/><V75/><F75/><W12/><G31/><T77/><D77/><U60/><E60/><V6/><F6/><W130/><G130/><T116/><D116/><U87/><E87/><V46/><F46/><W4/><G47/><T10/><D120/><RYUUKYOKU ba="0,0" sc="73,-15,575,15,139,15,213,-15" hai1="14,15,24,29,34,44,49,52,133,134" hai2="16,18,19,33,35,80,85,91,132,135" owari="58,-44.2,590,69.0,154,-24.6,198,-0.2" /></mjloggm>