<mjloggm ver="2.3"><GO type="225" lobby="0"/><UN n0="%6D%75%75%6D%75%72%61" n1="%E3%82%B8%E3%83%A3%E3%83%9E%E3%83%BC%E3%83%AB%E3%83%9E%E3%83%AC%E3%83%BC" n2="%72%61%6B%33" n3="%E3%81%9F%E3%81%A3%E3%81%A1%E3%82%87" dan="16,17,18,16" rate="2201.32,2201.09,2295.68,2091.00" sx="F,M,M,M"/><TAIKYOKU oya="0"/><INIT seed="0,0,0,0,5,40" ten="250,250,250,250" oya="0" hai0="70,11,112,16,28,0,93,43,80,36,76,7,45" hai1="37,94,132,5,57,24,30,135,34,79,66,102,25" hai2="124,98,119,111,39,21,55,99,51,97,50,53,26" hai3="74,81,83,62,42,100,23,20,4,101,15,123,105"/><T58/><D112/><U22/><E37/><V61/><F39/><W88/><G105/><T133/><D70/><U60/><E79/><V49/><F111/><W14/><G42/><T130/><D130/><U129/><E5/><V65/><F124/><W59/><G74/><T90/><D133/><U103/><E129/><V35/><F35/><W110/><G110/><T12/><D58/><U127/><E127/><V118/><F65/><W69/><G69/><T86/><D28/><N who="1" m="17431" /><E102/><N who="3" m="39530" /><G81/><T27/><D27/><U92/><E92/><V56/><REACH who="2" step="1"/><F53/><REACH who="2" ten="250,250,240,250" step="2"/><W104/><G123/><T120/><D120/><U10/><E135/><V2/><F2/><W6/><G104/><T84/><REACH who="0" step="1"/><D0/><REACH who="0" ten="240,250,240,250" step="2"/><U71/><E132/><V121/><F121/><W3/><G3/><T89/><D89/><U128/><E128/><V107/><F107/><W46/><G88/><T31/><D31/><AGARI ba="0,2" hai="21,26,31,49,50,51,55,56,61,97,98,99,118,119" machi="31" ten="40,1300,0" yaku="1,1,53,0" doraHai="40" doraHaiUra="8" who="2" fromWho="0" sc="240,-13,250,0,240,33,250,0" /><INIT seed="1,0,0,3,1,30" ten="227,250,273,250" oya="1" hai0="80,8,111,119,124,105,123,91,41,130,40,78,35" hai1="82,19,9,110,2,85,77,73,94,42,93,63,107" hai2="16,27,18,133,7,102,109,101,87,67,6,15,90" hai3="113,12,68,118,59,25,17,47,54,127,95,36,21"/><U23/><E107/><V81/><F109/><W20/><G113/><T22/><D119/><U38/><E110/><V29/><F133/><W121/><G121/><T89/><D111/><U24/><E63/><V131/><F131/><W43/><G68/><T11/><D130/><U79/><E79/><V114/><F114/><W88/><G118/><T50/><D123/><U108/><E85/><V135/><F135/><W66/><G127/><T5/><D105/><U117/><E117/><V74/><F74/><W55/><G66/><T33/><D124/><U112/><E112/><V115/><F67/><W84/><REACH who="3" step="1"/><G59/><REACH who="3" ten="227,250,273,240" step="2"/><T48/><D41/><U10/><E108/><V100/><F115/><W116/><G116/><T28/><D40/><U92/><REACH who="1" step="1"/><E2/><REACH who="1" ten="227,240,273,240" step="2"/><V103/><N who="2" m="25600" /><DORA hai="34" /><V83/><F83/><W46/><G46/><AGARI ba="0,2" hai="9,10,19,23,24,38,42,46,73,77,82,92,93,94" machi="46" ten="40,2000,0" yaku="1,1,53,0" doraHai="30,34" doraHaiUra="86,126" who="1" fromWho="3" sc="227,0,240,40,273,0,240,-20" /><INIT seed="1,1,0,3,5,78" ten="227,280,273,220" oya="1" hai0="135,48,12,37,43,68,101,112,51,102,91,97,74" hai1="9,56,77,123,122,108,118,70,116,44,36,47,31" hai2="7,54,125,17,117,72,88,107,24,133,128,39,34" hai3="15,129,86,57,103,66,41,20,92,80,8,109,120"/><U90/><E77/><V71/><RYUUKYOKU type="yao9" ba="1,0" sc="227,0,280,0,273,0,220,0" hai2="7,17,24,34,39,54,71,72,88,107,117,125,128,133" /><INIT seed="1,2,0,3,5,110" ten="227,280,273,220" oya="1" hai0="134,65,130,29,91,95,67,63,1,50,26,129,132" hai1="60,36,108,0,83,64,48,133,115,109,72,75,33" hai2="104,27,4,82,28,118,119,79,100,122,89,114,15" hai3="16,41,18,34,125,87,37,103,84,40,55,88,74"/><U135/><E36/><V45/><F122/><W24/><G74/><N who="1" m="28202" /><E0/><V112/><F89/><W57/><G125/><T86/><D1/><U123/><E123/><V51/><F100/><W56/><G103/><T12/><D50/><U17/><E83/><V54/><F104/><W11/><G34/><T99/><D12/><U7/><E7/><V8/><F118/><W116/><G116/><T22/><D86/><U73/><E73/><V121/><F121/><W80/><G84/><T85/><D85/><U117/><E117/><V30/><F119/><W128/><G128/><N who="0" m="49259" /><D65/><U59/><E33/><V20/><F28/><W113/><G113/><N who="2" m="43625" /><F82/><W98/><G98/><T66/><D66/><U101/><E101/><V71/><F71/><AGARI ba="2,0" hai="22,26,29,63,67,71,91,95,99,132,134" m="49259" machi="71" ten="30,1000,0" yaku="19,1" doraHai="110" who="0" fromWho="2" sc="227,16,280,0,273,-16,220,0" /><INIT seed="2,0,0,3,4,34" ten="243,280,257,220" oya="2" hai0="112,25,71,72,131,99,74,33,66,40,65,92,134" hai1="32,49,59,11,27,56,3,103,24,47,46,31,123" hai2="8,100,67,88,105,107,94,2,101,41,77,95,63" hai3="1,79,6,13,129,19,68,104,108,51,14,15,121"/><V84/><F41/><W55/><G104/><T57/><D112/><U70/><E70/><V85/><F8/><N who="3" m="2127" /><G68/><T26/><D71/><U21/><E103/><V50/><F50/><W135/><G79/><T17/><D131/><U37/><E123/><V106/><F2/><W54/><G51/><T127/><D127/><U9/><E37/><V90/><F67/><W10/><G54/><T18/><D40/><U61/><E3/><V5/><F5/><N who="3" m="3279" /><G55/><T4/><D4/><U12/><E12/><N who="3" m="4650" /><G121/><T69/><D69/><U22/><E49/><V53/><REACH who="2" step="1"/><F77/><REACH who="2" ten="243,280,247,220" step="2"/><W29/><G129/><T76/><D76/><U126/><E47/><V91/><F91/><W35/><G135/><T28/><D134/><U117/><E46/><V64/><F64/><W58/><G58/><AGARI ba="0,1" hai="53,58,63,84,85,88,90,94,95,100,101,105,106,107" machi="58" ten="40,7700,0" yaku="1,1,9,1,54,1,53,0" doraHai="34" doraHaiUra="60" who="2" fromWho="3" sc="243,0,280,0,247,87,220,-77" /><INIT seed="2,1,0,4,4,42" ten="243,280,334,143" oya="2" hai0="5,94,106,21,55,119,125,68,93,113,83,78,107" hai1="14,120,67,92,109,35,30,88,131,24,9,134,122" hai2="4,73,84,27,52,115,112,66,59,80,91,37,49" hai3="47,90,19,16,53,54,64,2,51,23,124,63,25"/><V108/><F37/><W104/><G124/><T13/><D113/><U105/><E109/><V70/><F108/><W116/><G116/><T97/><D125/><U89/><E105/><V75/><F4/><W58/><G104/><T18/><D119/><U81/><E131/><V0/><F0/><W46/><G2/><T123/><D123/><N who="1" m="47147" /><E134/><V127/><F127/><W118/><G118/><T99/><D68/><U15/><E67/><V100/><F100/><W133/><G133/><T31/><D31/><U10/><E81/><V40/><F40/><W1/><G1/><T76/><D5/><N who="1" m="3375" /><E92/><V117/><F117/><W101/><G101/><T7/><D7/><AGARI ba="1,0" hai="7,10,15,24,30,35,88,89" m="3375,47147" machi="7" ten="30,2000,0" yaku="13,1,54,1" doraHai="42" who="1" fromWho="0" sc="243,-23,280,23,334,0,143,0" /><INIT seed="3,0,0,0,5,132" ten="220,303,334,143" oya="3" hai0="11,0,63,50,111,45,85,122,119,23,70,12,22" hai1="75,72,25,44,107,82,31,34,18,10,127,87,28" hai2="130,135,114,47,109,27,86,55,93,80,83,103,115" hai3="92,77,62,89,96,105,54,113,19,65,58,69,53"/><W123/><G113/><T76/><D119/><U99/><E31/><V121/><F135/><W33/><G123/><T20/><D122/><U118/><E118/><V67/><F121/><W13/><G33/><T68/><D111/><U5/><E127/><V116/><F116/><W84/><G69/><T95/><D95/><U35/><BYE who="0" /><E35/><UN n0="%6D%75%75%6D%75%72%61" /><V52/><F109/><W102/><REACH who="3" step="1"/><G77/><REACH who="3" ten="220,303,334,133" step="2"/><T61/><D70/><U43/><E34/><V3/><F115/><W112/><G112/><T81/><D68/><U7/><E75/><V125/><F114/><W120/><G120/><T57/><D0/><U74/><E72/><V134/><F3/><W14/><G14/><T104/><D104/><U131/><E74/><V9/><F134/><W49/><G49/><T21/><N who="0" m="5120" /><DORA hai="108" /><T90/><D76/><U56/><E107/><V124/><F27/><W78/><G78/><T39/><D39/><U128/><E25/><V106/><F106/><W48/><G48/><T79/><D79/><U59/><E128/><V101/><F130/><W37/><G37/><T117/><D117/><U46/><E131/><V38/><F38/><W91/><G91/><T73/><D73/><U97/><E28/><V110/><F110/><W133/><G133/><T100/><D100/><U8/><E97/><V60/><F103/><W36/><G36/><T40/><D57/><U4/><E99/><V129/><F101/><W126/><G126/><T16/><AGARI ba="0,1" hai="11,12,16,40,45,50,61,63,81,85,90" m="5120" machi="16" ten="40,5200,0" yaku="0,1,8,1,54,1" doraHai="132,108" who="0" fromWho="0" sc="220,62,303,-13,334,-13,133,-26" owari="282,-11.8,290,9.0,321,42.1,107,-39.3" /></mjloggm>