<mjloggm ver="2.3"><GO type="225" lobby="0"/><UN n0="%E6%A1%9C%E8%8A%B1%E9%96%83%E3%80%85" n1="%E5%84%AA%40%41%42%43" n2="%6D%61%74%69%67%75%73%61" n3="%48%61%61%61%6C%61%6E%64" dan="16,17,17,18" rate="2122.13,2144.11,2232.07,2248.72" sx="M,M,M,M"/><TAIKYOKU oya="0"/><INIT seed="0,0,0,1,1,90" ten="250,250,250,250" oya="0" hai0="23,57,78,16,127,38,50,98,53,123,122,15,102" hai1="71,70,39,110,77,12,101,24,28,35,66,133,81" hai2="14,83,131,117,104,34,79,18,6,46,25,60,20" hai3="56,129,108,86,76,40,99,118,4,126,44,54,103"/><T32/><D127/><U109/><E133/><V21/><F104/><W47/><G118/><T124/><D124/><U8/><E39/><V93/><F131/><W95/><G126/><T41/><D32/><U89/><E101/><V68/><F117/><W82/><G129/><T113/><D113/><U0/><E89/><V75/><F34/><W37/><G108/><N who="1" m="41578" /><E66/><V51/><F6/><W1/><G44/><T115/><D115/><U73/><E0/><V72/><F72/><W7/><REACH who="3" step="1"/><G1/><REACH who="3" ten="250,250,250,240" step="2"/><T2/><D2/><U31/><E31/><V114/><F114/><W30/><G30/><T119/><D119/><U43/><E43/><V64/><F46/><W36/><G36/><T62/><D38/><U58/><E58/><V85/><F68/><W55/><G55/><T135/><D135/><U48/><E48/><AGARI ba="0,1" hai="4,7,37,40,47,48,54,56,76,82,86,95,99,103" machi="48" ten="30,7700,0" yaku="1,1,7,1,52,1,53,1" doraHai="90" doraHaiUra="92" who="3" fromWho="1" sc="250,0,250,-77,250,0,240,87" /><INIT seed="1,0,0,2,3,127" ten="250,173,250,327" oya="1" hai0="132,55,98,11,0,42,40,22,107,134,71,45,15" hai1="59,47,41,21,26,4,23,52,122,63,60,86,118" hai2="61,89,111,16,31,104,115,120,130,91,18,39,1" hai3="2,3,37,131,82,14,72,49,67,99,126,68,46"/><U74/><E74/><V106/><F39/><W5/><G37/><T51/><D71/><U24/><E118/><V119/><F1/><W20/><G126/><T100/><D22/><U96/><E122/><V12/><F119/><W105/><G131/><T94/><D107/><U77/><E4/><V75/><F75/><W95/><G105/><T25/><D25/><U108/><E108/><V125/><F31/><W90/><G67/><T116/><D0/><U110/><E110/><V6/><F6/><W29/><G68/><T93/><D93/><U121/><E121/><V87/><F61/><W112/><G112/><T17/><REACH who="0" step="1"/><D116/><REACH who="0" ten="240,173,250,327" step="2"/><U101/><E21/><V32/><F106/><W8/><G20/><T102/><D102/><U44/><E26/><V76/><F104/><W65/><G2/><T38/><D38/><U10/><E10/><V19/><F120/><W43/><G3/><T133/><AGARI ba="0,1" hai="11,15,17,40,42,45,51,55,94,98,100,132,133,134" machi="133" ten="30,4000,0" yaku="1,1,0,1,20,1,53,0" doraHai="127" doraHaiUra="57" who="0" fromWho="0" sc="240,50,173,-20,250,-10,327,-10" /><INIT seed="2,0,0,5,3,0" ten="290,153,240,317" oya="2" hai0="3,34,78,38,22,133,80,104,108,59,93,122,46" hai1="41,97,83,28,47,10,131,82,42,102,31,23,112" hai2="15,73,14,75,53,99,79,96,58,45,16,105,69" hai3="11,115,76,29,55,111,4,118,43,18,81,110,37"/><V128/><F69/><W132/><G118/><T84/><D34/><U7/><E112/><V101/><F128/><W6/><G115/><T134/><D122/><U120/><E131/><V121/><F121/><W33/><G132/><T103/><D108/><N who="3" m="41513" /><G55/><T135/><D104/><U27/><E28/><V32/><F32/><W26/><G43/><N who="0" m="22903" /><D3/><U5/><E120/><V19/><F45/><W57/><G57/><T8/><D8/><U85/><E82/><V109/><F109/><W49/><G49/><T65/><D22/><U94/><E10/><V124/><F124/><W95/><G37/><T130/><D130/><U116/><E116/><V88/><F79/><W12/><G95/><T30/><D30/><U86/><E86/><AGARI ba="0,0" hai="4,6,11,12,18,26,29,33,76,81,86" m="41513" machi="86" ten="30,3900,0" yaku="14,1,52,2" doraHai="0" who="3" fromWho="1" sc="290,0,153,-39,240,0,317,39" /><INIT seed="3,0,0,2,4,40" ten="290,114,240,356" oya="3" hai0="25,96,0,34,112,50,127,59,22,87,33,38,14" hai1="97,110,61,17,68,83,84,49,124,8,102,103,113" hai2="88,70,128,69,111,93,116,106,85,60,18,41,76" hai3="79,56,66,67,58,52,121,71,104,13,3,80,42"/><W1/><G71/><T74/><D74/><U37/><E113/><V54/><F116/><W15/><G104/><T108/><D38/><U123/><E123/><V72/><F111/><W107/><G107/><T10/><D108/><U11/><E37/><V122/><F128/><W98/><G98/><T19/><D112/><U129/><E110/><V51/><F106/><W100/><G100/><T134/><D96/><U43/><E129/><V135/><F135/><W90/><G90/><T114/><D114/><U131/><E131/><V35/><F35/><N who="0" m="13322" /><D50/><U2/><E2/><V91/><F122/><W27/><G42/><T5/><D59/><U31/><E31/><V30/><F30/><W48/><G58/><T9/><D87/><U29/><E29/><V6/><F6/><W126/><G56/><T28/><D127/><U109/><E124/><V55/><F76/><W26/><G48/><T115/><D115/><U21/><E109/><V105/><F72/><W133/><G79/><T63/><D63/><U117/><E117/><V73/><F73/><W82/><G121/><T75/><D75/><U57/><E68/><V99/><F41/><W44/><G126/><T39/><D39/><U36/><E36/><V46/><F18/><W47/><G133/><AGARI ba="0,0" hai="0,5,9,10,14,19,22,25,28,133,134" m="13322" machi="133" ten="30,2000,0" yaku="34,2" doraHai="40" who="0" fromWho="3" sc="290,20,114,0,240,0,356,-20" owari="310,11.0,114,-38.6,240,-16.0,336,43.6" /></mjloggm>