<mjloggm ver="2.3"><GO type="225" lobby="0"/><UN n0="%70%6E%64%73%6E%67" n1="%E3%82%A2%E3%82%A4%E3%82%B9%E3%83%86%E3%82%A3%E3%83%BC%E3%81%82%E3%81%B9" n2="%54%4F%52" n3="%E3%81%8B%E3%82%8F%E3%81%A1%E3%82%83%E3%82%93%35%38" dan="16,16,17,16" rate="2101.38,2075.08,2242.53,2150.45" sx="M,M,M,M"/><TAIKYOKU oya="0"/><INIT seed="0,0,0,5,5,122" ten="250,250,250,250" oya="0" hai0="8,117,93,76,48,35,104,71,79,63,31,99,94" hai1="42,43,34,125,119,121,24,132,123,7,73,28,78" hai2="77,54,128,120,22,36,98,27,113,108,105,55,25" hai3="53,135,115,129,131,127,58,18,67,75,124,9,59"/><T68/><D117/><U62/><E119/><V72/><F120/><W32/><G18/><T103/><D8/><U80/><E125/><N who="3" m="48202" /><G9/><T20/><D20/><U133/><E123/><V44/><F113/><W19/><G19/><T17/><D17/><U81/><E121/><V47/><F128/><N who="3" m="49227" /><G75/><T95/><D48/><U64/><E81/><V21/><F77/><W109/><G32/><T38/><D38/><U118/><E118/><V65/><F72/><W51/><G115/><T74/><D74/><U26/><E7/><V60/><F36/><W82/><G82/><T114/><D114/><U5/><E5/><V86/><F86/><W84/><G84/><T33/><D33/><U66/><E66/><V0/><F0/><W3/><G3/><T70/><REACH who="0" step="1"/><D63/><REACH who="0" ten="240,250,250,250" step="2"/><U57/><E26/><AGARI ba="0,1" hai="26,31,35,68,70,71,76,79,93,94,95,99,103,104" machi="26" ten="50,12000,1" yaku="1,1,2,1,53,3" doraHai="122" doraHaiUra="91" who="0" fromWho="1" sc="240,130,250,-120,250,0,250,0" /><INIT seed="0,1,0,1,3,7" ten="370,130,250,250" oya="0" hai0="93,49,1,41,9,51,91,104,16,73,95,17,118" hai1="81,132,130,24,12,82,66,83,110,117,123,92,58" hai2="39,98,80,0,3,40,30,14,5,65,111,27,133" hai3="127,25,60,79,75,78,46,90,57,72,44,36,68"/><T121/><D118/><U6/><E117/><V114/><F114/><W106/><G68/><T34/><D121/><U55/><E123/><V54/><F65/><W87/><G106/><T125/><D104/><U63/><E110/><V88/><F111/><W67/><G127/><T11/><D73/><U120/><E120/><V53/><F133/><W31/><G75/><T86/><D34/><U52/><E132/><V119/><F119/><W134/><G134/><T89/><D1/><U94/><E130/><V101/><F14/><W33/><G72/><T109/><D109/><U8/><E24/><V126/><F126/><W129/><G129/><T85/><D41/><U135/><E135/><V43/><F39/><W76/><REACH who="3" step="1"/><G36/><REACH who="3" ten="370,130,250,240" step="2"/><T50/><D125/><U71/><REACH who="1" step="1"/><E55/><REACH who="1" ten="370,120,250,240" step="2"/><V4/><F54/><W62/><G62/><AGARI ba="1,2" hai="6,8,12,52,58,62,63,66,71,81,82,83,92,94" machi="62" ten="40,8000,1" yaku="1,1,2,1,52,1,54,1,53,0" doraHai="7" doraHaiUra="20" who="1" fromWho="3" sc="370,0,120,103,250,0,240,-83" /><INIT seed="1,0,0,3,4,56" ten="370,223,250,157" oya="1" hai0="74,82,24,51,70,41,57,26,83,90,14,64,0" hai1="87,55,31,68,128,95,132,122,77,10,89,98,85" hai2="119,12,91,107,49,67,88,18,115,116,30,130,93" hai3="71,105,100,8,69,48,4,104,52,22,92,1,76"/><U72/><E122/><V135/><F115/><W53/><G76/><T133/><D0/><U42/><E68/><V39/><F39/><W66/><G53/><T75/><D70/><U99/><E132/><V118/><F107/><W111/><G111/><T60/><D133/><U109/><E42/><V108/><F108/><W7/><G7/><T126/><D126/><U47/><E109/><V11/><F135/><W78/><G78/><T106/><D106/><U123/><E123/><V58/><F130/><W63/><G71/><T134/><D134/><U112/><E112/><V59/><F30/><W44/><REACH who="3" step="1"/><G22/><REACH who="3" ten="370,223,250,147" step="2"/><T114/><D74/><U110/><E72/><V19/><F118/><W62/><G62/><T9/><D75/><U50/><E110/><V127/><F116/><W2/><G2/><T29/><D114/><U36/><E128/><V27/><F119/><W17/><G17/><T28/><D29/><U25/><E31/><V125/><F125/><W5/><G5/><T129/><D28/><U97/><E77/><V61/><F127/><W120/><G120/><T96/><D129/><U33/><E55/><N who="2" m="32111" /><F93/><W35/><G35/><T121/><D121/><U81/><E33/><V37/><F37/><W65/><G65/><T54/><D54/><N who="1" m="30047" /><E36/><V13/><F27/><W34/><G34/><T46/><D26/><U79/><E25/><V23/><AGARI ba="0,1" hai="11,12,13,18,19,23,59,61,67,88,91" m="32111" machi="23" ten="30,4000,0" yaku="8,1,52,1,54,1" doraHai="56" who="2" fromWho="2" sc="370,-10,223,-20,250,50,147,-10" /><INIT seed="2,0,0,2,3,110" ten="360,203,300,137" oya="2" hai0="46,29,135,69,123,127,53,125,106,64,132,61,121" hai1="107,91,13,63,22,95,62,27,66,16,104,98,4" hai2="82,76,77,108,35,74,90,103,114,117,133,14,28" hai3="126,65,5,71,68,30,73,37,45,88,101,38,134"/><V2/><F2/><W72/><G101/><T0/><D0/><U81/><E63/><V55/><F117/><W20/><G20/><T40/><D53/><U49/><E49/><V33/><F108/><W39/><G30/><T85/><D85/><U130/><E130/><V115/><F133/><N who="0" m="51274" /><D106/><U56/><E4/><V43/><F43/><W7/><G134/><T94/><D94/><U50/><E81/><V92/><F77/><W128/><G128/><T59/><D59/><U120/><E120/><N who="0" m="46153" /><D29/><U12/><E107/><V131/><F131/><W41/><G41/><T122/><D122/><U79/><E79/><V87/><F103/><W9/><G65/><T80/><D80/><U11/><E104/><V75/><F75/><W17/><G45/><T83/><D83/><U111/><E111/><V60/><F28/><W52/><G52/><T57/><D57/><U26/><REACH who="1" step="1"/><E50/><AGARI ba="0,0" hai="40,46,50,61,64,69,125,127" m="46153,51274" machi="50" ten="30,3900,0" yaku="20,1,34,2" doraHai="110" who="0" fromWho="1" sc="360,39,203,-39,300,0,137,0" /><INIT seed="3,0,0,4,0,34" ten="399,164,300,137" oya="3" hai0="78,73,51,50,103,80,132,90,64,44,67,35,123" hai1="37,8,43,36,100,116,135,118,52,110,102,30,95" hai2="127,74,120,126,7,79,58,16,72,98,86,121,26" hai3="92,89,47,99,101,22,66,106,3,75,130,125,31"/><W24/><G125/><N who="2" m="47625" /><F7/><W82/><G130/><T0/><D0/><U17/><E110/><V46/><F98/><W76/><G66/><T53/><D35/><U15/><E135/><V134/><F134/><W19/><G47/><T29/><D29/><U11/><E30/><V38/><F58/><W105/><G3/><T84/><D123/><N who="2" m="47178" /><F86/><W54/><G54/><T1/><D1/><U45/><E37/><V128/><F128/><W21/><REACH who="3" step="1"/><G101/><REACH who="3" ten="399,164,300,127" step="2"/><T48/><D103/><U18/><E52/><V40/><F79/><W10/><G10/><T119/><D132/><U87/><E8/><V12/><F26/><AGARI ba="0,1" hai="19,21,22,24,26,31,75,76,82,89,92,99,105,106" machi="26" ten="30,5800,0" yaku="1,1,7,1,53,1" doraHai="34" doraHaiUra="107" who="3" fromWho="2" sc="399,0,164,0,300,-58,127,68" /><INIT seed="3,1,0,0,3,2" ten="399,164,242,195" oya="3" hai0="110,69,106,58,13,46,113,116,94,28,120,121,7" hai1="75,135,16,52,95,81,105,74,96,12,9,49,30" hai2="15,33,77,98,19,31,131,80,4,6,76,50,5" hai3="104,8,79,67,40,122,45,82,114,132,41,78,57"/><W64/><G114/><T17/><D106/><U88/><E105/><V27/><F131/><W55/><G122/><T102/><D69/><U24/><E135/><V10/><F98/><W63/><G104/><T44/><D28/><U130/><E81/><V23/><F50/><W72/><G132/><T123/><D116/><U118/><E130/><V37/><F37/><W62/><G79/><T133/><D17/><U36/><E36/><V92/><F92/><W115/><G115/><T68/><D68/><U71/><E71/><V47/><F47/><W119/><G119/><T91/><D102/><U93/><E95/><V34/><REACH who="2" step="1"/><F77/><REACH who="2" ten="399,164,232,195" step="2"/><W43/><G45/><T109/><D94/><U20/><E118/><V39/><F39/><W85/><G41/><T70/><D46/><AGARI ba="1,1" hai="9,12,16,20,24,30,46,49,52,74,75,88,93,96" machi="46" ten="30,7700,0" yaku="7,1,54,3" doraHai="2" who="1" fromWho="0" sc="399,-80,164,90,232,0,195,0" owari="319,41.9,254,5.4,232,-16.8,195,-30.5" /></mjloggm>