<mjloggm ver="2.3"><GO type="225" lobby="0"/><UN n0="%E3%82%A2%E3%83%A1%E3%82%A2%E3%83%A9%E3%83%AC" n1="%E6%97%A5%E6%9B%9C%E6%97%A5%E3%82%88%E3%82%8A%E3%81%AE%E4%BD%BF%E8%80%85" n2="%E3%82%B2%E3%82%B9%E8%8C%82%E5%8B%9D" n3="%E7%99%BD%E5%92%B2%E8%8A%B1%E3%81%A1%E3%82%83%E3%82%93" dan="16,16,16,16" rate="2067.87,2095.56,2103.25,2163.33" sx="M,M,F,F"/><TAIKYOKU oya="0"/><INIT seed="0,0,0,0,5,118" ten="250,250,250,250" oya="0" hai0="81,74,55,10,24,15,58,61,97,79,1,11,14" hai1="51,110,12,125,19,100,78,112,52,47,20,76,94" hai2="26,108,120,6,72,80,30,101,96,25,9,124,126" hai3="89,22,117,40,59,66,34,98,62,114,84,23,16"/><T87/><D1/><U48/><E110/><V33/><F108/><W7/><G117/><T0/><D0/><U43/><E125/><V119/><F119/><W134/><G114/><T8/><D74/><U92/><E112/><V45/><F25/><W103/><G134/><T109/><D109/><U42/><E42/><V82/><F45/><W50/><G34/><T29/><REACH who="0" step="1"/><D97/><REACH who="0" ten="240,250,250,250" step="2"/><N who="1" m="59431" /><E94/><V65/><F72/><W4/><G98/><T27/><D27/><U64/><E64/><V104/><F65/><W37/><G66/><T123/><D123/><U131/><E131/><V86/><F120/><W41/><G84/><T85/><D85/><U116/><E116/><V53/><F86/><W105/><G7/><T60/><D60/><U56/><AGARI ba="0,1" hai="12,19,20,43,47,48,51,52,56,76,78" m="59431" machi="56" ten="30,2000,0" yaku="8,1,54,1" doraHai="118" who="1" fromWho="1" sc="240,-10,250,30,250,-5,250,-5" /><INIT seed="1,0,0,4,5,86" ten="230,280,245,245" oya="1" hai0="21,66,113,0,93,82,49,4,134,28,52,27,117" hai1="61,22,19,87,118,91,102,79,124,58,37,129,71" hai2="85,89,10,132,3,34,80,120,50,23,122,73,98" hai3="20,109,29,76,62,84,38,60,70,12,18,81,123"/><U131/><E37/><V78/><F132/><W56/><G123/><T48/><D134/><U105/><E118/><V83/><F34/><W75/><G109/><T100/><D113/><U125/><E71/><V128/><F128/><N who="1" m="49225" /><E79/><V63/><F98/><W2/><G2/><T112/><D112/><U68/><E68/><V39/><F39/><W106/><G106/><T96/><D117/><U36/><E36/><V115/><F63/><W64/><G38/><T127/><D127/><N who="1" m="48715" /><E102/><V40/><F115/><W103/><G103/><T24/><D66/><N who="1" m="39223" /><E105/><V126/><F126/><W9/><G75/><T95/><D100/><U17/><E22/><V57/><F23/><W94/><G20/><T55/><D21/><U41/><E41/><V26/><F40/><W51/><G70/><T74/><D74/><U33/><E33/><V13/><F26/><W15/><G76/><T92/><D27/><U88/><E91/><V46/><F120/><W108/><G108/><T135/><D24/><U54/><E54/><V8/><F122/><W97/><G29/><T43/><D52/><U111/><E111/><V133/><F3/><W67/><G67/><T7/><D55/><U35/><E35/><V6/><F8/><W119/><G119/><T42/><D42/><U107/><E107/><V116/><F116/><W53/><G64/><T32/><D43/><U59/><E59/><V110/><F57/><W11/><G11/><T16/><D32/><U31/><E31/><V130/><F110/><W121/><G121/><T45/><D28/><U114/><E114/><V30/><F130/><W47/><G56/><RYUUKYOKU ba="0,0" sc="230,-10,280,30,245,-10,245,-10" hai1="17,19,87,88" /><INIT seed="1,1,0,3,4,64" ten="220,310,235,235" oya="1" hai0="75,63,122,6,72,56,66,124,65,107,70,99,101" hai1="98,62,48,110,81,106,8,33,13,134,108,120,22" hai2="25,102,16,20,131,96,59,85,49,93,97,5,14" hai3="57,4,79,125,118,34,54,123,39,60,0,82,29"/><U91/><E33/><V31/><F131/><W69/><G123/><T117/><D124/><U92/><E120/><V68/><F68/><W133/><G125/><T36/><D117/><U55/><E134/><V51/><F5/><W126/><G126/><T87/><D122/><U104/><E22/><V23/><F85/><W58/><G133/><T24/><D36/><U94/><E81/><V12/><F12/><W115/><G39/><T42/><D42/><U21/><E21/><V76/><F76/><W127/><G127/><T119/><D119/><U3/><E3/><V71/><F71/><W100/><G100/><T46/><D46/><N who="1" m="28055" /><E94/><V2/><F2/><W109/><G115/><T73/><D6/><N who="1" m="3223" /><E62/><V7/><F7/><W86/><G118/><T53/><D24/><U38/><E38/><V32/><F32/><W28/><G34/><T121/><D121/><U114/><E114/><V132/><F132/><W74/><G0/><T105/><D105/><U112/><E112/><V67/><F97/><W1/><G1/><T103/><D70/><U10/><E10/><V89/><F89/><W40/><G69/><T78/><D103/><U61/><E61/><AGARI ba="1,0" hai="14,16,20,23,25,31,49,51,59,61,67,93,96,102" machi="61" ten="40,8000,1" yaku="25,2,8,1,54,1" doraHai="64" who="2" fromWho="1" sc="220,0,310,-83,235,83,235,0" /><INIT seed="2,0,0,0,2,81" ten="220,227,318,235" oya="2" hai0="94,106,80,16,92,21,103,85,51,15,112,5,6" hai1="93,14,28,4,107,23,76,134,54,104,1,73,122" hai2="91,11,22,29,96,118,60,74,128,24,132,109,8" hai3="99,19,26,37,56,69,38,83,9,102,25,111,64"/><V30/><F118/><W36/><G111/><T45/><D112/><U27/><E1/><V116/><F116/><W46/><G69/><T113/><D106/><U100/><E73/><V34/><F74/><W108/><G108/><T58/><D58/><U66/><E76/><V0/><F109/><W120/><G120/><T7/><D103/><U72/><E72/><V79/><F79/><W67/><G46/><T2/><D2/><U124/><E66/><V126/><F132/><W121/><G121/><T40/><REACH who="0" step="1"/><D113/><REACH who="0" ten="210,227,318,235" step="2"/><U98/><E122/><V78/><F0/><W129/><G56/><T31/><D31/><U49/><E134/><V50/><F29/><W32/><G102/><T3/><D3/><U71/><E71/><V88/><F30/><W89/><G129/><T125/><D125/><U13/><E124/><V55/><F126/><W57/><G57/><T44/><D44/><U105/><REACH who="1" step="1"/><E4/><REACH who="1" ten="210,217,318,235" step="2"/><V95/><F128/><W61/><G67/><T62/><D62/><U130/><E130/><V43/><F60/><W48/><G64/><T77/><AGARI ba="0,2" hai="5,6,7,15,16,21,40,45,51,77,80,85,92,94" machi="77" ten="30,8000,1" yaku="1,1,0,1,8,1,52,1,54,1,53,0" doraHai="81" doraHaiUra="68" who="0" fromWho="0" sc="210,100,217,-20,318,-40,235,-20" /><INIT seed="3,0,0,5,1,15" ten="310,197,278,215" oya="3" hai0="121,30,115,114,88,102,131,55,59,49,128,82,96" hai1="26,64,51,77,89,76,2,23,19,1,74,129,100" hai2="28,12,94,48,90,61,17,85,29,13,117,109,80" hai3="79,18,86,123,44,25,101,60,122,98,20,36,63"/><W50/><G36/><T135/><D135/><U11/><E129/><N who="0" m="49737" /><D121/><U62/><E100/><V3/><F109/><W118/><G118/><T97/><D30/><U81/><E76/><V132/><F3/><W56/><G86/><N who="0" m="50263" /><D97/><U58/><E89/><N who="2" m="51367" /><F132/><W133/><G79/><T91/><D91/><U39/><E39/><V69/><F69/><W34/><G34/><T108/><D108/><U130/><E130/><V87/><F117/><W106/><G133/><T124/><D124/><U83/><E83/><V14/><F61/><W27/><G63/><T105/><AGARI ba="0,0" hai="49,55,59,96,102,105,114,115" m="50263,49737" machi="105" ten="30,2000,0" yaku="19,1,54,1" doraHai="15" who="0" fromWho="0" sc="310,20,197,-5,278,-5,215,-10" owari="330,43.0,192,-30.8,273,7.3,205,-19.5" /></mjloggm>