<mjloggm ver="2.3"><GO type="225" lobby="0"/><UN n0="%E5%B0%8F%37%34" n1="%73%6C%69%63%6B%33%31%39" n2="%E3%82%B7%E3%83%B3%E5%A4%AA%E6%9C%97" n3="%E3%81%8B%E3%82%8F%E3%81%A1%E3%82%83%E3%82%93%35%38" dan="16,16,16,16" rate="2110.62,2069.54,2162.83,2185.52" sx="M,M,M,M"/><TAIKYOKU oya="0"/><INIT seed="0,0,0,5,1,15" ten="250,250,250,250" oya="0" hai0="35,107,67,39,89,129,58,100,55,44,90,52,66" hai1="49,71,30,14,117,23,135,104,126,116,112,40,83" hai2="57,113,25,37,128,47,122,131,87,98,103,11,22" hai3="10,56,111,26,60,17,38,65,12,68,134,63,62"/><T106/><D35/><U72/><E104/><V20/><F122/><W29/><G111/><T102/><D58/><U59/><E71/><V93/><F113/><W45/><G134/><T120/><D44/><U4/><E72/><V119/><F119/><W27/><G62/><T109/><D39/><U31/><E135/><V36/><F57/><W97/><G97/><T96/><D96/><U76/><E112/><V54/><F11/><W42/><REACH who="3" step="1"/><G29/><REACH who="3" ten="250,250,250,240" step="2"/><T88/><D109/><U28/><E30/><V48/><F128/><W0/><G0/><T13/><D129/><U50/><E28/><V46/><F131/><W19/><G19/><T33/><D120/><U9/><E31/><V75/><F75/><W51/><G51/><T69/><D33/><U81/><E49/><V64/><F87/><W132/><G132/><T124/><D69/><U108/><E50/><V18/><F64/><AGARI ba="0,1" hai="10,12,17,26,27,38,42,45,56,60,63,64,65,68" machi="64" ten="30,3900,0" yaku="1,1,7,1,52,1,53,0" doraHai="15" doraHaiUra="77" who="3" fromWho="2" sc="250,0,250,0,250,-39,240,49" /><INIT seed="1,0,0,4,5,48" ten="250,250,211,289" oya="1" hai0="57,127,77,97,107,47,93,85,1,12,9,32,125" hai1="119,65,25,27,50,90,133,114,84,103,18,102,95" hai2="34,115,105,96,17,67,45,121,101,41,53,55,109" hai3="116,52,7,56,4,10,64,11,87,61,82,14,81"/><U6/><E114/><V94/><F121/><W111/><G111/><T22/><D32/><U83/><E119/><V49/><F115/><W37/><G37/><T0/><D107/><U122/><E122/><V36/><F109/><W28/><G116/><T30/><D47/><U24/><E133/><V88/><F34/><W92/><G28/><T99/><D99/><U31/><E6/><V120/><F120/><W70/><G92/><T78/><D0/><U51/><E31/><V23/><F67/><W26/><G26/><N who="0" m="16727" /><D1/><U63/><E18/><V126/><F36/><W112/><G112/><T66/><D85/><U131/><E131/><V5/><F5/><W98/><G98/><T130/><D130/><U76/><E103/><V104/><F126/><N who="0" m="48138" /><D57/><U59/><REACH who="1" step="1"/><E102/><REACH who="1" ten="250,240,211,289" step="2"/><V110/><F110/><W86/><G4/><T39/><D9/><U100/><E100/><V124/><F124/><W75/><G10/><T43/><D12/><U68/><E68/><V73/><F105/><W15/><G15/><T129/><D129/><U108/><E108/><V16/><F17/><W62/><G14/><T106/><D106/><U33/><E33/><V118/><F118/><W74/><G11/><T3/><D3/><U58/><E58/><V71/><F71/><W29/><G7/><T44/><D66/><U19/><E19/><V113/><F113/><W80/><G29/><T8/><D8/><U21/><E21/><V35/><F35/><W69/><G69/><T91/><AGARI ba="0,1" hai="39,43,44,77,78,91,93,97" m="48138,16727" machi="91" ten="30,1100,0" yaku="18,1" doraHai="48" who="0" fromWho="0" sc="250,21,240,-5,211,-3,289,-3" /><INIT seed="2,0,0,3,0,90" ten="271,235,208,286" oya="2" hai0="57,21,39,43,56,119,54,89,84,73,28,0,106" hai1="109,4,35,48,133,111,121,77,41,92,102,22,58" hai2="96,99,113,74,26,9,37,105,107,101,60,50,34" hai3="19,1,83,130,78,81,6,24,62,23,63,44,55"/><V118/><F113/><W61/><G130/><T38/><D106/><U100/><E35/><V116/><F37/><W94/><G1/><T31/><D73/><U49/><E133/><V36/><F36/><W46/><G6/><T75/><D75/><U12/><E77/><V72/><F50/><W68/><G68/><T86/><D0/><U120/><E41/><V76/><F9/><W32/><G32/><T122/><D122/><N who="1" m="47211" /><E22/><V134/><F134/><W8/><G78/><T114/><D114/><U3/><E3/><V124/><F124/><W52/><G8/><T112/><D112/><U51/><E58/><V128/><F128/><W104/><G104/><T16/><D119/><N who="2" m="45610" /><F60/><W87/><G94/><N who="0" m="54567" /><D38/><U93/><E12/><V59/><F59/><N who="0" m="22602" /><D39/><U65/><E65/><V7/><F7/><W110/><G87/><T117/><D117/><U27/><E4/><V15/><F15/><W88/><G62/><T85/><D43/><U108/><E27/><V17/><F17/><W82/><G19/><T131/><D131/><U30/><E30/><N who="0" m="11305" /><D54/><U66/><E66/><V135/><F135/><W42/><G42/><T67/><D67/><U132/><E132/><V70/><F70/><W53/><G53/><T10/><D10/><U115/><E115/><V123/><F123/><W14/><G55/><T97/><D97/><U79/><E79/><V18/><F76/><W47/><G52/><T13/><AGARI ba="0,0" hai="13,16,21,85,86" m="11305,22602,54567" machi="13" ten="30,4000,0" yaku="8,1,52,1,54,1" doraHai="90" who="0" fromWho="0" sc="271,40,235,-10,208,-20,286,-10" /><INIT seed="3,0,0,0,1,86" ten="311,225,188,276" oya="3" hai0="102,72,107,57,37,76,118,119,62,123,4,12,120" hai1="28,70,3,10,38,51,32,8,11,73,41,96,53" hai2="68,84,60,131,69,58,101,48,47,54,31,121,92" hai3="126,88,132,55,17,7,16,22,14,19,27,34,75"/><W81/><G34/><T66/><D37/><U35/><E73/><V122/><F131/><W29/><G126/><T133/><D107/><U100/><E3/><V124/><F31/><W0/><G132/><T25/><D102/><U91/><E70/><N who="2" m="27243" /><F101/><W1/><G75/><T106/><D133/><U110/><E100/><V9/><F9/><N who="3" m="4415" /><G88/><T116/><D106/><U46/><E28/><V64/><F92/><W135/><G55/><T42/><D120/><N who="2" m="46186" /><F84/><W129/><G81/><T103/><D123/><U63/><E96/><V49/><F49/><W117/><G135/><T61/><D72/><U20/><E32/><V56/><F124/><W87/><G87/><T36/><D103/><U33/><E35/><V43/><F58/><W26/><G117/><T44/><D119/><U111/><E33/><V59/><F56/><W77/><G77/><T45/><D118/><U15/><E51/><V125/><F125/><W104/><G104/><T90/><D116/><U82/><E82/><V80/><F80/><W79/><G79/><T65/><D76/><U67/><E91/><V128/><F128/><W94/><G94/><T74/><D90/><U113/><E8/><V134/><F134/><W5/><G129/><T6/><D74/><U109/><E10/><V97/><F97/><W23/><G5/><T112/><D6/><U95/><E95/><V114/><F114/><W30/><AGARI ba="0,0" hai="0,1,16,17,19,22,23,26,27,29,30" m="4415" machi="30" ten="30,18000,2" yaku="35,5,54,1" doraHai="86" who="3" fromWho="3" sc="311,-60,225,-60,188,-60,276,180" owari="251,5.1,165,-23.5,128,-37.2,456,55.6" /></mjloggm>