<mjloggm ver="2.3"><GO type="225" lobby="0"/><UN n0="%E3%81%B6%E3%82%8B%E3%82%8B%E3%81%B6%E3%81%B6" n1="%6D%75%75%6D%75%72%61" n2="%43%68%65" n3="%E3%82%82%E3%81%90%E3%82%89" dan="16,17,16,17" rate="2077.31,2147.99,2163.61,2156.29" sx="M,F,M,M"/><TAIKYOKU oya="0"/><INIT seed="0,0,0,0,0,71" ten="250,250,250,250" oya="0" hai0="110,80,36,4,90,131,57,77,106,56,118,1,129" hai1="22,82,121,128,32,68,45,25,51,62,73,43,125" hai2="84,58,95,102,3,119,19,127,75,61,63,31,115" hai3="9,133,130,13,94,5,35,52,105,108,69,126,83"/><T116/><D106/><U60/><E121/><V26/><F75/><W27/><G105/><T40/><D90/><U88/><E125/><V34/><F115/><W103/><G69/><T23/><D23/><U112/><E112/><V101/><F127/><W67/><G126/><T17/><D17/><U7/><E128/><N who="0" m="49225" /><D110/><U66/><E32/><V79/><F3/><W99/><G130/><T109/><D109/><U15/><E62/><V44/><F119/><N who="0" m="45610" /><D4/><U38/><E7/><V122/><F122/><W70/><G35/><T97/><D97/><U64/><E15/><V37/><F19/><W81/><G27/><T124/><D1/><U11/><E11/><V24/><F24/><W12/><G108/><T135/><D124/><U134/><E134/><V53/><F95/><W16/><G133/><T120/><D120/><U49/><E66/><V123/><F101/><W48/><G67/><T10/><D10/><U86/><REACH who="1" step="1"/><E73/><REACH who="1" ten="250,240,250,250" step="2"/><V78/><F34/><W91/><G70/><T132/><D135/><U54/><E54/><V89/><F53/><W72/><G72/><N who="0" m="43047" /><D132/><U29/><AGARI ba="0,1" hai="22,25,29,38,43,45,49,51,60,64,68,82,86,88" machi="29" ten="20,12000,2" yaku="1,1,0,1,7,1,52,1,54,1,53,1" doraHai="71" doraHaiUra="59" who="1" fromWho="1" sc="250,-60,240,130,250,-30,250,-30" /><INIT seed="1,0,0,2,5,76" ten="190,370,220,220" oya="1" hai0="115,80,30,110,74,55,44,70,61,90,5,60,134" hai1="27,113,39,33,81,64,85,71,3,122,97,89,120" hai2="121,34,7,23,37,58,133,6,31,52,35,99,75" hai3="38,86,84,45,78,130,107,88,100,132,11,109,119"/><U22/><E113/><V92/><F121/><W77/><G38/><T13/><D115/><U20/><E39/><V129/><F37/><W41/><G41/><T16/><D110/><U26/><E33/><V87/><F75/><W1/><G45/><T51/><D134/><U104/><E3/><V29/><F133/><W21/><G132/><T98/><D5/><N who="2" m="1546" /><F129/><W8/><G1/><T57/><D70/><U72/><E72/><V18/><F35/><W91/><G21/><T128/><D128/><U124/><E124/><V12/><F87/><W17/><G130/><T46/><D30/><U101/><E71/><V48/><F34/><W126/><G17/><T79/><D46/><U116/><E64/><V96/><F96/><W83/><G109/><T117/><D117/><U54/><E54/><V65/><F65/><W103/><G126/><T32/><D32/><U19/><REACH who="1" step="1"/><E116/><REACH who="1" ten="190,360,220,220" step="2"/><V25/><F12/><W82/><G119/><T63/><D44/><U47/><E47/><V69/><F69/><W59/><G59/><T95/><REACH who="0" step="1"/><D51/><REACH who="0" ten="180,360,220,220" step="2"/><U118/><E118/><V66/><F66/><W112/><G112/><T24/><D24/><U4/><E4/><V73/><F73/><W36/><G36/><T53/><D53/><U123/><E123/><V108/><F108/><W2/><G2/><T50/><D50/><U125/><E125/><V62/><F48/><W14/><G14/><T131/><D131/><U111/><E111/><V9/><F52/><W43/><G43/><T0/><D0/><U135/><E135/><V106/><F25/><W49/><G49/><T93/><D93/><RYUUKYOKU ba="0,2" sc="180,10,360,10,220,-30,220,10" hai0="13,16,55,57,60,61,63,74,79,80,90,95,98" hai1="19,20,22,26,27,81,85,89,97,101,104,120,122" hai3="8,11,77,78,82,83,84,86,88,91,100,103,107" /><INIT seed="1,1,2,3,3,120" ten="190,370,190,230" oya="1" hai0="121,125,3,95,57,116,102,15,79,52,97,98,135" hai1="13,45,117,42,65,23,24,68,69,112,37,51,92" hai2="67,70,38,34,48,17,90,25,91,66,31,78,27" hai3="118,61,77,7,110,46,123,5,53,64,43,85,29"/><U115/><E117/><V130/><F38/><W94/><G123/><T113/><D121/><U132/><E132/><V16/><F78/><W83/><G118/><T122/><D116/><U107/><E107/><V109/><F48/><W99/><G29/><T93/><D122/><U127/><E127/><V56/><F70/><W82/><G82/><T86/><D113/><U80/><E37/><V22/><F130/><W36/><G53/><T105/><D125/><U35/><E35/><V50/><F17/><W21/><G21/><T74/><D3/><U14/><E80/><V131/><F131/><W134/><G134/><T9/><D74/><U124/><E124/><V26/><F26/><W104/><G104/><T20/><D20/><U33/><E33/><V119/><F119/><W89/><REACH who="3" step="1"/><G110/><REACH who="3" ten="190,370,190,220" step="2"/><T49/><D135/><U55/><E55/><V58/><F109/><W54/><G54/><T71/><D105/><U88/><E23/><V30/><F22/><W73/><G73/><T19/><D79/><U128/><E128/><V108/><F34/><W47/><G47/><T6/><D95/><U11/><E92/><V72/><F72/><W32/><G32/><T28/><D28/><U44/><E44/><V0/><F108/><W1/><G1/><T103/><D93/><U63/><E45/><V40/><F0/><W75/><G75/><T100/><D86/><U114/><E114/><V8/><F31/><W4/><G4/><T76/><D76/><U129/><E112/><V59/><F30/><W106/><G106/><T2/><D2/><U133/><E115/><V10/><F40/><RYUUKYOKU ba="1,3" sc="190,-10,370,-10,190,-10,220,30" hai3="5,7,36,43,46,61,64,77,83,85,89,94,99" /><INIT seed="2,2,3,2,4,68" ten="180,360,180,250" oya="2" hai0="112,94,90,26,105,77,91,126,120,66,17,43,93" hai1="50,57,107,88,83,52,133,74,49,45,81,118,116" hai2="103,119,9,15,75,55,131,33,114,8,92,32,4" hai3="24,104,72,51,122,109,121,97,65,100,76,31,67"/><V110/><F114/><W79/><G109/><T48/><D120/><U106/><E133/><V60/><F119/><W16/><G51/><T23/><D112/><U113/><E113/><V36/><F75/><W14/><G121/><T101/><D126/><U13/><E13/><V39/><F110/><W89/><G122/><T21/><D105/><U135/><E135/><V28/><F131/><W2/><G2/><T58/><D77/><U37/><E37/><V46/><F9/><W0/><G89/><T59/><D23/><U3/><E3/><V99/><F33/><W71/><G0/><T129/><D129/><U18/><E18/><V12/><F12/><W63/><G67/><T7/><D7/><U40/><E106/><V35/><F35/><N who="3" m="20967" /><G72/><T86/><D101/><U61/><E107/><V30/><F46/><W134/><G134/><T132/><D66/><U82/><E74/><V64/><F55/><W1/><G1/><T130/><D130/><U84/><REACH who="1" step="1"/><E50/><REACH who="1" ten="180,350,180,250" step="2"/><V78/><F30/><W125/><G125/><T38/><D38/><U128/><E128/><V127/><F127/><W117/><G117/><AGARI ba="2,4" hai="40,45,49,52,57,61,81,82,83,84,88,116,117,118" machi="117" ten="40,5200,0" yaku="1,1,54,2,53,0" doraHai="68" doraHaiUra="11" who="1" fromWho="3" sc="180,0,350,98,180,0,250,-58" /><INIT seed="3,0,0,0,1,1" ten="180,448,180,192" oya="3" hai0="104,134,7,75,49,109,89,86,133,110,99,29,73" hai1="56,101,25,57,50,100,55,90,66,10,26,112,36" hai2="45,98,74,129,132,9,40,30,68,85,14,35,121" hai3="12,43,67,32,108,76,65,28,122,81,103,87,116"/><W47/><G122/><T117/><D29/><U92/><E36/><V82/><F74/><N who="0" m="28170" /><D49/><U94/><E112/><V115/><F68/><W6/><G116/><T41/><D7/><U135/><E135/><N who="0" m="51721" /><D41/><U60/><E10/><V80/><F132/><W53/><G53/><T59/><D59/><U21/><E92/><V3/><F3/><W102/><G28/><T18/><D18/><N who="1" m="12471" /><E26/><V127/><F115/><W118/><G32/><T93/><D117/><U124/><E124/><V78/><F127/><W19/><G118/><T42/><D42/><U22/><E22/><V24/><F129/><W39/><G108/><N who="0" m="41579" /><D104/><U128/><E128/><V106/><F121/><W34/><G34/><T125/><D125/><U111/><E111/><V120/><F120/><W79/><G6/><T64/><D64/><U95/><E95/><V97/><F106/><W105/><G105/><T61/><D61/><U46/><E57/><V107/><F107/><W38/><G38/><T5/><D5/><U58/><E58/><V72/><F40/><W69/><G67/><T13/><D13/><U70/><E70/><V33/><F33/><W83/><G65/><T44/><D44/><U0/><E0/><V8/><F45/><W114/><G69/><T96/><AGARI ba="0,0" hai="86,89,93,96,99" m="41579,51721,28170" machi="96" ten="40,8000,1" yaku="20,1,14,1,34,2" doraHai="1" who="0" fromWho="0" sc="180,80,448,-20,180,-20,192,-40" owari="260,6.0,428,52.8,160,-24.0,152,-34.8" /></mjloggm>