<mjloggm ver="2.3"><GO type="225" lobby="0"/><UN n0="%E5%AF%82%E5%AF%9E%E3%82%AE%E3%83%8D%E3%82%B9%E3%83%93%E3%83%BC%E3%83%AB" n1="%E7%AD%89%E3%80%85%E5%8A%9B%E5%8A%87%E5%A0%B4" n2="%E3%81%BF%E3%81%BF%E3%81%9A" n3="%E3%81%91%E3%83%BC%E3%81%9E%E3%81%88" dan="16,16,17,16" rate="2152.83,2157.19,2217.85,2173.30" sx="M,M,M,F"/><TAIKYOKU oya="0"/><INIT seed="0,0,0,4,0,15" ten="250,250,250,250" oya="0" hai0="6,19,75,71,123,62,61,3,64,44,87,60,29" hai1="134,20,14,119,27,31,81,8,7,40,25,129,22" hai2="90,2,17,50,33,109,97,58,96,49,35,92,42" hai3="26,99,95,45,108,130,5,86,41,127,24,73,23"/><T13/><D75/><U117/><E40/><V30/><F2/><W89/><G108/><T55/><D123/><U18/><E134/><V34/><F30/><W133/><G127/><T11/><D29/><U12/><E129/><V37/><F109/><W103/><G130/><T1/><D87/><U21/><E81/><V51/><F96/><W118/><G118/><T48/><REACH who="0" step="1"/><D1/><REACH who="0" ten="240,250,250,250" step="2"/><U52/><E52/><V74/><F74/><W94/><G133/><T28/><D28/><AGARI ba="0,1" hai="7,8,12,14,18,20,21,22,25,27,28,31,117,119" machi="28" ten="30,12000,2" yaku="7,1,9,1,34,3,52,1" doraHai="15" who="1" fromWho="0" sc="240,-120,250,130,250,0,250,0" /><INIT seed="1,0,0,3,5,45" ten="120,380,250,250" oya="1" hai0="112,103,83,37,52,69,127,47,41,59,40,8,19" hai1="73,105,75,124,89,81,60,80,129,121,64,34,17" hai2="126,79,125,72,68,5,90,57,65,6,20,108,49" hai3="107,128,66,7,71,50,119,100,77,38,29,30,74"/><U33/><E105/><V3/><F108/><W55/><G38/><T4/><D112/><U21/><E121/><V78/><F90/><W120/><G128/><T2/><D127/><N who="2" m="48650" /><F72/><W31/><G119/><T61/><D103/><U91/><E124/><V39/><F39/><W116/><G7/><N who="2" m="2569" /><F3/><W0/><G0/><T35/><D35/><U14/><E34/><V123/><F123/><W28/><G116/><T11/><D40/><U46/><E33/><V87/><F87/><W113/><G113/><T122/><D122/><U62/><E129/><V96/><F96/><W25/><G100/><T102/><D102/><U42/><E75/><V118/><F118/><W43/><G107/><T101/><D101/><U93/><E73/><V51/><F68/><W36/><G74/><T26/><D69/><U85/><E91/><V114/><F114/><W67/><G71/><T97/><D97/><U99/><E99/><V32/><F20/><W22/><G77/><N who="2" m="29193" /><F32/><W44/><REACH who="3" step="1"/><G120/><REACH who="3" ten="120,380,250,240" step="2"/><T111/><D111/><U13/><E89/><V53/><F65/><W63/><G63/><AGARI ba="0,1" hai="49,51,53,57,63" m="29193,2569,48650" machi="63" ten="30,3900,0" yaku="18,1,52,2" doraHai="45" who="2" fromWho="3" sc="120,0,380,0,250,49,240,-39" /><INIT seed="2,0,0,4,1,84" ten="120,380,299,201" oya="2" hai0="93,102,79,34,116,48,114,113,82,71,9,56,35" hai1="111,110,28,11,62,126,115,32,68,121,74,95,0" hai2="81,12,17,23,118,38,123,65,30,1,131,4,19" hai3="80,57,135,25,129,75,100,24,72,16,13,83,60"/><V36/><F118/><W55/><G135/><T127/><D71/><U31/><E111/><V78/><F123/><W33/><G129/><T43/><D116/><U105/><E31/><V124/><F131/><W37/><G37/><T64/><D127/><U98/><E95/><V44/><F124/><W86/><G100/><T69/><D69/><U58/><E58/><V99/><F65/><W52/><G33/><T54/><D64/><U15/><E15/><V134/><F134/><W94/><G75/><T14/><D35/><U42/><E42/><V5/><F30/><W119/><G72/><T40/><D34/><U20/><E20/><V101/><F1/><W117/><G55/><T92/><D114/><U22/><E22/><V29/><F17/><W46/><G46/><T18/><D113/><U6/><E98/><V122/><F29/><W77/><G119/><T89/><D102/><U97/><E97/><V39/><F44/><W104/><G104/><T63/><D63/><U108/><E62/><V26/><F26/><N who="3" m="10347" /><G77/><T91/><D79/><U87/><E28/><V27/><F27/><W47/><G47/><T50/><D82/><U45/><E45/><V120/><F122/><W70/><G70/><T128/><D128/><U106/><E110/><V61/><F61/><W96/><G117/><T76/><D76/><U51/><E68/><V2/><F2/><W133/><G133/><T107/><D48/><U73/><E51/><V132/><F120/><W53/><G53/><T67/><D67/><U21/><E121/><V85/><F132/><W41/><G60/><T59/><D50/><RYUUKYOKU ba="0,0" sc="120,-10,380,-10,299,30,201,-10" hai2="4,5,12,19,23,36,38,39,78,81,85,99,101" /><INIT seed="2,1,0,5,2,50" ten="110,370,329,191" oya="2" hai0="38,4,47,51,29,115,34,96,94,77,12,45,43" hai1="8,5,33,97,75,87,125,35,81,124,110,109,117" hai2="85,135,104,23,79,93,32,46,72,19,69,39,123" hai3="98,122,130,67,106,127,3,9,65,16,21,49,52"/><V13/><F123/><W70/><G122/><T2/><D115/><U83/><E75/><V15/><F104/><W66/><G127/><N who="1" m="48714" /><E97/><V92/><F32/><N who="1" m="12361" /><E87/><V100/><F69/><W80/><G130/><T11/><D77/><U7/><E8/><V108/><F72/><W91/><G9/><T54/><D34/><U134/><E117/><V28/><F28/><W95/><G3/><T48/><D29/><U60/><E60/><V55/><F135/><W27/><G106/><T114/><D114/><U107/><E107/><V86/><F39/><W18/><G18/><T53/><D2/><U30/><E30/><V120/><F120/><W132/><G132/><T74/><D74/><U37/><E37/><V6/><F108/><N who="1" m="41577" /><E134/><V103/><F79/><W0/><G0/><T126/><D126/><U40/><E40/><V61/><F86/><W25/><G80/><AGARI ba="1,0" hai="5,7,80,81,83" m="41577,12361,48714" machi="80" ten="40,8000,1" yaku="28,2,18,1,14,1" doraHai="50" who="1" fromWho="3" sc="110,0,370,83,329,0,191,-83" /><INIT seed="3,0,0,0,4,78" ten="110,453,329,108" oya="3" hai0="110,58,122,67,66,77,17,91,64,48,14,118,49" hai1="133,106,51,107,0,18,1,47,111,84,33,12,82" hai2="38,83,109,116,60,102,43,73,127,95,101,26,5" hai3="113,21,57,126,123,85,87,90,108,92,71,65,104"/><W79/><G123/><T125/><D110/><U103/><E33/><V131/><F95/><W134/><G113/><T100/><D122/><U52/><E111/><V76/><F60/><N who="3" m="38031" /><G71/><T121/><D118/><U63/><E133/><V129/><F116/><W22/><G108/><T2/><D2/><U20/><E63/><V115/><F109/><W10/><G104/><T114/><D121/><U80/><E80/><V56/><F115/><W59/><G134/><T44/><D77/><U88/><REACH who="1" step="1"/><E107/><REACH who="1" ten="110,443,329,108" step="2"/><V61/><F38/><W97/><G126/><T9/><D125/><U28/><E28/><V94/><F127/><W69/><G69/><T45/><D114/><U68/><E68/><V19/><F129/><W8/><G59/><T13/><D58/><U41/><E41/><V124/><F43/><W119/><G119/><T135/><D135/><U31/><E31/><V23/><F124/><W7/><G7/><T132/><D132/><U128/><E128/><V72/><F131/><W46/><G46/><T36/><D45/><U37/><E37/><V55/><F73/><W27/><G97/><AGARI ba="0,1" hai="0,1,12,18,20,47,51,52,82,84,88,97,103,106" machi="97" ten="40,8000,1" yaku="1,1,52,1,54,2,53,0" doraHai="78" doraHaiUra="25" who="1" fromWho="3" sc="110,0,443,90,329,0,108,-80" owari="110,-29.0,533,63.3,329,12.9,28,-47.2" /></mjloggm>