<mjloggm ver="2.3"><GO type="225" lobby="0"/><UN n0="%E3%82%BC%E3%83%AB%E3%83%80%E3%81%AE%E4%BC%9D%E8%AA%AC" n1="%E4%B8%AD%E5%B9%B4%E3%81%AE%E5%8D%B1%E6%A9%9F" n2="%E6%B4%BE%E9%81%A3%E3%81%AE%E3%82%B8%E3%83%A3%E3%83%83%E3%82%AF" n3="%73%6C%69%63%6B%33%31%39" dan="16,17,16,16" rate="2190.28,2247.76,2158.55,2145.93" sx="M,M,M,M"/><TAIKYOKU oya="0"/><INIT seed="0,0,0,5,0,7" ten="250,250,250,250" oya="0" hai0="15,115,133,8,124,100,92,67,114,43,18,129,112" hai1="49,111,3,73,32,128,74,94,70,134,119,63,65" hai2="53,54,20,13,2,103,69,51,104,61,123,12,106" hai3="130,108,38,126,82,46,132,16,10,101,39,83,86"/><T25/><D124/><U48/><E119/><V1/><F123/><W50/><G126/><T87/><D133/><U27/><E3/><V110/><F110/><W21/><G108/><T96/><D129/><U79/><E111/><V102/><F20/><W98/><G132/><T37/><D67/><U89/><E128/><V41/><F61/><W4/><G130/><T55/><D55/><U35/><E134/><V78/><F41/><W36/><G86/><T93/><D25/><U56/><E79/><V107/><F78/><W40/><G21/><T120/><D120/><U99/><E32/><V34/><F34/><W17/><G83/><T88/><D43/><U75/><REACH who="1" step="1"/><E70/><REACH who="1" ten="250,240,250,250" step="2"/><V80/><F69/><W131/><G131/><T90/><REACH who="0" step="1"/><D37/><REACH who="0" ten="240,240,250,250" step="2"/><U121/><E121/><V57/><F1/><W97/><G39/><T64/><D64/><U45/><E45/><V0/><F2/><W66/><G38/><T29/><D29/><AGARI ba="0,2" hai="27,29,35,48,49,56,63,65,73,74,75,89,94,99" machi="29" ten="40,1300,0" yaku="1,1,53,0" doraHai="7" doraHaiUra="116" who="1" fromWho="0" sc="240,-13,240,33,250,0,250,0" /><INIT seed="1,0,0,4,4,78" ten="227,273,250,250" oya="1" hai0="118,72,19,30,3,64,80,42,74,31,41,127,25" hai1="82,34,54,9,109,77,92,11,13,1,86,106,56" hai2="24,60,43,29,99,89,26,93,21,69,133,0,96" hai3="125,68,4,5,113,27,115,32,81,102,65,70,119"/><U88/><E106/><V73/><F0/><W97/><G125/><T71/><D118/><U66/><E34/><V15/><F133/><W33/><G119/><T59/><D3/><U62/><E1/><V76/><F43/><W49/><G49/><T94/><D71/><U52/><E109/><V48/><F48/><W110/><G110/><T45/><D127/><U122/><E122/><V8/><F26/><W101/><G27/><T22/><D72/><U120/><E120/><V58/><F69/><W79/><G79/><T116/><D116/><U104/><E104/><V55/><F76/><W83/><G97/><T7/><D7/><U123/><E123/><V53/><F73/><W132/><REACH who="3" step="1"/><G65/><REACH who="3" ten="227,273,250,240" step="2"/><T12/><D25/><U75/><REACH who="1" step="1"/><E11/><REACH who="1" ten="227,263,250,240" step="2"/><V39/><F8/><W10/><G10/><T6/><D64/><U131/><E131/><V2/><F21/><W20/><G20/><T35/><D22/><U17/><AGARI ba="0,2" hai="9,13,17,52,54,56,62,66,75,77,82,86,88,92" machi="17" ten="20,18000,2" yaku="1,1,0,1,7,1,52,1,54,2,53,0" doraHai="78" doraHaiUra="108" who="1" fromWho="1" sc="227,-60,263,200,250,-60,240,-60" /><INIT seed="1,1,0,4,3,12" ten="167,463,190,180" oya="1" hai0="106,3,118,52,19,107,25,103,55,63,74,54,33" hai1="48,61,135,14,15,16,87,112,49,96,89,127,105" hai2="80,93,56,65,98,27,67,57,84,134,113,120,9" hai3="122,91,53,60,77,133,109,78,62,22,10,0,68"/><U39/><E39/><V123/><F134/><W5/><G122/><T44/><D118/><U111/><E112/><V31/><F113/><W79/><G133/><T104/><D74/><U58/><E135/><V75/><F75/><W7/><G109/><T32/><D3/><U38/><E38/><V64/><F9/><W100/><G100/><T8/><D103/><U45/><E111/><V47/><F47/><W73/><G73/><T51/><D63/><U40/><E105/><V23/><F120/><W4/><G68/><T43/><REACH who="0" step="1"/><D8/><REACH who="0" ten="157,463,190,180" step="2"/><N who="1" m="6215" /><E127/><V97/><F123/><W69/><G10/><T102/><D102/><U34/><E34/><V129/><F129/><W131/><G0/><T114/><D114/><U2/><E2/><V41/><F67/><W28/><G131/><T81/><D81/><N who="1" m="49391" /><E61/><V76/><F80/><W83/><G62/><T59/><D59/><U29/><E29/><V85/><F31/><W126/><G126/><T128/><D128/><U37/><E37/><V117/><F117/><W18/><G28/><T24/><D24/><U36/><E36/><V26/><F26/><W124/><G124/><T99/><D99/><U95/><E15/><V11/><F27/><W6/><G60/><T35/><D35/><U121/><E121/><V21/><F97/><W90/><N who="3" m="1024" /><DORA hai="70" /><W1/><G1/><T17/><D17/><U92/><E96/><V115/><F115/><W130/><G130/><T94/><D94/><U101/><E101/><V88/><F98/><W30/><G30/><T132/><D132/><U50/><E58/><V108/><F57/><W119/><G119/><RYUUKYOKU ba="1,1" sc="157,15,463,15,190,-15,180,-15" hai0="19,25,32,33,43,44,51,52,54,55,104,106,107" hai1="40,45,48,49,50,92,95" /><INIT seed="1,2,1,2,0,45" ten="172,478,175,165" oya="1" hai0="0,92,4,93,118,9,44,32,102,124,103,78,53" hai1="101,54,7,20,98,114,35,1,77,119,26,134,5" hai2="10,70,8,132,38,16,85,128,86,59,56,116,39" hai3="104,107,64,121,90,19,113,60,21,100,37,125,108"/><U27/><E119/><V123/><F116/><W6/><G121/><T42/><D118/><U29/><E114/><V13/><F70/><W82/><G113/><T68/><D32/><U25/><E134/><V40/><F123/><W129/><G37/><T133/><D133/><U99/><E77/><V115/><F115/><W120/><G120/><T61/><D124/><U41/><E41/><V105/><F105/><W111/><G6/><N who="1" m="2058" /><E99/><V126/><F132/><W51/><G125/><T130/><D130/><U89/><E89/><V50/><F126/><W69/><G129/><T76/><D103/><U97/><E97/><V81/><F128/><W94/><G82/><T84/><D102/><U112/><E112/><V71/><F71/><W110/><G51/><T18/><D78/><U131/><E131/><V109/><F109/><W117/><G100/><T91/><D76/><U12/><E54/><V22/><F38/><W31/><G31/><T80/><D53/><U58/><E58/><N who="2" m="22059" /><F39/><W34/><G34/><T95/><D18/><N who="1" m="10311" /><E101/><V14/><F14/><N who="3" m="9463" /><G117/><T47/><REACH who="0" step="1"/><D42/><REACH who="0" ten="162,478,175,165" step="2"/><U2/><E98/><AGARI ba="2,2" hai="60,64,69,90,94,98,104,107,108,110,111" m="9463" machi="98" ten="30,1000,0" yaku="14,1" doraHai="45" who="3" fromWho="1" sc="162,0,478,-16,175,0,165,36" /><INIT seed="2,0,0,0,2,42" ten="162,462,175,201" oya="2" hai0="128,86,22,85,5,112,26,23,129,29,75,50,116" hai1="124,92,69,132,90,19,67,70,89,104,101,119,80" hai2="44,3,37,31,9,49,53,36,83,62,135,117,16" hai3="82,81,84,7,74,76,33,121,120,18,24,77,30"/><V15/><F117/><W32/><G32/><T59/><D112/><U21/><E119/><V1/><F135/><W126/><G126/><T10/><D75/><U51/><E124/><V114/><F114/><W13/><REACH who="3" step="1"/><G7/><REACH who="3" ten="162,462,175,191" step="2"/><T100/><D116/><U58/><E132/><V54/><F31/><W20/><AGARI ba="0,1" hai="13,18,20,24,30,33,74,76,77,81,82,84,120,121" machi="20" ten="20,5200,0" yaku="1,1,2,1,0,1,7,1,53,0" doraHai="42" doraHaiUra="99" who="3" fromWho="3" sc="162,-13,462,-13,175,-26,191,62" /><INIT seed="3,0,0,0,2,101" ten="149,449,149,253" oya="3" hai0="84,81,44,128,92,6,26,65,95,53,103,48,61" hai1="107,24,64,77,50,13,7,28,125,93,37,23,67" hai2="126,41,116,108,31,55,17,43,46,69,130,62,124" hai3="76,85,135,121,102,133,11,127,58,131,87,38,72"/><W5/><G38/><T132/><D132/><N who="3" m="50761" /><G58/><N who="0" m="37047" /><D128/><U66/><E107/><V35/><F116/><W120/><G11/><T0/><D0/><U70/><E37/><V82/><F130/><W129/><G5/><T113/><D113/><U106/><E106/><V56/><F108/><W29/><G29/><T27/><D6/><U110/><E110/><V111/><F111/><W134/><G134/><T90/><D103/><U96/><E70/><V78/><F17/><W68/><G68/><T109/><D109/><U4/><E125/><N who="2" m="48235" /><F69/><W3/><G3/><T12/><D12/><U104/><E104/><V25/><F46/><W98/><G127/><T39/><D39/><U74/><E13/><V10/><F10/><W8/><G8/><T59/><D44/><U51/><E77/><V49/><F62/><W88/><G72/><AGARI ba="0,0" hai="25,31,35,41,43,49,55,56,72,78,82" m="48235" machi="72" ten="30,1000,0" yaku="18,1" doraHai="101" who="2" fromWho="3" sc="149,0,449,0,149,10,253,-10" owari="149,-35.1,449,54.9,159,-24.1,243,4.3" /></mjloggm>