<mjloggm ver="2.3"><GO type="225" lobby="0"/><UN n0="%E4%BF%BA%E3%81%A8%E5%A6%96%E5%A4%A2" n1="%E3%81%8B%E3%82%8F%E3%81%A1%E3%82%83%E3%82%93%35%38" n2="%72%69%6F%75%63%68%61%6E" n3="%E6%B8%A9%E2%98%85%E6%83%85%E2%98%85%E6%8E%AA%E2%98%85%E7%BD%AE" dan="17,16,16,18" rate="2166.54,2198.84,2218.62,2200.22" sx="F,M,M,M"/><TAIKYOKU oya="0"/><INIT seed="0,0,0,0,5,41" ten="250,250,250,250" oya="0" hai0="97,101,82,121,109,103,3,88,106,122,57,44,126" hai1="114,54,30,91,104,28,112,46,19,66,65,117,70" hai2="50,17,9,53,130,26,116,12,51,113,16,86,7" hai3="15,61,71,64,52,108,107,131,93,39,134,37,79"/><T49/><D3/><U94/><E104/><V1/><F113/><N who="1" m="43625" /><E117/><V29/><F130/><W0/><G0/><T115/><D115/><U14/><E54/><V123/><F123/><W76/><G107/><T118/><D118/><U6/><E6/><V32/><F116/><W38/><G131/><T13/><D126/><U58/><E58/><V84/><F17/><W34/><G34/><T92/><D109/><U75/><E46/><V68/><F68/><W124/><G108/><T85/><D57/><U47/><E47/><N who="2" m="27871" /><F51/><W129/><G124/><T62/><D62/><N who="1" m="40247" /><E75/><V110/><F110/><W8/><G129/><T22/><D13/><U80/><E80/><V40/><F40/><W43/><G43/><T74/><D22/><AGARI ba="0,0" hai="1,7,9,12,16,22,26,29,32,84,86" m="27871" machi="22" ten="30,3900,0" yaku="24,1,52,1,54,1" doraHai="41" who="2" fromWho="0" sc="250,-39,250,0,250,39,250,0" /><INIT seed="1,0,0,5,5,30" ten="211,250,289,250" oya="1" hai0="90,37,91,62,75,24,130,20,97,82,77,133,36" hai1="70,31,88,63,79,113,74,127,54,3,65,16,120" hai2="56,35,108,92,41,50,38,86,89,8,32,64,1" hai3="21,53,61,11,111,84,104,42,95,72,98,110,73"/><U34/><E113/><V33/><F108/><N who="3" m="41515" /><G42/><T101/><D130/><U83/><E120/><V25/><F38/><W48/><G61/><T2/><D2/><U126/><E3/><V60/><F25/><W5/><G84/><T135/><D37/><U81/><E54/><V96/><F86/><W46/><G21/><T28/><D36/><U102/><E16/><V12/><F1/><N who="3" m="431" /><G104/><T43/><D62/><U109/><E109/><V115/><F115/><W55/><G55/><T26/><D26/><N who="1" m="18807" /><E88/><AGARI ba="0,0" hai="46,48,53,72,73,88,95,98" m="431,41515" machi="88" ten="30,2000,0" yaku="14,1,54,1" doraHai="30" who="3" fromWho="1" sc="211,0,250,-20,289,0,250,20" /><INIT seed="2,0,0,5,4,111" ten="211,230,289,270" oya="2" hai0="100,123,72,98,87,90,47,103,101,27,5,38,7" hai1="19,65,119,55,60,94,115,23,32,84,53,81,97" hai2="76,3,133,93,1,79,54,39,109,108,110,124,41" hai3="77,116,89,12,14,28,128,22,30,92,127,31,88"/><V45/><F124/><W131/><G127/><T118/><D123/><U117/><E32/><V0/><F133/><W114/><G116/><T102/><D72/><U105/><E105/><V33/><F33/><W40/><G40/><T104/><D118/><U13/><E117/><V48/><REACH who="2" step="1"/><F93/><REACH who="2" ten="211,230,279,270" step="2"/><W51/><G92/><T43/><REACH who="0" step="1"/><D27/><REACH who="0" ten="201,230,279,270" step="2"/><U29/><E119/><V44/><AGARI ba="0,2" hai="0,1,3,39,41,44,45,48,54,76,79,108,109,110" machi="44" ten="40,18000,2" yaku="1,1,2,1,0,1,14,1,10,1,53,1" doraHai="111" doraHaiUra="46" who="2" fromWho="2" sc="201,-60,230,-60,279,200,270,-60" /><INIT seed="2,1,0,0,5,123" ten="141,170,479,210" oya="2" hai0="49,78,128,42,84,72,82,7,100,25,87,132,23" hai1="30,129,88,76,71,99,5,44,28,52,96,56,22" hai2="109,133,93,81,70,61,18,60,43,101,67,127,92" hai3="104,112,80,69,6,27,98,62,54,91,38,85,37"/><V103/><F109/><W26/><G112/><T102/><D128/><U131/><E71/><V111/><F111/><W113/><G113/><T124/><D124/><U31/><E76/><V115/><F115/><W14/><G6/><T0/><D132/><U118/><E118/><V4/><F127/><W29/><G14/><T17/><D7/><U122/><E122/><V64/><F133/><W16/><G16/><T74/><D0/><U125/><E125/><V121/><F121/><W21/><G27/><T107/><D74/><U33/><E33/><V10/><F43/><W117/><G117/><T116/><D116/><U20/><E44/><V59/><F18/><W9/><G9/><T120/><D120/><U86/><E5/><V24/><F24/><W50/><G62/><T94/><D107/><U114/><E114/><V34/><F34/><W47/><G69/><T134/><D134/><U66/><E66/><V40/><F40/><W2/><G2/><T135/><D135/><U48/><E131/><V108/><F108/><W89/><G104/><T106/><D106/><U1/><E1/><V75/><F64/><W19/><G29/><T63/><D63/><U32/><E32/><V39/><F61/><W126/><G126/><T3/><D3/><U83/><E129/><V46/><F67/><W55/><G55/><T36/><D36/><U97/><AGARI ba="1,0" hai="20,22,28,30,31,48,52,56,83,86,88,96,97,99" machi="97" ten="30,7900,0" yaku="0,1,8,1,54,2" doraHai="123" who="1" fromWho="1" sc="141,-21,170,82,479,-40,210,-21" /><INIT seed="3,0,0,4,3,108" ten="120,252,439,189" oya="3" hai0="97,87,84,85,54,119,121,105,36,76,69,88,80" hai1="132,78,58,77,110,135,120,19,29,46,65,67,32" hai2="104,123,115,93,83,68,81,10,13,50,25,1,24" hai3="64,79,134,72,125,2,31,8,66,26,45,18,16"/><W14/><G2/><T107/><D69/><U62/><E120/><V11/><F104/><N who="0" m="40010" /><D121/><U75/><E110/><V9/><F68/><W52/><G66/><T35/><D35/><U109/><E109/><V106/><F106/><W37/><G64/><T99/><D36/><U59/><E75/><V112/><F112/><W116/><G37/><T51/><D51/><U129/><E129/><V86/><F115/><W60/><G60/><T96/><D54/><U127/><E127/><V94/><F1/><W44/><G125/><T20/><D20/><U33/><E19/><N who="3" m="7210" /><G52/><T61/><D61/><U111/><E111/><V42/><F123/><W5/><G45/><T74/><D119/><U55/><E46/><N who="2" m="25943" /><F13/><N who="3" m="5263" /><G44/><T117/><D117/><U128/><E128/><V122/><F122/><W41/><G41/><T12/><D12/><U21/><E78/><N who="2" m="46391" /><F83/><AGARI ba="0,0" hai="74,76,80,83,84,85,87,88,96,97,99" m="40010" machi="83" ten="30,12000,2" yaku="35,5,54,1" doraHai="108" who="0" fromWho="2" sc="120,120,252,0,439,-120,189,0" owari="240,-16.0,252,5.2,319,41.9,189,-31.1" /></mjloggm>