<mjloggm ver="2.3"><GO type="225" lobby="0"/><UN n0="%E6%A1%9C%E8%8A%B1%E9%96%83%E3%80%85" n1="%E5%B8%86%E7%AB%8B%E5%A4%8F%E8%A1%A3" n2="%70%68%65%6E%6F%6D%65" n3="%E3%83%B4%E3%83%A0%EF%BC%99%E3%81%A6" dan="17,16,17,17" rate="2255.67,2103.91,2169.39,2245.24" sx="M,M,M,M"/><TAIKYOKU oya="0"/><INIT seed="0,0,0,3,0,119" ten="250,250,250,250" oya="0" hai0="32,28,53,133,59,110,60,129,63,2,99,19,30" hai1="26,107,83,69,54,67,61,79,49,111,31,132,130" hai2="11,123,8,76,97,48,58,34,41,131,15,80,6" hai3="39,51,24,20,21,117,124,104,106,116,50,113,47"/><T95/><D129/><U127/><E111/><V68/><F131/><W70/><G70/><T89/><D133/><U35/><E127/><V115/><F68/><W10/><G124/><T7/><D110/><U120/><E130/><V45/><F115/><W118/><G10/><T87/><D32/><U78/><E132/><V114/><F114/><W0/><G113/><T105/><D2/><U86/><E107/><V72/><F34/><W17/><G0/><T43/><D7/><U22/><E35/><V1/><F97/><W122/><G39/><T33/><D33/><U91/><REACH who="1" step="1"/><E120/><REACH who="1" ten="250,240,250,250" step="2"/><V3/><F123/><W108/><G108/><T134/><D134/><U36/><E36/><V29/><F29/><W55/><G122/><T13/><D105/><U85/><E85/><V90/><F90/><W102/><G102/><T98/><D30/><U23/><E23/><V52/><REACH who="2" step="1"/><F8/><REACH who="2" ten="250,240,240,250" step="2"/><W128/><G128/><T103/><D28/><U81/><E81/><V77/><F77/><W109/><G109/><T44/><D103/><U65/><E65/><V42/><F42/><W112/><G112/><T14/><D43/><U62/><E62/><AGARI ba="0,2" hai="1,3,6,11,15,41,45,48,52,58,62,72,76,80" machi="62" ten="30,7700,0" yaku="1,1,7,1,54,1,53,1" doraHai="119" doraHaiUra="4" who="2" fromWho="1" sc="250,0,240,-77,240,97,250,0" /><INIT seed="1,0,0,3,1,92" ten="250,163,337,250" oya="1" hai0="102,115,54,85,69,86,77,95,67,38,123,76,41" hai1="84,9,55,5,112,129,10,93,26,111,11,56,62" hai2="134,32,51,4,75,29,52,22,113,7,89,68,127" hai3="120,119,106,18,94,74,2,91,103,100,28,98,105"/><U132/><E129/><V114/><F32/><W40/><G2/><T49/><D115/><N who="2" m="44042" /><F127/><W71/><G71/><T64/><D123/><U83/><E112/><V46/><F134/><W79/><G40/><T63/><D67/><U101/><E132/><V82/><F68/><W87/><G18/><T23/><D23/><U97/><E111/><V65/><F65/><W50/><G50/><T59/><D86/><U96/><E96/><V90/><F75/><W108/><G28/><T117/><D117/><U43/><E43/><V15/><F82/><N who="3" m="45431" /><G120/><T42/><D42/><U60/><E26/><N who="2" m="16599" /><F7/><W31/><G31/><T27/><D27/><U121/><E121/><V135/><F135/><W37/><G37/><T34/><D34/><U1/><REACH who="1" step="1"/><E62/><REACH who="1" ten="250,153,337,250" step="2"/><V130/><F130/><W133/><G133/><T20/><D41/><U110/><E110/><V0/><F0/><W66/><G108/><T72/><D63/><U36/><E36/><V13/><F15/><W124/><G119/><T57/><D38/><U126/><E126/><V128/><F128/><W39/><G39/><T73/><D49/><U70/><E70/><V116/><F116/><W80/><G124/><T21/><D69/><U30/><E30/><V44/><F44/><W107/><G66/><T45/><D45/><U125/><E125/><V109/><F109/><W12/><G12/><T99/><D64/><U131/><E131/><V6/><F13/><W81/><G100/><T122/><D102/><U16/><E16/><V53/><F53/><W8/><G103/><N who="0" m="60927" /><D122/><U104/><E104/><V47/><F46/><W3/><G98/><RYUUKYOKU ba="0,1" sc="250,-30,153,10,337,10,250,10" hai1="1,5,9,10,11,55,56,60,83,84,93,97,101" hai2="4,6,47,51,52,89,90" hai3="3,8,80,81,87,91,94,105,106,107" /><INIT seed="1,1,1,1,4,70" ten="220,163,347,260" oya="1" hai0="128,92,110,71,51,133,38,9,1,123,118,26,28" hai1="122,86,87,2,42,97,45,76,40,10,67,33,46" hai2="108,84,24,111,81,37,131,82,85,126,109,79,54" hai3="56,125,0,69,73,100,4,3,34,103,61,17,41"/><U134/><E134/><V93/><F126/><W96/><G125/><T11/><D118/><U127/><E127/><V57/><F131/><W21/><G34/><T106/><D106/><U129/><E129/><V132/><F132/><W18/><G69/><T52/><D128/><U47/><E122/><V101/><F24/><W83/><G41/><T95/><D133/><U80/><E33/><V14/><F14/><W19/><G21/><T94/><D123/><U62/><E97/><N who="2" m="59567" /><F37/><W7/><G100/><T16/><D110/><U35/><E35/><V114/><F114/><W8/><G83/><N who="2" m="31753" /><F79/><W15/><G73/><T98/><D71/><U78/><E78/><V65/><F65/><W49/><G4/><T124/><D38/><U39/><E86/><V117/><F117/><W58/><G0/><T68/><D68/><U60/><E67/><V50/><AGARI ba="1,1" hai="50,54,57,84,85,108,109,111" m="31753,59567" machi="50" ten="40,1500,0" yaku="14,1" doraHai="70" who="2" fromWho="2" sc="220,-5,163,-8,347,28,260,-5" /><INIT seed="2,0,0,3,3,16" ten="215,155,375,255" oya="2" hai0="77,120,95,132,131,110,28,126,78,103,25,60,125" hai1="56,72,23,30,62,51,106,41,94,39,15,50,118" hai2="119,18,88,44,92,32,117,128,24,104,67,7,134" hai3="57,115,2,19,68,69,63,89,55,76,0,130,109"/><V61/><F104/><W84/><G109/><T10/><D120/><U135/><E135/><V123/><F123/><W33/><G33/><T11/><D110/><U49/><E106/><V108/><F7/><W34/><G34/><T75/><D132/><U121/><E121/><V113/><F113/><W91/><G130/><T17/><D131/><U8/><E72/><V59/><F134/><W54/><G76/><N who="0" m="29291" /><D60/><U22/><E118/><V29/><F108/><W129/><G129/><T93/><D75/><U82/><E82/><V35/><F35/><W112/><G19/><T46/><D46/><U98/><E39/><V90/><F128/><W70/><G55/><T43/><D43/><U133/><E41/><V47/><F44/><W38/><G38/><T58/><D58/><U86/><E86/><V64/><F67/><W81/><G89/><T124/><D17/><N who="1" m="8423" /><E30/><V85/><F18/><W37/><G37/><T48/><D95/><U83/><E83/><V65/><F65/><W12/><G12/><T122/><D122/><U53/><E133/><V80/><F47/><W107/><G107/><T96/><D10/><U74/><E74/><V26/><F117/><W111/><G111/><T14/><D28/><U87/><E87/><V97/><F119/><W6/><G0/><T116/><D116/><U99/><E99/><V27/><AGARI ba="0,0" hai="24,26,27,29,32,59,61,64,80,85,88,90,92,97" machi="27" ten="30,3000,0" yaku="0,1,54,1" doraHai="16" who="2" fromWho="2" sc="215,-10,155,-10,375,30,255,-10" /><INIT seed="2,1,0,4,1,58" ten="205,145,405,245" oya="2" hai0="1,114,45,28,101,121,87,35,79,12,17,107,48" hai1="93,77,53,95,5,23,6,97,32,96,92,60,40" hai2="8,62,83,72,67,34,47,126,116,128,117,63,115" hai3="27,66,85,103,65,15,105,20,122,41,57,82,69"/><V130/><F115/><W89/><G69/><T134/><D121/><U25/><E32/><V7/><F34/><W38/><G122/><T119/><D1/><U86/><E40/><V4/><F126/><W135/><G135/><T100/><D114/><U94/><E77/><N who="2" m="44455" /><F47/><W74/><G74/><T73/><D73/><U76/><E76/><V68/><F7/><W61/><G66/><T42/><D107/><U39/><E39/><V24/><F24/><W118/><G118/><T21/><D119/><U75/><E75/><V120/><F120/><W43/><G38/><T108/><D108/><U10/><E86/><V14/><F63/><W124/><G124/><T22/><D35/><U59/><E10/><V98/><F98/><W54/><G65/><T127/><D134/><U64/><E64/><V78/><F78/><W13/><G103/><N who="0" m="39499" /><D127/><U52/><E53/><V99/><F99/><N who="1" m="37961" /><E95/><V37/><F37/><W2/><G105/><T84/><D79/><U91/><E91/><V33/><F33/><W31/><G2/><T70/><D70/><U16/><AGARI ba="1,0" hai="5,6,16,23,25,52,59,60,92,93,94" m="37961" machi="16" ten="30,7900,0" yaku="8,1,52,1,54,2" doraHai="58" who="1" fromWho="1" sc="205,-21,145,82,405,-40,245,-21" /><INIT seed="3,0,0,4,1,24" ten="184,227,365,224" oya="3" hai0="133,48,130,96,33,15,124,80,29,9,43,13,129" hai1="111,59,40,94,64,22,121,32,26,102,105,97,88" hai2="84,117,31,92,90,30,17,109,76,3,126,120,83" hai3="55,99,18,39,51,44,131,75,36,62,61,104,73"/><W68/><G131/><N who="0" m="50187" /><D96/><U58/><E111/><V42/><F117/><W45/><G68/><T12/><D80/><U128/><E128/><V21/><F109/><W93/><G104/><T79/><D79/><U107/><E121/><V5/><F120/><W87/><G87/><T77/><D77/><U110/><E32/><V50/><F5/><W10/><G73/><T27/><D43/><U41/><E59/><V4/><F4/><W25/><G75/><T1/><D48/><U91/><E110/><V0/><F3/><W118/><G118/><T78/><D78/><U123/><E123/><V115/><F0/><W95/><G95/><T66/><D66/><U57/><E57/><V135/><F115/><W38/><G44/><T82/><D82/><U122/><E122/><V106/><F106/><W8/><G61/><T54/><D54/><U108/><E108/><V2/><F2/><W49/><G49/><T114/><D114/><U56/><E56/><V14/><F42/><N who="1" m="16489" /><E107/><V70/><F50/><W112/><G62/><T7/><D124/><U34/><E105/><V28/><F70/><W11/><G112/><T16/><D133/><U6/><E64/><V86/><F126/><W19/><REACH who="3" step="1"/><G25/><REACH who="3" ten="184,227,365,214" step="2"/><T46/><D46/><U119/><E119/><V23/><F135/><W127/><G127/><T60/><D60/><U98/><E94/><V81/><F92/><W116/><G116/><T72/><D72/><U100/><E58/><V134/><F134/><W69/><G69/><T71/><D71/><U20/><E98/><V63/><F63/><W74/><G74/><T89/><D89/><AGARI ba="0,1" hai="8,10,11,18,19,36,38,39,45,51,55,89,93,99" machi="89" ten="50,4800,0" yaku="1,1,6,1,53,0" doraHai="24" doraHaiUra="101" who="3" fromWho="0" sc="184,-48,227,0,365,0,214,58" /><INIT seed="3,1,0,1,1,44" ten="136,227,365,272" oya="3" hai0="31,79,70,133,123,85,98,102,104,119,106,110,131" hai1="73,33,116,114,134,42,97,113,65,11,13,46,69" hai2="1,78,8,103,6,18,24,105,95,109,75,45,40" hai3="127,66,58,39,0,21,32,51,135,84,91,30,112"/><W120/><G120/><T27/><D123/><U9/><E33/><V96/><F109/><W7/><G39/><T36/><D36/><U5/><E73/><V47/><F95/><W81/><G112/><T17/><D17/><U87/><E134/><V22/><REACH who="2" step="1"/><F40/><REACH who="2" ten="136,227,355,272" step="2"/><W61/><G135/><T124/><D119/><U132/><E116/><V94/><F94/><W59/><G127/><T76/><D133/><U29/><E132/><V111/><F111/><W25/><G32/><T83/><D110/><U93/><E42/><V101/><F101/><W23/><G23/><T74/><D70/><U86/><E69/><V80/><AGARI ba="1,1" hai="1,6,8,18,22,24,45,47,75,78,80,96,103,105" machi="80" ten="30,2000,0" yaku="1,1,0,1,53,0" doraHai="44" doraHaiUra="57" who="2" fromWho="2" sc="136,-6,227,-6,355,33,272,-11" owari="130,-37.0,221,-17.9,388,48.8,261,6.1" /></mjloggm>