<mjloggm ver="2.3"><GO type="225" lobby="0"/><UN n0="%E5%86%B7%E5%87%8D%E3%82%AE%E3%83%A7%E3%83%BC%E3%82%B6" n1="%E7%AD%89%E3%80%85%E5%8A%9B%E5%8A%87%E5%A0%B4" n2="%6D%75%75%6D%75%72%61" n3="%E6%97%A5%E6%9B%9C%E6%97%A5%E3%82%88%E3%82%8A%E3%81%AE%E4%BD%BF%E8%80%85" dan="16,16,16,18" rate="2106.58,2132.54,2154.06,2148.46" sx="M,M,F,M"/><TAIKYOKU oya="0"/><INIT seed="0,0,0,0,4,89" ten="250,250,250,250" oya="0" hai0="90,93,39,35,73,120,3,15,126,26,2,109,135" hai1="50,37,102,72,122,106,64,101,14,85,105,69,53" hai2="57,130,79,76,104,133,48,17,21,103,82,107,115" hai3="108,132,78,113,8,110,38,41,9,22,6,44,92"/><T62/><D120/><U32/><E72/><V124/><F115/><W112/><G132/><T1/><D135/><U0/><E0/><V65/><F133/><W7/><G22/><T5/><D73/><U67/><E37/><V30/><F124/><W43/><G78/><T117/><D117/><U31/><E122/><V45/><F130/><W46/><REACH who="3" step="1"/><G38/><REACH who="3" ten="250,250,250,240" step="2"/><T40/><D39/><U19/><E32/><V100/><F79/><W52/><G52/><T68/><D35/><U51/><E53/><V71/><F76/><W36/><G36/><T111/><D126/><U114/><E114/><V87/><F21/><W127/><G127/><T47/><D109/><U58/><E67/><V23/><F65/><W116/><G116/><T125/><D111/><U84/><E64/><V128/><F23/><W27/><G27/><T34/><D26/><U28/><E28/><V95/><F30/><W20/><G20/><T97/><D34/><U63/><E31/><V74/><F128/><W42/><G42/><T83/><D40/><U11/><E11/><V55/><F55/><W121/><G121/><T81/><D125/><U80/><E106/><V129/><F107/><W54/><G54/><T119/><D119/><U49/><E105/><V60/><F104/><W98/><G98/><T91/><D97/><U118/><E118/><V94/><F129/><W77/><G77/><T131/><D131/><U123/><E123/><V56/><F74/><W4/><G4/><T24/><D5/><U70/><E50/><V10/><F48/><W61/><G61/><T99/><D24/><U96/><E63/><RYUUKYOKU ba="0,1" sc="250,-10,250,-10,250,-10,240,30" hai3="6,7,8,9,41,43,44,46,92,108,110,112,113" /><INIT seed="1,1,1,3,1,33" ten="240,240,240,270" oya="1" hai0="56,110,99,112,34,17,39,135,128,69,79,38,104" hai1="96,97,121,98,123,21,14,133,32,124,30,57,90" hai2="62,52,127,54,24,22,80,67,72,3,48,86,95" hai3="107,109,50,108,61,116,105,2,13,132,125,91,37"/><U4/><E32/><V55/><F127/><W10/><G37/><T100/><D112/><U29/><E133/><V126/><F126/><W74/><G74/><T35/><D56/><U78/><E124/><V101/><F72/><W129/><G125/><T87/><D110/><N who="3" m="42601" /><G132/><T36/><D128/><U12/><E78/><V25/><F3/><W131/><G116/><T9/><D69/><U45/><E90/><V84/><F48/><W16/><G50/><T66/><D66/><U113/><E113/><V83/><F101/><W93/><G61/><T28/><D28/><U94/><E94/><V26/><F95/><W122/><G122/><T7/><D17/><U44/><E57/><V60/><F22/><W114/><G114/><T64/><D64/><U70/><E21/><V88/><REACH who="2" step="1"/><F67/><REACH who="2" ten="240,240,230,270" step="2"/><W81/><G2/><T89/><D135/><U53/><E123/><V134/><F134/><W102/><G102/><T68/><D34/><U1/><E121/><V103/><F103/><W111/><N who="3" m="42609" /><W20/><DORA hai="63" /><G20/><T5/><D35/><U47/><E1/><V118/><F118/><W43/><G81/><T18/><D38/><U6/><E45/><V71/><F71/><W40/><G107/><T15/><D68/><U92/><E70/><V85/><F85/><N who="3" m="52463" /><G105/><T19/><D39/><U59/><E44/><V73/><F73/><W119/><G119/><T0/><D36/><U31/><E47/><V75/><F75/><W58/><G58/><T8/><REACH who="0" step="1"/><D79/><AGARI ba="1,2" hai="24,25,26,52,54,55,60,62,79,80,83,84,86,88" machi="79" ten="40,16000,3" yaku="1,1,8,1,54,2,53,6" doraHai="33,63" doraHaiUra="51,49" who="2" fromWho="0" sc="240,-163,240,0,230,183,270,0" /><INIT seed="2,0,0,2,5,18" ten="77,240,413,270" oya="2" hai0="106,102,100,17,47,12,52,71,107,7,125,90,20" hai1="117,57,122,126,8,119,66,116,23,72,135,33,35" hai2="64,54,31,104,121,6,96,83,101,14,115,124,58" hai3="48,27,93,40,32,130,95,92,120,11,128,109,81"/><V82/><F115/><W129/><G120/><T28/><D71/><U91/><E72/><V73/><F121/><W0/><G109/><T69/><D69/><U19/><E122/><V134/><F134/><W15/><G0/><T62/><D125/><U37/><E37/><V70/><F124/><W43/><G81/><T4/><D107/><U3/><E126/><V46/><F46/><W55/><G27/><T63/><D28/><U87/><E135/><V29/><F64/><W67/><G32/><T127/><D127/><U49/><E8/><V77/><F83/><W97/><G97/><T65/><D90/><U105/><E3/><V108/><F70/><W13/><G67/><T51/><D106/><U42/><E105/><V2/><F2/><W39/><G39/><T103/><REACH who="0" step="1"/><D65/><REACH who="0" ten="67,240,413,270" step="2"/><U86/><E66/><V79/><F29/><W80/><G130/><T30/><D30/><U113/><E91/><V85/><F31/><W131/><G129/><T24/><D24/><U36/><E35/><V60/><F104/><W133/><G133/><T112/><D112/><U26/><E33/><V74/><F108/><W94/><G128/><T75/><D75/><U123/><E113/><V10/><F73/><W89/><G131/><T21/><D21/><U110/><E123/><V56/><F74/><W78/><G89/><T45/><D45/><N who="1" m="23751" /><E110/><V1/><F101/><W25/><G25/><T38/><D38/><U59/><E59/><V41/><F56/><W22/><G22/><T88/><D88/><U53/><E119/><V99/><F58/><W34/><N who="3" m="23552" /><DORA hai="98" /><W50/><G34/><RYUUKYOKU ba="0,1" sc="67,15,240,15,413,-15,270,-15" hai0="4,7,12,17,20,47,51,52,62,63,100,102,103" hai1="19,23,26,49,53,57,86,87,116,117" /><INIT seed="3,1,1,1,2,17" ten="82,255,398,255" oya="3" hai0="53,83,110,111,23,81,22,55,95,36,46,18,58" hai1="14,115,107,126,15,52,66,73,134,63,48,5,61" hai2="120,127,34,124,86,44,39,105,41,80,2,88,103" hai3="72,69,85,93,122,76,94,121,24,102,112,37,7"/><W70/><G112/><T65/><D18/><U43/><E107/><V91/><F120/><W84/><G37/><T19/><D19/><U28/><E73/><V106/><F34/><W131/><G24/><T123/><D95/><U4/><E115/><V6/><F91/><W68/><G7/><N who="1" m="2634" /><E134/><V33/><F33/><W56/><G131/><T8/><D8/><U113/><E113/><V89/><F89/><W57/><G72/><T32/><D32/><U0/><E0/><V132/><F132/><W74/><G74/><T67/><D58/><N who="3" m="22633" /><G76/><T54/><D36/><U119/><E126/><N who="2" m="48171" /><F103/><W60/><G60/><N who="1" m="23114" /><E119/><V100/><F100/><W9/><G9/><AGARI ba="1,1" hai="2,6,9,39,41,44,80,86,88,105,106" m="48171" machi="9" ten="30,2000,0" yaku="18,1,54,1" doraHai="17" who="2" fromWho="3" sc="82,0,255,0,398,33,255,-23" owari="82,-41.8,255,5.5,431,53.1,232,-16.8" /></mjloggm>