<mjloggm ver="2.3"><GO type="225" lobby="0"/><UN n0="%4D%50%43%32%38%30%30" n1="%E3%81%82%E3%81%84%E3%81%82%E3%81%8A%E3%81%84" n2="%E9%80%9F%E6%B0%B4%E5%87%9B%E9%A6%99" n3="%4E%49%4A%49%49%52%4F" dan="16,18,16,16" rate="2123.35,2197.28,2131.54,2156.05" sx="M,M,F,M"/><TAIKYOKU oya="0"/><INIT seed="0,0,0,0,4,116" ten="250,250,250,250" oya="0" hai0="76,60,133,51,129,109,107,86,131,88,13,4,29" hai1="24,65,90,119,22,3,118,127,14,120,50,59,26" hai2="70,84,113,63,103,135,134,125,31,66,83,124,85" hai3="95,98,27,123,42,56,75,5,117,114,1,53,17"/><T92/><D133/><N who="2" m="50698" /><F31/><W36/><G117/><T21/><D107/><U0/><E65/><V82/><F103/><W91/><G123/><T25/><D109/><U15/><E59/><V52/><F113/><W48/><G114/><T37/><D76/><U80/><E50/><V79/><F52/><W23/><G75/><T30/><D37/><U101/><E101/><V87/><F82/><W96/><G96/><T67/><D51/><U43/><E80/><V28/><F28/><W71/><G71/><T111/><D111/><U126/><E90/><V110/><F110/><W122/><G122/><T58/><REACH who="0" step="1"/><D30/><REACH who="0" ten="240,250,250,250" step="2"/><U35/><E119/><V128/><F128/><W34/><G36/><T108/><D108/><U55/><E118/><V115/><F115/><W2/><G34/><T39/><D39/><U32/><E32/><V12/><F12/><W68/><G1/><T9/><AGARI ba="0,1" hai="4,9,13,21,25,29,58,60,67,86,88,92,129,131" machi="9" ten="30,6000,0" yaku="1,1,0,1,54,1,53,0" doraHai="116" doraHaiUra="38" who="0" fromWho="0" sc="240,70,250,-20,250,-20,250,-20" /><INIT seed="0,1,0,5,5,41" ten="310,230,230,230" oya="0" hai0="29,2,99,4,118,52,39,28,128,14,12,15,126" hai1="93,122,42,25,131,88,62,34,111,23,60,113,86" hai2="31,135,53,24,134,66,7,33,74,0,77,59,55" hai3="94,89,97,123,109,71,37,3,115,73,80,1,119"/><T67/><D118/><U5/><E122/><V102/><F102/><W105/><RYUUKYOKU type="yao9" ba="1,0" sc="310,0,230,0,230,0,230,0" hai3="1,3,37,71,73,80,89,94,97,105,109,115,119,123" /><INIT seed="0,2,0,0,1,99" ten="310,230,230,230" oya="0" hai0="60,38,40,61,89,43,108,77,10,65,17,70,114" hai1="124,59,122,106,52,127,22,35,115,123,37,111,131" hai2="63,102,42,28,11,104,49,34,120,47,27,129,107" hai3="121,31,32,83,46,112,92,134,20,4,9,3,33"/><T48/><D114/><U18/><E35/><V51/><F120/><W55/><G112/><T84/><D77/><U5/><E115/><V12/><F129/><W110/><G121/><T79/><D38/><U101/><E5/><V62/><F51/><W75/><G110/><T96/><D108/><U64/><E64/><V103/><F107/><W119/><G134/><T73/><D48/><U6/><E6/><V85/><F85/><W130/><G130/><T100/><D61/><U44/><E44/><V19/><F104/><W54/><G119/><T29/><D29/><U7/><E7/><V98/><F98/><W71/><G71/><T132/><D132/><U133/><E37/><V45/><F45/><W39/><G92/><N who="0" m="54311" /><D17/><U26/><E131/><V135/><REACH who="2" step="1"/><F135/><REACH who="2" ten="310,230,220,230" step="2"/><W93/><G46/><T88/><D96/><N who="1" m="61735" /><E133/><V13/><F13/><W118/><G39/><T57/><D60/><AGARI ba="2,1" hai="11,12,19,27,28,34,42,47,49,60,62,63,102,103" machi="60" ten="40,5200,0" yaku="1,1,52,2,53,0" doraHai="99" doraHaiUra="116" who="2" fromWho="0" sc="310,-58,230,0,220,68,230,0" /><INIT seed="1,0,0,0,0,4" ten="252,230,288,230" oya="1" hai0="20,106,135,81,37,102,7,58,86,96,115,121,35" hai1="30,112,33,59,31,126,90,104,48,128,68,110,64" hai2="24,3,85,55,50,43,39,132,42,67,99,82,15" hai3="53,80,69,113,84,93,100,114,28,95,62,88,16"/><U72/><E112/><V122/><F3/><W63/><G28/><T26/><D115/><U25/><E72/><V13/><F39/><W1/><G1/><T12/><D135/><U129/><E104/><V36/><F36/><W46/><G69/><T60/><D37/><U91/><E126/><V78/><F122/><W21/><G113/><T6/><D35/><U74/><E74/><V49/><F132/><W34/><G34/><T118/><D118/><U57/><E31/><V120/><F120/><W11/><G114/><T52/><D12/><U66/><E68/><V116/><F67/><N who="1" m="25641" /><E48/><V40/><F116/><W47/><G100/><T70/><D70/><U79/><E79/><V73/><F73/><W87/><G95/><T29/><REACH who="0" step="1"/><D121/><REACH who="0" ten="242,230,288,230" step="2"/><U103/><E33/><V123/><F13/><N who="3" m="7231" /><G21/><T71/><D71/><U32/><E32/><V45/><F15/><W133/><G133/><T19/><D19/><U92/><E129/><V76/><F123/><W61/><G53/><T51/><D51/><U54/><E128/><V134/><F50/><W117/><G117/><T38/><D38/><U27/><E54/><V56/><F134/><W108/><G108/><T41/><D41/><U23/><E110/><V17/><F42/><W9/><G9/><T89/><AGARI ba="0,1" hai="6,7,20,26,29,52,58,60,81,86,89,96,102,106" machi="89" ten="20,5200,0" yaku="1,1,0,1,7,1,54,1,53,0" doraHai="4" doraHaiUra="10" who="0" fromWho="0" sc="242,62,230,-26,288,-13,230,-13" /><INIT seed="2,0,0,5,2,120" ten="304,204,275,217" oya="2" hai0="50,70,60,16,63,62,119,91,65,8,49,115,75" hai1="102,123,4,15,61,82,106,10,43,128,129,113,83" hai2="31,104,125,116,66,59,6,93,86,118,64,87,0" hai3="68,98,42,124,80,90,7,95,40,28,108,32,27"/><V54/><F104/><W37/><G124/><T121/><D121/><U25/><E123/><V9/><F125/><W26/><G68/><T14/><D115/><U18/><E113/><V51/><F31/><W3/><G27/><T73/><D119/><U74/><E43/><V76/><F87/><W12/><G3/><T55/><D50/><U57/><E102/><V131/><F131/><W56/><G37/><T133/><D133/><U48/><E106/><V67/><REACH who="2" step="1"/><F93/><REACH who="2" ten="304,204,265,217" step="2"/><W44/><G95/><T22/><D73/><U100/><E74/><V127/><F127/><W96/><G98/><T52/><D75/><U78/><E129/><V109/><F109/><W5/><G96/><T17/><D70/><U117/><E128/><V35/><F35/><W1/><G26/><N who="0" m="14663" /><D65/><U79/><E25/><V105/><F105/><W84/><G32/><T58/><D91/><U29/><E29/><V13/><F13/><W38/><G28/><T39/><D39/><U81/><E15/><V47/><F47/><AGARI ba="0,1" hai="8,14,17,47,49,52,55,58,60,62,63" m="14663" machi="47" ten="30,3900,0" yaku="8,1,54,2" doraHai="120" who="0" fromWho="2" sc="304,49,204,0,265,-39,217,0" /><INIT seed="3,0,0,4,4,34" ten="353,204,226,217" oya="3" hai0="93,96,25,1,14,72,112,82,16,28,46,58,47" hai1="131,22,50,49,2,102,100,76,11,127,123,27,75" hai2="38,79,9,0,17,98,53,70,61,29,110,10,21" hai3="114,126,134,108,32,36,68,91,111,71,97,30,15"/><W54/><G114/><T109/><D1/><U69/><E123/><V39/><F110/><N who="3" m="42027" /><G134/><T90/><D112/><U106/><E69/><N who="3" m="26698" /><G126/><T7/><D7/><U41/><E127/><V24/><F79/><W86/><G36/><T12/><D12/><U73/><E131/><V87/><F87/><W51/><G97/><T63/><D72/><U85/><E75/><V95/><F98/><W107/><G107/><T130/><D82/><N who="1" m="47303" /><E73/><V113/><F113/><W99/><G99/><T83/><D83/><U81/><E81/><V94/><F39/><W84/><G15/><T120/><D130/><U133/><E106/><V40/><F38/><W55/><G55/><N who="0" m="34271" /><D120/><U3/><E133/><V80/><F53/><W118/><G118/><T26/><D26/><U128/><E128/><V60/><F0/><N who="1" m="41" /><E11/><V5/><F9/><W125/><G125/><T78/><D78/><U116/><E116/><V56/><F10/><W89/><G86/><T105/><D105/><U18/><E41/><V57/><F40/><W101/><G101/><T45/><D109/><U23/><E22/><V20/><F20/><W135/><G135/><T59/><D96/><U31/><E31/><V117/><F117/><W122/><G122/><T66/><D28/><U43/><E43/><V104/><F104/><W88/><G84/><N who="0" m="52423" /><D25/><U19/><E18/><V35/><F5/><W103/><G103/><T37/><D37/><U119/><E119/><V8/><F8/><W129/><G129/><T13/><D16/><U62/><E62/><AGARI ba="0,0" hai="13,14,45,46,47,59,62,66" m="52423,34271" machi="62" ten="30,1000,0" yaku="8,1" doraHai="34" who="0" fromWho="1" sc="353,10,204,-10,226,0,217,0" owari="363,46.3,194,-30.6,226,2.6,217,-18.3" /></mjloggm>