<mjloggm ver="2.3"><GO type="225" lobby="0"/><UN n0="%6D%75%75%6D%75%72%61" n1="%73%61%6E%64%69%72%69%73" n2="%4E%49%4A%49%49%52%4F" n3="%E3%82%BC%E3%83%AB%E3%83%80%E3%81%AE%E4%BC%9D%E8%AA%AC" dan="16,16,17,16" rate="2178.62,2150.88,2210.08,2189.15" sx="M,M,M,M"/><TAIKYOKU oya="0"/><INIT seed="0,0,0,2,5,61" ten="250,250,250,250" oya="0" hai0="128,130,27,66,47,19,124,73,53,26,135,107,37" hai1="75,35,72,38,111,76,84,40,82,92,104,36,123" hai2="105,11,120,129,117,126,98,133,10,127,118,77,41" hai3="52,18,39,3,12,90,29,121,50,110,81,69,64"/><T46/><D107/><U48/><E35/><V88/><F120/><W86/><G3/><T70/><D73/><U49/><E123/><V2/><F77/><W96/><G121/><T30/><D124/><N who="2" m="47658" /><F41/><W32/><G110/><T9/><D135/><U20/><E104/><V14/><F133/><W112/><G39/><T44/><D37/><U7/><E111/><V0/><F129/><N who="0" m="49770" /><D53/><U109/><E109/><V31/><F31/><W25/><G112/><T85/><D85/><U28/><E75/><V119/><F105/><W74/><G74/><T132/><D132/><U125/><E125/><V22/><F22/><W34/><G96/><T58/><D58/><U79/><E72/><V83/><F11/><W13/><G34/><T67/><D70/><U115/><E115/><V68/><F68/><W122/><G122/><T33/><D9/><U114/><E36/><V87/><F98/><W78/><G78/><T101/><D101/><U99/><E38/><V89/><F89/><W134/><G134/><T97/><D97/><U103/><E114/><V62/><F62/><W21/><G69/><T16/><D19/><AGARI ba="0,0" hai="0,2,10,14,19,83,87,88,117,118,119" m="47658" machi="19" ten="40,5200,0" yaku="12,1,18,1,54,1" doraHai="61" who="2" fromWho="0" sc="250,-52,250,0,250,52,250,0" /><INIT seed="1,0,0,2,4,20" ten="198,250,302,250" oya="1" hai0="75,79,43,112,96,95,9,103,106,31,49,80,3" hai1="34,133,86,14,127,40,33,135,61,62,104,21,13" hai2="10,116,77,102,5,98,59,131,42,63,82,7,15" hai3="99,17,23,57,55,81,8,105,110,16,78,85,64"/><U56/><E104/><V46/><F131/><W65/><G110/><T41/><D112/><U54/><E127/><V134/><F134/><N who="1" m="51209" /><E40/><V44/><F116/><W130/><G130/><T124/><D124/><U94/><E62/><V119/><F5/><W36/><G36/><T108/><D108/><U38/><E38/><V68/><F68/><W53/><G105/><T121/><D121/><U69/><E69/><V71/><F71/><W11/><G99/><T125/><D125/><U73/><E73/><V101/><F119/><W60/><G55/><T109/><D109/><U6/><E6/><V19/><F19/><N who="3" m="7243" /><G23/><T51/><D3/><U107/><E107/><V97/><F46/><W35/><G35/><N who="1" m="13322" /><E21/><V26/><F26/><W52/><G53/><T70/><D70/><U76/><E76/><V37/><F98/><W67/><AGARI ba="0,0" hai="8,11,52,57,60,64,65,67,78,81,85" m="7243" machi="67" ten="30,4000,0" yaku="8,1,54,2" doraHai="20" who="3" fromWho="3" sc="198,-10,250,-20,302,-10,250,40" /><INIT seed="2,0,0,4,3,100" ten="188,230,292,290" oya="2" hai0="33,54,17,46,116,44,8,40,43,39,4,27,127" hai1="16,105,2,81,0,106,25,38,18,9,128,95,66" hai2="101,49,110,78,45,42,89,11,131,87,73,67,51" hai3="29,68,65,15,32,72,102,60,96,13,117,123,111"/><V77/><F73/><W28/><G117/><T108/><D116/><U86/><E38/><V91/><F131/><W94/><G123/><T85/><D108/><U92/><E66/><V133/><F133/><W37/><G111/><T36/><D127/><U119/><E119/><V63/><F110/><W132/><G132/><T90/><D54/><U52/><E128/><V41/><F101/><W71/><G37/><T125/><D125/><U59/><E95/><V23/><F11/><W103/><G72/><T58/><D58/><U120/><E92/><V122/><F122/><W76/><G76/><T3/><D33/><U118/><E120/><V112/><F112/><W129/><G129/><T84/><REACH who="0" step="1"/><D90/><REACH who="0" ten="178,230,292,290" step="2"/><U64/><E118/><V98/><F91/><W107/><G71/><T83/><D83/><U12/><E64/><V1/><F89/><W93/><G32/><T57/><D57/><U30/><E52/><V97/><F67/><W115/><G115/><T6/><D6/><U34/><E59/><V99/><F42/><W121/><G121/><T55/><BYE who="3" /><D55/><U53/><E53/><V56/><F41/><W22/><G22/><AGARI ba="0,1" hai="3,4,8,17,22,27,36,39,40,43,44,46,84,85" machi="22" ten="40,2600,0" yaku="1,1,9,1,53,0" doraHai="100" doraHaiUra="10" who="0" fromWho="3" sc="178,36,230,0,292,0,290,-26" /><UN n3="%E3%82%BC%E3%83%AB%E3%83%80%E3%81%AE%E4%BC%9D%E8%AA%AC" /><INIT seed="3,0,0,3,1,76" ten="214,230,292,264" oya="3" hai0="39,41,37,78,9,127,27,85,71,0,7,100,44" hai1="87,121,63,8,36,101,12,114,119,117,130,69,104" hai2="98,34,96,22,53,19,111,56,93,30,110,126,3" hai3="70,14,113,38,45,33,115,55,94,91,73,82,99"/><W47/><G33/><T28/><D127/><U32/><E36/><V80/><F126/><W77/><G70/><T57/><D71/><U124/><E124/><V20/><F3/><W2/><G2/><T109/><D109/><N who="2" m="41482" /><F80/><W6/><G55/><T105/><D39/><U88/><E32/><V135/><F135/><W64/><G64/><T123/><D123/><U86/><E114/><V108/><F108/><W35/><G35/><T131/><D131/><U25/><E25/><N who="2" m="18767" /><F19/><W24/><G24/><T10/><D10/><U129/><E121/><V52/><F52/><W103/><G103/><T67/><D67/><BYE who="0" /><U90/><E101/><N who="2" m="60559" /><F98/><W68/><G68/><T132/><D132/><U133/><E133/><V107/><F107/><W48/><G38/><T54/><D54/><U89/><E104/><V16/><F16/><W23/><G23/><UN n0="%6D%75%75%6D%75%72%61" /><T112/><D112/><U58/><E69/><V65/><F65/><W1/><G1/><T59/><D100/><U49/><E119/><V13/><F13/><W61/><G61/><AGARI ba="0,0" hai="20,22,53,56,61" m="60559,18767,41482" machi="61" ten="30,1000,0" yaku="14,1" doraHai="76" who="2" fromWho="3" sc="214,0,230,0,292,10,264,-10" owari="214,-28.6,230,-17.0,302,40.2,254,5.4" /></mjloggm>