<mjloggm ver="2.3"><GO type="225" lobby="0"/><UN n0="%E7%89%B9%E6%9D%B1%E3%81%AF%E4%B8%96%E7%95%8C%E3%82%92%E6%95%91%E3%81%86" n1="%E6%80%AA%E3%81%97%E3%81%99%E3%81%8E%E3%82%8B%E3%83%81%E3%83%BC" n2="%E8%81%B7%E6%A5%AD%E3%80%81%E9%A2%A8%32" n3="%73%69%72%6F%75%74" dan="16,17,16,16" rate="2159.18,2140.16,2082.58,2108.58" sx="M,M,M,M"/><TAIKYOKU oya="0"/><INIT seed="0,0,0,2,1,71" ten="250,250,250,250" oya="0" hai0="66,22,65,13,133,83,3,9,29,55,53,88,51" hai1="84,20,124,107,5,54,36,7,81,37,2,25,59" hai2="62,24,4,34,110,100,56,112,31,94,128,131,12" hai3="63,40,134,75,44,86,60,93,117,91,122,57,104"/><T118/><D133/><U61/><E107/><V0/><F110/><W97/><G117/><T101/><D118/><U39/><E124/><V135/><F112/><W111/><G111/><T58/><D3/><U87/><E2/><V77/><F135/><W14/><G75/><T41/><D101/><U103/><E103/><V74/><F77/><W105/><G134/><T70/><D70/><U108/><E108/><V125/><F74/><W21/><G122/><T6/><D41/><U116/><E116/><V50/><F50/><W1/><G1/><T119/><D119/><U109/><E109/><V15/><F125/><W130/><G130/><N who="2" m="49705" /><F4/><W89/><G63/><T80/><D55/><U28/><REACH who="1" step="1"/><E84/><REACH who="1" ten="250,240,250,250" step="2"/><V73/><F73/><W8/><G104/><T35/><D35/><U18/><E18/><V19/><F19/><W85/><G105/><T82/><REACH who="0" step="1"/><D88/><AGARI ba="0,1" hai="5,7,20,25,28,36,37,39,54,59,61,81,87,88" machi="88" ten="40,12000,2" yaku="1,1,52,3,54,1,53,1" doraHai="71" doraHaiUra="78" who="1" fromWho="0" sc="250,-120,240,130,250,0,250,0" /><INIT seed="1,0,0,2,1,4" ten="130,370,250,250" oya="1" hai0="118,95,10,6,59,102,31,39,52,93,24,3,41" hai1="128,108,110,98,38,84,119,76,129,74,123,124,103" hai2="58,106,7,34,55,28,70,40,97,65,66,13,11" hai3="81,45,116,64,22,101,67,112,92,27,79,130,50"/><U120/><E38/><V15/><F40/><W9/><G130/><N who="1" m="50282" /><E119/><V134/><F134/><W111/><G111/><N who="1" m="42538" /><E124/><V133/><F133/><W20/><G92/><T131/><D131/><U61/><E61/><V96/><F70/><W2/><G101/><T14/><D118/><U17/><E17/><V18/><F28/><W73/><G50/><T26/><D3/><U117/><E117/><V16/><F34/><W51/><G51/><T126/><D126/><U46/><E46/><V113/><F106/><W56/><G2/><T132/><D132/><U44/><E44/><V8/><F7/><W85/><G56/><T75/><D75/><U47/><E47/><V33/><F33/><W105/><G73/><T29/><D41/><U83/><E84/><V77/><F77/><W35/><G35/><T48/><D39/><U1/><E1/><V121/><F113/><W115/><G85/><T82/><D31/><U43/><E43/><V107/><F16/><W42/><G79/><T57/><D29/><U88/><E88/><V91/><F18/><W12/><G42/><T94/><D48/><U54/><E54/><V62/><F55/><W49/><G116/><T90/><D52/><U60/><E60/><V21/><F62/><W37/><G37/><T71/><D71/><U32/><E32/><V63/><F63/><W25/><G49/><T0/><D0/><U30/><E30/><V99/><F91/><W86/><G112/><T109/><D109/><U68/><E68/><V135/><F135/><W127/><G115/><T72/><D72/><U53/><E53/><V23/><F66/><RYUUKYOKU ba="0,0" sc="130,-10,370,30,250,-10,250,-10" hai1="74,76,83,98,103,120,123" /><INIT seed="1,1,0,5,5,45" ten="120,400,240,240" oya="1" hai0="114,118,131,14,85,127,94,82,17,87,0,48,49" hai1="15,89,46,65,10,102,13,71,55,117,92,19,60" hai2="104,134,123,115,29,63,3,47,1,106,36,126,74" hai3="100,4,77,107,95,97,34,52,9,135,41,101,7"/><U28/><E117/><V33/><RYUUKYOKU type="yao9" ba="1,0" sc="120,0,400,0,240,0,240,0" hai2="1,3,29,33,36,47,63,74,104,106,115,123,126,134" /><INIT seed="1,2,0,1,1,29" ten="120,400,240,240" oya="1" hai0="46,11,70,66,101,6,97,86,69,39,129,47,56" hai1="61,2,103,77,59,5,42,73,111,44,60,67,123" hai2="21,9,7,64,94,20,23,37,15,78,88,133,68" hai3="58,57,126,99,22,27,82,131,116,122,71,55,24"/><U16/><E123/><V31/><F133/><W107/><G122/><T14/><D129/><U114/><E114/><V118/><F37/><W117/><G71/><T10/><D86/><U113/><E113/><V63/><F118/><N who="3" m="45675" /><G126/><T119/><D119/><U84/><E111/><V87/><REACH who="2" step="1"/><F78/><REACH who="2" ten="120,400,230,240" step="2"/><W105/><G131/><T76/><D76/><U81/><E77/><V91/><F91/><W109/><G109/><T134/><D134/><U49/><E73/><V90/><F90/><W83/><G83/><T102/><D39/><U4/><E81/><V72/><F72/><W74/><G82/><T25/><D102/><U124/><E103/><V51/><F51/><W26/><G74/><T92/><D101/><U130/><E49/><V52/><F52/><W38/><G38/><T12/><D66/><U98/><E67/><V125/><F125/><W45/><G55/><T132/><D132/><U30/><E124/><V115/><F115/><W120/><G120/><T34/><D70/><U95/><E130/><V110/><F110/><W135/><G135/><T40/><D69/><U75/><E75/><V93/><F93/><W17/><G107/><T80/><D80/><U48/><E95/><V128/><F128/><W100/><G45/><T85/><D47/><U79/><E44/><V106/><F106/><W54/><G54/><T89/><D46/><U108/><E79/><V65/><F65/><W62/><G57/><T13/><D56/><U50/><E59/><V19/><F19/><W18/><G17/><T8/><D92/><U41/><E108/><V112/><F112/><W43/><G43/><RYUUKYOKU ba="2,1" sc="120,-15,400,-15,230,15,240,15" hai2="7,9,15,20,21,23,31,63,64,68,87,88,94" hai3="18,22,24,26,27,58,62,99,100,105" /><INIT seed="2,3,1,1,2,34" ten="105,385,245,255" oya="2" hai0="32,103,0,93,17,31,60,132,47,88,106,81,13" hai1="118,129,128,124,49,79,3,64,85,105,123,12,63" hai2="102,86,8,37,122,29,113,97,99,119,33,114,14" hai3="4,45,104,76,30,27,25,75,22,107,61,2,95"/><V65/><F37/><W77/><G95/><T6/><D132/><U23/><E3/><V101/><F119/><W80/><G76/><T56/><D106/><U133/><E105/><V108/><F122/><W42/><G61/><T62/><D103/><U71/><E118/><V38/><F38/><N who="3" m="21719" /><G27/><T68/><D68/><U24/><E124/><V20/><F65/><W58/><G58/><T53/><D81/><U89/><E133/><V39/><F102/><W130/><G130/><N who="1" m="50282" /><E79/><V57/><F101/><W109/><G109/><T19/><D62/><U134/><E49/><V67/><F108/><W69/><G69/><T5/><D0/><U7/><E123/><V73/><F39/><W100/><G100/><T52/><D31/><U87/><E134/><V16/><F73/><W54/><G54/><T115/><D32/><U35/><E89/><V72/><F72/><W121/><G121/><T41/><D115/><U66/><E35/><V84/><F33/><W9/><AGARI ba="3,1" hai="2,4,9,22,25,30,75,77,80,104,107" m="21719" machi="9" ten="30,2000,0" yaku="25,1,52,1" doraHai="34" who="3" fromWho="3" sc="105,-8,385,-8,245,-13,255,39" /><INIT seed="3,0,0,1,3,102" ten="97,377,232,294" oya="3" hai0="111,89,11,74,52,117,62,0,37,44,120,45,125" hai1="129,57,94,24,1,10,15,39,59,8,128,69,30" hai2="127,23,108,106,22,101,31,78,38,118,35,21,7" hai3="113,61,114,40,3,82,92,133,131,77,9,26,75"/><W97/><G40/><T32/><D32/><U58/><E69/><V85/><F118/><W116/><G116/><T33/><D33/><N who="1" m="20679" /><E1/><V47/><F108/><W49/><G133/><T13/><D74/><U17/><E94/><V18/><F127/><W130/><G49/><T100/><D117/><U122/><E39/><V43/><F7/><N who="3" m="1279" /><G26/><T87/><D120/><U70/><E70/><V42/><F42/><W54/><G61/><T64/><D0/><U107/><E107/><V56/><F56/><W134/><G54/><T103/><D111/><U2/><E2/><V126/><F126/><W123/><G123/><T41/><D125/><U124/><E124/><V12/><F31/><W93/><G134/><T55/><D55/><U99/><E99/><V67/><F67/><W19/><G19/><T68/><D13/><U65/><E122/><V96/><F35/><W16/><G16/><T73/><D73/><U4/><E4/><V88/><REACH who="2" step="1"/><F78/><REACH who="2" ten="97,377,222,294" step="2"/><W53/><G53/><T119/><D119/><U132/><E65/><V29/><F29/><W51/><G114/><T115/><D115/><U48/><E132/><V91/><F91/><W121/><G113/><T81/><REACH who="0" step="1"/><D11/><REACH who="0" ten="87,377,222,294" step="2"/><U104/><E10/><V27/><F27/><W98/><G121/><T25/><D25/><U72/><E8/><V79/><F79/><W112/><G112/><T34/><D34/><U110/><E110/><V76/><F76/><W71/><G77/><T50/><AGARI ba="0,2" hai="37,41,44,45,50,52,62,64,68,81,87,89,100,103" machi="50" ten="30,7900,0" yaku="1,1,0,1,54,1,53,1" doraHai="102" doraHaiUra="46" who="0" fromWho="0" sc="87,99,377,-20,222,-20,294,-39" owari="186,-31.4,357,45.7,202,-19.8,255,5.5" /></mjloggm>