<mjloggm ver="2.3"><GO type="225" lobby="0"/><UN n0="%33%74%72%65%65" n1="%E6%9A%87%E4%BA%BA%EF%BC%A0%E9%85%8D%E4%BF%A1%E5%9E%A2" n2="%E3%81%BF%E3%81%BF%E3%81%9A" n3="%E3%82%A2%E3%83%A1%E3%82%A2%E3%83%A9%E3%83%AC" dan="16,17,18,16" rate="2138.79,2205.17,2250.03,2147.74" sx="F,M,M,M"/><TAIKYOKU oya="0"/><INIT seed="0,0,0,0,0,116" ten="250,250,250,250" oya="0" hai0="29,25,23,16,17,117,95,51,59,72,26,128,64" hai1="120,76,123,68,87,100,96,132,20,107,33,126,111" hai2="134,53,89,98,27,38,97,85,21,54,124,94,74" hai3="65,28,73,63,113,15,4,40,129,46,45,125,0"/><T106/><D106/><U3/><E33/><V104/><F38/><W18/><G113/><T14/><D117/><U102/><E68/><V32/><F32/><W93/><G73/><T5/><D72/><U24/><E3/><V118/><F118/><W75/><G75/><T47/><D128/><U82/><E111/><V109/><F109/><W9/><G129/><T36/><D36/><U34/><E34/><V55/><F134/><W77/><G125/><T61/><D26/><U6/><E6/><V92/><F74/><W69/><G77/><T52/><REACH who="0" step="1"/><D95/><REACH who="0" ten="240,250,250,250" step="2"/><U88/><E126/><V127/><F104/><W60/><G93/><T50/><D50/><U44/><E132/><V22/><F124/><W130/><G130/><T114/><D114/><U10/><E100/><N who="2" m="60455" /><F127/><W66/><G28/><T19/><D19/><U79/><E107/><V31/><F22/><W121/><G18/><T37/><D37/><U70/><E102/><V99/><AGARI ba="0,1" hai="21,27,31,53,54,55,85,89,94,98,99" m="60455" machi="99" ten="30,1100,0" yaku="8,1" doraHai="116" who="2" fromWho="2" sc="240,-5,250,-3,250,21,250,-3" /><INIT seed="1,0,0,2,0,132" ten="235,247,271,247" oya="1" hai0="98,63,30,112,127,58,2,121,128,6,45,60,29" hai1="34,88,129,103,28,38,124,94,67,47,86,18,23" hai2="123,42,110,10,19,71,70,57,92,80,66,134,90" hai3="114,59,135,113,12,101,65,82,73,97,130,36,95"/><U3/><E129/><V37/><F123/><W31/><G36/><T125/><D112/><U0/><E67/><V53/><F80/><W84/><G130/><T51/><D128/><U20/><E34/><V1/><F134/><W106/><G135/><T61/><D121/><U109/><E103/><V22/><F110/><W7/><G31/><T55/><D98/><U26/><E109/><V8/><F66/><W87/><G7/><T25/><D45/><U105/><E105/><V78/><F78/><N who="3" m="44367" /><G12/><T96/><D96/><U85/><E85/><N who="3" m="32842" /><G59/><T56/><D56/><U39/><E124/><N who="0" m="47689" /><D25/><U111/><E111/><V122/><F122/><W93/><G65/><T72/><D72/><U11/><E47/><V119/><F37/><W102/><G102/><T100/><D100/><U75/><E75/><V33/><F71/><W40/><G40/><T54/><D54/><U89/><E38/><V79/><F42/><W68/><G68/><T14/><D2/><U116/><E39/><V48/><F1/><W17/><G113/><T27/><D27/><U21/><E0/><V64/><F70/><W32/><G114/><T107/><D107/><U9/><E3/><V35/><F64/><W15/><G106/><T126/><N who="0" m="47697" /><T83/><DORA hai="4" /><D83/><U5/><E26/><V91/><F57/><W104/><G104/><T24/><D24/><U41/><E41/><V49/><F53/><W76/><G101/><T43/><D43/><U52/><E52/><V108/><F108/><W13/><G97/><T50/><D50/><U77/><E28/><V46/><F46/><W117/><G32/><RYUUKYOKU ba="0,0" sc="235,30,247,-10,271,-10,247,-10" hai0="6,14,29,30,51,55,58,60,61,63" /><INIT seed="2,1,0,0,5,125" ten="265,237,261,237" oya="2" hai0="19,101,10,111,43,2,104,38,62,21,121,117,93" hai1="45,64,39,90,58,60,72,48,120,3,44,40,6" hai2="54,33,86,50,34,55,23,17,98,118,113,27,42" hai3="37,80,16,35,67,14,73,29,110,18,96,75,133"/><V119/><F113/><W52/><G110/><T25/><D121/><U100/><E120/><V63/><F42/><W15/><G133/><T51/><D38/><U107/><E72/><V49/><F63/><W70/><G37/><T5/><D111/><U134/><E134/><V41/><F41/><W105/><G67/><T26/><D104/><U92/><E107/><V66/><F66/><W112/><G70/><T76/><D76/><U102/><E3/><V97/><F86/><W87/><G29/><T123/><D123/><U59/><E6/><V127/><F127/><W128/><G35/><T135/><D117/><U1/><E1/><V108/><F108/><W68/><G68/><T8/><D8/><U83/><E59/><V88/><F27/><W20/><G112/><T95/><D62/><U12/><E83/><V11/><F23/><W74/><G52/><T65/><D65/><U109/><E12/><V89/><F17/><W22/><G128/><T71/><D71/><N who="1" m="42375" /><E45/><V131/><F11/><W116/><G116/><T32/><D135/><U13/><E13/><V84/><F84/><W124/><G124/><T114/><D114/><U77/><E109/><V31/><F31/><W99/><REACH who="3" step="1"/><G105/><REACH who="3" ten="265,237,261,227" step="2"/><T4/><D32/><U46/><E46/><V56/><F56/><W78/><AGARI ba="1,1" hai="14,15,16,18,20,22,73,74,75,78,80,87,96,99" machi="78" ten="30,8000,1" yaku="1,1,2,1,0,1,9,1,54,1,53,0" doraHai="125" doraHaiUra="85" who="3" fromWho="3" sc="265,-21,237,-21,261,-41,227,93" /><INIT seed="3,0,0,2,3,126" ten="244,216,220,320" oya="3" hai0="103,36,49,3,24,52,28,97,31,26,88,87,68" hai1="4,80,9,129,58,101,124,122,60,96,7,123,5" hai2="61,41,40,133,54,10,44,73,8,118,95,2,130" hai3="57,33,69,13,65,92,111,131,107,81,98,106,22"/><W48/><G33/><T71/><D36/><U66/><E124/><V14/><F118/><W135/><G69/><T59/><D3/><U25/><E129/><V76/><F133/><W128/><G135/><T79/><D79/><U0/><E80/><V113/><F113/><W120/><G120/><T32/><D97/><U83/><E83/><V19/><F130/><N who="3" m="49707" /><G111/><T84/><D103/><U11/><E25/><V64/><F73/><W45/><G81/><T18/><D18/><U62/><E62/><V46/><F76/><W50/><G22/><T109/><D109/><U105/><REACH who="1" step="1"/><E7/><REACH who="1" ten="244,206,220,320" step="2"/><V20/><F95/><W108/><G92/><T35/><D84/><U104/><E104/><V127/><F127/><W117/><G107/><T77/><D77/><U85/><E85/><V6/><F20/><W94/><G106/><T37/><D37/><U29/><E29/><V78/><F78/><W53/><G94/><AGARI ba="0,1" hai="24,26,28,31,32,35,49,52,59,68,71,87,88,94" machi="94" ten="30,7700,0" yaku="7,1,9,1,54,2" doraHai="126" who="0" fromWho="3" sc="244,87,206,0,220,0,320,-77" owari="331,43.1,206,-29.4,220,-18.0,243,4.3" /></mjloggm>