<mjloggm ver="2.3"><GO type="225" lobby="0"/><UN n0="%72%61%6B%33" n1="%E5%AF%82%E5%AF%9E%E3%82%AE%E3%83%8D%E3%82%B9%E3%83%93%E3%83%BC%E3%83%AB" n2="%E6%B8%A9%E2%98%85%E6%83%85%E2%98%85%E6%8E%AA%E2%98%85%E7%BD%AE" n3="%E8%80%81%E6%A5%BD" dan="18,16,16,16" rate="2217.18,2135.20,2139.45,2064.18" sx="M,M,M,M"/><TAIKYOKU oya="0"/><INIT seed="0,0,0,4,1,57" ten="250,250,250,250" oya="0" hai0="67,12,7,95,74,128,117,58,127,61,64,30,119" hai1="33,106,101,122,100,3,90,18,42,113,25,0,49" hai2="13,2,23,14,56,134,94,32,88,93,51,11,75" hai3="21,52,103,70,111,48,24,47,78,105,86,77,71"/><T99/><D127/><U92/><E122/><V87/><F75/><W104/><G111/><T44/><D128/><U8/><E113/><V29/><F134/><W85/><G77/><T5/><D74/><U66/><E106/><V81/><F32/><W72/><G72/><T60/><D44/><U27/><E66/><V69/><F2/><W39/><G39/><T96/><D30/><U19/><E33/><V22/><F69/><W84/><G78/><T109/><D12/><N who="2" m="4714" /><F11/><W63/><G103/><T91/><D109/><U6/><E0/><V17/><F29/><W76/><G76/><T124/><D124/><U62/><E18/><V107/><F107/><W4/><G4/><T135/><D135/><U15/><E3/><V89/><F17/><W123/><G123/><T38/><D38/><U59/><E19/><V133/><F133/><W45/><G70/><T120/><D120/><U65/><E27/><V126/><F126/><W55/><G71/><T26/><D26/><U1/><E25/><V115/><F115/><W98/><G98/><T108/><D108/><U79/><E79/><V46/><F56/><N who="3" m="35207" /><G105/><T50/><D50/><U114/><E1/><V43/><F89/><W35/><G104/><T80/><D80/><U68/><E114/><V28/><F28/><N who="3" m="17423" /><G35/><T54/><D91/><U36/><E36/><V118/><F118/><W102/><G102/><T40/><D119/><U110/><E110/><V9/><F9/><W131/><G131/><T129/><D117/><U73/><E73/><V116/><F116/><W83/><G45/><T125/><D125/><U16/><E68/><RYUUKYOKU ba="0,0" sc="250,-15,250,-15,250,15,250,15" hai2="22,23,43,46,51,81,87,88,93,94" hai3="47,48,55,83,84,85,86" /><INIT seed="1,1,0,5,0,48" ten="235,235,265,265" oya="1" hai0="36,103,17,6,3,128,18,89,13,113,21,39,29" hai1="122,22,8,11,44,37,31,67,51,23,46,2,131" hai2="76,121,80,5,69,20,9,66,58,19,114,28,77" hai3="125,102,100,10,15,73,61,116,71,42,101,53,109"/><U65/><E122/><V68/><F121/><W127/><G116/><T27/><D113/><U132/><E132/><V74/><F28/><W104/><G73/><T111/><D111/><U135/><E135/><V98/><F77/><W87/><G109/><T93/><D128/><U117/><E117/><V26/><F114/><W75/><G75/><T119/><D103/><U133/><E133/><V55/><F66/><N who="3" m="41423" /><G87/><T47/><D119/><U81/><E81/><V40/><F98/><N who="3" m="61463" /><G53/><T57/><D17/><U49/><E31/><V24/><F24/><W92/><G92/><T4/><D57/><U43/><E131/><V72/><F40/><W85/><G85/><T95/><D95/><U33/><E33/><V52/><F55/><W34/><G42/><T35/><D47/><U118/><E118/><V97/><F97/><W45/><G45/><T1/><D1/><U115/><E43/><V54/><F54/><W62/><G62/><T99/><REACH who="0" step="1"/><D4/><REACH who="0" ten="225,235,265,265" step="2"/><U25/><E115/><V112/><F112/><W120/><G120/><T56/><D56/><U70/><E2/><V63/><F74/><W50/><G101/><T88/><D88/><U124/><E70/><V108/><F108/><W86/><G102/><T0/><D0/><AGARI ba="1,1" hai="0,5,9,19,20,26,52,58,63,68,69,72,76,80" machi="0" ten="30,3900,0" yaku="7,1,52,1,54,1" doraHai="48" who="2" fromWho="0" sc="225,-42,235,0,265,52,265,0" /><INIT seed="2,0,0,3,4,1" ten="183,235,317,265" oya="2" hai0="90,69,10,3,87,0,82,49,23,45,5,43,124" hai1="131,114,60,8,72,25,24,56,78,75,38,119,68" hai2="94,21,54,46,81,95,79,73,93,66,61,44,15" hai3="86,133,83,123,111,113,7,29,12,28,122,105,89"/><V109/><F109/><W99/><G111/><T98/><D124/><U100/><E114/><V34/><F34/><W20/><G113/><T18/><D0/><U70/><E119/><V91/><F91/><W2/><G2/><T40/><D69/><U33/><E38/><V13/><F21/><W129/><G129/><T58/><D58/><U115/><E115/><V17/><F54/><W6/><G133/><T104/><D104/><U27/><E33/><V32/><F32/><W107/><G20/><T30/><D98/><U59/><E100/><V53/><F53/><W42/><G42/><T48/><D30/><U85/><E131/><V64/><F64/><W65/><G65/><T101/><D101/><U52/><E8/><V103/><F103/><W41/><G41/><T130/><D130/><U67/><E85/><V121/><F121/><W39/><G39/><T11/><D11/><U35/><E35/><V9/><REACH who="2" step="1"/><F15/><REACH who="2" ten="183,235,307,265" step="2"/><W108/><G12/><T125/><D125/><U31/><E31/><V132/><F132/><W96/><G89/><T47/><D23/><U57/><E70/><AGARI ba="0,1" hai="9,13,17,44,46,61,66,70,73,79,81,93,94,95" machi="70" ten="40,2000,0" yaku="1,1,53,0" doraHai="1" doraHaiUra="116" who="2" fromWho="1" sc="183,0,235,-20,307,30,265,0" /><INIT seed="2,1,0,3,4,63" ten="183,215,337,265" oya="2" hai0="99,21,92,94,50,18,83,84,93,108,102,129,55" hai1="98,46,2,44,29,101,61,0,119,40,9,27,13" hai2="52,128,28,65,12,37,100,69,79,134,38,60,96" hai3="66,70,17,130,109,35,126,91,26,125,89,64,81"/><V59/><F134/><W11/><G109/><T133/><D129/><U10/><E119/><V6/><F128/><W117/><G117/><T97/><D108/><U118/><E118/><V67/><F79/><W39/><G39/><T15/><D133/><U58/><E0/><V95/><F28/><N who="3" m="19863" /><G70/><T131/><D131/><U49/><E46/><V76/><F76/><W20/><G11/><T62/><D62/><U90/><E90/><N who="3" m="34314" /><G81/><T48/><D48/><U75/><E75/><V54/><F38/><W115/><G115/><T123/><D123/><U45/><E45/><V104/><F37/><W122/><G122/><T116/><D116/><U4/><E13/><V7/><F104/><W86/><G86/><T110/><D110/><U121/><E121/><V3/><F3/><W43/><G43/><T53/><D53/><N who="2" m="20586" /><F69/><W132/><G132/><T5/><D5/><N who="2" m="1546" /><F12/><N who="3" m="9255" /><G130/><T85/><D83/><U23/><E4/><V41/><F41/><W36/><G36/><T30/><D30/><U127/><E2/><V111/><F111/><W87/><G87/><T1/><D1/><U57/><E9/><V105/><F105/><W68/><G68/><T107/><REACH who="0" step="1"/><D97/><REACH who="0" ten="173,215,337,265" step="2"/><U120/><E98/><V71/><F71/><W25/><G126/><T82/><D82/><U34/><E127/><V42/><F42/><W74/><G125/><T106/><D106/><U47/><E40/><V56/><F60/><W113/><G74/><T14/><D14/><U103/><E61/><V124/><F124/><W16/><G113/><T24/><D24/><U32/><E27/><V88/><F96/><W135/><G135/><RYUUKYOKU ba="1,1" sc="173,15,215,-15,337,-15,265,15" hai0="15,18,21,50,55,84,85,92,93,94,99,102,107" hai3="16,25,64,66" /><INIT seed="3,2,1,2,2,105" ten="188,200,322,280" oya="3" hai0="1,107,85,78,13,47,129,18,31,52,96,119,7" hai1="81,67,62,124,36,135,43,97,86,6,35,73,76" hai2="104,89,34,10,118,16,28,115,60,30,90,8,48" hai3="117,55,25,101,126,84,26,94,134,57,114,74,20"/><W33/><G114/><T131/><D119/><U87/><E35/><V125/><F104/><W51/><G117/><T5/><D31/><N who="2" m="11818" /><F34/><W41/><G33/><T3/><D78/><U14/><E87/><V54/><F115/><W2/><G2/><T93/><D85/><U17/><E6/><V32/><F32/><W59/><G126/><T75/><D75/><U46/><E135/><V111/><F118/><W29/><G134/><T79/><D79/><U122/><E97/><V64/><F111/><W130/><G130/><N who="0" m="49675" /><D107/><U113/><E124/><V63/><F64/><W121/><G121/><T61/><D61/><N who="2" m="23626" /><F125/><W127/><G127/><T15/><D52/><U98/><E113/><V70/><F70/><W24/><G74/><T12/><D47/><U40/><E46/><N who="2" m="27927" /><F8/><W27/><G41/><T88/><D18/><U4/><E17/><V82/><F82/><W103/><G59/><T68/><D68/><U95/><E43/><V66/><F66/><W19/><REACH who="3" step="1"/><G29/><REACH who="3" ten="188,200,322,270" step="2"/><T102/><D102/><U83/><E40/><V42/><F42/><W49/><G49/><T56/><D56/><U108/><E122/><V23/><F10/><W21/><G21/><T91/><D91/><AGARI ba="2,2" hai="19,20,24,25,26,27,51,55,57,84,91,94,101,103" machi="91" ten="40,3900,0" yaku="1,1,8,1,53,0" doraHai="105" doraHaiUra="11" who="3" fromWho="0" sc="188,-45,200,0,322,0,270,65" owari="143,-35.7,200,-20.0,322,12.2,335,43.5" /></mjloggm>