<mjloggm ver="2.3"><GO type="225" lobby="0"/><UN n0="%E7%89%B9%E6%9D%B1%E3%81%AF%E4%B8%96%E7%95%8C%E3%82%92%E6%95%91%E3%81%86" n1="%72%65%6E%6B%75%6E" n2="%33%74%72%65%65" n3="%4C%4F%4C%49%54%41" dan="16,17,16,16" rate="2152.40,2209.06,2153.93,2198.23" sx="M,M,F,F"/><TAIKYOKU oya="0"/><INIT seed="0,0,0,5,2,51" ten="250,250,250,250" oya="0" hai0="54,39,20,57,4,65,7,50,67,110,13,96,49" hai1="2,87,37,97,77,21,121,120,3,81,92,48,16" hai2="102,89,125,90,114,22,135,95,113,130,118,124,47" hai3="131,71,101,56,28,83,108,64,84,52,99,26,105"/><T45/><D39/><U100/><E37/><V123/><F123/><W127/><G108/><T63/><D110/><U25/><REACH who="1" step="1"/><E48/><REACH who="1" ten="250,240,250,250" step="2"/><V62/><F114/><W91/><G131/><T30/><D67/><U133/><E133/><V72/><F135/><W122/><G122/><AGARI ba="0,1" hai="2,3,16,21,25,77,81,87,92,97,100,120,121,122" machi="122" ten="40,5200,0" yaku="1,1,54,1,53,1" doraHai="51" doraHaiUra="78" who="1" fromWho="3" sc="250,0,240,62,250,0,250,-52" /><INIT seed="1,0,0,4,2,9" ten="250,302,250,198" oya="1" hai0="80,87,103,25,96,122,93,49,118,94,99,72,110" hai1="116,13,114,1,81,89,35,60,120,62,134,107,24" hai2="100,64,97,21,7,101,15,70,55,29,113,39,84" hai3="33,119,66,123,2,32,23,42,132,129,95,14,12"/><U59/><E107/><V127/><F127/><W16/><G123/><T86/><D118/><U111/><E1/><V54/><F113/><W10/><G2/><T82/><D122/><U78/><E114/><V46/><F70/><W6/><G119/><T77/><D110/><U48/><E116/><V98/><F64/><W131/><G132/><T31/><D49/><U130/><E120/><V75/><F75/><W56/><G42/><T102/><REACH who="0" step="1"/><D80/><REACH who="0" ten="240,302,250,198" step="2"/><U115/><E48/><V125/><F39/><W36/><G36/><T17/><D17/><U109/><E81/><V135/><F135/><W45/><G45/><T11/><D11/><U63/><E134/><V124/><F46/><W41/><G41/><T85/><D85/><U43/><E43/><V108/><F84/><W74/><G74/><T18/><D18/><U92/><E115/><V61/><F108/><W50/><G95/><T69/><D69/><U67/><E92/><N who="2" m="58407" /><F125/><W126/><G126/><T83/><D83/><U51/><E111/><V79/><F124/><W104/><G104/><T20/><AGARI ba="0,1" hai="20,25,31,72,77,82,86,87,93,94,96,99,102,103" machi="20" ten="20,5200,0" yaku="1,1,0,1,7,1,9,1,53,0" doraHai="9" doraHaiUra="47" who="0" fromWho="0" sc="240,62,302,-26,250,-13,198,-13" /><INIT seed="2,0,0,3,2,4" ten="302,276,237,185" oya="2" hai0="43,51,46,44,94,8,34,59,17,96,50,12,90" hai1="9,6,22,87,97,18,114,88,20,89,66,101,30" hai2="98,2,55,63,38,117,13,121,31,82,99,123,115" hai3="33,68,25,0,125,112,16,107,39,93,113,60,3"/><V70/><F115/><W126/><G39/><T10/><D34/><U29/><E114/><N who="3" m="44138" /><G107/><T79/><D59/><U19/><E66/><V131/><F38/><W32/><G93/><T71/><D79/><U84/><E6/><V11/><F99/><W109/><G109/><T14/><D71/><U73/><E73/><V42/><F98/><W108/><G108/><T5/><D46/><U64/><E64/><V124/><F82/><W106/><G106/><T130/><D130/><U53/><E97/><V127/><F131/><W58/><G58/><T48/><AGARI ba="0,0" hai="5,8,10,12,14,17,43,44,48,50,51,90,94,96" machi="48" ten="20,8000,1" yaku="0,1,7,1,8,1,52,2" doraHai="4" who="0" fromWho="0" sc="302,80,276,-20,237,-40,185,-20" /><INIT seed="3,0,0,4,1,64" ten="382,256,197,165" oya="3" hai0="1,85,21,111,48,83,9,3,81,19,61,79,97" hai1="100,52,34,116,120,132,68,127,20,105,18,88,28" hai2="62,121,95,43,42,67,37,135,63,106,74,104,46" hai3="31,8,75,89,12,40,98,117,53,131,22,14,25"/><W56/><G117/><T55/><D111/><U94/><E120/><V65/><F121/><W11/><G75/><T108/><D108/><U134/><E68/><V27/><F135/><N who="1" m="51753" /><E116/><V16/><F74/><W99/><G131/><T49/><D61/><U5/><E127/><V23/><F43/><W44/><G89/><T115/><D9/><U50/><E5/><V73/><F73/><W70/><G70/><T90/><D49/><U13/><E105/><V24/><F24/><W33/><G33/><T32/><D97/><N who="1" m="57543" /><E100/><V91/><F63/><W2/><G2/><T109/><D83/><U124/><E124/><V66/><REACH who="2" step="1"/><F62/><REACH who="2" ten="382,256,187,165" step="2"/><W113/><G113/><T84/><D115/><U107/><E107/><V86/><AGARI ba="0,1" hai="16,23,27,37,42,46,65,66,67,86,91,95,104,106" machi="86" ten="30,7900,0" yaku="1,1,2,1,0,1,54,1,53,0" doraHai="64" doraHaiUra="30" who="2" fromWho="2" sc="382,-20,256,-20,187,89,165,-39" owari="362,46.2,236,-16.4,276,7.6,126,-37.4" /></mjloggm>