<mjloggm ver="2.3"><GO type="225" lobby="0"/><UN n0="%E3%81%AA%E3%81%A1%30%39%32%37" n1="%E3%81%82%E3%81%99%E3%81%AB%E3%82%83%E3%82%80" n2="%72%69%6F%75%63%68%61%6E" n3="%E3%81%9D%E3%81%8A%E3%81%9D%E3%81%9D" dan="16,16,17,16" rate="2079.36,2104.74,2250.94,2085.28" sx="M,F,M,M"/><TAIKYOKU oya="0"/><INIT seed="0,0,0,0,3,66" ten="250,250,250,250" oya="0" hai0="89,93,23,119,87,48,42,125,104,44,109,107,49" hai1="124,127,95,5,83,24,63,28,18,82,64,118,132" hai2="10,77,115,117,45,110,100,85,38,8,133,134,112" hai3="9,54,56,98,70,88,50,130,94,55,131,60,53"/><T47/><D119/><U84/><E118/><V2/><F117/><W41/><G9/><N who="2" m="3689" /><F2/><W121/><G121/><T14/><D125/><N who="1" m="48203" /><E5/><V43/><F110/><W68/><G41/><T33/><D33/><N who="1" m="20615" /><E132/><N who="2" m="50795" /><F100/><W106/><G106/><T6/><D109/><U29/><E29/><V74/><F74/><W34/><G34/><T52/><REACH who="0" step="1"/><D6/><REACH who="0" ten="240,250,250,250" step="2"/><U135/><E135/><V72/><F72/><W101/><G131/><T108/><D108/><U30/><E30/><V80/><AGARI ba="0,1" hai="38,43,45,77,80,85,112,115" m="50795,3689" machi="80" ten="30,1100,0" yaku="20,1" doraHai="66" who="2" fromWho="2" sc="240,-5,250,-3,250,21,250,-3" /><INIT seed="1,0,0,4,4,66" ten="235,247,271,247" oya="1" hai0="16,117,28,75,67,6,109,59,99,79,105,94,71" hai1="91,52,125,72,96,32,39,87,70,115,120,8,113" hai2="95,56,9,11,62,20,88,34,26,73,19,80,127" hai3="69,111,93,50,102,74,77,30,12,27,89,121,51"/><U122/><E39/><V82/><F127/><W128/><G121/><T131/><D117/><U104/><E72/><V132/><F132/><W114/><G114/><T58/><D105/><U10/><E125/><V61/><F34/><W42/><G102/><T124/><D124/><U44/><E32/><V7/><F73/><W0/><G0/><T21/><D28/><U23/><E70/><V116/><F116/><W47/><G69/><T22/><D6/><U2/><E122/><V76/><F76/><W108/><G128/><T92/><D75/><U54/><E120/><V3/><F9/><W25/><G51/><T1/><D71/><U5/><E23/><V90/><F62/><W38/><G38/><T17/><D67/><U65/><E65/><V18/><F18/><W46/><G46/><T118/><D118/><U126/><E10/><V130/><F130/><W63/><G63/><T60/><D60/><U84/><E126/><V133/><F90/><W110/><G12/><T57/><D79/><U101/><E84/><V40/><F40/><W13/><G13/><N who="0" m="9359" /><D109/><U55/><REACH who="1" step="1"/><E44/><REACH who="1" ten="235,237,271,247" step="2"/><V24/><F133/><W14/><G74/><T134/><D134/><U35/><E35/><V112/><F112/><W83/><G111/><T49/><D131/><U98/><E98/><N who="2" m="57703" /><F24/><W135/><G27/><N who="0" m="14799" /><D1/><U41/><E41/><V45/><F45/><W53/><G47/><T97/><D49/><U103/><E103/><V64/><F64/><W129/><G50/><T100/><D100/><U29/><E29/><V78/><F78/><W31/><G110/><T81/><D81/><AGARI ba="0,1" hai="2,5,8,52,54,55,81,87,91,96,101,104,113,115" machi="81" ten="40,3900,0" yaku="1,1,54,1,53,0" doraHai="66" doraHaiUra="106" who="1" fromWho="0" sc="235,-39,237,49,271,0,247,0" /><INIT seed="1,1,0,1,5,33" ten="196,286,271,247" oya="1" hai0="56,92,29,82,71,54,111,16,11,73,88,12,3" hai1="64,115,69,21,130,112,101,84,90,15,66,107,51" hai2="128,48,23,85,45,125,53,68,55,0,129,36,104" hai3="62,74,41,70,120,26,122,83,75,4,38,135,9"/><U43/><E130/><N who="2" m="50283" /><F104/><W31/><G135/><T133/><D133/><U118/><E118/><V110/><F110/><W1/><G70/><T17/><D111/><U127/><E127/><V116/><F116/><W42/><G62/><N who="0" m="36119" /><D71/><U124/><E124/><V37/><F125/><W123/><G83/><T77/><D73/><U5/><E101/><V46/><F0/><W6/><G4/><N who="0" m="3175" /><D3/><U76/><E76/><V7/><F7/><W49/><G49/><T108/><D108/><U95/><E107/><V121/><F121/><W24/><G24/><T14/><D29/><U131/><E131/><V126/><F126/><W13/><G13/><T113/><D113/><U99/><E69/><V34/><F34/><N who="3" m="20855" /><G42/><T32/><D32/><U52/><E43/><V60/><F23/><W28/><G28/><T119/><D119/><U100/><E112/><V63/><F85/><W47/><AGARI ba="1,0" hai="1,6,9,38,41,47,74,75,120,122,123" m="20855" machi="47" ten="40,2700,0" yaku="23,1,52,1" doraHai="33" who="3" fromWho="3" sc="196,-8,286,-14,271,-8,247,30" /><INIT seed="2,0,0,2,0,101" ten="188,272,263,277" oya="2" hai0="98,2,3,103,39,65,13,30,47,61,133,8,60" hai1="31,0,50,97,121,73,6,44,108,36,124,41,74" hai2="20,112,111,118,35,86,24,83,127,4,95,53,71" hai3="28,81,14,21,33,59,42,90,72,129,5,1,100"/><V45/><F112/><W114/><G114/><T99/><D133/><U17/><E108/><V46/><F127/><W128/><G33/><T82/><D30/><U7/><E124/><V55/><F118/><W105/><G1/><T109/><D109/><U123/><E31/><V11/><F111/><W64/><G42/><T84/><D47/><U69/><E69/><V78/><F71/><W9/><G28/><T58/><D39/><U63/><E63/><V107/><F107/><W10/><G21/><T115/><D61/><U40/><E40/><V67/><F35/><W49/><G10/><T116/><D99/><U68/><E68/><V119/><F119/><W43/><G64/><T80/><D80/><U130/><E130/><V87/><F67/><W57/><G100/><T131/><D131/><N who="3" m="50249" /><G105/><T110/><D110/><U38/><E17/><V117/><F117/><W12/><G12/><T70/><D70/><U26/><E26/><V15/><F53/><N who="3" m="31919" /><G59/><T102/><D115/><U66/><E66/><V135/><F135/><W113/><G43/><T94/><D103/><U54/><E36/><V79/><F55/><W62/><G62/><T77/><REACH who="0" step="1"/><D116/><REACH who="0" ten="178,272,263,277" step="2"/><U52/><E38/><V29/><F95/><W16/><G81/><AGARI ba="0,1" hai="4,11,15,20,24,29,45,46,78,79,81,83,86,87" machi="81" ten="40,3900,0" yaku="9,1,8,1" doraHai="101" who="2" fromWho="3" sc="178,0,272,0,263,49,277,-39" /><INIT seed="2,1,0,0,2,67" ten="178,272,312,238" oya="2" hai0="125,62,11,35,59,105,50,8,20,132,12,72,41" hai1="117,95,122,78,86,47,77,17,88,0,131,68,7" hai2="126,22,42,111,10,39,80,37,51,45,69,109,112" hai3="87,49,58,44,121,38,130,2,21,25,40,74,60"/><V99/><F112/><W19/><G74/><T82/><D105/><U123/><E117/><V5/><F126/><W65/><G121/><N who="1" m="46090" /><E131/><V3/><F69/><W124/><G124/><T103/><D103/><U75/><E47/><V30/><F99/><W83/><G130/><T18/><D125/><U113/><E113/><V107/><F107/><W24/><G2/><T106/><D106/><U115/><E115/><V79/><F30/><W48/><REACH who="3" step="1"/><G25/><REACH who="3" ten="178,272,312,228" step="2"/><T66/><D132/><U56/><E75/><N who="2" m="43135" /><F22/><W43/><G43/><T31/><D41/><U1/><E1/><V127/><F127/><W133/><G133/><T120/><D120/><U91/><E0/><V64/><F64/><W16/><G16/><T52/><D72/><U96/><E17/><V29/><F29/><W98/><G98/><T70/><REACH who="0" step="1"/><D82/><REACH who="0" ten="168,272,312,228" step="2"/><U90/><E7/><V4/><F5/><W102/><G102/><T134/><D134/><U94/><E96/><V76/><F4/><W46/><G46/><T34/><D34/><U73/><E73/><V33/><F33/><W55/><G55/><T92/><D92/><U9/><E95/><V135/><F135/><W116/><G116/><T119/><D119/><U53/><E94/><V100/><F100/><W14/><G14/><T71/><D71/><U118/><E68/><V27/><F3/><W61/><G61/><T28/><D28/><U57/><E118/><V6/><F6/><W32/><G32/><T26/><AGARI ba="1,2" hai="8,11,12,18,20,26,31,35,50,52,59,62,66,70" machi="26" ten="30,8000,1" yaku="1,1,0,1,52,1,54,1,53,1" doraHai="67" doraHaiUra="15" who="0" fromWho="0" sc="168,103,272,-21,312,-41,228,-21" /><INIT seed="3,0,0,3,3,108" ten="271,251,271,207" oya="3" hai0="114,81,115,86,41,122,13,57,95,75,14,131,56" hai1="94,93,35,88,50,74,12,130,22,111,80,134,61" hai2="126,85,55,43,69,18,0,118,113,33,24,104,132" hai3="52,89,38,28,97,5,11,68,76,26,19,34,32"/><W45/><G68/><T16/><D122/><U105/><E105/><V23/><F113/><N who="0" m="43018" /><D131/><U27/><E111/><V54/><F104/><W90/><G34/><T53/><D41/><U4/><E130/><V64/><F0/><W107/><G76/><N who="0" m="44191" /><D16/><U3/><E134/><V65/><F132/><W125/><G125/><T112/><D112/><U133/><E133/><V1/><F43/><W92/><G107/><T62/><D57/><U77/><E4/><V9/><F69/><W63/><G19/><T73/><D73/><U10/><E10/><V67/><F9/><W51/><G63/><T66/><D66/><U99/><E74/><V71/><F67/><W110/><G38/><T36/><D36/><U2/><E2/><V123/><F64/><W48/><G48/><T17/><D17/><U84/><E3/><V39/><F1/><W7/><G110/><T127/><D127/><U91/><E50/><V129/><F39/><W40/><G40/><T58/><D58/><U6/><E61/><V87/><F129/><W106/><G106/><T116/><D116/><U78/><E6/><V102/><F118/><W30/><G30/><T46/><D46/><U44/><E44/><V83/><F126/><W101/><REACH who="3" step="1"/><G5/><REACH who="3" ten="271,251,271,197" step="2"/><T42/><D42/><U60/><E60/><V70/><F70/><W100/><G100/><T29/><D29/><U21/><E35/><V31/><F102/><W119/><G119/><T20/><D20/><U98/><E21/><V117/><F117/><W49/><G49/><T59/><D59/><U37/><E37/><V47/><F71/><W103/><G103/><RYUUKYOKU ba="0,1" sc="271,15,251,-15,271,-15,197,15" hai0="13,14,53,56,62,86,95" hai3="7,11,26,28,32,45,51,52,89,90,92,97,101" /><INIT seed="3,1,1,0,0,107" ten="286,236,256,212" oya="3" hai0="131,4,24,55,61,5,133,48,110,103,109,134,60" hai1="115,132,77,30,11,10,82,29,125,13,35,1,52" hai2="22,102,14,20,64,39,51,67,81,45,78,8,129" hai3="74,114,127,53,40,65,124,87,101,9,108,86,44"/><W28/><G114/><T106/><D131/><U18/><E115/><V23/><F39/><W16/><G108/><N who="0" m="41579" /><D24/><U123/><E123/><V117/><F102/><W59/><G65/><T27/><D27/><U116/><E116/><V47/><F129/><W96/><G28/><T12/><D103/><U97/><E35/><V95/><F95/><W31/><G31/><T84/><D84/><U49/><E125/><N who="3" m="48202" /><G74/><T38/><D38/><U122/><E132/><N who="0" m="50793" /><D106/><U119/><E119/><V57/><F117/><W89/><G89/><T75/><D75/><U46/><E122/><V17/><F57/><W25/><G25/><T118/><D118/><U72/><REACH who="1" step="1"/><E97/><REACH who="1" ten="286,226,256,212" step="2"/><V94/><F94/><N who="3" m="58519" /><G16/><T83/><D5/><AGARI ba="1,2" hai="1,5,10,11,13,18,29,30,46,49,52,72,77,82" machi="5" ten="40,5200,0" yaku="1,1,52,1,54,1,53,0" doraHai="107" doraHaiUra="56" who="1" fromWho="0" sc="286,-55,226,75,256,0,212,0" owari="231,-16.9,301,40.1,256,5.6,212,-28.8" /></mjloggm>