<mjloggm ver="2.3"><GO type="225" lobby="0"/><UN n0="%E3%81%A9%E3%82%8F%E3%82%93%E3%81%94" n1="%E7%B4%94%E6%BD%94%E3%83%94%E3%83%A9%E3%83%8B%E3%82%A2" n2="%E6%9D%B1%E9%A2%A8%E3%81%AE%E3%81%8D%E3%82%83%E3%81%B7%E3%81%95%E3%82%93" n3="%77%72%77%72%77%72%77%72" dan="16,16,17,16" rate="2088.33,2125.17,2255.28,2222.01" sx="M,M,M,M"/><TAIKYOKU oya="0"/><INIT seed="0,0,0,2,4,133" ten="250,250,250,250" oya="0" hai0="46,87,6,37,125,88,113,55,70,100,90,8,38" hai1="36,20,65,50,18,118,73,74,108,129,62,29,89" hai2="94,15,32,106,7,11,92,31,39,91,120,126,114" hai3="131,45,25,63,9,66,52,98,84,4,77,97,135"/><T128/><D113/><U3/><E3/><V54/><F106/><W123/><G135/><T23/><D70/><U103/><E36/><V19/><F39/><W102/><G131/><T93/><D128/><U81/><E108/><V105/><F114/><W115/><G115/><T64/><D64/><U35/><E35/><V53/><F105/><W33/><G123/><T130/><D100/><U107/><E29/><V12/><F120/><W78/><G98/><T109/><D130/><U5/><E5/><V117/><F117/><W13/><G84/><T121/><D121/><U42/><E118/><V47/><F47/><W28/><G52/><T10/><D109/><U95/><E81/><V0/><F15/><W24/><G24/><T40/><D55/><U86/><E50/><V127/><F31/><W61/><G61/><T72/><D72/><U119/><E42/><V71/><F32/><W48/><G48/><N who="0" m="26695" /><D90/><U56/><E129/><V51/><F71/><W75/><G75/><T76/><D76/><U22/><E119/><V82/><F82/><W30/><G30/><T85/><D85/><U124/><E103/><V122/><F122/><W69/><REACH who="3" step="1"/><G45/><REACH who="3" ten="250,250,250,240" step="2"/><T79/><D38/><U101/><E74/><V16/><F54/><W134/><G134/><T26/><D37/><U99/><E73/><V41/><F41/><W21/><G21/><T96/><D96/><U44/><E20/><V80/><F53/><W112/><G112/><T116/><D116/><U57/><E44/><V104/><F51/><W14/><G14/><N who="0" m="5399" /><D10/><U110/><E110/><V59/><F11/><W43/><G43/><RYUUKYOKU ba="0,1" sc="250,-10,250,-10,250,-10,240,30" hai3="4,9,13,25,28,33,63,66,69,77,78,97,102" /><INIT seed="1,1,1,2,0,69" ten="240,240,240,270" oya="1" hai0="1,105,60,79,41,122,55,50,37,49,135,106,51" hai1="28,87,42,125,92,116,90,65,17,126,26,33,48" hai2="25,22,93,56,100,18,128,83,9,77,67,132,78" hai3="58,75,72,3,97,118,2,24,57,133,76,134,43"/><U53/><E116/><V124/><F124/><N who="1" m="47721" /><E65/><V13/><F128/><W40/><G76/><T59/><D79/><U32/><E42/><N who="3" m="15914" /><G97/><T30/><D30/><U52/><E17/><V44/><F132/><N who="3" m="50795" /><G24/><T19/><D1/><N who="3" m="9" /><G118/><T85/><D135/><U127/><N who="1" m="47729" /><U119/><DORA hai="68" /><E119/><V111/><F111/><W0/><N who="3" m="17" /><W86/><DORA hai="66" /><G86/><T129/><D85/><U34/><E48/><V123/><F44/><W64/><G64/><T70/><D50/><U15/><E15/><V8/><F123/><W73/><AGARI ba="1,1" hai="57,58,72,73,75" m="17,50795,15914" machi="73" ten="60,7900,0" yaku="28,2,20,1" doraHai="69,68,66" who="3" fromWho="3" sc="240,-21,240,-40,240,-21,270,92" /><INIT seed="2,0,0,4,1,72" ten="219,200,219,362" oya="2" hai0="56,75,126,106,74,82,122,30,61,85,135,31,102" hai1="1,26,13,59,28,52,25,127,17,29,70,92,20" hai2="117,105,57,114,65,34,35,120,23,89,88,110,79" hai3="87,130,83,43,91,111,104,116,101,21,73,60,71"/><V78/><F105/><W67/><G116/><T36/><D122/><U125/><E70/><V64/><F117/><W129/><G111/><T97/><D36/><U68/><E68/><V10/><F120/><W9/><G43/><T81/><D135/><U51/><E1/><V94/><F114/><W6/><G21/><T48/><D126/><U80/><E92/><V128/><F23/><W42/><G42/><T90/><D48/><U3/><E3/><V115/><F115/><W69/><G69/><T84/><D74/><U121/><E121/><V124/><F10/><W16/><G16/><T41/><D75/><U86/><E26/><V8/><F8/><W118/><G73/><T100/><D100/><U133/><E133/><V19/><F19/><W98/><REACH who="3" step="1"/><G118/><REACH who="3" ten="219,200,219,352" step="2"/><T123/><D41/><U14/><E29/><V32/><F110/><W24/><G24/><T4/><D123/><U107/><E125/><V76/><F124/><W40/><G40/><T46/><D4/><U33/><E127/><V132/><F132/><W38/><G38/><T15/><D31/><U39/><E39/><V93/><F128/><W49/><G49/><T108/><D30/><U119/><E119/><V18/><F18/><W7/><G7/><T22/><D108/><U58/><E33/><V45/><F34/><W12/><AGARI ba="0,1" hai="6,9,12,60,67,71,83,87,91,98,101,104,129,130" machi="12" ten="30,4000,0" yaku="1,1,0,1,53,1" doraHai="72" doraHaiUra="0" who="3" fromWho="3" sc="219,-10,200,-10,219,-20,352,50" /><INIT seed="3,0,0,1,1,14" ten="209,190,199,402" oya="3" hai0="107,62,96,15,83,71,64,111,17,26,131,82,106" hai1="37,132,104,21,52,102,119,30,101,63,22,49,39" hai2="118,45,100,97,9,91,70,126,18,53,121,93,46" hai3="43,11,59,125,48,33,19,66,74,16,134,2,129"/><W113/><G48/><T44/><D111/><U50/><E119/><V32/><F32/><W36/><G59/><T24/><D44/><N who="2" m="17002" /><F70/><W8/><G66/><T94/><D107/><U116/><E116/><V60/><F118/><W85/><G85/><T23/><D106/><U55/><E104/><V123/><F126/><W73/><G11/><T127/><D127/><U112/><E63/><V92/><F60/><W133/><G8/><T3/><D3/><U115/><REACH who="1" step="1"/><E30/><REACH who="1" ten="209,180,199,402" step="2"/><V56/><F123/><W128/><G125/><T10/><D62/><U12/><E12/><N who="2" m="7439" /><F121/><W80/><G2/><T69/><D69/><U31/><E31/><V124/><F124/><W54/><G129/><T38/><D131/><U42/><E42/><V25/><F25/><W41/><G43/><T114/><D71/><U65/><E65/><V122/><F122/><W7/><G41/><T6/><D64/><U76/><E76/><V0/><F0/><W130/><G130/><T135/><D26/><U72/><E72/><V68/><F68/><W67/><G74/><T120/><D120/><U58/><E58/><V13/><F13/><W28/><G73/><T89/><D114/><U79/><E79/><V103/><F92/><W1/><G1/><T75/><D75/><U108/><E108/><V110/><F110/><W98/><G67/><T77/><D38/><U84/><E84/><V20/><F20/><W86/><G113/><T90/><D77/><U35/><E35/><V99/><F99/><W117/><G128/><T88/><D135/><AGARI ba="0,1" hai="21,22,37,39,49,50,52,55,101,102,112,115,132,135" machi="135" ten="25,6400,0" yaku="1,1,22,2,54,1,53,0" doraHai="14" doraHaiUra="5" who="1" fromWho="0" sc="209,-64,180,74,199,0,402,0" owari="145,-35.5,254,5.4,199,-20.1,402,50.2" /></mjloggm>