<mjloggm ver="2.3"><GO type="225" lobby="0"/><UN n0="%4E%55%44%41" n1="%E6%98%93%E5%88%A9%E8%96%A9%E4%BC%AF" n2="%E6%80%AA%E3%81%97%E3%81%99%E3%81%8E%E3%82%8B%E3%83%81%E3%83%BC" n3="%6D%75%75%6D%75%72%61" dan="17,16,16,17" rate="2185.69,2098.41,2102.54,2197.96" sx="M,F,M,F"/><TAIKYOKU oya="0"/><INIT seed="0,0,0,1,0,20" ten="250,250,250,250" oya="0" hai0="112,115,67,122,77,60,99,0,38,108,128,126,83" hai1="94,43,16,131,84,123,132,8,71,98,1,91,49" hai2="59,111,9,95,105,65,119,114,33,121,15,87,135" hai3="73,89,63,62,39,25,124,13,93,55,74,48,86"/><T36/><D122/><U70/><E123/><V127/><F121/><W52/><G124/><T37/><D0/><U10/><E131/><V72/><F114/><W51/><G39/><T5/><D128/><U24/><E132/><V106/><F72/><W118/><G118/><T68/><D126/><U134/><E134/><V47/><F33/><W23/><G13/><T116/><D116/><U53/><E43/><V14/><F135/><W97/><G86/><T129/><D129/><U19/><E1/><V66/><F47/><N who="3" m="27679" /><G74/><T102/><D5/><U61/><E84/><V109/><F87/><W45/><G73/><N who="0" m="43439" /><D108/><N who="2" m="41546" /><F127/><W100/><G89/><T101/><D101/><U46/><E70/><V80/><F80/><W107/><G107/><AGARI ba="0,0" hai="36,37,38,60,67,68,99,102,107,112,115" m="43439" machi="107" ten="30,1500,0" yaku="23,1" doraHai="20" who="0" fromWho="3" sc="250,15,250,0,250,0,250,-15" /><INIT seed="0,1,0,4,3,27" ten="265,250,250,235" oya="0" hai0="41,47,129,62,49,16,92,123,1,109,72,18,37" hai1="133,39,32,71,107,22,69,50,4,114,5,46,103" hai2="86,45,110,98,117,127,108,15,82,10,79,34,28" hai3="73,121,38,99,29,25,113,76,14,96,40,104,119"/><T66/><D123/><U89/><E32/><V116/><F127/><W83/><G121/><T75/><D1/><U87/><E39/><V7/><F98/><W97/><G113/><T11/><D129/><U61/><E133/><V100/><F100/><W74/><G119/><N who="2" m="45641" /><F45/><W124/><G124/><T115/><D115/><U122/><E122/><V125/><F125/><W31/><G73/><T30/><D109/><N who="2" m="42090" /><F34/><W77/><G77/><T44/><D30/><AGARI ba="1,0" hai="7,10,15,28,30,79,82,86" m="42090,45641" machi="30" ten="30,7700,0" yaku="12,1,14,1,52,2" doraHai="27" who="2" fromWho="0" sc="265,-80,250,0,250,80,235,0" /><INIT seed="1,0,0,3,4,133" ten="185,250,330,235" oya="1" hai0="123,111,64,117,108,99,30,41,38,76,134,48,16" hai1="34,17,103,55,8,93,89,107,78,96,53,28,15" hai2="77,43,94,88,27,25,82,42,9,1,100,72,135" hai3="127,36,132,57,6,110,33,51,71,24,105,112,124"/><U109/><E109/><N who="0" m="42057" /><D117/><U85/><E34/><V90/><F135/><W67/><G110/><T79/><D134/><U62/><E28/><V131/><F131/><W61/><G132/><T3/><D3/><U92/><E92/><V91/><F42/><W98/><G112/><T73/><D38/><U60/><E62/><V87/><F43/><W39/><G39/><T129/><D129/><U29/><E29/><V20/><F100/><N who="3" m="62615" /><G36/><T69/><D30/><U21/><E21/><V56/><F56/><W18/><G6/><T122/><D99/><U50/><E60/><V26/><REACH who="2" step="1"/><F20/><REACH who="2" ten="185,250,320,235" step="2"/><N who="3" m="13335" /><G33/><T13/><D69/><U46/><REACH who="1" step="1"/><E78/><REACH who="1" ten="185,240,320,235" step="2"/><V113/><F113/><W68/><G51/><T19/><D48/><U66/><E66/><V120/><F120/><W49/><G49/><T2/><D64/><U80/><E80/><V74/><F74/><W35/><G35/><T75/><D75/><U22/><E22/><V121/><F121/><W130/><G130/><T97/><D122/><U104/><E104/><V95/><F95/><W11/><G11/><T86/><D123/><U115/><E115/><V0/><F0/><W44/><G68/><T102/><D2/><U63/><E63/><V31/><F31/><W40/><G71/><T106/><D73/><U12/><E12/><V59/><F59/><W32/><G32/><T7/><D13/><U114/><E114/><V116/><F116/><W126/><G44/><T65/><D65/><U14/><E14/><V83/><F83/><W58/><G57/><T5/><D76/><U101/><E101/><V128/><F128/><W81/><G81/><RYUUKYOKU ba="0,2" sc="185,-30,240,10,320,10,235,10" hai1="8,15,17,46,50,53,55,85,89,93,96,103,107" hai2="1,9,25,26,27,72,77,82,87,88,90,91,94" hai3="40,58,61,67,124,126,127" /><INIT seed="1,1,2,0,1,104" ten="155,250,330,245" oya="1" hai0="1,110,118,12,76,131,82,7,121,130,15,71,27" hai1="106,90,95,124,70,73,65,23,69,3,13,102,9" hai2="5,20,67,117,6,42,77,122,94,127,79,2,123" hai3="119,17,35,62,34,128,114,33,75,11,111,40,46"/><U81/><E124/><V10/><F127/><W41/><G114/><T61/><D118/><U19/><E65/><V103/><F117/><W18/><G119/><T14/><D110/><U49/><E106/><V32/><F32/><W57/><G111/><T126/><D126/><U120/><E102/><V93/><F67/><W64/><G128/><N who="0" m="49195" /><D71/><U108/><E120/><V80/><F6/><W24/><G75/><N who="0" m="43295" /><D61/><U38/><E38/><V78/><F80/><W66/><G66/><T51/><D121/><U31/><E49/><V47/><F20/><W87/><G87/><T105/><D105/><U112/><E112/><V43/><F94/><W25/><G41/><T39/><D39/><U89/><E108/><V68/><F43/><W91/><G91/><T30/><D51/><U26/><E3/><V88/><F103/><W54/><G64/><T16/><D7/><U97/><REACH who="1" step="1"/><E89/><REACH who="1" ten="155,240,330,245" step="2"/><V60/><F122/><W59/><G40/><T115/><D1/><U98/><E98/><V85/><F123/><W134/><G62/><T50/><D50/><U55/><E55/><V113/><F113/><W63/><G54/><T101/><D101/><U86/><E86/><V135/><F60/><W72/><G63/><T132/><D115/><U28/><E28/><V29/><F29/><W48/><G48/><T84/><D84/><U53/><E53/><V52/><F52/><W107/><G107/><T83/><D30/><U109/><E109/><V92/><F68/><W74/><G57/><T125/><D125/><U133/><E133/><V116/><F135/><W100/><G134/><T8/><D132/><RYUUKYOKU ba="1,3" sc="155,-10,240,30,330,-10,245,-10" hai1="9,13,19,23,26,31,69,70,73,81,90,95,97" /><INIT seed="1,2,3,4,2,96" ten="145,270,320,235" oya="1" hai0="26,63,28,16,8,115,2,29,120,39,129,108,131" hai1="105,97,130,74,62,92,66,24,54,112,126,27,76" hai2="61,134,31,6,67,13,109,58,71,132,133,110,117" hai3="65,55,86,80,41,59,121,5,64,37,36,82,102"/><U73/><E112/><V7/><F117/><W68/><G121/><T53/><D39/><U81/><E105/><V21/><F71/><W52/><G68/><T77/><D77/><U113/><E113/><V56/><F56/><W101/><G86/><T104/><D115/><U114/><E114/><V98/><F98/><W1/><G59/><N who="0" m="35311" /><D104/><U83/><E130/><N who="0" m="49673" /><D108/><N who="2" m="41578" /><F31/><N who="0" m="11850" /><D120/><U94/><E126/><V93/><F93/><W15/><G41/><T119/><D119/><U84/><E54/><V72/><F72/><W111/><G111/><T20/><D8/><U11/><E11/><V107/><F107/><W38/><G38/><T78/><D78/><U43/><E43/><V125/><F125/><W3/><G15/><T50/><D50/><U99/><E62/><V57/><F57/><W116/><G116/><T40/><D40/><U17/><E66/><V100/><F21/><W135/><G135/><T51/><D51/><U34/><E76/><V49/><F49/><W85/><G85/><T42/><D42/><U69/><E84/><V127/><F127/><W0/><G0/><AGARI ba="2,3" hai="0,2,16,20,26" m="11850,49673,35311" machi="0" ten="30,2000,0" yaku="19,1,54,1" doraHai="96" who="0" fromWho="3" sc="145,56,270,0,320,0,235,-26" /><INIT seed="2,0,0,1,2,125" ten="201,270,320,209" oya="2" hai0="39,7,63,8,58,96,110,70,97,67,2,17,78" hai1="47,82,75,107,45,115,22,36,108,104,99,12,71" hai2="11,61,118,42,65,114,40,53,92,64,29,56,55" hai3="1,93,126,91,13,133,4,10,84,88,134,127,116"/><V9/><F114/><W68/><G68/><T72/><D110/><U35/><E35/><V113/><F113/><W117/><G1/><T103/><D39/><U27/><E71/><V86/><F118/><N who="3" m="45675" /><G91/><T122/><D122/><U3/><E3/><V95/><F29/><W106/><G106/><T100/><D72/><U20/><E108/><V74/><F74/><W83/><G83/><T15/><D78/><U48/><E36/><V124/><F124/><AGARI ba="0,0" hai="4,10,13,84,88,93,124,126,127,133,134" m="45675" machi="124" ten="30,2000,0" yaku="18,1,54,1" doraHai="125" who="3" fromWho="2" sc="201,0,270,0,320,-20,209,20" /><INIT seed="3,0,0,2,4,25" ten="201,270,300,229" oya="3" hai0="105,31,46,82,19,22,42,92,24,40,75,49,28" hai1="39,57,85,93,27,29,43,56,38,8,77,0,4" hai2="116,26,74,109,79,132,131,89,62,103,71,18,97" hai3="48,20,78,15,7,17,123,86,120,66,117,54,115"/><W122/><G115/><T91/><D105/><U87/><E87/><V3/><F116/><W55/><G117/><T134/><D134/><U133/><E133/><V68/><F3/><W108/><G108/><T73/><D40/><U35/><E43/><V52/><F132/><W72/><G72/><T61/><D61/><U107/><E107/><V12/><F131/><W96/><G66/><T110/><D110/><U90/><REACH who="1" step="1"/><E77/><REACH who="1" ten="201,260,300,229" step="2"/><V60/><F79/><W76/><G76/><T21/><D82/><U5/><E5/><V23/><F109/><W36/><G7/><T2/><D2/><U80/><E80/><V34/><F74/><W51/><G78/><T98/><D31/><U101/><E101/><V41/><F103/><W69/><G86/><T124/><D124/><U118/><E118/><V1/><F1/><W95/><G36/><AGARI ba="0,1" hai="0,4,8,27,29,35,36,38,39,56,57,85,90,93" machi="36" ten="40,2600,0" yaku="1,1,52,1,53,0" doraHai="25" doraHaiUra="125" who="1" fromWho="3" sc="201,0,260,36,300,0,229,-26" owari="201,-29.9,296,9.6,300,40.0,203,-19.7" /></mjloggm>