<mjloggm ver="2.3"><GO type="225" lobby="0"/><UN n0="%E7%89%B9%E6%9D%B1%E3%81%AF%E4%B8%96%E7%95%8C%E3%82%92%E6%95%91%E3%81%86" n1="%E3%81%82%E3%81%99%E3%81%AB%E3%82%83%E3%82%80" n2="%6D%75%75%6D%75%72%61" n3="%E7%B4%94%E6%BD%94%E3%83%94%E3%83%A9%E3%83%8B%E3%82%A2" dan="16,16,16,17" rate="2136.40,2081.41,2242.38,2234.46" sx="M,F,F,M"/><TAIKYOKU oya="0"/><INIT seed="0,0,0,4,3,122" ten="250,250,250,250" oya="0" hai0="34,116,125,109,95,11,31,90,134,43,70,50,65" hai1="132,73,127,39,33,28,75,97,30,60,5,4,93" hai2="89,44,94,53,7,77,49,59,72,24,78,115,100" hai3="22,117,118,85,23,21,133,14,87,79,105,128,96"/><T107/><D116/><U10/><E39/><V61/><F115/><W76/><G128/><T6/><D107/><U27/><E132/><V98/><F72/><W67/><G67/><T83/><D134/><U26/><E60/><V69/><F69/><W84/><G14/><T124/><D83/><U15/><E4/><V18/><F7/><W91/><G133/><T74/><D74/><U82/><E82/><V9/><F100/><W19/><G19/><T35/><D43/><U37/><E37/><V119/><F119/><W101/><REACH who="3" step="1"/><G91/><REACH who="3" ten="250,250,250,240" step="2"/><T126/><D65/><U36/><E127/><V123/><F123/><W13/><G13/><T81/><D126/><U0/><E15/><N who="2" m="7535" /><F24/><W3/><G3/><T110/><D125/><U129/><E129/><V99/><F99/><W32/><G32/><T114/><D34/><U16/><E16/><V135/><F135/><W41/><G41/><AGARI ba="0,1" hai="41,44,49,53,59,61,77,78,89,94,98" m="7535" machi="41" ten="30,1000,0" yaku="8,1" doraHai="122" who="2" fromWho="3" sc="250,0,250,0,250,20,240,-10" /><INIT seed="1,0,0,5,1,99" ten="250,250,270,230" oya="1" hai0="127,8,59,97,31,51,15,131,115,47,62,17,37" hai1="55,114,23,69,124,88,39,11,10,117,38,1,21" hai2="90,73,25,50,3,60,48,80,78,83,101,27,98" hai3="92,84,36,106,66,70,130,103,24,129,43,128,52"/><U86/><E114/><V104/><F3/><W105/><G36/><T61/><D115/><U35/><E117/><V20/><F60/><N who="3" m="40263" /><G43/><T26/><D131/><N who="3" m="33537" /><W16/><DORA hai="93" /><G84/><T7/><D37/><U63/><E124/><V58/><F58/><W0/><G0/><T4/><D127/><U49/><E35/><V71/><F71/><W89/><G89/><T22/><D97/><U46/><E38/><V32/><F32/><W29/><G29/><T6/><REACH who="0" step="1"/><D59/><REACH who="0" ten="240,250,270,230" step="2"/><N who="1" m="35327" /><E39/><V126/><F126/><W102/><G92/><T5/><N who="0" m="1024" /><DORA hai="107" /><T75/><D75/><U118/><E1/><V135/><F73/><W91/><G106/><T132/><D132/><U77/><E69/><V112/><F135/><W33/><G105/><T121/><D121/><U56/><E56/><V44/><F104/><W9/><G33/><T79/><D79/><U13/><E77/><V30/><F78/><W122/><G122/><T96/><D96/><U19/><E118/><V67/><F98/><W34/><G34/><T120/><D120/><U14/><E10/><V95/><F112/><W41/><G9/><T119/><D119/><U87/><E11/><V42/><F101/><W72/><G72/><T113/><D113/><U125/><E125/><V28/><F95/><W54/><G91/><T53/><AGARI ba="0,1" hai="8,15,17,22,26,31,47,51,53,61,62" m="1024" machi="53" ten="40,12000,2" yaku="1,1,0,1,8,1,53,3" doraHai="99,93,107" doraHaiUra="76,57,40" who="0" fromWho="0" sc="240,130,250,-60,270,-30,230,-30" /><INIT seed="2,0,0,0,3,70" ten="370,190,240,200" oya="2" hai0="134,92,83,132,14,3,59,96,75,15,133,62,80" hai1="12,97,60,102,9,67,10,13,116,118,7,11,42" hai2="45,88,52,64,19,27,35,77,104,30,71,74,94" hai3="38,55,98,69,91,110,122,78,129,115,119,125,95"/><V18/><F104/><W49/><G119/><T34/><D3/><U50/><E10/><V28/><F28/><W87/><G69/><T109/><D34/><U20/><E20/><V41/><F74/><W40/><G122/><T127/><D109/><U114/><E114/><V106/><F77/><W51/><G110/><T86/><D75/><U54/><E42/><V26/><F106/><W5/><G125/><T130/><D130/><U37/><E37/><V103/><F103/><W44/><G129/><T121/><D127/><U76/><E76/><V107/><F107/><W105/><G115/><T25/><D25/><U1/><E1/><V111/><F111/><W56/><G5/><T124/><D121/><U81/><E81/><N who="0" m="31305" /><D86/><U24/><E24/><V0/><F0/><W16/><G78/><T90/><D124/><U73/><E73/><V93/><F27/><W72/><G72/><T120/><D120/><U2/><E2/><V21/><F35/><W108/><G108/><T48/><D48/><U4/><E97/><V68/><F94/><W65/><G65/><AGARI ba="0,0" hai="14,15,59,62,65,90,92,96,132,133,134" m="31305" machi="65" ten="30,1000,0" yaku="20,1" doraHai="70" who="0" fromWho="3" sc="370,10,190,0,240,0,200,-10" /><INIT seed="3,0,0,1,3,99" ten="380,190,240,190" oya="3" hai0="39,55,90,110,129,108,113,72,82,8,31,53,117" hai1="38,24,77,114,46,126,47,78,58,36,107,122,29" hai2="95,123,40,49,30,26,62,86,119,20,35,118,48" hai3="87,27,84,33,23,71,41,96,9,105,59,57,73"/><W6/><G33/><T51/><D39/><U102/><E114/><V28/><F123/><W79/><G71/><T44/><D117/><U66/><E122/><V106/><F106/><W13/><G73/><T116/><D116/><U80/><E126/><V64/><F35/><W3/><G3/><T121/><D121/><U133/><E133/><V2/><F2/><W130/><G41/><T12/><D31/><U61/><E78/><V1/><F1/><W42/><G42/><N who="0" m="24983" /><D113/><U54/><E54/><V93/><F30/><W69/><G69/><T127/><D129/><U131/><E131/><V17/><F28/><W94/><G105/><T101/><D101/><U43/><E102/><V67/><F67/><W88/><G130/><T109/><D127/><U98/><E98/><V125/><F125/><W83/><REACH who="3" step="1"/><G96/><REACH who="3" ten="380,190,240,180" step="2"/><T7/><D72/><U14/><E107/><V100/><F40/><W81/><G81/><T134/><D134/><U120/><E120/><V65/><F118/><W103/><G103/><T60/><D82/><U19/><E80/><V124/><F124/><W5/><G5/><T16/><D7/><U115/><E77/><V56/><F100/><W91/><G91/><T18/><D90/><U89/><E89/><V34/><F34/><W52/><G52/><T128/><D128/><U22/><E36/><V68/><F119/><W32/><G32/><T135/><D135/><U11/><E115/><V112/><F112/><W37/><G37/><T104/><D104/><U74/><E74/><V0/><F0/><W85/><G85/><T75/><D75/><U15/><E15/><RYUUKYOKU ba="0,1" sc="380,-15,190,15,240,-15,180,15" hai1="11,14,19,22,24,29,38,43,46,47,58,61,66" hai3="6,9,13,23,27,57,59,79,83,84,87,88,94" /><INIT seed="3,1,1,4,1,102" ten="365,205,225,195" oya="3" hai0="39,35,118,20,62,37,34,46,108,15,123,16,44" hai1="121,126,67,49,22,82,27,129,3,95,52,113,101" hai2="12,30,24,40,109,81,117,100,19,63,96,115,65" hai3="31,98,84,53,125,73,132,70,72,29,10,133,42"/><W43/><G70/><T0/><D123/><U33/><E113/><V28/><F115/><W110/><G98/><T50/><D0/><U116/><E121/><V38/><F117/><W66/><G66/><T25/><D118/><U51/><E33/><V68/><F109/><W127/><G84/><T21/><D62/><U88/><E3/><V61/><F61/><W1/><G1/><T41/><D108/><U75/><E116/><V106/><F30/><N who="3" m="11275" /><G53/><T78/><D78/><U17/><E129/><V60/><F60/><W36/><G36/><T18/><D39/><U9/><E126/><N who="3" m="48138" /><G10/><T14/><D14/><U86/><E67/><V134/><F38/><W79/><G79/><T92/><D92/><U90/><E9/><N who="2" m="6543" /><F40/><AGARI ba="1,1" hai="15,16,18,20,21,25,34,35,37,40,41,44,46,50" machi="40" ten="30,2000,0" yaku="7,1,54,1" doraHai="102" who="0" fromWho="2" sc="365,33,205,0,225,-23,195,0" owari="398,49.8,205,0.5,202,-19.8,195,-30.5" /></mjloggm>