<mjloggm ver="2.3"><GO type="225" lobby="0"/><UN n0="%E3%81%BF%E3%81%BF%E3%81%9A" n1="%E3%83%97%E3%83%AC%E3%83%B4%E3%82%A1%E3%83%86%E3%82%A3" n2="%72%61%6B%33" n3="%E5%B8%86%E7%AB%8B%E5%A4%8F%E8%A1%A3" dan="16,16,16,16" rate="2165.04,2055.68,2049.79,2120.61" sx="M,F,M,M"/><TAIKYOKU oya="0"/><INIT seed="0,0,0,2,0,78" ten="250,250,250,250" oya="0" hai0="89,19,63,59,131,7,130,37,109,26,129,104,90" hai1="50,6,12,82,111,45,31,107,119,15,106,76,54" hai2="94,48,125,23,74,69,36,126,25,115,80,2,41" hai3="43,18,84,110,11,35,124,9,70,117,79,58,64"/><T24/><D37/><U118/><E111/><V92/><F115/><W29/><G117/><T16/><D104/><U17/><E31/><V122/><F122/><W93/><G110/><T61/><D7/><U53/><E118/><V71/><F2/><W40/><G70/><T128/><N who="0" m="32768" /><DORA hai="14" /><T62/><D109/><U33/><E33/><V51/><F94/><W133/><G124/><T30/><D59/><U1/><E1/><V73/><F92/><W22/><G29/><T134/><D134/><U60/><E119/><V87/><F36/><W3/><G35/><N who="0" m="20935" /><D26/><U66/><E53/><V49/><F41/><N who="3" m="15947" /><G133/><T38/><D38/><U44/><E12/><V34/><F34/><W114/><G114/><T81/><D81/><U121/><E6/><V96/><F69/><W86/><G93/><T5/><D5/><U100/><E44/><V95/><F71/><W101/><G3/><T72/><D72/><U97/><E121/><V10/><F73/><W52/><G64/><T56/><D56/><U135/><E135/><V28/><F74/><W102/><G58/><T39/><D39/><U8/><E107/><V77/><F126/><W46/><G46/><T103/><D103/><U4/><E4/><V32/><F125/><W105/><G105/><T108/><D108/><U91/><E66/><V83/><F32/><W20/><G102/><T112/><D112/><U55/><E55/><V75/><F75/><W21/><G101/><T57/><D57/><U13/><E13/><V68/><F68/><W113/><G52/><T99/><D99/><U127/><E127/><V67/><F67/><RYUUKYOKU ba="0,0" sc="250,30,250,-10,250,-10,250,-10" hai0="16,19,61,62,63,89,90" /><INIT seed="0,1,0,5,2,31" ten="280,240,240,240" oya="0" hai0="118,123,89,133,55,62,25,27,4,13,70,2,7" hai1="129,18,77,135,120,78,125,122,112,14,100,71,58" hai2="108,105,121,130,19,80,6,79,74,20,96,38,117" hai3="35,49,107,102,5,101,46,53,94,33,76,93,50"/><T119/><D123/><U60/><E71/><V65/><F121/><W48/><G5/><T43/><D2/><U56/><E125/><V52/><F108/><W87/><G107/><T63/><D43/><U44/><E112/><V99/><F99/><BYE who="2" /><W37/><G37/><T98/><D133/><U22/><E135/><V131/><F131/><W23/><G23/><T67/><D98/><U26/><E129/><V41/><F41/><W134/><G134/><T114/><D89/><U83/><E100/><N who="3" m="38506" /><G53/><UN n2="%72%61%6B%33" /><T91/><D91/><U11/><E58/><V32/><F32/><N who="3" m="12363" /><G87/><T86/><D86/><U109/><E109/><V28/><F105/><W116/><G116/><T34/><D34/><U61/><E61/><V128/><F117/><W69/><G69/><T113/><D70/><U21/><E21/><V54/><F20/><W81/><G81/><T82/><D82/><U111/><E111/><V92/><F38/><W68/><G68/><T57/><D57/><U40/><E83/><V132/><F132/><W16/><G46/><T66/><D13/><U0/><E0/><V24/><F128/><W3/><G3/><T64/><D64/><U47/><E122/><V95/><F65/><W115/><G115/><T90/><D90/><U75/><E120/><V42/><F130/><W124/><G124/><T12/><D12/><U45/><E40/><V36/><F42/><W59/><G59/><T126/><D126/><U51/><E60/><V103/><F80/><W15/><G76/><N who="1" m="29290" /><E56/><V85/><F79/><W29/><G29/><T30/><D30/><N who="1" m="17751" /><E51/><N who="3" m="13058" /><W97/><DORA hai="72" /><G97/><T88/><D55/><RYUUKYOKU ba="1,0" sc="280,10,240,10,240,-30,240,10" hai0="4,7,25,27,62,63,66,67,88,113,114,118,119" hai1="11,14,18,44,45,47,75" hai3="15,16,93,94" /><INIT seed="0,2,0,2,4,24" ten="290,250,210,250" oya="0" hai0="134,114,14,2,89,39,7,16,101,17,68,51,122" hai1="13,30,129,44,21,45,28,12,58,53,121,52,118" hai2="107,32,98,72,3,4,135,116,92,57,26,100,127" hai3="119,123,113,115,96,18,126,66,36,46,61,79,99"/><T103/><D114/><U6/><E121/><V31/><F127/><W47/><G119/><T0/><D39/><U76/><E118/><V105/><F116/><W82/><G126/><T74/><D74/><U111/><E111/><V90/><F135/><W20/><G123/><T64/><D68/><U48/><E129/><V80/><F57/><W9/><G9/><N who="0" m="4415" /><D64/><U131/><E131/><V67/><F67/><W81/><G115/><T22/><D0/><U42/><E76/><V87/><REACH who="2" step="1"/><F72/><REACH who="2" ten="290,250,200,250" step="2"/><W120/><G66/><T11/><D134/><U102/><E6/><V109/><F109/><W83/><G113/><T60/><D122/><U19/><E12/><V94/><F94/><W69/><G120/><T132/><D132/><U93/><E93/><V97/><F97/><W37/><G99/><T117/><D117/><U128/><E128/><V23/><F23/><W59/><G96/><T91/><D22/><U75/><E75/><V1/><F1/><W5/><G20/><T54/><D2/><U50/><REACH who="1" step="1"/><E102/><REACH who="1" ten="290,240,200,250" step="2"/><V49/><F49/><AGARI ba="2,2" hai="13,19,21,28,30,42,44,45,48,49,50,52,53,58" machi="49" ten="30,12000,2" yaku="1,1,2,1,7,1,8,1,52,2,54,1,53,0" doraHai="24" doraHaiUra="56" who="1" fromWho="2" sc="290,0,240,146,200,-126,250,0" /><INIT seed="1,0,0,4,0,55" ten="290,386,74,250" oya="1" hai0="39,4,19,30,35,134,18,81,71,48,1,46,121" hai1="101,118,60,59,126,75,119,67,31,53,12,43,8" hai2="37,0,131,32,110,87,113,56,44,69,135,27,82" hai3="123,17,111,85,100,22,72,104,33,114,133,5,20"/><U83/><E126/><V42/><F69/><W127/><G33/><T122/><D39/><U109/><E109/><V11/><F110/><W117/><G72/><T24/><D71/><U73/><E31/><V54/><F131/><W13/><G111/><T89/><D134/><U105/><E43/><V86/><F135/><W132/><G114/><T120/><D4/><U15/><E15/><V34/><F113/><W51/><G123/><T77/><D89/><U41/><E41/><V63/><F27/><W36/><G36/><T61/><D61/><U99/><E75/><V29/><F29/><W95/><G127/><T2/><D1/><U97/><E97/><V25/><F25/><W50/><G104/><T93/><D93/><U84/><E73/><V14/><F0/><W58/><G117/><T102/><D102/><U28/><E28/><V108/><F108/><W106/><G22/><T103/><D103/><U88/><REACH who="1" step="1"/><E67/><REACH who="1" ten="290,376,74,250" step="2"/><V6/><REACH who="2" step="1"/><F86/><REACH who="2" ten="290,376,64,250" step="2"/><W64/><G85/><N who="0" m="48303" /><D2/><U66/><E66/><V128/><F128/><W94/><G64/><T107/><D107/><U26/><E26/><V16/><F16/><AGARI ba="0,2" hai="8,12,16,53,59,60,83,84,88,99,101,105,118,119" machi="16" ten="30,12000,1" yaku="1,1,7,1,52,1,54,2,53,0" doraHai="55" doraHaiUra="47" who="1" fromWho="2" sc="290,0,376,140,64,-120,250,0" owari="290,9.0,516,61.6,-56,-55.6,250,-15.0" /></mjloggm>