<mjloggm ver="2.3"><GO type="225" lobby="0"/><UN n0="%74%61%6B%75%61%6B%61" n1="%E3%81%AA%E3%81%8C%E3%81%95%E3%82%8F%E3%81%BE%E3%81%95%E3%81%BF" n2="%E3%81%82%E3%81%84%E3%81%82%E3%81%8A%E3%81%84" n3="%E3%81%AF%E3%82%88%E3%81%8A%E3%81%98%E3%81%95%E3%82%93" dan="17,16,18,16" rate="2189.01,2096.92,2216.21,2162.50" sx="M,F,M,M"/><TAIKYOKU oya="0"/><INIT seed="0,0,0,1,1,49" ten="250,250,250,250" oya="0" hai0="70,2,48,68,133,55,47,128,129,100,43,20,90" hai1="6,38,4,41,66,46,7,62,107,130,80,101,92" hai2="9,23,103,39,44,18,99,8,71,121,79,120,73" hai3="31,12,84,60,111,85,127,52,53,89,63,42,109"/><T37/><D2/><U131/><E107/><V78/><F71/><N who="0" m="27178" /><D100/><U50/><E80/><V74/><F39/><W17/><G127/><T58/><D90/><U104/><E104/><V33/><F44/><W117/><G117/><T45/><D20/><U59/><REACH who="1" step="1"/><E38/><REACH who="1" ten="250,240,250,250" step="2"/><V35/><F120/><W27/><G109/><T10/><D10/><U29/><E29/><V76/><F121/><W25/><G111/><T112/><D112/><U61/><E61/><V57/><F8/><W11/><G31/><T13/><D13/><U32/><E32/><V54/><F9/><W88/><G11/><T51/><D133/><U135/><E135/><V5/><F35/><W86/><G12/><T3/><D3/><U75/><E75/><V28/><F33/><W81/><G81/><T56/><D56/><U116/><E116/><V72/><F28/><W98/><G63/><T125/><D125/><U67/><E67/><V115/><F5/><W122/><G60/><T132/><D132/><U82/><E82/><V110/><F115/><W96/><G122/><T24/><D24/><U126/><E126/><V93/><F110/><W1/><G1/><T97/><D97/><AGARI ba="0,1" hai="4,6,7,41,46,50,59,62,66,92,97,101,130,131" machi="97" ten="40,1300,0" yaku="1,1,53,0" doraHai="49" doraHaiUra="83" who="1" fromWho="0" sc="250,-13,240,23,250,0,250,0" /><INIT seed="1,0,0,0,1,42" ten="237,263,250,250" oya="1" hai0="135,12,58,79,106,83,86,95,6,122,60,55,33" hai1="70,90,116,81,34,44,82,38,1,51,120,121,43" hai2="131,35,5,61,52,99,32,23,87,14,36,84,66" hai3="56,71,85,76,118,24,112,89,47,97,65,15,100"/><U94/><E116/><V107/><F36/><W3/><G112/><T96/><D135/><U45/><E34/><V19/><F131/><W109/><G3/><T103/><D33/><U16/><E1/><V117/><F117/><W18/><G118/><T53/><D122/><U108/><E70/><V93/><F5/><W22/><G109/><T80/><D106/><U127/><E127/><V28/><F107/><W54/><G71/><T77/><D6/><U68/><E68/><V31/><F35/><W8/><G76/><T46/><D12/><U26/><E108/><V73/><F73/><W30/><G65/><T4/><D4/><U88/><E90/><V0/><F0/><W113/><G113/><T48/><D80/><U39/><E39/><V9/><F32/><W104/><G47/><T62/><D62/><U110/><E110/><V40/><F40/><W128/><G128/><T67/><REACH who="0" step="1"/><D79/><REACH who="0" ten="227,263,250,250" step="2"/><U130/><E121/><V21/><F14/><W74/><G104/><T114/><D114/><U92/><E120/><V2/><F61/><W11/><G15/><T134/><D134/><U37/><E130/><V115/><F115/><W57/><G24/><T29/><D29/><U111/><E82/><V126/><F28/><W63/><G30/><T125/><D125/><U64/><E81/><V50/><F31/><W13/><G63/><T105/><D105/><U17/><E111/><V132/><F126/><W119/><G13/><T27/><D27/><U78/><E26/><N who="2" m="14655" /><F132/><W91/><G119/><T101/><D101/><U69/><E78/><V49/><F2/><W72/><G100/><RYUUKYOKU ba="0,1" sc="227,30,263,-10,250,-10,250,-10" hai0="46,48,53,55,58,60,67,77,83,86,95,96,103" /><INIT seed="2,1,1,4,3,99" ten="257,253,240,240" oya="2" hai0="11,39,59,100,98,83,77,37,105,33,24,123,82" hai1="9,7,52,31,64,53,80,132,108,13,38,40,66" hai2="78,27,133,16,28,69,15,62,94,22,45,135,115" hai3="56,55,6,71,51,67,110,5,117,26,84,19,134"/><V91/><F115/><W116/><G110/><T125/><D123/><U75/><E108/><V70/><F78/><W35/><G134/><N who="2" m="51209" /><F45/><W95/><G71/><T128/><D128/><U79/><E132/><V10/><F62/><N who="3" m="38343" /><G35/><T34/><D125/><U88/><E31/><V63/><F63/><W0/><G0/><T129/><D129/><U54/><REACH who="1" step="1"/><E88/><REACH who="1" ten="257,243,240,240" step="2"/><V18/><F28/><W87/><G117/><T48/><D82/><U1/><E1/><V12/><F12/><W73/><G116/><T17/><D83/><U81/><E81/><V86/><AGARI ba="1,2" hai="10,15,16,18,22,27,69,70,86,91,94" m="51209" machi="86" ten="30,3000,0" yaku="20,1,54,1" doraHai="99" who="2" fromWho="2" sc="257,-11,243,-11,240,53,240,-11" /><INIT seed="2,2,0,4,2,85" ten="246,232,293,229" oya="2" hai0="105,6,27,32,90,18,31,71,26,34,69,97,63" hai1="91,80,108,5,44,66,59,130,126,23,82,99,25" hai2="46,17,95,83,35,79,57,54,88,14,101,102,107" hai3="50,106,67,61,7,65,119,118,114,127,103,43,133"/><V74/><F35/><W87/><G7/><T51/><D6/><U56/><E108/><V9/><F46/><N who="3" m="25951" /><G87/><T21/><D34/><U53/><E130/><V132/><F107/><W94/><G94/><T135/><D135/><U37/><E126/><V45/><F45/><W16/><G16/><T42/><D63/><N who="1" m="38247" /><E37/><V68/><F68/><N who="3" m="42031" /><G103/><T39/><D39/><U11/><E44/><V12/><F12/><W110/><G106/><T113/><D113/><U100/><E100/><V10/><F10/><W8/><G8/><T76/><D76/><U73/><E73/><V125/><F125/><W70/><G127/><T40/><D105/><U29/><E11/><V60/><F132/><W86/><G86/><AGARI ba="2,0" hai="9,14,17,54,57,60,74,79,83,86,88,95,101,102" machi="86" ten="30,5800,0" yaku="7,1,52,1,54,1" doraHai="85" who="2" fromWho="3" sc="246,0,232,0,293,64,229,-64" /><INIT seed="2,3,0,5,5,80" ten="246,232,357,165" oya="2" hai0="33,87,110,58,39,9,30,64,37,79,44,76,59" hai1="129,23,14,22,98,68,31,117,133,84,34,81,107" hai2="95,74,105,91,94,89,134,15,43,127,6,13,0" hai3="42,123,61,18,69,16,8,90,35,53,73,4,114"/><V102/><F74/><W51/><G123/><T104/><D104/><U25/><E117/><V45/><F127/><W78/><G35/><T116/><D110/><U48/><E68/><V126/><F126/><W109/><G109/><T132/><D132/><U57/><E129/><V92/><F134/><W65/><G114/><T96/><D96/><U24/><E133/><V3/><F105/><W41/><G78/><T103/><D103/><U82/><E82/><V72/><F72/><W99/><G73/><T106/><D106/><U77/><E14/><V12/><F102/><W28/><G28/><T20/><D33/><U49/><E34/><V1/><REACH who="2" step="1"/><F6/><REACH who="2" ten="246,232,347,165" step="2"/><W108/><G108/><T27/><D9/><U70/><E107/><V50/><AGARI ba="3,1" hai="0,1,3,12,13,15,43,45,50,89,91,92,94,95" machi="50" ten="40,12000,1" yaku="1,1,2,1,0,1,29,2,53,0" doraHai="80" doraHaiUra="7" who="2" fromWho="2" sc="246,-43,232,-43,347,139,165,-43" /><INIT seed="2,4,0,0,3,109" ten="203,189,486,122" oya="2" hai0="20,71,85,42,70,35,94,97,76,129,79,45,59" hai1="130,73,121,118,29,96,119,81,14,102,52,57,8" hai2="48,54,4,80,123,46,66,106,113,16,31,64,89" hai3="93,72,67,110,127,114,65,74,88,12,41,84,107"/><V103/><F123/><W15/><G107/><T83/><D35/><U86/><E29/><V49/><F113/><W95/><G41/><T32/><D32/><U122/><E73/><V116/><F116/><W0/><G0/><T28/><D129/><U115/><E115/><V51/><F31/><W23/><G114/><T131/><D131/><U108/><E108/><V99/><F4/><W111/><G84/><T13/><D76/><U38/><E38/><V61/><F66/><W75/><G74/><T128/><D128/><U112/><E112/><V87/><REACH who="2" step="1"/><F16/><REACH who="2" ten="203,189,476,122" step="2"/><W68/><G67/><T17/><D28/><U134/><E119/><V78/><F78/><W40/><G65/><T63/><D17/><U91/><E118/><V69/><AGARI ba="4,1" hai="46,48,49,51,54,61,64,69,80,87,89,99,103,106" machi="69" ten="20,3900,0" yaku="1,1,0,1,7,1,53,0" doraHai="109" doraHaiUra="90" who="2" fromWho="2" sc="203,-17,189,-17,476,61,122,-17" /><INIT seed="2,5,0,3,2,57" ten="186,172,537,105" oya="2" hai0="71,68,19,118,128,0,41,109,40,52,102,66,9" hai1="122,29,82,135,7,97,30,62,126,111,106,99,131" hai2="8,33,89,101,130,28,95,58,22,39,119,107,132" hai3="127,18,85,110,16,25,2,59,75,83,27,123,49"/><V46/><F119/><W38/><G123/><T42/><D109/><U112/><E112/><V20/><F132/><W69/><G38/><T76/><D128/><U133/><E111/><V17/><F130/><W51/><G69/><T86/><D118/><U37/><E37/><V79/><F79/><W44/><G110/><T94/><D102/><U129/><E7/><V47/><F107/><W36/><G2/><T124/><D124/><U45/><E122/><V63/><F101/><W23/><G75/><T96/><D96/><N who="1" m="36939" /><E106/><V43/><F47/><W70/><G70/><T80/><D94/><U74/><E45/><V54/><F33/><W3/><G3/><T88/><D76/><N who="1" m="44311" /><E126/><V104/><F104/><W65/><G127/><T34/><D34/><U60/><E129/><V73/><F73/><W12/><G36/><T64/><D68/><U55/><E131/><V121/><F121/><W100/><G100/><T77/><D77/><U108/><E108/><V26/><F8/><N who="3" m="6151" /><G27/><T11/><D71/><U53/><E55/><V78/><F78/><N who="3" m="46327" /><G44/><T87/><D0/><U120/><E120/><V15/><F95/><W48/><G48/><T116/><D116/><U56/><E135/><V115/><F115/><W114/><G114/><T24/><D9/><U90/><E133/><V35/><F89/><W103/><G103/><T4/><D11/><U61/><E90/><V14/><F35/><W91/><G91/><T98/><D88/><U1/><E1/><V67/><F14/><W21/><G23/><T134/><D134/><U92/><E92/><V6/><F6/><W113/><G113/><RYUUKYOKU ba="5,0" sc="186,-30,172,10,537,10,105,10" hai1="29,30,53,56,60,61,62" hai2="15,17,20,22,26,28,39,43,46,54,58,63,67" hai3="18,21,25,49,51,59,65" /><INIT seed="2,6,0,4,2,31" ten="156,182,547,115" oya="2" hai0="88,49,91,102,71,54,24,107,75,8,53,18,48" hai1="135,118,77,127,122,65,130,46,94,13,62,44,85" hai2="35,119,7,79,87,0,70,30,131,111,132,29,37" hai3="9,33,80,21,109,14,104,52,93,32,11,92,3"/><V106/><RYUUKYOKU type="yao9" ba="6,0" sc="156,0,182,0,547,0,115,0" hai2="0,7,29,30,35,37,70,79,87,106,111,119,131,132" /><INIT seed="2,7,0,0,3,126" ten="156,182,547,115" oya="2" hai0="116,5,32,19,111,104,100,88,80,59,113,23,83" hai1="18,122,41,9,56,3,1,129,54,102,124,51,96" hai2="119,85,99,22,76,86,46,89,53,2,21,123,60" hai3="58,64,90,134,117,132,125,14,37,30,131,72,7"/><V130/><F119/><W16/><G117/><T109/><D32/><U92/><E124/><V40/><F2/><W29/><G125/><T73/><D116/><U10/><E122/><V38/><F123/><W107/><G37/><T57/><D113/><U63/><E129/><V44/><F130/><W68/><G131/><T52/><D5/><U20/><E1/><V87/><F76/><W34/><G107/><T67/><D73/><U74/><E74/><V13/><F13/><W97/><G72/><T112/><D112/><U36/><E36/><V8/><F8/><W26/><G68/><T27/><D67/><U50/><E3/><V128/><F128/><W93/><G29/><T65/><D65/><U61/><E51/><V49/><REACH who="2" step="1"/><F60/><REACH who="2" ten="156,182,537,115" step="2"/><W6/><G134/><T12/><D12/><N who="1" m="9287" /><E63/><V118/><F118/><W39/><G132/><T115/><D115/><U47/><AGARI ba="7,1" hai="9,10,41,47,50,54,56,61,92,96,102" m="9287" machi="47" ten="30,1100,0" yaku="8,1" doraHai="126" who="1" fromWho="1" sc="156,-10,182,42,537,-12,115,-10" /><INIT seed="3,0,0,2,3,18" ten="146,224,525,105" oya="3" hai0="107,77,56,108,38,130,48,82,12,113,50,125,61" hai1="126,104,134,95,40,89,101,65,114,135,110,119,23" hai2="3,99,57,60,49,116,53,41,44,72,8,112,68" hai3="62,75,6,85,86,17,51,34,4,109,19,93,73"/><W102/><G34/><T132/><D108/><U63/><E110/><V131/><F112/><W115/><G109/><T21/><D38/><U121/><E121/><V122/><F116/><W105/><G115/><T120/><D120/><U0/><E0/><V33/><F122/><W67/><G105/><T88/><D107/><U37/><E126/><V127/><F72/><W103/><G51/><T24/><D130/><U16/><E101/><V66/><F33/><W43/><G43/><T64/><D132/><U91/><E119/><V83/><F83/><W29/><G29/><T128/><D128/><U27/><E114/><V7/><F131/><W20/><G67/><T46/><D125/><U47/><E104/><V5/><F5/><W79/><G62/><T96/><D12/><U28/><E28/><V13/><F99/><W39/><G39/><T22/><D113/><U76/><E76/><V100/><F100/><W52/><G52/><N who="0" m="29719" /><D24/><U74/><E74/><V97/><F97/><W15/><G93/><N who="0" m="56359" /><D50/><U78/><E95/><V31/><F31/><W124/><G124/><T26/><D26/><U133/><E78/><V90/><F127/><W32/><G32/><T87/><AGARI ba="0,0" hai="21,22,56,61,64,77,82,87" m="56359,29719" machi="87" ten="30,8000,1" yaku="8,1,52,2,54,2" doraHai="18" who="0" fromWho="0" sc="146,80,224,-20,525,-20,105,-40" owari="226,2.6,204,-19.6,505,60.5,65,-43.5" /></mjloggm>