<mjloggm ver="2.3"><GO type="225" lobby="0"/><UN n0="%E3%81%99%E3%81%84%E3%81%BE%E3%81%9B%E3%83%BC%E3%82%93" n1="%E7%B4%94%E6%BD%94%E3%83%94%E3%83%A9%E3%83%8B%E3%82%A2" n2="%E7%BD%AA%E5%88%91%E6%B3%95%E5%AE%9A%E4%B8%BB%E7%BE%A9" n3="%E6%80%AA%E3%81%97%E3%81%99%E3%81%8E%E3%82%8B%E3%83%81%E3%83%BC" dan="16,16,16,16" rate="2121.96,2076.29,2121.29,2173.22" sx="M,M,M,M"/><TAIKYOKU oya="0"/><INIT seed="0,0,0,0,2,3" ten="250,250,250,250" oya="0" hai0="7,122,45,132,21,73,94,42,86,10,68,23,30" hai1="102,131,0,93,100,105,54,50,41,127,36,124,83" hai2="121,31,85,75,12,109,1,84,49,4,126,63,26" hai3="55,16,24,133,14,112,118,114,116,120,92,46,64"/><T53/><D53/><U51/><BYE who="0" /><E105/><V108/><F1/><W89/><G133/><T82/><D82/><U95/><E0/><V5/><F121/><UN n0="%E3%81%99%E3%81%84%E3%81%BE%E3%81%9B%E3%83%BC%E3%82%93" /><W17/><G120/><T52/><D68/><U19/><E36/><V44/><F75/><W128/><G128/><T104/><D73/><U88/><E83/><V20/><F63/><W37/><G64/><T33/><D104/><U91/><E54/><N who="2" m="29991" /><F12/><W40/><G55/><T80/><D122/><U129/><REACH who="1" step="1"/><E19/><REACH who="1" ten="250,240,250,250" step="2"/><V106/><F106/><W43/><G37/><T110/><D52/><U18/><E18/><V74/><F74/><W28/><G17/><T61/><D80/><U87/><E87/><N who="2" m="33355" /><F126/><W47/><G16/><T81/><D81/><U9/><E9/><V101/><F101/><W15/><G92/><T39/><D10/><U8/><E8/><V76/><F76/><W25/><G28/><T27/><D94/><U98/><E98/><V29/><F29/><W135/><G135/><T57/><D132/><U117/><E117/><V60/><F60/><W59/><G89/><T97/><D97/><U66/><E66/><V67/><F67/><W130/><G130/><T90/><D86/><U58/><E58/><AGARI ba="0,1" hai="14,15,24,25,40,43,46,47,58,59,112,114,116,118" machi="58" ten="25,1600,0" yaku="22,2" doraHai="3" who="3" fromWho="1" sc="250,0,240,-16,250,0,250,26" /><INIT seed="1,0,0,1,4,66" ten="250,224,250,276" oya="1" hai0="74,57,58,125,77,39,135,72,31,117,3,90,116" hai1="124,111,9,83,64,119,115,91,16,120,34,95,131" hai2="71,13,14,15,38,54,68,55,56,112,86,36,26" hai3="89,96,118,78,85,94,132,88,127,43,107,104,92"/><U17/><E115/><V82/><F112/><W35/><G35/><T87/><D39/><U97/><E119/><V40/><F55/><W62/><G118/><T105/><D105/><N who="3" m="40521" /><G62/><T84/><D3/><U79/><E120/><V5/><F5/><W44/><G44/><T42/><D42/><U21/><E34/><V93/><F93/><N who="3" m="54415" /><G43/><T76/><D125/><U10/><E124/><V75/><F75/><W53/><G53/><T29/><REACH who="0" step="1"/><D90/><REACH who="0" ten="240,224,250,276" step="2"/><U28/><E131/><V11/><F38/><W114/><G127/><T108/><D108/><U32/><E111/><V46/><F11/><W22/><G114/><T69/><D69/><U27/><E64/><V123/><F123/><W7/><G89/><T121/><D121/><U25/><REACH who="1" step="1"/><E17/><REACH who="1" ten="240,214,250,276" step="2"/><V60/><REACH who="2" step="1"/><F26/><REACH who="2" ten="240,214,240,276" step="2"/><W48/><G132/><AGARI ba="0,3" hai="29,31,57,58,72,74,76,77,84,87,116,117,132,135" machi="132" ten="25,3200,0" yaku="1,1,22,2,53,0" doraHai="66" doraHaiUra="99" who="0" fromWho="3" sc="240,62,214,0,240,0,276,-32" /><INIT seed="2,0,0,5,1,107" ten="302,214,240,244" oya="2" hai0="19,35,79,39,34,111,131,88,100,41,103,54,69" hai1="48,76,30,33,10,73,118,83,25,21,98,13,86" hai2="42,57,55,87,122,32,75,44,101,23,124,49,2" hai3="27,53,105,127,7,17,126,11,80,40,89,15,78"/><V108/><F32/><W64/><G105/><T61/><D131/><U56/><E118/><V50/><F122/><W5/><G64/><T52/><D111/><U97/><E33/><V91/><F2/><W104/><G104/><T84/><D79/><U125/><E125/><N who="3" m="47626" /><G89/><T116/><D116/><U114/><E114/><V43/><F124/><W77/><G40/><T132/><D132/><U93/><E73/><V20/><F108/><W129/><G129/><T134/><D134/><U117/><E117/><V70/><F70/><W133/><G133/><T81/><D35/><U135/><E135/><V94/><F75/><N who="3" m="43071" /><G78/><T26/><D41/><U59/><E48/><V72/><F72/><W96/><G96/><T47/><D39/><U113/><E113/><V128/><F128/><W92/><G92/><T3/><D3/><U109/><E109/><V68/><F68/><W6/><G53/><T62/><D69/><U99/><REACH who="1" step="1"/><E93/><REACH who="1" ten="302,204,240,244" step="2"/><V12/><F43/><W18/><G18/><AGARI ba="0,1" hai="10,13,18,21,25,30,56,59,76,83,86,97,98,99" machi="18" ten="40,5200,0" yaku="1,1,2,1,8,1,53,0" doraHai="107" doraHaiUra="0" who="1" fromWho="3" sc="302,0,204,62,240,0,244,-52" /><INIT seed="3,0,0,0,0,6" ten="302,266,240,192" oya="3" hai0="48,60,103,132,23,28,86,110,22,95,85,18,107" hai1="114,98,82,9,104,66,27,73,32,75,71,96,108" hai2="116,74,7,41,130,126,62,111,40,129,119,124,102" hai3="3,65,2,56,123,16,92,0,4,30,12,120,13"/><W94/><G65/><T134/><D110/><U113/><E108/><V26/><F111/><W70/><G70/><T67/><D107/><U34/><E9/><V84/><F74/><N who="1" m="28169" /><E82/><V38/><F102/><W125/><G56/><T43/><D28/><N who="1" m="19487" /><E96/><V54/><F84/><N who="0" m="32362" /><D18/><U106/><E34/><V112/><F7/><W78/><G78/><T10/><D10/><U31/><E31/><V59/><F26/><W128/><G30/><T5/><D5/><U88/><E88/><V55/><F55/><W93/><G128/><N who="2" m="49257" /><F112/><N who="1" m="43113" /><E98/><V46/><F41/><W15/><G125/><AGARI ba="0,0" hai="38,40,46,54,59,62,116,119,124,125,126" m="49257" machi="125" ten="30,7700,0" yaku="18,1,19,1,34,2" doraHai="6" who="2" fromWho="3" sc="302,0,266,0,240,77,192,-77" owari="302,10.2,266,-13.4,317,41.7,115,-38.5" /></mjloggm>