<mjloggm ver="2.3"><GO type="225" lobby="0"/><UN n0="%E5%A4%8F%E9%88%B4%E9%88%B4%E5%A4%8F" n1="%E5%80%89%E6%A9%8B%EF%BC%A0%E4%BA%8B%E5%8B%99" n2="%E5%B8%86%E7%AB%8B%E5%A4%8F%E8%A1%A3" n3="%E9%80%9F%E6%B0%B4%E5%87%9B%E9%A6%99" dan="16,16,17,16" rate="2129.07,2082.53,2171.57,2159.84" sx="M,M,M,F"/><TAIKYOKU oya="0"/><INIT seed="0,0,0,4,3,20" ten="250,250,250,250" oya="0" hai0="122,114,34,22,31,66,53,86,21,42,67,56,41" hai1="25,123,83,54,134,129,102,94,110,75,61,112,91" hai2="100,0,121,17,32,111,30,4,33,64,135,47,28" hai3="45,92,107,119,87,99,74,88,36,126,7,105,130"/><T133/><D114/><U12/><E123/><V59/><F47/><W2/><G119/><T79/><D34/><N who="2" m="13418" /><F59/><W128/><G7/><T93/><D133/><U76/><E134/><V98/><F64/><N who="0" m="24618" /><D122/><U11/><E112/><V62/><F62/><W118/><G2/><T63/><D93/><U125/><E110/><V73/><F98/><W14/><G14/><T71/><D71/><U19/><E129/><N who="3" m="49770" /><G45/><T55/><D55/><U82/><E125/><V29/><F100/><N who="3" m="60519" /><G36/><T124/><D124/><U131/><E102/><V95/><F95/><N who="3" m="54687" /><G118/><T116/><D116/><U77/><E131/><V72/><F121/><W113/><G126/><T81/><D21/><N who="1" m="13503" /><E75/><V27/><F73/><W37/><G37/><T50/><D50/><U40/><E40/><V26/><F72/><W109/><G113/><T68/><D68/><U5/><E61/><V49/><F49/><W96/><G109/><T106/><D106/><N who="3" m="40457" /><G74/><T103/><D103/><U23/><E54/><V127/><F127/><W89/><G96/><T3/><D3/><U115/><E115/><V57/><F111/><W10/><G10/><T44/><D44/><U39/><E39/><V8/><F57/><W104/><G104/><T85/><D85/><N who="1" m="52591" /><E23/><N who="2" m="13679" /><F135/><W52/><G52/><T132/><D132/><U58/><E58/><V16/><F16/><W35/><G35/><AGARI ba="0,0" hai="0,4,8,27,28,29,30,35" m="13679,13418" machi="35" ten="30,12000,2" yaku="35,5,52,2" doraHai="20" who="2" fromWho="3" sc="250,0,250,0,250,120,250,-120" /><INIT seed="1,0,0,3,5,107" ten="250,250,370,130" oya="1" hai0="85,98,120,124,84,59,102,73,110,15,28,62,40" hai1="96,43,79,47,37,55,108,54,41,39,77,0,13" hai2="82,81,121,18,88,91,111,6,31,23,2,9,36" hai3="24,94,14,57,135,99,95,3,125,56,65,8,7"/><U17/><E0/><V68/><F111/><W38/><G38/><T19/><D110/><U75/><E108/><V69/><F121/><W116/><G135/><T22/><D120/><U78/><E96/><V63/><F36/><W133/><G125/><T4/><D124/><U51/><E75/><V90/><F31/><W71/><G133/><T12/><D73/><U89/><E89/><V128/><F128/><W64/><G116/><T100/><D40/><U16/><E39/><V109/><F109/><W129/><G129/><T53/><D28/><U104/><E104/><V115/><F115/><W80/><G3/><T27/><D15/><U46/><REACH who="1" step="1"/><E17/><REACH who="1" ten="250,240,370,130" step="2"/><V34/><F18/><W21/><G99/><T105/><REACH who="0" step="1"/><D100/><REACH who="0" ten="240,240,370,130" step="2"/><U74/><E74/><V26/><F2/><W134/><G134/><T50/><D50/><U131/><E131/><V126/><F126/><W122/><G122/><T58/><D58/><U33/><E33/><V61/><F34/><W48/><G57/><T70/><D70/><U42/><E42/><V101/><F69/><W113/><G71/><T66/><D66/><N who="3" m="25705" /><G113/><T52/><D52/><U60/><E60/><V106/><F68/><W25/><G56/><T117/><D117/><U97/><E97/><N who="2" m="61743" /><F63/><W118/><G48/><T45/><D45/><U1/><E1/><N who="2" m="207" /><F61/><W87/><G118/><T67/><D67/><U130/><E130/><V29/><F82/><W49/><G49/><T11/><AGARI ba="0,2" hai="4,11,12,19,22,27,53,59,62,84,85,98,102,105" machi="11" ten="30,7900,0" yaku="1,1,0,1,53,2" doraHai="107" doraHaiUra="83" who="0" fromWho="0" sc="240,99,240,-39,370,-20,130,-20" /><INIT seed="2,0,0,1,5,6" ten="339,201,350,110" oya="2" hai0="56,133,5,49,97,41,19,92,35,99,68,96,109" hai1="32,18,105,44,46,40,38,39,104,34,11,82,110" hai2="50,107,112,3,100,25,52,30,129,24,113,58,128" hai3="117,111,62,91,106,87,126,125,85,124,23,71,54"/><V80/><F107/><W135/><G106/><T13/><D68/><U114/><E82/><V127/><F100/><W31/><G117/><T134/><D35/><U102/><E114/><V89/><F127/><N who="3" m="32515" /><W120/><DORA hai="8" /><G120/><T42/><D5/><U122/><E122/><V83/><F3/><W28/><G111/><T132/><D109/><U77/><E77/><V36/><F36/><W47/><G135/><T88/><D56/><U43/><E110/><V81/><F89/><W33/><G33/><T94/><D49/><U63/><E63/><V22/><REACH who="2" step="1"/><F25/><REACH who="2" ten="339,201,340,110" step="2"/><W130/><G91/><N who="0" m="55327" /><D99/><U116/><E116/><V7/><F7/><W48/><G130/><AGARI ba="0,1" hai="22,24,30,50,52,58,80,81,83,112,113,128,129,130" machi="130" ten="40,18000,2" yaku="1,1,19,1,54,1,53,3" doraHai="6,8" doraHaiUra="76,86" who="2" fromWho="3" sc="339,0,201,0,340,190,110,-180" owari="339,13.9,201,-19.9,530,63.0,-70,-57.0" /></mjloggm>