<mjloggm ver="2.3"><GO type="225" lobby="0"/><UN n0="%72%61%6B%33" n1="%E8%83%83%E3%81%A8%E8%85%B8" n2="%E3%81%A8%E3%82%93%E3%81%A8%E3%81%93%E3%81%A8%E3%82%93" n3="%E9%A2%A8%E3%81%A7%E9%B3%B4%E3%81%8F" dan="16,16,16,16" rate="2110.54,2176.04,2074.23,2151.62" sx="M,M,M,M"/><TAIKYOKU oya="0"/><INIT seed="0,0,0,4,4,129" ten="250,250,250,250" oya="0" hai0="105,106,83,37,51,43,132,31,127,104,47,38,97" hai1="55,25,130,102,14,110,131,5,124,82,108,57,3" hai2="62,20,71,78,64,74,109,113,34,6,112,17,73" hai3="16,117,30,122,99,50,24,53,12,44,58,39,65"/><T80/><D127/><U133/><E124/><V19/><F34/><W118/><G122/><T120/><D120/><U18/><E102/><V67/><F109/><N who="1" m="42089" /><E82/><V76/><F6/><W77/><G77/><T49/><D97/><U119/><E57/><V27/><F67/><W10/><G99/><T98/><D98/><U41/><E55/><V54/><F54/><W42/><REACH who="3" step="1"/><G65/><REACH who="3" ten="250,250,250,240" step="2"/><T111/><D111/><U94/><E130/><V123/><F123/><W96/><G96/><T63/><D105/><U101/><E131/><V72/><REACH who="2" step="1"/><F19/><REACH who="2" ten="250,250,240,240" step="2"/><W125/><G125/><T60/><D106/><U91/><E18/><V68/><F68/><W84/><G84/><T95/><D104/><U75/><E101/><V93/><F93/><W9/><G9/><T52/><D95/><U48/><E94/><V88/><F88/><W116/><G116/><T11/><D11/><N who="1" m="2495" /><E91/><V7/><F7/><W107/><G107/><T134/><D31/><U29/><E119/><V56/><F56/><W33/><AGARI ba="0,2" hai="10,12,16,24,30,33,39,42,44,50,53,58,117,118" machi="33" ten="20,5200,0" yaku="1,1,0,1,7,1,54,1,53,0" doraHai="129" doraHaiUra="66" who="3" fromWho="3" sc="250,-26,250,-13,240,-13,240,72" /><INIT seed="1,0,0,2,3,72" ten="224,237,227,312" oya="1" hai0="133,82,131,105,89,84,58,1,121,86,102,66,63" hai1="47,69,67,130,135,56,57,129,81,36,61,88,32" hai2="122,30,126,77,27,71,20,45,83,119,112,92,68" hai3="4,98,12,104,94,17,91,28,44,134,106,23,48"/><U24/><E135/><V2/><F119/><W123/><G123/><T13/><D133/><U124/><E124/><V108/><F122/><W49/><G134/><T100/><D121/><U76/><E32/><V87/><F2/><W53/><G4/><T35/><D1/><U46/><E24/><V25/><F108/><W85/><G28/><T8/><D131/><N who="1" m="50187" /><E88/><V22/><F126/><W29/><G29/><T62/><D105/><U11/><E11/><V10/><F112/><W50/><G106/><T109/><D109/><U21/><E21/><V60/><F10/><W111/><G111/><T38/><D38/><U107/><E107/><V95/><F45/><N who="1" m="16905" /><E36/><V116/><F116/><W128/><G128/><T115/><D115/><U51/><E51/><N who="3" m="19530" /><G104/><T55/><D35/><U40/><E40/><V65/><REACH who="2" step="1"/><F71/><REACH who="2" ten="224,237,217,312" step="2"/><W16/><G44/><T93/><D8/><U5/><E5/><V33/><F33/><W79/><G23/><T97/><D13/><U34/><E34/><V37/><F37/><W7/><G12/><T103/><REACH who="0" step="1"/><D82/><REACH who="0" ten="214,237,217,312" step="2"/><U19/><E19/><AGARI ba="0,2" hai="19,20,22,25,27,30,60,65,68,77,83,87,92,95" machi="19" ten="30,7700,0" yaku="1,1,7,1,52,1,53,1" doraHai="72" doraHaiUra="80" who="2" fromWho="1" sc="214,0,237,-77,217,97,312,0" /><INIT seed="2,0,0,2,4,26" ten="214,160,314,312" oya="2" hai0="19,52,130,13,125,86,129,100,92,117,135,23,1" hai1="85,56,87,78,93,72,71,30,91,77,34,76,105" hai2="128,79,41,51,120,4,112,134,95,131,2,32,103" hai3="123,53,0,25,83,17,59,104,58,61,3,110,37"/><V11/><F112/><W65/><G104/><T90/><D1/><U118/><E71/><V54/><F120/><W38/><G123/><T16/><D125/><U12/><E118/><V113/><F113/><W108/><G83/><T68/><D68/><U82/><E12/><V33/><F41/><W18/><G25/><T22/><D117/><U98/><E56/><V46/><F79/><N who="1" m="30281" /><E30/><V126/><F134/><W8/><G8/><T97/><D135/><U14/><E14/><V114/><F126/><W50/><G3/><T63/><D19/><N who="3" m="7177" /><G0/><T127/><D127/><U88/><E34/><V75/><F75/><W20/><G20/><T27/><D22/><U57/><E57/><V121/><F121/><W44/><G59/><N who="0" m="35303" /><D13/><U9/><E9/><V70/><F70/><N who="3" m="42287" /><G37/><T74/><D74/><U124/><E124/><V73/><F73/><W99/><G99/><T69/><D69/><U48/><E48/><V28/><F114/><W116/><G116/><T101/><D86/><N who="1" m="32779" /><E105/><V132/><F132/><W60/><G60/><T39/><D39/><U94/><E94/><V7/><F7/><W109/><G109/><T10/><D10/><U89/><AGARI ba="0,0" hai="72,78,82,88,89,91,93,98" m="32779,30281" machi="89" ten="30,12000,2" yaku="35,5,54,1" doraHai="26" who="1" fromWho="1" sc="214,-30,160,120,314,-60,312,-30" /><INIT seed="3,0,0,0,0,112" ten="184,280,254,282" oya="3" hai0="63,55,114,19,89,34,71,84,123,61,76,95,36" hai1="24,31,122,83,41,101,29,46,3,81,86,30,99" hai2="77,2,22,127,66,68,60,39,33,88,79,124,38" hai3="9,128,82,43,0,103,100,74,37,125,56,42,85"/><W50/><G125/><N who="2" m="48201" /><F33/><W104/><G104/><T94/><D114/><U135/><E122/><V44/><F2/><W14/><G0/><T117/><D123/><U49/><E3/><V57/><F22/><W54/><G74/><T18/><D36/><N who="2" m="13866" /><F44/><W17/><G128/><T102/><D34/><U51/><E135/><V13/><F13/><W20/><G9/><T10/><D71/><U69/><E69/><V53/><F88/><N who="3" m="51255" /><G37/><T35/><D35/><U120/><E120/><V133/><F133/><W58/><G58/><T73/><D73/><U40/><E24/><V28/><F28/><W7/><G7/><T16/><D76/><U91/><E83/><V8/><F8/><W70/><G70/><T32/><D32/><U62/><E62/><AGARI ba="0,0" hai="53,57,60,62,66,68,77,79" m="13866,48201" machi="62" ten="30,1000,0" yaku="18,1" doraHai="112" who="2" fromWho="1" sc="184,0,280,-10,254,10,282,0" /><INIT seed="4,0,0,2,4,108" ten="184,270,264,282" oya="0" hai0="55,36,74,116,72,20,79,14,60,120,1,3,30" hai1="21,64,99,101,43,6,68,8,122,61,27,129,110" hai2="132,31,118,2,104,42,98,82,45,4,80,33,106" hai3="18,41,25,65,130,94,67,40,37,91,48,53,87"/><T19/><D116/><U90/><E110/><V113/><F132/><W119/><G119/><T49/><D120/><U93/><E122/><V62/><F118/><W23/><G130/><T125/><D36/><U112/><E129/><V28/><F62/><W24/><G24/><T109/><D109/><U81/><E43/><N who="3" m="16458" /><G37/><T70/><D125/><U5/><E112/><V0/><F113/><W7/><G7/><T84/><D30/><U59/><E68/><V115/><F115/><W63/><G63/><T32/><D32/><U105/><E8/><V13/><F4/><W124/><G124/><T83/><D74/><U111/><E111/><V16/><F33/><W77/><G77/><T134/><D72/><U71/><E71/><V78/><F78/><W54/><G54/><T97/><D97/><U102/><E102/><V133/><F98/><W22/><G22/><T121/><D121/><U12/><E12/><V51/><F133/><W17/><G17/><T107/><D107/><U100/><E100/><V128/><F128/><W86/><G86/><T44/><REACH who="0" step="1"/><D134/><REACH who="0" ten="174,270,264,282" step="2"/><U9/><E105/><V52/><F104/><W89/><G89/><T127/><D127/><U69/><E90/><V11/><F106/><W85/><G85/><T88/><D88/><U46/><E99/><V26/><F31/><W73/><G73/><T96/><D96/><U126/><E126/><V123/><F123/><W57/><AGARI ba="0,1" hai="18,23,25,48,53,57,65,67,87,91,94" m="16458" machi="57" ten="30,1100,0" yaku="8,1" doraHai="108" who="3" fromWho="3" sc="174,-5,270,-3,264,-3,282,21" owari="169,-33.1,267,6.7,261,-13.9,303,40.3" /></mjloggm>