<mjloggm ver="2.3"><GO type="225" lobby="0"/><UN n0="%4C%4F%4C%49%54%41" n1="%E9%BB%92%E4%BA%BA%40%E3%81%8F%E3%82%8D%E3%82%93%E3%81%A1%E3%82%85" n2="%E2%91%A3%E9%81%BF%E9%81%8A%E6%88%AF%E3%80%90%E6%9D%B1%E5%8D%97%E3%80%91" n3="%E3%83%B4%E3%82%A3%E3%83%AF%E3%82%B3%E3%82%B0%E3%83%8B" dan="16,17,16,16" rate="2162.40,2120.59,2113.61,2167.16" sx="F,M,M,M"/><TAIKYOKU oya="0"/><INIT seed="0,0,0,2,4,54" ten="250,250,250,250" oya="0" hai0="21,34,49,61,117,72,16,53,99,29,108,62,96" hai1="128,13,82,50,118,119,0,122,106,69,80,47,123" hai2="90,84,83,124,27,95,102,57,56,114,112,68,24" hai3="1,43,28,91,77,104,87,64,67,7,89,110,30"/><T74/><D117/><N who="1" m="44555" /><E0/><V58/><F68/><W48/><G104/><T73/><D108/><U133/><E13/><V32/><F124/><W78/><G1/><T8/><D8/><U59/><E106/><V65/><F65/><W45/><G110/><T134/><D134/><U103/><E103/><V94/><F32/><W75/><G75/><T51/><D51/><U46/><E80/><V63/><F63/><W85/><G7/><T131/><D131/><U26/><E26/><V41/><F41/><W135/><G135/><T107/><D29/><U35/><E82/><V126/><F126/><W5/><G5/><T71/><D34/><U38/><E35/><V105/><F105/><W88/><G28/><T55/><D71/><U98/><E98/><N who="2" m="59743" /><F112/><W120/><G120/><N who="1" m="46122" /><E69/><V18/><F114/><W14/><G14/><T23/><D73/><U42/><E133/><V70/><F70/><W11/><G30/><T9/><D107/><U101/><E101/><V79/><F18/><W81/><G11/><T36/><D9/><U121/><E121/><V111/><F111/><W22/><G22/><T10/><D10/><U19/><E19/><V132/><F132/><W44/><G78/><T12/><D16/><U113/><E113/><V17/><F17/><W33/><G85/><AGARI ba="0,0" hai="24,27,56,57,58,79,83,84,85,90,94" m="59743" machi="85" ten="30,7700,0" yaku="8,1,52,3" doraHai="54" who="2" fromWho="3" sc="250,0,250,0,250,77,250,-77" /><INIT seed="1,0,0,0,5,90" ten="250,250,327,173" oya="1" hai0="26,29,60,133,45,122,56,59,111,31,21,58,8" hai1="124,123,11,62,71,36,73,32,100,70,15,117,134" hai2="9,4,118,74,18,77,46,109,87,121,104,82,98" hai3="79,113,35,95,130,114,10,68,19,3,76,81,102"/><U20/><E32/><V110/><F121/><W135/><G68/><T57/><D111/><U43/><E117/><V86/><F118/><W0/><G35/><T33/><D133/><U48/><E73/><V23/><F98/><W37/><G37/><T97/><D122/><U84/><E123/><V34/><F104/><W91/><G130/><T28/><D33/><U41/><E134/><V64/><F34/><W42/><G42/><T13/><D45/><U49/><E100/><V115/><F64/><W129/><G102/><T78/><D78/><U30/><E36/><V88/><F46/><W119/><G119/><T112/><D97/><U53/><E71/><V101/><F101/><W72/><G76/><T75/><D75/><U125/><E84/><V116/><F87/><N who="3" m="52735" /><G135/><T1/><D1/><N who="3" m="585" /><G129/><T120/><D112/><U44/><E70/><V52/><F115/><W89/><G89/><T54/><REACH who="0" step="1"/><D120/><REACH who="0" ten="240,250,327,173" step="2"/><U105/><E125/><V16/><F116/><W61/><G114/><T63/><D63/><U40/><E124/><V6/><F77/><W14/><G113/><T24/><D24/><N who="1" m="16647" /><E62/><V38/><F74/><W69/><G61/><T5/><AGARI ba="0,1" hai="5,8,13,21,26,28,29,31,54,56,57,58,59,60" machi="5" ten="30,4000,0" yaku="1,1,0,1,8,1,53,0" doraHai="90" doraHaiUra="132" who="0" fromWho="0" sc="240,50,250,-20,327,-10,173,-10" /><INIT seed="2,0,0,4,3,22" ten="290,230,317,163" oya="2" hai0="1,56,6,123,46,128,86,67,121,64,53,117,112" hai1="74,59,58,61,106,8,47,92,16,12,65,35,39" hai2="107,14,3,15,90,63,17,111,132,135,120,38,37" hai3="119,48,23,87,19,115,40,54,133,93,57,60,41"/><V72/><F120/><W94/><G133/><T127/><D1/><U103/><E74/><V0/><F72/><W44/><G119/><T73/><D6/><U43/><E35/><V82/><F107/><W13/><G115/><T52/><D73/><U79/><E79/><V130/><F63/><W11/><G40/><T24/><D112/><U71/><REACH who="1" step="1"/><E106/><REACH who="1" ten="290,220,317,163" step="2"/><V81/><F135/><W69/><G69/><T108/><D123/><U36/><E36/><V5/><F38/><W114/><G114/><T89/><D121/><U134/><E134/><V88/><F37/><W10/><G87/><T102/><D86/><U2/><E2/><V7/><F132/><W80/><G80/><T91/><D117/><U126/><E126/><V29/><F82/><W28/><REACH who="3" step="1"/><G10/><REACH who="3" ten="290,220,317,153" step="2"/><T129/><D127/><U116/><E116/><V124/><F81/><W131/><G131/><T96/><D128/><U34/><E34/><V97/><F130/><W32/><G32/><T68/><D129/><U51/><E51/><V84/><F84/><W50/><G50/><T25/><D68/><U125/><E125/><V77/><F124/><W83/><G83/><T95/><D96/><AGARI ba="0,2" hai="8,12,16,39,43,47,58,59,61,65,71,92,96,103" machi="96" ten="40,5200,0" yaku="1,1,54,1,53,1" doraHai="22" doraHaiUra="42" who="1" fromWho="0" sc="290,-52,220,72,317,0,153,0" /><INIT seed="3,0,0,5,0,119" ten="238,292,317,153" oya="3" hai0="23,35,43,67,107,53,108,9,101,104,54,124,131" hai1="97,111,18,19,76,59,102,88,69,110,113,118,120" hai2="105,135,60,92,70,45,89,33,37,80,25,8,7" hai3="21,5,109,130,122,58,62,95,47,56,125,1,30"/><W86/><G125/><T87/><D124/><U39/><E120/><V17/><F105/><W10/><G130/><T98/><D35/><U50/><E69/><V132/><F80/><W41/><G109/><N who="1" m="41482" /><E39/><V117/><F117/><W65/><G122/><T55/><D108/><U79/><E113/><V48/><F37/><W106/><G106/><T91/><D104/><N who="1" m="63567" /><E118/><V99/><F70/><W36/><G56/><T3/><D43/><U114/><E114/><V32/><F60/><W90/><REACH who="3" step="1"/><G21/><REACH who="3" ten="238,292,317,143" step="2"/><T100/><D23/><U38/><E59/><V73/><F32/><W12/><G12/><T11/><D131/><U81/><E38/><V42/><F33/><W85/><G85/><T126/><D126/><U6/><E50/><V68/><F73/><W112/><G112/><T121/><D121/><U16/><E6/><V46/><F68/><W78/><G78/><T129/><D129/><U83/><E81/><V103/><F7/><W13/><G13/><T0/><D87/><AGARI ba="0,1" hai="16,18,19,76,79,83,87,88" m="63567,41482" machi="87" ten="30,3900,0" yaku="14,1,54,2" doraHai="119" who="1" fromWho="0" sc="238,-39,292,49,317,0,143,0" owari="199,-20.1,341,44.1,317,11.7,143,-35.7" /></mjloggm>