<mjloggm ver="2.3"><GO type="225" lobby="0"/><UN n0="%E4%BF%BA%E3%81%A8%E5%A6%96%E5%A4%A2" n1="%E3%83%AD%E3%83%83%E3%83%86%E9%9B%80%E7%90%83" n2="%E3%81%B5%E3%81%98%E3%81%8B%E3%81%A4" n3="%4C%4F%4C%49%54%41" dan="17,16,16,16" rate="2156.44,2179.65,2172.13,2195.48" sx="F,M,M,F"/><TAIKYOKU oya="0"/><INIT seed="0,0,0,1,0,22" ten="250,250,250,250" oya="0" hai0="69,90,25,7,10,130,81,65,99,17,48,60,92" hai1="50,95,45,75,47,1,68,53,26,61,38,49,91" hai2="114,23,102,67,8,126,59,76,51,20,74,86,94" hai3="85,3,31,131,113,123,13,42,44,82,97,120,111"/><T33/><D130/><U77/><E38/><V27/><F114/><W54/><G3/><T83/><D48/><U118/><E1/><V4/><F126/><W56/><G113/><T66/><D66/><U73/><E118/><V0/><F74/><W18/><G111/><T93/><D93/><U135/><E135/><V107/><F107/><W70/><G70/><T30/><REACH who="0" step="1"/><D17/><REACH who="0" ten="240,250,250,250" step="2"/><U133/><E133/><V122/><F67/><W128/><G131/><T34/><D34/><U37/><E37/><V40/><F51/><W84/><G128/><T15/><AGARI ba="0,1" hai="7,10,15,25,30,33,60,65,69,81,83,90,92,99" machi="15" ten="20,7800,0" yaku="1,1,0,1,7,1,52,1,53,0" doraHai="22" doraHaiUra="19" who="0" fromWho="0" sc="240,88,250,-26,250,-26,250,-26" /><INIT seed="0,1,0,5,1,0" ten="328,224,224,224" oya="0" hai0="117,43,22,67,23,61,6,57,119,81,48,70,131" hai1="106,85,41,96,111,116,16,3,130,68,79,69,63" hai2="2,91,31,17,120,86,34,135,122,27,121,84,8" hai3="4,93,104,25,62,109,11,10,60,52,89,21,94"/><T65/><D131/><U18/><E116/><V108/><F135/><W38/><G104/><T71/><D81/><U19/><E130/><V24/><F108/><W32/><G32/><T47/><D22/><U107/><E111/><V55/><F55/><W95/><G38/><T102/><D102/><U66/><E3/><V50/><F50/><W37/><G37/><T97/><D97/><U49/><E69/><N who="0" m="26121" /><D23/><U103/><E107/><V35/><F91/><W1/><G11/><T7/><D7/><U39/><E39/><V99/><F99/><W90/><G109/><T112/><D6/><U124/><E124/><V53/><F53/><W29/><REACH who="3" step="1"/><G62/><REACH who="3" ten="328,224,224,214" step="2"/><N who="0" m="38095" /><D112/><U51/><REACH who="1" step="1"/><E41/><REACH who="1" ten="328,214,224,214" step="2"/><V12/><REACH who="2" step="1"/><F2/><REACH who="2" ten="328,214,214,214" step="2"/><W59/><AGARI ba="1,3" hai="1,4,10,21,25,29,52,59,60,89,90,93,94,95" machi="59" ten="30,7900,0" yaku="1,1,0,1,52,1,54,1,53,0" doraHai="0" doraHaiUra="128" who="3" fromWho="3" sc="328,-40,214,-21,214,-21,214,112" /><INIT seed="1,0,0,0,2,79" ten="288,193,193,326" oya="1" hai0="133,101,30,11,69,57,82,46,51,18,26,123,131" hai1="112,8,54,127,50,124,47,72,55,52,135,58,128" hai2="98,20,94,9,12,113,23,68,86,95,28,83,34" hai3="99,15,132,74,110,45,126,76,80,33,75,119,25"/><U64/><E72/><V56/><F68/><W92/><G110/><T59/><D69/><U44/><E8/><V29/><F113/><W122/><G122/><T120/><D133/><U111/><E112/><V87/><F34/><W91/><G132/><T100/><D131/><U109/><E135/><V6/><F56/><W3/><G3/><T43/><D120/><U37/><E128/><V13/><F87/><W105/><G126/><N who="1" m="48170" /><E37/><V134/><F134/><W22/><G119/><T103/><D123/><U71/><E71/><V115/><F115/><W116/><G116/><T49/><D49/><N who="1" m="28991" /><E64/><V16/><F23/><W96/><G33/><T118/><D118/><U107/><E107/><V48/><F48/><AGARI ba="0,0" hai="44,48,50,52,55,58,109,111" m="28991,48170" machi="48" ten="30,11600,0" yaku="18,1,34,2,54,1" doraHai="79" who="1" fromWho="2" sc="288,0,193,116,193,-116,326,0" /><INIT seed="1,1,0,2,3,58" ten="288,309,77,326" oya="1" hai0="118,134,47,127,20,29,75,54,108,49,68,104,40" hai1="21,130,115,90,42,70,19,135,5,121,109,128,64" hai2="14,27,37,116,125,129,65,67,74,80,123,132,83" hai3="124,35,69,99,101,59,57,52,26,73,50,45,4"/><U97/><E115/><V76/><F123/><W28/><G73/><T119/><D75/><U88/><E121/><V7/><F116/><W81/><G124/><T17/><D127/><U117/><E117/><V93/><F125/><W107/><G81/><T23/><D104/><U15/><E135/><V22/><F132/><W63/><G4/><T113/><D113/><U48/><E5/><V72/><F129/><N who="1" m="49769" /><E97/><V2/><F2/><W3/><G3/><T62/><D134/><U66/><E109/><V44/><F93/><W39/><G39/><T94/><D108/><U31/><E31/><V100/><F100/><W38/><G38/><T112/><D112/><U32/><E32/><V111/><F111/><W103/><G101/><T46/><D94/><U77/><E77/><V8/><F74/><W79/><G79/><T24/><D68/><U60/><E66/><AGARI ba="1,0" hai="26,28,35,45,50,52,57,59,63,66,69,99,103,107" machi="66" ten="40,8000,1" yaku="25,2,52,1,54,1" doraHai="58" who="3" fromWho="1" sc="288,0,309,-83,77,0,326,83" /><INIT seed="2,0,0,4,2,112" ten="288,226,77,409" oya="2" hai0="10,114,54,74,103,32,72,55,17,94,85,24,102" hai1="38,97,73,96,8,26,84,108,51,122,116,63,47" hai2="134,25,119,67,15,92,113,57,41,101,83,93,52" hai3="64,20,37,91,121,23,125,49,87,118,88,126,86"/><V75/><F113/><W66/><G118/><T129/><D114/><U89/><E108/><V80/><F134/><W127/><G37/><T13/><D129/><U107/><E116/><V111/><F119/><W27/><G121/><T2/><D74/><U1/><E73/><V110/><F41/><W19/><G49/><T18/><D72/><U71/><E38/><V62/><F25/><N who="3" m="14495" /><G87/><T81/><D2/><U98/><E122/><V35/><F35/><W123/><G123/><T115/><D115/><U78/><E78/><V9/><F75/><W106/><G106/><T60/><D94/><N who="2" m="36458" /><F67/><N who="3" m="25643" /><G86/><T3/><D3/><U56/><E71/><V33/><F33/><W46/><G46/><T124/><D124/><U131/><E131/><V76/><F101/><W100/><G100/><N who="0" m="38443" /><D32/><U50/><E107/><V95/><N who="2" m="36466" /><V28/><DORA hai="99" /><F28/><AGARI ba="0,0" hai="23,27,28,88,91,125,126,127" m="25643,14495" machi="28" ten="30,2000,0" yaku="18,1,54,1" doraHai="112,99" who="3" fromWho="2" sc="288,0,226,0,77,-20,409,20" /><INIT seed="3,0,0,3,5,24" ten="288,226,57,429" oya="3" hai0="98,65,128,10,121,124,133,119,49,57,132,103,11" hai1="80,95,1,20,125,74,91,34,44,42,93,13,123" hai2="63,45,85,86,73,117,64,7,67,109,92,28,127" hai3="71,5,99,8,81,59,55,90,30,68,102,18,0"/><W105/><G30/><T72/><D119/><U26/><E123/><V33/><F117/><W131/><G131/><T56/><D121/><U47/><E125/><V32/><F127/><W89/><G89/><T88/><D124/><U106/><E106/><V12/><F73/><W83/><G83/><T51/><D72/><U61/><E1/><V58/><F109/><W3/><G3/><T54/><D128/><U41/><E34/><V70/><F45/><W39/><G39/><T21/><D21/><U66/><E13/><V9/><F70/><W100/><G100/><T134/><D88/><U110/><E110/><V115/><F115/><W15/><G81/><T108/><D108/><U120/><E120/><V53/><F33/><W46/><G46/><T126/><D126/><U87/><E44/><V50/><F92/><W104/><G90/><T75/><D75/><U62/><E74/><V111/><F111/><W129/><G105/><N who="0" m="63735" /><D51/><U31/><E42/><V35/><F35/><W130/><G129/><T97/><D97/><U37/><REACH who="1" step="1"/><E61/><AGARI ba="0,0" hai="10,11,49,54,56,57,61,65,132,133,134" m="63735" machi="61" ten="30,1000,0" yaku="20,1" doraHai="24" who="0" fromWho="1" sc="288,10,226,-10,57,0,429,0" owari="298,9.8,216,-18.4,57,-44.3,429,52.9" /></mjloggm>