<mjloggm ver="2.3"><GO type="225" lobby="0"/><UN n0="%E6%80%AA%E3%81%97%E3%81%99%E3%81%8E%E3%82%8B%E3%83%81%E3%83%BC" n1="%E3%81%BE%E3%81%A8%E3%81%9F" n2="%E6%A0%B9%E5%85%83%E3%81%8B%E3%82%89%E5%90%B9%E3%81%A3%E9%A3%9B%E3%81%B6" n3="%4E%6F%2E%30%30%30%31" dan="16,16,16,18" rate="2144.47,2137.10,2146.36,2222.18" sx="M,M,F,M"/><TAIKYOKU oya="0"/><INIT seed="0,0,0,5,5,131" ten="250,250,250,250" oya="0" hai0="91,50,67,135,62,16,94,106,104,120,33,22,89" hai1="95,28,74,96,13,2,103,105,127,48,42,76,61" hai2="112,25,129,37,6,46,113,60,121,118,117,124,86" hai3="77,126,43,65,17,23,59,40,51,49,81,0,134"/><T114/><D33/><U130/><E130/><V47/><F6/><W98/><G0/><T111/><D120/><U24/><E2/><V107/><F107/><W72/><G126/><T35/><D35/><U70/><E127/><V133/><F124/><W1/><G1/><T21/><D114/><U90/><E13/><V123/><F129/><W26/><G134/><T32/><D135/><U115/><E115/><N who="2" m="44107" /><F25/><W97/><G65/><T110/><D32/><U29/><E29/><V12/><F37/><W101/><G97/><N who="0" m="57551" /><D50/><U122/><E42/><V84/><F12/><W52/><REACH who="3" step="1"/><G49/><REACH who="3" ten="250,250,250,240" step="2"/><T11/><D67/><U116/><E48/><V66/><F133/><W8/><G8/><T38/><D11/><U4/><E122/><N who="2" m="46603" /><F86/><W108/><G108/><T100/><D111/><U63/><E63/><V128/><F84/><W31/><G31/><T7/><D110/><U58/><E61/><V78/><F128/><W132/><G132/><T34/><D62/><U30/><E28/><V64/><F66/><W83/><G83/><T55/><D38/><U87/><E30/><V79/><F64/><W20/><G20/><T39/><D34/><U15/><E87/><V68/><F60/><W73/><G73/><T57/><D39/><U56/><E70/><V69/><F117/><W19/><G19/><T92/><D22/><U88/><E116/><V85/><F118/><W125/><G125/><T54/><D21/><U3/><E74/><V119/><F119/><W44/><G44/><N who="2" m="16937" /><F85/><W41/><G41/><T93/><D16/><U10/><E3/><V99/><F99/><W27/><G27/><RYUUKYOKU ba="0,1" sc="250,-15,250,-15,250,15,240,15" hai2="68,69,78,79" hai3="17,23,26,40,43,51,52,59,72,77,81,98,101" /><INIT seed="1,1,1,2,5,102" ten="235,235,265,255" oya="1" hai0="103,75,100,77,42,59,45,46,19,117,5,105,124" hai1="12,11,41,26,92,112,31,4,47,65,43,114,40" hai2="20,27,132,24,61,135,119,70,99,66,98,125,8" hai3="129,85,90,56,88,116,63,21,71,29,10,93,78"/><U82/><E65/><V86/><F119/><W69/><G116/><T37/><D117/><U107/><E107/><V22/><F8/><W83/><G129/><T81/><D124/><U104/><E104/><V122/><F122/><W60/><G10/><T23/><D5/><U110/><E110/><V118/><F125/><W76/><G69/><T32/><D32/><U68/><E68/><V57/><F86/><N who="3" m="52375" /><G71/><T91/><D105/><U111/><E111/><V123/><F123/><W134/><G134/><N who="2" m="51241" /><F70/><W36/><G36/><T72/><D72/><U101/><E47/><V2/><F2/><W126/><G63/><T121/><D46/><U33/><REACH who="1" step="1"/><E82/><REACH who="1" ten="235,225,265,255" step="2"/><V95/><F118/><W89/><G126/><T34/><D45/><U30/><E30/><N who="2" m="17671" /><F95/><W133/><G133/><T28/><D81/><U109/><E109/><V39/><F39/><W1/><G76/><T94/><D77/><U74/><E74/><V127/><F127/><W55/><G1/><T13/><D75/><U17/><E17/><AGARI ba="1,2" hai="17,22,27,57,61,66,98,99" m="17671,51241" machi="17" ten="30,1000,0" yaku="20,1" doraHai="102" who="2" fromWho="1" sc="235,0,225,-13,265,33,255,0" /><INIT seed="2,0,0,5,2,66" ten="235,212,298,255" oya="2" hai0="99,42,117,21,29,30,19,53,123,18,109,84,54" hai1="69,83,88,112,27,93,52,26,116,67,87,76,118" hai2="103,70,57,25,61,32,119,68,12,74,41,55,0" hai3="7,89,134,78,60,101,56,131,65,58,85,10,122"/><V97/><F0/><W127/><G122/><T20/><D123/><U4/><E112/><V50/><F119/><W92/><G131/><T31/><D117/><U82/><E82/><V16/><F74/><W11/><G134/><T135/><D135/><U15/><E27/><V121/><F121/><W96/><G127/><T86/><D109/><U13/><E13/><V105/><F25/><W77/><G56/><T80/><D99/><U39/><E39/><V46/><F32/><W40/><G40/><T111/><D42/><U24/><E24/><V62/><F62/><W5/><G11/><AGARI ba="0,0" hai="11,12,16,41,46,50,55,57,61,68,70,97,103,105" machi="11" ten="30,11600,0" yaku="7,1,52,2,54,1" doraHai="66" who="2" fromWho="3" sc="235,0,212,0,298,116,255,-116" /><INIT seed="2,1,0,4,4,130" ten="235,212,414,139" oya="2" hai0="12,15,7,45,9,14,78,88,25,19,129,132,85" hai1="8,91,92,71,121,81,80,108,58,99,112,135,115" hai2="42,27,102,21,93,49,17,103,134,55,34,106,35" hai3="33,75,86,46,90,101,74,72,2,43,117,0,26"/><V118/><F118/><W104/><G117/><T127/><D132/><U66/><E71/><V29/><F134/><W36/><G90/><T105/><D105/><U24/><E108/><V122/><F122/><W120/><G86/><T126/><D129/><U96/><E121/><V18/><F42/><W116/><G120/><T114/><D45/><U56/><E24/><V133/><F106/><W84/><G84/><T65/><D65/><U123/><E123/><V73/><F73/><W54/><G54/><T28/><D78/><U10/><E91/><V119/><F119/><W131/><G131/><T60/><D60/><U110/><E92/><V48/><F48/><W51/><G51/><T39/><D39/><U31/><E31/><V95/><F35/><W64/><G64/><T128/><D114/><U22/><E66/><V20/><F34/><W109/><G109/><T62/><D62/><U47/><E22/><V124/><F29/><N who="3" m="19639" /><G116/><T3/><D19/><U69/><E69/><V94/><F133/><W4/><G4/><T125/><D128/><U89/><E135/><V79/><F79/><W6/><G6/><T76/><D76/><U41/><E110/><V5/><F5/><W37/><G37/><T32/><D3/><U57/><E112/><V38/><F18/><W23/><G23/><T113/><D113/><U30/><E30/><V100/><F21/><W61/><G61/><T1/><D1/><U53/><E115/><V82/><F20/><W40/><G40/><T97/><D97/><AGARI ba="1,0" hai="0,2,36,43,46,72,74,75,97,101,104" m="19639" machi="97" ten="30,2000,0" yaku="33,2" doraHai="130" who="3" fromWho="0" sc="235,-23,212,0,414,0,139,23" /><INIT seed="3,0,0,5,3,117" ten="212,212,414,162" oya="3" hai0="100,62,25,109,78,29,92,123,86,56,68,120,63" hai1="10,42,122,30,11,64,105,38,24,77,133,50,31" hai2="59,99,48,119,22,104,55,12,26,3,114,71,125" hai3="8,35,7,17,106,52,84,54,112,13,118,0,70"/><W87/><G112/><T101/><D109/><U16/><E122/><V33/><F119/><W89/><G118/><T27/><D68/><U44/><E105/><V95/><F3/><W72/><G72/><T57/><D78/><U65/><E133/><V107/><F71/><W134/><G134/><T15/><D15/><U40/><E77/><V53/><F125/><W108/><G108/><T1/><D86/><U20/><E38/><V113/><F33/><W83/><G106/><T69/><D69/><U47/><E47/><V58/><F12/><W115/><G115/><T91/><D91/><U102/><E40/><V126/><F126/><W85/><G70/><T43/><D92/><U19/><E102/><V116/><F116/><W80/><G35/><T61/><D43/><U97/><E97/><V131/><F131/><W88/><G84/><T81/><D81/><U111/><E111/><V82/><F82/><W14/><G0/><T128/><D1/><U18/><E31/><V96/><F96/><W94/><G94/><T73/><D73/><U2/><E2/><V28/><F107/><W103/><G103/><N who="0" m="39499" /><D128/><U51/><E51/><V34/><F104/><W41/><G41/><T124/><D124/><U130/><E130/><V32/><F34/><W110/><G110/><T132/><D132/><U9/><AGARI ba="0,0" hai="9,10,11,16,18,19,20,24,30,42,44,50,64,65" machi="9" ten="30,4000,0" yaku="0,1,8,1,54,1" doraHai="117" who="1" fromWho="1" sc="212,-10,212,40,414,-10,162,-20" owari="202,-19.8,252,5.2,404,50.4,142,-35.8" /></mjloggm>