<mjloggm ver="2.3"><GO type="225" lobby="0"/><UN n0="%E3%81%8B%E3%82%8F%E3%81%A1%E3%82%83%E3%82%93%35%38" n1="%6D%75%75%73%61%6E%6D%75" n2="%E3%81%A4%E3%81%A3%E3%81%B1%E3%82%8A%E3%83%9D%E3%83%BC%E3%83%AB" n3="%4B%2E%32%2E%4B%2E" dan="16,17,17,16" rate="2105.56,2175.93,2219.72,2160.15" sx="M,F,M,M"/><TAIKYOKU oya="0"/><INIT seed="0,0,0,0,0,12" ten="250,250,250,250" oya="0" hai0="36,123,100,128,5,61,115,68,126,19,43,4,67" hai1="26,96,34,134,6,88,131,82,86,63,113,38,77" hai2="56,132,70,49,73,21,33,32,53,24,87,101,2" hai3="14,76,124,59,30,75,8,117,13,46,125,105,22"/><T92/><D123/><U58/><E131/><V31/><F73/><W17/><G117/><T57/><D115/><U107/><E113/><V28/><F132/><W48/><G105/><T97/><D128/><U62/><E38/><V112/><F112/><W118/><G118/><T127/><D68/><U41/><E134/><V20/><F2/><W3/><G3/><T0/><D0/><U18/><E41/><V104/><F70/><W98/><G98/><T94/><D94/><N who="1" m="56391" /><E34/><V65/><F65/><W108/><G59/><T7/><REACH who="0" step="1"/><D19/><REACH who="0" ten="240,250,250,250" step="2"/><U110/><E107/><V120/><F120/><W55/><G108/><T91/><D91/><U15/><E110/><V42/><F104/><W114/><G114/><T99/><D99/><U133/><E133/><V45/><F101/><W116/><G116/><T71/><D71/><U16/><E26/><V121/><F121/><W64/><G30/><T9/><D9/><N who="1" m="4535" /><E62/><V80/><F31/><W1/><G1/><T129/><D129/><U35/><E35/><V83/><F33/><W81/><G8/><T106/><D106/><U51/><E51/><N who="2" m="30783" /><F32/><W60/><G48/><T54/><D54/><AGARI ba="0,1" hai="16,18,54,58,63,77,82,86" m="4535,56391" machi="54" ten="30,8000,1" yaku="8,1,52,2,54,2" doraHai="12" who="1" fromWho="0" sc="240,-80,250,90,250,0,250,0" /><INIT seed="1,0,0,1,5,94" ten="160,340,250,250" oya="1" hai0="68,121,80,5,38,63,126,7,19,42,64,111,35" hai1="67,66,125,72,11,22,69,106,46,107,40,77,93" hai2="118,73,79,58,133,65,104,10,20,61,102,39,84" hai3="12,108,4,135,56,47,51,9,115,71,3,33,132"/><U117/><E117/><V76/><F118/><W123/><G71/><T92/><D35/><U36/><E125/><V62/><F133/><W53/><G115/><T25/><D126/><U21/><E72/><V32/><F32/><W110/><G33/><T31/><D111/><N who="3" m="42537" /><G123/><T100/><D121/><U109/><E77/><V113/><F73/><W98/><G47/><T54/><D80/><U55/><E109/><V86/><F39/><W120/><G120/><T124/><D124/><U57/><E11/><V60/><F113/><W83/><G83/><T26/><D26/><U116/><E69/><V43/><F43/><W119/><G119/><T29/><D29/><U45/><BYE who="0" /><E45/><V17/><F10/><W90/><G3/><T27/><D27/><U88/><E116/><V75/><F75/><W122/><G122/><T30/><D30/><U24/><E106/><V103/><F104/><W52/><G53/><T34/><D34/><U1/><E107/><V6/><F6/><W129/><G129/><T95/><D95/><AGARI ba="0,0" hai="4,9,12,51,52,56,90,95,98,132,135" m="42537" machi="95" ten="30,3900,0" yaku="14,1,52,1,54,1" doraHai="94" who="3" fromWho="0" sc="160,-39,340,0,250,0,250,39" /><INIT seed="2,0,0,4,1,128" ten="121,340,250,289" oya="2" hai0="17,68,107,115,78,94,118,9,1,63,79,73,71" hai1="28,132,119,100,18,88,130,43,46,60,58,122,97" hai2="92,131,114,6,103,89,77,120,32,26,123,113,19" hai3="84,59,5,52,75,74,93,23,45,85,16,81,2"/><V91/><F6/><W27/><G45/><T56/><D56/><U35/><E119/><V14/><F26/><W8/><G93/><T69/><D69/><U30/><E130/><V65/><F32/><W109/><G109/><T105/><D105/><U44/><E35/><V133/><F131/><W49/><REACH who="3" step="1"/><G85/><REACH who="3" ten="121,340,250,279" step="2"/><T62/><D62/><U0/><E60/><V95/><F92/><W101/><G101/><T39/><D39/><U127/><E100/><V51/><F103/><W55/><G55/><T36/><D36/><U67/><E122/><V64/><F95/><W117/><G117/><T70/><D70/><U106/><E106/><V13/><F77/><AGARI ba="0,1" hai="2,5,8,16,23,27,49,52,59,74,75,77,81,84" machi="77" ten="30,8000,1" yaku="1,1,7,1,54,2,53,1" doraHai="128" doraHaiUra="15" who="3" fromWho="2" sc="121,0,340,0,250,-80,279,90" /><INIT seed="3,0,0,5,2,60" ten="121,340,170,369" oya="3" hai0="48,7,110,54,52,46,95,15,45,78,113,101,4" hai1="57,116,123,8,56,49,104,33,94,102,43,98,16" hai2="19,86,115,132,64,120,47,22,122,106,23,0,12" hai3="85,96,53,17,5,124,27,76,51,29,90,108,14"/><W77/><G108/><UN n0="%E3%81%8B%E3%82%8F%E3%81%A1%E3%82%83%E3%82%93%35%38" /><T59/><D110/><U41/><E123/><N who="2" m="47147" /><F115/><W119/><G119/><T42/><D113/><U82/><E33/><V97/><F132/><W80/><G124/><T21/><D78/><U89/><E116/><V63/><F0/><W32/><G5/><T87/><D54/><N who="1" m="31823" /><E104/><V25/><F86/><W93/><G76/><T1/><D1/><U28/><E28/><N who="2" m="17463" /><F47/><W70/><G70/><T44/><D42/><N who="1" m="15883" /><E82/><V71/><F97/><W114/><G114/><T121/><D121/><U133/><E133/><V135/><F135/><W83/><G83/><T69/><D69/><U81/><E81/><V58/><F106/><W40/><G40/><T39/><D39/><U36/><E36/><V91/><F91/><W9/><G53/><T130/><D130/><U131/><E131/><V31/><F31/><W100/><G51/><T107/><D107/><U92/><E57/><AGARI ba="0,0" hai="12,19,23,57,58,63,64,71" m="17463,47147" machi="57" ten="30,2000,0" yaku="13,1,52,1" doraHai="60" who="2" fromWho="1" sc="121,0,340,-20,170,20,369,0" owari="121,-37.9,320,12.0,190,-21.0,369,46.9" /></mjloggm>