<mjloggm ver="2.3"><GO type="225" lobby="0"/><UN n0="%E3%81%95%E3%81%8D%E3%81%9F%E3%81%BE%E6%9E%97%E6%AA%8E" n1="%E5%B8%86%E7%AB%8B%E5%A4%8F%E8%A1%A3" n2="%73%6C%69%63%6B%33%31%39" n3="%E5%80%89%E6%A9%8B%EF%BC%A0%E4%BA%8B%E5%8B%99" dan="16,17,17,16" rate="2159.92,2180.54,2208.35,2106.32" sx="M,M,M,M"/><TAIKYOKU oya="0"/><INIT seed="0,0,0,5,1,50" ten="250,250,250,250" oya="0" hai0="5,128,74,7,118,87,35,125,17,36,48,11,89" hai1="44,52,61,113,105,109,45,91,112,82,75,103,60" hai2="26,13,135,86,78,8,64,65,55,71,92,76,79" hai3="73,16,84,85,119,62,93,6,3,131,56,57,53"/><T100/><D74/><U2/><E2/><V114/><F114/><N who="1" m="44137" /><E109/><V21/><F135/><W90/><G131/><T28/><D118/><U47/><E105/><V68/><F71/><W120/><G73/><T117/><D36/><U24/><E103/><V69/><F69/><W67/><G119/><T9/><D128/><U29/><E91/><N who="2" m="53367" /><F68/><W104/><G104/><T72/><D72/><U58/><E82/><V83/><F83/><W115/><G115/><T77/><D117/><U43/><E75/><V130/><F55/><N who="3" m="34079" /><G120/><T54/><D125/><U37/><E61/><V51/><F51/><N who="3" m="30911" /><G3/><T32/><D100/><U96/><E96/><V80/><F80/><W124/><G124/><T22/><D77/><U12/><E12/><V23/><F130/><W122/><G122/><T31/><D35/><AGARI ba="0,0" hai="24,29,35,37,43,44,45,47,52,58,60" m="44137" machi="35" ten="30,3900,0" yaku="11,1,52,1,54,1" doraHai="50" who="1" fromWho="0" sc="250,-39,250,39,250,0,250,0" /><INIT seed="1,0,0,1,5,29" ten="211,289,250,250" oya="1" hai0="61,56,20,52,18,93,80,122,89,60,31,112,98" hai1="127,116,123,26,51,10,117,4,6,37,78,67,68" hai2="12,66,90,133,106,74,19,46,8,24,58,86,70" hai3="54,82,105,111,101,49,15,79,53,13,120,81,107"/><U95/><E123/><V50/><F74/><W129/><G120/><T28/><D112/><U43/><E37/><V36/><F106/><W102/><G49/><T69/><D122/><U55/><E43/><V131/><F131/><W121/><G121/><T2/><D2/><U75/><E127/><V1/><F1/><W72/><G72/><T44/><D44/><U16/><E78/><V94/><F133/><W0/><G0/><T99/><D99/><U132/><E75/><V11/><F70/><W40/><G40/><T118/><D118/><U113/><E113/><V103/><F103/><W83/><G83/><T91/><D69/><U30/><E132/><V45/><F36/><W124/><G79/><T7/><D7/><U108/><E117/><V115/><F115/><W27/><G27/><N who="0" m="14743" /><D60/><U96/><E68/><V128/><F128/><W73/><G73/><T23/><D23/><U21/><E116/><V76/><F8/><W135/><G135/><T39/><D39/><U25/><E10/><V110/><F11/><W87/><G129/><T97/><D97/><U88/><E6/><V71/><F71/><W77/><G77/><T119/><D119/><U130/><E4/><V42/><F76/><W32/><G87/><AGARI ba="0,0" hai="28,31,52,56,61,80,87,89,91,93,98" m="14743" machi="87" ten="30,3900,0" yaku="25,1,8,1,54,1" doraHai="29" who="0" fromWho="3" sc="211,39,289,0,250,0,250,-39" /><INIT seed="2,0,0,3,4,81" ten="250,289,250,211" oya="2" hai0="18,83,114,93,21,35,22,126,5,97,8,124,58" hai1="43,11,116,75,92,57,88,6,50,40,117,13,96" hai2="44,64,86,42,2,129,85,45,118,131,1,20,82" hai3="134,61,68,69,19,77,103,72,122,71,107,29,25"/><V133/><F118/><W123/><G134/><T110/><D110/><U132/><E132/><V52/><F133/><W49/><G19/><T94/><D114/><U24/><E75/><V62/><F20/><W128/><G128/><N who="2" m="49225" /><F52/><W31/><G49/><T120/><D120/><U73/><E73/><V23/><F23/><W39/><G39/><T78/><D35/><U74/><E74/><V95/><F95/><W109/><G109/><T41/><D41/><U14/><E24/><V16/><F16/><W60/><G31/><T30/><D30/><U87/><E117/><V100/><F100/><W79/><G103/><T34/><D34/><U27/><E27/><V17/><F17/><W99/><G99/><T7/><D94/><N who="1" m="54559" /><E116/><V0/><F82/><W105/><G68/><T127/><D22/><U59/><E14/><V36/><F44/><W10/><G72/><N who="0" m="43463" /><D8/><U111/><E111/><V63/><F63/><W32/><G29/><T106/><D106/><U56/><E50/><V101/><F101/><AGARI ba="0,0" hai="6,11,13,40,43,56,57,59,92,96,101" m="54559" machi="101" ten="30,3900,0" yaku="8,1,52,1,54,1" doraHai="81" who="1" fromWho="2" sc="250,0,289,39,250,-39,211,0" /><INIT seed="3,0,0,5,5,8" ten="250,328,211,211" oya="3" hai0="91,94,60,113,40,42,49,7,106,48,87,43,75" hai1="41,100,77,5,120,97,92,62,73,64,82,93,131" hai2="98,0,110,22,21,86,36,125,121,89,68,133,45" hai3="90,14,15,83,58,95,46,33,54,116,57,114,4"/><W35/><G114/><T107/><D75/><U6/><E131/><V112/><F68/><W50/><G116/><T55/><D113/><U126/><E126/><V63/><F112/><W37/><G83/><T85/><D7/><U108/><E108/><V31/><F0/><W16/><G37/><T123/><D123/><U28/><E120/><V9/><F121/><W72/><G72/><T118/><D118/><U119/><E119/><V109/><F125/><W61/><G33/><T32/><D32/><U88/><E41/><N who="2" m="22695" /><F133/><W111/><G35/><T18/><D18/><U128/><E28/><V2/><F98/><N who="3" m="57719" /><G111/><N who="2" m="42505" /><F31/><W1/><G1/><T29/><D29/><U105/><E128/><V76/><F76/><W70/><G70/><T129/><D129/><U44/><E105/><V27/><F27/><W134/><G134/><T130/><D130/><U11/><E93/><N who="2" m="54455" /><F63/><W132/><G132/><T26/><D26/><U51/><E100/><V10/><F2/><W103/><G103/><T122/><D122/><U24/><E24/><V20/><AGARI ba="0,0" hai="9,10,20,21,22" m="54455,42505,22695" machi="20" ten="30,1100,0" yaku="14,1" doraHai="8" who="2" fromWho="2" sc="250,-3,328,-3,211,11,211,-5" owari="247,4.7,325,42.5,222,-17.8,206,-29.4" /></mjloggm>