<mjloggm ver="2.3"><GO type="225" lobby="0"/><UN n0="%E4%BF%BA%E3%81%A8%E5%A6%96%E5%A4%A2" n1="%77%72%77%72%77%72%77%72" n2="%E6%B4%BE%E9%81%A3%E3%81%AE%E3%82%B8%E3%83%A3%E3%83%83%E3%82%AF" n3="%E3%82%8C%E3%81%99%E3%81%93" dan="17,17,17,16" rate="2217.09,2252.09,2233.89,2101.25" sx="F,M,M,F"/><TAIKYOKU oya="0"/><INIT seed="0,0,0,3,2,119" ten="250,250,250,250" oya="0" hai0="0,65,33,105,43,37,54,19,48,127,84,109,42" hai1="1,77,114,39,87,7,29,76,134,124,126,34,61" hai2="74,110,101,100,79,103,60,58,90,47,108,107,133" hai3="73,46,102,18,35,22,128,57,24,111,116,30,121"/><T66/><D105/><U70/><E39/><V91/><F47/><W31/><G116/><T53/><D33/><U75/><E75/><V88/><F133/><W113/><G113/><T64/><D0/><U98/><E134/><V12/><F12/><W55/><G73/><T97/><D97/><U15/><E1/><V62/><F107/><W56/><G111/><N who="2" m="42537" /><F58/><W41/><G128/><T92/><D109/><U6/><E114/><V52/><F52/><N who="0" m="20074" /><D19/><U8/><E7/><V69/><F69/><W67/><G67/><T28/><D28/><U95/><E87/><V3/><F3/><W112/><G112/><T20/><D20/><U21/><E34/><V59/><F59/><W81/><G31/><T5/><D5/><U2/><E61/><N who="2" m="23659" /><F74/><W11/><G57/><T32/><D32/><U129/><E70/><V93/><F79/><W14/><G35/><T23/><D23/><U38/><E129/><V132/><F132/><W104/><G56/><T94/><D84/><AGARI ba="0,0" hai="84,88,90,91,93,100,101,103" m="23659,42537" machi="84" ten="30,2000,0" yaku="14,1,54,1" doraHai="119" who="2" fromWho="0" sc="250,-20,250,0,250,20,250,0" /><INIT seed="1,0,0,4,2,55" ten="230,250,270,250" oya="1" hai0="89,10,0,57,34,109,49,78,111,25,14,37,103" hai1="123,53,104,68,42,80,69,134,132,32,71,110,79" hai2="20,15,9,95,27,26,96,58,39,62,18,67,119" hai3="106,120,61,56,11,30,54,84,113,99,31,102,22"/><U59/><E32/><V17/><F119/><W16/><G120/><T13/><D37/><U76/><E104/><V51/><F39/><W128/><G113/><T43/><D103/><U124/><E123/><V122/><F122/><W83/><G11/><T87/><D78/><U73/><E79/><V133/><F133/><N who="1" m="51305" /><E42/><V91/><REACH who="2" step="1"/><F51/><REACH who="2" ten="230,250,260,250" step="2"/><W127/><G127/><T45/><D109/><U19/><E124/><V21/><F21/><W92/><G128/><T94/><D111/><U23/><E110/><V100/><F100/><W98/><G106/><T40/><D34/><U81/><E73/><V129/><F129/><W7/><G7/><T38/><D38/><U125/><E125/><V41/><F41/><W60/><G60/><T135/><D135/><U33/><E33/><V48/><F48/><W47/><G47/><T118/><D118/><U88/><E76/><V4/><F4/><W12/><G99/><T86/><D43/><U2/><E88/><AGARI ba="0,1" hai="12,16,22,30,31,54,56,61,83,84,88,92,98,102" machi="88" ten="30,8000,1" yaku="7,1,8,1,52,1,54,2" doraHai="55" who="3" fromWho="1" sc="230,0,250,-80,260,0,250,90" /><INIT seed="2,0,0,0,2,116" ten="230,170,260,340" oya="2" hai0="19,73,71,76,99,50,129,64,40,51,69,65,87" hai1="118,10,32,130,16,12,6,104,23,41,30,62,45" hai2="58,61,125,92,25,132,56,15,93,123,108,126,35" hai3="133,111,103,26,55,14,128,4,98,120,22,60,82"/><V107/><F107/><W39/><G39/><T72/><D129/><U94/><E104/><V100/><F132/><W42/><G133/><T135/><D135/><U38/><E118/><V106/><F15/><W46/><G128/><T101/><D87/><U59/><E130/><V97/><F58/><W34/><G34/><T24/><D24/><U112/><E112/><V1/><F1/><W70/><G82/><T29/><D29/><U47/><E94/><V83/><F83/><W18/><G120/><T102/><D19/><U66/><E45/><V27/><F123/><W131/><G131/><T28/><D28/><U134/><E134/><V17/><F108/><W127/><G127/><N who="2" m="48649" /><F35/><W81/><G81/><T80/><D80/><U3/><E30/><V89/><F17/><W48/><G111/><T52/><D40/><U9/><REACH who="1" step="1"/><E32/><REACH who="1" ten="230,160,260,340" step="2"/><V124/><F93/><W77/><G46/><T54/><REACH who="0" step="1"/><D99/><REACH who="0" ten="220,160,260,340" step="2"/><U79/><E79/><AGARI ba="0,2" hai="50,51,52,54,64,65,69,71,72,73,76,79,101,102" machi="79" ten="25,8000,1" yaku="1,1,2,1,22,2,54,1,53,0" doraHai="116" doraHaiUra="0" who="0" fromWho="1" sc="220,100,160,-80,260,0,340,0" /><INIT seed="3,0,0,5,5,119" ten="320,80,260,340" oya="3" hai0="97,124,130,55,21,101,125,29,84,60,110,14,48" hai1="45,44,99,83,13,129,113,58,91,71,23,16,51" hai2="4,2,85,35,54,33,75,95,102,127,108,15,132" hai3="87,57,30,52,37,40,24,12,38,65,17,92,62"/><W41/><G37/><T66/><D110/><U31/><E129/><V9/><F75/><W20/><G38/><T46/><D130/><U6/><E113/><V3/><F54/><W112/><G112/><T98/><D84/><U68/><E68/><V39/><F39/><W80/><G92/><T0/><D0/><U90/><E71/><V94/><F85/><W72/><G65/><T11/><D21/><U26/><E99/><V47/><F47/><W34/><G72/><T133/><D29/><U69/><E69/><V61/><F61/><W73/><G73/><T77/><D77/><AGARI ba="0,0" hai="12,17,20,24,30,34,40,41,52,57,62,77,80,87" machi="77" ten="30,2900,0" yaku="7,1,54,1" doraHai="119" who="3" fromWho="0" sc="320,-29,80,0,260,0,340,29" owari="291,9.1,80,-42.0,260,-14.0,369,46.9" /></mjloggm>