<mjloggm ver="2.3"><GO type="225" lobby="0"/><UN n0="%E6%B8%A9%E2%98%85%E6%83%85%E2%98%85%E6%8E%AA%E2%98%85%E7%BD%AE" n1="%45%6C%79%73%69%75%6D" n2="%E3%81%A8%E3%82%93%E3%81%A8%E3%81%93%E3%81%A8%E3%82%93" n3="%E3%82%B7%E3%83%B3%E5%A4%AA%E6%9C%97" dan="17,17,16,16" rate="2223.08,2141.07,2134.29,2195.23" sx="M,F,F,M"/><TAIKYOKU oya="0"/><INIT seed="0,0,0,4,4,127" ten="250,250,250,250" oya="0" hai0="21,117,78,59,72,22,133,126,64,91,119,121,97" hai1="37,135,57,23,6,134,53,105,52,85,88,89,11" hai2="43,116,80,106,63,128,40,27,115,102,132,61,35" hai3="0,90,9,7,49,96,60,110,123,47,42,87,65"/><T70/><D70/><U86/><E105/><V84/><F115/><W25/><G110/><T51/><D121/><U10/><E37/><V18/><F132/><N who="1" m="50729" /><E23/><V113/><F113/><W111/><G111/><T130/><D133/><U55/><E57/><V83/><F116/><W56/><G25/><T107/><D126/><U68/><E68/><V5/><F5/><W77/><G123/><T76/><D107/><U109/><E109/><V108/><F108/><W112/><G112/><T118/><D22/><U39/><E39/><V114/><F114/><W3/><G96/><T48/><D21/><U67/><E67/><V99/><F35/><W93/><REACH who="3" step="1"/><G77/><REACH who="3" ten="250,250,250,240" step="2"/><T34/><D76/><U124/><E124/><V44/><F27/><W30/><G30/><T122/><D78/><U36/><E36/><V13/><F99/><W79/><G79/><T32/><D118/><U29/><E29/><V31/><F31/><W20/><G20/><T104/><D117/><U120/><E120/><V41/><F106/><W131/><G131/><T58/><D130/><U15/><E11/><V101/><F128/><W125/><G125/><T45/><D122/><U38/><E38/><V33/><F33/><W98/><G98/><T103/><D119/><U54/><N who="1" m="13312" /><DORA hai="8" /><U95/><E89/><V66/><F66/><W16/><G16/><T28/><D91/><U46/><E46/><V94/><F44/><W100/><G100/><T74/><D45/><U4/><E86/><V62/><F101/><W75/><G75/><N who="0" m="28715" /><D104/><U24/><E24/><V1/><F102/><W50/><G50/><T129/><D51/><RYUUKYOKU ba="0,1" sc="250,-15,250,15,250,-15,240,15" hai1="4,6,10,15,85,88,95" hai3="0,3,7,9,42,47,49,56,60,65,87,90,93" /><INIT seed="1,1,1,0,4,65" ten="235,265,235,255" oya="1" hai0="29,38,19,20,117,50,66,49,11,5,74,64,83" hai1="115,61,88,79,107,59,102,21,22,96,82,131,62" hai2="31,122,123,80,16,37,33,112,133,101,68,41,53" hai3="132,51,34,14,119,17,27,135,90,52,32,35,95"/><U110/><E115/><V13/><F112/><W99/><G119/><T70/><D117/><U15/><E131/><V130/><F130/><W0/><G0/><T63/><D38/><U44/><E110/><V8/><F133/><W30/><G132/><T120/><D120/><U4/><E44/><V77/><F101/><W25/><G25/><T134/><D134/><U56/><E56/><V84/><F68/><W3/><G3/><T104/><D104/><U67/><E62/><V129/><F129/><W116/><G135/><T85/><D29/><U43/><E43/><V12/><F53/><W93/><G95/><T113/><D74/><U2/><E2/><V26/><REACH who="2" step="1"/><F13/><REACH who="2" ten="235,265,225,255" step="2"/><W121/><G116/><T39/><D113/><U1/><E1/><V23/><F23/><W73/><G121/><T128/><D128/><U111/><E22/><V127/><F127/><W106/><G106/><T47/><D66/><U40/><E111/><V78/><F78/><W58/><G73/><T55/><D55/><U114/><E114/><V18/><F18/><W57/><REACH who="3" step="1"/><G58/><REACH who="3" ten="235,265,225,245" step="2"/><T98/><D70/><U91/><E59/><V125/><F125/><W105/><G105/><T45/><D45/><AGARI ba="1,3" hai="8,12,16,26,31,33,37,41,45,77,80,84,122,123" machi="45" ten="40,5200,0" yaku="1,1,54,1,53,1" doraHai="65" doraHaiUra="76" who="2" fromWho="0" sc="235,-55,265,0,225,85,245,0" /><INIT seed="2,0,0,2,0,83" ten="180,265,310,245" oya="2" hai0="118,71,12,32,132,101,46,94,133,90,55,2,109" hai1="34,87,78,56,108,85,0,82,30,48,66,106,29" hai2="54,49,93,60,110,19,45,74,99,11,7,38,89" hai3="123,61,4,25,121,63,21,53,134,114,17,95,97"/><V24/><F74/><W84/><G134/><N who="0" m="51819" /><D2/><U52/><E106/><V111/><F38/><W13/><G114/><T130/><D32/><U31/><E0/><V116/><F116/><W131/><G131/><T33/><D33/><U105/><E105/><V117/><F117/><W8/><G63/><T128/><D118/><U119/><E119/><V35/><F60/><W14/><G14/><T135/><N who="0" m="51827" /><T65/><DORA hai="9" /><D101/><U98/><E108/><N who="2" m="41515" /><F35/><W70/><G84/><N who="1" m="32330" /><E34/><V26/><F19/><W51/><G70/><T47/><D109/><U42/><E66/><V58/><F58/><W37/><G37/><T88/><D65/><U41/><E98/><V102/><F102/><W104/><G104/><T36/><D71/><U10/><E10/><V57/><F57/><W23/><G61/><T120/><D120/><U122/><E122/><V127/><F127/><W96/><G96/><N who="0" m="57415" /><D36/><U6/><E6/><V79/><F79/><W115/><G115/><T125/><D125/><U91/><E78/><V124/><F124/><W27/><G97/><T86/><D128/><U20/><E91/><V43/><F7/><W76/><G76/><T3/><D130/><U77/><E77/><V75/><F11/><W28/><REACH who="3" step="1"/><G95/><REACH who="3" ten="180,265,310,235" step="2"/><N who="0" m="54743" /><D3/><U62/><E82/><V39/><F75/><W129/><G129/><T18/><D55/><U81/><E81/><V100/><F54/><W69/><G69/><T44/><D44/><AGARI ba="0,1" hai="4,8,13,17,21,23,25,27,28,44,51,53,121,123" machi="44" ten="30,8000,1" yaku="1,1,7,1,52,1,53,2" doraHai="83,9" doraHaiUra="1,15" who="3" fromWho="0" sc="180,-80,265,0,310,0,235,90" /><INIT seed="3,0,0,5,1,68" ten="100,265,310,325" oya="3" hai0="11,29,109,34,106,1,62,119,107,37,22,131,49" hai1="129,21,102,4,90,30,78,45,123,56,126,17,57" hai2="127,39,97,113,28,41,55,47,5,96,64,116,3" hai3="67,8,31,60,88,53,110,98,2,24,48,40,42"/><W77/><G110/><T70/><D49/><U101/><E123/><V46/><F113/><W121/><G121/><T99/><D99/><U51/><E129/><V58/><F116/><W112/><G112/><T135/><D62/><U25/><E126/><V38/><F64/><W100/><G77/><T44/><D44/><U36/><E4/><V86/><F28/><W130/><G88/><T75/><D22/><U14/><E78/><V87/><F3/><W71/><G8/><T104/><D11/><U12/><E12/><V118/><F5/><W94/><G2/><T61/><D61/><U13/><E13/><V32/><F32/><W43/><G130/><T20/><D20/><U73/><E73/><V54/><F127/><W91/><G91/><T74/><D29/><U82/><E82/><V117/><F58/><W18/><G18/><T65/><D65/><U122/><E90/><V59/><F59/><W10/><G10/><T128/><D106/><U132/><E122/><V105/><F41/><W0/><G0/><T124/><D107/><AGARI ba="0,0" hai="38,39,46,47,54,55,86,87,96,97,105,107,117,118" machi="107" ten="25,6400,0" yaku="22,2,52,2" doraHai="68" who="2" fromWho="0" sc="100,-64,265,0,310,64,325,0" owari="36,-46.4,265,-13.5,374,47.4,325,12.5" /></mjloggm>