<mjloggm ver="2.3"><GO type="225" lobby="0"/><UN n0="%43%68%65" n1="%E3%81%95%E3%81%8D%E3%81%9F%E3%81%BE%E6%9E%97%E6%AA%8E" n2="%E5%80%89%E6%A9%8B%EF%BC%A0%E4%BA%8B%E5%8B%99" n3="%E9%B3%B3%E6%9D%B1%E3%81%AE%E3%81%86%E3%81%95%E3%81%8E%E3%81%95%E3%82%93" dan="16,16,16,16" rate="2126.79,2124.88,2101.48,2157.66" sx="M,M,M,M"/><TAIKYOKU oya="0"/><INIT seed="0,0,0,1,2,18" ten="250,250,250,250" oya="0" hai0="21,33,65,113,40,13,74,46,58,88,91,87,27" hai1="24,43,117,135,123,16,75,103,107,102,15,47,39" hai2="30,115,0,50,82,100,9,63,99,111,133,22,11" hai3="4,1,61,37,124,73,132,70,42,116,55,92,85"/><T49/><D113/><U126/><E123/><V25/><F115/><W31/><G116/><T19/><D74/><U106/><E117/><V51/><F111/><W127/><G73/><T120/><D120/><U119/><E119/><V122/><F122/><W86/><G132/><T23/><D33/><U38/><E75/><V95/><F133/><W97/><G31/><N who="0" m="17903" /><D87/><U6/><E135/><V64/><F82/><W41/><G4/><T121/><D121/><U35/><E6/><V32/><F32/><W114/><G1/><T98/><D98/><U60/><E39/><V128/><F128/><W68/><G114/><T84/><D84/><N who="3" m="32361" /><G68/><T104/><D104/><U28/><E126/><N who="3" m="48170" /><G37/><T89/><D89/><U45/><E107/><V54/><F0/><W67/><G55/><T26/><D26/><U66/><E106/><V96/><F96/><W125/><N who="3" m="48178" /><W81/><DORA hai="8" /><G81/><T53/><D65/><U34/><E34/><V36/><F36/><W80/><G80/><T62/><AGARI ba="0,0" hai="13,19,23,40,46,49,53,58,62,88,91" m="17903" machi="62" ten="30,12000,1" yaku="8,1,52,3,54,1" doraHai="18,8" who="0" fromWho="0" sc="250,120,250,-40,250,-40,250,-40" /><INIT seed="0,1,0,5,3,23" ten="370,210,210,210" oya="0" hai0="22,4,45,82,9,40,112,25,134,44,110,53,38" hai1="90,58,46,92,27,69,93,67,7,123,5,8,43" hai2="119,30,83,18,125,116,64,78,81,111,77,16,118" hai3="50,33,130,14,26,115,70,62,31,128,79,98,66"/><T104/><D112/><U29/><E123/><V102/><F102/><W21/><G115/><T51/><D104/><U132/><E132/><V3/><F3/><W121/><G121/><T68/><D134/><U36/><E69/><V107/><F107/><W48/><G79/><N who="2" m="30217" /><F64/><W60/><G60/><T15/><D68/><U2/><E5/><V59/><F59/><W76/><G76/><T126/><D126/><U133/><E133/><V103/><F103/><W84/><G84/><T63/><D110/><U108/><E108/><V49/><F111/><W87/><G87/><T100/><D100/><U131/><E131/><N who="3" m="50218" /><G98/><T57/><D82/><N who="2" m="31242" /><F49/><N who="3" m="19051" /><G14/><T32/><D32/><AGARI ba="1,0" hai="21,26,31,32,33,62,66,70" m="19051,50218" machi="32" ten="30,2000,0" yaku="19,1,52,1" doraHai="23" who="3" fromWho="0" sc="370,-23,210,0,210,0,210,23" /><INIT seed="1,0,0,4,2,63" ten="347,210,210,233" oya="1" hai0="51,89,56,32,6,116,39,73,122,112,94,108,21" hai1="106,19,72,74,128,2,49,58,17,41,115,76,34" hai2="119,62,4,126,130,70,36,75,121,90,37,97,28" hai3="117,15,92,50,11,123,82,85,23,114,26,46,31"/><U52/><E115/><V64/><F119/><W78/><G123/><T104/><D32/><U59/><E34/><V86/><F75/><W109/><G109/><T43/><D104/><U107/><E2/><V13/><F121/><W111/><G111/><T30/><D73/><U54/><E41/><V113/><F113/><W132/><G132/><T24/><D108/><U91/><E91/><V29/><F130/><W45/><G117/><T16/><D122/><U69/><E69/><V42/><F97/><W99/><G114/><T65/><D6/><U83/><E128/><V9/><F126/><W40/><G46/><N who="0" m="26079" /><D39/><U84/><E84/><V47/><REACH who="2" step="1"/><F37/><REACH who="2" ten="347,210,200,233" step="2"/><W57/><G99/><T118/><D112/><U44/><E74/><V0/><F0/><W105/><G105/><T38/><D38/><U134/><E134/><V60/><F60/><W71/><G85/><T98/><D116/><U7/><E107/><V10/><F10/><W124/><G11/><T67/><D118/><U127/><E127/><V103/><F103/><W22/><G124/><T27/><D56/><U3/><E106/><V135/><F135/><W20/><G57/><T48/><D48/><U68/><E68/><V100/><F100/><W12/><G71/><T110/><D110/><U5/><E59/><V79/><F79/><W101/><G78/><T14/><D98/><U125/><E125/><V61/><F61/><W81/><G101/><T131/><D131/><U77/><E77/><V25/><F25/><W18/><G26/><N who="0" m="9771" /><D30/><U96/><E96/><V133/><F133/><W33/><G31/><T93/><D89/><RYUUKYOKU ba="0,1" sc="347,15,210,-15,200,15,233,-15" hai0="14,16,21,65,67,93,94" hai2="4,9,13,28,29,36,42,47,62,64,70,86,90" /><INIT seed="2,1,1,2,2,105" ten="362,195,215,218" oya="2" hai0="123,65,114,70,126,116,39,68,95,88,30,106,101" hai1="58,91,81,112,72,0,71,67,124,85,89,93,37" hai2="41,75,47,51,8,52,2,86,6,130,25,48,104" hai3="122,129,23,118,121,31,15,43,134,63,19,94,127"/><V60/><F104/><W54/><G118/><T33/><D39/><U44/><E112/><V26/><F130/><W4/><G129/><T12/><D123/><U82/><E71/><V98/><F60/><W38/><G4/><T10/><D114/><U14/><E0/><V90/><F98/><W74/><G74/><T99/><D126/><U66/><E124/><V55/><F75/><W5/><G127/><T120/><D120/><U57/><E72/><V128/><F128/><W20/><G5/><T69/><D116/><U96/><E37/><V76/><F76/><W78/><G78/><T53/><D53/><U42/><E81/><V34/><F34/><W49/><G63/><T16/><D65/><U22/><E44/><V135/><F135/><W111/><G111/><T92/><D88/><U27/><E14/><V79/><F79/><W97/><G38/><T36/><D36/><U110/><E42/><V84/><F84/><W21/><G43/><T115/><D115/><U131/><E131/><V13/><F2/><W11/><G31/><T59/><D59/><N who="1" m="22539" /><E110/><V87/><F87/><W109/><G134/><T119/><D119/><U1/><E1/><V46/><F41/><W45/><REACH who="3" step="1"/><G109/><REACH who="3" ten="362,195,215,208" step="2"/><T40/><D40/><U100/><E100/><AGARI ba="1,2" hai="11,15,19,20,21,23,45,49,54,94,97,100,121,122" machi="100" ten="40,8000,1" yaku="1,1,2,1,53,2" doraHai="105" doraHaiUra="117" who="3" fromWho="1" sc="362,0,195,-83,215,0,208,103" /><INIT seed="3,0,0,5,1,86" ten="362,112,215,311" oya="3" hai0="35,99,112,127,107,120,18,83,71,74,89,134,4" hai1="42,51,61,15,10,122,96,67,115,0,121,56,19" hai2="130,117,85,17,68,76,70,58,72,106,79,109,21" hai3="101,65,57,9,73,34,118,54,95,111,80,26,129"/><W116/><G65/><T1/><RYUUKYOKU type="yao9" ba="0,0" sc="362,0,112,0,215,0,311,0" hai0="1,4,18,35,71,74,83,89,99,107,112,120,127,134" /><INIT seed="3,1,0,3,5,30" ten="362,112,215,311" oya="3" hai0="63,134,84,64,96,26,131,56,54,123,91,93,74" hai1="133,61,46,90,27,100,80,95,60,13,41,122,58" hai2="92,94,19,130,49,103,65,42,112,25,68,108,121" hai3="86,97,116,67,16,20,55,40,106,9,28,37,52"/><W102/><G116/><T4/><D123/><U111/><E111/><V3/><F3/><W88/><G67/><T53/><D74/><U73/><E122/><V87/><F112/><W11/><G28/><T31/><D131/><U98/><E133/><V76/><F121/><W23/><G40/><T10/><D134/><U114/><E114/><V125/><F108/><W5/><G37/><T118/><D118/><U132/><E132/><V50/><F130/><W72/><G72/><T48/><D84/><U71/><E71/><V14/><F25/><W77/><G77/><T109/><D48/><U7/><E73/><V45/><F125/><W47/><G23/><N who="0" m="15839" /><D109/><U33/><E7/><V62/><F103/><W57/><G47/><T17/><D4/><U35/><E13/><AGARI ba="1,0" hai="10,13,17,53,54,56,63,64,91,93,96" m="15839" machi="13" ten="30,1000,0" yaku="8,1" doraHai="30" who="0" fromWho="1" sc="362,13,112,-13,215,0,311,0" owari="375,47.5,99,-40.1,215,-18.5,311,11.1" /></mjloggm>