<mjloggm ver="2.3"><GO type="225" lobby="0"/><UN n0="%E8%B6%85%E7%B4%9A%E9%B3%B3%E5%87%B0" n1="%6A%79%75%6E%6F%68" n2="%6D%75%75%6D%75%72%61" n3="%E7%99%BD%E5%92%B2%E8%8A%B1%E3%81%A1%E3%82%83%E3%82%93" dan="16,16,16,16" rate="2137.01,2149.57,2143.50,2088.33" sx="M,M,F,F"/><TAIKYOKU oya="0"/><INIT seed="0,0,0,0,4,75" ten="250,250,250,250" oya="0" hai0="109,70,74,17,0,103,54,97,102,96,24,31,14" hai1="124,119,52,11,67,40,47,26,134,49,66,15,85" hai2="121,126,56,59,80,1,34,25,135,45,18,30,88" hai3="27,94,117,90,100,76,12,98,101,120,6,29,69"/><T32/><D70/><U46/><E119/><V61/><F121/><W123/><G117/><T95/><D74/><U38/><E124/><V113/><F113/><W16/><G69/><T87/><D0/><U51/><E134/><V68/><F135/><W105/><G6/><T60/><D109/><U132/><E132/><V4/><F126/><W8/><G76/><T128/><D128/><U7/><E38/><V23/><F45/><W65/><G65/><T115/><D115/><U22/><REACH who="1" step="1"/><E85/><REACH who="1" ten="250,240,250,250" step="2"/><V127/><F127/><W20/><REACH who="3" step="1"/><G101/><REACH who="3" ten="250,240,250,240" step="2"/><T77/><D102/><U83/><E83/><V42/><F80/><W10/><G10/><T9/><D103/><U79/><E79/><V104/><F88/><W63/><G63/><T57/><D77/><U48/><E48/><V92/><F61/><W91/><G91/><T99/><D60/><U82/><E82/><V36/><F36/><W78/><G78/><T39/><D39/><U13/><E13/><V81/><F81/><W84/><AGARI ba="0,2" hai="8,12,16,20,27,29,84,90,94,98,100,105,120,123" machi="84" ten="30,4000,0" yaku="1,1,0,1,54,1,53,0" doraHai="75" doraHaiUra="44" who="3" fromWho="3" sc="250,-20,240,-10,250,-10,240,60" /><INIT seed="1,0,0,3,1,65" ten="230,230,240,300" oya="1" hai0="16,105,113,130,129,106,35,82,122,57,12,75,68" hai1="31,63,19,22,1,77,119,18,55,111,4,97,70" hai2="59,104,134,27,42,71,108,23,34,49,121,7,8" hai3="61,69,41,54,76,50,87,9,116,109,80,66,56"/><U98/><E119/><V85/><F121/><W47/><G109/><T90/><D113/><U99/><E111/><V92/><F34/><W118/><REACH who="3" step="1"/><G9/><REACH who="3" ten="230,230,240,290" step="2"/><T123/><D122/><U39/><E39/><AGARI ba="0,1" hai="39,41,47,50,54,56,61,66,69,76,80,87,116,118" machi="39" ten="40,12000,2" yaku="1,1,2,1,24,2,52,1,53,1" doraHai="65" doraHaiUra="40" who="3" fromWho="1" sc="230,0,230,-120,240,0,290,130" /><INIT seed="2,0,0,0,0,130" ten="230,110,240,420" oya="2" hai0="47,75,72,49,13,84,104,120,24,20,127,67,135" hai1="101,9,102,32,53,7,12,70,107,82,117,52,106" hai2="78,5,6,98,60,79,61,45,2,77,19,36,83" hai3="63,96,35,18,26,54,15,119,105,55,125,108,58"/><V41/><F2/><W111/><G119/><T64/><D120/><U48/><E117/><V114/><F114/><W73/><G73/><T51/><D104/><U86/><E32/><V97/><F83/><W46/><G125/><T10/><D127/><U109/><E109/><V112/><F112/><W42/><G55/><T91/><D51/><U30/><E70/><V85/><F85/><W113/><G113/><T25/><D25/><U129/><E129/><V0/><F19/><W34/><G96/><T21/><D21/><U44/><E30/><V8/><F5/><W131/><G105/><T89/><D89/><U33/><E33/><V80/><F80/><W92/><G92/><T110/><D110/><N who="3" m="42025" /><G26/><T126/><D126/><U103/><E106/><V133/><F133/><W65/><G65/><T50/><D24/><U76/><REACH who="1" step="1"/><E107/><REACH who="1" ten="230,100,240,420" step="2"/><V62/><AGARI ba="0,1" hai="0,6,8,36,41,45,60,61,62,77,78,79,97,98" machi="62" ten="30,1500,0" yaku="0,1" doraHai="130" who="2" fromWho="2" sc="230,-5,100,-5,240,25,420,-5" /><INIT seed="2,1,0,5,3,69" ten="225,95,265,415" oya="2" hai0="15,16,11,67,90,91,104,40,114,35,117,49,130" hai1="120,110,113,83,105,103,41,88,54,21,81,45,2" hai2="5,112,53,132,71,18,13,42,127,121,4,9,74" hai3="116,58,57,73,126,96,7,75,101,100,59,3,6"/><V22/><F71/><W72/><G116/><T84/><D114/><U60/><E113/><V14/><F74/><W97/><G3/><T122/><D122/><U47/><E2/><V131/><F112/><W62/><G62/><T119/><D104/><U106/><E120/><V26/><F42/><W61/><G61/><T109/><D35/><U85/><E110/><V25/><F53/><W20/><G20/><T134/><D109/><U52/><E103/><N who="3" m="39498" /><G126/><T87/><D130/><U80/><E21/><N who="2" m="13495" /><F121/><W76/><G76/><T102/><D102/><U63/><E83/><V98/><F127/><W135/><G135/><T48/><D134/><U36/><E85/><N who="0" m="32841" /><D67/><U128/><E88/><N who="0" m="33833" /><D40/><U30/><E41/><V28/><F132/><W133/><G133/><T77/><D77/><U66/><E30/><V31/><F131/><W27/><G27/><T65/><D65/><U50/><E66/><V43/><F43/><W115/><G115/><T92/><D92/><U23/><E23/><V111/><F111/><W33/><G33/><T68/><D68/><U34/><E34/><V1/><F31/><W79/><G79/><T19/><D19/><U8/><E8/><N who="2" m="4231" /><F98/><AGARI ba="1,0" hai="6,7,57,58,59,72,73,75,96,97,98" m="39498" machi="98" ten="40,2600,0" yaku="28,2" doraHai="69" who="3" fromWho="2" sc="225,0,95,0,265,-29,415,29" /><INIT seed="3,0,0,3,0,129" ten="225,95,236,444" oya="3" hai0="22,16,54,127,108,47,34,32,45,85,99,5,91" hai1="104,41,89,59,19,123,30,23,0,11,1,29,12" hai2="126,86,61,114,98,26,50,36,63,56,77,55,7" hai3="70,95,39,2,125,116,117,97,82,94,28,133,112"/><W8/><G112/><T51/><D108/><U83/><E104/><V52/><F36/><W48/><G48/><T81/><D127/><U43/><E123/><V79/><F114/><W44/><G28/><T17/><D5/><U72/><E72/><V87/><F126/><W96/><G44/><T33/><D22/><U49/><E0/><V128/><F128/><W66/><G66/><T69/><D69/><U9/><E1/><V120/><F120/><W105/><G8/><T93/><REACH who="0" step="1"/><D47/><REACH who="0" ten="215,95,236,444" step="2"/><U100/><E100/><AGARI ba="0,1" hai="16,17,32,33,34,45,51,54,81,85,91,93,99,100" machi="100" ten="40,8000,1" yaku="1,1,2,1,54,1,53,2" doraHai="129" doraHaiUra="15" who="0" fromWho="1" sc="215,90,95,-80,236,0,444,0" owari="305,10.5,15,-48.5,236,-16.4,444,54.4" /></mjloggm>