<mjloggm ver="2.3"><GO type="225" lobby="0"/><UN n0="%6B%79%6F%6E%6B%6F%31%31" n1="%E3%81%9F%E3%81%93%E2%98%86%E7%84%BC%E3%81%8D" n2="%E9%80%9F%E6%B0%B4%E5%87%9B%E9%A6%99" n3="%E3%81%8B%E3%82%8F%E3%81%A1%E3%82%83%E3%82%93%35%38" dan="17,16,16,16" rate="2208.87,2091.53,2166.59,2112.83" sx="M,M,F,M"/><TAIKYOKU oya="0"/><INIT seed="0,0,0,5,3,5" ten="250,250,250,250" oya="0" hai0="37,63,75,90,104,40,44,8,50,46,35,18,131" hai1="30,34,66,81,62,11,61,128,112,17,73,6,22" hai2="69,41,15,127,118,79,49,67,43,21,55,20,124" hai3="88,26,3,120,96,135,51,13,25,105,54,83,76"/><T56/><D131/><U84/><E73/><V39/><F39/><W64/><G3/><T29/><D104/><U53/><E53/><V110/><F79/><W134/><G64/><T38/><D75/><U116/><E116/><V109/><F67/><W42/><G42/><N who="2" m="15881" /><F69/><W132/><G120/><T123/><D44/><U31/><E62/><V101/><F101/><N who="3" m="62631" /><G13/><T7/><D18/><U59/><E34/><V86/><F86/><N who="3" m="50271" /><G76/><T70/><D70/><U68/><E128/><V93/><F15/><W111/><G111/><T121/><D90/><U14/><E112/><V4/><F4/><W1/><G1/><T117/><D117/><U94/><E94/><V36/><F93/><W82/><G82/><T114/><D114/><U24/><REACH who="1" step="1"/><E68/><REACH who="1" ten="250,240,250,250" step="2"/><V10/><F118/><W103/><G103/><T65/><D123/><U100/><E100/><V71/><F71/><W113/><G113/><T27/><REACH who="0" step="1"/><D121/><REACH who="0" ten="240,240,250,250" step="2"/><U74/><E74/><V78/><F110/><W85/><G85/><T12/><AGARI ba="0,2" hai="7,8,12,27,29,35,37,38,40,46,50,56,63,65" machi="12" ten="20,12000,1" yaku="1,1,2,1,0,1,7,1,52,1,53,0" doraHai="5" doraHaiUra="97" who="0" fromWho="0" sc="240,140,240,-40,250,-40,250,-40" /><INIT seed="0,1,0,4,5,64" ten="380,200,210,210" oya="0" hai0="133,121,111,120,40,99,135,117,49,23,115,11,56" hai1="41,60,5,27,45,101,14,2,21,59,106,42,89" hai2="0,33,131,79,84,25,13,92,72,82,134,112,124" hai3="54,90,114,108,58,38,24,77,103,83,118,39,119"/><T105/><D105/><U85/><E2/><V61/><F0/><W16/><G114/><T70/><D99/><U81/><E101/><V94/><F112/><W31/><G103/><T100/><D100/><U97/><E97/><V55/><F134/><N who="0" m="51210" /><D115/><U1/><E1/><V53/><F131/><W113/><G113/><T73/><D73/><U88/><E106/><V12/><F124/><W66/><G66/><T80/><D11/><N who="1" m="4463" /><E89/><V95/><F72/><W104/><G104/><T4/><D4/><U22/><E45/><V26/><F33/><W7/><G7/><T129/><D80/><U19/><E22/><V76/><F76/><W67/><G67/><AGARI ba="1,0" hai="19,21,27,41,42,59,60,67,81,85,88" m="4463" machi="67" ten="30,2000,0" yaku="8,1,54,1" doraHai="64" who="1" fromWho="3" sc="380,0,200,23,210,0,210,-23" /><INIT seed="1,0,0,2,5,13" ten="380,223,210,187" oya="1" hai0="120,23,121,24,131,11,36,15,65,70,16,59,64" hai1="133,117,57,98,103,106,38,48,86,44,10,83,115" hai2="102,40,130,29,63,53,27,80,2,85,113,107,25" hai3="56,58,124,123,61,122,21,110,74,20,71,60,62"/><U67/><E133/><V43/><F2/><W88/><G71/><T93/><D36/><U94/><E117/><V105/><F130/><W41/><G74/><T90/><D70/><U12/><E38/><V82/><F63/><W118/><G41/><T109/><D109/><U128/><E128/><V49/><F102/><W69/><G69/><T119/><D131/><U111/><E111/><V116/><F85/><W75/><G75/><T132/><D132/><U84/><E84/><V46/><F46/><W28/><G110/><T96/><D119/><U17/><E115/><V0/><F0/><W108/><G108/><T54/><D121/><U72/><E72/><V73/><F73/><W112/><G112/><T104/><D104/><U99/><E98/><V42/><F42/><W4/><G61/><N who="0" m="36087" /><D120/><U9/><E57/><V50/><F29/><AGARI ba="0,0" hai="11,15,16,23,24,29,64,65,90,93,96" m="36087" machi="29" ten="30,3900,0" yaku="8,1,52,1,54,1" doraHai="13" who="0" fromWho="2" sc="380,39,223,0,210,-39,187,0" /><INIT seed="2,0,0,2,3,60" ten="419,223,171,187" oya="2" hai0="119,55,5,69,19,75,28,62,128,64,125,81,24" hai1="82,43,76,91,26,38,25,3,99,57,39,44,73" hai2="77,101,116,100,102,94,56,79,72,113,96,80,13" hai3="17,118,1,9,10,66,98,78,51,15,32,129,132"/><V70/><F70/><W50/><G118/><T31/><D125/><U115/><E38/><V12/><F12/><W34/><G78/><T123/><D123/><U130/><E130/><V49/><F13/><W110/><G98/><T29/><D128/><U67/><E115/><V83/><F113/><W121/><G129/><T122/><D122/><U7/><E91/><N who="2" m="55391" /><F56/><W2/><G121/><T21/><D5/><U0/><E99/><V46/><F49/><W59/><G15/><T54/><D119/><U68/><E0/><V74/><F46/><W126/><G59/><T45/><D45/><U6/><E6/><V14/><F14/><W89/><G17/><T37/><D37/><U131/><E57/><V106/><F116/><W20/><G20/><T134/><D54/><U47/><E47/><V95/><F95/><W107/><G10/><T42/><D55/><U52/><E52/><V11/><F11/><W36/><G9/><T23/><D42/><U87/><E131/><V105/><AGARI ba="0,0" hai="72,74,77,79,80,83,100,101,102,105,106" m="55391" machi="105" ten="30,12000,1" yaku="35,5" doraHai="60" who="2" fromWho="2" sc="419,-40,223,-40,171,120,187,-40" /><INIT seed="2,1,0,0,0,89" ten="379,183,291,147" oya="2" hai0="16,73,50,15,40,85,14,13,61,32,54,124,64" hai1="118,92,47,94,76,57,114,38,110,116,77,33,11" hai2="42,12,86,31,60,3,82,4,53,26,132,95,106" hai3="65,67,112,93,129,127,5,62,34,109,1,29,122"/><V66/><F106/><W81/><G122/><T25/><D73/><U108/><E33/><V75/><F75/><W97/><G109/><N who="1" m="42090" /><E11/><V37/><F3/><W41/><G129/><T70/><D124/><U2/><E57/><V88/><F42/><W43/><G127/><T46/><D85/><U63/><E63/><V28/><F37/><W39/><G112/><T99/><D99/><U103/><E2/><V74/><F74/><W113/><G113/><T21/><D32/><U96/><E47/><V27/><F66/><W24/><G67/><T84/><D84/><U71/><E71/><V45/><F132/><W79/><G39/><T59/><REACH who="0" step="1"/><D25/><REACH who="0" ten="369,183,291,147" step="2"/><U120/><E114/><V105/><F26/><W58/><G1/><T119/><D119/><N who="1" m="45611" /><E120/><V130/><F27/><W126/><G126/><T22/><D22/><U51/><E38/><AGARI ba="1,1" hai="13,14,15,16,21,38,40,46,50,54,59,61,64,70" machi="38" ten="30,8000,1" yaku="1,1,7,1,24,2,54,1,53,0" doraHai="89" doraHaiUra="98" who="0" fromWho="1" sc="369,93,183,-83,291,0,147,0" /><INIT seed="3,0,0,3,3,83" ten="462,100,291,147" oya="3" hai0="62,106,120,79,121,0,84,8,99,128,126,80,103" hai1="34,37,108,36,68,54,13,66,117,124,50,116,27" hai2="123,65,119,94,44,42,46,133,53,39,56,74,11" hai3="24,2,43,64,122,3,5,41,38,97,73,10,45"/><W6/><G122/><T115/><D126/><U48/><E13/><V95/><F74/><W111/><G111/><T129/><D62/><N who="1" m="40023" /><E27/><V132/><F119/><N who="1" m="45641" /><E34/><V30/><F30/><W23/><G64/><T131/><D115/><U125/><E108/><V77/><F77/><W61/><G61/><T112/><D112/><U135/><E135/><N who="2" m="51787" /><F46/><W71/><G97/><T60/><D60/><U109/><E109/><V40/><F40/><W20/><G71/><T4/><AGARI ba="0,0" hai="0,4,8,79,80,84,99,103,106,120,121,128,129,131" machi="4" ten="40,5200,0" yaku="0,1,19,1,52,1" doraHai="83" who="0" fromWho="0" sc="462,52,100,-13,291,-13,147,-26" owari="514,61.4,87,-41.3,278,7.8,121,-27.9" /></mjloggm>