<mjloggm ver="2.3"><GO type="225" lobby="0"/><UN n0="%E3%81%AF%E3%82%88%E3%81%8A%E3%81%98%E3%81%95%E3%82%93" n1="%73%6C%69%63%6B%33%31%39" n2="%E3%83%97%E3%83%AC%E3%83%B4%E3%82%A1%E3%83%86%E3%82%A3" n3="%E3%81%82%E3%81%99%E3%81%AB%E3%82%83%E3%82%80" dan="17,16,16,16" rate="2244.90,2114.06,2079.18,2136.82" sx="M,M,F,F"/><TAIKYOKU oya="0"/><INIT seed="0,0,0,5,2,81" ten="250,250,250,250" oya="0" hai0="103,10,32,18,25,102,73,30,9,8,23,128,126" hai1="83,95,104,110,76,13,91,71,67,22,56,89,59" hai2="64,35,133,28,20,114,97,33,134,31,82,108,19" hai3="26,46,84,129,127,92,38,3,61,87,96,77,120"/><T50/><D73/><U44/><E104/><V15/><F64/><W94/><G3/><T115/><D115/><U57/><E110/><V68/><F68/><W27/><G129/><T70/><D70/><U132/><E132/><N who="2" m="50795" /><F97/><W90/><G127/><T52/><D126/><U85/><E71/><V1/><F82/><N who="3" m="47183" /><G38/><T86/><D128/><U121/><E121/><V45/><F45/><W112/><G112/><T65/><D65/><U131/><E131/><V116/><F114/><W6/><G6/><T36/><D36/><U40/><E67/><V88/><F88/><N who="1" m="33865" /><E95/><V75/><F75/><W21/><G120/><T0/><D0/><U63/><E63/><V17/><F1/><W12/><G61/><T105/><D105/><U106/><E106/><V14/><F108/><W49/><G12/><N who="2" m="4649" /><F116/><W16/><G27/><T43/><D43/><U5/><E5/><V24/><F17/><W124/><G124/><T47/><REACH who="0" step="1"/><D86/><REACH who="0" ten="240,250,250,250" step="2"/><U101/><E40/><V42/><F42/><N who="3" m="24791" /><G96/><T117/><D117/><U39/><E39/><V109/><F109/><W54/><G54/><T107/><D107/><U41/><E41/><V34/><AGARI ba="0,1" hai="19,20,24,28,31,33,34,35" m="4649,50795" machi="34" ten="40,5200,0" yaku="20,1,34,2" doraHai="81" who="2" fromWho="2" sc="240,-26,250,-13,250,62,250,-13" /><INIT seed="1,0,0,1,1,119" ten="214,237,312,237" oya="1" hai0="96,74,64,120,76,49,30,105,55,56,41,4,110" hai1="84,107,1,97,124,90,26,72,13,54,5,101,73" hai2="82,92,104,83,102,98,40,115,78,88,31,69,131" hai3="44,18,67,113,68,9,45,43,33,10,52,133,106"/><U62/><E124/><V89/><F69/><W32/><G113/><T103/><D110/><U38/><E38/><V116/><F40/><W27/><G106/><T123/><D30/><U39/><E39/><V58/><F31/><W17/><G133/><T121/><D4/><U2/><E13/><V50/><F50/><W117/><G68/><T99/><D64/><U57/><E26/><V37/><F37/><W135/><G135/><T35/><D35/><U25/><E25/><V21/><F21/><W59/><G27/><T79/><D74/><U80/><REACH who="1" step="1"/><E1/><REACH who="1" ten="214,227,312,237" step="2"/><V24/><F24/><W3/><G3/><T20/><D20/><U11/><AGARI ba="0,1" hai="2,5,11,54,57,62,72,73,80,84,90,97,101,107" machi="11" ten="30,11700,0" yaku="1,1,2,1,0,1,53,1" doraHai="119" doraHaiUra="94" who="1" fromWho="1" sc="214,-39,227,127,312,-39,237,-39" /><INIT seed="1,1,0,5,1,46" ten="175,354,273,198" oya="1" hai0="45,128,66,12,135,18,44,61,43,64,24,32,104" hai1="37,33,82,56,122,90,50,118,133,91,95,75,93" hai2="10,72,51,70,126,87,121,77,28,63,94,96,98" hai3="23,8,74,69,131,79,17,34,76,41,59,35,129"/><U132/><E37/><V111/><F121/><W130/><G69/><T81/><D104/><U48/><E33/><N who="3" m="12298" /><G74/><T116/><D116/><U3/><E3/><V5/><F28/><W19/><G41/><T53/><D128/><U106/><E106/><V42/><F126/><W117/><G117/><T54/><D135/><N who="1" m="51787" /><E118/><V31/><F31/><W73/><G73/><T55/><D81/><U15/><E56/><V40/><F111/><W21/><G8/><T9/><D44/><U6/><E122/><V36/><F72/><W20/><G59/><T100/><D100/><U115/><E115/><V109/><F109/><W134/><G134/><T2/><D2/><U22/><E82/><N who="2" m="47567" /><F36/><W108/><G108/><T71/><D64/><U14/><E75/><V85/><F70/><W102/><G102/><T11/><D11/><N who="1" m="4471" /><E15/><N who="2" m="5583" /><F63/><W124/><G124/><T125/><D125/><U88/><E22/><V60/><F60/><W80/><G80/><T120/><D120/><U86/><E91/><N who="2" m="53615" /><F40/><W0/><G0/><T103/><D103/><U112/><E112/><V65/><F65/><W47/><G47/><AGARI ba="1,0" hai="42,47,51,96,98" m="53615,5583,47567" machi="47" ten="30,3900,0" yaku="25,1,8,1,52,1" doraHai="46" who="2" fromWho="3" sc="175,0,354,0,273,42,198,-42" /><INIT seed="2,0,0,4,0,53" ten="175,354,315,156" oya="2" hai0="20,87,14,112,60,119,104,23,26,110,11,56,34" hai1="78,126,91,75,120,13,57,46,58,129,82,108,83" hai2="6,71,45,33,49,15,35,85,128,84,127,109,52" hai3="40,118,39,96,101,3,130,44,10,24,103,76,114"/><V73/><F71/><W117/><G114/><T1/><D112/><U66/><E108/><V123/><F123/><W28/><G103/><T27/><D104/><U7/><E120/><V121/><F121/><W61/><G130/><T95/><D110/><U124/><E129/><V41/><F128/><W32/><G76/><T90/><D119/><U125/><E66/><V67/><F73/><W105/><REACH who="3" step="1"/><G61/><REACH who="3" ten="175,354,315,146" step="2"/><T31/><D1/><U69/><E78/><V113/><F113/><W107/><G107/><T93/><D93/><U43/><E82/><V100/><F109/><W116/><G116/><T89/><D89/><U12/><E91/><V72/><F100/><W80/><G80/><T68/><D68/><U37/><E69/><V77/><F72/><W48/><G48/><T50/><D50/><U17/><E83/><N who="2" m="47215" /><F127/><W134/><G134/><T106/><D106/><U65/><E75/><V0/><F0/><W25/><G25/><T21/><D26/><U19/><E125/><V63/><F85/><W54/><G54/><T97/><D87/><U94/><E94/><V98/><F98/><W5/><AGARI ba="0,1" hai="3,5,10,24,28,32,39,40,44,96,101,105,117,118" machi="5" ten="30,8000,1" yaku="1,1,0,1,23,2,53,1" doraHai="53" doraHaiUra="4" who="3" fromWho="3" sc="175,-20,354,-20,315,-40,146,90" /><INIT seed="3,0,0,4,3,61" ten="155,334,275,236" oya="3" hai0="125,46,93,107,130,60,18,127,105,8,71,24,17" hai1="22,94,51,116,101,47,30,124,23,85,119,120,135" hai2="98,68,92,63,133,106,42,131,108,55,86,123,53" hai3="64,114,67,33,3,31,36,113,76,69,100,79,56"/><W102/><G3/><T122/><D122/><U27/><E120/><V66/><F123/><W75/><G36/><T38/><D130/><U15/><E135/><V57/><F133/><W111/><G69/><T70/><D93/><U83/><E124/><V96/><F131/><W62/><G111/><T52/><D8/><U65/><E65/><N who="3" m="25162" /><G75/><T44/><D60/><U82/><E15/><V4/><F108/><W74/><G74/><T32/><D24/><N who="1" m="16663" /><E119/><V49/><F106/><W118/><G118/><T35/><REACH who="0" step="1"/><D38/><REACH who="0" ten="145,334,275,236" step="2"/><U16/><E116/><V11/><F92/><W29/><G33/><T99/><D99/><N who="1" m="59639" /><E85/><V87/><F86/><W19/><G114/><T45/><D45/><U2/><E2/><V132/><F87/><W103/><G113/><T13/><D13/><U37/><E37/><V73/><F73/><W81/><G81/><T110/><D110/><U126/><E83/><V48/><F132/><W9/><G9/><T89/><D89/><U12/><E82/><V104/><F104/><W20/><G79/><T7/><D7/><U77/><E77/><V50/><F98/><W54/><G76/><T1/><D1/><U6/><E6/><V58/><F96/><W91/><G91/><T34/><D34/><U129/><E129/><V41/><REACH who="2" step="1"/><F48/><REACH who="2" ten="145,334,265,236" step="2"/><W21/><G21/><T112/><D112/><U43/><E51/><V26/><F26/><AGARI ba="0,2" hai="19,20,26,29,31,54,56,62,100,102,103" m="25162" machi="26" ten="30,11600,0" yaku="8,1,52,3" doraHai="61" who="3" fromWho="2" sc="145,0,334,0,265,-116,236,136" owari="145,-35.5,334,13.4,149,-25.1,372,47.2" /></mjloggm>