<mjloggm ver="2.3"><GO type="225" lobby="0"/><UN n0="%E3%81%BF%E3%81%BF%E3%81%9A" n1="%65%2D%73%65%70%65%6E%3B" n2="%E3%83%AB%E3%83%9B%E3%83%B3%E3%83%87%E3%82%A3%E3%82%A8" n3="%E3%81%82%E3%81%99%E3%81%AA%E3%82%8D%E3%83%A9%E3%82%A4%E3%83%80%E3%83%BC" dan="16,16,17,16" rate="2171.18,2145.62,2189.03,2148.33" sx="M,M,M,M"/><TAIKYOKU oya="0"/><INIT seed="0,0,0,1,5,111" ten="250,250,250,250" oya="0" hai0="18,25,79,115,59,38,97,122,113,5,84,70,32" hai1="19,11,65,74,43,135,48,13,106,110,50,134,33" hai2="96,120,4,28,54,92,66,27,2,60,116,73,6" hai3="129,99,91,127,119,51,67,105,36,53,90,124,12"/><T47/><D122/><U49/><E74/><V103/><F73/><W75/><G119/><T94/><D70/><U109/><E106/><V17/><F120/><W56/><G129/><T55/><D5/><U126/><E33/><V104/><F116/><W100/><G75/><T123/><D123/><U22/><E126/><N who="3" m="48170" /><G36/><T23/><D32/><U72/><E72/><V98/><F54/><W121/><G121/><T34/><D34/><U83/><E65/><V0/><F17/><W61/><G12/><T133/><D133/><N who="1" m="50699" /><E43/><V26/><F6/><W14/><G14/><T95/><D47/><AGARI ba="0,0" hai="47,51,53,56,61,67,90,91,99,100,105" m="48170" machi="47" ten="30,1000,0" yaku="18,1" doraHai="111" who="3" fromWho="0" sc="250,-10,250,0,250,0,250,10" /><INIT seed="1,0,0,2,3,125" ten="240,250,250,260" oya="1" hai0="57,70,99,36,60,93,22,68,44,91,95,120,85" hai1="7,88,110,28,35,58,76,122,16,40,96,26,0" hai2="30,56,74,81,62,46,124,65,73,78,97,45,19" hai3="130,32,9,112,107,61,42,1,23,82,63,101,14"/><U108/><E122/><V51/><F124/><W113/><G112/><T128/><D120/><U47/><E76/><V37/><F37/><W100/><G113/><T109/><D109/><N who="1" m="42091" /><E58/><V2/><F2/><W66/><G32/><T77/><D128/><U79/><E79/><V52/><F30/><W84/><G130/><T72/><D72/><U69/><E69/><V12/><F97/><W104/><G1/><T116/><D116/><U119/><E119/><V111/><F111/><W127/><G42/><T10/><D10/><N who="1" m="2407" /><E16/><V25/><F25/><W71/><G127/><T92/><D77/><U75/><E75/><V4/><F74/><W105/><G23/><T117/><D117/><U29/><E29/><V34/><F34/><W106/><N who="3" m="26624" /><DORA hai="134" /><W103/><G63/><T53/><D22/><U11/><E11/><V17/><F4/><W131/><G131/><T118/><D118/><U115/><E115/><V24/><F24/><W90/><REACH who="3" step="1"/><G103/><REACH who="3" ten="240,250,250,250" step="2"/><T87/><D70/><U121/><E121/><V80/><F62/><W6/><AGARI ba="0,1" hai="6,9,14,61,66,71,82,84,90,100,101" m="26624" machi="6" ten="60,7900,0" yaku="1,1,2,1,0,1,53,0" doraHai="125,134" doraHaiUra="31,39" who="3" fromWho="3" sc="240,-20,250,-39,250,-20,250,89" /><INIT seed="2,0,0,5,2,129" ten="220,211,230,339" oya="2" hai0="44,50,114,47,14,52,46,53,40,102,18,20,11" hai1="10,4,68,42,80,71,105,127,35,106,120,17,67" hai2="13,107,23,6,1,109,0,73,29,82,121,58,64" hai3="22,101,72,70,66,62,79,57,123,81,63,9,32"/><V27/><F107/><W41/><G123/><T83/><D114/><U24/><E120/><V76/><F121/><W117/><G32/><T77/><D102/><U124/><E42/><V75/><F75/><W61/><G117/><T94/><D94/><U54/><E54/><V91/><F91/><W119/><G119/><T2/><D2/><N who="1" m="279" /><E80/><V113/><F113/><W126/><G126/><N who="1" m="48170" /><E67/><V87/><F73/><W5/><G22/><T135/><D135/><U30/><E17/><V115/><F115/><W45/><G70/><AGARI ba="0,0" hai="24,30,35,68,70,71,105,106" m="48170,279" machi="70" ten="30,2000,0" yaku="18,1,23,1" doraHai="129" who="1" fromWho="3" sc="220,0,211,20,230,0,339,-20" /><INIT seed="3,0,0,5,1,86" ten="220,231,230,319" oya="3" hai0="107,128,42,9,40,108,14,73,78,33,130,5,132" hai1="134,48,104,50,94,7,12,17,85,41,103,65,93" hai2="39,6,109,99,118,81,91,11,0,47,95,34,44" hai3="38,110,26,102,111,10,121,57,115,8,74,52,124"/><W77/><G115/><T15/><D107/><U28/><E104/><V4/><F118/><W67/><G121/><T36/><D108/><N who="3" m="41513" /><G124/><T59/><D132/><U66/><E134/><V64/><F34/><W53/><G38/><T60/><D33/><U113/><E113/><V16/><F109/><W13/><G102/><T117/><D117/><U30/><E7/><V56/><F39/><W105/><G26/><T87/><D73/><U37/><E37/><V22/><F6/><N who="3" m="3223" /><G10/><T83/><D15/><U120/><E120/><V18/><F18/><W76/><G105/><T89/><D36/><U70/><E103/><V72/><F22/><W84/><G84/><N who="0" m="48247" /><D130/><U21/><E85/><V116/><F116/><W101/><G101/><T29/><D29/><U68/><E30/><V100/><F16/><W63/><G74/><T43/><D128/><U55/><E28/><V75/><F75/><W35/><G35/><T54/><D40/><U69/><E41/><V90/><F72/><W79/><AGARI ba="0,0" hai="52,53,57,63,67,76,77,79" m="3223,41513" machi="79" ten="30,6000,0" yaku="14,1,10,1,54,1" doraHai="86" who="3" fromWho="3" sc="220,-20,231,-20,230,-20,319,60" owari="200,-30.0,211,1.1,210,-19.0,379,47.9" /></mjloggm>