<mjloggm ver="2.3"><GO type="225" lobby="0"/><UN n0="%E3%82%A2%E3%83%9E%E3%83%9D%EF%BD%9E%EF%BD%9E%E3%83%A9" n1="%E3%81%95%E3%81%8D%E3%81%9F%E3%81%BE%E6%9E%97%E6%AA%8E" n2="%E3%81%9F%E3%81%93%E2%98%86%E7%84%BC%E3%81%8D" n3="%E3%81%A1%E3%82%85%E3%81%86%E3%81%A9%E3%81%8F%E8%B1%A1%E3%81%95%E3%82%93" dan="17,16,16,17" rate="2221.26,2055.03,2072.45,2204.62" sx="M,M,M,M"/><TAIKYOKU oya="0"/><INIT seed="0,0,0,3,4,68" ten="250,250,250,250" oya="0" hai0="5,108,99,118,41,22,15,35,2,62,57,128,25" hai1="23,43,67,21,37,117,95,93,18,51,115,101,98" hai2="113,81,132,49,33,24,102,60,52,72,19,3,66" hai3="65,36,53,27,46,40,80,130,7,88,96,42,70"/><T34/><D118/><U122/><E117/><V8/><F132/><W107/><G130/><T103/><D2/><U112/><E122/><V44/><F102/><W77/><G7/><T73/><D73/><U17/><E37/><V31/><F113/><N who="1" m="43593" /><E67/><V0/><F72/><W133/><G133/><T116/><D128/><U45/><E95/><V105/><F105/><W58/><G40/><T86/><D86/><U127/><E127/><V84/><F19/><AGARI ba="0,0" hai="17,18,19,21,23,43,45,51,93,98,101" m="43593" machi="19" ten="30,1000,0" yaku="11,1" doraHai="68" who="1" fromWho="2" sc="250,0,250,10,250,-10,250,0" /><INIT seed="1,0,0,3,4,36" ten="250,260,240,250" oya="1" hai0="81,117,61,129,87,47,108,57,44,30,40,114,34" hai1="66,111,94,100,3,84,14,105,125,1,67,109,31" hai2="134,110,106,102,51,95,22,2,15,9,77,65,93" hai3="63,82,89,101,86,48,0,112,4,10,80,97,21"/><U135/><E105/><V70/><F2/><W58/><G112/><T32/><D117/><U39/><E135/><V127/><F127/><W133/><G133/><T120/><D108/><N who="1" m="41547" /><E125/><V28/><F77/><W99/><G48/><T23/><D129/><U24/><E14/><V29/><F106/><W45/><G45/><T8/><D8/><U33/><E39/><V35/><F35/><W64/><G101/><T103/><D103/><U121/><E121/><V6/><F134/><W20/><REACH who="3" step="1"/><G82/><REACH who="3" ten="250,260,240,240" step="2"/><T69/><D47/><U98/><E84/><V68/><F51/><W60/><G60/><T18/><D61/><U131/><E131/><V107/><F102/><W91/><G91/><T19/><D44/><U123/><E123/><V52/><F110/><W92/><G92/><T75/><D81/><U12/><E12/><V46/><F95/><W88/><G88/><T90/><D90/><U5/><E3/><V49/><F93/><W116/><G116/><T104/><D114/><U132/><E132/><V113/><F107/><W126/><G126/><T55/><D104/><U73/><E73/><V7/><F113/><W128/><G128/><T76/><D75/><U115/><E115/><V27/><F70/><W16/><G16/><T119/><D119/><U43/><E1/><V78/><F78/><W37/><G37/><T59/><D76/><U17/><E17/><V130/><F130/><W62/><G62/><T83/><D18/><U79/><E79/><V72/><F72/><W56/><G56/><N who="0" m="21579" /><D19/><U53/><E100/><V13/><F68/><W26/><G26/><T71/><D71/><RYUUKYOKU ba="0,1" sc="250,-10,260,-10,240,-10,240,30" hai3="0,4,10,20,21,58,63,64,80,86,89,97,99" /><INIT seed="2,1,1,1,0,53" ten="240,250,230,270" oya="2" hai0="100,73,103,1,92,69,107,39,51,50,128,109,108" hai1="95,40,78,130,86,133,113,22,98,80,59,41,13" hai2="31,102,2,4,24,101,77,36,33,6,124,88,38" hai3="127,123,0,47,30,5,131,97,44,46,12,135,81"/><V76/><F124/><W15/><G123/><T11/><D128/><U28/><E130/><V70/><F70/><W126/><G131/><T104/><D73/><U25/><E133/><V90/><F2/><W67/><G135/><T118/><D39/><U29/><E113/><V111/><F111/><N who="0" m="42570" /><D69/><U57/><E29/><V45/><F45/><W64/><G30/><T10/><D92/><U9/><E41/><V96/><F31/><W105/><G81/><T20/><D20/><U93/><E40/><V65/><F65/><N who="3" m="25163" /><G0/><T60/><D60/><U43/><E43/><V94/><F24/><W14/><G5/><T61/><D61/><U106/><E106/><N who="0" m="40489" /><D1/><U49/><E49/><N who="0" m="18441" /><D118/><U21/><E21/><V110/><F94/><N who="1" m="35849" /><E98/><V99/><REACH who="2" step="1"/><F110/><REACH who="2" ten="240,250,220,270" step="2"/><W55/><G105/><T85/><D85/><U63/><E63/><V26/><F26/><W132/><G127/><T23/><D23/><U16/><AGARI ba="1,2" hai="9,13,16,22,25,28,57,59,78,80,86" m="35849" machi="16" ten="30,7900,0" yaku="8,1,52,2,54,1" doraHai="53" who="1" fromWho="1" sc="240,-21,250,102,220,-40,270,-21" /><INIT seed="3,0,0,4,0,17" ten="219,352,180,249" oya="3" hai0="124,29,60,41,3,122,133,62,47,70,66,72,0" hai1="12,2,22,53,26,93,81,37,69,14,126,57,59" hai2="121,43,39,15,83,118,134,80,36,38,97,130,78" hai3="6,79,131,95,52,11,48,100,127,16,55,44,109"/><W50/><G131/><T32/><D122/><U98/><E69/><V88/><F118/><W58/><G127/><T76/><D133/><U64/><E2/><V82/><F130/><W27/><G109/><T1/><D62/><N who="1" m="37967" /><E37/><V77/><F134/><W51/><G51/><T107/><D107/><U23/><E23/><V113/><F121/><W86/><G79/><T92/><D92/><U91/><E81/><V115/><F43/><W49/><G49/><T67/><D67/><U34/><E34/><V18/><F97/><N who="3" m="59455" /><G86/><T56/><D56/><U68/><E68/><V73/><F88/><W119/><G119/><T99/><D99/><U96/><E96/><V65/><F65/><W7/><G11/><T110/><D110/><U111/><E126/><V85/><REACH who="2" step="1"/><F82/><REACH who="2" ten="219,352,170,249" step="2"/><W45/><G58/><T106/><D41/><U112/><E111/><V128/><F128/><W116/><G116/><T132/><D124/><U103/><E112/><V10/><AGARI ba="0,1" hai="10,15,18,36,38,39,73,77,78,80,83,85,113,115" machi="10" ten="30,2000,0" yaku="1,1,0,1,53,0" doraHai="17" doraHaiUra="117" who="2" fromWho="2" sc="219,-5,352,-5,170,30,249,-10" owari="214,-18.6,347,44.7,200,-30.0,239,3.9" /></mjloggm>