<mjloggm ver="2.3"><GO type="225" lobby="0"/><UN n0="%E3%81%BF%E3%81%BF%E3%81%9A" n1="%E5%A4%9C%E3%81%AE%E3%82%AC%E3%82%B9%E3%83%91%E3%83%BC%E3%83%AB" n2="%E3%81%8B%E3%82%8F%E3%81%A1%E3%82%83%E3%82%93%35%38" n3="%E9%B3%B3%E6%9D%B1%E3%81%AE%E3%81%86%E3%81%95%E3%81%8E%E3%81%95%E3%82%93" dan="16,16,16,17" rate="2139.14,2125.50,2168.63,2272.64" sx="M,M,M,M"/><TAIKYOKU oya="0"/><INIT seed="0,0,0,4,2,63" ten="250,250,250,250" oya="0" hai0="34,58,128,123,85,91,131,31,1,50,116,76,12" hai1="84,8,64,129,127,38,41,95,102,70,40,113,99" hai2="20,28,68,21,104,77,54,52,61,59,81,32,47" hai3="13,89,15,66,96,90,48,119,37,103,79,73,114"/><T26/><D116/><U2/><E127/><V71/><F104/><W23/><G37/><T107/><D123/><U125/><E125/><V80/><F32/><W14/><G119/><T87/><D1/><U83/><E129/><N who="0" m="49737" /><D107/><U35/><E35/><V51/><F80/><W19/><G114/><T86/><D76/><U78/><E113/><V132/><F132/><W101/><G73/><T49/><D12/><U133/><E133/><V109/><F109/><W46/><G79/><T115/><D115/><U24/><E38/><V65/><F28/><W17/><G66/><T100/><D100/><N who="3" m="38473" /><G96/><T44/><D58/><U67/><E24/><V74/><REACH who="2" step="1"/><F68/><REACH who="2" ten="250,250,240,250" step="2"/><W11/><G13/><T6/><D6/><U5/><REACH who="1" step="1"/><E70/><REACH who="1" ten="250,240,240,250" step="2"/><V10/><F10/><W29/><G29/><T111/><D111/><U97/><E97/><V9/><F9/><W62/><G62/><AGARI ba="0,2" hai="20,21,47,51,52,54,59,61,62,65,71,74,77,81" machi="62" ten="30,7700,0" yaku="1,1,7,1,52,1,54,1,53,0" doraHai="63" doraHaiUra="117" who="2" fromWho="3" sc="250,0,240,0,240,97,250,-77" /><INIT seed="1,0,0,3,3,68" ten="250,240,337,173" oya="1" hai0="51,39,132,64,84,78,90,40,125,14,56,63,2" hai1="26,43,96,24,25,104,73,33,72,128,92,6,13" hai2="29,55,48,35,131,102,120,129,88,30,110,9,58" hai3="71,76,27,121,80,32,28,135,97,119,109,31,45"/><U87/><E128/><N who="2" m="49227" /><F120/><W49/><G135/><T95/><D2/><U100/><E33/><V0/><F110/><W1/><G109/><T53/><D132/><U75/><E43/><V16/><F35/><W10/><G121/><T36/><D125/><U54/><E54/><V37/><F102/><W124/><G124/><T42/><D78/><U44/><E44/><V23/><F37/><W15/><G71/><T117/><D117/><U21/><E87/><V108/><F108/><W123/><G123/><T57/><D42/><U67/><E67/><V34/><F34/><W50/><G31/><T105/><D105/><U59/><E59/><V130/><F130/><W113/><G113/><T103/><D103/><U70/><E70/><V98/><F9/><W93/><G1/><T77/><D77/><U107/><REACH who="1" step="1"/><E6/><REACH who="1" ten="250,230,337,173" step="2"/><V69/><F69/><W85/><G119/><T5/><D40/><U122/><E122/><V66/><F66/><W133/><G133/><T7/><D7/><U112/><E112/><V74/><F74/><W116/><G116/><T62/><D62/><U18/><AGARI ba="0,1" hai="13,18,21,24,25,26,72,73,75,92,96,100,104,107" machi="18" ten="40,3900,0" yaku="1,1,0,1,53,0" doraHai="68" doraHaiUra="81" who="1" fromWho="1" sc="250,-13,230,49,337,-13,173,-13" /><INIT seed="1,1,0,4,0,83" ten="237,279,324,160" oya="1" hai0="108,23,113,1,78,114,48,27,119,120,50,22,127" hai1="100,75,72,115,55,122,7,92,58,10,17,42,33" hai2="8,130,59,5,79,64,40,19,66,94,126,125,31" hai3="84,128,41,32,74,47,106,24,96,49,30,118,52"/><U25/><E115/><V63/><F130/><W81/><G128/><T111/><D119/><U86/><E122/><V20/><F31/><W51/><G118/><T35/><D1/><U15/><E42/><V89/><F79/><W102/><G74/><T18/><D120/><U4/><E4/><V103/><F103/><W38/><G38/><T91/><D35/><U133/><E133/><V37/><F40/><W85/><REACH who="3" step="1"/><G81/><REACH who="3" ten="237,279,324,150" step="2"/><T123/><D123/><U101/><E75/><V93/><F37/><W62/><G62/><T9/><D114/><U54/><E72/><V6/><F63/><W105/><G105/><T99/><D113/><U12/><E33/><V2/><F125/><W3/><G3/><T57/><D127/><U90/><E25/><V43/><F126/><W65/><G65/><T76/><D27/><U21/><E55/><V134/><F64/><W0/><G0/><T44/><D108/><U117/><E117/><V61/><F66/><W95/><G95/><T70/><D111/><U28/><E28/><V112/><F93/><W104/><G104/><T36/><D36/><U135/><E135/><V39/><F94/><W13/><G13/><T129/><D129/><U45/><E45/><AGARI ba="1,1" hai="24,30,32,41,45,47,49,51,52,84,85,96,102,106" machi="45" ten="30,8000,1" yaku="1,1,7,1,52,2,54,1,53,0" doraHai="83" doraHaiUra="116" who="3" fromWho="1" sc="237,0,279,-83,324,0,150,93" /><INIT seed="2,0,0,0,2,71" ten="237,196,324,243" oya="2" hai0="43,64,31,72,116,134,91,125,21,69,78,83,113" hai1="90,130,42,41,135,92,93,37,0,35,67,38,26" hai2="22,4,132,29,87,107,76,89,20,123,120,133,51" hai3="50,77,129,47,45,14,52,85,2,81,70,84,53"/><V110/><F107/><W24/><G2/><T66/><D113/><U86/><E0/><V122/><F76/><W30/><G70/><T126/><D134/><N who="2" m="51818" /><F29/><W56/><G129/><T8/><D116/><U73/><E135/><V46/><F4/><W17/><G85/><T75/><D69/><U58/><E73/><V99/><F99/><W131/><G131/><T106/><D106/><U114/><E130/><V40/><F110/><W124/><G124/><N who="0" m="47723" /><D75/><U102/><E114/><V80/><AGARI ba="0,0" hai="20,22,40,46,51,80,87,89,120,122,123" m="51818" machi="80" ten="40,2100,0" yaku="20,1" doraHai="71" who="2" fromWho="2" sc="237,-7,196,-7,324,21,243,-7" /><INIT seed="2,1,0,1,1,75" ten="230,189,345,236" oya="2" hai0="62,57,0,94,17,21,37,131,90,39,7,128,24" hai1="122,33,27,29,97,58,83,105,64,132,129,114,23" hai2="74,98,11,99,135,102,108,5,16,3,103,56,40" hai3="113,100,95,31,76,111,119,80,30,28,67,70,123"/><V81/><F135/><W125/><G119/><T120/><D120/><U2/><E114/><V22/><F108/><W124/><G123/><T61/><D7/><U59/><E122/><V126/><F126/><N who="3" m="48747" /><G111/><T54/><D0/><U127/><E127/><V116/><F116/><W130/><G130/><N who="0" m="49707" /><D62/><U15/><E129/><V118/><F118/><W68/><G67/><T38/><D38/><U14/><E2/><V32/><F32/><W117/><G113/><T115/><D115/><U6/><E132/><V92/><F40/><W91/><G100/><T73/><D73/><U71/><E6/><V10/><F10/><W34/><G34/><T86/><AGARI ba="1,0" hai="17,21,24,37,39,54,57,61,86,90,94" m="49707" machi="86" ten="30,1100,0" yaku="19,1" doraHai="75" who="0" fromWho="0" sc="230,14,189,-4,345,-6,236,-4" /><INIT seed="3,0,0,4,5,99" ten="244,185,339,232" oya="3" hai0="65,30,42,53,72,124,80,115,132,68,36,98,103" hai1="94,26,131,35,49,117,134,135,58,52,1,55,77" hai2="4,70,79,39,133,109,86,108,21,74,63,104,91" hai3="44,82,129,81,12,87,76,37,16,29,64,46,113"/><W92/><G113/><T15/><D15/><U10/><E131/><V31/><F39/><W6/><G129/><T95/><D124/><U66/><E117/><V27/><F104/><W41/><G29/><T23/><D132/><U102/><E77/><V28/><F133/><N who="1" m="50697" /><E66/><N who="2" m="41311" /><F4/><W48/><G6/><T40/><D115/><U43/><E43/><V54/><F54/><W89/><G64/><T105/><D53/><N who="1" m="32047" /><E1/><V125/><F79/><W118/><G118/><T112/><D112/><U107/><E107/><V7/><F7/><W88/><G76/><T96/><D80/><U19/><E35/><V90/><F90/><W61/><G61/><T47/><D72/><U0/><E0/><V121/><F74/><W78/><G78/><T17/><D40/><U116/><E116/><V34/><F125/><W38/><G44/><T123/><D123/><U11/><E11/><V9/><F9/><W18/><G38/><T20/><D68/><U51/><E51/><V67/><F67/><W119/><G37/><T93/><D65/><U110/><E110/><N who="2" m="42603" /><F121/><W2/><G2/><T84/><D105/><U22/><E10/><V114/><F114/><W73/><G119/><T101/><D84/><U71/><E71/><V106/><F106/><W122/><G122/><T24/><D17/><N who="3" m="6761" /><G73/><T127/><D127/><U50/><E50/><V32/><F31/><W3/><G3/><T60/><D60/><U83/><E83/><AGARI ba="0,0" hai="21,27,28,32,34,83,86,91" m="42603,41311" machi="83" ten="30,1000,0" yaku="14,1" doraHai="99" who="2" fromWho="1" sc="244,0,185,-10,339,10,232,0" owari="244,4.4,175,-32.5,349,44.9,232,-16.8" /></mjloggm>