<mjloggm ver="2.3"><GO type="225" lobby="0"/><UN n0="%E6%B8%A9%E2%98%85%E6%83%85%E2%98%85%E6%8E%AA%E2%98%85%E7%BD%AE" n1="%E5%AF%82%E5%AF%9E%E3%82%AE%E3%83%8D%E3%82%B9%E3%83%93%E3%83%BC%E3%83%AB" n2="%E3%81%8B%E3%82%8F%E3%81%A1%E3%82%83%E3%82%93%35%38" n3="%E5%8F%AF%E5%85%90%E9%82%A3%E7%94%B1%E5%A4%9A" dan="16,16,16,16" rate="2131.11,2142.24,2117.14,2173.82" sx="M,M,M,F"/><TAIKYOKU oya="0"/><INIT seed="0,0,0,3,2,69" ten="250,250,250,250" oya="0" hai0="31,29,71,43,18,90,22,7,15,84,104,47,125" hai1="74,5,32,126,82,112,37,53,135,68,55,115,103" hai2="48,39,110,57,128,19,59,28,2,56,51,27,108" hai3="114,94,78,30,122,127,91,76,52,3,80,41,6"/><T11/><D125/><U21/><E32/><V118/><F2/><W107/><G107/><T65/><D104/><U70/><E126/><V12/><F128/><W85/><G127/><T0/><D65/><U35/><E35/><N who="2" m="20895" /><F39/><W75/><G114/><N who="1" m="43562" /><E103/><V1/><F1/><W97/><G122/><T23/><D71/><N who="1" m="27179" /><E135/><V58/><F58/><W25/><G41/><T119/><D23/><U92/><E5/><V95/><F95/><W49/><G3/><T10/><D22/><U113/><E113/><V105/><F105/><W102/><G6/><T73/><D73/><U106/><E106/><V13/><F118/><W129/><G129/><T54/><D119/><U123/><E123/><V34/><F34/><W130/><G130/><T120/><D120/><U44/><E92/><V83/><F83/><W100/><G100/><T77/><D77/><N who="1" m="44343" /><E21/><N who="2" m="11495" /><F13/><W111/><G75/><T116/><D116/><U81/><E81/><V16/><F16/><W50/><G25/><T99/><D31/><U63/><E63/><V98/><F98/><W24/><G24/><T96/><D29/><U87/><E87/><V67/><F67/><W60/><G30/><T101/><D101/><U14/><E14/><V134/><F134/><W79/><G60/><T46/><D84/><U26/><E26/><V109/><AGARI ba="0,0" hai="48,51,56,57,59,108,109,110" m="11495,20895" machi="109" ten="40,1500,0" yaku="14,1" doraHai="69" who="2" fromWho="2" sc="250,-7,250,-4,250,15,250,-4" /><INIT seed="1,0,0,1,0,73" ten="243,246,265,246" oya="1" hai0="79,47,44,110,118,28,116,67,6,105,29,37,57" hai1="5,84,52,41,81,111,132,92,121,61,94,31,9" hai2="83,91,76,13,123,64,87,23,112,56,93,16,62" hai3="11,36,46,18,10,124,19,74,71,86,45,69,48"/><U8/><E121/><V0/><F112/><W7/><G74/><T30/><D105/><U51/><E132/><V35/><F35/><W107/><G107/><T126/><D110/><U119/><E119/><V24/><F0/><W103/><G124/><T113/><D113/><U95/><E111/><V98/><REACH who="2" step="1"/><F123/><REACH who="2" ten="243,246,255,246" step="2"/><W97/><G36/><T14/><D37/><U58/><E31/><V4/><F4/><W134/><G7/><T115/><D115/><U101/><E5/><V90/><F90/><W109/><G109/><T131/><D126/><U120/><E120/><V78/><F78/><W20/><G134/><T128/><D79/><N who="1" m="46143" /><E101/><V66/><F66/><W65/><G65/><T133/><D133/><U85/><E85/><V99/><F99/><W59/><G86/><T34/><D34/><U43/><E43/><V22/><F22/><W102/><G20/><T63/><D118/><U122/><E122/><V129/><F129/><N who="0" m="49738" /><D116/><U55/><E41/><V2/><F2/><W33/><G33/><T12/><D6/><U15/><E15/><AGARI ba="0,1" hai="13,15,16,23,24,56,62,64,76,83,87,91,93,98" machi="15" ten="40,8000,1" yaku="1,1,8,1,52,1,54,1,53,0" doraHai="73" doraHaiUra="27" who="2" fromWho="1" sc="243,0,246,-80,255,90,246,0" /><AGARI ba="0,0" hai="12,14,15,28,29,30,44,47,57,63,67" m="49738" machi="15" ten="30,1000,0" yaku="19,1" doraHai="73" who="0" fromWho="1" sc="243,10,166,-10,345,0,246,0" /><INIT seed="2,0,0,4,2,51" ten="253,156,345,246" oya="2" hai0="71,72,7,38,134,11,87,98,46,32,13,22,122" hai1="53,25,105,132,73,107,57,95,65,112,33,104,8" hai2="49,79,64,101,133,77,56,17,60,90,96,50,66" hai3="41,61,123,120,82,67,10,131,30,91,14,34,78"/><V89/><F133/><W4/><G131/><T2/><D122/><U35/><E132/><V74/><F17/><W81/><G41/><T58/><D134/><U92/><E112/><V114/><F114/><W44/><G44/><T97/><D71/><U36/><E73/><V99/><F74/><W1/><G14/><T86/><D32/><U20/><E36/><V84/><F101/><W130/><G130/><T40/><D58/><U69/><E8/><V29/><F29/><W121/><G91/><T109/><D109/><U108/><E108/><V52/><F50/><W26/><REACH who="3" step="1"/><G78/><REACH who="3" ten="253,156,345,236" step="2"/><T100/><D13/><U70/><E35/><V116/><F90/><W80/><G80/><T126/><D46/><U63/><E33/><V119/><F79/><W37/><G37/><T55/><D40/><U48/><REACH who="1" step="1"/><E70/><AGARI ba="0,1" hai="1,4,10,26,30,34,61,67,70,81,82,120,121,123" machi="70" ten="40,1300,0" yaku="1,1,53,0" doraHai="51" doraHaiUra="19" who="3" fromWho="1" sc="253,0,156,-13,345,0,236,23" /><INIT seed="3,0,0,2,5,74" ten="253,143,345,259" oya="3" hai0="2,118,102,128,108,47,33,103,130,28,119,6,121" hai1="63,116,124,77,127,60,48,11,66,53,117,59,13" hai2="122,92,133,1,44,31,112,113,18,84,83,42,29" hai3="41,69,14,25,125,95,71,43,7,98,8,9,24"/><W57/><G125/><N who="1" m="48202" /><E13/><V72/><F72/><W17/><G69/><T40/><D121/><U55/><E11/><V61/><F1/><W132/><G71/><T104/><D108/><U56/><E77/><V107/><F107/><W82/><G132/><T12/><D12/><U35/><E35/><V96/><F29/><W39/><G57/><T135/><D135/><U15/><E15/><V36/><F133/><W99/><G82/><T73/><D73/><U49/><E66/><V94/><F94/><W100/><G39/><N who="0" m="21919" /><D28/><U23/><E23/><V21/><F31/><W19/><G7/><T16/><D16/><U93/><E93/><V68/><F18/><W3/><G3/><T88/><D33/><U52/><E55/><V120/><F21/><W109/><G14/><T126/><D126/><U65/><E65/><N who="2" m="41007" /><F92/><W97/><G97/><N who="0" m="61519" /><D6/><U85/><E85/><V32/><F96/><W4/><G95/><T46/><D103/><U89/><E89/><N who="2" m="51359" /><F32/><W58/><G4/><T87/><D88/><U38/><E38/><V123/><AGARI ba="0,0" hai="36,42,44,112,113,120,122,123" m="51359,41007" machi="123" ten="30,1100,0" yaku="13,1" doraHai="74" who="2" fromWho="2" sc="253,-3,143,-3,345,11,259,-5" owari="250,-15.0,140,-36.0,356,45.6,254,5.4" /></mjloggm>