<mjloggm ver="2.3"><GO type="225" lobby="0"/><UN n0="%E3%81%99%E3%81%84%E3%81%BE%E3%81%9B%E3%83%BC%E3%82%93" n1="%45%6C%79%73%69%75%6D" n2="%41%54%53%4D" n3="%47%48%4F%53%54" dan="16,18,16,17" rate="2163.73,2160.20,2080.07,2223.48" sx="M,F,M,M"/><TAIKYOKU oya="0"/><INIT seed="0,0,0,5,4,96" ten="250,250,250,250" oya="0" hai0="44,105,39,49,92,25,71,73,114,119,110,31,16" hai1="99,90,121,75,27,134,21,36,74,107,123,67,112" hai2="3,2,13,41,58,127,129,124,52,63,88,101,57" hai3="22,18,33,62,103,35,5,70,106,64,66,12,65"/><T128/><D105/><U85/><E36/><V93/><F129/><W131/><G131/><T51/><D128/><U94/><E67/><V29/><F41/><W55/><G5/><T68/><D114/><U1/><E1/><V98/><F29/><W37/><G37/><T23/><D119/><U135/><E21/><V61/><F13/><W72/><G72/><N who="1" m="27690" /><E27/><V133/><F133/><N who="1" m="50697" /><E112/><V7/><F7/><W17/><G17/><T91/><D73/><U102/><AGARI ba="0,0" hai="85,90,94,99,102,107,121,123" m="50697,27690" machi="102" ten="40,8000,1" yaku="20,1,34,2,52,1" doraHai="96" who="1" fromWho="1" sc="250,-40,250,80,250,-20,250,-20" /><INIT seed="1,0,0,1,4,134" ten="210,330,230,230" oya="1" hai0="97,30,6,72,54,88,10,13,55,99,61,106,37" hai1="4,128,71,59,17,119,76,34,29,81,110,67,45" hai2="85,91,126,92,122,117,131,8,26,66,115,47,22" hai3="133,103,24,53,40,25,49,60,114,98,127,48,130"/><U135/><E119/><V79/><F117/><W132/><G114/><T102/><D37/><U62/><E128/><V124/><F131/><W51/><G130/><T21/><D72/><U38/><E135/><N who="3" m="51786" /><G40/><T104/><D61/><U73/><E17/><V77/><F115/><W27/><G60/><T112/><D112/><U68/><E4/><V109/><F122/><W107/><G127/><N who="2" m="48681" /><F109/><W35/><G35/><T89/><D106/><U12/><E34/><V64/><F47/><AGARI ba="0,0" hai="24,25,27,47,48,49,51,53,98,103,107" m="51786" machi="47" ten="30,1000,0" yaku="20,1" doraHai="134" who="3" fromWho="2" sc="210,0,330,0,230,-10,230,10" /><INIT seed="2,0,0,0,4,71" ten="210,330,220,240" oya="2" hai0="133,118,60,109,48,124,21,4,130,53,126,79,64" hai1="99,123,6,90,5,19,132,89,39,127,7,97,129" hai2="96,52,69,63,11,38,31,25,131,17,120,49,125" hai3="9,128,15,122,28,42,26,35,88,2,115,44,50"/><V3/><F120/><W112/><G122/><T76/><D109/><U85/><E123/><V100/><F125/><N who="0" m="48234" /><D133/><U93/><E39/><V103/><F131/><W94/><G128/><T91/><D130/><U0/><E0/><V29/><F38/><W73/><G73/><T13/><D118/><U57/><E132/><V83/><F83/><W10/><G2/><T111/><D91/><U114/><E114/><N who="3" m="43562" /><G15/><T1/><D1/><U59/><E127/><V116/><F116/><W47/><G44/><N who="0" m="27783" /><D111/><U20/><E129/><V18/><F100/><W45/><G45/><T46/><D46/><U107/><E107/><N who="2" m="63975" /><F29/><W12/><G12/><T65/><D65/><U8/><E8/><V110/><F110/><W81/><G81/><T98/><D98/><AGARI ba="0,0" hai="9,10,26,28,35,42,47,50,88,94,98" m="43562" machi="98" ten="30,2000,0" yaku="11,1,54,1" doraHai="71" who="3" fromWho="0" sc="210,-20,330,0,220,0,240,20" /><INIT seed="3,0,0,5,0,57" ten="190,330,220,260" oya="3" hai0="8,100,47,87,118,89,66,102,17,106,21,5,110" hai1="83,103,16,19,72,73,7,108,65,37,115,15,61" hai2="114,38,95,60,6,117,116,41,64,97,132,48,53" hai3="79,104,1,124,77,113,86,23,70,127,98,43,44"/><W99/><G113/><T51/><D118/><U76/><E37/><V12/><F114/><W30/><G1/><T27/><D110/><U45/><E45/><N who="2" m="23735" /><F132/><W111/><G70/><T24/><D24/><U59/><E73/><V55/><F12/><W32/><G32/><T29/><D106/><U71/><E108/><V14/><F14/><W96/><G104/><T31/><D66/><U75/><E75/><V121/><F6/><W88/><G23/><T2/><D102/><U35/><E35/><V101/><F121/><W67/><G30/><T126/><D100/><U130/><E130/><V52/><F95/><N who="3" m="54679" /><G67/><T134/><D134/><U33/><E33/><V105/><F97/><W22/><G22/><T58/><D58/><U129/><E129/><V11/><F11/><W123/><G123/><T36/><D36/><U92/><E115/><V94/><F94/><W18/><G18/><T120/><D120/><U42/><E7/><V74/><F74/><W133/><G133/><T78/><D78/><U131/><E131/><V128/><F128/><W4/><G111/><T26/><D26/><U93/><E103/><V112/><F112/><W20/><G79/><T25/><D27/><U90/><E19/><V91/><F91/><W0/><G77/><T109/><D109/><U81/><E90/><V10/><F10/><W80/><G99/><T62/><D62/><U49/><E76/><V56/><F48/><W50/><G50/><T122/><D122/><U85/><E49/><V3/><F3/><W125/><G0/><T119/><D119/><N who="2" m="45642" /><F105/><W13/><G98/><T68/><D5/><RYUUKYOKU ba="0,0" sc="190,-10,330,-10,220,30,260,-10" hai2="52,53,55,56,60,64,101" owari="180,-32.0,320,42.0,250,5.0,250,-15.0" /></mjloggm>