<mjloggm ver="2.3"><GO type="225" lobby="0"/><UN n0="%E4%BA%95%E5%B8%AF" n1="%4C%4F%4C%49%54%41" n2="%E5%8D%A0%E3%81%84%E5%B8%AB%E8%A3%8F%E3%81%AA%E3%81%84%E3%81%97" n3="%E6%B8%A9%E2%98%85%E6%83%85%E2%98%85%E6%8E%AA%E2%98%85%E7%BD%AE" dan="16,16,17,18" rate="2033.18,2171.66,2174.77,2168.87" sx="M,F,M,M"/><TAIKYOKU oya="0"/><INIT seed="0,0,0,2,0,85" ten="250,250,250,250" oya="0" hai0="49,43,131,124,81,21,119,82,115,52,64,117,112" hai1="121,22,100,59,55,114,95,133,86,113,58,23,57" hai2="18,37,8,25,34,79,98,130,2,122,36,84,54" hai3="38,90,76,14,67,61,87,50,75,72,13,101,108"/><T27/><D124/><U66/><E121/><V11/><F122/><W48/><G38/><T3/><D3/><U62/><E133/><V7/><F130/><W71/><G108/><T96/><D131/><U78/><E78/><V12/><F98/><W102/><G76/><T56/><D96/><N who="1" m="59423" /><E86/><V41/><F41/><W80/><G102/><T123/><D123/><U104/><E104/><V17/><F54/><W94/><G101/><T15/><D15/><U125/><E125/><V26/><F34/><W39/><G39/><T1/><D1/><U24/><E24/><V120/><F120/><W44/><G50/><T45/><D64/><U35/><E35/><V107/><F107/><W93/><G93/><T118/><D115/><N who="1" m="44043" /><E55/><V116/><F25/><W126/><G126/><T5/><D5/><U47/><E47/><V31/><F116/><W99/><G99/><T68/><D68/><AGARI ba="0,0" hai="22,23,57,58,59,62,66,68" m="44043,59423" machi="68" ten="30,1000,0" yaku="11,1" doraHai="85" who="1" fromWho="0" sc="250,-10,250,10,250,0,250,0" /><INIT seed="1,0,0,2,2,32" ten="240,260,250,250" oya="1" hai0="19,43,103,112,109,72,101,70,74,68,17,126,64" hai1="91,60,81,107,9,129,62,51,77,28,86,97,133" hai2="37,13,61,108,78,114,67,88,31,98,50,104,21" hai3="106,123,75,56,35,24,34,87,125,122,59,30,100"/><U22/><E129/><V93/><F37/><W116/><G75/><T20/><D43/><U49/><E133/><V66/><F108/><W54/><G116/><T57/><D109/><U18/><E28/><V121/><F121/><W44/><G125/><T69/><D126/><U27/><E9/><V40/><F104/><W83/><G34/><T117/><D117/><U89/><E107/><V94/><F78/><W15/><G15/><T48/><D112/><U11/><E11/><V105/><F105/><W2/><G2/><T76/><D48/><N who="1" m="18507" /><E97/><V3/><F3/><W99/><G44/><T41/><D41/><U47/><E47/><N who="2" m="25959" /><F114/><W84/><G84/><T132/><D132/><U102/><E102/><N who="2" m="60751" /><F61/><AGARI ba="0,0" hai="18,22,27,60,61,62,77,81,86,89,91" m="18507" machi="61" ten="30,1500,0" yaku="8,1" doraHai="32" who="1" fromWho="2" sc="240,0,260,15,250,-15,250,0" /><INIT seed="1,1,0,3,2,81" ten="240,275,235,250" oya="1" hai0="15,90,40,41,62,50,89,69,91,52,11,48,38" hai1="68,14,119,92,2,18,73,5,125,75,64,87,72" hai2="76,83,47,44,80,114,88,43,129,0,133,98,99" hai3="21,25,106,94,130,37,77,120,97,26,19,54,60"/><U100/><E119/><V31/><F0/><W117/><G120/><T132/><D132/><U32/><E32/><V108/><F108/><W67/><G117/><T34/><D34/><U12/><E2/><V82/><F133/><W85/><G130/><T61/><D38/><U96/><E125/><V56/><F129/><W42/><G106/><T39/><D39/><U27/><E68/><V110/><F110/><W17/><G42/><T55/><D69/><U128/><E64/><V57/><F114/><W4/><G4/><T79/><D79/><U45/><E128/><V10/><F10/><W7/><G7/><T70/><D70/><U33/><E5/><V135/><F135/><W20/><G37/><T29/><D29/><U86/><E45/><N who="2" m="17483" /><F43/><N who="0" m="16458" /><D15/><U24/><E12/><V28/><F76/><W131/><G131/><T113/><D11/><U65/><E65/><V51/><F51/><N who="0" m="19498" /><D113/><U78/><E78/><V104/><F104/><W123/><G123/><T109/><D109/><U23/><REACH who="1" step="1"/><E14/><REACH who="1" ten="240,265,235,250" step="2"/><V102/><F56/><N who="3" m="34839" /><G77/><T93/><D93/><U115/><E115/><V6/><F57/><W122/><G122/><T112/><D112/><U16/><E16/><V46/><F6/><W126/><G94/><T3/><D3/><U116/><E116/><V103/><F46/><W101/><G19/><T30/><D30/><AGARI ba="1,1" hai="18,23,24,27,30,33,72,73,75,86,87,92,96,100" machi="30" ten="40,7700,0" yaku="1,1,52,2,53,0" doraHai="81" doraHaiUra="58" who="1" fromWho="0" sc="240,-80,265,90,235,0,250,0" /><INIT seed="1,2,0,0,1,105" ten="160,355,235,250" oya="1" hai0="103,108,47,71,112,32,36,39,128,125,17,133,64" hai1="23,56,135,80,72,6,49,11,35,42,86,130,14" hai2="25,20,120,96,52,98,85,0,68,131,46,63,79" hai3="43,33,5,60,40,57,7,29,50,109,15,126,1"/><U73/><E35/><V4/><F120/><W21/><G109/><T117/><RYUUKYOKU type="yao9" ba="2,0" sc="160,0,355,0,235,0,250,0" hai0="17,32,36,39,47,64,71,103,108,112,117,125,128,133" /><INIT seed="1,3,0,5,4,79" ten="160,355,235,250" oya="1" hai0="55,9,131,34,112,12,125,134,68,116,45,52,28" hai1="66,123,76,14,114,91,15,13,8,62,128,56,97" hai2="121,115,113,42,90,25,133,40,3,27,130,53,49" hai3="110,73,132,105,80,35,11,89,127,23,100,19,30"/><U109/><E114/><N who="2" m="43531" /><F121/><W96/><G110/><T119/><D112/><U95/><E123/><V5/><F133/><W67/><G132/><T33/><D134/><U57/><E128/><V32/><F130/><W77/><G127/><T93/><D131/><U46/><E109/><V54/><F32/><W31/><G35/><T38/><D125/><U43/><E76/><V82/><F5/><W6/><G67/><T75/><D68/><U65/><E57/><N who="2" m="32943" /><F3/><W71/><G71/><T39/><D75/><U22/><E22/><V10/><F54/><W37/><G37/><T0/><D93/><U117/><E117/><V41/><F10/><W99/><G11/><T26/><D0/><U61/><E61/><V78/><F90/><W135/><G6/><T36/><D34/><U94/><E65/><V84/><AGARI ba="3,0" hai="25,27,40,41,42,78,82,84" m="32943,43531" machi="84" ten="30,2000,0" yaku="11,1,52,1" doraHai="79" who="2" fromWho="2" sc="160,-8,355,-13,235,29,250,-8" /><INIT seed="2,0,0,3,4,16" ten="152,342,264,242" oya="2" hai0="126,15,102,113,33,120,40,34,76,132,85,115,127" hai1="122,80,78,23,68,116,64,36,101,53,87,103,56" hai2="47,65,6,27,94,20,69,26,48,89,60,82,79" hai3="117,114,35,24,86,106,83,14,37,10,91,88,51"/><V62/><F6/><W128/><G117/><T28/><D40/><U58/><E116/><V119/><F119/><W130/><G37/><T95/><D76/><U7/><E36/><V105/><F105/><W72/><G72/><T61/><D85/><U71/><E122/><V131/><F131/><N who="3" m="50219" /><G106/><T109/><D61/><N who="1" m="37927" /><E68/><V74/><F60/><W29/><G51/><T129/><D95/><U49/><E71/><V52/><REACH who="2" step="1"/><F20/><REACH who="2" ten="152,342,254,242" step="2"/><N who="3" m="15495" /><G114/><T45/><D115/><U18/><E7/><V9/><F9/><W22/><G35/><T32/><D113/><U90/><E78/><V70/><F70/><W99/><G22/><T92/><D129/><U81/><E80/><V1/><F1/><W66/><G66/><T41/><D34/><U110/><E110/><V84/><AGARI ba="0,1" hai="26,27,47,48,52,62,65,69,74,79,82,84,89,94" machi="84" ten="20,12000,1" yaku="1,1,0,1,7,1,54,1,53,1" doraHai="16" doraHaiUra="42" who="2" fromWho="2" sc="152,-40,342,-40,254,130,242,-40" /><INIT seed="2,1,0,0,3,105" ten="112,302,384,202" oya="2" hai0="57,123,126,15,31,37,127,130,114,20,80,128,5" hai1="87,60,111,8,69,65,89,64,6,70,41,84,96" hai2="26,78,54,72,109,45,28,10,113,97,11,2,117" hai3="110,56,61,62,93,125,107,23,16,21,1,36,92"/><V58/><F113/><W119/><G119/><T106/><D37/><U101/><E111/><V115/><F115/><W47/><G107/><T134/><D114/><U33/><E33/><V129/><F117/><W94/><G1/><T14/><D106/><U79/><E41/><V34/><F129/><N who="0" m="49770" /><D57/><U121/><E121/><V63/><F2/><W32/><G32/><T48/><D48/><U102/><E65/><V38/><F97/><W104/><G104/><T52/><D52/><U88/><E102/><V24/><F109/><W13/><G110/><T108/><D80/><U90/><E70/><V25/><F38/><W22/><G36/><T9/><D108/><U103/><E79/><V120/><F45/><W66/><G47/><T7/><D123/><U17/><E17/><V76/><F76/><W27/><G62/><T135/><D31/><U0/><REACH who="1" step="1"/><E103/><REACH who="1" ten="112,292,384,202" step="2"/><V59/><F120/><W39/><G66/><T42/><D42/><U74/><E74/><V85/><F72/><W131/><G131/><T116/><D116/><U75/><E75/><V122/><F122/><W82/><G39/><T44/><D44/><U86/><E86/><V4/><F85/><W49/><G56/><T133/><D7/><U98/><E98/><V40/><F4/><W18/><G18/><AGARI ba="1,1" hai="5,9,14,15,18,20,126,127,133,134,135" m="49770" machi="18" ten="40,12000,2" yaku="30,2,20,1,19,1,34,2" doraHai="105" who="0" fromWho="3" sc="112,133,292,0,384,0,202,-123" /><INIT seed="3,0,0,3,4,69" ten="245,292,384,79" oya="3" hai0="44,29,6,64,117,134,68,56,42,99,98,37,59" hai1="52,2,128,12,127,24,94,4,38,49,3,23,116" hai2="60,13,28,54,111,91,80,124,92,103,85,15,123" hai3="100,121,83,20,96,78,11,0,109,30,104,119,105"/><W87/><G119/><T9/><D117/><U107/><E107/><V51/><F111/><W41/><G121/><T39/><D134/><U86/><E116/><V93/><F123/><W132/><G132/><T18/><D29/><U34/><E34/><V126/><F28/><W5/><G109/><T66/><D18/><U61/><E38/><V70/><F60/><W108/><G108/><T63/><D39/><U101/><E127/><N who="2" m="48683" /><F70/><W113/><G113/><T71/><D71/><U16/><E61/><V47/><F103/><W27/><REACH who="3" step="1"/><G41/><REACH who="3" ten="245,292,384,69" step="2"/><T77/><D42/><U120/><E120/><V7/><F7/><W48/><G48/><T19/><D6/><U55/><E49/><V40/><F40/><W133/><G133/><T36/><D37/><U50/><E50/><V90/><F80/><W65/><G65/><T46/><D36/><U53/><E4/><V62/><F62/><W89/><G89/><T25/><D66/><U122/><E122/><V135/><F135/><W102/><G102/><T33/><D64/><U1/><E101/><V31/><F91/><W95/><AGARI ba="0,1" hai="0,5,11,20,27,30,78,83,87,95,96,100,104,105" machi="95" ten="20,7800,0" yaku="1,1,0,1,7,1,53,1" doraHai="69" doraHaiUra="82" who="3" fromWho="3" sc="245,-26,292,-26,384,-26,69,88" /><INIT seed="3,1,0,0,2,30" ten="219,266,358,157" oya="3" hai0="68,21,54,119,112,132,77,91,133,75,118,70,6" hai1="100,23,99,32,18,88,117,16,5,40,90,80,17" hai2="52,33,123,48,41,74,102,115,27,50,82,11,15" hai3="42,2,44,104,4,64,1,134,69,66,46,10,97"/><W0/><G134/><N who="0" m="51819" /><D112/><U92/><E32/><V124/><F115/><W108/><G108/><T38/><D38/><U116/><E5/><V93/><F124/><W73/><G73/><T3/><D91/><N who="1" m="34859" /><E80/><V45/><F33/><W96/><G104/><T39/><D21/><U58/><E40/><V122/><F27/><W61/><G66/><T109/><D54/><U47/><E47/><V36/><F82/><W72/><G72/><T131/><D131/><U8/><E8/><V94/><F36/><W81/><G81/><N who="0" m="45247" /><D39/><U25/><E58/><N who="2" m="33031" /><F102/><W125/><G125/><T87/><D87/><U86/><E86/><V51/><F51/><W107/><G46/><T130/><D130/><U128/><E128/><V57/><F57/><W114/><G114/><T19/><D19/><U84/><E84/><V63/><F63/><W98/><REACH who="3" step="1"/><G107/><REACH who="3" ten="219,266,358,147" step="2"/><T13/><D109/><U106/><E106/><V35/><F74/><W120/><G120/><T103/><D119/><AGARI ba="1,1" hai="16,17,18,23,25,92,99,100,116,117,119" m="34859" machi="119" ten="30,3900,0" yaku="12,1,54,2" doraHai="30" who="1" fromWho="0" sc="219,-42,266,52,358,0,147,0" owari="177,-22.3,318,11.8,358,45.8,147,-35.3" /></mjloggm>