<mjloggm ver="2.3"><GO type="225" lobby="0"/><UN n0="%E3%81%B5%E3%81%98%E3%81%8B%E3%81%A4" n1="%E3%80%93%E3%81%97%E3%83%BC%E3%82%89%E3%80%93" n2="%33%74%72%65%65" n3="%72%69%6F%75%63%68%61%6E" dan="17,16,16,16" rate="2204.00,2164.43,2165.68,2225.82" sx="M,M,F,M"/><TAIKYOKU oya="0"/><INIT seed="0,0,0,1,5,54" ten="250,250,250,250" oya="0" hai0="117,101,35,97,10,61,132,48,92,120,13,51,114" hai1="44,99,34,112,24,57,122,90,108,69,130,88,71" hai2="79,42,135,15,75,85,93,129,98,115,110,53,131" hai3="103,91,111,87,19,8,39,43,40,96,16,78,50"/><T126/><D117/><U124/><E122/><V45/><F115/><W9/><G111/><T76/><D120/><U7/><E108/><V105/><F110/><W11/><G39/><T72/><D114/><U17/><E112/><V38/><F135/><W33/><G33/><T55/><D132/><U100/><E7/><V26/><F26/><W29/><G29/><T106/><D35/><U58/><E69/><V113/><F113/><W125/><G78/><T23/><D23/><N who="1" m="13423" /><E71/><V14/><F75/><W0/><G0/><T128/><D128/><N who="2" m="49226" /><F105/><W64/><G125/><T6/><D126/><U22/><E34/><V21/><F21/><W46/><G64/><T104/><D61/><U65/><E124/><V32/><F32/><W30/><G30/><T49/><REACH who="0" step="1"/><D55/><REACH who="0" ten="240,250,250,250" step="2"/><U5/><E130/><V86/><F53/><W3/><G3/><T134/><D134/><U133/><E133/><V28/><F28/><W62/><G62/><T66/><D66/><U109/><E65/><V127/><F127/><W68/><G68/><T116/><D116/><U47/><E22/><V59/><F14/><W119/><G119/><T83/><AGARI ba="0,1" hai="6,10,13,48,49,51,72,76,83,92,97,101,104,106" machi="83" ten="30,3000,0" yaku="1,1,0,1,53,0" doraHai="54" doraHaiUra="56" who="0" fromWho="0" sc="240,40,250,-10,250,-10,250,-10" /><INIT seed="0,1,0,5,2,70" ten="280,240,240,240" oya="0" hai0="11,128,126,135,97,67,118,9,59,65,107,52,61" hai1="90,18,108,34,21,17,44,133,127,113,75,36,15" hai2="41,54,20,7,87,82,111,80,58,49,3,4,66" hai3="130,13,23,92,112,57,124,27,60,2,103,105,101"/><T1/><D118/><U32/><E75/><V122/><F122/><W120/><G112/><T56/><D126/><U40/><E127/><V16/><F111/><W88/><G124/><T39/><D135/><U76/><E76/><V24/><F3/><W22/><G2/><T89/><D128/><U0/><E0/><V91/><F66/><W10/><G105/><T123/><D123/><U6/><E6/><V132/><F132/><W55/><G130/><T73/><D73/><U50/><E108/><V63/><REACH who="2" step="1"/><F82/><REACH who="2" ten="280,240,230,240" step="2"/><W134/><G134/><T84/><D67/><U121/><E133/><V29/><F29/><N who="3" m="17655" /><G120/><T69/><D1/><U95/><E121/><V109/><F109/><W129/><G129/><T83/><D69/><U99/><E113/><V116/><F116/><W28/><G28/><T68/><D68/><U74/><E74/><V102/><F102/><W62/><G62/><T115/><D115/><U30/><E30/><V119/><F119/><W81/><G81/><T93/><D61/><U79/><E34/><V85/><F85/><N who="3" m="52239" /><G23/><T14/><D83/><U86/><E32/><V125/><F125/><W37/><G37/><T64/><D39/><U98/><E36/><V104/><F104/><W33/><G33/><T19/><D107/><U43/><E79/><V25/><F25/><W26/><G26/><T8/><D84/><U35/><E35/><V131/><F131/><W42/><G42/><T110/><D110/><U114/><E43/><V48/><F48/><W46/><G101/><T106/><D106/><U38/><E114/><V51/><F51/><W100/><G103/><RYUUKYOKU ba="1,1" sc="280,-10,240,-10,230,30,240,-10" hai2="4,7,16,20,24,41,49,54,58,63,80,87,91" /><INIT seed="1,2,1,4,0,22" ten="270,230,260,230" oya="1" hai0="37,26,16,105,90,94,98,129,99,69,95,124,112" hai1="113,70,8,111,130,41,7,134,48,53,5,46,132" hai2="84,80,92,50,15,66,56,0,10,19,12,81,24" hai3="54,120,115,60,67,87,42,63,30,106,88,117,89"/><U58/><E113/><V101/><F0/><W123/><G115/><T121/><D112/><U43/><E70/><V44/><F24/><W126/><G106/><T73/><D69/><U86/><E130/><V9/><F66/><W85/><G126/><T32/><D37/><U4/><E111/><V40/><F56/><W131/><G131/><T135/><D129/><U93/><E93/><V52/><F40/><W96/><G117/><T108/><D124/><U103/><E103/><V77/><F81/><W21/><G42/><T62/><D108/><U39/><E86/><N who="3" m="32778" /><G96/><T61/><D73/><U51/><E43/><V125/><F125/><W91/><G67/><T3/><D3/><U36/><REACH who="1" step="1"/><E8/><REACH who="1" ten="270,220,260,230" step="2"/><V33/><F92/><W102/><G102/><T114/><D114/><U38/><AGARI ba="2,2" hai="4,5,7,36,38,39,41,46,48,51,53,58,132,134" machi="38" ten="40,7800,0" yaku="1,1,2,1,0,1,53,0" doraHai="22" doraHaiUra="79" who="1" fromWho="1" sc="270,-28,220,104,260,-28,230,-28" /><INIT seed="1,3,0,2,4,110" ten="242,324,232,202" oya="1" hai0="54,89,20,124,31,45,88,16,128,91,33,5,17" hai1="121,99,12,34,106,11,18,130,28,129,98,8,40" hai2="86,62,21,123,39,42,44,19,131,58,85,66,10" hai3="25,61,56,92,116,14,55,87,102,112,57,70,52"/><U77/><E121/><V135/><F123/><W115/><G70/><T49/><D124/><U127/><E127/><V103/><F135/><W95/><G116/><T0/><D128/><N who="1" m="49259" /><E106/><V13/><F131/><W27/><G14/><T24/><REACH who="0" step="1"/><D33/><REACH who="0" ten="232,324,232,202" step="2"/><U83/><E34/><V36/><F36/><W67/><G67/><T73/><D73/><N who="1" m="43439" /><E28/><V22/><F103/><W32/><G32/><T79/><D79/><U120/><E120/><V46/><F46/><W108/><G108/><T1/><D1/><U76/><E76/><V133/><F133/><W59/><G102/><T4/><D4/><U2/><E40/><V104/><F104/><W71/><G71/><T30/><D30/><U47/><E47/><V65/><F65/><W118/><G118/><T60/><D60/><U119/><E119/><V84/><AGARI ba="3,1" hai="10,13,19,21,22,39,42,44,58,62,66,84,85,86" machi="84" ten="30,1100,0" yaku="0,1" doraHai="110" who="2" fromWho="2" sc="232,-6,324,-8,232,30,202,-6" /><INIT seed="2,0,0,3,5,22" ten="226,316,262,196" oya="2" hai0="26,111,20,110,100,95,113,63,57,77,115,48,108" hai1="62,50,80,73,19,38,25,118,45,56,70,11,44" hai2="30,36,76,130,51,135,23,123,61,87,37,89,13" hai3="49,0,125,3,65,96,107,55,74,8,5,117,78"/><V40/><F123/><W79/><G117/><T72/><D48/><U116/><E73/><V132/><F76/><W4/><G125/><T15/><D15/><U120/><E80/><V104/><F104/><W41/><G74/><T32/><D32/><U10/><E70/><V27/><F130/><W91/><G65/><T6/><D6/><U105/><E105/><V98/><F98/><W60/><G60/><T29/><D72/><U133/><E133/><N who="2" m="51275" /><F61/><W102/><G41/><T84/><D77/><U1/><E120/><V24/><F13/><W103/><G103/><T9/><D9/><U83/><E11/><V52/><F27/><W68/><G68/><T131/><D131/><U94/><E25/><V39/><F40/><W14/><G4/><T64/><D84/><U12/><E12/><V124/><F124/><W54/><G91/><T128/><D128/><U21/><E62/><V18/><F30/><W121/><G121/><T2/><D2/><U127/><E1/><V109/><F109/><W85/><G78/><T92/><REACH who="0" step="1"/><D100/><REACH who="0" ten="216,316,262,196" step="2"/><U17/><E50/><V75/><F75/><W59/><REACH who="3" step="1"/><G54/><REACH who="3" ten="216,316,262,186" step="2"/><T31/><D31/><U81/><E127/><V46/><F37/><W119/><G119/><T43/><D43/><U69/><E38/><V101/><F101/><W71/><G71/><T122/><D122/><U114/><E118/><V67/><F36/><W16/><G16/><T28/><D28/><U82/><E19/><V42/><F39/><W34/><G34/><T134/><D134/><U47/><E116/><V86/><F18/><W93/><G93/><AGARI ba="0,2" hai="20,26,29,57,63,64,92,93,95,108,110,111,113,115" machi="93" ten="40,12000,2" yaku="1,1,14,1,52,1,53,3" doraHai="22" doraHaiUra="90" who="0" fromWho="3" sc="216,140,316,0,262,0,186,-120" /><INIT seed="3,0,0,5,2,64" ten="356,316,262,66" oya="3" hai0="37,110,48,43,128,7,114,62,6,67,20,98,5" hai1="135,72,83,42,39,65,51,80,94,70,57,2,31" hai2="19,133,85,26,79,45,88,22,73,17,53,52,84" hai3="122,76,27,4,33,105,86,87,3,109,113,77,121"/><W89/><G113/><T75/><D114/><U99/><E2/><V100/><F133/><W40/><G105/><T104/><D75/><U132/><E31/><V35/><F35/><W127/><G40/><T92/><D104/><U1/><E1/><V60/><F73/><W69/><G69/><T8/><D128/><U16/><E72/><V93/><F100/><W32/><G3/><T44/><D110/><U11/><E39/><V49/><F17/><W97/><G4/><T101/><D20/><U106/><E106/><V66/><F53/><W56/><G56/><N who="0" m="37319" /><D37/><U129/><E129/><V107/><F107/><W120/><G27/><T91/><D101/><N who="1" m="60663" /><E57/><V9/><F9/><AGARI ba="0,0" hai="5,6,7,8,9,43,44,48,91,92,98" m="37319" machi="9" ten="30,1000,0" yaku="8,1" doraHai="64" who="0" fromWho="2" sc="356,10,316,0,262,-10,66,0" owari="366,46.6,316,11.6,252,-14.8,66,-43.4" /></mjloggm>