<mjloggm ver="2.3"><GO type="225" lobby="0"/><UN n0="%E3%83%A9%E3%83%96%E3%83%AC%E3%83%BC" n1="%E5%B0%8F%E9%B3%A5%E9%81%8A%E7%B7%B4%E7%84%A1%32%31%E6%AD%B3" n2="%E6%9D%B1%E9%A2%A8%E3%81%AE%E3%81%8D%E3%82%83%E3%81%B7%E3%81%95%E3%82%93" n3="%72%65%6E%6B%75%6E" dan="17,16,17,17" rate="2132.57,2150.84,2259.95,2219.15" sx="M,F,M,M"/><TAIKYOKU oya="0"/><INIT seed="0,0,0,1,2,8" ten="250,250,250,250" oya="0" hai0="76,63,29,17,51,43,75,23,39,22,82,125,14" hai1="112,2,53,59,44,66,16,133,86,89,80,71,65" hai2="33,88,106,83,124,74,108,92,58,84,123,105,103" hai3="30,79,20,19,68,50,61,119,102,131,46,127,117"/><T122/><D122/><U109/><E133/><V69/><F69/><W57/><G127/><T128/><D125/><U94/><E109/><V129/><F124/><W47/><G131/><T113/><D113/><U126/><E126/><V118/><F33/><W99/><G68/><T104/><D104/><N who="2" m="40042" /><F58/><W110/><G110/><T114/><D114/><U81/><E112/><V11/><F11/><W67/><G79/><T36/><D128/><U78/><E2/><V116/><F129/><W101/><G30/><T52/><D63/><U45/><E71/><V41/><F41/><W70/><G70/><T25/><REACH who="0" step="1"/><D43/><REACH who="0" ten="240,250,250,250" step="2"/><U34/><E34/><V9/><F123/><W48/><G117/><N who="2" m="45161" /><F108/><W4/><G119/><T54/><D54/><U28/><E53/><V1/><F1/><W62/><G67/><T35/><D35/><U0/><E66/><V85/><F9/><W120/><G120/><T49/><D49/><U15/><E65/><V5/><F5/><W121/><G121/><T98/><D98/><U32/><E0/><V132/><F132/><W55/><G99/><T12/><D12/><U97/><E32/><V87/><F103/><N who="3" m="39435" /><G4/><T115/><D115/><U91/><E97/><V90/><F90/><W26/><G62/><T27/><D27/><U93/><E91/><V135/><F135/><W31/><G61/><T37/><D37/><U134/><E89/><V77/><AGARI ba="0,1" hai="74,77,83,84,85,87,88,92" m="45161,40042" machi="77" ten="40,8000,1" yaku="12,1,34,2,54,1" doraHai="8" who="2" fromWho="2" sc="240,-40,250,-20,250,90,250,-20" /><INIT seed="1,0,0,5,3,22" ten="200,230,340,230" oya="1" hai0="29,14,9,124,50,24,74,56,116,62,87,89,51" hai1="131,98,86,126,109,19,34,10,78,107,54,0,111" hai2="83,80,129,121,105,38,120,101,27,69,65,122,21" hai3="4,125,13,25,16,53,49,96,18,6,64,17,48"/><U93/><E107/><V75/><F38/><W91/><G125/><T100/><D124/><U43/><E126/><V118/><F75/><W61/><G96/><T81/><D116/><U35/><E43/><V45/><F45/><W104/><G104/><T108/><D74/><U12/><E0/><V103/><F129/><W42/><G42/><T113/><D113/><U72/><E72/><V8/><F8/><N who="3" m="4231" /><G6/><T73/><D100/><U90/><E131/><V66/><F118/><W123/><G91/><T57/><D108/><N who="1" m="41547" /><E54/><V114/><F114/><W55/><G123/><T132/><D132/><U67/><E67/><V85/><F105/><W71/><G71/><T127/><D73/><U36/><E36/><V63/><F66/><W31/><G64/><T41/><D127/><U11/><E11/><V1/><F1/><W82/><G82/><AGARI ba="0,0" hai="10,12,19,34,35,78,82,86,90,93,98" m="41547" machi="82" ten="30,2900,0" yaku="14,1,10,1" doraHai="22" who="1" fromWho="3" sc="200,0,230,29,340,0,230,-29" /><INIT seed="1,1,0,3,3,78" ten="200,259,340,201" oya="1" hai0="24,74,62,49,113,11,93,135,3,123,50,29,111" hai1="122,57,108,61,105,125,103,2,44,72,89,45,15" hai2="131,27,25,54,124,68,128,80,95,67,117,53,85" hai3="121,40,36,79,35,48,88,100,94,106,14,6,133"/><U81/><E122/><V112/><F95/><W34/><G36/><T1/><D113/><U107/><E2/><V12/><F12/><W118/><G121/><T22/><D123/><U4/><E125/><V86/><F86/><W84/><G133/><T132/><D74/><U130/><E130/><V38/><F38/><W75/><G118/><T13/><D111/><U51/><E44/><V60/><F117/><W83/><G40/><T52/><D62/><U73/><E108/><V90/><F112/><W116/><G48/><T96/><D50/><U127/><E127/><V37/><F37/><W126/><G116/><T21/><D21/><U32/><E32/><V99/><F99/><N who="3" m="61727" /><G126/><T70/><D70/><U33/><E33/><V0/><F0/><W20/><G20/><T98/><D98/><U115/><E115/><V65/><F65/><W58/><G58/><T119/><D119/><U31/><E107/><V42/><F42/><W63/><G63/><T66/><D66/><U92/><E105/><V19/><F124/><W109/><G109/><T101/><D135/><U18/><E103/><V30/><F19/><W56/><G56/><T28/><D28/><U71/><E31/><V17/><F17/><W120/><G120/><T110/><D110/><U43/><E71/><V77/><F30/><W91/><G91/><T87/><D132/><U9/><E18/><V41/><F90/><W82/><G83/><T104/><D104/><U7/><E7/><V76/><F41/><W97/><G97/><T114/><D114/><U23/><E23/><V55/><F128/><W5/><G5/><RYUUKYOKU ba="1,0" sc="200,-10,259,-10,340,-10,201,30" hai3="6,14,34,35,75,79,82,84,88,94" /><INIT seed="2,2,0,4,0,65" ten="190,249,330,231" oya="2" hai0="6,135,28,99,113,128,87,118,53,62,16,111,4" hai1="0,42,70,105,131,2,108,21,116,27,56,93,48" hai2="112,9,78,82,57,103,38,54,47,110,83,95,119" hai3="31,43,64,60,35,39,133,44,124,91,18,5,69"/><V8/><F119/><W106/><G124/><T52/><D113/><U126/><E105/><V19/><F112/><W134/><G18/><T36/><D36/><U17/><E116/><V79/><F110/><W71/><G106/><T55/><D118/><U61/><E131/><V23/><F38/><W132/><G5/><T59/><D128/><U115/><E115/><V89/><F47/><W92/><G31/><T14/><D111/><U58/><E108/><V122/><F103/><W34/><REACH who="3" step="1"/><G69/><REACH who="3" ten="190,249,330,221" step="2"/><T96/><D28/><U90/><E126/><V72/><F19/><W117/><G117/><T51/><D135/><U85/><E70/><V130/><F130/><W26/><G26/><T84/><D6/><U13/><E27/><V77/><F122/><W1/><G1/><T49/><D4/><U32/><E0/><V66/><F23/><W46/><G46/><N who="0" m="27703" /><D99/><AGARI ba="2,1" hai="34,35,39,43,44,60,64,71,91,92,99,132,133,134" machi="99" ten="40,5200,0" yaku="1,1,20,1,52,1,53,0" doraHai="65" doraHaiUra="10" who="3" fromWho="0" sc="190,-58,249,0,330,0,221,68" /><INIT seed="3,0,0,4,1,125" ten="132,249,330,289" oya="3" hai0="39,108,107,59,62,49,115,110,104,56,73,40,21" hai1="67,45,84,127,38,18,31,27,53,33,112,95,64" hai2="114,134,117,121,57,94,16,14,50,76,41,69,29" hai3="54,103,15,43,122,23,37,129,93,58,48,60,72"/><W13/><G72/><T2/><D73/><U75/><E75/><V68/><F117/><W32/><G32/><T74/><D74/><U47/><E112/><V123/><F29/><W42/><G122/><T3/><D49/><U7/><E7/><V6/><F6/><W17/><G37/><T118/><D21/><U71/><E127/><V65/><F76/><W26/><G129/><T126/><D126/><U87/><E71/><V70/><F94/><W92/><G92/><T113/><D62/><U11/><E38/><V88/><F88/><W51/><G51/><T12/><D39/><U91/><E84/><V85/><F85/><W99/><REACH who="3" step="1"/><G42/><REACH who="3" ten="132,249,330,279" step="2"/><T20/><D20/><U44/><E33/><V98/><F41/><W116/><G116/><T83/><D40/><U10/><E53/><N who="2" m="31927" /><F114/><W102/><G102/><T9/><D118/><U133/><E133/><V30/><F134/><W81/><G81/><T35/><D35/><U52/><E52/><V105/><F65/><W135/><G135/><T24/><D83/><U46/><E67/><V100/><F30/><W8/><G8/><T111/><D110/><U109/><E31/><V55/><F55/><W63/><G63/><T34/><D34/><U132/><E64/><V4/><F123/><W120/><G120/><T82/><D82/><U78/><E132/><V5/><F121/><W86/><G86/><T61/><D61/><U28/><E109/><V1/><F1/><W77/><G77/><T131/><D9/><N who="1" m="3083" /><E28/><V97/><F97/><W36/><G36/><T128/><D12/><U119/><E119/><V80/><F80/><RYUUKYOKU ba="0,1" sc="132,10,249,-30,330,10,279,10" hai0="2,3,24,56,59,104,107,108,111,113,115,128,131" hai2="4,5,14,16,68,69,70,98,100,105" hai3="13,15,17,23,26,43,48,54,58,60,93,99,103" /><INIT seed="3,1,1,4,5,98" ten="142,219,340,289" oya="3" hai0="113,24,93,126,8,130,70,111,118,105,75,65,115" hai1="63,53,48,40,67,69,12,121,85,56,122,119,71" hai2="52,90,61,68,36,0,134,17,78,41,92,112,73" hai3="101,97,86,21,120,16,116,83,117,62,18,64,82"/><W133/><G133/><T47/><D47/><N who="1" m="25703" /><E12/><V19/><F0/><W72/><G120/><N who="1" m="46186" /><E85/><V54/><F134/><W9/><G72/><T77/><D118/><U37/><E37/><V95/><F112/><W109/><G9/><T51/><D51/><N who="1" m="30783" /><E119/><V28/><F28/><W49/><G109/><T31/><D111/><U66/><E66/><V15/><F95/><N who="3" m="58559" /><G117/><T26/><D26/><U32/><E32/><V35/><F35/><W11/><G116/><T125/><D8/><U132/><E132/><V38/><F78/><N who="3" m="46423" /><G83/><T107/><D93/><U30/><E30/><V103/><F73/><W39/><G39/><T124/><D130/><U110/><E110/><V50/><F36/><W2/><G2/><T44/><D44/><U106/><E106/><V89/><F38/><W131/><G131/><T3/><D3/><U91/><E91/><V42/><F68/><AGARI ba="1,1" hai="63,67,68,69,71" m="30783,46186,25703" machi="68" ten="30,2000,0" yaku="34,2" doraHai="98" who="1" fromWho="2" sc="142,0,219,33,340,-23,289,0" owari="142,-35.8,252,-14.8,317,41.7,289,8.9" /></mjloggm>