<mjloggm ver="2.3"><GO type="225" lobby="0"/><UN n0="%E4%BA%95%E5%B8%AF" n1="%E3%81%86%E3%81%A9%E3%82%93%E3%81%93" n2="%E9%B3%B3%E6%9D%B1%E3%81%AE%E3%81%86%E3%81%95%E3%81%8E%E3%81%95%E3%82%93" n3="%4C%4F%4C%49%54%41" dan="16,16,17,16" rate="2049.61,2107.69,2241.20,2174.02" sx="M,M,M,F"/><TAIKYOKU oya="0"/><INIT seed="0,0,0,5,0,27" ten="250,250,250,250" oya="0" hai0="23,46,110,113,80,134,99,63,112,91,57,72,22" hai1="107,102,41,33,25,129,123,64,100,13,124,78,104" hai2="122,20,117,45,19,125,133,59,75,86,106,42,108" hai3="74,126,38,28,56,111,12,4,83,97,34,90,48"/><T98/><D134/><U17/><E123/><V120/><F75/><W79/><G38/><T18/><D110/><U93/><E129/><V130/><F130/><W76/><G111/><T94/><D99/><U81/><E124/><V49/><F108/><W62/><G126/><T118/><D118/><U44/><E64/><V37/><F125/><W66/><G74/><T21/><D46/><U109/><E109/><V127/><F127/><W84/><G97/><T96/><D96/><U70/><E70/><V16/><F106/><W2/><G2/><T50/><D50/><U1/><E1/><V135/><F86/><W121/><G121/><N who="2" m="46697" /><F20/><W0/><G0/><T61/><D61/><U58/><E58/><V67/><F117/><W29/><G48/><T54/><REACH who="0" step="1"/><D18/><REACH who="0" ten="240,250,250,250" step="2"/><U95/><E17/><V60/><F16/><W35/><G34/><T73/><D73/><U10/><E33/><V51/><F19/><W105/><G35/><T53/><D53/><U5/><E25/><V40/><F40/><W77/><G105/><T92/><D92/><N who="1" m="35403" /><E107/><V26/><F26/><W114/><G114/><T8/><D8/><AGARI ba="0,1" hai="4,8,12,28,29,56,62,66,76,77,79,83,84,90" machi="8" ten="40,5200,0" yaku="8,1,52,2" doraHai="27" who="3" fromWho="0" sc="240,-52,250,0,250,0,250,62" /><INIT seed="1,0,0,1,4,9" ten="188,250,250,312" oya="1" hai0="67,102,19,100,58,56,128,0,113,27,76,111,17" hai1="123,126,122,68,119,4,1,127,75,125,45,34,93" hai2="88,52,84,42,107,13,5,62,29,92,41,112,54" hai3="33,61,103,99,87,79,3,26,32,131,130,110,28"/><U134/><E75/><V101/><F112/><W38/><G3/><T83/><D113/><U120/><E68/><V47/><F29/><W132/><G38/><T59/><D0/><U30/><E45/><V97/><F62/><W11/><G110/><T135/><D111/><U117/><E93/><N who="2" m="54407" /><F107/><W60/><G132/><T2/><D2/><U95/><E95/><V108/><F108/><W94/><G32/><T23/><D128/><N who="3" m="49193" /><G11/><T46/><D135/><U53/><E53/><N who="2" m="20587" /><F47/><W124/><G124/><T6/><D67/><U24/><E134/><V48/><F48/><W20/><G33/><T51/><D6/><U90/><E90/><V22/><F5/><W37/><G37/><T72/><REACH who="0" step="1"/><D17/><AGARI ba="0,0" hai="13,17,22,41,42,92,97,101" m="20587,54407" machi="17" ten="30,7700,0" yaku="8,1,52,1,54,2" doraHai="9" who="2" fromWho="0" sc="188,-77,250,0,250,77,312,0" /><INIT seed="2,0,0,1,4,66" ten="111,250,327,312" oya="2" hai0="61,121,132,113,128,76,6,70,74,60,106,56,111" hai1="125,18,36,124,0,39,22,114,62,4,79,11,8" hai2="73,130,112,33,49,5,59,117,40,52,78,75,109" hai3="17,20,133,94,23,19,45,115,134,53,86,122,21"/><V77/><F112/><W46/><G122/><T12/><D6/><U103/><E114/><V55/><F117/><W27/><G115/><T95/><D12/><U65/><E79/><V116/><F116/><W67/><G67/><T118/><D95/><U29/><E8/><V51/><F33/><W2/><G2/><T96/><D76/><U83/><E83/><V92/><F130/><W25/><G21/><T123/><D96/><U32/><E103/><V131/><F131/><W24/><G25/><T16/><D16/><U37/><E29/><V42/><F5/><W47/><G53/><T63/><D106/><U107/><E107/><V30/><F109/><W50/><G50/><T48/><D74/><U80/><E80/><V98/><F30/><W104/><G104/><T126/><D118/><U58/><E32/><V9/><F9/><W82/><REACH who="3" step="1"/><G94/><REACH who="3" ten="111,250,327,302" step="2"/><T26/><D113/><U14/><AGARI ba="0,1" hai="0,4,11,14,18,22,36,37,39,58,62,65,124,125" machi="14" ten="40,1500,0" yaku="0,1" doraHai="66" who="1" fromWho="1" sc="111,-4,250,25,327,-7,302,-4" /><INIT seed="3,0,0,3,5,121" ten="107,275,320,298" oya="3" hai0="42,114,59,75,22,105,97,2,31,91,58,8,11" hai1="25,40,0,5,112,36,14,132,117,79,56,99,135" hai2="86,52,23,39,4,131,50,48,103,116,16,100,88" hai3="62,26,124,102,106,63,3,87,104,78,30,21,49"/><W98/><G106/><T70/><D114/><U108/><E112/><V126/><F39/><W69/><G3/><T74/><D70/><U46/><E117/><V133/><F116/><W64/><G124/><T9/><D2/><U10/><E14/><V111/><F111/><W122/><G122/><T129/><D129/><U128/><E128/><V107/><F131/><W83/><G62/><T115/><D115/><U82/><E56/><N who="2" m="32775" /><F107/><W13/><G49/><T127/><D127/><U24/><E99/><V119/><F119/><W37/><G13/><T90/><D105/><U92/><E92/><N who="2" m="54295" /><F133/><N who="1" m="51273" /><E108/><V89/><F4/><W77/><REACH who="3" step="1"/><G37/><REACH who="3" ten="107,275,320,288" step="2"/><T54/><D75/><AGARI ba="0,1" hai="0,5,10,24,25,36,40,46,75,79,82" m="51273" machi="75" ten="30,2000,0" yaku="25,1,20,1" doraHai="121" who="1" fromWho="0" sc="107,-20,275,30,320,0,288,0" owari="87,-41.3,305,10.5,320,42.0,288,-11.2" /></mjloggm>