<mjloggm ver="2.3"><GO type="225" lobby="0"/><UN n0="%33%74%72%65%65" n1="%E3%81%95%E3%81%8D%E3%81%9F%E3%81%BE%E6%9E%97%E6%AA%8E" n2="%E3%83%B4%E3%83%A0%EF%BC%99%E3%81%A6" n3="%E6%98%93%E5%88%A9%E8%96%A9%E4%BC%AF" dan="17,16,17,16" rate="2243.73,2065.34,2189.82,2127.86" sx="F,M,M,F"/><TAIKYOKU oya="0"/><INIT seed="0,0,0,5,1,26" ten="250,250,250,250" oya="0" hai0="50,52,70,6,112,125,47,45,25,78,72,48,3" hai1="10,129,53,108,77,113,40,133,22,130,103,43,58" hai2="79,115,15,99,67,135,16,93,100,55,37,63,30" hai3="0,83,27,75,80,101,59,107,35,131,12,29,1"/><T84/><D112/><U71/><E108/><V69/><F115/><W76/><G83/><N who="0" m="47223" /><D3/><U38/><E113/><V42/><F135/><W128/><G12/><T23/><D70/><U60/><E133/><V102/><F79/><W11/><G59/><T8/><D72/><U86/><E71/><V31/><F100/><W74/><G74/><T20/><D125/><U17/><E103/><V33/><F33/><W94/><G94/><T123/><D123/><U39/><E10/><V106/><F106/><W24/><G24/><T56/><D56/><U87/><E43/><V88/><F102/><W89/><G89/><T126/><D126/><U114/><E114/><V111/><F111/><W64/><G64/><T124/><D124/><U13/><E77/><V91/><F55/><W119/><G119/><T46/><D46/><N who="1" m="23831" /><E39/><V21/><REACH who="2" step="1"/><F91/><REACH who="2" ten="250,250,240,250" step="2"/><W73/><G73/><T32/><D32/><U19/><E53/><V54/><F54/><W110/><G110/><T62/><D62/><U2/><E130/><N who="3" m="49706" /><G11/><T44/><D52/><U95/><E129/><V68/><F68/><W82/><G82/><T61/><D61/><U104/><E104/><V105/><F105/><W49/><G49/><T134/><D134/><U90/><E95/><V14/><F14/><W7/><G7/><T120/><D120/><U57/><E13/><V4/><F4/><W118/><G118/><T65/><D65/><U109/><E90/><V98/><F98/><AGARI ba="0,1" hai="0,1,27,29,35,75,76,80,98,101,107" m="49706" machi="98" ten="30,3900,0" yaku="19,1,23,1,52,1" doraHai="26" who="3" fromWho="2" sc="250,0,250,0,240,-39,250,49" /><INIT seed="1,0,0,0,5,45" ten="250,250,201,299" oya="1" hai0="107,54,126,91,75,115,76,47,9,12,30,119,8" hai1="105,32,48,68,97,88,66,5,59,29,53,40,130" hai2="134,55,116,58,109,25,62,95,84,23,37,121,82" hai3="21,86,27,4,93,61,81,22,114,28,85,112,39"/><U74/><E74/><V52/><F116/><W51/><G39/><T35/><D115/><U57/><E130/><V133/><F121/><W80/><G4/><T69/><D119/><U3/><E40/><V26/><F37/><W104/><G104/><T77/><D126/><U103/><E3/><V0/><F0/><W43/><G61/><T123/><D69/><U100/><E5/><V102/><F109/><W83/><G22/><T78/><D107/><U34/><E68/><V118/><F118/><W101/><G114/><T64/><D64/><U15/><E15/><V17/><F55/><W16/><G28/><T18/><D75/><U108/><E108/><V36/><F36/><W120/><G120/><T49/><D123/><U10/><E10/><V2/><F2/><W67/><G67/><T70/><D70/><U63/><E29/><V117/><F117/><W71/><G71/><T79/><D79/><U46/><E103/><V1/><F1/><W6/><G6/><T56/><D8/><U92/><REACH who="1" step="1"/><E46/><REACH who="1" ten="250,240,201,299" step="2"/><V31/><F102/><W72/><G72/><T20/><D9/><U132/><E132/><V135/><F31/><W90/><G101/><T33/><D30/><U106/><E106/><V129/><F129/><W122/><G112/><T131/><D131/><U41/><E41/><V38/><F26/><W96/><G122/><T87/><REACH who="0" step="1"/><D47/><AGARI ba="0,1" hai="16,21,27,43,47,51,80,81,83,85,86,90,93,96" machi="47" ten="40,5200,0" yaku="8,1,52,1,54,1" doraHai="45" who="3" fromWho="0" sc="250,-52,240,0,201,0,299,62" /><INIT seed="2,0,0,3,4,14" ten="198,240,201,361" oya="2" hai0="35,4,98,13,50,65,6,20,91,115,8,61,81" hai1="114,106,48,127,78,30,130,100,128,59,26,22,69" hai2="87,56,104,19,23,118,31,109,132,95,25,116,122" hai3="92,3,64,76,88,17,105,34,37,55,11,85,57"/><V119/><F122/><W112/><G105/><T117/><D115/><U93/><E127/><V82/><F104/><W107/><G107/><T43/><D35/><U10/><E114/><V94/><F132/><W75/><G34/><T58/><D117/><U102/><E69/><V79/><F109/><W24/><G37/><T84/><D20/><U110/><E110/><V101/><F101/><W77/><G64/><T36/><D36/><U80/><E106/><V68/><F68/><W86/><G75/><T131/><D131/><N who="1" m="50219" /><E10/><V9/><F9/><W32/><G112/><T2/><D2/><U7/><E7/><V72/><F31/><W42/><G42/><T62/><D62/><U27/><E27/><V135/><F135/><W54/><G54/><T15/><D98/><U29/><E29/><V16/><F19/><W39/><G39/><T40/><D4/><U66/><E93/><V126/><F126/><W47/><G47/><T99/><D15/><U123/><E123/><V70/><F70/><W1/><G32/><T74/><D74/><N who="1" m="43095" /><E48/><V89/><REACH who="2" step="1"/><F56/><REACH who="2" ten="198,240,191,361" step="2"/><W51/><G11/><T0/><D0/><U103/><E59/><V90/><F90/><N who="3" m="53327" /><G1/><T49/><D43/><U71/><E71/><V129/><F129/><W113/><G3/><T124/><D40/><U18/><E18/><V52/><F52/><W133/><G133/><T60/><D124/><U28/><E28/><V5/><F5/><W96/><G113/><T46/><D46/><U44/><E44/><V38/><F38/><W33/><G17/><T125/><D125/><U97/><E66/><V53/><F53/><RYUUKYOKU ba="0,1" sc="198,-15,240,15,191,15,361,-15" hai1="22,26,30,97,100,102,103" hai2="16,23,25,72,79,82,87,89,94,95,116,118,119" /><INIT seed="2,1,1,0,3,58" ten="183,255,206,346" oya="2" hai0="118,90,122,88,97,53,14,42,30,131,36,38,34" hai1="84,44,112,40,108,11,19,8,33,50,51,61,121" hai2="74,66,114,94,125,83,86,127,103,72,71,70,6" hai3="65,68,78,22,117,23,4,28,89,67,54,49,55"/><V85/><F114/><W95/><G117/><T26/><D122/><U57/><E108/><V120/><F120/><W0/><G78/><T124/><D118/><U123/><E112/><V10/><F94/><W2/><G2/><T110/><D110/><U126/><E126/><N who="2" m="48139" /><F103/><W5/><G55/><T47/><D124/><U87/><E33/><V16/><F85/><N who="1" m="32841" /><E123/><V116/><F116/><W107/><G68/><N who="2" m="26153" /><F66/><W100/><G67/><T73/><D73/><U98/><E121/><V13/><F6/><W128/><G65/><T96/><D96/><U105/><E105/><V21/><F21/><W9/><G5/><T18/><D97/><U104/><E104/><V29/><F29/><W7/><G28/><T113/><D113/><U27/><E98/><V25/><F25/><W31/><G100/><T109/><D109/><U80/><E80/><V39/><F39/><W12/><G31/><T56/><D36/><U15/><E27/><V35/><F35/><W1/><G7/><T3/><D90/><AGARI ba="1,1" hai="10,13,16,72,74,83,86,90" m="26153,48139" machi="90" ten="30,2900,0" yaku="18,1,54,1" doraHai="58" who="2" fromWho="0" sc="183,-32,255,0,206,42,346,0" /><INIT seed="2,2,0,5,5,9" ten="151,255,248,346" oya="2" hai0="22,110,131,30,45,47,89,70,10,87,80,4,3" hai1="85,128,88,5,132,52,135,119,57,31,28,99,55" hai2="104,44,50,2,95,46,118,24,120,134,66,56,53" hai3="126,79,29,84,105,59,58,115,32,15,76,122,42"/><V8/><F120/><W51/><G105/><T77/><D110/><U91/><E119/><V75/><F118/><W69/><G69/><T106/><D131/><U130/><E5/><V113/><F104/><W111/><G111/><T121/><D121/><U114/><E114/><V83/><F113/><W33/><G126/><T133/><D133/><N who="1" m="51275" /><E99/><V34/><F134/><W73/><G73/><T86/><D106/><U124/><E124/><V39/><F66/><W82/><G79/><T92/><REACH who="0" step="1"/><D70/><REACH who="0" ten="141,255,248,346" step="2"/><U108/><E108/><V18/><F75/><W38/><G122/><T125/><D125/><U97/><E130/><V21/><F39/><W74/><G38/><T54/><D54/><U94/><E55/><V43/><F43/><W60/><G74/><T26/><AGARI ba="2,1" hai="3,4,10,22,26,30,45,47,77,80,86,87,89,92" machi="26" ten="30,2000,0" yaku="1,1,0,1,53,0" doraHai="9" doraHaiUra="63" who="0" fromWho="0" sc="141,36,255,-7,248,-12,346,-7" /><INIT seed="3,0,0,5,1,124" ten="177,248,236,339" oya="3" hai0="91,70,4,122,44,82,79,6,78,88,123,87,3" hai1="94,42,56,86,133,33,40,39,115,64,121,76,89" hai2="49,51,90,132,71,20,116,107,92,77,5,67,55" hai3="29,100,85,127,109,114,58,135,106,69,50,84,80"/><W2/><G2/><T46/><D87/><U43/><E115/><V68/><F107/><W23/><G69/><T48/><D70/><U41/><E121/><V15/><F116/><W32/><G32/><T8/><D82/><N who="1" m="47431" /><E33/><V52/><F77/><W104/><G100/><T125/><D3/><U13/><E133/><V99/><F132/><W30/><G127/><T38/><D125/><U36/><E36/><V16/><F67/><W9/><G85/><T73/><D38/><U10/><E39/><V129/><F129/><W83/><G83/><T57/><D48/><U110/><E110/><V17/><F5/><W35/><G35/><T134/><D134/><U45/><E45/><V28/><F28/><W14/><G109/><T31/><D31/><U12/><E43/><V120/><F17/><W105/><G23/><T66/><D66/><U26/><E26/><V96/><F96/><W130/><G114/><T19/><D19/><U111/><E111/><V126/><F120/><W7/><G135/><T112/><D112/><U22/><E22/><V118/><F118/><W119/><G119/><T95/><D8/><U75/><E75/><V65/><F65/><W21/><G21/><T108/><D108/><U37/><E37/><V61/><F61/><W72/><G72/><T131/><D73/><U98/><E10/><V128/><F126/><W18/><G30/><T74/><D74/><U27/><E27/><V11/><F11/><W62/><G9/><T47/><D47/><U34/><E34/><V102/><F68/><W117/><G29/><T63/><D46/><U59/><E64/><RYUUKYOKU ba="0,0" sc="177,-10,248,30,236,-10,339,-10" hai1="12,13,40,41,42,56,59,89,94,98" owari="167,-33.3,278,7.8,226,-17.4,329,42.9" /></mjloggm>