<mjloggm ver="2.3"><GO type="225" lobby="0"/><UN n0="%E3%82%B2%E3%82%B9%E8%8C%82%E5%8B%9D" n1="%E3%82%A2%E3%82%A4%E3%82%B9%E3%83%86%E3%82%A3%E3%83%BC%E3%81%82%E3%81%B9" n2="%E8%B6%85%E7%B4%9A%E9%B3%B3%E5%87%B0" n3="%63%68%78%62%64" dan="16,16,16,16" rate="2042.25,2133.25,2109.31,2137.81" sx="F,M,M,M"/><TAIKYOKU oya="0"/><INIT seed="0,0,0,5,3,40" ten="250,250,250,250" oya="0" hai0="114,80,99,115,59,30,52,15,5,21,4,84,61" hai1="32,25,81,134,16,44,122,45,12,54,55,69,112" hai2="78,35,98,64,29,71,56,128,41,17,43,105,85" hai3="120,68,33,36,67,96,88,62,77,48,109,2,124"/><T106/><D106/><U82/><E122/><V14/><F128/><W108/><G120/><T135/><D99/><U58/><E69/><V63/><F56/><W90/><G36/><T94/><D94/><U103/><E103/><N who="2" m="62711" /><F78/><W107/><G2/><T75/><D75/><U121/><E121/><V73/><F85/><W104/><G124/><T7/><D135/><U97/><E97/><V19/><F19/><W47/><G77/><T110/><D110/><N who="3" m="42601" /><G33/><T93/><D93/><U8/><E134/><V102/><F102/><N who="3" m="62535" /><G107/><T0/><D0/><U1/><E1/><V39/><F73/><W126/><G126/><T53/><D114/><U60/><E112/><V123/><F39/><W119/><G119/><T23/><D115/><U113/><E113/><V76/><F76/><W20/><G20/><T66/><D21/><N who="1" m="13479" /><E32/><V130/><F123/><W79/><G79/><N who="0" m="46111" /><D30/><U22/><E22/><N who="2" m="11575" /><F130/><W9/><G9/><N who="0" m="4519" /><D23/><U131/><E131/><V100/><F100/><W28/><G28/><T13/><D5/><N who="1" m="3087" /><E55/><AGARI ba="0,0" hai="47,48,55,62,67,68,88,90" m="62535,42601" machi="55" ten="30,3900,0" yaku="14,1,52,1,54,1" doraHai="40" who="3" fromWho="1" sc="250,0,250,-39,250,0,250,39" /><INIT seed="1,0,0,2,1,25" ten="250,211,250,289" oya="1" hai0="5,120,102,81,31,26,87,35,63,93,50,118,77" hai1="78,55,29,37,10,121,43,46,134,33,75,51,99" hai2="17,82,11,86,90,53,74,72,119,104,0,97,65" hai3="52,132,57,70,16,89,15,41,36,110,112,103,64"/><U14/><E121/><V76/><F119/><W106/><G112/><T100/><D118/><U107/><E134/><V79/><F65/><W133/><G110/><T19/><D120/><U62/><E62/><V84/><F53/><W34/><G34/><T126/><D126/><U113/><E113/><V44/><F44/><W30/><G30/><T135/><D135/><N who="3" m="51785" /><G64/><T7/><D63/><U20/><E33/><V1/><F17/><W130/><G70/><T95/><D19/><U111/><E111/><V48/><F48/><N who="3" m="30855" /><G130/><T2/><D50/><U127/><E127/><V58/><F58/><W3/><G3/><T116/><D116/><U115/><E115/><V94/><F11/><N who="3" m="6271" /><G89/><T92/><D2/><U39/><E43/><V71/><F71/><W122/><G122/><T80/><D35/><U61/><E61/><V98/><F0/><W21/><G21/><N who="0" m="15823" /><D102/><U128/><E20/><V49/><F1/><W40/><G36/><T109/><D100/><U38/><E29/><V28/><F28/><W108/><G108/><T4/><D109/><U27/><E27/><V114/><F114/><W91/><G91/><T13/><D13/><U69/><E69/><V18/><F49/><W59/><G59/><T47/><D47/><U83/><E128/><V42/><F90/><W105/><G103/><T66/><D66/><U22/><E22/><V125/><F125/><W32/><G32/><T88/><D88/><U68/><E68/><V73/><F97/><W124/><G124/><T6/><N who="0" m="1024" /><DORA hai="23" /><T12/><D12/><U131/><E131/><V101/><F98/><W117/><G117/><RYUUKYOKU ba="0,0" sc="250,15,211,-15,250,-15,289,15" hai0="77,80,81,87,92,93,95" hai3="40,41,105,106" /><INIT seed="2,1,0,4,1,15" ten="265,196,235,304" oya="2" hai0="49,74,123,104,124,88,17,72,29,70,85,44,67" hai1="47,68,16,126,64,2,20,52,23,48,31,37,116" hai2="83,51,10,1,97,80,21,41,39,24,42,115,77" hai3="18,62,61,11,65,75,56,30,134,114,43,45,89"/><V107/><F115/><W55/><G75/><T90/><D123/><U131/><E2/><V94/><F107/><W69/><G134/><T125/><D104/><U59/><E116/><V105/><F105/><W92/><G114/><T0/><D0/><U73/><E73/><V35/><F35/><W91/><G30/><T38/><D38/><U127/><E131/><V78/><F39/><W3/><G92/><T34/><D90/><U5/><E5/><V28/><F1/><W33/><G33/><T4/><D4/><U106/><E106/><V101/><F10/><W100/><G100/><T46/><D46/><U86/><E86/><V110/><F110/><W40/><G40/><N who="2" m="15465" /><F51/><W120/><G120/><T27/><D72/><U130/><E130/><V71/><F71/><W109/><G109/><T8/><D74/><U111/><E111/><V135/><F135/><W128/><G128/><T66/><D70/><U54/><E37/><V99/><F99/><W82/><G3/><T113/><D113/><U93/><E93/><V119/><F119/><W26/><G82/><AGARI ba="1,0" hai="21,24,28,77,78,80,82,83,94,97,101" m="15465" machi="82" ten="30,1500,0" yaku="8,1" doraHai="15" who="2" fromWho="3" sc="265,0,196,0,235,18,304,-18" /><INIT seed="2,2,0,2,0,111" ten="265,196,253,286" oya="2" hai0="126,89,129,73,106,71,88,18,3,110,15,29,118" hai1="81,134,32,51,66,87,19,56,83,11,124,85,35" hai2="77,28,60,22,24,128,91,74,2,45,44,101,127" hai3="47,79,92,107,95,61,125,135,62,80,96,52,49"/><V119/><F119/><W26/><G135/><T57/><D71/><U38/><E38/><V105/><F2/><W67/><G125/><T10/><D110/><U122/><E124/><V121/><F127/><W133/><G133/><T46/><D126/><U20/><E134/><V120/><F128/><W115/><G115/><T8/><D129/><U100/><E11/><V30/><F30/><W13/><G26/><T132/><D132/><U5/><E5/><V27/><F27/><W94/><G67/><T93/><D106/><U63/><E100/><V34/><F34/><W86/><REACH who="3" step="1"/><G13/><REACH who="3" ten="265,196,253,276" step="2"/><T108/><D108/><U7/><E122/><V68/><F24/><W109/><G109/><T82/><D15/><N who="1" m="9343" /><E35/><V90/><F121/><W31/><G31/><T42/><D29/><U99/><E32/><V104/><F28/><W9/><G9/><T64/><D3/><U55/><E7/><V40/><F40/><W36/><G36/><T33/><D33/><U16/><E16/><V43/><F120/><W72/><G72/><T58/><D18/><U70/><E70/><V53/><F43/><W102/><AGARI ba="2,1" hai="47,49,52,61,62,79,80,86,92,94,95,96,102,107" machi="102" ten="30,4000,0" yaku="1,1,0,1,54,1,53,0" doraHai="111" doraHaiUra="116" who="3" fromWho="3" sc="265,-12,196,-12,253,-22,276,56" /><INIT seed="3,0,0,1,1,60" ten="253,184,231,332" oya="3" hai0="52,104,20,2,93,4,129,72,75,107,117,65,97" hai1="21,79,113,19,106,70,134,111,133,53,92,73,6" hai2="1,58,98,23,25,126,131,50,46,91,81,39,103" hai3="105,67,28,120,9,116,7,86,24,40,118,34,128"/><W31/><G120/><T82/><D117/><U3/><E106/><V61/><F1/><W95/><G105/><T83/><D4/><U110/><E70/><V59/><F39/><W36/><G128/><T29/><D2/><U115/><E92/><N who="2" m="58823" /><F131/><W127/><G31/><T35/><D35/><U96/><E96/><V76/><F126/><W62/><G127/><T47/><D75/><U32/><E79/><V77/><F91/><W51/><G95/><T42/><D42/><U119/><E73/><V122/><F122/><W100/><G86/><T10/><D72/><U66/><E53/><N who="2" m="29911" /><F59/><W22/><G100/><T18/><D107/><U124/><E124/><V114/><F114/><N who="1" m="43529" /><E66/><N who="2" m="39223" /><F81/><W41/><G36/><T63/><D104/><U37/><E37/><V85/><F85/><W38/><G38/><T109/><D129/><U121/><E32/><V88/><F88/><W44/><G34/><T78/><D78/><U74/><E74/><V54/><F54/><W64/><G40/><T17/><D83/><U132/><E121/><V57/><F57/><W48/><G48/><T123/><D82/><U27/><E119/><V12/><F12/><W13/><G64/><T45/><D123/><U56/><E56/><AGARI ba="0,0" hai="7,9,13,22,24,28,41,44,51,56,62,67,116,118" machi="56" ten="30,2900,0" yaku="7,1,52,1" doraHai="60" who="3" fromWho="1" sc="253,0,184,-29,231,0,332,29" owari="253,5.3,155,-34.5,231,-16.9,361,46.1" /></mjloggm>