<mjloggm ver="2.3"><GO type="225" lobby="0"/><UN n0="%E5%B0%8F%E9%B3%A5%E9%81%8A%E7%B7%B4%E7%84%A1%32%31%E6%AD%B3" n1="%E3%81%AA%E3%81%A1%30%39%32%37" n2="%E3%81%9D%E3%81%8A%E3%81%9D%E3%81%9D" n3="%4B%2E%32%2E%4B%2E" dan="16,16,16,17" rate="2184.51,2048.71,2077.37,2237.52" sx="F,M,M,M"/><TAIKYOKU oya="0"/><INIT seed="0,0,0,2,3,60" ten="250,250,250,250" oya="0" hai0="18,63,2,97,21,90,57,107,20,122,10,41,79" hai1="65,111,98,47,74,27,67,112,39,49,9,73,8" hai2="13,87,129,50,54,113,95,135,26,58,116,108,51" hai3="103,42,15,101,81,19,109,30,110,16,96,131,91"/><T59/><D122/><U82/><E39/><V105/><F113/><W3/><G3/><T23/><D79/><U33/><E112/><V52/><F105/><W100/><G131/><T102/><D41/><U28/><E111/><N who="3" m="42506" /><G30/><T120/><D120/><U124/><E124/><V83/><F108/><W56/><G42/><T93/><D59/><U117/><E117/><V43/><F129/><W40/><G40/><T134/><D134/><U17/><E98/><V99/><F43/><W55/><G15/><T14/><D2/><U77/><E73/><V88/><F116/><W48/><G81/><T31/><D107/><U34/><E34/><V36/><F36/><W94/><AGARI ba="0,0" hai="16,19,48,55,56,91,94,96,100,101,103" m="42506" machi="94" ten="40,2700,0" yaku="14,1,54,1" doraHai="60" who="3" fromWho="3" sc="250,-13,250,-7,250,-7,250,27" /><INIT seed="1,0,0,2,4,14" ten="237,243,243,277" oya="1" hai0="49,103,131,35,100,85,114,54,135,5,124,8,84" hai1="74,70,11,113,57,3,80,82,63,125,96,121,6" hai2="39,52,68,36,26,78,41,97,16,56,88,109,69" hai3="90,122,94,112,98,50,13,33,40,117,19,21,4"/><U59/><E113/><V27/><F109/><W83/><G112/><T46/><D35/><U111/><E121/><V128/><F128/><W51/><G122/><T129/><D114/><U37/><E125/><V38/><F41/><W30/><G117/><T120/><D124/><U127/><E127/><V105/><F78/><W134/><G134/><T23/><D135/><U77/><E111/><V104/><F105/><W72/><G40/><T130/><D23/><U34/><E34/><V45/><F45/><W2/><G83/><T75/><D75/><U29/><E29/><V62/><F27/><N who="3" m="18655" /><G72/><T101/><REACH who="0" step="1"/><D120/><REACH who="0" ten="227,243,243,277" step="2"/><U60/><E37/><V92/><F104/><W31/><G31/><T24/><D24/><U115/><E115/><V55/><F55/><W93/><G93/><T123/><D123/><U108/><E108/><V133/><F133/><W81/><G81/><T10/><D10/><AGARI ba="0,1" hai="2,4,10,13,19,21,50,51,90,94,98" m="18655" machi="10" ten="30,2000,0" yaku="24,1,52,1" doraHai="14" who="3" fromWho="0" sc="227,-20,243,0,243,0,277,30" /><INIT seed="2,0,0,1,1,50" ten="207,243,243,307" oya="2" hai0="44,60,52,122,85,33,73,15,28,24,100,127,17" hai1="54,59,0,29,92,70,23,78,2,12,58,121,88" hai2="9,74,25,40,41,80,120,129,77,22,94,110,61" hai3="36,31,10,27,131,3,125,75,103,90,42,132,81"/><V102/><F120/><W93/><G125/><T106/><D73/><U104/><E70/><V56/><F129/><W107/><G131/><T101/><D122/><U18/><E104/><V123/><F123/><W55/><G132/><T38/><D127/><U14/><E121/><V62/><F110/><W87/><G36/><T133/><D133/><U53/><E78/><V49/><F9/><W112/><G42/><T111/><D111/><U135/><E135/><V26/><F62/><W105/><G112/><T108/><D108/><U72/><E72/><V21/><F49/><W63/><G10/><T96/><D101/><U128/><E29/><V6/><F6/><W20/><G3/><T97/><D97/><N who="1" m="57479" /><E2/><V118/><F118/><W39/><G39/><T1/><D1/><U98/><E0/><V34/><F34/><W51/><G63/><T65/><D85/><U82/><E82/><V86/><F74/><W43/><G43/><N who="2" m="16457" /><F94/><W32/><G32/><T47/><D38/><U117/><E117/><V71/><F102/><W48/><G48/><T114/><D114/><U89/><E128/><V45/><F45/><W124/><G124/><T30/><D30/><U5/><E98/><V46/><F46/><N who="3" m="28151" /><G103/><T119/><D119/><U67/><E67/><N who="2" m="39335" /><F71/><W91/><G75/><T95/><D106/><U113/><E113/><V68/><F68/><W4/><G4/><T116/><D116/><U8/><E89/><V79/><F77/><N who="3" m="46511" /><G93/><T16/><D65/><U134/><E134/><V7/><F7/><W19/><G31/><T76/><D44/><U115/><E115/><V99/><F99/><RYUUKYOKU ba="0,0" sc="207,-30,243,10,243,10,307,10" hai1="5,8,12,14,18,23,53,54,58,59" hai2="21,22,25,26,79,80,86" hai3="19,20,27,90,91,105,107" /><INIT seed="2,1,0,1,2,38" ten="177,253,253,317" oya="2" hai0="79,107,97,132,85,86,104,133,95,113,39,72,5" hai1="43,68,81,114,26,119,54,89,101,118,131,19,120" hai2="17,80,128,84,122,15,40,25,7,108,105,29,28" hai3="30,47,73,71,129,124,92,94,12,2,96,56,18"/><V102/><F122/><W116/><G71/><T45/><D5/><U8/><E114/><V91/><F7/><W52/><G73/><T123/><D123/><U70/><E120/><V78/><F128/><W21/><G116/><T3/><D3/><U103/><E54/><V126/><F126/><W35/><G124/><T20/><D20/><U88/><E26/><V10/><F108/><W31/><G129/><T0/><D0/><U60/><E60/><V75/><F25/><W11/><G47/><T41/><D113/><U50/><E50/><V111/><F111/><W69/><G69/><T59/><D59/><U62/><E62/><V127/><F40/><W57/><G57/><T53/><D53/><U46/><E46/><V37/><F37/><W77/><G77/><T74/><D45/><U64/><E43/><V22/><F10/><W115/><G115/><T63/><D63/><U65/><E8/><V135/><F135/><N who="0" m="51786" /><D39/><U100/><E100/><V93/><REACH who="2" step="1"/><F127/><REACH who="2" ten="177,253,243,317" step="2"/><W134/><G134/><T4/><D41/><U83/><E131/><V49/><F49/><N who="3" m="30735" /><G11/><T87/><D4/><U55/><E55/><V27/><F27/><W130/><G130/><T121/><D121/><U98/><E19/><V13/><F13/><W66/><G2/><T33/><D33/><U9/><E9/><V125/><F125/><W24/><G31/><T76/><D79/><U23/><E23/><V67/><F67/><W109/><G66/><T51/><D51/><U32/><E32/><V61/><F61/><W90/><G12/><T34/><D34/><U48/><E48/><V58/><F58/><RYUUKYOKU ba="1,1" sc="177,-15,253,15,243,15,317,-15" hai1="64,65,68,70,81,83,88,89,98,101,103,118,119" hai2="15,17,22,28,29,75,78,80,84,91,93,102,105" /><INIT seed="2,2,1,4,1,66" ten="162,268,258,302" oya="2" hai0="114,61,20,98,123,112,89,31,94,122,135,119,102" hai1="133,64,109,46,33,27,127,51,105,129,58,85,59" hai2="65,110,111,52,23,0,83,74,21,88,93,77,54" hai3="19,113,106,71,10,18,134,7,96,5,68,130,120"/><V79/><F79/><W86/><G120/><T44/><D135/><U40/><E105/><V60/><F0/><W101/><G134/><T12/><D44/><U132/><E33/><V38/><F38/><W6/><G130/><T97/><D12/><U16/><E85/><V37/><F37/><W3/><G113/><T115/><D61/><N who="1" m="37943" /><E16/><V103/><F103/><W100/><G100/><T104/><D20/><U118/><E27/><V126/><F126/><W56/><G56/><T11/><D11/><U80/><E80/><V29/><F29/><W72/><G72/><T81/><D31/><U116/><E127/><V84/><F23/><W35/><G35/><T45/><D45/><U30/><E30/><V41/><F21/><W117/><G117/><N who="1" m="45162" /><E109/><N who="2" m="41483" /><F41/><W1/><G1/><T36/><D36/><N who="1" m="21767" /><E129/><V57/><AGARI ba="2,1" hai="52,54,57,60,65,74,77,83,84,88,93" m="41483" machi="57" ten="30,11700,0" yaku="14,1,10,1,54,2" doraHai="66" who="2" fromWho="2" sc="162,-41,268,-41,258,133,302,-41" /><INIT seed="2,3,0,5,4,112" ten="121,227,391,261" oya="2" hai0="35,96,104,118,59,77,6,75,86,60,23,50,63" hai1="52,8,28,42,40,5,103,88,97,71,91,21,78" hai2="72,70,31,54,46,41,65,100,19,55,98,56,66" hai3="76,99,38,93,24,101,127,94,36,69,134,108,58"/><V80/><F31/><W126/><G69/><T124/><D35/><U67/><E78/><V90/><F19/><W2/><G2/><T26/><D75/><U4/><E71/><V16/><F16/><W32/><G108/><T10/><D124/><N who="3" m="47657" /><G134/><T131/><D131/><U121/><E67/><V27/><F27/><W107/><G76/><T7/><D50/><U34/><E34/><V92/><F70/><W135/><G135/><T125/><D125/><U20/><E121/><V53/><F56/><W18/><G58/><T120/><D120/><U123/><E123/><V3/><F3/><W68/><G68/><T105/><D96/><U85/><E52/><V44/><F44/><W87/><G18/><T130/><D130/><U133/><E133/><V119/><F119/><W117/><G117/><T14/><D118/><U43/><E28/><V109/><F109/><W84/><G94/><T132/><D132/><U122/><E122/><V45/><F45/><W48/><G48/><T29/><D63/><U95/><E91/><V83/><F80/><W49/><G49/><T82/><REACH who="0" step="1"/><D7/><REACH who="0" ten="111,227,391,261" step="2"/><N who="1" m="2635" /><E8/><V81/><F72/><W30/><G30/><T0/><D0/><U102/><E97/><V33/><F98/><W64/><G32/><T47/><D47/><U15/><E15/><V37/><F46/><W110/><G99/><T79/><D79/><U39/><E39/><V89/><F37/><W1/><G36/><T13/><D13/><U129/><E129/><V116/><F33/><W111/><G38/><T74/><D74/><U128/><E128/><V106/><F116/><W114/><G110/><RYUUKYOKU ba="3,1" sc="111,15,227,15,391,-15,261,-15" hai0="6,10,14,23,26,29,59,60,77,82,86,104,105" hai1="20,21,40,42,43,85,88,95,102,103" /><INIT seed="3,4,1,4,3,129" ten="126,242,376,246" oya="3" hai0="52,13,17,51,8,121,134,131,94,109,28,38,23" hai1="33,1,43,57,29,74,127,42,100,96,68,25,50" hai2="49,84,39,56,122,18,101,61,102,132,0,116,87" hai3="79,47,99,16,24,133,76,128,83,86,22,75,93"/><W58/><G128/><T82/><D131/><U4/><E74/><V45/><F39/><W7/><G133/><T65/><D38/><U26/><E127/><V31/><F0/><W15/><G47/><T111/><D121/><U2/><E68/><V11/><F31/><W77/><G75/><T108/><D65/><U69/><E69/><V97/><F132/><W107/><G107/><T113/><D113/><U105/><E26/><V125/><F125/><W64/><G7/><T70/><D70/><U5/><E5/><V73/><F73/><W37/><G37/><T71/><D71/><U40/><E4/><V126/><F126/><W119/><G119/><T135/><D94/><U21/><E33/><V98/><F98/><W60/><REACH who="3" step="1"/><G15/><REACH who="3" ten="126,242,376,236" step="2"/><T46/><D82/><U91/><E105/><V19/><F45/><W118/><G118/><T67/><D67/><U63/><E1/><V88/><F116/><W112/><G112/><T114/><D114/><U55/><E2/><V81/><F81/><W12/><G12/><T110/><N who="0" m="27648" /><DORA hai="95" /><T115/><D115/><U103/><E42/><V90/><F122/><W32/><G32/><T66/><D66/><U124/><E43/><V62/><F62/><W6/><G6/><N who="0" m="3223" /><D28/><U54/><E40/><V44/><F61/><W14/><G14/><AGARI ba="4,2" hai="14,17,23,46,51,52,134,135" m="3223,27648" machi="14" ten="60,8000,1" yaku="14,1,52,2,54,1" doraHai="129,95" who="0" fromWho="3" sc="126,112,242,0,376,0,236,-92" owari="238,-16.2,242,4.2,376,47.6,144,-35.6" /></mjloggm>