<mjloggm ver="2.3"><GO type="225" lobby="0"/><UN n0="%72%69%6F%75%63%68%61%6E" n1="%E3%81%B5%E3%81%98%E3%81%8B%E3%81%A4" n2="%4C%4F%4C%49%54%41" n3="%E4%BA%95%E5%B8%AF" dan="16,16,16,16" rate="2089.15,2205.05,2135.66,2058.81" sx="M,M,F,M"/><TAIKYOKU oya="0"/><INIT seed="0,0,0,2,2,39" ten="250,250,250,250" oya="0" hai0="129,118,16,10,109,35,31,92,17,121,11,70,89" hai1="110,2,25,123,86,56,40,21,74,130,111,38,93" hai2="79,82,122,113,80,58,98,114,57,96,108,76,45" hai3="75,27,41,18,3,68,116,128,105,36,112,42,131"/><T65/><D118/><U19/><E123/><V135/><F108/><N who="1" m="41513" /><E74/><V99/><F45/><W15/><G116/><T50/><D109/><U94/><E2/><V26/><F26/><W88/><G112/><T1/><D121/><U37/><E130/><N who="3" m="49706" /><G3/><T8/><D129/><U44/><E56/><N who="2" m="21611" /><F135/><W55/><G36/><N who="1" m="13930" /><E86/><V127/><F127/><W52/><G105/><T29/><D1/><U133/><E133/><V66/><F66/><W90/><G27/><T107/><D107/><U77/><E77/><N who="2" m="29771" /><F122/><W83/><G68/><T73/><D73/><U91/><E91/><N who="3" m="34858" /><G83/><AGARI ba="0,0" hai="80,82,83,96,98,99,113,114" m="29771,21611" machi="83" ten="30,2000,0" yaku="28,2" doraHai="39" who="2" fromWho="3" sc="250,0,250,0,250,20,250,-20" /><INIT seed="1,0,0,1,5,20" ten="250,250,270,230" oya="1" hai0="73,10,6,107,81,113,76,98,1,102,94,13,33" hai1="8,133,56,91,40,124,75,70,49,34,22,116,42" hai2="52,99,87,50,63,118,100,48,82,96,60,16,101" hai3="30,105,120,71,122,5,29,89,83,97,45,21,47"/><U115/><E116/><V25/><F118/><W51/><G71/><T28/><D113/><U131/><E70/><V38/><F38/><W17/><G5/><T57/><D57/><U44/><E34/><V64/><F50/><W135/><G135/><T129/><D129/><U92/><E115/><V58/><F99/><W2/><G2/><T104/><REACH who="0" step="1"/><D13/><REACH who="0" ten="240,250,270,230" step="2"/><U46/><E131/><V53/><F63/><W55/><G122/><T18/><D18/><U36/><E133/><V110/><F110/><W74/><G120/><T128/><D128/><U130/><E130/><V67/><F64/><W132/><G132/><T4/><D4/><U69/><E124/><V127/><F127/><W39/><G17/><T24/><AGARI ba="0,1" hai="1,6,10,24,28,33,73,76,81,94,98,102,104,107" machi="24" ten="30,4000,0" yaku="1,1,0,1,52,1,53,0" doraHai="20" doraHaiUra="41" who="0" fromWho="0" sc="240,50,250,-20,270,-10,230,-10" /><INIT seed="2,0,0,2,1,125" ten="290,230,260,220" oya="2" hai0="9,52,42,22,5,100,57,81,119,94,130,97,88" hai1="2,26,76,35,93,108,39,110,60,77,116,63,73" hai2="84,70,129,15,66,127,61,98,134,51,113,48,50" hai3="49,75,38,89,0,120,103,115,101,44,85,111,64"/><V30/><F113/><W18/><G120/><T122/><D130/><U99/><E116/><V74/><F74/><W17/><G115/><T135/><D122/><U68/><E39/><V121/><F121/><W12/><G111/><N who="1" m="42538" /><E2/><V62/><F127/><W23/><G0/><T21/><D135/><U41/><E41/><V69/><F30/><W90/><G75/><T105/><D119/><U45/><E45/><V36/><F98/><W71/><G38/><T132/><D132/><U58/><E68/><V131/><F134/><W27/><G90/><T11/><D42/><U32/><E63/><V87/><F36/><W92/><G64/><T20/><D5/><U126/><E126/><V40/><F40/><W65/><G65/><T54/><D81/><N who="1" m="45199" /><E26/><V95/><F95/><W133/><G71/><N who="2" m="27145" /><F15/><W124/><G124/><T6/><D6/><U13/><E13/><V112/><F112/><W118/><G118/><T25/><D25/><U78/><E78/><V79/><F79/><W67/><G67/><T19/><D19/><U102/><E77/><V82/><F66/><AGARI ba="0,0" hai="32,35,58,60,66,93,99,102" m="45199,42538" machi="66" ten="30,1000,0" yaku="14,1" doraHai="125" who="1" fromWho="2" sc="290,0,230,10,260,-10,220,0" /><INIT seed="3,0,0,1,0,8" ten="290,240,250,220" oya="3" hai0="122,61,39,42,85,96,62,72,63,117,92,4,32" hai1="86,60,90,53,58,7,22,68,74,124,97,47,69" hai2="104,17,35,118,46,57,9,82,54,91,83,66,79" hai3="50,130,78,59,2,121,19,52,49,131,125,13,102"/><W94/><G121/><T1/><D117/><U107/><E74/><V25/><F104/><W41/><G2/><T84/><D122/><U56/><E124/><V73/><F118/><W126/><G78/><T103/><D32/><U70/><E7/><V71/><F71/><W76/><G76/><T120/><D120/><U28/><E47/><V48/><F35/><W30/><G30/><T31/><D72/><U95/><E58/><V14/><F73/><W116/><G116/><T36/><D31/><U135/><E135/><V87/><F25/><W27/><G27/><T110/><D110/><U113/><E113/><V128/><F128/><N who="3" m="49195" /><G50/><T89/><D42/><U29/><REACH who="1" step="1"/><E22/><REACH who="1" ten="290,230,250,220" step="2"/><V40/><F46/><W108/><G108/><T45/><D45/><U43/><E43/><V112/><F40/><W134/><G41/><T44/><D44/><U99/><E99/><V16/><F112/><W100/><G134/><T67/><D84/><U106/><E106/><V75/><F66/><W55/><G55/><T77/><D67/><U80/><E80/><V6/><AGARI ba="0,1" hai="6,9,14,16,17,48,54,57,75,79,82,83,87,91" machi="6" ten="20,5200,0" yaku="0,1,7,1,52,1,54,1" doraHai="8" who="2" fromWho="2" sc="290,-13,230,-13,250,62,220,-26" owari="277,7.7,217,-18.3,312,41.2,194,-30.6" /></mjloggm>