<mjloggm ver="2.3"><GO type="225" lobby="0"/><UN n0="%72%69%6F%75%63%68%61%6E" n1="%E6%97%A5%E6%9B%9C%E6%97%A5%E3%82%88%E3%82%8A%E3%81%AE%E4%BD%BF%E8%80%85" n2="%E3%83%8F%E3%82%A4%E3%83%91%E3%83%BC%E3%83%84%E3%83%8A%E7%BC%B6" n3="%E3%81%9F%E3%81%A3%E3%81%A1%E3%82%87" dan="17,18,16,16" rate="2216.39,2183.71,2087.72,2097.43" sx="M,M,M,M"/><TAIKYOKU oya="0"/><INIT seed="0,0,0,2,5,88" ten="250,250,250,250" oya="0" hai0="8,63,5,66,29,121,114,17,46,45,44,62,76" hai1="37,21,120,102,1,38,58,42,96,111,12,129,41" hai2="51,123,115,116,52,34,101,36,43,117,24,39,47" hai3="82,105,33,14,83,26,89,90,132,125,106,109,49"/><T128/><D128/><U94/><E1/><V70/><F101/><W61/><G109/><T4/><D114/><U80/><E120/><V93/><F123/><W69/><G125/><T87/><D121/><U72/><E111/><V60/><F115/><W131/><G132/><T64/><D29/><U74/><E129/><V122/><F122/><W99/><G106/><T11/><D17/><U119/><E119/><N who="2" m="45643" /><F34/><W130/><G49/><T31/><D31/><U92/><E38/><N who="2" m="22007" /><F24/><W104/><G26/><T57/><D87/><U48/><E37/><V85/><F85/><W73/><G14/><T71/><REACH who="0" step="1"/><D76/><REACH who="0" ten="240,250,250,250" step="2"/><U19/><E72/><V86/><F86/><W110/><G73/><T133/><D133/><U40/><E74/><V68/><F39/><W81/><G130/><T124/><D124/><U15/><E80/><V65/><F36/><W84/><G81/><T30/><D30/><U27/><REACH who="1" step="1"/><E92/><REACH who="1" ten="240,240,250,250" step="2"/><V53/><F93/><W3/><G82/><T67/><D67/><U97/><E97/><V103/><F65/><W100/><G131/><T18/><D18/><U91/><E91/><V7/><F103/><W134/><G89/><T108/><D108/><U59/><E59/><N who="2" m="34919" /><F7/><AGARI ba="0,2" hai="4,5,7,8,11,44,45,46,57,62,63,64,66,71" machi="7" ten="40,2000,0" yaku="1,1,53,0" doraHai="88" doraHaiUra="98" who="0" fromWho="2" sc="240,40,240,0,250,-20,250,0" /><INIT seed="0,1,0,3,2,96" ten="280,240,230,250" oya="0" hai0="84,69,0,11,101,72,82,37,100,111,108,13,76" hai1="14,73,81,92,105,87,122,2,8,113,131,67,7" hai2="40,65,17,46,5,35,39,24,41,20,78,61,132" hai3="66,119,38,85,116,63,3,104,127,1,110,70,126"/><T51/><D37/><U117/><E122/><V112/><F112/><W114/><G114/><T25/><D0/><N who="3" m="73" /><G110/><N who="0" m="42027" /><D69/><U120/><E113/><V16/><F132/><W36/><G85/><T94/><D25/><U44/><E120/><V43/><F5/><W57/><G104/><T99/><D51/><U128/><E117/><N who="3" m="45130" /><G57/><T107/><D72/><U27/><E105/><V34/><F78/><W124/><AGARI ba="1,0" hai="36,38,63,66,70,124,126,127" m="45130,73" machi="124" ten="40,2700,0" yaku="18,1,23,1" doraHai="96" who="3" fromWho="3" sc="280,-14,240,-8,230,-8,250,30" /><INIT seed="1,0,0,0,4,37" ten="266,232,222,280" oya="1" hai0="75,118,124,68,123,101,112,26,32,130,33,97,51" hai1="47,16,134,121,2,92,94,38,52,105,40,50,21" hai2="65,73,108,17,88,131,90,35,55,107,133,3,69" hai3="23,24,70,53,77,128,48,119,117,106,110,80,86"/><U49/><E121/><V41/><F55/><W125/><G125/><T6/><D112/><U59/><E105/><V102/><F17/><W29/><G110/><T0/><D118/><N who="3" m="45065" /><G70/><T5/><D75/><U43/><E2/><V28/><F65/><W74/><G106/><T100/><D68/><U114/><E114/><V95/><F28/><W89/><G128/><T30/><D33/><U115/><E115/><V25/><F25/><W104/><G104/><T27/><D27/><N who="1" m="14759" /><E38/><V103/><F3/><W87/><G89/><N who="2" m="34409" /><F35/><W96/><G96/><T54/><D124/><U126/><E126/><V10/><F10/><W60/><G60/><T63/><D130/><U72/><E72/><V91/><F69/><W78/><G77/><T113/><D113/><U58/><E134/><V81/><F131/><W127/><G127/><T20/><D123/><U62/><E40/><V116/><F41/><W22/><G22/><T122/><D122/><U31/><E31/><V71/><F71/><W82/><G82/><T93/><D32/><U56/><E56/><AGARI ba="0,0" hai="23,24,29,48,53,56,74,78,80,86,87" m="45065" machi="56" ten="30,1000,0" yaku="12,1" doraHai="37" who="3" fromWho="1" sc="266,0,232,-10,222,0,280,10" /><INIT seed="2,0,0,0,1,71" ten="266,222,222,290" oya="2" hai0="86,117,128,48,90,59,110,67,21,3,118,55,114" hai1="17,18,22,70,8,96,97,50,49,31,44,7,122" hai2="88,103,9,92,4,85,32,30,95,33,58,94,51" hai3="28,83,84,36,135,102,123,41,104,57,98,14,69"/><V100/><F30/><W99/><G123/><T78/><D110/><U1/><E70/><V134/><F134/><W39/><G41/><T43/><D128/><U131/><E131/><V62/><F51/><W2/><G2/><T34/><D34/><U20/><E122/><V124/><F124/><W42/><G69/><T73/><D114/><U115/><E31/><V6/><F32/><W12/><G42/><T35/><D35/><U107/><E115/><V40/><F40/><W101/><G57/><T68/><D3/><U76/><E76/><V19/><F33/><W106/><G28/><T64/><D73/><U74/><E74/><V93/><F19/><W5/><G5/><N who="2" m="2153" /><F9/><W116/><G116/><N who="0" m="44651" /><D78/><U79/><E79/><V109/><F109/><W60/><G60/><T121/><D121/><U111/><E111/><V127/><F127/><W47/><G47/><N who="0" m="25727" /><D68/><U10/><E1/><V26/><F26/><W63/><G63/><N who="0" m="36351" /><D21/><U119/><E119/><V87/><F87/><W38/><G135/><T77/><D77/><AGARI ba="0,0" hai="12,14,36,38,39,77,83,84,98,99,101,102,104,106" machi="77" ten="40,8000,1" yaku="9,1,52,3" doraHai="71" who="3" fromWho="0" sc="266,-80,222,0,222,0,290,80" /><INIT seed="3,0,0,5,3,56" ten="186,222,222,370" oya="3" hai0="35,5,98,105,97,53,89,111,40,79,63,16,69" hai1="72,52,78,44,129,108,7,10,27,109,65,88,103" hai2="133,102,80,26,61,54,70,34,96,15,31,66,19" hai3="38,20,24,131,14,124,51,42,125,83,118,58,91"/><W62/><G118/><T107/><D35/><U1/><E129/><V9/><F133/><W46/><G131/><T122/><D122/><U132/><E132/><V114/><F114/><W50/><G14/><T94/><D111/><N who="1" m="42571" /><E103/><V116/><F116/><W0/><G0/><T17/><D5/><U41/><E65/><V84/><F54/><N who="3" m="34135" /><G91/><T22/><D40/><U82/><E27/><V74/><F74/><W76/><G20/><T29/><D79/><U49/><E88/><V128/><F128/><W8/><G8/><T2/><D2/><U77/><E77/><V121/><F121/><W123/><G24/><N who="0" m="16535" /><D69/><U68/><E68/><V134/><F134/><W104/><G104/><T59/><D107/><U86/><E41/><V127/><F127/><N who="3" m="48715" /><G123/><T3/><D105/><U130/><E130/><V110/><F110/><W95/><G95/><N who="0" m="56559" /><D3/><U48/><E1/><V37/><F37/><W101/><G101/><AGARI ba="0,0" hai="16,17,53,59,63,94,98,101" m="56559,16535" machi="101" ten="30,3900,0" yaku="8,1,52,1,54,1" doraHai="56" who="0" fromWho="3" sc="186,39,222,0,222,0,370,-39" owari="225,2.5,222,-17.8,222,-27.8,331,43.1" /></mjloggm>