<mjloggm ver="2.3"><GO type="225" lobby="0"/><UN n0="%6D%75%75%6D%75%72%61" n1="%E3%81%9F%E3%81%8C%E3%82%84%E3%81%99" n2="%E3%81%B2%E3%81%AA%E3%81%AE%E3%82%8A%E3%81%8F" n3="%61%6D%65%6B%69" dan="17,16,16,16" rate="2112.28,2115.72,2175.36,2084.10" sx="F,M,M,M"/><TAIKYOKU oya="0"/><INIT seed="0,0,0,3,2,22" ten="250,250,250,250" oya="0" hai0="68,13,87,108,50,51,71,72,124,98,126,122,62" hai1="15,2,60,100,112,81,46,8,3,95,33,56,34" hai2="37,52,127,67,111,18,14,21,10,64,42,99,35" hai3="101,30,85,94,106,70,66,48,90,102,132,107,63"/><T104/><D72/><U31/><E81/><V45/><F35/><W4/><G132/><T125/><D122/><U29/><E46/><V93/><F111/><W80/><G4/><T61/><D108/><U133/><E95/><V41/><F41/><W17/><G17/><T19/><D87/><U83/><E83/><V57/><F127/><W76/><G30/><N who="1" m="11274" /><E56/><V40/><F40/><W82/><G82/><T135/><D135/><U88/><E88/><V75/><F10/><W9/><G9/><N who="0" m="6575" /><D98/><U11/><E60/><N who="0" m="23145" /><D104/><U55/><E55/><V38/><F38/><W23/><G107/><T97/><D97/><U44/><E44/><V26/><F14/><W103/><G106/><T84/><D84/><U1/><E100/><V89/><F75/><W73/><G48/><AGARI ba="0,0" hai="48,50,51,68,71,124,125,126" m="23145,6575" machi="48" ten="40,2000,0" yaku="18,1" doraHai="22" who="0" fromWho="3" sc="250,20,250,0,250,0,250,-20" /><AGARI ba="0,0" hai="18,21,26,37,42,45,48,52,57,64,67,89,93,99" machi="48" ten="30,3900,0" yaku="7,1,52,1,54,1" doraHai="22" who="2" fromWho="3" sc="270,0,250,0,250,39,230,-39" /><INIT seed="0,1,0,0,3,107" ten="270,250,289,191" oya="0" hai0="106,5,66,88,45,74,83,100,120,8,31,2,25" hai1="85,113,68,67,15,121,92,47,53,43,95,35,126" hai2="73,125,27,19,52,44,36,103,18,91,123,41,105" hai3="132,32,124,49,13,30,72,37,12,0,134,129,65"/><T46/><D120/><U42/><E35/><V128/><F123/><W29/><G37/><T28/><D66/><U34/><E34/><V50/><F128/><W58/><G0/><T122/><D122/><U75/><E121/><V20/><F125/><W24/><G129/><T118/><D118/><U22/><E126/><V82/><F103/><W26/><G124/><T64/><D64/><U112/><E67/><V57/><F105/><W14/><G72/><T115/><D115/><N who="1" m="44107" /><E68/><V11/><F11/><W6/><G6/><T40/><D88/><N who="1" m="53263" /><E95/><V9/><F9/><W23/><REACH who="3" step="1"/><G49/><REACH who="3" ten="270,250,289,181" step="2"/><T119/><D119/><U117/><E75/><V1/><F73/><W48/><G48/><T87/><D74/><U69/><E117/><V60/><F1/><W78/><G78/><T39/><D39/><U55/><E69/><V114/><F114/><W77/><G77/><T108/><D2/><U90/><E90/><V7/><F7/><W102/><G102/><T33/><D5/><U89/><E89/><V99/><F36/><W54/><G54/><T131/><D100/><U4/><E4/><V98/><F91/><W84/><G84/><T79/><D87/><U62/><E55/><V109/><F82/><W70/><G70/><T96/><D83/><U3/><E3/><V16/><F109/><W110/><G110/><T93/><D108/><U51/><E62/><AGARI ba="1,1" hai="12,13,14,23,24,26,29,30,32,58,62,65,132,134" machi="62" ten="40,1300,0" yaku="1,1,53,0" doraHai="107" doraHaiUra="135" who="3" fromWho="1" sc="270,0,250,-16,289,0,181,26" /><INIT seed="1,0,0,0,3,26" ten="270,234,289,207" oya="1" hai0="133,48,1,9,33,115,59,85,72,109,37,66,18" hai1="11,106,64,19,20,104,12,16,34,65,79,21,127" hai2="36,58,40,53,52,7,28,120,22,94,47,3,42" hai3="89,15,44,107,45,60,32,55,5,125,35,25,50"/><U31/><E79/><V128/><F120/><W73/><G125/><T67/><D115/><U135/><E127/><V10/><F128/><W83/><G107/><T29/><D72/><U54/><E135/><V87/><F42/><W98/><G45/><T108/><D37/><U101/><E34/><V14/><F58/><W27/><G73/><T23/><D133/><U76/><E76/><V105/><F105/><W119/><G119/><T112/><D112/><U118/><E118/><V69/><F69/><W126/><G126/><T70/><D70/><U103/><E54/><V116/><F116/><W113/><G60/><T91/><D48/><U132/><E132/><V134/><F134/><W6/><G15/><N who="0" m="9695" /><D59/><U46/><E46/><V84/><F84/><W124/><G113/><T131/><D131/><U96/><E11/><V95/><F95/><W13/><G13/><T90/><D90/><U88/><E88/><V100/><F87/><W82/><G124/><T117/><D117/><U110/><E110/><N who="0" m="42601" /><D85/><U129/><E129/><V74/><F74/><W8/><G8/><T41/><D41/><U86/><E86/><V121/><F121/><W80/><G89/><T17/><D91/><U56/><E56/><V97/><REACH who="2" step="1"/><F3/><REACH who="2" ten="270,234,279,207" step="2"/><W77/><G77/><T130/><D130/><U51/><E106/><V102/><F102/><W43/><G43/><T122/><D122/><U30/><E103/><V38/><F38/><W49/><G98/><T0/><D0/><U57/><E57/><V62/><F62/><W81/><N who="3" m="20480" /><DORA hai="63" /><W93/><G93/><T68/><D68/><U99/><E104/><RYUUKYOKU ba="0,1" sc="270,-10,234,-10,279,30,207,-10" hai2="7,10,14,22,28,36,40,47,52,53,94,97,100" /><INIT seed="2,1,1,4,2,58" ten="260,224,309,197" oya="2" hai0="25,24,44,38,11,103,10,106,76,43,55,119,73" hai1="87,123,93,46,110,36,65,96,15,113,99,20,57" hai2="9,16,114,72,83,63,37,132,49,112,12,30,40" hai3="120,26,68,89,115,95,34,108,75,3,71,79,56"/><V41/><F37/><W42/><G120/><T100/><D119/><U39/><E87/><V13/><F132/><W5/><G95/><T111/><D111/><U126/><E113/><V78/><F30/><W92/><G89/><T4/><D10/><U77/><E77/><V45/><F40/><W60/><G108/><T51/><D106/><U104/><E104/><V52/><REACH who="2" step="1"/><F13/><REACH who="2" ten="260,224,299,197" step="2"/><W117/><G42/><T102/><D43/><U129/><E15/><V105/><F105/><W7/><G117/><T70/><D38/><U2/><E39/><V59/><AGARI ba="1,2" hai="9,12,16,41,45,49,52,59,63,72,78,83,112,114" machi="59" ten="30,12000,1" yaku="1,1,0,1,52,1,54,2,53,0" doraHai="58" doraHaiUra="97" who="2" fromWho="2" sc="260,-41,224,-41,299,143,197,-41" /><INIT seed="2,2,0,4,4,3" ten="219,183,442,156" oya="2" hai0="123,35,16,63,50,78,52,120,105,70,72,118,83" hai1="87,126,92,82,128,14,7,20,43,110,74,121,134" hai2="67,133,71,27,31,32,54,111,42,25,15,119,0" hai3="29,103,18,114,45,5,65,58,125,81,41,53,57"/><V90/><F0/><W98/><G125/><T88/><D35/><U116/><E74/><V49/><F42/><W24/><G114/><T61/><D105/><U80/><E116/><V8/><F119/><W9/><G18/><T12/><D118/><U96/><E126/><V55/><F55/><W30/><G81/><T113/><D113/><U99/><E110/><V13/><F27/><W64/><G64/><T46/><D78/><U36/><E36/><V22/><F32/><W95/><G65/><N who="0" m="41263" /><D63/><U108/><E43/><V47/><F133/><W26/><G26/><T51/><D51/><U85/><E108/><V117/><F15/><W28/><G53/><T135/><D72/><U21/><E121/><V56/><F71/><W68/><G24/><T38/><D38/><U101/><E128/><V106/><F106/><W112/><G68/><T66/><D66/><U109/><E99/><V69/><F69/><W48/><REACH who="3" step="1"/><G112/><REACH who="3" ten="219,183,442,146" step="2"/><T97/><D135/><U37/><E134/><V76/><F67/><W17/><G17/><T124/><D124/><U91/><E109/><V11/><F54/><W102/><G102/><T94/><D83/><U100/><E100/><V73/><F25/><W77/><G77/><T10/><D123/><U122/><E122/><V34/><F76/><W44/><G44/><T127/><D127/><U84/><E82/><V129/><F47/><W4/><G4/><T19/><D120/><U115/><E115/><V60/><F111/><W62/><G62/><T59/><D19/><U131/><E80/><V23/><F60/><W33/><G33/><T75/><D46/><RYUUKYOKU ba="2,1" sc="219,15,183,-15,442,-15,146,15" hai0="10,12,16,50,52,59,75,88,94,97" hai3="5,9,28,29,30,41,45,48,57,58,95,98,103" /><INIT seed="3,3,1,1,4,50" ten="234,168,427,161" oya="3" hai0="33,51,62,45,49,54,104,11,9,119,86,65,19" hai1="132,10,77,71,1,91,83,115,93,48,94,8,57" hai2="14,67,120,16,61,34,75,82,126,110,7,84,102" hai3="63,46,96,23,25,12,117,20,28,31,42,78,109"/><W76/><G117/><T80/><D119/><U98/><E71/><V68/><F34/><W39/><G109/><T95/><D104/><U122/><E115/><V6/><F75/><W135/><G135/><T101/><D33/><U5/><E132/><V79/><F126/><W13/><G63/><T131/><D131/><U92/><E122/><V55/><F102/><W4/><G96/><N who="0" m="59551" /><D19/><U64/><E8/><V103/><F103/><W24/><REACH who="3" step="1"/><G4/><REACH who="3" ten="234,168,427,151" step="2"/><T72/><D62/><U88/><E98/><V40/><F61/><W69/><G69/><T32/><D65/><U36/><E64/><V53/><F7/><W107/><G107/><T2/><D49/><U121/><E121/><V60/><F6/><W21/><G21/><T52/><D51/><U43/><E36/><V35/><F60/><W90/><G90/><T128/><D32/><U127/><E127/><V58/><F35/><W3/><G3/><T66/><D2/><U27/><E1/><V116/><F67/><W59/><G59/><T125/><D66/><U106/><E106/><V118/><F58/><W134/><G134/><T0/><D125/><U30/><E5/><V81/><F68/><W100/><G100/><T105/><D0/><U130/><E77/><AGARI ba="3,2" hai="12,13,20,23,24,25,28,31,39,42,46,76,77,78" machi="77" ten="40,7700,0" yaku="1,1,9,1,53,1" doraHai="50" doraHaiUra="38" who="3" fromWho="1" sc="234,0,168,-86,427,0,151,106" /><INIT seed="3,4,0,5,0,41" ten="234,82,427,257" oya="3" hai0="95,97,47,1,135,127,14,86,82,16,70,62,103" hai1="106,89,36,128,37,111,48,65,79,98,43,125,105" hai2="30,131,120,109,53,118,74,28,76,132,108,61,29" hai3="99,130,52,110,96,90,69,129,87,91,94,81,15"/><W6/><G69/><T2/><D127/><U23/><E23/><V115/><F118/><W4/><G110/><T133/><D47/><U68/><E79/><V59/><F115/><W71/><G71/><T54/><D54/><U107/><E125/><V49/><F132/><N who="0" m="50762" /><D62/><U64/><E43/><V25/><F131/><W67/><G67/><T124/><D70/><U55/><E68/><V63/><F120/><W34/><G34/><T51/><D51/><U56/><E111/><N who="2" m="42571" /><F25/><W10/><G99/><T3/><D124/><U31/><E31/><V93/><F93/><W13/><REACH who="3" step="1"/><G52/><REACH who="3" ten="234,82,427,247" step="2"/><T24/><D24/><U42/><E128/><V11/><F53/><W46/><G46/><T73/><D73/><U18/><E42/><V38/><F74/><W121/><G121/><T35/><D35/><U27/><E65/><V100/><F59/><W17/><G17/><T44/><D44/><U9/><E64/><V39/><F63/><W88/><G88/><N who="0" m="51287" /><D1/><U114/><E27/><V85/><F61/><W122/><G122/><T60/><D60/><U102/><E55/><V104/><F30/><W45/><G45/><T32/><D32/><U66/><E66/><V117/><F29/><W21/><G21/><AGARI ba="4,1" hai="2,3,14,16,21,95,97,103" m="51287,50762" machi="21" ten="30,3900,0" yaku="20,1,54,2" doraHai="41" who="0" fromWho="3" sc="234,61,82,0,427,0,247,-51" owari="295,9.5,82,-41.8,427,52.7,196,-20.4" /></mjloggm>