<mjloggm ver="2.3"><GO type="225" lobby="0"/><UN n0="%E7%8D%A3%E8%87%AD%E3%81%84%E8%82%89%E7%90%83" n1="%E9%B3%B3%E6%9D%B1%E3%81%AE%E3%81%BF%E3%81%91%E3%81%AB%E3%82%83%E3%82%93" n2="%E6%98%93%E5%88%A9%E8%96%A9%E4%BC%AF" n3="%E3%82%8C%E3%81%99%E3%81%93" dan="16,16,16,17" rate="2129.28,2095.88,2151.31,2239.72" sx="M,F,F,F"/><TAIKYOKU oya="0"/><INIT seed="0,0,0,0,0,49" ten="250,250,250,250" oya="0" hai0="86,71,8,23,42,24,3,28,27,104,123,9,127" hai1="45,85,59,124,57,76,46,114,4,101,77,80,33" hai2="38,37,20,36,105,112,30,5,41,48,6,15,84" hai3="113,21,116,69,126,17,60,102,129,61,90,35,25"/><T125/><D104/><U1/><E33/><V94/><F105/><W65/><G113/><T83/><D71/><U131/><E114/><V53/><F41/><W68/><G116/><T19/><D42/><U31/><E131/><V11/><F112/><W128/><G126/><N who="0" m="48139" /><D86/><U75/><E31/><V98/><F84/><W110/><G110/><T106/><D83/><U47/><E101/><V10/><F20/><W82/><G102/><T73/><D73/><U87/><E124/><V56/><F30/><W50/><G35/><N who="0" m="20871" /><D106/><U70/><E70/><V95/><REACH who="2" step="1"/><F98/><REACH who="2" ten="250,250,240,250" step="2"/><W107/><G107/><T0/><D123/><U99/><E99/><V130/><F130/><W22/><G129/><T13/><D8/><U7/><E75/><V134/><F134/><W81/><G128/><T92/><D92/><U118/><E87/><V96/><F96/><W40/><G82/><T78/><D78/><U89/><E77/><V111/><F111/><W103/><G81/><T51/><D51/><U119/><E76/><V29/><F29/><AGARI ba="0,1" hai="0,3,9,13,19,23,27,29" m="20871,48139" machi="29" ten="30,5800,0" yaku="18,1,34,2" doraHai="49" who="0" fromWho="2" sc="250,68,250,0,240,-58,250,0" /><INIT seed="0,1,0,2,3,131" ten="318,250,182,250" oya="0" hai0="10,25,20,97,42,115,40,34,132,104,106,66,52" hai1="101,57,61,55,125,36,76,58,117,98,13,49,8" hai2="41,116,17,63,47,85,68,23,78,48,31,29,26" hai3="87,64,70,1,113,121,67,103,69,74,80,93,99"/><T122/><D122/><U9/><E117/><V4/><F116/><W96/><G113/><T54/><D115/><U33/><E33/><V91/><F78/><W27/><G121/><T65/><D34/><U71/><E36/><V77/><F77/><W38/><G1/><T102/><D104/><U24/><E125/><V134/><F4/><W43/><G74/><T44/><D10/><U18/><E76/><V3/><F3/><W46/><G69/><T72/><D72/><U108/><E108/><V30/><F68/><W133/><G70/><T16/><D132/><U129/><E129/><V86/><F134/><W5/><G5/><T109/><D109/><U123/><E123/><V39/><F39/><W88/><G27/><T51/><REACH who="0" step="1"/><D54/><REACH who="0" ten="308,250,182,250" step="2"/><U92/><E71/><V15/><F63/><W111/><G133/><T7/><D7/><U37/><E9/><V89/><F86/><W84/><G111/><T19/><D19/><U75/><E75/><V59/><F85/><W14/><G87/><T107/><D107/><U6/><E6/><V82/><F82/><W53/><G53/><T127/><D127/><U83/><E83/><V135/><F135/><W95/><REACH who="3" step="1"/><G14/><REACH who="3" ten="308,250,182,240" step="2"/><T114/><D114/><U2/><E13/><V118/><F118/><W94/><G94/><T22/><D22/><U112/><E92/><V45/><F15/><W128/><G128/><T124/><D124/><U73/><E55/><V62/><F23/><W35/><G35/><T60/><D60/><U130/><E61/><V32/><F62/><W105/><G105/><T50/><D50/><U79/><E49/><RYUUKYOKU ba="1,2" sc="308,15,250,-15,182,-15,240,15" hai0="16,20,25,40,42,44,51,52,65,66,97,102,106" hai3="38,43,46,64,67,80,84,88,93,95,96,99,103" /><INIT seed="0,2,2,4,0,77" ten="323,235,167,255" oya="0" hai0="9,29,129,112,119,31,75,96,43,78,68,131,100" hai1="11,123,15,48,109,10,8,52,74,41,94,6,36" hai2="116,101,60,108,81,114,16,111,20,24,57,33,56" hai3="55,61,49,82,35,30,47,76,42,97,132,72,12"/><T84/><D119/><U104/><E123/><V66/><F114/><W3/><G3/><T95/><D112/><U98/><E109/><N who="2" m="42059" /><F116/><W70/><G132/><T88/><D68/><U19/><E104/><V99/><F33/><W102/><G12/><T5/><D43/><U73/><E41/><V125/><F125/><W0/><G0/><T26/><D78/><U17/><E36/><V25/><F25/><W51/><G35/><N who="0" m="20919" /><D75/><U40/><E40/><V127/><F57/><W53/><G30/><T120/><D31/><U90/><E19/><V14/><F14/><W79/><G79/><T87/><D120/><U62/><E62/><V117/><F117/><W23/><G23/><T105/><D87/><U91/><E91/><V1/><F1/><W128/><G128/><N who="0" m="49227" /><D9/><U39/><E39/><V18/><F18/><W83/><G83/><T80/><D5/><U65/><E6/><V92/><F127/><W54/><G70/><T103/><D103/><U32/><E32/><V37/><F37/><W7/><G7/><T126/><D126/><U63/><E73/><V46/><F46/><W110/><G110/><T135/><D135/><U93/><E74/><V134/><F134/><W21/><G61/><T13/><D13/><U50/><E15/><V69/><F69/><W4/><G4/><T28/><D28/><U113/><E113/><V67/><F67/><W107/><REACH who="3" step="1"/><G21/><REACH who="3" ten="323,235,167,245" step="2"/><T133/><D133/><U59/><E17/><V124/><F124/><W118/><G118/><T64/><D64/><U2/><E2/><V121/><F121/><W89/><G89/><T27/><D27/><RYUUKYOKU ba="2,3" sc="323,10,235,-30,167,10,245,10" hai0="80,84,88,95,96,100,105" hai2="16,20,24,56,60,66,81,92,99,101" hai3="42,47,49,51,53,54,55,72,76,82,97,102,107" /><INIT seed="0,3,3,4,1,11" ten="333,205,177,255" oya="0" hai0="104,94,17,22,112,109,53,9,23,10,57,133,93" hai1="12,114,59,134,45,116,2,20,76,86,101,13,97" hai2="21,75,19,3,70,54,30,50,27,15,77,73,26" hai3="42,4,122,46,37,16,62,1,71,68,55,92,125"/><T95/><D112/><U91/><E116/><V18/><F70/><W67/><G125/><T105/><D133/><U56/><E2/><V108/><F3/><W31/><G31/><T107/><D109/><U79/><E45/><V43/><F43/><W129/><G129/><T48/><REACH who="0" step="1"/><D23/><REACH who="0" ten="323,205,177,255" step="2"/><U51/><E20/><V7/><F108/><W102/><G122/><T44/><D44/><U39/><E134/><V99/><F21/><W80/><G46/><T24/><AGARI ba="3,4" hai="9,10,17,22,24,48,53,57,93,94,95,104,105,107" machi="24" ten="40,3900,0" yaku="1,1,0,1,53,0" doraHai="11" doraHaiUra="84" who="0" fromWho="0" sc="323,88,205,-16,177,-16,255,-16" /><INIT seed="0,4,0,1,2,33" ten="411,189,161,239" oya="0" hai0="82,83,101,134,93,42,127,61,81,118,20,16,119" hai1="100,54,106,121,66,108,77,87,124,63,122,69,86" hai2="96,132,12,78,10,135,23,67,47,30,102,50,38" hai3="21,111,31,58,27,115,35,8,91,41,11,48,79"/><T18/><D134/><U29/><E108/><V44/><F67/><W92/><G115/><T72/><D72/><U43/><E124/><V1/><F78/><W109/><G79/><T65/><D127/><U7/><E43/><V70/><F70/><W75/><G75/><T28/><D42/><U24/><E54/><V56/><F56/><W128/><G35/><T3/><D3/><U95/><E7/><V133/><F38/><W26/><G26/><T113/><D113/><U73/><E87/><V89/><F89/><W117/><G117/><T104/><D104/><U62/><E62/><V130/><F130/><W126/><G128/><T68/><D28/><U123/><E86/><V13/><F30/><W45/><G58/><T99/><REACH who="0" step="1"/><D18/><REACH who="0" ten="401,189,161,239" step="2"/><U85/><E73/><V4/><F1/><W0/><G126/><T52/><D52/><U80/><E106/><V36/><F132/><W37/><G0/><T110/><D110/><N who="3" m="41993" /><G37/><T76/><D76/><U55/><E55/><V14/><F36/><W22/><G31/><T116/><D116/><U114/><E114/><V88/><F133/><W129/><G129/><T25/><AGARI ba="4,1" hai="16,20,25,61,65,68,81,82,83,93,99,101,118,119" machi="25" ten="30,11700,0" yaku="1,1,0,1,54,1,53,1" doraHai="33" doraHaiUra="94" who="0" fromWho="0" sc="401,139,189,-43,161,-43,239,-43" /><INIT seed="0,5,0,5,1,41" ten="540,146,118,196" oya="0" hai0="93,19,80,120,16,1,63,45,39,83,135,125,68" hai1="65,26,89,102,129,22,14,32,61,66,9,78,130" hai2="48,67,134,79,40,29,11,96,42,101,88,37,52" hai3="69,2,111,112,35,43,73,106,72,126,133,75,103"/><T122/><D1/><U108/><E32/><V56/><F134/><W92/><RYUUKYOKU type="yao9" ba="5,0" sc="540,0,146,0,118,0,196,0" hai3="2,35,43,69,72,73,75,92,103,106,111,112,126,133" /><INIT seed="0,6,0,3,5,87" ten="540,146,118,196" oya="0" hai0="73,112,120,78,29,60,132,86,99,36,111,33,127" hai1="124,66,28,109,92,32,128,122,104,110,80,52,42" hai2="39,40,115,123,50,82,34,68,97,117,114,5,20" hai3="0,75,9,30,95,21,24,51,102,56,70,45,8"/><T131/><RYUUKYOKU type="yao9" ba="6,0" sc="540,0,146,0,118,0,196,0" hai0="29,33,36,60,73,78,86,99,111,112,120,127,131,132" /><INIT seed="0,7,0,3,2,119" ten="540,146,118,196" oya="0" hai0="81,78,114,68,67,45,0,76,115,30,94,79,64" hai1="62,92,33,116,20,112,118,75,131,49,130,121,63" hai2="71,34,40,72,110,120,83,59,117,135,9,107,58" hai3="84,37,16,51,103,41,56,5,39,102,14,123,77"/><T12/><D0/><U86/><E33/><V98/><F117/><N who="1" m="45161" /><E75/><V111/><F40/><W31/><G5/><T65/><D68/><U80/><E92/><V125/><F34/><W13/><G31/><T70/><D70/><U106/><E20/><V54/><F71/><W11/><G123/><T3/><D3/><U7/><E7/><V109/><F135/><W113/><G113/><T108/><D108/><U19/><E19/><V127/><F9/><W15/><G39/><T43/><D81/><U50/><E106/><V1/><F1/><W89/><G77/><T96/><D30/><U55/><E112/><V126/><F54/><N who="3" m="31839" /><G37/><T2/><D12/><N who="3" m="4713" /><G41/><T6/><D6/><U4/><E4/><V27/><F27/><W26/><G26/><T91/><REACH who="0" step="1"/><D2/><REACH who="0" ten="530,146,118,196" step="2"/><U132/><E132/><V99/><F120/><W8/><G8/><T36/><AGARI ba="7,1" hai="36,43,45,64,65,67,76,78,79,91,94,96,114,115" machi="36" ten="30,6000,0" yaku="1,1,2,1,0,1,53,0" doraHai="119" doraHaiUra="57" who="0" fromWho="0" sc="530,91,146,-27,118,-27,196,-27" /><INIT seed="0,8,0,0,5,28" ten="621,119,91,169" oya="0" hai0="12,72,55,118,106,79,67,92,41,91,108,127,18" hai1="51,132,1,71,42,16,4,19,10,75,36,46,31" hai2="105,26,2,22,126,24,52,8,133,103,7,99,65" hai3="68,109,0,27,124,89,23,121,38,9,62,17,76"/><T80/><D118/><U100/><E132/><V110/><F133/><W32/><G38/><T77/><D106/><U93/><E71/><V120/><F110/><W66/><G109/><T125/><D108/><U90/><E100/><V44/><F126/><W70/><G124/><T95/><D79/><U102/><E102/><V128/><F128/><W117/><G117/><T58/><D67/><U14/><E31/><V37/><F120/><W40/><G40/><T53/><D41/><U59/><E75/><V131/><F131/><W86/><G121/><T98/><D95/><U123/><E123/><V25/><F65/><W45/><G45/><T34/><D55/><U83/><E83/><V78/><F78/><W104/><G104/><T112/><D34/><U87/><E1/><V39/><REACH who="2" step="1"/><F22/><REACH who="2" ten="621,119,81,169" step="2"/><W49/><G76/><T94/><D125/><U129/><E129/><V107/><F107/><W5/><G70/><T57/><D127/><U35/><E35/><V85/><F85/><W43/><G32/><T11/><D77/><U29/><E29/><V101/><F101/><W63/><G66/><T82/><D72/><U115/><E115/><V3/><F3/><W47/><G68/><T33/><D112/><U30/><E30/><V69/><F69/><W134/><G134/><T56/><D33/><U97/><E87/><V54/><F54/><W50/><G86/><N who="0" m="52343" /><D53/><U64/><E64/><V61/><F61/><N who="3" m="23051" /><G89/><AGARI ba="8,1" hai="11,12,18,56,57,58,80,82,89,94,98" m="52343" machi="89" ten="30,1500,0" yaku="8,1" doraHai="28" who="0" fromWho="3" sc="621,49,119,0,81,0,169,-39" /><INIT seed="0,9,0,4,3,58" ten="670,119,81,130" oya="0" hai0="134,89,41,135,2,76,81,46,100,118,65,59,115" hai1="132,71,19,67,1,78,127,111,64,82,83,30,129" hai2="45,17,122,98,54,16,8,7,24,69,114,6,107" hai3="77,80,110,5,70,40,126,95,63,92,121,123,91"/><T38/><D118/><U84/><E1/><V32/><F122/><N who="3" m="46603" /><G110/><T102/><D115/><U53/><E30/><V22/><F32/><W57/><G126/><T9/><D89/><U29/><E29/><V33/><F33/><W36/><G70/><T94/><D65/><U103/><E71/><V97/><F69/><W68/><G68/><T90/><D59/><U35/><E35/><V101/><F114/><W18/><G5/><N who="0" m="1207" /><D90/><U49/><E111/><V108/><F108/><W105/><G105/><T44/><D44/><U14/><E132/><N who="0" m="50729" /><D94/><U56/><E129/><V37/><F98/><W106/><G106/><T93/><D93/><U109/><E109/><V10/><F10/><W131/><G91/><T47/><D47/><U34/><E34/><V50/><REACH who="2" step="1"/><F37/><REACH who="2" ten="670,119,71,130" step="2"/><W130/><G36/><T117/><D117/><U52/><E127/><V48/><F48/><W116/><G131/><T28/><D28/><U21/><E103/><V96/><F96/><W113/><G130/><T128/><D128/><U4/><E67/><V119/><F119/><W11/><G116/><T85/><AGARI ba="9,1" hai="38,41,46,76,81,85,100,102" m="50729,1207" machi="85" ten="30,1500,0" yaku="20,1" doraHai="58" who="0" fromWho="0" sc="670,52,119,-14,71,-14,130,-14" /><INIT seed="0,10,0,3,0,70" ten="722,105,57,116" oya="0" hai0="125,15,6,34,78,38,69,81,21,123,33,10,14" hai1="31,17,92,84,59,77,102,121,132,100,22,76,133" hai2="88,40,32,50,101,112,27,97,111,16,122,72,61" hai3="7,4,79,2,109,55,36,91,114,63,118,54,42"/><T99/><D123/><U49/><E121/><V126/><F112/><W25/><G114/><T11/><D69/><U57/><E31/><V89/><F122/><W73/><G118/><T115/><D115/><U35/><E35/><V62/><F72/><W60/><G109/><T104/><D38/><U116/><E116/><V65/><F126/><W56/><G91/><T96/><D21/><U68/><E68/><V87/><F32/><W45/><G25/><T43/><D43/><U110/><E110/><V53/><F40/><W41/><G41/><T9/><D9/><U44/><E59/><V13/><F27/><W106/><G106/><T98/><D104/><U30/><E30/><V124/><F65/><N who="3" m="39047" /><G7/><T52/><D52/><N who="1" m="29735" /><E57/><V0/><F0/><W20/><G20/><T119/><D125/><U26/><E92/><N who="2" m="56455" /><F101/><N who="1" m="39017" /><E84/><V74/><F74/><W28/><G28/><T39/><D39/><U46/><E46/><N who="2" m="27863" /><F124/><W80/><G63/><T105/><D105/><U5/><E5/><V24/><F24/><W3/><G3/><T134/><D119/><U131/><E131/><V71/><F71/><W127/><G127/><T95/><D34/><U51/><E51/><V29/><F29/><W48/><G48/><T75/><D33/><U94/><E94/><N who="2" m="54591" /><F111/><W12/><G2/><T93/><D93/><U135/><AGARI ba="10,0" hai="17,22,26,76,77,132,133,135" m="39017,29735" machi="135" ten="40,2700,0" yaku="20,1,54,1" doraHai="70" who="1" fromWho="1" sc="722,-23,105,57,57,-17,116,-17" /><INIT seed="1,0,0,0,2,29" ten="699,162,40,99" oya="1" hai0="108,24,105,88,46,69,92,51,128,40,129,53,55" hai1="112,89,0,54,72,5,20,66,9,114,93,39,71" hai2="28,75,83,68,48,100,91,31,1,90,27,57,18" hai3="23,35,81,133,74,104,22,109,125,101,87,106,33"/><U42/><E72/><V107/><F1/><W2/><G2/><T103/><D69/><U126/><E126/><V78/><F68/><W121/><G121/><T98/><D108/><U52/><E42/><V118/><F118/><W134/><G109/><T84/><REACH who="0" step="1"/><D24/><REACH who="0" ten="689,162,40,99" step="2"/><U10/><E71/><V77/><F27/><W79/><G125/><T36/><D36/><U19/><E39/><V76/><F31/><W26/><G26/><T73/><D73/><U43/><E112/><V127/><F28/><W130/><G74/><T56/><D56/><U70/><E70/><V85/><F127/><W116/><G116/><T80/><D80/><U67/><E114/><V120/><F120/><W17/><G81/><T49/><D49/><U11/><E0/><V123/><F123/><W30/><G30/><T38/><D38/><U97/><E5/><V44/><F57/><W122/><G122/><T3/><D3/><U12/><E43/><V15/><F75/><W4/><G4/><T124/><D124/><U99/><E66/><V37/><F37/><W21/><G134/><T50/><D50/><U62/><E67/><V13/><F48/><W65/><G133/><T132/><D132/><U6/><E6/><V60/><F83/><W96/><G65/><T94/><D94/><N who="1" m="56527" /><E62/><V58/><F60/><W86/><G106/><T16/><D16/><U34/><E34/><V7/><F18/><W63/><G17/><T8/><D8/><U131/><E131/><AGARI ba="0,1" hai="40,46,51,53,55,84,88,92,98,103,105,128,129,131" machi="131" ten="40,5200,0" yaku="1,1,19,1,54,1,53,0" doraHai="29" doraHaiUra="32" who="0" fromWho="1" sc="689,62,162,-52,40,0,99,0" /><INIT seed="2,0,0,1,5,114" ten="751,110,40,99" oya="2" hai0="91,47,57,5,86,115,79,133,35,30,24,80,23" hai1="120,48,85,61,93,103,72,130,126,102,97,29,26" hai2="3,64,71,42,124,44,134,111,49,1,67,74,95" hai3="55,69,135,77,127,60,76,116,83,39,104,131,73"/><V75/><F134/><W132/><G127/><T8/><D115/><U123/><E72/><V90/><F124/><W117/><G39/><T65/><D133/><N who="3" m="51273" /><G131/><T31/><D47/><U68/><E126/><V0/><F111/><W118/><G77/><T36/><D36/><U45/><E130/><V6/><F6/><W109/><G109/><T94/><D65/><U89/><E61/><V58/><F71/><W27/><G104/><T108/><D108/><U33/><E68/><V37/><F67/><N who="3" m="41191" /><G27/><T41/><D41/><U87/><E87/><V9/><F9/><W110/><G110/><T52/><D35/><U2/><E2/><V82/><F82/><W96/><G55/><T59/><D31/><U19/><E19/><V43/><F64/><W101/><G96/><T7/><D8/><U4/><E4/><V50/><F37/><W106/><G106/><T105/><D105/><U78/><E78/><V21/><F21/><W56/><G56/><T13/><D13/><U53/><E97/><V66/><F66/><W62/><G62/><N who="0" m="36135" /><D59/><U63/><E63/><V92/><F58/><W129/><G129/><T32/><D32/><U84/><E84/><AGARI ba="0,0" hai="5,7,23,24,30,79,80,84,86,91,94" m="36135" machi="84" ten="30,2000,0" yaku="8,1,54,1" doraHai="114" who="0" fromWho="1" sc="751,20,110,-20,40,0,99,0" /><INIT seed="3,0,0,2,1,8" ten="771,90,40,99" oya="3" hai0="26,37,119,31,89,131,19,38,0,130,41,99,51" hai1="16,12,72,103,81,87,58,66,4,97,48,110,88" hai2="33,121,79,76,40,62,134,126,91,114,100,45,44" hai3="43,116,102,120,60,56,10,13,70,124,133,63,71"/><W50/><G116/><T34/><D119/><U92/><E110/><V122/><F114/><W111/><G120/><T57/><D0/><U94/><E72/><V49/><F33/><W80/><G111/><T106/><D19/><U39/><E39/><V86/><F134/><W28/><G133/><T67/><D67/><U53/><E4/><V104/><F126/><W78/><G124/><T107/><D107/><U29/><E29/><V129/><F129/><N who="0" m="49162" /><D89/><U93/><E66/><V109/><F109/><W6/><G102/><N who="0" m="62815" /><D57/><U24/><E24/><V47/><F121/><W1/><G1/><T54/><D54/><U112/><E112/><V69/><F122/><W59/><G28/><T85/><D85/><U68/><E68/><V98/><F69/><W18/><G18/><T128/><D128/><U115/><E115/><V5/><F62/><N who="3" m="23595" /><G71/><T22/><D34/><U17/><E17/><V27/><F27/><W46/><G70/><T90/><D90/><U42/><E42/><V64/><F64/><W105/><G105/><T117/><D117/><U125/><E125/><V30/><F30/><W15/><G15/><T95/><D95/><U84/><E84/><AGARI ba="0,0" hai="6,10,13,43,46,50,56,59,78,80,84" m="23595" machi="84" ten="30,5800,0" yaku="25,1,8,1,52,1" doraHai="8" who="3" fromWho="1" sc="771,0,90,-58,40,0,99,58" /><INIT seed="3,1,0,1,5,9" ten="771,32,40,157" oya="3" hai0="111,121,119,18,72,97,0,26,7,12,125,99,8" hai1="43,116,73,124,115,105,22,65,131,67,21,63,15" hai2="66,96,62,38,129,64,101,4,30,93,113,28,128" hai3="107,106,36,74,51,37,103,14,112,69,122,110,60"/><W87/><G122/><T91/><D121/><U98/><E115/><V70/><F113/><W77/><G87/><T34/><D119/><U79/><E43/><V80/><F38/><W52/><G14/><T76/><D111/><U5/><E79/><V108/><F108/><W118/><G52/><T86/><D125/><U42/><E42/><V39/><F39/><W49/><G51/><T45/><D45/><U120/><E73/><V35/><F66/><N who="1" m="25097" /><E120/><V109/><F109/><W47/><G49/><T89/><D72/><U134/><E63/><V92/><F4/><W61/><G60/><T54/><D54/><U10/><E124/><V33/><F80/><W6/><G61/><T25/><D76/><U68/><E68/><V59/><F70/><W133/><G69/><T88/><D86/><U104/><E116/><V1/><F1/><W117/><G74/><T78/><D78/><U57/><E57/><V19/><F19/><W114/><G77/><T53/><D53/><U71/><E71/><V55/><F55/><W17/><G17/><T16/><D18/><U123/><E123/><V95/><F35/><W29/><G37/><T102/><D102/><N who="1" m="62551" /><E134/><V13/><F13/><W82/><G133/><T40/><D40/><U126/><E126/><V23/><F33/><W90/><G36/><T94/><D99/><U75/><E131/><N who="2" m="50251" /><F30/><W85/><G29/><N who="0" m="19759" /><D26/><AGARI ba="1,0" hai="23,26,28,59,62,64,92,93,95,96,101" m="50251" machi="26" ten="30,2000,0" yaku="25,1,19,1" doraHai="9" who="2" fromWho="0" sc="771,-23,32,0,40,23,157,0" owari="748,84.8,32,-46.8,63,-33.7,157,-4.3" /></mjloggm>