<mjloggm ver="2.3"><GO type="225" lobby="0"/><UN n0="%E5%8F%AF%E5%85%90%E9%82%A3%E7%94%B1%E5%A4%9A" n1="%E3%81%BF%E3%81%BF%E3%81%9A" n2="%E3%81%8B%E3%82%8F%E3%81%A1%E3%82%83%E3%82%93%35%38" n3="%E3%83%97%E3%83%AC%E3%83%B4%E3%82%A1%E3%83%86%E3%82%A3" dan="17,16,17,16" rate="2242.35,2137.61,2148.19,2155.17" sx="F,M,M,F"/><TAIKYOKU oya="0"/><INIT seed="0,0,0,3,2,58" ten="250,250,250,250" oya="0" hai0="104,34,55,85,73,95,126,72,79,48,114,111,3" hai1="118,22,65,31,133,32,59,70,89,62,124,66,78" hai2="110,23,12,103,53,102,132,92,47,90,14,17,109" hai3="129,125,27,51,20,75,131,122,84,99,101,33,25"/><T56/><D114/><U105/><E118/><V28/><F132/><W0/><G0/><T50/><D104/><U68/><E133/><V15/><F28/><W5/><G5/><T64/><D3/><U21/><E124/><V96/><F47/><W128/><G75/><T82/><D34/><U67/><E105/><V100/><REACH who="2" step="1"/><F53/><REACH who="2" ten="250,250,240,250" step="2"/><W91/><G125/><T113/><D126/><U61/><E78/><V121/><F121/><W7/><G122/><T107/><D113/><U108/><E108/><AGARI ba="0,1" hai="12,14,15,17,23,90,92,96,100,102,103,108,109,110" machi="108" ten="40,2600,0" yaku="1,1,14,1,53,0" doraHai="58" doraHaiUra="80" who="2" fromWho="1" sc="250,0,250,-26,240,36,250,0" /><INIT seed="1,0,0,4,0,59" ten="250,224,276,250" oya="1" hai0="94,58,19,71,110,23,4,99,135,117,97,75,112" hai1="53,24,3,120,103,27,72,13,60,37,9,34,57" hai2="81,52,25,55,102,90,96,86,121,50,132,32,115" hai3="31,130,2,119,104,5,107,124,127,68,15,122,17"/><U129/><E120/><V33/><F132/><W131/><G68/><T54/><D112/><U92/><E72/><V21/><F121/><W118/><G122/><T77/><D117/><N who="3" m="44553" /><G31/><T84/><D71/><U20/><E37/><V63/><F115/><W30/><G30/><T46/><D135/><U80/><E3/><V10/><F10/><N who="3" m="2359" /><G104/><T18/><D110/><U114/><E114/><V47/><F55/><W29/><G29/><T87/><D4/><U39/><E39/><V61/><F32/><W1/><G1/><T134/><D134/><U64/><E129/><N who="3" m="49162" /><G107/><T0/><D0/><U14/><E34/><V8/><F8/><AGARI ba="0,0" hai="8,15,17,124,127" m="49162,2359,44553" machi="8" ten="30,7700,0" yaku="12,1,19,1,34,2" doraHai="59" who="3" fromWho="2" sc="250,0,224,0,276,-77,250,77" /><INIT seed="2,0,0,3,2,9" ten="250,224,199,327" oya="2" hai0="42,44,2,58,104,77,33,28,43,36,102,7,82" hai1="13,63,69,91,53,86,108,67,19,122,40,130,95" hai2="110,14,46,87,64,111,98,10,109,81,93,25,128" hai3="51,92,101,72,21,100,88,50,105,83,39,118,121"/><V11/><F128/><W45/><G118/><T23/><D43/><U34/><E130/><V125/><F125/><W26/><G121/><T112/><D23/><U6/><E122/><V115/><F115/><W116/><G116/><T35/><D58/><U61/><E108/><V73/><F73/><W59/><G39/><T117/><D28/><U24/><E40/><V132/><F132/><W66/><G72/><N who="0" m="43303" /><D112/><U107/><E107/><V16/><F64/><W12/><G105/><T29/><D29/><U30/><E6/><V22/><F46/><W90/><G26/><T4/><D4/><U124/><E124/><V78/><F25/><W71/><G71/><T54/><D54/><U8/><E63/><V89/><AGARI ba="0,0" hai="10,11,14,16,22,78,81,87,89,93,98,109,110,111" machi="89" ten="30,12000,1" yaku="0,1,14,1,10,1,52,1,54,1" doraHai="9" who="2" fromWho="2" sc="250,-40,224,-40,199,120,327,-40" /><INIT seed="2,1,0,2,3,31" ten="210,184,319,287" oya="2" hai0="74,108,111,84,37,79,122,130,120,110,17,105,73" hai1="39,72,113,6,3,48,13,85,38,44,0,132,100" hai2="66,29,95,55,70,68,118,101,11,46,27,36,76" hai3="22,43,12,57,60,50,35,117,28,40,98,128,5"/><V134/><F118/><W18/><G117/><T63/><D37/><U1/><E113/><V7/><F66/><W8/><G128/><T20/><D63/><U15/><E72/><N who="0" m="27753" /><D130/><U114/><E114/><V92/><F76/><W96/><G50/><T4/><D4/><U54/><E132/><V116/><F116/><W53/><G40/><T102/><D20/><U32/><E32/><V80/><F80/><W41/><G41/><T107/><D17/><U42/><E100/><V78/><F78/><W94/><G43/><T109/><D109/><U75/><E75/><V34/><F134/><W121/><G121/><N who="0" m="46699" /><D102/><U97/><E97/><V58/><F101/><W21/><G21/><T51/><D51/><U30/><E30/><V91/><F46/><W126/><G126/><T69/><D69/><U125/><E125/><V89/><F36/><W26/><REACH who="3" step="1"/><G94/><REACH who="3" ten="210,184,319,277" step="2"/><T99/><D110/><U124/><E124/><V24/><F95/><W103/><G103/><N who="0" m="62719" /><D107/><U106/><E106/><V14/><F92/><W71/><G71/><T87/><D111/><U81/><E6/><V123/><F123/><W127/><G127/><T119/><D119/><U9/><E9/><V59/><F70/><W49/><G49/><T23/><D23/><U86/><E38/><V64/><F68/><W19/><G19/><T77/><D108/><U52/><E52/><V115/><F115/><W88/><G88/><T33/><D33/><U65/><E65/><V83/><F91/><W47/><G47/><T45/><D45/><N who="1" m="27919" /><E81/><V133/><F83/><W61/><G61/><T112/><D112/><U104/><E104/><RYUUKYOKU ba="1,1" sc="210,10,184,10,319,-30,277,10" hai0="77,79,84,87" hai1="0,1,3,13,15,39,42,44,85,86" hai3="5,8,12,18,22,26,28,35,53,57,60,96,98" /><INIT seed="3,2,1,0,2,83" ten="220,194,289,287" oya="3" hai0="59,51,45,18,94,98,135,87,109,70,17,124,119" hai1="22,79,31,113,118,46,4,60,26,13,61,42,95" hai2="116,126,125,53,110,66,106,7,20,86,62,49,55" hai3="111,48,80,33,99,102,117,115,1,82,47,37,63"/><W69/><G115/><T38/><D119/><U52/><E113/><V35/><F116/><W30/><G117/><T107/><D70/><U74/><E118/><V130/><F35/><W131/><G1/><T15/><D109/><U58/><E74/><V88/><F106/><W65/><G111/><T127/><D135/><U10/><E79/><V103/><F103/><W92/><G131/><T120/><D120/><U72/><E72/><V108/><F7/><W34/><G37/><T128/><D128/><U121/><E121/><V75/><F75/><W123/><G123/><T16/><D38/><U21/><E61/><V78/><F78/><W76/><G76/><T100/><D59/><U114/><E114/><V104/><F104/><N who="3" m="63583" /><G33/><T8/><D107/><U25/><E95/><N who="2" m="54679" /><F20/><W6/><G6/><T23/><D23/><U57/><E57/><N who="2" m="32943" /><F55/><N who="3" m="30111" /><G92/><T11/><D11/><U85/><E85/><V89/><F89/><W67/><G67/><T3/><D87/><U19/><E46/><V134/><F134/><W84/><G84/><T28/><D3/><U54/><E42/><V101/><F101/><W27/><AGARI ba="2,1" hai="27,30,34,63,65,69,80,82" m="30111,63583" machi="27" ten="30,1500,0" yaku="25,1" doraHai="83" who="3" fromWho="3" sc="220,-7,194,-7,289,-7,287,31" owari="213,-18.7,187,-31.3,282,8.2,318,41.8" /></mjloggm>