<mjloggm ver="2.3"><GO type="225" lobby="0"/><UN n0="%E3%81%A8%E3%82%93%E3%81%A8%E3%81%93%E3%81%A8%E3%82%93" n1="%65%2D%73%65%70%65%6E%3B" n2="%E3%81%BF%E3%81%BF%E3%81%9A" n3="%E3%82%A2%E3%83%BC%E3%83%A2%E3%83%AD%E3%83%BC%E3%83%B4%E3%82%A1" dan="16,16,16,16" rate="2110.35,2147.67,2176.62,2198.24" sx="F,M,M,M"/><TAIKYOKU oya="0"/><INIT seed="0,0,0,5,0,32" ten="250,250,250,250" oya="0" hai0="36,128,115,88,97,81,82,85,53,20,106,19,76" hai1="64,127,46,16,29,47,37,90,109,113,63,133,65" hai2="13,60,132,99,108,129,102,55,4,80,39,95,30" hai3="118,134,48,114,17,31,10,67,56,78,75,112,73"/><T11/><D36/><U69/><E29/><V119/><F39/><W52/><G118/><T35/><D35/><U103/><E103/><V3/><F119/><W8/><G134/><T57/><D115/><U92/><E133/><V43/><F132/><W101/><G31/><T107/><D128/><U68/><E113/><V38/><F30/><W25/><G101/><T77/><D11/><U110/><E127/><V121/><F121/><W86/><G112/><T15/><D76/><U135/><E135/><V14/><F129/><W59/><G75/><T105/><D97/><U84/><E37/><V111/><F80/><N who="3" m="47383" /><G73/><T74/><REACH who="0" step="1"/><D106/><REACH who="0" ten="240,250,250,250" step="2"/><U50/><E109/><V7/><F111/><W62/><G114/><T87/><D87/><U66/><E110/><V71/><F108/><W131/><G131/><T104/><D104/><U9/><E69/><V41/><F71/><W21/><AGARI ba="0,1" hai="8,10,17,21,25,48,52,56,59,62,67" m="47383" machi="21" ten="30,2000,0" yaku="8,1,54,1" doraHai="32" who="3" fromWho="3" sc="240,-10,250,-5,250,-5,250,30" /><INIT seed="1,0,0,2,0,89" ten="230,245,245,280" oya="1" hai0="109,5,25,94,120,128,14,71,52,96,40,45,88" hai1="13,130,95,58,66,10,19,12,99,118,97,119,98" hai2="114,83,127,74,6,124,50,43,7,101,132,8,4" hai3="112,0,20,56,134,111,11,27,122,80,82,53,62"/><U23/><E130/><V65/><F132/><W22/><G122/><T16/><D71/><U93/><E118/><V121/><F121/><W77/><G112/><T103/><D109/><U70/><E70/><V31/><F114/><W24/><G111/><T36/><D120/><U2/><E2/><V18/><F31/><W33/><G33/><T64/><D128/><U105/><E105/><V61/><F101/><W28/><G134/><T38/><D64/><U34/><E34/><V110/><F110/><W131/><G131/><T30/><D5/><N who="1" m="3151" /><E119/><V90/><F18/><W108/><G108/><T60/><D36/><U107/><E107/><V35/><F35/><W69/><G69/><T63/><D103/><U113/><E113/><V26/><F26/><W1/><G11/><T92/><D94/><N who="1" m="35851" /><E99/><V79/><F124/><W73/><G82/><T100/><D100/><U54/><E66/><V42/><F127/><W44/><G0/><T15/><D96/><U17/><E17/><V87/><F6/><W76/><G1/><T115/><D16/><U133/><E133/><V55/><F4/><W129/><G129/><T32/><D115/><U123/><E123/><V39/><F39/><W85/><G73/><T78/><D38/><U41/><E41/><V91/><F74/><W48/><G85/><N who="0" m="52239" /><D40/><N who="2" m="15402" /><F7/><W49/><G28/><T51/><D30/><U135/><E135/><V84/><F8/><W47/><G80/><T67/><D32/><U46/><E46/><N who="2" m="28119" /><F87/><W104/><G104/><T9/><D67/><U126/><E126/><V3/><F3/><W72/><G47/><T29/><D45/><RYUUKYOKU ba="0,0" sc="230,-15,245,15,245,15,280,-15" hai1="13,19,23,54,58,97,98" hai2="61,65,79,83,84,90,91" /><INIT seed="1,1,0,4,4,90" ten="215,260,260,265" oya="1" hai0="134,83,85,4,92,30,20,11,7,79,93,29,17" hai1="88,9,42,40,94,121,68,25,53,132,108,33,98" hai2="102,67,49,113,99,82,44,41,43,123,2,59,72" hai3="84,18,131,58,26,24,110,129,56,130,70,10,128"/><U127/><E121/><V81/><F123/><W28/><N who="3" m="32768" /><DORA hai="5" /><W80/><G70/><T103/><D134/><U23/><E68/><V77/><F113/><W34/><G110/><T51/><D51/><U48/><E33/><V31/><F2/><W95/><G95/><N who="0" m="36427" /><D103/><U91/><E108/><V61/><F82/><W119/><G119/><T75/><D75/><U86/><E132/><V12/><F31/><N who="0" m="11786" /><D11/><U15/><E127/><V111/><F111/><W76/><G10/><T107/><D107/><U63/><E63/><V57/><F12/><AGARI ba="1,0" hai="4,7,12,17,20,79,83,85" m="11786,36427" machi="12" ten="30,7700,0" yaku="8,1,52,3" doraHai="90,5" who="0" fromWho="2" sc="215,80,260,0,260,-80,265,0" /><INIT seed="2,0,0,3,1,129" ten="295,260,180,265" oya="2" hai0="55,104,12,31,39,40,89,62,63,115,92,18,4" hai1="26,58,110,118,85,109,3,23,53,56,66,57,33" hai2="123,133,82,65,22,43,105,87,112,113,126,32,91" hai3="99,73,83,61,34,36,102,119,7,76,122,8,75"/><V15/><F123/><W108/><G122/><T64/><D104/><U69/><E33/><V30/><F105/><W54/><G119/><T42/><D115/><U131/><E118/><V121/><F121/><W71/><G108/><N who="1" m="41578" /><E3/><V78/><F126/><W80/><G36/><T130/><D130/><U84/><E131/><V6/><F65/><W2/><G34/><T13/><D39/><U17/><E53/><V128/><F128/><W46/><G46/><T100/><D100/><U47/><E47/><V81/><F43/><W96/><G102/><T111/><D31/><U21/><E21/><V38/><F38/><W35/><G35/><T14/><D4/><U135/><E135/><V68/><F68/><W0/><G0/><T41/><D111/><U19/><E19/><V86/><F133/><W1/><G1/><T20/><D55/><U67/><E69/><V52/><F32/><W74/><G71/><T16/><D18/><U117/><E117/><V77/><F91/><W125/><G125/><T114/><D114/><U120/><E120/><V70/><F70/><W95/><G76/><T5/><D5/><U25/><E25/><N who="2" m="16695" /><F52/><W45/><G45/><T59/><REACH who="0" step="1"/><D63/><REACH who="0" ten="285,260,180,265" step="2"/><U72/><E67/><V116/><F116/><W37/><G37/><T49/><D49/><U107/><E66/><V60/><F60/><W79/><G61/><T28/><D28/><U94/><E107/><V132/><F132/><W98/><G54/><T11/><D11/><U27/><E17/><V90/><F90/><N who="3" m="55415" /><G79/><T9/><D9/><U88/><E88/><V134/><F134/><W124/><G124/><RYUUKYOKU ba="0,1" sc="285,10,260,-30,180,10,265,10" hai0="12,13,14,16,20,40,41,42,59,62,64,89,92" hai2="6,15,77,78,81,82,86,87,112,113" hai3="2,7,8,73,74,75,80,83,98,99" /><INIT seed="2,1,1,2,5,47" ten="295,230,190,275" oya="2" hai0="48,73,32,58,52,77,63,111,83,42,21,78,14" hai1="61,119,55,33,27,10,112,88,36,113,120,80,114" hai2="39,102,37,72,66,49,92,16,30,35,51,26,75" hai3="129,64,105,20,96,67,89,31,7,38,6,115,133"/><V9/><F66/><N who="3" m="25131" /><G38/><T98/><D32/><U128/><E119/><V23/><F9/><W43/><G105/><T17/><D111/><U125/><E36/><V62/><F62/><W29/><G133/><T19/><D78/><U22/><E33/><V13/><F102/><W56/><G129/><T34/><D34/><U82/><E128/><V2/><F2/><W108/><G108/><T87/><D98/><U97/><E125/><V70/><F70/><W100/><G115/><T41/><D73/><U4/><E120/><V74/><F39/><W65/><G43/><N who="0" m="16395" /><D19/><U15/><E61/><AGARI ba="1,1" hai="14,17,21,48,52,58,61,63,77,83,87" m="16395" machi="61" ten="30,3900,0" yaku="8,1,52,1,54,1" doraHai="47" who="0" fromWho="1" sc="295,52,230,-42,190,0,275,0" /><INIT seed="3,0,0,4,2,94" ten="347,188,190,275" oya="3" hai0="68,89,87,125,10,69,127,64,108,75,44,134,97" hai1="56,120,30,92,19,22,79,71,65,15,88,39,8" hai2="40,96,41,133,102,110,16,6,31,35,50,49,63" hai3="51,28,66,27,113,118,82,17,18,42,74,132,117"/><W11/><G113/><T100/><D75/><U76/><E71/><V32/><F110/><W103/><G66/><T52/><D10/><U37/><E120/><V109/><F16/><W34/><G132/><T123/><D108/><U98/><E39/><V135/><F6/><W60/><G60/><T29/><D29/><U104/><E104/><N who="2" m="63559" /><F63/><W90/><G103/><T45/><D123/><U91/><E37/><V99/><F99/><W1/><G18/><T85/><D134/><N who="2" m="51210" /><F109/><W3/><G17/><T59/><D64/><U121/><E121/><V25/><F35/><W38/><G38/><T77/><D97/><U14/><E91/><V131/><F131/><W83/><G90/><T73/><D100/><U9/><E9/><V81/><F81/><W72/><G11/><T13/><D89/><U62/><E30/><V21/><F32/><W67/><G67/><T86/><D68/><U2/><E2/><V122/><F122/><W61/><G61/><T119/><D69/><U24/><E24/><V129/><F129/><W55/><G34/><T130/><D130/><U54/><E65/><V101/><F101/><W105/><G27/><T70/><D70/><U112/><E112/><V116/><F116/><W78/><G28/><T80/><D119/><U84/><E98/><V111/><F111/><W7/><G117/><T20/><D125/><U106/><E106/><V124/><F124/><W115/><G105/><T46/><D127/><U36/><E36/><V107/><F107/><W58/><G118/><T12/><D20/><U4/><AGARI ba="0,0" hai="4,8,14,15,19,22,54,56,62,76,79,84,88,92" machi="4" ten="20,5200,0" yaku="0,1,7,1,8,1,54,1" doraHai="94" who="1" fromWho="1" sc="347,-13,188,52,190,-13,275,-26" owari="334,43.4,240,-16.0,177,-32.3,249,4.9" /></mjloggm>