<mjloggm ver="2.3"><GO type="225" lobby="0"/><UN n0="%E3%81%AF%E3%82%88%E3%81%8A%E3%81%98%E3%81%95%E3%82%93" n1="%E3%83%A9%E3%82%B9%E7%8E%87%EF%BC%93%E5%89%B2" n2="%E5%8F%AF%E5%85%90%E9%82%A3%E7%94%B1%E5%A4%9A" n3="%45%6C%79%73%69%75%6D" dan="17,16,17,17" rate="2206.31,2186.49,2241.29,2107.93" sx="M,F,F,F"/><TAIKYOKU oya="0"/><INIT seed="0,0,0,4,5,83" ten="250,250,250,250" oya="0" hai0="7,87,98,94,21,26,68,123,135,44,30,48,79" hai1="96,11,120,90,114,91,102,5,56,3,86,50,106" hai2="77,105,2,95,92,31,97,62,57,0,18,51,121" hai3="124,34,6,66,107,9,109,84,38,70,25,4,41"/><T104/><D135/><U132/><E120/><V13/><F121/><W14/><G109/><T117/><D123/><U130/><E132/><V115/><F115/><W59/><G124/><T55/><D117/><U112/><E130/><V100/><F31/><W58/><G107/><T127/><D127/><U99/><E99/><V10/><F77/><W67/><G4/><T78/><D68/><U36/><E36/><V93/><REACH who="2" step="1"/><F51/><REACH who="2" ten="250,250,240,250" step="2"/><W17/><G38/><T131/><D131/><U8/><E114/><V75/><F75/><W122/><G122/><T74/><D74/><U52/><E112/><V118/><F118/><W46/><G34/><T71/><D79/><U116/><E116/><V65/><AGARI ba="0,1" hai="0,2,10,13,18,57,62,65,92,93,95,97,100,105" machi="65" ten="30,2000,0" yaku="1,1,0,1,53,0" doraHai="83" doraHaiUra="28" who="2" fromWho="2" sc="250,-10,250,-5,240,30,250,-5" /><INIT seed="1,0,0,2,1,117" ten="240,245,270,245" oya="1" hai0="79,108,111,42,60,53,14,105,52,135,10,36,126" hai1="122,61,119,47,131,34,0,16,2,5,77,15,89" hai2="109,93,97,129,43,8,90,86,66,83,124,73,3" hai3="51,11,107,21,59,19,113,104,6,65,100,70,32"/><U99/><E119/><V29/><F109/><N who="0" m="42058" /><D105/><U118/><E118/><V112/><F124/><W38/><G38/><T115/><D126/><U125/><E125/><V49/><F129/><W101/><G32/><T116/><D116/><U24/><E131/><V57/><F112/><W134/><G134/><T81/><D115/><U75/><E75/><V50/><F73/><W110/><G110/><T58/><D135/><U40/><E77/><V55/><F29/><W96/><G113/><T26/><D26/><U4/><E61/><V12/><F3/><W56/><G70/><T54/><D42/><U87/><E99/><V13/><F66/><W114/><G114/><T20/><D20/><U82/><E2/><V35/><F35/><W76/><G76/><T88/><D36/><U25/><E25/><V62/><F43/><W106/><G101/><T41/><D41/><U63/><E63/><V98/><F98/><W45/><G65/><T95/><D81/><U127/><E0/><V7/><REACH who="2" step="1"/><F13/><REACH who="2" ten="240,245,260,245" step="2"/><W128/><G128/><T123/><D53/><U48/><E127/><V28/><F28/><W37/><G96/><N who="0" m="57447" /><D54/><U18/><E34/><V85/><F85/><W78/><G106/><T102/><D102/><AGARI ba="0,1" hai="7,8,12,49,50,55,57,62,83,86,90,93,97,102" machi="102" ten="30,3900,0" yaku="1,1,7,1,8,1,53,0" doraHai="117" doraHaiUra="133" who="2" fromWho="0" sc="240,-39,245,0,260,49,245,0" /><INIT seed="2,0,0,4,5,76" ten="201,245,309,245" oya="2" hai0="16,100,129,63,40,119,12,83,2,0,69,37,54" hai1="91,32,3,86,123,101,67,64,27,110,74,66,38" hai2="75,8,30,134,55,93,50,25,71,28,113,81,49" hai3="52,57,135,87,124,35,33,9,105,79,106,39,13"/><V17/><F113/><W116/><G39/><T19/><D129/><U115/><E115/><V102/><F71/><W111/><G116/><T59/><D119/><U88/><E74/><V96/><F134/><W77/><G135/><T34/><D34/><U18/><E38/><V11/><F49/><W108/><G124/><T126/><D126/><U48/><E3/><V125/><F125/><W24/><G105/><T130/><D130/><U21/><E110/><N who="3" m="42026" /><G106/><T99/><D69/><U97/><E123/><V14/><F8/><W80/><G77/><T112/><D112/><U94/><E32/><V65/><F65/><W26/><G26/><T89/><D40/><U23/><E48/><V15/><F15/><W90/><G24/><T128/><D37/><U131/><E131/><V107/><F107/><W133/><G79/><T68/><D68/><U61/><E23/><V36/><F36/><W5/><G133/><T103/><D128/><U132/><E91/><V51/><F75/><W121/><G121/><T29/><D29/><N who="2" m="11370" /><F25/><W58/><G58/><T70/><D70/><U20/><E20/><V84/><F55/><W127/><G127/><T1/><D103/><U4/><E4/><V120/><F120/><W45/><G45/><T41/><D41/><U43/><E43/><V82/><F102/><W22/><G22/><T78/><D89/><U98/><E132/><V104/><F104/><W73/><G73/><N who="0" m="43471" /><D12/><U10/><E10/><V109/><F109/><W72/><G72/><T56/><D59/><N who="1" m="36927" /><E101/><N who="2" m="60559" /><F84/><W60/><AGARI ba="0,0" hai="5,9,13,33,35,52,57,60,80,87,90" m="42026" machi="60" ten="30,4000,0" yaku="14,1,52,1,54,1" doraHai="76" who="3" fromWho="3" sc="201,-10,245,-10,309,-20,245,40" /><INIT seed="3,0,0,5,3,41" ten="191,235,289,285" oya="3" hai0="22,95,103,65,82,4,40,120,72,126,44,112,34" hai1="124,106,89,14,64,62,123,68,47,28,71,6,11" hai2="97,110,94,88,128,132,125,23,21,127,13,86,29" hai3="118,37,61,0,19,70,113,59,48,99,131,60,17"/><W115/><G0/><T130/><D120/><U8/><E123/><V135/><F110/><W55/><G99/><T53/><D34/><U33/><E124/><N who="2" m="47691" /><F128/><W111/><G17/><T75/><D126/><U27/><E106/><V96/><F13/><W102/><G19/><T50/><D130/><U36/><E89/><V77/><F97/><W18/><G18/><T25/><D112/><N who="3" m="43081" /><G102/><T46/><D65/><U30/><E30/><V9/><F9/><W105/><G105/><T90/><D4/><U52/><E11/><V38/><F38/><W67/><G37/><T101/><D82/><U81/><E81/><N who="2" m="47407" /><F29/><W20/><G20/><AGARI ba="0,0" hai="20,21,23,88,94,96,132,135" m="47407,47691" machi="20" ten="30,2000,0" yaku="18,1,54,1" doraHai="41" who="2" fromWho="3" sc="191,0,235,0,289,20,285,-20" owari="191,-30.9,235,-16.5,309,40.9,265,6.5" /></mjloggm>