<mjloggm ver="2.3"><GO type="225" lobby="0"/><UN n0="%4B%2E%32%2E%4B%2E" n1="%61%69%73%79%6F" n2="%E3%81%9D%E3%81%8A%E3%81%9D%E3%81%9D" n3="%38%63%E3%81%AF%E3%81%A3%E3%81%97%E3%83%BC" dan="17,17,16,16" rate="2247.68,2213.76,2086.38,2116.31" sx="M,M,M,M"/><TAIKYOKU oya="0"/><INIT seed="0,0,0,1,5,115" ten="250,250,250,250" oya="0" hai0="97,3,88,64,60,0,135,100,93,110,50,14,118" hai1="98,113,72,36,128,129,131,57,17,125,46,91,18" hai2="55,84,63,49,74,70,66,75,19,111,124,29,130" hai3="65,126,33,76,39,32,108,37,5,78,47,133,24"/><T104/><D135/><U45/><E113/><V34/><F111/><W51/><G108/><T67/><D110/><U23/><E72/><V1/><F1/><W56/><G5/><T79/><D118/><U25/><E125/><V35/><F124/><W15/><G15/><T134/><D134/><U22/><E57/><V107/><F107/><W73/><G73/><T85/><D79/><U109/><E109/><V52/><F55/><W62/><G133/><T77/><D77/><U117/><E117/><V38/><F38/><W53/><G126/><T12/><D67/><U42/><E46/><V41/><F41/><W106/><G106/><T89/><D50/><U7/><E7/><V44/><F130/><W54/><G78/><T68/><D12/><U94/><REACH who="1" step="1"/><E23/><REACH who="1" ten="250,240,250,250" step="2"/><V48/><F74/><W26/><G33/><T40/><D40/><U28/><AGARI ba="0,1" hai="17,18,22,25,28,36,42,45,91,94,98,128,129,131" machi="28" ten="30,7900,0" yaku="1,1,2,1,0,1,19,1,53,0" doraHai="115" doraHaiUra="102" who="1" fromWho="1" sc="250,-39,240,89,250,-20,250,-20" /><INIT seed="1,0,0,3,0,46" ten="211,329,230,230" oya="1" hai0="58,5,134,114,130,120,2,19,95,28,113,7,37" hai1="79,132,125,64,71,54,14,22,43,62,3,56,126" hai2="106,128,66,116,0,17,48,90,96,69,63,30,122" hai3="88,15,26,41,1,127,121,115,53,102,31,57,124"/><U12/><E3/><V67/><F122/><W50/><G1/><T6/><D37/><U133/><E79/><V29/><F116/><W123/><G102/><T109/><D58/><U77/><E77/><V44/><F0/><W60/><G15/><N who="1" m="5674" /><E43/><V65/><F63/><W110/><G115/><N who="0" m="44043" /><D95/><U89/><E22/><V100/><F69/><W10/><G10/><N who="0" m="2359" /><D120/><U27/><E27/><V74/><F74/><W81/><G121/><T119/><D119/><U21/><E21/><V105/><F106/><W108/><G123/><T36/><D36/><U97/><E97/><V80/><F17/><W111/><G41/><T129/><D109/><U117/><E89/><V55/><F80/><W68/><G68/><T49/><D49/><N who="1" m="30799" /><E117/><V75/><F75/><W103/><G103/><T47/><D47/><U85/><E85/><V82/><F90/><W94/><G60/><T112/><N who="0" m="44051" /><T42/><DORA hai="59" /><D42/><U51/><E51/><V101/><F48/><W38/><G38/><T76/><D76/><U4/><E4/><N who="0" m="1577" /><D134/><AGARI ba="0,0" hai="62,64,71,125,126,132,133,134" m="30799,5674" machi="134" ten="30,5800,0" yaku="20,1,52,2" doraHai="46,59" who="1" fromWho="0" sc="211,-58,329,58,230,0,230,0" /><INIT seed="1,1,0,4,3,95" ten="153,387,230,230" oya="1" hai0="11,58,117,16,13,25,111,39,78,31,0,76,42" hai1="30,27,96,9,56,21,49,98,127,105,118,18,20" hai2="37,34,85,1,54,17,53,119,107,67,132,12,106" hai3="94,83,29,100,97,40,82,51,26,72,38,75,79"/><U19/><E118/><V109/><F119/><W41/><G38/><T110/><D117/><U74/><E74/><V52/><F37/><W66/><G66/><T90/><D0/><U23/><E105/><V92/><F1/><W131/><G131/><T71/><D71/><U124/><E9/><V10/><F34/><W33/><REACH who="3" step="1"/><G51/><REACH who="3" ten="153,387,230,220" step="2"/><T60/><D110/><U88/><E124/><V22/><F67/><W8/><G8/><T77/><D111/><U63/><E127/><V121/><F109/><W24/><G24/><T70/><D70/><U84/><E49/><V15/><F121/><W102/><G102/><T101/><D101/><U3/><E3/><V122/><F122/><W35/><G35/><T65/><D90/><U86/><E23/><V68/><F68/><W112/><G112/><T59/><D59/><U50/><E50/><V130/><F130/><W28/><G28/><T91/><D91/><U135/><E30/><V44/><F10/><W126/><G126/><T2/><D2/><U103/><E103/><V45/><F107/><W4/><G4/><T120/><D120/><U47/><E47/><V64/><F106/><W5/><G5/><T99/><D25/><U104/><E104/><V14/><F64/><W6/><G6/><T73/><D31/><U114/><E114/><V125/><F125/><W61/><G61/><T46/><REACH who="0" step="1"/><D73/><REACH who="0" ten="143,387,230,220" step="2"/><U89/><E27/><V87/><F15/><W32/><G32/><T57/><D57/><U81/><E56/><V43/><F14/><W7/><G7/><T108/><D108/><U115/><E115/><V128/><F12/><RYUUKYOKU ba="1,2" sc="143,15,387,-15,230,-15,220,15" hai0="11,13,16,39,42,46,58,60,65,76,77,78,99" hai3="26,29,33,40,41,72,75,79,82,83,94,97,100" /><INIT seed="2,2,2,3,0,85" ten="158,372,215,235" oya="2" hai0="56,107,3,45,51,23,130,52,61,30,34,76,120" hai1="121,47,63,71,111,10,12,6,2,106,49,122,53" hai2="87,86,62,104,59,119,55,135,95,113,7,80,83" hai3="35,60,125,93,29,18,46,88,79,41,105,77,127"/><V73/><F104/><W70/><G105/><T102/><D120/><N who="1" m="46187" /><E106/><V81/><F119/><W90/><G18/><T128/><D34/><U100/><E100/><V124/><F113/><W19/><G19/><T132/><D3/><U28/><E28/><V48/><F73/><W50/><G29/><T8/><D8/><U112/><E111/><V37/><F37/><W101/><G35/><T66/><D132/><U44/><E112/><V24/><F135/><W68/><G101/><T133/><D76/><N who="3" m="29257" /><G93/><T91/><D133/><U99/><E99/><V0/><F124/><N who="3" m="47691" /><G60/><T14/><D91/><AGARI ba="2,2" hai="41,46,50,68,70,88,90,91" m="47691,29257" machi="91" ten="30,8000,1" yaku="18,1,52,3,54,1" doraHai="85" who="3" fromWho="0" sc="158,-86,372,0,215,0,235,106" /><INIT seed="3,0,0,2,2,108" ten="72,372,215,341" oya="3" hai0="67,93,53,23,34,120,74,129,64,20,89,25,13" hai1="19,12,39,107,66,21,77,58,36,49,54,116,79" hai2="70,105,72,73,41,124,47,33,128,86,92,57,48" hai3="118,2,32,9,17,45,85,35,15,30,76,29,69"/><W88/><G69/><T0/><D129/><U102/><E116/><V80/><F105/><W16/><G118/><T82/><D120/><U28/><E36/><V10/><F57/><W133/><G133/><T37/><D0/><U90/><E39/><V84/><F92/><W130/><G130/><T24/><D74/><U51/><E107/><V55/><F86/><W7/><G76/><T44/><D34/><U61/><E102/><V99/><F99/><W83/><G17/><T71/><D37/><U27/><E90/><V14/><F33/><W109/><G109/><T46/><D71/><U113/><E113/><V22/><F22/><W121/><G121/><T59/><D82/><U60/><E51/><V87/><F84/><W96/><G32/><T132/><D132/><U56/><E61/><V11/><F10/><AGARI ba="0,0" hai="10,12,19,21,27,28,49,54,56,58,60,66,77,79" machi="10" ten="30,2000,0" yaku="7,1,8,1" doraHai="108" who="1" fromWho="2" sc="72,0,372,20,215,-20,341,0" owari="72,-42.8,392,49.2,195,-20.5,341,14.1" /></mjloggm>