<mjloggm ver="2.3"><GO type="225" lobby="0"/><UN n0="%E3%81%B5%E3%81%98%E3%81%8B%E3%81%A4" n1="%E3%81%BF%E3%81%BF%E3%81%9A" n2="%E4%BF%BA%E3%81%A8%E5%A6%96%E5%A4%A2" n3="%E6%97%A5%E6%9B%9C%E6%97%A5%E3%82%88%E3%82%8A%E3%81%AE%E4%BD%BF%E8%80%85" dan="16,18,17,17" rate="2163.24,2230.85,2167.05,2092.43" sx="M,M,F,M"/><TAIKYOKU oya="0"/><INIT seed="0,0,0,3,4,68" ten="250,250,250,250" oya="0" hai0="133,31,114,56,2,111,25,128,39,104,122,135,10" hai1="59,88,6,91,22,12,103,83,101,120,19,5,44" hai2="78,20,80,9,62,53,72,29,51,116,42,85,92" hai3="76,132,24,28,130,95,121,47,52,97,125,89,43"/><T75/><RYUUKYOKU type="yao9" ba="0,0" sc="250,0,250,0,250,0,250,0" hai0="2,10,25,31,39,56,75,104,111,114,122,128,133,135" /><INIT seed="0,1,0,4,1,122" ten="250,250,250,250" oya="0" hai0="112,66,18,117,78,134,64,29,102,133,70,34,94" hai1="38,53,132,74,63,87,17,96,27,23,67,79,44" hai2="118,61,11,101,91,25,31,84,77,71,42,26,103" hai3="20,41,59,47,124,113,126,15,57,37,58,8,10"/><T135/><D117/><U86/><E132/><V85/><F118/><W107/><G107/><T32/><D112/><U35/><E35/><N who="0" m="13353" /><D78/><U80/><E96/><V60/><F42/><W125/><REACH who="3" step="1"/><G113/><REACH who="3" ten="250,250,250,240" step="2"/><T3/><D135/><U130/><E130/><V9/><F71/><W24/><G24/><T104/><D70/><U19/><E38/><V36/><F36/><W76/><G76/><T16/><D104/><U5/><E27/><V48/><F77/><W93/><G93/><T69/><D69/><U39/><E79/><V7/><F26/><W123/><G123/><T92/><D133/><U115/><E39/><V56/><F25/><W2/><G2/><T128/><D128/><U4/><E115/><V51/><F31/><W0/><G0/><T82/><D3/><U131/><E131/><V54/><F103/><W13/><G13/><T46/><D29/><U114/><E114/><V40/><F101/><W14/><G14/><T75/><D102/><U97/><E74/><V52/><F91/><W49/><G49/><T81/><D75/><U62/><E80/><V106/><F106/><W129/><G129/><T30/><D30/><U89/><E89/><V90/><F90/><W22/><G22/><T33/><D33/><U99/><E23/><V121/><F121/><W108/><G108/><T45/><D134/><U98/><E62/><V105/><F105/><W111/><G111/><T21/><D82/><U95/><E95/><N who="0" m="36393" /><D81/><U50/><E87/><V109/><F109/><W43/><G43/><T6/><D21/><U83/><E86/><V65/><F40/><W120/><G120/><RYUUKYOKU ba="1,1" sc="250,-10,250,-10,250,-10,240,30" hai3="8,10,15,20,37,41,47,57,58,59,124,125,126" /><INIT seed="1,2,1,3,2,52" ten="240,240,240,270" oya="1" hai0="131,37,20,61,87,76,16,21,96,128,54,0,109" hai1="2,3,112,33,50,15,102,1,129,86,124,40,127" hai2="47,121,41,101,26,23,123,9,60,58,113,74,28" hai3="68,42,44,81,120,31,45,59,94,118,133,99,8"/><U5/><E112/><V32/><F74/><W57/><G68/><T80/><D0/><U75/><E75/><V105/><F113/><W126/><G120/><T92/><D37/><U63/><E33/><V38/><F9/><W125/><G133/><T10/><D109/><U51/><E129/><N who="0" m="49737" /><D10/><N who="1" m="4559" /><E40/><V83/><F83/><W22/><G8/><T69/><D69/><U27/><E27/><V108/><F108/><W30/><G81/><T100/><D16/><U82/><E102/><V62/><F62/><W122/><G122/><T107/><D107/><U110/><E63/><V43/><F43/><W53/><G118/><T24/><D24/><U64/><E64/><V91/><F91/><N who="3" m="55775" /><G53/><T66/><D66/><U19/><E19/><V36/><F36/><N who="3" m="21575" /><G45/><T72/><D72/><U34/><E34/><V48/><F38/><W132/><G132/><T4/><D4/><U12/><E12/><V79/><F32/><W134/><G134/><T67/><D67/><U73/><E73/><V65/><REACH who="2" step="1"/><F79/><REACH who="2" ten="240,240,230,270" step="2"/><W29/><G22/><N who="0" m="8811" /><D61/><U89/><E110/><V103/><F103/><W114/><G114/><T39/><D39/><U97/><E50/><V98/><AGARI ba="2,2" hai="23,26,28,41,47,48,58,60,65,98,101,105,121,123" machi="98" ten="30,4000,0" yaku="1,1,0,1,52,1,53,0" doraHai="52" doraHaiUra="78" who="2" fromWho="2" sc="240,-12,240,-22,230,66,270,-12" /><INIT seed="2,0,0,3,1,82" ten="228,218,296,258" oya="2" hai0="53,16,121,77,99,40,135,108,36,60,33,0,110" hai1="70,46,1,20,73,115,116,49,32,120,96,42,79" hai2="30,7,72,44,25,28,80,10,12,54,26,125,57" hai3="39,117,34,21,13,56,11,41,118,23,50,97,111"/><V123/><F123/><W126/><G34/><T106/><D121/><U29/><E120/><V101/><F125/><W92/><G39/><T132/><D0/><U74/><E115/><V119/><F119/><W51/><G126/><T4/><D4/><U83/><E116/><V35/><F101/><N who="3" m="60583" /><G111/><N who="0" m="42539" /><D33/><U9/><E70/><V129/><F44/><N who="3" m="25871" /><G118/><T3/><D3/><U17/><E32/><V124/><F129/><W105/><G105/><T91/><D77/><U14/><E96/><V88/><F72/><W48/><G117/><T112/><D112/><U130/><E130/><V18/><F124/><W104/><G104/><T52/><D106/><U128/><E128/><V27/><F7/><N who="3" m="3327" /><G51/><T5/><D5/><U86/><REACH who="1" step="1"/><E1/><REACH who="1" ten="228,208,296,258" step="2"/><V66/><F35/><W63/><G48/><T31/><D99/><U2/><E2/><V67/><F30/><W58/><G58/><N who="0" m="34887" /><D31/><U68/><E68/><V114/><F28/><W134/><G134/><T61/><D135/><U45/><E45/><V71/><F114/><W109/><G109/><T102/><D132/><U22/><E22/><V76/><F71/><W6/><G6/><T113/><D113/><U62/><E62/><V64/><F57/><W87/><G56/><T94/><D61/><U69/><E69/><V85/><F54/><W81/><G63/><T15/><D53/><U107/><E107/><V59/><F59/><W78/><AGARI ba="0,1" hai="21,23,78,81,87" m="3327,25871,60583" machi="78" ten="30,4000,0" yaku="25,1,8,1,52,1" doraHai="82" who="3" fromWho="3" sc="228,-10,208,-10,296,-20,258,50" /><INIT seed="3,0,0,2,1,24" ten="218,198,276,308" oya="3" hai0="48,127,98,118,33,132,1,122,58,2,34,111,110" hai1="53,25,114,13,129,94,86,4,68,102,105,82,126" hai2="23,72,79,26,16,92,30,101,61,46,119,19,121" hai3="29,70,9,76,28,91,22,100,99,47,42,83,7"/><W93/><G70/><T27/><D122/><U55/><E114/><V109/><F119/><W89/><G22/><T74/><D118/><U31/><E68/><V0/><F0/><N who="0" m="106" /><D74/><U96/><E126/><V59/><F121/><W11/><G91/><T12/><D127/><U54/><E129/><V14/><F109/><N who="0" m="41482" /><D132/><U95/><E13/><V57/><F79/><W81/><G89/><T113/><D113/><U69/><E4/><V36/><F72/><W108/><G108/><T88/><D12/><U78/><REACH who="1" step="1"/><E69/><REACH who="1" ten="218,188,276,308" step="2"/><V133/><F14/><W15/><G9/><T50/><D27/><U112/><E112/><V85/><F133/><W115/><G115/><T103/><D88/><U60/><E60/><V67/><F61/><W90/><G90/><T45/><D58/><U117/><E117/><V97/><F57/><W87/><G81/><T130/><D130/><U37/><E37/><AGARI ba="0,1" hai="7,11,15,28,29,37,42,47,76,83,87,93,99,100" machi="37" ten="30,5800,0" yaku="7,1,52,2" doraHai="24" who="3" fromWho="1" sc="218,0,188,-58,276,0,308,68" owari="218,-18.2,130,-37.0,276,7.6,376,47.6" /></mjloggm>