<mjloggm ver="2.3"><GO type="225" lobby="0"/><UN n0="%E3%81%A9%E3%82%8F%E3%82%93%E3%81%94" n1="%E2%98%86%E5%AD%AB%E7%87%95%E5%A7%BF%E2%98%86" n2="%E3%81%B5%E3%81%98%E3%81%8B%E3%81%A4" n3="%72%69%6F%75%63%68%61%6E" dan="16,16,16,16" rate="2086.15,2180.36,2157.97,2143.75" sx="M,M,M,M"/><TAIKYOKU oya="0"/><INIT seed="0,0,0,0,0,94" ten="250,250,250,250" oya="0" hai0="123,49,31,121,110,52,70,128,122,25,119,109,7" hai1="102,129,88,48,89,90,130,71,12,14,18,58,73" hai2="81,64,6,19,34,86,79,77,98,39,36,99,67" hai3="32,135,134,54,47,59,2,33,28,95,87,124,65"/><T105/><D7/><U93/><E71/><V133/><F34/><W42/><G124/><T8/><D119/><U103/><E73/><V53/><F6/><W68/><G2/><T80/><D70/><U131/><E93/><V27/><F133/><N who="3" m="50699" /><G28/><T113/><D8/><U75/><E75/><V37/><F53/><W60/><G87/><T17/><D17/><U132/><E132/><V50/><F50/><N who="3" m="31191" /><G95/><T51/><D113/><U22/><E14/><V24/><F19/><W126/><G126/><T5/><D5/><U30/><E30/><V83/><F39/><AGARI ba="0,0" hai="32,33,39,42,47,60,65,68" m="31191,50699" machi="39" ten="30,2000,0" yaku="24,1,20,1" doraHai="94" who="3" fromWho="2" sc="250,0,250,0,250,-20,250,20" /><INIT seed="1,0,0,5,0,59" ten="250,250,230,270" oya="1" hai0="110,62,108,65,74,132,97,113,37,106,84,135,114" hai1="121,98,75,99,18,123,89,77,53,129,95,118,61" hai2="52,107,82,134,131,39,124,2,66,44,76,111,67" hai3="5,102,38,50,70,43,32,55,48,122,79,20,68"/><U72/><E118/><V63/><F124/><W28/><G122/><T35/><D35/><U54/><E129/><V56/><F107/><W119/><G32/><T58/><D74/><U36/><E36/><V85/><F131/><W6/><G119/><T94/><D84/><U26/><E98/><V128/><F128/><W47/><G38/><T91/><D37/><U25/><E54/><V31/><F2/><W120/><G120/><T130/><D106/><U11/><E26/><V86/><F134/><N who="0" m="51242" /><D130/><U127/><E127/><V117/><F117/><W83/><G102/><T103/><D103/><U17/><E17/><V7/><F111/><AGARI ba="0,0" hai="58,62,65,91,94,97,108,110,111,113,114" m="51242" machi="111" ten="30,3900,0" yaku="14,1,20,1,52,1" doraHai="59" who="0" fromWho="2" sc="250,39,250,0,230,-39,270,0" /><INIT seed="2,0,0,3,4,20" ten="289,250,191,270" oya="2" hai0="95,9,128,101,81,60,10,24,18,55,47,123,113" hai1="58,6,52,16,41,93,54,91,32,3,129,117,124" hai2="50,133,21,46,34,36,38,88,116,33,103,40,67" hai3="126,15,45,44,4,87,66,63,102,104,132,121,48"/><V108/><F116/><W25/><G121/><T74/><D128/><U65/><E117/><V79/><F103/><W64/><G126/><T78/><D113/><U71/><E32/><V14/><F133/><W43/><G132/><T8/><D123/><U7/><E129/><V59/><F79/><W1/><G1/><T98/><D60/><N who="1" m="38039" /><E71/><V31/><F108/><W0/><G0/><T28/><D47/><U12/><E41/><V17/><F88/><W77/><G44/><T82/><D82/><U84/><E3/><V130/><F130/><W83/><G63/><T115/><D55/><N who="1" m="21035" /><E124/><V119/><F119/><W92/><G104/><T80/><D80/><U109/><E109/><V111/><F111/><W107/><G107/><T106/><D106/><U75/><E75/><V85/><F85/><W122/><G122/><T2/><D115/><U76/><E76/><V99/><F99/><N who="3" m="59751" /><G25/><T127/><D2/><U53/><N who="1" m="21043" /><U120/><DORA hai="86" /><E120/><V26/><REACH who="2" step="1"/><F34/><REACH who="2" ten="289,250,181,270" step="2"/><W118/><G118/><T112/><D127/><U90/><E91/><V56/><F56/><W135/><G135/><T37/><D112/><U11/><AGARI ba="0,1" hai="6,7,11,12,16,84,90,93" m="21043,38039" machi="11" ten="30,7900,0" yaku="8,1,52,1,54,2" doraHai="20,86" who="1" fromWho="1" sc="289,-20,250,89,181,-39,270,-20" /><INIT seed="3,0,0,3,2,4" ten="269,339,142,250" oya="3" hai0="131,57,114,127,113,28,10,0,64,90,135,67,75" hai1="36,94,13,15,101,1,31,123,93,22,47,108,38" hai2="116,62,69,119,130,39,44,61,43,12,35,74,56" hai3="26,102,53,92,83,82,58,79,118,122,55,54,86"/><W132/><G118/><T27/><D75/><U7/><E1/><V60/><F74/><W8/><G122/><T76/><D76/><U33/><E33/><V29/><F35/><W95/><G132/><T125/><D135/><U52/><E38/><V109/><F29/><W120/><G120/><T17/><D90/><U121/><E36/><V2/><F2/><W9/><G58/><T19/><D57/><U106/><E106/><V41/><F12/><N who="1" m="4681" /><E7/><V5/><F5/><W128/><G128/><T84/><D84/><U98/><E108/><V88/><F130/><W14/><G14/><N who="0" m="7383" /><D19/><U46/><E123/><V16/><F109/><W77/><G26/><T97/><D97/><N who="1" m="59567" /><E52/><N who="3" m="13314" /><W85/><DORA hai="66" /><G95/><T50/><D50/><U100/><E121/><V89/><F43/><W37/><G37/><T80/><D80/><U34/><E34/><V6/><F6/><W78/><G79/><T126/><D0/><U18/><E18/><V73/><F73/><W72/><G72/><T107/><D107/><U117/><E117/><V91/><F56/><W96/><AGARI ba="0,0" hai="8,9,77,78,82,83,85,86,92,96,102" m="13314" machi="96" ten="40,12000,1" yaku="8,1,52,2,54,1" doraHai="4,66" who="3" fromWho="3" sc="269,-40,339,-40,142,-40,250,120" owari="229,-17.1,299,9.9,102,-39.8,370,47.0" /></mjloggm>