<mjloggm ver="2.3"><GO type="225" lobby="0"/><UN n0="%72%65%6E%6B%75%6E" n1="%E3%81%B5%E3%81%98%E3%81%8B%E3%81%A4" n2="%E3%81%BF%E3%81%BF%E3%81%9A" n3="%E7%99%BD%E5%92%B2%E8%8A%B1%E3%81%A1%E3%82%83%E3%82%93" dan="17,16,18,16" rate="2211.51,2191.39,2234.55,2123.43" sx="M,M,M,F"/><TAIKYOKU oya="0"/><INIT seed="0,0,0,0,2,53" ten="250,250,250,250" oya="0" hai0="32,14,112,13,36,3,74,109,77,11,30,17,135" hai1="124,132,61,134,128,27,92,57,15,24,114,107,103" hai2="8,100,96,71,19,52,55,106,28,91,115,51,33" hai3="130,41,18,23,82,38,83,58,133,56,72,21,64"/><T65/><D36/><U81/><E107/><V104/><F115/><W40/><G130/><T49/><D112/><U73/><E114/><V131/><F131/><W108/><G108/><T79/><D109/><U118/><E128/><V16/><F71/><W105/><G105/><T69/><D3/><U90/><E118/><V70/><F70/><W62/><G133/><N who="1" m="51306" /><E103/><V122/><F122/><W45/><G41/><T129/><D129/><U75/><E15/><V111/><F111/><W12/><G72/><N who="1" m="27722" /><E81/><V101/><F28/><W31/><REACH who="3" step="1"/><G58/><REACH who="3" ten="250,250,250,240" step="2"/><T43/><D74/><U10/><E124/><V5/><F106/><W25/><AGARI ba="0,1" hai="12,18,21,23,25,31,38,40,45,56,62,64,82,83" machi="25" ten="30,7900,0" yaku="1,1,2,1,0,1,52,1,53,0" doraHai="53" doraHaiUra="94" who="3" fromWho="3" sc="250,-39,250,-20,250,-20,240,89" /><INIT seed="1,0,0,0,4,113" ten="211,230,230,329" oya="1" hai0="40,126,90,96,84,78,99,114,25,69,89,50,15" hai1="108,119,13,27,87,133,123,116,118,46,65,109,70" hai2="134,9,10,47,58,51,4,29,57,97,121,74,86" hai3="39,34,75,53,112,16,95,124,48,19,18,101,55"/><U131/><E123/><V6/><F74/><W5/><G112/><T111/><D69/><U63/><E133/><V93/><F121/><W59/><G39/><T43/><D114/><U37/><E131/><V88/><F29/><W17/><G34/><T130/><D130/><U60/><E13/><V71/><F71/><W32/><G32/><T64/><D64/><N who="1" m="41223" /><E87/><V23/><F23/><W7/><G75/><T100/><D111/><N who="1" m="42571" /><E27/><V45/><F134/><W20/><G124/><T61/><D61/><U31/><E31/><V8/><F45/><N who="3" m="27791" /><G101/><T83/><D126/><U33/><E33/><V107/><F107/><W76/><G76/><T30/><D15/><U103/><E103/><V110/><F110/><W14/><G95/><N who="0" m="58495" /><D96/><U3/><E3/><V102/><F102/><W72/><G72/><T105/><D105/><U79/><E79/><V26/><F26/><W120/><G120/><T104/><D104/><U94/><E94/><V66/><F97/><W98/><G98/><T36/><D36/><U54/><E37/><V135/><F135/><W44/><G14/><T81/><D50/><N who="1" m="29015" /><E119/><V67/><F4/><W56/><G7/><T21/><D81/><U77/><E77/><V128/><F6/><W52/><G5/><T129/><D129/><U28/><E28/><V22/><F128/><W35/><G35/><T125/><D125/><U85/><E85/><V2/><F2/><W12/><G19/><T68/><D68/><AGARI ba="0,0" hai="63,65,68,116,118" m="29015,42571,41223" machi="68" ten="30,18000,2" yaku="14,1,10,1,34,2,52,2" doraHai="113" who="1" fromWho="0" sc="211,-180,230,180,230,0,329,0" /><INIT seed="1,1,0,0,3,13" ten="31,410,230,329" oya="1" hai0="26,78,127,34,104,49,22,70,110,56,14,113,109" hai1="24,73,128,66,100,8,105,80,74,42,4,88,10" hai2="97,117,77,116,48,92,72,63,45,69,35,3,130" hai3="103,54,123,85,114,38,31,135,82,15,67,37,50"/><U11/><E128/><V16/><F3/><W71/><G123/><T53/><D104/><U84/><E42/><V21/><F35/><W121/><G121/><T64/><D127/><U47/><E47/><V57/><F69/><W19/><G114/><T86/><D113/><U124/><E124/><V132/><F77/><W102/><G135/><T75/><D34/><U18/><E66/><V32/><F32/><W12/><G31/><T134/><D75/><U122/><E122/><V33/><F33/><W2/><G2/><T36/><D134/><U107/><E4/><V98/><F72/><W96/><G15/><T6/><D36/><U39/><E39/><V101/><F130/><W111/><G67/><T106/><D106/><U44/><E44/><V59/><F132/><W9/><G71/><T133/><D133/><U25/><E25/><N who="2" m="14503" /><F117/><W83/><G83/><T120/><D120/><U93/><E74/><V28/><F28/><W55/><G103/><T87/><D14/><N who="1" m="7519" /><E24/><V40/><F116/><W94/><G111/><T68/><D6/><U30/><E107/><V27/><F27/><W115/><G115/><T1/><D1/><U0/><E30/><V43/><F43/><W126/><G126/><T62/><D70/><U17/><E0/><V52/><F59/><W61/><G55/><T95/><D78/><N who="1" m="44111" /><E17/><V129/><F129/><W20/><G38/><T51/><D51/><U46/><E46/><V60/><F63/><W119/><G119/><T79/><D79/><U58/><E58/><V81/><F81/><W112/><G61/><T89/><D87/><U131/><E131/><RYUUKYOKU ba="1,0" sc="31,10,410,10,230,10,329,-30" hai0="22,26,49,53,56,62,64,68,86,89,95,109,110" hai1="8,10,84,88,93,100,105" hai2="40,45,48,52,57,60,92,97,98,101" /><INIT seed="1,2,0,0,0,73" ten="41,420,240,299" oya="1" hai0="131,45,78,6,0,5,66,128,11,53,56,134,64" hai1="109,62,67,41,91,116,1,32,63,111,122,9,68" hai2="135,43,55,20,126,87,125,54,108,100,80,44,127" hai3="65,124,27,76,12,98,81,105,50,69,23,117,85"/><U130/><E116/><V30/><F100/><W33/><G117/><T36/><D134/><U112/><E122/><V114/><F108/><N who="1" m="41545" /><E112/><V28/><F135/><W10/><G124/><T35/><D35/><U34/><E130/><V31/><F20/><W46/><G33/><N who="1" m="12906" /><E62/><V25/><F25/><W88/><G69/><T15/><D36/><U37/><E91/><V71/><F71/><W57/><G65/><T42/><D42/><U75/><E75/><V95/><F95/><W86/><G105/><T83/><D45/><N who="1" m="23727" /><E9/><V110/><F114/><W119/><G88/><T93/><D93/><U58/><E58/><V49/><REACH who="2" step="1"/><F110/><REACH who="2" ten="41,420,230,299" step="2"/><W101/><G119/><T38/><D128/><U14/><E68/><V77/><AGARI ba="2,1" hai="28,30,31,43,44,49,54,55,77,80,87,125,126,127" machi="77" ten="40,12000,2" yaku="1,1,2,1,0,1,18,1,52,1,53,1" doraHai="73" doraHaiUra="47" who="2" fromWho="2" sc="41,-32,420,-62,230,136,299,-32" /><INIT seed="2,0,0,2,3,51" ten="9,358,366,267" oya="2" hai0="42,80,70,128,103,33,54,16,10,109,39,9,31" hai1="45,132,89,134,48,92,93,41,81,130,97,86,60" hai2="65,34,3,129,29,105,28,101,24,17,63,56,2" hai3="127,66,36,62,113,46,100,15,59,111,18,124,95"/><V27/><F129/><W30/><G111/><T88/><D70/><U94/><E130/><V131/><F131/><W0/><G0/><T85/><D128/><U98/><REACH who="1" step="1"/><E60/><REACH who="1" ten="9,348,366,267" step="2"/><V68/><F56/><W37/><G113/><T44/><D109/><U7/><E7/><V118/><F118/><W125/><G30/><T58/><D103/><U71/><E71/><V47/><F17/><W40/><G36/><T13/><D31/><U112/><E112/><V84/><F47/><W19/><REACH who="3" step="1"/><G15/><REACH who="3" ten="9,348,366,257" step="2"/><T22/><D33/><U53/><E53/><V21/><F84/><W61/><G61/><AGARI ba="0,2" hai="9,10,13,16,22,39,42,44,54,58,61,80,85,88" machi="61" ten="30,7700,0" yaku="7,1,52,1,54,2" doraHai="51" who="0" fromWho="3" sc="9,97,348,0,366,0,257,-77" /><INIT seed="3,0,0,4,4,18" ten="106,348,366,180" oya="3" hai0="40,113,68,62,102,94,101,95,97,72,36,132,71" hai1="59,64,58,5,74,23,134,34,12,8,66,125,28" hai2="126,128,39,53,46,19,110,60,135,31,122,127,100" hai3="108,105,92,118,9,44,2,32,124,69,90,49,47"/><W52/><G118/><T48/><D72/><U133/><E74/><V112/><F112/><W96/><G124/><N who="2" m="47657" /><F110/><W30/><G69/><T1/><D1/><U123/><E125/><V99/><F128/><W56/><G108/><T22/><D113/><U10/><E123/><V70/><F135/><N who="1" m="51721" /><E34/><V109/><F109/><W61/><G105/><T51/><D132/><U29/><E10/><V129/><F129/><W82/><G32/><T55/><D36/><U88/><E29/><V7/><F7/><W86/><G30/><T42/><D62/><U130/><E130/><V131/><F131/><W119/><G119/><T57/><D57/><N who="1" m="21515" /><E88/><V45/><F122/><W78/><G2/><T107/><D55/><U26/><AGARI ba="0,0" hai="5,8,12,23,26,28,64,66" m="21515,51721" machi="26" ten="30,2000,0" yaku="20,1,52,1" doraHai="18" who="1" fromWho="1" sc="106,-5,348,20,366,-5,180,-10" owari="101,-39.9,368,46.8,361,16.1,170,-23.0" /></mjloggm>