<mjloggm ver="2.3"><GO type="225" lobby="0"/><UN n0="%E6%A0%B9%E5%85%83%E3%81%8B%E3%82%89%E5%90%B9%E3%81%A3%E9%A3%9B%E3%81%B6" n1="%E3%81%99%E3%81%84%E3%81%BE%E3%81%9B%E3%83%BC%E3%82%93" n2="%E3%80%93%E3%81%97%E3%83%BC%E3%82%89%E3%80%93" n3="%E8%90%BD%E6%97%A5" dan="17,18,16,17" rate="2151.01,2220.05,2077.20,2214.40" sx="F,M,M,F"/><TAIKYOKU oya="0"/><INIT seed="0,0,0,3,0,0" ten="250,250,250,250" oya="0" hai0="68,40,75,131,30,13,81,89,80,5,100,2,129" hai1="27,21,113,6,24,133,55,44,82,116,52,34,84" hai2="23,128,17,135,56,11,65,111,3,108,69,7,73" hai3="14,77,91,76,37,38,12,78,61,110,117,47,49"/><T4/><D68/><U25/><E116/><V98/><F73/><W132/><G117/><T20/><D100/><U15/><E133/><V22/><F135/><W86/><G132/><T72/><D40/><U57/><E113/><V121/><F121/><W26/><G110/><N who="2" m="42025" /><F128/><N who="0" m="49226" /><D2/><U94/><E94/><V126/><F126/><W59/><G26/><N who="1" m="10346" /><E34/><V107/><F69/><W114/><G114/><T33/><D33/><U115/><E115/><V101/><F17/><W67/><G38/><T105/><D105/><U70/><E70/><V124/><F124/><W51/><G37/><T53/><D53/><U99/><E99/><V112/><F112/><W103/><G103/><T58/><D58/><U130/><E130/><V79/><F79/><W123/><G123/><T83/><D89/><N who="1" m="51351" /><E57/><V28/><F28/><W74/><G74/><N who="0" m="28203" /><D30/><N who="1" m="17775" /><E44/><V102/><F102/><W97/><G97/><T9/><D9/><AGARI ba="0,0" hai="6,9,15,52,55" m="17775,51351,10346" machi="9" ten="30,3900,0" yaku="8,1,52,1,54,1" doraHai="0" who="1" fromWho="0" sc="250,-39,250,39,250,0,250,0" /><INIT seed="1,0,0,1,2,53" ten="211,289,250,250" oya="1" hai0="86,76,67,129,20,101,55,115,102,50,52,93,29" hai1="85,69,31,79,59,127,30,84,36,110,3,10,16" hai2="111,123,41,120,114,61,90,48,4,75,42,109,26" hai3="119,39,9,40,54,57,116,7,82,107,64,124,63"/><U56/><E69/><V28/><F75/><W126/><G107/><T117/><D115/><U112/><E112/><V13/><F114/><W73/><G73/><T68/><D117/><N who="3" m="45129" /><G82/><N who="0" m="47431" /><D68/><U77/><E36/><V133/><F133/><W118/><N who="3" m="45137" /><W18/><DORA hai="1" /><G18/><T135/><D67/><U43/><E43/><N who="2" m="16395" /><F48/><N who="3" m="30919" /><G40/><T14/><D129/><U97/><E127/><V128/><F90/><W33/><G33/><T45/><D135/><U89/><E3/><V60/><F128/><W74/><G74/><T70/><D70/><U88/><E110/><N who="2" m="41995" /><F26/><W105/><G105/><T99/><D102/><U23/><E79/><V21/><F28/><W37/><G37/><T131/><D131/><U103/><E77/><V72/><F72/><W22/><G39/><T38/><D38/><U100/><E31/><V80/><F80/><W132/><G132/><T32/><D32/><U17/><E30/><V62/><F21/><W24/><G22/><T12/><D55/><U104/><E23/><V27/><F27/><AGARI ba="0,0" hai="12,14,20,27,29,45,50,52,93,99,101" m="47431" machi="27" ten="30,2000,0" yaku="8,1,54,1" doraHai="53,1" who="0" fromWho="2" sc="211,20,289,0,250,-20,250,0" /><INIT seed="2,0,0,4,2,123" ten="231,289,230,250" oya="2" hai0="61,20,55,95,118,21,33,57,109,29,102,81,77" hai1="68,115,134,66,41,7,119,133,14,132,59,92,83" hai2="17,90,127,46,85,124,107,103,11,130,27,104,1" hai3="56,19,16,44,100,117,26,10,31,12,24,60,131"/><V28/><F130/><W50/><G117/><T75/><D118/><U82/><E119/><V45/><F17/><W47/><G131/><T65/><D33/><U62/><E115/><V125/><F11/><W2/><G2/><T105/><D105/><N who="2" m="40522" /><F1/><W38/><G38/><T80/><D80/><U48/><E92/><N who="2" m="54351" /><F103/><W8/><G100/><T39/><D39/><U129/><E129/><V106/><N who="2" m="40530" /><V98/><DORA hai="91" /><F98/><W49/><G31/><T76/><D102/><U128/><E128/><V22/><AGARI ba="0,0" hai="22,27,28,45,46,124,125,127" m="54351,40530" machi="22" ten="50,4800,0" yaku="18,1,52,1" doraHai="123,91" who="2" fromWho="2" sc="231,-16,289,-16,230,48,250,-16" /><INIT seed="2,1,0,2,2,84" ten="215,273,278,234" oya="2" hai0="50,5,62,10,57,33,135,0,60,87,44,91,69" hai1="16,30,61,126,90,94,118,2,31,123,12,26,112" hai2="134,59,48,121,47,51,97,113,49,74,122,45,76" hai3="130,54,127,7,55,82,6,125,85,65,40,3,99"/><V42/><F74/><W13/><G3/><T32/><D135/><U21/><E112/><V4/><F76/><W64/><G40/><T88/><D69/><U18/><E2/><V28/><F28/><W93/><G130/><T73/><D73/><U29/><E118/><V111/><F4/><W71/><G71/><T107/><D107/><U19/><E126/><N who="3" m="48138" /><G65/><T52/><D62/><U35/><E123/><N who="2" m="47115" /><F97/><W109/><G64/><T77/><D77/><U53/><E35/><V67/><F113/><W83/><G109/><T103/><D103/><U17/><E12/><V129/><F134/><W101/><G83/><T58/><D58/><N who="1" m="35023" /><E19/><V15/><F15/><W23/><G7/><T80/><D91/><U25/><E26/><V1/><F1/><W79/><G23/><T9/><D9/><AGARI ba="1,0" hai="6,9,13,54,55,79,82,85,93,99,101" m="48138" machi="9" ten="30,1000,0" yaku="18,1" doraHai="84" who="3" fromWho="0" sc="215,-13,273,0,278,0,234,13" /><INIT seed="3,0,0,0,5,32" ten="202,273,278,247" oya="3" hai0="29,96,15,120,91,106,105,124,39,134,57,65,4" hai1="116,2,86,23,64,77,80,84,112,20,94,49,132" hai2="126,70,5,125,75,63,98,12,60,53,109,100,62" hai3="135,108,30,1,22,6,85,51,128,36,48,47,37"/><W130/><G135/><T87/><D120/><U0/><E112/><V74/><F109/><W44/><G108/><T25/><D39/><N who="3" m="14921" /><G85/><T81/><D134/><U117/><E132/><V10/><F70/><W59/><G30/><T69/><D124/><N who="2" m="47722" /><F53/><N who="3" m="32167" /><G22/><N who="1" m="8234" /><E49/><V101/><F101/><W76/><G76/><T9/><D96/><U56/><E94/><AGARI ba="0,0" hai="5,10,12,60,62,63,74,75,94,98,100" m="47722" machi="94" ten="30,1000,0" yaku="18,1" doraHai="32" who="2" fromWho="1" sc="202,0,273,-10,278,10,247,0" /><INIT seed="4,0,0,2,0,82" ten="202,263,288,247" oya="0" hai0="47,127,13,133,16,9,27,70,125,33,106,96,7" hai1="81,49,116,31,3,25,124,93,29,134,4,123,54" hai2="104,38,43,118,115,135,56,10,39,121,78,2,1" hai3="41,114,74,40,14,111,92,129,5,28,72,77,19"/><T68/><D47/><U44/><E116/><V58/><F104/><W119/><G119/><T91/><D106/><U15/><E123/><V120/><F118/><W80/><G111/><T103/><D91/><U122/><E122/><V46/><F78/><W100/><G114/><T35/><D70/><U88/><E3/><V109/><F10/><W66/><G129/><T128/><D68/><U67/><E124/><N who="0" m="47689" /><D128/><U65/><E134/><V89/><F89/><W6/><G41/><T84/><D84/><N who="1" m="50191" /><E93/><V99/><F46/><W36/><G72/><T87/><D87/><U71/><E71/><V64/><F43/><W132/><G40/><T63/><D63/><U17/><E4/><V59/><F59/><W48/><G36/><T42/><D42/><U101/><E101/><V52/><F109/><W94/><G132/><T20/><D133/><U83/><E83/><V90/><F135/><W79/><G79/><T95/><AGARI ba="0,0" hai="7,9,13,16,20,27,33,35,95,96,103" m="47689" machi="95" ten="30,3000,0" yaku="18,1,54,1" doraHai="82" who="0" fromWho="0" sc="202,30,263,-10,288,-10,247,-10" /><INIT seed="4,1,0,0,5,131" ten="232,253,278,237" oya="0" hai0="45,43,9,1,96,15,113,56,46,118,109,50,125" hai1="41,76,4,116,49,37,18,126,123,90,31,21,63" hai2="13,70,59,67,44,36,110,53,132,38,130,68,8" hai3="102,55,119,72,127,122,7,117,30,47,22,133,93"/><T128/><D118/><U14/><E116/><V89/><F132/><W85/><G72/><T111/><D128/><U74/><E37/><V108/><F130/><W121/><G7/><T100/><D113/><U11/><E123/><N who="3" m="47114" /><G127/><T17/><D125/><U134/><E126/><V124/><F89/><N who="3" m="53423" /><G102/><T48/><D56/><U106/><E106/><V91/><F91/><W77/><G77/><T57/><D57/><U107/><E107/><V26/><F26/><N who="3" m="16727" /><G133/><T34/><D34/><U95/><E134/><V62/><F124/><W80/><G80/><T84/><D84/><U58/><E76/><V28/><F28/><W6/><G6/><T25/><D1/><U0/><E74/><V29/><F29/><W101/><G101/><T114/><D25/><N who="1" m="16815" /><E0/><V92/><F13/><W88/><G88/><T115/><D115/><U94/><E4/><V86/><F86/><W20/><G20/><T3/><D114/><U112/><E90/><V73/><F92/><W60/><G60/><T24/><D3/><U51/><E112/><V19/><F19/><W12/><G12/><T66/><D24/><U83/><E83/><V33/><F33/><W87/><G87/><T135/><D135/><U99/><E99/><V120/><F73/><W97/><G97/><T103/><D66/><N who="1" m="39287" /><E95/><V105/><F105/><W40/><G55/><T10/><D10/><U27/><E27/><V104/><F8/><W35/><G35/><T61/><D61/><U16/><E94/><V78/><F120/><W23/><G23/><T98/><D103/><U129/><E129/><V32/><F32/><W71/><G71/><RYUUKYOKU ba="1,0" sc="232,-10,253,-10,278,-10,237,30" hai3="40,47,117,119" /><INIT seed="5,2,0,5,4,83" ten="222,243,268,267" oya="1" hai0="50,87,36,92,52,28,19,63,116,135,76,47,38" hai1="106,133,4,113,1,94,97,79,98,84,7,125,86" hai2="78,44,39,90,62,11,42,14,35,12,73,56,6" hai3="40,8,101,45,128,109,120,130,67,10,119,25,74"/><U77/><E113/><V93/><F35/><W118/><G74/><T41/><D116/><N who="3" m="44585" /><G109/><T17/><D28/><U117/><E117/><V81/><F56/><W58/><G120/><T23/><D135/><U99/><E133/><V37/><F62/><N who="3" m="38359" /><G101/><T46/><D38/><U18/><E125/><V69/><F69/><W31/><G25/><T80/><D23/><U75/><E106/><V2/><F39/><N who="3" m="21663" /><G31/><T100/><REACH who="0" step="1"/><D63/><REACH who="0" ten="212,243,268,267" step="2"/><U5/><E1/><V126/><F126/><W72/><G72/><T24/><D24/><U29/><E29/><V32/><F32/><W15/><G10/><T26/><D26/><U27/><E75/><V110/><F110/><W95/><G95/><T0/><D0/><U57/><E94/><V103/><F103/><W91/><G8/><T71/><D71/><U123/><E27/><V64/><F64/><W129/><G15/><T34/><D34/><U121/><E121/><V43/><F43/><W102/><G102/><T33/><D33/><U115/><E123/><V53/><F53/><W134/><G134/><T108/><D108/><U82/><E115/><V59/><F59/><W54/><G54/><T9/><D9/><U112/><E57/><V30/><F30/><W51/><G51/><T114/><D114/><U21/><E112/><V20/><F20/><W89/><AGARI ba="2,1" hai="89,91,128,129,130" m="21663,38359,44585" machi="89" ten="40,2700,0" yaku="19,1,12,1" doraHai="83" who="3" fromWho="3" sc="212,-9,243,-15,268,-9,267,43" owari="203,-29.7,228,-17.2,259,5.9,310,41.0" /></mjloggm>