<mjloggm ver="2.3"><GO type="225" lobby="0"/><UN n0="%48%61%61%61%6C%61%6E%64" n1="%6D%75%75%6D%75%72%61" n2="%E5%80%89%E6%A9%8B%EF%BC%A0%E4%BA%8B%E5%8B%99" n3="%E3%81%9F%E3%81%8C%E3%82%84%E3%81%99" dan="17,17,16,16" rate="2246.81,2127.48,2081.93,2107.57" sx="M,F,M,M"/><TAIKYOKU oya="0"/><INIT seed="0,0,0,4,5,17" ten="250,250,250,250" oya="0" hai0="117,114,11,52,65,87,127,99,125,35,95,79,40" hai1="123,31,133,104,130,121,67,26,90,86,70,4,76" hai2="115,47,131,108,124,45,96,50,107,101,1,13,128" hai3="32,80,55,22,37,126,88,119,83,7,97,89,53"/><T59/><D114/><U132/><E104/><V48/><F1/><W41/><G32/><T42/><D35/><U73/><E73/><V15/><F115/><W134/><G119/><T29/><D117/><U10/><E76/><V21/><F108/><W8/><G126/><N who="0" m="48139" /><D65/><U23/><E130/><N who="2" m="49707" /><F124/><W129/><G129/><T135/><D135/><N who="1" m="51787" /><E67/><V28/><F28/><W122/><G134/><T6/><D29/><U16/><E31/><V49/><F13/><N who="3" m="5279" /><G41/><T30/><D30/><U75/><E75/><V62/><F62/><W84/><G37/><T112/><D87/><U5/><E70/><V102/><F102/><W27/><G122/><N who="1" m="46602" /><E10/><V3/><F3/><W74/><G74/><T33/><D79/><U93/><AGARI ba="0,0" hai="4,5,16,23,26,86,90,93" m="46602,51787" machi="93" ten="30,4000,0" yaku="20,1,52,1,54,1" doraHai="17" who="1" fromWho="1" sc="250,-20,250,40,250,-10,250,-10" /><INIT seed="1,0,0,4,2,0" ten="230,290,240,240" oya="1" hai0="128,133,74,106,110,64,23,108,52,8,80,48,54" hai1="17,112,125,38,123,98,59,100,134,2,6,77,3" hai2="15,19,88,104,117,124,105,107,10,135,83,86,114" hai3="14,55,69,35,95,1,45,13,72,70,34,127,46"/><U21/><E112/><V7/><F117/><W25/><G72/><T68/><D106/><U20/><E123/><V56/><F114/><W37/><G95/><T73/><D128/><U76/><E38/><V120/><F120/><W12/><G1/><T50/><D133/><U27/><E134/><V66/><F135/><W119/><G119/><T94/><D23/><U67/><E125/><V96/><F124/><W99/><G99/><T9/><D94/><U32/><E32/><V4/><REACH who="2" step="1"/><F96/><REACH who="2" ten="230,290,230,240" step="2"/><W75/><G127/><T47/><D108/><U132/><E132/><V29/><F29/><W84/><G75/><T58/><D110/><U40/><E98/><V97/><F97/><W71/><G84/><T122/><D122/><U91/><E100/><V49/><F49/><W18/><G37/><T116/><D116/><U101/><E101/><V79/><F79/><W16/><G25/><T87/><D74/><U24/><E77/><V82/><F82/><W85/><G85/><T90/><REACH who="0" step="1"/><D73/><REACH who="0" ten="220,290,230,240" step="2"/><U31/><E27/><V89/><F89/><W5/><G35/><T11/><D11/><U131/><E91/><V121/><F121/><W92/><G34/><T93/><D93/><U30/><E24/><V53/><F53/><W130/><G92/><T33/><D33/><U78/><E78/><V43/><F43/><W129/><G55/><T109/><D109/><U51/><E76/><V63/><AGARI ba="0,2" hai="4,7,10,15,19,56,63,66,83,86,88,104,105,107" machi="63" ten="40,8000,1" yaku="1,1,0,1,52,2,54,1,53,0" doraHai="0" doraHaiUra="113" who="2" fromWho="2" sc="220,-20,290,-40,230,100,240,-20" /><INIT seed="2,0,0,2,4,48" ten="200,250,330,220" oya="2" hai0="3,96,46,135,37,76,88,39,12,23,107,63,10" hai1="2,118,102,87,30,18,80,101,32,26,117,9,20" hai2="29,67,120,94,8,53,16,11,19,42,62,25,124" hai3="7,79,112,61,81,45,89,70,31,116,4,123,92"/><V106/><F106/><W78/><G31/><T131/><D131/><U54/><E101/><V66/><F120/><W58/><G116/><T34/><D34/><U59/><E102/><V17/><F124/><W98/><G123/><T121/><D121/><U50/><E2/><V27/><F42/><W113/><G70/><T22/><D135/><U40/><E40/><V77/><F77/><W114/><G45/><T0/><D76/><U49/><E9/><N who="2" m="3659" /><F94/><W55/><REACH who="3" step="1"/><G79/><REACH who="3" ten="200,250,330,210" step="2"/><T115/><D46/><U13/><E117/><V97/><F29/><W71/><G71/><T21/><D0/><U128/><E118/><V38/><F38/><W119/><G119/><T65/><D3/><U28/><E28/><V1/><F1/><W99/><G99/><T6/><D115/><U15/><E30/><V43/><F97/><W52/><G52/><T47/><D47/><U57/><E32/><V82/><F43/><W100/><G100/><T14/><D39/><U126/><E126/><V134/><F134/><W35/><G35/><T69/><D37/><U64/><E128/><V95/><F53/><W84/><AGARI ba="0,1" hai="4,7,55,58,61,78,81,84,89,92,98,112,113,114" machi="84" ten="30,7900,0" yaku="1,1,0,1,11,1,52,1,53,0" doraHai="48" doraHaiUra="129" who="3" fromWho="3" sc="200,-20,250,-20,330,-39,210,89" /><INIT seed="3,0,0,1,2,39" ten="180,230,291,299" oya="3" hai0="7,36,107,109,60,80,47,105,98,103,59,11,85" hai1="89,79,71,54,87,66,133,119,111,1,0,97,93" hai2="53,106,70,95,88,86,62,76,99,50,37,128,57" hai3="30,18,129,5,51,52,61,35,112,65,124,127,94"/><W83/><G5/><T29/><D109/><U90/><E111/><V15/><F37/><W68/><G112/><T28/><D105/><U45/><E133/><V25/><F128/><W108/><G108/><T40/><D11/><U110/><E110/><V78/><F25/><W20/><G30/><T102/><D102/><U81/><E119/><V82/><F106/><W84/><G35/><T131/><D7/><U74/><E71/><V77/><F70/><W130/><G94/><T38/><D38/><U22/><E66/><N who="2" m="39247" /><F15/><N who="3" m="9311" /><G52/><T73/><D73/><U117/><E54/><V33/><F33/><W24/><G51/><T125/><D131/><N who="3" m="50185" /><G24/><T123/><D123/><U104/><E117/><V42/><F42/><W6/><G6/><T63/><D63/><U46/><E104/><V115/><F115/><W91/><AGARI ba="0,0" hai="61,65,68,83,84,91,124,127" m="50185,9311" machi="91" ten="30,1500,0" yaku="19,1" doraHai="39" who="3" fromWho="3" sc="180,-5,230,-5,291,-5,299,15" owari="175,-32.5,225,-17.5,286,8.6,314,41.4" /></mjloggm>