<mjloggm ver="2.3"><GO type="225" lobby="0"/><UN n0="%E6%A1%9C%E8%8A%B1%E9%96%83%E3%80%85" n1="%E3%82%B3%E3%83%90%E3%83%AC%E3%82%A4" n2="%33%74%72%65%65" n3="%72%69%6F%75%63%68%61%6E" dan="16,16,16,17" rate="2136.78,2067.37,2094.83,2200.49" sx="M,M,F,M"/><TAIKYOKU oya="0"/><INIT seed="0,0,0,0,0,71" ten="250,250,250,250" oya="0" hai0="51,128,30,120,102,49,61,58,92,2,20,104,67" hai1="41,48,122,78,75,131,94,88,42,0,54,91,3" hai2="29,125,27,123,53,8,114,112,15,59,100,6,124" hai3="34,47,132,135,55,11,79,81,127,45,46,130,109"/><T111/><D120/><U117/><E117/><V119/><F123/><W22/><G34/><T86/><D128/><U129/><E122/><V133/><F119/><W16/><G109/><T9/><D104/><U64/><E64/><V21/><F100/><W76/><G127/><N who="2" m="48713" /><F59/><W134/><G130/><N who="1" m="49674" /><E78/><V38/><F38/><W84/><G11/><T73/><D73/><U39/><E75/><V14/><F53/><W108/><G108/><T36/><D36/><U18/><E39/><V19/><F133/><W56/><G76/><T95/><D111/><U37/><E37/><V57/><F57/><W62/><REACH who="3" step="1"/><G46/><REACH who="3" ten="250,250,250,240" step="2"/><T26/><D9/><AGARI ba="0,1" hai="6,8,9,14,15,19,21,27,29,112,114" m="48713" machi="9" ten="30,3900,0" yaku="18,1,34,2" doraHai="71" who="2" fromWho="0" sc="250,-39,250,0,250,49,240,0" /><INIT seed="1,0,0,0,1,61" ten="211,250,299,240" oya="1" hai0="4,74,132,1,67,70,64,37,44,53,92,102,126" hai1="58,54,87,116,49,128,84,33,12,18,78,81,95" hai2="62,77,122,14,45,127,118,65,10,2,88,6,9" hai3="56,119,60,99,55,125,129,115,113,112,124,114,103"/><U48/><E116/><V108/><F118/><W29/><G129/><T20/><D126/><U13/><E33/><V75/><F122/><W123/><G119/><T3/><D132/><U100/><E128/><V19/><F127/><N who="3" m="48715" /><G123/><T134/><D134/><U57/><E13/><V5/><F108/><W106/><N who="3" m="28672" /><DORA hai="135" /><W107/><G29/><T43/><D74/><U11/><E100/><V109/><F109/><W15/><G15/><T36/><D36/><U51/><E58/><V16/><F45/><W23/><G23/><T50/><D20/><U120/><E120/><V117/><F117/><W79/><G79/><T46/><D70/><U131/><E131/><V71/><F77/><W73/><G73/><T59/><D59/><U7/><E7/><V80/><F75/><W104/><AGARI ba="0,0" hai="55,56,60,99,103,104,106,107" m="28672,48715" machi="104" ten="60,8000,1" yaku="18,1,52,3" doraHai="61,135" who="3" fromWho="3" sc="211,-20,250,-40,299,-20,240,80" /><INIT seed="2,0,0,2,2,88" ten="191,210,279,320" oya="2" hai0="96,4,109,69,129,130,79,106,101,134,56,114,31" hai1="124,73,6,71,27,20,59,51,111,61,68,107,0" hai2="13,135,133,44,43,112,93,52,63,125,24,5,57" hai3="92,49,28,117,26,119,54,132,67,29,30,7,85"/><V11/><F112/><W40/><G132/><T10/><D69/><U2/><E73/><V128/><F125/><W100/><G7/><T48/><D134/><U25/><E124/><V121/><F128/><N who="0" m="49258" /><D109/><U35/><E111/><V42/><F121/><W123/><G123/><T89/><D79/><U110/><E107/><V104/><F104/><W17/><G67/><T105/><D114/><U39/><E39/><V36/><F42/><W45/><G119/><T18/><D31/><U53/><E35/><V9/><F24/><W103/><G117/><T86/><D18/><U99/><E27/><V91/><REACH who="2" step="1"/><F11/><REACH who="2" ten="191,210,269,320" step="2"/><W83/><G40/><T22/><D106/><U19/><E110/><V102/><F102/><W8/><G8/><T55/><D22/><U70/><E6/><V108/><F108/><W37/><G103/><T131/><N who="0" m="49266" /><T126/><DORA hai="113" /><D126/><U115/><E115/><V84/><AGARI ba="0,1" hai="5,9,13,36,43,44,52,57,63,84,91,93,133,135" machi="84" ten="30,11700,0" yaku="1,1,0,1,52,1,54,1,53,0" doraHai="88,113" doraHaiUra="127,62" who="2" fromWho="2" sc="191,-39,210,-39,269,127,320,-39" /><INIT seed="2,1,0,0,0,103" ten="152,171,396,281" oya="2" hai0="100,76,97,62,110,24,5,39,70,32,21,60,96" hai1="107,118,42,2,131,71,127,36,86,114,79,115,55" hai2="48,128,95,123,116,133,129,40,35,12,78,43,49" hai3="104,17,25,20,45,73,85,16,132,46,84,1,47"/><V37/><F116/><W10/><G73/><T80/><D32/><U109/><RYUUKYOKU type="yao9" ba="1,0" sc="152,0,171,0,396,0,281,0" hai1="2,36,42,55,71,79,86,107,109,114,115,118,127,131" /><INIT seed="2,2,0,1,1,47" ten="152,171,396,281" oya="2" hai0="103,5,117,52,30,81,89,22,83,128,135,120,100" hai1="14,72,95,49,64,124,34,69,35,62,20,54,26" hai2="19,7,88,113,85,134,31,75,48,90,65,130,114" hai3="33,61,76,112,6,119,43,70,67,21,3,126,74"/><V2/><F75/><W39/><G119/><T53/><D120/><U40/><E72/><V87/><F31/><W42/><G126/><T107/><D117/><U4/><E124/><V44/><F65/><W51/><G112/><T15/><D135/><U82/><E40/><V46/><F134/><W80/><G33/><T23/><D128/><U94/><E82/><N who="0" m="31241" /><D107/><U0/><E0/><V11/><F130/><W111/><G111/><T73/><D89/><U25/><E25/><V71/><F71/><W28/><G39/><T13/><D73/><U77/><E77/><V9/><F2/><W118/><G118/><T27/><D5/><U131/><E131/><V66/><F66/><W108/><G108/><T101/><D23/><U129/><E129/><V41/><F7/><W56/><G28/><T18/><D30/><U125/><E125/><V50/><REACH who="2" step="1"/><F41/><REACH who="2" ten="152,171,386,281" step="2"/><W32/><G6/><T79/><D79/><U59/><E35/><V91/><F91/><W55/><G32/><T132/><D132/><U121/><E34/><V68/><F68/><W123/><G3/><T110/><D110/><U109/><E109/><V116/><F116/><W58/><G123/><T99/><D99/><U86/><E121/><V105/><F105/><W106/><G106/><T102/><D102/><U29/><E86/><V122/><F122/><W16/><REACH who="3" step="1"/><G70/><REACH who="3" ten="152,171,386,271" step="2"/><T36/><D36/><U45/><E69/><V8/><F8/><AGARI ba="2,2" hai="4,8,14,20,26,29,45,49,54,59,62,64,94,95" machi="8" ten="40,2600,0" yaku="8,1,52,1" doraHai="47" who="1" fromWho="2" sc="152,0,171,52,386,-32,271,0" /><INIT seed="3,0,0,4,4,102" ten="152,223,354,271" oya="3" hai0="85,1,6,122,47,37,12,8,50,46,106,62,64" hai1="75,110,22,39,87,111,74,17,21,26,57,107,118" hai2="80,10,109,3,101,96,70,35,66,108,104,135,30" hai3="113,5,77,16,84,89,134,133,78,130,91,123,32"/><W126/><G113/><T71/><D122/><U33/><E39/><V7/><F135/><N who="3" m="51723" /><G123/><T120/><D120/><U49/><E118/><V97/><F80/><N who="3" m="49287" /><G32/><T94/><D37/><U132/><E33/><V116/><F116/><W51/><G5/><T79/><D1/><U52/><E132/><V14/><F3/><W93/><G51/><T60/><D60/><U41/><E41/><V95/><F70/><W61/><G61/><T28/><D28/><U63/><E63/><V48/><F48/><W9/><G130/><T86/><D47/><U56/><E56/><V131/><F131/><W0/><G126/><T129/><D129/><U53/><E53/><V15/><F66/><W127/><G127/><T25/><D25/><U55/><E55/><V29/><F35/><W65/><G65/><T124/><D124/><U100/><E22/><V27/><F27/><W69/><G69/><T23/><D23/><U11/><E11/><V44/><F15/><N who="3" m="7279" /><G0/><T88/><D79/><U73/><E87/><AGARI ba="0,0" hai="77,78,87,91,93" m="7279,49287,51723" machi="87" ten="30,2900,0" yaku="20,1,54,1" doraHai="102" who="3" fromWho="1" sc="152,0,223,-29,354,0,271,29" /><INIT seed="3,1,0,2,5,3" ten="152,194,354,300" oya="3" hai0="73,17,46,79,94,63,47,50,48,131,108,76,26" hai1="25,75,132,38,135,12,134,24,28,43,110,133,2" hai2="89,31,15,35,109,121,11,113,60,66,32,99,55" hai3="0,115,123,68,27,67,97,44,72,88,71,16,10"/><W104/><G115/><T103/><D108/><U125/><N who="1" m="33792" /><DORA hai="105" /><U102/><E75/><V74/><F113/><W93/><G123/><T86/><D131/><U23/><E110/><V7/><F74/><W9/><G72/><T101/><D73/><U34/><E102/><V40/><F109/><W5/><G67/><T124/><D124/><U30/><E43/><V107/><F40/><W96/><G44/><T112/><D112/><U100/><E38/><V130/><F130/><W18/><G18/><T42/><D63/><U77/><E77/><V49/><F31/><W45/><G45/><T21/><D79/><U127/><E100/><V19/><F19/><W114/><G114/><T4/><D4/><U111/><E111/><V129/><F121/><W57/><G57/><T83/><REACH who="0" step="1"/><D94/><REACH who="0" ten="142,194,354,300" step="2"/><U61/><E61/><V37/><F60/><W118/><G5/><T92/><D92/><U128/><E128/><V85/><F7/><W41/><G93/><T59/><D59/><U119/><E2/><V13/><F129/><W81/><G0/><T120/><D120/><U33/><E119/><V52/><F107/><W36/><G104/><T29/><D29/><U69/><E69/><V6/><F6/><W8/><G118/><T116/><D116/><U51/><E51/><V126/><F49/><W87/><G68/><T54/><AGARI ba="1,1" hai="17,21,26,42,46,47,48,50,54,76,83,86,101,103" machi="54" ten="20,5200,0" yaku="1,1,0,1,7,1,8,1,53,0" doraHai="3,105" doraHaiUra="95,122" who="0" fromWho="0" sc="142,65,194,-14,354,-14,300,-27" owari="207,-19.3,180,-32.0,340,44.0,273,7.3" /></mjloggm>