<mjloggm ver="2.3"><GO type="225" lobby="0"/><UN n0="%E6%9C%AA%E6%9D%A5%E5%B0%91%E5%B9%B4" n1="%E3%81%9F%E3%81%93%E2%98%86%E7%84%BC%E3%81%8D" n2="%E9%80%9F%E6%B0%B4%E5%87%9B%E9%A6%99" n3="%E3%81%95%E3%81%8D%E3%81%9F%E3%81%BE%E6%9E%97%E6%AA%8E" dan="16,16,17,16" rate="2160.04,2098.77,2152.43,2099.07" sx="M,M,F,M"/><TAIKYOKU oya="0"/><INIT seed="0,0,0,2,2,74" ten="250,250,250,250" oya="0" hai0="79,13,131,101,43,76,63,57,98,51,34,16,88" hai1="46,66,29,70,47,25,7,38,61,134,17,129,60" hai2="103,93,65,56,30,26,106,114,36,80,31,41,40" hai3="92,18,130,123,91,95,109,124,10,44,94,118,28"/><T37/><D131/><U77/><E134/><V45/><F106/><W9/><G109/><T117/><D117/><U3/><E17/><V1/><F1/><W72/><G72/><T15/><D34/><U33/><E129/><V0/><F0/><W105/><G105/><T12/><D37/><U2/><E61/><V71/><F71/><W115/><G123/><T69/><D69/><U21/><E21/><V73/><F114/><W127/><G130/><T125/><D125/><U23/><E23/><V59/><F31/><W110/><G110/><T64/><D101/><U89/><E89/><V58/><F65/><W24/><G115/><T133/><D133/><U85/><E46/><V97/><F41/><W96/><G118/><T122/><D16/><U116/><E7/><V78/><REACH who="2" step="1"/><F58/><REACH who="2" ten="250,250,240,250" step="2"/><W135/><G135/><T6/><D122/><U82/><E116/><V20/><AGARI ba="0,1" hai="20,26,30,36,40,45,56,59,73,78,80,93,97,103" machi="20" ten="20,8000,1" yaku="1,1,2,1,0,1,7,1,52,1,53,0" doraHai="74" doraHaiUra="108" who="2" fromWho="2" sc="250,-40,250,-20,240,90,250,-20" /><INIT seed="1,0,0,5,3,12" ten="210,230,330,230" oya="1" hai0="31,120,115,102,97,81,71,69,77,75,38,67,1" hai1="58,0,95,66,15,110,82,7,73,21,99,105,112" hai2="8,106,111,32,51,87,70,27,131,22,86,68,40" hai3="100,129,109,134,3,48,104,72,89,17,6,127,118"/><U10/><E112/><V30/><F106/><W28/><G109/><T65/><D115/><U113/><E105/><V9/><F111/><W130/><G28/><T124/><D38/><U62/><E110/><V91/><F32/><W26/><G72/><T135/><D1/><U44/><E44/><V61/><F87/><W63/><G118/><T47/><D135/><U24/><E82/><V114/><F131/><W76/><G76/><T80/><D124/><U132/><E132/><V2/><F2/><W83/><G127/><T133/><D133/><U98/><E98/><V78/><F78/><W108/><G108/><T117/><D117/><U119/><E113/><V96/><F96/><W34/><G34/><T93/><D120/><U14/><E73/><V57/><F68/><W123/><G123/><T54/><D69/><U50/><E50/><V4/><F4/><W18/><G26/><T116/><D71/><U33/><E33/><V59/><F59/><W107/><G48/><N who="0" m="28959" /><D116/><U52/><E66/><N who="0" m="25097" /><D75/><U45/><E45/><N who="2" m="26023" /><F70/><W20/><G107/><T126/><D126/><U90/><E119/><V88/><F114/><W103/><G104/><T49/><D77/><U64/><E64/><N who="2" m="38959" /><F91/><W74/><G74/><T41/><D31/><AGARI ba="0,0" hai="0,7,10,14,15,21,24,31,52,58,62,90,95,99" machi="31" ten="30,2900,0" yaku="7,1,54,1" doraHai="12" who="1" fromWho="0" sc="210,-29,230,29,330,0,230,0" /><INIT seed="1,1,0,0,0,109" ten="181,259,330,230" oya="1" hai0="42,40,120,123,126,41,0,112,43,20,59,68,2" hai1="71,21,77,15,66,61,86,96,60,75,28,34,13" hai2="107,133,38,104,54,11,91,103,25,108,135,130,94" hai3="57,72,84,101,3,76,16,37,95,50,39,127,70"/><U111/><E34/><V56/><F38/><W134/><G134/><N who="2" m="51209" /><F103/><W17/><G127/><T116/><D68/><U83/><E111/><V74/><F74/><W53/><G70/><T118/><N who="0" m="10240" /><DORA hai="48" /><T97/><D126/><U24/><E60/><V128/><F11/><W23/><G72/><T47/><D47/><U5/><E5/><V4/><F25/><W124/><G124/><T80/><D80/><U90/><REACH who="1" step="1"/><E96/><REACH who="1" ten="181,249,330,230" step="2"/><N who="2" m="57439" /><F4/><W63/><G63/><T7/><D97/><U19/><E19/><V58/><F108/><W99/><G17/><T81/><D7/><U12/><E12/><V18/><F18/><W89/><G3/><N who="0" m="1067" /><D20/><U121/><E121/><N who="0" m="46665" /><D112/><U64/><E64/><V82/><F130/><W49/><G49/><T65/><D81/><AGARI ba="1,1" hai="13,15,21,24,28,61,66,71,75,77,81,83,86,90" machi="81" ten="30,2900,0" yaku="1,1,7,1,53,0" doraHai="109,48" doraHaiUra="102,55" who="1" fromWho="0" sc="181,-32,249,42,330,0,230,0" /><INIT seed="1,2,0,1,5,55" ten="149,291,330,230" oya="1" hai0="41,133,120,1,84,61,29,26,83,34,5,100,101" hai1="52,70,87,33,49,76,39,128,65,15,3,112,66" hai2="125,19,22,10,113,132,82,123,2,122,73,93,24" hai3="116,80,135,102,20,48,21,4,51,96,17,71,127"/><U0/><E39/><V108/><F108/><W53/><G135/><T81/><D133/><U85/><E33/><V92/><F132/><W109/><G109/><T134/><D134/><U25/><E25/><V30/><F125/><W40/><G127/><T8/><D120/><U89/><E128/><V60/><F113/><W88/><G71/><T62/><D41/><U79/><E15/><V46/><F46/><N who="3" m="25671" /><G116/><T126/><D126/><U124/><E112/><V28/><F93/><N who="3" m="56359" /><G102/><T54/><D62/><U115/><E115/><V43/><F60/><W95/><G95/><T69/><D69/><U27/><E70/><V118/><F92/><W77/><G4/><T12/><D1/><U45/><E0/><V111/><F111/><W6/><G6/><T47/><D81/><U35/><E3/><V38/><F82/><W67/><G67/><T13/><D13/><U68/><E68/><V23/><F2/><W104/><G104/><T98/><D98/><U91/><E66/><V110/><F110/><W9/><G9/><T37/><D37/><U107/><E107/><V97/><F10/><W106/><G106/><T103/><D61/><U117/><E65/><V94/><F38/><W90/><G90/><T16/><D5/><U44/><E117/><V56/><F118/><W63/><G63/><T131/><D131/><U7/><E7/><V14/><F123/><W50/><G50/><N who="0" m="29023" /><D103/><U58/><E79/><V42/><F122/><W129/><G129/><T59/><D101/><U57/><E76/><V74/><F74/><N who="3" m="43063" /><G17/><T72/><D100/><U31/><E124/><V119/><F119/><RYUUKYOKU ba="2,0" sc="149,-10,291,-10,330,-10,230,30" hai3="20,21,51,53" /><INIT seed="2,3,0,0,3,99" ten="139,281,320,260" oya="2" hai0="32,93,14,8,33,129,53,26,133,5,92,63,98" hai1="130,27,67,45,25,126,29,19,60,91,58,17,123" hai2="108,40,31,81,121,50,3,16,101,7,66,107,127" hai3="42,48,102,6,22,55,2,28,104,11,62,41,12"/><V57/><F121/><W122/><G122/><T10/><D133/><U135/><E135/><V117/><F117/><W68/><G68/><T47/><D129/><U115/><E130/><V94/><F107/><W131/><G131/><T20/><D92/><U132/><E126/><V52/><F31/><W24/><G62/><T116/><D116/><U84/><E115/><V106/><F106/><W23/><G23/><T86/><D86/><U134/><E123/><V87/><F127/><W70/><G70/><T36/><D8/><U49/><E134/><V103/><F108/><W119/><G119/><T128/><D128/><U83/><E25/><V112/><F112/><W96/><REACH who="3" step="1"/><G2/><REACH who="3" ten="139,281,320,250" step="2"/><T88/><D63/><U39/><E132/><V71/><F3/><W37/><G37/><T109/><D109/><U69/><E39/><V34/><F71/><W118/><G118/><T74/><D74/><U64/><E67/><V72/><F81/><W120/><G120/><T54/><D36/><U76/><E76/><V65/><F66/><W105/><G105/><T113/><D113/><U21/><REACH who="1" step="1"/><E69/><REACH who="1" ten="139,271,320,250" step="2"/><V0/><F65/><W43/><G43/><AGARI ba="3,2" hai="17,19,21,27,29,43,45,49,58,60,64,83,84,91" machi="43" ten="30,8000,1" yaku="1,1,2,1,7,1,8,1,53,1" doraHai="99" doraHaiUra="79" who="1" fromWho="3" sc="139,0,271,109,320,0,250,-89" /><INIT seed="3,0,0,4,4,124" ten="139,380,320,161" oya="3" hai0="27,22,103,82,10,48,83,13,122,14,58,96,9" hai1="55,102,35,127,111,71,84,30,42,23,39,129,78" hai2="80,19,57,135,95,24,18,17,4,11,94,46,21" hai3="52,76,108,106,62,12,34,40,119,61,101,68,92"/><W15/><G119/><T105/><D122/><U77/><E35/><V120/><F135/><W5/><G34/><T123/><D123/><U125/><E71/><V114/><F114/><W37/><G106/><T69/><D69/><U56/><E111/><V75/><F120/><W116/><G116/><T2/><D2/><U36/><E102/><V79/><F46/><N who="3" m="23823" /><G76/><T115/><D115/><U130/><E23/><V25/><F57/><W100/><G5/><T74/><D58/><U43/><E30/><V26/><F21/><W54/><G54/><T93/><D48/><U131/><E84/><V132/><F132/><W64/><G92/><T51/><D51/><N who="1" m="30847" /><E78/><V70/><F70/><W73/><G73/><T112/><D112/><U126/><E77/><V65/><F65/><W38/><G38/><AGARI ba="0,0" hai="36,38,39,42,43,125,126,127,129,130,131" m="30847" machi="38" ten="40,12000,2" yaku="18,1,19,1,34,2,52,3" doraHai="124" who="1" fromWho="3" sc="139,0,380,120,320,0,161,-120" owari="139,-26.1,500,60.0,320,12.0,41,-45.9" /></mjloggm>