<mjloggm ver="2.3"><GO type="225" lobby="0"/><UN n0="%E6%A1%9C%E8%8A%B1%E9%96%83%E3%80%85" n1="%E3%82%8C%E3%81%99%E3%81%93" n2="%E8%B6%85%E7%B4%9A%E9%B3%B3%E5%87%B0" n3="%E7%99%BD%E5%92%B2%E8%8A%B1%E3%81%A1%E3%82%83%E3%82%93" dan="16,16,16,16" rate="2113.64,2099.85,2228.84,2169.14" sx="M,F,F,F"/><TAIKYOKU oya="0"/><INIT seed="0,0,0,4,3,90" ten="250,250,250,250" oya="0" hai0="65,26,108,87,18,134,60,98,41,96,99,104,54" hai1="9,30,28,78,47,61,135,129,53,6,57,7,82" hai2="31,37,4,2,113,132,81,111,125,112,83,121,33" hai3="127,124,94,71,70,3,34,117,48,36,122,119,114"/><T14/><D134/><U8/><E135/><V0/><F37/><W38/><G34/><T102/><D41/><U69/><E69/><N who="3" m="26122" /><G3/><T93/><D108/><U66/><E129/><V16/><F81/><W95/><G48/><T101/><D54/><U77/><E47/><V110/><F83/><W17/><G17/><T45/><D45/><U116/><E116/><N who="3" m="44618" /><G114/><N who="2" m="44137" /><F132/><W133/><G133/><T58/><D26/><U23/><E53/><V118/><F118/><W5/><G5/><T1/><D1/><N who="2" m="618" /><F121/><W55/><G55/><T49/><D49/><U72/><E78/><V128/><F128/><W62/><G62/><T50/><D50/><U126/><E6/><V27/><F4/><W79/><G79/><T40/><D40/><U11/><E7/><V29/><F29/><W89/><G122/><T35/><D35/><U92/><E28/><V44/><F44/><W88/><G38/><T24/><D98/><U84/><E30/><V91/><F91/><N who="3" m="34891" /><G36/><T39/><D39/><U59/><E61/><V46/><F46/><W86/><G86/><T22/><D87/><U21/><E84/><V97/><F97/><W73/><G73/><T43/><D43/><U63/><E72/><V109/><F16/><W75/><G75/><T106/><D106/><U100/><E77/><V52/><F52/><W67/><G67/><T56/><D56/><U103/><E59/><V15/><F15/><W105/><G105/><T64/><D14/><U20/><E57/><V68/><F68/><W123/><G123/><T19/><D65/><U115/><E66/><V130/><F130/><W12/><G12/><RYUUKYOKU ba="0,0" sc="250,10,250,-30,250,10,250,10" hai0="18,19,22,24,58,60,64,93,96,99,101,102,104" hai2="27,31,33,109,110,111,125" hai3="94,95,124,127" /><INIT seed="0,1,0,2,0,74" ten="260,220,260,260" oya="0" hai0="108,80,134,19,129,106,117,92,62,107,88,24,29" hai1="55,96,114,105,67,135,18,37,52,120,43,17,103" hai2="97,61,98,123,83,47,65,66,68,49,1,125,10" hai3="27,99,110,13,41,128,130,78,59,0,28,122,46"/><T33/><D117/><U30/><E120/><V87/><F123/><W42/><G0/><T44/><D134/><U86/><E135/><V40/><F125/><W21/><G122/><T127/><D127/><U4/><E114/><V11/><F65/><W73/><G110/><T57/><D129/><N who="3" m="49769" /><G59/><T15/><D44/><U75/><E75/><V72/><F72/><W14/><G99/><T31/><D31/><U48/><E67/><V126/><F126/><W102/><G102/><T81/><D108/><U71/><E71/><V76/><REACH who="2" step="1"/><F11/><REACH who="2" ten="260,220,250,260" step="2"/><W131/><G131/><T51/><D107/><U53/><E105/><V50/><F50/><N who="3" m="26959" /><G42/><T119/><D106/><U23/><E43/><V132/><F132/><W2/><G2/><T35/><D51/><U63/><E48/><V70/><F70/><W9/><G9/><T26/><D119/><U25/><E37/><V100/><F100/><W39/><G39/><T56/><D62/><U7/><E63/><V69/><F69/><W8/><G8/><T77/><D56/><U79/><E103/><V95/><F95/><W6/><G6/><AGARI ba="1,1" hai="1,6,10,40,47,49,61,66,68,76,83,87,97,98" machi="6" ten="40,5200,0" yaku="1,1,52,1,53,1" doraHai="74" doraHaiUra="34" who="2" fromWho="3" sc="260,0,220,0,250,65,260,-55" /><INIT seed="1,0,0,0,3,66" ten="260,220,315,205" oya="1" hai0="69,96,23,39,58,111,3,57,25,24,64,130,44" hai1="118,27,77,89,2,46,134,54,60,59,8,30,115" hai2="116,4,93,92,104,37,40,15,73,91,121,10,61" hai3="84,133,132,83,79,129,17,53,67,131,72,47,22"/><U127/><E115/><V82/><F116/><W76/><G67/><T94/><D3/><U70/><E118/><V78/><F121/><W55/><G55/><T20/><D111/><U1/><E134/><N who="3" m="51818" /><G53/><T33/><D130/><N who="3" m="49673" /><G47/><T12/><D57/><U98/><E127/><V135/><F61/><W63/><G63/><T100/><D58/><U49/><E77/><V65/><F65/><W125/><G72/><T124/><D44/><U108/><E108/><V0/><F135/><W51/><G51/><T114/><D64/><U19/><E70/><V48/><F48/><W128/><N who="3" m="49681" /><W6/><DORA hai="112" /><G6/><T28/><D69/><U34/><E19/><V18/><F4/><W122/><G122/><T90/><D39/><U5/><E98/><V9/><F37/><W95/><G95/><T21/><D114/><U36/><E36/><V32/><F92/><W117/><G117/><T80/><D94/><U87/><E2/><V45/><F0/><W110/><G110/><T11/><D96/><U41/><REACH who="1" step="1"/><E87/><REACH who="1" ten="260,210,315,205" step="2"/><V50/><F18/><W101/><G79/><T86/><D86/><U106/><E106/><V102/><F78/><W42/><G125/><T7/><D124/><U38/><E38/><V13/><F104/><W85/><G85/><T97/><D97/><U62/><E62/><V119/><F119/><W126/><G126/><T29/><D7/><U81/><E81/><V26/><F82/><W16/><G17/><T123/><D123/><U56/><E56/><V99/><F93/><W35/><G16/><N who="0" m="8223" /><D100/><U109/><E109/><V71/><F102/><W68/><G101/><RYUUKYOKU ba="0,1" sc="260,15,210,15,315,-15,205,-15" hai0="20,21,23,24,25,28,29,33,80,90" hai1="1,5,8,27,30,34,41,46,49,54,59,60,89" /><INIT seed="1,1,1,1,1,102" ten="275,225,300,190" oya="1" hai0="35,11,88,39,14,20,127,62,103,111,2,116,126" hai1="65,7,113,71,16,134,110,57,28,120,53,95,124" hai2="85,5,1,46,90,92,123,87,115,17,3,68,12" hai3="15,125,99,27,89,114,47,129,49,91,132,38,42"/><U112/><E120/><V43/><F123/><W104/><G114/><T73/><D116/><U32/><E134/><V4/><F68/><W25/><G132/><T93/><D35/><U78/><E124/><N who="0" m="47657" /><D111/><U122/><E122/><V6/><F87/><W66/><G125/><T52/><D39/><U86/><E7/><V60/><F60/><W41/><G129/><T58/><D73/><U50/><E110/><V10/><REACH who="2" step="1"/><F115/><REACH who="2" ten="275,225,290,190" step="2"/><W44/><G66/><T119/><D119/><U82/><E65/><V96/><F96/><W130/><G130/><T69/><D69/><U22/><E71/><V70/><F70/><W48/><G99/><N who="0" m="57767" /><D2/><U30/><E113/><V131/><F131/><W107/><REACH who="3" step="1"/><G15/><REACH who="3" ten="275,225,290,180" step="2"/><T51/><D14/><N who="1" m="9495" /><E112/><V109/><F109/><W72/><G72/><T21/><D62/><U105/><E86/><V26/><F26/><W56/><G56/><T63/><D63/><U0/><E57/><V64/><F64/><W59/><G59/><T9/><D103/><U36/><E0/><V135/><F135/><W40/><G40/><T108/><D108/><U45/><E53/><V37/><AGARI ba="1,3" hai="1,3,4,5,6,10,12,17,37,43,46,85,90,92" machi="37" ten="30,4000,0" yaku="1,1,0,1,53,1" doraHai="102" doraHaiUra="81" who="2" fromWho="2" sc="275,-11,225,-21,290,73,180,-11" /><INIT seed="2,0,0,1,5,110" ten="264,204,363,169" oya="2" hai0="15,66,4,63,16,32,135,5,18,88,127,80,67" hai1="35,107,58,49,111,31,17,52,84,119,126,43,75" hai2="120,96,115,8,60,34,33,1,42,85,47,68,123" hai3="64,44,29,3,83,21,79,109,74,98,95,104,121"/><V129/><F60/><W2/><G109/><T54/><D32/><U6/><E111/><V23/><F68/><W131/><G121/><T76/><D127/><U25/><E119/><V105/><F85/><W117/><G117/><T102/><D135/><U82/><E75/><V103/><F23/><W71/><G131/><T114/><D114/><U62/><E107/><V70/><F70/><W97/><G97/><T106/><D106/><U37/><E126/><V53/><F53/><W73/><G73/><T7/><D102/><U77/><E6/><V56/><F56/><W101/><G44/><T89/><D54/><U13/><E37/><V14/><F14/><W133/><G133/><T36/><D36/><U113/><E113/><V91/><F91/><N who="0" m="34890" /><D63/><U24/><E24/><V124/><F124/><W22/><G22/><N who="0" m="11551" /><D18/><U90/><E43/><V122/><F115/><W92/><G92/><T61/><D61/><U12/><E17/><V19/><F19/><W45/><G71/><T81/><D76/><U27/><E27/><V118/><F129/><W87/><G64/><AGARI ba="0,0" hai="4,5,7,64,66,67,80,81" m="11551,34890" machi="64" ten="30,3900,0" yaku="8,1,54,2" doraHai="110" who="0" fromWho="3" sc="264,39,204,0,363,0,169,-39" /><INIT seed="3,0,0,3,5,71" ten="303,204,363,130" oya="3" hai0="22,20,9,44,131,92,21,80,82,55,18,127,30" hai1="81,41,94,15,24,88,25,54,116,70,2,106,36" hai2="32,40,113,99,83,95,0,126,133,118,57,14,49" hai3="12,105,10,38,91,86,11,76,132,62,48,84,79"/><W43/><G105/><T124/><D131/><U46/><E2/><V120/><F14/><W114/><G114/><T37/><D30/><U107/><E70/><V63/><F83/><W125/><G125/><T52/><D92/><U60/><E116/><V65/><F95/><W66/><G132/><T59/><D9/><U35/><E81/><N who="0" m="31337" /><D18/><U56/><E15/><V34/><F34/><W101/><G101/><T119/><D119/><U96/><E24/><V50/><F32/><W100/><G100/><T16/><D59/><U117/><REACH who="1" step="1"/><E117/><REACH who="1" ten="303,194,363,130" step="2"/><V31/><F0/><W53/><G38/><T89/><D127/><U97/><E97/><V129/><F99/><W68/><G43/><T74/><D124/><U6/><E6/><V122/><F118/><W77/><G91/><T7/><D7/><U45/><E45/><V58/><F126/><W19/><REACH who="3" step="1"/><G11/><REACH who="3" ten="303,194,363,120" step="2"/><T1/><D89/><U112/><E112/><V5/><F113/><W108/><G108/><T8/><D37/><U39/><E39/><V128/><F129/><W51/><G51/><T17/><D8/><U47/><E47/><AGARI ba="0,2" hai="10,12,19,47,48,53,62,66,68,76,77,79,84,86" machi="47" ten="40,2000,0" yaku="1,1,53,0" doraHai="71" doraHaiUra="90" who="3" fromWho="1" sc="303,0,194,-20,363,0,120,40" /><INIT seed="3,1,0,5,5,1" ten="303,174,363,160" oya="3" hai0="120,60,131,4,50,30,82,0,17,70,5,39,37" hai1="16,132,25,67,118,83,41,78,65,32,122,114,123" hai2="35,111,110,107,97,130,100,69,95,129,55,77,90" hai3="57,128,96,121,134,43,101,3,66,38,108,62,53"/><W99/><G121/><T44/><D120/><U36/><E114/><V127/><F35/><W20/><G3/><T72/><D30/><U115/><E115/><V76/><F69/><W59/><G128/><N who="2" m="49257" /><F55/><W86/><G134/><T10/><D131/><U27/><E83/><V113/><F127/><W42/><G108/><N who="2" m="41513" /><F113/><W31/><G38/><T112/><D112/><U24/><E36/><V89/><F89/><W98/><G86/><AGARI ba="1,0" hai="76,77,86,90,95,97,100,107" m="41513,49257" machi="86" ten="30,7700,0" yaku="19,1,14,1,34,2" doraHai="1" who="2" fromWho="3" sc="303,0,174,0,363,80,160,-80" owari="303,10.3,174,-22.6,443,54.3,80,-42.0" /></mjloggm>