<mjloggm ver="2.3"><GO type="225" lobby="0"/><UN n0="%6D%75%75%6D%75%72%61" n1="%E3%83%A2%E3%83%B3%E3%82%AD%E3%83%BC%E3%83%88%E3%83%AA%E3%83%83%E3%82%AF" n2="%53%41%49%2A" n3="%72%69%6F%75%63%68%61%6E" dan="16,17,16,17" rate="2120.38,2179.28,2118.60,2162.48" sx="F,M,M,M"/><TAIKYOKU oya="0"/><INIT seed="0,0,0,0,4,27" ten="250,250,250,250" oya="0" hai0="58,38,121,120,131,80,33,127,13,100,130,123,82" hai1="97,63,31,14,47,15,103,40,128,118,87,32,66" hai2="117,41,24,2,74,126,81,0,17,88,95,119,104" hai3="107,125,50,111,115,49,9,99,18,64,113,108,102"/><T36/><D33/><U73/><E73/><V29/><F104/><W78/><G125/><T5/><D127/><U42/><E118/><N who="2" m="45067" /><F126/><W57/><G78/><T76/><D100/><U28/><E128/><N who="0" m="49193" /><D58/><N who="1" m="37239" /><E32/><N who="2" m="20519" /><F41/><N who="1" m="15977" /><E87/><N who="2" m="52639" /><F17/><W106/><G106/><T93/><D93/><N who="1" m="58799" /><E47/><V16/><F16/><W124/><G124/><T86/><D80/><U135/><E135/><V39/><F39/><W94/><G107/><T22/><D22/><U133/><E133/><V110/><F110/><N who="3" m="42027" /><G113/><T10/><AGARI ba="0,0" hai="5,10,13,36,38,76,82,86,120,121,123" m="49193" machi="10" ten="40,2100,0" yaku="19,1" doraHai="27" who="0" fromWho="0" sc="250,21,250,-7,250,-7,250,-7" /><INIT seed="0,1,0,4,4,39" ten="271,243,243,243" oya="0" hai0="93,11,118,91,51,75,38,13,27,73,96,6,64" hai1="123,28,120,80,78,124,83,57,90,67,87,37,32" hai2="100,132,50,15,89,86,101,103,85,22,43,112,129" hai3="60,104,3,26,99,69,7,40,94,111,33,131,126"/><T77/><D38/><U31/><E37/><V16/><F129/><W4/><G111/><T119/><D64/><U55/><E67/><V5/><F132/><W0/><G131/><T63/><D63/><U44/><E44/><N who="2" m="25887" /><F112/><W121/><G126/><T133/><D133/><U18/><E124/><V130/><F130/><W42/><G121/><T74/><D77/><U19/><E120/><V134/><F134/><W52/><G104/><T92/><D27/><U58/><E123/><V76/><F76/><W20/><G33/><T47/><REACH who="0" step="1"/><D93/><REACH who="0" ten="261,243,243,243" step="2"/><U53/><E78/><V108/><F108/><W88/><G69/><T29/><D29/><U128/><E128/><V98/><F5/><N who="3" m="2123" /><G3/><T14/><D14/><U17/><E32/><V62/><F62/><W59/><G0/><T106/><D106/><U109/><E109/><V41/><F41/><AGARI ba="1,1" hai="6,11,13,41,47,51,73,74,75,91,92,96,118,119" machi="41" ten="40,3900,0" yaku="1,1,52,1,53,0" doraHai="39" doraHaiUra="35" who="0" fromWho="2" sc="261,52,243,0,243,-42,243,0" /><INIT seed="0,2,0,1,5,83" ten="313,243,201,243" oya="0" hai0="46,54,117,45,114,128,127,12,4,126,20,74,84" hai1="15,51,124,17,94,113,38,19,99,33,131,39,2" hai2="7,58,22,66,35,52,107,109,82,44,111,79,78" hai3="121,55,53,11,115,118,120,69,98,0,30,41,61"/><T60/><D74/><U64/><E33/><V93/><F35/><W105/><G115/><T135/><D114/><U116/><E2/><V100/><F107/><W89/><G118/><T1/><D117/><U40/><E113/><V65/><F7/><N who="3" m="1511" /><G30/><T119/><D119/><U14/><E116/><V108/><F44/><W42/><G69/><T134/><D1/><U21/><E131/><V104/><F104/><W59/><G53/><T43/><D4/><U76/><E76/><V102/><F22/><W92/><G105/><T106/><D106/><U16/><E64/><N who="2" m="24683" /><F93/><W129/><G129/><T85/><D128/><U81/><E81/><V112/><F112/><W18/><G18/><N who="0" m="10311" /><D60/><U56/><E19/><V36/><F36/><W8/><G8/><T101/><D101/><N who="2" m="39018" /><F82/><W49/><G61/><AGARI ba="2,0" hai="52,58,61,78,79,108,109,111" m="39018,24683" machi="61" ten="40,2600,0" yaku="14,1,54,1" doraHai="83" who="2" fromWho="3" sc="313,0,243,0,201,32,243,-32" /><INIT seed="1,0,0,5,4,30" ten="313,243,233,211" oya="1" hai0="73,94,115,109,52,5,81,132,100,23,77,96,89" hai1="9,18,108,87,35,14,97,49,127,84,60,103,43" hai2="123,72,133,125,12,71,10,55,16,38,8,26,42" hai3="11,2,128,4,105,6,86,135,78,131,122,61,101"/><U130/><E127/><V110/><F72/><W124/><G122/><T19/><D115/><U119/><E119/><V15/><F71/><W111/><G111/><T40/><D109/><U82/><E108/><V76/><F76/><W63/><G135/><T20/><D132/><U98/><E35/><V37/><F110/><W91/><G124/><T114/><D40/><U27/><E130/><N who="3" m="49706" /><G78/><T66/><D66/><U36/><E36/><V90/><F123/><W116/><G116/><T75/><D114/><U93/><E60/><N who="3" m="23114" /><G6/><T104/><D5/><U113/><E113/><V117/><F117/><W92/><G101/><T53/><D75/><U120/><E120/><V1/><F133/><W80/><G105/><T102/><D102/><U0/><E0/><V62/><F1/><W44/><G44/><T79/><D79/><U45/><E82/><AGARI ba="0,0" hai="2,4,11,80,82,86,91,92" m="23114,49706" machi="82" ten="30,1000,0" yaku="19,1" doraHai="30" who="3" fromWho="1" sc="313,0,243,-10,233,0,211,10" /><INIT seed="2,0,0,4,3,47" ten="313,233,233,221" oya="2" hai0="111,67,126,130,122,23,15,88,59,117,124,18,34" hai1="11,35,19,41,55,104,3,75,13,112,16,105,100" hai2="81,115,133,128,70,36,65,45,109,84,64,38,121" hai3="33,48,131,56,37,85,113,96,2,24,42,76,0"/><V54/><F121/><W8/><G37/><T28/><D122/><U74/><E35/><V106/><F106/><W58/><G131/><T26/><D130/><U119/><E119/><V39/><F115/><W20/><G33/><T44/><D111/><U116/><E116/><V107/><F107/><W103/><G113/><T91/><D117/><U27/><E3/><V110/><F128/><W87/><G0/><T21/><D34/><U90/><E112/><V82/><F133/><W69/><G69/><T77/><D77/><U68/><E68/><V98/><F98/><W5/><G76/><T40/><D67/><N who="2" m="25674" /><F84/><W118/><G118/><T72/><D59/><U79/><E105/><V50/><F70/><W78/><G78/><T94/><D72/><U101/><E104/><V51/><F51/><W52/><G58/><T6/><D6/><U4/><E75/><V71/><F71/><W10/><G42/><T43/><D43/><U63/><E41/><V129/><F129/><W120/><G120/><T57/><D57/><U46/><E74/><V132/><F132/><W135/><G135/><T108/><D108/><AGARI ba="0,0" hai="36,38,39,45,50,54,81,82,108,109,110" m="25674" machi="108" ten="40,7700,0" yaku="14,1,10,1,52,1" doraHai="47" who="2" fromWho="0" sc="313,-77,233,0,233,77,221,0" /><INIT seed="2,1,0,5,3,118" ten="236,233,310,221" oya="2" hai0="89,41,109,69,131,63,76,133,38,95,114,80,15" hai1="106,98,20,85,99,117,60,2,72,17,92,71,37" hai2="40,68,26,123,88,56,43,113,94,77,73,24,21" hai3="87,107,79,33,100,28,67,105,49,84,5,126,103"/><V46/><F68/><W104/><G5/><T31/><D114/><U61/><E37/><V42/><F113/><W35/><G28/><T75/><D109/><U52/><E72/><V10/><F123/><W48/><G67/><T9/><D131/><U12/><E117/><V45/><F77/><W122/><G79/><T32/><D133/><U3/><E106/><V8/><F56/><W102/><G122/><T119/><D119/><U125/><E125/><V59/><F59/><W0/><G0/><T39/><D31/><U127/><E127/><V1/><F73/><W121/><G121/><T66/><D41/><U22/><E71/><V97/><F26/><W51/><REACH who="3" step="1"/><G126/><REACH who="3" ten="236,233,310,211" step="2"/><T44/><D32/><AGARI ba="1,1" hai="32,33,35,48,49,51,84,87,100,102,103,104,105,107" machi="32" ten="50,12000,2" yaku="1,1,2,1,29,2,28,2,53,0" doraHai="118" doraHaiUra="90" who="3" fromWho="0" sc="236,-123,233,0,310,0,211,133" /><INIT seed="3,0,0,3,0,66" ten="113,233,310,344" oya="3" hai0="46,30,119,85,53,133,71,135,68,76,75,5,9" hai1="103,93,23,117,3,88,56,83,1,86,100,38,26" hai2="130,24,112,90,121,32,55,132,69,72,14,96,115" hai3="61,42,107,47,126,2,33,15,19,98,4,134,81"/><W8/><G126/><T82/><D119/><U84/><E38/><V48/><F72/><W6/><G134/><T10/><D30/><U28/><E117/><V63/><F130/><W91/><G33/><T17/><D75/><U122/><E122/><V65/><F132/><N who="0" m="50762" /><D53/><U13/><E3/><V67/><F67/><W109/><G109/><T127/><D127/><U37/><E37/><V22/><F32/><W62/><G107/><T74/><D46/><U51/><E1/><V43/><F43/><W129/><G129/><T25/><D74/><U123/><E123/><V29/><F14/><W87/><G98/><T34/><D5/><N who="3" m="2153" /><G2/><T108/><D108/><U131/><E131/><V11/><F11/><N who="0" m="4106" /><D17/><U80/><E13/><V64/><F64/><W105/><G105/><T18/><D34/><U7/><E7/><V77/><F77/><W111/><G111/><T12/><D25/><U78/><E93/><V21/><F21/><W101/><G101/><T54/><D54/><AGARI ba="0,0" hai="23,26,28,51,54,56,78,80,83,84,86,88,100,103" machi="54" ten="40,2600,0" yaku="8,1,54,1" doraHai="66" who="1" fromWho="0" sc="113,-26,233,26,310,0,344,0" owari="87,-41.3,259,-14.1,310,11.0,344,44.4" /></mjloggm>