<mjloggm ver="2.3"><GO type="225" lobby="0"/><UN n0="%E3%81%AF%E3%82%88%E3%81%8A%E3%81%98%E3%81%95%E3%82%93" n1="%E6%97%A5%E6%9B%9C%E6%97%A5%E3%82%88%E3%82%8A%E3%81%AE%E4%BD%BF%E8%80%85" n2="%6D%75%75%73%61%6E%6D%75" n3="%E3%81%99%E3%81%84%E3%81%BE%E3%81%9B%E3%83%BC%E3%82%93" dan="17,16,16,18" rate="2216.86,2093.43,2139.34,2297.03" sx="M,M,F,M"/><TAIKYOKU oya="0"/><INIT seed="0,0,0,4,3,50" ten="250,250,250,250" oya="0" hai0="135,29,97,89,23,125,33,74,117,79,91,76,21" hai1="94,35,32,41,37,68,128,108,16,84,70,54,127" hai2="49,0,66,73,31,46,71,40,122,39,85,56,88" hai3="28,36,109,110,123,9,2,116,103,5,115,52,20"/><T62/><D117/><U86/><E35/><V75/><F122/><W113/><G36/><T15/><D33/><U59/><E32/><V27/><F0/><W64/><G64/><T118/><D118/><U51/><E108/><N who="3" m="41578" /><G116/><T11/><D74/><U38/><E127/><V78/><F71/><W77/><G77/><N who="0" m="29771" /><D125/><U96/><E128/><V131/><F78/><W18/><G103/><T106/><D106/><U4/><E4/><V105/><F105/><W26/><G123/><T30/><D135/><U81/><E70/><V100/><F100/><W83/><G83/><T121/><D121/><U17/><E68/><V47/><F131/><W43/><G43/><T65/><D62/><U102/><E86/><V61/><F27/><W14/><G52/><T130/><D65/><U82/><E82/><V95/><REACH who="2" step="1"/><F31/><REACH who="2" ten="250,250,240,250" step="2"/><N who="0" m="11786" /><D130/><U57/><E102/><V6/><F6/><W72/><G72/><T3/><D3/><U80/><E17/><V101/><F101/><W99/><G2/><T45/><D89/><U87/><E16/><V69/><F69/><W12/><G5/><T10/><D15/><U60/><E81/><V132/><F132/><W104/><G14/><T13/><D13/><U53/><E80/><V34/><F34/><W63/><G104/><T44/><D91/><U42/><E94/><V112/><F112/><W22/><G115/><T48/><D97/><U7/><E96/><V19/><F19/><W55/><G113/><T92/><D92/><U124/><E7/><V126/><F126/><W1/><G99/><T67/><D67/><U134/><E124/><V58/><F58/><RYUUKYOKU ba="0,1" sc="250,-10,250,-10,240,30,250,-10" hai2="39,40,46,47,49,56,61,66,73,75,85,88,95" /><INIT seed="1,1,1,3,4,10" ten="240,240,270,240" oya="1" hai0="132,29,123,95,121,22,127,23,90,81,118,18,99" hai1="28,0,86,107,103,53,75,84,125,58,67,1,74" hai2="134,82,43,119,111,89,14,91,13,65,45,19,117" hai3="94,96,6,128,47,98,7,85,51,79,33,105,116"/><U50/><E125/><V62/><F111/><W88/><G33/><T20/><D118/><U83/><E28/><V21/><F134/><W48/><G116/><T122/><D132/><U69/><E75/><V106/><F106/><W8/><G128/><T114/><D114/><U115/><E74/><V71/><F117/><W40/><G105/><T26/><D127/><U9/><E115/><V5/><F119/><W30/><G30/><T44/><D44/><U24/><E24/><V60/><F60/><W97/><G6/><T39/><D39/><U34/><E34/><V17/><F5/><W109/><G109/><T52/><D52/><U73/><E73/><V59/><F82/><W57/><G79/><T130/><D130/><U93/><E107/><V76/><F71/><W63/><G51/><T70/><D70/><U54/><E67/><V27/><F76/><W120/><G120/><T78/><D29/><U64/><E64/><V55/><F65/><W113/><G113/><T36/><D36/><U37/><E37/><V61/><F61/><W25/><G25/><T133/><D133/><U16/><E69/><V104/><F104/><W42/><G40/><T46/><D46/><U135/><E135/><V68/><F68/><W32/><G32/><T15/><D26/><U102/><E54/><V108/><F108/><W31/><G31/><T100/><D100/><N who="1" m="38443" /><E93/><V12/><F19/><W101/><G101/><T129/><D129/><U112/><E112/><V41/><F41/><W77/><G63/><T49/><D49/><AGARI ba="1,1" hai="12,13,14,17,21,27,43,45,49,55,59,62,89,91" machi="49" ten="40,8000,1" yaku="8,1,52,3" doraHai="10" who="2" fromWho="0" sc="240,-83,240,0,270,93,240,0" /><INIT seed="2,0,0,1,1,46" ten="157,240,363,240" oya="2" hai0="49,122,77,95,19,87,18,61,40,47,125,120,54" hai1="90,9,25,52,51,100,127,68,130,79,4,74,126" hai2="11,27,58,64,62,14,135,7,80,97,66,108,67" hai3="12,115,116,33,48,13,6,50,10,60,63,3,98"/><V104/><F135/><W83/><G116/><T69/><D125/><N who="1" m="47627" /><E130/><V34/><F108/><W23/><G33/><T15/><D18/><U8/><E68/><V82/><F104/><W118/><G118/><T26/><D26/><U112/><E112/><V101/><F34/><W102/><G115/><T0/><D0/><N who="1" m="7" /><E100/><V16/><F27/><W35/><G35/><T131/><D131/><U92/><E79/><V31/><F31/><W71/><G83/><T78/><D78/><U121/><E74/><V85/><F82/><W81/><G81/><T91/><D77/><U88/><E121/><V119/><F119/><W89/><G89/><N who="1" m="34410" /><E92/><V117/><F117/><W110/><G110/><T129/><D129/><U76/><E76/><V132/><F132/><W109/><G109/><T59/><REACH who="0" step="1"/><D69/><REACH who="0" ten="147,240,363,240" step="2"/><U123/><E123/><V38/><F16/><N who="3" m="10631" /><G71/><T124/><D124/><U65/><E25/><V37/><F14/><W57/><G3/><T36/><D36/><U105/><E9/><AGARI ba="0,1" hai="9,15,19,40,47,49,54,59,61,87,91,95,120,122" machi="9" ten="30,3900,0" yaku="1,1,7,1,52,1,53,0" doraHai="46" doraHaiUra="103" who="0" fromWho="1" sc="147,49,240,-39,363,0,240,0" /><INIT seed="3,0,0,0,3,0" ten="196,201,363,240" oya="3" hai0="76,9,48,14,89,96,107,116,115,87,58,98,55" hai1="67,23,73,88,72,15,97,17,33,133,40,57,106" hai2="60,77,83,113,104,124,131,25,32,53,66,37,134" hai3="34,132,129,69,79,18,103,100,8,74,102,95,91"/><W109/><G34/><T26/><D116/><U68/><E33/><V27/><F113/><W121/><G69/><T24/><D115/><U52/><E68/><V78/><F104/><W86/><G18/><T20/><D76/><U127/><E67/><V42/><F25/><N who="0" m="9834" /><D20/><U81/><E40/><V117/><F42/><W71/><G71/><T93/><D107/><U2/><E2/><V6/><F124/><W80/><G8/><T101/><D101/><U126/><E133/><V111/><F131/><W49/><G49/><T125/><D125/><N who="1" m="47627" /><E106/><V16/><F111/><W44/><G109/><T90/><D89/><U19/><E19/><AGARI ba="0,0" hai="9,14,19,48,55,58,87,90,93,96,98" m="9834" machi="19" ten="30,1000,0" yaku="8,1" doraHai="0" who="0" fromWho="1" sc="196,10,201,-10,363,0,240,0" owari="206,-19.4,191,-30.9,363,46.3,240,4.0" /></mjloggm>