<mjloggm ver="2.3"><GO type="225" lobby="0"/><UN n0="%E3%81%8B%E3%82%8F%E3%81%A1%E3%82%83%E3%82%93%35%38" n1="%E3%82%BC%E3%83%AB%E3%83%80%E3%81%AE%E4%BC%9D%E8%AA%AC" n2="%E5%A4%96%E5%B7%9D%E7%AB%9C%E6%88%90" n3="%E3%81%A8%E3%82%93%E3%81%A8%E3%81%93%E3%81%A8%E3%82%93" dan="16,17,16,16" rate="2110.55,2130.83,2162.76,2128.02" sx="M,M,M,F"/><TAIKYOKU oya="0"/><INIT seed="0,0,0,3,5,71" ten="250,250,250,250" oya="0" hai0="26,65,18,111,82,119,84,86,61,44,54,134,45" hai1="104,90,112,0,80,128,87,79,99,110,27,89,74" hai2="124,113,129,50,109,3,127,93,32,34,102,85,31" hai3="52,101,97,46,92,22,76,100,133,25,38,11,37"/><T130/><D119/><U33/><E0/><V13/><F3/><W30/><G133/><T9/><D130/><U66/><E128/><V120/><F129/><W5/><G76/><T64/><D134/><U107/><E66/><V122/><F50/><W1/><REACH who="3" step="1"/><G100/><REACH who="3" ten="250,250,250,240" step="2"/><T49/><D111/><U83/><E110/><V116/><F102/><W42/><G42/><T53/><D64/><U59/><E79/><V36/><F109/><W6/><G6/><T73/><D73/><U56/><E74/><V106/><F122/><W29/><G29/><T77/><D65/><U63/><E112/><V20/><F120/><W55/><G55/><T78/><D78/><U123/><E123/><V117/><F31/><W121/><G121/><T35/><D54/><U70/><E90/><V103/><F103/><W23/><G23/><T95/><D53/><U60/><E89/><V40/><F113/><W58/><G58/><T135/><D77/><U39/><E59/><V8/><F20/><W118/><G118/><T28/><D28/><U67/><E56/><V114/><F116/><W108/><G108/><T81/><D135/><U132/><E67/><V17/><F114/><W16/><G16/><T125/><D18/><U88/><E88/><V131/><F117/><W14/><G14/><T75/><D75/><U98/><E132/><V15/><F131/><W68/><G68/><T94/><D26/><U51/><E27/><V2/><F2/><W19/><G19/><T96/><D35/><U69/><E33/><V91/><F32/><W43/><G43/><T41/><D41/><U4/><E70/><RYUUKYOKU ba="0,1" sc="250,-10,250,-10,250,-10,240,30" hai3="1,5,11,22,25,30,37,38,46,52,92,97,101" /><INIT seed="1,1,1,2,3,125" ten="240,240,240,270" oya="1" hai0="14,111,1,119,132,18,4,66,34,123,42,115,57" hai1="79,69,30,37,112,68,73,94,25,5,49,101,121" hai2="33,75,17,19,90,72,8,84,76,9,81,108,64" hai3="32,95,74,98,70,83,2,113,11,50,22,71,0"/><U77/><E37/><V109/><F33/><W106/><G32/><T92/><D92/><U89/><E112/><V29/><F29/><W56/><G106/><T51/><D51/><U60/><E121/><V85/><F64/><W130/><G113/><T41/><D57/><U99/><E5/><V16/><F90/><W13/><G74/><N who="2" m="28201" /><F76/><W35/><G83/><T124/><D66/><U103/><E49/><V126/><F81/><W116/><G35/><T38/><D34/><U27/><E60/><V104/><F104/><W97/><G50/><T44/><D38/><U21/><E27/><V46/><F46/><W24/><G56/><T52/><D44/><U127/><E127/><V36/><F126/><W62/><G24/><T87/><D124/><U48/><E48/><V28/><F28/><W91/><G70/><T134/><D123/><U100/><REACH who="1" step="1"/><E73/><REACH who="1" ten="240,230,240,270" step="2"/><V65/><F36/><W131/><G62/><T12/><D115/><U31/><E31/><V88/><F19/><W118/><G118/><T39/><D18/><U54/><E54/><V67/><F17/><W3/><G116/><T10/><D52/><U20/><E20/><V23/><F23/><W128/><G22/><T7/><D119/><U129/><E129/><V96/><F16/><N who="3" m="8255" /><G71/><AGARI ba="1,2" hai="21,25,30,68,69,71,77,79,89,94,99,100,101,103" machi="71" ten="40,2000,0" yaku="1,1,53,0" doraHai="125" doraHaiUra="135" who="1" fromWho="3" sc="240,0,230,43,240,0,270,-23" /><INIT seed="1,2,0,4,4,115" ten="240,273,240,247" oya="1" hai0="32,63,26,77,47,81,34,8,88,20,66,128,43" hai1="111,118,106,76,4,131,82,21,120,75,12,64,91" hai2="107,41,16,13,70,86,38,5,78,30,2,10,59" hai3="54,22,112,27,14,3,36,11,83,85,130,80,33"/><U72/><E120/><V104/><F70/><W6/><G112/><T1/><D128/><U110/><E131/><V25/><F38/><W0/><G36/><T58/><D1/><U125/><E125/><V69/><F41/><W105/><G130/><T9/><D32/><U68/><E118/><V133/><F69/><W53/><G105/><T92/><D34/><U56/><E68/><V117/><F117/><W67/><G67/><T7/><D7/><U134/><E134/><V79/><F59/><W40/><G40/><T123/><D123/><U102/><E75/><V98/><F133/><W51/><G33/><T57/><D57/><U93/><E102/><V124/><F124/><W15/><G0/><T114/><D114/><U24/><E106/><V129/><F129/><W18/><G80/><T90/><D90/><U119/><E119/><V42/><F42/><W31/><G51/><N who="0" m="27135" /><D81/><U37/><E37/><V45/><F45/><W35/><G15/><T48/><D77/><AGARI ba="2,0" hai="3,6,11,14,18,22,27,31,35,53,54,77,83,85" machi="77" ten="30,3900,0" yaku="7,1,24,2" doraHai="115" who="3" fromWho="0" sc="240,-45,273,0,240,0,247,45" /><INIT seed="2,0,0,2,1,110" ten="195,273,240,292" oya="2" hai0="92,71,96,67,50,26,48,115,38,54,68,33,3" hai1="39,125,90,6,10,22,88,42,12,45,70,114,57" hai2="5,37,124,78,97,52,80,82,84,13,135,21,8" hai3="119,103,34,83,60,25,132,35,32,109,106,131,28"/><V129/><F37/><W18/><G119/><T61/><D38/><U55/><E114/><V112/><F112/><W102/><G109/><T128/><D3/><U43/><E43/><V121/><F121/><W40/><G131/><T53/><D128/><U107/><E107/><V44/><F129/><W46/><G132/><T16/><D71/><U58/><E125/><V79/><F135/><W9/><G83/><T23/><D33/><U11/><E70/><V133/><F133/><W41/><G60/><T85/><D115/><U14/><E22/><V117/><F117/><W30/><G106/><T86/><D50/><U59/><REACH who="1" step="1"/><E55/><REACH who="1" ten="195,263,240,292" step="2"/><V69/><F69/><W126/><G126/><T94/><D54/><U20/><E20/><V56/><F21/><W101/><G40/><T66/><D66/><U120/><E120/><V116/><F124/><W73/><G34/><T51/><D51/><U17/><AGARI ba="0,1" hai="6,10,11,12,14,17,39,42,45,57,58,59,88,90" machi="17" ten="30,4000,0" yaku="1,1,0,1,54,1,53,0" doraHai="110" doraHaiUra="65" who="1" fromWho="1" sc="195,-10,263,50,240,-20,292,-10" /><INIT seed="3,0,0,1,5,89" ten="185,313,220,282" oya="3" hai0="30,32,33,45,17,125,15,50,56,119,126,44,53" hai1="61,93,39,2,76,74,101,133,129,122,73,121,3" hai2="118,68,95,112,114,102,63,70,10,47,115,29,57" hai3="42,5,87,54,64,1,116,99,94,128,88,109,65"/><W20/><G116/><T21/><D119/><U7/><E61/><V0/><F118/><W92/><G128/><T13/><D13/><U22/><E22/><V97/><F29/><W107/><G107/><T124/><REACH who="0" step="1"/><D30/><REACH who="0" ten="175,313,220,282" step="2"/><U84/><E129/><V100/><F0/><W31/><G1/><T26/><D26/><U82/><E2/><V135/><F135/><W86/><G109/><T123/><D123/><U4/><E133/><V37/><F10/><W52/><G5/><T16/><D16/><U69/><E7/><V103/><F70/><W80/><G42/><T6/><D6/><U36/><E69/><V28/><F68/><W105/><G31/><T79/><D79/><U111/><E76/><V78/><F78/><N who="3" m="46359" /><G105/><T117/><D117/><U41/><E111/><V81/><F28/><W72/><G72/><T24/><D24/><U66/><E41/><V106/><F106/><W25/><G25/><T62/><D62/><U90/><E74/><V38/><F63/><W108/><G108/><T8/><D8/><U83/><E73/><V127/><F115/><W48/><G20/><T9/><D9/><U46/><E4/><V60/><F114/><W12/><G12/><T71/><D71/><U132/><E3/><V98/><F112/><W19/><G19/><T11/><D11/><U40/><E40/><V58/><F60/><W43/><G43/><T91/><D91/><U23/><E132/><V55/><F37/><W120/><G120/><T130/><D130/><U34/><E122/><V27/><F38/><W85/><G65/><T35/><AGARI ba="0,1" hai="15,17,21,32,33,35,44,45,50,53,56,124,125,126" machi="35" ten="40,5200,0" yaku="1,1,0,1,18,1,53,0" doraHai="89" doraHaiUra="67" who="0" fromWho="0" sc="175,62,313,-13,220,-13,282,-26" owari="237,-16.3,300,40.0,207,-29.3,256,5.6" /></mjloggm>