<mjloggm ver="2.3"><GO type="225" lobby="0"/><UN n0="%E3%81%95%E3%81%8D%E3%81%9F%E3%81%BE%E6%9E%97%E6%AA%8E" n1="%E3%83%A2%E3%83%B3%E3%82%AD%E3%83%BC%E3%83%88%E3%83%AA%E3%83%83%E3%82%AF" n2="%E3%81%8B%E3%82%8F%E3%81%A1%E3%82%83%E3%82%93%35%38" n3="%74%61%6B%75%61%6B%61" dan="16,17,16,17" rate="2118.91,2158.07,2123.77,2261.38" sx="M,M,M,M"/><TAIKYOKU oya="0"/><INIT seed="0,0,0,2,5,26" ten="250,250,250,250" oya="0" hai0="89,20,61,40,126,52,21,113,62,43,100,74,7" hai1="1,72,97,58,42,70,5,133,15,95,0,108,3" hai2="55,121,80,8,67,66,129,38,91,33,77,63,31" hai3="45,87,120,98,50,119,115,135,105,32,132,116,30"/><T104/><D113/><U84/><E72/><V6/><F121/><W130/><G115/><T18/><D74/><U39/><E70/><V111/><F38/><W106/><G120/><T68/><D68/><U69/><E69/><V123/><F123/><W125/><G125/><T48/><D126/><U109/><E133/><N who="3" m="51274" /><G87/><T29/><D104/><N who="3" m="40041" /><G98/><T54/><D100/><U114/><E114/><V60/><F91/><W71/><G71/><T27/><D89/><U4/><E84/><V79/><F80/><W11/><G11/><T59/><D7/><U96/><E58/><V122/><F8/><W103/><G103/><T17/><D17/><U19/><E42/><N who="0" m="15913" /><D54/><U24/><E39/><V112/><F55/><N who="3" m="30159" /><G130/><T99/><D99/><U49/><E97/><V94/><F129/><W128/><G128/><T53/><D53/><U36/><E96/><V83/><F122/><W65/><G65/><T10/><D10/><U12/><E36/><V86/><F112/><W82/><G82/><T46/><D59/><U110/><E49/><V22/><F83/><W134/><N who="3" m="51282" /><W73/><DORA hai="57" /><G73/><T75/><D75/><U117/><E95/><V51/><F94/><W14/><G14/><AGARI ba="0,0" hai="14,18,20,21,27,29,46,48,52,61,62" m="15913" machi="14" ten="30,12000,1" yaku="8,1,52,3,54,1" doraHai="26,57" who="0" fromWho="3" sc="250,120,250,0,250,0,250,-120" /><INIT seed="0,1,0,4,3,97" ten="370,250,250,130" oya="0" hai0="0,132,75,4,110,63,123,23,84,38,120,27,76" hai1="21,118,65,69,80,15,52,71,7,124,28,79,26" hai2="68,46,106,44,10,114,78,93,58,112,88,86,87" hai3="116,42,67,36,12,56,77,81,11,101,6,83,96"/><T33/><D38/><U39/><E39/><V70/><F106/><W103/><G116/><T57/><D75/><U82/><E118/><V47/><F10/><W59/><G83/><T66/><D33/><U43/><E124/><V102/><F102/><W92/><G67/><T108/><D132/><U72/><E43/><V131/><F131/><W35/><G35/><T53/><D0/><U129/><E129/><V91/><F78/><W34/><G34/><T115/><D115/><U126/><E126/><V61/><F112/><W100/><G42/><T85/><D4/><U25/><E65/><V60/><F114/><W13/><G13/><T3/><D3/><U49/><E26/><V134/><F134/><W119/><G36/><T74/><D74/><U105/><E105/><V111/><F111/><N who="0" m="42538" /><D66/><U14/><E82/><V31/><F31/><W94/><G119/><T113/><D113/><U125/><E125/><V24/><F24/><W98/><G101/><T22/><D22/><U16/><E7/><V99/><F99/><W37/><REACH who="3" step="1"/><G37/><REACH who="3" ten="370,250,250,120" step="2"/><T18/><D76/><U128/><E14/><V51/><F91/><W122/><G122/><AGARI ba="1,1" hai="18,23,27,53,57,63,84,85,120,122,123" m="42538" machi="122" ten="30,2900,0" yaku="14,1,10,1" doraHai="97" who="0" fromWho="3" sc="370,42,250,0,250,0,120,-32" /><INIT seed="0,2,0,5,0,27" ten="412,250,250,88" oya="0" hai0="34,56,104,43,129,9,20,101,36,30,69,106,103" hai1="126,96,57,71,81,2,32,123,68,72,39,45,1" hai2="60,77,119,19,98,44,55,48,63,53,23,40,15" hai3="58,110,117,41,28,70,13,94,91,89,66,100,4"/><T80/><D69/><U79/><E123/><V31/><F119/><W8/><G117/><T107/><D34/><U87/><E126/><V7/><F77/><W18/><G110/><T76/><D36/><U125/><E125/><V24/><F7/><W134/><G134/><T75/><D43/><N who="1" m="22783" /><E57/><V29/><F98/><W50/><G70/><N who="1" m="26666" /><E87/><V84/><F84/><W102/><G4/><T120/><D56/><U112/><E112/><V111/><F111/><W97/><G89/><T99/><D120/><U83/><E83/><V0/><F0/><N who="1" m="105" /><E96/><V38/><F38/><W108/><G108/><T65/><D65/><U122/><E122/><V116/><F116/><W121/><G121/><T88/><D9/><U67/><E67/><V52/><REACH who="2" step="1"/><F31/><REACH who="2" ten="412,250,240,88" step="2"/><W17/><G28/><T124/><D124/><U5/><E5/><V12/><F12/><W82/><G18/><T133/><D30/><U90/><E90/><V47/><F47/><N who="3" m="25967" /><G82/><T11/><D88/><U46/><E81/><V54/><N who="2" m="13312" /><DORA hai="6" /><V73/><F73/><W49/><G49/><T59/><D80/><U25/><E79/><V74/><F74/><W37/><G37/><T127/><D75/><U42/><E72/><V85/><F85/><W14/><G14/><T92/><D76/><U109/><E109/><V135/><F135/><W62/><AGARI ba="2,1" hai="8,13,17,58,62,66,91,94,97,100,102" m="25967" machi="62" ten="30,2000,0" yaku="8,1,52,1" doraHai="27,6" who="3" fromWho="3" sc="412,-12,250,-7,240,-7,88,36" /><INIT seed="1,0,0,2,2,50" ten="400,243,233,124" oya="1" hai0="14,130,82,98,35,11,48,5,59,13,66,116,21" hai1="12,89,16,65,67,64,79,87,113,42,124,55,68" hai2="74,70,19,71,100,128,51,75,23,95,9,133,105" hai3="15,44,91,62,106,39,25,60,123,56,78,7,29"/><U99/><E113/><V49/><F105/><W122/><G106/><T132/><D130/><U129/><E129/><V27/><F128/><W41/><G78/><T45/><D116/><U20/><E124/><V125/><F125/><W92/><G7/><T102/><D132/><U73/><E73/><V37/><F37/><W108/><G15/><T80/><D35/><U2/><E2/><V8/><F100/><W38/><G38/><T107/><D66/><U34/><E34/><V43/><F95/><W32/><G62/><T135/><D135/><U109/><E42/><V115/><F115/><W112/><G112/><T94/><D59/><U83/><E109/><V96/><F96/><W46/><G46/><T22/><D107/><U18/><E18/><V127/><F133/><W40/><G40/><T1/><D1/><U47/><E68/><V119/><F43/><W120/><G108/><T10/><D22/><U4/><E4/><V110/><F23/><W54/><REACH who="3" step="1"/><G122/><REACH who="3" ten="400,243,233,114" step="2"/><T3/><D3/><U118/><E118/><V53/><F110/><W84/><AGARI ba="0,1" hai="25,29,32,39,41,44,54,56,60,84,91,92,120,123" machi="84" ten="20,8000,1" yaku="1,1,2,1,0,1,7,1,52,1,53,0" doraHai="50" doraHaiUra="72" who="3" fromWho="3" sc="400,-20,243,-40,233,-20,114,90" /><INIT seed="2,0,0,4,1,61" ten="380,203,213,204" oya="2" hai0="20,66,92,21,19,78,26,49,42,104,86,62,55" hai1="5,135,71,83,4,7,16,95,77,58,119,80,93" hai2="32,34,105,56,47,98,54,59,87,101,25,72,76" hai3="40,130,8,48,89,28,96,1,126,53,57,100,46"/><V107/><F72/><W120/><G126/><T82/><D104/><U60/><E119/><V97/><F47/><W45/><G120/><T85/><D42/><U36/><E71/><V132/><F132/><W109/><G109/><T88/><D21/><U23/><E36/><V64/><F64/><W127/><G127/><T91/><D66/><N who="1" m="39191" /><E135/><V133/><F133/><W129/><G28/><T116/><D116/><U24/><E77/><V37/><F37/><W84/><G8/><T0/><D0/><U115/><E115/><V6/><F6/><N who="1" m="1537" /><U2/><DORA hai="9" /><E2/><V70/><F70/><W17/><G17/><T50/><D78/><U43/><E43/><V12/><F76/><W81/><G1/><T73/><D73/><U63/><E63/><V102/><F54/><W27/><G27/><T41/><D41/><U121/><E121/><V90/><F12/><W29/><G29/><T110/><D110/><U111/><E111/><V10/><F10/><W118/><G118/><T13/><D13/><U69/><E69/><V51/><F51/><W134/><G134/><T38/><D38/><U15/><E24/><V14/><F14/><W67/><G67/><T122/><D122/><U52/><E52/><V22/><F22/><W131/><REACH who="3" step="1"/><G40/><REACH who="3" ten="380,203,213,194" step="2"/><T123/><D123/><U117/><E117/><V30/><REACH who="2" step="1"/><F34/><REACH who="2" ten="380,203,203,194" step="2"/><W124/><G124/><T128/><D26/><U79/><E79/><V106/><F106/><AGARI ba="0,2" hai="45,46,48,53,57,81,84,89,96,100,106,129,130,131" machi="106" ten="40,8000,1" yaku="1,1,19,1,53,3" doraHai="61,9" doraHaiUra="74,125" who="3" fromWho="2" sc="380,0,203,0,203,-80,194,100" /><INIT seed="3,0,0,3,2,70" ten="380,203,123,294" oya="3" hai0="37,80,18,69,7,125,124,29,128,97,94,113,0" hai1="71,32,66,16,65,102,26,63,13,27,43,62,84" hai2="135,4,100,8,74,134,6,47,41,22,132,1,3" hai3="53,30,120,25,57,61,89,35,50,99,12,119,83"/><W52/><G120/><T45/><D128/><U67/><E43/><V64/><F64/><W55/><G119/><T122/><D122/><U9/><E102/><V88/><F100/><W82/><G12/><T117/><D117/><U72/><E72/><V39/><F22/><W31/><G31/><T58/><D69/><U44/><E44/><V20/><F20/><W38/><G38/><T73/><D58/><U87/><E32/><V105/><F105/><W2/><G2/><T78/><D29/><U54/><E54/><V76/><F88/><W121/><G121/><T131/><D18/><U59/><E67/><V112/><F112/><W118/><G118/><T60/><D60/><U108/><E108/><V36/><F36/><W79/><G50/><T17/><D17/><U48/><E48/><V49/><F49/><W127/><G127/><T23/><D23/><U123/><E123/><V130/><F130/><W40/><G40/><N who="0" m="22671" /><D131/><U77/><E77/><V114/><F114/><W10/><G10/><N who="0" m="2407" /><D113/><U5/><E5/><V28/><F28/><W129/><G129/><T90/><AGARI ba="0,0" hai="73,78,80,90,94,97,124,125" m="2407,22671" machi="90" ten="30,2000,0" yaku="25,1,52,1" doraHai="70" who="0" fromWho="0" sc="380,20,203,-5,123,-5,294,-10" owari="400,50.0,198,-20.2,118,-38.2,284,8.4" /></mjloggm>