<mjloggm ver="2.3"><GO type="225" lobby="0"/><UN n0="%72%69%6F%75%63%68%61%6E" n1="%E5%BA%97%E9%95%B7%4D" n2="%E3%81%8B%E3%82%8F%E3%81%A1%E3%82%83%E3%82%93%35%38" n3="%E3%82%B3%E3%83%90%E3%83%AC%E3%82%A4" dan="16,16,17,16" rate="2209.89,2095.69,2204.09,2133.56" sx="M,M,M,M"/><TAIKYOKU oya="0"/><INIT seed="0,0,0,5,3,130" ten="250,250,250,250" oya="0" hai0="115,86,101,37,98,88,107,133,132,59,78,89,16" hai1="19,73,20,1,14,120,110,80,66,45,106,30,104" hai2="21,55,31,65,64,49,100,111,3,131,36,118,85" hai3="75,109,41,18,90,125,63,50,123,60,127,12,134"/><T29/><D115/><U0/><E120/><V117/><F36/><W105/><G75/><T39/><D29/><U122/><E122/><V17/><F3/><W114/><G105/><T82/><D59/><U113/><E110/><V9/><F9/><W46/><G123/><T13/><D37/><U91/><E113/><V38/><F38/><W27/><G109/><T95/><D39/><U42/><E66/><V96/><F85/><W76/><G76/><T7/><D7/><U52/><E42/><V51/><F31/><W94/><G27/><T26/><D26/><U97/><E30/><V129/><F21/><W124/><G114/><T35/><D35/><U103/><E106/><V34/><F17/><W84/><G134/><N who="0" m="51819" /><D107/><U102/><E102/><V83/><F100/><W28/><G28/><T116/><D116/><U4/><E4/><V93/><F34/><W10/><AGARI ba="0,0" hai="10,12,18,41,46,50,60,63,84,90,94,124,125,127" machi="10" ten="30,2000,0" yaku="0,1,18,1" doraHai="130" who="3" fromWho="3" sc="250,-10,250,-5,250,-5,250,20" /><INIT seed="1,0,0,0,4,117" ten="240,245,245,270" oya="1" hai0="127,113,54,92,6,17,15,106,55,124,5,131,134" hai1="86,57,76,2,61,62,35,59,70,108,97,105,88" hai2="23,112,110,13,69,29,100,38,30,48,135,64,1" hai3="116,102,73,60,45,3,67,25,4,128,49,34,133"/><U52/><E2/><V16/><F38/><W103/><G116/><T120/><D113/><U37/><E35/><V79/><F1/><W11/><G73/><T50/><D106/><U68/><E37/><V20/><F112/><W114/><G114/><T82/><D131/><U41/><E41/><V75/><F100/><W123/><G123/><T46/><D134/><U32/><E32/><V98/><F98/><W14/><G133/><T115/><D115/><U19/><E108/><V85/><F75/><W8/><G25/><T12/><D120/><U36/><E36/><V93/><F110/><W89/><G34/><T77/><D92/><U130/><E130/><V90/><F79/><W9/><G89/><T10/><D55/><U33/><E33/><V56/><F135/><W107/><G107/><T53/><D53/><U51/><E76/><V101/><F101/><W122/><G122/><T0/><D0/><U65/><E19/><N who="2" m="10351" /><F69/><W24/><G24/><T27/><D27/><U118/><E118/><V31/><F64/><W7/><G11/><T132/><D132/><U94/><REACH who="1" step="1"/><E62/><REACH who="1" ten="240,235,245,270" step="2"/><V28/><F28/><W44/><G128/><T43/><D43/><U22/><E22/><V99/><F23/><W74/><G3/><T72/><REACH who="0" step="1"/><D5/><REACH who="0" ten="230,235,245,270" step="2"/><U109/><E109/><V18/><F18/><W40/><G4/><T21/><AGARI ba="0,2" hai="6,10,12,15,17,21,46,50,54,72,77,82,124,127" machi="21" ten="30,4000,0" yaku="1,1,2,1,0,1,53,0" doraHai="117" doraHaiUra="129" who="0" fromWho="0" sc="230,60,235,-20,245,-10,270,-10" /><INIT seed="2,0,0,3,3,23" ten="290,215,235,260" oya="2" hai0="21,71,41,82,134,35,106,34,16,88,96,13,14" hai1="84,90,101,8,43,116,32,46,77,55,64,102,47" hai2="131,9,0,83,97,11,65,94,80,36,135,1,78" hai3="53,18,100,87,128,24,70,72,29,25,123,38,107"/><V75/><F135/><W5/><G38/><T50/><D71/><U93/><E32/><V62/><F131/><W114/><G70/><T63/><D134/><U120/><E116/><V17/><F36/><W28/><G72/><T126/><D126/><U19/><E120/><V59/><F80/><W129/><G107/><T61/><D34/><U110/><E110/><V109/><F109/><W118/><G100/><T127/><D35/><U27/><E64/><V22/><F0/><W81/><G123/><T30/><D30/><N who="3" m="11881" /><G118/><T2/><D2/><U89/><E77/><V91/><REACH who="2" step="1"/><F1/><REACH who="2" ten="290,215,225,260" step="2"/><W67/><G114/><T51/><D82/><U117/><E117/><V74/><F74/><W48/><G129/><T113/><D113/><U99/><E55/><V39/><F39/><W42/><G128/><T54/><D54/><U44/><E43/><V124/><F124/><W40/><G67/><T76/><D41/><U103/><E8/><V108/><F108/><W37/><G37/><T121/><D127/><U98/><REACH who="1" step="1"/><E90/><REACH who="1" ten="290,205,225,260" step="2"/><V31/><F31/><W125/><G125/><T104/><D88/><U95/><E95/><V73/><F73/><W132/><G42/><T111/><D121/><U26/><E26/><AGARI ba="0,2" hai="9,11,17,22,26,59,62,65,75,78,83,91,94,97" machi="26" ten="30,11600,0" yaku="1,1,7,1,52,1,53,1" doraHai="23" doraHaiUra="58" who="2" fromWho="1" sc="290,0,205,-116,225,136,260,0" /><INIT seed="2,1,0,1,1,110" ten="290,89,361,260" oya="2" hai0="111,6,52,100,66,70,31,46,120,36,106,117,132" hai1="55,75,26,135,122,42,21,102,130,99,124,32,41" hai2="109,105,53,90,58,30,28,16,15,101,89,129,82" hai3="113,2,86,64,49,19,59,80,93,25,73,114,134"/><V77/><F129/><W91/><G2/><T94/><D120/><U131/><E75/><V87/><F109/><W14/><G134/><T44/><D111/><U92/><E32/><V125/><F125/><W1/><G25/><T79/><D106/><U12/><E124/><V4/><F4/><W85/><G1/><T18/><D31/><N who="2" m="11818" /><F101/><W27/><G27/><T34/><D34/><U127/><E127/><V35/><F105/><W47/><G73/><T62/><D6/><U133/><E55/><V39/><F39/><W69/><G69/><T67/><D132/><U33/><E33/><V126/><F35/><W107/><G107/><T54/><D117/><U115/><E12/><V43/><F43/><W51/><G64/><T11/><D67/><U118/><E26/><V98/><F98/><W128/><G128/><T68/><D70/><U5/><E5/><V56/><F56/><W65/><G65/><T7/><D7/><U61/><E99/><V40/><F40/><W104/><G104/><T97/><D36/><U119/><E102/><V123/><F123/><W95/><G59/><T71/><D68/><U22/><E92/><V24/><F24/><W0/><G0/><T108/><D108/><U63/><REACH who="1" step="1"/><E122/><REACH who="1" ten="290,79,361,260" step="2"/><V83/><F126/><W37/><G95/><N who="0" m="58431" /><D54/><U74/><E74/><V96/><F96/><W57/><G93/><T23/><D52/><U20/><E20/><N who="2" m="11295" /><F82/><W76/><G80/><T72/><D72/><U8/><E8/><V121/><F121/><W78/><G86/><T60/><D11/><U45/><E45/><V48/><AGARI ba="1,1" hai="48,53,58,77,83,87,89,90" m="11295,11818" machi="48" ten="30,3000,0" yaku="8,1,54,1" doraHai="110" who="2" fromWho="2" sc="290,-11,79,-11,361,43,260,-11" /><INIT seed="2,2,0,2,5,1" ten="279,68,404,249" oya="2" hai0="62,48,80,42,22,109,44,65,75,94,25,129,130" hai1="8,57,105,33,45,26,82,28,14,50,123,35,38" hai2="0,111,51,2,17,73,71,4,37,92,88,43,19" hai3="83,72,125,5,59,60,54,15,31,108,46,6,103"/><V85/><F71/><W121/><G121/><T126/><D109/><U104/><E123/><V124/><F73/><W40/><G108/><T30/><D126/><U89/><E35/><V133/><F111/><W61/><G125/><T58/><REACH who="0" step="1"/><D94/><REACH who="0" ten="269,68,404,249" step="2"/><U70/><E70/><V69/><F69/><W128/><G128/><T41/><D41/><U76/><E38/><V64/><F124/><W81/><G83/><T114/><D114/><U93/><E57/><V131/><F43/><W106/><G81/><T99/><D99/><U115/><E115/><V7/><F131/><W32/><G72/><T134/><D134/><U127/><E127/><V16/><F133/><W112/><G112/><T56/><D56/><U102/><E102/><V74/><F92/><W67/><G106/><T34/><D34/><U47/><E47/><V55/><F37/><W98/><G103/><T9/><D9/><U12/><E93/><V122/><F122/><W120/><G120/><T66/><D66/><U78/><E89/><V53/><F64/><W119/><G98/><T118/><D118/><U79/><E82/><V91/><F91/><W117/><G119/><T95/><D95/><U29/><E29/><V84/><F74/><W52/><G117/><T113/><D113/><U23/><E33/><V132/><F132/><W68/><G54/><T87/><D87/><U63/><E105/><V11/><F55/><W97/><G97/><T116/><D116/><U77/><E104/><V49/><F53/><W135/><G135/><T3/><D3/><U20/><N who="1" m="19456" /><DORA hai="27" /><U10/><E10/><N who="2" m="2311" /><F85/><W107/><G107/><RYUUKYOKU ba="2,1" sc="269,15,68,-15,404,15,249,-15" hai0="22,25,30,42,44,48,58,62,65,75,80,129,130" hai2="2,7,11,16,17,19,49,51,84,88" /><INIT seed="2,3,1,5,2,9" ten="284,53,419,234" oya="2" hai0="134,71,10,119,126,82,22,15,127,27,42,108,57" hai1="21,102,112,8,104,106,17,130,31,51,12,69,89" hai2="48,77,66,113,98,116,123,84,23,61,91,111,67" hai3="47,13,73,72,16,87,44,118,117,70,60,135,97"/><V62/><F113/><W114/><G114/><T49/><D71/><U85/><E69/><V68/><F123/><W40/><G135/><T50/><D134/><U52/><E112/><V36/><F36/><W3/><G3/><T105/><D105/><U24/><E130/><V14/><F14/><W20/><G47/><T28/><D108/><U38/><E38/><V95/><F23/><W121/><G121/><T96/><D119/><U94/><REACH who="1" step="1"/><E102/><REACH who="1" ten="284,43,419,234" step="2"/><V26/><F68/><W56/><G70/><T43/><D127/><U110/><E110/><V78/><F111/><W120/><G118/><T124/><D126/><U74/><E74/><V101/><F116/><W86/><G120/><T34/><D124/><U100/><E100/><V99/><F101/><W103/><G117/><T1/><D1/><U37/><E37/><V2/><F2/><W41/><G73/><T35/><D35/><U88/><E88/><V90/><F91/><W59/><G72/><T45/><D34/><U11/><E11/><V55/><F90/><W75/><G75/><T131/><D131/><U76/><E76/><V128/><F128/><W33/><G33/><T132/><D132/><U133/><E133/><V30/><F30/><W18/><G103/><T4/><D10/><U64/><E64/><V0/><F0/><W54/><G20/><T109/><D22/><U81/><E81/><V5/><F78/><W46/><G97/><T19/><D109/><U92/><E92/><V6/><F95/><W63/><G54/><T83/><D28/><U125/><E125/><V53/><F53/><W79/><G79/><RYUUKYOKU ba="3,2" sc="284,-15,43,15,419,-15,234,15" hai1="8,12,17,21,24,31,51,52,85,89,94,104,106" hai3="13,16,18,40,41,44,46,56,59,60,63,86,87" /><INIT seed="3,4,2,2,0,3" ten="269,58,404,249" oya="3" hai0="9,97,105,40,114,132,60,44,30,41,45,117,73" hai1="25,120,121,82,108,39,68,89,100,104,8,36,16" hai2="106,72,118,19,129,42,88,128,43,75,28,47,93" hai3="35,10,127,90,38,20,46,23,24,21,85,57,1"/><W74/><G74/><T102/><D117/><U124/><E68/><V84/><F118/><W34/><G127/><T4/><D73/><N who="2" m="28234" /><F106/><W32/><G57/><T103/><D132/><U125/><E104/><V27/><F19/><W78/><G78/><T29/><D114/><U107/><E107/><V26/><F28/><W12/><G46/><T51/><D60/><U91/><E100/><V131/><F43/><W83/><G38/><AGARI ba="4,2" hai="26,27,38,42,47,84,88,93,128,129,131" m="28234" machi="38" ten="40,2600,0" yaku="19,1,54,1" doraHai="3" who="2" fromWho="3" sc="269,0,58,0,404,58,249,-38" owari="269,6.9,58,-44.2,462,56.2,211,-18.9" /></mjloggm>