<mjloggm ver="2.3"><GO type="225" lobby="0"/><UN n0="%E7%99%BD%E6%97%A5%E9%9B%AA%E8%8F%9C" n1="%72%69%6F%75%63%68%61%6E" n2="%E3%81%8B%E3%82%8F%E3%81%A1%E3%82%83%E3%82%93%35%38" n3="%E3%81%9F%E3%81%BE%E5%AD%90" dan="17,16,16,18" rate="2228.22,2136.90,2134.01,2209.44" sx="M,M,M,M"/><TAIKYOKU oya="0"/><INIT seed="0,0,0,2,5,64" ten="250,250,250,250" oya="0" hai0="111,44,8,84,27,128,104,129,76,87,67,72,47" hai1="46,131,82,118,109,38,96,98,81,74,10,112,20" hai2="101,94,19,34,66,85,102,110,113,135,89,52,95" hai3="23,71,32,91,49,55,24,2,127,17,126,70,132"/><T26/><D104/><U57/><E118/><V48/><F113/><W7/><G32/><T25/><D72/><U29/><E112/><V100/><F110/><W115/><G115/><T99/><D99/><U90/><E109/><V5/><F135/><W39/><G39/><T88/><D111/><U43/><E131/><N who="0" m="50249" /><D67/><U68/><E68/><N who="3" m="26154" /><G91/><T79/><D8/><U35/><E35/><V93/><F34/><W60/><G60/><T73/><D73/><U6/><E57/><V86/><F66/><W121/><G7/><T108/><D108/><U120/><E120/><V16/><F5/><W119/><G2/><T69/><D69/><U36/><E38/><V78/><F78/><N who="0" m="29738" /><D84/><N who="2" m="32362" /><F89/><W14/><G119/><T51/><D51/><U45/><E90/><V13/><F13/><W124/><G132/><T80/><AGARI ba="0,0" hai="25,26,27,44,47,80,87,88" m="29738,50249" machi="80" ten="40,3900,0" yaku="19,1,54,1" doraHai="64" who="0" fromWho="0" sc="250,39,250,-13,250,-13,250,-13" /><INIT seed="0,1,0,1,5,62" ten="289,237,237,237" oya="0" hai0="43,56,65,81,110,101,92,63,113,45,117,33,19" hai1="54,71,58,5,102,107,64,52,20,18,29,131,83" hai2="87,6,53,61,88,95,91,120,41,14,77,134,118" hai3="15,23,115,8,109,2,67,114,123,96,125,35,57"/><T55/><D113/><U48/><E131/><V66/><F120/><W132/><G123/><T38/><D117/><U12/><E5/><V103/><F134/><W50/><G35/><T85/><D33/><U82/><E29/><V1/><F1/><W80/><G132/><T69/><D110/><U90/><E90/><V44/><F118/><W106/><G109/><T72/><D72/><U108/><E108/><V4/><F53/><W25/><G2/><T13/><D101/><U78/><E54/><V42/><F103/><W133/><G133/><T116/><D92/><U130/><E130/><V126/><F77/><W24/><G125/><T59/><D55/><U16/><E78/><V21/><F126/><W128/><G128/><T68/><D68/><U39/><E39/><V121/><F121/><W27/><G80/><T70/><D70/><U127/><E127/><V51/><F42/><W60/><G50/><T74/><D74/><U7/><E7/><V99/><F21/><W129/><G23/><T10/><REACH who="0" step="1"/><D116/><REACH who="0" ten="279,237,237,237" step="2"/><U36/><E102/><V46/><F46/><W89/><G129/><T40/><D40/><U26/><E71/><V111/><F111/><W34/><G34/><T104/><D104/><U30/><E107/><V98/><F41/><W122/><G122/><T119/><D119/><U31/><E36/><V0/><F44/><W94/><REACH who="3" step="1"/><G106/><REACH who="3" ten="279,237,237,227" step="2"/><T135/><D135/><U9/><E64/><V37/><F66/><W84/><G84/><T97/><D97/><U124/><E124/><V112/><F99/><W22/><G22/><T86/><D86/><U11/><E11/><RYUUKYOKU ba="1,2" sc="279,10,237,10,237,-30,227,10" hai0="10,13,19,38,43,45,56,59,63,65,69,81,85" hai1="9,12,16,18,20,26,30,31,48,52,58,82,83" hai3="8,15,24,25,27,57,60,67,89,94,96,114,115" /><BYE who="3" /><UN n3="%E3%81%9F%E3%81%BE%E5%AD%90" /><INIT seed="0,2,2,0,0,61" ten="289,247,207,237" oya="0" hai0="115,6,22,28,16,81,82,116,1,46,77,23,18" hai1="55,133,34,89,53,47,57,4,108,24,110,120,106" hai2="109,13,44,67,29,41,3,33,36,52,72,91,26" hai3="125,69,27,73,48,128,51,100,14,45,68,99,12"/><T135/><D115/><U56/><E120/><V90/><F3/><W42/><G73/><T71/><D116/><U101/><E133/><V93/><F72/><W132/><G132/><T17/><D71/><U97/><E4/><V103/><F109/><N who="1" m="42089" /><E89/><V9/><F67/><W35/><G128/><T43/><D135/><U117/><E117/><V124/><F124/><W50/><G125/><T74/><D28/><N who="1" m="19719" /><E47/><V121/><F121/><W7/><G35/><T31/><D31/><U0/><E0/><V5/><REACH who="2" step="1"/><F52/><AGARI ba="2,2" hai="52,53,55,56,57,97,101,106" m="19719,42089" machi="52" ten="30,2000,0" yaku="14,1,54,1" doraHai="61" who="1" fromWho="2" sc="289,0,247,46,207,-26,237,0" /><INIT seed="1,0,0,2,5,28" ten="289,293,181,237" oya="1" hai0="110,74,2,23,130,76,90,97,73,40,108,83,84" hai1="26,30,101,89,77,15,64,69,86,24,135,118,22" hai2="63,55,131,37,107,38,87,109,11,53,88,10,45" hai3="104,17,62,57,70,80,72,52,44,96,50,7,35"/><U27/><E118/><V1/><F107/><W39/><G7/><T122/><D2/><U116/><E116/><V25/><F109/><N who="0" m="42090" /><D23/><U68/><E135/><V134/><F134/><W0/><G0/><T34/><D40/><U32/><E101/><V128/><F25/><W42/><G35/><T123/><D34/><U95/><E77/><V48/><F38/><W61/><G17/><T100/><D130/><U106/><E106/><V103/><F37/><W121/><G121/><N who="0" m="46091" /><D76/><U14/><E26/><V54/><F103/><W117/><G117/><T19/><D19/><U59/><E59/><V36/><F36/><W119/><G119/><T102/><D102/><U43/><E43/><V78/><F78/><W56/><G56/><T98/><D98/><U105/><E68/><V41/><F63/><W47/><G62/><T124/><D124/><U126/><E126/><V75/><F75/><W94/><G47/><T65/><D65/><U20/><E64/><V6/><REACH who="2" step="1"/><F10/><REACH who="2" ten="289,293,171,237" step="2"/><W91/><G72/><T46/><D46/><U13/><E24/><V129/><F129/><W115/><G61/><T9/><D9/><U85/><E69/><V79/><F79/><W66/><G70/><T114/><D114/><U67/><E27/><V113/><F113/><W127/><G115/><T60/><D60/><U4/><E30/><V112/><F112/><W18/><G66/><T125/><D125/><U12/><E67/><V92/><AGARI ba="0,1" hai="1,6,11,41,45,48,53,54,55,87,88,92,128,131" machi="92" ten="30,12000,2" yaku="1,1,0,1,54,1,53,3" doraHai="28" doraHaiUra="51" who="2" fromWho="2" sc="289,-30,293,-60,171,130,237,-30" /><INIT seed="2,0,0,2,4,88" ten="259,233,301,207" oya="2" hai0="92,51,134,81,43,12,45,23,61,59,29,117,84" hai1="65,96,32,79,1,86,74,56,70,28,42,36,35" hai2="20,53,94,105,16,69,30,100,116,5,110,55,17" hai3="90,64,106,7,9,47,115,89,48,33,11,58,113"/><V4/><F116/><W10/><G106/><T80/><D134/><U63/><E86/><V91/><F69/><W41/><G33/><T127/><D127/><U97/><E28/><V93/><F105/><W98/><G7/><N who="2" m="2633" /><F110/><W26/><G26/><N who="0" m="16607" /><D117/><U77/><E1/><V62/><F30/><W0/><G0/><T129/><D129/><U120/><E120/><V2/><F2/><W76/><G76/><T27/><D27/><U8/><E8/><V68/><F68/><W67/><G89/><N who="0" m="53287" /><D12/><U14/><E14/><N who="2" m="9239" /><F62/><W54/><G113/><T39/><D39/><U101/><E74/><V6/><F6/><W133/><G133/><T31/><D31/><U57/><E32/><V87/><F17/><W44/><G115/><T99/><D99/><AGARI ba="0,0" hai="53,55,87,91,93,94,99,100" m="9239,2633" machi="99" ten="30,11600,0" yaku="8,1,52,2,54,1" doraHai="88" who="2" fromWho="0" sc="259,-116,233,0,301,116,207,0" /><INIT seed="2,1,0,1,5,34" ten="143,233,417,207" oya="2" hai0="16,94,85,61,62,13,45,106,112,60,104,47,37" hai1="89,93,90,132,7,108,31,125,129,26,86,10,46" hai2="69,77,113,23,80,54,92,17,33,58,42,101,2" hai3="96,105,73,95,72,41,9,14,99,24,87,49,12"/><V59/><F33/><W6/><G105/><T35/><D112/><U11/><E108/><V18/><F69/><W0/><G87/><T75/><D75/><U63/><E125/><V88/><F101/><W65/><G65/><T8/><D35/><U118/><E132/><V15/><F42/><W43/><G24/><T4/><D37/><U27/><E129/><V3/><F18/><W28/><G28/><T52/><D4/><U109/><E109/><V32/><F59/><W126/><G126/><T76/><D45/><U130/><E118/><V103/><F103/><W1/><G6/><T115/><D115/><U64/><E130/><V78/><F78/><W53/><G9/><T100/><D76/><U21/><E46/><V119/><F32/><W114/><G95/><T122/><D122/><U79/><E79/><V131/><F119/><W40/><G49/><N who="0" m="28735" /><D106/><U5/><E26/><V67/><F67/><W91/><G53/><T19/><D104/><U50/><E50/><V110/><F110/><W38/><G91/><N who="0" m="53615" /><D100/><U44/><E44/><V123/><F123/><W83/><G83/><T111/><D111/><U124/><E124/><V56/><F131/><W82/><G82/><T29/><D19/><U97/><E5/><V39/><F39/><W30/><G30/><AGARI ba="1,0" hai="8,13,16,29,30,60,61,62" m="53615,28735" machi="30" ten="30,3900,0" yaku="8,1,54,2" doraHai="34" who="0" fromWho="3" sc="143,42,233,0,417,0,207,-42" /><INIT seed="3,0,0,2,2,38" ten="185,233,417,165" oya="3" hai0="85,53,51,43,91,115,64,24,100,120,134,78,76" hai1="93,32,75,77,133,26,97,28,102,72,12,10,1" hai2="44,121,47,88,14,131,52,19,37,39,66,61,57" hai3="118,96,103,70,132,107,54,130,16,27,31,60,125"/><W129/><G118/><T74/><D120/><U83/><E133/><V126/><F39/><W80/><G132/><T7/><D74/><U105/><E1/><V106/><F106/><W89/><G125/><T94/><D134/><U59/><E59/><N who="2" m="37183" /><F37/><W104/><G104/><T82/><D7/><U90/><E72/><V21/><F126/><W17/><G80/><T25/><D64/><U3/><E3/><V99/><F131/><N who="3" m="50187" /><G89/><N who="0" m="51383" /><D43/><U0/><E0/><V87/><F99/><W84/><G84/><N who="0" m="52583" /><D100/><U65/><E65/><V41/><F41/><W23/><G70/><T50/><D50/><U4/><E90/><V112/><F112/><W15/><G15/><T36/><D36/><U62/><E62/><N who="2" m="36135" /><F121/><W35/><G35/><T119/><D115/><U11/><E11/><V34/><F34/><W128/><N who="3" m="50195" /><W63/><DORA hai="13" /><G63/><T114/><D114/><U68/><E68/><V49/><F49/><W33/><G33/><T71/><D71/><U86/><E75/><V98/><F98/><W113/><G113/><T123/><D123/><U55/><E105/><V109/><F109/><W111/><G111/><T67/><D119/><U135/><E135/><V9/><F9/><W29/><G29/><T8/><D8/><U73/><E73/><V117/><F117/><W5/><G5/><T116/><D116/><U124/><E124/><V2/><F2/><W46/><G60/><T20/><BYE who="2" /><D20/><U45/><E55/><V95/><F95/><W40/><G54/><UN n2="%E3%81%8B%E3%82%8F%E3%81%A1%E3%82%83%E3%82%93%35%38" /><T56/><D67/><U81/><E83/><V30/><F30/><W18/><G40/><T58/><D58/><RYUUKYOKU ba="0,0" sc="185,0,233,0,417,0,165,0" hai0="24,25,51,53,56,76,78" hai1="4,10,12,26,28,32,45,77,81,86,93,97,102" hai2="14,19,21,44,47,87,88" hai3="16,17,18,23,27,31,46,96,103,107" /><INIT seed="3,1,0,2,0,110" ten="185,233,417,165" oya="3" hai0="86,16,118,47,116,46,3,120,71,121,65,78,4" hai1="124,15,29,109,94,123,55,64,53,112,74,23,12" hai2="122,63,45,79,61,38,82,92,18,60,49,81,8" hai3="113,127,57,26,75,128,129,108,89,2,114,28,43"/><W107/><G75/><T102/><D102/><U106/><E112/><V9/><F38/><W51/><G108/><T34/><D34/><U54/><E109/><V104/><F104/><W32/><G107/><T21/><D78/><U97/><E106/><V98/><F122/><W56/><G2/><T77/><D77/><U62/><E123/><N who="0" m="47177" /><D86/><U44/><E74/><V84/><F81/><W59/><G127/><T50/><D4/><U69/><E124/><V73/><F73/><W117/><G117/><N who="0" m="45163" /><D3/><U37/><E44/><V126/><F126/><W5/><G5/><T130/><D21/><U135/><E37/><V111/><F111/><W99/><G99/><T88/><D88/><U119/><E135/><V103/><F18/><W85/><G51/><T70/><D16/><U96/><E119/><V22/><F22/><W68/><G43/><AGARI ba="1,0" hai="8,9,43,45,49,60,61,63,79,82,84,92,98,103" machi="43" ten="40,1300,0" yaku="8,1" doraHai="110" who="2" fromWho="3" sc="185,0,233,0,417,16,165,-16" owari="185,-21.5,233,3.3,433,53.3,149,-35.1" /></mjloggm>