<mjloggm ver="2.3"><GO type="225" lobby="0"/><UN n0="%73%75%7A%75%72%61%6E%65" n1="%E3%81%AF%E3%82%88%E3%81%8A%E3%81%98%E3%81%95%E3%82%93" n2="%E3%81%93%E3%81%8F%E3%82%89%E3%82%AB%E3%83%90%E8%94%B5" n3="%73%69%72%6F%75%74" dan="16,16,17,16" rate="2060.28,2186.56,2147.17,2137.76" sx="M,M,M,M"/><TAIKYOKU oya="0"/><INIT seed="0,0,0,2,1,46" ten="250,250,250,250" oya="0" hai0="100,25,68,71,97,129,37,7,86,124,50,40,41" hai1="99,89,77,54,82,96,109,105,69,11,10,93,80" hai2="32,118,42,57,28,117,2,13,17,16,110,58,55" hai3="14,78,39,35,130,26,79,104,52,60,63,120,102"/><T44/><D129/><U122/><E122/><V49/><F2/><W21/><G39/><T30/><D124/><U98/><E69/><V133/><F110/><W85/><G120/><T75/><D75/><U33/><E33/><V128/><F128/><W107/><G35/><T8/><D86/><U43/><E43/><V125/><F125/><W53/><G130/><T84/><D84/><U56/><E109/><V91/><F133/><W108/><G14/><T23/><D41/><U24/><E24/><N who="2" m="18439" /><F42/><W121/><G121/><T1/><REACH who="0" step="1"/><D37/><REACH who="0" ten="240,250,250,250" step="2"/><U76/><E77/><V64/><F117/><W132/><G108/><T20/><D20/><U31/><E76/><V115/><F118/><W111/><G111/><T0/><D0/><U87/><E82/><V6/><F115/><W48/><G85/><T27/><D27/><U36/><E36/><V114/><F114/><W112/><G26/><T47/><D47/><U126/><E126/><V127/><F127/><W5/><G21/><T62/><D62/><U135/><E135/><V9/><F13/><W51/><G132/><T22/><D22/><U116/><E116/><V29/><F9/><W90/><G112/><T18/><D18/><U12/><E80/><V45/><F6/><W19/><G19/><T95/><AGARI ba="0,1" hai="1,7,8,23,25,30,40,44,50,68,71,95,97,100" machi="95" ten="20,7800,0" yaku="1,1,0,1,7,1,52,1,53,0" doraHai="46" doraHaiUra="123" who="0" fromWho="0" sc="240,88,250,-26,250,-26,250,-26" /><INIT seed="0,1,0,5,2,106" ten="328,224,224,224" oya="0" hai0="89,21,112,9,130,66,117,90,128,111,23,51,75" hai1="102,97,127,40,15,2,41,53,132,71,95,63,65" hai2="134,16,77,38,49,120,27,133,93,12,100,118,46" hai3="114,31,107,131,99,79,33,29,36,105,50,35,115"/><T24/><D112/><N who="3" m="43049" /><G50/><T125/><D117/><U8/><E127/><V82/><F38/><W6/><G36/><T10/><D51/><U83/><E132/><N who="2" m="50795" /><F118/><W42/><G99/><T62/><D24/><U113/><E113/><V30/><F120/><W11/><G79/><T129/><D125/><U67/><E2/><V54/><F93/><W123/><G42/><T4/><D111/><U32/><E32/><N who="3" m="12362" /><G123/><T86/><D86/><U81/><E67/><V1/><F1/><N who="3" m="463" /><G107/><T103/><D103/><U58/><E65/><V68/><F100/><W72/><G72/><T57/><D75/><U43/><REACH who="1" step="1"/><E71/><REACH who="1" ten="328,214,224,224" step="2"/><V37/><F68/><W126/><G126/><T3/><D3/><U25/><E25/><V122/><F27/><W0/><G105/><T121/><D121/><U73/><E73/><N who="2" m="43311" /><F122/><W96/><G0/><T74/><D130/><U26/><E26/><V70/><F70/><W76/><G131/><T124/><D129/><U34/><E34/><V18/><F30/><W116/><G116/><T135/><D128/><U13/><E13/><V98/><F12/><W39/><G29/><T14/><D135/><U19/><AGARI ba="1,1" hai="8,15,19,40,41,43,53,58,63,81,83,95,97,102" machi="19" ten="30,4000,0" yaku="1,1,0,1,8,1,53,0" doraHai="106" doraHaiUra="20" who="1" fromWho="1" sc="328,-21,214,53,224,-11,224,-11" /><INIT seed="1,0,0,3,3,57" ten="307,267,213,213" oya="1" hai0="72,132,71,98,102,117,89,51,129,37,41,80,106" hai1="111,6,13,93,95,69,122,103,78,76,1,128,118" hai2="92,124,15,11,33,59,120,84,77,90,31,115,119" hai3="23,130,135,8,97,62,116,25,86,34,133,44,74"/><U24/><E122/><V104/><F120/><W30/><G74/><T99/><D117/><U7/><E118/><V26/><F119/><W94/><G116/><T58/><D71/><U56/><E69/><V60/><F124/><W20/><G86/><T40/><D129/><U28/><E1/><V67/><F115/><W52/><G130/><T53/><D132/><N who="3" m="50761" /><G8/><T114/><D114/><U5/><E128/><V70/><F104/><W108/><G108/><T55/><D37/><U4/><E111/><V66/><F77/><W79/><G79/><T19/><D72/><U123/><E123/><V112/><F112/><W121/><G121/><T105/><D80/><U85/><E56/><V32/><F70/><W73/><G73/><T16/><D55/><U0/><E0/><V107/><F107/><W21/><G44/><T100/><REACH who="0" step="1"/><D89/><REACH who="0" ten="297,267,213,213" step="2"/><N who="1" m="53423" /><E78/><V96/><F66/><W63/><G52/><T22/><D22/><N who="1" m="15383" /><E76/><V48/><F32/><W54/><G54/><T46/><D46/><U131/><E131/><V43/><F43/><AGARI ba="0,1" hai="16,19,40,41,43,51,53,58,98,99,100,102,105,106" machi="43" ten="40,5200,0" yaku="1,1,9,1,54,1,53,0" doraHai="57" doraHaiUra="134" who="0" fromWho="2" sc="297,62,267,0,213,-52,213,0" /><INIT seed="2,0,0,1,1,112" ten="359,267,161,213" oya="2" hai0="51,98,115,61,69,116,104,7,102,19,119,121,45" hai1="87,39,38,91,33,2,124,67,130,0,131,15,41" hai2="100,3,20,1,123,35,52,22,25,8,94,5,129" hai3="50,107,85,114,120,111,32,99,73,89,105,71,55"/><V34/><F100/><W90/><G71/><T79/><D115/><U43/><E33/><N who="2" m="12299" /><F52/><W109/><G32/><T135/><D121/><U44/><E124/><V77/><F94/><N who="3" m="56783" /><G114/><T78/><D7/><U68/><E15/><N who="2" m="5519" /><F77/><W24/><G24/><T122/><D122/><U4/><E4/><V96/><F96/><W16/><G16/><T28/><D28/><U47/><E67/><V18/><F123/><W76/><G120/><T86/><D86/><U103/><E103/><V93/><F93/><N who="3" m="54479" /><G55/><T13/><D61/><U58/><E58/><V6/><F129/><N who="1" m="49161" /><E68/><V17/><F6/><W59/><G50/><T26/><D69/><U9/><E9/><V83/><F83/><AGARI ba="0,0" hai="0,2,38,39,41,43,44,47,83,87,91" m="49161" machi="83" ten="30,1000,0" yaku="19,1" doraHai="112" who="1" fromWho="2" sc="359,0,267,10,161,-10,213,0" /><INIT seed="3,0,0,4,2,80" ten="359,277,151,213" oya="3" hai0="93,109,3,61,13,85,79,63,57,25,128,0,68" hai1="100,40,82,73,133,23,20,72,53,17,106,113,122" hai2="34,55,130,115,127,76,129,125,19,6,102,41,32" hai3="97,35,131,4,124,92,77,51,99,69,8,123,10"/><W52/><G124/><N who="2" m="47689" /><F41/><W27/><G69/><T96/><D109/><U12/><E122/><V108/><F55/><W9/><G77/><T88/><D68/><U74/><E113/><V89/><F102/><W65/><G123/><T132/><D63/><U5/><E133/><V33/><F76/><W56/><G65/><T135/><D128/><N who="2" m="49258" /><F89/><W95/><G131/><T134/><D25/><U36/><E53/><V103/><F103/><N who="3" m="60839" /><G27/><T64/><D13/><U1/><E100/><V49/><F49/><W107/><G35/><N who="2" m="8961" /><V42/><DORA hai="78" /><F42/><W45/><G107/><T26/><D26/><U38/><E106/><V114/><F108/><W11/><G56/><T67/><D67/><U87/><E40/><V118/><F118/><W84/><G84/><T71/><D71/><U91/><E38/><V58/><F58/><W44/><G44/><T110/><D110/><U14/><E36/><V119/><F119/><W121/><G121/><T116/><D116/><U47/><E47/><V126/><N who="2" m="47697" /><V18/><DORA hai="112" /><F6/><W98/><G95/><N who="0" m="54671" /><D79/><U29/><E5/><V24/><F18/><W48/><G4/><T59/><D59/><U7/><E7/><V94/><F94/><W104/><G104/><T62/><D62/><U39/><E39/><V31/><F19/><W50/><N who="3" m="2048" /><DORA hai="111" /><W90/><G48/><T120/><D120/><U66/><E66/><V117/><F117/><W16/><G16/><T30/><D64/><U28/><E17/><V83/><F83/><W70/><G50/><T43/><D57/><U46/><E46/><V2/><F2/><W15/><G45/><RYUUKYOKU ba="0,0" sc="359,-10,277,-10,151,30,213,-10" hai2="24,31,114,115" owari="349,44.9,267,6.7,181,-31.9,203,-19.7" /></mjloggm>