<mjloggm ver="2.3"><GO type="225" lobby="0"/><UN n0="%E8%83%83%E3%81%A8%E8%85%B8" n1="%E9%80%86%E9%80%A3%E5%B8%AF%E3%81%AE%E9%AC%BC" n2="%E3%81%BF%E3%81%BF%E3%81%9A" n3="%E6%9D%B1%E9%A2%A8%E3%81%AE%E3%81%8D%E3%82%83%E3%81%B7%E3%81%95%E3%82%93" dan="17,16,16,16" rate="2217.13,2106.81,2155.84,2178.42" sx="M,M,M,M"/><TAIKYOKU oya="0"/><INIT seed="0,0,0,5,0,29" ten="250,250,250,250" oya="0" hai0="33,114,17,30,38,91,63,16,56,121,106,34,95" hai1="123,124,4,134,109,127,58,25,78,59,85,108,132" hai2="54,40,66,116,44,101,41,47,55,2,88,21,61" hai3="12,125,6,90,97,9,87,32,51,102,28,49,104"/><T53/><D114/><U77/><E25/><V69/><F2/><W3/><G125/><N who="1" m="48202" /><E4/><V76/><F76/><N who="1" m="29289" /><E123/><V79/><F101/><W130/><G130/><T75/><D121/><U62/><E85/><V20/><F79/><W105/><G105/><T37/><D106/><U128/><E128/><V111/><F111/><N who="1" m="42569" /><E62/><V64/><F61/><W118/><G118/><T81/><D81/><U131/><E131/><V103/><F103/><W70/><G70/><T84/><D75/><U133/><AGARI ba="0,0" hai="58,59,132,133,134" m="42569,29289,48202" machi="133" ten="40,8000,1" yaku="28,2,20,1,18,1,14,1" doraHai="29" who="1" fromWho="1" sc="250,-40,250,80,250,-20,250,-20" /><INIT seed="1,0,0,3,1,120" ten="210,330,230,230" oya="1" hai0="15,126,5,17,86,63,87,32,30,38,39,121,23" hai1="54,55,6,130,85,133,123,104,94,61,58,3,117" hai2="45,70,51,47,82,98,108,22,124,78,66,20,109" hai3="28,24,50,127,14,75,69,48,46,88,12,112,110"/><U114/><E117/><V25/><F98/><W67/><G75/><T7/><D121/><U95/><E123/><V76/><F124/><W1/><G1/><T52/><D126/><U83/><E130/><V103/><F103/><W131/><G112/><T19/><D32/><U60/><E133/><V21/><F25/><W80/><G131/><T16/><D30/><U125/><E104/><V44/><F51/><W74/><G127/><T84/><D23/><U111/><E114/><V134/><F134/><W56/><G69/><T18/><N who="0" m="4096" /><DORA hai="81" /><T29/><D29/><U107/><E107/><V57/><F70/><W106/><G106/><T65/><D52/><U68/><E125/><V100/><F100/><W91/><G74/><T10/><REACH who="0" step="1"/><D7/><REACH who="0" ten="200,330,230,230" step="2"/><U31/><E55/><V97/><F97/><W62/><G28/><T2/><D2/><U40/><E54/><V105/><F105/><W90/><G24/><T122/><D122/><U72/><E6/><V128/><F128/><W64/><G12/><T79/><D79/><U102/><E3/><V115/><F115/><W92/><G14/><T129/><D129/><U33/><E33/><V119/><F119/><W49/><G67/><T113/><D113/><U99/><E31/><V36/><F78/><W11/><G64/><T42/><D42/><U8/><E40/><V116/><F116/><W0/><G0/><T53/><D53/><U93/><E8/><V132/><F132/><W101/><G11/><T26/><D26/><U4/><E4/><V118/><F118/><W135/><G135/><T27/><D27/><U59/><E102/><RYUUKYOKU ba="0,1" sc="200,30,330,-10,230,-10,230,-10" hai0="5,10,15,38,39,63,65,84,86,87" /><INIT seed="2,1,1,4,0,3" ten="230,320,220,220" oya="2" hai0="27,120,76,35,79,54,112,37,127,71,135,130,109" hai1="87,23,132,42,38,89,86,45,119,44,118,82,124" hai2="33,4,92,78,72,14,81,126,117,66,73,10,100" hai3="6,22,102,13,95,133,104,113,123,80,115,52,15"/><V63/><F117/><W24/><G123/><T32/><RYUUKYOKU type="yao9" ba="1,1" sc="230,0,320,0,220,0,220,0" hai0="27,32,35,37,54,71,76,79,109,112,120,127,130,135" /><INIT seed="2,2,1,4,2,23" ten="230,320,220,220" oya="2" hai0="55,53,129,49,41,47,119,0,65,35,10,93,103" hai1="30,26,19,101,85,112,25,48,131,68,97,105,46" hai2="91,70,63,66,39,44,28,4,29,84,74,37,122" hai3="114,115,133,9,127,89,57,40,86,22,121,83,79"/><V100/><F122/><W31/><G121/><T135/><D135/><U8/><E112/><N who="3" m="43050" /><G133/><T75/><D129/><U76/><E68/><V42/><F74/><W111/><G111/><T92/><D119/><U107/><E131/><V11/><F100/><W59/><G127/><T113/><D113/><U106/><E76/><V33/><F37/><W27/><G40/><T134/><D134/><U14/><E85/><V117/><F117/><W110/><G110/><T118/><D118/><U5/><E5/><V17/><F33/><W99/><G9/><T32/><D75/><U78/><E78/><V95/><REACH who="2" step="1"/><F17/><REACH who="2" ten="230,320,210,220" step="2"/><W56/><G99/><N who="0" m="59879" /><D32/><U71/><E101/><V16/><F16/><N who="3" m="12743" /><G79/><T51/><D35/><U123/><E97/><V15/><AGARI ba="2,2" hai="4,11,15,28,29,39,42,44,63,66,70,84,91,95" machi="15" ten="20,7800,0" yaku="1,1,0,1,7,1,53,1" doraHai="23" doraHaiUra="36" who="2" fromWho="2" sc="230,-28,320,-28,210,104,220,-28" /><INIT seed="2,3,0,1,3,95" ten="202,292,314,192" oya="2" hai0="44,80,53,111,116,29,11,19,54,65,135,14,101" hai1="134,94,26,24,132,47,69,128,84,5,76,41,15" hai2="28,92,55,118,36,23,3,20,60,0,115,22,113" hai3="33,90,87,1,106,62,127,49,102,45,2,68,110"/><V10/><F118/><W63/><G33/><T43/><D116/><U67/><E128/><V57/><F36/><W77/><G77/><T12/><D111/><U86/><E69/><V91/><F28/><W131/><G127/><T16/><D135/><U64/><E94/><V51/><F60/><W107/><G110/><T122/><D122/><U7/><E15/><V25/><F25/><W37/><G37/><T72/><D29/><U108/><E108/><V83/><F83/><W27/><G27/><T66/><D101/><U85/><E76/><V81/><F81/><W123/><G123/><T93/><D93/><U112/><E112/><V58/><F58/><W96/><G107/><T125/><D125/><U56/><E56/><V119/><F119/><W59/><G68/><T50/><D80/><U117/><E117/><V73/><F73/><W17/><G17/><T126/><D72/><U100/><E100/><V103/><F103/><W34/><G34/><T32/><D32/><U18/><E18/><V88/><F91/><W104/><G104/><T98/><D126/><U8/><E134/><V38/><F38/><W35/><G35/><T79/><D79/><U74/><E74/><V70/><F70/><W78/><G78/><T71/><D71/><U124/><E132/><V89/><F89/><W30/><G30/><T9/><REACH who="0" step="1"/><D98/><REACH who="0" ten="192,292,314,192" step="2"/><U97/><E97/><N who="2" m="57479" /><F115/><W6/><G131/><T75/><D75/><U99/><E124/><V4/><F113/><W52/><G102/><T13/><D13/><U40/><E99/><V120/><F120/><W31/><G96/><T130/><D130/><RYUUKYOKU ba="3,1" sc="192,15,292,-15,314,15,192,-15" hai0="9,11,12,14,16,19,43,44,50,53,54,65,66" hai2="0,3,4,10,20,22,23,51,55,57" /><INIT seed="2,4,1,3,4,74" ten="207,277,329,177" oya="2" hai0="21,13,49,125,88,84,135,67,30,31,100,95,45" hai1="111,65,15,66,38,44,122,89,16,119,63,9,79" hai2="64,75,22,103,82,7,80,20,50,46,36,69,10" hai3="28,71,91,8,114,97,57,108,48,101,35,126,47"/><V92/><F69/><W27/><G71/><T113/><D113/><U110/><E119/><V12/><F64/><W116/><G114/><T24/><D67/><U37/><E122/><V134/><F134/><W123/><G116/><T70/><D70/><U54/><E79/><V58/><F58/><W96/><G123/><T43/><D125/><U26/><E26/><V104/><F104/><W106/><G126/><T59/><D135/><U32/><E32/><V19/><F36/><W5/><G108/><N who="1" m="41514" /><E89/><V81/><F75/><W94/><G57/><T53/><D100/><U107/><E107/><V29/><F29/><W118/><G118/><T127/><D127/><U112/><E112/><V51/><F46/><W128/><G128/><T115/><D115/><U132/><E132/><V42/><F42/><W120/><G120/><T78/><D78/><U102/><E102/><V1/><F22/><W133/><G133/><T52/><D30/><U98/><E98/><N who="2" m="59847" /><F1/><W77/><G77/><T130/><D130/><U131/><E131/><V93/><F93/><W14/><REACH who="3" step="1"/><G47/><REACH who="3" ten="207,277,329,167" step="2"/><T56/><D56/><N who="1" m="37095" /><E66/><V4/><F81/><W55/><G55/><T60/><D53/><U3/><E3/><V62/><F82/><W105/><G105/><T34/><D43/><U61/><E44/><V90/><F80/><W124/><G124/><T11/><D45/><U68/><E68/><V129/><F129/><W18/><G18/><N who="0" m="8511" /><D60/><U83/><E83/><V85/><F62/><W0/><G0/><T40/><D40/><U76/><E76/><V17/><F17/><W87/><G87/><T39/><D39/><RYUUKYOKU ba="4,2" sc="207,10,277,10,329,-30,167,10" hai0="21,24,31,34,49,52,59,84,88,95" hai1="9,15,16,37,38,54,61" hai3="5,8,14,27,28,35,48,91,94,96,97,101,106" /><INIT seed="3,5,2,0,4,14" ten="217,287,299,177" oya="3" hai0="68,2,124,130,104,42,75,92,38,47,127,53,1" hai1="24,26,105,111,28,115,96,74,59,94,16,4,63" hai2="31,22,60,48,27,49,135,134,86,119,29,82,99" hai3="85,121,113,21,50,3,36,54,33,41,72,132,120"/><W17/><G72/><T128/><D104/><U37/><E115/><V13/><F119/><W89/><G33/><T116/><D116/><U58/><E37/><V65/><F99/><W76/><G3/><N who="0" m="1035" /><D75/><U15/><E74/><V61/><F29/><W30/><G30/><T19/><D68/><U57/><E4/><V32/><F13/><N who="3" m="9391" /><G113/><T6/><D6/><U91/><E105/><V70/><F61/><W80/><G132/><N who="2" m="50729" /><F32/><W52/><G121/><T9/><D53/><N who="3" m="20585" /><G36/><T39/><D39/><U35/><E26/><V18/><F31/><W103/><G120/><T7/><D7/><U77/><E77/><AGARI ba="5,2" hai="18,22,27,48,49,60,65,70,77,82,86" m="50729" machi="77" ten="30,2000,0" yaku="20,1,52,1" doraHai="14" who="2" fromWho="1" sc="217,0,287,-35,299,55,177,0" owari="217,-18.3,252,5.2,354,45.4,177,-32.3" /></mjloggm>