<mjloggm ver="2.3"><GO type="225" lobby="0"/><UN n0="%E7%99%BD%E5%92%B2%E8%8A%B1%E3%81%A1%E3%82%83%E3%82%93" n1="%E4%BF%BA%E3%81%A8%E5%A6%96%E5%A4%A2" n2="%EF%BC%AE%EF%BC%A1%EF%BC%AF%33%33%39" n3="%E5%8D%A0%E3%81%84%E5%B8%AB%E8%A3%8F%E3%81%AA%E3%81%84%E3%81%97" dan="16,17,17,17" rate="2081.34,2186.40,2147.58,2171.99" sx="F,F,M,M"/><TAIKYOKU oya="0"/><INIT seed="0,0,0,1,2,26" ten="250,250,250,250" oya="0" hai0="24,135,38,116,30,52,77,8,87,13,4,5,94" hai1="120,95,102,22,45,130,71,48,37,100,123,85,96" hai2="14,34,41,115,110,91,83,63,108,36,105,2,0" hai3="126,31,12,107,19,67,68,80,93,73,40,90,57"/><T98/><D116/><U44/><E37/><V106/><F34/><W17/><G68/><T121/><D121/><U127/><E71/><V61/><F115/><W103/><G126/><T88/><D135/><U47/><E127/><V129/><F14/><W97/><G40/><T65/><D38/><U79/><E130/><V62/><F36/><W89/><G17/><T16/><D65/><U92/><E123/><V101/><F41/><W131/><G131/><T78/><D52/><N who="1" m="29703" /><E120/><V50/><F50/><W28/><G73/><T54/><D54/><U134/><E134/><V23/><F23/><N who="3" m="11751" /><G107/><T81/><REACH who="0" step="1"/><D78/><REACH who="0" ten="240,250,250,250" step="2"/><U27/><E47/><V104/><F129/><W118/><G118/><T132/><D132/><U99/><E45/><V29/><F62/><N who="3" m="38351" /><G80/><T84/><D84/><U111/><E85/><V133/><F83/><W125/><G125/><T42/><D42/><U128/><E128/><V124/><F133/><W53/><G53/><T114/><D114/><U119/><E119/><V86/><F124/><W3/><G3/><T113/><D113/><U33/><E79/><V82/><F82/><W70/><G70/><T66/><D66/><U55/><E55/><V7/><F63/><W32/><G32/><AGARI ba="0,1" hai="4,5,8,13,16,24,30,32,77,81,87,88,94,98" machi="32" ten="30,12000,1" yaku="1,1,7,1,52,1,54,2,53,0" doraHai="26" doraHaiUra="69" who="0" fromWho="3" sc="240,130,250,0,250,0,250,-120" /><INIT seed="0,1,0,3,0,75" ten="370,250,250,130" oya="0" hai0="24,118,37,129,112,100,47,28,128,45,86,70,60" hai1="132,127,120,123,48,130,17,59,63,11,14,43,4" hai2="65,67,108,46,79,36,0,62,20,51,29,8,124" hai3="53,94,74,18,10,96,88,6,109,61,97,89,19"/><T31/><D112/><U114/><E114/><V23/><F36/><W116/><G116/><T84/><D118/><U49/><E132/><V44/><F108/><W57/><G74/><T13/><D100/><U103/><E130/><N who="0" m="50281" /><D13/><U110/><E110/><V87/><F124/><W71/><G71/><T113/><D113/><U5/><E127/><V2/><F8/><W104/><G109/><T35/><D31/><U68/><E68/><V105/><F105/><W90/><G104/><T85/><D37/><U33/><E33/><V54/><F29/><W40/><G40/><T125/><D125/><U9/><E103/><V133/><F133/><W72/><G72/><T73/><D73/><U134/><E134/><V111/><F111/><W58/><G58/><T32/><D32/><U91/><E123/><V78/><F2/><W121/><G121/><T16/><D16/><U22/><E120/><V101/><F101/><W92/><REACH who="3" step="1"/><G90/><REACH who="3" ten="370,250,250,120" step="2"/><T50/><D70/><U1/><E91/><V82/><F46/><W52/><G52/><T117/><D117/><U77/><E43/><V115/><F115/><W26/><G26/><T106/><D106/><U122/><E122/><V55/><F55/><W98/><G98/><T42/><D47/><U15/><E77/><N who="2" m="46543" /><F0/><AGARI ba="1,1" hai="0,6,10,18,19,53,57,61,88,89,92,94,96,97" machi="0" ten="30,7700,0" yaku="1,1,7,1,9,1,54,1,53,0" doraHai="75" doraHaiUra="41" who="3" fromWho="2" sc="370,0,250,0,250,-80,120,90" /><INIT seed="1,0,0,3,4,106" ten="370,250,170,210" oya="1" hai0="23,131,43,83,91,109,15,129,107,13,2,24,125" hai1="20,59,11,1,60,120,49,127,17,132,42,27,122" hai2="31,35,14,6,130,116,102,100,117,25,96,76,79" hai3="89,55,26,69,65,126,92,40,113,80,64,19,97"/><U5/><E132/><V70/><F130/><N who="0" m="49674" /><D109/><U47/><REACH who="1" step="1"/><E127/><REACH who="1" ten="370,240,170,210" step="2"/><V85/><F117/><W3/><G126/><T74/><D125/><U115/><E115/><V118/><F118/><W48/><G113/><T71/><D2/><U56/><E56/><V119/><F70/><W133/><G3/><T18/><D71/><U135/><E135/><V111/><F111/><W36/><G133/><T82/><D107/><U8/><E8/><V4/><F119/><W94/><G69/><T90/><D43/><U41/><E41/><V67/><F116/><W87/><G40/><T123/><D123/><U16/><E16/><V39/><F6/><W99/><G19/><T104/><D104/><U57/><E57/><V38/><F39/><W30/><G36/><T66/><D18/><U121/><E121/><V12/><F38/><W112/><G112/><T98/><D15/><U45/><E45/><V93/><F14/><W114/><G114/><T54/><D13/><U72/><E72/><V124/><F124/><W37/><G37/><T53/><D74/><U0/><E0/><V103/><F12/><W77/><G30/><T29/><D29/><U44/><E44/><V7/><F7/><W21/><G26/><T134/><D24/><U34/><E34/><V62/><F4/><W9/><G9/><T105/><D134/><U88/><E88/><V52/><F25/><W128/><G128/><T51/><D91/><U63/><E63/><V110/><F110/><W28/><G28/><T86/><D90/><U22/><E22/><V84/><F31/><W50/><G21/><T108/><D23/><RYUUKYOKU ba="0,1" sc="370,-10,240,30,170,-10,210,-10" hai1="1,5,11,17,20,27,42,47,49,59,60,120,122" /><INIT seed="1,1,1,3,5,49" ten="360,270,160,200" oya="1" hai0="72,109,130,77,9,129,121,31,2,16,74,56,88" hai1="82,96,29,106,102,42,34,134,14,38,133,35,1" hai2="111,5,85,90,119,12,58,113,83,65,95,100,89" hai3="64,47,45,103,18,87,124,108,20,61,7,27,8"/><U110/><E1/><V55/><F119/><W94/><G108/><T32/><D109/><U117/><E110/><V10/><F111/><W104/><G104/><T0/><D121/><U68/><E68/><V79/><F113/><W75/><G75/><T36/><D36/><U131/><E117/><V46/><F65/><W21/><G124/><T63/><D88/><U92/><E131/><N who="0" m="50185" /><D77/><U66/><E66/><V52/><F46/><W73/><G73/><N who="0" m="28267" /><D31/><U17/><E82/><V80/><F100/><W62/><G103/><T91/><D91/><U70/><E70/><V40/><F40/><W13/><G87/><T135/><D32/><U123/><E123/><V67/><F90/><W19/><G94/><T78/><D78/><U28/><E106/><V126/><F126/><W59/><REACH who="3" step="1"/><G62/><REACH who="3" ten="360,270,160,190" step="2"/><T116/><D116/><U33/><E102/><V107/><F107/><W105/><G105/><T69/><D63/><U6/><E92/><V120/><F120/><W127/><G127/><T101/><D101/><U24/><E96/><N who="2" m="57455" /><F80/><W44/><G44/><T84/><D84/><U132/><E132/><V115/><F115/><W86/><G86/><T122/><D135/><U48/><E134/><V50/><F50/><W76/><G76/><T114/><D114/><U4/><E48/><V30/><F30/><W53/><G53/><T51/><D122/><U57/><E133/><V118/><F118/><W81/><G81/><T11/><D51/><U54/><E29/><V98/><F98/><W93/><G93/><T23/><D69/><U112/><E28/><V3/><F3/><AGARI ba="1,2" hai="3,7,8,13,18,19,20,21,27,45,47,59,61,64" machi="3" ten="30,3900,0" yaku="1,1,7,1,53,1" doraHai="49" doraHaiUra="60" who="3" fromWho="2" sc="360,0,270,0,160,-42,190,62" /><INIT seed="2,0,0,5,2,87" ten="360,270,118,252" oya="2" hai0="134,125,24,97,106,117,12,45,1,11,65,107,69" hai1="127,40,101,84,122,68,94,92,56,95,88,62,93" hai2="113,29,53,98,60,48,119,123,30,9,18,72,112" hai3="89,102,41,96,47,118,22,0,130,110,129,116,58"/><V43/><F72/><W126/><G126/><T103/><D125/><U14/><E68/><V31/><F119/><W115/><G110/><T4/><D134/><U5/><E127/><V75/><F75/><W49/><G0/><T38/><D117/><U55/><E122/><V57/><F123/><W7/><G7/><T6/><D24/><U120/><E120/><V46/><F98/><W124/><G124/><T131/><D131/><N who="3" m="50185" /><G115/><T114/><D114/><U111/><E111/><V121/><F121/><W135/><G135/><T52/><D107/><U99/><E40/><V100/><F100/><W23/><G23/><T25/><D25/><U66/><E55/><V82/><REACH who="2" step="1"/><F82/><REACH who="2" ten="360,270,108,252" step="2"/><W26/><G102/><T54/><D103/><U76/><E101/><V34/><F34/><W44/><G118/><T109/><D97/><U33/><E33/><V70/><F70/><W85/><G96/><T77/><D109/><U86/><E76/><V36/><F36/><W2/><G116/><T13/><D77/><U67/><E99/><V81/><F81/><W37/><G37/><T32/><D32/><U104/><E104/><V61/><F61/><W35/><G35/><T21/><D106/><U108/><E108/><V19/><F19/><W105/><G105/><T8/><D38/><U80/><E80/><V128/><F128/><W51/><G26/><T50/><D69/><U39/><E39/><V91/><F91/><W64/><G89/><T42/><D65/><N who="1" m="39111" /><E84/><V16/><F16/><W90/><G85/><T133/><D133/><U28/><E28/><V132/><F132/><W20/><G64/><RYUUKYOKU ba="0,1" sc="360,10,270,10,108,10,252,-30" hai0="1,4,6,8,11,12,13,21,42,45,50,52,54" hai1="5,14,66,67,86,88,92,93,94,95" hai2="9,18,29,30,31,43,46,48,53,57,60,112,113" /><INIT seed="2,1,1,0,4,17" ten="370,280,118,222" oya="2" hai0="100,88,109,9,54,75,92,70,129,86,124,3,29" hai1="43,130,78,102,15,90,77,118,48,126,66,20,11" hai2="119,98,13,25,24,0,1,115,44,8,55,52,135" hai3="111,67,23,87,40,39,93,128,72,99,46,10,112"/><V63/><F115/><W45/><G72/><T38/><D109/><U56/><E118/><V35/><F119/><W64/><G111/><T83/><D124/><U51/><E126/><V41/><F135/><W117/><G117/><T103/><D129/><U79/><E130/><V37/><F98/><W127/><G127/><T110/><D110/><U68/><E102/><V69/><F1/><W18/><G128/><T132/><D132/><U5/><E68/><V113/><F0/><W59/><G112/><T108/><D38/><U49/><E90/><V73/><F73/><W74/><G74/><T104/><D70/><U116/><E116/><V82/><F82/><W122/><G10/><T26/><D104/><U21/><E43/><V19/><F113/><W36/><G59/><T31/><D54/><U65/><E56/><V12/><F12/><W34/><G34/><T57/><D57/><U27/><E27/><V50/><F35/><W32/><G122/><T4/><D31/><U7/><E7/><V62/><F55/><W16/><G32/><T94/><D108/><U81/><E81/><V28/><F28/><W105/><G87/><T125/><D125/><U95/><E95/><V91/><F91/><N who="3" m="55743" /><G18/><T71/><D71/><U96/><E96/><V58/><F63/><W14/><G105/><T6/><D6/><U84/><E84/><V30/><F30/><W101/><G101/><N who="0" m="38987" /><D75/><U107/><E107/><V85/><F85/><W97/><G97/><T114/><D114/><U53/><E53/><V33/><F33/><W120/><G120/><T60/><D60/><U76/><E76/><RYUUKYOKU ba="1,1" sc="370,0,280,0,118,0,222,0" hai0="3,4,9,26,29,83,86,88,92,94" hai1="5,11,15,20,21,48,49,51,65,66,77,78,79" hai2="8,13,19,24,25,37,41,44,50,52,58,62,69" hai3="14,16,23,36,39,40,45,46,64,67" /><INIT seed="2,2,1,3,4,127" ten="370,280,118,222" oya="2" hai0="4,76,17,78,58,24,57,81,90,126,123,80,47" hai1="121,82,68,107,55,75,45,7,67,102,49,38,87" hai2="77,0,26,70,131,27,36,59,109,122,112,130,97" hai3="128,86,91,72,129,22,29,69,101,85,103,71,10"/><V117/><F70/><W43/><G72/><T8/><D126/><U20/><E121/><V60/><F122/><W64/><G43/><T40/><D123/><U120/><E120/><V93/><F112/><W52/><G10/><T95/><D17/><U62/><E75/><V19/><F117/><W56/><G86/><T50/><D24/><U79/><E7/><V37/><F0/><W106/><G106/><T133/><D133/><U92/><E107/><V14/><F77/><W63/><G22/><T111/><D111/><U83/><E20/><V33/><F109/><W100/><G29/><T41/><D41/><U30/><E30/><V116/><F116/><W108/><G108/><T84/><D81/><U39/><E82/><V16/><F37/><W132/><G132/><T44/><D44/><U105/><E105/><V94/><F36/><W23/><G23/><T28/><D28/><U125/><E125/><V51/><F51/><W104/><G104/><T3/><D78/><U53/><E53/><V88/><F94/><N who="3" m="54639" /><G64/><T34/><D34/><U114/><E114/><V35/><F35/><W61/><G61/><T66/><D66/><U99/><AGARI ba="2,1" hai="38,39,45,49,55,62,67,68,79,83,87,92,99,102" machi="99" ten="30,1100,0" yaku="0,1" doraHai="127" who="1" fromWho="1" sc="370,-5,280,27,118,-7,222,-5" /><INIT seed="3,0,0,0,3,30" ten="365,307,111,217" oya="3" hai0="3,39,16,59,12,49,65,133,11,64,1,20,47" hai1="81,44,55,53,38,10,90,40,5,109,68,57,126" hai2="6,73,106,117,101,79,127,70,45,24,94,120,66" hai3="36,15,118,58,124,132,113,128,108,0,112,56,29"/><W9/><G118/><T130/><D130/><U110/><E68/><V80/><F117/><W33/><G36/><T100/><D133/><U95/><E81/><V91/><F6/><W50/><G128/><T62/><D100/><U103/><E103/><V34/><F45/><W2/><G132/><T19/><D39/><U17/><E17/><V4/><F4/><W26/><G124/><T102/><D65/><U96/><E126/><V121/><F127/><W86/><G108/><N who="1" m="41578" /><E57/><V27/><F27/><W119/><G119/><T41/><D102/><U104/><E104/><V116/><F116/><W89/><G112/><T13/><AGARI ba="0,0" hai="1,3,11,12,13,16,19,20,41,47,49,59,62,64" machi="13" ten="20,2700,0" yaku="0,1,7,1,54,1" doraHai="30" who="0" fromWho="0" sc="365,27,307,-7,111,-7,217,-13" owari="392,49.2,300,10.0,104,-39.6,204,-19.6" /></mjloggm>