<mjloggm ver="2.3"><GO type="225" lobby="0"/><UN n0="%33%74%72%65%65" n1="%6D%75%75%73%61%6E%6D%75" n2="%77%72%77%72%77%72%77%72" n3="%E3%81%BF%E3%81%BF%E3%81%9A" dan="16,16,17,17" rate="2113.50,2095.73,2189.13,2272.05" sx="F,F,M,M"/><TAIKYOKU oya="0"/><INIT seed="0,0,0,0,4,50" ten="250,250,250,250" oya="0" hai0="23,117,32,68,47,58,35,69,42,36,29,120,84" hai1="22,13,107,26,91,62,8,99,104,57,88,135,116" hai2="134,38,67,112,74,64,7,45,93,119,49,70,101" hai3="19,102,53,31,121,128,127,43,21,10,34,130,25"/><T44/><D117/><U131/><E116/><V94/><F119/><W111/><G43/><T12/><D120/><U126/><E131/><N who="3" m="50218" /><G121/><T83/><D44/><U81/><E126/><V3/><F112/><W103/><G127/><T78/><D69/><U87/><E135/><V98/><F134/><W39/><G39/><T1/><D1/><U110/><E110/><V129/><F129/><W95/><G95/><T55/><D68/><U41/><E41/><V77/><F70/><W132/><G132/><T122/><D122/><U90/><E99/><V46/><F38/><W115/><G115/><T30/><D12/><U0/><E0/><V33/><F33/><W72/><G72/><T27/><REACH who="0" step="1"/><D30/><REACH who="0" ten="240,250,250,250" step="2"/><N who="1" m="17751" /><E107/><V61/><F45/><W124/><G124/><T48/><AGARI ba="0,1" hai="23,27,29,32,35,36,42,47,48,55,58,78,83,84" machi="48" ten="20,7800,0" yaku="1,1,0,1,7,1,52,1,53,0" doraHai="50" doraHaiUra="114" who="0" fromWho="0" sc="240,88,250,-26,250,-26,250,-26" /><INIT seed="0,1,0,2,1,48" ten="328,224,224,224" oya="0" hai0="38,23,86,81,125,9,88,5,31,74,35,60,101" hai1="57,122,40,99,69,84,56,113,63,8,25,58,75" hai2="98,106,91,3,12,29,128,41,71,111,20,108,121" hai3="94,80,112,28,120,100,43,62,51,130,129,105,127"/><T70/><D125/><U89/><E75/><V30/><F121/><W26/><G112/><T87/><D74/><U46/><E122/><V117/><F3/><W36/><G120/><T2/><D35/><U49/><E113/><V33/><F33/><W32/><G127/><T77/><D38/><U52/><E25/><V50/><F71/><W13/><G36/><T93/><D101/><U107/><E8/><V103/><F128/><N who="3" m="49259" /><G80/><T72/><D31/><U15/><E15/><V126/><F126/><W135/><G135/><T104/><D104/><U123/><E123/><V14/><F117/><W64/><G13/><N who="2" m="5225" /><F20/><W97/><G51/><T65/><D23/><U19/><E19/><V82/><F91/><W47/><G47/><T83/><D83/><U132/><E132/><V34/><F82/><W66/><G43/><T6/><D6/><U79/><E79/><V68/><F68/><N who="3" m="42007" /><G66/><T95/><D65/><U11/><E69/><V90/><F90/><W45/><G45/><T102/><D70/><U16/><E11/><V76/><F76/><W18/><G18/><T96/><D72/><U39/><E16/><V119/><F119/><W24/><G24/><T7/><D7/><U116/><E116/><V133/><F133/><W78/><G78/><T92/><D77/><U55/><E39/><V10/><F10/><W1/><G1/><T53/><D81/><N who="1" m="49295" /><E40/><V85/><F41/><W131/><N who="3" m="49267" /><W27/><DORA hai="134" /><G27/><T118/><D118/><U21/><E21/><V0/><F0/><W37/><G37/><T44/><D2/><U124/><E124/><V67/><F34/><RYUUKYOKU ba="1,0" sc="328,-15,224,15,224,-15,224,15" hai1="46,49,52,55,56,57,58,63,99,107" hai3="26,28,32,94,97,100,105" /><INIT seed="1,2,0,4,2,128" ten="313,239,209,239" oya="1" hai0="106,18,54,72,44,81,52,14,27,110,99,51,126" hai1="32,41,92,120,37,60,56,62,61,103,87,43,20" hai2="83,42,102,74,17,135,3,30,69,100,23,94,71" hai3="12,113,88,25,13,45,125,95,75,130,19,82,68"/><U67/><E120/><V63/><F3/><W80/><G113/><T33/><D110/><U98/><E32/><V90/><F30/><W16/><G130/><T109/><D109/><U29/><E87/><V134/><F42/><N who="1" m="15881" /><E37/><V4/><F4/><W89/><G68/><T85/><D72/><U73/><E73/><V66/><F69/><W55/><G125/><T105/><D33/><U58/><E58/><V123/><F83/><N who="3" m="31787" /><G75/><T133/><D85/><U8/><E8/><V34/><F34/><W5/><G5/><T64/><D81/><U107/><E107/><V129/><F123/><W59/><G45/><T104/><D44/><U9/><E9/><V65/><F65/><W124/><G124/><T93/><D105/><U11/><E11/><V0/><F0/><W127/><G127/><T2/><D104/><U108/><E108/><V116/><F116/><W31/><G31/><T76/><D106/><U118/><E118/><V24/><F129/><W115/><G115/><T1/><D1/><U15/><E29/><V28/><F28/><W21/><G19/><AGARI ba="2,0" hai="15,19,20,56,60,61,62,67,92,98,103" m="15881" machi="19" ten="30,1500,0" yaku="8,1" doraHai="128" who="1" fromWho="3" sc="313,0,239,21,209,0,239,-21" /><INIT seed="1,3,0,0,4,37" ten="313,260,209,218" oya="1" hai0="99,22,124,31,2,77,16,75,73,95,38,74,39" hai1="59,76,70,65,11,91,126,33,41,52,80,6,20" hai2="56,32,43,131,83,40,28,36,103,63,90,84,110" hai3="78,35,94,105,134,50,42,118,58,116,82,19,86"/><U68/><E33/><V62/><F36/><W119/><G105/><T54/><D124/><U46/><E126/><V133/><F110/><W101/><G134/><T14/><D2/><U15/><E91/><V106/><F133/><W66/><G35/><T5/><D77/><U111/><E65/><V45/><F131/><W48/><G19/><T3/><D31/><U120/><E20/><V44/><F106/><W64/><G58/><T123/><D123/><U132/><E120/><V85/><F103/><W26/><G26/><T9/><REACH who="0" step="1"/><D54/><REACH who="0" ten="303,260,209,218" step="2"/><U96/><E132/><V34/><F28/><W67/><REACH who="3" step="1"/><G42/><REACH who="3" ten="303,260,209,208" step="2"/><T89/><AGARI ba="3,2" hai="3,5,9,14,16,22,38,39,73,74,75,89,95,99" machi="89" ten="30,7900,0" yaku="1,1,2,1,0,1,54,1,53,0" doraHai="37" doraHaiUra="60" who="0" fromWho="0" sc="303,108,260,-42,209,-23,208,-23" /><INIT seed="2,0,0,2,5,44" ten="411,218,186,185" oya="2" hai0="22,114,23,90,7,65,64,46,66,11,62,51,19" hai1="27,1,63,14,127,34,82,112,132,92,86,100,9" hai2="113,135,124,53,123,81,97,119,28,72,52,118,131" hai3="95,71,12,58,54,126,35,75,120,69,20,6,5"/><V36/><F113/><W116/><G120/><T33/><D114/><U67/><E112/><V107/><F123/><W74/><G116/><T57/><D33/><U109/><E1/><V38/><F131/><W15/><G35/><T49/><D22/><U37/><E37/><V41/><F135/><W117/><G117/><T101/><D101/><U30/><E132/><V84/><F72/><W122/><G122/><T10/><D90/><U80/><E109/><V133/><F133/><W70/><G95/><T29/><D29/><U96/><E127/><V87/><F124/><W50/><G126/><T39/><D39/><U60/><E60/><V73/><F73/><W110/><G110/><T85/><D85/><U3/><E3/><V105/><F28/><W104/><G104/><T91/><D91/><U45/><E45/><V40/><REACH who="2" step="1"/><F97/><REACH who="2" ten="411,218,176,185" step="2"/><W130/><G130/><T21/><D7/><U59/><E86/><V61/><F61/><W31/><G5/><AGARI ba="0,1" hai="5,9,14,27,30,34,59,63,67,80,82,92,96,100" machi="5" ten="30,1000,0" yaku="7,1" doraHai="44" who="1" fromWho="3" sc="411,0,218,20,176,0,185,-10" /><INIT seed="3,0,0,3,4,105" ten="411,238,176,175" oya="3" hai0="33,48,84,58,45,69,21,60,71,77,93,19,76" hai1="20,64,98,92,14,9,122,85,62,102,32,24,3" hai2="99,30,128,68,75,112,116,87,61,56,4,110,46" hai3="37,7,100,88,13,15,54,135,66,2,35,124,34"/><W41/><G100/><T119/><D33/><U106/><E122/><V22/><F75/><W94/><G66/><N who="0" m="39191" /><D69/><N who="1" m="42135" /><E3/><V81/><F112/><W107/><G107/><T115/><D71/><U23/><E85/><V12/><F110/><W11/><G124/><T125/><D119/><U91/><E91/><V53/><F128/><W50/><G135/><T72/><D72/><U25/><E92/><V1/><F116/><W80/><G37/><T29/><D29/><N who="1" m="19495" /><E25/><N who="2" m="16695" /><F68/><W57/><G41/><T49/><D49/><U52/><E52/><V89/><F1/><W70/><G70/><T28/><D28/><U63/><E63/><V109/><F109/><W118/><G118/><T55/><D115/><U103/><E103/><V65/><F46/><W8/><G80/><T73/><D73/><U38/><E38/><V17/><F4/><AGARI ba="0,0" hai="4,9,14,20,23,98,102,106" m="19495,42135" machi="4" ten="30,1000,0" yaku="25,1" doraHai="105" who="1" fromWho="2" sc="411,0,238,10,176,-10,175,0" owari="411,51.1,248,4.8,166,-33.4,175,-22.5" /></mjloggm>