<mjloggm ver="2.3"><GO type="225" lobby="0"/><UN n0="%E3%83%A9%E3%83%BC%E3%83%A1%E3%83%B3%E4%BA%94%E9%83%8E" n1="%E5%B8%86%E7%AB%8B%E5%A4%8F%E8%A1%A3" n2="%E6%B5%81%E3%82%8C%EF%BC%9F%53%4F%41" n3="%E3%83%A9%E3%82%A4%E3%83%B3%E3%81%AE%E8%99%8E" dan="16,17,17,16" rate="2150.93,2162.43,2227.96,2133.67" sx="M,M,M,M"/><TAIKYOKU oya="0"/><INIT seed="0,0,0,1,3,23" ten="250,250,250,250" oya="0" hai0="1,132,91,134,94,103,89,26,135,92,80,49,46" hai1="44,117,126,62,119,40,130,32,71,113,82,37,86" hai2="60,31,90,70,133,52,51,29,77,7,42,55,76" hai3="12,3,107,5,10,38,15,114,13,116,18,24,59"/><T73/><D1/><U124/><E32/><V75/><F75/><W105/><G38/><T127/><D127/><N who="1" m="48683" /><E86/><V4/><F70/><W87/><G114/><T72/><D103/><U109/><E82/><V115/><F115/><W96/><G116/><N who="1" m="44618" /><E113/><V65/><F133/><W128/><G128/><T43/><D80/><U20/><E20/><V21/><F65/><W79/><G59/><T131/><D131/><U101/><E101/><V108/><F108/><W28/><G18/><T110/><D110/><U85/><E85/><V17/><F90/><W57/><G57/><T0/><D0/><U54/><E130/><V81/><F42/><W14/><N who="3" m="3072" /><DORA hai="45" /><W27/><G96/><N who="0" m="57359" /><D26/><U95/><E95/><V111/><F111/><W30/><G87/><AGARI ba="0,0" hai="43,46,49,72,73,87,91,94,132,134,135" m="57359" machi="87" ten="30,2900,0" yaku="20,1,52,1" doraHai="23,45" who="0" fromWho="3" sc="250,29,250,0,250,0,250,-29" /><INIT seed="0,1,0,5,5,17" ten="279,250,250,221" oya="0" hai0="76,67,53,23,29,48,101,134,57,27,8,127,114" hai1="15,72,132,1,81,0,10,97,68,104,74,4,125" hai2="66,14,63,73,44,64,50,92,78,54,119,56,41" hai3="43,19,89,80,38,100,61,128,35,11,51,39,87"/><T69/><D114/><U95/><E125/><V79/><F119/><W118/><G118/><T58/><D127/><U108/><E108/><V7/><F73/><W28/><G128/><T91/><D69/><U6/><E132/><V84/><F78/><W26/><G100/><T86/><D134/><U133/><E133/><V107/><F107/><W98/><G98/><T16/><D101/><U33/><E33/><V77/><F77/><W111/><G111/><T36/><D36/><U121/><E121/><V110/><F110/><W135/><G135/><T13/><D76/><U126/><E126/><V49/><F49/><W122/><G122/><T37/><D37/><U2/><E68/><V9/><F92/><W130/><G130/><T31/><D67/><U55/><E104/><V60/><REACH who="2" step="1"/><F63/><REACH who="2" ten="279,250,240,221" step="2"/><W70/><G51/><T85/><D48/><U120/><E120/><V88/><F88/><W105/><G105/><T5/><D91/><U25/><E74/><V83/><AGARI ba="1,1" hai="7,9,14,41,44,50,54,56,60,64,66,79,83,84" machi="83" ten="30,12000,2" yaku="1,1,0,1,25,2,8,1,53,1" doraHai="17" doraHaiUra="45" who="2" fromWho="2" sc="279,-61,250,-31,240,133,221,-31" /><INIT seed="1,0,0,2,4,48" ten="218,219,373,190" oya="1" hai0="93,99,71,13,69,14,109,31,91,8,5,122,40" hai1="24,10,67,120,11,123,65,53,44,103,36,112,20" hai2="128,41,66,70,15,17,50,105,115,118,101,35,135" hai3="131,100,76,80,37,130,111,95,125,83,72,86,94"/><U57/><E112/><V64/><F118/><W126/><G37/><T49/><D109/><U82/><E120/><V39/><F35/><W60/><G111/><T68/><D122/><U127/><E127/><N who="3" m="48650" /><G60/><T0/><REACH who="0" step="1"/><D31/><REACH who="0" ten="208,219,373,190" step="2"/><U85/><E123/><V16/><F115/><W22/><G22/><T79/><D79/><U3/><E20/><V54/><F128/><N who="3" m="49195" /><G100/><T26/><D26/><U117/><E24/><V129/><F101/><W81/><G81/><T52/><D52/><U87/><E103/><V18/><F54/><W51/><G51/><T12/><D12/><U7/><E82/><V42/><F15/><W32/><G32/><T9/><D9/><U27/><E11/><V33/><F50/><W90/><AGARI ba="0,1" hai="72,76,80,83,86,90,94,95" m="49195,48650" machi="90" ten="30,7900,0" yaku="18,1,19,1,34,2" doraHai="48" who="3" fromWho="3" sc="208,-20,219,-39,373,-20,190,89" /><INIT seed="2,0,0,4,5,120" ten="188,180,353,279" oya="2" hai0="30,73,89,116,59,22,125,36,97,118,50,87,135" hai1="96,12,119,28,33,7,105,46,126,47,104,41,83" hai2="72,67,112,11,19,5,86,88,35,23,24,43,132" hai3="14,63,75,34,64,25,124,3,81,131,42,102,26"/><V128/><F112/><W80/><G3/><T6/><D36/><U56/><E119/><N who="0" m="45609" /><D125/><U21/><E126/><V117/><F117/><W101/><G124/><T98/><D73/><U2/><E33/><V109/><F72/><W18/><G42/><T100/><D6/><U68/><E68/><V78/><F128/><W52/><G131/><T85/><D135/><U121/><E121/><V95/><F132/><W115/><G64/><T82/><D100/><N who="3" m="38505" /><G34/><T29/><D87/><U57/><E2/><V134/><F134/><W122/><G115/><T79/><D79/><U103/><E105/><V133/><F133/><W16/><G75/><T65/><D50/><U13/><E104/><V93/><F78/><W91/><G122/><T127/><D127/><U99/><E103/><V27/><F67/><W66/><G66/><T4/><D4/><U39/><E7/><V114/><F114/><W76/><G91/><T130/><D130/><U90/><E39/><V9/><F5/><W61/><G61/><N who="0" m="38079" /><D30/><U94/><E28/><V10/><F43/><W32/><G32/><T60/><D60/><U55/><E41/><V74/><F74/><W37/><G37/><T54/><D54/><U69/><E55/><V111/><F93/><W92/><G92/><T8/><D8/><U15/><E69/><V71/><F71/><W44/><G63/><T1/><D1/><U45/><E83/><N who="3" m="31818" /><G76/><T113/><D113/><U0/><E0/><V129/><F129/><W70/><G70/><T107/><D107/><U110/><E94/><V58/><F35/><W20/><G14/><N who="1" m="3586" /><U49/><DORA hai="106" /><E49/><RYUUKYOKU ba="0,0" sc="188,30,180,-10,353,-10,279,-10" hai0="22,29,82,85,89,97,98" /><INIT seed="3,1,0,5,5,56" ten="218,170,343,269" oya="3" hai0="6,16,130,133,40,9,82,33,25,116,69,54,52" hai1="112,117,123,122,17,7,109,39,3,58,57,51,121" hai2="135,38,127,1,126,103,63,2,87,59,45,34,106" hai3="100,62,43,119,89,85,74,65,28,111,131,67,96"/><W94/><G119/><T19/><D116/><U80/><E117/><V124/><F34/><W27/><G131/><T120/><D120/><U60/><E3/><V83/><F135/><W113/><G74/><T15/><D69/><U91/><E7/><V66/><F106/><W70/><G67/><T5/><D130/><U47/><E17/><V61/><F103/><W22/><G113/><T108/><D133/><U88/><E112/><V35/><F35/><W20/><G43/><T95/><D33/><U10/><E10/><V14/><F14/><W99/><G111/><T18/><D108/><U64/><E109/><V110/><F110/><W73/><G73/><T49/><D82/><U102/><E102/><V86/><F86/><W90/><G99/><T21/><D18/><U32/><E32/><V55/><F38/><W29/><G85/><T48/><D40/><U129/><E129/><V42/><F42/><W12/><G12/><T53/><D95/><U50/><E39/><V93/><F93/><W24/><AGARI ba="1,0" hai="20,22,24,27,28,29,62,65,70,89,90,94,96,100" machi="24" ten="30,6000,0" yaku="0,1,9,1,52,1" doraHai="56" who="3" fromWho="3" sc="218,-21,170,-21,343,-21,269,63" owari="197,-20.3,149,-35.1,322,12.2,332,43.2" /></mjloggm>