<mjloggm ver="2.3"><GO type="225" lobby="0"/><UN n0="%E3%81%AF%E3%82%88%E3%81%8A%E3%81%98%E3%81%95%E3%82%93" n1="%72%69%6F%75%63%68%61%6E" n2="%E3%81%B5%E3%81%98%E3%81%8B%E3%81%A4" n3="%E8%B1%86%59%E5%A4%AA%E9%83%8E" dan="17,17,16,16" rate="2172.73,2234.06,2170.02,2028.58" sx="M,M,M,M"/><TAIKYOKU oya="0"/><INIT seed="0,0,0,2,2,52" ten="250,250,250,250" oya="0" hai0="103,10,95,117,38,78,6,50,102,63,21,116,105" hai1="40,37,113,36,20,128,94,127,11,132,109,119,2" hai2="28,49,101,110,23,19,107,55,24,68,46,104,41" hai3="9,4,134,18,32,25,77,93,86,130,73,67,129"/><T97/><D38/><U39/><E119/><V133/><F110/><W29/><G73/><T84/><D21/><U3/><E109/><V22/><F133/><W108/><G108/><T74/><D50/><U88/><E132/><V35/><F68/><W118/><G118/><T54/><D103/><U43/><E127/><V98/><F107/><W60/><G18/><T17/><D17/><U87/><E128/><V62/><REACH who="2" step="1"/><F19/><REACH who="2" ten="250,250,240,250" step="2"/><W13/><G134/><T1/><D105/><U96/><E113/><V125/><F125/><W91/><REACH who="3" step="1"/><G77/><REACH who="3" ten="250,250,240,240" step="2"/><T120/><D78/><U59/><E11/><V112/><F112/><W126/><G126/><T100/><D10/><U65/><E37/><V75/><F75/><W85/><G85/><T33/><D84/><U79/><E36/><V58/><AGARI ba="0,2" hai="22,23,24,28,35,41,46,49,55,58,62,98,101,104" machi="58" ten="30,7900,0" yaku="1,1,0,1,52,1,53,1" doraHai="52" doraHaiUra="48" who="2" fromWho="2" sc="250,-39,250,-20,240,99,240,-20" /><INIT seed="1,0,0,3,3,119" ten="211,230,339,220" oya="1" hai0="26,123,135,45,97,6,121,61,80,8,20,65,127" hai1="63,35,96,106,94,120,18,89,52,16,82,42,64" hai2="109,99,60,126,43,125,54,72,71,41,130,58,81" hai3="105,79,19,128,36,30,23,68,2,15,21,95,85"/><U9/><E120/><N who="0" m="46153" /><D127/><N who="2" m="48650" /><F109/><W50/><G36/><T101/><D135/><U122/><E35/><V116/><F130/><W114/><G68/><N who="0" m="42031" /><D80/><U66/><E122/><V108/><F108/><W59/><G105/><N who="0" m="63663" /><D45/><U10/><E106/><V113/><F81/><W32/><G114/><T4/><D8/><N who="1" m="3179" /><E42/><V27/><F41/><W17/><G2/><T134/><D134/><U25/><E82/><V117/><F43/><W51/><G128/><T87/><D87/><U132/><E132/><V112/><F113/><W55/><G51/><T93/><D93/><U131/><E131/><V102/><F112/><W33/><G79/><T115/><D115/><U110/><E110/><V129/><F129/><W70/><G70/><T7/><D4/><U44/><E44/><V53/><F117/><W98/><G85/><T111/><D111/><U74/><E74/><V3/><F72/><W56/><G56/><T46/><D46/><U78/><E78/><V24/><F58/><W91/><REACH who="3" step="1"/><G30/><AGARI ba="0,0" hai="6,7,20,26,30" m="63663,42031,46153" machi="30" ten="30,7700,0" yaku="13,1,52,3" doraHai="119" who="0" fromWho="3" sc="211,77,230,0,339,0,220,-77" /><INIT seed="2,0,0,2,4,91" ten="288,230,339,143" oya="2" hai0="88,89,68,54,95,133,127,92,119,61,53,63,130" hai1="43,30,24,121,65,25,103,111,135,106,116,115,74" hai2="18,62,56,5,20,84,113,40,29,77,76,87,36" hai3="81,21,17,120,32,9,22,13,117,66,85,101,31"/><V15/><F113/><W11/><G117/><T75/><D75/><U23/><E115/><V100/><F100/><W98/><G120/><T125/><D68/><U45/><E116/><V112/><F112/><W33/><G66/><T16/><D119/><U51/><E121/><V58/><F29/><W0/><G33/><T60/><D130/><U1/><E111/><V72/><F72/><W71/><G71/><T80/><D80/><U8/><E135/><V78/><F5/><W107/><G32/><T47/><D133/><U105/><E74/><V94/><F40/><W59/><G59/><N who="2" m="22569" /><F62/><W64/><G64/><T6/><D6/><U44/><E65/><V34/><F36/><W131/><G131/><T83/><D83/><U3/><E103/><V37/><F37/><W110/><G110/><T52/><D47/><U126/><E126/><N who="0" m="48137" /><D16/><U102/><E45/><V97/><F34/><W14/><G0/><T114/><D114/><U108/><E108/><V48/><F48/><W118/><G31/><T109/><D109/><U82/><E82/><V129/><F129/><W73/><G73/><T2/><D2/><U79/><E1/><V134/><F134/><W19/><REACH who="3" step="1"/><G118/><REACH who="3" ten="288,230,339,133" step="2"/><T28/><D28/><N who="1" m="17439" /><E3/><V35/><F35/><W41/><G41/><T57/><D57/><U50/><E43/><V26/><F77/><AGARI ba="0,1" hai="9,11,13,14,17,19,21,22,77,81,85,98,101,107" machi="77" ten="30,3900,0" yaku="1,1,7,1,9,1,53,0" doraHai="91" doraHaiUra="38" who="3" fromWho="2" sc="288,0,230,0,339,-39,133,49" /><INIT seed="3,0,0,0,0,68" ten="288,230,300,182" oya="3" hai0="103,91,2,134,104,3,101,27,42,6,111,15,47" hai1="46,114,1,86,43,31,23,41,54,49,19,30,127" hai2="44,115,135,133,79,119,57,21,128,81,126,18,113" hai3="14,102,12,56,66,62,84,78,50,40,5,29,25"/><W13/><G102/><T99/><D103/><U58/><E114/><V34/><F34/><W63/><G63/><T89/><D111/><U90/><E127/><V88/><F119/><W124/><G124/><T106/><D106/><U10/><E1/><V36/><F36/><W100/><G100/><T107/><D107/><U38/><E10/><V80/><F126/><W0/><G0/><T82/><D134/><N who="2" m="51210" /><F44/><N who="3" m="25863" /><G25/><T17/><D27/><U16/><E43/><V98/><F57/><W125/><G29/><T64/><D64/><U35/><E35/><V39/><F39/><W87/><G125/><T120/><D120/><U32/><E32/><V83/><F128/><W37/><G37/><T53/><D53/><U24/><REACH who="1" step="1"/><E31/><REACH who="1" ten="288,220,300,182" step="2"/><V26/><F79/><W7/><G78/><T22/><D2/><U71/><E71/><V85/><F115/><W96/><G96/><T123/><D123/><U4/><E4/><AGARI ba="0,1" hai="4,5,7,12,13,14,56,62,66,84,87" m="25863" machi="4" ten="30,1500,0" yaku="8,1" doraHai="68" who="3" fromWho="1" sc="288,0,220,-15,300,0,182,25" /><INIT seed="3,1,0,5,4,128" ten="288,205,300,207" oya="3" hai0="1,119,35,84,87,78,109,19,81,16,126,131,4" hai1="14,17,75,33,48,121,101,100,38,11,0,80,9" hai2="114,66,28,88,43,135,58,112,22,129,31,77,41" hai3="127,103,44,24,134,12,130,34,122,96,102,39,27"/><W91/><G122/><T37/><D119/><U50/><E121/><V105/><F129/><W90/><G130/><T49/><D131/><U111/><E33/><V10/><F105/><W25/><G34/><T18/><D37/><U32/><E32/><V124/><F77/><W59/><G127/><T94/><D35/><U65/><E38/><V30/><F124/><W68/><G68/><T93/><D126/><U106/><E111/><V47/><F10/><N who="1" m="3593" /><E0/><V5/><F5/><W116/><G12/><T108/><D1/><U53/><E75/><V46/><F22/><W71/><G71/><T6/><D49/><N who="1" m="19051" /><E106/><V64/><F30/><W2/><G2/><T52/><D52/><U42/><E65/><V74/><F74/><W85/><G116/><T69/><D69/><U26/><E42/><V70/><F70/><W45/><G59/><T56/><D56/><U51/><E26/><V29/><F58/><W95/><G39/><T61/><D61/><U36/><E80/><V55/><F55/><W113/><G134/><T86/><D81/><U133/><E133/><V98/><F135/><W67/><G67/><T92/><D78/><U73/><E73/><V62/><F64/><W54/><G54/><T82/><D82/><U97/><E97/><V72/><F72/><W7/><G7/><AGARI ba="1,0" hai="4,6,7,16,18,19,84,86,87,92,93,94,108,109" machi="7" ten="50,8000,1" yaku="29,2,28,2,54,1" doraHai="128" who="0" fromWho="3" sc="288,83,205,0,300,0,207,-83" owari="371,47.1,205,-19.5,300,10.0,124,-37.6" /></mjloggm>