<mjloggm ver="2.3"><GO type="225" lobby="0"/><UN n0="%E6%9A%87%E4%BA%BA%EF%BC%A0%E9%85%8D%E4%BF%A1%E5%9E%A2" n1="%E6%98%93%E5%88%A9%E8%96%A9%E4%BC%AF" n2="%E3%82%BC%E3%83%AB%E3%83%80%E3%81%AE%E4%BC%9D%E8%AA%AC" n3="%E6%B4%BE%E9%81%A3%E3%81%AE%E3%82%B8%E3%83%A3%E3%83%83%E3%82%AF" dan="17,16,17,17" rate="2180.23,2064.13,2174.57,2179.89" sx="F,F,M,M"/><TAIKYOKU oya="0"/><INIT seed="0,0,0,2,3,34" ten="250,250,250,250" oya="0" hai0="19,54,48,39,133,95,21,23,8,14,24,44,62" hai1="134,91,71,72,1,68,116,99,63,2,112,16,77" hai2="47,52,115,36,28,78,5,109,126,66,120,108,117" hai3="92,135,75,114,79,4,25,118,45,57,49,123,129"/><T102/><D133/><U96/><E116/><V122/><F78/><W38/><G114/><T93/><D39/><U17/><E77/><V86/><F28/><W31/><G92/><T22/><D62/><U35/><E35/><V105/><F105/><W107/><G107/><T121/><D121/><N who="2" m="46698" /><F86/><W104/><G104/><T13/><D102/><U70/><E72/><V27/><F27/><W10/><G118/><T125/><D125/><U33/><E33/><V69/><F5/><W84/><G84/><T111/><D111/><N who="2" m="42570" /><F117/><W124/><G123/><T53/><D14/><U74/><E63/><N who="2" m="40159" /><F126/><W113/><G79/><T51/><REACH who="0" step="1"/><D24/><REACH who="0" ten="240,250,250,250" step="2"/><U26/><E134/><V60/><F115/><W94/><G113/><T132/><D132/><U37/><E37/><V15/><F15/><W110/><G110/><T101/><D101/><U46/><E26/><V127/><F127/><W82/><G124/><T85/><D85/><U29/><E112/><V11/><F11/><W43/><G135/><T130/><D130/><U100/><E100/><V9/><F9/><W64/><G129/><T131/><D131/><U89/><E74/><V88/><F36/><W7/><G38/><T73/><D73/><U76/><E71/><V42/><F60/><N who="3" m="37903" /><G10/><T41/><D41/><U59/><E70/><V40/><F88/><W56/><G75/><T30/><D30/><U67/><E29/><V12/><F12/><W81/><G25/><T0/><D0/><U83/><E91/><V50/><AGARI ba="0,1" hai="40,42,47,50,52" m="40159,42570,46698" machi="50" ten="40,8000,1" yaku="14,1,34,2,54,1" doraHai="34" who="2" fromWho="2" sc="240,-40,250,-20,250,90,250,-20" /><INIT seed="1,0,0,2,1,82" ten="200,230,340,230" oya="1" hai0="50,91,116,38,14,67,80,6,13,12,21,92,78" hai1="114,93,84,101,42,36,111,16,15,34,119,4,117" hai2="58,46,8,79,35,135,126,25,49,118,85,22,96" hai3="65,20,88,106,48,69,62,71,87,7,76,102,1"/><U63/><E114/><V59/><F118/><W41/><G76/><T95/><D116/><U26/><E111/><V5/><F35/><W124/><G124/><T60/><D38/><U23/><E36/><V24/><F126/><W134/><G134/><T109/><D109/><U122/><E42/><V11/><F135/><W51/><G69/><T72/><D50/><U131/><E122/><V130/><F130/><W83/><G41/><T30/><D92/><U125/><E131/><V28/><F96/><W3/><G20/><T98/><D30/><U43/><E43/><N who="2" m="24799" /><F25/><W54/><G7/><T108/><D108/><U110/><E125/><V81/><F11/><W86/><G51/><T37/><D37/><U31/><E110/><V107/><F107/><W52/><G54/><T18/><REACH who="0" step="1"/><D6/><REACH who="0" ten="190,230,340,230" step="2"/><U128/><E128/><V40/><F40/><W47/><G106/><T132/><D132/><U73/><E4/><V33/><F33/><W29/><G29/><T9/><D9/><U89/><E101/><V74/><F8/><W99/><G102/><T10/><D10/><U100/><E100/><V75/><F5/><W129/><G129/><T94/><D94/><U77/><REACH who="1" step="1"/><E63/><REACH who="1" ten="190,220,340,230" step="2"/><V115/><F115/><W104/><G104/><T45/><D45/><U133/><E133/><V112/><F112/><W61/><G61/><T32/><D32/><U123/><E123/><V70/><F28/><W113/><G113/><T55/><D55/><U121/><E121/><V0/><F0/><W127/><G127/><T105/><D105/><U90/><E90/><V120/><F120/><W2/><G2/><RYUUKYOKU ba="0,2" sc="190,15,220,15,340,-15,230,-15" hai0="12,13,14,18,21,60,67,72,78,80,91,95,98" hai1="15,16,23,26,31,34,73,77,84,89,93,117,119" /><INIT seed="1,1,2,5,4,43" ten="205,235,325,215" oya="1" hai0="39,107,73,55,53,101,135,117,84,13,80,70,132" hai1="35,14,106,23,33,120,15,5,47,123,111,127,105" hai2="88,60,87,118,129,110,51,81,78,90,56,10,104" hai3="97,30,76,83,11,119,102,1,95,57,0,32,103"/><U34/><E127/><V133/><F118/><W122/><G122/><N who="1" m="46634" /><E23/><V125/><F125/><W124/><G124/><T85/><D117/><U24/><E24/><V12/><F104/><N who="1" m="40041" /><E5/><V66/><F133/><N who="0" m="51274" /><D70/><U21/><E21/><V59/><F59/><W8/><G119/><T7/><D39/><U72/><E72/><V77/><F51/><W6/><G57/><T115/><D115/><U28/><E28/><V69/><F69/><W2/><G103/><T109/><D73/><U37/><E37/><V94/><F12/><N who="1" m="4649" /><E111/><V22/><F110/><W131/><G11/><N who="0" m="4351" /><D109/><U91/><E91/><V134/><F134/><W75/><G30/><T19/><D19/><U61/><E61/><V44/><F22/><W38/><G38/><T46/><D107/><U126/><E126/><V100/><F10/><W52/><G8/><T79/><D101/><U26/><E26/><V3/><F100/><W65/><G6/><T41/><D84/><U25/><E25/><V40/><F90/><W4/><G4/><T36/><AGARI ba="1,2" hai="36,41,46,53,55,79,80,85" m="4351,51274" machi="36" ten="30,2000,0" yaku="20,1,52,1" doraHai="43" who="0" fromWho="0" sc="205,43,235,-11,325,-6,215,-6" /><INIT seed="2,0,0,0,4,29" ten="248,224,319,209" oya="2" hai0="2,36,51,93,27,114,77,67,69,94,32,91,135" hai1="129,106,6,92,71,23,18,112,120,61,54,126,122" hai2="80,134,4,84,107,65,105,95,118,12,22,40,60" hai3="130,101,133,99,34,7,41,25,57,59,53,56,104"/><V81/><F118/><W73/><G73/><T113/><D36/><U15/><E112/><V82/><F134/><W72/><G72/><T88/><D2/><U11/><E106/><V90/><F40/><W97/><G133/><T96/><D135/><U74/><E74/><V28/><F28/><W1/><G130/><T85/><D77/><U24/><E129/><V66/><F66/><W121/><G121/><T0/><D0/><U131/><E126/><V39/><F39/><W62/><G41/><T21/><D32/><U100/><E131/><V49/><F49/><W132/><G132/><T86/><D51/><U98/><REACH who="1" step="1"/><E54/><REACH who="1" ten="248,214,319,209" step="2"/><V14/><F107/><W75/><G75/><T16/><REACH who="0" step="1"/><D96/><REACH who="0" ten="238,214,319,209" step="2"/><U68/><E68/><V123/><F123/><W64/><G99/><T42/><D42/><U46/><E46/><V116/><F116/><W63/><G97/><T33/><D33/><U17/><E17/><V3/><F105/><W103/><G104/><T10/><D10/><U83/><E83/><V87/><F82/><W35/><G35/><T128/><D128/><U109/><E109/><V50/><F81/><W30/><REACH who="3" step="1"/><G57/><REACH who="3" ten="238,214,319,199" step="2"/><T52/><D52/><U70/><E70/><V43/><F43/><W9/><AGARI ba="0,3" hai="1,7,9,25,30,34,53,56,59,62,63,64,101,103" machi="9" ten="30,8000,1" yaku="1,1,2,1,0,1,52,1,53,1" doraHai="29" doraHaiUra="5" who="3" fromWho="3" sc="238,-20,214,-20,319,-40,199,110" /><INIT seed="3,0,0,4,0,73" ten="218,194,279,309" oya="3" hai0="78,83,58,13,135,64,125,40,101,133,16,76,51" hai1="4,124,71,23,121,50,85,99,31,56,36,5,119" hai2="55,105,63,37,98,45,7,89,41,8,100,91,28" hai3="62,116,128,17,102,88,74,44,79,107,96,14,43"/><W32/><G116/><T129/><D125/><U3/><E121/><V66/><F55/><W26/><G128/><T70/><D129/><U90/><E71/><V59/><REACH who="2" step="1"/><F28/><REACH who="2" ten="218,194,269,309" step="2"/><W10/><G43/><T134/><D40/><U52/><E124/><V67/><F67/><W12/><G44/><T112/><D64/><U19/><E119/><V108/><F108/><W131/><G131/><T77/><D134/><U65/><E31/><V22/><F22/><W35/><G62/><T21/><D133/><U49/><E65/><V94/><F94/><W68/><G68/><T48/><D135/><U130/><E130/><V118/><F118/><W15/><G32/><T72/><D112/><U115/><E115/><V87/><F87/><W30/><REACH who="3" step="1"/><G88/><REACH who="3" ten="218,194,269,299" step="2"/><T1/><D70/><U93/><E99/><V82/><F82/><AGARI ba="0,2" hai="10,12,14,15,17,26,30,35,74,79,82,96,102,107" machi="82" ten="40,12000,1" yaku="1,1,2,1,52,1,53,1" doraHai="73" doraHaiUra="20" who="3" fromWho="2" sc="218,0,194,0,269,-120,299,140" owari="218,1.8,194,-20.6,149,-35.1,439,53.9" /></mjloggm>