<mjloggm ver="2.3"><GO type="225" lobby="0"/><UN n0="%E3%81%BF%E3%81%BF%E3%81%9A" n1="%E4%B8%89%E5%86%A0%E7%8E%8B%E3%83%BB%E5%B1%B1%E7%94%B0%E5%93%B2%E4%BA%BA" n2="%E3%81%9F%E3%81%93%E2%98%86%E7%84%BC%E3%81%8D" n3="%E6%A0%B9%E5%85%83%E3%81%8B%E3%82%89%E5%90%B9%E3%81%A3%E9%A3%9B%E3%81%B6" dan="17,16,16,16" rate="2255.45,2148.05,2105.69,2184.08" sx="M,M,M,F"/><TAIKYOKU oya="0"/><INIT seed="0,0,0,3,5,0" ten="250,250,250,250" oya="0" hai0="129,97,49,34,18,119,115,40,37,57,36,47,134" hai1="103,118,58,106,64,24,19,81,72,60,108,132,73" hai2="8,116,124,53,43,128,94,45,55,12,25,90,133" hai3="16,135,92,26,102,54,68,91,121,41,131,65,35"/><T52/><D115/><U105/><E118/><V95/><F128/><W84/><G131/><T28/><D129/><U117/><E117/><V107/><F107/><W56/><G135/><T30/><D119/><U46/><E132/><V112/><F112/><W39/><G121/><T62/><D134/><U31/><E108/><V42/><F124/><W79/><G79/><T125/><D125/><U130/><E130/><V99/><F25/><W23/><G35/><T75/><D75/><U11/><E46/><V127/><F127/><W114/><G114/><T22/><D34/><U85/><E103/><V87/><F43/><W82/><G68/><T2/><D2/><U101/><E101/><V10/><F10/><W32/><G32/><T122/><D122/><U113/><E113/><V109/><F109/><W93/><G65/><T29/><REACH who="0" step="1"/><D97/><REACH who="0" ten="240,250,250,250" step="2"/><U100/><E73/><V15/><F99/><N who="3" m="59751" /><G39/><T89/><D89/><U9/><E100/><V111/><F90/><W33/><G33/><T76/><D76/><U83/><E72/><V5/><F111/><W126/><G126/><T96/><D96/><U66/><E106/><V77/><F77/><W17/><G41/><T78/><D78/><U86/><E105/><V98/><F42/><W50/><G93/><T63/><D63/><U88/><E60/><V104/><F95/><W7/><G91/><T27/><AGARI ba="0,1" hai="18,22,27,28,29,30,36,37,40,47,49,52,57,62" machi="27" ten="30,6000,0" yaku="1,1,0,1,54,1,53,0" doraHai="0" doraHaiUra="74" who="0" fromWho="0" sc="240,70,250,-20,250,-20,250,-20" /><INIT seed="0,1,0,2,4,38" ten="310,230,230,230" oya="0" hai0="111,26,133,135,44,74,19,40,13,16,78,56,15" hai1="109,101,55,52,99,93,81,97,117,126,112,116,39" hai2="57,27,91,49,29,31,131,24,6,134,14,124,115" hai3="75,86,108,67,96,18,132,102,82,85,100,103,53"/><T37/><D56/><U104/><E109/><V121/><F115/><W5/><G5/><T88/><D111/><U30/><E112/><V92/><F121/><W130/><G67/><T89/><D26/><U107/><E126/><V114/><F124/><W7/><G7/><T71/><D71/><U9/><E30/><V105/><F105/><N who="3" m="63623" /><G53/><T59/><D59/><U123/><E123/><V41/><F131/><W70/><G70/><T20/><D78/><U17/><E39/><V62/><F134/><N who="0" m="51210" /><D74/><U63/><E117/><V106/><F106/><W118/><G18/><T77/><D77/><U10/><E17/><V68/><F6/><W4/><G4/><T35/><D35/><U125/><E116/><V83/><F14/><W113/><G118/><T21/><AGARI ba="1,0" hai="13,15,16,19,20,21,37,40,44,88,89" m="51210" machi="21" ten="30,11700,0" yaku="20,1,52,1,54,2" doraHai="38" who="0" fromWho="0" sc="310,120,230,-40,230,-40,230,-40" /><INIT seed="0,2,0,2,4,86" ten="430,190,190,190" oya="0" hai0="25,85,92,64,80,97,24,112,120,66,3,117,17" hai1="30,122,42,1,14,67,83,38,13,48,79,96,62" hai2="68,32,100,8,102,115,50,43,95,19,119,49,6" hai3="131,31,133,93,63,113,45,60,44,61,22,52,82"/><T125/><D112/><U4/><E122/><V29/><F68/><W36/><G113/><T28/><D117/><U75/><E30/><V110/><F110/><W101/><G131/><T55/><D120/><U104/><E48/><V88/><F19/><W71/><G82/><T106/><D106/><U84/><E84/><V57/><F49/><N who="3" m="28711" /><G71/><T134/><D134/><U127/><E127/><V81/><F81/><W65/><G36/><T108/><D108/><U9/><E96/><V105/><F105/><W18/><G45/><T73/><D73/><U103/><E103/><V58/><F58/><N who="3" m="37015" /><G133/><T21/><D3/><U11/><E104/><V16/><F43/><W23/><G23/><N who="0" m="15391" /><D55/><U118/><E118/><V46/><F46/><W69/><G69/><T5/><D5/><U123/><E123/><V2/><F50/><W20/><G20/><T37/><D37/><U72/><E72/><V90/><F32/><W98/><G18/><T109/><D109/><U121/><E121/><V87/><F16/><W107/><G107/><T12/><D25/><AGARI ba="2,0" hai="22,25,31,61,63,93,98,101" m="37015,28711" machi="25" ten="30,3900,0" yaku="25,1,8,1,54,1" doraHai="86" who="3" fromWho="0" sc="430,-45,190,0,190,0,190,45" /><INIT seed="1,0,0,1,3,99" ten="385,190,190,235" oya="1" hai0="30,55,35,113,7,75,93,128,49,0,45,65,10" hai1="69,52,36,79,4,124,23,126,78,112,48,15,123" hai2="104,41,61,26,73,24,101,39,125,47,88,95,117" hai3="17,114,92,89,66,28,81,107,121,67,59,13,96"/><U16/><E112/><V12/><F73/><W22/><G121/><T63/><D113/><U50/><E36/><V109/><F117/><W11/><G107/><T20/><D128/><U98/><E123/><V68/><F12/><W133/><G133/><T37/><D75/><U132/><E132/><V53/><F109/><W86/><G114/><T43/><D35/><U38/><E38/><V97/><F125/><N who="1" m="48233" /><E69/><V91/><F91/><W103/><G28/><T33/><D33/><U110/><E110/><V64/><REACH who="2" step="1"/><F53/><REACH who="2" ten="385,190,180,235" step="2"/><W131/><G131/><T25/><D55/><U57/><E4/><V122/><F122/><W116/><G116/><T85/><D7/><U21/><E50/><V82/><F82/><W119/><G119/><T135/><D37/><U94/><E23/><V102/><F102/><AGARI ba="0,1" hai="15,16,21,48,52,57,78,79,94,98,102" m="48233" machi="102" ten="30,11600,0" yaku="18,1,52,1,54,2" doraHai="99" who="1" fromWho="2" sc="385,0,190,126,180,-116,235,0" /><INIT seed="1,1,0,0,3,126" ten="385,316,64,235" oya="1" hai0="36,18,5,114,16,129,47,103,43,95,109,79,98" hai1="131,115,87,23,66,118,84,12,77,53,57,121,92" hai2="15,26,35,56,28,124,100,58,14,44,93,90,99" hai3="13,83,42,73,105,104,107,128,113,112,74,27,25"/><U122/><E115/><N who="3" m="44106" /><G13/><T19/><D114/><U116/><E66/><V48/><F124/><W117/><G42/><T59/><D109/><U4/><E87/><V10/><F15/><W37/><G37/><T111/><D111/><U8/><E121/><V130/><F130/><W38/><G38/><T81/><D5/><U76/><E131/><V97/><F97/><W62/><G62/><T70/><D70/><U120/><E120/><V9/><F100/><W51/><G51/><T3/><D129/><U39/><E39/><V20/><F35/><W22/><G22/><T86/><REACH who="0" step="1"/><D59/><REACH who="0" ten="375,316,64,235" step="2"/><U24/><E122/><V50/><F56/><W71/><G128/><T30/><D30/><N who="1" m="17695" /><E118/><V96/><F14/><W135/><G71/><T68/><D68/><U52/><E116/><V106/><F106/><W67/><G107/><T102/><D102/><U11/><E57/><V127/><F127/><W82/><G105/><T110/><D110/><U1/><E1/><AGARI ba="1,1" hai="1,3,16,18,19,36,43,47,79,81,86,95,98,103" machi="1" ten="40,2600,0" yaku="1,1,54,1,53,0" doraHai="126" doraHaiUra="101" who="0" fromWho="1" sc="375,39,316,-29,64,0,235,0" /><INIT seed="2,0,0,5,3,84" ten="414,287,64,235" oya="2" hai0="62,22,119,6,64,48,65,35,80,51,75,59,110" hai1="16,74,128,31,69,114,36,37,7,49,126,97,133" hai2="66,23,56,71,127,95,40,52,13,111,28,122,32" hai3="102,116,99,89,92,76,29,43,61,124,81,38,123"/><V45/><F122/><W73/><G116/><T10/><D35/><U101/><E74/><V8/><F32/><W109/><G109/><T60/><D119/><U107/><E69/><V117/><F117/><W108/><G108/><T1/><D110/><U19/><E31/><V0/><F0/><W5/><G123/><T27/><D80/><U26/><E7/><V115/><F115/><W41/><G29/><T86/><D86/><U135/><E126/><V68/><F127/><W100/><G124/><T83/><D83/><U93/><E128/><V106/><F106/><W70/><G5/><T94/><D94/><U24/><E24/><N who="2" m="16415" /><F95/><W78/><G78/><T96/><D96/><U44/><E37/><N who="2" m="21647" /><F111/><W103/><REACH who="3" step="1"/><G38/><REACH who="3" ten="414,287,64,225" step="2"/><T18/><D75/><U104/><E36/><V9/><F13/><W63/><G63/><T17/><D18/><U25/><E19/><V90/><F90/><W55/><G55/><T79/><D79/><U77/><E16/><V11/><F71/><AGARI ba="0,1" hai="1,6,10,17,22,27,48,51,59,60,62,64,65,71" machi="71" ten="30,1000,0" yaku="7,1" doraHai="84" who="0" fromWho="2" sc="414,20,287,0,64,-10,225,0" /><INIT seed="3,0,0,3,3,62" ten="434,287,54,225" oya="3" hai0="68,4,61,8,33,34,121,41,64,10,48,117,71" hai1="0,91,26,129,30,92,112,108,12,66,75,88,94" hai2="106,7,49,37,31,21,16,134,102,29,83,6,56" hai3="80,38,63,52,51,59,39,82,35,1,67,13,72"/><W107/><G1/><T60/><D117/><U86/><E75/><V5/><F37/><W43/><G35/><T132/><D121/><U40/><E108/><V110/><F106/><W77/><G107/><T99/><D132/><U42/><E112/><V69/><F102/><W93/><G93/><T46/><D99/><U2/><E129/><V89/><F69/><W18/><G43/><T70/><D10/><U47/><E12/><V105/><F105/><W81/><G38/><T103/><D103/><U55/><E55/><V128/><F49/><W54/><G39/><T120/><D120/><U122/><E122/><V11/><F56/><W45/><REACH who="3" step="1"/><G54/><REACH who="3" ten="434,287,54,215" step="2"/><T32/><REACH who="0" step="1"/><D64/><REACH who="0" ten="424,287,54,215" step="2"/><U57/><E66/><V130/><F134/><W19/><G19/><T97/><D97/><U116/><E0/><AGARI ba="0,2" hai="0,4,8,32,33,34,41,46,48,60,61,68,70,71" machi="0" ten="50,1600,0" yaku="1,1,53,0" doraHai="62" doraHaiUra="96" who="0" fromWho="1" sc="424,36,287,-16,54,0,215,0" owari="460,56.0,271,7.1,54,-44.6,215,-18.5" /></mjloggm>