<mjloggm ver="2.3"><GO type="225" lobby="0"/><UN n0="%E8%83%83%E3%81%A8%E8%85%B8" n1="%E3%83%A9%E3%83%96%E3%83%AC%E3%83%BC" n2="%E4%B8%AD%E5%B9%B4%E3%81%AE%E5%8D%B1%E6%A9%9F" n3="%E8%BE%9B%E5%8F%A3%E3%82%AB%E3%83%AC%E3%83%BC%E3%83%A9%E3%82%A4%E3%82%B9" dan="16,18,16,16" rate="2153.92,2188.71,2152.98,2209.28" sx="M,M,M,M"/><TAIKYOKU oya="0"/><INIT seed="0,0,0,2,3,98" ten="250,250,250,250" oya="0" hai0="127,2,117,63,73,106,120,71,36,57,93,7,84" hai1="6,83,54,31,70,102,30,134,47,51,50,92,79" hai2="78,46,126,12,101,52,85,5,32,95,104,107,15" hai3="61,8,13,77,97,39,114,4,45,22,35,55,53"/><T81/><D117/><U58/><E70/><V62/><F32/><W108/><G114/><T100/><D120/><U16/><E134/><V103/><F107/><W23/><G35/><T68/><D127/><U27/><E6/><V49/><F104/><W88/><G108/><T9/><D36/><U24/><E24/><V67/><F126/><W112/><G112/><T18/><D106/><U74/><E92/><V80/><F95/><N who="3" m="56551" /><G39/><T89/><D18/><U128/><E128/><V40/><F40/><W48/><G77/><T66/><REACH who="0" step="1"/><D73/><REACH who="0" ten="240,250,250,250" step="2"/><U33/><E16/><V125/><F125/><W99/><G99/><AGARI ba="0,1" hai="2,7,9,57,63,66,68,71,81,84,89,93,99,100" machi="99" ten="40,12000,1" yaku="1,1,2,1,52,1,53,2" doraHai="98" doraHaiUra="65" who="0" fromWho="3" sc="240,130,250,0,250,0,250,-120" /><INIT seed="0,1,0,2,2,7" ten="370,250,250,130" oya="0" hai0="105,3,51,27,47,17,122,70,11,23,85,37,97" hai1="112,28,52,125,115,49,76,84,42,57,48,15,129" hai2="83,78,109,53,123,19,4,64,117,82,98,14,120" hai3="66,119,67,26,80,135,45,18,12,58,20,59,114"/><T72/><D72/><U24/><E125/><V34/><F109/><W2/><G114/><N who="1" m="43562" /><E129/><V73/><F117/><W107/><G119/><T106/><D122/><U40/><E48/><V55/><F123/><W131/><G131/><T50/><D70/><U46/><E57/><V10/><F120/><W130/><G130/><T110/><D110/><U124/><E124/><V102/><F34/><W100/><G2/><T62/><D37/><U35/><E15/><V31/><F31/><W21/><G135/><T118/><D118/><U54/><E54/><V132/><F132/><W89/><G107/><T101/><D105/><U77/><E84/><V61/><F83/><W104/><G104/><T74/><D74/><U63/><E63/><V1/><F98/><W91/><G100/><T88/><D62/><U116/><E116/><V29/><F102/><W96/><G96/><T56/><D56/><N who="3" m="21545" /><G45/><T32/><D32/><U25/><E25/><V39/><F39/><W111/><G111/><T22/><D22/><U16/><E16/><V79/><F29/><N who="3" m="17607" /><G80/><T128/><D128/><U30/><E30/><V38/><F79/><AGARI ba="1,0" hai="24,28,35,40,42,46,49,52,76,77,79" m="43562" machi="79" ten="30,2000,0" yaku="11,1,54,1" doraHai="7" who="1" fromWho="2" sc="370,0,250,23,250,-23,130,0" /><INIT seed="1,0,0,4,2,122" ten="370,273,227,130" oya="1" hai0="44,79,91,52,64,121,113,107,35,98,17,21,88" hai1="69,84,33,19,23,127,99,116,89,97,63,20,43" hai2="2,29,38,41,100,26,103,34,51,39,30,72,130" hai3="18,81,12,37,90,6,22,48,15,25,66,3,1"/><U123/><E123/><V133/><F51/><W60/><G37/><N who="2" m="13833" /><F41/><W96/><G48/><N who="0" m="28679" /><D107/><U75/><E75/><V50/><F50/><W13/><G6/><T115/><D35/><U134/><E33/><V28/><F26/><W59/><REACH who="3" step="1"/><G96/><REACH who="3" ten="370,273,227,120" step="2"/><T7/><D121/><U53/><E99/><V129/><F34/><W32/><G32/><T11/><D98/><U78/><E97/><V108/><F2/><W73/><G73/><T71/><D115/><U119/><E43/><V67/><F72/><W27/><G27/><T55/><D113/><U87/><E119/><V117/><F117/><W42/><G42/><T104/><D104/><U4/><E4/><V93/><F103/><W36/><G36/><T114/><D114/><U46/><E116/><V10/><F100/><W86/><AGARI ba="0,1" hai="1,3,12,13,15,18,22,25,59,60,66,81,86,90" machi="86" ten="30,2000,0" yaku="1,1,0,1,53,0" doraHai="122" doraHaiUra="24" who="3" fromWho="3" sc="370,-5,273,-10,227,-5,120,30" /><INIT seed="2,0,0,0,3,11" ten="365,263,222,150" oya="2" hai0="23,8,52,30,24,133,18,5,1,45,14,122,39" hai1="59,110,3,119,99,73,15,76,32,134,10,67,130" hai2="96,68,124,104,2,106,49,58,28,91,22,85,60" hai3="48,38,71,131,27,0,20,13,43,92,80,21,116"/><V88/><F2/><W72/><G116/><T86/><D122/><U57/><E119/><V62/><F124/><W117/><G117/><T135/><D86/><U17/><E130/><V31/><F104/><W29/><G131/><T19/><D39/><U74/><E32/><V125/><F125/><W102/><G0/><T98/><D98/><U55/><E110/><V70/><F70/><W121/><G121/><T69/><D69/><U120/><E134/><N who="0" m="51209" /><D1/><U123/><E67/><V78/><F78/><W63/><G38/><T126/><D126/><U77/><E76/><V41/><F68/><W36/><G36/><T51/><AGARI ba="0,0" hai="5,8,14,18,19,23,24,30,45,51,52" m="51209" machi="51" ten="30,4000,0" yaku="20,1,52,1,54,1" doraHai="11" who="0" fromWho="0" sc="365,40,263,-10,222,-20,150,-10" /><INIT seed="3,0,0,4,3,63" ten="405,253,202,140" oya="3" hai0="26,87,39,3,9,92,15,33,109,55,10,79,65" hai1="42,130,50,41,133,124,1,110,128,75,4,30,51" hai2="113,56,59,40,72,48,6,0,18,129,53,17,114" hai3="32,61,49,118,13,86,112,80,108,45,16,5,122"/><W28/><G112/><T101/><D109/><U84/><E110/><V76/><F129/><W37/><G118/><T106/><D39/><U20/><E75/><V90/><F114/><W14/><G122/><T99/><D55/><U83/><E124/><V134/><F134/><W104/><G108/><T117/><D117/><U94/><E94/><V77/><F113/><W85/><G104/><T81/><D3/><U23/><E1/><V73/><F0/><W132/><G132/><T2/><D2/><U54/><E4/><V64/><F6/><W97/><G37/><T115/><D115/><U21/><E30/><V43/><F53/><W100/><G61/><T116/><D116/><U27/><E27/><V62/><F62/><W119/><G119/><T103/><D26/><U88/><E51/><V57/><F48/><W35/><G28/><T125/><D33/><U11/><E11/><V67/><F59/><W91/><G86/><T121/><D10/><U111/><E111/><V131/><F131/><N who="1" m="50217" /><E133/><V31/><F31/><W78/><G78/><T52/><D79/><U24/><E24/><V70/><REACH who="2" step="1"/><F90/><REACH who="2" ten="405,253,192,140" step="2"/><W7/><G35/><T46/><D125/><U120/><E120/><V29/><F29/><W38/><G32/><T102/><D121/><U19/><E19/><V95/><F95/><N who="3" m="58431" /><G38/><T107/><D107/><U22/><N who="1" m="5120" /><DORA hai="44" /><U68/><E68/><AGARI ba="0,1" hai="17,18,40,43,56,57,64,67,68,70,72,73,76,77" machi="68" ten="25,16000,3" yaku="1,1,22,2,52,2,53,4" doraHai="63,44" doraHaiUra="36,74" who="2" fromWho="1" sc="405,0,253,-160,192,170,140,0" owari="405,50.5,93,-40.7,362,16.2,140,-26.0" /></mjloggm>