<mjloggm ver="2.3"><GO type="225" lobby="0"/><UN n0="%E7%AB%8B%E8%8A%B1%E9%9F%BF" n1="%E7%8B%82%E6%B0%97%E3%81%AE%E7%9E%B3" n2="%E3%80%90%E3%83%88%E3%83%AA%E3%83%A5%E3%83%95%E3%80%91" n3="%E3%81%8B%E3%82%8F%E3%81%A1%E3%82%83%E3%82%93%35%38" dan="17,16,16,16" rate="2160.74,2038.79,2059.77,2139.00" sx="F,F,M,M"/><TAIKYOKU oya="0"/><INIT seed="0,0,0,1,1,96" ten="250,250,250,250" oya="0" hai0="109,132,111,56,54,21,58,127,53,3,69,1,65" hai1="10,105,4,77,130,15,14,99,81,112,18,42,43" hai2="104,102,38,57,119,115,123,122,13,129,120,19,32" hai3="91,31,60,40,30,93,51,94,98,36,63,52,131"/><T26/><D69/><U82/><E130/><V33/><F38/><W106/><G106/><T74/><D74/><U12/><E82/><V95/><F115/><W68/><G131/><T8/><D65/><U49/><E112/><V28/><F129/><W45/><G93/><T84/><D84/><U73/><E49/><V75/><F75/><W50/><G36/><T126/><D8/><U44/><E44/><V86/><F57/><N who="0" m="22122" /><D21/><U59/><E59/><V47/><F47/><N who="3" m="27743" /><G68/><T66/><D66/><U108/><E108/><N who="0" m="41545" /><D26/><U83/><E83/><V110/><F110/><W89/><G89/><T17/><D17/><U121/><E121/><V124/><F28/><AGARI ba="0,0" hai="28,30,31,40,45,51,60,63,91,94,98" m="27743" machi="28" ten="30,2000,0" yaku="8,1,54,1" doraHai="96" who="3" fromWho="2" sc="250,0,250,0,250,-20,250,20" /><INIT seed="1,0,0,3,3,82" ten="250,250,230,270" oya="1" hai0="94,129,44,100,22,101,124,6,7,54,130,23,90" hai1="3,39,31,128,126,95,19,36,10,87,18,89,62" hai2="1,132,92,34,125,66,37,109,8,131,75,49,47" hai3="117,48,59,77,12,99,61,108,116,127,135,21,29"/><U2/><E128/><N who="0" m="49257" /><D124/><U35/><E126/><V113/><F66/><W26/><G127/><T13/><D54/><U69/><E36/><V93/><F49/><W30/><G108/><T28/><D44/><U65/><E39/><V45/><F45/><W106/><G135/><T9/><D6/><U81/><E81/><V16/><F93/><W123/><G123/><T115/><D115/><U88/><E89/><V122/><F92/><W24/><G77/><T63/><D63/><U43/><E43/><V50/><F50/><W104/><G12/><T103/><D28/><U27/><REACH who="1" step="1"/><E19/><REACH who="1" ten="250,240,230,270" step="2"/><V53/><F16/><W0/><G117/><T4/><D4/><U78/><E78/><V114/><F37/><W118/><G118/><T55/><D55/><U11/><E11/><V41/><F8/><W25/><G116/><T91/><D91/><U72/><E72/><V84/><F75/><W38/><G38/><T98/><AGARI ba="0,1" hai="7,9,13,22,23,90,94,98,100,101,103" m="49257" machi="98" ten="30,1100,0" yaku="19,1" doraHai="82" who="0" fromWho="0" sc="250,21,240,-5,230,-3,270,-3" /><INIT seed="2,0,0,1,3,120" ten="271,235,227,267" oya="2" hai0="49,118,109,18,53,76,100,28,1,33,102,129,57" hai1="21,107,26,13,82,96,22,40,124,121,116,6,66" hai2="88,69,122,101,23,73,113,7,60,39,72,36,128" hai3="83,89,70,37,127,32,75,94,44,38,65,104,132"/><V131/><F122/><W63/><G32/><T19/><D1/><U97/><E121/><V77/><F113/><W52/><G104/><T78/><D129/><N who="2" m="49738" /><F101/><W93/><G93/><T11/><D33/><U8/><E116/><V105/><F105/><W125/><G132/><T111/><D28/><U84/><E124/><N who="3" m="47690" /><G83/><T67/><D118/><U14/><E66/><N who="2" m="41159" /><F77/><N who="0" m="29802" /><D67/><U31/><E107/><V91/><F7/><W68/><G75/><N who="2" m="28745" /><F23/><W79/><G79/><T135/><D135/><U117/><E117/><V74/><N who="2" m="28753" /><V103/><DORA hai="59" /><F103/><N who="0" m="39466" /><D11/><U20/><E8/><V30/><F30/><W41/><G68/><T34/><D34/><U43/><E6/><V12/><F12/><W112/><G112/><T133/><D133/><U50/><E13/><V29/><F29/><W62/><G37/><AGARI ba="0,0" hai="36,37,39,88,91" m="28753,41159,49738" machi="37" ten="50,9600,0" yaku="19,1,52,1,54,1" doraHai="120,59" who="2" fromWho="3" sc="271,0,235,0,227,96,267,-96" /><INIT seed="2,1,0,1,1,119" ten="271,235,323,171" oya="2" hai0="62,34,1,37,108,49,44,106,104,15,50,110,98" hai1="38,81,26,89,130,73,41,87,59,112,19,20,14" hai2="58,133,29,92,3,79,40,24,83,75,13,2,61" hai3="128,117,53,113,30,35,39,8,111,122,120,11,16"/><V65/><F133/><W105/><G105/><T46/><D1/><U91/><E112/><V78/><F40/><W42/><G53/><T25/><D37/><U32/><E130/><V47/><F47/><W27/><G42/><T107/><D62/><U18/><E73/><V100/><F79/><W4/><G39/><T93/><D15/><U76/><E59/><V126/><F13/><N who="3" m="7207" /><G128/><T132/><D132/><U109/><E109/><N who="0" m="42089" /><D25/><U135/><E135/><V90/><F126/><W80/><G80/><T118/><D34/><U56/><E56/><V85/><REACH who="2" step="1"/><F100/><REACH who="2" ten="271,235,313,171" step="2"/><W21/><G111/><T22/><D118/><U36/><E41/><V82/><F82/><W68/><G117/><T95/><D46/><U99/><E38/><V71/><F71/><W134/><G68/><T10/><D44/><U55/><E36/><V57/><F57/><W102/><G102/><T101/><D101/><U63/><E76/><V12/><F12/><N who="3" m="5223" /><G134/><T77/><D77/><U6/><E91/><V7/><F7/><W17/><G113/><T69/><D69/><U51/><E6/><V52/><F52/><W96/><G96/><T23/><D98/><U86/><E99/><V127/><F127/><W123/><G17/><T70/><D70/><U103/><E103/><V72/><F72/><W125/><G125/><T129/><D129/><U66/><E19/><V48/><F48/><W94/><G94/><N who="0" m="35851" /><D50/><U31/><E51/><V116/><F116/><W88/><G88/><T84/><D49/><U114/><E114/><V45/><F45/><W33/><AGARI ba="1,1" hai="21,27,30,33,35,120,122,123" m="5223,7207" machi="33" ten="40,12000,2" yaku="34,2,52,3,54,1" doraHai="119" who="3" fromWho="3" sc="271,-31,235,-31,313,-61,171,133" /><INIT seed="3,0,0,5,3,43" ten="240,204,252,304" oya="3" hai0="101,114,9,118,110,59,106,37,130,81,69,97,128" hai1="5,94,113,85,115,12,20,32,52,46,73,121,41" hai2="36,34,76,0,98,83,57,92,122,109,66,35,88" hai3="103,77,17,24,87,13,56,129,49,116,16,105,86"/><W99/><G116/><T25/><D118/><U119/><E119/><V7/><F109/><W18/><G129/><N who="0" m="49771" /><D69/><U58/><E73/><V23/><F36/><W72/><G24/><T55/><D37/><U71/><E121/><V27/><F122/><W14/><G72/><T31/><D9/><U44/><E71/><V74/><F7/><W28/><G28/><T135/><D81/><U93/><E32/><V126/><F0/><W62/><G49/><N who="0" m="31215" /><D135/><U29/><E113/><V8/><F8/><W26/><G26/><T19/><D19/><N who="1" m="10343" /><E115/><V104/><F104/><W91/><G77/><T120/><D120/><U1/><E1/><V80/><F80/><W100/><G13/><T123/><D123/><U108/><E108/><V63/><REACH who="2" step="1"/><F126/><REACH who="2" ten="240,204,242,304" step="2"/><W4/><G4/><T3/><D3/><U111/><E111/><V127/><F127/><W79/><G14/><T47/><D110/><U50/><E5/><V39/><F39/><W45/><G105/><T90/><D114/><U131/><E131/><V11/><F11/><W89/><G79/><T60/><D106/><U112/><E112/><V33/><F33/><W102/><G102/><T6/><D101/><U2/><E2/><V70/><F70/><W82/><G103/><T107/><D107/><U51/><E29/><AGARI ba="0,1" hai="23,27,29,34,35,57,63,66,74,76,83,88,92,98" machi="29" ten="30,3900,0" yaku="1,1,7,1,54,1,53,0" doraHai="43" doraHaiUra="65" who="2" fromWho="1" sc="240,0,204,-39,242,49,304,0" owari="240,-16.0,165,-33.5,291,9.1,304,40.4" /></mjloggm>