<mjloggm ver="2.3"><GO type="225" lobby="0"/><UN n0="%72%69%6F%75%63%68%61%6E" n1="%E3%81%8B%E3%82%8F%E3%81%A1%E3%82%83%E3%82%93%35%38" n2="%E5%A4%9C%E3%81%AE%E3%82%AC%E3%82%B9%E3%83%91%E3%83%BC%E3%83%AB" n3="%E3%81%B2%E3%81%AA%E3%81%AE%E3%82%8A%E3%81%8F" dan="17,17,17,17" rate="2194.93,2238.57,2227.06,2219.37" sx="M,M,M,M"/><TAIKYOKU oya="0"/><INIT seed="0,0,0,3,5,123" ten="250,250,250,250" oya="0" hai0="102,43,106,41,44,127,69,96,16,117,55,35,60" hai1="73,122,11,111,93,81,5,80,84,38,72,130,51" hai2="98,17,22,114,101,26,49,45,8,67,78,0,34" hai3="1,82,135,68,126,103,4,27,18,94,115,59,12"/><T74/><D117/><U28/><E38/><V71/><F114/><W129/><G68/><T31/><D127/><U77/><E122/><V46/><F78/><W132/><G115/><T120/><D120/><U62/><E130/><V50/><F34/><W19/><G129/><T85/><D74/><U13/><E28/><V113/><F113/><W100/><G126/><T104/><D104/><U14/><E81/><V54/><F71/><W95/><G1/><T47/><D85/><U53/><E111/><V15/><F67/><W99/><G82/><T90/><D90/><U75/><E62/><V66/><F66/><W21/><G59/><T87/><D87/><U116/><E116/><V6/><F0/><W70/><G70/><T58/><D69/><U2/><REACH who="1" step="1"/><E93/><REACH who="1" ten="250,240,250,250" step="2"/><V128/><F128/><W89/><G135/><T57/><D31/><U40/><E40/><V3/><F50/><W65/><G132/><T25/><D35/><U118/><E118/><V109/><F109/><W7/><G65/><T107/><D106/><U134/><E134/><V119/><F119/><W121/><G121/><T29/><D29/><U110/><E110/><V20/><F49/><W64/><G64/><N who="0" m="38927" /><D41/><U48/><E48/><V30/><F54/><W36/><G36/><T105/><D107/><AGARI ba="0,1" hai="3,6,8,15,17,20,22,26,30,45,46,98,101,107" machi="107" ten="30,1000,0" yaku="7,1" doraHai="123" who="2" fromWho="0" sc="250,-10,240,0,250,20,250,0" /><INIT seed="1,0,0,1,3,100" ten="240,240,270,250" oya="1" hai0="34,85,46,115,112,95,43,3,5,133,29,127,17" hai1="61,116,67,77,96,6,24,58,62,81,90,117,108" hai2="113,135,12,28,69,45,75,1,134,86,102,47,72" hai3="124,44,8,35,111,80,114,37,9,26,60,92,22"/><U50/><E108/><V2/><F69/><W129/><G35/><T131/><D127/><U68/><E6/><V125/><F125/><W23/><G114/><T120/><D131/><U89/><E50/><V103/><F28/><W21/><G129/><T121/><D133/><U18/><E18/><V53/><F86/><W106/><G26/><N who="0" m="18743" /><D17/><U10/><E10/><V32/><F32/><W119/><G119/><T59/><D59/><U13/><E13/><V87/><F87/><W70/><G44/><T51/><D95/><U71/><E24/><V101/><F12/><W130/><G37/><N who="0" m="21871" /><D85/><U94/><E90/><V56/><F56/><W39/><G39/><T20/><D51/><U122/><E122/><N who="0" m="47209" /><D20/><U128/><E128/><V91/><F113/><W40/><G23/><T16/><D16/><U123/><E123/><V65/><F91/><W79/><G124/><T54/><D54/><U118/><REACH who="1" step="1"/><E62/><REACH who="1" ten="240,230,270,250" step="2"/><V7/><F134/><W36/><G60/><T105/><D5/><U66/><E66/><V49/><F65/><W41/><G111/><T97/><D3/><N who="2" m="1034" /><F7/><W83/><G130/><T78/><D78/><U76/><E76/><V55/><F135/><W99/><G79/><T42/><D42/><U110/><E110/><V27/><F27/><W98/><G41/><T126/><D126/><U38/><E38/><V107/><F49/><W19/><G36/><T132/><D132/><U31/><E31/><V15/><F15/><W82/><G40/><T73/><D73/><AGARI ba="0,1" hai="58,61,67,68,71,73,77,81,89,94,96,116,117,118" machi="73" ten="40,2000,0" yaku="1,1,53,0" doraHai="100" doraHaiUra="109" who="1" fromWho="0" sc="240,-20,230,30,270,0,250,0" /><INIT seed="1,1,0,3,0,84" ten="220,260,270,250" oya="1" hai0="17,43,132,69,5,48,125,53,28,75,134,90,78" hai1="33,40,25,76,60,82,35,73,38,70,30,36,6" hai2="15,9,115,107,16,32,50,23,11,61,98,119,92" hai3="13,89,7,71,8,54,94,127,133,135,77,130,51"/><U86/><E40/><V14/><F119/><W59/><G71/><T39/><D125/><U116/><E116/><V47/><F32/><W109/><G127/><T27/><D69/><U93/><E6/><V4/><F107/><W88/><G109/><T123/><D123/><U42/><E42/><V10/><F61/><W128/><G77/><T1/><D17/><U122/><E122/><V79/><F79/><W105/><G105/><T96/><D43/><U85/><E85/><V113/><F50/><W126/><G126/><T22/><D39/><U55/><E55/><V64/><F47/><W121/><G121/><T12/><D1/><U72/><E72/><V99/><F64/><W2/><G2/><T52/><D5/><U24/><E86/><V110/><F99/><W97/><REACH who="3" step="1"/><G89/><REACH who="3" ten="220,260,270,240" step="2"/><T120/><D120/><U117/><E117/><V95/><F110/><W34/><G34/><T104/><D104/><U63/><E70/><V0/><F0/><W83/><G83/><T29/><D78/><U100/><E93/><V68/><F68/><W62/><G62/><N who="1" m="23594" /><E100/><N who="2" m="60487" /><F95/><W66/><G66/><T20/><D75/><U65/><E65/><V74/><F74/><W114/><G114/><AGARI ba="1,1" hai="4,9,10,11,14,15,16,23,113,114,115" m="60487" machi="114" ten="30,2000,0" yaku="11,1,54,1" doraHai="84" who="2" fromWho="3" sc="220,0,260,0,270,33,240,-23" /><INIT seed="2,0,0,0,4,104" ten="220,260,303,217" oya="2" hai0="121,122,91,49,50,80,77,101,41,99,27,131,110" hai1="63,11,73,134,28,115,76,19,123,106,133,65,130" hai2="7,5,103,116,97,36,128,124,114,10,46,45,54" hai3="75,93,34,132,72,22,86,109,32,4,125,21,68"/><V62/><F114/><W100/><G68/><T107/><D110/><U84/><E28/><V1/><F116/><W129/><G109/><T61/><D131/><U69/><E115/><V112/><F112/><W113/><G113/><T13/><D91/><U82/><E106/><V117/><F117/><W25/><G129/><T42/><D27/><U127/><E130/><V31/><F128/><W87/><G4/><T30/><D30/><U17/><E127/><V89/><F124/><W18/><G125/><T92/><D107/><U111/><E111/><V88/><F31/><W102/><G93/><T39/><D39/><U98/><E98/><V94/><F36/><W79/><G79/><T59/><D13/><U52/><E123/><V51/><F7/><W0/><G18/><T24/><D24/><U12/><E19/><V33/><F33/><W9/><G25/><T37/><D37/><U3/><E3/><V2/><F2/><W70/><G0/><T20/><D20/><U119/><E119/><V26/><F26/><W96/><G96/><T85/><D122/><U67/><E67/><V58/><REACH who="2" step="1"/><F46/><REACH who="2" ten="220,260,293,217" step="2"/><W126/><G126/><T105/><D121/><U8/><E12/><V44/><F44/><W38/><G38/><T48/><REACH who="0" step="1"/><D105/><REACH who="0" ten="210,260,293,217" step="2"/><U23/><E17/><V108/><F108/><W57/><G34/><T56/><D56/><U120/><E120/><V135/><F135/><W118/><G57/><T71/><D71/><U35/><E134/><V66/><AGARI ba="0,2" hai="1,5,10,45,51,54,58,62,66,88,89,94,97,103" machi="66" ten="20,7800,0" yaku="1,1,0,1,7,1,54,1,53,0" doraHai="104" doraHaiUra="64" who="2" fromWho="2" sc="210,-26,260,-26,293,98,217,-26" /><INIT seed="2,1,0,0,0,115" ten="184,234,391,191" oya="2" hai0="77,107,11,49,132,69,5,20,134,105,124,25,18" hai1="94,126,66,22,32,4,101,133,89,81,41,110,47" hai2="63,59,36,88,55,38,3,95,128,80,57,121,17" hai3="72,65,117,24,60,91,104,62,108,96,111,84,85"/><V53/><F121/><W64/><G72/><T34/><D124/><U43/><E32/><V2/><F128/><W76/><G76/><T50/><D69/><U98/><E126/><V90/><F80/><W56/><G117/><T6/><D77/><U102/><E110/><N who="3" m="42026" /><G24/><T130/><D130/><U119/><E119/><V10/><F17/><W1/><G1/><N who="0" m="431" /><D6/><U30/><E133/><N who="0" m="51305" /><D34/><U114/><E114/><V70/><F10/><W92/><G104/><AGARI ba="1,0" hai="18,20,25,49,50,104,105,107" m="51305,431" machi="104" ten="30,1000,0" yaku="20,1" doraHai="115" who="0" fromWho="3" sc="184,13,234,0,391,0,191,-13" /><INIT seed="3,0,0,3,2,102" ten="197,234,391,178" oya="3" hai0="70,5,130,131,48,43,78,24,85,51,80,20,111" hai1="92,83,101,42,1,38,62,117,0,64,14,50,123" hai2="57,7,106,29,41,25,72,2,112,27,124,132,35" hai3="75,55,93,105,56,3,46,103,96,107,61,15,39"/><W19/><G3/><T59/><D111/><U74/><E123/><V133/><F112/><W31/><G75/><T10/><D70/><U12/><E38/><V97/><F72/><W108/><G108/><T21/><D59/><U22/><E42/><V8/><F124/><W54/><G31/><N who="0" m="17799" /><D21/><U16/><E50/><V4/><F4/><W116/><G116/><T110/><D110/><U53/><E53/><V32/><F41/><W125/><G125/><T67/><D67/><U84/><E74/><V81/><F81/><W126/><G126/><T73/><D73/><U114/><E114/><V28/><F57/><W113/><G113/><T128/><D43/><U94/><E117/><V120/><F120/><W121/><G121/><T49/><D48/><U68/><E14/><AGARI ba="0,0" hai="5,10,14,49,51,78,80,85,128,130,131" m="17799" machi="14" ten="30,1000,0" yaku="19,1" doraHai="102" who="0" fromWho="1" sc="197,10,234,-10,391,0,178,0" owari="207,-19.3,224,2.4,391,49.1,178,-32.2" /></mjloggm>