<mjloggm ver="2.3"><GO type="225" lobby="0"/><UN n0="%E6%80%AA%E3%81%97%E3%81%99%E3%81%8E%E3%82%8B%E3%83%81%E3%83%BC" n1="%43%68%65" n2="%E9%BB%92%E9%89%84%E7%8F%A0%E9%9B%AB" n3="%E3%81%AF%E3%82%88%E3%81%8A%E3%81%98%E3%81%95%E3%82%93" dan="16,16,16,16" rate="2145.64,2162.82,2168.12,2186.38" sx="M,M,F,M"/><TAIKYOKU oya="0"/><INIT seed="0,0,0,5,3,22" ten="250,250,250,250" oya="0" hai0="50,68,114,75,24,43,98,44,36,105,4,11,63" hai1="103,19,53,106,90,57,133,79,34,58,126,2,66" hai2="112,65,100,12,80,86,111,91,71,118,93,81,130" hai3="120,101,21,94,45,113,121,132,38,17,8,6,61"/><T51/><D114/><U54/><E2/><V84/><F71/><W49/><G113/><T76/><D24/><U47/><E126/><V20/><F65/><W110/><G38/><T99/><D63/><U37/><E133/><V82/><F20/><W131/><G132/><T73/><D68/><U127/><E79/><N who="2" m="46111" /><F12/><W25/><G110/><T18/><D18/><U125/><E90/><V77/><F112/><W0/><G131/><T70/><D70/><U30/><E19/><V42/><F42/><W1/><G1/><N who="0" m="399" /><D75/><U78/><E66/><V15/><F15/><W14/><G61/><T48/><D105/><U60/><E60/><V33/><F33/><W88/><G101/><T46/><D46/><U56/><E47/><V23/><F23/><W59/><G59/><T102/><D102/><U107/><E103/><V122/><F122/><W89/><G0/><T40/><D40/><U119/><E58/><V5/><F5/><W28/><G6/><T35/><D35/><U74/><E74/><N who="2" m="43191" /><F130/><W128/><G128/><T129/><D129/><U72/><E72/><V135/><F135/><W92/><G120/><T97/><D51/><U64/><E64/><V39/><F39/><W108/><G108/><T52/><D52/><U123/><E37/><V41/><F41/><N who="3" m="24751" /><G121/><T109/><D109/><U7/><E123/><V117/><F111/><W87/><G89/><T67/><D67/><U124/><E57/><V116/><F100/><W27/><G27/><T10/><D10/><U62/><E54/><V95/><AGARI ba="0,0" hai="82,86,91,93,95,116,117,118" m="43191,46111" machi="95" ten="40,5200,0" yaku="12,1,34,2" doraHai="22" who="2" fromWho="2" sc="250,-26,250,-13,250,52,250,-13" /><INIT seed="1,0,0,3,2,16" ten="224,237,302,237" oya="1" hai0="100,34,130,62,83,124,23,28,19,13,39,115,97" hai1="84,95,104,117,129,11,50,5,25,64,111,132,47" hai2="66,2,79,32,9,35,54,17,33,71,128,103,75" hai3="76,68,94,1,53,119,3,120,20,15,31,55,8"/><U127/><E104/><V99/><F54/><W7/><G120/><T118/><D115/><U24/><E117/><V85/><F85/><W18/><G68/><T81/><D118/><U101/><E127/><V12/><F2/><W40/><G119/><T73/><D124/><U56/><E129/><V10/><F128/><W126/><G126/><T36/><D130/><U6/><E132/><V30/><F79/><W58/><G1/><T102/><D62/><N who="1" m="37959" /><E111/><V38/><F38/><W29/><G76/><T45/><D100/><U131/><E131/><V107/><F75/><W69/><G69/><T57/><D73/><U43/><E11/><V108/><F108/><W42/><G53/><T82/><D45/><U44/><E44/><V46/><F46/><W122/><G122/><T70/><D57/><U26/><E84/><V74/><F74/><W116/><G116/><T123/><D70/><U91/><E91/><V21/><REACH who="2" step="1"/><F30/><REACH who="2" ten="224,237,292,237" step="2"/><W92/><G29/><T67/><D123/><U59/><E59/><V37/><F37/><W133/><G31/><T65/><D36/><U80/><E80/><V78/><F78/><W114/><G3/><T121/><D39/><U72/><E72/><V135/><F135/><W51/><G133/><T77/><D77/><U106/><E106/><V112/><F112/><W89/><G114/><T61/><D121/><U105/><E105/><V109/><F109/><W125/><G125/><T86/><D86/><U27/><N who="1" m="6144" /><DORA hai="134" /><U96/><AGARI ba="0,1" hai="5,6,43,47,50,95,96,101" m="6144,37959" machi="96" ten="40,3900,0" yaku="4,1,8,1" doraHai="16,134" who="1" fromWho="1" sc="224,-13,237,49,292,-13,237,-13" /><INIT seed="1,1,0,4,0,34" ten="211,286,279,224" oya="1" hai0="35,125,10,124,16,66,32,129,28,37,15,109,117" hai1="60,87,52,131,2,3,112,47,1,74,103,118,27" hai2="50,56,93,98,23,29,17,45,123,58,106,99,46" hai3="64,121,91,73,57,53,77,86,7,97,89,82,30"/><U116/><E74/><V13/><F123/><W79/><G121/><T96/><D37/><U65/><E112/><V72/><F72/><W83/><G64/><T105/><D117/><U120/><E120/><V130/><F130/><W11/><G30/><T122/><D122/><U104/><E131/><V51/><F106/><W78/><G78/><T102/><D129/><U111/><E27/><V134/><F134/><W21/><G21/><T5/><D109/><U12/><E111/><V43/><F29/><W108/><G97/><T114/><D114/><U19/><E87/><V48/><F99/><W4/><G108/><T80/><D28/><U76/><E76/><V40/><REACH who="2" step="1"/><F51/><REACH who="2" ten="211,286,269,224" step="2"/><W31/><G31/><T115/><D115/><U119/><E104/><V25/><F25/><W94/><G73/><T14/><D32/><U101/><E119/><V81/><F81/><W88/><G94/><T62/><D35/><U8/><E118/><V68/><F68/><W0/><G82/><T75/><D80/><U126/><E116/><V132/><F132/><W59/><G77/><T110/><D75/><U135/><E135/><V69/><F69/><W61/><G79/><T49/><D110/><U38/><E38/><V39/><F39/><W127/><G83/><T85/><D49/><N who="1" m="28735" /><E126/><V20/><F20/><W24/><G127/><T42/><D124/><U95/><E95/><V9/><F9/><N who="3" m="2183" /><G24/><T33/><D125/><U63/><E63/><V128/><F128/><W90/><N who="3" m="22528" /><DORA hai="70" /><W84/><G57/><N who="0" m="37199" /><D33/><U100/><E60/><V41/><F41/><W133/><G133/><T71/><D105/><RYUUKYOKU ba="1,1" sc="211,-30,286,10,269,10,224,10" hai1="1,2,3,8,12,19,65,100,101,103" hai2="13,17,23,40,43,45,46,48,50,56,58,93,98" hai3="7,11,53,59,61,84,86" /><INIT seed="1,2,1,4,5,14" ten="181,296,279,234" oya="1" hai0="55,45,22,56,113,28,1,15,123,54,108,53,95" hai1="39,61,102,62,46,90,29,25,38,126,104,109,111" hai2="24,47,134,27,60,64,78,66,21,8,89,42,65" hai3="37,76,40,19,79,106,98,92,105,3,103,116,131"/><U10/><E126/><V35/><F134/><W5/><G131/><T110/><D113/><U81/><E10/><V115/><F115/><W93/><G116/><T32/><D123/><U67/><E90/><V0/><F78/><W36/><G5/><T59/><D1/><U87/><E87/><V69/><F35/><W101/><G3/><T96/><D45/><U91/><E91/><V4/><F89/><W9/><G40/><T58/><D32/><N who="1" m="20527" /><E81/><V13/><F0/><W84/><G9/><T120/><D120/><U20/><E20/><V72/><F72/><W82/><G19/><T34/><D34/><U112/><E62/><V71/><F71/><W88/><G36/><T124/><D124/><U83/><E83/><V117/><F27/><W77/><G37/><T17/><REACH who="0" step="1"/><D28/><REACH who="0" ten="171,296,279,234" step="2"/><U97/><E46/><V128/><F117/><W26/><G26/><T73/><D73/><U127/><E127/><V51/><F128/><W74/><G74/><T122/><D122/><U133/><E112/><V70/><F70/><W44/><G44/><T100/><AGARI ba="2,2" hai="15,17,22,53,54,55,56,58,59,95,96,100,108,110" machi="100" ten="40,8000,1" yaku="1,1,0,1,52,1,53,1" doraHai="14" doraHaiUra="99" who="0" fromWho="0" sc="171,106,296,-42,279,-22,234,-22" /><INIT seed="2,0,0,3,3,111" ten="277,254,257,212" oya="2" hai0="68,121,135,117,92,133,75,52,120,77,101,127,116" hai1="99,12,24,13,61,21,50,9,49,85,125,22,128" hai2="82,27,53,58,64,73,78,14,106,126,25,115,131" hai3="29,67,6,31,74,10,43,55,108,80,26,5,42"/><V35/><F115/><W114/><G108/><T32/><D68/><U104/><E128/><V60/><F106/><W118/><G118/><N who="0" m="45675" /><D32/><U94/><E125/><V110/><F131/><W79/><G67/><T2/><D2/><U90/><E104/><V87/><F110/><W71/><G71/><T62/><D127/><U129/><E129/><V122/><F122/><N who="0" m="47210" /><D52/><U96/><E61/><V28/><F126/><W16/><G114/><T1/><D62/><U72/><E72/><V69/><F25/><W102/><G102/><T84/><D1/><U38/><E38/><V30/><F30/><W91/><G91/><N who="0" m="53351" /><D101/><U23/><E24/><V107/><F14/><N who="1" m="5737" /><E9/><V54/><F54/><W132/><G55/><T37/><D37/><U7/><E7/><V103/><F103/><W93/><G5/><T56/><D56/><U11/><E11/><V134/><F53/><W44/><G43/><T76/><D75/><U70/><E70/><V63/><F73/><W65/><G65/><T83/><D83/><U17/><E17/><V45/><F63/><W47/><G16/><T89/><D89/><U59/><E59/><V41/><F58/><W8/><G8/><T105/><D105/><U123/><E123/><V119/><F107/><W0/><G31/><T95/><D95/><U36/><E36/><N who="2" m="21671" /><F119/><W19/><G93/><T15/><D15/><U40/><E40/><V51/><F51/><AGARI ba="0,0" hai="21,22,23,49,50,51,85,90,94,96,99" m="5737" machi="51" ten="30,1000,0" yaku="8,1" doraHai="111" who="1" fromWho="2" sc="277,0,254,10,257,-10,212,0" /><INIT seed="3,0,0,2,4,3" ten="277,264,247,212" oya="3" hai0="68,81,104,34,94,49,79,48,129,113,28,31,0" hai1="78,114,19,125,135,36,60,108,87,38,62,32,50" hai2="42,101,130,46,44,120,11,103,98,132,105,86,127" hai3="66,123,53,52,91,110,8,131,39,65,72,23,5"/><W116/><G116/><T93/><D104/><U64/><E114/><V106/><F132/><W63/><G123/><T111/><D0/><U13/><E32/><V96/><F130/><W97/><G39/><T69/><D81/><U16/><E135/><V80/><F127/><W2/><G72/><T56/><D79/><U67/><E125/><V15/><F120/><W122/><G122/><T128/><D56/><U118/><E50/><N who="0" m="19561" /><D111/><U134/><E134/><V37/><F46/><W58/><G131/><N who="0" m="50251" /><D34/><U76/><E108/><V30/><F30/><N who="0" m="11306" /><D113/><U102/><E118/><V24/><F24/><W57/><G110/><T27/><D27/><U107/><E107/><V1/><F1/><W84/><G23/><T4/><D4/><U89/><E102/><V75/><F75/><W100/><G57/><T61/><D61/><U21/><E21/><V9/><REACH who="2" step="1"/><F15/><REACH who="2" ten="277,264,237,212" step="2"/><W95/><REACH who="3" step="1"/><G53/><REACH who="3" ten="277,264,237,202" step="2"/><T20/><D20/><U121/><E121/><V117/><F117/><W71/><G71/><AGARI ba="0,2" hai="68,69,71,93,94" m="11306,50251,19561" machi="71" ten="40,5200,0" yaku="28,2,19,1" doraHai="3" who="0" fromWho="3" sc="277,72,264,0,237,0,202,-52" owari="349,44.9,264,6.4,237,-16.3,150,-35.0" /></mjloggm>