<mjloggm ver="2.3"><GO type="225" lobby="0"/><UN n0="%E3%81%B5%E3%81%98%E3%81%8B%E3%81%A4" n1="%E4%BA%BA%E9%96%93%E3%83%81%E3%83%A3%E3%83%BC%E3%83%8F%E3%83%B3" n2="%E3%81%BE%E3%81%A8%E3%81%9F" n3="%E6%9D%B1%E9%A2%A8%E3%81%AE%E3%81%8D%E3%82%83%E3%81%B7%E3%81%95%E3%82%93" dan="17,16,16,17" rate="2210.38,2107.35,2159.08,2204.91" sx="M,M,M,M"/><TAIKYOKU oya="0"/><INIT seed="0,0,0,3,1,12" ten="250,250,250,250" oya="0" hai0="13,66,14,113,87,40,123,64,9,118,102,85,67" hai1="125,43,79,55,110,81,76,134,106,77,80,50,104" hai2="20,86,98,28,135,51,27,128,114,109,91,115,129" hai3="95,16,72,92,25,44,56,7,75,78,122,24,19"/><T48/><D123/><U111/><E43/><V99/><F51/><W8/><G122/><T4/><D118/><U103/><E50/><V97/><F109/><N who="1" m="41481" /><E55/><V117/><F135/><W5/><G56/><T74/><D74/><N who="1" m="43031" /><E134/><V23/><F23/><W45/><G78/><N who="1" m="29706" /><E125/><V116/><F28/><W69/><REACH who="3" step="1"/><G8/><REACH who="3" ten="250,250,250,240" step="2"/><T73/><D73/><U59/><E59/><V121/><F116/><W38/><G38/><T2/><D9/><U58/><E58/><V30/><F117/><W63/><G63/><T33/><D48/><U126/><E126/><V70/><F70/><AGARI ba="0,1" hai="5,7,16,19,24,25,44,45,69,70,72,75,92,95" machi="70" ten="25,12000,2" yaku="1,1,22,2,52,2,54,1,53,0" doraHai="12" doraHaiUra="96" who="3" fromWho="2" sc="250,0,250,0,250,-120,240,130" /><INIT seed="1,0,0,5,5,70" ten="250,250,130,370" oya="1" hai0="69,113,18,95,33,21,125,131,57,74,77,109,132" hai1="49,117,62,12,22,65,34,31,121,60,80,73,11" hai2="119,13,72,5,53,40,134,54,82,88,51,124,118" hai3="94,81,36,101,41,46,111,89,29,16,45,50,108"/><U42/><E117/><V91/><F124/><W120/><G29/><T66/><D113/><U84/><E121/><V135/><F72/><W3/><G3/><T30/><D125/><U107/><E107/><V68/><F5/><W123/><G81/><T85/><D69/><U127/><E127/><V59/><F13/><W106/><G101/><T8/><D8/><U0/><E73/><V10/><F10/><W4/><G4/><T39/><D95/><U110/><E0/><V79/><F68/><W44/><G106/><T47/><D85/><U26/><E110/><N who="3" m="42026" /><G16/><T105/><D105/><U56/><E34/><V27/><F27/><W7/><G7/><T75/><D57/><U17/><E65/><V37/><F54/><N who="3" m="30023" /><G46/><T19/><D47/><U78/><E42/><V102/><F102/><W130/><G130/><T20/><D131/><U122/><E122/><V100/><F100/><W38/><G38/><T52/><D39/><U55/><AGARI ba="0,0" hai="11,12,17,22,26,31,49,55,56,60,62,78,80,84" machi="55" ten="30,3000,0" yaku="0,1,8,1" doraHai="70" who="1" fromWho="1" sc="250,-10,250,30,130,-10,370,-10" /><INIT seed="1,1,0,1,3,119" ten="240,280,120,360" oya="1" hai0="18,92,45,54,124,50,49,85,105,58,47,30,86" hai1="61,93,35,41,121,29,42,34,116,118,8,27,1" hai2="59,22,5,2,57,82,60,36,40,10,114,7,68" hai3="70,19,88,131,135,78,76,4,74,84,79,51,129"/><U75/><E75/><V25/><F114/><W97/><G70/><T128/><D105/><U12/><E35/><V117/><F117/><W55/><G4/><T102/><D124/><U94/><E1/><V23/><F23/><W104/><G19/><T26/><D128/><N who="3" m="49225" /><G135/><T77/><D18/><U120/><E61/><V28/><F7/><W130/><G130/><T112/><D112/><U37/><E37/><V33/><F68/><W106/><G74/><T134/><D134/><U65/><E65/><V21/><F21/><W53/><G97/><N who="0" m="59687" /><D77/><U87/><E87/><N who="0" m="33289" /><D50/><U95/><E116/><V3/><F3/><W43/><G43/><T80/><D80/><U89/><E118/><V71/><F71/><W110/><G110/><T69/><D69/><U115/><E115/><V64/><F82/><N who="3" m="49175" /><G53/><T9/><D9/><U111/><E111/><V46/><F33/><W83/><G83/><T62/><D62/><U17/><REACH who="1" step="1"/><E89/><REACH who="1" ten="240,270,120,360" step="2"/><V103/><F64/><W13/><G76/><T113/><D113/><U56/><E56/><V133/><F133/><W72/><G78/><T15/><D58/><U108/><E108/><V63/><F59/><W66/><G72/><T38/><D38/><U125/><E125/><V109/><F57/><N who="3" m="33023" /><G79/><T91/><D91/><U90/><E90/><V100/><F109/><W31/><G66/><T44/><D49/><U122/><AGARI ba="1,1" hai="8,12,17,27,29,34,41,42,93,94,95,120,121,122" machi="122" ten="40,12000,1" yaku="1,1,0,1,52,3,53,0" doraHai="119" doraHaiUra="16" who="1" fromWho="1" sc="240,-41,270,133,120,-41,360,-41" /><INIT seed="1,2,0,1,3,131" ten="199,403,79,319" oya="1" hai0="55,111,73,13,87,11,108,20,43,60,69,132,105" hai1="28,81,123,76,75,117,22,91,54,80,116,36,46" hai2="68,52,62,26,61,100,90,44,4,102,84,88,50" hai3="9,14,48,41,94,38,39,24,45,32,18,47,21"/><U49/><E123/><V10/><F68/><W71/><G71/><T126/><D73/><U133/><E133/><V129/><F129/><W56/><G32/><T64/><D105/><U77/><E36/><V3/><F26/><W104/><G104/><T113/><D113/><U72/><REACH who="1" step="1"/><E91/><REACH who="1" ten="199,393,79,319" step="2"/><V107/><F90/><W35/><G38/><T16/><D132/><U78/><E78/><V109/><F109/><W19/><G35/><T135/><D135/><U30/><E30/><V99/><REACH who="2" step="1"/><F102/><REACH who="2" ten="199,393,69,319" step="2"/><W115/><G115/><T2/><D111/><U27/><AGARI ba="2,2" hai="22,27,28,46,49,54,72,75,76,77,80,81,116,117" machi="27" ten="30,6000,0" yaku="1,1,0,1,9,1,53,0" doraHai="131" doraHaiUra="65" who="1" fromWho="1" sc="199,-22,393,86,69,-22,319,-22" /><INIT seed="1,3,0,1,2,31" ten="177,479,47,297" oya="1" hai0="86,60,122,65,23,94,42,29,12,102,44,26,14" hai1="1,78,92,36,133,20,83,56,59,0,77,98,119" hai2="9,4,53,40,17,22,106,95,64,25,85,91,132" hai3="32,82,89,81,105,45,49,100,75,8,74,76,58"/><U48/><E36/><V33/><F132/><W108/><G108/><T30/><D122/><U21/><E133/><V18/><F106/><W111/><G111/><T118/><D118/><U68/><E48/><V27/><F64/><W79/><G58/><T51/><D30/><U107/><E107/><V13/><F40/><W43/><G8/><T87/><D87/><U72/><E92/><V104/><F104/><W55/><G89/><T5/><D5/><U24/><E24/><V50/><F33/><W39/><G32/><T28/><D28/><U115/><E98/><V116/><F116/><W110/><G110/><T128/><D128/><U47/><E47/><V67/><F67/><W19/><G19/><T71/><D102/><U70/><E83/><V93/><F93/><W57/><G100/><T46/><D94/><U15/><E15/><V52/><REACH who="2" step="1"/><F50/><REACH who="2" ten="177,479,37,297" step="2"/><W80/><G105/><T66/><D65/><U121/><E119/><V124/><F124/><W103/><G103/><T38/><D86/><U61/><E121/><V112/><F112/><W16/><G43/><AGARI ba="3,1" hai="12,14,23,26,29,38,42,43,44,46,51,60,66,71" machi="43" ten="30,1000,0" yaku="7,1" doraHai="31" who="0" fromWho="3" sc="177,29,479,0,37,0,297,-19" /><INIT seed="2,0,0,0,2,101" ten="206,479,37,278" oya="2" hai0="93,99,82,37,103,28,11,62,1,60,70,19,29" hai1="64,26,43,39,88,87,75,77,117,97,25,85,33" hai2="80,36,91,104,34,69,42,44,121,72,14,13,61" hai3="125,15,128,18,51,89,92,53,67,102,84,90,59"/><V10/><F121/><W47/><G128/><T6/><D37/><U86/><E117/><V49/><F91/><W73/><G73/><T38/><D38/><U135/><E64/><V94/><F94/><W4/><G4/><T20/><D82/><N who="1" m="47311" /><E33/><V105/><F34/><W123/><G125/><T0/><D0/><U54/><E75/><V110/><F14/><W52/><G67/><T122/><D122/><U109/><E39/><V21/><F21/><W58/><G123/><T12/><D70/><U48/><E43/><V66/><F110/><W78/><G78/><T119/><D119/><U108/><E135/><V116/><F116/><W120/><G102/><T17/><D29/><U114/><E114/><V5/><REACH who="2" step="1"/><F36/><REACH who="2" ten="206,479,27,278" step="2"/><W22/><G120/><T40/><D12/><U133/><E108/><V131/><F131/><W83/><G89/><T24/><D20/><U106/><E88/><V81/><F81/><W76/><G92/><T31/><D93/><U9/><E109/><V32/><F32/><W63/><G90/><T129/><D129/><U134/><E134/><V30/><F30/><W111/><G111/><T41/><D31/><U71/><E133/><V57/><F57/><AGARI ba="0,1" hai="15,18,22,47,51,52,53,57,58,59,63,76,83,84" machi="57" ten="40,2600,0" yaku="8,1,54,1" doraHai="101" who="3" fromWho="2" sc="206,0,479,0,27,-26,278,36" /><INIT seed="3,0,0,0,2,11" ten="206,479,1,314" oya="3" hai0="126,57,94,81,104,100,105,109,79,64,45,6,30" hai1="99,4,39,133,132,121,56,22,83,59,63,101,102" hai2="54,31,50,42,97,111,38,120,36,103,15,21,82" hai3="95,76,26,7,118,0,135,61,2,68,67,108,117"/><W47/><G95/><T34/><D126/><U53/><E22/><V65/><F82/><W19/><G76/><T48/><D109/><U43/><E56/><V73/><F65/><W127/><G47/><T84/><D34/><U41/><E4/><V114/><F31/><W123/><G127/><T35/><D35/><U3/><E3/><V72/><F42/><W78/><G78/><T130/><D30/><U51/><E83/><V116/><F54/><W88/><G88/><T10/><D130/><U14/><E14/><V58/><F58/><W113/><G108/><T32/><D32/><U129/><E129/><V66/><F15/><W46/><G46/><T85/><D57/><U71/><E59/><V49/><F21/><W119/><G26/><T27/><D27/><U74/><E39/><V62/><F62/><W98/><G98/><T87/><D64/><U16/><E99/><V60/><F60/><W69/><G19/><T1/><D105/><U75/><E16/><V33/><F66/><W134/><G7/><T13/><D104/><U131/><E63/><V90/><F90/><W106/><G106/><T5/><D1/><U125/><E125/><V12/><F49/><W91/><G69/><T96/><REACH who="0" step="1"/><D5/><REACH who="0" ten="196,479,1,314" step="2"/><U23/><E71/><V28/><F28/><W124/><G124/><T24/><D24/><U29/><E41/><AGARI ba="0,1" hai="6,10,13,41,45,48,79,81,84,85,87,94,96,100" machi="41" ten="30,12000,2" yaku="1,1,7,1,25,2,8,1,52,1,53,0" doraHai="11" doraHaiUra="112" who="0" fromWho="1" sc="196,130,479,-120,1,0,314,0" owari="326,12.6,359,45.9,1,-49.9,314,-8.6" /></mjloggm>