<mjloggm ver="2.3"><GO type="225" lobby="0"/><UN n0="%E8%90%BD%E6%97%A5" n1="%E3%82%B2%E3%82%B9%E8%8C%82%E5%8B%9D" n2="%6D%75%75%6D%75%72%61" n3="%6A%79%75%6E%6F%68" dan="16,16,17,16" rate="2121.32,2059.62,2184.93,2155.83" sx="F,F,F,M"/><TAIKYOKU oya="0"/><INIT seed="0,0,0,4,2,14" ten="250,250,250,250" oya="0" hai0="20,24,74,59,33,126,72,68,69,65,22,5,23" hai1="123,29,63,30,115,86,122,87,117,134,85,91,19" hai2="121,52,55,45,80,103,15,95,43,118,34,40,75" hai3="66,111,31,99,10,53,114,132,2,12,81,113,79"/><T16/><D126/><U71/><E117/><V4/><F121/><W17/><G111/><T116/><D116/><U120/><E115/><V109/><F34/><W102/><G132/><T3/><D33/><U47/><E134/><V105/><F118/><W92/><G66/><T50/><D68/><U104/><E104/><V70/><F105/><W37/><G37/><T112/><D69/><U51/><E91/><V21/><F70/><W78/><G31/><T62/><D112/><U9/><E63/><V48/><F109/><W76/><G2/><T133/><D133/><U130/><E130/><V38/><F75/><W101/><G101/><T25/><D50/><U11/><E71/><V28/><F80/><W61/><REACH who="3" step="1"/><G81/><REACH who="3" ten="250,250,250,240" step="2"/><T35/><D35/><U129/><E129/><V106/><F38/><W44/><G44/><T77/><D77/><U89/><E89/><V39/><F39/><W82/><G82/><T107/><D107/><U110/><E110/><V46/><F106/><W108/><G108/><T0/><D23/><U96/><E30/><V57/><F46/><W100/><G100/><T1/><REACH who="0" step="1"/><D5/><REACH who="0" ten="240,250,250,240" step="2"/><U125/><E120/><V64/><F4/><W54/><G54/><T90/><D90/><U128/><E122/><V67/><F55/><W88/><G88/><T8/><D8/><U42/><E123/><V13/><F21/><W93/><G93/><T27/><D27/><U97/><E9/><V119/><F119/><W36/><G36/><T83/><D83/><U58/><E11/><V124/><F95/><W18/><G18/><AGARI ba="0,2" hai="0,1,3,16,18,20,22,24,25,59,62,65,72,74" machi="18" ten="40,12000,1" yaku="1,1,9,1,52,2,54,1,53,0" doraHai="14" doraHaiUra="49" who="0" fromWho="3" sc="240,140,250,0,250,0,240,-120" /><INIT seed="0,1,0,1,1,62" ten="380,250,250,120" oya="0" hai0="0,87,3,86,76,123,66,9,6,1,105,125,46" hai1="60,20,132,71,23,83,64,112,44,111,13,69,84" hai2="114,135,93,30,92,52,100,90,91,77,7,8,98" hai3="80,67,17,21,48,109,36,102,70,16,96,28,75"/><T118/><D118/><U113/><E111/><V88/><F114/><N who="1" m="44137" /><E132/><V73/><F135/><W43/><G109/><T108/><D123/><U41/><E71/><V101/><F30/><W35/><G36/><T19/><D108/><U38/><E13/><V121/><F121/><W78/><G35/><T79/><D105/><U45/><E45/><V10/><F73/><W25/><G43/><T15/><D125/><U11/><E11/><N who="2" m="4139" /><F77/><AGARI ba="1,0" hai="20,23,38,41,44,60,64,69,77,83,84" m="44137" machi="77" ten="30,2000,0" yaku="11,1,52,1" doraHai="62" who="1" fromWho="2" sc="380,0,250,23,250,-23,120,0" /><INIT seed="1,0,0,5,0,135" ten="380,273,227,120" oya="1" hai0="91,36,33,13,97,23,37,4,10,53,85,44,89" hai1="11,102,114,65,56,131,19,88,78,74,106,49,20" hai2="87,67,129,122,72,43,30,132,26,71,28,73,82" hai3="68,83,14,1,124,79,96,64,35,54,107,123,101"/><U111/><E114/><V8/><F122/><W40/><G123/><T46/><D33/><U3/><E131/><V93/><F132/><W29/><G14/><T80/><D37/><U38/><E38/><V81/><F129/><W134/><G134/><T7/><D36/><U18/><E111/><V99/><F43/><W76/><G40/><T100/><D89/><U125/><E125/><V5/><F67/><W32/><G54/><T103/><D103/><U63/><E74/><V70/><F70/><W120/><G120/><T113/><D113/><U15/><E78/><V59/><F59/><W94/><G94/><T34/><D34/><U109/><E109/><V39/><F71/><W0/><G76/><T52/><D7/><U45/><E3/><V42/><F42/><W121/><G124/><T92/><D23/><U9/><E102/><V110/><F39/><W95/><G95/><T50/><D53/><N who="1" m="29871" /><E106/><V84/><F110/><W2/><G121/><T17/><D4/><U12/><E88/><N who="2" m="55719" /><F72/><W77/><G77/><T133/><D133/><U130/><E130/><V86/><F73/><N who="3" m="43503" /><G29/><N who="2" m="11369" /><F26/><W98/><G98/><T55/><D55/><U62/><E62/><AGARI ba="0,0" hai="0,1,2,32,35,62,64,68,96,101,107" m="43503" machi="62" ten="30,2000,0" yaku="33,2" doraHai="135" who="3" fromWho="1" sc="380,0,273,-20,227,0,120,20" /><INIT seed="2,0,0,2,0,41" ten="380,253,227,140" oya="2" hai0="121,27,77,97,3,4,19,25,28,93,9,8,60" hai1="15,59,2,71,123,54,16,65,47,69,87,18,30" hai2="1,135,111,73,24,48,108,55,23,114,80,120,125" hai3="98,99,107,49,63,78,103,92,100,128,74,58,109"/><V82/><F114/><W39/><G39/><T34/><D121/><U116/><E116/><V132/><F120/><W124/><G109/><N who="2" m="42057" /><F1/><W61/><G128/><T104/><D104/><U75/><E75/><V91/><F73/><W90/><G124/><T96/><D96/><U42/><E123/><V129/><F91/><W44/><G103/><T12/><D77/><U46/><E2/><V66/><F66/><W95/><G107/><T52/><D27/><U35/><E87/><V88/><F129/><W117/><G117/><T122/><D122/><U106/><E106/><V33/><F33/><W37/><G37/><T101/><D60/><U62/><E71/><V26/><F125/><W131/><G131/><T110/><D110/><U10/><E42/><V38/><F38/><W118/><G118/><T32/><D52/><U67/><E18/><N who="2" m="12407" /><F26/><W5/><G5/><T112/><D112/><U84/><E84/><N who="2" m="50183" /><F82/><W105/><G105/><T21/><AGARI ba="0,0" hai="3,4,8,9,12,19,21,25,28,32,34,93,97,101" machi="21" ten="20,1500,0" yaku="0,1,7,1" doraHai="41" who="0" fromWho="0" sc="380,15,253,-4,227,-7,140,-4" /><INIT seed="3,0,0,0,1,28" ten="395,249,220,136" oya="3" hai0="89,17,16,85,117,106,38,108,25,68,52,41,121" hai1="51,15,24,57,50,105,95,12,63,110,7,124,82" hai2="103,90,98,107,23,30,122,128,131,64,92,19,104" hai3="45,14,36,115,75,60,102,44,37,114,22,120,58"/><W56/><G102/><T78/><D68/><U86/><E105/><V2/><F2/><W94/><G94/><T66/><D66/><U20/><E110/><V84/><F30/><W88/><G88/><T109/><D78/><N who="1" m="46423" /><E124/><V133/><F64/><W11/><G22/><T113/><D17/><N who="1" m="12303" /><E95/><N who="2" m="58847" /><F133/><W61/><G14/><N who="1" m="5162" /><E7/><V69/><F69/><W49/><G11/><T132/><D52/><AGARI ba="0,0" hai="50,51,52,57,63" m="5162,12303,46423" machi="52" ten="30,2000,0" yaku="8,1,54,1" doraHai="28" who="1" fromWho="0" sc="395,-20,249,20,220,0,136,0" owari="375,47.5,269,6.9,220,-18.0,136,-36.4" /></mjloggm>