<mjloggm ver="2.3"><GO type="225" lobby="0"/><UN n0="%E3%81%BF%E3%81%BF%E3%81%9A" n1="%E3%81%8B%E3%82%8F%E3%81%A1%E3%82%83%E3%82%93%35%38" n2="%6D%75%75%6D%75%72%61" n3="%E3%81%A8%E3%82%93%E3%81%A8%E3%81%93%E3%81%A8%E3%82%93" dan="17,17,17,16" rate="2181.58,2210.18,2143.99,2102.61" sx="M,M,F,M"/><TAIKYOKU oya="0"/><INIT seed="0,0,0,1,5,124" ten="250,250,250,250" oya="0" hai0="45,127,20,8,32,11,49,42,35,133,128,115,100" hai1="37,109,15,16,103,117,27,87,58,123,97,120,69" hai2="28,86,110,119,72,63,46,4,26,104,83,114,96" hai3="101,52,79,125,17,67,88,48,135,38,39,41,22"/><T25/><D115/><U54/><E69/><V81/><F114/><W118/><G118/><T34/><D127/><U1/><E1/><V2/><F119/><W5/><G125/><T102/><D133/><U6/><E117/><V7/><F110/><W29/><G135/><T40/><D128/><U95/><E37/><V91/><F2/><W99/><G41/><T0/><D42/><U13/><E109/><V53/><F104/><W107/><G29/><T19/><REACH who="0" step="1"/><D8/><REACH who="0" ten="240,250,250,250" step="2"/><U44/><E123/><V131/><F131/><W14/><G38/><T61/><D61/><U73/><E120/><V62/><F62/><W85/><G39/><T47/><D47/><U33/><E44/><V98/><F63/><W92/><G67/><T84/><D84/><U59/><E87/><V78/><F46/><W12/><G79/><T80/><D80/><U132/><E132/><V94/><F53/><W30/><G30/><T76/><D76/><U64/><E54/><V121/><F121/><W116/><G116/><T24/><D24/><U31/><E64/><V65/><F65/><W50/><REACH who="3" step="1"/><G52/><REACH who="3" ten="240,250,250,240" step="2"/><T9/><D9/><AGARI ba="0,2" hai="5,9,12,14,17,22,48,50,85,88,92,99,101,107" machi="9" ten="40,5200,0" yaku="1,1,2,1,54,1,53,0" doraHai="124" doraHaiUra="130" who="3" fromWho="0" sc="240,-52,250,0,250,0,240,72" /><INIT seed="1,0,0,3,3,43" ten="188,250,250,312" oya="1" hai0="70,13,65,60,112,109,118,126,15,124,1,29,10" hai1="36,34,94,75,135,20,31,51,99,28,129,38,55" hai2="16,22,33,100,133,56,117,108,114,17,128,53,4" hai3="106,71,83,40,131,91,98,67,46,97,49,27,132"/><U35/><E75/><V88/><F33/><W37/><G131/><T111/><D112/><U92/><E20/><V21/><F117/><W62/><G132/><T61/><D118/><U113/><E51/><V42/><F133/><W19/><G106/><T121/><D29/><N who="1" m="11339" /><E135/><V77/><F128/><W107/><G107/><T87/><D1/><U26/><E129/><V127/><F108/><N who="0" m="41546" /><D121/><U57/><E57/><V103/><F127/><N who="0" m="48682" /><D10/><U58/><E58/><V0/><F0/><W74/><G37/><N who="1" m="14442" /><E99/><V23/><F77/><W85/><REACH who="3" step="1"/><G74/><REACH who="3" ten="188,250,250,302" step="2"/><T30/><D30/><U95/><E113/><V44/><F114/><W125/><G125/><T86/><D60/><U2/><E35/><V54/><F21/><AGARI ba="0,1" hai="19,21,27,40,46,49,62,67,71,83,85,91,97,98" machi="21" ten="40,2600,0" yaku="1,1,52,1,53,0" doraHai="43" doraHaiUra="50" who="3" fromWho="2" sc="188,0,250,0,250,-26,302,36" /><INIT seed="2,0,0,1,0,15" ten="188,250,224,338" oya="2" hai0="124,95,107,53,38,133,19,80,76,69,81,25,91" hai1="105,127,51,24,47,31,43,90,135,93,96,35,77" hai2="134,100,131,57,60,114,62,67,108,89,83,37,29" hai3="112,33,49,12,130,28,126,61,52,98,116,92,6"/><V122/><F114/><W74/><G116/><T30/><D107/><U71/><E135/><V7/><F122/><W55/><G74/><T44/><D133/><U119/><E127/><V11/><F134/><W32/><G130/><T36/><D124/><U56/><E119/><V14/><F37/><W59/><G126/><T50/><D69/><U20/><E71/><V79/><F131/><W72/><G72/><T68/><D68/><U87/><E35/><V1/><F108/><W22/><G112/><T64/><D64/><U2/><E2/><V18/><F29/><W121/><G121/><T4/><D4/><U120/><E120/><V104/><F62/><W97/><G33/><T84/><D81/><N who="1" m="47535" /><E105/><V117/><F117/><W34/><G32/><T106/><D106/><U111/><E111/><V94/><F104/><W3/><G34/><T13/><D25/><U45/><E45/><V86/><F100/><W113/><G3/><T26/><D26/><U70/><E70/><V65/><F65/><W78/><G78/><T101/><D101/><U48/><E48/><V9/><REACH who="2" step="1"/><F79/><REACH who="2" ten="188,250,214,338" step="2"/><W17/><G113/><T82/><D30/><U54/><E31/><V21/><F21/><W75/><G28/><T102/><D102/><U10/><E20/><V42/><F42/><W118/><G118/><T103/><D103/><U40/><E40/><V129/><F129/><W88/><G22/><T115/><D115/><U99/><E43/><V63/><F63/><W58/><G61/><T123/><D123/><U23/><E23/><V41/><F41/><W0/><G55/><T39/><D76/><RYUUKYOKU ba="0,1" sc="188,15,250,-15,214,15,338,-15" hai0="13,19,36,38,39,44,50,53,80,82,84,91,95" hai2="1,7,9,11,14,18,57,60,67,83,86,89,94" /><INIT seed="2,1,1,1,0,120" ten="203,235,229,323" oya="2" hai0="87,9,18,132,42,1,12,37,49,100,75,83,35" hai1="51,31,124,108,104,30,26,98,88,58,17,69,112" hai2="38,33,36,61,60,89,130,105,97,54,15,6,43" hai3="23,72,128,52,47,123,111,79,19,134,121,55,7"/><V92/><F130/><W125/><G7/><T129/><D35/><U45/><E69/><V126/><F33/><W82/><G128/><T57/><D129/><U70/><E70/><V94/><F105/><W76/><G134/><T91/><D132/><U46/><E112/><V22/><F126/><W24/><G125/><T73/><D37/><U68/><E68/><V53/><F92/><W5/><G5/><T3/><D100/><U115/><E115/><V11/><F22/><W64/><G64/><T39/><D39/><U34/><E30/><V56/><REACH who="2" step="1"/><F43/><REACH who="2" ten="203,235,219,323" step="2"/><W66/><G23/><T86/><D42/><U85/><E104/><V107/><F107/><W81/><G121/><T95/><D75/><U117/><E124/><V135/><F135/><W14/><G123/><T127/><D73/><U48/><E34/><V74/><F74/><W67/><G72/><T63/><D127/><U62/><E117/><V0/><F0/><W32/><G32/><T29/><D29/><U113/><E31/><V93/><F93/><W13/><G81/><T20/><D20/><U8/><E113/><V119/><F119/><W122/><G82/><T118/><D118/><U10/><E85/><V65/><F65/><W21/><G66/><N who="0" m="39279" /><D1/><U28/><E28/><V77/><F77/><W80/><G76/><N who="0" m="46439" /><D3/><U25/><E98/><V102/><F102/><W59/><G122/><T96/><D96/><U4/><E88/><V27/><F27/><W40/><G24/><T110/><D110/><U71/><E108/><V16/><F16/><W101/><G111/><T84/><D84/><U109/><E109/><RYUUKYOKU ba="1,2" sc="203,15,235,-15,219,15,323,-15" hai0="9,12,18,49,87,91,95" hai2="6,11,15,36,38,53,54,56,60,61,89,94,97" /><INIT seed="2,2,2,2,4,106" ten="218,220,234,308" oya="2" hai0="90,91,101,76,4,103,97,114,10,11,38,49,46" hai1="42,58,47,89,122,22,23,85,134,65,130,94,81" hai2="29,36,40,88,61,41,55,107,19,20,43,78,84" hai3="18,24,131,6,33,59,53,5,44,69,17,45,2"/><V119/><F107/><W52/><G69/><T96/><D38/><U93/><E134/><V86/><F119/><W135/><G131/><T100/><D114/><U87/><E130/><V99/><F36/><W121/><G121/><T1/><D76/><U56/><E122/><V110/><F110/><W126/><G126/><T66/><D66/><U133/><E133/><V14/><F29/><W73/><G135/><T67/><D67/><U16/><E23/><V104/><F78/><W3/><G24/><T92/><D10/><U117/><E117/><V54/><F104/><W98/><G98/><T105/><REACH who="0" step="1"/><D101/><REACH who="0" ten="208,220,234,308" step="2"/><U79/><E65/><V124/><F124/><W127/><G127/><T123/><D123/><U48/><REACH who="1" step="1"/><E94/><REACH who="1" ten="208,210,234,308" step="2"/><N who="2" m="56775" /><F55/><AGARI ba="2,4" hai="1,4,11,46,49,55,90,91,92,96,97,100,103,105" machi="55" ten="30,3900,0" yaku="1,1,7,1,53,1" doraHai="106" doraHaiUra="51" who="0" fromWho="2" sc="208,85,210,0,234,-45,308,0" /><INIT seed="3,0,0,1,5,94" ten="293,210,189,308" oya="3" hai0="57,68,1,126,81,30,10,40,85,107,118,58,117" hai1="80,129,22,50,52,42,67,91,108,34,113,84,89" hai2="102,45,43,97,29,104,133,120,41,12,70,74,78" hai3="62,76,122,125,109,115,32,55,49,16,79,90,128"/><W37/><G115/><T20/><D68/><U36/><E34/><V26/><F133/><W53/><G122/><T99/><D40/><U51/><E113/><V71/><F120/><W135/><G37/><T83/><D83/><U2/><E2/><V110/><F110/><W111/><G32/><T82/><D82/><U100/><E36/><V39/><F41/><W24/><G125/><T127/><D30/><U11/><E67/><V47/><F47/><N who="3" m="27839" /><G128/><T7/><D20/><U4/><E22/><V48/><F39/><W119/><G90/><T98/><D57/><U65/><E91/><V134/><F134/><W31/><G16/><T27/><D58/><U23/><E89/><V87/><F74/><W3/><G3/><T64/><D27/><U132/><E132/><V61/><F61/><W0/><G0/><T92/><D64/><U6/><E65/><V101/><F101/><W38/><G38/><T35/><D107/><U96/><E129/><V59/><F59/><N who="3" m="35199" /><G119/><N who="0" m="45579" /><D92/><U69/><E69/><V17/><F78/><W106/><G106/><T93/><D93/><U56/><E23/><V103/><F103/><W124/><G135/><T130/><D35/><U121/><E121/><V14/><F87/><W105/><G105/><T33/><D33/><U112/><E112/><V114/><F114/><W9/><G9/><T73/><D73/><U63/><E11/><N who="2" m="6303" /><F14/><W5/><G124/><N who="0" m="47659" /><D130/><U116/><E116/><V75/><F75/><W77/><G5/><N who="1" m="2154" /><E42/><V15/><F15/><W28/><G24/><T60/><D60/><U131/><E131/><V88/><F88/><AGARI ba="0,0" hai="1,7,10,81,85,88,98,99" m="47659,45579" machi="88" ten="30,7700,0" yaku="18,1,52,2,54,1" doraHai="94" who="0" fromWho="2" sc="293,77,210,0,189,-77,308,0" owari="370,47.0,210,-19.0,112,-38.8,308,10.8" /></mjloggm>