<mjloggm ver="2.3"><GO type="225" lobby="0"/><UN n0="%E4%BB%8A%E6%97%A5%E4%B8%80" n1="%E3%81%90%E3%81%A1%E3%82%84%E3%81%BE" n2="%E6%98%93%E5%88%A9%E8%96%A9%E4%BC%AF" n3="%E3%82%8C%E3%81%99%E3%81%93" dan="17,16,16,17" rate="2239.14,2105.43,2120.41,2189.03" sx="M,M,F,F"/><TAIKYOKU oya="0"/><INIT seed="0,0,0,4,1,104" ten="250,250,250,250" oya="0" hai0="24,47,60,82,23,48,73,52,10,29,9,49,126" hai1="40,83,79,58,108,55,84,105,16,92,119,113,80" hai2="72,107,6,76,38,122,57,51,15,75,98,26,19" hai3="27,14,36,124,64,85,114,116,42,112,68,33,54"/><T135/><D135/><U77/><E105/><V91/><F38/><W69/><G116/><T30/><D126/><U99/><E108/><V86/><F122/><W81/><G124/><T134/><D134/><U88/><E113/><V2/><F2/><W78/><G14/><T121/><D121/><U90/><E119/><V11/><F76/><W87/><G54/><T95/><D30/><U102/><E40/><V5/><F51/><W45/><G69/><T132/><D132/><U109/><E16/><V31/><F57/><W106/><G87/><T128/><D128/><U50/><REACH who="1" step="1"/><E109/><REACH who="1" ten="250,240,250,250" step="2"/><V39/><F107/><W118/><G106/><T67/><D9/><U44/><E44/><V123/><F123/><W70/><G118/><T74/><D10/><U130/><E130/><V43/><F43/><W21/><G114/><T0/><D0/><U71/><E71/><V37/><F37/><W96/><G112/><T66/><D49/><U32/><E32/><V65/><F39/><W97/><G33/><T3/><D3/><U110/><E110/><V129/><F129/><W20/><G70/><T22/><D48/><U35/><E35/><V34/><F6/><W12/><G20/><T53/><D47/><U89/><E89/><V133/><F5/><W7/><G7/><T62/><D29/><U111/><E111/><V18/><F18/><N who="3" m="12727" /><G12/><T115/><D115/><U46/><E46/><V1/><F133/><W61/><G68/><T56/><D56/><U131/><E131/><V117/><F1/><W13/><G13/><T4/><D4/><U17/><E17/><V94/><F117/><RYUUKYOKU ba="0,1" sc="250,-15,240,15,250,-15,250,15" hai1="50,55,58,77,79,80,83,84,88,90,92,99,102" hai3="36,42,45,61,64,78,81,85,96,97" /><INIT seed="1,1,1,5,0,1" ten="235,255,235,265" oya="1" hai0="66,132,85,129,13,114,94,17,89,106,32,23,4" hai1="130,93,82,120,79,60,133,71,45,34,84,51,27" hai2="37,48,88,12,39,103,16,19,40,46,28,86,33" hai3="62,41,15,35,135,134,6,18,77,68,38,63,97"/><U42/><E120/><V20/><F103/><W58/><G35/><T91/><D114/><U108/><E130/><V30/><F19/><W83/><G68/><T131/><D106/><U121/><E121/><V99/><F99/><W87/><G97/><T7/><D32/><U54/><E133/><N who="3" m="50698" /><G6/><N who="0" m="2091" /><D132/><U74/><E108/><V11/><F33/><W36/><G41/><T73/><D73/><U52/><E71/><V76/><F76/><W57/><G57/><T8/><D66/><U14/><E60/><N who="3" m="23082" /><G58/><T111/><D111/><U69/><E69/><V50/><F50/><W3/><G3/><T81/><D129/><U126/><E51/><V95/><REACH who="2" step="1"/><F11/><AGARI ba="1,1" hai="11,15,18,36,38,77,83,87" m="23082,50698" machi="11" ten="30,1000,0" yaku="20,1" doraHai="1" who="3" fromWho="2" sc="235,0,255,0,235,-13,265,23" /><INIT seed="2,0,0,3,3,89" ten="235,255,222,288" oya="2" hai0="99,119,59,77,114,24,47,86,96,27,62,79,42" hai1="126,33,131,123,69,100,135,8,121,19,4,66,115" hai2="102,16,60,30,12,109,49,43,37,9,125,35,23" hai3="117,112,111,118,25,73,81,80,127,2,130,48,72"/><V67/><F37/><W97/><G2/><T101/><D114/><U0/><E115/><V103/><F35/><W3/><G3/><T29/><D119/><N who="3" m="45577" /><G48/><T122/><D122/><N who="1" m="46603" /><E126/><V39/><F39/><W17/><G17/><T53/><D96/><U93/><E131/><V5/><F30/><W52/><G52/><T75/><D75/><N who="3" m="28745" /><G25/><T22/><D86/><U84/><E135/><V31/><F31/><W58/><G58/><T108/><D108/><U7/><E33/><V38/><F38/><W110/><G112/><T65/><D53/><U106/><E66/><V76/><F76/><W71/><G71/><T41/><D27/><U105/><E69/><V51/><F125/><W18/><G18/><T134/><D134/><U40/><E40/><V91/><F109/><N who="3" m="41483" /><G127/><T46/><D42/><U61/><E61/><V57/><F91/><W116/><N who="3" m="45585" /><W15/><DORA hai="95" /><G15/><T98/><D46/><U32/><E32/><V82/><F82/><N who="3" m="31851" /><G97/><T104/><D98/><N who="1" m="59471" /><E19/><V68/><F68/><W107/><G107/><N who="1" m="40970" /><E7/><V124/><F124/><W36/><G36/><AGARI ba="0,0" hai="22,24,29,36,41,47,59,62,65,77,79,99,101,104" machi="36" ten="30,2000,0" yaku="7,1,52,1" doraHai="89,95" who="0" fromWho="3" sc="235,20,255,0,222,0,288,-20" /><INIT seed="3,0,0,3,5,60" ten="255,255,222,268" oya="3" hai0="100,53,28,8,88,97,41,67,92,118,58,32,11" hai1="120,40,76,135,104,127,12,47,23,22,89,80,36" hai2="96,113,81,63,64,77,44,5,9,16,56,37,91" hai3="46,112,14,1,129,62,74,39,49,124,115,0,54"/><W3/><G74/><T95/><D118/><U66/><E120/><V31/><F113/><W94/><G129/><T52/><D41/><U107/><E127/><V10/><F31/><W43/><G124/><T45/><D28/><U35/><E35/><V101/><F91/><W30/><G30/><T117/><D32/><U21/><E89/><V15/><F37/><W122/><G122/><T108/><D108/><U68/><E12/><V134/><F44/><W102/><G14/><T111/><D111/><U57/><E68/><V18/><F10/><W75/><G75/><T29/><D29/><U72/><REACH who="1" step="1"/><E135/><REACH who="1" ten="255,245,222,268" step="2"/><V90/><F134/><W82/><G1/><T126/><D126/><U25/><E25/><V99/><F90/><W27/><G0/><T123/><D123/><U6/><E6/><V85/><REACH who="2" step="1"/><F96/><REACH who="2" ten="255,245,212,268" step="2"/><W121/><G121/><T119/><D88/><U50/><E50/><V4/><F4/><W116/><G49/><T86/><D97/><U13/><E13/><V109/><F109/><W132/><G132/><T105/><D119/><U133/><E133/><V34/><F34/><W65/><G3/><T71/><D117/><U19/><E19/><V87/><F87/><W59/><G116/><T131/><D86/><U84/><E84/><V130/><F130/><W125/><G125/><T79/><D131/><U42/><E42/><V110/><F110/><W78/><G115/><T98/><D98/><U93/><E93/><AGARI ba="0,2" hai="5,9,15,16,18,56,63,64,77,81,85,93,99,101" machi="93" ten="30,12000,2" yaku="1,1,7,1,8,1,52,1,54,1,53,1" doraHai="60" doraHaiUra="2" who="2" fromWho="1" sc="255,0,245,-120,212,140,268,0" owari="255,-14.5,125,-37.5,352,45.2,268,6.8" /></mjloggm>