<mjloggm ver="2.3"><GO type="225" lobby="0"/><UN n0="%E6%A0%B9%E5%85%83%E3%81%8B%E3%82%89%E5%90%B9%E3%81%A3%E9%A3%9B%E3%81%B6" n1="%E3%82%A2%E3%82%A4%E3%82%B9%E3%83%86%E3%82%A3%E3%83%BC%E3%81%82%E3%81%B9" n2="%72%69%6F%75%63%68%61%6E" n3="%E5%B8%86%E7%AB%8B%E5%A4%8F%E8%A1%A3" dan="17,16,16,16" rate="2243.24,2066.68,2216.82,2082.89" sx="F,M,M,M"/><TAIKYOKU oya="0"/><INIT seed="0,0,0,5,4,70" ten="250,250,250,250" oya="0" hai0="122,5,72,55,23,63,30,62,135,113,94,10,115" hai1="134,21,107,130,124,108,79,0,54,101,118,64,100" hai2="25,80,38,97,75,76,32,53,87,28,93,27,81" hai3="31,1,34,91,131,67,73,92,132,60,52,36,133"/><T105/><D122/><U2/><E108/><V78/><F25/><N who="3" m="18799" /><G73/><T110/><D105/><U129/><E118/><V95/><F38/><W71/><G1/><T24/><D72/><U116/><E116/><V45/><REACH who="2" step="1"/><F97/><REACH who="2" ten="250,250,240,250" step="2"/><W43/><G36/><T4/><D24/><U51/><E130/><V117/><F117/><W84/><G131/><T96/><D96/><U99/><E129/><V13/><F13/><W66/><G43/><T127/><D115/><U121/><E2/><V68/><F68/><W18/><G71/><T14/><D113/><U47/><E0/><V120/><F120/><W15/><G133/><T98/><D14/><U35/><E134/><V41/><F41/><W17/><G132/><T11/><D135/><U88/><E121/><V114/><F114/><W61/><G15/><T109/><D98/><U69/><E69/><V123/><F123/><W102/><G102/><T104/><D110/><U37/><E37/><V125/><F125/><W22/><G18/><T82/><D127/><U26/><E124/><V6/><F6/><W90/><G17/><T7/><D109/><U29/><E101/><V39/><F39/><W128/><G128/><T46/><D4/><U16/><E16/><V59/><F59/><W112/><G112/><T77/><D7/><U65/><E65/><V89/><F89/><W49/><G90/><T83/><D5/><U57/><E88/><V74/><F74/><W86/><G67/><T19/><D19/><U106/><E107/><V8/><F8/><W3/><G66/><T58/><D104/><N who="1" m="63519" /><E64/><V44/><F44/><N who="3" m="27687" /><G3/><T33/><D10/><RYUUKYOKU ba="0,1" sc="250,-10,250,-10,240,30,250,-10" hai2="27,28,32,45,53,75,76,78,80,81,87,93,95" /><INIT seed="1,1,1,4,5,39" ten="240,240,270,240" oya="1" hai0="99,24,71,81,76,41,47,128,38,135,37,113,18" hai1="66,121,87,119,94,65,62,131,116,106,8,12,28" hai2="127,73,30,26,84,133,2,10,53,72,123,22,27" hai3="45,20,115,19,92,4,101,51,78,16,125,6,100"/><U57/><E106/><V129/><F127/><W44/><G125/><T40/><D113/><U86/><E121/><V122/><F129/><W89/><G115/><T5/><D128/><U103/><E131/><V69/><F133/><W49/><G78/><T14/><D135/><U34/><E66/><V46/><F69/><W11/><G11/><T54/><D71/><U36/><E36/><V111/><F111/><W88/><G92/><T104/><D54/><U108/><E108/><V9/><F84/><W63/><G20/><T7/><D24/><U32/><E87/><V13/><F2/><W77/><G77/><T117/><D117/><U130/><E130/><V75/><F9/><W58/><G58/><T23/><D99/><U110/><E110/><V96/><F96/><W79/><G79/><T42/><D104/><U82/><E82/><V105/><F105/><W60/><AGARI ba="1,1" hai="4,6,16,19,44,45,49,51,60,63,88,89,100,101" machi="60" ten="25,12000,2" yaku="0,1,22,2,8,1,54,2" doraHai="39" who="3" fromWho="3" sc="240,-31,240,-61,270,-31,240,133" /><INIT seed="2,0,0,5,0,131" ten="209,179,239,373" oya="2" hai0="31,111,104,5,7,92,135,119,1,127,93,3,4" hai1="64,28,38,69,53,79,54,17,44,74,126,2,15" hai2="99,117,10,132,78,71,77,109,57,65,60,45,97" hai3="116,72,48,89,35,133,18,82,114,59,24,30,75"/><V16/><F132/><W23/><G133/><T49/><D104/><U0/><E126/><V13/><F117/><W84/><G116/><T61/><D135/><U51/><E28/><V12/><F109/><W107/><G107/><T90/><D111/><U124/><E124/><V123/><F123/><W112/><G48/><T9/><D31/><U70/><E38/><V85/><F71/><W19/><G59/><T98/><D119/><U33/><E33/><V100/><F45/><W36/><G36/><T27/><D27/><U29/><E29/><V118/><F118/><W87/><G87/><T102/><D49/><U103/><E103/><V47/><F47/><W41/><G41/><T80/><D80/><U52/><E79/><V22/><F85/><W105/><G105/><T130/><D130/><U26/><E26/><V121/><F121/><W21/><G35/><T122/><D122/><U25/><E25/><V76/><REACH who="2" step="1"/><F100/><REACH who="2" ten="209,179,229,373" step="2"/><W95/><G84/><T96/><D127/><U101/><E101/><V8/><F8/><W42/><G75/><T110/><D9/><U39/><E74/><V68/><F68/><W86/><G72/><T56/><REACH who="0" step="1"/><D110/><REACH who="0" ten="199,179,229,373" step="2"/><U37/><E37/><V113/><F113/><W66/><G114/><T106/><D106/><U55/><E39/><V73/><F73/><W67/><G112/><T120/><D120/><U50/><E50/><V128/><F128/><W81/><G23/><T46/><D46/><U40/><N who="1" m="13312" /><DORA hai="94" /><U108/><E108/><V43/><F43/><W83/><G42/><T11/><D11/><N who="1" m="6399" /><E70/><V32/><F32/><W6/><G6/><AGARI ba="0,2" hai="6,10,12,13,16,22,57,60,65,76,77,78,97,99" machi="6" ten="40,18000,2" yaku="1,1,6,1,8,1,52,2,54,1,53,0" doraHai="131,94" doraHaiUra="34,134" who="2" fromWho="3" sc="199,0,179,0,229,200,373,-180" /><INIT seed="2,1,0,3,3,38" ten="199,179,429,193" oya="2" hai0="65,124,61,100,135,116,25,71,63,67,89,62,83" hai1="126,91,90,107,103,94,131,101,108,115,72,15,40" hai2="73,86,34,104,57,55,60,97,113,26,119,41,123" hai3="4,105,48,127,2,92,64,6,74,70,29,106,44"/><V19/><F113/><W51/><G74/><T50/><D124/><U54/><E115/><V110/><F119/><W17/><G127/><T85/><D135/><U24/><E126/><V56/><F123/><W16/><G70/><T133/><D133/><U5/><E72/><V37/><F73/><W36/><G36/><T76/><D116/><U95/><E107/><V30/><F110/><W43/><G64/><T31/><D100/><U122/><E108/><V42/><F37/><W79/><G106/><T120/><D120/><U66/><E122/><V10/><F86/><W28/><G105/><T93/><D50/><U20/><E66/><V27/><F57/><W39/><G39/><T125/><D125/><U117/><E117/><V130/><F130/><W114/><G114/><T75/><D67/><U68/><E68/><V52/><F55/><W33/><G33/><AGARI ba="1,0" hai="25,31,33,61,62,63,65,71,75,76,83,85,89,93" machi="33" ten="30,1000,0" yaku="7,1" doraHai="38" who="0" fromWho="3" sc="199,13,179,0,429,0,193,-13" /><INIT seed="3,0,0,1,1,97" ten="212,179,429,180" oya="3" hai0="82,15,128,122,45,93,65,100,19,80,118,21,59" hai1="115,126,83,38,103,119,113,90,51,26,7,33,78" hai2="64,56,74,94,1,29,27,0,127,61,52,4,96" hai3="85,91,117,36,135,46,107,40,35,53,108,39,71"/><W24/><G135/><T58/><D118/><U37/><E119/><V63/><F74/><W92/><G117/><T70/><D70/><U32/><E90/><V72/><F72/><W69/><G39/><T47/><D128/><U31/><E33/><V101/><F127/><W86/><G108/><T13/><D59/><U87/><E126/><V49/><F4/><W131/><G131/><T23/><D80/><U14/><E103/><V114/><F114/><W125/><G125/><T43/><D82/><U68/><E68/><V95/><F95/><W73/><G73/><T121/><D45/><U50/><E38/><V130/><F130/><W9/><G107/><T134/><D134/><U116/><E37/><V106/><F106/><W28/><G85/><T25/><D58/><U102/><E102/><V12/><F12/><W17/><G53/><T84/><D15/><U6/><E116/><V67/><F63/><W133/><G133/><T120/><D84/><U81/><E83/><V18/><F18/><W42/><G42/><T30/><D65/><U98/><E98/><V34/><F64/><W2/><REACH who="3" step="1"/><G17/><REACH who="3" ten="212,179,429,170" step="2"/><T5/><D43/><U54/><E54/><V10/><F10/><W11/><G11/><T89/><D121/><U104/><E104/><V105/><F105/><W60/><G60/><T44/><D122/><U112/><E7/><AGARI ba="0,1" hai="2,7,9,24,28,35,36,40,46,69,71,86,91,92" machi="7" ten="40,2000,0" yaku="1,1,53,0" doraHai="97" doraHaiUra="123" who="3" fromWho="1" sc="212,0,179,-20,429,0,170,30" /><INIT seed="3,1,0,4,2,115" ten="212,159,429,200" oya="3" hai0="67,53,40,79,42,107,7,82,78,94,44,28,32" hai1="0,10,113,45,64,74,30,131,88,103,47,112,43" hai2="72,2,134,85,59,1,83,46,49,109,22,81,48" hai3="63,95,21,55,114,29,14,36,100,104,20,66,129"/><W57/><G114/><T125/><D107/><U37/><E131/><V25/><F109/><W86/><G36/><T121/><D7/><U97/><E64/><V34/><F34/><W11/><G129/><T77/><D67/><U23/><E74/><V70/><F70/><W117/><G117/><T130/><D121/><U26/><E47/><V65/><F134/><W110/><G110/><T13/><D125/><U122/><E122/><V12/><F72/><W9/><G104/><T15/><D82/><U119/><E119/><V93/><F12/><N who="0" m="4682" /><D32/><U118/><E118/><V108/><F108/><W5/><G29/><T128/><D94/><U91/><E113/><V92/><F1/><W135/><G11/><T52/><D28/><U71/><E71/><V84/><F2/><W51/><G135/><T80/><D80/><N who="2" m="30794" /><F85/><W127/><G127/><T101/><D101/><U38/><E38/><V17/><F84/><W41/><G41/><N who="0" m="15979" /><D44/><U87/><E87/><V98/><F98/><N who="3" m="59487" /><G86/><T16/><D16/><U99/><E99/><V133/><F49/><W6/><G6/><T126/><D126/><U3/><E112/><V76/><F76/><W8/><G8/><T56/><D56/><AGARI ba="1,0" hai="5,9,14,20,21,51,55,56,57,63,66" m="59487" machi="56" ten="30,1500,0" yaku="8,1" doraHai="115" who="3" fromWho="0" sc="212,-18,159,0,429,0,200,18" /><INIT seed="3,2,0,0,5,78" ten="194,159,429,218" oya="3" hai0="103,89,127,11,81,135,47,55,124,102,26,2,118" hai1="88,14,91,18,15,24,116,36,130,131,34,93,65" hai2="4,74,68,113,0,87,46,37,90,44,33,85,23" hai3="80,129,77,10,104,13,50,92,100,59,20,82,48"/><W117/><G117/><T17/><D135/><U69/><E36/><V70/><F33/><W125/><G104/><T134/><D134/><U108/><E116/><V67/><F113/><W76/><G129/><T16/><D2/><U99/><E108/><V96/><F74/><W86/><G125/><N who="0" m="48203" /><D26/><U9/><E69/><V51/><F37/><W75/><G20/><T22/><D11/><U29/><E65/><V97/><F67/><W12/><G59/><T105/><D105/><U31/><E29/><V79/><F23/><W54/><G54/><T39/><D17/><U98/><REACH who="1" step="1"/><E15/><REACH who="1" ten="194,149,429,218" step="2"/><V49/><F0/><W3/><G3/><T107/><D118/><U56/><E56/><V72/><F90/><W94/><G13/><N who="0" m="9487" /><D107/><U101/><E101/><V128/><F72/><W43/><G100/><T83/><D39/><U112/><E112/><V64/><F51/><W62/><G50/><N who="0" m="29151" /><D103/><U106/><E106/><V53/><F68/><W8/><G12/><T71/><D71/><U109/><E109/><V61/><F70/><W95/><G48/><T58/><D102/><U114/><E114/><V30/><F49/><W21/><G62/><T63/><D89/><U32/><E32/><V19/><F61/><W7/><G7/><T42/><D42/><U126/><E126/><V27/><F4/><W66/><G43/><T52/><AGARI ba="2,1" hai="52,58,63,81,83" m="29151,9487,48203" machi="52" ten="30,8000,1" yaku="18,1,52,2,54,2" doraHai="78" who="0" fromWho="0" sc="194,96,149,-22,429,-22,218,-42" owari="290,9.0,127,-37.3,407,50.7,176,-22.4" /></mjloggm>