<mjloggm ver="2.3"><GO type="225" lobby="0"/><UN n0="%E9%80%86%E9%80%A3%E5%B8%AF%E3%81%AE%E9%AC%BC" n1="%E9%80%9F%E6%B0%B4%E5%87%9B%E9%A6%99" n2="%E3%81%AF%E3%82%88%E3%81%8A%E3%81%98%E3%81%95%E3%82%93" n3="%45%6C%79%73%69%75%6D" dan="16,16,16,18" rate="2148.25,2180.12,2139.10,2159.31" sx="M,F,M,F"/><TAIKYOKU oya="0"/><INIT seed="0,0,0,4,1,105" ten="250,250,250,250" oya="0" hai0="94,50,34,51,104,80,44,102,4,22,64,40,68" hai1="19,100,111,79,37,134,135,46,89,101,42,117,108" hai2="14,119,27,116,129,95,33,26,11,55,85,57,86" hai3="73,61,82,17,5,93,66,125,13,90,112,74,67"/><T25/><D34/><U62/><E117/><N who="2" m="45131" /><F129/><W59/><G112/><T99/><D4/><U121/><E121/><V7/><F95/><W106/><G106/><T115/><D115/><U24/><E62/><N who="2" m="36159" /><F27/><W31/><G31/><AGARI ba="0,0" hai="7,11,14,26,31,33,85,86" m="36159,45131" machi="31" ten="30,1000,0" yaku="12,1" doraHai="105" who="2" fromWho="3" sc="250,0,250,0,250,10,250,-10" /><INIT seed="1,0,0,5,1,95" ten="250,250,260,240" oya="1" hai0="115,119,94,106,1,128,130,61,78,40,90,92,83" hai1="127,64,99,105,49,16,103,47,12,55,45,76,112" hai2="126,25,0,116,80,20,134,85,48,8,63,7,56" hai3="22,121,98,67,42,68,44,72,111,60,57,109,31"/><U4/><E112/><V11/><F116/><W120/><G72/><T23/><D115/><U133/><E133/><V122/><F122/><N who="3" m="47211" /><G22/><T26/><D119/><U33/><E33/><V5/><F126/><W59/><G98/><T107/><D1/><U71/><E76/><V27/><F48/><N who="3" m="26647" /><G31/><T108/><D108/><AGARI ba="0,0" hai="57,59,60,67,68,108,109,111" m="26647,47211" machi="108" ten="30,3900,0" yaku="14,1,34,2" doraHai="95" who="3" fromWho="0" sc="250,-39,250,0,260,0,240,39" /><INIT seed="2,0,0,1,5,113" ten="211,250,260,279" oya="2" hai0="80,130,35,48,87,37,36,119,108,90,66,27,29" hai1="96,58,24,54,115,20,91,12,17,79,2,5,43" hai2="86,63,59,120,52,62,56,60,69,0,135,82,97" hai3="93,49,6,55,64,18,14,129,125,131,8,74,85"/><V84/><F120/><W57/><G74/><T73/><D130/><N who="3" m="49673" /><G64/><T122/><D108/><U26/><E115/><V45/><F0/><W51/><G125/><T89/><D122/><U78/><E43/><V33/><F33/><W123/><G123/><T15/><D73/><U70/><E70/><V99/><F135/><W13/><G85/><T94/><D66/><U106/><E2/><V124/><F124/><W114/><G93/><T25/><D25/><U72/><E72/><V16/><F69/><W88/><G88/><T92/><D92/><N who="1" m="56351" /><E106/><V109/><F109/><W61/><G114/><T21/><D119/><U9/><E26/><V68/><F68/><W53/><G53/><T132/><D132/><U75/><E75/><V107/><F107/><W30/><G30/><T31/><D48/><AGARI ba="0,0" hai="5,9,12,17,20,24,48,54,58,78,79" m="56351" machi="48" ten="30,1000,0" yaku="8,1" doraHai="113" who="1" fromWho="0" sc="211,-10,250,10,260,0,279,0" /><INIT seed="3,0,0,2,2,59" ten="201,260,260,279" oya="3" hai0="57,122,55,19,41,46,101,58,112,88,8,64,76" hai1="115,113,78,11,102,74,98,83,31,37,5,40,68" hai2="95,28,12,116,62,70,3,103,33,14,66,94,77" hai3="80,51,42,135,117,45,92,133,84,35,90,4,87"/><W22/><G35/><T32/><D122/><U9/><E9/><V21/><F116/><W124/><G117/><T106/><D32/><U99/><E31/><V96/><F3/><W34/><G34/><T121/><D121/><U48/><E48/><V2/><F2/><W0/><G124/><T54/><D112/><U17/><E17/><V7/><F77/><W127/><G127/><T44/><D76/><U107/><E68/><V73/><F73/><W29/><G0/><T85/><D64/><U71/><E71/><V56/><F70/><W119/><G119/><T125/><D125/><U24/><E24/><N who="2" m="16399" /><F33/><W132/><G4/><T16/><D101/><U81/><E81/><V30/><F30/><W43/><G43/><T38/><D106/><U65/><E65/><V91/><F7/><W128/><G128/><T93/><D46/><N who="1" m="23823" /><E99/><AGARI ba="0,0" hai="12,14,56,62,66,91,94,95,96,99,103" m="16399" machi="99" ten="30,3900,0" yaku="25,1,8,1,52,1" doraHai="59" who="2" fromWho="1" sc="201,0,260,-39,260,39,279,0" /><INIT seed="4,0,0,0,2,60" ten="201,221,299,279" oya="0" hai0="21,4,56,117,129,43,24,89,49,2,74,133,20" hai1="127,101,8,108,114,72,46,31,27,61,115,7,95" hai2="96,50,55,82,69,36,66,41,42,53,48,94,14" hai3="102,130,0,11,113,78,104,3,45,28,70,77,64"/><T35/><D117/><U47/><E72/><V22/><F36/><W59/><G130/><T10/><D129/><U93/><E108/><V38/><F38/><W37/><G59/><T13/><D133/><U134/><E134/><V65/><F69/><W9/><G9/><T97/><D74/><U100/><E8/><V16/><F82/><W121/><G113/><N who="1" m="43018" /><E7/><V124/><F124/><W81/><G11/><T112/><D112/><U73/><E73/><V88/><F53/><W105/><G105/><T119/><D119/><U54/><E127/><V5/><F5/><W84/><G28/><T110/><D110/><U32/><E95/><V87/><F96/><W6/><G6/><T109/><D109/><U83/><E83/><V80/><F80/><W126/><G81/><T39/><D2/><U128/><E128/><V90/><F90/><W62/><G0/><T29/><D39/><U107/><E107/><V1/><F1/><W33/><G104/><T57/><D21/><U34/><E34/><V18/><F18/><W76/><G3/><T58/><D35/><U98/><E101/><V135/><F135/><W67/><G102/><T12/><D12/><U44/><E61/><V19/><F19/><W118/><G33/><T86/><D97/><U15/><E15/><V106/><F106/><W71/><G126/><T103/><D103/><U79/><E79/><V91/><F91/><W25/><G77/><T122/><D122/><U92/><E92/><V120/><F120/><W30/><G121/><T131/><D131/><U116/><E116/><V51/><F55/><AGARI ba="0,0" hai="27,31,32,44,46,47,54,55,93,98,100" m="43018" machi="55" ten="30,2000,0" yaku="15,1,11,1" doraHai="60" who="1" fromWho="2" sc="201,0,221,20,299,-20,279,0" /><INIT seed="5,0,0,4,3,32" ten="201,241,279,279" oya="1" hai0="41,94,11,82,108,21,58,100,88,31,26,93,107" hai1="54,83,22,48,74,87,59,91,106,97,103,131,84" hai2="67,113,45,68,42,47,1,129,122,111,19,51,69" hai3="63,119,46,30,16,76,118,98,6,89,123,49,57"/><U40/><E131/><V50/><F111/><W73/><G123/><T99/><D108/><U25/><E40/><V5/><F122/><W132/><G132/><T81/><D41/><U55/><E55/><V85/><F129/><W92/><G30/><T96/><D107/><U112/><E112/><V95/><F113/><W39/><G39/><T29/><D29/><U86/><REACH who="1" step="1"/><E74/><REACH who="1" ten="201,231,279,279" step="2"/><V0/><F42/><W79/><G73/><T44/><D44/><U125/><E125/><V114/><F45/><W20/><G46/><T120/><D120/><U71/><E71/><V61/><F68/><W33/><G119/><T15/><REACH who="0" step="1"/><D58/><REACH who="0" ten="191,231,279,279" step="2"/><U78/><E78/><V28/><F47/><W77/><G77/><T75/><D75/><U37/><E37/><V52/><F114/><W116/><G79/><T133/><D133/><U3/><E3/><V80/><F0/><W27/><G76/><T13/><D13/><U130/><E130/><V53/><F1/><W134/><G134/><T72/><D72/><U36/><E36/><V127/><F69/><W24/><G118/><T90/><D90/><U12/><E12/><V56/><F56/><W34/><G116/><T135/><D135/><U104/><E104/><V2/><F2/><W9/><G57/><T124/><D124/><U105/><E105/><V18/><F127/><W121/><G121/><T110/><D110/><U65/><E65/><V109/><F67/><W117/><G117/><T128/><D128/><U62/><E62/><V64/><F61/><W8/><G63/><T38/><D38/><U60/><E60/><V126/><F126/><RYUUKYOKU ba="0,2" sc="191,15,231,15,279,-15,279,-15" hai0="11,15,21,26,31,81,82,88,93,94,96,99,100" hai1="22,25,48,54,59,83,84,86,87,91,97,103,106" /><INIT seed="5,1,2,2,1,9" ten="206,246,264,264" oya="1" hai0="54,85,107,112,67,46,15,133,122,110,18,100,126" hai1="61,96,101,23,3,134,19,120,75,38,11,64,13" hai2="93,26,98,70,74,111,60,1,16,104,73,90,128" hai3="84,22,28,86,94,21,7,87,12,135,48,72,76"/><U79/><E38/><V47/><F111/><W17/><G135/><T29/><D110/><U66/><E120/><V99/><F1/><W95/><G72/><T115/><D133/><U108/><E134/><V53/><F128/><W62/><G7/><T82/><D122/><U88/><E108/><V102/><F47/><W34/><G34/><T57/><D126/><U14/><E3/><V114/><F114/><W117/><G117/><T127/><D127/><U58/><E79/><V116/><F70/><W83/><G62/><T51/><D29/><U41/><E41/><V71/><F71/><W31/><G31/><T121/><D121/><U91/><E75/><V77/><F77/><W42/><G94/><T6/><D6/><N who="1" m="3319" /><E66/><V45/><F116/><W63/><G63/><T37/><D107/><U24/><E24/><V2/><F2/><W50/><G42/><T20/><D100/><U81/><E81/><V129/><F129/><W5/><G5/><T32/><D32/><U33/><E33/><V49/><F60/><W78/><G78/><T123/><D123/><U40/><E40/><V124/><F124/><W27/><G76/><T125/><D125/><U131/><E131/><V130/><F130/><W68/><G68/><T89/><D67/><U97/><E101/><V10/><F26/><W39/><G39/><T30/><D30/><U118/><E118/><V44/><F45/><W36/><G36/><T56/><REACH who="0" step="1"/><D37/><REACH who="0" ten="196,246,264,264" step="2"/><U113/><E113/><AGARI ba="1,3" hai="15,18,20,46,51,54,56,57,82,85,89,112,113,115" machi="113" ten="40,8000,1" yaku="1,1,2,1,15,1,52,1,53,1" doraHai="9" doraHaiUra="8" who="0" fromWho="1" sc="196,113,246,-83,264,0,264,0" owari="309,40.9,163,-33.7,264,6.4,264,-13.6" /></mjloggm>