<mjloggm ver="2.3"><GO type="225" lobby="0"/><UN n0="%E3%82%82%E3%81%90%E3%82%89" n1="%E3%83%AD%E3%83%83%E3%83%86%E9%9B%80%E7%90%83" n2="%33%73%74%72%69%6B%65%73" n3="%E6%98%93%E5%88%A9%E8%96%A9%E4%BC%AF" dan="17,17,16,16" rate="2166.71,2142.43,2111.67,2133.68" sx="M,M,M,F"/><TAIKYOKU oya="0"/><INIT seed="0,0,0,4,1,37" ten="250,250,250,250" oya="0" hai0="88,2,128,87,28,38,44,66,102,116,127,55,67" hai1="115,41,129,92,78,45,17,58,0,109,90,43,95" hai2="62,29,94,130,19,23,18,8,56,93,106,11,69" hai3="4,7,91,13,80,52,49,47,53,97,114,25,5"/><T112/><D116/><U119/><E119/><V65/><F106/><W59/><G114/><T33/><D112/><U12/><E115/><V103/><F69/><W9/><G25/><T135/><D2/><U74/><E0/><V15/><F130/><W98/><G80/><T64/><D128/><U6/><E129/><V57/><F57/><W71/><G71/><T82/><D127/><U35/><E35/><V110/><F110/><W125/><G125/><T134/><D102/><U72/><E6/><V34/><F34/><W40/><G53/><T107/><D107/><U84/><E109/><V61/><F61/><W123/><G123/><T20/><D33/><U117/><E117/><V122/><F122/><W120/><G120/><T101/><D101/><U60/><E95/><N who="2" m="36363" /><F103/><W86/><G86/><T63/><D63/><U76/><E74/><V46/><F29/><W132/><G91/><T1/><D1/><U3/><E3/><V113/><F113/><W54/><G54/><T68/><D55/><N who="1" m="33887" /><E45/><V27/><F46/><W118/><G132/><N who="0" m="50731" /><D68/><U24/><E24/><V79/><F79/><N who="1" m="30249" /><E72/><V73/><F73/><W22/><G118/><T81/><D44/><U108/><E108/><V48/><F48/><W36/><REACH who="3" step="1"/><G22/><AGARI ba="0,0" hai="12,17,22,41,43,84,90,92" m="30249,33887" machi="22" ten="30,3900,0" yaku="8,1,52,2" doraHai="37" who="1" fromWho="3" sc="250,0,250,39,250,0,250,-39" /><AGARI ba="0,0" hai="8,11,15,18,19,22,23,27,56,62,65" m="36363" machi="22" ten="30,1000,0" yaku="8,1" doraHai="37" who="2" fromWho="3" sc="250,0,289,0,250,10,211,-10" /><INIT seed="1,0,0,5,1,2" ten="250,289,260,201" oya="1" hai0="83,91,68,60,55,114,94,93,78,61,57,116,96" hai1="122,25,88,6,50,37,51,13,110,84,54,46,113" hai2="81,29,63,34,48,33,109,71,82,131,115,120,14" hai3="18,73,65,72,22,16,26,5,89,39,32,49,103"/><U24/><E113/><V92/><F120/><W17/><G39/><T44/><D114/><U79/><E37/><V97/><F115/><W125/><G32/><T66/><D116/><U47/><E110/><V3/><F3/><W58/><G103/><T59/><D94/><N who="1" m="54535" /><E79/><V4/><F34/><W112/><G125/><T130/><D130/><U100/><E100/><N who="2" m="60455" /><F33/><W85/><G112/><T21/><D21/><U99/><E99/><V133/><F71/><W31/><G5/><T135/><D135/><U0/><E0/><V70/><F29/><W62/><REACH who="3" step="1"/><G49/><REACH who="3" ten="250,289,260,191" step="2"/><T27/><D68/><U7/><E122/><V28/><F70/><W56/><G56/><T35/><D35/><U134/><E134/><V64/><F133/><W9/><G9/><T52/><D44/><U118/><E118/><V127/><F127/><W105/><G105/><T107/><D107/><U98/><E6/><V30/><F4/><W15/><G15/><T67/><D27/><U123/><E123/><V20/><F14/><W124/><G124/><T101/><D101/><U40/><E98/><V111/><F48/><W119/><G119/><T102/><D102/><U126/><E126/><V8/><F8/><AGARI ba="0,1" hai="7,8,13,24,25,40,46,47,50,51,54" m="54535" machi="8" ten="30,5800,0" yaku="8,1,52,1,54,1" doraHai="2" who="1" fromWho="2" sc="250,0,289,68,260,-58,191,0" /><INIT seed="1,1,0,4,2,72" ten="250,357,202,191" oya="1" hai0="65,111,48,64,40,114,36,102,87,20,93,8,133" hai1="130,63,69,19,113,29,124,76,77,70,84,52,42" hai2="43,128,106,27,38,117,49,96,1,73,10,31,66" hai3="127,80,39,14,82,134,54,91,135,30,51,74,115"/><U32/><E113/><V55/><F117/><W33/><G115/><T86/><D114/><U108/><E42/><V78/><F128/><W62/><G39/><T94/><D36/><U46/><E19/><V15/><F66/><N who="0" m="25706" /><D111/><U5/><E5/><V13/><F106/><W109/><G62/><T34/><D34/><U4/><E84/><V118/><F96/><W98/><G127/><T7/><D133/><U41/><E4/><N who="2" m="1295" /><F55/><W3/><G3/><T0/><D0/><U132/><E132/><N who="3" m="50730" /><G74/><T75/><D75/><U103/><E103/><V61/><F49/><W123/><G123/><T12/><D20/><U59/><E108/><V116/><F61/><W83/><G109/><T11/><D11/><U57/><E124/><V110/><F110/><W56/><G14/><T21/><D21/><U95/><E59/><V104/><F15/><W88/><G98/><N who="0" m="59727" /><D94/><U16/><E95/><V105/><F13/><W50/><G50/><T122/><D122/><U44/><E130/><V22/><F105/><W125/><G125/><T100/><D100/><U9/><E70/><V53/><F104/><W85/><G85/><N who="0" m="32267" /><D48/><N who="1" m="26639" /><E69/><V120/><F120/><W2/><G2/><T112/><D112/><U126/><E126/><V37/><F37/><W89/><G89/><T101/><D101/><U47/><E32/><V92/><F92/><W35/><G35/><T71/><D71/><U107/><E107/><V17/><F116/><W81/><N who="3" m="20480" /><DORA hai="90" /><W60/><G51/><T26/><D40/><U24/><E9/><V58/><F118/><W97/><G97/><T99/><D99/><U6/><E6/><RYUUKYOKU ba="1,0" sc="250,15,357,-15,202,-15,191,15" hai0="7,8,12,26" hai3="30,33,54,56,60,88,91" /><INIT seed="2,2,0,3,3,88" ten="265,342,187,206" oya="2" hai0="21,59,42,34,40,36,26,127,81,31,54,110,7" hai1="101,135,63,35,77,69,94,8,18,130,52,44,9" hai2="47,113,12,3,65,80,109,60,89,78,58,64,2" hai3="57,38,126,15,74,72,103,68,19,25,123,14,32"/><V134/><F113/><W75/><G68/><T67/><D110/><U111/><E35/><V129/><F109/><W107/><G123/><T71/><D127/><U114/><E114/><V16/><F129/><W53/><G38/><T4/><D71/><U17/><E111/><V50/><F134/><W121/><G121/><T92/><D67/><U13/><E135/><V45/><F65/><W97/><G126/><T99/><D81/><U41/><E130/><V55/><F47/><W119/><G119/><T70/><D34/><U116/><E116/><V93/><F78/><W125/><G125/><T118/><D70/><U100/><E77/><V33/><F80/><W20/><REACH who="3" step="1"/><G32/><REACH who="3" ten="265,342,187,196" step="2"/><T11/><D36/><U132/><E69/><V61/><F33/><W30/><G30/><T37/><D37/><U6/><E132/><V29/><F29/><W120/><G120/><T73/><D118/><U10/><E18/><V115/><F115/><W106/><G106/><T104/><D104/><U102/><E17/><V108/><F108/><W96/><G96/><T62/><D4/><U95/><E6/><V56/><F16/><W39/><G39/><T23/><D31/><U24/><E8/><V133/><F133/><W91/><G91/><N who="0" m="55711" /><D11/><U87/><E9/><V43/><F12/><W51/><AGARI ba="2,1" hai="14,15,19,20,25,51,53,57,72,74,75,97,103,107" machi="51" ten="30,2000,0" yaku="1,1,0,1,53,0" doraHai="88" doraHaiUra="124" who="3" fromWho="3" sc="265,-7,342,-7,187,-12,196,36" /><INIT seed="3,0,0,4,0,21" ten="258,335,175,232" oya="3" hai0="115,82,123,125,135,127,114,45,1,117,111,89,96" hai1="4,27,67,10,97,118,11,92,47,16,91,55,132" hai2="101,66,71,8,57,102,63,95,126,124,13,49,79" hai3="100,35,43,50,75,131,119,54,84,23,134,103,53"/><W42/><G35/><T19/><D1/><U72/><E72/><V105/><F105/><W20/><G75/><T110/><D45/><U39/><E132/><V6/><F79/><W69/><G69/><T51/><D51/><U28/><E118/><V87/><F71/><W41/><G119/><T77/><D19/><U56/><E67/><V68/><F68/><W25/><G131/><T65/><D65/><U46/><E16/><V7/><F7/><W60/><G134/><T93/><D123/><U52/><E39/><V109/><F109/><N who="0" m="41482" /><D135/><U18/><E18/><V130/><F130/><W108/><G108/><T98/><D98/><U12/><E11/><V0/><F0/><W15/><G84/><N who="0" m="48207" /><D117/><U64/><E64/><V121/><F121/><W85/><G15/><T94/><D94/><U24/><E28/><V38/><F38/><W81/><G23/><T59/><D59/><U88/><E46/><V31/><F49/><W86/><G60/><T80/><D80/><U17/><E17/><V116/><F116/><W106/><G54/><T48/><D48/><N who="1" m="28703" /><E91/><V5/><F5/><W122/><G106/><T26/><D26/><U22/><E22/><V37/><F37/><W128/><G122/><T61/><D61/><AGARI ba="0,0" hai="4,10,12,24,27,55,56,61,88,92,97" m="28703" machi="61" ten="30,8000,1" yaku="8,1,52,2,54,2" doraHai="21" who="1" fromWho="0" sc="258,-80,335,80,175,0,232,0" owari="178,-22.2,415,51.5,175,-32.5,232,3.2" /></mjloggm>