<mjloggm ver="2.3"><GO type="225" lobby="0"/><UN n0="%E3%83%9F%E3%83%AA%E3%83%80%E3%81%97%E3%82%88" n1="%E3%81%B8%E3%82%80%E3%81%B8%E3%82%80%EF%BC%92%E5%8F%B7" n2="%48%61%61%61%6C%61%6E%64" n3="%E3%81%A1%E3%82%85%E3%81%86%E3%81%A9%E3%81%8F%E8%B1%A1%E3%81%95%E3%82%93" dan="16,17,17,17" rate="2071.75,2167.33,2235.68,2179.13" sx="M,M,M,M"/><TAIKYOKU oya="0"/><INIT seed="0,0,0,2,4,113" ten="250,250,250,250" oya="0" hai0="70,131,26,111,112,32,69,72,11,14,91,24,12" hai1="54,132,41,50,128,130,99,82,15,125,67,134,63" hai2="74,87,61,46,101,116,94,55,126,110,95,42,120" hai3="19,13,65,59,39,84,81,77,118,37,53,4,80"/><T21/><D112/><U117/><E15/><V30/><F120/><W92/><G65/><T7/><D131/><N who="1" m="50219" /><E82/><V100/><F74/><W27/><G4/><T60/><D111/><U43/><E99/><V36/><F110/><W17/><G27/><T0/><D72/><U51/><E117/><V71/><F116/><W124/><G118/><T119/><D119/><U78/><E78/><V2/><F2/><W121/><G124/><T75/><D75/><U107/><E107/><V6/><F6/><W44/><G121/><T31/><D91/><U34/><E34/><V93/><F126/><W28/><G28/><T104/><D104/><U108/><E108/><V38/><F30/><W76/><G92/><T66/><REACH who="0" step="1"/><D70/><REACH who="0" ten="240,250,250,250" step="2"/><N who="1" m="42367" /><E125/><V97/><F71/><W90/><G90/><T68/><D68/><U62/><E62/><V56/><F101/><W49/><G77/><T5/><D5/><U48/><E54/><V89/><F95/><W64/><G81/><T79/><D79/><U45/><E43/><V20/><F94/><W114/><G114/><T127/><D127/><U115/><E115/><V10/><F100/><W98/><G80/><T96/><D96/><U3/><E3/><V109/><F97/><W1/><G98/><T85/><D85/><U57/><E57/><V135/><F109/><W102/><G76/><T22/><D22/><U86/><E86/><V88/><F89/><W40/><G84/><T8/><D8/><U23/><E23/><V16/><F10/><W58/><G59/><T25/><D25/><U123/><E123/><V29/><F87/><W83/><G58/><RYUUKYOKU ba="0,1" sc="240,15,250,15,250,-15,250,-15" hai0="0,7,11,12,14,21,24,26,31,32,60,66,69" hai1="41,45,48,50,51,132,134" /><INIT seed="0,1,1,3,2,115" ten="255,265,235,235" oya="0" hai0="108,17,124,127,13,53,45,0,21,83,104,130,78" hai1="122,46,4,92,24,101,34,48,31,39,62,68,114" hai2="61,110,131,91,10,67,100,40,32,106,43,27,93" hai3="41,134,109,121,74,71,86,105,33,35,82,72,6"/><T113/><D113/><U30/><E114/><V54/><F110/><W49/><G71/><T38/><D130/><U76/><E122/><V81/><F131/><W79/><G121/><T102/><D0/><U3/><E39/><V135/><F135/><W70/><G134/><T107/><D108/><U69/><E76/><V50/><F81/><W23/><G105/><T84/><D102/><U97/><E31/><N who="2" m="19583" /><F10/><W19/><G109/><T128/><D128/><U119/><E119/><V29/><F29/><W25/><G70/><T47/><D47/><U16/><E3/><V123/><F54/><W44/><REACH who="3" step="1"/><G6/><REACH who="3" ten="255,265,235,225" step="2"/><T133/><D133/><U98/><E4/><V87/><F123/><W111/><G111/><T126/><D38/><U103/><E68/><N who="2" m="42095" /><F50/><AGARI ba="1,2" hai="13,17,21,45,50,53,78,83,84,104,107,124,126,127" machi="50" ten="40,2000,0" yaku="18,1" doraHai="115" who="0" fromWho="2" sc="255,43,265,0,235,-23,225,0" /><INIT seed="0,2,0,4,2,63" ten="298,265,212,225" oya="0" hai0="89,133,51,65,67,114,120,19,128,112,93,53,123" hai1="119,98,54,97,14,32,45,20,22,24,106,116,99" hai2="84,56,36,6,104,35,78,129,2,48,132,70,28" hai3="62,25,134,47,57,58,18,95,130,96,13,31,122"/><T83/><D83/><U46/><E106/><V3/><F36/><W80/><G130/><T102/><D102/><U90/><E32/><V81/><F70/><W7/><G134/><T77/><D77/><U52/><E90/><V66/><F129/><W9/><G122/><N who="0" m="46635" /><D89/><U17/><E116/><V103/><F132/><W71/><G80/><T15/><D93/><U34/><E34/><V110/><F110/><W10/><G47/><N who="1" m="17930" /><E119/><V107/><F6/><W61/><G71/><T1/><D1/><U55/><E55/><V111/><F111/><W12/><G31/><AGARI ba="2,0" hai="14,17,20,22,24,31,52,54,97,98,99" m="17930" machi="31" ten="30,2000,0" yaku="8,1,54,1" doraHai="63" who="1" fromWho="3" sc="298,0,265,26,212,0,225,-26" /><INIT seed="1,0,0,2,3,42" ten="298,291,212,199" oya="1" hai0="55,37,127,75,27,117,83,43,98,24,51,35,71" hai1="49,116,9,0,86,120,41,92,54,15,1,63,81" hai2="114,105,44,135,17,19,72,56,2,128,48,20,80" hai3="115,70,113,89,97,7,118,91,30,122,87,99,31"/><U133/><E116/><V28/><F128/><W126/><G122/><T53/><D117/><U121/><E133/><V90/><F135/><W39/><G118/><T47/><D127/><U76/><E92/><V50/><F2/><W132/><G70/><T61/><D55/><U88/><E41/><V34/><F34/><W130/><G132/><T119/><D119/><U45/><E63/><V109/><F105/><W38/><G7/><T107/><D35/><U84/><E120/><V4/><F4/><W111/><G87/><T67/><D83/><U106/><E106/><V14/><F109/><W129/><REACH who="3" step="1"/><G126/><REACH who="3" ten="298,291,212,189" step="2"/><T60/><D71/><U102/><E121/><V23/><F72/><W73/><G73/><T95/><D75/><U82/><E102/><V125/><F125/><W103/><G103/><T22/><D98/><U36/><E36/><V124/><F124/><W66/><G66/><T32/><D67/><U101/><E101/><V12/><F114/><W5/><G5/><AGARI ba="0,1" hai="0,1,5,9,15,45,49,54,76,81,82,84,86,88" machi="5" ten="30,5800,0" yaku="7,1,52,1,54,1" doraHai="42" who="1" fromWho="3" sc="298,0,291,68,212,0,189,-58" /><INIT seed="1,1,0,4,4,89" ten="298,359,212,131" oya="1" hai0="22,126,18,61,128,51,104,49,47,101,5,85,80" hai1="69,36,7,8,105,124,53,100,125,99,29,26,74" hai2="114,34,56,118,127,131,25,103,86,38,43,120,97" hai3="32,16,28,44,71,95,64,111,0,57,107,76,23"/><U135/><E135/><V30/><F118/><W83/><G0/><T41/><D126/><N who="1" m="48747" /><E69/><V129/><F127/><W50/><G107/><T79/><D128/><N who="2" m="49226" /><F120/><W72/><G111/><T24/><D5/><U54/><E74/><V93/><F114/><W40/><G71/><T96/><REACH who="0" step="1"/><D61/><REACH who="0" ten="288,359,212,131" step="2"/><U82/><E36/><AGARI ba="1,1" hai="18,22,24,36,41,47,49,51,79,80,85,96,101,104" machi="36" ten="30,3900,0" yaku="1,1,2,1,7,1,53,0" doraHai="89" doraHaiUra="119" who="0" fromWho="1" sc="288,52,359,-42,212,0,131,0" /><INIT seed="2,0,0,2,5,75" ten="340,317,212,131" oya="2" hai0="15,91,85,96,42,5,39,34,11,23,87,133,69" hai1="3,54,30,115,33,41,38,7,60,104,59,117,35" hai2="106,112,45,17,121,49,110,70,24,36,29,101,67" hai3="129,50,65,55,102,71,103,135,28,0,58,97,26"/><V16/><F112/><W18/><G0/><T123/><D34/><U46/><E115/><V134/><F36/><W108/><G108/><T56/><D69/><U76/><E117/><V100/><F121/><W53/><G135/><T2/><D123/><U8/><E104/><V93/><F134/><W63/><G129/><T128/><D128/><U125/><E125/><V132/><F132/><W118/><G118/><T83/><D133/><U9/><E30/><V127/><F127/><W90/><G53/><T126/><D126/><U52/><E9/><V19/><F110/><W114/><G114/><T119/><D119/><U111/><E111/><V78/><F106/><W131/><G131/><T116/><D116/><U32/><REACH who="1" step="1"/><E76/><REACH who="1" ten="340,307,212,131" step="2"/><V66/><F29/><W47/><G18/><T25/><D11/><U84/><E84/><V80/><F24/><W94/><REACH who="3" step="1"/><G71/><REACH who="3" ten="340,307,212,121" step="2"/><T82/><D87/><U81/><E81/><V31/><F70/><W12/><G12/><T107/><D85/><U113/><E113/><V89/><F17/><W95/><G95/><T99/><D83/><U88/><E88/><V14/><F19/><W37/><G37/><T10/><D91/><U64/><AGARI ba="0,2" hai="3,7,8,32,33,35,38,41,46,52,54,59,60,64" machi="64" ten="30,4000,0" yaku="1,1,0,1,54,1,53,0" doraHai="75" doraHaiUra="86" who="1" fromWho="1" sc="340,-10,307,60,212,-20,121,-10" /><INIT seed="3,0,0,5,1,66" ten="330,367,192,111" oya="3" hai0="88,20,62,58,54,29,82,53,18,24,48,30,116" hai1="50,108,102,3,39,6,35,7,28,37,0,131,74" hai2="90,36,135,44,117,5,98,100,83,73,95,1,103" hai3="121,19,23,42,60,47,81,91,27,68,12,118,112"/><W92/><G112/><T114/><D116/><U119/><E119/><V123/><F117/><W113/><G118/><T79/><D114/><U132/><E74/><V52/><F135/><W31/><G113/><T96/><D79/><U21/><E132/><V75/><F123/><W120/><G81/><T105/><D105/><U110/><E102/><V34/><F34/><W33/><G60/><T134/><D134/><U125/><E35/><V40/><F52/><W22/><G33/><T106/><D106/><U130/><E50/><V124/><F124/><W77/><G77/><T122/><D122/><U14/><E125/><V8/><F75/><W115/><G115/><T15/><D15/><U64/><E64/><V16/><F16/><W61/><G61/><T89/><D89/><U26/><E14/><V128/><F128/><N who="1" m="49193" /><E39/><V76/><AGARI ba="0,0" hai="1,5,8,36,40,44,73,76,83,90,95,98,100,103" machi="76" ten="30,4000,0" yaku="0,1,25,2" doraHai="66" who="2" fromWho="2" sc="330,-10,367,-10,192,40,111,-20" owari="320,12.0,357,45.7,232,-16.8,91,-40.9" /></mjloggm>