<mjloggm ver="2.3"><GO type="225" lobby="0"/><UN n0="%E3%81%82%E3%83%BC%E3%81%97" n1="%E9%80%9F%E6%B0%B4%E5%87%9B%E9%A6%99" n2="%E3%81%B2%E3%81%AA%E3%81%AE%E3%82%8A%E3%81%8F" n3="%77%72%77%72%77%72%77%72" dan="16,16,16,16" rate="2104.75,2114.15,2082.13,2134.71" sx="M,F,M,M"/><TAIKYOKU oya="0"/><INIT seed="0,0,0,1,3,121" ten="250,250,250,250" oya="0" hai0="105,20,2,36,37,26,30,54,41,45,38,71,42" hai1="130,113,97,89,7,50,47,64,107,61,87,44,119" hai2="92,16,131,78,0,108,56,133,28,69,51,125,24" hai3="67,23,123,17,35,86,132,53,76,52,34,4,49"/><T111/><D105/><U48/><E119/><V90/><F0/><W122/><G4/><T135/><D2/><U60/><E130/><V66/><F78/><W55/><G132/><T15/><D71/><U73/><E73/><V100/><F100/><W82/><G67/><T19/><D135/><U77/><E113/><V129/><F125/><W43/><G43/><T27/><D111/><U106/><E77/><V65/><F69/><W25/><REACH who="3" step="1"/><G49/><REACH who="3" ten="250,250,250,240" step="2"/><T104/><D42/><U127/><E7/><V115/><F51/><W29/><G29/><T14/><D54/><U9/><E64/><V13/><F28/><W5/><G5/><T21/><REACH who="0" step="1"/><D104/><REACH who="0" ten="240,250,250,240" step="2"/><U63/><E106/><V134/><F133/><W94/><G94/><T103/><D103/><U99/><E107/><V84/><F92/><W110/><G110/><T91/><D91/><U128/><E89/><V116/><F90/><W80/><G80/><T46/><D46/><U109/><E47/><V68/><F108/><W33/><AGARI ba="0,2" hai="17,23,25,33,34,35,52,53,55,76,82,86,122,123" machi="33" ten="40,5200,0" yaku="1,1,0,1,54,1,53,0" doraHai="121" doraHaiUra="59" who="3" fromWho="3" sc="240,-26,250,-13,250,-13,240,72" /><INIT seed="1,0,0,0,0,2" ten="214,237,237,312" oya="1" hai0="62,41,118,93,82,11,57,107,38,14,44,94,133" hai1="32,1,16,7,8,66,85,122,105,45,56,58,77" hai2="121,40,113,125,17,86,117,110,83,51,12,33,48" hai3="39,5,103,10,0,63,42,99,88,80,119,65,26"/><U123/><E105/><V96/><F117/><W47/><G119/><T34/><D118/><U134/><E32/><V87/><F121/><W35/><G35/><T124/><D107/><U13/><E134/><V70/><F110/><W55/><G26/><T27/><D133/><U3/><E3/><V89/><F70/><W36/><G36/><T46/><D124/><U115/><E115/><V30/><F125/><W95/><G55/><T91/><D46/><U74/><E74/><V135/><F135/><W25/><G25/><T73/><D73/><U101/><E101/><V64/><F64/><W53/><G53/><T102/><D102/><U97/><E97/><V106/><F96/><W21/><G21/><T126/><D126/><U127/><E127/><V67/><F67/><W60/><G65/><T78/><D91/><U24/><E45/><V29/><F106/><W59/><G59/><T50/><D38/><U54/><E24/><V72/><F72/><W128/><G128/><T69/><D69/><U112/><E112/><V90/><F40/><W100/><G100/><T18/><D82/><N who="1" m="47311" /><E58/><V84/><F33/><W81/><G81/><T108/><D78/><U109/><E66/><V75/><F75/><W111/><G111/><T130/><D130/><U15/><E109/><V43/><F43/><W116/><G116/><T104/><D104/><U19/><E123/><V68/><F68/><W4/><G80/><T61/><D108/><U131/><E131/><V79/><F113/><W76/><G76/><T98/><D57/><U20/><E122/><V114/><F114/><W31/><G103/><RYUUKYOKU ba="0,0" sc="214,0,237,0,237,0,312,0" /><INIT seed="2,1,0,3,3,129" ten="214,237,237,312" oya="2" hai0="100,126,62,3,130,131,116,128,34,44,21,101,77" hai1="83,38,1,123,58,15,99,32,8,33,117,134,65" hai2="133,69,67,11,40,46,47,22,29,9,43,76,91" hai3="24,79,49,84,7,27,107,68,89,71,95,48,92"/><V0/><F76/><W78/><G107/><T42/><D34/><U80/><E38/><V93/><F69/><W74/><G7/><T73/><D3/><U23/><E1/><V118/><F118/><W13/><G13/><T86/><D116/><U112/><E117/><V18/><F67/><W121/><G121/><T98/><D73/><U97/><E112/><V81/><F29/><W35/><G35/><T96/><D62/><U85/><E123/><V132/><F81/><W127/><G127/><T26/><D126/><U64/><E23/><V25/><F47/><W53/><G74/><T59/><D59/><U115/><E115/><V30/><F30/><W119/><G119/><T111/><D111/><U10/><E15/><V103/><F103/><N who="0" m="39498" /><D86/><U4/><E85/><V104/><F104/><W36/><G84/><T87/><D87/><U110/><E58/><V94/><F0/><W75/><G75/><T5/><D5/><U82/><E82/><V63/><F63/><W56/><G79/><T12/><D12/><U52/><E4/><V16/><F18/><W72/><G72/><T54/><D54/><U108/><E52/><V70/><F70/><W61/><G78/><T51/><D77/><U125/><E125/><V57/><F57/><W120/><G120/><T41/><D41/><N who="2" m="15946" /><F46/><W105/><G105/><T88/><D88/><U37/><E37/><V39/><F39/><W17/><G36/><T6/><D6/><U2/><E2/><V19/><F91/><W122/><G122/><T102/><N who="0" m="39506" /><T124/><DORA hai="50" /><D124/><U45/><E45/><V113/><F113/><RYUUKYOKU ba="1,0" sc="214,15,237,15,237,-15,312,-15" hai0="21,26,42,44,51,96,98,128,130,131" hai1="8,10,32,33,64,65,80,83,97,99,108,110,134" /><INIT seed="3,2,0,3,1,54" ten="229,252,222,297" oya="3" hai0="123,29,23,69,121,44,8,50,33,107,117,43,67" hai1="42,86,90,22,28,2,68,25,31,98,17,1,63" hai2="115,111,94,59,81,82,128,110,108,62,74,135,97" hai3="52,127,36,91,89,131,51,24,48,45,30,37,66"/><W125/><G66/><T83/><D117/><U118/><E42/><V79/><F115/><W126/><G131/><T46/><D33/><U101/><E118/><V72/><F128/><W120/><G120/><T61/><D107/><U41/><E41/><V4/><F4/><W3/><G3/><T34/><D34/><U77/><E77/><V57/><F135/><W5/><G48/><T119/><D119/><U106/><E31/><V84/><F72/><W93/><G5/><T92/><D8/><U95/><E68/><V60/><F60/><W87/><G89/><T10/><D10/><U12/><REACH who="1" step="1"/><E63/><REACH who="1" ten="229,242,222,297" step="2"/><V88/><F62/><W49/><G49/><T0/><D61/><U32/><AGARI ba="2,1" hai="1,2,12,17,22,25,28,32,86,90,95,98,101,106" machi="32" ten="20,5200,0" yaku="1,1,2,1,0,1,7,1,53,0" doraHai="54" doraHaiUra="109" who="1" fromWho="1" sc="229,-15,242,68,222,-15,297,-28" owari="214,-18.6,310,41.0,207,-29.3,269,6.9" /></mjloggm>