<mjloggm ver="2.3"><GO type="225" lobby="0"/><UN n0="%4E%49%4A%49%49%52%4F" n1="%70%68%65%6E%6F%6D%65" n2="%E3%82%82%E3%81%90%E3%82%89" n3="%E6%A1%9C%E8%8A%B1%E9%96%83%E3%80%85" dan="16,16,17,18" rate="2171.69,2150.35,2152.55,2248.26" sx="M,M,M,M"/><TAIKYOKU oya="0"/><INIT seed="0,0,0,4,1,1" ten="250,250,250,250" oya="0" hai0="75,74,120,16,66,55,111,95,46,51,62,92,24" hai1="25,128,129,45,77,79,58,113,6,20,104,71,7" hai2="15,126,31,114,76,107,10,109,116,85,35,48,41" hai3="0,21,17,37,125,117,101,26,57,13,121,30,108"/><T60/><D120/><U102/><E71/><V9/><F114/><W100/><G117/><T27/><D111/><U4/><E113/><V106/><F109/><W36/><G108/><T119/><D119/><U112/><E112/><V122/><F122/><W98/><G121/><T38/><D38/><U50/><E58/><V63/><F116/><W110/><G110/><T33/><D75/><U56/><E56/><V99/><F126/><W91/><G125/><T18/><D74/><U40/><E102/><V123/><F123/><W133/><G133/><T82/><D82/><U47/><E104/><V5/><F63/><N who="0" m="24106" /><D33/><U39/><E79/><V132/><F132/><W19/><G57/><T90/><D66/><U87/><E87/><V52/><F99/><W73/><G0/><T68/><D68/><U32/><E77/><V23/><F35/><W34/><G73/><T2/><D2/><U64/><E32/><V22/><F31/><W11/><G91/><T43/><D43/><U96/><E96/><V131/><F41/><W115/><G115/><T65/><D65/><U61/><E61/><V103/><F103/><W54/><G54/><T69/><D69/><U44/><E64/><V135/><F107/><N who="3" m="63895" /><G101/><T80/><D80/><U12/><E12/><N who="2" m="5167" /><F106/><W89/><G89/><T72/><D72/><U86/><E86/><V97/><F97/><W134/><G134/><T88/><D90/><U94/><E94/><N who="0" m="35881" /><D88/><U8/><E39/><V83/><F135/><W53/><G53/><T124/><D124/><U130/><E8/><V49/><F10/><N who="3" m="6327" /><G34/><T29/><D29/><AGARI ba="0,0" hai="4,6,7,20,25,29,40,44,45,47,50,128,129,130" machi="29" ten="50,8000,1" yaku="19,1,52,3" doraHai="1" who="1" fromWho="0" sc="250,-80,250,80,250,0,250,0" /><INIT seed="1,0,0,3,5,134" ten="170,330,250,250" oya="1" hai0="135,85,52,20,13,19,35,79,84,81,57,127,18" hai1="0,15,70,106,67,91,5,24,78,12,86,125,102" hai2="26,76,37,133,123,29,90,23,75,117,122,8,82" hai3="33,50,74,22,119,34,53,113,27,126,47,121,128"/><U132/><E132/><V43/><F117/><W45/><G121/><T25/><D135/><U60/><E78/><V116/><F133/><W41/><G113/><T40/><D40/><U7/><E125/><V69/><F116/><W14/><G119/><T55/><D127/><U77/><E77/><V10/><F69/><W28/><G126/><T114/><D114/><U49/><E49/><V31/><F31/><W110/><G74/><T6/><D6/><U63/><E60/><V61/><F61/><W96/><G110/><T58/><D35/><U83/><E24/><V1/><F90/><W56/><G128/><T66/><D84/><U54/><E54/><V118/><F10/><W65/><G65/><T100/><D100/><U73/><E73/><V130/><F130/><W92/><G14/><T101/><D101/><U120/><E120/><V94/><F94/><W44/><REACH who="3" step="1"/><G41/><REACH who="3" ten="170,330,250,240" step="2"/><T16/><D66/><U124/><E124/><V111/><F111/><W38/><G38/><T95/><D13/><U89/><E7/><N who="2" m="1135" /><F118/><W129/><G129/><T48/><REACH who="0" step="1"/><D95/><REACH who="0" ten="160,330,250,240" step="2"/><U39/><E5/><V103/><F103/><AGARI ba="0,2" hai="22,27,28,33,34,44,45,47,50,53,56,92,96,103" machi="103" ten="40,1300,0" yaku="1,1,53,0" doraHai="134" doraHaiUra="80" who="3" fromWho="2" sc="160,0,330,0,250,-13,240,33" /><INIT seed="2,0,0,3,3,56" ten="160,330,237,273" oya="2" hai0="45,15,48,34,5,103,49,55,41,36,70,81,86" hai1="128,31,17,112,77,94,20,54,26,113,53,118,12" hai2="58,42,78,39,91,68,134,57,61,9,64,23,7" hai3="97,129,60,11,19,93,65,90,51,22,44,106,131"/><V40/><F134/><W69/><G106/><T66/><D34/><U107/><E107/><V123/><F123/><W3/><G3/><T127/><D103/><U24/><E118/><V43/><F39/><W73/><G73/><T76/><D127/><U21/><E128/><V109/><F109/><W8/><G131/><T50/><D5/><U71/><E77/><V92/><F23/><W121/><G121/><T32/><D32/><U13/><E71/><V74/><F78/><W27/><REACH who="3" step="1"/><G129/><REACH who="3" ten="160,330,237,263" step="2"/><T135/><D135/><U47/><E112/><V98/><REACH who="2" step="1"/><F74/><REACH who="2" ten="160,330,227,263" step="2"/><W63/><G63/><T2/><D2/><AGARI ba="0,2" hai="2,7,9,40,42,43,57,58,61,64,68,91,92,98" machi="2" ten="40,12000,1" yaku="1,1,2,1,52,1,53,1" doraHai="56" doraHaiUra="87" who="2" fromWho="0" sc="160,-120,330,0,227,140,263,0" /><INIT seed="2,1,0,3,3,26" ten="40,330,367,263" oya="2" hai0="111,90,43,17,36,122,57,108,115,29,114,41,38" hai1="67,33,21,120,32,83,40,65,94,125,45,135,48" hai2="58,85,102,46,79,129,64,10,117,55,31,87,134" hai3="9,100,112,51,50,35,44,13,14,76,110,71,61"/><V39/><F117/><W86/><G110/><T62/><D17/><U98/><E125/><V82/><F129/><W95/><G35/><T3/><D3/><U19/><E135/><V107/><F134/><W72/><G72/><T42/><D90/><U16/><E120/><V27/><F64/><W22/><G112/><T8/><D8/><U12/><E83/><V123/><F10/><W99/><G71/><T20/><D20/><U130/><E130/><V104/><F102/><W49/><G61/><T0/><D0/><U15/><E32/><V93/><F123/><W2/><G2/><T113/><D29/><U69/><E33/><V105/><F46/><W68/><G68/><T80/><D80/><U97/><E69/><V54/><F39/><W34/><G34/><T6/><D6/><U133/><E98/><V132/><F132/><W5/><G86/><T121/><D121/><U53/><E53/><V30/><F27/><W1/><G76/><T24/><D24/><U4/><E4/><V66/><F66/><W96/><G96/><T124/><D122/><U63/><E63/><V37/><F37/><W91/><G100/><T89/><D89/><N who="1" m="55503" /><E133/><V92/><F55/><N who="3" m="30119" /><G1/><T70/><D70/><U119/><E119/><V73/><F73/><W25/><G14/><T77/><D77/><U81/><E81/><V127/><F127/><W23/><G25/><T74/><D124/><U88/><E88/><N who="2" m="53263" /><F93/><W109/><G95/><T101/><D74/><U47/><E45/><V103/><F103/><W126/><G126/><T78/><D101/><U131/><E131/><V59/><F59/><RYUUKYOKU ba="1,0" sc="40,-15,330,15,367,15,263,-15" hai1="12,15,16,19,21,40,47,48,65,67" hai2="30,31,54,58,79,82,87,104,105,107" /><INIT seed="2,2,0,3,4,95" ten="25,345,382,248" oya="2" hai0="24,35,128,60,14,40,120,76,87,58,108,101,126" hai1="10,133,18,7,75,104,66,67,78,23,16,107,77" hai2="51,129,74,4,117,135,34,21,80,92,96,62,38" hai3="97,61,94,59,72,113,102,116,123,90,71,44,5"/><V122/><F38/><W64/><G116/><T85/><D120/><U73/><E10/><V46/><F34/><W47/><G123/><T33/><D108/><U57/><E23/><V56/><F122/><W88/><G72/><T50/><D126/><U52/><E57/><V69/><F69/><W86/><G113/><T19/><D128/><U65/><E52/><V32/><F32/><W43/><G5/><T13/><D101/><U53/><E53/><V54/><F129/><W68/><G90/><T105/><D105/><N who="1" m="40523" /><E7/><V37/><F117/><W125/><G125/><T29/><D35/><U89/><E89/><V31/><F135/><W115/><G115/><T36/><D36/><U111/><E133/><V17/><F31/><W39/><REACH who="3" step="1"/><G47/><REACH who="3" ten="25,345,382,238" step="2"/><T127/><D127/><U25/><E111/><V6/><F6/><W27/><G27/><T30/><D76/><N who="1" m="29291" /><E25/><V131/><F46/><W2/><G2/><T82/><D24/><U26/><E26/><V48/><F4/><W79/><G79/><T91/><D33/><U83/><E83/><AGARI ba="2,1" hai="39,43,44,59,61,64,68,71,83,86,88,94,97,102" machi="83" ten="30,7700,0" yaku="1,1,7,1,52,1,54,1,53,0" doraHai="95" doraHaiUra="112" who="3" fromWho="1" sc="25,0,345,-83,382,0,238,93" /><INIT seed="3,0,0,1,0,129" ten="25,262,382,331" oya="3" hai0="56,16,100,75,101,31,83,132,122,23,135,67,18" hai1="87,95,24,27,29,111,15,68,62,116,63,99,0" hai2="77,3,89,13,115,133,49,6,71,117,55,109,44" hai3="72,43,107,123,120,74,38,84,40,105,28,50,61"/><W81/><G50/><T90/><D122/><N who="3" m="46633" /><G61/><T33/><D67/><U97/><E111/><V112/><F109/><W25/><G84/><T42/><D56/><U124/><E124/><V96/><F117/><W35/><G43/><T41/><D33/><U93/><E0/><V98/><F71/><W39/><G40/><T66/><D66/><U60/><E116/><V7/><F77/><N who="3" m="44199" /><G74/><T125/><D125/><U47/><E68/><V103/><F89/><W4/><G4/><T110/><D110/><U36/><E87/><V14/><F7/><W58/><G58/><T127/><D127/><U5/><E47/><V130/><F6/><W51/><G51/><T2/><D2/><U32/><E36/><AGARI ba="0,0" hai="25,28,35,36,38,39,105,107" m="44199,46633" machi="36" ten="30,1500,0" yaku="23,1" doraHai="129" who="3" fromWho="1" sc="25,0,262,-15,382,0,331,15" /><INIT seed="3,1,0,0,0,5" ten="25,247,382,346" oya="3" hai0="11,84,125,121,47,98,97,85,22,40,117,41,133" hai1="92,118,70,1,94,87,55,100,101,103,76,67,2" hai2="81,69,127,131,88,115,50,44,68,89,34,105,110" hai3="63,59,7,3,108,77,52,49,53,116,30,33,38"/><W134/><G116/><T0/><D121/><U16/><E118/><V13/><F115/><W95/><G38/><T102/><D117/><U119/><E119/><V51/><F34/><W111/><G134/><T91/><D125/><U129/><E129/><V21/><F131/><W43/><G43/><T29/><D133/><U8/><E70/><V106/><F127/><W9/><G77/><T86/><D0/><U31/><E67/><V74/><F74/><W132/><G132/><T126/><D126/><U10/><E31/><V32/><F32/><W54/><G95/><N who="1" m="36394" /><E1/><V135/><F106/><W107/><G107/><T37/><D37/><U120/><E2/><V114/><F69/><W28/><G33/><T15/><D22/><U18/><E120/><V17/><F68/><W75/><G75/><T36/><D36/><U35/><E35/><V113/><F105/><W48/><G30/><T62/><D11/><N who="1" m="4139" /><E55/><N who="3" m="21066" /><G28/><T71/><D71/><U46/><E46/><V96/><F113/><W56/><G56/><T128/><D47/><U24/><E24/><V80/><F114/><W61/><G49/><T79/><D128/><U25/><E25/><V112/><F135/><W4/><G4/><T109/><D79/><U26/><E26/><V20/><F51/><W65/><G65/><T23/><D109/><AGARI ba="1,0" hai="3,7,9,48,54,59,61,63,108,109,111" m="21066" machi="109" ten="30,11600,0" yaku="14,1,10,1,52,1,54,1" doraHai="5" who="3" fromWho="0" sc="25,-119,247,0,382,0,346,119" owari="-94,-59.4,247,-15.3,382,18.2,465,56.5" /></mjloggm>