<mjloggm ver="2.3"><GO type="225" lobby="0"/><UN n0="%E3%82%BC%E3%83%AB%E3%83%80%E3%81%AE%E4%BC%9D%E8%AA%AC" n1="%E3%81%A9%E3%82%8F%E3%82%93%E3%81%94" n2="%E3%83%A1%E3%82%AC%E3%83%87%E3%82%B8" n3="%6D%75%75%6D%75%72%61" dan="16,16,16,16" rate="2179.47,2147.96,2078.93,2192.86" sx="M,M,F,F"/><TAIKYOKU oya="0"/><INIT seed="0,0,0,0,0,88" ten="250,250,250,250" oya="0" hai0="42,49,94,122,63,0,72,120,96,133,24,30,126" hai1="23,68,1,25,123,28,75,31,27,73,135,20,116" hai2="87,109,2,108,16,7,106,132,52,5,13,38,62" hai3="33,32,12,93,10,102,40,84,14,128,71,83,19"/><T22/><BYE who="2" /><D72/><UN n2="%E3%83%A1%E3%82%AC%E3%83%87%E3%82%B8" /><U92/><E68/><V15/><F132/><W115/><G115/><T99/><D133/><U111/><E135/><V76/><F38/><W18/><G128/><T43/><D0/><U9/><E111/><N who="2" m="42571" /><F106/><W105/><G71/><T118/><D118/><U79/><E123/><V64/><F15/><W125/><G125/><T100/><D126/><U82/><E116/><V36/><F36/><W95/><G40/><T34/><D34/><U66/><E66/><V97/><F97/><W67/><G67/><T48/><D63/><U54/><E54/><V4/><F2/><W117/><G117/><T46/><REACH who="0" step="1"/><D99/><REACH who="0" ten="240,250,250,250" step="2"/><U55/><E75/><V57/><F87/><W81/><G32/><T112/><D112/><U85/><E73/><V90/><F76/><W80/><G33/><T129/><D129/><U6/><E55/><V124/><F124/><W103/><G84/><T58/><D58/><U29/><E29/><V65/><F90/><W17/><G105/><T3/><D3/><U50/><E50/><V35/><F35/><W51/><G51/><T45/><AGARI ba="0,1" hai="22,24,30,42,43,45,46,48,49,94,96,100,120,122" machi="45" ten="30,11700,0" yaku="1,1,0,1,9,1,52,1,53,0" doraHai="88" doraHaiUra="59" who="0" fromWho="0" sc="240,127,250,-39,250,-39,250,-39" /><INIT seed="0,1,0,4,0,10" ten="367,211,211,211" oya="0" hai0="133,116,120,95,90,79,51,127,97,74,85,63,16" hai1="66,86,40,19,24,7,21,88,17,26,4,52,69" hai2="111,61,101,50,46,92,8,78,129,13,64,106,37" hai3="56,55,14,94,103,67,102,11,60,105,112,42,38"/><T114/><D114/><U68/><E40/><V89/><F37/><W0/><G112/><T123/><D116/><U25/><E66/><V29/><F111/><W12/><G105/><T99/><D63/><U117/><E117/><V2/><F129/><W31/><G0/><T107/><D51/><U49/><E69/><V62/><F2/><W65/><G38/><T58/><D58/><N who="1" m="33039" /><E68/><V110/><F110/><W84/><G42/><T87/><D127/><U27/><E19/><V22/><F78/><W36/><G36/><T82/><D16/><U34/><E34/><V30/><F101/><N who="3" m="38411" /><G31/><N who="2" m="11785" /><F22/><W72/><G11/><T80/><D133/><U3/><E3/><V6/><F106/><W47/><G72/><T83/><D107/><U20/><E20/><V43/><F64/><N who="3" m="24651" /><G47/><T131/><D131/><U73/><E73/><V41/><F43/><W118/><G118/><T119/><D119/><U125/><E125/><V33/><F33/><W124/><G124/><T48/><D120/><U109/><E109/><V77/><F77/><W108/><G108/><T135/><D123/><U28/><E28/><V18/><F6/><W44/><G44/><T23/><D135/><U1/><E1/><V53/><F41/><W128/><G128/><T39/><D39/><U104/><E104/><V115/><F115/><W45/><G45/><T9/><D79/><U100/><E100/><V126/><F126/><W96/><G96/><AGARI ba="1,0" hai="8,13,18,46,50,53,61,62,89,92,96" m="11785" machi="96" ten="30,2000,0" yaku="8,1,52,1" doraHai="10" who="2" fromWho="3" sc="367,0,211,0,211,23,211,-23" /><INIT seed="1,0,0,3,2,26" ten="367,211,234,188" oya="1" hai0="40,44,130,100,1,34,73,47,64,94,31,53,66" hai1="32,56,124,132,65,114,6,85,76,60,13,133,92" hai2="89,67,109,11,106,12,68,30,120,108,71,62,69" hai3="107,50,87,78,21,84,35,91,0,10,122,15,39"/><U118/><E114/><V43/><F120/><W131/><G39/><T116/><D73/><U38/><E118/><V33/><F106/><W97/><G35/><T99/><D1/><U45/><E124/><V134/><F134/><N who="1" m="51817" /><E32/><V70/><F43/><W110/><G122/><T42/><D116/><U2/><E2/><V93/><F33/><W36/><G36/><T19/><D130/><U9/><E38/><V14/><F30/><W77/><G131/><T59/><D34/><U24/><E24/><V22/><F22/><W52/><G110/><N who="2" m="42601" /><F11/><W25/><G0/><T75/><D31/><U3/><E45/><N who="0" m="17481" /><D75/><U17/><E92/><V58/><N who="2" m="17408" /><DORA hai="51" /><V104/><F104/><W86/><G107/><T55/><D19/><U20/><E85/><AGARI ba="0,0" hai="12,14,58,62,67,85,89,93" m="17408,42601" machi="85" ten="60,2000,0" yaku="14,1" doraHai="26,51" who="2" fromWho="1" sc="367,0,211,-20,234,20,188,0" /><INIT seed="2,0,0,3,3,51" ten="367,191,254,188" oya="2" hai0="54,94,48,19,100,89,61,131,64,80,26,73,0" hai1="33,104,11,2,130,92,110,18,124,1,3,65,20" hai2="134,44,50,52,82,102,21,13,123,106,38,115,37" hai3="101,23,81,129,42,103,47,9,17,62,43,85,30"/><V96/><F115/><W63/><G129/><T112/><D0/><U109/><E104/><V12/><F123/><W16/><G30/><T79/><D112/><U127/><E65/><V108/><F134/><W53/><G9/><T68/><D131/><U132/><E130/><V78/><F108/><N who="1" m="41577" /><E33/><V71/><F71/><W107/><G107/><T86/><D100/><N who="3" m="38473" /><G63/><T93/><D19/><N who="3" m="7241" /><G23/><T91/><D26/><N who="1" m="14615" /><E92/><V15/><REACH who="2" step="1"/><F21/><REACH who="2" ten="367,191,244,188" step="2"/><W35/><G35/><T29/><D68/><U45/><E132/><V27/><F27/><W116/><G116/><T6/><D29/><U122/><E122/><V41/><F41/><W55/><G42/><T40/><D40/><U25/><E25/><V59/><F59/><W128/><G128/><T120/><D120/><U133/><E133/><V69/><F69/><W99/><G43/><T119/><D119/><U111/><N who="1" m="41585" /><U57/><DORA hai="70" /><E57/><V14/><N who="2" m="3072" /><DORA hai="46" /><V74/><AGARI ba="0,1" hai="37,38,44,50,52,74,78,82,96,102,106" m="3072" machi="74" ten="40,24000,3" yaku="1,1,4,1,0,1,52,4,54,1,53,1" doraHai="51,70,46" doraHaiUra="118,98,66" who="2" fromWho="2" sc="367,-80,191,-80,244,250,188,-80" /><INIT seed="2,1,0,4,1,69" ten="287,111,494,108" oya="2" hai0="108,124,31,112,1,97,13,29,56,123,37,100,43" hai1="64,113,71,68,82,88,20,118,45,70,93,89,75" hai2="132,10,58,86,27,22,135,126,116,107,131,102,0" hai3="110,127,109,19,98,99,44,23,66,61,41,15,21"/><V30/><F116/><W83/><G127/><T26/><D1/><U24/><E113/><V59/><F126/><W77/><G23/><T50/><D124/><U60/><E118/><V79/><F131/><W74/><G61/><T34/><D123/><U14/><E14/><V62/><F102/><W4/><G4/><T48/><D112/><U119/><E119/><V8/><F107/><W103/><G66/><T40/><D108/><U25/><E25/><V46/><F46/><W32/><G32/><T6/><D31/><U28/><E45/><V95/><F59/><W9/><G9/><T87/><D87/><U52/><E52/><N who="2" m="34119" /><F0/><W101/><G101/><T114/><D114/><U7/><E7/><V121/><F121/><W35/><G35/><T85/><D56/><U94/><E94/><V17/><F95/><W115/><G115/><T105/><D100/><U111/><E111/><N who="3" m="42506" /><G103/><T33/><D33/><U125/><E125/><V130/><F130/><W120/><G120/><T54/><D34/><U129/><E129/><V117/><F117/><W16/><G19/><T11/><D6/><U55/><E55/><V106/><F106/><W57/><G57/><T53/><D53/><U5/><E5/><V51/><F17/><W63/><G63/><T18/><D54/><U49/><E49/><AGARI ba="1,0" hai="15,16,21,41,44,49,74,77,83,98,99" m="42506" machi="49" ten="30,2000,0" yaku="14,1,54,1" doraHai="69" who="3" fromWho="1" sc="287,0,111,-23,494,0,108,23" /><INIT seed="3,0,0,1,5,67" ten="287,88,494,131" oya="3" hai0="103,125,89,77,111,104,52,55,95,48,23,81,29" hai1="92,86,22,41,66,32,82,119,71,107,31,83,11" hai2="114,128,97,6,8,115,94,93,74,21,133,108,112" hai3="53,116,35,7,79,49,50,113,34,20,56,100,98"/><W109/><G113/><T3/><D3/><U26/><E107/><V12/><F108/><W51/><G116/><T135/><D111/><U2/><E119/><V105/><F128/><W18/><G109/><T134/><D125/><U118/><E118/><V54/><F74/><W0/><G79/><T65/><D65/><U131/><E131/><V90/><F133/><N who="0" m="50698" /><D103/><U96/><E41/><V64/><F64/><W25/><G7/><T59/><D104/><U24/><E2/><V30/><F105/><W47/><G0/><T120/><D120/><U33/><E11/><V78/><F78/><W46/><G98/><N who="0" m="57711" /><D55/><U44/><E44/><V129/><F129/><W14/><G100/><T60/><D48/><U1/><E1/><V72/><F72/><W101/><G101/><T45/><D45/><U19/><E86/><V10/><F10/><W102/><G34/><T70/><D70/><U17/><E33/><V106/><F106/><W110/><G25/><N who="0" m="16575" /><D77/><U58/><E58/><V68/><F68/><W38/><G35/><T124/><D124/><U80/><E19/><V43/><F43/><W5/><G5/><T130/><D130/><U40/><E40/><V73/><F73/><W37/><G110/><T132/><D132/><U121/><E121/><V57/><F93/><W117/><G117/><T9/><D9/><U84/><E84/><V85/><F85/><W61/><G38/><T126/><D126/><U87/><E87/><V62/><F114/><W15/><G37/><T91/><D91/><N who="1" m="55327" /><E66/><V27/><AGARI ba="0,0" hai="6,8,12,21,27,30,54,57,62,90,94,97,112,115" machi="27" ten="30,1100,0" yaku="0,1" doraHai="67" who="2" fromWho="2" sc="287,-3,88,-3,494,11,131,-5" owari="284,8.4,85,-41.5,505,60.5,126,-27.4" /></mjloggm>