<mjloggm ver="2.3"><GO type="225" lobby="0"/><UN n0="%E3%81%8F%E3%82%8A%E3%83%94%E3%83%BC" n1="%E2%91%A3%E9%81%BF%E9%81%8A%E6%88%AF%E3%80%90%E6%9D%B1%E5%8D%97%E3%80%91" n2="%E8%BE%9B%E5%8F%A3%E3%82%AB%E3%83%AC%E3%83%BC%E3%83%A9%E3%82%A4%E3%82%B9" n3="%E3%81%95%E3%81%8D%E3%81%9F%E3%81%BE%E6%9E%97%E6%AA%8E" dan="16,16,16,16" rate="2102.88,2116.47,2142.43,2142.73" sx="M,M,M,M"/><TAIKYOKU oya="0"/><INIT seed="0,0,0,0,2,134" ten="250,250,250,250" oya="0" hai0="49,10,132,50,105,86,92,57,47,71,59,34,118" hai1="83,30,75,29,98,39,60,69,70,19,45,94,12" hai2="107,18,124,54,38,2,87,55,37,58,14,97,65" hai3="135,96,17,90,108,16,110,36,99,67,117,5,100"/><T95/><D105/><U114/><E114/><V79/><F2/><W121/><G135/><T119/><D71/><U46/><E70/><V7/><F7/><W51/><G117/><T8/><D34/><U85/><E75/><V127/><F65/><W1/><G36/><T122/><D86/><U43/><E46/><V116/><F116/><W48/><G67/><T104/><D104/><U4/><E60/><V126/><F79/><W20/><G121/><T22/><D22/><U62/><E62/><V13/><F87/><W72/><G72/><T42/><D47/><U9/><E69/><V81/><F81/><W123/><G123/><T133/><REACH who="0" step="1"/><D42/><REACH who="0" ten="240,250,250,250" step="2"/><U3/><E85/><V61/><F55/><W89/><G20/><T41/><D41/><U91/><E83/><V129/><F129/><W93/><G93/><T63/><D63/><U120/><E120/><AGARI ba="0,1" hai="8,10,49,50,57,59,92,95,118,119,120,122,132,133" machi="120" ten="25,4800,0" yaku="1,1,22,2,53,0" doraHai="134" doraHaiUra="35" who="0" fromWho="1" sc="240,58,250,-48,250,0,250,0" /><INIT seed="0,1,0,5,2,7" ten="298,202,250,250" oya="0" hai0="19,20,124,91,119,68,100,90,13,106,63,110,77" hai1="45,30,2,44,1,98,89,38,53,75,37,52,31" hai2="65,56,0,22,99,130,123,60,122,112,8,58,67" hai3="103,46,92,117,54,16,109,47,24,35,129,125,105"/><T5/><D119/><U133/><E98/><V4/><F112/><W127/><G109/><T40/><D124/><N who="3" m="47689" /><G117/><T26/><D110/><U29/><E75/><V101/><F130/><W87/><G105/><T41/><D77/><U49/><E89/><V118/><F118/><W70/><G70/><T59/><D68/><U104/><E104/><V64/><F22/><N who="3" m="13383" /><G129/><T135/><D135/><U25/><E25/><V3/><F3/><W83/><G35/><T85/><D100/><U71/><E71/><V10/><F10/><W18/><G18/><T81/><D91/><U93/><E93/><V62/><REACH who="2" step="1"/><F65/><REACH who="2" ten="298,202,240,250" step="2"/><W57/><G92/><AGARI ba="1,1" hai="0,4,8,56,58,60,62,64,67,92,99,101,122,123" machi="92" ten="30,8000,1" yaku="1,1,2,1,7,1,9,1,52,1,53,0" doraHai="7" doraHaiUra="134" who="2" fromWho="3" sc="298,0,202,0,240,93,250,-83" /><INIT seed="1,0,0,3,0,6" ten="298,202,333,167" oya="1" hai0="87,72,50,13,55,114,115,120,28,108,35,4,89" hai1="31,83,15,14,74,43,100,38,124,47,53,48,22" hai2="105,66,97,62,107,52,130,103,125,126,24,133,77" hai3="5,18,57,88,122,64,119,84,61,91,129,19,30"/><U40/><E124/><N who="2" m="47723" /><F133/><W8/><G122/><T56/><D108/><U95/><E74/><V21/><F77/><W106/><G129/><T0/><D0/><U101/><E83/><V131/><F107/><W118/><G106/><T112/><D72/><U10/><E38/><V135/><F135/><W75/><G30/><T27/><D120/><U49/><E40/><V1/><F1/><W39/><G39/><T63/><D63/><U92/><E22/><V127/><F127/><W32/><G32/><T2/><D2/><U17/><E15/><V79/><F79/><W121/><G75/><T76/><D76/><U16/><E17/><N who="3" m="6154" /><G84/><T54/><D54/><U23/><E31/><N who="2" m="17807" /><F52/><N who="3" m="33959" /><G121/><T94/><D114/><U42/><E23/><V116/><F116/><N who="3" m="44587" /><G64/><T117/><D117/><U45/><E53/><V102/><F102/><AGARI ba="0,0" hai="10,14,16,42,43,45,47,48,49,92,95,100,101,102" machi="102" ten="40,12000,1" yaku="9,1,8,1,52,1,54,1" doraHai="6" who="1" fromWho="2" sc="298,0,202,120,333,-120,167,0" /><INIT seed="1,1,0,1,4,67" ten="298,322,213,167" oya="1" hai0="127,92,3,64,18,87,85,89,22,0,17,26,106" hai1="112,101,91,7,41,29,32,50,77,75,9,16,131" hai2="39,1,126,49,125,56,82,2,54,96,122,59,114" hai3="111,57,52,31,44,53,81,40,118,21,61,116,47"/><U72/><E112/><V11/><F122/><W19/><G31/><T76/><D106/><U100/><E131/><V97/><F39/><W135/><G81/><T43/><D127/><N who="2" m="48650" /><F114/><W66/><G19/><T68/><D43/><U6/><E32/><V95/><F82/><W24/><G24/><T55/><D76/><U103/><E29/><V94/><F11/><W98/><G98/><N who="2" m="37993" /><F56/><W46/><G21/><T15/><D55/><N who="3" m="21065" /><G135/><T20/><REACH who="0" step="1"/><D87/><REACH who="0" ten="288,322,213,167" step="2"/><U78/><E75/><V23/><F23/><W86/><G86/><T65/><D65/><U83/><E77/><V8/><F8/><W35/><G35/><T119/><D119/><N who="3" m="45609" /><G111/><T102/><D102/><U117/><E117/><V13/><F13/><W37/><AGARI ba="1,1" hai="37,40,44,46,47,57,61,66" m="45609,21065" machi="37" ten="30,7900,0" yaku="12,1,34,2,54,1" doraHai="67" who="3" fromWho="3" sc="288,-21,322,-40,213,-21,167,92" /><INIT seed="2,0,0,4,1,0" ten="267,282,192,259" oya="2" hai0="78,53,98,85,133,131,115,72,39,44,112,55,65" hai1="51,13,90,30,6,95,75,23,26,121,122,82,36" hai2="14,25,31,43,45,106,27,89,54,111,116,67,37" hai3="20,100,61,34,38,10,58,47,81,91,73,57,50"/><V32/><F116/><W110/><G38/><T125/><D72/><U108/><E36/><V62/><F106/><W126/><G34/><T11/><D65/><U93/><E51/><V86/><F111/><W103/><G110/><T135/><D98/><U134/><E134/><N who="0" m="51209" /><D125/><U101/><E101/><V52/><F14/><W69/><G69/><T41/><D131/><U7/><E13/><V9/><F9/><W4/><G126/><T77/><D11/><U88/><E75/><V84/><F25/><W2/><G20/><T70/><D70/><U127/><E82/><V74/><F74/><W15/><G2/><T60/><D85/><N who="1" m="52367" /><E127/><V80/><REACH who="2" step="1"/><F84/><REACH who="2" ten="267,282,182,259" step="2"/><N who="3" m="50575" /><G73/><T64/><D115/><U94/><E108/><V33/><F33/><W5/><G5/><N who="1" m="1546" /><E90/><V56/><AGARI ba="0,1" hai="27,31,32,37,43,45,52,54,56,62,67,80,86,89" machi="56" ten="20,12000,1" yaku="1,1,0,1,7,1,54,1,53,1" doraHai="0" doraHaiUra="79" who="2" fromWho="2" sc="267,-40,282,-40,182,130,259,-40" /><INIT seed="2,1,0,5,4,35" ten="227,242,312,219" oya="2" hai0="59,65,86,12,95,113,60,31,26,116,126,100,52" hai1="94,114,41,34,20,39,29,42,92,72,15,98,118" hai2="135,73,61,103,64,108,78,80,14,127,2,11,40" hai3="6,67,13,57,125,106,3,0,134,44,53,77,43"/><V131/><F131/><W74/><G106/><T104/><D113/><U9/><E114/><V27/><F135/><W18/><G67/><T105/><D126/><U70/><E70/><V79/><F127/><W88/><G125/><T69/><D116/><U85/><E72/><V82/><F103/><W91/><G6/><T129/><D12/><U75/><E34/><V58/><F108/><W46/><G74/><T117/><D117/><U54/><E75/><V119/><F119/><W121/><G77/><T23/><D129/><U62/><E39/><V8/><F40/><W110/><G121/><T101/><D101/><U132/><E132/><V76/><F73/><W128/><G128/><T81/><D95/><U7/><E94/><V50/><F50/><W17/><G134/><T56/><D69/><U122/><E85/><V84/><F80/><W71/><G71/><T24/><D24/><N who="1" m="16519" /><E122/><V133/><F133/><W66/><G66/><T21/><D21/><U123/><E123/><V99/><F99/><W22/><G110/><T5/><D5/><U25/><E25/><V130/><F130/><W63/><G18/><T32/><D100/><N who="1" m="60487" /><E118/><V120/><F120/><W97/><G97/><T51/><REACH who="0" step="1"/><D32/><REACH who="0" ten="217,242,312,219" step="2"/><U124/><E124/><V10/><F14/><W96/><G96/><T33/><D33/><U37/><E37/><V30/><REACH who="2" step="1"/><F2/><REACH who="2" ten="217,242,302,219" step="2"/><W38/><G3/><T112/><D112/><U89/><E15/><V102/><F102/><W93/><G0/><T111/><D111/><U107/><E107/><V49/><F49/><N who="3" m="26783" /><G93/><T47/><D47/><U4/><E4/><V87/><F87/><RYUUKYOKU ba="1,2" sc="217,10,242,-30,302,10,219,10" hai0="23,26,31,51,52,56,59,60,65,81,86,104,105" hai2="8,10,11,27,30,58,61,64,76,78,79,82,84" hai3="13,17,22,38,46,53,57,63,88,91" /><INIT seed="2,2,2,1,5,119" ten="227,212,312,229" oya="2" hai0="86,47,95,56,68,46,135,81,59,48,7,109,66" hai1="89,103,99,1,111,102,21,116,28,26,54,126,38" hai2="73,11,107,78,10,57,127,60,74,31,79,55,124" hai3="90,132,123,15,71,130,87,125,65,77,25,53,44"/><V34/><F107/><W85/><G123/><T49/><D68/><U20/><E116/><V76/><F31/><W45/><G125/><N who="2" m="48201" /><F34/><W30/><G132/><T35/><D35/><U105/><E126/><V27/><F27/><W62/><G130/><T118/><D109/><U18/><E38/><V16/><F16/><W75/><G75/><AGARI ba="2,2" hai="10,11,55,57,60,73,74,75,76,78,79" m="48201" machi="75" ten="40,2000,0" yaku="18,1" doraHai="119" who="2" fromWho="3" sc="227,0,212,0,312,46,229,-26" /><INIT seed="2,3,0,3,2,22" ten="227,212,358,203" oya="2" hai0="69,117,129,85,114,90,49,60,46,28,59,10,130" hai1="30,121,116,75,25,18,45,89,107,102,67,94,54" hai2="6,113,119,5,55,17,58,62,14,103,135,80,115" hai3="8,104,122,48,93,78,47,1,79,92,73,133,63"/><V34/><F119/><W32/><G122/><T99/><D114/><U120/><E116/><V68/><F34/><W70/><G104/><T13/><D99/><U110/><E75/><V4/><F135/><W38/><G79/><T11/><D28/><U9/><E110/><V61/><F103/><W65/><G48/><T57/><D69/><U108/><E108/><V106/><F106/><W29/><G93/><T123/><D10/><U88/><E67/><V43/><F43/><N who="3" m="23031" /><G92/><T33/><D33/><U95/><E107/><V3/><F3/><W27/><G133/><T2/><D2/><U36/><E36/><V131/><F131/><N who="0" m="50186" /><D60/><U81/><E102/><V109/><F109/><W21/><G21/><T71/><D71/><U77/><E77/><V98/><F98/><W64/><G64/><T35/><D35/><U91/><E81/><V111/><F111/><W42/><G42/><N who="0" m="24791" /><D123/><N who="1" m="47179" /><E18/><V128/><F128/><W126/><G126/><T86/><D86/><U132/><E9/><V96/><F68/><W100/><G100/><T87/><D87/><U19/><E19/><V56/><F17/><W83/><G8/><T72/><D72/><U23/><E132/><V41/><F113/><W84/><G84/><T37/><D37/><U20/><E20/><V101/><F101/><W52/><G52/><T51/><D117/><U127/><E127/><V124/><F124/><W44/><G44/><T39/><D39/><U74/><E74/><V118/><F115/><W82/><G82/><N who="0" m="49463" /><D51/><AGARI ba="3,0" hai="23,25,30,45,51,54,88,89,91,94,95" m="47179" machi="51" ten="30,3900,0" yaku="13,1,52,1,54,1" doraHai="22" who="1" fromWho="0" sc="227,-48,212,48,358,0,203,0" /><INIT seed="3,0,0,3,1,7" ten="179,260,358,203" oya="3" hai0="24,132,117,2,61,127,103,76,48,57,99,3,29" hai1="53,14,74,0,125,49,50,46,72,71,38,96,120" hai2="97,129,69,33,9,66,121,51,32,135,11,105,23" hai3="58,52,64,30,84,56,37,26,126,60,19,92,4"/><W94/><G126/><T12/><D127/><U82/><E125/><V25/><F129/><W134/><G134/><T16/><D132/><U77/><E0/><V79/><F135/><W45/><G4/><T1/><D117/><U44/><E120/><V73/><F121/><W107/><G107/><T81/><D48/><U63/><E38/><V80/><F51/><N who="3" m="28783" /><G37/><T31/><D24/><U116/><E116/><V17/><F33/><W13/><G30/><T43/><D43/><U110/><E110/><V85/><F32/><W78/><G26/><T112/><D112/><U40/><E14/><V111/><F25/><W18/><G18/><T124/><D124/><U36/><E96/><V41/><F17/><W131/><G131/><T8/><D57/><U100/><E100/><V114/><F105/><W65/><G78/><T101/><D61/><U113/><E113/><V122/><F79/><W54/><G65/><T70/><D70/><U98/><E98/><V109/><F66/><W20/><G84/><T6/><D6/><U95/><E36/><V28/><F69/><W86/><G86/><T102/><REACH who="0" step="1"/><D99/><REACH who="0" ten="169,260,358,203" step="2"/><U83/><E71/><V88/><F97/><W67/><G67/><T108/><D108/><U89/><E63/><AGARI ba="0,1" hai="13,19,20,54,56,58,60,63,64,92,94" m="28783" machi="63" ten="30,2900,0" yaku="8,1,54,1" doraHai="7" who="3" fromWho="1" sc="169,0,260,-29,358,0,203,39" /><INIT seed="3,1,0,4,0,51" ten="169,231,358,242" oya="3" hai0="107,108,87,135,85,46,91,26,89,73,30,6,88" hai1="86,97,33,68,60,96,90,127,125,17,70,112,57" hai2="82,79,121,100,123,63,53,48,83,32,111,74,132" hai3="128,58,67,101,20,69,38,24,104,118,80,52,65"/><W109/><G118/><T116/><D116/><U11/><E33/><V15/><F111/><W55/><G38/><T35/><D108/><U27/><E112/><V5/><F132/><W0/><G109/><T72/><D135/><U50/><E50/><V93/><F32/><W134/><G0/><T130/><D130/><U54/><E97/><V106/><F106/><W59/><G69/><T105/><D6/><U124/><E96/><N who="2" m="59407" /><F63/><N who="3" m="36295" /><G134/><T19/><D19/><U92/><E27/><V39/><F39/><W8/><G104/><T95/><D107/><U64/><E64/><V117/><F117/><W98/><G128/><T62/><D105/><U4/><E17/><V114/><F114/><W31/><G80/><T9/><D9/><U34/><E34/><V12/><F83/><W2/><G2/><AGARI ba="1,0" hai="2,4,11,54,57,60,68,70,86,90,92,124,125,127" machi="2" ten="40,2600,0" yaku="18,1,52,1" doraHai="51" who="1" fromWho="3" sc="169,0,231,29,358,0,242,-29" owari="169,-33.1,260,6.0,358,45.8,213,-18.7" /></mjloggm>