<mjloggm ver="2.3"><GO type="225" lobby="0"/><UN n0="%E6%80%AA%E3%81%97%E3%81%99%E3%81%8E%E3%82%8B%E3%83%81%E3%83%BC" n1="%E3%83%A9%E3%83%B3%E3%83%8A%E3%83%BC%E3%83%A9%E3%83%B3%E3%83%8A%E3%83%BC" n2="%72%69%6F%75%63%68%61%6E" n3="%E8%81%B7%E6%A5%AD%E3%80%81%E9%A2%A8%32" dan="16,16,17,16" rate="2169.01,2169.08,2212.57,2126.63" sx="M,M,M,M"/><TAIKYOKU oya="0"/><INIT seed="0,0,0,2,4,26" ten="250,250,250,250" oya="0" hai0="70,124,38,40,97,56,23,58,27,50,51,48,128" hai1="30,36,3,114,117,82,0,96,81,99,22,4,7" hai2="121,57,52,41,10,119,92,75,25,44,24,45,18" hai3="102,72,65,37,86,63,101,110,9,90,88,11,46"/><T32/><D32/><U106/><E117/><V42/><F121/><W59/><G110/><T98/><D70/><U77/><E36/><V67/><F119/><W12/><G72/><T94/><D128/><U5/><E114/><V85/><F75/><W118/><G118/><T73/><D73/><U29/><E106/><V105/><F105/><W108/><G108/><T135/><D124/><U122/><E22/><V62/><F67/><W14/><G46/><N who="2" m="18025" /><F10/><N who="3" m="3595" /><G37/><T95/><D135/><U47/><E47/><V76/><F76/><W126/><G90/><N who="0" m="55511" /><D40/><N who="2" m="15466" /><F18/><W107/><G107/><T132/><D38/><U39/><E39/><V16/><F16/><W130/><G126/><T66/><D66/><U133/><E77/><V112/><F112/><W120/><G130/><T131/><D132/><U64/><E133/><V33/><F33/><W21/><G120/><T79/><D79/><U74/><E64/><V19/><F19/><N who="3" m="10471" /><G14/><T113/><D113/><U115/><E115/><V129/><F129/><W116/><G116/><T125/><D125/><U60/><E74/><V71/><F71/><W34/><G34/><T89/><D131/><U6/><E122/><V93/><F93/><AGARI ba="0,0" hai="59,63,65,86,88,93,101,102" m="10471,3595" machi="93" ten="30,2000,0" yaku="8,1,54,1" doraHai="26" who="3" fromWho="2" sc="250,0,250,0,250,-20,250,20" /><INIT seed="1,0,0,1,5,52" ten="250,250,230,270" oya="1" hai0="99,131,38,102,50,21,81,67,104,124,9,35,15" hai1="37,133,76,62,103,29,72,115,90,94,57,75,110" hai2="106,28,113,117,11,71,114,32,3,0,18,7,5" hai3="116,121,33,25,43,47,22,6,109,10,30,34,65"/><U2/><E115/><N who="2" m="44043" /><F71/><W112/><G109/><T48/><D38/><U8/><E37/><V101/><F101/><W51/><G121/><T49/><D35/><U44/><E133/><V73/><F73/><W19/><G116/><T68/><D131/><U111/><E44/><V69/><F69/><W39/><G65/><T91/><D124/><U134/><E103/><V14/><F106/><W86/><G112/><T107/><D21/><U41/><E134/><V61/><F61/><W125/><G125/><T123/><D104/><U20/><E76/><V23/><F117/><W53/><G86/><T105/><D105/><U84/><E41/><V77/><F77/><W79/><G30/><T58/><D123/><U63/><E63/><V46/><F46/><W85/><G85/><T120/><D120/><U129/><E129/><V24/><F5/><W55/><G79/><T64/><D68/><U132/><E132/><V122/><F122/><W128/><G55/><T130/><D130/><U16/><E8/><V119/><F119/><W82/><G82/><T36/><D36/><U60/><E60/><V12/><AGARI ba="0,0" hai="0,3,7,11,12,14,18,23,24,28,32" m="44043" machi="12" ten="30,4000,0" yaku="11,1,34,2" doraHai="52" who="2" fromWho="2" sc="250,-10,250,-20,230,40,270,-10" /><INIT seed="2,0,0,3,4,120" ten="240,230,270,260" oya="2" hai0="34,128,118,0,92,57,77,126,100,73,2,46,76" hai1="31,133,11,78,19,119,1,69,116,25,127,71,51" hai2="40,117,49,67,88,58,14,23,89,135,48,54,110" hai3="68,21,82,124,26,50,22,53,112,30,98,108,32"/><V70/><F110/><W3/><G68/><T41/><D34/><U43/><E78/><V86/><F117/><W114/><G108/><T59/><D118/><U36/><E36/><V33/><F33/><W7/><G124/><T94/><D126/><U42/><E51/><V103/><F135/><W27/><G98/><T122/><D122/><U75/><E19/><N who="2" m="10743" /><F70/><W10/><G82/><T91/><D128/><U111/><E11/><V134/><F134/><W55/><G55/><T44/><D91/><U72/><E25/><V121/><F121/><W101/><G101/><T132/><D41/><U107/><E133/><V37/><F37/><W64/><G64/><T52/><D132/><U93/><E93/><N who="2" m="54423" /><F103/><W28/><REACH who="3" step="1"/><G32/><REACH who="3" ten="240,230,270,250" step="2"/><T97/><D100/><U96/><E119/><V129/><F129/><W61/><G61/><T65/><D65/><U131/><E116/><V95/><F67/><W35/><G35/><T99/><D73/><U62/><E131/><V39/><F40/><W56/><AGARI ba="0,1" hai="3,7,10,21,22,26,27,28,30,50,53,56,112,114" machi="56" ten="30,4000,0" yaku="1,1,0,1,9,1,53,0" doraHai="120" doraHaiUra="13" who="3" fromWho="3" sc="240,-10,230,-10,270,-20,250,50" /><INIT seed="3,0,0,2,3,46" ten="230,220,250,300" oya="3" hai0="87,36,102,5,73,122,104,69,117,25,4,38,64" hai1="49,55,20,54,22,62,29,75,93,132,13,74,12" hai2="90,109,37,47,120,100,33,41,131,105,85,59,108" hai3="106,19,44,127,89,99,63,112,111,8,50,67,51"/><W58/><G112/><T14/><D117/><U35/><E35/><V39/><F131/><W126/><G111/><N who="2" m="42569" /><F33/><W65/><G65/><T28/><D73/><U114/><E114/><V57/><F120/><W24/><G44/><T17/><D122/><U86/><E132/><V61/><F37/><N who="0" m="14442" /><D87/><U34/><E34/><V113/><F113/><W30/><G8/><T52/><D52/><N who="1" m="20011" /><E62/><V16/><F16/><W48/><G19/><T103/><D17/><U53/><E75/><V76/><F76/><W110/><G110/><T70/><D14/><N who="1" m="5739" /><E74/><V71/><F100/><N who="0" m="38442" /><D104/><U21/><E29/><V101/><F101/><W42/><G42/><T107/><D107/><U10/><E10/><V3/><F3/><W79/><G106/><T23/><D64/><U1/><E1/><V2/><F2/><W32/><G79/><T95/><D95/><U0/><E0/><V68/><F105/><W133/><G133/><T97/><D97/><U124/><E124/><N who="3" m="47658" /><G99/><T26/><D26/><U96/><E86/><V31/><F31/><W91/><AGARI ba="0,0" hai="24,30,32,48,50,51,58,63,67,89,91" m="47658" machi="91" ten="40,12000,1" yaku="18,1,52,3" doraHai="46" who="3" fromWho="3" sc="230,-40,220,-40,250,-40,300,120" owari="190,-21.0,180,-32.0,210,1.0,420,52.0" /></mjloggm>