<mjloggm ver="2.3"><GO type="225" lobby="0"/><UN n0="%E3%81%8B%E3%82%8F%E3%81%A1%E3%82%83%E3%82%93%35%38" n1="%72%69%6F%75%63%68%61%6E" n2="%E5%8D%A0%E3%81%84%E5%B8%AB%E8%A3%8F%E3%81%AA%E3%81%84%E3%81%97" n3="%E3%82%AB%E3%83%AA%E3%82%A3%EF%BC%91%EF%BC%99" dan="17,17,17,16" rate="2197.60,2179.94,2160.29,2163.10" sx="M,M,M,M"/><TAIKYOKU oya="0"/><INIT seed="0,0,0,3,5,83" ten="250,250,250,250" oya="0" hai0="34,4,26,79,16,60,81,89,102,11,51,115,37" hai1="54,41,129,114,68,53,44,36,29,108,80,35,74" hai2="52,48,91,71,65,123,98,101,3,66,22,25,58" hai3="57,99,127,93,13,31,107,87,30,121,130,76,33"/><T59/><D37/><U15/><E108/><V104/><F123/><W10/><G121/><T47/><D115/><U45/><E114/><V95/><F3/><W94/><G107/><T117/><D117/><U100/><E129/><V39/><F71/><W46/><G130/><T84/><D102/><U85/><E68/><V32/><F32/><W118/><G118/><T72/><D34/><U126/><E126/><V73/><F73/><W14/><G127/><T128/><D128/><U97/><E74/><V5/><F5/><W55/><G33/><T8/><D4/><U9/><E45/><V125/><F39/><W69/><G69/><T106/><D106/><U131/><E131/><V122/><F125/><W88/><G46/><T21/><D79/><U17/><E29/><N who="3" m="10762" /><G10/><T7/><D7/><U124/><E124/><V67/><F122/><W63/><G76/><T49/><D72/><U112/><E112/><V70/><F70/><W120/><G120/><T19/><D19/><U110/><E110/><V2/><F2/><W0/><G0/><T105/><D105/><U96/><E35/><V28/><REACH who="2" step="1"/><F67/><REACH who="2" ten="250,250,240,250" step="2"/><W12/><G12/><T6/><D6/><U119/><E119/><V20/><F20/><W113/><G113/><T64/><REACH who="0" step="1"/><D51/><REACH who="0" ten="240,250,240,250" step="2"/><U92/><E36/><V75/><F75/><W61/><G61/><T50/><D50/><U133/><E17/><V135/><F135/><W109/><G109/><T82/><D82/><U116/><E133/><V27/><F27/><W56/><G56/><T86/><D86/><AGARI ba="0,2" hai="22,25,28,48,52,58,65,66,86,91,95,98,101,104" machi="86" ten="30,7700,0" yaku="1,1,7,1,52,1,54,1,53,0" doraHai="83" doraHaiUra="38" who="2" fromWho="0" sc="240,-77,250,0,240,97,250,0" /><INIT seed="1,0,0,5,5,40" ten="163,250,337,250" oya="1" hai0="12,130,3,9,89,14,43,95,59,121,125,58,67" hai1="94,45,11,66,0,116,114,62,32,87,129,126,81" hai2="76,97,73,118,37,17,7,35,92,91,117,82,78" hai3="88,4,56,69,84,63,5,105,34,72,99,127,2"/><U112/><E116/><V8/><F35/><W48/><G34/><T98/><D125/><U50/><E32/><V19/><F37/><W54/><G127/><T38/><D130/><U39/><E126/><V13/><F19/><W70/><G72/><T33/><D121/><U57/><E129/><V44/><F76/><W103/><G2/><T36/><D33/><U46/><E94/><V65/><F65/><W21/><G21/><T102/><D3/><U133/><E133/><V1/><REACH who="2" step="1"/><F44/><REACH who="2" ten="163,250,327,250" step="2"/><W134/><G134/><T42/><D38/><U128/><E128/><V120/><F120/><W22/><G70/><T20/><D36/><U101/><E39/><V68/><F68/><W110/><G69/><T51/><D59/><U115/><E101/><V18/><F18/><W109/><G5/><N who="0" m="3119" /><D102/><U132/><E132/><V107/><F107/><W55/><G4/><T31/><D67/><U75/><E75/><V25/><F25/><W53/><G22/><AGARI ba="0,1" hai="1,7,8,13,17,22,73,78,82,91,92,97,117,118" machi="22" ten="30,3900,0" yaku="1,1,7,1,53,1" doraHai="40" doraHaiUra="86" who="2" fromWho="3" sc="163,0,250,0,327,49,250,-39" /><INIT seed="2,0,0,2,0,115" ten="163,250,376,211" oya="2" hai0="25,128,53,60,110,132,52,23,16,122,12,13,6" hai1="97,107,79,90,111,66,10,8,105,62,41,59,123" hai2="87,35,65,49,104,1,5,119,129,26,77,34,63" hai3="68,15,133,121,113,125,102,80,85,20,76,116,55"/><V9/><F129/><W91/><G121/><T100/><D122/><U81/><E123/><V11/><F119/><W131/><G68/><T117/><D128/><U38/><E111/><V70/><F49/><W108/><G55/><T67/><D110/><U74/><E38/><V45/><F87/><W96/><G15/><T30/><D132/><U57/><E41/><V4/><F45/><W7/><G20/><T88/><D100/><U101/><E107/><V58/><F58/><W3/><G7/><T82/><D6/><U61/><E90/><V33/><F77/><W93/><G3/><T21/><D12/><U37/><E37/><V46/><F46/><W103/><G113/><T95/><D82/><U44/><E44/><V75/><F75/><W19/><G19/><T73/><D73/><U48/><E48/><V120/><F120/><W29/><G29/><T126/><D126/><U42/><E42/><V50/><F50/><W40/><G40/><T51/><D51/><U22/><E22/><V56/><F56/><W2/><G2/><T135/><D117/><U98/><E97/><V28/><F104/><W127/><G116/><T64/><D135/><U130/><E130/><V72/><F72/><N who="3" m="43015" /><G108/><T32/><D32/><U78/><E78/><V99/><F99/><W89/><G133/><T71/><D64/><AGARI ba="0,0" hai="8,10,57,59,61,62,64,66,74,79,81,98,101,105" machi="64" ten="30,2000,0" yaku="7,1,9,1" doraHai="115" who="1" fromWho="0" sc="163,-20,250,20,376,0,211,0" /><INIT seed="3,0,0,1,3,109" ten="143,270,376,211" oya="3" hai0="108,112,133,126,131,45,122,63,41,99,101,17,4" hai1="121,2,51,127,36,70,83,18,118,22,88,68,114" hai2="31,90,79,97,30,123,72,105,130,111,85,135,32" hai3="44,21,107,104,13,10,120,78,132,80,100,35,93"/><W60/><G120/><T76/><D122/><U86/><E114/><V6/><F111/><W117/><G117/><T128/><D108/><U58/><E121/><V77/><F130/><W40/><G132/><T0/><D0/><U103/><E36/><V24/><F6/><W5/><G35/><T16/><D4/><U42/><E2/><V28/><F135/><W62/><G21/><T69/><D133/><U92/><E118/><V66/><F123/><W11/><G11/><T55/><D76/><U94/><E127/><V9/><F66/><W81/><G93/><T61/><D126/><U115/><E115/><V8/><F79/><W119/><G81/><T71/><D99/><N who="1" m="59879" /><E70/><N who="0" m="26633" /><D101/><U84/><E68/><V129/><F129/><N who="0" m="49738" /><D55/><N who="1" m="32127" /><E83/><V54/><F54/><W106/><G100/><T46/><D112/><U43/><E84/><V20/><F77/><W56/><G119/><T25/><D25/><AGARI ba="0,0" hai="18,22,25,42,43,86,88,94" m="32127,59879" machi="25" ten="30,2000,0" yaku="8,1,54,1" doraHai="109" who="1" fromWho="0" sc="143,-20,270,20,376,0,211,0" owari="123,-37.7,290,9.0,376,47.6,211,-18.9" /></mjloggm>