<mjloggm ver="2.3"><GO type="225" lobby="0"/><UN n0="%E8%BE%9B%E5%8F%A3%E3%82%AB%E3%83%AC%E3%83%BC%E3%83%A9%E3%82%A4%E3%82%B9" n1="%73%6C%69%63%6B%33%31%39" n2="%E3%81%86%E3%81%A9%E3%82%93%E3%81%93" n3="%E3%83%AB%E3%83%9B%E3%83%B3%E3%83%87%E3%82%A3%E3%82%A8" dan="16,17,16,17" rate="2131.18,2170.05,2168.82,2190.95" sx="M,M,M,M"/><TAIKYOKU oya="0"/><INIT seed="0,0,0,4,4,135" ten="250,250,250,250" oya="0" hai0="20,70,18,39,96,106,85,98,52,48,36,56,25" hai1="80,28,47,123,14,63,88,61,54,81,101,26,31" hai2="130,49,107,45,23,78,15,68,82,93,91,111,102" hai3="69,84,109,131,59,8,108,128,53,95,2,72,37"/><T1/><D1/><U105/><E123/><V16/><F68/><W87/><G2/><T12/><D70/><U22/><E105/><V99/><F111/><N who="3" m="42571" /><G8/><T44/><D106/><U32/><E101/><V50/><F130/><N who="3" m="49707" /><G69/><T67/><D39/><U29/><E14/><V114/><F114/><W10/><G10/><T127/><D127/><U3/><E3/><V124/><F124/><W71/><G71/><T55/><D67/><U27/><E29/><V62/><F62/><N who="3" m="36207" /><G72/><T5/><D85/><N who="3" m="32841" /><G95/><T118/><D118/><U33/><E22/><V42/><F50/><W115/><G37/><T112/><D112/><AGARI ba="0,0" hai="112,115" m="32841,36207,49707,42571" machi="112" ten="40,2600,0" yaku="14,1,19,1" doraHai="135" who="3" fromWho="0" sc="250,-26,250,0,250,0,250,26" /><INIT seed="1,0,0,0,0,30" ten="224,250,250,276" oya="1" hai0="104,67,60,96,129,114,15,79,47,108,112,12,116" hai1="13,113,133,118,46,10,80,128,68,82,100,131,89" hai2="93,126,1,40,120,85,45,102,130,90,48,86,11" hai3="53,17,4,8,58,115,77,33,56,71,132,91,74"/><U49/><E113/><V105/><F120/><W110/><G71/><T72/><D116/><U9/><E118/><V23/><F130/><N who="1" m="49705" /><E133/><V78/><F126/><W124/><G115/><T63/><D129/><U117/><E117/><V7/><F105/><W24/><G74/><T28/><D108/><U99/><E68/><V95/><F23/><W59/><G77/><T43/><D72/><U31/><E31/><V65/><F65/><W22/><G110/><T97/><D79/><U16/><E10/><V73/><F73/><W2/><G124/><T0/><D0/><U36/><E36/><V52/><F40/><W109/><G109/><T5/><D28/><U64/><E64/><V42/><F42/><W92/><G132/><T107/><D43/><N who="1" m="24799" /><E89/><V125/><F125/><W83/><G83/><T76/><D67/><U55/><E55/><V103/><F78/><W54/><REACH who="3" step="1"/><G33/><REACH who="3" ten="224,250,250,266" step="2"/><T20/><D76/><U50/><E50/><V21/><F21/><W134/><G134/><T135/><D20/><U14/><E14/><V61/><F61/><W32/><G32/><T123/><D135/><U57/><E57/><V66/><F66/><W101/><G101/><T62/><D114/><U29/><E29/><V26/><F26/><W81/><G81/><T94/><D112/><U3/><E3/><V111/><F111/><W106/><G106/><AGARI ba="0,1" hai="9,13,16,80,82,99,100,106" m="24799,49705" machi="106" ten="30,2900,0" yaku="19,1,54,1" doraHai="30" who="1" fromWho="3" sc="224,0,250,39,250,0,266,-29" /><INIT seed="1,1,0,5,2,29" ten="224,289,250,237" oya="1" hai0="43,3,81,108,68,107,122,8,124,120,61,118,60" hai1="64,78,102,63,119,69,83,9,73,72,115,99,17" hai2="105,79,24,2,37,6,129,59,19,30,106,27,103" hai3="40,12,21,89,53,44,77,123,33,34,131,84,5"/><U28/><E115/><V62/><F37/><W104/><G104/><T54/><D118/><U41/><E119/><V36/><F36/><W110/><G123/><N who="0" m="47147" /><D107/><U126/><E126/><V32/><F129/><W100/><G100/><T55/><D81/><U66/><E41/><V50/><F50/><N who="3" m="26887" /><G131/><T25/><D25/><U75/><E64/><V121/><F121/><W135/><G135/><T130/><D130/><U4/><E17/><V18/><F79/><W76/><G110/><T70/><D8/><U0/><E28/><V26/><F105/><AGARI ba="1,0" hai="0,4,9,63,66,69,72,73,75,78,83,99,102,105" machi="105" ten="30,11600,0" yaku="7,1,33,3" doraHai="29" who="1" fromWho="2" sc="224,0,289,119,250,-119,237,0" /><INIT seed="1,2,0,3,0,99" ten="224,408,131,237" oya="1" hai0="100,116,18,36,95,102,134,6,47,46,83,85,106" hai1="56,33,104,108,16,111,3,53,117,63,1,67,30" hai2="91,68,126,80,64,122,113,34,14,103,94,96,9" hai3="110,60,88,73,59,4,79,82,8,90,66,118,22"/><U44/><E117/><V112/><F122/><W15/><G110/><N who="1" m="42026" /><E33/><V11/><F34/><W21/><G118/><T2/><D116/><U105/><E30/><V49/><F126/><W35/><G35/><T123/><D106/><N who="1" m="41067" /><E16/><N who="2" m="8271" /><F11/><W54/><REACH who="3" step="1"/><G66/><REACH who="3" ten="224,408,131,227" step="2"/><T24/><D123/><U125/><E125/><V75/><F64/><W98/><G98/><T40/><D134/><U0/><E44/><V92/><F68/><W12/><G12/><T10/><D46/><U133/><E133/><V62/><F62/><W107/><G107/><T45/><D45/><U65/><AGARI ba="2,1" hai="0,1,3,53,56,63,65,67" m="41067,42026" machi="65" ten="40,3900,0" yaku="14,1,10,1" doraHai="99" who="1" fromWho="1" sc="224,-15,408,55,131,-15,227,-15" /><INIT seed="1,3,0,4,5,27" ten="209,463,116,212" oya="1" hai0="66,101,22,118,106,15,92,119,67,121,41,76,123" hai1="96,74,86,38,128,104,78,77,95,5,2,59,45" hai2="36,9,47,113,33,107,72,57,12,16,54,71,84" hai3="109,68,134,40,3,100,28,62,26,117,1,39,127"/><U82/><E128/><V4/><F72/><W53/><G53/><T51/><D106/><U55/><E104/><V135/><F71/><W6/><G6/><T42/><D76/><U122/><E122/><N who="0" m="46601" /><D92/><U19/><E19/><V8/><F107/><W11/><G11/><T31/><D101/><U87/><E78/><V102/><F102/><W80/><G100/><T110/><D15/><U73/><E73/><V126/><F135/><W44/><G134/><T52/><D22/><U65/><E65/><N who="0" m="24585" /><D31/><U132/><E132/><V50/><F126/><W105/><G105/><T23/><D23/><U30/><E30/><V133/><F133/><W14/><G14/><T70/><D70/><U43/><E5/><V124/><F124/><W69/><G127/><T89/><D89/><U63/><E2/><V130/><F130/><W18/><G18/><T94/><D94/><U49/><E74/><V29/><F113/><W34/><G69/><T112/><D110/><U114/><E114/><V75/><F75/><W129/><G109/><T24/><D24/><U111/><E111/><V83/><F36/><W81/><G129/><T79/><D79/><U32/><E32/><V116/><F116/><N who="0" m="44586" /><D112/><U131/><E131/><V13/><F33/><W60/><G68/><T120/><N who="0" m="46609" /><T85/><DORA hai="103" /><D85/><N who="1" m="48335" /><E38/><V0/><F0/><N who="3" m="75" /><G117/><T61/><D61/><N who="3" m="23657" /><G81/><T21/><D21/><U48/><E63/><V97/><F97/><W17/><G17/><T88/><D88/><AGARI ba="3,0" hai="43,45,48,49,55,59,86,87,88,95,96" m="48335" machi="88" ten="30,2900,0" yaku="8,1,54,1" doraHai="27,103" who="1" fromWho="0" sc="209,-38,463,38,116,0,212,0" /><INIT seed="1,4,0,1,5,20" ten="171,501,116,212" oya="1" hai0="130,107,64,49,62,75,0,1,55,24,41,122,82" hai1="135,127,53,19,116,93,61,4,16,27,15,101,23" hai2="120,13,111,134,121,76,40,115,113,94,91,103,10" hai3="46,100,38,86,30,31,98,17,119,33,133,32,2"/><U90/><E116/><V85/><F40/><N who="3" m="22807" /><G17/><T87/><D107/><U95/><E127/><V126/><F13/><W112/><G86/><T123/><D75/><U80/><E135/><V34/><F34/><W14/><G14/><T74/><D130/><U50/><E61/><V66/><F66/><W81/><G81/><T68/><D74/><U83/><E4/><V108/><F10/><W110/><G2/><T22/><D24/><U35/><E101/><V84/><F103/><W125/><G112/><N who="2" m="43081" /><F134/><W71/><G71/><T89/><D0/><U5/><E5/><V73/><F73/><W37/><G37/><T99/><D1/><U77/><E35/><V54/><F54/><W69/><G69/><T60/><D68/><U51/><E93/><V132/><F132/><W3/><G3/><T104/><D104/><U59/><E51/><V29/><F29/><W6/><G6/><T88/><D49/><U63/><E77/><V118/><F126/><W28/><G125/><T67/><D87/><N who="1" m="52703" /><E63/><V97/><F84/><W129/><G119/><T42/><D82/><U48/><E50/><V92/><F118/><W36/><G36/><T96/><D96/><U124/><E124/><V25/><F25/><N who="3" m="18447" /><G30/><T109/><D99/><U70/><E70/><V9/><F9/><AGARI ba="4,0" hai="9,15,16,19,23,27,48,53,59,80,83" m="52703" machi="9" ten="30,5800,0" yaku="8,1,52,1,54,1" doraHai="20" who="1" fromWho="2" sc="171,0,501,70,116,-70,212,0" /><INIT seed="1,5,0,0,0,66" ten="171,571,46,212" oya="1" hai0="89,13,31,34,92,68,61,106,90,42,72,74,15" hai1="96,121,88,116,16,47,91,97,60,82,46,28,128" hai2="4,48,5,26,35,132,95,49,23,105,77,134,44" hai3="27,18,79,135,69,58,127,36,103,101,81,63,93"/><U115/><E115/><V3/><F105/><W70/><G36/><T9/><D106/><U108/><E116/><V98/><F35/><W109/><G109/><T110/><D110/><U19/><E121/><V114/><F77/><W112/><G112/><T40/><D34/><U131/><E108/><V7/><F3/><W87/><G135/><T80/><D31/><U43/><E28/><V73/><F73/><W6/><G6/><T2/><D2/><U33/><E33/><V55/><F114/><W41/><G41/><T59/><D68/><U37/><E60/><V30/><F132/><W71/><G127/><T122/><D122/><U119/><E119/><V50/><REACH who="2" step="1"/><F134/><REACH who="2" ten="171,571,36,212" step="2"/><W62/><G79/><T64/><D74/><U57/><E131/><V124/><F124/><W83/><G71/><T20/><D72/><U84/><E128/><V54/><F54/><W104/><G69/><T85/><D42/><U51/><E57/><V56/><F56/><W65/><G70/><T107/><D40/><U25/><E37/><V14/><F14/><W75/><G58/><T12/><D107/><U21/><E47/><V0/><F0/><W130/><G75/><T99/><REACH who="0" step="1"/><D20/><REACH who="0" ten="161,571,36,212" step="2"/><U76/><E21/><V8/><F8/><AGARI ba="5,2" hai="8,9,12,13,15,59,61,64,80,85,89,90,92,99" machi="8" ten="40,12000,2" yaku="1,1,2,1,8,1,53,3" doraHai="66" doraHaiUra="11" who="0" fromWho="2" sc="161,155,571,0,36,-135,212,0" owari="316,11.6,571,67.1,-99,-59.9,212,-18.8" /></mjloggm>