<mjloggm ver="2.3"><GO type="225" lobby="0"/><UN n0="%E3%81%95%E3%81%8D%E3%81%9F%E3%81%BE%E6%9E%97%E6%AA%8E" n1="%72%65%6E%6B%75%6E" n2="%E3%81%A4%E3%81%A3%E3%81%B1%E3%82%8A%E3%83%9D%E3%83%BC%E3%83%AB" n3="%E3%81%B2%E3%81%AA%E3%81%AE%E3%82%8A%E3%81%8F" dan="16,17,16,17" rate="2060.02,2280.88,2107.41,2132.60" sx="M,M,M,M"/><TAIKYOKU oya="0"/><INIT seed="0,0,0,4,1,91" ten="250,250,250,250" oya="0" hai0="1,6,122,33,92,84,68,22,109,87,123,117,62" hai1="69,112,99,38,4,59,21,25,61,29,111,72,97" hai2="71,125,74,57,100,70,5,101,46,120,2,86,89" hai3="10,115,116,41,113,103,47,65,23,104,34,63,27"/><T55/><D117/><U0/><E111/><V14/><F74/><W24/><G116/><T83/><D33/><U50/><E38/><V19/><F120/><W36/><G27/><T51/><D123/><U43/><E72/><V133/><F125/><W54/><G54/><T93/><D122/><U94/><E112/><V15/><F133/><W81/><G10/><T134/><D134/><U108/><E108/><V37/><F2/><W28/><G81/><T49/><D109/><U30/><E69/><V18/><F5/><W98/><REACH who="3" step="1"/><G23/><REACH who="3" ten="250,250,250,240" step="2"/><T35/><D22/><U75/><E21/><V127/><F127/><W90/><G90/><T110/><D110/><U44/><E25/><V60/><F89/><W132/><G132/><T105/><D83/><U131/><E0/><V17/><F15/><W118/><G118/><T124/><D55/><U79/><E79/><V31/><F14/><W64/><G64/><T11/><D11/><U77/><E77/><V76/><F76/><W32/><G32/><T114/><D35/><U85/><E75/><V96/><F18/><W48/><G48/><T12/><D12/><U26/><E26/><V78/><F17/><W129/><G129/><T128/><D128/><U58/><E131/><V7/><F19/><W40/><G40/><T107/><D124/><U39/><E4/><V45/><F7/><W8/><G8/><T80/><D80/><U9/><E9/><V67/><F67/><W126/><G126/><T3/><D6/><U13/><E13/><V88/><F78/><W73/><G73/><T53/><D1/><U42/><E42/><RYUUKYOKU ba="0,1" sc="250,-10,250,-10,250,-10,240,30" hai3="24,28,34,36,41,47,63,65,98,103,104,113,115" /><INIT seed="1,1,1,5,2,47" ten="240,240,240,270" oya="1" hai0="41,9,68,8,126,12,99,100,94,22,48,129,23" hai1="79,67,28,102,43,65,20,125,117,42,72,7,127" hai2="80,57,103,4,135,44,98,115,70,56,16,37,82" hai3="61,0,1,133,49,92,31,104,66,121,11,17,105"/><U26/><E117/><V19/><F70/><W87/><G121/><T97/><D129/><U35/><E7/><V69/><F69/><W18/><G31/><T15/><D126/><N who="1" m="48139" /><E102/><V113/><F135/><W63/><G133/><T32/><D32/><U131/><E131/><V89/><F4/><W54/><G92/><N who="0" m="58407" /><D68/><U84/><E72/><V128/><F128/><W86/><G54/><T27/><D27/><N who="1" m="18847" /><E84/><V14/><F103/><W112/><G11/><N who="0" m="4171" /><D15/><U91/><E91/><V106/><F89/><W21/><G21/><T130/><D130/><U75/><E79/><V122/><F14/><W25/><G25/><T29/><D12/><U77/><E77/><V36/><F106/><W78/><G78/><T101/><D29/><N who="1" m="17607" /><E75/><V58/><F98/><W83/><G83/><T40/><D23/><U51/><E51/><V73/><F82/><W50/><REACH who="3" step="1"/><G112/><REACH who="3" ten="240,240,240,260" step="2"/><T76/><D76/><U71/><E67/><AGARI ba="1,2" hai="0,1,17,18,49,50,61,63,66,67,86,87,104,105" machi="67" ten="25,12000,2" yaku="1,1,2,1,22,2,52,2,53,0" doraHai="47" doraHaiUra="10" who="3" fromWho="1" sc="240,0,240,-123,240,0,260,143" /><INIT seed="2,0,0,1,5,119" ten="240,117,240,403" oya="2" hai0="53,9,92,45,8,85,50,15,117,107,16,54,118" hai1="91,52,77,31,130,70,110,100,65,13,135,2,29" hai2="20,112,17,89,40,26,84,33,105,133,101,122,67" hai3="60,37,81,134,41,49,22,74,11,35,47,106,98"/><V80/><F112/><W124/><G35/><T71/><D71/><U66/><E2/><V132/><F122/><W78/><G134/><N who="2" m="51817" /><F40/><W79/><G79/><T109/><D109/><U1/><E1/><V131/><F131/><W120/><G120/><T19/><D107/><U28/><E135/><V51/><F67/><W4/><G22/><T59/><D92/><U55/><E130/><V73/><F51/><W103/><G60/><T102/><D102/><U30/><N who="1" m="7168" /><DORA hai="83" /><U36/><E36/><V10/><F33/><W12/><G124/><T116/><D85/><U5/><E110/><V126/><F10/><N who="0" m="4202" /><D15/><U34/><E34/><V63/><F63/><AGARI ba="0,0" hai="16,19,45,50,53,54,59,63,116,117,118" m="4202" machi="63" ten="30,2000,0" yaku="12,1,54,1" doraHai="119,83" who="0" fromWho="2" sc="240,20,117,0,240,-20,403,0" /><INIT seed="3,0,0,5,3,9" ten="260,117,220,403" oya="3" hai0="22,85,54,2,124,116,126,14,52,6,31,94,78" hai1="5,55,0,43,1,28,122,107,36,3,112,56,13" hai2="40,96,17,49,113,10,72,98,15,95,50,58,105" hai3="89,59,123,91,46,102,125,27,44,37,108,118,47"/><W60/><G118/><T83/><D2/><U16/><E107/><V8/><F113/><W74/><G74/><T71/><D71/><U29/><E36/><V120/><F72/><W110/><G123/><T134/><D134/><U20/><E43/><V68/><F68/><W70/><G70/><T33/><D33/><U119/><E56/><V23/><F105/><W111/><G102/><T76/><D76/><U84/><E84/><V12/><F120/><W62/><G37/><T100/><D116/><U7/><E122/><V69/><F69/><W135/><G135/><T80/><D80/><U45/><E45/><N who="2" m="25767" /><F8/><W133/><G133/><T106/><D106/><U66/><E66/><V97/><F50/><W88/><G125/><T61/><D61/><U30/><E55/><V79/><F79/><W42/><G42/><T73/><D73/><U128/><E119/><V35/><F35/><W104/><G104/><T87/><D52/><U109/><E112/><V19/><F58/><W39/><G39/><T25/><D54/><U132/><E132/><V11/><F11/><W103/><G59/><T131/><D78/><U86/><E86/><V65/><F65/><W115/><G115/><T64/><D87/><U4/><E109/><V51/><F51/><W82/><G108/><T32/><D85/><U38/><E38/><V18/><F95/><W77/><G111/><T48/><D64/><U129/><AGARI ba="0,0" hai="0,1,3,4,5,7,13,16,20,28,29,30,128,129" machi="129" ten="50,16000,3" yaku="0,1,29,2,34,3,52,1,54,1" doraHai="9" who="1" fromWho="1" sc="260,-40,117,160,220,-40,403,-80" owari="220,-18.0,277,7.7,180,-32.0,323,42.3" /></mjloggm>