<mjloggm ver="2.3"><GO type="225" lobby="0"/><UN n0="%72%61%6B%33" n1="%6B%79%6F%6E%6B%6F%31%31" n2="%E3%83%A9%E3%83%96%E3%83%AC%E3%83%BC" n3="%E3%81%A1%E3%82%85%E3%81%86%E3%81%A9%E3%81%8F%E8%B1%A1%E3%81%95%E3%82%93" dan="16,17,18,17" rate="2165.12,2203.12,2259.66,2194.88" sx="M,M,M,M"/><TAIKYOKU oya="0"/><INIT seed="0,0,0,3,2,28" ten="250,250,250,250" oya="0" hai0="58,29,130,50,127,112,7,12,25,49,124,83,17" hai1="104,48,63,40,45,5,57,116,129,11,126,101,97" hai2="30,38,122,108,3,8,65,61,22,84,78,103,88" hai3="35,92,16,85,95,39,133,36,98,111,82,44,77"/><T67/><D112/><U41/><E126/><V13/><F122/><W32/><G111/><T134/><D130/><U23/><E129/><V121/><F3/><W53/><G133/><T21/><D134/><U15/><E116/><V70/><F108/><W2/><G2/><T120/><D120/><U135/><E135/><V10/><F38/><W117/><G117/><T79/><D7/><U59/><E40/><V72/><F72/><W80/><G95/><T69/><D69/><U43/><E43/><V4/><F103/><W73/><G16/><T105/><D105/><U18/><REACH who="1" step="1"/><E63/><REACH who="1" ten="250,240,250,250" step="2"/><V132/><F61/><W110/><G110/><T90/><D127/><U75/><E75/><V42/><F42/><W6/><G36/><T102/><D124/><U20/><E20/><V107/><F22/><W93/><G39/><T74/><D74/><U37/><E37/><V19/><F132/><W60/><G60/><T14/><D21/><U68/><E68/><V66/><F70/><W99/><G73/><T125/><D125/><U123/><E123/><V128/><F128/><W109/><G109/><T9/><D49/><U34/><E34/><V114/><F121/><W51/><G32/><T24/><D50/><U131/><E131/><V33/><F33/><W119/><G35/><T1/><D9/><U64/><E64/><V0/><F66/><W87/><G119/><T76/><D67/><U54/><E54/><V46/><F65/><W94/><REACH who="3" step="1"/><G6/><REACH who="3" ten="250,240,250,240" step="2"/><T71/><D71/><U115/><E115/><V113/><F4/><W106/><G106/><T55/><D29/><U31/><E31/><RYUUKYOKU ba="0,2" sc="250,-15,240,15,250,-15,240,15" hai1="5,11,15,18,23,41,45,48,57,59,97,101,104" hai3="44,51,53,77,80,82,85,87,92,93,94,98,99" /><INIT seed="1,1,2,4,5,22" ten="235,255,235,255" oya="1" hai0="76,100,25,36,32,29,30,135,56,99,68,58,42" hai1="19,130,20,49,37,39,134,88,117,126,18,118,27" hai2="81,44,15,55,24,119,1,47,17,9,59,54,33" hai3="61,106,52,38,50,108,40,125,62,72,110,103,78"/><U105/><E105/><V70/><F119/><W94/><G106/><T53/><D135/><U121/><E121/><V34/><F70/><W122/><G122/><T113/><D113/><U3/><E39/><V69/><F69/><W5/><G125/><T65/><D76/><U111/><E37/><V87/><F1/><W91/><G103/><T96/><D29/><U104/><E104/><V92/><F92/><W67/><G5/><T16/><D16/><U10/><E126/><V48/><F24/><W79/><G72/><T46/><D100/><U112/><E112/><V13/><F13/><W57/><G61/><N who="0" m="39983" /><D56/><U86/><E134/><V128/><F128/><W93/><G38/><T11/><D11/><U73/><E73/><V84/><F84/><N who="3" m="52455" /><G94/><T132/><D132/><U127/><E130/><V116/><F116/><W109/><G40/><T90/><D90/><U26/><E127/><V51/><F59/><AGARI ba="1,2" hai="50,52,57,59,62,67,78,79,108,109,110" m="52455" machi="59" ten="30,2000,0" yaku="14,1,54,1" doraHai="22" who="3" fromWho="2" sc="235,0,255,0,235,-23,255,43" /><INIT seed="2,0,0,1,3,75" ten="235,255,212,298" oya="2" hai0="104,40,39,16,33,131,41,119,0,129,108,114,61" hai1="134,46,82,115,63,128,48,17,72,101,107,135,91" hai2="14,78,3,26,84,109,100,116,7,24,36,43,44" hai3="71,45,60,80,79,122,13,62,6,35,38,51,30"/><V99/><F116/><W2/><G122/><T37/><D104/><U133/><E115/><V77/><F3/><W120/><G120/><T66/><D0/><U125/><E107/><V123/><F123/><W32/><G71/><T56/><D33/><U52/><E101/><V86/><F109/><W50/><G38/><N who="0" m="14347" /><D16/><U130/><E63/><V118/><F118/><W15/><G2/><T89/><D89/><U126/><E17/><V76/><F7/><W97/><G6/><T8/><D8/><U92/><E82/><V110/><F110/><W73/><G97/><T88/><D88/><U12/><E12/><V1/><F14/><W87/><G73/><T103/><D103/><U28/><E28/><V23/><F1/><W102/><G102/><T127/><D108/><U113/><E72/><V4/><F4/><W106/><G106/><T11/><D11/><U93/><E113/><V31/><REACH who="2" step="1"/><F26/><REACH who="2" ten="235,255,202,298" step="2"/><W121/><G121/><T132/><D119/><U10/><E10/><V18/><F18/><W68/><G13/><T64/><D114/><U54/><E54/><V111/><F111/><W70/><G15/><T20/><D131/><N who="1" m="50219" /><E91/><V94/><AGARI ba="0,1" hai="23,24,31,36,43,44,76,77,78,84,86,94,99,100" machi="94" ten="30,18000,2" yaku="1,1,0,1,52,3,53,1" doraHai="75" doraHaiUra="22" who="2" fromWho="2" sc="235,-60,255,-60,202,190,298,-60" /><INIT seed="2,1,0,3,4,75" ten="175,195,392,238" oya="2" hai0="101,90,49,22,2,130,19,21,33,18,105,100,74" hai1="39,66,113,99,79,37,40,108,7,55,128,63,0" hai2="41,118,78,124,59,25,47,28,117,14,52,50,46" hai3="84,126,93,23,32,129,103,112,122,27,71,121,114"/><V81/><F124/><W31/><G71/><T87/><D74/><U82/><E113/><N who="3" m="43626" /><G103/><T62/><D33/><U5/><E108/><V17/><F47/><W12/><G93/><T97/><D2/><U20/><E128/><V85/><F25/><N who="3" m="18543" /><G84/><T120/><D130/><U72/><E55/><V134/><F134/><W123/><G129/><T83/><D120/><U9/><E5/><V95/><F95/><W80/><G80/><T88/><D62/><U38/><E20/><V111/><F111/><W15/><G126/><T109/><D109/><U4/><E4/><V6/><F28/><AGARI ba="1,0" hai="12,15,23,27,28,121,122,123" m="18543,43626" machi="28" ten="40,5200,0" yaku="11,1,34,2" doraHai="75" who="3" fromWho="2" sc="175,0,195,0,392,-55,238,55" /><INIT seed="3,0,0,5,2,119" ten="175,195,337,293" oya="3" hai0="1,65,98,62,132,82,49,58,102,48,67,116,124" hai1="111,61,77,18,83,60,113,36,121,40,13,22,15" hai2="28,95,2,123,129,115,53,3,66,64,100,70,105" hai3="69,108,110,12,106,54,17,135,42,33,47,9,134"/><W94/><G106/><T96/><D116/><U31/><E111/><N who="3" m="42538" /><G69/><T35/><D35/><U20/><E113/><V59/><F105/><W6/><G94/><T41/><D124/><U30/><E40/><V57/><F115/><W126/><G126/><T51/><D132/><N who="3" m="50729" /><G33/><T79/><D1/><U120/><E36/><V127/><F70/><W80/><G80/><T11/><D41/><U39/><E39/><V89/><F100/><W101/><G101/><T93/><D98/><U71/><E71/><V56/><F2/><W68/><G68/><T55/><REACH who="0" step="1"/><D11/><REACH who="0" ten="165,195,337,293" step="2"/><U92/><E121/><V38/><F3/><W109/><G109/><T21/><D21/><U75/><E120/><V4/><F123/><W99/><G99/><T107/><D107/><U24/><E15/><V131/><F127/><W103/><G103/><T5/><D5/><U114/><E114/><V23/><F4/><W32/><G32/><T16/><D16/><U130/><E31/><V50/><F28/><W7/><G54/><T8/><D8/><U10/><E10/><V46/><F23/><W74/><G74/><AGARI ba="0,1" hai="48,49,51,55,58,62,65,67,74,79,82,93,96,102" machi="74" ten="40,1300,0" yaku="1,1,53,0" doraHai="119" doraHaiUra="112" who="0" fromWho="3" sc="165,23,195,0,337,0,293,-13" owari="188,-31.2,195,-20.5,337,43.7,280,8.0" /></mjloggm>