<mjloggm ver="2.3"><GO type="225" lobby="0"/><UN n0="%77%72%77%72%77%72%77%72" n1="%E3%81%B5%E3%81%98%E3%81%8B%E3%81%A4" n2="%E3%83%A9%E3%83%BC%E3%83%A1%E3%83%B3%E4%BA%94%E9%83%8E" n3="%E5%8D%A0%E3%81%84%E5%B8%AB%E8%A3%8F%E3%81%AA%E3%81%84%E3%81%97" dan="17,16,16,16" rate="2239.29,2199.86,2047.99,2175.68" sx="M,M,M,M"/><TAIKYOKU oya="0"/><INIT seed="0,0,0,0,0,33" ten="250,250,250,250" oya="0" hai0="14,119,82,66,111,105,103,27,122,131,127,87,123" hai1="12,102,75,25,77,91,3,126,20,65,21,110,53" hai2="101,135,42,130,100,112,17,38,80,32,46,52,88" hai3="72,36,67,57,78,132,28,133,89,125,129,23,92"/><T2/><D119/><U63/><E126/><V95/><F112/><W11/><G36/><T114/><D114/><U15/><E110/><V107/><F32/><W106/><G106/><T98/><D127/><U70/><E102/><V59/><F130/><W50/><G129/><T60/><D131/><U81/><E3/><V16/><F80/><W30/><G125/><T35/><D111/><U48/><E91/><V96/><F101/><W1/><G78/><T4/><D14/><U118/><E118/><V13/><F135/><N who="3" m="51787" /><G23/><T128/><D128/><U0/><E0/><V134/><F13/><W94/><G72/><T39/><D39/><U83/><E83/><V93/><F134/><W79/><G79/><T31/><D87/><U9/><E15/><V71/><F71/><W22/><G22/><T64/><D64/><U7/><REACH who="1" step="1"/><E25/><REACH who="1" ten="250,240,250,250" step="2"/><V121/><F121/><W34/><G89/><T113/><D82/><U29/><E29/><V115/><F115/><W90/><G30/><T54/><D113/><U40/><E40/><V120/><F120/><W45/><G90/><T108/><D108/><U37/><E37/><V61/><REACH who="2" step="1"/><F107/><REACH who="2" ten="250,240,240,250" step="2"/><W69/><G1/><T109/><D109/><U26/><E26/><V56/><F56/><AGARI ba="0,2" hai="7,9,12,20,21,48,53,56,63,65,70,75,77,81" machi="56" ten="30,2000,0" yaku="1,1,7,1,53,0" doraHai="33" doraHaiUra="85" who="1" fromWho="2" sc="250,0,240,40,240,-20,250,0" /><INIT seed="1,0,0,4,4,71" ten="250,280,220,250" oya="1" hai0="0,50,126,83,135,43,104,90,92,65,81,53,48" hai1="133,54,16,77,9,3,67,36,51,39,42,38,97" hai2="70,1,76,68,78,62,122,96,79,117,112,17,58" hai3="116,11,31,14,2,95,74,72,118,129,105,124,127"/><U84/><E133/><V66/><F117/><N who="3" m="45163" /><G105/><T25/><D0/><U44/><E67/><V60/><F122/><W93/><G2/><T114/><D114/><U12/><E3/><V26/><F1/><W56/><G31/><T75/><D75/><N who="3" m="28713" /><G56/><T21/><D135/><U5/><E97/><V27/><F112/><W57/><G57/><N who="0" m="32935" /><D126/><N who="3" m="48169" /><G129/><T123/><D104/><U59/><REACH who="1" step="1"/><E5/><AGARI ba="0,0" hai="5,11,14,93,95" m="48169,28713,45163" machi="5" ten="40,2600,0" yaku="12,1,18,1" doraHai="71" who="3" fromWho="1" sc="250,0,280,-26,220,0,250,26" /><INIT seed="2,0,0,4,0,122" ten="250,254,220,276" oya="2" hai0="10,127,92,90,98,40,133,109,9,117,80,102,75" hai1="44,0,49,120,54,3,103,60,25,79,34,16,14" hai2="26,19,131,113,31,27,39,125,1,50,2,74,47" hai3="94,12,48,11,23,104,78,58,76,53,32,67,30"/><V24/><F74/><W20/><G104/><T43/><D109/><U18/><E120/><V116/><F39/><W86/><G32/><T132/><D117/><U118/><E118/><V128/><F116/><W6/><G67/><T91/><D127/><U95/><E79/><V89/><F113/><W82/><G76/><T68/><D68/><U77/><E77/><V42/><F125/><W134/><G134/><N who="0" m="51819" /><D75/><U51/><E34/><V99/><F19/><W7/><G30/><T101/><D90/><U59/><E51/><V114/><F31/><W4/><REACH who="3" step="1"/><G94/><REACH who="3" ten="250,254,220,266" step="2"/><T36/><D80/><U63/><E95/><N who="2" m="56815" /><F114/><W115/><G115/><T96/><D92/><U84/><E0/><V93/><F93/><W45/><G45/><T13/><D98/><U85/><E3/><V21/><F21/><AGARI ba="0,1" hai="4,6,7,11,12,20,21,23,48,53,58,78,82,86" machi="21" ten="40,2600,0" yaku="1,1,8,1,53,0" doraHai="122" doraHaiUra="35" who="3" fromWho="2" sc="250,0,254,0,220,-26,266,36" /><INIT seed="3,0,0,3,2,51" ten="250,254,194,302" oya="3" hai0="12,37,129,115,122,92,9,26,107,13,53,63,5" hai1="56,83,11,41,23,117,62,24,99,58,7,74,27" hai2="104,88,134,50,21,40,100,118,70,79,17,1,132" hai3="68,52,93,135,98,82,95,108,131,59,61,25,101"/><W85/><G68/><T119/><D122/><U39/><E117/><V111/><F118/><W57/><G131/><T84/><D107/><U55/><E99/><V114/><F114/><W86/><G135/><N who="2" m="51753" /><F70/><W36/><G36/><T46/><D129/><U33/><E33/><V126/><F1/><W42/><G42/><T130/><D119/><U2/><E27/><N who="2" m="14767" /><F111/><W38/><G38/><T133/><D37/><U48/><E39/><V45/><F79/><N who="3" m="46303" /><G108/><T110/><D110/><U105/><E41/><V80/><F126/><W112/><G112/><T16/><D115/><U123/><E123/><V64/><F64/><N who="3" m="38959" /><G25/><T20/><D130/><U71/><E71/><V43/><F43/><W120/><G120/><T89/><D133/><U47/><E105/><V29/><F29/><W22/><G22/><T34/><D34/><U125/><E125/><V65/><F65/><W15/><G15/><T4/><D13/><U127/><E127/><V66/><F66/><W8/><G8/><T73/><D73/><U91/><E74/><V97/><F80/><W10/><G10/><T109/><D109/><U75/><E75/><V6/><F6/><W72/><G72/><T18/><D4/><U49/><E7/><V14/><F14/><W35/><G35/><T113/><D113/><U77/><E2/><V3/><F3/><W19/><G19/><T121/><D121/><U44/><E11/><V128/><F128/><W87/><G95/><T106/><D5/><U31/><E77/><V96/><F96/><W116/><G116/><T103/><D9/><U32/><E32/><V69/><F69/><RYUUKYOKU ba="0,0" sc="250,-15,254,-15,194,15,302,15" hai2="40,45,50,88,97,100,104" hai3="52,59,86,87,93,98,101" owari="235,-16.5,239,3.9,209,-29.1,317,41.7" /></mjloggm>