<mjloggm ver="2.3"><GO type="225" lobby="0"/><UN n0="%73%75%7A%75%6D%65%33" n1="%E3%81%AF%E3%82%88%E3%81%8A%E3%81%98%E3%81%95%E3%82%93" n2="%33%74%72%65%65" n3="%E3%82%A2%E3%83%BC%E3%83%A2%E3%83%AD%E3%83%BC%E3%83%B4%E3%82%A1" dan="17,17,16,16" rate="2206.85,2216.62,2080.20,2179.52" sx="M,M,F,M"/><TAIKYOKU oya="0"/><INIT seed="0,0,0,3,2,63" ten="250,250,250,250" oya="0" hai0="117,129,64,39,70,94,119,35,131,55,51,101,123" hai1="46,42,12,74,8,21,105,83,128,53,30,96,107" hai2="72,73,44,2,134,81,86,95,122,108,49,71,15" hai3="124,37,93,62,99,80,111,10,68,126,52,17,118"/><T11/><D35/><U79/><E128/><N who="0" m="49225" /><D11/><U33/><E33/><V78/><F2/><W59/><G118/><N who="0" m="45067" /><D94/><U28/><E53/><V1/><F95/><W66/><G111/><T116/><D101/><U77/><E79/><V27/><F78/><W29/><G29/><T22/><D22/><U75/><E74/><V109/><F73/><W89/><G37/><T3/><D3/><U0/><E21/><V100/><F72/><W6/><G80/><T45/><D116/><U43/><E43/><V47/><F100/><W87/><G17/><T26/><D26/><U56/><E0/><V19/><F27/><W67/><G99/><T84/><D84/><U36/><E96/><V58/><F86/><W34/><G34/><T88/><D88/><U133/><E105/><V23/><F1/><N who="3" m="335" /><G68/><T97/><D97/><U41/><E107/><V14/><F71/><W114/><G114/><T135/><D135/><U113/><E133/><V9/><F134/><W18/><G18/><T112/><D112/><U132/><E113/><V60/><F109/><W57/><G93/><T120/><D39/><U102/><E132/><V127/><F108/><W5/><G89/><T98/><D98/><U25/><E102/><V32/><F32/><W85/><G87/><T115/><D115/><U82/><E82/><V4/><F81/><W130/><G85/><T7/><D7/><N who="1" m="3103" /><E25/><V38/><F38/><W110/><G5/><T40/><D40/><U13/><E41/><V31/><F4/><W121/><G130/><T48/><D48/><U103/><E103/><V92/><F92/><W106/><G110/><RYUUKYOKU ba="0,0" sc="250,30,250,-10,250,-10,250,-10" hai0="45,51,55,64,70,120,123" /><INIT seed="0,1,0,0,1,66" ten="280,240,240,240" oya="0" hai0="52,59,20,19,16,50,75,22,38,31,53,79,125" hai1="65,35,74,40,93,85,111,39,34,78,24,14,30" hai2="113,13,131,107,119,88,12,121,58,99,135,70,17" hai3="108,28,26,18,115,83,104,47,102,55,110,124,57"/><T92/><D38/><U120/><E120/><V48/><F121/><W44/><G115/><T82/><D125/><U10/><E111/><N who="3" m="42538" /><G18/><T6/><D6/><U4/><E65/><V122/><F122/><W90/><G124/><T29/><D92/><U25/><E74/><V54/><F113/><W96/><G90/><T51/><D20/><U101/><E40/><V129/><F119/><W62/><G83/><T46/><REACH who="0" step="1"/><D19/><REACH who="0" ten="270,240,240,240" step="2"/><U130/><E39/><V123/><F17/><W36/><G36/><T21/><D21/><AGARI ba="1,1" hai="21,26,28,44,47,55,57,62,96,102,104" m="42538" machi="21" ten="30,1000,0" yaku="14,1" doraHai="66" who="3" fromWho="0" sc="270,-13,240,0,240,0,240,23" /><INIT seed="1,0,0,2,5,49" ten="257,240,240,263" oya="1" hai0="22,79,46,66,33,117,113,104,95,130,122,9,35" hai1="64,116,56,20,16,45,125,52,73,57,92,69,71" hai2="32,21,100,86,99,17,85,135,81,88,37,51,31" hai3="134,2,89,77,36,120,24,67,126,112,18,34,124"/><U40/><E116/><V23/><F37/><W60/><G120/><T8/><D104/><U4/><E73/><V12/><F135/><W132/><G112/><T61/><D113/><U90/><E125/><N who="3" m="48234" /><G36/><T97/><D122/><U105/><E105/><V75/><F75/><W50/><G2/><T11/><D117/><U10/><E69/><V101/><F32/><W98/><G77/><T39/><D79/><U54/><E71/><V63/><F85/><W5/><G5/><T59/><D130/><U55/><E64/><V103/><F63/><W58/><G50/><T65/><D65/><U15/><E40/><V6/><F6/><W47/><G47/><T43/><REACH who="0" step="1"/><D22/><REACH who="0" ten="247,240,240,263" step="2"/><U91/><E45/><V94/><F51/><W84/><G132/><T83/><D83/><U26/><REACH who="1" step="1"/><E91/><AGARI ba="0,1" hai="8,9,11,33,35,39,43,46,59,61,66,91,95,97" machi="91" ten="40,5200,0" yaku="1,1,53,2" doraHai="49" doraHaiUra="28" who="0" fromWho="1" sc="247,62,240,-52,240,0,263,0" /><INIT seed="2,0,0,5,1,109" ten="309,188,240,263" oya="2" hai0="72,27,52,39,81,121,60,84,40,95,21,33,2" hai1="66,99,58,71,133,82,24,127,96,22,98,130,124" hai2="20,65,44,94,89,19,111,32,88,53,12,6,30" hai3="16,69,34,54,38,125,87,100,75,118,41,134,85"/><V90/><F111/><W77/><G69/><T36/><D121/><U51/><E130/><V43/><F65/><W116/><G34/><T107/><D107/><U76/><E133/><V92/><F6/><W14/><G134/><T45/><D2/><U55/><E66/><V5/><F5/><W7/><G7/><T35/><D72/><U18/><REACH who="1" step="1"/><E71/><REACH who="1" ten="309,178,240,263" step="2"/><V3/><F3/><W108/><G108/><T74/><D35/><U93/><E93/><V128/><F128/><W117/><G116/><T131/><D33/><U48/><E48/><V9/><F32/><W122/><G117/><T120/><D95/><U67/><E67/><V59/><F94/><W1/><G118/><T73/><D131/><U101/><E101/><V63/><F92/><W123/><G100/><T105/><D39/><U78/><E78/><V29/><REACH who="2" step="1"/><F20/><REACH who="2" ten="309,178,230,263" step="2"/><W61/><G122/><T8/><D21/><U68/><E68/><V11/><F11/><W57/><G123/><T135/><D8/><U10/><E10/><V80/><F80/><W112/><G1/><T47/><D81/><U28/><E28/><V4/><F4/><W31/><G31/><T15/><D120/><U0/><E0/><V64/><F64/><W91/><G16/><T50/><D105/><U13/><E13/><V102/><F102/><W132/><G14/><T104/><D15/><U46/><E46/><V97/><F97/><W113/><G132/><T42/><D104/><U83/><E83/><V56/><F56/><W103/><G103/><T86/><D135/><U114/><E114/><V119/><F119/><W79/><G112/><RYUUKYOKU ba="0,2" sc="309,-15,178,15,230,15,263,-15" hai1="18,22,24,51,55,58,76,82,96,98,99,124,127" hai2="9,12,19,29,30,43,44,53,59,63,88,89,90" /><INIT seed="2,1,2,3,3,75" ten="294,193,245,248" oya="2" hai0="3,36,12,37,9,0,114,41,129,74,17,72,95" hai1="132,7,99,47,28,71,21,73,105,134,97,25,13" hai2="116,18,110,45,68,63,85,65,4,131,82,106,2" hai3="130,58,33,14,23,8,89,5,15,11,19,108,26"/><V76/><F116/><W102/><G108/><T55/><D114/><U133/><E71/><V118/><F118/><W103/><G130/><T16/><D129/><U61/><E73/><V53/><F131/><W31/><G89/><T104/><D104/><U128/><E128/><V125/><F106/><W57/><G33/><T91/><D74/><U122/><E122/><V24/><F110/><W54/><REACH who="3" step="1"/><G58/><REACH who="3" ten="294,193,245,238" step="2"/><T93/><D91/><U59/><E47/><V120/><F45/><W113/><G113/><T39/><D39/><U117/><E117/><V38/><F38/><W92/><G92/><T124/><D95/><U49/><E105/><V69/><F120/><W88/><G88/><T100/><D93/><U107/><E107/><V43/><F69/><W67/><G67/><T29/><D37/><U27/><E49/><AGARI ba="1,3" hai="5,8,11,14,15,19,23,26,31,49,54,57,102,103" machi="49" ten="30,3900,0" yaku="1,1,7,1,8,1,53,0" doraHai="75" doraHaiUra="62" who="3" fromWho="1" sc="294,0,193,-42,245,0,238,72" /><INIT seed="3,0,0,1,5,106" ten="294,151,245,310" oya="3" hai0="88,93,48,39,109,90,30,124,82,17,53,2,114" hai1="20,24,120,98,26,70,33,46,76,67,47,5,101" hai2="11,122,49,27,36,40,29,6,55,58,22,130,123" hai3="7,44,16,119,81,116,37,19,43,108,1,133,9"/><W94/><G81/><T18/><D39/><U131/><E120/><V79/><F130/><W21/><G108/><T64/><D2/><U92/><E131/><V12/><F36/><W105/><G105/><T52/><D109/><U15/><E33/><V3/><F40/><W135/><G94/><T10/><D30/><U28/><E76/><V99/><F79/><W125/><G125/><T60/><D124/><U50/><E70/><V77/><F77/><W35/><G19/><N who="0" m="7179" /><D10/><U97/><E67/><V38/><F38/><W62/><G62/><T57/><D114/><U121/><E121/><N who="2" m="46091" /><F99/><W104/><G104/><T69/><D69/><U59/><E24/><V103/><F103/><W128/><G35/><T72/><D72/><U61/><E50/><V13/><AGARI ba="0,0" hai="3,6,11,12,13,22,27,29,49,55,58" m="46091" machi="13" ten="30,1100,0" yaku="13,1" doraHai="106" who="2" fromWho="2" sc="294,-3,151,-3,245,11,310,-5" owari="291,9.1,148,-35.2,256,-14.4,305,40.5" /></mjloggm>