<mjloggm ver="2.3"><GO type="225" lobby="0"/><UN n0="%E3%81%95%E3%81%8D%E3%81%9F%E3%81%BE%E6%9E%97%E6%AA%8E" n1="%6E%69%63%6F%6E%74%6F" n2="%E6%80%AA%E3%81%97%E3%81%99%E3%81%8E%E3%82%8B%E3%83%81%E3%83%BC" n3="%E3%81%9F%E3%81%93%E2%98%86%E7%84%BC%E3%81%8D" dan="16,16,16,16" rate="2080.40,2159.20,2084.21,2112.81" sx="M,M,M,M"/><TAIKYOKU oya="0"/><INIT seed="0,0,0,2,2,88" ten="250,250,250,250" oya="0" hai0="38,81,83,8,45,37,18,28,24,63,40,48,85" hai1="19,115,58,11,87,98,66,36,120,127,59,67,33" hai2="118,70,121,103,82,43,71,72,125,32,16,1,42" hai3="95,46,107,89,23,124,126,68,20,2,64,75,96"/><T105/><D105/><U44/><E33/><V79/><F121/><W101/><G2/><T0/><D81/><U92/><E120/><V84/><F1/><W112/><G75/><T111/><D111/><U102/><E127/><N who="3" m="48682" /><G112/><T65/><D18/><U106/><E36/><V52/><F125/><W14/><G46/><T117/><D117/><U69/><E44/><V62/><F32/><W134/><G134/><T86/><D86/><U54/><E69/><V31/><F31/><W73/><G73/><T3/><D3/><U9/><E106/><V6/><F6/><W100/><G14/><T50/><D50/><N who="1" m="31063" /><E87/><V133/><F72/><W60/><G101/><T123/><D123/><U53/><E115/><V80/><F133/><W78/><G78/><T57/><D0/><U76/><E76/><V51/><F103/><W47/><G47/><T17/><D85/><AGARI ba="0,0" hai="20,23,60,64,68,85,89,95,96,100,107" m="48682" machi="85" ten="30,2000,0" yaku="18,1,52,1" doraHai="88" who="3" fromWho="0" sc="250,-20,250,0,250,0,250,20" /><INIT seed="1,0,0,2,1,51" ten="230,250,250,270" oya="1" hai0="75,6,19,29,39,91,13,126,110,17,12,14,2" hai1="22,107,113,122,18,49,127,104,114,116,59,111,123" hai2="21,85,77,73,96,8,88,35,20,89,133,37,64" hai3="81,118,63,32,55,40,26,99,45,7,0,117,135"/><U3/><E3/><V130/><F35/><W119/><G135/><T95/><D39/><U134/><E116/><V36/><F133/><W41/><G99/><T129/><D75/><U121/><E134/><V76/><F73/><W5/><G81/><T83/><D83/><U131/><E131/><V23/><F64/><W67/><G32/><T44/><D129/><U31/><E31/><V61/><F61/><W66/><G26/><T132/><D132/><U82/><E82/><V25/><F25/><W62/><G0/><T57/><D29/><U9/><E9/><V52/><F8/><W100/><G100/><T56/><D126/><U34/><E34/><V102/><F37/><W71/><G5/><T42/><D6/><U70/><E70/><V10/><F10/><W125/><G7/><T128/><D2/><U92/><E92/><N who="2" m="58631" /><F36/><W53/><G125/><T24/><D24/><U30/><E30/><V47/><F130/><W48/><G40/><T50/><D128/><U1/><E1/><V97/><F97/><W103/><G103/><T93/><D93/><U43/><E127/><V65/><F65/><W90/><G90/><N who="2" m="34921" /><F85/><W86/><G86/><N who="0" m="52727" /><D110/><U28/><E28/><V109/><F109/><W112/><G112/><T124/><D124/><U4/><E111/><V58/><F58/><AGARI ba="0,0" hai="41,45,48,53,55,58,62,63,66,67,71,117,118,119" machi="58" ten="40,12000,2" yaku="12,1,34,3,52,2" doraHai="51" who="3" fromWho="2" sc="230,0,250,0,250,-120,270,120" /><AGARI ba="0,0" hai="12,13,14,17,19,42,44,50,56,57,58" m="52727" machi="58" ten="30,1000,0" yaku="8,1" doraHai="51" who="0" fromWho="2" sc="230,10,250,0,130,-10,390,0" /><INIT seed="2,0,0,4,2,70" ten="240,250,120,390" oya="2" hai0="67,119,30,58,26,33,22,54,44,4,84,24,15" hai1="101,133,68,97,115,76,7,86,55,81,132,122,53" hai2="5,117,50,78,112,32,92,1,19,77,3,12,31" hai3="65,64,35,39,85,60,100,116,21,107,95,104,42"/><V135/><F112/><W13/><G35/><T108/><D108/><U79/><E115/><V47/><F117/><W126/><G65/><T6/><D119/><U123/><E68/><V87/><F135/><N who="1" m="51785" /><E7/><V66/><F66/><W103/><G126/><T9/><D67/><U121/><E55/><V23/><F32/><W10/><G21/><T127/><D127/><U18/><E18/><V37/><F31/><W134/><G103/><T14/><D44/><U96/><E53/><V38/><F78/><N who="1" m="29737" /><E101/><V75/><F75/><W57/><G116/><T131/><D54/><U120/><E120/><V25/><F25/><W98/><G85/><T46/><D26/><U40/><E40/><V63/><F63/><W28/><G28/><T88/><D24/><U56/><E56/><V59/><F59/><W36/><G42/><T111/><D58/><U0/><E0/><V83/><F92/><W73/><G73/><T51/><D6/><U43/><E43/><V106/><F106/><W16/><REACH who="3" step="1"/><G134/><REACH who="3" ten="240,250,120,380" step="2"/><T99/><D30/><U48/><E48/><V17/><F3/><W82/><G82/><T34/><D51/><U52/><E52/><N who="2" m="29791" /><F1/><W105/><AGARI ba="0,1" hai="10,13,16,36,39,57,60,64,95,98,100,104,105,107" machi="105" ten="30,16000,3" yaku="1,1,0,1,52,2,54,1,53,3" doraHai="70" doraHaiUra="102" who="3" fromWho="3" sc="240,-40,250,-40,120,-80,380,170" /><INIT seed="3,0,0,5,5,79" ten="200,210,40,550" oya="3" hai0="57,115,107,97,19,76,48,72,52,89,16,132,32" hai1="53,104,111,59,7,118,135,47,116,38,66,44,98" hai2="69,37,40,80,30,100,62,75,103,5,124,12,68" hai3="131,24,88,11,99,93,8,29,63,121,84,45,18"/><W27/><G121/><T56/><D32/><U74/><E74/><V95/><F124/><W55/><G18/><N who="0" m="6699" /><D107/><U35/><E35/><V83/><F95/><W92/><G24/><T34/><D34/><U1/><E111/><V13/><F40/><W123/><G131/><T125/><D125/><U85/><E135/><V113/><F62/><W96/><G84/><T108/><D108/><U94/><E66/><V126/><F5/><W39/><G123/><T28/><D132/><U110/><E110/><V101/><F75/><W41/><G55/><N who="0" m="31847" /><D72/><U50/><E85/><V54/><F126/><W10/><G63/><N who="0" m="36263" /><D115/><U36/><E104/><V112/><F54/><W64/><G64/><T128/><D128/><U71/><E71/><V120/><F103/><W65/><G65/><T22/><D76/><U49/><E38/><V26/><F30/><W102/><G10/><T122/><D122/><U4/><E36/><V0/><F120/><W130/><G130/><T87/><D97/><U134/><E134/><V14/><F14/><W61/><G61/><T21/><D28/><U3/><E59/><V42/><F37/><W106/><G106/><T9/><D9/><U114/><E114/><V43/><REACH who="2" step="1"/><F26/><REACH who="2" ten="200,210,30,550" step="2"/><W86/><G99/><T20/><D20/><AGARI ba="0,1" hai="8,11,20,27,29,39,41,45,86,88,92,93,96,102" machi="20" ten="30,2900,0" yaku="7,1,54,1" doraHai="79" who="3" fromWho="0" sc="200,-29,210,0,30,0,550,39" owari="171,-22.9,210,1.0,30,-47.0,589,68.9" /></mjloggm>