<mjloggm ver="2.3"><GO type="225" lobby="0"/><UN n0="%2D%E8%B1%8A%E5%8F%A3%E3%82%81%E3%81%90%E3%81%BF%2D" n1="%6D%75%75%6D%75%72%61" n2="%72%69%6F%75%63%68%61%6E" n3="%E3%83%87%E3%83%A9%E3%82%B3%E3%83%83%E3%82%B3" dan="16,16,17,17" rate="2110.94,2133.82,2131.14,2143.71" sx="F,F,M,M"/><TAIKYOKU oya="0"/><INIT seed="0,0,0,4,4,130" ten="250,250,250,250" oya="0" hai0="134,73,66,49,5,13,75,64,16,117,37,99,86" hai1="29,95,23,123,36,24,46,35,55,118,91,97,34" hai2="122,69,104,102,103,109,51,2,62,45,127,54,98" hai3="79,74,107,38,6,77,105,19,61,47,84,32,21"/><T43/><D117/><U96/><E118/><V120/><F109/><W128/><G32/><T119/><D37/><U10/><E123/><V135/><F135/><W22/><G74/><T31/><D5/><U25/><E10/><V44/><F127/><W63/><G128/><T108/><D31/><U121/><E121/><V101/><F2/><W56/><G6/><T112/><D112/><U72/><E72/><V110/><F110/><W116/><G116/><T42/><D108/><U11/><E11/><V12/><F102/><W53/><G22/><T26/><D26/><U33/><E25/><V4/><F103/><W58/><G47/><T50/><D99/><U87/><REACH who="1" step="1"/><E55/><REACH who="1" ten="250,240,250,250" step="2"/><V52/><F54/><W41/><G53/><T59/><D75/><U60/><E60/><V9/><REACH who="2" step="1"/><F44/><REACH who="2" ten="250,240,240,250" step="2"/><W88/><G63/><T132/><D119/><U8/><E8/><V129/><F129/><W71/><G61/><T30/><D134/><U131/><E131/><V39/><F39/><W80/><G38/><T67/><D132/><U106/><E106/><V3/><F3/><W40/><G107/><T1/><D1/><U28/><E28/><V115/><F115/><W133/><G105/><T126/><D126/><U76/><E76/><N who="3" m="29258" /><G133/><T57/><D30/><U94/><E94/><V124/><F124/><W14/><G71/><T92/><D92/><U114/><E114/><V68/><F68/><W15/><G58/><T27/><D59/><U0/><E0/><V85/><F85/><W100/><G56/><T18/><D73/><U113/><E113/><V90/><F90/><W89/><G89/><RYUUKYOKU ba="0,2" sc="250,-15,240,15,240,15,250,-15" hai1="23,24,29,33,34,35,36,46,87,91,95,96,97" hai2="4,9,12,45,51,52,62,69,98,101,104,120,122" /><INIT seed="1,1,2,2,5,49" ten="235,255,255,235" oya="1" hai0="44,11,82,103,113,37,45,71,42,28,112,27,59" hai1="31,127,43,93,126,20,94,95,111,32,34,97,102" hai2="61,122,58,53,130,64,125,124,129,70,68,22,69" hai3="5,86,6,118,133,48,90,51,30,29,35,78,40"/><U66/><E111/><V15/><F15/><W110/><G110/><T7/><D71/><N who="2" m="27210" /><F22/><W81/><G133/><T3/><D45/><U87/><E66/><V10/><F10/><W109/><G109/><T73/><D59/><U9/><E9/><V72/><F72/><W108/><G108/><T120/><D103/><U83/><E20/><V1/><F1/><W76/><G118/><T106/><D106/><U55/><E43/><V104/><F104/><W21/><G35/><N who="0" m="20895" /><D120/><U26/><E34/><V117/><F117/><W2/><G2/><T0/><D0/><U74/><E74/><V132/><F132/><W101/><G101/><T67/><D67/><U135/><E135/><V75/><F75/><W123/><G123/><T89/><D89/><U88/><REACH who="1" step="1"/><E55/><REACH who="1" ten="235,245,255,235" step="2"/><V4/><F122/><W52/><G21/><T47/><D73/><U14/><E14/><V23/><F23/><W80/><G40/><T115/><D42/><U114/><E114/><V77/><F4/><W60/><G52/><T121/><D121/><U17/><E17/><V134/><F134/><W65/><G65/><T25/><D115/><U36/><E36/><V8/><F8/><W38/><G38/><T56/><D37/><U119/><E119/><V96/><F64/><W98/><G5/><T12/><D113/><U79/><E79/><V41/><F77/><W16/><G6/><T13/><D112/><U100/><E100/><V19/><F70/><W57/><G78/><T62/><D25/><U107/><AGARI ba="1,3" hai="26,31,32,83,87,88,93,94,95,97,102,107,126,127" machi="107" ten="30,6000,0" yaku="1,1,0,1,54,1,53,0" doraHai="49" doraHaiUra="18" who="1" fromWho="1" sc="235,-21,245,93,255,-21,235,-21" /><INIT seed="1,2,0,1,1,118" ten="214,338,234,214" oya="1" hai0="94,123,70,82,15,11,3,57,24,115,72,104,47" hai1="113,125,109,96,116,61,41,119,31,36,14,49,33" hai2="8,7,20,89,29,44,26,10,131,39,62,40,107" hai3="78,99,59,64,95,55,132,5,97,114,80,84,54"/><U124/><E96/><V101/><F131/><W117/><G132/><T121/><D70/><U34/><E31/><V108/><F108/><W4/><G114/><T30/><D104/><U16/><E36/><V85/><F62/><W38/><G117/><N who="1" m="45130" /><E113/><V17/><F7/><N who="3" m="2635" /><G38/><T50/><D3/><U22/><E61/><V46/><F44/><W76/><G99/><T126/><D126/><N who="1" m="48747" /><E109/><V19/><F101/><N who="3" m="60607" /><G76/><T35/><D115/><U18/><E18/><V71/><F107/><W23/><G23/><T56/><D11/><U91/><E91/><V130/><F130/><W112/><G112/><T75/><D24/><U69/><E69/><V134/><F71/><W79/><G79/><T102/><D102/><U12/><E12/><V120/><F8/><W1/><G1/><T32/><D15/><U27/><E14/><V127/><F127/><W90/><G78/><T2/><D2/><U13/><E13/><V100/><F100/><W128/><G128/><T110/><D30/><U86/><E86/><V105/><F10/><W83/><G83/><T58/><D82/><U103/><E103/><V88/><F105/><W0/><G0/><T42/><D94/><U111/><E111/><V48/><F39/><W52/><G64/><T98/><D98/><U129/><E129/><V25/><F26/><W87/><G87/><T67/><D67/><U73/><E73/><N who="0" m="28233" /><D110/><U66/><E66/><V92/><F89/><W133/><G133/><T135/><D135/><U37/><E37/><V21/><F134/><W45/><G45/><AGARI ba="2,0" hai="16,22,27,33,34,41,45,49" m="48747,45130" machi="45" ten="30,2900,0" yaku="18,1,54,1" doraHai="118" who="1" fromWho="3" sc="214,0,338,35,234,0,214,-35" /><INIT seed="1,3,0,2,2,135" ten="214,373,234,179" oya="1" hai0="45,2,52,103,13,84,48,101,44,3,87,40,105" hai1="92,56,1,31,121,41,53,33,104,110,10,42,120" hai2="25,5,74,131,57,125,16,94,107,100,67,99,88" hai3="77,65,93,81,19,11,14,114,60,89,124,36,4"/><U134/><E104/><V116/><F125/><W129/><G114/><T28/><D28/><U21/><E134/><V37/><F116/><W43/><G129/><T27/><D27/><U82/><E33/><V6/><F131/><W128/><G128/><T91/><D87/><U63/><E110/><V20/><F37/><W130/><G130/><T39/><D13/><U109/><E109/><V126/><F126/><W34/><G124/><T68/><D68/><U15/><E1/><V123/><F123/><W132/><G132/><T38/><D38/><U69/><E69/><V102/><F74/><W58/><G34/><T96/><REACH who="0" step="1"/><D103/><REACH who="0" ten="204,373,234,179" step="2"/><N who="2" m="39466" /><F107/><W7/><G36/><T113/><D113/><U0/><E0/><V122/><F122/><W22/><G22/><T90/><D90/><U80/><E21/><V72/><F72/><W62/><G77/><T26/><D26/><U117/><E120/><V32/><F32/><W18/><G81/><AGARI ba="3,1" hai="2,3,39,40,44,45,48,52,81,84,91,96,101,105" machi="81" ten="30,3900,0" yaku="1,1,7,1,54,1,53,0" doraHai="135" doraHaiUra="119" who="0" fromWho="3" sc="204,58,373,0,234,0,179,-48" /><INIT seed="2,0,0,4,5,56" ten="262,373,234,131" oya="2" hai0="107,117,120,65,46,123,104,27,116,128,101,115,100" hai1="4,82,52,98,88,71,69,9,135,81,87,99,31" hai2="89,86,90,26,124,14,73,30,13,102,48,59,55" hai3="79,103,66,131,106,110,132,7,54,28,130,53,96"/><V20/><F124/><W35/><G110/><T21/><D46/><U0/><E135/><V126/><F126/><W47/><G132/><T36/><D36/><U118/><E118/><N who="0" m="45673" /><D65/><U32/><E82/><V15/><F73/><W25/><G7/><T43/><D43/><U95/><E98/><V62/><F102/><N who="0" m="39530" /><D115/><U127/><E127/><V8/><F48/><W85/><G47/><T75/><D75/><U133/><E133/><V83/><REACH who="2" step="1"/><F89/><REACH who="2" ten="262,373,224,131" step="2"/><W129/><REACH who="3" step="1"/><G66/><REACH who="3" ten="262,373,224,121" step="2"/><T16/><D128/><U121/><E121/><AGARI ba="0,2" hai="16,21,27,104,107,120,121,123" m="39530,45673" machi="121" ten="30,2000,0" yaku="12,1,54,1" doraHai="56" who="0" fromWho="1" sc="262,40,373,-20,224,0,121,0" /><INIT seed="3,0,0,4,5,15" ten="302,353,224,121" oya="3" hai0="24,51,23,117,84,29,48,76,38,69,10,47,82" hai1="56,103,53,55,6,95,114,94,19,89,96,126,63" hai2="5,70,27,120,119,2,52,66,75,99,97,14,61" hai3="83,32,118,90,98,71,104,73,129,54,134,17,64"/><W125/><G118/><T87/><D69/><U7/><E114/><V123/><F119/><W85/><G134/><T67/><D117/><U88/><E126/><V59/><F2/><W28/><G125/><T13/><D67/><N who="1" m="39399" /><E19/><V124/><F124/><W112/><G112/><T113/><D113/><U37/><E37/><V49/><F75/><W36/><G129/><T60/><D60/><U132/><E132/><V4/><F4/><N who="1" m="1577" /><E103/><V58/><F70/><W86/><G36/><T131/><D131/><U65/><E65/><V18/><F5/><W130/><G130/><T128/><D128/><U106/><E106/><V45/><F27/><N who="3" m="18463" /><G17/><N who="0" m="8375" /><D38/><U77/><E77/><V68/><F68/><W121/><G121/><N who="2" m="46665" /><F58/><W127/><G127/><T74/><D74/><U92/><E92/><V22/><AGARI ba="0,0" hai="14,18,22,45,49,52,59,61,66,97,99" m="46665" machi="22" ten="30,4000,0" yaku="13,1,52,1,54,1" doraHai="15" who="2" fromWho="2" sc="302,-10,353,-10,224,40,121,-20" owari="292,9.2,343,44.3,264,-13.6,101,-39.9" /></mjloggm>