<mjloggm ver="2.3"><GO type="225" lobby="0"/><UN n0="%E3%82%82%E3%81%90%E3%82%89" n1="%E3%81%86%E3%82%8C%E3%81%9F%E3%82%93%E6%9E%95" n2="%6D%75%75%6D%75%72%61" n3="%72%69%6F%75%63%68%61%6E" dan="16,16,16,16" rate="2219.61,2199.57,2121.89,2210.21" sx="M,F,F,M"/><TAIKYOKU oya="0"/><INIT seed="0,0,0,4,1,90" ten="250,250,250,250" oya="0" hai0="105,131,3,40,132,134,91,19,4,68,111,46,6" hai1="57,87,133,109,58,76,107,47,120,119,86,61,32" hai2="38,103,122,127,35,28,64,128,16,37,31,85,117" hai3="5,12,81,112,10,9,21,27,70,104,83,50,126"/><T129/><D68/><U95/><E119/><V118/><F122/><W54/><G126/><T115/><D115/><U24/><E120/><V22/><F127/><W25/><G112/><T17/><D105/><U69/><E107/><V30/><F35/><W88/><G70/><T2/><D46/><U125/><E109/><V100/><F128/><N who="0" m="49226" /><D91/><U82/><E133/><N who="0" m="51305" /><D40/><U56/><E125/><V13/><F85/><W89/><G104/><T72/><D72/><U124/><E124/><V110/><F64/><W63/><G63/><T106/><D106/><U43/><E69/><V92/><F110/><W73/><G81/><T7/><D111/><U52/><E87/><V74/><F74/><W114/><G114/><T123/><D123/><U44/><E44/><V108/><F108/><W53/><G53/><T26/><D26/><U0/><E47/><V94/><F117/><W113/><G113/><T71/><D71/><U51/><E43/><V77/><F77/><W41/><G41/><T45/><D45/><U75/><E75/><V67/><F118/><W98/><G73/><T99/><D99/><U14/><E58/><V36/><REACH who="2" step="1"/><F67/><REACH who="2" ten="250,250,240,250" step="2"/><W8/><G83/><T65/><D65/><N who="1" m="39079" /><E82/><V62/><F62/><W29/><G27/><T1/><AGARI ba="0,1" hai="1,2,3,4,6,7,17,19" m="51305,49226" machi="1" ten="50,18000,2" yaku="28,2,19,1,20,1,34,2" doraHai="90" who="0" fromWho="0" sc="250,190,250,-60,240,-60,250,-60" /><INIT seed="0,1,0,0,1,43" ten="440,190,180,190" oya="0" hai0="71,111,65,20,110,61,14,63,27,124,40,105,30" hai1="126,134,12,68,31,78,58,33,1,35,120,129,44" hai2="46,55,101,102,122,95,24,17,25,104,77,38,106" hai3="90,16,21,109,32,4,107,88,23,49,118,70,80"/><T66/><D105/><U125/><E120/><V53/><F122/><W114/><G114/><T67/><D124/><N who="1" m="47723" /><E68/><V128/><F77/><W108/><G118/><T83/><D83/><U93/><E1/><V47/><F128/><W5/><G32/><T69/><D67/><U86/><E129/><V75/><F17/><W89/><G70/><T98/><D98/><U29/><E134/><V57/><F57/><W34/><G34/><N who="1" m="12810" /><E58/><V62/><F62/><W103/><G80/><T8/><REACH who="0" step="1"/><D40/><REACH who="0" ten="430,190,180,190" step="2"/><U15/><E78/><V26/><F95/><W45/><G107/><T116/><D116/><U84/><E93/><V41/><F75/><W73/><G73/><T96/><D96/><U9/><E86/><V94/><F94/><W48/><G109/><T6/><AGARI ba="1,1" hai="6,8,14,20,27,30,61,63,65,66,69,71,110,111" machi="6" ten="30,6000,0" yaku="1,1,0,1,9,1,53,0" doraHai="43" doraHaiUra="119" who="0" fromWho="0" sc="430,73,190,-21,180,-21,190,-21" /><INIT seed="0,2,0,0,5,25" ten="503,169,159,169" oya="0" hai0="26,116,48,9,6,134,1,32,0,119,14,43,59" hai1="70,12,58,10,18,128,19,98,104,35,90,64,7" hai2="113,135,122,89,27,124,74,83,73,53,100,80,108" hai3="101,30,24,129,47,85,22,54,72,84,11,109,61"/><T103/><D134/><U78/><E128/><V92/><F122/><W51/><G109/><T105/><D105/><U39/><E39/><V71/><F113/><W60/><G129/><T111/><D103/><U34/><E70/><V62/><F135/><W41/><G72/><T69/><D69/><U110/><E110/><V57/><F108/><W120/><G120/><T4/><D111/><U123/><E123/><V31/><F124/><W23/><G101/><T130/><D130/><U36/><E36/><V117/><F100/><W94/><G11/><T66/><D66/><U45/><E104/><V68/><F117/><W46/><G22/><T75/><D75/><U132/><E78/><V93/><F71/><W29/><G29/><T15/><D59/><U112/><E112/><V95/><F68/><W3/><G3/><N who="0" m="1099" /><D48/><U96/><E45/><V82/><REACH who="2" step="1"/><F89/><REACH who="2" ten="503,169,149,169" step="2"/><W115/><G115/><T50/><D119/><U88/><E132/><V44/><F44/><W56/><G46/><T118/><D116/><U52/><E90/><V2/><F2/><W37/><REACH who="3" step="1"/><G94/><REACH who="3" ten="503,169,149,159" step="2"/><T127/><D118/><U87/><E58/><V5/><F5/><W102/><G102/><T91/><D4/><U77/><E7/><V17/><F17/><W28/><G28/><T97/><D6/><U20/><E18/><V33/><AGARI ba="2,2" hai="27,31,33,53,57,62,73,74,80,82,83,92,93,95" machi="33" ten="30,4000,0" yaku="1,1,0,1,52,1,53,0" doraHai="25" doraHaiUra="16" who="2" fromWho="2" sc="503,-22,169,-12,149,66,159,-12" /><INIT seed="1,0,0,2,5,57" ten="481,157,215,147" oya="1" hai0="84,111,51,90,44,13,6,134,88,32,101,1,29" hai1="117,56,118,79,113,112,83,121,81,17,14,94,66" hai2="125,43,18,19,5,24,46,91,108,85,58,115,105" hai3="74,69,68,106,41,15,61,54,55,78,65,25,28"/><U82/><E121/><V38/><F105/><W110/><G110/><T103/><D111/><U0/><E0/><V131/><F108/><W42/><G106/><T53/><D1/><U70/><E79/><V76/><F131/><W123/><G123/><T4/><D134/><U104/><E104/><V75/><F125/><W63/><G15/><T102/><D32/><U122/><E70/><V77/><F115/><W129/><G129/><T89/><D29/><U12/><E122/><V10/><F75/><W80/><G54/><T39/><D39/><U21/><E94/><V86/><F58/><W95/><G95/><T9/><REACH who="0" step="1"/><D4/><REACH who="0" ten="471,157,215,147" step="2"/><U114/><E118/><V98/><F38/><W87/><G74/><T7/><D7/><U97/><E117/><V124/><F5/><W107/><G107/><T2/><D2/><U47/><E12/><V100/><F124/><W93/><G28/><T135/><D135/><U132/><E132/><V62/><F24/><W20/><G25/><T37/><D37/><U23/><E113/><V99/><F19/><W71/><G20/><T22/><D22/><N who="1" m="11575" /><E114/><V8/><F18/><W31/><G31/><T16/><D16/><U109/><E112/><V64/><F10/><W30/><G30/><T49/><D49/><U73/><E109/><V67/><F8/><W45/><G93/><AGARI ba="0,1" hai="6,9,13,44,51,53,84,88,89,90,93,101,102,103" machi="93" ten="40,5200,0" yaku="1,1,8,1,54,1,53,0" doraHai="57" doraHaiUra="34" who="0" fromWho="3" sc="471,62,157,0,215,0,147,-52" /><INIT seed="2,0,0,4,5,36" ten="533,157,215,95" oya="2" hai0="42,51,24,48,110,125,46,65,15,126,28,78,38" hai1="135,105,5,1,128,92,86,29,129,116,32,130,16" hai2="63,18,52,8,45,27,122,35,9,123,12,73,74" hai3="61,94,13,98,47,62,89,71,3,101,0,31,96"/><V57/><F9/><W119/><G119/><T2/><D2/><U124/><E116/><V87/><F87/><W43/><G31/><T81/><D110/><U118/><E118/><V109/><F109/><W103/><G89/><T115/><D15/><U20/><E105/><V107/><F107/><W60/><G71/><T127/><D65/><U90/><E135/><V26/><F45/><W10/><G13/><T53/><D53/><U68/><E68/><V69/><F69/><W37/><REACH who="3" step="1"/><G10/><REACH who="3" ten="533,157,215,85" step="2"/><T70/><D70/><U134/><E134/><V84/><F8/><W93/><AGARI ba="0,1" hai="0,3,37,43,47,60,61,62,93,94,96,98,101,103" machi="93" ten="30,8000,1" yaku="1,1,2,1,0,1,9,1,52,1,53,0" doraHai="36" doraHaiUra="44" who="3" fromWho="3" sc="533,-20,157,-20,215,-40,85,90" /><INIT seed="3,0,0,5,0,130" ten="513,137,175,175" oya="3" hai0="32,20,4,60,63,116,59,122,12,97,36,90,30" hai1="9,47,62,119,117,94,111,91,44,41,79,14,15" hai2="6,58,89,71,21,33,5,84,118,56,67,113,107" hai3="108,22,124,126,121,86,106,133,81,46,28,102,29"/><W1/><G133/><T76/><D36/><U24/><E111/><V25/><F33/><W74/><G121/><T123/><D116/><U83/><E117/><V88/><F107/><W75/><G1/><T38/><D38/><U19/><E119/><V16/><F71/><W70/><G70/><T73/><D32/><U31/><E41/><V101/><F113/><W54/><G108/><T34/><D34/><U72/><E62/><N who="2" m="38343" /><F118/><W2/><G2/><T109/><D109/><U40/><E40/><V27/><F101/><W18/><G102/><T65/><D73/><N who="3" m="27657" /><G106/><T7/><D76/><U55/><E55/><V135/><F135/><W128/><G128/><T23/><D123/><U134/><E134/><V129/><F129/><W69/><G69/><T51/><D51/><U127/><E14/><N who="2" m="9367" /><F58/><W92/><G92/><T112/><D63/><U66/><E66/><V105/><F105/><W39/><G39/><T26/><D20/><U110/><E110/><V35/><F89/><N who="3" m="51407" /><G54/><T42/><D97/><U82/><E44/><V45/><F35/><W99/><G99/><T85/><D85/><N who="1" m="52591" /><E47/><V37/><F45/><W3/><G3/><T115/><D42/><U95/><E95/><N who="2" m="54663" /><F37/><W120/><G120/><T49/><D122/><U125/><E83/><V0/><F0/><W57/><G57/><T68/><D68/><U8/><E8/><V104/><F104/><W103/><G103/><T100/><D100/><U77/><E77/><V132/><F132/><W52/><G46/><T48/><D59/><U61/><E61/><V78/><F78/><W80/><G80/><T50/><D112/><RYUUKYOKU ba="0,0" sc="513,-15,137,15,175,15,175,-15" hai1="9,15,19,24,31,72,79,82,125,127" hai2="5,6,25,27" owari="498,59.8,152,-34.8,190,-1.0,160,-24.0" /></mjloggm>