<mjloggm ver="2.3"><GO type="225" lobby="0"/><UN n0="%45%6C%79%73%69%75%6D" n1="%E7%B4%94%E6%BD%94%E3%83%94%E3%83%A9%E3%83%8B%E3%82%A2" n2="%6D%75%75%6D%75%72%61" n3="%E3%83%AD%E3%83%83%E3%83%86%E9%9B%80%E7%90%83" dan="17,16,16,17" rate="2100.36,2074.48,2128.83,2254.98" sx="F,M,F,M"/><TAIKYOKU oya="0"/><INIT seed="0,0,0,1,3,102" ten="250,250,250,250" oya="0" hai0="112,49,89,10,123,67,126,51,97,110,92,118,84" hai1="79,30,63,2,70,18,75,4,21,61,85,41,134" hai2="1,0,23,57,8,34,119,16,103,83,115,131,6" hai3="120,20,40,114,124,73,108,46,88,3,33,26,98"/><T130/><D118/><U99/><E75/><V129/><F115/><W60/><G114/><T76/><D123/><U52/><E134/><V43/><F119/><W87/><G73/><T65/><D112/><U106/><E41/><V50/><F34/><W56/><G108/><T48/><D110/><U13/><E30/><V29/><F29/><W44/><G124/><T5/><D126/><U28/><E28/><V72/><F103/><W82/><G3/><T22/><D22/><U113/><E70/><V42/><F0/><W39/><G120/><T117/><D130/><N who="2" m="49674" /><F57/><W37/><G33/><T15/><REACH who="0" step="1"/><D117/><REACH who="0" ten="240,250,250,250" step="2"/><U90/><E21/><V71/><F71/><W38/><G20/><T7/><D7/><U69/><E4/><V62/><F6/><W133/><G133/><T53/><D53/><U66/><E52/><V96/><F23/><W74/><G26/><T47/><D47/><U59/><E69/><V94/><F42/><W107/><G44/><T32/><D32/><U105/><E113/><V135/><F43/><W68/><G68/><T80/><AGARI ba="0,1" hai="5,10,15,48,49,51,65,67,76,80,84,89,92,97" machi="80" ten="30,6000,0" yaku="1,1,0,1,8,1,53,0" doraHai="102" doraHaiUra="55" who="0" fromWho="0" sc="240,70,250,-20,250,-20,250,-20" /><INIT seed="0,1,0,0,2,70" ten="310,230,230,230" oya="0" hai0="98,120,54,13,37,5,114,58,81,18,11,47,116" hai1="6,40,29,2,123,107,57,41,74,69,52,102,39" hai2="38,99,97,55,106,59,134,23,111,90,7,67,28" hai3="122,16,130,44,71,56,66,88,115,46,0,131,113"/><T4/><D116/><U112/><E29/><V133/><F111/><W53/><G0/><T121/><D120/><U27/><E27/><N who="2" m="16511" /><F67/><W91/><G71/><T62/><D121/><U35/><E102/><V48/><F106/><W68/><G68/><T21/><D114/><N who="3" m="43529" /><G66/><T109/><D109/><U82/><E41/><V79/><F79/><W77/><G77/><T51/><D37/><U87/><E52/><N who="2" m="32135" /><F38/><W17/><G122/><T85/><D98/><U80/><E40/><V129/><F129/><N who="3" m="49163" /><G46/><T95/><D21/><U96/><E69/><V124/><F124/><W94/><G44/><T34/><D34/><U32/><E32/><V50/><F7/><W24/><G24/><T60/><D60/><U1/><E6/><V108/><F90/><N who="3" m="34347" /><G94/><T104/><D95/><U84/><E123/><V61/><F61/><AGARI ba="1,0" hai="16,17,53,56,61" m="34347,49163,43529" machi="61" ten="30,3900,0" yaku="19,1,54,2" doraHai="70" who="3" fromWho="2" sc="310,0,230,0,230,-42,230,42" /><INIT seed="1,0,0,0,4,16" ten="310,230,188,272" oya="1" hai0="24,80,46,71,108,56,23,29,68,9,15,130,98" hai1="55,14,26,92,76,122,32,22,87,97,12,119,103" hai2="112,121,65,111,39,88,82,13,101,127,43,118,50" hai3="47,74,66,113,67,6,75,4,17,96,18,104,51"/><U28/><E119/><V48/><F118/><W33/><G33/><T60/><D108/><U102/><E122/><V116/><F121/><W11/><G113/><T117/><D117/><U81/><E32/><V36/><F116/><W114/><G114/><T44/><D130/><U31/><E28/><V3/><F112/><W83/><G104/><T123/><D123/><U41/><E41/><V7/><F3/><W84/><G96/><T78/><D98/><U124/><E124/><V63/><F111/><W125/><G75/><T27/><D27/><U37/><E37/><V25/><F101/><W1/><G74/><T134/><D134/><U85/><E102/><V58/><F127/><W72/><G72/><T93/><D93/><U40/><E40/><V109/><F109/><W73/><G73/><T0/><D0/><U19/><E31/><V115/><F115/><W128/><G128/><T126/><D68/><U99/><E99/><V59/><F36/><W94/><G94/><T35/><D71/><U57/><REACH who="1" step="1"/><E87/><REACH who="1" ten="310,220,188,272" step="2"/><N who="2" m="50295" /><F39/><W131/><G84/><N who="0" m="48151" /><D35/><U8/><E8/><N who="2" m="4255" /><F43/><W105/><G11/><T20/><D126/><U129/><E129/><V89/><F89/><W91/><G91/><T110/><D110/><U61/><AGARI ba="0,1" hai="12,14,19,22,26,55,57,61,76,81,85,92,97,103" machi="61" ten="20,12000,1" yaku="1,1,0,1,7,1,8,1,52,1,53,0" doraHai="16" doraHaiUra="133" who="1" fromWho="1" sc="310,-40,220,130,188,-40,272,-40" /><INIT seed="1,1,0,4,0,83" ten="270,350,148,232" oya="1" hai0="128,120,82,52,90,61,69,6,33,29,122,68,129" hai1="41,42,85,93,84,15,22,101,56,104,86,38,53" hai2="30,10,132,37,127,125,135,89,19,134,48,67,71" hai3="66,40,28,100,58,103,49,23,39,57,112,51,106"/><U0/><E104/><V65/><F30/><W131/><G112/><T88/><D6/><U109/><E0/><V130/><F19/><W94/><G106/><T116/><D116/><U113/><E113/><V47/><F10/><W115/><G115/><T133/><D133/><U24/><E15/><V11/><F11/><W124/><G124/><N who="2" m="47689" /><F89/><N who="0" m="34410" /><D82/><U44/><E109/><V114/><F114/><W110/><G110/><T31/><D33/><U32/><E32/><V45/><F130/><N who="0" m="50282" /><D52/><U78/><E78/><V2/><F2/><W59/><G66/><N who="2" m="25097" /><F71/><N who="0" m="27210" /><D61/><N who="1" m="35983" /><E38/><V34/><F34/><W63/><G39/><T62/><D62/><U64/><E64/><V13/><F13/><W97/><G63/><T8/><D8/><U91/><E101/><V98/><F98/><W111/><G103/><T12/><D12/><U75/><E75/><V16/><F37/><W50/><G111/><T1/><D1/><U117/><E117/><V17/><F47/><N who="3" m="25831" /><G131/><T73/><D73/><U72/><E72/><V80/><F80/><W79/><G79/><T55/><D29/><N who="1" m="17559" /><E44/><V35/><F35/><W105/><G105/><T21/><D31/><U126/><E126/><V108/><F108/><W5/><G5/><T14/><D14/><U36/><E36/><V95/><F95/><W102/><G102/><T87/><D21/><U107/><E107/><V43/><AGARI ba="1,0" hai="16,17,43,45,48,132,134,135" m="25097,47689" machi="43" ten="40,5200,0" yaku="20,1,18,1,54,1" doraHai="83" who="2" fromWho="2" sc="270,-14,350,-27,148,55,232,-14" /><INIT seed="2,0,0,4,1,94" ten="256,323,203,218" oya="2" hai0="108,113,32,25,120,19,82,99,93,84,115,126,135" hai1="123,44,117,56,50,52,43,95,6,53,28,59,91" hai2="47,63,35,78,105,70,119,24,31,17,100,67,27" hai3="12,133,121,116,96,107,36,76,90,86,83,9,61"/><V79/><F119/><W16/><G121/><T75/><D75/><U37/><E123/><V55/><F55/><W109/><G116/><T34/><D120/><U80/><E117/><V81/><F47/><W103/><G109/><T22/><D108/><U85/><E6/><V112/><F112/><W122/><G133/><T65/><D135/><U51/><E28/><V2/><F2/><W101/><G122/><T21/><D126/><U106/><E106/><V129/><F129/><W69/><G36/><T20/><D65/><U13/><E13/><V10/><F81/><AGARI ba="0,0" hai="37,43,44,50,51,52,53,56,59,80,81,85,91,95" machi="81" ten="40,2600,0" yaku="9,1,54,1" doraHai="94" who="1" fromWho="2" sc="256,0,323,26,203,-26,218,0" /><INIT seed="3,0,0,2,3,63" ten="256,349,177,218" oya="3" hai0="35,129,37,61,83,132,1,99,98,105,134,28,115" hai1="43,38,130,6,72,108,30,10,116,23,86,42,107" hai2="79,39,131,118,32,74,78,87,109,76,124,119,89" hai3="125,88,133,0,95,22,13,50,27,93,71,56,70"/><W48/><G0/><T16/><D37/><U25/><E72/><V19/><F32/><W53/><G125/><T59/><D1/><U21/><E107/><V101/><F39/><W29/><G133/><T84/><D129/><U26/><E130/><V8/><F8/><W24/><G95/><T60/><D115/><U114/><E38/><V20/><F131/><W54/><G27/><T11/><D28/><U67/><E114/><V33/><F33/><W92/><G92/><T103/><D98/><U80/><E67/><V69/><F69/><W126/><G13/><T51/><D35/><U102/><E102/><V113/><F113/><W4/><G4/><T34/><D34/><U122/><E122/><V66/><F124/><W52/><G54/><T44/><D11/><U117/><E108/><V73/><F109/><W120/><G120/><T14/><D14/><N who="1" m="5463" /><E117/><V40/><F40/><W82/><G82/><T97/><D83/><U110/><E110/><V96/><F20/><W81/><G81/><T31/><D105/><U41/><E116/><N who="2" m="44587" /><F19/><W45/><G126/><T77/><D31/><N who="1" m="17839" /><E41/><V65/><F65/><W123/><G123/><T91/><D132/><U90/><AGARI ba="0,0" hai="23,26,30,42,43,80,86,90" m="17839,5463" machi="90" ten="30,1100,0" yaku="8,1" doraHai="63" who="1" fromWho="1" sc="256,-3,349,11,177,-3,218,-5" owari="253,5.3,360,46.0,174,-32.6,213,-18.7" /></mjloggm>