<mjloggm ver="2.3"><GO type="225" lobby="0"/><UN n0="%72%65%6E%6B%75%6E" n1="%E3%81%9F%E3%81%8C%E3%82%84%E3%81%99" n2="%E8%90%BD%E6%97%A5" n3="%E5%84%AA%40%41%42%43" dan="17,16,19,17" rate="2260.86,2125.36,2288.13,2236.92" sx="M,M,F,M"/><TAIKYOKU oya="0"/><INIT seed="0,0,0,0,4,89" ten="250,250,250,250" oya="0" hai0="100,129,77,31,122,57,46,41,134,1,88,103,14" hai1="17,29,48,63,71,117,22,96,108,75,42,0,49" hai2="124,74,2,6,35,133,45,72,118,68,130,30,114" hai3="121,98,8,13,16,38,61,119,95,82,125,115,67"/><T76/><D1/><U105/><E0/><V79/><RYUUKYOKU type="yao9" ba="0,0" sc="250,0,250,0,250,0,250,0" hai2="2,6,30,35,45,68,72,74,79,114,118,124,130,133" /><INIT seed="0,1,0,2,2,27" ten="250,250,250,250" oya="0" hai0="133,106,31,52,17,71,63,115,125,85,110,135,112" hai1="9,42,86,51,54,122,60,130,18,72,74,77,41" hai2="124,10,38,55,35,6,90,126,7,134,44,101,2" hai3="96,103,118,83,58,3,79,33,109,91,11,24,132"/><T47/><D106/><U57/><E72/><V116/><F134/><N who="0" m="51210" /><D125/><N who="2" m="48234" /><F116/><W62/><G118/><T26/><D17/><U45/><E74/><V48/><F35/><W80/><G109/><T64/><D110/><U69/><E69/><V25/><F7/><W127/><G91/><T81/><D81/><N who="1" m="47407" /><E122/><V114/><F114/><W131/><G131/><T59/><D47/><U68/><E68/><V121/><F121/><W66/><G132/><T87/><D115/><U65/><E130/><V29/><F90/><W102/><G102/><T95/><D95/><U37/><E37/><V53/><F38/><W129/><G129/><T94/><D94/><U32/><E32/><N who="2" m="20527" /><F101/><W61/><G127/><T111/><D111/><U14/><AGARI ba="1,0" hai="9,14,18,41,42,45,51,54,57,60,65" m="47407" machi="14" ten="30,1100,0" yaku="8,1" doraHai="27" who="1" fromWho="1" sc="250,-6,250,14,250,-4,250,-4" /><INIT seed="1,0,0,4,0,40" ten="244,264,246,246" oya="1" hai0="49,106,12,6,90,119,77,28,98,116,122,95,135" hai1="14,109,36,99,97,87,27,88,71,114,13,7,115" hai2="131,32,118,100,20,67,21,110,107,74,5,25,73" hai3="130,15,26,29,80,19,103,39,4,43,89,120,68"/><U85/><E71/><V47/><F118/><W46/><G120/><T35/><D135/><U3/><E3/><V51/><F110/><W101/><G68/><T58/><D122/><U70/><E70/><V2/><F131/><W117/><G130/><T133/><D133/><U17/><E36/><V42/><F67/><W134/><G4/><T64/><D106/><U38/><E38/><V62/><F62/><W92/><G80/><T33/><D77/><U52/><E109/><V37/><F32/><W16/><G117/><T18/><D6/><U34/><E34/><V8/><F37/><W10/><G19/><T60/><D49/><U66/><E66/><V11/><F11/><W127/><G127/><T94/><D33/><U82/><E115/><V53/><F21/><W83/><G83/><T44/><D44/><U54/><E85/><V31/><REACH who="2" step="1"/><F42/><REACH who="2" ten="244,264,236,246" step="2"/><W48/><G39/><T72/><D35/><U69/><E114/><V84/><F84/><N who="3" m="52263" /><G134/><T23/><D72/><U93/><E69/><V24/><F24/><W30/><G26/><T76/><D116/><U41/><E41/><V1/><F1/><W63/><G63/><T96/><D119/><U59/><E27/><V0/><F0/><W125/><G125/><T9/><D9/><U123/><E13/><V112/><F112/><W55/><G43/><T78/><REACH who="0" step="1"/><D28/><AGARI ba="0,1" hai="10,15,16,28,29,30,46,48,55,101,103" m="52263" machi="28" ten="30,3900,0" yaku="8,1,52,1,54,1" doraHai="40" who="3" fromWho="0" sc="244,-39,264,0,236,0,246,49" /><INIT seed="2,0,0,5,3,123" ten="205,264,236,295" oya="2" hai0="22,5,121,90,134,32,59,49,28,81,83,69,9" hai1="130,10,73,54,3,58,45,80,116,66,40,76,48" hai2="52,111,61,109,20,19,71,120,72,131,17,26,11" hai3="77,103,27,94,7,97,8,68,79,2,127,101,128"/><V105/><F120/><W112/><G128/><T30/><D69/><U96/><E96/><V42/><F131/><W102/><G127/><T55/><D134/><U24/><E130/><V98/><F72/><W91/><G112/><T87/><D121/><U124/><E116/><V117/><F117/><W57/><G68/><T6/><D32/><U25/><E66/><V78/><F42/><W0/><G0/><T1/><D6/><U106/><E106/><V122/><F78/><W41/><G41/><T35/><D35/><U63/><E124/><V36/><F36/><W13/><G2/><T82/><REACH who="0" step="1"/><D22/><REACH who="0" ten="195,264,236,295" step="2"/><U47/><E10/><V132/><F132/><W53/><G27/><T88/><D88/><U114/><E114/><V16/><F122/><W43/><G43/><T104/><D104/><U60/><E24/><V14/><F19/><W37/><G37/><T33/><D33/><U84/><E25/><V95/><F105/><W65/><G77/><T125/><D125/><U38/><E38/><V70/><F71/><W67/><G79/><T118/><D118/><U50/><E73/><V126/><F126/><W86/><G103/><T18/><D18/><U23/><E23/><V107/><F107/><W135/><G102/><T44/><D44/><U34/><E34/><V133/><F133/><W64/><G135/><T21/><D21/><U39/><E39/><V46/><F70/><W75/><G75/><T62/><D62/><N who="1" m="23595" /><E45/><V15/><F26/><W129/><G129/><T4/><D4/><U119/><E119/><V31/><F46/><W74/><G74/><T56/><D56/><RYUUKYOKU ba="0,1" sc="195,15,264,15,236,-15,295,-15" hai0="1,5,9,28,30,49,55,59,81,82,83,87,90" hai1="3,40,47,48,50,54,58,76,80,84" /><INIT seed="3,1,1,5,1,110" ten="210,279,221,280" oya="3" hai0="101,54,99,60,32,18,4,94,34,61,31,62,17" hai1="108,122,83,125,2,98,58,46,91,64,116,126,39" hai2="124,42,10,29,71,15,41,52,79,68,109,123,13" hai3="128,76,67,23,56,133,51,37,30,105,97,95,20"/><W120/><G120/><T75/><D75/><U63/><E2/><V113/><F29/><W135/><G37/><T55/><D4/><U81/><E122/><V21/><F79/><W44/><G105/><T25/><REACH who="0" step="1"/><D34/><REACH who="0" ten="200,279,221,280" step="2"/><U117/><E117/><V24/><F123/><W16/><G135/><T96/><D96/><U121/><E98/><V48/><F109/><W93/><G133/><T82/><D82/><U112/><E81/><V28/><F124/><W89/><G97/><T127/><D127/><U7/><E7/><V1/><F1/><W111/><G111/><T69/><D69/><U33/><E33/><V26/><F71/><W45/><G95/><T50/><D50/><U115/><E116/><V36/><F68/><W84/><G51/><T65/><D65/><U53/><E108/><V12/><F36/><W73/><G73/><T87/><D87/><U134/><E134/><V129/><F129/><W40/><G128/><T0/><D0/><U88/><E121/><V132/><F132/><W57/><G67/><T74/><D74/><U14/><E83/><V27/><F10/><W78/><G93/><T104/><D104/><U22/><E126/><V86/><F86/><W130/><G84/><T35/><D35/><U106/><E106/><V3/><F3/><W6/><G6/><T85/><D85/><U119/><E119/><V11/><F11/><W43/><G130/><T19/><AGARI ba="1,2" hai="17,18,19,25,31,32,54,55,60,61,62,94,99,101" machi="19" ten="30,2000,0" yaku="1,1,0,1,53,0" doraHai="110" doraHaiUra="5" who="0" fromWho="0" sc="200,43,279,-6,221,-6,280,-11" /><INIT seed="4,0,0,2,3,4" ten="243,273,215,269" oya="0" hai0="59,14,130,43,98,53,54,10,15,124,103,121,86" hai1="68,119,129,19,112,16,108,133,104,80,5,118,57" hai2="33,51,70,56,120,123,46,109,0,117,72,85,94" hai3="100,67,91,115,28,89,24,27,111,102,60,47,131"/><T9/><D121/><U96/><E68/><V83/><F109/><W38/><G111/><T95/><D124/><U90/><E108/><V32/><F70/><W113/><G38/><T20/><D130/><U79/><E129/><V92/><F117/><W114/><G47/><T97/><D43/><U36/><E36/><V82/><F0/><W64/><G131/><T132/><D132/><U11/><E133/><V17/><F56/><W48/><G48/><N who="0" m="31143" /><D97/><U12/><E112/><V18/><F85/><W6/><G6/><T134/><D134/><U74/><E57/><V25/><F25/><N who="3" m="9803" /><G28/><T13/><D54/><U126/><E126/><V65/><F51/><W77/><G77/><T81/><D20/><U3/><E104/><V66/><REACH who="2" step="1"/><F46/><REACH who="2" ten="243,273,205,269" step="2"/><W76/><G115/><T127/><D127/><U39/><E39/><V63/><F63/><W73/><G114/><T78/><AGARI ba="0,1" hai="9,10,13,14,15,78,81,86,95,98,103" m="31143" machi="78" ten="30,6000,0" yaku="8,1,52,2" doraHai="4" who="0" fromWho="0" sc="243,70,273,-20,205,-20,269,-20" owari="313,41.3,253,5.3,185,-31.5,249,-15.1" /></mjloggm>