<mjloggm ver="2.3"><GO type="225" lobby="0"/><UN n0="%33%74%72%65%65" n1="%6D%75%75%73%61%6E%6D%75" n2="%E9%97%98%E5%B0%86%E3%81%A0%E3%82%93%E3%81%A7%E3%81%83" n3="%E3%81%B5%E3%81%98%E3%81%8B%E3%81%A4" dan="16,16,16,16" rate="2128.67,2118.19,2121.50,2181.15" sx="F,F,M,M"/><TAIKYOKU oya="0"/><INIT seed="0,0,0,3,3,120" ten="250,250,250,250" oya="0" hai0="131,10,66,97,119,50,98,21,101,51,128,20,63" hai1="99,65,72,1,76,32,53,109,122,102,73,60,92" hai2="12,130,15,124,83,88,42,135,123,3,11,61,106" hai3="107,16,77,96,46,105,80,23,104,114,38,45,40"/><T90/><D119/><U43/><E122/><V8/><F123/><W110/><G114/><T44/><D10/><U87/><E32/><V93/><F106/><W100/><G110/><T49/><D44/><U79/><E1/><V47/><F130/><N who="0" m="49706" /><D90/><U62/><E43/><V48/><F135/><W118/><G46/><T117/><D117/><U7/><E7/><V127/><F83/><W134/><G134/><T82/><D82/><U6/><E6/><V121/><F121/><W81/><G118/><T29/><D29/><U112/><E112/><V89/><F89/><W35/><G35/><T52/><D52/><U113/><E113/><V13/><F61/><W103/><G103/><T74/><D74/><U39/><E39/><V67/><F67/><W57/><G57/><N who="0" m="37231" /><D97/><U28/><E28/><V31/><F31/><W54/><G54/><T126/><D126/><N who="2" m="48170" /><F3/><W78/><G81/><T132/><D132/><U30/><E30/><V84/><AGARI ba="0,0" hai="8,11,12,13,15,42,47,48,84,88,93" m="48170" machi="84" ten="30,2000,0" yaku="18,1,54,1" doraHai="120" who="2" fromWho="2" sc="250,-10,250,-5,250,20,250,-5" /><INIT seed="1,0,0,4,2,129" ten="240,245,270,245" oya="1" hai0="16,5,66,14,63,131,22,3,41,20,92,2,113" hai1="59,36,122,4,38,69,72,9,57,79,60,56,111" hai2="128,109,121,83,21,117,84,27,86,102,107,74,73" hai3="89,108,75,132,28,125,6,50,26,82,58,95,39"/><U17/><E122/><V127/><F117/><W133/><G39/><T61/><D113/><U35/><E35/><V31/><F121/><W105/><G105/><T85/><D131/><U94/><E111/><V62/><F128/><W114/><G114/><T115/><D115/><U123/><E123/><V51/><F127/><W65/><G108/><T68/><D5/><U119/><E119/><V46/><F109/><W13/><G125/><T101/><D41/><U45/><E17/><V19/><F86/><W47/><G75/><T110/><D110/><U0/><E94/><V88/><F62/><N who="3" m="38103" /><G82/><T32/><D32/><U11/><E11/><V76/><F102/><W23/><G13/><T97/><D61/><U54/><E69/><V8/><F107/><W49/><G6/><T33/><D33/><U98/><E98/><V104/><F104/><W40/><G40/><T64/><D64/><U7/><E7/><V24/><F76/><W1/><G47/><T52/><D52/><U67/><E67/><V112/><F112/><W48/><G1/><T120/><D120/><U30/><E38/><V12/><REACH who="2" step="1"/><F27/><REACH who="2" ten="240,245,260,245" step="2"/><W29/><G89/><T44/><D63/><U135/><E60/><V106/><F106/><W134/><G95/><T130/><D92/><U37/><E79/><V99/><F99/><W87/><G87/><T10/><D85/><U15/><E72/><V116/><F116/><W96/><G96/><T103/><D97/><U42/><E36/><V71/><F71/><W118/><G118/><T55/><D68/><U126/><E126/><V70/><F70/><W81/><G81/><RYUUKYOKU ba="0,1" sc="240,-15,245,-15,260,15,245,15" hai2="8,12,19,21,24,31,46,51,73,74,83,84,88" hai3="23,26,28,29,48,49,50,132,133,134" /><INIT seed="2,1,1,1,2,99" ten="225,230,275,260" oya="2" hai0="133,83,16,32,11,7,96,129,1,106,81,62,97" hai1="79,60,82,19,30,64,109,27,56,37,88,117,74" hai2="130,48,78,101,66,80,18,5,119,113,17,95,15" hai3="135,84,89,41,24,115,21,57,68,134,45,31,98"/><V14/><F113/><W123/><G68/><T63/><D133/><N who="3" m="50697" /><G123/><T20/><D129/><U112/><E112/><V36/><F36/><N who="3" m="21671" /><G115/><T70/><D32/><U52/><E109/><V107/><F107/><W85/><G57/><T86/><D70/><U127/><E127/><V34/><F34/><W4/><G4/><T73/><D73/><U128/><E128/><V46/><F119/><W69/><G69/><T47/><D47/><U111/><E111/><V35/><F35/><W110/><G110/><T9/><D106/><U71/><E37/><V131/><F66/><W92/><AGARI ba="1,1" hai="21,24,31,84,85,89,92,98" m="21671,50697" machi="92" ten="30,1100,0" yaku="20,1" doraHai="99" who="3" fromWho="3" sc="225,-4,230,-4,275,-6,260,24" /><INIT seed="3,0,0,2,3,64" ten="221,226,269,284" oya="3" hai0="68,44,55,15,132,11,123,45,62,94,121,37,35" hai1="126,120,114,63,119,115,113,74,111,103,87,83,51" hai2="24,105,59,76,33,3,108,66,92,48,122,29,65" hai3="90,46,8,39,18,1,89,72,43,109,86,70,60"/><W32/><G32/><T17/><D132/><U13/><E120/><V99/><F105/><W41/><G41/><T6/><D35/><U78/><E111/><V101/><F108/><W82/><G109/><T134/><D134/><U95/><E126/><V53/><F3/><W10/><G10/><T34/><D34/><U5/><E119/><V0/><F0/><W22/><G72/><T107/><D107/><U81/><E51/><V52/><F122/><W31/><G31/><T47/><D37/><U88/><E63/><V131/><F131/><W112/><G112/><T20/><D94/><U58/><E58/><V93/><F76/><W27/><G90/><T42/><D42/><U104/><E13/><V118/><F118/><W98/><G98/><T16/><D17/><U135/><E5/><V117/><F117/><W50/><G39/><T23/><D23/><U116/><E116/><V49/><F93/><W73/><G73/><T26/><REACH who="0" step="1"/><D55/><REACH who="0" ten="211,226,269,284" step="2"/><U133/><E104/><V19/><F19/><N who="3" m="12767" /><G43/><T30/><D30/><U38/><E38/><V57/><AGARI ba="0,1" hai="24,29,33,48,49,52,53,57,59,65,66,92,99,101" machi="57" ten="20,5200,0" yaku="0,1,7,1,9,1,54,1" doraHai="64" who="2" fromWho="2" sc="211,-13,226,-13,269,62,284,-26" owari="198,-30.2,213,-18.7,331,43.1,258,5.8" /></mjloggm>