<mjloggm ver="2.3"><GO type="225" lobby="0"/><UN n0="%E3%81%A1%E3%82%85%E3%81%86%E3%81%A9%E3%81%8F%E8%B1%A1%E3%81%95%E3%82%93" n1="%48%61%61%61%6C%61%6E%64" n2="%E3%81%B7%E3%82%8A%E3%82%93%E8%81%96%E4%BA%BA" n3="%4E%6F%2E%30%30%30%31" dan="17,17,16,18" rate="2191.80,2232.14,2111.10,2233.80" sx="M,M,M,M"/><TAIKYOKU oya="0"/><INIT seed="0,0,0,3,2,26" ten="250,250,250,250" oya="0" hai0="131,97,46,92,55,10,121,129,13,101,61,107,54" hai1="53,1,113,126,79,9,71,120,47,86,108,64,38" hai2="12,35,41,65,103,2,52,59,78,0,63,90,109" hai3="74,15,83,51,30,128,68,44,39,11,19,16,20"/><T62/><D121/><U80/><E120/><V42/><F78/><W91/><G39/><T29/><D107/><U81/><E108/><V95/><F35/><W32/><G68/><T82/><D82/><U87/><E126/><V135/><F109/><W66/><G66/><T93/><D93/><U34/><E113/><V24/><F103/><W76/><G128/><N who="0" m="49227" /><D29/><U119/><E119/><V70/><F135/><W117/><G117/><T14/><D14/><U18/><E81/><V115/><F115/><W25/><G91/><T43/><D61/><U84/><E80/><V8/><F24/><W40/><REACH who="3" step="1"/><G32/><REACH who="3" ten="250,250,250,240" step="2"/><T77/><D77/><U96/><E34/><V37/><F37/><W127/><G127/><T23/><D62/><U75/><E79/><V102/><F102/><W111/><G111/><T67/><D67/><U118/><E64/><V125/><F125/><W36/><G36/><N who="0" m="21863" /><D23/><U112/><E118/><V5/><F65/><W94/><G94/><T56/><D56/><U69/><E69/><V124/><F124/><W72/><G72/><T105/><D92/><U22/><E71/><V27/><F70/><W114/><G114/><T110/><D110/><U122/><E112/><V98/><F2/><W28/><AGARI ba="0,1" hai="11,15,16,19,20,25,28,30,40,44,51,74,76,83" machi="28" ten="30,8000,1" yaku="1,1,0,1,52,2,54,1,53,0" doraHai="26" doraHaiUra="130" who="3" fromWho="3" sc="250,-40,250,-20,250,-20,240,90" /><INIT seed="1,0,0,0,3,12" ten="210,230,230,330" oya="1" hai0="124,56,118,126,90,111,46,133,39,58,134,50,31" hai1="55,48,19,18,43,122,74,112,24,6,108,76,84" hai2="85,77,45,120,11,117,40,64,30,75,9,57,51" hai3="60,33,36,94,129,109,87,135,15,13,106,98,102"/><U67/><E112/><V115/><F75/><W32/><G36/><T80/><D31/><U73/><E122/><V54/><F120/><W17/><G109/><T69/><D80/><N who="1" m="47111" /><E74/><V103/><F103/><W104/><G129/><T26/><D26/><U27/><E73/><V70/><F30/><W89/><G135/><N who="0" m="51723" /><D90/><U2/><E2/><V95/><F117/><W131/><G131/><T47/><D118/><U14/><E43/><V21/><F21/><W88/><G13/><T121/><D121/><U71/><E71/><V93/><F93/><W79/><G104/><T42/><D111/><U59/><E108/><V63/><F115/><W114/><G114/><T3/><D3/><U20/><E6/><V110/><F110/><W49/><G79/><T130/><D69/><U25/><E67/><V128/><F128/><W23/><G89/><T68/><D68/><U123/><E123/><V38/><F95/><W97/><G97/><T125/><D130/><U53/><E53/><AGARI ba="0,0" hai="39,42,46,47,50,53,56,58,124,125,126" m="51723" machi="53" ten="40,8000,1" yaku="18,1,20,1,34,2" doraHai="12" who="0" fromWho="1" sc="210,80,230,-80,230,0,330,0" /><INIT seed="2,0,0,3,1,12" ten="290,150,230,330" oya="2" hai0="79,133,129,37,34,58,130,56,51,23,118,57,117" hai1="120,38,90,3,99,46,52,49,0,106,116,112,40" hai2="77,22,76,11,131,134,123,70,82,74,96,100,93" hai3="78,75,62,6,43,29,47,42,92,28,61,81,88"/><V124/><F70/><W54/><G6/><T85/><D34/><U102/><E112/><V84/><F123/><W108/><G108/><T91/><D79/><U115/><E115/><V27/><F134/><W97/><G43/><T48/><D37/><U101/><E116/><N who="0" m="44649" /><D23/><U19/><E120/><V18/><F131/><N who="0" m="50186" /><D133/><U1/><E102/><V68/><F68/><W33/><G33/><T135/><D135/><U110/><E110/><V128/><F128/><W126/><G126/><T24/><D24/><U66/><E90/><V2/><F124/><W95/><G28/><T39/><D39/><U69/><E19/><V87/><F76/><W86/><G29/><T41/><D41/><U36/><REACH who="1" step="1"/><E40/><REACH who="1" ten="290,140,230,330" step="2"/><V103/><REACH who="2" step="1"/><F103/><REACH who="2" ten="290,140,220,330" step="2"/><W72/><G78/><T45/><D91/><U50/><E50/><V114/><F114/><W21/><G88/><T73/><D48/><U5/><E5/><AGARI ba="0,2" hai="2,5,11,18,22,27,74,77,82,84,87,93,96,100" machi="5" ten="40,7700,0" yaku="1,1,52,1,53,1" doraHai="12" doraHaiUra="13" who="2" fromWho="1" sc="290,0,140,-77,220,97,330,0" /><INIT seed="2,1,0,5,5,72" ten="290,63,317,330" oya="2" hai0="35,53,64,16,70,39,118,112,22,88,133,62,127" hai1="107,55,68,61,128,26,45,102,122,131,44,1,5" hai2="79,65,51,2,87,14,86,24,32,115,121,6,20" hai3="114,48,120,28,54,56,34,41,74,21,89,109,37"/><V104/><F104/><W98/><G120/><T108/><D112/><U83/><E5/><V29/><F121/><W52/><G34/><T124/><D39/><U38/><E1/><V132/><F115/><W8/><G114/><T25/><D108/><U0/><E0/><V116/><F116/><W84/><G74/><T97/><D118/><U9/><E9/><V71/><F2/><W134/><G109/><T90/><D133/><U105/><E122/><V49/><F86/><W126/><G126/><N who="0" m="48171" /><D35/><U66/><E26/><V119/><F119/><W4/><G98/><T101/><D53/><U73/><E105/><AGARI ba="1,0" hai="16,22,25,62,64,70,88,90,97,101,105" m="48171" machi="105" ten="30,3900,0" yaku="18,1,54,2" doraHai="72" who="0" fromWho="1" sc="290,42,63,-42,317,0,330,0" /><INIT seed="3,0,0,1,1,17" ten="332,21,317,330" oya="3" hai0="122,54,95,96,134,41,31,117,15,8,69,67,16" hai1="118,71,132,26,101,19,115,74,120,88,7,62,53" hai2="129,76,39,131,13,80,126,119,30,73,133,68,113" hai3="23,45,14,51,103,63,82,79,66,18,102,21,123"/><W64/><G123/><T55/><D117/><U93/><E132/><V112/><F13/><W104/><G104/><T72/><D72/><U127/><E127/><V4/><F4/><W75/><G23/><T3/><D122/><U70/><E115/><N who="2" m="44107" /><F30/><W49/><G66/><T98/><D41/><U60/><E118/><V86/><F119/><W42/><G51/><T35/><D3/><U11/><E74/><V36/><F126/><W61/><G63/><T77/><D77/><U50/><E101/><V124/><F124/><W10/><G10/><T46/><D134/><U128/><E128/><N who="2" m="49227" /><F133/><W40/><G40/><T2/><D2/><U1/><E120/><V125/><F125/><W99/><G99/><T121/><D121/><U48/><E71/><AGARI ba="0,0" hai="14,18,21,42,45,49,61,64,71,75,79,82,102,103" machi="71" ten="30,2900,0" yaku="7,1,52,1" doraHai="17" who="3" fromWho="1" sc="332,0,21,-29,317,0,330,29" owari="332,13.2,-8,-50.8,317,-8.3,359,45.9" /></mjloggm>