<mjloggm ver="2.3"><GO type="225" lobby="0"/><UN n0="%48%61%61%61%6C%61%6E%64" n1="%E8%90%BD%E6%97%A5" n2="%72%69%6F%75%63%68%61%6E" n3="%72%61%6B%33" dan="17,19,17,16" rate="2167.89,2272.12,2214.13,2189.62" sx="M,F,M,M"/><TAIKYOKU oya="0"/><INIT seed="0,0,0,5,2,54" ten="250,250,250,250" oya="0" hai0="96,86,112,53,20,88,68,8,105,33,71,3,80" hai1="14,59,124,130,135,15,113,132,27,79,50,10,93" hai2="116,26,76,38,72,37,114,55,1,17,23,121,11" hai3="104,7,65,58,131,78,41,109,90,16,87,83,29"/><T77/><D33/><U107/><E107/><V129/><F129/><W127/><G131/><T34/><D112/><U25/><E130/><V62/><F121/><W46/><G109/><T40/><D34/><U94/><E113/><V9/><F114/><W64/><G127/><T84/><D40/><U125/><E79/><V57/><F116/><W13/><G104/><T67/><D67/><U74/><E50/><V35/><F35/><W32/><G7/><T106/><D20/><U101/><E101/><V61/><F61/><W21/><G78/><T98/><D53/><U122/><E10/><V89/><F89/><W39/><REACH who="3" step="1"/><G58/><REACH who="3" ten="250,250,250,240" step="2"/><T70/><D105/><U81/><E122/><V73/><F76/><W108/><G108/><T60/><D106/><U30/><E59/><V4/><REACH who="2" step="1"/><F11/><REACH who="2" ten="250,250,240,240" step="2"/><W42/><G42/><T134/><D8/><U91/><E125/><V36/><AGARI ba="0,2" hai="1,4,9,17,23,26,36,37,38,55,57,62,72,73" machi="36" ten="30,7900,0" yaku="1,1,2,1,0,1,52,1,53,0" doraHai="54" doraHaiUra="123" who="2" fromWho="2" sc="250,-39,250,-20,240,99,240,-20" /><INIT seed="1,0,0,0,3,10" ten="211,230,339,220" oya="1" hai0="74,116,124,61,131,49,111,85,38,123,2,67,126" hai1="43,100,27,76,6,97,110,22,95,107,89,72,78" hai2="101,54,90,102,114,99,133,5,84,26,15,40,129" hai3="1,28,46,98,81,44,37,23,20,121,128,4,93"/><U45/><E110/><V86/><F129/><W16/><G128/><T30/><D74/><U12/><E72/><V9/><F133/><W32/><G121/><T21/><D131/><U92/><E107/><V41/><F114/><W118/><G118/><T75/><D75/><U88/><E100/><V106/><F102/><W62/><G81/><T14/><D2/><U64/><E64/><V29/><F54/><W36/><G32/><T69/><D38/><U87/><E6/><V53/><F53/><W70/><G28/><T71/><D116/><U63/><E63/><V19/><F19/><W91/><G23/><T0/><D0/><U112/><E112/><V117/><F117/><W48/><G4/><T132/><D111/><U68/><E68/><V73/><F73/><W105/><G1/><T82/><D132/><U65/><E65/><V24/><F24/><W8/><G8/><T120/><D49/><N who="1" m="26815" /><E12/><V104/><F104/><W119/><G105/><T94/><D69/><U134/><E134/><V3/><F3/><W11/><G119/><T35/><D35/><U13/><E13/><V33/><REACH who="2" step="1"/><F84/><REACH who="2" ten="211,230,329,220" step="2"/><W113/><G113/><T7/><D85/><U50/><E50/><V57/><F57/><W127/><G48/><T55/><D71/><U115/><E115/><V47/><F47/><W59/><G70/><T79/><D55/><U51/><E51/><V18/><F18/><AGARI ba="0,1" hai="18,22,27,76,78,87,88,89,92,95,97" m="26815" machi="18" ten="30,2900,0" yaku="8,1,54,1" doraHai="10" who="1" fromWho="2" sc="211,0,230,39,329,-29,220,0" /><INIT seed="1,1,0,5,4,71" ten="211,269,300,220" oya="1" hai0="85,113,119,57,96,6,106,93,15,22,19,9,70" hai1="89,24,79,51,120,61,35,98,17,54,38,112,4" hai2="30,23,18,49,72,59,127,56,39,99,84,121,114" hai3="12,129,62,21,117,7,92,130,109,26,5,86,91"/><U34/><E112/><V0/><F121/><W125/><G109/><T132/><D113/><U78/><E120/><V77/><F114/><W67/><G125/><T74/><D70/><U68/><E4/><V32/><F72/><W133/><G133/><T45/><D74/><U50/><E38/><V95/><F127/><W10/><G7/><T65/><D132/><U81/><E78/><V90/><F0/><W73/><G73/><T118/><D106/><U3/><E3/><V131/><F131/><W36/><G117/><T102/><D85/><U116/><E116/><V123/><F39/><W105/><G105/><T29/><D45/><U52/><E89/><V80/><F123/><W75/><G36/><T82/><D82/><U128/><E98/><V104/><F104/><W41/><G41/><T63/><REACH who="0" step="1"/><D29/><REACH who="0" ten="201,269,300,220" step="2"/><U55/><E68/><V69/><F69/><W124/><G75/><T20/><D20/><U40/><E81/><V101/><F30/><N who="3" m="17743" /><G124/><T37/><D37/><U135/><E135/><V33/><F33/><W43/><G130/><T31/><D31/><U16/><E128/><V76/><F32/><W27/><G129/><T13/><AGARI ba="1,1" hai="6,9,13,15,19,22,57,63,65,93,96,102,118,119" machi="13" ten="20,2700,0" yaku="1,1,0,1,7,1,53,0" doraHai="71" doraHaiUra="107" who="0" fromWho="0" sc="201,40,269,-14,300,-8,220,-8" /><INIT seed="2,0,0,5,5,116" ten="241,255,292,212" oya="2" hai0="64,77,85,63,120,45,67,40,15,99,27,14,4" hai1="58,47,8,108,22,86,121,10,105,6,68,126,127" hai2="21,34,71,114,57,112,92,18,16,26,69,125,79" hai3="73,94,25,1,3,74,135,128,38,84,113,43,61"/><V30/><F125/><N who="1" m="47625" /><E68/><V91/><F79/><W70/><G128/><T110/><D110/><U130/><E108/><V29/><F18/><W13/><G135/><T12/><D120/><U90/><E105/><V109/><F109/><W118/><G118/><T119/><D119/><U55/><E130/><V48/><F30/><W65/><G13/><T50/><D27/><U54/><E22/><V56/><F69/><W36/><G84/><T72/><D72/><N who="3" m="27753" /><G94/><T80/><D99/><U93/><E121/><V66/><F71/><W24/><G43/><T107/><D107/><U31/><E31/><V101/><F101/><W104/><G104/><T62/><REACH who="0" step="1"/><D4/><REACH who="0" ten="231,255,292,212" step="2"/><U32/><E6/><V122/><F122/><W49/><G24/><T95/><D95/><U133/><E133/><V41/><F114/><W44/><G25/><T51/><D51/><N who="1" m="29055" /><E32/><V124/><F112/><W75/><G113/><T60/><AGARI ba="0,1" hai="12,14,15,40,45,50,60,62,63,64,67,77,80,85" machi="60" ten="30,4000,0" yaku="1,1,0,1,8,1,53,0" doraHai="116" doraHaiUra="88" who="0" fromWho="0" sc="231,50,255,-10,292,-20,212,-10" /><INIT seed="3,0,0,5,0,30" ten="281,245,272,202" oya="3" hai0="62,88,104,35,41,12,84,129,37,66,4,67,65" hai1="91,124,68,69,19,135,77,128,78,105,11,25,97" hai2="42,23,103,64,116,99,108,61,134,31,81,24,58" hai3="74,53,87,43,121,27,44,38,49,2,100,7,9"/><W55/><G121/><T70/><D35/><U102/><E124/><V46/><F108/><W3/><G3/><T131/><D104/><U76/><E128/><N who="0" m="49225" /><D41/><U119/><E135/><V47/><F134/><W122/><G122/><T96/><D37/><U36/><E36/><V0/><F0/><W73/><G100/><T115/><D96/><U101/><E119/><V51/><F116/><W125/><G125/><T15/><D115/><U110/><E110/><V86/><F51/><W92/><G27/><T80/><D4/><U13/><E102/><V17/><F17/><W130/><G130/><T21/><D21/><U72/><E72/><V52/><F42/><W133/><G133/><T93/><D80/><U132/><E132/><V79/><REACH who="2" step="1"/><F64/><AGARI ba="0,0" hai="12,15,62,64,65,66,67,70,84,88,93" m="49225" machi="64" ten="30,2000,0" yaku="19,1,54,1" doraHai="30" who="0" fromWho="2" sc="281,20,245,0,272,-20,202,0" owari="301,40.1,245,-15.5,252,5.2,202,-29.8" /></mjloggm>