<mjloggm ver="2.3"><GO type="225" lobby="0"/><UN n0="%72%69%6F%75%63%68%61%6E" n1="%E5%BC%93%E6%9C%A8%E3%81%AA%E3%81%8A" n2="%E6%97%A5%E6%9B%9C%E6%97%A5%E3%82%88%E3%82%8A%E3%81%AE%E4%BD%BF%E8%80%85" n3="%E3%81%86%E3%81%9A%E3%82%89%E5%8D%B5%E3%83%95%E3%83%A9%E3%82%A4" dan="16,16,17,16" rate="2091.18,2084.61,2138.98,2091.45" sx="M,M,M,M"/><TAIKYOKU oya="0"/><INIT seed="0,0,0,4,2,108" ten="250,250,250,250" oya="0" hai0="34,57,66,84,32,11,81,106,135,43,16,26,24" hai1="90,17,2,79,100,113,107,131,70,15,53,29,105" hai2="97,61,6,33,130,55,76,31,117,46,103,63,115" hai3="12,1,25,85,44,93,88,7,122,28,50,123,119"/><T23/><D135/><U67/><E2/><V54/><F6/><W95/><G119/><T101/><D43/><U40/><E131/><V69/><F130/><W78/><G78/><T80/><D11/><U89/><E29/><V77/><F117/><W102/><G1/><T56/><D81/><U65/><E79/><V98/><F46/><W60/><G60/><T75/><D75/><U30/><E30/><V39/><F39/><W124/><G124/><T99/><D24/><U10/><E40/><V104/><F31/><W94/><G102/><T91/><REACH who="0" step="1"/><D66/><REACH who="0" ten="240,250,250,250" step="2"/><U3/><E67/><V120/><F120/><W36/><G123/><T49/><D49/><U118/><E10/><V48/><F48/><W9/><G122/><T27/><D27/><U128/><E65/><V132/><F132/><W52/><REACH who="3" step="1"/><G36/><REACH who="3" ten="240,250,250,240" step="2"/><T38/><D38/><U58/><E118/><V116/><F116/><W4/><G4/><T14/><D14/><U110/><E15/><V82/><F63/><W126/><G126/><T87/><D87/><U86/><E86/><V121/><F61/><W45/><G45/><T74/><D74/><U134/><E134/><V22/><F121/><W127/><G127/><T83/><D83/><U20/><E128/><V21/><F82/><W112/><G112/><T5/><D5/><U72/><E113/><V18/><F115/><W64/><G64/><T68/><D68/><U59/><E70/><V47/><F69/><W51/><G51/><T114/><D114/><U42/><E72/><V37/><F37/><W133/><G133/><T129/><D129/><U0/><E110/><RYUUKYOKU ba="0,2" sc="240,15,250,-15,250,-15,240,15" hai0="16,23,26,32,34,56,57,80,84,91,99,101,106" hai3="7,9,12,25,28,44,50,52,85,88,93,94,95" /><INIT seed="0,1,2,2,0,69" ten="255,235,235,255" oya="0" hai0="132,116,25,59,63,80,60,90,1,74,112,36,56" hai1="61,26,14,91,46,47,24,43,50,23,64,3,97" hai2="109,45,55,88,86,35,0,93,120,54,70,121,101" hai3="76,113,118,68,94,75,73,62,99,79,41,111,85"/><T30/><D112/><U49/><E3/><V65/><F0/><W8/><G113/><T84/><D116/><U72/><E72/><V117/><F35/><W13/><G118/><T33/><D132/><U98/><E14/><V92/><F117/><W89/><G111/><T123/><D123/><U19/><E91/><V119/><F119/><W102/><G41/><T52/><D1/><U96/><E26/><V134/><F134/><W38/><G38/><T106/><D106/><U83/><E83/><V11/><F109/><W2/><G2/><T29/><D29/><U28/><E28/><V87/><F11/><W135/><G135/><T51/><D36/><U57/><REACH who="1" step="1"/><E97/><REACH who="1" ten="255,225,235,255" step="2"/><V131/><F88/><W67/><G75/><T22/><D74/><U100/><E100/><V40/><F101/><W10/><G73/><T4/><D4/><U114/><E114/><V39/><F121/><W9/><REACH who="3" step="1"/><G13/><REACH who="3" ten="255,225,235,245" step="2"/><T44/><D33/><U12/><E12/><V78/><F120/><W5/><G5/><T42/><D42/><AGARI ba="1,4" hai="19,23,24,42,43,46,47,49,50,57,61,64,96,98" machi="42" ten="30,7700,0" yaku="1,1,7,1,9,1,8,1,53,0" doraHai="69" doraHaiUra="105" who="1" fromWho="0" sc="255,-80,225,120,235,0,245,0" /><INIT seed="1,0,0,5,0,85" ten="175,345,235,245" oya="1" hai0="71,31,23,96,12,17,132,36,37,33,75,57,101" hai1="84,7,62,50,82,21,127,90,0,56,35,65,67" hai2="15,49,105,13,135,114,99,25,129,134,100,108,26" hai3="97,92,80,123,124,126,38,11,89,79,107,6,117"/><U45/><E35/><V32/><F108/><W60/><G123/><T27/><D132/><N who="2" m="50730" /><F129/><W24/><G38/><T34/><D75/><U68/><E127/><N who="3" m="48682" /><G117/><T110/><D110/><U131/><E131/><V118/><F118/><W18/><G107/><T29/><D71/><U58/><E67/><V55/><F114/><W14/><G60/><T104/><REACH who="0" step="1"/><D57/><REACH who="0" ten="165,345,235,245" step="2"/><U42/><REACH who="1" step="1"/><E21/><REACH who="1" ten="165,335,235,245" step="2"/><V40/><F32/><W106/><G106/><T125/><D125/><U16/><E16/><V111/><F111/><W83/><G79/><T54/><D54/><U22/><E22/><AGARI ba="0,2" hai="6,11,14,18,22,24,80,83,89,92,97" m="48682" machi="22" ten="30,2000,0" yaku="18,1,52,1" doraHai="85" who="3" fromWho="1" sc="165,0,335,-20,235,0,245,40" /><INIT seed="2,0,0,0,5,123" ten="165,315,235,285" oya="2" hai0="69,79,18,53,3,121,16,5,8,12,87,76,19" hai1="99,37,122,14,131,66,120,29,106,110,116,92,54" hai2="81,132,30,74,31,67,128,35,96,50,58,7,62" hai3="28,45,23,56,13,85,89,59,46,71,102,125,51"/><V84/><F35/><W103/><G71/><T9/><D121/><U117/><E106/><V75/><F128/><W101/><G125/><T42/><D69/><U104/><E104/><V2/><F132/><W95/><G28/><T109/><D109/><U124/><E14/><V57/><F75/><W105/><G105/><T113/><D113/><U130/><E29/><V44/><F74/><W126/><G126/><T11/><D42/><U68/><E124/><V24/><F2/><W134/><G134/><T36/><D36/><U32/><E37/><V83/><F7/><W22/><G46/><T65/><D65/><U1/><E1/><V26/><F96/><W25/><G25/><N who="2" m="9833" /><F58/><N who="3" m="22059" /><G13/><T38/><D38/><U63/><E32/><V61/><F61/><W115/><G115/><T80/><D79/><U6/><E122/><V133/><F133/><W39/><G39/><T112/><D112/><U129/><E120/><V127/><F127/><W77/><G77/><T98/><D98/><U114/><E114/><V91/><F83/><W100/><N who="3" m="25600" /><DORA hai="34" /><W118/><G118/><T41/><D41/><AGARI ba="0,0" hai="30,31,41,44,50,57,62,67,81,84,91" m="9833" machi="41" ten="30,1500,0" yaku="8,1" doraHai="123,34" who="2" fromWho="0" sc="165,-15,315,0,235,15,285,0" /><AGARI ba="0,0" hai="22,23,41,45,51,85,89,95" m="25600,22059" machi="41" ten="40,1300,0" yaku="8,1" doraHai="123,34" who="3" fromWho="0" sc="150,-13,315,0,250,0,285,13" /><INIT seed="2,1,0,1,3,73" ten="137,315,250,298" oya="2" hai0="125,107,48,135,36,47,127,102,99,13,133,57,65" hai1="3,37,40,14,72,129,83,103,18,68,0,12,21" hai2="34,106,75,33,113,116,50,54,71,44,30,101,110" hai3="109,5,43,1,6,78,39,87,60,10,17,117,100"/><V115/><F116/><W23/><G117/><T82/><D36/><U90/><E68/><V28/><F75/><W16/><G109/><T58/><D13/><U52/><E37/><V120/><F120/><W111/><G111/><T92/><D65/><U79/><E40/><V42/><F110/><W94/><G6/><T29/><D29/><U98/><E129/><V96/><F71/><W128/><G128/><T97/><D57/><U11/><E90/><V15/><F15/><W88/><G60/><T55/><D58/><U130/><E52/><V27/><F54/><W91/><G100/><T118/><D118/><U38/><E38/><V61/><REACH who="2" step="1"/><F61/><REACH who="2" ten="137,315,240,298" step="2"/><W123/><G123/><T74/><D74/><U8/><E130/><V59/><F59/><W2/><G2/><T122/><D122/><U41/><E41/><V134/><F134/><N who="0" m="51210" /><D82/><U24/><E0/><V95/><F95/><W45/><G94/><T9/><D9/><U124/><E3/><V114/><F114/><W119/><G119/><T70/><D70/><U105/><E8/><V19/><F19/><W81/><G17/><T126/><D127/><U31/><REACH who="1" step="1"/><E14/><AGARI ba="1,1" hai="1,5,10,14,16,23,39,43,45,78,81,87,88,91" machi="14" ten="30,7700,0" yaku="7,1,52,1,54,2" doraHai="73" who="3" fromWho="1" sc="137,0,315,-80,240,0,298,90" /><INIT seed="3,0,0,4,4,126" ten="137,235,240,388" oya="3" hai0="110,43,75,68,135,61,35,116,97,63,0,23,29" hai1="42,100,52,117,65,76,33,7,125,25,98,94,127" hai2="87,124,103,81,133,2,53,6,74,80,57,121,44" hai3="105,45,54,114,51,67,73,38,118,99,34,131,71"/><W130/><G73/><T78/><D116/><U19/><E117/><V59/><F74/><W69/><G118/><T102/><D135/><U79/><E7/><V9/><F124/><N who="1" m="47689" /><E42/><V30/><F30/><W3/><G3/><T84/><D110/><U90/><E65/><V26/><F26/><W85/><G34/><T58/><D0/><U120/><E120/><V39/><F103/><W111/><G111/><T47/><D75/><U89/><E52/><V4/><F53/><W5/><G5/><T122/><D122/><U93/><E89/><V46/><F6/><W28/><G67/><T32/><D68/><U88/><E88/><V31/><F4/><W77/><G54/><T82/><D63/><U14/><E25/><V91/><F91/><W18/><G71/><T129/><D129/><U108/><E33/><V83/><F57/><W49/><G131/><T55/><D29/><U36/><E36/><V40/><F39/><W92/><G130/><T134/><D134/><U104/><E108/><V21/><F31/><W107/><G69/><T101/><D101/><U112/><E112/><V106/><F2/><W66/><G114/><T11/><D11/><N who="1" m="6623" /><E104/><V115/><F106/><W128/><G107/><T13/><D13/><U15/><E15/><V8/><F133/><W113/><G105/><T86/><D23/><U64/><E64/><V17/><F121/><W1/><G66/><T70/><D70/><U37/><E37/><V12/><F12/><W72/><G38/><T60/><D60/><U119/><E119/><V95/><F21/><W24/><G113/><T109/><D109/><RYUUKYOKU ba="0,0" sc="137,-10,235,30,240,-10,388,-10" hai1="76,79,90,93,94,98,100" owari="127,-37.3,265,6.5,230,-17.0,378,47.8" /></mjloggm>