<mjloggm ver="2.3"><GO type="225" lobby="0"/><UN n0="%E6%A1%9C%E8%8A%B1%E9%96%83%E3%80%85" n1="%E7%99%BD%E6%97%A5%E9%9B%AA%E8%8F%9C" n2="%48%61%61%61%6C%61%6E%64" n3="%E6%B8%A9%E2%98%85%E6%83%85%E2%98%85%E6%8E%AA%E2%98%85%E7%BD%AE" dan="16,17,18,18" rate="2135.79,2197.13,2227.03,2228.24" sx="M,M,M,M"/><TAIKYOKU oya="0"/><INIT seed="0,0,0,0,5,57" ten="250,250,250,250" oya="0" hai0="83,123,96,129,26,45,125,134,82,17,24,69,80" hai1="37,59,19,49,28,124,31,5,72,115,15,108,63" hai2="68,73,39,94,74,85,93,40,116,71,98,64,30" hai3="20,113,114,103,97,90,121,92,99,1,7,16,36"/><T105/><D123/><U41/><E72/><V120/><F120/><W62/><G36/><T75/><D75/><U10/><E37/><V50/><F39/><W4/><G121/><T22/><D129/><U67/><E108/><V43/><F116/><W34/><G34/><T51/><D134/><U35/><E124/><V11/><F30/><W127/><G127/><T70/><D125/><U21/><E35/><V0/><F85/><W52/><G1/><T100/><REACH who="0" step="1"/><D26/><REACH who="0" ten="240,250,250,250" step="2"/><N who="1" m="14655" /><E115/><V44/><F74/><W133/><G133/><T58/><D58/><U76/><E76/><V12/><F73/><W118/><G118/><T91/><D91/><U8/><E8/><V86/><F11/><W110/><G110/><T78/><D78/><U32/><E10/><V102/><F71/><W13/><G114/><T109/><D109/><U107/><E59/><V89/><F68/><W55/><G113/><T9/><D9/><U47/><E5/><V46/><F0/><W126/><G126/><T29/><D29/><U60/><E31/><V3/><F3/><W88/><G90/><T27/><D27/><U117/><E28/><V66/><F12/><W104/><REACH who="3" step="1"/><G62/><REACH who="3" ten="240,250,250,240" step="2"/><T23/><D23/><U81/><E63/><V54/><F89/><W42/><G42/><AGARI ba="0,2" hai="17,22,24,42,45,51,69,70,80,82,83,96,100,105" machi="42" ten="40,2000,0" yaku="1,1,53,0" doraHai="57" doraHaiUra="111" who="0" fromWho="3" sc="240,40,250,0,250,0,240,-20" /><INIT seed="0,1,0,5,0,44" ten="280,250,250,220" oya="0" hai0="100,63,134,107,111,103,5,126,16,101,39,36,19" hai1="119,131,66,110,14,68,98,6,33,40,72,114,55" hai2="83,3,57,123,118,9,76,17,8,104,52,60,87" hai3="106,77,124,56,132,45,41,47,18,67,84,65,12"/><T93/><D107/><U112/><E119/><V21/><F123/><W108/><G106/><T13/><D126/><U1/><E33/><V24/><F118/><W42/><G124/><T129/><D129/><U122/><E72/><V92/><F104/><W120/><G120/><T99/><D134/><U34/><E34/><V69/><F3/><W125/><G125/><T109/><D5/><U15/><E40/><N who="3" m="15466" /><G132/><T96/><D63/><U23/><E122/><V94/><REACH who="2" step="1"/><F69/><REACH who="2" ten="280,250,240,220" step="2"/><W10/><G108/><N who="0" m="41547" /><D19/><U80/><E110/><V50/><F50/><W11/><G11/><AGARI ba="1,1" hai="8,9,11,17,21,24,52,57,60,76,83,87,92,94" machi="11" ten="40,5200,0" yaku="1,1,8,1,54,1,53,0" doraHai="44" doraHaiUra="43" who="2" fromWho="3" sc="280,0,250,0,240,65,220,-55" /><INIT seed="1,0,0,5,0,0" ten="280,250,305,165" oya="1" hai0="113,102,2,27,65,48,19,106,8,11,78,52,41" hai1="71,4,64,31,38,51,17,77,114,23,13,131,117" hai2="55,18,12,79,24,57,26,28,94,49,132,99,87" hai3="83,107,54,39,6,128,66,40,130,56,110,121,34"/><U124/><E114/><V92/><F132/><W116/><G107/><T1/><D113/><U108/><E38/><V3/><F3/><W67/><G34/><T53/><D65/><N who="3" m="24585" /><G83/><T133/><D133/><U74/><E117/><V10/><F28/><W15/><G15/><T97/><D78/><U69/><E131/><N who="3" m="50218" /><G6/><T63/><D2/><U60/><E71/><V112/><F112/><W25/><G25/><N who="2" m="9833" /><F99/><W89/><G89/><T88/><D88/><U59/><E31/><V16/><F18/><W86/><G86/><T105/><D105/><U9/><E74/><V32/><F32/><W123/><G110/><T96/><D96/><U95/><E108/><V42/><F42/><W43/><G116/><T37/><D1/><U115/><E115/><V126/><F126/><W44/><G43/><T7/><D41/><U61/><E124/><V29/><F29/><W109/><G109/><T36/><D19/><U93/><E77/><V75/><F75/><W103/><G103/><T118/><D27/><U46/><E17/><V134/><F134/><W120/><G121/><T122/><D122/><U30/><E30/><V50/><F79/><W70/><G70/><T20/><D20/><U72/><E72/><V81/><F81/><W100/><G100/><T90/><D90/><U127/><E23/><V62/><F87/><W68/><G68/><T33/><D33/><U84/><E84/><V119/><F119/><W104/><G104/><T91/><D118/><U80/><E80/><V45/><F94/><W125/><G125/><T85/><D85/><U22/><E127/><V14/><F16/><RYUUKYOKU ba="0,0" sc="280,-10,250,-10,305,-10,165,30" hai3="39,40,44,54,56,120,123" /><INIT seed="2,1,0,2,4,67" ten="270,240,295,195" oya="2" hai0="116,52,106,54,50,70,82,73,49,122,6,33,101" hai1="1,18,58,108,64,77,71,15,31,112,63,103,76" hai2="21,97,0,24,69,86,9,5,53,79,8,90,19" hai3="22,13,125,47,134,83,117,91,26,130,2,74,3"/><V56/><F69/><W10/><G117/><T102/><D122/><U7/><E112/><V16/><F79/><W48/><G134/><T100/><D116/><U113/><E113/><V135/><F135/><W85/><G130/><T36/><D36/><U68/><E31/><V59/><F97/><W34/><G125/><T131/><D131/><U115/><E115/><V42/><F42/><W14/><G34/><T105/><D33/><U129/><E129/><V51/><F9/><W128/><G74/><T27/><D6/><U110/><E103/><V89/><F19/><W66/><G66/><T78/><D70/><N who="1" m="26667" /><E7/><V92/><REACH who="2" step="1"/><F89/><REACH who="2" ten="270,240,285,195" step="2"/><W80/><G128/><T41/><D41/><U99/><E99/><V81/><F81/><W43/><G83/><T114/><D114/><U96/><E96/><V107/><F107/><W57/><G10/><T104/><D78/><U44/><E77/><V75/><F75/><W11/><G11/><T30/><D82/><U45/><E76/><V17/><F17/><W119/><G119/><T25/><D73/><U23/><E1/><V37/><F37/><W111/><G2/><T32/><D104/><U84/><E84/><V39/><F39/><W109/><G3/><T46/><D106/><U55/><E108/><V60/><F60/><W98/><G98/><T65/><D105/><U127/><E110/><V93/><F93/><W88/><G91/><T72/><D72/><U38/><E38/><V118/><F118/><W29/><G111/><T35/><D101/><U121/><E63/><V40/><F40/><W133/><G109/><T126/><D100/><RYUUKYOKU ba="1,1" sc="270,-10,240,-10,285,30,195,-10" hai2="0,5,8,16,21,24,51,53,56,59,86,90,92" /><INIT seed="2,2,1,1,5,100" ten="260,230,315,185" oya="2" hai0="50,69,34,134,20,89,126,74,127,18,13,112,55" hai1="33,78,108,64,61,39,116,38,66,3,133,71,42" hai2="52,15,23,67,54,80,59,36,1,73,104,70,51" hai3="56,47,35,40,84,132,96,29,111,2,129,83,131"/><V87/><F1/><W17/><G2/><T121/><D121/><U106/><E3/><V91/><F36/><W62/><G111/><T117/><D112/><U95/><E33/><V8/><F104/><W65/><G132/><T101/><D134/><U102/><E133/><V92/><F23/><W26/><G17/><T44/><D117/><U53/><E116/><V7/><F70/><W9/><G9/><T11/><D34/><U24/><E24/><V76/><F54/><W85/><G96/><T81/><D69/><U118/><E118/><V5/><REACH who="2" step="1"/><F67/><REACH who="2" ten="260,230,305,185" step="2"/><W32/><G32/><T75/><D20/><U86/><E66/><V16/><AGARI ba="2,2" hai="5,7,8,15,16,51,52,59,73,76,80,87,91,92" machi="16" ten="20,18000,2" yaku="1,1,2,1,0,1,7,1,54,2,53,1" doraHai="100" doraHaiUra="6" who="2" fromWho="2" sc="260,-62,230,-62,305,206,185,-62" /><INIT seed="2,3,0,4,1,33" ten="198,168,511,123" oya="2" hai0="94,101,99,15,80,44,76,7,78,70,5,56,18" hai1="2,115,31,46,10,50,38,84,26,81,73,8,98" hai2="128,108,77,118,89,116,53,35,39,69,96,132,66" hai3="42,28,82,17,79,129,68,122,62,27,34,95,4"/><V117/><F35/><W49/><G129/><T110/><D70/><U40/><E73/><V48/><F77/><N who="0" m="29802" /><D110/><U71/><E71/><V52/><F128/><W125/><G122/><T36/><D36/><U12/><E115/><V112/><F112/><W41/><G125/><T67/><D44/><U114/><E114/><V127/><F39/><W61/><G4/><T21/><D80/><U91/><E2/><V37/><F37/><W64/><G62/><AGARI ba="3,0" hai="5,7,15,18,21,56,62,67,94,99,101" m="29802" machi="62" ten="30,1000,0" yaku="8,1" doraHai="33" who="0" fromWho="3" sc="198,19,168,0,511,0,123,-19" /><INIT seed="3,0,0,4,1,135" ten="217,168,511,104" oya="3" hai0="97,49,101,70,13,79,26,45,68,18,8,4,77" hai1="81,67,21,115,84,35,109,133,15,52,2,20,3" hai2="104,124,51,40,99,85,125,9,38,122,76,37,69" hai3="17,22,28,107,80,78,46,25,66,89,12,34,87"/><W112/><G112/><T127/><D127/><N who="2" m="48714" /><F69/><W30/><G107/><T56/><D56/><U134/><E115/><V86/><F122/><W103/><G103/><T119/><D119/><U111/><E35/><V120/><F120/><W131/><G131/><T123/><D70/><U73/><E73/><V58/><F9/><W88/><G66/><T83/><D68/><U71/><E67/><V36/><F76/><W27/><REACH who="3" step="1"/><G46/><REACH who="3" ten="217,168,511,94" step="2"/><T65/><D65/><U23/><E133/><V74/><F74/><W126/><G126/><T42/><D123/><U129/><E134/><V24/><F104/><W130/><G130/><T95/><D83/><U14/><E129/><V91/><F58/><W50/><G50/><T48/><D48/><U92/><E71/><V132/><F132/><W53/><G53/><T55/><D55/><U19/><E52/><V128/><F128/><W106/><G106/><T5/><D49/><U110/><E81/><V33/><F51/><W100/><G100/><T102/><D102/><U31/><E111/><V121/><F121/><W6/><G6/><N who="0" m="3223" /><D45/><U44/><E44/><V62/><F62/><W90/><G90/><T94/><D4/><U64/><E110/><V16/><F40/><W98/><G98/><N who="0" m="59607" /><D5/><U0/><E109/><V39/><F39/><W1/><G1/><T47/><D47/><U93/><E0/><V75/><F99/><W32/><AGARI ba="0,1" hai="12,17,22,25,27,28,30,32,34,78,80,87,88,89" machi="32" ten="20,12000,1" yaku="1,1,0,1,7,1,9,1,54,1,53,0" doraHai="135" doraHaiUra="105" who="3" fromWho="3" sc="217,-40,168,-40,511,-40,94,130" /><INIT seed="3,1,0,5,2,2" ten="177,128,471,224" oya="3" hai0="126,47,43,125,84,129,64,49,36,111,103,35,81" hai1="76,23,24,27,110,32,66,65,86,37,71,18,67" hai2="106,12,9,7,55,92,26,107,79,119,121,5,33" hai3="3,83,29,16,15,128,130,54,60,17,123,135,116"/><W89/><G116/><T75/><D75/><U132/><E37/><V131/><F119/><W50/><G123/><T96/><D111/><U124/><E110/><V13/><F79/><W22/><G3/><T94/><D129/><U113/><E113/><V20/><F131/><W21/><G29/><T134/><D134/><U61/><E132/><V122/><F92/><W69/><G135/><T59/><D35/><U97/><E124/><N who="0" m="47721" /><D64/><U10/><E97/><V52/><F33/><W34/><G34/><T42/><D59/><U38/><E38/><V40/><F40/><W0/><G60/><T74/><D74/><U62/><E71/><V6/><F107/><W112/><G69/><T63/><D63/><U99/><E99/><V100/><F100/><W46/><G0/><T82/><D84/><U95/><E10/><N who="2" m="4175" /><F106/><W78/><G112/><T56/><D56/><U14/><E32/><V41/><F41/><W118/><G118/><T98/><D98/><U4/><E95/><V88/><F122/><W58/><G58/><T28/><D28/><U77/><E4/><V90/><F7/><W80/><G130/><T120/><D120/><U48/><E48/><V117/><F117/><W133/><G50/><T91/><D103/><U72/><E72/><V11/><F121/><W109/><G133/><T19/><D19/><U45/><E45/><AGARI ba="1,0" hai="36,42,43,45,47,49,81,82,91,94,96" m="47721" machi="45" ten="30,1000,0" yaku="18,1" doraHai="2" who="0" fromWho="1" sc="177,13,128,-13,471,0,224,0" owari="190,-21.0,115,-38.5,471,57.1,224,2.4" /></mjloggm>