<mjloggm ver="2.3"><GO type="225" lobby="0"/><UN n0="%E3%81%B2%E3%81%AA%E3%81%AE%E3%82%8A%E3%81%8F" n1="%E3%81%B5%E3%81%98%E3%81%8B%E3%81%A4" n2="%E3%82%BC%E3%83%AB%E3%83%80%E3%81%AE%E4%BC%9D%E8%AA%AC" n3="%E6%B4%BE%E9%81%A3%E3%81%AE%E3%82%B8%E3%83%A3%E3%83%83%E3%82%AF" dan="17,16,18,17" rate="2209.18,2176.84,2225.46,2245.66" sx="M,M,M,M"/><TAIKYOKU oya="0"/><INIT seed="0,0,0,0,1,124" ten="250,250,250,250" oya="0" hai0="29,74,34,108,60,126,129,107,87,70,37,93,27" hai1="78,68,31,84,88,15,123,59,54,24,121,122,99" hai2="13,125,128,63,77,94,1,39,134,35,65,57,67" hai3="12,16,98,132,32,80,133,2,69,61,109,110,120"/><T62/><D107/><U41/><E68/><V14/><F1/><W52/><G32/><T89/><D126/><U30/><E41/><V64/><F125/><W56/><G2/><T22/><D74/><U100/><E78/><V101/><F35/><W47/><G120/><T71/><D37/><U48/><E15/><V111/><F39/><W130/><G80/><T79/><D79/><U102/><E24/><V3/><F3/><W72/><G72/><T40/><D40/><U66/><E66/><V17/><F111/><N who="3" m="42507" /><G98/><T46/><D108/><U103/><REACH who="1" step="1"/><E99/><REACH who="1" ten="250,240,250,250" step="2"/><V55/><F13/><W5/><G69/><T97/><D71/><U115/><E115/><V44/><F77/><W11/><G5/><T75/><D70/><U116/><E116/><V19/><F14/><W96/><G96/><T23/><D75/><U18/><E18/><V50/><F17/><W92/><G130/><T45/><D129/><U33/><E33/><V85/><F19/><W119/><G119/><T20/><REACH who="0" step="1"/><D97/><REACH who="0" ten="240,240,250,250" step="2"/><U26/><E26/><V104/><F128/><W82/><G132/><T49/><D49/><U38/><E38/><V28/><F134/><W131/><G133/><T91/><D91/><U51/><E51/><V6/><F50/><N who="3" m="28767" /><G131/><T9/><D9/><U36/><E36/><V21/><F101/><W95/><G82/><AGARI ba="0,2" hai="30,31,48,54,59,82,84,88,100,102,103,121,122,123" machi="82" ten="50,3200,0" yaku="1,1,54,1,53,0" doraHai="124" doraHaiUra="73" who="1" fromWho="3" sc="240,0,240,52,250,0,250,-32" /><INIT seed="1,0,0,2,2,5" ten="240,292,250,218" oya="1" hai0="56,74,99,85,29,78,21,125,67,93,28,90,83" hai1="26,47,113,134,16,24,51,20,55,46,72,11,111" hai2="77,71,31,80,105,133,106,88,81,121,116,2,101" hai3="115,130,40,82,59,52,7,64,9,44,10,18,114"/><U95/><E113/><V54/><F71/><W57/><G130/><T86/><D125/><U14/><E72/><V135/><F2/><W76/><G64/><T65/><D74/><U75/><E75/><N who="2" m="43071" /><F31/><W61/><G59/><T108/><D108/><U79/><E134/><N who="2" m="51211" /><F54/><W50/><G18/><T131/><D131/><U100/><E79/><V107/><F116/><W63/><G63/><N who="0" m="38119" /><D67/><U98/><E111/><V22/><F22/><W4/><G114/><T62/><D62/><U97/><E97/><N who="2" m="61615" /><F121/><W6/><REACH who="3" step="1"/><G115/><REACH who="3" ten="240,292,250,208" step="2"/><T43/><D29/><N who="1" m="17543" /><E26/><V53/><F53/><W58/><G58/><AGARI ba="0,1" hai="11,14,16,46,47,51,55,58,95,98,100" m="17543" machi="58" ten="30,5800,0" yaku="8,1,52,1,54,1" doraHai="5" who="1" fromWho="3" sc="240,0,292,68,250,0,208,-58" /><INIT seed="1,1,0,2,4,0" ten="240,360,250,150" oya="1" hai0="59,95,133,5,82,43,40,86,102,34,131,134,10" hai1="26,9,88,46,62,42,111,66,127,22,121,19,68" hai2="55,78,90,99,3,84,25,28,101,58,112,38,96" hai3="71,108,50,87,94,60,18,52,132,47,135,105,114"/><U104/><E121/><V53/><F38/><W11/><G105/><T48/><D34/><U72/><E127/><V37/><F37/><W44/><G114/><T100/><D131/><U56/><E104/><V8/><F112/><W85/><G108/><T128/><D128/><U130/><E111/><V98/><F78/><W107/><G107/><T1/><D59/><U6/><E130/><V70/><F70/><W93/><G47/><N who="0" m="25703" /><D95/><N who="3" m="36361" /><G71/><T67/><D67/><U69/><E72/><V27/><F101/><W49/><G60/><T29/><D29/><U79/><E79/><V124/><F124/><W80/><G49/><T15/><D1/><U63/><E88/><V45/><F45/><W118/><G118/><T129/><D43/><U74/><E74/><V12/><F3/><W14/><G85/><T57/><D57/><U75/><E75/><V23/><F27/><W120/><G120/><T116/><D116/><U109/><E109/><V39/><F39/><W33/><G33/><T21/><D129/><U106/><E63/><V91/><F84/><W113/><G113/><T13/><D102/><U81/><E106/><V110/><F110/><W97/><G97/><T54/><D100/><U65/><E65/><V2/><F2/><W24/><G24/><T126/><D126/><U7/><E69/><V61/><REACH who="2" step="1"/><F55/><REACH who="2" ten="240,360,240,150" step="2"/><W89/><AGARI ba="1,1" hai="11,14,18,44,50,52,80,87,89,132,135" m="36361" machi="89" ten="30,2000,0" yaku="25,1,54,1" doraHai="0" who="3" fromWho="3" sc="240,-6,360,-11,240,-6,150,33" /><INIT seed="2,0,0,4,4,4" ten="234,349,234,183" oya="2" hai0="52,41,8,22,38,58,118,133,114,46,33,47,54" hai1="80,95,103,75,130,119,106,87,82,74,98,76,6" hai2="39,90,110,129,30,36,23,91,44,70,12,92,100" hai3="19,68,84,11,89,34,107,71,134,0,69,24,99"/><V120/><F120/><W63/><G134/><T102/><D33/><U10/><E119/><V104/><F70/><W2/><G63/><T72/><D114/><U50/><E130/><V37/><F129/><W20/><G34/><T97/><D72/><U3/><E50/><V35/><F35/><W108/><G108/><T96/><D133/><U67/><E67/><V122/><F122/><W62/><G62/><T135/><D135/><U117/><E117/><V83/><F104/><W125/><G125/><T116/><D47/><U7/><E7/><V49/><F110/><W77/><G77/><T79/><D79/><U28/><E28/><V78/><F100/><W66/><G66/><T121/><D121/><U40/><E40/><V124/><F92/><W131/><G131/><T105/><D97/><U14/><E3/><V85/><F124/><W32/><G32/><T55/><D58/><U86/><E106/><V61/><F61/><W42/><G42/><T57/><D57/><U126/><E126/><V111/><F111/><W88/><G89/><AGARI ba="0,0" hai="6,10,14,74,75,76,80,82,86,87,89,95,98,103" machi="89" ten="30,2000,0" yaku="7,1,52,1" doraHai="4" who="1" fromWho="3" sc="234,0,349,20,234,0,183,-20" /><INIT seed="3,0,0,3,2,89" ten="234,369,234,163" oya="3" hai0="129,116,50,26,78,61,19,72,37,98,102,13,6" hai1="43,35,84,12,59,45,106,41,25,11,97,101,54" hai2="104,127,134,55,100,10,30,8,114,105,34,16,51" hai3="128,122,71,17,76,5,46,113,33,68,29,74,73"/><W36/><G122/><T70/><D37/><U22/><E35/><V38/><F38/><W132/><G113/><T90/><D6/><U18/><E84/><V103/><F114/><W64/><G17/><T40/><D90/><U131/><E131/><V56/><F127/><W58/><G58/><T63/><D116/><U125/><E125/><V69/><F69/><N who="3" m="26699" /><G64/><T123/><D123/><U112/><E112/><V32/><F30/><W87/><G87/><T107/><D70/><U49/><E45/><V85/><F85/><W28/><G128/><T121/><D121/><U53/><E53/><V57/><F16/><AGARI ba="0,0" hai="11,12,16,18,22,25,41,43,49,54,59,97,101,106" machi="16" ten="30,2000,0" yaku="7,1,54,1" doraHai="89" who="1" fromWho="2" sc="234,0,369,20,234,-20,163,0" owari="234,3.4,389,48.9,214,-18.6,163,-33.7" /></mjloggm>