<mjloggm ver="2.3"><GO type="225" lobby="0"/><UN n0="%73%6C%69%63%6B%33%31%39" n1="%E3%83%AD%E3%83%83%E3%83%86%E9%9B%80%E7%90%83" n2="%E6%80%AA%E3%81%97%E3%81%99%E3%81%8E%E3%82%8B%E3%83%81%E3%83%BC" n3="%E8%BE%9B%E5%8F%A3%E3%82%AB%E3%83%AC%E3%83%BC%E3%83%A9%E3%82%A4%E3%82%B9" dan="17,17,16,16" rate="2173.90,2147.65,2142.63,2126.10" sx="M,M,M,M"/><TAIKYOKU oya="0"/><INIT seed="0,0,0,5,0,70" ten="250,250,250,250" oya="0" hai0="71,54,65,26,135,80,89,9,100,32,31,123,62" hai1="14,17,61,129,86,108,115,34,56,25,11,6,8" hai2="126,134,44,21,40,69,66,15,117,113,111,77,98" hai3="114,51,10,33,122,73,76,106,79,90,7,20,110"/><T97/><D135/><U81/><E108/><V67/><F113/><W93/><G114/><T4/><D123/><U68/><E129/><V45/><F134/><W24/><G110/><T121/><D121/><U78/><E68/><V48/><F126/><W28/><G122/><T91/><D54/><U120/><E115/><V16/><F117/><W128/><G128/><T82/><D82/><U46/><E120/><V5/><F69/><W60/><G106/><T36/><D80/><U72/><E34/><V101/><F77/><W1/><G60/><T38/><D91/><U105/><E105/><V112/><F112/><W43/><G73/><T84/><D89/><U109/><E109/><V47/><F5/><W23/><G43/><T133/><D84/><U132/><E132/><V22/><F22/><W63/><G63/><T95/><REACH who="0" step="1"/><D133/><REACH who="0" ten="240,250,250,250" step="2"/><U53/><E72/><V35/><F111/><W12/><G51/><T58/><D58/><U104/><E56/><V124/><F48/><W99/><REACH who="3" step="1"/><G23/><REACH who="3" ten="240,250,250,240" step="2"/><T130/><D130/><U49/><E49/><V39/><F21/><W118/><G118/><T19/><D19/><AGARI ba="0,2" hai="1,7,10,12,19,20,24,28,33,76,79,90,93,99" machi="19" ten="40,8000,1" yaku="1,1,24,2,53,1" doraHai="70" doraHaiUra="88" who="3" fromWho="0" sc="240,-80,250,0,250,0,240,100" /><INIT seed="1,0,0,0,3,74" ten="160,250,250,340" oya="1" hai0="9,103,83,84,135,23,105,104,122,6,15,54,127" hai1="55,24,94,77,35,41,81,75,95,56,5,132,69" hai2="98,125,120,124,73,33,1,112,16,70,19,32,20" hai3="93,133,110,26,102,3,60,47,27,101,68,129,10"/><U22/><E132/><V82/><F70/><W21/><G133/><T40/><D127/><N who="2" m="48714" /><F120/><W45/><G110/><T25/><D135/><U79/><E69/><V118/><F118/><W42/><G129/><T108/><D108/><U85/><E35/><N who="2" m="13387" /><F112/><W131/><G131/><T36/><D122/><U115/><E41/><V49/><F1/><W71/><G10/><T72/><D72/><U43/><E43/><V96/><F49/><W8/><G8/><T61/><D103/><U57/><E5/><V87/><F73/><W111/><G3/><T7/><D7/><U39/><E39/><V109/><F109/><W14/><G111/><T99/><D99/><N who="2" m="37930" /><F20/><W80/><G71/><T89/><D40/><U53/><E115/><V123/><F123/><W119/><G42/><T78/><D36/><U2/><E2/><V28/><F28/><W97/><G68/><T48/><D61/><N who="1" m="35983" /><E75/><V106/><F106/><W18/><G119/><T29/><REACH who="0" step="1"/><D89/><AGARI ba="0,0" hai="16,19,82,87,89" m="37930,13387,48714" machi="89" ten="30,2000,0" yaku="18,1,54,1" doraHai="74" who="2" fromWho="0" sc="160,-20,250,0,250,20,340,0" /><INIT seed="2,0,0,2,0,66" ten="140,250,270,340" oya="2" hai0="21,43,36,17,89,19,61,114,95,134,84,91,22" hai1="122,107,15,77,11,63,115,41,4,25,72,30,94" hai2="65,9,112,37,60,135,82,1,121,99,79,101,59" hai3="129,3,20,45,104,117,27,39,46,53,124,48,51"/><V120/><F112/><W35/><G117/><T88/><D134/><U106/><E115/><V47/><F135/><W100/><G124/><T76/><D114/><U110/><E110/><V54/><F9/><W67/><G129/><T81/><D36/><U97/><E122/><V85/><F1/><W2/><G39/><T131/><D131/><U6/><E6/><V116/><F116/><W38/><G38/><T128/><D128/><U98/><E41/><V133/><F133/><W87/><G35/><T83/><D43/><U14/><E14/><V86/><F86/><W64/><G104/><T73/><D61/><U33/><E98/><V109/><F109/><W18/><G100/><T62/><D62/><U29/><E29/><V105/><F37/><W0/><REACH who="3" step="1"/><G87/><REACH who="3" ten="140,250,270,330" step="2"/><T111/><D111/><U40/><E107/><V50/><AGARI ba="0,1" hai="47,50,54,59,60,65,79,82,85,99,101,105,120,121" machi="50" ten="30,1500,0" yaku="0,1" doraHai="66" who="2" fromWho="2" sc="140,-5,250,-5,270,25,330,-5" /><INIT seed="2,1,0,5,3,121" ten="135,245,295,325" oya="2" hai0="22,129,63,54,58,89,26,128,109,134,15,41,90" hai1="9,74,37,86,123,122,50,135,14,82,12,65,118" hai2="67,93,91,44,68,10,5,103,48,16,110,49,57" hai3="76,95,55,73,66,81,8,2,69,75,77,20,107"/><V100/><F110/><W70/><G107/><T23/><D134/><U88/><E118/><V78/><F68/><W28/><G55/><T24/><D41/><U45/><E135/><V40/><F78/><W111/><G111/><T19/><D109/><U52/><E37/><V113/><F113/><W64/><G95/><T46/><D129/><U21/><E74/><V130/><F130/><W13/><G2/><T30/><D128/><U84/><E65/><V96/><F16/><W85/><G69/><T80/><D80/><U83/><E21/><V1/><F67/><N who="3" m="25643" /><G75/><T102/><D102/><U43/><E43/><V39/><F57/><W98/><G98/><T0/><D0/><U11/><E14/><V42/><F39/><W133/><G73/><T116/><D116/><U33/><E33/><V27/><F27/><N who="3" m="16487" /><G70/><T53/><REACH who="0" step="1"/><D26/><REACH who="0" ten="125,245,295,325" step="2"/><U112/><E112/><V94/><F100/><W31/><G133/><T117/><D117/><U29/><E123/><V92/><F103/><W124/><G81/><T4/><D4/><U7/><E122/><V60/><F40/><W115/><G115/><T47/><D47/><U101/><E101/><V108/><F108/><W56/><G56/><T71/><D71/><U62/><E83/><V99/><F44/><W6/><G6/><T25/><D25/><U87/><E45/><V38/><F42/><W126/><G126/><T114/><D114/><U18/><E82/><V79/><F5/><W51/><G124/><T17/><D17/><U119/><E18/><V36/><F1/><W104/><G104/><T131/><D131/><U61/><E7/><RYUUKYOKU ba="1,1" sc="125,30,245,-10,295,-10,325,-10" hai0="15,19,22,23,24,30,46,53,54,58,63,89,90" /><INIT seed="3,2,1,2,4,117" ten="155,235,285,315" oya="3" hai0="2,120,44,96,88,64,28,29,111,109,84,70,19" hai1="105,89,13,21,32,15,82,40,90,121,131,71,94" hai2="62,106,24,113,48,1,33,39,114,135,25,22,67" hai3="83,60,10,6,122,0,55,26,72,14,12,69,116"/><W4/><G122/><T100/><D2/><U73/><E121/><V45/><F39/><W118/><G26/><T124/><D124/><U78/><E105/><V128/><F106/><W7/><G0/><T5/><D5/><U65/><E32/><V108/><F1/><W123/><G123/><T49/><D120/><U20/><E131/><V23/><F33/><W11/><G6/><T126/><D126/><U51/><E65/><V52/><F128/><W17/><G17/><T93/><D70/><U63/><E63/><V61/><F108/><W102/><G102/><T133/><D133/><U125/><E71/><V66/><F135/><W9/><G9/><T68/><D68/><U79/><E125/><V104/><F104/><W16/><G16/><T74/><D64/><N who="2" m="24618" /><F113/><W76/><G69/><T3/><D3/><U41/><E94/><V18/><F114/><W38/><G38/><T77/><D19/><U85/><BYE who="2" /><E85/><V98/><F98/><W119/><G119/><T81/><D109/><U31/><E51/><UN n2="%E6%80%AA%E3%81%97%E3%81%99%E3%81%8E%E3%82%8B%E3%83%81%E3%83%BC" /><V101/><F101/><W132/><G132/><T47/><D111/><U107/><E107/><V80/><F80/><W115/><G115/><T8/><D8/><U43/><E43/><V30/><AGARI ba="2,1" hai="18,22,23,24,25,30,45,48,52,61,62" m="24618" machi="30" ten="30,2000,0" yaku="8,1,54,1" doraHai="117" who="2" fromWho="2" sc="155,-7,235,-7,285,36,315,-12" owari="148,-35.2,228,-17.2,321,42.1,303,10.3" /></mjloggm>