<mjloggm ver="2.3"><GO type="225" lobby="0"/><UN n0="%6D%75%75%6D%75%72%61" n1="%E6%A1%9C%E8%8A%B1%E9%96%83%E3%80%85" n2="%72%69%6F%75%63%68%61%6E" n3="%38%63%E3%81%AF%E3%81%A3%E3%81%97%E3%83%BC" dan="16,16,16,16" rate="2141.74,2101.02,2165.12,2133.15" sx="F,M,M,M"/><TAIKYOKU oya="0"/><INIT seed="0,0,0,4,4,46" ten="250,250,250,250" oya="0" hai0="41,85,80,134,24,107,131,57,99,129,14,58,75" hai1="79,120,71,31,86,78,108,60,124,112,77,12,56" hai2="128,126,59,122,22,19,135,10,6,65,104,3,94" hai3="68,88,92,93,34,30,52,28,40,1,42,109,97"/><T121/><D121/><U23/><E120/><V74/><F122/><W44/><G68/><T43/><D75/><U48/><E108/><V63/><F128/><N who="0" m="49226" /><D134/><U90/><E124/><V62/><F126/><W39/><G1/><T119/><D119/><U9/><E71/><V0/><F135/><W8/><G109/><T13/><D24/><N who="1" m="16799" /><E112/><V21/><F104/><W98/><G34/><T36/><D107/><U54/><E60/><V106/><F106/><W91/><G40/><N who="0" m="15435" /><D99/><U133/><E133/><V64/><F74/><W127/><G127/><T51/><D36/><U50/><E56/><N who="0" m="21609" /><D51/><N who="1" m="19499" /><E54/><V84/><F0/><W2/><REACH who="3" step="1"/><G52/><REACH who="3" ten="250,250,250,240" step="2"/><T73/><D73/><U7/><E79/><AGARI ba="0,1" hai="13,14,79,80,85" m="21609,15435,49226" machi="79" ten="30,1500,0" yaku="19,1" doraHai="46" who="0" fromWho="1" sc="250,25,250,-15,250,0,240,0" /><INIT seed="0,1,0,5,2,57" ten="275,235,250,240" oya="0" hai0="97,100,98,95,18,41,80,6,29,30,115,5,53" hai1="42,21,132,88,46,129,31,118,120,135,48,35,34" hai2="13,36,64,78,3,104,49,24,50,73,60,103,15" hai3="77,33,126,134,116,39,127,20,63,102,94,17,40"/><T86/><D115/><U128/><E118/><V54/><F36/><W56/><G33/><N who="1" m="12298" /><E120/><V4/><F3/><W130/><G116/><T69/><D69/><U133/><E31/><N who="0" m="11785" /><D97/><U119/><E21/><V108/><F108/><W70/><G70/><T0/><D0/><U82/><E119/><V61/><F24/><W90/><G102/><T1/><D1/><U101/><E101/><V85/><F73/><W26/><G77/><N who="0" m="46351" /><D41/><U47/><E47/><V125/><F125/><W19/><G130/><N who="1" m="50282" /><E82/><N who="2" m="47319" /><F104/><W124/><G134/><T28/><D28/><U25/><E25/><V22/><F103/><W7/><G7/><T123/><D123/><U65/><E65/><V14/><F4/><W122/><G122/><T76/><D76/><U10/><E10/><V111/><F111/><W105/><G105/><T9/><D53/><U58/><E58/><N who="2" m="36887" /><F22/><W91/><G126/><T32/><D32/><U51/><E51/><N who="2" m="19467" /><F54/><W62/><G124/><T44/><D44/><U93/><E133/><V81/><F81/><W112/><G127/><T52/><D52/><U68/><E68/><V38/><F38/><W79/><G39/><T45/><D45/><U92/><E92/><V12/><N who="2" m="3072" /><DORA hai="131" /><V23/><F23/><W72/><G94/><T55/><D55/><U117/><E117/><V59/><F59/><W96/><G56/><T87/><D5/><U84/><AGARI ba="1,0" hai="42,46,48,84,88,93,132,135" m="50282,12298" machi="84" ten="40,8000,1" yaku="19,1,52,2,54,1" doraHai="57,131" who="1" fromWho="1" sc="275,-41,235,83,250,-21,240,-21" /><INIT seed="1,0,0,1,4,25" ten="234,318,229,219" oya="1" hai0="86,120,113,22,114,110,103,32,126,92,49,63,29" hai1="84,4,36,83,109,52,91,53,74,34,112,21,2" hai2="133,115,116,57,105,27,64,26,61,7,98,102,0" hai3="54,6,97,3,31,96,17,11,106,117,119,131,58"/><U124/><E34/><V23/><F133/><W121/><G121/><T28/><D120/><U130/><E112/><V55/><F116/><W33/><G131/><T125/><D110/><U43/><E130/><V13/><F115/><N who="0" m="44042" /><D32/><U78/><E124/><N who="0" m="47721" /><D22/><U134/><E134/><V128/><F128/><W38/><G38/><T132/><D132/><U85/><E21/><V1/><F26/><W68/><G17/><T5/><D5/><U123/><E123/><V72/><F72/><W42/><G42/><T67/><D49/><U41/><E109/><V39/><F39/><W16/><G16/><T70/><D103/><U30/><E36/><V127/><F127/><W87/><G68/><T135/><D135/><U62/><E43/><V56/><F13/><W8/><G8/><T60/><D63/><U69/><E41/><V9/><F0/><W71/><G71/><T77/><D92/><U79/><E4/><V76/><F76/><W118/><G106/><T88/><D88/><U45/><E91/><V108/><F108/><W51/><REACH who="3" step="1"/><G87/><REACH who="3" ten="234,318,229,209" step="2"/><T10/><D10/><U111/><E85/><V82/><F82/><AGARI ba="0,1" hai="28,29,60,67,70,77,82,86" m="47721,44042" machi="82" ten="30,3900,0" yaku="18,1,52,2" doraHai="25" who="0" fromWho="2" sc="234,49,318,0,229,-39,209,0" /><INIT seed="2,0,0,2,5,4" ten="283,318,190,209" oya="2" hai0="9,51,95,57,39,101,19,104,14,29,68,72,80" hai1="20,16,111,11,25,116,59,71,27,102,3,15,114" hai2="55,47,18,5,124,38,97,73,120,93,82,40,128" hai3="91,127,48,35,33,12,112,84,76,94,8,134,130"/><V129/><F124/><W87/><G127/><T119/><D104/><U90/><E111/><V63/><F120/><W24/><G130/><N who="2" m="50281" /><F5/><W2/><G2/><T46/><D68/><U58/><E114/><V77/><F18/><W115/><G134/><T96/><D39/><U61/><E116/><V113/><F113/><N who="3" m="43595" /><G48/><T89/><D119/><U125/><E102/><N who="2" m="60719" /><F55/><W30/><G35/><T23/><D57/><U66/><E125/><V108/><F63/><W103/><G103/><T135/><D135/><U107/><E107/><V53/><F53/><W123/><G123/><T86/><D72/><U110/><E110/><AGARI ba="0,0" hai="38,40,47,73,77,82,108,110" m="60719,50281" machi="110" ten="30,1500,0" yaku="19,1" doraHai="4" who="2" fromWho="1" sc="283,0,318,-15,190,15,209,0" /><INIT seed="2,1,0,4,2,110" ten="283,303,205,209" oya="2" hai0="89,120,58,98,63,71,103,95,106,118,54,3,45" hai1="55,59,39,134,116,10,96,85,80,20,86,67,122" hai2="69,99,25,29,100,123,50,70,18,2,68,0,82" hai3="102,49,94,19,126,56,33,127,38,57,93,32,44"/><V21/><F123/><W40/><G19/><T130/><D120/><U14/><E122/><V108/><F108/><W12/><G12/><T91/><D130/><U124/><E124/><N who="3" m="47658" /><G102/><T117/><D71/><U47/><E134/><V24/><F82/><W51/><G49/><N who="0" m="28975" /><D3/><U74/><E116/><N who="0" m="44649" /><D106/><U35/><E35/><N who="3" m="13386" /><G38/><T66/><AGARI ba="1,0" hai="58,63,66,89,91,95,98,103" m="44649,28975" machi="66" ten="30,1100,0" yaku="12,1" doraHai="110" who="0" fromWho="0" sc="283,14,303,-4,205,-6,209,-4" /><INIT seed="3,0,0,5,1,57" ten="297,299,199,205" oya="3" hai0="54,122,88,7,132,14,58,6,116,11,29,114,0" hai1="94,130,46,1,22,64,102,63,17,53,129,50,80" hai2="126,135,124,41,48,31,123,78,101,99,109,38,40" hai3="32,3,25,85,24,100,19,113,20,42,44,52,84"/><W77/><G113/><T82/><D116/><U65/><E1/><V104/><F109/><W83/><G3/><T73/><D122/><U74/><E102/><V43/><F135/><W51/><G100/><T47/><D114/><U34/><E34/><V128/><F128/><N who="1" m="49257" /><E94/><V89/><F123/><W60/><G32/><T28/><D73/><U95/><E95/><V61/><F38/><W133/><G133/><T69/><D69/><U66/><E80/><V8/><F78/><W36/><G60/><N who="0" m="35927" /><D0/><U2/><E74/><V76/><F76/><W27/><REACH who="3" step="1"/><G85/><REACH who="3" ten="297,299,199,195" step="2"/><N who="0" m="50231" /><D132/><U70/><E2/><V35/><F126/><W55/><G55/><T134/><D134/><U62/><E62/><V96/><F124/><W118/><G118/><T125/><D125/><U106/><E106/><V23/><F104/><W18/><G18/><N who="0" m="8543" /><D47/><AGARI ba="0,1" hai="19,20,24,25,27,36,42,44,47,51,52,77,83,84" machi="47" ten="30,5800,0" yaku="1,1,7,1,54,1,53,0" doraHai="57" doraHaiUra="108" who="3" fromWho="0" sc="297,-58,299,0,199,0,195,68" /><INIT seed="3,1,0,4,0,88" ten="239,299,199,263" oya="3" hai0="21,117,23,108,76,20,99,37,122,124,44,133,67" hai1="53,109,13,11,30,12,55,86,93,3,68,81,121" hai2="17,130,61,84,25,0,47,116,101,64,49,63,14" hai3="48,2,7,52,28,114,41,18,66,6,70,50,115"/><W71/><G28/><T104/><D117/><U59/><E109/><V72/><F130/><W58/><G18/><T60/><D122/><U134/><E68/><V78/><F116/><W62/><G71/><T22/><D108/><U24/><E134/><V57/><F0/><W5/><REACH who="3" step="1"/><G2/><REACH who="3" ten="239,299,199,253" step="2"/><T83/><D133/><U91/><E3/><V4/><F72/><W15/><G15/><T26/><D26/><U79/><E13/><V32/><F32/><W19/><G19/><T103/><D23/><U43/><E24/><V74/><F74/><W29/><G29/><T92/><D22/><U95/><E30/><V34/><F34/><W80/><G80/><T39/><D21/><U31/><E31/><V54/><F25/><W16/><G16/><T40/><D20/><U45/><E12/><V1/><F1/><W120/><G120/><T33/><D33/><U123/><E81/><N who="2" m="47159" /><F17/><W105/><G105/><T96/><D83/><U106/><E106/><V100/><F61/><W90/><G90/><T85/><D60/><U98/><E91/><V129/><F129/><W51/><G51/><T107/><D107/><U56/><E123/><V125/><F125/><W131/><G131/><T10/><D124/><U87/><E121/><V135/><F135/><W102/><G102/><N who="0" m="60679" /><D10/><AGARI ba="1,1" hai="4,10,14,47,49,54,57,63,64,100,101" m="47159" machi="10" ten="30,1000,0" yaku="8,1" doraHai="88" who="2" fromWho="0" sc="239,-13,299,0,199,23,253,0" /><INIT seed="4,0,0,0,1,101" ten="226,299,222,253" oya="0" hai0="22,66,43,84,120,57,64,88,97,68,82,54,5" hai1="112,108,13,65,133,95,98,94,96,8,49,122,118" hai2="25,24,50,37,0,125,19,26,109,23,7,52,127" hai3="10,9,33,113,40,61,72,126,2,16,70,62,58"/><T100/><D120/><U31/><E122/><V111/><F37/><W48/><G113/><T80/><D68/><U30/><E108/><N who="2" m="41547" /><F50/><W115/><G115/><T42/><D5/><U45/><E118/><V130/><F52/><W89/><G33/><T4/><D4/><N who="1" m="3207" /><E133/><V132/><F132/><W71/><G72/><T51/><D82/><U6/><E65/><V131/><F7/><W107/><G89/><T129/><D22/><U67/><E67/><V3/><F19/><W63/><G2/><N who="2" m="553" /><F23/><W81/><G9/><T59/><D129/><AGARI ba="0,0" hai="24,25,26,125,127,129,130,131" m="553,41547" machi="129" ten="40,8000,1" yaku="28,2,19,1,34,2" doraHai="101" who="2" fromWho="0" sc="226,-80,299,0,222,80,253,0" owari="146,-35.4,299,9.9,302,40.2,253,-14.7" /></mjloggm>