<mjloggm ver="2.3"><GO type="225" lobby="0"/><UN n0="%E3%81%8B%E3%82%8F%E3%81%A1%E3%82%83%E3%82%93%35%38" n1="%E6%B0%B7%E5%B7%9D%E9%87%8C%E5%A5%88" n2="%33%74%72%65%65" n3="%E3%81%86%E3%83%BC%E3%81%B1%E3%83%BC" dan="17,16,16,17" rate="2191.68,2122.51,2153.86,2182.81" sx="M,F,F,F"/><TAIKYOKU oya="0"/><INIT seed="0,0,0,5,3,86" ten="250,250,250,250" oya="0" hai0="111,119,79,59,70,134,39,123,38,27,93,76,61" hai1="5,14,58,125,25,107,20,99,45,82,13,0,74" hai2="127,15,43,33,22,56,48,97,91,69,126,130,40" hai3="50,23,53,113,133,90,30,26,105,108,103,135,122"/><T109/><D119/><U1/><E125/><N who="2" m="47627" /><F33/><W16/><G113/><T4/><D123/><U17/><E107/><V81/><F69/><W8/><G122/><T92/><D70/><U47/><E99/><V3/><F3/><W129/><G108/><N who="0" m="41547" /><D4/><U36/><E58/><V57/><F130/><W44/><G129/><T28/><D134/><N who="3" m="51209" /><G90/><T11/><D11/><N who="1" m="2479" /><E45/><N who="2" m="25639" /><F43/><W124/><G124/><T71/><D71/><U32/><E32/><V62/><F62/><W7/><G105/><T63/><D63/><U6/><E6/><V60/><F60/><W42/><G103/><T10/><D10/><U2/><E2/><V98/><F98/><W52/><G30/><T68/><D68/><U106/><E106/><V18/><F97/><W83/><G83/><T34/><D93/><U101/><E101/><V104/><F104/><W73/><G73/><T84/><D92/><U80/><E80/><V51/><F51/><W100/><G100/><T128/><D128/><U131/><E0/><AGARI ba="0,0" hai="0,7,8,16,23,26,42,44,50,52,53" m="51209" machi="0" ten="30,3900,0" yaku="20,1,54,2" doraHai="86" who="3" fromWho="1" sc="250,0,250,-39,250,0,250,39" /><INIT seed="1,0,0,2,2,87" ten="250,211,250,289" oya="1" hai0="68,31,3,113,13,57,114,92,43,63,60,65,25" hai1="118,122,110,19,88,2,106,79,58,91,89,123,85" hai2="95,127,125,131,98,109,74,133,12,42,84,16,23" hai3="46,36,45,11,50,86,64,29,20,102,76,124,24"/><U80/><E2/><V126/><F109/><W9/><G124/><T30/><D3/><U72/><E118/><V96/><F74/><W53/><G64/><T49/><D31/><U14/><E106/><V103/><F133/><W75/><G75/><T115/><D13/><U6/><E6/><V56/><F131/><W21/><G102/><T28/><D28/><U105/><E105/><V130/><F130/><W38/><G36/><T34/><D92/><U32/><E32/><V135/><F135/><W81/><G21/><T47/><REACH who="0" step="1"/><D63/><REACH who="0" ten="240,211,250,289" step="2"/><U0/><E0/><V93/><F93/><W59/><G38/><T99/><D99/><U22/><E110/><V27/><F98/><W73/><G73/><T33/><D33/><U71/><E71/><AGARI ba="0,1" hai="25,30,34,43,47,49,57,60,65,68,71,113,114,115" machi="71" ten="40,2600,0" yaku="1,1,53,1" doraHai="87" doraHaiUra="40" who="0" fromWho="1" sc="240,36,211,-26,250,0,289,0" /><INIT seed="2,0,0,4,5,32" ten="276,185,250,289" oya="2" hai0="98,110,6,83,61,37,27,4,89,74,1,20,39" hai1="22,64,52,100,43,66,125,68,95,133,72,17,115" hai2="2,113,33,40,103,15,82,73,48,94,85,90,129" hai3="108,126,29,71,134,54,111,87,70,109,121,120,13"/><V47/><F113/><W31/><G126/><T80/><D110/><U118/><E115/><V86/><F129/><W132/><G87/><T36/><D61/><U21/><E118/><V131/><F131/><W97/><G13/><T102/><D89/><U50/><E125/><V116/><F116/><W56/><G97/><T57/><D57/><U122/><E133/><N who="3" m="51306" /><G54/><T38/><D38/><U45/><E72/><V26/><F15/><W65/><G56/><T112/><D112/><U30/><E122/><N who="3" m="47210" /><G65/><T105/><D74/><U28/><E68/><AGARI ba="0,0" hai="29,31,68,70,71,108,109,111" m="47210,51306" machi="68" ten="40,8000,1" yaku="28,2,14,1,20,1" doraHai="32" who="3" fromWho="1" sc="276,0,185,-80,250,0,289,80" /><INIT seed="3,0,0,3,4,67" ten="276,105,250,369" oya="3" hai0="73,42,24,70,110,69,62,64,99,104,32,66,84" hai1="126,47,0,29,54,46,13,111,71,40,33,16,2" hai2="132,8,88,103,94,15,113,51,6,59,49,125,96" hai3="108,63,112,86,58,72,39,116,107,76,4,14,37"/><W97/><G72/><T25/><D110/><U28/><E28/><V22/><BYE who="1" /><F113/><UN n1="%E6%B0%B7%E5%B7%9D%E9%87%8C%E5%A5%88" /><W52/><BYE who="1" /><G112/><T12/><D73/><UN n1="%E6%B0%B7%E5%B7%9D%E9%87%8C%E5%A5%88" /><U114/><E114/><V78/><BYE who="1" /><F132/><W118/><G108/><UN n1="%E6%B0%B7%E5%B7%9D%E9%87%8C%E5%A5%88" /><T117/><D117/><BYE who="1" /><U38/><E38/><V91/><F125/><W83/><G39/><UN n1="%E6%B0%B7%E5%B7%9D%E9%87%8C%E5%A5%88" /><T87/><D42/><U121/><E121/><V95/><BYE who="1" /><F78/><W30/><G30/><N who="0" m="19527" /><D12/><U35/><E35/><V65/><F22/><W21/><G37/><T90/><D90/><U11/><E11/><V133/><F133/><W55/><G55/><T120/><D25/><U31/><E31/><V1/><F1/><W79/><G79/><T82/><D82/><U10/><E10/><V134/><F134/><W85/><G85/><T130/><D130/><U48/><E48/><V3/><F3/><W17/><G4/><T53/><D53/><U127/><E127/><V77/><F77/><W106/><G106/><T9/><D9/><U131/><E131/><V45/><F45/><W36/><G36/><T61/><D120/><U56/><E56/><V75/><F75/><W109/><G109/><T135/><D135/><U19/><E19/><V27/><F27/><W7/><G7/><T60/><D60/><U115/><E115/><V26/><F26/><W23/><G23/><T34/><D34/><U68/><E68/><V5/><F5/><W74/><G74/><T18/><D18/><U100/><E100/><AGARI ba="0,0" hai="61,62,64,66,69,70,84,87,99,100,104" m="19527" machi="100" ten="30,3900,0" yaku="25,1,52,2" doraHai="67" who="0" fromWho="1" sc="276,39,105,-39,250,0,369,0" owari="315,11.5,66,-43.4,250,-15.0,369,46.9" /></mjloggm>