<mjloggm ver="2.3"><GO type="225" lobby="0"/><UN n0="%E4%BF%BA%E3%81%A8%E5%A6%96%E5%A4%A2" n1="%E7%89%B9%E6%9D%B1%E3%81%AF%E4%B8%96%E7%95%8C%E3%82%92%E6%95%91%E3%81%86" n2="%E3%82%B2%E3%82%B9%E8%8C%82%E5%8B%9D" n3="%E6%B4%BE%E9%81%A3%E3%81%AE%E3%82%B8%E3%83%A3%E3%83%83%E3%82%AF" dan="17,16,16,17" rate="2193.89,2144.23,2085.59,2229.53" sx="F,M,F,M"/><TAIKYOKU oya="0"/><INIT seed="0,0,0,4,5,118" ten="250,250,250,250" oya="0" hai0="42,71,53,87,81,74,21,39,117,26,107,124,84" hai1="64,134,49,34,23,7,12,40,93,91,102,54,17" hai2="127,85,88,57,90,46,129,70,52,97,80,19,11" hai3="55,120,27,128,125,122,51,109,1,114,115,30,92"/><T22/><D117/><U38/><E134/><V9/><F70/><W110/><G1/><T79/><D71/><U98/><E34/><V121/><F121/><N who="3" m="46699" /><G92/><T130/><D107/><U5/><E64/><V16/><F127/><W29/><G125/><T48/><D124/><U44/><REACH who="1" step="1"/><E102/><REACH who="1" ten="250,240,250,250" step="2"/><V113/><F113/><N who="3" m="43019" /><G128/><T75/><D130/><U104/><E104/><V35/><F35/><N who="3" m="20927" /><G30/><T76/><D22/><U20/><E20/><V43/><F129/><W41/><G41/><T45/><D21/><U3/><E3/><V61/><F11/><W25/><G25/><T63/><D26/><U73/><E73/><V108/><F9/><W60/><G60/><T89/><D63/><U72/><E72/><V95/><REACH who="2" step="1"/><F108/><REACH who="2" ten="250,240,240,250" step="2"/><W10/><G10/><T99/><D74/><U106/><E106/><V8/><F8/><W112/><G112/><T33/><D33/><U15/><E15/><V56/><F56/><AGARI ba="0,2" hai="51,55,56,109,110" m="20927,43019,46699" machi="56" ten="30,7700,0" yaku="13,1,52,3" doraHai="118" who="3" fromWho="2" sc="250,0,240,0,240,-77,250,97" /><AGARI ba="0,0" hai="5,7,12,17,23,38,40,44,49,54,56,91,93,98" machi="56" ten="30,2000,0" yaku="1,1,7,1,53,0" doraHai="118" doraHaiUra="83" who="1" fromWho="2" sc="250,0,240,20,163,-20,347,0" /><INIT seed="1,0,0,1,2,11" ten="250,260,143,347" oya="1" hai0="88,48,25,16,17,115,111,32,126,112,124,29,100" hai1="62,97,130,122,14,69,133,76,114,24,123,4,20" hai2="57,102,116,70,37,90,8,7,125,80,84,23,10" hai3="47,61,28,78,45,66,67,3,89,1,44,53,104"/><U117/><E114/><N who="0" m="43561" /><D100/><U54/><E117/><V46/><F125/><N who="0" m="48234" /><D48/><U107/><E76/><V9/><F116/><W40/><G104/><T134/><D111/><U99/><E99/><V6/><F70/><W5/><G78/><T30/><D134/><U110/><E133/><V131/><F131/><W128/><G128/><T120/><D120/><U64/><E130/><V42/><F102/><W59/><G40/><T79/><D79/><U36/><E110/><V12/><REACH who="2" step="1"/><F57/><REACH who="2" ten="250,260,133,347" step="2"/><W0/><G59/><T39/><D39/><U77/><E36/><V86/><F86/><W68/><G68/><T121/><D121/><U129/><E129/><V43/><F43/><W55/><G45/><T21/><D88/><U19/><E77/><V13/><F13/><W71/><G71/><T106/><D106/><U38/><E38/><V75/><F75/><W51/><G89/><T135/><D135/><U72/><E72/><V132/><F132/><W31/><G47/><T91/><D91/><U94/><E107/><V26/><F26/><AGARI ba="0,1" hai="16,17,21,25,26,29,30,32" m="48234,43561" machi="26" ten="30,7700,0" yaku="18,1,34,2,54,1" doraHai="11" who="0" fromWho="2" sc="250,87,260,0,133,-77,347,0" /><INIT seed="2,0,0,2,5,125" ten="337,260,56,347" oya="2" hai0="62,124,28,11,54,30,88,50,113,19,68,42,31" hai1="20,65,24,22,117,13,47,131,83,44,32,129,102" hai2="133,6,9,60,70,119,14,61,34,95,67,105,110" hai3="103,15,123,75,101,51,23,82,4,2,37,79,116"/><V40/><F119/><W18/><G116/><T111/><D113/><U93/><E117/><V96/><F133/><W16/><G123/><T17/><D124/><U53/><E65/><V86/><F34/><W56/><G18/><T108/><D42/><U33/><E83/><V1/><F105/><W29/><G29/><T84/><D68/><U59/><E13/><V134/><F134/><W55/><REACH who="3" step="1"/><G37/><REACH who="3" ten="337,260,56,337" step="2"/><T107/><D17/><N who="1" m="12303" /><E22/><V48/><F110/><W78/><G78/><T90/><D111/><U91/><E102/><V127/><F127/><W46/><G46/><N who="1" m="17450" /><E91/><V92/><F40/><W126/><G126/><T99/><D108/><U80/><E80/><V26/><F26/><W35/><G35/><T115/><D90/><U7/><E7/><V77/><F77/><W0/><G0/><T43/><D43/><U8/><E8/><AGARI ba="0,1" hai="2,4,8,15,16,23,51,55,56,75,79,82,101,103" machi="8" ten="40,2600,0" yaku="1,1,54,1,53,0" doraHai="125" doraHaiUra="27" who="3" fromWho="1" sc="337,0,260,-26,56,0,337,36" /><INIT seed="3,0,0,2,2,19" ten="337,234,56,373" oya="3" hai0="76,58,15,37,48,103,11,108,120,106,134,56,111" hai1="50,104,117,47,28,25,14,74,70,22,55,4,91" hai2="116,113,69,115,32,33,57,29,102,125,2,41,5" hai3="95,79,135,0,78,80,98,40,62,46,8,18,26"/><W109/><G135/><T3/><D3/><U13/><E70/><V68/><F102/><W129/><G129/><T133/><D37/><U89/><E104/><V130/><F41/><W53/><G109/><N who="0" m="42059" /><D120/><U60/><E74/><V10/><F57/><N who="3" m="35119" /><G0/><T119/><D119/><U124/><E124/><V128/><F68/><W107/><G107/><T35/><D35/><U61/><E117/><V38/><F38/><W101/><G80/><T123/><D123/><U86/><E89/><V94/><F94/><W43/><G43/><T105/><D76/><U81/><E4/><V84/><F84/><W85/><G85/><T71/><D71/><U12/><E12/><V51/><F51/><N who="3" m="27079" /><G8/><T63/><D48/><U72/><E72/><V90/><F69/><W112/><G112/><T42/><D42/><U127/><E127/><V7/><F90/><W131/><G131/><T9/><D103/><U122/><E122/><V27/><F116/><W65/><G65/><N who="0" m="39143" /><D58/><U31/><E31/><V99/><F99/><W97/><G97/><T132/><D9/><U93/><E93/><V36/><F36/><W17/><G17/><AGARI ba="0,0" hai="11,15,17,105,106,132,133,134" m="39143,42059" machi="17" ten="40,2600,0" yaku="20,1,14,1" doraHai="19" who="0" fromWho="3" sc="337,26,234,0,56,0,373,-26" owari="363,46.3,234,-16.6,56,-44.4,347,14.7" /></mjloggm>