<mjloggm ver="2.3"><GO type="225" lobby="0"/><UN n0="%E9%B3%B3%E6%9D%B1%E3%81%AE%E3%81%86%E3%81%95%E3%81%8E%E3%81%95%E3%82%93" n1="%E3%81%B2%E3%81%AA%E3%81%AE%E3%82%8A%E3%81%8F" n2="%E9%89%A2%E5%B7%BB%E3%82%AC%E3%83%96" n3="%E3%82%89%E3%81%84%E3%81%82%E3%82%93%E3%81%98%E3%82%83%E3%82%93" dan="17,17,16,17" rate="2275.76,2190.74,2110.22,2176.70" sx="M,M,M,M"/><TAIKYOKU oya="0"/><INIT seed="0,0,0,5,0,2" ten="250,250,250,250" oya="0" hai0="13,5,84,12,38,88,128,126,64,23,19,22,21" hai1="80,9,60,53,34,123,82,71,86,58,62,93,15" hai2="102,66,133,67,130,43,49,77,1,91,0,42,65" hai3="134,52,125,124,108,96,50,25,73,26,56,135,24"/><T17/><D128/><U11/><E123/><V57/><F130/><W110/><G96/><T72/><D126/><N who="3" m="48745" /><G73/><T114/><D114/><U107/><E34/><V55/><F133/><AGARI ba="0,0" hai="24,25,26,50,52,56,108,110,133,134,135" m="48745" machi="133" ten="40,5200,0" yaku="20,1,18,1,54,1" doraHai="2" who="3" fromWho="2" sc="250,0,250,0,250,-52,250,52" /><INIT seed="1,0,0,3,0,67" ten="250,250,198,302" oya="1" hai0="101,115,99,126,3,34,43,98,60,97,120,31,77" hai1="105,6,94,100,36,22,121,62,42,37,54,84,114" hai2="55,81,53,92,133,86,118,33,102,109,124,119,80" hai3="51,123,17,50,87,134,96,56,75,47,4,57,72"/><U40/><E114/><V52/><F33/><W9/><G123/><T125/><D115/><U91/><E121/><V107/><F109/><W103/><G17/><T85/><D120/><U104/><E6/><V30/><F30/><W128/><G87/><T25/><D3/><U58/><E100/><V28/><F28/><W0/><G51/><T8/><D43/><U117/><E117/><V108/><F108/><W76/><G128/><T13/><D60/><U66/><E54/><V49/><F49/><W83/><G72/><T111/><D111/><U112/><E112/><V63/><F63/><W7/><G7/><T61/><D61/><U90/><E90/><V1/><F107/><W116/><G134/><T44/><D44/><U88/><E91/><V95/><F55/><W39/><G116/><T35/><D35/><U24/><E42/><V73/><F73/><W129/><G129/><T18/><D101/><U79/><E79/><V132/><F102/><W135/><G135/><T89/><REACH who="0" step="1"/><D77/><REACH who="0" ten="240,250,198,302" step="2"/><U71/><E40/><V69/><F1/><W127/><G47/><T113/><D113/><U78/><E78/><V82/><F119/><W130/><G76/><T38/><D38/><U59/><E37/><V106/><F118/><W45/><G39/><T14/><D14/><U74/><E36/><V70/><F133/><W16/><G0/><T29/><D29/><N who="1" m="17559" /><E74/><V23/><F132/><W65/><G75/><T41/><D41/><U26/><E26/><V110/><F110/><W131/><G130/><T122/><D122/><U20/><E20/><V2/><F23/><W64/><G131/><RYUUKYOKU ba="0,1" sc="240,15,250,15,198,-15,302,-15" hai0="8,13,18,25,31,34,85,89,97,98,99,125,126" hai1="58,59,62,66,71,84,88,94,104,105" /><INIT seed="1,1,1,4,0,135" ten="255,265,183,287" oya="1" hai0="81,65,2,125,117,105,19,78,16,18,33,95,35" hai1="100,111,10,23,43,87,116,32,51,5,89,3,119" hai2="129,29,11,1,20,134,110,25,102,42,77,22,53" hai3="17,126,63,47,68,44,13,9,55,41,49,58,82"/><U15/><E32/><V7/><F134/><W57/><G126/><T4/><D117/><U60/><E100/><V107/><F110/><W96/><G68/><T118/><D118/><U133/><E133/><V90/><F129/><W12/><G96/><T108/><D105/><U109/><E60/><V97/><F42/><W72/><G41/><T36/><D108/><N who="1" m="41547" /><E3/><V61/><F77/><W106/><G106/><T75/><D65/><U40/><E23/><V112/><F112/><W85/><G12/><T122/><D125/><U50/><E43/><V48/><F90/><N who="3" m="51511" /><G72/><T70/><D70/><U79/><E79/><V74/><F74/><W98/><G98/><T52/><D75/><U67/><E67/><AGARI ba="1,1" hai="9,13,17,44,47,49,55,57,58,63,67" m="51511" machi="67" ten="30,1000,0" yaku="8,1" doraHai="135" who="3" fromWho="1" sc="255,0,265,-13,183,0,287,23" /><INIT seed="2,0,0,0,4,131" ten="255,252,183,310" oya="2" hai0="115,119,40,20,92,106,14,84,100,56,82,107,17" hai1="12,27,33,55,130,135,0,62,133,97,116,70,46" hai2="52,103,120,11,13,31,68,78,41,86,63,110,112" hai3="85,77,29,104,9,57,7,109,101,83,123,64,43"/><V18/><F112/><W16/><G123/><T58/><D115/><U114/><E0/><V87/><F120/><W10/><G29/><T4/><D119/><U124/><E114/><V74/><F110/><W15/><G109/><T2/><D106/><U53/><E116/><V36/><F31/><W8/><G43/><T25/><D107/><U76/><E76/><V49/><F103/><W71/><G71/><T91/><D2/><U23/><E33/><V39/><F74/><W51/><G104/><T45/><D4/><U89/><E124/><V5/><F78/><W113/><G101/><T37/><D100/><U134/><E12/><V129/><F129/><W90/><G113/><T108/><D108/><U126/><E126/><V111/><F5/><W99/><G7/><T125/><D125/><U48/><E130/><V127/><F127/><W73/><G99/><T26/><D92/><N who="1" m="56463" /><E62/><V50/><F50/><W105/><G105/><T121/><D121/><U122/><E70/><V75/><F75/><W59/><G59/><T118/><D118/><U6/><E6/><V67/><F111/><W28/><G28/><T3/><D3/><U21/><E122/><V95/><F95/><N who="3" m="54735" /><G51/><T30/><REACH who="0" step="1"/><D25/><REACH who="0" ten="245,252,183,310" step="2"/><U61/><E27/><V94/><F94/><W102/><G102/><T132/><D132/><U88/><E135/><V69/><F69/><W128/><G128/><T96/><D96/><U80/><E134/><V47/><REACH who="2" step="1"/><F36/><REACH who="2" ten="245,252,173,310" step="2"/><W93/><G93/><T66/><D66/><U34/><E133/><V44/><AGARI ba="0,2" hai="11,13,18,39,41,44,47,49,52,63,67,68,86,87" machi="44" ten="20,12000,1" yaku="1,1,2,1,0,1,7,1,54,1,53,0" doraHai="131" doraHaiUra="54" who="2" fromWho="2" sc="245,-40,252,-40,173,140,310,-40" /><INIT seed="2,1,0,3,4,102" ten="205,212,313,270" oya="2" hai0="4,134,75,31,124,94,93,30,68,47,33,135,78" hai1="10,44,114,120,116,61,8,72,58,63,20,74,90" hai2="6,119,110,100,106,109,38,34,81,14,18,39,113" hai3="107,3,83,76,49,92,129,130,82,117,97,112,50"/><V115/><F34/><W29/><G3/><T46/><D68/><U62/><E116/><V77/><F6/><W125/><G117/><T22/><D33/><U55/><E114/><V71/><F71/><W26/><G112/><T56/><D124/><U108/><E108/><N who="2" m="41579" /><F39/><W37/><G107/><T23/><D4/><U35/><E35/><V19/><F38/><W48/><G37/><T42/><D56/><U57/><E44/><V53/><F19/><W54/><G54/><T127/><D78/><U91/><E20/><N who="2" m="11351" /><F53/><W66/><G66/><T59/><D59/><N who="1" m="22539" /><E55/><V1/><F1/><W27/><G125/><T17/><D17/><U15/><E15/><V65/><F65/><W7/><G7/><T41/><REACH who="0" step="1"/><D127/><REACH who="0" ten="195,212,313,270" step="2"/><U0/><E0/><V133/><F119/><W16/><G16/><T70/><D70/><U122/><E74/><AGARI ba="1,1" hai="22,23,30,31,41,42,46,47,74,75,93,94,134,135" machi="74" ten="25,8000,1" yaku="1,1,22,2,53,2" doraHai="102" doraHaiUra="88" who="0" fromWho="1" sc="195,93,212,-83,313,0,270,0" /><INIT seed="3,0,0,4,5,28" ten="288,129,313,270" oya="3" hai0="34,41,62,37,102,74,111,6,130,63,97,26,36" hai1="33,2,66,54,53,29,18,20,68,17,116,121,75" hai2="93,85,56,0,39,98,91,124,101,40,79,22,78" hai3="112,49,80,7,35,3,95,44,99,119,71,70,30"/><W11/><G112/><T129/><D74/><U105/><E121/><V46/><F0/><W69/><G119/><T135/><D6/><U92/><E116/><V52/><F22/><W16/><G80/><T15/><D15/><U72/><E2/><V110/><F110/><W61/><G16/><T4/><D4/><U127/><E105/><V38/><F38/><N who="0" m="14954" /><D41/><U43/><E43/><V57/><F57/><W123/><G123/><T73/><D73/><U42/><E42/><V82/><F124/><W100/><G61/><AGARI ba="0,0" hai="39,40,46,52,56,61,78,79,82,85,91,93,98,101" machi="61" ten="30,2000,0" yaku="7,1,54,1" doraHai="28" who="2" fromWho="3" sc="288,0,129,0,313,20,270,-20" owari="288,8.8,129,-37.1,333,43.3,250,-15.0" /></mjloggm>