<mjloggm ver="2.3"><GO type="225" lobby="0"/><UN n0="%E8%83%83%E3%81%A8%E8%85%B8" n1="%E6%A0%B9%E5%85%83%E3%81%8B%E3%82%89%E5%90%B9%E3%81%A3%E9%A3%9B%E3%81%B6" n2="%E3%81%8B%E3%82%8F%E3%81%A1%E3%82%83%E3%82%93%35%38" n3="%E5%8D%A0%E3%81%84%E5%B8%AB%E8%A3%8F%E3%81%AA%E3%81%84%E3%81%97" dan="16,17,17,16" rate="2164.24,2194.43,2195.96,2136.63" sx="M,F,M,M"/><TAIKYOKU oya="0"/><INIT seed="0,0,0,3,0,8" ten="250,250,250,250" oya="0" hai0="107,85,21,3,15,20,68,24,80,32,60,75,126" hai1="0,33,95,55,92,103,116,13,130,120,26,131,90" hai2="109,66,71,106,78,110,83,93,23,112,42,5,27" hai3="98,127,25,36,74,132,84,61,87,1,14,63,57"/><T37/><D3/><U4/><E116/><V70/><F106/><W117/><G1/><T123/><D123/><U48/><E120/><V133/><F112/><W40/><G74/><T6/><D37/><U82/><E0/><V34/><F34/><W119/><G127/><T49/><D75/><U19/><E103/><V38/><F5/><W111/><G111/><N who="2" m="42505" /><F66/><W89/><G132/><T105/><D126/><U54/><E82/><V11/><F11/><W114/><G114/><T59/><D32/><U30/><E4/><V115/><F115/><W69/><G69/><T51/><D68/><U99/><E92/><V104/><F104/><W76/><G40/><T129/><D105/><U135/><E135/><V22/><F22/><W91/><G36/><T94/><D94/><U46/><REACH who="1" step="1"/><E55/><REACH who="1" ten="250,240,250,250" step="2"/><V7/><F7/><W43/><G119/><T47/><D107/><U77/><E77/><V67/><F93/><W39/><G76/><N who="0" m="46215" /><D129/><U100/><E100/><V101/><F101/><W73/><G117/><T44/><D6/><U10/><AGARI ba="0,1" hai="10,13,19,26,30,33,46,48,54,90,95,99,130,131" machi="10" ten="30,7900,0" yaku="1,1,0,1,52,1,53,1" doraHai="8" doraHaiUra="12" who="1" fromWho="1" sc="250,-39,240,89,250,-20,250,-20" /><INIT seed="1,0,0,1,1,12" ten="211,329,230,230" oya="1" hai0="44,82,102,66,50,67,90,25,30,49,114,128,35" hai1="112,121,47,46,72,126,4,22,107,3,38,124,95" hai2="94,56,40,87,86,26,71,125,64,115,132,53,78" hai3="9,59,7,119,135,65,116,91,133,32,113,34,31"/><U101/><E112/><V130/><F115/><W45/><G65/><T2/><D114/><U74/><E121/><V42/><F130/><W1/><G59/><T98/><D2/><U13/><E107/><V106/><F106/><W14/><G45/><T29/><D128/><U85/><E3/><V48/><F132/><N who="3" m="50763" /><G91/><T69/><D29/><U110/><E110/><V51/><F71/><W88/><G88/><T41/><D50/><U23/><E85/><V62/><F125/><W0/><G113/><T97/><D69/><U93/><E13/><V16/><F51/><W96/><G96/><T61/><D61/><U27/><E27/><V108/><F108/><W111/><G111/><T77/><D90/><U99/><E4/><V120/><F120/><W58/><G58/><T123/><D123/><U80/><E80/><N who="2" m="47383" /><F94/><W43/><G43/><T70/><D70/><U118/><E99/><V21/><F87/><W28/><G0/><T6/><D97/><U5/><E38/><V52/><F64/><W36/><G36/><T24/><D66/><U39/><E39/><V60/><F60/><W131/><G131/><T11/><D67/><U37/><E37/><V103/><F103/><W73/><G73/><N who="0" m="43311" /><D102/><U19/><E126/><V89/><F89/><W76/><G76/><T81/><D98/><U92/><E124/><V122/><F122/><W127/><G127/><T117/><D81/><U105/><E118/><N who="3" m="45098" /><G1/><N who="0" m="463" /><D117/><U83/><E105/><V100/><F100/><W20/><G31/><T18/><D49/><U63/><E101/><V55/><F55/><W15/><G28/><T68/><D68/><RYUUKYOKU ba="0,0" sc="211,-15,329,-15,230,15,230,15" hai2="16,21,26,40,42,48,52,53,56,62" hai3="7,9,14,15,20,32,34" /><INIT seed="2,1,0,2,2,92" ten="196,314,245,245" oya="2" hai0="12,114,108,110,122,93,66,96,18,36,104,63,46" hai1="15,78,32,67,69,4,43,89,103,99,14,16,26" hai2="61,72,41,75,106,91,90,125,9,79,50,60,34" hai3="3,65,17,83,51,117,1,22,52,39,42,38,129"/><V128/><F34/><W113/><G117/><T121/><D104/><U126/><E89/><V5/><F106/><W23/><G129/><T71/><D114/><U29/><E78/><V84/><F128/><W62/><G113/><T25/><D25/><U45/><E126/><V53/><F125/><W8/><G23/><N who="0" m="11719" /><D46/><U116/><E116/><V55/><F41/><W49/><G49/><T33/><D36/><U135/><E135/><V44/><F90/><W109/><G109/><N who="0" m="42091" /><D33/><U68/><E4/><V97/><F97/><W118/><G118/><T28/><D28/><U133/><E133/><V2/><F79/><W21/><G21/><T59/><D71/><U57/><E14/><V82/><REACH who="2" step="1"/><F55/><REACH who="2" ten="196,314,235,245" step="2"/><W13/><G42/><T87/><D87/><U6/><E43/><V11/><F11/><W0/><G8/><T24/><D24/><U98/><E26/><V130/><F130/><W127/><G127/><T7/><D7/><U101/><E6/><V131/><F131/><W95/><G52/><T134/><D134/><U86/><E32/><V56/><F56/><W37/><G37/><T74/><D74/><AGARI ba="1,1" hai="2,5,9,44,50,53,60,61,72,74,75,82,84,91" machi="74" ten="40,2000,0" yaku="1,1,53,0" doraHai="92" doraHaiUra="10" who="2" fromWho="0" sc="196,-23,314,0,235,33,245,0" /><INIT seed="2,2,0,4,3,45" ten="173,314,268,245" oya="2" hai0="56,92,40,59,20,101,100,102,126,51,66,54,81" hai1="11,121,111,119,113,58,65,17,33,31,98,63,3" hai2="91,18,76,4,130,93,110,90,9,50,69,42,1" hai3="29,71,106,97,28,10,79,64,39,127,27,36,117"/><V22/><F130/><W135/><G117/><T24/><D126/><U73/><E113/><V115/><F115/><W52/><G127/><T43/><D81/><U68/><E119/><V105/><F105/><W37/><G28/><T41/><D92/><U6/><E121/><V32/><F69/><W53/><G10/><T70/><D70/><U2/><E111/><V95/><F95/><W88/><G79/><T5/><D5/><U14/><E73/><V83/><F32/><N who="3" m="20543" /><G88/><T78/><D78/><U94/><E68/><V13/><F110/><W60/><G135/><T19/><REACH who="0" step="1"/><D66/><REACH who="0" ten="163,314,268,245" step="2"/><U62/><E6/><V44/><REACH who="2" step="1"/><F93/><REACH who="2" ten="163,314,258,245" step="2"/><W48/><G106/><T26/><D26/><U103/><E94/><V124/><F124/><W0/><G71/><T55/><D55/><U133/><E98/><V35/><F35/><W15/><G53/><T30/><D30/><U25/><E31/><V109/><F109/><W85/><G52/><T34/><D34/><U82/><E33/><V67/><F67/><W23/><G64/><T21/><D21/><U125/><E125/><V134/><F134/><W49/><G23/><T129/><D129/><U72/><E133/><V61/><F61/><W107/><G60/><T80/><D80/><U112/><E63/><V16/><F16/><W114/><G97/><T87/><D87/><AGARI ba="2,2" hai="1,4,9,13,18,22,42,44,50,76,83,87,90,91" machi="87" ten="30,5800,0" yaku="1,1,7,1,52,1,53,0" doraHai="45" doraHaiUra="132" who="2" fromWho="0" sc="163,-64,314,0,258,84,245,0" /><INIT seed="2,3,0,2,5,51" ten="99,314,342,245" oya="2" hai0="85,104,57,118,31,29,124,26,71,37,68,67,132" hai1="27,109,45,0,17,117,103,20,65,128,93,22,133" hai2="44,107,92,81,106,24,36,134,61,4,53,3,125" hai3="70,50,63,86,60,42,78,46,135,6,126,16,14"/><V12/><F3/><W33/><G33/><T49/><D124/><U54/><E117/><V73/><F92/><W122/><G122/><T43/><D118/><U82/><E0/><V102/><F102/><W35/><G35/><T75/><D75/><U112/><E109/><V108/><F24/><W9/><G135/><T87/><D132/><U99/><E112/><V2/><F12/><W21/><G70/><T47/><D104/><U10/><E128/><V69/><F53/><W59/><G126/><T11/><D11/><U89/><E133/><V130/><F125/><W77/><G86/><T127/><D127/><U88/><E65/><N who="2" m="41135" /><F134/><W8/><G8/><T15/><D15/><N who="1" m="7415" /><E82/><V41/><F130/><W64/><REACH who="3" step="1"/><G63/><REACH who="3" ten="99,314,342,235" step="2"/><N who="0" m="40063" /><D71/><U39/><E22/><V91/><F108/><W83/><G83/><T111/><D111/><U84/><E84/><N who="0" m="32329" /><D26/><AGARI ba="3,1" hai="6,9,14,16,21,26,42,46,50,59,60,64,77,78" machi="26" ten="30,7700,0" yaku="1,1,7,1,8,1,54,1,53,0" doraHai="51" doraHaiUra="119" who="3" fromWho="0" sc="99,-86,314,0,342,0,235,96" /><INIT seed="3,0,0,4,1,59" ten="13,314,342,331" oya="3" hai0="81,45,94,91,120,67,60,107,69,80,96,12,77" hai1="61,117,19,86,43,126,24,0,3,132,51,58,64" hai2="103,1,75,72,65,111,27,85,49,68,41,17,32" hai3="23,33,46,131,21,6,10,29,74,54,25,18,106"/><W4/><G74/><T129/><D129/><U13/><E126/><V22/><F1/><W42/><G106/><T30/><D120/><U121/><E117/><V122/><F32/><W99/><G131/><T9/><D107/><U52/><E132/><V125/><F103/><W87/><G99/><T35/><D45/><U113/><E113/><V14/><F68/><W71/><G71/><T130/><D130/><U7/><E121/><V16/><F65/><W115/><G115/><T36/><D36/><U124/><E124/><V39/><F39/><W2/><G4/><T55/><D55/><U70/><E43/><V93/><F125/><W26/><G87/><T100/><D91/><U37/><E37/><V8/><F122/><W40/><G54/><T78/><D80/><U95/><E24/><V102/><F111/><W98/><G46/><T15/><D77/><U119/><E7/><N who="2" m="3359" /><F75/><W90/><G33/><T28/><D35/><U89/><E119/><V62/><F62/><W92/><AGARI ba="0,0" hai="2,6,10,18,21,23,25,26,29,40,42,90,92,98" machi="92" ten="30,1500,0" yaku="0,1" doraHai="59" who="3" fromWho="3" sc="13,-5,314,-5,342,-5,331,15" owari="8,-49.2,309,-9.1,337,13.7,346,44.6" /></mjloggm>