<mjloggm ver="2.3"><GO type="225" lobby="0"/><UN n0="%E3%83%97%E3%83%AC%E3%83%B4%E3%82%A1%E3%83%86%E3%82%A3" n1="%E3%82%BC%E3%83%AB%E3%83%80%E3%81%AE%E4%BC%9D%E8%AA%AC" n2="%E3%81%A8%E3%82%93%E3%81%A8%E3%81%93%E3%81%A8%E3%82%93" n3="%E5%8F%AF%E5%85%90%E9%82%A3%E7%94%B1%E5%A4%9A" dan="16,17,16,16" rate="2151.21,2209.51,2108.03,2230.80" sx="F,M,M,F"/><TAIKYOKU oya="0"/><INIT seed="0,0,0,3,1,37" ten="250,250,250,250" oya="0" hai0="104,29,12,31,52,85,72,20,125,120,10,11,26" hai1="59,67,93,134,6,114,92,54,5,61,49,47,113" hai2="84,71,42,112,55,56,97,44,101,82,129,30,102" hai3="1,95,123,53,91,8,51,9,126,111,17,58,48"/><T25/><D104/><U33/><E134/><V4/><F112/><N who="1" m="43113" /><E33/><V83/><F71/><W38/><G38/><T94/><D72/><U107/><E107/><V115/><F115/><W133/><G111/><T18/><D120/><U41/><E92/><V22/><F129/><W39/><G39/><T0/><D94/><U119/><E119/><V130/><F130/><W16/><G133/><T124/><D85/><U128/><E128/><V89/><F4/><N who="1" m="1641" /><E93/><V99/><F82/><W40/><G126/><N who="0" m="48747" /><D52/><AGARI ba="0,0" hai="41,47,49,52,54,59,61,67" m="1641,43113" machi="52" ten="30,3900,0" yaku="11,1,52,1,54,1" doraHai="37" who="1" fromWho="0" sc="250,-39,250,39,250,0,250,0" /><INIT seed="1,0,0,1,2,52" ten="211,289,250,250" oya="1" hai0="67,15,96,61,104,1,109,107,113,51,94,101,32" hai1="93,115,116,129,63,118,6,108,135,90,20,131,74" hai2="35,30,83,25,95,23,121,41,53,97,3,75,27" hai3="56,17,49,91,110,5,133,57,84,73,50,103,19"/><U85/><E6/><V33/><F121/><W78/><G110/><T38/><D38/><U128/><E115/><V125/><F3/><W58/><G133/><T43/><D1/><U82/><E20/><V40/><F125/><W60/><G73/><T46/><D113/><U111/><E63/><V24/><F35/><W112/><G112/><T132/><D132/><U114/><E114/><V7/><F7/><W26/><G5/><T120/><D109/><N who="1" m="42059" /><E135/><V59/><F83/><N who="3" m="47223" /><G103/><T29/><D120/><U123/><E123/><V69/><F75/><W9/><G60/><T55/><D43/><U92/><E74/><V2/><F69/><W31/><G31/><T22/><D32/><U99/><E92/><V134/><F2/><W18/><G9/><T45/><D45/><U71/><E71/><V37/><F134/><W10/><G10/><T80/><D80/><U62/><E62/><V0/><F0/><W117/><G117/><T14/><D14/><U12/><E12/><V105/><F105/><W34/><G34/><T54/><D55/><U39/><E39/><V124/><F37/><W36/><G36/><T68/><REACH who="0" step="1"/><D15/><REACH who="0" ten="201,289,250,250" step="2"/><U28/><E28/><V88/><F33/><W100/><G17/><T70/><D70/><U86/><E82/><V11/><F40/><W77/><G18/><T76/><D76/><U72/><E72/><V44/><F41/><W89/><G77/><T64/><D64/><U42/><E42/><V16/><F44/><W102/><G19/><T122/><D122/><U126/><E126/><V21/><F124/><W127/><G127/><T87/><D87/><AGARI ba="0,1" hai="85,86,87,90,93,99,116,118,128,129,131" m="42059" machi="87" ten="40,18000,2" yaku="6,1,19,1,14,1,10,1,34,2" doraHai="52" who="1" fromWho="0" sc="201,-180,289,190,250,0,250,0" /><INIT seed="1,1,0,2,2,21" ten="21,479,250,250" oya="1" hai0="16,53,106,92,36,96,75,18,1,56,33,95,54" hai1="35,94,70,104,58,118,39,90,14,99,67,120,29" hai2="26,9,46,15,32,27,131,105,0,133,3,64,60" hai3="77,10,123,89,65,5,30,25,72,4,28,87,66"/><U101/><E118/><V91/><F105/><W116/><G123/><T50/><D36/><U102/><E120/><V115/><F131/><W7/><G116/><T22/><D75/><U110/><E110/><V100/><F100/><W124/><G124/><T68/><D1/><U71/><E39/><V6/><F133/><W59/><G72/><T13/><D33/><U8/><E58/><V44/><F115/><W125/><G125/><T117/><D117/><U41/><E41/><V88/><F0/><W45/><G77/><T42/><D68/><U11/><E101/><V17/><F46/><W80/><G45/><T12/><D42/><U98/><E14/><V111/><F44/><W52/><G10/><T40/><D40/><U38/><E38/><V57/><F111/><W51/><REACH who="3" step="1"/><G30/><REACH who="3" ten="21,479,250,240" step="2"/><T84/><D106/><U135/><E29/><N who="2" m="19511" /><F27/><W24/><G24/><T37/><D37/><U69/><E104/><V121/><F121/><W109/><G109/><T47/><D96/><U93/><E98/><V23/><AGARI ba="1,1" hai="3,6,9,15,17,23,57,60,64,88,91" m="19511" machi="23" ten="30,4000,0" yaku="24,1,52,1,54,1" doraHai="21" who="2" fromWho="2" sc="21,-11,479,-21,250,53,240,-11" /><INIT seed="2,0,0,1,1,69" ten="10,458,303,229" oya="2" hai0="135,27,74,43,10,80,109,63,104,13,37,107,121" hai1="65,56,4,77,84,38,0,22,32,46,133,86,7" hai2="119,29,88,97,78,54,70,122,33,40,123,15,85" hai3="89,91,126,24,130,50,92,61,98,31,93,82,112"/><V55/><F119/><W71/><G126/><T59/><D109/><U125/><E32/><V96/><F70/><W110/><G110/><T58/><D121/><U18/><E125/><V64/><F64/><W94/><G130/><T102/><D135/><U1/><E133/><V8/><F78/><W117/><G117/><T87/><D74/><U9/><E77/><V124/><F124/><W73/><G112/><T14/><D102/><U47/><E65/><V41/><F29/><W3/><G3/><T127/><D127/><U60/><E56/><V72/><F33/><W67/><G73/><T106/><D27/><U51/><E60/><V62/><F72/><W49/><G82/><T120/><D120/><U114/><E114/><V39/><F62/><W83/><G83/><T52/><D59/><U100/><E100/><V105/><F105/><W101/><G89/><T57/><D57/><U118/><E38/><V48/><F48/><W44/><G91/><T16/><D14/><U115/><E115/><V6/><F39/><W53/><G50/><T66/><D66/><U17/><E51/><V36/><F36/><W113/><G113/><T103/><D103/><U116/><E22/><AGARI ba="0,0" hai="22,24,31,44,49,53,61,67,71,92,93,94,98,101" machi="22" ten="30,1000,0" yaku="7,1" doraHai="69" who="3" fromWho="1" sc="10,0,458,-10,303,0,229,10" /><INIT seed="3,0,0,2,1,103" ten="10,448,303,239" oya="3" hai0="92,91,120,56,118,39,31,41,79,59,28,134,4" hai1="48,122,54,99,5,131,15,51,10,95,46,33,67" hai2="74,94,101,38,115,112,126,77,50,35,3,86,24" hai3="72,69,97,135,60,107,130,81,108,87,22,0,58"/><W102/><G0/><T104/><D79/><U13/><E122/><V57/><F3/><W49/><G130/><T7/><D91/><U68/><E131/><V96/><F38/><W111/><G135/><T14/><D120/><U75/><E75/><V19/><F74/><W80/><G69/><T18/><D134/><U65/><E33/><V88/><F77/><W70/><G72/><T25/><D39/><U113/><E113/><V121/><F121/><W105/><G70/><T17/><D41/><N who="1" m="24655" /><E15/><V42/><F126/><W34/><G34/><T89/><D89/><N who="1" m="55791" /><E68/><V12/><F24/><W52/><G107/><T110/><D92/><U127/><E127/><V1/><F1/><W124/><G124/><T106/><D118/><U119/><E119/><V133/><F35/><W30/><G49/><T62/><D62/><U37/><E37/><V47/><F57/><AGARI ba="0,0" hai="5,10,13,51,54,57,65,67" m="55791,24655" machi="57" ten="30,1000,0" yaku="8,1" doraHai="103" who="1" fromWho="2" sc="10,0,448,10,303,-10,239,0" owari="10,-49.0,458,55.8,293,9.3,239,-16.1" /></mjloggm>