<mjloggm ver="2.3"><GO type="225" lobby="0"/><UN n0="%E5%AE%AE%E4%BF%9D%E9%B6%8F%E8%82%89" n1="%E3%81%99%E3%81%84%E3%81%BE%E3%81%9B%E3%83%BC%E3%82%93" n2="%48%61%61%61%6C%61%6E%64" n3="%E6%80%AA%E3%81%97%E3%81%99%E3%81%8E%E3%82%8B%E3%83%81%E3%83%BC" dan="16,16,17,16" rate="2123.94,2110.81,2261.21,2183.94" sx="M,M,M,M"/><TAIKYOKU oya="0"/><INIT seed="0,0,0,4,0,94" ten="250,250,250,250" oya="0" hai0="4,24,67,58,135,109,113,46,42,112,102,11,71" hai1="25,22,0,57,118,47,120,54,50,69,21,63,3" hai2="89,23,56,65,39,98,64,121,49,9,132,119,105" hai3="124,61,37,7,87,128,131,79,125,108,66,68,32"/><T117/><D117/><U14/><E118/><V114/><F119/><W77/><G32/><T72/><D72/><U31/><E120/><V13/><F121/><W59/><G108/><T60/><D109/><U85/><E69/><V126/><F114/><W111/><G111/><T8/><D135/><U116/><E116/><V35/><F35/><W115/><G115/><T80/><D71/><U10/><E22/><V1/><F39/><W33/><G33/><T19/><D80/><U83/><E57/><V53/><F126/><N who="3" m="48747" /><G37/><T43/><D102/><U28/><E63/><V106/><F1/><W93/><G7/><T95/><D95/><U51/><E51/><V76/><F76/><N who="3" m="29259" /><G68/><T16/><D11/><U82/><E31/><V78/><F78/><W2/><G2/><T20/><D19/><U86/><E0/><V122/><F23/><W127/><N who="3" m="48755" /><W107/><DORA hai="41" /><G107/><T40/><REACH who="0" step="1"/><D46/><REACH who="0" ten="240,250,250,250" step="2"/><U81/><E3/><AGARI ba="0,1" hai="3,4,8,16,20,24,40,42,43,58,60,67,112,113" machi="3" ten="40,7700,0" yaku="1,1,2,1,54,1,53,0" doraHai="94,41" doraHaiUra="92,100" who="0" fromWho="1" sc="240,87,250,-77,250,0,250,0" /><INIT seed="0,1,0,0,2,56" ten="327,173,250,250" oya="0" hai0="126,80,132,22,41,78,106,119,37,77,39,27,113" hai1="17,75,112,35,93,5,134,84,135,63,59,108,28" hai2="91,53,40,124,66,97,95,47,62,36,79,61,128" hai3="9,83,29,111,129,64,72,3,13,105,49,34,123"/><T19/><D113/><U107/><E112/><V32/><F32/><W10/><G105/><T4/><D119/><U43/><E107/><V100/><F124/><W131/><G111/><T110/><D110/><U14/><E108/><V94/><F128/><N who="3" m="49227" /><G123/><T81/><D106/><U114/><E114/><V115/><F115/><W73/><G64/><T103/><D103/><U20/><E75/><V133/><F133/><N who="1" m="50697" /><E43/><V55/><F79/><W85/><G49/><T46/><D37/><U120/><E120/><V18/><F18/><N who="3" m="8495" /><G29/><T67/><D132/><U99/><E84/><V122/><F122/><W58/><G58/><T109/><D109/><U8/><E35/><V24/><F62/><W65/><G65/><T45/><D67/><N who="1" m="39423" /><E28/><V26/><F55/><W2/><G34/><T90/><D41/><U52/><E52/><V42/><F53/><W92/><G92/><T6/><D46/><U30/><E30/><V68/><REACH who="2" step="1"/><F42/><REACH who="2" ten="327,173,240,250" step="2"/><W130/><G130/><T23/><D126/><U87/><E87/><AGARI ba="1,1" hai="24,26,36,40,47,61,66,68,87,91,94,95,97,100" machi="87" ten="30,7700,0" yaku="1,1,2,1,7,1,52,1,53,0" doraHai="56" doraHaiUra="7" who="2" fromWho="1" sc="327,0,173,-80,240,90,250,0" /><INIT seed="1,0,0,2,2,112" ten="327,93,330,250" oya="1" hai0="2,10,13,51,106,39,76,88,134,17,98,6,108" hai1="32,31,36,12,130,18,16,101,117,67,68,57,85" hai2="35,61,37,23,40,97,127,50,96,103,105,77,63" hai3="120,75,54,49,4,132,99,100,125,91,71,58,135"/><U7/><E36/><V72/><F35/><W128/><G120/><T116/><D116/><U87/><E68/><V122/><F37/><W133/><G71/><T33/><D39/><U90/><E130/><V119/><F119/><W55/><G75/><T27/><D76/><U44/><E117/><V47/><F122/><W59/><G91/><T20/><D108/><U9/><E101/><V102/><F127/><W82/><G82/><T65/><D65/><U113/><E113/><V52/><F40/><W56/><G4/><T121/><D134/><U3/><E44/><V104/><REACH who="2" step="1"/><F23/><REACH who="2" ten="327,93,320,250" step="2"/><W41/><G125/><T123/><D33/><U83/><E32/><V114/><F114/><W73/><G128/><T95/><D123/><U62/><E31/><V94/><F94/><N who="3" m="58487" /><G73/><T48/><D106/><U81/><REACH who="1" step="1"/><E3/><REACH who="1" ten="327,83,320,250" step="2"/><V64/><F64/><W14/><G133/><T15/><D121/><U53/><E53/><V107/><F107/><W84/><G132/><T109/><D109/><U92/><E92/><V5/><F5/><W78/><G135/><T1/><D1/><U11/><E11/><V70/><F70/><W110/><G54/><T118/><D118/><U86/><E86/><V26/><F26/><W28/><G55/><T74/><D74/><U21/><E21/><V80/><AGARI ba="0,2" hai="47,50,52,61,63,72,77,80,96,97,102,103,104,105" machi="80" ten="30,7900,0" yaku="1,1,0,1,9,1,54,1,53,0" doraHai="112" doraHaiUra="30" who="2" fromWho="2" sc="327,-20,83,-39,320,99,250,-20" /><INIT seed="2,0,0,0,2,83" ten="307,44,419,230" oya="2" hai0="127,37,10,40,16,120,7,66,135,44,26,12,88" hai1="54,125,86,68,110,72,106,89,122,27,76,67,45" hai2="50,70,25,81,80,124,62,108,128,21,71,132,84" hai3="85,115,18,113,98,35,55,64,119,60,23,57,100"/><V117/><F117/><W6/><G119/><T90/><D120/><U102/><E122/><V34/><F124/><W93/><G35/><T73/><D73/><U31/><E125/><V92/><F128/><W103/><G6/><T126/><D135/><U19/><E110/><V105/><F105/><W33/><G33/><T101/><D101/><U65/><E19/><V8/><F34/><W14/><G103/><T13/><D26/><U38/><E68/><V48/><F132/><W104/><G64/><T47/><D66/><U43/><E54/><V36/><F36/><W28/><G28/><T116/><D116/><U61/><E61/><V30/><F92/><W5/><G5/><T69/><D69/><U53/><E53/><V111/><F8/><W75/><G75/><T123/><D123/><U0/><E0/><V91/><F81/><W95/><G85/><T114/><D114/><AGARI ba="0,0" hai="14,18,23,55,57,60,93,95,98,100,104,113,114,115" machi="114" ten="40,1300,0" yaku="11,1" doraHai="83" who="3" fromWho="0" sc="307,-13,44,0,419,0,230,13" /><INIT seed="3,0,0,1,3,0" ten="294,44,419,243" oya="3" hai0="42,90,11,18,115,93,19,125,34,134,33,130,14" hai1="37,5,13,43,94,103,77,126,107,135,56,121,49" hai2="124,53,62,17,128,57,60,72,35,113,79,82,65" hai3="46,36,12,78,38,44,98,127,24,87,4,67,41"/><W129/><G129/><T64/><D130/><U73/><E121/><V117/><F128/><W21/><G127/><T83/><D125/><U9/><E126/><V27/><F124/><W51/><G67/><T119/><D119/><U63/><E135/><V40/><F117/><W76/><G98/><T10/><D134/><U61/><E107/><V70/><F40/><W52/><G36/><T81/><D42/><U29/><E37/><V58/><F113/><W112/><G87/><T1/><D64/><U50/><E29/><V100/><F100/><W120/><G112/><T48/><D48/><U6/><E73/><V3/><F3/><W116/><G120/><T71/><D71/><U131/><E77/><V88/><F88/><W20/><G116/><T8/><D1/><U102/><E131/><V122/><F122/><W66/><G66/><T25/><D115/><U30/><E30/><V84/><F35/><W55/><G55/><T54/><D54/><U28/><E28/><V95/><F53/><W31/><REACH who="3" step="1"/><G21/><REACH who="3" ten="294,44,419,233" step="2"/><T45/><D33/><U109/><E43/><V22/><F65/><W68/><G68/><T7/><D34/><U99/><E103/><V2/><F70/><W106/><G106/><T85/><D85/><U80/><E102/><V132/><F84/><W104/><G104/><T133/><D133/><U101/><E101/><V75/><F132/><W118/><G118/><T74/><D74/><U105/><E105/><V92/><F75/><W91/><G91/><T97/><D90/><U23/><E99/><V96/><F72/><W15/><G15/><T39/><D14/><RYUUKYOKU ba="0,1" sc="294,-10,44,-10,419,-10,233,30" hai3="4,12,20,24,31,38,41,44,46,51,52,76,78" /><INIT seed="3,1,1,3,3,117" ten="284,34,409,263" oya="3" hai0="19,129,30,123,28,81,102,124,82,57,97,59,101" hai1="42,63,70,135,134,118,112,126,110,8,72,16,31" hai2="127,6,20,45,92,52,89,120,109,122,32,47,114" hai3="61,80,14,71,62,15,1,53,41,78,65,5,79"/><W105/><G105/><T76/><D123/><N who="2" m="47146" /><F32/><W27/><G41/><T99/><D124/><U2/><E16/><V132/><F127/><W68/><G27/><T107/><D19/><U91/><E91/><V119/><F109/><W26/><G26/><T49/><D129/><U34/><E63/><V54/><F132/><W38/><G38/><T21/><D21/><U108/><E8/><V11/><F20/><W130/><G130/><T60/><D49/><U56/><E56/><V121/><F114/><W88/><G1/><T100/><D107/><U131/><E31/><N who="0" m="11817" /><D57/><U66/><E66/><V85/><F119/><W4/><G53/><N who="2" m="20585" /><F121/><W125/><G125/><T106/><D106/><U7/><E110/><V93/><F93/><W29/><G65/><N who="0" m="39071" /><D82/><U10/><E108/><V67/><F67/><W133/><G29/><T111/><D111/><U46/><E118/><V84/><F84/><AGARI ba="1,1" hai="76,81,84,97,99,100,101,102" m="39071,11817" machi="84" ten="30,1000,0" yaku="8,1" doraHai="117" who="0" fromWho="2" sc="284,23,34,0,409,-13,263,0" owari="307,10.7,34,-46.6,396,49.6,263,-13.7" /></mjloggm>