<mjloggm ver="2.3"><GO type="225" lobby="0"/><UN n0="%61%69%73%79%6F" n1="%45%6C%79%73%69%75%6D" n2="%E3%81%9F%E3%81%8C%E3%82%84%E3%81%99" n3="%72%61%6B%33" dan="17,17,16,17" rate="2154.76,2128.25,2113.52,2215.69" sx="M,F,M,M"/><TAIKYOKU oya="0"/><INIT seed="0,0,0,0,3,57" ten="250,250,250,250" oya="0" hai0="54,51,44,94,134,124,42,43,47,102,28,93,79" hai1="98,17,23,49,110,67,46,77,71,129,126,59,40" hai2="50,66,63,62,116,80,123,34,105,22,81,4,84" hai3="56,74,130,115,10,27,73,106,14,1,122,21,82"/><T108/><D134/><U32/><E110/><V24/><F105/><W125/><G115/><T53/><D124/><U20/><E126/><V68/><F123/><W5/><G125/><T61/><D108/><U13/><E129/><V2/><F34/><W39/><G39/><T31/><D79/><U91/><E32/><V87/><F116/><W37/><G37/><T85/><D85/><U114/><E71/><V25/><F2/><W65/><G130/><T33/><D33/><U52/><E67/><V97/><F4/><W117/><G117/><T45/><D45/><U121/><E77/><N who="2" m="46095" /><F66/><W58/><G106/><T100/><REACH who="0" step="1"/><D51/><REACH who="0" ten="240,250,250,250" step="2"/><U9/><E121/><V55/><F97/><W128/><G122/><T3/><D3/><U48/><E114/><V113/><F113/><W83/><G1/><T75/><D75/><U69/><E69/><V0/><F0/><W38/><G74/><T103/><D103/><U133/><E133/><V112/><F68/><W72/><G73/><T99/><D99/><U78/><E78/><N who="2" m="46519" /><F112/><W26/><G72/><T11/><D11/><U29/><E98/><V96/><F96/><W18/><G38/><T132/><D132/><U70/><E70/><V111/><F111/><W15/><G128/><T118/><D118/><U8/><E91/><V127/><F127/><W19/><G83/><T135/><D135/><U35/><E35/><V88/><F88/><W101/><G82/><T95/><D95/><U64/><E48/><V12/><F50/><W76/><G76/><T92/><D92/><U41/><E49/><V89/><F89/><W60/><G101/><RYUUKYOKU ba="0,1" sc="240,30,250,-10,250,-10,250,-10" hai0="28,31,42,43,44,47,53,54,61,93,94,100,102" /><INIT seed="0,1,1,3,2,34" ten="270,240,240,240" oya="0" hai0="92,127,36,128,40,119,12,37,117,134,110,7,17" hai1="20,69,27,123,120,52,111,22,26,49,58,118,71" hai2="85,130,30,68,94,5,99,114,106,81,102,0,122" hai3="93,109,39,18,70,45,51,44,89,33,38,125,82"/><T46/><D134/><U67/><E118/><V9/><F68/><W77/><G70/><T101/><D128/><U115/><E111/><V6/><F122/><W56/><G109/><T76/><D110/><U86/><E115/><V66/><F66/><W64/><G125/><T78/><D127/><U21/><E69/><V59/><F59/><W79/><G33/><T61/><D7/><U15/><E71/><V108/><F108/><W24/><G45/><T10/><D37/><U29/><E67/><V50/><F50/><W104/><G104/><T83/><D61/><U57/><E57/><V107/><F114/><W2/><G2/><T87/><REACH who="0" step="1"/><D78/><REACH who="0" ten="260,240,240,240" step="2"/><U133/><E133/><V1/><F130/><W103/><G39/><T4/><D4/><U129/><E129/><V32/><F6/><W62/><G38/><T55/><D55/><U124/><E124/><V72/><F0/><W3/><G3/><T43/><D43/><U105/><E123/><V113/><F113/><W126/><G126/><T60/><D60/><U88/><E120/><V31/><F72/><W48/><G62/><T95/><D95/><N who="1" m="54679" /><E105/><V19/><F107/><W75/><G64/><T41/><D41/><U90/><E15/><V14/><F106/><W96/><G75/><T65/><D65/><U112/><E112/><V8/><REACH who="2" step="1"/><F32/><REACH who="2" ten="260,240,230,240" step="2"/><W132/><G132/><T23/><D23/><U80/><E26/><V98/><F98/><AGARI ba="1,3" hai="10,12,17,36,40,46,76,83,87,92,98,101,117,119" machi="98" ten="40,2000,0" yaku="1,1,53,0" doraHai="34" doraHaiUra="131" who="0" fromWho="2" sc="260,53,240,0,230,-23,240,0" /><INIT seed="0,2,0,1,2,49" ten="313,240,207,240" oya="0" hai0="92,51,98,90,39,61,109,135,107,10,81,6,48" hai1="11,15,74,83,8,131,57,23,78,13,22,130,97" hai2="18,26,16,101,73,62,102,32,127,55,103,17,46" hai3="53,79,33,59,124,65,128,68,118,64,77,21,12"/><T3/><D39/><U71/><E71/><V31/><F73/><W40/><G33/><T84/><D135/><U113/><E113/><V37/><F127/><W70/><G118/><T67/><D109/><U99/><E57/><V9/><F37/><W120/><G124/><T89/><REACH who="0" step="1"/><D107/><REACH who="0" ten="303,240,207,240" step="2"/><U36/><E36/><V116/><F116/><W47/><G120/><T63/><D63/><U110/><E110/><V58/><REACH who="2" step="1"/><F46/><REACH who="2" ten="303,240,197,240" step="2"/><W38/><G47/><T121/><D121/><U104/><E130/><V72/><F72/><W27/><G38/><T123/><D123/><U56/><E131/><V95/><F95/><W117/><G128/><T115/><D115/><U0/><E104/><V111/><F111/><W7/><G117/><T112/><D112/><U132/><E74/><V80/><F80/><W93/><G93/><T44/><D44/><U4/><E83/><V105/><F105/><W45/><G45/><T69/><AGARI ba="2,2" hai="3,6,10,48,51,61,67,69,81,84,89,90,92,98" machi="69" ten="20,3900,0" yaku="1,1,0,1,7,1,53,0" doraHai="49" doraHaiUra="52" who="0" fromWho="0" sc="303,65,240,-15,197,-15,240,-15" /><INIT seed="0,3,0,0,1,79" ten="368,225,182,225" oya="0" hai0="12,47,124,118,16,97,25,110,90,24,38,102,18" hai1="23,99,82,42,67,45,55,33,51,96,132,74,48" hai2="10,54,21,85,64,116,66,87,61,9,26,56,29" hai3="75,28,130,121,35,134,120,113,31,84,69,32,107"/><T119/><D124/><U15/><E33/><V83/><F87/><W108/><RYUUKYOKU type="yao9" ba="3,0" sc="368,0,225,0,182,0,225,0" hai3="28,31,32,35,69,75,84,107,108,113,120,121,130,134" /><INIT seed="0,4,0,3,2,33" ten="368,225,182,225" oya="0" hai0="92,133,62,51,5,49,46,108,41,67,76,80,116" hai1="36,61,84,110,81,87,128,6,94,134,17,57,83" hai2="64,25,75,18,66,50,47,48,123,58,40,104,30" hai3="101,32,131,93,118,0,109,23,12,11,126,72,106"/><T2/><D116/><U8/><E36/><V88/><F75/><W100/><G93/><T24/><D133/><U73/><E134/><V28/><F104/><W105/><G23/><T82/><D108/><U79/><E110/><V22/><F123/><W39/><G12/><T3/><D5/><U29/><E128/><V43/><F58/><W125/><G11/><T55/><D80/><U77/><E29/><V129/><F129/><W98/><G98/><T13/><D13/><U74/><E94/><V127/><F127/><W10/><G10/><T53/><D24/><U1/><REACH who="1" step="1"/><E17/><REACH who="1" ten="368,215,182,225" step="2"/><V34/><F30/><W44/><G131/><T54/><D92/><U31/><E31/><V14/><F88/><W132/><G109/><T16/><D16/><U52/><AGARI ba="4,1" hai="1,6,8,52,57,61,73,74,77,79,81,83,84,87" machi="52" ten="20,12000,2" yaku="1,1,0,1,7,1,9,1,52,1,54,1,53,0" doraHai="33" doraHaiUra="112" who="1" fromWho="1" sc="368,-64,215,142,182,-34,225,-34" /><INIT seed="1,0,0,4,1,50" ten="304,357,148,191" oya="1" hai0="14,116,113,25,41,107,23,70,44,132,93,42,119" hai1="22,99,15,62,101,128,37,1,87,95,97,66,20" hai2="57,133,0,2,33,55,117,43,52,13,78,100,131" hai3="76,123,82,85,4,115,28,98,51,12,27,105,108"/><U35/><E35/><V40/><F33/><W69/><G108/><T124/><D107/><U45/><E1/><V121/><F121/><W29/><G123/><T118/><D113/><U7/><E128/><V38/><F117/><W10/><G115/><T122/><D122/><U59/><E87/><V89/><F78/><W79/><G69/><T24/><D70/><U88/><E37/><V34/><F34/><W26/><G79/><T130/><D132/><U106/><E45/><V77/><F77/><W47/><G105/><T61/><D124/><U49/><E49/><V8/><F100/><W65/><G65/><T94/><D61/><U11/><AGARI ba="0,0" hai="7,11,15,20,22,59,62,66,88,95,97,99,101,106" machi="11" ten="30,3000,0" yaku="0,1,54,1" doraHai="50" who="1" fromWho="1" sc="304,-10,357,30,148,-10,191,-10" /><INIT seed="1,1,0,1,4,73" ten="294,387,138,181" oya="1" hai0="30,29,120,100,88,115,9,49,68,92,116,10,102" hai1="97,33,117,54,130,72,16,4,109,61,20,65,93" hai2="14,59,134,133,99,64,113,119,67,7,60,27,94" hai3="11,19,39,55,89,32,121,62,77,69,43,87,74"/><U128/><E117/><V41/><F41/><W44/><G121/><T83/><D68/><U38/><E33/><V66/><F119/><W81/><G32/><T114/><D116/><U105/><E105/><V46/><F46/><W45/><G69/><T31/><D120/><U76/><E54/><V103/><F113/><W6/><G19/><T123/><D123/><U98/><E4/><V75/><F75/><W131/><G131/><N who="1" m="50218" /><E38/><V24/><F14/><W56/><G45/><T110/><D110/><U0/><E0/><V8/><F8/><N who="0" m="3178" /><D115/><U51/><E51/><V26/><REACH who="2" step="1"/><F7/><REACH who="2" ten="294,387,128,181" step="2"/><W101/><G101/><T129/><D102/><U124/><E109/><V122/><F122/><W90/><REACH who="3" step="1"/><G74/><REACH who="3" ten="294,387,128,171" step="2"/><T80/><D100/><U125/><E72/><V57/><F57/><W12/><AGARI ba="1,2" hai="6,11,12,39,43,44,55,56,62,77,81,87,89,90" machi="12" ten="20,8000,1" yaku="1,1,2,1,0,1,7,1,52,1,53,0" doraHai="73" doraHaiUra="18" who="3" fromWho="3" sc="294,-21,387,-41,128,-21,171,103" /><INIT seed="2,0,0,3,4,88" ten="273,346,107,274" oya="2" hai0="128,31,74,33,134,65,22,38,43,60,5,116,53" hai1="25,123,18,118,21,12,45,81,115,107,102,27,51" hai2="97,44,87,49,34,77,83,56,117,1,82,63,29" hai3="23,69,106,20,75,26,100,104,32,70,120,124,85"/><V111/><F1/><W109/><G85/><T11/><D74/><U4/><E118/><V86/><F117/><W41/><G41/><T89/><D116/><U61/><E115/><V90/><F111/><W14/><G14/><T42/><D38/><U112/><E81/><V16/><F34/><W93/><G120/><T80/><D128/><U105/><E61/><V64/><F97/><W50/><G75/><T110/><D134/><U133/><E133/><V114/><F114/><W73/><G73/><T40/><D53/><U36/><E36/><V7/><F7/><W46/><G32/><T108/><D22/><U76/><E76/><V35/><F35/><W19/><G124/><T55/><D55/><U17/><E27/><V59/><F29/><W94/><G109/><N who="0" m="42091" /><D80/><U9/><E107/><V3/><F3/><W129/><G129/><T52/><D52/><U135/><E135/><V92/><F59/><W131/><G131/><T101/><D89/><U37/><E37/><V58/><F58/><W72/><G72/><T125/><D101/><U39/><E39/><V47/><F49/><W30/><G50/><T126/><D31/><U96/><E123/><V6/><F6/><W15/><G46/><N who="2" m="17449" /><F82/><W0/><G0/><N who="0" m="423" /><D33/><U8/><E112/><V122/><F122/><W95/><REACH who="3" step="1"/><G100/><REACH who="3" ten="273,346,107,264" step="2"/><T54/><D126/><U98/><E51/><V24/><F24/><W57/><G57/><N who="0" m="34871" /><D125/><U113/><E113/><V99/><F87/><W130/><G130/><T48/><D48/><U71/><E45/><V132/><F132/><W62/><G62/><T121/><D121/><U103/><E103/><RYUUKYOKU ba="0,1" sc="273,10,346,-30,107,10,264,10" hai0="40,42,43,65" hai2="16,56,63,64,77,83,86,90,92,99" hai3="15,19,20,23,26,30,69,70,93,94,95,104,106" /><INIT seed="2,1,1,0,0,56" ten="283,316,117,274" oya="2" hai0="6,43,72,114,15,135,54,0,32,101,4,5,25" hai1="28,16,52,85,103,127,39,70,19,60,13,76,49" hai2="24,75,40,96,90,130,94,71,23,79,107,53,115" hai3="89,31,35,126,55,81,123,8,129,38,42,66,108"/><V10/><F71/><W37/><G123/><T68/><D72/><U62/><E39/><V41/><F115/><W134/><G108/><T11/><D68/><U44/><E127/><V2/><F130/><W45/><G126/><T124/><D124/><U69/><E69/><V27/><F107/><W46/><G134/><T92/><D43/><U116/><E70/><V97/><F2/><W118/><G118/><T3/><D54/><U78/><E116/><V34/><F34/><W50/><G129/><T58/><D58/><U133/><E133/><V87/><F10/><W63/><G8/><T22/><D92/><U113/><E113/><V36/><F27/><W84/><G66/><T29/><D101/><U77/><E28/><V47/><F41/><W109/><G109/><T86/><D86/><U104/><E19/><V21/><F53/><W99/><G99/><T131/><D131/><U95/><E104/><V111/><F111/><W51/><G63/><T117/><D117/><U14/><E14/><V30/><REACH who="2" step="1"/><F23/><REACH who="2" ten="283,316,107,274" step="2"/><W132/><G132/><T120/><D135/><U82/><E52/><V121/><F121/><W119/><G119/><T83/><D120/><U26/><E26/><V18/><F18/><W80/><G35/><T128/><D128/><U59/><E16/><V67/><F67/><W12/><G55/><T112/><D112/><U33/><E33/><V9/><F9/><W110/><G42/><T105/><D105/><U65/><E65/><V122/><F122/><W88/><G110/><T64/><D114/><U17/><E17/><V98/><F98/><W74/><G12/><RYUUKYOKU ba="1,2" sc="283,-10,316,-10,107,30,274,-10" hai2="21,24,30,36,40,47,75,79,87,90,94,96,97" /><INIT seed="2,2,2,1,5,107" ten="273,306,137,264" oya="2" hai0="27,15,16,132,96,94,127,125,68,49,106,57,112" hai1="20,134,91,109,1,120,92,89,43,37,44,22,74" hai2="84,115,29,66,30,99,102,80,75,110,118,61,108" hai3="93,133,36,100,3,88,122,113,33,83,70,48,26"/><V60/><F60/><W77/><G36/><T85/><D112/><U104/><E104/><V63/><F63/><W103/><G3/><T97/><D132/><U45/><E134/><V4/><F4/><W42/><G70/><T8/><D68/><U56/><E1/><V35/><F118/><W105/><G133/><T81/><D106/><U18/><E109/><N who="2" m="42091" /><F115/><W11/><G11/><T38/><D38/><U51/><E120/><V21/><F35/><W19/><G113/><T53/><D27/><U86/><E56/><N who="2" m="37159" /><F21/><W5/><G5/><T69/><D69/><U73/><E22/><V128/><F128/><W90/><G122/><T101/><REACH who="0" step="1"/><D97/><REACH who="0" ten="263,306,137,264" step="2"/><U12/><REACH who="1" step="1"/><E91/><AGARI ba="2,3" hai="8,15,16,49,53,57,81,85,91,94,96,101,125,127" machi="91" ten="40,8000,1" yaku="1,1,2,1,54,1,53,1" doraHai="107" doraHaiUra="46" who="0" fromWho="1" sc="263,116,306,-86,137,0,264,0" /><INIT seed="3,0,0,1,1,19" ten="379,220,137,264" oya="3" hai0="97,99,78,23,32,14,93,43,4,107,50,30,2" hai1="60,91,130,22,105,125,11,1,16,10,76,40,111" hai2="37,69,44,106,62,41,120,9,61,85,101,20,71" hai3="132,0,80,119,122,70,24,74,82,81,110,3,112"/><W96/><G112/><T54/><D2/><U134/><E111/><V6/><F101/><W49/><G119/><T15/><D32/><U84/><E105/><V126/><F106/><W34/><G122/><T56/><D107/><U36/><E130/><V68/><F85/><W31/><G74/><T53/><D43/><U28/><E28/><V26/><F120/><W118/><G118/><T18/><D78/><U57/><E76/><V67/><F126/><W73/><G73/><T25/><D54/><U8/><E125/><V58/><F9/><W94/><G70/><T42/><D42/><U59/><E134/><V27/><F27/><W123/><G123/><T39/><D39/><U127/><E127/><V29/><REACH who="2" step="1"/><F6/><REACH who="2" ten="379,220,127,264" step="2"/><W35/><G24/><T104/><D4/><U47/><E1/><V66/><AGARI ba="0,1" hai="20,26,29,37,41,44,58,61,62,66,67,68,69,71" machi="66" ten="20,8000,1" yaku="1,1,2,1,0,1,7,1,52,1,53,0" doraHai="19" doraHaiUra="77" who="2" fromWho="2" sc="379,-20,220,-20,127,90,264,-40" owari="359,45.9,200,-30.0,217,-18.3,224,2.4" /></mjloggm>