<mjloggm ver="2.3"><GO type="225" lobby="0"/><UN n0="%E7%89%B9%E6%9D%B1%E3%81%AF%E4%B8%96%E7%95%8C%E3%82%92%E6%95%91%E3%81%86" n1="%E3%81%BF%E3%81%BF%E3%81%9A" n2="%E3%81%A9%E3%82%8F%E3%82%93%E3%81%94" n3="%E3%81%8B%E3%82%8F%E3%81%A1%E3%82%83%E3%82%93%35%38" dan="16,18,16,17" rate="2056.88,2215.33,2083.38,2229.89" sx="M,M,M,M"/><TAIKYOKU oya="0"/><INIT seed="0,0,0,1,2,58" ten="250,250,250,250" oya="0" hai0="28,108,38,39,86,78,118,94,99,89,88,26,49" hai1="124,11,63,55,20,133,34,120,103,130,91,16,110" hai2="35,57,87,50,113,45,29,65,41,114,107,7,69" hai3="24,67,8,40,101,128,129,15,75,17,27,96,92"/><T98/><D118/><U80/><E34/><V134/><F107/><W68/><G75/><T74/><D108/><U4/><E120/><V52/><F7/><W64/><G40/><T102/><D74/><U62/><E110/><V112/><F87/><W111/><G111/><T36/><D49/><U104/><E124/><V54/><F35/><W93/><G93/><T82/><REACH who="0" step="1"/><D98/><REACH who="0" ten="240,250,250,250" step="2"/><U131/><E133/><V47/><F134/><W81/><G129/><T61/><D61/><U127/><E127/><V10/><F114/><W125/><G128/><T19/><D19/><U51/><E131/><V100/><F113/><W59/><G125/><T126/><D126/><U79/><E130/><V32/><F112/><W97/><G97/><T33/><AGARI ba="0,1" hai="26,28,33,36,38,39,78,82,86,88,89,94,99,102" machi="33" ten="30,6000,0" yaku="1,1,0,1,54,1,53,0" doraHai="58" doraHaiUra="46" who="0" fromWho="0" sc="240,70,250,-20,250,-20,250,-20" /><INIT seed="0,1,0,2,3,82" ten="310,230,230,230" oya="0" hai0="78,118,13,84,105,12,26,111,103,4,11,32,113" hai1="100,108,43,116,86,24,66,39,133,19,72,89,88" hai2="65,101,112,79,10,21,63,134,17,55,95,9,130" hai3="119,128,109,15,54,38,50,104,8,73,57,122,115"/><T125/><D113/><U96/><E116/><V110/><F110/><W47/><G115/><T3/><D118/><U58/><E72/><V56/><F134/><W99/><G119/><T90/><D78/><U121/><E121/><V62/><F130/><W31/><G73/><T94/><D111/><U0/><E0/><V67/><F112/><W6/><G109/><T42/><D125/><U49/><E108/><V25/><F79/><W2/><G128/><T93/><D105/><U71/><E133/><V27/><F27/><W132/><G132/><T131/><D42/><U28/><E39/><V41/><F41/><W76/><G122/><T36/><D36/><U1/><E1/><V106/><F106/><W102/><G31/><T52/><D131/><U114/><E114/><V92/><F55/><W16/><G76/><T98/><REACH who="0" step="1"/><D52/><REACH who="0" ten="300,230,230,230" step="2"/><U59/><E43/><V70/><F67/><W7/><G38/><T129/><D129/><U5/><E66/><V107/><F107/><W45/><REACH who="3" step="1"/><G6/><REACH who="3" ten="300,230,230,220" step="2"/><T126/><D126/><U20/><E5/><V77/><F77/><W22/><AGARI ba="1,2" hai="2,7,8,15,16,22,45,47,50,54,57,99,102,104" machi="22" ten="20,12000,2" yaku="1,1,2,1,0,1,7,1,54,1,53,2" doraHai="82" doraHaiUra="40" who="3" fromWho="3" sc="300,-61,230,-31,230,-31,220,143" /><INIT seed="1,0,0,1,0,78" ten="239,199,199,363" oya="1" hai0="37,127,19,112,120,45,105,85,72,109,70,56,114" hai1="108,106,87,134,54,24,22,20,16,76,133,71,42" hai2="123,47,131,82,36,51,111,104,129,117,9,96,5" hai3="53,43,74,101,73,63,86,64,115,90,124,62,77"/><U107/><E71/><V83/><F123/><W35/><G115/><T52/><D72/><U92/><E42/><V116/><F36/><W93/><G35/><T95/><D105/><U55/><E108/><V128/><F111/><W99/><G99/><T0/><BYE who="3" /><D109/><U27/><E92/><V88/><F104/><W32/><G32/><T98/><D70/><U31/><E76/><V18/><F18/><W113/><G113/><T50/><D0/><U7/><E87/><N who="2" m="50295" /><F96/><W12/><G12/><T135/><D135/><U8/><E106/><V80/><F117/><UN n3="%E3%81%8B%E3%82%8F%E3%81%A1%E3%82%83%E3%82%93%35%38" /><W69/><G124/><T60/><D127/><U66/><E66/><V39/><F39/><W122/><G122/><T46/><D120/><U28/><E107/><V118/><F118/><W81/><G101/><T121/><D121/><U100/><E100/><V38/><F38/><W130/><G43/><N who="0" m="22895" /><D85/><U4/><REACH who="1" step="1"/><E16/><REACH who="1" ten="239,189,199,363" step="2"/><V79/><F79/><W48/><G64/><T49/><D19/><U94/><E94/><V44/><F116/><W10/><G69/><T2/><D114/><U57/><E57/><V6/><F47/><N who="3" m="27807" /><G74/><T34/><D112/><U11/><AGARI ba="0,1" hai="4,7,8,11,20,22,24,27,28,31,54,55,133,134" machi="11" ten="25,9600,0" yaku="1,1,0,1,22,2,53,0" doraHai="78" doraHaiUra="125" who="1" fromWho="1" sc="239,-32,189,106,199,-32,363,-32" /><INIT seed="1,1,0,2,0,18" ten="207,295,167,331" oya="1" hai0="9,120,85,62,73,70,16,20,113,39,91,2,69" hai1="119,72,47,30,101,35,127,110,109,96,75,97,129" hai2="77,121,8,49,19,81,28,22,79,25,98,0,50" hai3="52,7,116,6,102,125,126,92,60,58,100,48,87"/><U37/><E119/><V135/><F121/><W99/><G116/><T38/><D113/><U44/><E127/><N who="3" m="48650" /><G102/><T114/><D114/><U21/><E35/><V12/><F135/><W133/><G133/><T53/><D73/><U59/><E59/><V27/><F0/><W31/><G31/><T94/><D120/><U5/><E5/><N who="3" m="1546" /><G87/><T66/><D69/><U40/><E44/><V24/><F98/><N who="1" m="37993" /><E101/><V130/><F130/><W36/><G36/><T54/><D9/><U57/><E57/><V71/><F71/><W111/><G111/><N who="1" m="42506" /><E129/><V67/><F67/><W106/><G60/><T123/><D2/><U42/><E42/><V4/><F79/><W118/><G118/><T88/><D123/><U3/><E3/><V132/><F132/><W1/><G1/><T78/><D39/><U84/><E84/><N who="2" m="48175" /><F28/><W90/><G90/><T103/><D103/><U76/><E76/><V17/><F27/><AGARI ba="1,0" hai="21,27,30,37,40,47,72,75" m="42506,37993" machi="27" ten="30,5800,0" yaku="14,1,10,1,52,1" doraHai="18" who="1" fromWho="2" sc="207,0,295,61,167,-61,331,0" /><INIT seed="1,2,0,0,4,4" ten="207,356,106,331" oya="1" hai0="50,80,92,101,74,56,45,78,69,21,35,94,1" hai1="121,8,91,129,119,70,96,87,93,71,46,97,62" hai2="29,53,12,66,2,130,19,67,47,110,90,134,48" hai3="126,105,109,115,23,65,32,128,28,86,52,83,6"/><U15/><E119/><V120/><F110/><W124/><G115/><T31/><D69/><U76/><E121/><V0/><F134/><W84/><G109/><T107/><D35/><U131/><E46/><V18/><F130/><N who="1" m="49673" /><E62/><V10/><F120/><W98/><G128/><T108/><D1/><U60/><E60/><V103/><F29/><W26/><G65/><T49/><D108/><U37/><E37/><V82/><F103/><N who="3" m="62711" /><G6/><T64/><D64/><U88/><E76/><V16/><F0/><W17/><G83/><T100/><D56/><U20/><E20/><V34/><F34/><W79/><G79/><T27/><D49/><U102/><E97/><V112/><F2/><W33/><G33/><T59/><D59/><U106/><E91/><V95/><F112/><W22/><G22/><T104/><D100/><U81/><E81/><V43/><F43/><W111/><G111/><T24/><D101/><U63/><E63/><V73/><F73/><W123/><G123/><T61/><D61/><U5/><AGARI ba="2,0" hai="5,8,15,70,71,87,88,93,96,102,106" m="49673" machi="5" ten="30,6000,0" yaku="19,1,52,1,54,1" doraHai="4" who="1" fromWho="1" sc="207,-22,356,66,106,-22,331,-22" /><INIT seed="1,3,0,0,5,38" ten="185,422,84,309" oya="1" hai0="68,96,132,25,71,57,45,119,70,60,123,39,23" hai1="16,56,110,104,131,17,114,65,54,106,67,14,61" hai2="135,1,0,120,78,91,95,112,6,43,83,52,34" hai3="18,27,109,126,2,12,63,35,89,37,103,92,122"/><U19/><E114/><V76/><F120/><W24/><G122/><T105/><D119/><U40/><E131/><V48/><F34/><W69/><G2/><T72/><D72/><U20/><E110/><V88/><F112/><W80/><G35/><T101/><D123/><U66/><E17/><V107/><F107/><W85/><G37/><T9/><D9/><U79/><E79/><V124/><F1/><W41/><G41/><T28/><D132/><U81/><E81/><V118/><F118/><W116/><G116/><T26/><D26/><U117/><E117/><V22/><F6/><W30/><G30/><T77/><D77/><N who="2" m="29802" /><F0/><W53/><G109/><T7/><D7/><U64/><E40/><V129/><F135/><W47/><G126/><T29/><D45/><U111/><E111/><V59/><F129/><W3/><G3/><T44/><D44/><U99/><E99/><N who="2" m="57831" /><F124/><W46/><G69/><T51/><D51/><U33/><E33/><V98/><F22/><W4/><G4/><T62/><D39/><U75/><E75/><V130/><F130/><W115/><G115/><T87/><D23/><U90/><E90/><V5/><F5/><W97/><G89/><T121/><D121/><U134/><E134/><V125/><F125/><W21/><G85/><T93/><D87/><U42/><E42/><V15/><F15/><W10/><G97/><T133/><D133/><U11/><N who="1" m="16384" /><DORA hai="100" /><U82/><REACH who="1" step="1"/><E82/><REACH who="1" ten="185,412,84,309" step="2"/><V8/><F43/><W102/><G80/><T58/><D96/><U55/><E55/><V49/><F98/><W50/><G53/><T31/><D31/><RYUUKYOKU ba="3,1" sc="185,-10,412,30,84,-10,309,-10" hai1="11,14,16,19,20,54,56,61,104,106" /><INIT seed="1,4,1,0,2,65" ten="175,442,74,299" oya="1" hai0="8,42,125,51,103,109,126,54,129,28,85,24,74" hai1="130,9,105,6,112,12,110,131,120,72,70,107,0" hai2="62,38,106,23,111,97,104,108,27,11,63,114,30" hai3="75,32,134,88,29,96,60,55,89,67,56,76,66"/><U22/><E112/><V78/><F38/><W14/><G134/><T73/><D109/><N who="2" m="42058" /><F114/><W94/><G75/><T119/><D129/><N who="1" m="49163" /><E110/><V35/><F78/><W87/><G76/><T128/><D128/><U113/><E72/><V33/><F11/><W124/><G124/><N who="0" m="47723" /><D42/><U31/><E113/><V77/><F77/><W2/><G2/><T92/><D8/><U41/><E120/><V10/><F10/><W48/><G32/><N who="2" m="12361" /><F104/><N who="1" m="40009" /><E41/><V16/><F30/><W101/><G29/><T118/><D73/><U80/><E80/><V18/><F18/><W79/><G14/><T20/><D74/><U15/><E31/><V44/><F44/><W25/><G25/><T99/><D85/><U68/><E15/><V122/><F122/><W52/><G79/><T57/><AGARI ba="4,1" hai="20,24,28,51,54,57,92,99,103,118,119" m="47723" machi="57" ten="30,1100,0" yaku="18,1" doraHai="65" who="0" fromWho="0" sc="175,33,442,-9,74,-7,299,-7" /><INIT seed="2,0,0,2,1,49" ten="208,433,67,292" oya="2" hai0="110,8,82,25,40,64,27,61,21,11,10,59,48" hai1="109,118,127,30,91,98,115,77,45,16,107,94,17" hai2="56,124,14,35,31,99,88,93,131,70,129,108,67" hai3="44,24,9,13,55,46,58,39,123,73,130,83,0"/><V5/><F70/><W52/><G123/><T26/><D110/><U34/><E109/><V53/><F108/><W33/><G0/><T128/><D128/><N who="2" m="49226" /><F124/><W75/><G130/><T132/><D132/><U32/><E115/><V85/><F67/><W50/><G83/><T3/><D3/><U134/><E118/><V66/><F66/><W18/><G39/><T117/><D117/><U135/><E127/><V89/><F31/><W71/><G71/><T111/><D111/><U121/><E121/><V19/><F5/><W41/><G41/><T105/><D105/><U104/><E30/><V1/><F35/><W63/><REACH who="3" step="1"/><G44/><REACH who="3" ten="208,433,67,282" step="2"/><N who="0" m="25607" /><D82/><U87/><E45/><V122/><F1/><W2/><G2/><T90/><D90/><U79/><E134/><V78/><F122/><W101/><G101/><T120/><D120/><U76/><E135/><V125/><F125/><W80/><G80/><T29/><AGARI ba="0,1" hai="8,10,11,21,25,26,27,29,59,61,64" m="25607" machi="29" ten="30,1100,0" yaku="8,1" doraHai="49" who="0" fromWho="0" sc="208,21,433,-3,67,-5,282,-3" /><INIT seed="3,0,0,0,2,35" ten="229,430,62,279" oya="3" hai0="0,17,42,98,49,128,124,6,106,27,41,24,2" hai1="103,113,93,130,126,60,133,56,40,62,89,120,109" hai2="43,32,19,114,13,20,122,102,77,108,118,116,86" hai3="115,45,29,28,95,23,65,104,107,132,72,59,52"/><W135/><G72/><T53/><D128/><U33/><E33/><V69/><F69/><W92/><G45/><T105/><D124/><U68/><E103/><V50/><F102/><W79/><G65/><T48/><D17/><U127/><E120/><V99/><F99/><W58/><G79/><T110/><D53/><U36/><E113/><V30/><F77/><W123/><G23/><T85/><D6/><U22/><E130/><V76/><F76/><W80/><G80/><T15/><D15/><U3/><E3/><V88/><F114/><W82/><G82/><T134/><D110/><U81/><E109/><V97/><F97/><W96/><G115/><T39/><D98/><U112/><E112/><V34/><F108/><W75/><G96/><T7/><D7/><U83/><E68/><V129/><F129/><W84/><G84/><T73/><D85/><N who="1" m="52399" /><E60/><V18/><F122/><W61/><G75/><T47/><D73/><U117/><E117/><V131/><F131/><W25/><G123/><T111/><D47/><N who="1" m="23943" /><E133/><V90/><F118/><W46/><G46/><T87/><D87/><U10/><E10/><V101/><F116/><W21/><G25/><T44/><D111/><U100/><E100/><V31/><F101/><W121/><G121/><T54/><D134/><U66/><E22/><V4/><F34/><W74/><G21/><T14/><D44/><U37/><E37/><V5/><F32/><W91/><G74/><T70/><D70/><U119/><E119/><V51/><F20/><W125/><G135/><T67/><D39/><U26/><E26/><V64/><F86/><RYUUKYOKU ba="0,0" sc="229,-10,430,30,62,-10,279,-10" hai1="56,62,66,81,83,126,127" owari="219,-18.1,460,56.0,52,-44.8,269,6.9" /></mjloggm>