<mjloggm ver="2.3"><GO type="225" lobby="0"/><UN n0="%72%61%6B%33" n1="%6D%75%75%73%61%6E%6D%75" n2="%33%74%72%65%65" n3="%72%69%6F%75%63%68%61%6E" dan="16,16,16,16" rate="2098.24,2121.82,2115.38,2184.32" sx="M,F,F,M"/><TAIKYOKU oya="0"/><INIT seed="0,0,0,3,5,19" ten="250,250,250,250" oya="0" hai0="20,35,23,100,128,80,134,68,14,39,54,40,11" hai1="75,27,71,111,87,51,41,109,46,114,102,107,33" hai2="124,106,24,127,105,9,48,116,12,1,7,29,3" hai3="47,113,83,25,17,90,96,53,126,64,4,79,92"/><T56/><D35/><U34/><E75/><V21/><F48/><W59/><G126/><N who="2" m="48169" /><F105/><W26/><G113/><T95/><D68/><U18/><E114/><V66/><F66/><W73/><G4/><T112/><D112/><U28/><E71/><V52/><F106/><W93/><G17/><N who="0" m="8415" /><D39/><U76/><E18/><N who="2" m="10439" /><F52/><W61/><REACH who="3" step="1"/><G92/><REACH who="3" ten="250,250,250,240" step="2"/><T0/><D95/><U42/><E107/><V22/><F116/><W63/><G63/><T50/><D0/><AGARI ba="0,1" hai="0,1,3,7,9,22,24,29" m="10439,48169" machi="0" ten="30,8000,1" yaku="18,1,34,2,52,2" doraHai="19" who="2" fromWho="0" sc="250,-80,250,0,250,90,240,0" /><INIT seed="1,0,0,4,0,127" ten="170,250,340,240" oya="1" hai0="42,125,20,105,48,71,47,33,36,28,59,126,60" hai1="6,22,49,26,104,76,58,111,91,68,131,107,133" hai2="0,25,117,43,102,37,30,134,7,3,31,77,95" hai3="103,4,2,93,135,92,90,88,73,100,32,52,83"/><U120/><E120/><V75/><F117/><W1/><G32/><T51/><D105/><U109/><E68/><V61/><F134/><W55/><G4/><T45/><D33/><U21/><E133/><V63/><F95/><N who="3" m="36427" /><G135/><T115/><D28/><U44/><E91/><N who="3" m="34858" /><G83/><T39/><D20/><U89/><E89/><V122/><F30/><W94/><N who="3" m="36435" /><W24/><DORA hai="8" /><G24/><T16/><D16/><N who="1" m="12583" /><E76/><V35/><F122/><W114/><G114/><T40/><D115/><U64/><E6/><V66/><F0/><N who="3" m="107" /><G73/><T17/><D17/><U129/><E22/><V116/><F3/><W9/><G9/><T41/><D71/><U38/><E104/><V29/><F7/><W96/><G96/><T67/><REACH who="0" step="1"/><D40/><REACH who="0" ten="160,250,340,240" step="2"/><N who="1" m="22551" /><E107/><V106/><F43/><W70/><G70/><T15/><D15/><U82/><E82/><V54/><F106/><W46/><G46/><T23/><D23/><U10/><E10/><V84/><F31/><W128/><G128/><T113/><D113/><U72/><E72/><V99/><F75/><W87/><G87/><T5/><D5/><U108/><E131/><V79/><F84/><W11/><G11/><T98/><D98/><U69/><E129/><V13/><F99/><W53/><AGARI ba="0,1" hai="52,53,55,100,103" m="107,34858,36435" machi="53" ten="40,8000,1" yaku="28,2,54,2" doraHai="127,8" who="3" fromWho="3" sc="160,-20,250,-40,340,-20,240,90" /><INIT seed="2,0,0,0,2,66" ten="140,210,320,330" oya="2" hai0="73,24,36,1,116,46,97,34,48,68,122,29,64" hai1="4,103,124,125,47,61,81,82,98,14,38,11,18" hai2="123,37,91,55,9,104,71,35,52,80,99,60,56" hai3="10,109,118,33,13,126,72,5,120,2,79,121,77"/><V88/><F123/><W30/><G118/><T129/><D122/><U53/><E38/><V40/><F35/><W58/><G109/><T105/><D116/><U130/><E130/><V93/><F104/><W100/><G126/><N who="1" m="48746" /><E4/><V96/><F71/><W31/><G100/><N who="0" m="62607" /><D48/><N who="1" m="28831" /><E61/><V107/><F9/><W132/><G132/><T67/><D67/><U101/><E101/><V23/><F23/><W43/><G43/><N who="0" m="22887" /><D129/><U92/><AGARI ba="0,0" hai="11,14,18,81,82,92,98,103" m="28831,48746" machi="92" ten="30,1100,0" yaku="18,1" doraHai="66" who="1" fromWho="1" sc="140,-3,210,11,320,-5,330,-3" /><INIT seed="3,0,0,0,0,30" ten="137,221,315,327" oya="3" hai0="106,22,8,43,91,129,133,111,66,69,23,52,124" hai1="131,100,80,79,75,71,48,90,9,13,12,3,83" hai2="15,49,77,107,64,126,17,45,67,32,92,127,132" hai3="93,51,74,130,16,38,82,4,19,27,60,119,120"/><W95/><G119/><T39/><D106/><U97/><E71/><V21/><F107/><W68/><G120/><T73/><D73/><U115/><E115/><V112/><F112/><W14/><G38/><T123/><D123/><U29/><E3/><V6/><F77/><W53/><G130/><T57/><D129/><U98/><E131/><V31/><F6/><W58/><G68/><T70/><D111/><U24/><E100/><V55/><F92/><N who="3" m="35403" /><G74/><T128/><D128/><U101/><E101/><V104/><F132/><W113/><G113/><T135/><D124/><N who="2" m="47658" /><F104/><W85/><G27/><AGARI ba="0,0" hai="15,17,21,27,31,32,45,49,55,64,67" m="47658" machi="27" ten="30,2000,0" yaku="18,1,52,1" doraHai="30" who="2" fromWho="3" sc="137,0,221,0,315,20,327,-20" owari="137,-36.3,221,-17.9,335,43.5,307,10.7" /></mjloggm>