<mjloggm ver="2.3"><GO type="225" lobby="0"/><UN n0="%45%6C%79%73%69%75%6D" n1="%E6%A1%9C%E8%8A%B1%E9%96%83%E3%80%85" n2="%72%69%6F%75%63%68%61%6E" n3="%E5%AE%AE%E4%BF%9D%E9%B6%8F%E8%82%89" dan="18,17,17,16" rate="2185.08,2224.83,2255.07,2100.65" sx="F,M,M,M"/><TAIKYOKU oya="0"/><INIT seed="0,0,0,1,3,9" ten="250,250,250,250" oya="0" hai0="123,28,135,88,12,22,118,72,1,10,119,128,101" hai1="16,98,87,78,6,112,116,7,23,77,103,45,100" hai2="51,15,82,0,40,66,8,99,38,94,108,47,21" hai3="33,63,20,126,69,68,24,56,73,43,26,85,105"/><T121/><D72/><U48/><E116/><N who="0" m="44585" /><D88/><U2/><E112/><V55/><F108/><W122/><G73/><T18/><D101/><N who="1" m="38987" /><E2/><V34/><F34/><W120/><G105/><T133/><D128/><U41/><E98/><V32/><F32/><W58/><G43/><T57/><D57/><U74/><E74/><V79/><F0/><W90/><G33/><T29/><D29/><U4/><E87/><V110/><F110/><W44/><G44/><T11/><D11/><U52/><E41/><V127/><F127/><W125/><G90/><T109/><D109/><U117/><E117/><V81/><F21/><W104/><G104/><T3/><D3/><U111/><E111/><V60/><F79/><W54/><G85/><T107/><D107/><U115/><E115/><V25/><F25/><AGARI ba="0,0" hai="4,6,7,16,23,25,45,48,52,77,78" m="38987" machi="25" ten="30,3900,0" yaku="8,1,54,2" doraHai="9" who="1" fromWho="2" sc="250,0,250,39,250,-39,250,0" /><INIT seed="1,0,0,3,3,47" ten="250,289,211,250" oya="1" hai0="39,5,52,125,11,37,124,35,12,98,49,48,46" hai1="65,69,34,116,75,16,64,21,101,106,18,23,97" hai2="89,70,117,28,94,82,17,30,87,57,8,111,33" hai3="88,118,86,129,109,99,55,79,9,93,78,85,113"/><U14/><E116/><V119/><F70/><W54/><G118/><T108/><D35/><U19/><E34/><V13/><F111/><W104/><G104/><T131/><D108/><U22/><E75/><V4/><F28/><W50/><G113/><T45/><D98/><U26/><REACH who="1" step="1"/><E69/><REACH who="1" ten="250,279,211,250" step="2"/><V71/><F71/><W68/><G68/><T115/><D115/><U53/><E53/><V127/><F127/><N who="0" m="48714" /><D131/><U121/><E121/><V1/><F57/><W29/><G54/><AGARI ba="0,1" hai="5,11,12,37,39,45,46,48,49,52,54" m="48714" machi="54" ten="30,7700,0" yaku="18,1,52,2,54,1" doraHai="47" who="0" fromWho="3" sc="250,87,279,0,211,0,250,-77" /><INIT seed="2,0,0,2,5,120" ten="337,279,211,173" oya="2" hai0="56,126,47,13,121,91,32,54,20,97,80,70,90" hai1="51,93,5,135,119,61,88,34,115,18,125,26,1" hai2="95,59,110,55,130,40,24,87,12,108,8,14,25" hai3="27,17,3,118,31,113,30,89,112,48,73,21,64"/><V129/><F40/><W105/><G73/><T109/><D70/><U15/><E115/><N who="3" m="44106" /><G105/><T72/><D32/><U37/><E37/><V116/><F116/><W117/><G89/><T49/><D109/><N who="2" m="42090" /><F87/><W94/><G94/><T9/><D97/><U50/><E125/><V53/><F95/><W0/><G48/><T62/><D49/><U74/><E135/><V92/><F92/><W58/><G58/><T111/><D56/><U114/><E51/><N who="2" m="31167" /><F55/><W46/><G64/><T36/><D54/><U134/><E93/><V82/><F82/><W63/><G46/><T122/><D47/><U4/><E119/><N who="3" m="45578" /><G63/><T83/><D62/><U81/><E61/><V2/><F2/><AGARI ba="0,0" hai="0,2,3,17,21,27,30,31" m="45578,44106" machi="2" ten="40,5200,0" yaku="11,1,34,2" doraHai="120" who="3" fromWho="2" sc="337,0,279,0,211,-52,173,52" /><INIT seed="3,0,0,3,3,22" ten="337,279,159,225" oya="3" hai0="37,36,48,30,67,23,109,117,75,7,26,53,16" hai1="0,60,20,46,33,38,61,8,10,86,62,43,57" hai2="28,39,118,116,107,103,83,66,108,125,50,21,98" hai3="102,111,12,129,6,5,122,120,77,52,56,42,112"/><W69/><G112/><T90/><D109/><U35/><E57/><V96/><F108/><W85/><G69/><T27/><D75/><U41/><E41/><V17/><F125/><W78/><G111/><T45/><D117/><U79/><E20/><V94/><F39/><W88/><G129/><T133/><D133/><U80/><E10/><V89/><F28/><W15/><G102/><T99/><D7/><N who="3" m="2569" /><G42/><T82/><D67/><U92/><E8/><V74/><F66/><W106/><G106/><T81/><D37/><U19/><E19/><V84/><F50/><N who="3" m="30743" /><G122/><T49/><D49/><U9/><E9/><V97/><F97/><W24/><G24/><T70/><D70/><U134/><E0/><V54/><F54/><W13/><G120/><T40/><D99/><U58/><E33/><V73/><F73/><W127/><G127/><T91/><D40/><U29/><E35/><V115/><F115/><W101/><G101/><T4/><D36/><U110/><E110/><V2/><F2/><W59/><G59/><T95/><D4/><U130/><E58/><V123/><F123/><W87/><G87/><T34/><D34/><U119/><E130/><V14/><REACH who="2" step="1"/><F74/><REACH who="2" ten="337,279,149,225" step="2"/><W65/><G65/><T64/><D64/><U124/><E124/><V3/><F3/><W113/><G113/><T25/><D48/><U135/><E38/><V76/><AGARI ba="0,1" hai="14,17,21,76,83,84,89,94,96,98,103,107,116,118" machi="76" ten="20,2700,0" yaku="1,1,0,1,7,1,53,0" doraHai="22" doraHaiUra="68" who="2" fromWho="2" sc="337,-7,279,-7,149,37,225,-13" owari="330,43.0,272,7.2,186,-31.4,212,-18.8" /></mjloggm>