<mjloggm ver="2.3"><GO type="225" lobby="0"/><UN n0="%54%4F%52" n1="%45%6C%79%73%69%75%6D" n2="%E3%81%A1%E3%82%85%E3%81%86%E3%81%A9%E3%81%8F%E8%B1%A1%E3%81%95%E3%82%93" n3="%E6%80%AA%E3%81%97%E3%81%99%E3%81%8E%E3%82%8B%E3%83%81%E3%83%BC" dan="17,17,16,17" rate="2241.72,2112.43,2076.60,2147.03" sx="M,F,M,M"/><TAIKYOKU oya="0"/><INIT seed="0,0,0,0,3,12" ten="250,250,250,250" oya="0" hai0="77,98,24,41,45,84,129,115,71,56,119,55,25" hai1="18,88,111,4,135,80,81,107,105,114,39,133,100" hai2="92,8,5,99,21,70,116,66,15,76,16,60,85" hai3="37,34,62,65,93,1,58,27,73,122,7,131,83"/><T102/><D115/><U13/><E39/><V28/><F116/><W82/><G37/><T113/><D113/><U9/><E114/><V6/><F76/><W11/><G131/><T50/><D119/><U128/><E128/><V112/><F112/><W14/><G122/><T68/><D129/><U19/><E111/><V53/><F53/><W61/><G73/><T123/><D123/><U52/><E52/><V42/><F42/><W63/><G1/><T10/><D10/><U67/><E67/><V124/><F124/><W48/><G93/><T69/><D84/><N who="1" m="50183" /><E81/><V44/><F44/><W94/><G82/><T3/><D3/><U108/><E108/><V101/><REACH who="2" step="1"/><F85/><REACH who="2" ten="250,250,240,250" step="2"/><W40/><G40/><T127/><D77/><U64/><E64/><V72/><F72/><W74/><G65/><T95/><REACH who="0" step="1"/><D127/><REACH who="0" ten="240,250,240,250" step="2"/><U32/><E32/><V120/><F120/><W96/><G34/><T36/><AGARI ba="0,2" hai="24,25,36,41,45,50,55,56,68,69,71,95,98,102" machi="36" ten="30,6000,0" yaku="1,1,2,1,0,1,53,0" doraHai="12" doraHaiUra="0" who="0" fromWho="0" sc="240,80,250,-20,240,-20,250,-20" /><INIT seed="0,1,0,5,5,62" ten="320,230,220,230" oya="0" hai0="129,40,52,19,78,126,134,97,112,72,127,44,109" hai1="105,42,14,116,56,49,107,66,94,35,99,92,71" hai2="3,67,43,80,122,18,83,103,37,30,91,98,121" hai3="8,89,115,101,54,53,23,74,41,65,73,81,118"/><T9/><D112/><U31/><E116/><V28/><F3/><W38/><G115/><T29/><D134/><U68/><E68/><V1/><F1/><W4/><G118/><T48/><D129/><U130/><E130/><V119/><F119/><W60/><G101/><T0/><D109/><U33/><E14/><V84/><F80/><W87/><G23/><T27/><D78/><U93/><E71/><V2/><F2/><W26/><G26/><T102/><D72/><U95/><E105/><V59/><F18/><W7/><G74/><T125/><D19/><U110/><E107/><V57/><F57/><W88/><G89/><T86/><D86/><U85/><E85/><V51/><F37/><W75/><G73/><T24/><D40/><U36/><E36/><V132/><F132/><W70/><G75/><T47/><D47/><U39/><E39/><V34/><F34/><W17/><G17/><T21/><D27/><U11/><E11/><V55/><F43/><W22/><G22/><T15/><D15/><U135/><E110/><V16/><F122/><W90/><G90/><T69/><D69/><U108/><E108/><V128/><F128/><W76/><G76/><T82/><D82/><U113/><E113/><V12/><F121/><W6/><REACH who="3" step="1"/><G8/><REACH who="3" ten="320,230,220,220" step="2"/><T64/><D9/><U46/><E135/><V5/><F103/><W123/><G123/><T124/><D124/><U10/><E10/><N who="2" m="4175" /><F16/><W114/><G114/><T106/><D0/><U120/><E120/><V111/><F111/><W63/><G63/><T32/><D21/><U45/><E35/><V77/><F77/><RYUUKYOKU ba="1,1" sc="320,15,230,-15,220,-15,220,15" hai0="24,29,32,44,48,52,64,97,102,106,125,126,127" hai3="4,6,7,38,41,53,54,60,65,70,81,87,88" /><INIT seed="0,2,1,3,2,96" ten="335,215,205,235" oya="0" hai0="82,46,63,22,125,15,111,98,70,89,67,31,62" hai1="95,129,44,72,64,71,133,12,5,66,132,39,26" hai2="91,112,48,4,110,18,30,123,21,20,56,6,34" hai3="124,107,105,92,108,33,47,37,84,106,85,24,99"/><T121/><D121/><U97/><E72/><V126/><F123/><W43/><G108/><T103/><D111/><U88/><E129/><V131/><F112/><W45/><G124/><T101/><D125/><U114/><E114/><V59/><F110/><W2/><G2/><T77/><D46/><U74/><E74/><V116/><F126/><W109/><G109/><T27/><D62/><U9/><E26/><N who="2" m="16711" /><F34/><W119/><G119/><T113/><D113/><U87/><E71/><V102/><F116/><W17/><G45/><T49/><D49/><U134/><REACH who="1" step="1"/><E97/><REACH who="1" ten="335,205,205,235" step="2"/><V38/><F131/><W50/><G37/><T76/><D98/><U118/><E118/><V55/><F38/><W127/><G127/><T135/><D70/><U23/><E23/><V28/><F21/><W32/><G33/><T78/><D27/><U57/><E57/><V54/><F59/><W94/><G32/><T104/><D22/><U81/><E81/><V14/><F56/><W11/><G24/><T53/><D82/><U93/><E93/><V130/><F130/><W86/><G99/><T83/><D83/><U58/><E58/><V36/><F36/><W120/><G120/><T117/><D117/><U122/><E122/><V25/><F25/><W42/><G94/><T52/><D63/><U10/><E10/><V13/><F48/><W128/><G92/><T100/><D67/><U115/><E115/><V75/><F75/><W41/><G128/><T35/><D35/><U1/><E1/><V8/><F8/><W61/><G61/><T19/><D15/><U65/><E65/><V51/><F13/><RYUUKYOKU ba="2,2" sc="335,-15,205,15,205,-15,235,15" hai1="5,9,12,39,44,64,66,87,88,95,132,133,134" hai3="11,17,41,42,43,47,50,84,85,86,105,106,107" /><INIT seed="1,3,2,5,4,6" ten="320,220,190,250" oya="1" hai0="36,72,123,69,119,20,67,13,113,110,10,106,17" hai1="25,49,93,18,28,85,82,58,47,92,126,95,87" hai2="98,99,37,134,33,130,104,8,111,135,131,50,84" hai3="29,97,109,122,59,31,77,63,132,133,121,125,42"/><U32/><E126/><V65/><F37/><W101/><G125/><T68/><D113/><U27/><E58/><V115/><F33/><W66/><G42/><T79/><D119/><U0/><E0/><V89/><F65/><W105/><G77/><T61/><D106/><U5/><E5/><V114/><F50/><W107/><G109/><T7/><D110/><U94/><N who="1" m="23552" /><DORA hai="112" /><U26/><E18/><V124/><F111/><W55/><G66/><T45/><D123/><N who="3" m="47113" /><G107/><T80/><D69/><U81/><E85/><V74/><F124/><W41/><G41/><T62/><D62/><U71/><E71/><V15/><F74/><W22/><G22/><T1/><REACH who="0" step="1"/><D45/><REACH who="0" ten="310,220,190,250" step="2"/><U76/><REACH who="1" step="1"/><E82/><REACH who="1" ten="310,210,190,250" step="2"/><N who="2" m="49303" /><F114/><W128/><G105/><T102/><D102/><U52/><AGARI ba="3,4" hai="25,26,27,28,32,47,49,52,76,81,87" m="23552" machi="52" ten="40,24000,3" yaku="1,1,0,1,54,1,53,5" doraHai="6,112" doraHaiUra="73,88" who="1" fromWho="1" sc="310,-83,210,289,190,-83,250,-83" /><INIT seed="1,4,0,0,4,89" ten="227,499,107,167" oya="1" hai0="98,135,91,81,73,133,90,22,77,112,102,130,96" hai1="31,132,58,37,60,63,67,122,119,1,2,17,108" hai2="35,15,4,50,41,38,62,61,18,44,111,13,10" hai3="109,20,45,3,57,55,75,42,123,30,128,86,127"/><U11/><E119/><V125/><F111/><W110/><G123/><T48/><D48/><U19/><E37/><V97/><F125/><W34/><G75/><T94/><D22/><U95/><E122/><V56/><F35/><W104/><G104/><N who="0" m="63559" /><D112/><U120/><E120/><V36/><F97/><W107/><G107/><T59/><D59/><U117/><E132/><N who="0" m="50761" /><D130/><U68/><E117/><V118/><F118/><W100/><G128/><T129/><D129/><U72/><E108/><V116/><F116/><W93/><G34/><T7/><D7/><U21/><E31/><V80/><F80/><W43/><G3/><T28/><D28/><U52/><E72/><V114/><F114/><W49/><G127/><T70/><D70/><U105/><E105/><V74/><F74/><W124/><G124/><T24/><D24/><U87/><E11/><V88/><F88/><AGARI ba="4,0" hai="73,77,81,88,90,91,94,98" m="50761,63559" machi="88" ten="30,8000,1" yaku="20,1,34,2,52,1,54,1" doraHai="89" who="0" fromWho="2" sc="227,92,499,0,107,-92,167,0" /><INIT seed="2,0,0,4,0,131" ten="319,499,15,167" oya="2" hai0="105,7,94,60,17,113,20,39,75,80,29,28,14" hai1="116,79,129,132,23,117,103,112,120,95,134,61,92" hai2="74,101,119,106,89,3,71,53,12,9,44,108,128" hai3="8,63,2,58,35,86,122,24,55,33,83,57,133"/><V96/><F119/><W47/><G133/><N who="1" m="51306" /><E112/><V37/><F3/><W78/><G122/><T66/><D105/><U50/><E120/><V19/><F74/><W45/><G58/><T38/><D113/><U82/><E129/><V81/><F128/><W84/><G84/><T87/><D75/><N who="1" m="43391" /><E61/><V127/><F127/><W88/><G78/><T34/><D94/><N who="1" m="35883" /><E103/><V43/><F108/><W48/><G63/><T27/><D29/><U97/><E97/><V110/><F110/><W10/><G86/><T70/><REACH who="0" step="1"/><D7/><REACH who="0" ten="309,499,15,167" step="2"/><U68/><E68/><V13/><F71/><W98/><G98/><T6/><D6/><U65/><E65/><V16/><F53/><W4/><G55/><T32/><D32/><U26/><E50/><V22/><REACH who="2" step="1"/><F89/><AGARI ba="0,1" hai="14,17,20,27,28,34,38,39,60,66,70,80,87,89" machi="89" ten="30,3900,0" yaku="1,1,7,1,53,1" doraHai="131" doraHaiUra="76" who="0" fromWho="2" sc="309,49,499,0,15,-39,167,0" owari="358,15.8,499,59.9,-24,-52.4,167,-23.3" /></mjloggm>