<mjloggm ver="2.3"><GO type="225" lobby="0"/><UN n0="%E6%A1%9C%E8%8A%B1%E9%96%83%E3%80%85" n1="%67%61%79%75%6E%79" n2="%E8%81%B7%E6%A5%AD%E3%80%81%E9%A2%A8%32" n3="%6A%70%74%77%61%32" dan="18,16,16,16" rate="2206.90,2132.72,2121.43,2048.28" sx="M,M,M,M"/><TAIKYOKU oya="0"/><INIT seed="0,0,0,5,0,2" ten="250,250,250,250" oya="0" hai0="95,68,126,121,128,62,3,46,18,37,0,79,125" hai1="29,86,69,5,124,90,78,35,42,123,104,93,122" hai2="132,80,76,64,31,134,63,17,127,100,67,27,49" hai3="52,131,92,41,44,8,59,58,82,94,51,34,57"/><T28/><D121/><U53/><E104/><V73/><F127/><N who="0" m="48650" /><D128/><U110/><E124/><V10/><F100/><W109/><G131/><T22/><D28/><U36/><E110/><V89/><F89/><W20/><G109/><T26/><D79/><U1/><E69/><V65/><F63/><W25/><G34/><T9/><D95/><N who="3" m="36393" /><G8/><T38/><D46/><U55/><E78/><V117/><F117/><W130/><G82/><T84/><D84/><U129/><E129/><V19/><F49/><N who="3" m="26767" /><G130/><T45/><D45/><U12/><E123/><V106/><F106/><W101/><G101/><T21/><D21/><U33/><E33/><V40/><F40/><W102/><G102/><T96/><D96/><U133/><E35/><N who="2" m="20991" /><F10/><W23/><G23/><T32/><D32/><U71/><E122/><V30/><F30/><AGARI ba="0,0" hai="20,25,30,51,52,57,58,59" m="26767,36393" machi="30" ten="30,2000,0" yaku="8,1,54,1" doraHai="2" who="3" fromWho="2" sc="250,0,250,0,250,-20,250,20" /><INIT seed="1,0,0,4,0,69" ten="250,250,230,270" oya="1" hai0="11,47,72,95,131,26,111,64,87,2,17,116,62" hai1="130,132,49,34,54,76,81,104,102,101,66,44,7" hai2="38,56,86,57,73,63,19,105,115,30,59,85,15" hai3="20,67,71,75,133,28,35,29,84,83,6,9,10"/><U25/><E132/><V88/><F73/><W32/><G133/><T51/><D116/><U100/><E130/><V120/><F105/><W52/><G75/><T113/><D113/><U103/><E7/><V39/><F120/><W42/><G42/><T122/><D72/><U37/><N who="1" m="25600" /><DORA hai="79" /><U14/><E104/><V77/><F115/><W129/><G129/><T89/><D131/><U114/><E114/><V123/><F123/><W82/><G67/><T134/><D134/><U108/><E108/><V41/><F41/><W31/><G71/><T121/><D111/><U117/><E66/><N who="2" m="39271" /><F39/><W97/><G97/><T40/><D26/><U1/><E1/><V23/><F38/><W16/><G52/><T18/><D18/><U119/><E37/><V109/><F109/><W112/><G112/><T126/><D126/><U74/><REACH who="1" step="1"/><E14/><REACH who="1" ten="250,240,230,270" step="2"/><V61/><F15/><W36/><G36/><T46/><D2/><U91/><E91/><V80/><F88/><W22/><G32/><T92/><D122/><U127/><E127/><V50/><F77/><W45/><G35/><T94/><D121/><U106/><E106/><V4/><F4/><W55/><G6/><T93/><D89/><U24/><E24/><V21/><F30/><AGARI ba="0,1" hai="25,30,34,44,49,54,74,76,81,117,119" m="25600" machi="30" ten="50,4800,0" yaku="1,1,52,1,53,0" doraHai="69,79" doraHaiUra="90,70" who="1" fromWho="2" sc="250,0,240,58,230,-48,270,0" /><INIT seed="1,1,0,0,1,99" ten="250,298,182,270" oya="1" hai0="58,118,27,15,81,134,100,101,109,133,2,62,130" hai1="30,122,63,52,74,83,90,89,4,53,128,132,6" hai2="13,108,17,37,56,79,92,112,55,45,39,73,76" hai3="85,135,65,91,131,67,28,84,20,42,14,31,75"/><U38/><E38/><V114/><F108/><W78/><G131/><T57/><D118/><U9/><E122/><V96/><F79/><W117/><G117/><T68/><D2/><U66/><E128/><V119/><F119/><W41/><G135/><N who="0" m="51723" /><D130/><U24/><E132/><V26/><F76/><W104/><G104/><T102/><D109/><U105/><E105/><V25/><F73/><W93/><G75/><T8/><D27/><U72/><E72/><V125/><F125/><W32/><G32/><T21/><D21/><U36/><E36/><V64/><F64/><N who="3" m="24651" /><G14/><T95/><D81/><U16/><E74/><V129/><F129/><W94/><G20/><T77/><D77/><U1/><E6/><V115/><F25/><W0/><G0/><T7/><D68/><U61/><E61/><N who="2" m="35999" /><F45/><W107/><G107/><T82/><D82/><U59/><E83/><V34/><F34/><W33/><G33/><T111/><D111/><U88/><REACH who="1" step="1"/><E30/><REACH who="1" ten="250,288,182,270" step="2"/><V22/><F26/><W98/><G28/><T50/><D62/><U106/><E106/><V18/><F18/><W11/><G31/><T35/><D35/><U70/><E70/><V19/><F17/><W10/><G93/><T44/><D95/><U120/><E120/><V60/><F60/><W127/><G94/><T87/><D87/><U23/><AGARI ba="1,1" hai="1,4,9,16,23,24,52,53,59,63,66,88,89,90" machi="23" ten="30,12000,1" yaku="1,1,0,1,54,3,53,0" doraHai="99" doraHaiUra="123" who="1" fromWho="1" sc="250,-41,288,133,182,-41,270,-41" /><INIT seed="1,2,0,3,3,126" ten="209,421,141,229" oya="1" hai0="2,57,119,118,54,86,12,124,93,131,109,89,51" hai1="133,80,104,17,68,67,107,34,129,110,91,117,62" hai2="22,14,56,4,115,84,105,114,123,121,9,15,132" hai3="61,135,28,76,103,27,49,58,99,71,73,35,53"/><U63/><E117/><V83/><F105/><W102/><G135/><T108/><D2/><U111/><E133/><V8/><F132/><W29/><G29/><T90/><D124/><U37/><E37/><V122/><F56/><W16/><G16/><T97/><D12/><U77/><E34/><V6/><REACH who="2" step="1"/><F22/><REACH who="2" ten="209,421,131,229" step="2"/><W85/><G58/><T81/><REACH who="0" step="1"/><D131/><REACH who="0" ten="199,421,131,229" step="2"/><U72/><E129/><V106/><F106/><W7/><G71/><T100/><D100/><U43/><E107/><V3/><F3/><W18/><G102/><T55/><D55/><U19/><E104/><V112/><F112/><W116/><G53/><T134/><D134/><U70/><E111/><AGARI ba="2,2" hai="51,54,57,81,86,89,90,93,97,108,109,111,118,119" machi="111" ten="40,2600,0" yaku="1,1,14,1,53,0" doraHai="126" doraHaiUra="1" who="0" fromWho="1" sc="199,52,421,-32,131,0,229,0" /><INIT seed="2,0,0,2,5,111" ten="251,389,131,229" oya="2" hai0="80,71,93,85,28,66,18,109,90,64,50,118,79" hai1="23,39,63,48,133,72,56,0,115,41,130,68,96" hai2="107,124,35,15,114,84,127,30,104,49,98,91,99" hai3="69,70,52,78,128,3,45,121,113,101,134,120,53"/><V86/><F114/><W62/><G3/><T83/><D109/><U7/><E72/><V102/><F35/><W77/><G101/><T37/><D37/><U135/><E115/><V60/><F60/><W76/><G113/><T82/><D118/><U5/><E130/><V36/><F36/><W14/><G14/><T10/><D28/><U33/><E33/><V122/><F30/><W12/><G12/><N who="0" m="7447" /><D71/><N who="3" m="27145" /><G62/><T22/><D22/><U57/><E96/><N who="2" m="36907" /><F15/><W92/><G92/><T20/><D20/><U117/><E68/><V125/><F49/><W8/><G45/><T119/><D119/><U73/><E117/><V97/><F122/><N who="3" m="47211" /><G8/><T103/><D103/><U106/><E0/><V131/><F131/><W21/><G21/><T13/><D13/><U58/><E39/><V51/><F51/><W116/><G128/><T9/><D9/><U74/><E48/><V105/><F86/><W132/><G116/><T55/><D79/><U54/><E63/><V24/><F24/><W44/><G44/><AGARI ba="0,0" hai="44,50,55,64,66,80,82,83,85,90,93" m="7447" machi="44" ten="30,1000,0" yaku="8,1" doraHai="111" who="0" fromWho="3" sc="251,10,389,0,131,0,229,-10" /><INIT seed="3,0,0,5,0,112" ten="261,389,131,219" oya="3" hai0="91,45,123,90,70,7,84,94,64,124,19,46,31" hai1="116,101,131,1,56,11,117,121,110,119,134,109,42" hai2="12,52,81,2,127,118,58,5,40,4,33,95,126" hai3="53,99,44,59,100,111,8,0,107,27,87,85,63"/><W129/><G129/><T71/><D123/><U83/><E121/><V24/><F2/><W82/><G111/><N who="1" m="42506" /><E131/><V47/><F81/><W23/><G44/><T10/><D31/><U102/><E134/><V114/><F95/><W132/><G132/><T26/><D124/><N who="2" m="47658" /><F24/><W135/><G135/><T80/><D64/><U104/><E104/><V28/><F33/><W6/><REACH who="3" step="1"/><G82/><REACH who="3" ten="261,389,131,209" step="2"/><T16/><D46/><U88/><E83/><V73/><F73/><W29/><AGARI ba="0,1" hai="0,6,8,23,27,29,53,59,63,85,87,99,100,107" machi="29" ten="20,12000,1" yaku="1,1,2,1,0,1,7,1,53,1" doraHai="112" doraHaiUra="93" who="3" fromWho="3" sc="261,-40,389,-40,131,-40,209,130" /><INIT seed="3,1,0,1,3,76" ten="221,349,91,339" oya="3" hai0="5,112,96,6,73,21,119,4,71,40,14,58,84" hai1="45,88,89,62,77,93,135,129,121,118,27,18,26" hai2="80,134,46,114,41,54,117,116,111,130,126,101,43" hai3="3,8,110,37,72,86,120,9,83,131,10,48,128"/><W7/><G120/><T65/><D73/><U38/><E121/><V42/><F114/><W132/><G37/><T87/><D71/><U61/><E129/><N who="3" m="49738" /><G132/><T36/><D36/><U28/><E135/><V23/><F130/><W97/><G110/><T68/><D68/><U52/><E118/><V64/><F134/><W30/><G72/><T107/><D40/><U16/><E77/><V104/><F111/><W106/><G30/><T85/><D119/><U94/><E38/><V66/><F126/><W113/><G113/><T32/><D32/><U108/><E108/><V57/><F104/><W74/><G74/><T127/><D127/><U17/><E45/><V95/><F101/><N who="3" m="62767" /><G48/><T11/><D112/><U105/><E105/><V79/><F116/><W75/><G75/><T124/><D124/><U67/><E52/><V33/><F117/><W2/><G2/><T22/><D96/><N who="1" m="57383" /><E67/><V133/><F133/><W81/><G81/><T47/><D22/><N who="1" m="15479" /><E26/><V78/><F33/><W55/><G55/><T122/><D11/><U90/><E90/><AGARI ba="1,0" hai="3,7,8,9,10,83,86,90" m="62767,49738" machi="90" ten="30,2900,0" yaku="19,1,52,1" doraHai="76" who="3" fromWho="1" sc="221,0,349,-32,91,0,339,32" owari="221,-17.9,317,11.7,91,-40.9,371,47.1" /></mjloggm>