<mjloggm ver="2.3"><GO type="225" lobby="0"/><UN n0="%E7%AD%89%E3%80%85%E5%8A%9B%E5%8A%87%E5%A0%B4" n1="%E6%A1%9C%E8%8A%B1%E9%96%83%E3%80%85" n2="%E3%82%A2%E3%82%A4%E3%82%B9%E3%83%86%E3%82%A3%E3%83%BC%E3%81%82%E3%81%B9" n3="%38%63%E3%81%AF%E3%81%A3%E3%81%97%E3%83%BC" dan="16,16,16,16" rate="2180.40,2115.24,2077.09,2103.98" sx="M,M,M,M"/><TAIKYOKU oya="0"/><INIT seed="0,0,0,5,1,64" ten="250,250,250,250" oya="0" hai0="10,3,111,86,115,78,9,26,113,49,108,120,30" hai1="39,68,73,116,31,74,23,33,40,45,105,19,80" hai2="127,57,35,101,98,48,56,18,110,25,75,106,83" hai3="125,91,4,11,134,104,99,52,130,42,103,58,2"/><T70/><D49/><U20/><E20/><V135/><F110/><N who="0" m="42026" /><D78/><N who="1" m="44111" /><E19/><V82/><F127/><W36/><G125/><T65/><D86/><U5/><E23/><V94/><F135/><W122/><G134/><T114/><D120/><U107/><E5/><V131/><F131/><W37/><G130/><T21/><D3/><U38/><E116/><V97/><F75/><W81/><G122/><T93/><D93/><U34/><E39/><V132/><F132/><W69/><G42/><T100/><D100/><U17/><E74/><V72/><F72/><W85/><REACH who="3" step="1"/><G69/><REACH who="3" ten="250,250,250,240" step="2"/><T84/><D70/><U96/><E68/><V28/><F18/><W109/><G109/><T41/><D41/><U7/><E17/><V46/><F82/><W43/><G43/><T51/><D115/><U77/><E40/><V44/><F83/><W76/><G76/><T32/><D114/><U117/><E77/><V61/><F61/><AGARI ba="0,1" hai="2,4,11,36,37,52,58,61,81,85,91,99,103,104" machi="61" ten="30,3900,0" yaku="1,1,7,1,54,1,53,0" doraHai="64" doraHaiUra="112" who="3" fromWho="2" sc="250,0,250,0,250,-39,240,49" /><INIT seed="1,0,0,4,0,105" ten="250,250,211,289" oya="1" hai0="53,23,133,81,38,11,10,28,98,112,131,104,129" hai1="75,6,92,49,4,57,77,34,56,106,45,125,5" hai2="32,16,30,61,79,96,126,51,127,118,14,94,135" hai3="69,124,87,80,115,82,85,13,116,50,41,123,70"/><U64/><E106/><V47/><F118/><W86/><G123/><T0/><D38/><U48/><E125/><N who="2" m="47627" /><F135/><W3/><G3/><T58/><D112/><U17/><E34/><V121/><F121/><W109/><G124/><T15/><D133/><U25/><E92/><V8/><F61/><W46/><G115/><T18/><D81/><U83/><E64/><V72/><F30/><W88/><G116/><T111/><D111/><U33/><E17/><V108/><F32/><W68/><G109/><T117/><D117/><U40/><REACH who="1" step="1"/><E48/><REACH who="1" ten="250,240,211,289" step="2"/><V95/><F108/><W55/><G82/><T66/><D66/><U22/><E22/><V76/><F95/><W21/><G21/><T73/><D23/><U78/><E78/><V128/><F128/><W44/><REACH who="3" step="1"/><G13/><REACH who="3" ten="250,240,211,279" step="2"/><T9/><D15/><U84/><E84/><V24/><F24/><W101/><G101/><T2/><D2/><U130/><E130/><V67/><F14/><W39/><AGARI ba="0,2" hai="39,41,44,46,50,55,68,69,70,80,85,86,87,88" machi="39" ten="30,12000,2" yaku="1,1,0,1,54,1,53,3" doraHai="105" doraHaiUra="65" who="3" fromWho="3" sc="250,-30,240,-60,211,-30,279,140" /><INIT seed="2,0,0,1,1,4" ten="220,180,181,419" oya="2" hai0="75,135,111,76,69,12,66,93,134,48,47,31,130" hai1="83,13,112,103,26,18,36,39,45,81,14,117,125" hai2="5,82,102,30,64,29,120,27,133,110,44,123,113" hai3="74,77,104,55,57,80,6,0,90,116,96,87,85"/><V16/><F113/><W54/><G116/><T65/><D111/><U49/><E112/><V79/><F110/><W100/><G85/><T128/><D31/><U11/><E117/><V1/><F133/><N who="0" m="50698" /><D93/><U95/><E125/><V121/><F64/><N who="0" m="24682" /><D76/><U9/><E26/><V32/><F102/><W97/><G97/><T24/><D24/><U86/><E39/><V94/><F94/><W92/><G57/><T119/><D75/><U131/><E36/><V43/><F30/><W50/><G50/><T15/><D119/><U107/><E131/><N who="0" m="50217" /><D69/><U72/><E72/><V118/><F118/><W34/><G34/><T3/><D3/><U71/><E71/><V19/><F79/><W53/><G6/><T124/><D124/><U98/><E107/><V59/><F82/><W52/><N who="3" m="13312" /><DORA hai="21" /><W8/><G0/><T41/><AGARI ba="0,0" hai="12,15,41,47,48" m="50217,24682,50698" machi="41" ten="40,2700,0" yaku="20,1,19,1" doraHai="4,21" who="0" fromWho="0" sc="220,27,180,-7,181,-13,419,-7" /><INIT seed="3,0,0,0,2,133" ten="247,173,168,412" oya="3" hai0="116,68,55,78,29,126,10,61,48,112,14,82,49" hai1="92,87,118,36,65,6,88,91,96,26,67,134,123" hai2="90,98,100,60,119,41,54,18,122,1,52,15,105" hai3="45,38,110,117,102,20,75,31,3,99,66,95,28"/><W7/><G117/><T9/><D116/><U115/><E123/><V30/><F119/><W103/><G75/><T81/><D29/><U11/><E118/><V89/><F1/><W33/><G33/><T4/><D82/><U69/><E115/><V86/><F122/><W44/><G7/><T12/><D112/><U2/><E134/><V94/><F41/><W70/><G3/><T58/><D68/><U128/><E128/><V59/><F30/><W106/><G110/><T27/><D27/><U47/><E26/><V16/><F15/><W124/><G66/><T74/><D126/><U84/><E69/><V121/><F121/><W132/><G124/><T107/><D107/><U53/><E96/><V40/><F40/><W25/><G70/><T135/><D135/><U114/><E114/><V17/><F90/><W97/><G38/><T108/><D108/><U127/><E127/><V79/><F79/><W72/><G72/><T64/><D64/><U39/><E39/><V76/><REACH who="2" step="1"/><F76/><REACH who="2" ten="247,173,158,412" step="2"/><W62/><G31/><T125/><D125/><U19/><E19/><AGARI ba="0,1" hai="4,9,10,12,14,19,48,49,55,58,61,74,78,81" machi="19" ten="30,1000,0" yaku="7,1" doraHai="133" who="0" fromWho="1" sc="247,20,173,-10,158,0,412,0" owari="267,6.7,163,-23.7,158,-34.2,412,51.2" /></mjloggm>