<mjloggm ver="2.3"><GO type="225" lobby="0"/><UN n0="%E3%82%B2%E3%82%B9%E8%8C%82%E5%8B%9D" n1="%E3%80%90%E3%83%88%E3%83%AA%E3%83%A5%E3%83%95%E3%80%91" n2="%E9%BB%99%E8%81%B4%E3%81%AE%E3%81%99%E3%82%9D%E3%82%81" n3="%E3%83%B4%E3%83%A0%EF%BC%99%E3%81%A6" dan="16,16,16,16" rate="2099.66,2074.34,2112.84,2119.84" sx="F,M,M,M"/><TAIKYOKU oya="0"/><INIT seed="0,0,0,5,4,119" ten="250,250,250,250" oya="0" hai0="106,109,14,68,60,12,3,72,71,56,11,39,43" hai1="80,50,128,46,27,9,118,8,85,37,41,96,25" hai2="26,84,19,121,95,51,49,32,129,66,33,64,0" hai3="81,13,24,4,45,7,89,10,112,98,83,23,67"/><T135/><D106/><U40/><E118/><V38/><F0/><W55/><G112/><T127/><D135/><U48/><E37/><V31/><F38/><W100/><G67/><T69/><D127/><U94/><E128/><V15/><F32/><W117/><G117/><T30/><D72/><U86/><E94/><V35/><F35/><W101/><G4/><T42/><D30/><U93/><E93/><V20/><F129/><W2/><G2/><T79/><D79/><U73/><E73/><V133/><F133/><W82/><G89/><T116/><D116/><U113/><E46/><V115/><F115/><W21/><G21/><T77/><D77/><U122/><E96/><V52/><F121/><W1/><G1/><T29/><D29/><U78/><E78/><V108/><F51/><N who="3" m="29167" /><G98/><T74/><D74/><U114/><E80/><V123/><F123/><AGARI ba="0,0" hai="8,9,25,27,40,41,48,50,85,86,113,114,122,123" machi="123" ten="25,6400,0" yaku="22,2,52,2" doraHai="119" who="1" fromWho="2" sc="250,0,250,64,250,-64,250,0" /><INIT seed="1,0,0,4,5,64" ten="250,314,186,250" oya="1" hai0="27,13,102,87,56,112,20,67,114,24,85,118,96" hai1="90,4,52,83,34,31,38,79,94,41,93,129,125" hai2="23,89,15,74,70,40,133,84,72,39,18,121,99" hai3="3,51,106,28,55,65,69,71,77,82,105,10,113"/><U26/><E129/><V58/><F121/><W47/><G113/><T115/><D118/><U11/><E125/><V14/><F133/><W46/><G28/><T57/><D13/><U109/><E90/><V45/><F70/><W61/><G69/><T116/><D116/><U107/><E107/><V2/><F2/><W128/><G128/><T54/><D67/><U127/><E127/><V5/><F99/><W48/><G10/><T49/><D57/><U75/><E109/><V100/><F100/><W44/><G3/><T78/><D78/><U76/><E76/><V32/><F32/><W111/><G111/><T91/><D91/><U0/><REACH who="1" step="1"/><E52/><REACH who="1" ten="250,304,186,250" step="2"/><V17/><F5/><W88/><G88/><T97/><D102/><U1/><E1/><V134/><F134/><W95/><G95/><T130/><D130/><U135/><E135/><V73/><F58/><W104/><REACH who="3" step="1"/><G55/><REACH who="3" ten="250,304,186,240" step="2"/><T7/><D54/><U62/><E62/><V68/><F89/><W92/><G92/><T12/><D112/><U63/><E63/><V123/><F123/><W50/><G50/><T43/><D49/><U42/><E42/><V124/><F124/><W131/><G131/><T37/><D43/><U59/><E59/><V22/><F40/><W120/><G120/><T119/><D56/><U29/><E29/><V6/><F39/><W117/><G117/><T81/><D119/><U53/><E53/><V103/><F45/><AGARI ba="0,2" hai="0,4,11,26,31,34,38,41,45,75,79,83,93,94" machi="45" ten="40,7700,0" yaku="1,1,25,2,53,0" doraHai="64" doraHaiUra="126" who="1" fromWho="2" sc="250,0,304,97,186,-77,240,0" /><INIT seed="1,1,0,3,1,80" ten="250,401,109,240" oya="1" hai0="98,73,105,37,39,118,107,83,22,108,53,36,61" hai1="28,8,26,3,134,18,23,42,120,45,15,97,75" hai2="72,129,63,41,5,86,65,69,114,59,13,95,19" hai3="55,82,121,70,14,128,16,29,46,12,64,135,122"/><U57/><E120/><V112/><F72/><W104/><G104/><T119/><D108/><U130/><E130/><V1/><F129/><W30/><G128/><T109/><D109/><U24/><E134/><V38/><F1/><W87/><G135/><T85/><D73/><U20/><E75/><V47/><F5/><W106/><G106/><T115/><D115/><N who="2" m="44074" /><F95/><W101/><G101/><T99/><D22/><U67/><E97/><V33/><F33/><W7/><G7/><T52/><D61/><U4/><E67/><V96/><F96/><W81/><G81/><T11/><D83/><U66/><E66/><V126/><F86/><W50/><G12/><T58/><D39/><U48/><E3/><V74/><F74/><W21/><G121/><T133/><D133/><U91/><E91/><V123/><F123/><W113/><G122/><T54/><D53/><U44/><E42/><V71/><F126/><W32/><G32/><T117/><D117/><U127/><E127/><V132/><F132/><W116/><G116/><T111/><D111/><U49/><E49/><V84/><F84/><W35/><G35/><T88/><D88/><U56/><E48/><V100/><F100/><W31/><G113/><T90/><D90/><U10/><E8/><AGARI ba="1,0" hai="8,13,19,38,41,47,59,63,65,69,71" m="44074" machi="8" ten="30,1000,0" yaku="11,1" doraHai="80" who="2" fromWho="1" sc="250,0,401,-13,109,13,240,0" /><INIT seed="2,0,0,5,3,78" ten="250,388,122,240" oya="2" hai0="77,119,82,68,86,5,1,65,11,103,22,52,91" hai1="53,89,49,6,70,114,90,14,116,29,106,110,100" hai2="120,133,37,28,54,42,67,131,16,102,33,132,3" hai3="88,55,36,72,27,12,21,76,60,19,31,75,108"/><V97/><F120/><W113/><G36/><T134/><D134/><U125/><E70/><V98/><F3/><W122/><G122/><T121/><D121/><U74/><E74/><V44/><F131/><W57/><G108/><T7/><D119/><U87/><E114/><V101/><F67/><W118/><G118/><T99/><D7/><U105/><E110/><V79/><F79/><W111/><G111/><T69/><D65/><U135/><E29/><V123/><F123/><W9/><G113/><T109/><D109/><U34/><E90/><V38/><F28/><W84/><REACH who="3" step="1"/><G76/><REACH who="3" ten="250,388,122,230" step="2"/><T17/><D77/><U66/><E116/><V4/><F38/><W47/><G47/><T32/><D32/><U92/><E34/><V30/><F37/><W126/><G126/><T45/><D45/><U64/><E125/><V80/><F44/><W39/><G39/><T95/><REACH who="0" step="1"/><D52/><REACH who="0" ten="240,388,122,230" step="2"/><U23/><E53/><V93/><F54/><W129/><G129/><T130/><D130/><U117/><E64/><V0/><F33/><W24/><G24/><AGARI ba="0,2" hai="1,5,11,17,22,24,68,69,82,86,91,95,99,103" machi="24" ten="30,7700,0" yaku="1,1,7,1,52,1,53,1" doraHai="78" doraHaiUra="85" who="0" fromWho="3" sc="240,97,388,0,122,0,230,-77" /><INIT seed="3,0,0,3,4,49" ten="337,388,122,153" oya="3" hai0="117,20,116,83,107,30,33,57,35,110,64,73,120" hai1="32,70,109,34,98,6,12,51,72,68,69,78,119" hai2="50,59,126,41,29,100,45,131,10,87,80,39,56" hai3="96,55,21,1,61,37,44,3,65,95,92,118,121"/><W7/><G121/><T97/><D110/><U24/><E98/><V74/><F74/><W115/><G115/><T124/><D124/><U82/><E51/><V105/><F131/><W31/><G118/><T125/><D125/><U85/><E85/><V108/><F108/><W19/><G31/><T114/><D120/><U14/><E109/><V93/><F105/><W123/><G123/><T91/><D114/><U36/><E36/><V18/><F126/><W88/><G7/><T99/><D20/><U86/><E86/><V25/><F39/><W112/><G112/><T75/><D30/><N who="1" m="19527" /><E14/><V102/><F10/><W38/><G92/><T84/><D107/><U17/><E6/><V22/><F29/><W103/><G103/><T28/><D28/><U13/><E13/><V134/><F134/><W130/><G130/><T62/><D73/><U60/><E34/><V111/><F111/><W113/><G113/><T8/><D8/><U16/><E17/><V2/><F2/><W132/><G132/><T104/><D75/><U27/><E27/><V77/><REACH who="2" step="1"/><F102/><REACH who="2" ten="337,388,112,153" step="2"/><W42/><G38/><T79/><D104/><U48/><E72/><V101/><F101/><W135/><G135/><T15/><D15/><U129/><E12/><V76/><F76/><W66/><G1/><T53/><D64/><U54/><E78/><V71/><F71/><W89/><G3/><T9/><D9/><U52/><E70/><V46/><F46/><W4/><G4/><T106/><D106/><U43/><E129/><V0/><F0/><W127/><G127/><T40/><D79/><U81/><E69/><RYUUKYOKU ba="0,1" sc="337,-10,388,-10,112,30,153,-10" hai2="18,22,25,41,45,50,56,59,77,80,87,93,100" owari="327,12.7,388,48.8,142,-35.8,143,-25.7" /></mjloggm>