<mjloggm ver="2.3"><GO type="225" lobby="0"/><UN n0="%E6%B8%A9%E2%98%85%E6%83%85%E2%98%85%E6%8E%AA%E2%98%85%E7%BD%AE" n1="%48%61%61%61%6C%61%6E%64" n2="%E6%9D%B1%E9%A2%A8%E3%81%AE%E3%81%8D%E3%82%83%E3%81%B7%E3%81%95%E3%82%93" n3="%72%61%6B%33" dan="17,18,16,16" rate="2232.04,2224.35,2181.35,2048.95" sx="M,M,M,M"/><TAIKYOKU oya="0"/><INIT seed="0,0,0,0,5,80" ten="250,250,250,250" oya="0" hai0="42,48,83,33,113,14,15,45,94,115,73,102,106" hai1="69,70,99,35,100,29,53,39,93,118,89,74,47" hai2="129,72,18,34,52,17,41,21,85,79,132,125,32" hai3="51,44,121,97,58,98,40,66,84,77,22,7,95"/><T50/><D106/><U82/><E118/><V63/><F72/><W12/><G121/><T91/><D33/><U107/><E29/><V119/><F41/><W109/><G109/><T55/><D102/><U92/><E35/><V5/><F5/><W9/><G22/><T65/><D65/><U61/><E93/><V126/><F119/><W36/><G36/><T135/><D135/><U0/><E0/><V120/><F17/><W38/><G38/><T111/><D111/><U96/><E61/><V43/><F43/><W68/><G68/><T86/><D73/><U8/><E8/><V88/><F79/><W127/><G127/><N who="2" m="48649" /><F129/><W123/><G123/><T56/><REACH who="0" step="1"/><D83/><REACH who="0" ten="240,250,250,250" step="2"/><U6/><E82/><N who="2" m="49207" /><F132/><W37/><G37/><T13/><AGARI ba="0,1" hai="13,14,15,42,45,48,50,55,56,86,91,94,113,115" machi="13" ten="30,6000,0" yaku="1,1,0,1,52,1,53,0" doraHai="80" doraHaiUra="19" who="0" fromWho="0" sc="240,70,250,-20,250,-20,250,-20" /><INIT seed="0,1,0,0,5,59" ten="310,230,230,230" oya="0" hai0="107,20,55,131,13,92,17,22,116,0,29,118,93" hai1="49,88,86,47,113,57,103,105,10,110,61,77,3" hai2="94,81,109,73,134,100,5,12,76,120,115,21,87" hai3="16,27,98,23,85,82,95,66,52,68,128,32,90"/><T31/><D107/><U67/><E110/><V104/><F134/><W45/><G128/><T135/><D0/><U1/><E1/><V58/><BYE who="1" /><F120/><W14/><G32/><UN n1="%48%61%61%61%6C%61%6E%64" /><T34/><D34/><U40/><E113/><V54/><F109/><W62/><G14/><T114/><D114/><U91/><E105/><V6/><F115/><W127/><G127/><T112/><D112/><U9/><E103/><V111/><F111/><W50/><REACH who="3" step="1"/><G82/><REACH who="3" ten="310,230,230,220" step="2"/><T125/><D131/><U133/><E133/><V121/><F121/><W46/><G46/><T28/><D135/><U74/><E74/><V63/><F73/><W84/><AGARI ba="1,1" hai="16,23,27,45,50,52,62,66,68,84,85,90,95,98" machi="84" ten="30,12000,2" yaku="1,1,0,1,52,1,54,2,53,1" doraHai="59" doraHaiUra="48" who="3" fromWho="3" sc="310,-61,230,-31,230,-31,220,133" /><INIT seed="1,0,0,1,4,128" ten="249,199,199,353" oya="1" hai0="9,39,2,41,50,116,10,83,12,3,48,64,84" hai1="72,126,28,20,94,89,69,16,108,49,15,57,59" hai2="114,65,32,60,13,129,1,95,52,90,91,102,109" hai3="113,38,51,93,25,110,61,63,34,117,31,122,36"/><U68/><E72/><V42/><F1/><W105/><G105/><T22/><D116/><U17/><E126/><V18/><F32/><W56/><G113/><T43/><D39/><U73/><E73/><V99/><F114/><W66/><G122/><T98/><D64/><U26/><E108/><V7/><F129/><W35/><G35/><T30/><D98/><U125/><E125/><V87/><F109/><W119/><G110/><T124/><D3/><U86/><E17/><V92/><F42/><N who="0" m="15882" /><D2/><U27/><E27/><V120/><F7/><W53/><G93/><T123/><D123/><U67/><E57/><N who="2" m="34855" /><F120/><W74/><G74/><T6/><D9/><U97/><E97/><N who="2" m="59687" /><F65/><W106/><G106/><T29/><D124/><U121/><E121/><V21/><F87/><W100/><G100/><AGARI ba="0,0" hai="13,18,21,90,91,95,99,100" m="59687,34855" machi="100" ten="30,2000,0" yaku="8,1,54,1" doraHai="128" who="2" fromWho="3" sc="249,0,199,0,199,20,353,-20" /><INIT seed="2,0,0,5,1,101" ten="249,199,219,333" oya="2" hai0="103,105,37,106,19,127,2,9,65,57,131,116,6" hai1="3,97,30,94,120,117,121,69,118,63,114,42,99" hai2="43,95,31,85,134,75,21,74,28,61,98,15,83" hai3="130,24,44,32,93,16,56,111,29,90,58,45,113"/><V115/><F115/><W4/><G111/><T59/><D37/><U11/><E114/><V22/><F134/><W34/><G130/><T18/><D103/><U47/><E30/><N who="2" m="11307" /><F74/><W108/><G108/><T77/><D77/><U54/><E3/><V62/><F75/><W102/><G113/><T1/><D65/><N who="1" m="41151" /><E11/><V82/><F43/><W64/><G32/><T51/><D51/><N who="1" m="27127" /><E97/><V87/><F15/><W14/><G4/><T129/><D9/><U128/><E99/><V123/><F123/><N who="1" m="47177" /><E94/><V133/><F133/><W135/><G102/><T132/><D6/><U78/><E78/><N who="2" m="46295" /><F21/><W39/><G135/><T41/><D132/><U81/><E81/><V26/><F22/><W86/><G14/><T38/><D1/><U5/><E5/><V125/><F26/><W66/><G24/><T46/><D2/><U17/><E17/><V10/><F10/><W73/><G16/><T55/><D18/><U110/><E110/><V107/><F107/><W91/><G29/><T92/><D105/><U40/><E128/><N who="0" m="49225" /><D106/><U50/><E40/><V79/><F125/><W7/><G7/><T13/><D127/><U52/><E54/><V72/><F72/><W124/><G73/><T36/><D36/><U76/><E76/><V84/><F87/><W96/><G39/><T122/><D41/><U8/><E8/><V35/><F35/><W89/><G34/><T109/><D122/><U12/><E12/><V104/><F104/><W119/><G86/><T48/><D38/><U0/><E0/><V25/><F25/><W27/><G27/><T68/><D109/><U23/><E23/><RYUUKYOKU ba="0,0" sc="249,-15,199,15,219,15,333,-15" hai1="50,52,117,118" hai2="61,62,79,83,84,95,98" /><INIT seed="2,1,0,4,0,82" ten="234,214,234,318" oya="2" hai0="118,103,127,6,95,39,60,85,83,112,10,72,62" hai1="68,56,66,35,104,84,13,87,63,33,108,77,91" hai2="122,96,52,21,119,0,98,48,133,27,99,130,109" hai3="117,76,111,40,37,78,32,17,101,131,14,46,64"/><V93/><F0/><W115/><G117/><T110/><D39/><U57/><E104/><V8/><F122/><W97/><G32/><T9/><D112/><U107/><E107/><V43/><F119/><W65/><G111/><T116/><D72/><U51/><E108/><V24/><F109/><W105/><G131/><T28/><D110/><U25/><E77/><V42/><F130/><W106/><G105/><T23/><D118/><U26/><E13/><V134/><F8/><N who="0" m="3178" /><D6/><U7/><E7/><V29/><F93/><W11/><G115/><T124/><D116/><U5/><E5/><V128/><F27/><N who="1" m="10249" /><E68/><V49/><F128/><W102/><G102/><T31/><D23/><U121/><E33/><V12/><F12/><W36/><G36/><T132/><D132/><N who="2" m="50794" /><F48/><W38/><G38/><T53/><D127/><U59/><E121/><V94/><F94/><W4/><G4/><T90/><D124/><U71/><E71/><V30/><F30/><N who="0" m="11306" /><D53/><N who="1" m="31807" /><E35/><V135/><N who="2" m="50802" /><V2/><DORA hai="125" /><F2/><W16/><G17/><T126/><D126/><U20/><E20/><V19/><F29/><W88/><G16/><T89/><D103/><U114/><E114/><V61/><F61/><W129/><G129/><T44/><D44/><AGARI ba="1,0" hai="19,21,24,42,43,44,49,52,96,98,99" m="50802" machi="44" ten="40,3900,0" yaku="20,1,54,1" doraHai="82,125" who="2" fromWho="0" sc="234,-42,214,0,234,42,318,0" /><INIT seed="2,2,0,4,5,121" ten="192,214,276,318" oya="2" hai0="62,39,127,57,108,18,79,15,113,65,13,70,77" hai1="35,94,42,8,92,17,123,117,131,60,56,111,80" hai2="14,133,24,112,114,102,64,30,89,25,45,9,6" hai3="37,96,100,125,78,7,115,101,66,21,130,87,120"/><V32/><F102/><W53/><G37/><T59/><D113/><U135/><E117/><V43/><F64/><W48/><G120/><T95/><D127/><U72/><E123/><V85/><F24/><W55/><G7/><T81/><D39/><U27/><E131/><V126/><F133/><W107/><G66/><T106/><D106/><U69/><E69/><V119/><F126/><W132/><G125/><T109/><D95/><U40/><E135/><V22/><F32/><W34/><G34/><T33/><D33/><U97/><E94/><V29/><F29/><W16/><G101/><T38/><D38/><U129/><E129/><V91/><F119/><W76/><G130/><T41/><D41/><U63/><E63/><V20/><F22/><W134/><G115/><T54/><D70/><U98/><E98/><V116/><F91/><W4/><G4/><T23/><D15/><U122/><E122/><V93/><F116/><W52/><G48/><AGARI ba="2,0" hai="6,9,14,20,25,30,43,45,48,85,89,93,112,114" machi="48" ten="30,1500,0" yaku="7,1" doraHai="121" who="2" fromWho="3" sc="192,0,214,0,276,21,318,-21" /><INIT seed="2,3,0,1,1,129" ten="192,214,297,297" oya="2" hai0="74,42,9,117,65,68,62,123,89,19,132,63,46" hai1="116,120,1,80,20,91,4,24,28,88,58,39,118" hai2="16,98,30,131,64,127,57,8,94,35,101,82,70" hai3="128,111,5,92,56,96,95,15,97,50,12,130,52"/><V17/><F70/><W78/><G111/><T105/><D123/><U34/><E120/><V113/><F113/><W38/><G38/><T112/><D112/><U3/><E39/><V33/><F131/><N who="3" m="50219" /><G78/><T0/><D105/><U66/><E34/><V90/><F127/><W104/><G104/><T61/><D74/><U110/><E110/><V103/><F35/><W36/><G36/><T121/><D121/><U85/><E91/><V6/><F33/><W49/><G49/><T134/><D117/><U125/><E125/><V75/><F30/><W13/><G5/><N who="0" m="1191" /><D19/><U18/><E18/><V99/><F75/><W7/><G7/><T109/><D109/><U100/><E100/><V26/><F82/><W124/><G124/><T32/><D32/><U84/><E84/><V67/><F26/><W102/><G12/><T83/><D83/><U107/><E107/><V43/><F43/><W59/><G59/><T60/><D89/><AGARI ba="3,0" hai="13,15,50,52,56,89,92,95,96,97,102" m="50219" machi="89" ten="30,2000,0" yaku="19,1,54,1" doraHai="129" who="3" fromWho="0" sc="192,-29,214,0,297,0,297,29" /><INIT seed="3,0,0,4,3,80" ten="163,214,297,326" oya="3" hai0="135,18,61,68,38,36,3,42,96,127,90,105,71" hai1="130,45,110,19,50,4,53,76,108,43,20,31,83" hai2="26,63,1,112,56,81,27,131,113,106,25,118,23" hai3="22,40,17,29,57,100,123,9,55,85,82,44,126"/><W33/><G123/><T114/><D3/><U52/><E130/><V97/><F131/><W66/><G126/><T103/><D127/><U11/><E31/><V46/><F1/><W15/><G33/><T47/><D135/><U134/><E134/><V32/><F118/><W35/><G35/><T117/><D117/><U13/><E108/><V28/><F46/><W99/><G66/><T58/><D114/><U104/><E104/><V5/><F5/><W41/><G44/><T7/><D7/><U10/><E110/><V39/><F39/><W98/><G29/><T120/><D120/><U69/><E69/><V119/><F119/><W24/><G55/><T74/><D74/><U30/><E30/><V124/><F124/><W132/><G57/><T14/><D38/><U51/><E51/><V65/><F32/><W59/><G59/><T128/><D128/><U94/><E94/><V54/><F65/><W121/><G121/><T129/><D129/><U2/><E11/><V62/><F62/><W72/><G72/><AGARI ba="0,0" hai="2,4,10,13,19,20,43,45,50,52,53,72,76,83" machi="72" ten="30,2000,0" yaku="7,1,54,1" doraHai="80" who="1" fromWho="3" sc="163,0,214,20,297,0,326,-20" owari="163,-33.7,234,-16.6,297,9.7,306,40.6" /></mjloggm>