<mjloggm ver="2.3"><GO type="225" lobby="0"/><UN n0="%E9%81%85%E5%88%BB%E3%81%AE%E3%83%97%E3%83%AA%E3%83%B3%E3%82%B9%E2%99%AA" n1="%73%69%72%6F%75%74" n2="%E8%81%B7%E6%A5%AD%E3%80%81%E9%A2%A8%32" n3="%73%61%6E%64%69%72%69%73" dan="16,16,16,16" rate="2166.86,2078.04,2129.30,2110.04" sx="F,M,M,M"/><TAIKYOKU oya="0"/><INIT seed="0,0,0,1,2,93" ten="250,250,250,250" oya="0" hai0="77,60,119,69,75,85,80,135,31,30,41,0,105" hai1="57,79,19,99,63,54,62,56,16,116,112,43,64" hai2="133,38,7,37,109,2,47,111,1,131,27,59,134" hai3="74,25,96,5,21,78,81,13,8,23,84,92,66"/><T94/><D119/><U61/><E112/><V34/><F131/><W68/><G68/><T11/><D135/><N who="2" m="51722" /><F59/><W35/><G66/><T33/><D33/><U129/><E129/><V124/><F124/><W127/><G127/><T100/><D41/><U29/><E116/><V110/><F47/><W42/><G74/><T102/><D102/><U39/><E29/><N who="2" m="19775" /><F7/><W4/><G4/><N who="0" m="1415" /><D60/><U114/><E114/><V18/><F18/><W10/><G10/><T51/><D51/><U44/><E79/><V46/><F46/><W97/><G42/><T87/><D87/><U86/><E86/><V106/><F106/><W52/><G35/><T20/><D20/><N who="3" m="7753" /><G25/><T120/><D120/><U67/><REACH who="1" step="1"/><E99/><REACH who="1" ten="250,240,250,250" step="2"/><N who="3" m="37962" /><G92/><T24/><D94/><U132/><E132/><V58/><F111/><W113/><G113/><T88/><D105/><U121/><E121/><V12/><F110/><W53/><AGARI ba="0,1" hai="5,8,13,52,53,78,81,84" m="37962,7753" machi="53" ten="30,8000,1" yaku="8,1,52,3,54,1" doraHai="93" who="3" fromWho="3" sc="250,-40,240,-20,250,-20,250,90" /><INIT seed="1,0,0,4,4,56" ten="210,220,230,340" oya="1" hai0="52,126,127,29,53,25,38,42,125,34,95,74,39" hai1="12,97,129,98,90,16,51,110,124,71,2,68,35" hai2="22,11,89,109,0,19,87,101,102,111,113,7,32" hai3="73,100,96,24,31,4,99,79,18,75,114,106,17"/><U77/><E35/><V117/><F117/><W65/><G114/><T112/><D112/><U57/><E2/><V28/><F113/><W83/><G75/><T33/><D74/><U118/><E118/><V91/><F91/><W55/><G4/><T27/><D95/><U46/><E77/><V128/><F128/><W85/><G55/><N who="0" m="21067" /><D42/><U132/><E129/><V61/><F61/><W58/><G99/><T30/><AGARI ba="0,0" hai="25,27,29,30,33,34,38,39,125,126,127" m="21067" machi="30" ten="40,2700,0" yaku="18,1,54,1" doraHai="56" who="0" fromWho="0" sc="210,27,220,-13,230,-7,340,-7" /><INIT seed="2,0,0,5,1,128" ten="237,207,223,333" oya="2" hai0="59,75,84,79,33,83,72,40,6,38,121,54,93" hai1="46,16,88,69,77,2,122,112,27,39,87,130,97" hai2="90,123,82,5,99,132,65,45,15,10,86,51,102" hai3="71,17,74,68,125,118,21,25,31,23,62,1,73"/><V81/><F123/><W89/><G118/><T98/><D121/><U92/><E2/><V18/><F132/><W80/><G1/><T95/><D33/><U14/><E122/><V106/><F65/><W113/><G125/><T36/><D93/><U126/><E69/><V110/><F110/><W7/><G7/><T96/><D96/><U105/><E112/><V107/><F82/><W29/><G113/><T66/><D66/><U131/><E126/><V70/><F70/><W8/><G8/><T63/><D6/><U50/><E39/><V41/><REACH who="2" step="1"/><F5/><REACH who="2" ten="237,207,213,333" step="2"/><W47/><G80/><T120/><D120/><U114/><E114/><V30/><F30/><W64/><G71/><T56/><D75/><U134/><E134/><V111/><F111/><W76/><G31/><T52/><D72/><U24/><E130/><V109/><F109/><W67/><G67/><T35/><D35/><U129/><E131/><V37/><F37/><W48/><G74/><T44/><D38/><U32/><E129/><V0/><F0/><W133/><G73/><T135/><D135/><U103/><E32/><V115/><F115/><W116/><G133/><T60/><D36/><U57/><E77/><V13/><F13/><N who="3" m="9391" /><G76/><T94/><D79/><U108/><E108/><V101/><F101/><W124/><G124/><T49/><D83/><U11/><E57/><V19/><F19/><W78/><G78/><T3/><D3/><U117/><E117/><V100/><F100/><W119/><G89/><N who="0" m="53543" /><D59/><U12/><E12/><V43/><F43/><AGARI ba="0,1" hai="11,14,16,24,27,43,46,50,87,88,92,97,103,105" machi="43" ten="30,3900,0" yaku="7,1,54,2" doraHai="128" who="1" fromWho="2" sc="237,0,207,49,213,-39,333,0" /><INIT seed="3,0,0,5,0,10" ten="237,256,174,333" oya="3" hai0="23,102,125,0,84,50,112,94,48,100,114,91,36" hai1="75,13,134,82,17,89,86,83,57,33,129,22,131" hai2="26,101,97,85,90,73,62,107,4,128,63,52,76" hai3="105,95,67,116,77,113,110,34,108,126,19,109,38"/><W61/><G113/><N who="0" m="43627" /><D36/><U9/><E33/><V11/><F128/><N who="1" m="49225" /><E134/><V111/><F111/><W20/><G116/><T121/><D121/><U80/><E75/><V133/><F133/><W31/><G126/><T130/><D130/><U104/><E104/><V87/><F73/><W120/><G120/><T15/><D0/><U106/><E106/><V117/><F117/><W12/><G105/><T96/><D125/><U32/><E32/><V49/><F26/><N who="3" m="18807" /><G95/><N who="0" m="54759" /><D102/><U55/><E9/><V74/><F74/><W54/><G77/><T66/><D66/><U35/><E35/><V79/><F79/><W60/><G38/><T42/><D42/><U27/><E27/><V37/><F37/><W58/><G67/><T40/><D40/><U98/><E98/><V132/><F76/><W6/><G6/><T135/><D135/><U53/><E53/><V119/><F119/><W65/><G65/><T69/><D69/><U123/><E123/><V43/><F43/><W46/><G46/><T30/><D30/><U2/><E2/><V16/><F132/><W45/><G45/><T5/><D5/><U88/><E89/><V93/><F87/><W99/><G99/><T71/><D71/><U29/><E29/><V92/><F107/><W18/><G18/><AGARI ba="0,0" hai="15,18,23,48,50,94,96,100" m="54759,43627" machi="18" ten="30,2000,0" yaku="11,1,52,1" doraHai="10" who="0" fromWho="3" sc="237,20,256,0,174,0,333,-20" owari="257,5.7,256,-14.4,174,-32.6,313,41.3" /></mjloggm>