<mjloggm ver="2.3"><GO type="225" lobby="0"/><UN n0="%6D%75%75%6D%75%72%61" n1="%E7%9C%9F%E4%B8%80" n2="%45%6C%79%73%69%75%6D" n3="%72%69%6F%75%63%68%61%6E" dan="16,16,18,17" rate="2138.95,2168.74,2145.39,2286.48" sx="F,M,F,M"/><TAIKYOKU oya="0"/><INIT seed="0,0,0,2,5,23" ten="250,250,250,250" oya="0" hai0="56,9,98,126,115,109,30,12,74,48,55,14,79" hai1="113,116,87,89,52,125,135,1,75,97,118,90,25" hai2="91,104,65,101,13,59,16,67,70,92,60,36,41" hai3="114,26,120,85,43,7,95,122,6,106,57,31,37"/><T47/><D115/><U123/><E123/><N who="3" m="47146" /><G114/><T134/><D126/><U44/><E113/><V105/><F101/><W38/><G106/><T50/><D134/><U64/><E1/><V132/><F132/><W86/><G57/><T107/><D109/><U27/><E75/><V77/><F77/><W19/><G19/><T84/><D74/><U35/><E35/><V8/><F67/><W112/><G112/><T0/><D0/><U94/><E135/><V128/><F59/><W11/><G43/><T3/><D3/><U34/><E125/><V103/><F103/><W18/><G18/><T81/><D107/><U102/><E34/><V33/><F33/><N who="3" m="20727" /><G6/><T61/><D50/><N who="1" m="28743" /><E118/><V28/><F104/><W130/><G130/><T22/><D9/><U80/><E116/><V71/><F128/><W15/><G85/><T42/><REACH who="0" step="1"/><D98/><REACH who="0" ten="240,250,250,250" step="2"/><N who="1" m="59735" /><E64/><V53/><F65/><W66/><G66/><T73/><D73/><U68/><E68/><V32/><F70/><W100/><G86/><T131/><D131/><U40/><E40/><V24/><F71/><W51/><G51/><T5/><D5/><U124/><E124/><V117/><F117/><W111/><G111/><T69/><D69/><U46/><E46/><V119/><F119/><W17/><G7/><T121/><D121/><U4/><E4/><V88/><F105/><W72/><G72/><T76/><D76/><U10/><E10/><V63/><F41/><W99/><AGARI ba="0,1" hai="11,15,17,37,38,95,99,100" m="20727,47146" machi="99" ten="30,2000,0" yaku="13,1,52,1" doraHai="23" who="3" fromWho="3" sc="240,-10,250,-5,250,-5,250,30" /><INIT seed="1,0,0,1,0,91" ten="230,245,245,280" oya="1" hai0="87,43,117,29,14,123,5,100,18,13,25,135,53" hai1="72,47,118,128,82,59,79,30,122,131,62,16,67" hai2="10,15,124,65,81,56,32,7,88,120,113,38,107" hai3="61,41,17,104,114,96,97,37,31,50,9,115,20"/><U54/><E118/><V33/><F120/><W73/><G37/><T85/><D117/><U106/><E122/><V57/><F38/><W112/><G73/><T95/><D123/><U102/><E30/><V24/><F107/><W1/><G104/><T105/><D135/><U109/><E109/><V63/><F124/><W86/><G31/><T129/><D105/><U89/><E89/><V98/><F113/><W134/><G134/><T94/><D129/><N who="1" m="49739" /><E106/><V52/><F24/><W51/><G61/><T60/><D43/><U69/><E102/><V4/><F4/><W21/><G86/><N who="0" m="32779" /><D100/><U71/><E16/><V23/><F23/><W93/><G97/><T121/><D121/><U132/><E132/><V3/><F81/><W101/><G41/><T44/><D5/><U77/><E79/><V108/><F108/><W99/><G99/><T74/><D74/><U28/><E28/><V42/><F42/><W78/><G78/><T116/><D116/><U125/><E125/><V133/><F133/><W80/><G80/><T64/><D29/><U76/><E76/><V26/><F26/><W35/><G35/><T40/><D25/><U49/><AGARI ba="0,0" hai="47,49,54,59,62,67,69,71,72,77,82" m="49739" machi="49" ten="30,1500,0" yaku="19,1" doraHai="91" who="1" fromWho="1" sc="230,-5,245,15,245,-5,280,-5" /><INIT seed="1,1,0,4,1,0" ten="225,260,240,275" oya="1" hai0="113,29,102,66,46,89,99,33,61,60,63,125,69" hai1="42,93,34,124,12,126,40,16,79,41,30,67,47" hai2="83,19,95,90,36,17,7,130,62,26,55,77,70" hai3="122,109,14,6,35,114,73,115,134,24,100,49,76"/><U44/><E79/><V84/><F130/><W78/><G122/><T53/><D113/><U2/><E2/><V133/><F133/><W82/><G109/><T119/><D119/><U48/><E67/><V120/><F120/><W97/><G134/><T80/><D125/><N who="1" m="48235" /><E93/><V121/><F121/><W131/><G131/><T31/><D80/><U71/><E71/><V39/><F19/><W87/><G49/><T28/><D89/><U54/><E30/><V20/><F7/><W13/><G13/><T101/><D33/><U103/><E103/><V98/><REACH who="2" step="1"/><F70/><REACH who="2" ten="225,260,230,275" step="2"/><W56/><G6/><T91/><D69/><U59/><E34/><V57/><AGARI ba="1,1" hai="17,20,26,36,39,55,57,62,77,83,84,90,95,98" machi="57" ten="30,8000,1" yaku="1,1,2,1,0,1,25,2,53,0" doraHai="0" doraHaiUra="111" who="2" fromWho="2" sc="225,-21,260,-41,230,93,275,-21" /><INIT seed="2,0,0,3,5,80" ten="204,219,323,254" oya="2" hai0="122,33,62,107,75,115,86,39,125,119,31,52,60" hai1="11,55,70,8,58,5,78,10,74,77,29,47,127" hai2="129,3,118,87,49,109,32,102,89,93,50,135,13" hai3="105,23,92,51,48,68,4,112,76,56,54,38,69"/><V7/><F118/><W116/><G116/><T97/><D119/><U88/><E70/><V57/><F32/><W65/><G105/><T25/><D75/><U30/><E127/><V94/><F129/><W91/><G38/><T26/><D125/><U84/><E5/><V41/><F3/><W36/><G36/><T16/><D122/><U22/><E47/><V0/><F0/><W85/><G112/><T132/><D39/><U124/><E124/><V67/><F135/><W9/><G65/><T15/><D115/><U43/><E43/><V110/><F41/><W83/><G23/><T120/><D120/><U20/><E74/><V126/><F126/><W6/><G48/><T14/><D14/><U81/><E20/><V123/><F123/><W121/><G121/><T104/><D132/><U72/><E72/><V130/><F130/><W128/><G128/><T101/><D104/><U117/><E117/><V19/><F7/><W82/><G82/><T40/><D40/><U53/><E53/><V24/><F24/><W45/><G45/><T35/><D86/><U73/><E73/><V17/><F13/><W34/><G34/><T44/><D44/><U114/><E114/><V37/><F37/><W2/><REACH who="3" step="1"/><G4/><REACH who="3" ten="204,219,323,244" step="2"/><T133/><D133/><U66/><E66/><V79/><F67/><W90/><G90/><T71/><D71/><U95/><E22/><V100/><F89/><W59/><G59/><T64/><D64/><U42/><E42/><V106/><F57/><W63/><G63/><N who="0" m="24107" /><D52/><U28/><E81/><V111/><F111/><W61/><G61/><AGARI ba="0,1" hai="8,10,11,28,29,30,55,58,61,77,78,84,88,95" machi="61" ten="40,5200,0" yaku="8,1,52,1,54,1" doraHai="80" who="1" fromWho="3" sc="204,0,219,62,323,0,244,-52" /><INIT seed="3,0,0,4,1,25" ten="204,281,323,192" oya="3" hai0="105,27,70,24,50,134,31,58,79,109,101,29,129" hai1="106,66,13,10,9,116,96,4,86,35,81,118,120" hai2="108,40,127,57,3,72,117,90,69,53,125,126,20" hai3="1,62,78,82,124,59,46,102,85,65,119,83,114"/><W30/><G114/><T34/><D70/><U89/><E120/><V67/><F117/><N who="1" m="45161" /><E35/><V110/><F72/><W11/><G119/><T26/><D109/><N who="2" m="42090" /><F3/><W88/><G124/><T107/><D129/><U23/><E66/><V92/><F40/><W12/><G1/><T61/><D134/><U111/><E111/><V48/><F20/><W36/><G102/><T91/><D79/><U131/><E131/><V71/><F67/><W39/><G30/><T115/><D50/><U73/><E73/><V5/><F5/><W45/><G36/><T113/><D91/><U68/><E68/><V15/><F15/><W104/><G104/><N who="0" m="40011" /><D101/><N who="1" m="62759" /><E9/><V7/><F7/><W76/><G39/><T132/><D34/><U17/><E4/><V130/><F130/><W22/><G22/><T84/><D132/><U55/><E23/><V49/><F48/><W0/><G0/><T123/><D123/><U64/><E64/><V52/><F53/><AGARI ba="0,0" hai="10,13,17,53,55,81,86,89" m="62759,45161" machi="53" ten="30,1000,0" yaku="12,1" doraHai="25" who="1" fromWho="2" sc="204,0,281,10,323,-10,192,0" owari="204,-19.6,291,9.1,313,41.3,192,-30.8" /></mjloggm>