<mjloggm ver="2.3"><GO type="225" lobby="0"/><UN n0="%E6%81%A5%E6%99%92%E3%81%97" n1="%E6%B4%BE%E9%81%A3%E3%81%AE%E3%82%B8%E3%83%A3%E3%83%83%E3%82%AF" n2="%E3%82%B2%E3%82%B9%E8%8C%82%E5%8B%9D" n3="%E3%82%BC%E3%83%AB%E3%83%80%E3%81%AE%E4%BC%9D%E8%AA%AC" dan="16,17,16,18" rate="2111.41,2239.20,2073.41,2248.15" sx="M,M,F,M"/><TAIKYOKU oya="0"/><INIT seed="0,0,0,3,1,60" ten="250,250,250,250" oya="0" hai0="4,90,19,34,20,112,76,9,54,93,35,130,133" hai1="96,17,45,5,72,118,3,40,111,109,47,48,30" hai2="61,98,113,132,86,125,71,58,29,107,102,127,56" hai3="88,134,14,65,105,50,117,42,104,70,31,73,80"/><T126/><D112/><U8/><E118/><V59/><F113/><W129/><G117/><T11/><D126/><N who="2" m="48138" /><F29/><W89/><G31/><T120/><D120/><U7/><E30/><V44/><F132/><W10/><G134/><T82/><D133/><U43/><E72/><V0/><F0/><W57/><G129/><T94/><D130/><U36/><E7/><V39/><F71/><W69/><G73/><T91/><D54/><U99/><REACH who="1" step="1"/><E17/><REACH who="1" ten="250,240,250,250" step="2"/><V13/><F13/><W51/><G14/><T15/><D4/><U75/><E75/><V27/><F27/><W67/><G104/><T131/><D131/><U63/><E63/><V110/><F110/><AGARI ba="0,1" hai="3,5,8,36,40,43,45,47,48,96,99,109,110,111" machi="110" ten="40,8000,1" yaku="1,1,14,1,53,3" doraHai="60" doraHaiUra="122" who="1" fromWho="2" sc="250,0,240,90,250,-80,250,0" /><INIT seed="1,0,0,5,5,92" ten="250,330,170,250" oya="1" hai0="97,67,86,132,94,37,134,107,111,116,95,14,102" hai1="31,90,133,120,77,8,103,11,114,105,135,44,53" hai2="106,49,62,26,123,101,76,65,17,18,73,130,19" hai3="69,98,54,29,34,38,22,87,131,60,89,81,6"/><U1/><E114/><V108/><F108/><W48/><G38/><T113/><D113/><U56/><E120/><V63/><F130/><W78/><G131/><T72/><D37/><U104/><E77/><V59/><F123/><W47/><G34/><T25/><D111/><U15/><E31/><V119/><F119/><W109/><G109/><T128/><D128/><U115/><E115/><V3/><F3/><W75/><G6/><T125/><D116/><U42/><E90/><V84/><F73/><W129/><G129/><T121/><D121/><U126/><E1/><V61/><F49/><W20/><G29/><T85/><D72/><U58/><E126/><V10/><F10/><W88/><G89/><T83/><D25/><U7/><E11/><V112/><F112/><W122/><G122/><T127/><D67/><U117/><E117/><V110/><F110/><W68/><G98/><N who="0" m="61911" /><D14/><U74/><E74/><V33/><F26/><W16/><G60/><T13/><D13/><U46/><E56/><V80/><REACH who="2" step="1"/><F33/><REACH who="2" ten="250,330,160,250" step="2"/><W43/><G22/><T96/><D125/><U52/><E8/><V21/><F21/><W64/><G75/><T41/><D127/><U23/><E23/><V40/><F40/><W93/><G43/><T5/><D41/><U55/><E42/><V35/><F35/><W70/><G20/><T50/><D50/><U30/><E15/><V99/><AGARI ba="0,1" hai="17,18,19,59,61,62,63,65,76,80,84,99,101,106" machi="99" ten="30,4000,0" yaku="1,1,0,1,52,1,53,0" doraHai="92" doraHaiUra="9" who="2" fromWho="2" sc="250,-10,330,-20,160,50,250,-10" /><INIT seed="2,0,0,5,1,85" ten="240,310,210,240" oya="2" hai0="68,119,5,113,0,125,39,31,128,96,71,56,45" hai1="19,14,34,124,24,135,64,35,93,132,121,106,53" hai2="90,8,49,95,104,72,78,91,99,58,3,118,97" hai3="47,21,76,120,127,69,55,17,32,63,100,50,6"/><V103/><F118/><W33/><G120/><T65/><D113/><U80/><E106/><V98/><F72/><W62/><G127/><T20/><D125/><U83/><E124/><V16/><F78/><W61/><G69/><T38/><D128/><U82/><E64/><V102/><F97/><W22/><G6/><T11/><D119/><U77/><E77/><V75/><F75/><W133/><G133/><T84/><D56/><U10/><E121/><V105/><F95/><W73/><G100/><T27/><D96/><U123/><E123/><V37/><F37/><W25/><REACH who="3" step="1"/><G22/><REACH who="3" ten="240,310,210,230" step="2"/><T122/><D68/><U1/><E35/><V46/><F58/><W117/><G117/><T66/><D71/><U92/><E34/><V13/><REACH who="2" step="1"/><F3/><REACH who="2" ten="240,310,200,230" step="2"/><W29/><G29/><T67/><D122/><U107/><E1/><V101/><F101/><W129/><G129/><T26/><D31/><U130/><E130/><V86/><F86/><W9/><G9/><T126/><D84/><U81/><E132/><V111/><F111/><W87/><G87/><T89/><D126/><U44/><E135/><V7/><F7/><W51/><G51/><T108/><D0/><U94/><E80/><AGARI ba="0,2" hai="17,21,25,32,33,47,50,55,61,62,63,73,76,80" machi="80" ten="40,2600,0" yaku="1,1,53,1" doraHai="85" doraHaiUra="41" who="3" fromWho="1" sc="240,0,310,-26,200,0,230,46" /><INIT seed="3,0,0,0,4,97" ten="240,284,200,276" oya="3" hai0="27,25,36,132,90,105,20,47,83,63,129,128,122" hai1="41,114,110,75,125,133,21,11,70,91,64,86,81" hai2="112,60,68,101,10,66,5,35,32,1,102,44,89" hai3="49,37,4,109,56,34,3,8,24,111,118,59,79"/><W50/><G37/><T87/><D122/><U78/><E114/><V17/><F112/><W98/><G118/><T88/><D132/><U135/><E41/><V104/><F44/><W76/><G98/><T23/><D63/><U52/><E110/><N who="3" m="41994" /><G56/><T14/><D105/><U119/><E11/><V84/><F17/><W40/><G59/><T26/><D90/><U55/><E21/><V12/><F1/><W43/><G43/><N who="0" m="23015" /><D14/><U116/><E125/><V113/><F113/><W51/><G40/><T123/><D123/><U58/><E70/><V19/><F19/><W134/><G134/><N who="1" m="51210" /><E64/><V2/><F2/><W115/><G115/><T31/><D23/><U38/><E38/><V126/><F126/><W77/><G24/><T22/><D31/><U67/><E67/><V46/><F46/><W96/><G96/><T30/><D30/><U72/><E55/><V106/><F106/><W6/><G6/><T45/><D45/><U95/><E72/><V71/><F71/><W57/><G57/><T117/><D117/><U62/><AGARI ba="0,0" hai="52,58,62,75,78,81,86,91,95,116,119" m="51210" machi="62" ten="30,2000,0" yaku="20,1,54,1" doraHai="97" who="1" fromWho="1" sc="240,-5,284,20,200,-5,276,-10" owari="235,-16.5,304,40.4,195,-30.5,266,6.6" /></mjloggm>