<mjloggm ver="2.3"><GO type="225" lobby="0"/><UN n0="%E8%B5%A4%E5%9F%8E%E7%9C%9F%E5%AD%90" n1="%E7%AD%89%E3%80%85%E5%8A%9B%E5%8A%87%E5%A0%B4" n2="%E3%83%AD%E3%83%83%E3%83%86%E9%9B%80%E7%90%83" n3="%E3%83%A9%E3%83%96%E3%83%AC%E3%83%BC" dan="17,16,17,18" rate="2165.81,2154.79,2214.86,2253.09" sx="F,M,M,M"/><TAIKYOKU oya="0"/><INIT seed="0,0,0,5,1,130" ten="250,250,250,250" oya="0" hai0="22,95,52,47,37,29,2,5,102,43,25,103,117" hai1="3,75,38,64,80,16,41,68,98,72,55,128,27" hai2="60,110,97,119,28,19,125,121,87,0,61,135,124" hai3="70,88,33,90,32,109,46,96,86,73,111,31,120"/><T48/><D117/><U85/><E3/><V45/><F121/><W49/><G70/><T132/><D132/><U42/><E128/><V94/><F110/><N who="3" m="41995" /><G73/><T115/><D115/><U104/><E75/><V66/><F135/><W112/><G112/><T23/><D23/><U35/><E72/><V30/><F119/><W63/><G63/><N who="2" m="24137" /><F66/><W54/><G120/><T4/><D95/><U50/><E64/><V74/><F74/><W89/><G96/><T6/><REACH who="0" step="1"/><D2/><REACH who="0" ten="240,250,250,250" step="2"/><U71/><E35/><N who="3" m="13386" /><G31/><T101/><D101/><U53/><E104/><V56/><F30/><W129/><G129/><T123/><D123/><U82/><E82/><AGARI ba="0,1" hai="46,49,54,82,86,88,89,90" m="13386,41995" machi="82" ten="30,2000,0" yaku="14,1,54,1" doraHai="130" who="3" fromWho="1" sc="240,0,250,-20,250,0,250,30" /><INIT seed="1,0,0,3,3,103" ten="240,230,250,280" oya="1" hai0="100,7,80,96,9,89,88,91,117,2,1,27,21" hai1="121,129,70,31,112,3,84,113,57,128,25,92,18" hai2="67,75,50,90,107,8,45,10,132,108,116,72,49" hai3="43,38,62,120,122,82,36,5,69,11,47,71,22"/><U59/><E70/><V111/><F116/><W13/><G38/><T44/><D117/><U130/><E121/><V15/><F132/><W123/><G62/><T48/><D2/><U83/><E3/><V105/><F67/><W127/><G127/><T23/><D80/><U126/><E92/><V41/><F90/><W16/><REACH who="3" step="1"/><G82/><REACH who="3" ten="240,230,250,270" step="2"/><T135/><D135/><U68/><E126/><V97/><F50/><W52/><G52/><T114/><D114/><U0/><E83/><V124/><F124/><W33/><G33/><T125/><D125/><U98/><E113/><V26/><F49/><W99/><G99/><T74/><D74/><U55/><E98/><V58/><F97/><W14/><AGARI ba="0,1" hai="5,11,13,14,16,22,36,43,47,69,71,120,122,123" machi="14" ten="30,7900,0" yaku="1,1,0,1,54,1,53,1" doraHai="103" doraHaiUra="17" who="3" fromWho="3" sc="240,-20,230,-39,250,-20,270,89" /><INIT seed="2,0,0,3,3,135" ten="220,191,230,359" oya="2" hai0="110,59,37,116,106,91,52,64,20,8,18,61,99" hai1="47,114,109,97,15,34,134,10,76,120,132,74,113" hai2="83,56,105,62,36,53,80,55,78,32,100,94,67" hai3="66,93,122,19,68,117,45,39,70,131,88,60,6"/><V31/><F105/><W111/><G122/><T11/><D37/><U9/><E34/><V38/><F32/><W13/><G117/><T86/><D110/><U17/><E109/><V30/><F38/><W48/><G131/><T130/><D130/><U22/><E47/><V25/><F36/><W21/><G39/><T69/><D116/><U72/><E97/><N who="2" m="59447" /><F78/><W3/><G111/><T46/><D99/><U49/><E49/><V0/><F0/><W87/><G6/><T81/><D106/><U133/><E120/><V58/><F53/><W85/><G87/><T101/><D101/><U95/><E95/><V41/><F41/><W27/><G3/><T118/><D118/><U14/><E22/><N who="2" m="15671" /><F31/><W28/><G70/><T82/><D82/><U102/><E102/><V5/><F5/><W126/><G28/><T33/><D33/><U24/><E24/><V42/><F42/><W89/><G27/><N who="0" m="14743" /><D69/><U79/><E76/><V63/><AGARI ba="0,0" hai="55,56,58,62,63,67,80,83" m="15671,59447" machi="63" ten="30,3000,0" yaku="25,1,8,1" doraHai="135" who="2" fromWho="2" sc="220,-10,191,-10,230,30,359,-10" /><INIT seed="2,1,0,1,2,102" ten="210,181,260,349" oya="2" hai0="44,105,120,36,88,107,80,18,125,103,12,95,26" hai1="52,96,97,48,30,22,69,64,82,98,85,79,76" hai2="8,21,42,4,92,106,111,10,66,49,62,114,77" hai3="11,15,121,129,118,91,31,113,127,14,90,16,73"/><V63/><F114/><W17/><G121/><T23/><D120/><U24/><E69/><V89/><F106/><W46/><G118/><T87/><D125/><U45/><REACH who="1" step="1"/><E64/><REACH who="1" ten="210,171,260,349" step="2"/><V133/><F66/><W71/><G71/><T132/><D132/><U78/><AGARI ba="1,1" hai="22,24,30,45,48,52,76,78,79,82,85,96,97,98" machi="78" ten="30,8000,1" yaku="1,1,2,1,0,1,8,1,54,1,53,0" doraHai="102" doraHaiUra="99" who="1" fromWho="1" sc="210,-21,171,93,260,-41,349,-21" /><INIT seed="3,0,0,3,5,74" ten="189,264,219,328" oya="3" hai0="46,45,102,52,125,100,93,30,88,110,83,96,50" hai1="76,54,19,43,51,70,37,5,18,121,40,122,0" hai2="39,124,81,117,35,130,1,9,58,6,80,21,91" hai3="82,53,27,90,59,2,73,105,23,94,131,111,123"/><W25/><G105/><T63/><D110/><U87/><E70/><V3/><F35/><W32/><G2/><T71/><D125/><U95/><E37/><V22/><F117/><W57/><G123/><T104/><D71/><U26/><E0/><V7/><F39/><W85/><G131/><T109/><D109/><U66/><E66/><V127/><F58/><W15/><G32/><T128/><D128/><U129/><E5/><V120/><F130/><W8/><G59/><N who="0" m="35303" /><D104/><U28/><E129/><V114/><F114/><W118/><G118/><T126/><D126/><N who="2" m="48170" /><F120/><W78/><G23/><N who="2" m="8713" /><F91/><W84/><G73/><T106/><D106/><U60/><E122/><V33/><F33/><W61/><G111/><T98/><D30/><U133/><E28/><V135/><F135/><W16/><AGARI ba="0,0" hai="8,15,16,25,27,53,57,61,78,82,84,85,90,94" machi="16" ten="20,12000,1" yaku="0,1,7,1,8,1,52,1,54,1" doraHai="74" who="3" fromWho="3" sc="189,-40,264,-40,219,-40,328,120" owari="149,-35.1,224,2.4,179,-22.1,448,54.8" /></mjloggm>