<mjloggm ver="2.3"><GO type="225" lobby="0"/><UN n0="%E9%80%9F%E6%B0%B4%E5%87%9B%E9%A6%99" n1="%33%74%72%65%65" n2="%E6%A1%9C%E8%8A%B1%E9%96%83%E3%80%85" n3="%72%69%6F%75%63%68%61%6E" dan="16,17,17,17" rate="2114.92,2200.69,2233.40,2240.50" sx="F,F,M,M"/><TAIKYOKU oya="0"/><INIT seed="0,0,0,3,5,60" ten="250,250,250,250" oya="0" hai0="80,24,85,123,5,31,47,41,45,108,87,89,98" hai1="82,93,72,42,9,49,59,121,36,111,99,66,83" hai2="40,107,104,38,128,61,22,10,73,34,122,112,117" hai3="2,54,132,13,120,118,44,97,7,90,17,71,69"/><T116/><D123/><U63/><E111/><V25/><F122/><W126/><G118/><T92/><D116/><U53/><E121/><V26/><F117/><W11/><G120/><T133/><D108/><U88/><E72/><V28/><F112/><W14/><G126/><T23/><D133/><U19/><E42/><V130/><F73/><W86/><G132/><T16/><D5/><U1/><E36/><V67/><F10/><W64/><G97/><T37/><D47/><N who="1" m="27839" /><E1/><V135/><F135/><W30/><G30/><T33/><REACH who="0" step="1"/><D80/><REACH who="0" ten="240,250,250,250" step="2"/><U127/><E127/><V102/><F130/><W29/><G44/><T68/><D68/><U100/><E100/><V0/><F102/><W21/><G71/><T115/><D115/><U119/><E119/><V18/><F128/><W20/><G69/><T65/><D65/><U57/><E57/><V78/><F67/><W6/><G64/><T43/><D43/><U56/><E56/><V103/><F103/><W35/><G54/><T39/><D39/><U125/><E125/><V94/><F40/><W76/><G6/><T3/><D3/><U101/><E101/><V91/><F38/><W12/><G2/><T48/><D48/><U134/><E134/><V75/><F0/><W4/><G4/><T124/><D124/><U96/><E83/><N who="2" m="45535" /><F61/><W77/><G7/><T50/><D50/><U52/><E82/><V114/><F114/><W58/><G58/><T95/><D95/><U32/><E66/><V106/><F94/><W8/><G77/><T81/><D81/><U70/><E70/><V51/><F51/><W15/><G76/><RYUUKYOKU ba="0,1" sc="240,15,250,-15,250,15,250,-15" hai0="16,23,24,31,33,37,41,45,85,87,89,92,98" hai2="18,22,25,26,28,34,91,104,106,107" /><INIT seed="0,1,1,2,3,124" ten="255,235,265,235" oya="0" hai0="49,16,61,113,62,120,7,82,118,90,85,13,84" hai1="70,46,21,29,83,69,3,76,66,105,43,15,130" hai2="125,35,128,51,106,55,131,19,12,109,115,72,88" hai3="41,127,133,39,38,77,134,6,89,2,122,25,98"/><T63/><D118/><U112/><E3/><V64/><F115/><W119/><G119/><T92/><D120/><U74/><E105/><V93/><F106/><W126/><G122/><T99/><D113/><U91/><E112/><V52/><F125/><N who="3" m="47627" /><G77/><T9/><D49/><U107/><E107/><V14/><F109/><W42/><G25/><T102/><REACH who="0" step="1"/><D84/><REACH who="0" ten="245,235,265,235" step="2"/><U58/><E74/><V110/><F72/><W27/><G38/><T97/><D97/><U103/><E130/><V100/><F51/><W96/><G98/><T71/><D71/><U59/><E70/><V33/><F131/><W68/><G68/><T54/><D54/><U79/><E69/><V1/><F55/><W32/><G39/><T22/><D22/><U30/><E21/><V4/><F52/><W28/><G41/><T121/><D121/><U17/><E59/><V80/><F128/><W73/><G42/><T44/><D44/><U36/><E58/><V48/><F48/><W34/><G34/><T108/><D108/><U132/><E43/><V8/><F110/><W75/><G73/><T10/><D10/><U24/><E36/><V23/><F35/><W0/><G75/><T5/><AGARI ba="1,2" hai="5,7,9,13,16,61,62,63,82,85,90,92,99,102" machi="5" ten="30,11700,0" yaku="1,1,0,1,8,1,54,1,53,0" doraHai="124" doraHaiUra="114" who="0" fromWho="0" sc="245,140,235,-40,265,-40,235,-40" /><INIT seed="0,2,0,2,4,106" ten="385,195,225,195" oya="0" hai0="60,23,18,112,0,67,4,14,84,53,26,34,121" hai1="2,47,109,58,113,29,90,71,74,49,114,10,104" hai2="87,9,43,80,22,63,128,116,56,62,25,50,13" hai3="36,85,7,21,73,98,30,40,55,91,24,96,69"/><T5/><D112/><N who="1" m="43115" /><E109/><V77/><F128/><W41/><G69/><T17/><D121/><U127/><E71/><V57/><F116/><W122/><G122/><T105/><D105/><U118/><E118/><V130/><F130/><W123/><G123/><T68/><D53/><N who="1" m="29887" /><E104/><V125/><F125/><W102/><G73/><T8/><D84/><U101/><E101/><V12/><F12/><W48/><G7/><N who="0" m="1127" /><D60/><N who="2" m="23082" /><F43/><N who="3" m="16459" /><G102/><T31/><D67/><U107/><E107/><V28/><F50/><W132/><G132/><T83/><D83/><U81/><E127/><V120/><F120/><W19/><G19/><AGARI ba="2,0" hai="9,13,19,22,25,28,56,57,77,80,87" m="23082" machi="19" ten="30,1000,0" yaku="8,1" doraHai="106" who="2" fromWho="3" sc="385,0,195,0,225,16,195,-16" /><INIT seed="1,0,0,2,1,121" ten="385,195,241,179" oya="1" hai0="27,52,64,68,112,126,129,20,45,49,82,62,55" hai1="5,128,127,110,28,78,51,130,114,40,109,72,14" hai2="3,0,48,122,92,133,86,66,105,47,71,11,69" hai3="8,61,89,33,103,50,97,57,12,41,56,15,60"/><U38/><E114/><V104/><F122/><W84/><G33/><T37/><D112/><U21/><E127/><V65/><F133/><W85/><G41/><T96/><D126/><U99/><E38/><V18/><F18/><W39/><G39/><T76/><D129/><N who="1" m="49771" /><E99/><V31/><F86/><W26/><G26/><T43/><D96/><U108/><E28/><V115/><F92/><N who="3" m="58791" /><G50/><T25/><D20/><U35/><E35/><V88/><F11/><W63/><G84/><T73/><D55/><U81/><E40/><V58/><F48/><W36/><G36/><T118/><D118/><U32/><E51/><V98/><F31/><W100/><G100/><T70/><D70/><U17/><E32/><V101/><F115/><W2/><G2/><T113/><D113/><U13/><E5/><V124/><F124/><W106/><G106/><T7/><D7/><U1/><E1/><V59/><F101/><W107/><G107/><T30/><D30/><U53/><E53/><V91/><F98/><W116/><G116/><T83/><D83/><U131/><N who="1" m="49779" /><U102/><DORA hai="95" /><E102/><V23/><F47/><AGARI ba="0,0" hai="25,27,37,43,45,47,49,52,62,64,68,73,76,82" machi="47" ten="30,2000,0" yaku="7,1,54,1" doraHai="121,95" who="0" fromWho="2" sc="385,20,195,0,241,-20,179,0" /><INIT seed="2,0,0,3,4,113" ten="405,195,221,179" oya="2" hai0="47,134,43,131,66,69,75,14,61,118,68,48,94" hai1="116,89,33,84,1,42,106,110,111,85,37,126,11" hai2="92,99,28,30,88,7,40,18,0,56,62,119,35" hai3="129,125,71,45,32,82,97,8,24,102,6,135,70"/><V104/><F104/><W78/><G125/><T53/><D75/><U133/><E126/><V120/><F120/><W25/><G129/><T80/><D134/><U91/><E133/><V114/><F114/><W74/><G135/><T79/><D118/><U21/><E33/><V81/><F119/><W96/><G96/><T20/><D131/><U122/><E106/><V109/><F35/><W115/><G115/><T95/><D69/><U4/><E116/><V64/><F109/><N who="1" m="41481" /><E122/><V67/><F40/><W83/><G83/><T130/><D130/><U17/><E37/><V103/><F67/><W57/><G57/><N who="0" m="32935" /><D80/><U105/><E105/><V39/><F39/><W34/><G45/><T98/><D98/><U52/><E42/><V16/><F7/><W29/><G24/><T22/><D79/><U107/><E52/><N who="2" m="34055" /><F0/><W87/><G32/><T13/><D13/><N who="1" m="9391" /><E107/><V65/><F30/><W72/><G74/><T58/><D68/><U127/><E127/><V36/><F28/><W54/><G72/><T9/><D66/><N who="2" m="25706" /><F36/><W101/><G54/><T59/><D43/><U100/><E1/><V49/><F49/><W86/><G71/><T19/><D47/><U77/><E4/><V10/><F10/><W63/><G97/><T15/><D9/><U117/><E11/><V44/><F44/><W108/><G108/><T123/><D123/><U3/><E3/><V50/><F50/><W27/><G70/><T5/><D5/><U46/><E46/><V112/><F112/><W51/><G34/><T90/><D61/><U38/><E117/><V60/><F60/><W23/><G63/><RYUUKYOKU ba="0,0" sc="405,-10,195,-10,221,30,179,-10" hai2="16,18,81,88,92,99,103" /><INIT seed="2,1,0,5,5,123" ten="395,185,251,169" oya="2" hai0="99,77,2,29,130,85,39,120,82,49,107,108,32" hai1="1,5,103,90,101,62,23,31,80,55,119,22,126" hai2="104,41,36,100,48,60,83,50,46,40,116,66,53" hai3="52,117,35,73,131,94,89,121,74,4,7,24,118"/><V63/><F83/><W133/><G121/><T11/><D39/><U30/><E119/><V34/><F34/><W54/><G24/><T19/><D120/><U37/><E37/><V71/><F100/><N who="1" m="38473" /><E5/><N who="3" m="2122" /><G35/><T84/><D99/><U18/><E1/><V115/><F104/><W129/><G133/><T127/><D85/><N who="1" m="50471" /><E126/><V102/><F102/><W70/><G70/><T13/><D49/><U67/><E67/><N who="2" m="41447" /><F115/><W16/><G16/><T26/><D26/><N who="1" m="14679" /><E23/><V87/><F87/><N who="3" m="52543" /><G73/><T134/><D19/><U92/><E92/><V86/><F86/><W59/><G74/><T88/><D13/><U3/><E3/><V15/><F15/><W38/><G38/><T96/><D11/><U25/><E25/><V27/><F27/><W28/><G28/><T51/><D96/><U20/><E20/><V135/><F116/><N who="3" m="44651" /><G59/><AGARI ba="1,0" hai="30,31,55,59,62" m="14679,50471,38473" machi="59" ten="30,1000,0" yaku="8,1" doraHai="123" who="1" fromWho="3" sc="395,0,185,13,251,0,169,-13" /><INIT seed="3,0,0,4,2,109" ten="395,198,251,156" oya="3" hai0="72,67,81,8,129,76,110,38,64,0,51,33,41" hai1="55,27,90,14,106,134,130,28,103,125,128,80,102" hai2="18,96,93,83,98,44,79,69,1,6,15,74,66" hai3="17,111,42,132,123,133,43,32,50,117,118,121,35"/><W20/><G50/><T31/><D51/><U84/><E125/><V39/><F66/><W36/><G36/><T3/><D110/><U47/><E134/><N who="3" m="51818" /><G111/><T78/><D78/><U54/><E14/><V95/><F69/><W61/><G61/><T105/><D129/><N who="1" m="49771" /><E47/><V107/><F107/><W49/><G49/><T126/><D105/><U46/><E46/><V87/><F87/><W45/><G45/><T57/><D126/><U9/><E9/><N who="2" m="2255" /><F98/><W7/><G7/><T92/><D57/><U4/><E4/><V82/><F82/><W26/><G42/><T104/><D81/><U48/><E48/><V5/><F96/><W115/><G43/><T77/><D41/><U59/><E59/><V120/><F5/><W16/><G115/><T108/><D108/><U12/><E55/><V88/><F15/><W24/><G17/><T2/><D38/><U73/><E54/><V23/><F44/><W127/><G127/><T53/><D53/><U112/><E112/><V89/><F39/><W86/><G86/><T62/><D62/><U21/><E12/><V60/><F60/><W10/><G10/><T75/><D8/><U113/><E113/><V97/><F18/><W100/><G100/><N who="1" m="38442" /><E106/><V22/><F22/><W40/><G40/><T99/><D104/><U116/><E116/><N who="3" m="44650" /><G32/><T58/><D58/><U131/><E131/><V68/><F23/><W29/><AGARI ba="0,0" hai="16,20,24,26,29,35,121,123" m="44650,51818" machi="29" ten="40,12000,1" yaku="20,1,34,2,54,1" doraHai="109" who="3" fromWho="3" sc="395,-40,198,-40,251,-40,156,120" /><INIT seed="3,1,0,3,3,25" ten="355,158,211,276" oya="3" hai0="39,26,20,102,109,10,105,117,12,69,119,22,9" hai1="70,81,57,19,50,66,89,63,44,31,37,127,87" hai2="30,41,27,101,38,120,123,53,88,18,97,24,35" hai3="47,135,61,84,21,133,6,29,13,114,126,4,14"/><W130/><G114/><T108/><D39/><U95/><E127/><V52/><F41/><W91/><G126/><T40/><D69/><U0/><E0/><V113/><F38/><W17/><G130/><T131/><D40/><U45/><E19/><V96/><F113/><W32/><G47/><T103/><D131/><U34/><E37/><V110/><F110/><N who="0" m="42602" /><D9/><U7/><E7/><V112/><F112/><W132/><G61/><T78/><D78/><U72/><E72/><V129/><F129/><W64/><G64/><T68/><D68/><U23/><E34/><V59/><F88/><W28/><G32/><T107/><D103/><U80/><E70/><V49/><F53/><W1/><G1/><T99/><D107/><U2/><E2/><V3/><F3/><W83/><G4/><N who="0" m="3143" /><D20/><U116/><E116/><V60/><F60/><W118/><G118/><T58/><D58/><U36/><E36/><V71/><F71/><W92/><G83/><T42/><D42/><U43/><REACH who="1" step="1"/><E45/><REACH who="1" ten="355,148,211,276" step="2"/><V73/><F18/><AGARI ba="1,1" hai="18,22,26,99,102,105,117,119" m="3143,42602" machi="18" ten="30,1000,0" yaku="14,1" doraHai="25" who="0" fromWho="2" sc="355,23,148,0,211,-13,276,0" owari="378,47.8,148,-35.2,198,-20.2,276,7.6" /></mjloggm>