<mjloggm ver="2.3"><GO type="225" lobby="0"/><UN n0="%E9%80%9F%E6%B0%B4%E5%87%9B%E9%A6%99" n1="%33%74%72%65%65" n2="%E3%81%95%E3%81%8D%E3%81%9F%E3%81%BE%E6%9E%97%E6%AA%8E" n3="%E3%81%A1%E3%82%85%E3%81%86%E3%81%A9%E3%81%8F%E8%B1%A1%E3%81%95%E3%82%93" dan="16,17,16,17" rate="2163.00,2203.82,2158.71,2137.33" sx="F,F,M,M"/><TAIKYOKU oya="0"/><INIT seed="0,0,0,2,2,90" ten="250,250,250,250" oya="0" hai0="4,12,135,104,5,107,16,83,65,131,92,6,109" hai1="133,48,62,45,97,99,29,26,57,60,56,7,86" hai2="47,41,32,120,132,100,15,102,17,63,71,50,46" hai3="54,67,105,115,61,37,101,76,1,22,27,121,93"/><T21/><D135/><U106/><E133/><V85/><F132/><W13/><G115/><T23/><D131/><U127/><E127/><V28/><F120/><W118/><G118/><T112/><D112/><U18/><E7/><V98/><F85/><W77/><G1/><T43/><D43/><N who="1" m="24639" /><E29/><V3/><F3/><W42/><G105/><T39/><D39/><U128/><E106/><V126/><F126/><W59/><G121/><T69/><D83/><U114/><E128/><V25/><F47/><W44/><G13/><T82/><D82/><U73/><E73/><V66/><REACH who="2" step="1"/><F98/><REACH who="2" ten="250,250,240,250" step="2"/><N who="3" m="59599" /><G54/><T10/><D109/><U70/><E86/><V34/><F34/><W88/><G88/><T49/><D65/><N who="1" m="39047" /><E114/><V80/><F80/><W129/><G129/><T116/><D116/><U94/><E94/><V0/><F0/><W36/><G36/><T124/><D124/><U53/><E70/><V30/><F30/><AGARI ba="0,1" hai="22,27,30,37,42,44,59,61,67,76,77" m="59599" machi="30" ten="30,2000,0" yaku="25,1,52,1" doraHai="90" who="3" fromWho="2" sc="250,0,250,0,240,-20,250,30" /><INIT seed="1,0,0,3,2,1" ten="250,250,220,280" oya="1" hai0="102,90,91,123,100,103,110,21,70,30,128,73,44" hai1="87,43,125,51,12,33,79,38,119,4,17,71,111" hai2="81,105,130,115,50,52,47,93,96,41,65,8,5" hai3="108,131,66,13,3,0,124,28,59,121,129,48,64"/><U113/><E113/><V11/><F130/><N who="3" m="49675" /><G121/><T135/><D70/><U62/><E119/><V58/><F115/><W57/><G28/><T83/><D123/><U132/><E38/><V77/><F105/><W34/><G34/><T53/><D128/><U24/><E132/><V15/><F65/><N who="3" m="25195" /><G13/><T20/><D110/><U18/><E71/><V29/><F29/><W94/><G94/><T69/><D69/><U134/><E134/><V109/><F109/><W92/><G92/><T46/><D135/><U67/><E111/><V112/><F112/><W114/><G108/><T42/><D73/><U49/><E12/><V19/><F93/><W78/><G78/><T101/><D83/><U31/><E79/><V99/><F11/><W16/><G48/><T116/><N who="0" m="25600" /><DORA hai="107" /><T104/><D104/><U80/><E51/><V95/><F95/><W26/><G26/><T45/><D30/><U63/><E31/><V86/><REACH who="2" step="1"/><F19/><REACH who="2" ten="250,250,210,280" step="2"/><W27/><G114/><T6/><D116/><U36/><E18/><V118/><F118/><W120/><G16/><T82/><D82/><U97/><E17/><V7/><F7/><W76/><G0/><T37/><D6/><U40/><E4/><V56/><F56/><W35/><G3/><T25/><D20/><U126/><E80/><V89/><F89/><W54/><G57/><T122/><D122/><U84/><E33/><V61/><AGARI ba="0,1" hai="5,8,15,41,47,50,52,58,61,77,81,86,96,99" machi="61" ten="20,16000,3" yaku="1,1,0,1,7,1,25,2,8,1,52,1,54,1,53,2" doraHai="1,107" doraHaiUra="10,74" who="2" fromWho="2" sc="250,-40,250,-80,210,170,280,-40" /><INIT seed="2,0,0,5,5,127" ten="210,170,380,240" oya="2" hai0="69,89,78,73,95,117,2,84,103,37,24,30,44" hai1="126,124,97,13,112,18,86,7,8,65,72,110,60" hai2="130,94,132,119,43,29,91,101,49,114,105,74,96" hai3="36,5,66,81,50,79,125,23,35,123,75,68,122"/><V42/><F114/><W17/><G35/><T131/><D69/><U25/><E72/><V80/><F119/><W99/><G36/><T9/><D117/><U45/><E112/><V48/><F132/><W3/><G125/><T27/><D103/><U57/><E110/><V58/><F29/><W53/><G99/><T22/><D24/><U46/><E97/><V19/><F19/><W6/><G66/><T90/><D90/><U62/><E126/><V55/><F49/><W77/><G68/><T120/><D120/><U31/><E124/><V135/><F135/><W54/><G79/><T26/><D26/><U59/><E7/><V32/><F32/><W34/><G34/><T92/><D92/><U102/><E102/><V39/><F39/><W111/><G111/><T16/><D73/><U133/><E133/><V51/><F51/><W93/><G93/><T52/><D78/><U108/><E108/><V12/><F12/><W41/><G41/><T121/><D121/><U4/><E4/><V129/><F80/><W82/><G82/><T67/><D67/><U56/><E86/><N who="2" m="52599" /><F74/><W104/><G104/><T118/><D118/><U64/><REACH who="1" step="1"/><E59/><REACH who="1" ten="210,160,380,240" step="2"/><V107/><F107/><W109/><G109/><T70/><D70/><U116/><E116/><V87/><F87/><W61/><G5/><T128/><D84/><U98/><E98/><V33/><F58/><W100/><G100/><T38/><D2/><U83/><E83/><V28/><F96/><W11/><G122/><T10/><D95/><U106/><E106/><V1/><F105/><W113/><G113/><T15/><D89/><RYUUKYOKU ba="0,1" sc="210,-10,160,30,380,-10,240,-10" hai1="8,13,18,25,31,45,46,56,57,60,62,64,65" /><INIT seed="3,1,1,0,0,1" ten="200,190,370,230" oya="3" hai0="39,128,121,48,81,70,15,63,22,97,87,106,75" hai1="49,18,72,62,51,5,32,88,84,12,60,77,44" hai2="33,109,38,0,46,125,107,58,110,65,134,34,55" hai3="37,105,101,19,23,43,29,35,53,108,131,24,122"/><W130/><G122/><T96/><D39/><U100/><E32/><V41/><F134/><W57/><G43/><T61/><D75/><U8/><E100/><V79/><F125/><W45/><G37/><T11/><D70/><U86/><E72/><V10/><F107/><W74/><G74/><T56/><D106/><U104/><E104/><V21/><F65/><W83/><G83/><T117/><D117/><U28/><E28/><V2/><F79/><W50/><G108/><T36/><D36/><U135/><E135/><V27/><F34/><W82/><G82/><T68/><D68/><U71/><E71/><V54/><F33/><W31/><G45/><T30/><D128/><N who="3" m="49193" /><G35/><T124/><D124/><U111/><E111/><V92/><F46/><W118/><G118/><T9/><D121/><U69/><E69/><V66/><F41/><W26/><G24/><N who="0" m="16663" /><D48/><N who="1" m="18507" /><E44/><V67/><F27/><W119/><G119/><T7/><D9/><U133/><E133/><V129/><F38/><W126/><G126/><T94/><D94/><N who="1" m="54535" /><E18/><V99/><F129/><W114/><G114/><T95/><D95/><U16/><E16/><V4/><F109/><W52/><G53/><N who="0" m="33935" /><D63/><U98/><E98/><AGARI ba="1,1" hai="19,23,26,29,31,50,52,57,98,101,105" m="49193" machi="98" ten="30,2900,0" yaku="19,1,54,1" doraHai="1" who="3" fromWho="1" sc="200,0,190,-32,370,0,230,42" /><INIT seed="3,2,0,4,0,109" ten="200,158,370,272" oya="3" hai0="75,28,1,43,92,47,107,36,122,27,54,12,46" hai1="130,105,94,31,76,104,20,119,114,123,112,45,126" hai2="106,80,135,57,39,50,42,9,99,21,83,63,10" hai3="25,115,2,131,13,3,60,18,51,77,4,15,49"/><W108/><G131/><T23/><D1/><U85/><E31/><V70/><F135/><W110/><G77/><T74/><D107/><N who="1" m="41035" /><E20/><V30/><F70/><W6/><G60/><T118/><D122/><U58/><E58/><V22/><F39/><W96/><G96/><T56/><D46/><U120/><E45/><N who="2" m="25911" /><F106/><W64/><G64/><T101/><D12/><U35/><E35/><V134/><F99/><W100/><G100/><T11/><D11/><N who="2" m="4106" /><F134/><W16/><G25/><T87/><D118/><U33/><E33/><V132/><F132/><W7/><G7/><T128/><D128/><U55/><E55/><N who="2" m="34239" /><F22/><W40/><G40/><T44/><D27/><AGARI ba="2,0" hai="21,27,30,80,83" m="34239,4106,25911" machi="27" ten="30,1000,0" yaku="8,1" doraHai="109" who="2" fromWho="0" sc="200,-16,158,0,370,16,272,0" owari="184,-21.6,158,-34.2,386,48.6,272,7.2" /></mjloggm>