<mjloggm ver="2.3"><GO type="225" lobby="0"/><UN n0="%E3%82%A2%E3%82%A4%E3%82%B9%E3%83%86%E3%82%A3%E3%83%BC%E3%81%82%E3%81%B9" n1="%E6%B8%A9%E2%98%85%E6%83%85%E2%98%85%E6%8E%AA%E2%98%85%E7%BD%AE" n2="%72%61%6B%33" n3="%E3%81%BF%E3%81%BF%E3%81%9A" dan="16,17,16,16" rate="2077.35,2231.11,2046.95,2145.80" sx="M,M,M,M"/><TAIKYOKU oya="0"/><INIT seed="0,0,0,2,5,81" ten="250,250,250,250" oya="0" hai0="48,70,80,88,60,127,46,21,133,62,36,102,17" hai1="39,18,16,90,78,113,130,34,111,105,108,25,101" hai2="22,128,56,9,95,110,67,122,77,129,2,20,32" hai3="38,112,69,125,13,109,8,54,40,58,74,50,23"/><T106/><D127/><U92/><E39/><V28/><F77/><W107/><G112/><T66/><D133/><U73/><E113/><V121/><F67/><W98/><G74/><T132/><D132/><U89/><E130/><N who="2" m="50283" /><F56/><W65/><G125/><T131/><D131/><U120/><E120/><N who="2" m="46187" /><F95/><W71/><G109/><N who="1" m="42058" /><E78/><V85/><F85/><W119/><G119/><T51/><D60/><U45/><E73/><V64/><F64/><W35/><G35/><T114/><D114/><U124/><E45/><V55/><F55/><W10/><G65/><T15/><D102/><U12/><E105/><V3/><F110/><W79/><G79/><T117/><D117/><U27/><E34/><V1/><F9/><W68/><G107/><T4/><D106/><U37/><E37/><V42/><F42/><W83/><G38/><T116/><D116/><U126/><E90/><V53/><F53/><W76/><G40/><T93/><D80/><U43/><E43/><V0/><N who="2" m="0" /><DORA hai="91" /><V86/><F86/><W11/><G98/><T52/><D36/><U115/><E101/><V24/><AGARI ba="0,0" hai="20,22,24,28,32" m="0,46187,50283" machi="24" ten="70,8000,1" yaku="19,1,34,2" doraHai="81,91" who="2" fromWho="2" sc="250,-40,250,-20,250,80,250,-20" /><INIT seed="1,0,0,4,3,73" ten="210,230,330,230" oya="1" hai0="68,79,135,107,118,100,69,25,18,82,83,27,29" hai1="38,37,21,87,96,46,105,124,77,16,119,57,48" hai2="36,55,32,60,42,125,74,2,65,35,121,56,1" hai3="120,51,26,109,5,15,53,9,129,97,88,98,126"/><U72/><E119/><V85/><F74/><W71/><G120/><T116/><D135/><U134/><E72/><V78/><F121/><W31/><G71/><T90/><D90/><U130/><E134/><V10/><F125/><W44/><G126/><T95/><D107/><U58/><E124/><V99/><F99/><W47/><G109/><T8/><D95/><U127/><E127/><V66/><F35/><W23/><G129/><T34/><D100/><U28/><E28/><V108/><F32/><W33/><G33/><T61/><D83/><N who="1" m="47599" /><E38/><V104/><F104/><W41/><REACH who="3" step="1"/><G88/><REACH who="3" ten="210,230,330,220" step="2"/><T17/><D69/><U70/><E70/><V20/><F108/><W39/><AGARI ba="0,1" hai="5,9,15,23,26,31,39,41,44,47,51,53,97,98" machi="39" ten="20,5200,0" yaku="1,1,2,1,0,1,7,1,53,0" doraHai="73" doraHaiUra="133" who="3" fromWho="3" sc="210,-13,230,-26,330,-13,220,62" /><INIT seed="2,0,0,2,1,119" ten="197,204,317,282" oya="2" hai0="117,111,70,113,33,131,96,40,17,103,14,5,115" hai1="34,128,124,10,65,116,36,23,76,21,0,90,8" hai2="30,94,4,3,77,110,97,43,98,60,71,51,58" hai3="78,85,13,87,54,82,118,26,132,61,41,125,126"/><V57/><F71/><W123/><G118/><T2/><D70/><U53/><E116/><V48/><F110/><W68/><G132/><T129/><D117/><U107/><E107/><V31/><F3/><W27/><G41/><T62/><D62/><U29/><E36/><V42/><F4/><W55/><G13/><T22/><D40/><U59/><E34/><V28/><F77/><W114/><G114/><T93/><D33/><U92/><E0/><V134/><F134/><W37/><G37/><T105/><D111/><U89/><E128/><N who="0" m="49225" /><D105/><U7/><E76/><V69/><F69/><W38/><G38/><T135/><D135/><U67/><E90/><V83/><F83/><W16/><G87/><T63/><D63/><N who="1" m="36335" /><E124/><N who="3" m="47722" /><G27/><T74/><D74/><U80/><E67/><V120/><F120/><W64/><G123/><T102/><D103/><U32/><E65/><V12/><F12/><W46/><G46/><T47/><D47/><U133/><E32/><V75/><F75/><W52/><G55/><T91/><D102/><U127/><E127/><V66/><F43/><W130/><G130/><T45/><D45/><U19/><E133/><V88/><F42/><W86/><G85/><T81/><D81/><U24/><E80/><V39/><F39/><W35/><G35/><T104/><D104/><U11/><E7/><V44/><F44/><W101/><G101/><T25/><D2/><U122/><E122/><V100/><F57/><W73/><G73/><T20/><D5/><U84/><E19/><AGARI ba="0,0" hai="14,17,19,20,22,25,91,93,96,113,115" m="49225" machi="19" ten="30,1000,0" yaku="19,1" doraHai="119" who="0" fromWho="1" sc="197,10,204,-10,317,0,282,0" /><INIT seed="3,0,0,2,2,66" ten="207,194,317,282" oya="3" hai0="117,111,28,58,48,33,41,67,106,78,56,105,110" hai1="84,62,134,79,97,14,68,119,122,29,114,13,80" hai2="124,82,49,37,113,83,88,7,18,19,72,6,90" hai3="44,101,26,12,86,23,76,54,93,91,135,132,126"/><W133/><G126/><T3/><D3/><U103/><E122/><V51/><F37/><W40/><G12/><T118/><D78/><U15/><E114/><V65/><F65/><W10/><G10/><T85/><D85/><U87/><E134/><V104/><F104/><W57/><G101/><T100/><D28/><U75/><E119/><N who="0" m="45577" /><D33/><U36/><E36/><V30/><F30/><W52/><G57/><N who="0" m="22123" /><D100/><U53/><E53/><V24/><F124/><W116/><G76/><T1/><D1/><U35/><E62/><V129/><F24/><W120/><G120/><T39/><D39/><U2/><E68/><V50/><F50/><N who="3" m="26887" /><G116/><T60/><D106/><U55/><E55/><V63/><F63/><W31/><AGARI ba="0,0" hai="23,26,31,52,54,86,91,93,132,133,135" m="26887" machi="31" ten="30,3000,0" yaku="20,1,54,1" doraHai="66" who="3" fromWho="3" sc="207,-10,194,-10,317,-10,282,30" owari="197,-20.3,184,-31.6,307,10.7,312,41.2" /></mjloggm>