<mjloggm ver="2.3"><GO type="225" lobby="0"/><UN n0="%E3%81%95%E3%81%8D%E3%81%9F%E3%81%BE%E6%9E%97%E6%AA%8E" n1="%E5%80%89%E6%A9%8B%EF%BC%A0%E4%BA%8B%E5%8B%99" n2="%6D%75%75%6D%75%72%61" n3="%E2%91%A3%E9%81%BF%E9%81%8A%E6%88%AF%E3%80%90%E6%9D%B1%E5%8D%97%E3%80%91" dan="16,16,16,16" rate="2112.16,2090.62,2149.21,2114.60" sx="M,M,F,M"/><TAIKYOKU oya="0"/><INIT seed="0,0,0,1,1,77" ten="250,250,250,250" oya="0" hai0="17,122,6,90,101,53,19,60,40,98,15,30,99" hai1="109,16,95,84,128,89,67,69,44,107,78,1,115" hai2="83,35,129,119,71,10,116,50,42,97,45,108,62" hai3="38,57,46,51,118,13,110,24,28,70,73,88,127"/><T52/><D122/><U39/><E107/><V74/><F108/><W72/><G110/><T61/><D40/><U9/><E109/><V93/><F35/><W58/><G118/><T130/><D130/><U113/><E128/><V132/><F129/><W126/><G70/><T82/><D101/><U27/><E78/><V76/><F132/><W12/><G38/><T75/><D75/><U92/><E1/><V20/><F20/><W135/><G135/><T133/><D133/><U79/><E79/><V5/><F62/><N who="0" m="24170" /><D30/><U87/><E67/><V86/><F74/><W55/><G72/><T65/><D65/><U33/><E69/><V23/><F23/><W124/><G73/><T103/><D6/><U11/><E33/><V66/><F66/><W36/><G36/><T114/><D114/><N who="1" m="43531" /><E39/><V121/><F121/><W18/><G13/><T102/><D102/><U54/><E54/><N who="0" m="21097" /><D103/><U49/><E49/><V41/><F41/><W134/><G134/><T111/><D111/><U105/><E44/><V85/><F71/><W104/><G104/><T96/><D15/><N who="1" m="7279" /><E105/><V59/><F116/><W123/><G123/><T34/><D34/><U81/><E27/><V106/><F106/><W0/><G24/><T8/><D8/><U31/><E31/><V14/><F119/><W100/><G28/><T37/><D37/><U2/><E2/><V4/><F4/><W91/><G0/><T32/><D32/><U26/><E26/><V43/><F43/><W3/><G3/><T7/><D7/><U56/><E11/><V47/><F42/><W68/><G68/><T80/><D90/><RYUUKYOKU ba="0,0" sc="250,30,250,-10,250,-10,250,-10" hai0="17,19,80,82,96,98,99" /><INIT seed="0,1,0,0,4,42" ten="280,240,240,240" oya="0" hai0="69,15,17,44,49,120,111,9,99,5,80,33,73" hai1="117,126,52,26,89,93,77,41,124,95,79,118,56" hai2="28,45,71,135,10,66,125,84,102,88,16,114,12" hai3="131,51,46,76,1,48,36,134,91,67,34,129,107"/><T57/><D120/><U14/><E41/><V21/><F114/><W110/><G107/><T4/><D69/><U74/><E26/><V27/><F135/><W18/><G134/><T75/><D33/><U68/><E68/><V0/><F125/><N who="1" m="48233" /><E14/><V108/><F108/><W7/><G110/><T101/><D111/><U29/><E29/><V37/><F0/><W47/><G34/><T55/><D75/><U39/><E39/><V94/><F102/><W25/><G36/><T23/><D73/><U59/><E74/><V20/><F10/><N who="3" m="2415" /><G67/><T96/><D80/><U123/><E123/><V90/><F90/><W82/><G91/><T43/><D101/><U127/><E127/><V112/><F112/><W50/><G25/><T130/><D130/><N who="3" m="49673" /><G18/><T119/><D119/><U92/><E89/><V22/><F22/><W35/><G35/><T86/><D86/><AGARI ba="1,0" hai="46,47,48,50,51,76,82,86" m="49673,2415" machi="86" ten="30,3900,0" yaku="19,1,52,2" doraHai="42" who="3" fromWho="0" sc="280,-42,240,0,240,0,240,42" /><INIT seed="1,0,0,1,4,5" ten="238,240,240,282" oya="1" hai0="66,51,84,122,32,105,41,64,133,135,0,94,10" hai1="59,120,46,21,29,11,56,125,71,2,26,121,76" hai2="123,39,134,17,89,126,77,52,54,28,111,18,116" hai3="75,48,15,124,102,1,42,128,106,132,49,37,85"/><U47/><E71/><V119/><F123/><W53/><G75/><T9/><D122/><U62/><E125/><V88/><F126/><W96/><G124/><T87/><D0/><U80/><E120/><V69/><F69/><W60/><G1/><T129/><D32/><U55/><E121/><V86/><F39/><W20/><G37/><T91/><D105/><U19/><E59/><V16/><F111/><W72/><G72/><T103/><D103/><U6/><REACH who="1" step="1"/><E29/><REACH who="1" ten="238,230,240,282" step="2"/><V30/><F30/><W83/><G128/><T13/><D129/><U114/><E114/><V108/><F28/><W43/><G132/><T131/><D131/><U78/><E78/><V107/><F77/><W14/><G43/><T97/><D135/><U67/><E67/><N who="0" m="25641" /><D133/><U98/><E98/><V81/><F134/><W65/><G42/><T93/><D97/><U115/><E115/><V22/><F108/><W117/><G117/><T36/><D36/><U58/><E58/><V127/><F127/><W8/><G53/><T68/><D68/><U40/><E40/><V27/><F116/><W3/><G65/><T74/><D41/><U73/><AGARI ba="0,1" hai="2,6,11,19,21,26,46,47,55,56,62,73,76,80" machi="73" ten="20,12000,1" yaku="1,1,0,1,7,1,52,1,53,1" doraHai="5" doraHaiUra="33" who="1" fromWho="1" sc="238,-40,230,130,240,-40,282,-40" /><INIT seed="1,1,0,1,0,134" ten="198,360,200,242" oya="1" hai0="91,25,46,74,124,8,27,66,57,50,81,61,132" hai1="129,36,103,78,42,21,94,69,18,17,15,83,125" hai2="89,105,24,23,135,29,14,54,19,123,11,32,98" hai3="5,73,75,117,128,112,3,82,67,38,52,43,20"/><U37/><E69/><V80/><F123/><W85/><G112/><T71/><D132/><U30/><E30/><V122/><F122/><W92/><G128/><T13/><D71/><U130/><E42/><V2/><F135/><W16/><G117/><T127/><D91/><U95/><E18/><V121/><F121/><W9/><G67/><T53/><D81/><U64/><E64/><V60/><F105/><W56/><G43/><T101/><D101/><U126/><E37/><V44/><F2/><W109/><G38/><T31/><D74/><N who="1" m="43479" /><E36/><V6/><F32/><W26/><G92/><N who="1" m="35370" /><E103/><V102/><F102/><W33/><G33/><T22/><REACH who="0" step="1"/><D25/><REACH who="0" ten="188,360,200,242" step="2"/><U87/><E87/><V118/><F24/><W115/><G115/><T62/><D62/><U58/><E58/><V79/><F60/><W107/><G107/><T48/><D48/><U120/><E120/><V77/><F80/><W35/><G35/><T34/><D34/><U93/><E93/><V86/><F89/><W110/><G75/><T28/><D28/><U96/><E96/><V39/><F29/><W40/><G73/><T88/><D88/><U10/><E21/><V113/><F39/><W4/><G26/><T100/><D100/><U0/><E0/><V59/><F23/><W51/><G3/><T68/><D68/><U70/><E70/><V72/><F59/><W111/><G20/><T114/><D114/><U84/><E84/><V45/><F113/><W1/><G1/><T131/><D131/><AGARI ba="1,1" hai="10,15,17,125,126,129,130,131" m="35370,43479" machi="131" ten="30,5800,0" yaku="19,1,52,2" doraHai="134" who="1" fromWho="0" sc="188,-61,360,71,200,0,242,0" /><INIT seed="1,2,0,5,5,74" ten="127,431,200,242" oya="1" hai0="105,25,7,108,80,132,130,109,81,88,102,116,133" hai1="50,101,54,114,87,55,92,84,36,112,104,60,24" hai2="41,18,47,70,97,42,19,86,33,30,103,28,1" hai3="121,14,32,37,59,69,53,118,91,76,39,22,123"/><U77/><E36/><V21/><F1/><W49/><G32/><T113/><D7/><U27/><E104/><V16/><F70/><W65/><G118/><T122/><D25/><U126/><E126/><V75/><F75/><W82/><G91/><T131/><D116/><U72/><E72/><V100/><F33/><W62/><G22/><T6/><D6/><U2/><E2/><V29/><F86/><W110/><G14/><T64/><D64/><U38/><E60/><V13/><F97/><W34/><G34/><T43/><D43/><N who="2" m="16394" /><F47/><W48/><G76/><T96/><D113/><U95/><E50/><N who="3" m="19562" /><G82/><N who="0" m="31851" /><D122/><N who="3" m="46601" /><G110/><N who="0" m="42603" /><D88/><U90/><E90/><V111/><F111/><W9/><G9/><T68/><D68/><U58/><E24/><V98/><F98/><W73/><G73/><T51/><D51/><AGARI ba="2,0" hai="37,39,51,53,59,62,65,69" m="46601,19562" machi="51" ten="30,2000,0" yaku="34,2" doraHai="74" who="3" fromWho="0" sc="127,-26,431,0,200,0,242,26" /><INIT seed="2,0,0,4,0,102" ten="101,431,200,268" oya="2" hai0="78,19,99,109,40,93,131,92,125,47,97,69,98" hai1="60,17,68,91,25,130,62,50,3,39,105,84,41" hai2="7,12,28,11,52,21,132,53,103,0,4,83,26" hai3="128,20,95,113,117,88,54,110,80,129,101,124,2"/><V79/><F132/><W34/><G34/><T94/><D69/><U114/><E3/><V43/><F43/><W106/><G2/><T73/><D19/><U44/><E105/><V46/><F103/><W81/><G54/><T61/><D61/><U100/><E100/><V27/><F46/><W134/><G20/><T14/><D14/><U13/><E25/><V22/><F0/><W42/><G42/><T96/><D47/><U127/><E127/><V15/><F4/><W10/><G10/><T122/><D40/><U72/><E72/><V24/><F12/><W63/><G63/><T30/><D30/><U33/><E130/><N who="3" m="50282" /><G117/><T56/><D56/><U16/><E114/><V87/><F26/><W32/><G32/><T6/><D6/><U111/><E111/><V70/><F70/><W23/><G23/><T82/><D131/><U8/><E33/><V31/><AGARI ba="0,0" hai="7,11,15,21,22,24,27,28,31,52,53,79,83,87" machi="31" ten="20,12000,1" yaku="0,1,7,1,9,1,8,1,54,1" doraHai="102" who="2" fromWho="2" sc="101,-40,431,-40,200,120,268,-40" /><INIT seed="2,1,0,2,1,36" ten="61,391,320,228" oya="2" hai0="41,13,73,128,112,135,7,51,130,105,49,81,6" hai1="133,115,35,119,63,31,124,38,86,85,110,118,29" hai2="54,87,14,8,80,103,50,15,114,96,68,131,89" hai3="84,62,59,99,22,76,17,45,123,102,2,10,132"/><V116/><F114/><W95/><G123/><T79/><D112/><U9/><E115/><V3/><F116/><W28/><G132/><T72/><D135/><U109/><E38/><V82/><F131/><N who="0" m="50218" /><D105/><U129/><E133/><V108/><F68/><W46/><G2/><T88/><D73/><U12/><E129/><V77/><F108/><N who="1" m="41577" /><E124/><V120/><F120/><W27/><G10/><N who="0" m="4311" /><D7/><N who="1" m="3135" /><E63/><V39/><F39/><W134/><G134/><T90/><D51/><U91/><E86/><V75/><F3/><W47/><G76/><T65/><D65/><U30/><E35/><V58/><REACH who="2" step="1"/><F8/><REACH who="2" ten="61,391,310,228" step="2"/><W66/><REACH who="3" step="1"/><G84/><REACH who="3" ten="61,391,310,218" step="2"/><T11/><D11/><U104/><E104/><AGARI ba="1,2" hai="14,15,50,54,58,75,77,80,82,87,89,96,103,104" machi="104" ten="30,5800,0" yaku="1,1,2,1,7,1,53,0" doraHai="36" doraHaiUra="33" who="2" fromWho="1" sc="61,0,391,-61,310,81,218,0" /><INIT seed="2,2,0,5,0,40" ten="61,330,391,218" oya="2" hai0="113,60,77,13,131,117,97,56,25,35,80,115,134" hai1="95,0,12,69,55,78,132,119,104,23,62,42,50" hai2="127,15,5,108,135,47,81,100,129,37,109,45,57" hai3="49,52,99,31,90,32,54,74,34,111,92,102,76"/><V59/><F129/><W84/><G111/><N who="2" m="42569" /><F135/><W29/><G34/><T71/><D71/><U118/><E104/><V63/><F127/><W83/><G32/><T53/><D131/><U128/><E0/><V88/><F37/><W125/><G125/><T43/><D134/><U38/><E132/><V33/><F33/><W19/><G54/><T28/><D117/><U105/><E105/><V16/><F5/><W2/><G2/><T65/><D43/><U8/><E23/><N who="2" m="11679" /><F100/><W110/><G110/><T41/><D41/><U58/><E42/><V22/><F22/><W72/><G72/><T67/><D115/><U103/><E38/><V24/><F24/><W64/><G64/><T66/><D113/><U120/><E128/><V4/><F4/><W75/><G75/><T85/><D97/><U94/><E120/><V73/><F57/><W20/><G74/><T124/><D124/><U30/><E103/><V36/><F36/><W68/><G68/><T14/><REACH who="0" step="1"/><D35/><REACH who="0" ten="51,330,391,218" step="2"/><U121/><E69/><V130/><F130/><W9/><G76/><T107/><D107/><U48/><E78/><N who="2" m="44239" /><F88/><N who="3" m="51231" /><G102/><T133/><D133/><U6/><E119/><V101/><F101/><W82/><G82/><T122/><D122/><U10/><E118/><V51/><F51/><W126/><G126/><T87/><D87/><U17/><E121/><V86/><F86/><W39/><G39/><T79/><D79/><U1/><E50/><V11/><F63/><W112/><G112/><T46/><D46/><U21/><E62/><V93/><F47/><N who="3" m="27711" /><G20/><T44/><D44/><U123/><E123/><V98/><F45/><RYUUKYOKU ba="2,1" sc="51,10,330,10,391,-30,218,10" hai0="13,14,25,28,53,56,60,65,66,67,77,80,85" hai1="1,6,8,10,12,17,21,30,48,55,58,94,95" hai3="9,19,29,31,90,92,99" /><INIT seed="3,3,1,2,3,72" ten="61,340,361,228" oya="3" hai0="13,23,100,19,84,36,47,8,126,50,77,17,97" hai1="53,30,48,73,49,7,91,25,118,41,87,89,123" hai2="98,119,93,46,61,22,11,45,14,116,51,55,9" hai3="38,125,132,6,66,59,85,86,37,0,106,130,60"/><W43/><G106/><T34/><D126/><U15/><E123/><V120/><F120/><W108/><G125/><T101/><D36/><U67/><E118/><V82/><F82/><W12/><G132/><T113/><D113/><U24/><E73/><V56/><F22/><W18/><G130/><T95/><D34/><U32/><E67/><V27/><F27/><W64/><G64/><T94/><D94/><N who="1" m="54591" /><E32/><V57/><F57/><W99/><G0/><T80/><D101/><U131/><E131/><V92/><F45/><W76/><G6/><T122/><D122/><U104/><E104/><V31/><F31/><W75/><G99/><T2/><D2/><U127/><E127/><V128/><F93/><W103/><G103/><T10/><REACH who="0" step="1"/><D19/><REACH who="0" ten="51,340,361,228" step="2"/><U21/><E7/><V65/><F128/><W39/><G38/><T88/><D88/><U109/><E91/><V1/><F116/><W96/><G39/><T20/><D20/><N who="1" m="15623" /><E109/><V124/><F124/><W54/><G108/><T90/><D90/><U105/><E105/><V83/><F119/><W129/><G37/><T44/><D44/><N who="1" m="25615" /><E15/><V42/><F1/><W70/><G12/><T29/><D29/><U26/><E21/><V115/><F115/><W62/><G129/><T107/><D107/><U78/><E78/><V117/><F117/><W111/><G76/><T4/><D4/><U35/><E35/><V33/><F33/><W16/><G18/><T114/><D114/><U74/><E74/><V102/><F83/><W79/><G16/><T58/><D58/><AGARI ba="3,2" hai="25,26,49,53,58" m="25615,15623,54591" machi="58" ten="30,1000,0" yaku="8,1" doraHai="72" who="1" fromWho="0" sc="51,-19,340,39,361,0,228,0" owari="32,-46.8,379,47.9,361,16.1,228,-17.2" /></mjloggm>