<mjloggm ver="2.3"><GO type="225" lobby="0"/><UN n0="%E6%81%A5%E6%99%92%E3%81%97" n1="%E5%A4%9C%E3%81%AE%E3%82%AC%E3%82%B9%E3%83%91%E3%83%BC%E3%83%AB" n2="%E3%82%A2%E3%83%A1%E3%82%A2%E3%83%A9%E3%83%AC" n3="%E3%81%A4%E3%81%A3%E3%81%B1%E3%82%8A%E3%83%9D%E3%83%BC%E3%83%AB" dan="16,17,16,17" rate="2074.85,2195.20,2180.56,2187.83" sx="M,M,M,M"/><TAIKYOKU oya="0"/><INIT seed="0,0,0,5,3,87" ten="250,250,250,250" oya="0" hai0="65,54,31,0,20,134,121,127,72,75,4,27,128" hai1="90,122,14,133,114,116,92,102,30,37,110,47,3" hai2="111,63,48,89,24,131,74,135,42,91,115,38,15" hai3="78,16,97,93,13,7,9,25,70,118,49,43,33"/><T124/><D121/><U104/><E122/><V39/><F115/><W98/><G70/><T10/><D65/><U76/><E116/><V84/><F74/><W11/><G118/><T85/><D128/><U96/><E3/><V61/><F131/><W12/><G78/><T52/><D134/><U23/><E133/><V29/><F135/><W69/><G69/><T2/><D2/><U67/><E110/><V100/><F111/><W46/><REACH who="3" step="1"/><G93/><REACH who="3" ten="250,250,250,240" step="2"/><T41/><D41/><U1/><E76/><V113/><F42/><W45/><G45/><T60/><D75/><U62/><E47/><V126/><F113/><W99/><G99/><T130/><D72/><U32/><E114/><V125/><F84/><W81/><G81/><T59/><D130/><U112/><E112/><V108/><F108/><W82/><G82/><T55/><REACH who="0" step="1"/><D85/><REACH who="0" ten="240,250,250,240" step="2"/><U36/><E96/><V68/><F68/><W71/><G71/><T123/><D123/><U119/><E119/><V53/><F125/><W107/><G107/><T77/><D77/><U6/><E104/><V21/><F126/><W34/><G34/><T44/><D44/><U86/><E32/><V17/><F39/><W88/><G88/><N who="2" m="33865" /><F38/><W26/><G26/><T80/><D80/><U28/><E37/><V73/><F73/><W94/><G94/><T129/><D129/><U132/><E36/><V56/><F100/><W109/><G109/><T103/><D103/><U58/><E132/><V95/><F95/><W8/><G8/><AGARI ba="0,2" hai="8,15,17,21,24,29,48,53,56,61,63" m="33865" machi="8" ten="30,8000,1" yaku="8,1,52,3,54,1" doraHai="87" who="2" fromWho="3" sc="240,0,250,0,250,100,240,-80" /><INIT seed="1,0,0,5,4,61" ten="240,250,350,160" oya="1" hai0="35,58,109,64,34,5,102,88,83,92,51,125,126" hai1="80,105,59,4,60,46,21,17,41,91,99,30,120" hai2="8,26,65,62,49,10,93,77,24,113,116,40,31" hai3="106,42,54,104,55,39,22,15,70,127,135,43,123"/><U28/><E120/><V74/><F116/><W9/><G123/><T16/><D5/><U27/><E4/><V108/><F108/><W98/><G70/><T117/><D117/><U100/><E80/><V129/><F129/><W124/><G22/><T57/><D109/><U25/><E91/><V7/><F77/><W86/><G86/><T75/><D102/><U121/><E121/><V114/><F74/><W119/><G119/><T67/><D83/><U1/><E1/><V95/><F49/><W63/><G98/><N who="0" m="57607" /><D75/><U131/><E131/><V72/><F40/><N who="3" m="15403" /><G39/><T56/><D51/><U97/><E97/><V133/><F133/><W87/><G87/><T130/><D130/><U38/><REACH who="1" step="1"/><E27/><REACH who="1" ten="240,240,350,160" step="2"/><V89/><F89/><W101/><G135/><T96/><D96/><U112/><E112/><V78/><F7/><N who="3" m="3519" /><G101/><T48/><D125/><U128/><E128/><V6/><F113/><W32/><G127/><T44/><D126/><U122/><E122/><V11/><F114/><W94/><G124/><T111/><D111/><U19/><E19/><V18/><F18/><W20/><G106/><T13/><D35/><U79/><E79/><V107/><F107/><W52/><G32/><T76/><D76/><U45/><E45/><V3/><F78/><W84/><G104/><T132/><D34/><U0/><E0/><V47/><F47/><W81/><G81/><T118/><D118/><U82/><E82/><V73/><F73/><W33/><G33/><T53/><D132/><U90/><E90/><V23/><F72/><W36/><G94/><N who="2" m="35849" /><F26/><W103/><G103/><T71/><D71/><AGARI ba="0,1" hai="3,6,8,10,11,23,24,31,62,65,71" m="35849" machi="71" ten="30,2000,0" yaku="6,1,52,1" doraHai="61" who="2" fromWho="0" sc="240,-20,240,0,350,30,160,0" /><INIT seed="2,0,0,0,4,41" ten="220,240,380,160" oya="2" hai0="5,130,111,20,122,12,121,120,86,44,46,104,62" hai1="70,16,37,96,1,68,113,73,3,49,65,8,25" hai2="118,134,77,17,45,28,116,38,85,21,63,88,19" hai3="58,127,135,29,92,31,14,15,32,100,53,123,108"/><V24/><F134/><W98/><G123/><T101/><D111/><U81/><E113/><V102/><F102/><W112/><G108/><T117/><D130/><U87/><E37/><V33/><F77/><W47/><G135/><T132/><D132/><U67/><E73/><V128/><F128/><W110/><G110/><T72/><D72/><U60/><E96/><V56/><F19/><W78/><G112/><T69/><D117/><U2/><E67/><V95/><F38/><W93/><G127/><T4/><D86/><U54/><E70/><V43/><F43/><W97/><G78/><T99/><D20/><U66/><E66/><V103/><F45/><W79/><G79/><T48/><D12/><N who="1" m="7175" /><E25/><V107/><F103/><W40/><G32/><T80/><D69/><U18/><E18/><V11/><F107/><W23/><G23/><T131/><D131/><U35/><E3/><V124/><F124/><W71/><G71/><T13/><D62/><U82/><E82/><V57/><F11/><W83/><G83/><T6/><D80/><U89/><E35/><V55/><F57/><W105/><G105/><T115/><D115/><U84/><E84/><V74/><F74/><W114/><G114/><T76/><D76/><U61/><E61/><V50/><F63/><N who="3" m="36303" /><G98/><T126/><D126/><U9/><E9/><V51/><F51/><N who="3" m="27111" /><G93/><T42/><REACH who="0" step="1"/><D46/><AGARI ba="0,0" hai="1,2,46,49,54,60,65,68,81,87,89" m="7175" machi="46" ten="30,3900,0" yaku="25,1,52,1,54,1" doraHai="41" who="1" fromWho="0" sc="220,-39,240,39,380,0,160,0" /><INIT seed="3,0,0,1,5,112" ten="181,279,380,160" oya="3" hai0="103,1,36,122,118,93,48,135,9,21,18,80,59" hai1="130,134,3,15,33,89,26,71,43,51,131,96,69" hai2="40,63,11,110,41,81,54,29,72,78,82,115,35" hai3="28,97,46,8,19,30,62,127,79,76,70,57,123"/><W66/><G123/><T6/><D122/><U102/><E3/><V0/><F110/><W5/><G127/><T12/><D135/><U50/><E134/><V53/><F35/><W65/><G70/><T124/><D124/><U84/><E15/><V125/><F29/><N who="3" m="11371" /><G5/><T55/><D36/><U83/><E26/><V99/><F0/><W64/><G46/><T44/><D118/><U113/><E33/><V109/><F109/><W128/><G128/><N who="1" m="49194" /><E113/><V126/><F115/><W121/><G97/><N who="0" m="59823" /><D1/><U105/><E50/><V120/><F99/><W47/><G47/><AGARI ba="0,0" hai="43,47,51,69,71,83,84,89,96,102,105" m="49194" machi="47" ten="30,1000,0" yaku="19,1" doraHai="112" who="1" fromWho="3" sc="181,0,279,10,380,0,160,-10" owari="181,-21.9,289,8.9,380,48.0,150,-35.0" /></mjloggm>