<mjloggm ver="2.3"><GO type="225" lobby="0"/><UN n0="%E8%90%BD%E6%97%A5" n1="%E6%98%93%E5%88%A9%E8%96%A9%E4%BC%AF" n2="%E9%B4%A8%4E%45%47%49" n3="%E5%B8%86%E7%AB%8B%E5%A4%8F%E8%A1%A3" dan="17,16,16,17" rate="2226.06,2102.04,2074.68,2145.60" sx="F,F,M,M"/><TAIKYOKU oya="0"/><INIT seed="0,0,0,5,5,45" ten="250,250,250,250" oya="0" hai0="67,26,74,56,50,89,105,55,20,135,120,119,88" hai1="36,109,46,113,37,65,4,125,53,52,116,93,81" hai2="39,41,61,124,34,47,38,122,71,80,91,60,107" hai3="0,33,83,100,48,12,131,14,126,17,132,43,117"/><T102/><D119/><U112/><E81/><V35/><F107/><W66/><G0/><T79/><D120/><U24/><E4/><V127/><F80/><W62/><G33/><T96/><D135/><U19/><E93/><V13/><F35/><W40/><G117/><T77/><D67/><U118/><E24/><V73/><F34/><W51/><G132/><T16/><REACH who="0" step="1"/><D74/><REACH who="0" ten="240,250,250,250" step="2"/><U64/><E64/><V78/><F73/><W59/><G131/><T94/><D94/><U28/><E65/><V6/><F122/><W9/><G126/><T54/><D54/><U7/><E125/><V129/><F127/><W10/><G83/><T30/><D30/><U95/><E28/><V69/><F129/><W29/><G29/><T103/><D103/><U22/><E95/><V27/><F124/><W85/><G100/><T108/><D108/><U123/><E109/><V104/><F71/><W76/><G76/><AGARI ba="0,1" hai="16,20,26,50,55,56,76,77,79,88,89,96,102,105" machi="76" ten="40,12000,1" yaku="1,1,52,1,54,2,53,0" doraHai="45" doraHaiUra="11" who="0" fromWho="3" sc="240,130,250,0,250,0,250,-120" /><INIT seed="0,1,0,1,5,132" ten="370,250,250,130" oya="0" hai0="124,79,119,107,71,105,92,67,128,72,73,42,126" hai1="91,65,112,64,62,76,51,53,129,13,68,75,18" hai2="35,41,9,87,10,133,98,101,111,14,102,32,125" hai3="12,8,49,20,58,47,59,6,38,100,96,4,2"/><T55/><D42/><U50/><E129/><V95/><F111/><W117/><G117/><T114/><D119/><U103/><E112/><V31/><F133/><W48/><G38/><T36/><D36/><U89/><E103/><V40/><F87/><W80/><G2/><T78/><D114/><U85/><E65/><V61/><F102/><W3/><G3/><T11/><D92/><U26/><E26/><V52/><F125/><N who="0" m="48234" /><D128/><U127/><E127/><V120/><F10/><W66/><G4/><T113/><D113/><U5/><E5/><V130/><F120/><W108/><G108/><T46/><D11/><U82/><E53/><V77/><F41/><W88/><G66/><T134/><D134/><U122/><E122/><V115/><F40/><W28/><G28/><T56/><D46/><U19/><E91/><V99/><F31/><W34/><G34/><T7/><D7/><U84/><E89/><V24/><F35/><W86/><G20/><T123/><D123/><U118/><E118/><V69/><F32/><W106/><REACH who="3" step="1"/><G48/><REACH who="3" ten="370,250,250,120" step="2"/><N who="0" m="30823" /><D67/><U25/><E64/><V57/><F115/><W135/><G135/><T104/><D71/><U15/><E68/><V93/><F69/><W44/><G44/><T17/><D17/><U30/><E19/><V39/><F39/><W94/><G94/><T116/><D116/><U109/><E18/><V90/><F130/><W121/><G121/><T70/><D70/><U22/><E109/><V1/><F95/><W29/><G29/><T27/><D27/><U43/><E25/><V63/><F24/><W54/><AGARI ba="1,1" hai="6,8,12,47,49,54,58,59,80,86,88,96,100,106" machi="54" ten="20,8000,1" yaku="1,1,0,1,7,1,54,1,53,1" doraHai="132" doraHaiUra="97" who="3" fromWho="3" sc="370,-41,250,-21,250,-21,120,93" /><INIT seed="1,0,0,1,5,91" ten="329,229,229,213" oya="1" hai0="25,95,35,126,65,77,102,93,24,111,71,10,96" hai1="57,49,46,82,28,62,87,42,47,31,94,80,78" hai2="41,19,37,15,88,81,3,13,108,100,86,107,22" hai3="135,103,69,134,76,16,70,66,33,131,89,117,101"/><U68/><E68/><N who="3" m="26218" /><G33/><T2/><D111/><U133/><E133/><N who="3" m="50698" /><G117/><T106/><D126/><U112/><E112/><V1/><F108/><W18/><G66/><T92/><D77/><U74/><E47/><V72/><F72/><W45/><G76/><T5/><REACH who="0" step="1"/><D35/><REACH who="0" ten="319,229,229,213" step="2"/><U8/><E78/><V75/><F75/><W127/><G127/><T110/><D110/><U7/><E74/><V59/><F3/><W58/><G131/><T132/><D132/><U124/><E124/><V23/><F1/><W123/><G123/><T26/><D26/><U61/><E80/><V90/><F15/><W83/><G83/><T97/><D97/><U85/><E82/><V73/><F73/><W130/><G130/><T105/><D105/><U84/><E94/><V60/><F13/><W98/><G98/><T115/><D115/><U56/><E85/><V118/><F86/><W27/><G27/><T21/><D21/><U116/><E84/><V44/><F81/><W14/><G14/><T120/><D120/><U128/><E87/><V99/><F118/><W32/><G32/><T36/><D36/><U34/><E116/><V54/><F22/><W67/><G89/><T113/><D113/><U53/><E128/><V39/><F39/><W121/><G121/><T29/><D29/><U50/><E34/><V48/><F37/><W122/><G122/><T40/><D40/><U79/><E79/><V51/><F23/><W9/><G103/><T0/><D0/><N who="1" m="103" /><E31/><V30/><F30/><W109/><G101/><T63/><AGARI ba="0,1" hai="2,5,10,24,25,63,65,71,92,93,95,96,102,106" machi="63" ten="30,8000,1" yaku="1,1,0,1,52,3,53,0" doraHai="91" doraHaiUra="125" who="0" fromWho="0" sc="319,90,229,-40,229,-20,213,-20" /><INIT seed="2,0,0,3,0,87" ten="409,189,209,193" oya="2" hai0="63,2,81,74,18,106,29,133,72,38,71,51,20" hai1="64,55,49,30,28,90,9,44,14,121,58,115,108" hai2="21,59,104,131,132,52,118,97,96,11,26,39,111" hai3="33,99,3,130,103,128,122,78,37,57,105,48,120"/><V53/><F118/><W67/><G37/><T7/><D38/><U56/><E115/><V12/><F39/><W80/><G3/><T61/><D106/><U17/><E108/><V8/><F131/><N who="3" m="50219" /><G33/><T95/><D29/><U46/><E121/><N who="3" m="46698" /><G48/><T25/><D81/><U109/><E109/><V89/><F111/><W73/><G57/><T23/><D63/><N who="1" m="37991" /><E90/><V86/><F132/><W107/><G67/><T135/><D23/><U101/><E101/><V42/><F42/><W40/><G40/><T36/><D36/><U94/><E94/><AGARI ba="0,0" hai="73,78,80,94,99,103,105,107" m="46698,50219" machi="94" ten="30,3900,0" yaku="19,1,34,2" doraHai="87" who="3" fromWho="1" sc="409,0,189,-39,209,0,193,39" /><INIT seed="3,0,0,5,0,51" ten="409,150,209,232" oya="3" hai0="23,8,111,74,42,129,80,54,124,73,17,133,26" hai1="99,122,119,118,49,32,102,130,132,30,62,9,112" hai2="81,34,87,91,5,27,13,93,53,100,19,12,58" hai3="56,46,33,127,86,90,52,96,66,43,117,1,67"/><W6/><G117/><T18/><D111/><U103/><E122/><V71/><F71/><W116/><G33/><T123/><D123/><U126/><E112/><V121/><F121/><W104/><G127/><T70/><D70/><U20/><E126/><V107/><F107/><W39/><G116/><T61/><D42/><U125/><E125/><V78/><F5/><W22/><G1/><T15/><D124/><U7/><E130/><V120/><F120/><W79/><G6/><T114/><D129/><U68/><E103/><V106/><F34/><W4/><G4/><T59/><D133/><U14/><E132/><V44/><F44/><W98/><G22/><T24/><D114/><U72/><E72/><V83/><F83/><W109/><G79/><T55/><D80/><U92/><E20/><N who="2" m="13727" /><F100/><W110/><G104/><T28/><D54/><U25/><E49/><N who="2" m="31023" /><F106/><W3/><G3/><T10/><D10/><U50/><E62/><V47/><F47/><W135/><G135/><T0/><D0/><U82/><E68/><V57/><F57/><W85/><G67/><T101/><D101/><U76/><E76/><V108/><F108/><N who="3" m="41579" /><G66/><T89/><D89/><U35/><E82/><V84/><AGARI ba="0,0" hai="12,13,78,81,84,87,91,93" m="31023,13727" machi="84" ten="30,2000,0" yaku="8,1,52,1" doraHai="51" who="2" fromWho="2" sc="409,-5,150,-5,209,20,232,-10" owari="404,50.4,145,-35.5,229,2.9,222,-17.8" /></mjloggm>