<mjloggm ver="2.3"><GO type="225" lobby="0"/><UN n0="%61%6D%65%6B%69" n1="%E3%81%BF%E3%81%BF%E3%81%9A" n2="%E3%81%8D%E3%82%83%E3%83%BC%E3%82%8D%E3%82%93" n3="%E3%81%9F%E3%81%8B%E3%80%82" dan="16,18,16,16" rate="2065.62,2250.76,2085.48,2088.88" sx="M,M,M,M"/><TAIKYOKU oya="0"/><INIT seed="0,0,0,4,4,44" ten="250,250,250,250" oya="0" hai0="5,40,65,102,26,132,80,27,31,109,13,29,38" hai1="57,70,19,6,72,88,7,130,124,52,98,78,135" hai2="14,56,11,2,63,94,34,4,77,87,119,35,45" hai3="76,50,42,92,126,134,54,3,36,115,0,112,47"/><T41/><D132/><U81/><E70/><V24/><F119/><W67/><G126/><T105/><D105/><U75/><E124/><V99/><F2/><W20/><G134/><T133/><D133/><U48/><E135/><V82/><F24/><W108/><G108/><T8/><D38/><U53/><E130/><V16/><F4/><W89/><G76/><T12/><D102/><U114/><E75/><V30/><F30/><W43/><G67/><T96/><D96/><U90/><E114/><V71/><F71/><W116/><G116/><T51/><D65/><U100/><E19/><V62/><F45/><W117/><G117/><T33/><D109/><U61/><E6/><V9/><F9/><W17/><G43/><T49/><D80/><U10/><E53/><V39/><F39/><W64/><G64/><T127/><D13/><U84/><E61/><V74/><F74/><W111/><G111/><T1/><D1/><U97/><E72/><V21/><F11/><W93/><G93/><T95/><D95/><N who="1" m="58431" /><E98/><V123/><F123/><W106/><G106/><T122/><D122/><U121/><E121/><V25/><F14/><AGARI ba="0,0" hai="7,10,14,48,52,57,78,81,84,88,90" m="58431" machi="14" ten="30,7700,0" yaku="8,1,52,1,54,2" doraHai="44" who="1" fromWho="2" sc="250,0,250,77,250,-77,250,0" /><INIT seed="1,0,0,1,1,127" ten="250,327,173,250" oya="1" hai0="97,134,74,20,125,69,67,26,80,62,8,71,124" hai1="129,109,48,119,83,101,16,78,94,100,130,34,54" hai2="27,38,11,126,44,0,123,88,110,13,133,43,37" hai3="64,77,49,105,131,59,3,98,115,15,28,42,23"/><U36/><E119/><V89/><F123/><W114/><G3/><T111/><D111/><U128/><E36/><V5/><F110/><W7/><G77/><T45/><D134/><U91/><E34/><V122/><F122/><W99/><G131/><T116/><D116/><U72/><E109/><V60/><F126/><N who="0" m="48746" /><D97/><N who="1" m="57567" /><E16/><V51/><F133/><W21/><G105/><T79/><D45/><AGARI ba="0,0" hai="45,48,54,72,78,83,100,101,128,129,130" m="57567" machi="45" ten="30,11600,0" yaku="19,1,52,3" doraHai="127" who="1" fromWho="0" sc="250,-116,327,116,173,0,250,0" /><INIT seed="1,1,0,3,0,70" ten="134,443,173,250" oya="1" hai0="40,120,25,107,15,101,68,52,113,62,10,81,124" hai1="46,18,86,3,87,110,61,67,42,108,24,9,26" hai2="98,134,97,12,135,8,34,60,130,6,127,2,78" hai3="45,96,116,73,114,36,105,112,99,1,20,122,111"/><U49/><E3/><V28/><F78/><W102/><G122/><T33/><D120/><U88/><E87/><V16/><F60/><W55/><G111/><N who="1" m="42538" /><E9/><V71/><F71/><W7/><G73/><T57/><D113/><U48/><E49/><V51/><F51/><W31/><G55/><T106/><D124/><U64/><E18/><V129/><F98/><W30/><G99/><T19/><D68/><N who="1" m="41999" /><E67/><V43/><F97/><W38/><G116/><T76/><D101/><U80/><AGARI ba="1,0" hai="24,26,42,46,48,80,86,88" m="41999,42538" machi="80" ten="30,6000,0" yaku="14,1,10,1,54,1" doraHai="70" who="1" fromWho="1" sc="134,-21,443,63,173,-21,250,-21" /><INIT seed="1,2,0,0,5,76" ten="113,506,152,229" oya="1" hai0="126,3,44,45,85,91,50,55,28,51,15,43,36" hai1="65,123,95,111,92,16,21,97,19,96,40,127,75" hai2="53,125,134,47,71,34,10,67,37,24,115,124,113" hai3="35,117,27,18,39,133,61,9,99,110,101,68,31"/><U86/><E123/><V46/><F34/><W70/><G117/><T17/><D126/><N who="2" m="48746" /><F24/><W49/><G110/><T78/><D3/><U0/><E75/><V11/><F11/><W88/><G133/><T66/><D66/><U74/><E74/><V94/><F94/><W2/><G39/><T25/><D78/><U56/><E0/><V54/><F10/><W42/><G61/><T5/><D5/><U22/><E127/><V26/><F26/><W83/><G49/><T102/><D102/><U100/><E111/><V12/><F12/><W93/><G42/><T7/><D7/><U1/><E1/><V23/><F23/><W119/><G119/><T20/><D36/><U121/><E40/><N who="2" m="22799" /><F134/><W63/><G63/><T62/><D62/><U8/><E121/><V38/><F67/><W33/><G33/><T103/><D103/><U118/><E118/><V29/><F29/><W52/><G52/><N who="2" m="20073" /><F71/><W107/><G2/><T77/><D77/><U109/><E8/><V108/><F108/><W131/><G9/><T84/><REACH who="0" step="1"/><D91/><REACH who="0" ten="103,506,152,229" step="2"/><N who="1" m="53367" /><E109/><V13/><F13/><W120/><G101/><T112/><D112/><U80/><E65/><V105/><F105/><W73/><G107/><T128/><D128/><U6/><E6/><V79/><F79/><W114/><G131/><T32/><AGARI ba="2,1" hai="15,17,20,25,28,32,43,44,45,50,51,55,84,85" machi="32" ten="20,5200,0" yaku="1,1,0,1,7,1,53,1" doraHai="76" doraHaiUra="30" who="0" fromWho="0" sc="103,68,506,-28,152,-15,229,-15" /><INIT seed="2,0,0,5,2,67" ten="171,478,137,214" oya="2" hai0="26,15,101,76,38,13,6,123,132,130,36,99,119" hai1="2,92,85,30,1,78,25,102,112,134,115,83,93" hai2="9,91,48,17,125,111,88,79,56,135,22,21,122" hai3="60,51,75,133,23,42,127,118,10,4,87,86,12"/><V19/><F122/><W95/><G118/><T62/><D123/><U121/><E121/><V120/><F120/><W82/><G75/><T114/><D114/><U65/><E65/><V8/><F125/><W100/><G133/><T104/><D132/><U28/><E134/><V61/><F135/><W108/><G108/><T89/><D119/><U49/><E30/><V84/><F48/><W94/><G127/><T63/><D76/><U103/><E49/><V72/><F72/><W14/><G60/><T74/><D74/><U54/><E54/><V70/><F70/><W66/><G66/><T107/><D130/><U24/><E28/><V11/><F111/><W106/><G106/><T3/><D3/><U96/><E78/><V110/><F110/><W131/><G131/><T128/><D128/><U29/><E29/><V97/><F79/><W109/><G109/><T64/><D26/><U71/><E71/><V73/><F73/><W105/><G105/><T53/><D89/><N who="2" m="34378" /><F84/><N who="3" m="32299" /><G82/><T57/><D107/><U124/><E85/><V37/><F37/><W98/><G95/><T126/><D126/><U45/><E124/><V0/><F0/><W5/><G51/><T18/><D38/><U90/><E90/><V44/><F44/><W129/><G129/><T16/><D36/><U20/><E45/><V34/><F34/><W69/><G69/><T55/><D55/><U41/><E83/><V52/><F97/><W68/><G68/><T33/><D33/><U58/><E96/><V7/><F7/><N who="3" m="3167" /><G42/><T27/><D6/><U117/><E41/><V47/><F47/><W39/><G39/><RYUUKYOKU ba="0,0" sc="171,-15,478,-15,137,15,214,15" hai2="8,9,11,17,19,21,22,52,56,61" hai3="4,5,14,23,94,98,100" /><INIT seed="2,1,0,2,3,66" ten="156,463,152,229" oya="2" hai0="5,63,52,120,27,103,14,33,18,59,34,129,131" hai1="53,19,17,85,26,82,42,83,64,39,37,117,126" hai2="12,46,124,43,4,75,69,113,95,2,97,65,99" hai3="67,118,16,125,102,100,111,108,79,11,57,115,110"/><V84/><F113/><W119/><G79/><T81/><D120/><U9/><E117/><N who="3" m="44554" /><G125/><T61/><D103/><N who="3" m="39465" /><G115/><T6/><D81/><U92/><E126/><V31/><F75/><W20/><G11/><T68/><D6/><U106/><E64/><V74/><F124/><W116/><G116/><T24/><D5/><U86/><E92/><V114/><F74/><W104/><G104/><T77/><D77/><U98/><E98/><V105/><F114/><W122/><G122/><T109/><D109/><U30/><E53/><V29/><F105/><W22/><G16/><T51/><D34/><U25/><E106/><V28/><F2/><W101/><N who="3" m="39473" /><W112/><DORA hai="70" /><G112/><T135/><D33/><U76/><E42/><V96/><F96/><W72/><G72/><T32/><D32/><U50/><E50/><N who="2" m="26975" /><F84/><W8/><G8/><T88/><D51/><U15/><E30/><V36/><F36/><W35/><G35/><T1/><D1/><U62/><E62/><AGARI ba="1,0" hai="20,22,57,62,67,108,110,111" m="39473,44554" machi="62" ten="50,1600,0" yaku="14,1" doraHai="66,70" who="3" fromWho="1" sc="156,0,463,-19,152,0,229,19" /><INIT seed="3,0,0,1,1,0" ten="156,444,152,248" oya="3" hai0="83,108,15,110,111,135,123,37,121,58,7,57,74" hai1="97,65,133,50,46,22,42,28,101,36,54,107,94" hai2="66,24,10,3,61,124,104,29,105,114,71,95,2" hai3="13,126,119,26,41,117,32,130,48,127,112,53,14"/><W132/><G112/><T78/><D37/><U1/><E133/><V84/><F114/><W102/><G102/><T90/><D135/><U52/><E1/><V80/><F124/><N who="3" m="47659" /><G41/><T70/><D70/><U75/><E75/><V99/><F3/><W87/><G132/><T40/><D40/><U134/><E134/><V18/><F18/><W38/><G38/><T55/><D90/><U86/><E65/><V21/><F10/><W77/><G130/><T56/><REACH who="0" step="1"/><D55/><REACH who="0" ten="146,444,152,248" step="2"/><U62/><E107/><V106/><F2/><W45/><G119/><T115/><D115/><U49/><E86/><V69/><F69/><W34/><G117/><T25/><D25/><N who="1" m="16439" /><E36/><V63/><F71/><W16/><G26/><T122/><D122/><U44/><E62/><V98/><F66/><W81/><G14/><T116/><D116/><U6/><E6/><V92/><F63/><W67/><G67/><T85/><D85/><U27/><E27/><V4/><F61/><W73/><G73/><T91/><D91/><U43/><AGARI ba="0,1" hai="42,43,44,46,49,50,52,54,94,97,101" m="16439" machi="43" ten="30,2000,0" yaku="8,1,54,1" doraHai="0" who="1" fromWho="1" sc="146,-5,444,30,152,-5,248,-10" owari="141,-35.9,474,57.4,147,-25.3,238,3.8" /></mjloggm>