<mjloggm ver="2.3"><GO type="225" lobby="0"/><UN n0="%E6%98%93%E5%88%A9%E8%96%A9%E4%BC%AF" n1="%E5%86%B7%E5%87%8D%E3%82%AE%E3%83%A7%E3%83%BC%E3%82%B6" n2="%E3%81%B2%E3%81%AA%E3%81%AE%E3%82%8A%E3%81%8F" n3="%E3%81%A8%E3%82%93%E3%81%A8%E3%81%93%E3%81%A8%E3%82%93" dan="16,16,17,16" rate="2051.77,2201.77,2197.00,2130.22" sx="F,M,M,F"/><TAIKYOKU oya="0"/><INIT seed="0,0,0,3,5,79" ten="250,250,250,250" oya="0" hai0="95,15,99,66,70,39,18,1,75,108,63,80,81" hai1="2,125,14,25,30,54,16,38,74,32,112,56,29" hai2="111,11,6,78,100,73,9,40,90,13,22,0,130" hai3="12,87,19,118,126,92,43,33,23,128,31,115,57"/><T10/><D39/><U82/><E38/><V52/><F111/><W21/><G115/><T96/><D108/><U37/><E37/><V124/><F40/><W60/><G118/><T103/><D75/><U5/><E30/><V3/><F130/><W116/><G116/><T4/><REACH who="0" step="1"/><D99/><REACH who="0" ten="240,250,250,250" step="2"/><U120/><E112/><V55/><F73/><W35/><G128/><T110/><D110/><U117/><E117/><V105/><F124/><W27/><G126/><T102/><D102/><U127/><E120/><V89/><F100/><W28/><G43/><T77/><D77/><U122/><E122/><V20/><F78/><W44/><G33/><T8/><AGARI ba="0,1" hai="1,4,8,10,15,18,63,66,70,80,81,95,96,103" machi="8" ten="20,12000,1" yaku="1,1,0,1,7,1,52,2,53,0" doraHai="79" doraHaiUra="133" who="0" fromWho="0" sc="240,130,250,-40,250,-40,250,-40" /><INIT seed="0,1,0,5,3,66" ten="370,210,210,210" oya="0" hai0="20,21,77,122,70,87,103,120,132,19,46,31,104" hai1="25,5,121,73,83,107,71,32,102,27,33,110,89" hai2="130,119,39,109,35,123,30,7,114,17,29,111,97" hai3="64,126,99,58,128,74,57,69,42,95,18,53,51"/><T15/><D132/><U131/><E121/><V79/><F39/><W108/><G74/><T75/><D75/><U72/><E131/><V68/><F79/><W47/><G128/><T105/><D70/><U23/><E110/><V124/><F97/><W50/><G108/><T43/><D77/><U115/><E115/><V48/><F48/><W98/><G126/><T92/><D120/><U117/><E117/><V8/><F130/><W134/><G134/><T91/><D103/><U11/><E72/><V54/><F54/><W82/><G69/><T84/><D84/><U80/><E73/><V45/><F123/><W101/><G82/><T34/><D34/><U116/><E116/><V37/><F37/><W135/><G135/><T36/><REACH who="0" step="1"/><D122/><REACH who="0" ten="360,210,210,210" step="2"/><U118/><E71/><V13/><F35/><W22/><G99/><T40/><D40/><U10/><E118/><V96/><F96/><W63/><G42/><T78/><D78/><U1/><E102/><V94/><F119/><W41/><G41/><T4/><D4/><U14/><E32/><V60/><F7/><W85/><G85/><T16/><D16/><N who="1" m="8279" /><E33/><V129/><F68/><W2/><G18/><T93/><D93/><U100/><E100/><V76/><F17/><W90/><G101/><T125/><D125/><U59/><E107/><V88/><F124/><W44/><G95/><T24/><AGARI ba="1,1" hai="15,19,20,21,24,31,36,43,46,87,91,92,104,105" machi="24" ten="30,3000,0" yaku="1,1,0,1,53,0" doraHai="66" doraHaiUra="6" who="0" fromWho="0" sc="360,43,210,-11,210,-11,210,-11" /><INIT seed="0,2,0,2,2,107" ten="403,199,199,199" oya="0" hai0="17,102,68,14,30,99,134,48,105,59,42,7,4" hai1="94,81,116,34,45,3,40,49,54,73,19,56,104" hai2="64,95,21,77,89,85,63,124,32,80,109,12,57" hai3="27,88,11,23,90,131,108,113,130,26,15,79,18"/><T67/><D134/><U44/><E104/><V16/><F109/><W6/><G113/><T55/><D42/><U33/><E116/><V93/><F124/><W128/><G108/><T87/><D30/><U103/><E3/><V133/><F133/><W110/><G110/><T114/><D114/><U46/><E40/><V100/><F32/><W98/><G79/><T82/><D67/><U41/><E41/><V106/><F106/><W39/><G39/><T126/><D68/><U83/><E83/><V86/><F100/><W76/><G76/><T129/><D129/><U24/><E73/><V58/><REACH who="2" step="1"/><F93/><REACH who="2" ten="403,199,189,199" step="2"/><N who="3" m="56615" /><G90/><T35/><D35/><U91/><E103/><V132/><F132/><W10/><G10/><T22/><D126/><U111/><E111/><V101/><F101/><W127/><G127/><T31/><D31/><U1/><E34/><V38/><F38/><W60/><G60/><T8/><D8/><U96/><E33/><V36/><F36/><W125/><G125/><T78/><AGARI ba="2,1" hai="4,7,14,17,22,48,55,59,78,82,87,99,102,105" machi="78" ten="20,2100,0" yaku="0,1,7,1" doraHai="107" who="0" fromWho="0" sc="403,37,199,-9,189,-9,199,-9" /><INIT seed="0,3,0,5,2,25" ten="440,190,180,190" oya="0" hai0="35,69,102,97,47,106,56,87,118,99,8,14,123" hai1="53,13,110,117,78,126,9,50,60,7,12,68,130" hai2="107,125,10,30,38,31,79,104,80,124,46,11,127" hai3="51,64,18,20,59,112,63,58,93,77,85,28,0"/><T6/><D118/><U41/><E117/><V55/><F11/><W131/><G112/><T96/><D69/><U24/><E110/><V114/><F114/><W37/><G37/><T119/><D119/><U92/><E126/><V115/><F115/><W39/><G39/><T129/><D123/><U89/><E130/><V4/><F55/><W128/><G0/><T132/><D132/><U49/><E78/><V21/><F21/><W88/><G77/><T52/><D47/><U84/><E13/><N who="2" m="5319" /><F46/><W83/><G83/><T109/><D109/><U72/><E72/><N who="2" m="43111" /><F38/><W67/><G51/><T76/><D35/><U71/><E60/><V65/><F65/><W134/><G134/><T16/><D129/><U113/><E113/><V108/><F108/><W27/><G18/><T62/><D76/><U1/><E41/><V91/><F91/><W45/><G45/><T43/><D43/><U23/><E50/><V44/><F44/><W73/><G73/><T54/><D54/><U101/><E101/><V121/><F121/><W90/><G90/><T133/><D133/><U105/><E105/><AGARI ba="3,0" hai="30,31,104,105,107,124,125,127" m="43111,5319" machi="105" ten="40,5200,0" yaku="18,1,52,2" doraHai="25" who="2" fromWho="1" sc="440,0,190,-61,180,61,190,0" /><INIT seed="1,0,0,2,0,93" ten="440,129,241,190" oya="1" hai0="106,24,38,6,105,63,96,7,16,30,131,48,129" hai1="109,28,112,134,47,84,29,32,123,43,82,70,97" hai2="95,77,52,51,101,26,90,115,2,19,108,15,65" hai3="21,107,88,68,119,135,14,45,25,35,103,34,41"/><U0/><E123/><V31/><F2/><W60/><G135/><T83/><D38/><U79/><E134/><V127/><F108/><W50/><G119/><T76/><D48/><U61/><E112/><V59/><F127/><W40/><G14/><T3/><D63/><U42/><E0/><V94/><F77/><W37/><G107/><T71/><D71/><U20/><E32/><V133/><F115/><W67/><G103/><N who="0" m="62695" /><D16/><U98/><E109/><V75/><F75/><W121/><G121/><T104/><D106/><U9/><E9/><V27/><F65/><W80/><G41/><T117/><D104/><U87/><E87/><N who="2" m="52575" /><F31/><N who="1" m="11849" /><E70/><V86/><F133/><W66/><G66/><T56/><D117/><U39/><E39/><V122/><F122/><W57/><G37/><T23/><D3/><U22/><E61/><V62/><F62/><W89/><G68/><T132/><D132/><U114/><E114/><V118/><F118/><W91/><REACH who="3" step="1"/><G80/><REACH who="3" ten="440,129,241,180" step="2"/><T128/><D56/><U124/><E124/><V120/><F120/><W78/><G78/><T100/><D76/><U81/><E81/><V33/><F101/><W18/><AGARI ba="0,1" hai="18,21,25,34,35,40,45,50,57,60,67,88,89,91" machi="18" ten="30,4000,0" yaku="1,1,0,1,54,1,53,0" doraHai="93" doraHaiUra="1" who="3" fromWho="3" sc="440,-10,129,-20,241,-10,180,50" /><INIT seed="2,0,0,1,0,7" ten="430,109,231,230" oya="2" hai0="64,60,121,105,120,63,55,93,8,30,42,126,108" hai1="54,65,17,20,29,6,4,61,133,44,92,73,28" hai2="13,77,62,94,49,124,53,107,135,84,113,33,32" hai3="16,43,96,87,45,95,106,97,89,85,15,104,132"/><V81/><F113/><W80/><G132/><T130/><D105/><U127/><E73/><V5/><F107/><W21/><G104/><T100/><D108/><U112/><E112/><V117/><F117/><W2/><G2/><T19/><D42/><U27/><E127/><V14/><F135/><W26/><G26/><T10/><D30/><U118/><E133/><V46/><F124/><W23/><G21/><T82/><D130/><U37/><E118/><V69/><F94/><W9/><G23/><T131/><D131/><U72/><E72/><V109/><F109/><W83/><G106/><T22/><D82/><N who="3" m="31273" /><G85/><T78/><D78/><U116/><E116/><V134/><F134/><W74/><G74/><T90/><D100/><U103/><E37/><V70/><F70/><W101/><G101/><T50/><D121/><U24/><E54/><V52/><F53/><W38/><G38/><T39/><D39/><U114/><E44/><V119/><F119/><W125/><G125/><T1/><D1/><U71/><E114/><V102/><F102/><W66/><G66/><T41/><D41/><U58/><E71/><V91/><F77/><W12/><G15/><N who="0" m="9599" /><D64/><U48/><E48/><V123/><F123/><W36/><G36/><T129/><D129/><U34/><REACH who="1" step="1"/><E28/><REACH who="1" ten="430,99,231,230" step="2"/><V128/><F128/><W51/><AGARI ba="0,1" hai="9,12,16,43,45,51,87,89,95,96,97" m="31273" machi="51" ten="30,4000,0" yaku="8,1,52,1,54,1" doraHai="7" who="3" fromWho="3" sc="430,-10,99,-10,231,-20,230,50" /><INIT seed="3,0,0,3,0,21" ten="420,89,211,280" oya="3" hai0="33,2,69,65,106,64,63,115,12,36,88,121,54" hai1="39,26,0,135,62,101,96,103,17,68,51,52,18" hai2="49,47,118,83,31,127,91,61,10,73,8,120,125" hai3="123,3,98,109,114,38,134,41,37,14,77,72,4"/><W132/><G14/><T126/><D2/><U84/><E39/><V89/><F118/><W57/><G57/><T116/><D116/><U78/><E0/><V75/><F31/><W29/><G114/><T59/><D33/><U27/><E135/><V130/><F130/><W13/><G13/><T110/><D106/><U22/><E68/><V87/><F120/><W70/><G123/><T119/><D119/><U55/><E62/><V43/><F61/><W80/><G98/><T79/><D36/><N who="3" m="13929" /><G41/><T117/><D69/><U122/><E122/><V45/><F49/><W7/><G7/><T48/><D115/><U97/><E22/><V16/><F87/><W67/><G29/><T58/><D117/><U85/><E51/><V129/><F129/><W60/><G109/><T133/><D110/><U34/><E34/><V11/><F83/><W94/><G94/><T46/><D121/><U32/><E32/><V131/><F131/><W102/><G102/><T28/><D59/><U30/><E30/><V44/><F43/><W53/><G53/><T86/><D12/><U111/><E111/><V92/><F16/><W6/><G6/><T93/><D65/><U128/><E128/><V50/><F92/><W105/><G105/><T99/><D28/><U82/><E82/><V113/><F50/><W15/><G80/><T112/><D112/><U25/><E25/><V76/><F113/><W108/><G108/><T56/><D56/><U23/><E23/><V66/><F66/><W104/><G67/><T81/><D64/><U71/><E71/><V19/><F11/><W100/><G134/><RYUUKYOKU ba="0,0" sc="420,-10,89,30,211,-10,280,-10" hai1="17,18,26,27,52,55,78,84,85,96,97,101,103" owari="410,51.0,119,-38.1,201,-19.9,270,7.0" /></mjloggm>