<mjloggm ver="2.3"><GO type="225" lobby="0"/><UN n0="%E5%8F%AF%E5%85%90%E9%82%A3%E7%94%B1%E5%A4%9A" n1="%6D%75%75%6D%75%72%61" n2="%E3%82%BC%E3%83%AB%E3%83%80%E3%81%AE%E4%BC%9D%E8%AA%AC" n3="%6E%69%63%6F%6E%74%6F" dan="17,17,17,17" rate="2239.34,2185.96,2252.66,2142.38" sx="F,F,M,M"/><TAIKYOKU oya="0"/><INIT seed="0,0,0,0,5,118" ten="250,250,250,250" oya="0" hai0="119,34,128,84,127,107,92,29,94,27,125,120,95" hai1="14,26,5,90,47,56,13,45,32,19,50,38,100" hai2="114,93,39,65,15,109,75,97,30,48,130,87,69" hai3="131,16,117,9,3,37,40,116,98,83,88,129,25"/><T46/><D119/><N who="3" m="45641" /><G37/><T122/><D107/><U110/><E110/><V121/><F114/><W124/><G40/><T41/><D84/><U112/><E112/><V113/><F113/><W33/><G88/><T99/><D99/><U57/><E38/><V21/><F39/><W4/><G98/><T105/><D105/><U58/><E100/><V134/><F75/><W17/><G83/><T66/><D66/><U1/><E90/><V115/><F15/><W2/><G2/><T70/><D70/><U68/><E68/><V20/><F20/><W91/><G91/><T78/><D78/><U73/><E73/><V111/><F30/><N who="3" m="19663" /><G124/><N who="0" m="47691" /><D128/><AGARI ba="0,0" hai="3,4,9,16,17,128,129,131" m="19663,45641" machi="128" ten="30,7700,0" yaku="19,1,34,2,54,1" doraHai="118" who="3" fromWho="0" sc="250,-77,250,0,250,0,250,77" /><INIT seed="1,0,0,1,5,41" ten="173,250,250,327" oya="1" hai0="7,106,100,38,29,46,40,20,79,88,127,71,12" hai1="109,24,45,32,15,72,57,93,80,5,69,84,67" hai2="63,87,3,126,124,130,33,14,103,19,120,113,108" hai3="122,62,27,35,26,90,73,9,121,36,21,115,98"/><U82/><E69/><V55/><F120/><W25/><G73/><T129/><D71/><U134/><E134/><V48/><F3/><W131/><G36/><T68/><D68/><U42/><E109/><V102/><F108/><W110/><G110/><T2/><D129/><U37/><E72/><V0/><F0/><W95/><G131/><T133/><D133/><U123/><E123/><V6/><F130/><W18/><G115/><T44/><D127/><N who="2" m="48682" /><F113/><W104/><G104/><T17/><D79/><U74/><E74/><V114/><F114/><W89/><G89/><T75/><D75/><U105/><E105/><V94/><F6/><W111/><G111/><T52/><D29/><U16/><E93/><V8/><F33/><W97/><G97/><T54/><D100/><U70/><E70/><V60/><F87/><W49/><G9/><T118/><D106/><U85/><E85/><V30/><F30/><W135/><G135/><T58/><D118/><U56/><E5/><V4/><F4/><W65/><G35/><T92/><D58/><U107/><E107/><V128/><F128/><W43/><G122/><T59/><D59/><U116/><E116/><V51/><F51/><W78/><G121/><T99/><REACH who="0" step="1"/><D46/><REACH who="0" ten="163,250,250,327" step="2"/><U76/><E57/><N who="2" m="32999" /><F102/><W66/><G78/><T125/><D125/><U50/><E56/><V34/><F34/><W31/><G31/><T119/><D119/><U64/><E32/><V11/><F60/><W112/><G62/><T13/><D13/><U61/><E61/><V96/><F63/><W86/><G112/><T47/><D47/><N who="1" m="24015" /><E15/><V81/><F11/><AGARI ba="0,1" hai="2,7,11,12,17,20,38,40,44,52,54,88,92,99" machi="11" ten="40,8000,1" yaku="1,1,6,1,52,1,54,2,53,0" doraHai="41" doraHaiUra="22" who="0" fromWho="2" sc="163,90,250,0,250,-80,327,0" /><INIT seed="2,0,0,5,4,99" ten="253,250,170,327" oya="2" hai0="110,82,6,30,98,68,11,73,18,21,65,5,57" hai1="41,38,12,90,46,108,31,107,4,27,96,88,94" hai2="97,59,91,60,50,71,66,106,25,23,119,19,75" hai3="61,2,14,9,80,128,54,133,20,77,87,32,126"/><V29/><F119/><W124/><G32/><T55/><D110/><U102/><E108/><V105/><F75/><W56/><G128/><T113/><D113/><U130/><E130/><V48/><F106/><W49/><G133/><T118/><D118/><U28/><E107/><V85/><F59/><W121/><G121/><T103/><D68/><U129/><E129/><V52/><F52/><W8/><G2/><T109/><D65/><U127/><E127/><N who="3" m="48682" /><G49/><T17/><D109/><U72/><E72/><V44/><F44/><W45/><G45/><T117/><D117/><U1/><E1/><V13/><F97/><W47/><G47/><T74/><D74/><U39/><E39/><V24/><F105/><W100/><G100/><T33/><D33/><U76/><E76/><V0/><F0/><W51/><G51/><N who="0" m="30975" /><D82/><U67/><E67/><V101/><F101/><W35/><G35/><T78/><D78/><U125/><E125/><V43/><F43/><W53/><G53/><T37/><D37/><U26/><E102/><V135/><F135/><W114/><G114/><T132/><D73/><U36/><E36/><V22/><REACH who="2" step="1"/><F24/><REACH who="2" ten="253,250,160,327" step="2"/><W104/><G104/><T92/><D132/><U40/><E40/><V81/><AGARI ba="0,1" hai="13,19,22,23,25,29,48,50,60,66,71,81,85,91" machi="81" ten="20,7800,0" yaku="1,1,2,1,0,1,7,1,53,0" doraHai="99" doraHaiUra="93" who="2" fromWho="2" sc="253,-26,250,-26,160,88,327,-26" /><INIT seed="2,1,0,1,3,90" ten="227,224,248,301" oya="2" hai0="43,132,53,69,17,127,42,98,66,94,2,58,41" hai1="82,110,117,7,30,88,10,11,80,77,73,61,101" hai2="112,121,21,85,24,28,126,33,32,95,68,16,84" hai3="35,122,56,13,89,12,62,129,39,26,27,81,18"/><V120/><F112/><W75/><G129/><T55/><D2/><U118/><E110/><V65/><F126/><W106/><G106/><T22/><D127/><U54/><E101/><V57/><F68/><W50/><G122/><T49/><D132/><U72/><E30/><V97/><F120/><W109/><G39/><T108/><D108/><U64/><E54/><V124/><F124/><W78/><G109/><T111/><D111/><U128/><E128/><V130/><F130/><W93/><G50/><T86/><D86/><U51/><E51/><V91/><F121/><W125/><G125/><T60/><D55/><U25/><E25/><V99/><F85/><W19/><G19/><T37/><D37/><U15/><E10/><V36/><F36/><W59/><G59/><T46/><D69/><U115/><E115/><V114/><F114/><W79/><G79/><T1/><D1/><U31/><E31/><V38/><F38/><W9/><G13/><T3/><D3/><U102/><E102/><V29/><F33/><W5/><G5/><T123/><D123/><U20/><E20/><N who="2" m="15367" /><F29/><W4/><G4/><T14/><REACH who="0" step="1"/><D42/><REACH who="0" ten="217,224,248,301" step="2"/><U100/><E73/><V104/><F32/><W71/><G35/><T45/><D45/><U76/><E72/><V83/><F84/><W67/><G71/><T0/><D0/><U34/><E34/><V23/><F65/><W131/><G131/><T44/><D44/><U87/><E64/><V107/><F57/><W63/><G63/><T96/><D96/><AGARI ba="1,1" hai="9,12,18,26,27,56,62,67,75,78,81,89,93,96" machi="96" ten="30,2000,0" yaku="7,1,52,1" doraHai="90" who="3" fromWho="0" sc="217,-23,224,0,248,0,301,33" /><INIT seed="3,0,0,2,1,53" ten="194,224,248,334" oya="3" hai0="122,19,115,26,34,88,87,35,29,89,129,116,94" hai1="9,113,39,110,32,48,134,93,105,73,38,6,11" hai2="31,65,109,58,112,111,63,42,13,33,130,106,114" hai3="37,3,16,85,61,92,132,97,4,117,23,135,62"/><W17/><G117/><T128/><D116/><U27/><E105/><V96/><F130/><N who="0" m="50282" /><D122/><U104/><E104/><V55/><F42/><W102/><G37/><T83/><D115/><U5/><E113/><V127/><F127/><W41/><G41/><T12/><D35/><U72/><E110/><N who="2" m="41995" /><F13/><N who="3" m="9615" /><G17/><T81/><D89/><U121/><E32/><V126/><F65/><W43/><G43/><T124/><D124/><U8/><E121/><V10/><F10/><N who="3" m="2335" /><G85/><T125/><D125/><U21/><E11/><AGARI ba="0,0" hai="11,12,19,26,29,34,81,83,87,88,94" m="50282" machi="11" ten="30,2000,0" yaku="19,1,54,1" doraHai="53" who="0" fromWho="1" sc="194,20,224,-20,248,0,334,0" owari="214,-18.6,204,-29.6,248,4.8,334,43.4" /></mjloggm>