<mjloggm ver="2.3"><GO type="225" lobby="0"/><UN n0="%E6%A1%9C%E8%8A%B1%E9%96%83%E3%80%85" n1="%E3%81%B2%E3%81%AA%E3%81%AE%E3%82%8A%E3%81%8F" n2="%E5%B8%86%E7%AB%8B%E5%A4%8F%E8%A1%A3" n3="%E3%82%B5%E3%83%AB%E3%82%B7%E3%83%B3" dan="17,16,17,16" rate="2172.81,2104.71,2176.71,2090.53" sx="M,M,M,F"/><TAIKYOKU oya="0"/><INIT seed="0,0,0,2,0,94" ten="250,250,250,250" oya="0" hai0="125,120,36,8,128,46,109,107,103,62,20,106,33" hai1="86,70,95,132,122,9,45,73,93,77,116,101,26" hai2="130,79,88,29,49,134,129,23,38,67,18,30,117" hai3="135,105,48,98,60,11,57,3,66,7,6,131,2"/><T110/><D33/><U97/><E70/><V13/><F38/><W44/><G131/><N who="2" m="50185" /><F79/><W115/><G135/><T15/><D128/><U50/><E116/><V80/><F134/><W126/><G126/><T121/><D20/><U111/><E132/><V55/><F67/><W87/><G87/><T68/><D125/><U1/><E122/><N who="0" m="47209" /><D15/><U71/><E71/><V74/><F117/><W25/><G25/><T75/><D8/><U118/><E118/><V22/><F22/><W104/><G115/><T24/><D24/><U113/><E113/><V84/><F74/><W27/><G27/><T58/><D75/><U21/><E73/><V0/><F0/><W78/><G78/><T40/><D58/><AGARI ba="0,0" hai="13,18,23,29,30,49,55,58,80,84,88" m="50185" machi="58" ten="30,2000,0" yaku="19,1,54,1" doraHai="94" who="2" fromWho="0" sc="250,-20,250,0,250,20,250,0" /><INIT seed="1,0,0,0,3,3" ten="230,250,270,250" oya="1" hai0="5,74,102,44,12,117,16,111,129,38,130,101,70" hai1="42,96,26,20,25,75,46,53,103,28,109,134,50" hai2="29,6,31,63,17,135,120,18,15,73,115,114,23" hai3="81,124,11,8,47,77,132,112,41,32,83,34,78"/><U27/><E134/><V39/><F39/><W30/><G132/><T126/><D117/><U71/><E75/><V48/><F73/><W87/><G124/><T68/><D126/><U125/><E125/><V55/><F135/><W51/><G112/><N who="2" m="43049" /><F120/><W121/><G121/><T118/><D74/><U127/><E127/><V54/><F18/><W85/><G30/><T98/><D118/><U100/><E71/><N who="0" m="27177" /><D111/><U61/><E109/><V24/><F63/><W57/><G57/><T36/><D5/><U133/><E133/><V92/><F92/><W110/><G110/><T97/><D44/><U9/><E103/><N who="0" m="39433" /><D16/><U33/><E33/><AGARI ba="0,0" hai="8,11,32,33,34,41,47,51,77,78,81,83,85,87" machi="33" ten="40,1300,0" yaku="9,1" doraHai="3" who="3" fromWho="1" sc="230,0,250,-13,270,0,250,13" /><INIT seed="2,0,0,4,3,3" ten="230,237,270,263" oya="2" hai0="5,113,100,120,110,39,105,103,58,60,97,92,70" hai1="32,17,76,48,1,20,50,115,61,37,87,89,93" hai2="78,123,130,126,4,2,134,133,122,22,21,83,63" hai3="118,34,19,8,132,90,107,84,112,104,51,25,65"/><V85/><F63/><W111/><G118/><T53/><D120/><N who="2" m="46122" /><F126/><W18/><G111/><T72/><D110/><U35/><E37/><V66/><F66/><W31/><G132/><N who="2" m="50793" /><F130/><W121/><G121/><T128/><D113/><U124/><E115/><V45/><F45/><W77/><G112/><T0/><D72/><U24/><E124/><V119/><F119/><W6/><G51/><T41/><D128/><U74/><E1/><V86/><F86/><W52/><G52/><T29/><D70/><U80/><E61/><V33/><F33/><W98/><G65/><T116/><D116/><U62/><E62/><V71/><F71/><W54/><G54/><T117/><D117/><U82/><E82/><V36/><F36/><W135/><G135/><T40/><D39/><U9/><E50/><V108/><F108/><W129/><G129/><T11/><REACH who="0" step="1"/><D29/><REACH who="0" ten="220,237,270,263" step="2"/><U127/><E127/><V102/><F102/><W106/><G31/><T75/><D75/><U42/><E74/><V91/><F78/><W88/><G77/><T27/><D27/><U81/><E76/><V99/><F99/><AGARI ba="0,1" hai="0,5,11,40,41,53,58,60,92,97,99,100,103,105" machi="99" ten="40,2600,0" yaku="1,1,52,1,53,0" doraHai="3" doraHaiUra="26" who="0" fromWho="2" sc="220,36,237,0,270,-26,263,0" /><INIT seed="3,0,0,4,2,95" ten="256,237,244,263" oya="3" hai0="8,61,120,37,104,99,73,132,0,133,128,111,123" hai1="117,59,58,119,51,72,20,15,22,31,40,30,83" hai2="27,69,49,89,112,114,23,75,17,105,90,98,56" hai3="21,108,32,28,36,91,65,33,4,94,129,64,38"/><W78/><G129/><T26/><D37/><U88/><E40/><V67/><F75/><W53/><G78/><T54/><D128/><U6/><E72/><V62/><F112/><W5/><G38/><T118/><D118/><N who="1" m="45067" /><E6/><V116/><F116/><W106/><G106/><T100/><D73/><U135/><E135/><N who="0" m="51785" /><D111/><U76/><E76/><V115/><F115/><W130/><G36/><T96/><D26/><N who="1" m="16711" /><E51/><V121/><F121/><W93/><G130/><T97/><D8/><U79/><E79/><V125/><F125/><W41/><G41/><T74/><D0/><U122/><E122/><N who="0" m="46633" /><D74/><U18/><E31/><V80/><F114/><W87/><G108/><T24/><D24/><U127/><E127/><V63/><F49/><W60/><G5/><T48/><D61/><U92/><E83/><V3/><F80/><W45/><G4/><T84/><D84/><AGARI ba="0,0" hai="15,18,22,58,59,84,88,92" m="16711,45067" machi="84" ten="30,2000,0" yaku="12,1,54,1" doraHai="95" who="1" fromWho="0" sc="256,-20,237,20,244,0,263,0" /><INIT seed="4,0,0,5,4,32" ten="236,257,244,263" oya="0" hai0="110,4,23,46,72,43,17,113,103,30,47,129,71" hai1="87,49,51,6,20,115,75,5,56,57,28,0,42" hai2="13,70,97,116,85,12,74,134,130,131,124,119,67" hai3="122,40,26,90,91,66,84,120,102,100,9,52,65"/><T106/><D72/><U27/><E75/><V29/><F74/><W25/><G40/><T78/><D71/><U135/><E135/><V7/><F134/><W111/><G111/><T21/><D110/><U64/><E56/><V109/><F109/><W83/><G9/><T79/><D113/><U108/><E108/><V69/><F29/><W125/><G125/><T101/><D129/><N who="2" m="49162" /><F124/><W16/><G91/><T105/><D17/><U88/><E0/><V54/><F85/><W104/><G26/><T60/><D43/><U19/><E28/><V38/><F38/><W107/><G107/><T126/><D30/><U24/><E24/><V53/><F97/><W37/><G104/><T98/><D60/><N who="1" m="37903" /><E115/><V99/><F99/><W63/><G37/><T33/><D98/><U123/><E123/><N who="3" m="47146" /><G102/><T41/><D41/><U128/><E128/><V58/><F70/><W2/><G2/><T76/><D76/><U94/><E42/><V36/><F36/><W73/><G100/><T127/><REACH who="0" step="1"/><D4/><AGARI ba="0,0" hai="4,5,6,19,20,27,49,51,87,88,94" m="37903" machi="4" ten="30,2000,0" yaku="8,1,54,1" doraHai="32" who="1" fromWho="0" sc="236,-20,257,20,244,0,263,0" /><INIT seed="5,0,0,3,5,112" ten="216,277,244,263" oya="1" hai0="132,96,69,1,111,62,102,80,27,127,52,5,75" hai1="70,18,94,89,98,99,105,114,103,120,126,128,76" hai2="36,108,34,25,47,6,22,59,14,56,133,87,81" hai3="64,17,0,74,33,20,57,8,40,30,104,117,12"/><U129/><E70/><V101/><F108/><W79/><G104/><T83/><D111/><U73/><E114/><V116/><F133/><W110/><G110/><T93/><D132/><U58/><E120/><V115/><F115/><W4/><G64/><T42/><D127/><U15/><E126/><V91/><F116/><W51/><G57/><T41/><D69/><U86/><E58/><V77/><F34/><W3/><G3/><T121/><D121/><U66/><E66/><V92/><F36/><W78/><G74/><T125/><D125/><U50/><E50/><V82/><F47/><W11/><G11/><T43/><D75/><U85/><E73/><V44/><F44/><N who="3" m="25991" /><G117/><T28/><D5/><U19/><E19/><V65/><F101/><W119/><G119/><T45/><D1/><U23/><REACH who="1" step="1"/><E76/><REACH who="1" ten="216,267,244,263" step="2"/><V24/><F77/><W100/><G79/><T84/><D84/><AGARI ba="0,1" hai="15,18,23,84,85,86,89,94,98,99,103,105,128,129" machi="84" ten="40,7700,0" yaku="1,1,2,1,53,1" doraHai="112" doraHaiUra="97" who="1" fromWho="0" sc="216,-77,267,87,244,0,263,0" owari="139,-36.1,354,45.4,244,-15.6,263,6.3" /></mjloggm>