<mjloggm ver="2.3"><GO type="225" lobby="0"/><UN n0="%E3%81%BF%E3%81%BF%E3%81%9A" n1="%72%69%6F%75%63%68%61%6E" n2="%E3%80%93%E3%81%97%E3%83%BC%E3%82%89%E3%80%93" n3="%E6%B4%BE%E9%81%A3%E3%81%AE%E3%82%B8%E3%83%A3%E3%83%83%E3%82%AF" dan="18,16,16,17" rate="2261.96,2147.44,2183.57,2193.34" sx="M,M,M,M"/><TAIKYOKU oya="0"/><INIT seed="0,0,0,2,2,120" ten="250,250,250,250" oya="0" hai0="109,113,29,116,34,87,103,127,68,7,20,23,60" hai1="21,41,3,106,122,102,5,36,46,118,28,69,82" hai2="134,107,40,4,31,56,117,95,11,90,119,50,37" hai3="130,96,123,86,132,53,75,17,47,65,35,14,15"/><T45/><D113/><U54/><E118/><N who="2" m="45067" /><F107/><W77/><G75/><T114/><D114/><U124/><E122/><V18/><F134/><W12/><G35/><T63/><D116/><U110/><E110/><V88/><F31/><W83/><G123/><T91/><D34/><U125/><E69/><V25/><F37/><W8/><G132/><T94/><D127/><N who="1" m="48715" /><E54/><N who="2" m="31831" /><F40/><W71/><G130/><T74/><D74/><U24/><E82/><V44/><F44/><W26/><G71/><T22/><D29/><U33/><E21/><N who="2" m="13495" /><F95/><W13/><G65/><T126/><D126/><U104/><E102/><V79/><F79/><W92/><G26/><T80/><D68/><U39/><E36/><V27/><F27/><W112/><G112/><T99/><D109/><U121/><E121/><V6/><F6/><W105/><G105/><N who="1" m="40554" /><E5/><V30/><F30/><W67/><G67/><T98/><D7/><U0/><AGARI ba="0,0" hai="0,3,24,28,33,39,41,46" m="40554,48715" machi="0" ten="40,2700,0" yaku="18,1,23,1" doraHai="120" who="1" fromWho="1" sc="250,-13,250,27,250,-7,250,-7" /><INIT seed="1,0,0,0,0,1" ten="237,277,243,243" oya="1" hai0="71,8,126,102,69,21,11,43,114,72,92,135,7" hai1="19,127,66,3,4,42,29,20,36,83,24,99,62" hai2="54,79,50,94,84,68,18,63,115,111,117,17,13" hai3="44,65,30,125,38,9,57,89,37,95,10,119,16"/><U53/><E127/><V77/><F117/><W64/><G30/><T25/><D114/><U104/><E83/><V14/><F115/><W108/><G108/><T118/><D118/><U5/><E3/><V96/><F111/><W109/><G109/><T56/><D72/><U47/><E53/><V51/><F68/><W26/><G125/><T78/><D126/><U67/><E66/><V60/><F84/><W75/><G75/><T93/><D78/><U88/><E29/><V27/><F27/><W134/><G134/><T86/><D135/><U59/><REACH who="1" step="1"/><E104/><REACH who="1" ten="237,267,243,243" step="2"/><V107/><F107/><W100/><G65/><T124/><D124/><U46/><E46/><V73/><F54/><W113/><G113/><T55/><D43/><U91/><E91/><V28/><F28/><W74/><G89/><N who="0" m="53303" /><D69/><U116/><E116/><V98/><F73/><W112/><G74/><T122/><D71/><U45/><E45/><V82/><REACH who="2" step="1"/><F94/><AGARI ba="0,1" hai="4,5,19,20,24,36,42,47,59,62,67,88,94,99" machi="94" ten="40,12000,1" yaku="1,1,52,2,54,1,53,1" doraHai="1" doraHaiUra="58" who="1" fromWho="2" sc="237,0,267,130,243,-120,243,0" /><INIT seed="1,1,0,4,3,23" ten="237,397,123,243" oya="1" hai0="101,134,78,50,114,105,86,70,24,135,3,55,111" hai1="51,132,52,42,96,64,90,72,0,10,56,1,106" hai2="102,61,25,45,117,94,107,74,46,81,29,41,27" hai3="67,95,37,97,18,110,30,76,43,83,129,34,17"/><U119/><E119/><V28/><F107/><W121/><G121/><T9/><D114/><U60/><E72/><V91/><F117/><W82/><G67/><T58/><D70/><U79/><E132/><N who="0" m="50729" /><D111/><U80/><E42/><V38/><F102/><W4/><G110/><T21/><D101/><U123/><E123/><V20/><F61/><W39/><G4/><N who="0" m="1183" /><D105/><U5/><E106/><V88/><F46/><W93/><G129/><T11/><D11/><U120/><E120/><V2/><F2/><W26/><G43/><T92/><D92/><U133/><E133/><V131/><F131/><W32/><G97/><T16/><D86/><U69/><E0/><V87/><F74/><W62/><G62/><T53/><D55/><U63/><E60/><V125/><F125/><W68/><G68/><T124/><D78/><U77/><REACH who="1" step="1"/><E80/><REACH who="1" ten="237,387,123,243" step="2"/><V71/><F71/><W14/><G82/><T84/><D84/><U89/><E89/><V13/><F13/><W130/><G14/><T66/><D124/><U85/><E85/><V99/><REACH who="2" step="1"/><F27/><REACH who="2" ten="237,387,113,243" step="2"/><W57/><G130/><T6/><D66/><U116/><E116/><V7/><F7/><AGARI ba="1,2" hai="6,7,16,21,24,50,53,58" m="1183,50729" machi="7" ten="30,3900,0" yaku="20,1,52,1,54,1" doraHai="23" who="0" fromWho="2" sc="237,62,387,0,113,-42,243,0" /><INIT seed="2,0,0,3,1,36" ten="299,387,71,243" oya="2" hai0="106,120,100,2,17,43,0,3,119,112,13,99,50" hai1="117,115,63,41,32,101,108,31,23,39,18,87,37" hai2="74,16,98,66,68,77,132,105,122,104,24,79,81" hai3="10,26,28,5,95,6,14,127,57,1,44,94,121"/><V51/><F122/><W69/><G121/><T60/><D120/><U107/><E115/><V29/><F132/><W78/><G69/><T65/><D112/><U109/><E117/><V67/><F79/><W103/><G127/><T48/><D119/><U125/><E125/><V45/><F16/><W75/><G57/><T130/><D130/><U8/><E8/><V126/><F126/><W123/><G123/><T59/><REACH who="0" step="1"/><D43/><REACH who="0" ten="289,387,71,243" step="2"/><U62/><E41/><V4/><F4/><W33/><G5/><T70/><D70/><U116/><E116/><V124/><F124/><W111/><G6/><T34/><D34/><U135/><E32/><V21/><F68/><W133/><G33/><T55/><D55/><U110/><E135/><V85/><F74/><W20/><G133/><T91/><D91/><U58/><E110/><V15/><F15/><W92/><G111/><T25/><D25/><U102/><E109/><V22/><F22/><AGARI ba="0,1" hai="0,2,3,13,17,22,48,50,59,60,65,99,100,106" machi="22" ten="40,1300,0" yaku="1,1,53,0" doraHai="36" doraHaiUra="134" who="0" fromWho="2" sc="289,23,387,0,71,-13,243,0" /><INIT seed="3,0,0,1,4,67" ten="312,387,58,243" oya="3" hai0="122,131,40,92,37,109,118,9,10,104,70,8,13" hai1="7,130,114,54,91,102,86,12,46,20,71,58,98" hai2="87,74,43,68,95,79,82,126,103,73,63,27,41" hai3="84,99,135,78,48,100,2,69,19,28,110,76,26"/><W62/><G2/><T127/><D104/><U64/><E114/><V32/><F126/><W24/><G135/><T56/><D122/><U5/><E130/><V4/><F4/><W83/><G48/><T90/><D118/><U22/><E71/><V33/><F95/><W57/><G110/><T42/><D131/><U120/><E120/><V39/><F87/><W35/><G19/><T115/><D70/><U124/><E64/><V97/><F43/><W61/><G26/><T134/><D134/><U80/><E46/><V30/><F33/><W89/><G62/><T53/><D127/><U81/><E81/><V18/><F18/><W47/><G47/><T52/><D115/><U112/><E112/><V55/><F55/><N who="0" m="21066" /><D56/><U108/><E108/><V113/><F113/><W96/><G96/><N who="0" m="57367" /><D37/><U119/><E119/><V6/><F6/><N who="1" m="2057" /><E12/><V85/><F41/><N who="0" m="15978" /><D109/><U77/><E124/><V45/><F45/><W17/><G57/><T65/><D65/><U49/><E102/><V132/><F132/><W117/><G117/><T51/><D51/><U88/><E98/><V25/><F85/><W125/><G125/><T111/><D111/><U38/><E38/><V50/><F39/><W128/><G128/><T106/><D106/><U31/><E31/><V0/><F50/><W14/><G61/><T23/><D23/><AGARI ba="0,0" hai="20,22,23,49,54,58,77,80,86,88,91" m="2057" machi="23" ten="30,2000,0" yaku="8,1,54,1" doraHai="67" who="1" fromWho="0" sc="312,-20,387,20,58,0,243,0" owari="292,9.2,407,50.7,58,-44.2,243,-15.7" /></mjloggm>