<mjloggm ver="2.3"><GO type="225" lobby="0"/><UN n0="%E3%81%95%E3%81%8D%E3%81%9F%E3%81%BE%E6%9E%97%E6%AA%8E" n1="%72%65%6E%6B%75%6E" n2="%6D%75%75%6D%75%72%61" n3="%E3%81%86%E3%81%A9%E3%82%93%E3%81%93" dan="16,17,17,16" rate="2155.20,2255.17,2206.27,2149.08" sx="M,M,F,M"/><TAIKYOKU oya="0"/><INIT seed="0,0,0,0,4,106" ten="250,250,250,250" oya="0" hai0="1,85,83,81,84,25,7,33,91,48,20,120,112" hai1="14,45,8,2,42,118,43,38,121,101,100,57,19" hai2="92,28,61,68,50,35,21,76,122,104,131,11,12" hai3="26,29,116,30,70,32,60,5,63,22,129,62,95"/><T6/><D112/><U0/><E118/><V37/><F122/><W47/><G116/><T111/><D120/><U90/><E121/><V17/><F37/><W64/><G129/><T77/><D33/><U3/><E42/><V99/><F104/><W87/><G5/><T127/><D127/><U135/><E135/><V73/><F131/><W119/><G119/><T56/><D1/><U40/><E40/><V44/><F35/><W117/><G117/><T98/><D98/><U27/><E90/><V113/><F113/><W94/><G62/><T126/><D126/><U4/><E57/><V13/><F68/><W125/><G125/><T39/><D39/><U82/><E82/><V15/><F61/><W132/><G132/><T134/><D134/><U9/><REACH who="1" step="1"/><E27/><REACH who="1" ten="250,240,250,250" step="2"/><V72/><F76/><W74/><G47/><T51/><D111/><U128/><E128/><V89/><F28/><W46/><G30/><N who="0" m="17703" /><D56/><U53/><E53/><V67/><F67/><W75/><G70/><T49/><AGARI ba="0,1" hai="6,7,48,49,51,77,81,83,84,85,91" m="17703" machi="49" ten="30,1500,0" yaku="8,1" doraHai="106" who="0" fromWho="0" sc="250,25,240,-5,250,-5,250,-5" /><INIT seed="0,1,0,4,1,110" ten="275,235,245,245" oya="0" hai0="30,77,0,99,70,44,37,29,18,106,123,95,125" hai1="78,45,121,22,98,83,9,112,120,19,26,111,75" hai2="60,62,85,86,93,24,69,73,3,124,131,43,79" hai3="126,5,119,25,132,1,97,52,4,114,39,7,107"/><T27/><D123/><U113/><E111/><V42/><F3/><W10/><G119/><T84/><D70/><U35/><E35/><V17/><F73/><W61/><G39/><T11/><D106/><U20/><E9/><V127/><F131/><W88/><G114/><N who="1" m="44138" /><E45/><V38/><F38/><W53/><G132/><T48/><D125/><U80/><E98/><V102/><F79/><W40/><G40/><T51/><D37/><U90/><E22/><V16/><F69/><W94/><G126/><T59/><D0/><U91/><E80/><V115/><F115/><W118/><G118/><T58/><D11/><U72/><E72/><V50/><F93/><W135/><G135/><T101/><D18/><U109/><E109/><V8/><F8/><W133/><G133/><T36/><D36/><U49/><E49/><V57/><F50/><W12/><G107/><T122/><D51/><U74/><E75/><V89/><F102/><W65/><G25/><T55/><D122/><AGARI ba="1,0" hai="19,20,26,74,78,83,90,91,120,121,122" m="44138" machi="122" ten="30,7700,0" yaku="11,1,52,3" doraHai="110" who="1" fromWho="0" sc="275,-80,235,80,245,0,245,0" /><INIT seed="1,0,0,0,3,131" ten="195,315,245,245" oya="1" hai0="88,73,35,19,122,24,56,18,38,100,105,55,10" hai1="8,65,15,3,12,63,123,32,14,26,61,116,22" hai2="104,69,37,71,52,95,127,92,134,109,31,114,60" hai3="102,101,25,93,130,1,53,79,133,82,75,44,80"/><U78/><E116/><V99/><F37/><W108/><G108/><T41/><D122/><U40/><E123/><V81/><F109/><W77/><G1/><T57/><D73/><U89/><E32/><V28/><F104/><W70/><G70/><T4/><D38/><U124/><E124/><V117/><F127/><W83/><G130/><T115/><D115/><U7/><E78/><V106/><F106/><W49/><G133/><T13/><D41/><U34/><E34/><V87/><F117/><W128/><G128/><T46/><D46/><U119/><E119/><V30/><F114/><W66/><G66/><T110/><D110/><U84/><E40/><V97/><F134/><W112/><G112/><T113/><D113/><U126/><E126/><V135/><F135/><W111/><G111/><T118/><D118/><U0/><E0/><V21/><F21/><W107/><G107/><T58/><D55/><U120/><E65/><V16/><F71/><W42/><G25/><T47/><D47/><U125/><E125/><V74/><F69/><W9/><G9/><T72/><D72/><U94/><REACH who="1" step="1"/><E120/><REACH who="1" ten="195,305,245,245" step="2"/><V2/><F2/><W51/><G79/><T48/><D35/><U85/><E85/><V76/><F74/><W27/><G77/><T5/><D5/><U98/><E98/><V62/><F99/><W43/><G75/><T132/><D4/><U6/><E6/><V11/><F97/><W129/><G43/><T121/><D121/><U20/><E20/><V29/><N who="2" m="7168" /><DORA hai="45" /><V103/><F76/><W39/><G42/><T68/><D132/><U90/><E90/><RYUUKYOKU ba="0,1" sc="195,-10,305,30,245,-10,245,-10" hai1="3,7,8,12,14,15,22,26,61,63,84,89,94" /><INIT seed="1,1,1,4,0,33" ten="185,335,235,235" oya="1" hai0="83,100,101,46,53,133,76,91,10,2,77,32,5" hai1="120,124,90,110,94,132,81,12,22,109,82,134,131" hai2="105,102,17,41,65,87,44,127,56,37,85,54,129" hai3="125,0,55,25,130,117,51,122,59,15,68,45,39"/><U135/><E120/><V63/><F127/><W57/><G122/><T97/><D133/><U108/><E124/><V21/><F129/><W14/><G125/><T19/><D32/><U71/><E71/><V123/><F123/><W98/><G68/><T112/><D112/><U16/><E131/><V116/><F116/><W58/><G130/><T61/><D77/><U78/><E78/><V75/><F75/><W95/><G117/><T73/><D19/><U70/><E70/><V20/><F105/><W62/><G39/><T84/><D97/><AGARI ba="1,1" hai="12,16,22,81,82,90,94,97,108,109,110,132,134,135" machi="97" ten="50,12000,1" yaku="14,1,10,1,20,1,54,1" doraHai="33" who="1" fromWho="0" sc="185,-123,335,133,235,0,235,0" /><INIT seed="1,2,0,1,2,60" ten="62,468,235,235" oya="1" hai0="91,108,61,88,38,114,28,33,59,55,57,72,36" hai1="6,85,2,82,121,110,132,44,54,109,111,90,43" hai2="30,104,115,76,126,14,52,75,49,3,119,84,125" hai3="39,48,127,105,46,77,47,113,100,27,63,53,21"/><U81/><E121/><V51/><F3/><W117/><G113/><T50/><D108/><U79/><E132/><V31/><F119/><W32/><G32/><T0/><D114/><U12/><E54/><V64/><F115/><W133/><G133/><T58/><D72/><U97/><E2/><V29/><F75/><W4/><G117/><T73/><D73/><U41/><E97/><V35/><F104/><W112/><G112/><T83/><D0/><U10/><REACH who="1" step="1"/><E44/><REACH who="1" ten="62,458,235,235" step="2"/><V25/><F52/><W106/><G47/><T128/><D128/><U5/><E5/><V122/><F122/><W95/><G4/><T66/><D36/><U89/><E89/><V37/><F37/><W19/><G46/><T78/><D38/><U87/><AGARI ba="2,1" hai="6,10,12,41,43,79,81,82,85,87,90,109,110,111" machi="87" ten="40,12000,1" yaku="1,1,0,1,14,1,10,1,53,0" doraHai="60" doraHaiUra="18" who="1" fromWho="1" sc="62,-42,458,136,235,-42,235,-42" /><INIT seed="1,3,0,2,0,71" ten="20,594,193,193" oya="1" hai0="27,87,48,18,66,60,3,130,56,47,90,35,122" hai1="67,26,124,107,132,15,89,64,96,70,108,63,110" hai2="38,129,93,102,79,119,77,17,14,40,128,94,104" hai3="5,98,81,123,131,125,24,37,105,33,120,59,112"/><U113/><E113/><V117/><F104/><W118/><G5/><T53/><D130/><N who="2" m="50282" /><F40/><W114/><G59/><T88/><D122/><U52/><E124/><V126/><F38/><W84/><G24/><T42/><D3/><U85/><E132/><V78/><F126/><W116/><G33/><T28/><D18/><U25/><E15/><V97/><F94/><W100/><G37/><T12/><D12/><U49/><E67/><V58/><F58/><W109/><G125/><T13/><D13/><U76/><E76/><V54/><F54/><W83/><G131/><T65/><REACH who="0" step="1"/><D90/><REACH who="0" ten="10,594,193,193" step="2"/><U57/><E107/><V6/><F6/><W20/><G109/><N who="1" m="42090" /><E96/><V16/><F17/><W92/><G120/><T45/><D45/><U2/><E2/><V11/><AGARI ba="3,1" hai="11,14,16,77,78,79,93,97,102,117,119" m="50282" machi="11" ten="30,2000,0" yaku="19,1,54,1" doraHai="71" who="2" fromWho="2" sc="10,-8,594,-13,193,39,193,-8" /><INIT seed="2,0,0,0,0,72" ten="2,581,232,185" oya="2" hai0="29,65,70,92,96,86,32,57,116,20,67,121,130" hai1="105,36,41,16,106,8,62,131,78,71,101,21,55" hai2="135,30,73,17,28,15,79,115,23,51,87,97,58" hai3="125,52,69,61,119,37,134,82,102,89,104,38,4"/><V59/><F115/><W108/><G119/><T22/><D121/><U88/><E131/><V132/><F73/><W117/><G117/><T85/><D130/><U11/><E78/><V127/><F127/><W64/><G125/><T84/><D116/><U53/><E36/><V19/><F97/><W83/><G108/><T112/><D112/><U49/><E41/><V42/><F19/><W7/><G134/><N who="2" m="51241" /><F42/><W40/><G52/><T50/><D70/><U34/><E105/><V2/><F2/><W129/><G129/><T3/><D3/><U91/><E106/><V80/><F51/><W24/><G24/><T46/><D32/><U109/><E34/><V77/><F77/><W12/><G4/><T26/><D22/><U98/><E109/><V31/><AGARI ba="0,0" hai="15,17,23,28,30,31,58,59,79,80,87" m="51241" machi="31" ten="30,3000,0" yaku="20,1,52,1" doraHai="72" who="2" fromWho="2" sc="2,-10,581,-10,232,30,185,-10" owari="-8,-50.8,571,67.1,262,6.2,175,-22.5" /></mjloggm>