<mjloggm ver="2.3"><GO type="225" lobby="0"/><UN n0="%E3%81%86%E3%83%BC%E3%81%B1%E3%83%BC" n1="%6D%75%75%6D%75%72%61" n2="%77%72%77%72%77%72%77%72" n3="%E5%A4%96%E5%B7%9D%E7%AB%9C%E6%88%90" dan="16,17,16,16" rate="2146.57,2161.53,2124.78,2173.18" sx="F,F,M,M"/><TAIKYOKU oya="0"/><INIT seed="0,0,0,4,4,37" ten="250,250,250,250" oya="0" hai0="53,32,112,110,105,132,9,118,79,98,49,62,50" hai1="101,124,89,97,76,61,31,103,5,122,130,82,125" hai2="0,6,88,13,92,52,35,21,46,87,78,107,10" hai3="73,134,72,59,41,18,96,4,51,45,44,43,22"/><T111/><D112/><U57/><E122/><V60/><F35/><W65/><G134/><T64/><D118/><U3/><E130/><V115/><F115/><W133/><G133/><T84/><D32/><U7/><E31/><V69/><F107/><W117/><G117/><T131/><D132/><U25/><E25/><V123/><F123/><W71/><G71/><T128/><D9/><U93/><E101/><V1/><F78/><W83/><G4/><T24/><D24/><U63/><E103/><V42/><F21/><W58/><G96/><T11/><D11/><U26/><E26/><V85/><F85/><W39/><G65/><T47/><D49/><U75/><E61/><V55/><F69/><W90/><G73/><T15/><D15/><U23/><E23/><V95/><F95/><W81/><G81/><N who="0" m="47167" /><D98/><U68/><E68/><V106/><F106/><W116/><G116/><T126/><D126/><N who="1" m="48747" /><E3/><V77/><F77/><W86/><REACH who="3" step="1"/><G72/><REACH who="3" ten="250,250,250,240" step="2"/><T74/><D74/><U8/><E8/><V14/><F0/><W114/><G114/><T108/><D105/><U34/><E34/><V91/><F1/><W127/><G127/><T66/><D66/><AGARI ba="0,1" hai="5,7,57,63,66,75,76,82,89,93,97" m="48747" machi="66" ten="30,1000,0" yaku="18,1" doraHai="37" who="1" fromWho="0" sc="250,-10,250,20,250,0,240,0" /><INIT seed="1,0,0,2,1,91" ten="240,270,250,240" oya="1" hai0="94,70,38,8,84,64,100,112,27,122,63,82,108" hai1="30,83,58,120,5,40,81,73,104,41,33,60,97" hai2="71,16,129,110,37,50,67,23,26,130,68,1,56" hai3="7,10,52,9,99,15,21,119,133,128,93,43,0"/><U107/><E120/><V75/><F37/><W35/><G35/><T39/><D112/><U79/><E5/><V55/><F110/><W127/><G127/><T72/><D108/><U66/><E83/><V103/><F75/><W61/><G133/><T46/><D122/><U32/><E104/><V48/><F1/><W124/><G124/><T4/><D27/><U12/><E12/><V18/><F103/><W123/><G123/><T113/><D113/><U28/><E32/><V101/><F101/><W59/><G128/><N who="2" m="49257" /><F67/><W69/><G69/><N who="2" m="26697" /><F50/><W36/><G119/><T49/><D72/><U20/><E33/><V42/><F42/><W22/><G43/><T14/><D100/><U24/><E30/><AGARI ba="0,0" hai="16,18,23,26,30,48,55,56" m="26697,49257" machi="30" ten="30,2000,0" yaku="19,1,54,1" doraHai="91" who="2" fromWho="1" sc="240,0,270,-20,250,20,240,0" /><INIT seed="2,0,0,0,4,17" ten="240,250,270,240" oya="2" hai0="2,3,127,101,108,30,41,59,45,8,70,129,133" hai1="74,6,110,11,85,95,111,128,48,112,47,7,53" hai2="130,86,38,68,5,24,37,91,131,1,77,12,35" hai3="119,100,31,123,22,88,26,126,87,18,0,62,132"/><V120/><F120/><W54/><G119/><T40/><D70/><U122/><E112/><V32/><F68/><W13/><G123/><T118/><D108/><N who="1" m="41515" /><E122/><V90/><F1/><W28/><G0/><T36/><D41/><U93/><E74/><V102/><F102/><W42/><G126/><T56/><D127/><U49/><E128/><N who="2" m="49195" /><F77/><W15/><G132/><T67/><D133/><U76/><E48/><V99/><F99/><W19/><G42/><T61/><D118/><U114/><E114/><V52/><F52/><W83/><G100/><T109/><D109/><U64/><E64/><V115/><F115/><W44/><G26/><T125/><D125/><U71/><E71/><V55/><F55/><W34/><G34/><N who="2" m="12841" /><F24/><W39/><G39/><N who="2" m="14857" /><F86/><W46/><G46/><T104/><D129/><U103/><E103/><V58/><F58/><N who="3" m="35159" /><G44/><T57/><D30/><U113/><E113/><V134/><F134/><W72/><G72/><T50/><D36/><U92/><E11/><AGARI ba="0,0" hai="5,11,12,90,91" m="14857,12841,49195" machi="11" ten="40,2000,0" yaku="19,1" doraHai="17" who="2" fromWho="1" sc="240,0,250,-20,270,20,240,0" /><AGARI ba="0,0" hai="11,13,15,18,19,22,28,31,83,87,88" m="35159" machi="11" ten="30,3900,0" yaku="8,1,52,1,54,1" doraHai="17" who="3" fromWho="1" sc="240,0,230,-39,290,0,240,39" /><INIT seed="2,1,0,4,5,114" ten="240,191,290,279" oya="2" hai0="6,23,38,70,94,130,53,7,110,84,54,41,123" hai1="18,42,87,97,127,59,40,37,24,50,83,3,124" hai2="39,46,32,93,135,61,48,63,58,103,69,77,57" hai3="81,106,44,71,51,125,126,65,90,120,129,86,35"/><V89/><F32/><W13/><G120/><T112/><D123/><U26/><E3/><V115/><F115/><W92/><G106/><T132/><D112/><U31/><E37/><V121/><F121/><W73/><G35/><T62/><D110/><U104/><E18/><V27/><F39/><W100/><G129/><T131/><D132/><U91/><E59/><V128/><F69/><W117/><G117/><T101/><D41/><U67/><E67/><V17/><F135/><W116/><G116/><T75/><D75/><U88/><E24/><V15/><F27/><W56/><G56/><N who="2" m="21609" /><F77/><W122/><G122/><T74/><D74/><U72/><E72/><V19/><F103/><W10/><G65/><T109/><D109/><U66/><E66/><V4/><F4/><W2/><G2/><T29/><D70/><U25/><E25/><V55/><F128/><W34/><G34/><T5/><D38/><U20/><E50/><V64/><F64/><W98/><G73/><T47/><D62/><N who="2" m="23562" /><F15/><W102/><G71/><T16/><D29/><U82/><E104/><V45/><F45/><W105/><G102/><T118/><D118/><U108/><E108/><V113/><F113/><W119/><G105/><T0/><D0/><U30/><E30/><V52/><F55/><N who="0" m="21002" /><D47/><U11/><E11/><V1/><F1/><W95/><G119/><T68/><D68/><U8/><E8/><V33/><F33/><W96/><G44/><T78/><D101/><U22/><E22/><V14/><F14/><W107/><G107/><T21/><D131/><U134/><E134/><V85/><AGARI ba="1,0" hai="17,19,46,48,52,85,89,93" m="23562,21609" machi="85" ten="30,6000,0" yaku="5,1,8,1,54,1" doraHai="114" who="2" fromWho="2" sc="240,-21,191,-21,290,63,279,-21" /><INIT seed="2,2,0,0,1,47" ten="219,170,353,258" oya="2" hai0="11,96,7,133,118,24,109,86,29,31,99,32,108" hai1="110,113,128,132,34,55,43,80,126,10,112,58,61" hai2="69,21,36,39,79,125,121,42,123,50,124,60,1" hai3="106,23,72,37,103,134,111,18,46,89,64,88,77"/><V75/><F1/><W81/><G111/><N who="0" m="42571" /><D133/><U91/><E110/><V131/><F75/><W54/><G134/><T98/><D118/><U8/><E132/><V84/><F79/><W63/><G103/><T17/><D86/><U102/><E34/><V12/><F12/><W33/><G106/><T19/><D31/><U6/><E128/><V130/><F21/><W45/><G45/><T41/><D41/><U53/><E126/><N who="2" m="48747" /><F50/><W100/><G100/><T83/><D83/><U114/><E102/><V52/><F52/><W14/><G33/><T117/><D117/><U4/><E43/><V30/><F30/><W65/><G65/><T9/><D9/><U66/><E53/><V71/><F84/><W35/><G35/><T76/><D76/><U38/><E38/><N who="2" m="14379" /><F42/><W13/><G13/><AGARI ba="2,0" hai="7,11,13,17,19,24,29,32,96,98,99" m="42571" machi="13" ten="30,1000,0" yaku="14,1" doraHai="47" who="0" fromWho="3" sc="219,16,170,0,353,0,258,-16" /><INIT seed="3,0,0,0,0,28" ten="235,170,353,242" oya="3" hai0="62,59,10,3,0,112,56,90,63,81,124,6,77" hai1="22,49,30,61,122,51,27,83,4,97,130,12,33" hai2="43,67,108,82,103,101,78,53,115,20,102,54,45" hai3="5,129,86,87,127,7,135,131,117,119,68,66,69"/><W55/><G55/><T13/><D124/><U48/><E130/><N who="3" m="49674" /><G66/><T17/><D112/><U37/><E122/><V121/><F115/><W9/><G127/><T71/><D90/><U23/><E37/><V36/><F121/><W100/><G100/><T21/><D0/><U134/><E134/><V106/><F67/><W1/><G135/><T95/><D95/><U84/><E97/><V120/><F120/><W104/><G104/><T24/><D3/><U29/><E61/><N who="0" m="23049" /><D71/><N who="3" m="27209" /><G7/><T14/><D14/><U110/><E110/><V88/><F106/><W8/><G8/><T19/><D6/><U73/><E73/><V16/><F54/><W65/><G65/><T89/><D77/><U31/><E23/><V40/><F53/><W111/><G111/><T118/><D118/><AGARI ba="0,0" hai="1,5,9,86,87,117,118,119" m="27209,49674" machi="118" ten="40,2000,0" yaku="19,1" doraHai="28" who="3" fromWho="0" sc="235,-20,170,0,353,0,242,20" /><INIT seed="3,1,0,0,0,118" ten="215,170,353,262" oya="3" hai0="109,3,40,8,41,83,60,21,75,104,94,110,17" hai1="91,125,55,6,1,0,130,132,39,22,45,114,62" hai2="97,47,5,28,66,65,82,26,10,51,30,57,113" hai3="95,56,33,134,49,77,81,29,64,135,20,61,11"/><W106/><G106/><T112/><D104/><U54/><E114/><V12/><F113/><W48/><G33/><T36/><D94/><U68/><E130/><V98/><F82/><W78/><G95/><T70/><D60/><U101/><E125/><V117/><F117/><W133/><G11/><T124/><D70/><U86/><E132/><V53/><F26/><N who="3" m="16583" /><G78/><N who="0" m="44511" /><D124/><U122/><E122/><V59/><F28/><W37/><G37/><T92/><D92/><U4/><E101/><V84/><F30/><W90/><G90/><T67/><D67/><N who="2" m="25610" /><F84/><AGARI ba="1,0" hai="48,49,56,61,64,77,81,84,133,134,135" m="16583" machi="84" ten="30,1500,0" yaku="20,1" doraHai="118" who="3" fromWho="2" sc="215,0,170,0,353,-18,262,18" /><INIT seed="3,2,0,5,4,126" ten="215,170,335,280" oya="3" hai0="100,96,4,64,109,20,47,37,104,28,8,23,117" hai1="97,116,132,98,15,133,81,9,92,40,39,90,134" hai2="49,95,103,7,10,120,63,43,60,17,83,35,33" hai3="94,36,79,67,131,38,65,11,16,52,129,110,99"/><W24/><G79/><T71/><D117/><U89/><E116/><V135/><F135/><W88/><G110/><T127/><D127/><U57/><E39/><V76/><F120/><W77/><G77/><T54/><D109/><U73/><E40/><V14/><F33/><W102/><G102/><T19/><D28/><U51/><E73/><V75/><F35/><W69/><G38/><T124/><D124/><U119/><E119/><V111/><F111/><W130/><G36/><T29/><D29/><U5/><E81/><V106/><F106/><W125/><G125/><T61/><D19/><U80/><E80/><V82/><F82/><W84/><G84/><T30/><D30/><U41/><E41/><V74/><F74/><W123/><G123/><T12/><D37/><U87/><REACH who="1" step="1"/><E89/><REACH who="1" ten="215,160,335,280" step="2"/><V70/><F83/><W72/><G72/><T114/><D114/><U112/><E112/><V105/><F75/><W53/><G69/><T56/><D47/><U55/><AGARI ba="2,1" hai="5,9,15,51,55,57,87,90,92,97,98,132,133,134" machi="55" ten="40,5200,0" yaku="1,1,0,1,20,1,53,0" doraHai="126" doraHaiUra="108" who="1" fromWho="1" sc="215,-15,160,68,335,-15,280,-28" owari="200,-30.0,228,-17.2,320,42.0,252,5.2" /></mjloggm>