<mjloggm ver="2.3"><GO type="225" lobby="0"/><UN n0="%E7%9C%9F%E4%B8%80" n1="%E7%BD%AA%E5%88%91%E6%B3%95%E5%AE%9A%E4%B8%BB%E7%BE%A9" n2="%E4%B8%AD%E5%B9%B4%E3%81%AE%E5%8D%B1%E6%A9%9F" n3="%E3%81%A1%E3%82%85%E3%81%86%E3%81%A9%E3%81%8F%E8%B1%A1%E3%81%95%E3%82%93" dan="17,16,16,16" rate="2243.78,2175.91,2092.14,2110.44" sx="M,M,M,M"/><TAIKYOKU oya="0"/><INIT seed="0,0,0,0,2,127" ten="250,250,250,250" oya="0" hai0="91,15,85,79,122,119,2,117,84,87,25,92,66" hai1="27,53,6,17,120,98,121,61,26,124,111,70,47" hai2="104,46,54,29,115,110,129,36,90,133,8,52,106" hai3="7,67,102,22,130,44,34,82,125,81,16,101,113"/><T71/><D2/><U12/><E124/><V50/><F115/><W135/><G125/><T57/><D71/><U64/><E111/><V68/><F110/><W107/><G113/><T89/><D122/><U11/><E98/><V93/><F133/><W21/><G34/><T23/><D79/><U59/><E47/><V13/><F129/><W80/><G135/><T32/><D32/><U55/><E55/><V69/><F29/><W103/><G7/><T28/><D84/><U41/><E41/><V97/><F36/><W77/><G67/><T112/><D112/><U4/><E4/><V86/><F54/><W51/><G107/><T126/><D126/><U49/><REACH who="1" step="1"/><E6/><BYE who="3" /><REACH who="1" ten="250,240,250,250" step="2"/><UN n3="%E3%81%A1%E3%82%85%E3%81%86%E3%81%A9%E3%81%8F%E8%B1%A1%E3%81%95%E3%82%93" /><V132/><F132/><W105/><G105/><T65/><D119/><U38/><E38/><V0/><F104/><W83/><G130/><T131/><D131/><U73/><E73/><V118/><F118/><W123/><G123/><AGARI ba="0,1" hai="11,12,17,26,27,49,53,59,61,64,70,120,121,123" machi="123" ten="40,1300,0" yaku="1,1,53,0" doraHai="127" doraHaiUra="18" who="1" fromWho="3" sc="250,0,240,23,250,0,250,-13" /><INIT seed="1,0,0,5,1,11" ten="250,263,250,237" oya="1" hai0="70,62,3,48,115,109,17,8,30,95,28,18,120" hai1="2,63,110,89,40,92,39,69,97,127,20,96,128" hai2="76,67,37,116,114,77,98,99,65,91,88,132,51" hai3="41,35,121,83,123,43,44,24,80,23,10,46,26"/><U71/><E2/><V60/><F37/><W29/><G10/><T131/><D115/><U106/><E127/><V15/><F114/><W47/><G23/><T21/><D109/><U22/><E128/><V36/><F36/><W79/><G26/><T133/><D131/><U87/><E110/><V118/><F51/><W102/><G102/><T122/><D48/><U16/><E22/><V53/><F132/><W111/><G111/><T32/><D95/><U119/><E119/><V64/><F116/><W4/><G4/><N who="0" m="1055" /><D62/><U31/><E31/><N who="0" m="11817" /><D70/><U34/><E34/><V19/><F118/><W27/><G27/><N who="0" m="14767" /><D133/><U9/><E9/><N who="2" m="6639" /><F99/><W52/><G52/><T13/><D32/><U33/><E33/><V94/><F91/><W0/><G80/><T14/><D18/><U93/><E106/><V113/><F113/><W59/><G59/><AGARI ba="0,0" hai="53,59,60,64,65,67,76,77,88,94,98" m="6639" machi="59" ten="30,3900,0" yaku="8,1,52,1,54,1" doraHai="11" who="2" fromWho="3" sc="250,0,263,0,250,39,237,-39" /><INIT seed="2,0,0,1,0,13" ten="250,263,289,198" oya="2" hai0="83,106,98,86,107,101,32,130,112,125,108,12,109" hai1="3,126,91,74,105,7,115,25,134,103,117,122,35" hai2="0,67,37,51,77,23,85,63,5,38,132,41,123" hai3="104,87,124,100,128,34,60,45,6,95,50,76,36"/><V58/><F0/><W22/><G34/><T79/><D32/><U59/><RYUUKYOKU type="yao9" ba="0,0" sc="250,0,263,0,289,0,198,0" hai1="3,7,25,35,59,74,91,103,105,115,117,122,126,134" /><INIT seed="2,1,0,2,2,73" ten="250,263,289,198" oya="2" hai0="3,114,77,100,76,40,125,68,89,108,5,98,112" hai1="121,18,94,61,96,33,13,52,46,82,32,54,44" hai2="19,69,28,30,22,39,106,90,126,87,47,66,124" hai3="102,63,14,1,2,117,53,9,15,71,60,56,99"/><V65/><F106/><W64/><G117/><T6/><D68/><U134/><E134/><V35/><F35/><W103/><G103/><T8/><D108/><U12/><E121/><V70/><F70/><W57/><G71/><T122/><D122/><U127/><E127/><V49/><F39/><W91/><G91/><T85/><D125/><U104/><E104/><V78/><F126/><W129/><G129/><T24/><D40/><U29/><E12/><V41/><F124/><W109/><G109/><T7/><D3/><U107/><E107/><V11/><F11/><W21/><G21/><T37/><D37/><U123/><E123/><V72/><F72/><W80/><G80/><T75/><D75/><U93/><E82/><N who="2" m="47575" /><F90/><W62/><G62/><T135/><D135/><U116/><E116/><V84/><F84/><W36/><G36/><T67/><D8/><U16/><E13/><N who="2" m="9583" /><F69/><W48/><G14/><T81/><D24/><U115/><E96/><V58/><F58/><W59/><G2/><T131/><D131/><U45/><E45/><V74/><F74/><W26/><G1/><T31/><D31/><AGARI ba="1,0" hai="28,30,31,41,47,49,65,66" m="9583,47575" machi="31" ten="30,2900,0" yaku="8,1,52,1" doraHai="73" who="2" fromWho="0" sc="250,-32,263,0,289,32,198,0" /><INIT seed="2,2,0,4,0,87" ten="218,263,321,198" oya="2" hai0="31,35,6,10,83,25,112,64,56,15,9,73,123" hai1="71,94,8,117,49,28,37,80,124,19,121,5,55" hai2="98,97,41,60,100,108,59,2,85,84,125,62,50" hai3="48,0,131,1,107,67,42,32,68,51,44,61,20"/><V76/><F2/><W12/><G32/><T103/><D123/><U92/><E117/><V27/><F125/><W129/><G107/><T7/><D112/><U14/><E71/><V57/><F108/><W96/><G96/><T118/><D118/><U45/><E124/><V90/><F27/><W23/><G51/><T40/><D103/><U115/><E115/><V36/><F36/><W111/><G111/><T114/><D114/><U52/><E37/><V26/><F26/><W65/><G65/><T95/><D40/><U18/><E28/><V17/><F17/><N who="1" m="6153" /><E121/><V77/><F50/><W110/><G110/><T21/><D95/><N who="1" m="36395" /><E80/><V79/><F41/><AGARI ba="2,0" hai="5,8,14,41,45,49,52,55" m="36395,6153" machi="41" ten="30,2000,0" yaku="8,1,54,1" doraHai="87" who="1" fromWho="2" sc="218,0,263,26,321,-26,198,0" /><INIT seed="3,0,0,0,5,52" ten="218,289,295,198" oya="3" hai0="57,53,13,96,132,48,6,81,78,74,46,130,103" hai1="121,97,100,4,64,129,60,30,128,20,34,125,43" hai2="49,62,7,104,59,25,134,79,123,124,24,0,116" hai3="115,86,65,68,114,47,133,36,15,23,16,67,99"/><W63/><G133/><T45/><D130/><N who="1" m="50283" /><E121/><V10/><F104/><W80/><G67/><T76/><D132/><U91/><E4/><V61/><F134/><W58/><G68/><T70/><D70/><N who="1" m="42247" /><E43/><V14/><F123/><W106/><G47/><T117/><D117/><U44/><E44/><V83/><F0/><W107/><G36/><T19/><D78/><U95/><E20/><V118/><F124/><W32/><G32/><T90/><D90/><U98/><E125/><V77/><F118/><W75/><G75/><T22/><REACH who="0" step="1"/><D6/><REACH who="0" ten="208,289,295,198" step="2"/><U113/><E113/><V127/><F79/><W21/><G114/><T66/><D66/><U93/><E34/><V69/><F116/><W126/><G115/><T11/><D11/><U54/><E54/><N who="2" m="32207" /><F127/><W29/><G126/><T71/><D71/><U101/><E30/><V72/><F69/><W2/><G29/><T82/><D82/><U110/><E110/><V8/><F8/><W42/><G80/><T5/><D5/><U51/><E51/><V84/><F72/><W122/><G122/><T87/><D87/><U108/><E108/><V85/><F85/><W119/><G86/><T109/><D109/><U1/><E1/><V33/><F33/><W55/><G119/><T41/><D41/><U131/><E131/><V105/><F62/><N who="3" m="36191" /><G2/><T135/><D135/><U89/><AGARI ba="0,1" hai="89,91,93,95,97,98,100,101" m="42247,50283" machi="89" ten="30,1100,0" yaku="19,1" doraHai="52" who="1" fromWho="1" sc="208,-3,289,21,295,-3,198,-5" owari="205,-19.5,310,41.0,292,9.2,193,-30.7" /></mjloggm>