<mjloggm ver="2.3"><GO type="225" lobby="0"/><UN n0="%E4%BE%BF%E6%89%80" n1="%E5%8F%AF%E5%85%90%E9%82%A3%E7%94%B1%E5%A4%9A" n2="%4E%49%4A%49%49%52%4F" n3="%E3%81%91%E3%83%BC%E3%81%9E%E3%81%88" dan="16,16,17,16" rate="2055.86,2221.00,2204.23,2117.07" sx="M,F,M,M"/><TAIKYOKU oya="0"/><INIT seed="0,0,0,1,2,58" ten="250,250,250,250" oya="0" hai0="51,117,30,72,83,81,47,11,112,13,82,73,48" hai1="27,7,100,131,68,38,104,41,17,44,87,76,0" hai2="114,113,135,45,53,22,8,86,60,99,14,106,50" hai3="122,52,59,98,134,69,93,110,79,42,49,32,9"/><T61/><D112/><U127/><E127/><V103/><F135/><W129/><G134/><T19/><D117/><U121/><E121/><V120/><F120/><W78/><G122/><T67/><D30/><U102/><E131/><V126/><F126/><W43/><G32/><T39/><D39/><U54/><E68/><V109/><F109/><W124/><G110/><T89/><D89/><U71/><E71/><V34/><F34/><W5/><G69/><T65/><D51/><U24/><E104/><V16/><F86/><W115/><G129/><T29/><D29/><U63/><E87/><V26/><REACH who="2" step="1"/><F60/><REACH who="2" ten="250,250,240,250" step="2"/><N who="3" m="35943" /><G115/><T23/><D61/><U85/><E85/><V118/><F118/><W125/><G125/><T36/><D73/><U107/><E63/><V37/><F37/><W130/><G124/><T66/><D36/><U77/><E38/><V92/><F92/><W1/><G130/><T96/><D72/><U3/><E107/><V84/><F84/><W2/><G49/><T31/><D96/><U116/><E116/><V90/><F90/><W97/><G97/><T21/><REACH who="0" step="1"/><D31/><AGARI ba="0,1" hai="8,14,16,22,26,31,45,50,53,99,103,106,113,114" machi="31" ten="30,3900,0" yaku="1,1,7,1,54,1,53,0" doraHai="58" doraHaiUra="28" who="2" fromWho="0" sc="250,-39,250,0,240,49,250,0" /><INIT seed="1,0,0,4,4,64" ten="211,250,289,250" oya="1" hai0="56,125,126,62,92,43,98,73,46,52,60,28,129" hai1="8,51,123,35,128,7,58,111,112,13,20,25,91" hai2="14,121,131,133,63,127,82,108,101,116,29,27,6" hai3="30,17,59,19,68,94,26,45,84,39,75,119,80"/><U109/><E112/><V88/><F121/><W102/><G119/><T122/><D73/><U41/><E123/><V87/><F116/><W21/><G68/><T66/><D122/><U3/><E128/><V90/><F108/><N who="1" m="41545" /><E35/><V40/><F127/><W11/><G75/><T12/><D129/><U49/><E41/><V42/><F131/><W97/><G39/><T81/><D28/><N who="1" m="17447" /><E58/><V67/><F133/><W50/><G59/><T53/><D81/><U103/><E103/><V105/><F90/><N who="3" m="51463" /><G11/><T76/><D76/><U55/><E55/><AGARI ba="0,0" hai="17,19,21,26,30,45,50,55,94,97,102" m="51463" machi="55" ten="30,1000,0" yaku="8,1" doraHai="64" who="3" fromWho="1" sc="211,0,250,-10,289,0,250,10" /><INIT seed="2,0,0,0,3,17" ten="211,240,289,260" oya="2" hai0="68,0,127,47,106,115,53,11,12,105,96,84,74" hai1="100,14,79,70,98,103,134,22,108,86,111,113,116" hai2="89,6,15,61,128,120,130,82,101,114,59,135,54" hai3="34,52,124,39,110,71,133,85,132,3,21,129,24"/><V77/><F120/><W20/><G71/><T58/><D115/><U80/><E70/><V60/><F114/><W109/><G39/><T23/><D74/><U62/><E113/><V4/><F135/><N who="3" m="51787" /><G3/><T19/><D68/><U36/><E134/><V26/><F101/><W83/><G129/><N who="2" m="49769" /><F26/><W131/><G124/><T122/><D122/><U37/><E116/><V123/><F123/><W49/><G34/><T56/><D127/><U31/><E62/><V67/><F89/><N who="3" m="51391" /><G131/><T18/><D84/><U125/><E125/><V87/><F15/><W93/><G93/><T1/><D47/><U119/><E119/><V78/><F78/><W91/><G91/><T107/><D96/><U75/><E75/><V51/><F61/><W42/><G42/><T63/><REACH who="0" step="1"/><D58/><AGARI ba="0,0" hai="4,6,51,54,58,59,60,67,77,82,87" m="49769" machi="58" ten="30,1500,0" yaku="19,1" doraHai="17" who="2" fromWho="0" sc="211,-15,240,0,289,15,260,0" /><INIT seed="2,1,0,4,0,51" ten="196,240,304,260" oya="2" hai0="131,102,128,99,11,25,39,66,108,67,53,32,101" hai1="44,68,10,112,133,28,36,124,122,119,88,110,26" hai2="129,43,84,118,38,49,117,34,57,13,60,73,15" hai3="115,103,56,24,93,83,29,134,69,63,52,27,4"/><V94/><F73/><W3/><G134/><T14/><D39/><U40/><E112/><V62/><F129/><N who="0" m="49738" /><D108/><U70/><E119/><V109/><F34/><W72/><G115/><T35/><D53/><U18/><E110/><V6/><F38/><W20/><G69/><T55/><D55/><U47/><E133/><V111/><F84/><W50/><G3/><T87/><D87/><U48/><E124/><V90/><F6/><W127/><G4/><T21/><D32/><U22/><E122/><V74/><F74/><W86/><G127/><T135/><D35/><U81/><E10/><V0/><F0/><W100/><G72/><T98/><D98/><U19/><E68/><V17/><F118/><W95/><G27/><T121/><D121/><U30/><E70/><V130/><F117/><W78/><G63/><T31/><D135/><U85/><REACH who="1" step="1"/><E30/><REACH who="1" ten="196,230,304,260" step="2"/><V61/><F111/><W41/><G41/><AGARI ba="1,1" hai="18,19,22,26,28,36,40,41,44,47,48,81,85,88" machi="41" ten="30,7700,0" yaku="1,1,2,1,7,1,54,1,53,0" doraHai="51" doraHaiUra="91" who="1" fromWho="3" sc="196,0,230,90,304,0,260,-80" /><INIT seed="3,0,0,3,4,53" ten="196,320,304,180" oya="3" hai0="116,97,22,95,90,76,17,80,10,2,14,23,131" hai1="45,68,121,24,132,29,74,59,99,87,133,135,83" hai2="115,70,48,3,75,66,63,8,102,128,49,18,77" hai3="52,71,108,28,30,42,69,119,27,81,72,57,88"/><W122/><G122/><T113/><D116/><U6/><E121/><V65/><F128/><W47/><G119/><T112/><D131/><U34/><E68/><V61/><F115/><N who="0" m="44106" /><D2/><U54/><E74/><AGARI ba="0,0" hai="10,14,17,22,23,74,76,80,90,95,97" m="44106" machi="74" ten="30,1000,0" yaku="11,1" doraHai="53" who="0" fromWho="1" sc="196,10,320,-10,304,0,180,0" owari="206,-19.4,310,41.0,304,10.4,180,-32.0" /></mjloggm>