<mjloggm ver="2.3"><GO type="225" lobby="0"/><UN n0="%43%68%65" n1="%E3%81%AF%E3%82%88%E3%81%8A%E3%81%98%E3%81%95%E3%82%93" n2="%E3%82%BC%E3%83%AB%E3%83%80%E3%81%AE%E4%BC%9D%E8%AA%AC" n3="%E6%B5%81%E3%82%8C%EF%BC%9F%53%4F%41" dan="16,16,16,16" rate="2160.12,2155.74,2114.27,2106.72" sx="M,M,M,M"/><TAIKYOKU oya="0"/><INIT seed="0,0,0,0,4,117" ten="250,250,250,250" oya="0" hai0="87,12,48,14,115,60,127,3,77,17,27,121,71" hai1="66,21,31,22,88,91,134,70,34,135,8,110,43" hai2="58,101,118,102,23,125,68,75,108,109,72,41,92" hai3="57,54,19,85,26,15,131,114,79,81,0,119,2"/><T99/><D115/><U93/><E110/><N who="2" m="42603" /><F68/><W106/><G119/><T95/><D3/><U98/><E43/><V69/><F69/><W5/><G106/><T78/><D127/><U44/><E44/><V24/><F118/><W32/><G114/><T49/><D27/><U113/><E113/><V103/><F125/><W111/><G131/><T132/><D132/><N who="1" m="50731" /><E8/><V29/><F41/><W1/><G111/><T35/><D35/><U82/><E66/><V7/><F7/><W16/><G5/><T37/><D37/><U4/><E70/><V133/><F133/><W65/><G65/><T64/><D14/><U38/><E4/><V40/><F40/><W28/><REACH who="3" step="1"/><G15/><REACH who="3" ten="250,250,250,240" step="2"/><T86/><D12/><U13/><E13/><V53/><F92/><W96/><G96/><T51/><D99/><U30/><E93/><V10/><F10/><W62/><AGARI ba="0,1" hai="0,1,2,16,19,26,28,32,54,57,62,79,81,85" machi="62" ten="30,4000,0" yaku="1,1,0,1,54,1,53,0" doraHai="117" doraHaiUra="42" who="3" fromWho="3" sc="250,-20,250,-10,250,-10,240,50" /><INIT seed="1,0,0,5,1,10" ten="230,240,240,290" oya="1" hai0="11,100,80,50,36,109,78,43,64,71,31,38,16" hai1="108,127,4,1,89,8,9,135,58,103,102,17,97" hai2="27,82,119,39,129,68,113,0,18,13,122,61,107" hai3="62,74,3,23,53,114,34,106,118,104,7,112,105"/><U126/><E135/><V92/><F92/><W47/><G34/><T116/><D116/><U14/><E108/><V128/><F82/><W6/><G74/><T20/><D109/><U110/><E110/><V54/><F119/><W96/><G118/><T90/><D100/><U131/><E131/><V79/><F122/><W85/><G96/><T51/><D90/><U67/><E89/><V35/><F79/><W30/><G85/><T48/><D43/><U134/><E134/><V73/><F73/><W22/><G3/><T37/><D11/><U120/><E120/><V132/><F132/><W95/><G95/><T57/><D31/><U46/><E46/><V130/><F113/><W72/><G72/><T44/><D71/><U40/><E40/><V60/><F39/><W29/><G104/><T15/><D64/><U21/><E21/><N who="2" m="11471" /><F0/><W45/><G62/><T12/><D57/><U101/><E97/><V115/><F115/><W28/><G28/><T75/><REACH who="0" step="1"/><D15/><REACH who="0" ten="220,240,240,290" step="2"/><U66/><E58/><N who="2" m="34903" /><F107/><W42/><G42/><T19/><D19/><U84/><E67/><N who="2" m="41071" /><F27/><W77/><G77/><T98/><D98/><U124/><E66/><V94/><F35/><W69/><G69/><T2/><D2/><U93/><E93/><V63/><F94/><W91/><G91/><T59/><D59/><U133/><E133/><V125/><F125/><W70/><G70/><T56/><D56/><U121/><E121/><V26/><F63/><W88/><G88/><T24/><D24/><U49/><E49/><V65/><F65/><W123/><G123/><T32/><D32/><U33/><E33/><RYUUKYOKU ba="0,1" sc="220,0,240,0,240,0,290,0" hai0="12,16,20,36,37,38,44,48,50,51,75,78,80" hai1="1,4,8,9,14,17,84,101,102,103,124,126,127" hai2="26,128,129,130" hai3="6,7,22,23,29,30,45,47,53,105,106,112,114" /><INIT seed="1,1,1,2,1,0" ten="220,240,240,290" oya="1" hai0="36,34,1,96,55,23,126,125,60,124,135,133,75" hai1="95,6,101,113,45,33,4,9,64,25,89,22,31" hai2="117,90,54,82,97,41,72,74,8,81,27,5,49" hai3="3,35,38,130,66,30,63,12,47,53,120,13,127"/><U10/><E113/><V15/><F117/><W44/><G120/><T115/><D34/><U121/><E121/><V76/><F41/><W128/><G3/><T39/><D115/><U52/><E33/><V29/><F97/><W112/><G112/><T83/><D1/><U70/><E101/><V26/><F29/><W85/><G30/><T43/><D96/><N who="1" m="57455" /><E70/><V129/><F129/><W134/><G35/><T7/><D23/><U119/><E119/><V118/><F118/><W79/><G44/><T80/><D7/><N who="1" m="2603" /><E64/><V106/><F106/><W62/><G66/><T116/><D116/><U122/><E122/><V11/><F11/><W59/><G38/><T78/><D39/><U32/><E32/><V93/><F81/><W61/><G128/><T103/><D83/><U100/><E100/><V131/><F72/><W14/><G130/><T56/><D103/><U57/><E45/><AGARI ba="1,1" hai="36,43,45,55,56,60,75,78,80,124,125,126,133,135" machi="45" ten="50,1600,0" yaku="18,1" doraHai="0" who="0" fromWho="1" sc="220,29,240,-19,240,0,290,0" /><INIT seed="2,0,0,1,4,9" ten="249,221,240,290" oya="2" hai0="33,49,36,53,13,7,68,76,93,16,98,106,0" hai1="21,108,120,6,38,69,19,115,54,50,23,55,124" hai2="129,90,24,116,51,28,56,77,1,82,132,26,63" hai3="110,45,78,4,109,70,91,18,30,117,104,123,8"/><V73/><F116/><W88/><G117/><T126/><D36/><U44/><E115/><V39/><F39/><W101/><G70/><T75/><D68/><U25/><E69/><V42/><F1/><W17/><G30/><T59/><D106/><U34/><E34/><V15/><F132/><W48/><G78/><T112/><D33/><U29/><E38/><V135/><F135/><W58/><G58/><T118/><D118/><U43/><E108/><N who="3" m="41578" /><G101/><T83/><D112/><U131/><E124/><V31/><F129/><W130/><G104/><T5/><D0/><U22/><E131/><V102/><F102/><W47/><G47/><T128/><D126/><U57/><E120/><V97/><F28/><W61/><G61/><T62/><D62/><N who="1" m="36151" /><E6/><V95/><F31/><W46/><G46/><T65/><D65/><U105/><E105/><V60/><F60/><W114/><G123/><T80/><D80/><U100/><E100/><V107/><F107/><W74/><G74/><T122/><D122/><U96/><E96/><V72/><F73/><W71/><G71/><T52/><D53/><U27/><E55/><N who="2" m="31871" /><F63/><W40/><G130/><T125/><D125/><U99/><E99/><V32/><F32/><W86/><G114/><T133/><D133/><U81/><E81/><V64/><F64/><W41/><G41/><T67/><D67/><U92/><E92/><V111/><F111/><W12/><G86/><T134/><D128/><U103/><E103/><V121/><F121/><W94/><G94/><T35/><D134/><U14/><E29/><V66/><F66/><W85/><G85/><RYUUKYOKU ba="0,0" sc="249,-15,221,15,240,-15,290,15" hai1="14,19,21,22,23,25,27,43,44,50" hai3="4,8,12,17,18,40,45,48,88,91" /><INIT seed="3,1,0,2,1,35" ten="234,236,225,305" oya="3" hai0="117,81,27,36,122,61,37,70,93,105,118,46,23" hai1="50,10,34,9,16,96,4,56,21,91,123,65,32" hai2="82,19,5,94,52,119,11,124,18,75,31,66,59" hai3="110,44,78,99,112,77,55,6,63,102,73,107,130"/><W57/><G112/><T76/><D105/><U67/><E123/><V134/><F119/><W60/><G130/><T62/><D122/><U132/><E132/><V85/><F134/><W90/><G73/><T26/><D93/><N who="1" m="56383" /><E32/><V28/><F124/><W133/><G133/><T106/><D106/><U79/><E34/><V72/><F72/><W80/><G6/><T53/><D70/><U51/><E79/><V7/><F66/><N who="1" m="25097" /><E4/><N who="2" m="1611" /><F94/><W40/><G60/><T24/><D23/><U8/><E56/><V103/><F103/><W126/><G110/><T30/><D30/><N who="2" m="11306" /><F11/><W127/><G127/><T15/><D37/><U120/><E120/><V131/><F131/><W86/><G126/><T25/><D36/><AGARI ba="1,0" hai="36,40,44,55,57,63,77,78,80,86,90,99,102,107" machi="36" ten="30,1500,0" yaku="7,1" doraHai="35" who="3" fromWho="0" sc="234,-18,236,0,225,0,305,18" owari="216,-28.4,236,3.6,225,-17.5,323,42.3" /></mjloggm>