<mjloggm ver="2.3"><GO type="225" lobby="0"/><UN n0="%E3%82%BD%E3%83%AB%E3%83%88%E3%82%AF%E3%83%AA%E3%83%BC%E3%82%AF" n1="%E7%89%B9%E6%9D%B1%E3%81%AF%E4%B8%96%E7%95%8C%E3%82%92%E6%95%91%E3%81%86" n2="%33%74%72%65%65" n3="%E6%81%A5%E6%99%92%E3%81%97" dan="16,16,16,16" rate="2086.57,2175.00,2116.25,2126.11" sx="M,M,F,M"/><TAIKYOKU oya="0"/><INIT seed="0,0,0,0,2,122" ten="250,250,250,250" oya="0" hai0="33,108,1,83,132,104,118,19,32,55,125,109,126" hai1="17,99,68,97,90,6,38,16,102,82,116,127,54" hai2="10,42,86,89,92,64,114,43,60,47,56,25,31" hai3="85,133,117,13,105,134,36,87,2,9,75,37,27"/><T112/><D104/><U100/><E116/><V0/><F114/><W24/><G117/><T96/><D118/><U72/><E38/><N who="3" m="14954" /><G105/><T40/><D112/><U22/><E68/><V3/><F10/><W15/><G2/><T129/><D132/><N who="3" m="50793" /><G75/><T88/><D129/><U53/><E6/><V66/><F66/><W11/><G9/><T48/><D40/><U110/><E127/><N who="0" m="48649" /><D1/><U18/><E22/><V49/><REACH who="2" step="1"/><F43/><REACH who="2" ten="250,250,240,250" step="2"/><W91/><G11/><T119/><D119/><U44/><E54/><V128/><F128/><W111/><G111/><N who="0" m="42571" /><D19/><U12/><E110/><V81/><F81/><W20/><G27/><T34/><D83/><U106/><E82/><V71/><F71/><W29/><G24/><T101/><D101/><U124/><E124/><V115/><F115/><W70/><G70/><T45/><D33/><AGARI ba="0,1" hai="0,3,25,31,33,42,47,49,56,60,64,86,89,92" machi="33" ten="30,3900,0" yaku="1,1,7,1,53,1" doraHai="122" doraHaiUra="58" who="2" fromWho="0" sc="250,-39,250,0,240,49,250,0" /><INIT seed="1,0,0,4,4,26" ten="211,250,289,250" oya="1" hai0="134,101,99,113,72,81,32,4,49,126,127,106,117" hai1="87,108,97,45,36,116,42,80,52,84,13,8,100" hai2="51,129,124,1,88,34,79,119,38,21,132,39,89" hai3="54,103,56,73,115,76,93,71,104,57,94,59,125"/><U70/><E116/><V47/><F34/><W29/><G115/><T10/><D32/><U30/><E70/><V135/><F119/><W107/><G71/><T91/><D117/><U67/><E67/><V64/><F129/><W83/><G125/><N who="0" m="47627" /><D113/><U16/><E108/><V78/><F124/><W3/><G3/><N who="0" m="287" /><D49/><U19/><E30/><V40/><F64/><W41/><G41/><T75/><D134/><N who="2" m="51242" /><F1/><W37/><G37/><N who="2" m="13833" /><F21/><W128/><G128/><T123/><D123/><U24/><E52/><V118/><F118/><W114/><G114/><T130/><D130/><U20/><REACH who="1" step="1"/><E80/><REACH who="1" ten="211,240,289,250" step="2"/><V109/><F109/><W82/><G54/><T17/><D17/><U43/><E43/><V86/><F89/><W120/><G83/><AGARI ba="0,1" hai="40,47,51,78,79,83,86,88" m="13833,51242" machi="83" ten="30,2000,0" yaku="20,1,54,1" doraHai="26" who="2" fromWho="3" sc="211,0,240,0,289,30,250,-20" /><INIT seed="2,0,0,1,4,51" ten="211,240,319,230" oya="2" hai0="124,63,37,101,105,134,56,109,95,122,128,54,64" hai1="77,94,73,35,59,125,67,75,97,99,18,11,43" hai2="116,8,57,114,7,55,25,76,50,71,24,10,108" hai3="89,33,115,119,87,4,29,40,127,58,93,82,1"/><V39/><F114/><W131/><G119/><T41/><D122/><U69/><E69/><V19/><F116/><W133/><G115/><T85/><D105/><U110/><E35/><V106/><F108/><W74/><G131/><T118/><D101/><U68/><E68/><V135/><F135/><W107/><G133/><T102/><D134/><U91/><E110/><V16/><F106/><W66/><G127/><T123/><D123/><U20/><E125/><V44/><F71/><W46/><G107/><T38/><D109/><U9/><E43/><N who="2" m="24863" /><F39/><W52/><G29/><T14/><D124/><U88/><E77/><V104/><F104/><W117/><G33/><T36/><D118/><U5/><E75/><V60/><F76/><W3/><G4/><T65/><D128/><U13/><E73/><V81/><F81/><W80/><G117/><T6/><D41/><U15/><E11/><N who="2" m="4139" /><F7/><W61/><G1/><T70/><D70/><U48/><E67/><V28/><F28/><W42/><G3/><T32/><D32/><U83/><E83/><N who="3" m="31786" /><G74/><T17/><D6/><U90/><E94/><V34/><F34/><W111/><G111/><T126/><D126/><U132/><E132/><V96/><F96/><W45/><G66/><T53/><D65/><U103/><E97/><V27/><AGARI ba="0,0" hai="16,19,24,25,27,55,57,60" m="4139,24863" machi="27" ten="30,6000,0" yaku="8,1,52,1,54,1" doraHai="51" who="2" fromWho="2" sc="211,-20,240,-20,319,60,230,-20" /><INIT seed="2,1,0,0,0,85" ten="191,220,379,210" oya="2" hai0="112,105,24,14,39,17,32,135,132,99,78,126,128" hai1="110,25,26,127,89,2,68,76,11,130,124,131,60" hai2="62,77,44,16,66,52,75,31,20,111,87,117,27" hai3="15,92,98,6,47,83,71,34,4,28,95,61,101"/><V49/><F117/><W96/><G34/><T107/><D39/><U45/><E76/><V40/><F111/><W36/><G28/><N who="0" m="19463" /><D112/><U19/><E110/><V116/><F116/><W54/><G83/><T102/><D78/><U23/><E45/><V22/><F75/><W9/><G71/><T18/><D126/><N who="1" m="48171" /><E89/><V100/><F100/><W86/><G86/><T103/><D128/><N who="1" m="49195" /><E60/><V113/><F113/><W57/><G36/><T8/><D18/><U0/><E68/><V90/><F77/><W42/><G42/><T104/><D99/><U134/><E134/><AGARI ba="1,0" hai="8,14,17,102,103,104,105,107,132,134,135" m="19463" machi="134" ten="40,1300,0" yaku="20,1" doraHai="85" who="0" fromWho="1" sc="191,16,220,-16,379,0,210,0" /><INIT seed="3,0,0,5,1,60" ten="207,204,379,210" oya="3" hai0="5,1,73,26,17,65,80,99,111,97,2,83,110" hai1="19,71,47,33,38,76,90,127,89,52,70,57,74" hai2="116,120,29,135,124,86,53,82,123,117,132,130,84" hai3="32,20,24,50,126,68,88,133,69,131,7,62,104"/><W18/><G104/><T23/><D65/><U0/><E0/><N who="0" m="105" /><D5/><U22/><E33/><V13/><F124/><W14/><G126/><T27/><D73/><U11/><E127/><V105/><F130/><W61/><G131/><T106/><D27/><U28/><E28/><V46/><F29/><W134/><G50/><T115/><D115/><U64/><E11/><V25/><F25/><W58/><G32/><T66/><D66/><U91/><E64/><V67/><F67/><N who="3" m="39351" /><G62/><T48/><D48/><U78/><E57/><V112/><F105/><W121/><G121/><N who="2" m="46665" /><F135/><N who="3" m="51723" /><G88/><T41/><D41/><U79/><E74/><V122/><F132/><W37/><G37/><T39/><D39/><U55/><E55/><V103/><F122/><W77/><G77/><T16/><D17/><U119/><E119/><V34/><F34/><W42/><G42/><T56/><D56/><U125/><E125/><V118/><F118/><W6/><G24/><T44/><D44/><U9/><E52/><V21/><F53/><W100/><G100/><N who="0" m="62735" /><D99/><U31/><E47/><V3/><F46/><W35/><G35/><T92/><D92/><U12/><REACH who="1" step="1"/><E38/><REACH who="1" ten="207,194,379,210" step="2"/><V51/><F117/><W93/><G93/><T30/><D30/><U109/><E109/><AGARI ba="0,1" hai="16,23,26,80,83,109,110,111" m="62735,105" machi="109" ten="30,2000,0" yaku="14,1,54,1" doraHai="60" who="0" fromWho="1" sc="207,30,194,-20,379,0,210,0" owari="237,3.7,174,-32.6,379,47.9,210,-19.0" /></mjloggm>