<mjloggm ver="2.3"><GO type="225" lobby="0"/><UN n0="%E6%97%A5%E6%9B%9C%E6%97%A5%E3%82%88%E3%82%8A%E3%81%AE%E4%BD%BF%E8%80%85" n1="%4C%4F%4C%49%54%41" n2="%E3%81%A8%E3%82%89%E3%81%84%E3%81%A1" n3="%E5%A4%9C%E3%81%AE%E3%82%AC%E3%82%B9%E3%83%91%E3%83%BC%E3%83%AB" dan="16,16,16,17" rate="2092.88,2168.18,2119.44,2171.14" sx="M,F,M,M"/><TAIKYOKU oya="0"/><INIT seed="0,0,0,4,5,74" ten="250,250,250,250" oya="0" hai0="108,127,38,35,7,79,91,63,80,59,122,128,34" hai1="12,70,52,102,107,98,76,86,84,11,97,75,46" hai2="109,49,90,30,47,60,96,89,16,13,41,33,134" hai3="116,40,117,72,69,4,104,26,10,66,105,87,67"/><T22/><D122/><U130/><E70/><V17/><F109/><W19/><G87/><N who="0" m="48543" /><D38/><U110/><E110/><V3/><F3/><N who="3" m="287" /><G19/><T114/><D114/><U37/><E130/><V29/><F134/><W82/><G26/><T123/><D123/><U77/><E98/><V113/><F113/><W8/><G8/><T23/><D108/><U50/><E37/><V95/><F33/><W64/><G64/><N who="0" m="39039" /><D35/><U53/><E53/><V36/><F36/><W31/><G67/><T101/><D34/><U27/><E27/><V62/><F89/><W1/><G1/><T24/><D128/><U28/><E28/><N who="2" m="10859" /><F17/><W93/><G31/><N who="0" m="17815" /><D127/><U25/><E25/><V21/><AGARI ba="0,0" hai="13,16,21,41,47,49,60,62,90,95,96" m="10859" machi="21" ten="30,2000,0" yaku="8,1,54,1" doraHai="74" who="2" fromWho="2" sc="250,-10,250,-5,250,20,250,-5" /><INIT seed="1,0,0,5,5,118" ten="240,245,270,245" oya="1" hai0="127,100,42,73,65,15,93,110,27,133,9,97,12" hai1="131,89,10,83,38,44,0,71,45,1,40,48,29" hai2="116,132,103,95,129,82,121,25,115,2,85,6,52" hai3="72,50,54,87,8,24,20,43,47,78,123,7,125"/><U75/><E71/><V11/><F116/><W69/><G69/><T16/><D73/><U63/><E131/><V126/><F129/><W91/><G125/><T17/><D127/><U79/><E29/><V98/><F126/><W90/><G123/><T28/><D110/><U88/><E63/><V99/><F132/><W61/><G72/><T36/><D133/><U113/><E113/><V117/><F117/><W109/><G109/><T21/><D65/><U41/><REACH who="1" step="1"/><E0/><REACH who="1" ten="240,235,270,245" step="2"/><V46/><F115/><W23/><G61/><T105/><D105/><U135/><E135/><V18/><F2/><W86/><G54/><T39/><REACH who="0" step="1"/><D42/><REACH who="0" ten="230,235,270,245" step="2"/><U77/><E77/><V30/><F52/><W134/><G134/><T57/><D57/><U62/><E62/><V128/><F128/><W119/><G119/><T80/><D80/><U13/><E13/><V4/><F82/><W114/><G78/><T94/><D94/><U34/><E34/><AGARI ba="0,2" hai="9,12,15,16,17,21,27,28,34,36,39,93,97,100" machi="34" ten="30,3900,0" yaku="1,1,7,1,54,1,53,0" doraHai="118" doraHaiUra="106" who="0" fromWho="1" sc="230,59,235,-39,270,0,245,0" /><INIT seed="2,0,0,4,3,11" ten="289,196,270,245" oya="2" hai0="127,71,43,132,101,120,28,73,66,109,76,16,68" hai1="79,27,4,115,125,92,133,118,5,24,134,65,7" hai2="110,64,30,39,84,37,78,80,59,40,104,90,55" hai3="116,103,46,52,96,135,82,94,95,38,0,51,34"/><V102/><F64/><W48/><G135/><N who="1" m="51722" /><E65/><V14/><F40/><W130/><G130/><T56/><D120/><U91/><E79/><V42/><F42/><W87/><G116/><T69/><D28/><U33/><E92/><V25/><F110/><W75/><G75/><T53/><D101/><U131/><E91/><V1/><F1/><W36/><G34/><T13/><D109/><U12/><E118/><V70/><F70/><W63/><G0/><T50/><D127/><U26/><E115/><V44/><F44/><W74/><G74/><T2/><D2/><U105/><E105/><V8/><F78/><W41/><G63/><T112/><D112/><U81/><E81/><V45/><F45/><W15/><G95/><T62/><D132/><U72/><E72/><V89/><F89/><W97/><G97/><T35/><D35/><U32/><E131/><V123/><F123/><W106/><G106/><T122/><D122/><U29/><E125/><V83/><F83/><W57/><REACH who="3" step="1"/><G15/><REACH who="3" ten="289,196,270,235" step="2"/><T128/><D128/><U6/><E32/><N who="2" m="20559" /><F104/><W114/><G114/><T119/><D119/><U99/><E99/><V108/><F108/><W88/><AGARI ba="0,1" hai="36,38,41,46,48,51,52,57,82,87,88,94,96,103" machi="88" ten="20,8000,1" yaku="1,1,0,1,7,1,54,2,53,0" doraHai="11" doraHaiUra="107" who="3" fromWho="3" sc="289,-20,196,-20,270,-40,235,90" /><INIT seed="3,0,0,1,4,124" ten="269,176,230,325" oya="3" hai0="54,43,42,0,39,134,122,15,126,51,99,5,100" hai1="37,98,59,61,84,67,128,52,73,38,77,118,107" hai2="125,32,46,50,133,92,4,96,110,6,132,19,130" hai3="86,2,24,60,89,88,58,111,41,14,47,8,72"/><W80/><G111/><T69/><D0/><U115/><E115/><V66/><F32/><W16/><G72/><T113/><D122/><U81/><E118/><V44/><F110/><W20/><G2/><T21/><D69/><U22/><E73/><V106/><F106/><W17/><G47/><T12/><D39/><U45/><E128/><V121/><F121/><W10/><G41/><T56/><D126/><U3/><E3/><V78/><F125/><W95/><G10/><T62/><D134/><U13/><E13/><V23/><F78/><N who="3" m="46359" /><G95/><T131/><D131/><U93/><E107/><V117/><F66/><AGARI ba="0,0" hai="8,14,16,17,20,24,58,60,66,88,89" m="46359" machi="66" ten="30,5800,0" yaku="8,1,54,2" doraHai="124" who="3" fromWho="2" sc="269,0,176,0,230,-58,325,58" owari="269,6.9,176,-22.4,172,-32.8,383,48.3" /></mjloggm>