<mjloggm ver="2.3"><GO type="225" lobby="0"/><UN n0="%E9%80%9F%E6%B0%B4%E5%87%9B%E9%A6%99" n1="%E4%B8%89%E5%86%A0%E7%8E%8B%E3%83%BB%E5%B1%B1%E7%94%B0%E5%93%B2%E4%BA%BA" n2="%E3%81%82%E3%81%84%E3%81%82%E3%81%8A%E3%81%84" n3="%70%68%65%6E%6F%6D%65" dan="16,16,18,17" rate="2158.53,2109.79,2204.50,2169.12" sx="F,M,M,M"/><TAIKYOKU oya="0"/><INIT seed="0,0,0,3,4,43" ten="250,250,250,250" oya="0" hai0="53,115,125,39,32,128,36,69,116,56,85,130,71" hai1="121,65,106,120,66,46,64,60,30,62,97,29,61" hai2="3,44,95,42,11,49,51,74,0,27,50,131,78" hai3="133,126,123,10,57,77,110,124,13,86,25,38,94"/><T109/><D85/><U28/><E46/><V4/><F131/><N who="0" m="50218" /><D32/><U132/><E132/><V8/><F95/><W76/><G133/><T92/><D92/><U134/><E134/><V59/><F27/><W6/><G110/><T7/><D7/><U90/><E90/><V63/><F11/><W127/><G123/><N who="1" m="47178" /><E106/><V83/><REACH who="2" step="1"/><F0/><REACH who="2" ten="250,250,240,250" step="2"/><W9/><G25/><T47/><D109/><U103/><E103/><V55/><AGARI ba="0,1" hai="3,4,8,42,44,49,50,51,55,59,63,74,78,83" machi="55" ten="20,8000,1" yaku="1,1,2,1,0,1,7,1,52,1,53,0" doraHai="43" doraHaiUra="114" who="2" fromWho="2" sc="250,-40,250,-20,240,90,250,-20" /><INIT seed="1,0,0,3,1,103" ten="210,230,330,230" oya="1" hai0="130,133,12,134,61,72,96,2,21,83,117,49,15" hai1="77,121,100,81,32,28,85,53,18,57,65,8,33" hai2="124,40,71,82,1,111,46,45,93,66,62,108,127" hai3="17,115,48,20,129,64,89,105,135,19,116,67,118"/><U11/><E121/><V3/><F93/><W24/><G115/><T16/><D2/><N who="2" m="522" /><F82/><W0/><G129/><T123/><D117/><N who="3" m="45161" /><G135/><N who="0" m="51723" /><D130/><U101/><E65/><N who="3" m="25162" /><G0/><T34/><D34/><U29/><E33/><V106/><F106/><W35/><G35/><T30/><D30/><N who="1" m="11883" /><E32/><V110/><F46/><W97/><G48/><AGARI ba="0,0" hai="40,45,48,62,66,71,108,110,111,124,127" m="522" machi="48" ten="40,1300,0" yaku="14,1" doraHai="103" who="2" fromWho="3" sc="210,0,230,0,330,13,230,-13" /><INIT seed="2,0,0,5,5,26" ten="210,230,343,217" oya="2" hai0="71,19,72,18,91,127,67,40,13,25,58,84,118" hai1="120,54,129,30,115,75,90,15,122,76,20,74,1" hai2="97,27,50,107,96,103,68,131,128,124,37,114,79" hai3="39,46,57,4,100,83,55,106,14,3,108,28,110"/><V92/><F37/><W123/><G3/><T63/><D72/><U117/><E1/><V45/><F68/><W9/><G123/><N who="1" m="47146" /><E115/><V17/><F79/><W112/><G112/><T87/><D127/><U99/><E117/><V21/><F124/><W23/><G83/><T121/><D121/><U2/><E2/><V35/><F35/><W5/><G5/><T6/><D118/><U125/><E125/><V16/><F114/><W98/><G46/><T48/><D87/><U70/><E70/><V113/><F113/><W59/><G39/><T53/><D40/><U65/><E65/><V101/><REACH who="2" step="1"/><F17/><REACH who="2" ten="210,230,333,217" step="2"/><W33/><G33/><T132/><D132/><U69/><E69/><V86/><F86/><W10/><G108/><T12/><D18/><U109/><E76/><V24/><F24/><W105/><G110/><T11/><D25/><N who="1" m="16679" /><E109/><V102/><F102/><W7/><G100/><T42/><D19/><U73/><E73/><V29/><F29/><W34/><G28/><T93/><REACH who="0" step="1"/><D42/><AGARI ba="0,1" hai="16,21,27,42,45,50,92,96,97,101,103,107,128,131" machi="42" ten="40,3900,0" yaku="1,1,54,1,53,0" doraHai="26" doraHaiUra="77" who="2" fromWho="0" sc="210,-39,230,0,333,49,217,0" /><INIT seed="2,1,0,2,3,118" ten="171,230,382,217" oya="2" hai0="102,93,22,60,42,135,14,44,77,71,78,120,129" hai1="70,51,101,68,76,54,37,73,90,107,7,86,131" hai2="29,103,32,21,12,10,47,28,19,52,83,9,66" hai3="59,88,16,43,79,121,75,67,96,50,119,81,84"/><V31/><F66/><W134/><G119/><T15/><D135/><U100/><E37/><V111/><F32/><W49/><G134/><T132/><D132/><U46/><E7/><V130/><F130/><W53/><G121/><T5/><D129/><U80/><E131/><V92/><F111/><W20/><G67/><T117/><D120/><U125/><E125/><V17/><F83/><W122/><G122/><T110/><D117/><U58/><E58/><V27/><F9/><W30/><G30/><T45/><D110/><U85/><E85/><V89/><F103/><W26/><G43/><T105/><D105/><U36/><E36/><V61/><F47/><W94/><REACH who="3" step="1"/><G75/><REACH who="3" ten="171,230,382,207" step="2"/><T62/><D42/><U87/><E73/><V109/><F109/><W116/><G116/><T69/><D5/><U13/><E54/><V95/><F52/><W104/><G104/><T39/><D39/><U115/><E107/><V133/><F29/><W55/><G55/><T91/><D102/><U127/><E101/><V8/><F31/><W124/><G124/><T114/><D114/><U2/><E127/><V23/><F28/><W48/><AGARI ba="1,1" hai="16,20,26,48,49,50,53,59,79,81,84,88,94,96" machi="48" ten="20,12000,2" yaku="1,1,0,1,7,1,8,1,54,2,53,0" doraHai="118" doraHaiUra="113" who="3" fromWho="3" sc="171,-31,230,-31,382,-61,207,133" /><INIT seed="3,0,0,3,1,62" ten="140,199,321,340" oya="3" hai0="54,113,135,101,49,11,78,28,43,68,63,84,21" hai1="70,119,42,64,55,116,53,105,71,132,112,40,31" hai2="134,2,20,37,108,106,98,121,57,107,80,33,79" hai3="122,95,76,46,8,67,58,22,27,32,86,45,90"/><W14/><G32/><T24/><D135/><U73/><E112/><V111/><F33/><W127/><G122/><T100/><D113/><U130/><E105/><V81/><F2/><W102/><G127/><T126/><D126/><U60/><E73/><V88/><F37/><W10/><G76/><T74/><D74/><U133/><E31/><V99/><F20/><W18/><G102/><T34/><D34/><U35/><E35/><V15/><F15/><W110/><G110/><N who="2" m="42025" /><F57/><W83/><G83/><T1/><D43/><N who="1" m="16427" /><E130/><V128/><F134/><N who="1" m="51817" /><E71/><V0/><F0/><W89/><G89/><T125/><D125/><U97/><E97/><N who="2" m="36875" /><F128/><W47/><G27/><T48/><D48/><U12/><E12/><V69/><F69/><W52/><G67/><T5/><D78/><U103/><E103/><V6/><F6/><W115/><G115/><T51/><D51/><AGARI ba="0,0" hai="8,10,14,18,22,45,46,47,51,52,58,86,90,95" machi="51" ten="40,12000,1" yaku="25,2,8,1,54,1" doraHai="62" who="3" fromWho="0" sc="140,-120,199,0,321,0,340,120" owari="20,-48.0,199,-20.1,321,12.1,460,56.0" /></mjloggm>