<mjloggm ver="2.3"><GO type="225" lobby="0"/><UN n0="%E3%82%A2%E3%83%A1%E3%82%A2%E3%83%A9%E3%83%AC" n1="%E3%80%93%E3%81%97%E3%83%BC%E3%82%89%E3%80%93" n2="%E6%A1%9C%E8%8A%B1%E9%96%83%E3%80%85" n3="%E3%81%95%E3%82%88%E3%81%AA%E3%82%89%E3%83%9A%E3%81%BA%E3%83%9A" dan="16,17,16,16" rate="2122.56,2146.20,2203.59,2106.47" sx="M,M,M,F"/><TAIKYOKU oya="0"/><INIT seed="0,0,0,1,4,130" ten="250,250,250,250" oya="0" hai0="106,59,77,14,112,124,123,96,7,32,9,88,4" hai1="21,47,33,57,133,68,84,41,98,115,54,74,102" hai2="128,52,105,104,17,97,39,29,113,61,127,27,22" hai3="72,99,117,28,131,103,23,91,129,122,81,89,44"/><T121/><D112/><U67/><E33/><V51/><F113/><W46/><G117/><T86/><D124/><U94/><E74/><V111/><F39/><W19/><G28/><T35/><D77/><U36/><E115/><V10/><F128/><N who="3" m="49227" /><G122/><T100/><D4/><U3/><E3/><V5/><F127/><W110/><G72/><T109/><D109/><U83/><E68/><V69/><F111/><W134/><G134/><T65/><D121/><U80/><E67/><V107/><F29/><W26/><G110/><T25/><D25/><U114/><E114/><V93/><F61/><W2/><G2/><T71/><D71/><U18/><E84/><V37/><F37/><W38/><G81/><T34/><D123/><U116/><E133/><V119/><F119/><W11/><G11/><T101/><D101/><U48/><REACH who="1" step="1"/><E116/><REACH who="1" ten="250,240,250,250" step="2"/><V120/><F69/><W13/><G26/><AGARI ba="0,1" hai="18,21,26,36,41,47,48,54,57,80,83,94,98,102" machi="26" ten="30,3900,0" yaku="1,1,2,1,7,1,53,0" doraHai="130" doraHaiUra="1" who="1" fromWho="3" sc="250,0,240,49,250,0,250,-39" /><INIT seed="1,0,0,1,3,86" ten="250,289,250,211" oya="1" hai0="117,95,77,11,72,122,108,20,2,52,4,110,120" hai1="35,22,124,109,121,102,1,119,31,66,64,135,101" hai2="34,24,111,78,131,49,84,130,54,112,75,47,132" hai3="80,28,19,83,43,93,51,87,71,81,88,17,60"/><U116/><E1/><V134/><F75/><W91/><G71/><T16/><D117/><U29/><E35/><V61/><F111/><N who="0" m="42538" /><D95/><U3/><E3/><V46/><F24/><W92/><G28/><N who="1" m="10826" /><E109/><V32/><F112/><W126/><G126/><T59/><D77/><U63/><E63/><V14/><F14/><W12/><G60/><N who="0" m="35943" /><D72/><U103/><E22/><V62/><F84/><N who="3" m="52327" /><G12/><AGARI ba="0,0" hai="2,4,11,12,16,20,120,122" m="35943,42538" machi="12" ten="30,3900,0" yaku="14,1,54,2" doraHai="86" who="0" fromWho="3" sc="250,39,289,0,250,0,211,-39" /><INIT seed="2,0,0,4,2,104" ten="289,289,250,172" oya="2" hai0="113,91,35,92,118,95,66,133,49,73,101,110,83" hai1="36,60,4,27,44,63,3,109,80,29,17,22,62" hai2="5,127,45,124,116,28,65,78,98,53,129,21,57" hai3="8,135,19,48,120,16,81,32,55,107,97,46,131"/><V79/><F116/><W67/><G120/><T12/><D113/><U43/><E109/><V93/><F129/><W100/><G135/><T132/><D35/><U37/><E3/><V39/><F5/><W11/><G131/><T114/><D114/><U25/><E4/><V102/><F39/><W52/><G32/><T33/><D33/><U0/><E0/><V126/><F45/><W64/><G81/><T13/><D110/><U72/><E36/><V89/><F65/><W106/><G106/><T23/><D66/><U105/><E105/><V59/><F102/><W1/><G55/><T134/><D118/><U34/><REACH who="1" step="1"/><E80/><REACH who="1" ten="289,279,250,172" step="2"/><V128/><F128/><W84/><G84/><T94/><D83/><U14/><E14/><V15/><F15/><W99/><G99/><T88/><D12/><U103/><E103/><V121/><F121/><W50/><G11/><T112/><D101/><U90/><E90/><N who="0" m="34345" /><D112/><U70/><E70/><V24/><REACH who="2" step="1"/><F57/><REACH who="2" ten="289,279,240,172" step="2"/><W76/><G1/><T86/><D13/><U68/><E68/><V77/><F77/><W117/><G76/><T87/><D133/><U7/><E7/><V122/><F122/><W85/><G117/><T41/><D134/><U47/><E47/><V26/><F26/><W115/><G115/><T111/><D132/><U75/><AGARI ba="0,2" hai="17,22,25,27,29,34,37,43,44,60,62,63,72,75" machi="75" ten="30,7900,0" yaku="1,1,0,1,52,2,53,0" doraHai="104" doraHaiUra="82" who="1" fromWho="1" sc="289,-20,279,99,240,-39,172,-20" /><INIT seed="3,0,0,2,2,58" ten="269,378,201,152" oya="3" hai0="77,66,116,49,126,90,36,105,65,35,54,75,5" hai1="17,12,57,71,91,127,30,67,135,73,22,81,13" hai2="51,129,83,3,79,108,70,86,56,25,89,94,28" hai3="76,120,15,134,124,60,72,68,34,123,96,111,4"/><W11/><G134/><T42/><D116/><U31/><E71/><V110/><F70/><W102/><G124/><T59/><D105/><U131/><E73/><V10/><F129/><W32/><G111/><N who="2" m="42537" /><F51/><W61/><G72/><T40/><D35/><U20/><E91/><V92/><F56/><W37/><G76/><T98/><D5/><U18/><E81/><N who="2" m="49359" /><F10/><W62/><G68/><T88/><D90/><U78/><E13/><V84/><F3/><W29/><G37/><T1/><D1/><U48/><E30/><V115/><F115/><W24/><REACH who="3" step="1"/><G34/><AGARI ba="0,0" hai="25,28,34,79,83,84,92,94" m="49359,42537" machi="34" ten="30,1000,0" yaku="14,1" doraHai="58" who="2" fromWho="3" sc="269,0,378,0,201,10,152,-10" owari="269,6.9,378,47.8,211,-18.9,142,-35.8" /></mjloggm>