<mjloggm ver="2.3"><GO type="225" lobby="0"/><UN n0="%48%61%61%61%6C%61%6E%64" n1="%4D%50%43%32%38%30%30" n2="%43%68%65" n3="%E3%81%9F%E3%81%A3%E3%81%A1%E3%82%87" dan="17,16,16,16" rate="2269.17,2186.00,2155.40,2107.33" sx="M,M,M,M"/><TAIKYOKU oya="0"/><INIT seed="0,0,0,3,2,103" ten="250,250,250,250" oya="0" hai0="18,56,88,29,2,131,64,0,60,115,37,126,59" hai1="122,120,81,62,76,42,49,75,33,79,133,66,89" hai2="100,83,14,94,91,4,3,101,98,130,9,57,1" hai3="32,73,27,71,121,112,7,34,47,117,52,8,99"/><T22/><D115/><U107/><E33/><V53/><F130/><W108/><G117/><T113/><D113/><U128/><E128/><V28/><F28/><W72/><G112/><T86/><D131/><U19/><E133/><V82/><F3/><W109/><G71/><T84/><D37/><U65/><E79/><V21/><F1/><W15/><G121/><T48/><D29/><U41/><E66/><V44/><F44/><W67/><G67/><T46/><D56/><U30/><E30/><V105/><F21/><W55/><G99/><T26/><D84/><U111/><E107/><V77/><F77/><W90/><G90/><T85/><D86/><U20/><E89/><V63/><REACH who="2" step="1"/><F101/><REACH who="2" ten="250,250,240,250" step="2"/><W92/><G32/><T54/><REACH who="0" step="1"/><D126/><REACH who="0" ten="240,250,240,250" step="2"/><U35/><E122/><V106/><F106/><W36/><G34/><T87/><D87/><AGARI ba="0,2" hai="4,9,14,53,57,63,82,83,87,91,94,98,100,105" machi="87" ten="30,3900,0" yaku="1,1,7,1,52,1,53,0" doraHai="103" doraHaiUra="118" who="2" fromWho="0" sc="240,-39,250,0,240,59,250,0" /><INIT seed="1,0,0,3,2,38" ten="201,250,299,250" oya="1" hai0="35,116,79,84,106,129,61,88,102,89,4,14,125" hai1="103,122,117,34,3,85,63,7,80,81,130,64,107" hai2="70,105,46,5,124,44,22,15,111,134,104,41,62" hai3="135,20,60,43,58,1,98,95,29,99,47,16,52"/><U10/><E117/><V126/><F134/><W127/><G1/><T118/><D35/><U48/><E122/><V97/><F46/><W40/><G127/><N who="2" m="48681" /><F97/><N who="3" m="36875" /><G135/><T21/><D125/><U39/><E39/><N who="2" m="21567" /><F111/><W83/><G29/><T30/><D106/><U96/><E130/><V78/><F78/><W115/><G115/><T67/><D102/><U27/><E48/><V92/><F92/><W74/><G74/><T133/><D129/><U113/><E113/><V42/><F42/><N who="3" m="15915" /><G83/><T6/><D133/><U69/><REACH who="1" step="1"/><E85/><REACH who="1" ten="201,240,299,250" step="2"/><V72/><F72/><W110/><G110/><T132/><D132/><U112/><E112/><V109/><F109/><W101/><G47/><T0/><D116/><U59/><E59/><V123/><F123/><W121/><G121/><T24/><D118/><U100/><E100/><V76/><F70/><W56/><G56/><T36/><D36/><U93/><E93/><V71/><F71/><W51/><G95/><T19/><D84/><U31/><AGARI ba="0,1" hai="3,7,10,27,31,34,63,64,69,80,81,96,103,107" machi="31" ten="30,11700,0" yaku="1,1,0,1,25,2,53,0" doraHai="38" doraHaiUra="73" who="1" fromWho="1" sc="201,-39,240,127,299,-39,250,-39" /><INIT seed="1,1,0,1,0,28" ten="162,367,260,211" oya="1" hai0="126,25,3,110,135,122,127,115,56,94,2,117,62" hai1="57,53,73,111,113,26,114,59,23,82,11,123,90" hai2="84,98,87,80,18,105,116,74,106,5,9,47,1" hai3="51,36,31,124,104,89,48,131,102,132,43,35,118"/><U30/><E123/><V69/><F116/><W20/><G118/><T22/><D117/><U61/><E111/><V99/><F69/><W45/><G124/><N who="0" m="47659" /><D115/><U66/><E11/><V29/><F18/><W50/><G131/><T88/><D135/><U109/><E109/><V44/><F29/><W68/><G132/><T41/><D41/><U72/><E90/><V12/><F1/><W27/><G68/><T70/><D70/><U95/><E95/><V42/><F74/><W24/><G89/><T129/><D122/><U37/><E37/><V103/><F47/><W128/><G128/><T81/><D81/><U119/><E119/><V91/><F84/><W39/><G39/><T60/><D129/><U33/><E23/><V63/><F63/><N who="0" m="24106" /><D56/><U52/><E59/><V16/><F5/><W85/><G36/><T13/><D13/><U15/><E15/><V108/><F108/><W65/><G65/><T17/><D110/><U32/><E32/><V130/><F130/><W79/><G43/><T46/><D46/><U120/><E120/><V34/><F34/><W86/><G45/><T92/><D92/><U97/><E97/><AGARI ba="1,0" hai="2,3,17,22,25,88,94,97" m="24106,47659" machi="97" ten="30,2000,0" yaku="18,1,54,1" doraHai="28" who="0" fromWho="1" sc="162,23,367,-23,260,0,211,0" /><INIT seed="2,0,0,3,3,49" ten="185,344,260,211" oya="2" hai0="20,44,60,85,54,36,130,69,57,12,43,4,128" hai1="40,50,112,62,72,83,86,107,68,96,35,122,48" hai2="11,80,121,9,135,19,110,98,95,119,111,117,56" hai3="55,90,100,116,113,26,82,18,102,129,31,17,131"/><V32/><F121/><W120/><G116/><T52/><D69/><U91/><E35/><V132/><F32/><W53/><G120/><T34/><D34/><U16/><E122/><V61/><F80/><W27/><G113/><T65/><D85/><U71/><E72/><V30/><F30/><W76/><G90/><T37/><D37/><U42/><E71/><V106/><F106/><W125/><G125/><T70/><D20/><U104/><E107/><V123/><F123/><W0/><G0/><T14/><D54/><N who="3" m="20489" /><G31/><T38/><D38/><U126/><E126/><V10/><F119/><W101/><G27/><T87/><D87/><U93/><E104/><V81/><F117/><W99/><G99/><T134/><D134/><N who="2" m="51242" /><F81/><W33/><G33/><T21/><D12/><U24/><E68/><V8/><F19/><N who="3" m="7179" /><G26/><T133/><D133/><U5/><E96/><V74/><F74/><W22/><G22/><T84/><D21/><N who="1" m="13351" /><E112/><V78/><F78/><W67/><G67/><T105/><D105/><U41/><E83/><V89/><F10/><W115/><G115/><T73/><D73/><U29/><E29/><V23/><F23/><W58/><G58/><T92/><D70/><U124/><E124/><V15/><F15/><W75/><G75/><T94/><D14/><U2/><E2/><V47/><F47/><W7/><G7/><T103/><D4/><U6/><E6/><V64/><AGARI ba="0,0" hai="8,9,11,56,61,64,89,95,98,110,111" m="51242" machi="64" ten="40,2100,0" yaku="20,1" doraHai="49" who="2" fromWho="2" sc="185,-7,344,-7,260,21,211,-7" /><INIT seed="2,1,0,4,3,16" ten="178,337,281,204" oya="2" hai0="63,0,130,7,97,5,62,80,4,108,69,13,34" hai1="18,135,1,82,107,78,79,22,42,25,132,9,32" hai2="33,109,67,77,83,30,66,43,122,19,26,89,36" hai3="125,35,38,92,110,95,118,93,11,46,102,48,57"/><V87/><F122/><W68/><G118/><T50/><D108/><U98/><E32/><V58/><F109/><W12/><G110/><T64/><D130/><U117/><E117/><V2/><F2/><W55/><G68/><T23/><D34/><U86/><E78/><V21/><F58/><W56/><G125/><T10/><D62/><U74/><E42/><V8/><F8/><W84/><G35/><T24/><D0/><U111/><E111/><V85/><F43/><W129/><G129/><T73/><D50/><U131/><E131/><V49/><F49/><W51/><G38/><T101/><D80/><U119/><E119/><V114/><F114/><W17/><G102/><T115/><D73/><U14/><E1/><V27/><REACH who="2" step="1"/><F36/><REACH who="2" ten="178,337,271,204" step="2"/><W96/><G57/><T47/><D115/><U60/><E60/><V99/><F99/><W39/><G96/><T3/><D3/><U40/><E40/><V37/><F37/><W31/><G39/><T70/><D70/><U20/><E98/><V112/><F112/><W94/><N who="3" m="23552" /><DORA hai="126" /><W100/><G100/><T104/><REACH who="0" step="1"/><D47/><REACH who="0" ten="168,337,271,204" step="2"/><U65/><E135/><V41/><F41/><W113/><G113/><T133/><D133/><U28/><E132/><V116/><F116/><W53/><G84/><T59/><D59/><U90/><E86/><V88/><F88/><W61/><G48/><T106/><D106/><U103/><E90/><V44/><F44/><W81/><G46/><T127/><D127/><U54/><E107/><V6/><F6/><W128/><G51/><T15/><D15/><N who="1" m="7535" /><E103/><V120/><F120/><W29/><G128/><RYUUKYOKU ba="1,2" sc="168,15,337,-15,271,15,204,-15" hai0="4,5,7,10,13,23,24,63,64,69,97,101,104" hai2="19,21,26,27,30,33,66,67,77,83,85,87,89" /><INIT seed="2,2,2,5,4,69" ten="183,322,286,189" oya="2" hai0="51,104,114,72,37,115,64,57,59,94,85,36,84" hai1="74,47,106,4,17,108,77,38,121,28,30,127,131" hai2="78,20,67,7,97,16,80,81,95,48,42,3,10" hai3="5,65,22,90,13,19,110,11,23,32,87,33,31"/><V54/><F67/><W52/><G65/><T35/><D104/><U99/><E108/><V8/><F42/><W46/><G110/><T118/><D72/><U25/><E131/><V24/><F10/><W44/><G23/><T63/><D35/><U71/><E71/><V101/><REACH who="2" step="1"/><F78/><REACH who="2" ten="183,322,276,189" step="2"/><W100/><G52/><T96/><D64/><U26/><E77/><V45/><AGARI ba="2,3" hai="3,7,8,16,20,24,45,48,54,80,81,95,97,101" machi="45" ten="20,12000,1" yaku="1,1,2,1,0,1,7,1,54,1,53,0" doraHai="69" doraHaiUra="130" who="2" fromWho="2" sc="183,-42,322,-42,276,156,189,-42" /><INIT seed="2,3,0,5,2,51" ten="141,280,432,147" oya="2" hai0="34,31,78,104,96,13,76,122,35,6,85,105,19" hai1="41,45,135,50,127,62,107,47,106,71,4,83,79" hai2="121,90,18,114,2,98,115,123,68,32,108,43,134" hai3="74,94,53,117,116,130,95,17,61,100,48,73,63"/><V1/><F68/><W56/><G130/><T59/><D122/><N who="2" m="46602" /><F43/><W0/><G0/><T91/><D6/><U39/><E135/><V9/><F90/><W44/><G61/><T112/><D112/><N who="2" m="43050" /><F98/><W88/><G17/><T23/><D31/><U46/><E127/><V101/><F101/><W124/><G124/><T89/><D76/><U10/><E47/><V21/><F32/><W40/><G100/><T26/><D78/><U36/><E62/><V75/><F75/><W102/><G102/><T33/><D96/><U30/><E30/><V81/><F81/><W84/><REACH who="3" step="1"/><G95/><REACH who="3" ten="141,280,432,137" step="2"/><T55/><D104/><U42/><E71/><V54/><F1/><W126/><G126/><T22/><D105/><U20/><E107/><V72/><F2/><W27/><G27/><T8/><D26/><U111/><E106/><V3/><F18/><W119/><AGARI ba="3,1" hai="40,44,48,53,56,63,73,74,84,88,94,116,117,119" machi="119" ten="30,7900,0" yaku="1,1,0,1,52,1,54,1,53,0" doraHai="51" doraHaiUra="7" who="3" fromWho="3" sc="141,-23,280,-23,432,-42,137,98" /><INIT seed="3,0,0,0,3,44" ten="118,257,390,235" oya="3" hai0="114,2,99,121,17,26,45,53,48,70,133,130,91" hai1="15,6,119,16,69,49,122,10,31,76,87,46,117" hai2="103,4,8,80,36,86,50,5,29,78,30,37,97" hai3="51,55,32,47,11,77,95,129,116,60,98,94,66"/><W71/><G116/><N who="1" m="44618" /><E69/><V56/><F37/><W33/><G129/><T68/><D121/><U75/><E75/><V118/><F36/><W3/><G77/><T126/><D2/><U1/><E31/><V93/><F118/><W9/><G94/><T113/><D130/><U63/><E63/><V109/><F109/><W43/><G43/><T81/><D133/><U104/><E104/><V40/><F5/><W120/><G120/><T57/><D126/><U73/><E73/><V82/><F82/><W83/><G83/><T134/><D134/><U27/><E27/><V58/><F58/><W0/><G9/><T115/><D57/><U79/><E122/><V35/><F35/><W132/><G132/><T25/><D25/><U23/><E87/><V101/><F101/><W59/><G0/><T123/><D123/><U14/><E1/><V13/><F56/><W135/><G135/><T38/><D38/><U19/><E6/><V89/><F89/><W67/><G11/><T108/><D108/><U96/><E96/><V24/><F24/><W20/><G20/><T112/><N who="0" m="28672" /><DORA hai="7" /><T61/><D61/><U105/><E105/><V111/><F111/><W21/><G3/><T131/><D131/><U18/><E18/><V124/><F124/><W84/><G21/><T88/><D99/><U12/><E12/><V54/><F40/><AGARI ba="0,0" hai="10,14,15,16,19,23,40,46,49,76,79" m="44618" machi="40" ten="30,7700,0" yaku="12,1,52,2,54,1" doraHai="44,7" who="1" fromWho="2" sc="118,0,257,77,390,-77,235,0" owari="118,-38.2,334,43.4,313,11.3,235,-16.5" /></mjloggm>