<mjloggm ver="2.3"><GO type="225" lobby="0"/><UN n0="%E3%83%81%E3%83%AF%E3%83%AF%E9%9A%8A%E9%95%B7" n1="%E3%82%BC%E3%83%AB%E3%83%80%E3%81%AE%E4%BC%9D%E8%AA%AC" n2="%73%73%6B%5F%66%72%65%65" n3="%E3%82%A2%E3%83%BC%E3%83%A2%E3%83%AD%E3%83%BC%E3%83%B4%E3%82%A1" dan="16,17,16,16" rate="2083.56,2212.86,2095.53,2081.56" sx="M,M,M,M"/><TAIKYOKU oya="0"/><INIT seed="0,0,0,4,1,94" ten="250,250,250,250" oya="0" hai0="10,129,125,20,57,74,11,118,131,124,0,2,134" hai1="52,45,102,107,26,51,104,105,38,123,103,101,85" hai2="64,42,18,15,37,54,34,23,110,66,19,99,71" hai3="98,44,83,48,53,130,63,88,86,90,12,35,33"/><T49/><D74/><U32/><E123/><V76/><F34/><W120/><G120/><T36/><D36/><U84/><REACH who="1" step="1"/><E38/><REACH who="1" ten="250,240,250,250" step="2"/><V72/><F37/><W96/><G130/><T87/><D129/><U55/><E55/><V122/><F54/><W41/><G33/><T17/><D131/><U60/><E60/><V112/><F122/><W22/><G35/><T75/><D118/><U106/><N who="1" m="26624" /><DORA hai="39" /><U27/><E27/><V121/><F121/><W8/><G90/><T13/><D124/><U127/><E127/><V5/><F66/><W67/><G53/><T28/><D125/><U80/><E80/><V6/><F64/><W79/><G79/><T73/><D134/><U119/><E119/><V97/><F110/><W59/><REACH who="3" step="1"/><G22/><REACH who="3" ten="250,240,250,240" step="2"/><T126/><D20/><U31/><AGARI ba="0,2" hai="26,31,32,45,51,52,84,85,101,102,103" m="26624" machi="31" ten="60,7900,0" yaku="1,1,0,1,54,1,53,0" doraHai="94,39" doraHaiUra="91,58" who="1" fromWho="1" sc="250,-39,240,99,250,-20,240,-20" /><INIT seed="1,0,0,5,0,85" ten="211,339,230,220" oya="1" hai0="132,108,101,3,14,82,65,49,130,25,62,47,71" hai1="105,113,72,27,1,100,129,124,55,5,8,66,67" hai2="40,78,128,79,53,7,39,134,63,41,116,112,70" hai3="37,96,10,30,133,20,17,88,64,18,89,122,60"/><U35/><E113/><V106/><F116/><W84/><G122/><T86/><D3/><U102/><E72/><V21/><F128/><W46/><G133/><T23/><D130/><U0/><E129/><V42/><F134/><W31/><G37/><T125/><D132/><U123/><E123/><V107/><F39/><W126/><G46/><T120/><D120/><U52/><E124/><V77/><F112/><W119/><G126/><T9/><D125/><U94/><E94/><V2/><F21/><W11/><G119/><T83/><D101/><U76/><E76/><V81/><F81/><N who="3" m="49167" /><G60/><T34/><D34/><U15/><E15/><V24/><F24/><N who="3" m="14359" /><G64/><T4/><D62/><U58/><E67/><V111/><F111/><W69/><G69/><T109/><D65/><U97/><E0/><V68/><F63/><W118/><G118/><T74/><D71/><U57/><E66/><V28/><F70/><W29/><G17/><T45/><D74/><U92/><E105/><V104/><F68/><W98/><G98/><T75/><D75/><U19/><E19/><V121/><F121/><W33/><G33/><T135/><D135/><U61/><E35/><V99/><F99/><W90/><G90/><T95/><D47/><U80/><E97/><V127/><F127/><W103/><G103/><T16/><D109/><U73/><E102/><V43/><N who="2" m="10240" /><DORA hai="115" /><V13/><F2/><W117/><G117/><T91/><D108/><U93/><E1/><V32/><F32/><W56/><G56/><T36/><D36/><U12/><E61/><V50/><F107/><W51/><G51/><RYUUKYOKU ba="0,0" sc="211,15,339,-15,230,-15,220,15" hai0="4,9,14,16,23,25,45,49,82,83,86,91,95" hai3="10,11,29,30,31,89,96" /><INIT seed="2,1,0,3,0,131" ten="226,324,215,235" oya="2" hai0="54,48,87,9,89,113,83,57,81,128,118,127,95" hai1="33,60,58,16,102,109,35,6,32,133,99,106,1" hai2="8,38,27,120,30,86,134,24,28,74,56,46,29" hai3="34,92,36,52,47,17,117,43,18,7,65,72,45"/><V96/><F120/><W125/><G117/><T64/><D113/><U85/><E133/><V78/><F74/><W2/><G34/><T59/><D128/><U90/><E109/><V80/><F134/><W69/><G72/><T11/><D118/><U49/><E49/><V129/><F129/><W25/><G25/><T12/><D127/><U13/><E6/><V135/><F135/><W119/><G119/><T44/><D9/><U94/><E1/><V26/><F8/><W115/><G7/><T22/><D22/><U76/><E76/><V114/><F114/><W88/><G2/><T71/><D71/><U70/><E70/><V3/><F3/><W104/><G104/><T91/><D64/><U132/><E132/><V93/><F56/><W111/><G111/><T101/><D101/><U40/><E40/><V112/><F112/><W130/><G125/><T123/><D83/><U4/><E4/><V41/><REACH who="2" step="1"/><F30/><REACH who="2" ten="226,324,205,235" step="2"/><W108/><G130/><T31/><D31/><U82/><E58/><V0/><F0/><W23/><G115/><T10/><D10/><U105/><E60/><V19/><F19/><W61/><G108/><T20/><D123/><U126/><E126/><V107/><F107/><W55/><G17/><N who="0" m="10279" /><D11/><U68/><E68/><V121/><F121/><W53/><G45/><T116/><D116/><U103/><E105/><V98/><F98/><AGARI ba="1,1" hai="44,48,54,57,59,81,87,89,91,95,98" m="10279" machi="98" ten="30,1000,0" yaku="8,1" doraHai="131" who="0" fromWho="2" sc="226,23,324,0,205,-13,235,0" /><INIT seed="3,0,0,3,2,56" ten="249,324,192,235" oya="3" hai0="71,133,129,125,29,53,86,47,45,18,78,100,107" hai1="35,67,27,57,16,5,92,25,113,17,19,4,85" hai2="77,84,123,134,109,121,132,61,74,6,24,101,65" hai3="13,90,120,128,88,130,20,39,106,116,21,115,59"/><W87/><G120/><N who="2" m="46153" /><F74/><W66/><G115/><T89/><D71/><U8/><E113/><V37/><F37/><W50/><G116/><T38/><D78/><U117/><E117/><V97/><F6/><N who="1" m="2665" /><E35/><V98/><F24/><N who="1" m="9289" /><E8/><V62/><F109/><W76/><G106/><T44/><D29/><U112/><E112/><V33/><F33/><W108/><G39/><T83/><D38/><U64/><E57/><V131/><F131/><N who="3" m="50219" /><G108/><T41/><D129/><U30/><E30/><V43/><F43/><W55/><G66/><T124/><D41/><U23/><E23/><N who="3" m="8778" /><G13/><T52/><D107/><U114/><E114/><V91/><F65/><W99/><G99/><N who="2" m="37897" /><F101/><W28/><G28/><T3/><D100/><U48/><E48/><V96/><N who="2" m="37905" /><V31/><DORA hai="58" /><F31/><W110/><G110/><T119/><D119/><U2/><E2/><V93/><F77/><W0/><G0/><T46/><D3/><U51/><E51/><V94/><F94/><W40/><G40/><T60/><D53/><U73/><E73/><V11/><F11/><W72/><G72/><T118/><D118/><U34/><E34/><V122/><N who="2" m="46161" /><V22/><DORA hai="49" /><F22/><W82/><AGARI ba="0,0" hai="50,55,59,76,82,87,88,90" m="8778,50219" machi="82" ten="30,6000,0" yaku="19,1,52,1,54,1" doraHai="56,58,49" who="3" fromWho="3" sc="249,-20,324,-20,192,-20,235,60" /><INIT seed="3,1,0,5,0,34" ten="229,304,172,295" oya="3" hai0="58,122,64,97,110,75,135,128,56,50,42,109,18" hai1="116,84,36,113,37,94,133,51,68,87,5,115,7" hai2="85,43,100,62,114,3,92,29,20,117,9,46,57" hai3="105,44,61,79,89,78,35,83,16,39,14,88,17"/><W73/><G35/><T66/><D75/><U47/><E68/><V112/><F117/><W132/><G105/><T69/><D69/><U76/><E116/><V13/><F85/><N who="3" m="50239" /><G39/><T63/><D122/><U130/><E94/><V80/><F80/><W121/><G121/><T118/><D118/><U95/><E95/><V40/><F40/><W54/><G132/><T107/><D135/><U125/><E133/><V2/><F114/><W55/><G89/><T106/><D128/><U49/><E47/><V70/><F70/><W48/><G73/><T104/><D97/><U71/><E71/><V96/><F112/><W90/><G90/><T129/><D129/><U41/><E41/><V25/><F13/><W19/><G14/><T15/><D42/><U52/><E52/><V111/><F111/><W82/><G82/><T31/><D110/><U60/><E130/><V24/><F24/><W102/><G102/><T10/><D109/><U32/><E32/><V108/><F108/><W6/><G6/><T67/><D107/><U119/><E119/><V103/><F103/><W81/><G81/><T27/><D106/><U33/><E33/><V127/><F127/><W93/><G93/><T28/><D104/><U101/><E101/><V77/><F77/><W74/><G74/><T21/><D28/><U11/><E76/><V22/><F22/><W53/><G53/><AGARI ba="1,0" hai="10,15,18,21,27,31,50,53,56,58,63,64,66,67" machi="53" ten="40,1300,0" yaku="8,1" doraHai="34" who="0" fromWho="3" sc="229,16,304,0,172,0,295,-16" owari="245,-15.5,304,40.4,172,-32.8,279,7.9" /></mjloggm>