<mjloggm ver="2.3"><GO type="225" lobby="0"/><UN n0="%6D%75%75%6D%75%72%61" n1="%E5%B0%8F%E9%B3%A5%E9%81%8A%E7%B7%B4%E7%84%A1%32%31%E6%AD%B3" n2="%E3%82%B2%E3%82%B9%E8%8C%82%E5%8B%9D" n3="%E5%B6%BA%E4%B8%8A%E5%92%B2" dan="16,16,16,16" rate="2123.29,2189.10,2062.79,2095.88" sx="F,F,F,F"/><TAIKYOKU oya="0"/><INIT seed="0,0,0,2,5,24" ten="250,250,250,250" oya="0" hai0="78,104,68,118,16,69,56,135,8,98,10,0,126" hai1="95,96,112,74,45,100,119,116,114,60,88,30,61" hai2="89,82,27,80,64,59,122,49,57,15,37,77,70" hai3="103,39,38,11,127,9,113,86,31,121,101,25,75"/><T63/><D118/><N who="1" m="45099" /><E45/><V87/><F122/><W34/><G113/><N who="1" m="43626" /><E60/><V4/><F37/><W42/><G127/><T17/><D126/><U23/><E61/><V33/><F70/><W22/><G75/><T76/><D135/><U73/><E23/><V19/><F4/><W29/><G121/><T71/><D0/><U14/><E14/><V110/><F110/><W134/><G134/><T20/><D8/><N who="3" m="3145" /><G34/><T40/><D40/><U130/><E30/><N who="3" m="11274" /><G39/><T107/><D10/><U115/><E130/><V133/><F133/><W51/><G38/><T123/><D123/><U67/><N who="1" m="43634" /><U91/><DORA hai="120" /><E67/><V41/><F64/><W44/><G86/><T46/><D46/><U65/><E65/><V13/><F33/><W79/><G79/><T12/><D78/><U93/><E100/><V132/><F132/><W48/><G48/><T109/><D76/><U7/><E7/><V26/><F41/><W102/><G102/><T66/><D109/><U125/><E125/><V47/><F49/><W5/><G5/><T108/><D108/><U111/><E111/><V94/><F77/><W72/><G72/><T85/><D71/><U83/><E83/><V36/><F80/><W84/><G84/><AGARI ba="0,0" hai="73,74,84,88,91,93,95,96" m="43634,45099" machi="84" ten="40,8000,1" yaku="11,1,34,2,54,1" doraHai="24,120" who="1" fromWho="3" sc="250,0,250,80,250,0,250,-80" /><INIT seed="1,0,0,0,2,57" ten="250,330,250,170" oya="1" hai0="47,32,101,88,61,94,95,92,65,4,135,39,111" hai1="41,71,77,50,26,60,3,75,107,55,126,11,68" hai2="49,133,93,89,124,96,69,72,129,28,16,24,104" hai3="29,36,84,130,13,80,56,48,123,53,35,70,40"/><U63/><E107/><V81/><F69/><W132/><G123/><T108/><D32/><U105/><E105/><V103/><F124/><W128/><G70/><N who="0" m="42287" /><D101/><U27/><E126/><V14/><F133/><W62/><G132/><T19/><D135/><U120/><E41/><V109/><F109/><N who="0" m="42058" /><D4/><U118/><E118/><V51/><F129/><N who="3" m="49771" /><G13/><T21/><D47/><U74/><E77/><V44/><F44/><N who="3" m="23559" /><G35/><T1/><D1/><U25/><E120/><V46/><F46/><W6/><G6/><T5/><D5/><U112/><E3/><V0/><F0/><W110/><G110/><T23/><D39/><U90/><E11/><V66/><F72/><W87/><G29/><T125/><D125/><U79/><E75/><V45/><F45/><N who="3" m="27791" /><G80/><T73/><D73/><U34/><E74/><V102/><F81/><W15/><G15/><N who="0" m="9471" /><D23/><U131/><E34/><V2/><F2/><W67/><AGARI ba="0,0" hai="56,62,67,84,87" m="27791,23559,49771" machi="67" ten="30,2000,0" yaku="19,1,52,1" doraHai="57" who="3" fromWho="3" sc="250,-5,330,-10,250,-5,170,20" /><INIT seed="2,0,0,2,0,134" ten="245,320,245,190" oya="2" hai0="107,126,112,37,111,50,99,123,89,122,44,28,40" hai1="41,1,53,77,48,49,0,110,97,128,82,6,59" hai2="131,23,129,120,91,12,105,58,90,42,45,67,95" hai3="84,54,5,103,121,15,70,76,75,57,83,119,130"/><V71/><F120/><W81/><G70/><T2/><D112/><U133/><E128/><N who="2" m="49227" /><F105/><W64/><G130/><T68/><D2/><U56/><E110/><V43/><F71/><W80/><G119/><T35/><D111/><U38/><E133/><V79/><F79/><W132/><G121/><T24/><D68/><U114/><E114/><V92/><F67/><W93/><G132/><T33/><D33/><U10/><E97/><N who="2" m="57495" /><F58/><W29/><G29/><T61/><D126/><U98/><E59/><V94/><F91/><W96/><G64/><T20/><D61/><U21/><E56/><V39/><F42/><W36/><G36/><T46/><D35/><U102/><E38/><V52/><F52/><W18/><G75/><T27/><D89/><U73/><E53/><V34/><F34/><W101/><G101/><T108/><D108/><U30/><E41/><V7/><F7/><W117/><G5/><T25/><D122/><U124/><E6/><V65/><F65/><W115/><G115/><T11/><D123/><U51/><E77/><V69/><F69/><W72/><G72/><T135/><D135/><U9/><E73/><V88/><F88/><W14/><G117/><T74/><D74/><U31/><E102/><V13/><F13/><W63/><REACH who="3" step="1"/><G14/><REACH who="3" ten="245,320,245,180" step="2"/><T113/><D113/><U109/><E0/><V118/><F118/><W4/><G4/><T55/><D37/><U104/><E1/><V85/><F85/><W106/><G106/><T32/><D107/><U127/><E104/><V47/><F12/><W3/><G3/><T125/><D32/><U116/><E116/><RYUUKYOKU ba="0,1" sc="245,-10,320,-10,245,-10,180,30" hai3="15,18,54,57,63,76,80,81,83,84,93,96,103" /><INIT seed="3,1,1,1,1,49" ten="235,310,235,210" oya="3" hai0="83,58,13,96,59,67,92,52,71,4,105,111,61" hai1="131,24,109,99,17,6,45,20,133,0,118,53,2" hai2="37,104,54,100,33,69,81,15,40,27,103,88,3" hai3="110,134,72,1,86,82,112,90,132,91,21,101,125"/><W126/><G112/><T127/><D105/><U114/><E114/><V128/><F3/><W57/><G1/><T9/><D111/><U8/><E109/><V36/><F69/><W123/><G110/><T106/><D106/><U50/><E131/><V130/><F15/><W18/><G123/><T22/><D127/><N who="3" m="48649" /><G101/><N who="2" m="38985" /><F104/><W80/><G57/><N who="0" m="34983" /><D71/><U10/><E133/><N who="3" m="51306" /><G72/><T41/><D41/><U60/><E99/><V122/><F40/><W43/><G43/><T26/><D83/><N who="3" m="31785" /><G86/><T107/><D107/><U64/><E0/><V79/><F122/><W42/><G42/><T11/><D67/><U66/><E64/><V65/><F65/><W95/><G95/><T14/><D92/><U77/><E66/><V46/><F36/><W89/><G21/><T124/><D124/><U135/><E20/><V78/><F37/><W102/><G102/><T19/><D96/><U74/><E74/><N who="2" m="43223" /><F79/><W94/><G94/><T120/><D120/><U5/><E77/><V28/><F88/><N who="3" m="22531" /><W31/><DORA hai="51" /><G31/><AGARI ba="1,1" hai="4,9,11,13,14,19,22,26,31,58,59" m="34983" machi="31" ten="30,7700,0" yaku="8,1,52,2,54,1" doraHai="49,51" who="0" fromWho="3" sc="235,90,310,0,235,0,210,-80" owari="325,42.5,310,11.0,235,-16.5,130,-37.0" /></mjloggm>