<mjloggm ver="2.3"><GO type="225" lobby="0"/><UN n0="%E3%81%95%E3%81%8D%E3%81%9F%E3%81%BE%E6%9E%97%E6%AA%8E" n1="%47%32%E9%BE%8D%E9%96%80" n2="%E3%81%86%E3%82%8C%E3%81%9F%E3%82%93%E6%9E%95" n3="%E3%81%86%E3%82%8B%E3%81%8A%E3%81%A1%E3%82%83" dan="16,16,16,16" rate="2126.41,2100.72,2165.88,2124.50" sx="M,M,F,F"/><TAIKYOKU oya="0"/><INIT seed="0,0,0,5,4,32" ten="250,250,250,250" oya="0" hai0="44,78,9,118,72,86,17,39,93,120,76,85,1" hai1="69,64,81,48,70,24,26,79,84,54,41,73,21" hai2="96,68,88,23,111,108,43,74,49,15,55,82,36" hai3="47,5,0,107,53,51,109,13,50,56,12,127,3"/><T35/><D118/><U57/><E64/><V20/><F68/><W34/><G34/><T92/><D120/><U101/><E101/><V91/><F36/><W63/><G107/><T18/><D35/><U94/><E41/><V87/><F43/><W33/><G33/><T46/><D39/><U135/><E135/><V99/><F74/><W122/><G122/><T75/><REACH who="0" step="1"/><D9/><REACH who="0" ten="240,250,250,250" step="2"/><U106/><E70/><V130/><F130/><W113/><G113/><T62/><D62/><U28/><E69/><V25/><F111/><W114/><G109/><T14/><D14/><U103/><E48/><V102/><F108/><W116/><G114/><T31/><D31/><U60/><E28/><V16/><F102/><W52/><G13/><T6/><D6/><U8/><E8/><N who="2" m="6247" /><F91/><W125/><G116/><T10/><D10/><U110/><E110/><V67/><F67/><W89/><G12/><T77/><D77/><U90/><REACH who="1" step="1"/><E21/><REACH who="1" ten="240,240,250,250" step="2"/><N who="2" m="8267" /><F25/><W80/><G5/><T121/><D121/><U30/><E30/><V27/><F27/><W129/><G129/><T83/><D83/><U59/><E59/><AGARI ba="0,2" hai="49,55,59,82,87,88,96,99" m="8267,6247" machi="59" ten="30,3900,0" yaku="8,1,54,2" doraHai="32" who="2" fromWho="1" sc="240,0,240,-39,250,59,250,0" /><INIT seed="1,0,0,5,4,37" ten="240,201,309,250" oya="1" hai0="100,17,53,77,42,20,82,74,21,130,99,121,132" hai1="120,129,51,39,96,71,123,98,63,32,11,128,40" hai2="102,23,119,16,134,13,69,10,103,68,83,56,131" hai3="58,113,22,87,95,88,2,114,108,93,52,92,90"/><U72/><E32/><V55/><F119/><W104/><G104/><T80/><D132/><U116/><E72/><V109/><F134/><W126/><G108/><T54/><D130/><N who="1" m="50283" /><E11/><V0/><F131/><W5/><G126/><T3/><D121/><N who="1" m="46667" /><E96/><V107/><F109/><W97/><G22/><T67/><D67/><N who="1" m="41471" /><E98/><V36/><F107/><W28/><G28/><T78/><D3/><U75/><E75/><V111/><F111/><W76/><G2/><T25/><D21/><U89/><E89/><V35/><F103/><W43/><G5/><T4/><D4/><U117/><E51/><N who="2" m="30847" /><F102/><W115/><G76/><T118/><D118/><U91/><E91/><V31/><F83/><W29/><G29/><T94/><D80/><U9/><E9/><V106/><F106/><W86/><G93/><T60/><D78/><U124/><E124/><V59/><F35/><W122/><G97/><T48/><D60/><U73/><E73/><V66/><F0/><W18/><G122/><T8/><D8/><U84/><E84/><V33/><F33/><W1/><G1/><T15/><D25/><U61/><E61/><N who="2" m="38207" /><F36/><W70/><G114/><T127/><D127/><U81/><E81/><V44/><F31/><W49/><G115/><T50/><D50/><U30/><E30/><V7/><F7/><W46/><G113/><T12/><D12/><U64/><E64/><V45/><F10/><W24/><G49/><T34/><D34/><U38/><E38/><V101/><F101/><W112/><G112/><T65/><D65/><U135/><E135/><V19/><F19/><W41/><G18/><RYUUKYOKU ba="0,0" sc="240,10,201,10,309,10,250,-30" hai0="15,17,20,42,48,53,54,74,77,82,94,99,100" hai1="39,40,116,117" hai2="13,16,23,44,45,68,69" /><INIT seed="1,1,0,3,3,51" ten="250,211,319,220" oya="1" hai0="122,83,96,124,80,107,14,24,64,16,58,135,95" hai1="32,75,114,92,63,112,81,55,39,127,100,121,4" hai2="90,69,101,49,115,13,132,89,86,119,23,30,27" hai3="3,54,104,7,68,88,62,12,61,117,103,19,31"/><U130/><E121/><V59/><F119/><W45/><G117/><T41/><D135/><U98/><E32/><V110/><F69/><W106/><G31/><T46/><D124/><U25/><E39/><V79/><F132/><W66/><G3/><T20/><D107/><U38/><E38/><V76/><F110/><W102/><G7/><T15/><D122/><U84/><E127/><V73/><F73/><W126/><G106/><T134/><D134/><U50/><E130/><V109/><F109/><W6/><G6/><T44/><D64/><U77/><E4/><V118/><F101/><W48/><G104/><T72/><D72/><U22/><E63/><V56/><F90/><W53/><G126/><T133/><D133/><U18/><REACH who="1" step="1"/><E75/><REACH who="1" ten="250,201,319,220" step="2"/><V78/><F118/><W94/><G62/><T67/><D67/><U34/><E34/><V116/><F116/><W97/><REACH who="3" step="1"/><G54/><REACH who="3" ten="250,201,319,210" step="2"/><T82/><D41/><U17/><E17/><V113/><F113/><W74/><G74/><T125/><D125/><U8/><E8/><AGARI ba="1,2" hai="8,12,19,45,48,53,61,66,68,88,94,97,102,103" machi="8" ten="30,7700,0" yaku="1,1,7,1,52,1,54,1,53,0" doraHai="51" doraHaiUra="123" who="3" fromWho="1" sc="250,0,201,-80,319,0,210,100" /><INIT seed="2,0,0,1,0,48" ten="250,121,319,310" oya="2" hai0="38,91,73,44,12,81,39,69,50,88,36,2,84" hai1="17,128,100,95,6,92,72,121,61,107,116,19,16" hai2="24,96,56,113,31,47,134,115,51,80,132,126,52" hai3="77,34,23,117,99,59,119,83,94,29,90,40,76"/><V62/><F126/><W28/><G34/><T130/><D130/><U5/><E121/><V124/><F124/><W4/><G40/><T26/><D69/><U112/><E112/><V101/><F113/><W15/><G77/><T93/><D2/><U37/><E72/><V105/><F80/><W85/><G117/><T118/><D118/><U18/><E116/><V60/><F115/><W109/><G109/><T82/><D73/><U87/><N who="1" m="4096" /><DORA hai="129" /><U131/><E37/><V114/><F114/><W55/><G23/><T125/><D125/><U67/><E107/><V64/><REACH who="2" step="1"/><F62/><REACH who="2" ten="250,121,309,310" step="2"/><N who="3" m="36223" /><G119/><T63/><D63/><U54/><E131/><V65/><F65/><W98/><G98/><T103/><D82/><U9/><E128/><V58/><F58/><W53/><G53/><T33/><D81/><U66/><E66/><V74/><F74/><W122/><G122/><T41/><D84/><U57/><E67/><V78/><F78/><W1/><G76/><T110/><D110/><U102/><E87/><V89/><F89/><W27/><G90/><T71/><D91/><U46/><E46/><V43/><F43/><W30/><G85/><T8/><D88/><U79/><E79/><V3/><F3/><W20/><G1/><T104/><D41/><U70/><E70/><V49/><F49/><W7/><G83/><T86/><D71/><U22/><E9/><V11/><F11/><N who="3" m="4583" /><G7/><N who="1" m="2570" /><E22/><AGARI ba="0,1" hai="22,24,31,47,51,52,56,60,64,96,101,105,132,134" machi="22" ten="40,12000,1" yaku="1,1,52,3,54,1,53,0" doraHai="48,129" doraHaiUra="111,106" who="2" fromWho="1" sc="250,0,121,-120,309,130,310,0" /><INIT seed="2,1,0,1,0,15" ten="250,1,439,310" oya="2" hai0="132,102,47,67,38,69,24,123,43,1,79,106,34" hai1="30,80,16,18,87,88,68,73,23,8,116,28,60" hai2="90,124,41,52,56,48,75,107,130,10,26,20,125" hai3="121,45,84,29,83,109,108,86,5,78,74,82,70"/><V122/><F122/><W17/><G121/><T128/><D128/><U118/><E73/><V31/><F130/><W89/><G70/><T65/><D132/><U93/><E118/><V40/><F75/><W42/><G29/><T95/><D123/><U110/><E110/><N who="3" m="42602" /><G5/><T12/><D79/><N who="1" m="46495" /><E68/><V32/><F107/><W53/><G17/><N who="1" m="6762" /><E8/><V3/><F32/><W14/><G14/><T58/><D69/><U25/><E116/><V7/><F90/><W57/><G74/><T63/><D1/><U19/><E60/><V44/><REACH who="2" step="1"/><F41/><REACH who="2" ten="250,1,429,310" step="2"/><W6/><G42/><T11/><D43/><U50/><E50/><AGARI ba="1,1" hai="3,7,10,20,26,31,40,44,48,50,52,56,124,125" machi="50" ten="40,7700,0" yaku="1,1,2,1,54,1,53,0" doraHai="15" doraHaiUra="111" who="2" fromWho="1" sc="250,0,1,-80,429,90,310,0" owari="250,-15.0,-79,-57.9,519,61.9,310,11.0" /></mjloggm>