<mjloggm ver="2.3"><GO type="225" lobby="0"/><UN n0="%E3%81%8B%E3%82%8F%E3%81%A1%E3%82%83%E3%82%93%35%38" n1="%E3%81%82%E3%81%99%E3%81%AB%E3%82%83%E3%82%80" n2="%72%69%6F%75%63%68%61%6E" n3="%E3%81%A8%E3%82%93%E3%81%A8%E3%81%93%E3%81%A8%E3%82%93" dan="16,16,16,16" rate="2138.48,2126.21,2168.88,2106.49" sx="M,F,M,F"/><TAIKYOKU oya="0"/><INIT seed="0,0,0,0,5,76" ten="250,250,250,250" oya="0" hai0="74,107,15,34,30,67,1,56,110,127,77,23,83" hai1="10,39,124,6,104,93,19,40,62,108,42,99,97" hai2="66,5,20,73,46,120,28,41,85,100,132,114,91" hai3="87,11,36,18,31,72,129,113,58,115,9,12,53"/><T63/><D1/><U130/><E108/><V116/><F120/><W47/><G72/><T131/><D131/><U68/><E130/><V64/><F114/><W101/><G129/><T27/><D127/><U48/><E124/><V51/><F73/><W45/><G31/><T112/><D112/><U98/><E39/><V3/><F132/><W82/><G101/><T128/><D128/><U32/><E32/><V54/><F116/><W78/><G36/><T134/><D134/><U44/><E104/><V65/><F100/><W59/><G113/><T60/><D110/><U122/><E19/><V0/><F5/><W79/><G115/><T13/><D107/><U95/><E42/><V29/><F29/><W90/><G59/><T24/><REACH who="0" step="1"/><D63/><REACH who="0" ten="240,250,250,250" step="2"/><U43/><E62/><V49/><F0/><W106/><G106/><T52/><D52/><U2/><E2/><V33/><F3/><W69/><G69/><T111/><D111/><U102/><E43/><V55/><F54/><W125/><G125/><T17/><AGARI ba="0,1" hai="13,15,17,23,24,27,30,34,56,60,67,74,77,83" machi="17" ten="20,7800,0" yaku="1,1,0,1,7,1,52,1,53,0" doraHai="76" doraHaiUra="70" who="0" fromWho="0" sc="240,88,250,-26,250,-26,250,-26" /><INIT seed="0,1,0,1,2,16" ten="328,224,224,224" oya="0" hai0="41,74,63,53,46,71,33,48,91,7,89,132,78" hai1="23,100,102,47,39,81,125,32,85,36,37,29,68" hai2="6,83,55,58,31,129,17,27,116,8,93,127,73" hai3="67,82,86,13,38,122,131,66,115,114,54,45,134"/><T51/><D33/><U84/><E32/><V3/><F127/><W2/><G2/><T121/><D121/><U0/><E0/><V35/><F129/><W133/><G13/><T20/><D132/><N who="3" m="50793" /><G131/><T113/><D113/><N who="3" m="43017" /><G122/><T117/><D117/><U135/><E135/><V52/><F116/><W120/><G120/><T105/><D105/><U64/><E125/><V79/><F58/><W18/><G18/><T28/><D7/><U26/><E47/><V10/><REACH who="2" step="1"/><F93/><REACH who="2" ten="328,224,214,224" step="2"/><W12/><G12/><AGARI ba="1,1" hai="3,6,8,10,12,17,27,31,35,52,55,73,79,83" machi="12" ten="40,5200,0" yaku="1,1,2,1,54,1,53,0" doraHai="16" doraHaiUra="65" who="2" fromWho="3" sc="328,0,224,0,214,65,224,-55" /><INIT seed="1,0,0,3,4,128" ten="328,224,279,169" oya="1" hai0="67,114,80,134,23,10,69,94,72,122,18,13,115" hai1="116,14,98,96,45,99,63,65,43,30,126,86,28" hai2="87,3,9,88,8,130,27,19,42,108,100,68,71" hai3="129,62,25,15,16,31,38,117,123,92,125,84,12"/><U110/><E116/><V2/><F130/><W90/><G123/><T46/><D69/><U53/><E126/><V17/><F108/><W120/><G129/><T54/><D67/><U52/><E110/><V32/><F100/><W103/><G120/><T73/><D122/><U37/><E86/><V11/><F42/><W33/><G125/><T93/><D23/><U91/><E91/><V7/><F71/><W127/><G127/><T85/><D93/><U44/><E14/><V50/><F68/><W35/><G117/><T49/><D94/><U70/><REACH who="1" step="1"/><E45/><REACH who="1" ten="328,214,279,169" step="2"/><V64/><F87/><W57/><G12/><T0/><D13/><U74/><E74/><V77/><F88/><W39/><G103/><T26/><D73/><U112/><E112/><V51/><F2/><W79/><G79/><T22/><D72/><U55/><AGARI ba="0,1" hai="28,30,37,43,44,52,53,55,63,65,70,96,98,99" machi="55" ten="30,6000,0" yaku="1,1,0,1,54,1,53,0" doraHai="128" doraHaiUra="5" who="1" fromWho="1" sc="328,-20,214,70,279,-20,169,-20" /><INIT seed="1,1,0,3,2,95" ten="308,284,259,149" oya="1" hai0="120,94,33,70,0,58,130,76,42,27,81,36,101" hai1="109,44,22,31,53,43,38,75,110,113,63,45,5" hai2="35,89,66,26,12,50,79,103,25,30,83,129,104" hai3="123,52,77,39,40,49,67,3,41,11,102,55,18"/><U88/><E75/><V84/><F129/><W34/><G123/><T72/><D58/><N who="1" m="35279" /><E113/><V116/><F116/><W57/><G34/><T37/><D70/><U93/><E5/><V121/><F121/><W119/><G119/><T74/><D0/><U8/><E8/><V68/><F50/><W14/><G39/><T127/><D74/><U47/><E31/><V134/><F134/><W62/><G3/><T97/><D120/><U7/><E7/><V13/><F26/><W10/><G77/><T48/><D130/><U115/><E22/><V56/><F56/><W126/><G126/><T24/><D24/><U122/><E115/><V133/><F133/><W82/><G102/><T2/><D2/><U107/><E107/><V16/><F79/><W4/><G82/><T86/><D127/><U114/><E114/><V54/><F54/><W92/><G92/><T128/><D128/><U28/><E28/><V111/><F111/><N who="1" m="42505" /><E122/><V91/><F91/><W80/><G80/><T23/><D33/><U96/><AGARI ba="1,0" hai="38,43,44,45,47,88,93,96" m="42505,35279" machi="96" ten="30,11700,0" yaku="14,1,10,1,52,1,54,1" doraHai="95" who="1" fromWho="1" sc="308,-40,284,120,259,-40,149,-40" /><INIT seed="1,2,0,4,3,85" ten="268,404,219,109" oya="1" hai0="129,52,113,7,41,37,109,86,0,91,133,120,84" hai1="81,118,110,74,22,76,43,14,121,42,73,46,56" hai2="33,21,66,88,114,97,24,29,112,80,70,104,111" hai3="92,27,64,9,1,49,12,2,71,108,68,82,61"/><U44/><E118/><V58/><F111/><W32/><G108/><T126/><D109/><U11/><E110/><V90/><F58/><W16/><G71/><T57/><D113/><N who="2" m="43626" /><F80/><W26/><G82/><T10/><D126/><U132/><E22/><V6/><F6/><W131/><G131/><T103/><D103/><U124/><E121/><V128/><F128/><W115/><G115/><T55/><D129/><U28/><E28/><V72/><F72/><W125/><G125/><T107/><D107/><U34/><E34/><V60/><F33/><W77/><G77/><T65/><D120/><U100/><E100/><AGARI ba="2,0" hai="21,24,29,60,66,70,88,90,97,100,104" m="43626" machi="100" ten="30,7700,0" yaku="11,1,52,2,54,1" doraHai="85" who="2" fromWho="1" sc="268,0,404,-83,219,83,109,0" /><INIT seed="2,0,0,0,4,79" ten="268,321,302,109" oya="2" hai0="60,97,103,106,16,83,31,130,124,114,56,9,43" hai1="74,8,15,76,85,5,27,67,30,12,37,108,98" hai2="73,23,45,119,92,84,44,112,70,14,113,19,53" hai3="39,13,100,52,132,134,4,105,17,20,89,58,29"/><V40/><F119/><W120/><G120/><T129/><D114/><U82/><E37/><V11/><F73/><W26/><G39/><T95/><D124/><U71/><E108/><V90/><F70/><W135/><G4/><T24/><D43/><U110/><E110/><V2/><F53/><W64/><G64/><T104/><D83/><U41/><E41/><V62/><F62/><W116/><G116/><T22/><D106/><U10/><E98/><V25/><F2/><W99/><G89/><T123/><D104/><U63/><E74/><V81/><F92/><W28/><REACH who="3" step="1"/><G26/><REACH who="3" ten="268,321,302,99" step="2"/><T131/><D123/><U38/><E38/><V49/><REACH who="2" step="1"/><F44/><REACH who="2" ten="268,321,292,99" step="2"/><W109/><G109/><T21/><D56/><U121/><E121/><V33/><F33/><W50/><AGARI ba="0,2" hai="13,17,20,28,29,50,52,58,99,100,105,132,134,135" machi="50" ten="30,8000,1" yaku="1,1,0,1,20,1,54,1,53,1" doraHai="79" doraHaiUra="101" who="3" fromWho="3" sc="268,-20,321,-20,292,-40,99,100" /><INIT seed="3,0,0,1,0,91" ten="248,301,252,199" oya="3" hai0="104,67,100,74,20,97,99,82,41,132,33,44,131" hai1="93,114,98,89,24,58,39,47,75,124,115,37,16" hai2="59,53,84,133,134,48,21,71,63,28,130,62,15" hai3="6,83,85,45,54,32,40,106,119,38,86,79,122"/><W10/><G119/><T92/><D33/><U9/><E75/><V31/><F130/><W96/><G122/><T8/><D131/><U126/><E58/><V108/><F108/><W77/><G32/><T13/><D132/><N who="2" m="50794" /><F84/><W4/><G54/><T18/><D67/><U94/><E94/><V120/><F120/><W88/><G6/><T72/><D82/><U73/><E73/><V19/><F62/><W42/><G42/><T23/><D74/><U102/><E102/><V14/><F15/><W30/><G30/><T55/><D55/><U2/><E2/><V50/><F50/><W56/><G56/><T105/><D72/><U22/><E9/><V5/><F5/><W107/><G96/><T46/><D46/><U61/><E61/><V90/><F90/><W123/><G123/><T128/><D128/><U101/><E101/><V110/><F110/><W81/><REACH who="3" step="1"/><G88/><REACH who="3" ten="248,301,252,189" step="2"/><T60/><D60/><U64/><E64/><AGARI ba="0,1" hai="14,19,21,28,31,48,53,59,63,64,71" m="50794" machi="64" ten="30,1000,0" yaku="20,1" doraHai="91" who="2" fromWho="1" sc="248,0,301,-10,252,20,189,0" /><INIT seed="4,0,0,1,3,19" ten="248,291,272,189" oya="0" hai0="8,119,14,124,49,58,10,98,86,17,94,84,69" hai1="44,117,35,125,73,77,2,0,59,114,81,24,41" hai2="110,25,48,78,42,122,75,7,106,123,102,4,5" hai3="100,43,109,61,120,83,118,62,71,51,103,116,132"/><T85/><D69/><U87/><E117/><V70/><F110/><W107/><G109/><T13/><D124/><U134/><E125/><V72/><F70/><W15/><G51/><T11/><D119/><U67/><E134/><V6/><F78/><W104/><G15/><T129/><D129/><U39/><E87/><V30/><N who="2" m="1024" /><DORA hai="63" /><V127/><F127/><W93/><G83/><T92/><D14/><U66/><E114/><V12/><F12/><W95/><G43/><T33/><D33/><U96/><E96/><V52/><F42/><W26/><G71/><T112/><D112/><U64/><REACH who="1" step="1"/><E59/><REACH who="1" ten="248,281,272,189" step="2"/><V56/><F72/><W29/><G132/><T89/><D94/><U76/><E76/><V20/><REACH who="2" step="1"/><F75/><REACH who="2" ten="248,281,262,189" step="2"/><W9/><G120/><T32/><D8/><U3/><E3/><V111/><F111/><W108/><G108/><T1/><D10/><U65/><N who="1" m="16384" /><DORA hai="97" /><U130/><E130/><V46/><F46/><W135/><G9/><T91/><D1/><U101/><E101/><V40/><F40/><W34/><G135/><T88/><D91/><U50/><E50/><V21/><F21/><W23/><G23/><T45/><D58/><U82/><E82/><V79/><F79/><W60/><G116/><T22/><D11/><U105/><E105/><V74/><F74/><W133/><G118/><T68/><D68/><U47/><E47/><V54/><F54/><W99/><G133/><T55/><D32/><U57/><E57/><V90/><F90/><W115/><G115/><T128/><D128/><U28/><AGARI ba="0,2" hai="0,2,24,28,35,39,41,44,73,77,81" m="16384" machi="28" ten="40,12000,2" yaku="1,1,0,1,52,4,53,1" doraHai="19,63,97" doraHaiUra="131,126,38" who="1" fromWho="1" sc="248,-60,281,140,262,-30,189,-30" owari="188,-21.2,421,52.1,232,3.2,159,-34.1" /></mjloggm>