<mjloggm ver="2.3"><GO type="225" lobby="0"/><UN n0="%E6%A1%9C%E8%8A%B1%E9%96%83%E3%80%85" n1="%6D%75%75%6D%75%72%61" n2="%E5%B8%86%E7%AB%8B%E5%A4%8F%E8%A1%A3" n3="%E5%AE%AE%E4%BF%9D%E9%B6%8F%E8%82%89" dan="17,17,16,16" rate="2216.17,2205.95,2112.74,2092.02" sx="M,F,M,M"/><TAIKYOKU oya="0"/><INIT seed="0,0,0,1,0,4" ten="250,250,250,250" oya="0" hai0="67,8,123,109,48,82,31,3,13,55,10,101,7" hai1="125,103,70,45,64,21,9,129,115,39,99,6,79" hai2="19,16,44,72,18,32,107,81,127,23,87,126,69" hai3="59,62,36,111,95,121,24,66,92,128,75,53,61"/><T112/><D112/><U80/><E115/><V76/><F69/><W37/><G75/><T46/><D123/><U5/><E125/><N who="2" m="47627" /><F107/><W134/><G121/><T35/><D109/><U73/><E129/><V25/><F44/><W83/><G128/><T108/><D108/><U28/><E5/><V52/><F52/><W135/><G83/><T22/><D35/><U2/><E70/><V60/><F60/><W33/><G111/><T43/><D67/><U96/><E64/><V40/><F40/><W68/><G24/><T49/><D101/><U130/><E130/><V30/><F72/><W116/><G33/><AGARI ba="0,0" hai="16,18,19,23,25,30,32,33,76,81,87" m="47627" machi="33" ten="30,2000,0" yaku="18,1,54,1" doraHai="4" who="2" fromWho="3" sc="250,0,250,0,250,20,250,-20" /><INIT seed="1,0,0,4,2,96" ten="250,250,270,230" oya="1" hai0="34,16,53,88,51,114,45,98,82,126,116,25,15" hai1="37,131,9,102,62,118,69,13,112,77,33,129,43" hai2="3,52,49,36,75,78,23,119,128,101,70,63,73" hai3="55,66,56,93,0,121,19,21,109,124,92,59,113"/><U54/><E112/><V29/><F119/><W39/><G113/><T31/><D114/><U97/><E118/><V6/><F128/><W91/><G39/><T123/><D126/><U134/><E33/><V107/><F36/><W38/><G0/><T133/><D133/><U81/><E134/><V111/><F111/><W85/><G38/><T47/><D116/><U79/><E37/><V14/><F70/><W2/><G2/><T84/><D123/><U80/><E43/><V95/><F63/><N who="3" m="38247" /><G109/><T86/><D98/><U12/><E54/><V10/><F107/><W35/><G35/><T27/><D27/><U24/><E24/><V125/><F125/><W1/><G1/><T120/><D120/><U100/><E62/><V99/><F78/><W61/><G124/><T110/><D110/><U94/><E69/><V41/><F41/><W50/><G121/><T89/><D45/><U83/><E102/><V7/><F29/><W104/><G104/><T103/><D103/><U18/><REACH who="1" step="1"/><E12/><REACH who="1" ten="250,240,270,230" step="2"/><V76/><F14/><N who="3" m="9463" /><G61/><T11/><REACH who="0" step="1"/><D86/><REACH who="0" ten="240,240,270,230" step="2"/><U5/><E5/><V74/><F7/><W117/><G117/><T65/><D65/><U106/><E106/><V26/><F74/><W108/><G108/><T57/><D57/><U60/><E60/><V115/><F115/><W8/><G85/><T44/><D44/><U17/><E17/><N who="2" m="12655" /><F75/><W42/><G59/><T58/><D58/><U4/><E4/><V72/><F72/><W28/><G28/><T90/><AGARI ba="0,2" hai="11,15,16,25,31,34,47,51,53,82,84,88,89,90" machi="90" ten="20,12000,2" yaku="1,1,0,1,7,1,25,2,54,2,53,0" doraHai="96" doraHaiUra="132" who="0" fromWho="0" sc="240,140,240,-60,270,-30,230,-30" /><INIT seed="2,0,0,4,2,86" ten="380,180,240,200" oya="2" hai0="55,74,36,84,98,7,45,22,30,91,75,44,50" hai1="125,33,57,53,95,42,88,101,81,61,48,11,56" hai2="79,113,9,134,20,110,90,77,133,29,32,64,130" hai3="116,66,58,0,115,23,135,124,54,94,37,6,28"/><V119/><F113/><W5/><G116/><T131/><D7/><N who="3" m="2569" /><G37/><T118/><D118/><U87/><E33/><V52/><F119/><W59/><G0/><T34/><D34/><U121/><E125/><V60/><F32/><W97/><G124/><T78/><D78/><U41/><E121/><V122/><F122/><W21/><G135/><N who="2" m="51721" /><F9/><W24/><G115/><T108/><D98/><N who="1" m="59615" /><E11/><V51/><F110/><W12/><G66/><AGARI ba="0,0" hai="41,42,48,53,56,57,61,66,81,87,88" m="59615" machi="66" ten="30,3900,0" yaku="8,1,52,1,54,1" doraHai="86" who="1" fromWho="3" sc="380,0,180,39,240,0,200,-39" /><INIT seed="3,0,0,4,5,99" ten="380,219,240,161" oya="3" hai0="73,16,131,37,98,127,8,130,104,56,113,44,74" hai1="47,90,61,2,71,66,23,118,45,65,75,55,111" hai2="125,72,93,86,21,18,105,15,28,95,79,43,84" hai3="107,114,110,0,109,35,51,92,3,101,68,106,96"/><W48/><G114/><T39/><D113/><U58/><E111/><N who="3" m="42506" /><G68/><T11/><D127/><U53/><E2/><N who="3" m="554" /><G35/><T14/><D56/><N who="1" m="34959" /><E90/><V24/><F125/><W62/><G62/><T81/><D8/><U88/><E23/><V13/><F105/><AGARI ba="0,0" hai="48,51,92,96,101,105,106,107" m="554,42506" machi="105" ten="40,7700,0" yaku="14,1,10,1,52,1" doraHai="99" who="3" fromWho="2" sc="380,0,219,0,240,-77,161,77" /><INIT seed="3,1,0,2,4,34" ten="380,219,163,238" oya="3" hai0="109,64,52,92,131,36,33,54,13,2,18,44,78" hai1="28,115,127,56,41,38,91,102,85,71,62,22,19" hai2="60,48,3,132,46,79,116,40,81,99,77,30,39" hai3="66,15,67,100,27,55,42,53,121,9,1,112,59"/><W6/><G112/><T118/><D2/><U65/><E115/><V21/><F132/><W117/><G117/><T72/><D33/><U83/><E127/><V98/><F116/><W4/><G121/><T49/><D118/><U37/><E28/><V135/><F135/><W17/><G42/><T76/><D109/><U47/><E102/><V87/><F39/><W20/><G100/><T14/><D131/><U70/><E37/><V90/><F3/><W88/><G4/><T26/><D64/><N who="3" m="24617" /><G1/><T61/><D72/><U126/><E126/><V129/><F129/><W82/><G59/><N who="0" m="35047" /><D36/><U94/><E94/><V125/><F60/><W96/><G82/><T24/><D92/><AGARI ba="1,0" hai="6,9,15,17,20,27,53,55,88,92,96" m="24617" machi="92" ten="30,2900,0" yaku="8,1,54,1" doraHai="34" who="3" fromWho="0" sc="380,-32,219,0,163,0,238,32" /><INIT seed="3,2,0,3,5,86" ten="348,219,163,270" oya="3" hai0="115,18,84,83,106,24,33,41,65,85,22,47,107" hai1="38,0,43,78,36,125,109,70,98,51,21,114,64" hai2="28,122,26,123,81,29,11,53,135,49,132,130,99" hai3="88,60,58,61,126,10,12,42,8,32,128,19,40"/><W127/><G128/><T91/><D115/><U31/><E114/><V39/><F39/><W105/><G105/><T92/><D33/><U76/><E0/><V93/><F81/><W57/><G32/><T63/><D85/><U37/><E109/><V94/><F94/><W20/><G20/><T56/><D92/><U97/><E125/><V79/><F79/><W124/><G88/><T62/><D62/><N who="3" m="24169" /><G19/><T68/><D68/><U87/><E64/><V6/><F130/><W4/><G12/><T82/><D82/><U15/><E70/><V52/><F11/><N who="3" m="4139" /><G4/><T25/><D25/><U46/><E87/><V9/><F9/><W69/><G69/><T103/><D103/><U1/><E1/><V3/><F3/><W80/><G80/><T59/><D59/><AGARI ba="2,0" hai="40,42,57,58,59,124,126,127" m="4139,24169" machi="59" ten="40,7700,0" yaku="28,2,18,1" doraHai="86" who="3" fromWho="0" sc="348,-83,219,0,163,0,270,83" owari="265,6.5,219,-18.1,163,-33.7,353,45.3" /></mjloggm>