<mjloggm ver="2.3"><GO type="225" lobby="0"/><UN n0="%E5%AD%90%E4%BE%9B%E4%BC%9A%E5%93%A1" n1="%E6%9D%B1%E9%A2%A8%E3%81%AE%E3%81%8D%E3%82%83%E3%81%B7%E3%81%95%E3%82%93" n2="%E3%81%BF%E3%81%BF%E3%81%9A" n3="%73%73%6B%5F%66%72%65%65" dan="17,17,18,16" rate="2107.07,2175.86,2270.97,2196.73" sx="M,M,M,M"/><TAIKYOKU oya="0"/><INIT seed="0,0,0,1,3,19" ten="250,250,250,250" oya="0" hai0="107,97,24,6,40,103,75,93,43,112,7,80,96" hai1="22,122,34,84,95,59,130,21,125,18,14,99,78" hai2="72,61,27,109,8,110,131,115,123,29,30,79,104" hai3="53,66,70,128,55,58,50,94,38,63,74,41,129"/><T134/><D112/><U88/><E34/><V77/><F115/><W47/><G94/><T108/><D134/><U100/><E122/><V60/><F123/><W113/><G74/><T120/><D120/><U3/><E3/><V111/><F131/><W35/><G35/><T98/><D108/><U11/><E130/><N who="3" m="50282" /><G55/><T114/><D114/><AGARI ba="0,0" hai="38,41,47,50,53,58,63,66,70,113,114" m="50282" machi="114" ten="30,7700,0" yaku="24,1,19,1,34,2" doraHai="19" who="3" fromWho="0" sc="250,-77,250,0,250,0,250,77" /><INIT seed="1,0,0,5,3,60" ten="173,250,250,327" oya="1" hai0="98,5,67,118,30,6,39,26,12,18,2,38,85" hai1="61,128,24,31,52,107,21,29,126,74,105,103,66" hai2="42,15,50,34,82,109,72,19,101,129,54,134,58" hai3="75,49,32,3,115,25,91,45,111,37,51,121,7"/><U13/><E128/><V22/><F129/><W28/><G115/><T23/><D118/><U94/><E74/><V57/><F109/><W65/><G111/><T106/><D85/><U10/><E126/><V95/><F134/><W20/><G65/><T76/><D76/><U96/><E31/><V114/><F114/><W14/><G91/><T110/><D110/><U56/><REACH who="1" step="1"/><E52/><REACH who="1" ten="173,240,250,327" step="2"/><N who="2" m="31895" /><F34/><W133/><G75/><T102/><D67/><U135/><E135/><V17/><F72/><W127/><G28/><T0/><D0/><U69/><E69/><V86/><F42/><W64/><G64/><T123/><D123/><U108/><E108/><V88/><F19/><AGARI ba="0,1" hai="10,13,19,21,24,29,56,61,66,94,96,103,105,107" machi="19" ten="30,18000,2" yaku="1,1,7,1,25,2,52,1,53,1" doraHai="60" doraHaiUra="63" who="1" fromWho="2" sc="173,0,240,190,250,-180,327,0" /><INIT seed="1,1,0,4,2,6" ten="173,430,70,327" oya="1" hai0="119,51,1,12,109,13,117,98,111,25,26,0,86" hai1="46,9,52,60,7,36,135,100,129,110,72,82,104" hai2="108,92,21,33,68,97,43,66,90,103,47,88,67" hai3="91,53,99,133,4,65,57,77,116,11,38,50,115"/><U122/><E122/><V125/><F33/><W23/><G115/><T15/><D86/><U93/><E135/><V85/><F108/><N who="0" m="41546" /><D51/><N who="1" m="28791" /><E129/><V39/><F125/><W41/><G116/><N who="0" m="44619" /><D98/><N who="1" m="59471" /><E110/><V34/><F34/><W54/><G133/><T8/><D8/><U105/><E36/><V75/><F68/><W113/><G77/><T78/><D78/><U22/><E72/><V29/><F75/><W118/><G118/><T89/><D89/><U58/><E104/><V62/><F90/><W101/><G38/><T130/><D130/><U18/><E105/><V37/><F39/><W95/><G101/><T96/><D96/><U55/><E82/><V71/><F67/><W128/><G128/><T48/><D48/><U14/><E22/><V102/><REACH who="2" step="1"/><F85/><REACH who="2" ten="173,430,60,327" step="2"/><W87/><G65/><T61/><D61/><U132/><E132/><V69/><F69/><W84/><G87/><T74/><D74/><U123/><E123/><V70/><F70/><W30/><G84/><T127/><D127/><U131/><E131/><V106/><F106/><W73/><G73/><T112/><D112/><U64/><E64/><V42/><F42/><W134/><G113/><T81/><D81/><U126/><E126/><V59/><F59/><W32/><G57/><T27/><AGARI ba="1,1" hai="0,1,12,13,15,25,26,27" m="44619,41546" machi="27" ten="40,8000,1" yaku="28,2,14,1,34,2" doraHai="6" who="0" fromWho="0" sc="173,93,430,-41,60,-21,327,-21" /><INIT seed="2,0,0,1,4,41" ten="266,389,39,306" oya="2" hai0="15,116,29,62,120,18,83,3,101,94,106,88,126" hai1="69,95,86,118,22,113,37,63,32,99,125,89,71" hai2="79,135,59,65,80,105,51,92,12,47,16,115,2" hai3="78,23,72,10,96,38,109,104,107,75,34,9,112"/><V7/><F115/><W52/><G109/><T70/><D120/><U103/><E37/><V33/><F105/><W21/><G34/><T90/><D116/><U49/><E32/><V91/><F135/><W57/><G38/><T14/><D126/><U108/><E125/><V130/><F33/><W64/><G64/><T45/><D3/><U39/><E39/><V58/><F130/><W35/><G35/><T131/><D131/><U111/><E118/><V27/><F2/><W46/><G96/><N who="0" m="59543" /><D70/><U13/><E49/><V123/><F7/><W73/><G78/><T93/><D106/><U44/><E44/><V66/><F27/><W128/><G128/><T82/><D29/><U77/><E77/><V114/><F123/><W56/><G75/><T53/><D90/><U19/><E113/><V74/><F114/><W25/><G25/><T124/><D124/><U50/><E50/><V42/><F66/><W1/><G1/><T119/><D119/><U30/><E30/><V6/><F65/><W84/><G112/><T121/><D121/><U4/><E4/><V98/><REACH who="2" step="1"/><F6/><REACH who="2" ten="266,389,29,306" step="2"/><W122/><G104/><T81/><D18/><U61/><E111/><V134/><F134/><W8/><G107/><T20/><D15/><U97/><E108/><V5/><F5/><W85/><G122/><T127/><D14/><U129/><E129/><V132/><F132/><W28/><G28/><T100/><D127/><U26/><E13/><V48/><F48/><W43/><G73/><T87/><D20/><AGARI ba="0,1" hai="12,16,20,42,47,51,58,59,74,79,80,91,92,98" machi="20" ten="30,11600,0" yaku="1,1,7,1,52,1,54,1,53,0" doraHai="41" doraHaiUra="68" who="2" fromWho="0" sc="266,-116,389,0,29,126,306,0" /><INIT seed="2,1,0,0,0,7" ten="150,389,155,306" oya="2" hai0="114,20,85,98,79,55,5,49,67,70,2,56,121" hai1="26,104,110,78,17,8,48,108,6,97,132,94,129" hai2="50,41,124,102,19,37,58,95,62,119,29,24,51" hai3="122,99,36,44,133,4,105,11,32,22,74,92,33"/><V123/><F119/><W135/><G122/><T10/><D121/><U90/><E132/><N who="3" m="50762" /><G105/><T27/><D114/><U64/><E129/><V82/><F123/><W116/><G116/><T93/><D70/><U15/><E104/><V31/><F124/><W84/><G84/><T112/><D112/><U101/><E78/><V12/><F37/><W52/><G74/><T80/><D67/><U59/><E90/><V61/><F82/><W60/><G22/><T88/><D20/><U63/><E48/><N who="2" m="18475" /><F24/><W126/><G44/><T120/><D120/><U127/><E127/><V107/><F41/><W18/><G18/><T96/><D27/><U0/><REACH who="1" step="1"/><E26/><REACH who="1" ten="150,379,155,306" step="2"/><V16/><F107/><W72/><G126/><T131/><D131/><U47/><E47/><V53/><F62/><W89/><G36/><T86/><AGARI ba="1,1" hai="2,5,10,49,55,56,79,80,85,86,88,93,96,98" machi="86" ten="20,5200,0" yaku="0,1,7,1,52,1,54,1" doraHai="7" who="0" fromWho="0" sc="150,65,379,-14,155,-27,306,-14" /><INIT seed="3,0,0,0,4,20" ten="215,365,128,292" oya="3" hai0="48,130,18,39,127,10,41,90,126,76,96,36,11" hai1="134,124,120,74,8,129,108,47,44,59,119,56,105" hai2="26,101,121,123,79,4,85,21,34,6,28,24,57" hai3="100,110,75,107,45,128,106,86,0,64,2,91,80"/><W49/><G128/><T37/><D130/><U3/><RYUUKYOKU type="yao9" ba="0,0" sc="215,0,365,0,128,0,292,0" hai1="3,8,44,47,56,59,74,105,108,119,120,124,129,134" /><INIT seed="3,1,0,0,4,4" ten="215,365,128,292" oya="3" hai0="51,105,99,12,47,125,87,9,126,26,98,64,31" hai1="63,83,18,27,37,70,122,22,135,56,106,43,131" hai2="107,29,73,124,117,78,2,94,74,53,116,110,76" hai3="41,111,119,85,120,20,118,102,67,62,129,8,28"/><W134/><G120/><T101/><D64/><U3/><E135/><V57/><F29/><W44/><G129/><T45/><D87/><U114/><E114/><V25/><F25/><W15/><G134/><T68/><D68/><U38/><E106/><V42/><F2/><W1/><G1/><T58/><D58/><U61/><E122/><V55/><F57/><W5/><G111/><T96/><D9/><U0/><E131/><V77/><F107/><W112/><G112/><T79/><D12/><U69/><E83/><V100/><F42/><W49/><G102/><T88/><D79/><U89/><E89/><V81/><F110/><W75/><G75/><T97/><D88/><U108/><E108/><V93/><F124/><N who="0" m="47722" /><D51/><U115/><E115/><V17/><F77/><W84/><G84/><T30/><D30/><U10/><E63/><V95/><F94/><W109/><G109/><T11/><D11/><U128/><E10/><V82/><REACH who="2" step="1"/><F100/><REACH who="2" ten="215,365,118,292" step="2"/><W80/><G28/><T103/><D101/><U33/><E0/><V35/><F35/><AGARI ba="1,1" hai="26,31,35,45,47,96,97,98,99,103,105" m="47722" machi="35" ten="30,1000,0" yaku="18,1" doraHai="4" who="0" fromWho="2" sc="215,23,365,0,118,-13,292,0" owari="238,-16.2,365,46.5,105,-39.5,292,9.2" /></mjloggm>