<mjloggm ver="2.3"><GO type="225" lobby="0"/><UN n0="%E3%83%97%E3%83%AC%E3%83%B4%E3%82%A1%E3%83%86%E3%82%A3" n1="%E5%B5%90%E9%9B%B2%E3%81%AE%E3%82%AB%E3%83%A9%E3%82%B9" n2="%E3%83%A9%E3%83%BC%E3%83%A1%E3%83%B3%E4%BA%94%E9%83%8E" n3="%E3%81%8B%E3%82%8F%E3%81%A1%E3%82%83%E3%82%93%35%38" dan="16,16,16,16" rate="2091.94,2071.44,2065.14,2175.38" sx="F,F,M,M"/><TAIKYOKU oya="0"/><INIT seed="0,0,0,1,2,100" ten="250,250,250,250" oya="0" hai0="67,92,31,52,90,71,129,15,118,112,105,50,27" hai1="60,135,8,120,95,109,39,108,10,53,127,128,23" hai2="21,3,85,42,97,104,46,62,32,33,101,78,26" hai3="115,123,88,20,58,106,99,43,37,69,134,86,16"/><T111/><D112/><U107/><E120/><V80/><F3/><W11/><G69/><T68/><D118/><U17/><E127/><V45/><F62/><W130/><G115/><T49/><D129/><U56/><E128/><V22/><F22/><W5/><G130/><T125/><D125/><U34/><E34/><V96/><F96/><W6/><G123/><T29/><D111/><N who="1" m="42571" /><E39/><V7/><F7/><W89/><G134/><T57/><D105/><U64/><E135/><V81/><F81/><W93/><G37/><T73/><D73/><U124/><E124/><V61/><F61/><W35/><G35/><T40/><D67/><U63/><E95/><V14/><F14/><N who="3" m="7263" /><G106/><T74/><D74/><U54/><E107/><V51/><REACH who="2" step="1"/><F46/><REACH who="2" ten="250,250,240,250" step="2"/><W9/><G9/><N who="1" m="3690" /><E60/><V119/><F119/><W25/><G58/><T72/><D15/><AGARI ba="0,1" hai="15,17,23,53,54,56,63,64" m="3690,42571" machi="15" ten="30,1000,0" yaku="14,1" doraHai="100" who="1" fromWho="0" sc="250,-10,250,20,240,0,250,0" /><INIT seed="1,0,0,4,0,125" ten="240,270,240,250" oya="1" hai0="74,98,28,115,66,36,109,93,23,67,14,118,29" hai1="127,101,6,31,25,1,44,88,106,96,80,76,87" hai2="26,119,3,48,13,120,61,111,39,129,90,7,4" hai3="110,135,132,72,117,102,70,107,60,133,124,86,40"/><U52/><E127/><V32/><F119/><W42/><G124/><T121/><D118/><U24/><E1/><V33/><F39/><W50/><G117/><T126/><D115/><U83/><E6/><V84/><F120/><W5/><G72/><T123/><D126/><U45/><E25/><V114/><F3/><W59/><G5/><T113/><D113/><U17/><E17/><V69/><F114/><W85/><G70/><T79/><D36/><U89/><E52/><V77/><F77/><W37/><G37/><T55/><D74/><U63/><E63/><V112/><F112/><W100/><G110/><T9/><D79/><U41/><E83/><V15/><F111/><W65/><G50/><T108/><D109/><U51/><REACH who="1" step="1"/><E44/><REACH who="1" ten="240,260,240,250" step="2"/><V8/><F26/><W19/><G19/><N who="0" m="8655" /><D108/><U11/><E11/><V103/><F61/><W0/><G0/><T38/><D121/><U20/><AGARI ba="0,1" hai="20,24,31,41,45,51,76,80,87,88,89,96,101,106" machi="20" ten="20,7800,0" yaku="1,1,0,1,7,1,54,1,53,0" doraHai="125" doraHaiUra="10" who="1" fromWho="1" sc="240,-26,260,88,240,-26,250,-26" /><INIT seed="1,1,0,1,1,135" ten="214,348,214,224" oya="1" hai0="15,7,91,55,118,67,6,85,133,98,86,21,62" hai1="120,38,36,56,61,106,63,65,115,105,16,111,124" hai2="104,2,78,0,10,53,39,45,30,75,60,92,9" hai3="34,18,33,1,46,29,82,129,88,130,35,54,112"/><U126/><E115/><V109/><F104/><W8/><G112/><T52/><D133/><U81/><E120/><V76/><F109/><W103/><G103/><T37/><D37/><U43/><E111/><V68/><F30/><W79/><G29/><T59/><D118/><U26/><E81/><V40/><F0/><W32/><G88/><T117/><D117/><U84/><E84/><V25/><F25/><W113/><G113/><T95/><D85/><U19/><E43/><V114/><F114/><W134/><G134/><T44/><D98/><U64/><E56/><V17/><F2/><W132/><G132/><T3/><D3/><U123/><E123/><V100/><F17/><W131/><G34/><T73/><D73/><U31/><E31/><V107/><F107/><W47/><G54/><N who="0" m="20523" /><D44/><U74/><REACH who="1" step="1"/><E26/><REACH who="1" ten="214,338,214,224" step="2"/><V108/><F108/><W58/><G58/><T4/><D21/><U93/><E93/><V50/><F92/><W94/><G94/><T96/><D96/><U99/><E99/><V41/><F41/><W13/><REACH who="3" step="1"/><G1/><REACH who="3" ten="214,338,214,214" step="2"/><T49/><D15/><U89/><E89/><V90/><F90/><W87/><AGARI ba="1,2" hai="8,13,18,32,33,35,46,47,79,82,87,129,130,131" machi="87" ten="40,8000,1" yaku="1,1,2,1,0,1,19,1,53,0" doraHai="135" doraHaiUra="119" who="3" fromWho="3" sc="214,-21,338,-41,214,-21,214,103" /><INIT seed="2,0,0,2,5,122" ten="193,297,193,317" oya="2" hai0="127,58,83,121,108,119,34,75,102,89,12,63,39" hai1="1,135,23,64,18,98,8,71,113,93,46,15,3" hai2="55,20,67,61,59,69,35,77,57,53,41,47,105" hai3="14,43,80,110,28,85,115,51,13,118,62,88,29"/><V72/><F35/><W11/><G118/><T6/><D121/><U111/><E113/><V103/><F105/><W96/><G110/><T33/><D119/><U4/><E111/><V24/><F103/><W19/><G115/><T32/><D39/><U10/><E135/><V90/><F90/><W40/><G62/><T74/><D108/><U68/><E64/><V86/><F72/><W2/><G2/><T99/><D127/><U95/><E95/><V65/><F86/><W126/><G126/><T30/><D30/><N who="3" m="11881" /><G96/><T94/><D6/><U132/><E132/><V81/><F81/><W79/><G79/><T26/><D26/><U27/><E46/><V48/><F77/><W66/><G66/><T128/><D12/><U70/><REACH who="1" step="1"/><E8/><REACH who="1" ten="193,287,193,317" step="2"/><V112/><F112/><W133/><G133/><T17/><D128/><U52/><E52/><V104/><F67/><W49/><G43/><T116/><D116/><U87/><E87/><V131/><F131/><W9/><G40/><T54/><D75/><U97/><E97/><V84/><F84/><W125/><G125/><T16/><D74/><U37/><E37/><N who="2" m="21935" /><F104/><W91/><G91/><AGARI ba="0,1" hai="1,3,4,10,15,18,23,27,68,70,71,91,93,98" machi="91" ten="40,1300,0" yaku="1,1,53,0" doraHai="122" doraHaiUra="101" who="1" fromWho="3" sc="193,0,287,23,193,0,317,-13" /><INIT seed="3,0,0,5,3,43" ten="193,310,193,304" oya="3" hai0="15,3,105,94,92,31,51,58,68,6,93,134,128" hai1="56,61,18,86,19,103,28,71,81,59,97,84,8" hai2="38,89,2,5,21,120,113,100,17,47,60,0,118" hai3="114,24,29,72,77,46,50,133,62,42,69,54,49"/><W39/><G114/><T85/><D68/><U82/><E71/><V73/><F113/><W23/><G133/><T65/><D134/><U131/><E131/><V122/><F118/><W102/><G102/><T45/><D105/><U40/><E40/><N who="2" m="22935" /><F73/><W83/><REACH who="3" step="1"/><G54/><REACH who="3" ten="193,310,193,294" step="2"/><N who="0" m="30063" /><D128/><U110/><E103/><V67/><F100/><W87/><G87/><T130/><D130/><U20/><E84/><V36/><F36/><W135/><G135/><T22/><D85/><U30/><E86/><V125/><F89/><W126/><G126/><T107/><D107/><U7/><E82/><V55/><F125/><W10/><G10/><N who="0" m="4567" /><D3/><U109/><E81/><V96/><F55/><W16/><G16/><T119/><D119/><U117/><E18/><V41/><F5/><W124/><G124/><T106/><D106/><U53/><E7/><V111/><F41/><W95/><G95/><T35/><D35/><U74/><E19/><V101/><F111/><W25/><G25/><N who="0" m="16823" /><D94/><U27/><E27/><N who="2" m="14767" /><F101/><W37/><G37/><T121/><D121/><N who="2" m="46698" /><F96/><W63/><G63/><AGARI ba="0,1" hai="58,63,65,92,93" m="16823,4567,30063" machi="63" ten="30,2000,0" yaku="8,1,52,1" doraHai="43" who="0" fromWho="3" sc="193,30,310,0,193,0,294,-20" owari="223,-17.7,310,41.0,193,-30.7,274,7.4" /></mjloggm>