<mjloggm ver="2.3"><GO type="225" lobby="0"/><UN n0="%6C%61%6D%62" n1="%E7%AB%8B%E7%9B%B4%E5%A5%BD%E6%A3%92%40%E5%BF%98" n2="%E3%80%90%E3%83%88%E3%83%AA%E3%83%A5%E3%83%95%E3%80%91" n3="%E5%B8%86%E7%AB%8B%E5%A4%8F%E8%A1%A3" dan="16,17,16,17" rate="2213.03,2114.38,2102.00,2174.10" sx="M,M,M,M"/><TAIKYOKU oya="0"/><INIT seed="0,0,0,4,3,5" ten="250,250,250,250" oya="0" hai0="89,117,91,128,31,43,86,93,30,41,95,40,50" hai1="17,112,92,71,109,20,120,24,6,32,27,22,81" hai2="11,79,1,108,135,96,125,62,36,19,29,134,60" hai3="45,121,97,110,75,94,58,4,49,9,34,37,104"/><T3/><D117/><U99/><E71/><V18/><F36/><W65/><G110/><T130/><D3/><U78/><E120/><V111/><F79/><W87/><G75/><T122/><D122/><U67/><E67/><V115/><F115/><W133/><G34/><T116/><D116/><U21/><E109/><N who="2" m="42059" /><F96/><W51/><G133/><N who="2" m="50697" /><F29/><W105/><G121/><T28/><REACH who="0" step="1"/><D50/><REACH who="0" ten="240,250,250,250" step="2"/><U16/><E112/><V103/><F125/><W13/><G51/><T56/><D56/><U132/><E132/><V12/><F1/><W114/><G114/><T82/><D82/><U63/><E81/><V61/><F103/><W85/><G37/><T53/><D53/><U123/><E123/><V131/><F131/><W70/><G58/><T23/><D23/><U7/><E22/><V8/><F12/><W100/><G70/><T44/><D44/><U113/><E113/><V76/><F76/><W42/><REACH who="3" step="1"/><G65/><REACH who="3" ten="240,250,250,240" step="2"/><T90/><D90/><N who="1" m="55703" /><E32/><V26/><F26/><W129/><G129/><T2/><D2/><U66/><E78/><V33/><F33/><W64/><G64/><T84/><AGARI ba="0,2" hai="28,30,31,40,41,43,84,86,89,91,93,95,128,130" machi="84" ten="40,12000,1" yaku="1,1,0,1,9,1,53,2" doraHai="5" doraHaiUra="83" who="0" fromWho="0" sc="240,140,250,-40,250,-40,240,-40" /><INIT seed="0,1,0,2,0,97" ten="380,210,210,200" oya="0" hai0="24,70,53,98,118,119,8,18,63,122,101,19,115" hai1="78,43,49,61,65,95,87,66,74,0,50,26,109" hai2="100,17,128,57,16,22,36,85,67,108,89,105,60" hai3="45,58,123,83,20,64,127,102,10,35,21,111,135"/><T81/><D115/><U59/><E0/><V125/><F108/><W88/><G111/><T56/><D122/><U116/><E74/><V126/><F36/><W11/><G35/><T113/><D113/><U82/><E116/><V120/><F120/><W55/><G127/><N who="2" m="48649" /><F128/><W99/><G135/><T110/><D110/><U41/><E109/><V69/><F69/><W52/><G123/><T44/><D70/><U48/><E66/><V94/><F22/><N who="3" m="8811" /><G64/><T47/><D81/><U103/><E26/><V79/><F79/><W37/><G37/><T29/><D118/><U76/><E76/><V30/><F30/><W14/><G45/><T62/><D62/><U54/><E65/><V72/><F72/><W73/><G73/><T68/><D68/><U134/><E134/><V124/><N who="2" m="48657" /><V106/><DORA hai="131" /><F106/><W93/><G14/><T13/><D18/><N who="2" m="7274" /><F105/><W2/><G2/><T46/><D119/><U12/><REACH who="1" step="1"/><E12/><REACH who="1" ten="380,200,210,200" step="2"/><V31/><F31/><W96/><G11/><T51/><D29/><U90/><E90/><V86/><F86/><N who="3" m="50271" /><G10/><T84/><D24/><U107/><E107/><V6/><F6/><W5/><G5/><T7/><D7/><U33/><E33/><V39/><F85/><W25/><G25/><T1/><D84/><U34/><E34/><V40/><F89/><W27/><G27/><T132/><D132/><U32/><E32/><V133/><F133/><W9/><G9/><T75/><D75/><U80/><E80/><V28/><F28/><W121/><G121/><T129/><D1/><U104/><E104/><V15/><F15/><W42/><G93/><RYUUKYOKU ba="1,1" sc="380,-10,200,30,210,-10,200,-10" hai1="41,43,48,49,50,54,59,61,78,82,87,95,103" /><INIT seed="1,2,1,1,3,130" ten="370,230,200,190" oya="1" hai0="86,98,133,96,129,127,102,58,87,110,52,26,4" hai1="51,36,25,73,120,115,106,105,85,61,119,111,41" hai2="37,84,55,39,17,118,121,99,46,30,60,131,10" hai3="16,1,91,8,69,22,64,104,108,132,97,89,81"/><U94/><E115/><V57/><F131/><W54/><G108/><T66/><D129/><U0/><E119/><V95/><F118/><W67/><G69/><T31/><D110/><U65/><E120/><V48/><F30/><W7/><G132/><T71/><D127/><U82/><E51/><V92/><F121/><W135/><G135/><T2/><D71/><N who="1" m="42415" /><E94/><V109/><F109/><W21/><G21/><T134/><D66/><U72/><E85/><V29/><F29/><W75/><G54/><T78/><D2/><U68/><E111/><V93/><F84/><W128/><G128/><T80/><D4/><U45/><E68/><V53/><REACH who="2" step="1"/><F99/><REACH who="2" ten="370,230,190,190" step="2"/><W19/><G97/><T49/><D86/><U20/><E73/><V76/><F76/><W34/><G75/><T116/><D98/><U24/><E72/><V44/><F44/><W9/><G34/><T113/><D116/><U90/><E45/><V83/><F83/><W125/><G81/><T42/><D113/><U6/><E82/><V77/><F77/><W40/><G125/><T14/><D134/><U88/><E36/><V38/><F38/><W63/><G91/><T13/><D133/><U122/><E90/><V35/><F35/><W124/><G89/><T100/><D96/><U12/><E88/><V74/><F74/><W70/><G124/><T23/><D102/><U3/><E122/><V27/><F27/><W117/><G117/><T114/><D100/><U56/><E25/><V28/><F28/><W18/><G70/><T33/><D33/><U107/><E24/><V62/><F62/><W47/><G63/><RYUUKYOKU ba="2,2" sc="370,-10,230,-10,190,30,190,-10" hai2="10,17,37,39,46,48,53,55,57,60,92,93,95" /><INIT seed="2,3,2,5,5,44" ten="360,220,220,180" oya="2" hai0="39,94,57,124,101,55,130,1,67,8,121,68,126" hai1="106,76,23,6,132,65,69,4,26,5,134,86,108" hai2="70,46,77,127,11,64,100,27,125,36,31,80,10" hai3="72,12,116,82,102,16,92,34,14,84,20,40,41"/><V73/><F100/><W131/><G34/><T32/><D121/><U113/><E113/><V109/><F109/><W133/><G131/><T48/><D39/><U58/><E69/><V18/><F18/><N who="3" m="10311" /><G72/><T128/><D32/><U3/><E106/><V66/><F36/><W90/><G133/><N who="1" m="51306" /><E108/><V9/><F46/><W30/><G30/><T96/><D68/><U62/><E86/><V56/><F70/><W25/><G25/><T63/><D8/><N who="1" m="2079" /><E76/><V89/><F89/><N who="3" m="51351" /><G102/><T87/><D1/><U53/><E65/><V50/><F66/><W42/><G116/><T38/><D87/><U81/><E81/><V24/><F64/><W115/><G115/><T103/><D38/><U21/><E21/><V104/><F104/><W85/><G42/><T29/><D128/><U95/><E95/><V107/><F107/><W78/><G78/><T83/><D83/><U74/><E74/><V17/><F31/><AGARI ba="3,2" hai="5,6,23,26,31,53,58,62" m="2079,51306" machi="31" ten="30,1000,0" yaku="20,1" doraHai="44" who="1" fromWho="2" sc="360,0,220,39,220,-19,180,0" /><INIT seed="3,0,0,4,4,27" ten="360,259,201,180" oya="3" hai0="83,74,75,52,51,122,89,128,62,102,0,82,2" hai1="135,10,3,91,17,81,70,114,107,20,36,93,111" hai2="97,66,42,55,90,88,67,41,30,57,124,100,95" hai3="21,26,15,38,37,40,8,106,78,85,23,121,84"/><W103/><G121/><T1/><D122/><U48/><E36/><V125/><F30/><W105/><G105/><T49/><D102/><U71/><E107/><V18/><F18/><W64/><G106/><T134/><D62/><U96/><E114/><V132/><F132/><W80/><G103/><T34/><D34/><U13/><E111/><V44/><F66/><W46/><G38/><T110/><D110/><U129/><E129/><V92/><F67/><W116/><G116/><T98/><D134/><U11/><E11/><V86/><F44/><W68/><G84/><T130/><D98/><U101/><E135/><V109/><F109/><W29/><G64/><T119/><D119/><U50/><E71/><V104/><F104/><W6/><REACH who="3" step="1"/><G68/><REACH who="3" ten="360,259,201,170" step="2"/><T58/><D130/><U16/><E70/><V25/><F100/><W73/><G73/><T76/><D128/><U126/><E126/><N who="2" m="48747" /><F25/><W113/><G113/><T79/><D89/><U127/><E127/><V77/><F77/><W99/><G99/><T112/><D112/><U65/><E65/><V35/><F35/><AGARI ba="0,1" hai="6,8,15,21,23,26,29,35,37,40,46,78,80,85" machi="35" ten="30,5800,0" yaku="1,1,7,1,52,1,53,0" doraHai="27" doraHaiUra="108" who="3" fromWho="2" sc="360,0,259,0,201,-58,170,68" /><INIT seed="3,1,0,5,2,1" ten="360,259,143,238" oya="3" hai0="8,54,108,84,12,65,130,66,115,3,49,20,85" hai1="51,32,81,70,73,105,59,41,50,113,33,23,133" hai2="129,93,127,18,67,76,57,69,7,21,10,16,87" hai3="99,53,25,79,123,36,26,19,44,71,27,48,74"/><W116/><G123/><T82/><D3/><U135/><E70/><V28/><F69/><W4/><G116/><T110/><D130/><U0/><E105/><V88/><F129/><W80/><G71/><T30/><D115/><U109/><E113/><V83/><F127/><W63/><G63/><T60/><D20/><U107/><E107/><V131/><F131/><W100/><G36/><T6/><D30/><U11/><E109/><N who="0" m="42089" /><D60/><U134/><E23/><V13/><F67/><N who="0" m="25610" /><D82/><U22/><E22/><V38/><F57/><AGARI ba="1,0" hai="6,8,12,49,54,57,84,85" m="25610,42089" machi="57" ten="30,2000,0" yaku="14,1,52,1" doraHai="1" who="0" fromWho="2" sc="360,23,259,0,143,-23,238,0" owari="383,48.3,259,5.9,120,-38.0,238,-16.2" /></mjloggm>