<mjloggm ver="2.3"><GO type="225" lobby="0"/><UN n0="%E6%BC%AB%E6%89%8D%E9%BA%BB%E5%B0%86%E5%91%86%E5%91%86" n1="%E3%81%B2%E3%81%AA%E3%81%AE%E3%82%8A%E3%81%8F" n2="%E3%81%A9%E3%82%8F%E3%82%93%E3%81%94" n3="%E5%B0%8F%E9%B3%A5%E9%81%8A%E7%B7%B4%E7%84%A1%32%31%E6%AD%B3" dan="16,17,16,16" rate="2057.54,2217.68,2139.47,2155.58" sx="F,M,M,F"/><TAIKYOKU oya="0"/><INIT seed="0,0,0,0,4,47" ten="250,250,250,250" oya="0" hai0="120,112,3,12,90,35,50,131,69,92,106,83,79" hai1="22,134,97,2,14,103,78,95,19,101,94,77,38" hai2="88,1,42,54,87,121,53,135,36,68,34,51,63" hai3="72,39,82,124,21,98,91,5,4,86,125,126,13"/><T100/><D112/><U114/><E114/><V75/><F121/><W129/><G39/><T116/><D116/><U44/><E2/><V57/><F75/><W58/><G72/><N who="0" m="43495" /><D3/><U52/><E134/><V10/><F34/><W127/><G129/><T55/><D69/><U30/><E30/><V111/><F135/><W24/><N who="3" m="31744" /><DORA hai="119" /><W64/><G98/><N who="0" m="61719" /><D35/><U59/><E94/><V84/><F68/><W102/><G102/><T40/><D40/><U123/><E123/><V32/><F32/><W105/><G105/><T60/><D12/><U70/><E70/><V41/><F36/><W48/><G13/><T107/><D107/><U73/><E73/><V7/><F87/><W43/><G64/><T66/><D131/><U27/><E103/><V61/><F61/><W99/><G99/><T9/><D9/><U6/><E44/><V132/><F132/><W23/><G23/><T76/><D76/><U49/><E38/><V96/><F96/><W15/><G15/><T26/><D26/><U25/><E25/><V62/><F62/><W118/><G118/><T108/><D60/><U89/><E101/><V0/><F0/><W113/><G113/><T16/><D66/><U11/><AGARI ba="0,0" hai="6,11,14,19,22,27,49,52,59,77,78,89,95,97" machi="11" ten="30,7900,0" yaku="0,1,8,1,52,1,54,1" doraHai="47,119" who="1" fromWho="1" sc="250,-39,250,79,250,-20,250,-20" /><INIT seed="1,0,0,1,0,99" ten="211,329,230,230" oya="1" hai0="128,86,94,58,39,10,117,76,103,3,90,101,49" hai1="42,88,87,79,13,65,112,126,108,0,81,15,33" hai2="110,111,77,40,38,133,115,22,113,96,31,18,4" hai3="54,14,25,124,32,114,44,95,59,23,135,102,8"/><U21/><E33/><V118/><F77/><W48/><G32/><T66/><D39/><U35/><E35/><V47/><F118/><W120/><G124/><T84/><D117/><U83/><E0/><V27/><F133/><W74/><G120/><T1/><D128/><U106/><E112/><N who="2" m="43083" /><F4/><W52/><G74/><T127/><D127/><U131/><E131/><V29/><F96/><N who="3" m="59679" /><G135/><T34/><D34/><U36/><E126/><V64/><F64/><W6/><G114/><T104/><D104/><U109/><E65/><V7/><F7/><W71/><G71/><T60/><D1/><U43/><E106/><V78/><F78/><W80/><G80/><N who="0" m="47111" /><D3/><U62/><E62/><V132/><F132/><W89/><G89/><T57/><D10/><U122/><E122/><V37/><F38/><W20/><G25/><T17/><D17/><U46/><E43/><V26/><F26/><W125/><G125/><T85/><D86/><N who="1" m="48447" /><E21/><V91/><F91/><W105/><G105/><T24/><D24/><U107/><E107/><V41/><F41/><W98/><G98/><T93/><D93/><U51/><E36/><V55/><F55/><AGARI ba="0,0" hai="49,55,57,58,60,66,85,90,94,101,103" m="47111" machi="55" ten="30,3900,0" yaku="8,1,52,2" doraHai="99" who="0" fromWho="2" sc="211,39,329,0,230,-39,230,0" /><INIT seed="2,0,0,1,2,56" ten="250,329,191,230" oya="2" hai0="110,33,10,78,95,25,125,26,92,113,100,85,29" hai1="49,30,84,61,28,13,41,39,69,20,134,27,52" hai2="107,130,74,119,102,34,75,96,63,44,55,15,133" hai3="16,114,112,21,91,71,70,81,72,105,87,54,8"/><V67/><F119/><W120/><G105/><T77/><D113/><N who="3" m="43625" /><G72/><T60/><D110/><U50/><E39/><V111/><F111/><W40/><G40/><T18/><D125/><U98/><E41/><V124/><F124/><W129/><G129/><T23/><D10/><U43/><E43/><V128/><F133/><W9/><G54/><T76/><D100/><U121/><E134/><V93/><F15/><N who="3" m="9375" /><G120/><T123/><D123/><U1/><E1/><V19/><F19/><W117/><G117/><T80/><REACH who="0" step="1"/><D60/><REACH who="0" ten="240,329,191,230" step="2"/><U127/><E61/><V17/><F107/><W135/><G135/><T68/><D68/><AGARI ba="0,1" hai="8,9,68,70,71,81,87,91" m="9375,43625" machi="68" ten="30,2000,0" yaku="11,1,54,1" doraHai="56" who="3" fromWho="0" sc="240,-20,329,0,191,0,230,30" /><INIT seed="3,0,0,5,5,27" ten="220,329,191,260" oya="3" hai0="132,10,116,95,0,35,67,49,92,19,119,73,39" hai1="18,80,46,134,118,26,76,68,71,36,88,114,24" hai2="57,115,94,131,22,25,28,123,126,93,130,56,59" hai3="127,86,63,29,109,100,122,117,120,111,62,38,9"/><W41/><G127/><T78/><D39/><U45/><E114/><V43/><F115/><W108/><G117/><T106/><D106/><U112/><E112/><V103/><F126/><W107/><G86/><T79/><D132/><U87/><E118/><V129/><F123/><N who="3" m="47147" /><G9/><T53/><D67/><U81/><E134/><V1/><F1/><W11/><G11/><T65/><D65/><U74/><E71/><V17/><F43/><W8/><G8/><T69/><D69/><U99/><E68/><V48/><F48/><W20/><G100/><T91/><D92/><U4/><E4/><V110/><F110/><W13/><G107/><T101/><D101/><U37/><E99/><V44/><F44/><N who="3" m="23607" /><G13/><T84/><D73/><U3/><E3/><V58/><N who="2" m="14336" /><DORA hai="102" /><V98/><F94/><W96/><G96/><T33/><D0/><U47/><E26/><AGARI ba="0,0" hai="20,26,29,62,63,108,109,111" m="23607,47147" machi="26" ten="40,7700,0" yaku="14,1,10,1,52,1" doraHai="27,102" who="3" fromWho="1" sc="220,0,329,-77,191,0,260,77" owari="220,-18.0,252,5.2,191,-30.9,337,43.7" /></mjloggm>