<mjloggm ver="2.3"><GO type="225" lobby="0"/><UN n0="%E3%82%BF%E3%83%BC%E3%83%90%E3%83%B3%E9%87%8E%E5%8F%A3" n1="%E3%81%BF%E3%81%BF%E3%81%9A" n2="%E3%83%AB%E3%83%9B%E3%83%B3%E3%83%87%E3%82%A3%E3%82%A8" n3="%E5%B8%86%E7%AB%8B%E5%A4%8F%E8%A1%A3" dan="16,16,17,16" rate="2146.48,2151.91,2179.63,2107.14" sx="M,M,M,M"/><TAIKYOKU oya="0"/><INIT seed="0,0,0,3,5,113" ten="250,250,250,250" oya="0" hai0="97,6,100,59,45,80,18,94,90,99,44,29,30" hai1="20,130,40,125,34,79,24,75,41,49,73,129,32" hai2="5,31,105,132,115,8,7,36,98,110,103,56,101" hai3="77,81,85,121,91,106,95,17,135,127,76,74,61"/><T19/><D6/><U104/><E104/><V58/><F115/><W88/><G127/><T50/><D59/><U13/><E13/><V27/><F36/><W83/><G135/><T67/><D67/><U62/><E62/><V108/><F132/><W39/><G39/><T82/><D50/><U133/><E133/><V48/><F103/><W93/><G121/><T70/><D94/><U53/><E125/><V86/><F86/><N who="3" m="48423" /><G17/><T0/><D100/><U54/><E79/><V116/><F116/><W102/><G61/><T63/><D63/><U64/><E64/><V69/><F69/><W12/><G12/><T10/><D10/><U11/><E11/><V4/><F8/><W16/><G16/><T22/><D22/><U71/><E20/><V9/><F9/><W51/><G51/><T14/><D14/><U52/><E49/><V1/><F1/><W124/><G124/><T28/><D28/><U26/><REACH who="1" step="1"/><E54/><REACH who="1" ten="250,240,250,250" step="2"/><V60/><F48/><W118/><G118/><T122/><D0/><U55/><E55/><V33/><F60/><W131/><G131/><T128/><D128/><U68/><AGARI ba="0,1" hai="24,26,32,34,40,41,52,53,68,71,73,75,129,130" machi="68" ten="25,8000,1" yaku="1,1,0,1,22,2,54,1,53,0" doraHai="113" doraHaiUra="57" who="1" fromWho="1" sc="250,-40,240,90,250,-20,250,-20" /><INIT seed="1,0,0,2,3,78" ten="210,330,230,230" oya="1" hai0="62,109,2,74,108,76,126,47,101,131,98,21,28" hai1="66,130,113,14,79,30,65,93,5,43,37,120,12" hai2="1,71,105,96,10,26,128,61,121,0,75,54,100" hai3="53,123,89,85,82,99,114,107,56,51,27,33,29"/><U3/><E113/><V77/><F54/><W124/><G124/><T52/><D2/><U86/><E120/><V42/><F121/><W134/><G123/><T103/><D126/><U112/><E112/><V94/><F94/><W48/><G114/><T60/><D131/><U32/><E130/><V68/><F128/><W122/><G122/><T38/><D28/><U9/><E37/><V92/><F92/><W127/><G127/><T90/><D21/><U41/><E32/><V4/><F0/><W73/><G134/><T15/><D15/><U25/><E3/><V44/><F26/><W95/><G107/><T31/><D90/><U84/><E14/><V116/><F61/><N who="0" m="23658" /><D31/><U50/><E25/><V6/><F6/><W22/><G33/><T49/><D38/><U24/><E24/><V36/><F116/><W135/><G135/><T63/><N who="0" m="23666" /><T88/><DORA hai="83" /><D88/><N who="1" m="53383" /><E30/><V102/><F102/><N who="3" m="60799" /><G73/><T67/><D67/><N who="1" m="25611" /><E50/><AGARI ba="0,0" hai="22,27,29,48,50,51,53,56,82,85,89" m="60799" machi="50" ten="30,3900,0" yaku="8,1,52,2" doraHai="78,83" who="3" fromWho="1" sc="210,0,330,-39,230,0,230,39" /><INIT seed="2,0,0,3,1,13" ten="210,291,230,269" oya="2" hai0="59,63,120,27,73,10,53,35,42,77,114,116,38" hai1="67,19,127,102,54,50,24,4,1,108,8,84,86" hai2="51,128,60,121,117,88,2,123,81,37,111,40,7" hai3="80,36,122,104,74,47,131,71,90,83,79,70,22"/><V18/><F117/><W39/><G104/><T115/><D120/><U52/><E67/><V64/><F2/><W46/><G122/><T103/><D116/><U33/><E108/><V125/><F7/><W57/><G131/><T110/><D110/><U14/><E127/><V15/><F37/><W99/><G57/><T133/><D103/><U76/><E102/><V26/><F26/><W132/><G132/><T94/><D133/><U6/><E76/><V43/><F111/><W87/><G99/><T93/><D93/><U34/><E54/><V91/><F125/><W61/><G61/><T68/><D68/><U92/><E92/><V56/><F128/><W5/><G5/><T16/><D94/><U32/><E24/><V3/><F3/><W41/><G22/><T112/><D35/><U30/><E30/><V25/><F25/><W58/><G58/><T135/><D135/><U66/><E66/><V118/><F118/><W100/><G100/><T113/><D113/><U82/><E82/><V130/><F130/><W119/><G119/><T75/><D77/><U29/><E29/><V20/><F40/><AGARI ba="0,0" hai="36,39,40,41,46,47,70,71,74,79,80,83,87,90" machi="40" ten="40,1300,0" yaku="9,1" doraHai="13" who="3" fromWho="2" sc="210,0,291,0,230,-13,269,13" /><INIT seed="3,0,0,5,5,68" ten="210,291,217,282" oya="3" hai0="44,102,19,110,62,113,126,123,75,79,23,87,51" hai1="29,6,66,54,34,22,47,115,33,128,69,42,85" hai2="95,120,31,100,89,105,81,48,57,14,38,60,104" hai3="1,55,101,8,20,91,134,76,36,97,99,59,39"/><W18/><G76/><T77/><D123/><U35/><E115/><V74/><F48/><W133/><G91/><T98/><D113/><U122/><E122/><V93/><F14/><W10/><G10/><T40/><D110/><U88/><E54/><V16/><F16/><W121/><G8/><T13/><D126/><U7/><E128/><V28/><F38/><N who="3" m="14379" /><G1/><T124/><D124/><U116/><E116/><V114/><F114/><W125/><G101/><T24/><D75/><U127/><E127/><V64/><F95/><W53/><G53/><T9/><D62/><U67/><E22/><V135/><F93/><W118/><G118/><T5/><D87/><U12/><E29/><V129/><F60/><N who="3" m="35967" /><G121/><T107/><AGARI ba="0,0" hai="5,9,13,19,23,24,40,44,51,77,79,98,102,107" machi="107" ten="20,1500,0" yaku="0,1,7,1" doraHai="68" who="0" fromWho="0" sc="210,15,291,-4,217,-4,282,-7" /><INIT seed="4,0,0,5,5,20" ten="225,287,213,275" oya="0" hai0="76,105,46,116,101,59,58,128,43,49,26,80,109" hai1="117,108,15,84,23,40,28,44,47,25,24,129,21" hai2="82,45,29,122,0,110,66,67,81,91,2,121,30" hai3="95,4,111,71,135,33,39,27,38,31,92,87,10"/><T99/><D116/><U100/><E117/><V32/><F45/><W50/><G71/><T98/><D128/><U18/><E129/><V7/><F7/><W72/><G72/><T1/><D1/><U14/><E108/><V54/><F32/><W123/><G111/><T94/><D109/><U52/><E100/><V22/><F22/><W34/><G34/><T103/><REACH who="0" step="1"/><D26/><REACH who="0" ten="215,287,213,275" step="2"/><U89/><E14/><V11/><F110/><W133/><G27/><T35/><D35/><U6/><E24/><V104/><F0/><W53/><G33/><T60/><D60/><U127/><E15/><V102/><F2/><W107/><G135/><T113/><D113/><U64/><E25/><V96/><F121/><W79/><G133/><T112/><D112/><U119/><E28/><V16/><F122/><W61/><G31/><T57/><D57/><U77/><E119/><V120/><F120/><W41/><G61/><T130/><D130/><U42/><E47/><V12/><F29/><W125/><G123/><T8/><D8/><U70/><E44/><V88/><F30/><W74/><G10/><T106/><D106/><U118/><E21/><V132/><F132/><W73/><G107/><T68/><D68/><U85/><E23/><V131/><F131/><W126/><G126/><T124/><D124/><U36/><E127/><V83/><REACH who="2" step="1"/><F54/><REACH who="2" ten="215,287,203,275" step="2"/><W3/><G53/><T86/><AGARI ba="0,2" hai="43,46,49,58,59,76,80,86,94,98,99,101,103,105" machi="86" ten="20,3900,0" yaku="1,1,0,1,7,1,53,0" doraHai="20" doraHaiUra="114" who="0" fromWho="0" sc="215,59,287,-13,203,-13,275,-13" /><INIT seed="4,1,0,0,1,114" ten="274,274,190,262" oya="0" hai0="133,104,11,38,69,120,108,68,8,121,36,91,89" hai1="119,87,81,62,10,44,110,73,47,25,67,41,80" hai2="13,129,14,123,105,113,60,84,102,126,109,72,0" hai3="66,75,37,29,1,24,117,46,130,22,35,55,135"/><T63/><D63/><U27/><E119/><V127/><F113/><W107/><G117/><T115/><D115/><U103/><E110/><V82/><F123/><N who="0" m="47178" /><D104/><U128/><E128/><V131/><F0/><W23/><G130/><N who="2" m="49673" /><F72/><W26/><G135/><T16/><D16/><U70/><E73/><V58/><F109/><W33/><G1/><T97/><D97/><U12/><E103/><V111/><F111/><W42/><G107/><T99/><D99/><U6/><E81/><V17/><F102/><W93/><G75/><T100/><D100/><U34/><E34/><V3/><F3/><W53/><G93/><T7/><D7/><U90/><REACH who="1" step="1"/><E47/><REACH who="1" ten="274,264,190,262" step="2"/><V71/><F105/><W57/><G35/><T4/><D108/><U50/><AGARI ba="1,1" hai="6,10,12,25,27,41,44,50,62,67,70,80,87,90" machi="50" ten="20,8000,1" yaku="1,1,2,1,0,1,7,1,53,1" doraHai="114" doraHaiUra="61" who="1" fromWho="1" sc="274,-41,264,93,190,-21,262,-21" owari="233,-16.7,357,45.7,169,-33.1,241,4.1" /></mjloggm>