<mjloggm ver="2.3"><GO type="225" lobby="0"/><UN n0="%E6%97%A5%E6%9B%9C%E6%97%A5%E3%82%88%E3%82%8A%E3%81%AE%E4%BD%BF%E8%80%85" n1="%67%61%79%75%6E%79" n2="%E9%B3%B3%E6%9D%B1%E3%81%AE%E3%81%86%E3%81%95%E3%81%8E%E3%81%95%E3%82%93" n3="%72%69%6F%75%63%68%61%6E" dan="18,16,16,17" rate="2175.58,2123.83,2256.36,2225.10" sx="M,M,M,M"/><TAIKYOKU oya="0"/><INIT seed="0,0,0,5,3,1" ten="250,250,250,250" oya="0" hai0="81,94,100,76,115,126,55,12,48,88,106,42,8" hai1="52,38,49,87,99,41,86,31,7,97,102,29,34" hai2="72,98,20,89,4,127,105,83,95,46,35,124,78" hai3="114,117,71,133,16,40,6,92,93,21,54,101,37"/><T132/><D115/><U111/><E111/><V70/><F35/><W23/><G114/><T25/><D126/><N who="2" m="48170" /><F70/><W14/><G117/><T109/><D132/><U3/><E41/><V130/><F20/><W104/><G133/><T56/><D109/><U15/><E3/><V22/><F22/><W134/><G134/><T112/><D112/><U50/><E38/><V119/><F46/><W82/><G71/><T43/><D25/><U66/><E66/><V59/><F59/><W10/><G82/><T9/><D100/><U65/><E65/><V62/><F62/><W123/><G123/><T75/><D106/><U2/><E50/><V77/><F4/><W61/><G23/><T108/><D108/><U67/><E67/><V51/><F51/><W135/><G135/><T18/><REACH who="0" step="1"/><D9/><REACH who="0" ten="240,250,250,250" step="2"/><N who="1" m="4543" /><E102/><V26/><F105/><W118/><G104/><T91/><D91/><U90/><E34/><V58/><F89/><W129/><G101/><T74/><D74/><U60/><E90/><V64/><F72/><W28/><G118/><T113/><D113/><U121/><E121/><V80/><F119/><W44/><G129/><T53/><D53/><U24/><E24/><V128/><F26/><W45/><G28/><T17/><D17/><U27/><E27/><V107/><F107/><W131/><G131/><T63/><D63/><U73/><E60/><N who="2" m="37911" /><F130/><W57/><REACH who="3" step="1"/><G45/><REACH who="3" ten="240,250,250,240" step="2"/><T5/><D5/><U84/><E31/><V110/><F128/><W116/><G116/><T0/><D0/><AGARI ba="0,2" hai="0,6,10,14,16,21,37,40,44,54,57,61,92,93" machi="0" ten="30,8000,1" yaku="1,1,7,1,52,1,54,1,53,1" doraHai="1" doraHaiUra="13" who="3" fromWho="0" sc="240,-80,250,0,250,0,240,100" /><INIT seed="1,0,0,3,3,122" ten="160,250,250,340" oya="1" hai0="84,120,117,106,11,102,133,79,123,53,20,7,13" hai1="112,89,124,104,17,25,51,73,68,24,3,52,42" hai2="129,41,30,96,109,43,125,75,27,48,50,35,135" hai3="71,1,130,132,76,37,66,121,101,33,110,91,114"/><U103/><E3/><V90/><F75/><W62/><RYUUKYOKU type="yao9" ba="0,0" sc="160,0,250,0,250,0,340,0" hai3="1,33,37,62,66,71,76,91,101,110,114,121,130,132" /><INIT seed="1,1,0,1,4,125" ten="160,250,250,340" oya="1" hai0="47,70,99,110,91,57,34,19,122,118,131,108,53" hai1="65,42,27,97,100,113,105,22,56,31,44,6,95" hai2="79,107,69,67,130,61,101,120,55,127,112,109,16" hai3="54,58,20,62,66,64,24,72,39,68,87,33,40"/><U30/><E113/><V46/><F120/><W129/><G129/><T13/><D118/><U84/><E6/><V15/><F127/><W41/><G72/><T1/><D1/><U12/><E31/><V17/><F112/><W114/><G114/><T18/><D70/><U38/><E12/><V103/><F109/><N who="0" m="42090" /><D34/><U126/><E126/><V50/><F130/><W133/><G133/><T121/><D131/><U21/><E21/><V115/><F115/><W63/><G33/><T85/><D99/><U49/><E84/><V134/><F134/><W86/><G54/><T11/><D47/><U23/><E23/><V14/><F79/><W52/><G66/><T90/><D19/><U76/><E76/><V26/><F26/><W93/><G39/><T111/><N who="0" m="42098" /><T45/><DORA hai="7" /><D45/><U96/><E38/><V29/><F29/><W74/><G74/><T35/><D35/><U48/><E48/><V9/><REACH who="2" step="1"/><F107/><REACH who="2" ten="160,250,240,340" step="2"/><W51/><G63/><N who="0" m="36271" /><D85/><U117/><E117/><V77/><F77/><W128/><G128/><T89/><AGARI ba="1,1" hai="11,13,18,89,90,91,121,122" m="36271,42098" machi="89" ten="50,3200,0" yaku="14,1,52,1" doraHai="125,7" who="0" fromWho="0" sc="160,45,250,-17,240,-9,340,-9" /><INIT seed="2,0,0,0,1,4" ten="205,233,231,331" oya="2" hai0="66,6,76,58,108,42,13,33,82,60,114,105,131" hai1="103,127,32,1,117,128,135,10,133,35,18,29,61" hai2="11,41,50,88,40,3,118,56,38,43,100,52,123" hai3="64,81,36,95,132,51,14,20,75,94,70,23,111"/><V79/><F118/><W80/><G36/><T89/><D114/><U44/><E117/><V107/><F123/><W7/><G111/><T45/><D105/><U28/><E128/><V102/><F38/><W92/><G132/><N who="1" m="50762" /><E127/><V62/><F79/><W46/><G64/><T59/><D33/><N who="1" m="12875" /><E103/><N who="2" m="39467" /><F3/><W39/><G70/><T57/><D131/><U125/><E125/><V15/><F107/><W0/><G39/><T90/><D108/><U49/><E61/><V129/><F129/><W74/><G0/><T134/><D134/><U55/><E1/><V78/><F78/><W72/><G7/><T53/><D66/><U101/><E101/><V26/><F26/><W130/><G130/><T12/><D90/><U69/><E69/><V22/><F22/><W9/><G20/><T67/><D89/><U27/><E27/><V71/><F71/><W106/><G23/><T19/><D67/><U65/><E65/><V121/><F121/><W2/><G106/><T86/><D6/><U85/><E85/><V115/><F115/><W87/><G2/><T54/><D60/><U120/><E120/><V47/><F88/><W98/><G87/><T24/><D24/><U99/><E99/><V34/><F34/><W83/><G98/><T8/><REACH who="0" step="1"/><D13/><AGARI ba="0,0" hai="10,13,18,28,29,44,49,55" m="12875,50762" machi="13" ten="30,2000,0" yaku="20,1,52,1" doraHai="4" who="1" fromWho="0" sc="205,-20,233,20,231,0,331,0" /><INIT seed="3,0,0,5,0,32" ten="185,253,231,331" oya="3" hai0="39,26,31,102,11,48,33,19,12,111,25,34,101" hai1="112,132,97,28,14,40,72,43,35,1,70,91,98" hai2="77,109,44,130,113,46,124,69,49,71,57,105,94" hai3="8,9,79,117,20,121,84,15,100,10,52,47,55"/><W36/><G117/><T103/><D39/><U106/><E70/><V3/><F105/><W13/><G121/><T17/><D111/><U41/><E72/><V87/><F113/><W18/><G100/><T76/><D76/><U90/><E112/><V128/><F109/><W38/><G38/><T62/><D62/><U23/><E1/><V104/><F104/><W68/><G68/><T61/><D61/><U63/><E106/><V66/><F3/><W51/><G36/><T96/><D48/><U78/><E78/><V4/><F4/><N who="3" m="3207" /><G55/><T45/><D45/><U5/><E35/><V107/><F44/><W119/><G119/><T60/><D60/><U27/><E63/><N who="2" m="38255" /><F107/><W65/><G65/><T24/><D19/><U92/><E132/><V67/><F124/><W56/><G56/><T75/><D75/><U21/><E5/><V73/><F73/><W2/><G2/><T110/><D110/><U131/><E131/><N who="2" m="50219" /><F67/><W135/><G135/><T6/><D6/><U114/><E114/><V53/><F77/><W50/><G50/><T129/><D129/><U42/><E42/><V83/><F71/><W123/><G123/><T59/><D59/><U120/><E120/><V93/><F69/><W82/><AGARI ba="0,0" hai="9,10,15,18,20,47,51,52,79,82,84" m="3207" machi="82" ten="30,3000,0" yaku="8,1,54,1" doraHai="32" who="3" fromWho="3" sc="185,-10,253,-10,231,-10,331,30" owari="175,-32.5,243,4.3,221,-17.9,361,46.1" /></mjloggm>