<mjloggm ver="2.3"><GO type="225" lobby="0"/><UN n0="%E2%98%86%E5%AD%AB%E7%87%95%E5%A7%BF%E2%98%86" n1="%48%61%61%61%6C%61%6E%64" n2="%E3%82%A2%E3%83%9E%E3%83%9D%EF%BD%9E%EF%BD%9E%E3%83%A9" n3="%72%61%6B%33" dan="17,17,17,16" rate="2231.69,2162.56,2201.44,2162.29" sx="M,M,M,M"/><TAIKYOKU oya="0"/><INIT seed="0,0,0,4,5,45" ten="250,250,250,250" oya="0" hai0="78,121,33,100,111,84,95,55,4,113,72,101,97" hai1="19,21,96,32,7,1,117,126,22,91,29,89,112" hai2="104,85,47,34,114,135,77,51,11,71,31,42,115" hai3="49,76,124,131,62,105,66,86,38,23,25,35,64"/><T16/><D33/><U109/><E117/><V67/><F104/><W110/><G38/><T37/><D37/><U3/><E109/><V107/><F107/><W94/><G105/><T13/><D113/><U74/><E112/><V57/><F71/><W60/><G35/><T69/><D69/><U14/><E74/><V48/><F135/><W90/><G110/><T75/><D111/><U41/><E126/><V81/><F11/><W106/><G106/><T6/><D121/><U17/><E41/><V88/><F77/><W50/><G131/><T79/><D75/><U128/><E128/><V130/><F130/><W63/><G76/><N who="0" m="29227" /><D72/><U39/><E39/><V93/><F81/><W102/><G124/><T40/><D40/><U87/><E96/><V26/><REACH who="2" step="1"/><F67/><REACH who="2" ten="250,250,240,250" step="2"/><N who="3" m="25643" /><G102/><T20/><D101/><U9/><E1/><V83/><F83/><W56/><G56/><T70/><D70/><U132/><E132/><V99/><F99/><W12/><G12/><T61/><D84/><U123/><E87/><V54/><AGARI ba="0,1" hai="26,31,34,42,47,48,51,54,57,85,88,93,114,115" machi="54" ten="30,12000,2" yaku="1,1,0,1,52,2,54,1,53,2" doraHai="45" doraHaiUra="108" who="2" fromWho="2" sc="250,-60,250,-30,240,130,250,-30" /><INIT seed="1,0,0,2,0,54" ten="190,220,370,220" oya="1" hai0="98,129,60,77,29,35,111,8,110,95,85,51,2" hai1="3,65,13,109,19,112,94,89,0,28,132,10,24" hai2="57,31,17,124,15,40,103,6,121,18,48,80,76" hai3="50,20,69,74,52,131,62,21,73,113,99,11,36"/><U88/><E112/><V127/><F103/><W5/><G113/><T39/><D39/><U91/><E132/><V78/><F31/><W135/><G36/><T130/><D51/><U83/><E109/><N who="0" m="41481" /><D29/><U63/><E83/><V32/><F32/><W68/><G131/><N who="0" m="50187" /><D35/><U44/><E44/><N who="2" m="25607" /><F78/><W34/><G34/><T37/><D37/><U102/><E102/><V84/><F121/><W108/><G135/><T43/><D43/><U56/><REACH who="1" step="1"/><E94/><REACH who="1" ten="190,210,370,220" step="2"/><V45/><F45/><W4/><G108/><T42/><D95/><U64/><E64/><V59/><F127/><W66/><G66/><T75/><D42/><U97/><E97/><V117/><F124/><W1/><G99/><T120/><D98/><U49/><E49/><V58/><F117/><W92/><G92/><T119/><D119/><U30/><E30/><V134/><F134/><W126/><G50/><T23/><D120/><U86/><E86/><V116/><F116/><W114/><G126/><T106/><D85/><U123/><E123/><V81/><F80/><W67/><G114/><T122/><D122/><U104/><E104/><V72/><F72/><W125/><G125/><T71/><D106/><U25/><E25/><V115/><F115/><W9/><G67/><T16/><D75/><U118/><E118/><V55/><F55/><W128/><G128/><T82/><D82/><U133/><E133/><V7/><F84/><W14/><G52/><T107/><D107/><U87/><E87/><V100/><F100/><W12/><G62/><T105/><D60/><U38/><E38/><V26/><F81/><W46/><G46/><RYUUKYOKU ba="0,1" sc="190,-15,210,15,370,-15,220,15" hai1="0,3,10,13,19,24,28,56,63,65,88,89,91" hai3="1,4,5,9,11,12,14,20,21,68,69,73,74" /><INIT seed="1,1,1,3,0,71" ten="175,225,355,235" oya="1" hai0="125,41,69,14,51,16,128,36,49,121,70,44,90" hai1="91,104,107,59,115,116,35,101,112,13,64,28,29" hai2="55,0,118,47,73,66,106,113,34,129,48,103,60" hai3="25,50,53,7,40,102,126,6,111,108,114,42,131"/><U2/><E2/><V24/><F73/><W81/><G114/><T68/><D128/><U89/><E116/><V5/><F129/><W15/><G131/><T105/><D125/><U67/><E13/><V26/><F34/><W22/><G126/><T77/><D121/><U75/><E59/><V30/><F30/><N who="1" m="11881" /><E101/><V132/><F5/><W122/><G122/><T117/><D117/><U135/><E35/><V43/><F0/><W100/><G81/><T120/><D120/><U9/><E9/><V39/><F103/><W92/><G15/><T45/><D105/><N who="1" m="40523" /><E75/><V10/><F106/><W72/><G72/><T17/><D77/><U93/><E93/><V96/><F10/><W76/><G76/><T57/><D90/><N who="1" m="34315" /><E135/><V127/><F132/><W20/><G92/><T124/><D124/><U84/><E84/><V63/><F127/><W12/><G12/><T88/><D14/><U23/><E23/><V134/><F134/><W80/><G80/><T52/><REACH who="0" step="1"/><D88/><REACH who="0" ten="165,225,355,235" step="2"/><U54/><E54/><AGARI ba="1,2" hai="16,17,36,41,44,45,49,51,52,54,57,68,69,70" machi="54" ten="40,8000,1" yaku="1,1,2,1,52,1,54,2,53,0" doraHai="71" doraHaiUra="110" who="0" fromWho="1" sc="165,103,225,-83,355,0,235,0" /><INIT seed="2,0,0,1,4,29" ten="268,142,355,235" oya="2" hai0="121,110,46,118,111,14,101,129,120,10,81,86,123" hai1="21,35,90,62,31,48,116,18,59,47,104,16,2" hai2="5,55,80,133,67,25,109,98,84,19,33,108,26" hai3="13,61,82,105,134,17,126,72,88,68,75,125,83"/><V37/><F133/><W0/><G0/><T71/><D71/><U73/><E116/><V44/><F67/><W100/><G68/><T94/><D46/><U28/><E2/><V1/><F98/><N who="3" m="61591" /><G61/><T39/><D39/><U127/><E127/><N who="3" m="48650" /><G134/><T124/><D124/><U114/><E114/><V131/><F19/><W7/><G7/><T43/><D43/><U76/><E104/><V50/><F37/><W128/><G128/><T40/><D40/><U63/><E35/><V78/><F33/><W4/><G4/><T112/><D14/><U27/><E18/><V51/><F51/><W15/><G15/><T107/><D10/><U85/><E76/><V11/><F131/><W92/><G13/><T36/><D36/><U113/><E73/><N who="3" m="28234" /><G17/><T38/><D38/><U42/><E113/><V119/><F119/><W65/><G65/><T97/><D129/><U135/><E135/><V34/><F34/><W6/><G6/><T56/><D56/><U91/><E63/><V115/><F115/><W70/><G70/><T96/><D118/><U117/><E117/><V69/><F69/><W66/><G66/><T9/><D9/><U32/><E32/><V74/><F11/><W52/><G52/><T87/><D112/><U93/><REACH who="1" step="1"/><E91/><REACH who="1" ten="268,132,355,235" step="2"/><V8/><F1/><W30/><G30/><T89/><REACH who="0" step="1"/><D87/><AGARI ba="0,1" hai="82,83,87,88,92" m="28234,48650,61591" machi="87" ten="30,7700,0" yaku="18,1,34,2,54,1" doraHai="29" who="3" fromWho="0" sc="268,-77,132,0,355,0,235,87" /><INIT seed="3,0,0,1,2,129" ten="191,132,355,322" oya="3" hai0="63,49,76,29,30,59,25,94,41,23,24,78,127" hai1="57,64,61,0,62,87,16,22,11,112,81,124,130" hai2="9,27,126,4,44,104,80,71,47,2,95,106,99" hai3="121,89,91,102,7,134,45,50,82,60,75,128,8"/><W33/><G134/><T68/><D68/><U108/><E130/><V132/><F132/><W51/><G128/><T98/><D127/><U85/><E124/><V65/><F126/><W31/><G121/><T135/><D135/><U70/><E112/><V55/><F80/><W116/><G116/><T118/><D118/><U26/><E108/><V12/><F2/><W88/><G102/><N who="0" m="60759" /><D49/><U72/><E0/><V37/><F71/><W43/><G60/><T34/><D41/><U111/><E111/><V40/><F27/><W109/><G109/><T56/><D56/><U133/><E133/><V77/><F77/><W103/><G103/><T35/><D35/><U13/><E72/><V79/><F79/><N who="3" m="44415" /><G31/><T21/><D34/><U66/><REACH who="1" step="1"/><E81/><REACH who="1" ten="191,122,355,322" step="2"/><V90/><F106/><W73/><G73/><T101/><D101/><U32/><E32/><V5/><F104/><W93/><G33/><T86/><D86/><U117/><E117/><V97/><F95/><W46/><G93/><T131/><D131/><U10/><E10/><V122/><F9/><W92/><G92/><T1/><D1/><U125/><E125/><V105/><F105/><W107/><G107/><T20/><D20/><U74/><E74/><V52/><F99/><W119/><G119/><T83/><D83/><U53/><E53/><AGARI ba="0,1" hai="21,23,24,25,29,30,53,59,63,76,78" m="60759" machi="53" ten="30,1000,0" yaku="8,1" doraHai="129" who="0" fromWho="1" sc="191,20,122,-10,355,0,322,0" owari="211,-18.9,112,-38.8,355,45.5,322,12.2" /></mjloggm>