<mjloggm ver="2.3"><GO type="225" lobby="0"/><UN n0="%E7%AD%89%E3%80%85%E5%8A%9B%E5%8A%87%E5%A0%B4" n1="%E3%81%BF%E3%81%BF%E3%81%9A" n2="%32%E9%99%90" n3="%72%69%6F%75%63%68%61%6E" dan="16,17,16,17" rate="2171.27,2208.18,2146.68,2151.04" sx="M,M,M,M"/><TAIKYOKU oya="0"/><INIT seed="0,0,0,0,1,7" ten="250,250,250,250" oya="0" hai0="20,126,71,35,0,9,88,79,115,105,17,90,78" hai1="132,134,100,18,75,118,114,60,116,98,117,26,107" hai2="110,2,84,67,1,38,46,72,81,19,31,108,66" hai3="120,86,22,42,109,119,112,25,92,93,58,97,106"/><T94/><D115/><U32/><E114/><V13/><F31/><W56/><G109/><N who="2" m="42089" /><F72/><W74/><G119/><T59/><D71/><U21/><E75/><V3/><F46/><W10/><G112/><T16/><D105/><U53/><E32/><V123/><F38/><W130/><G130/><T24/><D126/><U63/><REACH who="1" step="1"/><E53/><REACH who="1" ten="250,240,250,250" step="2"/><V127/><F127/><W113/><G74/><T8/><D35/><U129/><E129/><V83/><F123/><W121/><G113/><T91/><D0/><U124/><E124/><V80/><F84/><W15/><G86/><T111/><D111/><U95/><E95/><V51/><F51/><W23/><G106/><T82/><D94/><U50/><E50/><V55/><F55/><W73/><G93/><T28/><D82/><U49/><E49/><V69/><F69/><W12/><G73/><T131/><D131/><U96/><E96/><V5/><F2/><W47/><G121/><T62/><D79/><U133/><AGARI ba="0,1" hai="18,21,26,60,63,98,100,107,116,117,118,132,133,134" machi="133" ten="40,5200,0" yaku="1,1,0,1,20,1,53,0" doraHai="7" doraHaiUra="61" who="1" fromWho="1" sc="250,-26,240,62,250,-13,250,-13" /><INIT seed="1,0,0,0,0,115" ten="224,302,237,237" oya="1" hai0="46,62,135,2,109,35,110,100,85,107,44,72,123" hai1="134,55,17,83,104,41,16,101,69,91,111,0,59" hai2="132,40,12,45,1,6,34,9,77,99,70,48,13" hai3="133,92,74,131,122,32,27,10,29,25,130,43,95"/><U80/><E69/><V57/><F132/><W76/><G133/><T18/><D72/><U96/><E134/><V5/><F70/><W19/><G122/><T75/><D75/><U87/><E0/><V119/><F34/><W66/><G66/><T127/><D135/><U31/><E111/><V129/><F119/><W116/><G43/><T117/><D35/><U22/><E41/><V4/><F129/><N who="3" m="49163" /><G116/><T71/><D2/><U38/><E38/><V47/><F77/><W20/><G10/><T3/><D3/><U112/><E112/><V60/><F1/><W49/><G49/><T14/><D117/><U125/><E125/><V94/><F47/><W124/><G124/><T90/><D127/><U53/><E83/><AGARI ba="0,0" hai="19,20,25,27,29,32,74,76,83,92,95" m="49163" machi="83" ten="30,1000,0" yaku="19,1" doraHai="115" who="3" fromWho="1" sc="224,0,302,-10,237,0,237,10" /><INIT seed="2,0,0,3,5,27" ten="224,292,237,247" oya="2" hai0="10,81,118,97,116,127,67,17,37,133,47,15,40" hai1="45,98,85,114,19,31,69,105,54,38,4,58,11" hai2="74,1,6,35,134,130,32,60,29,119,22,100,70" hai3="33,102,39,94,73,128,77,28,46,23,107,20,41"/><V14/><F74/><W123/><G123/><T83/><D133/><U99/><E114/><V25/><F119/><W30/><G107/><T125/><D67/><U44/><E69/><V18/><F130/><W68/><G68/><T82/><REACH who="0" step="1"/><D97/><REACH who="0" ten="214,292,237,247" step="2"/><U2/><E99/><V8/><F134/><W121/><G121/><T111/><D111/><U48/><E98/><V108/><F108/><W106/><G128/><T63/><D63/><U36/><E105/><V34/><F100/><W5/><G106/><T0/><D0/><U7/><E2/><V65/><AGARI ba="0,1" hai="1,6,8,14,18,22,25,29,32,34,35,60,65,70" machi="65" ten="30,11700,0" yaku="0,1,24,2,52,1" doraHai="27" who="2" fromWho="2" sc="214,-39,292,-39,237,127,247,-39" /><INIT seed="2,1,0,3,4,53" ten="175,253,364,208" oya="2" hai0="114,35,4,128,97,87,39,66,58,34,14,71,72" hai1="55,26,54,112,9,110,77,28,93,16,100,70,32" hai2="43,17,11,29,57,118,19,94,78,88,129,104,5" hai3="27,1,47,30,75,82,84,125,86,83,48,40,85"/><V131/><F104/><W64/><G125/><T79/><D114/><U135/><E112/><V68/><F68/><W25/><G1/><T73/><D39/><U63/><E110/><V50/><F29/><W99/><G75/><T42/><D71/><U132/><E77/><V126/><F78/><W122/><G122/><T133/><D73/><U8/><E100/><V121/><F118/><W0/><G0/><T24/><D72/><U81/><E81/><V113/><F126/><W51/><G64/><T116/><D42/><U15/><E93/><V18/><F121/><W60/><G60/><T45/><D45/><U98/><E98/><N who="2" m="57671" /><F5/><W119/><G119/><T7/><D116/><U89/><E89/><V127/><F127/><W33/><G99/><T37/><D37/><U120/><E120/><V92/><F92/><W56/><REACH who="3" step="1"/><G27/><REACH who="3" ten="175,253,364,198" step="2"/><T91/><D24/><U12/><E70/><V123/><F123/><W76/><G76/><T130/><D79/><U107/><E107/><V13/><F113/><W108/><G108/><T124/><D97/><U115/><E115/><V67/><F67/><W6/><G6/><T103/><D4/><N who="1" m="3079" /><E63/><V61/><F61/><W3/><G3/><T2/><D2/><U69/><E69/><V36/><F13/><W52/><AGARI ba="1,1" hai="25,30,33,40,47,48,51,52,56,82,83,84,85,86" machi="52" ten="30,7900,0" yaku="1,1,0,1,52,1,54,1,53,0" doraHai="53" doraHaiUra="10" who="3" fromWho="3" sc="175,-21,253,-21,364,-40,198,92" /><INIT seed="3,0,0,2,3,45" ten="154,232,324,290" oya="3" hai0="23,119,68,43,114,92,10,57,7,111,84,67,71" hai1="35,60,4,29,21,49,107,22,134,94,122,65,28" hai2="81,78,18,26,39,70,72,123,85,34,16,133,3" hai3="9,19,127,93,38,91,99,1,98,105,14,59,82"/><W58/><G38/><T27/><D119/><U46/><E107/><V8/><F70/><W124/><G1/><T32/><D32/><U44/><E122/><V116/><F116/><W129/><G129/><T53/><D111/><U79/><E79/><V86/><F39/><W100/><REACH who="3" step="1"/><G82/><REACH who="3" ten="154,232,324,280" step="2"/><T37/><D114/><U47/><E134/><V108/><F133/><W12/><G12/><T51/><D67/><U52/><E35/><V131/><F131/><W103/><G103/><T62/><D37/><U64/><E64/><V102/><F102/><W15/><G15/><T76/><D71/><U54/><E4/><V97/><F123/><W113/><G113/><T77/><D68/><U117/><E117/><V120/><F120/><W104/><G104/><T56/><D7/><U36/><E36/><V125/><F3/><W55/><G55/><T95/><D43/><U24/><E54/><V48/><F81/><W2/><G2/><T135/><D135/><U121/><E121/><V87/><F26/><W25/><G25/><T61/><D27/><N who="1" m="16495" /><E94/><V118/><F34/><W42/><G42/><T20/><D95/><U50/><E65/><V83/><F118/><W126/><AGARI ba="0,1" hai="9,14,19,58,59,91,93,98,99,100,105,124,126,127" machi="126" ten="30,6000,0" yaku="1,1,0,1,18,1,53,0" doraHai="45" doraHaiUra="74" who="3" fromWho="3" sc="154,-20,232,-20,324,-20,280,70" owari="134,-36.6,212,-18.8,304,10.4,350,45.0" /></mjloggm>