<mjloggm ver="2.3"><GO type="225" lobby="0"/><UN n0="%E5%84%AA%40%41%42%43" n1="%E9%B3%B3%E6%9D%B1%E3%81%AE%E3%81%86%E3%81%95%E3%81%8E%E3%81%95%E3%82%93" n2="%E3%82%A2%E3%82%A4%E3%82%B9%E3%83%86%E3%82%A3%E3%83%BC%E3%81%82%E3%81%B9" n3="%E5%B0%8F%E9%B3%A5%E9%81%8A%E7%B7%B4%E7%84%A1%32%31%E6%AD%B3" dan="17,17,16,16" rate="2171.81,2235.43,2088.27,2148.55" sx="M,M,M,F"/><TAIKYOKU oya="0"/><INIT seed="0,0,0,5,4,17" ten="250,250,250,250" oya="0" hai0="2,76,34,38,41,20,97,4,64,42,96,73,133" hai1="91,100,7,71,9,112,36,80,46,11,3,109,115" hai2="126,13,83,0,128,10,108,44,124,48,118,8,79" hai3="92,62,12,105,75,24,18,28,111,114,103,43,135"/><T131/><D34/><U72/><E71/><V93/><F108/><W25/><G75/><T35/><D35/><U125/><E109/><V99/><F128/><W81/><G114/><N who="1" m="43562" /><E125/><N who="2" m="48235" /><F0/><W66/><G135/><T130/><D64/><U74/><E100/><N who="2" m="60527" /><F13/><W90/><G43/><T26/><D133/><U16/><E36/><V119/><F10/><W101/><G111/><T27/><D4/><U56/><E46/><V89/><F8/><W84/><G105/><T5/><D5/><U110/><E56/><V19/><F19/><W55/><G18/><T54/><D54/><U132/><E110/><V15/><F15/><W65/><G55/><T127/><D2/><U102/><E102/><V78/><F48/><W47/><G12/><T121/><D127/><U87/><E132/><V117/><F44/><W122/><G47/><T58/><D58/><U116/><E116/><V23/><F23/><N who="3" m="15391" /><G25/><T45/><D42/><U70/><E70/><V69/><F69/><W98/><G122/><T95/><D27/><U29/><E29/><V53/><F53/><W22/><G22/><T94/><D121/><U14/><AGARI ba="0,0" hai="3,7,9,11,14,16,72,74,80,87,91" m="43562" machi="14" ten="30,2000,0" yaku="11,1,54,1" doraHai="17" who="1" fromWho="1" sc="250,-10,250,20,250,-5,250,-5" /><INIT seed="1,0,0,5,4,71" ten="240,270,245,245" oya="1" hai0="103,41,58,36,118,74,15,78,88,125,26,120,113" hai1="83,129,126,98,117,49,59,66,119,31,111,56,27" hai2="96,25,79,108,2,11,20,48,5,70,86,110,81" hai3="105,37,43,106,1,132,95,19,91,85,10,101,68"/><U90/><E129/><V42/><F70/><W22/><G68/><T82/><D113/><U75/><E126/><V39/><F48/><W33/><G33/><T3/><D118/><U116/><E111/><V114/><F114/><W51/><G51/><T104/><D3/><U76/><E66/><V21/><F96/><W93/><G132/><T16/><D125/><U65/><E65/><V62/><F62/><W13/><G95/><T60/><D120/><U72/><E72/><V54/><F54/><W100/><G101/><T34/><D103/><U84/><E98/><V99/><F99/><W64/><G64/><T130/><D104/><U0/><E0/><V87/><F86/><W6/><REACH who="3" step="1"/><G100/><REACH who="3" ten="240,270,245,235" step="2"/><T55/><D130/><U97/><E49/><V61/><F61/><W69/><G69/><T73/><D34/><U63/><E63/><V28/><REACH who="2" step="1"/><F21/><REACH who="2" ten="240,270,235,235" step="2"/><W29/><G29/><T14/><D60/><U127/><E127/><V115/><F115/><W12/><G12/><T46/><D14/><U52/><E31/><V40/><F40/><W135/><G135/><T131/><D15/><U9/><E119/><V7/><F7/><W4/><G4/><T89/><D131/><U77/><E117/><V23/><F23/><W32/><G32/><T44/><D41/><U123/><E116/><V47/><AGARI ba="0,2" hai="2,5,11,20,25,28,39,42,47,79,81,87,108,110" machi="47" ten="30,4000,0" yaku="1,1,0,1,52,1,53,0" doraHai="71" doraHaiUra="30" who="2" fromWho="2" sc="240,-10,270,-20,235,60,235,-10" /><INIT seed="2,0,0,1,4,126" ten="230,250,295,225" oya="2" hai0="33,120,31,37,34,42,9,65,105,26,109,111,132" hai1="118,50,78,113,95,88,56,39,27,81,91,12,96" hai2="41,83,76,117,36,51,98,68,100,10,131,53,49" hai3="90,79,125,17,40,47,13,89,38,62,64,103,129"/><V54/><F68/><W86/><G125/><T25/><D105/><U134/><E113/><V116/><F36/><W6/><G6/><T102/><D102/><U1/><E1/><V119/><F41/><W55/><G103/><T115/><D65/><U28/><E39/><V59/><F10/><W67/><G79/><T122/><D42/><U30/><E134/><V43/><F43/><W69/><G67/><T80/><D80/><U32/><E118/><V23/><F23/><W85/><G55/><T73/><D73/><U93/><E28/><V24/><F24/><W21/><REACH who="3" step="1"/><G129/><REACH who="3" ten="230,250,295,215" step="2"/><T18/><D122/><U44/><E78/><V84/><F131/><W128/><G128/><T8/><D120/><U97/><E91/><AGARI ba="0,1" hai="13,17,21,38,40,47,62,64,69,85,86,89,90,91" machi="91" ten="40,1300,0" yaku="1,1,53,0" doraHai="126" doraHaiUra="48" who="3" fromWho="1" sc="230,0,250,-13,295,0,215,23" /><INIT seed="3,0,0,5,1,35" ten="230,237,295,238" oya="3" hai0="84,78,85,79,22,42,64,117,68,111,43,14,134" hai1="27,112,90,80,120,131,115,8,114,127,34,0,33" hai2="7,21,9,74,94,126,119,96,50,25,59,103,83" hai3="58,116,135,53,19,106,99,4,11,60,95,47,93"/><W89/><G116/><T6/><D117/><U41/><E120/><V39/><F39/><W98/><G135/><T121/><D121/><U44/><E131/><V130/><F119/><W104/><G19/><T16/><D68/><U108/><E108/><V10/><F130/><W20/><G47/><T81/><D64/><U36/><E127/><V132/><F126/><W97/><G20/><T52/><D111/><U100/><E100/><V67/><F132/><W107/><REACH who="3" step="1"/><G89/><REACH who="3" ten="230,237,295,228" step="2"/><T82/><D134/><U48/><E33/><V110/><F21/><W113/><G113/><T118/><D118/><U57/><E34/><V87/><F110/><W102/><G102/><T40/><D6/><U129/><E129/><V56/><F103/><W45/><G45/><T109/><D109/><U17/><E17/><V128/><F7/><W15/><AGARI ba="0,1" hai="4,11,15,53,58,60,93,95,97,98,99,104,106,107" machi="15" ten="40,3900,0" yaku="1,1,0,1,53,0" doraHai="35" doraHaiUra="29" who="3" fromWho="3" sc="230,-13,237,-13,295,-13,228,49" /><INIT seed="3,1,0,0,0,76" ten="217,224,282,277" oya="3" hai0="46,131,29,7,135,75,60,53,18,0,94,15,117" hai1="97,50,96,79,24,51,28,71,110,33,105,119,109" hai2="80,124,132,23,61,64,13,107,86,38,30,101,41" hai3="68,70,77,111,100,108,25,113,62,125,99,5,57"/><W8/><G125/><T9/><D117/><U1/><E119/><V83/><F124/><W129/><G25/><T17/><D75/><U133/><E133/><V128/><F38/><W98/><G77/><T103/><D135/><U88/><E88/><BYE who="1" /><UN n1="%E9%B3%B3%E6%9D%B1%E3%81%AE%E3%81%86%E3%81%95%E3%81%8E%E3%81%95%E3%82%93" /><V121/><F41/><W63/><G129/><T89/><D131/><U36/><E36/><V52/><F128/><W2/><G62/><T44/><D103/><U48/><E1/><V92/><F107/><W16/><G16/><N who="0" m="6251" /><D29/><U6/><E6/><V104/><F104/><N who="3" m="63511" /><G99/><N who="0" m="57807" /><D0/><U20/><E20/><V116/><F23/><W12/><G2/><T54/><D60/><U56/><E105/><V59/><F30/><W34/><G34/><T106/><D106/><U42/><E97/><N who="2" m="59559" /><F132/><W67/><G113/><T14/><D15/><U114/><E114/><V85/><F121/><W72/><G72/><T65/><D65/><U84/><E33/><V69/><F13/><W74/><G74/><T78/><D78/><U90/><E79/><N who="2" m="46239" /><F69/><W112/><G112/><T31/><D31/><U40/><E71/><V102/><F102/><W45/><G45/><AGARI ba="1,0" hai="7,9,14,44,45,46,53,54" m="57807,6251" machi="45" ten="30,2000,0" yaku="8,1,54,1" doraHai="76" who="0" fromWho="3" sc="217,23,224,0,282,0,277,-23" /><INIT seed="4,0,0,2,0,63" ten="240,224,282,254" oya="0" hai0="98,12,35,41,31,84,127,109,56,51,45,121,106" hai1="72,71,129,0,53,3,15,33,65,74,36,24,107" hai2="82,14,113,115,78,21,125,87,110,57,130,28,132" hai3="114,117,62,119,54,123,37,97,26,120,42,122,55"/><T1/><D1/><N who="1" m="587" /><E53/><N who="3" m="19978" /><G97/><T89/><D121/><U91/><E91/><V19/><F110/><W58/><G26/><T22/><D109/><U20/><E15/><V59/><F125/><W6/><G6/><T96/><D127/><U131/><E107/><V29/><F132/><W128/><G114/><N who="2" m="43529" /><F130/><N who="1" m="49673" /><E36/><V4/><F4/><W104/><G104/><T95/><D106/><U134/><E134/><V27/><F29/><W90/><G90/><T30/><D35/><AGARI ba="0,0" hai="14,19,21,27,28,35,57,59,78,82,87" m="43529" machi="35" ten="30,1000,0" yaku="15,1" doraHai="63" who="2" fromWho="0" sc="240,-10,224,0,282,10,254,0" /><INIT seed="5,0,0,1,0,53" ten="230,224,292,254" oya="1" hai0="130,19,84,13,58,21,126,109,133,72,38,26,44" hai1="90,129,69,135,131,61,134,33,12,80,73,67,108" hai2="60,9,32,57,128,75,77,122,71,31,82,91,46" hai3="37,1,104,83,45,78,113,48,22,20,117,24,35"/><U59/><E33/><V119/><F128/><N who="1" m="49225" /><E108/><V68/><F122/><W111/><G111/><T110/><D72/><U88/><E12/><V81/><F46/><W100/><G37/><T14/><D130/><U52/><E73/><V64/><F119/><W56/><G56/><T40/><D126/><U112/><E112/><V7/><F31/><W63/><G1/><T103/><D133/><N who="1" m="50699" /><E80/><V89/><F32/><W42/><G113/><T11/><D13/><U18/><E18/><V27/><F27/><W49/><G24/><T66/><D109/><U70/><E70/><V0/><F82/><W34/><G34/><T85/><D110/><U97/><E97/><V123/><F123/><W41/><G35/><T4/><REACH who="0" step="1"/><D103/><REACH who="0" ten="220,224,292,254" step="2"/><U79/><E79/><V39/><F77/><W99/><G100/><T96/><D96/><U47/><E47/><V28/><F91/><W124/><G99/><T94/><D94/><U55/><E55/><V16/><F89/><W2/><G45/><T29/><D29/><U102/><E102/><V17/><F28/><W93/><G78/><T6/><D6/><U3/><E3/><V98/><F75/><W92/><G2/><T76/><D76/><U86/><E86/><V101/><F98/><W43/><G93/><T116/><D116/><U65/><E65/><V54/><F101/><W120/><G92/><T95/><D95/><U30/><E30/><V50/><F64/><W10/><G117/><T5/><D5/><U36/><E36/><V25/><F39/><W105/><G104/><T23/><D23/><U8/><E8/><V132/><F132/><RYUUKYOKU ba="0,1" sc="220,15,224,15,292,-15,254,-15" hai0="4,11,14,19,21,26,38,40,44,58,66,84,85" hai1="52,59,61,67,69,88,90" /><INIT seed="5,1,1,4,2,25" ten="235,239,277,239" oya="1" hai0="80,18,24,125,55,120,48,118,135,123,57,54,74" hai1="41,76,101,6,5,115,88,116,75,96,114,52,20" hai2="43,42,33,119,39,7,51,134,15,98,93,22,133" hai3="86,126,59,1,62,21,107,12,127,131,108,36,69"/><U45/><E116/><V97/><F33/><W92/><G107/><T109/><D109/><U16/><E76/><V110/><F110/><W4/><G69/><T11/><D118/><U79/><E79/><V50/><F39/><W105/><G105/><T61/><D125/><N who="3" m="47625" /><G36/><T89/><D135/><N who="2" m="51722" /><F98/><W17/><G131/><T128/><D128/><U84/><E75/><V122/><F122/><N who="0" m="46634" /><D74/><U111/><E52/><N who="0" m="20009" /><D48/><N who="2" m="18474" /><F119/><W44/><G44/><T38/><D38/><N who="1" m="21687" /><E96/><V30/><F30/><W37/><G37/><T56/><D61/><U28/><E101/><N who="2" m="60591" /><F22/><W103/><G21/><N who="0" m="13367" /><D11/><AGARI ba="1,1" hai="7,11,15,42,43" m="60591,18474,51722" machi="11" ten="30,1000,0" yaku="20,1" doraHai="25" who="2" fromWho="0" sc="235,-13,239,0,277,23,239,0" owari="222,-27.8,239,3.9,300,40.0,239,-16.1" /></mjloggm>