<mjloggm ver="2.3"><GO type="225" lobby="0"/><UN n0="%6D%75%75%6D%75%72%61" n1="%E6%98%93%E5%88%A9%E8%96%A9%E4%BC%AF" n2="%E3%81%8F%E3%82%8A%E3%83%94%E3%83%BC" n3="%73%6C%69%63%6B%33%31%39" dan="17,16,16,17" rate="2183.64,2125.66,2100.77,2165.72" sx="F,F,M,M"/><TAIKYOKU oya="0"/><INIT seed="0,0,0,5,5,23" ten="250,250,250,250" oya="0" hai0="69,127,92,42,10,24,21,52,109,66,119,5,115" hai1="75,135,2,107,34,134,129,96,93,3,63,72,35" hai2="17,120,101,77,100,111,112,7,99,40,38,105,33" hai3="110,76,118,20,32,94,15,132,106,47,55,68,30"/><T87/><D115/><U31/><E93/><V6/><F120/><W54/><G118/><T95/><D119/><U4/><E63/><V91/><F112/><W128/><G106/><T28/><D127/><U45/><E45/><V61/><F111/><W64/><G32/><T41/><D109/><U73/><E129/><V124/><F101/><W50/><G110/><T78/><D69/><U125/><E125/><V49/><F38/><W46/><G132/><N who="1" m="50730" /><E4/><V116/><F6/><W16/><G76/><T88/><D66/><U48/><E48/><V36/><F49/><W59/><G68/><T51/><D78/><U29/><E96/><V83/><F99/><W12/><G30/><N who="1" m="11274" /><E107/><V84/><F105/><W103/><G64/><T8/><D92/><U114/><E114/><V121/><F7/><W71/><G71/><T37/><D37/><U60/><E60/><V81/><F61/><N who="3" m="36087" /><G47/><N who="0" m="27775" /><D5/><U26/><E26/><V11/><F36/><W126/><G128/><T1/><D1/><AGARI ba="0,0" hai="1,2,3,34,35,72,73,75" m="11274,50730" machi="1" ten="40,5200,0" yaku="28,2,20,1" doraHai="23" who="1" fromWho="0" sc="250,-52,250,52,250,0,250,0" /><INIT seed="1,0,0,2,4,132" ten="198,302,250,250" oya="1" hai0="25,110,90,28,66,131,135,75,78,23,51,93,8" hai1="42,70,102,12,29,58,14,73,34,11,16,52,91" hai2="68,2,20,26,38,115,74,41,82,95,104,31,125" hai3="21,19,72,109,56,113,7,134,89,5,94,27,24"/><U40/><E70/><V10/><F104/><W97/><G109/><T92/><D110/><U50/><E73/><V77/><F68/><W55/><G134/><T116/><D135/><U30/><E102/><V123/><F123/><W17/><G72/><T84/><D116/><U98/><E34/><V0/><F115/><W57/><G57/><T71/><D131/><U67/><E67/><V39/><F0/><W33/><G113/><T64/><D71/><U85/><E98/><V65/><F65/><W112/><G112/><T107/><D107/><U54/><E54/><V79/><F77/><W117/><G117/><T126/><D126/><U103/><E103/><V36/><F95/><W114/><G114/><T43/><D92/><N who="1" m="54383" /><E14/><V35/><F20/><N who="3" m="13327" /><G33/><T106/><D106/><U44/><E44/><N who="2" m="23591" /><F125/><W6/><G6/><AGARI ba="0,0" hai="2,6,10,26,31,35,38,39,74,79,82" m="23591" machi="6" ten="30,3900,0" yaku="25,1,33,2" doraHai="132" who="2" fromWho="3" sc="198,0,302,0,250,39,250,-39" /><INIT seed="2,0,0,3,3,65" ten="198,302,289,211" oya="2" hai0="94,44,55,73,85,131,107,89,99,77,82,113,7" hai1="127,78,72,134,22,60,24,109,5,33,37,123,80" hai2="38,87,111,50,26,117,114,121,93,8,116,11,112" hai3="132,66,96,129,47,64,83,31,102,100,0,56,48"/><V98/><F38/><W118/><G118/><T76/><D7/><U61/><E37/><V120/><F87/><W95/><G0/><T122/><D55/><U59/><E109/><V35/><F50/><W23/><G129/><T90/><D44/><U46/><E134/><V124/><F93/><W58/><G83/><N who="0" m="45455" /><D122/><N who="2" m="47210" /><F98/><W104/><G104/><T14/><D14/><U32/><E127/><V110/><F124/><W42/><G132/><T125/><D125/><U54/><E46/><V105/><F105/><W19/><G31/><T71/><D71/><U30/><E123/><V53/><F53/><W135/><G100/><N who="0" m="62879" /><D113/><N who="2" m="43626" /><F26/><N who="3" m="14719" /><G135/><T79/><D131/><U49/><E49/><V18/><F35/><W86/><G86/><AGARI ba="0,0" hai="77,79,82,85,86,89,90,94" m="62879,45455" machi="86" ten="30,12000,2" yaku="24,1,35,5" doraHai="65" who="0" fromWho="3" sc="198,120,302,0,289,0,211,-120" /><INIT seed="3,0,0,3,5,67" ten="318,302,289,91" oya="3" hai0="28,2,65,132,134,7,50,91,61,120,32,96,40" hai1="75,54,101,116,48,98,69,119,99,125,77,68,66" hai2="31,81,27,88,52,103,39,135,47,0,70,86,35" hai3="111,4,18,15,6,104,71,115,124,38,22,56,110"/><W74/><G104/><T87/><D120/><U89/><E66/><V12/><F0/><W102/><G74/><T123/><D123/><U62/><E62/><V78/><F70/><W94/><G38/><T60/><D96/><U95/><E125/><V41/><F135/><N who="0" m="51754" /><D2/><U112/><E112/><V36/><F103/><W114/><G56/><T57/><D7/><N who="3" m="2601" /><G94/><N who="0" m="54655" /><D61/><U26/><E26/><V63/><F12/><W42/><G102/><T45/><D28/><U64/><E64/><V80/><F63/><W17/><G42/><T29/><D29/><U5/><E5/><V24/><F24/><N who="3" m="14415" /><G71/><T113/><D32/><U16/><E69/><V25/><F25/><W58/><G58/><T106/><D106/><U131/><E68/><V3/><F3/><W51/><G51/><T11/><D113/><N who="3" m="43017" /><G124/><T107/><D107/><U84/><E48/><V34/><F52/><W105/><G105/><T90/><D90/><U49/><E54/><V53/><F53/><W109/><G15/><T13/><D13/><U21/><E49/><V20/><F39/><W128/><G18/><T72/><D72/><AGARI ba="0,0" hai="20,27,31,34,35,36,41,47,72,78,80,81,86,88" machi="72" ten="30,2000,0" yaku="7,1,54,1" doraHai="67" who="2" fromWho="0" sc="318,-20,302,0,289,20,91,0" owari="298,-10.2,302,10.2,309,40.9,91,-40.9" /></mjloggm>