<mjloggm ver="2.3"><GO type="225" lobby="0"/><UN n0="%E9%80%9F%E6%B0%B4%E5%87%9B%E9%A6%99" n1="%E3%81%A1%E3%82%85%E3%81%86%E3%81%A9%E3%81%8F%E8%B1%A1%E3%81%95%E3%82%93" n2="%6D%75%75%6D%75%72%61" n3="%E6%B2%A1%E7%94%B7" dan="16,17,16,16" rate="2184.61,2205.82,2130.26,2107.17" sx="F,M,F,M"/><TAIKYOKU oya="0"/><INIT seed="0,0,0,0,1,68" ten="250,250,250,250" oya="0" hai0="61,127,97,114,42,128,76,26,66,120,25,103,69" hai1="2,33,94,8,135,99,116,16,92,72,119,90,55" hai2="71,27,84,47,43,82,123,74,124,15,134,106,62" hai3="1,4,37,70,11,39,79,95,41,125,18,60,24"/><T17/><D114/><U107/><E72/><V115/><F123/><W113/><G113/><T21/><D120/><U29/><E107/><V9/><F115/><W78/><G125/><T40/><D127/><U89/><E135/><V58/><F124/><W38/><G41/><T102/><D128/><U0/><E55/><V53/><F134/><W64/><REACH who="3" step="1"/><G95/><REACH who="3" ten="250,250,250,240" step="2"/><T108/><D108/><U6/><E116/><V101/><F106/><W98/><G98/><T91/><D40/><U45/><E119/><V88/><F43/><W96/><G96/><T80/><D42/><U121/><E121/><V28/><F101/><W65/><G65/><T49/><D103/><U30/><E99/><V73/><F71/><W112/><G112/><T100/><D102/><U118/><E118/><V132/><F132/><W54/><G54/><T83/><D100/><U133/><E92/><V131/><F131/><W59/><G59/><T10/><D97/><U34/><E94/><V93/><F93/><W111/><G111/><T56/><D66/><U31/><E133/><V109/><F109/><W110/><G110/><T48/><D56/><U3/><E45/><V104/><F47/><W57/><G57/><T32/><D69/><U105/><E105/><V117/><F104/><W35/><G35/><N who="1" m="13322" /><E90/><V52/><F117/><W23/><AGARI ba="0,1" hai="1,4,11,18,23,24,37,38,39,60,64,70,78,79" machi="23" ten="40,12000,2" yaku="1,1,0,1,52,3,53,2" doraHai="68" doraHaiUra="75" who="3" fromWho="3" sc="250,-60,250,-30,250,-30,240,130" /><INIT seed="1,0,0,4,5,62" ten="190,220,220,370" oya="1" hai0="91,28,81,69,23,65,63,96,123,32,97,73,102" hai1="132,112,127,27,40,80,70,86,29,31,24,4,61" hai2="59,15,55,26,35,90,124,111,93,33,7,85,49" hai3="64,99,56,19,37,36,122,21,20,5,77,50,75"/><U45/><E112/><V76/><F111/><W51/><G122/><T14/><D123/><U104/><E104/><V3/><F124/><W48/><G5/><T2/><D2/><U10/><E127/><V131/><F131/><W117/><G117/><T43/><D43/><U98/><E98/><V54/><F3/><W57/><G75/><T135/><D135/><U116/><E132/><V92/><F76/><W95/><G77/><T114/><D114/><U6/><E116/><V94/><F7/><W72/><G72/><T60/><D73/><U110/><E110/><V126/><F126/><W67/><G37/><T130/><D130/><U115/><E115/><V118/><F15/><W41/><G36/><T1/><D1/><U87/><E61/><V101/><F118/><W66/><G41/><T22/><D32/><U121/><E70/><V46/><F101/><N who="3" m="60671" /><G20/><T34/><D34/><U25/><E121/><V133/><F133/><W58/><G58/><T47/><D47/><U125/><E125/><V107/><F107/><W74/><G74/><T9/><D28/><N who="1" m="10827" /><E10/><V103/><F103/><W8/><G8/><T53/><D22/><U119/><E119/><V39/><F39/><W88/><G88/><T18/><D23/><U78/><E86/><V106/><F106/><W79/><G79/><T105/><D105/><U83/><E80/><N who="2" m="49447" /><F35/><W89/><G89/><T12/><D102/><U82/><E83/><V0/><F0/><W108/><G108/><T52/><D81/><U109/><E109/><V68/><F68/><W11/><G11/><T134/><D134/><U129/><E129/><RYUUKYOKU ba="0,0" sc="190,-15,220,15,220,-15,370,15" hai1="4,6,24,25,27,40,45,78,82,87" hai3="19,21,48,50,51,56,57,64,66,67" /><INIT seed="1,1,0,3,4,24" ten="175,235,205,385" oya="1" hai0="125,32,90,82,81,109,80,29,77,120,6,70,27" hai1="11,87,134,133,17,111,8,85,107,47,46,21,112" hai2="114,0,55,104,53,91,78,30,128,96,75,101,40" hai3="129,117,19,121,34,12,100,116,66,88,54,113,4"/><U124/><E112/><V9/><F114/><W48/><G121/><T38/><D38/><U131/><E107/><V25/><F128/><W7/><G113/><T62/><D109/><U93/><E131/><V127/><F127/><W2/><G2/><T105/><D105/><U10/><E124/><V57/><F40/><W52/><G100/><T37/><D37/><U1/><E1/><V126/><F126/><W45/><G129/><T98/><D125/><U23/><E111/><V119/><F119/><N who="3" m="45643" /><G34/><T39/><D39/><U49/><E93/><V83/><F91/><W106/><G106/><T41/><D41/><U26/><E21/><V102/><F102/><W72/><G66/><T132/><D132/><N who="1" m="50795" /><E46/><V16/><F57/><W44/><G88/><T108/><D108/><U13/><E13/><V110/><F110/><W73/><G54/><AGARI ba="1,0" hai="8,10,11,17,23,26,47,49,54,85,87" m="50795" machi="54" ten="30,1500,0" yaku="20,1" doraHai="24" who="1" fromWho="3" sc="175,0,235,18,205,0,385,-18" /><INIT seed="1,2,0,4,0,81" ten="175,253,205,367" oya="1" hai0="132,12,9,126,42,67,131,7,26,32,53,34,24" hai1="117,113,59,43,75,104,115,69,129,73,62,52,5" hai2="112,98,11,118,79,133,50,70,106,2,51,97,85" hai3="60,15,63,0,134,47,38,99,74,10,78,80,72"/><U130/><E117/><V25/><F118/><W1/><G134/><T109/><D42/><U37/><E104/><V64/><F133/><W110/><G110/><T116/><D132/><U8/><E69/><V128/><F128/><N who="1" m="49257" /><E43/><V86/><F112/><N who="1" m="43081" /><E37/><V56/><F70/><W3/><G74/><T82/><D131/><U102/><E102/><V28/><F79/><W4/><G99/><T13/><D67/><U57/><E59/><V54/><F64/><W121/><G121/><T127/><D82/><U120/><E120/><V16/><F51/><W114/><G114/><T122/><D53/><U44/><E44/><V105/><F105/><W66/><G66/><T84/><D122/><U35/><E35/><N who="0" m="13353" /><D84/><N who="2" m="32362" /><F106/><W27/><G27/><N who="0" m="10283" /><D116/><U48/><E48/><V125/><F50/><W17/><G47/><T58/><D58/><U76/><E76/><V100/><F56/><W88/><G38/><T33/><N who="0" m="13361" /><T135/><DORA hai="123" /><D135/><U65/><E65/><V22/><F54/><W45/><G45/><T103/><D103/><U19/><E19/><V71/><F71/><W55/><G17/><T39/><D39/><U40/><E40/><V89/><F100/><W91/><G55/><T119/><D119/><U68/><E68/><V92/><F98/><W93/><G91/><T20/><D109/><U94/><E75/><V23/><F97/><W30/><G88/><T95/><D95/><U101/><E73/><V96/><F96/><W46/><G93/><T41/><D41/><U36/><E36/><V87/><F92/><W77/><G46/><T31/><D31/><U14/><E94/><RYUUKYOKU ba="2,0" sc="175,15,253,15,205,-15,367,-15" hai0="7,9,12,13,20,126,127" hai1="5,8,14,52,57,62,101" /><INIT seed="1,3,0,5,4,8" ten="190,268,190,352" oya="1" hai0="43,47,102,48,134,114,133,16,14,110,73,24,132" hai1="74,121,2,131,124,75,18,61,100,87,57,71,41" hai2="119,85,58,97,65,128,31,79,112,29,70,118,89" hai3="37,78,21,4,104,54,28,98,53,122,123,38,113"/><U83/><E121/><V23/><F70/><W44/><G113/><T45/><D73/><U25/><E2/><V111/><F112/><W84/><G4/><T56/><D114/><U33/><E71/><V120/><F120/><W99/><G28/><T7/><D7/><U12/><E41/><V101/><F111/><W52/><G21/><N who="0" m="11415" /><D110/><U86/><E100/><V94/><F79/><W90/><G78/><T26/><D102/><U20/><E131/><V69/><F128/><W106/><G84/><T39/><D56/><U67/><E124/><V130/><F69/><W9/><G54/><AGARI ba="3,0" hai="24,26,39,43,45,47,48,54,132,133,134" m="11415" machi="54" ten="30,3900,0" yaku="20,1,52,1,54,1" doraHai="8" who="0" fromWho="3" sc="190,48,268,0,190,0,352,-48" /><INIT seed="2,0,0,0,1,29" ten="238,268,190,304" oya="2" hai0="65,130,8,119,90,75,113,95,35,54,0,93,102" hai1="80,128,41,82,7,117,36,135,55,47,40,97,9" hai2="33,32,34,81,1,50,115,109,107,98,112,39,91" hai3="103,4,125,6,87,16,43,106,15,51,52,96,56"/><V45/><F39/><W120/><G125/><T12/><D75/><U69/><E117/><V94/><F109/><W111/><G111/><T123/><D113/><U122/><E69/><V78/><F107/><W20/><G120/><T23/><D123/><U60/><E40/><V44/><F1/><W26/><G43/><T61/><D35/><U99/><E135/><V2/><F2/><W74/><G74/><T62/><D130/><U88/><E128/><V19/><F19/><W67/><G67/><T129/><D129/><U101/><E122/><V85/><REACH who="2" step="1"/><F45/><REACH who="2" ten="238,268,180,304" step="2"/><W42/><G106/><T31/><D0/><U14/><E36/><V133/><F133/><W53/><G16/><T22/><D119/><U89/><E47/><V46/><F46/><W70/><G4/><T3/><D3/><U38/><E7/><V37/><F37/><W27/><G6/><T116/><D116/><U132/><E38/><V105/><F105/><W76/><G26/><T11/><D11/><U118/><E132/><V58/><F58/><W24/><G27/><T126/><D8/><U17/><E118/><V5/><F5/><W73/><G24/><T121/><D121/><U72/><E9/><V48/><F48/><W83/><G51/><T127/><D12/><U86/><E14/><V59/><F59/><W84/><G56/><N who="0" m="34967" /><D127/><U21/><E17/><V114/><F114/><W66/><G15/><T63/><D126/><U18/><E18/><V134/><F134/><W79/><G70/><T57/><D57/><U28/><E28/><V25/><F25/><W104/><G104/><T49/><D31/><RYUUKYOKU ba="0,1" sc="238,-10,268,-10,180,30,304,-10" hai2="32,33,34,44,50,78,81,85,91,94,98,112,115" /><INIT seed="2,1,1,5,0,28" ten="228,258,210,294" oya="2" hai0="17,101,32,73,40,129,43,133,38,112,52,104,42" hai1="34,61,77,118,103,64,3,110,16,20,122,48,106" hai2="75,46,33,99,2,12,71,93,117,80,97,126,108" hai3="111,81,26,4,59,69,125,120,11,90,23,78,58"/><V22/><F117/><W89/><G120/><T5/><D73/><U18/><E118/><V39/><F2/><W51/><G111/><T41/><D112/><U92/><E3/><V54/><F71/><W86/><G125/><T8/><D17/><U21/><E106/><V83/><F126/><W67/><G69/><T135/><D32/><U50/><E77/><V57/><F108/><W134/><G134/><N who="0" m="51211" /><D129/><U72/><E72/><V49/><F33/><W10/><G51/><T94/><D104/><U30/><E122/><V107/><F75/><W127/><G127/><T14/><N who="0" m="10240" /><DORA hai="36" /><T70/><D70/><U100/><E34/><V31/><F39/><W15/><G11/><T102/><D38/><U47/><E18/><N who="2" m="10567" /><F107/><W27/><G27/><T76/><D76/><U91/><E16/><V44/><F31/><N who="3" m="17887" /><G67/><T128/><D128/><U88/><E64/><V113/><F113/><W13/><G13/><T53/><D94/><U6/><E92/><V95/><F95/><W131/><G131/><T25/><D25/><U60/><E30/><V87/><F99/><W105/><G105/><T62/><D62/><U37/><E37/><V82/><F87/><W96/><G96/><T63/><D63/><U115/><E110/><V66/><F66/><W116/><G116/><T119/><D119/><U29/><E115/><V35/><F35/><W45/><G4/><T55/><AGARI ba="1,1" hai="5,8,14,52,53,55,101,102" m="10240,51211" machi="55" ten="50,12000,2" yaku="20,1,52,4,54,1" doraHai="28,36" who="0" fromWho="0" sc="228,133,258,-31,210,-61,294,-31" /><INIT seed="3,0,0,4,2,123" ten="361,227,149,263" oya="3" hai0="76,2,12,41,15,21,27,24,65,52,56,14,4" hai1="39,126,25,66,78,77,13,134,38,80,95,113,44" hai2="116,6,112,55,71,0,82,83,88,118,46,1,8" hai3="115,132,79,36,57,59,9,43,121,107,19,10,47"/><W67/><G121/><T130/><D130/><U34/><E113/><V7/><F112/><W105/><G115/><T60/><D2/><U3/><E3/><V127/><F71/><W33/><G33/><T31/><D76/><U20/><E66/><V64/><F64/><W89/><G79/><T16/><D41/><U26/><E78/><V73/><F127/><W84/><G132/><T18/><D4/><U29/><E13/><V11/><F73/><W91/><G19/><T32/><D65/><U72/><E134/><V99/><F83/><W45/><G67/><T30/><AGARI ba="0,0" hai="12,14,15,16,18,21,24,27,30,31,32,52,56,60" machi="30" ten="30,4000,0" yaku="0,1,54,2" doraHai="123" who="0" fromWho="0" sc="361,40,227,-10,149,-10,263,-20" owari="401,50.1,217,-18.3,139,-36.1,243,4.3" /></mjloggm>