<mjloggm ver="2.3"><GO type="225" lobby="0"/><UN n0="%33%74%72%65%65" n1="%E3%81%86%E3%83%BC%E3%81%B1%E3%83%BC" n2="%4B%2E%32%2E%4B%2E" n3="%61%69%73%79%6F" dan="16,16,17,17" rate="2148.37,2135.61,2182.36,2228.27" sx="F,F,M,M"/><TAIKYOKU oya="0"/><INIT seed="0,0,0,5,5,115" ten="250,250,250,250" oya="0" hai0="64,29,16,110,113,33,34,112,54,130,37,67,9" hai1="26,120,84,123,131,97,132,85,0,88,38,17,63" hai2="45,121,39,8,70,51,71,49,57,28,20,100,93" hai3="73,19,56,72,7,101,134,1,40,124,96,22,18"/><T47/><D130/><U50/><E38/><V48/><F121/><W109/><G134/><T13/><D110/><U58/><E0/><V102/><F8/><W117/><G124/><T76/><D76/><U41/><E132/><V128/><F128/><W135/><G135/><T129/><D129/><U3/><E3/><V92/><F57/><W80/><G109/><T15/><D112/><U62/><E131/><V52/><F20/><W59/><G117/><T65/><D113/><U118/><E118/><V119/><F119/><W127/><G127/><T126/><D126/><U78/><E97/><V6/><F6/><W104/><G40/><T35/><D15/><U12/><E26/><V99/><F28/><W125/><G125/><T114/><D114/><U5/><E5/><V95/><F102/><W25/><G19/><T44/><D37/><U21/><E123/><V31/><F31/><W75/><REACH who="3" step="1"/><G80/><REACH who="3" ten="250,250,250,240" step="2"/><T83/><D83/><N who="1" m="47223" /><E41/><V32/><F39/><W86/><G86/><T77/><D29/><U14/><E120/><V105/><REACH who="2" step="1"/><F32/><REACH who="2" ten="250,250,240,240" step="2"/><W60/><G60/><T81/><D34/><U94/><E63/><V133/><F133/><W43/><G43/><T24/><D33/><U90/><E62/><V103/><F103/><W55/><G55/><T89/><D54/><N who="1" m="32087" /><E90/><V61/><F61/><W87/><G87/><N who="0" m="48559" /><D89/><U108/><E108/><V111/><F111/><W46/><G46/><T66/><N who="0" m="16384" /><DORA hai="10" /><T4/><D35/><U30/><E30/><V82/><F82/><W2/><G2/><T36/><D36/><U107/><E107/><V69/><AGARI ba="0,2" hai="45,48,49,51,52,69,70,71,92,93,95,99,100,105" machi="69" ten="40,5200,0" yaku="1,1,0,1,54,1,53,0" doraHai="115,10" doraHaiUra="53,27" who="2" fromWho="2" sc="250,-26,250,-13,240,72,240,-13" /><INIT seed="1,0,0,3,4,87" ten="224,237,312,227" oya="1" hai0="94,71,81,23,33,14,22,24,80,11,2,18,69" hai1="98,88,44,25,17,134,67,111,72,15,92,49,21" hai2="91,39,10,29,45,68,1,119,66,26,132,63,54" hai3="101,133,121,110,117,38,85,107,93,37,96,12,7"/><U123/><E123/><V35/><F119/><W125/><G121/><T99/><D33/><U79/><E134/><V77/><F132/><W102/><G133/><T13/><D2/><U43/><E111/><V31/><F77/><W112/><G110/><T109/><D109/><U47/><E72/><V104/><F29/><W50/><G112/><T27/><D69/><U5/><E79/><V6/><F54/><W118/><G125/><T32/><D32/><U56/><E47/><V124/><F124/><W129/><G129/><T135/><D71/><U59/><E67/><V51/><F51/><W126/><G126/><T131/><D131/><U57/><E5/><V86/><F104/><W61/><G61/><T105/><D105/><U89/><E25/><N who="0" m="9801" /><D135/><U55/><REACH who="1" step="1"/><E89/><REACH who="1" ten="224,227,312,227" step="2"/><V100/><F91/><N who="3" m="53487" /><G102/><N who="0" m="60791" /><D23/><U48/><AGARI ba="0,1" hai="15,17,21,43,44,48,49,55,56,57,59,88,92,98" machi="48" ten="20,18000,2" yaku="1,1,0,1,7,1,8,1,52,1,54,1,53,0" doraHai="87" doraHaiUra="30" who="1" fromWho="1" sc="224,-60,227,190,312,-60,227,-60" /><INIT seed="1,1,0,5,1,101" ten="164,417,252,167" oya="1" hai0="83,19,85,45,15,39,113,11,55,81,13,18,3" hai1="60,6,67,110,127,105,118,12,58,29,77,86,130" hai2="24,104,131,114,54,79,23,65,66,27,57,80,74" hai3="59,135,44,82,94,124,61,117,72,88,132,125,89"/><U111/><E118/><V76/><F131/><W42/><G117/><T134/><D113/><U51/><E130/><V78/><F114/><W129/><G129/><T41/><D134/><N who="3" m="51241" /><G72/><T46/><D3/><U47/><E29/><V35/><F35/><W106/><G82/><T5/><D81/><N who="1" m="47407" /><E127/><N who="3" m="48714" /><G106/><T34/><D34/><U50/><E105/><V53/><F104/><W4/><G4/><T90/><D46/><U84/><E84/><V30/><F80/><W120/><G120/><T133/><D133/><U37/><E37/><V93/><F74/><W96/><G96/><T63/><D55/><U49/><E12/><V75/><F75/><W14/><G14/><T2/><D2/><U16/><E16/><V25/><F93/><W10/><G10/><T8/><D5/><U70/><E6/><V95/><F95/><W48/><G94/><T21/><D21/><U62/><E47/><V9/><F9/><W32/><G32/><T126/><D126/><U97/><E97/><V33/><F33/><W52/><AGARI ba="1,0" hai="42,44,48,52,59,61,88,89" m="48714,51241" machi="52" ten="30,7900,0" yaku="20,1,18,1,54,2" doraHai="101" who="3" fromWho="3" sc="164,-21,417,-40,252,-21,167,82" /><INIT seed="2,0,0,1,2,32" ten="143,377,231,249" oya="2" hai0="55,134,117,126,10,68,122,69,35,118,93,36,77" hai1="131,120,21,108,42,51,8,14,19,85,25,7,135" hai2="67,9,98,40,47,54,48,100,15,86,70,104,11" hai3="45,123,133,91,109,26,103,52,99,76,5,37,49"/><V124/><F124/><W44/><G123/><T63/><D35/><U0/><E120/><V33/><F33/><W43/><G133/><T66/><D122/><U83/><E135/><V111/><F111/><W2/><G109/><T79/><D134/><U113/><E108/><V128/><F128/><W75/><G91/><T16/><D126/><U89/><E131/><V12/><F70/><W61/><G26/><T84/><D68/><U101/><E101/><V121/><F121/><W31/><G31/><T81/><D36/><U97/><E97/><V62/><F86/><W3/><G5/><T96/><D77/><U90/><E0/><V110/><F110/><W87/><G87/><T39/><D39/><U71/><E113/><V64/><F40/><W59/><G76/><T129/><D55/><U46/><E71/><V80/><F80/><W105/><G75/><T119/><D129/><U106/><E106/><V38/><F62/><W27/><G27/><T115/><D115/><U24/><E24/><V74/><F38/><W95/><G105/><T112/><D112/><U72/><E72/><V125/><F74/><W22/><G22/><T116/><N who="0" m="29696" /><DORA hai="127" /><T107/><D107/><U92/><E92/><V34/><F34/><W28/><G28/><T50/><D50/><U6/><E89/><V130/><F130/><W114/><G114/><T56/><D69/><U1/><E1/><V94/><F104/><W30/><G30/><AGARI ba="0,0" hai="6,7,8,14,19,21,25,30,42,46,51,83,85,90" machi="30" ten="30,2000,0" yaku="7,1,8,1" doraHai="32,127" who="1" fromWho="3" sc="143,0,377,20,231,0,249,-20" /><INIT seed="3,0,0,4,3,19" ten="143,397,231,229" oya="3" hai0="110,38,36,91,59,64,102,27,4,61,24,131,74" hai1="127,105,69,72,35,46,57,115,32,55,73,29,118" hai2="49,123,65,133,85,21,96,56,107,112,60,77,84" hai3="129,54,111,25,51,37,45,1,94,26,17,23,117"/><W98/><G117/><T48/><D110/><U8/><E69/><V31/><F112/><W50/><G129/><T43/><D131/><U14/><E105/><V89/><F133/><W78/><G1/><T113/><D113/><U34/><E29/><V66/><F107/><W108/><G78/><T106/><D74/><U121/><E121/><V120/><F66/><W83/><G83/><T88/><D4/><U39/><E127/><V71/><F96/><W135/><G135/><T67/><D106/><U40/><E115/><V28/><F84/><W70/><G70/><T58/><D48/><U0/><E0/><V18/><F49/><W76/><G76/><T128/><D128/><U10/><E10/><V119/><F71/><W134/><G134/><T9/><D9/><U2/><E2/><V11/><F77/><W22/><G51/><T95/><D102/><U125/><E125/><V5/><F5/><W90/><REACH who="3" step="1"/><G37/><REACH who="3" ten="143,397,231,219" step="2"/><T44/><D36/><U126/><E118/><V63/><F119/><W42/><G42/><T33/><D33/><U82/><E82/><V79/><F79/><W100/><G100/><T7/><D7/><N who="1" m="3359" /><E126/><V52/><F120/><W101/><G101/><T41/><D41/><U47/><E72/><V30/><F123/><W92/><G92/><T3/><D3/><U116/><E73/><V6/><F6/><W103/><G103/><T87/><REACH who="0" step="1"/><D91/><REACH who="0" ten="133,397,231,219" step="2"/><U124/><E124/><V132/><F89/><W114/><G114/><T13/><D13/><U53/><E116/><V15/><F15/><W16/><AGARI ba="0,2" hai="16,17,22,23,25,26,45,50,54,90,94,98,108,111" machi="16" ten="30,18000,2" yaku="1,1,0,1,9,1,52,2,54,1,53,0" doraHai="19" doraHaiUra="68" who="3" fromWho="3" sc="133,-60,397,-60,231,-60,219,200" owari="73,-42.7,337,13.7,171,-22.9,419,51.9" /></mjloggm>