<mjloggm ver="2.3"><GO type="225" lobby="0"/><UN n0="%E3%82%B3%E3%83%90%E3%83%AC%E3%82%A4" n1="%72%69%6F%75%63%68%61%6E" n2="%E3%83%81%E3%83%83%E3%82%BF%E3%82%BD%E3%83%BC" n3="%E6%97%A5%E6%9B%9C%E6%97%A5%E3%82%88%E3%82%8A%E3%81%AE%E4%BD%BF%E8%80%85" dan="16,16,17,16" rate="2119.69,2150.00,2206.65,2117.71" sx="M,M,F,M"/><TAIKYOKU oya="0"/><INIT seed="0,0,0,0,5,115" ten="250,250,250,250" oya="0" hai0="57,85,14,83,16,109,103,53,21,45,111,114,17" hai1="96,94,132,108,0,49,28,133,131,123,56,34,135" hai2="61,75,47,104,88,52,98,84,38,43,11,95,130" hai3="35,41,27,29,42,48,77,59,40,76,119,87,121"/><T126/><D114/><U9/><E123/><V62/><F130/><W99/><G121/><T22/><D126/><U10/><E131/><V12/><F75/><W36/><G36/><T2/><D103/><U125/><E125/><V60/><F104/><W67/><G119/><T118/><D2/><U33/><E108/><V101/><F101/><W81/><G99/><T44/><D118/><U127/><E127/><V30/><F30/><W58/><G67/><T106/><D106/><U68/><E68/><V4/><REACH who="2" step="1"/><F98/><REACH who="2" ten="250,250,240,250" step="2"/><W31/><G31/><T13/><D111/><U51/><E28/><V107/><F107/><W37/><G37/><T89/><REACH who="0" step="1"/><D109/><REACH who="0" ten="240,250,240,250" step="2"/><U80/><E135/><V82/><F82/><W102/><G102/><T117/><D117/><U63/><E80/><V92/><F92/><W105/><G105/><T8/><D8/><U32/><E9/><V73/><F73/><W3/><G81/><T112/><D112/><U134/><E10/><V23/><F23/><W93/><G93/><T54/><D54/><AGARI ba="0,2" hai="4,11,12,38,43,47,52,54,60,61,62,84,88,95" machi="54" ten="40,5200,0" yaku="1,1,54,2,53,0" doraHai="115" doraHaiUra="120" who="2" fromWho="0" sc="240,-52,250,0,240,72,250,0" /><INIT seed="1,0,0,0,5,36" ten="188,250,312,250" oya="1" hai0="71,105,61,134,13,48,64,123,70,115,17,85,19" hai1="114,121,133,34,107,93,102,110,128,77,65,127,55" hai2="32,67,73,118,41,83,66,82,68,98,2,31,5" hai3="91,63,10,51,57,3,92,132,99,45,50,11,37"/><U112/><E65/><V42/><F118/><W35/><G35/><T78/><D115/><U12/><E12/><V80/><F5/><W6/><G132/><T130/><D105/><U21/><E21/><V109/><F2/><W86/><G11/><T120/><D134/><U60/><E60/><V43/><F109/><W116/><G116/><T111/><D111/><U76/><E55/><V22/><F32/><W29/><G29/><T52/><D71/><U89/><E34/><V9/><F9/><W39/><G99/><T101/><D101/><U131/><E133/><V25/><F68/><W119/><G119/><T69/><D70/><U30/><E30/><V54/><F73/><W4/><G4/><T106/><D106/><U81/><E127/><V87/><F98/><W72/><G72/><T18/><D130/><N who="1" m="49707" /><E121/><V33/><F33/><W59/><G51/><T20/><D123/><U129/><N who="1" m="49715" /><U56/><DORA hai="84" /><E56/><V53/><F87/><W125/><G125/><T40/><D120/><U1/><E1/><V100/><F100/><W122/><G122/><T79/><D40/><U62/><E62/><V0/><F0/><W117/><G117/><T23/><D19/><U96/><E110/><V47/><F54/><N who="3" m="34231" /><G59/><T108/><D108/><U26/><E26/><V88/><F53/><N who="3" m="29903" /><G39/><T124/><D124/><U94/><E107/><V103/><F103/><W46/><G37/><T135/><D135/><U75/><E76/><V7/><F7/><W90/><G46/><T14/><D79/><U38/><E38/><V104/><F104/><W126/><G126/><T58/><D78/><RYUUKYOKU ba="0,0" sc="188,10,250,10,312,-30,250,10" hai0="13,14,17,18,20,23,48,52,58,61,64,69,85" hai1="75,77,81,89,93,94,96,102,112,114" hai3="3,6,10,86,90,91,92" /><INIT seed="1,1,0,4,4,121" ten="198,260,282,260" oya="1" hai0="119,88,31,128,62,133,24,80,117,25,45,107,81" hai1="22,94,3,63,41,74,102,48,49,42,78,57,110" hai2="47,125,135,95,132,123,69,5,21,36,100,113,108" hai3="87,28,91,2,26,129,77,84,40,58,61,50,33"/><U0/><E110/><V27/><F69/><W79/><G2/><T19/><D107/><U18/><E0/><V13/><F123/><W127/><G127/><T120/><D120/><U83/><E3/><V90/><F100/><W73/><G73/><T6/><D6/><U72/><E74/><V116/><F116/><W60/><G129/><T65/><D128/><U4/><E4/><V59/><F59/><W35/><G35/><T82/><D45/><U112/><E112/><V51/><F36/><W97/><G97/><T38/><D38/><U7/><E7/><V85/><F125/><W134/><G134/><N who="2" m="51241" /><F113/><W118/><G118/><T111/><D133/><U32/><E32/><V53/><F13/><W124/><G124/><T17/><D111/><U55/><E48/><V89/><F89/><W9/><G58/><T1/><D1/><U101/><E49/><V71/><F71/><W115/><G50/><T66/><D81/><U43/><REACH who="1" step="1"/><E94/><REACH who="1" ten="198,250,282,260" step="2"/><V126/><F5/><W52/><G33/><T70/><D62/><U37/><E37/><V15/><F126/><W12/><G61/><T109/><D109/><U122/><E122/><V86/><F108/><W105/><G60/><T54/><D70/><U64/><E64/><V29/><F51/><W16/><G115/><T130/><D130/><U23/><E23/><N who="2" m="15615" /><F47/><W99/><G105/><T68/><D68/><U14/><AGARI ba="1,1" hai="14,18,22,41,42,43,55,57,63,72,78,83,101,102" machi="14" ten="30,6000,0" yaku="1,1,0,1,53,1" doraHai="121" doraHaiUra="8" who="1" fromWho="1" sc="198,-21,250,73,282,-21,260,-21" /><INIT seed="1,2,0,3,1,112" ten="177,323,261,239" oya="1" hai0="13,15,131,129,135,26,100,104,126,88,59,51,78" hai1="110,73,76,1,46,37,63,60,72,130,66,119,128" hai2="84,31,70,6,11,14,118,25,93,124,28,134,8" hai3="38,36,67,42,99,21,109,65,0,3,35,62,23"/><U17/><E119/><V116/><F70/><W133/><G35/><T90/><D78/><U44/><E1/><N who="2" m="79" /><F93/><W61/><G99/><T91/><D26/><U45/><E76/><V125/><F84/><W54/><G42/><T18/><D104/><U107/><E107/><V9/><F134/><W47/><G47/><T58/><D100/><U69/><E17/><N who="2" m="8399" /><F11/><W89/><G54/><T41/><D135/><U19/><E19/><V81/><F81/><W32/><G133/><T105/><D105/><U94/><E94/><V114/><F114/><W22/><G32/><T102/><D102/><U87/><E87/><V12/><F12/><N who="0" m="4682" /><D18/><U122/><E122/><V7/><F7/><W82/><G82/><T132/><D41/><N who="1" m="22575" /><E72/><V123/><F123/><W68/><G89/><T49/><D132/><U113/><E73/><V56/><F56/><N who="0" m="21546" /><D126/><N who="2" m="48746" /><F31/><W27/><G68/><T20/><D20/><AGARI ba="2,0" hai="20,25,28,116,118" m="48746,8399,79" machi="20" ten="30,8000,1" yaku="18,1,34,2,52,2" doraHai="112" who="2" fromWho="0" sc="177,-86,323,0,261,86,239,0" /><INIT seed="2,0,0,3,4,80" ten="91,323,347,239" oya="2" hai0="96,32,121,55,131,22,91,37,44,29,57,99,134" hai1="108,64,35,34,107,82,1,129,25,72,15,76,14" hai2="40,49,92,124,53,62,93,119,100,84,52,73,110" hai3="63,46,132,23,71,30,51,103,85,6,10,78,118"/><V112/><F124/><W61/><G118/><T31/><D32/><U120/><E1/><V24/><F112/><W13/><G71/><T11/><D121/><U86/><E120/><V98/><F73/><W116/><G103/><T122/><D122/><U125/><E125/><V26/><F119/><W20/><G132/><T128/><D134/><U39/><E39/><V58/><F110/><W88/><G78/><T123/><D123/><U97/><E108/><V50/><F40/><N who="3" m="25031" /><G116/><T75/><D75/><U65/><E129/><V109/><F109/><W113/><G113/><T68/><D68/><U126/><E126/><V54/><F54/><W38/><G38/><T47/><D37/><U89/><E35/><V5/><F5/><W3/><G3/><T28/><D11/><U67/><E25/><N who="2" m="9835" /><F53/><W135/><G135/><T21/><D31/><U127/><E34/><V41/><F41/><W2/><G2/><T87/><D55/><U7/><E127/><V18/><F18/><W9/><G9/><T16/><D91/><AGARI ba="0,0" hai="49,50,52,58,62,84,91,92,93,98,100" m="9835" machi="91" ten="30,5800,0" yaku="8,1,52,1,54,1" doraHai="80" who="2" fromWho="0" sc="91,-58,323,0,347,58,239,0" /><INIT seed="2,1,0,4,0,77" ten="33,323,405,239" oya="2" hai0="107,28,80,98,12,33,31,6,71,79,42,58,75" hai1="40,105,119,112,19,46,61,90,29,129,49,38,45" hai2="1,84,135,130,120,35,102,81,96,32,62,82,2" hai3="92,108,60,83,131,22,106,30,74,48,16,36,66"/><V134/><F120/><W126/><G106/><T23/><D23/><U111/><E112/><V125/><F130/><W56/><G36/><T24/><D31/><U51/><E119/><V122/><F122/><W26/><G131/><T78/><D58/><U124/><E129/><V50/><F125/><W73/><G126/><T44/><D12/><U10/><E124/><V85/><F50/><W123/><G123/><T91/><D91/><U109/><E105/><V97/><F62/><W7/><G108/><N who="1" m="41546" /><E29/><V25/><F25/><W89/><G7/><T13/><D13/><N who="1" m="7607" /><E45/><V99/><F99/><W0/><G0/><T95/><D79/><U67/><E90/><V34/><F32/><W39/><G39/><T18/><D18/><U113/><E113/><V114/><F114/><W27/><G48/><T53/><D6/><U65/><E65/><V118/><F102/><W63/><G63/><T64/><D64/><U68/><AGARI ba="1,0" hai="38,40,46,49,51,61,67,68" m="7607,41546" machi="68" ten="30,1100,0" yaku="14,1" doraHai="77" who="1" fromWho="1" sc="33,-4,323,14,405,-6,239,-4" /><INIT seed="3,0,0,1,1,123" ten="29,337,399,235" oya="3" hai0="98,34,124,4,88,134,75,94,37,72,18,38,83" hai1="2,76,58,127,49,90,129,26,101,87,64,95,48" hai2="71,39,130,100,61,116,121,22,17,27,10,8,122" hai3="96,126,42,14,52,53,41,107,108,59,109,68,69"/><W77/><G77/><T117/><D18/><U24/><E127/><V31/><F130/><W16/><G126/><T28/><D4/><U5/><E129/><V65/><F116/><W103/><G69/><T50/><D50/><U40/><E2/><V0/><F39/><W114/><G68/><T30/><D34/><U97/><E5/><V132/><F132/><W93/><G107/><T125/><D28/><U113/><E113/><V104/><F0/><W62/><G53/><T89/><D30/><U70/><E70/><V78/><F78/><W111/><G114/><T112/><D38/><U133/><E133/><V84/><F84/><W54/><G54/><T35/><D37/><U55/><E64/><V11/><REACH who="2" step="1"/><F31/><REACH who="2" ten="29,337,389,235" step="2"/><W45/><G45/><T86/><D134/><U102/><E76/><V43/><F43/><W7/><G7/><T131/><D112/><U51/><E102/><V23/><F23/><AGARI ba="0,1" hai="14,16,23,41,42,52,59,62,93,96,103,108,109,111" machi="23" ten="40,18000,2" yaku="14,1,10,1,52,3,54,2" doraHai="123" who="3" fromWho="2" sc="29,0,337,0,389,-180,235,190" owari="29,-47.1,337,13.7,209,-19.1,425,52.5" /></mjloggm>