<mjloggm ver="2.3"><GO type="225" lobby="0"/><UN n0="%E4%B8%89%E5%88%86%E5%B0%8F%E5%83%A7" n1="%E3%81%8B%E3%82%8F%E3%81%A1%E3%82%83%E3%82%93%35%38" n2="%E6%9D%B1%E9%A2%A8%E3%81%AE%E3%81%8D%E3%82%83%E3%81%B7%E3%81%95%E3%82%93" n3="%E3%83%B4%E3%83%A0%EF%BC%99%E3%81%A6" dan="16,16,16,16" rate="2119.18,2165.16,2153.31,2123.63" sx="M,M,M,M"/><TAIKYOKU oya="0"/><INIT seed="0,0,0,1,5,15" ten="250,250,250,250" oya="0" hai0="5,86,109,36,19,102,121,62,16,10,81,55,6" hai1="92,4,124,111,114,135,56,69,58,12,27,72,110" hai2="128,131,113,117,2,43,80,75,84,89,79,77,42" hai3="38,8,33,7,68,44,106,126,91,59,52,122,63"/><T26/><D121/><U99/><E72/><V101/><F2/><W115/><G115/><T108/><D36/><U18/><E69/><V118/><F43/><W47/><G122/><T23/><D102/><U35/><E4/><N who="0" m="1641" /><D10/><U120/><E120/><V78/><F42/><W71/><G33/><T107/><D107/><U57/><E124/><V11/><F11/><W25/><G126/><T97/><D97/><U53/><E135/><V34/><F34/><W93/><G25/><T127/><D127/><U100/><E114/><V73/><F101/><W50/><G106/><T116/><D116/><N who="2" m="44650" /><F113/><W119/><G38/><T65/><D55/><U104/><E104/><V70/><F70/><W96/><G119/><T134/><D134/><U32/><E53/><V46/><F46/><W1/><REACH who="3" step="1"/><G44/><REACH who="3" ten="250,250,250,240" step="2"/><T31/><D108/><N who="1" m="41515" /><E27/><V14/><F14/><W54/><AGARI ba="0,1" hai="1,7,8,47,50,52,54,59,63,68,71,91,93,96" machi="54" ten="20,12000,2" yaku="1,1,0,1,7,1,54,1,53,2" doraHai="15" doraHaiUra="48" who="3" fromWho="3" sc="250,-60,250,-30,250,-30,240,130" /><INIT seed="1,0,0,3,0,64" ten="190,220,220,370" oya="1" hai0="42,56,120,121,5,40,98,39,41,33,71,32,68" hai1="117,127,134,14,29,52,131,31,54,1,49,37,105" hai2="83,113,91,87,89,67,76,19,35,10,53,47,61" hai3="85,94,95,70,72,93,7,84,26,88,116,36,124"/><U122/><E1/><V96/><F35/><N who="0" m="13386" /><D98/><U80/><E37/><V81/><F113/><W86/><G36/><T130/><D56/><U3/><E3/><V50/><F96/><W111/><G72/><T15/><D39/><U126/><E105/><V101/><F101/><W102/><G116/><T107/><D107/><U123/><E117/><V34/><F34/><W103/><G70/><N who="0" m="26667" /><D15/><U17/><E80/><V65/><F61/><W74/><G74/><T16/><D16/><U18/><E14/><N who="2" m="7639" /><F91/><W75/><G75/><AGARI ba="0,0" hai="47,50,53,65,67,75,76,81,83,87,89" m="7639" machi="75" ten="30,1000,0" yaku="25,1" doraHai="64" who="2" fromWho="3" sc="190,0,220,0,220,10,370,-10" /><INIT seed="2,0,0,3,4,33" ten="190,220,230,360" oya="2" hai0="124,130,29,28,86,13,23,36,106,21,120,85,133" hai1="102,58,44,91,16,15,34,1,125,109,12,104,32" hai2="121,48,63,40,62,95,83,128,65,132,73,50,18" hai3="22,14,55,126,81,46,11,69,114,9,51,122,119"/><V64/><F95/><W72/><G119/><T98/><D120/><U6/><E15/><V93/><F93/><W79/><G122/><T96/><D36/><U77/><E77/><V105/><F18/><W53/><G69/><T47/><D47/><U27/><E109/><V99/><F99/><W57/><G114/><T24/><D13/><U19/><E19/><V134/><F121/><W59/><G126/><T89/><D130/><U43/><E58/><N who="2" m="36951" /><F105/><W78/><G78/><T115/><D106/><U84/><E104/><V87/><F73/><W129/><G129/><T7/><D7/><U75/><E102/><V94/><F94/><W112/><G112/><T67/><D67/><U88/><E34/><V56/><F128/><W117/><G117/><T38/><D38/><N who="1" m="21623" /><E84/><V111/><F111/><W82/><G82/><T10/><D115/><U60/><E75/><V118/><F118/><W35/><G35/><T127/><D10/><N who="1" m="2383" /><E60/><V90/><F40/><W61/><G22/><T103/><D24/><U113/><E125/><V2/><F2/><W76/><G81/><T30/><D30/><N who="1" m="19551" /><E113/><V71/><F56/><N who="3" m="34959" /><G72/><T25/><D25/><U52/><E52/><V0/><F0/><W20/><G20/><AGARI ba="0,0" hai="12,16,20,88,91" m="19551,2383,21623" machi="20" ten="30,7700,0" yaku="24,1,52,1,54,2" doraHai="33" who="1" fromWho="3" sc="190,0,220,77,230,0,360,-77" /><INIT seed="3,0,0,5,0,13" ten="190,297,230,283" oya="3" hai0="120,128,113,57,39,46,51,44,85,7,124,15,42" hai1="111,65,105,62,67,108,77,104,117,28,60,66,75" hai2="6,45,92,23,19,127,32,70,22,8,114,69,0" hai3="99,94,64,50,126,109,53,81,48,37,102,26,82"/><W40/><G37/><T12/><D120/><U68/><E117/><V34/><F45/><N who="3" m="25639" /><G126/><T123/><D123/><U25/><E77/><V43/><F43/><W1/><G1/><T74/><D74/><U83/><E83/><V9/><F92/><W27/><G64/><N who="1" m="24682" /><E62/><V58/><F58/><N who="3" m="33079" /><G109/><N who="1" m="42058" /><E75/><V18/><F127/><W116/><G116/><T110/><D110/><U87/><E87/><V33/><F114/><W115/><G115/><T107/><D113/><U130/><E130/><V93/><F93/><W86/><G81/><T106/><D124/><U134/><E134/><V119/><F119/><W96/><G99/><T135/><D135/><U38/><E38/><V55/><F55/><W98/><G96/><T21/><D128/><U52/><E52/><V11/><F70/><W80/><G80/><T133/><D133/><U2/><E2/><V125/><F69/><W71/><G71/><T35/><D57/><U54/><E54/><V84/><F84/><W100/><G100/><T129/><D129/><U5/><E5/><V132/><F132/><W3/><G3/><T4/><D35/><AGARI ba="0,0" hai="25,28,35,60,67,68,104,105" m="42058,24682" machi="35" ten="30,1000,0" yaku="14,1" doraHai="13" who="1" fromWho="0" sc="190,-10,297,10,230,0,283,0" owari="180,-32.0,307,40.7,230,-17.0,283,8.3" /></mjloggm>