<mjloggm ver="2.3"><GO type="225" lobby="0"/><UN n0="%E6%A1%9C%E8%8A%B1%E9%96%83%E3%80%85" n1="%E3%83%9F%E3%83%AA%E3%83%80%E3%81%97%E3%82%88" n2="%E3%81%8A%E3%81%8B%E3%81%8F%E3%82%89" n3="%E6%98%93%E5%88%A9%E8%96%A9%E4%BC%AF" dan="18,16,16,16" rate="2260.98,2079.09,2099.43,2119.25" sx="M,M,M,F"/><TAIKYOKU oya="0"/><INIT seed="0,0,0,2,0,103" ten="250,250,250,250" oya="0" hai0="18,72,63,67,11,36,3,37,120,29,85,132,27" hai1="111,92,25,105,17,86,43,123,94,82,15,130,100" hai2="35,70,76,40,112,41,87,129,109,59,45,47,106" hai3="75,98,78,6,49,42,97,16,19,23,110,83,1"/><T39/><D120/><U32/><E123/><V101/><F70/><W9/><G110/><T104/><D72/><U127/><E111/><V54/><F35/><W55/><G42/><T77/><D132/><U93/><E130/><V34/><F34/><W107/><G107/><T44/><D18/><U24/><E43/><V69/><F69/><W22/><G23/><T13/><D3/><U118/><E118/><V80/><F109/><W5/><G19/><T14/><D44/><U28/><E25/><V131/><F112/><W48/><G48/><T79/><D104/><U95/><E127/><V134/><F134/><W61/><G61/><T30/><D85/><U31/><E31/><V58/><F58/><W46/><REACH who="3" step="1"/><G6/><REACH who="3" ten="250,250,250,240" step="2"/><T88/><D30/><U2/><E105/><V66/><F40/><W71/><G71/><T56/><D11/><U113/><E100/><V62/><F41/><W53/><G53/><T114/><D114/><U102/><E113/><V133/><F133/><W74/><G74/><T91/><D29/><U10/><E102/><V116/><F54/><W96/><G96/><T50/><D50/><U117/><E28/><V64/><F64/><W108/><G108/><T68/><D68/><U20/><E17/><V52/><F66/><W135/><G135/><T90/><REACH who="0" step="1"/><D27/><AGARI ba="0,1" hai="1,5,9,16,22,27,46,49,55,75,78,83,97,98" machi="27" ten="30,3900,0" yaku="1,1,7,1,54,1,53,0" doraHai="103" doraHaiUra="57" who="3" fromWho="0" sc="250,-39,250,0,250,0,240,49" /><INIT seed="1,0,0,2,5,100" ten="211,250,250,289" oya="1" hai0="87,82,19,97,102,20,119,122,72,14,67,131,40" hai1="35,9,126,81,130,83,18,30,78,76,94,79,17" hai2="115,38,128,16,60,63,45,54,33,15,22,77,23" hai3="37,112,11,135,58,31,127,56,47,69,93,103,28"/><U25/><E130/><V89/><F33/><W120/><G69/><T104/><D119/><U6/><E126/><V21/><F128/><W46/><G112/><T57/><D131/><U2/><E94/><V34/><F34/><W91/><G103/><T101/><D122/><U27/><E27/><V110/><F110/><W53/><G120/><T71/><D71/><U70/><E70/><V95/><F77/><W113/><G135/><T12/><D72/><U49/><REACH who="1" step="1"/><E49/><REACH who="1" ten="211,240,250,289" step="2"/><N who="2" m="28975" /><F115/><W133/><G127/><T106/><D102/><U116/><E116/><V64/><F38/><W96/><G37/><T84/><D101/><U24/><E24/><V111/><F111/><W7/><G93/><T66/><D104/><U55/><E55/><V125/><F125/><W86/><G53/><T92/><D106/><U0/><E0/><V10/><F64/><W73/><G133/><T105/><D105/><U29/><E29/><V80/><F80/><AGARI ba="0,1" hai="2,6,9,17,18,25,30,35,76,78,79,80,81,83" machi="80" ten="40,2000,0" yaku="1,1,53,0" doraHai="100" doraHaiUra="8" who="1" fromWho="2" sc="211,0,240,30,250,-20,289,0" /><INIT seed="1,1,0,0,3,53" ten="211,270,230,289" oya="1" hai0="20,129,72,75,49,66,79,131,86,91,68,126,8" hai1="83,9,28,82,80,106,108,105,2,77,5,24,3" hai2="38,30,121,13,98,4,90,52,12,58,78,48,51" hai3="102,114,125,34,100,60,50,118,45,47,43,44,39"/><U132/><E132/><V37/><F121/><W6/><G114/><T11/><D126/><U54/><E2/><V67/><F78/><W73/><G34/><T59/><D68/><U124/><E124/><V26/><F67/><W94/><G73/><N who="0" m="28235" /><D79/><U41/><E77/><V29/><F37/><W27/><G118/><T55/><D20/><U111/><E41/><V0/><F38/><W18/><G6/><T87/><D66/><U101/><E54/><N who="2" m="32071" /><F0/><W33/><G39/><T7/><D7/><U22/><REACH who="1" step="1"/><E101/><REACH who="1" ten="211,260,230,289" step="2"/><V71/><F71/><W16/><G102/><T42/><D42/><U76/><E76/><V1/><F1/><W109/><G125/><T110/><D55/><U14/><E14/><V127/><F127/><W134/><G43/><T25/><D131/><U17/><E17/><V133/><F133/><W122/><G16/><T130/><D129/><U74/><E74/><V19/><F4/><W115/><G18/><T96/><D130/><U61/><E61/><V95/><F26/><W93/><G134/><T103/><D25/><U119/><E119/><V40/><F40/><W135/><G135/><T84/><D103/><U56/><E56/><N who="2" m="32799" /><F12/><W107/><G60/><T35/><D59/><U104/><AGARI ba="1,1" hai="3,5,9,22,24,28,80,82,83,104,105,106,108,111" machi="104" ten="40,3900,0" yaku="1,1,0,1,53,0" doraHai="53" doraHaiUra="92" who="1" fromWho="1" sc="211,-14,260,52,230,-14,289,-14" /><INIT seed="1,2,0,4,1,119" ten="197,312,216,275" oya="1" hai0="76,9,95,49,37,114,132,4,72,63,131,87,116" hai1="96,83,102,113,13,14,12,32,47,68,78,135,103" hai2="45,2,89,123,112,84,38,40,128,122,54,129,79" hai3="53,52,27,51,61,56,46,105,74,107,44,19,25"/><U104/><E113/><V17/><F79/><W117/><G74/><T127/><D114/><U108/><E135/><V34/><F112/><W64/><G117/><T100/><D116/><U35/><E68/><V26/><F2/><W75/><G75/><T0/><D37/><U7/><E7/><V33/><F54/><W133/><G133/><T42/><D132/><U29/><E29/><V77/><F77/><W73/><G73/><T91/><D127/><U58/><E103/><V21/><F33/><W39/><G19/><T101/><D131/><N who="2" m="50250" /><F34/><W99/><G99/><T126/><D63/><U15/><E15/><V6/><F6/><W106/><REACH who="3" step="1"/><G39/><REACH who="3" ten="197,312,216,265" step="2"/><T86/><D72/><U30/><E96/><V120/><F84/><W109/><G109/><T70/><D126/><U1/><E108/><V67/><F67/><W11/><G11/><T16/><D16/><U41/><E30/><V93/><F123/><W98/><G98/><T22/><D87/><U55/><E104/><V43/><F43/><W24/><G24/><T92/><D42/><U88/><E41/><V23/><F23/><W115/><G115/><T59/><D22/><U62/><E32/><V50/><F38/><W71/><G71/><T65/><D70/><U3/><E35/><V130/><F130/><W66/><G66/><T110/><D65/><U82/><E102/><N who="0" m="39529" /><D110/><U18/><E18/><V28/><F28/><W94/><G94/><N who="0" m="54647" /><D76/><U134/><E78/><V97/><AGARI ba="2,1" hai="17,21,26,40,45,50,89,93,97,120,122" m="50250" machi="97" ten="30,4000,0" yaku="19,1,52,2" doraHai="119" who="2" fromWho="2" sc="197,-12,312,-22,216,56,265,-12" /><INIT seed="2,0,0,3,4,55" ten="185,290,272,253" oya="2" hai0="18,93,61,47,3,92,89,41,11,16,133,82,123" hai1="73,86,10,111,94,1,30,132,90,130,83,24,134" hai2="36,77,48,26,124,106,50,14,119,112,22,43,8" hai3="15,80,44,75,33,79,100,99,4,32,29,120,65"/><V72/><F106/><W85/><G120/><T107/><D123/><U71/><E71/><V25/><F112/><W46/><G75/><T31/><D107/><U9/><E111/><V17/><F119/><W12/><G65/><T78/><D133/><N who="1" m="51307" /><E130/><V128/><F128/><W42/><G46/><T23/><D31/><U95/><E95/><V122/><F124/><W127/><G127/><T54/><D3/><U51/><E1/><V52/><F36/><W117/><G29/><T110/><D11/><U2/><E2/><V66/><F66/><W27/><G27/><T115/><D110/><U118/><E118/><V70/><F70/><W105/><G15/><T88/><D41/><U67/><E67/><V131/><F131/><W116/><G116/><T91/><D115/><U39/><E39/><V5/><F43/><W37/><REACH who="3" step="1"/><G117/><REACH who="3" ten="185,290,272,243" step="2"/><T28/><D28/><U53/><E73/><V76/><F72/><W97/><G97/><T60/><D47/><N who="1" m="27903" /><E83/><V109/><F109/><W121/><G121/><T113/><D113/><U40/><E40/><V63/><F122/><W69/><G69/><T62/><D54/><U103/><E103/><V101/><F101/><W57/><G57/><T0/><D0/><U81/><E81/><V87/><F26/><W135/><G135/><T58/><D58/><U98/><E98/><V74/><F74/><W35/><G35/><AGARI ba="0,1" hai="9,10,24,30,35,86,90,94" m="27903,51307" machi="35" ten="30,1000,0" yaku="20,1" doraHai="55" who="1" fromWho="3" sc="185,0,290,20,272,0,243,-10" /><INIT seed="3,0,0,1,4,102" ten="185,310,272,233" oya="3" hai0="126,51,135,88,26,103,111,57,122,36,84,100,73" hai1="119,70,22,94,80,49,47,95,76,58,92,40,5" hai2="14,10,124,37,125,0,77,118,44,78,93,131,3" hai3="38,96,68,18,67,75,52,43,90,120,56,104,129"/><W72/><G120/><T59/><D122/><U116/><E70/><V46/><F118/><N who="1" m="45097" /><E5/><N who="2" m="3407" /><F93/><W134/><G129/><T87/><D73/><N who="1" m="43023" /><E22/><V12/><F12/><W132/><G90/><T33/><D36/><U35/><E58/><V17/><F17/><W9/><G9/><T66/><D111/><U83/><E83/><V81/><F131/><W63/><G18/><T31/><D135/><N who="3" m="51753" /><G43/><T108/><D108/><U41/><E35/><V60/><F60/><N who="3" m="35847" /><G38/><T86/><D103/><AGARI ba="0,0" hai="63,67,68,72,75,96,103,104" m="35847,51753" machi="103" ten="30,5800,0" yaku="20,1,52,1,54,1" doraHai="102" who="3" fromWho="0" sc="185,-58,310,0,272,0,233,58" /><INIT seed="3,1,0,4,0,107" ten="127,310,272,291" oya="3" hai0="72,14,109,6,52,59,67,116,37,51,21,44,101" hai1="95,22,124,53,54,32,91,73,134,49,26,35,104" hai2="126,42,120,83,19,40,25,31,64,87,75,9,5" hai3="86,57,119,96,23,122,11,0,62,108,127,74,80"/><W79/><G119/><T3/><D116/><U97/><E124/><V45/><F126/><W98/><G122/><T85/><D109/><U77/><E134/><V125/><F125/><W36/><G36/><T10/><D101/><U13/><E104/><V105/><F19/><W135/><G127/><T50/><D37/><U47/><E13/><V111/><F111/><W102/><G135/><T39/><D39/><U132/><E132/><V16/><F105/><W56/><G74/><T84/><D67/><U78/><E78/><V69/><F120/><W12/><G0/><T128/><D128/><U60/><E60/><V61/><F45/><W131/><G131/><T68/><D68/><U133/><E133/><V28/><F75/><W114/><G114/><T76/><D21/><U82/><E54/><V48/><F48/><W27/><G102/><T34/><D34/><U92/><E92/><V30/><F5/><N who="3" m="3183" /><G57/><T81/><REACH who="0" step="1"/><D3/><REACH who="0" ten="117,310,272,291" step="2"/><U106/><E106/><V115/><F69/><W15/><G108/><T129/><D129/><U123/><E123/><V130/><F64/><N who="3" m="38983" /><G15/><T7/><D7/><U29/><AGARI ba="1,1" hai="22,26,29,32,35,47,49,53,73,77,82,91,95,97" machi="29" ten="20,2700,0" yaku="0,1,7,1,52,1" doraHai="107" who="1" fromWho="1" sc="117,-8,310,40,272,-8,291,-14" owari="109,-39.1,350,45.0,264,-13.6,277,7.7" /></mjloggm>