<mjloggm ver="2.3"><GO type="225" lobby="0"/><UN n0="%73%6C%69%63%6B%33%31%39" n1="%E3%81%86%E3%83%BC%E3%81%B1%E3%83%BC" n2="%72%61%6B%33" n3="%E3%82%BC%E3%83%AB%E3%83%80%E3%81%AE%E4%BC%9D%E8%AA%AC" dan="16,16,17,16" rate="2140.79,2205.66,2171.37,2173.75" sx="M,F,M,M"/><TAIKYOKU oya="0"/><INIT seed="0,0,0,1,0,67" ten="250,250,250,250" oya="0" hai0="36,9,88,59,68,60,105,135,122,101,11,53,70" hai1="86,115,39,54,104,94,64,40,77,92,17,106,15" hai2="22,52,126,116,132,125,23,71,13,65,4,73,8" hai3="81,6,89,74,83,129,5,49,35,78,84,26,96"/><T18/><D122/><U37/><E54/><V108/><F73/><W114/><G114/><T48/><D36/><U57/><E115/><V99/><F108/><W46/><G129/><T31/><D31/><U25/><E104/><V50/><F99/><W107/><G35/><T10/><D135/><U56/><E106/><V117/><F132/><W69/><G69/><T103/><D105/><U61/><E39/><V119/><F22/><W131/><G131/><T80/><D18/><U24/><E37/><V16/><F65/><W45/><G26/><T97/><D60/><U102/><E56/><V130/><F71/><W98/><G45/><T120/><D120/><U95/><E40/><V112/><F112/><W28/><G28/><T34/><D34/><U76/><E102/><V62/><F62/><W124/><G124/><T51/><D51/><U32/><E32/><V113/><F113/><W110/><G110/><T127/><D127/><U29/><E29/><V118/><N who="2" m="29696" /><DORA hai="38" /><V123/><F123/><W133/><G133/><T63/><D63/><U100/><E100/><V33/><F33/><W41/><REACH who="3" step="1"/><G107/><REACH who="3" ten="250,250,250,240" step="2"/><T85/><D70/><U12/><E24/><N who="2" m="14439" /><F130/><W134/><G134/><T42/><D68/><U109/><E109/><V47/><AGARI ba="0,1" hai="4,8,13,47,50,52,125,126" m="14439,29696" machi="47" ten="60,7900,0" yaku="12,1,54,2" doraHai="67,38" who="2" fromWho="2" sc="250,-39,250,-20,250,89,240,-20" /><INIT seed="1,0,0,4,4,41" ten="211,230,339,220" oya="1" hai0="96,97,102,89,82,118,119,68,22,0,56,48,109" hai1="93,88,33,49,21,1,2,3,80,55,5,30,130" hai2="19,11,99,106,25,127,44,86,50,103,59,122,27" hai3="45,114,52,104,126,46,26,70,101,53,29,131,111"/><U117/><E117/><V84/><F127/><W67/><G114/><T69/><D0/><U121/><E121/><V124/><F124/><W129/><G126/><T32/><D32/><U8/><E130/><N who="3" m="49674" /><G111/><T15/><D109/><U91/><E33/><V92/><F122/><W133/><G133/><T60/><D48/><U65/><E65/><V14/><F59/><W90/><G90/><T94/><D15/><U54/><E54/><N who="3" m="21098" /><G101/><T24/><D69/><U63/><E63/><V107/><F107/><W123/><G104/><T71/><D68/><U100/><E21/><V73/><F73/><W42/><G42/><T75/><D71/><U62/><E30/><V37/><F37/><W13/><G13/><T47/><D47/><N who="3" m="17929" /><G123/><T83/><D75/><U7/><E100/><V125/><F125/><W66/><G70/><T105/><D119/><U78/><E91/><V110/><F110/><W31/><G31/><N who="0" m="17815" /><D118/><U132/><E132/><V16/><F106/><W72/><G72/><T87/><D87/><N who="1" m="48535" /><E1/><V85/><F86/><W23/><AGARI ba="0,0" hai="23,26,29,66,67" m="17929,21098,49674" machi="23" ten="30,8000,1" yaku="19,1,52,3,54,1" doraHai="41" who="3" fromWho="3" sc="211,-20,230,-40,339,-20,220,80" /><INIT seed="2,0,0,5,1,108" ten="191,190,319,300" oya="2" hai0="72,24,69,29,70,59,83,120,71,98,99,124,110" hai1="106,96,111,28,32,91,112,33,53,92,67,22,30" hai2="11,129,135,43,134,39,90,119,40,61,41,73,85" hai3="20,50,132,47,5,60,94,0,122,16,74,75,48"/><V34/><F73/><W2/><G122/><T55/><D120/><U62/><E111/><V86/><F119/><W125/><G125/><T25/><D110/><U3/><E3/><V84/><F34/><W26/><G132/><N who="2" m="50729" /><F39/><W76/><G76/><T7/><D7/><U78/><E112/><V45/><F129/><W56/><G94/><T77/><D124/><U37/><E37/><V63/><F45/><W115/><G115/><T80/><D80/><U6/><E106/><V87/><F11/><W114/><G114/><T10/><D10/><U27/><E78/><V117/><F117/><W21/><G48/><T133/><D133/><U93/><E6/><V19/><F19/><W128/><G128/><T88/><D88/><U100/><E30/><V18/><F18/><W15/><G2/><T66/><D66/><U68/><REACH who="1" step="1"/><E53/><REACH who="1" ten="191,180,319,300" step="2"/><V49/><F49/><W131/><G131/><T102/><D29/><U46/><E46/><V35/><F35/><W54/><G0/><T58/><D55/><U9/><E9/><V127/><F127/><W36/><G36/><T109/><D109/><U126/><E126/><V107/><F107/><W44/><G44/><T4/><D4/><U97/><AGARI ba="0,1" hai="22,27,28,32,33,62,67,68,91,92,93,96,97,100" machi="97" ten="20,2700,0" yaku="1,1,0,1,7,1,53,0" doraHai="108" doraHaiUra="52" who="1" fromWho="1" sc="191,-7,180,37,319,-13,300,-7" /><INIT seed="3,0,0,4,1,85" ten="184,217,306,293" oya="3" hai0="34,135,0,124,2,69,31,92,39,4,102,78,10" hai1="97,66,59,13,109,76,113,67,77,123,24,93,15" hai2="115,120,37,99,100,8,25,7,53,42,38,87,65" hai3="47,40,70,61,117,12,32,79,33,50,29,132,105"/><W98/><G117/><T56/><D69/><U131/><E113/><V51/><F115/><W27/><G132/><T26/><D39/><U5/><E123/><V52/><F65/><N who="1" m="24585" /><E109/><V116/><F42/><W73/><G32/><T64/><D135/><U48/><E24/><V60/><F116/><W86/><G73/><T68/><D68/><U74/><E131/><V58/><F25/><W122/><G122/><T101/><D124/><U22/><E74/><V91/><F120/><W30/><G30/><T71/><D71/><U23/><E59/><V96/><F37/><W55/><G12/><N who="1" m="4682" /><E48/><V133/><F100/><N who="3" m="62615" /><G86/><T94/><D0/><U72/><E72/><V43/><F38/><W90/><G90/><T82/><D102/><N who="1" m="60719" /><E5/><V95/><F133/><W49/><G79/><AGARI ba="0,0" hai="22,23,76,77,79" m="60719,4682,24585" machi="79" ten="30,1000,0" yaku="8,1" doraHai="85" who="1" fromWho="3" sc="184,0,217,10,306,0,293,-10" owari="184,-31.6,227,-17.3,306,40.6,283,8.3" /></mjloggm>