<mjloggm ver="2.3"><GO type="225" lobby="0"/><UN n0="%E3%81%9F%E3%81%A3%E3%81%A1%E3%82%87" n1="%E3%83%AD%E3%83%83%E3%83%86%E9%9B%80%E7%90%83" n2="%E6%97%A5%E6%9B%9C%E6%97%A5%E3%82%88%E3%82%8A%E3%81%AE%E4%BD%BF%E8%80%85" n3="%72%69%6F%75%63%68%61%6E" dan="16,17,18,17" rate="2098.26,2239.18,2178.89,2209.17" sx="M,M,M,M"/><TAIKYOKU oya="0"/><INIT seed="0,0,0,2,4,121" ten="250,250,250,250" oya="0" hai0="36,20,51,65,79,41,108,48,71,120,109,87,15" hai1="0,88,129,37,112,49,131,70,110,101,5,82,26" hai2="62,69,73,3,111,75,10,32,95,6,30,80,14" hai3="103,126,21,45,42,74,81,122,117,23,60,113,53"/><T63/><D120/><U128/><E37/><V92/><F92/><W67/><G126/><T18/><D36/><U127/><E127/><V132/><F95/><W134/><G134/><T57/><D71/><U17/><E110/><N who="0" m="42601" /><D41/><U77/><E101/><V124/><F69/><W43/><G42/><T55/><D65/><U8/><E112/><V115/><F115/><W9/><G113/><T96/><D96/><U4/><E70/><V68/><F132/><W2/><G67/><T28/><D28/><U12/><E0/><V123/><F123/><W7/><G2/><T34/><D34/><U16/><E49/><V106/><F124/><W94/><G43/><T33/><D33/><U66/><E66/><V52/><F68/><W25/><G122/><T78/><D87/><N who="1" m="50295" /><E77/><AGARI ba="0,0" hai="15,18,20,48,51,55,57,63,77,78,79" m="42601" machi="77" ten="30,12000,1" yaku="14,1,10,1,52,3" doraHai="121" who="0" fromWho="1" sc="250,120,250,-120,250,0,250,0" /><INIT seed="0,1,0,0,2,62" ten="370,130,250,250" oya="0" hai0="46,35,72,47,96,34,128,124,64,83,14,70,80" hai1="48,99,110,133,135,43,56,10,132,103,85,11,33" hai2="59,54,0,27,100,25,36,58,39,122,12,73,87" hai3="126,94,7,78,90,4,40,52,38,5,61,114,2"/><T32/><D124/><U9/><E110/><V16/><F73/><W3/><G114/><T51/><D128/><U20/><E33/><V74/><F74/><W112/><G112/><T17/><D96/><U86/><E20/><V101/><F0/><W44/><G126/><T121/><D121/><U26/><E26/><N who="2" m="9739" /><F39/><W24/><G78/><T88/><D72/><U127/><E127/><V69/><F36/><W22/><G52/><T77/><D46/><U67/><E43/><V71/><F71/><W57/><G57/><N who="2" m="21513" /><F69/><W115/><G61/><T29/><D70/><U97/><E67/><V93/><F54/><W42/><G42/><T1/><D64/><U109/><E109/><V66/><F66/><W65/><G115/><T18/><D1/><U23/><E23/><N who="2" m="11655" /><F122/><W37/><G38/><T8/><D29/><U118/><E118/><V104/><F104/><W15/><G65/><T53/><D18/><U30/><E30/><V125/><F125/><W113/><G113/><T13/><D14/><U129/><E129/><V82/><F93/><W117/><G15/><T130/><D130/><U89/><E56/><V91/><AGARI ba="1,0" hai="82,87,91,100,101" m="11655,21513,9739" machi="91" ten="30,2000,0" yaku="8,1,54,1" doraHai="62" who="2" fromWho="2" sc="370,-11,130,-6,250,23,250,-6" /><INIT seed="1,0,0,2,1,131" ten="359,124,273,244" oya="1" hai0="30,51,0,16,83,76,36,31,44,112,29,46,105" hai1="127,117,38,2,8,126,124,93,82,12,128,89,59" hai2="1,63,106,45,56,72,23,94,11,69,80,116,84" hai3="14,57,21,70,95,111,91,75,43,62,27,108,120"/><U98/><E128/><V20/><F116/><W130/><G130/><T88/><D112/><U19/><E117/><V32/><F106/><W109/><G120/><T10/><D105/><U90/><E38/><V68/><F32/><W135/><G135/><T113/><D113/><U119/><E119/><V49/><F72/><W115/><G115/><T58/><D36/><U74/><E2/><V17/><F69/><W24/><G75/><T125/><D76/><U35/><E35/><V81/><F68/><W5/><G43/><T6/><D125/><U4/><E59/><V3/><F3/><W121/><G70/><T77/><D16/><U129/><E129/><V102/><F11/><N who="3" m="4463" /><G21/><N who="2" m="8265" /><F17/><W118/><G121/><T73/><D58/><U66/><E66/><N who="2" m="39271" /><F1/><W61/><G118/><T47/><REACH who="0" step="1"/><D88/><REACH who="0" ten="349,124,273,244" step="2"/><N who="1" m="55591" /><E19/><V60/><F102/><W42/><G61/><T28/><N who="0" m="7168" /><DORA hai="122" /><T123/><D123/><U79/><AGARI ba="0,1" hai="4,8,12,74,79,82,89,90,124,126,127" m="55591" machi="79" ten="40,3900,0" yaku="18,1,54,1" doraHai="131,122" who="1" fromWho="1" sc="349,-13,124,49,273,-13,244,-13" /><INIT seed="1,1,0,0,4,120" ten="336,173,260,231" oya="1" hai0="126,79,132,97,103,2,13,44,55,30,50,15,8" hai1="65,37,89,23,54,96,76,82,62,98,32,18,17" hai2="100,104,26,5,53,16,124,128,87,12,40,73,10" hai3="102,112,130,75,95,51,49,83,113,109,80,27,9"/><U135/><E135/><V28/><F73/><W118/><G109/><T74/><D132/><U38/><E32/><V110/><F110/><W33/><G130/><T20/><D126/><U105/><E54/><V29/><F128/><W127/><G127/><T81/><D2/><U11/><E11/><V4/><F124/><W57/><G118/><T123/><D123/><U101/><E89/><V24/><F40/><W0/><G75/><T47/><D47/><U34/><E98/><V52/><F104/><W3/><G95/><T59/><D44/><U131/><E34/><V70/><F70/><W134/><G102/><T72/><D72/><U46/><E131/><V117/><F117/><W86/><G134/><T19/><D30/><N who="2" m="11882" /><F87/><W69/><G33/><T14/><REACH who="0" step="1"/><D8/><REACH who="0" ten="326,173,260,231" step="2"/><U116/><E116/><V111/><F111/><W22/><G9/><T91/><D91/><U93/><E46/><V41/><F100/><W85/><G0/><T129/><D129/><U90/><E90/><V119/><F119/><W7/><G3/><T42/><D42/><U121/><E121/><V94/><F41/><W107/><G113/><T92/><AGARI ba="1,1" hai="13,14,15,19,20,50,55,59,74,79,81,92,97,103" machi="92" ten="20,2700,0" yaku="1,1,0,1,7,1,53,0" doraHai="120" doraHaiUra="64" who="0" fromWho="0" sc="326,40,173,-14,260,-8,231,-8" /><INIT seed="2,0,0,0,0,129" ten="366,159,252,223" oya="2" hai0="130,116,34,29,100,23,133,128,124,123,31,17,4" hai1="83,39,67,13,47,33,118,72,6,108,78,97,92" hai2="93,10,38,60,69,73,55,77,71,105,74,64,106" hai3="103,12,19,46,58,20,25,48,26,42,51,86,84"/><V126/><F38/><W53/><REACH who="3" step="1"/><G103/><REACH who="3" ten="366,159,252,213" step="2"/><T2/><D100/><U131/><E131/><V9/><F9/><W61/><G61/><T95/><D128/><U122/><E122/><V121/><F10/><W91/><G91/><T7/><D123/><U24/><E118/><V30/><F121/><W8/><G8/><T90/><D116/><U65/><E108/><V127/><F60/><W119/><G119/><T57/><D130/><U98/><E6/><V66/><F126/><W16/><G16/><T80/><D17/><U82/><E13/><V21/><F127/><W75/><G75/><T81/><D4/><U96/><E92/><V85/><F74/><W114/><G114/><T109/><D7/><U102/><E102/><V110/><F73/><W0/><G0/><T40/><D2/><U87/><E72/><V45/><F93/><W104/><G104/><T68/><D95/><U63/><E63/><V15/><F106/><W134/><G134/><T132/><D133/><U120/><E120/><V22/><F105/><W89/><G89/><T50/><D90/><U112/><E112/><V76/><F110/><W3/><G3/><T113/><D113/><U52/><E83/><V62/><F62/><W43/><G43/><T99/><D81/><U56/><E82/><V107/><F107/><W1/><G1/><T54/><D80/><U101/><E101/><V27/><F77/><W35/><G35/><T18/><D34/><U111/><E33/><V117/><F76/><W125/><G125/><T5/><D124/><U59/><E78/><V49/><F117/><W135/><G135/><RYUUKYOKU ba="0,1" sc="366,-10,159,-10,252,-10,213,30" hai3="12,19,20,25,26,42,46,48,51,53,58,84,86" /><INIT seed="3,1,1,3,1,64" ten="356,149,242,243" oya="3" hai0="105,81,77,61,16,20,22,67,1,58,74,33,76" hai1="63,103,128,49,110,31,108,36,92,23,5,44,7" hai2="127,50,126,38,42,95,62,30,37,120,66,28,55" hai3="40,11,114,99,70,96,123,89,59,121,82,57,135"/><W52/><G114/><T109/><D33/><U72/><E72/><V134/><F95/><W27/><G70/><T43/><D105/><U106/><E106/><V102/><F102/><W41/><G135/><T17/><D1/><U118/><E36/><N who="2" m="13931" /><F42/><N who="3" m="16491" /><G123/><T3/><D3/><U91/><E103/><V51/><F134/><W21/><G121/><T71/><D71/><U87/><E128/><V119/><F120/><W101/><G11/><T8/><D109/><U132/><E132/><V25/><F119/><W111/><G111/><T100/><D43/><U15/><E118/><V107/><F107/><W32/><G32/><T6/><D100/><U24/><E110/><V84/><F84/><N who="3" m="50327" /><G101/><T73/><D74/><U68/><E108/><V2/><F2/><W130/><G130/><T104/><D104/><U45/><E15/><V18/><F18/><N who="0" m="7274" /><D73/><U131/><E131/><V112/><F112/><W9/><G9/><T46/><D8/><U86/><E86/><V98/><F98/><N who="3" m="37419" /><G52/><T94/><D6/><U35/><E35/><N who="2" m="20879" /><F55/><W54/><G54/><T39/><D39/><U97/><E97/><V85/><F85/><W133/><G133/><T60/><D67/><U34/><E34/><V56/><F30/><AGARI ba="1,1" hai="21,27,30,57,59" m="37419,50327,16491" machi="30" ten="30,1500,0" yaku="8,1" doraHai="64" who="3" fromWho="2" sc="356,0,149,0,242,-18,243,28" /><INIT seed="3,2,0,4,2,92" ten="356,149,224,271" oya="3" hai0="55,110,80,82,56,52,48,98,64,50,81,67,87" hai1="116,11,58,49,18,96,5,129,74,10,89,71,2" hai2="94,25,121,73,122,53,35,23,57,8,75,102,21" hai3="60,43,34,133,104,112,40,83,0,101,36,113,33"/><W108/><G0/><T128/><D110/><U119/><E71/><V45/><F35/><W59/><G108/><T38/><D38/><U132/><E74/><N who="2" m="28171" /><F45/><W31/><G133/><T115/><D98/><U131/><E132/><V90/><F102/><W46/><G43/><T117/><D128/><U72/><E72/><V91/><F8/><W106/><G83/><N who="0" m="31819" /><D117/><U135/><E135/><V62/><F91/><W29/><G33/><T22/><D22/><U120/><E120/><N who="2" m="46187" /><F25/><W103/><G101/><T100/><D100/><U76/><E76/><V27/><F27/><W9/><G9/><T44/><D115/><U95/><E11/><V37/><F37/><W111/><G111/><T4/><D4/><U124/><E18/><V12/><F12/><W13/><G13/><T79/><AGARI ba="2,0" hai="44,48,50,52,55,56,64,67,79,82,87" m="31819" machi="79" ten="30,2000,0" yaku="8,1,54,1" doraHai="92" who="0" fromWho="0" sc="356,26,149,-7,224,-7,271,-12" owari="382,48.2,142,-35.8,217,-18.3,259,5.9" /></mjloggm>