<mjloggm ver="2.3"><GO type="225" lobby="0"/><UN n0="%E7%AD%89%E3%80%85%E5%8A%9B%E5%8A%87%E5%A0%B4" n1="%E6%B4%BE%E9%81%A3%E3%81%AE%E3%82%B8%E3%83%A3%E3%83%83%E3%82%AF" n2="%E3%81%86%E3%83%BC%E3%81%B1%E3%83%BC" n3="%73%61%6E%64%69%72%69%73" dan="16,16,16,16" rate="2132.45,2156.50,2177.47,2150.90" sx="M,M,M,M"/><TAIKYOKU oya="0"/><INIT seed="0,0,0,0,2,52" ten="250,250,250,250" oya="0" hai0="98,4,71,12,34,114,91,50,48,26,55,6,24" hai1="108,106,81,80,11,17,78,35,8,97,66,72,102" hai2="29,103,58,122,68,39,23,38,44,126,22,84,65" hai3="7,133,131,82,135,83,13,56,117,87,134,10,110"/><T54/><D71/><U5/><E108/><V15/><F122/><W60/><G117/><T124/><D114/><U49/><E35/><V125/><F68/><W92/><G110/><T119/><D124/><N who="2" m="47722" /><F103/><W99/><G131/><T9/><D119/><U27/><E80/><V75/><F75/><W100/><REACH who="3" step="1"/><G87/><REACH who="3" ten="250,250,250,240" step="2"/><T112/><D112/><U116/><E116/><V18/><F84/><W37/><G37/><T30/><D98/><U67/><E49/><V120/><F38/><W63/><G63/><T43/><D48/><U32/><E32/><V25/><F39/><W61/><G61/><T0/><D50/><U69/><E69/><V85/><F85/><W109/><G109/><T89/><D34/><U127/><E127/><V36/><F36/><W107/><G107/><T130/><D130/><U19/><E106/><V57/><F120/><W42/><G42/><T95/><D43/><U121/><E121/><V93/><F44/><W123/><G123/><T113/><D113/><U111/><E111/><V104/><F104/><W101/><G101/><T62/><D62/><U129/><E129/><V70/><F70/><W20/><G20/><T2/><D95/><U118/><E118/><V40/><F40/><W73/><G73/><T64/><D91/><U46/><E46/><V33/><F93/><W128/><G128/><T1/><D89/><U14/><E97/><V45/><F45/><W74/><G74/><T94/><D94/><U96/><E96/><V28/><F65/><AGARI ba="0,1" hai="7,10,13,56,60,65,82,83,92,99,100,133,134,135" machi="65" ten="40,5200,0" yaku="1,1,20,1,52,1,53,0" doraHai="52" doraHaiUra="31" who="3" fromWho="2" sc="250,0,250,0,250,-52,240,62" /><INIT seed="1,0,0,4,3,47" ten="250,250,198,302" oya="1" hai0="123,54,133,94,103,106,3,27,95,37,132,18,118" hai1="8,97,92,66,85,64,102,88,68,19,125,73,96" hai2="116,127,26,117,74,71,29,21,57,52,17,89,108" hai3="40,78,91,79,51,0,60,2,77,128,22,44,83"/><U42/><E73/><V13/><F108/><W93/><G128/><T76/><D118/><U48/><E125/><V99/><F127/><W135/><G135/><T62/><D3/><U4/><E19/><V98/><F71/><W72/><G0/><T41/><D106/><U67/><E68/><V75/><F74/><W12/><G2/><T6/><D6/><U122/><E122/><V87/><F75/><W9/><G22/><T120/><D76/><U28/><E28/><V50/><F117/><W131/><G60/><T81/><D81/><U46/><REACH who="1" step="1"/><E102/><REACH who="1" ten="250,240,198,302" step="2"/><V90/><F116/><W33/><G72/><T129/><D103/><U70/><E70/><V11/><REACH who="2" step="1"/><F90/><REACH who="2" ten="250,240,188,302" step="2"/><W113/><G91/><T43/><D123/><U10/><E10/><V111/><F111/><W86/><G9/><T61/><D120/><U69/><E69/><V59/><F59/><W32/><G78/><T82/><D133/><U121/><E121/><V15/><F15/><AGARI ba="0,2" hai="4,8,15,42,46,48,64,66,67,85,88,92,96,97" machi="15" ten="40,12000,1" yaku="1,1,8,1,52,1,54,1,53,1" doraHai="47" doraHaiUra="80" who="1" fromWho="2" sc="250,0,240,140,188,-120,302,0" /><INIT seed="1,1,0,3,1,37" ten="250,380,68,302" oya="1" hai0="73,43,59,67,83,33,107,17,85,11,32,63,128" hai1="7,53,1,126,102,62,95,100,119,23,117,113,31" hai2="131,82,8,106,29,86,80,90,49,122,132,18,65" hai3="135,108,41,3,25,0,14,105,124,38,127,21,101"/><U116/><E113/><V40/><F122/><W96/><G108/><T123/><D107/><U9/><E126/><N who="3" m="48170" /><G14/><T99/><D73/><U35/><E35/><V88/><F106/><W56/><G56/><T24/><D128/><U94/><E31/><V13/><F132/><W134/><G21/><T60/><D123/><U125/><E125/><V87/><F131/><W93/><G93/><T76/><D33/><U92/><E23/><V103/><F65/><W15/><G15/><T34/><D32/><U98/><E98/><V70/><F70/><W81/><G81/><T109/><D109/><U89/><E89/><V19/><F103/><W111/><G25/><T77/><D24/><U72/><E72/><V27/><F18/><W74/><G74/><T10/><D17/><U48/><E62/><V97/><F97/><W50/><G50/><T45/><D63/><U130/><E130/><V84/><F84/><W69/><G69/><T12/><D34/><U68/><E68/><V79/><F79/><W4/><G111/><T115/><D115/><U44/><AGARI ba="1,0" hai="1,7,9,44,48,53,92,94,95,100,102,116,117,119" machi="44" ten="40,2100,0" yaku="0,1" doraHai="37" who="1" fromWho="1" sc="250,-8,380,24,68,-8,302,-8" /><INIT seed="1,2,0,4,5,81" ten="242,404,60,294" oya="1" hai0="28,56,13,68,74,114,84,97,100,52,5,21,135" hai1="45,72,16,103,61,20,105,30,12,117,9,17,24" hai2="60,116,130,46,78,128,108,58,14,29,96,98,65" hai3="36,102,111,79,19,67,6,110,70,124,82,2,112"/><U109/><E117/><V76/><F108/><W38/><G112/><T83/><D68/><U95/><E72/><V122/><F122/><W47/><G102/><T126/><D114/><U27/><E109/><N who="3" m="41482" /><G19/><T11/><D135/><U62/><E105/><V85/><F116/><W59/><G59/><T94/><D126/><U91/><E103/><V32/><F46/><W8/><G124/><T0/><D74/><U33/><E45/><V131/><F14/><W123/><G123/><T1/><D21/><U134/><E134/><V77/><REACH who="2" step="1"/><F85/><AGARI ba="2,0" hai="9,12,16,17,20,24,27,30,33,61,62,85,91,95" machi="85" ten="30,5800,0" yaku="7,1,52,1,54,1" doraHai="81" who="1" fromWho="2" sc="242,0,404,64,60,-64,294,0" owari="242,-15.8,468,56.8,-4,-50.4,294,9.4" /></mjloggm>