<mjloggm ver="2.3"><GO type="225" lobby="0"/><UN n0="%72%61%6B%33" n1="%E7%B4%94%E6%BD%94%E3%83%94%E3%83%A9%E3%83%8B%E3%82%A2" n2="%E5%B7%9D%E7%80%AC%E6%99%BA%E5%AD%90" n3="%E3%81%8B%E3%82%8F%E3%81%A1%E3%82%83%E3%82%93%35%38" dan="17,17,16,16" rate="2180.86,2195.23,2035.60,2137.17" sx="M,M,M,M"/><TAIKYOKU oya="0"/><INIT seed="0,0,0,1,3,89" ten="250,250,250,250" oya="0" hai0="135,1,23,110,79,94,12,28,71,3,47,42,134" hai1="107,111,83,77,128,20,118,38,56,16,25,132,73" hai2="93,117,24,14,9,109,61,96,32,41,91,65,69" hai3="33,15,30,60,115,86,64,8,50,104,97,22,35"/><T119/><D119/><U40/><E118/><V68/><F109/><W100/><G115/><T78/><D71/><U43/><E111/><V17/><F117/><W18/><G50/><T0/><D110/><U121/><E121/><V48/><F69/><W81/><G30/><T124/><D124/><U129/><E107/><V76/><F76/><W95/><G8/><T29/><D12/><U112/><E112/><V99/><F41/><W130/><G130/><N who="1" m="50282" /><E132/><N who="0" m="50729" /><D23/><U101/><E101/><V54/><F32/><W131/><G131/><T46/><D94/><U66/><E38/><V11/><F24/><W26/><G15/><T75/><D75/><U98/><E98/><V19/><F9/><W7/><G7/><T80/><D80/><U13/><E13/><V5/><REACH who="2" step="1"/><F99/><REACH who="2" ten="250,250,240,250" step="2"/><W108/><G108/><T120/><D120/><U39/><E39/><V21/><F21/><W87/><G35/><T34/><D34/><U55/><E66/><V85/><F85/><W127/><G33/><T84/><D84/><U72/><E73/><V62/><F62/><AGARI ba="0,1" hai="16,20,25,40,43,55,56,62,72,77,83" m="50282" machi="62" ten="30,2000,0" yaku="19,1,54,1" doraHai="89" who="1" fromWho="2" sc="250,0,250,30,240,-20,250,0" /><INIT seed="1,0,0,3,1,6" ten="250,280,220,250" oya="1" hai0="50,127,42,68,108,128,49,133,116,120,90,58,34" hai1="83,54,13,82,32,10,35,70,31,24,19,84,11" hai2="12,132,96,61,44,74,135,47,30,95,60,124,100" hai3="63,119,45,115,80,48,79,112,87,5,111,101,73"/><U117/><E117/><V59/><F74/><W113/><G111/><T86/><D86/><U41/><E35/><V107/><F124/><W106/><G119/><T65/><D90/><U102/><E70/><V69/><F30/><W129/><G129/><T62/><D34/><U75/><E41/><V38/><F69/><W76/><G63/><N who="0" m="39999" /><D116/><U114/><E114/><V109/><F109/><W121/><G121/><T103/><D103/><U122/><E122/><V64/><F60/><W52/><G5/><T123/><D108/><U66/><E66/><V97/><F12/><W36/><G36/><T27/><D27/><U98/><E54/><V28/><F28/><W126/><G126/><T14/><D14/><U21/><E75/><V39/><F39/><W81/><REACH who="3" step="1"/><G101/><REACH who="3" ten="250,280,220,240" step="2"/><T16/><D127/><U7/><E7/><V33/><F38/><W89/><G89/><T92/><D128/><U85/><E83/><V110/><F110/><W91/><G91/><T25/><D123/><U78/><REACH who="1" step="1"/><E84/><REACH who="1" ten="250,270,220,240" step="2"/><V77/><F132/><W40/><G40/><T131/><D42/><U99/><E99/><V51/><F97/><W29/><G29/><T118/><D133/><U22/><E22/><V93/><F33/><W1/><G1/><T67/><D120/><U55/><E55/><V9/><F135/><W20/><G20/><N who="0" m="13447" /><D118/><U26/><E26/><V130/><F130/><W8/><G8/><T71/><D131/><U15/><E15/><V18/><F9/><W23/><G23/><T3/><D3/><U125/><E125/><V94/><F96/><W0/><G0/><T4/><D4/><RYUUKYOKU ba="0,2" sc="250,-15,270,15,220,-15,240,15" hai1="10,11,13,19,21,24,31,32,78,82,85,98,102" hai3="45,48,52,73,76,79,80,81,87,106,112,113,115" /><INIT seed="1,1,2,3,0,72" ten="235,285,205,255" oya="1" hai0="115,59,55,23,56,46,122,90,113,105,96,132,81" hai1="39,116,123,19,75,98,54,104,124,95,102,42,109" hai2="6,27,92,73,84,47,62,48,99,4,12,112,53" hai3="28,37,121,77,30,76,34,18,83,91,70,61,80"/><U29/><E116/><V5/><F73/><W51/><G37/><T58/><D132/><U14/><E123/><V68/><F112/><W94/><G121/><T65/><D122/><U10/><E75/><V0/><F0/><W16/><G70/><T36/><D65/><U128/><E124/><V45/><F68/><W93/><G34/><T50/><D36/><U119/><E119/><V57/><F84/><W103/><G61/><T127/><D127/><U63/><E128/><V31/><F12/><W114/><G114/><T2/><D2/><U67/><E109/><V9/><F9/><W97/><G51/><T35/><D35/><U106/><E54/><V87/><F87/><W86/><G83/><T13/><D81/><U20/><E42/><V21/><REACH who="2" step="1"/><F62/><REACH who="2" ten="235,285,195,255" step="2"/><W101/><G86/><T69/><D69/><U49/><E39/><V85/><F85/><W25/><G80/><T110/><D115/><U82/><E82/><V52/><F52/><W89/><G25/><T79/><D55/><U108/><E108/><V38/><F38/><W66/><G97/><T7/><D96/><U1/><E49/><V44/><F44/><W107/><G107/><T125/><D105/><U133/><E1/><V88/><AGARI ba="1,3" hai="4,5,6,21,27,31,45,47,48,53,57,88,92,99" machi="88" ten="30,7900,0" yaku="1,1,0,1,8,1,54,1,53,0" doraHai="72" doraHaiUra="64" who="2" fromWho="2" sc="235,-21,285,-40,195,112,255,-21" /><INIT seed="2,0,0,2,2,92" ten="214,245,307,234" oya="2" hai0="126,23,0,107,45,78,109,58,95,70,31,68,41" hai1="38,69,124,2,17,115,112,47,60,84,71,16,32" hai2="22,27,125,21,90,119,36,15,24,116,108,59,113" hai3="117,6,9,4,75,72,50,77,19,100,29,52,73"/><V35/><F36/><W96/><G117/><T53/><D107/><U20/><E32/><V87/><F113/><W102/><G29/><T42/><D0/><U5/><E124/><V76/><F35/><W46/><G102/><T1/><D1/><U18/><E20/><V63/><F125/><W14/><REACH who="3" step="1"/><G77/><REACH who="3" ten="214,245,307,224" step="2"/><T104/><D31/><U132/><E115/><V134/><F76/><W26/><G26/><T64/><D126/><U118/><E112/><V101/><F101/><W131/><G131/><T83/><D109/><U111/><E118/><V48/><F27/><W74/><N who="3" m="18432" /><DORA hai="114" /><W40/><G40/><T91/><D42/><U123/><E111/><V81/><F24/><W79/><G79/><T12/><D41/><U55/><E123/><V10/><F108/><W110/><G110/><T93/><D78/><U82/><E38/><V129/><F129/><W120/><G120/><T56/><D91/><U43/><E43/><V28/><F28/><W94/><AGARI ba="0,1" hai="4,6,9,14,19,46,50,52,94,96,100" m="18432" machi="94" ten="60,8000,1" yaku="1,1,0,1,52,1,54,1,53,0" doraHai="92,114" doraHaiUra="86,133" who="3" fromWho="3" sc="214,-20,245,-20,307,-40,224,90" /><INIT seed="3,0,0,5,4,1" ten="194,225,267,314" oya="3" hai0="60,16,37,2,35,23,13,17,6,69,107,133,75" hai1="44,10,67,15,103,129,114,126,56,8,127,19,88" hai2="55,108,118,87,4,124,29,32,99,71,96,73,27" hai3="64,79,11,51,65,111,94,66,132,122,33,9,20"/><W45/><G33/><T106/><D75/><U36/><E103/><V128/><F73/><W43/><G122/><T50/><D37/><U30/><E30/><V131/><F118/><W110/><G132/><T92/><D133/><U130/><E114/><V121/><F71/><W84/><G20/><T119/><D119/><U53/><E67/><V5/><F108/><N who="3" m="41515" /><G94/><T70/><D35/><U83/><E8/><N who="3" m="3146" /><G84/><T100/><D2/><U115/><E115/><V22/><F32/><W21/><G21/><T91/><D6/><U61/><E36/><V57/><F121/><W93/><G93/><T31/><D31/><U116/><E44/><V90/><F124/><N who="1" m="47657" /><E116/><V12/><F12/><W39/><G79/><T0/><D0/><U40/><E40/><V97/><F128/><N who="1" m="49257" /><E83/><N who="2" m="49535" /><F131/><W58/><G39/><T46/><D17/><U85/><E85/><V80/><F80/><W54/><G43/><T101/><D107/><U104/><E104/><V135/><F135/><W89/><G89/><AGARI ba="0,0" hai="10,15,19,53,56,61,88,89" m="49257,47657" machi="89" ten="30,3900,0" yaku="18,1,19,1,54,1" doraHai="1" who="1" fromWho="3" sc="194,0,225,39,267,0,314,-39" /><INIT seed="4,0,0,5,5,15" ten="194,264,267,275" oya="0" hai0="23,87,42,63,26,47,134,27,95,13,122,56,4" hai1="45,61,18,110,94,9,39,32,28,133,31,99,46" hai2="98,44,50,17,74,84,8,20,57,21,19,51,128" hai3="116,73,78,2,123,5,11,127,34,109,132,53,89"/><T115/><D122/><U102/><E110/><V108/><F74/><W130/><RYUUKYOKU type="yao9" ba="0,0" sc="194,0,264,0,267,0,275,0" hai3="2,5,11,34,53,73,78,89,109,116,123,127,130,132" /><INIT seed="4,1,0,5,4,40" ten="194,264,267,275" oya="0" hai0="34,68,88,75,125,26,77,105,112,3,30,38,49" hai1="122,92,98,18,0,12,97,1,66,84,104,93,28" hai2="43,73,55,62,56,116,111,107,23,76,21,29,67" hai3="94,47,10,127,110,87,44,114,27,121,119,9,8"/><T82/><D38/><U129/><E122/><V19/><F107/><W89/><G110/><T53/><D112/><U22/><E129/><V51/><F111/><W46/><G119/><T71/><D125/><U81/><E104/><V24/><F116/><W74/><G74/><T52/><D3/><U4/><E66/><V109/><F109/><W7/><G114/><T100/><D53/><U5/><E28/><V126/><F126/><W132/><G127/><T79/><D79/><U20/><E84/><V108/><F73/><W128/><G128/><T133/><D133/><U33/><E81/><V42/><F76/><W63/><G132/><T54/><D54/><U123/><E123/><V39/><F39/><W115/><G115/><T31/><D31/><U17/><REACH who="1" step="1"/><E12/><REACH who="1" ten="194,254,267,275" step="2"/><N who="2" m="9447" /><F108/><W60/><G121/><T118/><D118/><U131/><E131/><V130/><F130/><W80/><G7/><T83/><D105/><U58/><E58/><AGARI ba="1,1" hai="23,24,29,42,43,51,55,56,58,62,67" m="9447" machi="58" ten="30,1000,0" yaku="8,1" doraHai="40" who="2" fromWho="1" sc="194,0,254,-13,267,23,275,0" /><INIT seed="5,0,0,5,5,29" ten="194,241,290,275" oya="1" hai0="7,39,69,111,15,59,75,74,68,5,83,64,117" hai1="118,26,34,17,65,1,105,32,102,134,67,91,106" hai2="101,92,43,110,103,51,96,37,99,28,125,129,27" hai3="63,108,97,89,52,47,42,124,119,76,122,84,14"/><U112/><E118/><V115/><F110/><W116/><G122/><T18/><D111/><U109/><E109/><V35/><F37/><W121/><G121/><T94/><D117/><N who="3" m="45129" /><G108/><T33/><D39/><U36/><E36/><V81/><F115/><W40/><G76/><T114/><D114/><U70/><E112/><V24/><F129/><W71/><G97/><T79/><D75/><U132/><E1/><V66/><F66/><N who="1" m="25097" /><E70/><V19/><F81/><W53/><G71/><T131/><D131/><U135/><E91/><V21/><F125/><W50/><G124/><T85/><D33/><N who="1" m="12907" /><E102/><V113/><F43/><N who="3" m="24959" /><G14/><T95/><D68/><U3/><E3/><V56/><F113/><W60/><G60/><N who="0" m="37919" /><D69/><U88/><E88/><V54/><F96/><W130/><G130/><T128/><D74/><U58/><E58/><V9/><F9/><W61/><G61/><T123/><D123/><U107/><E106/><V126/><F126/><W25/><G25/><T90/><D128/><U20/><AGARI ba="0,0" hai="17,20,26,105,107,132,134,135" m="12907,25097" machi="20" ten="40,12000,1" yaku="20,1,52,3" doraHai="29" who="1" fromWho="1" sc="194,-40,241,120,290,-40,275,-40" owari="154,-34.6,361,46.1,250,5.0,235,-16.5" /></mjloggm>