<mjloggm ver="2.3"><GO type="225" lobby="0"/><UN n0="%E4%B8%89%E5%86%A0%E7%8E%8B%E3%83%BB%E5%B1%B1%E7%94%B0%E5%93%B2%E4%BA%BA" n1="%E3%81%A1%E3%82%85%E3%81%86%E3%81%A9%E3%81%8F%E8%B1%A1%E3%81%95%E3%82%93" n2="%4E%6F%2E%30%30%30%31" n3="%E9%80%9F%E6%B0%B4%E5%87%9B%E9%A6%99" dan="16,17,18,16" rate="2149.03,2250.42,2230.04,2101.89" sx="M,M,M,F"/><TAIKYOKU oya="0"/><INIT seed="0,0,0,0,4,32" ten="250,250,250,250" oya="0" hai0="8,53,71,48,27,13,81,100,78,2,12,19,58" hai1="46,85,94,101,0,37,130,31,111,119,73,5,98" hai2="24,52,47,66,59,90,124,62,91,20,42,9,4" hai3="75,61,133,10,16,120,114,25,125,103,88,29,30"/><T107/><D71/><U87/><E119/><V54/><F124/><W21/><G75/><T117/><D117/><U97/><E111/><V69/><F90/><W11/><G114/><T80/><D80/><U63/><E73/><V83/><F91/><W74/><G74/><T121/><D121/><U112/><E130/><V108/><F83/><W135/><G125/><T82/><D2/><U28/><E112/><V55/><F108/><W1/><G103/><T49/><D78/><U126/><E63/><V106/><F106/><W84/><G120/><T105/><D105/><U70/><E70/><V41/><F47/><W115/><G115/><T39/><D39/><U35/><E126/><V51/><F41/><W118/><G118/><T60/><D100/><U36/><E35/><V134/><F42/><W6/><G61/><T122/><D107/><U93/><E46/><V33/><F33/><W77/><G77/><T3/><D122/><U131/><E101/><V92/><F92/><W17/><G84/><T34/><D3/><U104/><E104/><V14/><REACH who="2" step="1"/><F134/><REACH who="2" ten="250,250,240,250" step="2"/><N who="3" m="51211" /><G88/><T110/><D110/><U86/><E94/><V99/><F99/><W40/><G40/><T129/><D82/><U113/><E93/><V76/><F76/><W79/><G79/><T72/><D81/><U57/><E98/><V128/><F128/><W26/><G26/><T50/><D129/><U18/><E131/><V44/><F44/><W95/><G95/><T7/><D72/><U102/><E113/><V127/><F127/><W56/><G56/><T116/><D116/><U45/><E57/><V132/><F132/><RYUUKYOKU ba="0,1" sc="250,-15,250,-15,240,15,250,15" hai2="4,9,14,20,24,51,52,54,55,59,62,66,69" hai3="1,6,10,11,16,17,21,25,29,30" /><BYE who="3" /><INIT seed="1,1,1,0,1,40" ten="235,235,255,265" oya="1" hai0="81,51,70,121,95,129,88,54,9,114,11,30,19" hai1="5,55,37,124,117,2,130,8,68,46,76,100,96" hai2="67,116,50,104,64,98,32,91,41,23,3,87,78" hai3="48,62,4,7,63,82,113,65,27,69,106,118,101"/><U127/><E117/><UN n3="%E9%80%9F%E6%B0%B4%E5%87%9B%E9%A6%99" /><V22/><F32/><W66/><G113/><T77/><D114/><U89/><E130/><V80/><F3/><W33/><G118/><T92/><D129/><U10/><E89/><V29/><F116/><W110/><G110/><T72/><D121/><U74/><E68/><V107/><F107/><W111/><G111/><T45/><D70/><U109/><E8/><V14/><F104/><W59/><G82/><T36/><D95/><U93/><E109/><V31/><F98/><N who="3" m="61751" /><G48/><T133/><D133/><U34/><E34/><V79/><F67/><W16/><G16/><T13/><D30/><AGARI ba="1,1" hai="4,7,27,30,33,59,62,63,65,66,69" m="61751" machi="30" ten="30,1000,0" yaku="25,1" doraHai="40" who="3" fromWho="0" sc="235,-13,235,0,255,0,265,23" /><INIT seed="2,0,0,4,2,104" ten="222,235,255,288" oya="2" hai0="50,9,40,73,32,93,79,94,47,24,29,129,45" hai1="30,59,5,17,11,60,107,55,103,115,69,63,58" hai2="26,43,122,120,41,78,6,130,36,97,84,67,133" hai3="89,101,38,8,65,53,77,128,83,124,92,72,90"/><V117/><F117/><W7/><G38/><T121/><D121/><U42/><E115/><V16/><F130/><W0/><G128/><T51/><D129/><U108/><E69/><V116/><F116/><W91/><G124/><T118/><D118/><U44/><E108/><V46/><F133/><W56/><G65/><T134/><D134/><U112/><E112/><V37/><F67/><W52/><REACH who="3" step="1"/><G56/><REACH who="3" ten="222,235,255,278" step="2"/><T111/><D111/><U100/><E59/><V119/><F119/><W86/><G86/><T2/><D2/><U95/><E58/><V82/><F120/><W61/><G61/><T20/><D32/><U1/><E60/><V64/><F64/><W109/><G109/><T114/><D114/><U12/><E63/><V48/><F122/><W96/><AGARI ba="0,1" hai="0,7,8,52,53,72,77,83,89,90,91,92,96,101" machi="96" ten="30,7900,0" yaku="1,1,0,1,52,1,54,1,53,0" doraHai="104" doraHaiUra="31" who="3" fromWho="3" sc="222,-20,235,-20,255,-39,278,89" /><INIT seed="3,0,0,2,2,120" ten="202,215,216,367" oya="3" hai0="62,73,69,8,35,78,49,65,124,105,25,89,68" hai1="32,117,99,14,110,74,67,0,119,80,116,82,36" hai2="93,72,60,94,17,37,97,46,21,129,56,43,39" hai3="13,106,121,86,20,28,33,24,54,85,76,22,98"/><W15/><G121/><T19/><D105/><U130/><E0/><V63/><F72/><W77/><G106/><T40/><D124/><U114/><E114/><V58/><F129/><W42/><G42/><T66/><D89/><U81/><E130/><V111/><F111/><W47/><G98/><T108/><D108/><U44/><E110/><V104/><F104/><W48/><G33/><T2/><D78/><N who="3" m="30313" /><G13/><T125/><D125/><U4/><E32/><V12/><F37/><W103/><G103/><T29/><D73/><U133/><E133/><V135/><F97/><W122/><G122/><T23/><D49/><U3/><E74/><V101/><F101/><W84/><G84/><T31/><D40/><N who="1" m="22535" /><E99/><V96/><F96/><W64/><G64/><T5/><D35/><U123/><E123/><V109/><F135/><W113/><G113/><T88/><D88/><U107/><E107/><V75/><F75/><W26/><G15/><T55/><D55/><U87/><E14/><V127/><F127/><W27/><G27/><T128/><D128/><U16/><E67/><V38/><F38/><W50/><G50/><T30/><REACH who="0" step="1"/><D66/><REACH who="0" ten="192,215,216,367" step="2"/><U7/><E117/><V70/><F109/><W57/><G54/><T71/><AGARI ba="0,1" hai="2,5,8,19,23,25,29,30,31,62,65,68,69,71" machi="71" ten="30,4000,0" yaku="1,1,2,1,0,1,53,0" doraHai="120" doraHaiUra="132" who="0" fromWho="0" sc="192,50,215,-10,216,-10,367,-20" owari="242,4.2,205,-29.5,206,-19.4,347,44.7" /></mjloggm>