<mjloggm ver="2.3"><GO type="225" lobby="0"/><UN n0="%E9%80%9F%E6%B0%B4%E5%87%9B%E9%A6%99" n1="%E3%81%8F%E3%81%BE%E3%81%96%E3%82%8F" n2="%41%54%53%4D" n3="%E3%81%9F%E3%81%A3%E3%81%A1%E3%82%87" dan="16,16,16,16" rate="2098.43,2043.11,2095.55,2074.45" sx="F,M,M,M"/><TAIKYOKU oya="0"/><INIT seed="0,0,0,3,4,94" ten="250,250,250,250" oya="0" hai0="115,12,60,31,9,47,71,55,120,34,132,104,108" hai1="26,17,134,82,91,98,56,86,1,75,125,69,20" hai2="95,48,70,110,67,84,99,22,123,38,128,102,118" hai3="113,72,111,46,43,29,85,88,80,33,130,10,57"/><T74/><D120/><U11/><E69/><V62/><F38/><W32/><G113/><T116/><D116/><U19/><E125/><V92/><F123/><W79/><G111/><T90/><D115/><U52/><E134/><V0/><F0/><W117/><G117/><T96/><D132/><U114/><E114/><V81/><F118/><W121/><G130/><T23/><D74/><U76/><E1/><V21/><F110/><W106/><G106/><T40/><D34/><U68/><E68/><V53/><F95/><W133/><G133/><T103/><D90/><U44/><E44/><V41/><F41/><W45/><G45/><T124/><D124/><U119/><E11/><V126/><F128/><W35/><G57/><T89/><D108/><U4/><E4/><V87/><F126/><W28/><G10/><T63/><D89/><U58/><E58/><V61/><F61/><W13/><G13/><T3/><D3/><U101/><E119/><V50/><F50/><W42/><G42/><T51/><D71/><U5/><E5/><V8/><F8/><W78/><G121/><T49/><D23/><U14/><E14/><V77/><REACH who="2" step="1"/><F87/><REACH who="2" ten="250,250,240,250" step="2"/><W2/><G2/><T83/><D83/><U65/><E82/><V16/><F16/><W105/><G105/><T59/><D31/><U15/><E17/><AGARI ba="0,1" hai="9,12,17,40,47,49,51,55,59,60,63,96,103,104" machi="17" ten="30,2900,0" yaku="7,1,52,1" doraHai="94" who="0" fromWho="1" sc="250,39,250,-29,240,0,250,0" /><INIT seed="0,1,0,4,3,87" ten="289,221,240,250" oya="0" hai0="42,120,54,75,59,128,91,28,81,118,14,13,1" hai1="24,65,122,86,26,83,12,50,41,4,62,107,15" hai2="6,96,40,74,53,43,18,77,30,60,47,98,34" hai3="2,102,76,67,95,11,126,51,79,56,89,135,9"/><T84/><D118/><U113/><E107/><V3/><F18/><W105/><G135/><T61/><D120/><U5/><E122/><V88/><F30/><W125/><G105/><T44/><D128/><U70/><E113/><V46/><F34/><W123/><G102/><T106/><D106/><U109/><E109/><V130/><F130/><W33/><G33/><T19/><D1/><U35/><E35/><V66/><F53/><N who="3" m="31807" /><G67/><T52/><D75/><U131/><E12/><V32/><F32/><W20/><G20/><T85/><D28/><U94/><E131/><V121/><F121/><W93/><G93/><T119/><D119/><U72/><E94/><V97/><F77/><N who="3" m="29771" /><G123/><T10/><D85/><U78/><E72/><V99/><F74/><W58/><G58/><T117/><D117/><U64/><E64/><V129/><F129/><W38/><G38/><T69/><D69/><U71/><E71/><V114/><F114/><W49/><G49/><N who="0" m="26775" /><D14/><U82/><E82/><V39/><F66/><AGARI ba="1,0" hai="10,13,19,52,54,59,61,66,81,84,91" m="26775" machi="66" ten="30,5800,0" yaku="8,1,52,1,54,1" doraHai="87" who="0" fromWho="2" sc="289,61,221,0,240,-61,250,0" /><INIT seed="0,2,0,1,4,133" ten="350,221,179,250" oya="0" hai0="80,76,14,7,103,118,131,23,132,12,25,113,4" hai1="71,94,55,21,47,60,115,0,20,69,28,72,11" hai2="74,8,127,44,42,35,41,27,18,2,84,53,91" hai3="75,120,78,109,114,3,13,48,39,101,6,102,96"/><T9/><D118/><U99/><E72/><V110/><F74/><W112/><G3/><T22/><D113/><U50/><E115/><V81/><F110/><W77/><G39/><T10/><D132/><U105/><E105/><V125/><F53/><W117/><G109/><T33/><D103/><U86/><E86/><V68/><F68/><W16/><G117/><T104/><D104/><U19/><E28/><V126/><F44/><W87/><G120/><T116/><D116/><U65/><E71/><V17/><F17/><W129/><G75/><T130/><D80/><U57/><E69/><V122/><F122/><W111/><G111/><T97/><D97/><U37/><E37/><V1/><F18/><W95/><G102/><T31/><D76/><N who="3" m="29289" /><G129/><AGARI ba="2,0" hai="4,7,9,10,12,14,22,23,25,31,33,129,130,131" machi="129" ten="40,12000,1" yaku="9,1,19,1,34,3" doraHai="133" who="0" fromWho="3" sc="350,126,221,0,179,0,250,-126" /><INIT seed="0,3,0,1,0,89" ten="476,221,179,124" oya="0" hai0="35,2,48,45,39,6,101,38,73,14,24,50,23" hai1="36,71,132,105,4,20,120,25,29,116,15,33,97" hai2="65,123,13,99,130,70,63,134,72,43,21,106,94" hai3="7,127,51,126,124,111,112,76,10,104,59,11,78"/><T80/><D73/><U46/><E116/><V102/><F123/><W53/><G104/><T17/><D80/><U61/><E120/><V98/><F72/><W103/><G112/><T91/><D91/><U129/><E132/><V5/><F134/><W19/><G103/><T31/><D101/><U87/><E129/><V109/><F130/><W79/><G111/><T100/><D100/><U122/><E122/><V75/><F75/><W133/><G133/><T82/><D82/><U135/><E135/><V47/><F109/><W84/><G19/><T1/><D1/><U119/><E119/><V121/><F121/><W108/><G108/><T92/><D92/><U34/><E105/><V88/><F21/><W49/><G49/><T8/><REACH who="0" step="1"/><D50/><REACH who="0" ten="466,221,179,124" step="2"/><U68/><E97/><V28/><F106/><W3/><REACH who="3" step="1"/><G11/><REACH who="3" ten="466,221,179,114" step="2"/><T18/><D18/><U12/><E29/><V32/><F28/><W37/><G37/><T57/><D57/><U64/><E36/><V85/><F102/><W27/><G27/><T81/><D81/><AGARI ba="3,2" hai="3,7,10,51,53,59,76,78,79,81,84,124,126,127" machi="81" ten="40,5200,0" yaku="1,1,18,1,53,1" doraHai="89" doraHaiUra="55" who="3" fromWho="0" sc="466,-61,221,0,179,0,114,81" /><INIT seed="1,0,0,1,1,132" ten="405,221,179,195" oya="1" hai0="8,73,18,90,89,51,111,59,92,109,35,78,27" hai1="9,53,0,107,79,62,81,14,39,32,66,63,135" hai2="4,16,45,11,29,22,100,7,10,131,74,82,124" hai3="70,130,77,2,97,68,108,72,83,25,85,114,28"/><U60/><E135/><V102/><F131/><W49/><G114/><T106/><D106/><U118/><E118/><V42/><F29/><W86/><G2/><T1/><D78/><U41/><E32/><V61/><F61/><W19/><G108/><N who="0" m="41547" /><D73/><U103/><E0/><V65/><F65/><W56/><G19/><T101/><D101/><U129/><E129/><V50/><F124/><W80/><G97/><T26/><D35/><U88/><E53/><V31/><F31/><W40/><G56/><T96/><D90/><U87/><E66/><V37/><F37/><W34/><G72/><T117/><D117/><U36/><E41/><V44/><F82/><W120/><G120/><T3/><D3/><U94/><E103/><N who="2" m="39467" /><F74/><W121/><G121/><T98/><D98/><U47/><E107/><V128/><F128/><W110/><G130/><T5/><D18/><U119/><E119/><V84/><F84/><W112/><G110/><T21/><D21/><U55/><E81/><V67/><F67/><W23/><G34/><T58/><D58/><U15/><E79/><V17/><F45/><W125/><G77/><T52/><AGARI ba="0,0" hai="1,5,8,26,27,51,52,59,89,92,96" m="41547" machi="52" ten="30,2000,0" yaku="14,1,54,1" doraHai="132" who="0" fromWho="0" sc="405,20,221,-10,179,-5,195,-5" /><INIT seed="2,0,0,3,2,104" ten="425,211,174,190" oya="2" hai0="12,135,25,124,89,121,92,81,52,51,111,55,75" hai1="69,80,62,30,9,11,71,10,21,110,4,91,82" hai2="16,18,118,122,94,57,119,3,15,125,2,33,40" hai3="59,108,83,127,61,34,26,36,7,6,72,120,99"/><V22/><F33/><W42/><G120/><T101/><D121/><U113/><E113/><V77/><F122/><W38/><G108/><T66/><D111/><U63/><E110/><V60/><F125/><W76/><G127/><T27/><D124/><U8/><E30/><V96/><F40/><W47/><G36/><T53/><D135/><U109/><E21/><V97/><F77/><W0/><G99/><N who="0" m="59623" /><D75/><U44/><E109/><V67/><F97/><W43/><G43/><T86/><D66/><U123/><E123/><V85/><F85/><W117/><G117/><T14/><D51/><U20/><E20/><V131/><F131/><W126/><G126/><T64/><D64/><U70/><E44/><V90/><REACH who="2" step="1"/><F18/><REACH who="2" ten="425,211,164,190" step="2"/><W98/><G98/><T116/><D116/><AGARI ba="0,1" hai="2,3,15,16,22,57,60,67,90,94,96,116,118,119" machi="116" ten="40,7700,0" yaku="1,1,2,1,54,1,53,0" doraHai="104" doraHaiUra="39" who="2" fromWho="0" sc="425,-77,211,0,164,87,190,0" /><INIT seed="2,1,0,3,3,10" ten="348,211,251,190" oya="2" hai0="93,12,5,77,120,115,35,60,85,110,56,106,2" hai1="119,14,9,111,80,126,36,62,114,108,117,86,100" hai2="113,26,11,51,116,45,59,101,135,52,79,84,124" hai3="38,28,24,70,87,92,53,57,131,4,98,54,109"/><V63/><F113/><W30/><G109/><N who="1" m="42058" /><E36/><V128/><F116/><W49/><G131/><T89/><D106/><U122/><E114/><V69/><F69/><W73/><G73/><T3/><D35/><U82/><E122/><V43/><F128/><W58/><G38/><T17/><D120/><U37/><E37/><V25/><F135/><W96/><G70/><T40/><D115/><U112/><E112/><V23/><F124/><W78/><G4/><T81/><D40/><U61/><E100/><V29/><F25/><W0/><G0/><T64/><D5/><N who="1" m="3375" /><E126/><V75/><F101/><W68/><G68/><T21/><REACH who="0" step="1"/><D110/><REACH who="0" ten="338,211,251,190" step="2"/><U13/><E119/><V134/><F134/><W72/><G72/><AGARI ba="1,1" hai="2,3,12,17,21,56,60,64,72,77,81,85,89,93" machi="72" ten="30,8000,1" yaku="1,1,2,1,7,1,52,1,53,1" doraHai="10" doraHaiUra="105" who="0" fromWho="3" sc="338,93,211,0,251,0,190,-83" /><INIT seed="3,0,0,3,4,57" ten="431,211,251,107" oya="3" hai0="12,95,36,7,19,128,123,17,112,33,78,18,14" hai1="109,89,65,99,52,56,77,20,2,51,44,63,76" hai2="11,91,21,48,125,86,73,116,102,100,38,5,126" hai3="23,72,28,8,32,129,134,106,34,114,122,67,74"/><W43/><G114/><T70/><D36/><U80/><E2/><V41/><F116/><W58/><G122/><T104/><D104/><U133/><E109/><V108/><F73/><W84/><G106/><T3/><D70/><U75/><E133/><V42/><F38/><W59/><G134/><T87/><D123/><U45/><E75/><V121/><F108/><W39/><G72/><T26/><D112/><U85/><E99/><V64/><F121/><W1/><G74/><T110/><D110/><U94/><E45/><N who="2" m="25647" /><F64/><W113/><G113/><T4/><D128/><U124/><E124/><N who="2" m="47723" /><F21/><W47/><G129/><T115/><D78/><N who="1" m="30315" /><E20/><V37/><F42/><W130/><G130/><T96/><D87/><U27/><E27/><V62/><F62/><N who="3" m="38359" /><G1/><T50/><D18/><U49/><E49/><V22/><F22/><W0/><G0/><T111/><D95/><AGARI ba="0,0" hai="44,51,52,56,63,65,80,85,89,94,95" m="30315" machi="95" ten="30,3900,0" yaku="8,1,52,1,54,1" doraHai="57" who="1" fromWho="0" sc="431,-39,211,39,251,0,107,0" owari="392,49.2,250,-15.0,251,5.1,107,-39.3" /></mjloggm>