<mjloggm ver="2.3"><GO type="225" lobby="0"/><UN n0="%E3%83%8F%E3%83%B3%E3%83%89%E3%83%A9%E3%83%BC%E3%83%BB%E3%83%AF%E3%83%B3" n1="%E3%81%A0%E3%81%8A" n2="%E6%A1%9C%E8%8A%B1%E9%96%83%E3%80%85" n3="%E8%B6%85%E7%B4%9A%E9%B3%B3%E5%87%B0" dan="17,16,16,16" rate="2229.38,2039.01,2127.77,2165.56" sx="M,M,M,F"/><TAIKYOKU oya="0"/><INIT seed="0,0,0,1,3,93" ten="250,250,250,250" oya="0" hai0="58,77,118,39,20,49,102,4,64,12,7,112,38" hai1="21,50,134,107,44,13,114,117,3,54,125,48,132" hai2="104,121,86,74,40,11,109,135,108,91,97,99,29" hai3="66,90,106,79,130,68,17,14,57,22,71,105,124"/><T53/><D112/><U96/><E117/><V28/><F121/><W94/><G130/><T89/><D118/><U84/><E3/><V31/><F74/><W52/><G124/><T73/><D102/><U30/><E125/><V15/><F40/><W67/><G79/><T19/><D64/><U95/><E114/><V47/><F47/><W51/><G67/><T0/><D77/><U8/><E107/><V87/><F135/><N who="1" m="51753" /><E84/><N who="2" m="32299" /><F91/><W76/><G76/><T41/><D73/><U37/><E21/><V120/><F104/><W83/><G83/><T128/><D128/><U85/><E85/><V80/><F80/><W45/><G57/><T70/><D70/><U63/><E30/><V16/><F120/><W42/><G42/><T10/><D89/><N who="1" m="55407" /><E37/><V33/><F33/><W88/><G90/><T123/><D123/><U131/><E131/><V36/><F36/><W111/><G105/><T101/><D41/><U18/><E44/><V100/><F100/><W98/><G106/><T55/><D101/><U27/><E27/><V34/><F34/><W103/><G103/><T35/><D35/><U78/><E78/><V26/><F26/><W61/><REACH who="3" step="1"/><G68/><REACH who="3" ten="250,250,250,240" step="2"/><T133/><D133/><U65/><E54/><V81/><F81/><W127/><G127/><T2/><D55/><U43/><E43/><V115/><F115/><W9/><G9/><AGARI ba="0,1" hai="0,2,4,7,9,10,12,19,20,38,39,49,53,58" machi="9" ten="40,2000,0" yaku="9,1" doraHai="93" who="0" fromWho="3" sc="250,30,250,0,250,0,240,-20" /><INIT seed="0,1,0,5,1,83" ten="280,250,250,220" oya="0" hai0="16,117,132,45,37,36,113,119,96,118,52,6,80" hai1="105,0,91,15,24,3,82,78,46,10,41,14,131" hai2="98,60,66,90,123,116,109,55,35,17,81,74,104" hai3="64,135,28,69,128,72,32,12,125,71,100,8,26"/><T73/><D113/><U54/><E131/><V31/><F123/><W85/><G72/><T84/><D73/><U134/><E134/><V76/><F109/><W1/><G1/><T33/><D33/><U99/><E54/><V65/><F116/><W42/><G128/><T21/><D6/><U120/><E120/><V51/><F17/><W20/><G135/><T58/><D96/><U106/><E24/><V126/><F126/><W75/><G75/><T67/><D67/><U27/><E27/><V2/><F2/><W129/><G129/><T130/><D45/><U34/><E34/><V30/><F35/><W57/><G125/><T4/><D4/><U107/><E91/><V121/><F66/><W43/><G32/><T112/><D112/><U39/><E99/><V9/><F9/><W56/><G100/><T88/><D132/><U108/><E108/><V86/><F121/><W70/><G85/><T124/><D124/><U95/><E95/><N who="2" m="54743" /><F51/><W29/><G29/><T49/><REACH who="0" step="1"/><D130/><REACH who="0" ten="270,250,250,220" step="2"/><U50/><E39/><V103/><F55/><W22/><G64/><T94/><D94/><U53/><E53/><V48/><F48/><W47/><G43/><T101/><D101/><U40/><E41/><V5/><F5/><N who="3" m="3087" /><G42/><T38/><D38/><U122/><E122/><V63/><F63/><W89/><G47/><T77/><D77/><U68/><E106/><V110/><F110/><W111/><G111/><T115/><D115/><U7/><E105/><V79/><F79/><W44/><G44/><T133/><D133/><U13/><E107/><V92/><F104/><W97/><G20/><RYUUKYOKU ba="1,1" sc="270,10,250,-30,250,10,220,10" hai0="16,21,36,37,49,52,58,80,84,88,117,118,119" hai2="30,31,60,65,74,76,81,92,98,103" hai3="22,26,28,56,57,69,70,71,89,97" /><INIT seed="0,2,1,0,3,62" ten="280,220,260,230" oya="0" hai0="33,15,0,92,93,45,108,71,97,31,125,90,57" hai1="112,39,61,113,8,7,36,51,6,41,59,2,49" hai2="72,28,73,44,87,4,32,64,37,100,124,107,70" hai3="98,75,63,13,76,81,11,65,135,52,104,121,55"/><T66/><D0/><U83/><E7/><V102/><F87/><W46/><G135/><T128/><D71/><U84/><E39/><V40/><F4/><W126/><G126/><T21/><D33/><U67/><E36/><V91/><F91/><W95/><G104/><T85/><D125/><U99/><E99/><N who="2" m="61855" /><F102/><W12/><G46/><T1/><D1/><U118/><E118/><V3/><F3/><W25/><G25/><T120/><D120/><U26/><E26/><N who="2" m="18455" /><F124/><W96/><G96/><T10/><D128/><U53/><E41/><V48/><F48/><W54/><G11/><T114/><D114/><N who="1" m="44139" /><E53/><V5/><F5/><W14/><G121/><T115/><D115/><U86/><E86/><V56/><F56/><W133/><G133/><T127/><D127/><U132/><E132/><V109/><F109/><W58/><REACH who="3" step="1"/><G54/><REACH who="3" ten="280,220,260,220" step="2"/><T103/><D45/><U47/><E47/><V24/><F24/><W35/><G35/><T79/><D108/><U30/><E30/><V34/><F34/><W69/><G69/><T60/><D31/><U134/><E134/><V101/><F101/><AGARI ba="2,2" hai="12,13,14,52,55,58,63,65,75,76,81,95,98,101" machi="101" ten="40,8000,1" yaku="1,1,52,1,54,1,53,1" doraHai="62" doraHaiUra="78" who="3" fromWho="2" sc="280,0,220,0,260,-86,220,106" /><INIT seed="1,0,0,0,3,44" ten="280,220,174,326" oya="1" hai0="12,102,99,41,107,63,127,67,120,97,103,7,78" hai1="101,46,84,129,14,106,96,52,121,98,24,62,66" hai2="87,39,35,130,122,28,27,75,32,85,110,115,55" hai3="5,33,29,124,2,69,30,105,72,91,83,108,10"/><U53/><E121/><V111/><F122/><W81/><G105/><T95/><D127/><U48/><E129/><V92/><F75/><W80/><G69/><T68/><D120/><U119/><E119/><V100/><F130/><W6/><G124/><T45/><D78/><U20/><E96/><N who="2" m="59399" /><F39/><W128/><G128/><T57/><D7/><U64/><E14/><V56/><F35/><W1/><G108/><N who="2" m="41513" /><F115/><W15/><G72/><T3/><D12/><U86/><E53/><V38/><F38/><W77/><G77/><T70/><REACH who="0" step="1"/><D3/><REACH who="0" ten="270,220,174,326" step="2"/><U117/><E117/><V17/><F17/><W23/><G5/><T126/><D126/><U36/><E36/><AGARI ba="0,1" hai="36,41,45,57,63,67,68,70,95,97,99,102,103,107" machi="36" ten="30,2000,0" yaku="1,1,7,1,53,0" doraHai="44" doraHaiUra="8" who="0" fromWho="1" sc="270,30,220,-20,174,0,326,0" /><INIT seed="2,0,0,1,4,110" ten="300,200,174,326" oya="2" hai0="28,81,70,134,18,98,21,17,48,23,84,111,73" hai1="32,34,7,108,58,33,26,119,97,63,50,105,51" hai2="19,10,36,124,80,85,101,92,20,61,0,103,9" hai3="39,135,47,94,128,116,83,38,133,122,72,100,104"/><V37/><F124/><W46/><G116/><T113/><D70/><U15/><E119/><V11/><F0/><W91/><G122/><T41/><D73/><U127/><E108/><V42/><F61/><W40/><G128/><T89/><D111/><U5/><E127/><V126/><F126/><W6/><G6/><T56/><D113/><U62/><E62/><V78/><F42/><W27/><G27/><T87/><D134/><N who="3" m="51209" /><G104/><T65/><D98/><U64/><E26/><V1/><F1/><W71/><G71/><T74/><D74/><U59/><E59/><V31/><F31/><W3/><G3/><T102/><D102/><U69/><E58/><V60/><F60/><W13/><G13/><T53/><D65/><U129/><E129/><V95/><F37/><W35/><G35/><T77/><D41/><U132/><E132/><V8/><N who="2" m="2048" /><DORA hai="114" /><V75/><F36/><W12/><G12/><T68/><D68/><U54/><E15/><N who="2" m="9343" /><F75/><W4/><G72/><T82/><D21/><U76/><E34/><V66/><F66/><W115/><G39/><T99/><D99/><U120/><E33/><V130/><F130/><W109/><G109/><T117/><D117/><U88/><E32/><V118/><F118/><W123/><G38/><T16/><D23/><U29/><E120/><V93/><AGARI ba="0,0" hai="78,80,85,92,93,95,101,103" m="9343,2048" machi="93" ten="50,2400,0" yaku="8,1" doraHai="110,114" who="2" fromWho="2" sc="300,-8,200,-8,174,24,326,-8" /><INIT seed="2,1,0,0,5,124" ten="292,192,198,318" oya="2" hai0="60,7,59,102,8,18,125,1,101,35,23,135,130" hai1="6,92,85,84,90,83,66,22,69,51,103,94,78" hai2="64,30,80,44,87,118,96,122,2,110,120,70,112" hai3="53,54,10,16,49,61,28,106,72,75,33,116,62"/><V73/><F118/><W38/><G38/><T82/><D35/><U74/><E6/><V127/><F112/><W47/><G116/><T24/><D125/><U43/><E66/><V45/><F127/><W123/><G123/><T52/><D135/><U107/><E69/><V132/><F73/><W109/><G106/><T100/><D130/><U67/><E67/><V114/><F114/><W117/><G117/><T42/><D42/><U12/><E107/><V89/><F132/><W11/><G109/><T31/><REACH who="0" step="1"/><D82/><REACH who="0" ten="282,192,198,318" step="2"/><U134/><E134/><V113/><F113/><W37/><G33/><T56/><D56/><U77/><E83/><V97/><F110/><W68/><G37/><T39/><D39/><U13/><E43/><V79/><F45/><W86/><G47/><T41/><D41/><U65/><E78/><V129/><F44/><W119/><G68/><T0/><D0/><U95/><E77/><V20/><F129/><W27/><G119/><T126/><D126/><U14/><E74/><V133/><F133/><W121/><G72/><T71/><D71/><U111/><E111/><V115/><F115/><W93/><G75/><T9/><D9/><U48/><E103/><V50/><F2/><W26/><G10/><T40/><D40/><U3/><E3/><V34/><F79/><W98/><G11/><T131/><D131/><U5/><E22/><V99/><F20/><W46/><G121/><N who="2" m="46697" /><F34/><W104/><G46/><T105/><D105/><U63/><E5/><V108/><F108/><W32/><G32/><T128/><D128/><U15/><N who="1" m="3072" /><DORA hai="4" /><U36/><E36/><RYUUKYOKU ba="1,1" sc="282,30,192,-10,198,-10,318,-10" hai0="1,7,8,18,23,24,31,52,59,60,100,101,102" /><INIT seed="3,2,1,4,3,124" ten="312,182,188,308" oya="3" hai0="101,97,83,114,6,110,20,134,113,28,58,57,75" hai1="50,35,36,108,56,102,82,135,126,99,40,2,88" hai2="112,46,104,123,107,42,122,118,63,12,27,18,32" hai3="1,68,30,72,132,60,84,109,23,98,76,128,48"/><W0/><G132/><T77/><D110/><U10/><E36/><N who="2" m="21831" /><F118/><W52/><G109/><T59/><D134/><U71/><E135/><V129/><F112/><N who="0" m="43114" /><D6/><U15/><E71/><V117/><F63/><W13/><G72/><T61/><D20/><U78/><E108/><V22/><F117/><W67/><G128/><T33/><D28/><U130/><E126/><V16/><F129/><W89/><G98/><T47/><D47/><N who="1" m="25959" /><E130/><V8/><F32/><W45/><G76/><T119/><D33/><U105/><E2/><V70/><F70/><W51/><G51/><T49/><D49/><U86/><E35/><V31/><F31/><W120/><G120/><AGARI ba="2,1" hai="8,12,16,18,22,27,104,107,120,122,123" m="21831" machi="120" ten="30,2000,0" yaku="13,1,54,1" doraHai="124" who="2" fromWho="3" sc="312,0,182,0,188,36,308,-26" owari="312,41.2,182,-31.8,224,-17.6,282,8.2" /></mjloggm>