<mjloggm ver="2.3"><GO type="225" lobby="0"/><UN n0="%E5%8D%A0%E3%81%84%E5%B8%AB%E8%A3%8F%E3%81%AA%E3%81%84%E3%81%97" n1="%E3%81%BE%E3%81%A8%E3%81%9F" n2="%2D%E8%B1%8A%E5%8F%A3%E3%82%81%E3%81%90%E3%81%BF%2D" n3="%E3%81%B5%E3%81%98%E3%81%8B%E3%81%A4" dan="17,16,16,17" rate="2222.60,2148.99,2134.58,2213.03" sx="M,M,F,M"/><TAIKYOKU oya="0"/><INIT seed="0,0,0,1,5,56" ten="250,250,250,250" oya="0" hai0="28,91,53,71,17,13,23,63,118,22,85,131,18" hai1="59,46,117,37,135,112,130,8,70,45,105,110,9" hai2="54,90,39,19,83,80,122,5,47,3,111,49,62" hai3="93,81,79,40,21,68,78,114,44,29,124,1,97"/><T65/><D118/><U89/><E70/><V58/><F111/><W99/><G114/><T102/><D131/><U32/><E32/><V43/><F122/><W76/><G1/><T72/><D72/><U104/><E117/><V96/><F3/><W57/><G68/><T120/><D120/><U133/><E110/><V74/><F5/><W75/><G124/><T92/><D53/><U66/><E130/><V98/><F19/><W12/><G99/><T26/><REACH who="0" step="1"/><D102/><REACH who="0" ten="240,250,250,250" step="2"/><U113/><E112/><V50/><F74/><W95/><G75/><T35/><D35/><U87/><E113/><V109/><F109/><W64/><G40/><T48/><D48/><U16/><E135/><V7/><F50/><W33/><G33/><T10/><D10/><U73/><E133/><V88/><F39/><W55/><G55/><T52/><D52/><U34/><E37/><V30/><F43/><W101/><G101/><T4/><D4/><U132/><E73/><V27/><F7/><W42/><G42/><T121/><D121/><U15/><E132/><V20/><F49/><W108/><G108/><T84/><D84/><U25/><E34/><V86/><F47/><W38/><G38/><T36/><D36/><U106/><E87/><AGARI ba="0,1" hai="20,27,30,54,58,62,80,83,86,87,88,90,96,98" machi="87" ten="40,8000,1" yaku="9,1,8,1,52,1,54,1" doraHai="56" who="2" fromWho="1" sc="240,0,250,-80,250,90,250,0" /><INIT seed="1,0,0,1,0,3" ten="240,170,340,250" oya="1" hai0="102,74,76,54,101,104,37,99,127,97,73,15,120" hai1="98,111,66,110,118,34,108,12,93,81,94,86,123" hai2="78,121,80,49,2,31,117,70,27,100,61,30,113" hai3="48,84,96,20,35,42,63,22,125,115,135,134,60"/><U103/><E34/><V14/><F117/><W58/><G115/><T106/><D37/><U41/><E41/><V91/><F2/><W83/><G35/><T90/><D54/><U0/><E0/><V67/><F121/><W36/><G36/><T72/><D15/><U46/><E46/><V59/><F91/><W33/><G125/><T9/><D9/><U26/><E12/><V7/><F100/><N who="0" m="38506" /><D120/><U16/><E66/><V10/><F113/><W38/><G96/><N who="0" m="36939" /><D127/><U47/><E47/><V130/><F130/><W19/><G33/><T32/><D32/><U88/><E123/><V68/><F49/><W69/><G69/><T77/><D90/><U23/><E118/><V128/><F128/><W124/><G22/><T53/><D53/><U4/><E4/><V116/><F116/><W119/><G119/><T6/><D6/><U64/><E64/><V133/><F70/><W51/><G124/><T55/><D55/><U28/><E28/><V11/><F11/><W8/><G8/><T85/><D85/><U5/><REACH who="1" step="1"/><E5/><REACH who="1" ten="240,160,340,250" step="2"/><V109/><F14/><N who="3" m="9335" /><G42/><T57/><D57/><U71/><E71/><V65/><F68/><W52/><G38/><T129/><D129/><U62/><E62/><V75/><F65/><W122/><G60/><T17/><D17/><U92/><AGARI ba="0,1" hai="16,23,26,81,86,88,92,93,94,98,103,108,110,111" machi="92" ten="40,18000,2" yaku="1,1,0,1,14,1,10,1,54,2,53,0" doraHai="3" doraHaiUra="39" who="1" fromWho="1" sc="240,-60,160,190,340,-60,250,-60" /><INIT seed="1,1,0,1,3,121" ten="180,350,280,190" oya="1" hai0="133,128,21,33,37,122,7,135,93,40,23,67,87" hai1="49,90,3,110,92,14,35,45,96,73,13,79,97" hai2="105,17,24,36,27,119,101,98,51,46,60,18,86" hai3="16,69,91,9,10,15,76,95,78,104,44,131,130"/><U118/><E118/><V123/><F119/><W59/><G104/><T11/><D33/><U52/><E3/><V114/><F123/><W42/><G69/><T53/><D122/><U132/><E35/><V63/><F36/><W116/><G116/><T129/><D67/><U134/><E110/><V127/><F127/><W70/><G59/><T64/><D64/><U111/><E111/><V43/><F114/><W19/><G70/><T32/><D32/><U81/><REACH who="1" step="1"/><E97/><REACH who="1" ten="180,340,280,190" step="2"/><V94/><F98/><W28/><G131/><T29/><D129/><U6/><E6/><V99/><F99/><W83/><G130/><T72/><D7/><U106/><E106/><V1/><F105/><W0/><G0/><T30/><D128/><U58/><E58/><V26/><F1/><W50/><G44/><T117/><D117/><U68/><E68/><V41/><F46/><W120/><G120/><T80/><D135/><AGARI ba="1,1" hai="13,14,45,49,52,73,79,81,90,92,96,132,134,135" machi="135" ten="40,7700,0" yaku="1,1,20,1,54,1,53,0" doraHai="121" doraHaiUra="57" who="1" fromWho="0" sc="180,-80,340,90,280,0,190,0" /><INIT seed="1,2,0,5,4,7" ten="100,430,280,190" oya="1" hai0="47,59,40,65,21,51,35,92,70,66,53,52,36" hai1="125,90,86,54,9,93,57,97,131,84,37,126,33" hai2="83,23,39,130,75,134,111,128,87,105,113,19,67" hai3="18,58,11,50,68,63,13,123,56,91,42,71,17"/><U10/><E33/><V82/><F39/><W0/><G123/><T107/><D107/><U62/><E37/><V81/><F67/><N who="0" m="25610" /><D21/><U112/><E112/><V72/><F19/><W46/><G0/><T85/><D85/><N who="1" m="32875" /><E131/><N who="2" m="50219" /><F23/><W49/><G91/><T28/><D92/><U116/><E116/><V106/><F113/><W20/><G50/><N who="0" m="31127" /><D28/><U119/><E119/><V69/><F69/><W55/><REACH who="3" step="1"/><G56/><REACH who="3" ten="100,430,280,180" step="2"/><N who="0" m="32831" /><D35/><U4/><E4/><V30/><F82/><W78/><G78/><T133/><D133/><U104/><E104/><V15/><F134/><W94/><G94/><T88/><D88/><U118/><E118/><V96/><F105/><W34/><G34/><T27/><D27/><AGARI ba="2,1" hai="11,13,17,18,20,27,42,46,49,55,58,63,68,71" machi="27" ten="30,7700,0" yaku="1,1,7,1,52,1,53,1" doraHai="7" doraHaiUra="6" who="3" fromWho="0" sc="100,-83,430,0,280,0,180,93" /><INIT seed="2,0,0,1,5,22" ten="17,430,280,273" oya="2" hai0="31,52,83,29,62,55,0,37,105,117,12,8,25" hai1="86,45,60,19,58,97,108,104,26,130,30,85,133" hai2="11,82,79,63,56,106,14,102,100,128,114,122,92" hai3="75,88,42,40,67,38,4,135,64,126,61,2,70"/><V91/><F114/><W57/><G75/><T68/><D0/><U90/><E108/><V9/><F128/><W123/><G123/><T66/><D37/><U124/><E133/><V109/><F122/><W98/><G135/><T113/><D113/><U131/><E124/><V51/><F51/><W93/><G126/><T17/><D117/><U5/><E5/><V101/><F106/><W41/><G38/><T27/><D83/><U39/><E19/><V43/><F43/><W125/><G125/><T65/><D65/><U21/><E45/><V1/><F1/><W112/><G112/><T49/><D105/><U3/><E3/><V99/><F109/><W71/><REACH who="3" step="1"/><G67/><REACH who="3" ten="17,430,280,263" step="2"/><T24/><REACH who="0" step="1"/><D55/><REACH who="0" ten="7,430,280,263" step="2"/><U44/><E39/><V28/><F82/><W89/><G89/><T118/><D118/><U96/><E90/><V34/><F91/><W35/><G35/><T80/><D80/><U116/><E116/><V18/><F79/><W20/><G20/><T81/><D81/><U6/><E21/><V87/><F34/><W119/><G119/><T132/><D132/><U23/><E23/><V73/><F73/><W36/><G36/><T78/><D78/><U115/><E115/><V48/><F102/><W127/><G127/><T7/><D7/><U111/><E6/><V53/><F101/><W110/><G110/><T15/><D15/><U129/><E111/><V59/><F100/><W74/><G74/><T77/><D77/><U47/><E130/><V121/><F14/><W13/><G13/><T72/><D72/><U69/><E131/><V16/><F121/><W32/><G32/><RYUUKYOKU ba="0,2" sc="7,15,430,-15,280,-15,263,15" hai0="8,12,17,24,25,27,29,31,49,52,62,66,68" hai3="2,4,40,41,42,57,61,64,70,71,88,93,98" /><INIT seed="3,1,2,4,5,32" ten="22,415,265,278" oya="3" hai0="84,14,36,68,59,71,89,135,6,28,67,103,92" hai1="3,10,64,42,25,128,125,9,96,75,113,74,40" hai2="5,31,73,27,72,123,78,117,53,2,130,56,86" hai3="0,119,110,102,48,124,106,7,19,29,17,4,97"/><W121/><G119/><T108/><D108/><U41/><E113/><V131/><F117/><W60/><G121/><T44/><D135/><U80/><E3/><V58/><F123/><W1/><G110/><T120/><D120/><U77/><E74/><V13/><F2/><N who="3" m="1131" /><G48/><T85/><D28/><U132/><E96/><V82/><F13/><W63/><G29/><T33/><D33/><U93/><E93/><V12/><F12/><W129/><G97/><T122/><D122/><U66/><E25/><V49/><F56/><W127/><G102/><T90/><D103/><U79/><E10/><V57/><F5/><N who="3" m="2123" /><G106/><T65/><D6/><U26/><E41/><V69/><F58/><W23/><G129/><N who="2" m="49161" /><F69/><W22/><G22/><AGARI ba="1,2" hai="22,27,31,49,53,57,72,73,78,82,86" m="49161" machi="22" ten="30,1000,0" yaku="19,1" doraHai="32" who="2" fromWho="3" sc="22,0,415,0,265,33,278,-13" owari="22,-47.8,415,51.5,298,9.8,265,-13.5" /></mjloggm>