<mjloggm ver="2.3"><GO type="225" lobby="0"/><UN n0="%E9%95%B7%E5%B3%B6%E3%83%B3%E3%82%AC%E3%83%B3" n1="%E9%B3%B3%E6%9D%B1%E3%81%AE%E3%81%86%E3%81%95%E3%81%8E%E3%81%95%E3%82%93" n2="%6D%75%75%6D%75%72%61" n3="%6E%69%63%6F%6E%74%6F" dan="17,16,16,16" rate="2137.13,2117.35,2113.07,2132.17" sx="M,M,F,M"/><TAIKYOKU oya="0"/><INIT seed="0,0,0,4,0,25" ten="250,250,250,250" oya="0" hai0="84,37,124,110,65,102,118,5,94,18,92,122,77" hai1="12,128,120,21,4,126,13,11,97,114,129,35,39" hai2="99,70,8,53,1,63,125,93,101,19,2,90,87" hai3="111,68,98,130,47,6,79,75,72,56,58,123,10"/><T64/><D118/><U33/><E39/><V51/><F125/><W91/><G111/><T74/><D122/><U106/><E106/><V54/><F19/><W48/><G68/><T113/><D113/><U85/><E97/><V107/><F8/><W29/><G130/><N who="1" m="50282" /><E85/><V27/><F27/><W24/><G123/><T134/><D37/><U40/><E40/><V43/><F43/><W132/><G132/><T69/><D74/><U109/><E120/><V57/><REACH who="2" step="1"/><F70/><REACH who="2" ten="250,250,240,250" step="2"/><W52/><G75/><T22/><D69/><U62/><E126/><V30/><F30/><W50/><G72/><T16/><D18/><N who="1" m="10439" /><E114/><V82/><F82/><W133/><G133/><T127/><D134/><U60/><E109/><V67/><F67/><W80/><G80/><T66/><D110/><U105/><E105/><V103/><F103/><W15/><G79/><T31/><D124/><U96/><E11/><V7/><F7/><W44/><G91/><N who="0" m="53351" /><D127/><U76/><E76/><V135/><F135/><W112/><G112/><T59/><D5/><U116/><E4/><V104/><F104/><W108/><G108/><T0/><D77/><U115/><E115/><V119/><F119/><W55/><REACH who="3" step="1"/><G98/><REACH who="3" ten="250,250,240,240" step="2"/><T73/><D102/><U100/><E100/><V34/><F34/><AGARI ba="0,2" hai="6,10,15,24,29,34,44,47,48,50,52,55,56,58" machi="34" ten="30,12000,2" yaku="1,1,2,1,7,1,9,1,52,1,54,1,53,0" doraHai="25" doraHaiUra="88" who="3" fromWho="2" sc="250,0,250,0,240,-120,240,140" /><INIT seed="1,0,0,3,5,60" ten="250,250,120,380" oya="1" hai0="81,23,8,29,61,102,77,41,50,123,10,46,76" hai1="12,106,19,65,62,83,55,7,56,75,17,33,99" hai2="131,68,122,64,128,74,4,107,26,87,95,57,32" hai3="70,98,126,120,16,86,67,91,40,132,110,100,134"/><U15/><E33/><V38/><F122/><W35/><G120/><T30/><D123/><U79/><E106/><V130/><F74/><W66/><G110/><T101/><D61/><U85/><E75/><V27/><F107/><N who="3" m="63895" /><G70/><T113/><D113/><U42/><E42/><V11/><F68/><W93/><G35/><T21/><D81/><U92/><E55/><V125/><F38/><W52/><G40/><T117/><D117/><U89/><REACH who="1" step="1"/><E7/><REACH who="1" ten="250,240,120,380" step="2"/><V9/><F32/><W59/><G126/><T124/><D124/><U37/><E37/><V84/><F125/><W53/><G53/><T24/><D41/><U73/><E73/><V96/><F4/><W13/><G52/><T44/><REACH who="0" step="1"/><D50/><REACH who="0" ten="240,240,120,380" step="2"/><U63/><E63/><N who="2" m="37999" /><F131/><W69/><G69/><T31/><D31/><U133/><E133/><N who="3" m="51306" /><G59/><T112/><D112/><U2/><E2/><V22/><F130/><W71/><G71/><T1/><D1/><U58/><E58/><V88/><F128/><W127/><G127/><T39/><D39/><U72/><E72/><V14/><F9/><AGARI ba="0,2" hai="9,13,16,66,67,86,91,93" m="51306,63895" machi="9" ten="30,7700,0" yaku="20,1,52,2,54,1" doraHai="60" who="3" fromWho="2" sc="240,0,240,0,120,-77,380,97" /><INIT seed="2,0,0,5,2,62" ten="240,240,43,477" oya="2" hai0="61,115,107,81,112,26,34,48,12,129,91,124,90" hai1="55,78,0,108,41,3,5,87,92,116,7,40,53" hai2="8,131,28,17,79,94,1,96,100,111,36,64,130" hai3="44,11,122,110,46,68,135,98,56,69,21,47,52"/><V6/><F36/><W105/><G122/><T58/><D107/><U104/><E104/><V109/><F79/><W74/><G74/><T82/><D48/><U37/><E116/><V29/><F17/><W128/><G128/><N who="2" m="49193" /><F64/><W19/><G135/><T18/><D129/><U83/><E37/><V89/><F100/><W106/><G110/><AGARI ba="0,0" hai="1,6,8,28,29,89,94,96,109,110,111" m="49193" machi="110" ten="30,5800,0" yaku="14,1,10,1,19,1" doraHai="62" who="2" fromWho="3" sc="240,0,240,0,43,58,477,-58" /><INIT seed="2,1,0,4,2,80" ten="240,240,101,419" oya="2" hai0="83,126,133,36,31,74,123,5,122,12,135,104,62" hai1="55,92,110,47,88,65,34,18,121,58,38,15,113" hai2="46,93,75,91,116,73,32,107,67,109,63,25,21" hai3="35,39,17,24,101,85,40,33,4,131,57,20,105"/><V66/><F116/><W14/><G131/><T120/><D126/><U23/><E113/><V100/><F109/><W16/><G39/><T27/><D36/><U76/><E34/><V106/><F32/><W132/><G40/><T96/><D62/><U77/><E110/><V45/><F73/><W1/><G132/><N who="0" m="50763" /><D5/><U61/><E121/><V44/><F75/><W128/><G128/><T70/><D12/><U50/><REACH who="1" step="1"/><E38/><REACH who="1" ten="240,230,101,419" step="2"/><V0/><F0/><W94/><G35/><T54/><D120/><U8/><E8/><V10/><F10/><W130/><G33/><T53/><D122/><U26/><E26/><V30/><F100/><W41/><G24/><T42/><D27/><U108/><E108/><V51/><F51/><W48/><G101/><T115/><D123/><U28/><E28/><V79/><F79/><W98/><G48/><T78/><D31/><U114/><E114/><V84/><REACH who="2" step="1"/><F67/><REACH who="2" ten="240,230,91,419" step="2"/><W7/><G130/><T60/><D115/><U112/><E112/><V56/><AGARI ba="1,2" hai="21,25,30,44,45,46,56,63,66,84,91,93,106,107" machi="56" ten="30,18000,2" yaku="1,1,2,1,0,1,52,1,53,3" doraHai="80" doraHaiUra="43" who="2" fromWho="2" sc="240,-61,230,-61,91,203,419,-61" /><INIT seed="2,2,0,4,1,44" ten="179,169,294,358" oya="2" hai0="107,93,115,108,72,119,40,62,121,14,77,68,102" hai1="76,55,114,117,7,87,120,81,70,33,17,83,16" hai2="124,3,6,2,19,61,88,18,1,30,105,79,52" hai3="8,128,118,95,36,135,89,69,46,132,111,53,106"/><V20/><F105/><W86/><G118/><T28/><D121/><U122/><E114/><V84/><F124/><W129/><G106/><T60/><D115/><U66/><E117/><V34/><F34/><W23/><G69/><T90/><D119/><U24/><E7/><V22/><F79/><W100/><G100/><T82/><D68/><U74/><E55/><V59/><F6/><W78/><G78/><T99/><D108/><U130/><E130/><N who="3" m="50282" /><G23/><T57/><D28/><N who="1" m="19591" /><E66/><V63/><F63/><W5/><G111/><T92/><D40/><U38/><E38/><V96/><F96/><W47/><G53/><T37/><D37/><U112/><E70/><V15/><F30/><W54/><G54/><T91/><D14/><U103/><E103/><V110/><F110/><W58/><G58/><T133/><D57/><U134/><E112/><V94/><F3/><N who="3" m="63" /><G47/><T49/><D60/><U12/><E12/><AGARI ba="2,0" hai="1,2,12,15,18,19,20,22,52,59,61,84,88,94" machi="12" ten="30,11600,0" yaku="7,1,9,1,54,2" doraHai="44" who="2" fromWho="1" sc="179,0,169,-122,294,122,358,0" /><INIT seed="2,3,0,3,2,57" ten="179,47,416,358" oya="2" hai0="107,117,111,91,118,94,110,43,96,87,8,92,54" hai1="31,60,86,44,85,24,51,65,72,100,126,115,113" hai2="38,23,68,45,104,67,53,75,73,120,103,128,66" hai3="63,80,101,9,42,69,108,105,122,89,64,30,124"/><V135/><F120/><W47/><G108/><N who="0" m="41515" /><D43/><U35/><E126/><V119/><F119/><N who="0" m="45578" /><D54/><U1/><E72/><V98/><F53/><W15/><G124/><T127/><D127/><U97/><E1/><V32/><F66/><W112/><G112/><T76/><D8/><U7/><E7/><V93/><F45/><W99/><G122/><T95/><D76/><U90/><E51/><V29/><F38/><W134/><G30/><T37/><D37/><U106/><E44/><V48/><F48/><W83/><G134/><T56/><D56/><U12/><E12/><V116/><F73/><W71/><G71/><T102/><AGARI ba="3,0" hai="87,91,92,94,95,96,102,107" m="45578,41515" machi="102" ten="40,8000,1" yaku="14,1,12,1,34,2" doraHai="57" who="0" fromWho="0" sc="179,89,47,-23,416,-43,358,-23" /><INIT seed="3,0,0,2,1,18" ten="268,24,373,335" oya="3" hai0="50,14,57,31,9,108,121,26,131,106,72,59,13" hai1="43,127,16,5,68,51,90,61,94,55,82,54,7" hai2="66,117,27,79,104,87,49,1,124,29,25,24,110" hai3="134,33,3,75,93,95,17,47,122,0,37,52,30"/><W8/><G122/><T113/><D72/><U65/><E127/><V22/><F117/><W12/><G75/><T115/><D121/><U23/><E82/><V114/><F114/><W71/><G71/><T118/><D118/><U107/><E43/><V116/><F104/><W78/><G78/><T133/><D106/><U41/><E41/><V109/><F1/><W103/><G134/><T73/><D73/><U70/><E55/><V105/><F105/><W45/><G37/><T11/><D108/><U120/><E68/><V119/><F66/><W6/><G103/><T20/><D131/><U53/><E53/><V62/><F62/><W86/><G86/><T36/><D36/><U44/><E107/><V2/><F2/><W42/><G42/><T19/><D133/><U10/><E10/><V92/><F124/><W84/><G3/><T39/><D39/><U58/><E120/><V21/><F49/><N who="3" m="28719" /><G84/><T98/><D98/><U40/><E40/><V101/><F79/><W91/><G91/><T80/><D80/><U74/><E44/><V135/><F135/><W46/><G47/><T69/><D69/><U56/><E70/><V76/><F76/><W81/><G46/><T112/><D50/><U123/><E74/><V85/><F85/><W35/><G81/><T77/><D77/><U67/><E67/><V28/><F116/><W4/><G4/><AGARI ba="0,0" hai="4,9,11,13,14,19,20,26,31,57,59,112,113,115" machi="4" ten="40,2600,0" yaku="11,1,52,1" doraHai="18" who="0" fromWho="3" sc="268,26,24,0,373,0,335,-26" owari="294,-10.6,24,-47.6,373,47.3,309,10.9" /></mjloggm>