<mjloggm ver="2.3"><GO type="225" lobby="0"/><UN n0="%E3%81%82%E3%81%99%E3%81%AB%E3%82%83%E3%82%80" n1="%65%6B%61%72%75%74%65" n2="%72%61%6B%33" n3="%4B%2E%32%2E%4B%2E" dan="16,16,18,16" rate="2145.32,2096.95,2256.97,2083.04" sx="F,M,M,M"/><TAIKYOKU oya="0"/><INIT seed="0,0,0,0,4,107" ten="250,250,250,250" oya="0" hai0="20,81,47,14,54,25,94,77,6,102,39,16,52" hai1="7,85,101,111,113,34,124,36,18,8,45,99,43" hai2="89,72,23,128,74,69,19,11,48,134,108,88,17" hai3="12,49,116,92,21,22,5,63,44,112,135,106,110"/><T60/><D60/><U103/><E34/><V30/><F69/><W38/><G38/><T53/><D102/><U123/><E123/><V62/><F62/><W80/><G106/><T130/><D130/><U10/><E111/><V9/><F30/><W4/><G112/><T41/><D94/><U133/><E113/><V79/><F79/><W98/><G116/><T87/><REACH who="0" step="1"/><D6/><REACH who="0" ten="240,250,250,250" step="2"/><U57/><E7/><V132/><F128/><W1/><G63/><T121/><D121/><U76/><E101/><V105/><F105/><W31/><G4/><T51/><D51/><U97/><E103/><V78/><F48/><W64/><G5/><T42/><D42/><U0/><E43/><V32/><F108/><W114/><G110/><T46/><D46/><U100/><E45/><V75/><F32/><W120/><G49/><T65/><D65/><U55/><E100/><V24/><F78/><W2/><G64/><T13/><AGARI ba="0,1" hai="13,14,16,20,25,39,41,47,52,53,54,77,81,87" machi="13" ten="30,11700,0" yaku="1,1,0,1,54,2,53,0" doraHai="107" doraHaiUra="61" who="0" fromWho="0" sc="240,127,250,-39,250,-39,250,-39" /><INIT seed="0,1,0,2,2,132" ten="367,211,211,211" oya="0" hai0="105,23,52,92,2,128,18,7,79,114,32,80,115" hai1="54,3,61,67,85,134,35,100,121,48,125,62,20" hai2="30,42,98,87,127,33,117,111,124,103,90,133,94" hai3="110,11,16,86,1,19,40,17,106,101,56,120,27"/><T43/><D105/><U45/><E134/><V75/><F75/><W131/><BYE who="2" /><G110/><T107/><D32/><U88/><E35/><V46/><F46/><W24/><G131/><T31/><D107/><U39/><E121/><V76/><F76/><W13/><G120/><T82/><D128/><U57/><E125/><V29/><F29/><W28/><G1/><T93/><D43/><U51/><E3/><V66/><F66/><W89/><G40/><UN n2="%72%61%6B%33" /><T135/><D135/><U55/><E100/><V14/><F133/><W123/><G123/><T83/><D31/><U118/><E118/><V108/><F42/><W53/><G101/><T60/><D79/><U34/><E34/><V63/><F63/><N who="3" m="36239" /><G106/><T15/><D7/><U113/><E113/><V21/><F33/><W119/><G119/><T26/><D2/><U37/><E20/><V72/><F72/><W99/><G99/><T102/><D102/><U70/><REACH who="1" step="1"/><E61/><REACH who="1" ten="367,201,211,211" step="2"/><V84/><F117/><W97/><G97/><T73/><D114/><U47/><E47/><V50/><F103/><W65/><G65/><T8/><D115/><U81/><AGARI ba="1,1" hai="37,39,45,48,51,54,55,57,62,67,70,81,85,88" machi="81" ten="20,5200,0" yaku="1,1,0,1,7,1,54,1,53,0" doraHai="132" doraHaiUra="36" who="1" fromWho="1" sc="367,-27,201,65,211,-14,211,-14" /><INIT seed="1,0,0,1,0,63" ten="340,266,197,197" oya="1" hai0="36,17,75,125,84,8,127,44,32,43,96,107,13" hai1="64,37,105,40,25,23,99,5,67,100,81,50,120" hai2="45,65,27,118,126,54,85,20,46,0,113,128,39" hai3="4,77,115,49,53,76,21,102,34,110,73,22,12"/><U60/><E120/><V124/><F118/><W133/><G34/><T16/><D75/><U38/><E5/><V52/><F0/><W123/><G123/><T98/><D32/><U132/><E132/><V24/><F128/><W18/><G133/><T79/><D107/><U14/><E14/><V74/><F74/><W69/><G69/><T68/><D68/><U78/><E50/><V135/><F135/><W109/><G73/><T122/><D122/><U104/><E104/><V41/><F113/><W30/><G115/><T94/><D17/><U29/><E40/><V112/><F112/><W71/><G71/><T91/><REACH who="0" step="1"/><D79/><REACH who="0" ten="330,266,197,197" step="2"/><U130/><E130/><V28/><F126/><AGARI ba="0,1" hai="8,13,16,36,43,44,84,91,94,96,98,125,126,127" machi="126" ten="40,8000,1" yaku="1,1,2,1,18,1,54,1,53,0" doraHai="63" doraHaiUra="35" who="0" fromWho="2" sc="330,90,266,0,197,-80,197,0" /><INIT seed="2,0,0,1,3,75" ten="420,266,117,197" oya="2" hai0="55,15,25,88,14,96,0,23,126,24,102,27,21" hai1="66,59,49,109,84,134,81,113,111,131,50,106,123" hai2="82,30,43,10,40,77,94,34,45,4,132,20,120" hai3="71,38,98,19,90,104,5,121,18,70,61,56,93"/><V135/><F120/><W80/><G121/><T47/><D0/><U46/><E123/><V54/><F34/><W33/><G38/><T62/><D126/><U108/><E106/><V16/><F30/><W129/><G129/><T125/><D125/><U72/><E72/><V117/><F117/><W64/><G33/><T95/><D102/><U31/><E131/><V22/><F94/><W115/><G115/><T127/><D127/><U28/><E134/><N who="2" m="51243" /><F54/><W53/><G5/><T11/><D14/><U3/><E3/><N who="2" m="287" /><F45/><W60/><G71/><T85/><D96/><U100/><E100/><V124/><F124/><W51/><G104/><T57/><REACH who="0" step="1"/><D47/><REACH who="0" ten="410,266,117,197" step="2"/><U107/><E46/><V130/><F130/><W83/><G61/><T89/><D89/><N who="1" m="51343" /><E107/><V26/><F22/><W36/><G98/><T69/><D69/><U128/><E128/><V78/><F82/><W2/><G83/><T52/><D52/><U122/><E122/><V114/><F114/><W105/><G80/><T6/><AGARI ba="0,1" hai="6,11,15,21,23,24,25,27,55,57,62,85,88,95" machi="6" ten="30,7900,0" yaku="1,1,0,1,8,1,54,1,53,0" doraHai="75" doraHaiUra="99" who="0" fromWho="0" sc="410,89,266,-20,117,-39,197,-20" /><INIT seed="3,0,0,1,5,27" ten="499,246,78,177" oya="3" hai0="80,113,85,101,71,17,88,2,26,131,16,95,49" hai1="70,22,57,124,104,102,39,132,38,118,12,18,41" hai2="15,44,63,109,99,20,115,36,61,30,59,74,93" hai3="92,67,116,53,21,84,56,13,111,130,42,135,28"/><W6/><G116/><T119/><D2/><U43/><E70/><V96/><F109/><W133/><G111/><T98/><D71/><U107/><E118/><V47/><F115/><W127/><G127/><T24/><D113/><U106/><E102/><V120/><F74/><W3/><G130/><T50/><D131/><U58/><E132/><V79/><F120/><W23/><G67/><T100/><D100/><U5/><E5/><V94/><F36/><W14/><G42/><T123/><D123/><U45/><E124/><V75/><F75/><W7/><G84/><T81/><D81/><U35/><E35/><V55/><F79/><W129/><G92/><T112/><D112/><U48/><E48/><N who="0" m="18537" /><D119/><U25/><E12/><N who="3" m="4714" /><G129/><T117/><D117/><U62/><E62/><V46/><F61/><N who="3" m="35983" /><G3/><T87/><D85/><U91/><E91/><V68/><F68/><W54/><G54/><T1/><D1/><U37/><E37/><V31/><F15/><W121/><G121/><T0/><D0/><U11/><E11/><V114/><F99/><W72/><G72/><T83/><D83/><U60/><E60/><V103/><F114/><W78/><G78/><T86/><D86/><U108/><E108/><V90/><REACH who="2" step="1"/><F20/><REACH who="2" ten="499,246,68,177" step="2"/><W82/><G21/><T77/><D77/><U126/><E126/><V34/><F34/><W105/><G6/><T19/><AGARI ba="0,1" hai="16,17,19,24,26,80,87,88,95,98,101" m="18537" machi="19" ten="30,4000,0" yaku="8,1,54,2" doraHai="27" who="0" fromWho="0" sc="499,50,246,-10,68,-10,177,-20" owari="549,64.9,236,3.6,58,-44.2,157,-24.3" /></mjloggm>