<mjloggm ver="2.3"><GO type="225" lobby="0"/><UN n0="%73%6C%69%63%6B%33%31%39" n1="%43%68%65" n2="%E3%81%9F%E3%81%A3%E3%81%A1%E3%82%87" n3="%74%61%6B%65%2D%79%6F%75" dan="17,16,16,17" rate="2193.09,2137.22,2066.38,2251.70" sx="M,M,M,M"/><TAIKYOKU oya="0"/><INIT seed="0,0,0,0,4,34" ten="250,250,250,250" oya="0" hai0="111,80,78,55,70,79,97,40,131,81,10,47,77" hai1="37,92,56,8,122,68,120,99,16,44,22,123,4" hai2="25,28,38,94,48,118,75,102,41,95,61,66,103" hai3="107,114,42,7,89,33,85,14,71,3,117,6,133"/><T87/><D70/><U119/><E68/><V57/><F75/><W116/><G114/><T74/><D131/><U93/><E119/><V60/><F118/><W36/><G133/><T62/><D111/><U58/><E44/><V46/><F38/><W12/><G107/><T39/><D79/><U65/><E37/><V105/><F61/><W106/><G106/><T0/><D97/><U130/><E130/><V53/><F105/><W129/><G33/><T84/><D62/><U113/><E113/><V82/><F82/><W67/><G129/><T101/><D101/><U88/><E93/><V134/><F66/><W35/><G35/><T21/><D21/><U72/><E72/><V23/><REACH who="2" step="1"/><F134/><REACH who="2" ten="250,250,240,250" step="2"/><W43/><G36/><T18/><D74/><U59/><E65/><V1/><F1/><W124/><G3/><T45/><D0/><U5/><REACH who="1" step="1"/><E8/><REACH who="1" ten="250,240,240,250" step="2"/><V112/><F112/><W126/><G117/><T125/><D10/><U52/><E52/><V32/><F32/><W86/><G116/><T9/><D55/><U15/><AGARI ba="0,2" hai="4,5,15,16,22,56,58,59,88,92,99,120,122,123" machi="15" ten="40,8000,1" yaku="1,1,0,1,54,2,53,0" doraHai="34" doraHaiUra="24" who="1" fromWho="1" sc="250,-40,240,100,240,-20,250,-20" /><INIT seed="1,0,0,1,1,70" ten="210,340,220,230" oya="1" hai0="30,45,39,24,124,42,103,54,56,117,12,108,49" hai1="121,48,29,33,115,90,32,21,20,65,6,35,60" hai2="110,7,123,52,84,69,128,0,78,113,87,133,53" hai3="63,94,51,55,13,37,116,120,26,104,19,99,73"/><U135/><E115/><V31/><F123/><W92/><G120/><T50/><D117/><U109/><E121/><V106/><F69/><W64/><G116/><T127/><D103/><U112/><E112/><V44/><F110/><W3/><G3/><T41/><D12/><U83/><E109/><V11/><F106/><W10/><G73/><T91/><D91/><U89/><E6/><V95/><F128/><W75/><G75/><T14/><D14/><U105/><E105/><V36/><F113/><W62/><G104/><T88/><D88/><U61/><E48/><V59/><F31/><W132/><G132/><T86/><D86/><U77/><E135/><V15/><F133/><W1/><G1/><T79/><D79/><U119/><E119/><V118/><F0/><W107/><G37/><T28/><D108/><U18/><E29/><V8/><F8/><W101/><G26/><T22/><REACH who="0" step="1"/><D28/><REACH who="0" ten="200,340,220,230" step="2"/><U125/><E90/><V71/><F87/><W57/><REACH who="3" step="1"/><G62/><REACH who="3" ten="200,340,220,220" step="2"/><T81/><D81/><U4/><E83/><V46/><F118/><W66/><G66/><T40/><D40/><U93/><E65/><V111/><F111/><W23/><G23/><T17/><D17/><U74/><E18/><V43/><F43/><W2/><G2/><T134/><D134/><U100/><E20/><V38/><F95/><W47/><AGARI ba="0,2" hai="10,13,19,47,51,55,57,63,64,92,94,99,101,107" machi="47" ten="20,2700,0" yaku="1,1,0,1,7,1,53,0" doraHai="70" doraHaiUra="80" who="3" fromWho="3" sc="200,-7,340,-13,220,-7,220,47" /><INIT seed="2,0,0,1,5,84" ten="193,327,213,267" oya="2" hai0="41,0,69,60,3,79,30,121,51,129,50,27,133" hai1="114,78,75,124,100,13,88,29,66,16,28,17,39" hai2="112,111,70,18,96,128,44,135,46,73,68,35,54" hai3="59,123,31,113,105,67,126,77,22,106,131,125,98"/><V120/><F35/><W122/><G131/><T4/><D121/><N who="3" m="46089" /><G77/><T132/><D79/><U42/><E114/><V52/><F120/><W76/><G76/><T36/><D129/><U61/><E100/><V49/><F73/><W62/><G98/><T91/><D36/><U85/><E124/><N who="3" m="47722" /><G113/><T63/><D91/><U5/><E5/><V2/><F128/><W80/><G80/><T93/><D93/><U40/><E78/><V94/><F112/><W15/><G15/><T38/><D38/><U86/><E86/><V48/><F111/><W64/><G67/><N who="0" m="41191" /><D63/><U110/><E75/><V65/><F65/><W14/><G14/><T33/><D41/><N who="1" m="15979" /><E39/><V21/><F2/><N who="0" m="554" /><D4/><U19/><E13/><V90/><REACH who="2" step="1"/><F135/><AGARI ba="0,0" hai="27,30,33,50,51,132,133,135" m="554,41191" machi="135" ten="30,1000,0" yaku="20,1" doraHai="84" who="0" fromWho="2" sc="193,10,327,0,213,-10,267,0" /><INIT seed="3,0,0,0,4,53" ten="203,327,203,267" oya="3" hai0="21,85,75,59,132,20,43,47,44,121,70,123,46" hai1="65,34,48,51,124,86,57,26,119,22,126,108,33" hai2="88,31,109,19,14,17,91,64,7,128,111,67,110" hai3="55,131,42,39,4,29,107,3,125,71,0,114,120"/><W76/><G114/><T10/><D70/><U23/><E108/><V78/><F78/><W38/><G120/><T6/><D75/><U118/><E86/><V32/><F128/><W41/><G131/><T8/><D132/><U45/><E23/><N who="0" m="8777" /><D123/><U79/><E79/><V9/><F32/><W62/><G107/><T74/><D74/><U133/><E133/><V69/><F31/><W87/><G29/><T28/><D28/><N who="1" m="17495" /><E57/><V72/><F72/><W63/><G71/><T134/><D134/><U25/><E65/><N who="2" m="25163" /><F69/><W101/><G76/><T135/><D121/><U73/><E73/><V18/><AGARI ba="0,0" hai="7,9,14,17,18,19,88,91,109,110,111" m="25163" machi="18" ten="40,2700,0" yaku="14,1,54,1" doraHai="53" who="2" fromWho="2" sc="203,-7,327,-7,203,27,267,-13" owari="196,-30.4,320,42.0,230,-17.0,254,5.4" /></mjloggm>