<mjloggm ver="2.3"><GO type="225" lobby="0"/><UN n0="%E7%AC%B9%E9%A4%85" n1="%E3%81%BF%E3%81%BF%E3%81%9A" n2="%E3%82%B2%E3%82%B9%E8%8C%82%E5%8B%9D" n3="%E3%83%97%E3%83%AC%E3%83%B4%E3%82%A1%E3%83%86%E3%82%A3" dan="17,16,16,16" rate="2209.85,2164.42,2037.94,2131.38" sx="M,M,F,F"/><TAIKYOKU oya="0"/><INIT seed="0,0,0,3,2,47" ten="250,250,250,250" oya="0" hai0="51,44,29,120,76,133,41,60,73,75,70,128,96" hai1="42,35,7,106,2,20,71,27,62,129,16,37,56" hai2="6,9,80,125,74,90,24,84,40,104,123,85,81" hai3="21,99,23,14,107,1,12,28,115,48,38,112,59"/><T78/><D120/><U102/><E129/><V50/><F125/><W121/><G38/><T94/><D128/><U86/><E71/><V52/><F123/><W39/><G39/><T117/><D117/><U100/><E106/><V15/><F104/><W134/><G121/><T114/><D114/><U108/><E108/><V105/><F105/><W45/><G1/><T131/><D131/><U32/><E42/><V103/><F74/><W113/><G134/><T72/><D133/><U93/><E37/><V135/><F135/><W5/><G59/><T13/><D29/><U4/><E35/><V77/><F103/><N who="1" m="39465" /><E2/><V19/><F40/><W17/><G107/><T54/><D13/><U3/><E32/><V53/><F53/><W33/><G33/><T83/><D78/><U92/><E3/><V88/><F77/><W110/><G110/><T67/><REACH who="0" step="1"/><D41/><REACH who="0" ten="240,250,250,250" step="2"/><U36/><E36/><V130/><F130/><W97/><G28/><T116/><D116/><U0/><E0/><V49/><F24/><W11/><REACH who="3" step="1"/><G21/><REACH who="3" ten="240,250,250,240" step="2"/><T63/><D63/><U126/><E62/><V89/><F49/><W31/><G31/><T118/><D118/><U30/><E30/><V98/><F50/><W22/><G22/><T69/><D69/><U127/><E127/><V87/><F9/><W46/><G46/><T111/><D111/><U91/><E126/><V132/><F132/><W66/><G66/><T95/><D95/><N who="1" m="36427" /><E56/><V55/><F80/><AGARI ba="0,2" hai="4,7,16,20,27,80,86,91" m="36427,39465" machi="80" ten="30,2000,0" yaku="8,1,54,1" doraHai="47" who="1" fromWho="2" sc="240,0,250,40,250,-20,240,0" /><INIT seed="1,0,0,5,2,62" ten="240,290,230,240" oya="1" hai0="30,74,77,117,37,101,115,116,92,0,21,126,53" hai1="3,5,42,9,29,2,15,4,67,71,98,69,36" hai2="7,78,20,59,85,38,118,31,46,11,111,79,112" hai3="75,44,32,27,55,41,108,34,73,109,60,132,81"/><U114/><E114/><V123/><F118/><W131/><G132/><T95/><D37/><U23/><E98/><V91/><F123/><W120/><G120/><T127/><D0/><U90/><E90/><V133/><F112/><W72/><G131/><T51/><D30/><U14/><E42/><V35/><F133/><W49/><G81/><N who="0" m="45239" /><D21/><U16/><E36/><V33/><F111/><N who="3" m="42571" /><G27/><T104/><D115/><U128/><E128/><V93/><F20/><W124/><G124/><N who="0" m="47659" /><D51/><U66/><E29/><V80/><F31/><W47/><G47/><T58/><D58/><AGARI ba="0,0" hai="32,34,41,44,49,55,58,60,72,73,75" m="42571" machi="58" ten="40,1300,0" yaku="14,1" doraHai="62" who="3" fromWho="0" sc="240,-13,290,0,230,0,240,13" /><INIT seed="2,0,0,1,5,107" ten="227,290,230,253" oya="2" hai0="79,24,31,45,38,81,133,12,99,92,42,54,117" hai1="23,134,78,37,52,16,74,67,93,35,105,106,77" hai2="9,110,63,26,3,22,121,53,70,113,95,51,11" hai3="122,124,103,64,55,65,17,88,61,44,48,71,40"/><V15/><F121/><W100/><G122/><T27/><D133/><U85/><E35/><V56/><F113/><W80/><G124/><T97/><D117/><U125/><E37/><V118/><F118/><W25/><G65/><T4/><D54/><U120/><E67/><V20/><F110/><W29/><G17/><T126/><D126/><U111/><E120/><V41/><F3/><W83/><G40/><T5/><D12/><U68/><E68/><V128/><F128/><W98/><G100/><T114/><D114/><U90/><E125/><V13/><F95/><W0/><G0/><T75/><D27/><U115/><E115/><V50/><F70/><W123/><G123/><T19/><D19/><U82/><E111/><V47/><F63/><W76/><G76/><T14/><D14/><N who="2" m="5130" /><F20/><W1/><G1/><T30/><D30/><AGARI ba="0,0" hai="9,11,22,26,30,41,47,50,51,53,56" m="5130" machi="30" ten="30,1500,0" yaku="8,1" doraHai="107" who="2" fromWho="0" sc="227,-15,290,0,230,15,253,0" /><INIT seed="2,1,0,0,1,5" ten="212,290,245,253" oya="2" hai0="67,109,66,47,49,11,6,51,114,45,30,61,101" hai1="53,76,124,14,118,0,43,63,87,79,35,102,44" hai2="100,33,20,29,25,131,120,104,55,59,92,7,85" hai3="42,80,72,89,2,50,58,21,48,134,97,75,121"/><V133/><F120/><W27/><G121/><T82/><D114/><U32/><E0/><V36/><F36/><W38/><G134/><T88/><D109/><U28/><E118/><V130/><F133/><W40/><G2/><T81/><D101/><U77/><E102/><V94/><F33/><W111/><G111/><T107/><D107/><U108/><E108/><V37/><F37/><W54/><G38/><T18/><D30/><U17/><E124/><V16/><F29/><W84/><G97/><T95/><D18/><U64/><E28/><V96/><F7/><W129/><G129/><N who="2" m="49161" /><F85/><W127/><G127/><T8/><D6/><U123/><E32/><V52/><F55/><W99/><G99/><N who="0" m="57831" /><D49/><AGARI ba="1,0" hai="16,20,25,49,52,59,92,94,96,100,104" m="49161" machi="49" ten="30,5800,0" yaku="19,1,54,2" doraHai="5" who="2" fromWho="0" sc="212,-61,290,0,245,61,253,0" /><INIT seed="2,2,0,5,3,85" ten="151,290,306,253" oya="2" hai0="34,114,5,116,70,57,50,76,35,78,8,81,36" hai1="88,111,63,2,110,53,86,65,109,84,56,73,24" hai2="130,118,91,132,30,13,105,51,98,59,133,32,45" hai3="18,42,75,14,120,37,131,47,43,125,79,83,113"/><V28/><F118/><W82/><G120/><T40/><D114/><U89/><E73/><V55/><F130/><W123/><G113/><T104/><D116/><U112/><E112/><V33/><F13/><W23/><G123/><T87/><D70/><U67/><E2/><V101/><F33/><W16/><G131/><T27/><D104/><U121/><E121/><V124/><F124/><W127/><G43/><T72/><D78/><U69/><E24/><V48/><F32/><W60/><G82/><T115/><D115/><U90/><E67/><V3/><F3/><W66/><REACH who="3" step="1"/><G18/><REACH who="3" ten="151,290,306,243" step="2"/><T92/><D40/><U15/><E15/><V52/><F132/><W97/><G97/><T61/><D81/><U119/><E119/><V68/><F133/><W11/><G11/><T44/><D8/><U135/><E135/><V128/><F128/><W129/><G129/><T12/><D36/><U122/><E122/><V107/><F105/><W71/><AGARI ba="2,1" hai="14,16,23,37,42,47,60,66,71,75,79,83,125,127" machi="71" ten="30,7900,0" yaku="1,1,0,1,54,1,53,1" doraHai="85" doraHaiUra="77" who="3" fromWho="3" sc="151,-22,290,-22,306,-41,243,95" /><INIT seed="3,0,0,0,2,119" ten="129,268,265,338" oya="3" hai0="4,0,33,46,98,85,44,110,79,9,25,43,68" hai1="57,84,22,16,45,124,109,131,71,127,78,19,14" hai2="74,97,52,65,89,120,55,113,24,129,12,95,11" hai3="8,103,42,83,86,122,118,47,49,134,15,87,90"/><W115/><G118/><T37/><D110/><U69/><E109/><V123/><F113/><W88/><G115/><T70/><D85/><U1/><E1/><V56/><F74/><W48/><G134/><T116/><D116/><U21/><E131/><V104/><F129/><W63/><G122/><N who="2" m="46633" /><F104/><W62/><G103/><T60/><D60/><N who="3" m="23081" /><G49/><T133/><D133/><U6/><E57/><V26/><F65/><W125/><G125/><N who="1" m="48202" /><E6/><N who="2" m="3191" /><F55/><W41/><G41/><T54/><D54/><U81/><E45/><V106/><F106/><W7/><G87/><T2/><D2/><U105/><E105/><V64/><F64/><W101/><G101/><T135/><D135/><U50/><E50/><AGARI ba="0,0" hai="24,26,50,52,56,89,95,97" m="3191,46633" machi="50" ten="30,8000,1" yaku="13,1,52,3,54,1" doraHai="119" who="2" fromWho="1" sc="129,0,268,-80,265,80,338,0" owari="129,-37.1,188,-21.2,345,44.5,338,13.8" /></mjloggm>