<mjloggm ver="2.3"><GO type="225" lobby="0"/><UN n0="%65%6B%61%72%75%74%65" n1="%72%69%6F%75%63%68%61%6E" n2="%6D%75%75%6D%75%72%61" n3="%E5%AE%AE%E4%BF%9D%E9%B6%8F%E8%82%89" dan="16,17,16,16" rate="2143.29,2213.53,2214.52,2110.59" sx="M,M,F,M"/><TAIKYOKU oya="0"/><INIT seed="0,0,0,4,1,4" ten="250,250,250,250" oya="0" hai0="113,26,72,30,116,80,93,5,129,108,58,51,135" hai1="27,18,106,37,101,117,52,105,112,10,98,134,42" hai2="48,127,21,59,90,97,32,81,35,86,73,87,132" hai3="67,13,76,33,36,69,85,17,131,128,91,74,55"/><T24/><D113/><U125/><E117/><V20/><F73/><W1/><G1/><T8/><D116/><U60/><E112/><V19/><F127/><W84/><G33/><T122/><D122/><U104/><E125/><V6/><F132/><W89/><G36/><T3/><D135/><U114/><E114/><V118/><F118/><W23/><G55/><T133/><D133/><U65/><E134/><V62/><F48/><W45/><G45/><T50/><D129/><N who="3" m="49737" /><G74/><T100/><D26/><U111/><E111/><V115/><F115/><W95/><G76/><T130/><D108/><U79/><E79/><V7/><F97/><N who="3" m="57583" /><G91/><T46/><D80/><U123/><E123/><V54/><F86/><W40/><G40/><T66/><D72/><U43/><E52/><V103/><F103/><W28/><G28/><T119/><D46/><U56/><E37/><V61/><F61/><AGARI ba="0,0" hai="13,17,23,61,67,69,84,85" m="57583,49737" machi="61" ten="30,1000,0" yaku="19,1" doraHai="4" who="3" fromWho="2" sc="250,0,250,0,250,-10,250,10" /><INIT seed="1,0,0,3,5,70" ten="250,250,240,260" oya="1" hai0="46,30,41,119,113,118,108,130,33,47,124,87,97" hai1="4,48,102,81,39,8,35,45,98,100,109,66,107" hai2="92,78,73,67,80,103,116,53,122,91,71,111,5" hai3="127,125,20,76,57,61,16,83,93,54,75,99,1"/><U9/><E35/><V14/><F116/><W72/><G72/><T133/><D113/><U31/><E31/><V114/><F122/><W85/><G1/><T86/><D33/><U56/><E109/><V58/><F111/><W13/><REACH who="3" step="1"/><G75/><REACH who="3" ten="250,250,240,250" step="2"/><T28/><D108/><U11/><E4/><V69/><F73/><W64/><G64/><T104/><D119/><U32/><E66/><V52/><F67/><W12/><G12/><T6/><D118/><U60/><E32/><V134/><F14/><W112/><G112/><T2/><D2/><U24/><E24/><V38/><F114/><W51/><G51/><T34/><D34/><U131/><E48/><V84/><F5/><W27/><G27/><T79/><D6/><U55/><E131/><V106/><F69/><W89/><AGARI ba="0,1" hai="13,16,20,54,57,61,76,83,85,89,93,99,125,127" machi="89" ten="30,7900,0" yaku="1,1,0,1,54,1,53,1" doraHai="70" doraHaiUra="90" who="3" fromWho="3" sc="250,-20,250,-39,240,-20,250,89" /><INIT seed="2,0,0,4,4,10" ten="230,211,220,339" oya="2" hai0="31,30,77,27,54,99,75,120,25,135,104,55,111" hai1="21,42,85,72,65,38,84,11,97,19,22,83,92" hai2="3,110,91,60,80,35,28,95,114,1,48,90,17" hai3="129,69,49,62,16,76,101,9,113,79,24,93,23"/><V134/><F114/><W14/><G129/><T132/><D120/><U82/><E72/><V39/><F39/><W56/><G113/><T46/><D111/><U87/><E65/><V86/><F110/><W4/><G69/><T71/><D71/><U133/><E133/><V50/><F134/><W102/><G49/><T58/><D75/><U52/><E38/><V115/><BYE who="1" /><F115/><W127/><G127/><T123/><D77/><N who="3" m="29769" /><G93/><T64/><D123/><U118/><E118/><V7/><F60/><W130/><G130/><UN n1="%72%69%6F%75%63%68%61%6E" /><T33/><D99/><U59/><E42/><V94/><F80/><N who="1" m="30761" /><E11/><V70/><F70/><W37/><G37/><T119/><D64/><AGARI ba="0,0" hai="4,9,14,16,23,24,56,62,64,101,102" m="29769" machi="64" ten="30,3900,0" yaku="8,1,52,1,54,1" doraHai="10" who="3" fromWho="0" sc="230,-39,211,0,220,0,339,39" /><INIT seed="3,0,0,1,3,86" ten="191,211,220,378" oya="3" hai0="85,112,47,26,90,133,41,31,93,126,28,54,111" hai1="83,92,101,120,98,23,21,117,50,77,97,135,5" hai2="1,20,0,99,78,11,65,105,43,113,57,125,131" hai3="89,58,18,32,15,70,130,60,104,39,123,7,3"/><W12/><G123/><T10/><D126/><U96/><E120/><V22/><F125/><W46/><G130/><T118/><D118/><U82/><E117/><V36/><F131/><W53/><G104/><T100/><D133/><U71/><E135/><V52/><F113/><W40/><G32/><T115/><D111/><U109/><E109/><V25/><F78/><W29/><G29/><T38/><D54/><U124/><E124/><V94/><F105/><W64/><G89/><T34/><D31/><U122/><E71/><V73/><F73/><W84/><G84/><T81/><REACH who="0" step="1"/><D10/><REACH who="0" ten="181,211,220,378" step="2"/><U134/><E134/><V88/><F11/><N who="3" m="2559" /><G18/><T116/><D116/><U44/><E122/><V127/><F127/><W119/><G119/><T108/><D108/><U13/><E5/><V37/><F20/><N who="1" m="7753" /><E13/><V19/><F65/><W128/><G128/><T87/><D87/><N who="1" m="48591" /><E83/><V24/><F24/><W30/><G30/><T67/><D67/><U8/><E8/><V110/><F110/><W103/><G12/><T45/><D45/><U55/><AGARI ba="0,1" hai="44,50,55,92,96,97,98,101" m="48591,7753" machi="55" ten="30,1100,0" yaku="8,1" doraHai="86" who="1" fromWho="1" sc="181,-3,211,21,220,-3,378,-5" owari="178,-32.2,232,3.2,217,-18.3,373,47.3" /></mjloggm>