<mjloggm ver="2.3"><GO type="225" lobby="0"/><UN n0="%E3%81%BF%E3%81%BF%E3%81%9A" n1="%E5%84%AA%40%41%42%43" n2="%73%6C%69%63%6B%33%31%39" n3="%E3%83%97%E3%83%92" dan="16,17,16,17" rate="2131.07,2134.24,2117.72,2172.81" sx="M,M,M,M"/><TAIKYOKU oya="0"/><INIT seed="0,0,0,3,3,131" ten="250,250,250,250" oya="0" hai0="35,120,36,58,48,22,45,63,13,59,37,91,81" hai1="77,70,109,116,79,11,29,25,95,118,84,90,2" hai2="127,121,134,32,78,43,24,46,64,8,69,85,28" hai3="16,135,73,112,126,132,42,122,19,93,86,124,40"/><T74/><D120/><U89/><E109/><V96/><F121/><W17/><G122/><T80/><D35/><U65/><E65/><V82/><F127/><N who="3" m="48683" /><G73/><T33/><D33/><U15/><E70/><V54/><F54/><W92/><G112/><T34/><D34/><U51/><E2/><V44/><F8/><W103/><G86/><T128/><D128/><U3/><E3/><V12/><F12/><W94/><G103/><T52/><D74/><U119/><E51/><V107/><F43/><AGARI ba="0,0" hai="16,17,19,40,42,43,92,93,94,132,135" m="48683" machi="43" ten="40,12000,2" yaku="28,2,18,1,52,2,54,1" doraHai="131" who="3" fromWho="2" sc="250,0,250,0,250,-120,250,120" /><INIT seed="1,0,0,4,3,4" ten="250,250,130,370" oya="1" hai0="132,59,133,34,114,70,14,33,53,118,101,124,62" hai1="125,52,120,111,75,131,55,88,65,57,40,54,83" hai2="94,48,13,90,135,89,82,29,17,105,76,126,72" hai3="22,47,106,98,49,35,113,134,130,45,26,15,96"/><U41/><E120/><V128/><F128/><W127/><G113/><T10/><D114/><U103/><E131/><V36/><F36/><W7/><G130/><T51/><D118/><U8/><E125/><V28/><F126/><W100/><G127/><T38/><D124/><U77/><E103/><V21/><F135/><N who="0" m="51786" /><D38/><U19/><E111/><V39/><F39/><W64/><G35/><T3/><D3/><U92/><E65/><V129/><F129/><W99/><G134/><T95/><D95/><U12/><REACH who="1" step="1"/><E57/><REACH who="1" ten="250,240,130,370" step="2"/><V20/><F105/><W87/><G64/><N who="0" m="41239" /><D101/><U104/><E104/><V122/><F122/><W108/><G106/><T91/><D91/><U0/><E0/><V102/><F102/><W97/><G100/><T119/><D119/><U58/><E58/><V56/><F90/><W116/><G116/><T74/><D74/><U9/><E9/><V93/><F89/><W68/><G108/><T123/><D123/><U23/><E23/><V71/><F71/><W1/><G22/><T73/><D73/><U69/><E69/><V60/><F21/><W61/><G1/><T78/><D78/><U25/><E25/><V11/><F20/><W30/><G26/><T66/><D66/><U86/><AGARI ba="0,1" hai="8,12,19,40,41,52,54,55,75,77,83,86,88,92" machi="86" ten="30,12000,1" yaku="1,1,0,1,52,1,54,2,53,0" doraHai="4" doraHaiUra="63" who="1" fromWho="1" sc="250,-40,240,130,130,-40,370,-40" /><INIT seed="1,1,0,3,5,94" ten="210,370,90,330" oya="1" hai0="91,33,0,92,69,64,103,102,98,18,130,1,5" hai1="72,97,7,62,82,31,46,109,126,15,116,124,114" hai2="81,77,66,111,85,8,129,90,118,11,100,104,56" hai3="27,78,76,86,60,38,108,57,28,119,29,53,133"/><U115/><E116/><V20/><F129/><W16/><G119/><T2/><D130/><U9/><E31/><N who="3" m="11850" /><G38/><T43/><D33/><U106/><E46/><V19/><F111/><W39/><G39/><T59/><D43/><U21/><E62/><V110/><F110/><W30/><G133/><T83/><D69/><U25/><E109/><V13/><F118/><W67/><G108/><T44/><D44/><U61/><E61/><V105/><F66/><W121/><G30/><T123/><D123/><U3/><E21/><V55/><F104/><W132/><G132/><T26/><D26/><U131/><E15/><V48/><F105/><W88/><G53/><T40/><D40/><U45/><E45/><V34/><F34/><W41/><G41/><T22/><D22/><U127/><BYE who="0" /><E25/><V24/><F100/><UN n0="%E3%81%BF%E3%81%BF%E3%81%9A" /><W51/><G51/><T10/><D18/><U122/><E122/><V35/><F35/><W50/><G50/><T75/><D59/><U4/><E4/><V84/><REACH who="2" step="1"/><F24/><REACH who="2" ten="210,370,80,330" step="2"/><W95/><G121/><T93/><D64/><U134/><E131/><V101/><F101/><W73/><G73/><T113/><D113/><U68/><E134/><V36/><F36/><W99/><G86/><N who="0" m="50655" /><D75/><U58/><E115/><V6/><F6/><W117/><G117/><T128/><D128/><U14/><E114/><V71/><F71/><W96/><G96/><N who="0" m="59655" /><D0/><U125/><E68/><V32/><F32/><W42/><G42/><T74/><D1/><U54/><E3/><V89/><F89/><W37/><G37/><T17/><D74/><U65/><N who="1" m="31744" /><DORA hai="12" /><U70/><E72/><RYUUKYOKU ba="1,1" sc="210,10,370,-30,80,10,330,10" hai0="2,5,10,17,93,98,103" hai2="8,11,13,19,20,48,55,56,77,81,84,85,90" hai3="16,27,57,60,67,76,78,88,95,99" /><INIT seed="2,2,1,3,0,72" ten="220,340,90,340" oya="2" hai0="115,66,83,54,128,103,17,105,73,116,59,30,8" hai1="12,24,107,88,36,80,32,117,92,52,49,6,41" hai2="10,123,96,68,77,58,118,84,109,55,98,9,0" hai3="104,75,97,100,19,45,122,13,61,90,74,94,93"/><V37/><F118/><W133/><G122/><T120/><D115/><U2/><E107/><V3/><F123/><W29/><G133/><T69/><D120/><U130/><E2/><V35/><F68/><W134/><G134/><T71/><D116/><U4/><E117/><V60/><F35/><W18/><G29/><T110/><D30/><U127/><E41/><V102/><F37/><W106/><G104/><T26/><D66/><U16/><E36/><V33/><F33/><W135/><G135/><T56/><D110/><U23/><E80/><N who="2" m="47119" /><F0/><W34/><G34/><T62/><D59/><N who="1" m="33167" /><E127/><V112/><F3/><W28/><G28/><T121/><D26/><U89/><E32/><V78/><F112/><W64/><G45/><T51/><D17/><N who="1" m="12399" /><E130/><V65/><F109/><W42/><G42/><T129/><D8/><N who="2" m="3178" /><F65/><W7/><G7/><N who="1" m="2602" /><E92/><N who="2" m="58631" /><F98/><W40/><G106/><T39/><D39/><U119/><E119/><V114/><F114/><W15/><G74/><T11/><D11/><AGARI ba="2,1" hai="11,12,16,88,89" m="2602,12399,33167" machi="11" ten="30,7700,0" yaku="8,1,54,3" doraHai="72" who="1" fromWho="0" sc="220,-83,340,93,90,0,340,0" /><INIT seed="3,0,0,5,1,52" ten="137,433,90,340" oya="3" hai0="116,134,85,117,122,86,78,30,111,88,129,66,5" hai1="105,42,35,104,16,94,44,57,119,82,133,59,61" hai2="126,71,132,19,53,113,102,20,68,55,125,107,17" hai3="37,72,76,77,128,14,36,48,31,21,99,9,10"/><W121/><G121/><T135/><D122/><U120/><E35/><V98/><F132/><N who="0" m="50730" /><D111/><U58/><E120/><V29/><F113/><W8/><G128/><T84/><D129/><U112/><E112/><V92/><F29/><W81/><G76/><T131/><D131/><U67/><E57/><V45/><F107/><W28/><G99/><T127/><D127/><U54/><E16/><V106/><F106/><W130/><G130/><T103/><D103/><U51/><E119/><N who="0" m="45641" /><D78/><U64/><E64/><V100/><F45/><W46/><G31/><T25/><D66/><U56/><E59/><V40/><F40/><W60/><G60/><T24/><D5/><U23/><E23/><V63/><F63/><W6/><G6/><T50/><D50/><U15/><E94/><V95/><REACH who="2" step="1"/><F20/><REACH who="2" ten="137,433,80,340" step="2"/><W74/><G74/><T114/><D114/><U38/><E104/><V101/><F101/><W22/><G22/><N who="0" m="15639" /><D25/><U90/><E105/><V3/><F3/><W70/><G70/><T75/><D75/><U39/><E133/><V27/><F27/><W47/><G47/><T4/><D4/><U49/><E15/><V110/><F110/><W1/><G1/><T73/><D73/><U12/><E12/><V33/><F33/><W89/><G89/><AGARI ba="0,1" hai="84,85,86,88,89" m="15639,45641,50730" machi="89" ten="40,2600,0" yaku="20,1,54,1" doraHai="52" who="0" fromWho="3" sc="137,36,433,0,80,0,340,-26" owari="173,-22.7,433,53.3,80,-42.0,314,11.4" /></mjloggm>