<mjloggm ver="2.3"><GO type="225" lobby="0"/><UN n0="%E3%81%B5%E3%81%98%E3%81%8B%E3%81%A4" n1="%77%72%77%72%77%72%77%72" n2="%E6%9D%B1%E9%A2%A8%E3%81%AE%E3%81%8D%E3%82%83%E3%81%B7%E3%81%95%E3%82%93" n3="%E3%81%99%E3%81%84%E3%81%BE%E3%81%9B%E3%83%BC%E3%82%93" dan="16,16,17,17" rate="2162.62,2227.13,2255.97,2255.26" sx="M,M,M,M"/><TAIKYOKU oya="0"/><INIT seed="0,0,0,0,4,108" ten="250,250,250,250" oya="0" hai0="84,16,54,96,64,104,9,86,31,23,65,93,4" hai1="131,66,30,124,29,110,53,114,91,12,62,109,119" hai2="101,33,107,70,21,7,116,44,56,121,122,17,75" hai3="69,85,67,11,118,57,72,120,102,123,51,35,28"/><T46/><D104/><U98/><E119/><V132/><F7/><W37/><G72/><T117/><D117/><U99/><E131/><V125/><F75/><W13/><G37/><T47/><D31/><U1/><E1/><V8/><F132/><W130/><G118/><T59/><D84/><U71/><E124/><V20/><F8/><W77/><G130/><T112/><D112/><U43/><E43/><V95/><F33/><W63/><G102/><T22/><D22/><U34/><E114/><V111/><F70/><W90/><G77/><T39/><D86/><U41/><E41/><V42/><F111/><N who="1" m="42505" /><E53/><V32/><F21/><W92/><G28/><N who="1" m="10858" /><E34/><V24/><F32/><W60/><G51/><N who="0" m="31199" /><D39/><U80/><E12/><V58/><F107/><W115/><G35/><T94/><D65/><U40/><E40/><V36/><F125/><W133/><G115/><T0/><D64/><U105/><E105/><V15/><F116/><W127/><G127/><T52/><D0/><U135/><E135/><V19/><F15/><W103/><G133/><T106/><D106/><U14/><E14/><V68/><F68/><W87/><G69/><T134/><D134/><U49/><E49/><V50/><F50/><W6/><G63/><T48/><D46/><U45/><E45/><V129/><F129/><W73/><G73/><T128/><D128/><U88/><E80/><V38/><F38/><W97/><G87/><T2/><D96/><AGARI ba="0,0" hai="62,66,71,88,91,96,98,99" m="10858,42505" machi="96" ten="30,2000,0" yaku="14,1,54,1" doraHai="108" who="1" fromWho="0" sc="250,-20,250,20,250,0,250,0" /><INIT seed="1,0,0,0,4,8" ten="230,270,250,250" oya="1" hai0="126,28,124,56,135,57,127,79,86,44,97,35,80" hai1="133,100,51,111,66,77,114,83,46,128,95,6,74" hai2="12,61,72,109,13,69,17,130,25,89,16,88,75" hai3="38,68,125,47,30,73,39,103,63,110,116,90,99"/><U40/><E114/><V87/><F25/><W26/><G125/><T31/><D135/><U48/><E133/><V92/><F109/><W41/><G110/><T10/><D44/><U33/><E111/><V64/><F89/><W102/><G116/><T112/><D112/><U107/><E107/><V15/><REACH who="2" step="1"/><F130/><REACH who="2" ten="230,270,240,250" step="2"/><W3/><G90/><T43/><D35/><U24/><E24/><V91/><F91/><W22/><G26/><T81/><D97/><U108/><E33/><V82/><F82/><W29/><G99/><T60/><D81/><U119/><E83/><V18/><AGARI ba="0,1" hai="12,13,15,16,17,18,61,64,69,72,75,87,88,92" machi="18" ten="30,12000,2" yaku="1,1,0,1,52,3,54,2,53,0" doraHai="8" doraHaiUra="5" who="2" fromWho="2" sc="230,-30,270,-60,240,130,250,-30" /><INIT seed="2,0,0,1,3,79" ten="200,210,370,220" oya="2" hai0="10,56,130,78,37,76,98,66,103,73,74,70,75" hai1="16,118,110,31,18,105,80,20,24,84,133,129,46" hai2="14,36,50,39,34,8,117,55,86,15,25,106,109" hai3="104,123,72,69,91,126,85,134,38,48,43,51,28"/><V82/><F106/><W11/><G123/><T88/><D37/><U52/><E118/><V1/><F15/><W40/><G69/><T92/><D70/><U131/><E105/><V132/><F1/><W33/><G72/><T6/><D130/><N who="1" m="49675" /><E110/><V101/><F132/><W128/><G104/><T19/><D19/><U71/><E71/><V30/><F101/><W53/><G134/><T67/><D103/><U107/><E107/><V127/><F127/><W120/><G120/><T96/><D96/><U54/><E133/><V2/><F2/><W100/><G100/><T58/><D58/><U44/><E44/><V93/><F93/><W87/><G126/><T42/><D42/><U12/><E46/><V23/><F34/><W59/><G128/><T94/><D94/><U112/><E112/><V7/><F109/><W115/><G115/><T83/><D76/><N who="1" m="46087" /><E18/><V22/><F22/><AGARI ba="0,0" hai="12,16,20,22,24,31,52,54" m="46087,49675" machi="22" ten="30,7700,0" yaku="19,1,52,1,54,2" doraHai="79" who="1" fromWho="2" sc="200,0,210,77,370,-77,220,0" /><INIT seed="3,0,0,1,3,45" ten="200,287,293,220" oya="3" hai0="130,6,12,26,21,36,16,129,77,54,2,70,53" hai1="25,68,7,110,1,126,20,72,106,30,83,109,74" hai2="39,128,40,96,107,58,46,103,28,23,63,99,5" hai3="52,121,60,131,114,65,73,87,101,31,59,13,64"/><W82/><G114/><T42/><D70/><U32/><E68/><V123/><F99/><W135/><G121/><T22/><D77/><U17/><E106/><V84/><F84/><W38/><G73/><T88/><D36/><U124/><E83/><V80/><F80/><W94/><G38/><T112/><D42/><U14/><E74/><V92/><F5/><W35/><G135/><T119/><D119/><U78/><E78/><V3/><F3/><W105/><G105/><T76/><D76/><U8/><E72/><V18/><F28/><W95/><G131/><N who="0" m="50187" /><D112/><U75/><E75/><V125/><F125/><AGARI ba="0,0" hai="1,7,8,14,17,20,25,30,32,109,110,124,125,126" machi="125" ten="40,12000,2" yaku="24,2,18,1,34,3" doraHai="45" who="1" fromWho="2" sc="200,0,287,120,293,-120,220,0" owari="200,-20.0,407,50.7,173,-32.7,220,2.0" /></mjloggm>