<mjloggm ver="2.3"><GO type="225" lobby="0"/><UN n0="%E3%81%AF%E3%82%88%E3%81%8A%E3%81%98%E3%81%95%E3%82%93" n1="%E3%81%82%E3%81%B9%E3%81%99%E3%81%91" n2="%E4%B8%89%E5%86%A0%E7%8E%8B%E3%83%BB%E5%B1%B1%E7%94%B0%E5%93%B2%E4%BA%BA" n3="%E3%82%A2%E3%82%A4%E3%82%B9%E3%83%86%E3%82%A3%E3%83%BC%E3%81%82%E3%81%B9" dan="17,16,16,16" rate="2205.33,2100.17,2110.25,2095.35" sx="M,M,M,M"/><TAIKYOKU oya="0"/><INIT seed="0,0,0,2,2,66" ten="250,250,250,250" oya="0" hai0="74,28,115,123,94,112,71,107,78,90,119,128,34" hai1="0,8,31,64,101,24,37,114,127,100,13,125,81" hai2="30,51,32,4,23,95,75,15,99,17,35,130,129" hai3="55,102,1,50,21,135,33,73,5,49,93,120,20"/><T79/><D28/><U121/><E121/><V45/><F75/><W53/><G33/><T27/><D27/><U124/><E0/><V2/><F4/><W110/><G110/><T132/><D90/><U44/><E114/><V113/><F2/><W29/><G73/><T38/><D94/><U9/><E81/><V48/><F48/><W84/><G135/><T12/><D12/><U63/><E44/><V96/><F96/><W133/><G133/><T57/><D57/><N who="1" m="36975" /><E37/><V82/><F82/><W59/><G29/><T65/><D65/><U14/><E14/><V117/><F113/><W3/><G3/><T109/><D78/><U89/><E89/><N who="2" m="55791" /><F117/><W91/><G102/><N who="1" m="39530" /><E13/><V118/><F30/><W61/><G61/><T77/><D79/><U122/><E122/><V52/><F118/><W106/><G106/><T6/><D6/><U43/><E43/><V83/><F83/><W76/><G76/><T87/><D87/><U72/><E72/><V67/><F67/><W40/><G40/><T18/><D18/><U86/><E86/><V10/><F10/><W26/><G26/><T39/><D112/><U85/><E85/><V116/><F116/><W92/><G93/><T60/><D60/><U68/><E68/><V70/><F70/><W104/><G104/><T111/><D109/><U134/><E134/><V62/><F62/><W7/><G7/><T54/><D77/><U80/><E80/><V46/><F46/><N who="3" m="27831" /><G120/><T16/><D16/><U36/><E36/><V47/><F47/><W58/><G58/><T98/><D39/><U126/><N who="1" m="31744" /><DORA hai="42" /><U105/><E105/><RYUUKYOKU ba="0,0" sc="250,-30,250,10,250,10,250,10" hai1="8,9,24,31" hai2="15,17,23,32,35,45,51,52,129,130" hai3="1,5,20,21,50,55,59,84,91,92" /><INIT seed="1,1,0,2,5,32" ten="220,260,260,260" oya="1" hai0="38,18,118,48,75,128,116,66,46,3,43,40,36" hai1="26,14,80,87,42,60,5,94,71,84,109,54,133" hai2="102,33,57,44,85,130,51,39,76,67,121,89,122" hai3="25,0,20,55,96,79,101,2,69,65,7,104,113"/><U56/><E133/><V127/><F33/><W77/><G113/><T125/><D75/><U64/><E109/><V70/><F76/><W95/><G104/><T134/><D18/><U100/><E42/><N who="2" m="22623" /><F102/><W119/><G7/><T83/><D83/><U112/><E26/><V73/><F73/><W8/><G8/><T93/><D93/><U24/><E24/><V29/><F29/><W19/><G119/><N who="0" m="45611" /><D3/><U98/><E112/><V49/><F51/><W108/><G108/><T68/><D134/><U106/><E106/><V27/><F27/><W124/><G124/><T111/><D125/><U35/><E35/><V31/><F31/><W41/><G41/><N who="0" m="24655" /><D111/><U61/><REACH who="1" step="1"/><E80/><REACH who="1" ten="220,250,260,260" step="2"/><N who="2" m="49319" /><F127/><W58/><G77/><T4/><D40/><U115/><E115/><V34/><F34/><W110/><G79/><T47/><D38/><U132/><E132/><V22/><F130/><W131/><G110/><T88/><D128/><U135/><E135/><V62/><F22/><W52/><G131/><T50/><D36/><U129/><E129/><V123/><F122/><W21/><G20/><T117/><D117/><U45/><E45/><V16/><F123/><W9/><G21/><T86/><D43/><U105/><E105/><V126/><F121/><W74/><G25/><T30/><D47/><U120/><E120/><V97/><F126/><W90/><G9/><AGARI ba="1,1" hai="5,9,14,54,56,60,61,64,71,84,87,94,98,100" machi="9" ten="40,3900,0" yaku="1,1,53,1" doraHai="32" doraHaiUra="92" who="1" fromWho="3" sc="220,0,250,52,260,0,260,-42" /><INIT seed="1,2,0,3,4,121" ten="220,302,260,218" oya="1" hai0="125,127,19,10,30,115,85,62,47,108,116,83,135" hai1="59,98,94,123,109,53,130,78,84,104,117,105,20" hai2="4,129,131,72,120,6,52,37,63,126,87,14,91" hai3="89,45,46,92,133,68,25,17,9,40,33,7,55"/><U35/><E35/><V86/><F72/><W95/><G68/><T27/><D116/><U23/><E123/><V11/><F120/><W31/><G133/><T128/><D115/><U58/><E117/><V67/><F126/><W41/><G17/><T118/><D118/><U36/><E36/><V134/><F134/><W114/><G55/><T119/><D119/><U28/><E130/><N who="2" m="49675" /><F37/><W2/><G114/><T0/><D128/><U76/><E28/><V39/><F39/><W49/><REACH who="3" step="1"/><G89/><REACH who="3" ten="220,302,260,208" step="2"/><N who="0" m="51391" /><D19/><U71/><E53/><V69/><F91/><W51/><AGARI ba="2,1" hai="2,7,9,25,31,33,40,41,45,46,49,51,92,95" machi="51" ten="20,5200,0" yaku="1,1,0,1,7,1,9,1,53,0" doraHai="121" doraHaiUra="75" who="3" fromWho="3" sc="220,-15,302,-28,260,-15,208,68" /><INIT seed="2,0,0,3,0,0" ten="205,274,245,276" oya="2" hai0="50,86,27,21,70,109,66,108,53,8,124,58,117" hai1="35,133,23,135,79,11,2,100,74,88,78,31,116" hai2="82,51,57,39,59,84,6,17,132,97,85,63,91" hai3="106,121,34,64,47,125,14,54,101,36,113,123,127"/><V42/><F39/><W37/><G34/><T104/><D104/><U16/><E116/><V111/><F132/><N who="1" m="50761" /><E100/><V41/><F111/><W77/><G77/><N who="1" m="29194" /><E74/><V131/><F131/><W55/><G101/><T73/><D73/><U46/><E35/><V103/><F85/><W129/><G106/><T90/><D117/><U94/><E31/><V83/><F83/><W118/><G14/><T12/><D124/><N who="3" m="47689" /><G118/><T65/><D70/><U115/><E46/><V87/><F87/><W3/><G3/><T49/><D50/><U19/><E23/><V75/><F75/><W33/><G33/><T18/><D108/><U32/><E115/><V126/><F126/><W119/><G119/><T81/><REACH who="0" step="1"/><D109/><REACH who="0" ten="195,274,245,276" step="2"/><U96/><E32/><V110/><F110/><W114/><G129/><T56/><D56/><U1/><E1/><V9/><F51/><W62/><G36/><T30/><AGARI ba="0,1" hai="8,12,18,21,27,30,49,53,58,65,66,81,86,90" machi="30" ten="20,5200,0" yaku="1,1,0,1,7,1,8,1,53,0" doraHai="0" doraHaiUra="69" who="0" fromWho="0" sc="195,62,274,-13,245,-26,276,-13" /><INIT seed="3,0,0,1,2,12" ten="257,261,219,263" oya="3" hai0="108,28,80,117,105,70,110,50,25,18,16,111,62" hai1="35,15,85,76,23,2,30,109,77,4,20,10,69" hai2="14,116,49,121,120,33,60,52,82,27,90,43,29" hai3="75,126,131,24,65,31,107,98,37,99,68,115,5"/><W72/><G115/><T101/><D117/><U46/><E69/><V54/><F116/><W95/><G37/><T63/><D50/><U47/><E109/><V134/><F134/><W36/><G36/><T45/><D45/><U67/><E67/><V17/><F43/><W19/><G126/><T61/><D70/><U26/><E23/><V51/><F90/><W38/><G38/><T125/><D125/><U88/><E2/><V34/><F82/><W73/><G5/><T7/><D7/><U48/><E35/><V42/><F34/><N who="3" m="20839" /><G98/><N who="0" m="61623" /><D80/><N who="1" m="49191" /><E47/><V57/><F42/><AGARI ba="0,0" hai="4,10,15,20,26,30,42,46,48,76,77" m="49191" machi="42" ten="30,2000,0" yaku="8,1,54,1" doraHai="12" who="1" fromWho="2" sc="257,0,261,20,219,-20,263,0" /><INIT seed="4,0,0,5,1,122" ten="257,281,199,263" oya="0" hai0="128,28,83,33,12,85,61,6,27,41,9,16,95" hai1="30,63,98,19,107,46,135,75,129,96,79,123,120" hai2="15,11,62,0,97,35,32,54,69,52,73,92,7" hai3="86,43,121,103,134,76,23,117,77,108,59,110,82"/><T131/><D41/><U109/><E46/><V132/><F73/><W102/><G43/><T29/><D61/><U125/><E30/><V2/><F132/><W99/><G59/><T31/><D95/><U44/><E19/><V72/><F72/><W105/><G23/><N who="0" m="11655" /><D85/><U115/><E44/><V119/><F119/><W21/><G21/><N who="0" m="15471" /><D83/><U88/><E79/><N who="3" m="30282" /><G117/><T71/><D71/><U84/><E75/><V5/><F35/><W25/><G25/><N who="0" m="18607" /><D31/><U18/><E84/><V67/><F32/><W64/><G64/><T66/><D66/><U38/><E38/><V40/><F40/><W60/><G60/><T81/><D81/><U106/><E135/><V58/><F7/><W3/><G134/><T24/><D24/><U101/><E63/><V49/><REACH who="2" step="1"/><F54/><REACH who="2" ten="257,281,189,263" step="2"/><W37/><G37/><T87/><D87/><U13/><E123/><V70/><F70/><W55/><G55/><T57/><D57/><U116/><E120/><V130/><F130/><W34/><G121/><T8/><D6/><U118/><E129/><AGARI ba="0,1" hai="8,9,128,129,131" m="18607,15471,11655" machi="129" ten="30,11600,0" yaku="19,1,34,2,54,1" doraHai="122" who="0" fromWho="1" sc="257,126,281,-116,189,0,263,0" owari="383,48.3,165,-33.5,189,-21.1,263,6.3" /></mjloggm>