<mjloggm ver="2.3"><GO type="225" lobby="0"/><UN n0="%E8%A8%88%E7%AE%97%E6%A9%9F%E8%87%AA%E7%84%B6" n1="%E7%B4%94%E6%BD%94%E3%83%94%E3%83%A9%E3%83%8B%E3%82%A2" n2="%E9%80%86%E9%80%A3%E5%B8%AF%E3%81%AE%E9%AC%BC" n3="%E3%82%BC%E3%83%AB%E3%83%80%E3%81%AE%E4%BC%9D%E8%AA%AC" dan="17,17,16,16" rate="2224.83,2233.11,2110.41,2148.52" sx="M,M,M,M"/><TAIKYOKU oya="0"/><INIT seed="0,0,0,0,4,24" ten="250,250,250,250" oya="0" hai0="41,36,38,112,30,130,58,39,95,1,20,49,8" hai1="55,34,108,73,29,94,89,98,45,93,103,44,101" hai2="0,92,129,25,109,31,81,70,2,91,54,13,85" hai3="57,21,102,104,110,113,126,119,46,82,87,28,26"/><T117/><D112/><U107/><E73/><V121/><F121/><W75/><G113/><T5/><D117/><U47/><E108/><V7/><F129/><W10/><G119/><T64/><D130/><U50/><E107/><V63/><F109/><W76/><G110/><T97/><D41/><U60/><E60/><V42/><F42/><W106/><G126/><T65/><D49/><U27/><REACH who="1" step="1"/><E101/><REACH who="1" ten="250,240,250,250" step="2"/><V90/><F70/><W96/><G75/><T6/><D64/><U132/><E132/><V11/><F63/><W77/><G106/><T43/><D65/><U56/><E56/><V135/><F135/><W35/><G57/><T22/><D58/><U61/><E61/><V67/><F67/><W62/><G62/><T122/><D122/><U69/><E69/><V83/><F54/><W15/><G46/><T51/><D43/><U111/><E111/><V18/><F83/><W88/><REACH who="3" step="1"/><G35/><REACH who="3" ten="250,240,250,240" step="2"/><T17/><D36/><U118/><E118/><V134/><F134/><W68/><G68/><T123/><D38/><U127/><E127/><V33/><REACH who="2" step="1"/><F7/><AGARI ba="0,2" hai="7,10,15,21,26,28,76,77,82,87,88,96,102,104" machi="7" ten="30,8000,1" yaku="1,1,7,1,52,1,54,1,53,1" doraHai="24" doraHaiUra="100" who="3" fromWho="2" sc="250,0,240,0,250,-80,240,100" /><INIT seed="1,0,0,4,2,112" ten="250,240,170,340" oya="1" hai0="88,7,55,49,33,131,4,108,53,42,104,37,70" hai1="34,91,22,65,46,95,64,36,2,122,75,132,50" hai2="57,124,27,58,39,123,3,32,79,87,111,23,66" hai3="86,80,77,129,127,73,25,125,31,96,120,28,82"/><U17/><E34/><V106/><F123/><W45/><G120/><T84/><D104/><U47/><E122/><V41/><F124/><N who="3" m="47691" /><G129/><T119/><D33/><U93/><E2/><V24/><F111/><W12/><G12/><T118/><D70/><U98/><E75/><V44/><F106/><W90/><G45/><T6/><D108/><U5/><E5/><V0/><F32/><N who="3" m="20495" /><G96/><T1/><D1/><U128/><E132/><V94/><F27/><W15/><G15/><T102/><D131/><U107/><E107/><V105/><F105/><W113/><G31/><T72/><D102/><N who="1" m="60751" /><E36/><V76/><F0/><W48/><G48/><T78/><D37/><U92/><E92/><V43/><F3/><W115/><AGARI ba="0,0" hai="73,77,80,82,86,90,113,115" m="20495,47691" machi="115" ten="30,1100,0" yaku="18,1" doraHai="112" who="3" fromWho="3" sc="250,-3,240,-5,170,-3,340,11" /><INIT seed="2,0,0,2,0,35" ten="247,235,167,351" oya="2" hai0="82,94,76,42,54,50,72,21,39,2,56,78,30" hai1="25,9,51,111,16,65,26,64,38,127,62,117,7" hai2="48,116,71,34,68,28,135,125,22,96,89,103,84" hai3="4,52,124,104,132,85,106,90,11,77,79,36,102"/><V108/><F116/><W130/><G36/><T24/><D76/><U37/><E117/><V97/><F135/><W99/><G104/><T58/><D2/><U6/><E111/><V66/><F125/><W101/><G101/><T17/><D39/><U133/><E51/><V87/><F108/><W114/><G124/><T95/><D42/><U32/><E127/><V12/><F34/><W69/><G69/><T27/><D56/><U73/><E73/><V128/><F128/><W8/><G130/><T98/><D98/><U1/><E6/><V121/><F121/><W109/><G109/><T10/><D10/><U13/><E65/><V122/><F122/><W3/><G132/><T41/><D41/><U93/><E93/><V70/><F66/><W57/><G11/><T131/><D131/><U83/><E83/><V110/><F110/><W44/><G44/><T53/><D53/><U40/><E40/><V112/><F112/><W45/><G45/><T18/><D18/><U134/><E134/><V31/><F48/><W46/><G46/><T75/><D75/><U43/><E43/><V120/><F120/><W15/><G15/><T129/><D129/><U115/><E115/><V47/><F47/><W81/><G114/><T14/><D14/><U113/><E113/><V5/><F5/><W74/><G74/><T118/><D118/><U105/><E105/><N who="2" m="63719" /><F12/><W92/><G106/><T107/><D107/><U61/><E133/><V60/><F60/><AGARI ba="0,0" hai="3,4,8,52,57,60,77,79,81,85,90,92,99,102" machi="60" ten="30,3900,0" yaku="7,1,52,1,54,1" doraHai="35" who="3" fromWho="2" sc="247,0,235,0,167,-39,351,39" /><INIT seed="3,0,0,2,2,85" ten="247,235,128,390" oya="3" hai0="62,130,44,134,113,58,70,27,52,87,0,76,29" hai1="63,102,61,2,28,104,1,59,49,6,11,9,91" hai2="132,98,5,4,26,25,90,39,118,101,112,65,97" hai3="68,109,107,18,54,22,40,111,121,117,93,57,31"/><W108/><G107/><T119/><D119/><U78/><E78/><V43/><F132/><W60/><G121/><T133/><D0/><U96/><E28/><V105/><F112/><W106/><G106/><T86/><D70/><U51/><E61/><V95/><F118/><W19/><G40/><T128/><D44/><U129/><E129/><N who="0" m="49769" /><D113/><U80/><E80/><V127/><F127/><W34/><G93/><T126/><D126/><U16/><E91/><V41/><F65/><W89/><G89/><T38/><D38/><U115/><E115/><V116/><F116/><W7/><G7/><T50/><D62/><U99/><E99/><V53/><F53/><W69/><G117/><T73/><D73/><U64/><E16/><N who="3" m="6186" /><G34/><N who="0" m="20799" /><D86/><U47/><E47/><V71/><F71/><W35/><G35/><T125/><D125/><U21/><E21/><V17/><F41/><W67/><G54/><T55/><D55/><U33/><E33/><V24/><REACH who="2" step="1"/><F17/><REACH who="2" ten="247,235,118,390" step="2"/><W46/><G68/><T135/><D133/><U72/><E64/><V75/><F75/><W92/><G69/><T8/><D134/><U110/><E72/><V36/><F36/><W131/><G131/><T37/><D37/><U10/><E10/><V3/><F3/><W14/><G67/><T123/><D8/><U30/><E9/><V88/><F88/><W83/><G109/><T124/><D124/><U82/><E110/><V13/><F13/><W84/><G14/><T66/><D135/><U23/><E1/><V122/><F122/><W32/><G111/><T94/><D123/><U114/><E114/><V20/><F20/><RYUUKYOKU ba="0,1" sc="247,-10,235,-10,118,30,390,-10" hai2="4,5,24,25,26,39,43,90,95,97,98,101,105" owari="237,3.7,225,-17.5,148,-35.2,390,49.0" /></mjloggm>