<mjloggm ver="2.3"><GO type="225" lobby="0"/><UN n0="%E3%82%BC%E3%83%AB%E3%83%80%E3%81%AE%E4%BC%9D%E8%AA%AC" n1="%72%69%6F%75%63%68%61%6E" n2="%E4%BF%BA%E3%81%A8%E5%A6%96%E5%A4%A2" n3="%E5%A4%9C%E5%85%89%E5%A4%A9%E6%A5%BC" dan="17,16,17,17" rate="2225.64,2235.41,2198.53,2121.00" sx="M,M,F,M"/><TAIKYOKU oya="0"/><INIT seed="0,0,0,1,3,4" ten="250,250,250,250" oya="0" hai0="101,54,6,121,132,87,39,7,21,81,33,125,92" hai1="63,61,98,58,77,119,100,25,29,82,71,31,95" hai2="135,126,134,36,18,52,11,113,111,2,122,65,115" hai3="55,22,88,0,133,40,37,97,117,128,109,19,14"/><T80/><D33/><U46/><E119/><V27/><F36/><W44/><G117/><T59/><D121/><U9/><E71/><V105/><F105/><W38/><G0/><T72/><D39/><U104/><E46/><V24/><F65/><W89/><G38/><T62/><D125/><U74/><E104/><V20/><F122/><W79/><G79/><T23/><D132/><N who="2" m="50730" /><F126/><W56/><G133/><T12/><D72/><U90/><E9/><V57/><F27/><W83/><G128/><T96/><D81/><U53/><E63/><N who="2" m="36263" /><F111/><W28/><G109/><T70/><D70/><U45/><E45/><V30/><F2/><W124/><G124/><T26/><D12/><AGARI ba="0,0" hai="11,12,18,20,24,30,113,115" m="36263,50730" machi="12" ten="30,3900,0" yaku="20,1,52,1,54,1" doraHai="4" who="2" fromWho="0" sc="250,-39,250,0,250,39,250,0" /><INIT seed="1,0,0,5,1,80" ten="211,250,289,250" oya="1" hai0="118,36,26,17,102,13,110,81,104,131,70,106,63" hai1="109,16,125,67,98,77,32,8,61,99,73,100,91" hai2="97,108,68,124,45,47,96,54,37,122,83,6,1" hai3="114,15,34,92,44,60,64,133,23,107,82,128,3"/><U10/><E125/><V69/><F122/><W51/><G107/><T121/><D118/><U28/><E109/><V55/><F108/><W40/><G34/><T88/><D110/><U48/><E48/><V59/><F6/><W119/><G3/><T12/><D36/><U72/><E77/><V30/><F1/><W21/><G114/><T112/><D112/><U49/><E49/><V85/><F30/><W43/><G119/><T113/><D113/><U65/><E65/><V93/><F55/><W129/><G43/><T89/><D121/><U5/><E91/><V29/><F29/><W132/><G92/><T130/><D26/><N who="1" m="18455" /><E99/><V58/><F58/><N who="3" m="36887" /><G82/><T9/><D12/><U134/><E134/><N who="3" m="51818" /><G15/><T7/><D7/><U50/><E50/><V2/><F2/><W120/><G120/><T79/><D104/><N who="1" m="63511" /><E16/><V101/><F96/><W66/><G66/><N who="0" m="41311" /><D106/><U0/><E8/><V123/><F123/><W53/><G53/><T35/><D35/><U71/><AGARI ba="0,0" hai="0,5,10,61,67,71,72,73" m="63511,18455" machi="71" ten="30,6000,0" yaku="25,1,33,2" doraHai="80" who="1" fromWho="1" sc="211,-20,250,60,289,-20,250,-20" /><INIT seed="1,1,0,0,2,84" ten="191,310,269,230" oya="1" hai0="10,27,12,75,13,54,21,44,55,48,120,33,20" hai1="3,5,104,62,30,96,28,101,130,58,93,73,64" hai2="71,83,95,39,56,94,131,117,26,98,36,25,17" hai3="102,79,19,16,107,63,59,69,77,111,9,29,46"/><U100/><E130/><V106/><F117/><W90/><G111/><T115/><D115/><U116/><E116/><V105/><F71/><W31/><G69/><T108/><D108/><U80/><E3/><V47/><F131/><W118/><G118/><T127/><D127/><U88/><E5/><V67/><F83/><W50/><G107/><T35/><D75/><U126/><E126/><V99/><F56/><W37/><G102/><T41/><D120/><U1/><E1/><V57/><F57/><W23/><G9/><T114/><D114/><U97/><REACH who="1" step="1"/><E101/><REACH who="1" ten="191,300,269,230" step="2"/><V110/><F110/><W122/><G122/><T24/><D10/><U86/><E86/><V0/><F0/><W135/><G135/><T134/><D134/><U128/><E128/><V53/><F99/><W60/><G60/><T6/><D6/><U92/><E92/><V109/><F98/><W91/><G63/><T70/><D70/><U119/><E119/><V51/><F109/><W76/><G37/><T52/><D33/><U133/><E133/><V129/><F129/><W123/><G123/><T87/><D35/><U132/><E132/><V113/><F95/><W15/><G19/><N who="0" m="12319" /><D87/><U45/><E45/><V68/><F47/><W40/><G59/><T72/><D72/><U7/><E7/><V11/><F68/><W22/><G31/><AGARI ba="1,1" hai="12,13,21,27,31,41,44,48,52,54,55" m="12319" machi="31" ten="30,2000,0" yaku="8,1,54,1" doraHai="84" who="0" fromWho="3" sc="191,33,300,0,269,0,230,-23" /><INIT seed="2,0,0,4,0,107" ten="224,300,269,207" oya="2" hai0="23,58,46,98,8,38,9,97,6,70,71,35,52" hai1="77,42,61,72,101,17,69,27,5,25,128,4,36" hai2="132,79,80,109,32,24,30,39,48,81,60,59,57" hai3="134,112,41,87,76,89,53,120,47,91,11,124,126"/><V13/><F39/><W31/><G120/><T135/><D35/><U2/><E101/><V90/><F132/><W111/><G134/><T121/><D135/><U16/><E128/><V33/><F33/><W56/><G31/><T18/><D121/><U0/><E61/><V21/><F109/><W119/><G119/><T51/><D70/><U29/><E69/><V40/><F90/><W65/><G65/><T75/><D71/><U130/><E130/><V20/><F81/><N who="3" m="47527" /><G112/><T68/><D75/><U122/><E122/><V62/><F13/><W115/><G11/><T96/><D68/><U125/><E36/><V78/><F78/><W110/><G115/><T100/><D100/><U108/><E42/><V95/><F95/><W15/><G15/><T12/><D38/><U86/><E86/><V1/><F1/><N who="1" m="617" /><E77/><V37/><F37/><N who="3" m="21935" /><G91/><T34/><D34/><N who="1" m="20783" /><E72/><V93/><F93/><W74/><G89/><T14/><REACH who="0" step="1"/><D9/><REACH who="0" ten="214,300,269,207" step="2"/><U28/><E108/><N who="3" m="41514" /><G74/><T22/><D22/><N who="1" m="15479" /><E125/><V54/><F32/><W104/><G104/><T94/><D94/><U102/><E102/><V113/><F113/><W50/><AGARI ba="0,1" hai="50,53,56,124,126" m="41514,21935,47527" machi="50" ten="30,1100,0" yaku="14,1" doraHai="107" who="3" fromWho="3" sc="214,-3,300,-3,269,-5,207,21" /><INIT seed="3,0,0,3,5,82" ten="211,297,264,228" oya="3" hai0="89,126,59,111,133,9,104,85,65,60,11,19,28" hai1="39,130,124,58,99,43,13,114,78,103,115,24,5" hai2="38,51,120,4,18,14,76,74,109,52,87,6,105" hai3="112,41,3,55,16,48,42,50,27,61,131,121,113"/><W1/><G121/><T79/><D104/><U95/><E78/><V31/><F74/><W97/><G61/><T63/><D111/><U17/><E124/><V25/><F38/><W26/><G97/><T80/><D126/><U122/><E122/><V132/><F105/><W53/><REACH who="3" step="1"/><G16/><REACH who="3" ten="211,297,264,218" step="2"/><T107/><D133/><U92/><E17/><V117/><F120/><W119/><G119/><T62/><D107/><U134/><E99/><V81/><F117/><W36/><G36/><T110/><D110/><U15/><E39/><V90/><F109/><W40/><G40/><T35/><D62/><U68/><E43/><V135/><F135/><W83/><G83/><T10/><D60/><U32/><E134/><V64/><F132/><W86/><G86/><N who="0" m="48415" /><D35/><U49/><E32/><V34/><F64/><W44/><G44/><T93/><D28/><U7/><E115/><V69/><F69/><W21/><G21/><T88/><D89/><U67/><E114/><V23/><F90/><W123/><G123/><T12/><AGARI ba="0,1" hai="9,10,11,12,19,59,63,65,85,88,93" m="48415" machi="12" ten="30,7900,0" yaku="8,1,52,2,54,1" doraHai="82" who="0" fromWho="0" sc="211,89,297,-20,264,-20,218,-39" owari="300,40.0,277,7.7,244,-15.6,179,-32.1" /></mjloggm>