<mjloggm ver="2.3"><GO type="225" lobby="0"/><UN n0="%E9%80%86%E9%80%A3%E5%B8%AF%E3%81%AE%E9%AC%BC" n1="%E5%8F%AF%E5%85%90%E9%82%A3%E7%94%B1%E5%A4%9A" n2="%E3%81%99%E3%81%84%E3%81%BE%E3%81%9B%E3%83%BC%E3%82%93" n3="%E3%81%AF%E3%82%88%E3%81%8A%E3%81%98%E3%81%95%E3%82%93" dan="16,17,17,17" rate="2089.72,2199.33,2267.58,2255.47" sx="M,F,M,M"/><TAIKYOKU oya="0"/><INIT seed="0,0,0,2,0,9" ten="250,250,250,250" oya="0" hai0="87,93,45,30,52,83,28,12,98,10,47,131,113" hai1="121,7,19,129,75,100,115,84,67,51,37,61,18" hai2="64,35,21,117,65,42,25,23,116,79,49,15,95" hai3="60,130,86,92,38,132,34,78,70,68,3,106,55"/><T57/><D131/><U72/><E121/><V103/><F79/><W63/><G92/><T11/><D113/><U110/><E37/><V90/><F103/><W31/><G78/><T119/><D119/><N who="2" m="45642" /><F35/><W43/><G55/><T82/><D30/><U56/><E129/><V133/><F133/><W69/><G68/><T80/><D28/><U91/><E110/><V71/><F71/><W39/><G43/><T108/><D10/><U76/><E100/><V135/><F135/><W53/><G53/><T4/><D87/><U123/><E123/><V101/><F101/><W8/><G8/><T20/><D20/><N who="2" m="7754" /><F15/><W24/><G31/><T27/><D27/><U50/><E76/><V127/><F25/><W134/><G24/><T81/><N who="0" m="20480" /><DORA hai="77" /><T73/><D73/><U112/><E7/><V96/><F127/><W6/><G6/><T48/><D108/><U62/><E84/><V22/><N who="2" m="7762" /><V118/><N who="2" m="45650" /><DORA hai="40" /><V29/><DORA hai="2" /><F29/><W94/><G86/><T5/><D5/><U1/><E1/><V97/><F97/><W14/><G3/><T111/><D111/><U32/><E32/><V26/><F26/><W105/><G34/><T128/><D128/><U114/><E75/><V125/><F125/><W46/><G130/><T36/><D36/><U16/><E72/><V59/><F59/><W13/><G132/><T109/><D109/><U44/><E114/><V89/><F89/><AGARI ba="0,0" hai="4,11,12,45,47,48,52,57,89,93,98" m="20480" machi="89" ten="50,24000,3" yaku="8,1,52,8,54,1" doraHai="9,77,40,2" who="0" fromWho="2" sc="250,240,250,0,250,-240,250,0" /><INIT seed="0,1,0,3,1,26" ten="490,250,10,250" oya="0" hai0="132,59,85,43,115,75,30,126,15,25,89,73,60" hai1="20,116,44,66,125,68,133,102,114,70,106,0,4" hai2="16,51,45,19,8,39,61,31,24,104,62,95,134" hai3="71,117,38,23,131,36,90,127,50,7,28,9,81"/><T87/><D115/><U107/><E116/><V55/><F104/><W123/><G117/><T63/><D132/><U47/><E114/><V94/><F134/><W118/><G118/><T97/><D126/><U108/><E133/><V42/><F62/><W103/><G71/><T129/><D129/><U74/><E108/><V14/><F19/><W69/><G69/><T93/><D43/><U11/><E125/><V34/><REACH who="2" step="1"/><F61/><REACH who="2" ten="490,250,0,250" step="2"/><W37/><G127/><T52/><D63/><U13/><E107/><V122/><F122/><W21/><G123/><T58/><D58/><AGARI ba="1,1" hai="8,14,16,24,31,34,39,42,45,51,55,58,94,95" machi="58" ten="30,7700,0" yaku="1,1,7,1,52,1,54,1,53,0" doraHai="26" doraHaiUra="35" who="2" fromWho="0" sc="490,-80,250,0,0,90,250,0" /><INIT seed="1,0,0,3,0,9" ten="410,250,90,250" oya="1" hai0="117,80,35,55,16,44,75,1,48,120,72,123,42" hai1="22,7,98,88,38,100,11,112,119,94,26,131,28" hai2="10,67,97,127,45,92,40,111,50,41,0,132,49" hai3="84,43,20,115,29,6,86,13,129,3,56,103,62"/><U77/><E112/><V53/><F111/><W110/><G115/><T135/><D117/><U34/><E119/><V81/><F127/><W90/><G110/><T76/><D135/><U133/><E38/><V118/><F118/><W85/><G3/><T107/><D107/><U4/><E133/><V21/><F132/><W83/><G129/><T104/><D104/><U52/><E131/><V57/><F67/><W134/><G134/><T87/><D35/><U12/><E77/><V89/><F21/><W59/><G43/><T106/><D106/><U46/><E34/><V78/><F41/><W122/><G122/><N who="0" m="46635" /><D1/><U61/><E4/><V14/><F0/><W30/><G56/><N who="0" m="32871" /><D16/><U68/><E68/><V54/><F40/><W91/><G103/><T64/><D64/><U71/><E71/><V24/><F24/><W8/><G20/><T5/><D5/><U18/><E28/><N who="3" m="10858" /><G91/><T101/><D101/><U17/><E7/><V2/><F2/><W32/><G32/><T70/><D70/><U93/><E46/><V65/><F65/><AGARI ba="0,0" hai="6,8,13,59,62,65,83,84,85,86,90" m="10858" machi="65" ten="30,2000,0" yaku="8,1,52,1" doraHai="9" who="3" fromWho="2" sc="410,0,250,0,90,-20,250,20" /><INIT seed="2,0,0,1,3,52" ten="410,250,70,270" oya="2" hai0="75,53,33,28,30,22,117,55,24,36,46,86,39" hai1="67,132,62,120,78,125,110,15,69,100,38,12,97" hai2="95,71,133,16,129,121,8,76,34,40,134,70,102" hai3="72,59,20,87,68,25,66,80,19,11,90,45,32"/><V13/><F121/><W64/><G68/><T2/><D75/><U44/><E110/><V6/><F129/><W108/><G108/><T130/><D2/><U88/><E132/><N who="2" m="50795" /><F34/><W109/><G109/><T3/><D3/><U60/><E125/><V84/><F40/><W4/><G72/><T128/><D117/><U111/><E111/><V41/><F41/><W7/><G32/><T92/><D33/><U82/><E120/><V131/><F131/><N who="0" m="50218" /><D30/><U23/><E60/><V116/><F116/><W0/><G4/><T29/><D29/><U99/><E44/><V93/><F6/><W1/><G45/><T79/><D79/><U17/><E38/><N who="0" m="14377" /><D46/><U115/><E115/><V122/><F122/><W35/><G0/><T96/><D86/><U114/><E114/><V42/><F42/><W74/><G74/><T10/><D10/><U49/><E12/><V135/><N who="2" m="50803" /><V89/><DORA hai="85" /><F76/><W77/><G35/><T124/><D124/><U21/><E78/><V51/><F51/><W91/><G77/><T105/><D105/><U104/><E49/><V73/><F73/><W101/><G7/><T47/><D47/><U18/><E15/><V83/><F83/><W65/><G1/><T113/><D113/><U94/><REACH who="1" step="1"/><E82/><REACH who="1" ten="410,240,70,270" step="2"/><V27/><F27/><W9/><G80/><T107/><D24/><U43/><E43/><V63/><F63/><W37/><G25/><T57/><D28/><U98/><E98/><AGARI ba="0,1" hai="8,13,16,70,71,84,89,93,95,98,102" m="50803" machi="98" ten="40,7700,0" yaku="20,1,52,1,54,1" doraHai="52,85" who="2" fromWho="1" sc="410,0,240,-77,70,87,270,0" /><INIT seed="2,1,0,5,3,29" ten="410,163,157,270" oya="2" hai0="15,133,27,25,102,73,57,10,115,34,37,117,129" hai1="81,65,54,11,83,110,33,63,1,46,13,31,52" hai2="107,100,82,75,14,88,78,80,124,70,76,12,66" hai3="91,44,3,61,85,55,60,135,122,128,6,79,134"/><V41/><F124/><W36/><G122/><T5/><D115/><U7/><E110/><V131/><F131/><W132/><G128/><T92/><D117/><U50/><E54/><V127/><F127/><W2/><G79/><T32/><D73/><U108/><E108/><V97/><F41/><N who="3" m="22567" /><G55/><T77/><D37/><U40/><E40/><V4/><F4/><W93/><G6/><T22/><D77/><U114/><E114/><V105/><F105/><W130/><G130/><T109/><D109/><U58/><REACH who="1" step="1"/><E13/><REACH who="1" ten="410,153,157,270" step="2"/><V48/><F48/><W121/><G121/><T74/><D15/><U17/><E17/><V112/><F112/><W30/><G30/><T87/><D129/><U26/><AGARI ba="1,1" hai="1,7,11,26,31,33,46,50,52,58,63,65,81,83" machi="26" ten="30,7900,0" yaku="1,1,0,1,52,1,54,1,53,0" doraHai="29" doraHaiUra="68" who="1" fromWho="1" sc="410,-21,153,92,157,-40,270,-21" /><INIT seed="3,0,0,3,4,7" ten="389,245,117,249" oya="3" hai0="93,89,128,58,63,1,28,32,53,100,131,37,123" hai1="41,78,117,21,111,132,109,22,24,70,122,84,133" hai2="119,125,135,10,129,98,29,71,9,16,113,5,114" hai3="50,40,64,33,96,81,23,62,105,74,47,51,72"/><W42/><G33/><T25/><D123/><U26/><E122/><V75/><F71/><W30/><G105/><T90/><D1/><U45/><E70/><V121/><F75/><W2/><G2/><T116/><D37/><N who="1" m="21679" /><E117/><V76/><F76/><W88/><G74/><T8/><D8/><N who="2" m="3178" /><F98/><W46/><G72/><T12/><D12/><U82/><E21/><V0/><F119/><W57/><G23/><T77/><D77/><U124/><E124/><V6/><F121/><W106/><G106/><T104/><D116/><U13/><E13/><V94/><F94/><N who="3" m="56391" /><G30/><T68/><D68/><U4/><E4/><N who="2" m="1643" /><F0/><W79/><G79/><T85/><D90/><U3/><E3/><V112/><F125/><W91/><G91/><T69/><D69/><U27/><E22/><V87/><F87/><W134/><G134/><AGARI ba="0,0" hai="24,26,27,78,82,84,109,111,132,133,134" m="21679" machi="134" ten="30,1000,0" yaku="20,1" doraHai="7" who="1" fromWho="3" sc="389,0,245,10,117,0,249,-10" owari="389,48.9,255,5.5,117,-38.3,239,-16.1" /></mjloggm>