<mjloggm ver="2.3"><GO type="225" lobby="0"/><UN n0="%E8%BE%9B%E5%8F%A3%E3%82%AB%E3%83%AC%E3%83%BC%E3%83%A9%E3%82%A4%E3%82%B9" n1="%E6%81%AC%E6%B7%A1%E5%AF%82%E5%AF%9E" n2="%E3%82%8A%E3%82%87%E3%81%91%E3%81%99" n3="%E7%99%BD%E9%9B%AA%E4%B9%83%E6%84%9B" dan="16,16,16,16" rate="2172.67,2134.40,2152.86,2069.28" sx="M,F,M,F"/><TAIKYOKU oya="0"/><INIT seed="0,0,0,2,0,111" ten="250,250,250,250" oya="0" hai0="18,122,93,39,8,101,17,14,114,81,22,36,27" hai1="57,88,100,74,96,87,115,86,10,24,65,121,26" hai2="66,60,131,84,110,126,54,130,104,78,91,75,19" hai3="116,105,67,62,70,29,73,41,133,83,102,94,135"/><T61/><D122/><U59/><E74/><V15/><F110/><W52/><G116/><T12/><D114/><U0/><E121/><V129/><F126/><W49/><G41/><T30/><D81/><U48/><E87/><V13/><F104/><W40/><G40/><T3/><D3/><U109/><E109/><V120/><F120/><W82/><G105/><T25/><D61/><U50/><E0/><V63/><F54/><W28/><G102/><T89/><D101/><U72/><E72/><V56/><F63/><W113/><G94/><T134/><D134/><N who="3" m="51209" /><G113/><T34/><REACH who="0" step="1"/><D27/><REACH who="0" ten="240,250,250,250" step="2"/><U1/><E26/><V95/><F129/><W103/><G103/><T118/><D118/><U58/><E24/><V55/><F130/><W98/><G83/><T117/><D117/><U107/><E115/><V53/><F131/><W119/><G119/><T46/><D46/><U69/><E1/><V4/><F75/><W99/><G82/><T45/><D45/><U38/><E100/><V21/><F78/><W6/><G73/><T106/><D106/><U11/><E107/><V112/><F112/><W85/><G70/><T31/><D31/><U51/><E69/><V44/><F44/><W123/><G123/><T71/><D71/><U20/><E59/><V124/><F124/><W97/><G29/><T132/><D132/><U64/><E58/><V108/><F108/><W32/><G28/><T2/><D2/><U5/><E57/><V9/><AGARI ba="0,1" hai="4,9,13,15,19,21,53,55,56,60,66,84,91,95" machi="9" ten="30,2000,0" yaku="0,1,8,1" doraHai="111" who="2" fromWho="2" sc="240,-10,250,-5,250,30,250,-5" /><INIT seed="1,0,0,2,3,93" ten="230,245,280,245" oya="1" hai0="131,28,24,27,82,41,101,79,53,29,98,104,94" hai1="77,68,57,106,117,7,116,35,120,88,18,121,9" hai2="90,100,45,126,12,51,17,76,62,46,59,133,87" hai3="112,3,124,135,127,15,113,111,70,0,44,37,36"/><U81/><E68/><V132/><F76/><W86/><G70/><T13/><D131/><U84/><E18/><V19/><F100/><W99/><G86/><T74/><D41/><U43/><E57/><V122/><F122/><N who="1" m="47209" /><E35/><V107/><F107/><W22/><G22/><T6/><D53/><U39/><E39/><V89/><F19/><W60/><G15/><T1/><D1/><U4/><E43/><V118/><F118/><N who="1" m="45673" /><E9/><V42/><F46/><W75/><G60/><T21/><D13/><U52/><E52/><V65/><F12/><W11/><G11/><T5/><REACH who="0" step="1"/><D104/><REACH who="0" ten="220,245,280,245" step="2"/><U119/><E119/><V134/><F42/><W66/><G0/><T105/><D105/><U85/><E4/><V31/><F132/><W10/><G135/><T33/><AGARI ba="0,1" hai="5,6,21,24,27,28,29,33,74,79,82,94,98,101" machi="33" ten="20,5200,0" yaku="1,1,0,1,7,1,52,1,53,0" doraHai="93" doraHaiUra="114" who="0" fromWho="0" sc="220,62,245,-26,280,-13,245,-13" /><INIT seed="2,0,0,0,3,9" ten="282,219,267,232" oya="2" hai0="78,17,99,97,69,26,43,25,32,94,37,48,98" hai1="42,111,96,72,45,50,127,67,118,66,75,40,85" hai2="110,44,13,70,73,46,68,27,36,22,100,39,103" hai3="135,10,65,109,5,88,80,74,112,2,6,33,21"/><V55/><F73/><W0/><G33/><T56/><D69/><U104/><E118/><V89/><F110/><W11/><G109/><T81/><D37/><U8/><E111/><V108/><F108/><W122/><G122/><T76/><D32/><U129/><E75/><V15/><F89/><W35/><G35/><T28/><D28/><U90/><E72/><V62/><F22/><W86/><G135/><T116/><D116/><U12/><E42/><V119/><F119/><W92/><G65/><T124/><D124/><U133/><E127/><V77/><F55/><W61/><G61/><T120/><D120/><U91/><E129/><V107/><F107/><W4/><G112/><T7/><D7/><U51/><E51/><V29/><F62/><W14/><G6/><T23/><D94/><N who="1" m="56407" /><E104/><V57/><F57/><W52/><G21/><N who="0" m="13487" /><D81/><N who="1" m="49583" /><E133/><V115/><F115/><W53/><REACH who="3" step="1"/><G0/><REACH who="3" ten="282,219,267,222" step="2"/><T117/><D117/><U114/><E114/><V79/><F68/><W121/><G121/><T19/><D43/><U63/><E63/><V123/><F70/><W38/><G38/><T1/><D1/><U134/><E134/><V126/><F123/><W84/><G84/><T113/><D113/><U31/><E31/><V3/><F3/><W18/><G18/><AGARI ba="0,1" hai="8,12,18,40,45,50,66,67" m="49583,56407" machi="18" ten="30,2000,0" yaku="8,1,52,1" doraHai="9" who="1" fromWho="3" sc="282,0,219,30,267,0,222,-20" /><INIT seed="3,0,0,3,5,104" ten="282,249,267,202" oya="3" hai0="9,92,23,48,19,7,26,49,33,133,57,109,64" hai1="123,25,132,52,62,77,66,56,17,115,100,105,69" hai2="124,97,75,70,90,24,54,41,8,93,135,118,34" hai3="83,28,91,110,5,67,36,1,55,42,47,68,4"/><W65/><G28/><T61/><D109/><U38/><E123/><V111/><F118/><W98/><G110/><T78/><D133/><U15/><E115/><V130/><F111/><W108/><G108/><T117/><D117/><U102/><E132/><V107/><F135/><W11/><G5/><T129/><D129/><U72/><E38/><V122/><F70/><W3/><G3/><T87/><D33/><U31/><E105/><V44/><F107/><W43/><G43/><T6/><D6/><U12/><E12/><V126/><F8/><W79/><G68/><T30/><D30/><U37/><E37/><V2/><F54/><W13/><G55/><T35/><D35/><U113/><E113/><V32/><F2/><W96/><G13/><T50/><D92/><U127/><E127/><N who="2" m="48683" /><F130/><W131/><G131/><T59/><D59/><U95/><E95/><V121/><F75/><N who="3" m="43519" /><G91/><T76/><REACH who="0" step="1"/><D87/><REACH who="0" ten="272,249,267,202" step="2"/><U16/><E31/><N who="2" m="19559" /><F34/><W99/><AGARI ba="0,1" hai="1,4,11,36,42,47,65,67,96,98,99" m="43519" machi="99" ten="30,3000,0" yaku="25,1,52,1" doraHai="104" who="3" fromWho="3" sc="272,-10,249,-10,267,-10,202,40" /><INIT seed="3,1,0,4,3,87" ten="262,239,257,242" oya="3" hai0="30,59,109,12,9,8,75,79,31,67,24,23,27" hai1="1,32,134,55,54,133,82,49,128,110,116,98,118" hai2="63,105,80,123,83,29,25,92,57,101,132,119,77" hai3="131,47,126,73,106,108,39,127,21,90,72,11,62"/><W97/><G131/><T120/><D120/><U121/><E1/><V17/><F119/><N who="1" m="45609" /><E32/><V65/><F105/><W52/><G108/><T18/><D75/><U4/><E4/><V86/><F132/><N who="1" m="50793" /><E121/><V68/><F17/><W7/><G21/><N who="0" m="15631" /><D79/><U33/><E33/><V41/><F41/><N who="3" m="22975" /><G11/><N who="0" m="6431" /><D109/><U44/><E110/><V107/><F107/><W61/><G7/><T71/><D71/><U6/><E6/><V112/><F68/><W84/><G97/><T15/><D15/><U113/><E98/><N who="2" m="59591" /><F123/><W122/><G106/><T135/><D135/><U53/><E82/><N who="2" m="47439" /><F112/><W28/><G28/><T74/><D74/><U16/><E16/><V69/><F69/><W95/><G122/><T43/><D43/><N who="1" m="24735" /><E128/><V104/><F104/><W48/><G73/><T60/><AGARI ba="1,0" hai="8,9,23,27,31,59,60,67" m="6431,15631" machi="60" ten="30,1100,0" yaku="8,1" doraHai="87" who="0" fromWho="0" sc="262,14,239,-4,257,-4,242,-6" /><INIT seed="4,0,0,5,0,104" ten="276,235,253,236" oya="0" hai0="12,128,42,53,85,56,49,35,40,109,117,127,107" hai1="48,115,55,89,91,77,88,59,52,51,0,96,60" hai2="29,135,20,72,13,82,111,97,98,102,2,64,23" hai3="132,41,74,37,24,125,36,123,1,15,9,47,71"/><T67/><D117/><U30/><E0/><V46/><F111/><W73/><G71/><T120/><D107/><U54/><E115/><V57/><F2/><W62/><G15/><T106/><D106/><U16/><E30/><V80/><F135/><W129/><G62/><N who="0" m="38343" /><D35/><U58/><E77/><V26/><F46/><N who="3" m="23847" /><G24/><T39/><D120/><U119/><E119/><V116/><F116/><W8/><G8/><T113/><D113/><U66/><E96/><N who="2" m="36971" /><F72/><N who="3" m="27755" /><G125/><T63/><D39/><U94/><E94/><V44/><F44/><W78/><G78/><T34/><D12/><U69/><E55/><V4/><F102/><W22/><G22/><T118/><D53/><U50/><E48/><V95/><F95/><W19/><G19/><AGARI ba="0,0" hai="16,19,50,51,52,54,58,59,60,66,69,88,89,91" machi="19" ten="40,8000,1" yaku="9,1,54,3" doraHai="104" who="1" fromWho="3" sc="276,0,235,80,253,0,236,-80" owari="276,7.6,315,41.5,253,-14.7,156,-34.4" /></mjloggm>