<mjloggm ver="2.3"><GO type="225" lobby="0"/><UN n0="%E6%B4%BE%E9%81%A3%E3%81%AE%E3%82%B8%E3%83%A3%E3%83%83%E3%82%AF" n1="%E3%81%8B%E3%82%8F%E3%81%A1%E3%82%83%E3%82%93%35%38" n2="%E8%83%83%E3%81%A8%E8%85%B8" n3="%72%69%6F%75%63%68%61%6E" dan="16,16,16,16" rate="2183.72,2144.75,2184.22,2235.83" sx="M,M,M,M"/><TAIKYOKU oya="0"/><INIT seed="0,0,0,0,4,70" ten="250,250,250,250" oya="0" hai0="65,115,120,68,123,128,66,104,25,46,53,56,122" hai1="57,109,86,133,18,0,69,58,27,87,110,94,132" hai2="77,50,36,96,85,75,59,38,41,17,99,7,103" hai3="124,82,49,1,61,74,6,83,67,100,8,32,10"/><T51/><D104/><U129/><E69/><V31/><F75/><W13/><G124/><T12/><D25/><U95/><E27/><V102/><F31/><W39/><G32/><T98/><D98/><U126/><E0/><V107/><F7/><W88/><G39/><T106/><D12/><U125/><REACH who="1" step="1"/><E18/><REACH who="1" ten="250,240,250,250" step="2"/><V52/><F17/><W24/><G24/><T63/><D106/><U60/><E60/><V40/><F40/><W19/><G61/><N who="0" m="40015" /><D115/><U14/><E14/><V91/><F41/><W108/><G1/><T127/><D127/><U111/><E111/><V79/><F79/><W117/><G108/><T28/><D28/><U16/><E16/><V134/><F77/><W34/><G19/><T47/><D128/><AGARI ba="0,1" hai="57,58,86,87,94,95,109,110,125,126,128,129,132,133" machi="128" ten="25,3200,0" yaku="1,1,22,2,53,0" doraHai="70" doraHaiUra="114" who="1" fromWho="0" sc="250,-32,240,42,250,0,250,0" /><INIT seed="1,0,0,0,2,68" ten="218,282,250,250" oya="1" hai0="75,55,127,107,38,45,61,99,77,6,66,65,111" hai1="33,69,18,70,85,84,118,116,103,134,131,93,80" hai2="76,90,81,115,130,98,23,11,15,28,105,112,113" hai3="4,16,83,48,106,132,117,120,39,125,129,59,82"/><U72/><E33/><V67/><F130/><W26/><G120/><T19/><D111/><U58/><E58/><V102/><F67/><W1/><G106/><T29/><D127/><U52/><E52/><V63/><F63/><W36/><G129/><T25/><D19/><U100/><E18/><V110/><F110/><W42/><G125/><T79/><D6/><U135/><E131/><V31/><F90/><W101/><G101/><T87/><D75/><U10/><E10/><V40/><F40/><W94/><G132/><T34/><D87/><U78/><E93/><V20/><F28/><W43/><G117/><T126/><D126/><U46/><E46/><V35/><F35/><W21/><G94/><T27/><D27/><U8/><E8/><V109/><F109/><W91/><G43/><N who="0" m="22775" /><D55/><U64/><E80/><V50/><F31/><W47/><G59/><T62/><D61/><U133/><E72/><N who="2" m="43143" /><F50/><W14/><G83/><T41/><D65/><U119/><E64/><V2/><F2/><W114/><G1/><T24/><D24/><U74/><E74/><V30/><F30/><W121/><G121/><T56/><D41/><U3/><E3/><V108/><F108/><W71/><G71/><N who="1" m="27146" /><E78/><V128/><F128/><W123/><G123/><T92/><D107/><U9/><E9/><V122/><F122/><W96/><G42/><T12/><D12/><U53/><E53/><V60/><F60/><W5/><G14/><T7/><D7/><AGARI ba="0,0" hai="7,11,15,20,23,98,102,105,112,113,115" m="43143" machi="7" ten="30,1000,0" yaku="11,1" doraHai="68" who="2" fromWho="0" sc="218,-10,282,0,250,10,250,0" /><INIT seed="2,0,0,2,4,92" ten="208,282,260,250" oya="2" hai0="26,21,54,98,4,90,130,132,18,17,44,0,87" hai1="62,57,3,127,82,52,42,49,99,39,106,36,67" hai2="118,1,30,95,25,86,48,14,59,97,89,80,60" hai3="77,65,27,15,115,38,69,78,111,72,63,16,12"/><V119/><F1/><W35/><G111/><T68/><D68/><U116/><E3/><V93/><F48/><W6/><G38/><T117/><D132/><U46/><E116/><V20/><F14/><W8/><G115/><T112/><D112/><U55/><E82/><V37/><F37/><N who="1" m="14409" /><E99/><V19/><F93/><W61/><G72/><T58/><D130/><U134/><E106/><V51/><F51/><W122/><G122/><T135/><D135/><U53/><E134/><V71/><F71/><W34/><G61/><N who="0" m="36055" /><D117/><U123/><E127/><V64/><REACH who="2" step="1"/><F19/><REACH who="2" ten="208,282,250,250" step="2"/><W75/><G12/><T47/><D0/><U2/><E2/><V28/><F28/><W5/><G16/><N who="0" m="12583" /><D4/><U124/><E124/><V129/><F129/><W101/><G5/><T96/><D17/><U74/><E74/><V11/><F11/><W85/><G75/><T105/><D18/><U128/><E128/><V45/><F45/><N who="0" m="17482" /><D105/><U56/><E123/><V73/><F73/><W114/><G114/><T107/><D107/><U108/><E108/><V113/><F113/><W43/><G6/><T23/><D23/><U83/><E83/><AGARI ba="0,1" hai="83,87,90,96,98" m="17482,12583,36055" machi="83" ten="30,7700,0" yaku="8,1,52,2,54,1" doraHai="92" who="0" fromWho="1" sc="208,87,282,-77,250,0,250,0" /><INIT seed="3,0,0,4,4,109" ten="295,205,250,250" oya="3" hai0="91,113,51,22,56,6,104,7,81,44,129,48,124" hai1="118,15,106,13,62,127,34,111,122,76,18,28,90" hai2="47,125,93,131,123,31,58,75,41,120,2,9,43" hai3="60,4,16,11,71,82,65,84,94,80,45,59,79"/><W53/><G45/><T74/><D104/><U19/><E122/><N who="2" m="46635" /><F75/><W110/><G110/><T88/><D124/><U17/><E106/><V115/><F31/><W97/><G82/><T20/><D113/><U63/><E76/><V77/><F77/><W89/><G16/><N who="1" m="6250" /><E111/><V103/><F9/><W39/><G39/><T40/><D129/><U132/><E34/><V35/><F35/><W102/><G71/><T50/><D74/><U46/><E127/><V10/><F125/><W55/><REACH who="3" step="1"/><G79/><REACH who="3" ten="295,205,250,240" step="2"/><T8/><D81/><U49/><E132/><V83/><F83/><W5/><G5/><T95/><D6/><U87/><E118/><V21/><F47/><W108/><G108/><T114/><D44/><U12/><N who="1" m="6258" /><U23/><DORA hai="72" /><E28/><V52/><F131/><W42/><G42/><T126/><D40/><N who="1" m="24775" /><E23/><V100/><F21/><W105/><G105/><T119/><D119/><U117/><E117/><V92/><F41/><W14/><AGARI ba="0,1" hai="4,11,14,53,55,59,60,65,80,84,89,94,97,102" machi="14" ten="20,7800,0" yaku="1,1,0,1,7,1,8,1,53,0" doraHai="109,72" doraHaiUra="25,133" who="3" fromWho="3" sc="295,-26,205,-26,250,-26,240,88" owari="269,6.9,179,-32.1,224,-17.6,328,42.8" /></mjloggm>