<mjloggm ver="2.3"><GO type="225" lobby="0"/><UN n0="%E3%81%BE%E3%81%A8%E3%81%9F" n1="%4B%2E%32%2E%4B%2E" n2="%E7%8D%A3%E8%87%AD%E3%81%84%E8%82%89%E7%90%83" n3="%E5%8D%A0%E3%81%84%E5%B8%AB%E8%A3%8F%E3%81%AA%E3%81%84%E3%81%97" dan="16,17,16,17" rate="2137.68,2197.65,2111.52,2196.75" sx="M,M,M,M"/><TAIKYOKU oya="0"/><INIT seed="0,0,0,2,2,29" ten="250,250,250,250" oya="0" hai0="21,87,64,33,125,127,23,20,109,79,104,126,100" hai1="85,117,58,81,115,91,82,59,6,122,62,40,89" hai2="128,118,66,119,9,47,135,102,50,133,103,106,130" hai3="54,2,32,56,107,108,43,98,97,11,28,14,105"/><T71/><D109/><U90/><E117/><N who="2" m="44555" /><F9/><W134/><G134/><N who="2" m="51209" /><F66/><W61/><G2/><T92/><D104/><U12/><E122/><V44/><F106/><W45/><G108/><T99/><D33/><U67/><E115/><V10/><F10/><W31/><G105/><T70/><REACH who="0" step="1"/><D64/><REACH who="0" ten="240,250,250,250" step="2"/><U8/><E67/><V94/><F44/><W37/><G107/><T88/><D88/><U72/><E91/><V93/><F102/><W75/><G32/><T60/><D60/><U51/><E62/><V57/><F57/><W38/><G56/><T63/><D63/><U120/><E59/><V36/><F36/><W124/><G61/><T52/><D52/><U27/><E58/><V25/><F25/><W41/><G54/><T101/><D101/><U73/><E27/><V129/><F103/><W96/><G45/><T68/><D68/><U86/><E120/><V4/><F4/><N who="3" m="3431" /><G37/><T48/><D48/><U55/><E55/><AGARI ba="0,1" hai="47,50,55,93,94,128,129,130" m="51209,44555" machi="55" ten="40,5200,0" yaku="19,1,12,1,20,1" doraHai="29" who="2" fromWho="1" sc="240,0,250,-52,250,62,250,0" /><INIT seed="1,0,0,5,2,50" ten="240,198,312,250" oya="1" hai0="51,85,3,67,133,72,6,98,107,91,2,86,0" hai1="62,13,61,1,123,135,103,121,22,105,110,15,77" hai2="79,83,35,41,47,53,116,4,34,25,31,42,102" hai3="89,134,39,63,57,29,94,66,97,36,117,73,10"/><U109/><E1/><V122/><F122/><N who="1" m="46601" /><E77/><V126/><F116/><W92/><G73/><T71/><D72/><U99/><E22/><V124/><F35/><W23/><G117/><T114/><D114/><U40/><E40/><V43/><F102/><W74/><G74/><T130/><D130/><U58/><E62/><V113/><F4/><W14/><G134/><T27/><D6/><U76/><E76/><V18/><F18/><W11/><G11/><T118/><D118/><U96/><E96/><V55/><F113/><W128/><G128/><T9/><D2/><U59/><E135/><V56/><F47/><W81/><G81/><T44/><D0/><U131/><E131/><V64/><F64/><W68/><G68/><T49/><D67/><N who="1" m="39351" /><E59/><V132/><F132/><W87/><G10/><T60/><D9/><U52/><E52/><V19/><F19/><W54/><G66/><T37/><D60/><U104/><E105/><V125/><F56/><W115/><G115/><T80/><D107/><U106/><E104/><V38/><F38/><W21/><G21/><T5/><D37/><U28/><E28/><V70/><F70/><W90/><G29/><T16/><D71/><U32/><E32/><V101/><F101/><W120/><G120/><T119/><D133/><U111/><AGARI ba="0,0" hai="13,15,99,103,106,109,110,111" m="39351,46601" machi="111" ten="40,3900,0" yaku="14,1,10,1" doraHai="50" who="1" fromWho="1" sc="240,-13,198,39,312,-13,250,-13" /><INIT seed="1,1,0,0,0,127" ten="227,237,299,237" oya="1" hai0="8,100,123,1,61,10,63,108,45,121,134,35,120" hai1="51,116,87,5,75,31,60,72,131,11,111,24,4" hai2="46,98,74,43,6,84,126,132,129,119,21,79,20" hai3="82,90,104,56,42,58,48,23,18,52,47,78,130"/><U2/><E116/><V22/><F119/><W25/><G104/><T3/><D108/><U113/><E113/><V69/><F126/><W105/><G105/><T68/><D134/><U86/><E111/><V38/><F132/><W53/><G130/><T30/><D100/><U99/><E131/><V112/><F112/><W67/><G90/><T71/><D45/><U54/><E5/><V57/><F69/><N who="0" m="26698" /><D30/><U37/><E37/><V27/><F74/><W81/><G67/><T73/><D35/><U89/><E60/><N who="0" m="23113" /><D73/><U77/><E99/><V36/><F36/><W70/><G70/><T64/><D64/><U135/><E135/><V118/><F118/><W101/><G101/><T114/><D114/><U62/><E62/><V124/><F124/><W16/><G18/><T122/><N who="0" m="30720" /><DORA hai="29" /><T15/><D15/><U95/><E77/><V66/><F79/><W14/><G14/><T93/><D93/><U102/><E102/><V49/><F46/><W34/><G34/><T128/><D128/><U85/><E75/><V103/><F129/><W106/><G106/><T32/><D32/><U65/><E65/><V96/><F66/><W7/><G7/><T109/><D109/><U33/><E72/><V110/><F6/><W91/><G78/><T17/><D17/><U80/><E95/><V26/><F110/><W107/><G107/><T13/><D13/><U125/><E125/><V50/><F103/><W88/><G91/><T9/><AGARI ba="1,0" hai="1,3,8,9,10" m="30720,23113,26698" machi="9" ten="70,8000,1" yaku="28,2,13,1" doraHai="127,29" who="0" fromWho="0" sc="227,83,237,-41,299,-21,237,-21" /><INIT seed="2,0,0,1,5,61" ten="310,196,278,216" oya="2" hai0="121,14,67,112,12,107,54,36,106,79,49,21,101" hai1="94,80,69,100,45,120,1,99,40,30,41,102,28" hai2="103,110,113,20,118,84,62,38,92,48,58,78,4" hai3="60,86,37,91,111,98,57,31,10,87,119,55,68"/><V73/><F118/><W59/><G119/><T127/><D36/><U76/><E1/><V133/><F113/><W95/><G68/><T17/><D121/><U134/><E120/><V74/><F38/><W26/><G37/><T15/><D127/><U8/><E134/><V66/><F133/><W42/><G111/><T23/><D79/><U32/><E69/><V114/><F114/><W33/><G42/><T53/><D67/><U105/><E32/><V6/><F110/><W51/><REACH who="3" step="1"/><G10/><REACH who="3" ten="310,196,278,206" step="2"/><T89/><D112/><U123/><E8/><V39/><F39/><W108/><G108/><T7/><D7/><U128/><E41/><V126/><F4/><W24/><G24/><T125/><D125/><U44/><E40/><V34/><F6/><W16/><G16/><T116/><D17/><U50/><E123/><V71/><F126/><W90/><G90/><T97/><D89/><U5/><E5/><V75/><F71/><W18/><G18/><T65/><D116/><U0/><E0/><V130/><F78/><W129/><G129/><T124/><D124/><U27/><E128/><V70/><F130/><W22/><G22/><T72/><D21/><U135/><E135/><V115/><F115/><W131/><G131/><T19/><D23/><U3/><E3/><V43/><F20/><W63/><G63/><T93/><D19/><U35/><E28/><V25/><F70/><W117/><G117/><T52/><D49/><U96/><REACH who="1" step="1"/><E50/><REACH who="1" ten="310,186,278,206" step="2"/><V85/><F48/><W109/><G109/><T83/><D14/><U64/><E64/><AGARI ba="0,2" hai="26,31,33,51,55,57,59,60,64,86,87,91,95,98" machi="64" ten="30,7700,0" yaku="1,1,7,1,52,1,53,1" doraHai="61" doraHaiUra="29" who="3" fromWho="1" sc="310,0,186,-77,278,0,206,97" /><INIT seed="3,0,0,4,5,7" ten="310,109,278,303" oya="3" hai0="135,9,87,82,52,21,104,96,92,97,5,78,133" hai1="31,8,130,129,1,39,36,17,34,75,23,101,106" hai2="30,126,112,132,13,89,43,100,16,27,6,68,123" hai3="66,25,55,32,26,76,103,83,69,119,121,107,118"/><W127/><G121/><T74/><D21/><U14/><E75/><V60/><F112/><W58/><G127/><T64/><D64/><U4/><E101/><V70/><F126/><W65/><G25/><T86/><D104/><U94/><E94/><V40/><F123/><W53/><G118/><T41/><D52/><U120/><E106/><V63/><F6/><W50/><G119/><T51/><D51/><U57/><E57/><V105/><F132/><N who="0" m="50762" /><D41/><U109/><E109/><V110/><F110/><W24/><G24/><T49/><D49/><U42/><E120/><V122/><F122/><W77/><G53/><T59/><D59/><U22/><E22/><V19/><F89/><W131/><G131/><T91/><D97/><U114/><E114/><V99/><F63/><N who="3" m="40127" /><G83/><T33/><D33/><U111/><E111/><V46/><F43/><W56/><G56/><T35/><D35/><U79/><E79/><V85/><F85/><W71/><G66/><T113/><D113/><U54/><E54/><V15/><F60/><W102/><G71/><T115/><D115/><U93/><E93/><V0/><F68/><W18/><G103/><T10/><D10/><U3/><E3/><AGARI ba="0,0" hai="3,5,9,74,78,82,86,87,91,92,96" m="50762" machi="3" ten="30,2000,0" yaku="20,1,52,1" doraHai="7" who="0" fromWho="1" sc="310,20,109,-20,278,0,303,0" owari="330,43.0,89,-41.1,278,-12.2,303,10.3" /></mjloggm>