<mjloggm ver="2.3"><GO type="225" lobby="0"/><UN n0="%6A%79%75%6E%6F%68" n1="%6D%75%75%6D%75%72%61" n2="%E3%81%8F%E3%82%8A%E3%83%94%E3%83%BC" n3="%61%6D%65%6B%69" dan="16,17,16,16" rate="2118.06,2112.06,2095.53,2079.25" sx="M,F,M,M"/><TAIKYOKU oya="0"/><INIT seed="0,0,0,2,2,21" ten="250,250,250,250" oya="0" hai0="77,7,106,66,11,34,15,105,36,28,63,103,122" hai1="72,47,39,71,78,74,1,29,27,48,41,56,50" hai2="113,114,102,81,125,10,94,75,46,91,69,84,60" hai3="110,121,25,58,99,2,90,17,43,101,123,64,132"/><T38/><D122/><U98/><E1/><V109/><F69/><W61/><G2/><T119/><D119/><U88/><E71/><V92/><F60/><W12/><G132/><T55/><D55/><U76/><E72/><V116/><F46/><W51/><G110/><T128/><D77/><U83/><E76/><N who="2" m="44191" /><F10/><W68/><G90/><T52/><D128/><U44/><E56/><V117/><F109/><W120/><G12/><T18/><D52/><U97/><E88/><N who="2" m="53255" /><F102/><W16/><G25/><N who="0" m="18703" /><D18/><U115/><E115/><N who="2" m="44043" /><F125/><W3/><G3/><N who="0" m="511" /><D106/><U93/><E93/><V9/><F9/><W4/><G4/><T23/><D103/><U118/><E118/><V67/><F67/><W62/><G62/><T80/><D105/><U85/><E74/><V5/><F5/><W24/><G68/><T65/><D65/><U14/><E14/><V111/><F111/><W107/><G24/><T86/><D15/><U33/><REACH who="1" step="1"/><E39/><REACH who="1" ten="250,240,250,250" step="2"/><V22/><F22/><W30/><G123/><T40/><D23/><U129/><E129/><V31/><F31/><W59/><G30/><T134/><D38/><U35/><E35/><V19/><F19/><N who="3" m="7243" /><G121/><T53/><D36/><U108/><E108/><V135/><F135/><W96/><G120/><T100/><D134/><U70/><E70/><V42/><F117/><W49/><G58/><T82/><D82/><U112/><E112/><V79/><F116/><W32/><G32/><T6/><D80/><U95/><E95/><V20/><F94/><W89/><G59/><T13/><D13/><U124/><E124/><V133/><F133/><W73/><G107/><RYUUKYOKU ba="0,1" sc="250,-10,240,30,250,-10,250,-10" hai1="27,29,33,41,44,47,48,50,78,83,85,97,98" /><INIT seed="1,1,1,5,4,13" ten="240,270,240,240" oya="1" hai0="106,123,28,33,81,85,50,62,63,119,109,17,0" hai1="61,130,23,3,57,56,34,98,41,1,78,75,93" hai2="132,48,54,25,100,45,35,133,125,79,27,122,70" hai3="76,101,90,83,120,88,8,121,68,118,111,73,32"/><U129/><E34/><V49/><F122/><N who="3" m="47211" /><G68/><T67/><D123/><U51/><E75/><V52/><F70/><W42/><G42/><T20/><D0/><U37/><E78/><V53/><F125/><W92/><G8/><T86/><D106/><U116/><E116/><V36/><F100/><W18/><G18/><T102/><D102/><U66/><E37/><V31/><F27/><W104/><G32/><T26/><D109/><U4/><E23/><V12/><F79/><W105/><G111/><T55/><D119/><U112/><E112/><V44/><F36/><W110/><G110/><T9/><D67/><U96/><E96/><V58/><REACH who="2" step="1"/><F12/><REACH who="2" ten="240,270,230,240" step="2"/><W114/><G118/><T5/><D33/><U64/><E3/><V40/><F40/><W128/><G114/><T127/><D127/><U107/><E41/><V94/><F94/><W43/><G43/><T6/><D28/><U19/><E1/><V82/><F82/><W11/><G101/><T10/><D81/><U30/><E30/><V77/><F77/><W74/><G74/><T15/><D6/><U89/><E4/><V65/><F65/><W29/><G92/><T124/><D124/><U39/><E66/><V99/><F99/><W91/><G73/><T2/><D86/><U126/><E126/><V115/><F115/><W7/><G83/><T72/><D85/><U60/><E64/><V22/><F22/><W84/><G76/><T103/><D72/><U80/><E39/><V14/><F14/><N who="3" m="5503" /><G84/><T69/><D69/><U131/><E93/><V87/><F87/><W108/><G108/><T24/><D103/><RYUUKYOKU ba="1,2" sc="240,-10,270,-10,230,30,240,-10" hai2="25,31,35,44,45,48,49,52,53,54,58,132,133" /><INIT seed="2,2,2,0,0,51" ten="230,260,260,230" oya="2" hai0="31,33,22,120,74,40,119,44,13,67,11,32,109" hai1="24,47,84,102,112,3,0,94,50,68,42,103,23" hai2="35,116,113,30,88,81,86,29,82,65,52,39,20" hai3="6,83,97,132,135,130,10,87,75,15,79,56,107"/><V118/><F113/><W99/><G130/><T9/><D120/><U115/><E68/><V64/><F39/><W70/><G70/><T41/><D74/><U49/><E112/><V111/><F35/><W73/><G97/><T77/><D77/><U124/><E115/><V37/><F37/><W55/><G107/><T14/><D67/><N who="2" m="25674" /><F116/><W38/><G99/><T36/><D119/><U121/><E121/><V54/><F111/><W71/><G38/><T17/><D41/><U21/><E124/><V62/><F118/><W27/><G27/><T101/><D101/><U108/><E108/><V117/><F117/><W110/><G71/><T114/><D114/><U85/><E42/><V100/><F100/><W16/><G6/><T127/><D127/><U53/><E24/><N who="2" m="16519" /><F30/><W12/><G12/><T7/><D109/><U92/><E47/><V43/><F43/><W126/><G126/><T2/><REACH who="0" step="1"/><D31/><REACH who="0" ten="220,260,260,230" step="2"/><U106/><E106/><V125/><F125/><W45/><G110/><T48/><D48/><U90/><E90/><N who="2" m="51535" /><F62/><N who="3" m="36127" /><G45/><T4/><AGARI ba="2,3" hai="2,4,7,9,11,13,14,17,22,32,33,36,40,44" machi="4" ten="20,2700,0" yaku="1,1,0,1,7,1,53,0" doraHai="51" doraHaiUra="59" who="0" fromWho="0" sc="220,63,260,-9,260,-15,230,-9" /><INIT seed="3,0,0,5,3,51" ten="283,251,245,221" oya="3" hai0="127,90,41,34,38,49,125,35,66,47,3,57,103" hai1="72,76,105,96,22,16,91,77,24,122,21,123,104" hai2="118,7,56,48,55,60,83,62,84,68,50,73,36" hai3="79,80,100,29,26,69,71,130,67,75,23,18,33"/><W53/><G130/><T44/><D3/><U9/><E9/><V124/><F73/><W27/><G67/><T64/><D103/><U42/><E42/><V112/><F112/><W131/><G131/><T86/><D34/><U114/><E114/><V58/><F118/><W20/><G100/><T1/><D35/><U78/><E72/><V10/><F36/><W94/><G94/><N who="0" m="54615" /><D57/><U87/><E22/><V116/><F124/><N who="0" m="47690" /><D1/><U19/><E19/><V115/><F68/><W102/><G102/><T109/><D109/><U113/><E113/><V13/><F116/><W92/><G92/><T28/><D28/><U135/><E135/><V132/><F132/><W98/><G98/><T30/><D30/><U82/><REACH who="1" step="1"/><E96/><REACH who="1" ten="283,241,245,221" step="2"/><V89/><REACH who="2" step="1"/><F115/><REACH who="2" ten="283,241,235,221" step="2"/><W11/><G33/><T59/><D59/><U25/><E25/><V133/><F133/><W70/><REACH who="3" step="1"/><G11/><REACH who="3" ten="283,241,235,211" step="2"/><T39/><D39/><U111/><E111/><V97/><F97/><W5/><G5/><T108/><D108/><U126/><E126/><V31/><F31/><W99/><G99/><T45/><D38/><U6/><E6/><V54/><AGARI ba="0,3" hai="7,10,13,48,50,54,55,56,58,60,62,83,84,89" machi="54" ten="20,12000,2" yaku="1,1,0,1,7,1,9,1,8,1,52,2,53,0" doraHai="51" doraHaiUra="106" who="2" fromWho="2" sc="283,-30,241,-30,235,150,211,-60" owari="253,5.3,211,-18.9,385,48.5,151,-34.9" /></mjloggm>