<mjloggm ver="2.3"><GO type="225" lobby="0"/><UN n0="%E7%89%B9%E6%9D%B1%E3%81%AF%E4%B8%96%E7%95%8C%E3%82%92%E6%95%91%E3%81%86" n1="%E3%81%86%E3%81%A9%E3%82%93%E3%81%93" n2="%43%68%65" n3="%E3%82%AD%E3%83%AA%E3%83%B3%E3%82%AD%E3%83%AA%E3%83%B3" dan="16,16,16,16" rate="2146.54,2143.43,2166.94,2129.65" sx="M,M,M,M"/><TAIKYOKU oya="0"/><INIT seed="0,0,0,0,5,9" ten="250,250,250,250" oya="0" hai0="48,70,99,75,1,96,106,77,81,117,13,41,94" hai1="21,82,89,101,42,43,132,61,122,69,35,120,30" hai2="114,2,133,68,65,7,134,3,31,26,34,131,14" hai3="107,39,84,59,118,67,104,125,109,28,4,85,112"/><T80/><D1/><N who="2" m="10" /><F68/><W86/><G39/><T23/><D117/><U123/><E35/><V17/><F65/><W29/><G118/><T55/><D70/><U33/><E33/><V19/><F114/><W72/><G112/><T98/><D106/><U88/><E132/><N who="2" m="50795" /><F131/><W121/><G4/><T127/><D127/><U103/><E69/><V115/><F115/><W44/><G44/><T38/><D38/><U66/><E66/><V83/><F83/><W87/><G72/><T24/><D41/><U25/><E61/><V15/><F7/><W108/><G121/><T58/><D81/><U47/><E43/><V8/><F8/><W53/><G67/><T90/><REACH who="0" step="1"/><D13/><AGARI ba="0,0" hai="13,14,15,17,19,26,31,34" m="50795,10" machi="13" ten="30,12000,2" yaku="20,1,34,2,52,3" doraHai="9" who="2" fromWho="0" sc="250,-120,250,0,250,120,250,0" /><INIT seed="1,0,0,3,3,17" ten="130,250,370,250" oya="1" hai0="107,86,79,91,110,92,62,36,72,113,95,61,126" hai1="128,58,114,133,112,115,83,98,87,97,10,20,37" hai2="78,13,111,11,18,46,22,120,39,26,109,19,4" hai3="53,77,0,64,63,108,41,3,42,105,99,21,55"/><U14/><E37/><V65/><F78/><W130/><G108/><N who="2" m="41545" /><F65/><W45/><G77/><T40/><D113/><U47/><E128/><V84/><F120/><W117/><G117/><T34/><D110/><U25/><E133/><V81/><F39/><W32/><G32/><T93/><D34/><U23/><E47/><V27/><F46/><W31/><G130/><T35/><D35/><U38/><E38/><V7/><F84/><W94/><G105/><T129/><D129/><U1/><E1/><V48/><F81/><W82/><G0/><T76/><D107/><U100/><E58/><V96/><F48/><W56/><G3/><T131/><D131/><U60/><E60/><V43/><F43/><W12/><G82/><T29/><D29/><U28/><E23/><N who="2" m="13687" /><F96/><W59/><G64/><T67/><D72/><U122/><E122/><V50/><F50/><W132/><G132/><T33/><D62/><U70/><E70/><V118/><F118/><W80/><G80/><T123/><D123/><U119/><E119/><V52/><F52/><W121/><G121/><T15/><D76/><U88/><REACH who="1" step="1"/><E100/><REACH who="1" ten="130,240,370,250" step="2"/><V51/><F51/><W85/><G59/><T134/><D134/><U66/><E66/><V103/><F103/><W75/><G55/><T68/><D36/><U74/><E74/><V127/><F127/><W106/><G75/><T5/><D126/><U16/><AGARI ba="0,1" hai="10,14,16,20,25,28,83,87,88,97,98,112,114,115" machi="16" ten="30,12000,1" yaku="1,1,0,1,52,1,54,2,53,0" doraHai="17" doraHaiUra="71" who="1" fromWho="1" sc="130,-40,240,130,370,-40,250,-40" /><INIT seed="1,1,0,0,1,48" ten="90,370,330,210" oya="1" hai0="26,79,55,23,67,132,104,22,111,32,135,66,106" hai1="10,14,120,115,12,19,108,112,17,127,110,78,52" hai2="45,70,124,94,63,131,80,128,27,72,68,50,46" hai3="113,82,129,102,89,54,103,97,5,118,51,56,100"/><U116/><E78/><N who="2" m="44103" /><F124/><W75/><G113/><T122/><D32/><U21/><E116/><V62/><F94/><W107/><G129/><N who="2" m="49737" /><F27/><W24/><G118/><T91/><D79/><U125/><E120/><V76/><F76/><W84/><G5/><T134/><D122/><U65/><E65/><V41/><F46/><W33/><G75/><T87/><D111/><N who="1" m="42539" /><E52/><V3/><F3/><W42/><G42/><T53/><D67/><U8/><E8/><V114/><F114/><AGARI ba="1,0" hai="10,12,14,17,19,21,112,114,115,125,127" m="42539" machi="114" ten="30,11600,0" yaku="14,1,10,1,34,2" doraHai="48" who="1" fromWho="2" sc="90,0,370,119,330,-119,210,0" /><INIT seed="1,2,0,4,1,62" ten="90,489,211,210" oya="1" hai0="63,48,8,58,17,47,26,9,103,33,81,2,74" hai1="12,72,114,110,19,124,55,23,88,22,53,49,91" hai2="41,37,79,117,75,68,101,111,128,115,76,122,67" hai3="64,135,98,38,105,24,113,56,65,132,133,99,15"/><U28/><E114/><V108/><F117/><W0/><G0/><T31/><D103/><U116/><E116/><V10/><F122/><W87/><G38/><T82/><D2/><U16/><E72/><V121/><F121/><W13/><G113/><T106/><D106/><U134/><E134/><V107/><F10/><W34/><G87/><T35/><D35/><U69/><E69/><V60/><F115/><W27/><G34/><T97/><D97/><N who="3" m="36873" /><G56/><T94/><D94/><U100/><E100/><V73/><F101/><W1/><G1/><T86/><D74/><U57/><E124/><V80/><F107/><W66/><G105/><T119/><D17/><U39/><E39/><V120/><F120/><W129/><G129/><T96/><D96/><U50/><E28/><V127/><F127/><W46/><G46/><T18/><D18/><U83/><E83/><V42/><F128/><W71/><G71/><T3/><D3/><U51/><E110/><N who="2" m="42027" /><F37/><W7/><G7/><T130/><D130/><U84/><E84/><V30/><F30/><W4/><G4/><T70/><D70/><U109/><E109/><V61/><F61/><W40/><G40/><N who="0" m="24679" /><D119/><U123/><E123/><V104/><F104/><W77/><G77/><N who="0" m="46383" /><D82/><AGARI ba="2,0" hai="41,42,60,67,68,73,75,76,79,80,82" m="42027" machi="82" ten="30,2000,0" yaku="14,1,52,1" doraHai="62" who="2" fromWho="0" sc="90,-26,489,0,211,26,210,0" /><INIT seed="2,0,0,1,5,122" ten="64,489,237,210" oya="2" hai0="69,14,76,51,3,103,28,33,31,117,99,50,17" hai1="45,65,124,77,79,43,108,126,59,82,41,22,115" hai2="38,36,128,18,71,90,15,12,52,63,13,107,27" hai3="133,4,68,56,121,80,74,7,134,98,64,55,111"/><V85/><F107/><W66/><G121/><T123/><D3/><U88/><E115/><V100/><F100/><W119/><G119/><T120/><D69/><U131/><E22/><V118/><F118/><W101/><G68/><T11/><D117/><U81/><E88/><V114/><F114/><W24/><G24/><T132/><D132/><U91/><E91/><V70/><F70/><W95/><G74/><T5/><D76/><U61/><E131/><V54/><F128/><W112/><G80/><N who="1" m="30826" /><E108/><V37/><F18/><W1/><G112/><T25/><D31/><U10/><E10/><V116/><F27/><W42/><G42/><N who="1" m="15882" /><E45/><V49/><F49/><W78/><G78/><T83/><D83/><U75/><E75/><V105/><F105/><W40/><G111/><T62/><D51/><U92/><E92/><V32/><F32/><W2/><G40/><T60/><D50/><U34/><E34/><V57/><F71/><W8/><G4/><T53/><D5/><U109/><E109/><V21/><F21/><W84/><G1/><T96/><D96/><U73/><E73/><V110/><F116/><W39/><G39/><T125/><D120/><U9/><E9/><V23/><F110/><W130/><G130/><T127/><D123/><U47/><E47/><V26/><F54/><W16/><G84/><T87/><D87/><U0/><E0/><V35/><F35/><W104/><G95/><N who="0" m="58879" /><D53/><U30/><E30/><N who="2" m="17759" /><F38/><W113/><G113/><T46/><D46/><U6/><E6/><V102/><F102/><W29/><G101/><T58/><D60/><U106/><E106/><RYUUKYOKU ba="0,0" sc="64,10,489,10,237,10,210,-30" hai0="11,14,17,25,28,33,58,62,125,127" hai1="59,61,65,77,79,124,126" hai2="12,13,15,36,37,52,57,63,85,90" /><INIT seed="2,1,0,2,5,42" ten="74,499,247,180" oya="2" hai0="33,23,47,4,34,9,51,10,81,61,62,108,39" hai1="43,93,76,86,111,97,58,48,24,27,30,17,7" hai2="131,113,49,104,54,32,72,125,36,35,90,55,134" hai3="98,132,120,77,79,92,66,8,53,115,129,15,105"/><V124/><F36/><W56/><G120/><T18/><D108/><U94/><E7/><V119/><F113/><W135/><G105/><T70/><D39/><U102/><E111/><V84/><F72/><W118/><G118/><T37/><D37/><U1/><E1/><V22/><F104/><W128/><G66/><T89/><D34/><U88/><E76/><N who="3" m="29258" /><G115/><T87/><D33/><U83/><E17/><V63/><F119/><W26/><G26/><T59/><D70/><U5/><E5/><V64/><F131/><N who="3" m="50251" /><G15/><T46/><D62/><U50/><E24/><V16/><F134/><N who="3" m="51243" /><G8/><N who="0" m="3179" /><D4/><U106/><E27/><V78/><F64/><W133/><N who="3" m="51251" /><W107/><DORA hai="28" /><G107/><T40/><D40/><U20/><E30/><V68/><F55/><W41/><G41/><T13/><D51/><U29/><E48/><V91/><F49/><W74/><G74/><T69/><D69/><U122/><E50/><V101/><F68/><W109/><G109/><T99/><D99/><U12/><E97/><V31/><F54/><AGARI ba="1,0" hai="13,18,23,46,47,54,59,61,81,87,89" m="3179" machi="54" ten="30,3900,0" yaku="8,1,52,2" doraHai="42,28" who="0" fromWho="2" sc="74,42,499,0,247,-42,180,0" /><INIT seed="3,0,0,0,4,96" ten="116,499,205,180" oya="3" hai0="27,110,5,31,87,122,53,60,45,135,26,77,123" hai1="127,85,89,7,41,93,18,78,0,86,14,119,23" hai2="9,59,129,91,97,131,11,15,71,108,13,40,74" hai3="128,105,120,51,21,99,48,58,66,109,134,70,132"/><W101/><G120/><T3/><D110/><U121/><E121/><V29/><F71/><W84/><G128/><N who="2" m="49225" /><F108/><W20/><G109/><T56/><D135/><N who="3" m="51753" /><G84/><T6/><D27/><U76/><E127/><V95/><F74/><W34/><G34/><T80/><D3/><U64/><E86/><V28/><F40/><W8/><G8/><N who="2" m="3145" /><F59/><W22/><G70/><T72/><D123/><U50/><E18/><V36/><F36/><W124/><G124/><T55/><D122/><U113/><E89/><V68/><F68/><W67/><G58/><T54/><D72/><U126/><E50/><AGARI ba="0,0" hai="20,21,22,48,50,51,66,67,99,101,105" m="51753" machi="50" ten="30,2900,0" yaku="20,1,52,1" doraHai="96" who="3" fromWho="1" sc="116,0,499,-29,205,0,180,29" /><INIT seed="3,1,0,4,1,10" ten="116,470,205,209" oya="3" hai0="100,68,79,40,57,126,54,35,30,39,42,24,7" hai1="109,92,27,1,29,45,25,73,118,94,71,103,0" hai2="67,18,82,66,38,117,110,104,58,72,60,105,87" hai3="76,113,108,61,106,119,43,115,32,84,20,13,56"/><W8/><G106/><T131/><D131/><U134/><E73/><V28/><F117/><W48/><G119/><T46/><D126/><U74/><E74/><V2/><F72/><W17/><G32/><T9/><D68/><U12/><E71/><V95/><F38/><W55/><G108/><T83/><D42/><U129/><E109/><V96/><F110/><W26/><G43/><T5/><D100/><U62/><E129/><V3/><F28/><W78/><G84/><T33/><D7/><U37/><E134/><V51/><F67/><W6/><REACH who="3" step="1"/><G61/><REACH who="3" ten="116,470,205,199" step="2"/><T89/><D89/><U14/><E62/><V4/><F60/><W65/><G65/><T99/><D99/><U130/><E118/><V133/><F66/><W101/><G101/><T112/><D112/><AGARI ba="1,1" hai="6,8,13,17,20,26,48,55,56,76,78,112,113,115" machi="112" ten="40,3900,0" yaku="1,1,52,1,53,0" doraHai="10" doraHaiUra="120" who="3" fromWho="0" sc="116,-42,470,0,205,0,199,52" /><INIT seed="3,2,0,0,4,79" ten="74,470,205,251" oya="3" hai0="106,43,91,13,125,113,33,65,14,41,108,48,134" hai1="30,83,76,55,105,26,70,24,71,16,80,129,32" hai2="92,7,2,118,46,40,132,63,18,78,29,45,38" hai3="135,36,51,64,47,72,35,123,102,69,81,6,116"/><W120/><G116/><T28/><D106/><U98/><E129/><V114/><F114/><W127/><G127/><T42/><D125/><U107/><E80/><V49/><F118/><W50/><G102/><T99/><D113/><U44/><E105/><V39/><F132/><W3/><G35/><T117/><D117/><U89/><E55/><V100/><F29/><W85/><G72/><T101/><D108/><U131/><E44/><V74/><F63/><W9/><G135/><T119/><D119/><U17/><E17/><V58/><F58/><W94/><G94/><T8/><D134/><U1/><E1/><V124/><F18/><W10/><G10/><T27/><D65/><U11/><E131/><V126/><F92/><W66/><G36/><T77/><D91/><U62/><E62/><V4/><F100/><W128/><G128/><T103/><D48/><U37/><E37/><V86/><F86/><W12/><G3/><T0/><D0/><U67/><E67/><V112/><F112/><W59/><G69/><T5/><D99/><U22/><E11/><N who="2" m="2455" /><F7/><W110/><G110/><T130/><D130/><U19/><E19/><V61/><F61/><W133/><G133/><T34/><D34/><U56/><E56/><V93/><F93/><W25/><G25/><T104/><D104/><U111/><E111/><V96/><F96/><W57/><G123/><T121/><D121/><U82/><E82/><N who="2" m="45399" /><F39/><W53/><G120/><T68/><D68/><U84/><REACH who="1" step="1"/><E107/><REACH who="1" ten="74,460,205,251" step="2"/><V20/><F126/><W31/><G64/><T95/><D95/><AGARI ba="2,1" hai="16,22,24,26,30,32,70,71,76,83,84,89,95,98" machi="95" ten="40,8000,1" yaku="1,1,2,1,52,1,54,1,53,0" doraHai="79" doraHaiUra="109" who="1" fromWho="0" sc="74,-86,460,96,205,0,251,0" owari="-12,-51.2,556,65.6,205,-19.5,251,5.1" /></mjloggm>