<mjloggm ver="2.3"><GO type="225" lobby="0"/><UN n0="%E3%82%A2%E3%83%A1%E3%82%A2%E3%83%A9%E3%83%AC" n1="%41%6F%54" n2="%E3%80%93%E3%81%97%E3%83%BC%E3%82%89%E3%80%93" n3="%E3%81%A4%E3%81%A3%E3%81%B1%E3%82%8A%E3%83%9D%E3%83%BC%E3%83%AB" dan="16,16,16,17" rate="2154.71,2074.27,2186.23,2222.83" sx="M,M,M,M"/><TAIKYOKU oya="0"/><INIT seed="0,0,0,0,4,129" ten="250,250,250,250" oya="0" hai0="132,38,0,110,40,103,43,32,3,123,116,100,10" hai1="7,134,56,109,35,131,83,68,65,124,125,78,55" hai2="98,75,77,108,24,15,97,62,58,12,127,87,101" hai3="86,53,118,89,59,126,96,94,72,95,80,88,49"/><T46/><D116/><U39/><E35/><V112/><F112/><W41/><G118/><T37/><D123/><U23/><E131/><V117/><F117/><W66/><G126/><N who="1" m="48746" /><E39/><V54/><F75/><W21/><G41/><T133/><D32/><U71/><E65/><V130/><F130/><W61/><G72/><T92/><D110/><U16/><E7/><V135/><F108/><W17/><G80/><T42/><D42/><U51/><E109/><V121/><F121/><W114/><G114/><T69/><D69/><U67/><E67/><V2/><F2/><W52/><REACH who="3" step="1"/><G49/><REACH who="3" ten="250,250,250,240" step="2"/><T14/><D40/><U106/><E106/><V79/><F127/><W113/><G113/><T104/><D37/><U50/><E50/><V119/><F119/><W36/><G36/><T76/><D104/><U30/><E83/><V8/><F79/><W90/><G90/><T64/><D76/><U73/><E78/><V28/><F77/><W63/><G63/><T60/><D60/><U47/><E73/><V11/><F62/><W4/><G4/><N who="0" m="3399" /><D92/><U9/><E51/><V29/><F101/><N who="0" m="38986" /><D64/><U102/><E102/><V81/><F81/><W115/><G115/><T19/><D38/><U1/><E68/><V34/><F54/><W107/><G107/><T99/><D43/><U105/><E71/><V25/><F34/><W111/><G111/><T74/><D74/><U22/><E105/><V120/><F120/><W70/><G70/><T26/><D0/><U84/><E1/><V128/><F128/><W5/><G5/><T122/><D3/><U85/><E55/><V48/><F48/><RYUUKYOKU ba="0,1" sc="250,-10,250,-10,250,-10,240,30" hai3="17,21,52,53,59,61,66,86,88,89,94,95,96" /><INIT seed="1,1,1,1,1,35" ten="240,240,240,270" oya="1" hai0="98,96,55,67,87,59,56,33,30,14,36,107,62" hai1="112,21,40,65,74,24,4,0,61,134,18,104,27" hai2="126,70,86,131,117,7,116,29,111,130,78,101,45" hai3="37,125,102,72,71,39,64,132,94,10,46,19,53"/><U82/><E112/><V26/><F70/><W81/><G132/><T109/><D109/><U42/><E134/><V69/><F69/><W95/><G125/><T79/><D36/><U121/><E104/><V85/><F111/><W8/><G71/><T41/><D41/><U108/><E121/><V51/><F7/><W120/><G120/><T66/><D107/><U77/><E108/><V83/><F101/><W32/><G32/><T13/><D33/><U133/><E133/><V123/><F123/><W91/><G64/><N who="0" m="24619" /><D30/><U93/><E27/><V11/><F11/><W44/><G72/><T97/><D59/><U16/><E18/><V6/><F6/><W63/><G102/><T110/><D110/><U99/><E61/><V105/><F105/><W1/><G1/><T58/><D58/><U17/><E17/><V60/><F60/><W128/><G63/><T52/><D55/><U115/><E65/><V20/><F86/><N who="3" m="50639" /><G39/><T23/><D23/><U34/><E34/><V25/><F25/><W135/><G37/><T76/><D87/><U92/><E115/><V100/><F100/><W127/><G135/><T88/><D88/><U114/><E114/><V75/><F75/><W80/><G80/><T9/><D14/><U90/><REACH who="1" step="1"/><E93/><REACH who="1" ten="240,230,240,270" step="2"/><V122/><F122/><W49/><G95/><T15/><D15/><U57/><E57/><V31/><F31/><W129/><G94/><T12/><D13/><U103/><E103/><V22/><F126/><W73/><G127/><T68/><D68/><U113/><E113/><V119/><F22/><W38/><G19/><AGARI ba="1,2" hai="9,12,19,52,56,62,76,79,96,97,98" m="24619" machi="19" ten="30,2000,0" yaku="8,1,54,1" doraHai="35" who="0" fromWho="3" sc="240,43,230,0,240,0,270,-23" /><INIT seed="2,0,0,2,2,5" ten="283,230,240,247" oya="2" hai0="85,13,128,73,101,11,38,106,7,86,119,21,59" hai1="99,78,116,115,109,22,37,44,45,82,49,47,92" hai2="18,50,110,66,33,95,19,71,123,127,63,83,100" hai3="51,30,89,17,131,81,27,20,118,29,77,114,35"/><V0/><F33/><W132/><G118/><T134/><D73/><U93/><E115/><V36/><F36/><W23/><G114/><T72/><D72/><U69/><E116/><V6/><F123/><W79/><G132/><T25/><D134/><U40/><E109/><V56/><F110/><W15/><G131/><T97/><D38/><U80/><E69/><V135/><F135/><W94/><G81/><T62/><D128/><U32/><E32/><V10/><F127/><W112/><G112/><T48/><D48/><U42/><E47/><V133/><F133/><W55/><G30/><T65/><D119/><U70/><E70/><V105/><F105/><W121/><G35/><T8/><D8/><U34/><E34/><V3/><F3/><W74/><G74/><T54/><D54/><U125/><E78/><V102/><F83/><W67/><G67/><T90/><D90/><U108/><E108/><V96/><REACH who="2" step="1"/><F102/><REACH who="2" ten="283,230,230,247" step="2"/><W1/><G1/><T120/><D120/><U117/><E117/><V60/><F60/><W75/><G121/><T16/><AGARI ba="0,1" hai="7,11,13,16,21,25,59,62,65,85,86,97,101,106" machi="16" ten="20,5200,0" yaku="0,1,7,1,52,1,54,1" doraHai="5" who="0" fromWho="0" sc="283,62,230,-13,230,-26,247,-13" /><INIT seed="3,0,0,3,5,68" ten="345,217,204,234" oya="3" hai0="6,109,44,23,119,37,26,55,73,54,3,24,88" hai1="127,9,91,96,29,135,113,123,80,8,43,38,49" hai2="78,27,82,25,33,106,35,52,34,75,67,114,116" hai3="72,42,86,62,124,20,121,90,117,105,130,32,93"/><W40/><G32/><T28/><D109/><U39/><E123/><V61/><F114/><W110/><G121/><T100/><D100/><U14/><E113/><V60/><F116/><W22/><G117/><T70/><D70/><U131/><E131/><V97/><F61/><W56/><G72/><T51/><D37/><U13/><E29/><N who="2" m="19631" /><F52/><N who="3" m="34055" /><G105/><T126/><D126/><U94/><E127/><V108/><F27/><W30/><G124/><T58/><D73/><U115/><E115/><V41/><F41/><N who="3" m="15979" /><G110/><T99/><D26/><U107/><E107/><V59/><F59/><W2/><G2/><T64/><D3/><U57/><E135/><V112/><F112/><W101/><G130/><T63/><D119/><U125/><E125/><V120/><F120/><W48/><G30/><T36/><D36/><U15/><E39/><V85/><F85/><W21/><G101/><T98/><D55/><N who="1" m="31983" /><E43/><V47/><F47/><W71/><G71/><T132/><D132/><U118/><E38/><V133/><F133/><W87/><G48/><T65/><D51/><U19/><E118/><V17/><F108/><W5/><G87/><T134/><D44/><U0/><E0/><V46/><F46/><W10/><G10/><N who="1" m="4202" /><E80/><V77/><F17/><AGARI ba="0,0" hai="13,14,15,17,19,91,94,96" m="4202,31983" machi="17" ten="30,1000,0" yaku="8,1" doraHai="68" who="1" fromWho="2" sc="345,0,217,10,204,-10,234,0" owari="345,44.5,227,-17.3,194,-30.6,234,3.4" /></mjloggm>