<mjloggm ver="2.3"><GO type="225" lobby="0"/><UN n0="%E6%98%93%E5%88%A9%E8%96%A9%E4%BC%AF" n1="%E5%8F%AF%E5%85%90%E9%82%A3%E7%94%B1%E5%A4%9A" n2="%E6%A1%9C%E8%8A%B1%E9%96%83%E3%80%85" n3="%E7%AB%8B%E7%9B%B4%E5%A5%BD%E6%A3%92%40%E5%BF%98" dan="16,16,17,17" rate="2158.75,2123.66,2166.61,2110.12" sx="F,F,M,M"/><TAIKYOKU oya="0"/><INIT seed="0,0,0,5,1,94" ten="250,250,250,250" oya="0" hai0="96,28,66,54,9,20,77,97,8,10,95,108,89" hai1="24,87,71,98,43,3,39,34,84,83,133,14,69" hai2="51,118,110,134,90,31,74,101,23,92,127,18,104" hai3="47,123,86,111,75,48,52,72,107,57,81,112,42"/><T99/><D108/><U5/><E133/><V93/><F110/><W91/><G111/><T7/><D7/><U114/><E3/><V113/><F113/><W125/><G112/><T80/><D66/><U15/><E114/><V85/><F134/><W21/><G125/><T22/><D54/><U27/><E39/><V29/><F127/><W60/><G123/><T45/><D45/><U11/><E43/><V116/><F74/><W13/><REACH who="3" step="1"/><G107/><REACH who="3" ten="250,250,250,240" step="2"/><T36/><D36/><U119/><E119/><V17/><F104/><W38/><G38/><T49/><D49/><U79/><E69/><V56/><F118/><W63/><G63/><T65/><D65/><U55/><E71/><V53/><F116/><W41/><G41/><T67/><D67/><U59/><E55/><V106/><F106/><W64/><G64/><T32/><D32/><U26/><E34/><V0/><F51/><W130/><G130/><T6/><D6/><U121/><E121/><V88/><F53/><W73/><G73/><T124/><D124/><U25/><N who="1" m="6144" /><DORA hai="19" /><U117/><E117/><V128/><F128/><W33/><G33/><T100/><D28/><U16/><E59/><V12/><F56/><W46/><G46/><T135/><D135/><U131/><E131/><V44/><F44/><W82/><G82/><T103/><D80/><U58/><E58/><V2/><F31/><W68/><G68/><T132/><D132/><U35/><E35/><V115/><F29/><W126/><G126/><T40/><D40/><U102/><E83/><V129/><F115/><W109/><G109/><T122/><D122/><RYUUKYOKU ba="0,1" sc="250,-10,250,-10,250,-10,240,30" hai3="13,21,42,47,48,52,57,60,72,75,81,86,91" /><INIT seed="1,1,1,0,1,127" ten="240,240,240,270" oya="1" hai0="10,78,81,1,85,118,104,95,11,105,14,83,30" hai1="87,19,101,51,20,75,68,80,82,69,13,72,128" hai2="62,129,23,111,134,115,89,4,96,106,47,121,28" hai3="67,36,46,24,8,114,98,31,108,124,16,123,107"/><U100/><E51/><V133/><F121/><W22/><G123/><T21/><D118/><U49/><E49/><V88/><F111/><W3/><G114/><T59/><D95/><U94/><E94/><V60/><F4/><W91/><G124/><T44/><D44/><U119/><E119/><V43/><F115/><W116/><G108/><T86/><D1/><U33/><E33/><V5/><F5/><W65/><G116/><T125/><D125/><U9/><E128/><V112/><F129/><W126/><G126/><T61/><D105/><U45/><E45/><V2/><F2/><W131/><G131/><T70/><D70/><U79/><E68/><V66/><F23/><W50/><G36/><T64/><D104/><U38/><E38/><N who="2" m="22007" /><F28/><W15/><G3/><T56/><D56/><U63/><E20/><V6/><F6/><W103/><REACH who="3" step="1"/><G91/><REACH who="3" ten="240,240,240,260" step="2"/><N who="0" m="51631" /><D14/><U0/><E0/><V99/><F89/><W55/><AGARI ba="1,2" hai="8,15,16,22,24,31,46,50,55,65,67,98,103,107" machi="55" ten="20,8000,1" yaku="1,1,0,1,7,1,54,1,53,1" doraHai="127" doraHaiUra="102" who="3" fromWho="3" sc="240,-21,240,-41,240,-21,260,103" /><INIT seed="2,0,0,2,1,108" ten="219,199,219,363" oya="2" hai0="133,112,102,109,36,60,41,25,104,81,40,76,100" hai1="103,115,22,18,69,49,105,28,99,20,43,107,86" hai2="11,134,71,9,116,32,42,126,111,85,129,64,73" hai3="117,113,101,7,119,68,65,77,75,135,0,61,26"/><V16/><F116/><W63/><G135/><T4/><D109/><U74/><E74/><V97/><F73/><W88/><G88/><T57/><D112/><U10/><E69/><V118/><F118/><W114/><G101/><T52/><D4/><U84/><E107/><V2/><F32/><W19/><G61/><T54/><D36/><U1/><E115/><N who="3" m="44042" /><G19/><T123/><D102/><U23/><E28/><V45/><F16/><W30/><G7/><T21/><D123/><U96/><E96/><V62/><F97/><W6/><G0/><T51/><D100/><U50/><E1/><V58/><F2/><W80/><G6/><T92/><D104/><U5/><E5/><V125/><F111/><W14/><G14/><T82/><D92/><U91/><E91/><V106/><F106/><W8/><G8/><T89/><D89/><U13/><E10/><V15/><F9/><W29/><G29/><T35/><D133/><U27/><E13/><V78/><F15/><W31/><G31/><T47/><D82/><U94/><E105/><V121/><F11/><W120/><G120/><T24/><D81/><U127/><E18/><V67/><F121/><W39/><G39/><T79/><D60/><U53/><E27/><V3/><F3/><W83/><G83/><T98/><D25/><U110/><E110/><V48/><F134/><W34/><AGARI ba="0,0" hai="26,30,34,63,65,68,75,77,80,117,119" m="44042" machi="34" ten="30,8000,1" yaku="11,1,23,1,52,3" doraHai="108" who="3" fromWho="3" sc="219,-20,199,-20,219,-40,363,80" /><INIT seed="3,0,0,3,4,28" ten="199,179,179,443" oya="3" hai0="86,46,120,124,108,74,126,87,59,107,109,23,60" hai1="5,116,123,35,17,76,57,37,110,111,79,95,103" hai2="78,114,53,75,7,105,96,43,85,93,113,62,51" hai3="18,44,54,56,66,104,135,42,10,102,90,134,118"/><W64/><G118/><T133/><D74/><U112/><E123/><V27/><F7/><W128/><G90/><T3/><D107/><U94/><E112/><V25/><F75/><W122/><G104/><T89/><D3/><U16/><E37/><V6/><F6/><W36/><G102/><T92/><D133/><N who="3" m="50697" /><G122/><T77/><D46/><U106/><E35/><V22/><F105/><W88/><G88/><N who="0" m="53271" /><D23/><U34/><E34/><V9/><F9/><W84/><G84/><T129/><D129/><U117/><E106/><V68/><F113/><W63/><G128/><T69/><D69/><U39/><E103/><N who="2" m="60815" /><F114/><W125/><G125/><N who="0" m="48235" /><D77/><U83/><E116/><V48/><F68/><W119/><G119/><T61/><D61/><U30/><E117/><V2/><F2/><W127/><G127/><T72/><D72/><U13/><E79/><V31/><F27/><W50/><G10/><T24/><D24/><U38/><E76/><V80/><F43/><W29/><G29/><T12/><D12/><U100/><E30/><V101/><F101/><W0/><G0/><T33/><D33/><U91/><E100/><V132/><F132/><W4/><G36/><T8/><D8/><N who="1" m="4239" /><E39/><V47/><F62/><W55/><G63/><T65/><D120/><U40/><E40/><V71/><F71/><W115/><G42/><T82/><AGARI ba="0,0" hai="59,60,65,82,87,89,108,109" m="48235,53271" machi="82" ten="30,2000,0" yaku="18,1,54,1" doraHai="28" who="0" fromWho="0" sc="199,20,179,-5,179,-5,443,-10" owari="219,1.9,174,-22.6,174,-32.6,433,53.3" /></mjloggm>