<mjloggm ver="2.3"><GO type="225" lobby="0"/><UN n0="%E7%9C%9F%E4%B8%80" n1="%73%61%6E%64%69%72%69%73" n2="%E3%82%AF%E3%82%A3%E3%82%A6" n3="%E9%80%9F%E6%B0%B4%E5%87%9B%E9%A6%99" dan="16,16,16,16" rate="2168.92,2116.06,2114.29,2143.84" sx="M,M,F,F"/><TAIKYOKU oya="0"/><INIT seed="0,0,0,1,4,44" ten="250,250,250,250" oya="0" hai0="22,74,20,10,110,114,27,47,39,86,88,26,42" hai1="8,102,78,0,75,125,115,35,112,89,70,79,67" hai2="41,54,134,129,50,92,133,81,130,121,43,56,94" hai3="52,60,2,124,69,85,31,29,66,71,87,76,6"/><T24/><D114/><U111/><E35/><V68/><F121/><W100/><G124/><T80/><D110/><U131/><E111/><V64/><F81/><W57/><G100/><T119/><D119/><U104/><E89/><V91/><F68/><W46/><G6/><T4/><REACH who="0" step="1"/><D74/><REACH who="0" ten="240,250,250,250" step="2"/><U53/><E75/><V128/><F64/><W32/><G66/><T21/><D21/><U113/><E67/><V55/><F55/><W101/><G52/><T30/><D30/><U17/><E53/><V34/><F34/><W127/><G31/><T63/><D63/><U19/><E115/><V11/><F11/><W28/><G28/><T25/><N who="0" m="6144" /><DORA hai="118" /><T122/><D122/><U82/><E8/><V15/><F15/><AGARI ba="0,1" hai="4,10,15,20,22,39,42,47,80,86,88" m="6144" machi="15" ten="50,9600,0" yaku="1,1,54,1,53,1" doraHai="44,118" doraHaiUra="5,58" who="0" fromWho="2" sc="240,106,250,0,250,-96,250,0" /><INIT seed="0,1,0,3,3,12" ten="346,250,154,250" oya="0" hai0="23,72,16,115,0,89,17,79,93,59,15,65,63" hai1="66,69,52,7,43,131,91,75,133,99,127,83,101" hai2="122,64,110,120,92,95,10,109,114,104,38,6,47" hai3="71,24,25,33,32,135,54,124,29,134,19,102,129"/><T94/><D115/><U37/><E7/><V87/><F104/><W34/><G54/><T27/><D0/><U56/><E133/><N who="3" m="50698" /><G71/><T96/><D72/><U81/><E131/><V78/><F64/><W36/><G36/><T57/><D79/><U74/><E127/><V39/><F47/><W80/><G80/><T85/><D59/><U13/><E13/><V108/><F78/><W107/><G102/><N who="0" m="60687" /><D15/><U128/><E128/><V58/><F58/><W30/><G107/><T8/><D8/><U41/><E69/><V67/><F67/><W106/><G106/><T20/><D20/><U103/><E56/><V48/><F48/><W86/><G86/><T121/><D121/><N who="2" m="46698" /><F87/><W116/><G129/><T77/><D77/><U112/><E66/><V125/><F125/><W97/><G97/><T49/><D49/><U117/><E99/><V40/><F40/><W53/><G53/><T21/><D21/><U111/><E52/><V3/><F114/><W46/><G46/><T118/><D118/><U28/><E117/><V5/><F10/><W9/><G116/><T130/><D130/><U119/><E112/><V4/><F3/><W68/><G68/><T11/><D11/><U123/><E123/><V98/><F98/><W55/><G55/><T26/><D26/><N who="3" m="10345" /><G124/><T42/><D42/><U62/><E43/><V132/><F132/><W44/><G44/><T2/><D2/><U22/><E41/><V82/><F82/><W51/><G51/><T1/><D1/><U45/><E83/><V126/><F126/><W70/><G70/><T100/><D100/><N who="1" m="38475" /><E119/><V88/><F88/><RYUUKYOKU ba="1,0" sc="346,10,250,-30,154,10,250,10" hai0="16,17,23,27,57,63,65,85,89,94" hai2="4,5,6,38,39,92,95,108,109,110" hai3="9,19,29,30,32,33,34" /><INIT seed="0,2,0,0,1,85" ten="356,220,164,260" oya="0" hai0="115,3,82,114,10,67,123,110,17,16,32,101,105" hai1="91,12,31,87,28,8,132,124,95,102,4,108,80" hai2="52,13,51,21,54,69,44,38,86,61,128,46,72" hai3="134,100,40,29,45,121,93,24,73,20,6,83,92"/><T89/><D123/><U1/><E1/><V39/><F72/><W11/><G134/><T19/><D32/><U9/><E132/><V94/><F128/><W66/><G121/><T30/><D30/><U37/><E37/><V74/><F74/><W88/><G66/><T50/><D67/><U106/><E108/><V55/><F21/><W26/><G26/><T62/><D62/><U90/><E124/><V120/><F120/><W71/><G71/><T84/><D110/><U49/><E106/><V7/><F7/><W125/><G125/><T99/><REACH who="0" step="1"/><D50/><REACH who="0" ten="346,220,164,260" step="2"/><U97/><E49/><V23/><F51/><N who="3" m="27047" /><G73/><T96/><D96/><U107/><E9/><V18/><F61/><W33/><G33/><T68/><D68/><U98/><AGARI ba="2,1" hai="4,8,12,28,31,80,87,90,91,95,97,98,102,107" machi="98" ten="20,5200,0" yaku="0,1,7,1,52,2" doraHai="85" who="1" fromWho="1" sc="346,-28,220,68,164,-15,260,-15" /><INIT seed="1,0,0,2,3,72" ten="318,288,149,245" oya="1" hai0="134,26,76,75,101,99,4,108,118,110,33,79,44" hai1="96,98,130,87,19,14,56,135,81,12,49,8,38" hai2="102,78,15,57,6,94,30,36,92,93,53,95,91" hai3="61,55,114,25,37,109,113,129,22,69,10,131,35"/><U64/><E38/><V104/><F36/><W28/><G37/><T100/><D118/><U51/><E135/><V63/><F104/><W45/><G45/><T77/><D134/><U13/><E130/><N who="3" m="49674" /><G55/><T21/><D33/><U34/><E34/><V103/><F30/><W117/><G61/><T70/><D70/><U116/><E116/><V2/><F2/><W133/><G69/><T132/><D132/><U1/><E1/><V18/><F6/><W62/><G62/><T20/><D4/><U60/><E14/><V97/><REACH who="2" step="1"/><F78/><REACH who="2" ten="318,288,139,245" step="2"/><W71/><G133/><T74/><D74/><U65/><E13/><V3/><F3/><W115/><G117/><T0/><D0/><U128/><E128/><V80/><F80/><W5/><G5/><T121/><D75/><U11/><E12/><V68/><F68/><W27/><G71/><T52/><D26/><U127/><E81/><V16/><F16/><N who="3" m="12487" /><G109/><T105/><D110/><U39/><E39/><V89/><F89/><W85/><G85/><T32/><D108/><U120/><E87/><V122/><F122/><W66/><G28/><T126/><D121/><U46/><E120/><V40/><F40/><W58/><G27/><T88/><D88/><U24/><E24/><V86/><F86/><W43/><G43/><T17/><D17/><U90/><E90/><V123/><F123/><W9/><G35/><T111/><D32/><U84/><E19/><V42/><F42/><W31/><G31/><T119/><D111/><U54/><E84/><V112/><F112/><W107/><G107/><T67/><D119/><U48/><E98/><RYUUKYOKU ba="0,1" sc="318,-15,288,-15,139,15,245,15" hai2="15,18,53,57,63,91,92,93,94,95,97,102,103" hai3="9,10,58,66,113,114,115" /><INIT seed="2,1,1,0,0,73" ten="303,273,154,260" oya="2" hai0="82,39,76,70,10,14,40,89,79,33,102,113,18" hai1="78,7,127,3,111,23,32,46,66,91,50,74,121" hai2="0,88,63,77,20,80,64,124,84,103,48,117,57" hai3="67,71,53,27,11,30,56,8,94,120,22,128,9"/><V17/><F117/><W15/><G120/><T97/><D113/><U83/><E32/><V116/><F116/><W51/><G128/><T114/><D114/><U105/><E105/><V86/><F0/><W81/><G71/><T13/><D70/><U61/><E111/><V12/><F124/><W38/><G38/><T112/><D112/><U109/><E109/><V62/><F103/><W1/><G1/><T72/><D33/><U44/><E121/><V101/><F101/><W130/><G130/><T68/><D68/><U98/><E127/><V69/><F48/><W87/><G94/><T49/><D39/><U104/><E50/><V133/><F133/><W108/><G108/><T126/><D126/><U92/><E3/><V55/><REACH who="2" step="1"/><F86/><REACH who="2" ten="303,273,144,260" step="2"/><W106/><G106/><T131/><D102/><U24/><E104/><V36/><F36/><W54/><G67/><T37/><D37/><U65/><E65/><V43/><F43/><W122/><G122/><T90/><D49/><U58/><REACH who="1" step="1"/><E7/><REACH who="1" ten="303,263,144,260" step="2"/><V31/><F31/><AGARI ba="1,3" hai="23,24,31,44,46,58,61,66,74,78,83,91,92,98" machi="31" ten="30,7700,0" yaku="1,1,2,1,7,1,52,1,53,0" doraHai="73" doraHaiUra="45" who="1" fromWho="2" sc="303,0,263,110,144,-80,260,0" /><INIT seed="3,0,0,1,4,90" ten="303,373,64,260" oya="3" hai0="72,82,45,84,2,20,23,105,108,99,132,102,64" hai1="123,34,66,59,7,128,61,113,3,65,94,5,79" hai2="52,67,127,36,87,8,83,56,44,124,46,118,75" hai3="32,1,21,98,110,62,10,114,69,120,133,106,97"/><W86/><G114/><T60/><D108/><U101/><E34/><V11/><F87/><W129/><G120/><T47/><D132/><U92/><E123/><V74/><F118/><W116/><G32/><T15/><D2/><U68/><E113/><V27/><F83/><W50/><G116/><T95/><D72/><U40/><E3/><V130/><F27/><W88/><G133/><T58/><D105/><U19/><E68/><V135/><F130/><W9/><G129/><T35/><D35/><U41/><E128/><V76/><F67/><W73/><G73/><T28/><D20/><U16/><E79/><V54/><F56/><W33/><G33/><T17/><REACH who="0" step="1"/><D28/><REACH who="0" ten="293,373,64,260" step="2"/><U117/><E117/><V77/><REACH who="2" step="1"/><F36/><REACH who="2" ten="293,373,54,260" step="2"/><W131/><G131/><T121/><D121/><U111/><E111/><V38/><F38/><W57/><G86/><T70/><D70/><U51/><E66/><V53/><F53/><W100/><G57/><T25/><D25/><U48/><E65/><V126/><F126/><W39/><G39/><T122/><D122/><U107/><E59/><V81/><F81/><W112/><G110/><T103/><D103/><U26/><E101/><V104/><F104/><W85/><G106/><T78/><AGARI ba="0,2" hai="15,17,23,45,47,58,60,64,78,82,84,95,99,102" machi="78" ten="20,8000,1" yaku="1,1,0,1,7,1,8,1,52,1,53,0" doraHai="90" doraHaiUra="134" who="0" fromWho="0" sc="293,100,373,-20,54,-20,260,-40" owari="393,49.3,353,15.3,34,-46.6,220,-18.0" /></mjloggm>