<mjloggm ver="2.3"><GO type="225" lobby="0"/><UN n0="%E5%A4%9C%E5%85%89%E5%A4%A9%E6%A5%BC" n1="%E5%BA%97%E9%95%B7%4D" n2="%E9%A6%AC%E4%BA%86%E9%9A%94%E5%A3%81" n3="%EF%BC%B3%E3%81%9E%E3%81%88%E2%98%86" dan="17,16,17,16" rate="2172.30,2077.21,2193.80,2096.86" sx="F,M,M,M"/><TAIKYOKU oya="0"/><INIT seed="0,0,0,4,1,24" ten="250,250,250,250" oya="0" hai0="100,102,111,131,71,8,118,38,5,1,83,41,25" hai1="129,69,53,116,30,96,72,4,86,68,34,7,57" hai2="52,105,39,74,6,43,120,61,14,135,62,98,107" hai3="91,18,117,110,130,133,103,97,106,50,64,128,33"/><T67/><D118/><U58/><E72/><V15/><F120/><W11/><G117/><T17/><D131/><N who="3" m="50217" /><G110/><T89/><D71/><U79/><E116/><V3/><F74/><W2/><G33/><T9/><D67/><U80/><E129/><V132/><F3/><W95/><G133/><N who="2" m="51273" /><F6/><N who="3" m="1495" /><G64/><T122/><D122/><U66/><E69/><V70/><F70/><W114/><G114/><T99/><D111/><U59/><E68/><V37/><F62/><W13/><G50/><T35/><D38/><N who="2" m="14346" /><F43/><W119/><G119/><T55/><D41/><U22/><E34/><V104/><F98/><N who="3" m="57727" /><G18/><T92/><D55/><U76/><E76/><V73/><F73/><W29/><G13/><T123/><D123/><U112/><E112/><V60/><F60/><W85/><G85/><T124/><D35/><U113/><E113/><V115/><F115/><W121/><G121/><T75/><D75/><U51/><E96/><V16/><F16/><W10/><G10/><T54/><D9/><U63/><E59/><AGARI ba="0,0" hai="14,15,52,59,61,104,105,107" m="14346,51273" machi="59" ten="40,2600,0" yaku="20,1,54,1" doraHai="24" who="2" fromWho="1" sc="250,0,250,-26,250,26,250,0" /><INIT seed="1,0,0,4,5,74" ten="250,224,276,250" oya="1" hai0="39,132,84,6,102,104,33,133,116,43,49,7,78" hai1="107,2,46,24,71,19,98,97,68,122,11,14,87" hai2="23,30,37,52,55,64,99,34,113,126,128,0,48" hai3="69,92,106,15,112,12,83,57,42,44,85,27,120"/><U47/><E122/><V29/><F37/><W127/><G106/><T58/><D33/><U45/><E2/><V101/><F34/><W135/><G69/><T95/><D116/><U66/><E66/><V93/><F0/><W131/><G120/><T121/><D121/><U75/><E75/><V28/><F128/><W31/><G112/><T53/><D104/><U9/><E9/><V82/><F113/><W111/><G111/><T103/><D43/><U20/><E87/><V125/><F64/><W117/><G131/><T13/><D39/><U80/><E80/><V115/><F115/><W123/><G123/><T73/><D73/><U4/><REACH who="1" step="1"/><E107/><REACH who="1" ten="250,214,276,250" step="2"/><V96/><F82/><W61/><G85/><T26/><D84/><U110/><E110/><V105/><F105/><W22/><G83/><T94/><D132/><U8/><E8/><V3/><F3/><W77/><G135/><T91/><D133/><U51/><E51/><V81/><F81/><W67/><G67/><T109/><D49/><U50/><E50/><V5/><F48/><W10/><G10/><T88/><D109/><U86/><E86/><V54/><F99/><AGARI ba="0,1" hai="4,11,14,19,20,24,45,46,47,68,71,97,98,99" machi="99" ten="40,2000,0" yaku="1,1,53,0" doraHai="74" doraHaiUra="38" who="1" fromWho="2" sc="250,0,214,30,276,-20,250,0" /><INIT seed="1,1,0,0,3,0" ten="250,244,256,250" oya="1" hai0="18,62,79,6,64,87,110,80,10,104,107,52,56" hai1="93,132,55,57,17,98,73,39,119,16,5,68,22" hai2="25,90,88,92,35,70,105,129,11,42,85,40,44" hai3="23,48,9,103,125,51,89,67,122,120,34,36,121"/><U77/><E68/><V43/><F105/><W123/><G34/><T124/><D110/><U65/><E39/><V126/><F70/><W54/><G125/><T59/><D124/><U13/><E119/><V115/><F126/><W102/><G36/><T26/><D26/><U7/><E132/><V84/><F129/><W130/><G67/><T114/><D18/><U24/><E65/><V41/><F115/><W108/><G108/><T76/><D114/><U38/><E38/><V82/><F11/><W12/><G130/><T29/><D29/><U99/><E77/><V135/><F135/><W96/><N who="3" m="30720" /><DORA hai="83" /><W32/><G32/><T46/><D46/><U86/><E86/><V118/><F118/><W50/><G54/><T47/><D47/><U116/><E99/><V81/><F35/><W4/><REACH who="3" step="1"/><G23/><REACH who="3" ten="250,244,256,240" step="2"/><T131/><D131/><U45/><E116/><V3/><F41/><W101/><G101/><T78/><D107/><U2/><E2/><V66/><F3/><W127/><G127/><T113/><D104/><U69/><E69/><V74/><F66/><W8/><G8/><T72/><D113/><U71/><E71/><V19/><F42/><W31/><G31/><T15/><D72/><U128/><E128/><V109/><F109/><W95/><AGARI ba="1,1" hai="4,9,12,48,50,51,89,95,96,102,103" m="30720" machi="95" ten="60,7900,0" yaku="1,1,0,1,52,1,53,0" doraHai="0,83" doraHaiUra="134,60" who="3" fromWho="3" sc="250,-21,244,-40,256,-21,240,92" /><INIT seed="2,0,0,4,5,131" ten="229,204,235,332" oya="2" hai0="13,129,59,21,81,130,12,77,39,55,78,14,127" hai1="91,20,58,63,1,48,2,36,35,92,107,94,22" hai2="0,123,135,50,90,73,95,97,112,79,70,56,108" hai3="44,111,87,114,3,126,57,67,102,85,88,18,62"/><V47/><F112/><W71/><G3/><T26/><D39/><U10/><E35/><V64/><F123/><W98/><G111/><T118/><D127/><U103/><E36/><V122/><F122/><W100/><G126/><T66/><D66/><U82/><E107/><V31/><F0/><W65/><G114/><T69/><D69/><U40/><E10/><V83/><F70/><W105/><G102/><T43/><D43/><U61/><E61/><V89/><F108/><W5/><G5/><T120/><D118/><U60/><E60/><V121/><F121/><W41/><G87/><T117/><D81/><U132/><E132/><V37/><F31/><W54/><G18/><N who="0" m="12599" /><D117/><U75/><E75/><V76/><F135/><W30/><G30/><T4/><D4/><U125/><E125/><V119/><F119/><W15/><G15/><T110/><D110/><U16/><E20/><V19/><F19/><W72/><G72/><T96/><D96/><U99/><E82/><V25/><F25/><W9/><G9/><T52/><D120/><U84/><E48/><V34/><F34/><W28/><G28/><T133/><D133/><U113/><E40/><N who="2" m="24935" /><F37/><W68/><G68/><T24/><D24/><U42/><E42/><V8/><F8/><W32/><G32/><T11/><D11/><U106/><E106/><V49/><F76/><N who="0" m="29290" /><D55/><N who="1" m="34271" /><E113/><V23/><F23/><W46/><G71/><T38/><D38/><U80/><E80/><V45/><F64/><N who="3" m="24651" /><G41/><T134/><D134/><U6/><E6/><V53/><F56/><W128/><G105/><T116/><D116/><U124/><E124/><RYUUKYOKU ba="0,0" sc="229,10,204,10,235,10,332,-30" hai0="12,13,14,52,59,129,130" hai1="1,2,16,22,84,91,92,94,99,103" hai2="45,49,53,73,79,83,89,90,95,97" /><INIT seed="2,1,0,4,0,38" ten="239,214,245,302" oya="2" hai0="113,35,80,64,85,1,46,90,133,55,40,7,54" hai1="39,132,2,135,57,14,62,48,0,75,70,74,17" hai2="66,104,107,129,26,24,71,83,124,123,43,29,9" hai3="111,114,49,67,12,25,122,112,97,18,13,52,22"/><V10/><F123/><W119/><G119/><T109/><D113/><N who="3" m="43625" /><G122/><T51/><D35/><U128/><E39/><V73/><F129/><W81/><G111/><T16/><D109/><U34/><E34/><V99/><F124/><W76/><G97/><T28/><D28/><U79/><E48/><V134/><F134/><N who="1" m="51241" /><E70/><V20/><F26/><W93/><G93/><T110/><D110/><U23/><E128/><V84/><F73/><N who="1" m="27657" /><E79/><V120/><F120/><W68/><G67/><AGARI ba="1,0" hai="0,2,14,17,23,57,62,67" m="27657,51241" machi="67" ten="30,1000,0" yaku="20,1" doraHai="38" who="1" fromWho="3" sc="239,0,214,13,245,0,302,-13" /><INIT seed="3,0,0,4,2,16" ten="239,227,245,289" oya="3" hai0="72,78,79,127,93,105,23,94,118,67,131,95,103" hai1="132,123,74,111,71,53,121,60,1,2,10,99,36" hai2="28,25,126,57,54,106,82,77,44,98,32,8,69" hai3="83,38,66,4,37,42,31,58,14,50,97,29,13"/><W9/><G37/><T47/><D67/><U89/><E111/><V45/><F126/><W112/><G112/><T34/><D34/><U109/><E109/><V130/><F130/><W12/><G38/><T117/><D47/><U133/><E74/><V110/><F110/><W40/><G97/><N who="0" m="61679" /><D23/><U55/><E36/><V24/><F69/><W33/><G33/><T92/><D72/><U19/><E99/><V49/><F8/><N who="3" m="4103" /><G83/><T59/><D59/><N who="1" m="34927" /><E89/><V68/><F68/><W91/><G91/><T52/><D127/><U64/><E55/><V107/><F25/><W73/><G73/><T0/><D52/><U63/><E19/><V43/><F98/><W27/><G27/><T114/><D0/><N who="1" m="107" /><E10/><V70/><F70/><W84/><G84/><T101/><D114/><U108/><E108/><V3/><F3/><W5/><G14/><T113/><D113/><U134/><AGARI ba="0,0" hai="63,64,71,121,123,132,133,134" m="107,34927" machi="134" ten="40,1500,0" yaku="20,1" doraHai="16" who="1" fromWho="1" sc="239,-4,227,15,245,-4,289,-7" /><INIT seed="4,0,0,1,4,35" ten="235,242,241,282" oya="0" hai0="59,103,61,96,73,79,16,131,22,112,93,3,84" hai1="89,34,66,0,70,20,107,26,122,28,15,132,23" hai2="24,46,129,39,51,80,82,77,85,111,101,100,104" hai3="50,87,113,48,5,10,67,64,2,6,9,109,14"/><T105/><D112/><U128/><E107/><V94/><F111/><W17/><G109/><T43/><D131/><U110/><E122/><V106/><F39/><W71/><G113/><T36/><D73/><U97/><E110/><V30/><F129/><W62/><G67/><T37/><D43/><U76/><E128/><V68/><F68/><W58/><G71/><T116/><D116/><U69/><E132/><V92/><F82/><W12/><G87/><T7/><D79/><U102/><E76/><V54/><F106/><W63/><G62/><T81/><D105/><N who="1" m="63695" /><E89/><V91/><F104/><W135/><G135/><T117/><D117/><U75/><E75/><V19/><F19/><W133/><G133/><T38/><D7/><U27/><E15/><V41/><F41/><W25/><G25/><T60/><D3/><U78/><E78/><V55/><F55/><W90/><G90/><T108/><D108/><U121/><E121/><V134/><F134/><W118/><G118/><T42/><D42/><U72/><E72/><V29/><F92/><W31/><G31/><N who="2" m="11785" /><F24/><W119/><G119/><T86/><D81/><U1/><E70/><V18/><F18/><W4/><G4/><T127/><D61/><N who="1" m="40143" /><E27/><V8/><F8/><AGARI ba="0,0" hai="2,5,6,8,9,10,12,14,17,48,50,58,63,64" machi="8" ten="30,2000,0" yaku="7,1,52,1" doraHai="35" who="3" fromWho="2" sc="235,0,242,0,241,-20,282,20" owari="235,-16.5,242,4.2,221,-27.9,302,40.2" /></mjloggm>