<mjloggm ver="2.3"><GO type="225" lobby="0"/><UN n0="%4C%4F%4C%49%54%41" n1="%E3%81%A0%E3%81%8A" n2="%4B%2E%32%2E%4B%2E" n3="%E3%83%97%E3%83%AC%E3%83%B4%E3%82%A1%E3%83%86%E3%82%A3" dan="16,16,16,16" rate="2186.24,2028.29,2158.37,2066.74" sx="F,M,M,F"/><TAIKYOKU oya="0"/><INIT seed="0,0,0,2,0,13" ten="250,250,250,250" oya="0" hai0="39,86,95,26,90,116,110,96,85,113,99,48,80" hai1="133,132,123,74,115,112,83,118,45,76,21,42,103" hai2="65,47,122,64,27,94,33,44,81,50,73,102,63" hai3="129,36,3,60,41,69,100,88,32,25,111,67,34"/><T107/><D39/><U0/><E118/><V51/><F122/><W54/><G111/><T130/><D48/><U91/><E123/><V89/><F102/><W105/><G3/><T131/><D26/><U77/><E0/><V101/><F101/><W98/><G129/><N who="0" m="49163" /><D116/><U4/><E4/><V5/><F5/><W58/><G25/><T84/><D113/><N who="1" m="43595" /><E77/><V49/><F27/><W55/><G55/><T127/><D127/><U7/><E103/><V35/><F35/><W46/><REACH who="3" step="1"/><G88/><REACH who="3" ten="250,250,250,240" step="2"/><N who="0" m="55399" /><D110/><U82/><E91/><V23/><F89/><W56/><G56/><T72/><D72/><U108/><E74/><V126/><F73/><W14/><G14/><T71/><D71/><U37/><E108/><V121/><F121/><W135/><G135/><T78/><D107/><U2/><E133/><V16/><F126/><W114/><G114/><T106/><D106/><U24/><E132/><V38/><F65/><W22/><G22/><T61/><D61/><AGARI ba="0,1" hai="32,34,36,41,46,54,58,60,61,67,69,98,100,105" machi="61" ten="30,2000,0" yaku="1,1,7,1,53,0" doraHai="13" doraHaiUra="75" who="3" fromWho="0" sc="250,-20,250,0,250,0,240,30" /><INIT seed="1,0,0,5,5,9" ten="230,250,250,270" oya="1" hai0="134,61,87,76,128,33,30,119,38,108,66,103,85" hai1="92,102,104,35,71,96,3,40,7,13,109,25,32" hai2="62,60,101,2,59,1,29,51,11,111,21,132,27" hai3="110,117,44,106,56,50,121,28,124,131,17,81,4"/><U126/><E71/><V34/><F111/><W8/><G110/><T18/><D119/><U23/><E109/><V84/><F132/><W94/><G106/><T12/><D108/><U15/><E126/><V69/><F101/><W112/><G117/><T45/><D134/><U49/><E104/><V83/><F34/><W41/><G112/><T64/><D128/><U78/><E78/><V58/><F69/><W120/><G131/><T39/><D103/><U55/><E40/><V70/><F70/><W77/><G124/><T31/><D66/><U43/><E43/><V16/><F2/><W97/><G28/><T65/><D45/><U37/><E37/><V130/><F130/><W105/><G56/><N who="2" m="21545" /><F51/><W93/><G17/><T36/><D36/><U100/><E100/><V127/><F1/><W89/><G105/><T114/><D76/><U86/><E35/><V26/><F127/><W72/><G94/><T91/><D33/><U67/><E32/><V118/><F118/><W73/><G72/><T74/><D74/><U80/><E3/><AGARI ba="0,0" hai="3,4,8,41,44,50,73,77,81,89,93,97,120,121" machi="3" ten="30,1000,0" yaku="7,1" doraHai="9" who="3" fromWho="1" sc="230,0,250,-10,250,0,270,10" /><INIT seed="2,0,0,1,2,88" ten="230,240,250,280" oya="2" hai0="120,28,16,33,83,51,41,97,69,18,26,56,8" hai1="58,106,6,48,132,77,117,37,40,102,11,5,94" hai2="12,0,103,52,29,105,60,93,113,65,131,121,118" hai3="87,123,119,46,39,1,20,107,19,24,59,2,70"/><V17/><F113/><W104/><G119/><T78/><D69/><U122/><E106/><V35/><F118/><W101/><G70/><T96/><D120/><U92/><E117/><V84/><F121/><W99/><G123/><T129/><D129/><U115/><E115/><V25/><F0/><W114/><G107/><T90/><D8/><U23/><E37/><V67/><F105/><W53/><G114/><T110/><D110/><U36/><E36/><V68/><F131/><W27/><G27/><T9/><D9/><U38/><E38/><V22/><F65/><W13/><G24/><T82/><D82/><U42/><E11/><V66/><F67/><W21/><G20/><T10/><D10/><U116/><E23/><V85/><REACH who="2" step="1"/><F52/><REACH who="2" ten="230,240,240,280" step="2"/><W32/><G1/><T7/><D41/><U55/><E42/><V100/><F100/><W76/><G2/><T57/><D57/><U128/><E102/><V72/><F72/><W134/><G59/><T64/><D64/><U126/><E40/><V130/><F130/><W15/><G53/><T54/><D56/><U112/><E58/><V61/><F61/><W127/><G104/><T80/><D54/><U45/><E55/><V63/><F63/><W47/><G101/><T125/><D125/><U95/><E126/><V86/><F86/><W124/><G87/><T91/><D97/><AGARI ba="0,1" hai="12,17,22,25,29,35,60,66,68,84,85,93,97,103" machi="97" ten="40,3900,0" yaku="1,1,52,1,53,0" doraHai="88" doraHaiUra="135" who="2" fromWho="0" sc="230,-39,240,0,240,49,280,0" /><INIT seed="2,1,0,3,4,44" ten="191,240,289,280" oya="2" hai0="35,61,13,7,89,20,133,6,26,66,49,1,121" hai1="32,75,129,48,91,116,50,94,77,67,2,10,78" hai2="132,42,53,118,33,37,57,34,38,36,4,93,97" hai3="106,83,41,62,40,110,95,0,115,22,27,51,104"/><V111/><F118/><W15/><G115/><T73/><D121/><U81/><E32/><V125/><F42/><W100/><G0/><T98/><D73/><U74/><E129/><V3/><F125/><W84/><G110/><T72/><D72/><U101/><E101/><V103/><F132/><W71/><G15/><T29/><D133/><U52/><E116/><V19/><F111/><W96/><G40/><T108/><D108/><U11/><E67/><V60/><REACH who="2" step="1"/><F19/><REACH who="2" ten="191,240,279,280" step="2"/><W79/><G71/><T87/><D6/><U59/><E10/><AGARI ba="1,1" hai="3,4,10,33,34,36,37,38,53,57,60,93,97,103" machi="10" ten="40,3900,0" yaku="1,1,2,1,53,0" doraHai="44" doraHaiUra="14" who="2" fromWho="1" sc="191,0,240,-42,279,52,280,0" /><INIT seed="2,2,0,3,5,4" ten="191,198,331,280" oya="2" hai0="24,101,92,89,8,13,84,7,134,98,104,39,123" hai1="42,119,68,100,107,17,35,111,61,47,2,83,20" hai2="29,56,34,59,38,40,48,80,19,53,102,90,122" hai3="41,63,57,112,49,60,131,130,94,71,25,33,16"/><V114/><F114/><W127/><G112/><T44/><D123/><U75/><E119/><V99/><F122/><W64/><G127/><T27/><REACH who="0" step="1"/><D134/><REACH who="0" ten="181,198,331,280" step="2"/><U12/><E111/><V30/><F34/><W135/><G135/><T81/><D81/><U117/><E35/><V74/><F80/><W116/><G116/><T21/><D21/><U52/><E20/><V113/><F113/><W120/><G120/><T70/><D70/><U66/><E68/><V50/><F74/><W54/><G33/><T79/><D79/><U103/><E75/><V108/><F108/><W46/><G130/><T86/><D86/><U65/><E83/><V97/><F30/><W105/><G131/><T121/><D121/><U110/><E117/><V1/><F29/><W85/><G71/><T73/><D73/><U69/><E110/><V88/><F97/><W129/><G129/><T15/><D15/><U22/><E12/><V106/><F99/><W3/><G3/><T125/><D125/><U5/><E69/><V43/><F1/><W51/><G85/><T23/><D23/><U36/><E22/><V37/><F37/><W10/><G25/><T78/><D78/><U93/><E36/><V132/><F38/><W126/><G126/><T109/><D109/><U96/><E2/><V124/><F124/><W72/><G72/><T55/><D55/><U28/><E52/><V18/><F53/><W26/><G26/><T9/><D9/><U128/><E96/><V133/><F133/><W77/><G10/><T0/><D0/><U76/><E128/><V95/><F132/><W45/><G54/><RYUUKYOKU ba="2,1" sc="181,30,198,-10,331,-10,280,-10" hai0="7,8,13,24,27,39,44,84,89,92,98,101,104" /><INIT seed="3,3,1,1,4,10" ten="211,188,321,270" oya="3" hai0="134,48,60,13,15,36,31,106,42,12,135,28,91" hai1="51,50,11,118,44,117,133,17,126,38,23,47,108" hai2="97,27,85,111,131,96,58,101,40,102,1,29,86" hai3="53,104,82,3,84,92,115,94,20,100,67,78,21"/><W73/><G3/><T123/><D123/><U93/><E108/><V6/><F111/><W99/><G115/><T33/><D36/><U56/><E126/><V8/><F131/><W125/><G125/><T30/><D106/><U16/><E133/><N who="0" m="50697" /><D60/><U0/><E38/><V87/><F40/><W32/><G32/><T66/><D66/><U72/><E72/><V98/><REACH who="2" step="1"/><F58/><REACH who="2" ten="211,188,311,270" step="2"/><W76/><G67/><T132/><D132/><U69/><E56/><V41/><F41/><W130/><G130/><T112/><D112/><U74/><E69/><V9/><F9/><W110/><G110/><T90/><D33/><AGARI ba="3,2" hai="1,6,8,27,29,33,85,86,87,96,97,98,101,102" machi="33" ten="40,1300,0" yaku="1,1,53,0" doraHai="10" doraHaiUra="89" who="2" fromWho="0" sc="211,-22,188,0,311,42,270,0" owari="189,-21.1,188,-31.2,353,45.3,270,7.0" /></mjloggm>