<mjloggm ver="2.3"><GO type="225" lobby="0"/><UN n0="%E3%81%B8%E3%82%80%E3%81%B8%E3%82%80%EF%BC%92%E5%8F%B7" n1="%E8%83%83%E3%81%A8%E8%85%B8" n2="%E3%81%A8%E3%82%93%E3%81%A8%E3%81%93%E3%81%A8%E3%82%93" n3="%72%61%6B%33" dan="16,16,16,16" rate="2121.75,2174.30,2080.01,2112.49" sx="M,M,M,M"/><TAIKYOKU oya="0"/><INIT seed="0,0,0,4,5,108" ten="250,250,250,250" oya="0" hai0="24,2,135,27,123,42,81,25,112,39,8,45,16" hai1="118,131,109,71,62,5,26,95,57,101,89,51,50" hai2="23,1,29,119,84,17,48,113,124,46,66,74,28" hai3="73,110,90,9,54,19,134,82,116,70,21,69,49"/><T92/><D112/><U122/><E118/><V79/><F74/><W47/><G116/><T91/><D123/><U77/><E122/><V75/><F119/><W36/><G110/><T12/><D135/><U33/><E109/><V132/><F75/><W56/><G134/><T96/><REACH who="0" step="1"/><D81/><REACH who="0" ten="240,250,250,250" step="2"/><U32/><E131/><V11/><F132/><W107/><G82/><T63/><D63/><U18/><E62/><V38/><F113/><W61/><G61/><T133/><D133/><U80/><E80/><V68/><F124/><W53/><G70/><T64/><D64/><U99/><E71/><V121/><F66/><W31/><G69/><T114/><D114/><U129/><E129/><V40/><F121/><W72/><G72/><T126/><D126/><U60/><E60/><V78/><F68/><W87/><G73/><T44/><D44/><U67/><E67/><V120/><F120/><W111/><G47/><T85/><D85/><U13/><E57/><V55/><F84/><W83/><G87/><T65/><D65/><U20/><E77/><V128/><F128/><W41/><G56/><T103/><D103/><U10/><REACH who="1" step="1"/><E101/><REACH who="1" ten="240,240,250,250" step="2"/><V34/><F78/><W7/><G83/><T6/><D6/><U86/><E86/><V127/><F79/><W97/><G7/><T100/><D100/><U98/><E98/><V14/><F127/><W115/><G115/><T125/><D125/><U105/><E105/><V35/><F46/><W94/><G111/><T93/><D93/><U76/><E76/><V0/><F38/><W117/><G36/><T43/><D43/><U4/><E4/><RYUUKYOKU ba="0,2" sc="240,15,240,15,250,-15,250,-15" hai0="2,8,12,16,24,25,27,39,42,45,91,92,96" hai1="5,10,13,18,20,26,32,33,50,51,89,95,99" /><INIT seed="0,1,2,0,3,1" ten="255,255,235,235" oya="0" hai0="21,14,53,63,4,46,134,58,52,38,81,2,37" hai1="89,59,108,45,120,67,101,47,44,135,73,9,84" hai2="3,79,132,19,93,88,23,51,57,16,65,117,76" hai3="60,90,129,126,82,8,122,33,98,7,110,18,74"/><T86/><D134/><U116/><E116/><V56/><F3/><W113/><G113/><T115/><D115/><U103/><E73/><V109/><F109/><W6/><G33/><T17/><D2/><U66/><E120/><V97/><F132/><W30/><G30/><T25/><D53/><U94/><E108/><V49/><F117/><W75/><G110/><T0/><D0/><U112/><E135/><V133/><F133/><W124/><G122/><T31/><D46/><U121/><E121/><V118/><F118/><W54/><G129/><T48/><D4/><N who="3" m="1577" /><G8/><T77/><REACH who="0" step="1"/><D63/><REACH who="0" ten="245,255,235,235" step="2"/><N who="1" m="38271" /><E112/><V64/><F65/><W12/><G54/><T40/><D40/><U20/><E67/><V32/><F64/><W15/><G60/><T27/><D27/><U123/><E123/><V78/><F32/><AGARI ba="1,3" hai="14,17,21,25,31,32,37,38,48,52,58,77,81,86" machi="32" ten="30,5800,0" yaku="1,1,7,1,54,1,53,0" doraHai="1" doraHaiUra="87" who="0" fromWho="2" sc="245,91,255,0,235,-61,235,0" /><INIT seed="0,2,0,4,2,91" ten="336,255,174,235" oya="0" hai0="8,106,38,102,83,14,101,90,78,103,85,41,64" hai1="5,24,119,58,128,100,57,45,68,30,15,52,55" hai2="130,70,77,63,110,98,66,12,23,126,6,74,135" hai3="1,87,67,95,86,115,47,16,18,56,82,10,3"/><T116/><D116/><U59/><E119/><V40/><F110/><W122/><G115/><T92/><D64/><U75/><E68/><V65/><F126/><W84/><G122/><T131/><D131/><U124/><E128/><V105/><F130/><W0/><G82/><T25/><D25/><U50/><E75/><V49/><F135/><W43/><G10/><T94/><D41/><U48/><E124/><V111/><F111/><W109/><G109/><T7/><D38/><U29/><E100/><V28/><F66/><W71/><G71/><T118/><D106/><U46/><E24/><V112/><F112/><W97/><G56/><T34/><D34/><U81/><E81/><V11/><F28/><W79/><G79/><T37/><D37/><U31/><E15/><V26/><F74/><W89/><REACH who="3" step="1"/><G67/><REACH who="3" ten="336,255,174,225" step="2"/><T133/><D118/><U113/><E113/><V4/><F77/><W42/><G42/><T73/><REACH who="0" step="1"/><D133/><REACH who="0" ten="326,255,174,225" step="2"/><U108/><E108/><V35/><F40/><W96/><G96/><AGARI ba="2,2" hai="7,8,14,73,78,83,85,90,92,94,96,101,102,103" machi="96" ten="40,12000,1" yaku="1,1,2,1,52,2,53,0" doraHai="91" doraHaiUra="22" who="0" fromWho="3" sc="326,146,255,0,174,0,225,-126" /><INIT seed="0,3,0,1,0,117" ten="472,255,174,99" oya="0" hai0="4,25,121,9,3,19,73,59,10,27,58,89,60" hai1="96,44,41,37,28,92,131,106,30,94,84,40,90" hai2="98,39,75,82,36,128,107,43,11,133,134,64,83" hai3="57,87,67,65,97,35,0,126,114,122,78,127,45"/><T62/><D121/><U38/><E106/><V80/><F75/><W135/><G114/><T123/><D123/><U112/><E112/><V102/><F128/><W109/><G122/><T16/><D73/><U22/><E131/><V61/><F11/><W12/><G0/><T77/><D77/><U113/><E113/><V20/><F20/><W115/><G35/><T86/><D10/><U32/><E32/><V81/><N who="2" m="20480" /><DORA hai="50" /><V95/><F107/><W6/><G87/><T79/><D79/><U103/><REACH who="1" step="1"/><E22/><REACH who="1" ten="472,245,174,99" step="2"/><V26/><F133/><W29/><G135/><T1/><D1/><U14/><E14/><V129/><F134/><W125/><G12/><T21/><D3/><U5/><E5/><V118/><F129/><W15/><G15/><T54/><D4/><U76/><E76/><V42/><F118/><W105/><G78/><T108/><D9/><U72/><E72/><V33/><F33/><W55/><G6/><T63/><D21/><U119/><E119/><V34/><F34/><W23/><G115/><T88/><D27/><U101/><E101/><V71/><REACH who="2" step="1"/><F26/><REACH who="2" ten="472,245,164,99" step="2"/><W110/><G23/><T93/><D25/><U100/><E100/><V24/><F24/><W17/><G105/><T111/><D108/><U18/><E18/><V74/><F74/><W132/><G17/><T124/><D111/><U48/><E48/><V51/><F51/><N who="3" m="29167" /><G132/><T8/><D19/><U91/><E91/><V47/><F47/><AGARI ba="3,2" hai="28,30,37,38,40,41,44,47,84,90,92,94,96,103" machi="47" ten="40,8000,1" yaku="1,1,9,1,53,2" doraHai="117,50" doraHaiUra="13,68" who="1" fromWho="2" sc="472,0,245,109,164,-89,99,0" /><INIT seed="1,0,0,4,0,52" ten="472,354,75,99" oya="1" hai0="90,13,104,36,60,57,1,70,108,69,3,103,121" hai1="80,105,29,55,71,12,17,134,128,117,92,86,129" hai2="15,112,106,131,78,98,133,24,82,115,127,30,83" hai3="88,87,45,119,66,102,85,77,11,67,74,111,41"/><U132/><E105/><V50/><F127/><W7/><G111/><T16/><D36/><U20/><E71/><V73/><F131/><N who="1" m="50249" /><E92/><V72/><F133/><N who="1" m="51305" /><E55/><V113/><F15/><W39/><G87/><T32/><D32/><U48/><E48/><V63/><F50/><W46/><G46/><T126/><D103/><U23/><E86/><N who="2" m="48471" /><F63/><W40/><G40/><T125/><D104/><U2/><E80/><V65/><F65/><W18/><G119/><T33/><D60/><U76/><E76/><N who="2" m="44423" /><F73/><W97/><G74/><T34/><D70/><U84/><E84/><V8/><F106/><W35/><G77/><T37/><D57/><U26/><E2/><V38/><F98/><W94/><G97/><T21/><D3/><U116/><AGARI ba="0,0" hai="12,17,20,23,26,29,116,117" m="51305,50249" machi="116" ten="40,12000,1" yaku="19,1,20,1,34,2" doraHai="52" who="1" fromWho="1" sc="472,-40,354,120,75,-40,99,-40" /><INIT seed="1,1,0,3,1,62" ten="432,474,35,59" oya="1" hai0="87,47,105,124,99,43,135,48,20,33,5,41,11" hai1="2,75,65,104,69,103,96,83,110,76,131,49,45" hai2="61,15,1,117,114,54,24,18,0,86,118,88,109" hai3="130,106,4,53,34,111,74,102,19,120,32,70,127"/><U81/><E131/><V89/><F109/><W84/><G84/><T7/><D33/><U66/><E2/><V90/><F114/><W71/><G19/><T67/><D124/><U51/><E110/><V108/><F108/><W80/><G53/><T68/><D135/><U82/><E49/><V50/><F24/><W73/><G80/><T25/><D87/><U98/><E98/><V112/><F112/><W29/><G4/><T56/><D68/><U39/><E39/><V63/><F86/><W72/><G111/><T78/><D78/><U122/><E122/><V113/><F113/><W132/><G120/><T125/><D125/><U9/><E9/><V92/><F92/><W85/><G85/><T30/><D41/><U128/><E128/><V14/><F50/><W58/><G58/><T60/><REACH who="0" step="1"/><D11/><REACH who="0" ten="422,474,35,59" step="2"/><U46/><E69/><V94/><F117/><W21/><G70/><T31/><D31/><U6/><E76/><V107/><F118/><W123/><G71/><T91/><D91/><U3/><E75/><V38/><F89/><W13/><G132/><T52/><D52/><U129/><E129/><V93/><F54/><W115/><G130/><T35/><D35/><U42/><E46/><V77/><F77/><W37/><G115/><T12/><D12/><U119/><E119/><V59/><F14/><W126/><G127/><T44/><D44/><U36/><E36/><V10/><F38/><W79/><G126/><T17/><D17/><U116/><E116/><V26/><F18/><N who="3" m="10447" /><G37/><T101/><AGARI ba="1,1" hai="5,7,20,25,30,43,47,48,56,60,67,99,101,105" machi="101" ten="30,4000,0" yaku="1,1,0,1,52,1,53,0" doraHai="62" doraHaiUra="28" who="0" fromWho="0" sc="422,53,474,-21,35,-11,59,-11" /><INIT seed="2,0,0,1,1,107" ten="475,453,24,48" oya="2" hai0="103,82,9,39,40,58,44,45,69,104,91,84,83" hai1="4,22,32,8,97,7,59,77,120,105,21,24,87" hai2="109,26,62,12,54,75,28,37,30,15,72,113,119" hai3="47,101,117,51,110,66,46,61,127,132,121,36,68"/><V10/><F113/><W50/><G101/><T78/><D69/><U60/><E120/><V2/><F119/><W74/><G74/><T52/><D44/><U34/><E105/><V27/><F37/><W93/><G93/><T18/><D104/><U88/><E77/><V125/><F62/><W67/><G121/><T53/><D103/><U43/><E43/><V98/><F54/><W123/><G123/><T57/><D57/><U95/><E87/><V17/><F125/><W116/><G127/><T106/><D106/><U130/><E130/><V122/><F122/><W14/><G14/><T94/><D82/><U131/><E131/><V79/><F109/><W128/><G128/><T33/><D33/><U13/><E7/><V90/><F2/><W133/><G61/><T20/><D9/><U6/><E6/><V92/><F15/><W134/><G68/><T135/><D135/><U63/><E63/><V11/><F10/><W108/><G133/><T81/><D81/><U85/><E85/><V42/><F42/><W16/><G16/><T49/><D53/><N who="1" m="33903" /><E21/><V48/><F48/><W124/><G124/><T80/><REACH who="0" step="1"/><D78/><REACH who="0" ten="465,453,24,48" step="2"/><U112/><E112/><V76/><F79/><W73/><G134/><T38/><D38/><U35/><E35/><N who="2" m="20887" /><F76/><W0/><G132/><T102/><D102/><U56/><E56/><V3/><F3/><W118/><G0/><T86/><D86/><U25/><E25/><AGARI ba="0,1" hai="18,20,25,39,40,45,49,52,58,80,83,84,91,94" machi="25" ten="30,3900,0" yaku="1,1,7,1,54,1,53,0" doraHai="107" doraHaiUra="126" who="0" fromWho="1" sc="465,49,453,-39,24,0,48,0" /><INIT seed="3,0,0,3,1,93" ten="514,414,24,48" oya="3" hai0="59,107,114,27,24,109,111,79,18,118,54,127,43" hai1="10,83,35,96,36,120,0,20,110,61,72,38,46" hai2="100,9,47,63,85,70,90,7,16,37,41,56,25" hai3="121,108,116,77,115,133,126,34,14,31,52,15,128"/><W65/><G65/><T42/><D118/><U106/><E20/><V44/><F70/><W81/><G116/><T135/><D127/><U29/><E120/><V105/><F47/><W60/><G121/><T67/><D67/><U62/><E110/><N who="0" m="41993" /><D135/><U94/><E61/><V45/><F44/><W11/><G34/><T64/><D64/><U73/><E62/><V104/><F25/><N who="0" m="9802" /><D114/><U22/><E22/><V6/><F6/><W84/><G108/><T40/><D107/><U19/><E106/><V68/><F68/><W123/><G115/><T103/><D103/><U122/><E122/><V117/><F100/><W75/><G123/><T13/><D79/><U134/><E134/><V78/><F78/><W51/><G133/><T92/><D92/><U88/><E29/><V53/><F117/><W131/><G31/><T130/><D130/><N who="3" m="49705" /><G126/><T32/><D32/><U129/><E35/><V30/><F30/><W76/><G60/><N who="0" m="35959" /><D43/><U8/><E129/><V125/><F125/><W66/><G66/><T71/><D71/><U102/><E102/><V86/><F85/><W119/><G119/><T112/><D112/><U87/><E46/><V58/><F56/><N who="3" m="32799" /><G11/><AGARI ba="0,0" hai="11,13,18,40,42" m="35959,9802,41993" machi="11" ten="30,1000,0" yaku="14,1" doraHai="93" who="0" fromWho="3" sc="514,10,414,0,24,0,48,-10" owari="524,62.4,414,21.4,24,-47.6,38,-36.2" /></mjloggm>