<mjloggm ver="2.3"><GO type="225" lobby="0"/><UN n0="%72%69%6F%75%63%68%61%6E" n1="%E3%83%97%E3%83%92" n2="%E6%A0%B9%E5%85%83%E3%81%8B%E3%82%89%E5%90%B9%E3%81%A3%E9%A3%9B%E3%81%B6" n3="%E3%81%BF%E3%81%BF%E3%81%9A" dan="16,16,17,16" rate="2162.11,2162.98,2162.37,2142.93" sx="M,M,F,M"/><TAIKYOKU oya="0"/><INIT seed="0,0,0,4,1,77" ten="250,250,250,250" oya="0" hai0="130,110,8,47,90,108,38,18,60,24,2,96,51" hai1="94,48,114,121,39,19,131,83,84,123,89,17,62" hai2="5,0,95,35,92,27,41,118,29,44,117,31,109" hai3="30,120,102,69,97,106,80,101,129,135,15,127,53"/><T67/><D130/><U125/><E131/><V34/><F109/><N who="0" m="42090" /><D38/><U79/><E39/><V28/><F5/><W132/><G129/><T46/><D51/><U66/><E125/><V52/><F0/><W134/><G127/><T91/><D24/><U6/><E114/><V54/><F27/><W73/><G120/><T37/><D37/><U105/><E105/><V87/><F41/><W81/><G73/><T9/><D18/><U14/><E48/><V49/><F87/><W25/><G69/><T55/><D55/><N who="2" m="21034" /><F44/><N who="0" m="16938" /><D96/><U113/><E113/><V93/><F49/><W115/><G115/><T36/><D36/><U74/><E6/><V10/><F10/><N who="0" m="4202" /><D2/><U111/><E111/><V26/><F26/><W75/><G75/><T124/><D124/><U85/><E74/><V68/><F68/><AGARI ba="0,0" hai="60,67,68,90,91" m="4202,16938,42090" machi="68" ten="30,2900,0" yaku="14,1,10,1" doraHai="77" who="0" fromWho="2" sc="250,29,250,0,250,-29,250,0" /><INIT seed="0,1,0,5,0,116" ten="279,250,221,250" oya="0" hai0="47,62,123,75,129,85,98,9,18,32,110,105,7" hai1="108,127,112,133,86,100,57,89,44,81,111,79,28" hai2="29,37,135,46,101,115,56,34,1,121,67,64,4" hai3="73,16,70,6,96,87,132,38,61,119,11,48,31"/><T20/><D123/><U113/><E28/><V5/><F121/><W41/><G73/><T17/><D75/><U72/><E44/><V88/><F115/><N who="1" m="44105" /><E57/><V3/><F101/><W40/><G119/><T114/><D129/><U13/><E13/><V107/><F107/><W51/><G31/><T65/><D114/><U22/><E22/><V24/><F135/><W128/><G128/><T83/><D32/><U134/><E100/><V69/><F69/><W33/><G33/><T78/><D110/><N who="1" m="42027" /><E127/><V12/><F12/><W2/><G132/><N who="1" m="50794" /><E72/><V30/><F34/><W94/><G38/><T55/><D20/><U76/><AGARI ba="1,0" hai="76,79,81,86,89" m="50794,42027,44105" machi="76" ten="40,8000,1" yaku="11,1,14,1,20,1,34,2" doraHai="116" who="1" fromWho="1" sc="279,-41,250,83,221,-21,250,-21" /><INIT seed="1,0,0,1,5,67" ten="238,333,200,229" oya="1" hai0="106,70,38,117,132,47,73,49,75,92,34,126,84" hai1="33,25,113,40,4,68,18,102,103,58,24,26,55" hai2="77,82,5,105,57,96,120,131,91,20,134,60,89" hai3="42,19,94,44,9,130,23,63,21,125,72,100,112"/><U31/><E113/><V118/><F118/><W41/><G112/><T104/><D117/><U37/><E4/><V121/><F5/><W1/><G72/><T109/><D34/><U59/><E68/><V15/><F15/><N who="3" m="7663" /><G1/><T17/><D38/><U7/><E7/><V2/><F2/><W30/><G125/><T3/><D3/><U36/><E58/><V48/><F20/><W50/><G130/><T76/><D70/><U11/><E25/><V46/><F134/><W51/><G63/><T108/><D132/><U13/><E24/><V66/><F131/><W64/><G64/><T135/><D126/><U87/><E87/><V114/><F114/><W16/><G30/><T61/><D135/><U129/><E129/><V133/><F133/><W79/><G79/><T80/><D73/><U22/><E33/><V116/><F116/><W123/><G23/><T35/><D106/><U115/><E115/><V45/><F45/><N who="3" m="25903" /><G123/><T43/><D104/><U53/><E53/><V86/><F121/><W127/><G127/><T8/><D35/><U0/><E0/><V107/><F120/><W101/><G94/><T122/><D75/><U29/><E31/><V62/><F62/><W83/><G83/><T124/><D122/><U97/><E40/><N who="2" m="24647" /><F107/><W69/><G69/><T6/><D124/><U98/><E37/><V14/><F14/><AGARI ba="0,0" hai="14,16,21,42,44,51,100,101" m="25903,7663" machi="14" ten="30,2000,0" yaku="8,1,54,1" doraHai="67" who="3" fromWho="2" sc="238,0,333,0,200,-20,229,20" /><INIT seed="2,0,0,5,0,111" ten="238,333,180,249" oya="2" hai0="3,128,42,134,55,37,73,87,129,115,10,11,19" hai1="110,90,36,119,31,108,58,32,132,49,14,116,51" hai2="112,27,126,76,22,45,75,98,26,46,105,6,77" hai3="53,71,13,72,50,62,56,70,135,97,44,40,38"/><V8/><F126/><W78/><G135/><T52/><D115/><U5/><E132/><V84/><F75/><W133/><G133/><T0/><D73/><U107/><E36/><V91/><F105/><W114/><G114/><T96/><D134/><U80/><E107/><V63/><F63/><W20/><G97/><T28/><D28/><U113/><E31/><V122/><F122/><W123/><G123/><T21/><D96/><U64/><E32/><V68/><F68/><W17/><G78/><N who="2" m="30313" /><F112/><W120/><G72/><T130/><D87/><N who="1" m="50535" /><E113/><V47/><F98/><W60/><G120/><T35/><D35/><U39/><E39/><V29/><F27/><W99/><G99/><T92/><D92/><U95/><E116/><V48/><F8/><N who="0" m="3114" /><D42/><U33/><E33/><V9/><F9/><W15/><G62/><T7/><D37/><U57/><E119/><V74/><F74/><W67/><G71/><T54/><D7/><U103/><E5/><V41/><F6/><W23/><G23/><T88/><D88/><U16/><E110/><V30/><F30/><W69/><G70/><T2/><D21/><N who="1" m="11415" /><E108/><V12/><F12/><AGARI ba="0,0" hai="12,13,15,17,20,38,40,44,50,53,56,60,67,69" machi="12" ten="30,3900,0" yaku="7,1,24,2" doraHai="111" who="3" fromWho="2" sc="238,0,333,0,180,-39,249,39" /><INIT seed="3,0,0,1,4,113" ten="238,333,141,288" oya="3" hai0="125,81,40,48,28,8,60,126,92,1,93,86,49" hai1="0,61,73,85,72,58,112,110,52,70,42,83,23" hai2="131,118,24,124,7,98,32,53,56,84,62,65,90" hai3="12,5,50,122,31,111,30,77,99,79,33,35,6"/><W63/><G122/><T91/><D28/><U76/><E112/><V107/><F131/><W4/><G63/><T36/><D36/><U128/><E128/><V37/><F124/><N who="0" m="47722" /><D60/><U100/><E0/><V123/><F123/><W20/><G50/><N who="0" m="19563" /><D40/><U116/><E100/><V89/><F7/><AGARI ba="0,0" hai="1,7,8,81,86,91,92,93" m="19563,47722" machi="7" ten="30,1000,0" yaku="18,1" doraHai="113" who="0" fromWho="2" sc="238,10,333,0,141,-10,288,0" owari="248,-15.2,333,43.3,131,-36.9,288,8.8" /></mjloggm>