<mjloggm ver="2.3"><GO type="225" lobby="0"/><UN n0="%E3%82%A2%E3%83%BC%E3%83%A2%E3%83%AD%E3%83%BC%E3%83%B4%E3%82%A1" n1="%E5%BA%97%E9%95%B7%4D" n2="%E3%81%B5%E3%81%98%E3%81%8B%E3%81%A4" n3="%48%61%61%61%6C%61%6E%64" dan="16,16,16,18" rate="2088.20,2118.96,2165.38,2187.47" sx="M,M,M,M"/><TAIKYOKU oya="0"/><INIT seed="0,0,0,3,0,50" ten="250,250,250,250" oya="0" hai0="62,52,102,108,5,78,4,31,112,92,2,34,84" hai1="26,14,39,107,118,134,65,30,23,119,129,95,83" hai2="64,16,12,61,89,128,40,38,110,46,88,32,19" hai3="35,86,60,36,104,66,68,133,6,113,79,116,29"/><T117/><D112/><U115/><E107/><V0/><F0/><W123/><G113/><T70/><D117/><U114/><E39/><V27/><F128/><W57/><G116/><T9/><D70/><U77/><E115/><V74/><F74/><W44/><G6/><N who="0" m="2667" /><D34/><U18/><E114/><V22/><F110/><W45/><G123/><T73/><D73/><U91/><E65/><V17/><F32/><W105/><G133/><T24/><D2/><U126/><E126/><V96/><F96/><W131/><G131/><T10/><D108/><U1/><E1/><V103/><F103/><W41/><G44/><T81/><D24/><U8/><E134/><V71/><REACH who="2" step="1"/><F19/><REACH who="2" ten="250,250,240,250" step="2"/><W47/><G35/><T42/><D31/><U37/><E129/><V90/><F90/><W13/><G29/><T11/><D42/><U51/><E37/><V87/><F87/><W82/><G41/><T76/><D76/><U63/><E63/><V54/><F54/><W55/><G36/><T33/><D33/><U56/><E118/><V21/><AGARI ba="0,1" hai="12,16,17,21,22,27,38,40,46,61,64,71,88,89" machi="21" ten="20,8000,1" yaku="1,1,0,1,7,1,54,2,53,0" doraHai="50" doraHaiUra="48" who="2" fromWho="2" sc="250,-40,250,-20,240,90,250,-20" /><INIT seed="1,0,0,4,3,108" ten="210,230,330,230" oya="1" hai0="89,105,63,72,46,62,67,128,70,91,127,3,44" hai1="59,92,118,94,77,78,47,42,119,117,20,97,121" hai2="79,57,113,7,131,101,33,100,55,23,134,21,58" hai3="111,54,86,76,15,45,68,29,115,1,93,24,73"/><U51/><E121/><V129/><F33/><W66/><G1/><T65/><D3/><U114/><E114/><V85/><F113/><W38/><G115/><T132/><D72/><U4/><E4/><V5/><F79/><W50/><G111/><T13/><D105/><U18/><E59/><V109/><F85/><W98/><G15/><T22/><D128/><N who="2" m="49226" /><F58/><W12/><G86/><T53/><D132/><U10/><E10/><V64/><F64/><W71/><G66/><T41/><D127/><U60/><E60/><V28/><F134/><W123/><G123/><T11/><D22/><N who="2" m="8202" /><F28/><W81/><G71/><T52/><D70/><U126/><E94/><V116/><F116/><W112/><G68/><T104/><D104/><U49/><E49/><N who="2" m="30959" /><F109/><W80/><G112/><T110/><D110/><U106/><E106/><V96/><F101/><W125/><G125/><T19/><D41/><U75/><E75/><V103/><F100/><W16/><G38/><T107/><D107/><AGARI ba="0,0" hai="5,7,96,103,107" m="30959,8202,49226" machi="107" ten="30,1000,0" yaku="19,1" doraHai="108" who="2" fromWho="0" sc="210,-10,230,0,330,10,230,0" /><INIT seed="2,0,0,3,2,6" ten="200,230,340,230" oya="2" hai0="41,15,28,43,104,24,45,8,35,83,133,130,87" hai1="27,135,84,51,47,32,128,68,61,95,42,62,23" hai2="50,103,57,111,29,123,20,119,65,79,58,9,64" hai3="63,127,52,107,120,105,31,131,106,88,11,39,80"/><V37/><F123/><W114/><G120/><T26/><D133/><U60/><E32/><V30/><F119/><W34/><G39/><T67/><D130/><U132/><E128/><V116/><F37/><W89/><G131/><T55/><D104/><U126/><E126/><V74/><F79/><W81/><G127/><T7/><D67/><U36/><E68/><V54/><F74/><W4/><G114/><T115/><D115/><U122/><E122/><V49/><F103/><W82/><G31/><T22/><D55/><U38/><E95/><V110/><F116/><W102/><G34/><T86/><D45/><U121/><E84/><V70/><F20/><W78/><G102/><T98/><D98/><U19/><E121/><V101/><F101/><W10/><G78/><T112/><D112/><U5/><REACH who="1" step="1"/><E5/><REACH who="1" ten="200,220,340,230" step="2"/><V3/><F70/><W76/><G76/><T134/><D134/><AGARI ba="0,1" hai="19,23,27,36,38,42,47,51,60,61,62,132,134,135" machi="134" ten="40,8000,1" yaku="1,1,2,1,20,1,53,1" doraHai="6" doraHaiUra="12" who="1" fromWho="0" sc="200,-80,220,90,340,0,230,0" /><INIT seed="3,0,0,2,3,63" ten="120,310,340,230" oya="3" hai0="43,56,125,15,22,117,75,29,79,97,87,119,122" hai1="132,98,10,100,32,36,2,128,59,54,1,102,55" hai2="135,20,103,123,35,68,109,85,90,39,25,101,70" hai3="33,26,107,94,104,127,13,48,93,40,118,129,111"/><W27/><G118/><T46/><D125/><U52/><E32/><V130/><F109/><W69/><G127/><T42/><D122/><U6/><E128/><V124/><F39/><W5/><G129/><T89/><D75/><U4/><E36/><V14/><F124/><W83/><G69/><T74/><D74/><U47/><E47/><V8/><F35/><W67/><G67/><T7/><D117/><U131/><E131/><V82/><F135/><W84/><G107/><T16/><D119/><U18/><E18/><N who="2" m="8519" /><F130/><W133/><G104/><T60/><D29/><U73/><E73/><V51/><F70/><W96/><G111/><T28/><D28/><U44/><E44/><V91/><F68/><W64/><G64/><T86/><D7/><N who="1" m="2603" /><E98/><V121/><F51/><W23/><G33/><T3/><D3/><N who="1" m="1035" /><E59/><V76/><F121/><W71/><G71/><T108/><D108/><U92/><E92/><N who="3" m="35434" /><G96/><T99/><D79/><U0/><E10/><V37/><F37/><W50/><G133/><T21/><D21/><U78/><E78/><V95/><F123/><W120/><G120/><T110/><D110/><U9/><E9/><V134/><F134/><W114/><G23/><T80/><D86/><U81/><E0/><V61/><F61/><W11/><G84/><T31/><D31/><U126/><E132/><V66/><F66/><W49/><G5/><T57/><D57/><U72/><E126/><V88/><F95/><W77/><G77/><T34/><D34/><U53/><N who="1" m="13312" /><DORA hai="45" /><U116/><E116/><V19/><AGARI ba="0,0" hai="19,20,25,76,82,85,88,90,91,101,103" m="8519" machi="19" ten="30,2000,0" yaku="8,1,54,1" doraHai="63,45" who="2" fromWho="2" sc="120,-5,310,-5,340,20,230,-10" owari="115,-38.5,305,10.5,360,46.0,220,-18.0" /></mjloggm>