<mjloggm ver="2.3"><GO type="225" lobby="0"/><UN n0="%4E%6F%2E%30%30%30%31" n1="%6D%69%6B%75%36%31%38" n2="%E8%A8%88%E7%AE%97%E6%A9%9F%E8%87%AA%E7%84%B6" n3="%43%68%65" dan="18,16,17,16" rate="2215.98,2062.51,2184.87,2131.06" sx="M,M,M,M"/><TAIKYOKU oya="0"/><INIT seed="0,0,0,5,3,21" ten="250,250,250,250" oya="0" hai0="128,58,79,31,61,89,101,99,42,20,72,118,97" hai1="92,33,93,0,5,104,48,28,35,103,23,95,43" hai2="71,76,133,60,41,131,127,69,91,59,62,108,111" hai3="6,27,14,16,126,113,47,87,54,112,63,18,129"/><T46/><D118/><U124/><E124/><V24/><F76/><W83/><G126/><T1/><D1/><U105/><E23/><V37/><F127/><W66/><G129/><T110/><D128/><U74/><E74/><V39/><F131/><W85/><G85/><T82/><D110/><N who="2" m="42026" /><F91/><W70/><G6/><T78/><D78/><U51/><E5/><V32/><F133/><W106/><G106/><T116/><D89/><U17/><E17/><V12/><F12/><W125/><G125/><T10/><D10/><U81/><E81/><V107/><F107/><W109/><G109/><T53/><D116/><U73/><E73/><V80/><F80/><W114/><G27/><T132/><D101/><U22/><E0/><V13/><F13/><W84/><G83/><T102/><D102/><U9/><E105/><V3/><F3/><W38/><G18/><T68/><D68/><N who="2" m="26186" /><F41/><W98/><G98/><T34/><D132/><U122/><E43/><V25/><F32/><N who="1" m="12361" /><E104/><V115/><F115/><W65/><G113/><T44/><D34/><U94/><E103/><V26/><F60/><W67/><G63/><T29/><D42/><U52/><E95/><V86/><F86/><W135/><G135/><T90/><D90/><U50/><E94/><V15/><F15/><W11/><G114/><T40/><D40/><U75/><E75/><V88/><F88/><W96/><G96/><N who="0" m="36939" /><D20/><U121/><E22/><V8/><F8/><W45/><G112/><T49/><D61/><U117/><E117/><V130/><F130/><W19/><G87/><T119/><D119/><U4/><E9/><RYUUKYOKU ba="0,0" sc="250,15,250,-15,250,15,250,-15" hai0="29,31,44,46,49,53,58,72,79,82" hai2="24,25,26,37,39,59,62" /><INIT seed="0,1,0,3,3,11" ten="265,235,265,235" oya="0" hai0="63,75,102,101,76,3,9,1,18,46,33,127,15" hai1="112,2,100,79,116,117,62,122,45,132,66,41,109" hai2="65,124,114,23,80,21,5,92,97,113,119,20,25" hai3="95,91,121,111,52,128,13,27,43,120,115,84,99"/><T71/><D127/><U89/><E122/><N who="3" m="47210" /><G115/><T19/><D33/><U54/><E2/><V59/><F124/><W28/><G111/><T36/><D71/><U17/><E109/><V86/><F119/><W94/><G43/><N who="0" m="22887" /><D1/><U96/><E112/><V78/><F5/><W131/><G52/><T57/><D19/><U72/><E132/><V87/><F87/><W51/><G51/><T125/><D57/><U7/><E89/><V90/><F114/><W126/><G126/><T81/><D63/><U22/><E7/><V12/><F113/><W64/><G64/><T47/><D47/><U39/><E54/><V135/><F135/><W61/><G61/><T55/><D55/><U32/><E32/><V68/><F68/><W85/><G13/><T58/><D58/><N who="1" m="37207" /><E117/><V129/><F59/><W73/><G73/><T60/><D60/><U4/><E116/><V108/><F65/><W83/><G27/><T26/><D26/><N who="1" m="14671" /><E72/><V77/><F25/><W70/><G28/><T105/><D105/><U130/><E39/><V74/><F74/><W69/><G69/><T48/><D48/><U24/><E24/><V35/><F35/><W133/><G70/><T82/><D125/><U93/><E45/><V14/><F108/><W38/><G38/><T16/><D3/><U106/><E106/><V8/><F12/><W88/><G133/><T56/><D56/><U50/><E50/><V104/><F129/><W67/><G67/><T118/><D118/><U42/><E130/><V29/><F29/><W30/><G30/><T44/><D44/><U37/><E37/><V98/><F14/><RYUUKYOKU ba="1,0" sc="265,-10,235,-10,265,-10,235,30" hai3="83,84,85,88,91,94,95,99,128,131" /><INIT seed="1,2,0,1,3,17" ten="255,225,255,265" oya="1" hai0="12,114,21,30,127,112,85,23,60,43,80,47,31" hai1="132,117,39,84,15,48,56,28,115,75,83,86,107" hai2="64,35,105,13,81,34,98,42,63,103,58,70,69" hai3="32,118,6,52,97,10,3,46,79,120,134,7,74"/><U11/><E117/><V40/><F81/><W1/><G120/><T121/><D121/><U20/><E115/><V41/><REACH who="2" step="1"/><F13/><REACH who="2" ten="255,225,245,265" step="2"/><W130/><G3/><T14/><D114/><U37/><E83/><V109/><F109/><W26/><G1/><T73/><D112/><U68/><E15/><V57/><F57/><W99/><G118/><T78/><D12/><U25/><E56/><V4/><F4/><W19/><G7/><T29/><D14/><U59/><E59/><V50/><F50/><W135/><G6/><T111/><D111/><U62/><E48/><V72/><F72/><W45/><G74/><T61/><D73/><U67/><E75/><V94/><F94/><W5/><G5/><T96/><D127/><U125/><E125/><V95/><F95/><W90/><G134/><T92/><D61/><U122/><E132/><V33/><AGARI ba="2,1" hai="33,34,35,40,41,42,58,63,64,69,70,98,103,105" machi="33" ten="40,8000,1" yaku="1,1,0,1,53,3" doraHai="17" doraHaiUra="36" who="2" fromWho="2" sc="255,-22,225,-42,245,96,265,-22" /><INIT seed="2,0,0,2,3,24" ten="233,183,341,243" oya="2" hai0="69,74,70,1,115,55,108,99,75,57,93,132,26" hai1="34,94,122,2,52,107,17,58,87,96,118,92,60" hai2="126,32,25,135,81,114,27,42,12,35,123,100,28" hai3="105,125,21,31,109,97,128,23,33,88,47,49,121"/><V71/><F71/><W111/><G121/><T53/><D115/><U65/><E118/><V59/><F100/><W48/><G128/><T130/><D1/><U45/><E2/><V0/><F42/><W18/><G125/><T11/><D130/><U103/><E122/><V7/><F59/><W120/><G120/><T68/><D108/><U84/><E34/><V3/><F81/><W9/><G105/><T116/><D132/><U124/><E124/><V131/><F25/><N who="3" m="18671" /><G9/><T56/><D11/><U13/><E107/><V133/><F114/><W129/><G129/><T117/><D26/><U80/><E94/><V14/><F123/><W67/><G67/><T54/><D99/><U134/><E134/><V6/><F27/><W50/><G47/><T8/><D8/><N who="1" m="6311" /><E80/><V10/><F10/><W72/><G18/><T39/><D39/><U64/><E64/><V86/><F131/><W73/><G73/><N who="0" m="27659" /><D93/><U62/><E62/><V63/><F126/><W46/><G72/><T19/><D19/><U82/><E82/><V38/><F32/><W85/><G97/><T95/><D95/><U66/><E66/><V40/><F35/><W106/><G106/><T51/><D51/><AGARI ba="0,0" hai="45,51,52,58,60,65,84,87,92,96,103" m="6311" machi="51" ten="30,2000,0" yaku="8,1,54,1" doraHai="24" who="1" fromWho="0" sc="233,-20,183,20,341,0,243,0" /><INIT seed="3,0,0,3,1,127" ten="213,203,341,243" oya="3" hai0="105,58,101,45,52,60,66,32,88,97,7,70,129" hai1="69,30,77,25,81,119,76,104,1,128,28,107,20" hai2="10,19,89,100,123,130,98,115,94,90,51,102,4" hai3="75,121,67,56,50,61,83,64,33,122,23,93,108"/><W55/><G33/><T92/><D129/><U2/><E69/><V117/><F130/><W29/><G108/><T133/><D133/><U85/><E128/><V40/><F19/><W43/><G43/><T68/><D32/><U13/><E119/><V31/><F31/><W116/><G116/><T91/><D7/><U135/><E135/><V126/><F126/><W63/><G93/><T114/><D114/><U49/><E30/><V34/><F89/><W46/><G83/><T62/><D68/><U37/><E37/><V118/><F100/><W48/><G75/><T12/><D12/><U53/><E77/><V11/><F11/><W14/><G50/><T59/><D70/><U72/><E72/><V9/><F9/><W21/><G21/><T132/><D132/><U86/><E86/><V95/><F115/><W71/><G14/><T41/><D105/><U0/><REACH who="1" step="1"/><E13/><REACH who="1" ten="213,193,341,243" step="2"/><V6/><F117/><W65/><G71/><T120/><D120/><U18/><E18/><V110/><F123/><W74/><G74/><T42/><D42/><U36/><E36/><AGARI ba="0,1" hai="36,41,45,52,58,59,60,62,66,88,91,92,97,101" machi="36" ten="30,3900,0" yaku="7,1,54,2" doraHai="127" who="0" fromWho="1" sc="213,49,193,-39,341,0,243,0" owari="262,6.2,154,-34.6,341,44.1,243,-15.7" /></mjloggm>