<mjloggm ver="2.3"><GO type="225" lobby="0"/><UN n0="%E3%81%BF%E3%81%BF%E3%81%9A" n1="%E5%A4%96%E5%B7%9D%E7%AB%9C%E6%88%90" n2="%E9%B3%B3%E6%9D%B1%E3%81%AE%E3%81%86%E3%81%95%E3%81%8E%E3%81%95%E3%82%93" n3="%72%69%6F%75%63%68%61%6E" dan="16,16,17,16" rate="2189.80,2155.44,2238.75,2125.61" sx="M,M,M,M"/><TAIKYOKU oya="0"/><INIT seed="0,0,0,4,1,46" ten="250,250,250,250" oya="0" hai0="98,32,86,100,114,130,127,116,76,65,43,38,126" hai1="60,23,105,14,7,90,2,70,108,20,44,49,120" hai2="52,83,133,129,89,57,72,132,58,5,0,12,13" hai3="75,29,82,56,24,19,9,53,104,62,106,10,48"/><T63/><D32/><U81/><E120/><V25/><F129/><W37/><G37/><T39/><D114/><U22/><E105/><V107/><F107/><W88/><G106/><N who="0" m="63767" /><D43/><U34/><E34/><V15/><F25/><W47/><G104/><T30/><D30/><U121/><E121/><V1/><F57/><W102/><G102/><T64/><D116/><U109/><E2/><V117/><F117/><W4/><G19/><T6/><D6/><U84/><E60/><V112/><F112/><W42/><G4/><T122/><D122/><U85/><E85/><N who="2" m="50367" /><F72/><W77/><REACH who="3" step="1"/><G88/><REACH who="3" ten="250,250,250,240" step="2"/><T94/><D130/><U99/><E99/><V124/><F5/><W11/><G11/><T21/><D94/><U110/><E7/><V95/><F95/><W36/><G36/><T93/><D38/><U67/><E14/><V17/><F17/><W41/><G41/><T28/><D39/><U111/><E111/><V26/><F26/><W66/><G66/><T55/><D93/><U73/><E67/><V59/><F0/><W91/><G91/><T101/><D101/><U51/><E109/><V78/><F1/><W69/><G69/><N who="0" m="42143" /><D65/><U80/><E70/><V118/><F118/><W31/><G31/><T8/><D8/><U87/><E110/><V45/><F12/><W16/><G16/><T3/><D3/><U92/><E108/><V135/><F13/><W96/><G96/><T131/><D131/><U97/><E97/><V18/><F15/><W134/><G134/><T33/><D28/><U40/><E92/><V27/><F18/><W71/><G71/><T50/><D126/><RYUUKYOKU ba="0,1" sc="250,-10,250,-10,250,-10,240,30" hai3="9,10,24,29,42,47,48,53,56,62,75,77,82" /><INIT seed="1,1,1,0,3,110" ten="240,240,240,270" oya="1" hai0="124,33,130,59,122,14,3,126,39,25,82,102,65" hai1="103,123,95,12,38,15,42,87,1,13,131,16,4" hai2="80,67,20,48,69,121,76,9,88,0,36,75,35" hai3="58,66,74,30,40,27,54,97,44,7,129,21,73"/><U83/><E123/><V105/><F121/><W114/><G114/><T41/><D3/><U99/><E131/><V52/><F35/><W45/><G129/><T135/><D122/><U2/><E38/><V57/><F105/><W51/><G7/><T37/><D130/><U10/><E42/><V79/><F36/><W86/><G86/><T112/><D135/><U119/><E119/><V64/><F69/><W116/><G116/><T63/><D112/><U91/><REACH who="1" step="1"/><E1/><REACH who="1" ten="240,230,240,270" step="2"/><V133/><F0/><W106/><G40/><T50/><D37/><U94/><E94/><V53/><F133/><W43/><G106/><T62/><D39/><U111/><E111/><V24/><F67/><W134/><G134/><T84/><D41/><U11/><AGARI ba="1,2" hai="2,4,10,11,12,13,15,16,83,87,91,95,99,103" machi="11" ten="20,7800,0" yaku="1,1,0,1,7,1,54,1,53,0" doraHai="110" doraHaiUra="22" who="1" fromWho="1" sc="240,-27,230,101,240,-27,270,-27" /><INIT seed="1,2,0,4,0,33" ten="213,331,213,243" oya="1" hai0="102,49,12,65,107,7,46,104,23,6,18,20,129" hai1="48,47,64,96,116,16,131,81,120,74,37,69,128" hai2="79,38,66,10,41,67,34,17,94,54,61,88,134" hai3="87,53,15,125,73,103,89,111,62,52,117,31,106"/><U26/><E116/><V8/><F134/><W3/><G117/><T108/><D108/><U90/><E37/><V44/><F34/><W58/><G111/><T127/><D127/><U51/><E120/><V77/><F54/><W29/><G125/><T50/><D129/><U99/><E64/><V113/><F67/><W42/><G73/><T122/><D122/><U83/><E69/><V124/><F124/><W123/><G123/><T57/><D65/><U70/><E70/><V100/><F100/><W5/><G42/><T114/><D114/><U84/><E96/><V4/><F17/><W40/><G40/><T78/><D78/><N who="1" m="44247" /><E99/><V85/><F8/><N who="3" m="4495" /><G3/><T43/><D102/><U0/><E47/><V118/><F113/><W9/><G106/><T21/><D107/><U130/><E0/><V25/><F25/><W11/><G103/><T76/><D76/><U68/><E68/><V32/><F32/><W60/><G9/><N who="0" m="6415" /><D104/><U126/><E126/><V115/><F115/><W101/><G11/><T75/><D75/><U80/><E80/><V135/><F118/><W98/><G98/><T133/><D133/><U22/><AGARI ba="2,0" hai="16,22,26,48,51,83,84,90,128,130,131" m="44247" machi="22" ten="40,3900,0" yaku="19,1,54,1" doraHai="33" who="1" fromWho="1" sc="213,-15,331,45,213,-15,243,-15" /><INIT seed="1,3,0,2,1,21" ten="198,376,198,228" oya="1" hai0="54,71,113,33,37,84,64,62,20,116,13,123,97" hai1="65,104,90,5,75,48,101,2,120,59,55,134,25" hai2="31,51,115,74,30,89,61,40,4,117,70,7,9" hai3="12,63,50,56,99,131,72,132,119,76,6,14,108"/><U18/><E120/><V39/><F117/><W19/><G108/><T46/><D113/><U121/><E121/><V86/><F39/><W35/><G119/><T92/><D123/><U110/><E75/><V122/><F74/><W129/><G132/><T49/><D33/><U11/><E134/><V107/><F107/><W0/><G35/><T34/><D34/><U60/><E101/><V81/><F115/><W27/><G50/><T127/><D127/><U53/><E104/><V135/><F135/><W79/><G99/><T69/><D116/><U44/><E90/><V28/><F122/><W98/><G98/><T106/><D106/><U102/><E102/><V103/><F103/><W128/><G27/><T24/><D84/><U36/><E36/><V96/><F96/><W10/><G72/><T68/><D13/><U126/><E126/><V85/><F9/><W29/><G29/><T38/><D37/><U82/><E82/><N who="2" m="49335" /><F61/><W8/><REACH who="3" step="1"/><G0/><REACH who="3" ten="198,376,198,218" step="2"/><T57/><D38/><U124/><E110/><V88/><F70/><W32/><G32/><T23/><REACH who="0" step="1"/><D24/><REACH who="0" ten="188,376,198,218" step="2"/><U1/><E1/><V125/><F125/><W42/><G42/><T111/><D111/><U133/><E124/><V22/><F40/><W73/><G73/><T17/><D17/><U100/><E133/><V47/><F86/><W66/><AGARI ba="3,2" hai="6,8,10,12,14,19,56,63,66,76,79,128,129,131" machi="66" ten="30,4000,0" yaku="1,1,0,1,19,1,53,0" doraHai="21" doraHaiUra="41" who="3" fromWho="3" sc="188,-13,376,-23,198,-13,218,69" /><INIT seed="2,0,0,3,1,62" ten="175,353,185,287" oya="2" hai0="27,14,10,8,2,100,26,111,122,53,18,125,88" hai1="83,130,124,123,97,49,44,64,4,89,30,35,117" hai2="82,1,68,55,39,120,102,69,106,25,108,56,66" hai3="91,131,109,78,11,79,86,116,90,58,101,42,15"/><V63/><F120/><W12/><G109/><T96/><D122/><U51/><E51/><V132/><F1/><W19/><G116/><T50/><D111/><U32/><E30/><V38/><F108/><W21/><G131/><T37/><D37/><U126/><E130/><V119/><F119/><W76/><G101/><T75/><D75/><U127/><E117/><V81/><F132/><W65/><G42/><T112/><D125/><U133/><E133/><V16/><F39/><W103/><G103/><T5/><D112/><U60/><E4/><V31/><F38/><W28/><G86/><T54/><D54/><U80/><E97/><N who="2" m="61775" /><F68/><W45/><G45/><T107/><D88/><N who="3" m="33833" /><G28/><T29/><D29/><U71/><E123/><V59/><F16/><N who="3" m="8223" /><G76/><T115/><D115/><U118/><E118/><V22/><F22/><W93/><G93/><T105/><D107/><U121/><E121/><V52/><F82/><N who="1" m="31273" /><E89/><V84/><F81/><W87/><G87/><T113/><D113/><U3/><E3/><V73/><F84/><W41/><G41/><AGARI ba="0,0" hai="32,35,41,44,49,60,64,71,124,126,127" m="31273" machi="41" ten="30,2000,0" yaku="18,1,52,1" doraHai="62" who="1" fromWho="3" sc="175,0,353,20,185,0,287,-20" /><INIT seed="3,0,0,1,0,53" ten="175,373,185,267" oya="3" hai0="21,109,82,32,63,79,126,111,39,31,116,125,119" hai1="33,67,130,75,38,51,122,102,14,29,65,80,2" hai2="59,16,114,127,94,35,134,44,113,103,69,52,121" hai3="56,12,100,55,48,96,133,20,42,23,5,88,99"/><W85/><G133/><T27/><D39/><U131/><E2/><V6/><F69/><W18/><G5/><T8/><D63/><U46/><E38/><V10/><F35/><W61/><G100/><T40/><D40/><U41/><E122/><V120/><F44/><N who="3" m="25623" /><G20/><T76/><D21/><U47/><E47/><V68/><F68/><W26/><G26/><T104/><D104/><U24/><E102/><V98/><F134/><W117/><G117/><N who="0" m="45131" /><D79/><N who="1" m="44159" /><E14/><N who="2" m="7255" /><F127/><N who="0" m="48650" /><D8/><U106/><E106/><V7/><F114/><W64/><G64/><T72/><AGARI ba="0,0" hai="27,31,32,72,76,82,109,111" m="48650,45131" machi="72" ten="40,2700,0" yaku="18,1,23,1" doraHai="53" who="0" fromWho="0" sc="175,27,373,-7,185,-7,267,-13" owari="202,-19.8,366,46.6,178,-32.2,254,5.4" /></mjloggm>