<mjloggm ver="2.3"><GO type="225" lobby="0"/><UN n0="%E6%9D%BE%E6%9C%AC%E5%81%A5%E7%94%B7" n1="%72%69%6F%75%63%68%61%6E" n2="%E6%A1%9C%E8%8A%B1%E9%96%83%E3%80%85" n3="%E6%B2%A1%E7%94%B7" dan="16,17,18,16" rate="2135.67,2265.11,2218.49,2079.10" sx="M,M,M,M"/><TAIKYOKU oya="0"/><INIT seed="0,0,0,2,3,59" ten="250,250,250,250" oya="0" hai0="7,118,79,132,62,119,114,6,11,24,39,122,104" hai1="70,84,19,96,113,133,81,52,28,121,103,123,64" hai2="31,92,76,35,83,128,10,66,94,111,16,72,12" hai3="46,71,120,21,25,131,15,125,54,80,8,4,97"/><T58/><D114/><U93/><E133/><V50/><F111/><W48/><G125/><T108/><D122/><U63/><E113/><V117/><F128/><W14/><G131/><T36/><D132/><U1/><E1/><V41/><F117/><W112/><G112/><T124/><D124/><U89/><E28/><V38/><F38/><W86/><G120/><T99/><D108/><U32/><E32/><V61/><F41/><W107/><G71/><T33/><D79/><U69/><E70/><V53/><F31/><W88/><G15/><T55/><D39/><U116/><E116/><V37/><F37/><W115/><G115/><T34/><D36/><U45/><REACH who="1" step="1"/><E19/><REACH who="1" ten="250,240,250,250" step="2"/><V129/><F35/><W82/><G82/><T134/><D134/><U126/><E126/><V90/><F129/><W30/><REACH who="3" step="1"/><G107/><REACH who="3" ten="250,240,250,240" step="2"/><T98/><D119/><U42/><E42/><V130/><F130/><W27/><G27/><T110/><D118/><U23/><E23/><V2/><F2/><W13/><G13/><T51/><D110/><U60/><E60/><V26/><F26/><W20/><G20/><T56/><D34/><U75/><E75/><V29/><F83/><W102/><G102/><T57/><D104/><U77/><E77/><V78/><F76/><W95/><G95/><T22/><D33/><U44/><E44/><V135/><F94/><W5/><G5/><T73/><D73/><U100/><E100/><V91/><F92/><W49/><G49/><AGARI ba="0,2" hai="45,49,52,63,64,69,81,84,89,93,96,103,121,123" machi="49" ten="40,8000,1" yaku="1,1,52,1,54,1,53,1" doraHai="59" doraHaiUra="43" who="1" fromWho="3" sc="250,0,240,100,250,0,240,-80" /><INIT seed="1,0,0,0,0,24" ten="250,340,250,160" oya="1" hai0="98,42,115,130,117,27,32,12,118,23,119,36,132" hai1="4,52,80,133,54,35,97,129,69,43,79,134,20" hai2="124,122,14,81,1,38,37,49,15,47,59,112,25" hai3="41,135,64,2,70,105,103,123,111,8,120,55,39"/><U116/><E116/><V60/><F122/><W91/><G91/><T51/><D115/><U66/><E35/><V18/><F1/><W0/><G55/><T92/><D132/><N who="1" m="50795" /><E129/><V63/><F112/><W127/><G135/><T102/><D130/><U88/><E4/><V128/><F128/><W44/><G111/><T90/><D36/><U62/><E43/><V57/><F124/><W16/><G127/><T73/><D73/><N who="1" m="43119" /><E20/><N who="2" m="13463" /><F38/><W78/><G78/><T26/><D12/><N who="2" m="4650" /><F81/><W96/><G16/><T46/><D32/><U6/><E6/><V89/><F89/><W17/><G17/><T30/><REACH who="0" step="1"/><D27/><REACH who="0" ten="240,340,250,160" step="2"/><U53/><E53/><N who="2" m="29887" /><F37/><W19/><G123/><T48/><D48/><U126/><E126/><V93/><F93/><AGARI ba="0,1" hai="52,54,62,66,69,88,93,97" m="43119,50795" machi="93" ten="30,5800,0" yaku="20,1,54,2" doraHai="24" who="1" fromWho="2" sc="240,0,340,68,250,-58,160,0" /><INIT seed="1,1,0,5,1,76" ten="240,408,192,160" oya="1" hai0="50,17,54,32,75,59,13,36,66,6,53,26,104" hai1="11,121,56,65,118,87,70,51,4,41,62,129,63" hai2="35,132,14,120,112,103,3,10,49,123,42,0,96" hai3="89,25,21,85,109,124,48,84,44,15,78,133,128"/><U30/><E118/><V131/><F35/><W101/><G109/><T8/><D104/><U7/><E129/><V88/><F131/><W93/><G128/><T105/><D105/><U92/><E121/><V74/><F74/><W79/><G124/><T19/><D75/><U20/><E30/><V64/><F64/><W46/><G133/><T113/><D113/><U83/><E20/><V91/><F132/><W33/><G101/><T72/><D72/><U94/><E4/><V122/><F112/><W9/><G33/><T98/><D36/><U77/><E51/><V127/><F127/><W24/><G21/><T81/><D66/><U45/><E45/><V115/><F49/><W1/><G1/><T116/><D116/><U67/><REACH who="1" step="1"/><E41/><REACH who="1" ten="240,398,192,160" step="2"/><V130/><F130/><W57/><G44/><T60/><D32/><U107/><E107/><N who="2" m="63975" /><F42/><W114/><G46/><T47/><D6/><U52/><E52/><V38/><F115/><W102/><G114/><T97/><D19/><U117/><E117/><V22/><F22/><W95/><G25/><T29/><D26/><U68/><E68/><V37/><F37/><W2/><G24/><T100/><D29/><U135/><E135/><V27/><F38/><W28/><G28/><T80/><D54/><U99/><E99/><V134/><F134/><W125/><G125/><T58/><D98/><U43/><E43/><V108/><F27/><W39/><G39/><T90/><D47/><U12/><AGARI ba="1,1" hai="7,11,12,56,62,63,65,67,70,77,83,87,92,94" machi="12" ten="20,7800,0" yaku="1,1,0,1,7,1,52,1,53,0" doraHai="76" doraHaiUra="111" who="1" fromWho="1" sc="240,-27,398,91,192,-27,160,-27" /><INIT seed="1,2,0,0,2,123" ten="213,489,165,133" oya="1" hai0="66,80,72,23,87,58,60,48,79,109,46,116,91" hai1="115,14,78,11,52,32,47,76,128,49,8,36,40" hai2="38,105,92,88,129,106,132,5,83,33,28,73,64" hai3="134,131,110,7,127,3,94,82,43,62,25,45,119"/><U135/><E115/><V112/><F38/><W20/><G127/><T22/><D116/><U56/><E128/><V68/><F5/><W126/><G126/><T75/><D109/><U97/><E135/><V65/><F129/><W54/><G131/><T102/><D102/><U85/><E32/><V24/><F132/><W30/><G134/><T34/><D34/><U12/><E97/><V98/><F112/><W61/><G119/><T124/><D124/><U118/><E118/><V26/><F26/><W99/><G82/><T4/><D4/><U93/><E12/><V51/><F51/><W59/><G7/><T42/><D75/><U121/><E121/><V84/><F68/><W6/><G6/><T95/><AGARI ba="2,0" hai="22,23,42,46,48,58,60,66,72,79,80,87,91,95" machi="95" ten="20,1500,0" yaku="0,1,7,1" doraHai="123" who="0" fromWho="0" sc="213,21,489,-9,165,-6,133,-6" /><INIT seed="2,0,0,1,4,124" ten="234,480,159,127" oya="2" hai0="112,118,16,123,111,29,25,73,122,45,9,134,62" hai1="64,15,1,47,52,66,88,128,114,92,68,8,44" hai2="121,12,32,61,82,50,110,117,41,84,102,103,19" hai3="58,20,127,67,27,95,14,133,21,35,94,79,5"/><V49/><F117/><W0/><G127/><T71/><D73/><U89/><E128/><V28/><F121/><W135/><G79/><T106/><D112/><U98/><E114/><V43/><F110/><W125/><G125/><T75/><D111/><U24/><E1/><V115/><F115/><W107/><G107/><T54/><D75/><U101/><E24/><V6/><F6/><W36/><G36/><T81/><D118/><U90/><E68/><V3/><F3/><W37/><G37/><T130/><D106/><U46/><REACH who="1" step="1"/><E52/><REACH who="1" ten="234,470,159,127" step="2"/><V77/><F43/><W63/><G0/><T38/><D71/><U119/><E119/><V40/><F41/><W131/><G131/><T18/><D25/><U129/><E129/><V120/><F40/><W70/><G70/><T99/><D130/><U86/><E86/><V113/><F113/><W59/><G59/><T56/><D56/><U80/><E80/><V55/><F55/><W108/><G108/><T83/><D54/><U13/><E13/><V97/><F84/><W104/><G135/><T93/><D83/><U11/><E11/><V39/><F82/><W91/><G133/><T22/><D81/><U65/><E65/><V2/><F12/><W105/><G67/><T60/><D134/><U126/><E126/><V100/><F2/><W48/><G58/><T7/><D9/><U96/><E96/><V31/><F97/><W53/><G14/><T51/><D99/><U23/><E23/><V87/><F87/><W17/><G21/><T33/><D22/><U4/><AGARI ba="0,1" hai="4,8,15,44,46,47,64,66,88,89,90,92,98,101" machi="4" ten="30,7900,0" yaku="1,1,0,1,8,1,54,1,53,0" doraHai="124" doraHaiUra="34" who="1" fromWho="1" sc="234,-20,470,89,159,-39,127,-20" /><INIT seed="3,0,0,2,5,48" ten="214,559,120,107" oya="3" hai0="95,50,69,117,83,28,10,128,64,34,5,84,52" hai1="9,13,129,133,135,92,106,57,55,80,45,67,61" hai2="132,110,122,35,90,40,39,123,18,25,32,101,37" hai3="6,78,63,27,96,23,41,7,87,21,54,75,16"/><W76/><G75/><T125/><D117/><U8/><E106/><V115/><F115/><W60/><G41/><T12/><D128/><U2/><E129/><V126/><F110/><W19/><G96/><T109/><D109/><U107/><E107/><V47/><F101/><W31/><G31/><T20/><D125/><U14/><E80/><V116/><F116/><W97/><G97/><T42/><D34/><N who="2" m="12842" /><F126/><W36/><G36/><T74/><D42/><U71/><E92/><V118/><F118/><W100/><G100/><T102/><D69/><U17/><E2/><V44/><F90/><W113/><G113/><T108/><D108/><U127/><E127/><V77/><F77/><N who="3" m="29803" /><G87/><T99/><D74/><U11/><E45/><N who="2" m="17483" /><F40/><W68/><G68/><T62/><D84/><U1/><E1/><V29/><F29/><W38/><G38/><T4/><D28/><U56/><E71/><V121/><F132/><N who="1" m="50761" /><E17/><V70/><F70/><W103/><G103/><T15/><D99/><U91/><E91/><V82/><F82/><W94/><G94/><T58/><D83/><U81/><E81/><V43/><F43/><W130/><G130/><T93/><D102/><U0/><E0/><V30/><F18/><W105/><G105/><T131/><D131/><U46/><E46/><V119/><F119/><W33/><G33/><AGARI ba="0,0" hai="25,30,33,37,39,121,122,123" m="17483,12842" machi="33" ten="40,1300,0" yaku="13,1" doraHai="48" who="2" fromWho="3" sc="214,0,559,0,120,13,107,-13" owari="214,1.4,559,65.9,133,-26.7,94,-40.6" /></mjloggm>