<mjloggm ver="2.3"><GO type="225" lobby="0"/><UN n0="%74%61%6B%75%61%6B%61" n1="%E3%81%BF%E3%81%BF%E3%81%9A" n2="%E3%81%B5%E3%81%98%E3%81%8B%E3%81%A4" n3="%E3%81%A8%E3%82%93%E3%81%A8%E3%81%93%E3%81%A8%E3%82%93" dan="16,17,16,16" rate="2120.16,2199.80,2194.20,2115.97" sx="M,M,M,F"/><TAIKYOKU oya="0"/><INIT seed="0,0,0,4,2,14" ten="250,250,250,250" oya="0" hai0="4,39,63,48,21,102,62,40,50,1,65,47,38" hai1="44,106,10,133,83,2,98,77,107,127,66,53,100" hai2="58,103,71,11,35,90,125,31,96,25,97,92,132" hai3="9,30,117,128,130,64,33,119,79,76,19,20,126"/><T113/><D113/><U57/><E127/><V82/><F125/><W89/><G64/><T93/><D38/><U24/><E133/><V88/><F71/><W70/><G70/><T81/><D21/><U8/><E106/><V95/><F132/><W99/><G126/><T36/><D36/><U135/><E135/><V124/><F124/><W22/><G33/><T74/><D93/><U94/><E107/><V131/><F131/><N who="3" m="50219" /><G30/><T61/><D102/><U116/><E116/><V41/><F41/><W42/><G42/><T73/><D73/><U120/><E120/><V32/><F58/><W101/><G89/><T134/><D65/><U105/><E105/><V91/><F82/><W23/><G9/><N who="0" m="2191" /><D134/><U37/><E2/><V110/><F110/><W17/><G79/><AGARI ba="0,0" hai="39,40,47,48,50,61,62,63,74,79,81" m="2191" machi="79" ten="30,1500,0" yaku="25,1" doraHai="14" who="0" fromWho="3" sc="250,15,250,0,250,0,250,-15" /><INIT seed="0,1,0,2,5,84" ten="265,250,250,235" oya="0" hai0="63,106,33,67,10,128,93,25,123,135,72,68,94" hai1="5,15,39,18,60,13,19,65,70,88,69,32,61" hai2="74,66,35,62,16,107,12,87,40,2,122,14,75" hai3="82,132,130,6,3,34,116,95,55,103,96,8,117"/><T41/><D123/><U37/><E32/><V89/><F122/><W86/><G34/><T17/><D72/><U71/><E5/><V73/><F2/><W31/><G130/><T109/><D128/><U129/><E129/><V59/><F107/><W48/><G132/><T30/><D135/><U102/><E102/><V45/><F35/><W83/><G31/><T53/><D109/><U27/><E27/><V0/><F0/><W119/><REACH who="3" step="1"/><G86/><REACH who="3" ten="265,250,250,225" step="2"/><T7/><D33/><U134/><E134/><V22/><F74/><W91/><G91/><T1/><D30/><U105/><E88/><V114/><F114/><W127/><G127/><T104/><D104/><U54/><E105/><V42/><F75/><W118/><N who="3" m="29696" /><DORA hai="58" /><W120/><G120/><T64/><D106/><U121/><E121/><V11/><F73/><W79/><G79/><T24/><D93/><U52/><E70/><V36/><F42/><W51/><G51/><T115/><D94/><U97/><REACH who="1" step="1"/><E65/><REACH who="1" ten="265,240,250,225" step="2"/><V26/><REACH who="2" step="1"/><F11/><REACH who="2" ten="265,240,240,225" step="2"/><W110/><G110/><T90/><D10/><U56/><E56/><AGARI ba="1,3" hai="3,6,8,48,55,56,82,83,95,96,103" m="29696" machi="56" ten="70,12000,2" yaku="1,1,53,5" doraHai="84,58" doraHaiUra="112,99" who="3" fromWho="1" sc="265,0,240,-123,240,0,225,153" /><INIT seed="1,0,0,4,1,125" ten="265,117,240,378" oya="1" hai0="31,18,28,51,127,49,119,15,13,122,113,73,96" hai1="55,66,89,63,116,21,39,22,134,71,128,93,75" hai2="91,57,37,81,2,19,35,41,92,58,70,32,97" hai3="114,121,69,65,133,85,120,111,9,64,25,126,27"/><U20/><E116/><V6/><F70/><W48/><G114/><T132/><D119/><U118/><E118/><V80/><F37/><W40/><G126/><T102/><D113/><U45/><E75/><V84/><F41/><W72/><G72/><T38/><D38/><U124/><E124/><V103/><F81/><W95/><G111/><T23/><D73/><U83/><E134/><V98/><F98/><W0/><G133/><T3/><D3/><U86/><E83/><V62/><F58/><W77/><G0/><T54/><D127/><U130/><REACH who="1" step="1"/><E55/><REACH who="1" ten="265,107,240,378" step="2"/><V108/><F108/><W8/><G120/><T34/><D122/><U88/><E88/><V94/><F80/><N who="3" m="47247" /><G121/><T104/><D132/><U7/><E7/><V44/><F6/><W100/><G69/><T1/><D54/><U123/><E123/><V10/><F91/><W17/><G65/><T47/><D102/><U43/><AGARI ba="0,1" hai="20,21,22,39,43,45,63,66,71,86,89,93,128,130" machi="43" ten="30,11700,0" yaku="1,1,0,1,52,2,53,0" doraHai="125" doraHaiUra="131" who="1" fromWho="1" sc="265,-39,107,127,240,-39,378,-39" /><INIT seed="1,1,0,4,0,59" ten="226,234,201,339" oya="1" hai0="94,12,38,65,25,11,58,102,48,123,9,104,75" hai1="53,119,95,62,72,81,39,86,67,117,134,7,106" hai2="109,126,5,115,84,26,93,83,116,55,35,57,23" hai3="46,49,16,96,118,45,135,113,122,3,80,66,44"/><U41/><E106/><V34/><F116/><W8/><G113/><T54/><D123/><U124/><E72/><V70/><F115/><W133/><G122/><T6/><D104/><U52/><E95/><V129/><F70/><W98/><G118/><T114/><D114/><U13/><E124/><V111/><F126/><W56/><G80/><T88/><D75/><U30/><E30/><V61/><F5/><W20/><G8/><T101/><D38/><U32/><E32/><V120/><F120/><W130/><G3/><T21/><D9/><U76/><E134/><N who="3" m="51210" /><G130/><T99/><REACH who="0" step="1"/><D65/><REACH who="0" ten="216,234,201,339" step="2"/><U19/><E119/><V15/><F129/><W33/><G33/><T131/><D131/><U2/><E117/><V24/><F35/><W91/><G91/><T127/><D127/><U71/><E2/><V43/><F34/><W107/><G107/><T50/><D50/><U10/><REACH who="1" step="1"/><E7/><REACH who="1" ten="216,224,201,339" step="2"/><V4/><F4/><W60/><G49/><T69/><D69/><U42/><E42/><V0/><F43/><W28/><G28/><AGARI ba="1,2" hai="6,11,12,21,25,28,48,54,58,88,94,99,101,102" machi="28" ten="30,8000,1" yaku="1,1,7,1,8,1,54,1,53,1" doraHai="59" doraHaiUra="47" who="0" fromWho="3" sc="216,103,224,0,201,0,339,-83" /><INIT seed="2,0,0,5,4,56" ten="319,224,201,256" oya="2" hai0="25,35,24,129,50,47,86,133,128,88,17,130,100" hai1="39,11,10,96,98,38,49,58,78,85,73,91,3" hai2="63,103,60,113,41,7,110,79,69,90,126,112,124" hai3="132,109,0,45,70,89,93,13,131,6,22,83,134"/><V65/><F103/><W102/><G109/><T30/><D133/><U12/><E73/><V8/><F79/><W87/><G131/><T62/><D100/><U105/><E78/><V28/><F110/><W52/><G0/><T43/><D62/><N who="2" m="23594" /><F28/><W1/><G1/><T71/><D71/><U31/><E105/><V111/><F90/><W23/><G70/><T82/><D24/><U26/><E3/><N who="2" m="127" /><F41/><W135/><G6/><T97/><D17/><U46/><E38/><V122/><F122/><W120/><G13/><T9/><D9/><U16/><E39/><V115/><F111/><W51/><G120/><T76/><D97/><AGARI ba="0,0" hai="22,23,45,51,52,83,87,89,93,97,102,132,134,135" machi="97" ten="40,2600,0" yaku="20,1,54,1" doraHai="56" who="3" fromWho="0" sc="319,-26,224,0,201,0,256,26" /><INIT seed="3,0,0,3,0,37" ten="293,224,201,282" oya="3" hai0="55,92,104,85,80,86,126,128,35,135,78,25,72" hai1="7,129,4,79,11,111,51,63,46,124,42,33,56" hai2="112,44,101,54,119,107,89,106,81,62,102,34,76" hai3="10,77,17,26,113,36,29,74,3,50,118,48,88"/><W96/><G113/><T0/><D0/><U14/><E111/><V39/><F119/><W53/><G36/><T30/><D104/><U12/><E124/><V83/><F112/><W58/><G118/><T100/><D126/><U23/><E129/><V43/><F34/><W134/><G134/><T27/><D128/><U9/><E33/><V22/><F89/><W24/><G74/><T38/><D38/><U60/><E56/><V114/><F114/><W71/><G71/><T75/><D135/><U45/><E79/><V94/><F22/><W66/><G66/><T68/><D68/><U65/><E65/><V99/><F102/><W2/><G77/><T122/><D122/><U133/><E133/><V121/><F121/><W95/><G48/><T15/><D25/><U59/><E59/><V127/><F127/><W21/><G10/><T40/><D40/><U8/><E8/><V28/><F28/><W90/><G90/><T98/><D15/><U1/><E46/><V31/><F31/><W116/><G116/><T123/><D123/><U64/><E64/><V6/><F6/><W105/><G105/><T109/><D109/><U49/><E49/><V19/><F19/><W57/><G57/><T132/><D132/><U13/><E1/><V41/><F41/><W120/><G120/><T70/><D70/><U115/><E115/><V20/><F20/><AGARI ba="0,0" hai="2,3,17,20,21,24,26,29,50,53,58,88,95,96" machi="20" ten="30,2900,0" yaku="7,1,54,1" doraHai="37" who="3" fromWho="2" sc="293,0,224,0,201,-29,282,29" owari="293,9.3,224,-17.6,172,-32.8,311,41.1" /></mjloggm>