<mjloggm ver="2.3"><GO type="225" lobby="0"/><UN n0="%72%61%6B%33" n1="%E3%81%8C%E3%81%9F" n2="%E3%81%99%E3%81%84%E3%81%BE%E3%81%9B%E3%83%BC%E3%82%93" n3="%E3%81%8B%E3%82%8F%E3%81%A1%E3%82%83%E3%82%93%35%38" dan="16,16,18,16" rate="2095.75,2133.87,2204.64,2145.57" sx="M,M,M,M"/><TAIKYOKU oya="0"/><INIT seed="0,0,0,2,1,100" ten="250,250,250,250" oya="0" hai0="34,129,66,124,26,96,70,94,116,133,117,7,108" hai1="32,82,77,110,19,89,111,71,55,105,10,53,28" hai2="107,126,51,18,128,81,106,90,40,73,113,93,135" hai3="64,101,97,58,49,78,61,104,102,6,1,45,21"/><T52/><D124/><U79/><E71/><V20/><F113/><W91/><G78/><N who="1" m="29706" /><E105/><V134/><F126/><W22/><G1/><T76/><D129/><U24/><E89/><V69/><F69/><W114/><G114/><T59/><D133/><N who="2" m="50698" /><F128/><W62/><G6/><T92/><D108/><N who="1" m="41515" /><E82/><V130/><F130/><W122/><G122/><T84/><D7/><U23/><E10/><V8/><F8/><W48/><G101/><T4/><D4/><U41/><E41/><V11/><F11/><W127/><G127/><T121/><D121/><U46/><E46/><N who="2" m="26055" /><F81/><W33/><G45/><T103/><D70/><U37/><E37/><V63/><F73/><W118/><G118/><T85/><D66/><U65/><E65/><V132/><N who="2" m="50706" /><V47/><DORA hai="87" /><F47/><W0/><G64/><T120/><D120/><U56/><E56/><V31/><F31/><W123/><G58/><T42/><D42/><U29/><E29/><V115/><F115/><W9/><G123/><T30/><D76/><U36/><E36/><V44/><F44/><W50/><G9/><T109/><D109/><U13/><AGARI ba="0,0" hai="13,19,23,24,28,32,53,55" m="41515,29706" machi="13" ten="30,1100,0" yaku="14,1" doraHai="100,87" who="1" fromWho="1" sc="250,-5,250,11,250,-3,250,-3" /><INIT seed="1,0,0,1,5,93" ten="245,261,247,247" oya="1" hai0="62,35,131,26,98,23,42,112,114,126,51,27,86" hai1="92,96,28,83,18,120,9,52,50,102,67,132,123" hai2="13,88,61,31,115,32,22,110,55,124,82,25,54" hai3="85,40,64,11,69,63,8,66,104,75,19,14,116"/><U44/><E132/><V128/><F124/><W117/><G75/><T89/><D126/><U59/><E28/><V29/><F110/><W122/><G122/><T109/><D109/><U134/><E134/><V99/><F128/><W6/><G104/><T77/><D131/><U15/><REACH who="1" step="1"/><E83/><REACH who="1" ten="245,251,247,247" step="2"/><V130/><F31/><W105/><G105/><T76/><D114/><U53/><E53/><V125/><F125/><W127/><G127/><T37/><D112/><U20/><E20/><V5/><F130/><W7/><G40/><T41/><D42/><U49/><E49/><V118/><F115/><W38/><G38/><T74/><D51/><U101/><E101/><V135/><F135/><W43/><G43/><T68/><D23/><U12/><E12/><V3/><F82/><W129/><G129/><T121/><D41/><U45/><E45/><V1/><F1/><W60/><G116/><T87/><D37/><U39/><E39/><V72/><F118/><W106/><G106/><T95/><D35/><U103/><E103/><V21/><F32/><W0/><G117/><T84/><D121/><U57/><E57/><V16/><F55/><W107/><G107/><T119/><D119/><U79/><E79/><V47/><F47/><W113/><G113/><T78/><REACH who="0" step="1"/><D74/><REACH who="0" ten="235,251,247,247" step="2"/><U4/><E4/><V10/><F72/><W65/><G7/><T91/><D91/><U2/><E2/><V97/><F88/><W111/><G111/><T94/><D94/><U81/><E81/><V33/><F33/><W100/><G6/><T56/><D56/><U133/><E133/><V58/><AGARI ba="0,2" hai="3,5,10,13,16,21,22,25,29,54,58,61,97,99" machi="58" ten="30,8000,1" yaku="5,1,0,1,52,2,54,1" doraHai="93" who="2" fromWho="2" sc="235,-20,251,-40,247,100,247,-20" /><INIT seed="2,0,0,1,1,44" ten="215,211,347,227" oya="2" hai0="132,4,61,45,83,93,27,10,35,91,14,54,6" hai1="23,85,71,39,74,69,106,90,11,68,9,134,110" hai2="120,119,108,58,30,22,0,94,19,111,3,117,121" hai3="87,24,5,28,123,99,95,7,26,60,113,130,102"/><V84/><F58/><W8/><G113/><T133/><D83/><U32/><E32/><V51/><F51/><W18/><G123/><N who="2" m="47177" /><F30/><W52/><G130/><T77/><D77/><U118/><E118/><N who="2" m="45067" /><F84/><W12/><G87/><T70/><D4/><N who="3" m="1609" /><G28/><T38/><D27/><U17/><E39/><V37/><F37/><W107/><G107/><T100/><D35/><U47/><E106/><V43/><F43/><W72/><G72/><T46/><D38/><U56/><E74/><V114/><F94/><W55/><G55/><T124/><D54/><U2/><E56/><AGARI ba="0,0" hai="8,12,18,24,26,52,56,60,95,99,102" m="1609" machi="56" ten="30,2000,0" yaku="8,1,54,1" doraHai="44" who="3" fromWho="1" sc="215,0,211,-20,347,0,227,20" /><INIT seed="3,0,0,0,5,46" ten="215,191,347,247" oya="3" hai0="44,45,126,86,23,24,7,102,33,99,111,72,64" hai1="83,76,37,63,2,8,101,61,12,51,109,67,87" hai2="48,47,88,93,20,56,0,13,100,129,75,28,131" hai3="91,36,85,121,68,62,16,26,32,105,133,21,132"/><W53/><G121/><T42/><D72/><U6/><E37/><V127/><F75/><W112/><G112/><T110/><D33/><U78/><E109/><N who="0" m="41481" /><D126/><U122/><E122/><V73/><F73/><W120/><G120/><T118/><D118/><U15/><E101/><V106/><F0/><W43/><G105/><T1/><D64/><U81/><E51/><V65/><F100/><W84/><G32/><T66/><D66/><U40/><E40/><V97/><F106/><W30/><G43/><T104/><D86/><U95/><E95/><V71/><F71/><W92/><G36/><N who="0" m="21575" /><D45/><U103/><E103/><V114/><F114/><W69/><G30/><N who="0" m="17695" /><D1/><U54/><E54/><V117/><F93/><W60/><G85/><T5/><AGARI ba="0,0" hai="5,7,99,102,104" m="17695,21575,41481" machi="5" ten="30,1100,0" yaku="14,1" doraHai="46" who="0" fromWho="0" sc="215,11,191,-3,347,-3,247,-5" owari="226,-17.4,188,-31.2,344,44.4,242,4.2" /></mjloggm>