<mjloggm ver="2.3"><GO type="225" lobby="0"/><UN n0="%6A%79%75%6E%6F%68" n1="%72%69%6F%75%63%68%61%6E" n2="%E7%89%B9%E6%9D%B1%E3%81%AF%E4%B8%96%E7%95%8C%E3%82%92%E6%95%91%E3%81%86" n3="%53%61%63%68%69%30%34" dan="16,17,16,16" rate="2133.38,2266.52,2129.17,2079.08" sx="M,M,M,M"/><TAIKYOKU oya="0"/><INIT seed="0,0,0,0,2,133" ten="250,250,250,250" oya="0" hai0="40,14,21,99,131,33,74,126,134,86,11,106,27" hai1="125,85,128,58,15,107,79,132,87,16,100,4,59" hai2="45,105,117,118,77,1,10,64,96,104,42,113,25" hai3="73,78,26,49,30,29,124,43,41,52,19,37,82"/><T70/><D74/><U97/><E125/><V60/><F77/><W22/><G124/><T18/><D126/><U34/><E128/><V110/><F113/><W112/><G112/><T80/><D70/><U36/><E132/><V114/><F114/><W111/><G111/><T3/><D134/><U9/><E36/><V47/><F110/><W75/><G75/><T95/><D106/><U51/><E34/><V12/><F1/><W119/><G119/><N who="2" m="45577" /><F25/><W84/><G73/><T53/><D40/><N who="3" m="15433" /><G37/><T108/><D108/><U93/><E51/><N who="2" m="27063" /><F47/><AGARI ba="0,0" hai="19,22,26,29,30,47,49,52,78,82,84" m="15433" machi="47" ten="30,2000,0" yaku="8,1,54,1" doraHai="133" who="3" fromWho="2" sc="250,0,250,0,250,-20,250,20" /><INIT seed="1,0,0,4,1,8" ten="250,250,230,270" oya="1" hai0="135,87,34,57,21,25,23,43,117,122,51,114,36" hai1="60,63,128,27,26,53,125,62,102,95,37,56,13" hai2="42,82,126,113,86,69,7,76,99,118,28,124,10" hai3="9,48,40,74,39,59,3,64,121,92,61,81,68"/><U6/><E125/><N who="2" m="48235" /><F118/><W35/><G35/><T112/><D117/><U107/><E128/><V17/><F113/><W49/><G121/><T52/><D135/><U1/><E1/><V54/><F69/><W133/><G133/><T94/><D122/><U31/><E107/><V93/><F42/><W29/><G29/><T80/><D34/><U46/><E37/><V44/><F28/><W11/><G92/><T79/><D21/><U129/><E129/><V83/><F17/><W111/><G111/><T12/><D12/><U32/><E27/><V47/><F54/><N who="3" m="32199" /><G49/><T20/><D20/><U0/><E0/><N who="2" m="359" /><F82/><W66/><G66/><T75/><D43/><U109/><E109/><V110/><F110/><W30/><G30/><T108/><D36/><U130/><E130/><V90/><AGARI ba="0,0" hai="44,47,76,83,86,90,93,99" m="359,48235" machi="90" ten="30,1100,0" yaku="18,1" doraHai="8" who="2" fromWho="2" sc="250,-3,250,-5,230,11,270,-3" /><INIT seed="2,0,0,1,5,38" ten="247,245,241,267" oya="2" hai0="46,64,117,43,8,113,51,12,35,24,125,37,114" hai1="76,120,26,7,112,23,130,25,39,47,115,34,59" hai2="18,41,11,27,102,2,72,54,97,96,66,6,133" hai3="77,19,91,111,87,95,67,92,109,31,3,108,44"/><V71/><F72/><W9/><G67/><T131/><D131/><U94/><E130/><V74/><F74/><W100/><G31/><T127/><D64/><U83/><E120/><V69/><F133/><W52/><G77/><T49/><D117/><U88/><E7/><V55/><F41/><W58/><G44/><T93/><D93/><U60/><E34/><V90/><F90/><W62/><G3/><T21/><D35/><U122/><E122/><V99/><F102/><W17/><REACH who="3" step="1"/><G9/><REACH who="3" ten="247,245,241,257" step="2"/><T29/><D114/><U57/><E115/><V82/><F66/><W101/><G101/><T105/><D113/><U116/><E47/><V50/><F71/><W1/><G1/><T128/><D128/><U56/><E112/><V65/><F65/><W40/><G40/><T134/><D134/><U84/><E39/><V98/><F69/><W78/><G78/><T121/><D121/><U126/><E116/><V14/><F2/><W13/><G13/><T132/><D132/><U80/><E26/><V53/><F27/><W103/><G103/><T15/><D15/><U32/><E32/><V81/><N who="2" m="24576" /><DORA hai="124" /><V16/><F50/><W10/><G10/><T63/><D63/><U48/><E48/><V104/><REACH who="2" step="1"/><F104/><REACH who="2" ten="247,245,231,257" step="2"/><W30/><G30/><T110/><D105/><U119/><E119/><V129/><F129/><W4/><G4/><N who="0" m="3079" /><D110/><U20/><E25/><V75/><F75/><W135/><G135/><T36/><D51/><U5/><E76/><V22/><F22/><W79/><G79/><T86/><D36/><U106/><E106/><V33/><F33/><W118/><G118/><RYUUKYOKU ba="0,2" sc="247,-15,245,-15,231,15,257,15" hai2="6,11,14,16,18,53,54,55,81,82" hai3="17,19,52,58,62,87,91,92,95,100,108,109,111" /><INIT seed="2,1,2,5,4,21" ten="232,230,246,272" oya="2" hai0="75,56,43,87,11,74,113,16,17,94,45,106,27" hai1="125,39,79,93,0,123,44,117,118,14,98,20,22" hai2="50,41,32,127,30,108,40,97,37,9,25,119,105" hai3="49,51,103,34,55,4,13,58,114,90,111,69,24"/><V46/><F119/><W68/><G111/><T53/><D106/><U3/><E79/><V31/><F108/><W92/><G103/><T10/><D113/><U54/><E125/><V76/><F127/><W128/><G114/><T132/><D132/><U80/><E123/><V129/><F129/><W77/><G77/><T15/><D87/><U26/><E80/><V35/><F76/><W115/><G115/><T131/><D94/><U81/><E81/><V104/><F9/><N who="3" m="4263" /><G34/><T101/><D101/><U112/><E112/><V72/><F72/><W63/><G68/><T134/><D134/><U85/><E85/><V84/><F84/><N who="3" m="52295" /><G69/><T107/><D107/><U7/><E0/><V64/><F64/><W83/><G83/><T86/><D86/><U82/><E82/><V1/><F1/><W12/><G128/><T66/><D66/><U110/><E3/><V121/><F121/><W36/><G36/><T135/><D135/><U29/><E110/><V48/><F97/><W62/><G24/><T126/><D131/><U133/><E133/><V38/><F46/><N who="3" m="28087" /><G12/><N who="0" m="7191" /><D27/><AGARI ba="1,2" hai="25,27,30,31,32,35,37,38,40,41,48,50,104,105" machi="27" ten="25,9600,0" yaku="22,2,52,2" doraHai="21" who="2" fromWho="0" sc="232,-99,230,0,246,119,272,0" /><INIT seed="2,2,0,2,1,55" ten="133,230,365,272" oya="2" hai0="59,33,12,35,63,77,14,83,106,75,117,95,64" hai1="121,67,62,37,122,19,44,108,22,93,40,29,105" hai2="51,118,54,41,68,24,127,11,98,129,81,132,20" hai3="100,91,34,115,43,111,21,47,85,112,74,123,6"/><V1/><F118/><W57/><G123/><N who="1" m="47114" /><E105/><V4/><F68/><W82/><G34/><T76/><D106/><U18/><E108/><V28/><F129/><W128/><G111/><T17/><D117/><U99/><E29/><V126/><F132/><W10/><G128/><T36/><D36/><U101/><E22/><V79/><F98/><W5/><G100/><T61/><D76/><U32/><E32/><V73/><REACH who="2" step="1"/><F41/><REACH who="2" ten="133,230,355,272" step="2"/><W131/><G131/><T0/><D0/><U72/><E72/><V46/><AGARI ba="2,1" hai="1,4,11,20,24,28,46,51,54,73,79,81,126,127" machi="46" ten="30,6000,0" yaku="1,1,2,1,0,1,53,0" doraHai="55" doraHaiUra="80" who="2" fromWho="2" sc="133,-22,230,-22,355,76,272,-22" /><INIT seed="2,3,0,4,2,25" ten="111,208,431,250" oya="2" hai0="90,128,4,33,126,14,77,58,113,51,19,104,18" hai1="60,66,5,62,29,57,54,68,102,116,111,11,63" hai2="123,125,105,24,135,2,39,31,95,122,101,37,3" hai3="86,91,27,87,115,83,48,107,109,52,23,119,112"/><V67/><F95/><W82/><G109/><T32/><D113/><N who="3" m="43593" /><G107/><T132/><D104/><U45/><E111/><V28/><F67/><W124/><G124/><T6/><D77/><U117/><E102/><V88/><F88/><N who="3" m="51287" /><G119/><T129/><D58/><U74/><E74/><V12/><F12/><W36/><G36/><N who="2" m="13897" /><F125/><W133/><G133/><T84/><D51/><U70/><E29/><N who="2" m="11339" /><F105/><W49/><G52/><T17/><D126/><U8/><E45/><V114/><F114/><W22/><G22/><T53/><D53/><U44/><E44/><V85/><F85/><W96/><G96/><T13/><D90/><U89/><E89/><V98/><F98/><W75/><G75/><T120/><D84/><U92/><E92/><V20/><F20/><W65/><G65/><T118/><D118/><U15/><E11/><V81/><F24/><W99/><G99/><T21/><D132/><U130/><E117/><V55/><F55/><W38/><G38/><T56/><D56/><U94/><E116/><V59/><F59/><W61/><G23/><T16/><D120/><N who="2" m="46122" /><F135/><W50/><G27/><T110/><D110/><U26/><E26/><V97/><F97/><W0/><G91/><T1/><D13/><U34/><E94/><V121/><F121/><W134/><G134/><T80/><D80/><U108/><E66/><V69/><F81/><W42/><G83/><T100/><D100/><U7/><E54/><V10/><F101/><W106/><G87/><T72/><D72/><U64/><E57/><V131/><F69/><N who="1" m="26729" /><E64/><V43/><F43/><W46/><G42/><T76/><D76/><RYUUKYOKU ba="3,0" sc="111,0,208,0,431,0,250,0" /><INIT seed="3,4,0,1,4,79" ten="111,208,431,250" oya="3" hai0="53,24,1,67,56,111,3,106,54,50,82,134,77" hai1="11,41,65,23,22,44,89,58,105,36,8,117,71" hai2="21,68,115,30,45,39,27,28,33,70,4,40,118" hai3="112,135,103,34,108,129,38,109,88,113,126,84,91"/><W78/><G38/><T2/><D111/><N who="3" m="42569" /><G34/><T75/><D106/><U130/><E105/><V0/><F115/><N who="3" m="44107" /><G135/><T81/><D134/><U122/><E122/><V69/><F118/><W73/><G129/><T35/><D67/><U83/><E71/><V97/><F97/><W104/><G126/><T43/><D43/><U15/><E117/><V13/><F30/><W123/><G123/><T66/><D66/><U80/><E130/><V32/><REACH who="2" step="1"/><F0/><REACH who="2" ten="111,208,421,250" step="2"/><W60/><G104/><T94/><D94/><U20/><E89/><N who="3" m="34378" /><G60/><T128/><D128/><U57/><E65/><V31/><F31/><W62/><G62/><T86/><D54/><U52/><E58/><V131/><F131/><W64/><G64/><T76/><D35/><U102/><E102/><V17/><F17/><W47/><G47/><T49/><REACH who="0" step="1"/><D50/><REACH who="0" ten="101,208,421,250" step="2"/><U19/><REACH who="1" step="1"/><E8/><AGARI ba="4,2" hai="4,8,13,21,27,28,32,33,39,40,45,68,69,70" machi="8" ten="40,1300,0" yaku="1,1,53,0" doraHai="79" doraHaiUra="87" who="2" fromWho="1" sc="101,0,208,-25,421,45,250,0" owari="101,-39.9,183,-21.7,466,56.6,250,5.0" /></mjloggm>