<mjloggm ver="2.3"><GO type="225" lobby="0"/><UN n0="%E3%81%86%E3%83%BC%E3%81%B1%E3%83%BC" n1="%70%68%65%6E%6F%6D%65" n2="%E3%82%A2%E3%82%A4%E3%82%B9%E3%83%86%E3%82%A3%E3%83%BC%E3%81%82%E3%81%B9" n3="%72%69%6F%75%63%68%61%6E" dan="16,16,16,17" rate="2132.93,2127.71,2101.61,2211.79" sx="F,M,M,M"/><TAIKYOKU oya="0"/><INIT seed="0,0,0,1,1,52" ten="250,250,250,250" oya="0" hai0="39,102,26,49,131,62,84,75,76,78,17,68,54" hai1="119,7,40,97,8,1,82,100,2,0,99,114,47" hai2="81,12,72,63,93,86,20,83,11,57,111,73,126" hai3="85,21,13,92,105,87,18,123,41,60,128,90,66"/><T112/><D112/><U109/><E119/><V24/><F111/><W9/><G128/><T108/><D39/><U3/><E109/><V48/><F48/><W120/><G105/><T80/><D108/><U124/><E114/><V115/><F126/><W6/><G41/><T46/><D131/><U50/><E124/><V42/><F42/><W30/><G30/><T104/><D104/><U95/><E82/><V135/><F135/><W38/><G38/><T107/><D107/><U110/><E110/><V89/><F115/><W127/><G127/><T121/><D121/><U33/><E33/><V31/><F73/><W4/><G87/><T51/><D102/><U59/><REACH who="1" step="1"/><E97/><REACH who="1" ten="250,240,250,250" step="2"/><V71/><F72/><W132/><G132/><T117/><D117/><U14/><E14/><V129/><F129/><W94/><G94/><T118/><D118/><U45/><E45/><V96/><F96/><W22/><G123/><T35/><D35/><U61/><E61/><V79/><F79/><W74/><G120/><T88/><D76/><U101/><E101/><V10/><F83/><W103/><G103/><T15/><D26/><U43/><E43/><V36/><F81/><W98/><G98/><T53/><D62/><U58/><AGARI ba="0,1" hai="0,1,2,3,7,8,40,47,50,58,59,95,99,100" machi="58" ten="40,8000,1" yaku="1,1,0,1,52,2,53,0" doraHai="52" doraHaiUra="130" who="1" fromWho="1" sc="250,-40,240,90,250,-20,250,-20" /><INIT seed="1,0,0,0,2,18" ten="210,330,230,230" oya="1" hai0="60,22,41,50,0,26,28,109,128,23,76,103,104" hai1="11,89,3,80,55,17,81,69,47,102,99,64,6" hai2="44,88,42,120,82,2,73,123,71,38,62,24,101" hai3="31,125,112,5,61,70,79,100,83,127,1,9,57"/><U108/><E108/><V59/><F2/><W49/><G112/><T134/><D0/><U106/><E69/><V94/><F71/><W43/><G100/><T65/><D109/><U66/><E17/><V27/><F101/><W46/><G70/><N who="0" m="42279" /><D76/><U8/><E11/><V131/><F131/><W96/><G96/><N who="0" m="61543" /><D128/><U105/><E105/><V19/><F82/><W56/><G31/><T21/><D134/><U34/><E34/><V37/><F37/><W10/><G10/><T32/><D50/><U30/><E30/><V52/><F73/><W78/><G78/><T93/><D93/><U14/><E3/><V25/><REACH who="2" step="1"/><F19/><REACH who="2" ten="210,330,220,230" step="2"/><W110/><G110/><T87/><D41/><U72/><E80/><V68/><F68/><W63/><G127/><T97/><D97/><AGARI ba="0,1" hai="24,25,27,38,42,44,52,59,62,88,94,97,120,123" machi="97" ten="40,8000,1" yaku="1,1,54,2,53,1" doraHai="18" doraHaiUra="40" who="2" fromWho="0" sc="210,-80,330,0,220,90,230,0" /><INIT seed="2,0,0,2,3,72" ten="130,330,310,230" oya="2" hai0="67,10,16,125,75,135,95,107,134,58,91,2,45" hai1="92,86,105,118,97,4,40,112,94,56,36,103,123" hai2="74,119,29,60,63,79,32,88,64,121,47,23,76" hai3="115,129,48,43,1,39,28,80,51,14,84,117,133"/><V31/><F121/><W34/><G117/><T65/><D107/><U54/><E118/><V89/><F32/><W70/><G1/><T100/><D100/><U81/><E112/><V55/><F74/><W5/><G70/><T20/><D75/><U132/><E123/><V98/><F119/><W30/><G115/><T7/><D45/><U0/><E132/><V46/><F23/><W102/><G133/><T61/><D125/><U73/><E40/><V18/><F18/><W9/><G129/><T26/><D135/><U128/><E36/><V25/><F25/><W71/><G71/><T21/><D21/><U53/><E128/><V66/><F55/><W19/><G102/><T42/><D42/><U101/><E73/><V104/><F104/><W62/><G62/><T37/><D134/><U110/><E103/><V41/><F41/><W106/><G106/><T17/><D37/><U108/><E54/><V57/><F57/><W8/><G39/><T127/><D127/><U124/><E4/><V15/><F15/><N who="3" m="7655" /><G34/><T83/><D83/><U85/><E0/><V38/><F38/><W6/><G5/><T24/><D65/><U130/><E130/><V87/><F87/><N who="1" m="33289" /><E81/><V49/><F49/><N who="3" m="19019" /><G43/><T109/><D109/><N who="1" m="42091" /><E124/><V90/><REACH who="2" step="1"/><F90/><AGARI ba="0,0" hai="6,9,14,28,30,80,84,90" m="19019,7655" machi="90" ten="30,1000,0" yaku="8,1" doraHai="72" who="3" fromWho="2" sc="130,0,330,0,310,-10,230,10" /><INIT seed="3,0,0,4,4,117" ten="130,330,300,240" oya="3" hai0="58,20,113,93,43,57,135,24,15,68,4,84,31" hai1="75,89,44,127,45,101,38,55,107,131,18,10,119" hai2="105,30,132,72,7,16,14,103,50,121,27,104,47" hai3="49,0,108,112,74,79,54,133,19,2,21,56,82"/><W39/><G112/><T42/><D135/><U80/><E119/><V77/><F7/><W125/><G133/><T40/><D113/><U92/><E127/><V28/><F132/><W35/><G35/><T78/><D68/><U46/><E131/><V73/><F121/><W51/><G39/><T8/><D78/><N who="1" m="44127" /><E18/><V60/><F30/><W128/><G125/><T5/><D84/><N who="1" m="52263" /><E10/><V130/><F130/><W48/><G128/><T65/><D93/><U94/><E94/><V69/><F77/><W36/><G36/><T102/><D102/><U29/><E29/><V25/><F25/><W23/><G108/><T33/><D65/><U34/><E34/><N who="2" m="20767" /><F105/><W9/><G21/><T110/><D110/><U11/><E11/><N who="2" m="6239" /><F50/><W66/><G66/><T37/><D37/><U13/><E13/><V17/><F17/><W116/><G116/><T1/><REACH who="0" step="1"/><D5/><REACH who="0" ten="120,330,300,240" step="2"/><U32/><E38/><V3/><F47/><W85/><G85/><T52/><D52/><U26/><E55/><V118/><F118/><W96/><G96/><T22/><D22/><U81/><E45/><V97/><F3/><W106/><G106/><T76/><D76/><U88/><E107/><V62/><F62/><W120/><G0/><T90/><D90/><U91/><E101/><V115/><F115/><W126/><G2/><T122/><D122/><U100/><E100/><V114/><F114/><W129/><G120/><T71/><D71/><U124/><E124/><V59/><F59/><W63/><G126/><T67/><D67/><AGARI ba="0,1" hai="60,67,69,72,73,97,103,104" m="6239,20767" machi="67" ten="30,2000,0" yaku="25,1,54,1" doraHai="117" who="2" fromWho="0" sc="120,-20,330,0,300,30,240,0" owari="100,-40.0,330,43.0,330,13.0,240,-16.0" /></mjloggm>