<mjloggm ver="2.3"><GO type="225" lobby="0"/><UN n0="%31%38%63%6D%E7%AB%8B%E7%9B%B4%E6%A3%92" n1="%E3%82%A2%E3%82%A4%E3%82%B9%E3%83%86%E3%82%A3%E3%83%BC%E3%81%82%E3%81%B9" n2="%68%6F%72%69%30%39%30%31" n3="%E3%81%8B%E3%82%8F%E3%81%A1%E3%82%83%E3%82%93%35%38" dan="16,16,16,16" rate="2140.12,2089.28,2050.48,2132.86" sx="M,M,M,M"/><TAIKYOKU oya="0"/><INIT seed="0,0,0,0,2,108" ten="250,250,250,250" oya="0" hai0="10,46,40,114,132,107,104,19,9,75,97,30,119" hai1="118,55,52,111,130,54,34,5,43,29,125,128,27" hai2="8,53,37,76,20,36,122,83,86,117,74,94,49" hai3="113,88,79,3,120,6,41,58,12,15,127,70,60"/><T24/><D119/><U131/><E111/><V105/><F117/><W47/><G70/><T98/><D75/><U32/><E118/><V61/><F122/><W126/><G120/><T57/><D57/><U22/><E125/><N who="3" m="47626" /><G79/><T121/><D121/><U17/><E5/><V134/><F134/><W116/><G116/><T45/><D19/><U102/><E43/><V1/><F20/><W95/><G6/><T62/><D62/><U80/><E102/><V44/><F105/><W129/><G3/><T101/><D132/><U2/><E2/><V71/><F1/><W133/><G113/><T96/><D101/><U84/><REACH who="1" step="1"/><E29/><REACH who="1" ten="250,240,250,250" step="2"/><V69/><F37/><N who="3" m="21935" /><G133/><T65/><D30/><U81/><E81/><V7/><F83/><W51/><G129/><T89/><D104/><U124/><E124/><V0/><F36/><W14/><G51/><T42/><D107/><U135/><E135/><V16/><F49/><W87/><G14/><T28/><D28/><U90/><AGARI ba="0,1" hai="17,22,27,32,34,52,54,55,80,84,90,128,130,131" machi="90" ten="40,8000,1" yaku="1,1,0,1,19,1,54,1,53,0" doraHai="108" doraHaiUra="63" who="1" fromWho="1" sc="250,-40,240,90,250,-20,250,-20" /><INIT seed="1,0,0,2,2,30" ten="210,330,230,230" oya="1" hai0="98,117,23,135,43,94,112,29,132,123,3,96,91" hai1="34,20,21,22,133,131,46,85,97,1,45,111,17" hai2="93,51,66,78,60,104,80,99,105,102,92,68,10" hai3="6,107,8,44,82,72,83,113,53,31,47,57,62"/><U18/><E1/><V55/><F93/><W38/><G107/><T58/><D3/><U27/><E133/><N who="0" m="51273" /><D112/><U125/><E125/><V7/><F55/><W109/><G113/><T54/><D43/><U90/><E131/><V24/><F24/><W120/><G120/><T75/><D75/><U50/><E97/><V56/><F51/><W103/><G103/><T14/><D117/><U73/><E73/><V110/><F110/><W129/><G72/><T130/><D130/><U26/><E111/><V5/><F68/><W108/><G129/><T41/><D41/><U118/><E118/><V71/><F56/><W70/><G70/><T42/><D42/><U119/><E119/><V88/><F10/><W13/><G38/><T76/><D76/><U122/><E122/><V28/><F28/><W79/><G108/><T121/><D98/><U86/><E34/><V12/><F12/><W59/><G109/><T63/><D14/><N who="1" m="9271" /><E50/><V116/><F116/><W89/><G13/><T134/><N who="0" m="51281" /><T115/><DORA hai="11" /><D115/><U49/><E49/><V16/><F104/><W25/><G79/><T77/><D77/><U2/><E2/><V40/><F78/><W127/><G127/><T35/><D23/><U52/><E52/><V37/><F37/><W95/><G8/><T36/><D36/><U69/><E69/><V128/><F71/><W81/><G53/><T114/><D114/><U39/><E39/><V0/><F128/><W4/><G59/><T84/><D96/><U19/><E86/><N who="2" m="50247" /><F105/><W106/><G57/><T32/><D32/><U48/><E48/><V64/><F99/><RYUUKYOKU ba="0,0" sc="210,15,330,15,230,-15,230,-15" hai0="29,35,54,58,63,84,91,94,121,123" hai1="18,19,21,22,26,27,45,46,85,90" /><INIT seed="1,1,0,5,1,49" ten="225,345,215,215" oya="1" hai0="98,2,54,29,55,26,39,53,85,57,31,70,114" hai1="112,35,13,121,76,80,69,59,62,3,116,48,17" hai2="33,127,133,97,6,24,43,125,16,41,96,104,103" hai3="123,105,20,30,58,73,60,124,132,23,91,99,102"/><U1/><E116/><V71/><F71/><W130/><G123/><T119/><D114/><U50/><E69/><V90/><F6/><W131/><G124/><N who="2" m="47689" /><F133/><W34/><G132/><T117/><D70/><U79/><E35/><V89/><F96/><W52/><G73/><T44/><D2/><U45/><E112/><V36/><F36/><W4/><G4/><T75/><D75/><U61/><E121/><V81/><F81/><W37/><G37/><T92/><D57/><U93/><E93/><V63/><F63/><W106/><G106/><T94/><D85/><U28/><E28/><N who="0" m="10825" /><D39/><U46/><E59/><V11/><F33/><W67/><G91/><N who="2" m="34825" /><F24/><N who="3" m="18759" /><G67/><T9/><D26/><U128/><E13/><AGARI ba="1,0" hai="11,13,16,41,43,97,103,104" m="34825,47689" machi="13" ten="30,2000,0" yaku="18,1,54,1" doraHai="49" who="2" fromWho="1" sc="225,0,345,-23,215,23,215,0" /><INIT seed="2,0,0,2,0,1" ten="225,322,238,215" oya="2" hai0="29,77,111,131,71,110,63,122,90,2,67,81,44" hai1="98,21,101,105,50,28,103,104,74,51,96,112,125" hai2="37,92,52,43,83,75,114,62,135,20,17,48,117" hai3="25,41,78,88,54,94,46,89,7,116,36,32,130"/><V60/><F117/><W65/><G116/><T49/><D122/><U13/><E125/><V72/><F114/><W97/><G130/><T115/><D115/><U47/><E74/><V16/><F135/><W35/><G78/><T15/><D2/><U19/><E112/><V27/><F37/><W39/><G39/><T26/><D90/><U8/><E47/><V79/><F43/><W18/><G65/><T58/><D15/><U87/><E87/><V123/><F123/><W106/><G106/><T133/><D131/><U132/><E132/><V0/><F0/><W126/><G126/><T64/><D133/><U80/><E80/><V11/><F72/><W86/><G7/><T99/><D99/><U127/><E127/><V95/><F60/><W85/><G54/><T40/><D67/><U113/><E113/><V33/><F62/><W129/><G129/><T134/><D71/><U53/><E53/><V22/><F11/><W102/><G86/><T23/><REACH who="0" step="1"/><D134/><REACH who="0" ten="215,322,238,215" step="2"/><U76/><E76/><V70/><F70/><W121/><G121/><T68/><D68/><U93/><E98/><V107/><F33/><W124/><G124/><T108/><D108/><U84/><E96/><V14/><REACH who="2" step="1"/><F107/><REACH who="2" ten="215,322,228,215" step="2"/><W10/><G35/><T82/><D82/><U100/><E105/><V59/><AGARI ba="0,2" hai="14,16,17,20,22,27,48,52,59,75,79,83,92,95" machi="59" ten="20,18000,2" yaku="1,1,2,1,0,1,7,1,54,2,53,0" doraHai="1" doraHaiUra="109" who="2" fromWho="2" sc="215,-60,322,-60,228,200,215,-60" /><INIT seed="2,1,0,3,3,88" ten="155,262,428,155" oya="2" hai0="22,36,34,46,67,97,74,107,109,119,90,40,116" hai1="70,28,8,73,86,6,108,91,98,55,87,60,77" hai2="45,123,47,117,4,19,18,48,120,84,7,61,62" hai3="114,12,89,75,57,59,133,39,106,21,69,52,41"/><V127/><F117/><N who="0" m="45130" /><D34/><U80/><E108/><V0/><F84/><W2/><G2/><T118/><D109/><U30/><E98/><V83/><F83/><W72/><G69/><T38/><D74/><U44/><E73/><V111/><F48/><W104/><G133/><T29/><D67/><U56/><E70/><V51/><F51/><W110/><G110/><T26/><D118/><U14/><REACH who="1" step="1"/><E44/><REACH who="1" ten="155,252,428,155" step="2"/><V3/><F111/><W103/><G75/><T32/><D97/><U15/><E15/><V135/><F135/><W63/><G72/><T27/><D46/><U100/><E100/><V10/><F127/><W121/><G103/><T49/><D27/><U96/><E96/><V113/><F113/><W124/><G114/><T131/><D26/><U112/><E112/><V115/><F115/><W20/><G124/><T54/><D54/><U42/><E42/><V1/><F1/><W17/><G41/><T129/><D40/><U132/><E132/><V65/><F3/><W11/><G106/><T93/><D107/><U31/><E31/><V9/><F0/><W79/><G104/><T92/><D29/><U58/><E58/><V68/><F68/><W16/><G59/><T35/><D129/><U50/><E50/><V25/><F25/><W71/><G71/><T76/><D49/><U43/><E43/><V94/><F47/><W101/><G101/><T37/><D131/><U81/><AGARI ba="1,1" hai="6,8,14,28,30,55,56,60,77,80,81,86,87,91" machi="81" ten="20,12000,2" yaku="1,1,0,1,7,1,8,1,53,2" doraHai="88" doraHaiUra="78" who="1" fromWho="1" sc="155,-31,252,133,428,-61,155,-31" /><INIT seed="3,0,0,5,4,130" ten="124,385,367,124" oya="3" hai0="110,121,86,78,11,135,64,133,111,134,105,106,4" hai1="128,119,43,112,129,98,101,72,75,9,66,51,26" hai2="103,74,69,126,131,16,1,93,5,46,67,3,24" hai3="83,37,49,59,102,29,82,88,100,8,33,52,85"/><W27/><G37/><T68/><D121/><U14/><E112/><V114/><F74/><W35/><G35/><T17/><D17/><U31/><E66/><V76/><F76/><W80/><REACH who="3" step="1"/><G8/><REACH who="3" ten="124,385,367,114" step="2"/><T47/><D47/><U60/><E129/><V92/><F131/><W54/><G54/><T2/><D64/><U56/><E9/><V73/><F46/><W15/><G15/><T55/><D55/><U20/><E14/><V19/><F3/><W21/><G21/><T90/><D68/><U122/><E20/><V39/><F39/><W89/><G89/><T12/><D12/><U7/><E128/><V113/><F1/><W32/><G32/><T117/><D117/><U116/><E116/><V58/><F69/><W79/><G79/><T84/><D78/><U48/><E119/><V40/><F40/><W94/><AGARI ba="0,1" hai="27,29,33,49,52,59,80,82,83,85,88,94,100,102" machi="94" ten="30,11700,0" yaku="1,1,0,1,54,2,53,0" doraHai="130" doraHaiUra="104" who="3" fromWho="3" sc="124,-39,385,-39,367,-39,114,127" /><INIT seed="3,1,0,4,5,16" ten="85,346,328,241" oya="3" hai0="51,94,121,7,107,53,56,45,103,59,124,38,48" hai1="118,73,119,129,28,72,15,3,60,74,13,26,65" hai2="86,134,14,131,105,70,108,71,85,83,95,128,52" hai3="117,127,50,47,123,10,58,62,35,6,100,106,75"/><W0/><G117/><N who="1" m="44554" /><E3/><V90/><F105/><W49/><G123/><T88/><D121/><U37/><E37/><V63/><F108/><W67/><G127/><T27/><D124/><U22/><E129/><N who="2" m="49739" /><F14/><W46/><G75/><T79/><D79/><U78/><E78/><N who="2" m="46327" /><F134/><W104/><G35/><T57/><D38/><U122/><E122/><V97/><F86/><W93/><G100/><T114/><D114/><U112/><E112/><V66/><F66/><W120/><G120/><T12/><D107/><U76/><E76/><V23/><F23/><W113/><G113/><T18/><D103/><U44/><E44/><V5/><F5/><W69/><G69/><AGARI ba="1,0" hai="13,15,22,26,28,60,65,69,72,73,74" m="44554" machi="69" ten="40,2600,0" yaku="12,1,52,1" doraHai="16" who="1" fromWho="3" sc="85,0,346,29,328,0,241,-29" owari="85,-41.5,375,47.5,328,12.8,212,-18.8" /></mjloggm>