<mjloggm ver="2.3"><GO type="225" lobby="0"/><UN n0="%6D%75%75%6D%75%72%61" n1="%E3%81%9F%E3%81%A3%E3%81%A1%E3%82%87" n2="%72%69%6F%75%63%68%61%6E" n3="%73%61%6B%6F%EF%BC%A0%E6%9C%80" dan="17,16,17,16" rate="2194.51,2118.41,2222.87,2173.77" sx="F,M,M,M"/><TAIKYOKU oya="0"/><INIT seed="0,0,0,1,0,28" ten="250,250,250,250" oya="0" hai0="58,48,63,73,29,16,122,65,39,57,41,54,60" hai1="99,83,5,115,13,71,15,66,121,64,14,21,130" hai2="79,25,55,24,23,18,35,128,131,134,8,56,45" hai3="94,12,123,2,75,7,19,78,70,116,32,43,44"/><T10/><D73/><U118/><E121/><V50/><F134/><W84/><G70/><T97/><D122/><U133/><E118/><V126/><F126/><W111/><G123/><T76/><D76/><U53/><E133/><V47/><F79/><W80/><G111/><T34/><D97/><U96/><E130/><N who="2" m="49707" /><F8/><N who="3" m="2167" /><G116/><T110/><D110/><U117/><E117/><V46/><F24/><W26/><G94/><T107/><D107/><U132/><E83/><V90/><F90/><W59/><G59/><T104/><D104/><U135/><E115/><V74/><F74/><W108/><G84/><T30/><D34/><AGARI ba="0,0" hai="18,23,25,34,35,45,46,47,50,55,56" m="49707" machi="34" ten="30,3900,0" yaku="19,1,52,2" doraHai="28" who="2" fromWho="0" sc="250,-39,250,0,250,39,250,0" /><INIT seed="1,0,0,0,3,1" ten="211,250,289,250" oya="1" hai0="36,125,46,70,7,95,37,48,117,64,30,108,45" hai1="21,115,17,26,91,42,44,8,81,127,6,73,88" hai2="87,130,31,134,28,24,94,14,92,61,89,54,0" hai3="114,101,84,4,118,41,111,51,66,34,99,15,59"/><U133/><E115/><V50/><F134/><W22/><G114/><T119/><D30/><U10/><E127/><V102/><F130/><W132/><G34/><T78/><D78/><U3/><E133/><V75/><F0/><W67/><G132/><T100/><D108/><U57/><E57/><V35/><F75/><W110/><G118/><T90/><D100/><U58/><E58/><V39/><F39/><W33/><G33/><T123/><D125/><U82/><E8/><V60/><F28/><W53/><G84/><T2/><D123/><U124/><E124/><V25/><F25/><W27/><G41/><T106/><D106/><U104/><E104/><V122/><F122/><W83/><G83/><T40/><D64/><U107/><E107/><V103/><F14/><W128/><G128/><T16/><D70/><U121/><E121/><V120/><F120/><W116/><G116/><T62/><D62/><U97/><E97/><V68/><F94/><N who="3" m="58615" /><G111/><T79/><D79/><N who="1" m="44271" /><E82/><V9/><F9/><N who="3" m="4519" /><G110/><T65/><D65/><U63/><E63/><V129/><F129/><W71/><G71/><T74/><D74/><U131/><E131/><V98/><F68/><W55/><G55/><T56/><D117/><U93/><E93/><N who="2" m="54463" /><F103/><W23/><G23/><T20/><D119/><U76/><E76/><V49/><F60/><W77/><G77/><T11/><D37/><AGARI ba="0,0" hai="3,6,10,17,21,26,37,42,44,88,91" m="44271" machi="37" ten="30,5800,0" yaku="25,1,52,1,54,1" doraHai="1" who="1" fromWho="0" sc="211,-58,250,58,289,0,250,0" /><INIT seed="1,1,0,2,4,72" ten="153,308,289,250" oya="1" hai0="96,63,112,95,102,128,0,92,116,87,83,108,31" hai1="44,123,18,133,12,85,82,69,84,45,124,126,107" hai2="130,7,117,71,80,43,42,15,35,104,135,14,48" hai3="57,99,118,40,81,90,55,114,66,22,29,46,98"/><U60/><E123/><V74/><F117/><W76/><G114/><T134/><D0/><U38/><E133/><V41/><F35/><W115/><G118/><T127/><D116/><U20/><E107/><V13/><F135/><W103/><G115/><T91/><D134/><U77/><E85/><V113/><F104/><W33/><G33/><T52/><D112/><U28/><E28/><V10/><F113/><W97/><G66/><T3/><D3/><U58/><E69/><V32/><F32/><W129/><G90/><T78/><D108/><U101/><E101/><V88/><F130/><W111/><G129/><T54/><D128/><U49/><E38/><V121/><F71/><W39/><G103/><T94/><D127/><N who="1" m="48683" /><E49/><V47/><F121/><W24/><G111/><T2/><D2/><U50/><E50/><V125/><F125/><W19/><G29/><T1/><D1/><U56/><E56/><V64/><F64/><AGARI ba="1,0" hai="12,18,20,44,45,58,60,64,77,82,84" m="48683" machi="64" ten="30,2900,0" yaku="18,1,52,1" doraHai="72" who="1" fromWho="2" sc="153,0,308,32,289,-32,250,0" /><INIT seed="1,2,0,3,2,120" ten="153,340,257,250" oya="1" hai0="49,46,9,56,35,16,11,12,84,39,86,126,43" hai1="21,85,4,99,59,71,72,98,36,37,133,48,96" hai2="110,22,97,20,91,119,104,80,10,14,25,27,108" hai3="95,26,65,1,129,74,100,109,124,94,6,128,90"/><U131/><E131/><N who="3" m="50250" /><G74/><T114/><D126/><U52/><E72/><V40/><F119/><W105/><G124/><T78/><D114/><U102/><E71/><V53/><F40/><W75/><G75/><T31/><D35/><U76/><E133/><V106/><F53/><W83/><G65/><T23/><D39/><U15/><E102/><V62/><F62/><W28/><G105/><N who="2" m="40553" /><F80/><W70/><G70/><T58/><D78/><U66/><E66/><V51/><F51/><W44/><G44/><T113/><D113/><U112/><E112/><V103/><F91/><W135/><G135/><T101/><D101/><U64/><E64/><V63/><F63/><W50/><G50/><T34/><D34/><U32/><E32/><V13/><F97/><N who="3" m="59447" /><G83/><T7/><D31/><U82/><E4/><V47/><F103/><W77/><G77/><T118/><D118/><U92/><E36/><V122/><F47/><W38/><G38/><T69/><D69/><U18/><E37/><V3/><F122/><W116/><G116/><T117/><D117/><U87/><E92/><V0/><F0/><W88/><G6/><T41/><D41/><U121/><E121/><V67/><F67/><W130/><G1/><T107/><D107/><U30/><E48/><V115/><F3/><W29/><G95/><T8/><REACH who="0" step="1"/><D7/><REACH who="0" ten="143,340,257,250" step="2"/><U57/><E76/><V134/><F115/><W125/><G130/><T17/><D17/><U33/><E18/><N who="2" m="10319" /><F134/><W55/><G125/><T111/><D111/><N who="2" m="42538" /><F22/><W89/><G109/><T68/><D68/><U42/><E21/><V5/><AGARI ba="2,1" hai="5,10,14,25,27" m="42538,10319,40553" machi="5" ten="30,7900,0" yaku="14,1,52,3" doraHai="120" who="2" fromWho="2" sc="143,-22,340,-41,257,95,250,-22" /><INIT seed="2,0,0,2,3,30" ten="121,299,352,228" oya="2" hai0="71,82,26,31,99,109,32,121,40,34,120,70,87" hai1="37,22,105,111,0,86,76,110,17,93,96,83,60" hai2="89,1,117,50,80,104,115,118,58,135,78,119,49" hai3="67,68,19,100,16,88,41,84,114,14,131,124,126"/><V133/><F115/><W101/><G114/><T74/><D74/><U53/><E37/><V18/><F1/><W29/><G131/><T25/><D109/><U125/><E105/><V77/><F104/><W4/><G41/><T128/><D128/><U35/><E0/><V122/><F122/><W11/><G29/><T57/><D40/><U6/><E6/><V24/><F89/><W56/><G68/><T62/><D99/><U63/><E125/><N who="3" m="48234" /><G101/><T79/><D71/><U112/><E35/><V91/><F91/><W107/><G100/><T72/><D70/><U85/><E85/><V9/><F58/><W69/><G69/><T51/><D51/><N who="2" m="19466" /><F24/><W15/><G107/><T27/><D72/><U103/><E112/><V55/><F55/><W10/><G56/><T92/><D92/><U134/><E53/><V54/><F54/><W61/><G67/><T59/><D59/><U44/><E44/><V95/><F95/><N who="3" m="54663" /><G61/><T102/><D102/><U123/><E60/><V21/><F80/><W33/><G33/><T75/><D31/><U116/><E63/><V12/><F21/><W97/><G97/><T65/><REACH who="0" step="1"/><D75/><REACH who="0" ten="111,299,352,228" step="2"/><U106/><E110/><V42/><F42/><W5/><AGARI ba="0,1" hai="4,5,10,11,14,15,16,19" m="54663,48234" machi="5" ten="30,4000,0" yaku="18,1,54,2" doraHai="30" who="3" fromWho="3" sc="111,-10,299,-10,352,-20,228,50" /><INIT seed="3,0,0,2,0,69" ten="101,289,332,278" oya="3" hai0="23,68,37,58,102,25,100,81,134,130,21,91,62" hai1="53,103,121,54,18,74,11,78,77,95,79,59,57" hai2="117,5,20,35,26,126,128,50,1,27,135,38,84" hai3="132,51,56,105,52,0,66,36,107,48,94,64,118"/><W89/><G118/><T34/><D68/><U30/><E121/><V49/><F38/><W127/><G0/><T108/><D108/><U125/><E125/><V22/><F117/><W83/><G36/><T114/><D130/><U65/><E30/><N who="2" m="17735" /><F35/><W99/><G127/><T63/><D134/><U122/><E122/><V123/><F1/><W17/><G132/><T43/><D34/><U85/><E54/><V41/><F126/><W12/><G107/><T129/><D129/><U14/><E74/><V82/><F135/><W16/><G105/><T42/><D114/><U104/><E104/><V115/><F115/><W96/><G83/><T9/><D9/><U28/><E59/><V13/><F123/><W111/><G111/><T109/><D109/><U76/><E76/><N who="2" m="46151" /><F41/><W70/><G70/><T93/><D81/><U97/><E65/><N who="3" m="25194" /><G51/><T112/><D112/><U106/><E28/><N who="2" m="17527" /><F128/><W19/><G96/><T71/><D71/><U10/><E106/><V7/><F7/><W101/><G101/><T75/><D75/><U24/><E103/><N who="0" m="39465" /><D37/><U80/><E80/><V87/><F87/><W131/><G131/><T2/><D2/><U86/><E85/><V119/><F119/><W39/><G39/><T31/><D21/><AGARI ba="0,0" hai="12,16,17,19,21,48,52,56,89,94,99" m="25194" machi="21" ten="30,5800,0" yaku="8,1,54,2" doraHai="69" who="3" fromWho="0" sc="101,-58,289,0,332,0,278,58" owari="43,-45.7,289,-11.1,332,13.2,336,43.6" /></mjloggm>