<mjloggm ver="2.3"><GO type="225" lobby="0"/><UN n0="%E3%81%A1%E3%82%85%E3%81%86%E3%81%A9%E3%81%8F%E8%B1%A1%E3%81%95%E3%82%93" n1="%E9%80%9F%E6%B0%B4%E5%87%9B%E9%A6%99" n2="%E9%BB%92%E4%BA%BA%40%E3%81%8F%E3%82%8D%E3%82%93%E3%81%A1%E3%82%85" n3="%E5%84%AA%40%41%42%43" dan="17,16,16,17" rate="2161.57,2100.53,2085.99,2201.31" sx="M,F,M,M"/><TAIKYOKU oya="0"/><INIT seed="0,0,0,3,3,50" ten="250,250,250,250" oya="0" hai0="15,0,27,78,84,117,26,24,44,122,16,85,17" hai1="2,49,112,81,51,37,40,73,54,29,98,55,83" hai2="66,18,96,118,104,101,133,135,113,105,30,109,8" hai3="4,11,108,25,45,46,10,36,31,131,107,20,77"/><T95/><D122/><U74/><E2/><V103/><F113/><W63/><G107/><T71/><D117/><U102/><E29/><V9/><F118/><W41/><G108/><T130/><D71/><U34/><E34/><V57/><F30/><W126/><G131/><T6/><D130/><U35/><E35/><V47/><F47/><W64/><G126/><T119/><D119/><U90/><E90/><V70/><F70/><W124/><G124/><T91/><D0/><U134/><E112/><V62/><F109/><W86/><G45/><T82/><REACH who="0" step="1"/><D44/><REACH who="0" ten="240,250,250,250" step="2"/><U87/><E134/><N who="2" m="51211" /><F18/><W12/><G46/><T22/><D22/><U32/><E32/><V129/><F129/><W89/><G41/><T100/><D100/><U88/><E102/><V39/><F39/><W97/><G36/><T93/><D93/><U21/><E21/><V13/><F103/><W75/><G20/><T67/><D67/><U68/><E68/><V92/><F9/><AGARI ba="0,1" hai="6,9,15,16,17,24,26,27,78,82,84,85,91,95" machi="9" ten="40,7700,0" yaku="1,1,8,1,54,1,53,0" doraHai="50" doraHaiUra="42" who="0" fromWho="2" sc="240,87,250,0,250,-77,250,0" /><INIT seed="0,1,0,4,3,68" ten="327,250,173,250" oya="0" hai0="113,74,12,30,120,57,34,2,104,103,11,90,24" hai1="128,121,35,8,81,26,71,88,65,111,98,10,33" hai2="119,93,6,36,130,123,50,99,13,127,39,0,78" hai3="79,114,31,22,3,44,58,47,25,132,124,109,51"/><T18/><D113/><U95/><E121/><V23/><F123/><W66/><G114/><T72/><D120/><U106/><E111/><V92/><F0/><W45/><G109/><T64/><D90/><U85/><E128/><V87/><F130/><W83/><G3/><T107/><D2/><U86/><E86/><V96/><F127/><W14/><G132/><T42/><D42/><U20/><E106/><V69/><F69/><W91/><G124/><T67/><D107/><U55/><E33/><V94/><F119/><W134/><G134/><T63/><REACH who="0" step="1"/><D64/><REACH who="0" ten="317,250,173,250" step="2"/><U49/><E65/><V76/><F76/><W21/><G91/><T40/><D40/><U70/><E70/><V73/><F78/><W89/><G89/><T9/><D9/><U48/><E71/><V126/><F126/><W28/><G66/><T116/><D116/><U27/><E8/><V77/><F77/><W1/><G1/><T43/><D43/><U82/><E10/><V115/><F115/><W5/><G79/><T122/><D122/><U7/><E88/><V38/><F99/><AGARI ba="1,1" hai="11,12,18,24,30,34,57,63,67,72,74,99,103,104" machi="99" ten="40,2000,0" yaku="1,1,53,0" doraHai="68" doraHaiUra="32" who="0" fromWho="2" sc="317,33,250,0,173,-23,250,0" /><INIT seed="0,2,0,4,2,113" ten="350,250,150,250" oya="0" hai0="82,121,44,114,15,110,71,73,39,42,47,79,76" hai1="120,17,34,60,95,3,107,118,23,97,5,53,37" hai2="123,124,19,101,40,4,27,75,134,58,98,43,133" hai3="26,29,45,61,66,128,31,135,25,55,87,90,46"/><T116/><D114/><U41/><E120/><V132/><F123/><W111/><G111/><T99/><D121/><U105/><E34/><V130/><F75/><W126/><G135/><T2/><D71/><U68/><E41/><V57/><F4/><W86/><G128/><T85/><D110/><U13/><E37/><V62/><F57/><N who="3" m="37167" /><G126/><T91/><D2/><U115/><E115/><V35/><F130/><W21/><G55/><T30/><D30/><N who="3" m="11273" /><G87/><T88/><D44/><N who="3" m="17001" /><G21/><T36/><D116/><U108/><E118/><V1/><F1/><W92/><AGARI ba="2,0" hai="25,26,86,90,92" m="17001,11273,37167" machi="92" ten="30,1100,0" yaku="8,1" doraHai="113" who="3" fromWho="3" sc="350,-7,250,-5,150,-5,250,17" /><INIT seed="1,0,0,1,0,126" ten="343,245,145,267" oya="1" hai0="95,38,29,76,101,100,59,83,51,14,128,7,42" hai1="17,22,68,110,106,130,121,102,64,45,31,120,60" hai2="116,127,80,74,133,12,40,109,132,46,104,23,115" hai3="73,69,85,112,32,113,123,124,16,0,15,20,134"/><U108/><E31/><V107/><F116/><W52/><G73/><T119/><D38/><U33/><E33/><V84/><F74/><W2/><G69/><T90/><D29/><U94/><E94/><V55/><F109/><N who="1" m="42089" /><E102/><V93/><F127/><W98/><G124/><T114/><D114/><U105/><E45/><V48/><F115/><W103/><G123/><N who="1" m="47178" /><E130/><V28/><F93/><W67/><G32/><T26/><D128/><U10/><E10/><V27/><F12/><AGARI ba="0,0" hai="12,17,22,60,64,68,105,106" m="47178,42089" machi="12" ten="30,2900,0" yaku="14,1,10,1" doraHai="126" who="1" fromWho="2" sc="343,0,245,29,145,-29,267,0" /><INIT seed="1,1,0,0,5,19" ten="343,274,116,267" oya="1" hai0="93,120,30,73,7,61,102,106,134,50,29,64,23" hai1="32,118,8,44,129,101,90,84,91,89,133,132,46" hai2="105,100,122,12,88,127,94,83,97,69,24,52,26" hai3="82,15,65,80,42,49,112,56,128,74,1,87,96"/><U37/><E32/><V35/><F127/><W109/><G1/><T2/><D73/><U125/><E118/><V31/><F122/><W107/><G112/><T81/><D106/><U58/><E125/><V53/><F69/><W4/><G109/><T77/><D50/><U130/><E101/><V115/><F115/><W0/><G0/><T54/><D54/><U121/><E121/><V6/><F83/><W16/><G128/><N who="1" m="49258" /><E37/><V113/><F113/><W39/><G4/><T10/><D134/><N who="1" m="51819" /><E8/><V72/><F72/><W114/><G74/><T9/><D9/><U68/><E68/><V45/><F45/><N who="1" m="17513" /><E58/><V131/><F131/><W71/><G56/><T76/><D102/><U43/><E43/><V108/><F108/><W103/><G42/><T135/><D10/><U104/><E104/><V59/><F6/><W14/><G39/><T40/><D7/><U92/><AGARI ba="1,0" hai="84,89,90,91,92" m="17513,51819,49258" machi="92" ten="40,3900,0" yaku="19,1,20,1" doraHai="19" who="1" fromWho="1" sc="343,-14,274,42,116,-14,267,-14" /><INIT seed="1,2,0,0,1,14" ten="329,316,102,253" oya="1" hai0="93,126,5,59,129,75,23,6,36,113,98,83,57" hai1="120,24,67,111,112,82,116,3,130,61,25,21,33" hai2="53,12,41,109,39,22,29,124,94,104,114,34,127" hai3="48,88,81,99,47,2,38,117,66,128,125,131,133"/><U31/><E120/><V73/><F104/><W123/><G123/><T80/><D113/><U135/><E116/><V110/><F73/><W70/><G2/><T13/><D36/><U118/><E118/><V102/><F53/><W7/><G7/><N who="0" m="2571" /><D75/><U60/><E112/><V8/><F41/><W68/><G117/><T19/><D126/><N who="2" m="48170" /><F39/><W132/><G38/><T77/><D129/><N who="3" m="49737" /><G125/><T35/><D35/><U16/><E3/><V108/><F94/><N who="3" m="56775" /><G81/><N who="0" m="31307" /><D77/><U96/><E130/><V100/><F114/><W0/><G0/><T69/><D69/><N who="3" m="26729" /><G66/><T91/><AGARI ba="2,0" hai="13,19,23,57,59,91,93,98" m="31307,2571" machi="91" ten="30,2000,0" yaku="8,1,52,1" doraHai="14" who="0" fromWho="0" sc="329,26,316,-12,102,-7,253,-7" /><INIT seed="2,0,0,5,4,56" ten="355,304,95,246" oya="2" hai0="81,128,72,98,23,127,92,21,110,58,99,18,42" hai1="65,85,51,20,135,25,1,35,124,116,96,79,122" hai2="4,107,31,108,91,82,132,125,69,50,88,17,43" hai3="19,61,59,32,83,53,102,40,47,64,67,90,54"/><V13/><F107/><W104/><G32/><T78/><D110/><U14/><E116/><V39/><F39/><W106/><G102/><T52/><D128/><U111/><E1/><V49/><F69/><W133/><G133/><T84/><D127/><U134/><E111/><V22/><F108/><W121/><G121/><T45/><D72/><U114/><E114/><V15/><F132/><W70/><G64/><T74/><D74/><U63/><E124/><V66/><F66/><W119/><G54/><T100/><D98/><U46/><E35/><V34/><F125/><W36/><G19/><T48/><D18/><U105/><E14/><V77/><F34/><W6/><G6/><T62/><AGARI ba="0,0" hai="21,23,42,45,48,52,58,62,78,81,84,92,99,100" machi="62" ten="20,8000,1" yaku="0,1,7,1,8,1,52,1,54,1" doraHai="56" who="0" fromWho="0" sc="355,80,304,-20,95,-40,246,-20" /><INIT seed="3,0,0,4,3,75" ten="435,284,55,226" oya="3" hai0="126,45,122,118,69,58,96,125,30,7,93,120,86" hai1="22,21,6,97,70,84,79,59,40,55,130,114,29" hai2="3,17,124,53,18,1,123,42,116,73,66,95,35" hai3="89,103,54,34,47,77,109,102,111,98,67,15,16"/><W131/><G34/><T81/><D69/><U44/><E114/><V76/><F53/><W91/><G67/><T106/><D106/><U135/><E70/><V28/><F66/><W117/><G117/><T88/><D30/><U100/><E135/><V48/><F48/><N who="3" m="28959" /><G131/><T90/><D118/><U51/><E130/><V14/><F116/><W110/><G77/><T74/><D74/><U12/><E29/><V104/><F73/><W65/><G65/><T105/><D105/><U39/><E6/><V72/><F104/><N who="3" m="63575" /><G103/><T0/><D45/><U57/><E57/><V115/><F72/><W9/><AGARI ba="0,0" hai="9,15,16,89,91,109,110,111" m="63575,28959" machi="9" ten="30,6000,0" yaku="14,1,10,1,54,1" doraHai="75" who="3" fromWho="3" sc="435,-20,284,-20,55,-20,226,60" /><INIT seed="3,1,0,2,2,32" ten="415,264,35,286" oya="3" hai0="75,52,3,64,28,20,41,125,22,34,81,5,59" hai1="11,96,76,117,69,54,14,17,26,66,40,111,0" hai2="132,105,45,60,112,24,110,68,123,95,102,38,116" hai3="107,113,90,65,99,29,78,114,7,77,133,21,134"/><W103/><G65/><T47/><D64/><U48/><E111/><V23/><F23/><W82/><G29/><T19/><D34/><U18/><E117/><V71/><F24/><W51/><G21/><T92/><D28/><U74/><E40/><V27/><F95/><W119/><G51/><N who="0" m="31135" /><D19/><U127/><E127/><V36/><F27/><W30/><G7/><T62/><D62/><U2/><E76/><N who="3" m="29290" /><G30/><T1/><D92/><U135/><E74/><V131/><F102/><W87/><G119/><T100/><D100/><U6/><E135/><AGARI ba="1,0" hai="82,87,90,99,103,107,113,114,133,134,135" m="29290" machi="135" ten="30,5800,0" yaku="20,1,34,2" doraHai="32" who="3" fromWho="1" sc="415,0,264,-61,35,0,286,61" /><INIT seed="3,2,0,3,2,86" ten="415,203,35,347" oya="3" hai0="94,32,12,116,90,118,76,114,105,51,87,89,127" hai1="80,15,121,99,4,82,101,35,108,36,29,33,103" hai2="130,46,11,111,95,17,47,23,62,5,65,71,6" hai3="74,60,66,57,2,134,117,18,14,69,70,19,67"/><W120/><G117/><T43/><D32/><U64/><E36/><V85/><F111/><W131/><G120/><T112/><D105/><U88/><E121/><V81/><F130/><W40/><G2/><T55/><D127/><U84/><E108/><V91/><F95/><W0/><G0/><T59/><D76/><U41/><E41/><V63/><F63/><W77/><G131/><T45/><D12/><U133/><E133/><V16/><F17/><W107/><G107/><T129/><D90/><U58/><E29/><V30/><F30/><W100/><G100/><T44/><D129/><U52/><E64/><V122/><F122/><W109/><G109/><T106/><D106/><U93/><E80/><V20/><F20/><W115/><G115/><N who="0" m="44075" /><D44/><U126/><E126/><V26/><F6/><W56/><G134/><T42/><D42/><U34/><E4/><V13/><F46/><W22/><G40/><T37/><AGARI ba="2,0" hai="37,43,45,51,55,59,87,89,94,116,118" m="44075" machi="37" ten="30,2000,0" yaku="11,1,52,1" doraHai="86" who="0" fromWho="0" sc="415,26,203,-7,35,-7,347,-12" owari="441,54.1,196,-20.4,28,-47.2,335,13.5" /></mjloggm>