<mjloggm ver="2.3"><GO type="225" lobby="0"/><UN n0="%E6%B8%A1%E5%A4%A9%E8%97%8D" n1="%6D%75%75%6D%75%72%61" n2="%E3%81%B2%E3%81%AA%E3%81%AE%E3%82%8A%E3%81%8F" n3="%45%6C%79%73%69%75%6D" dan="16,16,17,17" rate="2123.55,2138.10,2210.08,2109.92" sx="F,F,M,F"/><TAIKYOKU oya="0"/><INIT seed="0,0,0,0,5,48" ten="250,250,250,250" oya="0" hai0="128,50,36,116,129,41,98,43,59,76,53,3,120" hai1="27,71,107,78,134,18,0,121,72,105,124,75,127" hai2="68,114,111,122,90,117,101,46,130,38,24,51,83" hai3="64,89,26,70,31,8,103,77,14,4,119,21,1"/><T37/><D3/><U25/><E121/><V35/><F101/><W87/><G119/><T109/><D76/><U108/><E71/><V106/><F106/><N who="1" m="40457" /><E78/><V102/><F102/><W96/><G77/><T73/><D73/><N who="1" m="28235" /><E0/><V97/><F97/><W104/><G64/><T113/><D98/><U17/><E108/><V112/><F90/><W80/><G70/><T65/><D116/><U66/><E66/><V110/><F83/><W40/><G40/><N who="0" m="15435" /><D120/><U135/><E25/><V133/><F122/><W11/><G11/><T6/><D6/><U81/><E27/><V49/><F24/><W125/><REACH who="3" step="1"/><G1/><REACH who="3" ten="250,250,250,240" step="2"/><T45/><D109/><N who="2" m="41482" /><F68/><W39/><G39/><N who="0" m="14923" /><D113/><U92/><E134/><V67/><F117/><W52/><G52/><N who="0" m="29775" /><D65/><U60/><E135/><V118/><F133/><W34/><G34/><T12/><D12/><U20/><E20/><V47/><F67/><W131/><G131/><T126/><D126/><AGARI ba="0,1" hai="4,8,14,21,26,31,80,87,89,96,103,104,125,126" machi="126" ten="40,1300,0" yaku="1,1,53,0" doraHai="48" doraHaiUra="56" who="3" fromWho="0" sc="250,-13,250,0,250,0,240,23" /><INIT seed="1,0,0,5,5,41" ten="237,250,250,263" oya="1" hai0="43,129,30,78,58,69,105,88,84,92,20,119,122" hai1="50,61,104,70,115,89,83,23,82,99,36,85,12" hai2="40,72,14,114,31,76,22,125,44,74,67,120,59" hai3="45,80,124,133,112,7,107,11,37,64,130,3,97"/><U4/><E36/><V33/><F120/><W21/><G112/><T48/><D69/><U103/><E115/><V109/><F114/><W38/><G130/><T113/><D119/><U66/><E83/><V13/><F33/><W35/><G35/><T39/><D39/><U63/><E63/><V96/><F109/><W34/><G34/><T100/><D113/><U55/><E4/><V93/><F125/><W46/><G124/><T18/><D129/><U9/><E9/><V6/><F76/><W91/><G133/><T102/><D122/><U5/><E5/><V87/><F87/><W8/><G21/><T90/><D105/><U25/><E12/><N who="2" m="4715" /><F44/><N who="3" m="17003" /><G64/><T49/><D43/><U1/><E1/><V52/><F67/><W116/><G8/><T54/><D48/><U94/><E50/><V51/><F74/><W101/><G116/><T68/><D68/><U24/><E55/><V17/><F40/><W60/><G60/><T98/><D78/><U86/><REACH who="1" step="1"/><E23/><REACH who="1" ten="237,240,250,263" step="2"/><V110/><F110/><W95/><G80/><T106/><D20/><U127/><E127/><V28/><F6/><W10/><G10/><T29/><D49/><U57/><E57/><V75/><F75/><W42/><G42/><T19/><D58/><U117/><E117/><V65/><F72/><W62/><G62/><T123/><D123/><U134/><E134/><V16/><F65/><W26/><G26/><T79/><D54/><U2/><E2/><V27/><F17/><W111/><G111/><T121/><D18/><U56/><E56/><V53/><F53/><W71/><G71/><T131/><D121/><RYUUKYOKU ba="0,1" sc="237,-30,240,10,250,10,263,10" hai1="24,25,61,66,70,82,85,86,89,94,99,103,104" hai2="16,22,27,28,31,51,52,59,93,96" hai3="3,7,11,37,38,91,95,97,101,107" /><INIT seed="1,1,1,4,1,90" ten="207,250,260,273" oya="1" hai0="33,18,48,16,54,110,129,5,92,83,44,106,65" hai1="118,74,23,100,6,27,25,30,87,59,122,42,85" hai2="109,47,120,76,84,38,64,1,80,61,75,121,70" hai3="26,113,135,115,73,91,4,10,126,41,130,134,71"/><U2/><E118/><V81/><F109/><W49/><G71/><T56/><D106/><U112/><E112/><V99/><F81/><W24/><G73/><T11/><D33/><U14/><E122/><V31/><F84/><W36/><G36/><T105/><D105/><U32/><E74/><V19/><F19/><W94/><G130/><T98/><D129/><U3/><E42/><V116/><F116/><W9/><G126/><T40/><D83/><U124/><E124/><V123/><F31/><W7/><G41/><T62/><D40/><U114/><E114/><N who="3" m="43530" /><G94/><T88/><REACH who="0" step="1"/><D110/><REACH who="0" ten="197,250,260,273" step="2"/><U29/><E32/><V39/><F120/><W0/><G134/><T51/><D51/><U96/><E30/><V53/><F121/><W66/><G49/><T95/><D95/><U34/><E29/><V101/><F123/><W37/><G37/><T21/><D21/><U78/><E34/><V82/><F39/><W35/><G35/><T13/><AGARI ba="1,2" hai="5,11,13,16,18,44,48,54,56,62,65,88,92,98" machi="13" ten="20,12000,2" yaku="1,1,0,1,7,1,8,1,52,1,54,2,53,0" doraHai="90" doraHaiUra="103" who="0" fromWho="0" sc="197,143,250,-61,260,-31,273,-31" /><INIT seed="2,0,0,2,3,0" ten="340,189,229,242" oya="2" hai0="82,6,129,115,3,100,98,114,30,11,89,59,67" hai1="1,130,51,75,46,7,61,125,65,116,40,92,109" hai2="20,76,16,41,86,94,133,93,34,107,69,64,120" hai3="126,21,13,90,85,43,38,122,62,124,56,84,14"/><V121/><F107/><W80/><G122/><T91/><D129/><U102/><E116/><V55/><F34/><W49/><G38/><T27/><D82/><U119/><E119/><V74/><F133/><W9/><G21/><T33/><D114/><U106/><E130/><V52/><F41/><W31/><G31/><T105/><D115/><U108/><E75/><V111/><F111/><W117/><G117/><T18/><D18/><U123/><E106/><V2/><F2/><W36/><G36/><T79/><D79/><U99/><E123/><V28/><F28/><W68/><G68/><T50/><D50/><U26/><E26/><V39/><F39/><W17/><G14/><T57/><D57/><U25/><E25/><V88/><F94/><W15/><G15/><T101/><D101/><U128/><E125/><N who="3" m="48234" /><G85/><T29/><D29/><U71/><REACH who="1" step="1"/><E128/><REACH who="1" ten="340,179,229,242" step="2"/><V131/><F131/><W81/><G81/><T78/><D27/><U23/><E23/><V132/><F121/><W58/><G62/><T87/><D105/><U19/><E19/><V12/><F120/><W112/><G112/><T83/><D33/><U44/><E44/><AGARI ba="0,1" hai="9,13,17,43,44,49,56,58,80,84,90" m="48234" machi="44" ten="30,1000,0" yaku="18,1" doraHai="0" who="3" fromWho="1" sc="340,0,179,-10,229,0,242,20" /><INIT seed="3,0,0,1,1,61" ten="340,169,229,262" oya="3" hai0="126,87,66,20,50,28,39,30,88,40,2,135,97" hai1="105,85,60,78,9,31,129,119,41,104,134,108,47" hai2="124,83,46,57,26,96,74,84,69,73,34,99,19" hai3="80,15,75,14,10,106,21,37,3,56,109,48,130"/><W116/><G37/><T54/><D39/><U64/><E108/><V62/><F69/><W127/><G106/><T0/><D2/><U36/><E129/><V72/><F124/><W45/><G56/><T35/><D35/><U29/><E134/><V58/><F58/><W12/><G127/><T17/><D0/><U59/><E119/><V77/><F46/><W67/><G130/><T27/><D135/><U23/><E9/><V53/><F34/><W65/><G116/><T125/><D40/><U120/><E120/><V79/><F79/><W111/><G21/><T55/><D55/><U76/><E76/><V92/><F92/><W132/><G132/><T107/><D125/><U113/><E113/><V81/><F81/><W123/><G123/><T8/><D8/><U5/><E5/><V131/><F131/><W71/><G71/><T100/><D66/><N who="3" m="25097" /><G80/><T32/><D32/><U1/><E1/><V133/><F133/><W122/><G75/><T49/><D126/><U112/><E112/><V42/><F83/><W82/><G82/><T16/><D107/><U52/><E78/><V68/><F57/><W4/><G122/><T95/><D95/><U89/><E104/><V128/><F74/><W118/><G118/><T86/><D20/><U33/><E105/><V11/><F73/><W43/><G3/><T102/><D28/><N who="1" m="10827" /><E33/><V117/><F68/><W44/><G4/><T101/><D30/><U13/><E23/><V91/><F72/><W93/><G109/><T90/><D50/><U115/><E115/><V70/><F128/><W24/><G111/><T63/><D49/><RYUUKYOKU ba="0,0" sc="340,0,169,0,229,0,262,0" owari="340,44.0,169,-33.1,229,-17.1,262,6.2" /></mjloggm>