<mjloggm ver="2.3"><GO type="225" lobby="0"/><UN n0="%E6%A1%9C%E8%8A%B1%E9%96%83%E3%80%85" n1="%E3%81%95%E3%81%8D%E3%81%9F%E3%81%BE%E6%9E%97%E6%AA%8E" n2="%E3%83%81%E3%83%AF%E3%83%AF%E9%9A%8A%E9%95%B7" n3="%E3%83%94%E3%83%B3%E3%82%B5%E3%83%AD%E5%BA%97%E5%93%A1" dan="16,16,17,16" rate="2182.66,2046.17,2208.17,2218.18" sx="M,M,M,M"/><TAIKYOKU oya="0"/><INIT seed="0,0,0,1,4,14" ten="250,250,250,250" oya="0" hai0="37,130,50,1,96,46,4,110,90,39,79,45,17" hai1="32,112,38,64,47,0,89,83,76,98,82,94,117" hai2="3,66,135,103,10,129,29,48,36,119,91,20,23" hai3="60,57,13,127,106,5,15,114,26,73,34,70,18"/><T77/><D130/><U126/><E117/><V121/><F36/><W63/><G114/><T11/><D39/><U107/><E0/><V99/><F121/><W122/><G73/><T16/><D37/><U67/><E126/><V92/><F119/><W101/><G127/><T21/><D110/><U88/><E32/><V69/><F129/><W104/><G122/><T54/><D46/><U42/><E112/><V93/><F135/><W118/><G118/><T120/><D120/><U25/><E107/><V51/><F69/><W75/><G75/><T128/><D128/><U30/><E89/><V115/><F115/><W113/><G113/><T108/><D108/><U81/><REACH who="1" step="1"/><E76/><REACH who="1" ten="250,240,250,250" step="2"/><V44/><F3/><W124/><G34/><T56/><D79/><U58/><E58/><V65/><F91/><W41/><G57/><T59/><D77/><U133/><E133/><V87/><F103/><W2/><G101/><T40/><D59/><U100/><E100/><V71/><F71/><W7/><G70/><T22/><D90/><U31/><E31/><V105/><F29/><W24/><G2/><T8/><D96/><U97/><E97/><V28/><F99/><W131/><G131/><T52/><D56/><U72/><E72/><V27/><F105/><W125/><G41/><T111/><D111/><U12/><E12/><V74/><F74/><W132/><G132/><T123/><D123/><U19/><E19/><AGARI ba="0,1" hai="5,7,13,15,18,19,24,26,60,63,104,106,124,125" machi="19" ten="25,6400,0" yaku="22,2,52,2" doraHai="14" who="3" fromWho="1" sc="250,0,240,-64,250,0,250,74" /><INIT seed="1,0,0,4,3,39" ten="250,176,250,324" oya="1" hai0="30,48,10,83,77,91,32,59,127,105,126,116,26" hai1="72,50,73,88,12,42,89,123,8,65,21,2,1" hai2="57,82,113,111,47,9,96,131,23,120,68,17,62" hai3="35,58,71,85,36,94,33,46,92,115,80,43,133"/><U0/><E123/><V102/><F120/><W63/><G115/><T76/><D116/><U31/><E65/><V101/><F68/><W132/><G71/><T109/><D105/><U118/><E118/><V27/><F113/><W14/><G14/><T114/><D114/><U110/><E110/><V53/><F111/><W93/><G35/><T78/><D109/><U5/><E73/><V6/><F131/><W119/><G33/><T7/><D91/><U28/><E72/><V97/><F82/><W49/><G36/><T60/><D83/><U64/><E64/><V95/><F47/><W74/><G74/><T34/><D48/><U56/><E56/><V99/><REACH who="2" step="1"/><F102/><REACH who="2" ten="250,176,240,324" step="2"/><W106/><G119/><T51/><D126/><U37/><E37/><V125/><F125/><W84/><G80/><T70/><D127/><U61/><E61/><V75/><F75/><W16/><G63/><T22/><D70/><U18/><E89/><V107/><F107/><W128/><G106/><T44/><D60/><U79/><E88/><V129/><F129/><W66/><G128/><T81/><D81/><U19/><E79/><V13/><AGARI ba="0,1" hai="6,9,13,17,23,27,53,57,62,95,96,97,99,101" machi="13" ten="20,5200,0" yaku="1,1,0,1,7,1,8,1,53,0" doraHai="39" doraHaiUra="41" who="2" fromWho="2" sc="250,-13,176,-26,240,62,324,-13" /><INIT seed="2,0,0,0,0,30" ten="237,150,302,311" oya="2" hai0="133,2,82,124,80,42,55,13,97,24,9,52,114" hai1="53,127,94,109,91,125,4,16,6,11,74,60,41" hai2="51,96,50,32,92,93,64,23,111,79,134,107,37" hai3="35,48,3,112,39,118,59,106,70,44,73,15,33"/><V57/><F37/><W103/><G118/><T62/><D114/><U83/><E41/><V81/><F134/><W100/><G3/><T28/><D2/><U88/><E109/><V105/><F111/><W130/><G73/><T104/><D133/><U71/><E71/><V129/><F129/><W63/><G130/><T131/><D131/><U29/><E29/><V77/><F32/><W108/><G108/><T123/><D123/><U5/><E74/><V69/><F69/><W116/><G116/><T0/><D0/><U21/><E11/><V22/><F57/><W14/><G39/><T87/><D42/><U61/><E83/><V38/><F38/><W43/><G70/><T19/><D124/><N who="1" m="47691" /><E91/><V102/><F81/><W101/><G106/><T34/><D82/><U54/><E61/><V65/><F96/><W126/><G112/><T1/><D62/><U46/><E60/><V27/><F27/><W8/><G14/><T47/><D47/><U25/><E46/><V49/><F49/><W40/><G40/><T89/><REACH who="0" step="1"/><D1/><REACH who="0" ten="227,150,302,311" step="2"/><U84/><AGARI ba="0,1" hai="4,5,6,16,21,25,53,54,84,88,94" m="47691" machi="84" ten="30,4000,0" yaku="18,1,54,2" doraHai="30" who="1" fromWho="1" sc="227,-10,150,50,302,-20,311,-10" /><INIT seed="3,0,0,4,3,88" ten="217,200,282,301" oya="3" hai0="78,6,41,79,102,86,64,112,44,17,54,125,45" hai1="104,77,132,93,34,2,84,89,25,76,73,46,53" hai2="1,16,85,67,98,4,3,123,61,47,118,68,42" hai3="116,81,20,26,51,117,131,27,109,29,65,52,124"/><W8/><G65/><T90/><D125/><U56/><E2/><V121/><F118/><W115/><G115/><T66/><D6/><U21/><E104/><V19/><F85/><W96/><G124/><T92/><D112/><U39/><E34/><V106/><F1/><W48/><G131/><T31/><D31/><N who="1" m="17839" /><E39/><N who="2" m="21983" /><F19/><W119/><G109/><T49/><D102/><U108/><E108/><V120/><F16/><W97/><G8/><T71/><D17/><U87/><E132/><V57/><F57/><W23/><G81/><T114/><D114/><U10/><E73/><V37/><F37/><W127/><G127/><T7/><D7/><U99/><E46/><V12/><F12/><W32/><G48/><T135/><D135/><U70/><E70/><V134/><F134/><W15/><G15/><T22/><D22/><U83/><E10/><N who="2" m="2335" /><F123/><W60/><G60/><T122/><D122/><U101/><E87/><V111/><F111/><W95/><G27/><T69/><D69/><U75/><E75/><V100/><AGARI ba="0,0" hai="61,67,68,98,100,106,120,121" m="2335,21983" machi="100" ten="30,1100,0" yaku="23,1" doraHai="88" who="2" fromWho="2" sc="217,-3,200,-3,282,11,301,-5" /><INIT seed="4,0,0,4,1,11" ten="214,197,293,296" oya="0" hai0="61,114,68,22,4,127,79,66,123,51,80,85,119" hai1="89,59,76,94,15,41,48,37,21,120,47,30,90" hai2="118,117,20,2,40,77,54,130,112,64,8,35,108" hai3="3,96,16,5,82,131,26,52,124,99,67,71,31"/><T106/><D119/><N who="2" m="45578" /><F108/><W113/><G113/><T12/><D123/><U49/><E120/><V75/><F35/><W38/><G38/><T93/><D106/><U63/><E76/><V19/><F112/><W29/><G131/><T55/><D114/><U126/><E126/><V9/><F130/><W102/><G124/><T34/><D34/><U53/><E89/><V103/><F2/><W98/><G71/><T56/><D127/><U97/><REACH who="1" step="1"/><E30/><REACH who="1" ten="214,187,293,296" step="2"/><V62/><F77/><W65/><G29/><T116/><D116/><U32/><E32/><V104/><F103/><W91/><G31/><T84/><D4/><U50/><E50/><V83/><F75/><W45/><G102/><T87/><REACH who="0" step="1"/><D93/><REACH who="0" ten="204,187,293,296" step="2"/><U0/><E0/><V109/><F104/><W125/><G125/><T135/><D135/><U1/><E1/><V132/><F132/><W110/><G5/><T10/><D10/><U28/><E28/><V17/><F8/><W105/><G3/><T23/><D23/><U88/><E88/><V33/><F9/><W101/><G105/><T24/><D24/><U107/><E107/><V122/><F33/><W115/><G115/><T25/><D25/><U18/><AGARI ba="0,2" hai="15,18,21,37,41,47,48,49,53,59,63,90,94,97" machi="18" ten="30,8000,1" yaku="1,1,0,1,52,1,53,2" doraHai="11" doraHaiUra="46" who="1" fromWho="1" sc="204,-40,187,100,293,-20,296,-20" /><INIT seed="5,0,0,5,0,111" ten="164,287,273,276" oya="1" hai0="104,116,113,81,94,121,95,80,44,115,79,17,12" hai1="47,99,109,67,29,131,68,52,18,119,39,70,85" hai2="55,73,105,16,93,40,38,130,125,114,58,126,20" hai3="48,89,69,7,26,33,62,50,76,51,37,34,120"/><U132/><E119/><V61/><F105/><W59/><G120/><T112/><D116/><U100/><E132/><V54/><F73/><W77/><G37/><T41/><D104/><U71/><E29/><V10/><F130/><W65/><G7/><T19/><D121/><U128/><E109/><V28/><F28/><W127/><G127/><N who="2" m="48649" /><F10/><W42/><G42/><T64/><D64/><U11/><E85/><V134/><F134/><W27/><G69/><T32/><D32/><U24/><E11/><V13/><F93/><N who="0" m="35338" /><D12/><U3/><E3/><V72/><F72/><W78/><REACH who="3" step="1"/><G89/><REACH who="3" ten="164,287,273,266" step="2"/><T2/><D2/><U83/><E83/><N who="0" m="31817" /><D79/><U88/><E71/><V60/><F38/><AGARI ba="0,1" hai="17,19,38,41,44,112,113,115" m="31817,35338" machi="38" ten="40,8000,1" yaku="15,1,52,3" doraHai="111" who="0" fromWho="2" sc="164,90,287,0,273,-80,266,0" /><INIT seed="6,0,0,3,0,4" ten="254,287,193,266" oya="2" hai0="102,10,87,130,12,105,65,72,3,74,122,78,48" hai1="38,129,35,81,97,55,47,86,27,124,59,69,8" hai2="34,71,63,52,53,95,30,113,111,116,46,112,58" hai3="64,26,134,50,99,33,92,19,89,68,110,6,119"/><V131/><F116/><W37/><G110/><T132/><D122/><U21/><E69/><V43/><F111/><W123/><G37/><T9/><D130/><U24/><E129/><V5/><F131/><W61/><G123/><T56/><D3/><U51/><E124/><V118/><F118/><W42/><G119/><T103/><D132/><U20/><E35/><V62/><F5/><W82/><G134/><T1/><D1/><U94/><E38/><V77/><F77/><W39/><G39/><T36/><D36/><U125/><E125/><V83/><F83/><W49/><G42/><T23/><D105/><U25/><E47/><V41/><F95/><W90/><G6/><T44/><D74/><U7/><E94/><V128/><F128/><W101/><G33/><T88/><D78/><N who="1" m="46391" /><E97/><V70/><F34/><W120/><G120/><T96/><D23/><U2/><E2/><V121/><F121/><W15/><G26/><T75/><D75/><U29/><E29/><V11/><F30/><W45/><G82/><N who="0" m="49271" /><D72/><U114/><E114/><V109/><F109/><W106/><G106/><T22/><D22/><U16/><E21/><V108/><F108/><W126/><G126/><T40/><D96/><U57/><E57/><V107/><F107/><W31/><G31/><T85/><D85/><U67/><E67/><V28/><F28/><W32/><G32/><T76/><D76/><U98/><E98/><V133/><F133/><W135/><G135/><T18/><D9/><U104/><E104/><V93/><F11/><N who="3" m="6655" /><G45/><T127/><D127/><U91/><E91/><V60/><F113/><RYUUKYOKU ba="0,0" sc="254,10,287,10,193,-30,266,10" hai0="10,12,18,40,44,48,56,65,102,103" hai1="7,8,16,20,24,25,27,51,55,59" hai3="49,50,61,64,68,89,90,92,99,101" /><INIT seed="7,1,0,5,3,49" ten="264,297,163,276" oya="3" hai0="133,42,1,55,90,64,27,72,123,10,32,39,48" hai1="35,71,112,101,92,81,56,26,28,129,99,57,62" hai2="67,95,0,5,2,110,47,108,21,130,107,88,96" hai3="50,117,58,14,69,75,13,70,86,78,93,83,111"/><W77/><G117/><T89/><D123/><U52/><E112/><V30/><F130/><W15/><G111/><T44/><D133/><U37/><E129/><V63/><F107/><W59/><G78/><T85/><D64/><U22/><E37/><V68/><F0/><W46/><G75/><T121/><D121/><U29/><E71/><V118/><F118/><W124/><G124/><T66/><D66/><N who="1" m="39239" /><E35/><V24/><F2/><W36/><G36/><T91/><D72/><U104/><E104/><V31/><F5/><W132/><G132/><T16/><D32/><U12/><E12/><V106/><F106/><W105/><G105/><T128/><D128/><U79/><E79/><V135/><F135/><W38/><G38/><T11/><D1/><U122/><E81/><V61/><F61/><W4/><G4/><T7/><D7/><U23/><E23/><V103/><F30/><W126/><G126/><T17/><D85/><U113/><E113/><V74/><F74/><W87/><G70/><T102/><D102/><U116/><E116/><V33/><F33/><W134/><G69/><T131/><D131/><U97/><E97/><V76/><F76/><W80/><G80/><T65/><D65/><U40/><E40/><V54/><REACH who="2" step="1"/><F103/><REACH who="2" ten="264,297,153,276" step="2"/><W120/><G134/><T73/><D73/><U19/><E122/><V6/><F6/><W53/><G120/><T119/><D119/><U100/><E100/><V25/><F25/><W18/><G18/><N who="0" m="7275" /><D27/><U114/><E114/><V94/><F94/><W45/><G77/><T84/><D84/><N who="3" m="32297" /><G93/><T34/><D34/><U109/><E109/><RYUUKYOKU ba="1,1" sc="264,10,297,10,153,10,276,-30" hai0="10,11,39,42,44,48,55,89,90,91" hai1="19,22,26,28,29,52,57,92,99,101" hai2="21,24,31,47,54,63,67,68,88,95,96,108,110" owari="274,7.4,317,41.7,163,-33.7,246,-15.4" /></mjloggm>