<mjloggm ver="2.3"><GO type="225" lobby="0"/><UN n0="%E3%81%B5%E3%81%98%E3%81%8B%E3%81%A4" n1="%72%69%6F%75%63%68%61%6E" n2="%E3%83%81%E3%83%AF%E3%83%AF%E9%9A%8A%E9%95%B7" n3="%73%73%6B%5F%66%72%65%65" dan="17,16,16,16" rate="2195.42,2220.90,2107.69,2059.52" sx="M,M,M,M"/><TAIKYOKU oya="0"/><INIT seed="0,0,0,3,5,37" ten="250,250,250,250" oya="0" hai0="13,49,30,69,14,79,6,40,89,4,112,7,114" hai1="132,93,33,56,78,36,98,96,90,65,133,55,16" hai2="27,100,42,86,99,8,57,117,26,46,131,50,2" hai3="51,134,119,108,11,71,74,76,62,128,17,85,110"/><T107/><D69/><U106/><E33/><V39/><F131/><W22/><G119/><T3/><D107/><U31/><E31/><V120/><F120/><W12/><G134/><N who="1" m="51818" /><E36/><V41/><F117/><W91/><G128/><T121/><D121/><U60/><E78/><V80/><F2/><W135/><G135/><T43/><D79/><U0/><E0/><V101/><F8/><W25/><G51/><T9/><D30/><U24/><E106/><V129/><F129/><W105/><G105/><T111/><D3/><U102/><E65/><V47/><F57/><W66/><G76/><T97/><D49/><U64/><E64/><V116/><F116/><W72/><G108/><T130/><D130/><U87/><E102/><V52/><F101/><W127/><G127/><T88/><D4/><U63/><E60/><V83/><F52/><W123/><G123/><T124/><D9/><U67/><E67/><V21/><F86/><W118/><G118/><T104/><D104/><U61/><E61/><V82/><REACH who="2" step="1"/><F21/><AGARI ba="0,0" hai="16,21,24,55,56,63,87,90,93,96,98" m="51818" machi="21" ten="30,2000,0" yaku="20,1,54,1" doraHai="37" who="1" fromWho="2" sc="250,0,250,20,250,-20,250,0" /><INIT seed="1,0,0,0,5,120" ten="250,270,230,250" oya="1" hai0="46,76,11,78,109,58,23,133,32,22,38,94,57" hai1="79,105,41,1,60,45,99,24,102,10,44,14,62" hai2="30,18,126,112,135,27,97,49,51,104,54,101,28" hai3="31,19,98,131,132,5,117,129,39,17,16,69,95"/><U59/><E1/><V85/><F112/><W55/><G132/><T70/><D70/><U37/><E79/><V92/><F135/><W88/><G117/><T124/><D133/><U25/><E45/><V26/><F126/><W128/><G69/><T42/><D124/><U123/><E123/><V53/><F18/><W13/><G39/><T33/><D94/><U90/><E90/><V119/><F119/><W65/><G65/><T40/><D46/><U81/><E81/><V21/><F104/><W34/><G55/><N who="2" m="21001" /><F85/><W73/><G73/><T115/><D11/><U35/><E35/><V7/><F7/><W61/><G61/><T56/><D56/><U3/><E3/><V82/><F82/><W134/><G134/><T106/><D106/><U48/><E37/><V66/><F66/><W12/><G5/><T86/><D86/><U47/><E47/><V72/><F72/><W108/><G108/><T110/><REACH who="0" step="1"/><D38/><REACH who="0" ten="240,270,230,250" step="2"/><U130/><E59/><V50/><F92/><W114/><G114/><AGARI ba="0,1" hai="22,23,32,33,40,42,57,58,76,78,109,110,114,115" machi="114" ten="25,16000,3" yaku="1,1,2,1,22,2,52,2,53,2" doraHai="120" doraHaiUra="29" who="0" fromWho="3" sc="240,170,270,0,230,0,250,-160" /><INIT seed="2,0,0,2,0,63" ten="410,270,230,90" oya="2" hai0="11,94,8,39,30,87,52,93,68,7,60,31,0" hai1="25,38,98,119,49,83,130,111,104,67,127,118,27" hai2="22,113,15,42,97,110,76,92,14,17,40,99,69" hai3="33,13,112,57,18,70,21,64,86,50,56,29,79"/><V72/><F113/><W90/><G112/><T116/><D39/><U95/><E38/><V54/><F110/><W10/><G79/><T102/><D116/><U96/><E104/><V35/><F35/><W6/><G50/><T120/><D120/><U3/><E3/><V115/><F115/><W5/><G5/><T19/><D93/><U117/><E111/><V109/><F109/><W59/><G33/><T1/><D19/><U77/><E96/><V84/><F72/><W44/><G29/><T65/><D52/><U62/><E127/><V128/><F128/><W132/><G44/><T103/><D87/><U66/><E49/><V91/><F69/><W100/><G100/><T61/><D94/><U43/><E43/><N who="2" m="16427" /><F76/><W78/><G78/><T24/><D24/><U2/><E2/><V89/><F89/><W71/><G132/><T107/><D7/><U125/><E125/><V123/><F123/><W124/><G124/><T9/><D9/><U80/><E130/><V85/><F85/><W36/><G36/><T121/><D68/><U48/><E48/><V20/><F54/><W101/><G101/><T106/><REACH who="0" step="1"/><D121/><REACH who="0" ten="400,270,230,90" step="2"/><U126/><E126/><V135/><F135/><W12/><REACH who="3" step="1"/><G64/><AGARI ba="0,1" hai="0,1,8,11,30,31,60,61,64,65,102,103,106,107" machi="64" ten="25,16000,3" yaku="1,1,2,1,22,2,52,2,53,2" doraHai="63" doraHaiUra="58" who="0" fromWho="3" sc="400,170,270,0,230,0,90,-160" owari="570,67.0,270,7.0,230,-17.0,-70,-57.0" /></mjloggm>