<mjloggm ver="2.3"><GO type="225" lobby="0"/><UN n0="%E3%81%A1%E3%82%85%E3%81%86%E3%81%A9%E3%81%8F%E8%B1%A1%E3%81%95%E3%82%93" n1="%E3%83%A9%E3%83%BC%E3%83%A1%E3%83%B3%E4%BA%94%E9%83%8E" n2="%E6%A1%9C%E8%8A%B1%E9%96%83%E3%80%85" n3="%E3%81%82%E3%82%93%E3%81%AA%E3%81%A4" dan="16,16,18,16" rate="2101.94,2090.52,2282.83,2124.55" sx="M,M,M,M"/><TAIKYOKU oya="0"/><INIT seed="0,0,0,2,0,90" ten="250,250,250,250" oya="0" hai0="125,64,46,47,114,23,62,74,70,41,100,22,34" hai1="72,12,51,110,35,134,31,1,33,107,8,102,126" hai2="116,5,50,6,119,27,19,68,86,59,85,11,67" hai3="124,56,69,4,127,14,10,16,121,52,84,58,112"/><T24/><D114/><U83/><E110/><V60/><F68/><W54/><G112/><T38/><D74/><U77/><E126/><N who="3" m="48170" /><G69/><T28/><D125/><U7/><E134/><V122/><F122/><W40/><G40/><T2/><D2/><U80/><E80/><V43/><F43/><W20/><G84/><N who="2" m="32361" /><F50/><N who="3" m="30743" /><G121/><T103/><REACH who="0" step="1"/><D46/><REACH who="0" ten="240,250,250,250" step="2"/><U76/><E1/><V42/><F119/><W73/><G73/><T15/><D15/><U81/><E12/><N who="2" m="7583" /><F116/><W98/><G98/><T97/><D97/><U117/><E117/><V91/><F27/><N who="3" m="14727" /><G58/><T128/><D128/><U130/><E130/><V13/><F13/><W78/><G78/><T133/><D133/><U92/><E76/><V21/><F59/><W48/><G14/><T57/><D57/><U108/><E77/><V104/><F5/><W55/><G4/><T129/><D129/><U37/><E7/><V63/><F6/><W53/><G10/><T132/><D132/><U82/><E8/><V93/><F63/><W109/><G109/><T71/><D71/><U99/><E108/><V87/><F60/><W88/><G48/><T9/><D9/><U61/><E51/><V131/><F131/><W65/><G65/><T30/><D30/><U95/><E72/><V106/><F67/><W120/><G120/><T3/><D3/><U96/><E61/><V25/><F42/><W113/><G113/><T115/><D115/><U94/><E31/><V135/><F135/><W75/><G75/><T44/><D44/><U79/><E79/><V101/><F25/><W26/><G26/><T29/><D29/><U123/><E123/><RYUUKYOKU ba="0,1" sc="240,15,250,-15,250,-15,250,15" hai0="22,23,24,28,34,38,41,47,62,64,70,100,103" hai3="53,54,55,88" /><INIT seed="0,1,1,2,0,79" ten="255,235,235,265" oya="0" hai0="24,117,99,65,43,122,34,14,3,113,15,83,70" hai1="132,55,100,42,115,81,126,133,128,127,20,76,12" hai2="48,5,9,46,6,121,135,91,37,116,57,78,68" hai3="66,105,130,40,56,23,61,134,125,131,31,96,69"/><T129/><D122/><U7/><E115/><V60/><F121/><W22/><G134/><N who="1" m="51818" /><E42/><V88/><F135/><W28/><G125/><N who="1" m="47626" /><E100/><V120/><F120/><W50/><G105/><T98/><D113/><U16/><E7/><V80/><F68/><W35/><G96/><T39/><D70/><U92/><E92/><V2/><F6/><W64/><G69/><T18/><D43/><U97/><E97/><V74/><F116/><W59/><G40/><T112/><D98/><U25/><E55/><V10/><F10/><W95/><G95/><T72/><D99/><U94/><E94/><V93/><F37/><W108/><G108/><T26/><D39/><U111/><E111/><V107/><F93/><W52/><G64/><T29/><D65/><U85/><E128/><N who="3" m="49194" /><G35/><T106/><D129/><U119/><E119/><V8/><F107/><W11/><G66/><T17/><D106/><U53/><E53/><V41/><F9/><W86/><G11/><T114/><D117/><U71/><E71/><V103/><F103/><W38/><G38/><T49/><D3/><U62/><E62/><V19/><F19/><W51/><G61/><T4/><D4/><U44/><E44/><V110/><F110/><W1/><G1/><T47/><D112/><U63/><E63/><V90/><F60/><W27/><G59/><T104/><D114/><U101/><E101/><V124/><F124/><W13/><G56/><T118/><D104/><U123/><E123/><V36/><F48/><W67/><G51/><T54/><D118/><U0/><E0/><V77/><F57/><W84/><G50/><RYUUKYOKU ba="1,1" sc="255,-15,235,15,235,15,265,-15" hai1="12,16,20,25,76,81,85" hai2="2,5,8,36,41,46,74,77,78,80,88,90,91" /><INIT seed="1,2,1,5,1,125" ten="240,250,250,250" oya="1" hai0="78,88,12,129,8,2,37,101,72,124,6,112,132" hai1="116,71,94,5,30,3,102,111,9,119,105,44,65" hai2="93,41,86,57,26,29,14,133,104,52,38,70,106" hai3="4,84,114,31,33,118,56,32,122,46,126,131,110"/><U61/><E111/><V103/><F70/><W63/><G122/><T120/><D112/><U50/><E105/><V87/><F133/><W27/><G114/><T22/><D124/><U92/><E30/><V123/><F123/><W68/><G126/><T13/><D132/><U58/><E71/><V100/><F104/><W23/><G110/><T69/><D69/><U40/><REACH who="1" step="1"/><E102/><REACH who="1" ten="240,240,250,250" step="2"/><V18/><F103/><W48/><G68/><T34/><D101/><U98/><E98/><V51/><F106/><W47/><G31/><T39/><D120/><U7/><E7/><V36/><F100/><W81/><G4/><T28/><D6/><U89/><E89/><V19/><F19/><W128/><G118/><AGARI ba="2,2" hai="3,5,9,40,44,50,58,61,65,92,94,116,118,119" machi="118" ten="40,2000,0" yaku="1,1,53,0" doraHai="125" doraHaiUra="10" who="1" fromWho="3" sc="240,0,240,46,250,0,250,-26" /><INIT seed="1,3,0,2,1,66" ten="240,286,250,224" oya="1" hai0="86,119,51,2,108,129,78,97,92,22,133,16,74" hai1="64,49,73,46,39,71,116,75,96,62,61,128,127" hai2="55,47,21,100,17,6,63,110,118,93,88,50,87" hai3="113,36,109,35,60,90,13,15,120,32,52,85,18"/><U4/><E116/><V135/><F110/><W42/><G120/><T56/><D119/><U37/><E127/><V12/><F135/><W124/><G109/><T8/><D108/><U117/><E117/><V131/><F131/><W123/><G123/><T70/><D133/><U3/><E128/><V132/><F132/><W68/><G124/><T106/><D129/><U11/><E96/><V130/><F130/><W9/><G13/><T115/><D115/><U80/><E61/><V122/><F118/><W43/><G113/><T67/><D106/><U20/><E20/><V58/><F122/><W45/><G42/><T105/><D105/><U72/><REACH who="1" step="1"/><E80/><REACH who="1" ten="240,276,250,224" step="2"/><V14/><F100/><W99/><G99/><T41/><D97/><U94/><E94/><V26/><REACH who="2" step="1"/><F6/><REACH who="2" ten="240,276,240,224" step="2"/><W1/><G32/><T28/><D92/><U82/><E82/><V91/><F91/><W33/><G33/><T38/><D78/><U65/><E65/><AGARI ba="3,2" hai="12,14,17,21,26,47,50,55,58,63,65,87,88,93" machi="65" ten="30,7700,0" yaku="1,1,7,1,8,1,54,1,53,0" doraHai="66" doraHaiUra="5" who="2" fromWho="1" sc="240,0,276,-86,240,106,224,0" /><INIT seed="2,0,0,2,5,38" ten="240,190,346,224" oya="2" hai0="45,122,26,22,103,17,1,89,70,114,132,105,59" hai1="97,7,69,8,133,131,13,4,130,32,124,24,96" hai2="16,3,101,55,35,117,33,2,127,80,68,42,46" hai3="79,82,88,112,78,60,39,58,14,48,90,61,108"/><V23/><F117/><W54/><G108/><T9/><D122/><U104/><E69/><V99/><F68/><W123/><G123/><T47/><D70/><U28/><E104/><V51/><F127/><W115/><G39/><T56/><D132/><U98/><E133/><V64/><F64/><W116/><G116/><T52/><D114/><N who="3" m="43561" /><G14/><T11/><D56/><U34/><E124/><V62/><F80/><W73/><G79/><T107/><D89/><AGARI ba="0,0" hai="48,54,58,60,61,73,78,82,88,89,90" m="43561" machi="89" ten="30,2000,0" yaku="11,1,54,1" doraHai="38" who="3" fromWho="0" sc="240,-20,190,0,346,0,224,20" /><INIT seed="3,0,0,0,5,134" ten="220,190,346,244" oya="3" hai0="24,110,63,113,123,35,76,45,93,120,12,100,70" hai1="79,64,94,131,101,20,81,36,112,104,114,75,56" hai2="43,15,23,116,119,25,62,41,105,5,122,16,53" hai3="34,60,97,89,28,30,1,31,59,133,52,129,37"/><W27/><G133/><T80/><D45/><U88/><E36/><V9/><F105/><W130/><G1/><T3/><D3/><U69/><E69/><V4/><F122/><W87/><G37/><T32/><D12/><U103/><E20/><V66/><F5/><W96/><G27/><T61/><D110/><U48/><E48/><V109/><F109/><W83/><REACH who="3" step="1"/><G34/><REACH who="3" ten="220,190,346,234" step="2"/><T13/><D24/><U54/><E131/><AGARI ba="0,1" hai="28,30,31,52,59,60,83,87,89,96,97,129,130,131" machi="131" ten="40,12000,1" yaku="1,1,2,1,19,1,54,1,53,0" doraHai="134" doraHaiUra="29" who="3" fromWho="1" sc="220,0,190,-120,346,0,234,130" owari="220,-18.0,70,-43.0,346,14.6,364,46.4" /></mjloggm>