<mjloggm ver="2.3"><GO type="225" lobby="0"/><UN n0="%33%74%72%65%65" n1="%41%54%53%4D" n2="%72%69%6F%75%63%68%61%6E" n3="%6D%75%75%6D%75%72%61" dan="17,16,17,17" rate="2169.74,2125.61,2228.36,2198.98" sx="F,M,M,F"/><TAIKYOKU oya="0"/><INIT seed="0,0,0,1,2,104" ten="250,250,250,250" oya="0" hai0="123,95,68,130,58,34,108,49,29,67,30,53,83" hai1="63,3,6,125,124,129,11,65,23,89,19,112,69" hai2="47,51,113,82,133,8,91,85,4,94,31,75,87" hai3="32,88,27,71,101,90,73,42,39,37,98,77,7"/><T81/><D123/><U35/><E35/><V33/><F133/><W16/><G71/><T62/><D108/><U110/><E110/><V76/><F113/><W66/><G66/><T131/><D95/><U107/><E112/><V59/><F59/><W103/><G7/><T96/><D96/><U1/><E129/><N who="0" m="49161" /><D34/><U24/><E107/><V64/><F33/><W84/><G90/><T52/><D53/><U132/><E132/><V86/><F31/><AGARI ba="0,0" hai="29,30,31,49,52,58,62,67,68,81,83" m="49161" machi="31" ten="30,2900,0" yaku="19,1,54,1" doraHai="104" who="0" fromWho="2" sc="250,29,250,0,250,-29,250,0" /><INIT seed="0,1,0,0,1,49" ten="279,250,221,250" oya="0" hai0="29,50,80,42,125,58,113,71,78,44,98,37,22" hai1="90,127,122,26,19,8,32,34,133,87,41,54,60" hai2="33,94,99,132,110,124,135,76,88,123,36,104,121" hai3="64,120,4,118,31,72,109,20,18,56,85,17,3"/><T10/><D113/><U9/><E122/><N who="2" m="46603" /><F33/><W55/><G120/><T119/><D119/><U100/><E133/><N who="2" m="51275" /><F36/><W92/><G118/><T73/><D125/><U30/><E127/><V116/><F124/><W126/><G126/><T93/><D71/><U47/><E100/><N who="2" m="62495" /><F116/><W40/><G109/><T11/><D29/><U70/><E32/><V84/><F76/><W23/><G31/><T1/><D1/><U130/><E130/><V106/><F106/><W35/><G35/><T101/><REACH who="0" step="1"/><D22/><REACH who="0" ten="269,250,221,250" step="2"/><U59/><E70/><V53/><F53/><AGARI ba="1,1" hai="10,11,37,42,44,50,53,58,73,78,80,93,98,101" machi="53" ten="40,7700,0" yaku="1,1,2,1,52,1,53,0" doraHai="49" doraHaiUra="67" who="0" fromWho="2" sc="269,90,250,0,221,-80,250,0" /><INIT seed="0,2,0,3,1,64" ten="359,250,141,250" oya="0" hai0="3,124,126,13,133,122,24,2,81,93,59,131,32" hai1="22,19,127,14,75,130,8,135,74,54,16,76,9" hai2="5,99,39,96,84,0,88,119,71,26,68,17,18" hai3="30,118,43,65,134,128,89,113,98,1,4,47,72"/><T36/><D122/><U70/><E130/><V34/><F39/><W49/><G113/><T106/><D106/><U92/><E135/><V40/><F40/><W85/><G118/><T125/><D131/><U102/><E127/><V112/><F112/><W94/><G128/><T27/><D133/><U69/><E54/><V123/><F123/><W29/><G134/><T109/><D36/><U45/><E45/><V91/><F119/><W73/><G65/><T117/><D117/><U51/><E51/><V28/><F99/><W66/><G66/><T107/><D107/><U110/><E110/><V25/><F96/><W79/><G1/><N who="0" m="11" /><D109/><U97/><E8/><V52/><F52/><W132/><G4/><T114/><D114/><U44/><E44/><V57/><F57/><W55/><G132/><T48/><D32/><U6/><E19/><V56/><F56/><W50/><G98/><T10/><D93/><U63/><E63/><V15/><F25/><W90/><G90/><N who="2" m="34345" /><F17/><W129/><G129/><T62/><D48/><U111/><E111/><V33/><F84/><W7/><G7/><N who="0" m="3295" /><D81/><U77/><E75/><V86/><F33/><W80/><REACH who="3" step="1"/><G73/><REACH who="3" ten="359,250,141,240" step="2"/><T100/><D126/><U23/><E74/><V103/><F86/><W115/><G115/><T120/><D125/><U12/><REACH who="1" step="1"/><E22/><REACH who="1" ten="359,240,141,240" step="2"/><N who="2" m="11615" /><F103/><W58/><AGARI ba="2,2" hai="29,30,43,47,49,50,55,58,72,79,80,85,89,94" machi="58" ten="20,2700,0" yaku="1,1,0,1,7,1,53,0" doraHai="64" doraHaiUra="108" who="3" fromWho="3" sc="359,-15,240,-9,141,-9,240,53" /><INIT seed="1,0,0,4,4,62" ten="344,231,132,293" oya="1" hai0="77,61,108,90,68,71,35,38,17,89,95,52,41" hai1="21,74,32,65,111,66,93,113,118,46,59,58,39" hai2="117,30,130,43,122,36,86,0,109,121,57,80,60" hai3="135,8,94,11,83,42,44,88,103,120,123,26,3"/><U75/><E32/><V13/><F109/><W133/><G103/><T70/><D35/><U22/><E113/><V10/><F130/><W72/><G26/><T104/><D104/><U125/><E118/><V28/><F117/><W47/><G72/><T63/><D108/><U134/><E111/><V45/><F0/><W20/><G20/><T18/><D77/><U129/><E129/><V24/><F28/><W112/><G83/><T91/><D95/><U48/><E125/><V92/><F92/><W81/><G81/><T96/><D96/><U55/><E134/><N who="3" m="51210" /><G112/><T31/><D31/><U110/><E110/><V106/><F106/><W124/><G124/><T131/><D131/><U51/><E39/><V16/><F30/><W7/><G8/><T101/><D101/><U1/><E1/><V79/><REACH who="2" step="1"/><F24/><REACH who="2" ten="344,231,122,293" step="2"/><W97/><G3/><T107/><D107/><U29/><E93/><V40/><F40/><W54/><G42/><T116/><D116/><U87/><E29/><V85/><F85/><W127/><G127/><T56/><D41/><U5/><E87/><V99/><F99/><W78/><G97/><T115/><D115/><U4/><E46/><V9/><F9/><W69/><G44/><T114/><D114/><U100/><E100/><V67/><AGARI ba="0,1" hai="10,13,16,36,43,45,57,60,67,79,80,86,121,122" machi="67" ten="20,8000,1" yaku="1,1,0,1,7,1,52,1,54,1,53,0" doraHai="62" doraHaiUra="19" who="2" fromWho="2" sc="344,-20,231,-40,122,90,293,-20" /><INIT seed="2,0,0,4,0,131" ten="324,191,212,273" oya="2" hai0="87,92,124,99,25,128,10,42,115,35,27,43,36" hai1="96,91,109,103,110,59,123,49,20,77,86,94,121" hai2="54,76,65,67,11,33,53,60,118,126,73,50,57" hai3="14,18,9,74,3,102,6,116,64,113,78,127,4"/><V119/><F33/><W48/><G116/><N who="2" m="44585" /><F11/><W111/><G111/><N who="1" m="42506" /><E20/><V79/><F79/><W17/><G127/><T15/><D25/><U133/><E49/><V97/><F97/><W98/><G113/><T7/><D87/><U68/><E59/><N who="2" m="33207" /><F76/><W26/><G64/><N who="2" m="24649" /><F73/><W0/><G26/><T28/><D99/><U21/><E21/><V32/><F32/><W52/><G18/><T72/><D92/><N who="1" m="58759" /><E68/><V100/><F100/><W19/><G19/><T56/><D72/><U70/><E70/><V5/><F5/><W130/><G6/><T58/><D7/><U55/><E55/><V16/><F16/><W61/><G17/><T39/><D35/><U12/><E12/><V135/><F126/><W132/><G14/><T8/><D15/><U122/><E77/><V101/><F101/><W117/><G3/><T30/><D124/><U106/><E106/><V34/><F34/><W125/><G117/><T1/><D1/><U47/><E47/><V129/><F129/><W134/><G125/><T29/><D29/><U81/><E94/><V69/><F69/><W83/><G130/><T84/><D128/><U31/><E31/><V24/><F24/><W44/><G102/><T105/><D27/><U51/><E51/><V107/><F107/><W120/><G98/><T114/><D105/><U45/><E45/><V40/><F40/><W66/><G74/><T22/><D84/><U63/><E63/><V46/><F46/><W93/><G93/><T13/><D13/><U75/><E75/><V82/><F82/><W41/><G83/><T88/><D22/><U23/><E23/><RYUUKYOKU ba="0,0" sc="324,10,191,10,212,10,273,-30" hai0="8,10,28,30,36,39,42,43,56,58,88,114,115" hai1="81,86,91,121,122,123,133" hai2="54,57,60,135" /><INIT seed="2,1,0,1,0,98" ten="334,201,222,243" oya="2" hai0="79,40,20,62,11,126,131,25,50,24,36,99,12" hai1="103,78,129,102,100,46,118,74,28,111,91,122,5" hai2="41,106,0,52,15,90,49,96,8,7,18,125,73" hai3="101,107,114,105,30,14,132,33,37,44,4,75,71"/><V117/><F117/><W120/><G120/><T66/><D131/><U9/><E118/><V51/><F73/><W124/><G71/><T2/><D126/><U1/><E129/><V43/><F125/><W77/><G124/><T6/><D36/><U10/><E122/><V82/><F49/><W21/><G132/><T135/><D135/><U29/><E111/><V108/><F108/><W59/><G33/><T48/><D79/><U17/><E91/><V16/><F106/><W58/><G107/><T128/><D128/><U60/><E60/><V22/><F18/><W57/><G30/><T61/><D61/><U70/><E70/><V119/><F119/><W68/><G68/><T55/><D40/><U35/><E35/><V42/><F96/><W84/><G75/><T64/><D99/><U109/><E109/><V32/><F32/><W63/><G63/><T53/><D62/><U38/><E17/><V39/><F39/><W23/><G4/><T72/><D72/><U93/><E93/><V47/><REACH who="2" step="1"/><F41/><REACH who="2" ten="334,201,212,243" step="2"/><W34/><G34/><T83/><D50/><U26/><E10/><V116/><F116/><W67/><G105/><T80/><D48/><U45/><E38/><V113/><F113/><W86/><G114/><T89/><D11/><U56/><E28/><V92/><F92/><W121/><G37/><T94/><D94/><U85/><E74/><V115/><F115/><W88/><G121/><T134/><D134/><U110/><E110/><V13/><F13/><W123/><G123/><T133/><D133/><U87/><E9/><V54/><F54/><W81/><G14/><RYUUKYOKU ba="1,1" sc="334,-10,201,-10,212,30,243,-10" hai2="0,7,8,15,16,22,42,43,47,51,52,82,90" /><INIT seed="2,2,1,3,1,8" ten="324,191,242,233" oya="2" hai0="83,92,60,120,101,37,76,108,41,128,89,130,110" hai1="10,54,115,79,32,85,112,111,27,50,123,26,28" hai2="55,24,95,49,16,71,86,13,45,2,3,25,91" hai3="118,65,23,44,35,106,46,15,59,75,73,72,96"/><V18/><F71/><W93/><G35/><T30/><D120/><U109/><E85/><V69/><F69/><W67/><G118/><T132/><D132/><U127/><E79/><V66/><F66/><W39/><G106/><T135/><D135/><U20/><E123/><V63/><F63/><W81/><G81/><T62/><D101/><U77/><E77/><V56/><F18/><W113/><G113/><T97/><D30/><U33/><E50/><N who="2" m="30839" /><F2/><W14/><G23/><T53/><D41/><U74/><E54/><N who="2" m="29999" /><F3/><W12/><G59/><N who="0" m="34927" /><D62/><U22/><E74/><V100/><F100/><W61/><G61/><T99/><D37/><U42/><E42/><V40/><F40/><W17/><G17/><T94/><D76/><U31/><E10/><AGARI ba="2,1" hai="10,13,16,24,25,86,91,95" m="29999,30839" machi="10" ten="30,5800,0" yaku="8,1,52,1,54,1" doraHai="8" who="2" fromWho="1" sc="324,0,191,-64,242,74,233,0" /><INIT seed="2,3,0,4,3,82" ten="324,127,316,233" oya="2" hai0="43,76,3,65,20,122,70,29,30,31,28,84,104" hai1="57,40,124,5,98,8,0,111,10,51,130,38,97" hai2="85,93,34,50,35,1,74,81,107,25,55,63,19" hai3="32,96,79,99,16,86,14,44,116,27,53,118,94"/><V88/><F1/><W131/><G131/><T36/><D122/><U23/><E130/><V26/><F107/><W112/><G112/><T56/><D104/><U17/><E111/><V58/><F19/><W87/><G79/><T102/><D3/><U114/><E114/><V95/><F74/><W132/><G132/><T9/><D70/><U24/><E124/><V69/><F69/><W46/><G99/><T6/><D102/><U83/><E38/><V89/><F81/><W12/><G12/><N who="0" m="5175" /><D36/><U7/><E83/><V125/><F125/><W134/><G134/><T45/><D76/><U109/><E109/><V22/><F50/><W41/><G53/><T37/><D37/><U92/><E92/><V18/><F26/><W71/><G71/><T2/><D2/><U115/><E115/><V119/><F119/><W39/><G46/><T135/><D45/><U103/><E103/><V120/><F120/><W91/><G116/><T108/><D108/><U113/><E113/><V110/><F110/><W60/><G60/><N who="0" m="38023" /><D43/><U121/><E121/><V90/><REACH who="2" step="1"/><F90/><REACH who="2" ten="324,127,306,233" step="2"/><W106/><G106/><T133/><D133/><U47/><REACH who="1" step="1"/><E57/><REACH who="1" ten="324,117,306,233" step="2"/><V100/><F100/><W48/><G118/><T129/><D135/><U21/><E21/><V33/><F33/><W72/><G39/><T117/><D117/><U11/><E11/><V75/><F75/><W123/><G72/><T15/><D129/><U62/><E62/><V68/><F68/><W49/><G123/><T127/><D127/><U126/><E126/><V52/><F52/><W66/><G32/><T54/><D54/><U64/><E64/><RYUUKYOKU ba="3,2" sc="324,-15,117,15,306,15,233,-15" hai1="0,5,7,8,10,17,23,24,40,47,51,97,98" hai2="18,22,25,34,35,55,58,63,85,88,89,93,95" /><INIT seed="2,4,2,3,2,74" ten="309,132,321,218" oya="2" hai0="99,43,80,12,67,3,10,14,61,132,41,29,125" hai1="54,15,23,38,68,59,0,121,11,60,94,69,130" hai2="117,57,6,25,19,110,32,131,52,91,9,98,106" hai3="123,135,83,51,118,105,133,82,30,104,66,129,65"/><V108/><F117/><W90/><G118/><T56/><D132/><N who="3" m="50761" /><G123/><T4/><D125/><U109/><E38/><V96/><F131/><W124/><G129/><T84/><D29/><U17/><E130/><V73/><F73/><W48/><G124/><T112/><D112/><U33/><E33/><V103/><F96/><W44/><G30/><T47/><D99/><U49/><E121/><V85/><F32/><W88/><G83/><T77/><REACH who="0" step="1"/><D41/><REACH who="0" ten="299,132,321,218" step="2"/><U58/><E109/><N who="2" m="42091" /><F19/><W119/><G119/><T95/><D95/><U1/><E94/><N who="2" m="54639" /><F25/><W134/><G134/><T13/><D13/><U97/><E97/><V113/><F113/><W35/><G105/><T72/><D72/><U79/><E0/><N who="2" m="199" /><F57/><W37/><G104/><T86/><D86/><U116/><E116/><V46/><F46/><W62/><G44/><T76/><D76/><U40/><E79/><V7/><F7/><W2/><G2/><T42/><D42/><U53/><E40/><V100/><F103/><W114/><G114/><T21/><D21/><U39/><E39/><AGARI ba="4,3" hai="3,4,10,12,14,39,43,47,56,61,67,77,80,84" machi="39" ten="30,7700,0" yaku="1,1,7,1,52,1,53,1" doraHai="74" doraHaiUra="34" who="0" fromWho="1" sc="299,119,132,-89,321,0,218,0" /><INIT seed="3,0,0,2,0,110" ten="418,43,321,218" oya="3" hai0="50,23,97,108,51,33,94,80,25,61,56,53,68" hai1="135,98,3,134,43,125,116,88,0,92,95,109,119" hai2="104,48,7,19,89,62,8,130,44,16,115,39,124" hai3="72,70,74,42,35,64,126,129,81,2,28,123,1"/><W47/><G123/><T59/><D108/><U78/><E43/><V106/><F39/><W132/><G126/><T5/><D33/><U31/><E31/><V127/><F130/><W13/><G129/><T4/><D68/><U114/><E109/><V58/><F106/><W118/><G118/><N who="1" m="45098" /><E0/><V121/><F104/><W32/><G28/><N who="0" m="17471" /><D80/><U21/><E21/><V55/><F121/><W60/><G13/><T117/><D117/><U79/><E3/><V67/><F89/><W84/><G84/><T63/><D51/><U17/><E17/><V82/><F82/><W49/><G1/><T36/><D36/><U27/><E27/><V102/><F102/><W22/><G2/><T52/><D50/><U20/><E20/><V77/><F77/><N who="1" m="29193" /><E125/><N who="2" m="48203" /><F7/><W75/><G22/><T90/><AGARI ba="0,0" hai="4,5,52,53,56,59,61,63,90,94,97" m="17471" machi="90" ten="30,2000,0" yaku="8,1,54,1" doraHai="110" who="0" fromWho="0" sc="418,20,43,-5,321,-5,218,-10" owari="438,53.8,38,-46.2,316,11.6,208,-19.2" /></mjloggm>