<mjloggm ver="2.3"><GO type="225" lobby="0"/><UN n0="%72%69%6F%75%63%68%61%6E" n1="%E4%BF%BA%E3%81%A8%E5%A6%96%E5%A4%A2" n2="%E3%83%89%E3%83%A9%E3%81%8F%E3%82%8C" n3="%E3%81%BE%E3%81%A8%E3%81%9F" dan="17,17,17,16" rate="2273.43,2178.49,2200.45,2181.78" sx="M,F,M,M"/><TAIKYOKU oya="0"/><INIT seed="0,0,0,2,1,48" ten="250,250,250,250" oya="0" hai0="97,110,78,2,34,66,28,72,83,67,7,96,9" hai1="102,129,123,131,19,111,77,124,26,70,13,99,61" hai2="80,71,53,62,25,115,6,88,132,60,65,85,52" hai3="30,21,5,10,135,90,50,37,1,4,119,114,32"/><T41/><D110/><U73/><E123/><V84/><F115/><W64/><G37/><T0/><D0/><U42/><E111/><V117/><F132/><W76/><G76/><T86/><D41/><U47/><E26/><V134/><F134/><W55/><G135/><T59/><D72/><U98/><E124/><V14/><F117/><W51/><G32/><T33/><D66/><U106/><E98/><V46/><F46/><W63/><G119/><T57/><D59/><U103/><E103/><V100/><F100/><W91/><G51/><T79/><D79/><U22/><E77/><V12/><F62/><W11/><G21/><T120/><D120/><U31/><E31/><V74/><F74/><W108/><G30/><T17/><D17/><U89/><E89/><V82/><F25/><W112/><G108/><T43/><D43/><U93/><E73/><V107/><F107/><W122/><G122/><T44/><D44/><U49/><E106/><V20/><F20/><W126/><G126/><T101/><D28/><U16/><REACH who="1" step="1"/><E19/><REACH who="1" ten="250,240,250,250" step="2"/><V94/><F94/><W87/><G112/><T92/><REACH who="0" step="1"/><D96/><REACH who="0" ten="240,240,250,250" step="2"/><U95/><E95/><V128/><F128/><W118/><G114/><T116/><D116/><U40/><E40/><V121/><F121/><W75/><G118/><T105/><D105/><U45/><E45/><V130/><F130/><W56/><G75/><T133/><D133/><U36/><E36/><V23/><F85/><W54/><G87/><T29/><D29/><U113/><E113/><V125/><F84/><W18/><G18/><T27/><D27/><U69/><E69/><RYUUKYOKU ba="0,2" sc="240,15,240,15,250,-15,250,-15" hai0="2,7,9,33,34,57,67,78,83,86,92,97,101" hai1="13,16,22,42,47,49,61,70,93,99,102,129,131" /><INIT seed="0,1,2,5,2,119" ten="255,255,235,235" oya="0" hai0="1,16,83,21,55,85,135,17,82,48,40,86,54" hai1="24,77,106,52,19,110,58,2,80,105,87,41,88" hai2="49,104,67,99,0,107,78,100,114,75,109,57,108" hai3="112,25,89,5,34,70,65,128,27,122,56,72,38"/><T73/><D1/><U96/><E2/><V47/><F0/><W6/><G112/><T43/><D73/><U44/><E110/><N who="2" m="42603" /><F114/><W35/><G72/><T90/><D135/><U64/><E64/><V116/><F116/><W98/><G70/><T129/><D129/><U130/><E130/><V91/><F91/><W7/><G38/><T3/><D3/><U20/><E44/><V32/><F32/><W79/><G79/><T81/><D81/><U69/><E41/><N who="0" m="15945" /><D21/><U9/><E9/><V95/><F78/><W22/><G128/><T4/><D4/><U74/><E69/><V42/><F75/><W37/><G37/><T63/><D63/><AGARI ba="1,2" hai="42,47,49,57,63,67,95,99,100,104,107" m="42603" machi="63" ten="30,1000,0" yaku="14,1" doraHai="119" who="2" fromWho="0" sc="255,-13,255,0,235,33,235,0" /><INIT seed="1,0,0,5,5,3" ten="242,255,268,235" oya="1" hai0="108,63,53,61,123,51,81,52,56,17,15,34,102" hai1="69,135,127,74,6,37,113,62,8,47,85,19,88" hai2="10,90,64,2,22,77,65,105,59,97,40,99,33" hai3="42,117,119,98,70,124,111,16,32,72,134,129,67"/><U122/><E113/><V43/><F33/><W100/><G111/><T131/><D108/><U110/><E122/><V120/><F77/><W79/><G124/><T130/><D123/><U21/><E110/><V48/><F105/><W46/><G129/><N who="0" m="49163" /><D34/><U44/><E74/><V125/><F125/><W84/><G134/><T92/><D81/><U45/><E135/><V109/><F109/><W75/><G32/><T83/><D83/><U82/><E127/><V11/><F2/><W35/><G35/><T7/><D7/><U121/><E121/><V26/><F120/><W29/><G75/><T94/><D102/><U128/><E128/><V115/><F90/><W25/><G72/><T24/><D24/><U39/><E62/><N who="0" m="23561" /><D53/><U30/><E69/><V13/><F26/><W66/><G70/><T93/><D92/><U1/><REACH who="1" step="1"/><E30/><REACH who="1" ten="242,245,268,235" step="2"/><V114/><F115/><W4/><G29/><T57/><D57/><U89/><E89/><V12/><F59/><W0/><G117/><T9/><AGARI ba="0,1" hai="9,15,17,51,52,56,93,94" m="23561,49163" machi="9" ten="30,2000,0" yaku="19,1,54,1" doraHai="3" who="0" fromWho="0" sc="242,30,245,-10,268,-5,235,-5" /><INIT seed="2,0,0,2,3,107" ten="272,235,263,230" oya="2" hai0="64,14,86,36,81,9,123,73,49,61,37,88,51" hai1="34,89,84,118,74,58,7,63,108,3,111,129,54" hai2="103,130,60,39,22,53,17,32,12,24,100,47,46" hai3="94,67,69,15,114,109,110,116,56,40,26,16,6"/><V5/><F130/><W2/><G116/><T70/><D123/><U72/><E118/><V125/><F125/><W29/><G69/><T11/><D11/><N who="1" m="2559" /><E34/><V97/><F39/><W42/><G114/><T104/><D104/><U87/><E129/><V21/><F32/><N who="3" m="20535" /><G94/><T80/><D49/><U79/><E79/><V25/><F5/><W95/><G95/><T52/><D80/><N who="1" m="49287" /><E87/><V75/><F75/><W119/><G119/><T44/><REACH who="0" step="1"/><D73/><REACH who="0" ten="262,235,263,230" step="2"/><U99/><E99/><V50/><F50/><W91/><G110/><AGARI ba="0,1" hai="54,58,63,72,74,108,110,111" m="49287,2559" machi="110" ten="30,3900,0" yaku="14,1,52,2" doraHai="107" who="1" fromWho="3" sc="262,0,235,49,263,0,230,-39" /><INIT seed="3,0,0,5,0,98" ten="262,284,263,191" oya="3" hai0="33,61,126,11,131,67,94,120,12,110,104,58,4" hai1="2,101,24,77,52,102,10,99,39,118,36,87,134" hai2="65,111,14,20,17,93,31,115,49,81,133,80,32" hai3="45,41,27,15,34,35,121,8,96,19,18,130,47"/><W25/><G121/><T43/><D110/><U16/><E134/><V71/><F115/><W119/><G119/><T135/><D120/><U21/><E118/><V109/><F133/><W64/><G130/><T38/><D135/><U53/><E36/><V60/><F49/><W116/><G116/><T127/><D104/><U83/><E39/><V30/><F93/><W75/><G75/><T50/><D33/><U7/><E101/><V84/><F81/><W78/><G78/><T28/><D28/><U88/><E77/><V132/><F132/><W89/><G64/><T42/><D131/><U51/><E51/><V128/><F128/><W129/><G129/><T105/><D105/><AGARI ba="0,0" hai="2,7,10,16,21,24,52,53,83,87,88,99,102,105" machi="105" ten="30,8000,1" yaku="7,1,52,1,54,3" doraHai="98" who="1" fromWho="0" sc="262,-80,284,80,263,0,191,0" owari="182,-31.8,364,46.4,263,6.3,191,-20.9" /></mjloggm>