<mjloggm ver="2.3"><GO type="225" lobby="0"/><UN n0="%E8%80%81%E6%A5%BD" n1="%2D%E8%B1%8A%E5%8F%A3%E3%82%81%E3%81%90%E3%81%BF%2D" n2="%E6%9D%B1%E9%A2%A8%E3%81%AE%E3%81%8D%E3%82%83%E3%81%B7%E3%81%95%E3%82%93" n3="%E5%A4%8F%E9%88%B4%E9%88%B4%E5%A4%8F" dan="16,17,16,16" rate="2130.74,2115.28,2154.95,2135.70" sx="M,M,M,M"/><TAIKYOKU oya="0"/><INIT seed="0,0,0,5,3,128" ten="250,250,250,250" oya="0" hai0="82,59,40,79,39,112,125,8,45,85,84,113,66" hai1="130,72,64,76,129,124,83,0,51,135,95,71,47" hai2="108,87,80,30,62,100,114,133,111,23,73,103,42" hai3="60,43,27,67,19,25,12,68,17,55,5,101,15"/><T18/><D125/><U78/><E0/><V63/><F73/><W37/><G5/><T75/><D66/><U9/><E76/><V118/><F42/><W13/><G101/><T94/><D59/><U6/><E95/><V36/><F36/><W56/><G25/><T44/><D44/><U120/><E120/><V10/><F10/><W122/><G27/><T2/><D18/><U14/><E124/><V98/><F23/><W38/><G122/><T41/><D41/><U93/><E93/><V104/><F103/><W32/><G32/><T110/><D110/><N who="2" m="42026" /><F30/><W53/><G53/><T116/><D116/><U34/><E64/><V121/><F121/><W115/><G115/><N who="0" m="44107" /><D94/><U33/><E33/><V50/><F50/><N who="3" m="30839" /><G37/><T117/><D117/><U90/><E34/><V86/><F118/><W52/><G52/><T70/><D70/><U31/><E71/><V58/><F114/><W21/><G21/><T119/><D119/><U89/><E31/><V22/><F22/><W127/><G127/><T29/><D29/><U91/><E130/><V99/><F63/><W24/><G24/><T126/><D126/><U132/><REACH who="1" step="1"/><E129/><REACH who="1" ten="250,240,250,250" step="2"/><V69/><F69/><W3/><G3/><T131/><D131/><U88/><N who="1" m="22528" /><DORA hai="57" /><U4/><E4/><AGARI ba="0,1" hai="2,4,8,39,40,45,75,79,82,84,85" m="44107" machi="4" ten="30,1500,0" yaku="25,1" doraHai="128,57" who="0" fromWho="1" sc="250,25,240,-15,250,0,250,0" /><INIT seed="0,1,0,2,2,119" ten="275,225,250,250" oya="0" hai0="117,71,27,25,5,64,98,73,74,28,95,125,127" hai1="6,123,23,12,132,100,83,34,62,51,61,37,134" hai2="120,118,52,26,108,122,55,79,15,109,86,91,90" hai3="96,2,56,47,33,87,18,8,31,75,32,17,101"/><T84/><D117/><U44/><E34/><V49/><F118/><W77/><G87/><T54/><D5/><U53/><E100/><V20/><F15/><W13/><G2/><T69/><D84/><U19/><E37/><V106/><F79/><W50/><G56/><T129/><D54/><N who="2" m="20522" /><F49/><W63/><G77/><T107/><D27/><U131/><E131/><V130/><F106/><W81/><G63/><N who="0" m="40095" /><D71/><U68/><E6/><V43/><F43/><W93/><G75/><N who="0" m="28683" /><D95/><U124/><E83/><V46/><F46/><W97/><G81/><T78/><D78/><U36/><E68/><V66/><F66/><W80/><G80/><T67/><D67/><U76/><E76/><V133/><F130/><W99/><G50/><T126/><D129/><U104/><E104/><V114/><F133/><N who="1" m="51305" /><E62/><V116/><F116/><W7/><G7/><T35/><D98/><U10/><E61/><V72/><F72/><W105/><G97/><T115/><D107/><U65/><E65/><V112/><F86/><W121/><G99/><T0/><D0/><U1/><E1/><V89/><F20/><W94/><G105/><T82/><D82/><U42/><E23/><V59/><F26/><N who="3" m="18551" /><G33/><T4/><D4/><U3/><E3/><V85/><F59/><W22/><G47/><T21/><D21/><U110/><E53/><V103/><F85/><W29/><G93/><T30/><D30/><U16/><E51/><V70/><F70/><W41/><G29/><T60/><D60/><U92/><E92/><V135/><F135/><W58/><G94/><T39/><D39/><U11/><E36/><RYUUKYOKU ba="1,0" sc="275,30,225,-10,250,-10,250,-10" hai0="25,28,35,115,125,126,127" /><INIT seed="0,2,0,5,5,123" ten="305,215,240,240" oya="0" hai0="46,76,49,66,54,100,32,87,38,119,10,113,43" hai1="116,26,70,56,133,24,67,110,2,6,27,80,62" hai2="40,68,63,108,65,9,79,73,3,125,29,129,90" hai3="98,42,22,37,105,84,19,39,78,107,106,97,44"/><T127/><D32/><U31/><E116/><V93/><F129/><W114/><G114/><T81/><D113/><U11/><E133/><V112/><F125/><W25/><REACH who="3" step="1"/><G39/><REACH who="3" ten="305,215,240,230" step="2"/><T72/><D119/><U86/><E110/><V103/><F112/><W130/><G130/><T88/><D127/><U60/><E31/><V21/><F108/><W131/><G131/><T13/><D66/><U34/><E34/><V91/><F65/><W74/><G74/><T41/><D38/><U64/><REACH who="1" step="1"/><E27/><REACH who="1" ten="305,205,240,230" step="2"/><V120/><F120/><W28/><G28/><T102/><D41/><U132/><E132/><V57/><F40/><W118/><G118/><T48/><D43/><U94/><E94/><V96/><F93/><W92/><G92/><T101/><D81/><AGARI ba="2,2" hai="19,22,25,37,42,44,78,81,84,97,98,105,106,107" machi="81" ten="40,1300,0" yaku="1,1,53,0" doraHai="123" doraHaiUra="128" who="3" fromWho="0" sc="305,-19,205,0,240,0,230,39" /><INIT seed="1,0,0,2,5,109" ten="286,205,240,269" oya="1" hai0="93,117,119,85,82,44,4,126,20,6,57,63,9" hai1="91,5,1,97,99,34,98,133,24,123,135,54,71" hai2="124,13,130,120,51,26,17,118,112,25,125,86,62" hai3="88,100,78,128,110,68,96,7,116,56,3,67,131"/><U38/><E123/><V122/><F86/><W29/><G110/><T11/><D126/><N who="2" m="48746" /><F51/><W59/><G29/><T79/><D20/><U12/><E1/><V106/><F62/><N who="3" m="40055" /><G78/><T87/><D119/><U111/><E38/><V42/><F42/><W19/><G19/><T16/><D117/><U8/><E71/><V70/><F70/><W113/><G113/><T84/><D44/><U65/><E65/><V33/><F106/><N who="3" m="63751" /><G116/><T105/><D105/><U107/><E111/><V95/><F95/><W40/><G40/><T43/><D43/><U35/><E107/><V31/><F130/><N who="3" m="49707" /><G88/><N who="0" m="53383" /><D87/><U10/><E91/><V37/><F37/><W14/><G3/><T104/><D104/><U127/><E127/><V69/><F69/><W103/><G103/><T72/><D72/><U61/><E8/><AGARI ba="0,0" hai="7,8,14,56,59" m="49707,63751,40055" machi="8" ten="30,1000,0" yaku="19,1" doraHai="109" who="3" fromWho="1" sc="286,0,205,-10,240,0,269,10" /><INIT seed="2,0,0,5,1,7" ten="286,195,240,279" oya="2" hai0="116,9,64,23,97,82,13,62,117,61,75,38,118" hai1="55,69,98,84,76,27,78,49,47,130,29,3,24" hai2="19,44,99,120,2,16,104,124,51,52,31,126,112" hai3="1,80,43,0,111,132,45,40,86,20,134,89,102"/><V58/><F120/><W128/><G111/><T63/><D38/><U17/><E130/><V96/><F112/><W107/><G128/><T101/><D23/><U115/><E115/><V50/><F31/><W54/><G54/><T28/><D28/><U34/><E69/><V53/><F2/><W121/><G121/><T100/><D75/><U110/><E110/><V22/><F19/><W25/><G102/><N who="0" m="39531" /><D82/><U90/><E98/><V66/><F66/><W93/><G80/><T65/><D97/><U72/><E72/><V119/><F119/><N who="0" m="30466" /><T87/><DORA hai="131" /><D87/><U70/><E70/><V106/><F99/><W74/><G74/><T11/><D13/><U18/><E3/><V105/><REACH who="2" step="1"/><F96/><REACH who="2" ten="286,195,230,279" step="2"/><W94/><G0/><T36/><D36/><U95/><REACH who="1" step="1"/><E27/><AGARI ba="0,1" hai="16,22,27,44,50,51,52,53,58,104,105,106,124,126" machi="27" ten="40,12000,1" yaku="1,1,2,1,54,2,53,0" doraHai="7,131" doraHaiUra="114,39" who="2" fromWho="1" sc="286,0,195,-120,230,130,279,0" /><INIT seed="2,1,0,1,1,28" ten="286,75,360,279" oya="2" hai0="134,33,99,112,127,11,119,7,45,13,0,106,128" hai1="74,113,71,82,63,38,67,14,49,21,34,65,55" hai2="24,4,83,68,17,5,75,76,70,110,98,12,77" hai3="92,43,31,96,18,64,88,19,114,26,56,44,61"/><V53/><F77/><W2/><G2/><T62/><D13/><U73/><E113/><V36/><F36/><W79/><G79/><T90/><D90/><U97/><E65/><V35/><F110/><W27/><G114/><T109/><D62/><U129/><E129/><V66/><F53/><W41/><G26/><T6/><D45/><U94/><E38/><V115/><F98/><W52/><G64/><T121/><D6/><U59/><E82/><V69/><F66/><W131/><G131/><T47/><D47/><U86/><E34/><V16/><F115/><W1/><G1/><T93/><D93/><U48/><E48/><V120/><F120/><W123/><G123/><T50/><D50/><U9/><E9/><V42/><F42/><W130/><G130/><T117/><D99/><U116/><E116/><V89/><F89/><W81/><G81/><T40/><D11/><U23/><E23/><V101/><F101/><W84/><G96/><T3/><D7/><U57/><E71/><V111/><F111/><W133/><G133/><T54/><D54/><U87/><E74/><V29/><REACH who="2" step="1"/><F17/><REACH who="2" ten="286,75,350,279" step="2"/><N who="3" m="6155" /><G44/><T95/><D109/><U85/><E73/><V20/><AGARI ba="1,1" hai="4,5,12,16,20,24,29,35,68,69,70,75,76,83" machi="20" ten="30,12000,1" yaku="1,1,0,1,52,1,54,1,53,1" doraHai="28" doraHaiUra="22" who="2" fromWho="2" sc="286,-41,75,-41,350,133,279,-41" /><INIT seed="2,2,0,2,1,10" ten="245,34,483,238" oya="2" hai0="39,45,27,53,103,13,36,29,23,68,62,1,94" hai1="132,25,120,61,87,114,50,41,96,2,33,134,5" hai2="72,130,63,86,74,92,89,99,37,91,65,43,58" hai3="19,119,3,57,71,128,26,11,32,20,113,67,79"/><V121/><F121/><W106/><G106/><T112/><D1/><U30/><E114/><V131/><F43/><W42/><G71/><T93/><D112/><U46/><E120/><V95/><REACH who="2" step="1"/><F37/><REACH who="2" ten="245,34,473,238" step="2"/><W9/><G113/><T122/><D36/><U66/><E134/><V54/><F54/><W6/><G119/><T85/><D39/><U110/><E132/><V64/><F64/><W124/><G42/><T75/><D53/><U84/><E110/><V21/><F21/><W78/><G124/><T56/><D23/><U69/><E2/><V48/><F48/><W60/><G128/><AGARI ba="2,1" hai="58,63,65,72,74,86,89,91,92,95,99,128,130,131" machi="128" ten="40,7700,0" yaku="1,1,19,1,53,1" doraHai="10" doraHaiUra="59" who="2" fromWho="3" sc="245,0,34,0,473,93,238,-83" /><INIT seed="2,3,0,2,0,91" ten="245,34,566,155" oya="2" hai0="83,53,129,64,60,106,119,38,69,11,68,81,105" hai1="78,6,37,122,36,27,67,58,20,54,65,133,103" hai2="113,41,102,94,40,45,32,109,74,14,99,87,5" hai3="97,123,115,8,30,50,52,51,57,47,126,18,135"/><V88/><F74/><W107/><G123/><T98/><D38/><U21/><E122/><V1/><F32/><W22/><G135/><T96/><D11/><U95/><E133/><V17/><F113/><W72/><G72/><T66/><D60/><U124/><E124/><V84/><F109/><W112/><G30/><T33/><D33/><U86/><E6/><V108/><F108/><W48/><G8/><T132/><D132/><U2/><E2/><V12/><F1/><W111/><G126/><T131/><D53/><U110/><E110/><V71/><F71/><W56/><G111/><T93/><D93/><U55/><E78/><V19/><F84/><W31/><G31/><T61/><D61/><U49/><E36/><V120/><F120/><W24/><G57/><T134/><D134/><U85/><E37/><V4/><F14/><W28/><G28/><T42/><D42/><N who="2" m="16490" /><F45/><W82/><G47/><T3/><D3/><U9/><E85/><V73/><F73/><W116/><G116/><AGARI ba="3,0" hai="64,66,68,69,81,83,96,98,105,106,116,119,129,131" machi="116" ten="25,1600,0" yaku="22,2" doraHai="91" who="0" fromWho="3" sc="245,25,34,0,566,0,155,-25" /><INIT seed="3,0,0,2,5,107" ten="270,34,566,130" oya="3" hai0="41,97,12,119,14,26,13,24,35,50,111,89,75" hai1="77,59,106,108,5,16,115,48,101,6,2,122,28" hai2="4,134,0,25,129,99,45,110,69,17,32,52,46" hai3="98,114,54,39,37,78,40,66,1,88,103,117,93"/><W8/><G117/><T121/><D75/><U123/><E115/><V87/><F110/><W96/><G114/><T33/><D89/><U81/><E108/><V7/><F134/><W124/><G124/><T132/><D50/><U113/><E113/><V67/><F129/><W84/><G66/><T71/><D97/><U18/><E28/><V55/><F99/><W15/><G1/><T9/><D41/><U91/><E91/><V116/><F87/><W94/><G40/><T104/><D71/><U58/><E106/><V109/><F109/><W130/><G130/><T127/><D104/><U64/><E101/><V29/><F17/><W61/><G61/><T56/><D56/><U95/><E95/><V57/><F55/><W100/><G54/><T49/><D49/><U60/><E48/><V3/><F116/><W125/><G78/><T20/><D111/><U135/><E135/><V80/><F80/><W105/><G125/><T74/><D127/><U73/><E58/><V92/><F92/><W27/><G27/><T62/><D24/><U102/><E102/><V120/><F120/><W42/><G42/><T30/><D26/><U68/><E68/><V83/><F25/><W47/><G47/><T10/><D119/><U31/><E31/><V126/><F45/><W22/><G105/><T86/><D132/><U44/><E44/><V76/><F46/><W79/><G94/><T72/><D121/><U70/><E70/><V21/><F69/><W19/><G103/><T43/><D35/><U112/><E112/><V51/><F67/><W23/><G100/><T85/><D62/><RYUUKYOKU ba="0,0" sc="270,0,34,0,566,0,130,0" owari="270,7.0,34,-46.6,566,66.6,130,-27.0" /></mjloggm>