<mjloggm ver="2.3"><GO type="225" lobby="0"/><UN n0="%E3%81%99%E3%81%84%E3%81%BE%E3%81%9B%E3%83%BC%E3%82%93" n1="%E5%91%A8%E6%9D%B1" n2="%E3%83%B4%E3%83%A0%EF%BC%99%E3%81%A6" n3="%E3%81%8B%E3%82%8F%E3%81%A1%E3%82%83%E3%82%93%35%38" dan="18,17,16,16" rate="2190.64,2114.00,2115.99,2162.37" sx="M,M,M,M"/><TAIKYOKU oya="0"/><INIT seed="0,0,0,4,3,110" ten="250,250,250,250" oya="0" hai0="79,122,121,7,73,55,49,133,41,33,60,93,94" hai1="126,4,83,64,34,124,8,17,95,104,27,112,10" hai2="111,90,53,76,56,47,89,38,75,65,20,3,71" hai3="44,35,134,98,36,9,58,13,26,24,129,63,119"/><T102/><D33/><U25/><E104/><V105/><F111/><W1/><G119/><T29/><D133/><U22/><E64/><V97/><F3/><W6/><G134/><T115/><D115/><U88/><E83/><V5/><F5/><W69/><G69/><T37/><D29/><N who="1" m="19759" /><E95/><V85/><F20/><W117/><G117/><T125/><D125/><N who="1" m="48235" /><E88/><V50/><F75/><W86/><G1/><T32/><D102/><U15/><E8/><V96/><F76/><W48/><G36/><T40/><D60/><U78/><E78/><V118/><F118/><W99/><G86/><T62/><D62/><U77/><E77/><V113/><F105/><W135/><G98/><T131/><D37/><U30/><E112/><V72/><F72/><W106/><G99/><T132/><D79/><U114/><E114/><V51/><F113/><W2/><G63/><T59/><D73/><U67/><E67/><V39/><F65/><W14/><G106/><T68/><D68/><U92/><E92/><N who="2" m="56335" /><F97/><W109/><G109/><T130/><D132/><U54/><E54/><N who="2" m="30047" /><F71/><W80/><G135/><T19/><D94/><U107/><E107/><V61/><F61/><W100/><G100/><T11/><D93/><U127/><N who="1" m="48243" /><U108/><DORA hai="0" /><E108/><V21/><F38/><W57/><G80/><T81/><D81/><U12/><E12/><N who="3" m="4714" /><G2/><T46/><D49/><U43/><E43/><V16/><F39/><W103/><G48/><T101/><D101/><U70/><E70/><V116/><F116/><W123/><G103/><T84/><D41/><U82/><E82/><V23/><F51/><RYUUKYOKU ba="0,0" sc="250,-10,250,30,250,-10,250,-10" hai1="4,10,15,17,22,27,30" /><INIT seed="1,1,0,0,0,82" ten="240,280,240,240" oya="1" hai0="67,102,58,34,13,75,8,91,6,53,45,83,65" hai1="10,115,46,32,40,0,7,26,64,84,37,85,131" hai2="77,135,86,31,122,19,42,72,55,79,28,47,11" hai3="70,49,89,14,20,51,63,108,43,106,15,44,71"/><U99/><E115/><V109/><F122/><W22/><G106/><T110/><D34/><U119/><E119/><V117/><F117/><W1/><G1/><T56/><D110/><U29/><E131/><V128/><F109/><W74/><G108/><T112/><D112/><U95/><REACH who="1" step="1"/><E64/><REACH who="1" ten="240,270,240,240" step="2"/><V39/><F128/><W96/><G71/><T133/><D67/><U24/><E24/><V62/><F135/><W59/><G70/><T66/><D66/><U4/><E4/><V127/><F127/><W126/><G126/><T113/><D65/><U3/><E3/><V92/><F72/><W78/><G74/><T121/><D133/><U33/><E33/><V90/><F28/><W130/><G130/><T129/><D129/><U17/><E17/><V16/><F31/><W107/><G14/><T123/><D113/><U105/><E105/><V100/><F19/><W94/><G15/><T36/><D75/><U88/><AGARI ba="1,1" hai="0,7,10,26,29,32,37,40,46,84,85,88,95,99" machi="88" ten="20,18000,2" yaku="1,1,0,1,7,1,52,2,54,1,53,1" doraHai="82" doraHaiUra="21" who="1" fromWho="1" sc="240,-61,270,193,240,-61,240,-61" /><INIT seed="1,2,0,5,2,14" ten="179,463,179,179" oya="1" hai0="79,5,111,54,126,70,1,55,34,89,58,72,32" hai1="29,52,104,62,65,42,25,4,87,53,114,81,115" hai2="88,85,98,130,80,19,108,59,67,37,39,16,12" hai3="96,57,132,9,17,129,73,21,118,122,61,116,45"/><U38/><E104/><V97/><F39/><W117/><G122/><T99/><D70/><U106/><E106/><V36/><F36/><W103/><G129/><T46/><D111/><U3/><E4/><V51/><F37/><W100/><G73/><T24/><D126/><U76/><E3/><V125/><F108/><W35/><G35/><T75/><D46/><U121/><E121/><V123/><F123/><W0/><G132/><T27/><D79/><U44/><E115/><V93/><F125/><W30/><G45/><T7/><D58/><U91/><E76/><N who="2" m="46215" /><F130/><W69/><G69/><T94/><D94/><U71/><REACH who="1" step="1"/><E114/><REACH who="1" ten="179,453,179,179" step="2"/><V112/><F112/><W43/><G0/><T2/><D2/><U23/><AGARI ba="2,1" hai="23,25,29,38,42,44,52,53,62,65,71,81,87,91" machi="23" ten="20,18000,2" yaku="1,1,2,1,0,1,7,1,54,1,53,1" doraHai="14" doraHaiUra="68" who="1" fromWho="1" sc="179,-62,453,196,179,-62,179,-62" /><INIT seed="1,3,0,0,3,37" ten="117,649,117,117" oya="1" hai0="123,20,109,69,31,130,55,1,84,108,121,4,47" hai1="68,28,88,0,13,38,67,80,15,99,35,102,78" hai2="135,73,22,59,100,58,76,94,98,79,91,27,129" hai3="54,104,26,11,43,131,132,45,127,77,53,36,118"/><U124/><E0/><V66/><F129/><W50/><G104/><T101/><D130/><U119/><E119/><V6/><F135/><W25/><G131/><T70/><D101/><U44/><E124/><V95/><F6/><W72/><G132/><T9/><D84/><U86/><E68/><N who="0" m="26217" /><D31/><U75/><E67/><V42/><F42/><W111/><G127/><T92/><D92/><U24/><E44/><V34/><F34/><W64/><G64/><T10/><D20/><U103/><E38/><V93/><F93/><W87/><G72/><T19/><D19/><U117/><E117/><V116/><F116/><W56/><G118/><T40/><D10/><U48/><E48/><V49/><F73/><W128/><G128/><T113/><D55/><U62/><E103/><V39/><F66/><W107/><G107/><T57/><D57/><U52/><E102/><V105/><F105/><W21/><G11/><T29/><D29/><U115/><E99/><N who="2" m="57823" /><F58/><W125/><G125/><T96/><D96/><U114/><E115/><V30/><F76/><W51/><G21/><T7/><D113/><U3/><E3/><V83/><F79/><W46/><REACH who="3" step="1"/><G111/><REACH who="3" ten="117,649,117,107" step="2"/><N who="0" m="42571" /><D7/><U8/><E114/><V106/><F106/><W126/><G126/><T133/><D133/><U74/><E74/><V18/><F22/><W23/><G23/><T134/><D134/><U112/><E112/><V122/><F30/><W5/><G5/><T82/><D4/><U71/><E8/><V63/><F18/><W32/><G32/><T14/><D9/><U89/><E35/><V2/><F2/><W65/><G65/><RYUUKYOKU ba="3,1" sc="117,-10,649,-10,117,-10,107,30" hai3="25,26,36,43,45,46,50,51,53,54,56,77,87" /><INIT seed="2,4,1,1,0,112" ten="107,639,107,137" oya="2" hai0="125,12,79,127,103,82,89,35,22,15,34,86,38" hai1="36,33,84,51,54,13,8,57,104,121,59,116,31" hai2="110,43,69,96,19,30,88,21,75,132,52,122,101" hai3="58,64,80,67,120,9,95,41,81,24,53,44,60"/><V106/><F122/><W87/><G120/><T73/><D38/><U134/><E36/><V108/><F69/><W94/><G81/><N who="0" m="49359" /><D103/><U107/><E121/><V39/><F75/><W5/><G24/><T119/><D119/><U32/><E116/><V128/><F128/><W28/><G28/><T16/><D12/><U102/><E134/><V56/><F132/><W133/><G133/><T6/><D6/><U65/><E102/><V48/><F30/><W62/><G95/><T123/><D123/><U77/><E104/><V100/><F100/><W129/><G94/><T99/><D99/><U83/><E107/><V124/><F88/><W78/><G129/><T71/><D71/><U61/><E31/><V76/><F76/><W3/><G62/><T72/><D72/><U135/><E135/><V55/><F55/><W66/><G53/><T114/><D114/><U117/><E117/><V130/><F130/><W115/><G115/><T93/><D93/><U37/><E37/><AGARI ba="4,1" hai="3,5,9,37,41,44,58,60,64,66,67,78,80,87" machi="37" ten="30,1000,0" yaku="7,1" doraHai="112" who="3" fromWho="1" sc="107,0,639,-22,107,0,137,32" /><INIT seed="3,0,0,0,1,118" ten="107,617,107,169" oya="3" hai0="37,129,49,134,27,76,78,95,9,66,22,33,81" hai1="105,23,86,80,28,38,123,102,89,0,46,119,62" hai2="104,124,34,41,1,70,29,24,101,58,56,67,125" hai3="31,72,98,92,130,110,20,107,120,36,106,73,26"/><W19/><G36/><T135/><D37/><U11/><E119/><V5/><F41/><W59/><G59/><N who="2" m="22569" /><F5/><W117/><G19/><T103/><D33/><U127/><E123/><V64/><F1/><W83/><G20/><T87/><D129/><U30/><E127/><N who="2" m="48715" /><F70/><W10/><G10/><T25/><D9/><U94/><E89/><V68/><F68/><W121/><G26/><N who="0" m="9739" /><D22/><U21/><E94/><V122/><F122/><N who="3" m="47211" /><G31/><T51/><D66/><U48/><E86/><V53/><F53/><W43/><G43/><T133/><D78/><U42/><E23/><V131/><F131/><W35/><G35/><T50/><D50/><U84/><E21/><V52/><F52/><W114/><G117/><T3/><D3/><U12/><E0/><V7/><F7/><W60/><G130/><T128/><D128/><U116/><E38/><V55/><F55/><W71/><G71/><T16/><D16/><U108/><E116/><V93/><F104/><W54/><G54/><T40/><D40/><U96/><E42/><V57/><N who="2" m="22577" /><V90/><DORA hai="17" /><F101/><W47/><G107/><T44/><D44/><U132/><E46/><V111/><F111/><W126/><G110/><T69/><D69/><U91/><E108/><V100/><F100/><W32/><G106/><T109/><D109/><U2/><E2/><V13/><F13/><W63/><G47/><T77/><D77/><U99/><E48/><V112/><F112/><W8/><G114/><T74/><D103/><U39/><E102/><V79/><F79/><W75/><G126/><T88/><AGARI ba="0,0" hai="49,51,74,76,81,87,88,95,133,134,135" m="9739" machi="88" ten="40,2700,0" yaku="20,1,54,1" doraHai="118,17" who="0" fromWho="0" sc="107,27,617,-7,107,-7,169,-13" owari="134,-26.6,610,71.0,100,-40.0,156,-4.4" /></mjloggm>