<mjloggm ver="2.3"><GO type="225" lobby="0"/><UN n0="%E3%81%BF%E3%81%BF%E3%81%9A" n1="%E3%81%A8%E3%82%93%E3%81%A8%E3%81%93%E3%81%A8%E3%82%93" n2="%E5%B8%86%E7%AB%8B%E5%A4%8F%E8%A1%A3" n3="%E3%82%BC%E3%83%AB%E3%83%80%E3%81%AE%E4%BC%9D%E8%AA%AC" dan="17,16,16,17" rate="2168.77,2105.62,2138.01,2249.60" sx="M,M,M,M"/><TAIKYOKU oya="0"/><INIT seed="0,0,0,2,0,79" ten="250,250,250,250" oya="0" hai0="78,77,101,42,91,17,26,16,66,10,130,89,112" hai1="31,108,11,117,39,81,113,23,52,123,0,64,32" hai2="124,38,28,13,29,126,75,119,114,102,84,87,9" hai3="116,5,133,85,51,134,22,56,14,40,57,74,121"/><T55/><D112/><U61/><E117/><V135/><F114/><W46/><G74/><T99/><D130/><U2/><E123/><V4/><F38/><W50/><G116/><T94/><D42/><U95/><E113/><V58/><F119/><W48/><G121/><T62/><D55/><U107/><E107/><V12/><F135/><N who="3" m="51723" /><G85/><N who="2" m="32841" /><F75/><W47/><G22/><N who="0" m="13639" /><D62/><U27/><E39/><V24/><F102/><W60/><G14/><N who="0" m="7383" /><D66/><U67/><E67/><V6/><F24/><W18/><G5/><T54/><D54/><U41/><E41/><V92/><F58/><N who="3" m="22635" /><G18/><T109/><D109/><U115/><E108/><V3/><F6/><W98/><G98/><T44/><D44/><N who="3" m="16937" /><G60/><T33/><D33/><U71/><E32/><V53/><F53/><W127/><G127/><N who="2" m="48681" /><F12/><W43/><AGARI ba="0,0" hai="40,43,48,50,51" m="16937,22635,51723" machi="43" ten="40,8000,1" yaku="28,2,20,1,34,2" doraHai="79" who="3" fromWho="3" sc="250,-40,250,-20,250,-20,250,80" /><INIT seed="1,0,0,0,0,126" ten="210,230,230,330" oya="1" hai0="135,82,125,103,16,93,20,28,87,131,123,65,44" hai1="58,120,88,14,55,91,12,11,59,1,32,80,49" hai2="22,86,97,15,0,26,66,57,7,116,78,132,43" hai3="62,42,74,122,101,36,107,129,17,124,92,68,108"/><U75/><E120/><V46/><F132/><W25/><G122/><T98/><D123/><U99/><E32/><V84/><F0/><W114/><G114/><T9/><D125/><U117/><E117/><V110/><F110/><W52/><G108/><T118/><D135/><U81/><E1/><V31/><F116/><W96/><G124/><T61/><D118/><U64/><E75/><V33/><F97/><W47/><G129/><T73/><D73/><U119/><E119/><V127/><F127/><W63/><G74/><T19/><D131/><U23/><E23/><V106/><F106/><W50/><G107/><T111/><D111/><U102/><E64/><V45/><F33/><W5/><G5/><T30/><D44/><U69/><E69/><V105/><F105/><W10/><G68/><T6/><D6/><U8/><E99/><V56/><F46/><W60/><G36/><T72/><D9/><U48/><E102/><V24/><F24/><W54/><G25/><N who="0" m="16423" /><D30/><U76/><E76/><V121/><F121/><W104/><G104/><T134/><D72/><U113/><REACH who="1" step="1"/><E55/><REACH who="1" ten="210,220,230,330" step="2"/><V115/><F66/><W29/><G54/><T51/><D134/><U53/><E53/><V34/><F34/><W27/><G52/><T21/><D21/><U77/><E77/><V38/><F78/><W89/><G101/><T35/><D35/><U90/><E90/><V128/><F128/><W85/><G96/><T3/><D3/><U100/><E100/><V83/><F115/><AGARI ba="0,1" hai="8,11,12,14,48,49,58,59,80,81,88,91,113,115" machi="115" ten="25,18000,2" yaku="1,1,22,2,54,1,53,2" doraHai="126" doraHaiUra="4" who="1" fromWho="2" sc="210,0,220,190,230,-180,330,0" /><INIT seed="1,1,0,5,1,69" ten="210,410,50,330" oya="1" hai0="124,28,5,105,35,102,83,52,33,30,8,130,59" hai1="12,117,74,70,95,25,1,32,75,65,66,86,119" hai2="0,89,126,112,31,6,51,14,110,19,123,134,17" hai3="56,80,27,43,54,88,76,116,103,23,90,131,127"/><U94/><E1/><V72/><F72/><W37/><G127/><T18/><D124/><U50/><E50/><V11/><F126/><W16/><G131/><T21/><D130/><U58/><E58/><V39/><F123/><W82/><G116/><T122/><D122/><U135/><E12/><V61/><F112/><W104/><G104/><T97/><D83/><U22/><E32/><V109/><F51/><W40/><G103/><T121/><D33/><U96/><E70/><V108/><F89/><N who="3" m="34411" /><G37/><T62/><D35/><U46/><E46/><V34/><F61/><N who="3" m="35991" /><G76/><T36/><D36/><U15/><E74/><V24/><F39/><W129/><G129/><T92/><D105/><U4/><E75/><V2/><REACH who="2" step="1"/><F134/><REACH who="2" ten="210,410,40,330" step="2"/><W93/><G93/><T132/><D132/><U41/><E135/><V71/><F71/><W125/><G125/><T120/><D121/><U42/><E117/><V87/><F87/><W85/><G85/><T78/><D120/><U113/><E119/><V84/><F84/><W63/><G63/><T60/><D62/><U79/><E113/><V98/><F98/><W67/><G67/><T114/><D114/><U7/><E96/><V107/><F107/><W49/><G49/><T73/><D73/><U101/><E65/><V99/><F99/><W44/><G82/><T9/><D78/><U118/><E66/><V133/><F133/><W29/><G80/><T91/><D91/><U128/><E118/><V81/><F81/><W55/><G43/><T68/><D68/><U48/><E41/><V77/><F77/><W26/><G40/><T106/><D106/><RYUUKYOKU ba="1,1" sc="210,-10,410,-10,40,30,330,-10" hai2="0,2,6,11,14,17,19,24,31,34,108,109,110" /><INIT seed="2,2,1,2,0,63" ten="200,400,70,320" oya="2" hai0="103,31,131,34,49,71,0,109,102,95,55,15,119" hai1="111,89,67,105,32,12,47,81,86,75,106,122,135" hai2="123,27,46,43,121,108,52,36,2,129,130,45,77" hai3="114,85,127,117,72,51,37,70,8,99,90,97,40"/><V132/><F2/><W124/><G117/><T101/><D0/><U9/><E32/><V133/><F77/><W79/><G114/><T50/><D119/><U82/><E111/><V126/><F108/><W21/><G37/><T80/><D109/><U5/><E135/><N who="2" m="51787" /><F27/><W58/><G70/><T25/><D131/><N who="2" m="50186" /><F126/><N who="3" m="48171" /><G21/><T56/><D71/><U110/><E110/><V53/><F46/><W20/><G20/><T33/><D33/><U16/><E47/><V87/><F87/><W88/><G8/><T13/><D95/><U18/><E105/><V44/><F45/><W11/><G72/><T92/><D92/><U6/><E106/><V54/><AGARI ba="2,1" hai="36,43,44,52,53,54,121,123" m="50186,51787" machi="54" ten="40,12000,1" yaku="20,1,19,1,34,2,54,1" doraHai="63" who="2" fromWho="2" sc="200,-42,400,-42,70,136,320,-42" /><INIT seed="2,3,0,3,3,25" ten="158,358,206,278" oya="2" hai0="78,100,15,70,80,54,66,128,11,98,86,45,133" hai1="87,109,115,74,95,81,46,110,125,51,29,23,50" hai2="57,97,84,124,10,122,116,19,24,135,129,31,17" hai3="60,39,14,32,18,35,73,16,114,5,132,43,33"/><V71/><F71/><W64/><G73/><T2/><D128/><U42/><E115/><V88/><F116/><W49/><G39/><T55/><D133/><U37/><E74/><V102/><F135/><W83/><G132/><T61/><D2/><U20/><E95/><N who="2" m="58687" /><F124/><W47/><G114/><T93/><REACH who="0" step="1"/><D45/><REACH who="0" ten="148,358,206,278" step="2"/><U106/><E125/><V120/><F129/><W89/><G47/><T91/><D91/><U103/><E46/><V58/><F122/><W111/><G89/><T118/><D118/><U131/><E131/><V34/><F120/><W38/><G111/><T107/><D107/><U36/><E106/><V6/><F88/><W75/><G35/><T22/><D22/><U113/><E20/><N who="2" m="13327" /><F34/><W96/><G33/><T44/><D44/><U92/><E110/><V82/><F6/><AGARI ba="3,1" hai="6,11,15,54,55,61,66,70,78,80,86,93,98,100" machi="6" ten="30,2000,0" yaku="1,1,7,1,53,0" doraHai="25" doraHaiUra="21" who="0" fromWho="2" sc="148,39,358,0,206,-29,278,0" /><INIT seed="3,0,0,1,3,118" ten="187,358,177,278" oya="3" hai0="98,129,79,102,53,61,130,101,113,85,6,21,81" hai1="104,27,82,36,17,57,97,134,11,67,9,132,99" hai2="31,44,58,73,69,117,86,22,18,34,131,32,13" hai3="26,8,46,111,2,62,108,106,37,16,33,119,65"/><W70/><G119/><T4/><D113/><U47/><E82/><V76/><F73/><W90/><G106/><T3/><D21/><N who="1" m="13743" /><E67/><V66/><F69/><W122/><G122/><T94/><D3/><U89/><E57/><V107/><F107/><W105/><G105/><T7/><D102/><N who="1" m="62543" /><E89/><V63/><F131/><N who="0" m="50186" /><D53/><U123/><E99/><V23/><F117/><W40/><G90/><T103/><D101/><U20/><E20/><V115/><F115/><W42/><G42/><T14/><D61/><U1/><E1/><V5/><F5/><N who="3" m="1079" /><G16/><T28/><D28/><AGARI ba="0,0" hai="26,28,33,37,40,46,62,65,70,108,111" m="1079" machi="28" ten="30,1500,0" yaku="23,1" doraHai="118" who="3" fromWho="0" sc="187,-15,358,0,177,0,278,15" /><INIT seed="3,1,0,5,5,23" ten="172,358,177,293" oya="3" hai0="90,130,74,117,4,102,27,72,103,92,111,78,73" hai1="3,2,13,31,54,22,35,1,50,15,28,55,60" hai2="109,5,91,127,76,43,61,71,82,135,67,101,79" hai3="129,14,94,81,108,113,19,11,7,63,115,77,56"/><W38/><G129/><T37/><D37/><U6/><E35/><V42/><F101/><N who="0" m="38410" /><D27/><U52/><E6/><V93/><F109/><W44/><G108/><T45/><D45/><U84/><E60/><V49/><F127/><W48/><G94/><T131/><D4/><U69/><E69/><V132/><F5/><W18/><G38/><T134/><D111/><U95/><E50/><V124/><F124/><W41/><G113/><T46/><D46/><U83/><E95/><V114/><F114/><W47/><G47/><T32/><D32/><U9/><E22/><V112/><F112/><W24/><G24/><T85/><D117/><U68/><E68/><V126/><F126/><W118/><G118/><T53/><D53/><U36/><E36/><V121/><F121/><W16/><G115/><T66/><D66/><U64/><E64/><V65/><F65/><N who="3" m="39143" /><G19/><T97/><D134/><N who="2" m="51242" /><F49/><W87/><AGARI ba="1,0" hai="7,11,14,16,18,41,44,48,77,81,87" m="39143" machi="87" ten="30,6000,0" yaku="25,1,8,1,54,1" doraHai="23" who="3" fromWho="3" sc="172,-21,358,-21,177,-21,293,63" owari="151,-34.9,337,13.7,156,-24.4,356,45.6" /></mjloggm>