<mjloggm ver="2.3"><GO type="225" lobby="0"/><UN n0="%E8%90%A9%E5%8E%9F%E9%9B%AA%E6%AD%A9" n1="%47%48%4F%53%54" n2="%48%61%61%61%6C%61%6E%64" n3="%77%72%77%72%77%72%77%72" dan="16,18,18,16" rate="2107.37,2268.23,2235.86,2241.76" sx="F,M,M,M"/><TAIKYOKU oya="0"/><INIT seed="0,0,0,5,5,103" ten="250,250,250,250" oya="0" hai0="39,23,45,127,133,107,94,57,97,105,3,74,66" hai1="106,7,88,27,30,22,33,43,75,63,121,71,78" hai2="48,98,42,99,108,90,104,69,25,119,59,102,60" hai3="128,15,111,4,82,65,47,130,101,38,76,32,72"/><T117/><D3/><U34/><E121/><V54/><F119/><W67/><G32/><T70/><D117/><U44/><E106/><V80/><F108/><W118/><G118/><T93/><D74/><U134/><E134/><V84/><F99/><W79/><G111/><T24/><D70/><U83/><E7/><V10/><F10/><N who="3" m="4551" /><G79/><T87/><D127/><U16/><E30/><V96/><F96/><W131/><G101/><T41/><D87/><U13/><E27/><V123/><F123/><W92/><G92/><T21/><D94/><U116/><E116/><V135/><F135/><W35/><G35/><T129/><D129/><U73/><E73/><V55/><F25/><W89/><G89/><T14/><D14/><U115/><E115/><V52/><REACH who="2" step="1"/><F42/><AGARI ba="0,0" hai="38,42,47,65,67,72,76,82,128,130,131" m="4551" machi="42" ten="30,1000,0" yaku="19,1" doraHai="103" who="3" fromWho="2" sc="250,0,250,0,250,-10,250,10" /><INIT seed="1,0,0,0,4,83" ten="250,250,240,260" oya="1" hai0="0,61,15,115,130,3,110,8,66,96,102,46,64" hai1="63,65,27,129,81,100,133,44,14,69,24,55,126" hai2="114,50,78,87,106,34,103,73,101,16,91,48,89" hai3="2,40,75,20,33,90,62,132,10,39,17,117,98"/><U37/><E126/><V79/><F34/><W7/><G132/><T9/><D115/><U92/><E129/><V93/><F114/><W29/><G75/><T127/><D127/><U128/><E128/><V112/><F112/><W109/><G109/><T47/><D130/><U88/><E133/><V111/><F111/><W22/><G117/><T99/><D110/><U82/><E100/><N who="2" m="38475" /><F73/><W5/><G5/><T84/><D102/><U76/><E14/><V125/><F106/><W72/><G72/><T80/><D61/><U122/><E122/><V1/><F1/><W41/><G39/><T21/><D21/><U85/><E81/><N who="2" m="49391" /><F125/><W18/><G62/><T135/><D80/><U104/><E104/><V38/><F38/><W12/><G29/><T35/><D35/><U59/><E37/><V28/><F28/><W116/><G33/><T124/><D124/><U71/><E71/><V52/><F16/><W70/><G70/><T86/><REACH who="0" step="1"/><D15/><REACH who="0" ten="240,250,240,260" step="2"/><U119/><E119/><V4/><F79/><W118/><G118/><T134/><AGARI ba="0,1" hai="0,3,8,9,46,47,64,66,84,86,96,99,134,135" machi="134" ten="25,12000,2" yaku="1,1,2,1,0,1,22,2,52,2,53,0" doraHai="83" doraHaiUra="31" who="0" fromWho="0" sc="240,130,250,-60,240,-30,260,-30" /><INIT seed="2,0,0,3,1,50" ten="370,190,210,230" oya="2" hai0="133,101,112,59,71,24,130,66,97,120,63,98,88" hai1="57,43,46,96,10,128,1,117,131,9,25,44,83" hai2="125,30,103,79,22,2,70,109,37,21,67,76,105" hai3="62,107,14,90,113,16,11,31,118,106,48,8,51"/><V35/><F2/><W93/><G118/><T102/><D120/><U23/><E117/><V119/><F37/><W28/><G113/><T6/><D112/><U121/><E121/><V116/><F125/><W3/><G3/><T92/><D130/><N who="1" m="49707" /><E46/><V77/><F109/><W91/><G62/><T74/><D74/><U89/><E1/><V135/><F135/><W45/><G8/><T65/><D133/><U100/><E83/><V81/><F81/><W87/><G107/><T61/><D6/><U38/><E89/><V58/><F119/><W111/><G106/><T104/><D24/><U82/><E82/><V18/><F116/><W33/><G33/><T84/><D84/><U13/><E13/><V27/><F58/><W95/><G111/><T124/><D124/><U4/><E4/><V99/><REACH who="2" step="1"/><F18/><REACH who="2" ten="370,190,200,230" step="2"/><W69/><G69/><T39/><D39/><U64/><E57/><V129/><F129/><W126/><G126/><T73/><D73/><U114/><E114/><V56/><F56/><W34/><G45/><T47/><D47/><U115/><E115/><V55/><F55/><W42/><G42/><T132/><D132/><U17/><E64/><V127/><F127/><W78/><G78/><T26/><D71/><U86/><E86/><V60/><AGARI ba="0,1" hai="21,22,27,30,35,60,67,70,76,77,79,99,103,105" machi="60" ten="30,11700,0" yaku="1,1,0,1,25,2,53,0" doraHai="50" doraHaiUra="54" who="2" fromWho="2" sc="370,-39,190,-39,200,127,230,-39" /><INIT seed="2,1,0,3,4,4" ten="331,151,327,191" oya="2" hai0="52,6,108,87,92,118,18,59,90,97,121,102,134" hai1="99,61,56,77,33,88,67,91,64,37,106,26,42" hai2="130,73,74,46,19,51,100,94,113,58,89,82,11" hai3="30,104,21,72,83,16,48,128,29,86,25,14,24"/><V79/><F113/><W110/><G110/><T114/><D121/><U34/><E37/><V101/><F74/><W47/><G128/><T84/><D114/><U132/><E132/><V13/><F58/><W119/><G104/><T71/><D71/><U123/><E123/><V3/><F3/><W38/><G38/><T124/><D108/><U78/><E42/><V69/><F69/><W80/><G72/><T127/><D134/><U28/><E34/><V122/><F130/><W125/><G125/><N who="0" m="48203" /><D6/><U23/><E33/><V32/><F32/><W68/><G68/><T8/><D118/><U45/><E45/><V109/><F109/><W57/><G57/><T107/><D87/><U50/><E50/><V2/><F2/><W0/><G0/><T93/><D8/><U120/><E120/><V133/><F122/><W36/><G36/><T49/><D18/><U105/><E67/><V7/><F7/><W41/><G119/><T60/><D60/><U81/><E78/><V53/><REACH who="2" step="1"/><F133/><REACH who="2" ten="331,151,317,191" step="2"/><W43/><G47/><T10/><D10/><U98/><E106/><AGARI ba="1,1" hai="49,52,59,84,90,92,93,97,102,106,107" m="48203" machi="106" ten="30,2000,0" yaku="18,1,54,1" doraHai="4" who="0" fromWho="1" sc="331,33,151,-23,317,0,191,0" /><INIT seed="3,0,0,2,2,39" ten="364,128,317,191" oya="3" hai0="122,64,88,111,4,69,35,15,73,54,28,10,96" hai1="71,52,117,36,68,116,62,60,20,12,58,105,119" hai2="8,74,112,72,104,34,82,118,135,25,130,89,59" hai3="33,63,2,13,23,24,16,0,5,70,17,67,79"/><W57/><G79/><T42/><D122/><U9/><E105/><V11/><F112/><W90/><G5/><T61/><D73/><U114/><E114/><V127/><F118/><W110/><G110/><T83/><D111/><U45/><E20/><V100/><F127/><W95/><G70/><N who="1" m="26666" /><E12/><V78/><F130/><W49/><G49/><T30/><D54/><U86/><E86/><V125/><F125/><W132/><G132/><T126/><D126/><U22/><E22/><V51/><F135/><W91/><G91/><T14/><D14/><U53/><E9/><V124/><F74/><W101/><G101/><T80/><D35/><U133/><E133/><V3/><F124/><W108/><G108/><T115/><D115/><U46/><E36/><V40/><F3/><W18/><G33/><T106/><D106/><U107/><E107/><V113/><F113/><W32/><G32/><T37/><D37/><U55/><E60/><V93/><F104/><W50/><G0/><T128/><D96/><U81/><E81/><V77/><F82/><W85/><G2/><T47/><D83/><U98/><E98/><V84/><F84/><W1/><G1/><T131/><D80/><U134/><E134/><V29/><F72/><W92/><G92/><T7/><D88/><U102/><E102/><V103/><F100/><W120/><G13/><T27/><D7/><U109/><E109/><V76/><F103/><W97/><G85/><T44/><D4/><U123/><E123/><V121/><F121/><W19/><G24/><T38/><D15/><U129/><E129/><V26/><F34/><RYUUKYOKU ba="0,0" sc="364,-10,128,30,317,-10,191,-10" hai1="45,46,52,53,55,58,62,116,117,119" owari="354,45.4,158,-34.2,307,10.7,181,-21.9" /></mjloggm>