<mjloggm ver="2.3"><GO type="225" lobby="0"/><UN n0="%E3%81%AF%E3%82%88%E3%81%8A%E3%81%98%E3%81%95%E3%82%93" n1="%4E%49%4A%49%49%52%4F" n2="%E9%80%9F%E6%B0%B4%E5%87%9B%E9%A6%99" n3="%E3%83%AD%E3%83%83%E3%83%86%E9%9B%80%E7%90%83" dan="16,16,16,17" rate="2145.29,2173.78,2048.12,2172.99" sx="M,M,F,M"/><TAIKYOKU oya="0"/><INIT seed="0,0,0,4,2,2" ten="250,250,250,250" oya="0" hai0="79,32,11,57,124,45,0,39,129,36,15,4,10" hai1="58,6,106,62,63,94,131,126,112,20,56,34,108" hai2="5,121,21,113,125,102,83,88,74,73,24,130,68" hai3="75,99,70,122,100,97,98,65,52,105,29,109,132"/><T43/><D124/><U89/><E112/><V1/><F68/><W91/><G75/><T27/><D129/><U127/><E106/><V44/><F121/><W25/><G109/><T111/><D111/><U38/><E108/><V95/><F113/><W28/><G132/><T41/><D79/><U18/><E131/><V80/><F130/><W42/><G42/><T103/><D103/><U13/><E38/><V114/><F114/><W93/><G122/><T119/><D119/><U78/><E34/><V77/><F102/><W86/><G29/><T85/><D85/><U67/><E78/><V82/><F125/><W47/><G47/><T3/><D57/><U7/><E127/><V128/><F128/><W51/><G65/><T54/><D54/><N who="1" m="34071" /><E126/><V35/><F35/><W104/><G70/><T133/><D133/><U14/><E14/><V8/><F44/><W9/><G9/><T48/><D41/><U46/><E46/><V101/><F101/><W30/><G105/><T22/><D32/><U120/><E120/><V135/><F135/><W96/><G25/><T71/><D71/><U55/><E67/><V117/><F117/><W26/><G26/><T87/><D87/><AGARI ba="0,0" hai="6,7,13,18,20,55,58,63,87,89,94" m="34071" machi="87" ten="30,3900,0" yaku="8,1,52,2" doraHai="2" who="1" fromWho="0" sc="250,-39,250,39,250,0,250,0" /><INIT seed="1,0,0,1,2,76" ten="211,289,250,250" oya="1" hai0="32,109,79,129,130,74,7,3,70,132,83,56,94" hai1="11,96,29,127,65,14,64,84,40,91,8,49,66" hai2="31,135,13,97,72,20,99,101,0,22,25,102,46" hai3="73,42,115,77,69,50,111,90,93,104,121,113,2"/><U107/><E127/><V61/><F0/><W100/><G69/><T1/><D70/><U52/><E107/><V117/><F72/><W21/><G2/><T116/><D116/><U98/><E29/><V85/><F117/><W105/><G21/><T75/><D32/><U87/><E40/><V95/><F135/><W5/><G50/><T24/><D132/><U119/><E84/><V41/><F61/><W58/><G58/><T12/><D75/><U106/><E106/><N who="3" m="41066" /><G5/><T133/><D133/><U10/><E14/><V112/><F112/><W6/><G6/><T16/><D109/><U80/><E119/><V60/><F60/><W27/><G27/><T88/><D56/><AGARI ba="0,0" hai="8,10,11,49,52,56,64,65,66,80,87,91,96,98" machi="56" ten="40,7700,0" yaku="8,1,52,1,54,1" doraHai="76" who="1" fromWho="0" sc="211,-77,289,77,250,0,250,0" /><INIT seed="1,1,0,2,4,93" ten="134,366,250,250" oya="1" hai0="81,125,18,129,87,75,42,110,102,24,132,60,124" hai1="92,103,89,4,99,13,53,128,119,68,46,67,109" hai2="5,51,6,123,85,25,97,55,9,38,91,59,105" hai3="104,2,112,120,118,47,32,39,40,114,30,49,94"/><U11/><E119/><V0/><F38/><W41/><G104/><T84/><D42/><U66/><E128/><V29/><F123/><W115/><G120/><T127/><D60/><U16/><E109/><V131/><F131/><W28/><G2/><T135/><D129/><U70/><E70/><V72/><F72/><W108/><G108/><T77/><D110/><U43/><E68/><V62/><F6/><W83/><G118/><T107/><D18/><U34/><E34/><V78/><F78/><W116/><G116/><T19/><D19/><U122/><E122/><V26/><F51/><W54/><G32/><T113/><D24/><U44/><E53/><V36/><F36/><W14/><G83/><T7/><D7/><U20/><E103/><V98/><F105/><W21/><G41/><T48/><D48/><N who="1" m="26655" /><E46/><V69/><F69/><W33/><G33/><T95/><D113/><U10/><E10/><V134/><F134/><N who="0" m="51242" /><D107/><U73/><E73/><V126/><F126/><N who="0" m="32258" /><T88/><DORA hai="52" /><D102/><U121/><E121/><V63/><F63/><W106/><G106/><T76/><D76/><U100/><E100/><V3/><F3/><W22/><G40/><T50/><D50/><U45/><E45/><V80/><F26/><AGARI ba="1,0" hai="4,11,13,16,20,26,66,67,89,92,99" m="26655" machi="26" ten="30,5800,0" yaku="8,1,52,1,54,1" doraHai="93,52" who="1" fromWho="2" sc="134,0,366,61,250,-61,250,0" /><INIT seed="1,2,0,0,5,47" ten="134,427,189,250" oya="1" hai0="21,91,79,54,51,135,36,59,69,122,22,24,8" hai1="85,57,78,5,18,92,37,31,96,65,11,7,70" hai2="28,12,90,45,13,102,26,121,84,19,46,80,75" hai3="86,68,111,41,108,132,89,20,109,125,93,123,38"/><U128/><E37/><V77/><F121/><W9/><G123/><T95/><D122/><U23/><E70/><V66/><F66/><W50/><G68/><T67/><D135/><U60/><E128/><V61/><F102/><W134/><G38/><T3/><D36/><U94/><E31/><V40/><F61/><W74/><G74/><T6/><D79/><U76/><E92/><V14/><F19/><W106/><G106/><T35/><D69/><U131/><E131/><V17/><F17/><W56/><G125/><T82/><D82/><U39/><E39/><V87/><F75/><W1/><G20/><T16/><D21/><U83/><E11/><V127/><F127/><W116/><G116/><T117/><D67/><U98/><E76/><V71/><F71/><W110/><G110/><T100/><D100/><U103/><REACH who="1" step="1"/><E98/><REACH who="1" ten="134,417,189,250" step="2"/><V43/><F43/><W107/><G41/><T15/><D117/><U133/><E133/><V101/><F40/><W119/><G119/><T33/><REACH who="0" step="1"/><D3/><REACH who="0" ten="124,417,189,250" step="2"/><U32/><E32/><V29/><F101/><W58/><G1/><T49/><D49/><U42/><E42/><V113/><F113/><W48/><G50/><T44/><D44/><U30/><E30/><V2/><F2/><W63/><G48/><T72/><D72/><U105/><E105/><V129/><F129/><W34/><G134/><T73/><D73/><U27/><AGARI ba="2,2" hai="5,7,18,23,27,57,60,65,78,83,85,94,96,103" machi="27" ten="20,7800,0" yaku="1,1,0,1,7,1,8,1,53,0" doraHai="47" doraHaiUra="124" who="1" fromWho="1" sc="124,-28,417,104,189,-28,250,-28" /><INIT seed="1,3,0,3,1,96" ten="96,521,161,222" oya="1" hai0="11,17,1,100,119,41,55,45,52,132,111,117,4" hai1="37,98,120,9,128,110,54,47,129,19,7,34,104" hai2="94,83,21,38,20,36,12,88,77,60,124,85,43" hai3="32,86,6,50,63,90,59,126,3,118,28,26,64"/><U115/><E120/><V72/><F124/><W74/><G74/><T51/><D111/><U102/><E115/><V114/><F114/><W73/><G126/><T5/><D132/><U78/><E19/><V18/><F43/><W66/><G73/><T108/><D108/><U70/><E54/><V116/><F116/><W81/><G118/><T48/><D41/><U123/><E123/><V95/><F95/><W61/><G50/><T67/><D67/><U42/><E110/><V131/><F131/><W62/><G3/><T69/><D69/><U84/><E84/><V103/><F103/><W71/><G62/><T130/><D130/><U39/><E39/><V53/><F53/><W33/><G6/><T8/><D17/><U46/><E46/><V13/><F60/><W22/><AGARI ba="3,0" hai="22,26,28,32,33,59,61,63,64,66,71,81,86,90" machi="22" ten="20,1500,0" yaku="0,1,7,1" doraHai="96" who="3" fromWho="3" sc="96,-7,521,-10,161,-7,222,24" /><INIT seed="2,0,0,4,5,57" ten="89,511,154,246" oya="2" hai0="45,106,113,107,130,122,59,33,93,95,101,40,13" hai1="27,98,124,22,29,50,84,125,55,11,63,99,92" hai2="105,126,102,97,118,2,41,12,53,1,52,48,75" hai3="69,19,133,42,49,56,44,32,67,110,54,35,8"/><V123/><F123/><W14/><G110/><T58/><D122/><U62/><E11/><V90/><F118/><W117/><G133/><T26/><D113/><U81/><E124/><V128/><F75/><W16/><G117/><T34/><D130/><U25/><E25/><V87/><F126/><W18/><G69/><T46/><D26/><U82/><E82/><V66/><F128/><W74/><G67/><T134/><D13/><U28/><E28/><V47/><F12/><W89/><G74/><T31/><D31/><U60/><E92/><V61/><F1/><W86/><G35/><T0/><D40/><U83/><E83/><V100/><F100/><W121/><G32/><T4/><D101/><U109/><E109/><V15/><F15/><W30/><G30/><T39/><D39/><U72/><E72/><V80/><REACH who="2" step="1"/><F2/><REACH who="2" ten="89,511,144,246" step="2"/><W77/><G121/><T108/><D0/><U70/><E125/><V79/><F79/><W38/><G77/><T9/><D108/><U3/><E3/><V135/><F135/><W73/><G73/><T115/><D134/><U111/><E111/><V103/><F103/><W96/><G96/><T24/><D115/><U5/><E99/><V85/><F85/><W23/><G8/><T129/><D129/><U21/><E98/><V91/><F91/><W116/><G116/><T132/><D132/><U64/><E84/><V17/><F17/><W7/><G7/><T71/><D9/><U78/><E5/><V104/><F104/><W94/><AGARI ba="0,1" hai="14,16,18,19,23,38,42,44,49,54,56,86,89,94" machi="94" ten="20,8000,1" yaku="0,1,7,1,25,2,54,1" doraHai="57" who="3" fromWho="3" sc="89,-20,511,-20,144,-40,246,90" /><INIT seed="3,0,0,3,3,2" ten="69,491,104,336" oya="3" hai0="128,124,17,27,129,102,87,7,0,122,64,75,13" hai1="101,1,31,65,83,24,120,69,96,66,33,118,52" hai2="89,109,41,54,49,23,46,36,56,4,9,95,108" hai3="37,70,68,117,20,111,97,74,93,79,92,85,94"/><W51/><G117/><T71/><D75/><U77/><E120/><V28/><F28/><W76/><G37/><T130/><D122/><U81/><E1/><V3/><REACH who="2" step="1"/><F23/><REACH who="2" ten="69,491,94,336" step="2"/><W63/><G20/><N who="0" m="13711" /><D124/><U114/><E114/><V29/><F29/><W67/><G111/><T78/><D102/><U99/><E81/><V34/><F34/><W45/><G70/><T133/><D133/><U55/><E96/><AGARI ba="0,1" hai="3,4,9,36,41,46,49,54,56,89,95,96,108,109" machi="96" ten="40,2600,0" yaku="1,1,52,1,53,0" doraHai="2" doraHaiUra="60" who="2" fromWho="1" sc="69,0,491,-26,94,36,336,0" owari="69,-43.1,465,56.5,130,-27.0,336,13.6" /></mjloggm>