<mjloggm ver="2.3"><GO type="225" lobby="0"/><UN n0="%E5%B8%86%E7%AB%8B%E5%A4%8F%E8%A1%A3" n1="%E6%A1%9C%E8%8A%B1%E9%96%83%E3%80%85" n2="%E3%81%BE%E3%81%A8%E3%81%9F" n3="%4D%6F%6E%61%6E%61" dan="16,16,17,16" rate="2159.99,2160.05,2191.13,2092.55" sx="M,M,M,F"/><TAIKYOKU oya="0"/><INIT seed="0,0,0,3,0,38" ten="250,250,250,250" oya="0" hai0="48,104,111,23,127,33,94,15,22,21,39,19,101" hai1="102,98,81,123,135,92,103,28,3,20,37,106,47" hai2="83,112,113,44,34,96,49,32,52,56,109,30,67" hai3="95,29,4,78,55,66,99,108,0,68,84,65,80"/><T60/><D39/><U107/><E123/><V54/><F109/><W8/><G108/><T119/><D119/><U118/><E118/><V133/><F133/><W10/><G68/><T31/><D104/><U35/><E135/><V14/><F67/><W42/><G29/><T51/><D127/><U46/><E35/><V36/><F34/><W75/><G55/><T131/><D131/><U87/><E3/><V130/><F130/><W57/><G57/><T77/><D77/><U45/><E37/><V9/><F96/><W125/><G125/><T17/><D111/><U69/><E69/><V18/><F83/><W24/><G24/><N who="0" m="16783" /><D60/><U88/><REACH who="1" step="1"/><E103/><REACH who="1" ten="250,240,250,250" step="2"/><V13/><F36/><W5/><G75/><T121/><D33/><U74/><E74/><V97/><F32/><W11/><G0/><T85/><D121/><U122/><E122/><V27/><F112/><W16/><G4/><T100/><D100/><U1/><E1/><V124/><F113/><W50/><G5/><T43/><D101/><U105/><E105/><V114/><F124/><W2/><G2/><T115/><D115/><U79/><E79/><V86/><F114/><W53/><G78/><T26/><D43/><U12/><E12/><V61/><F14/><N who="3" m="7239" /><G42/><T41/><D41/><U82/><E82/><V91/><F27/><AGARI ba="0,1" hai="20,27,28,45,46,47,81,87,88,92,98,102,106,107" machi="27" ten="40,2600,0" yaku="1,1,54,1,53,0" doraHai="38" doraHaiUra="116" who="1" fromWho="2" sc="250,0,240,36,250,-26,250,0" /><INIT seed="1,0,0,2,4,66" ten="250,276,224,250" oya="1" hai0="116,69,35,13,134,38,127,99,18,65,26,42,29" hai1="123,85,83,58,87,14,52,117,94,88,98,79,68" hai2="80,4,64,78,133,60,92,8,54,81,5,84,67" hai3="50,10,36,118,100,31,63,45,59,12,129,39,76"/><U23/><E117/><V73/><F133/><W104/><G129/><T124/><D116/><U17/><E123/><V109/><F109/><W115/><G118/><T110/><D110/><U74/><REACH who="1" step="1"/><E68/><REACH who="1" ten="250,266,224,250" step="2"/><V16/><F4/><W34/><G115/><T51/><D69/><U71/><E71/><V103/><F5/><W46/><G39/><T11/><D38/><U97/><E97/><V119/><F119/><W70/><G36/><T128/><D99/><U47/><E47/><V56/><F56/><W49/><G70/><T30/><D128/><U44/><E44/><V112/><F112/><W6/><G46/><T61/><D134/><U126/><E126/><V102/><F73/><W21/><G45/><T72/><D72/><U96/><E96/><V0/><F84/><W2/><G59/><T27/><D42/><U108/><E108/><V101/><F0/><W113/><G113/><T25/><D127/><U48/><AGARI ba="0,1" hai="14,17,23,48,52,58,74,79,83,85,87,88,94,98" machi="48" ten="20,12000,1" yaku="1,1,0,1,7,1,54,2,53,0" doraHai="66" doraHaiUra="41" who="1" fromWho="1" sc="250,-40,266,130,224,-40,250,-40" /><INIT seed="1,1,0,5,4,37" ten="210,396,184,210" oya="1" hai0="117,92,52,87,116,115,56,120,51,60,32,7,98" hai1="76,132,82,34,100,73,14,58,69,33,74,38,35" hai2="135,54,101,102,25,103,8,72,67,96,89,107,55" hai3="88,104,118,121,134,50,94,0,29,16,83,24,78"/><U105/><E132/><V63/><F72/><W45/><G121/><T15/><D115/><U93/><E69/><V128/><F135/><W131/><G0/><T11/><D120/><U127/><E127/><V71/><F128/><W66/><G104/><T5/><D32/><U9/><E105/><V85/><F54/><W18/><G66/><T49/><D5/><U64/><E74/><V79/><F79/><W112/><G131/><T84/><D117/><U133/><E133/><V53/><F53/><W30/><G134/><T95/><D116/><U44/><E100/><V48/><F8/><W4/><G4/><T36/><D36/><U124/><E93/><V111/><F111/><W46/><G46/><T65/><D92/><U90/><E90/><V57/><REACH who="2" step="1"/><F25/><REACH who="2" ten="210,396,174,210" step="2"/><W23/><G118/><T68/><REACH who="0" step="1"/><D51/><REACH who="0" ten="200,396,174,210" step="2"/><U110/><E38/><V114/><F114/><W129/><G112/><T75/><D75/><U122/><E73/><V41/><F41/><N who="3" m="24879" /><G129/><T108/><D108/><U97/><E110/><V123/><F123/><W27/><G94/><AGARI ba="1,2" hai="48,55,57,63,67,71,85,89,94,96,101,102,103,107" machi="94" ten="30,2000,0" yaku="1,1,7,1,53,0" doraHai="37" doraHaiUra="12" who="2" fromWho="3" sc="200,0,396,0,174,43,210,-23" /><INIT seed="2,0,0,2,5,107" ten="200,396,217,187" oya="2" hai0="111,126,25,10,91,98,63,129,108,100,23,66,103" hai1="14,64,78,114,84,56,125,59,79,113,112,22,32" hai2="60,93,101,105,30,132,115,6,18,20,12,5,53" hai3="9,76,134,54,94,40,68,49,8,15,2,131,55"/><V77/><F105/><W133/><G68/><N who="0" m="42079" /><D10/><U47/><E32/><V50/><F132/><N who="3" m="50795" /><G131/><T96/><D126/><U90/><E125/><V123/><F115/><W27/><G2/><T3/><D3/><U89/><E47/><V11/><F123/><W58/><G27/><T71/><D71/><U74/><E74/><V61/><F77/><W83/><G94/><N who="0" m="56415" /><D98/><U127/><E127/><V1/><F5/><W35/><G35/><T16/><D129/><U72/><E72/><V69/><F69/><W102/><G102/><T41/><D41/><U19/><E90/><V117/><F117/><W118/><G118/><T62/><D62/><U4/><E4/><V70/><F70/><W120/><G120/><T43/><D43/><U87/><E87/><V81/><F81/><W34/><G34/><T26/><D26/><U21/><E21/><V116/><F116/><W17/><G40/><T44/><D44/><U121/><E121/><V42/><F42/><W86/><G55/><T106/><D106/><U88/><E89/><V39/><F93/><W33/><G33/><T75/><D75/><U119/><E119/><V85/><F101/><W51/><G8/><T0/><D0/><U122/><E122/><V46/><F30/><W37/><G51/><T97/><D97/><U7/><E7/><V28/><F28/><W52/><G54/><T95/><D95/><N who="1" m="54663" /><E64/><V80/><F39/><AGARI ba="0,0" hai="9,15,17,37,39,49,52,58,76,83,86" m="50795" machi="39" ten="30,2000,0" yaku="20,1,54,1" doraHai="107" who="3" fromWho="2" sc="200,0,396,0,217,-20,187,20" /><INIT seed="3,0,0,1,4,85" ten="200,396,197,207" oya="3" hai0="33,47,11,66,122,34,54,121,9,8,120,63,24" hai1="88,26,83,79,106,38,126,77,53,2,105,89,118" hai2="103,84,70,36,40,101,50,94,60,19,95,129,100" hai3="114,65,16,99,90,91,7,76,3,135,1,124,133"/><W87/><G114/><T10/><N who="0" m="2048" /><DORA hai="6" /><T15/><D15/><U57/><E2/><V14/><F36/><W113/><G113/><T62/><D24/><U18/><E38/><V123/><F129/><W42/><G124/><T72/><D72/><U97/><E126/><V56/><F70/><W51/><G7/><T58/><REACH who="0" step="1"/><D47/><REACH who="0" ten="190,396,197,207" step="2"/><U71/><E26/><V13/><F123/><W21/><G1/><T61/><D61/><U17/><E17/><V74/><F14/><N who="3" m="9367" /><G3/><T12/><D12/><U29/><E18/><V102/><F19/><W104/><G65/><T109/><D109/><U92/><E29/><V111/><F111/><W55/><G42/><T43/><D43/><U23/><E23/><V131/><F13/><W20/><G20/><T37/><D37/><U110/><E110/><V46/><F131/><W28/><G28/><T112/><D112/><U75/><E75/><V115/><F74/><W117/><G117/><T31/><D31/><U68/><E118/><V32/><F115/><W69/><G69/><AGARI ba="0,1" hai="33,34,54,58,62,63,66,69,120,121,122" m="2048" machi="69" ten="60,16000,3" yaku="1,1,52,4,53,3" doraHai="85,6" doraHaiUra="30,52" who="0" fromWho="3" sc="190,170,396,0,197,0,207,-160" owari="360,16.0,396,49.6,197,-20.3,47,-45.3" /></mjloggm>