<mjloggm ver="2.3"><GO type="225" lobby="0"/><UN n0="%E6%A0%B9%E5%85%83%E3%81%8B%E3%82%89%E5%90%B9%E3%81%A3%E9%A3%9B%E3%81%B6" n1="%48%61%61%61%6C%61%6E%64" n2="%E3%82%B7%E3%83%B3%E5%A4%AA%E6%9C%97" n3="%6D%75%75%6D%75%72%61" dan="16,17,16,16" rate="2165.88,2151.37,2144.33,2131.43" sx="F,M,M,F"/><TAIKYOKU oya="0"/><INIT seed="0,0,0,1,2,64" ten="250,250,250,250" oya="0" hai0="87,54,117,109,45,129,51,75,26,112,134,67,35" hai1="116,63,59,8,96,62,107,131,19,16,113,23,7" hai2="94,108,3,1,124,132,37,43,47,42,77,119,36" hai3="52,120,76,133,56,48,57,68,66,126,38,55,6"/><T111/><D112/><U86/><E116/><V110/><F119/><W69/><G76/><T83/><D117/><U40/><E113/><V88/><F77/><W127/><G6/><T44/><D75/><U20/><E131/><V61/><F132/><W33/><G33/><T2/><D2/><U93/><E40/><V70/><F124/><N who="3" m="47659" /><G133/><T102/><D129/><U71/><E107/><V60/><F42/><W39/><G120/><T15/><D134/><U25/><E86/><N who="2" m="52503" /><F36/><N who="3" m="13867" /><G66/><T74/><D67/><U91/><E59/><V128/><F70/><W114/><G114/><T101/><D74/><U12/><REACH who="1" step="1"/><E71/><REACH who="1" ten="250,240,250,250" step="2"/><V11/><F128/><W115/><G115/><T32/><D87/><U122/><E122/><V21/><F43/><W105/><G105/><T104/><D104/><U53/><E53/><V29/><F37/><W100/><G100/><T27/><D54/><U10/><E10/><V89/><F11/><W5/><G5/><T121/><D121/><U14/><AGARI ba="0,1" hai="7,8,12,14,16,19,20,23,25,62,63,91,93,96" machi="14" ten="20,8000,1" yaku="1,1,0,1,7,1,8,1,54,1,53,0" doraHai="64" doraHaiUra="30" who="1" fromWho="1" sc="250,-40,240,90,250,-20,250,-20" /><INIT seed="1,0,0,5,5,116" ten="210,330,230,230" oya="1" hai0="60,78,1,83,29,74,48,82,62,37,66,117,17" hai1="58,96,86,54,80,59,30,98,31,73,121,132,76" hai2="67,88,84,124,120,8,95,97,42,44,20,35,15" hai3="129,70,108,91,100,26,89,4,36,47,50,109,118"/><U65/><E121/><V103/><F124/><W81/><G118/><T46/><D117/><U53/><E132/><V102/><F35/><W87/><G36/><T99/><D37/><U93/><E73/><V94/><F67/><W90/><G129/><T115/><D115/><U122/><E122/><V25/><F120/><W45/><G70/><T18/><D1/><U55/><E98/><V28/><F44/><W71/><G71/><T13/><D29/><N who="1" m="10763" /><E65/><V33/><F42/><W21/><G100/><AGARI ba="0,0" hai="53,54,55,58,59,76,80,86,93,96,100" m="10763" machi="100" ten="30,1500,0" yaku="8,1" doraHai="116" who="1" fromWho="3" sc="210,0,330,15,230,0,230,-15" /><INIT seed="1,1,0,4,3,43" ten="210,345,230,215" oya="1" hai0="0,19,4,5,82,46,10,70,23,21,133,122,74" hai1="11,69,103,57,24,18,116,111,62,56,13,6,110" hai2="17,1,127,119,95,7,12,125,53,22,120,38,14" hai3="37,99,90,49,33,50,135,51,3,132,67,96,35"/><U109/><E116/><V26/><F38/><W52/><G37/><T114/><D114/><U60/><E103/><V77/><F77/><W85/><G67/><T41/><D70/><U71/><E57/><V76/><F76/><W61/><G3/><T131/><D131/><U81/><E81/><V128/><F95/><W107/><G61/><N who="1" m="23658" /><E56/><V58/><F119/><W47/><G33/><T32/><D32/><U134/><E134/><N who="3" m="51242" /><G35/><T75/><D82/><U118/><E118/><V117/><F117/><W121/><G121/><T30/><D133/><U20/><AGARI ba="1,0" hai="6,11,13,18,20,24,69,71,109,110,111" m="23658" machi="20" ten="40,3900,0" yaku="14,1,10,1" doraHai="43" who="1" fromWho="1" sc="210,-14,345,42,230,-14,215,-14" /><INIT seed="1,2,0,5,1,31" ten="196,387,216,201" oya="1" hai0="123,98,27,105,110,111,85,71,70,93,30,82,38" hai1="23,17,94,50,14,72,65,7,24,107,125,42,22" hai2="100,88,133,9,45,67,36,124,81,90,130,18,73" hai3="54,21,75,1,92,118,6,134,86,119,135,66,62"/><U41/><E107/><V29/><F124/><W59/><G75/><T128/><D128/><U15/><E125/><V48/><F130/><W49/><G1/><T63/><D38/><U52/><E72/><V114/><F114/><W64/><G6/><T99/><D123/><U102/><E65/><N who="3" m="25194" /><G21/><N who="0" m="15727" /><D63/><U68/><E68/><V106/><F133/><N who="3" m="50699" /><G92/><T2/><D2/><U56/><E15/><V13/><F67/><N who="3" m="39391" /><G86/><T108/><D105/><U129/><E129/><V76/><F29/><W58/><AGARI ba="2,0" hai="49,54,58,118,119" m="39391,50699,25194" machi="58" ten="30,4000,0" yaku="20,1,34,2" doraHai="31" who="3" fromWho="3" sc="196,-12,387,-22,216,-12,201,46" /><INIT seed="2,0,0,5,2,125" ten="184,365,204,247" oya="2" hai0="0,55,36,69,35,111,33,121,93,87,58,3,45" hai1="47,50,114,65,25,60,79,95,105,61,86,100,124" hai2="126,54,135,90,98,82,72,7,57,24,113,42,5" hai3="94,83,17,88,27,32,129,116,26,108,8,41,74"/><V120/><F113/><W81/><G116/><T134/><D121/><U56/><E114/><V43/><F120/><W40/><G108/><T103/><D69/><U1/><E1/><V51/><F126/><W104/><G104/><T12/><D111/><U21/><E124/><V37/><F135/><W4/><G129/><T31/><D134/><U77/><E105/><V97/><F37/><W78/><G81/><T128/><D128/><U92/><E60/><V115/><F115/><W62/><G62/><T48/><D12/><U59/><E59/><V68/><F68/><W118/><G118/><T71/><D71/><U64/><E64/><V122/><F122/><W29/><G17/><T16/><D16/><N who="1" m="12455" /><E100/><V133/><F133/><W99/><REACH who="3" step="1"/><G26/><REACH who="3" ten="184,365,204,237" step="2"/><T46/><D31/><U34/><E61/><V30/><F24/><W20/><G20/><T123/><D123/><U6/><E95/><V9/><F30/><W22/><G22/><T10/><D33/><U18/><E34/><V130/><F130/><W63/><G63/><T109/><D35/><U19/><E92/><V89/><F82/><W52/><G52/><T117/><D109/><U127/><E127/><V13/><F5/><W66/><G66/><T28/><D117/><U15/><E6/><V102/><F72/><W67/><G67/><T70/><D28/><U106/><E65/><V110/><F110/><W112/><G112/><T75/><D70/><U119/><E119/><V101/><F43/><W84/><G84/><T38/><D87/><U73/><E73/><V76/><F42/><W2/><AGARI ba="0,1" hai="2,4,8,27,29,32,40,41,74,78,83,88,94,99" machi="2" ten="20,5200,0" yaku="1,1,0,1,7,1,54,1,53,0" doraHai="125" doraHaiUra="131" who="3" fromWho="3" sc="184,-13,365,-13,204,-26,237,62" /><INIT seed="3,0,0,1,0,101" ten="171,352,178,299" oya="3" hai0="130,46,59,32,63,135,102,82,113,1,126,108,41" hai1="77,69,127,19,76,119,8,38,49,133,7,92,99" hai2="83,30,112,40,16,3,98,75,2,73,18,107,13" hai3="134,67,96,65,22,23,27,17,70,55,95,78,87"/><W60/><G134/><T106/><D135/><U47/><E133/><V86/><F112/><W91/><G67/><N who="0" m="39423" /><D32/><U31/><E69/><V57/><F30/><W33/><G33/><T105/><D1/><U56/><E127/><V129/><F40/><W120/><G120/><T11/><D11/><U100/><E119/><V71/><F71/><W85/><G78/><T117/><D117/><U20/><E31/><V9/><F129/><W103/><G23/><T121/><D121/><U64/><E38/><V26/><F57/><W44/><G55/><T88/><D126/><U34/><E34/><V79/><F75/><W81/><G44/><T53/><D53/><N who="1" m="29887" /><E7/><V80/><F107/><N who="0" m="40970" /><D102/><U74/><E8/><V104/><F98/><W66/><G66/><T109/><D130/><U50/><E74/><V89/><F104/><W52/><G52/><T122/><D122/><U12/><E64/><V45/><F45/><W6/><G6/><T90/><D113/><U84/><E56/><V62/><F62/><W131/><G131/><T116/><D116/><U37/><E100/><V68/><F68/><W4/><G4/><T58/><D58/><U93/><E20/><N who="2" m="13575" /><F2/><W72/><G72/><T25/><D25/><U5/><E5/><V14/><F14/><W36/><REACH who="3" step="1"/><G85/><REACH who="3" ten="171,352,178,289" step="2"/><T132/><D132/><U29/><E84/><V128/><F128/><W97/><G97/><T28/><D41/><U110/><E99/><V54/><F54/><W118/><G118/><T10/><D46/><U94/><E76/><V43/><F43/><W48/><G48/><T39/><D10/><N who="1" m="6551" /><E50/><V61/><F3/><RYUUKYOKU ba="0,1" sc="171,-15,352,-15,178,15,289,15" hai2="9,13,18,61,73,79,80,83,86,89" hai3="17,22,27,36,60,65,70,81,87,91,95,96,103" /><INIT seed="3,1,1,0,3,132" ten="156,337,193,304" oya="3" hai0="128,10,63,114,80,18,62,105,74,3,77,113,59" hai1="34,64,133,87,52,122,118,56,23,32,88,104,22" hai2="53,119,29,89,42,123,20,57,71,15,129,38,103" hai3="73,43,102,126,26,121,35,135,108,1,47,61,109"/><W130/><G126/><T127/><D105/><U7/><E122/><V131/><F119/><W46/><G121/><T60/><D128/><N who="2" m="49226" /><F123/><W17/><G130/><T91/><D91/><U11/><E104/><V14/><F71/><W30/><G135/><T48/><D48/><U120/><E120/><V96/><F89/><W82/><G102/><T39/><D39/><U117/><E64/><V5/><F42/><W94/><G94/><T112/><D127/><U85/><E133/><V13/><F38/><W6/><G61/><T4/><REACH who="0" step="1"/><D18/><REACH who="0" ten="146,337,193,304" step="2"/><U8/><E88/><V81/><F81/><W100/><G17/><T45/><D45/><U92/><E117/><V69/><F69/><W65/><G100/><T58/><AGARI ba="1,2" hai="3,4,10,58,59,60,62,63,74,77,80,112,113,114" machi="58" ten="40,5200,0" yaku="1,1,0,1,11,1,53,0" doraHai="132" doraHaiUra="25" who="0" fromWho="0" sc="146,75,337,-14,193,-14,304,-27" owari="221,-17.9,323,42.3,179,-32.1,277,7.7" /></mjloggm>