<mjloggm ver="2.3"><GO type="225" lobby="0"/><UN n0="%38%63%E3%81%AF%E3%81%A3%E3%81%97%E3%83%BC" n1="%E5%B8%86%E7%AB%8B%E5%A4%8F%E8%A1%A3" n2="%72%69%6F%75%63%68%61%6E" n3="%E7%AD%89%E3%80%85%E5%8A%9B%E5%8A%87%E5%A0%B4" dan="16,16,16,17" rate="2116.86,2042.66,2151.48,2148.01" sx="M,M,M,M"/><TAIKYOKU oya="0"/><INIT seed="0,0,0,2,2,78" ten="250,250,250,250" oya="0" hai0="119,47,100,59,8,26,79,127,122,107,103,39,40" hai1="49,17,28,30,95,135,52,88,131,76,121,53,73" hai2="102,31,74,60,64,134,29,108,129,128,25,123,62" hai3="7,116,105,6,37,54,133,45,15,46,36,109,3"/><T69/><D122/><U126/><E121/><V91/><F123/><W38/><G3/><T22/><D119/><U90/><E131/><N who="2" m="50251" /><F108/><W77/><G105/><T35/><D69/><U24/><E135/><V70/><F134/><W63/><G133/><T51/><D35/><U114/><E126/><V50/><F74/><W34/><G34/><T80/><D127/><U18/><E114/><V43/><F102/><W106/><G106/><T21/><D107/><U56/><E73/><V2/><F2/><W23/><G116/><T115/><D115/><U89/><E76/><V61/><F91/><N who="1" m="34889" /><E53/><V44/><F31/><N who="1" m="11817" /><E24/><V113/><F113/><W87/><G37/><T83/><D79/><U27/><N who="1" m="34897" /><U104/><DORA hai="68" /><E104/><V48/><F48/><W0/><G0/><T98/><D103/><U65/><E95/><V125/><F125/><W1/><G1/><T12/><D26/><U117/><E117/><V16/><F16/><N who="1" m="6249" /><E27/><V99/><F99/><W84/><G38/><T112/><D98/><U82/><E82/><N who="0" m="31273" /><D100/><U14/><E14/><V72/><F72/><W10/><G15/><T33/><D33/><AGARI ba="0,0" hai="25,29,33,43,44,50,60,61,62,64,70" m="50251" machi="33" ten="30,1000,0" yaku="19,1" doraHai="78,68" who="2" fromWho="0" sc="250,-10,250,0,250,10,250,0" /><INIT seed="1,0,0,2,1,47" ten="240,250,260,250" oya="1" hai0="72,49,84,125,1,23,128,95,27,61,74,129,97" hai1="19,133,43,6,63,92,83,16,22,71,65,50,2" hai2="64,24,26,68,110,34,62,29,131,38,113,66,28" hai3="41,15,120,91,56,69,114,104,35,108,102,85,54"/><U127/><E133/><V87/><F110/><W9/><G69/><T25/><D1/><U67/><E127/><V100/><F131/><W20/><G35/><T40/><D61/><U32/><E32/><V36/><F113/><W17/><G120/><T93/><D84/><U73/><E67/><V0/><F0/><W124/><G114/><T8/><D8/><U86/><E73/><V39/><F87/><W53/><G108/><T5/><D5/><U3/><E92/><V130/><F130/><W111/><G111/><T76/><D23/><U59/><E19/><V134/><F134/><W58/><G124/><T60/><D60/><U51/><E6/><V57/><F100/><W105/><G41/><T101/><D40/><U33/><E33/><V70/><REACH who="2" step="1"/><F64/><REACH who="2" ten="240,250,250,250" step="2"/><W48/><G102/><T115/><D101/><U18/><E2/><V77/><F77/><W106/><G85/><T42/><D76/><U107/><E3/><V12/><F12/><W55/><G91/><T75/><D74/><U13/><E13/><V30/><F30/><W99/><G15/><T112/><D125/><U78/><E86/><V10/><F10/><W46/><G9/><T117/><D115/><U90/><E78/><V80/><F80/><W31/><G31/><T103/><D103/><U7/><E83/><V116/><F116/><W82/><G82/><T11/><D117/><U132/><E90/><V109/><F109/><W14/><G99/><T21/><D129/><U37/><E65/><V121/><F121/><W123/><G123/><T79/><D128/><U4/><E4/><V122/><F122/><RYUUKYOKU ba="0,1" sc="240,-15,250,-15,250,15,250,15" hai2="24,26,28,29,34,36,38,39,57,62,66,68,70" hai3="14,17,20,46,48,53,54,55,56,58,104,105,106" /><INIT seed="2,1,1,5,2,44" ten="225,235,265,265" oya="2" hai0="78,10,129,26,47,6,31,127,53,73,33,27,63" hai1="69,41,91,45,66,25,30,32,54,61,88,81,94" hai2="16,48,125,11,115,22,89,9,135,86,108,57,112" hai3="36,23,0,71,46,39,113,18,13,34,19,82,116"/><V105/><F105/><W5/><G116/><T75/><D129/><U114/><E114/><V58/><F125/><W15/><G71/><T49/><D127/><U98/><E54/><N who="2" m="31943" /><F112/><W117/><G117/><T133/><D133/><U99/><E81/><N who="2" m="49359" /><F115/><W65/><G34/><T68/><D78/><U64/><E64/><V92/><F135/><W128/><G65/><T119/><D119/><U97/><REACH who="1" step="1"/><E91/><REACH who="1" ten="225,225,265,265" step="2"/><V7/><F108/><W55/><G113/><T111/><D111/><U85/><E85/><V87/><F58/><W28/><G82/><T37/><D75/><U77/><E77/><V100/><F87/><W62/><G128/><T110/><D73/><U3/><E3/><V76/><F76/><W70/><G0/><T43/><D110/><U52/><E52/><V56/><F56/><W21/><G55/><T124/><D124/><U1/><E1/><V90/><F90/><W50/><G70/><T29/><D68/><U14/><E14/><N who="2" m="9495" /><F7/><W126/><G5/><T122/><D6/><U93/><E93/><V79/><F79/><W132/><G126/><T102/><D53/><U67/><E67/><V109/><F109/><W96/><G132/><T80/><D80/><U8/><E8/><V103/><F92/><W118/><G118/><T74/><D74/><U134/><E134/><V130/><F130/><W59/><G59/><T83/><D83/><U51/><AGARI ba="1,2" hai="25,30,32,41,45,51,61,66,69,88,94,97,98,99" machi="51" ten="20,8000,1" yaku="1,1,0,1,7,1,52,1,54,1,53,0" doraHai="44" doraHaiUra="2" who="1" fromWho="1" sc="225,-21,225,103,265,-41,265,-21" /><INIT seed="3,0,0,0,4,33" ten="204,328,224,244" oya="3" hai0="28,123,45,17,85,76,59,116,62,65,84,15,35" hai1="79,102,55,125,87,58,39,103,23,2,130,88,81" hai2="119,10,37,7,82,48,44,121,90,83,16,124,57" hai3="53,98,71,108,43,131,135,52,67,128,94,47,56"/><W22/><G135/><T12/><D123/><U78/><E2/><V69/><F119/><W115/><G115/><T110/><D116/><U21/><E39/><V54/><F69/><W111/><G22/><N who="1" m="8202" /><E125/><V50/><F121/><W9/><G9/><T49/><D110/><N who="3" m="42025" /><G71/><T120/><D120/><U1/><E1/><V8/><F37/><N who="3" m="21999" /><G67/><T31/><D35/><U51/><E130/><N who="3" m="49706" /><G56/><T19/><D31/><U80/><E80/><V25/><F82/><W6/><G6/><T70/><D28/><U74/><E74/><V97/><F7/><W0/><G0/><T60/><D12/><U30/><E30/><V64/><F83/><W118/><G118/><T99/><D15/><U106/><E106/><V63/><F8/><W34/><G34/><T11/><D11/><U113/><E113/><V3/><F10/><W41/><G41/><T101/><D17/><U40/><E40/><V18/><F3/><W86/><G86/><T68/><D19/><U112/><E112/><V32/><F32/><W129/><G129/><T14/><D14/><U29/><E29/><V117/><F117/><W122/><G122/><T89/><D70/><U133/><E133/><V96/><F18/><W36/><G36/><T77/><D68/><U107/><E107/><V114/><F16/><W109/><G109/><T73/><D85/><U134/><E134/><V4/><F114/><W66/><G66/><T126/><D84/><U26/><E26/><V95/><F4/><W132/><G132/><T42/><D42/><U104/><E104/><V46/><F64/><W105/><G105/><T13/><D65/><RYUUKYOKU ba="0,0" sc="204,-15,328,15,224,-15,244,15" hai1="51,55,58,78,79,81,87,88,102,103" hai3="52,53,94,98" /><INIT seed="3,1,0,4,1,17" ten="189,343,209,259" oya="3" hai0="132,55,61,100,27,54,65,58,32,72,18,62,135" hai1="83,60,134,111,123,88,0,9,91,121,99,38,102" hai2="112,113,94,28,36,125,109,4,6,114,26,119,74" hai3="87,12,47,33,16,41,56,81,25,7,43,53,29"/><W108/><G7/><N who="2" m="2601" /><F74/><W37/><G108/><T11/><D72/><U15/><E111/><V49/><F36/><W98/><G98/><T82/><D100/><U34/><E38/><V63/><F49/><W31/><G31/><N who="0" m="19583" /><D82/><U97/><E0/><V51/><F51/><W45/><G43/><T64/><D18/><U96/><E134/><N who="0" m="51241" /><D11/><U68/><E102/><V69/><F109/><W103/><G103/><T19/><D19/><U127/><E60/><V115/><F63/><W21/><G41/><T8/><D8/><U76/><E68/><V48/><F69/><W122/><G122/><T20/><D20/><U35/><E123/><V30/><F112/><W57/><G57/><T89/><D89/><U50/><E121/><V2/><F2/><W3/><G37/><T131/><D131/><U24/><E91/><V105/><F28/><W79/><G3/><T110/><D110/><U39/><E39/><V5/><F5/><W23/><G33/><T42/><D42/><U73/><E88/><V120/><F120/><W59/><G59/><T77/><D77/><U40/><E35/><N who="2" m="20951" /><F105/><W104/><G104/><T116/><D116/><U90/><E90/><V118/><F94/><W78/><G79/><T93/><D93/><U92/><E92/><V22/><F22/><W133/><G133/><T71/><D55/><U106/><E106/><V129/><F129/><W52/><G53/><T130/><D130/><U101/><E101/><V70/><F125/><W126/><G126/><T85/><D65/><U107/><E107/><V124/><F124/><W84/><G87/><T75/><D85/><RYUUKYOKU ba="1,0" sc="189,15,343,-15,209,-15,259,15" hai0="54,58,61,62,64,71,75" hai3="12,16,21,23,25,29,45,47,52,56,78,81,84" /><INIT seed="3,2,0,5,0,98" ten="204,328,194,274" oya="3" hai0="36,30,0,101,62,32,99,85,55,133,77,86,112" hai1="22,26,78,28,66,92,51,119,48,11,118,105,124" hai2="4,69,103,100,126,110,43,39,84,35,10,41,24" hai3="128,117,74,108,88,73,68,120,70,14,67,134,131"/><W65/><G117/><N who="1" m="44554" /><E105/><V47/><F69/><N who="3" m="26731" /><G120/><T15/><D0/><U16/><E124/><V91/><F126/><W61/><G14/><T109/><D36/><U5/><E66/><N who="3" m="25098" /><G61/><T127/><D109/><U87/><E28/><V76/><F110/><W81/><G108/><T56/><D133/><U89/><E78/><V93/><F41/><W34/><G34/><T49/><D127/><U20/><E22/><V29/><REACH who="2" step="1"/><F76/><REACH who="2" ten="204,328,184,274" step="2"/><W3/><G134/><T125/><D125/><U83/><E83/><V33/><F33/><W106/><G81/><T31/><D77/><U50/><E50/><V6/><F6/><W132/><G132/><T123/><D49/><U13/><AGARI ba="2,1" hai="5,11,13,16,20,26,48,51,87,89,92" m="44554" machi="13" ten="30,2000,0" yaku="12,1,54,1" doraHai="98" who="1" fromWho="1" sc="204,-7,328,36,184,-7,274,-12" owari="197,-20.3,364,46.4,177,-32.3,262,6.2" /></mjloggm>