<mjloggm ver="2.3"><GO type="225" lobby="0"/><UN n0="%E8%A8%88%E7%AE%97%E6%A9%9F%E8%87%AA%E7%84%B6" n1="%E4%B8%89%E5%88%86%E5%B0%8F%E5%83%A7" n2="%30%2E%31%32%30" n3="%E5%B8%86%E7%AB%8B%E5%A4%8F%E8%A1%A3" dan="17,16,16,17" rate="2187.32,2086.61,2131.42,2135.89" sx="M,M,M,M"/><TAIKYOKU oya="0"/><INIT seed="0,0,0,2,2,111" ten="250,250,250,250" oya="0" hai0="48,58,103,126,87,106,21,60,82,26,37,93,135" hai1="69,27,62,65,8,9,78,86,123,52,118,54,114" hai2="70,71,96,18,119,29,50,20,24,101,13,56,61" hai3="100,42,92,91,44,130,41,81,12,121,51,59,102"/><T57/><D37/><U67/><E118/><V80/><F50/><W131/><G121/><T28/><D126/><U38/><E123/><V11/><F80/><W33/><G33/><T108/><D135/><U68/><E38/><V105/><REACH who="2" step="1"/><F119/><REACH who="2" ten="250,250,240,250" step="2"/><W74/><G81/><T0/><D108/><U115/><E62/><V23/><F23/><W3/><G51/><T47/><D60/><U73/><E73/><V120/><F120/><W46/><G74/><T128/><D82/><U124/><E124/><V129/><F129/><W109/><G109/><T75/><D128/><U6/><E6/><V15/><F15/><W4/><G12/><T25/><D75/><U14/><E14/><V1/><F1/><W5/><G3/><T77/><D0/><U132/><E132/><V127/><F127/><W34/><G34/><T30/><D48/><U53/><E27/><V85/><F85/><W104/><G131/><T84/><D87/><U72/><E72/><V116/><F116/><W76/><G130/><T83/><D25/><U88/><E86/><V112/><F112/><N who="1" m="43049" /><E78/><V134/><F134/><W49/><G76/><T117/><D117/><U122/><E122/><V99/><F99/><W94/><G49/><T90/><D77/><U125/><E125/><V22/><F22/><W66/><G4/><T113/><D113/><U97/><E97/><V36/><F36/><W64/><G5/><T79/><D79/><U95/><E8/><V89/><F89/><W19/><G91/><T107/><D84/><N who="1" m="52615" /><E9/><V2/><F2/><W39/><G39/><T133/><D133/><U40/><E40/><RYUUKYOKU ba="0,1" sc="250,-15,250,15,240,15,250,-15" hai1="52,53,54,65,67,68,69" hai2="11,13,18,20,24,29,56,61,70,71,96,101,105" /><INIT seed="1,1,1,3,2,103" ten="235,265,255,235" oya="1" hai0="47,74,42,89,130,26,33,22,6,63,61,114,87" hai1="128,73,109,132,23,101,112,64,49,78,129,4,14" hai2="30,53,13,66,135,107,105,9,32,124,116,93,16" hai3="75,95,97,91,102,108,115,5,131,37,36,126,84"/><U79/><E112/><V111/><F116/><W118/><G115/><T134/><D114/><U94/><E132/><V34/><F135/><W39/><G108/><T1/><D134/><U80/><E109/><V54/><F111/><W69/><G131/><N who="1" m="50250" /><E79/><V46/><F124/><W45/><G126/><T65/><D74/><U110/><E110/><V59/><F66/><W125/><G125/><T113/><D113/><U15/><E64/><V104/><F93/><W3/><G118/><T12/><D1/><U123/><E123/><V31/><F46/><W44/><G69/><T41/><D33/><U122/><E122/><V85/><F85/><W19/><G75/><T98/><D98/><N who="1" m="59607" /><E4/><V92/><F92/><W10/><REACH who="3" step="1"/><G19/><REACH who="3" ten="235,265,255,225" step="2"/><T25/><D130/><U120/><E120/><V70/><F70/><W57/><G57/><T43/><D47/><U0/><E0/><V29/><REACH who="2" step="1"/><F54/><REACH who="2" ten="235,265,245,225" step="2"/><W83/><AGARI ba="1,3" hai="3,5,10,36,37,39,44,45,83,84,91,95,97,102" machi="83" ten="30,2000,0" yaku="1,1,0,1,53,0" doraHai="103" doraHaiUra="21" who="3" fromWho="3" sc="235,-6,265,-11,245,-6,225,53" /><INIT seed="2,0,0,3,5,121" ten="229,254,239,278" oya="2" hai0="33,116,42,90,102,9,22,23,117,18,61,46,7" hai1="40,68,64,109,63,66,75,107,128,17,73,104,41" hai2="110,2,134,133,58,120,122,94,56,89,67,10,85" hai3="130,37,39,113,92,59,126,47,74,118,103,71,125"/><V78/><F2/><W27/><G71/><T53/><D33/><U114/><E17/><V35/><F35/><W106/><G74/><T79/><D79/><U84/><E84/><V86/><F10/><W44/><G118/><N who="0" m="45675" /><D102/><U93/><E93/><V28/><F28/><W51/><G106/><T123/><D123/><N who="2" m="47146" /><F58/><W87/><G27/><T15/><D90/><U65/><E63/><V100/><F56/><W45/><G130/><T135/><D135/><N who="2" m="51722" /><F67/><W57/><G113/><T25/><D61/><U48/><E48/><V29/><F29/><W19/><G19/><N who="0" m="12511" /><D53/><U96/><E68/><V127/><F110/><W0/><G0/><N who="0" m="231" /><D46/><U16/><E114/><V119/><F119/><W6/><G6/><T95/><D95/><U38/><E128/><V112/><F100/><W91/><G103/><T108/><D42/><U43/><E43/><V83/><F127/><N who="3" m="48651" /><G59/><T62/><D62/><U36/><E41/><V70/><F70/><W30/><G30/><T5/><D5/><U132/><E40/><V8/><F8/><W98/><G57/><T13/><D108/><U131/><E109/><V72/><F112/><W82/><G51/><T52/><D52/><U32/><E132/><V54/><F54/><W101/><AGARI ba="0,0" hai="37,39,44,45,47,82,87,91,92,98,101" m="48651" machi="101" ten="30,1100,0" yaku="18,1" doraHai="121" who="3" fromWho="3" sc="229,-3,254,-3,239,-5,278,11" /><INIT seed="3,0,0,4,5,19" ten="226,251,234,289" oya="3" hai0="124,12,111,126,91,37,9,85,131,6,107,92,14" hai1="78,66,113,62,71,18,132,79,108,52,0,134,44" hai2="75,55,42,109,53,80,3,30,17,51,28,100,130" hai3="46,34,35,22,112,121,47,7,27,105,26,57,23"/><W117/><G105/><T90/><D37/><U49/><E113/><V8/><F100/><W43/><G112/><T41/><D107/><U122/><E122/><V120/><F120/><W40/><G121/><T31/><D41/><U25/><E0/><V74/><F42/><W89/><G7/><T87/><D131/><U2/><E2/><V54/><F130/><W10/><G10/><T123/><D123/><U48/><E108/><V93/><F93/><W96/><G57/><T88/><D111/><U50/><E79/><V95/><F95/><W106/><G106/><T1/><D31/><U39/><E78/><V119/><F119/><W103/><G103/><T76/><D76/><U116/><E116/><V5/><F109/><W129/><G96/><T15/><REACH who="0" step="1"/><D92/><REACH who="0" ten="216,251,234,289" step="2"/><U16/><E39/><V86/><F30/><W63/><G129/><T69/><D69/><U59/><E132/><V102/><F28/><W61/><G117/><T94/><D94/><U101/><E134/><V45/><F102/><W128/><G128/><T20/><D20/><N who="1" m="13447" /><E71/><V21/><F74/><W68/><G68/><T83/><D83/><U4/><E101/><V73/><F73/><W24/><G24/><T13/><N who="0" m="3072" /><DORA hai="104" /><T38/><D38/><U115/><E115/><V125/><F75/><W29/><G29/><T64/><D64/><U133/><E133/><V84/><F80/><W82/><G82/><T58/><D58/><U32/><E4/><V81/><F81/><W99/><G99/><T70/><D70/><U36/><E36/><V77/><F77/><W97/><G97/><T56/><D56/><RYUUKYOKU ba="0,1" sc="216,15,251,-15,234,-15,289,15" hai0="1,6,9,85,87,88,90,91,124,126" hai3="22,23,26,27,34,35,40,43,46,47,61,63,89" owari="231,-16.9,236,3.6,219,-28.1,314,41.4" /></mjloggm>