<mjloggm ver="2.3"><GO type="225" lobby="0"/><UN n0="%74%2E%6F%2E%6F%2E%73" n1="%4C%4F%4C%49%54%41" n2="%79%75%72%69%6D%6F%67" n3="%28%EF%BF%A3%E2%96%BD%EF%BF%A3%29%CE%B4%E2%8C%92%E3%83%BB" dan="17,16,16,17" rate="2125.28,2172.22,2170.03,2251.64" sx="M,F,F,M"/><TAIKYOKU oya="0"/><INIT seed="0,0,0,4,4,55" ten="250,250,250,250" oya="0" hai0="20,39,73,46,54,135,11,84,87,91,121,16,30" hai1="130,66,99,111,123,71,48,93,92,89,51,86,43" hai2="17,103,38,90,49,34,5,37,69,13,33,47,134" hai3="129,56,70,42,14,40,120,110,83,35,60,95,79"/><T7/><D73/><U81/><E123/><V36/><F69/><W50/><G35/><T77/><D121/><U78/><E111/><V2/><F134/><W41/><G120/><T28/><D135/><U57/><E130/><V74/><F103/><W101/><G110/><T24/><D77/><U65/><E71/><V63/><F5/><W131/><G70/><T19/><D30/><U31/><E31/><V80/><F2/><W0/><G0/><T8/><D84/><N who="1" m="48183" /><E48/><V98/><F74/><W22/><G50/><T29/><D29/><U21/><E21/><V96/><F63/><W15/><G95/><T102/><D102/><N who="1" m="60775" /><E43/><V23/><F96/><W107/><G101/><T12/><D8/><U4/><E4/><V114/><F114/><W132/><G107/><T72/><D72/><U27/><E27/><V59/><F98/><W97/><G97/><T58/><D46/><U76/><E76/><V25/><F25/><W94/><G94/><N who="0" m="54655" /><D39/><U112/><E112/><V18/><F18/><W26/><G132/><T1/><D1/><U10/><E10/><V3/><F3/><W122/><G122/><T62/><AGARI ba="0,0" hai="7,11,12,16,19,20,24,28,54,58,62" m="54655" machi="62" ten="30,6000,0" yaku="8,1,52,1,54,1" doraHai="55" who="0" fromWho="0" sc="250,60,250,-20,250,-20,250,-20" /><INIT seed="0,1,0,3,5,108" ten="310,230,230,230" oya="0" hai0="112,104,80,6,81,111,83,120,28,127,70,116,15" hai1="94,9,56,124,117,102,86,24,92,31,44,34,109" hai2="64,17,0,14,67,119,82,48,135,30,128,129,99" hai3="58,2,5,85,59,100,76,115,68,122,89,93,77"/><T132/><D70/><U39/><E117/><V4/><F135/><W123/><G68/><T103/><D28/><U114/><E109/><V126/><F30/><W62/><G5/><T66/><D66/><U54/><E124/><V72/><F4/><W87/><G2/><T98/><D111/><U19/><E102/><V75/><F0/><W47/><G47/><T12/><D116/><U74/><E74/><V13/><F119/><W69/><G69/><T38/><D38/><U49/><E114/><V18/><F48/><W79/><G100/><T78/><D120/><N who="3" m="46121" /><G115/><T3/><D112/><U106/><E106/><V23/><F99/><N who="3" m="57775" /><G59/><T43/><D43/><U53/><E86/><V101/><F101/><W7/><G7/><T32/><D3/><U21/><E39/><V63/><F63/><W45/><G45/><T29/><D6/><U90/><E90/><V134/><F134/><W57/><G57/><T33/><D132/><U73/><E73/><V105/><F126/><W130/><G130/><T40/><D40/><U20/><E34/><V41/><F41/><W60/><G60/><T125/><D33/><U96/><E96/><V50/><F50/><W95/><G95/><T55/><D125/><U22/><E92/><V51/><F51/><W25/><G25/><N who="0" m="18479" /><D127/><U36/><E94/><V26/><F26/><W118/><G118/><T131/><D131/><N who="2" m="50250" /><F105/><W35/><G35/><T1/><D1/><U16/><E36/><V37/><F37/><W113/><G113/><T91/><D91/><U110/><E110/><V88/><F88/><W11/><G11/><T97/><D104/><RYUUKYOKU ba="1,0" sc="310,-10,230,-10,230,-10,230,30" hai3="58,62,76,77,79,85,87" /><INIT seed="1,2,0,0,2,117" ten="300,220,220,260" oya="1" hai0="35,31,135,101,93,71,56,114,2,87,88,102,59" hai1="111,45,132,12,133,8,116,58,1,20,125,73,113" hai2="82,47,126,66,122,110,118,85,39,50,11,27,74" hai3="7,121,120,77,64,60,61,78,32,103,36,69,98"/><U86/><E73/><V37/><F110/><W128/><G36/><T134/><D71/><U43/><E116/><V53/><F74/><W25/><G7/><T83/><D2/><U109/><E113/><V34/><F122/><N who="3" m="47211" /><G61/><T29/><D114/><U105/><E105/><V49/><F126/><W99/><G99/><N who="0" m="59631" /><D102/><U5/><E125/><V10/><F118/><W75/><G75/><T80/><D80/><U55/><E86/><V92/><F66/><W48/><G48/><T19/><D19/><N who="1" m="10343" /><E55/><V18/><F39/><W57/><G57/><N who="0" m="22091" /><D35/><U65/><E65/><V14/><F37/><W41/><G41/><T3/><D3/><U13/><E58/><V51/><F92/><W16/><G16/><T30/><D83/><U94/><E94/><V68/><F68/><W67/><G67/><T123/><D123/><U96/><E96/><V42/><F42/><W63/><G63/><T100/><D100/><U21/><E43/><V38/><F11/><W9/><G9/><T24/><D87/><U0/><E45/><V6/><F38/><W95/><G128/><T72/><D72/><U62/><E62/><V115/><F115/><W124/><G124/><T4/><D4/><U89/><E0/><V76/><F34/><W129/><G129/><T106/><D106/><U108/><E89/><V54/><F54/><W130/><G130/><T52/><D88/><U70/><E70/><V26/><F26/><W131/><G131/><T107/><D107/><U84/><E84/><V28/><F28/><N who="0" m="10858" /><D52/><U40/><E40/><V44/><F44/><W23/><G32/><T22/><AGARI ba="2,0" hai="22,24,31,134,135" m="10858,22091,59631" machi="22" ten="30,1100,0" yaku="5,1" doraHai="117" who="0" fromWho="0" sc="300,17,220,-7,220,-5,260,-5" /><INIT seed="2,0,0,4,2,0" ten="317,213,215,255" oya="2" hai0="65,21,1,4,122,12,93,39,87,73,126,15,5" hai1="51,110,85,14,71,19,30,47,116,61,34,49,48" hai2="92,99,28,115,44,90,128,91,64,6,58,69,97" hai3="123,50,121,25,98,38,16,109,24,78,132,37,88"/><V3/><F115/><W108/><G78/><T94/><D73/><U81/><E116/><V107/><F128/><W31/><G50/><T20/><D1/><U96/><E110/><N who="3" m="42602" /><G132/><T17/><D39/><N who="3" m="14857" /><G16/><N who="0" m="10247" /><D122/><N who="3" m="46601" /><G31/><T40/><D126/><U56/><E49/><V22/><F28/><W36/><N who="3" m="14865" /><W57/><DORA hai="135" /><G57/><T84/><D40/><U103/><E48/><V70/><F44/><W68/><G68/><T114/><D114/><U82/><E71/><V105/><F22/><W125/><G125/><T76/><D65/><U7/><E51/><V18/><F18/><W131/><G131/><T100/><D76/><U46/><E47/><V67/><F58/><W8/><G8/><T89/><D84/><U119/><E85/><V35/><F35/><W102/><G88/><N who="0" m="53407" /><D100/><U41/><E103/><V29/><F29/><W59/><G59/><T134/><D134/><U74/><E30/><V13/><F13/><W23/><G23/><T54/><D54/><U66/><E34/><V106/><F69/><W45/><G45/><T77/><D77/><U133/><E133/><V101/><F70/><W32/><G32/><T55/><D55/><U79/><E46/><V9/><REACH who="2" step="1"/><F91/><REACH who="2" ten="317,213,205,255" step="2"/><W43/><G43/><T60/><D60/><U111/><E111/><V83/><F83/><W86/><G25/><T10/><D21/><U42/><E42/><V53/><F53/><W127/><G24/><T129/><D129/><U113/><E41/><V33/><F33/><W104/><G127/><T62/><D62/><U130/><E61/><V118/><F118/><W112/><G112/><T120/><D120/><RYUUKYOKU ba="0,1" sc="317,10,213,-30,205,10,255,10" hai0="4,5,10,15,17,89,94" hai2="3,6,9,64,67,90,92,97,99,101,105,106,107" hai3="86,98,102,104" /><INIT seed="2,1,1,2,4,40" ten="327,183,215,265" oya="2" hai0="39,19,114,3,16,0,127,17,2,11,12,99,113" hai1="70,64,5,100,60,81,123,88,122,117,27,120,106" hai2="45,59,31,52,128,21,67,25,104,37,32,85,109" hai3="116,118,101,14,76,121,77,26,36,56,57,119,93"/><V95/><F104/><W33/><G36/><T53/><D39/><U22/><E117/><V41/><F128/><W42/><G42/><T129/><D53/><U78/><E5/><V48/><F67/><W135/><G121/><T80/><D80/><U83/><E78/><V90/><REACH who="2" step="1"/><F109/><REACH who="2" ten="327,183,205,265" step="2"/><W126/><G119/><T66/><D129/><U44/><E106/><V84/><F84/><W132/><G118/><T63/><D99/><U92/><E100/><V96/><F96/><W38/><G116/><T130/><D130/><U49/><E122/><V69/><F69/><W46/><G101/><T65/><D65/><U6/><E123/><V108/><F108/><W82/><G132/><T4/><REACH who="0" step="1"/><D127/><REACH who="0" ten="317,183,205,265" step="2"/><U71/><E120/><V112/><F112/><W62/><G126/><T97/><D97/><U13/><E64/><V107/><F107/><W43/><G135/><T131/><D131/><U73/><E73/><V105/><F105/><W89/><G38/><T115/><D115/><U86/><E86/><V9/><F9/><W24/><G77/><T35/><D35/><AGARI ba="1,3" hai="21,25,31,32,35,37,41,45,48,52,59,85,90,95" machi="35" ten="40,7700,0" yaku="1,1,52,1,54,1,53,0" doraHai="40" doraHaiUra="61" who="2" fromWho="0" sc="317,-80,183,0,205,110,265,0" /><INIT seed="2,2,0,5,5,107" ten="237,183,315,265" oya="2" hai0="46,69,59,4,129,98,121,16,41,44,13,86,42" hai1="68,29,88,51,5,7,116,19,124,131,52,23,130" hai2="34,123,60,1,27,53,100,132,87,10,32,94,120" hai3="18,97,80,126,115,135,38,93,90,114,39,73,109"/><V99/><F132/><W77/><G135/><T70/><D121/><U103/><E116/><V22/><F123/><W85/><G109/><T14/><D129/><N who="1" m="49163" /><E68/><V25/><F25/><W92/><G18/><T54/><D69/><U57/><E103/><V81/><F53/><W96/><G126/><T128/><D70/><U12/><E29/><V95/><F95/><N who="3" m="54735" /><G39/><T84/><D98/><N who="3" m="37993" /><G38/><T37/><D128/><U28/><E28/><V6/><F60/><W24/><G24/><T108/><D108/><U106/><E106/><V102/><F102/><W49/><G49/><T30/><D30/><U0/><E0/><V113/><F113/><AGARI ba="2,0" hai="73,77,80,92,93,113,114,115" m="37993,54735" machi="113" ten="30,7700,0" yaku="11,1,34,2,52,1" doraHai="107" who="3" fromWho="2" sc="237,0,183,0,315,-83,265,83" /><INIT seed="3,0,0,0,4,39" ten="237,183,232,348" oya="3" hai0="67,18,89,132,88,16,131,106,103,127,91,33,55" hai1="53,129,15,100,32,66,74,1,83,124,4,47,81" hai2="94,40,77,119,5,93,7,71,73,11,34,111,8" hai3="84,123,97,51,117,105,9,95,112,23,60,0,62"/><W45/><G105/><T36/><D33/><U10/><E32/><V80/><F71/><W121/><G112/><T31/><D36/><U104/><E124/><V65/><F65/><W110/><G110/><T79/><D31/><U75/><E129/><V120/><F34/><W109/><G84/><T125/><D131/><U21/><E66/><V42/><F111/><W20/><G62/><T85/><D67/><U59/><E100/><V30/><F30/><W3/><G23/><T24/><D132/><U54/><E104/><V107/><F107/><W49/><G95/><T57/><D103/><U26/><E1/><V19/><F19/><N who="0" m="7210" /><D24/><U135/><E135/><V6/><F119/><W133/><G117/><T92/><D106/><U101/><E101/><V64/><F64/><W27/><G133/><T48/><D79/><U115/><E115/><V12/><F120/><W44/><G109/><T96/><D96/><U130/><E130/><V90/><F94/><W78/><G0/><T72/><D72/><U122/><E122/><V22/><F22/><W35/><G20/><T46/><D57/><U128/><E128/><V56/><F56/><W69/><G3/><T52/><D55/><U41/><E75/><V87/><F7/><W2/><G2/><AGARI ba="0,0" hai="2,5,6,8,11,12,40,42,73,77,80,87,90,93" machi="2" ten="30,3900,0" yaku="7,1,52,2" doraHai="39" who="2" fromWho="3" sc="237,0,183,0,232,39,348,-39" owari="237,-16.3,183,-31.7,271,7.1,309,40.9" /></mjloggm>