<mjloggm ver="2.3"><GO type="225" lobby="0"/><UN n0="%4C%4F%4C%49%54%41" n1="%48%61%61%61%6C%61%6E%64" n2="%E3%82%B2%E3%82%B9%E8%8C%82%E5%8B%9D" n3="%E3%82%A2%E3%83%BC%E3%83%A2%E3%83%AD%E3%83%BC%E3%83%B4%E3%82%A1" dan="16,18,16,16" rate="2145.37,2283.86,2100.89,2138.39" sx="F,M,F,M"/><TAIKYOKU oya="0"/><INIT seed="0,0,0,3,4,63" ten="250,250,250,250" oya="0" hai0="89,65,123,3,132,62,64,87,5,8,21,14,23" hai1="34,88,49,131,133,29,72,106,2,44,0,25,61" hai2="98,58,78,90,55,9,18,36,80,74,60,39,38" hai3="94,56,73,45,113,115,66,86,27,129,109,112,17"/><T97/><D123/><U91/><E131/><V40/><F98/><W108/><G73/><T127/><D127/><U59/><E72/><V121/><F121/><W117/><G117/><T114/><D114/><U7/><E106/><V52/><F90/><W46/><G129/><T53/><D132/><U85/><E133/><V122/><F122/><W120/><G120/><T119/><D119/><U84/><E84/><V43/><F55/><W41/><G94/><N who="0" m="56527" /><D3/><U107/><E107/><V126/><F126/><W93/><G93/><T70/><D70/><U92/><E7/><V77/><F78/><W22/><G86/><T105/><D105/><U111/><E91/><V102/><F102/><W69/><G69/><T51/><D62/><U83/><E92/><V28/><F28/><W12/><G112/><T20/><D87/><U104/><E104/><V10/><REACH who="2" step="1"/><F18/><REACH who="2" ten="250,250,240,250" step="2"/><W103/><G103/><T32/><D32/><U31/><E31/><V118/><F118/><W116/><G116/><T134/><D134/><U47/><E29/><V50/><F50/><W99/><G99/><T96/><D96/><U71/><E49/><V35/><F35/><W48/><G113/><T4/><D5/><U57/><E34/><V30/><F30/><W24/><G115/><T128/><D128/><U42/><E88/><V33/><F33/><W101/><G101/><T67/><D65/><U15/><E83/><V81/><F81/><W16/><G66/><T68/><D68/><U37/><E71/><V95/><F95/><W79/><G79/><T19/><D4/><U76/><E76/><V125/><F125/><RYUUKYOKU ba="0,1" sc="250,15,250,-15,240,15,250,-15" hai0="8,14,19,20,21,23,51,53,64,67" hai2="9,10,36,38,39,40,43,52,58,60,74,77,80" /><INIT seed="0,1,1,5,4,77" ten="265,235,255,235" oya="0" hai0="113,108,50,135,97,125,134,64,3,13,69,86,7" hai1="9,107,83,10,2,70,72,120,89,75,31,133,11" hai2="47,122,57,128,41,85,59,114,112,28,111,14,53" hai3="18,98,84,43,37,6,81,96,21,78,88,74,67"/><T126/><D3/><U17/><E120/><V51/><F28/><W5/><G67/><T127/><D113/><U24/><E133/><N who="0" m="50697" /><D64/><U93/><E107/><V29/><F122/><W117/><G117/><T110/><D69/><U82/><E70/><V71/><F71/><W60/><G60/><T106/><D50/><U109/><E109/><N who="0" m="42089" /><D86/><U12/><E72/><V123/><F123/><W32/><G32/><T63/><D63/><U68/><E68/><V65/><F111/><W73/><G73/><T0/><D0/><U15/><E2/><V62/><F29/><W36/><G36/><T99/><D106/><U103/><E75/><V124/><F14/><W20/><G37/><T35/><D35/><U56/><E12/><V130/><F85/><W132/><G132/><T61/><D61/><U26/><E15/><V42/><F42/><W44/><G43/><T22/><D22/><U4/><E9/><AGARI ba="1,1" hai="7,9,13,97,99,125,126,127" m="42089,50697" machi="9" ten="40,12000,1" yaku="18,1,20,1,14,1,10,1" doraHai="77" who="0" fromWho="1" sc="265,133,235,-123,255,0,235,0" /><INIT seed="0,2,0,0,5,99" ten="398,112,255,235" oya="0" hai0="68,30,29,74,52,0,102,55,53,64,13,101,123" hai1="96,57,72,83,73,133,40,12,38,76,21,46,100" hai2="63,15,44,14,134,92,124,115,85,103,9,49,18" hai3="111,43,17,28,80,67,119,54,113,105,41,94,42"/><T26/><D0/><U98/><E133/><V33/><F134/><W66/><G105/><T116/><D116/><U60/><E72/><V48/><F124/><W93/><G113/><T34/><D74/><U91/><E91/><V25/><F115/><W108/><G119/><T106/><D123/><U77/><E77/><V59/><F25/><W19/><G80/><T62/><D29/><U117/><E117/><V23/><F33/><W107/><G54/><T2/><D2/><U3/><E3/><V61/><F59/><W125/><G107/><T27/><D27/><U20/><E98/><N who="2" m="59847" /><F85/><W10/><G28/><T75/><D75/><U51/><E38/><V130/><F130/><W90/><G10/><T7/><REACH who="0" step="1"/><D106/><REACH who="0" ten="388,112,255,235" step="2"/><U37/><E12/><V112/><F112/><W5/><G125/><T114/><D114/><U69/><E69/><V39/><F15/><W81/><G108/><T16/><D16/><U95/><REACH who="1" step="1"/><E37/><REACH who="1" ten="388,102,255,235" step="2"/><V4/><F39/><W8/><G111/><T82/><D82/><U70/><E70/><V110/><F110/><W126/><G81/><T132/><D132/><U104/><E104/><V1/><F1/><W127/><G127/><T79/><D79/><U35/><E35/><V45/><F14/><N who="3" m="5391" /><G126/><T87/><D87/><U88/><E88/><V128/><F128/><W84/><G93/><T11/><AGARI ba="2,2" hai="7,11,13,26,30,34,52,53,55,62,64,68,101,102" machi="11" ten="30,18000,2" yaku="1,1,0,1,52,2,54,1,53,1" doraHai="99" doraHaiUra="6" who="0" fromWho="0" sc="388,206,102,-62,255,-62,235,-62" /><INIT seed="0,3,0,1,2,39" ten="594,40,193,173" oya="0" hai0="52,113,33,100,62,90,1,8,58,22,67,5,112" hai1="88,120,110,24,129,68,36,86,131,127,44,124,49" hai2="34,38,29,71,47,98,57,74,101,10,93,78,12" hai3="82,0,107,132,87,25,91,35,17,92,46,11,65"/><T135/><D33/><U73/><E73/><V84/><F71/><W23/><G107/><T9/><D135/><U15/><E120/><V37/><F74/><W13/><G132/><T3/><D100/><U4/><E68/><V31/><F34/><W63/><G35/><T126/><D126/><N who="1" m="48171" /><E36/><V89/><F78/><W72/><G0/><T60/><D22/><U54/><E24/><V64/><F37/><W106/><G106/><T55/><D90/><U19/><E4/><V103/><F47/><W28/><G46/><T105/><D105/><U94/><E110/><V32/><F38/><W85/><G72/><T125/><D125/><U109/><E109/><V122/><F32/><W30/><G30/><T59/><D67/><U50/><E49/><V95/><F122/><W133/><G133/><T134/><D134/><U26/><E26/><V117/><F103/><W14/><G14/><T45/><D45/><U123/><E123/><V21/><F21/><AGARI ba="3,0" hai="15,19,21,44,50,54,86,88,94,129,131" m="48171" machi="21" ten="30,2000,0" yaku="18,1,54,1" doraHai="39" who="1" fromWho="2" sc="594,0,40,29,193,-29,173,0" /><INIT seed="1,0,0,2,0,60" ten="594,69,164,173" oya="1" hai0="112,70,27,2,133,52,68,110,18,105,8,23,90" hai1="37,72,80,123,54,122,132,116,12,28,40,47,34" hai2="113,104,10,95,75,115,89,77,96,82,108,56,107" hai3="3,125,42,118,134,26,101,7,49,102,85,121,73"/><U50/><E116/><V83/><F10/><W17/><G73/><T124/><D112/><N who="2" m="43082" /><F56/><W84/><G121/><T94/><D105/><N who="2" m="40522" /><F83/><W57/><G7/><T78/><D78/><U76/><E132/><V74/><F108/><W63/><G3/><T21/><D124/><U35/><E12/><V111/><F111/><W98/><G125/><T117/><D117/><U106/><E106/><V16/><F16/><W62/><G134/><T1/><D133/><U99/><E28/><V58/><F58/><W13/><G13/><T65/><D8/><U39/><E122/><V71/><F71/><W46/><G57/><T120/><D68/><U19/><E123/><V69/><F69/><W114/><G17/><T126/><D126/><U30/><E19/><V88/><F74/><W33/><G118/><T31/><D110/><U86/><E72/><V4/><F4/><W29/><G114/><T6/><D6/><U38/><E30/><V97/><F97/><W43/><G98/><T127/><D120/><U93/><REACH who="1" step="1"/><E54/><REACH who="1" ten="594,59,164,173" step="2"/><V130/><F130/><W128/><G128/><T51/><D1/><U44/><E44/><V48/><F48/><W59/><G46/><T36/><D2/><U11/><E11/><V100/><AGARI ba="0,1" hai="75,77,82,88,89,95,96,100" m="40522,43082" machi="100" ten="30,7900,0" yaku="11,1,34,2,54,1" doraHai="60" who="2" fromWho="2" sc="594,-20,59,-39,164,89,173,-20" /><INIT seed="2,0,0,4,1,28" ten="574,20,253,153" oya="2" hai0="12,100,19,103,76,42,45,114,124,3,33,73,53" hai1="63,14,83,92,27,77,23,91,99,128,74,127,79" hai2="67,49,90,7,31,5,101,46,80,26,107,89,10" hai3="119,87,37,30,66,75,54,81,60,70,61,21,84"/><V64/><F101/><W38/><G119/><T95/><D114/><U11/><E127/><V41/><F107/><W34/><G34/><T17/><D3/><U58/><E128/><V62/><F80/><W32/><G32/><T86/><D73/><U108/><E108/><V116/><F116/><W133/><G75/><T25/><D124/><U65/><E83/><V13/><F5/><W71/><G133/><T56/><D76/><U69/><E69/><V48/><F48/><W50/><G21/><N who="0" m="13487" /><D33/><U2/><E2/><V40/><F40/><W52/><G81/><T97/><D86/><U106/><E106/><V20/><F67/><W104/><G66/><T121/><D121/><U93/><E74/><V16/><F7/><W122/><G50/><N who="0" m="26935" /><D56/><AGARI ba="0,0" hai="10,13,16,20,26,31,41,46,49,56,62,64,89,90" machi="56" ten="30,5800,0" yaku="7,1,8,1,54,1" doraHai="28" who="2" fromWho="0" sc="574,-58,20,0,253,58,153,0" /><INIT seed="2,1,0,5,0,130" ten="516,20,311,153" oya="2" hai0="135,91,104,109,47,2,93,85,42,119,107,58,46" hai1="113,102,14,33,80,94,77,96,19,16,92,30,38" hai2="6,81,60,31,110,17,120,116,50,129,21,3,75" hai3="74,68,4,65,66,122,35,115,76,27,7,131,20"/><V82/><F116/><W1/><G20/><T13/><D2/><U37/><E113/><V44/><F120/><W51/><G51/><T78/><D109/><U124/><E124/><V105/><F105/><W36/><G65/><T101/><D135/><U29/><E94/><V54/><F129/><W11/><G7/><T73/><D119/><U64/><E64/><V134/><F31/><N who="3" m="19967" /><G131/><T86/><D86/><U12/><E33/><V67/><F110/><W123/><G36/><T90/><D90/><U88/><E102/><V106/><F106/><W79/><G79/><T24/><D24/><U112/><E112/><V84/><F75/><W49/><G49/><T45/><D58/><U95/><E77/><V126/><F126/><W117/><G117/><T15/><D42/><U127/><E127/><V69/><F6/><W10/><G10/><T72/><D72/><U121/><E80/><V62/><F3/><W41/><G41/><T100/><D100/><U111/><E111/><V89/><F60/><N who="3" m="40007" /><G115/><T83/><D107/><U53/><E53/><V22/><F81/><AGARI ba="1,0" hai="1,4,11,74,76,81,122,123" m="40007,19967" machi="81" ten="30,1000,0" yaku="23,1" doraHai="130" who="3" fromWho="2" sc="516,0,20,0,311,-13,153,13" /><INIT seed="3,0,0,2,2,114" ten="516,20,298,166" oya="3" hai0="123,128,119,30,1,65,64,3,134,67,27,103,83" hai1="116,45,8,96,92,88,16,75,17,94,99,133,35" hai2="24,81,69,22,56,131,41,120,104,126,13,107,71" hai3="122,66,49,50,4,106,59,26,79,84,109,77,124"/><W20/><G122/><T78/><D119/><U42/><E133/><V48/><F131/><W102/><G124/><T86/><D123/><U12/><E75/><V44/><F126/><W52/><G106/><T62/><D128/><U2/><E2/><V51/><F120/><W76/><G109/><T10/><D134/><U5/><E35/><V37/><F13/><W135/><G135/><T63/><D103/><U33/><E33/><V23/><F81/><W25/><G66/><T32/><REACH who="0" step="1"/><D1/><REACH who="0" ten="506,20,298,166" step="2"/><U111/><E111/><V70/><F104/><W91/><G102/><T7/><AGARI ba="0,1" hai="3,7,10,27,30,32,62,63,64,65,67,78,83,86" machi="7" ten="30,4000,0" yaku="1,1,2,1,0,1,53,0" doraHai="114" doraHaiUra="47" who="0" fromWho="0" sc="506,50,20,-10,298,-10,166,-20" owari="556,65.6,10,-49.0,288,8.8,146,-25.4" /></mjloggm>