<mjloggm ver="2.3"><GO type="225" lobby="0"/><UN n0="%45%6C%79%73%69%75%6D" n1="%E5%80%89%E6%A9%8B%EF%BC%A0%E4%BA%8B%E5%8B%99" n2="%E6%AB%BB%E4%BA%95%E5%A5%8F" n3="%E7%BD%AA%E5%88%91%E6%B3%95%E5%AE%9A%E4%B8%BB%E7%BE%A9" dan="18,16,17,16" rate="2159.82,2103.62,2185.16,2152.77" sx="F,M,M,M"/><TAIKYOKU oya="0"/><INIT seed="0,0,0,5,1,120" ten="250,250,250,250" oya="0" hai0="83,4,7,51,118,70,39,86,98,108,89,18,2" hai1="84,65,10,25,125,135,71,27,109,24,68,23,40" hai2="74,76,41,5,31,121,115,87,0,69,91,73,46" hai3="117,77,28,56,57,63,124,43,94,12,97,29,126"/><T35/><D39/><U72/><E72/><V48/><F69/><W37/><G117/><T21/><D35/><U131/><E40/><V106/><F121/><W50/><G37/><T8/><D70/><U114/><E65/><V33/><F106/><W36/><G36/><T123/><D7/><U116/><E84/><V79/><F115/><W111/><G77/><T110/><D123/><U30/><E71/><V38/><F76/><W6/><G126/><T62/><D118/><U92/><E92/><V59/><F33/><W1/><G1/><T100/><D51/><U113/><E68/><V66/><F31/><W104/><G104/><T75/><D62/><U53/><E53/><V96/><F96/><W52/><G124/><T99/><D75/><U64/><E64/><V101/><F101/><N who="3" m="60599" /><G43/><T93/><REACH who="0" step="1"/><D98/><REACH who="0" ten="240,250,250,250" step="2"/><U127/><E116/><V119/><F119/><W81/><G6/><T88/><D88/><U134/><E131/><V32/><F32/><W60/><G50/><T85/><D85/><U61/><E61/><N who="2" m="38207" /><F79/><W103/><G63/><T129/><D129/><U67/><E127/><V112/><F112/><N who="1" m="43113" /><E125/><V19/><F38/><W44/><G60/><T107/><D107/><U16/><E67/><V20/><F5/><W47/><G103/><T22/><D22/><N who="1" m="15639" /><E10/><V15/><F0/><W130/><G130/><T14/><AGARI ba="0,1" hai="2,4,8,14,18,21,83,86,89,93,99,100,108,110" machi="14" ten="30,11700,0" yaku="1,1,0,1,52,2,53,0" doraHai="120" doraHaiUra="54" who="0" fromWho="0" sc="240,127,250,-39,250,-39,250,-39" /><INIT seed="0,1,0,2,4,54" ten="367,211,211,211" oya="0" hai0="95,43,120,113,79,106,27,11,115,135,111,21,13" hai1="22,57,24,67,0,80,25,15,17,61,84,52,26" hai2="35,85,53,116,98,18,36,32,9,108,99,66,101" hai3="118,45,97,29,91,23,19,31,131,3,49,81,87"/><T90/><D106/><U125/><E125/><V48/><F36/><W20/><G118/><T130/><D120/><U58/><E0/><V64/><F116/><W56/><G3/><T39/><D79/><U123/><E123/><V69/><F108/><W63/><G131/><T92/><D111/><U50/><REACH who="1" step="1"/><E25/><REACH who="1" ten="367,201,211,211" step="2"/><V55/><F35/><W73/><G73/><T5/><D27/><U8/><E8/><V75/><F32/><W93/><G31/><T38/><D11/><U40/><E40/><V47/><F9/><W88/><G29/><T124/><D43/><U62/><E62/><V134/><F134/><W33/><G33/><T1/><D1/><U46/><E46/><V107/><F47/><W105/><G19/><T72/><D135/><U94/><E94/><V76/><F18/><W112/><G105/><T77/><D95/><U12/><E12/><V104/><F75/><W78/><G112/><T96/><D72/><U127/><E127/><V117/><F107/><W86/><G45/><T126/><D126/><U59/><E59/><V128/><F104/><W2/><G2/><T132/><D124/><U103/><E103/><V100/><F101/><W7/><G49/><T129/><D113/><U6/><E6/><V14/><F100/><W65/><G7/><T60/><D5/><U44/><E44/><V119/><F14/><W82/><AGARI ba="1,1" hai="20,23,56,63,65,78,81,82,86,87,88,91,93,97" machi="82" ten="20,8000,1" yaku="0,1,7,1,8,1,52,1,54,1" doraHai="54" who="3" fromWho="3" sc="367,-41,201,-21,211,-21,211,93" /><INIT seed="1,0,0,3,2,64" ten="326,180,190,304" oya="1" hai0="47,30,66,117,83,8,40,12,112,88,45,79,78" hai1="99,24,75,32,0,25,22,101,13,113,86,76,96" hai2="68,16,116,6,56,109,125,120,129,4,105,103,48" hai3="7,46,62,135,91,36,23,55,114,69,57,9,95"/><U97/><E113/><V29/><F116/><W42/><G114/><T10/><D30/><U52/><E0/><V35/><F120/><W121/><G135/><T130/><D66/><U27/><E32/><V59/><F109/><W110/><G110/><T119/><D83/><U21/><E75/><V49/><F129/><W107/><G107/><T85/><D85/><U73/><E73/><V51/><F68/><W34/><G34/><T19/><D19/><U122/><E122/><V123/><F123/><W111/><G111/><T70/><D12/><U126/><E126/><V3/><F3/><W134/><G134/><T82/><D82/><U33/><E33/><V5/><F125/><W2/><G121/><T100/><D100/><U133/><E133/><V131/><F131/><W53/><G23/><T128/><D40/><U20/><E101/><V67/><F35/><W37/><G37/><T1/><D112/><U84/><E76/><V41/><F41/><W60/><G69/><T54/><D70/><U87/><E13/><V65/><F29/><W124/><G124/><T50/><D1/><U98/><N who="1" m="24576" /><DORA hai="26" /><U72/><E72/><V71/><F103/><W127/><G127/><T58/><D119/><U80/><E80/><V104/><F16/><W43/><G43/><T15/><D117/><U74/><E74/><V39/><F39/><W17/><G17/><T102/><D15/><U63/><E52/><N who="3" m="20042" /><G57/><N who="2" m="22089" /><F71/><W92/><G91/><T132/><D88/><U118/><E118/><V94/><F94/><W115/><G115/><T106/><D130/><U31/><E31/><V90/><F90/><RYUUKYOKU ba="0,0" sc="326,-30,180,10,190,10,304,10" hai1="20,21,22,24,25,27,63,84,86,87" hai2="4,5,6,48,49,51,65,67,104,105" hai3="2,7,9,36,42,46,60,62,92,95" /><INIT seed="1,1,0,4,4,83" ten="296,190,200,314" oya="1" hai0="104,3,52,119,117,109,33,81,71,29,5,82,49" hai1="4,97,127,40,45,7,41,87,34,19,107,76,135" hai2="73,65,114,44,64,70,32,100,9,122,90,28,95" hai3="20,18,129,68,69,74,96,72,61,130,26,17,133"/><U21/><E34/><V38/><F122/><W56/><G133/><T77/><D71/><N who="3" m="27209" /><G18/><T48/><D48/><U25/><E135/><V53/><F73/><W91/><G96/><T42/><D42/><U118/><E118/><V8/><F114/><W63/><G63/><T126/><D109/><U111/><E127/><V110/><F110/><W55/><G91/><T105/><D5/><U113/><E113/><V94/><F70/><W51/><G61/><T67/><D67/><N who="2" m="25674" /><F44/><W14/><G26/><T132/><D3/><U120/><E120/><V11/><F38/><W99/><G99/><T86/><D126/><U66/><E66/><V75/><F75/><W31/><G31/><T58/><D132/><U128/><E128/><AGARI ba="1,0" hai="14,17,20,51,55,56,72,74,128,129,130" m="27209" machi="128" ten="30,1000,0" yaku="19,1" doraHai="83" who="3" fromWho="1" sc="296,0,190,-13,200,0,314,13" /><INIT seed="2,0,0,3,3,3" ten="296,177,200,327" oya="2" hai0="20,72,7,55,53,17,31,118,44,47,65,40,101" hai1="122,2,60,114,66,0,115,19,76,27,8,62,38" hai2="73,54,120,100,102,129,28,29,35,42,99,95,24" hai3="63,6,59,106,135,32,112,51,96,94,23,67,83"/><V64/><F120/><W61/><G32/><T111/><D72/><U121/><E38/><V13/><F73/><W22/><G106/><T58/><D31/><U104/><E104/><V11/><F129/><W71/><G135/><T98/><D111/><U70/><E76/><V14/><F42/><W45/><G83/><T91/><D91/><U105/><E105/><V18/><F100/><W131/><G131/><T126/><D65/><U15/><E27/><V33/><F64/><W30/><G112/><T93/><D126/><U123/><REACH who="1" step="1"/><E60/><REACH who="1" ten="296,167,200,327" step="2"/><V77/><F77/><W125/><G63/><T88/><D118/><U26/><E26/><V128/><F128/><W39/><G39/><T90/><D101/><U132/><E132/><V48/><F29/><W56/><G30/><T110/><D90/><U37/><E37/><V87/><F33/><W108/><G61/><T49/><D110/><U82/><E82/><V117/><F117/><W4/><G108/><T130/><D130/><U84/><E84/><V116/><F116/><W113/><G113/><AGARI ba="0,1" hai="0,2,8,15,19,62,66,70,113,114,115,121,122,123" machi="113" ten="50,3200,0" yaku="1,1,13,1,53,0" doraHai="3" doraHaiUra="78" who="1" fromWho="3" sc="296,0,167,42,200,0,327,-32" /><INIT seed="3,0,0,3,2,86" ten="296,209,200,295" oya="3" hai0="19,133,63,65,95,4,40,52,112,7,13,111,38" hai1="110,29,78,8,64,6,114,11,41,74,73,121,23" hai2="119,17,9,72,10,43,12,67,109,132,21,28,129" hai3="117,113,82,61,55,45,128,14,22,18,47,24,94"/><W90/><G113/><T20/><D112/><U27/><E114/><V108/><F72/><W5/><G117/><T97/><D133/><U62/><E121/><V87/><F119/><W30/><G128/><T116/><D111/><N who="2" m="42570" /><F129/><W81/><G5/><T49/><D40/><U35/><E110/><V1/><F132/><W123/><G123/><T102/><D38/><U115/><E115/><V118/><F118/><W58/><G47/><N who="0" m="27711" /><D116/><U120/><E120/><V125/><F125/><W31/><G45/><T91/><D102/><U77/><E41/><V66/><F43/><W96/><G31/><T70/><D70/><U42/><E42/><V2/><F87/><W107/><G107/><T134/><D134/><U26/><E74/><V51/><F51/><W99/><G99/><T68/><D68/><U39/><E39/><V76/><F76/><W56/><G56/><T34/><D34/><AGARI ba="0,0" hai="14,18,22,24,30,34,55,58,61,81,82,90,94,96" machi="34" ten="30,2900,0" yaku="7,1,52,1" doraHai="86" who="3" fromWho="0" sc="296,-29,209,0,200,0,295,29" owari="267,6.7,209,-19.1,200,-30.0,324,42.4" /></mjloggm>