<mjloggm ver="2.3"><GO type="225" lobby="0"/><UN n0="%E5%A4%9C%E5%85%89%E5%A4%A9%E6%A5%BC" n1="%E8%90%BD%E6%97%A5" n2="%E3%81%B5%E3%81%98%E3%81%8B%E3%81%A4" n3="%E6%A1%9C%E8%8A%B1%E9%96%83%E3%80%85" dan="16,16,17,16" rate="2141.61,2145.95,2207.62,2196.23" sx="F,F,M,M"/><TAIKYOKU oya="0"/><INIT seed="0,0,0,1,0,119" ten="250,250,250,250" oya="0" hai0="47,22,134,57,81,28,5,17,125,29,62,72,71" hai1="38,21,2,6,103,83,58,24,54,73,63,89,106" hai2="44,56,117,96,39,105,107,110,14,36,104,121,4" hai3="33,8,52,23,67,115,118,51,114,80,94,55,59"/><T111/><D134/><U130/><E38/><V69/><F117/><W40/><G33/><T127/><D71/><U87/><E130/><V15/><F69/><W76/><G118/><T65/><D5/><U108/><E108/><V74/><F74/><W1/><G67/><T77/><D111/><U25/><E73/><V109/><F96/><W50/><G40/><T16/><D47/><U46/><E46/><V3/><F56/><W101/><G23/><T79/><D79/><U10/><E106/><V60/><F60/><W26/><G26/><N who="0" m="14663" /><D17/><U85/><E103/><V112/><F107/><W129/><G129/><T132/><D132/><U66/><E21/><V0/><F44/><W42/><G42/><T84/><D72/><U122/><E122/><V45/><F45/><W11/><G1/><T126/><AGARI ba="0,0" hai="28,29,57,62,65,77,81,84,125,126,127" m="14663" machi="126" ten="30,3000,0" yaku="18,1,54,1" doraHai="119" who="0" fromWho="0" sc="250,30,250,-10,250,-10,250,-10" /><INIT seed="0,1,0,1,4,12" ten="280,240,240,240" oya="0" hai0="72,94,117,92,30,130,78,76,83,81,133,25,121" hai1="6,53,125,17,134,64,56,67,63,29,61,113,124" hai2="105,89,57,3,128,34,120,37,7,104,100,107,118" hai3="112,22,69,4,44,49,13,60,102,11,5,19,2"/><T21/><D117/><U1/><E29/><V99/><F120/><W33/><G112/><T101/><D121/><U65/><E113/><V108/><F118/><W24/><G102/><T82/><D130/><U41/><E6/><V122/><F122/><W59/><G69/><T52/><D133/><U43/><E1/><V115/><F128/><W119/><G119/><T90/><D72/><U27/><E134/><V95/><F115/><W28/><G5/><T42/><D42/><N who="1" m="15883" /><E27/><V0/><F37/><W116/><G116/><T48/><D101/><U96/><E96/><V18/><F34/><W70/><G70/><T111/><D111/><U51/><E17/><V93/><F108/><W88/><G88/><T74/><D74/><U50/><E50/><V85/><F7/><W54/><G60/><AGARI ba="1,0" hai="51,53,56,60,61,63,64,65,67,124,125" m="15883" machi="60" ten="30,2000,0" yaku="34,2" doraHai="12" who="1" fromWho="3" sc="280,0,240,23,240,0,240,-23" /><INIT seed="1,0,0,5,4,63" ten="280,263,240,217" oya="1" hai0="93,68,129,120,37,35,119,77,83,127,33,41,118" hai1="131,4,123,92,17,132,101,52,134,135,117,91,10" hai2="42,113,125,110,28,67,94,71,89,57,97,121,54" hai3="27,47,111,20,108,114,44,79,32,14,128,76,31"/><U9/><E117/><V39/><F121/><W12/><G114/><T73/><D120/><U16/><E123/><V43/><F113/><W87/><G128/><T46/><D129/><U38/><E101/><V61/><F110/><N who="3" m="42027" /><G87/><T99/><D127/><U7/><E38/><V84/><F125/><W74/><G74/><T19/><D19/><N who="1" m="7243" /><E131/><V24/><F39/><W23/><G32/><N who="0" m="12363" /><D93/><U116/><E116/><N who="0" m="44585" /><D99/><N who="1" m="57759" /><E52/><V81/><F28/><W85/><G23/><T105/><D68/><U22/><E22/><V56/><F71/><W75/><G75/><T80/><D83/><U82/><E82/><V45/><F24/><W60/><G60/><T36/><D36/><U26/><E26/><V29/><F29/><W78/><G85/><T66/><D66/><U55/><E55/><V102/><REACH who="2" step="1"/><F45/><AGARI ba="0,0" hai="12,14,20,27,31,44,45,47,76,78,79" m="42027" machi="45" ten="30,1000,0" yaku="14,1" doraHai="63" who="3" fromWho="2" sc="280,0,263,0,240,-10,217,10" /><INIT seed="2,0,0,2,5,7" ten="280,263,230,227" oya="2" hai0="77,47,114,75,69,83,132,45,62,101,49,74,115" hai1="66,105,30,5,104,48,46,67,113,72,135,126,102" hai2="81,95,10,78,52,22,32,131,21,89,11,91,122" hai3="34,24,56,29,111,71,18,93,88,9,12,27,129"/><V116/><F116/><W8/><G111/><T35/><D75/><U86/><E113/><V73/><F122/><W65/><G129/><T57/><D35/><U6/><E72/><V80/><F32/><W59/><G27/><T1/><D69/><U94/><E126/><V82/><F131/><W17/><G71/><T90/><D1/><U118/><E118/><V110/><F78/><W68/><G68/><T92/><D101/><U36/><E36/><V15/><F73/><W112/><G112/><T28/><D28/><U98/><E30/><V4/><F110/><W124/><G124/><T14/><D47/><U20/><E20/><N who="2" m="7787" /><F95/><W25/><G65/><T127/><D127/><U108/><E108/><V106/><F106/><W117/><G117/><T3/><D3/><U13/><E135/><V99/><F99/><W55/><G55/><T23/><D132/><U134/><E134/><V44/><F10/><W33/><G33/><T84/><D23/><U133/><E133/><V16/><F4/><W70/><G70/><T97/><D14/><U130/><E105/><V107/><F107/><W2/><G25/><T50/><D74/><U79/><E130/><V19/><F19/><W87/><G2/><T60/><D114/><U100/><E100/><V53/><F44/><W103/><G103/><T51/><D115/><U123/><E123/><V109/><F109/><W38/><G38/><T42/><D57/><U31/><E31/><V39/><F39/><W63/><G63/><T41/><D45/><U128/><E128/><V37/><F37/><W54/><G54/><AGARI ba="0,0" hai="11,15,16,52,53,54,80,81,82,89,91" m="7787" machi="54" ten="30,11600,0" yaku="8,1,52,1,54,2" doraHai="7" who="2" fromWho="3" sc="280,0,263,0,230,116,227,-116" /><INIT seed="2,1,0,3,4,132" ten="280,263,346,111" oya="2" hai0="62,104,44,69,78,121,111,38,95,51,39,31,131" hai1="6,53,22,105,84,30,49,94,73,40,25,47,80" hai2="33,57,61,56,1,135,100,37,32,109,103,118,108" hai3="29,112,17,7,91,85,23,10,89,0,102,35,2"/><V58/><F135/><W107/><G112/><T83/><D121/><U93/><E105/><V101/><F118/><W122/><G122/><T42/><D104/><U68/><E73/><V19/><F1/><W28/><G0/><T106/><D106/><U34/><E68/><V26/><F37/><W74/><G74/><T20/><D131/><U128/><E128/><V71/><F71/><W21/><G35/><N who="2" m="13385" /><F26/><W54/><G54/><T24/><D95/><U50/><E34/><V16/><F61/><W113/><G113/><T46/><D69/><U72/><E72/><V52/><F52/><W133/><G133/><T4/><D62/><U3/><E6/><V15/><F15/><W65/><G65/><T127/><D4/><U110/><E3/><V79/><F79/><W13/><G23/><T114/><D39/><U92/><E110/><AGARI ba="1,0" hai="16,19,56,57,58,100,101,103,108,109,110" m="13385" machi="110" ten="40,12000,1" yaku="28,2,14,1,10,1,54,1" doraHai="132" who="2" fromWho="1" sc="280,0,263,-123,346,123,111,0" /><INIT seed="2,2,0,3,0,113" ten="280,140,469,111" oya="2" hai0="121,102,76,87,106,135,92,35,128,107,119,127,110" hai1="15,41,94,134,52,65,60,80,132,12,73,91,50" hai2="13,100,26,95,81,1,98,126,29,120,51,70,101" hai3="23,46,69,2,90,3,85,36,77,74,86,67,30"/><V5/><F126/><W40/><G86/><T28/><D121/><U4/><E41/><V14/><F120/><W114/><G114/><T9/><D28/><U108/><E108/><V49/><F70/><W93/><G67/><T84/><D35/><U31/><E31/><V20/><F101/><W16/><G69/><T104/><D9/><U21/><E4/><V116/><F116/><W39/><G39/><T56/><D56/><N who="1" m="32791" /><E80/><V0/><F81/><W58/><G58/><T8/><D8/><U6/><E73/><V88/><F100/><W19/><G30/><T25/><D102/><U47/><E47/><V11/><F0/><W22/><G77/><T18/><D76/><U115/><E6/><V79/><F79/><W32/><G74/><T37/><D110/><U133/><E21/><V112/><F112/><W68/><G68/><T33/><D33/><U62/><E115/><V17/><F13/><N who="1" m="5193" /><E65/><V24/><F24/><W53/><G32/><AGARI ba="2,0" hai="1,5,11,14,17,20,26,29,32,49,51,88,95,98" machi="32" ten="30,11600,0" yaku="7,1,24,2,54,1" doraHai="113" who="2" fromWho="3" sc="280,0,140,0,469,122,111,-122" owari="280,8.0,140,-26.0,591,69.1,-11,-51.1" /></mjloggm>