<mjloggm ver="2.3"><GO type="225" lobby="0"/><UN n0="%47%68%6F%73%74%55%30" n1="%E3%83%8F%E3%83%B3%E3%83%89%E3%83%A9%E3%83%BC%E3%83%BB%E3%83%AF%E3%83%B3" n2="%E4%BA%BA%E9%96%93%E3%83%81%E3%83%A3%E3%83%BC%E3%83%8F%E3%83%B3" n3="%E3%81%AF%E3%82%88%E3%81%8A%E3%81%98%E3%81%95%E3%82%93" dan="17,17,16,17" rate="2143.01,2207.05,2148.17,2188.33" sx="M,M,M,M"/><TAIKYOKU oya="0"/><INIT seed="0,0,0,3,5,75" ten="250,250,250,250" oya="0" hai0="80,7,133,84,107,54,129,31,105,58,62,51,69" hai1="99,101,82,5,130,70,100,13,36,134,63,95,76" hai2="72,33,38,68,94,77,55,86,116,50,18,32,98" hai3="41,115,42,23,74,35,40,97,34,119,109,117,126"/><T108/><D129/><U22/><E36/><V49/><F38/><W118/><G115/><T87/><D133/><U1/><E130/><V48/><F72/><W2/><G74/><T4/><D31/><U127/><E134/><V17/><F68/><W78/><G2/><T61/><D108/><U26/><E1/><V111/><F111/><W79/><G109/><T10/><D84/><N who="1" m="48199" /><E70/><V53/><F116/><W15/><G126/><T132/><D132/><U27/><E127/><V128/><F128/><W30/><G97/><T93/><D93/><U113/><E113/><V44/><F33/><W110/><G110/><T52/><D69/><U0/><E0/><V39/><F32/><W92/><G92/><T135/><D135/><U46/><E46/><N who="2" m="27799" /><F39/><W102/><G102/><T90/><D61/><U60/><E101/><N who="2" m="60631" /><F50/><W20/><G34/><T67/><D67/><U64/><E64/><V124/><F124/><W121/><G121/><T25/><D25/><N who="1" m="9227" /><E22/><V57/><F44/><W19/><G35/><T37/><D37/><U123/><E123/><V89/><F77/><W71/><G71/><T14/><REACH who="0" step="1"/><D4/><REACH who="0" ten="240,250,250,250" step="2"/><U112/><E112/><V9/><F9/><AGARI ba="0,1" hai="5,9,13,60,63,95,99,100" m="9227,48199" machi="9" ten="30,2000,0" yaku="8,1,52,1" doraHai="75" who="1" fromWho="2" sc="240,0,250,30,250,-20,250,0" /><INIT seed="1,0,0,2,1,81" ten="240,280,230,250" oya="1" hai0="75,37,64,66,103,111,27,36,4,131,22,34,15" hai1="68,31,92,69,83,28,80,118,9,38,125,119,133" hai2="100,57,76,107,134,11,117,121,17,70,29,50,19" hai3="35,94,114,47,23,78,46,128,58,85,71,73,53"/><U87/><E38/><V21/><F117/><W74/><G35/><T93/><D75/><U39/><E39/><V126/><F121/><W113/><G71/><T60/><D111/><U54/><E125/><V127/><F70/><W20/><G128/><T7/><D34/><U43/><E43/><V65/><F134/><W132/><G132/><T89/><D103/><U62/><E133/><V13/><F76/><W45/><G73/><T0/><D0/><U130/><E130/><V79/><F79/><W49/><G74/><T115/><D115/><U51/><E69/><V122/><F122/><W10/><G10/><T5/><D15/><U3/><E3/><V129/><F129/><W2/><G2/><T77/><D77/><U56/><E9/><V88/><F29/><N who="1" m="11337" /><E68/><V12/><F100/><W26/><G20/><T42/><D131/><U6/><E6/><V116/><F107/><W61/><G114/><T30/><D42/><U8/><E8/><V135/><F116/><W95/><G113/><T44/><D44/><N who="1" m="28007" /><E119/><V32/><F32/><W72/><G72/><T24/><D37/><U14/><E14/><V101/><F135/><W120/><G120/><T1/><D27/><U18/><E18/><V86/><F101/><W97/><G46/><T109/><D1/><U16/><E16/><V67/><F50/><W91/><G49/><T106/><D36/><U25/><E25/><V96/><F126/><W90/><G78/><T52/><D106/><U110/><E110/><V104/><F127/><W99/><G99/><N who="0" m="57775" /><D109/><U63/><E118/><V112/><F112/><W33/><G33/><RYUUKYOKU ba="0,0" sc="240,15,280,-15,230,-15,250,15" hai0="4,5,7,22,24,30,52,60,64,66" hai3="23,26,45,47,53,58,61,85,90,91,94,95,97" /><INIT seed="2,1,0,4,3,90" ten="255,265,215,265" oya="2" hai0="9,95,97,63,50,43,116,56,24,130,52,112,107" hai1="83,64,26,5,30,77,54,102,28,72,109,17,135" hai2="2,20,33,104,14,120,134,61,126,89,44,71,133" hai3="38,0,23,51,87,110,91,113,82,31,7,62,16"/><V122/><F104/><W1/><G38/><T118/><D112/><U48/><E109/><V80/><F2/><W3/><G110/><T12/><D107/><U78/><E135/><N who="2" m="51723" /><F33/><W6/><G113/><T59/><D130/><U60/><E5/><V132/><N who="2" m="51731" /><V55/><DORA hai="21" /><F126/><W19/><G31/><T13/><D24/><U41/><E41/><V65/><F44/><W74/><G74/><T98/><D98/><U25/><E102/><V67/><F67/><W49/><G19/><T108/><D108/><U10/><E78/><V70/><F70/><W125/><G125/><T96/><D96/><U100/><E100/><V47/><F55/><W123/><G123/><N who="2" m="47145" /><F47/><W29/><G29/><T88/><D43/><U106/><E106/><V46/><F46/><W101/><G101/><T69/><D69/><U79/><E79/><V18/><F89/><W32/><G32/><T92/><D116/><U85/><E64/><V68/><F68/><W4/><REACH who="3" step="1"/><G62/><REACH who="3" ten="255,265,215,255" step="2"/><T117/><D117/><U81/><E60/><V58/><F71/><W127/><G127/><T75/><D118/><U86/><E72/><V128/><F128/><W45/><G45/><T40/><D75/><U129/><E129/><V76/><F76/><W66/><G66/><T119/><D119/><U57/><E77/><V114/><F114/><W27/><AGARI ba="1,1" hai="0,1,3,4,6,7,16,23,27,49,51,82,87,91" machi="27" ten="40,12000,2" yaku="1,1,0,1,52,1,54,1,53,3" doraHai="90,21" doraHaiUra="11,34" who="3" fromWho="3" sc="255,-31,265,-31,215,-61,255,133" /><INIT seed="3,0,0,5,5,56" ten="224,234,154,388" oya="3" hai0="130,23,89,4,132,65,67,10,52,13,62,7,60" hai1="127,31,88,76,3,78,32,70,84,74,28,94,26" hai2="91,0,90,103,34,64,27,47,55,42,41,66,39" hai3="118,81,133,110,105,122,83,20,16,8,123,33,99"/><W113/><G33/><T77/><D130/><U75/><E70/><V96/><F0/><W44/><G118/><T30/><D132/><U57/><E3/><V59/><F42/><W69/><G113/><T120/><D120/><U38/><E38/><V49/><F34/><W51/><G69/><T6/><D77/><U18/><E127/><V135/><F135/><W134/><G110/><T17/><D89/><U80/><E57/><V108/><F108/><W97/><G8/><T112/><D112/><U37/><E37/><V86/><F27/><W85/><G83/><T43/><D43/><U40/><E40/><V95/><F90/><W21/><G21/><T125/><D52/><U22/><E32/><V58/><F39/><W87/><G85/><T50/><D50/><U111/><E111/><V54/><F41/><N who="3" m="24975" /><G122/><T72/><D72/><U5/><E5/><V11/><F11/><W107/><G107/><T128/><D128/><U45/><E45/><V121/><F121/><W101/><G99/><T14/><D125/><U46/><E46/><V29/><F29/><W82/><G82/><AGARI ba="0,0" hai="18,22,26,28,31,74,75,76,78,80,82,84,88,94" machi="82" ten="40,2600,0" yaku="9,1,54,1" doraHai="56" who="1" fromWho="3" sc="224,0,234,26,154,0,388,-26" owari="224,-17.6,260,6.0,154,-34.6,362,46.2" /></mjloggm>