<mjloggm ver="2.3"><GO type="225" lobby="0"/><UN n0="%E3%81%B5%E3%81%98%E3%81%8B%E3%81%A4" n1="%E3%83%8F%E3%83%B3%E3%83%89%E3%83%A9%E3%83%BC%E3%83%BB%E3%83%AF%E3%83%B3" n2="%61%73%61%64%61%31%32" n3="%E3%81%BF%E3%81%BF%E3%81%9A" dan="16,16,16,17" rate="2189.97,2149.00,2084.24,2236.91" sx="M,M,M,M"/><TAIKYOKU oya="0"/><INIT seed="0,0,0,0,5,114" ten="250,250,250,250" oya="0" hai0="47,22,110,53,74,19,105,79,42,131,121,39,118" hai1="73,128,21,115,25,77,69,125,49,60,99,36,55" hai2="54,70,124,41,134,4,51,95,14,65,76,85,26" hai3="27,45,66,58,35,78,57,119,10,5,15,116,44"/><T11/><D121/><U130/><E130/><V91/><BYE who="1" /><F134/><W9/><G78/><UN n1="%E3%83%8F%E3%83%B3%E3%83%89%E3%83%A9%E3%83%BC%E3%83%BB%E3%83%AF%E3%83%B3" /><T97/><D131/><U133/><E36/><V104/><F104/><W63/><G58/><T1/><D110/><U40/><E128/><V32/><F124/><W120/><G120/><T52/><D105/><U61/><E125/><V24/><F41/><W67/><G66/><T48/><D97/><U90/><E133/><V100/><F100/><W8/><G8/><T111/><D111/><U113/><E40/><V82/><F65/><W81/><G81/><N who="0" m="45303" /><D48/><U103/><E90/><V129/><F70/><W94/><G94/><T56/><D56/><U18/><E77/><V7/><F129/><W101/><G101/><T126/><D126/><U43/><E43/><V16/><F32/><W89/><G89/><T86/><D86/><U84/><E84/><N who="2" m="52711" /><F26/><W117/><REACH who="3" step="1"/><G10/><REACH who="3" ten="250,250,250,240" step="2"/><T38/><D22/><U106/><E73/><V31/><F31/><AGARI ba="0,1" hai="5,9,15,27,31,35,44,45,57,63,67,116,117,119" machi="31" ten="40,8000,1" yaku="1,1,2,1,52,3,53,0" doraHai="114" doraHaiUra="88" who="3" fromWho="2" sc="250,0,250,0,250,-80,240,90" /><INIT seed="1,0,0,3,0,58" ten="250,250,170,330" oya="1" hai0="34,82,57,121,51,93,89,118,10,101,97,130,5" hai1="52,29,125,134,98,84,18,47,83,56,30,122,40" hai2="135,26,14,133,0,132,75,106,124,115,1,114,36" hai3="24,43,35,12,8,41,65,38,23,60,66,20,3"/><U22/><E125/><V94/><F94/><W79/><G3/><N who="2" m="1097" /><F106/><W107/><G107/><T48/><D118/><U116/><E122/><V31/><F36/><W108/><G108/><T7/><D34/><U71/><E134/><V74/><F124/><W120/><G120/><T67/><D121/><U25/><E71/><V113/><F14/><W128/><G128/><T112/><D130/><U42/><E98/><V73/><F26/><W15/><G35/><T105/><D112/><U27/><E116/><V117/><F31/><N who="1" m="11785" /><E47/><V76/><F76/><W104/><G79/><T19/><D105/><U103/><E103/><V86/><F86/><W63/><G104/><T70/><D70/><U55/><E25/><V110/><F117/><W90/><G24/><T9/><D19/><U33/><E33/><V80/><F80/><W6/><G90/><T69/><D69/><U44/><E44/><V96/><F96/><W109/><G109/><AGARI ba="0,0" hai="73,74,75,109,110,113,114,115,132,133,135" m="1097" machi="109" ten="60,16000,3" yaku="29,2,28,2,11,1,20,1,31,2" doraHai="58" who="2" fromWho="3" sc="250,0,250,0,170,160,330,-160" /><INIT seed="2,0,0,1,3,128" ten="250,250,330,170" oya="2" hai0="87,78,37,85,68,100,46,69,3,16,60,6,92" hai1="134,23,76,41,117,110,33,103,31,73,11,25,57" hai2="7,79,24,84,0,50,59,107,32,135,126,42,2" hai3="17,80,44,91,111,64,88,1,131,75,53,118,67"/><V5/><F107/><W30/><G118/><T74/><D100/><U97/><E117/><V56/><F24/><W39/><G131/><T98/><D74/><U133/><E110/><V70/><F32/><W14/><G111/><T77/><D60/><U66/><E41/><V4/><F70/><W109/><G109/><T35/><D35/><U105/><E11/><V89/><F79/><W132/><G1/><T121/><D6/><U86/><E73/><V22/><F22/><W12/><G30/><T55/><D3/><U120/><E120/><V113/><F113/><W71/><G75/><T65/><D65/><U106/><E106/><V122/><F122/><W99/><G71/><T81/><D121/><U9/><E9/><V62/><F42/><W130/><G39/><T90/><D16/><U47/><E47/><V72/><F72/><W54/><G130/><T119/><D119/><U114/><E114/><V48/><F7/><W96/><G80/><N who="0" m="47255" /><D55/><U116/><E116/><V83/><F5/><W19/><G44/><T52/><D37/><U34/><E34/><V26/><F4/><W29/><G29/><T8/><D8/><U124/><E33/><V93/><F2/><W49/><G49/><N who="0" m="28727" /><D68/><U82/><REACH who="1" step="1"/><E124/><REACH who="1" ten="250,240,330,170" step="2"/><V40/><F126/><W129/><G129/><T94/><D69/><U43/><E43/><V112/><F112/><W115/><G115/><T61/><D77/><U21/><E21/><V13/><F0/><W15/><G15/><T20/><D20/><U108/><E108/><V36/><F40/><W28/><G28/><T63/><D81/><U102/><E102/><RYUUKYOKU ba="0,1" sc="250,10,240,10,330,-30,170,10" hai0="61,63,87,90,92,94,98" hai1="23,25,31,57,66,76,82,86,97,103,105,133,134" hai3="12,14,17,19,53,54,64,67,88,91,96,99,132" /><INIT seed="3,1,1,3,0,103" ten="260,250,300,180" oya="3" hai0="8,134,92,124,28,80,0,74,125,69,73,111,54" hai1="130,68,29,46,51,45,90,102,19,56,133,109,34" hai2="63,116,87,15,5,7,20,66,126,52,53,114,2" hai3="100,131,39,79,40,84,62,11,77,60,10,91,89"/><W107/><G131/><T82/><D69/><U16/><E68/><V108/><F116/><W37/><G100/><T110/><D28/><U32/><E130/><V113/><F2/><W129/><G129/><T88/><D54/><N who="2" m="21098" /><F114/><W42/><REACH who="3" step="1"/><G84/><REACH who="3" ten="260,250,300,170" step="2"/><N who="0" m="52231" /><D134/><U64/><E102/><V72/><F87/><W3/><G3/><T120/><D120/><U135/><E135/><V95/><F113/><W105/><AGARI ba="1,2" hai="10,11,37,39,40,42,60,62,77,79,89,91,105,107" machi="105" ten="25,18000,2" yaku="1,1,0,1,22,2,52,2,53,0" doraHai="103" doraHaiUra="26" who="3" fromWho="3" sc="260,-61,250,-61,300,-61,170,203" owari="199,-20.1,189,-31.1,239,3.9,373,47.3" /></mjloggm>