<mjloggm ver="2.3"><GO type="225" lobby="0"/><UN n0="%E4%BA%95%E5%B8%AF" n1="%E5%B0%8F%E9%B3%A5%E9%81%8A%E7%B7%B4%E7%84%A1%32%31%E6%AD%B3" n2="%E5%8D%A0%E3%81%84%E5%B8%AB%E8%A3%8F%E3%81%AA%E3%81%84%E3%81%97" n3="%77%72%77%72%77%72%77%72" dan="16,16,16,16" rate="2056.83,2161.37,2174.19,2213.82" sx="M,F,M,M"/><TAIKYOKU oya="0"/><INIT seed="0,0,0,1,2,97" ten="250,250,250,250" oya="0" hai0="43,67,94,82,34,81,122,30,76,63,87,72,119" hai1="13,17,99,42,117,58,22,53,134,126,86,135,51" hai2="71,132,79,116,92,5,85,47,96,98,35,33,90" hai3="91,48,27,84,102,88,16,109,106,93,12,32,95"/><T124/><D122/><U11/><E117/><V9/><F116/><W73/><G73/><T104/><D119/><U24/><E126/><V89/><F132/><W20/><G109/><T54/><D124/><U123/><E123/><V46/><F71/><W62/><G62/><T107/><D43/><U10/><E42/><V55/><F79/><W50/><G106/><T69/><D94/><U133/><E24/><V128/><F128/><W8/><G32/><T129/><D54/><U118/><E118/><V56/><F96/><N who="3" m="59663" /><G91/><T38/><D38/><U100/><REACH who="1" step="1"/><E86/><REACH who="1" ten="250,240,250,250" step="2"/><V3/><F33/><W60/><G60/><T21/><D129/><U70/><E70/><V74/><F35/><W2/><G2/><T127/><D34/><U25/><E25/><V18/><F74/><W26/><G27/><T111/><D127/><U130/><E130/><V65/><F3/><W59/><G59/><T113/><D72/><U68/><E68/><V31/><F56/><W23/><G23/><T7/><D21/><U83/><E83/><V6/><F85/><W75/><G75/><T120/><D82/><U0/><E0/><V80/><F80/><W108/><G108/><T44/><D111/><U110/><E110/><V131/><F131/><W1/><G1/><T61/><D120/><U39/><E39/><V49/><F31/><AGARI ba="0,1" hai="8,12,16,20,26,31,48,50,84,88,95" m="59663" machi="31" ten="30,7700,0" yaku="8,1,52,1,54,2" doraHai="97" who="3" fromWho="2" sc="250,0,240,0,250,-77,250,87" /><INIT seed="1,0,0,2,4,126" ten="250,240,173,337" oya="1" hai0="71,24,68,93,84,124,13,79,22,34,12,19,40" hai1="57,95,11,96,80,121,58,70,30,99,128,39,25" hai2="64,45,112,88,21,35,48,0,29,66,17,122,9" hai3="49,46,78,87,59,72,36,103,114,98,75,118,8"/><U127/><E39/><V107/><F122/><W5/><G114/><T55/><D124/><U69/><E121/><V67/><F107/><W43/><G118/><T23/><D40/><U89/><E127/><V115/><F35/><W123/><G123/><T113/><D113/><N who="2" m="43594" /><F29/><W53/><G87/><T56/><D34/><U85/><E128/><V91/><F9/><W44/><G59/><T65/><D65/><N who="2" m="16642" /><V100/><DORA hai="133" /><F100/><W60/><G60/><T52/><D55/><U119/><E119/><V92/><F0/><W42/><G42/><T10/><D23/><U31/><E11/><V38/><F38/><W16/><G16/><T50/><D13/><U6/><E6/><V51/><F45/><W82/><G82/><T3/><D3/><U101/><E31/><V106/><F106/><W111/><G78/><T117/><D117/><U76/><E70/><V2/><F2/><W130/><G8/><T28/><D79/><U110/><E69/><V27/><F91/><W73/><G5/><T74/><D74/><U47/><E47/><V20/><F21/><W62/><G46/><T135/><D71/><U94/><REACH who="1" step="1"/><E110/><REACH who="1" ten="250,230,173,337" step="2"/><V102/><F102/><W131/><G111/><T37/><D68/><U116/><E116/><V32/><F32/><AGARI ba="0,1" hai="25,30,32,57,58,76,80,85,89,94,95,96,99,101" machi="32" ten="30,2900,0" yaku="1,1,7,1,53,0" doraHai="126,133" doraHaiUra="125,41" who="1" fromWho="2" sc="250,0,230,39,173,-29,337,0" /><INIT seed="1,1,0,2,1,24" ten="250,269,144,337" oya="1" hai0="66,9,37,64,31,123,76,131,75,73,38,86,22" hai1="14,47,71,29,108,55,126,103,115,18,63,48,7" hai2="105,88,109,39,49,27,83,135,104,61,98,101,0" hai3="85,91,121,97,92,11,40,125,114,70,133,23,44"/><U15/><E115/><V68/><F39/><W78/><G114/><T26/><D131/><U10/><E126/><V8/><F109/><W112/><G112/><T50/><D123/><U102/><E108/><V110/><F110/><W117/><G121/><T25/><D50/><U5/><E71/><V20/><F135/><W28/><G70/><T113/><D9/><U3/><E3/><V129/><F129/><W62/><G133/><T130/><D113/><U119/><E119/><V84/><F49/><N who="3" m="26759" /><G125/><T59/><D130/><U41/><E5/><V42/><F42/><W33/><G33/><T96/><D96/><U127/><E127/><V79/><F8/><W58/><G11/><T12/><D12/><U53/><E63/><V67/><F0/><W74/><G74/><T34/><D86/><U52/><E29/><V120/><F120/><W72/><G72/><T89/><D89/><U30/><E30/><V56/><F68/><W118/><G117/><T46/><D46/><U81/><E81/><V17/><REACH who="2" step="1"/><F79/><REACH who="2" ten="250,269,134,337" step="2"/><W95/><G78/><T80/><D76/><U99/><E99/><V45/><F45/><W82/><G97/><T134/><D38/><U116/><E116/><V32/><F32/><W1/><G1/><T106/><D37/><U132/><E132/><V19/><F19/><W87/><G118/><T51/><D34/><U2/><E2/><V107/><AGARI ba="1,1" hai="17,20,27,56,61,67,83,84,88,98,101,104,105,107" machi="107" ten="20,8000,1" yaku="1,1,0,1,7,1,54,1,53,1" doraHai="24" doraHaiUra="94" who="2" fromWho="2" sc="250,-21,269,-41,134,93,337,-21" /><INIT seed="2,0,0,3,3,7" ten="229,228,227,316" oya="2" hai0="3,30,133,0,124,89,92,9,114,57,36,128,94" hai1="26,5,60,17,96,61,65,95,119,62,116,132,86" hai2="105,25,24,106,115,63,6,39,103,58,69,27,108" hai3="18,77,1,48,13,81,70,117,4,85,127,32,74"/><V19/><F115/><W10/><G117/><T33/><D114/><U91/><E132/><V37/><F69/><W82/><G127/><T99/><D36/><U79/><E65/><V42/><F108/><W73/><G70/><T129/><D124/><U43/><E43/><V121/><F121/><W38/><G38/><T113/><D113/><U111/><E111/><V126/><F126/><W20/><G32/><T110/><D110/><U72/><E72/><V120/><F120/><W55/><REACH who="3" step="1"/><G82/><REACH who="3" ten="229,228,227,306" step="2"/><T50/><D33/><U90/><E119/><V97/><F39/><W16/><G16/><T75/><D133/><U35/><E116/><V2/><F19/><W44/><AGARI ba="0,1" hai="1,4,10,13,18,20,44,48,55,73,74,77,81,85" machi="44" ten="20,5200,0" yaku="1,1,0,1,7,1,52,1,53,0" doraHai="7" doraHaiUra="118" who="3" fromWho="3" sc="229,-13,228,-13,227,-26,306,62" /><INIT seed="3,0,0,0,5,133" ten="216,215,201,368" oya="3" hai0="55,21,19,110,111,54,53,122,118,59,90,18,42" hai1="101,64,24,41,74,32,78,22,51,37,106,112,135" hai2="100,26,57,76,52,60,75,109,94,71,7,114,102" hai3="98,81,103,84,119,30,65,9,83,14,96,15,45"/><W29/><G65/><T126/><D122/><U88/><E112/><V34/><F114/><W44/><G119/><T48/><D118/><U66/><E37/><V56/><F71/><W6/><G15/><T49/><D126/><U28/><E135/><V68/><F68/><W104/><G96/><T87/><D19/><U105/><E32/><V35/><F7/><W77/><G45/><N who="0" m="25655" /><D111/><U61/><E101/><V39/><F39/><W130/><G130/><T99/><D99/><U4/><E4/><V67/><F109/><W17/><G17/><T73/><D73/><U20/><E20/><V123/><F123/><W70/><G70/><T46/><D59/><U10/><E10/><V38/><F38/><W128/><G128/><T8/><D8/><U50/><E66/><V36/><F36/><W40/><G81/><N who="0" m="49519" /><D110/><U131/><E131/><V43/><F43/><W2/><G14/><AGARI ba="0,0" hai="14,18,21,46,49,53,54,55" m="49519,25655" machi="14" ten="30,1000,0" yaku="8,1" doraHai="133" who="0" fromWho="3" sc="216,10,215,0,201,0,368,-10" owari="226,2.6,215,-18.5,201,-29.9,358,45.8" /></mjloggm>