<mjloggm ver="2.3"><GO type="225" lobby="0"/><UN n0="%6D%75%75%6D%75%72%61" n1="%E3%81%9F%E3%81%93%E2%98%86%E7%84%BC%E3%81%8D" n2="%E3%81%AF%E3%82%88%E3%81%8A%E3%81%98%E3%81%95%E3%82%93" n3="%E3%81%82%E3%81%84%E3%81%82%E3%81%8A%E3%81%84" dan="17,16,16,18" rate="2209.84,2042.33,2158.57,2222.48" sx="F,M,M,M"/><TAIKYOKU oya="0"/><INIT seed="0,0,0,5,3,17" ten="250,250,250,250" oya="0" hai0="34,99,38,64,128,28,78,125,105,75,120,35,81" hai1="135,41,8,56,127,6,26,23,97,25,90,36,130" hai2="98,134,18,89,129,45,131,22,122,117,132,37,83" hai3="80,10,30,19,24,84,133,46,0,4,103,108,3"/><T49/><D120/><U40/><E36/><V7/><F122/><W62/><G108/><T104/><D49/><U32/><E130/><N who="2" m="49675" /><F7/><W31/><G133/><N who="2" m="51305" /><F117/><W43/><G0/><T65/><D128/><U107/><E127/><V91/><F98/><W126/><G126/><T47/><D125/><U74/><E74/><V29/><F29/><W12/><G103/><T50/><D38/><U110/><E110/><V20/><F83/><W61/><G3/><T72/><D72/><U109/><E109/><V16/><F45/><W116/><G19/><N who="2" m="7209" /><F37/><W63/><G116/><T124/><D124/><U85/><E97/><V44/><F44/><W101/><G101/><T67/><D99/><U77/><E6/><V87/><F87/><W66/><G66/><T69/><D69/><U5/><E85/><V15/><F15/><W58/><G58/><T111/><D111/><U59/><E56/><V114/><F114/><W102/><G102/><T123/><D123/><U92/><E59/><V79/><F79/><W27/><G31/><T88/><D28/><U70/><E77/><V94/><F94/><W106/><G106/><T95/><D104/><U121/><E107/><V21/><AGARI ba="0,0" hai="20,21,22,89,91" m="7209,51305,49675" machi="21" ten="40,16000,3" yaku="28,2,19,1,20,1,52,3,54,1" doraHai="17" who="2" fromWho="2" sc="250,-80,250,-40,250,160,250,-40" /><INIT seed="1,0,0,3,5,52" ten="170,210,410,210" oya="1" hai0="105,40,124,81,34,107,58,51,135,54,77,83,31" hai1="75,53,47,69,128,116,24,65,130,3,61,46,85" hai2="89,126,26,41,71,133,55,13,49,0,62,90,117" hai3="57,127,131,7,29,74,5,86,27,2,80,15,14"/><U60/><E75/><V91/><F0/><W17/><G74/><T110/><D110/><U96/><E3/><V103/><F117/><W12/><G127/><T21/><D124/><U102/><E116/><V114/><F126/><W36/><G36/><T56/><D135/><U119/><E119/><V10/><F133/><W106/><G106/><T38/><D34/><U73/><E73/><V68/><F114/><W6/><G131/><N who="1" m="50218" /><E85/><V59/><F103/><W25/><G57/><N who="0" m="32991" /><D38/><U104/><E24/><V113/><F113/><W82/><G86/><T92/><D105/><U129/><N who="1" m="50226" /><U20/><DORA hai="122" /><E20/><V44/><REACH who="2" step="1"/><F26/><REACH who="2" ten="170,210,400,210" step="2"/><W1/><G27/><N who="0" m="16879" /><D107/><U23/><E23/><V101/><F101/><W109/><G1/><T39/><D39/><U76/><E76/><V100/><F100/><W45/><G2/><T67/><D77/><U42/><E42/><V4/><AGARI ba="0,1" hai="4,10,13,41,44,49,55,59,62,68,71,89,90,91" machi="4" ten="30,16000,3" yaku="1,1,0,1,52,1,53,5" doraHai="52,122" doraHaiUra="64,87" who="2" fromWho="2" sc="170,-40,210,-80,400,170,210,-40" /><INIT seed="2,0,0,3,0,51" ten="130,130,570,170" oya="2" hai0="87,121,20,130,78,25,120,114,108,107,64,7,115" hai1="79,105,95,85,77,67,30,35,16,28,131,68,59" hai2="73,22,127,81,106,128,72,26,111,100,47,91,38" hai3="46,40,112,102,123,61,29,103,17,19,60,117,2"/><V45/><F127/><W71/><G117/><T15/><D107/><U48/><E68/><V57/><F128/><W53/><G2/><T21/><D78/><N who="1" m="29707" /><E105/><V3/><F3/><W101/><G123/><N who="0" m="47179" /><D87/><U125/><E35/><V82/><F111/><W41/><G112/><N who="0" m="43051" /><D64/><U118/><E118/><V54/><F106/><W86/><G71/><T14/><D130/><U31/><E125/><V23/><F100/><W96/><G96/><T34/><D108/><U84/><E95/><V133/><F133/><W63/><G86/><T62/><D62/><N who="1" m="38367" /><E131/><V126/><F126/><W27/><G41/><T88/><D34/><U37/><E37/><V135/><F135/><W1/><G1/><T0/><D0/><U92/><E92/><V32/><F32/><W104/><G104/><T80/><D80/><U50/><E50/><N who="2" m="30935" /><F38/><W4/><G40/><T122/><N who="0" m="47187" /><T13/><DORA hai="94" /><D88/><U116/><E116/><V52/><F73/><W36/><G36/><T55/><D7/><U8/><E48/><N who="2" m="28687" /><F72/><W11/><G102/><T109/><D109/><U10/><E85/><N who="2" m="50607" /><F82/><W76/><G103/><T110/><D110/><U44/><E44/><V5/><F5/><W49/><G101/><T18/><D55/><U9/><E84/><V97/><F47/><W99/><G76/><T124/><D124/><U39/><E39/><V56/><F97/><W42/><G99/><T93/><D93/><U12/><AGARI ba="0,0" hai="8,9,10,12,16,28,30,31" m="38367,29707" machi="12" ten="30,2000,0" yaku="8,1,54,1" doraHai="51,94" who="1" fromWho="1" sc="130,-5,130,20,570,-10,170,-5" /><INIT seed="3,0,0,0,0,63" ten="125,150,560,165" oya="3" hai0="50,96,36,53,23,20,83,2,111,28,73,92,14" hai1="57,119,89,87,72,45,9,132,52,3,127,81,105" hai2="4,16,30,71,58,125,74,84,77,120,115,18,10" hai3="121,101,95,109,123,7,65,1,124,128,117,32,47"/><W93/><G32/><T97/><D2/><U22/><E105/><V68/><F74/><W131/><G117/><T88/><D36/><U62/><E132/><V37/><F37/><W133/><G47/><T39/><D39/><U76/><E127/><V25/><F115/><W70/><G124/><T98/><D111/><U35/><E35/><V44/><F125/><W90/><G133/><T108/><D108/><U85/><E119/><V66/><F44/><W56/><G70/><T49/><D73/><U130/><E130/><N who="3" m="49706" /><G109/><T94/><D83/><U15/><E22/><N who="0" m="8233" /><D28/><U21/><E21/><N who="2" m="15663" /><F71/><W91/><G101/><N who="0" m="60551" /><D53/><U113/><E3/><V118/><F68/><W59/><G7/><T110/><D110/><U40/><E89/><N who="3" m="33802" /><G1/><T78/><D98/><U31/><E31/><V99/><F99/><W51/><G51/><T29/><D29/><U27/><E113/><V43/><F118/><W60/><G56/><T11/><D78/><U6/><E27/><V8/><F43/><W64/><G64/><T0/><D0/><U75/><E75/><V129/><F129/><W135/><G135/><T102/><D102/><U12/><E12/><V41/><F41/><W46/><G46/><T34/><D34/><U106/><E106/><V26/><F26/><W86/><G86/><T79/><D79/><U122/><E122/><AGARI ba="0,0" hai="59,60,65,93,95,121,122,123" m="33802,49706" machi="122" ten="30,2900,0" yaku="19,1,52,1" doraHai="63" who="3" fromWho="1" sc="125,0,150,-29,560,0,165,29" /><INIT seed="3,1,0,2,2,6" ten="125,121,560,194" oya="3" hai0="9,45,99,42,79,86,25,29,114,101,32,95,15" hai1="128,39,96,67,20,90,102,111,3,74,60,11,104" hai2="66,83,88,98,50,7,76,35,62,68,82,16,54" hai3="118,119,103,49,65,135,27,117,89,34,40,105,8"/><W47/><G135/><T58/><D114/><U2/><E39/><V51/><F35/><W113/><G113/><T26/><D58/><U59/><E74/><V64/><F66/><W24/><G65/><T55/><D55/><U122/><E122/><V110/><F110/><W131/><G131/><T57/><D57/><U108/><E128/><V129/><F129/><W12/><G34/><T52/><D52/><U63/><E63/><V33/><F33/><W91/><G103/><T100/><D100/><U73/><E73/><V61/><F7/><W69/><G105/><T121/><D121/><U78/><E78/><V125/><F125/><W5/><G69/><T37/><D26/><U13/><E20/><V77/><F62/><W106/><G106/><T21/><D32/><U30/><E90/><V81/><F51/><W109/><G109/><N who="1" m="42058" /><E30/><V46/><F16/><AGARI ba="1,0" hai="2,3,11,13,16,59,60,67,96,102,104" m="42058" machi="16" ten="30,3900,0" yaku="14,1,52,1,54,1" doraHai="6" who="1" fromWho="2" sc="125,0,121,42,560,-42,194,0" owari="125,-37.5,163,-23.7,518,61.8,194,-0.6" /></mjloggm>