<mjloggm ver="2.3"><GO type="225" lobby="0"/><UN n0="%63%68%78%62%64" n1="%E5%8F%AF%E5%85%90%E9%82%A3%E7%94%B1%E5%A4%9A" n2="%E3%82%B2%E3%82%B9%E8%8C%82%E5%8B%9D" n3="%E3%81%A8%E3%82%93%E3%81%A8%E3%81%93%E3%81%A8%E3%82%93" dan="16,17,16,16" rate="2145.04,2242.09,2042.55,2139.47" sx="M,F,F,M"/><TAIKYOKU oya="0"/><INIT seed="0,0,0,5,4,30" ten="250,250,250,250" oya="0" hai0="32,93,16,128,39,116,104,25,102,44,115,114,96" hai1="135,80,45,85,117,4,71,8,53,110,66,49,57" hai2="0,79,120,99,15,41,131,48,108,130,76,11,14" hai3="107,65,133,52,69,43,40,134,42,113,51,89,37"/><T2/><D116/><U34/><E117/><V28/><F120/><W29/><G107/><T127/><D127/><U35/><E71/><V12/><F108/><W123/><G89/><T92/><D128/><N who="2" m="49194" /><F99/><W6/><G6/><T112/><D2/><U50/><E110/><V119/><F119/><W73/><G73/><T70/><D70/><U105/><E105/><V27/><F41/><N who="3" m="15979" /><G29/><T132/><D132/><N who="3" m="50793" /><G113/><T83/><D44/><U121/><E121/><V109/><F48/><W61/><G123/><T106/><D39/><U1/><E135/><V124/><F124/><W24/><G24/><T18/><D83/><U56/><E50/><V81/><F109/><W63/><G63/><T84/><D106/><U7/><E7/><N who="2" m="1511" /><F81/><W90/><G90/><T122/><D122/><U31/><E31/><V77/><F77/><W101/><G101/><T72/><D72/><U36/><E36/><V87/><F87/><W59/><N who="3" m="15987" /><W75/><DORA hai="98" /><G75/><T86/><D104/><U47/><E47/><V103/><F103/><W26/><G26/><T46/><D46/><U23/><E45/><V60/><F60/><W13/><G13/><T125/><D125/><U10/><E85/><V17/><F17/><W82/><G82/><T9/><D93/><U118/><E80/><V78/><F78/><W58/><G69/><T55/><D84/><U33/><E118/><V68/><F68/><W129/><G129/><T100/><D86/><U67/><E4/><V74/><F74/><W22/><G22/><AGARI ba="0,0" hai="12,14,15,22,27,28,76,79" m="1511,49194" machi="22" ten="30,1000,0" yaku="19,1" doraHai="30,98" who="2" fromWho="3" sc="250,0,250,0,250,10,250,-10" /><INIT seed="1,0,0,3,3,26" ten="250,250,260,240" oya="1" hai0="9,64,96,95,94,21,16,112,86,91,54,133,25" hai1="66,83,65,10,105,107,81,80,60,76,106,77,102" hai2="130,33,111,42,114,121,20,63,12,134,101,132,59" hai3="14,71,92,37,84,82,116,23,7,85,19,28,124"/><U51/><E102/><V88/><F121/><W120/><G120/><T35/><D112/><U49/><E10/><V70/><F70/><W99/><G37/><T103/><D35/><U5/><E5/><V15/><F33/><W73/><G71/><T38/><D38/><U30/><E30/><V89/><F114/><W24/><G124/><T62/><D133/><N who="2" m="51306" /><F130/><W104/><G104/><T17/><D54/><U72/><E60/><V61/><F42/><W18/><G73/><T135/><D135/><U1/><E1/><V79/><F79/><N who="1" m="30281" /><E72/><V58/><F101/><W109/><G109/><T98/><D86/><N who="3" m="33385" /><G82/><T119/><D119/><U113/><E113/><V53/><F111/><W127/><G127/><T129/><D129/><U118/><E118/><V125/><F125/><W78/><G78/><T128/><D128/><U2/><E2/><V131/><F131/><W41/><G41/><T36/><D36/><U123/><E123/><V4/><F4/><W44/><G44/><T55/><D55/><U27/><E27/><V46/><F46/><W32/><G32/><T56/><D9/><U11/><E11/><V100/><F100/><N who="3" m="60519" /><G116/><T74/><D74/><U39/><E39/><V43/><F43/><W69/><G69/><T47/><D47/><U3/><E3/><V97/><F20/><N who="3" m="15367" /><G7/><T40/><D40/><U45/><E45/><V29/><F29/><AGARI ba="0,0" hai="16,17,21,25,29,56,62,64,91,94,95,96,98,103" machi="29" ten="30,12000,2" yaku="7,1,25,2,8,1,52,1,54,1" doraHai="26" who="0" fromWho="2" sc="250,120,250,0,260,-120,240,0" /><INIT seed="2,0,0,5,2,116" ten="370,250,140,240" oya="2" hai0="128,52,59,66,98,20,88,113,26,130,107,110,118" hai1="37,112,70,84,87,121,103,34,80,90,101,67,65" hai2="125,33,120,95,38,58,83,109,25,6,5,0,9" hai3="12,17,127,99,91,31,135,44,19,45,32,16,11"/><V18/><F38/><W123/><G135/><T78/><D113/><U93/><E37/><V39/><F39/><W89/><G127/><T24/><D118/><U96/><E34/><V77/><F125/><W72/><G72/><T57/><D110/><U106/><E70/><V62/><F109/><W7/><G123/><T40/><D78/><N who="1" m="46103" /><E65/><V92/><F120/><W97/><G32/><T132/><D40/><U117/><E67/><V41/><F41/><W42/><G31/><T76/><D76/><U131/><E117/><V79/><F5/><W71/><G71/><T3/><D3/><U126/><E126/><V50/><F50/><N who="3" m="26903" /><G45/><T30/><D132/><U134/><E134/><V23/><F33/><W122/><G122/><T82/><D107/><N who="1" m="63911" /><E121/><V29/><F29/><W13/><G12/><T56/><D26/><U61/><E61/><V64/><REACH who="2" step="1"/><F77/><REACH who="2" ten="370,250,130,240" step="2"/><W36/><G36/><T54/><D66/><U75/><E112/><V60/><F60/><W27/><G27/><T94/><REACH who="0" step="1"/><D82/><REACH who="0" ten="360,250,130,240" step="2"/><U47/><E131/><AGARI ba="0,2" hai="20,24,30,52,54,56,57,59,88,94,98,128,130,131" machi="131" ten="40,8000,1" yaku="1,1,2,1,19,1,54,2,53,0" doraHai="116" doraHaiUra="68" who="0" fromWho="1" sc="360,100,250,-80,130,0,240,0" /><INIT seed="3,0,0,2,5,98" ten="460,170,130,240" oya="3" hai0="128,46,28,53,127,74,63,83,75,113,70,92,87" hai1="22,37,104,41,111,62,47,45,55,69,5,135,40" hai2="59,56,118,80,24,52,102,91,4,110,29,6,57" hai3="125,10,85,82,134,86,0,115,106,101,132,112,120"/><W89/><G0/><T96/><D128/><U16/><E104/><V97/><F110/><W131/><G10/><T73/><D127/><U2/><E111/><V76/><F118/><W88/><G120/><T114/><D28/><U60/><E135/><N who="3" m="51754" /><G131/><T27/><D27/><U103/><E69/><V77/><F91/><W23/><G23/><T33/><D33/><U129/><E103/><V65/><F65/><W61/><G61/><T48/><D70/><U32/><E32/><V38/><F38/><W99/><G125/><T42/><D63/><U68/><E129/><V14/><F14/><W43/><G43/><T107/><D107/><U54/><E62/><N who="2" m="36103" /><F57/><W20/><G20/><T30/><D30/><U34/><E34/><V116/><F116/><W121/><G121/><T108/><D108/><U51/><E68/><V18/><F29/><W95/><AGARI ba="0,0" hai="82,85,86,88,89,95,99,101,106,112,115" m="51754" machi="95" ten="30,12000,1" yaku="20,1,34,2,52,1,54,1" doraHai="98" who="3" fromWho="3" sc="460,-40,170,-40,130,-40,240,120" /><INIT seed="3,1,0,3,3,66" ten="420,130,90,360" oya="3" hai0="1,23,12,57,65,35,76,114,41,21,36,100,92" hai1="72,27,122,59,33,116,75,112,16,86,52,125,70" hai2="120,10,124,11,60,48,119,84,96,97,45,98,30" hai3="115,88,133,51,44,42,104,83,113,99,25,15,64"/><W24/><G133/><T62/><D1/><U93/><E122/><V77/><F124/><W50/><G64/><T34/><D114/><U68/><E112/><V101/><F120/><W63/><G113/><T3/><D3/><U39/><E39/><V9/><F119/><W132/><G115/><T81/><D36/><U102/><E125/><V8/><N who="2" m="2048" /><DORA hai="91" /><V17/><F30/><W126/><G132/><T128/><D128/><U61/><E116/><V103/><F60/><W40/><G126/><T74/><D41/><U71/><E86/><V69/><F69/><W56/><G104/><T58/><D58/><U20/><REACH who="1" step="1"/><E33/><REACH who="1" ten="420,120,90,360" step="2"/><V90/><F77/><W19/><G40/><T14/><D34/><U7/><E7/><V55/><REACH who="2" step="1"/><F17/><REACH who="2" ten="420,120,80,360" step="2"/><W85/><G99/><AGARI ba="1,2" hai="16,20,27,52,59,61,68,70,71,72,75,93,99,102" machi="99" ten="40,12000,2" yaku="1,1,52,4,54,2,53,0" doraHai="66,91" doraHaiUra="4,26" who="1" fromWho="3" sc="420,0,120,143,80,0,360,-123" owari="420,52.0,263,6.3,80,-42.0,237,-16.3" /></mjloggm>