<mjloggm ver="2.3"><GO type="225" lobby="0"/><UN n0="%E3%81%A1%E3%82%85%E3%81%86%E3%81%A9%E3%81%8F%E8%B1%A1%E3%81%95%E3%82%93" n1="%E3%81%95%E3%81%8D%E3%81%9F%E3%81%BE%E6%9E%97%E6%AA%8E" n2="%E6%97%A5%E6%9B%9C%E6%97%A5%E3%82%88%E3%82%8A%E3%81%AE%E4%BD%BF%E8%80%85" n3="%33%74%72%65%65" dan="17,16,17,17" rate="2185.31,2169.88,2164.44,2210.81" sx="M,M,M,F"/><TAIKYOKU oya="0"/><INIT seed="0,0,0,5,1,88" ten="250,250,250,250" oya="0" hai0="22,41,38,94,61,81,66,92,116,26,34,106,14" hai1="96,60,69,122,33,10,100,11,1,45,98,131,29" hai2="118,115,17,40,108,112,54,58,62,132,110,15,6" hai3="18,9,16,20,86,134,44,51,123,64,32,135,5"/><T104/><D116/><U52/><E131/><V99/><F6/><W105/><G32/><T97/><D81/><U37/><E122/><V68/><F68/><W43/><G123/><T119/><D119/><U72/><E72/><V24/><F118/><W103/><G64/><T48/><D38/><U91/><E91/><V70/><F70/><W46/><G105/><T59/><D34/><U63/><E98/><V126/><F126/><W23/><G103/><T55/><D14/><U120/><E120/><V3/><F3/><W0/><G46/><T85/><D41/><U13/><E1/><V83/><F132/><N who="3" m="50731" /><G86/><T35/><D35/><U87/><E87/><V82/><F40/><W125/><G125/><T50/><D50/><U117/><E117/><V89/><F115/><W27/><G20/><T25/><D25/><N who="1" m="18607" /><E37/><V129/><F24/><W75/><G75/><T79/><D79/><U90/><E90/><V127/><F112/><W39/><G39/><T8/><D85/><U12/><E12/><V101/><F127/><W2/><G2/><T74/><D74/><U128/><E128/><V113/><F129/><W93/><G18/><T124/><D124/><U36/><E36/><V67/><F113/><W95/><AGARI ba="0,0" hai="0,5,9,16,23,27,43,44,51,93,95" m="50731" machi="95" ten="30,7900,0" yaku="20,1,52,2,54,1" doraHai="88" who="3" fromWho="3" sc="250,-39,250,-20,250,-20,250,79" /><INIT seed="1,0,0,0,0,61" ten="211,230,230,329" oya="1" hai0="22,59,85,121,60,6,89,111,2,40,103,45,98" hai1="44,41,25,64,127,7,119,83,102,31,23,108,13" hai2="54,124,26,0,14,4,84,67,105,109,58,81,8" hai3="51,49,99,47,48,87,36,39,10,35,11,75,65"/><U38/><E119/><V125/><F105/><W20/><G75/><T70/><D111/><U24/><E127/><N who="2" m="48715" /><F109/><W82/><G35/><T53/><D121/><U62/><E108/><V72/><F72/><W79/><G39/><T73/><D73/><U66/><E102/><V90/><F26/><W34/><G34/><T86/><D70/><U18/><E62/><N who="2" m="38359" /><F54/><W30/><G36/><T115/><D115/><U9/><REACH who="1" step="1"/><E83/><REACH who="1" ten="211,220,230,329" step="2"/><V104/><F104/><W80/><G82/><T71/><D103/><U135/><E135/><V19/><F0/><W43/><G80/><T32/><D60/><U27/><E27/><V93/><F81/><W132/><G132/><T37/><D71/><U116/><E116/><V94/><F94/><W74/><G79/><T97/><D32/><AGARI ba="0,1" hai="7,9,13,18,23,24,25,31,32,38,41,44,64,66" machi="32" ten="30,11600,0" yaku="1,1,7,1,52,2,53,0" doraHai="61" doraHaiUra="57" who="1" fromWho="0" sc="211,-116,220,126,230,0,329,0" /><INIT seed="1,1,0,0,1,79" ten="95,346,230,329" oya="1" hai0="120,38,81,98,96,126,18,109,105,23,36,100,1" hai1="17,122,56,117,34,12,40,131,25,93,125,37,41" hai2="127,133,22,114,43,88,71,80,83,57,58,85,63" hai3="123,10,7,60,118,54,26,51,92,112,30,27,4"/><U15/><E117/><V70/><F127/><W64/><G112/><T52/><D1/><U130/><E122/><V61/><F133/><W3/><G123/><T31/><D126/><U21/><E125/><V47/><F114/><W9/><G118/><T13/><D109/><U82/><E93/><N who="2" m="54415" /><F70/><W19/><G19/><T129/><D129/><N who="1" m="49163" /><E37/><V135/><F71/><W94/><G60/><N who="2" m="23113" /><F135/><W106/><G64/><T50/><D31/><N who="1" m="19823" /><E56/><N who="2" m="21611" /><F22/><W42/><G106/><T49/><D120/><U14/><E82/><V107/><F107/><W45/><G94/><T68/><D68/><U108/><E108/><V104/><F104/><W95/><G92/><T6/><D36/><U90/><E90/><V99/><F99/><W35/><G95/><T77/><D98/><U97/><E97/><V62/><N who="2" m="23121" /><V74/><DORA hai="124" /><F74/><W5/><G35/><T84/><D38/><U59/><E59/><V113/><F113/><W48/><G3/><T67/><D67/><U24/><AGARI ba="1,0" hai="12,14,15,17,21,24,40,41" m="19823,49163" machi="24" ten="30,11700,0" yaku="19,1,52,3" doraHai="79,124" who="1" fromWho="1" sc="95,-40,346,120,230,-40,329,-40" /><INIT seed="1,2,0,3,2,109" ten="55,466,190,289" oya="1" hai0="72,39,0,16,111,32,135,44,70,119,115,48,123" hai1="122,29,69,100,107,50,62,6,64,20,108,97,131" hai2="98,92,127,7,90,83,49,74,96,36,10,60,19" hai3="65,114,41,112,134,4,124,89,35,81,42,21,79"/><U88/><E122/><V121/><F36/><W126/><G35/><T40/><D16/><U37/><E37/><V87/><F121/><W56/><G134/><T67/><D48/><U102/><E131/><V46/><F127/><N who="3" m="48683" /><G4/><T76/><D67/><U55/><E6/><V105/><F74/><N who="3" m="43255" /><G89/><T117/><D76/><U71/><E71/><V18/><F105/><W38/><G21/><T43/><D44/><U68/><E68/><V31/><F31/><W22/><G22/><T3/><D43/><N who="3" m="16393" /><G38/><T91/><D40/><U101/><E20/><V77/><F98/><W47/><G47/><T86/><D91/><U128/><E128/><V106/><F106/><W73/><G73/><T104/><D86/><U129/><E129/><V2/><F2/><W25/><G25/><T78/><D78/><U9/><E9/><V82/><F7/><W66/><G56/><T130/><D0/><U118/><E29/><V57/><F10/><W113/><AGARI ba="2,0" hai="65,66,112,113,114" m="16393,43255,48683" machi="113" ten="40,8000,1" yaku="18,1,52,3" doraHai="109" who="3" fromWho="3" sc="55,-22,466,-42,190,-22,289,86" /><INIT seed="2,0,0,5,3,103" ten="33,424,168,375" oya="2" hai0="56,37,39,23,47,18,133,7,107,76,49,10,99" hai1="91,66,52,16,45,121,11,119,130,73,53,63,20" hai2="100,41,8,116,24,98,97,89,30,87,115,129,95" hai3="134,34,84,29,4,114,60,25,104,62,79,22,33"/><V38/><F115/><W93/><G104/><T68/><D68/><U71/><E119/><V59/><F116/><W12/><G114/><T96/><D133/><U69/><E73/><V42/><F129/><W67/><G134/><T125/><D125/><U57/><E130/><V1/><F38/><W131/><G131/><T3/><D76/><U117/><E117/><V82/><F1/><W0/><G34/><T72/><D72/><U75/><E75/><V124/><F124/><W128/><G128/><T88/><D56/><U92/><E121/><V32/><F8/><N who="3" m="2055" /><G67/><T19/><D19/><U15/><E71/><V120/><F120/><W43/><G43/><T108/><D108/><U46/><E69/><V110/><F110/><W94/><G79/><T118/><D118/><U105/><E105/><V61/><F97/><W78/><G78/><T58/><D58/><U13/><E66/><AGARI ba="0,0" hai="24,30,32,41,42,59,61,66,82,87,89,95,98,100" machi="66" ten="30,1500,0" yaku="7,1" doraHai="103" who="2" fromWho="1" sc="33,0,424,-15,168,15,375,0" /><INIT seed="2,1,0,2,5,110" ten="33,409,183,375" oya="2" hai0="30,56,88,127,98,65,92,100,107,43,99,72,54" hai1="93,28,126,45,6,124,24,69,70,59,12,76,109" hai2="4,106,77,78,94,122,91,0,79,21,71,50,120" hai3="115,116,134,46,83,42,34,37,29,47,121,22,23"/><V117/><F106/><W58/><G116/><T96/><D127/><N who="1" m="48683" /><E109/><V18/><F71/><W53/><G121/><T135/><D72/><U114/><E114/><V31/><F117/><W8/><G134/><T111/><D135/><U112/><E112/><V10/><F31/><W123/><G123/><T14/><D111/><U9/><E76/><V38/><F38/><W39/><G115/><T52/><D43/><U95/><E59/><V128/><F128/><W81/><G8/><T48/><D30/><U87/><E45/><V131/><F50/><W17/><G34/><T129/><D129/><U84/><E87/><V103/><F103/><W41/><G29/><T86/><D65/><U25/><E25/><V130/><F130/><W101/><G101/><T51/><REACH who="0" step="1"/><D14/><REACH who="0" ten="23,409,183,375" step="2"/><U60/><E60/><V132/><F131/><W80/><REACH who="3" step="1"/><G17/><REACH who="3" ten="23,409,183,365" step="2"/><T55/><D55/><U108/><E108/><V33/><F132/><W15/><G15/><T11/><D11/><U16/><E16/><V35/><F122/><W20/><G20/><T66/><D66/><U32/><E84/><N who="2" m="52583" /><F120/><W7/><G7/><T85/><D85/><U44/><E44/><AGARI ba="1,2" hai="44,48,51,52,54,56,86,88,92,96,98,99,100,107" machi="44" ten="30,7700,0" yaku="1,1,7,1,54,2,53,0" doraHai="110" doraHaiUra="26" who="0" fromWho="1" sc="23,100,409,-80,183,0,365,0" /><INIT seed="3,0,0,0,1,92" ten="123,329,183,365" oya="3" hai0="70,120,129,80,1,122,85,130,32,65,108,10,51" hai1="8,27,16,107,29,53,18,20,62,101,91,14,43" hai2="79,42,30,59,66,72,118,63,94,88,83,22,116" hai3="110,6,60,46,131,47,67,96,64,133,127,99,36"/><W13/><G133/><T124/><D32/><U74/><E74/><V28/><F42/><W78/><G131/><N who="0" m="50187" /><D10/><U106/><E43/><V86/><REACH who="2" step="1"/><F22/><REACH who="2" ten="123,329,173,365" step="2"/><W58/><G36/><T71/><D1/><U4/><E107/><V21/><F21/><W15/><G127/><T52/><D124/><U125/><E125/><V31/><AGARI ba="0,1" hai="28,30,31,59,63,66,72,79,83,86,88,94,116,118" machi="31" ten="30,8000,1" yaku="1,1,0,1,54,1,53,2" doraHai="92" doraHaiUra="113" who="2" fromWho="2" sc="123,-20,329,-20,173,90,365,-40" owari="103,-39.7,309,10.9,263,-13.7,325,42.5" /></mjloggm>