<mjloggm ver="2.3"><GO type="225" lobby="0"/><UN n0="%6D%75%75%6D%75%72%61" n1="%E3%81%A1%E3%82%85%E3%81%86%E3%81%A9%E3%81%8F%E8%B1%A1%E3%81%95%E3%82%93" n2="%E3%81%B7%E3%82%8A%E3%82%93%E8%81%96%E4%BA%BA" n3="%E3%81%AF%E3%82%88%E3%81%8A%E3%81%98%E3%81%95%E3%82%93" dan="17,17,16,16" rate="2108.64,2183.86,2165.74,2151.12" sx="F,M,M,M"/><TAIKYOKU oya="0"/><INIT seed="0,0,0,4,1,27" ten="250,250,250,250" oya="0" hai0="53,78,74,93,101,43,123,25,83,111,45,5,87" hai1="113,59,50,56,121,23,128,54,108,109,4,33,37" hai2="81,103,107,31,55,110,19,72,92,131,24,38,13" hai3="52,60,18,0,134,1,105,79,100,122,71,65,16"/><T133/><D123/><U49/><E33/><V114/><F38/><W64/><G122/><T126/><D126/><U95/><E121/><V88/><F114/><W119/><G119/><T62/><D133/><U84/><E113/><V102/><F110/><N who="1" m="42601" /><E4/><V120/><F107/><W76/><G134/><T112/><D111/><U68/><E68/><V132/><F132/><W40/><G40/><T47/><D112/><U8/><E8/><V57/><F81/><W12/><G65/><T104/><D5/><U39/><E23/><N who="2" m="15775" /><F72/><W42/><G42/><T26/><D104/><U14/><E14/><V28/><F28/><W48/><G100/><T89/><D101/><U36/><E95/><V124/><F124/><W61/><G60/><T35/><D35/><U91/><E91/><V135/><F120/><W29/><G29/><T6/><D6/><U11/><E11/><N who="2" m="6591" /><F135/><W2/><G105/><T9/><D9/><U86/><E128/><V116/><F131/><W125/><G125/><T44/><REACH who="0" step="1"/><D43/><REACH who="0" ten="240,250,250,250" step="2"/><U63/><E63/><N who="2" m="36287" /><F116/><W117/><G117/><T3/><D3/><U85/><E54/><V34/><F34/><W66/><G64/><T32/><D32/><U22/><E22/><V10/><F10/><W127/><G127/><T118/><D118/><U98/><E36/><V129/><F129/><W77/><REACH who="3" step="1"/><G12/><REACH who="3" ten="240,250,250,240" step="2"/><T130/><D130/><U94/><E37/><V15/><F15/><W97/><G97/><AGARI ba="0,2" hai="88,92,97,102,103" m="36287,6591,15775" machi="97" ten="30,3900,0" yaku="8,1,52,1,54,1" doraHai="27" who="2" fromWho="3" sc="240,0,250,0,250,59,240,-39" /><INIT seed="1,0,0,4,0,126" ten="240,250,309,201" oya="1" hai0="31,98,11,44,116,122,120,71,53,67,97,34,88" hai1="18,61,75,37,91,99,127,6,65,130,15,125,49" hai2="94,119,93,7,8,63,54,13,48,0,27,129,58" hai3="10,86,85,55,87,41,1,68,9,105,66,5,46"/><U101/><E37/><V60/><F129/><W117/><G105/><T33/><D116/><U57/><E75/><V51/><F119/><W43/><G117/><T28/><D11/><N who="1" m="6527" /><E6/><V113/><F113/><W115/><G115/><T96/><D71/><U118/><E91/><V128/><F128/><W102/><G102/><T64/><D88/><U59/><E118/><V24/><F51/><W112/><G112/><T82/><D82/><U29/><E49/><V19/><F0/><W83/><G83/><T78/><D78/><U104/><E29/><N who="0" m="11337" /><D44/><U134/><E134/><V109/><F109/><W80/><G80/><T25/><D25/><N who="2" m="9802" /><F7/><W79/><G79/><T42/><D42/><U108/><E108/><V76/><F76/><W111/><G111/><T12/><D12/><U114/><E114/><V100/><F100/><W121/><G121/><N who="0" m="46699" /><D53/><U132/><E132/><V2/><F2/><W36/><G55/><T110/><D110/><U38/><E38/><V50/><F50/><W106/><G41/><T20/><D20/><U133/><E133/><V62/><AGARI ba="0,0" hai="8,13,19,48,54,58,60,62,63,93,94" m="9802" machi="62" ten="30,1100,0" yaku="8,1" doraHai="126" who="2" fromWho="2" sc="240,-3,250,-5,309,11,201,-3" /><INIT seed="2,0,0,1,0,23" ten="237,245,320,198" oya="2" hai0="93,113,116,43,46,28,72,121,66,27,49,53,2" hai1="50,4,125,133,65,18,71,88,33,69,70,107,82" hai2="10,31,63,15,37,134,17,84,60,56,0,34,114" hai3="111,109,97,1,83,91,103,101,45,67,6,24,105"/><V90/><F37/><W112/><G67/><T110/><D113/><U80/><E107/><V68/><F114/><W57/><G112/><T79/><D121/><U102/><E102/><V122/><F134/><W96/><G57/><T9/><D110/><N who="3" m="41993" /><G45/><T61/><D116/><U62/><E133/><V47/><F47/><W115/><G115/><T39/><D93/><U131/><E33/><V77/><F77/><W135/><G6/><T38/><D2/><U21/><E4/><V52/><F0/><W51/><G51/><T85/><D9/><U8/><E8/><V89/><F89/><W19/><G19/><T29/><D85/><U74/><E74/><V13/><F13/><W20/><G20/><T36/><D43/><U106/><E106/><V42/><F42/><W40/><G40/><T81/><REACH who="0" step="1"/><D27/><REACH who="0" ten="227,245,320,198" step="2"/><U26/><E125/><V124/><F124/><W76/><G1/><T25/><D25/><U55/><E131/><V5/><F122/><W127/><G24/><T14/><D14/><U118/><E118/><V120/><F120/><W75/><G127/><T99/><D99/><U44/><REACH who="1" step="1"/><E80/><REACH who="1" ten="227,235,320,198" step="2"/><N who="2" m="49415" /><F34/><W128/><G128/><T104/><D104/><U126/><E126/><V58/><F31/><W78/><G135/><T16/><D16/><U59/><E59/><AGARI ba="0,2" hai="28,29,36,38,39,46,49,53,59,61,66,72,79,81" machi="59" ten="40,1300,0" yaku="1,1,53,0" doraHai="23" doraHaiUra="100" who="0" fromWho="1" sc="227,33,235,-13,320,0,198,0" /><INIT seed="3,0,0,2,4,108" ten="260,222,320,198" oya="3" hai0="55,92,43,117,11,124,109,40,38,15,71,60,51" hai1="78,115,67,75,44,81,25,33,6,34,23,19,58" hai2="113,89,103,29,126,132,79,22,36,101,66,76,56" hai3="72,42,26,104,46,62,48,97,84,112,21,52,30"/><W98/><G112/><T127/><D117/><U105/><E105/><V86/><F36/><W57/><G72/><T90/><D38/><U87/><E115/><V13/><F113/><W14/><G104/><T129/><D109/><U28/><E6/><V69/><F69/><W31/><G31/><T35/><D35/><U64/><E44/><V50/><F126/><N who="0" m="48170" /><D129/><U47/><E47/><V99/><F132/><W123/><G123/><T82/><D82/><U27/><E33/><V80/><F101/><W1/><G1/><T77/><D77/><U39/><E39/><V96/><F99/><W20/><G84/><N who="0" m="52295" /><D71/><U12/><E27/><V61/><F50/><W125/><REACH who="3" step="1"/><G125/><REACH who="3" ten="260,222,320,188" step="2"/><T128/><D128/><U49/><E75/><V63/><F29/><W7/><G7/><N who="0" m="3583" /><D60/><U118/><E118/><V37/><F63/><W111/><G111/><T53/><D53/><U85/><E85/><V10/><F86/><W3/><G3/><T17/><D17/><AGARI ba="0,1" hai="14,17,20,21,26,30,42,46,48,52,57,62,97,98" machi="17" ten="40,7700,0" yaku="1,1,8,1,54,1,53,0" doraHai="108" doraHaiUra="131" who="3" fromWho="0" sc="260,-77,222,0,320,0,188,87" /><INIT seed="3,1,0,1,4,39" ten="183,222,320,275" oya="3" hai0="116,1,99,114,125,91,25,0,132,35,22,11,87" hai1="89,38,100,24,60,62,19,18,63,61,104,8,95" hai2="105,51,112,90,78,15,71,118,28,17,115,124,92" hai3="36,81,29,64,109,66,45,85,20,134,41,73,42"/><W131/><G73/><T12/><D116/><U135/><E38/><V67/><F105/><W94/><G36/><T122/><D122/><U23/><E135/><V77/><F28/><W76/><G134/><T57/><D132/><U53/><E104/><V96/><F118/><W49/><G131/><T101/><D35/><U130/><E130/><V83/><F77/><W44/><G109/><T86/><D125/><U111/><E111/><V46/><F67/><N who="3" m="25643" /><G94/><T40/><D114/><U74/><E74/><V34/><F71/><W59/><G59/><T107/><D57/><N who="1" m="34863" /><E100/><V98/><F98/><W48/><G20/><T119/><D119/><U2/><E2/><V110/><F34/><W13/><G13/><T72/><D72/><U21/><E8/><V79/><F79/><W52/><G52/><T7/><D40/><U121/><E121/><V103/><F124/><W84/><G84/><T123/><D123/><U69/><E69/><V50/><F110/><W27/><G27/><T129/><D129/><U120/><E120/><V43/><F103/><W65/><G65/><T32/><D32/><U6/><E6/><V16/><F112/><W128/><G128/><T126/><D126/><U106/><E106/><V5/><F115/><W58/><G58/><T102/><D102/><U47/><E47/><V30/><F30/><AGARI ba="1,0" hai="29,30,41,42,44,45,48,49,76,81,85" m="25643" machi="30" ten="30,5800,0" yaku="8,1,52,2" doraHai="39" who="3" fromWho="2" sc="183,0,222,0,320,-61,275,61" owari="183,-31.7,222,-17.8,259,5.9,336,43.6" /></mjloggm>