<mjloggm ver="2.3"><GO type="225" lobby="0"/><UN n0="%E6%B8%A9%E2%98%85%E6%83%85%E2%98%85%E6%8E%AA%E2%98%85%E7%BD%AE" n1="%74%2E%6F%2E%6F%2E%73" n2="%6B%79%6F%6E%6B%6F%31%31" n3="%E4%BF%BA%E3%81%A8%E5%A6%96%E5%A4%A2" dan="17,18,16,16" rate="2172.78,2151.10,2153.47,2118.44" sx="M,M,M,F"/><TAIKYOKU oya="0"/><INIT seed="0,0,0,4,0,44" ten="250,250,250,250" oya="0" hai0="11,76,64,42,110,115,68,45,3,38,62,74,39" hai1="13,84,83,29,50,0,24,123,97,96,107,134,65" hai2="41,109,40,129,47,51,131,133,25,6,53,89,99" hai3="35,72,61,27,93,103,116,54,14,80,9,120,118"/><T128/><D115/><U59/><E0/><V28/><F109/><W95/><G120/><T20/><D20/><U125/><E123/><V21/><F6/><W102/><G72/><T31/><D31/><U30/><E125/><V86/><F99/><W56/><G80/><N who="0" m="45079" /><D110/><U60/><E134/><V8/><F8/><W87/><G116/><T16/><D16/><U75/><E75/><V88/><F133/><W92/><G118/><T77/><D77/><U63/><E63/><V101/><F101/><N who="3" m="38411" /><G35/><T55/><D55/><U4/><E107/><V135/><F135/><W23/><G87/><T127/><D127/><U49/><E13/><V106/><F106/><W19/><G95/><T32/><D32/><U22/><E4/><AGARI ba="0,0" hai="4,9,14,19,23,27,54,56,61,92,93" m="38411" machi="4" ten="30,1000,0" yaku="8,1" doraHai="44" who="3" fromWho="1" sc="250,0,250,-10,250,0,250,10" /><INIT seed="1,0,0,5,0,124" ten="250,240,250,260" oya="1" hai0="53,111,14,130,117,106,2,89,9,121,26,129,112" hai1="46,18,8,39,128,20,6,65,100,27,24,30,40" hai2="119,82,60,17,67,135,120,101,95,110,58,13,45" hai3="52,32,28,81,98,90,103,51,59,29,54,105,66"/><U71/><E100/><V74/><F119/><W123/><G123/><T25/><D117/><U70/><E65/><V57/><F120/><W75/><G32/><T61/><D121/><U0/><REACH who="1" step="1"/><E128/><REACH who="1" ten="250,230,250,260" step="2"/><N who="0" m="49257" /><D112/><U94/><E94/><V21/><F101/><W3/><G66/><T55/><D106/><U5/><E5/><V68/><F95/><W78/><G3/><T77/><D2/><U84/><E84/><V41/><F135/><W122/><G122/><T31/><D111/><U83/><E83/><V4/><F4/><W133/><G133/><T73/><D73/><U42/><E42/><V33/><F110/><W44/><REACH who="3" step="1"/><G90/><REACH who="3" ten="250,230,250,250" step="2"/><T36/><D89/><U107/><E107/><V115/><F67/><W113/><G113/><T11/><D55/><U38/><E38/><V72/><F115/><W80/><G80/><T108/><D36/><U92/><E92/><V16/><F82/><W76/><G76/><T35/><D77/><U97/><E97/><V64/><F74/><W132/><G132/><T99/><D99/><U1/><E1/><V22/><F72/><W48/><AGARI ba="0,2" hai="28,29,44,48,51,52,54,59,75,78,81,98,103,105" machi="48" ten="20,8000,1" yaku="1,1,0,1,7,1,54,1,53,1" doraHai="124" doraHaiUra="102" who="3" fromWho="3" sc="250,-20,230,-40,250,-20,250,100" /><INIT seed="2,0,0,4,3,110" ten="230,190,230,350" oya="2" hai0="33,36,127,4,34,54,125,14,84,42,86,100,25" hai1="16,112,99,135,40,30,39,44,85,12,20,101,130" hai2="96,97,94,75,5,78,13,67,121,91,45,50,98" hai3="62,18,80,120,76,82,57,11,8,27,126,129,24"/><V109/><F121/><W66/><G120/><T117/><D117/><U53/><E130/><V107/><F109/><W15/><G129/><T41/><D100/><U115/><E135/><V103/><F67/><W22/><G126/><N who="0" m="48139" /><D54/><U72/><E72/><V134/><F134/><W104/><G104/><T71/><D71/><U63/><E30/><V32/><F32/><N who="0" m="12394" /><D25/><U118/><E118/><V17/><F5/><W56/><G56/><T113/><D113/><U64/><E53/><V133/><F133/><W7/><G82/><T69/><D69/><U46/><E85/><N who="0" m="32873" /><D36/><U29/><E44/><V83/><F107/><W23/><G80/><T93/><D93/><U77/><E29/><V116/><F103/><W73/><G73/><T55/><D55/><U58/><E77/><V61/><F116/><W26/><G76/><T10/><AGARI ba="0,0" hai="4,10,14,41,42" m="32873,12394,48139" machi="10" ten="40,1500,0" yaku="18,1" doraHai="110" who="0" fromWho="0" sc="230,15,190,-4,230,-7,350,-4" /><INIT seed="3,0,0,2,5,41" ten="245,186,223,346" oya="3" hai0="3,51,33,101,5,99,45,54,75,133,32,46,95" hai1="91,79,35,114,88,2,108,78,25,82,22,34,67" hai2="62,12,109,36,96,39,19,48,77,80,27,11,50" hai3="17,117,90,103,28,73,55,134,98,89,60,112,83"/><W110/><G112/><T86/><D75/><U69/><E114/><V13/><F109/><W0/><G117/><T128/><D128/><U37/><E2/><V43/><F36/><W102/><G0/><T135/><D86/><U126/><E108/><V56/><F27/><W70/><G28/><T118/><D118/><U123/><E123/><V121/><F121/><W14/><G103/><T57/><D5/><U119/><E119/><V68/><F68/><W59/><G70/><T132/><D3/><U10/><E10/><V7/><F96/><W47/><G47/><AGARI ba="0,0" hai="32,33,45,46,47,51,54,57,95,99,101,132,133,135" machi="47" ten="40,8000,1" yaku="20,1,52,3" doraHai="41" who="0" fromWho="3" sc="245,80,186,0,223,0,346,-80" owari="325,42.5,186,-31.4,223,-17.7,266,6.6" /></mjloggm>