<mjloggm ver="2.3"><GO type="225" lobby="0"/><UN n0="%4B%2E%32%2E%4B%2E" n1="%E3%81%A4%E3%81%A3%E3%81%B1%E3%82%8A%E3%83%9D%E3%83%BC%E3%83%AB" n2="%44%2E%65%61%67%6C%65" n3="%E7%B4%94%E6%BD%94%E3%83%94%E3%83%A9%E3%83%8B%E3%82%A2" dan="16,16,16,16" rate="2149.15,2116.44,2186.97,2115.48" sx="M,M,M,M"/><TAIKYOKU oya="0"/><INIT seed="0,0,0,4,2,41" ten="250,250,250,250" oya="0" hai0="47,58,16,130,33,45,71,115,111,98,124,65,48" hai1="118,132,64,50,55,6,38,59,73,135,96,66,67" hai2="103,0,27,14,4,122,128,23,79,97,60,93,22" hai3="134,43,54,86,31,62,107,26,2,133,21,63,35"/><T89/><D115/><U83/><E6/><V49/><F122/><W24/><G107/><T75/><D75/><U80/><E118/><V8/><F128/><W28/><G2/><T114/><D114/><U12/><E38/><V76/><F0/><W39/><G86/><T32/><D71/><U106/><E12/><V84/><F23/><W20/><G35/><T81/><D130/><U19/><E19/><V88/><F60/><W68/><G54/><T29/><D124/><U110/><E110/><V105/><REACH who="2" step="1"/><F49/><REACH who="2" ten="250,250,240,250" step="2"/><W13/><G62/><N who="0" m="38103" /><D48/><U92/><E106/><V53/><F53/><W36/><G63/><T7/><D33/><U44/><E135/><V37/><F37/><W102/><G36/><T5/><D32/><U9/><E132/><V117/><F117/><W17/><G133/><T127/><D111/><U90/><E9/><V112/><F112/><W95/><G134/><T1/><D1/><U51/><REACH who="1" step="1"/><E73/><REACH who="1" ten="250,240,240,250" step="2"/><V74/><F74/><W11/><G39/><T82/><D127/><U3/><E3/><V25/><F25/><W85/><G24/><T56/><D29/><AGARI ba="0,2" hai="4,8,14,22,27,29,76,79,84,88,93,97,103,105" machi="29" ten="30,3900,0" yaku="1,1,7,1,54,1,53,0" doraHai="41" doraHaiUra="109" who="2" fromWho="0" sc="250,-39,240,0,240,59,250,0" /><INIT seed="1,0,0,0,4,59" ten="211,240,299,250" oya="1" hai0="71,4,42,113,19,12,131,75,26,21,114,14,102" hai1="135,79,119,34,108,17,81,53,99,40,86,49,27" hai2="93,64,3,35,128,73,18,52,8,1,125,44,124" hai3="106,107,76,22,31,133,104,103,16,116,85,110,122"/><U54/><E119/><V121/><F121/><W11/><G122/><T33/><D75/><U70/><E70/><V57/><F35/><W67/><G116/><T90/><D102/><U68/><E68/><V111/><F73/><W91/><G110/><T126/><D71/><U77/><E108/><V115/><F111/><W83/><G133/><T28/><D42/><U129/><E135/><V66/><F44/><W92/><G67/><T55/><D90/><U118/><E118/><V60/><F128/><W72/><G31/><T15/><D55/><N who="1" m="21003" /><E34/><V0/><F93/><W134/><G11/><N who="0" m="4199" /><D131/><U61/><E99/><V24/><F115/><N who="0" m="44042" /><D126/><N who="2" m="48746" /><F8/><W20/><G20/><AGARI ba="0,0" hai="0,1,3,18,20,24,52,57,60,64,66" m="48746" machi="20" ten="40,5200,0" yaku="18,1,52,1,54,1" doraHai="59" who="2" fromWho="3" sc="211,0,240,0,299,52,250,-52" /><INIT seed="2,0,0,4,1,45" ten="211,240,351,198" oya="2" hai0="99,53,62,14,68,23,105,4,13,87,8,103,52" hai1="40,43,74,65,51,107,18,111,6,28,63,66,110" hai2="97,135,33,38,95,3,55,72,77,57,20,44,106" hai3="98,22,76,116,19,10,101,46,100,59,1,5,125"/><V24/><F3/><W81/><G125/><T124/><D124/><U91/><E107/><V123/><F33/><W113/><G113/><T94/><D68/><U109/><E74/><V71/><F135/><W92/><G116/><T26/><D62/><U25/><E6/><V89/><F123/><W131/><G131/><T126/><D126/><U78/><E78/><V118/><F118/><W69/><G69/><T84/><D14/><U129/><E129/><V31/><F106/><W50/><G59/><T102/><D102/><U86/><E18/><V11/><F71/><W30/><G30/><T21/><D21/><N who="1" m="15407" /><E51/><V130/><F130/><W75/><G92/><T79/><D105/><U39/><E39/><V133/><F133/><W122/><G98/><T96/><D96/><U80/><E63/><V90/><F11/><W64/><G64/><AGARI ba="0,0" hai="40,43,64,65,66,80,86,91,109,110,111" m="15407" machi="64" ten="30,1000,0" yaku="14,1" doraHai="45" who="1" fromWho="3" sc="211,0,240,10,351,0,198,-10" /><INIT seed="3,0,0,5,1,128" ten="211,250,351,188" oya="3" hai0="98,111,127,121,37,56,18,9,39,97,8,110,59" hai1="106,50,93,77,14,46,63,26,23,109,51,76,28" hai2="116,131,114,134,95,67,73,57,30,20,88,0,24" hai3="118,132,72,64,80,66,125,86,21,81,68,101,74"/><W3/><G3/><T84/><D84/><U82/><E106/><V96/><F114/><W94/><G118/><T53/><D18/><U83/><E109/><N who="0" m="41481" /><D127/><U130/><E130/><V2/><F116/><W117/><G117/><T60/><D121/><U15/><E63/><V89/><F73/><W104/><G125/><T123/><D123/><U22/><E51/><V112/><F112/><W41/><G68/><T54/><D97/><U90/><E23/><V49/><F131/><W35/><G35/><T32/><D32/><U47/><E47/><V34/><F34/><W119/><G119/><T58/><D98/><N who="1" m="57655" /><E14/><V71/><F71/><W6/><G6/><T135/><D135/><U79/><E15/><V105/><F134/><W29/><G132/><T129/><D129/><U78/><E78/><V133/><F133/><W17/><G104/><T100/><D100/><U87/><E87/><V65/><F105/><W85/><G29/><T16/><D16/><U31/><E28/><V70/><F70/><W52/><G41/><AGARI ba="0,0" hai="22,26,31,41,46,50,76,77,79,82,83" m="57655" machi="41" ten="30,1000,0" yaku="8,1" doraHai="128" who="1" fromWho="3" sc="211,0,250,10,351,0,188,-10" owari="211,-18.9,260,6.0,351,45.1,178,-32.2" /></mjloggm>