<mjloggm ver="2.3"><GO type="225" lobby="0"/><UN n0="%E3%83%AD%E3%83%83%E3%83%86%E9%9B%80%E7%90%83" n1="%E3%83%B4%E3%83%A0%EF%BC%99%E3%81%A6" n2="%E3%81%A0%E3%81%8A" n3="%E6%80%AA%E3%81%97%E3%81%99%E3%81%8E%E3%82%8B%E3%83%81%E3%83%BC" dan="17,17,16,16" rate="2260.24,2215.31,2035.60,2153.35" sx="M,M,M,M"/><TAIKYOKU oya="0"/><INIT seed="0,0,0,1,1,64" ten="250,250,250,250" oya="0" hai0="56,91,16,90,86,101,76,40,129,68,81,124,63" hai1="121,114,66,106,69,53,104,85,97,6,125,80,49" hai2="78,3,111,60,130,73,71,10,120,23,21,19,133" hai3="20,62,110,7,79,135,99,46,35,92,134,13,61"/><T5/><D124/><U34/><E121/><V98/><F120/><W77/><G35/><T41/><D129/><U107/><E125/><V70/><F130/><W17/><G110/><T58/><D5/><U131/><E131/><V83/><F133/><N who="3" m="50699" /><G46/><T37/><D101/><U22/><E34/><V29/><F111/><W118/><G118/><T117/><D117/><U18/><E6/><V12/><F3/><W25/><G25/><T24/><D68/><U51/><E97/><V44/><F60/><N who="3" m="23147" /><G7/><T127/><D127/><U4/><E4/><V30/><F44/><W42/><G42/><N who="0" m="16491" /><D37/><U55/><E114/><V33/><F33/><W32/><G32/><T47/><D47/><U74/><E74/><V95/><F23/><W132/><N who="3" m="50707" /><W1/><DORA hai="119" /><G1/><T84/><D84/><U67/><E85/><V89/><REACH who="2" step="1"/><F21/><REACH who="2" ten="250,250,240,250" step="2"/><W45/><G45/><T105/><D58/><U39/><E39/><V82/><F82/><W36/><G36/><T9/><D56/><U103/><E80/><V88/><F88/><AGARI ba="0,1" hai="13,17,20,77,79,88,92,99" m="23147,50707" machi="88" ten="40,2600,0" yaku="20,1,54,1" doraHai="64,119" who="3" fromWho="2" sc="250,0,250,0,240,-26,250,36" /><INIT seed="1,0,0,0,2,129" ten="250,250,214,286" oya="1" hai0="89,106,104,56,57,29,71,50,51,69,117,2,119" hai1="11,17,99,26,44,63,61,19,37,55,40,49,62" hai2="103,6,21,54,46,134,66,3,118,73,59,116,121" hai3="7,113,27,83,123,77,130,47,67,38,65,4,111"/><U90/><E11/><V34/><F34/><W48/><G113/><T84/><D84/><U52/><E26/><V80/><F121/><W32/><G38/><T115/><D89/><U132/><E132/><V30/><F103/><W100/><G111/><T120/><D29/><U16/><E37/><V42/><F66/><W70/><G100/><T135/><D2/><U14/><E14/><V9/><F21/><W101/><G101/><T86/><D86/><U124/><E124/><V28/><F28/><W5/><G130/><T79/><D79/><U68/><E68/><V91/><F30/><W94/><G70/><T33/><D33/><U108/><E108/><V20/><F20/><W15/><G94/><AGARI ba="0,0" hai="16,17,19,40,44,49,52,55,61,62,63,90,94,99" machi="94" ten="40,7700,0" yaku="8,1,54,2" doraHai="129" who="1" fromWho="3" sc="250,0,250,77,214,0,286,-77" /><INIT seed="1,1,0,4,3,44" ten="250,327,214,209" oya="1" hai0="112,35,114,94,53,132,90,128,3,130,21,34,38" hai1="74,98,77,121,24,62,50,27,108,118,124,4,40" hai2="109,86,100,104,101,69,67,59,103,41,65,125,99" hai3="127,28,7,133,37,36,33,14,2,17,79,68,32"/><U31/><E118/><V56/><F69/><W135/><G68/><T129/><D132/><N who="3" m="50761" /><G79/><T116/><D116/><U66/><E121/><V61/><F109/><W6/><G127/><T18/><D3/><U113/><E113/><N who="0" m="43625" /><D38/><N who="3" m="14953" /><G2/><T91/><D53/><U89/><E124/><V55/><F125/><W102/><G102/><T0/><D0/><U119/><E4/><N who="3" m="1578" /><G28/><T111/><D111/><U43/><E77/><V115/><F103/><W10/><AGARI ba="1,0" hai="10,14,17,32,33" m="1578,14953,50761" machi="10" ten="40,1500,0" yaku="20,1" doraHai="44" who="3" fromWho="3" sc="250,-5,327,-8,214,-5,209,18" /><INIT seed="2,0,0,4,2,133" ten="245,319,209,227" oya="2" hai0="58,2,15,8,83,97,25,128,7,14,52,65,21" hai1="37,12,101,73,111,92,33,3,68,19,10,59,130" hai2="26,70,17,87,81,112,39,78,51,40,64,125,120" hai3="36,18,75,34,35,0,29,45,91,117,123,109,100"/><V118/><F112/><W105/><G117/><T67/><D128/><U28/><E68/><V5/><F118/><W61/><G123/><T24/><D2/><U16/><E37/><V86/><F39/><W99/><G75/><T102/><D83/><U42/><E73/><V84/><F120/><W77/><G77/><T13/><D67/><U132/><E42/><V47/><F5/><W135/><G0/><T119/><D65/><U107/><E107/><V22/><REACH who="2" step="1"/><F125/><REACH who="2" ten="245,319,199,227" step="2"/><W116/><G116/><T131/><D119/><U23/><E130/><V89/><F89/><W49/><G36/><T76/><D131/><U106/><E132/><V122/><F122/><W41/><G135/><T124/><D124/><U27/><E101/><V11/><F11/><W104/><G91/><T62/><D76/><U93/><E10/><V79/><F79/><W127/><G127/><T57/><D8/><U98/><E3/><V103/><F103/><W72/><G100/><T85/><D7/><U82/><E111/><V1/><F1/><W108/><G109/><T53/><D102/><U80/><E106/><V69/><F69/><W66/><G108/><T50/><D21/><U96/><E23/><V6/><F6/><W9/><G104/><T4/><D4/><U110/><E110/><V32/><F32/><W88/><G105/><T121/><D121/><U31/><E33/><V60/><AGARI ba="0,1" hai="17,22,26,40,47,51,60,64,70,78,81,84,86,87" machi="60" ten="30,3000,0" yaku="1,1,0,1,53,0" doraHai="133" doraHaiUra="30" who="2" fromWho="2" sc="245,-10,319,-10,199,40,227,-10" /><INIT seed="2,1,0,3,3,93" ten="235,309,239,217" oya="2" hai0="103,57,100,130,43,47,22,4,55,48,30,68,9" hai1="53,112,74,21,5,106,127,111,113,87,71,23,63" hai2="123,97,70,83,94,67,80,29,60,19,134,115,14" hai3="135,11,120,101,28,90,119,61,13,82,24,10,33"/><V45/><F115/><W17/><G119/><T116/><D130/><U20/><E74/><V69/><F134/><W92/><G135/><T2/><D68/><U128/><E106/><V114/><F123/><W77/><G120/><T35/><D35/><U27/><E5/><V56/><F114/><W39/><G39/><T44/><D116/><U36/><E36/><V26/><F45/><W79/><G101/><T102/><REACH who="0" step="1"/><D43/><REACH who="0" ten="225,309,239,217" step="2"/><U109/><E112/><V104/><F70/><W16/><G61/><T85/><D85/><U84/><E113/><V78/><F69/><W88/><G82/><T125/><D125/><U124/><E71/><V31/><F83/><W73/><G73/><T99/><D99/><U107/><E128/><V1/><F97/><W18/><G11/><T133/><D133/><U62/><E87/><V131/><F80/><W117/><G117/><T34/><D34/><U110/><E127/><V0/><F131/><W129/><G129/><T51/><D51/><U86/><E86/><V89/><F60/><W59/><G79/><T38/><D38/><U6/><E62/><V121/><F78/><W95/><G77/><T52/><D52/><U91/><E124/><V98/><F98/><W54/><G90/><T105/><D105/><U12/><E107/><V50/><F104/><W64/><G88/><T25/><AGARI ba="1,1" hai="2,4,9,22,25,30,44,47,48,55,57,100,102,103" machi="25" ten="30,2000,0" yaku="1,1,0,1,53,0" doraHai="93" doraHaiUra="122" who="0" fromWho="0" sc="225,33,309,-6,239,-11,217,-6" /><INIT seed="3,0,0,5,2,18" ten="258,303,228,211" oya="3" hai0="37,50,35,66,129,2,95,14,57,81,43,51,99" hai1="48,36,85,117,113,102,120,8,69,39,116,60,92" hai2="132,118,96,93,23,80,54,119,1,0,106,15,77" hai3="73,46,40,61,29,30,33,121,22,59,58,19,53"/><W83/><G121/><T21/><D35/><U62/><E120/><V111/><F106/><W89/><G33/><T55/><D2/><U27/><E113/><V52/><F111/><W20/><G73/><T84/><D37/><N who="1" m="14411" /><E69/><V87/><F132/><W114/><G114/><T74/><D129/><U124/><E124/><V47/><F0/><W28/><G19/><N who="0" m="10487" /><D66/><U17/><E48/><V97/><F1/><W122/><G122/><T5/><D5/><U16/><E17/><V123/><F123/><W112/><G112/><T13/><D13/><N who="1" m="7207" /><E27/><V76/><F76/><W78/><G59/><T56/><D74/><U44/><E44/><V101/><F97/><W10/><G10/><T38/><D38/><U128/><E128/><V31/><F118/><N who="1" m="45673" /><E85/><V82/><F119/><W64/><G64/><T79/><D43/><U26/><E26/><V3/><F87/><N who="3" m="50431" /><G78/><T32/><D32/><U63/><E60/><V107/><F77/><W7/><G7/><T108/><D108/><U91/><E91/><V70/><F70/><W98/><G98/><AGARI ba="0,0" hai="62,63,92,98,102" m="45673,7207,14411" machi="98" ten="30,2000,0" yaku="12,1,54,1" doraHai="18" who="1" fromWho="3" sc="258,0,303,20,228,0,211,-20" owari="258,5.8,323,42.3,228,-17.2,191,-30.9" /></mjloggm>