<mjloggm ver="2.3"><GO type="225" lobby="0"/><UN n0="%E3%81%A9%E3%82%8F%E3%82%93%E3%81%94" n1="%E3%81%B5%E3%81%98%E3%81%8B%E3%81%A4" n2="%E3%82%A2%E3%82%A4%E3%82%B9%E3%83%86%E3%82%A3%E3%83%BC%E3%81%82%E3%81%B9" n3="%72%61%6B%33" dan="16,16,16,16" rate="2050.33,2107.63,2089.06,2069.43" sx="M,M,M,M"/><TAIKYOKU oya="0"/><INIT seed="0,0,0,5,3,82" ten="250,250,250,250" oya="0" hai0="72,130,76,21,34,128,63,109,107,54,43,80,93" hai1="73,28,88,114,125,5,66,112,47,38,121,96,116" hai2="32,48,99,102,40,78,25,10,92,33,126,27,100" hai3="16,85,124,74,20,19,23,134,57,70,35,31,77"/><T95/><D34/><U98/><E121/><V8/><F126/><W15/><G70/><T84/><D43/><U7/><E116/><V68/><F68/><W120/><G124/><T51/><D63/><U87/><E73/><V118/><F78/><W30/><G120/><T41/><D41/><N who="1" m="22967" /><E28/><V49/><F40/><W53/><G74/><T44/><D107/><U71/><E66/><V17/><F17/><W131/><G131/><N who="0" m="50219" /><D72/><U13/><E71/><V79/><F79/><W55/><G134/><T117/><D117/><U0/><E125/><V119/><F92/><N who="0" m="35402" /><D21/><U135/><E135/><V91/><REACH who="2" step="1"/><F91/><REACH who="2" ten="250,250,240,250" step="2"/><W58/><G77/><T69/><D69/><U37/><E37/><V52/><F52/><W24/><G55/><T2/><D109/><U65/><E65/><V67/><F67/><W64/><G64/><T29/><D29/><U36/><E36/><V86/><F86/><W62/><G35/><T18/><D18/><U103/><E5/><V83/><F83/><W4/><G85/><T60/><D60/><U101/><E7/><V132/><F132/><W133/><G133/><T11/><D11/><U42/><E42/><V59/><F59/><W94/><G94/><T56/><D56/><U50/><E87/><V108/><F108/><W123/><G123/><T6/><D6/><U115/><E88/><V45/><F45/><W129/><G129/><T113/><D113/><U39/><E115/><V22/><F22/><W75/><G75/><T1/><AGARI ba="0,1" hai="1,2,44,51,54,76,80,84" m="35402,50219" machi="1" ten="30,3000,0" yaku="19,1,52,1" doraHai="82" who="0" fromWho="0" sc="250,40,250,-10,240,-10,250,-10" /><INIT seed="0,1,0,0,5,93" ten="290,240,230,240" oya="0" hai0="64,116,113,76,60,122,124,63,22,53,95,45,54" hai1="135,133,7,32,84,109,73,23,78,14,31,0,92" hai2="81,72,105,33,52,88,50,126,127,27,38,86,11" hai3="17,89,15,26,131,119,96,61,80,21,67,34,3"/><T13/><D122/><U102/><E73/><V9/><F38/><W5/><G119/><T128/><D116/><U58/><E78/><V108/><F105/><W29/><G131/><T97/><D128/><U111/><E58/><V79/><F108/><N who="1" m="41545" /><E84/><V51/><F51/><W18/><G18/><N who="0" m="10575" /><D124/><N who="2" m="47658" /><F27/><W10/><G80/><T70/><D70/><U59/><E59/><N who="2" m="33175" /><F33/><W104/><G89/><T69/><D69/><U6/><E102/><V12/><F12/><W99/><G104/><T87/><D64/><U39/><E92/><AGARI ba="1,0" hai="9,11,72,79,81,86,88,92" m="33175,47658" machi="92" ten="30,3900,0" yaku="18,1,54,2" doraHai="93" who="2" fromWho="1" sc="290,0,240,-42,230,42,240,0" /><INIT seed="1,0,0,4,4,66" ten="290,198,272,240" oya="1" hai0="15,16,104,126,21,107,101,88,105,31,131,50,72" hai1="100,127,23,12,118,25,87,69,26,44,47,7,34" hai2="38,58,46,114,41,89,92,43,94,0,10,48,124" hai3="111,30,74,5,40,112,97,70,128,55,113,109,63"/><U59/><E118/><V81/><F124/><W64/><G74/><T84/><D72/><U110/><E100/><V37/><F114/><W57/><G5/><T1/><D126/><U77/><E127/><V17/><F81/><W123/><G30/><T75/><D75/><U120/><E120/><V45/><F94/><W56/><G97/><T32/><D1/><U121/><E121/><V79/><F79/><W73/><G73/><T51/><D101/><U93/><E34/><V61/><F48/><W11/><G11/><T134/><D134/><U82/><E69/><V4/><F17/><W24/><G24/><T52/><D131/><U83/><E110/><N who="3" m="41994" /><G123/><T8/><D32/><U91/><E59/><N who="3" m="22602" /><G128/><T19/><D31/><N who="1" m="17855" /><E26/><V18/><F18/><W33/><G33/><T53/><D19/><U96/><E83/><V95/><REACH who="2" step="1"/><F89/><REACH who="2" ten="290,198,262,240" step="2"/><W80/><G80/><N who="0" m="49159" /><D107/><U78/><E78/><V132/><F132/><W116/><G116/><T122/><D105/><U35/><E35/><V85/><F85/><W39/><G55/><AGARI ba="0,1" hai="0,4,10,37,38,41,43,45,46,55,58,61,92,95" machi="55" ten="30,3900,0" yaku="1,1,7,1,9,1,53,0" doraHai="66" doraHaiUra="76" who="2" fromWho="3" sc="290,0,198,0,262,49,240,-39" /><INIT seed="2,0,0,1,2,75" ten="290,198,311,201" oya="2" hai0="100,17,101,83,129,33,72,119,51,21,124,44,116" hai1="133,22,94,107,2,52,36,34,73,38,115,56,117" hai2="86,95,9,7,63,102,108,26,98,25,29,114,79" hai3="31,47,53,30,90,65,93,103,4,67,11,88,109"/><V12/><F114/><W37/><G109/><T43/><D33/><U71/><RYUUKYOKU type="yao9" ba="0,0" sc="290,0,198,0,311,0,201,0" hai1="2,22,34,36,38,52,56,71,73,94,107,115,117,133" /><INIT seed="2,1,0,2,3,2" ten="290,198,311,201" oya="2" hai0="52,71,110,42,83,38,67,107,104,69,57,47,13" hai1="31,130,50,49,113,11,120,68,93,37,134,0,9" hai2="56,18,76,108,127,24,74,48,89,4,82,115,78" hai3="30,64,17,53,85,44,79,26,98,14,58,46,116"/><V109/><F115/><W66/><G116/><T45/><D110/><N who="2" m="42602" /><F127/><W32/><G98/><T106/><D67/><U16/><E113/><V40/><F74/><W22/><G66/><T61/><D47/><U81/><E37/><V60/><F4/><W86/><G64/><T62/><D62/><U117/><E117/><V35/><F60/><W33/><G33/><T105/><D105/><U124/><E68/><V119/><F119/><W103/><G103/><T133/><D133/><U55/><E124/><V126/><F126/><W135/><G135/><T123/><D123/><U1/><E134/><V73/><F73/><W15/><G15/><T77/><REACH who="0" step="1"/><D13/><REACH who="0" ten="280,198,311,201" step="2"/><U34/><E120/><V65/><F65/><W118/><G118/><T95/><D95/><U28/><E93/><V27/><F56/><W88/><G79/><T70/><D70/><U121/><E121/><V3/><F78/><W21/><G32/><T59/><D59/><U29/><E34/><V94/><F35/><W36/><G36/><T10/><D10/><U128/><E9/><V112/><F76/><W97/><G46/><T96/><D96/><U129/><E81/><V75/><F82/><W25/><G44/><T99/><D99/><U43/><E50/><V19/><F48/><N who="3" m="31015" /><G14/><T91/><D91/><U131/><E131/><V92/><F3/><W20/><G20/><T101/><D101/><U51/><E1/><V63/><F89/><W7/><G97/><T111/><D111/><U6/><E49/><V5/><F112/><W125/><G125/><T8/><D8/><U39/><E39/><V132/><F132/><RYUUKYOKU ba="1,1" sc="280,30,198,-10,311,-10,201,-10" hai0="38,42,45,52,57,61,69,71,77,83,104,106,107" /><INIT seed="3,2,1,0,5,127" ten="310,188,301,191" oya="3" hai0="129,110,109,95,35,121,25,48,70,44,3,83,80" hai1="50,92,40,32,77,78,49,9,13,37,63,122,28" hai2="55,105,71,11,41,36,108,120,47,30,123,43,14" hai3="91,51,89,33,82,39,68,130,98,75,69,5,124"/><W74/><G39/><T86/><D129/><U99/><E32/><V64/><F105/><W100/><G124/><T45/><D3/><U93/><E37/><V19/><F108/><N who="0" m="41578" /><D70/><U101/><E122/><N who="2" m="46635" /><F30/><W94/><G33/><T8/><D121/><U84/><E28/><V88/><F88/><W24/><G130/><T115/><D115/><U67/><E40/><N who="2" m="22919" /><F55/><W59/><G68/><T27/><D8/><U134/><E134/><V72/><F72/><W56/><G74/><T42/><D45/><U16/><E78/><V2/><F2/><W23/><G69/><T76/><D35/><U65/><E65/><V87/><F87/><W107/><G75/><N who="0" m="43039" /><D95/><U79/><E79/><AGARI ba="2,1" hai="25,27,42,44,48,79,83,86" m="43039,41578" machi="79" ten="30,1000,0" yaku="14,1" doraHai="127" who="0" fromWho="1" sc="310,26,188,-16,301,0,191,0" owari="336,43.6,172,-32.8,301,10.1,191,-20.9" /></mjloggm>