<mjloggm ver="2.3"><GO type="225" lobby="0"/><UN n0="%E3%82%BC%E3%83%AB%E3%83%80%E3%81%AE%E4%BC%9D%E8%AA%AC" n1="%E3%81%AA%E3%82%81%E3%81%93%E9%9B%80%E5%A3%AB" n2="%E7%99%BD%E6%97%A5%E9%9B%AA%E8%8F%9C" n3="%E3%81%BE%E3%81%8B%E3%81%B7%E3%82%93" dan="18,16,17,16" rate="2207.99,2093.77,2185.68,2074.77" sx="M,M,M,M"/><TAIKYOKU oya="0"/><INIT seed="0,0,0,3,5,61" ten="250,250,250,250" oya="0" hai0="123,90,24,2,42,59,103,21,10,73,133,104,128" hai1="37,55,33,105,41,112,98,20,19,134,35,1,52" hai2="39,77,26,4,126,68,131,129,63,125,127,115,116" hai3="80,86,111,88,69,72,53,64,74,60,76,120,16"/><T12/><D123/><U51/><E1/><V119/><F77/><W108/><G120/><T6/><D73/><U5/><E5/><V29/><F115/><W8/><G53/><T25/><D42/><U67/><E41/><V114/><F114/><W91/><G91/><T3/><D90/><U130/><E55/><V11/><F39/><W38/><G38/><T85/><D85/><U45/><E134/><V34/><F63/><W96/><G96/><T81/><D81/><U100/><E37/><V13/><REACH who="2" step="1"/><F68/><REACH who="2" ten="250,250,240,250" step="2"/><W57/><G69/><T75/><D133/><U83/><E112/><V56/><F56/><W65/><G76/><T9/><D59/><U14/><E130/><AGARI ba="0,1" hai="4,11,13,26,29,34,116,119,125,126,127,129,130,131" machi="130" ten="50,12000,2" yaku="1,1,18,1,19,1,34,3,53,0" doraHai="61" doraHaiUra="62" who="2" fromWho="1" sc="250,0,250,-120,240,130,250,0" /><INIT seed="1,0,0,0,3,40" ten="250,130,370,250" oya="1" hai0="30,54,108,119,24,44,16,43,46,82,23,34,93" hai1="87,116,36,132,117,120,128,28,76,92,64,61,57" hai2="67,85,122,134,51,111,12,110,14,58,32,63,31" hai3="121,109,127,101,98,65,91,96,103,125,21,124,6"/><U1/><E120/><V77/><F122/><W133/><G6/><T19/><D119/><U80/><E1/><V20/><F134/><W42/><G21/><T97/><D108/><N who="2" m="41514" /><F32/><W10/><G109/><T7/><D7/><U8/><E132/><V4/><F4/><W69/><G10/><T95/><D82/><U50/><E36/><V75/><F75/><W29/><G29/><T55/><D93/><U37/><E37/><V70/><F85/><W129/><G133/><T73/><D73/><U0/><E128/><V52/><F77/><W18/><G18/><N who="0" m="6699" /><D34/><U100/><E8/><V130/><F130/><W72/><G129/><T135/><D135/><U78/><E0/><V56/><F70/><W3/><G3/><T48/><D46/><U94/><E78/><V33/><F33/><W114/><G121/><T86/><D86/><U59/><E28/><V123/><F123/><W25/><G25/><AGARI ba="0,0" hai="12,14,20,25,31,51,52,56,58,63,67" m="41514" machi="25" ten="30,2000,0" yaku="14,1,54,1" doraHai="40" who="2" fromWho="3" sc="250,0,130,0,370,20,250,-20" /><INIT seed="2,0,0,4,0,24" ten="250,130,390,230" oya="2" hai0="102,100,16,81,44,129,51,94,56,91,74,65,18" hai1="77,84,132,119,28,25,0,48,11,58,95,23,71" hai2="118,79,43,108,35,86,54,42,93,57,10,59,72" hai3="26,41,15,105,17,78,128,30,39,19,121,115,55"/><V27/><F118/><W53/><G105/><T114/><D114/><U36/><E119/><V33/><F72/><W45/><G121/><T122/><D122/><U38/><E71/><V46/><F42/><W64/><G128/><T20/><D129/><U116/><E132/><V49/><F10/><W31/><G115/><T29/><D74/><U125/><E125/><V111/><F59/><W76/><G64/><T110/><D110/><N who="2" m="42026" /><F27/><W126/><G126/><T6/><D6/><U120/><E120/><V109/><F109/><W80/><G19/><T8/><D29/><U101/><E116/><V63/><F93/><W67/><G67/><T106/><D81/><AGARI ba="0,0" hai="33,35,43,46,49,54,57,63,79,81,86" m="42026" machi="81" ten="30,2900,0" yaku="14,1,10,1" doraHai="24" who="2" fromWho="0" sc="250,-29,130,0,390,29,230,0" /><INIT seed="2,1,0,1,0,121" ten="221,130,419,230" oya="2" hai0="58,23,69,95,18,34,5,75,51,117,48,109,70" hai1="43,115,120,25,9,111,12,131,92,21,85,55,14" hai2="10,129,91,118,73,32,102,86,56,132,6,122,13" hai3="128,133,59,97,45,106,81,87,78,80,96,84,89"/><V30/><F73/><W61/><G45/><T49/><D34/><U107/><E107/><V31/><F118/><W74/><G59/><T35/><D35/><U20/><E115/><V88/><F102/><N who="3" m="62791" /><G61/><T130/><D75/><U52/><E120/><V113/><F32/><W36/><G36/><T33/><D33/><U16/><E131/><V3/><F3/><W29/><G29/><T76/><D130/><U60/><E43/><V100/><F31/><W66/><G66/><T105/><D105/><U125/><E125/><V26/><F30/><W67/><G67/><T134/><D117/><U24/><E111/><V8/><F129/><W15/><G15/><T99/><D109/><U68/><E68/><V83/><F13/><W116/><G128/><T27/><D76/><U44/><E44/><V1/><F1/><W50/><G50/><T57/><D5/><U54/><E60/><V93/><F26/><W112/><G116/><T63/><D134/><U126/><E126/><V38/><F132/><W110/><G133/><T22/><D22/><U123/><E123/><V19/><F38/><W135/><G135/><T101/><REACH who="0" step="1"/><D57/><REACH who="0" ten="211,130,419,230" step="2"/><U108/><E108/><V40/><F56/><W37/><G110/><T124/><D124/><U64/><E64/><AGARI ba="1,1" hai="18,23,27,48,49,51,58,63,64,69,70,95,99,101" machi="64" ten="40,2600,0" yaku="1,1,53,1" doraHai="121" doraHaiUra="98" who="0" fromWho="1" sc="211,39,130,-29,419,0,230,0" /><INIT seed="3,0,0,5,2,31" ten="250,101,419,230" oya="3" hai0="21,135,130,89,100,8,93,74,62,24,6,9,37" hai1="17,67,27,108,79,97,72,71,128,118,127,54,65" hai2="7,77,1,40,115,35,81,80,36,12,63,76,126" hai3="34,3,82,26,50,47,60,112,124,86,19,41,96"/><W110/><G112/><T59/><D74/><U42/><E97/><V69/><F12/><W68/><G3/><T18/><D37/><U114/><E27/><V85/><F35/><W131/><G131/><T134/><D100/><U64/><E17/><V15/><F15/><W13/><G124/><T57/><D130/><U87/><E87/><V29/><F29/><W122/><G122/><T125/><D125/><U121/><E79/><V4/><F1/><W111/><G96/><N who="0" m="57391" /><D59/><U20/><E20/><V61/><F61/><W73/><G73/><T22/><D22/><U48/><E72/><V43/><F43/><W23/><G60/><T116/><D116/><U90/><E90/><V28/><F63/><W70/><G70/><T99/><D99/><U129/><E127/><V98/><F69/><W119/><G68/><T103/><D103/><U66/><N who="1" m="16384" /><DORA hai="49" /><U58/><E114/><V46/><F98/><W109/><G119/><T56/><D56/><U78/><E118/><V101/><F28/><W33/><G26/><T45/><D45/><N who="1" m="25655" /><E71/><V0/><F76/><AGARI ba="0,0" hai="13,19,23,33,34,41,47,50,76,82,86,109,110,111" machi="76" ten="40,12000,1" yaku="14,1,10,1,52,2" doraHai="31,49" who="3" fromWho="2" sc="250,0,101,0,419,-120,230,120" owari="250,-15.0,101,-39.9,299,9.9,350,45.0" /></mjloggm>