<mjloggm ver="2.3"><GO type="225" lobby="0"/><UN n0="%E9%97%98%E5%B0%86%E3%81%A0%E3%82%93%E3%81%A7%E3%81%83" n1="%E3%81%8D%E3%82%85%E3%81%86" n2="%E3%81%B5%E3%81%98%E3%81%8B%E3%81%A4" n3="%E5%A4%9C%E3%81%AE%E3%82%AC%E3%82%B9%E3%83%91%E3%83%BC%E3%83%AB" dan="16,16,16,16" rate="2140.91,2073.97,2149.56,2119.70" sx="M,M,M,M"/><TAIKYOKU oya="0"/><INIT seed="0,0,0,5,4,65" ten="250,250,250,250" oya="0" hai0="101,120,106,88,74,76,70,111,86,24,18,14,104" hai1="127,51,53,79,94,45,132,30,134,26,95,124,27" hai2="21,69,22,44,48,31,9,80,123,35,92,20,107" hai3="113,84,68,36,87,4,82,8,93,63,121,33,55"/><T15/><D120/><U83/><E95/><V85/><F123/><W13/><G121/><T97/><D104/><U135/><E94/><V60/><F107/><W49/><G113/><T73/><D70/><U116/><E116/><V72/><F72/><W66/><G36/><T57/><D76/><U54/><E54/><V78/><F92/><W105/><G105/><T125/><D15/><U64/><E64/><V46/><F9/><W56/><G33/><T77/><D77/><U62/><E62/><V43/><F46/><W39/><G82/><T100/><D100/><U16/><E16/><V41/><F41/><W122/><G122/><T3/><D3/><U109/><E109/><V96/><F96/><W108/><G108/><T130/><D111/><U110/><E110/><V131/><F131/><W7/><G7/><T50/><D24/><U40/><E40/><V25/><REACH who="2" step="1"/><F21/><REACH who="2" ten="250,250,240,250" step="2"/><W91/><G39/><T117/><D130/><U52/><E135/><V75/><F75/><W102/><G102/><T112/><D74/><U38/><E134/><V28/><F28/><W61/><REACH who="3" step="1"/><G87/><REACH who="3" ten="250,250,240,240" step="2"/><T115/><D73/><U23/><E132/><V58/><F58/><W19/><G19/><T133/><D133/><U59/><E59/><V32/><F32/><W71/><G71/><T34/><D34/><U29/><E83/><V37/><F37/><W89/><G89/><T129/><D129/><U118/><E38/><V98/><F98/><W6/><G6/><T119/><D106/><U1/><E79/><V103/><F103/><W2/><G2/><T11/><D101/><U114/><E1/><RYUUKYOKU ba="0,2" sc="250,-15,250,-15,240,15,240,15" hai2="20,22,25,31,35,43,44,48,60,69,78,80,85" hai3="4,8,13,49,55,56,61,63,66,68,84,91,93" /><INIT seed="1,1,2,4,2,27" ten="235,235,255,255" oya="1" hai0="105,9,33,88,22,51,115,3,135,101,128,84,23" hai1="30,107,14,94,4,34,112,85,42,70,69,45,119" hai2="8,123,121,82,59,104,40,77,75,109,127,55,11" hai3="71,6,122,72,24,120,66,5,32,81,29,16,130"/><U0/><E107/><V67/><F127/><W92/><G130/><T99/><D115/><U111/><E112/><V46/><F104/><W50/><G50/><T2/><D128/><U65/><E119/><V86/><F109/><W20/><G72/><T25/><D135/><U80/><E0/><V124/><F124/><W38/><G38/><T12/><D33/><U100/><E65/><V90/><F67/><W113/><G113/><T57/><D23/><U76/><E111/><V118/><F118/><W102/><G81/><T39/><D39/><U97/><E34/><V110/><F110/><W108/><G108/><T61/><D51/><U10/><REACH who="1" step="1"/><E30/><REACH who="1" ten="235,225,255,255" step="2"/><V41/><F123/><W58/><G66/><T74/><D3/><U126/><E126/><V96/><F121/><W117/><G117/><T43/><D2/><U7/><E7/><V98/><F8/><W48/><G6/><T49/><D9/><U37/><AGARI ba="1,3" hai="4,10,14,37,42,45,69,70,76,80,85,94,97,100" machi="37" ten="20,3900,0" yaku="1,1,0,1,7,1,53,0" doraHai="27" doraHaiUra="18" who="1" fromWho="1" sc="235,-14,225,72,255,-14,255,-14" /><INIT seed="1,2,0,1,0,50" ten="221,297,241,241" oya="1" hai0="130,62,20,111,109,128,117,81,21,29,86,58,97" hai1="89,40,4,135,113,120,5,49,116,15,119,10,76" hai2="47,131,33,72,28,1,11,105,61,70,112,53,132" hai3="22,98,48,93,3,127,71,36,44,107,77,85,118"/><U83/><E113/><V91/><F112/><W37/><G71/><T65/><D117/><U55/><E120/><V60/><F132/><W87/><G3/><T115/><D115/><U0/><E40/><V6/><F131/><N who="0" m="50218" /><D97/><U27/><E135/><V102/><F72/><W43/><G107/><T35/><D35/><U2/><E89/><V124/><F124/><W31/><G127/><T133/><D133/><U123/><E123/><V122/><F122/><W56/><G118/><T108/><D29/><U80/><E80/><V51/><F91/><AGARI ba="2,0" hai="20,21,58,62,65,81,86,91,108,109,111" m="50218" machi="91" ten="40,2600,0" yaku="14,1,19,1" doraHai="50" who="0" fromWho="2" sc="221,32,297,0,241,-32,241,0" /><INIT seed="2,0,0,5,4,30" ten="253,297,209,241" oya="2" hai0="27,134,11,1,12,50,53,51,87,47,32,114,17" hai1="75,16,118,33,110,31,4,74,26,77,15,65,48" hai2="130,98,94,69,46,126,52,104,100,41,56,96,54" hai3="45,93,85,3,81,119,115,9,83,89,7,10,24"/><V44/><F126/><W20/><G119/><T92/><D114/><U21/><E118/><V0/><F0/><W76/><G115/><T123/><D123/><U59/><E110/><V79/><F130/><W8/><G45/><T49/><D134/><U109/><E109/><V55/><F69/><W43/><G43/><T95/><D1/><U60/><E77/><V116/><F116/><W22/><G83/><T121/><D121/><U70/><E4/><V61/><F79/><W13/><G3/><T78/><D95/><U64/><E64/><V18/><F18/><W39/><G39/><T99/><D32/><U72/><REACH who="1" step="1"/><E48/><REACH who="1" ten="253,287,209,241" step="2"/><V105/><F46/><W71/><G7/><T66/><D66/><U125/><E125/><V82/><F82/><W86/><G76/><T91/><D78/><U38/><E38/><V120/><F120/><W84/><G81/><T67/><D67/><U132/><E132/><V103/><REACH who="2" step="1"/><F94/><REACH who="2" ten="253,287,199,241" step="2"/><W68/><G93/><T2/><D47/><U5/><E5/><V112/><F112/><W124/><G124/><T62/><D92/><U25/><E25/><V90/><F90/><W23/><G89/><T106/><D27/><U42/><E42/><V133/><F133/><W122/><G122/><T102/><D91/><U6/><E6/><V127/><F127/><W101/><G24/><T36/><D2/><U73/><N who="1" m="18432" /><DORA hai="80" /><U108/><E108/><V97/><F97/><W14/><G101/><T29/><D99/><U57/><AGARI ba="0,2" hai="15,16,21,26,31,33,57,59,60,65,70" m="18432" machi="57" ten="60,8000,1" yaku="1,1,0,1,52,1,54,1,53,0" doraHai="30,80" doraHaiUra="111,117" who="1" fromWho="1" sc="253,-20,287,100,199,-40,241,-20" /><INIT seed="3,0,0,2,0,135" ten="233,387,159,221" oya="3" hai0="6,26,100,25,70,40,77,93,20,22,101,55,19" hai1="51,11,110,112,92,18,47,16,4,13,117,29,74" hai2="7,119,27,62,134,131,107,127,49,63,9,41,124" hai3="59,5,37,58,88,97,120,67,113,125,98,56,45"/><W44/><G113/><T21/><D70/><U54/><E112/><V52/><F119/><W72/><G120/><T2/><D2/><U75/><E110/><V46/><F134/><W79/><G5/><T103/><D6/><U60/><E117/><V116/><F116/><W115/><G115/><T105/><D105/><U87/><E29/><V53/><F131/><W86/><G125/><N who="2" m="48201" /><F107/><W39/><G67/><T36/><D40/><U61/><E75/><V24/><F53/><W96/><G79/><T108/><D77/><U114/><E74/><V43/><F43/><W128/><G72/><T28/><D36/><U34/><E34/><V118/><F118/><W132/><G128/><T95/><D108/><U10/><E114/><V99/><F99/><W80/><REACH who="3" step="1"/><G132/><REACH who="3" ten="233,387,159,211" step="2"/><T69/><D69/><U15/><E4/><V8/><F8/><W66/><G66/><T133/><D133/><U94/><E11/><V30/><F41/><W104/><G104/><T50/><D22/><U0/><E10/><V1/><F27/><W109/><G109/><T90/><D26/><U32/><E0/><V64/><F64/><W48/><G48/><T82/><D50/><U89/><E51/><V57/><F46/><AGARI ba="0,1" hai="37,39,44,45,46,56,58,59,80,86,88,96,97,98" machi="46" ten="40,12000,1" yaku="1,1,54,1,53,2" doraHai="135" doraHaiUra="71" who="3" fromWho="2" sc="233,0,387,0,159,-120,211,130" /><INIT seed="3,1,0,0,3,88" ten="233,387,39,341" oya="3" hai0="12,34,7,125,42,83,132,24,22,33,113,29,116" hai1="59,72,61,109,77,65,101,9,36,5,1,82,31" hai2="19,66,67,14,119,10,90,51,2,20,120,123,104" hai3="37,52,105,6,58,16,124,85,47,39,115,30,133"/><W46/><G115/><T75/><D42/><U102/><E36/><V18/><F104/><W130/><G105/><T93/><D75/><U89/><E109/><V111/><F119/><W57/><G124/><T44/><D83/><U94/><E31/><V121/><F51/><W26/><G130/><T68/><D68/><U38/><E38/><V35/><F90/><W91/><G39/><T8/><D116/><U96/><AGARI ba="1,0" hai="1,5,9,59,61,65,72,77,82,89,94,96,101,102" machi="96" ten="20,2700,0" yaku="0,1,7,1,52,1" doraHai="88" who="1" fromWho="1" sc="233,-8,387,30,39,-8,341,-14" owari="225,-17.5,417,51.7,31,-46.9,327,12.7" /></mjloggm>