<mjloggm ver="2.3"><GO type="225" lobby="0"/><UN n0="%E7%89%B9%E6%9D%B1%E3%81%AF%E4%B8%96%E7%95%8C%E3%82%92%E6%95%91%E3%81%86" n1="%43%68%65" n2="%72%69%6F%75%63%68%61%6E" n3="%E5%86%B7%E5%87%8D%E3%82%AE%E3%83%A7%E3%83%BC%E3%82%B6" dan="16,16,17,16" rate="2136.02,2170.96,2256.78,2134.83" sx="M,M,M,M"/><TAIKYOKU oya="0"/><INIT seed="0,0,0,5,1,8" ten="250,250,250,250" oya="0" hai0="77,38,121,14,34,53,49,122,19,94,15,103,10" hai1="112,68,5,75,62,108,70,57,42,101,124,71,123" hai2="72,110,27,26,118,115,128,84,44,95,32,33,0" hai3="67,59,83,55,7,17,13,127,65,113,116,98,129"/><T99/><D38/><U74/><E123/><V76/><F115/><W119/><G113/><T1/><D1/><U135/><E112/><V111/><F0/><W88/><G127/><T109/><D109/><N who="2" m="41482" /><F128/><W22/><G129/><T28/><D77/><U91/><E108/><V134/><F134/><W51/><G7/><T6/><D34/><N who="2" m="13418" /><F118/><W24/><G116/><T102/><D28/><U39/><E135/><V96/><F84/><N who="3" m="50207" /><G119/><T4/><D102/><U100/><E124/><V105/><F105/><W56/><G98/><T31/><D31/><U41/><E91/><N who="2" m="55423" /><F44/><W37/><G37/><T9/><D19/><U16/><E5/><V104/><F104/><W18/><G59/><AGARI ba="0,0" hai="4,6,9,10,14,15,49,53,59,94,99,103,121,122" machi="59" ten="30,11600,0" yaku="7,1,9,1,52,2" doraHai="8" who="0" fromWho="3" sc="250,116,250,0,250,0,250,-116" /><INIT seed="0,1,0,3,5,70" ten="366,250,250,134" oya="0" hai0="63,17,56,51,7,55,34,107,43,22,124,19,75" hai1="52,59,134,58,67,32,48,129,14,122,112,83,125" hai2="114,39,73,47,99,84,9,120,119,29,91,113,11" hai3="53,135,77,93,118,116,92,130,123,117,94,121,109"/><T104/><D34/><U80/><E122/><N who="3" m="46602" /><G53/><T76/><D124/><U18/><E125/><V88/><F120/><W60/><G60/><T98/><D7/><U31/><E129/><V132/><F73/><W62/><G62/><T23/><D76/><U64/><E134/><V71/><F71/><W72/><G130/><T105/><D75/><U127/><E127/><V50/><F132/><W10/><G10/><T90/><D90/><U13/><E112/><V40/><F119/><W97/><G135/><T133/><D98/><U102/><E102/><V81/><F29/><W35/><G35/><T87/><D87/><U36/><E14/><V103/><F91/><W128/><G128/><T68/><D133/><U15/><E31/><V26/><F26/><W66/><G66/><T65/><D43/><U95/><E95/><V100/><F100/><N who="3" m="60455" /><G109/><T61/><D61/><U33/><E52/><V0/><F50/><W1/><G1/><T111/><D111/><U89/><E48/><V78/><F78/><W44/><G44/><T82/><D68/><U46/><E89/><V108/><F108/><W41/><G41/><T3/><D51/><U2/><E46/><V69/><F69/><W96/><G96/><T79/><D65/><U12/><E12/><V110/><F110/><W54/><G54/><T4/><D63/><U74/><E2/><V38/><F0/><W42/><G42/><T45/><D3/><U37/><E74/><V21/><F21/><W86/><G72/><T106/><D22/><U27/><E27/><V49/><F99/><W115/><G115/><N who="2" m="44041" /><F103/><W126/><G126/><RYUUKYOKU ba="1,0" sc="366,-30,250,10,250,10,134,10" hai1="13,15,18,32,33,36,37,58,59,64,67,80,83" hai2="9,11,38,39,40,47,49,81,84,88" hai3="77,86,93,94,116,117,118" /><INIT seed="1,2,0,0,5,31" ten="336,260,260,144" oya="1" hai0="69,8,43,65,26,71,121,23,129,106,50,28,11" hai1="38,104,1,110,68,14,76,32,72,107,90,79,102" hai2="30,131,40,64,77,47,127,53,100,93,103,114,132" hai3="94,37,49,63,20,57,46,17,41,95,2,125,22"/><U27/><E1/><V25/><F127/><W51/><G125/><T52/><D106/><U58/><E68/><V0/><F0/><W4/><G20/><T39/><D129/><U6/><E38/><V66/><F132/><W88/><G4/><T119/><D119/><U130/><E130/><V122/><F122/><W55/><G2/><T62/><D71/><U24/><E90/><V133/><F133/><W3/><G95/><T21/><D121/><U101/><E58/><V18/><F131/><W117/><G3/><T113/><D113/><U89/><E89/><V9/><F114/><W59/><G59/><N who="0" m="33175" /><D21/><U82/><E110/><V16/><F77/><W15/><REACH who="3" step="1"/><G117/><REACH who="3" ten="336,260,260,134" step="2"/><T61/><D23/><U78/><E6/><V84/><F93/><W112/><G112/><T111/><D69/><U5/><E5/><V91/><F9/><W124/><G124/><T36/><D11/><U29/><E14/><V42/><F18/><W105/><G105/><T19/><D19/><U87/><E107/><V115/><F16/><W98/><AGARI ba="2,1" hai="15,17,22,37,41,46,49,51,55,57,63,88,94,98" machi="98" ten="20,8000,1" yaku="1,1,0,1,7,1,54,1,53,1" doraHai="31" doraHaiUra="13" who="3" fromWho="3" sc="336,-22,260,-42,260,-22,134,96" /><INIT seed="2,0,0,2,2,33" ten="314,218,238,230" oya="2" hai0="113,132,66,18,22,68,102,46,21,88,12,56,123" hai1="32,53,55,92,9,50,57,10,100,7,85,98,79" hai2="104,47,131,62,59,95,75,23,90,80,89,44,109" hai3="37,49,38,19,63,134,76,103,11,14,30,25,133"/><V16/><F131/><W42/><G76/><T101/><D123/><U106/><E32/><V126/><F126/><W60/><G103/><T34/><D34/><U17/><E17/><V125/><F125/><W67/><G49/><T29/><D68/><U107/><E55/><V127/><F104/><W118/><G118/><T58/><D113/><U64/><E64/><V128/><F127/><W71/><G60/><N who="0" m="38151" /><D132/><N who="3" m="50793" /><G42/><T15/><D46/><U28/><E28/><V77/><F128/><W91/><G91/><T86/><D58/><U93/><E10/><V117/><F109/><W114/><G114/><T129/><D129/><U130/><E130/><V119/><F117/><W82/><G82/><N who="0" m="49239" /><D15/><U73/><E73/><V0/><F0/><W26/><G26/><AGARI ba="0,0" hai="12,18,21,22,26,29,101,102" m="49239,38151" machi="26" ten="30,2000,0" yaku="8,1,54,1" doraHai="33" who="0" fromWho="3" sc="314,20,218,0,238,0,230,-20" /><INIT seed="3,0,0,0,2,37" ten="334,218,238,210" oya="3" hai0="71,104,125,60,120,108,112,26,53,74,68,51,93" hai1="92,89,5,97,56,66,63,50,9,84,111,110,105" hai2="10,32,2,118,100,134,24,61,130,113,72,28,128" hai3="79,46,82,41,0,49,30,78,25,21,67,47,83"/><W16/><G0/><T75/><D104/><U131/><E131/><N who="2" m="50219" /><F134/><W58/><G47/><T34/><D120/><U18/><E18/><V27/><F113/><W52/><G67/><T132/><D125/><U135/><E135/><V76/><F118/><W19/><G83/><T126/><D60/><U70/><E70/><V73/><F76/><N who="3" m="29227" /><G82/><T11/><D71/><U15/><REACH who="1" step="1"/><E50/><AGARI ba="0,0" hai="16,19,21,25,30,41,46,49,50,52,58" m="29227" machi="50" ten="30,11600,0" yaku="8,1,52,1,54,2" doraHai="37" who="3" fromWho="1" sc="334,0,218,-116,238,0,210,116" /><INIT seed="3,1,0,5,4,42" ten="334,102,238,326" oya="3" hai0="30,40,45,51,57,116,94,49,38,105,12,43,130" hai1="61,84,74,102,21,9,13,23,103,48,15,41,26" hai2="17,115,111,37,47,34,0,134,82,97,83,121,60" hai3="10,79,96,11,70,28,86,53,101,3,5,22,75"/><W89/><G70/><T39/><D105/><U29/><E74/><V46/><F115/><W100/><G53/><N who="0" m="31935" /><D30/><U31/><E61/><V118/><F118/><W125/><G125/><T127/><D12/><U135/><E135/><V93/><F34/><W32/><G32/><T19/><D19/><U92/><E15/><V55/><F0/><W87/><G11/><T8/><D8/><U85/><E23/><V72/><F111/><W50/><G50/><N who="0" m="26919" /><D94/><U2/><E31/><V123/><F134/><W109/><G109/><T52/><D116/><U54/><E54/><V36/><BYE who="1" /><F36/><N who="0" m="13866" /><D43/><U35/><E35/><V20/><F72/><W27/><G75/><UN n1="%43%68%65" /><T113/><D130/><U7/><E2/><V68/><F83/><W95/><G79/><T62/><D62/><U128/><E128/><V24/><F82/><W56/><G86/><T44/><D113/><U25/><E25/><V16/><F17/><W59/><G101/><T80/><D80/><AGARI ba="1,0" hai="3,5,10,22,27,28,56,59,80,87,89,95,96,100" machi="80" ten="30,1500,0" yaku="7,1" doraHai="42" who="3" fromWho="0" sc="334,-18,102,0,238,0,326,18" owari="316,11.6,102,-39.8,238,-16.2,344,44.4" /></mjloggm>