<mjloggm ver="2.3"><GO type="225" lobby="0"/><UN n0="%73%75%7A%75%6D%65%33" n1="%E2%80%A0%E7%99%BD%E5%85%8E%E2%80%A0" n2="%E3%82%A2%E3%83%9E%E3%83%9D%EF%BD%9E%EF%BD%9E%E3%83%A9" n3="%E6%80%AA%E3%81%97%E3%81%99%E3%81%8E%E3%82%8B%E3%83%81%E3%83%BC" dan="17,18,17,16" rate="2252.38,2132.73,2188.84,2173.64" sx="M,M,M,M"/><TAIKYOKU oya="0"/><INIT seed="0,0,0,0,5,116" ten="250,250,250,250" oya="0" hai0="129,9,92,1,79,23,118,74,30,36,135,83,120" hai1="69,95,59,98,108,103,43,60,73,62,80,53,126" hai2="2,56,87,67,35,8,70,94,0,28,3,22,104" hai3="96,127,76,38,50,125,12,131,25,26,117,37,101"/><T10/><D118/><U4/><E108/><V27/><F104/><W41/><G117/><T47/><D135/><U128/><E128/><V123/><F70/><W132/><G131/><T72/><D129/><U107/><E126/><N who="3" m="48138" /><G132/><T78/><D9/><U54/><E43/><V81/><F94/><N who="3" m="58519" /><G76/><T75/><D92/><U130/><E130/><V7/><F123/><W84/><G84/><T11/><D11/><U77/><E4/><V45/><F45/><N who="3" m="25903" /><G12/><T40/><D79/><U61/><E69/><V121/><F87/><W64/><G64/><T6/><D120/><U42/><E42/><V124/><F81/><W88/><G88/><T133/><D133/><U86/><E54/><V46/><F121/><W106/><G106/><T33/><D33/><U16/><E73/><V65/><F35/><W105/><G105/><T32/><D32/><U34/><E34/><V19/><F124/><W102/><G102/><T20/><D20/><U44/><E107/><V89/><F89/><W57/><G57/><T97/><D97/><U39/><E44/><V99/><F99/><W82/><G82/><T110/><D110/><U18/><REACH who="1" step="1"/><E39/><AGARI ba="0,0" hai="25,26,37,38,39" m="25903,58519,48138" machi="39" ten="30,1000,0" yaku="18,1" doraHai="116" who="3" fromWho="1" sc="250,0,250,-10,250,0,250,10" /><INIT seed="1,0,0,0,1,98" ten="250,240,250,260" oya="1" hai0="42,122,119,133,12,0,82,102,62,32,65,129,121" hai1="79,104,5,94,76,108,25,89,43,111,91,44,28" hai2="84,123,75,106,29,47,81,124,55,49,57,63,41" hai3="21,86,113,53,105,60,13,128,11,78,120,9,100"/><U70/><E104/><V2/><F123/><N who="0" m="47114" /><D0/><U130/><E70/><V35/><F2/><W48/><G120/><T127/><D119/><U67/><E67/><V115/><F115/><W7/><G113/><T26/><D42/><U27/><E5/><V61/><F75/><W51/><G128/><T80/><D129/><U114/><E114/><V31/><F106/><W45/><G21/><T30/><D133/><U88/><E94/><V6/><F6/><W97/><G60/><T4/><D127/><U93/><E93/><V116/><F124/><W19/><G48/><T15/><D102/><U90/><N who="1" m="22528" /><DORA hai="71" /><U59/><E59/><N who="2" m="35071" /><F35/><W92/><G105/><T74/><D74/><U77/><E130/><V68/><F68/><W99/><G99/><T95/><D95/><U135/><E135/><V37/><F37/><W52/><G53/><T131/><D131/><U117/><E117/><V110/><F116/><W10/><G7/><T72/><D72/><U22/><REACH who="1" step="1"/><E25/><REACH who="1" ten="250,230,250,260" step="2"/><V118/><F118/><W109/><G109/><T96/><D96/><U134/><E134/><V107/><F110/><W34/><REACH who="3" step="1"/><G34/><REACH who="3" ten="250,230,250,250" step="2"/><T83/><D4/><U33/><E33/><V39/><F107/><W18/><G18/><T132/><D132/><U125/><E125/><V58/><F29/><W103/><G103/><T1/><D1/><U20/><E20/><V8/><F31/><W85/><G85/><T3/><D3/><U126/><E126/><V16/><F84/><W73/><G73/><T40/><D32/><U56/><E56/><V24/><F58/><W38/><G38/><AGARI ba="0,2" hai="22,27,28,38,43,44,76,77,79,108,111" m="22528" machi="38" ten="60,12000,1" yaku="1,1,52,1,54,1,53,1" doraHai="98,71" doraHaiUra="112,36" who="1" fromWho="3" sc="250,0,230,140,250,0,250,-120" /><INIT seed="1,1,0,1,1,110" ten="250,370,250,130" oya="1" hai0="63,13,18,94,82,108,59,25,45,92,109,101,32" hai1="99,74,123,113,116,76,23,34,10,125,85,46,3" hai2="72,73,135,42,114,21,67,91,56,12,88,41,100" hai3="14,26,98,4,95,127,112,129,75,20,15,89,103"/><U68/><E34/><V107/><F135/><W40/><G75/><T134/><D134/><U111/><E116/><V44/><F100/><W86/><G129/><T54/><D82/><U96/><E123/><V66/><F107/><W22/><G127/><T117/><D117/><U39/><E68/><V28/><F12/><W36/><G112/><T35/><D45/><U64/><E64/><V47/><F56/><W118/><G118/><T84/><D101/><U115/><E85/><V33/><F21/><W7/><G40/><T37/><D37/><U9/><E23/><N who="3" m="8746" /><G36/><T90/><D94/><U11/><E3/><V48/><F48/><W29/><G26/><T78/><D78/><U61/><E61/><V52/><F28/><W31/><G15/><T0/><D0/><U16/><E16/><V49/><F49/><W2/><G2/><T6/><D6/><N who="3" m="2089" /><G14/><T79/><D79/><U131/><E131/><V38/><F38/><W60/><G60/><T65/><D25/><U120/><E125/><V58/><F33/><W70/><G70/><T132/><D132/><U126/><E126/><V122/><F122/><W53/><G53/><T1/><D54/><U83/><E120/><V119/><F52/><W50/><G50/><T124/><D124/><U97/><REACH who="1" step="1"/><E111/><REACH who="1" ten="250,360,250,130" step="2"/><N who="0" m="42569" /><D1/><U55/><E55/><V81/><F119/><W27/><G27/><T130/><D130/><U57/><E57/><V43/><F58/><W30/><G86/><T69/><D69/><U51/><E51/><V121/><F121/><W8/><G8/><AGARI ba="1,1" hai="8,13,18,32,35,59,63,65,84,90,92" m="42569" machi="8" ten="30,1000,0" yaku="14,1" doraHai="110" who="0" fromWho="3" sc="250,23,360,0,250,0,130,-13" /><INIT seed="2,0,0,3,1,18" ten="273,360,250,117" oya="2" hai0="87,39,28,9,26,57,124,79,48,27,117,62,93" hai1="20,35,71,53,106,31,95,12,21,114,89,135,85" hai2="33,43,10,65,77,50,78,113,23,36,52,112,15" hai3="104,55,40,38,103,63,22,70,97,3,19,6,110"/><V13/><F33/><W131/><G110/><T129/><D39/><U17/><E114/><V42/><F65/><W127/><G131/><T111/><D129/><U56/><E106/><V66/><F66/><W51/><G127/><T32/><D111/><U58/><E71/><V49/><F10/><W59/><G38/><T121/><D121/><U24/><E135/><V0/><F36/><W132/><G132/><T80/><D124/><U118/><E118/><V47/><F47/><W61/><G40/><T34/><D117/><U91/><E35/><V60/><F60/><W96/><G70/><T102/><D9/><U25/><E91/><V98/><F98/><W7/><G97/><T75/><D48/><N who="1" m="30759" /><E58/><V73/><F52/><W130/><G130/><T109/><D109/><U115/><E115/><V123/><F73/><W119/><G119/><T54/><D102/><U2/><E25/><V68/><F0/><AGARI ba="0,0" hai="0,2,12,17,20,21,24,31,85,89,95" m="30759" machi="0" ten="30,3900,0" yaku="25,1,52,2" doraHai="18" who="1" fromWho="2" sc="273,0,360,39,250,-39,117,0" /><INIT seed="3,0,0,3,1,29" ten="273,399,211,117" oya="3" hai0="135,99,2,32,50,128,16,60,42,37,119,6,132" hai1="106,84,45,118,12,56,44,125,0,96,100,129,54" hai2="126,15,102,35,134,88,121,82,104,13,85,31,38" hai3="112,77,101,70,68,26,81,79,51,10,120,3,117"/><W105/><G112/><T59/><D119/><U86/><E0/><V116/><F116/><W114/><G117/><T33/><D128/><U14/><E118/><V103/><F38/><W115/><G120/><T80/><D37/><U122/><E122/><V130/><F121/><W24/><G51/><T98/><D80/><U90/><E86/><V124/><F134/><N who="0" m="51242" /><D6/><U72/><E72/><V49/><F130/><W113/><G101/><N who="2" m="38409" /><F49/><W41/><G105/><T67/><D2/><U11/><E12/><V123/><F104/><W83/><G41/><T48/><D48/><U1/><E1/><V47/><F47/><W62/><G3/><T19/><D50/><U73/><E54/><V7/><F7/><W95/><G113/><T109/><D109/><U64/><E84/><V110/><F110/><W65/><G95/><T8/><D42/><U36/><E90/><V43/><F43/><W111/><G111/><T4/><D4/><U27/><E125/><N who="2" m="48235" /><F123/><W9/><REACH who="3" step="1"/><G62/><REACH who="3" ten="273,399,211,107" step="2"/><T5/><D60/><U23/><E129/><V94/><F94/><W93/><G93/><T97/><D97/><U25/><E96/><V127/><F127/><W69/><G69/><T40/><D40/><U61/><E36/><V75/><F75/><W52/><G52/><T107/><D99/><U78/><E73/><V53/><F53/><W133/><G133/><T57/><D98/><U91/><E100/><V28/><F85/><W17/><G17/><T21/><D16/><U39/><E106/><V46/><F46/><W30/><G30/><T87/><D107/><U131/><E44/><V76/><F31/><RYUUKYOKU ba="0,1" sc="273,-10,399,-10,211,-10,107,30" hai3="9,10,24,26,65,68,70,77,79,81,83,114,115" /><INIT seed="3,1,1,0,4,32" ten="263,389,201,137" oya="3" hai0="127,21,30,86,35,124,58,36,28,20,48,119,45" hai1="88,50,115,54,122,53,74,31,70,61,47,133,83" hai2="55,80,72,15,8,101,63,90,84,59,93,12,44" hai3="23,82,60,132,107,2,42,1,25,99,79,135,66"/><W113/><G113/><T100/><D119/><U123/><E115/><V24/><F72/><N who="3" m="43367" /><G42/><T75/><D75/><U126/><E31/><N who="0" m="11817" /><D36/><U69/><E74/><V106/><F24/><W103/><G23/><N who="0" m="8779" /><D35/><U10/><E10/><V114/><F114/><W102/><G25/><T94/><D58/><U108/><E69/><V16/><F15/><W49/><G49/><T117/><D117/><U104/><E50/><N who="2" m="29127" /><F106/><W7/><G102/><T38/><D38/><U26/><E70/><V57/><F63/><W85/><G85/><T37/><D37/><U91/><E61/><V120/><F120/><W118/><G118/><T109/><D100/><U110/><E123/><V78/><F78/><W121/><G121/><T9/><D9/><U97/><E122/><V131/><F131/><W89/><G89/><T71/><D71/><U40/><E91/><N who="2" m="51591" /><F101/><W125/><G125/><N who="0" m="48203" /><D86/><AGARI ba="1,1" hai="8,12,16,57,59,86,90,93" m="51591,29127" machi="86" ten="30,3900,0" yaku="25,1,8,1,54,1" doraHai="32" who="2" fromWho="0" sc="263,-42,389,0,201,52,137,0" owari="221,-17.9,389,48.9,253,5.3,137,-36.3" /></mjloggm>