<mjloggm ver="2.3"><GO type="225" lobby="0"/><UN n0="%E3%83%8F%E3%82%AC%E3%82%BF%E3%82%AB%E3%81%AE%E3%81%88%E3%81%98%E3%81%8D" n1="%E9%B3%B3%E6%9D%B1%E3%81%AE%E3%81%86%E3%81%95%E3%81%8E%E3%81%95%E3%82%93" n2="%E3%81%A9%E3%82%8F%E3%82%93%E3%81%94" n3="%E3%81%BF%E3%81%BF%E3%81%9A" dan="16,17,16,17" rate="2175.00,2294.98,2076.26,2317.88" sx="M,M,M,M"/><TAIKYOKU oya="0"/><INIT seed="0,0,0,5,5,25" ten="250,250,250,250" oya="0" hai0="117,123,130,45,8,0,37,106,5,68,87,70,29" hai1="35,28,10,31,129,96,91,76,60,63,44,4,110" hai2="92,135,57,53,17,46,21,42,66,38,56,9,113" hai3="93,105,13,39,126,77,69,64,99,101,81,49,128"/><T122/><D87/><U74/><E110/><V82/><F135/><W108/><G39/><T41/><D117/><U134/><E134/><V97/><F113/><W26/><G108/><T84/><D84/><U62/><E129/><V104/><F104/><W90/><G128/><T71/><D130/><U98/><E35/><V95/><F9/><W14/><G126/><T109/><D109/><U54/><E74/><V47/><F82/><W11/><G49/><T94/><D94/><N who="1" m="56415" /><E76/><V51/><F66/><W58/><G69/><T61/><D61/><N who="1" m="23659" /><E98/><V7/><F7/><W131/><G131/><T127/><D127/><U6/><N who="1" m="23667" /><U33/><DORA hai="83" /><E33/><V27/><REACH who="2" step="1"/><F95/><REACH who="2" ten="250,250,240,250" step="2"/><W55/><G93/><T22/><D106/><U133/><E133/><V116/><F116/><W103/><G105/><T12/><D70/><U107/><E107/><V3/><F3/><W32/><G81/><T78/><D71/><U72/><E10/><V100/><AGARI ba="0,1" hai="17,21,27,38,42,46,47,51,53,56,57,92,97,100" machi="100" ten="20,5200,0" yaku="1,1,0,1,7,1,53,1" doraHai="25,83" doraHaiUra="36,65" who="2" fromWho="2" sc="250,-26,250,-13,240,62,250,-13" /><INIT seed="1,0,0,5,0,84" ten="224,237,302,237" oya="1" hai0="114,123,67,1,102,79,36,40,76,96,18,132,43" hai1="50,51,97,81,52,9,63,29,16,128,15,8,125" hai2="55,61,126,66,90,88,12,38,105,44,72,124,46" hai3="48,47,91,20,23,129,69,34,26,135,78,70,28"/><U86/><E128/><V37/><F105/><W3/><G78/><T112/><D1/><U10/><E125/><N who="2" m="48235" /><F72/><W131/><G3/><T75/><D67/><U2/><E29/><V5/><F55/><W17/><G135/><T71/><D71/><U103/><E63/><V73/><F73/><W118/><G118/><T4/><D132/><U119/><E119/><V7/><F46/><W120/><G120/><T110/><D123/><U80/><E50/><V121/><F121/><W54/><G34/><T130/><D130/><N who="3" m="49673" /><G91/><N who="2" m="34857" /><F12/><AGARI ba="0,0" hai="12,17,20,23,26,28,47,48,54,69,70" m="49673" machi="12" ten="30,1000,0" yaku="19,1" doraHai="84" who="3" fromWho="2" sc="224,0,237,0,302,-10,237,10" /><INIT seed="2,0,0,5,4,42" ten="224,237,292,247" oya="2" hai0="87,34,105,120,123,29,130,33,45,96,93,119,102" hai1="66,100,7,32,24,68,27,38,52,117,2,76,47" hai2="37,44,62,118,71,20,49,30,112,36,83,67,115" hai3="46,51,48,99,39,90,113,73,125,85,74,89,134"/><V61/><F30/><W133/><G125/><T127/><D127/><U86/><E117/><V82/><F20/><W18/><G113/><N who="2" m="43593" /><F82/><W57/><G39/><N who="2" m="14921" /><F83/><W8/><G57/><T108/><D119/><U12/><E66/><N who="2" m="41423" /><F118/><W70/><G70/><T95/><D29/><U21/><E68/><V111/><F111/><W0/><G51/><T116/><D108/><U28/><E38/><V35/><F35/><W106/><G106/><T109/><D109/><U43/><E100/><V81/><F81/><N who="3" m="49327" /><G99/><T69/><D69/><U131/><E86/><V121/><F121/><W10/><G90/><T132/><D116/><U104/><E104/><V84/><F84/><W1/><G8/><T107/><D87/><U50/><E76/><V101/><F101/><W124/><G124/><T135/><D102/><U19/><E27/><V97/><F97/><W26/><G26/><T56/><D96/><U103/><E103/><V72/><F72/><W64/><G0/><T3/><D3/><U92/><E92/><V79/><F79/><W55/><G64/><T75/><D75/><N who="3" m="28681" /><G1/><T6/><D6/><U25/><E25/><V94/><F94/><W114/><G114/><T53/><D95/><U78/><E78/><V41/><F67/><W65/><G65/><T22/><D93/><U54/><E2/><V110/><F110/><W15/><AGARI ba="0,0" hai="10,15,18,46,48,55,133,134" m="28681,49327" machi="15" ten="30,2000,0" yaku="25,1,52,1" doraHai="42" who="3" fromWho="3" sc="224,-5,237,-5,292,-10,247,20" /><INIT seed="3,0,0,3,3,25" ten="219,232,282,267" oya="3" hai0="124,128,118,87,113,69,52,119,0,4,17,46,79" hai1="44,8,53,27,14,82,81,115,70,29,103,63,110" hai2="111,11,132,135,58,65,106,112,86,59,22,130,19" hai3="100,1,101,43,92,88,57,9,93,104,32,10,131"/><W127/><G104/><T99/><D69/><U98/><E115/><V13/><F112/><W125/><G131/><T24/><D113/><U35/><E110/><V105/><F111/><W117/><G117/><T133/><D128/><U64/><E44/><V91/><F130/><W96/><G43/><T114/><D114/><U68/><E53/><V129/><F129/><W7/><G32/><T109/><D109/><U85/><E85/><V97/><F11/><W18/><G57/><N who="2" m="21513" /><F97/><W71/><G71/><T48/><D99/><U16/><REACH who="1" step="1"/><E68/><REACH who="1" ten="219,222,282,267" step="2"/><V78/><F86/><W51/><G125/><T76/><D124/><U89/><E89/><V121/><F91/><W23/><G127/><T34/><D87/><U26/><E26/><V83/><F132/><W38/><G88/><T77/><D133/><U55/><E55/><V20/><F135/><W47/><G47/><T107/><D107/><AGARI ba="0,1" hai="8,14,16,27,29,35,63,64,70,81,82,98,103,107" machi="107" ten="30,12000,2" yaku="1,1,7,1,25,2,52,1,54,1,53,0" doraHai="25" doraHaiUra="120" who="1" fromWho="0" sc="219,-120,222,130,282,0,267,0" owari="99,-40.1,352,45.2,282,8.2,267,-13.3" /></mjloggm>