<mjloggm ver="2.3"><GO type="225" lobby="0"/><UN n0="%E3%81%99%E3%81%84%E3%81%BE%E3%81%9B%E3%83%BC%E3%82%93" n1="%E9%B4%A8%4E%45%47%49" n2="%E7%8D%A3%E8%87%AD%E3%81%84%E8%82%89%E7%90%83" n3="%E3%81%BD%E3%81%A1%E3%81%9F%E3%81%93%E3%82%84" dan="18,16,16,17" rate="2183.26,2099.39,2129.69,2211.85" sx="M,M,M,M"/><TAIKYOKU oya="0"/><INIT seed="0,0,0,4,5,39" ten="250,250,250,250" oya="0" hai0="127,114,110,91,27,35,85,66,94,118,108,120,26" hai1="15,124,78,1,93,28,22,43,9,60,33,4,100" hai2="98,17,92,7,10,131,77,76,96,122,18,24,72" hai3="84,51,44,53,107,45,123,95,81,68,3,67,90"/><T130/><D114/><U113/><E78/><V82/><F122/><W29/><G107/><T48/><D120/><U36/><E60/><V16/><F131/><W132/><G3/><T19/><D118/><U49/><E36/><V112/><F112/><W86/><G123/><T69/><D130/><U37/><E37/><V70/><F70/><W47/><G132/><T34/><D127/><U2/><E124/><V25/><F77/><W71/><G29/><T134/><D134/><U106/><E106/><V62/><F62/><W32/><G32/><N who="0" m="12331" /><D66/><U109/><E113/><V11/><F98/><W97/><G86/><T65/><D65/><U59/><E33/><V12/><REACH who="2" step="1"/><F11/><REACH who="2" ten="250,250,240,250" step="2"/><W126/><G126/><T50/><D69/><U63/><E63/><V133/><F133/><W13/><G71/><T8/><D8/><U56/><E2/><V102/><AGARI ba="0,1" hai="7,10,12,16,17,18,24,25,72,76,82,92,96,102" machi="102" ten="30,7900,0" yaku="1,1,0,1,54,1,53,1" doraHai="39" doraHaiUra="105" who="2" fromWho="2" sc="250,-39,250,-20,240,89,250,-20" /><INIT seed="1,0,0,1,4,13" ten="211,230,329,230" oya="1" hai0="16,109,122,134,55,47,112,61,9,83,69,64,25" hai1="130,12,78,110,5,60,38,41,0,79,76,20,88" hai2="90,121,105,37,43,57,14,32,22,80,7,128,97" hai3="133,29,65,98,53,74,118,89,18,99,77,10,73"/><U30/><E130/><V45/><F121/><W51/><G133/><T127/><D112/><U42/><E0/><V63/><F32/><W95/><G29/><T52/><D134/><U34/><E110/><V132/><F128/><W75/><G118/><T6/><D109/><U101/><E101/><V103/><F132/><W46/><G65/><T4/><D122/><U54/><E38/><V81/><F90/><W102/><G10/><T23/><D127/><U116/><E116/><V17/><REACH who="2" step="1"/><F7/><REACH who="2" ten="211,230,319,230" step="2"/><W124/><G124/><T35/><D35/><U44/><E34/><V58/><F58/><W120/><G120/><T87/><D47/><U15/><E5/><V115/><F115/><W28/><G89/><T82/><D6/><U92/><E44/><V2/><F2/><W123/><G46/><T19/><D19/><N who="1" m="10343" /><E30/><V129/><F129/><W70/><G18/><T106/><D106/><U107/><E107/><V49/><F49/><W104/><G28/><T27/><D27/><U62/><E15/><V40/><F40/><N who="1" m="15465" /><E54/><AGARI ba="0,1" hai="14,17,22,37,43,45,54,57,63,80,81,97,103,105" machi="54" ten="30,7700,0" yaku="1,1,7,1,52,1,53,1" doraHai="13" doraHaiUra="93" who="2" fromWho="1" sc="211,0,230,-77,319,87,230,0" /><INIT seed="2,0,0,4,2,51" ten="211,153,406,230" oya="2" hai0="18,11,94,79,126,32,119,68,76,125,37,98,117" hai1="7,53,84,96,102,43,1,66,93,42,9,73,33" hai2="26,118,78,128,10,28,69,122,25,100,49,6,60" hai3="131,133,21,120,57,134,115,14,48,86,116,63,38"/><V129/><F122/><W83/><G38/><T108/><D108/><U34/><E73/><V112/><F118/><N who="0" m="45066" /><D68/><U87/><E66/><V74/><F112/><W106/><G106/><T0/><D37/><U64/><E64/><V130/><F100/><W110/><G116/><T20/><D32/><U97/><E34/><V56/><F49/><W71/><G71/><T52/><D11/><U80/><E33/><V114/><F69/><W67/><G120/><T61/><D0/><U2/><E102/><V121/><F114/><W30/><G115/><T107/><D107/><U92/><E9/><V22/><F26/><W101/><G101/><N who="0" m="60631" /><D79/><U16/><E80/><V81/><F121/><W3/><G3/><T8/><D76/><U82/><E82/><V99/><F99/><W24/><G110/><T85/><D85/><U111/><E111/><V29/><F10/><W41/><G86/><T46/><D8/><U4/><REACH who="1" step="1"/><E16/><REACH who="1" ten="211,143,406,230" step="2"/><N who="2" m="12487" /><F6/><W75/><G75/><T54/><D18/><U44/><E44/><V70/><F70/><W89/><G83/><T113/><D113/><U90/><E90/><V17/><F17/><W109/><G89/><T105/><D20/><U12/><E12/><V72/><F74/><W36/><G14/><T23/><D23/><U132/><E132/><V35/><F35/><W50/><G109/><T58/><D105/><U91/><E91/><V124/><F72/><W19/><G133/><T77/><D77/><U31/><E31/><V65/><F28/><W40/><G134/><T127/><D46/><U104/><E104/><V62/><F29/><W103/><G30/><RYUUKYOKU ba="0,1" sc="211,15,143,15,406,-15,230,-15" hai0="52,54,58,61,125,126,127" hai1="1,2,4,7,42,43,53,84,87,92,93,96,97" /><INIT seed="3,1,1,3,3,104" ten="226,158,391,215" oya="3" hai0="61,64,74,63,1,60,31,33,43,102,38,128,58" hai1="106,115,19,11,51,73,93,72,92,18,36,28,127" hai2="112,79,70,3,9,10,16,114,37,91,133,76,86" hai3="7,90,83,5,42,75,49,98,84,69,62,135,119"/><W99/><G119/><T120/><D1/><U56/><E28/><V47/><F70/><W35/><G35/><T108/><D74/><N who="1" m="28779" /><E106/><V111/><F111/><W87/><G75/><T59/><D108/><U107/><E107/><V110/><F133/><W17/><G135/><T15/><D128/><U12/><E36/><V44/><F110/><W96/><G69/><T101/><D43/><U80/><E80/><V48/><F37/><W97/><N who="3" m="24576" /><DORA hai="113" /><W67/><G17/><N who="1" m="6154" /><E115/><V2/><F16/><W55/><G42/><T13/><D38/><U39/><E39/><V29/><F29/><W126/><G126/><T89/><D31/><U123/><E123/><V132/><F132/><W68/><REACH who="3" step="1"/><G87/><REACH who="3" ten="226,158,391,205" step="2"/><T22/><D33/><U21/><E21/><V45/><F86/><W116/><G116/><T24/><D22/><U66/><E127/><V78/><F114/><W122/><G122/><T129/><D120/><U131/><E131/><V94/><F112/><W0/><G0/><T71/><D129/><U118/><E118/><V53/><F3/><W65/><G65/><T30/><D64/><U100/><E66/><V25/><F2/><W41/><G41/><T23/><D71/><U124/><E124/><V77/><F25/><W109/><G109/><T95/><D102/><U88/><E100/><V82/><F10/><W32/><G32/><T130/><D101/><U57/><E11/><V134/><F9/><W125/><G125/><T26/><D130/><U50/><E12/><N who="0" m="4681" /><D26/><U121/><E121/><V14/><F14/><W105/><G105/><T81/><D24/><U27/><E27/><RYUUKYOKU ba="1,2" sc="226,-10,158,-10,391,-10,205,30" hai3="5,7,49,55,62,67,68,83,84,90" /><INIT seed="3,2,2,5,0,48" ten="216,148,381,235" oya="3" hai0="78,15,36,127,93,26,34,55,43,74,66,32,117" hai1="95,89,113,90,80,37,131,87,22,25,114,82,79" hai2="5,7,46,49,76,118,16,0,120,116,124,97,106" hai3="65,92,104,61,119,63,128,83,19,35,58,108,129"/><W98/><G119/><T96/><D117/><U47/><E47/><V122/><F76/><W134/><G104/><T50/><D127/><U60/><E60/><V21/><F124/><W107/><G107/><T103/><D66/><U70/><E70/><V69/><F69/><W20/><G35/><T109/><D109/><U67/><E67/><V17/><F118/><W4/><G108/><T24/><D15/><U121/><E37/><V52/><F116/><W100/><G134/><T85/><D74/><U33/><E33/><V18/><F21/><W2/><G63/><T115/><D115/><U88/><E121/><N who="2" m="46699" /><F0/><W8/><REACH who="3" step="1"/><G83/><REACH who="3" ten="216,148,381,225" step="2"/><N who="0" m="47351" /><D34/><U112/><E131/><V135/><F135/><W27/><AGARI ba="2,3" hai="2,4,8,19,20,27,58,61,65,92,98,100,128,129" machi="27" ten="30,6000,0" yaku="1,1,0,1,53,1" doraHai="48" doraHaiUra="56" who="3" fromWho="3" sc="216,-22,148,-22,381,-22,225,96" /><INIT seed="3,3,0,5,1,38" ten="194,126,359,321" oya="3" hai0="111,117,109,85,120,35,4,44,126,62,124,77,119" hai1="59,55,15,132,91,8,116,87,78,106,70,0,20" hai2="14,102,32,5,130,99,39,71,89,22,67,66,92" hai3="101,74,100,108,68,134,86,127,107,69,25,94,121"/><W27/><G121/><T110/><D35/><U23/><E106/><V16/><F130/><W17/><G74/><T10/><D120/><U125/><E132/><V6/><F32/><W24/><G134/><T48/><D62/><U61/><E125/><N who="0" m="48233" /><D77/><U34/><E116/><V84/><F39/><W97/><G127/><T114/><D85/><U12/><E34/><V104/><REACH who="2" step="1"/><F71/><REACH who="2" ten="194,126,349,321" step="2"/><W36/><G36/><T31/><D119/><U49/><E78/><V19/><F19/><W90/><G108/><T63/><D117/><U1/><E70/><V50/><F50/><W47/><G101/><T41/><D114/><U135/><E135/><V72/><F72/><W133/><G133/><T76/><D76/><U65/><E1/><V93/><F93/><W75/><G75/><T96/><D111/><U40/><E0/><V118/><F118/><W79/><G79/><T95/><D110/><U131/><E131/><V18/><F18/><W21/><REACH who="3" step="1"/><G47/><REACH who="3" ten="194,126,349,311" step="2"/><T46/><D44/><U88/><E91/><V43/><F43/><W42/><G42/><T7/><D41/><U129/><E129/><V30/><F30/><W98/><G98/><T45/><D31/><U56/><E40/><V37/><F37/><W64/><G64/><AGARI ba="3,2" hai="5,6,14,16,22,64,66,67,84,89,92,99,102,104" machi="64" ten="40,2600,0" yaku="1,1,54,1,53,0" doraHai="38" doraHaiUra="105" who="2" fromWho="3" sc="194,0,126,0,349,55,311,-35" owari="194,-20.6,126,-37.4,404,50.4,276,7.6" /></mjloggm>