<mjloggm ver="2.3"><GO type="225" lobby="0"/><UN n0="%6C%61%6D%62" n1="%E3%81%B5%E3%81%98%E3%81%8B%E3%81%A4" n2="%E3%81%86%E3%81%A9%E3%82%93%E3%81%93" n3="%E6%97%A5%E6%9B%9C%E6%97%A5%E3%82%88%E3%82%8A%E3%81%AE%E4%BD%BF%E8%80%85" dan="16,17,16,17" rate="2115.41,2242.52,2146.02,2127.88" sx="M,M,M,M"/><TAIKYOKU oya="0"/><INIT seed="0,0,0,5,1,21" ten="250,250,250,250" oya="0" hai0="106,57,42,63,128,78,7,103,38,27,62,92,109" hai1="77,111,85,80,48,120,34,88,33,127,64,72,115" hai2="22,41,104,60,19,18,99,121,25,95,12,102,71" hai3="68,113,13,6,14,124,76,46,0,119,8,126,44"/><T56/><D106/><U52/><E120/><V3/><F121/><W11/><G113/><T81/><D109/><U107/><E111/><V36/><F3/><W20/><G119/><T89/><D103/><U39/><E115/><V5/><F5/><N who="3" m="1063" /><G68/><T112/><D112/><U17/><E107/><V66/><F36/><W70/><G70/><T105/><D105/><U83/><E39/><V100/><F41/><W116/><G76/><T108/><D128/><U43/><E64/><V40/><F40/><W51/><G51/><T118/><D118/><U45/><E127/><N who="3" m="48682" /><G116/><T4/><D42/><U35/><E43/><V2/><F2/><W74/><G74/><T24/><D38/><U49/><E49/><V73/><F73/><W32/><G32/><T82/><D108/><U58/><REACH who="1" step="1"/><E17/><AGARI ba="0,0" hai="6,11,13,14,17,20,44,46" m="48682,1063" machi="17" ten="30,1000,0" yaku="18,1" doraHai="21" who="3" fromWho="1" sc="250,0,250,-10,250,0,250,10" /><INIT seed="1,0,0,4,1,60" ten="250,240,250,260" oya="1" hai0="122,16,52,68,54,71,106,63,101,92,47,100,64" hai1="65,76,103,46,126,19,39,29,56,82,102,107,18" hai2="70,4,130,37,14,49,115,50,44,81,105,74,8" hai3="21,0,124,31,61,99,57,28,91,35,75,66,86"/><U9/><E126/><V32/><F105/><W110/><G75/><T78/><D106/><U125/><E125/><V90/><F70/><W10/><G124/><T119/><D119/><U135/><E135/><V40/><F130/><W72/><G72/><T73/><D122/><U34/><E107/><V94/><F115/><W15/><G35/><T33/><D33/><U80/><E34/><V111/><F32/><W48/><G0/><T36/><D71/><U129/><E29/><V123/><F123/><W12/><G110/><T83/><D16/><N who="1" m="6187" /><E39/><V95/><F111/><W23/><G99/><T59/><D92/><U17/><E46/><V114/><F114/><W84/><G48/><N who="0" m="31111" /><D54/><U1/><E1/><V27/><F27/><N who="3" m="16495" /><G10/><T67/><D67/><U45/><E45/><V120/><F120/><W97/><G97/><T132/><D132/><U113/><E113/><V13/><F13/><N who="3" m="5195" /><G91/><T87/><D73/><U77/><E129/><V79/><REACH who="2" step="1"/><F95/><REACH who="2" ten="250,240,240,260" step="2"/><W38/><G38/><T88/><D78/><N who="1" m="30315" /><E9/><V116/><F116/><W131/><G131/><T89/><D89/><U51/><E17/><V3/><F3/><W69/><G69/><T128/><D128/><U26/><E26/><AGARI ba="0,1" hai="23,26,31,57,61,66,84,86" m="5195,16495" machi="26" ten="30,2000,0" yaku="8,1,52,1" doraHai="60" who="3" fromWho="1" sc="250,0,240,-20,240,0,260,30" /><INIT seed="2,0,0,1,1,126" ten="250,220,240,290" oya="2" hai0="19,107,26,130,91,46,35,67,71,50,62,53,63" hai1="45,4,103,9,14,80,122,30,117,84,115,132,44" hai2="82,59,93,90,114,13,104,72,128,81,69,43,8" hai3="37,110,121,29,33,16,131,2,34,78,96,88,133"/><V20/><F104/><W1/><G37/><T57/><D107/><U92/><E117/><V5/><F69/><W86/><G121/><T124/><D124/><U54/><E115/><V27/><F114/><W11/><G110/><T74/><D74/><U102/><E122/><V118/><F118/><W39/><G39/><T129/><D91/><U17/><E132/><V106/><F106/><W31/><G78/><T64/><REACH who="0" step="1"/><D19/><REACH who="0" ten="240,220,240,290" step="2"/><U89/><E17/><V134/><F72/><W68/><G88/><T85/><D85/><U100/><E30/><AGARI ba="0,1" hai="26,30,35,46,50,53,57,62,63,64,67,71,129,130" machi="30" ten="40,5200,0" yaku="1,1,52,2,53,0" doraHai="126" doraHaiUra="7" who="0" fromWho="1" sc="240,62,220,-52,240,0,290,0" /><INIT seed="3,0,0,1,0,53" ten="302,168,240,290" oya="3" hai0="128,105,73,106,96,99,116,92,14,132,52,58,39" hai1="42,62,25,103,48,64,21,72,59,123,27,85,114" hai2="63,121,23,68,100,32,88,46,120,107,93,109,17" hai3="50,101,112,76,31,118,111,60,89,7,71,108,37"/><W55/><G112/><T51/><D116/><U12/><E114/><V122/><F32/><W84/><G118/><T131/><D73/><U57/><E123/><V75/><F75/><W74/><G37/><T16/><D39/><U15/><E72/><V38/><F109/><N who="3" m="42059" /><G101/><N who="0" m="60551" /><D99/><U82/><E103/><V5/><F5/><W78/><G74/><T97/><D97/><U10/><E42/><V33/><F33/><W115/><G7/><T65/><D65/><U87/><E87/><V9/><F9/><W40/><G31/><T6/><D6/><N who="1" m="3159" /><E15/><V43/><F100/><W26/><G26/><T35/><D35/><U80/><E80/><V133/><F107/><W117/><G117/><T0/><D0/><U98/><E98/><V110/><F110/><W70/><G40/><T95/><D95/><U102/><E102/><V20/><F121/><W13/><G13/><T130/><D132/><U86/><E21/><AGARI ba="0,0" hai="14,16,21,51,52,58,105,106,128,130,131" m="60551" machi="21" ten="30,7700,0" yaku="19,1,52,1,54,2" doraHai="53" who="0" fromWho="1" sc="302,77,168,-77,240,0,290,0" owari="379,47.9,91,-40.9,240,-16.0,290,9.0" /></mjloggm>