<mjloggm ver="2.3"><GO type="225" lobby="0"/><UN n0="%E3%81%8B%E3%82%8F%E3%81%A1%E3%82%83%E3%82%93%35%38" n1="%E3%83%B4%E3%83%A0%EF%BC%99%E3%81%A6" n2="%E3%81%99%E3%81%84%E3%81%BE%E3%81%9B%E3%83%BC%E3%82%93" n3="%72%69%6F%75%63%68%61%6E" dan="17,16,18,17" rate="2188.17,2112.72,2234.69,2191.13" sx="M,M,M,M"/><TAIKYOKU oya="0"/><INIT seed="0,0,0,5,1,106" ten="250,250,250,250" oya="0" hai0="93,59,35,103,57,38,66,7,24,78,67,72,120" hai1="56,68,92,29,135,49,109,127,75,55,26,76,65" hai2="30,133,43,100,128,45,111,20,13,121,115,52,73" hai3="9,79,99,31,97,105,123,129,53,63,54,37,50"/><T48/><D120/><U23/><E109/><V84/><F121/><W112/><G112/><T101/><D38/><U125/><E135/><V51/><F115/><W8/><G123/><T14/><D35/><U118/><E118/><V94/><F73/><W42/><G129/><T28/><D72/><U98/><E65/><N who="0" m="24585" /><D78/><U61/><E61/><V11/><F128/><W47/><G31/><T58/><D48/><U122/><E68/><V110/><F133/><W134/><G134/><T116/><D116/><U3/><E3/><V6/><F43/><W36/><G79/><T33/><D33/><U104/><E104/><V86/><F100/><N who="0" m="38474" /><D93/><U64/><E64/><V132/><F132/><W74/><G74/><T40/><D40/><U27/><E122/><V5/><F94/><W91/><G105/><T19/><D28/><U82/><REACH who="1" step="1"/><E26/><REACH who="1" ten="250,240,250,250" step="2"/><N who="2" m="16711" /><F111/><W130/><G63/><T126/><D24/><U88/><AGARI ba="0,1" hai="23,27,29,49,55,56,75,76,82,88,92,98,125,127" machi="88" ten="30,8000,1" yaku="1,1,0,1,52,1,54,1,53,1" doraHai="106" doraHaiUra="16" who="1" fromWho="1" sc="250,-40,240,90,250,-20,250,-20" /><INIT seed="1,0,0,3,1,7" ten="210,330,230,230" oya="1" hai0="37,130,113,107,116,45,74,39,38,94,6,91,120" hai1="72,123,121,86,57,105,12,44,70,32,53,122,100" hai2="63,30,114,42,22,10,134,102,71,101,47,56,98" hai3="83,64,96,31,82,104,77,24,112,23,35,89,5"/><U131/><E72/><V111/><F111/><W1/><G112/><T133/><D107/><U62/><E32/><V66/><F114/><W19/><G64/><T34/><D34/><U52/><E131/><V73/><F73/><W119/><G119/><T132/><D74/><U87/><E70/><V76/><F76/><W26/><G77/><T125/><D38/><U61/><E12/><V20/><F134/><W84/><G104/><T3/><D39/><U16/><E16/><V8/><F71/><W103/><G96/><T29/><D37/><U4/><E4/><V28/><F22/><W90/><G103/><N who="2" m="39433" /><F98/><W126/><G126/><T85/><D125/><U50/><REACH who="1" step="1"/><E62/><REACH who="1" ten="210,320,230,230" step="2"/><V25/><F28/><W2/><G5/><T54/><D130/><U129/><E129/><V128/><F128/><W15/><G15/><T110/><D113/><U108/><E108/><V80/><F30/><W14/><G14/><T27/><D110/><U109/><E109/><V49/><F25/><W65/><G26/><T99/><D132/><U51/><E51/><V21/><F21/><W67/><G35/><T68/><D68/><U48/><E48/><V97/><F20/><W79/><G19/><T0/><D133/><U36/><E36/><V75/><F75/><N who="3" m="43391" /><G1/><T55/><D3/><U59/><E59/><V17/><F17/><W60/><G2/><T78/><D0/><U40/><E40/><N who="2" m="24807" /><F56/><W118/><G118/><T46/><D116/><U33/><E33/><V95/><F42/><W106/><G60/><T18/><D120/><U13/><E13/><V115/><F115/><W93/><G106/><RYUUKYOKU type="nm" ba="0,1" sc="210,80,320,-40,230,-20,230,-20" hai1="44,50,52,53,57,61,86,87,100,105,121,122,123" hai3="23,24,31,65,67,83,84,89,90,93" /><INIT seed="1,1,1,5,1,87" ten="290,280,210,210" oya="1" hai0="65,69,118,54,77,32,35,30,23,126,79,68,9" hai1="37,36,89,59,14,15,25,48,2,24,132,19,38" hai2="92,83,95,117,61,1,130,71,112,67,29,102,55" hai3="78,13,18,85,103,84,53,106,129,104,131,109,27"/><U52/><E2/><V39/><F117/><W115/><G115/><T5/><D118/><U12/><E132/><V4/><F112/><W50/><G109/><T57/><D23/><U107/><E107/><N who="3" m="41002" /><G103/><T58/><D126/><U90/><REACH who="1" step="1"/><E19/><REACH who="1" ten="290,270,210,210" step="2"/><V47/><F1/><W11/><G18/><T88/><D5/><U72/><E72/><V8/><F4/><N who="3" m="3303" /><G27/><AGARI ba="1,2" hai="12,14,15,24,25,27,36,37,38,48,52,59,89,90" machi="27" ten="50,12000,1" yaku="1,1,52,2,54,1,53,1" doraHai="87" doraHaiUra="46" who="1" fromWho="3" sc="290,0,270,143,210,0,210,-123" /><INIT seed="1,2,0,2,3,97" ten="290,413,210,87" oya="1" hai0="133,134,126,71,7,54,39,73,90,82,94,80,43" hai1="49,38,109,127,101,20,78,81,107,93,50,51,48" hai2="16,92,60,21,83,4,5,89,117,61,98,55,62" hai3="69,67,108,12,120,66,116,11,96,56,121,46,88"/><U99/><E38/><V45/><F117/><W123/><G108/><T31/><D71/><U113/><E109/><V76/><F45/><W75/><G75/><T28/><D7/><U85/><E113/><V40/><F40/><W0/><G69/><T135/><D126/><U6/><E127/><V30/><F30/><N who="0" m="11306" /><D73/><U95/><E20/><V114/><F114/><W79/><G116/><T42/><D54/><U18/><E18/><V52/><F4/><W27/><G0/><T77/><D39/><U2/><REACH who="1" step="1"/><E51/><REACH who="1" ten="290,403,210,87" step="2"/><V26/><REACH who="2" step="1"/><F5/><REACH who="2" ten="290,403,200,87" step="2"/><N who="3" m="3183" /><G123/><T3/><D134/><U72/><E72/><AGARI ba="2,2" hai="16,21,26,52,55,60,61,62,72,76,83,89,92,98" machi="72" ten="40,5200,0" yaku="1,1,54,2,53,0" doraHai="97" doraHaiUra="110" who="2" fromWho="1" sc="290,0,403,-58,200,78,87,0" /><INIT seed="2,0,0,1,4,135" ten="290,345,278,87" oya="2" hai0="83,20,63,31,52,56,59,96,2,78,58,29,43" hai1="76,99,55,75,74,0,100,36,71,14,49,128,114" hai2="8,104,30,118,92,91,70,129,44,46,115,122,64" hai3="32,131,4,81,24,130,110,15,79,121,27,23,11"/><V125/><F115/><W108/><G81/><T85/><D2/><U97/><E114/><V80/><F118/><W39/><G39/><T35/><D35/><U127/><E0/><V48/><F104/><W65/><G121/><T60/><D43/><U57/><E36/><V18/><F122/><W117/><G117/><T107/><D59/><U42/><E71/><V89/><F129/><N who="3" m="49163" /><G65/><T93/><D20/><U106/><E128/><V105/><F105/><W33/><G79/><T98/><D107/><U66/><E66/><V73/><F64/><W88/><G88/><T1/><D1/><U95/><E76/><V51/><F80/><W53/><G53/><T12/><D12/><U133/><E42/><V62/><F91/><W47/><G47/><T123/><D123/><U94/><E106/><V19/><F89/><W6/><G6/><T77/><D77/><U134/><E14/><V119/><F119/><W112/><G112/><T87/><D87/><U67/><E67/><V72/><F46/><W50/><G50/><T69/><D69/><U120/><E120/><V54/><F44/><W109/><G24/><T3/><D3/><U82/><E82/><V28/><F70/><W13/><G15/><T101/><D96/><U68/><E68/><V25/><F25/><W90/><G90/><T124/><D58/><U132/><E97/><V22/><F92/><W7/><G7/><T21/><D98/><U111/><E94/><V9/><F51/><W126/><G126/><T103/><D124/><U41/><E127/><V16/><F125/><W84/><G84/><N who="0" m="48247" /><D93/><U45/><E95/><RYUUKYOKU ba="0,0" sc="290,-10,345,-10,278,-10,87,30" hai3="4,11,13,23,27,32,33,108,109,110" /><INIT seed="3,1,0,0,1,118" ten="280,335,268,117" oya="3" hai0="103,84,44,18,65,55,24,31,119,20,107,134,33" hai1="52,58,93,34,76,83,120,64,81,13,86,35,2" hai2="3,111,89,75,67,117,4,22,50,87,88,45,98" hai3="92,80,63,108,46,109,53,71,49,69,79,77,27"/><W95/><G27/><T124/><D119/><U25/><E120/><V54/><F117/><W132/><G132/><T0/><D0/><U7/><E2/><V19/><F75/><W10/><G10/><T9/><D124/><U115/><E115/><V90/><F111/><N who="3" m="42571" /><G77/><T40/><D134/><U102/><E64/><V11/><F67/><N who="3" m="41215" /><G71/><T62/><D9/><U39/><E25/><V38/><F38/><W128/><G128/><T6/><D24/><U15/><E39/><V82/><F98/><W59/><G46/><T122/><D44/><U37/><E34/><V112/><F112/><W32/><G32/><T8/><D33/><U100/><E35/><V99/><F99/><W51/><G49/><T61/><D8/><U123/><E37/><V1/><F1/><W57/><G57/><T106/><D61/><U17/><E76/><V48/><F50/><W56/><G56/><T47/><D62/><U78/><E78/><V101/><F101/><W133/><G133/><T97/><D103/><U131/><E100/><V23/><F23/><W127/><G127/><T5/><D20/><U12/><E58/><V129/><F129/><W14/><G14/><AGARI ba="1,0" hai="3,4,11,14,19,22,45,48,54,82,87,88,89,90" machi="14" ten="30,2000,0" yaku="7,1,54,1" doraHai="118" who="2" fromWho="3" sc="280,0,335,0,268,23,117,-23" owari="280,-12.0,335,43.5,291,9.1,94,-40.6" /></mjloggm>