<mjloggm ver="2.3"><GO type="225" lobby="0"/><UN n0="%E3%81%A9%E3%82%8F%E3%82%93%E3%81%94" n1="%72%69%6F%75%63%68%61%6E" n2="%E3%81%95%E3%81%8D%E3%81%9F%E3%81%BE%E6%9E%97%E6%AA%8E" n3="%E3%81%9F%E3%81%93%E2%98%86%E7%84%BC%E3%81%8D" dan="16,17,16,16" rate="2187.64,2296.06,2156.29,2083.86" sx="M,M,M,M"/><TAIKYOKU oya="0"/><INIT seed="0,0,0,4,3,25" ten="250,250,250,250" oya="0" hai0="66,63,91,123,39,104,129,31,92,13,128,73,134" hai1="23,32,83,77,67,15,45,70,0,69,34,17,2" hai2="108,72,43,19,5,74,85,98,113,26,125,44,96" hai3="122,81,107,124,9,65,3,101,133,68,49,78,16"/><T116/><D39/><U30/><E45/><V60/><F108/><W48/><G3/><T119/><D104/><U106/><E106/><V88/><F113/><W80/><G78/><T102/><D73/><U14/><E14/><V132/><F132/><W90/><G9/><T76/><D76/><U56/><E56/><V86/><F125/><W24/><G65/><T40/><D102/><U112/><E112/><V21/><F5/><W35/><G24/><T126/><D40/><U100/><E100/><V64/><F74/><W53/><G35/><T4/><D123/><U114/><E114/><V111/><F72/><W6/><G6/><T59/><D134/><U117/><E117/><V52/><F85/><W71/><G53/><T10/><D31/><U131/><E131/><N who="0" m="50249" /><D126/><U37/><E37/><V11/><F11/><W12/><G101/><T47/><D47/><U120/><E120/><V22/><F22/><W7/><G122/><T94/><D94/><U29/><E32/><V97/><F111/><W20/><G107/><T28/><D28/><N who="1" m="10859" /><E34/><V79/><F79/><W103/><G103/><T75/><D75/><N who="1" m="43455" /><E67/><V115/><F115/><W110/><G110/><T42/><D42/><U1/><E1/><V50/><F43/><W87/><G124/><T99/><AGARI ba="0,0" hai="4,10,13,59,63,66,91,92,99,116,119" m="50249" machi="99" ten="30,1500,0" yaku="19,1" doraHai="25" who="0" fromWho="0" sc="250,15,250,-5,250,-5,250,-5" /><INIT seed="0,1,0,5,2,103" ten="265,245,245,245" oya="0" hai0="75,96,94,7,104,14,120,135,91,121,40,123,22" hai1="25,24,18,115,126,36,83,92,87,49,69,58,118" hai2="6,26,70,68,82,72,43,127,56,93,20,107,11" hai3="86,109,71,89,62,101,133,114,90,116,3,21,131"/><T44/><D135/><U28/><E118/><V78/><F127/><W19/><G3/><T63/><D75/><U29/><E126/><V31/><F107/><W130/><G109/><T37/><D63/><U2/><E115/><V129/><F129/><W4/><G4/><T73/><D73/><U1/><E36/><V42/><F42/><W111/><G111/><T52/><D104/><U5/><E69/><V33/><F33/><W8/><G101/><T134/><D134/><U65/><E92/><V60/><F43/><W10/><G21/><T105/><D105/><U39/><E39/><V27/><F27/><W61/><G86/><T98/><D98/><U47/><E18/><V77/><F93/><W95/><G95/><T57/><D22/><U48/><E5/><V76/><F70/><W13/><G13/><T17/><D17/><U51/><E47/><V54/><REACH who="2" step="1"/><F68/><REACH who="2" ten="265,245,235,245" step="2"/><W117/><G71/><T119/><D119/><U81/><E24/><V79/><F79/><W38/><G133/><T84/><D123/><U41/><E41/><V128/><F128/><W113/><G38/><T12/><D121/><U55/><E25/><V108/><F108/><W97/><G130/><T100/><D120/><U112/><E112/><V53/><F53/><W32/><G131/><T30/><D30/><U124/><E55/><V35/><F35/><W59/><G32/><T80/><D7/><U66/><E124/><V88/><F88/><W9/><G114/><T46/><D46/><U122/><E28/><V85/><F85/><W23/><G113/><T16/><D44/><U67/><E122/><RYUUKYOKU ba="1,1" sc="265,-10,245,-10,235,30,245,-10" hai2="6,11,20,26,31,54,56,60,72,76,77,78,82" /><INIT seed="1,2,1,4,5,31" ten="255,235,265,235" oya="1" hai0="69,72,129,96,46,53,122,106,76,115,28,79,50" hai1="82,109,64,11,65,108,102,78,61,124,33,91,19" hai2="73,97,84,113,126,30,0,48,111,36,90,12,56" hai3="80,66,128,85,43,62,98,95,51,132,6,120,35"/><U86/><E124/><V57/><F111/><N who="1" m="42569" /><E102/><V4/><F126/><W14/><G128/><T18/><D115/><U7/><E33/><V83/><F36/><W74/><G74/><T88/><D129/><U93/><E19/><V116/><F116/><W70/><G132/><T94/><D69/><U59/><E64/><V63/><F0/><W104/><G104/><T39/><D122/><U101/><E101/><V58/><F73/><W5/><G51/><T81/><D39/><U103/><E103/><V1/><F1/><W54/><G43/><T24/><D106/><U22/><E22/><V3/><F3/><W32/><G54/><T100/><D18/><U29/><E29/><V26/><F113/><W52/><G52/><T71/><D71/><U20/><E20/><N who="2" m="15687" /><F48/><W127/><G120/><T119/><D119/><U55/><E65/><N who="2" m="39143" /><F97/><W131/><G131/><T125/><D125/><U41/><E41/><V9/><AGARI ba="2,1" hai="4,9,12,57,58,83,84,90" m="39143,15687" machi="9" ten="30,1100,0" yaku="8,1" doraHai="31" who="2" fromWho="2" sc="255,-5,235,-7,265,27,235,-5" /><INIT seed="2,0,0,3,2,35" ten="250,228,292,230" oya="2" hai0="57,101,94,49,25,63,117,48,122,60,123,64,11" hai1="32,39,85,34,65,9,76,72,87,3,125,104,95" hai2="54,132,128,130,77,8,46,108,121,69,47,96,71" hai3="17,2,10,4,0,1,55,27,118,126,45,19,66"/><V75/><F121/><N who="0" m="46090" /><D94/><U7/><E104/><V116/><F116/><W88/><G118/><T61/><D101/><U112/><E112/><V24/><F132/><W120/><G66/><T62/><D25/><U109/><E109/><V41/><F108/><W18/><G120/><T115/><D11/><U114/><E114/><V135/><F135/><W110/><G110/><T22/><D22/><U5/><E125/><V58/><F96/><W51/><G126/><T81/><D81/><U53/><E39/><V59/><F24/><W52/><G27/><T91/><D91/><U14/><E65/><V129/><F59/><W78/><G78/><T90/><D90/><U30/><E53/><V97/><F97/><W23/><G23/><T83/><D83/><U50/><E50/><N who="0" m="19561" /><D115/><U119/><E119/><AGARI ba="0,0" hai="57,60,61,62,63,64,117,119" m="19561,46090" machi="119" ten="40,2600,0" yaku="34,2" doraHai="35" who="0" fromWho="1" sc="250,26,228,-26,292,0,230,0" /><INIT seed="3,0,0,3,1,54" ten="276,202,292,230" oya="3" hai0="90,94,79,80,86,110,85,74,135,81,55,56,83" hai1="77,16,119,65,103,13,121,45,46,100,92,131,96" hai2="66,47,69,87,39,53,44,49,35,31,2,91,105" hai3="58,43,126,107,40,76,41,88,118,11,75,117,42"/><W114/><N who="3" m="10240" /><DORA hai="73" /><W3/><G107/><T19/><D110/><U20/><E121/><V98/><F39/><W5/><G114/><T52/><D135/><U134/><E134/><V129/><F2/><W21/><G126/><T33/><D33/><U10/><E131/><V7/><F7/><W128/><G128/><T97/><D55/><U14/><E119/><V106/><F129/><W0/><G21/><T93/><D19/><U95/><E65/><V18/><F47/><W17/><G17/><T37/><D37/><U78/><E45/><V109/><F109/><W115/><G115/><T104/><D104/><U108/><E46/><V59/><F69/><W132/><G0/><T50/><D74/><U36/><E108/><V24/><F18/><W133/><G88/><AGARI ba="0,0" hai="50,52,56,79,80,81,83,85,86,88,90,93,94,97" machi="88" ten="30,12000,2" yaku="7,1,8,1,52,2,54,2" doraHai="54,73" who="0" fromWho="3" sc="276,120,202,0,292,0,230,-120" owari="396,49.6,202,-19.8,292,9.2,110,-39.0" /></mjloggm>