<mjloggm ver="2.3"><GO type="225" lobby="0"/><UN n0="%77%72%77%72%77%72%77%72" n1="%E5%8D%A0%E3%81%84%E5%B8%AB%E8%A3%8F%E3%81%AA%E3%81%84%E3%81%97" n2="%E9%A2%A8%E3%81%A7%E9%B3%B4%E3%81%8F" n3="%4C%4F%4C%49%54%41" dan="16,16,16,16" rate="2220.40,2176.95,2167.14,2165.54" sx="M,M,M,F"/><TAIKYOKU oya="0"/><INIT seed="0,0,0,3,2,115" ten="250,250,250,250" oya="0" hai0="21,99,76,124,63,123,13,24,61,32,89,98,11" hai1="122,41,105,92,70,107,62,127,46,47,126,133,97" hai2="37,57,64,88,117,74,85,12,26,20,60,130,119" hai3="110,51,2,49,108,17,65,82,66,18,77,59,10"/><T125/><D123/><U90/><E122/><V53/><F74/><W6/><G17/><T132/><D32/><U39/><E133/><V36/><F12/><W22/><G51/><T129/><D76/><U72/><E72/><V121/><F121/><W100/><G100/><T31/><D132/><U96/><E47/><V16/><F130/><W79/><G49/><T135/><D135/><U58/><E70/><V78/><F78/><W80/><G80/><T86/><D129/><U7/><E7/><V114/><F114/><W8/><G8/><T44/><D44/><U87/><E97/><N who="0" m="36873" /><D125/><N who="1" m="47627" /><E96/><V29/><F29/><W101/><G101/><T56/><D56/><U40/><E41/><V27/><F27/><N who="3" m="14807" /><G59/><T128/><D128/><U104/><E104/><V23/><F23/><W68/><G68/><T116/><D124/><U113/><E113/><V28/><F28/><W55/><G79/><T15/><D15/><U35/><E35/><V52/><F37/><W5/><G5/><N who="0" m="3311" /><D116/><N who="2" m="44618" /><F36/><W91/><G77/><T102/><D102/><U19/><E19/><V120/><F120/><W38/><G38/><T73/><D73/><U42/><E42/><V94/><AGARI ba="0,0" hai="16,20,26,52,53,57,60,64,85,88,94" m="44618" machi="94" ten="30,12000,2" yaku="12,1,52,3,54,3" doraHai="115" who="2" fromWho="2" sc="250,-60,250,-30,250,120,250,-30" /><INIT seed="1,0,0,1,5,56" ten="190,220,370,220" oya="1" hai0="11,27,29,67,41,130,114,40,65,53,55,12,129" hai1="34,107,30,57,68,81,25,47,4,49,64,111,50" hai2="37,59,104,19,54,45,62,39,44,128,126,74,133" hai3="35,51,90,120,75,16,92,0,58,46,84,10,69"/><U85/><E107/><V132/><F104/><W95/><G69/><T134/><D114/><U94/><E68/><V24/><F74/><W70/><G70/><T26/><D134/><N who="2" m="51818" /><F24/><W108/><G75/><T102/><D102/><U82/><E4/><V33/><F19/><W118/><G120/><T117/><D117/><U48/><E111/><V116/><F33/><W17/><G35/><T87/><D87/><U83/><E94/><V123/><F116/><W61/><G108/><T110/><D110/><U73/><E73/><V52/><F123/><W18/><G118/><T60/><D12/><U71/><E71/><V109/><F109/><W80/><G10/><T21/><D21/><U101/><E101/><V38/><F128/><W78/><G0/><T31/><REACH who="0" step="1"/><D11/><REACH who="0" ten="180,220,370,220" step="2"/><U6/><E85/><V106/><F106/><W32/><G32/><T115/><D115/><U86/><E86/><V2/><F2/><W113/><G113/><T127/><D127/><U89/><E34/><V124/><F126/><W43/><REACH who="3" step="1"/><G90/><REACH who="3" ten="180,220,370,210" step="2"/><T88/><D88/><U8/><E89/><V103/><F124/><W15/><G15/><T3/><D3/><U121/><E8/><V42/><F103/><W119/><G119/><T96/><D96/><U112/><E112/><V105/><F105/><W93/><G93/><T1/><D1/><U77/><E121/><V131/><F131/><W23/><G23/><T13/><D13/><U20/><E20/><V7/><F7/><W63/><G63/><AGARI ba="0,2" hai="26,27,29,31,40,41,53,55,60,63,65,67,129,130" machi="63" ten="25,8000,1" yaku="1,1,22,2,52,2,53,0" doraHai="56" doraHaiUra="135" who="0" fromWho="3" sc="180,100,220,0,370,0,210,-80" /><INIT seed="2,0,0,5,1,94" ten="280,220,370,130" oya="2" hai0="132,20,38,87,27,40,100,72,96,133,121,127,22" hai1="13,134,85,26,105,99,90,68,129,60,69,104,48" hai2="64,109,117,1,80,74,95,73,37,79,24,57,91" hai3="35,107,86,108,14,112,89,23,77,123,76,55,47"/><V62/><F1/><W15/><G35/><T5/><D121/><U7/><E129/><V50/><F37/><W18/><G123/><T34/><D72/><U28/><E134/><N who="0" m="51817" /><D127/><U103/><E105/><V49/><F117/><W125/><G107/><T30/><D5/><U98/><E48/><V29/><F74/><W19/><G108/><T116/><D116/><U66/><E69/><V128/><F128/><W31/><G125/><T81/><D40/><U102/><E7/><V71/><F71/><W42/><G31/><T33/><D33/><N who="1" m="20631" /><E13/><V131/><F131/><W122/><G112/><T21/><D38/><U25/><E25/><V54/><F64/><W44/><G55/><T61/><D61/><U63/><E63/><V93/><F93/><W2/><G2/><T92/><D34/><U12/><E12/><V101/><F101/><W126/><G126/><T46/><D46/><U9/><E9/><V58/><F57/><W8/><G122/><T110/><D110/><U43/><E43/><V118/><F118/><W53/><G44/><T119/><D119/><U135/><E135/><V45/><F45/><W4/><G4/><T36/><D36/><U56/><E56/><V111/><F109/><W78/><G42/><T32/><D32/><U3/><E3/><V130/><F111/><W83/><REACH who="3" step="1"/><G77/><AGARI ba="0,0" hai="20,21,22,27,30,77,81,87,92,96,100" m="51817" machi="77" ten="30,2000,0" yaku="20,1,52,1" doraHai="94" who="0" fromWho="3" sc="280,20,220,0,370,0,130,-20" /><INIT seed="3,0,0,4,3,88" ten="300,220,370,110" oya="3" hai0="110,52,16,49,47,27,6,3,99,97,4,35,81" hai1="109,22,130,54,13,79,129,82,120,108,127,45,1" hai2="9,55,8,105,71,28,89,74,36,15,34,72,51" hai3="42,112,114,43,50,86,90,128,17,115,73,98,69"/><W0/><G73/><T95/><D110/><N who="1" m="42603" /><E120/><V123/><F36/><W106/><G69/><T66/><D3/><U76/><E1/><V33/><F71/><W61/><G128/><N who="1" m="49258" /><E127/><V96/><F123/><W67/><G0/><T131/><D35/><U80/><E13/><V32/><F28/><W18/><G98/><T132/><D66/><U19/><E19/><V135/><F135/><W60/><G106/><T11/><D132/><U92/><E22/><V59/><F8/><W39/><G39/><T57/><D57/><U78/><E92/><V126/><F126/><W65/><G50/><AGARI ba="0,0" hai="45,50,54,76,78,79,80,82" m="49258,42603" machi="50" ten="40,2600,0" yaku="14,1,19,1" doraHai="88" who="1" fromWho="3" sc="300,0,220,26,370,0,110,-26" owari="300,10.0,246,-15.4,370,47.0,84,-41.6" /></mjloggm>