<mjloggm ver="2.3"><GO type="225" lobby="0"/><UN n0="%E2%91%A3%E9%81%BF%E9%81%8A%E6%88%AF%E3%80%90%E6%9D%B1%E5%8D%97%E3%80%91" n1="%4D%50%43%32%38%30%30" n2="%30%2E%31%32%30" n3="%E6%A1%9C%E8%8A%B1%E9%96%83%E3%80%85" dan="16,16,16,17" rate="2140.42,2138.74,2067.83,2189.53" sx="M,M,M,M"/><TAIKYOKU oya="0"/><INIT seed="0,0,0,4,1,35" ten="250,250,250,250" oya="0" hai0="12,47,130,95,63,68,81,107,131,116,119,38,101" hai1="106,5,108,57,54,29,14,28,16,79,25,102,78" hai2="9,66,42,65,34,87,64,15,53,94,21,36,109" hai3="40,32,121,132,45,70,69,26,52,77,86,20,18"/><T39/><D12/><U103/><E108/><V84/><F34/><W46/><G132/><T49/><D107/><U113/><E113/><V123/><F123/><W19/><G121/><T111/><D81/><U7/><E106/><V127/><F109/><W0/><G32/><T31/><D31/><N who="1" m="11851" /><E25/><V13/><F127/><W27/><G0/><T135/><D101/><N who="1" m="38411" /><E7/><V71/><F71/><W1/><G1/><T6/><D95/><U48/><E5/><V129/><F129/><N who="0" m="49162" /><D6/><U73/><E73/><V17/><F94/><W56/><G70/><T74/><D74/><U97/><E97/><V88/><F84/><W51/><G69/><T85/><D85/><U96/><E96/><V99/><F99/><W126/><G126/><T60/><D111/><U33/><E33/><V67/><F36/><N who="0" m="13866" /><D135/><U117/><E117/><N who="0" m="45129" /><D68/><U22/><AGARI ba="0,0" hai="14,16,22,48,54,57,78,79" m="38411,11851" machi="22" ten="30,2000,0" yaku="8,1,54,1" doraHai="35" who="1" fromWho="1" sc="250,-10,250,20,250,-5,250,-5" /><INIT seed="1,0,0,4,4,35" ten="240,270,245,245" oya="1" hai0="121,5,101,82,133,39,74,97,112,1,46,117,24" hai1="80,47,52,109,115,69,64,73,94,61,26,0,119" hai2="90,122,41,83,29,77,36,71,76,95,31,51,70" hai3="2,98,103,63,96,135,23,38,33,19,104,44,134"/><U68/><E115/><V114/><F36/><W100/><G33/><T123/><D117/><U91/><E119/><V56/><F114/><W6/><G63/><T130/><D112/><U12/><E69/><V25/><F122/><W57/><G57/><T93/><D133/><N who="3" m="50697" /><G44/><T3/><D24/><U67/><E0/><V49/><F41/><W17/><G38/><T126/><D126/><U53/><E67/><V79/><F83/><W118/><G118/><T128/><D46/><U16/><E26/><V50/><F56/><W55/><G55/><T9/><D39/><U92/><E109/><V15/><F15/><W111/><G23/><T99/><D1/><U88/><E91/><V34/><REACH who="2" step="1"/><F31/><REACH who="2" ten="240,270,235,245" step="2"/><W48/><G111/><T87/><D123/><U110/><E110/><V21/><F21/><W10/><G48/><T105/><D121/><U28/><E28/><V89/><F89/><W124/><G124/><T113/><D113/><U108/><E108/><V132/><F132/><W127/><G127/><T22/><D22/><U81/><E80/><V45/><F45/><W11/><G11/><T43/><D43/><U40/><E40/><V65/><F65/><W59/><G59/><T78/><REACH who="0" step="1"/><D74/><REACH who="0" ten="230,270,235,245" step="2"/><U102/><E73/><V66/><F66/><W30/><G30/><T4/><D4/><U84/><E47/><V54/><F54/><W62/><G62/><T8/><D8/><N who="1" m="6151" /><E53/><V37/><F37/><W131/><G19/><T125/><D125/><U75/><E75/><V85/><AGARI ba="0,2" hai="25,29,34,49,50,51,70,71,76,77,79,85,90,95" machi="85" ten="30,2000,0" yaku="1,1,0,1,53,0" doraHai="35" doraHaiUra="42" who="2" fromWho="2" sc="230,-5,270,-10,235,40,245,-5" /><INIT seed="2,0,0,3,5,96" ten="225,260,275,240" oya="2" hai0="72,66,0,3,29,135,33,22,110,51,113,61,122" hai1="90,12,44,65,121,112,119,37,97,84,83,101,39" hai2="42,25,13,49,69,116,114,82,26,111,85,81,87" hai3="93,95,46,89,38,9,36,70,126,134,30,57,109"/><V107/><F114/><W47/><G70/><T45/><D113/><U133/><E112/><V55/><F69/><W92/><G109/><T8/><D72/><U127/><E119/><V63/><F107/><W27/><G126/><T23/><D110/><U105/><E127/><V130/><F130/><W123/><G123/><T125/><D122/><U40/><E121/><V28/><F111/><W53/><G134/><T100/><D135/><U67/><E133/><V74/><F74/><W34/><G89/><T31/><D33/><U129/><E129/><V14/><F42/><W50/><REACH who="3" step="1"/><G9/><REACH who="3" ten="225,260,275,230" step="2"/><T77/><D125/><U117/><E117/><V75/><F116/><W5/><G5/><T131/><D8/><U17/><E39/><AGARI ba="0,1" hai="27,30,34,36,38,39,46,47,50,53,57,92,93,95" machi="39" ten="40,1300,0" yaku="1,1,53,0" doraHai="96" doraHaiUra="106" who="3" fromWho="1" sc="225,0,260,-13,275,0,230,23" /><INIT seed="3,0,0,5,2,104" ten="225,247,275,253" oya="3" hai0="109,102,65,33,133,68,124,45,28,116,63,44,37" hai1="115,11,16,30,36,103,39,70,20,135,84,24,25" hai2="23,112,9,114,108,40,130,0,15,46,19,13,48" hai3="119,53,12,51,26,121,110,62,94,29,2,38,123"/><W71/><G2/><T64/><D116/><U57/><E115/><V43/><F108/><W14/><G38/><T18/><D109/><U66/><E135/><V54/><F130/><W60/><G119/><T76/><D133/><U47/><E70/><V77/><F0/><W75/><G110/><T4/><D65/><U105/><E47/><V122/><F77/><W117/><G117/><T7/><D124/><U125/><E125/><V74/><F74/><W52/><G75/><T127/><D127/><U131/><E131/><V128/><F128/><W1/><G1/><T34/><D34/><U3/><E84/><V79/><F79/><W6/><G94/><T111/><D111/><U85/><E85/><V106/><F106/><W134/><G53/><T55/><D76/><U90/><E90/><V73/><F73/><W49/><G49/><N who="0" m="29095" /><D102/><U86/><E86/><V91/><F91/><W59/><G14/><T99/><D99/><U107/><E107/><V72/><F72/><W96/><G96/><T10/><D18/><U87/><E87/><V83/><F83/><W118/><G118/><T61/><D61/><N who="3" m="23657" /><G71/><T81/><D81/><U129/><E129/><V98/><F122/><W22/><G134/><T132/><D132/><U17/><E103/><V42/><REACH who="2" step="1"/><F98/><REACH who="2" ten="225,247,265,253" step="2"/><W113/><G113/><T95/><D95/><U27/><E105/><V89/><F89/><W41/><G123/><T56/><D68/><U21/><E3/><V8/><F8/><N who="3" m="4119" /><G121/><T92/><D92/><U126/><E126/><V120/><F120/><W97/><G97/><T67/><D10/><U80/><E80/><RYUUKYOKU ba="0,1" sc="225,-15,247,-15,265,15,253,15" hai2="9,13,15,19,23,40,42,43,46,48,54,112,114" hai3="22,26,29,41,51,52,59" /><INIT seed="3,1,1,1,3,116" ten="210,232,280,268" oya="3" hai0="66,41,38,124,83,99,15,29,123,71,89,68,118" hai1="93,56,113,9,125,26,119,23,85,30,43,81,97" hai2="108,12,128,51,115,10,67,0,61,63,59,21,3" hai3="58,60,94,64,24,79,114,31,84,132,45,19,48"/><W35/><G132/><T103/><D118/><U28/><E119/><V122/><F115/><W18/><G114/><T112/><D112/><U69/><E69/><V131/><F122/><W65/><G65/><T82/><D123/><U22/><E113/><V121/><F121/><W13/><G13/><T98/><D124/><U129/><E129/><N who="2" m="49739" /><F108/><W27/><G27/><T104/><D29/><U101/><E125/><V5/><F51/><W130/><G130/><T1/><D1/><U87/><E43/><V117/><F117/><W53/><REACH who="3" step="1"/><G94/><REACH who="3" ten="210,232,280,258" step="2"/><N who="0" m="56655" /><D66/><U106/><E93/><V73/><F0/><W111/><G111/><T44/><D15/><U20/><E26/><V4/><F3/><W109/><G109/><T110/><D110/><U11/><E30/><V34/><F67/><W133/><G133/><T2/><D2/><U135/><E28/><V127/><F12/><W33/><G33/><T32/><D32/><U75/><E135/><V77/><F34/><W95/><G95/><T17/><D17/><U46/><E106/><V70/><F4/><W8/><G8/><T100/><D100/><U36/><E11/><V49/><F10/><W47/><G47/><T92/><D104/><N who="1" m="63535" /><E9/><V37/><F127/><W16/><G16/><T88/><D103/><U7/><E7/><V62/><F5/><W126/><G126/><T39/><D39/><U91/><E36/><V86/><F37/><W107/><G107/><T134/><D134/><U14/><E14/><V40/><F21/><W72/><G72/><T96/><D96/><U76/><E23/><V54/><F73/><W105/><G105/><RYUUKYOKU ba="1,2" sc="210,15,232,-15,280,-15,258,15" hai0="38,41,44,68,71,82,83,88,92,99" hai3="18,19,24,31,35,45,48,53,58,60,64,79,84" /><INIT seed="3,2,2,0,1,5" ten="225,217,265,273" oya="3" hai0="3,87,14,130,6,124,38,129,25,123,19,70,134" hai1="131,67,4,45,8,23,2,132,64,86,31,10,28" hai2="79,29,95,48,72,117,58,94,71,107,85,118,135" hai3="111,26,37,41,32,115,108,114,82,126,84,11,49"/><W30/><G126/><T44/><D123/><U56/><E132/><V88/><F71/><W20/><G11/><N who="1" m="4138" /><E4/><V93/><F29/><N who="1" m="11337" /><E2/><V55/><F135/><W105/><G105/><T89/><D6/><U46/><E131/><N who="0" m="50185" /><D3/><U77/><E23/><V73/><F107/><W40/><G49/><T127/><D70/><U103/><E103/><V80/><REACH who="2" step="1"/><F73/><REACH who="2" ten="225,217,255,273" step="2"/><W116/><G30/><T42/><D134/><U57/><E77/><V22/><F22/><W74/><G20/><N who="0" m="13471" /><D14/><U83/><E67/><V0/><F0/><W128/><G74/><T53/><D53/><U15/><E15/><V16/><F16/><W92/><G128/><T109/><D109/><U27/><E27/><V65/><F65/><W91/><G111/><T61/><D61/><U13/><E13/><V63/><F63/><W113/><G108/><T90/><D90/><N who="1" m="51551" /><E64/><V78/><F78/><W24/><G24/><T66/><D66/><U18/><E18/><V54/><F54/><W112/><G112/><T59/><D59/><AGARI ba="2,3" hai="45,46,56,57,59" m="51551,11337,4138" machi="59" ten="30,7700,0" yaku="8,1,52,3" doraHai="5" who="1" fromWho="0" sc="225,-83,217,113,255,0,273,0" owari="142,-35.8,330,43.0,255,-14.5,273,7.3" /></mjloggm>