<mjloggm ver="2.3"><GO type="225" lobby="0"/><UN n0="%E6%A1%9C%E8%8A%B1%E9%96%83%E3%80%85" n1="%E3%82%BC%E3%83%AB%E3%83%80%E3%81%AE%E4%BC%9D%E8%AA%AC" n2="%72%69%6F%75%63%68%61%6E" n3="%E8%81%B7%E6%A5%AD%E3%80%81%E9%A2%A8%32" dan="18,16,17,16" rate="2211.80,2164.98,2177.33,2163.18" sx="M,M,M,M"/><TAIKYOKU oya="0"/><INIT seed="0,0,0,3,2,118" ten="250,250,250,250" oya="0" hai0="96,30,45,58,47,17,133,37,97,92,3,119,27" hai1="19,104,63,25,56,114,124,76,115,31,135,14,71" hai2="93,34,6,35,42,117,116,79,85,105,41,61,64" hai3="15,84,112,82,40,78,2,11,83,98,53,10,13"/><T100/><D119/><N who="2" m="45642" /><F105/><W121/><G112/><N who="1" m="43050" /><E104/><V62/><F6/><W44/><G121/><T111/><D133/><U86/><E71/><V132/><F132/><W33/><G33/><N who="2" m="12297" /><F93/><W122/><G122/><T69/><D69/><U55/><E135/><V110/><F110/><W57/><G98/><T29/><D3/><U39/><E39/><V67/><F85/><W106/><G106/><T95/><D111/><U94/><E124/><V75/><F79/><W74/><G2/><T43/><D58/><U126/><E126/><V120/><F75/><W77/><G13/><T130/><D130/><U49/><E63/><N who="2" m="24075" /><F120/><W23/><G15/><T1/><D1/><U18/><E14/><V102/><F102/><W101/><G101/><T91/><REACH who="0" step="1"/><D47/><REACH who="0" ten="240,250,250,250" step="2"/><U36/><E56/><V89/><F89/><W127/><G57/><T66/><D66/><AGARI ba="0,1" hai="41,42,64,66,67" m="24075,12297,45642" machi="66" ten="40,5200,0" yaku="28,2,12,1" doraHai="118" who="2" fromWho="0" sc="240,-52,250,0,250,62,250,0" /><INIT seed="1,0,0,2,3,99" ten="188,250,312,250" oya="1" hai0="69,124,109,29,102,28,121,2,86,53,41,9,127" hai1="91,14,130,90,85,119,77,131,26,123,55,94,43" hai2="15,51,95,87,34,64,5,35,107,32,135,104,38" hai3="17,132,88,110,73,21,72,30,83,100,98,39,57"/><U128/><E119/><V106/><F38/><W6/><G110/><T52/><D109/><U112/><E112/><V56/><F135/><W118/><G39/><T61/><D41/><U74/><E123/><V84/><F95/><W120/><G120/><T11/><D121/><U116/><E116/><V89/><F89/><W25/><G132/><T113/><D113/><U117/><E117/><V48/><F64/><W108/><G108/><T7/><D86/><N who="2" m="32810" /><F56/><W4/><G118/><T82/><D82/><N who="1" m="45367" /><E43/><V33/><N who="2" m="8192" /><DORA hai="58" /><V18/><F5/><N who="3" m="2155" /><G73/><T50/><D9/><U31/><E91/><V70/><F70/><W13/><G88/><T20/><D102/><U59/><E14/><V10/><F10/><N who="3" m="6327" /><G72/><T12/><D69/><U65/><E65/><V101/><F15/><W133/><G133/><T68/><D68/><U67/><E67/><V115/><F115/><W45/><G83/><T134/><D134/><U27/><E31/><V22/><F18/><W8/><G8/><T75/><D75/><U71/><E71/><V129/><F22/><W46/><G57/><N who="0" m="34983" /><D12/><U42/><E42/><V60/><F104/><W44/><G44/><N who="0" m="27847" /><D20/><U92/><E92/><AGARI ba="0,0" hai="21,25,30,45,46,92,98,100" m="6327,2155" machi="92" ten="30,2000,0" yaku="8,1,52,1" doraHai="99,58" who="3" fromWho="1" sc="188,0,250,-20,312,0,250,20" /><INIT seed="2,0,0,3,3,100" ten="188,230,312,270" oya="2" hai0="125,113,77,66,12,63,108,132,124,27,98,62,81" hai1="67,30,28,93,115,3,54,20,6,129,97,55,9" hai2="14,29,22,107,82,117,102,50,56,70,76,23,75" hai3="19,91,131,35,39,112,37,5,32,101,4,127,44"/><V105/><F117/><W64/><G127/><N who="0" m="48715" /><D113/><U85/><E115/><V10/><F70/><W68/><G131/><T104/><D108/><U24/><E129/><V99/><F29/><W45/><G64/><T42/><D132/><U106/><E67/><V13/><F107/><W84/><G101/><N who="0" m="62519" /><D42/><U36/><E36/><V103/><F102/><W126/><G126/><T65/><D65/><U59/><E106/><V135/><F135/><W51/><G112/><T57/><D27/><U8/><E85/><V69/><F69/><W121/><G68/><T33/><D33/><U96/><E9/><V16/><REACH who="2" step="1"/><F14/><REACH who="2" ten="188,230,302,270" step="2"/><W34/><G34/><T38/><D12/><U123/><E30/><V134/><F134/><W86/><G32/><T74/><D63/><U21/><E28/><V79/><F79/><W60/><G35/><T88/><D38/><U78/><E78/><V111/><F111/><W72/><G60/><T15/><D15/><U31/><E31/><V43/><F43/><W53/><G39/><T17/><D17/><U120/><E3/><V110/><F110/><W2/><G2/><T118/><D118/><U87/><E123/><V18/><F18/><W25/><G121/><T119/><D119/><U73/><E120/><V61/><F61/><W49/><G19/><T40/><D40/><U0/><E24/><V95/><F95/><W11/><G25/><T47/><D88/><U83/><E0/><V116/><F116/><W48/><G91/><T130/><D130/><U58/><E93/><V71/><F71/><W122/><G37/><T90/><D90/><U89/><E89/><RYUUKYOKU ba="0,1" sc="188,15,230,-15,302,15,270,-15" hai0="47,57,62,66,74,77,81" hai2="10,13,16,22,23,50,56,75,76,82,99,103,105" /><INIT seed="2,1,1,0,0,15" ten="203,215,317,255" oya="2" hai0="95,121,94,125,37,61,68,103,87,129,118,102,111" hai1="123,96,74,105,43,2,67,73,38,110,35,10,12" hai2="98,8,114,9,39,85,16,58,116,113,132,86,104" hai3="21,62,40,59,91,31,79,26,63,24,133,127,99"/><V44/><F116/><W119/><G119/><T36/><D118/><U76/><E110/><V56/><F132/><W34/><G127/><T80/><D121/><U90/><E123/><V47/><F98/><W17/><G133/><T51/><D111/><U131/><E131/><V27/><F104/><W6/><G6/><T28/><D125/><U78/><E67/><V128/><F128/><W46/><G79/><T22/><D129/><U84/><E35/><V134/><F134/><W75/><G75/><T30/><D61/><U60/><E60/><V52/><F39/><W53/><G63/><T50/><D22/><U4/><E74/><V71/><F71/><W54/><G54/><T14/><D14/><U18/><E73/><V1/><F1/><W115/><G115/><T72/><D72/><U92/><E43/><V83/><F83/><W112/><G112/><T32/><D80/><U65/><E65/><V108/><F108/><W124/><G124/><T77/><D87/><N who="2" m="33290" /><F114/><W19/><G91/><T97/><D77/><U117/><E38/><V48/><F113/><W122/><G122/><T23/><D23/><U88/><E117/><V69/><F69/><W13/><G99/><N who="0" m="59767" /><D68/><U101/><E90/><V7/><F7/><W0/><G0/><T25/><D30/><U81/><E105/><V100/><F100/><W33/><G33/><T57/><D51/><U126/><E126/><V109/><F109/><W42/><G46/><N who="2" m="17449" /><F58/><W5/><G5/><T106/><D106/><U49/><E49/><V29/><F29/><W89/><G89/><T11/><D11/><AGARI ba="1,1" hai="2,4,10,11,12,18,76,78,81,84,88,92,96,101" machi="11" ten="30,3900,0" yaku="7,1,52,1,54,1" doraHai="15" who="1" fromWho="0" sc="203,-42,215,52,317,0,255,0" /><AGARI ba="1,0" hai="11,13,17,19,21,24,26,31,34,40,42,53,59,62" machi="11" ten="30,3900,0" yaku="7,1,52,2" doraHai="15" who="3" fromWho="0" sc="161,-39,267,0,317,0,255,39" /><INIT seed="3,0,0,3,5,84" ten="122,267,317,294" oya="3" hai0="26,129,28,85,53,89,122,133,107,105,48,75,0" hai1="22,10,112,18,80,30,15,91,114,67,39,11,51" hai2="64,93,13,99,37,25,109,61,81,58,117,1,14" hai3="74,94,95,104,27,132,83,3,43,127,41,57,35"/><W60/><G104/><T24/><D122/><U42/><E39/><V16/><F117/><W47/><G3/><T6/><D75/><U120/><E120/><V72/><F1/><W131/><G131/><T88/><D129/><U31/><E114/><V123/><F37/><W97/><G127/><T5/><D133/><U82/><E112/><V29/><F123/><W2/><G2/><T56/><D26/><U102/><E102/><V135/><F109/><W125/><G125/><T77/><D77/><U17/><E67/><V44/><F135/><W115/><G115/><T4/><D0/><U134/><E134/><V46/><F81/><W40/><G132/><T110/><D110/><U8/><E17/><V68/><F68/><W108/><G108/><T128/><D128/><U73/><E82/><V87/><F87/><W92/><G74/><T86/><D86/><N who="1" m="50631" /><E73/><V100/><F72/><W12/><G83/><T71/><D71/><U54/><E42/><N who="3" m="16490" /><G35/><T124/><D124/><U49/><E49/><V130/><F130/><W59/><G27/><T21/><REACH who="0" step="1"/><D89/><REACH who="0" ten="112,267,317,294" step="2"/><U113/><E113/><V50/><F25/><W111/><G111/><T52/><D52/><U78/><E78/><V34/><F64/><W65/><G12/><T79/><D79/><U33/><E33/><V121/><F13/><W55/><G55/><T119/><D119/><U106/><E106/><V62/><F34/><W103/><G65/><T70/><D70/><U45/><AGARI ba="0,1" hai="8,10,11,15,18,22,30,31,45,51,54" m="50631" machi="45" ten="30,2000,0" yaku="8,1,52,1" doraHai="84" who="1" fromWho="1" sc="112,-5,267,30,317,-5,294,-10" owari="107,-39.3,297,9.7,312,41.2,284,-11.6" /></mjloggm>