<mjloggm ver="2.3"><GO type="225" lobby="0"/><UN n0="%E7%89%B9%E6%9D%B1%E3%81%AF%E4%B8%96%E7%95%8C%E3%82%92%E6%95%91%E3%81%86" n1="%E3%81%8B%E3%82%8F%E3%81%A1%E3%82%83%E3%82%93%35%38" n2="%E8%83%83%E3%81%A8%E8%85%B8" n3="%72%69%6F%75%63%68%61%6E" dan="16,17,16,17" rate="2110.39,2246.78,2164.54,2251.93" sx="M,M,M,M"/><TAIKYOKU oya="0"/><INIT seed="0,0,0,5,1,53" ten="250,250,250,250" oya="0" hai0="116,52,38,62,67,93,56,63,79,107,61,48,121" hai1="17,85,34,117,115,60,110,50,5,51,125,135,42" hai2="8,102,12,99,4,43,133,113,81,94,131,20,65" hai3="130,77,33,87,112,19,41,105,7,78,119,82,31"/><T30/><D116/><U36/><E34/><V32/><F32/><W27/><G130/><T70/><D107/><U72/><E72/><V80/><F133/><W11/><G112/><T89/><D121/><U75/><E75/><V46/><F131/><W84/><G119/><T86/><D79/><U2/><E2/><V68/><F113/><W73/><G105/><T29/><D38/><U96/><E36/><V118/><F118/><W37/><G77/><T66/><REACH who="0" step="1"/><D62/><REACH who="0" ten="240,250,250,250" step="2"/><U59/><E60/><V55/><F55/><W106/><G106/><T98/><D98/><U76/><E96/><V109/><F65/><W3/><REACH who="3" step="1"/><G19/><REACH who="3" ten="240,250,250,240" step="2"/><T24/><D24/><U124/><E17/><V23/><F109/><W25/><G25/><T108/><D108/><U35/><E110/><V9/><F4/><W49/><G49/><T21/><D21/><U10/><E51/><N who="2" m="27103" /><F20/><W134/><G134/><T13/><D13/><U97/><E135/><V100/><F23/><W103/><G103/><T104/><D104/><U120/><E117/><V91/><F12/><W71/><G71/><AGARI ba="0,2" hai="29,30,48,52,56,61,63,66,67,70,71,86,89,93" machi="71" ten="30,18000,2" yaku="1,1,7,1,9,1,52,1,54,1,53,2" doraHai="53" doraHaiUra="64" who="0" fromWho="3" sc="240,200,250,0,250,0,240,-180" /><INIT seed="0,1,0,4,4,65" ten="440,250,250,60" oya="0" hai0="119,30,8,109,77,34,13,117,93,73,123,54,78" hai1="106,9,45,12,38,129,84,24,120,126,132,6,72" hai2="90,112,23,35,62,118,95,130,82,135,29,39,16" hai3="58,36,83,60,113,115,5,32,71,66,26,55,41"/><T40/><D123/><U37/><E72/><V81/><F112/><N who="3" m="43083" /><G26/><T19/><D109/><U11/><E120/><V18/><F35/><W10/><G83/><T89/><D40/><U128/><E106/><V48/><F81/><W25/><G25/><T14/><D73/><U127/><E84/><V21/><F82/><W92/><G92/><T75/><D34/><U7/><E45/><V125/><F95/><W17/><G10/><N who="1" m="3594" /><E24/><V111/><F23/><W108/><G5/><N who="1" m="1546" /><E12/><V76/><F76/><W27/><G27/><T56/><D75/><U46/><E46/><V104/><F104/><W31/><G31/><T103/><D30/><U33/><E33/><V69/><F29/><W59/><G32/><T3/><D14/><U0/><E0/><V101/><F21/><W88/><G17/><T53/><D3/><U67/><E67/><V94/><F18/><W80/><G80/><T121/><D121/><U68/><E68/><V99/><F16/><W22/><G22/><T85/><D78/><U122/><E122/><V4/><F4/><W97/><G108/><T74/><D77/><U28/><E28/><V61/><F111/><W2/><G2/><T50/><D74/><U1/><E1/><V63/><F94/><N who="3" m="56519" /><G55/><T96/><REACH who="0" step="1"/><D53/><REACH who="0" ten="430,250,250,60" step="2"/><U102/><E37/><V70/><F39/><W124/><G124/><T15/><D15/><U105/><E38/><V86/><F125/><W87/><G87/><T57/><D57/><N who="3" m="21513" /><G41/><T133/><D133/><U131/><E132/><V107/><F135/><W114/><N who="3" m="43091" /><W134/><DORA hai="42" /><G36/><T100/><D100/><U47/><E47/><RYUUKYOKU ba="1,1" sc="430,10,250,10,250,-30,60,10" hai0="8,13,19,50,54,56,85,89,93,96,103,117,119" hai1="102,105,126,127,128,129,131" hai3="60,66,71,134" /><INIT seed="0,2,1,4,5,70" ten="440,260,220,70" oya="0" hai0="122,12,60,42,97,72,59,48,50,13,83,69,92" hai1="41,134,45,112,125,37,51,40,18,52,96,82,76" hai2="54,6,3,110,8,68,32,24,113,132,26,111,71" hai3="108,81,61,11,56,117,74,131,93,120,44,105,87"/><T35/><D122/><U73/><E125/><V67/><F113/><W38/><G131/><T19/><D35/><U130/><E130/><V14/><F132/><W98/><G117/><T80/><D69/><N who="2" m="26698" /><F67/><W55/><G108/><N who="2" m="41513" /><F32/><W53/><G120/><T85/><D72/><U27/><E134/><V114/><F114/><W5/><G105/><T77/><D80/><U128/><E128/><V7/><F54/><W16/><G74/><T28/><D28/><U123/><E123/><V47/><F47/><W78/><G53/><T75/><D75/><U58/><E112/><V90/><F90/><W65/><G65/><N who="0" m="39071" /><D42/><U17/><E27/><N who="2" m="10283" /><F3/><W99/><G93/><T15/><D19/><AGARI ba="2,1" hai="6,7,8,14,19" m="10283,41513,26698" machi="19" ten="30,1000,0" yaku="14,1" doraHai="70" who="2" fromWho="0" sc="440,-16,260,0,220,26,70,0" /><INIT seed="1,0,0,4,1,126" ten="424,260,246,70" oya="1" hai0="114,100,1,135,125,116,51,31,21,129,111,88,32" hai1="50,0,6,62,101,45,67,94,7,124,103,78,9" hai2="40,24,41,84,54,86,59,110,127,102,49,14,68" hai3="17,16,89,130,18,123,34,71,61,30,90,15,12"/><U66/><E124/><V92/><F127/><W134/><G123/><T108/><D1/><U55/><E7/><V117/><F68/><W35/><G71/><T70/><D125/><U119/><E119/><V80/><F117/><W28/><G61/><T128/><D116/><U36/><E36/><V3/><F3/><W120/><G120/><T85/><D32/><N who="3" m="12329" /><G134/><T33/><D33/><U44/><E44/><V13/><F110/><N who="0" m="42026" /><D135/><U113/><E113/><V10/><F24/><W53/><G53/><T115/><D100/><U96/><E78/><V60/><F13/><N who="3" m="5195" /><G130/><N who="0" m="50283" /><D70/><U8/><E8/><V81/><F102/><W38/><G38/><T26/><D51/><U48/><E48/><V106/><F49/><W83/><G83/><AGARI ba="0,0" hai="21,26,31,83,85,88,114,115" m="50283,42026" machi="83" ten="30,12000,2" yaku="14,1,19,1,52,3,54,1" doraHai="126" who="0" fromWho="3" sc="424,120,260,0,246,0,70,-120" owari="544,64.4,260,6.0,246,-15.4,-50,-55.0" /></mjloggm>