<mjloggm ver="2.3"><GO type="225" lobby="0"/><UN n0="%63%68%78%62%64" n1="%E5%B8%86%E7%AB%8B%E5%A4%8F%E8%A1%A3" n2="%E3%83%97%E3%83%AC%E3%83%B4%E3%82%A1%E3%83%86%E3%82%A3" n3="%E3%81%8B%E3%82%8F%E3%81%A1%E3%82%83%E3%82%93%35%38" dan="16,16,16,16" rate="2146.54,2121.09,2099.95,2189.32" sx="M,M,F,M"/><TAIKYOKU oya="0"/><INIT seed="0,0,0,5,0,21" ten="250,250,250,250" oya="0" hai0="61,92,98,76,67,18,86,22,78,106,82,121,80" hai1="64,65,51,8,50,43,27,55,75,13,105,58,11" hai2="97,113,9,89,41,116,62,107,119,59,93,31,85" hai3="7,130,104,112,54,128,69,46,101,40,117,5,74"/><T1/><D1/><U111/><E111/><V91/><F113/><W71/><G112/><T26/><D106/><U48/><E75/><V103/><F41/><W2/><G74/><T15/><D121/><U49/><E105/><V20/><F9/><N who="3" m="2231" /><G7/><T79/><D15/><U68/><E68/><N who="3" m="26186" /><G54/><T57/><REACH who="0" step="1"/><D82/><REACH who="0" ten="240,250,250,250" step="2"/><U6/><E43/><V37/><F107/><W81/><G81/><T77/><D77/><U23/><REACH who="1" step="1"/><E11/><REACH who="1" ten="240,240,250,250" step="2"/><V100/><F116/><W127/><G117/><T28/><D28/><AGARI ba="0,2" hai="6,8,13,23,27,28,48,49,50,51,55,58,64,65" machi="28" ten="40,16000,3" yaku="1,1,2,1,8,1,52,1,53,4" doraHai="21" doraHaiUra="47" who="1" fromWho="0" sc="240,-160,240,180,250,0,250,0" /><INIT seed="1,0,0,2,2,64" ten="80,420,250,250" oya="1" hai0="94,17,44,73,62,60,109,53,55,83,5,96,87" hai1="134,12,56,130,133,43,68,120,24,75,0,61,22" hai2="110,30,101,77,90,122,11,50,71,81,86,112,48" hai3="116,114,54,131,65,117,9,121,92,84,58,28,115"/><U105/><E120/><V123/><F110/><W42/><G121/><T27/><D73/><U3/><E75/><V23/><F112/><W128/><G28/><T106/><D109/><U46/><E105/><V51/><F101/><W45/><G9/><T40/><D106/><U66/><E12/><V78/><F123/><W32/><G65/><T4/><D60/><U76/><E76/><V19/><F122/><W34/><G84/><T72/><D72/><U104/><E104/><V6/><F71/><W29/><G92/><T95/><D95/><U85/><E85/><V10/><F30/><W102/><G102/><T99/><D62/><U98/><E56/><V52/><F52/><W8/><G8/><N who="2" m="3113" /><F6/><W111/><G29/><T57/><D57/><U59/><E59/><V38/><F38/><N who="3" m="21719" /><G32/><T89/><D96/><U91/><E98/><V108/><F108/><W124/><G34/><T20/><D5/><U100/><E100/><V31/><F31/><W67/><G67/><T35/><D4/><U132/><E91/><V16/><F19/><W82/><G82/><T127/><D35/><U25/><E25/><AGARI ba="0,0" hai="16,23,25,48,50,51,77,78,81,86,90" m="3113" machi="25" ten="30,2000,0" yaku="8,1,54,1" doraHai="64" who="2" fromWho="1" sc="80,0,420,-20,250,20,250,0" /><INIT seed="2,0,0,3,5,129" ten="80,400,270,250" oya="2" hai0="86,21,107,99,83,53,73,6,85,96,14,105,101" hai1="123,34,66,75,28,10,60,12,31,48,18,35,82" hai2="93,38,95,104,72,69,19,109,26,8,94,63,84" hai3="3,25,78,57,113,91,87,70,119,110,56,50,117"/><V133/><F38/><W52/><G70/><T47/><D53/><U111/><E111/><V59/><F104/><W90/><G3/><T102/><D47/><U45/><E123/><V41/><F72/><W27/><G78/><T79/><D21/><U46/><E35/><V62/><F41/><W77/><G77/><T9/><AGARI ba="0,0" hai="6,9,14,73,79,83,85,86,96,99,101,102,105,107" machi="9" ten="30,2000,0" yaku="0,1,9,1" doraHai="129" who="0" fromWho="0" sc="80,20,400,-5,270,-10,250,-5" /><INIT seed="3,0,0,0,1,33" ten="100,395,260,245" oya="3" hai0="51,50,24,16,95,76,107,70,69,15,42,131,1" hai1="44,20,43,45,115,113,101,73,52,66,127,4,93" hai2="102,13,29,89,67,22,118,130,75,116,63,3,2" hai3="28,49,100,35,119,54,47,11,14,57,9,38,104"/><W19/><G119/><T80/><D107/><U17/><E73/><V34/><F75/><W37/><G104/><T8/><D131/><U62/><E127/><V64/><F102/><W87/><G100/><T99/><D24/><U55/><E4/><V31/><F89/><W96/><G96/><T5/><D70/><U85/><E115/><V98/><F98/><W121/><G121/><T110/><D69/><U83/><E113/><V91/><F91/><W106/><G106/><T123/><D110/><U59/><E93/><V23/><F13/><W60/><G35/><T112/><D112/><U30/><E30/><V79/><F34/><W10/><G28/><T126/><D126/><U53/><E43/><V18/><F18/><W46/><G46/><T132/><D132/><U39/><E39/><V133/><F63/><W26/><G26/><T71/><D71/><U86/><E101/><V65/><F65/><W68/><G68/><T78/><D123/><U6/><E6/><V48/><F48/><W128/><G128/><T129/><D129/><U77/><E85/><V88/><F88/><W135/><G135/><T36/><D78/><U105/><E105/><V125/><F130/><W109/><G109/><T21/><D95/><U120/><E120/><V0/><F0/><W84/><G38/><T61/><D61/><U7/><E7/><V12/><F133/><W103/><G37/><T92/><D92/><U82/><E83/><V41/><F125/><W81/><G103/><T108/><D108/><U111/><E111/><V58/><F118/><W72/><G60/><T27/><D99/><RYUUKYOKU ba="0,0" sc="100,-10,395,30,260,-10,245,-10" hai1="17,20,44,45,52,53,55,59,62,66,77,82,86" owari="90,-41.0,425,52.5,250,5.0,235,-16.5" /></mjloggm>