<mjloggm ver="2.3"><GO type="225" lobby="0"/><UN n0="%4D%50%43%32%38%30%30" n1="%E3%83%AD%E3%83%83%E3%83%86%E9%9B%80%E7%90%83" n2="%33%74%72%65%65" n3="%72%69%6F%75%63%68%61%6E" dan="16,17,17,17" rate="2149.78,2129.78,2153.95,2250.43" sx="M,M,F,M"/><TAIKYOKU oya="0"/><INIT seed="0,0,0,4,4,49" ten="250,250,250,250" oya="0" hai0="23,86,56,12,7,77,67,91,38,48,113,123,20" hai1="47,79,72,109,111,17,85,0,95,90,124,27,28" hai2="74,41,121,33,34,63,59,99,105,80,43,1,81" hai3="6,116,134,128,122,26,22,62,129,35,9,36,84"/><T2/><D38/><U119/><E119/><V40/><F121/><W106/><G36/><T51/><D123/><U118/><E118/><V76/><F1/><W55/><G134/><T117/><D117/><U73/><E124/><V126/><F126/><W21/><G116/><T42/><D113/><U24/><E0/><V120/><F120/><W103/><G122/><T30/><D77/><U82/><E73/><V108/><F108/><N who="1" m="41545" /><E17/><V46/><F46/><W93/><G106/><T127/><D2/><U19/><E19/><V31/><F31/><N who="3" m="19959" /><G103/><T25/><D127/><U92/><E47/><V96/><F81/><W58/><G93/><N who="1" m="35914" /><E28/><V89/><F89/><W4/><G84/><T66/><D42/><U97/><E97/><V45/><F45/><W114/><G114/><T69/><D69/><U94/><AGARI ba="0,0" hai="24,27,72,79,82,85,90,94" m="35914,41545" machi="94" ten="30,1100,0" yaku="14,1" doraHai="49" who="1" fromWho="1" sc="250,-5,250,11,250,-3,250,-3" /><INIT seed="1,0,0,2,3,24" ten="245,261,247,247" oya="1" hai0="28,32,5,17,123,58,39,6,29,54,42,38,72" hai1="25,15,81,20,45,40,63,93,0,113,13,102,61" hai2="50,10,1,55,135,14,70,92,122,86,75,128,19" hai3="84,22,4,100,112,104,131,95,124,101,21,133,79"/><U134/><E134/><V98/><F122/><W34/><G112/><T62/><D72/><U90/><E113/><V103/><F75/><W47/><G133/><T116/><D116/><U96/><E0/><V105/><F135/><W26/><G124/><T48/><D32/><U7/><E81/><V97/><F128/><W71/><G131/><T69/><D39/><U64/><E90/><V99/><F70/><W9/><G71/><T60/><D123/><U77/><E77/><V78/><F1/><W18/><G104/><T41/><D17/><U127/><E127/><V120/><F120/><W53/><G47/><N who="0" m="23991" /><D42/><U30/><E7/><N who="0" m="2569" /><D62/><U59/><E63/><V67/><F67/><AGARI ba="0,0" hai="28,29,48,54,58,60,67,69" m="2569,23991" machi="67" ten="30,3900,0" yaku="24,1,52,2" doraHai="24" who="0" fromWho="2" sc="245,39,261,0,247,-39,247,0" /><INIT seed="2,0,0,4,1,12" ten="284,261,208,247" oya="2" hai0="52,99,104,6,78,8,117,106,134,49,2,34,125" hai1="48,98,102,13,4,64,43,74,42,89,21,53,9" hai2="108,75,103,0,114,63,87,14,30,70,51,118,11" hai3="23,47,44,57,111,81,31,123,83,36,59,130,68"/><V71/><F114/><W66/><G123/><T107/><D34/><U112/><E112/><V93/><F118/><W115/><G115/><T133/><D117/><U79/><E64/><V19/><F75/><W1/><G111/><T95/><D78/><U101/><E79/><V39/><F39/><W29/><G130/><T88/><REACH who="0" step="1"/><D125/><REACH who="0" ten="274,261,208,247" step="2"/><U120/><E120/><V94/><F108/><W32/><G32/><T17/><D17/><U96/><E74/><V126/><F126/><W76/><G76/><T127/><D127/><U24/><E102/><V77/><F103/><W110/><G29/><T18/><D18/><N who="1" m="12343" /><E101/><V5/><F30/><W128/><G31/><T85/><D85/><U91/><E98/><V40/><F87/><W129/><G110/><T67/><D67/><U45/><E96/><V27/><F77/><W116/><G66/><T58/><AGARI ba="0,1" hai="2,6,8,49,52,58,88,95,99,104,106,107,133,134" machi="58" ten="40,12000,2" yaku="1,1,0,1,54,2,53,2" doraHai="12" doraHaiUra="131" who="0" fromWho="0" sc="274,130,261,-30,208,-60,247,-30" /><INIT seed="3,0,0,2,2,11" ten="404,231,148,217" oya="3" hai0="104,133,107,64,123,109,82,30,72,32,7,132,94" hai1="15,77,106,68,101,69,51,60,43,67,28,35,119" hai2="22,126,26,86,50,108,130,34,53,81,66,73,118" hai3="29,14,99,65,129,76,47,122,37,87,91,84,6"/><W12/><G122/><T44/><D123/><U85/><E119/><V116/><F108/><W121/><G121/><T0/><D64/><U128/><E128/><V90/><F130/><W98/><G129/><T111/><D94/><U88/><E69/><V63/><F126/><W75/><G75/><T71/><D71/><U61/><E61/><V95/><F34/><W59/><G29/><T55/><D55/><U23/><E77/><V39/><F39/><W124/><G124/><T93/><D93/><U80/><E51/><V125/><F125/><W102/><G6/><T79/><D44/><U48/><E48/><V57/><F73/><W10/><G10/><N who="0" m="2407" /><D30/><U110/><E43/><V45/><REACH who="2" step="1"/><F95/><REACH who="2" ten="404,231,138,217" step="2"/><N who="3" m="58719" /><G37/><T131/><D131/><U70/><E110/><N who="0" m="41993" /><D32/><U25/><E35/><V20/><F20/><W24/><G99/><T8/><D8/><U38/><E23/><V49/><F49/><W42/><G84/><T1/><D1/><U112/><E85/><V97/><F97/><W5/><G87/><T31/><D31/><U41/><E28/><V103/><F103/><W117/><G117/><T105/><AGARI ba="0,1" hai="72,79,82,104,105,107,132,133" m="41993,2407" machi="105" ten="40,2700,0" yaku="14,1,23,1" doraHai="11" who="0" fromWho="0" sc="404,37,231,-7,138,-7,217,-13" owari="441,54.1,224,2.4,131,-36.9,204,-19.6" /></mjloggm>