<mjloggm ver="2.3"><GO type="225" lobby="0"/><UN n0="%52%61%69%61%6E%2E" n1="%E8%B1%86%59%E5%A4%AA%E9%83%8E" n2="%54%4F%52" n3="%43%6F%66%66%65%65" dan="16,16,17,17" rate="2045.04,2048.61,2175.42,2139.93" sx="M,M,M,F"/><TAIKYOKU oya="0"/><INIT seed="0,0,0,0,2,109" ten="250,250,250,250" oya="0" hai0="3,7,66,85,114,19,122,133,18,92,4,45,100" hai1="83,112,102,119,125,65,134,1,8,41,40,42,124" hai2="121,87,60,63,71,30,93,17,9,24,96,127,38" hai3="90,21,86,103,6,0,46,23,115,33,135,78,37"/><T118/><D118/><U32/><E32/><V31/><F121/><W126/><G33/><T111/><D122/><U43/><N who="1" m="10240" /><DORA hai="132" /><U116/><E134/><V130/><F38/><W73/><G135/><T68/><D111/><U56/><E102/><V74/><F74/><W123/><G103/><T97/><D68/><U75/><E65/><V106/><F106/><W82/><G123/><T84/><D66/><U52/><E8/><V36/><F36/><W104/><G104/><T25/><D45/><U27/><E27/><V120/><F120/><W128/><G46/><T113/><D133/><U79/><E1/><V77/><F71/><W22/><G37/><T49/><D49/><N who="1" m="30735" /><E112/><V47/><F24/><W10/><G115/><T50/><D3/><U2/><E2/><V131/><F9/><W101/><G101/><T64/><D64/><U5/><E5/><V51/><F30/><W28/><G128/><T53/><D113/><U61/><E61/><V70/><F31/><W44/><G44/><N who="0" m="27847" /><D114/><U76/><E76/><V20/><F77/><W62/><G62/><T129/><D129/><U48/><E48/><V57/><F63/><W54/><G54/><T34/><D34/><U80/><E80/><V15/><F51/><W72/><G72/><T95/><D25/><U91/><E91/><N who="2" m="55359" /><F60/><W39/><G39/><T16/><D92/><U67/><E67/><V26/><F131/><W99/><G73/><T107/><D107/><U105/><E105/><V11/><F70/><W14/><G0/><T88/><D100/><U98/><E98/><V13/><F130/><W108/><G99/><RYUUKYOKU ba="0,0" sc="250,15,250,15,250,-15,250,-15" hai0="4,7,16,18,19,84,85,88,95,97" hai1="75,79,83,116,119,124,125" /><INIT seed="0,1,0,1,1,134" ten="265,265,235,235" oya="0" hai0="80,105,117,43,47,18,32,97,83,29,24,9,65" hai1="106,38,28,82,72,108,93,99,127,61,44,31,42" hai2="130,11,124,86,91,16,90,23,133,102,54,74,36" hai3="63,116,123,118,101,110,75,96,126,15,85,84,131"/><T56/><D117/><N who="3" m="45161" /><G63/><T69/><D56/><U58/><E108/><V113/><F113/><W87/><G15/><T45/><D45/><U13/><E106/><V30/><F133/><W10/><G10/><T0/><D18/><U79/><E13/><N who="2" m="7231" /><F74/><W19/><G19/><T111/><D111/><U33/><E33/><V129/><F36/><W22/><G22/><T114/><D114/><U98/><E98/><V26/><F102/><W27/><G27/><T35/><D35/><U49/><E38/><V119/><F119/><W39/><G39/><T68/><D9/><U53/><E127/><V107/><F107/><N who="3" m="63911" /><G110/><T25/><D25/><U121/><E121/><V41/><F41/><W52/><G52/><T73/><D0/><U64/><E42/><V70/><F70/><W88/><G75/><T2/><D2/><U37/><E37/><V125/><F54/><W14/><G14/><T3/><D3/><U109/><E109/><V78/><F78/><W20/><G20/><T76/><D65/><U81/><E81/><N who="2" m="49487" /><F91/><AGARI ba="1,0" hai="28,31,44,49,53,58,61,64,72,79,82,91,93,99" machi="91" ten="30,1000,0" yaku="7,1" doraHai="134" who="1" fromWho="2" sc="265,0,265,13,235,-13,235,0" /><INIT seed="1,0,0,1,2,50" ten="265,278,222,235" oya="1" hai0="92,103,6,42,14,70,66,130,119,86,52,36,109" hai1="48,9,56,22,93,53,3,60,55,81,114,0,125" hai2="97,120,51,90,74,21,105,54,11,58,76,2,44" hai3="98,15,133,135,38,121,17,31,71,68,123,37,10"/><U117/><E117/><V77/><F120/><W129/><G31/><T46/><D119/><U111/><E114/><V49/><F21/><W27/><G27/><T84/><D66/><U89/><E81/><V61/><F74/><W13/><G98/><T4/><D70/><U112/><E112/><V26/><F26/><W18/><REACH who="3" step="1"/><G10/><REACH who="3" ten="265,278,222,225" step="2"/><T63/><D109/><U65/><E111/><V57/><F11/><W115/><G115/><T108/><D108/><U118/><E9/><V126/><F97/><W73/><G73/><T29/><D29/><U79/><E3/><V128/><F2/><W24/><G24/><T91/><D84/><U5/><E0/><V94/><F128/><AGARI ba="0,1" hai="13,15,17,18,37,38,68,71,121,123,128,129,133,135" machi="128" ten="25,3200,0" yaku="1,1,22,2,53,0" doraHai="50" doraHaiUra="39" who="3" fromWho="2" sc="265,0,278,0,222,-32,225,42" /><INIT seed="2,0,0,3,1,129" ten="265,278,190,267" oya="2" hai0="88,121,47,3,37,75,103,128,123,109,51,8,9" hai1="42,43,101,108,19,94,114,41,70,36,7,97,133" hai2="86,125,13,25,116,99,61,52,76,107,34,5,122" hai3="39,87,79,102,113,26,40,135,93,38,77,29,0"/><V16/><F116/><W24/><G0/><T110/><D75/><U132/><E70/><V63/><F122/><W31/><G40/><T117/><D37/><U50/><E7/><V57/><F125/><W71/><G71/><T120/><D103/><U49/><E36/><V119/><F119/><W53/><G102/><T11/><D117/><U22/><E108/><N who="0" m="41577" /><D128/><U58/><E114/><V104/><F5/><W84/><G93/><T112/><D112/><U60/><E60/><V17/><F63/><W68/><G68/><T54/><D88/><U65/><E65/><V45/><F45/><W124/><G113/><T72/><D72/><U56/><E56/><V62/><F62/><W33/><G53/><T118/><D118/><U27/><REACH who="1" step="1"/><E58/><REACH who="1" ten="265,268,190,267" step="2"/><V35/><F35/><W67/><G67/><T91/><D3/><U1/><E1/><V83/><F99/><W106/><G33/><T134/><D120/><U6/><E6/><V48/><F61/><W66/><G66/><T131/><D131/><U89/><E89/><V82/><F82/><W92/><G124/><T105/><D91/><U111/><E111/><V32/><F32/><W90/><G90/><T44/><D121/><U20/><E20/><V115/><F115/><W23/><G23/><T64/><D123/><U127/><E127/><V4/><F4/><W78/><G39/><T46/><D64/><U74/><E74/><V80/><F80/><W18/><G38/><T73/><D73/><U126/><E126/><V85/><F85/><W30/><G84/><T96/><D96/><U21/><E21/><N who="2" m="13479" /><F34/><N who="3" m="20775" /><G87/><T2/><D51/><AGARI ba="0,1" hai="19,22,27,41,42,43,49,50,51,94,97,101,132,133" machi="51" ten="40,8000,1" yaku="1,1,6,1,52,2,53,1" doraHai="129" doraHaiUra="98" who="1" fromWho="0" sc="265,-80,268,90,190,0,267,0" /><INIT seed="3,0,0,3,2,131" ten="185,358,190,267" oya="3" hai0="72,35,123,43,3,129,41,71,34,19,107,44,27" hai1="17,48,82,30,79,57,81,77,83,63,50,14,92" hai2="98,68,94,117,5,126,110,65,10,106,42,69,16" hai3="112,56,29,47,55,133,67,135,101,23,51,38,122"/><W85/><G112/><T8/><D107/><U130/><E30/><V74/><F117/><W61/><G122/><T125/><D123/><U28/><E28/><V46/><F74/><W121/><G121/><T53/><D71/><U20/><E92/><V86/><F110/><W95/><G38/><T93/><D72/><U9/><E20/><V87/><F106/><W114/><G114/><T76/><D76/><N who="1" m="29259" /><E130/><V37/><F126/><W52/><G55/><AGARI ba="0,0" hai="9,14,17,48,50,55,57,63,81,82,83" m="29259" machi="55" ten="30,1000,0" yaku="8,1" doraHai="131" who="1" fromWho="3" sc="185,0,358,10,190,0,267,-10" owari="185,-31.5,368,46.8,190,-21.0,257,5.7" /></mjloggm>