<mjloggm ver="2.3"><GO type="225" lobby="0"/><UN n0="%6B%65%6E%6E%64%69" n1="%77%72%77%72%77%72%77%72" n2="%33%74%72%65%65" n3="%6D%75%75%6D%75%72%61" dan="16,16,16,16" rate="2144.94,2091.16,2122.86,2182.56" sx="M,M,F,F"/><TAIKYOKU oya="0"/><INIT seed="0,0,0,5,4,76" ten="250,250,250,250" oya="0" hai0="26,64,12,90,48,4,40,1,81,51,109,130,103" hai1="112,77,129,89,21,30,104,60,17,13,56,35,24" hai2="58,31,70,97,126,7,121,101,95,69,72,100,61" hai3="36,94,84,85,116,110,68,18,65,117,34,134,105"/><T125/><D130/><U32/><E129/><V113/><F121/><W135/><G105/><T43/><D125/><U25/><E112/><V99/><F113/><W41/><G34/><T131/><D131/><U78/><E104/><V44/><F126/><W122/><G122/><T124/><D1/><U6/><E89/><V46/><F72/><W14/><G110/><T133/><D133/><N who="3" m="50697" /><G68/><T132/><D124/><U22/><E6/><V123/><F123/><W114/><G65/><T45/><D132/><U29/><REACH who="1" step="1"/><E21/><REACH who="1" ten="250,240,250,250" step="2"/><V83/><F7/><W92/><G114/><T15/><D4/><U120/><E120/><V127/><F127/><W79/><G94/><T63/><D109/><U54/><AGARI ba="0,1" hai="13,17,22,24,25,29,30,32,35,54,56,60,77,78" machi="54" ten="20,8000,1" yaku="1,1,0,1,7,1,9,1,53,1" doraHai="76" doraHaiUra="53" who="1" fromWho="1" sc="250,-40,240,90,250,-20,250,-20" /><INIT seed="1,0,0,2,3,104" ten="210,330,230,230" oya="1" hai0="47,37,30,102,53,57,122,115,3,87,54,26,27" hai1="81,50,111,6,44,34,43,49,33,77,45,63,72" hai2="75,116,32,73,64,91,41,110,80,103,15,89,28" hai3="4,92,99,17,130,119,117,134,58,5,56,129,121"/><U40/><E111/><V108/><F116/><N who="3" m="44619" /><G121/><T24/><D115/><U38/><E6/><N who="3" m="2666" /><G17/><T83/><D3/><U97/><E38/><V13/><F103/><N who="3" m="60903" /><G134/><T39/><D122/><U68/><REACH who="1" step="1"/><E97/><REACH who="1" ten="210,320,230,230" step="2"/><V51/><F108/><W23/><G23/><T126/><D37/><U84/><E84/><V66/><F110/><W125/><G125/><T61/><D126/><U118/><E118/><V127/><F127/><W131/><AGARI ba="0,1" hai="56,58,129,130,131" m="60903,2666,44619" machi="131" ten="40,2700,0" yaku="19,1,12,1" doraHai="104" who="3" fromWho="3" sc="210,-7,320,-13,230,-7,230,37" /><INIT seed="2,0,0,3,5,120" ten="203,307,223,267" oya="2" hai0="104,86,38,39,115,19,93,118,96,80,26,14,111" hai1="126,52,68,84,7,124,89,9,112,64,35,21,90" hai2="56,47,83,114,73,69,108,92,63,105,8,119,99" hai3="44,42,128,25,28,130,134,15,12,87,1,117,48"/><V110/><F114/><W62/><G117/><T101/><D115/><U61/><E35/><V33/><F119/><W97/><G1/><T106/><D118/><U57/><E112/><V10/><F69/><W22/><G134/><T95/><D26/><U6/><E21/><V103/><F33/><W74/><G74/><T66/><D66/><U45/><E45/><V27/><F27/><W4/><G62/><T121/><D121/><U58/><E68/><V43/><F105/><W31/><G31/><T75/><D111/><N who="2" m="42538" /><F83/><W17/><G87/><T29/><D29/><U76/><E84/><V37/><F73/><W132/><G132/><T123/><D123/><U50/><E76/><V24/><F24/><W41/><G97/><T135/><D135/><U20/><E126/><V122/><F122/><W98/><G98/><T70/><D70/><U88/><E124/><V55/><AGARI ba="0,0" hai="8,10,37,43,47,55,56,63,92,99,103" m="42538" machi="55" ten="30,12000,1" yaku="14,1,10,1,52,3" doraHai="120" who="2" fromWho="2" sc="203,-40,307,-40,223,120,267,-40" /><INIT seed="2,1,0,5,4,103" ten="163,267,343,227" oya="2" hai0="97,130,12,120,99,41,10,51,16,64,96,108,131" hai1="73,114,90,101,44,116,29,56,100,26,36,3,48" hai2="9,20,40,78,72,32,105,38,42,17,47,0,34" hai3="80,35,45,102,70,43,107,119,110,94,118,37,58"/><V111/><F40/><W55/><G110/><T132/><D120/><U28/><E114/><V53/><F53/><W124/><G70/><T121/><D121/><U67/><E116/><V128/><F128/><W76/><G124/><T11/><D108/><U93/><E73/><V122/><F122/><W95/><G35/><T134/><D64/><U61/><E3/><V77/><F77/><W57/><G118/><T87/><D87/><U123/><E36/><V31/><F31/><W15/><G15/><T25/><D25/><U68/><E68/><V133/><F133/><W81/><G119/><T22/><D51/><U83/><E83/><N who="2" m="45511" /><F105/><W89/><G94/><T39/><D41/><U30/><E26/><N who="2" m="14607" /><F111/><W126/><G126/><T66/><D39/><U115/><E115/><V13/><F13/><W27/><G27/><T75/><D66/><U85/><REACH who="1" step="1"/><E123/><REACH who="1" ten="163,257,343,227" step="2"/><V19/><F0/><W5/><G80/><T4/><D75/><U46/><E46/><V59/><F47/><W135/><G81/><T82/><D82/><U49/><E49/><V14/><F38/><W24/><G24/><T125/><D125/><U69/><E69/><V2/><F2/><W52/><G76/><T109/><D109/><U91/><E91/><V18/><F32/><W6/><G58/><T117/><D117/><U113/><E113/><V65/><F34/><W86/><G57/><T33/><D33/><U79/><E79/><V106/><F59/><W71/><G71/><T129/><REACH who="0" step="1"/><D4/><REACH who="0" ten="153,257,343,227" step="2"/><N who="3" m="1641" /><G135/><AGARI ba="1,2" hai="10,11,12,16,22,96,97,99,129,130,131,132,134,135" machi="135" ten="50,8000,1" yaku="1,1,19,1,20,1,54,1,53,1" doraHai="103" doraHaiUra="8" who="0" fromWho="3" sc="153,103,257,0,343,0,227,-83" /><INIT seed="3,0,0,5,2,12" ten="256,257,343,144" oya="3" hai0="100,65,88,91,27,20,50,37,16,97,99,35,43" hai1="72,67,127,18,25,103,13,93,1,64,132,28,54" hai2="134,24,128,36,78,17,119,83,92,90,41,42,62" hai3="101,2,133,31,116,98,23,3,75,52,32,112,118"/><W123/><G112/><T130/><D130/><U61/><E1/><V105/><F105/><W110/><G123/><T33/><D37/><U44/><E72/><V89/><F119/><W80/><G32/><T30/><D35/><U122/><E122/><V5/><F134/><W82/><G133/><T114/><D114/><U68/><E68/><V11/><F62/><W38/><G38/><T81/><D65/><U115/><E115/><V57/><F57/><W104/><G110/><T131/><D131/><U94/><E127/><V113/><F113/><W71/><G71/><T106/><D81/><U60/><E60/><V85/><F36/><W66/><G66/><N who="1" m="25130" /><E103/><V76/><F76/><W45/><G116/><T0/><D0/><U6/><E6/><V63/><F63/><W7/><G118/><T26/><REACH who="0" step="1"/><D99/><REACH who="0" ten="246,257,343,144" step="2"/><U22/><E132/><V111/><F83/><W70/><G70/><T9/><D9/><N who="1" m="6447" /><E44/><AGARI ba="0,1" hai="16,20,26,27,30,33,43,44,50,88,91,97,100,106" machi="44" ten="40,8000,1" yaku="1,1,52,1,54,2,53,0" doraHai="12" doraHaiUra="49" who="0" fromWho="1" sc="246,90,257,-80,343,0,144,0" owari="336,13.6,177,-22.3,343,44.3,144,-35.6" /></mjloggm>