<mjloggm ver="2.3"><GO type="225" lobby="0"/><UN n0="%77%72%77%72%77%72%77%72" n1="%E5%B0%8F%E9%B3%A5%E9%81%8A%E7%B7%B4%E7%84%A1%32%31%E6%AD%B3" n2="%E3%82%A2%E3%82%A4%E3%82%B9%E3%83%86%E3%82%A3%E3%83%BC%E3%81%82%E3%81%B9" n3="%E3%81%8B%E3%82%8F%E3%81%A1%E3%82%83%E3%82%93%35%38" dan="16,16,16,17" rate="2114.19,2188.18,2121.78,2118.79" sx="M,F,M,M"/><TAIKYOKU oya="0"/><INIT seed="0,0,0,5,3,67" ten="250,250,250,250" oya="0" hai0="123,71,92,76,122,32,47,37,3,80,1,49,21" hai1="127,125,134,28,30,82,50,48,110,61,60,78,8" hai2="42,57,98,11,63,24,55,59,7,83,129,115,130" hai3="68,77,121,9,117,88,29,31,124,52,34,128,36"/><T39/><D32/><U108/><E134/><V56/><F115/><W22/><G117/><T101/><D21/><U112/><E8/><V46/><F24/><W102/><G36/><N who="0" m="13899" /><D92/><U116/><E78/><V73/><F98/><W54/><G34/><T126/><D49/><N who="1" m="19051" /><E82/><V100/><F100/><W133/><G22/><T85/><D85/><U75/><E75/><V58/><F46/><W5/><G9/><T43/><D101/><U14/><E14/><V6/><F42/><W33/><G33/><T74/><D47/><U2/><E2/><N who="0" m="521" /><D43/><U64/><E116/><V86/><F73/><W4/><G102/><T16/><D16/><U105/><E105/><V90/><REACH who="2" step="1"/><F7/><REACH who="2" ten="250,250,240,250" step="2"/><W120/><G4/><T17/><D17/><U13/><E112/><V10/><F10/><W26/><G5/><T99/><D99/><U87/><E28/><V118/><F118/><W53/><G26/><T45/><D45/><U19/><E30/><V106/><F106/><W25/><G25/><T66/><D126/><N who="1" m="48139" /><E87/><V72/><F72/><W27/><G124/><T35/><D35/><U79/><E13/><AGARI ba="0,1" hai="6,11,13,55,56,57,58,59,63,83,86,90,129,130" machi="13" ten="40,1300,0" yaku="1,1,53,0" doraHai="67" doraHaiUra="91" who="2" fromWho="1" sc="250,0,250,-13,240,23,250,0" /><INIT seed="1,0,0,3,3,110" ten="250,237,263,250" oya="1" hai0="41,102,107,18,3,65,117,73,109,113,34,19,46" hai1="49,86,92,103,105,67,100,12,99,85,93,8,98" hai2="96,83,75,79,33,69,28,14,24,90,72,48,35" hai3="71,58,53,59,17,77,43,7,95,51,23,132,74"/><U134/><E67/><V32/><F69/><W112/><G71/><T44/><D113/><U66/><E134/><V40/><F75/><W130/><G132/><T26/><D117/><U10/><E66/><V56/><F14/><W119/><G119/><T122/><D109/><U39/><E39/><V29/><F28/><W16/><G130/><T55/><D65/><U129/><E129/><V128/><F128/><W80/><G112/><T133/><D133/><U4/><E105/><V5/><F5/><W1/><G43/><T121/><D3/><U31/><E31/><V6/><F6/><W101/><G58/><T27/><D73/><U82/><E8/><V57/><F40/><W108/><G108/><T62/><D102/><U116/><E116/><V45/><F45/><W131/><G131/><T123/><D107/><U63/><E63/><V94/><REACH who="2" step="1"/><F48/><REACH who="2" ten="250,237,253,250" step="2"/><W25/><G7/><T111/><D111/><U70/><E70/><V135/><F135/><W87/><G1/><T22/><D41/><U20/><E49/><V37/><F37/><W127/><G127/><T115/><D115/><U126/><E126/><V47/><F47/><W9/><G9/><T120/><D120/><U42/><E42/><V91/><F91/><N who="3" m="53759" /><G101/><T81/><D44/><U30/><E82/><V68/><F68/><W104/><G104/><T114/><D114/><U64/><E64/><V97/><F97/><W2/><G2/><T124/><D81/><U36/><E36/><V13/><F13/><W89/><G89/><T21/><D124/><U84/><E30/><V125/><F125/><W60/><G51/><RYUUKYOKU ba="0,1" sc="250,-30,237,10,253,10,250,10" hai1="4,10,12,20,84,85,86,92,93,98,99,100,103" hai2="24,29,32,33,35,56,57,72,79,83,90,94,96" hai3="16,17,23,25,53,59,60,74,77,80" /><INIT seed="1,1,1,0,2,49" ten="220,247,263,260" oya="1" hai0="118,36,15,113,60,115,99,43,53,128,27,90,78" hai1="42,93,92,76,5,13,35,30,114,129,34,62,94" hai2="39,120,122,33,58,17,20,22,63,12,100,56,31" hai3="1,106,80,86,79,73,44,77,41,59,46,65,67"/><U72/><E114/><V64/><F39/><W88/><G1/><T116/><D15/><U6/><E129/><V48/><F33/><W134/><G106/><T66/><D27/><U54/><E42/><V68/><F100/><W87/><G73/><T83/><D90/><U127/><E127/><V91/><F91/><N who="3" m="51655" /><G134/><T110/><D99/><U124/><E124/><V74/><F74/><W11/><G11/><T85/><D110/><U96/><E96/><V18/><F31/><W103/><G103/><T24/><D128/><U61/><E30/><V98/><F98/><W97/><G97/><T55/><D24/><U7/><E13/><V21/><F21/><W19/><G19/><T108/><D108/><U133/><E133/><V119/><F119/><W32/><G32/><T28/><D28/><U26/><E26/><V70/><F68/><W25/><G25/><T101/><D101/><U111/><E111/><V40/><F18/><W121/><G121/><T126/><D126/><U57/><E34/><V95/><F95/><N who="3" m="54687" /><G46/><T51/><D36/><U105/><E105/><V107/><F22/><W0/><G0/><T130/><D130/><U10/><E35/><V69/><F107/><W125/><G125/><T117/><D115/><U8/><E8/><V135/><F135/><W4/><G4/><T50/><D113/><U132/><E10/><V112/><F112/><W123/><G123/><N who="2" m="47145" /><F70/><W104/><G104/><T2/><D2/><U81/><REACH who="1" step="1"/><E132/><REACH who="1" ten="220,237,263,260" step="2"/><V71/><F40/><W14/><G14/><T16/><D43/><U23/><E23/><V109/><F109/><W102/><G41/><RYUUKYOKU ba="1,2" sc="220,-15,237,15,263,15,260,-15" hai1="5,6,7,54,57,61,62,72,76,81,92,93,94" hai2="12,17,20,48,56,58,63,64,69,71" /><INIT seed="1,2,2,5,2,59" ten="205,252,278,245" oya="1" hai0="89,21,105,133,66,35,72,24,132,69,123,131,50" hai1="114,10,25,121,28,23,111,93,32,101,26,134,63" hai2="98,58,118,52,100,79,128,37,8,57,13,46,17" hai3="15,84,120,135,106,61,110,95,104,85,67,73,31"/><U78/><E121/><V3/><F128/><W51/><G120/><T109/><D123/><U48/><E114/><V45/><F118/><W115/><G115/><T108/><D131/><U43/><E134/><N who="0" m="51817" /><D72/><U54/><E78/><V71/><F71/><W55/><G73/><T41/><D105/><U75/><E75/><V90/><F79/><W22/><G135/><T96/><D35/><U88/><E101/><V30/><F3/><W5/><G106/><T77/><D77/><U0/><E111/><N who="0" m="42569" /><D50/><U38/><E38/><V102/><F30/><W87/><G104/><T20/><D41/><U2/><E43/><V94/><F58/><N who="3" m="37303" /><G110/><T6/><D6/><U44/><E10/><V91/><F37/><W130/><G130/><T1/><D1/><U113/><E113/><V4/><F4/><W82/><G5/><T60/><D24/><U49/><E49/><N who="2" m="30863" /><F102/><W99/><G15/><T126/><D126/><U76/><E76/><V103/><F100/><N who="3" m="60543" /><G22/><T42/><D42/><U80/><E0/><V62/><F62/><W53/><G31/><T127/><D127/><U7/><E7/><V56/><F56/><N who="3" m="32831" /><G55/><T68/><D68/><U27/><E2/><V74/><F74/><W40/><G40/><T112/><D112/><U119/><E32/><V33/><F33/><W36/><G36/><T16/><D16/><U70/><E70/><V39/><F39/><W64/><G64/><T83/><D96/><U19/><E19/><V107/><F107/><W18/><G18/><T124/><D124/><U47/><E28/><V14/><F14/><W12/><G12/><T97/><D97/><RYUUKYOKU ba="2,2" sc="205,10,252,-30,278,10,245,10" hai0="20,21,60,66,69,83,89" hai2="8,13,17,45,46,90,91,94,98,103" hai3="82,84,85,87" /><INIT seed="2,3,2,2,3,1" ten="215,222,288,255" oya="2" hai0="121,112,49,120,69,109,57,60,103,81,44,95,111" hai1="92,68,27,39,43,64,126,67,75,31,28,101,108" hai2="42,59,15,61,10,53,14,5,89,115,66,130,62" hai3="87,34,73,113,7,77,71,29,116,63,24,65,122"/><V85/><F130/><W9/><G116/><T106/><D106/><U22/><E108/><N who="0" m="41545" /><D81/><U80/><E126/><V8/><F115/><W46/><G122/><N who="0" m="47211" /><D112/><U91/><E101/><V35/><F35/><W98/><G113/><T54/><D95/><U48/><E39/><V94/><F42/><W36/><G87/><T25/><D103/><U20/><E68/><V84/><F85/><W129/><G129/><T51/><D25/><N who="1" m="16423" /><E80/><V105/><F105/><W74/><G98/><T76/><D76/><U26/><E26/><V13/><REACH who="2" step="1"/><F10/><REACH who="2" ten="215,222,278,255" step="2"/><W40/><REACH who="3" step="1"/><G77/><REACH who="3" ten="215,222,278,245" step="2"/><T93/><D93/><U99/><E75/><V88/><F88/><W118/><G118/><T86/><D86/><U79/><E79/><V3/><F3/><AGARI ba="3,4" hai="3,7,9,24,29,34,36,40,46,63,65,71,73,74" machi="3" ten="30,12000,2" yaku="1,1,7,1,33,3,52,1,53,1" doraHai="1" doraHaiUra="21" who="3" fromWho="2" sc="215,0,222,0,278,-129,245,169" /><INIT seed="3,0,0,3,4,86" ten="215,222,149,414" oya="3" hai0="36,85,49,97,116,58,114,43,96,42,87,18,112" hai1="90,99,71,132,125,69,68,65,21,119,28,60,103" hai2="62,54,84,67,73,133,29,34,27,39,130,80,93" hai3="16,105,123,30,77,100,109,118,7,124,127,33,95"/><W6/><G105/><T5/><D116/><U75/><E75/><V2/><F133/><W8/><G77/><T76/><D36/><U101/><E125/><N who="3" m="48202" /><G118/><T126/><D126/><U91/><E103/><V122/><F130/><W82/><G82/><N who="0" m="47303" /><D5/><U51/><E51/><V9/><F122/><W66/><G66/><T98/><D87/><U55/><E55/><V61/><F39/><W88/><G100/><T40/><D18/><U89/><E132/><V81/><F73/><W63/><G63/><T24/><D24/><U117/><E117/><V94/><F81/><W120/><G109/><T106/><D106/><U37/><E37/><V38/><F38/><W92/><G92/><T104/><D104/><U79/><E79/><V53/><F54/><W56/><G56/><T135/><D135/><U121/><E121/><N who="3" m="46666" /><G30/><T110/><D110/><U131/><E119/><V48/><F62/><W20/><G8/><T59/><D49/><U115/><E131/><V25/><F25/><N who="3" m="14471" /><G33/><T15/><D58/><U128/><E128/><V108/><F108/><W4/><G4/><T44/><D59/><U129/><E129/><V35/><F34/><W22/><G22/><T74/><D74/><U11/><E21/><V10/><F9/><W1/><G1/><T13/><D44/><U19/><E11/><V45/><F10/><W134/><G134/><T23/><D23/><U17/><E28/><V72/><F72/><W14/><G14/><T78/><D78/><U26/><E68/><V107/><F2/><W64/><G64/><T12/><AGARI ba="0,0" hai="12,13,15,40,42,43,96,97,98,112,114" m="47303" machi="12" ten="40,2700,0" yaku="29,2" doraHai="86" who="0" fromWho="0" sc="215,27,222,-7,149,-7,414,-13" owari="242,4.2,215,-18.5,142,-35.8,401,50.1" /></mjloggm>