<mjloggm ver="2.3"><GO type="225" lobby="0"/><UN n0="%33%74%72%65%65" n1="%E3%82%BC%E3%83%AB%E3%83%80%E3%81%AE%E4%BC%9D%E8%AA%AC" n2="%74%61%6B%75%61%6B%61" n3="%E3%81%B5%E3%81%98%E3%81%8B%E3%81%A4" dan="16,17,16,16" rate="2157.90,2245.21,2091.87,2155.07" sx="F,M,M,M"/><TAIKYOKU oya="0"/><INIT seed="0,0,0,4,0,67" ten="250,250,250,250" oya="0" hai0="0,11,132,106,76,19,50,92,121,78,126,17,3" hai1="75,99,39,62,21,30,79,26,87,24,65,117,38" hai2="93,96,85,113,86,27,2,74,54,71,60,119,115" hai3="6,80,22,112,45,97,108,118,114,63,123,13,111"/><T130/><D106/><U103/><E75/><V72/><F2/><W10/><G80/><T104/><D104/><U129/><E129/><V127/><F27/><W107/><G97/><T125/><D121/><U56/><E117/><V98/><F54/><W18/><G63/><T81/><D130/><U133/><E133/><V47/><F47/><W16/><G45/><T84/><D132/><U35/><E79/><V53/><F53/><W23/><G107/><T29/><D76/><U68/><E87/><V36/><F36/><W40/><G40/><T49/><D29/><N who="1" m="17551" /><E68/><V15/><F15/><N who="3" m="9567" /><G118/><T124/><D92/><AGARI ba="0,0" hai="26,30,35,38,39,56,62,65,92,99,103" m="17551" machi="92" ten="30,1000,0" yaku="25,1" doraHai="67" who="1" fromWho="0" sc="250,-10,250,10,250,0,250,0" /><INIT seed="1,0,0,3,0,129" ten="240,260,250,250" oya="1" hai0="71,117,132,18,120,3,46,43,47,19,74,85,78" hai1="1,110,70,60,28,29,94,30,2,116,56,65,100" hai2="4,11,33,86,111,23,44,96,106,133,13,62,38" hai3="15,64,35,40,93,99,63,55,41,119,114,97,53"/><U45/><E116/><V26/><F111/><W21/><G114/><T49/><D117/><U121/><E121/><V59/><F33/><W113/><G35/><T109/><D109/><U52/><E110/><V69/><F69/><W16/><G119/><T135/><D120/><U124/><E124/><V126/><F126/><W115/><G115/><T88/><D3/><U57/><E57/><V5/><F5/><W127/><G127/><T131/><D71/><U73/><E73/><V9/><F9/><W103/><G99/><T122/><D122/><U37/><E94/><V83/><F38/><W8/><G113/><T79/><D131/><U95/><E95/><V12/><F12/><W75/><G75/><T104/><D104/><U128/><E100/><V42/><F42/><W67/><G67/><T87/><D87/><U27/><E27/><V105/><F44/><W102/><G102/><T17/><D47/><U10/><E10/><V24/><F96/><W91/><G103/><T125/><D125/><U98/><E98/><V51/><F51/><W61/><G61/><T34/><D34/><U72/><E72/><V31/><F26/><N who="3" m="14631" /><G64/><T0/><D0/><U118/><E128/><V134/><F105/><W6/><G55/><T48/><D48/><N who="1" m="30727" /><E118/><V50/><F50/><W80/><G80/><N who="0" m="49191" /><D74/><U82/><E82/><V14/><F106/><W68/><G68/><T39/><D39/><U7/><E7/><V130/><F130/><W107/><G107/><T123/><D123/><U77/><E77/><N who="2" m="46447" /><F13/><W112/><G112/><T66/><D66/><U54/><E37/><V25/><F25/><RYUUKYOKU ba="0,0" sc="240,0,260,0,250,0,250,0" hai0="17,18,19,43,46,49,78,79,132,135" hai1="1,2,28,29,30,45,54,60,65,70" hai2="4,11,14,23,24,31,59,62,133,134" hai3="6,8,15,40,41,53,63,91,93,97" /><INIT seed="1,1,0,3,2,125" ten="240,260,250,250" oya="1" hai0="9,76,42,56,102,47,14,1,115,27,103,129,10" hai1="58,2,119,77,60,94,116,50,12,117,92,37,81" hai2="63,35,54,112,96,69,86,46,107,59,5,70,84" hai3="67,31,51,30,33,44,34,132,55,19,48,6,18"/><U97/><E2/><V113/><F35/><W108/><G132/><T52/><D115/><N who="2" m="44106" /><F5/><W24/><G108/><T39/><D129/><U130/><E37/><V121/><F121/><W0/><G67/><T104/><D76/><U133/><E133/><V91/><F46/><W85/><G85/><N who="2" m="32873" /><F91/><W79/><G79/><T26/><D1/><U45/><E130/><V29/><F29/><W41/><G31/><T66/><D66/><U4/><E4/><V17/><F17/><W93/><G33/><T65/><D65/><U78/><E12/><V15/><F15/><W28/><G28/><T99/><D102/><AGARI ba="1,0" hai="54,59,63,69,70,96,102,107" m="32873,44106" machi="102" ten="30,1000,0" yaku="11,1" doraHai="125" who="2" fromWho="0" sc="240,-13,260,0,250,13,250,0" /><INIT seed="2,0,0,4,2,88" ten="227,260,263,250" oya="2" hai0="39,73,2,5,24,31,110,48,81,8,75,72,29" hai1="20,87,98,85,49,134,119,132,63,38,7,30,129" hai2="12,28,111,76,68,0,42,53,33,47,82,17,84" hai3="113,67,14,123,92,99,16,97,71,105,52,94,69"/><V101/><F0/><W80/><G123/><T104/><D110/><U9/><E38/><V36/><F111/><W50/><G105/><T21/><D39/><U121/><E119/><V26/><F68/><W135/><G71/><T35/><D104/><U108/><E108/><V124/><F124/><W40/><G69/><T46/><D31/><U116/><E116/><V127/><F127/><W126/><G126/><T128/><D128/><U70/><E129/><V109/><F109/><W51/><G67/><T10/><D10/><U54/><E121/><V93/><F53/><W120/><G80/><T44/><D44/><U122/><E122/><V41/><F41/><W79/><G79/><T117/><D117/><U64/><E98/><N who="3" m="37386" /><G120/><T60/><D60/><U37/><E37/><V34/><F34/><W4/><G4/><T96/><D96/><U95/><E30/><V15/><F101/><W118/><G135/><N who="1" m="51754" /><E20/><V114/><F114/><W25/><G25/><T62/><D62/><U27/><E27/><V102/><F102/><W6/><G6/><T125/><D125/><U23/><E23/><V131/><F131/><W59/><G113/><T89/><D35/><U57/><E95/><N who="3" m="36394" /><G118/><T3/><D3/><AGARI ba="0,0" hai="3,7,9,49,54,57,63,64,70,85,87" m="51754" machi="3" ten="30,1000,0" yaku="20,1" doraHai="88" who="1" fromWho="0" sc="227,-10,260,10,263,0,250,0" /><INIT seed="3,0,0,4,2,106" ten="217,270,263,250" oya="3" hai0="130,85,31,40,99,97,71,62,114,28,133,110,36" hai1="18,5,95,14,2,75,76,17,22,69,20,132,82" hai2="122,107,118,50,128,13,108,43,109,74,39,121,70" hai3="37,120,57,68,60,104,8,21,92,42,46,53,89"/><W47/><G120/><N who="2" m="46185" /><F107/><W80/><G104/><T33/><D110/><N who="2" m="42602" /><F13/><W66/><G47/><T84/><D133/><U119/><E69/><V59/><F74/><W27/><G8/><T117/><D117/><U61/><E132/><V10/><F10/><W49/><G80/><T134/><D134/><U100/><E61/><V45/><F118/><W67/><G67/><T35/><D62/><U127/><E5/><V111/><F111/><W88/><G92/><T16/><D71/><U123/><E2/><V15/><F15/><W124/><G124/><T129/><D40/><U54/><E127/><V41/><F70/><W64/><G64/><T0/><D0/><U1/><E1/><V26/><F26/><W7/><G7/><T112/><D36/><U102/><E123/><V103/><F103/><W94/><G94/><T83/><D83/><U30/><E95/><V81/><F81/><W96/><G96/><T24/><D24/><U25/><E119/><V3/><F3/><W125/><G125/><T90/><D90/><U11/><E102/><V4/><F4/><W63/><G63/><T116/><D116/><U98/><E98/><V113/><F113/><W86/><G86/><T9/><REACH who="0" step="1"/><D9/><REACH who="0" ten="207,270,263,250" step="2"/><U131/><E11/><V23/><F41/><W101/><G101/><T87/><D87/><U58/><E100/><V135/><F135/><W65/><G65/><T55/><D55/><U77/><E54/><N who="2" m="32215" /><F128/><W38/><G37/><T48/><D48/><U79/><E131/><V19/><F39/><W91/><G89/><T126/><D126/><U73/><E82/><V51/><F43/><RYUUKYOKU ba="0,1" sc="207,15,270,-15,263,-15,250,15" hai0="16,28,31,33,35,84,85,97,99,112,114,129,130" hai3="21,27,38,42,46,49,53,57,60,66,68,88,91" /><INIT seed="3,1,1,4,5,122" ten="222,255,248,265" oya="3" hai0="29,48,131,118,114,34,25,46,6,4,109,7,16" hai1="79,37,68,91,73,103,51,133,102,27,124,1,119" hai2="21,32,99,18,126,108,111,28,84,59,98,53,5" hai3="134,63,12,33,36,78,135,117,61,54,115,66,65"/><W11/><G33/><T47/><D118/><U132/><E37/><V72/><F72/><W85/><G117/><T92/><D131/><U13/><E1/><V39/><F39/><W105/><G105/><T41/><D114/><U23/><E119/><V93/><F126/><W106/><G106/><T26/><D47/><U3/><E3/><V38/><F38/><W62/><G115/><T75/><D75/><U89/><E68/><V107/><F5/><W77/><G36/><T70/><D70/><U9/><E124/><V101/><F28/><W67/><G54/><T125/><D125/><U129/><E51/><V123/><F32/><W44/><G44/><T121/><D121/><U14/><E129/><V100/><F84/><W42/><G42/><T49/><D49/><U57/><E57/><V130/><F123/><W45/><G45/><T20/><REACH who="0" step="1"/><D92/><REACH who="0" ten="212,255,248,265" step="2"/><U30/><E73/><V88/><F130/><W64/><G63/><T56/><D56/><U90/><E132/><N who="3" m="50730" /><G62/><T31/><D31/><U58/><E58/><V74/><F74/><W104/><G104/><T83/><D83/><U97/><E133/><V80/><F107/><W69/><G85/><T81/><D81/><U96/><E30/><V22/><F80/><W127/><G127/><T8/><D8/><U15/><E9/><V71/><F71/><W10/><G10/><T0/><D0/><U35/><E96/><V113/><F98/><W95/><G95/><T94/><D94/><U112/><E97/><V120/><F99/><W52/><G52/><T55/><D55/><U116/><E116/><V76/><F53/><RYUUKYOKU ba="1,2" sc="212,15,255,-15,248,-15,265,15" hai0="4,6,7,16,20,25,26,29,34,41,46,48,109" hai3="11,12,61,64,65,66,67,69,77,78" /><INIT seed="3,2,2,2,1,116" ten="227,240,233,280" oya="3" hai0="15,50,58,42,63,129,95,53,126,77,6,17,1" hai1="74,10,66,128,2,4,109,72,25,99,79,54,11" hai2="32,44,31,29,111,135,113,102,69,76,81,123,19" hai3="68,78,7,117,125,89,39,83,49,100,12,47,121"/><W119/><G121/><T122/><D122/><U106/><E109/><V57/><F69/><W67/><G39/><T98/><D126/><U75/><E128/><V5/><F123/><W60/><G125/><T36/><D129/><U104/><E54/><V38/><F113/><W97/><G89/><T80/><D36/><U40/><E66/><V114/><F114/><W59/><G7/><T88/><D1/><U73/><E10/><V124/><F124/><W112/><G12/><T3/><D3/><U96/><E25/><V87/><F111/><W16/><G16/><T23/><D6/><U133/><E133/><V82/><F5/><W103/><G103/><T14/><D14/><U34/><E34/><V131/><F102/><W26/><G26/><T20/><D20/><U62/><E62/><V24/><F135/><W46/><G46/><T127/><D127/><U118/><E118/><V52/><F131/><W90/><G90/><T115/><D115/><U41/><E99/><V43/><F81/><W0/><G68/><T55/><D42/><U65/><E65/><V21/><REACH who="2" step="1"/><F32/><REACH who="2" ten="227,240,223,280" step="2"/><W134/><G112/><T94/><D94/><U56/><E106/><V92/><F92/><N who="3" m="58407" /><G134/><T35/><D35/><U84/><E104/><V110/><F110/><W105/><G105/><T71/><D71/><U30/><E4/><V22/><F22/><W13/><G119/><T8/><D23/><U132/><E132/><V108/><F108/><W64/><G117/><T27/><D80/><U85/><E2/><V70/><F70/><N who="3" m="42247" /><G0/><T28/><D27/><U9/><E9/><V91/><F91/><RYUUKYOKU ba="2,3" sc="227,-10,240,-10,223,30,280,-10" hai2="19,21,24,29,31,38,43,44,52,57,76,82,87" /><INIT seed="4,3,3,4,2,127" ten="217,230,253,270" oya="0" hai0="51,130,88,38,20,19,122,32,63,61,75,46,28" hai1="121,52,79,0,132,76,2,123,131,125,18,114,89" hai2="37,36,115,117,96,81,1,100,93,108,69,64,7" hai3="110,34,112,72,39,47,68,48,82,17,94,98,105"/><T67/><D122/><U60/><E125/><V135/><F108/><W22/><G110/><T43/><D75/><U70/><E132/><V129/><F129/><W66/><G34/><T92/><D130/><U83/><E131/><V56/><F69/><W57/><G105/><T106/><D106/><U35/><E35/><V25/><F115/><W86/><G72/><T126/><D126/><U13/><E89/><V58/><F135/><W24/><G112/><T55/><D67/><U54/><E114/><V118/><F81/><W65/><G57/><N who="2" m="22121" /><F64/><W8/><G8/><T5/><D5/><U80/><E13/><V77/><F77/><N who="3" m="46415" /><G39/><T73/><D73/><U40/><E18/><V30/><F7/><W16/><G17/><T4/><D4/><U90/><E90/><V50/><F50/><W120/><G68/><T10/><D10/><U111/><E70/><V31/><F1/><W133/><G120/><T26/><D38/><N who="2" m="14954" /><F25/><W33/><G33/><T29/><D43/><U3/><E3/><V128/><F128/><W85/><G133/><T91/><D91/><U6/><E6/><V134/><F134/><W23/><G23/><T41/><D41/><U84/><E40/><V116/><AGARI ba="3,3" hai="30,31,93,96,100,116,117,118" m="14954,22121" machi="116" ten="40,1500,0" yaku="12,1" doraHai="127" who="2" fromWho="2" sc="217,-10,230,-7,253,54,270,-7" owari="207,-29.3,223,-17.7,307,40.7,263,6.3" /></mjloggm>