<mjloggm ver="2.3"><GO type="225" lobby="0"/><UN n0="%6D%75%75%6D%75%72%61" n1="%E7%B4%94%E6%BD%94%E3%83%94%E3%83%A9%E3%83%8B%E3%82%A2" n2="%6B%65%6E%6E%64%69" n3="%E3%81%A9%E3%82%8F%E3%82%93%E3%81%94" dan="16,18,16,16" rate="2172.33,2238.79,2151.16,2126.81" sx="F,M,M,M"/><TAIKYOKU oya="0"/><INIT seed="0,0,0,0,2,83" ten="250,250,250,250" oya="0" hai0="135,45,91,132,44,17,97,18,129,84,31,22,43" hai1="26,58,126,56,65,55,82,10,6,134,54,74,24" hai2="127,117,106,73,80,93,36,81,70,77,14,12,20" hai3="116,131,1,34,90,96,118,75,110,76,119,35,69"/><T71/><D71/><U32/><E126/><V89/><F36/><W40/><G69/><T67/><D67/><U51/><E134/><N who="0" m="51241" /><D129/><U125/><E125/><V121/><F121/><W4/><G131/><T21/><D97/><U103/><E103/><V88/><F127/><W7/><G40/><T98/><D98/><U133/><E32/><V115/><F115/><W120/><G120/><T25/><D22/><U11/><E65/><V23/><F70/><W78/><G96/><T46/><D43/><U99/><E99/><V0/><F0/><W123/><G123/><T112/><D112/><U27/><E133/><V30/><F30/><W94/><G119/><T104/><D104/><U107/><E107/><V128/><F106/><W68/><G68/><T85/><D85/><U19/><E74/><V28/><F28/><W13/><G75/><T52/><D52/><U122/><E122/><V8/><F128/><W61/><G118/><T41/><D41/><U130/><E130/><V49/><F117/><W16/><G35/><T57/><D57/><U38/><E38/><V9/><F73/><W102/><G34/><T37/><D37/><U114/><E114/><V100/><F100/><W53/><G102/><T39/><D39/><U124/><E124/><V3/><F49/><W109/><G116/><T113/><D113/><U2/><E55/><V42/><F42/><W15/><G53/><T62/><D62/><U105/><E105/><V47/><F47/><N who="0" m="12034" /><T87/><DORA hai="111" /><D87/><U5/><E56/><V86/><F86/><N who="3" m="52567" /><G61/><T72/><D72/><U101/><E54/><V79/><F23/><RYUUKYOKU ba="0,0" sc="250,30,250,-10,250,-10,250,-10" hai0="17,18,21,25,31,84,91" /><INIT seed="0,1,0,0,4,60" ten="280,240,240,240" oya="0" hai0="63,84,36,2,116,16,101,65,56,75,108,6,37" hai1="94,95,99,52,113,26,98,83,15,54,4,90,7" hai2="40,100,64,58,48,82,62,103,119,47,67,38,88" hai3="19,125,78,27,91,77,20,86,13,96,3,18,85"/><T104/><D75/><U50/><E113/><V76/><F119/><W57/><G125/><T70/><D116/><U10/><E83/><V79/><F38/><W117/><G3/><T71/><D108/><U17/><E26/><V123/><F123/><W23/><G117/><T121/><D121/><U73/><E73/><V55/><F88/><W134/><G134/><T24/><D84/><U80/><E80/><V5/><F5/><W102/><G57/><T126/><D126/><U1/><E1/><V41/><F41/><W8/><G86/><T128/><D128/><U29/><E29/><V9/><F9/><W89/><G89/><T112/><D112/><U69/><E69/><V31/><F31/><N who="3" m="17895" /><G96/><T45/><D104/><U92/><E54/><V39/><F79/><W115/><G102/><T118/><D101/><N who="1" m="60615" /><E94/><V72/><REACH who="2" step="1"/><F67/><REACH who="2" ten="280,240,230,240" step="2"/><W124/><G124/><T11/><D118/><U28/><E28/><V14/><F14/><N who="3" m="9719" /><G115/><T74/><D37/><U49/><E49/><V12/><F12/><W114/><G114/><T30/><D2/><U133/><E133/><V105/><F105/><W109/><G109/><T0/><D0/><U93/><E95/><AGARI ba="1,1" hai="8,13,18,77,78,85,91,95" m="9719,17895" machi="95" ten="30,1000,0" yaku="8,1" doraHai="60" who="3" fromWho="1" sc="280,0,240,-13,230,0,240,23" /><INIT seed="1,0,0,3,3,130" ten="280,227,230,263" oya="1" hai0="128,96,65,49,44,0,111,46,59,27,126,31,129" hai1="38,7,64,2,25,106,43,114,79,26,118,107,123" hai2="100,42,92,124,12,73,40,101,74,122,84,29,105" hai3="51,36,23,45,76,81,58,5,86,75,89,91,41"/><U11/><E114/><V16/><F122/><W22/><G91/><T113/><D113/><U103/><E123/><V98/><F124/><W99/><G99/><T28/><D126/><U21/><E118/><V125/><F125/><W1/><G58/><T15/><D0/><U14/><E64/><V88/><F101/><W4/><G51/><T37/><D111/><U117/><E117/><V57/><F29/><W108/><G108/><T112/><D112/><U61/><E61/><V94/><F105/><W54/><G54/><T53/><D65/><U66/><E66/><V20/><REACH who="2" step="1"/><F57/><REACH who="2" ten="280,227,220,263" step="2"/><W34/><G34/><T109/><D31/><U18/><E107/><V83/><F83/><N who="3" m="49375" /><G5/><T33/><D109/><U13/><E106/><V6/><F6/><W133/><G133/><T39/><D128/><U135/><E103/><V95/><F95/><W121/><G121/><T62/><D129/><U32/><E135/><V63/><F63/><W131/><G131/><T80/><D62/><U56/><E56/><V3/><F3/><W30/><G30/><T97/><D80/><U102/><E102/><V87/><F87/><W70/><G70/><T17/><D96/><U35/><E2/><V50/><F50/><W78/><G78/><T68/><D97/><U119/><E79/><V48/><F48/><W47/><G47/><N who="0" m="17963" /><D68/><U85/><E85/><V71/><F71/><W67/><G67/><T10/><D37/><U90/><E119/><V52/><F52/><W110/><G110/><T116/><D39/><U127/><E127/><V115/><F115/><W120/><G120/><T104/><D116/><RYUUKYOKU ba="0,1" sc="280,10,227,-30,220,10,263,10" hai0="10,15,17,27,28,33,49,53,59,104" hai2="12,16,20,40,42,73,74,84,88,92,94,98,100" hai3="1,4,22,23,36,41,45,75,76,81" /><INIT seed="2,1,1,2,1,126" ten="290,197,230,273" oya="2" hai0="65,21,86,102,79,105,120,5,122,96,125,74,49" hai1="112,6,109,40,27,62,90,113,104,39,58,26,107" hai2="60,84,16,59,35,12,56,119,101,42,54,2,37" hai3="80,133,20,97,10,111,50,70,77,52,110,89,44"/><V130/><F119/><W24/><G70/><T43/><D125/><U95/><E109/><N who="3" m="41482" /><G133/><T7/><D74/><U87/><E6/><V29/><F2/><W132/><G132/><T68/><D68/><U91/><E39/><V22/><F101/><W129/><G129/><T36/><D36/><U75/><E40/><V15/><F130/><W88/><G97/><T0/><D65/><U61/><E87/><V9/><F35/><W76/><G10/><T4/><D0/><U23/><E58/><V123/><F123/><W47/><G47/><T127/><D127/><U18/><E23/><V92/><F59/><W11/><G11/><T28/><D43/><U85/><E85/><V48/><F37/><W14/><G14/><T121/><D49/><U106/><E106/><V31/><F42/><W115/><G115/><T69/><D69/><U33/><E33/><V82/><F60/><W3/><G3/><T64/><D64/><U118/><E95/><V103/><F103/><W135/><G135/><T38/><D38/><U117/><REACH who="1" step="1"/><E18/><REACH who="1" ten="290,187,230,273" step="2"/><N who="2" m="10567" /><F92/><W51/><G51/><T134/><D134/><U114/><E114/><V93/><F93/><W128/><G128/><T30/><D21/><U1/><E1/><V45/><F56/><W8/><G8/><T131/><D131/><U55/><E55/><V99/><F99/><W83/><G83/><N who="0" m="47487" /><D105/><U53/><E53/><V108/><F108/><W41/><G41/><T63/><D96/><U19/><E19/><V124/><F124/><W25/><G80/><T71/><D102/><U46/><E46/><V116/><F116/><W81/><G44/><RYUUKYOKU ba="1,2" sc="290,10,187,10,230,10,273,-30" hai0="4,5,7,28,30,63,71,120,121,122" hai1="26,27,61,62,75,90,91,104,107,112,113,117,118" hai2="9,15,16,29,31,45,48,54,82,84" /><INIT seed="2,2,2,4,5,75" ten="300,197,240,243" oya="2" hai0="29,65,39,91,113,121,111,99,78,28,61,0,34" hai1="74,135,69,134,94,48,17,116,24,98,67,104,5" hai2="63,120,11,62,132,33,105,25,18,70,68,106,20" hai3="46,23,36,117,59,79,97,49,13,101,52,109,96"/><V83/><F120/><W133/><G117/><T30/><D121/><U32/><E116/><V8/><F132/><N who="1" m="50729" /><E5/><V131/><F131/><W85/><G133/><T126/><D113/><U58/><E74/><V128/><F128/><W37/><G109/><T2/><D111/><U114/><E114/><V55/><F33/><W80/><G97/><T12/><D34/><U54/><E104/><V21/><F83/><W119/><G119/><T108/><D126/><U72/><E72/><V26/><F55/><W125/><G125/><T16/><D39/><U115/><E115/><V87/><F87/><W47/><G37/><T6/><D78/><U43/><E43/><V129/><F129/><W27/><G13/><T110/><D6/><U81/><E81/><V92/><F18/><N who="3" m="12791" /><G36/><T60/><D2/><U89/><E17/><V4/><F4/><W31/><G31/><T102/><D0/><U84/><E98/><V51/><F51/><W118/><G118/><T3/><D3/><U95/><E95/><AGARI ba="2,2" hai="8,11,20,21,25,26,62,63,68,70,92,95,105,106" machi="95" ten="25,2400,0" yaku="22,2" doraHai="75" who="2" fromWho="1" sc="300,0,197,-30,240,50,243,0" /><AGARI ba="2,0" hai="46,47,49,52,59,79,80,85,95,96,101" m="12791" machi="95" ten="30,3900,0" yaku="8,1,52,1,54,1" doraHai="75" who="3" fromWho="1" sc="300,0,167,-39,290,0,243,39" /><INIT seed="2,3,0,2,0,62" ten="300,128,290,282" oya="2" hai0="13,80,77,3,130,9,99,76,57,27,46,12,20" hai1="22,122,66,39,33,24,132,115,60,135,78,90,114" hai2="127,125,111,95,134,1,35,36,28,49,82,102,107" hai3="48,72,129,110,98,83,53,55,93,73,15,26,25"/><V103/><F36/><W124/><G110/><T120/><D120/><U31/><E90/><V47/><F1/><W88/><G129/><T133/><D3/><U79/><E39/><V38/><F38/><W16/><G124/><N who="2" m="47689" /><F107/><W121/><G121/><T96/><D130/><U45/><E45/><V92/><F134/><N who="1" m="51241" /><E33/><V74/><F111/><W50/><G73/><T44/><D133/><U109/><E122/><V29/><F74/><W71/><G71/><T6/><D13/><U0/><E0/><V131/><F82/><W106/><G106/><T19/><D57/><N who="1" m="37135" /><E109/><V85/><F131/><W70/><G70/><T54/><D80/><U123/><E123/><V21/><F35/><W101/><G72/><T8/><D46/><U87/><E87/><V118/><F118/><W37/><G37/><T67/><D44/><U32/><E32/><V52/><F85/><N who="3" m="50239" /><G26/><T63/><D27/><U86/><E86/><V117/><F117/><W75/><G25/><T126/><D126/><U41/><E41/><V64/><F103/><W84/><G84/><T30/><D76/><AGARI ba="3,0" hai="22,24,31,76,78,79,114,115" m="37135,51241" machi="76" ten="30,2000,0" yaku="20,1,52,1" doraHai="62" who="1" fromWho="0" sc="300,-29,128,29,290,0,282,0" /><INIT seed="3,0,0,3,4,108" ten="271,157,290,282" oya="3" hai0="123,50,91,119,129,92,41,114,131,11,47,1,122" hai1="16,79,68,48,103,51,107,109,60,88,57,23,134" hai2="81,5,70,24,14,100,116,42,104,102,76,99,71" hai3="58,83,4,26,9,128,22,63,86,21,27,34,132"/><W101/><G128/><N who="0" m="49227" /><D119/><U96/><E109/><V111/><F111/><W40/><G132/><T106/><D106/><U15/><E134/><V73/><F116/><W80/><G40/><T95/><D1/><U87/><E79/><V52/><F102/><W118/><G34/><T89/><D11/><U105/><E105/><V59/><F42/><W61/><G118/><T62/><D62/><U6/><E6/><V125/><F125/><W10/><G101/><T130/><N who="0" m="49235" /><T77/><DORA hai="72" /><D77/><U38/><E38/><V30/><F14/><W29/><G58/><T3/><D3/><U49/><E68/><V54/><F5/><W46/><G46/><T55/><D41/><U75/><E75/><V93/><F104/><W0/><G10/><T78/><D78/><U121/><E121/><V33/><F54/><W74/><G74/><T19/><D19/><U7/><E7/><V18/><F18/><W28/><G83/><T135/><D135/><U20/><E20/><V35/><F35/><W53/><G53/><T85/><D114/><U44/><E44/><V65/><F65/><W94/><G94/><T133/><D133/><U110/><E110/><V13/><F13/><W120/><G120/><T36/><D36/><U113/><E113/><V84/><F73/><W8/><G8/><T2/><D2/><U98/><E103/><V126/><F126/><W37/><G37/><T64/><D64/><N who="1" m="38927" /><E107/><V90/><F100/><W56/><G56/><T82/><D89/><AGARI ba="0,0" hai="0,4,9,21,22,26,27,28,29,61,63,80,86,89" machi="89" ten="30,2900,0" yaku="7,1,9,1" doraHai="108,72" who="3" fromWho="0" sc="271,-29,157,0,290,0,282,29" owari="242,-15.8,157,-34.3,290,9.0,311,41.1" /></mjloggm>