<mjloggm ver="2.3"><GO type="225" lobby="0"/><UN n0="%E3%81%9F%E3%81%A3%E3%81%A1%E3%82%87" n1="%E3%81%86%E3%81%A3%E3%81%97%E3%83%BC%30%30" n2="%E3%82%A2%E3%83%BC%E3%83%A2%E3%83%AD%E3%83%BC%E3%83%B4%E3%82%A1" n3="%E6%97%A5%E6%9B%9C%E6%97%A5%E3%82%88%E3%82%8A%E3%81%AE%E4%BD%BF%E8%80%85" dan="16,16,16,17" rate="2061.06,2119.92,2154.29,2152.25" sx="M,M,M,M"/><TAIKYOKU oya="0"/><INIT seed="0,0,0,0,3,84" ten="250,250,250,250" oya="0" hai0="67,117,127,68,134,41,40,119,35,97,38,81,107" hai1="101,59,109,8,51,33,115,27,111,15,18,10,3" hai2="126,12,11,74,105,57,70,47,72,21,96,23,32" hai3="5,30,83,37,43,121,61,86,129,4,36,82,130"/><T26/><D40/><U94/><E115/><V98/><F70/><W103/><G103/><N who="0" m="62959" /><D81/><U125/><E125/><V48/><F32/><W77/><G30/><N who="0" m="19927" /><D134/><U95/><E33/><V49/><F126/><W6/><G121/><T7/><D7/><N who="1" m="1151" /><E27/><V90/><F72/><W22/><G43/><T87/><D87/><U2/><E2/><V50/><F74/><W44/><G44/><N who="0" m="23607" /><D127/><U124/><E101/><V114/><F114/><W131/><G22/><N who="2" m="8201" /><F105/><W46/><G46/><T24/><D24/><U29/><E29/><V64/><F47/><W76/><REACH who="3" step="1"/><G61/><AGARI ba="0,0" hai="61,67,68,117,119" m="23607,19927,62959" machi="61" ten="30,2900,0" yaku="25,1,23,1" doraHai="84" who="0" fromWho="3" sc="250,29,250,0,250,0,250,-29" /><INIT seed="0,1,0,4,4,3" ten="279,250,250,221" oya="0" hai0="77,44,112,6,86,33,104,15,49,92,38,73,7" hai1="103,100,85,66,42,93,74,61,57,17,1,132,80" hai2="22,99,30,24,124,83,128,16,53,67,97,60,47" hai3="65,117,37,91,78,96,90,79,87,29,34,131,125"/><T27/><D112/><U26/><E132/><V69/><F128/><W113/><G117/><T133/><D104/><U105/><E1/><V101/><F124/><W64/><G37/><T12/><D38/><U51/><E74/><V43/><F53/><W102/><G113/><T68/><D68/><U9/><E105/><V31/><F83/><W98/><G29/><T39/><D39/><U28/><E17/><V89/><F89/><W40/><G34/><T72/><D133/><U76/><E9/><V50/><REACH who="2" step="1"/><F97/><REACH who="2" ten="279,250,240,221" step="2"/><W94/><G131/><T122/><D122/><U81/><E80/><V8/><F8/><W121/><G125/><T127/><D127/><U109/><E109/><V114/><F114/><W123/><G123/><T75/><D77/><U55/><E42/><V48/><F48/><W2/><G121/><T54/><D75/><U25/><E51/><V35/><F35/><W111/><G111/><T20/><D73/><U0/><E55/><V95/><AGARI ba="1,1" hai="16,22,24,30,31,43,47,50,60,67,69,95,99,101" machi="95" ten="20,8000,1" yaku="1,1,0,1,7,1,54,1,53,1" doraHai="3" doraHaiUra="21" who="2" fromWho="2" sc="279,-41,250,-21,240,93,221,-21" /><INIT seed="1,0,0,2,2,90" ten="238,229,333,200" oya="1" hai0="135,109,65,69,113,40,38,53,79,5,97,88,103" hai1="60,78,72,125,47,50,110,37,80,28,86,54,129" hai2="91,43,111,87,41,130,100,1,82,66,31,10,67" hai3="99,108,24,81,124,77,73,58,64,76,17,115,9"/><U118/><E118/><V133/><F111/><W27/><G115/><T63/><D109/><U122/><E122/><V15/><F1/><W101/><G108/><T123/><D113/><U85/><E129/><V45/><F133/><W68/><G68/><T35/><D135/><U39/><E125/><V12/><F130/><W29/><G77/><T71/><D79/><U30/><E110/><V8/><F31/><W126/><G58/><T11/><D35/><U22/><E60/><V94/><F100/><W32/><G64/><N who="2" m="24617" /><F82/><W119/><G119/><T114/><D114/><U20/><E30/><V16/><F45/><W33/><G9/><T56/><D103/><U2/><E2/><V48/><F48/><W44/><G44/><T128/><D128/><U84/><REACH who="1" step="1"/><E28/><REACH who="1" ten="238,219,333,200" step="2"/><V7/><AGARI ba="0,1" hai="7,8,10,12,15,16,41,43,87,91,94" m="24617" machi="7" ten="30,4000,0" yaku="8,1,52,1,54,1" doraHai="90" who="2" fromWho="2" sc="238,-10,219,-20,333,50,200,-10" /><INIT seed="2,0,0,2,5,90" ten="228,199,383,190" oya="2" hai0="44,124,98,132,81,64,60,59,95,58,65,48,69" hai1="1,100,37,38,14,67,134,15,50,89,29,119,39" hai2="27,31,54,40,99,117,30,7,4,114,123,115,10" hai3="0,12,28,82,25,13,71,2,52,106,75,55,122"/><V92/><F117/><W101/><G122/><T26/><D124/><U111/><E1/><V21/><F123/><W80/><G71/><T46/><D132/><U6/><E119/><V16/><F40/><W112/><G112/><T121/><D121/><U88/><E111/><V83/><F83/><W128/><G128/><T19/><D81/><U105/><E134/><V86/><F86/><W47/><G106/><T126/><D69/><U73/><E73/><V118/><F118/><W102/><G47/><T133/><D126/><U17/><E29/><N who="2" m="10763" /><F115/><W9/><G28/><T36/><D36/><U42/><E67/><V109/><F114/><W22/><G22/><N who="0" m="13663" /><D133/><U108/><E108/><V116/><F116/><W68/><G68/><T127/><D127/><U5/><E42/><V120/><F10/><W35/><G9/><T51/><D65/><U3/><E3/><V125/><F125/><W94/><G25/><T56/><D64/><U66/><E66/><V11/><F11/><W20/><G20/><T63/><D60/><U79/><E37/><V41/><F41/><W45/><G75/><T24/><D63/><U103/><E105/><V107/><F107/><W113/><G113/><T62/><D62/><U57/><E38/><V97/><F109/><W78/><G78/><T23/><D48/><U70/><E50/><V8/><F120/><W85/><G35/><T18/><D51/><U131/><E39/><V96/><F54/><W33/><G33/><T34/><D34/><U74/><E74/><V91/><F8/><W72/><G72/><T104/><D104/><U93/><E70/><RYUUKYOKU ba="0,0" sc="228,15,199,-15,383,15,190,-15" hai0="18,23,24,44,46,56,58,59,95,98" hai2="4,7,16,21,27,91,92,96,97,99" /><INIT seed="2,1,0,4,2,121" ten="243,184,398,175" oya="2" hai0="130,4,22,20,119,19,79,123,114,105,62,46,99" hai1="76,91,113,27,87,104,43,40,0,101,1,80,70" hai2="44,65,42,12,131,95,107,72,120,49,24,68,129" hai3="64,117,45,48,58,33,15,81,32,36,10,17,93"/><V7/><F107/><W103/><G117/><T135/><D123/><U38/><E113/><V47/><F120/><W109/><G36/><T96/><D114/><U86/><E70/><V127/><F72/><W2/><G2/><T28/><D119/><U67/><E67/><V71/><F127/><W37/><G37/><T85/><D135/><U132/><E132/><V39/><F24/><W13/><G81/><T78/><D4/><U116/><E116/><V100/><F95/><W55/><G109/><T63/><D46/><U54/><E101/><V94/><F94/><W57/><G103/><T92/><D92/><U115/><E104/><V112/><F100/><W106/><G106/><T108/><D105/><U118/><E115/><V52/><F112/><W110/><G110/><T89/><D130/><N who="2" m="49674" /><F65/><W102/><G33/><T18/><D28/><U90/><E27/><V51/><F51/><W9/><G32/><T21/><D85/><U97/><E38/><V31/><F31/><W11/><G64/><T53/><D108/><U61/><E97/><V5/><F5/><N who="3" m="3247" /><G10/><AGARI ba="1,0" hai="7,10,12,39,42,44,47,49,52,68,71" m="49674" machi="10" ten="30,2900,0" yaku="19,1,54,1" doraHai="121" who="2" fromWho="3" sc="243,0,184,0,398,32,175,-32" /><INIT seed="2,2,0,3,3,81" ten="243,184,430,143" oya="2" hai0="60,133,50,77,10,42,56,106,33,17,58,11,51" hai1="2,90,69,48,6,96,28,20,55,78,64,65,82" hai2="21,46,93,13,1,129,41,32,91,75,76,45,19" hai3="3,24,34,44,12,132,117,36,7,71,111,105,53"/><V74/><F129/><W89/><G105/><T116/><D33/><U135/><E135/><V40/><F32/><W87/><G71/><T110/><D106/><U107/><E2/><V9/><F76/><W59/><G117/><T119/><D110/><U125/><E6/><V121/><F121/><W4/><G3/><T100/><D100/><U61/><E125/><V0/><F74/><W92/><G132/><T108/><D108/><U120/><E64/><V38/><F75/><W86/><G111/><T94/><D94/><U63/><E63/><V103/><F103/><W23/><G34/><T73/><D73/><U104/><E90/><V52/><F21/><W124/><G124/><T70/><D77/><U112/><E96/><V8/><F8/><W66/><G12/><T118/><D17/><U134/><E112/><V62/><F62/><W18/><G66/><N who="0" m="41287" /><D10/><U27/><E120/><V49/><F41/><W84/><G44/><N who="0" m="25879" /><D11/><U72/><REACH who="1" step="1"/><E134/><REACH who="1" ten="243,174,430,143" step="2"/><V80/><F0/><W123/><G123/><T37/><D133/><U113/><E113/><V131/><F1/><W97/><REACH who="3" step="1"/><G36/><REACH who="3" ten="243,174,430,133" step="2"/><T35/><D37/><U102/><E102/><V88/><F38/><W99/><G99/><T130/><D116/><U83/><E83/><V128/><F80/><W16/><G16/><T101/><D118/><U126/><E126/><V26/><F19/><W47/><G47/><AGARI ba="2,2" hai="20,27,28,47,48,55,61,65,69,72,78,82,104,107" machi="47" ten="30,2000,0" yaku="1,1,7,1,53,0" doraHai="81" doraHaiUra="68" who="1" fromWho="3" sc="243,0,174,46,430,0,133,-26" /><INIT seed="3,0,0,5,0,80" ten="243,220,430,107" oya="3" hai0="29,0,4,84,115,79,131,87,124,72,78,86,101" hai1="28,50,22,3,70,14,18,95,118,62,104,93,41" hai2="60,123,125,25,120,59,42,1,97,8,31,89,71" hai3="38,67,27,66,46,64,109,127,11,19,73,102,36"/><W108/><G73/><T103/><D29/><U37/><E104/><V135/><F71/><W88/><G102/><N who="0" m="38923" /><D4/><U10/><E37/><V121/><F125/><W113/><G113/><T83/><D0/><U134/><E134/><V13/><F135/><W128/><G127/><T12/><D12/><U56/><E118/><V110/><F110/><N who="3" m="42603" /><G128/><T107/><D107/><U133/><E70/><V39/><F1/><W119/><G119/><T61/><D61/><U48/><E133/><V17/><F39/><N who="3" m="14891" /><G46/><T6/><D124/><U23/><E23/><V100/><F100/><W47/><G47/><T9/><D115/><U82/><E82/><V76/><F120/><W40/><G40/><T54/><D72/><U85/><E3/><V77/><F42/><W16/><G11/><T20/><D131/><U132/><E132/><V106/><F121/><W75/><G75/><T7/><D9/><U2/><E41/><V65/><F123/><W130/><G130/><T105/><D105/><U63/><E10/><V91/><F106/><W90/><G27/><T30/><D83/><U57/><E2/><V21/><F8/><W5/><G5/><T35/><D6/><U58/><E14/><V24/><F13/><W49/><G49/><T129/><D7/><U92/><E50/><V68/><F25/><W81/><G81/><T43/><D43/><U98/><E48/><V15/><F15/><W99/><G99/><T32/><D129/><U74/><E98/><V52/><F97/><W44/><G44/><T96/><D96/><U51/><E74/><V122/><F122/><W53/><G53/><RYUUKYOKU ba="0,0" sc="243,-10,220,-10,430,-10,107,30" hai3="16,19,64,66,67,88,90" /><INIT seed="3,1,0,3,5,46" ten="233,210,420,137" oya="3" hai0="50,33,12,108,80,65,40,7,103,28,38,53,116" hai1="110,48,35,20,105,101,70,132,21,27,66,73,37" hai2="90,64,41,36,26,93,94,54,114,133,55,52,8" hai3="16,44,81,113,34,10,17,120,77,76,59,29,92"/><W104/><G104/><T63/><D116/><U123/><E37/><V124/><F114/><W128/><G113/><T102/><D108/><U4/><E73/><V19/><F64/><W45/><G120/><T84/><D33/><U85/><E110/><V129/><F94/><W91/><G128/><T32/><D32/><U57/><E4/><V112/><F41/><W42/><G29/><T1/><D1/><U131/><E85/><V31/><F36/><W87/><G34/><T9/><D38/><U49/><E132/><V135/><F129/><W43/><G59/><N who="0" m="37119" /><D40/><N who="3" m="15401" /><G10/><T5/><D28/><N who="1" m="19871" /><E57/><V97/><F112/><W71/><G71/><T68/><D68/><U115/><E123/><V24/><F31/><W56/><G56/><N who="0" m="32823" /><D5/><U89/><E89/><AGARI ba="1,0" hai="7,9,12,80,84,89,102,103" m="32823,37119" machi="89" ten="30,2000,0" yaku="8,1,52,1" doraHai="46" who="0" fromWho="1" sc="233,23,210,-23,420,0,137,0" owari="256,5.6,187,-21.3,420,52.0,137,-36.3" /></mjloggm>