<mjloggm ver="2.3"><GO type="225" lobby="0"/><UN n0="%E5%82%8D%E8%8B%A5%E7%84%A1%E4%BA%BA%35%31" n1="%E8%A6%9A%E9%86%92%E3%81%97%E3%81%9F%E3%81%A8%E3%81%BE%E3%81%A8" n2="%E3%82%B2%E3%82%B9%E8%8C%82%E5%8B%9D" n3="%E7%99%BD%E6%97%A5%E9%9B%AA%E8%8F%9C" dan="16,17,16,16" rate="2141.98,2139.47,2109.37,2198.28" sx="M,M,F,M"/><TAIKYOKU oya="0"/><INIT seed="0,0,0,1,3,60" ten="250,250,250,250" oya="0" hai0="51,4,35,63,67,111,9,61,33,29,15,42,83" hai1="104,79,46,62,109,85,97,117,43,41,72,73,134" hai2="114,37,92,59,84,14,80,120,75,103,116,47,96" hai3="3,54,19,98,21,5,70,31,100,82,52,107,56"/><T118/><D118/><U113/><E117/><V49/><F116/><W0/><G70/><T128/><D128/><U65/><E109/><V74/><F114/><W89/><G31/><T10/><D111/><U66/><E113/><V22/><F120/><W77/><G89/><T108/><D63/><U36/><E134/><V133/><F37/><W32/><G32/><T135/><D135/><U28/><E43/><V122/><F133/><W91/><G91/><T26/><D83/><U50/><E28/><V23/><F59/><W34/><G34/><T11/><D35/><U90/><E79/><V24/><F122/><W106/><G106/><T40/><D108/><U110/><E110/><V25/><F14/><W20/><G5/><T6/><D51/><U44/><E97/><V71/><F71/><W115/><G21/><T17/><D6/><U13/><E13/><V16/><F22/><W39/><G39/><T125/><D125/><U78/><E78/><V68/><F25/><W121/><G54/><T2/><REACH who="0" step="1"/><D10/><REACH who="0" ten="240,250,250,250" step="2"/><U124/><E124/><V45/><F68/><AGARI ba="0,1" hai="2,4,9,11,15,17,26,29,33,40,42,61,67,68" machi="68" ten="30,11600,0" yaku="1,1,2,1,7,1,52,1,53,0" doraHai="60" doraHaiUra="99" who="0" fromWho="2" sc="240,126,250,0,250,-116,250,0" /><INIT seed="0,1,0,5,4,40" ten="366,250,134,250" oya="0" hai0="50,13,37,135,68,26,14,43,108,4,129,71,127" hai1="94,128,41,5,36,29,74,46,66,63,51,15,25" hai2="24,28,27,3,82,12,39,87,31,34,115,33,99" hai3="67,83,65,105,132,79,11,91,116,101,47,81,114"/><T124/><D37/><U133/><E133/><V120/><F39/><W44/><G114/><T78/><D78/><U73/><E128/><V35/><F115/><W19/><G116/><T75/><D75/><U48/><E48/><V58/><F120/><W92/><G132/><T22/><D135/><U23/><E36/><V18/><F3/><W125/><G125/><N who="0" m="48203" /><D129/><U111/><E111/><V72/><F72/><W20/><G105/><T1/><D1/><U59/><REACH who="1" step="1"/><E94/><REACH who="1" ten="366,240,134,250" step="2"/><V80/><F82/><W86/><G83/><T10/><D108/><U122/><E122/><V55/><F99/><N who="3" m="57759" /><G101/><T61/><D61/><U62/><E62/><V102/><F102/><W113/><G113/><T45/><D13/><U89/><E89/><V90/><F35/><W0/><G0/><T38/><D38/><U70/><E70/><V7/><F33/><W49/><G11/><AGARI ba="1,1" hai="5,11,15,23,25,29,41,46,51,59,63,66,73,74" machi="11" ten="40,2600,0" yaku="1,1,52,1,53,0" doraHai="40" doraHaiUra="77" who="1" fromWho="3" sc="366,0,240,39,134,0,250,-29" /><INIT seed="1,0,0,2,4,51" ten="366,279,134,221" oya="1" hai0="85,121,90,56,103,24,45,83,62,35,133,81,66" hai1="78,74,70,128,0,124,27,108,49,58,6,131,9" hai2="92,37,12,88,94,95,110,43,61,112,21,25,50" hai3="42,2,53,8,54,104,1,30,64,91,116,97,31"/><U3/><E70/><V20/><F110/><W15/><G116/><T4/><D133/><U120/><E120/><V96/><F112/><W40/><G64/><T65/><D121/><U23/><E108/><V134/><F134/><W36/><G36/><T99/><D4/><U119/><E119/><V109/><F109/><W84/><G104/><T127/><D127/><U82/><E124/><V125/><F125/><W26/><G97/><T72/><D45/><U118/><E118/><V69/><F37/><W101/><G101/><T16/><D66/><U135/><E135/><V89/><F69/><W102/><G102/><T68/><D72/><U114/><E114/><V76/><F76/><W77/><G77/><T86/><D68/><U17/><REACH who="1" step="1"/><E3/><REACH who="1" ten="366,269,134,221" step="2"/><V57/><F96/><W111/><G111/><T18/><D99/><U5/><E5/><V7/><F7/><N who="3" m="3487" /><G2/><T132/><D132/><U105/><E105/><V71/><F71/><W67/><G1/><T113/><D113/><U38/><E38/><V117/><F117/><W75/><G75/><T10/><D103/><U14/><E14/><V93/><F12/><W22/><G67/><T123/><D123/><U98/><E98/><V44/><F25/><W73/><G73/><T29/><D10/><U106/><E106/><V19/><F89/><AGARI ba="0,1" hai="16,18,24,29,35,56,62,65,81,83,85,86,89,90" machi="89" ten="30,3900,0" yaku="7,1,9,1,54,1" doraHai="51" who="0" fromWho="2" sc="366,49,269,0,134,-39,221,0" /><INIT seed="2,0,0,0,1,109" ten="415,269,95,221" oya="2" hai0="121,75,57,80,91,6,5,44,74,51,98,69,115" hai1="3,132,53,78,54,9,127,32,43,1,21,29,134" hai2="90,2,130,36,68,124,97,93,125,135,63,83,105" hai3="92,67,38,33,37,58,48,95,108,106,85,26,104"/><V118/><F2/><N who="1" m="521" /><E32/><V112/><F36/><W8/><G108/><T131/><D69/><U107/><E107/><V88/><F63/><W19/><G104/><T81/><D57/><U28/><E43/><V0/><F68/><W126/><G106/><T14/><D98/><U94/><E78/><V117/><F0/><W89/><G126/><N who="2" m="48745" /><F135/><N who="1" m="51753" /><E127/><V102/><F130/><W122/><G122/><T27/><D131/><U39/><E39/><V84/><F112/><W128/><G128/><T86/><D115/><U20/><E9/><V64/><F64/><W66/><G38/><T41/><D121/><U72/><E72/><V24/><F24/><W49/><G37/><T25/><D75/><U99/><E29/><V34/><F34/><W114/><G114/><T77/><D6/><U10/><E28/><V52/><F52/><N who="1" m="20073" /><E10/><V4/><F4/><W123/><G8/><T120/><D120/><U23/><E23/><V60/><F60/><N who="3" m="38167" /><G33/><T17/><D5/><U87/><E87/><AGARI ba="0,0" hai="83,84,87,88,90,93,97,102,105,117,118" m="48745" machi="87" ten="30,11600,0" yaku="18,1,34,2,54,1" doraHai="109" who="2" fromWho="1" sc="415,0,269,-116,95,116,221,0" /><INIT seed="2,1,0,2,0,135" ten="415,153,211,221" oya="2" hai0="19,116,5,66,121,92,131,118,117,105,26,35,38" hai1="106,84,88,21,86,119,91,103,24,78,79,67,47" hai2="65,29,99,59,7,74,36,46,32,37,89,133,71" hai3="127,63,27,120,58,12,22,124,25,40,77,30,87"/><V3/><F133/><W16/><G120/><T54/><D105/><U41/><E119/><V45/><F59/><W14/><G40/><T95/><D131/><U73/><E73/><V18/><F18/><W75/><G75/><T93/><D38/><U20/><E67/><V130/><F130/><W62/><G62/><T49/><D66/><U122/><E122/><V70/><F74/><W108/><G108/><T83/><D83/><U52/><E103/><V4/><F89/><W125/><G87/><T42/><D42/><U39/><E106/><V101/><F45/><W114/><G77/><T97/><D5/><U126/><E126/><N who="3" m="32258" /><W129/><DORA hai="76" /><G114/><T68/><D68/><U34/><E34/><V82/><F82/><W43/><G43/><T0/><D35/><U50/><E20/><V110/><F110/><W81/><G81/><T112/><D112/><U48/><E39/><V113/><F113/><W90/><G90/><N who="1" m="34346" /><E86/><V2/><F36/><W9/><G129/><T11/><D121/><U80/><E79/><V102/><F37/><W51/><G51/><T94/><D49/><N who="1" m="28735" /><E41/><V96/><F65/><N who="3" m="39159" /><G9/><T109/><D11/><U100/><E100/><V55/><F32/><AGARI ba="1,0" hai="12,14,16,22,25,27,30,32" m="39159,32258" machi="32" ten="40,12000,2" yaku="18,1,52,4,54,1" doraHai="135,76" who="3" fromWho="2" sc="415,0,153,0,211,-123,221,123" /><INIT seed="3,0,0,1,2,135" ten="415,153,88,344" oya="3" hai0="83,79,27,29,95,4,44,52,22,121,14,70,40" hai1="134,3,23,116,127,12,87,43,117,9,115,104,120" hai2="111,46,68,8,98,108,131,114,34,119,99,35,16" hai3="96,64,82,42,81,90,78,126,24,21,2,11,89"/><W94/><G126/><T88/><D70/><U36/><E134/><V76/><F68/><W80/><G64/><T17/><D121/><U57/><E127/><V105/><F114/><W65/><G65/><T92/><D4/><U101/><E115/><V128/><F119/><N who="1" m="45641" /><E120/><V74/><F46/><W48/><G2/><T91/><D40/><U49/><E36/><V124/><F124/><W75/><G11/><T56/><D44/><N who="1" m="25759" /><E87/><V54/><F54/><W67/><G67/><T55/><D79/><U51/><E23/><V47/><F47/><N who="3" m="25719" /><G75/><T85/><D83/><U15/><E3/><V132/><F132/><W28/><G78/><T50/><D55/><N who="1" m="31999" /><E9/><V38/><F38/><W60/><G60/><T69/><D69/><U106/><E101/><AGARI ba="0,0" hai="21,24,28,80,81,82,89,90,94,96,101" m="25719" machi="101" ten="30,1500,0" yaku="8,1" doraHai="135" who="3" fromWho="1" sc="415,0,153,-15,88,0,344,15" /><INIT seed="3,1,0,4,4,97" ten="415,138,88,359" oya="3" hai0="104,101,76,11,24,41,57,61,6,119,0,71,49" hai1="88,37,118,28,89,124,29,122,130,30,75,85,59" hai2="62,60,27,12,133,116,44,50,26,86,53,87,107" hai3="72,47,45,35,126,55,68,10,15,77,132,90,96"/><W4/><G35/><T134/><D134/><U48/><E122/><V80/><F133/><W51/><G132/><T91/><D119/><U120/><E75/><V113/><F116/><W19/><G68/><T16/><D76/><U83/><E118/><V5/><F113/><W84/><G126/><T105/><D101/><U110/><E120/><V7/><F107/><W100/><G72/><T38/><D91/><U66/><E110/><V9/><F5/><W8/><G77/><T34/><D38/><U21/><E130/><V93/><F93/><N who="3" m="58383" /><G45/><T69/><D71/><U98/><E37/><V111/><F111/><W33/><G33/><T20/><D69/><U36/><E36/><V54/><F87/><W129/><G129/><T32/><D32/><U22/><E124/><V17/><F54/><W58/><G8/><T125/><D34/><U56/><E66/><V94/><F94/><W95/><G4/><T39/><D39/><U1/><E1/><V103/><F103/><W40/><G58/><N who="1" m="22058" /><E48/><V114/><F114/><W64/><G64/><T63/><D125/><U25/><E22/><V92/><F92/><AGARI ba="1,0" hai="21,25,28,29,30,83,85,88,89,92,98" m="22058" machi="92" ten="30,2000,0" yaku="8,1,54,1" doraHai="97" who="1" fromWho="2" sc="415,0,138,23,88,-23,359,0" owari="415,51.5,161,-23.9,65,-43.5,359,15.9" /></mjloggm>