<mjloggm ver="2.3"><GO type="225" lobby="0"/><UN n0="%E3%81%8B%E3%82%8F%E3%81%A1%E3%82%83%E3%82%93%35%38" n1="%6A%79%75%6E%6F%68" n2="%E5%8D%A0%E3%81%84%E5%B8%AB%E8%A3%8F%E3%81%AA%E3%81%84%E3%81%97" n3="%E3%82%B2%E3%82%B9%E8%8C%82%E5%8B%9D" dan="16,16,16,16" rate="2119.55,2147.92,2131.84,2057.82" sx="M,M,M,F"/><TAIKYOKU oya="0"/><INIT seed="0,0,0,2,4,5" ten="250,250,250,250" oya="0" hai0="118,109,129,27,66,1,101,102,3,62,92,46,85" hai1="39,108,99,30,75,60,94,58,64,8,77,0,79" hai2="13,10,122,17,15,127,114,48,111,69,112,2,4" hai3="70,50,35,87,128,80,103,44,82,33,34,40,43"/><T130/><D118/><U88/><E108/><V37/><F37/><W12/><G128/><N who="0" m="49259" /><D46/><U24/><E39/><V20/><F48/><W25/><G70/><T105/><D105/><U47/><E75/><V21/><F69/><W86/><G103/><N who="0" m="39435" /><D27/><U106/><E106/><V71/><F71/><W23/><G12/><T110/><D92/><U42/><E42/><V81/><F81/><W119/><G119/><T135/><D85/><U131/><E47/><V126/><F111/><N who="0" m="42506" /><D135/><U26/><E26/><V125/><F122/><W121/><G121/><T52/><D66/><U28/><E131/><V98/><F98/><W78/><G40/><T95/><D95/><U16/><E30/><V18/><AGARI ba="0,0" hai="2,4,10,13,15,17,18,20,21,112,114,125,126,127" machi="18" ten="40,12000,2" yaku="0,1,9,1,18,1,34,3,52,1" doraHai="5" who="2" fromWho="2" sc="250,-60,250,-30,250,120,250,-30" /><INIT seed="1,0,0,5,1,117" ten="190,220,370,220" oya="1" hai0="18,84,22,134,10,25,50,60,51,30,4,102,121" hai1="100,67,58,13,90,110,45,80,7,88,21,24,75" hai2="54,122,47,1,78,103,107,53,73,126,120,93,12" hai3="98,77,81,128,70,11,112,96,0,37,76,87,61"/><U16/><E110/><V130/><F1/><W34/><G112/><T19/><D134/><U129/><E129/><V85/><F130/><W29/><G128/><T99/><D60/><N who="1" m="38295" /><E75/><V79/><F126/><W74/><G37/><T39/><D39/><U43/><E100/><V36/><F78/><W59/><G70/><T32/><D84/><U23/><E80/><N who="2" m="45167" /><F12/><W86/><G74/><T63/><D63/><U41/><E7/><V135/><F135/><W127/><G127/><T14/><D121/><N who="2" m="46698" /><F47/><W57/><G76/><T27/><REACH who="0" step="1"/><D4/><REACH who="0" ten="180,220,370,220" step="2"/><U115/><E115/><V33/><F36/><W104/><G87/><T89/><D89/><N who="1" m="34411" /><E45/><V65/><F85/><W3/><G86/><T56/><D56/><U49/><E49/><V72/><F72/><W42/><G57/><T101/><D101/><U132/><E132/><V97/><F103/><W116/><G59/><T108/><D108/><U133/><E133/><V105/><F65/><W118/><G77/><T131/><D131/><U40/><E40/><V5/><F5/><W62/><G42/><T55/><D55/><U91/><N who="1" m="34419" /><U8/><DORA hai="114" /><E8/><V125/><F53/><W64/><G11/><T2/><D2/><U31/><AGARI ba="0,1" hai="13,16,21,23,24,31,41,43" m="34419,38295" machi="31" ten="30,6000,0" yaku="8,1,54,2" doraHai="117,114" who="1" fromWho="1" sc="180,-20,220,70,370,-20,220,-20" /><INIT seed="1,1,0,3,3,78" ten="160,290,350,200" oya="1" hai0="19,134,58,65,87,105,45,61,128,67,101,133,109" hai1="54,129,32,96,77,115,91,22,71,123,107,36,62" hai2="28,33,48,56,18,74,21,55,89,112,103,95,12" hai3="10,38,64,39,4,20,75,17,27,72,66,94,60"/><U113/><E32/><V35/><F74/><W44/><G66/><T80/><D109/><U117/><E117/><V11/><F112/><W7/><G7/><T135/><D128/><U83/><E36/><V59/><F103/><W40/><G38/><T8/><D45/><U3/><E3/><V24/><F56/><W130/><G94/><T63/><D101/><U43/><E43/><V41/><F41/><W98/><G98/><AGARI ba="1,0" hai="11,12,18,21,24,28,33,35,48,55,59,89,95,98" machi="98" ten="30,1000,0" yaku="7,1" doraHai="78" who="2" fromWho="3" sc="160,0,290,0,350,13,200,-13" /><INIT seed="2,0,0,0,4,113" ten="160,290,363,187" oya="2" hai0="102,70,56,84,8,130,85,97,42,50,11,106,16" hai1="79,81,5,37,108,21,40,117,10,48,120,135,73" hai2="64,94,54,61,52,90,4,98,55,86,115,116,107" hai3="49,45,65,43,89,103,112,80,18,95,2,26,126"/><V17/><F115/><W110/><G110/><T109/><D70/><U99/><E108/><V76/><F4/><W100/><G126/><T24/><D109/><U122/><E135/><V92/><F107/><W58/><G112/><T22/><D130/><U62/><E48/><V104/><F104/><W128/><G2/><T46/><D56/><U27/><E99/><V96/><F116/><W131/><G80/><T0/><D0/><N who="1" m="295" /><E62/><V41/><F17/><W23/><G58/><T93/><REACH who="0" step="1"/><D106/><REACH who="0" ten="150,290,363,187" step="2"/><U59/><E59/><V101/><F64/><W66/><G128/><T91/><D91/><U15/><E122/><V82/><F61/><W13/><G131/><T129/><D129/><U32/><E120/><V72/><REACH who="2" step="1"/><F41/><REACH who="2" ten="150,290,353,187" step="2"/><W87/><G65/><T34/><D34/><U57/><E32/><V3/><F3/><W51/><G66/><T31/><D31/><U111/><E40/><V74/><AGARI ba="0,2" hai="52,54,55,72,74,76,82,86,90,92,94,96,98,101" machi="74" ten="30,6000,0" yaku="1,1,0,1,54,1,53,0" doraHai="113" doraHaiUra="33" who="2" fromWho="2" sc="150,-20,290,-20,353,80,187,-20" /><INIT seed="2,1,0,0,3,70" ten="130,270,433,167" oya="2" hai0="7,32,63,128,20,27,79,1,23,17,86,114,113" hai1="100,42,129,34,14,107,84,31,29,124,49,125,89" hai2="71,8,121,109,95,85,112,132,83,116,134,38,87" hai3="54,5,77,4,41,80,18,73,110,72,101,117,118"/><V10/><F112/><N who="0" m="43114" /><D86/><U24/><E129/><V28/><F116/><W98/><G72/><T57/><D57/><U76/><E31/><V26/><F121/><W50/><G41/><T97/><D97/><U74/><E14/><V126/><F71/><W119/><G18/><T68/><D63/><U88/><E74/><V53/><F126/><N who="1" m="48745" /><E100/><V35/><F38/><W111/><G4/><T69/><D79/><U81/><E107/><V37/><F37/><W127/><G5/><T133/><D69/><U6/><E6/><V130/><F130/><W25/><G25/><T19/><D68/><U56/><E56/><V40/><F40/><W120/><G120/><T106/><D106/><U75/><E75/><V91/><F53/><W21/><G127/><T108/><D128/><U11/><E11/><V9/><F109/><W55/><G21/><N who="0" m="8267" /><D108/><N who="3" m="41513" /><G50/><T36/><D36/><U99/><E99/><V96/><REACH who="2" step="1"/><F87/><REACH who="2" ten="130,270,423,167" step="2"/><W105/><AGARI ba="1,1" hai="54,55,73,77,80,98,101,105,117,118,119" m="41513" machi="105" ten="40,1500,0" yaku="14,1" doraHai="70" who="3" fromWho="3" sc="130,-5,270,-5,423,-8,167,28" /><INIT seed="3,0,0,2,1,15" ten="125,265,415,195" oya="3" hai0="58,119,93,107,54,12,91,65,84,51,108,114,103" hai1="35,59,106,105,75,6,63,77,120,61,79,20,34" hai2="8,48,78,4,5,85,122,45,49,53,102,56,96" hai3="50,40,38,134,98,88,87,95,9,92,135,112,124"/><W14/><G112/><T10/><D108/><U118/><E6/><V1/><F122/><W126/><G38/><T23/><D119/><U132/><E120/><V121/><F121/><W67/><G67/><T83/><D114/><U13/><E13/><N who="2" m="5255" /><F5/><W100/><G50/><T26/><D107/><U29/><E59/><V64/><F1/><W68/><G40/><T71/><D71/><U18/><E18/><V24/><F24/><W11/><G11/><T115/><D115/><U90/><E90/><V46/><F64/><W82/><G82/><T111/><D111/><U47/><E47/><V81/><F49/><W109/><G68/><T97/><D65/><U131/><E75/><V32/><F32/><W110/><G109/><T127/><D127/><N who="3" m="48681" /><G110/><T28/><D103/><U129/><E61/><V55/><F55/><W19/><AGARI ba="0,0" hai="9,14,19,87,88,92,95,98,100,134,135" m="48681" machi="19" ten="30,6000,0" yaku="18,1,52,1,54,1" doraHai="15" who="3" fromWho="3" sc="125,-20,265,-20,415,-20,195,60" /><INIT seed="3,1,0,2,1,42" ten="105,245,395,255" oya="3" hai0="45,78,85,91,128,118,69,67,35,71,92,56,19" hai1="110,115,66,94,60,8,57,61,97,108,14,79,1" hai2="34,29,37,6,3,120,113,102,54,17,73,88,10" hai3="99,74,130,95,96,39,107,77,43,11,124,135,64"/><W4/><G135/><T12/><D128/><U30/><E115/><V52/><F113/><W100/><G130/><T65/><D35/><U18/><E1/><V83/><F102/><W20/><G124/><T58/><D69/><U25/><E79/><V32/><F17/><W125/><G125/><T86/><D71/><U82/><E82/><V47/><F120/><W114/><G114/><T109/><D109/><N who="1" m="42091" /><E57/><V28/><F28/><W72/><G77/><T59/><D118/><U48/><E48/><V24/><F32/><W126/><G126/><T104/><D104/><U119/><E66/><V68/><F68/><W131/><G131/><T111/><D111/><U116/><E116/><V36/><F88/><W134/><G134/><T75/><D75/><U16/><E18/><V51/><F54/><W106/><G64/><T127/><D127/><U63/><E119/><V87/><F73/><W101/><G20/><T98/><D78/><U122/><E122/><V129/><F129/><W84/><G84/><T27/><D65/><U89/><E61/><V21/><F21/><AGARI ba="1,0" hai="8,14,16,21,25,30,60,63,89,94,97" m="42091" machi="21" ten="30,2000,0" yaku="14,1,54,1" doraHai="42" who="1" fromWho="2" sc="105,0,245,23,395,-23,255,0" owari="105,-39.5,268,6.8,372,47.2,255,-14.5" /></mjloggm>