<mjloggm ver="2.3"><GO type="225" lobby="0"/><UN n0="%E3%81%B5%E3%81%98%E3%81%8B%E3%81%A4" n1="%E6%A1%9C%E8%8A%B1%E9%96%83%E3%80%85" n2="%72%69%6F%75%63%68%61%6E" n3="%6D%75%75%73%61%6E%6D%75" dan="17,16,16,16" rate="2191.93,2221.26,2196.96,2070.98" sx="M,M,M,F"/><TAIKYOKU oya="0"/><INIT seed="0,0,0,5,3,108" ten="250,250,250,250" oya="0" hai0="113,53,134,41,62,26,29,43,104,103,117,112,1" hai1="82,47,16,124,65,8,81,19,102,86,135,80,38" hai2="125,44,131,55,33,99,97,71,122,31,78,14,130" hai3="21,61,120,4,70,56,51,11,42,110,36,83,34"/><T73/><D117/><U106/><E124/><V132/><F122/><W94/><G34/><T28/><D1/><U25/><E135/><V87/><F71/><W115/><G110/><T9/><D134/><U22/><E65/><V133/><F125/><W96/><G120/><T127/><D127/><U85/><E106/><V24/><F14/><W116/><G116/><T126/><D126/><U77/><E102/><V118/><F118/><W2/><G70/><T45/><D73/><U107/><E107/><V54/><F97/><W15/><G36/><T72/><D72/><U114/><E114/><V37/><F99/><W12/><G83/><T59/><D41/><U88/><E81/><N who="2" m="47543" /><F54/><W39/><G39/><T92/><D104/><U66/><E66/><V58/><F44/><W7/><G115/><T105/><D105/><U76/><E76/><V5/><F5/><W0/><G7/><T10/><D103/><U89/><E77/><V67/><F67/><W121/><G121/><T84/><D29/><U91/><E91/><V93/><F93/><W23/><G0/><T109/><D109/><U32/><E32/><V75/><F37/><W30/><G30/><T64/><D64/><U18/><E8/><N who="0" m="3177" /><D92/><U6/><E6/><V13/><F13/><W79/><G2/><T74/><D84/><U17/><E17/><V35/><F75/><W128/><G128/><N who="2" m="49193" /><F35/><W46/><G15/><T50/><D74/><U3/><E3/><V52/><F55/><N who="3" m="33951" /><G79/><T111/><D111/><U101/><E101/><AGARI ba="0,0" hai="4,11,12,21,23,42,46,51,94,96,101" m="33951" machi="101" ten="30,1000,0" yaku="8,1" doraHai="108" who="3" fromWho="1" sc="250,0,250,-10,250,0,250,10" /><INIT seed="1,0,0,1,5,25" ten="250,240,250,260" oya="1" hai0="62,127,33,15,3,35,94,102,44,93,114,63,8" hai1="81,86,121,74,49,84,67,2,117,88,11,59,14" hai2="32,24,109,23,90,108,118,110,78,130,70,129,26" hai3="80,30,46,69,21,106,51,122,28,116,83,100,38"/><U97/><E117/><V17/><F70/><W111/><G122/><T29/><D114/><U124/><E121/><V45/><F78/><W72/><G38/><T56/><D127/><U101/><E2/><V119/><F45/><W120/><G120/><T40/><D3/><U135/><E135/><V9/><F90/><W0/><G0/><T13/><D102/><U115/><E74/><V123/><F123/><W47/><G69/><T99/><D63/><U87/><E124/><V75/><F75/><W16/><G116/><N who="2" m="44585" /><F9/><W89/><G111/><T104/><D104/><U1/><E1/><V126/><F126/><W12/><G106/><T133/><D133/><U92/><E115/><V61/><F61/><W79/><G100/><T57/><D57/><U10/><E10/><V134/><F134/><W48/><G89/><T22/><D94/><U31/><E31/><AGARI ba="0,0" hai="17,23,24,26,31,32,108,109,110,129,130" m="44585" machi="31" ten="40,8000,1" yaku="14,1,34,2,52,1" doraHai="25" who="2" fromWho="1" sc="250,0,240,-80,250,80,260,0" /><INIT seed="2,0,0,5,0,125" ten="250,160,330,260" oya="2" hai0="35,38,81,55,8,5,43,49,61,78,99,98,44" hai1="33,83,34,71,37,76,102,2,114,105,86,80,112" hai2="91,51,24,47,103,85,121,128,94,126,104,39,56" hai3="30,32,27,14,97,40,65,133,10,134,45,22,23"/><V122/><F128/><W110/><G110/><T90/><D35/><U113/><E2/><V129/><F129/><W132/><G65/><T111/><D90/><U26/><E71/><V13/><F126/><W69/><G97/><T120/><D61/><U18/><E37/><V31/><F39/><N who="3" m="21663" /><G69/><T87/><D111/><U54/><E54/><V117/><F117/><W101/><G101/><T100/><D100/><U41/><E41/><V1/><F1/><W135/><N who="3" m="33792" /><DORA hai="108" /><W52/><G52/><T127/><D120/><U95/><E105/><V21/><F56/><W28/><G28/><T116/><D127/><U25/><E83/><V6/><F104/><W36/><G36/><T62/><D116/><U109/><E109/><V19/><F103/><W75/><G75/><T92/><D92/><U63/><E63/><V67/><F67/><W9/><G9/><T57/><REACH who="0" step="1"/><D38/><REACH who="0" ten="240,160,330,260" step="2"/><U64/><E64/><V107/><F107/><W48/><G48/><T106/><D106/><U53/><E102/><V59/><F122/><W42/><G42/><T123/><D123/><U72/><E53/><V60/><F121/><W46/><G46/><T29/><D29/><U7/><E95/><V20/><F47/><W124/><G124/><T70/><D70/><U16/><E113/><V77/><F51/><W130/><G130/><T88/><D88/><U93/><E114/><V131/><F131/><W79/><G79/><T82/><D82/><U17/><E112/><V84/><F77/><W58/><G58/><T3/><AGARI ba="0,1" hai="3,5,8,43,44,49,55,57,62,78,81,87,98,99" machi="3" ten="20,5200,0" yaku="1,1,0,1,7,1,53,1" doraHai="125,108" doraHaiUra="115,4" who="0" fromWho="0" sc="240,62,160,-13,330,-26,260,-13" /><INIT seed="3,0,0,0,2,14" ten="302,147,304,247" oya="3" hai0="1,24,110,10,31,80,70,112,113,35,34,62,48" hai1="101,37,28,21,78,133,16,66,25,68,27,105,109" hai2="88,6,20,41,56,89,65,72,104,69,134,11,2" hai3="79,118,50,82,42,73,107,52,126,60,43,84,61"/><W103/><G118/><T130/><D110/><U121/><E121/><V90/><F104/><W115/><G115/><N who="0" m="44107" /><D130/><U76/><E109/><V100/><F72/><W131/><G131/><T99/><D48/><U85/><E37/><V4/><F100/><W8/><G126/><T98/><D80/><U3/><E3/><V120/><F120/><W29/><G29/><T128/><D128/><U33/><E133/><V96/><F134/><W36/><G36/><T81/><D81/><U129/><E85/><V39/><F69/><W119/><G119/><T13/><D35/><U74/><E74/><V64/><F6/><W17/><G73/><T51/><D51/><U117/><E117/><V71/><F71/><W116/><G103/><T135/><D1/><U87/><E87/><V47/><F96/><W32/><G32/><T102/><D102/><U58/><E58/><V57/><F20/><W40/><G107/><T30/><D30/><U93/><E93/><V44/><F47/><N who="3" m="27743" /><G116/><T19/><D135/><U46/><E46/><V127/><REACH who="2" step="1"/><F127/><REACH who="2" ten="302,147,294,247" step="2"/><W38/><G38/><T63/><D70/><U12/><E129/><V108/><F108/><W114/><G114/><T54/><D54/><U5/><E5/><V95/><F95/><W124/><G124/><T55/><D55/><U45/><E45/><V111/><F111/><W83/><G83/><T86/><D86/><U92/><E92/><V122/><F122/><W106/><G106/><T123/><D123/><U15/><E105/><V23/><F23/><W67/><G84/><T9/><D9/><U97/><E101/><V77/><F77/><RYUUKYOKU ba="0,1" sc="302,15,147,-15,294,15,247,-15" hai0="10,13,19,24,31,34,62,63,98,99" hai2="2,4,11,39,41,44,56,57,64,65,88,89,90" owari="327,42.7,132,-36.8,309,10.9,232,-16.8" /></mjloggm>