<mjloggm ver="2.3"><GO type="225" lobby="0"/><UN n0="%E3%83%AD%E3%83%83%E3%83%86%E9%9B%80%E7%90%83" n1="%E6%A0%B9%E5%85%83%E3%81%8B%E3%82%89%E5%90%B9%E3%81%A3%E9%A3%9B%E3%81%B6" n2="%E3%81%A1%E3%82%85%E3%81%86%E3%81%A9%E3%81%8F%E8%B1%A1%E3%81%95%E3%82%93" n3="%E6%97%A5%E6%9B%9C%E6%97%A5%E3%82%88%E3%82%8A%E3%81%AE%E4%BD%BF%E8%80%85" dan="17,17,16,17" rate="2250.99,2170.80,2086.54,2192.83" sx="M,F,M,M"/><TAIKYOKU oya="0"/><INIT seed="0,0,0,0,1,120" ten="250,250,250,250" oya="0" hai0="100,77,117,22,93,27,3,88,42,7,126,95,4" hai1="31,87,8,68,91,85,71,50,104,119,29,11,56" hai2="84,75,89,111,12,101,37,1,113,59,92,10,54" hai3="44,60,0,55,129,83,28,74,53,103,132,47,134"/><T73/><D117/><U32/><E119/><V17/><F113/><W62/><G0/><T122/><D122/><U38/><E38/><V6/><F75/><W131/><G28/><T49/><D126/><U18/><E104/><V97/><F37/><W33/><G83/><T51/><D73/><U66/><E32/><V135/><F135/><N who="3" m="51755" /><G103/><T80/><D77/><U14/><E50/><N who="0" m="18953" /><D42/><U127/><E56/><V96/><F111/><W130/><G33/><T72/><D72/><U69/><E66/><V5/><F1/><W30/><G30/><T34/><D34/><U86/><E127/><V128/><F128/><W123/><G74/><T112/><D112/><U64/><E64/><V48/><REACH who="2" step="1"/><F96/><REACH who="2" ten="250,250,240,250" step="2"/><W16/><G123/><T107/><D3/><U82/><E87/><V99/><F99/><W115/><G115/><T57/><D4/><U15/><REACH who="1" step="1"/><E86/><REACH who="1" ten="250,240,240,250" step="2"/><V21/><F21/><W70/><G131/><T2/><D22/><U20/><E20/><V98/><F98/><W13/><G130/><T65/><D107/><AGARI ba="0,2" hai="5,6,10,12,17,48,54,59,84,89,92,97,101,107" machi="107" ten="30,2000,0" yaku="1,1,7,1,53,0" doraHai="120" doraHaiUra="36" who="2" fromWho="0" sc="250,-20,240,0,240,40,250,0" /><INIT seed="1,0,0,5,5,32" ten="230,240,280,250" oya="1" hai0="109,65,4,122,71,21,14,26,67,96,113,54,34" hai1="124,64,63,45,110,12,52,61,15,130,111,39,101" hai2="123,37,114,5,72,70,31,103,83,60,29,8,22" hai3="106,68,66,129,125,41,85,16,43,126,55,100,42"/><U46/><E124/><N who="3" m="47722" /><G129/><T86/><D113/><U79/><E130/><V69/><F123/><W89/><G100/><T121/><D109/><N who="1" m="41483" /><E101/><V80/><F37/><W2/><G2/><T116/><D116/><U44/><E79/><V33/><F114/><W105/><G55/><T74/><D74/><U10/><E39/><V95/><F60/><N who="1" m="23113" /><E64/><V9/><F33/><W59/><G68/><T11/><D34/><U30/><E30/><V27/><F29/><W57/><G66/><T131/><D71/><U73/><E73/><V49/><F72/><W91/><G16/><T102/><D131/><U119/><E119/><V98/><F69/><W1/><G1/><T78/><D67/><U35/><E35/><V17/><F70/><W18/><G18/><T84/><D65/><U115/><E115/><V51/><F17/><W117/><G117/><T62/><D122/><U25/><E25/><V20/><F27/><W56/><G85/><T53/><D86/><U133/><E133/><V94/><F98/><W88/><AGARI ba="0,0" hai="41,42,43,56,57,59,88,89,91,105,106" m="47722" machi="88" ten="40,12000,2" yaku="29,2,28,2,18,1,54,1" doraHai="32" who="3" fromWho="3" sc="230,-30,240,-60,280,-30,250,120" /><INIT seed="2,0,0,4,3,43" ten="200,180,250,370" oya="2" hai0="25,121,132,95,57,114,87,98,8,76,3,48,122" hai1="63,113,45,20,83,85,126,69,0,101,50,74,70" hai2="10,33,41,52,92,111,125,82,112,34,54,73,116" hai3="96,44,105,23,108,13,1,16,104,18,32,115,81"/><V19/><F112/><W110/><G1/><T40/><D114/><U46/><E113/><V119/><F125/><W75/><G32/><T97/><D132/><U131/><E74/><V66/><F66/><W129/><G115/><T42/><D25/><U134/><E0/><V5/><F19/><W55/><G129/><T36/><D36/><U29/><E131/><V53/><F41/><N who="0" m="15978" /><D3/><U79/><E134/><V130/><F92/><W56/><G18/><T28/><D28/><U11/><E126/><V67/><F130/><W128/><G56/><T106/><D106/><U35/><E35/><V100/><F67/><W38/><G96/><T7/><D98/><U21/><E101/><V4/><F100/><W22/><G22/><N who="1" m="8810" /><E69/><V9/><F111/><W31/><G38/><T30/><D30/><U124/><E124/><V127/><F54/><W26/><G128/><T91/><D122/><U86/><E29/><V6/><F6/><W89/><G75/><T51/><D121/><U123/><E123/><V109/><F127/><W102/><G102/><T64/><D7/><U61/><E11/><V117/><F117/><W27/><G104/><T59/><D8/><U65/><E63/><V60/><F60/><W135/><G105/><T37/><D37/><U78/><E50/><N who="0" m="18985" /><D64/><U94/><E94/><V80/><F109/><N who="3" m="42091" /><G135/><T71/><D71/><U39/><E39/><V2/><F73/><W14/><G31/><T77/><D97/><U49/><E49/><V107/><F2/><W133/><G133/><T118/><D118/><U62/><E62/><V93/><F107/><W68/><G68/><RYUUKYOKU ba="0,0" sc="200,10,180,10,250,10,370,-30" hai0="57,59,76,77,87,91,95" hai1="45,46,61,65,70,78,79,83,85,86" hai2="4,5,9,10,33,34,52,53,80,82,93,116,119" /><INIT seed="2,1,0,2,2,27" ten="210,190,260,340" oya="2" hai0="67,14,24,10,119,115,104,97,77,49,113,111,33" hai1="100,8,20,109,15,76,26,64,0,122,120,108,16" hai2="25,130,116,4,134,82,103,38,98,57,85,19,117" hai3="48,106,39,101,9,132,36,129,54,114,127,6,105"/><V59/><F38/><W78/><G78/><T71/><D111/><N who="1" m="42571" /><E100/><V30/><F134/><W86/><G86/><T17/><D49/><U34/><E76/><V43/><F130/><W89/><G89/><T123/><D123/><N who="1" m="47147" /><E34/><V125/><F43/><W29/><G101/><N who="0" m="62511" /><D119/><U96/><E96/><V65/><F4/><W84/><G84/><T92/><D92/><U75/><E75/><V58/><F19/><W40/><G127/><T12/><D12/><U13/><E64/><V1/><F125/><W88/><G106/><T135/><D135/><U102/><E102/><V2/><F65/><W124/><G105/><T81/><D81/><U69/><E69/><V32/><F116/><W37/><G124/><T52/><D77/><U131/><E131/><V53/><F117/><W18/><G129/><T107/><D107/><U55/><E55/><V21/><F53/><W63/><G54/><T7/><D52/><U47/><E47/><V95/><REACH who="2" step="1"/><F32/><REACH who="2" ten="210,190,250,340" step="2"/><W45/><G132/><T80/><D33/><U23/><E23/><V31/><F31/><W11/><G29/><T3/><D67/><U35/><E35/><V51/><F51/><W121/><G48/><T73/><D71/><U74/><E74/><V62/><F62/><W79/><G63/><T93/><D73/><U112/><E112/><V61/><F61/><W66/><G114/><T46/><D115/><U22/><E22/><V28/><F28/><W87/><G121/><T99/><D113/><U128/><E128/><V42/><F42/><W110/><G66/><T91/><D46/><U68/><E68/><V94/><F94/><RYUUKYOKU ba="1,1" sc="210,-15,190,15,250,15,340,-15" hai1="0,8,13,15,16,20,26" hai2="1,2,21,25,30,57,58,59,82,85,95,98,103" /><INIT seed="2,2,1,1,1,90" ten="195,205,265,325" oya="2" hai0="63,80,64,38,127,102,13,129,92,54,3,48,6" hai1="56,30,44,123,19,5,2,32,115,42,128,40,43" hai2="49,72,26,125,68,74,105,87,20,96,100,9,51" hai3="39,45,61,31,99,35,106,50,88,60,28,107,77"/><V78/><F125/><W126/><G39/><T85/><D129/><U52/><E115/><V47/><F68/><W18/><G35/><T112/><D112/><U114/><E114/><V104/><F9/><W93/><G107/><T83/><D3/><U135/><E128/><V4/><F4/><W117/><G106/><T120/><D38/><U66/><E32/><V11/><F11/><W57/><G126/><T134/><D120/><U133/><E30/><N who="3" m="11306" /><G117/><T101/><D134/><N who="1" m="51211" /><E123/><V95/><F49/><W130/><G130/><T36/><D36/><N who="1" m="21511" /><E66/><V22/><F87/><W73/><G73/><T98/><D102/><U71/><E71/><V12/><F12/><W0/><G0/><T14/><D127/><U76/><E76/><V81/><F72/><W116/><G116/><T24/><D24/><U110/><E110/><V34/><F34/><W70/><G70/><T94/><D6/><U111/><E111/><V55/><REACH who="2" step="1"/><F20/><REACH who="2" ten="195,205,255,325" step="2"/><W132/><G132/><T62/><D13/><U37/><E37/><V1/><F1/><W29/><G50/><T124/><D14/><U7/><E7/><V97/><F97/><W27/><G99/><N who="0" m="59623" /><D85/><U23/><E5/><V16/><AGARI ba="2,2" hai="16,22,26,47,51,55,74,78,81,95,96,100,104,105" machi="16" ten="20,12000,1" yaku="1,1,0,1,7,1,52,1,54,1,53,0" doraHai="90" doraHaiUra="131" who="2" fromWho="2" sc="195,-42,205,-42,255,146,325,-42" /><INIT seed="2,3,0,0,4,95" ten="153,163,401,283" oya="2" hai0="56,50,73,36,3,61,30,71,114,23,46,66,97" hai1="134,16,55,116,65,131,43,21,92,80,44,90,77" hai2="28,18,128,124,72,110,19,60,135,89,86,2,22" hai3="54,14,52,35,118,102,51,67,82,109,101,127,13"/><V17/><F2/><W81/><G118/><T88/><D114/><U11/><E116/><V130/><F72/><W105/><G35/><T47/><D3/><U106/><E106/><V37/><F37/><W69/><G105/><T8/><D73/><U33/><E33/><V64/><F124/><W53/><G127/><T75/><D75/><U123/><E131/><N who="2" m="50219" /><F135/><W121/><G121/><T29/><D8/><U126/><E126/><V40/><F40/><W83/><G109/><T24/><D36/><U104/><E104/><V74/><F74/><W49/><G67/><T78/><D78/><U84/><E123/><V111/><F28/><W120/><G69/><T32/><D32/><U9/><E65/><V87/><F22/><W100/><G120/><T103/><D30/><U107/><E107/><V1/><F1/><W76/><REACH who="3" step="1"/><G76/><REACH who="3" ten="153,163,401,273" step="2"/><T20/><D103/><U119/><E77/><V122/><F122/><W0/><G0/><T63/><D23/><U34/><E21/><V41/><F110/><W70/><G70/><T57/><D71/><U115/><E119/><V79/><F111/><W5/><G5/><T132/><D132/><U42/><E134/><V59/><F79/><W129/><G129/><T99/><D66/><U31/><E34/><V7/><F7/><W26/><G26/><T12/><D24/><U113/><E113/><V10/><F89/><W27/><G27/><T108/><D88/><U15/><E90/><V58/><F64/><W91/><G91/><T125/><D125/><U25/><E115/><V85/><F41/><N who="1" m="15369" /><E31/><V39/><F17/><W117/><G117/><RYUUKYOKU ba="3,1" sc="153,-10,163,-10,401,-10,273,30" hai3="13,14,49,51,52,53,54,81,82,83,100,101,102" /><INIT seed="3,4,1,1,3,10" ten="143,153,391,303" oya="3" hai0="9,15,42,100,46,105,75,60,135,128,23,107,110" hai1="134,133,26,49,80,56,44,43,96,18,67,21,79" hai2="97,104,86,102,123,85,41,121,103,78,12,108,28" hai3="38,69,66,117,125,95,48,81,45,87,106,50,116"/><W129/><G106/><T1/><D110/><U19/><E96/><N who="2" m="61511" /><F108/><W29/><G29/><T83/><D128/><U113/><E113/><V126/><F126/><W88/><G117/><T8/><D135/><N who="1" m="51723" /><E67/><V0/><F0/><W6/><G116/><T94/><D60/><U120/><E56/><V111/><F111/><W124/><G6/><N who="0" m="1103" /><D23/><U122/><E19/><V25/><F12/><W130/><G38/><N who="0" m="21847" /><D94/><U2/><E2/><V31/><F41/><N who="3" m="24623" /><G50/><T32/><D100/><U11/><E11/><V127/><F127/><N who="3" m="48715" /><G95/><T89/><D89/><U52/><E43/><V58/><F58/><W112/><G112/><T68/><D68/><U40/><E40/><V119/><F119/><W84/><G84/><AGARI ba="4,1" hai="18,21,26,44,49,52,79,80,84,120,122" m="51723" machi="84" ten="30,2000,0" yaku="20,1,54,1" doraHai="10" who="1" fromWho="3" sc="143,0,153,42,391,0,303,-32" owari="143,-35.7,195,-20.5,391,49.1,271,7.1" /></mjloggm>