<mjloggm ver="2.3"><GO type="225" lobby="0"/><UN n0="%6D%75%75%6D%75%72%61" n1="%E7%AD%89%E3%80%85%E5%8A%9B%E5%8A%87%E5%A0%B4" n2="%E3%81%9D%E3%81%8A%E3%81%9D%E3%81%9D" n3="%E6%B0%B7%E5%B7%9D%E9%87%8C%E5%A5%88" dan="17,16,16,16" rate="2191.20,2046.50,2080.27,2108.70" sx="F,M,M,F"/><TAIKYOKU oya="0"/><INIT seed="0,0,0,5,3,30" ten="250,250,250,250" oya="0" hai0="46,73,90,96,79,119,120,87,18,93,27,33,11" hai1="17,35,135,128,28,126,91,121,0,8,108,106,84" hai2="54,13,123,66,70,2,20,101,78,26,124,104,21" hai3="39,67,53,65,95,116,57,82,117,16,25,130,129"/><T15/><D119/><N who="3" m="45641" /><G95/><T58/><D120/><U40/><E106/><V99/><F2/><W49/><G82/><T59/><D73/><U22/><E121/><V68/><F123/><W114/><G114/><T118/><D118/><U34/><E108/><V10/><F66/><N who="3" m="25099" /><G25/><T122/><D122/><U86/><E135/><V47/><F21/><W41/><G16/><T103/><D79/><U32/><E128/><N who="3" m="49258" /><G41/><T81/><REACH who="0" step="1"/><D46/><REACH who="0" ten="240,250,250,250" step="2"/><U111/><E111/><V100/><F47/><W42/><G42/><T56/><D56/><U77/><E40/><V63/><F78/><W43/><G43/><T3/><D3/><U51/><E0/><V98/><F70/><W62/><G39/><T71/><D71/><U76/><E77/><V44/><F68/><W131/><G131/><T88/><D88/><U75/><E91/><V134/><F44/><W14/><G14/><T37/><D37/><U80/><E75/><V29/><F13/><W74/><G74/><T132/><D132/><U45/><E45/><V89/><F134/><W113/><G113/><T110/><D110/><U125/><E76/><V133/><F89/><W50/><AGARI ba="0,1" hai="49,50,53,57,62" m="49258,25099,45641" machi="50" ten="40,5200,0" yaku="19,1,34,2" doraHai="30" who="3" fromWho="3" sc="240,-26,250,-13,250,-13,250,62" /><INIT seed="1,0,0,2,0,129" ten="214,237,237,312" oya="1" hai0="42,105,91,26,45,19,107,13,106,40,92,43,95" hai1="88,50,68,49,9,33,56,41,108,80,20,135,60" hai2="39,122,93,127,64,120,0,1,54,63,17,89,133" hai3="98,125,24,109,112,66,94,52,5,51,18,130,53"/><U79/><E33/><V90/><F39/><W114/><G130/><T15/><D45/><U58/><E68/><V87/><F127/><W85/><G125/><T103/><D103/><U75/><E108/><V104/><F104/><W116/><G109/><T83/><D26/><U35/><E35/><V102/><F102/><W10/><G116/><T23/><D83/><U28/><E135/><V117/><F117/><W78/><G66/><T113/><D113/><U73/><E73/><V72/><F72/><W115/><G85/><T70/><D70/><U96/><E9/><V44/><F17/><W32/><G78/><T111/><D111/><U46/><E50/><V2/><F133/><W12/><G51/><T36/><D36/><U47/><E47/><V3/><F3/><W123/><G123/><T38/><D38/><U37/><E37/><V118/><F118/><W131/><G131/><T86/><D15/><U132/><E132/><V55/><F90/><W97/><G97/><T62/><D62/><U27/><REACH who="1" step="1"/><E60/><REACH who="1" ten="214,227,237,312" step="2"/><V82/><F44/><W11/><G32/><T16/><D40/><U128/><E128/><V57/><F122/><W69/><G69/><T21/><D43/><U59/><E59/><V100/><F120/><W119/><G119/><T134/><D42/><U29/><E29/><V25/><F57/><W101/><G11/><T34/><D34/><U81/><E81/><V8/><F82/><W126/><G126/><T121/><D134/><U4/><E4/><V22/><F63/><W124/><G124/><T48/><D121/><U6/><E6/><V76/><F8/><RYUUKYOKU ba="0,1" sc="214,-15,227,15,237,-15,312,15" hai1="20,27,28,41,46,49,56,58,75,79,80,88,96" hai3="5,10,12,18,24,52,53,94,98,101,112,114,115" /><INIT seed="1,1,1,3,2,41" ten="199,242,222,327" oya="1" hai0="18,116,74,131,1,79,94,117,109,53,4,47,85" hai1="101,49,0,125,108,69,40,15,3,54,91,102,48" hai2="26,76,64,81,124,13,23,29,104,83,34,55,121" hai3="103,123,19,37,70,72,77,17,10,67,9,106,130"/><U78/><E69/><V30/><F121/><W33/><G123/><T98/><D109/><U21/><E125/><V113/><F124/><W112/><G112/><T62/><D131/><U66/><E66/><V16/><F113/><W86/><G72/><T89/><D74/><U46/><E108/><V63/><F104/><W39/><G33/><T71/><D18/><N who="1" m="10463" /><E0/><V132/><F30/><W115/><G115/><T7/><D71/><U36/><E3/><V82/><F55/><W133/><G67/><T75/><D75/><U111/><E36/><V114/><F132/><W65/><G65/><T110/><D110/><U97/><E78/><V95/><F95/><W50/><G70/><T35/><D35/><U127/><E127/><V24/><F114/><W20/><G77/><T25/><D25/><U8/><E8/><V44/><F44/><W126/><G126/><T107/><D1/><U88/><E111/><V129/><F129/><W90/><G130/><T22/><D22/><U122/><E122/><V120/><F120/><W99/><G37/><T31/><D31/><U92/><E102/><V2/><F2/><W100/><G39/><T43/><D107/><U135/><E135/><V73/><REACH who="2" step="1"/><F24/><REACH who="2" ten="199,242,212,327" step="2"/><W38/><G106/><T84/><D116/><U57/><AGARI ba="1,2" hai="40,46,48,49,54,57,88,91,92,97,101" m="10463" machi="57" ten="30,6000,0" yaku="8,1,52,1,54,1" doraHai="41" who="1" fromWho="1" sc="199,-21,242,83,212,-21,327,-21" /><INIT seed="1,2,0,3,2,108" ten="178,325,191,306" oya="1" hai0="57,17,0,99,79,112,35,133,44,51,29,64,63" hai1="26,94,95,50,81,91,52,71,45,37,9,13,7" hai2="2,130,3,67,114,61,16,15,84,107,20,102,134" hai3="69,123,58,56,120,80,49,90,66,117,103,22,5"/><U76/><E71/><V74/><F74/><W54/><G69/><T14/><D133/><U4/><E37/><V124/><F134/><W106/><G5/><T109/><D109/><U47/><E47/><V19/><F130/><W33/><G33/><T78/><D0/><U89/><E4/><V100/><F124/><W60/><G117/><T110/><D110/><U38/><E38/><V53/><F53/><W34/><G34/><T8/><D112/><U41/><E26/><V36/><F36/><W39/><G39/><T10/><D10/><U101/><E41/><V1/><F107/><W119/><G119/><T85/><D85/><U32/><E32/><V128/><F128/><W65/><G22/><T46/><D46/><U97/><REACH who="1" step="1"/><E94/><REACH who="1" ten="178,315,191,306" step="2"/><V30/><F114/><W55/><G123/><T82/><D35/><U73/><AGARI ba="2,1" hai="7,9,13,45,50,52,73,76,81,89,91,95,97,101" machi="73" ten="20,18000,2" yaku="1,1,2,1,0,1,7,1,54,1,53,2" doraHai="108" doraHaiUra="87" who="1" fromWho="1" sc="178,-62,315,196,191,-62,306,-62" /><INIT seed="1,3,0,4,2,38" ten="116,511,129,244" oya="1" hai0="2,84,24,104,45,91,82,65,47,0,56,37,122" hai1="53,69,22,135,11,3,30,123,134,85,90,67,111" hai2="76,128,114,6,48,127,44,57,71,124,93,25,26" hai3="36,63,75,98,113,99,64,96,92,74,86,66,8"/><U43/><E123/><V94/><F71/><W126/><G113/><T81/><D122/><U115/><E115/><V31/><F114/><W119/><G36/><T77/><D104/><U18/><E30/><V112/><F112/><W107/><G107/><T9/><D24/><U118/><E118/><V120/><F120/><W5/><G126/><N who="2" m="48169" /><F128/><W19/><G19/><T35/><D35/><U59/><E111/><V33/><F76/><W1/><G119/><T39/><D39/><U132/><E69/><V95/><F26/><W105/><G105/><T100/><D100/><U13/><E67/><V83/><F83/><W49/><G49/><T102/><D102/><U79/><E79/><V87/><F6/><W4/><G4/><T121/><D121/><U20/><E3/><V46/><F87/><W10/><G10/><T12/><D2/><U32/><E32/><V129/><F129/><W78/><G66/><T41/><D0/><U28/><E28/><V62/><F48/><W125/><G125/><T103/><D103/><U97/><E97/><V58/><F58/><W73/><G78/><T52/><D45/><U29/><E29/><V133/><F133/><W15/><G1/><T108/><D108/><U60/><E43/><V51/><F51/><W34/><G34/><T109/><D109/><U72/><REACH who="1" step="1"/><E72/><REACH who="1" ten="116,501,129,244" step="2"/><V116/><F116/><W50/><G74/><T7/><D77/><U55/><E55/><AGARI ba="3,1" hai="25,31,33,44,46,55,57,62,93,94,95" m="48169" machi="55" ten="30,1000,0" yaku="18,1" doraHai="38" who="2" fromWho="1" sc="116,0,501,-19,129,29,244,0" /><INIT seed="2,0,0,1,2,133" ten="116,482,158,244" oya="2" hai0="134,75,4,44,23,90,94,87,70,68,24,79,21" hai1="16,59,112,92,15,13,83,48,61,71,73,55,113" hai2="53,81,89,63,12,38,37,65,111,25,51,125,35" hai3="110,14,119,131,9,32,64,109,101,39,86,97,98"/><V102/><F111/><N who="3" m="42507" /><G119/><T8/><D134/><U50/><E15/><V82/><F102/><W49/><G39/><T78/><D44/><U52/><E92/><V56/><F12/><W116/><G116/><T99/><D75/><U11/><E71/><V84/><F82/><W66/><G32/><T132/><D132/><U127/><E127/><V107/><F107/><N who="3" m="63919" /><G131/><T69/><D87/><U108/><E108/><V74/><F74/><W27/><G27/><T41/><D41/><U104/><E104/><V60/><F60/><W95/><G49/><T85/><D85/><U96/><E96/><V22/><F35/><W5/><G86/><T129/><D129/><U118/><E118/><V88/><F89/><AGARI ba="0,0" hai="5,9,14,64,66,89,95,98" m="63919,42507" machi="89" ten="30,1000,0" yaku="14,1" doraHai="133" who="3" fromWho="2" sc="116,0,482,0,158,-10,244,10" /><INIT seed="3,0,0,0,1,75" ten="116,482,148,254" oya="3" hai0="25,116,48,91,132,133,106,20,64,98,92,31,16" hai1="80,74,40,33,129,3,57,100,66,12,67,122,18" hai2="8,103,61,89,65,10,130,68,55,1,58,126,60" hai3="135,95,54,101,84,36,11,125,32,86,17,107,62"/><W14/><G36/><T87/><D116/><U113/><E3/><V123/><F103/><W50/><G32/><T115/><D115/><U76/><E122/><V49/><F123/><W24/><G125/><T41/><D64/><U111/><E113/><V94/><F126/><W44/><G135/><T47/><REACH who="0" step="1"/><D31/><REACH who="0" ten="106,482,148,254" step="2"/><U128/><E111/><V121/><F121/><W39/><G107/><T131/><D131/><N who="1" m="50251" /><E33/><V29/><F130/><W4/><G39/><T112/><D112/><U0/><E0/><V108/><F108/><W93/><G62/><T53/><D53/><U105/><E40/><V72/><F29/><W88/><G101/><AGARI ba="0,1" hai="16,20,25,41,47,48,87,91,92,98,101,106,132,133" machi="101" ten="40,2600,0" yaku="1,1,54,1,53,0" doraHai="75" doraHaiUra="69" who="0" fromWho="3" sc="106,36,482,0,148,0,254,-26" owari="142,-35.8,482,58.2,148,-25.2,228,2.8" /></mjloggm>