<mjloggm ver="2.3"><GO type="225" lobby="0"/><UN n0="%E6%A1%9C%E8%8A%B1%E9%96%83%E3%80%85" n1="%E3%81%A4%E3%81%A3%E3%81%B1%E3%82%8A%E3%83%9D%E3%83%BC%E3%83%AB" n2="%E7%8B%82%E6%B0%97%E3%81%AE%E7%9E%B3" n3="%6D%75%75%73%61%6E%6D%75" dan="17,17,16,17" rate="2247.08,2147.41,2036.60,2165.39" sx="M,M,F,F"/><TAIKYOKU oya="0"/><INIT seed="0,0,0,4,3,109" ten="250,250,250,250" oya="0" hai0="4,72,106,128,42,113,25,91,57,68,82,77,71" hai1="104,13,34,19,108,61,125,117,31,69,129,10,48" hai2="110,6,35,123,85,22,41,99,27,38,56,70,12" hai3="118,103,43,23,84,44,49,76,26,105,59,8,60"/><T131/><D106/><U15/><E117/><V87/><F70/><N who="0" m="26666" /><D57/><U9/><E104/><V102/><F123/><W132/><G118/><T88/><D4/><U114/><E114/><V2/><F110/><W73/><G132/><T112/><D42/><U134/><E108/><V55/><F35/><W58/><G73/><T40/><D40/><U3/><E134/><V83/><F2/><W65/><G105/><T54/><D54/><U116/><E116/><V66/><F66/><W47/><G103/><T63/><D63/><U95/><E61/><V17/><F41/><W89/><G47/><T5/><D5/><N who="1" m="1215" /><E48/><V21/><F38/><W90/><G58/><T126/><D25/><N who="1" m="18799" /><E95/><N who="2" m="58751" /><F6/><W16/><REACH who="3" step="1"/><G8/><REACH who="3" ten="250,250,250,240" step="2"/><T78/><D126/><U52/><E10/><V130/><F130/><N who="0" m="49706" /><D78/><U98/><E129/><V33/><F56/><W53/><G53/><T45/><D45/><U96/><E52/><V111/><F55/><W11/><G11/><T124/><D124/><U107/><E107/><V0/><F111/><W46/><G46/><T119/><D119/><U74/><E125/><V80/><F0/><W101/><G101/><T75/><D75/><U14/><E74/><V121/><F121/><W94/><G94/><T37/><D37/><U32/><E69/><V50/><F83/><AGARI ba="0,1" hai="16,23,26,43,44,49,59,60,65,76,83,84,89,90" machi="83" ten="40,8000,1" yaku="1,1,8,1,54,1,53,1" doraHai="109" doraHaiUra="20" who="3" fromWho="2" sc="250,0,250,0,250,-80,240,90" /><INIT seed="1,0,0,1,2,47" ten="250,250,170,330" oya="1" hai0="41,77,15,104,29,100,72,34,80,60,39,62,65" hai1="126,33,4,49,96,42,40,125,89,133,78,58,115" hai2="56,92,135,57,3,102,19,67,123,111,10,17,46" hai3="88,118,51,129,8,0,79,25,5,114,63,105,13"/><U128/><E115/><V86/><F123/><W32/><G114/><T120/><D15/><U75/><E33/><V74/><F74/><W53/><G105/><T99/><D120/><U11/><E133/><V43/><F135/><W76/><G129/><T52/><D41/><U91/><E128/><V82/><F111/><W95/><G118/><T30/><D39/><U87/><E75/><V83/><F3/><W23/><G32/><T132/><D132/><U71/><E71/><V85/><F67/><W121/><G121/><T6/><D6/><U119/><E119/><V73/><F73/><W1/><G63/><T101/><D101/><U108/><E108/><V26/><F102/><W50/><G50/><T81/><D81/><N who="1" m="47543" /><E96/><V2/><F2/><W28/><G1/><T69/><REACH who="0" step="1"/><D34/><REACH who="0" ten="240,250,170,330" step="2"/><U35/><E35/><V45/><F43/><W110/><G0/><T16/><D16/><U12/><E42/><V55/><F10/><W18/><G110/><T61/><D61/><U109/><E109/><V24/><REACH who="2" step="1"/><F92/><REACH who="2" ten="240,250,160,330" step="2"/><W68/><G5/><T20/><D20/><U7/><E7/><V84/><F84/><N who="3" m="52615" /><G68/><T66/><D66/><U113/><E113/><V64/><F64/><W9/><G9/><T54/><D54/><AGARI ba="0,2" hai="17,19,24,26,45,46,54,55,56,57,82,83,85,86" machi="54" ten="25,6400,0" yaku="1,1,22,2,8,1,53,0" doraHai="47" doraHaiUra="94" who="2" fromWho="0" sc="240,-64,250,0,160,84,330,0" /><INIT seed="2,0,0,5,1,59" ten="176,250,244,330" oya="2" hai0="101,96,64,29,119,107,45,25,7,22,80,27,38" hai1="52,49,47,86,10,48,61,110,57,31,13,97,114" hai2="56,113,74,70,81,50,30,103,43,112,95,68,24" hai3="71,58,35,15,121,102,19,83,18,122,120,66,54"/><V9/><F70/><W90/><G35/><T79/><D119/><U4/><E114/><V36/><F68/><W116/><G116/><T33/><D7/><U126/><E110/><V125/><F36/><W104/><G104/><T129/><D129/><U67/><E126/><V130/><F125/><W127/><G127/><T65/><D45/><U109/><E109/><V63/><F130/><W39/><G39/><T115/><D38/><U40/><E31/><V11/><F112/><W20/><G102/><T0/><D0/><U3/><E3/><V17/><F74/><W42/><G42/><T51/><D51/><U75/><E75/><V44/><F81/><W76/><G90/><T23/><D115/><U2/><E2/><V69/><F69/><W12/><G71/><T14/><D14/><U85/><E97/><N who="2" m="59839" /><F17/><W134/><G134/><T34/><D34/><U94/><E94/><V91/><F91/><W82/><G66/><T117/><D117/><U87/><E49/><V72/><F72/><W131/><G131/><T105/><D105/><U28/><E28/><V8/><F113/><W5/><G5/><T133/><D133/><U99/><E99/><V111/><F111/><W26/><G76/><T100/><D100/><U108/><E108/><V124/><F124/><W1/><G1/><T106/><D106/><U21/><E21/><N who="0" m="7689" /><D25/><U98/><E98/><V73/><F73/><W62/><G26/><T60/><D60/><U78/><E40/><V93/><F24/><W6/><G6/><T135/><D135/><U41/><E41/><V88/><F30/><W46/><G46/><RYUUKYOKU ba="0,0" sc="176,10,250,10,244,-30,330,10" hai0="27,29,33,64,65,79,80,96,101,107" hai1="4,10,13,47,48,52,57,61,67,78,85,86,87" hai3="12,15,18,19,20,54,58,62,82,83,120,121,122" /><INIT seed="3,1,0,1,5,98" ten="186,260,214,340" oya="3" hai0="6,124,3,18,42,81,92,133,110,67,120,15,4" hai1="115,87,2,77,125,80,62,99,55,70,11,103,60" hai2="66,41,46,74,83,23,96,47,69,35,0,7,40" hai3="109,57,61,111,28,5,56,94,31,45,1,22,65"/><W37/><G1/><T64/><D120/><U72/><E115/><V88/><F35/><W36/><G5/><T117/><D117/><U126/><E70/><V85/><F74/><W112/><G112/><T130/><D110/><U54/><E72/><V121/><F121/><W122/><G122/><T131/><D42/><N who="2" m="16490" /><F69/><W12/><G57/><T38/><D38/><U76/><E76/><N who="2" m="46311" /><F0/><W95/><G36/><T127/><D81/><U16/><E60/><V128/><F128/><N who="0" m="49194" /><D92/><U75/><E62/><V108/><F108/><W43/><G61/><T39/><D39/><U135/><E135/><V97/><F66/><N who="0" m="25130" /><D3/><U107/><E75/><V106/><F106/><W91/><G37/><T32/><D32/><U116/><E116/><V25/><F7/><N who="0" m="2602" /><D15/><N who="1" m="7295" /><E2/><V119/><F119/><W50/><G43/><T132/><D18/><U114/><E114/><V17/><F97/><W34/><G34/><T8/><D8/><U68/><E68/><V123/><F123/><W14/><G109/><T82/><D82/><U13/><E13/><V44/><F96/><W71/><G12/><T113/><D113/><U73/><E73/><V27/><F27/><W30/><G14/><T48/><D48/><U49/><E49/><V9/><F9/><W52/><G50/><T26/><D26/><U59/><E99/><V93/><F93/><W101/><G95/><T21/><D21/><U24/><E107/><V78/><F78/><W105/><G94/><T102/><D102/><U29/><E103/><V58/><F88/><W33/><G105/><T10/><D10/><U20/><E77/><V53/><F53/><RYUUKYOKU ba="1,0" sc="186,15,260,-15,214,15,340,-15" hai0="124,127,132,133" hai2="17,23,25,44,46,47,58" owari="201,-29.9,245,4.5,229,-17.1,325,42.5" /></mjloggm>