<mjloggm ver="2.3"><GO type="225" lobby="0"/><UN n0="%E3%82%BC%E3%83%AB%E3%83%80%E3%81%AE%E4%BC%9D%E8%AA%AC" n1="%E3%81%82%E3%81%99%E3%81%AB%E3%82%83%E3%82%80" n2="%33%74%72%65%65" n3="%47%48%4F%53%54" dan="17,16,16,17" rate="2206.99,2113.50,2164.33,2219.15" sx="M,F,F,M"/><TAIKYOKU oya="0"/><INIT seed="0,0,0,0,4,38" ten="250,250,250,250" oya="0" hai0="47,101,15,52,14,123,84,29,48,72,104,70,22" hai1="21,94,97,95,133,86,79,96,85,128,75,132,33" hai2="8,57,61,23,58,127,105,103,107,10,92,108,39" hai3="69,89,26,31,115,76,91,28,43,99,88,32,17"/><T106/><D123/><U129/><E33/><V126/><F108/><W1/><G115/><T24/><D72/><U117/><E21/><V19/><F39/><W131/><G131/><T83/><D70/><U55/><E55/><V73/><F73/><W16/><G69/><T68/><D68/><U56/><E56/><V102/><F92/><W78/><G1/><T18/><D101/><U66/><E66/><V134/><F23/><W81/><G43/><T3/><D3/><U62/><E62/><V110/><F110/><W51/><G51/><T30/><D15/><U42/><E42/><V98/><F61/><W82/><G99/><T90/><REACH who="0" step="1"/><D29/><REACH who="0" ten="240,250,250,250" step="2"/><N who="3" m="11337" /><G26/><T80/><D80/><N who="3" m="30825" /><G32/><AGARI ba="0,1" hai="14,18,22,24,30,32,47,48,52,83,84,90,104,106" machi="32" ten="30,5800,0" yaku="1,1,7,1,54,1,53,0" doraHai="38" doraHaiUra="2" who="0" fromWho="3" sc="240,68,250,0,250,0,250,-58" /><INIT seed="0,1,0,2,5,20" ten="308,250,250,192" oya="0" hai0="4,88,10,79,34,23,102,115,123,87,112,118,19" hai1="86,128,11,127,5,39,6,131,21,121,63,119,77" hai2="33,15,106,104,130,28,3,64,62,51,59,100,120" hai3="32,108,70,97,113,58,134,75,133,8,73,126,68"/><T94/><D118/><U55/><E119/><V111/><F120/><W9/><G113/><T110/><D123/><U81/><E39/><V89/><F111/><W84/><G108/><T42/><D110/><U96/><E121/><V30/><F3/><W1/><G1/><T14/><D34/><U56/><E127/><V129/><F15/><W117/><G126/><T13/><D102/><U38/><E38/><V37/><F37/><W66/><G117/><T109/><D109/><U17/><E96/><V92/><F100/><W16/><G32/><T65/><D42/><U69/><E69/><N who="3" m="26730" /><G97/><T29/><D29/><N who="2" m="11370" /><F51/><W135/><G84/><T122/><D122/><U31/><E31/><V60/><F60/><N who="3" m="38167" /><G9/><T74/><REACH who="0" step="1"/><D65/><REACH who="0" ten="298,250,250,192" step="2"/><U48/><E128/><V105/><F33/><W0/><G0/><T41/><D41/><U114/><E131/><V26/><F129/><W93/><G93/><T116/><D116/><U52/><E114/><V61/><F130/><W82/><G82/><AGARI ba="1,1" hai="4,10,13,14,19,23,74,79,82,87,88,94,112,115" machi="82" ten="40,3900,0" yaku="1,1,54,1,53,0" doraHai="20" doraHaiUra="46" who="0" fromWho="3" sc="298,52,250,0,250,0,192,-42" /><INIT seed="0,2,0,2,4,87" ten="350,250,250,150" oya="0" hai0="32,106,133,61,19,118,41,89,22,74,35,31,111" hai1="123,67,115,85,16,64,101,75,58,129,97,30,110" hai2="72,122,5,34,59,7,104,128,112,103,26,126,135" hai3="6,0,79,18,29,23,117,95,78,124,125,4,132"/><T88/><D118/><U130/><E75/><V55/><F103/><W60/><G117/><T94/><D74/><U8/><E123/><V46/><F46/><W76/><G132/><T65/><D106/><U77/><E110/><V43/><F43/><W38/><G38/><T47/><D133/><U53/><E30/><V84/><F84/><W56/><G29/><T80/><D111/><U113/><E77/><V62/><F26/><W11/><G6/><T114/><D114/><N who="1" m="43531" /><E85/><V10/><F5/><W119/><G119/><T83/><D31/><U3/><E3/><V12/><F104/><W116/><G116/><T68/><D32/><U57/><E57/><V127/><F34/><W120/><G95/><T108/><D35/><U134/><E134/><V73/><F122/><W15/><REACH who="3" step="1"/><G120/><REACH who="3" ten="350,250,250,140" step="2"/><T121/><D94/><U100/><E130/><V1/><F128/><W48/><G48/><T9/><D121/><U40/><E129/><V131/><F131/><W14/><G14/><T81/><D108/><U13/><E40/><V54/><F135/><W25/><G25/><T102/><D41/><U21/><E8/><V107/><F112/><W39/><G39/><T20/><D9/><U105/><E101/><V2/><F2/><W63/><G63/><AGARI ba="2,1" hai="13,16,21,53,58,63,64,67,97,100,105" m="43531" machi="63" ten="30,2000,0" yaku="11,1,54,1" doraHai="87" who="1" fromWho="3" sc="350,0,250,36,250,0,140,-26" /><INIT seed="1,0,0,2,4,127" ten="350,286,250,114" oya="1" hai0="63,88,66,111,10,73,104,59,15,16,113,17,134" hai1="84,1,70,132,48,94,25,6,108,55,69,77,19" hai2="129,23,122,56,5,46,83,93,54,67,14,33,91" hai3="103,87,119,105,43,96,110,28,82,57,133,42,98"/><U32/><E132/><V9/><F122/><W50/><G133/><T121/><D113/><U37/><E37/><V79/><F33/><W18/><G110/><T124/><D111/><U74/><E108/><V72/><F23/><W30/><G119/><T76/><D134/><U65/><E74/><V49/><F67/><W40/><G18/><T22/><D104/><U2/><E6/><V62/><F129/><W58/><G105/><T29/><D124/><U45/><E65/><V31/><F31/><W75/><G75/><T117/><D117/><U8/><E70/><V81/><F81/><W27/><G103/><T11/><D121/><U38/><E38/><V131/><F131/><W123/><G123/><T52/><D76/><U21/><E69/><V80/><F79/><W107/><G107/><T126/><D73/><U41/><E41/><N who="2" m="24783" /><F72/><W24/><G50/><T86/><D126/><U39/><E39/><V130/><F130/><W61/><G61/><T114/><D114/><U125/><E125/><V44/><F44/><W36/><G36/><T90/><D66/><U60/><E60/><V109/><F109/><W118/><G118/><T51/><D63/><U4/><E32/><V100/><F100/><W47/><G47/><T92/><D29/><N who="3" m="11369" /><G82/><N who="0" m="49495" /><D17/><U68/><E68/><V102/><F102/><W135/><G135/><T64/><D64/><U53/><E1/><V128/><F128/><W20/><G20/><T0/><D0/><U26/><E26/><N who="3" m="9770" /><G87/><AGARI ba="0,0" hai="10,11,15,16,22,51,52,59,87,88,92" m="49495" machi="87" ten="30,8000,1" yaku="25,1,8,1,54,3" doraHai="127" who="0" fromWho="3" sc="350,80,286,0,250,0,114,-80" /><AGARI ba="0,0" hai="5,9,14,54,56,62,80,83,87,91,93" m="24783" machi="87" ten="30,1000,0" yaku="8,1" doraHai="127" who="2" fromWho="3" sc="430,0,286,0,250,10,34,-10" /><INIT seed="2,0,0,0,3,96" ten="430,286,260,24" oya="2" hai0="67,14,47,5,56,1,9,95,26,64,57,122,107" hai1="22,21,90,92,18,80,20,97,4,38,68,98,54" hai2="11,88,132,16,72,2,32,99,74,36,135,121,94" hai3="114,130,55,53,58,3,34,115,89,79,49,52,25"/><V106/><F121/><W39/><G3/><T124/><D107/><U27/><E68/><V31/><F36/><W15/><G130/><T118/><D122/><U78/><E38/><V111/><F111/><W69/><G39/><T48/><D1/><U23/><E4/><V73/><F2/><W46/><G69/><T17/><D124/><U75/><E98/><V83/><F106/><W105/><G105/><T100/><D118/><U131/><E131/><V112/><F112/><N who="3" m="43051" /><G79/><T116/><D116/><U93/><E93/><V128/><F128/><W51/><G89/><T127/><D127/><U129/><E129/><V125/><F125/><W44/><G15/><T110/><D100/><U104/><E104/><V0/><F0/><W7/><G7/><T123/><D95/><U66/><E66/><N who="0" m="25129" /><D110/><U37/><E37/><V87/><F32/><W30/><G58/><T77/><D77/><U35/><E35/><V43/><F43/><AGARI ba="0,0" hai="25,30,34,43,44,46,49,51,52,53,55" m="43051" machi="43" ten="30,2000,0" yaku="11,1,54,1" doraHai="96" who="3" fromWho="2" sc="430,0,286,0,260,-20,24,20" /><INIT seed="3,0,0,5,2,59" ten="430,286,240,44" oya="3" hai0="87,116,4,38,131,5,122,82,63,65,9,12,94" hai1="45,106,8,26,130,100,55,24,77,11,57,101,103" hai2="84,60,3,20,124,23,110,90,95,76,96,119,104" hai3="41,120,33,91,32,0,135,48,39,67,93,68,15"/><W36/><G120/><T75/><D38/><U99/><E130/><V46/><F119/><W35/><G0/><T64/><D122/><U58/><E77/><V2/><F110/><W126/><G135/><T115/><D116/><U69/><E69/><V49/><F124/><W105/><G126/><T54/><D75/><U123/><E123/><V43/><F3/><W37/><G105/><T80/><D5/><U1/><E1/><V10/><F10/><N who="1" m="3625" /><E99/><V50/><F50/><W27/><G15/><T62/><D94/><U83/><E83/><V29/><F29/><W73/><G73/><T7/><D54/><U61/><E45/><V78/><F2/><W92/><G27/><N who="1" m="10282" /><E106/><V128/><F128/><W98/><G92/><T113/><D12/><U19/><E58/><V132/><F132/><W28/><G28/><T127/><D9/><U89/><E89/><V97/><F76/><W85/><G98/><N who="2" m="37993" /><F78/><W44/><REACH who="3" step="1"/><G35/><REACH who="3" ten="430,286,240,34" step="2"/><T31/><D127/><U21/><E100/><V40/><F104/><W109/><G109/><T56/><D131/><U125/><E125/><V107/><F107/><W72/><G72/><T121/><D121/><U22/><E22/><V71/><F20/><W70/><G70/><T42/><D4/><U79/><E101/><V17/><F23/><W52/><G52/><T134/><D7/><U129/><E103/><V112/><F71/><W117/><G117/><T47/><D134/><U34/><E34/><V86/><F95/><W16/><G16/><T108/><D108/><U114/><E129/><V6/><F17/><W18/><G18/><T111/><D111/><RYUUKYOKU ba="0,1" sc="430,-10,286,-10,240,-10,34,30" hai3="32,33,36,37,39,41,44,48,67,68,85,91,93" /><INIT seed="3,1,1,1,5,113" ten="420,276,230,64" oya="3" hai0="52,82,80,3,81,34,51,59,122,93,14,114,13" hai1="26,99,68,79,110,56,105,58,85,73,44,74,95" hai2="123,38,77,135,90,76,33,72,28,69,121,16,45" hai3="61,132,36,48,40,7,128,5,24,4,107,37,86"/><W89/><G128/><T134/><D122/><N who="2" m="46602" /><F135/><W32/><G132/><T17/><D114/><U101/><E68/><V75/><F69/><W47/><G107/><T108/><D108/><U12/><E26/><N who="2" m="18583" /><F90/><W129/><G129/><T124/><D3/><U133/><E133/><V9/><F9/><W97/><G97/><T120/><D34/><U65/><E73/><N who="2" m="28235" /><F16/><W71/><G24/><T96/><D93/><U39/><E12/><V43/><AGARI ba="1,1" hai="38,43,45,76,77" m="28235,18583,46602" machi="43" ten="40,1500,0" yaku="13,1" doraHai="113" who="2" fromWho="2" sc="420,-5,276,-5,230,28,64,-8" owari="415,51.5,271,7.1,258,-14.2,56,-44.4" /></mjloggm>