<mjloggm ver="2.3"><GO type="225" lobby="0"/><UN n0="%4C%4F%4C%49%54%41" n1="%E3%81%8F%E3%82%8A%E3%83%94%E3%83%BC" n2="%37%2F%32%E3%81%AB%E7%94%9F%E3%81%BE%E3%82%8C%E3%81%A6" n3="%74%61%6B%75%61%6B%61" dan="16,16,17,16" rate="2196.03,2099.12,2194.93,2173.67" sx="F,M,M,M"/><TAIKYOKU oya="0"/><INIT seed="0,0,0,0,5,124" ten="250,250,250,250" oya="0" hai0="24,62,35,19,45,38,60,9,112,89,74,120,105" hai1="69,28,95,127,79,1,31,8,36,104,47,57,82" hai2="68,10,3,52,25,103,72,133,129,102,42,64,113" hai3="29,54,76,12,115,61,53,125,63,73,18,6,27"/><T2/><D112/><U21/><E69/><V56/><F113/><W26/><G115/><T116/><D116/><U55/><E104/><V50/><F72/><W5/><G73/><T107/><D120/><U34/><E34/><V134/><F129/><W22/><G76/><T118/><D118/><U132/><E21/><V87/><F25/><N who="3" m="9227" /><G29/><T43/><D60/><N who="3" m="23113" /><G125/><T123/><D123/><U131/><E95/><V67/><F68/><W66/><G66/><N who="2" m="25129" /><F42/><W94/><G94/><T71/><D89/><U32/><E32/><V40/><F40/><W59/><G59/><T114/><D114/><U90/><E57/><V13/><F3/><W122/><G122/><T108/><D43/><U51/><E90/><V91/><F134/><W16/><G18/><T109/><D19/><U48/><E132/><V41/><F41/><W70/><G70/><T39/><D71/><U30/><E30/><V86/><F133/><W78/><G78/><T23/><D2/><U100/><E31/><V110/><F110/><W84/><G84/><N who="2" m="32297" /><F91/><W121/><G121/><T130/><D105/><U106/><E28/><V4/><AGARI ba="0,0" hai="4,10,13,50,52,56,102,103" m="32297,25129" machi="4" ten="30,2000,0" yaku="8,1,54,1" doraHai="124" who="2" fromWho="2" sc="250,-10,250,-5,250,20,250,-5" /><INIT seed="1,0,0,0,2,2" ten="240,245,270,245" oya="1" hai0="97,70,91,118,98,135,15,127,28,49,106,93,23" hai1="55,54,75,117,37,34,9,18,8,50,115,84,48" hai2="130,119,113,20,38,59,47,109,107,14,102,78,104" hai3="123,76,94,41,131,114,13,96,66,42,67,64,58"/><U108/><E115/><V12/><F113/><W90/><G123/><T69/><D118/><U33/><E75/><V11/><F119/><W53/><G114/><T110/><D110/><U79/><E37/><V129/><F109/><W126/><G126/><T80/><D127/><U89/><E79/><V43/><F78/><W124/><G124/><T44/><D135/><U24/><E108/><V86/><F86/><W81/><G131/><N who="2" m="50185" /><F102/><W112/><G112/><T116/><D116/><U99/><E99/><V39/><F38/><W83/><G13/><T5/><D80/><N who="3" m="30793" /><G76/><T32/><D32/><U45/><E117/><V85/><F85/><W128/><G128/><T46/><D106/><U51/><E51/><AGARI ba="0,0" hai="41,42,51,53,58,64,66,67,90,94,96" m="30793" machi="51" ten="30,1000,0" yaku="8,1" doraHai="2" who="3" fromWho="1" sc="240,0,245,-10,270,0,245,10" /><INIT seed="2,0,0,0,0,72" ten="240,235,270,255" oya="2" hai0="71,121,111,17,91,68,110,39,67,1,129,75,84" hai1="40,11,16,38,92,25,124,117,99,115,90,98,9" hai2="133,44,19,74,100,87,52,131,29,18,109,31,134" hai3="119,22,57,135,6,102,118,82,76,33,80,3,73"/><V10/><F74/><W77/><G33/><T85/><D121/><U56/><E117/><V97/><F131/><W4/><G135/><N who="2" m="51721" /><F87/><W95/><G57/><T49/><D39/><U113/><E124/><V83/><F83/><W53/><G53/><T114/><D75/><U81/><E99/><V104/><F109/><W13/><G3/><T36/><D36/><U132/><E132/><V50/><F10/><W116/><G102/><T47/><D129/><U46/><E81/><V108/><F108/><W32/><G32/><T55/><D85/><U20/><REACH who="1" step="1"/><E56/><REACH who="1" ten="240,225,270,255" step="2"/><V7/><F97/><W60/><G82/><T24/><D111/><U51/><E51/><V86/><F50/><W35/><G80/><T79/><D110/><U14/><E14/><V59/><F104/><W54/><G13/><T30/><D1/><U89/><E89/><V21/><F59/><W15/><G15/><T12/><D91/><U63/><E63/><V27/><F100/><W37/><G73/><T26/><D12/><U120/><E120/><V28/><F86/><W64/><G118/><T105/><D105/><U96/><E96/><V0/><F0/><W5/><G119/><T58/><D84/><U8/><AGARI ba="0,1" hai="8,9,11,16,20,25,38,40,46,90,92,98,113,115" machi="8" ten="30,7900,0" yaku="1,1,0,1,54,1,53,1" doraHai="72" doraHaiUra="23" who="1" fromWho="1" sc="240,-20,225,89,270,-39,255,-20" /><INIT seed="3,0,0,5,4,73" ten="220,314,231,235" oya="3" hai0="116,99,40,76,108,126,33,64,12,53,44,97,25" hai1="130,51,102,2,60,111,104,74,35,7,19,96,45" hai2="113,87,86,110,66,11,26,90,62,68,49,38,107" hai3="9,82,14,47,122,88,34,127,75,94,69,89,72"/><W121/><G69/><T32/><D116/><U20/><E35/><V67/><F113/><W59/><G34/><T115/><D64/><U15/><E111/><V85/><F110/><W98/><G47/><T129/><D108/><U131/><E74/><N who="3" m="28202" /><G59/><T133/><D76/><U71/><E7/><V81/><F107/><W39/><G14/><T112/><D129/><U95/><E104/><V103/><F103/><N who="3" m="60887" /><G9/><T18/><D126/><U46/><E2/><V48/><F38/><W79/><G39/><N who="0" m="21535" /><D133/><U132/><E132/><V78/><F67/><W57/><G57/><T80/><D80/><U30/><E30/><V63/><F62/><W123/><G127/><T91/><D91/><U37/><E37/><V114/><F114/><N who="0" m="43562" /><D53/><U27/><E27/><V124/><F124/><W17/><G17/><T13/><D32/><U61/><E71/><V109/><F109/><W134/><G134/><T125/><D125/><U100/><E46/><V56/><F68/><W16/><G16/><T24/><D12/><U23/><E23/><V42/><F42/><W21/><G21/><N who="0" m="11471" /><D24/><U84/><E60/><V0/><F26/><W54/><G54/><T5/><D5/><U3/><E20/><V83/><F0/><W128/><G128/><T41/><D41/><U36/><E19/><V31/><F31/><AGARI ba="0,0" hai="25,31,33,97,99" m="11471,43562,21535" machi="31" ten="30,1000,0" yaku="11,1" doraHai="73" who="0" fromWho="2" sc="220,10,314,0,231,-10,235,0" owari="230,-17.0,314,41.4,221,-27.9,235,3.5" /></mjloggm>