<mjloggm ver="2.3"><GO type="225" lobby="0"/><UN n0="%E3%80%93%E3%81%97%E3%83%BC%E3%82%89%E3%80%93" n1="%E6%B0%B7%E5%B7%9D%E9%87%8C%E5%A5%88" n2="%E3%81%82%E3%81%99%E3%81%AB%E3%82%83%E3%82%80" n3="%72%69%6F%75%63%68%61%6E" dan="16,16,16,16" rate="2131.39,2097.71,2094.79,2173.97" sx="M,F,F,M"/><TAIKYOKU oya="0"/><INIT seed="0,0,0,2,4,110" ten="250,250,250,250" oya="0" hai0="74,17,67,32,29,71,16,112,78,113,100,105,79" hai1="125,124,88,115,35,91,13,30,82,1,10,36,19" hai2="46,45,54,104,116,90,92,130,123,63,106,18,48" hai3="56,96,85,108,14,99,93,62,81,101,37,114,70"/><T128/><D128/><U57/><E36/><V11/><F130/><W41/><G114/><N who="0" m="44139" /><D78/><U95/><E1/><V9/><F123/><W132/><G132/><T73/><D79/><U126/><E30/><V43/><F116/><W120/><G108/><T24/><D74/><U118/><E35/><V76/><F76/><W127/><G127/><T58/><D58/><U47/><E118/><V39/><F63/><W122/><G70/><T0/><D73/><U59/><E47/><V66/><F66/><W60/><G96/><N who="0" m="61575" /><D0/><U75/><E115/><V6/><F18/><W49/><G37/><T34/><D34/><U28/><E28/><V3/><REACH who="2" step="1"/><F11/><REACH who="2" ten="250,250,240,250" step="2"/><W44/><G60/><AGARI ba="0,1" hai="16,17,24,29,32,60,67,71" m="61575,44139" machi="60" ten="30,12000,1" yaku="25,1,52,3,54,1" doraHai="110" who="0" fromWho="3" sc="250,130,250,0,240,0,250,-120" /><INIT seed="0,1,0,5,2,113" ten="380,250,240,130" oya="0" hai0="116,94,124,40,58,61,130,133,95,17,98,8,21" hai1="41,76,29,106,90,66,102,16,15,118,117,75,105" hai2="28,48,112,5,123,131,22,23,67,51,50,9,82" hai3="121,115,42,34,134,86,103,27,125,135,93,25,88"/><T101/><D116/><U126/><E29/><V114/><F123/><W63/><G115/><T74/><D74/><U13/><E41/><V12/><F114/><W6/><G125/><T7/><D124/><U37/><E37/><V80/><F112/><W3/><G121/><T0/><D40/><U120/><E126/><V36/><F36/><W19/><G42/><T35/><D35/><U109/><E120/><V2/><F131/><W32/><G103/><T65/><D130/><U46/><E46/><V91/><F2/><W107/><G107/><T45/><D45/><U49/><E49/><V59/><F28/><W127/><G127/><T4/><D4/><U14/><E66/><V110/><F110/><W69/><G69/><T39/><D39/><U122/><E122/><V38/><F38/><W104/><G104/><T128/><D128/><U26/><E109/><V31/><F31/><W54/><G63/><T64/><D133/><N who="3" m="50697" /><G54/><T129/><D129/><U111/><E111/><V20/><F91/><W73/><G73/><T96/><D65/><U89/><E105/><V70/><F70/><W97/><G97/><T60/><D58/><U100/><E100/><V47/><F47/><W83/><G83/><T132/><D64/><U57/><E57/><V11/><F11/><N who="3" m="2527" /><G25/><T81/><D81/><N who="1" m="45215" /><E106/><V62/><AGARI ba="1,0" hai="5,9,12,20,22,23,48,50,51,59,62,67,80,82" machi="62" ten="40,2700,0" yaku="0,1,8,1" doraHai="113" who="2" fromWho="2" sc="380,-14,250,-8,240,30,130,-8" /><INIT seed="1,0,0,5,3,107" ten="366,242,270,122" oya="1" hai0="0,105,37,33,95,75,124,66,42,113,22,29,62" hai1="73,91,83,27,3,59,61,103,110,64,78,74,93" hai2="14,16,117,104,86,129,12,88,120,52,112,41,1" hai3="101,53,127,123,45,72,57,10,47,54,49,58,134"/><U77/><E3/><V132/><F1/><W48/><G123/><T55/><D55/><U26/><E103/><V24/><F120/><W30/><G127/><T32/><D95/><U82/><E110/><V23/><F117/><W34/><G134/><T85/><D85/><AGARI ba="0,0" hai="26,27,59,61,64,73,74,77,78,82,83,85,91,93" machi="85" ten="30,11600,0" yaku="7,1,9,1,52,2" doraHai="107" who="1" fromWho="0" sc="366,-116,242,116,270,0,122,0" /><INIT seed="1,1,0,3,4,55" ten="250,358,270,122" oya="1" hai0="132,102,66,74,126,36,106,85,82,120,20,110,9" hai1="62,42,83,121,14,12,8,101,71,33,99,119,89" hai2="28,23,31,107,131,54,133,96,78,35,134,135,73" hai3="17,67,127,123,30,75,88,51,38,53,116,124,100"/><U7/><E119/><V60/><F131/><W50/><G123/><T95/><D36/><U16/><E121/><V93/><F107/><W2/><G38/><T44/><D44/><U4/><E33/><V117/><F35/><W63/><G75/><T129/><D66/><U70/><E42/><V114/><F117/><W21/><G2/><T10/><D20/><U97/><E89/><V84/><F73/><W86/><G100/><T128/><D10/><U87/><E97/><V79/><F114/><W104/><G104/><T76/><D9/><U58/><E87/><V26/><F84/><W41/><G30/><T72/><D120/><U122/><E83/><V103/><F31/><W112/><G112/><T24/><D24/><U90/><E90/><V43/><F43/><W65/><G116/><T47/><D47/><U29/><E29/><V80/><F80/><N who="3" m="49223" /><G41/><T92/><D72/><U105/><E122/><V111/><F111/><W98/><G98/><N who="0" m="61783" /><D110/><U5/><REACH who="1" step="1"/><E14/><REACH who="1" ten="250,348,270,122" step="2"/><V1/><F1/><W45/><G124/><T11/><D126/><U52/><AGARI ba="1,1" hai="4,5,7,8,12,16,52,58,62,70,71,99,101,105" machi="52" ten="30,18000,2" yaku="1,1,2,1,0,1,52,1,54,2,53,1" doraHai="55" doraHaiUra="49" who="1" fromWho="1" sc="250,-61,348,193,270,-61,122,-61" /><INIT seed="1,2,0,4,3,70" ten="189,541,209,61" oya="1" hai0="98,114,59,133,50,39,92,96,90,129,102,132,89" hai1="56,10,3,51,24,101,105,104,62,36,78,21,110" hai2="68,34,87,44,29,32,18,7,91,85,95,58,49" hai3="16,123,69,28,107,127,42,55,38,121,135,72,60"/><U112/><E112/><V4/><F68/><W74/><G28/><T65/><D114/><U14/><E3/><V57/><F34/><W117/><G107/><T77/><D39/><U0/><E0/><V2/><F32/><W6/><G6/><T119/><D119/><U5/><E78/><V131/><F29/><W52/><G72/><T26/><D26/><U48/><E110/><V53/><F131/><W13/><G74/><T47/><D129/><U35/><E35/><V31/><F31/><W75/><G75/><T45/><D77/><U67/><E105/><V93/><F18/><W113/><G113/><T27/><D27/><U63/><E63/><V111/><F111/><W71/><G71/><T81/><D81/><U124/><E124/><V80/><F2/><W86/><G86/><T88/><D98/><U82/><E82/><V33/><F33/><W9/><G135/><N who="0" m="51787" /><D65/><U122/><E122/><V108/><F108/><W25/><G25/><T23/><D23/><U15/><E15/><V116/><F116/><W84/><G117/><T20/><D20/><U12/><E12/><V83/><F83/><W126/><G84/><T120/><D120/><N who="3" m="46153" /><G69/><T61/><D61/><U17/><E24/><V46/><F95/><W76/><G60/><T1/><D1/><U30/><E30/><V94/><F94/><W11/><G9/><T8/><D8/><U19/><E10/><V41/><F4/><W130/><G76/><T125/><D125/><N who="3" m="47625" /><G130/><T64/><D64/><U115/><E5/><V79/><F7/><W54/><G38/><AGARI ba="2,0" hai="38,41,44,46,49,53,57,58,79,80,85,87,91,93" machi="38" ten="30,2000,0" yaku="7,1,52,1" doraHai="70" who="2" fromWho="3" sc="189,0,541,0,209,26,61,-26" /><INIT seed="2,0,0,4,3,30" ten="189,541,235,35" oya="2" hai0="121,68,44,39,131,60,124,54,133,21,91,13,72" hai1="90,122,87,42,95,132,110,45,53,66,32,33,0" hai2="81,111,35,37,61,51,11,98,28,18,117,88,14" hai3="115,135,101,67,52,63,76,6,48,19,24,96,17"/><V31/><F37/><W107/><G135/><T58/><D72/><U23/><E0/><V108/><F117/><W86/><G115/><T34/><D133/><U104/><E132/><V129/><F129/><W93/><G6/><T59/><D121/><U65/><E104/><V71/><F51/><W7/><G7/><T3/><D3/><U64/><E53/><V89/><F98/><W10/><G10/><T57/><D131/><U1/><E1/><V2/><F2/><W5/><G5/><T12/><D124/><U83/><E122/><V74/><F28/><W112/><G112/><T70/><D91/><U25/><E95/><V100/><F100/><W41/><G41/><T103/><D103/><U94/><E94/><V55/><F55/><W102/><G24/><T26/><D39/><U40/><E40/><V127/><F127/><W116/><G116/><T38/><D38/><U22/><E22/><V119/><F119/><W128/><G128/><T109/><D109/><N who="2" m="42058" /><F81/><N who="3" m="47399" /><G102/><T134/><D134/><U4/><E110/><V126/><F74/><W97/><G97/><T47/><D54/><U123/><E123/><V46/><F126/><W43/><G43/><T92/><D60/><U56/><E42/><V75/><F75/><W79/><G107/><T36/><D36/><U99/><E99/><V125/><F125/><W73/><G63/><T8/><D8/><U15/><E83/><V80/><F80/><N who="3" m="45167" /><G67/><T77/><D70/><U9/><E66/><N who="2" m="41423" /><F46/><N who="3" m="27671" /><G101/><T69/><D47/><U118/><E118/><V78/><F78/><W113/><G113/><T16/><D77/><U84/><E65/><RYUUKYOKU ba="0,0" sc="189,-15,541,-15,235,15,35,15" hai2="11,14,18,31,35,88,89" hai3="17,19,93,96" /><INIT seed="2,1,0,5,0,93" ten="174,526,250,50" oya="2" hai0="134,121,102,28,42,19,91,79,117,73,54,126,4" hai1="25,60,49,34,100,110,96,38,64,66,37,82,43" hai2="31,83,81,39,18,46,52,74,88,9,77,127,123" hai3="50,44,108,23,104,5,133,89,135,122,67,107,87"/><V115/><F115/><W40/><G122/><T98/><D121/><U45/><E110/><V92/><F123/><W33/><G33/><T30/><D117/><U61/><E82/><V14/><F127/><W101/><G108/><T17/><D126/><U11/><E11/><V103/><F103/><W56/><G5/><T84/><D4/><U120/><E120/><V97/><F39/><W116/><G116/><T21/><D42/><U129/><E129/><V72/><F31/><W1/><G1/><T125/><D134/><U13/><E13/><V47/><REACH who="2" step="1"/><F52/><REACH who="2" ten="174,526,240,50" step="2"/><N who="3" m="31767" /><G101/><T53/><D125/><U27/><E100/><V48/><F48/><N who="3" m="26631" /><G67/><T132/><D132/><N who="3" m="50761" /><G23/><T75/><D21/><U111/><E66/><V86/><F86/><W29/><G29/><T0/><D102/><U109/><E64/><V90/><F90/><W94/><AGARI ba="1,1" hai="87,89,94,104,107" m="50761,26631,31767" machi="94" ten="30,2000,0" yaku="20,1,54,1" doraHai="93" who="3" fromWho="3" sc="174,-6,526,-6,240,-11,50,33" /><INIT seed="3,0,0,3,3,88" ten="168,520,229,83" oya="3" hai0="112,35,119,74,101,2,11,34,40,36,106,27,56" hai1="58,73,80,124,13,71,30,94,24,38,87,103,46" hai2="93,100,49,42,3,110,81,25,64,6,131,1,120" hai3="77,108,55,19,53,91,107,48,76,78,70,33,47"/><W50/><G70/><T20/><D119/><U96/><E71/><V111/><F131/><W113/><G113/><T121/><D121/><U115/><E115/><V23/><F64/><W68/><G68/><T37/><D112/><U126/><E73/><V89/><F100/><W5/><G33/><N who="0" m="12299" /><D20/><N who="1" m="15623" /><E13/><V44/><F81/><W22/><G107/><T123/><D56/><U109/><E109/><N who="2" m="41483" /><F6/><W41/><G108/><T82/><D27/><U132/><E132/><V104/><F104/><W8/><G91/><T18/><D18/><U105/><E58/><V86/><F120/><W97/><G97/><N who="0" m="61743" /><D40/><U114/><E114/><V4/><F4/><W59/><G41/><T67/><D67/><U16/><E16/><AGARI ba="0,0" hai="1,3,16,23,25,42,44,49,86,89,93" m="41483" machi="16" ten="30,3900,0" yaku="14,1,52,1,54,1" doraHai="88" who="2" fromWho="1" sc="168,0,520,-39,229,39,83,0" owari="168,-23.2,481,58.1,268,6.8,83,-41.7" /></mjloggm>