<mjloggm ver="2.3"><GO type="225" lobby="0"/><UN n0="%E2%91%A3%E9%81%BF%E9%81%8A%E6%88%AF%E3%80%90%E6%9D%B1%E5%8D%97%E3%80%91" n1="%30%2E%31%32%30" n2="%E6%A1%9C%E8%8A%B1%E9%96%83%E3%80%85" n3="%6D%75%75%6D%75%72%61" dan="16,16,17,17" rate="2126.19,2068.03,2240.11,2191.47" sx="M,M,M,F"/><TAIKYOKU oya="0"/><INIT seed="0,0,0,2,4,118" ten="250,250,250,250" oya="0" hai0="108,107,74,19,2,70,64,38,33,100,132,67,127" hai1="92,65,39,5,12,69,97,109,83,135,24,122,31" hai2="86,117,13,119,55,128,44,81,16,125,114,6,111" hai3="29,10,90,105,87,95,110,32,116,48,63,50,52"/><T131/><D19/><U75/><E39/><V88/><F114/><W123/><G116/><N who="2" m="44617" /><F111/><W23/><G110/><T133/><D108/><U68/><E109/><V60/><F128/><W89/><G105/><T15/><D2/><U91/><E135/><N who="0" m="51785" /><D74/><U25/><E65/><N who="0" m="25161" /><D70/><U27/><E68/><V43/><F125/><W18/><G123/><T9/><D33/><U82/><E69/><V54/><F60/><W0/><G32/><T37/><D127/><U47/><E31/><V94/><F94/><W134/><G134/><T129/><D15/><U20/><E75/><V73/><F6/><W3/><G3/><T120/><D9/><U99/><E12/><V72/><F55/><W84/><G0/><T40/><D40/><U56/><E20/><N who="2" m="11279" /><F54/><W98/><G10/><T59/><D59/><U78/><E5/><V96/><F96/><W71/><G29/><T53/><D53/><U35/><E97/><V1/><F1/><W66/><G52/><T77/><D77/><U113/><E99/><V7/><F7/><W76/><G76/><T106/><D100/><U130/><E130/><N who="0" m="49673" /><D120/><U103/><E122/><V79/><F79/><W49/><REACH who="3" step="1"/><G89/><REACH who="3" ten="250,250,250,240" step="2"/><T22/><D22/><U11/><E11/><V26/><F26/><AGARI ba="0,1" hai="18,23,26,48,49,50,63,66,71,84,87,90,95,98" machi="26" ten="40,2600,0" yaku="1,1,2,1,53,0" doraHai="118" doraHaiUra="115" who="3" fromWho="2" sc="250,0,250,0,250,-26,240,36" /><INIT seed="1,0,0,2,1,124" ten="250,250,224,276" oya="1" hai0="96,86,47,110,16,3,88,27,104,111,53,32,67" hai1="30,90,20,33,133,85,100,66,35,93,23,75,17" hai2="82,115,70,62,95,91,22,37,49,34,64,46,55" hai3="59,56,4,18,10,43,2,109,58,73,54,112,11"/><U99/><E133/><V76/><F115/><W103/><G112/><T15/><D3/><U78/><E66/><V44/><F34/><W81/><G109/><T92/><D67/><U57/><E57/><V69/><F22/><W24/><G43/><T8/><D32/><U65/><E65/><V68/><F46/><W42/><G103/><T121/><D121/><U127/><E127/><V14/><F14/><W52/><G42/><T51/><D27/><N who="1" m="18655" /><E17/><V19/><F19/><W12/><REACH who="3" step="1"/><G24/><REACH who="3" ten="250,250,224,266" step="2"/><T6/><D104/><N who="1" m="63519" /><E35/><V119/><F37/><W126/><G126/><T72/><D72/><U31/><E31/><V21/><F69/><W50/><G50/><T113/><D113/><U98/><E98/><V36/><F70/><W77/><AGARI ba="0,1" hai="2,4,10,11,12,18,52,54,56,58,59,73,77,81" machi="77" ten="30,4000,0" yaku="1,1,0,1,54,1,53,0" doraHai="124" doraHaiUra="117" who="3" fromWho="3" sc="250,-10,250,-20,224,-10,266,50" /><INIT seed="2,0,0,4,1,110" ten="240,230,214,316" oya="2" hai0="114,73,30,112,5,121,77,125,7,126,88,0,29" hai1="119,24,27,100,45,16,65,130,75,50,120,22,32" hai2="23,118,41,90,93,12,95,104,68,60,122,107,39" hai3="56,3,103,47,86,8,58,109,35,33,70,106,43"/><V64/><F118/><W124/><G70/><T21/><D77/><U31/><E120/><V96/><F122/><W105/><G109/><T132/><D121/><U97/><E119/><V19/><REACH who="2" step="1"/><F95/><REACH who="2" ten="240,230,204,316" step="2"/><W57/><G106/><T134/><D73/><U76/><E130/><V129/><F129/><W63/><G105/><T66/><D66/><U111/><E111/><V113/><F113/><W82/><G124/><T15/><D0/><U101/><E101/><V69/><F69/><W26/><G103/><T17/><D126/><U91/><E100/><V42/><F42/><W51/><G43/><T10/><D125/><U116/><E116/><V59/><F59/><W46/><G56/><T25/><D30/><U135/><E31/><V53/><F53/><W34/><G57/><T9/><D114/><U78/><E65/><V115/><F115/><W108/><G58/><T92/><D112/><U74/><E45/><AGARI ba="0,1" hai="12,19,23,39,41,45,60,64,68,90,93,96,104,107" machi="45" ten="40,3900,0" yaku="1,1,53,1" doraHai="110" doraHaiUra="11" who="2" fromWho="1" sc="240,0,230,-39,204,49,316,0" /><INIT seed="2,1,0,0,1,84" ten="240,191,253,316" oya="2" hai0="117,98,102,22,3,129,104,77,34,55,107,43,100" hai1="105,75,93,72,68,50,57,79,112,54,81,44,60" hai2="11,90,118,2,17,108,69,64,37,32,128,134,88" hai3="89,109,31,33,87,116,27,110,21,92,49,62,127"/><V9/><F118/><W96/><G116/><T76/><D34/><U51/><E105/><V115/><F115/><W124/><G33/><T6/><D117/><U67/><E112/><V8/><F37/><W5/><G5/><T4/><D3/><U61/><E75/><V65/><F2/><W80/><G49/><T71/><D71/><U35/><E35/><V106/><F106/><W73/><G62/><T91/><D43/><U130/><E130/><V56/><F69/><W41/><G73/><T94/><D129/><U119/><E119/><V133/><F128/><W111/><REACH who="3" step="1"/><G41/><REACH who="3" ten="240,191,253,306" step="2"/><T132/><D6/><U99/><REACH who="1" step="1"/><E44/><REACH who="1" ten="240,181,253,306" step="2"/><V39/><F32/><W38/><G38/><T95/><D104/><U101/><AGARI ba="1,2" hai="50,51,54,57,60,61,67,68,72,79,81,93,99,101" machi="101" ten="20,5200,0" yaku="1,1,2,1,0,1,7,1,53,0" doraHai="84" doraHaiUra="25" who="1" fromWho="1" sc="240,-14,181,75,253,-27,306,-14" /><INIT seed="3,0,0,4,2,21" ten="226,256,226,292" oya="3" hai0="43,44,54,65,96,55,88,104,113,76,106,56,31" hai1="89,94,2,114,102,82,84,135,78,24,0,101,38" hai2="132,75,90,11,58,39,7,33,20,74,103,14,17" hai3="60,62,36,37,134,6,70,86,25,129,16,80,57"/><W93/><G129/><T71/><D113/><U19/><E38/><V98/><F132/><W123/><G123/><T91/><D76/><U51/><E135/><V46/><F33/><W30/><G134/><T42/><D42/><U122/><E122/><V10/><F90/><W125/><G125/><T119/><D119/><U109/><E109/><V15/><F58/><W111/><G111/><T47/><D44/><U34/><E114/><V112/><F112/><W49/><G6/><T8/><D8/><U124/><E124/><V26/><F46/><W107/><G107/><T128/><D128/><U67/><E67/><V48/><F48/><W87/><G70/><T108/><D108/><U120/><E120/><V45/><F45/><W121/><G49/><T5/><D5/><U1/><E51/><V18/><REACH who="2" step="1"/><F39/><REACH who="2" ten="226,256,216,292" step="2"/><W63/><G57/><T116/><D56/><U83/><E89/><V41/><F41/><W118/><G37/><T115/><D116/><U27/><E78/><V40/><F40/><W110/><G118/><T127/><D115/><U131/><E131/><V95/><AGARI ba="0,1" hai="7,10,11,14,15,17,18,20,26,74,75,95,98,103" machi="95" ten="20,8000,1" yaku="1,1,0,1,7,1,52,1,53,1" doraHai="21" doraHaiUra="3" who="2" fromWho="2" sc="226,-20,256,-20,216,90,292,-40" owari="206,-29.4,236,-16.4,306,40.6,252,5.2" /></mjloggm>