<mjloggm ver="2.3"><GO type="225" lobby="0"/><UN n0="%E4%BF%BA%E3%81%A8%E5%A6%96%E5%A4%A2" n1="%E5%8D%A0%E3%81%84%E5%B8%AB%E8%A3%8F%E3%81%AA%E3%81%84%E3%81%97" n2="%E5%A4%9C%E5%85%89%E5%A4%A9%E6%A5%BC" n3="%33%74%72%65%65" dan="17,17,17,16" rate="2197.01,2187.80,2151.99,2205.35" sx="F,M,M,F"/><TAIKYOKU oya="0"/><INIT seed="0,0,0,1,0,73" ten="250,250,250,250" oya="0" hai0="19,44,9,28,40,20,110,61,82,37,21,51,118" hai1="109,100,53,23,22,43,88,105,135,78,63,56,91" hai2="89,133,75,93,5,64,62,106,3,7,96,47,112" hai3="90,66,54,76,30,60,99,50,80,95,123,4,58"/><T127/><D118/><U8/><E109/><V132/><F112/><W131/><G131/><T97/><D110/><U122/><E122/><V38/><F75/><W101/><G123/><T83/><D127/><U65/><E135/><N who="2" m="51787" /><F3/><W124/><G124/><T10/><D61/><U74/><E43/><N who="2" m="23031" /><F106/><W48/><G4/><T102/><D37/><U126/><E126/><V57/><AGARI ba="0,0" hai="5,7,57,62,64,89,93,96" m="23031,51787" machi="57" ten="30,1100,0" yaku="20,1" doraHai="73" who="2" fromWho="2" sc="250,-5,250,-3,250,11,250,-3" /><INIT seed="1,0,0,1,1,85" ten="245,247,261,247" oya="1" hai0="92,60,96,41,86,72,70,114,13,112,15,95,63" hai1="5,74,11,9,123,14,81,48,113,83,127,10,56" hai2="66,42,1,75,46,51,131,130,101,135,79,4,30" hai3="98,67,76,49,27,58,62,21,82,99,104,26,16"/><U84/><E113/><V57/><F135/><W68/><G104/><T6/><D72/><U116/><E116/><V59/><F101/><W18/><G68/><T0/><D0/><U40/><E123/><V34/><F79/><W32/><G49/><T31/><D41/><U7/><E127/><V88/><F75/><W8/><G32/><T45/><D45/><N who="1" m="25639" /><E74/><V103/><F103/><W28/><G8/><N who="1" m="3178" /><E56/><V50/><F4/><N who="1" m="1609" /><E84/><V73/><F1/><W38/><G38/><T54/><D86/><U119/><E119/><V65/><F73/><W22/><G28/><T17/><D6/><AGARI ba="0,0" hai="6,11,14,81,83" m="1609,3178,25639" machi="6" ten="30,1500,0" yaku="8,1" doraHai="85" who="1" fromWho="0" sc="245,-15,247,15,261,0,247,0" /><INIT seed="1,1,0,0,5,52" ten="230,262,261,247" oya="1" hai0="131,16,34,66,84,132,11,62,15,19,25,32,130" hai1="118,29,134,108,95,99,83,93,67,114,87,89,68" hai2="24,4,100,21,2,0,3,63,98,40,94,82,122" hai3="75,17,116,128,91,111,61,127,22,71,60,107,38"/><U50/><E114/><V13/><F122/><W35/><RYUUKYOKU type="yao9" ba="1,0" sc="230,0,262,0,261,0,247,0" hai3="17,22,35,38,60,61,71,75,91,107,111,116,127,128" /><INIT seed="1,2,0,2,1,32" ten="230,262,261,247" oya="1" hai0="91,14,7,0,125,30,68,90,97,86,39,128,105" hai1="124,127,8,106,117,84,51,107,75,13,26,87,113" hai2="29,15,63,66,10,83,27,19,81,25,96,94,22" hai3="36,45,73,78,47,17,126,37,54,120,24,48,11"/><U118/><E51/><V42/><F42/><W38/><G120/><T62/><D39/><U65/><E65/><V72/><F27/><W101/><G126/><N who="1" m="48170" /><E26/><V116/><F72/><W49/><G101/><T100/><D125/><U108/><E75/><V21/><F10/><W35/><G38/><T89/><D128/><U50/><E50/><V60/><F116/><N who="1" m="44649" /><E113/><V80/><REACH who="2" step="1"/><F66/><REACH who="2" ten="230,262,251,247" step="2"/><W28/><G24/><T131/><D131/><U130/><E130/><V93/><F93/><W115/><G115/><T3/><D30/><U102/><E108/><V111/><F111/><W74/><G28/><T9/><D68/><U95/><E95/><V79/><F79/><W46/><G78/><T61/><REACH who="0" step="1"/><D86/><REACH who="0" ten="220,262,251,247" step="2"/><U57/><E84/><V12/><F12/><W6/><G74/><T4/><D4/><U85/><E87/><V44/><F44/><W43/><G47/><T135/><D135/><U56/><E85/><V92/><F92/><W121/><G46/><T16/><D16/><N who="1" m="8231" /><E107/><V34/><F34/><W69/><G35/><T134/><D134/><U82/><E82/><V99/><F99/><AGARI ba="2,2" hai="56,57,99,102,106" m="8231,44649,48170" machi="99" ten="30,2900,0" yaku="18,1,54,1" doraHai="32" who="1" fromWho="2" sc="220,0,262,55,251,-35,247,0" /><INIT seed="1,3,0,4,1,18" ten="220,317,216,247" oya="1" hai0="118,50,15,25,35,19,101,13,130,26,7,91,36" hai1="92,82,20,58,2,17,112,29,128,121,71,44,16" hai2="72,21,11,30,87,123,57,32,4,103,59,56,74" hai3="40,0,113,125,129,119,80,104,45,94,75,14,69"/><U116/><E112/><V110/><F123/><W126/><G0/><T55/><D118/><U117/><E71/><V68/><F68/><W37/><G113/><T84/><D36/><U77/><E2/><V102/><F110/><W120/><G120/><T33/><D101/><N who="2" m="38410" /><F32/><W53/><G104/><T95/><D130/><U96/><E121/><V10/><F72/><W27/><G129/><T46/><D33/><U70/><E70/><V107/><F74/><W134/><G69/><T76/><D35/><U43/><E128/><V9/><F107/><W28/><G119/><T34/><D34/><U67/><E116/><V109/><F109/><W79/><G94/><T5/><D76/><U97/><E92/><V31/><F4/><N who="0" m="1610" /><D13/><U65/><E65/><V111/><F111/><W48/><G14/><T38/><D38/><U8/><E117/><V6/><F6/><W85/><G75/><T86/><D86/><U23/><E97/><V124/><F87/><W105/><G105/><T62/><D62/><U89/><E96/><V114/><F114/><W63/><G63/><T135/><D135/><U24/><E77/><V54/><F124/><W42/><G134/><T73/><D73/><U108/><E108/><V47/><F21/><AGARI ba="3,0" hai="15,19,21,25,26,46,50,55,84,91,95" m="1610" machi="21" ten="30,2000,0" yaku="8,1,52,1" doraHai="18" who="0" fromWho="2" sc="220,29,317,0,216,-29,247,0" /><INIT seed="2,0,0,0,2,26" ten="249,317,187,247" oya="2" hai0="34,96,33,89,23,64,47,13,66,8,3,56,98" hai1="134,97,113,109,122,40,2,45,114,133,60,105,29" hai2="132,55,118,37,14,110,129,61,7,74,119,67,25" hai3="125,63,58,59,131,48,73,103,17,126,115,27,6"/><V72/><F37/><W86/><G73/><T123/><D123/><U84/><E122/><V79/><F129/><W120/><G120/><T128/><D3/><U95/><E109/><V57/><F132/><N who="1" m="50793" /><E2/><V32/><F110/><W0/><G131/><T20/><D33/><U80/><E60/><V92/><F74/><W35/><G103/><T62/><D34/><U46/><E29/><V16/><F7/><W100/><G6/><T83/><D66/><U1/><E1/><V4/><F4/><W53/><G0/><T107/><D47/><N who="1" m="17931" /><E105/><V10/><F92/><W5/><G35/><T106/><D106/><U52/><E52/><V12/><F12/><W31/><G31/><T82/><D82/><U41/><E41/><V44/><F44/><W112/><G53/><T93/><D83/><U65/><E65/><V127/><F127/><W104/><G126/><T15/><D15/><U88/><E40/><V38/><F38/><W22/><G125/><T117/><D128/><U68/><E68/><V50/><F32/><W101/><G104/><T94/><D107/><U111/><E111/><V78/><F25/><W28/><G27/><T42/><D42/><U76/><AGARI ba="0,0" hai="76,80,84,88,95,97,113,114" m="17931,50793" machi="76" ten="30,2000,0" yaku="20,1,54,1" doraHai="26" who="1" fromWho="1" sc="249,-5,317,20,187,-10,247,-5" /><INIT seed="3,0,0,5,0,40" ten="244,337,177,242" oya="3" hai0="6,68,9,110,103,2,132,83,84,51,91,116,14" hai1="111,85,86,45,105,109,55,21,75,127,67,7,22" hai2="82,13,115,58,50,98,130,34,97,25,65,89,131" hai3="10,63,24,26,69,134,80,88,53,46,92,8,81"/><W114/><G69/><T23/><D116/><U128/><E75/><V135/><F115/><W54/><G134/><T31/><D68/><U118/><E127/><V73/><F135/><W124/><G124/><T16/><D132/><U43/><E105/><V11/><F34/><W129/><G129/><T79/><D110/><N who="1" m="41995" /><E118/><V66/><F25/><W93/><G63/><T133/><D133/><U15/><E67/><V107/><F107/><W122/><G122/><T29/><D103/><U27/><E55/><V87/><F73/><W12/><G12/><T125/><D125/><U41/><E41/><V100/><F130/><W101/><G101/><T30/><D51/><N who="1" m="27071" /><E128/><V57/><F131/><W78/><G78/><T90/><AGARI ba="0,0" hai="2,6,9,14,16,23,29,30,31,79,83,84,90,91" machi="90" ten="30,2000,0" yaku="0,1,54,1" doraHai="40" who="0" fromWho="0" sc="244,20,337,-5,177,-5,242,-10" owari="264,6.4,332,43.2,172,-32.8,232,-16.8" /></mjloggm>