<mjloggm ver="2.3"><GO type="225" lobby="0"/><UN n0="%77%72%77%72%77%72%77%72" n1="%E9%B3%B3%E6%9D%B1%E3%81%AE%E3%81%86%E3%81%95%E3%81%8E%E3%81%95%E3%82%93" n2="%E7%AD%89%E3%80%85%E5%8A%9B%E5%8A%87%E5%A0%B4" n3="%E6%B4%BE%E9%81%A3%E3%81%AE%E3%82%B8%E3%83%A3%E3%83%83%E3%82%AF" dan="16,17,16,16" rate="2088.17,2241.48,2130.33,2150.48" sx="M,M,M,M"/><TAIKYOKU oya="0"/><INIT seed="0,0,0,3,4,129" ten="250,250,250,250" oya="0" hai0="95,66,126,56,21,26,61,0,79,14,120,17,53" hai1="50,131,106,46,27,4,109,20,102,31,68,77,73" hai2="52,41,19,13,84,101,70,8,16,112,30,127,93" hai3="9,108,119,116,1,104,122,51,115,43,97,64,125"/><T7/><D126/><U57/><E131/><V10/><F112/><W123/><G115/><T62/><D120/><N who="3" m="46121" /><G108/><T124/><D124/><U114/><E68/><V3/><F127/><W92/><G104/><T2/><D79/><U69/><E69/><V71/><F41/><W15/><G1/><T22/><D95/><U44/><E114/><V5/><F30/><W130/><G130/><T37/><D37/><U98/><E109/><V6/><F71/><W75/><G75/><T76/><D76/><U33/><E4/><V28/><F70/><W134/><G64/><T23/><D7/><U40/><E57/><V86/><F28/><W82/><G82/><T54/><D22/><U118/><E118/><V117/><F117/><W128/><G128/><T90/><D90/><U12/><E46/><V100/><F3/><W121/><G125/><T89/><D89/><U60/><E60/><V83/><F83/><W58/><N who="3" m="46129" /><W18/><DORA hai="99" /><G134/><T110/><D110/><U74/><REACH who="1" step="1"/><E77/><REACH who="1" ten="250,240,250,250" step="2"/><V65/><F5/><W94/><G58/><N who="0" m="35023" /><D0/><U81/><E81/><V105/><F6/><W45/><G92/><T29/><D2/><U63/><E63/><V35/><F93/><W103/><AGARI ba="0,1" hai="9,15,18,43,45,51,94,97,103,116,119" m="46129" machi="103" ten="40,2700,0" yaku="13,1,52,1" doraHai="129,99" who="3" fromWho="3" sc="250,-13,240,-7,250,-7,250,37" /><INIT seed="1,0,0,0,3,43" ten="237,233,243,287" oya="1" hai0="12,39,115,27,71,4,66,14,30,21,46,47,20" hai1="2,126,124,106,8,29,91,35,17,31,93,64,114" hai2="40,22,121,85,6,123,1,51,38,95,61,44,130" hai3="81,24,109,19,86,97,102,122,87,55,60,98,58"/><U83/><E106/><V11/><F130/><W127/><G109/><T129/><D115/><U101/><E114/><V37/><F22/><N who="3" m="13407" /><G127/><N who="1" m="48682" /><E35/><V133/><F133/><W128/><G128/><T82/><D129/><U32/><E32/><V79/><F61/><W56/><G122/><T48/><D39/><U13/><E64/><V99/><F38/><W100/><G58/><T107/><D107/><U54/><E2/><V52/><F85/><N who="3" m="32267" /><G81/><T70/><D82/><U96/><E83/><V26/><F26/><W23/><G23/><T5/><D27/><U53/><E91/><V113/><F79/><W15/><G15/><T10/><D66/><U77/><E77/><V63/><F113/><W104/><G104/><T36/><D10/><U74/><E74/><V69/><F69/><W42/><G42/><T16/><D36/><U73/><E73/><V125/><F125/><W92/><G98/><T57/><D71/><U131/><E131/><V105/><F105/><W75/><G75/><T119/><D70/><U3/><E3/><V117/><F117/><W116/><G116/><T49/><D119/><U68/><E68/><V18/><F123/><W9/><G9/><T132/><D132/><U94/><E94/><V80/><F80/><W67/><G67/><T103/><D30/><AGARI ba="0,0" hai="8,13,17,29,30,31,53,54,93,96,101" m="48682" machi="30" ten="30,1500,0" yaku="18,1" doraHai="43" who="1" fromWho="0" sc="237,-15,233,15,243,0,287,0" /><INIT seed="1,1,0,0,4,86" ten="222,248,243,287" oya="1" hai0="16,68,118,12,60,108,49,51,7,21,44,119,63" hai1="26,28,15,87,66,50,41,55,112,122,81,52,5" hai2="102,37,131,82,0,84,9,53,97,128,33,103,124" hai3="29,64,77,23,94,130,27,22,46,8,123,59,31"/><U73/><E112/><V121/><F121/><W36/><G123/><T2/><D108/><U114/><E114/><V18/><F37/><W83/><G130/><T40/><D68/><U133/><E133/><V48/><F33/><W100/><G8/><T132/><D132/><U20/><E73/><V101/><F124/><W13/><G36/><T58/><D2/><U65/><E122/><V35/><F35/><W76/><G46/><T110/><D110/><U135/><E41/><V93/><F131/><W62/><G83/><T67/><D7/><U109/><E109/><V17/><F128/><W6/><G6/><T99/><D49/><U42/><E42/><V127/><F127/><W117/><G117/><T105/><REACH who="0" step="1"/><D60/><REACH who="0" ten="212,248,243,287" step="2"/><U96/><E135/><V113/><F113/><W1/><G1/><T116/><D116/><U30/><E50/><V120/><F120/><W111/><G111/><T56/><D56/><U115/><E115/><V24/><F0/><W79/><G59/><T134/><D134/><U80/><E5/><V106/><F48/><W89/><G62/><T107/><D107/><U3/><E3/><V54/><F106/><W88/><G64/><T39/><D39/><U98/><E65/><V4/><F4/><W129/><G129/><T61/><D61/><U45/><E66/><V78/><F54/><W104/><G104/><T32/><D32/><U47/><E52/><V38/><F53/><W10/><G29/><T19/><D19/><U125/><E125/><V43/><F43/><W91/><G31/><T74/><D74/><U95/><E55/><V14/><F38/><RYUUKYOKU ba="1,1" sc="212,15,248,-15,243,15,287,-15" hai0="12,16,21,40,44,51,58,63,67,99,105,118,119" hai2="9,14,17,18,24,78,82,84,93,97,101,102,103" /><INIT seed="2,2,1,3,4,36" ten="227,233,258,272" oya="2" hai0="49,20,1,23,15,11,39,32,113,109,75,27,102" hai1="56,117,24,87,91,84,127,68,112,128,26,67,63" hai2="43,114,55,105,18,12,83,121,2,88,81,98,107" hai3="133,120,122,93,97,60,129,90,71,62,64,3,8"/><V126/><F114/><W10/><G129/><T69/><D39/><U77/><E117/><V118/><F121/><W76/><G133/><T100/><D113/><U54/><E112/><V73/><F118/><W19/><G76/><T51/><D69/><U13/><E128/><V104/><F2/><W74/><G74/><T42/><D75/><U6/><E127/><V72/><F126/><W31/><G31/><T79/><D109/><U94/><E6/><V34/><F34/><W46/><G46/><N who="0" m="25815" /><D32/><U132/><E132/><V123/><F123/><W92/><G62/><T135/><D1/><U61/><REACH who="1" step="1"/><E13/><REACH who="1" ten="227,223,258,272" step="2"/><V86/><F12/><W9/><G120/><T44/><D135/><U66/><E66/><V33/><F73/><W116/><G122/><T82/><D15/><U30/><E30/><V80/><F72/><W45/><G116/><T14/><D14/><U58/><E58/><V65/><F65/><W134/><G134/><T110/><D110/><U125/><E125/><V103/><F18/><W25/><G3/><T52/><D11/><U7/><E7/><V17/><F17/><W50/><G19/><N who="0" m="12703" /><D23/><U0/><E0/><V119/><F119/><W35/><G35/><T78/><D78/><U70/><E70/><V130/><F33/><W106/><G25/><T96/><D96/><U29/><E29/><V53/><F130/><W22/><G22/><T28/><D28/><U124/><E124/><V16/><F16/><W4/><G4/><T21/><D21/><U38/><E38/><V59/><F98/><W95/><G97/><T47/><D47/><U5/><E5/><RYUUKYOKU ba="2,2" sc="227,15,223,15,258,-15,272,-15" hai0="44,51,52,79,82,100,102" hai1="24,26,54,56,61,63,67,68,77,84,87,91,94" /><INIT seed="3,3,2,5,4,32" ten="242,238,243,257" oya="3" hai0="63,125,76,87,67,55,134,58,29,85,57,37,102" hai1="54,104,77,39,64,36,98,96,26,44,126,129,132" hai2="118,120,15,80,16,135,106,99,33,78,59,34,92" hai3="38,89,97,74,14,122,84,90,109,72,21,11,116"/><W17/><G116/><T12/><D37/><U22/><E64/><V49/><F135/><W6/><G38/><T119/><D119/><U2/><E2/><V9/><F106/><W1/><G122/><T35/><D134/><U19/><E132/><V123/><F118/><W115/><G115/><T23/><D35/><U70/><E70/><V66/><F34/><W51/><G109/><T82/><D125/><U117/><E117/><V83/><F33/><W113/><G113/><T45/><D102/><U75/><E126/><V10/><F10/><W93/><G51/><N who="0" m="29167" /><D87/><U0/><E0/><V111/><F111/><W88/><G89/><T81/><D81/><AGARI ba="3,2" hai="1,6,11,14,17,21,72,74,81,84,88,90,93,97" machi="81" ten="30,5800,0" yaku="7,1,52,1,54,1" doraHai="32" who="3" fromWho="0" sc="242,-67,238,0,243,0,257,87" owari="175,-32.5,238,-16.2,243,4.3,344,44.4" /></mjloggm>