<mjloggm ver="2.3"><GO type="225" lobby="0"/><UN n0="%E3%81%9F%E3%81%8B%E3%81%AE%E3%81%99%E3%81%91" n1="%E5%8D%A0%E3%81%84%E5%B8%AB%E8%A3%8F%E3%81%AA%E3%81%84%E3%81%97" n2="%E5%A4%9C%E3%81%AE%E3%82%AC%E3%82%B9%E3%83%91%E3%83%BC%E3%83%AB" n3="%72%69%6F%75%63%68%61%6E" dan="17,17,16,16" rate="2125.30,2203.45,2137.88,2127.43" sx="M,M,M,M"/><TAIKYOKU oya="0"/><INIT seed="0,0,0,5,5,26" ten="250,250,250,250" oya="0" hai0="58,88,17,69,68,109,31,96,111,45,77,48,117" hai1="92,30,2,28,70,55,22,71,128,63,132,56,36" hai2="18,23,123,29,114,62,91,118,65,15,46,5,133" hai3="50,97,66,43,90,85,8,129,73,89,0,110,39"/><T108/><D117/><U107/><E107/><V81/><F114/><W53/><G110/><T80/><D58/><U104/><E104/><V76/><F123/><W102/><G129/><T3/><D3/><U75/><E2/><V41/><F118/><W42/><G73/><N who="0" m="43055" /><D17/><U24/><E128/><V16/><F133/><W103/><G66/><T127/><D127/><U27/><E132/><V40/><F91/><W115/><G115/><T83/><D31/><U6/><E75/><V13/><F5/><W32/><G32/><T44/><D44/><U79/><E79/><V131/><F131/><W35/><G35/><T99/><D99/><U74/><E74/><V125/><F125/><W21/><G21/><T57/><D57/><U124/><E124/><V113/><F113/><W37/><G0/><T20/><D20/><U122/><E122/><V11/><F29/><W106/><G8/><T9/><D9/><U49/><E36/><V59/><REACH who="2" step="1"/><F46/><REACH who="2" ten="250,250,240,250" step="2"/><W33/><G90/><T101/><D101/><U119/><E119/><V130/><F130/><W87/><G102/><T38/><D38/><U126/><E126/><V95/><F95/><W25/><G89/><T93/><D83/><U116/><E116/><V112/><F112/><W134/><G134/><T14/><D14/><U1/><E92/><V84/><AGARI ba="0,1" hai="11,13,15,16,18,23,40,41,59,62,65,76,81,84" machi="84" ten="20,12000,2" yaku="1,1,0,1,7,1,8,1,54,1,53,2" doraHai="26" doraHaiUra="10" who="2" fromWho="2" sc="250,-60,250,-30,240,130,250,-30" /><INIT seed="1,0,0,5,1,34" ten="190,220,370,220" oya="1" hai0="47,18,111,124,106,5,77,69,8,114,59,28,37" hai1="85,40,24,78,62,61,49,64,98,84,115,130,20" hai2="104,36,57,125,39,42,33,51,112,55,127,65,110" hai3="131,38,26,96,3,113,7,63,109,88,50,25,75"/><U99/><E115/><V118/><F104/><W135/><G113/><T129/><D69/><U74/><E74/><V66/><F33/><W79/><G38/><N who="2" m="14377" /><F112/><W31/><G109/><T30/><D114/><U16/><E130/><V13/><F118/><W54/><G135/><T21/><D106/><U128/><E128/><V133/><F13/><W95/><G131/><T83/><D129/><U32/><E32/><V122/><F122/><W27/><G63/><N who="1" m="24074" /><E64/><N who="2" m="24683" /><F110/><W29/><G79/><T10/><D59/><U70/><E70/><V123/><F123/><W41/><G41/><T1/><D10/><U116/><E116/><V14/><F14/><W94/><G75/><N who="0" m="43455" /><D124/><U72/><E72/><V107/><F107/><W121/><G121/><T82/><D82/><N who="1" m="47191" /><E85/><V108/><F108/><W46/><REACH who="3" step="1"/><G95/><REACH who="3" ten="190,220,370,210" step="2"/><T22/><D111/><U44/><AGARI ba="0,1" hai="16,20,24,40,44,49,98,99" m="47191,24074" machi="44" ten="30,3000,0" yaku="8,1,54,1" doraHai="34" who="1" fromWho="1" sc="190,-10,220,40,370,-10,210,-10" /><INIT seed="1,1,0,1,2,124" ten="180,260,360,200" oya="1" hai0="100,23,8,59,94,133,60,78,20,135,12,123,74" hai1="3,119,70,34,45,75,87,51,53,5,121,69,46" hai2="9,62,112,16,98,44,2,120,130,79,88,80,102" hai3="126,128,96,11,114,57,77,127,38,81,63,125,66"/><U116/><E75/><V106/><F130/><W109/><G109/><T115/><D123/><U47/><E34/><V14/><F112/><W43/><G114/><T17/><D115/><U18/><E18/><V50/><F2/><W90/><G128/><T91/><D100/><U72/><E72/><V111/><F111/><W25/><G11/><T83/><D8/><U117/><E87/><V55/><F62/><W101/><G43/><T89/><D20/><U35/><E35/><V71/><F71/><N who="1" m="27145" /><E5/><V95/><F120/><W105/><G38/><T85/><REACH who="0" step="1"/><D91/><REACH who="0" ten="170,260,360,200" step="2"/><U42/><E121/><V15/><F88/><W40/><G90/><T6/><D6/><U108/><E108/><V103/><F103/><W129/><G129/><T65/><AGARI ba="1,1" hai="12,17,23,59,60,65,74,78,83,85,89,94,133,135" machi="65" ten="30,2000,0" yaku="1,1,0,1,53,0" doraHai="124" doraHaiUra="93" who="0" fromWho="0" sc="170,33,260,-11,360,-6,200,-6" /><INIT seed="2,0,0,4,2,75" ten="203,249,354,194" oya="2" hai0="0,129,97,43,39,121,42,14,24,58,91,46,64" hai1="7,19,99,109,51,134,98,55,26,81,32,53,73" hai2="72,114,59,86,118,74,95,79,35,17,37,61,4" hai3="130,135,20,102,33,36,132,27,60,69,89,115,52"/><V67/><F114/><W66/><G130/><T31/><D0/><U49/><E109/><V94/><F118/><W54/><G115/><T68/><D121/><U108/><E108/><V22/><F35/><W87/><G36/><T93/><D129/><U122/><E7/><V77/><F37/><W23/><G102/><T82/><D68/><U123/><E32/><V111/><F111/><W10/><G33/><T110/><D110/><U57/><E134/><N who="3" m="51242" /><G10/><T80/><D42/><U38/><E38/><V15/><F74/><W18/><G20/><T126/><D126/><U105/><E105/><V116/><F72/><W131/><G131/><T92/><D14/><U71/><E26/><V48/><F116/><W25/><G25/><T88/><D58/><U45/><E71/><V84/><F48/><W44/><G44/><T76/><D64/><U133/><E133/><V119/><F119/><W127/><G127/><T1/><D1/><U56/><E45/><V28/><F28/><W41/><G41/><T5/><D5/><U125/><E125/><V78/><F4/><W101/><G101/><T12/><D12/><U29/><E29/><V70/><F70/><W11/><G11/><T63/><D24/><U90/><E19/><V50/><F50/><W83/><AGARI ba="0,0" hai="18,23,27,52,54,60,66,69,83,87,89" m="51242" machi="83" ten="30,2000,0" yaku="20,1,54,1" doraHai="75" who="3" fromWho="3" sc="203,-5,249,-5,354,-10,194,20" /><INIT seed="3,0,0,1,5,88" ten="198,244,344,214" oya="3" hai0="2,110,53,38,28,56,130,86,111,122,16,68,113" hai1="90,92,32,106,35,81,46,27,55,118,19,41,80" hai2="3,54,131,82,108,98,114,11,13,10,128,123,17" hai3="107,70,135,79,94,116,43,47,99,26,124,112,73"/><W45/><G112/><T134/><D68/><U126/><E106/><V39/><F39/><W36/><G116/><T7/><D122/><U40/><E118/><V67/><F67/><W69/><G124/><T109/><D113/><U95/><E126/><V58/><F114/><W5/><G135/><T25/><D134/><U129/><E129/><V120/><F108/><W115/><G115/><T12/><D130/><N who="2" m="49706" /><F82/><N who="3" m="45423" /><G26/><T133/><D133/><U37/><E27/><V63/><F98/><W59/><G59/><T57/><D38/><U33/><E37/><V18/><F18/><W29/><G47/><T0/><D86/><U48/><E19/><V100/><F100/><N who="3" m="62879" /><G29/><T93/><D93/><U24/><E95/><V15/><F3/><N who="0" m="1066" /><D7/><U78/><E78/><V66/><F66/><W30/><G30/><T23/><D53/><U103/><E55/><V34/><F54/><W121/><G121/><T75/><D75/><U65/><E65/><V125/><F125/><W117/><G117/><T101/><D101/><U9/><E103/><V50/><F58/><W119/><G119/><T104/><D104/><U60/><E46/><V52/><F52/><W132/><G132/><T74/><D74/><U89/><E48/><V49/><F123/><W6/><G94/><T71/><D71/><N who="3" m="27145" /><G5/><T61/><D61/><U64/><E92/><V42/><F63/><W87/><G6/><T1/><D1/><U91/><E60/><V20/><F120/><W76/><G76/><T62/><D62/><U105/><E64/><V83/><F50/><W84/><G36/><T85/><D85/><N who="1" m="50343" /><E105/><V51/><F49/><RYUUKYOKU ba="0,0" sc="198,15,244,-15,344,-15,214,15" hai0="12,16,23,25,28,56,57,109,110,111" hai3="43,45,84,87" /><INIT seed="3,1,0,0,5,111" ten="213,229,329,229" oya="3" hai0="20,80,74,106,29,88,36,28,49,70,133,41,135" hai1="14,94,38,18,83,104,91,19,92,9,93,103,32" hai2="113,11,86,128,5,118,13,56,108,124,39,67,72" hai3="60,127,8,10,54,112,3,65,26,40,96,21,4"/><W34/><G112/><T17/><D106/><U23/><E32/><V7/><F118/><W107/><G127/><T101/><D101/><U2/><E104/><V129/><F113/><W12/><G40/><T105/><D105/><U85/><E38/><V100/><F72/><W53/><G34/><T110/><D110/><U126/><E126/><V62/><F108/><W59/><G107/><T57/><D36/><U22/><E2/><V46/><F100/><W109/><G109/><T78/><D70/><U0/><E0/><V24/><F124/><W43/><G43/><T131/><D131/><U6/><E103/><V30/><F86/><W122/><G96/><T77/><D77/><U95/><N who="1" m="23552" /><DORA hai="75" /><U73/><E73/><V47/><F7/><W27/><G122/><T134/><D88/><U25/><REACH who="1" step="1"/><E23/><REACH who="1" ten="213,219,329,229" step="2"/><N who="2" m="15647" /><F39/><W90/><G21/><T117/><D117/><U119/><E119/><V89/><F128/><W61/><G90/><T35/><D35/><U31/><AGARI ba="1,1" hai="6,9,14,18,19,22,25,31,83,85,91" m="23552" machi="31" ten="40,8000,1" yaku="1,1,0,1,8,1,53,1" doraHai="111,75" doraHaiUra="87,63" who="1" fromWho="1" sc="213,-21,219,93,329,-21,229,-41" owari="192,-20.8,312,41.2,308,10.8,188,-31.2" /></mjloggm>