<mjloggm ver="2.3"><GO type="225" lobby="0"/><UN n0="%4E%6F%2E%30%30%30%31" n1="%E8%90%BD%E6%97%A5" n2="%E3%82%A2%E3%83%9E%E3%83%9D%EF%BD%9E%EF%BD%9E%E3%83%A9" n3="%E9%8A%80%E3%81%B0%E3%81%95%E3%81%BF" dan="18,19,17,17" rate="2232.17,2228.76,2224.64,2236.08" sx="M,F,M,M"/><TAIKYOKU oya="0"/><INIT seed="0,0,0,1,1,16" ten="250,250,250,250" oya="0" hai0="99,57,119,60,27,133,49,53,29,126,38,19,95" hai1="106,13,94,74,111,18,55,36,25,85,105,42,61" hai2="117,118,31,41,11,97,87,115,63,83,135,68,8" hai3="104,113,72,54,96,30,26,32,14,129,98,46,44"/><T7/><D119/><N who="2" m="45578" /><F135/><W103/><G113/><T4/><D38/><U88/><E74/><V114/><F97/><W64/><G72/><T78/><D133/><U102/><E111/><V81/><F41/><W24/><G129/><T131/><D131/><U56/><E102/><V134/><F31/><W17/><G26/><T37/><D37/><U79/><E25/><V76/><F134/><W107/><G54/><T45/><D78/><U23/><REACH who="1" step="1"/><E79/><REACH who="1" ten="250,240,250,250" step="2"/><V35/><F115/><W84/><G103/><T51/><D126/><U66/><E66/><N who="2" m="41055" /><F114/><W21/><G64/><T40/><D60/><U43/><E43/><V123/><F123/><W20/><G107/><T12/><D27/><U112/><E112/><V75/><F35/><W62/><G104/><T70/><D29/><U39/><E39/><V89/><AGARI ba="0,1" hai="8,11,75,76,81,83,87,89" m="41055,45578" machi="89" ten="30,1100,0" yaku="12,1" doraHai="16" who="2" fromWho="2" sc="250,-5,240,-3,250,21,250,-3" /><INIT seed="1,0,0,1,1,103" ten="245,237,271,247" oya="1" hai0="35,98,104,120,63,85,106,39,60,114,56,41,107" hai1="116,67,51,18,90,54,0,125,133,135,82,16,86" hai2="111,75,72,74,94,115,121,73,124,66,108,3,126" hai3="64,43,55,33,123,119,127,92,10,69,93,88,128"/><U14/><E116/><V15/><F3/><W8/><G123/><T76/><D114/><U24/><E0/><V102/><F121/><W26/><G119/><T21/><D35/><U77/><E125/><N who="2" m="48235" /><F66/><W6/><G127/><T37/><D120/><U129/><E129/><V30/><F30/><W122/><G122/><T11/><D98/><U84/><E67/><V97/><F15/><W28/><G128/><T23/><D11/><U132/><E24/><V45/><F45/><W87/><G43/><T58/><D85/><U91/><E84/><V89/><F115/><W96/><G55/><T68/><D76/><U134/><N who="1" m="33792" /><DORA hai="34" /><U110/><E110/><N who="2" m="42027" /><F72/><W12/><G8/><T109/><D109/><U46/><REACH who="1" step="1"/><E18/><REACH who="1" ten="245,227,271,247" step="2"/><V42/><F73/><W36/><G64/><T79/><D68/><U13/><E13/><V22/><F75/><W52/><G69/><T50/><D79/><U44/><E44/><V113/><F74/><W62/><G12/><T31/><D58/><U80/><E80/><V95/><F113/><W9/><G87/><T83/><D83/><U17/><E17/><V40/><F22/><AGARI ba="0,1" hai="14,16,22,46,51,54,77,82,86,90,91" m="33792" machi="22" ten="70,12000,1" yaku="1,1,20,1,54,1,53,0" doraHai="103,34" doraHaiUra="29,5" who="1" fromWho="2" sc="245,0,227,130,271,-120,247,0" /><INIT seed="1,1,0,4,4,95" ten="245,357,151,247" oya="1" hai0="76,57,56,25,0,106,48,59,118,14,114,49,31" hai1="124,52,78,122,55,54,84,38,80,104,75,40,100" hai2="79,97,73,71,103,112,11,34,91,30,26,35,98" hai3="12,29,132,1,5,110,129,93,41,131,89,77,96"/><U60/><E122/><V101/><F71/><W68/><G68/><T50/><D0/><U3/><E124/><V43/><F112/><W81/><G110/><T128/><D114/><U28/><E3/><V87/><F43/><W105/><G1/><T45/><D118/><U46/><E28/><V15/><F35/><W21/><G132/><T27/><D106/><U127/><E127/><V94/><F73/><W108/><G108/><T109/><D109/><U85/><REACH who="1" step="1"/><E60/><REACH who="1" ten="245,347,151,247" step="2"/><V133/><F133/><W8/><G29/><T117/><D31/><U16/><E16/><V126/><F126/><W82/><G5/><T72/><D117/><U116/><E116/><V7/><REACH who="2" step="1"/><F79/><REACH who="2" ten="245,347,141,247" step="2"/><W70/><G77/><T67/><D76/><U99/><AGARI ba="1,2" hai="38,40,46,52,54,55,75,78,80,84,85,99,100,104" machi="99" ten="30,11700,0" yaku="1,1,0,1,52,1,54,1,53,0" doraHai="95" doraHaiUra="130" who="1" fromWho="1" sc="245,-40,347,140,141,-40,247,-40" /><INIT seed="1,2,0,2,3,12" ten="205,487,101,207" oya="1" hai0="99,125,51,21,122,68,54,70,126,102,66,20,22" hai1="111,46,6,95,49,10,124,112,93,28,133,89,55" hai2="37,33,3,97,98,23,107,105,1,67,108,61,115" hai3="58,77,86,80,36,42,56,84,127,24,101,19,69"/><U43/><E112/><V11/><F33/><W81/><G69/><T114/><D114/><U45/><E124/><N who="0" m="47721" /><D66/><U25/><E133/><V35/><F35/><W5/><G127/><T57/><D122/><U40/><E111/><V44/><F115/><W64/><G5/><T14/><D14/><U75/><E75/><V26/><F108/><W8/><G101/><T90/><D90/><U87/><E93/><AGARI ba="2,0" hai="20,21,22,51,54,57,68,70,93,99,102" m="47721" machi="93" ten="30,1000,0" yaku="18,1" doraHai="12" who="0" fromWho="1" sc="205,16,487,-16,101,0,207,0" /><INIT seed="2,0,0,3,1,106" ten="221,471,101,207" oya="2" hai0="54,59,56,26,129,70,34,117,94,63,3,24,111" hai1="10,89,6,120,77,72,68,84,126,103,116,112,32" hai2="40,55,30,99,108,86,43,118,74,78,1,61,128" hai3="36,105,38,131,37,31,71,93,121,79,96,42,9"/><V80/><F118/><W17/><G121/><T113/><D113/><U75/><E68/><V90/><F128/><W119/><G119/><T41/><D111/><U127/><E32/><V20/><F1/><W73/><G71/><T132/><D117/><U53/><E116/><V67/><F55/><W47/><G105/><T14/><D3/><U64/><E64/><V18/><F30/><W95/><G31/><T133/><D70/><U125/><E112/><V60/><F99/><W88/><G131/><T83/><D41/><U0/><E120/><V101/><F101/><W85/><G73/><N who="1" m="28234" /><E103/><V69/><F61/><W44/><G44/><T107/><D107/><U65/><E65/><V52/><F52/><W62/><G62/><T122/><D122/><U39/><E39/><V97/><F97/><W58/><G58/><T102/><D59/><U135/><E135/><V76/><F108/><W11/><G79/><T27/><D34/><U19/><E19/><V115/><F115/><W100/><REACH who="3" step="1"/><G17/><REACH who="3" ten="221,471,101,197" step="2"/><T109/><D129/><U134/><E77/><V33/><F33/><W82/><G82/><T2/><D83/><U35/><E126/><V81/><REACH who="2" step="1"/><F78/><REACH who="2" ten="221,471,91,197" step="2"/><W87/><G87/><T130/><D130/><U46/><E84/><V45/><F45/><W8/><AGARI ba="0,2" hai="8,9,11,36,37,38,42,47,85,88,93,95,96,100" machi="8" ten="30,4000,0" yaku="1,1,0,1,54,1,53,0" doraHai="106" doraHaiUra="114" who="3" fromWho="3" sc="221,-10,471,-10,91,-20,197,60" /><INIT seed="3,0,0,2,1,33" ten="211,461,71,257" oya="3" hai0="17,116,45,135,13,101,75,108,38,31,127,53,63" hai1="84,68,8,77,112,130,39,124,49,70,20,122,3" hai2="121,56,32,129,71,94,73,117,92,123,87,42,83" hai3="34,79,21,128,119,82,106,115,132,2,41,5,96"/><W114/><G34/><T19/><D75/><U28/><E39/><V134/><F71/><W35/><G35/><T102/><D116/><U88/><E122/><V40/><F32/><W44/><G119/><T11/><D108/><U74/><E74/><V58/><F73/><N who="3" m="43375" /><G21/><T50/><D135/><U66/><E77/><V111/><F129/><W125/><G132/><T97/><D127/><U89/><E124/><V52/><F134/><W0/><G125/><T72/><D72/><U6/><E130/><V1/><F1/><N who="3" m="619" /><G5/><T47/><D31/><U24/><E112/><V43/><F111/><W15/><G15/><T113/><D113/><U18/><E18/><V131/><F131/><W76/><G76/><T95/><D38/><U59/><E89/><V62/><F117/><W93/><G93/><T16/><D45/><U78/><E78/><V100/><F100/><N who="3" m="62727" /><G128/><T10/><D102/><U90/><E90/><V107/><F107/><W51/><G51/><T30/><D30/><U80/><E49/><V37/><F37/><W14/><G14/><T12/><D19/><U61/><AGARI ba="0,0" hai="3,6,8,20,24,28,59,61,66,68,70,80,84,88" machi="61" ten="30,4000,0" yaku="0,1,52,1,54,1" doraHai="33" who="1" fromWho="1" sc="211,-10,461,40,71,-10,257,-20" owari="201,-19.9,501,60.1,61,-43.9,237,3.7" /></mjloggm>