<mjloggm ver="2.3"><GO type="225" lobby="0"/><UN n0="%E3%80%90%E3%83%88%E3%83%AA%E3%83%A5%E3%83%95%E3%80%91" n1="%6C%61%6D%62" n2="%E3%82%A2%E3%83%A1%E3%82%A2%E3%83%A9%E3%83%AC" n3="%E3%81%A4%E3%81%A3%E3%81%B1%E3%82%8A%E3%83%9D%E3%83%BC%E3%83%AB" dan="16,16,16,17" rate="2077.95,2179.76,2110.97,2207.69" sx="M,M,M,M"/><TAIKYOKU oya="0"/><INIT seed="0,0,0,5,2,129" ten="250,250,250,250" oya="0" hai0="130,72,64,105,126,92,15,120,95,74,85,108,133" hai1="41,4,22,48,77,37,26,80,61,90,6,19,58" hai2="96,60,102,2,43,100,104,47,86,17,122,42,59" hai3="114,93,33,125,97,14,70,68,66,35,21,30,134"/><T54/><D64/><U87/><E37/><V39/><F122/><W28/><G114/><T132/><D130/><U27/><E27/><V121/><F121/><W7/><G125/><T8/><D120/><U116/><E116/><V46/><F2/><W94/><G94/><N who="0" m="35883" /><D105/><U83/><E41/><V12/><F100/><W53/><G66/><T0/><D0/><U56/><E48/><V31/><F31/><W103/><G70/><T107/><D107/><U36/><E36/><V78/><F78/><W128/><G68/><T99/><D99/><U52/><REACH who="1" step="1"/><E58/><REACH who="1" ten="250,240,250,250" step="2"/><V23/><F59/><W13/><G128/><T119/><D119/><U88/><E88/><V73/><F60/><W101/><G101/><T44/><D126/><U111/><E111/><V45/><F39/><W112/><G103/><T51/><D108/><U10/><E10/><V32/><F43/><W63/><G97/><T84/><D74/><AGARI ba="0,1" hai="4,6,19,22,26,52,56,61,74,77,80,83,87,90" machi="74" ten="30,7700,0" yaku="1,1,7,1,54,1,53,1" doraHai="129" doraHaiUra="18" who="1" fromWho="0" sc="250,-77,240,87,250,0,250,0" /><INIT seed="1,0,0,0,4,58" ten="173,327,250,250" oya="1" hai0="67,108,34,31,129,20,94,42,100,125,26,56,54" hai1="49,52,133,28,41,57,33,62,118,122,53,123,9" hai2="36,10,112,18,68,22,1,124,88,64,48,21,12" hai3="65,81,39,15,23,127,97,90,60,113,109,14,29"/><U30/><E118/><V106/><F36/><W96/><G113/><T71/><D108/><U103/><E33/><V91/><F106/><W40/><G109/><T11/><D129/><U126/><E126/><V13/><F124/><W5/><G127/><T70/><D125/><U50/><E133/><V63/><F112/><W38/><G40/><T75/><D75/><U116/><E116/><V43/><F1/><W98/><G39/><T82/><D82/><U69/><E103/><V45/><REACH who="2" step="1"/><F22/><REACH who="2" ten="173,327,240,250" step="2"/><W86/><G38/><T4/><D20/><U87/><E123/><V73/><F73/><W83/><G23/><T27/><D27/><U17/><E122/><V132/><F132/><W61/><G15/><T74/><D74/><U114/><E114/><V0/><F0/><W102/><G102/><T47/><D100/><U79/><E30/><V66/><F66/><W105/><G65/><T117/><D67/><U3/><E28/><V115/><F115/><W16/><G29/><T46/><D117/><U120/><E3/><V59/><F59/><W24/><G105/><T134/><D134/><U104/><E57/><V6/><AGARI ba="0,1" hai="6,10,12,13,18,21,43,45,48,63,64,68,88,91" machi="6" ten="20,8000,1" yaku="1,1,0,1,7,1,52,1,54,1,53,0" doraHai="58" doraHaiUra="55" who="2" fromWho="2" sc="173,-20,327,-40,240,90,250,-20" /><INIT seed="2,0,0,5,4,100" ten="153,287,330,230" oya="2" hai0="9,55,73,133,10,31,4,26,27,79,41,28,16" hai1="134,94,109,116,105,110,83,131,54,42,14,77,49" hai2="15,80,38,107,7,71,103,1,53,72,91,57,76" hai3="119,58,126,66,25,44,39,6,75,3,130,48,92"/><V128/><F71/><W34/><G119/><T112/><D41/><U85/><E116/><V13/><F38/><W82/><G130/><T20/><D112/><U89/><E131/><V18/><F128/><W114/><G114/><T22/><D55/><U23/><E42/><V106/><F103/><W120/><G120/><T50/><D50/><U125/><E125/><V68/><F68/><W113/><G113/><T59/><D59/><U56/><E105/><V132/><F1/><W65/><G58/><T8/><D73/><U121/><E121/><V86/><F7/><W93/><G126/><T69/><D79/><U118/><E118/><V115/><F15/><W29/><G65/><T36/><D36/><U30/><E134/><V87/><F72/><W98/><G66/><T101/><D101/><U74/><REACH who="1" step="1"/><E30/><REACH who="1" ten="153,277,330,230" step="2"/><N who="0" m="11305" /><D133/><U61/><E61/><V62/><F132/><W124/><G124/><T2/><D69/><U63/><E63/><V0/><F115/><W123/><G123/><T127/><D127/><U46/><E46/><V51/><F62/><W97/><G44/><T90/><D90/><U52/><E52/><V67/><F106/><W19/><G39/><T70/><D70/><U78/><E78/><V96/><F107/><W84/><G48/><T99/><D99/><U129/><E129/><V24/><F96/><W81/><G98/><T104/><D104/><U135/><E135/><V11/><F51/><W21/><G97/><T32/><D32/><U102/><E102/><V40/><F53/><W64/><G34/><T47/><D47/><U95/><E95/><V17/><F40/><RYUUKYOKU ba="0,1" sc="153,15,277,15,330,-15,230,-15" hai0="2,4,8,9,10,16,20,22,26,27" hai1="14,23,49,54,56,74,77,83,85,89,94,109,110" /><INIT seed="3,1,1,1,4,56" ten="168,292,315,215" oya="3" hai0="108,87,74,94,22,43,61,95,107,13,106,65,68" hai1="5,45,102,100,48,28,27,110,90,134,72,31,104" hai2="17,109,46,133,11,20,49,14,93,85,62,44,35" hai3="73,122,9,47,127,116,97,86,40,99,88,131,41"/><W67/><G73/><T24/><D108/><U113/><E113/><V82/><F109/><W80/><G116/><T132/><D132/><U126/><E72/><V15/><F35/><W83/><G122/><T29/><D74/><U128/><E110/><V115/><F133/><W8/><G131/><T1/><D1/><U4/><E128/><V32/><F32/><W34/><G34/><T30/><D43/><N who="3" m="16457" /><G127/><T39/><D39/><U135/><E126/><V7/><F115/><W121/><G121/><T69/><D69/><U123/><E104/><V78/><F49/><W98/><G47/><N who="2" m="17961" /><F93/><N who="3" m="54423" /><G67/><T58/><D68/><U3/><E3/><V6/><F62/><W114/><G114/><T59/><D59/><U129/><E129/><V120/><F120/><W26/><G26/><T125/><D125/><U23/><E123/><V60/><F60/><W21/><G21/><T37/><D37/><U79/><E23/><V124/><F124/><W12/><G8/><T0/><D0/><U10/><E27/><V77/><F77/><W33/><G33/><T75/><D75/><U111/><E79/><V70/><F70/><W84/><G84/><T16/><D95/><U18/><E111/><V117/><F117/><W105/><G105/><T96/><D87/><U103/><E134/><V53/><F53/><W54/><G54/><T112/><D112/><U92/><E92/><V71/><F71/><W101/><G101/><T42/><D42/><U52/><E135/><V64/><F64/><W50/><G80/><T130/><D130/><U19/><E45/><V66/><F66/><W51/><G83/><RYUUKYOKU ba="1,1" sc="168,-15,292,-15,315,15,215,15" hai2="6,7,11,14,15,17,20,78,82,85" hai3="9,12,50,51,97,98,99" /><INIT seed="3,2,1,5,4,116" ten="153,277,330,230" oya="3" hai0="66,14,134,17,92,67,80,120,109,2,133,24,51" hai1="30,68,98,37,28,53,128,32,115,117,77,19,20" hai2="22,50,5,3,113,63,55,31,78,49,110,36,121" hai3="100,59,89,103,130,26,112,91,29,74,126,15,57"/><W56/><G112/><T83/><D2/><U6/><E68/><V13/><F110/><W25/><G74/><T48/><D92/><U102/><E37/><V87/><F36/><W42/><G130/><T76/><D24/><N who="3" m="9321" /><G126/><T106/><D106/><U45/><E115/><V33/><F33/><W104/><G104/><T40/><D109/><U65/><E32/><V135/><F3/><W84/><G42/><T118/><D118/><U119/><E6/><V54/><F31/><W81/><G29/><T79/><D14/><U131/><E65/><V129/><F5/><W101/><G15/><T82/><D40/><U46/><E46/><V94/><F13/><W61/><G91/><T44/><D44/><U64/><E64/><AGARI ba="2,1" hai="56,57,59,61,64,81,84,89,100,101,103" m="9321" machi="64" ten="30,1500,0" yaku="8,1" doraHai="116" who="3" fromWho="1" sc="153,0,277,-21,330,0,230,31" /><INIT seed="3,3,0,5,0,69" ten="153,256,330,261" oya="3" hai0="103,19,41,72,104,118,81,135,25,26,85,102,91" hai1="128,39,119,89,115,54,11,95,99,22,2,68,112" hai2="65,4,76,62,51,6,127,67,5,7,32,0,80" hai3="100,48,124,82,71,27,13,12,94,42,83,92,66"/><W38/><G38/><T116/><D41/><U105/><E68/><V77/><F32/><W97/><G124/><T53/><D135/><U8/><E39/><V86/><F127/><W33/><G71/><T131/><D53/><U40/><E40/><V18/><F0/><W16/><G33/><T114/><D114/><U129/><E105/><V49/><F7/><W84/><G92/><T21/><D131/><N who="1" m="50251" /><E119/><V73/><F73/><W93/><G93/><T10/><D104/><U61/><E22/><V87/><F18/><W79/><G83/><T9/><D21/><U110/><E110/><V14/><F14/><W106/><G66/><N who="2" m="25097" /><F62/><W121/><G121/><T34/><D34/><U123/><E123/><V35/><F35/><W37/><G37/><T101/><D72/><U44/><E44/><V28/><F28/><W1/><G1/><T58/><D58/><N who="1" m="35031" /><E2/><V126/><F126/><W96/><G96/><T59/><D59/><U20/><E20/><V30/><F30/><W133/><G133/><T43/><D43/><U107/><E107/><V64/><F64/><W88/><G27/><T111/><D111/><U50/><E50/><N who="2" m="18955" /><F80/><W90/><G106/><T122/><D122/><U29/><E29/><V113/><F113/><AGARI ba="3,0" hai="8,11,89,95,99,112,113,115" m="35031,50251" machi="113" ten="30,1000,0" yaku="19,1" doraHai="69" who="1" fromWho="2" sc="153,0,256,19,330,-19,261,0" owari="153,-34.7,275,7.5,311,41.1,261,-13.9" /></mjloggm>