<mjloggm ver="2.3"><GO type="225" lobby="0"/><UN n0="%E3%81%AF%E3%82%88%E3%81%8A%E3%81%98%E3%81%95%E3%82%93" n1="%E3%81%86%E3%81%A3%E3%81%97%E3%83%BC%30%30" n2="%6C%61%6D%62" n3="%4E%6F%2E%30%30%30%31" dan="16,16,16,18" rate="2155.93,2097.08,2161.85,2227.88" sx="M,M,M,M"/><TAIKYOKU oya="0"/><INIT seed="0,0,0,0,1,133" ten="250,250,250,250" oya="0" hai0="122,94,45,109,129,79,96,5,63,17,42,101,31" hai1="108,47,89,115,88,28,16,81,84,9,14,50,114" hai2="93,35,68,72,56,60,8,32,30,85,54,135,91" hai3="27,118,24,59,98,23,22,10,7,77,57,76,123"/><T64/><D122/><U40/><E108/><V73/><F135/><W106/><G118/><T12/><D129/><U105/><E105/><V67/><F8/><W120/><G106/><T58/><D109/><U48/><E28/><V39/><F39/><W92/><G92/><T33/><D79/><U128/><E128/><V87/><F87/><W61/><G10/><T116/><D116/><U4/><E89/><V3/><F3/><W41/><G61/><T110/><D110/><U134/><E134/><V99/><F99/><W100/><G98/><T103/><D5/><U20/><REACH who="1" step="1"/><E50/><REACH who="1" ten="250,240,250,250" step="2"/><V46/><F30/><W71/><G100/><N who="0" m="60439" /><D31/><U74/><E74/><V112/><F72/><W113/><G123/><T102/><D33/><U36/><E36/><V13/><F73/><W117/><G120/><T19/><D102/><U69/><E69/><V65/><F35/><W127/><G71/><T83/><D101/><U82/><E82/><V126/><F32/><W86/><G117/><T37/><D83/><U21/><E21/><V1/><F68/><W78/><G78/><T104/><D103/><U53/><E53/><V62/><F54/><W111/><G111/><T70/><D104/><U97/><E97/><V121/><F121/><W38/><G38/><T125/><D70/><U2/><AGARI ba="0,1" hai="2,4,9,14,16,20,40,47,48,81,84,88,114,115" machi="2" ten="30,7900,0" yaku="1,1,0,1,54,2,53,0" doraHai="133" doraHaiUra="29" who="1" fromWho="1" sc="250,-39,240,89,250,-20,250,-20" /><INIT seed="1,0,0,4,1,51" ten="211,329,230,230" oya="1" hai0="30,117,123,23,40,25,112,52,75,76,79,35,100" hai1="54,103,113,3,48,126,108,11,105,24,57,70,21" hai2="86,125,69,67,17,62,66,104,59,64,46,43,107" hai3="9,120,84,96,2,124,29,135,56,49,34,32,28"/><U119/><E70/><V130/><F130/><W15/><G120/><T91/><D112/><U8/><E113/><V109/><F109/><W18/><G135/><T68/><D117/><U129/><E119/><V88/><F125/><W0/><G124/><T110/><D110/><U50/><E126/><V114/><F114/><W33/><G84/><T121/><D68/><U82/><E129/><V133/><F17/><N who="3" m="8431" /><G49/><T47/><D100/><U95/><E105/><V118/><F133/><W80/><G56/><T39/><D91/><U122/><E122/><N who="0" m="46601" /><D35/><U65/><E3/><N who="3" m="1066" /><G96/><T102/><D102/><U74/><E65/><V81/><F118/><W36/><G80/><N who="0" m="45087" /><D79/><U1/><E1/><V27/><F27/><W58/><G36/><T20/><D20/><U134/><E108/><V44/><F44/><W87/><G87/><T41/><D41/><U90/><E134/><V77/><F77/><W115/><G115/><T7/><D7/><U94/><E74/><V16/><F69/><W92/><G58/><T42/><D40/><U26/><E57/><V127/><F127/><W128/><G128/><T10/><D10/><U89/><E103/><V60/><F59/><W131/><G131/><T111/><D111/><U22/><E82/><V83/><F83/><W98/><G98/><T12/><D12/><U78/><E78/><V132/><F132/><W13/><G92/><T99/><D99/><U72/><E72/><V71/><F71/><W116/><G116/><T45/><D45/><U85/><E85/><V61/><F67/><W38/><G38/><T14/><D14/><U4/><E4/><RYUUKYOKU ba="0,0" sc="211,10,329,10,230,-30,230,10" hai0="23,25,30,39,42,47,52" hai1="8,11,21,22,24,26,48,50,54,89,90,94,95" hai3="13,18,28,29,32,33,34" /><INIT seed="1,1,0,1,1,135" ten="221,339,200,240" oya="1" hai0="92,36,134,93,40,54,10,1,112,4,53,69,99" hai1="70,84,30,5,77,8,85,82,126,125,12,62,100" hai2="37,47,61,3,116,107,80,2,121,19,96,86,72" hai3="65,31,52,26,49,83,90,67,89,16,117,43,14"/><U76/><E100/><V39/><F116/><W124/><G43/><T29/><D112/><U75/><E30/><V41/><F121/><W44/><G124/><N who="1" m="47722" /><E77/><V42/><F72/><W45/><G45/><T105/><D69/><U91/><E91/><N who="3" m="34826" /><G83/><T7/><D29/><U97/><E97/><V133/><F80/><W111/><G111/><T59/><D134/><U46/><E46/><V21/><F47/><W34/><G34/><T35/><D35/><U60/><E60/><V74/><F96/><W48/><G117/><T0/><D105/><U32/><E32/><V33/><F33/><W11/><G49/><T106/><D36/><U17/><E5/><V95/><F107/><W68/><G68/><T6/><D40/><U24/><E24/><V78/><F133/><W55/><G31/><T18/><D106/><U27/><E27/><V23/><F42/><N who="3" m="24599" /><G26/><T28/><D28/><U103/><E103/><V13/><F41/><W109/><G109/><T22/><D99/><U50/><E50/><V130/><F39/><W131/><G131/><T58/><D0/><U88/><E88/><V129/><F37/><W38/><G38/><T73/><D1/><U20/><E20/><V56/><F2/><W63/><G63/><N who="0" m="36303" /><D22/><U64/><AGARI ba="1,0" hai="8,12,17,62,64,70,75,76,82,84,85" m="47722" machi="64" ten="30,11700,0" yaku="18,1,52,3" doraHai="135" who="1" fromWho="1" sc="221,-40,339,120,200,-40,240,-40" /><INIT seed="1,2,0,3,1,85" ten="181,459,160,200" oya="1" hai0="86,61,29,109,116,44,28,67,110,72,66,133,52" hai1="128,27,134,121,95,132,40,23,105,12,64,45,8" hai2="58,74,21,83,7,42,37,26,84,65,33,129,5" hai3="1,78,90,47,79,113,38,6,57,56,117,131,19"/><U14/><E105/><V25/><F74/><W24/><G113/><T115/><D72/><U87/><E121/><V80/><F129/><W104/><G104/><T18/><D115/><U59/><E128/><V39/><F33/><W20/><G131/><T48/><D116/><U106/><E106/><V120/><F120/><W107/><G107/><T55/><D133/><U88/><E64/><N who="0" m="24617" /><D18/><U75/><E59/><V51/><F65/><W93/><G117/><T103/><D103/><U118/><E75/><V92/><F92/><W50/><G38/><T3/><D3/><U35/><E35/><V36/><F80/><W98/><G6/><T49/><D61/><U10/><E118/><V100/><F100/><W71/><G1/><T68/><D68/><U34/><E34/><V60/><F51/><W54/><G71/><T0/><D0/><U123/><E123/><V108/><F42/><N who="3" m="24951" /><G57/><N who="0" m="32999" /><D86/><U43/><E43/><V53/><F108/><AGARI ba="2,0" hai="28,29,44,49,52,108,109,110" m="32999,24617" machi="108" ten="30,2000,0" yaku="14,1,54,1" doraHai="85" who="0" fromWho="2" sc="181,26,459,0,160,-26,200,0" /><INIT seed="2,0,0,2,4,106" ten="207,459,134,200" oya="2" hai0="41,56,59,112,45,39,83,82,20,111,73,114,35" hai1="65,107,122,61,27,134,2,63,30,102,22,0,62" hai2="80,14,129,47,132,7,60,43,51,50,120,93,28" hai3="44,92,97,109,18,36,88,29,69,3,37,77,118"/><V95/><F120/><W58/><G118/><T64/><D35/><U85/><E122/><V115/><F115/><W40/><G69/><T16/><D111/><U23/><E134/><V55/><F132/><W67/><G3/><T57/><D64/><U75/><E75/><V126/><F126/><W125/><G125/><T110/><D110/><U9/><E65/><V89/><F28/><W74/><G109/><T21/><D21/><U79/><E23/><V103/><F129/><W24/><G18/><T113/><REACH who="0" step="1"/><D73/><REACH who="0" ten="197,459,134,200" step="2"/><U12/><E22/><V101/><F101/><W123/><G123/><T78/><D78/><U130/><E79/><V49/><F103/><W116/><G116/><T31/><D31/><U5/><E30/><V10/><F80/><W38/><G77/><T86/><D86/><U46/><E85/><N who="2" m="52399" /><F95/><W96/><G74/><T52/><D52/><U17/><E102/><V90/><F90/><W68/><G97/><T11/><D11/><U15/><E107/><V26/><F26/><AGARI ba="0,1" hai="16,20,26,39,41,45,56,57,59,82,83,112,113,114" machi="26" ten="50,3200,0" yaku="1,1,54,1,53,0" doraHai="106" doraHaiUra="131" who="0" fromWho="2" sc="197,42,459,0,134,-32,200,0" /><INIT seed="3,0,0,4,3,66" ten="239,459,102,200" oya="3" hai0="81,93,42,11,116,46,41,127,90,129,35,125,71" hai1="117,96,104,124,28,110,6,14,132,65,109,44,2" hai2="3,123,26,51,8,119,67,99,40,68,106,45,64" hai3="53,19,95,91,134,131,56,77,25,130,85,100,76"/><W32/><G100/><T33/><D71/><U58/><E58/><V135/><F119/><W13/><G134/><T61/><D116/><U63/><E14/><V60/><F135/><W115/><G115/><T82/><D61/><U48/><E63/><V88/><F123/><W94/><G94/><T98/><D129/><N who="3" m="49161" /><G25/><T112/><D112/><U79/><E48/><V21/><F67/><W121/><G32/><T126/><D42/><U18/><E18/><V54/><F106/><W9/><G121/><T89/><D11/><U118/><E44/><V128/><F128/><W55/><G55/><T37/><D82/><U111/><E65/><V86/><F99/><W87/><G85/><AGARI ba="0,0" hai="33,35,37,41,46,81,85,89,90,93,98,125,126,127" machi="85" ten="40,1300,0" yaku="18,1" doraHai="66" who="0" fromWho="3" sc="239,13,459,0,102,0,200,-13" owari="252,5.2,459,55.9,102,-39.8,187,-21.3" /></mjloggm>