<mjloggm ver="2.3"><GO type="225" lobby="0"/><UN n0="%E3%81%B2%E3%81%AA%E3%81%AE%E3%82%8A%E3%81%8F" n1="%E6%80%AA%E3%81%97%E3%81%99%E3%81%8E%E3%82%8B%E3%83%81%E3%83%BC" n2="%E3%81%AC%E3%81%BE%E3%81%84%E3%81%91" n3="%E3%81%A9%E3%82%8F%E3%82%93%E3%81%94" dan="16,16,16,16" rate="2175.85,2161.37,2053.42,2176.05" sx="M,M,M,M"/><TAIKYOKU oya="0"/><INIT seed="0,0,0,3,2,3" ten="250,250,250,250" oya="0" hai0="108,123,22,71,102,131,34,129,12,29,63,32,99" hai1="73,27,92,13,24,20,11,65,96,114,122,103,23" hai2="21,42,127,64,113,104,135,60,4,84,80,83,57" hai3="55,112,9,62,5,0,43,78,111,87,70,97,35"/><T98/><D123/><U69/><E122/><V48/><F113/><W61/><G111/><T86/><D108/><U52/><E73/><V18/><F104/><W94/><G112/><T17/><D86/><U36/><E36/><V25/><F135/><W10/><G35/><T128/><D98/><U40/><E40/><V53/><F127/><W120/><G120/><T16/><D29/><U37/><E37/><V81/><F42/><W26/><G43/><T107/><REACH who="0" step="1"/><D17/><REACH who="0" ten="240,250,250,250" step="2"/><U49/><E96/><V51/><F84/><W110/><G110/><T68/><D68/><U100/><E69/><V116/><F116/><W66/><G87/><T132/><D132/><U85/><E85/><V119/><F119/><W115/><G115/><T28/><D28/><U77/><E114/><V72/><F72/><W109/><G109/><T41/><D41/><U76/><E77/><V7/><REACH who="2" step="1"/><F51/><REACH who="2" ten="240,250,240,250" step="2"/><W118/><G118/><T59/><D59/><AGARI ba="0,2" hai="4,7,18,21,25,48,53,57,59,60,64,80,81,83" machi="59" ten="40,12000,2" yaku="1,1,2,1,8,1,52,2,53,2" doraHai="3" doraHaiUra="54" who="2" fromWho="0" sc="240,-120,250,0,240,140,250,0" /><INIT seed="1,0,0,3,4,84" ten="120,250,380,250" oya="1" hai0="125,103,15,51,14,31,102,86,122,44,18,63,118" hai1="74,105,134,95,72,99,35,11,52,78,53,79,128" hai2="92,93,104,88,112,124,9,12,40,66,109,33,113" hai3="121,85,20,16,34,2,17,117,43,42,75,29,110"/><U23/><E35/><V111/><F104/><W28/><G121/><T97/><D118/><U61/><E105/><V7/><F33/><W62/><G75/><T60/><D125/><U100/><E134/><V73/><F73/><W132/><G132/><T3/><D3/><U68/><E128/><V94/><F124/><W19/><G2/><T4/><D31/><U8/><E23/><V67/><F40/><N who="3" m="15403" /><G34/><T57/><D122/><U64/><E74/><V96/><F94/><W133/><G133/><T1/><D1/><U47/><E72/><V106/><F93/><W71/><G71/><T41/><D4/><U80/><E80/><V115/><F106/><W39/><G110/><AGARI ba="0,0" hai="7,9,12,66,67,88,92,96,109,110,111,112,113,115" machi="110" ten="50,8000,1" yaku="14,1,11,1,52,1,54,1" doraHai="84" who="2" fromWho="3" sc="120,0,250,0,380,80,250,-80" /><INIT seed="2,0,0,1,2,122" ten="120,250,460,170" oya="2" hai0="50,10,46,124,25,71,6,52,78,96,64,9,120" hai1="21,85,92,12,3,48,118,34,53,62,84,128,19" hai2="95,126,127,86,77,93,29,32,134,11,27,8,110" hai3="130,88,105,16,98,123,75,36,42,100,58,44,115"/><V26/><F134/><W113/><G123/><T43/><D120/><U104/><E104/><V73/><F73/><W109/><G75/><T56/><D124/><U106/><E106/><V129/><F129/><W38/><G130/><T107/><D78/><U7/><E34/><V0/><F0/><W97/><G58/><T66/><D25/><U133/><E133/><V99/><F77/><W41/><G109/><T2/><D71/><U33/><E33/><V70/><F86/><W94/><REACH who="3" step="1"/><G16/><REACH who="3" ten="120,250,460,160" step="2"/><T116/><D116/><U63/><E19/><V55/><F110/><W121/><G121/><T60/><REACH who="0" step="1"/><D10/><REACH who="0" ten="110,250,460,160" step="2"/><U102/><E118/><V135/><F70/><W18/><G18/><T125/><D125/><U80/><E128/><V79/><F127/><W83/><G83/><T37/><D37/><U5/><E80/><V69/><F126/><W114/><G114/><T49/><D49/><U39/><E48/><V82/><F69/><W103/><G103/><AGARI ba="0,2" hai="2,6,9,43,46,50,52,56,60,64,66,96,103,107" machi="103" ten="40,2600,0" yaku="1,1,54,1,53,0" doraHai="122" doraHaiUra="76" who="0" fromWho="3" sc="110,46,250,0,460,0,160,-26" /><INIT seed="3,0,0,2,1,125" ten="156,250,460,134" oya="3" hai0="121,73,33,62,14,101,67,95,6,20,129,104,75" hai1="60,96,70,16,17,22,3,80,117,37,119,135,127" hai2="77,110,0,83,2,47,8,45,105,25,29,61,92" hai3="88,112,79,35,100,132,59,46,58,126,55,15,102"/><W94/><G126/><T133/><D33/><U115/><E115/><V53/><F110/><W84/><G132/><T26/><D121/><U103/><E37/><V65/><F105/><W111/><G35/><T82/><D104/><N who="1" m="63591" /><E3/><V44/><F53/><W43/><G112/><T39/><D39/><U4/><E4/><V122/><F92/><W86/><G111/><T118/><D118/><N who="1" m="45067" /><E135/><V9/><F122/><W48/><G15/><T30/><D82/><U11/><E11/><V66/><F8/><W54/><G79/><T13/><D133/><U5/><E5/><V91/><F91/><N who="3" m="53607" /><G59/><N who="0" m="37343" /><D75/><U128/><E70/><V72/><F9/><W123/><G123/><T113/><D73/><U69/><E80/><V134/><F134/><W109/><G109/><T40/><D113/><U32/><E32/><V49/><F0/><W27/><G27/><T81/><D6/><U34/><E34/><V28/><F2/><W41/><G41/><T106/><D40/><U52/><E22/><V23/><F25/><W42/><G42/><T24/><D106/><U99/><E99/><V74/><F23/><W21/><G21/><T51/><D26/><U12/><E12/><V116/><F74/><W131/><G131/><T31/><D129/><U90/><E128/><V98/><F116/><W108/><G108/><T93/><D31/><N who="2" m="11850" /><F98/><W124/><G124/><T130/><D130/><U68/><E127/><V57/><F66/><W63/><G43/><T38/><D38/><U76/><E76/><V18/><F49/><W7/><G7/><T85/><D51/><U10/><E10/><V97/><F97/><RYUUKYOKU ba="0,0" sc="156,-15,250,-15,460,15,134,15" hai2="18,44,45,47,57,61,65,72,77,83" hai3="46,48,54,55,58,63,86,88,100,102" /><INIT seed="3,1,0,4,1,34" ten="141,235,475,149" oya="3" hai0="10,104,68,49,87,6,47,89,7,75,59,132,57" hai1="111,126,12,26,58,130,107,43,73,38,112,18,13" hai2="97,46,14,67,110,17,65,74,20,118,28,78,40" hai3="91,33,56,42,121,116,72,4,27,69,127,8,99"/><W117/><G121/><T76/><D104/><U19/><E73/><V66/><F110/><W71/><G72/><T3/><D68/><U21/><E111/><V106/><F118/><W123/><G123/><T128/><D128/><U122/><E112/><V85/><F28/><W114/><G114/><T44/><D132/><U22/><E107/><V50/><F74/><W16/><G42/><T63/><D7/><U103/><E126/><V48/><F106/><W86/><G99/><T54/><D76/><U37/><E103/><V32/><F32/><W79/><G79/><T101/><D101/><U93/><E93/><V92/><F50/><W134/><G127/><T113/><D75/><U11/><E130/><V0/><F0/><W115/><G115/><T15/><D3/><U31/><E43/><V80/><F67/><W60/><G134/><T53/><D113/><U124/><E122/><V109/><F109/><W2/><G117/><T100/><D100/><AGARI ba="1,0" hai="14,17,20,40,46,48,65,66,78,80,85,92,97,100" machi="100" ten="30,2000,0" yaku="7,1,8,1" doraHai="34" who="2" fromWho="0" sc="141,-23,235,0,475,23,149,0" owari="118,-38.2,235,3.5,498,59.8,149,-25.1" /></mjloggm>