<mjloggm ver="2.3"><GO type="225" lobby="0"/><UN n0="%E3%81%A1%E3%82%85%E3%81%86%E3%81%A9%E3%81%8F%E8%B1%A1%E3%81%95%E3%82%93" n1="%30%2E%31%32%30" n2="%E6%A1%9C%E8%8A%B1%E9%96%83%E3%80%85" n3="%70%68%65%6E%6F%6D%65" dan="17,16,17,17" rate="2179.50,2078.21,2248.01,2194.64" sx="M,M,M,M"/><TAIKYOKU oya="0"/><INIT seed="0,0,0,1,4,123" ten="250,250,250,250" oya="0" hai0="59,73,72,2,44,37,101,33,4,98,135,62,6" hai1="19,69,124,120,106,95,39,116,63,57,119,97,102" hai2="107,9,92,42,100,88,46,12,68,96,84,109,130" hai3="36,118,86,110,85,28,134,66,48,18,16,17,50"/><T67/><D135/><U7/><E120/><V108/><F130/><W87/><G118/><T79/><D33/><U131/><E39/><V27/><F68/><W99/><G134/><T75/><D79/><U94/><E131/><V5/><REACH who="2" step="1"/><F27/><REACH who="2" ten="250,250,240,250" step="2"/><W90/><G36/><AGARI ba="0,1" hai="5,9,12,36,42,46,84,88,92,96,100,107,108,109" machi="36" ten="40,12000,2" yaku="1,1,2,1,52,2,54,1,53,1" doraHai="123" doraHaiUra="93" who="2" fromWho="3" sc="250,0,250,0,240,130,250,-120" /><INIT seed="1,0,0,1,0,81" ten="250,250,370,130" oya="1" hai0="34,24,56,75,124,102,40,117,126,21,37,86,99" hai1="27,71,80,110,132,14,92,64,33,61,0,108,31" hai2="101,69,25,11,133,16,129,114,17,1,76,46,7" hai3="135,12,105,84,78,89,70,83,55,29,20,26,88"/><U67/><E0/><V123/><F123/><W50/><G135/><T35/><D117/><U38/><E38/><V9/><F69/><W79/><G70/><T119/><D119/><U90/><E132/><V10/><F133/><W45/><G105/><T54/><D75/><U112/><E112/><V122/><F122/><W41/><G55/><T49/><D40/><U103/><E67/><V5/><F114/><W115/><G115/><T77/><D37/><U87/><REACH who="1" step="1"/><E14/><REACH who="1" ten="250,240,370,130" step="2"/><V94/><F1/><W8/><REACH who="3" step="1"/><G78/><REACH who="3" ten="250,240,370,120" step="2"/><T3/><D77/><U100/><E100/><V44/><F76/><W96/><G96/><AGARI ba="0,2" hai="27,31,33,61,64,71,80,87,90,92,96,103,108,110" machi="96" ten="40,3900,0" yaku="1,1,52,1,53,0" doraHai="81" doraHaiUra="15" who="1" fromWho="3" sc="250,0,240,59,370,0,120,-39" /><INIT seed="1,1,0,4,2,31" ten="250,299,370,81" oya="1" hai0="71,85,112,133,41,45,135,5,6,26,100,30,60" hai1="66,109,113,7,58,114,122,32,80,44,65,22,0" hai2="14,126,56,134,70,132,21,2,101,61,72,47,20" hai3="123,53,82,64,17,24,76,4,35,127,25,23,55"/><U89/><E122/><V92/><F2/><W59/><G123/><T48/><D112/><U115/><E22/><V63/><F72/><W73/><G127/><T50/><D100/><U125/><E125/><V36/><F126/><W54/><G4/><T94/><D50/><U128/><E128/><V129/><F70/><W9/><G9/><T57/><D71/><U75/><E109/><V16/><F129/><W10/><G10/><T40/><D40/><U87/><E75/><V105/><F105/><W98/><G98/><T11/><D85/><U69/><E69/><V117/><F117/><W62/><REACH who="3" step="1"/><G24/><REACH who="3" ten="250,299,370,71" step="2"/><T84/><D11/><U90/><E7/><V86/><F134/><W111/><G111/><T52/><D133/><U130/><E130/><V83/><F132/><W8/><G8/><T38/><D135/><U88/><E0/><V110/><F110/><W97/><G97/><T121/><D121/><U39/><E114/><V12/><F12/><W119/><G119/><T43/><D5/><U81/><E115/><V96/><F14/><W120/><G120/><T33/><D6/><U124/><E113/><V99/><F99/><W95/><G95/><T37/><D94/><U106/><E124/><V74/><F92/><W108/><G108/><T49/><D84/><U103/><E87/><V46/><F86/><W19/><G19/><T131/><D131/><U3/><E3/><V79/><F16/><W28/><G28/><T27/><D26/><U77/><E106/><V107/><F107/><W1/><G1/><T116/><D116/><U42/><E103/><V29/><F101/><RYUUKYOKU ba="1,1" sc="250,15,299,-15,370,-15,71,15" hai0="27,30,33,37,38,41,43,45,48,49,52,57,60" hai3="17,23,25,35,53,54,55,59,62,64,73,76,82" /><INIT seed="2,2,1,0,4,20" ten="265,284,355,86" oya="2" hai0="50,39,58,62,49,31,18,134,14,131,74,9,25" hai1="37,54,105,125,116,76,84,3,122,36,133,132,126" hai2="89,13,1,97,23,104,108,7,43,61,80,111,55" hai3="8,103,5,88,16,26,112,109,70,32,34,95,79"/><V35/><F35/><W75/><G70/><T82/><D39/><N who="1" m="14923" /><E105/><V40/><F1/><W24/><G109/><N who="2" m="42057" /><F55/><W130/><G103/><T42/><D131/><U81/><E3/><V92/><F61/><W60/><G60/><T90/><D134/><N who="1" m="51819" /><E116/><V11/><F104/><W99/><G130/><T59/><D42/><U2/><E2/><N who="2" m="503" /><F80/><W86/><G112/><T87/><D74/><U124/><E54/><V64/><F64/><W123/><G75/><T120/><D120/><AGARI ba="2,1" hai="76,81,84,120,122,124,125,126" m="51819,14923" machi="120" ten="40,2600,0" yaku="18,1,20,1" doraHai="20" who="1" fromWho="0" sc="265,-32,284,42,355,0,86,0" /><INIT seed="3,0,0,0,4,118" ten="233,326,355,86" oya="3" hai0="73,119,7,57,16,67,52,23,20,36,29,1,26" hai1="95,80,61,38,111,109,64,37,112,98,76,58,123" hai2="12,14,47,128,54,22,51,133,18,77,46,96,91" hai3="105,3,6,66,124,113,92,15,62,50,63,117,93"/><W28/><G117/><T114/><D119/><U19/><E112/><V110/><F110/><N who="1" m="41993" /><E19/><N who="2" m="10599" /><F133/><W75/><G113/><T39/><D73/><N who="1" m="43023" /><E37/><V121/><F121/><W122/><G105/><T101/><D67/><U0/><E38/><V35/><F128/><W53/><G3/><T86/><D114/><U31/><E31/><V42/><F35/><W99/><G75/><T131/><D131/><U5/><E5/><V83/><F77/><W115/><G115/><T85/><D101/><N who="1" m="60639" /><E0/><V27/><F27/><W24/><G124/><T74/><D74/><U135/><E135/><V10/><F96/><W56/><G122/><AGARI ba="0,0" hai="58,61,64,122,123" m="60639,43023,41993" machi="122" ten="30,3900,0" yaku="14,1,52,2" doraHai="118" who="1" fromWho="3" sc="233,0,326,39,355,0,86,-39" owari="233,-16.7,365,46.5,355,15.5,47,-45.3" /></mjloggm>