<mjloggm ver="2.3"><GO type="225" lobby="0"/><UN n0="%77%72%77%72%77%72%77%72" n1="%E3%81%BF%E3%81%BF%E3%81%9A" n2="%33%74%72%65%65" n3="%61%73%61%64%61%31%32" dan="17,17,16,16" rate="2176.88,2339.55,2093.58,2112.39" sx="M,M,F,M"/><TAIKYOKU oya="0"/><INIT seed="0,0,0,3,2,130" ten="250,250,250,250" oya="0" hai0="105,57,112,50,31,68,55,88,104,33,30,24,73" hai1="115,75,11,71,25,70,74,3,89,21,82,119,79" hai2="17,95,132,122,23,44,131,5,91,63,107,58,39" hai3="49,61,47,133,134,129,109,101,16,7,38,135,22"/><T99/><D112/><U97/><E119/><V59/><F122/><W120/><G129/><T64/><D73/><U100/><E115/><V102/><F131/><W108/><G120/><T110/><D110/><N who="3" m="42601" /><G7/><T40/><D31/><U32/><E89/><V6/><F102/><W28/><G28/><T34/><D34/><U81/><E32/><V116/><F107/><W103/><G61/><T20/><D40/><U18/><E3/><V124/><F124/><W127/><G38/><T85/><D99/><U121/><E11/><V26/><F116/><W87/><G87/><T45/><D68/><U2/><E2/><V125/><F125/><W80/><G80/><T56/><D33/><U46/><E46/><V48/><F39/><W66/><G66/><T67/><D105/><U128/><E121/><V29/><F29/><W62/><G62/><T76/><D104/><U92/><REACH who="1" step="1"/><E128/><REACH who="1" ten="250,240,250,250" step="2"/><V69/><F44/><W114/><G114/><T94/><REACH who="0" step="1"/><D76/><AGARI ba="0,1" hai="18,21,25,70,71,74,75,76,79,81,82,92,97,100" machi="76" ten="40,8000,1" yaku="1,1,2,1,9,1,53,1" doraHai="130" doraHaiUra="98" who="1" fromWho="0" sc="250,-80,240,90,250,0,250,0" /><INIT seed="1,0,0,0,2,0" ten="170,330,250,250" oya="1" hai0="23,119,18,120,17,71,105,70,47,100,43,14,88" hai1="92,114,84,12,75,113,36,95,124,57,135,20,65" hai2="2,125,74,10,80,73,98,11,91,32,26,81,77" hai3="115,5,30,1,123,29,28,15,46,39,118,58,51"/><U22/><E75/><V94/><F125/><W24/><G39/><T40/><D119/><U62/><E36/><V6/><F11/><N who="3" m="4591" /><G1/><T102/><D120/><U63/><E124/><V68/><F68/><W25/><G115/><T13/><D105/><U7/><E135/><V61/><F61/><W90/><G123/><T48/><D40/><U34/><E34/><V127/><F127/><W82/><G118/><T83/><D71/><U112/><E62/><V45/><F45/><W111/><G58/><T49/><D49/><U31/><E31/><V107/><F107/><W59/><G59/><T35/><D70/><U106/><E106/><V101/><F32/><W133/><G111/><T38/><D38/><U85/><E95/><V55/><F55/><N who="3" m="30199" /><G133/><T132/><D35/><U97/><E22/><V78/><REACH who="2" step="1"/><F26/><REACH who="2" ten="170,330,240,250" step="2"/><W33/><G33/><T19/><D132/><U52/><E65/><V117/><F117/><W4/><G4/><T27/><D27/><U86/><E7/><V129/><F129/><W67/><G67/><T3/><D3/><U96/><E113/><V131/><F131/><W99/><G24/><T72/><D72/><U42/><E114/><V110/><F110/><W116/><G25/><T9/><REACH who="0" step="1"/><D18/><REACH who="0" ten="160,330,240,250" step="2"/><N who="1" m="10311" /><E112/><V128/><F128/><W37/><G116/><T108/><D108/><U44/><E42/><V103/><AGARI ba="0,2" hai="2,6,10,73,74,77,78,80,81,91,94,98,101,103" machi="103" ten="30,7900,0" yaku="1,1,0,1,9,1,52,1,53,0" doraHai="0" doraHaiUra="54" who="2" fromWho="2" sc="160,-20,330,-39,240,99,250,-20" /><INIT seed="2,0,0,0,1,34" ten="140,291,339,230" oya="2" hai0="135,134,103,5,18,104,99,91,4,77,57,96,125" hai1="85,46,68,119,31,109,131,7,19,29,75,37,97" hai2="17,35,113,98,123,55,0,70,1,65,114,51,52" hai3="108,10,41,95,28,73,133,8,44,27,47,117,87"/><V42/><F123/><W40/><G73/><T67/><D77/><U25/><E75/><V80/><F35/><W69/><G117/><T23/><D125/><U64/><E119/><V63/><F42/><W54/><G69/><T11/><D67/><U33/><E109/><V12/><F80/><W60/><G108/><T100/><D91/><U14/><E131/><V53/><F51/><W16/><G133/><T81/><D81/><U9/><E31/><V24/><F24/><W61/><G28/><T56/><D23/><U50/><E37/><V2/><REACH who="2" step="1"/><F98/><REACH who="2" ten="140,291,329,230" step="2"/><W15/><G27/><T59/><D135/><U92/><E50/><V39/><F39/><W72/><G41/><T130/><D134/><U128/><E128/><V115/><F115/><W62/><G40/><T82/><D82/><U78/><E97/><V83/><F83/><W58/><G72/><T89/><D130/><U79/><E33/><V21/><AGARI ba="0,1" hai="0,1,2,12,17,21,52,53,55,63,65,70,113,114" machi="21" ten="40,24000,3" yaku="1,1,0,1,52,3,54,1,53,2" doraHai="34" doraHaiUra="110" who="2" fromWho="2" sc="140,-80,291,-80,329,250,230,-80" /><INIT seed="2,1,0,5,4,6" ten="60,211,579,150" oya="2" hai0="4,31,124,102,18,69,5,56,134,52,63,2,29" hai1="45,123,79,23,76,113,40,17,38,51,61,41,71" hai2="100,95,130,53,96,106,22,98,114,43,89,49,25" hai3="20,15,88,126,129,35,77,92,47,81,60,59,116"/><V85/><F114/><W32/><G116/><T93/><D134/><U99/><E113/><V46/><F130/><W34/><G126/><T13/><D124/><U125/><E125/><V105/><F43/><W86/><G47/><T21/><D69/><U82/><E123/><V42/><F42/><W68/><G68/><T127/><D127/><U0/><E0/><V9/><F9/><W122/><G122/><T37/><D37/><U73/><E99/><V90/><F105/><W80/><G129/><T72/><D72/><U94/><E94/><V26/><REACH who="2" step="1"/><F22/><REACH who="2" ten="60,211,569,150" step="2"/><W103/><G34/><T108/><D108/><U44/><E40/><V120/><F120/><W110/><G32/><T67/><D67/><U91/><E23/><V128/><F128/><W1/><G35/><T30/><REACH who="0" step="1"/><D2/><REACH who="0" ten="50,211,569,150" step="2"/><U115/><E38/><V111/><F111/><W50/><G1/><T133/><D133/><U62/><E115/><V14/><F14/><W118/><G15/><T112/><D112/><U75/><E41/><V97/><F97/><AGARI ba="1,2" hai="4,5,13,18,21,29,30,31,52,56,63,93,97,102" machi="97" ten="40,8000,1" yaku="1,1,8,1,54,1,53,1" doraHai="6" doraHaiUra="48" who="0" fromWho="2" sc="50,103,211,0,569,-83,150,0" /><INIT seed="3,0,0,5,4,107" ten="153,211,486,150" oya="3" hai0="133,33,55,1,114,2,82,85,4,101,34,35,98" hai1="46,78,0,16,110,20,65,90,21,73,116,62,23" hai2="59,77,5,51,102,42,83,112,92,128,80,57,130" hai3="124,88,3,45,7,52,11,9,118,131,24,6,96"/><W113/><G113/><T81/><D114/><U86/><E0/><V70/><F70/><W22/><G118/><T44/><D133/><U125/><E116/><V105/><F105/><W67/><G67/><T54/><D81/><U122/><E122/><V109/><F5/><W15/><G131/><T75/><D75/><U126/><E78/><V103/><F112/><W127/><G24/><T41/><D55/><U119/><E73/><V39/><F39/><W72/><G72/><T115/><D54/><U123/><E123/><V121/><F121/><W14/><G22/><T84/><D84/><U17/><E46/><V48/><F77/><W49/><G3/><T12/><D12/><U89/><E110/><V10/><F10/><W120/><G120/><T8/><D2/><U38/><E38/><V63/><F42/><W28/><G28/><T79/><D115/><U135/><E135/><V111/><F63/><W100/><REACH who="3" step="1"/><G88/><REACH who="3" ten="153,211,486,140" step="2"/><N who="1" m="33898" /><E119/><V76/><F76/><W26/><G26/><T37/><D34/><U29/><E29/><V68/><F128/><W99/><G99/><T30/><D30/><U43/><E86/><V108/><F130/><W31/><G31/><T74/><D74/><U32/><E32/><V66/><F66/><W129/><G129/><T40/><D40/><U27/><E43/><V56/><F111/><W71/><G71/><T18/><D35/><U53/><E65/><V104/><F68/><W47/><G47/><T94/><D33/><U25/><E21/><V117/><F109/><W93/><AGARI ba="0,1" hai="6,7,9,11,14,15,45,49,52,93,96,100,124,127" machi="93" ten="30,11700,0" yaku="1,1,0,1,9,1,54,1,53,0" doraHai="107" doraHaiUra="106" who="3" fromWho="3" sc="153,-39,211,-39,486,-39,140,127" /><INIT seed="3,1,0,4,4,66" ten="114,172,447,267" oya="3" hai0="84,116,36,12,99,104,129,82,120,65,83,3,30" hai1="72,62,10,85,19,94,22,124,57,119,98,95,42" hai2="6,78,33,117,125,135,29,81,109,47,61,53,131" hai3="111,58,106,18,76,56,92,8,31,27,102,24,28"/><W87/><G106/><T75/><D116/><U15/><E72/><V17/><F109/><W130/><G130/><T134/><D120/><U97/><E119/><V63/><F117/><W126/><G126/><T2/><D36/><U13/><E124/><V128/><F125/><W91/><G111/><T25/><D129/><N who="2" m="49738" /><F135/><W4/><G102/><T64/><D134/><U21/><E42/><V110/><F6/><W96/><G18/><T23/><D2/><U68/><E68/><V115/><F115/><W113/><G113/><T48/><D3/><U7/><E21/><V86/><F17/><W45/><G45/><T9/><D48/><U77/><E77/><V107/><F107/><W69/><G69/><T114/><D114/><U52/><E85/><V103/><F103/><W41/><G41/><T55/><D55/><U123/><E123/><V108/><F108/><W112/><G112/><T88/><D99/><AGARI ba="1,0" hai="7,10,13,15,19,22,52,57,62,94,95,97,98,99" machi="99" ten="40,2600,0" yaku="8,1,54,1" doraHai="66" who="1" fromWho="0" sc="114,-29,172,29,447,0,267,0" owari="85,-41.5,201,-19.9,447,54.7,267,6.7" /></mjloggm>