<mjloggm ver="2.3"><GO type="225" lobby="0"/><UN n0="%E6%98%93%E5%88%A9%E8%96%A9%E4%BC%AF" n1="%E8%A8%88%E7%AE%97%E6%A9%9F%E8%87%AA%E7%84%B6" n2="%E3%83%B4%E3%83%A0%EF%BC%99%E3%81%A6" n3="%E3%81%8B%E3%82%8F%E3%81%A1%E3%82%83%E3%82%93%35%38" dan="16,17,16,16" rate="2135.18,2182.00,2127.89,2176.98" sx="F,M,M,M"/><TAIKYOKU oya="0"/><INIT seed="0,0,0,5,1,7" ten="250,250,250,250" oya="0" hai0="55,30,44,109,46,115,21,86,102,34,2,26,60" hai1="67,4,107,112,33,97,63,79,16,127,111,49,91" hai2="32,19,134,5,17,59,31,129,51,83,124,52,62" hai3="84,1,128,71,103,40,85,117,54,105,43,78,64"/><T13/><D13/><U10/><BYE who="0" /><E111/><UN n0="%E6%98%93%E5%88%A9%E8%96%A9%E4%BC%AF" /><V36/><F36/><W116/><G1/><T6/><D115/><U74/><E33/><V94/><F124/><W118/><G128/><T23/><D109/><U68/><E127/><V93/><F129/><W132/><G132/><T3/><D102/><U75/><E112/><V92/><F134/><W82/><G54/><T98/><D98/><U35/><E35/><V114/><F114/><W58/><G71/><T133/><D3/><U12/><E79/><V18/><F5/><W99/><REACH who="3" step="1"/><G85/><REACH who="3" ten="250,250,250,240" step="2"/><T65/><D86/><U123/><E68/><V135/><F135/><W11/><G11/><T81/><D55/><U38/><E10/><V119/><F119/><W121/><G121/><T45/><D133/><U27/><E123/><V104/><F104/><W88/><G88/><T69/><REACH who="0" step="1"/><D81/><REACH who="0" ten="240,250,250,240" step="2"/><U73/><E75/><V42/><F83/><W28/><G28/><T120/><D120/><U9/><E73/><V113/><F113/><W8/><G8/><AGARI ba="0,2" hai="2,6,8,21,23,26,30,34,44,45,46,60,65,69" machi="8" ten="40,3900,0" yaku="1,1,52,1,53,0" doraHai="7" doraHaiUra="125" who="0" fromWho="3" sc="240,59,250,0,250,0,240,-39" /><INIT seed="0,1,0,4,3,101" ten="299,250,250,201" oya="0" hai0="75,28,110,134,92,100,115,76,95,23,111,78,12" hai1="13,103,72,19,65,17,27,94,84,32,109,90,2" hai2="48,53,11,118,5,55,69,120,49,126,20,57,83" hai3="63,14,34,15,89,1,30,64,31,42,108,114,59"/><T82/><D115/><U96/><E2/><V47/><F120/><W71/><G114/><T35/><D35/><U135/><E109/><N who="0" m="41481" /><D28/><N who="3" m="10793" /><G71/><T62/><D134/><U67/><E135/><V133/><F133/><W58/><G1/><T7/><D78/><U10/><E72/><V112/><F112/><W93/><G34/><T56/><D100/><U86/><E32/><V25/><F69/><W37/><G37/><T66/><D7/><U119/><E119/><V128/><F118/><W3/><G59/><T102/><D102/><U54/><E54/><V6/><F126/><W43/><G3/><T39/><D39/><U8/><E86/><V129/><F83/><W29/><N who="3" m="10801" /><W132/><DORA hai="51" /><G132/><T99/><D99/><U74/><E74/><V16/><REACH who="2" step="1"/><F5/><REACH who="2" ten="299,250,240,201" step="2"/><W105/><G108/><T70/><D70/><U4/><E4/><V21/><F21/><W124/><G124/><T44/><D44/><U46/><E46/><V26/><F26/><W80/><G80/><T9/><D9/><U127/><E127/><V122/><F122/><W24/><G24/><T60/><D23/><N who="1" m="13807" /><E8/><V97/><F97/><N who="3" m="57519" /><G105/><T104/><D104/><U106/><E106/><V22/><F22/><W41/><AGARI ba="1,1" hai="14,15,41,42,43,58,63,64" m="57519,10801" machi="41" ten="40,1500,0" yaku="8,1" doraHai="101,51" who="3" fromWho="3" sc="299,-8,250,-5,240,-5,201,28" /><INIT seed="1,0,0,4,4,7" ten="291,245,235,229" oya="1" hai0="81,83,12,57,56,41,1,55,16,68,122,106,78" hai1="121,77,51,74,61,135,124,95,99,6,130,80,92" hai2="73,75,58,62,37,45,0,114,47,38,132,128,49" hai3="10,3,84,134,67,76,120,88,82,93,131,111,11"/><U103/><E121/><V118/><F73/><W86/><G120/><T90/><D68/><U65/><E130/><V44/><F75/><W79/><G3/><T119/><D1/><U13/><E124/><V108/><F0/><W70/><G131/><T133/><D106/><U87/><E135/><V116/><F128/><W17/><G134/><T126/><D119/><N who="2" m="45610" /><F132/><W127/><G127/><T30/><D122/><U24/><E51/><V54/><F108/><W23/><G111/><T36/><D30/><U9/><E24/><V104/><F104/><W115/><G115/><T109/><D109/><U25/><E25/><V14/><F14/><N who="3" m="9655" /><G70/><T125/><D133/><U26/><E26/><V101/><F101/><W39/><G39/><N who="2" m="14857" /><F114/><W5/><G5/><T89/><D41/><AGARI ba="0,0" hai="41,44,45,47,49,54,58,62" m="14857,45610" machi="41" ten="30,2000,0" yaku="34,2" doraHai="7" who="2" fromWho="0" sc="291,-20,245,0,235,20,229,0" /><INIT seed="2,0,0,4,1,8" ten="271,245,255,229" oya="2" hai0="123,98,119,82,132,115,76,79,113,112,64,111,133" hai1="34,77,23,16,109,49,37,99,30,48,116,25,108" hai2="92,54,11,103,9,131,74,0,110,3,125,20,52" hai3="56,4,114,91,2,87,129,58,60,105,95,55,135"/><V50/><F74/><W80/><G129/><T73/><D64/><U84/><E37/><V10/><F131/><W27/><G135/><N who="0" m="51787" /><D123/><U106/><E116/><V121/><F121/><W63/><G114/><N who="0" m="29187" /><T24/><DORA hai="120" /><D24/><N who="1" m="14439" /><E77/><V21/><F125/><W26/><G105/><T69/><D69/><U62/><E84/><V6/><F110/><N who="1" m="42601" /><E62/><V44/><F54/><W66/><G4/><T107/><D111/><U31/><E31/><V130/><F130/><W47/><G2/><T39/><D39/><U17/><E17/><V40/><F40/><W13/><G13/><T41/><D41/><U127/><E127/><V134/><F134/><W1/><G1/><T93/><D79/><U18/><E18/><V5/><F9/><W53/><G66/><T42/><D42/><U122/><E122/><V65/><F65/><W102/><REACH who="3" step="1"/><G47/><REACH who="3" ten="271,245,255,219" step="2"/><T29/><D119/><U85/><E85/><V33/><F33/><W72/><G72/><T96/><D73/><U59/><E59/><V28/><F28/><W51/><G51/><T46/><D29/><U32/><E34/><V70/><F70/><W45/><G45/><T81/><D46/><U68/><E68/><V61/><F61/><W43/><G43/><T104/><D76/><U83/><E49/><V67/><F67/><W86/><G86/><T90/><D107/><U19/><E48/><V15/><F15/><W118/><G118/><T100/><AGARI ba="0,1" hai="81,82,90,93,96,98,100,104" m="29187,51787" machi="100" ten="50,6400,0" yaku="20,1,34,2" doraHai="8,120" who="0" fromWho="0" sc="271,74,245,-16,255,-32,219,-16" /><INIT seed="3,0,0,4,0,131" ten="345,229,223,203" oya="3" hai0="102,135,87,0,124,42,51,101,115,90,40,45,13" hai1="66,95,103,22,110,105,79,108,64,73,67,112,134" hai2="84,129,121,48,96,6,69,116,17,35,91,12,127" hai3="80,29,109,65,130,5,92,120,50,113,11,52,3"/><W39/><G113/><T83/><D0/><U14/><E134/><V36/><F116/><W111/><G120/><T60/><D135/><U122/><E122/><V53/><F36/><W62/><G39/><T18/><D124/><U125/><E105/><V24/><F121/><W71/><G130/><T34/><D34/><U106/><E106/><V58/><F127/><W28/><G92/><T44/><D60/><U104/><E104/><V54/><F69/><W100/><G80/><T26/><D26/><U107/><E107/><V89/><F129/><W27/><G100/><N who="0" m="38507" /><D45/><U23/><E112/><V55/><F96/><W94/><G94/><T133/><D133/><U21/><E125/><V2/><F2/><W75/><G75/><T31/><D31/><U114/><E114/><V16/><F6/><W38/><G38/><T15/><D15/><U97/><E14/><V37/><F37/><W7/><G7/><T117/><D117/><U9/><E73/><V49/><F58/><N who="3" m="33047" /><G27/><T61/><D61/><U59/><E59/><V99/><F99/><W63/><G63/><T4/><D4/><U82/><E82/><N who="2" m="49303" /><F35/><W132/><G132/><T47/><D47/><U30/><E30/><V33/><F33/><W8/><G8/><N who="0" m="6439" /><D115/><U57/><E9/><N who="2" m="6159" /><F24/><W32/><G32/><T118/><D118/><U128/><E128/><V85/><F17/><W56/><G56/><T77/><D77/><U72/><E57/><V25/><F25/><W70/><G70/><T98/><D98/><U10/><E10/><V76/><F76/><W88/><G88/><T86/><D86/><U46/><E46/><RYUUKYOKU ba="0,0" sc="345,0,229,0,223,0,203,0" hai0="40,42,44,51,83,87,90" hai1="21,22,23,64,66,67,72,79,95,97,103,108,110" hai2="48,49,53,54,55,85,91" hai3="3,5,11,28,29,62,65,71,109,111" /><INIT seed="3,1,0,3,4,8" ten="345,229,223,203" oya="3" hai0="60,123,44,67,31,116,96,78,21,111,59,23,84" hai1="16,98,79,102,70,66,13,81,108,19,118,25,33" hai2="88,115,41,90,74,51,130,120,114,127,53,24,121" hai3="40,95,135,107,37,134,11,124,99,32,42,46,29"/><W61/><G107/><T126/><D116/><U45/><E118/><V68/><F68/><W1/><G124/><T106/><D123/><N who="2" m="47178" /><F127/><W82/><G42/><T109/><D31/><N who="1" m="19695" /><E45/><N who="2" m="26031" /><F74/><W28/><G32/><T110/><D44/><U89/><E89/><N who="2" m="34411" /><F130/><W86/><G61/><T131/><D131/><U57/><E57/><V15/><F15/><W27/><G27/><T7/><D7/><U26/><E13/><V30/><F53/><W54/><G54/><T104/><D126/><U56/><E56/><V3/><F3/><W55/><G55/><T18/><D18/><U103/><E26/><V133/><F133/><N who="3" m="50699" /><G1/><T100/><D106/><N who="1" m="63831" /><E103/><V39/><F39/><W47/><G47/><T125/><D125/><U17/><E79/><V63/><F63/><W101/><G11/><T0/><D0/><U132/><E132/><V91/><N who="2" m="34419" /><AGARI ba="1,0" hai="28,29,37,40,46,82,86,91,95,99,101" m="50699" machi="91" ten="30,2900,0" yaku="3,1,20,1" doraHai="8" who="3" fromWho="2" sc="345,0,229,0,223,-32,203,32" /><INIT seed="3,2,0,0,5,122" ten="345,229,191,235" oya="3" hai0="40,66,92,126,85,82,112,69,97,79,124,107,15" hai1="17,133,22,102,60,49,3,29,37,45,42,36,119" hai2="64,128,7,58,34,87,18,100,81,28,70,96,12" hai3="114,93,56,32,1,83,115,26,91,38,90,20,14"/><W103/><G1/><T89/><D112/><U78/><E3/><V86/><F128/><W2/><G2/><T16/><D40/><U95/><E133/><V80/><F7/><W111/><G38/><T52/><D52/><U11/><E119/><V94/><F70/><W4/><G32/><T105/><D66/><U76/><E36/><V30/><F34/><W25/><G103/><T72/><D69/><U132/><E37/><V101/><F101/><W54/><G20/><N who="0" m="11295" /><D97/><N who="1" m="59711" /><E132/><V106/><F106/><W6/><G54/><T110/><D110/><U127/><E127/><AGARI ba="2,0" hai="72,79,82,85,89,92,105,107,124,126,127" m="11295" machi="127" ten="30,2000,0" yaku="18,1,54,1" doraHai="122" who="0" fromWho="1" sc="345,26,229,-26,191,0,235,0" owari="371,47.1,203,-19.7,191,-30.9,235,3.5" /></mjloggm>