<mjloggm ver="2.3"><GO type="225" lobby="0"/><UN n0="%4E%6F%2E%30%30%30%31" n1="%E3%80%93%E3%81%97%E3%83%BC%E3%82%89%E3%80%93" n2="%4C%4F%4C%49%54%41" n3="%E3%81%BF%E3%81%BF%E3%81%9A" dan="18,16,16,17" rate="2194.20,2084.53,2149.79,2243.99" sx="M,M,F,M"/><TAIKYOKU oya="0"/><INIT seed="0,0,0,2,0,127" ten="250,250,250,250" oya="0" hai0="128,22,53,61,97,19,132,4,73,70,14,48,103" hai1="80,126,109,69,130,5,29,83,9,119,35,91,78" hai2="100,12,105,95,7,85,88,40,98,55,47,72,94" hai3="77,90,60,115,135,18,11,120,23,38,102,33,64"/><T36/><D73/><U76/><E69/><V59/><F72/><W112/><G33/><T46/><D132/><U30/><E126/><V79/><F79/><W87/><G38/><T62/><D36/><U84/><E119/><V52/><F105/><W86/><G135/><T34/><D34/><U101/><E109/><V116/><F116/><W123/><G11/><T27/><D70/><U81/><E101/><V99/><F99/><W68/><G77/><N who="1" m="29802" /><E35/><V54/><F12/><N who="3" m="9671" /><G102/><T13/><D128/><U110/><E130/><V56/><REACH who="2" step="1"/><F7/><REACH who="2" ten="250,250,240,250" step="2"/><W2/><G86/><T0/><D13/><N who="1" m="5295" /><E110/><V92/><F92/><AGARI ba="0,1" hai="29,30,80,81,83,84,91,92" m="5295,29802" machi="92" ten="30,1000,0" yaku="8,1" doraHai="127" who="1" fromWho="2" sc="250,0,250,20,240,-10,250,0" /><INIT seed="1,0,0,5,2,25" ten="250,270,230,250" oya="1" hai0="134,97,40,38,81,3,45,60,22,2,52,56,15" hai1="27,29,108,43,120,9,46,37,70,5,115,32,11" hai2="119,47,69,36,21,7,39,91,95,129,30,117,124" hai3="74,132,80,17,100,67,71,125,104,68,49,105,106"/><U18/><E70/><V93/><F69/><W44/><G125/><T133/><D81/><U102/><E115/><V135/><F124/><W107/><G132/><N who="0" m="50795" /><D97/><U24/><E120/><V118/><F135/><W16/><N who="3" m="26624" /><DORA hai="31" /><W101/><G74/><T55/><D55/><U128/><E102/><V90/><F129/><W59/><G59/><T98/><D98/><U65/><E65/><V73/><F73/><W42/><G80/><T1/><D15/><U26/><E128/><V51/><F7/><W4/><G4/><T116/><D22/><U122/><E122/><V48/><F21/><W96/><G71/><T57/><D57/><U35/><E108/><V121/><F121/><W83/><G83/><T111/><D116/><U88/><E88/><N who="2" m="33835" /><F30/><W103/><REACH who="3" step="1"/><G96/><REACH who="3" ten="250,270,230,240" step="2"/><T109/><AGARI ba="0,1" hai="1,2,3,38,40,45,52,56,60,109,111" m="50795" machi="109" ten="40,2700,0" yaku="20,1,54,1" doraHai="25,31" who="0" fromWho="0" sc="250,37,270,-13,230,-7,240,-7" /><INIT seed="2,0,0,1,0,120" ten="287,257,223,233" oya="2" hai0="4,102,66,64,3,41,12,125,128,11,96,104,17" hai1="119,118,47,135,32,57,56,129,124,91,52,110,79" hai2="5,70,65,99,113,54,45,8,89,92,59,85,132" hai3="78,83,23,82,7,100,86,73,123,30,25,29,50"/><V115/><F132/><W10/><G123/><T109/><D128/><U114/><E32/><V40/><F65/><W98/><G50/><T28/><D125/><U68/><E79/><V69/><F70/><W97/><G29/><T18/><D109/><U131/><E91/><V134/><F69/><W22/><G22/><T126/><D126/><U121/><E121/><V9/><F134/><W116/><G116/><N who="1" m="44586" /><E135/><V38/><F99/><W46/><G46/><T16/><D41/><U27/><E27/><V117/><F117/><W13/><REACH who="3" step="1"/><G100/><REACH who="3" ten="287,257,223,223" step="2"/><T127/><D127/><U33/><E124/><V101/><F101/><W122/><G122/><T93/><D28/><U111/><E33/><V60/><REACH who="2" step="1"/><F9/><REACH who="2" ten="287,257,213,223" step="2"/><W63/><G63/><T112/><D102/><U34/><E129/><V62/><F62/><W106/><G106/><T94/><D104/><U61/><E131/><V88/><F88/><AGARI ba="0,2" hai="7,10,13,23,25,30,73,78,82,83,86,88,97,98" machi="88" ten="30,3900,0" yaku="1,1,7,1,54,1,53,0" doraHai="120" doraHaiUra="71" who="3" fromWho="2" sc="287,0,257,0,213,-39,223,59" /><INIT seed="3,0,0,3,3,131" ten="287,257,174,282" oya="3" hai0="132,62,5,43,3,111,97,17,79,77,75,53,86" hai1="21,48,47,133,60,80,57,4,23,92,13,51,39" hai2="124,117,123,55,33,78,103,73,18,70,94,58,85" hai3="24,90,42,110,98,7,68,45,44,120,6,16,84"/><W20/><G120/><T46/><D111/><U99/><E133/><V35/><F117/><W15/><G68/><T88/><D132/><U83/><E39/><V12/><F70/><W28/><G98/><T26/><D3/><U128/><E128/><V1/><F1/><W66/><G66/><T32/><D5/><N who="3" m="1545" /><G42/><T112/><D75/><U19/><E21/><V74/><F124/><W9/><G110/><T14/><D97/><U2/><E4/><V34/><F123/><W115/><G115/><T72/><D72/><U107/><E107/><V121/><F121/><W81/><AGARI ba="0,0" hai="9,15,16,20,24,28,44,45,81,84,90" m="1545" machi="81" ten="30,3000,0" yaku="8,1,54,1" doraHai="131" who="3" fromWho="3" sc="287,-10,257,-10,174,-10,282,30" owari="277,7.7,247,-15.3,164,-33.6,312,41.2" /></mjloggm>