<mjloggm ver="2.3"><GO type="225" lobby="0"/><UN n0="%6D%75%75%6D%75%72%61" n1="%E6%80%AA%E3%81%97%E3%81%99%E3%81%8E%E3%82%8B%E3%83%81%E3%83%BC" n2="%33%73%74%72%69%6B%65%73" n3="%E3%81%AF%E3%82%88%E3%81%8A%E3%81%98%E3%81%95%E3%82%93" dan="16,17,16,16" rate="2104.80,2132.55,2127.91,2200.87" sx="F,M,M,M"/><TAIKYOKU oya="0"/><INIT seed="0,0,0,2,3,121" ten="250,250,250,250" oya="0" hai0="127,62,68,91,102,86,29,4,65,42,64,48,126" hai1="98,80,66,57,75,19,109,25,34,20,120,122,1" hai2="82,100,73,123,70,118,30,35,77,101,56,16,45" hai3="15,69,8,104,130,18,107,36,24,134,54,92,71"/><T6/><D102/><N who="2" m="39530" /><F70/><W108/><G36/><T113/><D113/><U67/><E109/><V5/><F35/><W61/><G130/><T2/><D65/><U52/><E1/><V21/><F30/><W39/><G39/><T37/><D37/><U47/><E34/><V55/><F73/><W49/><G134/><T111/><D29/><U93/><E47/><V40/><F5/><W53/><G92/><T43/><D111/><U27/><E27/><N who="2" m="14759" /><F123/><W23/><G108/><T103/><D103/><U33/><E33/><V74/><F74/><W3/><G3/><T89/><D89/><N who="1" m="55599" /><E75/><V38/><F38/><W105/><G61/><T132/><D132/><U129/><E129/><V10/><F10/><W85/><G85/><T131/><D131/><U7/><E7/><N who="0" m="2601" /><D48/><N who="1" m="30855" /><E122/><V22/><F118/><W128/><G128/><T94/><D2/><U90/><E120/><V119/><F119/><W96/><G96/><T44/><D44/><U0/><E0/><V95/><F45/><W114/><G114/><T125/><AGARI ba="0,0" hai="42,43,62,64,68,86,91,94,125,126,127" m="2601" machi="125" ten="40,2100,0" yaku="18,1" doraHai="121" who="0" fromWho="0" sc="250,21,250,-7,250,-7,250,-7" /><INIT seed="0,1,0,0,1,48" ten="271,243,243,243" oya="0" hai0="122,7,89,88,65,111,10,101,135,45,17,67,14" hai1="94,79,113,83,124,53,29,31,103,78,84,69,11" hai2="132,5,109,42,68,63,71,74,8,98,56,70,85" hai3="4,40,131,90,33,93,62,27,24,86,0,37,13"/><T34/><D122/><U115/><E124/><V9/><F74/><W66/><G0/><T20/><D135/><U127/><E127/><V35/><F35/><W92/><G131/><T46/><D34/><U105/><E69/><V73/><F73/><W125/><G125/><T16/><D101/><U77/><E105/><V59/><F42/><W22/><G33/><T82/><D111/><U133/><E133/><V117/><F132/><W87/><G37/><T64/><D17/><U57/><E11/><V128/><F98/><W120/><G40/><T100/><D100/><U38/><E38/><V104/><F104/><W118/><G118/><T2/><REACH who="0" step="1"/><D82/><REACH who="0" ten="261,243,243,243" step="2"/><U129/><E129/><V6/><F109/><W30/><G120/><T81/><D81/><U36/><E113/><V15/><F128/><W55/><G30/><T49/><D49/><U123/><E115/><V51/><F117/><W60/><G4/><T134/><D134/><U43/><E123/><V116/><F116/><W61/><G92/><T97/><D97/><N who="1" m="59831" /><E31/><V19/><F51/><W47/><G93/><T23/><D23/><U25/><E36/><V58/><F6/><W75/><G22/><T91/><AGARI ba="1,1" hai="2,7,10,14,16,20,45,46,64,65,67,88,89,91" machi="91" ten="30,11700,0" yaku="1,1,0,1,54,2,53,0" doraHai="48" doraHaiUra="96" who="0" fromWho="0" sc="261,130,243,-40,243,-40,243,-40" /><INIT seed="0,2,0,4,3,107" ten="391,203,203,203" oya="0" hai0="24,61,40,59,85,43,11,18,62,49,2,42,21" hai1="81,90,22,58,84,7,79,47,113,99,132,129,39" hai2="127,97,34,126,69,56,77,104,31,35,48,114,96" hai3="64,55,52,0,1,120,92,4,124,12,101,100,6"/><T30/><D85/><U65/><E132/><V68/><F114/><W106/><G106/><T54/><REACH who="0" step="1"/><D2/><REACH who="0" ten="381,203,203,203" step="2"/><U112/><E84/><V51/><F126/><W5/><G124/><T28/><D28/><U44/><E112/><V91/><F31/><W103/><G0/><T83/><D83/><U130/><E81/><V117/><F127/><W80/><G1/><T131/><D131/><U17/><E113/><V45/><F117/><W66/><G80/><T93/><D93/><U41/><E129/><V60/><F104/><W8/><G92/><T88/><D88/><U50/><E90/><V109/><F91/><W125/><G125/><T53/><D53/><N who="3" m="20553" /><G120/><T3/><D3/><U33/><E130/><V105/><F105/><W115/><G115/><T25/><D25/><U57/><E79/><V123/><F77/><W20/><G20/><T110/><D110/><U82/><E22/><V98/><F109/><W67/><AGARI ba="2,1" hai="4,5,6,8,12,64,66,67,100,101,103" m="20553" machi="67" ten="40,2700,0" yaku="8,1,54,1" doraHai="107" who="3" fromWho="3" sc="381,-15,203,-9,203,-9,203,43" /><INIT seed="1,0,0,0,3,96" ten="366,194,194,246" oya="1" hai0="64,118,14,8,127,0,99,129,125,46,75,105,74" hai1="77,47,33,103,81,63,123,17,30,133,1,7,120" hai2="89,15,62,31,24,83,87,134,131,92,37,94,6" hai3="40,39,43,100,78,119,35,26,111,132,95,29,90"/><U73/><E133/><V116/><F116/><W20/><G132/><T28/><D118/><U32/><E17/><V109/><F37/><W34/><G119/><T71/><D0/><U56/><E47/><V72/><F109/><W135/><G135/><T13/><D129/><U36/><E36/><V5/><F134/><W115/><G115/><T41/><D28/><U16/><E16/><V126/><F72/><W61/><G111/><T53/><D53/><U76/><E76/><V84/><F126/><N who="0" m="48138" /><D64/><U79/><E79/><N who="2" m="46207" /><F15/><N who="0" m="5642" /><D71/><U58/><E30/><V121/><F121/><W114/><G78/><T21/><D21/><U85/><E32/><V59/><F92/><W102/><G114/><T27/><D27/><U55/><E33/><V68/><F68/><W130/><G130/><T97/><D8/><U10/><E73/><N who="0" m="27657" /><D105/><U93/><REACH who="1" step="1"/><E56/><REACH who="1" ten="366,184,194,246" step="2"/><V91/><F131/><W12/><G39/><AGARI ba="0,1" hai="39,41,46,97,99" m="27657,5642,48138" machi="39" ten="30,1000,0" yaku="18,1" doraHai="96" who="0" fromWho="3" sc="366,20,184,0,194,0,246,-10" /><INIT seed="2,0,0,0,5,134" ten="386,184,194,236" oya="2" hai0="13,48,19,40,89,61,88,117,91,4,130,26,36" hai1="7,8,10,108,28,95,34,80,60,3,35,27,100" hai2="9,1,15,73,135,33,29,122,65,96,5,104,20" hai3="44,105,81,0,79,75,69,37,56,68,23,63,71"/><V128/><F122/><W109/><G105/><T123/><D123/><U30/><E108/><V57/><F73/><W101/><G101/><T97/><D36/><U17/><E60/><N who="2" m="38031" /><F104/><W99/><G99/><T25/><D130/><U120/><E80/><V127/><F135/><W87/><G0/><T113/><D113/><U131/><E95/><V124/><F128/><W118/><G118/><T59/><D117/><U119/><E100/><V107/><F107/><W132/><G132/><T76/><D76/><U110/><E119/><V22/><F96/><W41/><G109/><T16/><D97/><U72/><E72/><V32/><F15/><W46/><G44/><N who="0" m="25607" /><D4/><N who="1" m="1055" /><E131/><V98/><F98/><W31/><G75/><T47/><D47/><U112/><E112/><V93/><F93/><W62/><G56/><T6/><D6/><U54/><E54/><V58/><F58/><W111/><G111/><T43/><D43/><U90/><E90/><V102/><F102/><W70/><G71/><T67/><D19/><U125/><E110/><V85/><F85/><W39/><G37/><T38/><D38/><U45/><E120/><V103/><F103/><W115/><G115/><T55/><D55/><U64/><E45/><V66/><F66/><W51/><G39/><T11/><AGARI ba="0,0" hai="11,13,16,25,26,59,61,67,88,89,91" m="25607" machi="11" ten="30,4000,0" yaku="8,1,54,2" doraHai="134" who="0" fromWho="0" sc="386,40,184,-10,194,-20,236,-10" /><INIT seed="3,0,0,1,1,63" ten="426,174,174,226" oya="3" hai0="55,87,46,34,134,3,59,69,49,4,127,60,108" hai1="129,27,61,6,135,44,23,29,28,39,79,120,12" hai2="53,100,13,57,74,31,91,45,113,41,112,21,124" hai3="56,40,58,110,82,98,130,8,111,83,89,73,14"/><W85/><G130/><T43/><D34/><U37/><E120/><V94/><F74/><W78/><G40/><T117/><D117/><U104/><E104/><V7/><F124/><W119/><G98/><T5/><D127/><U75/><E129/><V72/><F72/><W97/><G97/><T11/><D108/><N who="3" m="41513" /><G119/><T71/><D134/><U16/><E135/><V24/><F100/><W25/><G25/><T109/><D109/><U18/><E61/><N who="2" m="36015" /><F13/><W76/><G89/><T70/><D5/><AGARI ba="0,0" hai="5,8,14,56,58,73,76,78,82,83,85" m="41513" machi="5" ten="30,2900,0" yaku="14,1,10,1" doraHai="63" who="3" fromWho="0" sc="426,-29,174,0,174,0,226,29" /><INIT seed="3,1,0,3,1,63" ten="397,174,174,255" oya="3" hai0="70,25,60,75,73,134,116,122,77,133,101,28,7" hai1="91,33,1,26,44,106,68,130,81,108,88,105,118" hai2="59,10,79,14,90,49,74,96,125,94,52,6,110" hai3="27,64,89,15,100,107,48,46,2,24,104,61,112"/><W17/><G112/><T45/><D122/><U47/><E68/><V66/><F110/><W72/><G2/><T115/><D116/><U36/><E1/><V86/><F125/><W97/><G104/><T99/><D115/><U103/><E108/><V41/><F74/><W69/><G89/><T123/><D123/><U9/><E118/><V55/><F41/><W30/><G72/><T16/><D7/><U65/><E130/><V109/><F109/><W119/><G119/><T129/><D129/><U37/><E9/><V12/><F12/><W56/><G56/><T19/><D45/><N who="1" m="17483" /><E65/><V29/><F29/><W57/><G57/><T51/><D51/><U102/><E26/><V40/><F40/><W132/><G132/><N who="0" m="50795" /><D77/><U71/><E33/><V34/><F34/><W92/><G92/><N who="0" m="58599" /><D75/><U82/><E71/><V32/><F32/><W23/><REACH who="3" step="1"/><G30/><REACH who="3" ten="397,174,174,245" step="2"/><T62/><D73/><U22/><E105/><V120/><F120/><W128/><G128/><T58/><D70/><U42/><E106/><V39/><F39/><W5/><G5/><T131/><D131/><U13/><E37/><V87/><F79/><W54/><AGARI ba="1,1" hai="15,17,23,24,27,46,48,54,61,64,69,97,100,107" machi="54" ten="20,12000,1" yaku="1,1,0,1,7,1,52,1,53,1" doraHai="63" doraHaiUra="95" who="3" fromWho="3" sc="397,-41,174,-41,174,-41,245,133" owari="356,15.6,133,-26.7,133,-36.7,378,47.8" /></mjloggm>