<mjloggm ver="2.3"><GO type="225" lobby="0"/><UN n0="%28%EF%BF%A3%E2%96%BD%EF%BF%A3%29%CE%B4%E2%8C%92%E3%83%BB" n1="%E6%B0%B7%E5%B7%9D%E9%87%8C%E5%A5%88" n2="%E5%A4%8F%E9%88%B4%E9%88%B4%E5%A4%8F" n3="%43%68%65" dan="16,16,16,16" rate="2148.00,2130.45,2130.82,2171.21" sx="M,F,M,M"/><TAIKYOKU oya="0"/><INIT seed="0,0,0,2,0,51" ten="250,250,250,250" oya="0" hai0="115,73,34,39,112,117,75,89,97,29,76,130,14" hai1="68,45,82,6,87,106,30,62,95,86,3,100,13" hai2="7,31,60,131,90,61,32,36,123,35,120,67,56" hai3="108,109,43,119,28,84,55,64,46,70,93,44,133"/><T122/><D39/><U10/><E106/><V124/><F124/><W21/><G28/><T129/><D14/><U92/><E30/><V121/><F131/><N who="0" m="50186" /><D29/><U126/><E126/><V78/><F36/><N who="3" m="21607" /><G21/><T105/><D34/><U80/><E3/><V135/><F135/><W85/><G133/><T77/><D122/><U132/><E132/><V4/><F78/><N who="0" m="30314" /><D117/><U128/><E128/><V38/><F38/><W88/><G119/><T66/><D66/><U81/><E45/><V53/><F90/><W125/><G125/><T101/><D89/><U41/><E41/><V63/><F63/><W74/><G64/><T104/><D104/><U26/><E26/><V9/><F31/><W96/><G74/><AGARI ba="0,0" hai="73,74,75,97,101,105,112,115" m="30314,50186" machi="74" ten="30,5800,0" yaku="19,1,34,2" doraHai="51" who="0" fromWho="3" sc="250,58,250,0,250,0,250,-58" /><INIT seed="0,1,0,2,1,100" ten="308,250,250,192" oya="0" hai0="45,73,89,107,131,8,4,134,79,87,110,44,86" hai1="71,43,26,124,30,52,85,72,83,121,68,32,24" hai2="48,40,104,133,20,16,35,5,113,94,31,60,0" hai3="63,93,98,53,22,6,135,59,92,81,3,99,47"/><T106/><D73/><U21/><E121/><V117/><F104/><W25/><G135/><T125/><D134/><U101/><E124/><V42/><F113/><W116/><G116/><T80/><D125/><U23/><E43/><V19/><F117/><W77/><G3/><T9/><D131/><U129/><E129/><V84/><F133/><W18/><G6/><T28/><D28/><U41/><E41/><N who="2" m="15979" /><F0/><W66/><G93/><T130/><D130/><U29/><E72/><V109/><F35/><W105/><G105/><T122/><D122/><U12/><E101/><V1/><F1/><W65/><G47/><T69/><D69/><U96/><E96/><V55/><F60/><W37/><G37/><T108/><D4/><U70/><E12/><V114/><F5/><W127/><G99/><T13/><D13/><U102/><E102/><V82/><F94/><W38/><G38/><T46/><D9/><U97/><E97/><V15/><F109/><N who="0" m="42090" /><D8/><U132/><E132/><V62/><F62/><W57/><G57/><T49/><D49/><U14/><E14/><V64/><F64/><W2/><G2/><T54/><D54/><U123/><E123/><V67/><F67/><W7/><G7/><T27/><D27/><U76/><E52/><V119/><F114/><W103/><REACH who="3" step="1"/><G127/><REACH who="3" ten="308,250,250,182" step="2"/><T51/><D51/><U50/><E50/><V36/><F36/><W128/><G128/><T90/><D79/><U58/><E58/><N who="2" m="33127" /><F119/><W126/><G126/><T115/><D115/><U34/><AGARI ba="1,1" hai="21,23,24,26,29,30,32,34,68,70,71,76,83,85" machi="34" ten="40,2700,0" yaku="0,1,9,1" doraHai="100" who="1" fromWho="1" sc="308,-14,250,40,250,-8,182,-8" /><INIT seed="1,0,0,3,1,27" ten="294,290,242,174" oya="1" hai0="130,17,126,48,66,118,2,133,88,32,70,134,5" hai1="22,112,37,95,84,90,110,129,122,44,74,3,9" hai2="21,116,16,86,4,73,10,131,69,25,15,64,71" hai3="0,38,100,34,76,121,41,42,83,102,29,125,43"/><U106/><E112/><V127/><F73/><W85/><G121/><T47/><D118/><U111/><E122/><V53/><F116/><W52/><G38/><T82/><D32/><U132/><E106/><V78/><F127/><W115/><G115/><T28/><D28/><U123/><E123/><V20/><F131/><W35/><G125/><T75/><D130/><U105/><E105/><V8/><F64/><W135/><G0/><T87/><D75/><U36/><E129/><V114/><F114/><W24/><G135/><T107/><D107/><U99/><E74/><V49/><F10/><W113/><G35/><T13/><D5/><N who="1" m="1215" /><E44/><V98/><F98/><W109/><G113/><T94/><D2/><U12/><E132/><V119/><F119/><W39/><G39/><T108/><D126/><U120/><E120/><V50/><F50/><W14/><G109/><N who="1" m="41482" /><E84/><V6/><F6/><W26/><G26/><T23/><D108/><U30/><E12/><V19/><F86/><W54/><REACH who="3" step="1"/><G14/><REACH who="3" ten="294,290,242,164" step="2"/><T58/><D134/><U72/><E72/><V97/><F25/><AGARI ba="0,1" hai="22,25,30,36,37,90,95,99" m="41482,1215" machi="25" ten="30,5800,0" yaku="14,1,10,1,52,1" doraHai="27" who="1" fromWho="2" sc="294,0,290,68,242,-58,164,0" /><INIT seed="1,1,0,0,1,132" ten="294,358,184,164" oya="1" hai0="99,7,100,26,2,54,41,18,125,0,50,13,25" hai1="112,129,65,93,76,71,55,36,23,53,121,1,90" hai2="108,115,29,130,31,83,67,70,110,127,5,11,102" hai3="72,78,63,101,119,39,113,114,32,118,19,60,20"/><U79/><E112/><N who="3" m="43114" /><G32/><T75/><D75/><U88/><E121/><V85/><F115/><W96/><G39/><T84/><D41/><U44/><E1/><V59/><F70/><W134/><G134/><T33/><D84/><U94/><E129/><V122/><F102/><W80/><G20/><T8/><D33/><U103/><E103/><V81/><F122/><W91/><G19/><T28/><D28/><N who="2" m="10826" /><F130/><W135/><G135/><T37/><D37/><U68/><E36/><V61/><F85/><W74/><G74/><T38/><D38/><U15/><E23/><V116/><F116/><N who="3" m="44587" /><G91/><T48/><D100/><U40/><E40/><V30/><F30/><W126/><G126/><T6/><D125/><U104/><E15/><N who="2" m="5615" /><F127/><W27/><G27/><T97/><D26/><U47/><E104/><AGARI ba="1,0" hai="60,63,72,78,80,96,101,104" m="44587,43114" machi="104" ten="30,1000,0" yaku="12,1" doraHai="132" who="3" fromWho="1" sc="294,0,358,-13,184,0,164,13" /><INIT seed="2,0,0,0,0,57" ten="294,345,184,177" oya="2" hai0="31,11,80,41,83,56,50,23,40,1,18,135,55" hai1="104,42,67,20,34,73,61,8,4,88,109,106,19" hai2="44,113,15,46,45,0,52,95,79,120,24,7,51" hai3="116,103,75,66,126,35,70,36,38,125,134,53,43"/><V92/><F113/><W13/><G75/><T84/><D135/><U27/><E73/><V87/><F0/><W119/><G35/><T22/><D1/><U10/><E34/><V124/><F124/><N who="3" m="47723" /><G103/><T101/><D101/><U74/><E74/><V68/><F68/><W16/><G53/><T112/><D112/><U111/><E42/><N who="0" m="16489" /><D31/><U69/><E88/><N who="2" m="53279" /><F120/><W33/><G33/><T71/><D71/><U118/><E118/><N who="3" m="45098" /><G43/><T21/><D84/><U94/><E94/><V37/><F37/><W107/><G107/><N who="1" m="41002" /><E4/><V17/><F79/><W65/><G134/><T29/><D29/><U77/><E77/><V60/><F95/><W86/><G86/><T2/><D2/><U12/><E69/><V93/><F93/><W72/><G72/><T127/><D127/><U102/><E102/><V97/><F97/><W54/><G54/><T63/><D50/><U133/><E133/><V123/><F123/><W115/><G115/><T5/><D5/><U121/><E121/><V108/><F7/><W58/><G70/><T132/><D132/><U28/><E28/><V47/><F51/><W100/><G100/><T131/><D83/><U105/><E105/><V90/><F52/><W81/><G81/><T62/><D80/><U114/><E114/><V117/><F117/><W30/><G30/><T85/><D55/><U110/><E110/><V78/><F108/><W32/><G32/><T64/><D85/><U122/><E122/><V39/><F46/><W98/><G98/><T89/><D89/><U48/><E111/><V9/><F44/><W96/><G96/><T26/><D26/><RYUUKYOKU ba="0,0" sc="294,0,345,0,184,0,177,0" /><INIT seed="3,1,0,1,2,99" ten="294,345,184,177" oya="3" hai0="98,32,49,41,39,8,19,65,23,68,100,126,56" hai1="118,69,127,124,54,130,66,133,87,79,35,135,85" hai2="104,95,84,46,91,52,97,31,40,83,36,62,74" hai3="55,43,50,4,110,30,25,114,121,106,38,11,80"/><W34/><G121/><T81/><D32/><U15/><E35/><V64/><F104/><W101/><G114/><T102/><D126/><N who="1" m="48171" /><E118/><V7/><F74/><W78/><G110/><T86/><D8/><U27/><E130/><V67/><F31/><W9/><G43/><T77/><D98/><U125/><E125/><V16/><F7/><W71/><G71/><T21/><D68/><U53/><E27/><V76/><F16/><W94/><G106/><T29/><D39/><U17/><E66/><V129/><F129/><W108/><G38/><T33/><D33/><U6/><E6/><V111/><F111/><W3/><G11/><T37/><D37/><U22/><E69/><V0/><F0/><W116/><G108/><T128/><D128/><U119/><E119/><V14/><F14/><W75/><G116/><T45/><D29/><U117/><E117/><V89/><F76/><W58/><REACH who="3" step="1"/><G94/><REACH who="3" ten="294,345,184,167" step="2"/><T113/><D113/><U20/><E135/><V96/><F96/><W60/><G60/><N who="0" m="38023" /><D23/><U120/><E133/><V28/><F36/><W63/><G63/><T90/><D77/><U115/><E120/><V13/><F62/><W109/><G109/><T92/><D92/><U48/><E115/><V103/><F95/><W26/><G26/><AGARI ba="1,1" hai="19,21,26,41,45,49,81,86,90,100,102" m="38023" machi="26" ten="30,3900,0" yaku="8,1,52,2" doraHai="99" who="0" fromWho="3" sc="294,52,345,0,184,0,167,-42" owari="346,44.6,345,14.5,184,-21.6,125,-37.5" /></mjloggm>