<mjloggm ver="2.3"><GO type="225" lobby="0"/><UN n0="%48%61%61%61%6C%61%6E%64" n1="%E3%82%B7%E3%83%B3%E5%A4%AA%E6%9C%97" n2="%43%68%65" n3="%E8%A8%88%E7%AE%97%E6%A9%9F%E8%87%AA%E7%84%B6" dan="17,16,16,17" rate="2246.12,2111.41,2148.95,2212.76" sx="M,M,M,M"/><TAIKYOKU oya="0"/><INIT seed="0,0,0,4,0,97" ten="250,250,250,250" oya="0" hai0="88,56,76,135,120,129,126,28,98,61,5,10,67" hai1="115,96,60,75,89,37,94,27,19,128,35,109,100" hai2="6,110,52,83,72,54,42,93,70,111,48,101,105" hai3="85,50,17,82,34,90,38,4,39,53,132,32,84"/><T86/><D120/><U30/><E109/><N who="2" m="41483" /><F70/><W133/><G4/><T117/><D117/><U43/><E128/><V41/><F105/><W106/><G106/><T78/><D129/><U102/><E75/><V1/><F1/><W112/><BYE who="2" /><G112/><T80/><D135/><N who="3" m="51785" /><G17/><T25/><D98/><U69/><E115/><UN n2="%43%68%65" /><V108/><F6/><W11/><G11/><T66/><D66/><U23/><E43/><N who="2" m="16395" /><F108/><W14/><G14/><T45/><D45/><U71/><E37/><N who="3" m="13834" /><G84/><T68/><D68/><U44/><E44/><AGARI ba="0,0" hai="32,34,44,50,53,82,85,90" m="13834,51785" machi="44" ten="30,1000,0" yaku="20,1" doraHai="97" who="3" fromWho="1" sc="250,0,250,-10,250,0,250,10" /><INIT seed="1,0,0,2,0,7" ten="250,240,250,260" oya="1" hai0="134,113,92,132,71,69,109,27,11,70,123,34,74" hai1="90,135,128,84,15,62,99,83,14,58,9,77,68" hai2="19,21,82,75,121,119,78,28,87,31,76,97,48" hai3="100,8,4,42,105,36,117,131,91,37,110,129,60"/><U79/><E135/><N who="0" m="51753" /><D113/><U22/><E128/><N who="3" m="49226" /><G110/><T0/><D123/><U47/><E68/><V120/><F119/><W57/><G117/><T24/><D109/><U26/><E47/><V50/><F97/><N who="3" m="61583" /><G91/><T12/><D0/><U59/><E99/><V25/><F75/><W133/><G42/><T49/><D74/><U53/><E58/><V114/><F114/><W103/><G103/><T45/><D92/><U130/><E15/><V86/><F121/><W80/><G80/><T44/><D34/><U56/><E59/><V116/><F116/><W88/><G88/><T35/><D35/><U124/><E124/><V104/><F104/><W10/><G133/><T43/><D44/><U101/><E101/><V61/><F61/><W93/><G93/><T106/><D106/><U41/><E41/><V98/><F98/><W20/><G20/><T23/><D23/><U63/><E62/><V111/><F111/><W2/><G8/><T33/><D33/><U66/><E130/><V102/><F102/><W96/><G96/><T32/><D32/><U125/><E125/><V115/><F115/><W18/><G18/><AGARI ba="0,0" hai="11,12,18,24,27,43,45,49,69,70,71" m="51753" machi="18" ten="40,2600,0" yaku="20,1,52,1" doraHai="7" who="0" fromWho="3" sc="250,26,240,0,250,0,260,-26" /><INIT seed="2,0,0,2,1,11" ten="276,240,250,234" oya="2" hai0="2,5,69,113,128,8,87,88,14,100,52,110,132" hai1="59,19,47,115,31,79,22,57,65,74,38,54,90" hai2="0,35,62,92,55,73,56,122,63,39,103,20,23" hai3="6,1,9,124,71,45,85,123,134,18,108,94,82"/><V53/><F122/><W78/><G123/><T77/><D113/><U33/><E115/><V80/><F35/><W46/><G71/><T40/><D110/><U99/><E33/><V89/><F39/><W83/><G108/><T32/><D32/><U118/><E31/><V96/><F0/><W25/><G124/><T72/><D69/><U81/><E118/><V91/><F73/><W76/><G134/><T29/><D29/><U127/><E127/><V119/><F119/><W44/><G94/><T4/><D40/><U27/><E65/><V84/><REACH who="2" step="1"/><F103/><REACH who="2" ten="276,240,240,234" step="2"/><W97/><G97/><T13/><D100/><U21/><E38/><V50/><F50/><W70/><G70/><T95/><D2/><U125/><E125/><V135/><F135/><W101/><G101/><T75/><D132/><U121/><E121/><V42/><F42/><W51/><G51/><T106/><D72/><U66/><E74/><V109/><F109/><W120/><G120/><T30/><D75/><U68/><E68/><V17/><F17/><W67/><G18/><T129/><D30/><U105/><E19/><V49/><F49/><W102/><G102/><T86/><D4/><U16/><E16/><V104/><F104/><W10/><G1/><T116/><D106/><U64/><E105/><V7/><F7/><W26/><G6/><T117/><D116/><U93/><E27/><N who="3" m="10250" /><G67/><T111/><D117/><U130/><E64/><V34/><F34/><W48/><G48/><T133/><D133/><U36/><E66/><V24/><F24/><W131/><G131/><T61/><D128/><U112/><E130/><RYUUKYOKU ba="0,1" sc="276,-15,240,-15,240,15,234,15" hai2="20,23,53,55,56,62,63,80,84,89,91,92,96" hai3="9,10,44,45,46,76,78,82,83,85" /><INIT seed="2,1,1,0,1,66" ten="261,225,255,249" oya="2" hai0="16,132,3,81,63,73,129,38,114,89,96,106,13" hai1="128,82,75,110,10,55,30,25,112,113,41,21,92" hai2="36,9,39,34,100,87,7,108,94,126,22,119,102" hai3="122,35,6,117,24,120,125,20,71,31,33,15,91"/><V40/><F34/><N who="3" m="12811" /><G91/><T67/><D3/><U42/><E110/><V99/><F119/><W79/><G79/><T48/><D38/><U0/><E128/><V115/><F115/><W127/><G71/><T123/><D114/><U26/><E92/><V46/><F108/><W45/><G45/><T135/><D129/><U103/><E103/><V4/><F126/><N who="3" m="48139" /><G117/><T111/><D111/><U124/><E124/><V109/><F109/><W56/><G56/><T37/><D37/><U105/><E105/><V74/><F74/><W19/><G6/><T90/><D73/><U98/><E55/><V78/><F39/><W53/><G53/><T49/><D90/><U86/><E98/><V107/><F102/><W64/><G64/><T32/><D89/><U51/><E75/><V65/><F65/><W116/><G116/><T44/><D81/><U2/><E42/><V8/><F107/><W58/><G58/><T17/><D106/><U28/><E112/><V130/><F130/><W72/><G72/><T47/><D96/><U104/><E104/><V77/><F87/><W69/><G69/><T131/><D131/><U80/><E113/><V29/><F78/><W93/><G93/><T60/><D67/><U76/><E82/><V85/><F85/><W133/><G133/><T43/><D43/><U95/><E95/><V84/><F84/><W18/><G18/><T121/><D132/><U97/><E97/><V70/><F70/><W11/><AGARI ba="1,1" hai="11,15,19,20,24,31,120,122" m="48139,12811" machi="11" ten="30,4000,0" yaku="18,1,34,2" doraHai="66" who="3" fromWho="3" sc="261,-11,225,-11,255,-21,249,53" /><INIT seed="3,0,0,0,0,71" ten="250,214,234,302" oya="3" hai0="115,88,3,123,4,67,74,120,76,8,124,36,17" hai1="113,96,127,82,7,118,129,48,106,64,70,43,28" hai2="68,79,54,10,132,125,99,91,131,33,15,22,121" hai3="103,89,44,58,128,94,63,119,98,95,85,2,62"/><W83/><G119/><T41/><D124/><U105/><E113/><V69/><F33/><W134/><G2/><T49/><D115/><U31/><E127/><V97/><F125/><W100/><G134/><T18/><D49/><U30/><E118/><V46/><F132/><W14/><G128/><T133/><D133/><U6/><E129/><V90/><F131/><W21/><G44/><N who="0" m="23591" /><D67/><U117/><E117/><V39/><F79/><N who="3" m="46335" /><G94/><T45/><D45/><U23/><E82/><V92/><F22/><W5/><G62/><T19/><D88/><U84/><E84/><V29/><F29/><W114/><G114/><T26/><D123/><U111/><E111/><V20/><F20/><W13/><G5/><T60/><D60/><U65/><E23/><V57/><F121/><W50/><G50/><T35/><D120/><U110/><E110/><V52/><F68/><W112/><G112/><T9/><D4/><N who="1" m="1579" /><E70/><V77/><F77/><W78/><G78/><T81/><D3/><U75/><E75/><V102/><F69/><W25/><G13/><T16/><N who="0" m="4096" /><DORA hai="93" /><T37/><D37/><U135/><E135/><V51/><F15/><W38/><G38/><T42/><D42/><U101/><E106/><N who="2" m="63823" /><F10/><W34/><G14/><T1/><D1/><U104/><E105/><V11/><F11/><W24/><G34/><T66/><D8/><U55/><E43/><N who="2" m="22911" /><F54/><N who="3" m="34263" /><G21/><T56/><D9/><U80/><E80/><V12/><F12/><W108/><G108/><T27/><D35/><U59/><E104/><V86/><F91/><W61/><G61/><N who="0" m="38183" /><D81/><U47/><E47/><V122/><F122/><RYUUKYOKU ba="0,0" sc="250,0,214,0,234,0,302,0" hai0="26,27,74,76" hai1="28,30,31,48,55,59,64,65,96,101" hai2="51,52,57,86,90,92,99" hai3="24,25,89,95,98,100,103" owari="250,5.0,214,-28.6,234,-16.6,302,40.2" /></mjloggm>