<mjloggm ver="2.3"><GO type="225" lobby="0"/><UN n0="%E3%82%A2%E3%83%8A%E3%83%BC%E3%81%8D%E3%83%BC" n1="%E9%80%9F%E6%B0%B4%E5%87%9B%E9%A6%99" n2="%E6%A1%9C%E8%8A%B1%E9%96%83%E3%80%85" n3="%E3%81%8B%E3%82%8F%E3%81%A1%E3%82%83%E3%82%93%35%38" dan="16,16,16,16" rate="2102.13,2111.16,2124.80,2133.05" sx="M,F,M,M"/><TAIKYOKU oya="0"/><INIT seed="0,0,0,0,2,10" ten="250,250,250,250" oya="0" hai0="77,90,55,48,114,35,15,131,26,51,123,104,134" hai1="85,34,121,0,2,69,108,11,56,20,128,32,66" hai2="31,1,9,45,76,106,14,78,96,132,71,127,112" hai3="110,98,87,70,42,18,125,7,6,97,61,25,47"/><T52/><D114/><U82/><E69/><V89/><F112/><W95/><G110/><T50/><D123/><U59/><E121/><V21/><F127/><W81/><G125/><T17/><D104/><U93/><E93/><N who="2" m="56367" /><F1/><W33/><G97/><T68/><D131/><U46/><E108/><V122/><F71/><W111/><G111/><T60/><D134/><U41/><E128/><V84/><F106/><W109/><G109/><T115/><D115/><U74/><E74/><V117/><F117/><W65/><G33/><T80/><D90/><U107/><E107/><V39/><F39/><W99/><G99/><T38/><D38/><U12/><E20/><V91/><F45/><W57/><G25/><T64/><D26/><U8/><E8/><V4/><F132/><W88/><G18/><T124/><D35/><U75/><E75/><V101/><F101/><W3/><G3/><T129/><D129/><U19/><E0/><V118/><F118/><W29/><G29/><T44/><D124/><U120/><E2/><V135/><F135/><W16/><G16/><T36/><D44/><U37/><E120/><V49/><F49/><N who="3" m="26871" /><G70/><T133/><D36/><U13/><E34/><V102/><F102/><AGARI ba="0,0" hai="6,7,57,61,65,81,87,88,95,98,102" m="26871" machi="102" ten="30,2000,0" yaku="8,1,54,1" doraHai="10" who="3" fromWho="2" sc="250,0,250,0,250,-20,250,20" /><INIT seed="1,0,0,5,1,18" ten="250,250,230,270" oya="1" hai0="1,8,71,51,98,69,25,23,41,75,83,95,112" hai1="113,45,49,80,101,53,114,52,5,19,90,11,81" hai2="125,108,78,127,40,62,6,130,42,124,44,57,2" hai3="89,87,28,116,91,38,117,30,110,48,102,63,33"/><U3/><E101/><V94/><F108/><W135/><G38/><T88/><D112/><U66/><E66/><V55/><F130/><W21/><G33/><T93/><D41/><U111/><E111/><V17/><F78/><W128/><G110/><T96/><D51/><U67/><E67/><V79/><F79/><W84/><G102/><T15/><D1/><U109/><E109/><V119/><F119/><W16/><G128/><T58/><D58/><U46/><E19/><V106/><F106/><W9/><G9/><T76/><D95/><U56/><E46/><V73/><F73/><W37/><G37/><T82/><D82/><U24/><E24/><V131/><F131/><W100/><G100/><T74/><D98/><U31/><E31/><N who="3" m="11818" /><G135/><T35/><D74/><U32/><E32/><V60/><F2/><W118/><G48/><T14/><D35/><U65/><E114/><V29/><F125/><W54/><G54/><T72/><D72/><U13/><E65/><V122/><F55/><W133/><G63/><T47/><D47/><U120/><E120/><V0/><F60/><W99/><G133/><T105/><D105/><U12/><E113/><V92/><F122/><W107/><G107/><T10/><D71/><U97/><E53/><V61/><F42/><W68/><G68/><T104/><D69/><U85/><E45/><V132/><F44/><W39/><G39/><T43/><D104/><U123/><E123/><V59/><F132/><W7/><G99/><T27/><D43/><U134/><E97/><V50/><F127/><W20/><G117/><T34/><D96/><RYUUKYOKU ba="0,0" sc="250,0,250,0,230,0,270,0" /><INIT seed="2,1,0,3,1,24" ten="250,250,230,270" oya="2" hai0="44,134,95,23,32,27,123,8,125,20,101,94,118" hai1="92,1,87,128,56,5,52,51,64,40,0,67,15" hai2="132,84,55,124,7,17,48,131,75,135,80,77,22" hai3="4,85,103,50,54,61,81,19,36,88,91,93,106"/><V60/><F124/><W133/><G36/><T58/><D123/><U113/><E113/><V72/><F131/><W111/><G111/><T12/><D125/><U105/><E105/><V16/><F7/><W102/><G106/><T18/><D134/><N who="2" m="51242" /><F60/><W70/><G133/><T71/><D71/><U76/><E128/><V35/><F35/><W13/><G4/><T86/><D118/><U65/><E40/><V129/><F129/><W11/><G61/><T109/><D109/><U66/><N who="1" m="16384" /><DORA hai="57" /><U46/><E46/><N who="2" m="28055" /><F17/><W99/><REACH who="3" step="1"/><G70/><REACH who="3" ten="250,250,230,260" step="2"/><T63/><D63/><U90/><E0/><V119/><F119/><W108/><G108/><T26/><D32/><U42/><E1/><V116/><F116/><W100/><G100/><T117/><D101/><U29/><E5/><V89/><F77/><W69/><G69/><T10/><D117/><U30/><E76/><V47/><F47/><AGARI ba="1,1" hai="11,13,19,47,50,54,81,85,88,91,93,99,102,103" machi="47" ten="30,12000,2" yaku="1,1,7,1,25,2,8,1,54,1,53,0" doraHai="24,57" doraHaiUra="130,107" who="3" fromWho="2" sc="250,0,250,0,230,-123,260,133" /><INIT seed="3,0,0,4,2,89" ten="250,250,107,393" oya="3" hai0="81,114,31,46,59,80,108,1,21,95,96,7,78" hai1="11,61,122,35,113,8,123,118,64,36,37,101,60" hai2="99,17,109,58,98,100,25,93,121,129,117,128,16" hai3="40,119,38,120,57,76,107,26,42,41,44,70,52"/><W4/><G107/><T73/><D108/><U104/><E35/><V125/><F117/><W55/><G4/><T13/><D114/><U82/><E113/><V74/><F74/><W130/><G26/><T79/><D1/><U10/><E82/><V15/><F109/><W72/><G76/><T63/><D46/><U28/><E28/><V19/><F125/><W131/><G72/><T69/><D69/><U67/><E101/><V90/><F121/><W124/><G70/><T54/><D79/><U87/><E87/><V24/><F15/><W50/><G120/><T116/><D81/><U5/><E5/><V97/><F58/><N who="3" m="33047" /><G124/><T84/><D116/><U71/><E104/><V2/><F2/><W91/><G91/><N who="0" m="55423" /><D73/><U48/><E118/><V77/><F77/><W43/><G119/><T132/><D132/><U115/><E115/><V88/><F90/><W65/><G65/><T111/><D111/><U22/><E22/><V135/><F135/><W92/><G92/><T133/><D133/><U85/><E85/><N who="2" m="52367" /><F100/><W9/><G9/><N who="0" m="4287" /><D21/><U127/><E127/><V27/><F129/><W6/><G6/><T106/><D106/><U62/><E71/><V126/><F126/><W45/><G45/><T33/><D33/><U20/><E123/><V83/><F128/><W18/><G18/><T102/><D102/><U30/><E122/><V34/><F34/><W29/><G29/><AGARI ba="0,0" hai="29,31,54,59,63,78,80,84" m="4287,55423" machi="29" ten="30,2000,0" yaku="8,1,52,1" doraHai="89" who="0" fromWho="3" sc="250,20,250,0,107,0,393,-20" owari="270,7.0,250,-15.0,107,-39.3,373,47.3" /></mjloggm>