<mjloggm ver="2.3"><GO type="225" lobby="0"/><UN n0="%54%4F%52" n1="%E3%83%B4%E3%83%A0%EF%BC%99%E3%81%A6" n2="%74%61%6B%75%61%6B%61" n3="%E4%B8%89%E5%86%A0%E7%8E%8B%E3%83%BB%E5%B1%B1%E7%94%B0%E5%93%B2%E4%BA%BA" dan="17,16,17,16" rate="2247.71,2185.96,2247.51,2151.64" sx="M,M,M,M"/><TAIKYOKU oya="0"/><INIT seed="0,0,0,5,4,49" ten="250,250,250,250" oya="0" hai0="42,79,99,80,116,131,100,2,50,115,47,8,22" hai1="78,102,41,39,33,75,0,46,108,101,119,110,35" hai2="120,117,6,17,89,63,19,95,37,133,93,97,132" hai3="118,128,107,64,54,114,121,11,85,15,87,18,73"/><T14/><D115/><U9/><E119/><V68/><F120/><W123/><G73/><T65/><D116/><U55/><E101/><V53/><F37/><W31/><G118/><T3/><D22/><U38/><E102/><V10/><F117/><W84/><G107/><T122/><D65/><U7/><E38/><V83/><F83/><W72/><G72/><T32/><D32/><U82/><REACH who="1" step="1"/><E55/><REACH who="1" ten="250,240,250,250" step="2"/><V130/><F53/><W26/><G54/><T52/><D122/><U36/><E36/><V71/><F130/><W56/><G128/><T28/><D131/><U34/><AGARI ba="0,1" hai="0,7,9,33,34,35,39,41,46,75,78,82,108,110" machi="34" ten="40,12000,2" yaku="1,1,0,1,25,2,23,2,53,1" doraHai="49" doraHaiUra="104" who="1" fromWho="1" sc="250,-60,240,130,250,-30,250,-30" /><INIT seed="1,0,0,0,4,17" ten="190,370,220,220" oya="1" hai0="99,54,50,59,122,64,70,0,134,88,56,127,63" hai1="108,125,114,47,68,20,111,45,35,25,65,97,46" hai2="55,87,76,126,123,131,84,15,112,129,117,42,118" hai3="128,58,85,83,26,115,105,133,8,52,53,98,29"/><U44/><E114/><V119/><F42/><W57/><G115/><T106/><D127/><U101/><E125/><V71/><F71/><W3/><G133/><T36/><D134/><U60/><E35/><V13/><F126/><W16/><G128/><N who="2" m="49225" /><F112/><W82/><G3/><T2/><D122/><U113/><E113/><V19/><F123/><W1/><G1/><T22/><D36/><U102/><E46/><V121/><F121/><W109/><G109/><N who="1" m="42058" /><E97/><V78/><F55/><N who="3" m="21067" /><G105/><T86/><D70/><U14/><E14/><N who="2" m="5131" /><F19/><AGARI ba="0,0" hai="19,20,25,44,45,47,60,65,68,101,102" m="42058" machi="19" ten="30,5800,0" yaku="14,1,10,1,52,1" doraHai="17" who="1" fromWho="2" sc="190,0,370,58,220,-58,220,0" /><INIT seed="1,1,0,4,0,125" ten="190,428,162,220" oya="1" hai0="1,62,66,98,80,102,13,135,114,76,48,91,50" hai1="108,87,115,37,45,2,83,121,100,89,112,58,127" hai2="18,133,0,107,43,84,3,16,106,126,97,64,46" hai3="116,131,120,101,57,25,24,73,11,60,40,123,39"/><U38/><E121/><V31/><F126/><W117/><G73/><T129/><D1/><U113/><E127/><V109/><F109/><W130/><G101/><T41/><D114/><U132/><E2/><V96/><F133/><W59/><G11/><T111/><D111/><U17/><E108/><V104/><F31/><W35/><G35/><T122/><D135/><U69/><E69/><V55/><F0/><W70/><G70/><T71/><D122/><N who="3" m="46633" /><G24/><T110/><D110/><U82/><E132/><V81/><F3/><W49/><G25/><T42/><D91/><U34/><E34/><V52/><F64/><N who="3" m="38927" /><G39/><T28/><D28/><U119/><E100/><V88/><F97/><W12/><G12/><T72/><D13/><U21/><E37/><V105/><N who="2" m="26624" /><DORA hai="90" /><V27/><F96/><W15/><G15/><T77/><D77/><U47/><E38/><V6/><F6/><W29/><G29/><T95/><REACH who="0" step="1"/><D129/><REACH who="0" ten="180,428,162,220" step="2"/><N who="3" m="49161" /><G40/><AGARI ba="1,1" hai="40,41,42,48,50,62,66,71,72,76,80,95,98,102" machi="40" ten="40,8000,1" yaku="1,1,52,1,53,2" doraHai="125,90" doraHaiUra="44,8" who="0" fromWho="3" sc="180,93,428,0,162,0,220,-83" /><INIT seed="2,0,0,5,0,21" ten="273,428,162,137" oya="2" hai0="118,132,62,56,93,79,32,39,73,72,69,14,30" hai1="82,7,68,121,35,106,49,77,8,115,0,16,19" hai2="78,89,40,50,22,2,84,41,48,36,54,3,112" hai3="61,37,126,105,130,124,10,119,53,134,26,108,102"/><V99/><F112/><W97/><G119/><T66/><D39/><U63/><E115/><V122/><F122/><W110/><G37/><T45/><D132/><U90/><E106/><V70/><F70/><W104/><G134/><T5/><D118/><U95/><E35/><V120/><F120/><W85/><G10/><T11/><D45/><U127/><E127/><N who="3" m="48682" /><G53/><T86/><D69/><U33/><E33/><V6/><F36/><W4/><G4/><T135/><D135/><U100/><E100/><V55/><F6/><W109/><G61/><T42/><D42/><U13/><E49/><V101/><F78/><W71/><G71/><T23/><D32/><U133/><E133/><V20/><F101/><N who="3" m="62511" /><G26/><N who="0" m="16735" /><D73/><U44/><E44/><V27/><F89/><W75/><G75/><T29/><D72/><U52/><E0/><V83/><F99/><N who="3" m="61663" /><G85/><T114/><D86/><N who="1" m="48463" /><E68/><V28/><F84/><W113/><G113/><T128/><D11/><U31/><E121/><V81/><F28/><W107/><G107/><T74/><D62/><U12/><E31/><V103/><F103/><W88/><G88/><T38/><D5/><U91/><E91/><V96/><F96/><W129/><AGARI ba="0,0" hai="108,109,110,129,130" m="61663,62511,48682" machi="129" ten="40,8000,1" yaku="14,1,18,1,23,1,34,2" doraHai="21" who="3" fromWho="3" sc="273,-20,428,-20,162,-40,137,80" /><INIT seed="3,0,0,3,2,133" ten="253,408,122,217" oya="3" hai0="63,9,65,79,118,47,110,32,35,76,100,70,120" hai1="51,128,78,43,97,95,67,83,14,107,58,60,45" hai2="37,8,104,53,129,10,82,41,57,50,46,103,68" hai3="105,19,109,24,55,116,34,87,64,29,11,59,84"/><W40/><G105/><T113/><D118/><U49/><E128/><V106/><F129/><W6/><G116/><T127/><D120/><U123/><E123/><V111/><F111/><W108/><G64/><T126/><D110/><N who="3" m="42601" /><G40/><T52/><D113/><U93/><E14/><V5/><F103/><W114/><G19/><T36/><D100/><U20/><E20/><V89/><F89/><W12/><G114/><T71/><D71/><U30/><E30/><V132/><F132/><W81/><G81/><T25/><D9/><U15/><E15/><V122/><F122/><W3/><G3/><T33/><D25/><U73/><E107/><V61/><F82/><W130/><G130/><T18/><D18/><U2/><E2/><V44/><F44/><W69/><G69/><T31/><D31/><U112/><E112/><V23/><F23/><W0/><G0/><T85/><D85/><U121/><E121/><V125/><F125/><N who="0" m="47626" /><D52/><U66/><E66/><V131/><F131/><W102/><G102/><T62/><D62/><AGARI ba="0,0" hai="6,11,12,24,29,34,55,59,62,84,87" m="42601" machi="62" ten="30,2900,0" yaku="14,1,10,1" doraHai="133" who="3" fromWho="0" sc="253,-29,408,0,122,0,217,29" /><INIT seed="3,1,0,5,5,95" ten="224,408,122,246" oya="3" hai0="130,28,126,65,61,119,102,113,26,58,20,6,88" hai1="47,7,64,67,104,122,117,108,1,27,19,135,111" hai2="77,99,41,40,105,115,133,97,80,116,118,46,100" hai3="86,10,5,18,11,36,89,132,32,91,106,72,127"/><W51/><G36/><T15/><D119/><U45/><E122/><V134/><F40/><W17/><G72/><T29/><D130/><U69/><E117/><N who="2" m="45163" /><F46/><N who="1" m="17417" /><E104/><N who="2" m="63503" /><F41/><W31/><G11/><N who="0" m="4599" /><D126/><U23/><E135/><N who="2" m="51723" /><F115/><W9/><G32/><T87/><D102/><U42/><E42/><V24/><F24/><W2/><G5/><T74/><D74/><U84/><E69/><V35/><F35/><W49/><G2/><T63/><D113/><U125/><E7/><V30/><F30/><W3/><G3/><T92/><D61/><U56/><E56/><V44/><F44/><W37/><G37/><T70/><D70/><U90/><E64/><V34/><F34/><W112/><G132/><T25/><D25/><U96/><E27/><V81/><F77/><W39/><G112/><T114/><D114/><U48/><E48/><V43/><F43/><W66/><G39/><T68/><D68/><U103/><E23/><V131/><F131/><W21/><G21/><T50/><D50/><U82/><E19/><AGARI ba="1,0" hai="19,20,26,28,29,58,63,65,87,88,92" m="4599" machi="19" ten="30,2000,0" yaku="8,1,54,1" doraHai="95" who="0" fromWho="1" sc="224,23,408,-23,122,0,246,0" owari="247,4.7,385,48.5,122,-37.8,246,-15.4" /></mjloggm>