<mjloggm ver="2.3"><GO type="225" lobby="0"/><UN n0="%E3%81%AF%E3%82%88%E3%81%8A%E3%81%98%E3%81%95%E3%82%93" n1="%E5%8F%AF%E5%85%90%E9%82%A3%E7%94%B1%E5%A4%9A" n2="%E3%83%A9%E3%83%96%E3%83%AC%E3%83%BC" n3="%E3%81%B2%E3%81%AA%E3%81%AE%E3%82%8A%E3%81%8F" dan="17,16,18,17" rate="2201.23,2201.78,2195.16,2193.35" sx="M,F,M,M"/><TAIKYOKU oya="0"/><INIT seed="0,0,0,0,1,108" ten="250,250,250,250" oya="0" hai0="63,35,54,94,4,7,2,85,47,100,105,58,121" hai1="72,50,73,44,70,57,134,120,32,89,128,127,77" hai2="126,60,79,43,1,56,25,103,13,119,41,91,11" hai3="107,49,96,82,135,116,3,110,123,38,92,21,81"/><T95/><D121/><U133/><E70/><V19/><F126/><W87/><G21/><T42/><D35/><U52/><E120/><V90/><F1/><W69/><G49/><T71/><D71/><U86/><E127/><V31/><F79/><W101/><G38/><T5/><D2/><U124/><E124/><V6/><F119/><W14/><G14/><T10/><D10/><U28/><E128/><V66/><F6/><W75/><G3/><T104/><D94/><U39/><E77/><V132/><F132/><N who="1" m="50793" /><E28/><V36/><F103/><W130/><G69/><T53/><D54/><U84/><E32/><V80/><F80/><N who="3" m="30827" /><G123/><T117/><D117/><U98/><E98/><V93/><F36/><W24/><G135/><T45/><D45/><U61/><E39/><V8/><F8/><W51/><G51/><T34/><D34/><U33/><E33/><V12/><F31/><W83/><G24/><T111/><D111/><U76/><E76/><V18/><F25/><W65/><G65/><T16/><D16/><U97/><E97/><V37/><F37/><W67/><G67/><T17/><D17/><U48/><E48/><V112/><F13/><W131/><G110/><T99/><REACH who="0" step="1"/><D85/><REACH who="0" ten="240,250,250,250" step="2"/><N who="1" m="32875" /><E89/><V109/><F91/><N who="3" m="53375" /><G116/><T26/><D26/><U106/><E106/><V114/><F19/><W9/><G9/><T129/><D129/><U122/><E122/><V59/><F109/><W62/><G131/><T55/><D55/><AGARI ba="0,1" hai="44,50,52,55,57,61,72,73" m="32875,50793" machi="55" ten="30,2000,0" yaku="20,1,54,1" doraHai="108" who="1" fromWho="0" sc="240,-20,250,30,250,0,250,0" /><INIT seed="1,0,0,0,4,37" ten="220,280,250,250" oya="1" hai0="27,68,1,94,121,82,91,45,98,81,7,60,26" hai1="5,133,85,42,122,112,124,104,24,43,19,32,6" hai2="55,114,0,70,79,83,8,132,56,113,123,48,131" hai3="101,50,118,20,11,86,12,51,107,100,59,103,73"/><U105/><E112/><N who="2" m="43115" /><F131/><W74/><G107/><T13/><D1/><U65/><E122/><V52/><F70/><W33/><G33/><T31/><D121/><U2/><E133/><V46/><F132/><W3/><G118/><T119/><D119/><U47/><E124/><V22/><F22/><W77/><G3/><T76/><D68/><U130/><E130/><V127/><F127/><W116/><G116/><T89/><D60/><U90/><E65/><V78/><F123/><W126/><G126/><T58/><D58/><U71/><E71/><V17/><F83/><W64/><G20/><T97/><D45/><U14/><E2/><V120/><F120/><W111/><G111/><T39/><D39/><U44/><E104/><V75/><F75/><W84/><G74/><T135/><D135/><U66/><E105/><V23/><F8/><W28/><G28/><T102/><D82/><N who="1" m="49463" /><E24/><N who="2" m="14447" /><F0/><W38/><G38/><T21/><D27/><U16/><E66/><V88/><F88/><W95/><G73/><T93/><D76/><U61/><E32/><V109/><F109/><W128/><G128/><T35/><D81/><U10/><E61/><AGARI ba="0,0" hai="46,48,52,55,56,61,78,79" m="14447,43115" machi="61" ten="30,2000,0" yaku="11,1,54,1" doraHai="37" who="2" fromWho="1" sc="220,0,280,-20,250,20,250,0" /><INIT seed="2,0,0,0,2,75" ten="220,260,270,250" oya="2" hai0="85,41,64,103,58,23,98,44,27,110,109,60,29" hai1="66,79,130,31,25,125,104,14,26,24,13,10,46" hai2="77,80,97,89,78,108,51,121,37,84,131,38,74" hai3="34,128,63,40,19,0,112,100,115,135,18,30,21"/><V12/><F121/><W3/><G100/><T28/><D85/><U134/><E104/><V114/><F114/><N who="3" m="43563" /><G40/><T71/><D29/><U53/><E130/><V129/><F38/><W1/><G63/><T90/><D90/><U81/><E134/><V2/><F2/><W102/><G102/><T111/><D71/><U16/><E125/><V124/><F124/><W11/><G128/><N who="2" m="49225" /><F74/><W43/><G43/><T113/><D113/><U57/><E66/><V6/><F37/><W33/><G135/><T15/><D15/><U59/><E13/><V39/><F39/><W36/><G36/><T8/><D8/><U120/><E120/><V88/><F108/><N who="0" m="27650" /><T94/><DORA hai="73" /><D41/><U76/><E81/><V49/><F89/><W4/><G30/><T50/><D50/><N who="2" m="18954" /><F97/><W87/><G87/><T48/><D48/><N who="1" m="28823" /><E31/><V83/><F83/><W106/><G106/><T47/><AGARI ba="0,0" hai="23,27,28,44,47,58,60,64,94,98,103" m="27650" machi="47" ten="40,2700,0" yaku="25,1,14,1" doraHai="75,73" who="0" fromWho="0" sc="220,27,260,-7,270,-13,250,-7" /><INIT seed="3,0,0,2,3,40" ten="247,253,257,243" oya="3" hai0="36,84,53,99,11,116,6,61,109,97,127,49,71" hai1="129,78,126,95,100,46,50,112,58,37,64,131,66" hai2="62,10,42,123,76,122,107,34,20,47,108,57,30" hai3="87,51,105,59,115,79,9,23,125,121,63,31,55"/><W72/><G121/><T18/><D36/><U93/><E78/><V74/><F107/><W82/><G115/><T124/><D116/><U117/><E100/><V133/><F34/><W27/><G125/><N who="0" m="48203" /><D109/><U15/><E126/><V77/><F133/><W41/><G105/><T67/><D18/><U68/><E112/><V120/><F10/><W96/><G96/><T38/><D38/><U118/><E68/><V33/><F33/><W81/><G9/><T7/><D84/><U98/><E37/><N who="2" m="21967" /><F108/><W110/><G110/><T134/><D134/><U43/><E15/><V4/><F4/><N who="0" m="1578" /><D11/><U25/><E25/><N who="2" m="16679" /><F74/><W29/><G29/><T14/><D14/><U75/><E75/><V119/><F119/><N who="1" m="45577" /><E98/><V0/><F0/><W52/><G41/><T28/><D28/><U106/><E106/><V86/><F86/><W24/><G24/><T19/><D19/><U90/><E95/><V88/><F77/><W70/><G70/><T92/><D92/><U1/><E1/><V130/><F76/><W54/><REACH who="3" step="1"/><G63/><REACH who="3" ten="247,253,257,233" step="2"/><T113/><D113/><U91/><E43/><V44/><F123/><W83/><G83/><T111/><D111/><U60/><E60/><V35/><F62/><W3/><G3/><T114/><D114/><U21/><E93/><V39/><F122/><W85/><G85/><T16/><D16/><U65/><E21/><V73/><F39/><W22/><G22/><T13/><D13/><U26/><E26/><V132/><F35/><W69/><G69/><T80/><D80/><U56/><E90/><AGARI ba="0,1" hai="23,27,31,51,52,54,55,59,72,79,81,82,87,90" machi="90" ten="30,11600,0" yaku="1,1,7,1,54,1,53,1" doraHai="40" doraHaiUra="104" who="3" fromWho="1" sc="247,0,253,-116,257,0,233,126" owari="247,-15.3,137,-36.3,257,5.7,359,45.9" /></mjloggm>