<mjloggm ver="2.3"><GO type="225" lobby="0"/><UN n0="%E6%9D%BE%E6%9C%AC%E5%81%A5%E7%94%B7" n1="%E3%81%AF%E3%82%88%E3%81%8A%E3%81%98%E3%81%95%E3%82%93" n2="%E3%81%BE%E3%81%A8%E3%81%9F" n3="%E3%81%A0%E3%81%8A" dan="16,16,16,16" rate="2158.57,2174.50,2167.78,2028.49" sx="M,M,M,M"/><TAIKYOKU oya="0"/><INIT seed="0,0,0,5,2,44" ten="250,250,250,250" oya="0" hai0="31,39,108,84,49,59,74,8,128,70,94,98,25" hai1="48,122,115,23,76,78,97,127,54,110,77,132,51" hai2="66,56,102,27,68,72,55,121,57,99,109,37,53" hai3="62,131,41,65,123,24,47,81,64,33,92,80,22"/><T107/><D39/><U130/><E122/><V9/><F37/><W82/><G131/><T119/><D119/><U28/><E130/><V21/><F121/><W93/><G33/><T1/><D70/><U83/><E110/><V111/><F72/><W89/><G89/><T75/><D128/><U71/><E71/><V17/><F68/><W35/><G35/><T87/><D108/><U125/><E132/><V15/><F66/><W100/><G123/><T19/><D107/><U112/><E83/><V101/><F109/><W42/><G42/><T69/><D75/><U86/><E86/><V36/><F36/><W106/><G106/><T6/><D74/><U118/><E97/><V40/><F40/><W117/><G117/><T12/><D69/><U61/><E118/><V91/><F91/><W116/><G116/><T4/><D84/><U124/><E61/><N who="2" m="35983" /><F99/><W67/><G62/><T0/><D87/><U13/><E54/><V90/><F90/><W60/><G60/><T95/><D1/><U20/><E13/><V113/><F113/><N who="1" m="43593" /><E28/><N who="2" m="17519" /><F111/><W46/><G100/><T133/><D0/><U45/><E45/><N who="3" m="16906" /><G41/><T10/><D133/><U126/><N who="1" m="31744" /><DORA hai="38" /><U135/><E135/><V11/><F102/><W73/><G73/><T120/><D120/><U18/><E18/><AGARI ba="0,0" hai="18,22,24,64,65,67,80,81,82,92,93" m="16906" machi="18" ten="30,1000,0" yaku="8,1" doraHai="44,38" who="3" fromWho="1" sc="250,0,250,-10,250,0,250,10" /><INIT seed="1,0,0,4,5,55" ten="250,240,250,260" oya="1" hai0="78,4,49,100,27,134,20,37,32,87,24,43,31" hai1="121,48,47,74,45,46,115,85,96,82,70,66,67" hai2="132,118,75,61,92,117,76,60,23,15,81,51,104" hai3="35,112,91,99,114,72,19,2,116,89,50,124,30"/><U129/><E115/><V106/><F132/><W59/><G72/><T73/><D134/><U71/><E121/><V18/><F51/><W28/><G2/><T5/><D73/><U122/><E122/><V113/><F113/><W11/><G124/><T107/><D37/><U105/><E74/><V0/><F0/><W3/><G116/><T127/><D127/><U6/><E129/><V29/><F29/><W128/><G128/><T95/><D107/><U57/><E6/><V14/><F104/><W68/><G68/><T53/><D43/><U16/><E67/><V125/><F106/><W98/><G3/><T120/><D120/><U69/><E96/><V56/><F61/><W94/><G35/><T111/><D111/><U7/><E7/><V38/><F38/><W13/><G112/><T86/><D100/><U9/><E105/><V26/><F125/><W58/><G114/><T21/><D32/><U101/><E101/><V131/><F131/><W88/><G50/><T36/><D87/><U130/><E130/><V135/><F135/><W126/><G126/><T108/><D36/><U54/><E66/><V84/><F92/><N who="3" m="56591" /><G91/><N who="0" m="53751" /><D78/><U123/><E123/><V17/><F75/><W41/><G41/><T63/><D63/><U22/><E9/><V62/><F117/><W97/><G97/><T12/><D108/><U103/><E103/><V109/><F62/><W52/><G58/><N who="0" m="33071" /><D12/><N who="2" m="4650" /><F109/><W8/><G8/><T133/><D133/><U102/><E102/><V64/><F118/><W80/><G80/><T90/><D90/><N who="1" m="51511" /><E71/><V44/><F44/><N who="1" m="11265" /><U34/><DORA hai="110" /><E34/><V119/><F119/><RYUUKYOKU ba="0,0" sc="250,0,240,0,250,0,260,0" hai0="4,5,20,21,24,27,31" hai1="16,22,48,54,57,69,70" hai2="17,18,23,26,56,60,64,76,81,84" hai3="11,13,19,28,30,52,59,88,94,99" /><INIT seed="1,1,0,5,2,43" ten="250,240,250,260" oya="1" hai0="77,71,116,124,118,126,132,122,60,20,112,98,48" hai1="23,63,133,111,72,123,85,74,49,44,106,128,109" hai2="27,114,37,96,129,38,51,120,33,108,125,55,31" hai3="75,34,42,88,18,12,61,39,107,105,69,67,59"/><U46/><E123/><V65/><F120/><W86/><G75/><T26/><D122/><U22/><E106/><V17/><F108/><N who="1" m="41545" /><E128/><V11/><F125/><N who="0" m="48234" /><D112/><U16/><E133/><V5/><F65/><W15/><G34/><T40/><D132/><U47/><E23/><V6/><F6/><W102/><G69/><T68/><D77/><U117/><E117/><N who="0" m="45161" /><D60/><U127/><E127/><V121/><F121/><W103/><G105/><T24/><D24/><N who="1" m="14407" /><E85/><V30/><F114/><W32/><G107/><T64/><D64/><U87/><E87/><V35/><F27/><W91/><G32/><T131/><D131/><U1/><E1/><V54/><F35/><W53/><G67/><T130/><D130/><U89/><E89/><V2/><F33/><W3/><G3/><T29/><D98/><U81/><E81/><V134/><F96/><W73/><G73/><N who="1" m="28266" /><E63/><V41/><F129/><W70/><G61/><T80/><D80/><U56/><E56/><V66/><F134/><W62/><G59/><T52/><D71/><U90/><E90/><V45/><F2/><W104/><G70/><T50/><D68/><U93/><E93/><V0/><F0/><W58/><G91/><T9/><D9/><U36/><E36/><V13/><F66/><W100/><G88/><T76/><D76/><U25/><E25/><V28/><F38/><W95/><G86/><T83/><D83/><U115/><E115/><V119/><F119/><W4/><G95/><T94/><D94/><U19/><E19/><V10/><F37/><W101/><N who="3" m="25600" /><DORA hai="113" /><W135/><G39/><T7/><D26/><RYUUKYOKU ba="1,0" sc="250,-15,240,15,250,15,260,-15" hai1="44,46,47,49" hai2="5,10,11,13,17,28,30,31,41,45,51,54,55" /><INIT seed="1,2,0,4,3,131" ten="235,255,265,245" oya="1" hai0="87,111,10,135,124,66,55,62,121,22,19,25,101" hai1="78,125,60,81,71,99,86,100,134,36,88,64,31" hai2="117,72,114,54,51,48,11,104,73,52,106,67,69" hai3="15,98,24,120,74,115,2,96,95,59,83,61,16"/><U9/><E125/><V109/><F117/><W43/><G120/><T77/><D124/><U68/><E36/><V116/><F116/><W92/><G2/><T119/><D119/><U56/><E134/><V84/><F84/><W18/><G115/><T20/><D121/><U38/><E38/><V13/><F69/><W14/><G43/><T7/><D111/><U128/><E128/><V133/><F67/><N who="3" m="39359" /><G74/><T0/><D101/><U70/><E31/><V122/><F122/><W75/><G75/><T102/><D102/><U50/><E9/><V103/><F103/><N who="3" m="60807" /><G83/><T80/><D135/><U53/><REACH who="1" step="1"/><E78/><REACH who="1" ten="235,245,265,245" step="2"/><V112/><F133/><W63/><G18/><T91/><D77/><U6/><E6/><V41/><F109/><W57/><G16/><T132/><D132/><U32/><E32/><V76/><F76/><W39/><G39/><T126/><D126/><U5/><E5/><V65/><F11/><W85/><G15/><T93/><D10/><U107/><AGARI ba="2,1" hai="50,53,56,60,64,68,70,71,81,86,88,99,100,107" machi="107" ten="20,7800,0" yaku="1,1,0,1,7,1,54,1,53,0" doraHai="131" doraHaiUra="17" who="1" fromWho="1" sc="235,-28,245,94,265,-28,245,-28" /><INIT seed="1,3,0,4,5,25" ten="207,339,237,217" oya="1" hai0="130,124,42,90,126,40,9,53,7,36,116,3,63" hai1="14,92,72,0,32,127,81,94,108,50,24,71,20" hai2="98,54,105,83,65,102,33,85,68,37,75,117,111" hai3="17,26,48,2,15,125,78,135,84,131,55,34,67"/><U1/><E71/><V99/><F117/><W51/><G2/><T70/><D116/><U57/><E127/><N who="0" m="48681" /><D130/><U60/><E108/><V109/><F37/><W76/><G131/><T46/><D42/><U96/><E50/><V104/><F54/><W29/><G125/><T19/><D90/><U62/><E32/><V89/><F33/><W87/><G135/><T35/><D35/><U118/><E118/><V106/><F65/><W122/><G122/><T30/><D19/><U38/><E38/><V11/><F11/><W12/><G67/><N who="0" m="41343" /><D53/><U44/><E62/><V39/><F39/><W101/><G55/><T45/><D45/><U128/><E44/><V49/><F49/><W88/><G17/><T28/><AGARI ba="3,0" hai="3,7,9,28,30,36,40,46" m="41343,48681" machi="28" ten="30,4000,0" yaku="18,1,52,2" doraHai="25" who="0" fromWho="0" sc="207,49,339,-23,237,-13,217,-13" /><INIT seed="2,0,0,2,2,51" ten="256,316,224,204" oya="2" hai0="82,59,33,44,86,79,107,46,5,60,52,54,3" hai1="104,74,128,62,48,110,67,101,23,39,35,85,91" hai2="76,98,105,127,14,120,65,42,2,55,8,112,115" hai3="45,87,113,80,68,118,19,7,30,28,89,106,94"/><V131/><F120/><W57/><G68/><T102/><D33/><U40/><E35/><V109/><F127/><W134/><G106/><T9/><D107/><U99/><E74/><V133/><F131/><W56/><G134/><T43/><D102/><U31/><E39/><V64/><F2/><W88/><G118/><T13/><D3/><U29/><E110/><V93/><F133/><W27/><G7/><T49/><D46/><U38/><E38/><V132/><F132/><W75/><G113/><T125/><D125/><U41/><E128/><V92/><F105/><W81/><G45/><T111/><D111/><U84/><E84/><V78/><F42/><AGARI ba="0,0" hai="5,9,13,42,43,44,49,52,54,59,60,79,82,86" machi="42" ten="40,8000,1" yaku="8,1,52,2,54,1" doraHai="51" who="0" fromWho="2" sc="256,80,316,0,224,-80,204,0" /><INIT seed="3,0,0,0,0,19" ten="336,316,144,204" oya="3" hai0="27,86,60,37,38,108,106,101,117,103,6,40,102" hai1="81,11,121,127,34,94,53,39,73,42,29,87,30" hai2="67,48,15,16,56,26,97,80,28,51,0,114,22" hai3="98,133,66,79,32,31,105,91,44,99,35,61,123"/><W9/><G123/><T104/><D117/><U36/><E121/><V13/><F114/><W45/><G133/><T59/><D108/><U125/><E73/><V92/><F0/><W75/><G79/><T55/><D6/><U64/><E64/><V68/><F68/><W118/><G75/><T134/><D134/><U130/><E130/><V71/><F71/><W24/><G32/><T77/><D27/><U12/><E94/><V111/><F80/><W63/><G63/><T25/><D25/><U78/><E53/><V110/><F13/><W10/><G98/><T47/><D38/><U84/><E87/><V124/><F124/><N who="1" m="47689" /><E34/><V122/><F122/><W100/><G118/><T5/><REACH who="0" step="1"/><D5/><REACH who="0" ten="326,316,144,204" step="2"/><N who="1" m="3183" /><E42/><V90/><F111/><W23/><G24/><T57/><D57/><U107/><E107/><V49/><F110/><W41/><G31/><AGARI ba="0,1" hai="29,30,31,36,39,78,81,84" m="3183,47689" machi="31" ten="30,1000,0" yaku="18,1" doraHai="19" who="1" fromWho="3" sc="326,0,316,20,144,0,204,-10" owari="326,12.6,336,43.6,144,-35.6,194,-20.6" /></mjloggm>