<mjloggm ver="2.3"><GO type="225" lobby="0"/><UN n0="%4C%4F%4C%49%54%41" n1="%28%EF%BF%A3%E2%96%BD%EF%BF%A3%29%CE%B4%E2%8C%92%E3%83%BB" n2="%E3%81%B2%E3%81%AA%E3%81%AE%E3%82%8A%E3%81%8F" n3="%47%48%4F%53%54" dan="16,16,17,17" rate="2177.22,2107.92,2202.21,2299.70" sx="F,M,M,M"/><TAIKYOKU oya="0"/><INIT seed="0,0,0,2,4,123" ten="250,250,250,250" oya="0" hai0="81,29,103,55,68,118,50,32,87,80,5,59,61" hai1="22,93,122,106,0,30,100,84,83,40,45,96,79" hai2="37,78,13,110,51,7,73,11,129,113,114,15,31" hai3="117,6,76,135,85,62,8,17,132,125,10,57,39"/><T58/><D118/><U72/><E0/><V16/><F37/><W44/><G117/><T74/><D68/><U65/><E122/><V77/><F129/><W109/><G125/><T28/><D103/><U108/><E65/><V88/><F31/><W27/><G44/><T119/><D119/><U35/><E35/><V97/><F110/><W56/><G39/><T4/><D74/><U105/><E108/><V82/><F77/><W12/><G109/><T98/><D98/><U49/><E30/><N who="0" m="11881" /><D32/><U33/><E33/><V9/><REACH who="2" step="1"/><F51/><REACH who="2" ten="250,250,240,250" step="2"/><W71/><G76/><N who="0" m="46471" /><D81/><U95/><E72/><V20/><F20/><W120/><G120/><T112/><D112/><U64/><E22/><V36/><F36/><W111/><G111/><T52/><AGARI ba="0,1" hai="4,5,50,52,55,58,59,61" m="46471,11881" machi="52" ten="30,3000,0" yaku="8,1,54,1" doraHai="123" who="0" fromWho="0" sc="250,40,250,-10,240,-10,250,-10" /><INIT seed="0,1,0,3,3,52" ten="290,240,230,240" oya="0" hai0="24,36,18,25,128,8,62,35,133,127,0,70,84" hai1="34,92,42,12,51,94,28,91,57,122,134,121,26" hai2="77,39,45,3,83,11,5,114,82,38,102,13,85" hai3="33,6,4,20,72,101,78,17,21,54,106,19,22"/><T50/><D36/><U69/><E69/><V59/><F114/><W107/><G78/><T31/><D128/><U98/><E134/><V131/><F131/><W115/><G115/><T74/><D74/><U29/><E29/><V104/><F3/><W93/><G72/><T125/><D133/><U7/><E42/><V30/><F30/><W108/><G33/><T105/><D105/><U118/><E118/><V99/><F45/><W63/><G108/><T110/><D110/><U120/><E7/><V90/><REACH who="2" step="1"/><F59/><REACH who="2" ten="290,240,220,240" step="2"/><N who="3" m="35319" /><G107/><T47/><D31/><U87/><E57/><V56/><F56/><W40/><G106/><T2/><D2/><U73/><E122/><V16/><F16/><N who="3" m="6219" /><G40/><T112/><D112/><U86/><E121/><V64/><F64/><W81/><G81/><T130/><D130/><U43/><E120/><V116/><F116/><W96/><AGARI ba="1,1" hai="4,6,20,21,22,93,96,101" m="6219,35319" machi="96" ten="30,4000,0" yaku="8,1,52,1,54,1" doraHai="52" who="3" fromWho="3" sc="290,-21,240,-11,220,-11,240,53" /><INIT seed="1,0,0,4,5,114" ten="269,229,209,293" oya="1" hai0="8,49,25,111,112,90,89,128,72,79,32,26,65" hai1="57,31,29,109,96,130,67,94,21,47,40,117,23" hai2="54,3,116,71,51,63,36,86,37,62,66,108,55" hai3="64,41,60,115,99,18,120,68,102,98,105,97,107"/><U91/><E109/><V33/><F86/><W5/><G115/><T75/><D112/><U101/><E130/><V121/><F33/><W106/><G120/><T73/><D79/><U69/><E69/><N who="2" m="42199" /><F3/><W122/><G122/><T11/><D111/><U129/><E129/><V7/><F7/><W76/><G41/><T9/><D128/><U85/><E117/><V22/><F22/><W131/><G131/><T56/><D32/><U17/><E23/><V123/><F108/><W1/><G76/><T30/><D30/><U84/><E84/><V53/><F116/><W82/><G82/><T2/><D2/><U125/><E125/><V132/><F132/><W133/><G133/><T39/><D39/><N who="2" m="14922" /><F123/><W92/><REACH who="3" step="1"/><G18/><REACH who="3" ten="269,229,209,283" step="2"/><T6/><D73/><U12/><E40/><V100/><F121/><W110/><G110/><T93/><D72/><U113/><E113/><V20/><F100/><W15/><G15/><T24/><D75/><U83/><E47/><N who="2" m="27903" /><F20/><W46/><G46/><T48/><D25/><U80/><E83/><V78/><F78/><W87/><G87/><T119/><D24/><U34/><E34/><V38/><N who="2" m="14930" /><V0/><DORA hai="77" /><F0/><W4/><G4/><T27/><D6/><U103/><E101/><V14/><F14/><W59/><G59/><T35/><D56/><U50/><REACH who="1" step="1"/><E50/><REACH who="1" ten="269,219,209,283" step="2"/><V43/><F43/><W44/><G44/><T19/><D49/><U61/><AGARI ba="0,2" hai="12,17,21,29,31,57,61,67,80,85,91,94,96,103" machi="61" ten="30,12000,1" yaku="1,1,2,1,0,1,8,1,52,1,53,0" doraHai="114,77" doraHaiUra="134,127" who="1" fromWho="1" sc="269,-40,219,140,209,-40,283,-40" /><INIT seed="1,1,0,2,3,123" ten="229,359,169,243" oya="1" hai0="108,15,6,2,132,134,57,63,105,84,5,121,62" hai1="71,51,49,133,27,24,75,65,115,78,66,130,58" hai2="68,70,122,118,55,3,61,110,113,76,14,30,96" hai3="7,41,54,125,86,69,111,131,98,50,17,0,73"/><U4/><E71/><V89/><F122/><W135/><G73/><T79/><D121/><U81/><E115/><V64/><F118/><W72/><G69/><T124/><D105/><U99/><E130/><V40/><F3/><W38/><G72/><T100/><D100/><U25/><E133/><V97/><F70/><W102/><G125/><T67/><D124/><U59/><E4/><V104/><F113/><W47/><G131/><T36/><D36/><U23/><E99/><V8/><F40/><W9/><G135/><N who="0" m="51755" /><D108/><U53/><E23/><V128/><F128/><W35/><G35/><T10/><D63/><U21/><E21/><V46/><F30/><W93/><G17/><N who="0" m="8439" /><D2/><U91/><E91/><V74/><F104/><W94/><G86/><T80/><AGARI ba="1,0" hai="5,6,57,62,67,79,80,84" m="8439,51755" machi="80" ten="30,1100,0" yaku="20,1" doraHai="123" who="0" fromWho="0" sc="229,14,359,-6,169,-4,243,-4" /><INIT seed="2,0,0,0,3,50" ten="243,353,165,239" oya="2" hai0="60,100,71,33,68,107,134,56,132,54,97,44,51" hai1="77,29,99,66,124,126,42,43,17,62,73,13,114" hai2="109,110,6,115,37,103,31,95,133,4,83,69,86" hai3="1,80,59,21,123,65,5,24,10,9,87,117,104"/><V41/><F115/><W53/><G117/><T46/><D33/><U112/><E29/><V22/><F69/><W14/><G123/><T61/><D44/><U102/><E77/><V58/><F37/><W79/><G104/><T27/><D27/><U119/><E73/><V127/><F41/><N who="1" m="15369" /><E119/><V0/><F133/><N who="0" m="51306" /><D60/><U15/><E15/><V72/><F72/><W16/><G65/><AGARI ba="0,0" hai="46,51,54,56,61,65,68,71,97,100,107" m="51306" machi="65" ten="30,2000,0" yaku="20,1,52,1" doraHai="50" who="0" fromWho="3" sc="243,20,353,0,165,0,239,-20" /><INIT seed="3,0,0,0,0,77" ten="263,353,165,219" oya="3" hai0="63,73,126,71,22,111,78,125,37,92,127,130,20" hai1="80,107,45,131,65,88,5,50,89,82,48,85,47" hai2="114,61,120,98,6,28,96,52,113,124,76,118,103" hai3="35,17,41,7,29,36,55,84,11,104,56,95,57"/><W116/><G116/><T33/><D111/><U44/><E107/><V74/><F118/><W122/><G104/><T110/><D110/><U66/><E131/><V18/><F124/><W62/><G122/><T51/><D37/><U67/><E5/><V42/><F120/><W59/><G36/><T86/><D130/><U8/><E8/><V72/><F42/><W46/><G17/><T70/><D33/><U79/><E79/><V9/><F28/><W115/><G115/><T19/><D73/><U133/><E133/><V54/><F18/><W93/><G35/><T10/><D51/><N who="1" m="19499" /><E89/><V134/><F134/><W49/><G29/><T60/><D10/><U123/><E123/><V0/><F98/><W23/><G23/><N who="0" m="8747" /><D19/><U15/><E15/><V105/><F74/><W30/><G30/><T32/><D92/><AGARI ba="0,0" hai="44,45,47,65,66,67,80,82,85,88,92" m="19499" machi="92" ten="30,7700,0" yaku="8,1,52,2,54,1" doraHai="77" who="1" fromWho="0" sc="263,-77,353,77,165,0,219,0" owari="186,-21.4,430,53.0,165,-33.5,219,1.9" /></mjloggm>