<mjloggm ver="2.3"><GO type="225" lobby="0"/><UN n0="%E5%B8%86%E7%AB%8B%E5%A4%8F%E8%A1%A3" n1="%E6%B4%BE%E9%81%A3%E3%81%AE%E3%82%B8%E3%83%A3%E3%83%83%E3%82%AF" n2="%6D%75%75%73%61%6E%6D%75" n3="%E6%98%93%E5%88%A9%E8%96%A9%E4%BC%AF" dan="17,17,17,16" rate="2197.42,2210.33,2175.26,2090.96" sx="M,M,F,F"/><TAIKYOKU oya="0"/><INIT seed="0,0,0,5,1,51" ten="250,250,250,250" oya="0" hai0="17,32,69,29,109,107,86,115,122,14,124,87,26" hai1="0,9,47,67,58,110,4,56,92,1,57,12,91" hai2="53,130,94,2,18,59,21,114,98,41,10,134,133" hai3="15,54,99,90,36,125,105,60,111,50,30,31,116"/><T121/><D107/><U43/><E110/><V16/><F114/><W20/><G36/><T96/><D115/><U75/><E75/><V68/><F68/><W78/><G116/><T66/><D124/><U117/><E117/><V49/><F130/><W35/><G78/><T65/><D109/><U128/><E128/><V3/><F41/><W108/><G60/><T52/><D96/><U119/><E119/><V71/><F71/><W46/><G35/><T11/><D121/><U44/><E67/><V118/><F118/><W72/><G72/><T25/><D122/><U62/><E62/><V113/><F113/><W45/><G45/><T131/><D131/><U33/><E33/><V74/><F74/><W95/><G125/><T104/><D104/><U79/><E79/><V28/><F28/><W84/><G111/><T19/><D69/><U135/><E44/><V37/><F37/><W6/><G108/><T83/><D87/><U55/><E43/><V100/><F18/><W73/><G73/><T40/><D40/><U24/><E24/><V5/><REACH who="2" step="1"/><F2/><REACH who="2" ten="250,250,240,250" step="2"/><W126/><G126/><T63/><D19/><U8/><E0/><V103/><F103/><W13/><G105/><T102/><D102/><U132/><E1/><V123/><F123/><W39/><G39/><T70/><D70/><U127/><E127/><V27/><AGARI ba="0,1" hai="3,5,10,16,21,27,49,53,59,94,98,100,133,134" machi="27" ten="30,7900,0" yaku="1,1,0,1,52,1,54,1,53,0" doraHai="51" doraHaiUra="80" who="2" fromWho="2" sc="250,-39,250,-20,240,89,250,-20" /><INIT seed="1,0,0,2,4,88" ten="211,230,329,230" oya="1" hai0="47,46,3,87,92,32,98,111,104,107,132,121,82" hai1="96,2,26,33,20,62,5,99,51,101,22,115,86" hai2="11,29,120,64,21,109,89,91,113,112,72,49,106" hai3="73,54,128,123,14,4,124,74,122,50,94,8,52"/><U18/><E115/><N who="2" m="44107" /><F120/><W69/><G69/><T85/><D121/><U70/><E2/><V12/><F109/><W81/><G123/><T105/><D111/><U55/><E5/><N who="2" m="3183" /><F106/><W131/><G122/><T80/><D132/><U7/><E7/><V30/><F72/><W65/><G65/><T119/><D32/><U118/><E118/><V60/><F49/><W41/><G124/><T79/><D3/><U67/><E33/><V16/><F29/><W134/><G134/><T10/><D10/><U13/><E86/><V6/><F30/><W117/><G117/><T129/><D119/><U102/><E102/><V83/><F83/><W126/><G126/><T31/><D31/><U110/><E110/><V34/><F6/><W63/><G81/><T116/><D116/><U75/><E75/><V135/><F34/><W127/><G127/><T44/><D129/><U36/><E36/><V48/><F48/><W43/><G73/><T28/><D28/><U130/><E130/><V27/><F135/><W19/><G74/><T71/><D71/><AGARI ba="0,0" hai="16,21,27,60,64,71,89,91" m="3183,44107" machi="71" ten="30,2000,0" yaku="11,1,54,1" doraHai="88" who="2" fromWho="0" sc="211,-20,230,0,329,20,230,0" /><INIT seed="2,0,0,3,0,20" ten="191,230,349,230" oya="2" hai0="115,85,74,130,9,25,52,76,22,18,34,78,43" hai1="62,71,2,77,7,104,111,131,93,37,109,13,83" hai2="19,113,24,110,50,10,120,35,17,38,108,21,116" hai3="135,97,40,124,101,117,70,28,132,63,96,49,103"/><V45/><F38/><W84/><G117/><T65/><D74/><U64/><E131/><V128/><F116/><W123/><G123/><T6/><D130/><U59/><E13/><V134/><F128/><W1/><G1/><T105/><D105/><U54/><E37/><V23/><F120/><W86/><G28/><T67/><D115/><U95/><E104/><V33/><F113/><W47/><G124/><T31/><D43/><U36/><E36/><V61/><F61/><W46/><G63/><T44/><D34/><N who="2" m="12810" /><F50/><W89/><G70/><T125/><D31/><U99/><E7/><V133/><F10/><W12/><G12/><N who="0" m="5175" /><D125/><U87/><E2/><V112/><F45/><W82/><G86/><T41/><D41/><U66/><E95/><V29/><F112/><W69/><G47/><T32/><D32/><U121/><E121/><V14/><F29/><W94/><REACH who="3" step="1"/><G69/><REACH who="3" ten="191,230,349,220" step="2"/><T4/><D4/><U27/><E71/><V55/><F14/><W68/><G68/><T75/><D75/><U98/><E98/><V118/><F118/><W58/><G58/><T5/><D5/><U92/><E99/><V60/><F60/><W81/><G81/><N who="0" m="47271" /><D78/><U100/><E66/><V0/><F0/><W129/><G129/><T42/><D42/><U57/><E57/><V26/><F55/><W48/><G48/><AGARI ba="0,1" hai="18,22,25,44,48,52,65,67" m="47271,5175" machi="48" ten="30,3900,0" yaku="8,1,52,1,54,1" doraHai="20" who="0" fromWho="3" sc="191,49,230,0,349,0,220,-39" /><INIT seed="3,0,0,0,0,115" ten="240,230,349,181" oya="3" hai0="130,84,27,15,11,39,50,125,58,93,28,54,108" hai1="83,31,107,57,98,131,97,75,41,63,32,90,10" hai2="64,38,109,76,25,102,111,8,47,33,96,94,77" hai3="104,9,105,124,110,22,99,17,56,35,46,79,14"/><W6/><G35/><T92/><D108/><N who="2" m="41546" /><F64/><W18/><G124/><T74/><D74/><U20/><E32/><V80/><F8/><W70/><G70/><T91/><D130/><U88/><E131/><V5/><F5/><W29/><G110/><T61/><D39/><U2/><E41/><N who="2" m="22967" /><F80/><W135/><G135/><T48/><D93/><U60/><E90/><V119/><F119/><W127/><G127/><T23/><REACH who="0" step="1"/><D125/><REACH who="0" ten="230,230,349,181" step="2"/><U52/><E75/><V16/><F33/><W13/><G79/><T65/><D65/><U132/><E132/><V134/><F134/><W87/><G87/><T40/><D40/><U45/><E107/><V36/><F36/><W49/><G56/><T133/><D133/><U122/><E57/><V55/><F55/><W7/><G29/><T34/><D34/><U30/><E30/><V59/><F59/><W101/><REACH who="3" step="1"/><G105/><REACH who="3" ten="230,230,349,171" step="2"/><T113/><D113/><U106/><E106/><V44/><F44/><W86/><G86/><T128/><D128/><U26/><E45/><V0/><F77/><W53/><AGARI ba="0,2" hai="6,7,9,13,14,17,18,22,46,49,53,99,101,104" machi="53" ten="20,3900,0" yaku="1,1,0,1,7,1,53,0" doraHai="115" doraHaiUra="118" who="3" fromWho="3" sc="230,-13,230,-13,349,-13,171,59" /><INIT seed="3,1,0,0,0,133" ten="217,217,336,230" oya="3" hai0="11,33,4,32,93,134,16,56,87,117,31,75,5" hai1="29,13,1,102,9,51,125,115,92,95,47,83,37" hai2="82,20,62,85,100,61,46,70,122,99,77,81,103" hai3="110,48,36,19,43,25,42,97,73,108,54,79,63"/><W6/><G6/><T116/><D75/><U68/><E115/><V124/><F70/><W120/><G120/><T8/><D56/><U26/><E68/><V104/><F122/><W12/><G25/><N who="0" m="18543" /><D93/><U49/><E1/><V107/><F124/><W22/><G63/><T127/><D87/><U72/><E125/><V128/><F128/><W80/><G97/><T98/><D98/><N who="1" m="59719" /><E37/><V45/><F85/><W66/><G66/><T91/><D91/><U60/><E72/><V3/><F99/><W126/><G126/><T71/><D71/><U69/><E69/><V119/><F3/><W28/><G28/><T121/><D127/><U15/><E83/><V114/><F114/><W113/><G113/><T88/><D88/><U53/><E95/><V130/><F130/><W27/><G36/><T59/><D134/><U52/><E60/><V78/><F119/><N who="0" m="45642" /><D33/><U111/><E111/><N who="3" m="42538" /><G43/><T86/><D86/><U89/><E89/><V109/><F109/><W94/><G42/><T30/><D121/><U44/><E9/><N who="0" m="3657" /><D30/><U38/><E38/><V57/><F57/><N who="3" m="32967" /><G94/><T21/><D59/><U105/><E105/><V90/><F90/><W35/><G35/><T0/><D0/><U67/><E67/><V76/><F76/><W55/><G55/><T132/><D132/><U17/><E29/><V24/><F107/><W41/><G41/><T106/><D106/><U14/><E26/><AGARI ba="1,0" hai="4,5,16,21,26" m="3657,45642,18543" machi="26" ten="30,3900,0" yaku="34,2,54,1" doraHai="133" who="0" fromWho="1" sc="217,42,217,-42,336,0,230,0" owari="259,5.9,175,-32.5,336,43.6,230,-17.0" /></mjloggm>