<mjloggm ver="2.3"><GO type="225" lobby="0"/><UN n0="%77%72%77%72%77%72%77%72" n1="%E3%81%8B%E3%82%8F%E3%81%A1%E3%82%83%E3%82%93%35%38" n2="%E5%B5%90%E9%9B%B2%E3%81%AE%E3%82%AB%E3%83%A9%E3%82%B9" n3="%E6%B8%A9%E2%98%85%E6%83%85%E2%98%85%E6%8E%AA%E2%98%85%E7%BD%AE" dan="16,16,16,17" rate="2239.62,2175.19,2077.78,2213.85" sx="M,M,F,M"/><TAIKYOKU oya="0"/><INIT seed="0,0,0,4,0,77" ten="250,250,250,250" oya="0" hai0="112,33,72,18,48,91,58,121,4,63,103,8,0" hai1="113,117,28,106,45,31,59,100,6,111,128,55,1" hai2="107,22,25,44,30,17,134,50,34,131,26,84,132" hai3="110,102,39,54,10,11,94,82,66,116,122,9,104"/><T98/><D112/><U62/><E117/><V83/><F107/><W53/><G116/><T89/><D121/><U29/><E113/><V119/><F131/><W60/><G104/><T105/><D33/><U27/><E128/><V109/><F109/><W43/><G110/><T127/><D127/><U40/><E111/><V135/><F119/><W108/><G108/><T86/><D72/><U56/><E1/><V79/><F50/><W80/><G122/><T93/><D48/><U5/><E27/><V61/><REACH who="2" step="1"/><F44/><REACH who="2" ten="250,250,240,250" step="2"/><W21/><G39/><T37/><D37/><U51/><E106/><V87/><F87/><W125/><G125/><T76/><D105/><U130/><E130/><V65/><F65/><W41/><G66/><T7/><D86/><U24/><E100/><V57/><F57/><W16/><G60/><AGARI ba="0,1" hai="17,22,25,26,30,34,60,61,79,83,84,132,134,135" machi="60" ten="40,5200,0" yaku="1,1,20,1,52,1,53,0" doraHai="77" doraHaiUra="124" who="2" fromWho="3" sc="250,0,250,0,240,62,250,-52" /><INIT seed="1,0,0,1,0,53" ten="250,250,302,198" oya="1" hai0="61,18,79,116,69,7,120,12,101,109,1,21,132" hai1="98,121,14,103,82,47,63,124,25,37,38,129,4" hai2="22,102,52,30,62,75,3,51,42,117,2,15,67" hai3="125,44,39,27,49,31,29,110,59,111,19,92,96"/><U123/><E124/><V76/><F117/><W84/><G125/><T33/><D116/><U81/><E129/><V54/><F102/><W72/><G72/><T122/><D33/><U94/><E25/><V118/><F118/><W134/><G84/><T55/><D109/><N who="3" m="41481" /><G39/><T106/><D79/><U74/><E63/><V28/><F2/><W8/><G134/><T20/><D132/><U73/><E14/><V105/><F105/><W104/><G104/><T86/><D86/><U40/><E4/><V68/><F76/><W11/><G19/><T17/><D7/><U60/><E60/><V95/><F75/><N who="1" m="28681" /><E47/><V35/><F95/><W56/><G11/><T119/><D1/><U50/><E50/><V99/><F99/><W90/><G8/><T133/><D133/><U5/><E40/><V9/><F35/><N who="3" m="20927" /><G31/><T115/><D119/><U48/><E38/><V10/><F3/><W112/><G112/><T32/><D32/><U36/><E37/><V64/><F9/><W85/><G96/><N who="0" m="61735" /><D115/><U65/><E36/><V70/><F22/><W77/><G77/><T128/><D128/><U78/><E5/><V66/><F28/><W45/><G45/><T58/><D69/><U57/><E78/><V43/><F30/><W126/><G126/><T93/><D18/><U113/><E113/><V131/><F131/><W83/><G92/><T6/><D6/><U80/><E48/><V34/><F34/><W41/><AGARI ba="0,0" hai="41,44,49,56,59,83,85,90" m="20927,41481" machi="41" ten="30,4000,0" yaku="14,1,52,2" doraHai="53" who="3" fromWho="3" sc="250,-10,250,-20,302,-10,198,40" /><INIT seed="2,0,0,4,4,24" ten="240,230,292,238" oya="2" hai0="21,87,132,36,44,3,47,69,16,2,121,59,5" hai1="31,126,54,117,101,14,7,56,97,65,86,68,74" hai2="26,104,10,135,15,62,75,9,70,35,112,106,98" hai3="30,11,33,118,48,134,116,129,125,77,128,91,83"/><V115/><F75/><W45/><G125/><T50/><D69/><U52/><E74/><V84/><F135/><W38/><G38/><T49/><D121/><U71/><E117/><V73/><F73/><N who="3" m="43439" /><G91/><T89/><D36/><U1/><E1/><V27/><F84/><W40/><G11/><T28/><D5/><U100/><E126/><V127/><F127/><W82/><G82/><T46/><D28/><U66/><E86/><V123/><F123/><W99/><G99/><T22/><D22/><U102/><E97/><V114/><F9/><W17/><G17/><T8/><D8/><N who="1" m="4383" /><E68/><V0/><F0/><W13/><G13/><T19/><D19/><U42/><E42/><V72/><F72/><W105/><G105/><T67/><D132/><U76/><E71/><V120/><F120/><W20/><G33/><T103/><D103/><N who="1" m="26371" /><U124/><DORA hai="94" /><E124/><V92/><F106/><W29/><G20/><T81/><D2/><U37/><E37/><V78/><F104/><W80/><G80/><T119/><D119/><N who="3" m="45609" /><G134/><T96/><D96/><U88/><E76/><V90/><F78/><W93/><G93/><T113/><D3/><U122/><E122/><V6/><REACH who="2" step="1"/><F35/><REACH who="2" ten="240,230,282,238" step="2"/><W130/><AGARI ba="0,1" hai="29,30,40,45,48,128,129,130" m="45609,43439" machi="130" ten="40,5200,0" yaku="19,1,52,2" doraHai="24,94" who="3" fromWho="3" sc="240,-13,230,-13,282,-26,238,62" /><INIT seed="3,0,0,5,1,130" ten="227,217,256,300" oya="3" hai0="85,105,75,38,125,23,50,18,70,63,0,42,91" hai1="13,104,96,45,15,103,65,110,39,100,108,71,35" hai2="58,60,43,107,117,34,9,24,5,106,25,120,124" hai3="90,95,72,31,93,74,11,99,30,109,14,20,47"/><W16/><G109/><N who="1" m="42090" /><E100/><V135/><F117/><W64/><G64/><T118/><D75/><U113/><E113/><V2/><F120/><W51/><G95/><T67/><D105/><U28/><E45/><V133/><F124/><W101/><G101/><T78/><D0/><U52/><E39/><V127/><F127/><W77/><G77/><T68/><D38/><U131/><E52/><N who="2" m="33863" /><F34/><W46/><G46/><N who="0" m="25943" /><D78/><U94/><E94/><V80/><F43/><N who="3" m="25087" /><G74/><T128/><D128/><U82/><E82/><V40/><F40/><W59/><G72/><T69/><D118/><U54/><E54/><V114/><F114/><W81/><G81/><T7/><D125/><U76/><E76/><V3/><F80/><W116/><G59/><T36/><D70/><U102/><E102/><V66/><F66/><W89/><G89/><T56/><D36/><U111/><N who="1" m="42098" /><U6/><DORA hai="88" /><E6/><V123/><F123/><W73/><G73/><T1/><D68/><U86/><E131/><V22/><F107/><W92/><G92/><N who="0" m="54383" /><D69/><U32/><E86/><V44/><F106/><W33/><G116/><T37/><D37/><U21/><E35/><V122/><F122/><W8/><G33/><T62/><D62/><N who="1" m="40375" /><E32/><V115/><F115/><W132/><G93/><T19/><D1/><U53/><E53/><V129/><F2/><W17/><G90/><T61/><D61/><U12/><E28/><N who="2" m="17431" /><F129/><W41/><G31/><T98/><D98/><U119/><E119/><V112/><F112/><W83/><G99/><T121/><D121/><U97/><E97/><V87/><F3/><W134/><G41/><RYUUKYOKU ba="0,0" sc="227,-10,217,30,256,-10,300,-10" hai1="12,13,15,21,96,103,104" /><INIT seed="4,1,0,4,2,83" ten="217,247,246,290" oya="0" hai0="90,43,100,109,37,38,108,134,130,23,106,123,129" hai1="133,126,121,91,5,31,7,3,21,114,116,51,87" hai2="97,68,36,59,13,53,30,118,18,66,32,110,89" hai3="76,107,112,82,80,125,81,74,6,72,42,29,124"/><T63/><D123/><U67/><E116/><V86/><F110/><N who="0" m="42602" /><D134/><U117/><E3/><V115/><F36/><N who="0" m="13930" /><D43/><U99/><E121/><V11/><F115/><W84/><G112/><T22/><D90/><U120/><E91/><V128/><F128/><N who="0" m="49258" /><D63/><U73/><E120/><V45/><F118/><W2/><G42/><T55/><D55/><U70/><E117/><V14/><F97/><AGARI ba="1,0" hai="22,23,97,100,106" m="49258,13930,42602" machi="97" ten="40,3900,0" yaku="10,1,19,1" doraHai="83" who="0" fromWho="2" sc="217,42,247,0,246,-42,290,0" /><INIT seed="4,2,0,1,2,14" ten="259,247,204,290" oya="0" hai0="117,63,120,68,74,72,73,123,121,28,32,131,6" hai1="71,39,80,50,86,49,11,38,66,22,134,112,55" hai2="30,135,9,48,34,8,85,59,116,13,1,133,128" hai3="29,19,67,0,76,31,69,91,7,42,40,111,18"/><T33/><D117/><U37/><E134/><N who="2" m="51211" /><F59/><W53/><G0/><T98/><D131/><U96/><E112/><V108/><F48/><W82/><G111/><T24/><D6/><U104/><E71/><V103/><F103/><W109/><G109/><T129/><D129/><U87/><E66/><V77/><F85/><N who="3" m="48327" /><G69/><T132/><D132/><U70/><E70/><V17/><F77/><W118/><G118/><T3/><D3/><U25/><E96/><V27/><F108/><W60/><G7/><T90/><D90/><U94/><E94/><V51/><F51/><W45/><G67/><N who="0" m="41087" /><D98/><U26/><E104/><V119/><F128/><W54/><G91/><T10/><D10/><U75/><E50/><V23/><F8/><W122/><G122/><T114/><D114/><U52/><E11/><V4/><AGARI ba="2,0" hai="1,4,9,13,17,23,27,30,34,116,119" m="51211" machi="4" ten="30,8000,1" yaku="24,1,20,1,34,2,52,1" doraHai="14" who="2" fromWho="2" sc="259,-42,247,-22,204,86,290,-22" /><INIT seed="5,0,0,4,4,74" ten="217,225,290,268" oya="1" hai0="81,19,48,78,7,30,101,22,26,51,85,68,84" hai1="6,83,106,105,107,132,73,67,76,54,39,116,113" hai2="52,37,93,4,120,42,34,129,36,56,102,117,103" hai3="27,47,122,64,38,13,87,35,135,20,62,59,130"/><U55/><E116/><V44/><F34/><W10/><G122/><T100/><D68/><U88/><E39/><V118/><F120/><W14/><G35/><T57/><D7/><U124/><E6/><V29/><F29/><W3/><G130/><T66/><D19/><U15/><E67/><V12/><F36/><W24/><G135/><T119/><D119/><U134/><E15/><V127/><F103/><N who="0" m="39498" /><D85/><N who="1" m="50239" /><E113/><V41/><F41/><W70/><G70/><T126/><D126/><U90/><E124/><V32/><F32/><W77/><G3/><T97/><D97/><U11/><E11/><V86/><F127/><W5/><G47/><T98/><D98/><U114/><E114/><V112/><F112/><W108/><G108/><T46/><D46/><U99/><E54/><V43/><F43/><W40/><G40/><T110/><D110/><U128/><E55/><V18/><F4/><W25/><G38/><T58/><D66/><U63/><E128/><V45/><F45/><W125/><G125/><T2/><D2/><U92/><E63/><V0/><F0/><W16/><G14/><T89/><D89/><U69/><E69/><V104/><F104/><N who="1" m="26625" /><U109/><DORA hai="50" /><E109/><V123/><F129/><W121/><G121/><T1/><D1/><U28/><E28/><V95/><F123/><W91/><G91/><T96/><D96/><U21/><E21/><V82/><F117/><W31/><G31/><T65/><D65/><U80/><AGARI ba="0,0" hai="73,76,80,90,92,99,132,134" m="26625,50239" machi="80" ten="50,12000,1" yaku="34,2,52,1,54,1" doraHai="74,50" who="1" fromWho="1" sc="217,-40,225,120,290,-40,268,-40" owari="177,-32.3,345,44.5,250,5.0,228,-17.2" /></mjloggm>