<mjloggm ver="2.3"><GO type="225" lobby="0"/><UN n0="%E8%81%B7%E6%A5%AD%E3%80%81%E9%A2%A8%32" n1="%43%68%65" n2="%E3%81%B8%E3%82%80%E3%81%B8%E3%82%80%EF%BC%92%E5%8F%B7" n3="%E3%83%B4%E3%83%A0%EF%BC%99%E3%81%A6" dan="16,16,17,17" rate="2116.91,2177.01,2203.24,2182.90" sx="M,M,M,M"/><TAIKYOKU oya="0"/><INIT seed="0,0,0,3,5,70" ten="250,250,250,250" oya="0" hai0="55,65,28,0,61,127,14,40,111,91,33,130,135" hai1="31,46,42,50,103,108,30,2,66,15,48,51,43" hai2="49,38,80,107,9,104,131,133,16,88,45,110,134" hai3="120,24,105,23,19,13,17,72,71,126,3,97,79"/><T112/><D0/><U26/><E2/><V47/><F110/><W37/><G3/><T83/><D112/><U10/><E108/><V118/><F118/><W100/><G71/><T64/><D111/><U53/><E66/><V57/><F57/><W101/><G126/><T11/><D127/><U106/><E106/><V32/><F32/><W121/><G101/><T21/><D130/><U93/><E103/><V52/><F131/><W63/><G63/><T119/><D135/><N who="2" m="51722" /><F45/><W73/><G79/><T94/><D33/><U109/><E109/><V116/><F38/><W34/><G37/><T124/><D40/><N who="1" m="15403" /><E93/><V59/><F59/><W4/><G4/><T74/><D124/><U81/><E81/><V99/><F116/><W84/><G84/><N who="0" m="52583" /><D83/><U98/><E98/><V44/><F44/><W27/><G34/><T117/><D74/><U36/><E36/><V7/><F7/><W125/><G125/><T76/><D119/><U96/><E96/><V58/><F58/><W18/><G72/><T78/><D117/><U39/><E39/><V122/><F122/><N who="3" m="47211" /><G73/><T123/><D123/><U29/><E26/><AGARI ba="0,0" hai="13,17,18,19,23,24,26,27,97,100,105" m="47211" machi="26" ten="30,1000,0" yaku="13,1" doraHai="70" who="3" fromWho="1" sc="250,0,250,-10,250,0,250,10" /><INIT seed="1,0,0,4,4,79" ten="250,240,250,260" oya="1" hai0="28,57,19,2,6,62,78,118,37,52,123,105,69" hai1="112,75,122,73,76,68,103,8,48,86,15,25,20" hai2="130,85,0,39,9,133,94,67,124,90,96,102,23" hai3="121,81,134,53,29,101,135,40,131,109,41,58,114"/><U60/><E112/><V89/><F124/><W98/><G114/><T97/><D37/><U32/><E122/><V56/><F130/><W132/><G121/><T108/><D118/><U54/><E32/><V100/><F133/><W33/><G131/><T21/><D123/><U7/><E103/><V11/><F39/><W35/><G109/><T84/><D28/><U126/><E126/><V59/><F23/><W83/><G40/><T43/><D108/><U64/><E86/><V110/><F110/><W12/><G12/><T82/><D43/><U93/><E93/><V92/><F0/><W70/><G70/><T55/><D69/><U72/><E76/><V127/><F127/><W50/><G41/><T120/><D120/><U26/><REACH who="1" step="1"/><E20/><REACH who="1" ten="250,230,250,260" step="2"/><V42/><F85/><W113/><G113/><T111/><D111/><U31/><E31/><V46/><F96/><W5/><G33/><T117/><D97/><U61/><E61/><V106/><F106/><N who="3" m="63799" /><G5/><T77/><D6/><U17/><E17/><V104/><F104/><W47/><G35/><T116/><D105/><U45/><AGARI ba="0,1" hai="7,8,15,25,26,45,48,54,60,64,68,72,73,75" machi="45" ten="30,6000,0" yaku="1,1,0,1,53,1" doraHai="79" doraHaiUra="44" who="1" fromWho="1" sc="250,-20,230,70,250,-20,260,-20" /><INIT seed="1,1,0,4,2,37" ten="230,300,230,240" oya="1" hai0="12,74,73,43,18,23,4,98,36,97,103,132,60" hai1="106,54,128,117,35,21,27,72,118,24,42,29,52" hai2="50,53,133,126,79,105,87,111,75,131,3,85,39" hai3="82,41,109,115,17,16,51,69,66,91,15,62,0"/><U135/><E72/><V47/><F111/><W22/><G115/><T8/><D132/><U134/><E106/><V80/><F133/><N who="1" m="50697" /><E128/><V84/><F131/><W13/><G109/><T7/><D98/><U96/><E96/><V49/><F126/><W88/><G0/><T64/><D7/><U119/><E42/><V6/><F105/><W89/><G82/><T65/><D43/><U9/><E9/><V77/><F39/><W31/><G31/><AGARI ba="1,0" hai="21,24,27,29,31,35,52,54,117,118,119" m="50697" machi="31" ten="40,3900,0" yaku="20,1,54,1" doraHai="37" who="1" fromWho="3" sc="230,0,300,42,230,0,240,-42" /><INIT seed="1,2,0,4,2,86" ten="230,342,230,198" oya="1" hai0="128,133,110,76,79,87,52,70,19,11,42,43,35" hai1="18,88,31,115,24,80,89,25,124,60,0,62,40" hai2="69,116,45,54,28,75,113,12,105,83,38,91,93" hai3="129,1,27,33,101,29,104,9,55,71,64,37,47"/><U53/><E115/><V3/><F3/><W57/><G129/><T10/><D70/><U92/><E0/><V99/><F116/><W94/><G94/><T14/><D35/><U109/><E124/><V114/><F69/><W22/><G22/><N who="0" m="11639" /><D110/><U122/><E122/><V36/><F28/><W82/><G82/><T118/><D128/><U17/><E40/><N who="0" m="15401" /><D133/><U127/><E127/><V125/><F125/><W74/><G74/><T90/><D52/><U26/><E31/><V67/><F67/><W126/><G126/><T77/><D118/><U106/><E106/><V8/><F105/><W7/><G37/><T23/><D23/><U98/><E109/><V59/><F45/><W56/><G47/><T100/><D100/><U65/><E53/><V32/><F32/><W34/><G55/><T117/><D117/><U41/><E41/><V61/><F113/><W73/><G73/><T135/><D135/><U134/><E134/><V111/><F111/><W51/><G51/><T4/><D4/><U120/><E120/><V103/><F114/><W2/><G34/><T123/><D123/><U20/><E20/><V5/><REACH who="2" step="1"/><F103/><REACH who="2" ten="230,342,220,198" step="2"/><W78/><G1/><T15/><D15/><U96/><E65/><V72/><F72/><W107/><G107/><T21/><D21/><U48/><E26/><V130/><F130/><W16/><G104/><T49/><D49/><U63/><E48/><V112/><F112/><W58/><G64/><T84/><D84/><N who="1" m="50311" /><E25/><V13/><F13/><W81/><G71/><T121/><D121/><U95/><E24/><V108/><F108/><W131/><G131/><RYUUKYOKU ba="2,1" sc="230,10,342,10,220,10,198,-30" hai0="10,11,76,77,79,87,90" hai1="17,18,60,62,63,88,92,95,96,98" hai2="5,8,12,36,38,54,59,61,75,83,91,93,99" /><INIT seed="1,3,1,4,2,131" ten="240,352,230,168" oya="1" hai0="56,95,38,5,0,55,101,83,60,117,27,2,113" hai1="116,14,54,99,7,52,40,50,135,103,108,62,35" hai2="18,69,74,30,64,75,89,100,80,6,71,15,42" hai3="112,21,39,68,22,19,8,128,58,93,63,28,1"/><U118/><E35/><V86/><F30/><W45/><G128/><T96/><D38/><U36/><E36/><V132/><F132/><W127/><G112/><T26/><D113/><U72/><E135/><V81/><F100/><W34/><G127/><T47/><D117/><U4/><E72/><V44/><F6/><W29/><G68/><T124/><D124/><U134/><E134/><V97/><F97/><W70/><G70/><T66/><D2/><U16/><E40/><V41/><F41/><W106/><G106/><T33/><D33/><U92/><E108/><V104/><F104/><W121/><G34/><T59/><D47/><U31/><E31/><V85/><F64/><W17/><G121/><T46/><D46/><N who="1" m="27735" /><E118/><V77/><F69/><W109/><G109/><T105/><D105/><U122/><E122/><V120/><F71/><W53/><G39/><T3/><D83/><U84/><E84/><V73/><F120/><W79/><G45/><T102/><D101/><U91/><E103/><V13/><REACH who="2" step="1"/><F18/><REACH who="2" ten="240,352,220,168" step="2"/><W43/><G43/><T119/><D102/><U57/><E116/><V65/><F65/><W11/><G28/><T94/><D66/><U51/><E4/><V32/><F32/><W24/><G17/><T82/><D5/><U23/><E7/><V67/><F67/><W110/><G110/><T25/><D119/><U10/><E23/><V20/><F20/><W87/><G1/><T61/><D3/><U9/><E9/><V76/><F76/><W78/><G78/><T130/><D0/><U115/><E115/><V90/><F90/><N who="3" m="53471" /><G79/><T37/><D130/><RYUUKYOKU ba="3,2" sc="240,-30,352,10,220,10,168,10" hai1="10,14,16,51,54,57,62,91,92,99" hai2="13,15,42,44,73,74,75,77,80,81,85,86,89" hai3="8,11,19,21,22,24,29,53,58,63" /><INIT seed="1,4,2,0,1,81" ten="210,362,230,178" oya="1" hai0="36,7,49,35,120,132,39,10,130,5,125,42,52" hai1="85,123,70,115,111,64,82,113,80,126,122,86,68" hai2="62,69,55,47,45,105,20,9,83,117,33,59,74" hai3="8,108,18,84,17,133,15,109,21,30,54,96,116"/><U106/><E106/><V92/><F33/><W91/><G133/><T94/><D35/><U73/><E64/><V77/><F105/><W97/><G116/><T88/><D132/><U14/><E14/><V1/><F117/><W34/><G34/><T79/><D125/><U76/><E126/><V53/><F69/><W135/><G30/><T28/><D120/><U58/><E58/><V24/><F92/><W50/><G135/><T37/><D28/><U66/><E66/><V99/><F99/><W72/><G72/><T90/><D79/><U51/><E51/><V6/><REACH who="2" step="1"/><F55/><REACH who="2" ten="210,362,220,178" step="2"/><W98/><G109/><T22/><D52/><U128/><E111/><V16/><AGARI ba="4,3" hai="1,6,9,16,20,24,45,47,53,59,62,74,77,83" machi="16" ten="20,12000,2" yaku="1,1,2,1,0,1,7,1,54,1,53,1" doraHai="81" doraHaiUra="12" who="2" fromWho="2" sc="210,-34,362,-64,220,162,178,-34" /><INIT seed="2,0,0,5,4,104" ten="176,298,382,144" oya="2" hai0="14,94,82,116,38,105,132,15,81,32,69,118,79" hai1="84,37,31,122,106,13,6,33,61,91,90,102,24" hai2="117,17,101,66,89,43,45,25,77,19,60,67,72" hai3="57,23,1,71,100,29,62,21,96,16,95,58,74"/><V8/><F117/><N who="0" m="45162" /><D32/><U97/><E37/><V130/><F101/><W47/><G1/><T48/><D69/><U44/><E122/><V128/><F89/><W98/><G74/><N who="0" m="43255" /><D38/><U123/><E123/><V26/><F77/><W68/><G47/><T12/><D105/><U5/><E44/><V73/><F60/><W124/><G124/><T87/><D132/><U134/><E134/><V9/><F45/><W121/><G121/><T27/><D27/><U113/><E113/><V86/><F86/><W56/><G96/><T30/><D30/><U0/><E0/><V63/><F63/><W75/><G75/><T11/><D94/><U70/><E13/><V99/><F99/><W93/><G93/><T54/><D11/><U120/><E91/><V7/><F7/><W131/><G131/><T50/><D54/><U28/><E28/><V112/><F43/><W85/><G85/><T126/><D126/><U10/><E10/><V111/><F112/><W107/><G107/><T78/><AGARI ba="0,0" hai="12,14,15,48,50,78,82,87" m="43255,45162" machi="78" ten="30,2000,0" yaku="12,1,52,1" doraHai="104" who="0" fromWho="0" sc="176,20,298,-5,382,-10,144,-5" /><INIT seed="3,0,0,1,5,17" ten="196,293,372,139" oya="3" hai0="37,52,126,72,91,116,128,123,40,38,67,15,49" hai1="119,80,57,12,86,94,33,125,18,0,121,11,92" hai2="71,1,5,133,120,113,118,20,22,47,114,25,8" hai3="79,51,54,105,74,115,98,44,93,32,58,100,46"/><W26/><G115/><T106/><D72/><U62/><E121/><V56/><F71/><W124/><G124/><T109/><D106/><U69/><E69/><V42/><F118/><W68/><G68/><T55/><D91/><U97/><E125/><V13/><F133/><W81/><G32/><T117/><D15/><U134/><E134/><V99/><F99/><W76/><G76/><T45/><D126/><U50/><E119/><N who="0" m="45641" /><D123/><U102/><E0/><V101/><F56/><W19/><REACH who="3" step="1"/><G105/><REACH who="3" ten="196,293,372,129" step="2"/><T89/><D128/><U31/><E33/><V65/><F114/><W111/><G111/><T127/><D127/><U35/><E35/><V2/><F113/><W95/><G95/><T59/><D109/><U14/><E94/><V129/><F120/><W27/><G27/><T90/><D89/><U21/><E92/><V112/><F112/><W28/><G28/><T130/><D90/><U122/><E31/><V96/><F25/><W108/><G108/><T60/><D130/><U85/><E122/><V29/><F29/><W63/><G63/><T88/><D88/><U83/><E62/><V23/><F129/><W135/><G135/><T16/><D60/><U4/><E80/><V30/><F30/><W9/><G9/><T103/><D103/><U78/><E83/><V6/><F101/><W24/><G24/><T61/><D61/><U84/><E78/><V64/><F8/><W132/><G132/><T107/><D107/><U131/><E131/><V10/><F10/><W36/><G36/><T87/><D38/><U34/><E102/><V66/><F1/><W73/><G73/><RYUUKYOKU ba="0,1" sc="196,-10,293,-10,372,-10,129,30" hai3="19,26,44,46,51,54,58,74,79,81,93,98,100" /><INIT seed="3,1,1,3,2,87" ten="186,283,362,159" oya="3" hai0="120,8,115,25,30,101,13,111,103,61,63,81,62" hai1="109,39,131,23,1,90,129,64,71,28,42,59,47" hai2="20,68,70,7,26,44,105,65,98,104,106,118,37" hai3="32,97,93,77,110,84,33,67,21,16,83,126,27"/><W128/><G126/><T50/><D111/><U43/><E1/><V29/><F118/><W112/><G112/><T6/><D120/><U75/><E109/><V10/><F65/><W86/><G110/><T56/><D115/><U34/><E34/><V124/><F124/><W15/><G128/><T12/><D12/><U9/><E75/><V31/><F31/><W95/><G67/><T69/><D69/><U19/><E43/><V46/><F98/><W52/><G84/><T114/><D114/><U85/><E71/><V49/><F44/><W94/><G97/><T116/><D116/><U60/><E9/><V22/><F22/><W100/><G100/><N who="0" m="38475" /><D81/><U17/><E28/><V89/><F89/><W11/><REACH who="3" step="1"/><G52/><REACH who="3" ten="186,283,362,149" step="2"/><N who="0" m="31767" /><D30/><AGARI ba="1,2" hai="11,15,16,21,27,30,32,33,77,83,86,93,94,95" machi="30" ten="40,3900,0" yaku="1,1,54,1,53,0" doraHai="87" doraHaiUra="102" who="3" fromWho="0" sc="186,-42,283,0,362,0,149,62" /><INIT seed="3,2,0,1,1,122" ten="144,283,362,211" oya="3" hai0="110,98,12,104,72,118,82,39,44,100,6,101,92" hai1="69,71,125,21,30,81,20,131,3,65,41,77,114" hai2="99,51,7,61,111,89,36,129,68,95,55,17,130" hai3="88,2,10,64,58,8,37,28,52,86,74,108,126"/><W105/><G74/><T78/><D118/><U103/><E114/><V60/><F111/><W38/><G105/><T119/><D119/><U113/><E113/><V70/><F17/><W96/><G64/><T22/><D39/><U93/><E3/><V132/><F7/><W127/><G28/><T85/><D44/><U112/><E41/><V29/><F29/><W27/><G27/><T18/><D6/><U90/><E103/><V135/><F36/><N who="3" m="13931" /><G96/><T67/><D67/><U62/><E71/><N who="2" m="27179" /><F60/><N who="3" m="35911" /><G108/><T49/><D49/><U54/><E112/><V9/><F9/><W47/><G47/><T48/><D48/><U116/><E116/><V84/><F99/><W57/><G57/><T79/><D101/><U87/><E30/><V59/><F51/><W45/><G45/><T63/><D79/><U46/><E46/><V53/><F53/><W31/><G31/><T11/><D63/><U107/><E54/><V15/><F15/><W35/><G35/><T106/><D106/><U5/><E107/><V56/><F56/><W133/><G133/><AGARI ba="2,0" hai="55,59,61,84,89,95,129,130,132,133,135" m="27179" machi="133" ten="30,1000,0" yaku="20,1" doraHai="122" who="2" fromWho="3" sc="144,0,283,0,362,16,211,-16" owari="144,-35.6,283,8.3,378,47.8,195,-20.5" /></mjloggm>