<mjloggm ver="2.3"><GO type="225" lobby="0"/><UN n0="%E5%8D%A0%E3%81%84%E5%B8%AB%E8%A3%8F%E3%81%AA%E3%81%84%E3%81%97" n1="%E5%8F%AF%E5%85%90%E9%82%A3%E7%94%B1%E5%A4%9A" n2="%E4%BE%BF%E6%89%80" n3="%E6%9A%87%E4%BA%BA%EF%BC%A0%E9%85%8D%E4%BF%A1%E5%9E%A2" dan="16,17,16,17" rate="2104.70,2198.15,2067.82,2189.85" sx="M,F,M,F"/><TAIKYOKU oya="0"/><INIT seed="0,0,0,3,5,54" ten="250,250,250,250" oya="0" hai0="37,23,119,122,87,29,13,74,47,114,128,3,80" hai1="82,83,90,28,91,76,17,94,108,110,131,88,72" hai2="109,21,45,52,85,26,5,105,99,66,75,118,53" hai3="35,113,125,14,7,98,112,9,57,30,102,8,100"/><T73/><D114/><U12/><E28/><V103/><F75/><W34/><G125/><T49/><D119/><U106/><E17/><V63/><F118/><W24/><G35/><T78/><D3/><U97/><E12/><V121/><F121/><W107/><G102/><T50/><D122/><U40/><E40/><V4/><F85/><W1/><REACH who="3" step="1"/><G57/><REACH who="3" ten="250,250,250,240" step="2"/><T77/><D128/><U92/><E131/><V60/><F103/><W104/><G104/><T32/><D32/><U6/><E6/><AGARI ba="0,1" hai="1,6,7,8,9,14,24,30,34,98,100,107,112,113" machi="6" ten="30,7700,0" yaku="1,1,7,1,53,2" doraHai="54" doraHaiUra="0" who="3" fromWho="1" sc="250,0,250,-77,250,0,240,87" /><INIT seed="1,0,0,1,4,47" ten="250,173,250,327" oya="1" hai0="29,102,88,23,91,38,57,42,55,106,59,37,50" hai1="3,28,41,77,56,58,98,64,15,80,90,48,121" hai2="4,83,82,93,33,14,19,0,94,62,96,27,104" hai3="128,89,76,105,31,97,122,35,39,16,119,26,1"/><U68/><E121/><V24/><F104/><W71/><G122/><T74/><D74/><U78/><E3/><V87/><F0/><W118/><G1/><T132/><D132/><U107/><E68/><V52/><F33/><W126/><G39/><T40/><D106/><U22/><E107/><V63/><F4/><W100/><G126/><T79/><D79/><N who="1" m="30219" /><E64/><V69/><F69/><W11/><G128/><T8/><D102/><U34/><E34/><V54/><F14/><N who="3" m="7263" /><G76/><T99/><D8/><U108/><E108/><V114/><F19/><W6/><G71/><T7/><D7/><U133/><E133/><V103/><F87/><W70/><G70/><T72/><D72/><U12/><E12/><V10/><F10/><W43/><G6/><T20/><D99/><U51/><E41/><V123/><F96/><W124/><G124/><T61/><D29/><U135/><E135/><V60/><F60/><W49/><G43/><N who="0" m="16427" /><D37/><U115/><E115/><V116/><F123/><W66/><G118/><T109/><D38/><U111/><E111/><V44/><F116/><W130/><G119/><T67/><D109/><U53/><E15/><V86/><F114/><W18/><G97/><T84/><D91/><U112/><E112/><V125/><F125/><W92/><G89/><T81/><AGARI ba="0,0" hai="20,23,50,55,57,59,61,67,81,84,88" m="16427" machi="81" ten="30,4000,0" yaku="8,1,52,1,54,1" doraHai="47" who="0" fromWho="0" sc="250,40,173,-20,250,-10,327,-10" /><INIT seed="2,0,0,5,5,79" ten="290,153,240,317" oya="2" hai0="127,117,33,39,114,7,3,46,2,75,96,36,74" hai1="97,16,19,108,110,67,49,91,126,58,45,92,106" hai2="130,69,109,87,38,129,124,37,70,102,8,86,1" hai3="121,21,24,62,15,95,9,43,31,27,81,88,131"/><V29/><F29/><W22/><G121/><T77/><D114/><U28/><E126/><V48/><F102/><W68/><G131/><N who="2" m="50185" /><F124/><W135/><G135/><T122/><D122/><U12/><E106/><V20/><F20/><W57/><G68/><N who="2" m="26217" /><F48/><W66/><G43/><T41/><D127/><U94/><E28/><V72/><F72/><N who="0" m="27690" /><D77/><U6/><E6/><N who="2" m="1103" /><F109/><W133/><G133/><T65/><D117/><U107/><E107/><V112/><F112/><W78/><G22/><T51/><D7/><U54/><E94/><V82/><F87/><N who="3" m="50287" /><G27/><T123/><D123/><U53/><E67/><V105/><F105/><W104/><G95/><T44/><D65/><U32/><E32/><V30/><F30/><W35/><G35/><T14/><D33/><U11/><REACH who="1" step="1"/><E19/><REACH who="1" ten="290,143,240,317" step="2"/><V103/><F103/><W80/><G104/><T40/><D2/><U98/><E98/><V134/><F134/><W59/><G31/><T5/><D96/><U26/><E26/><V42/><F42/><W55/><G24/><T132/><D3/><U116/><E116/><V101/><F101/><W18/><G66/><T120/><D132/><U64/><E64/><V56/><F56/><W61/><G59/><T83/><D120/><U89/><E89/><AGARI ba="0,1" hai="37,38,82,86,89" m="1103,26217,50185" machi="89" ten="30,2900,0" yaku="19,1,52,1" doraHai="79" who="2" fromWho="1" sc="290,0,143,-29,240,39,317,0" /><INIT seed="2,1,0,2,2,88" ten="290,114,279,317" oya="2" hai0="130,45,59,129,52,95,131,106,68,84,135,111,91" hai1="14,58,22,16,30,36,0,25,4,34,89,109,92" hai2="41,96,60,63,61,73,123,98,17,48,38,55,20" hai3="53,81,39,108,54,86,121,117,105,40,43,126,21"/><V101/><F123/><W132/><G121/><T93/><D111/><U27/><E109/><V78/><F38/><W19/><G117/><T74/><D74/><U67/><E36/><V99/><F73/><W112/><G108/><T42/><D106/><U75/><E75/><V128/><F128/><W100/><G132/><T83/><D68/><U31/><E67/><V47/><F78/><W32/><G32/><T72/><D72/><U37/><E37/><V79/><F79/><W85/><G126/><T70/><D70/><U69/><E69/><V103/><REACH who="2" step="1"/><F41/><REACH who="2" ten="290,114,269,317" step="2"/><W46/><G43/><T33/><D135/><U13/><E58/><V28/><F28/><W90/><G112/><T26/><D42/><U1/><E89/><V29/><F29/><W24/><G39/><T57/><D57/><U51/><E51/><V118/><F118/><W120/><G40/><T115/><D115/><U23/><E92/><V3/><F3/><W9/><G120/><T124/><D124/><U71/><E71/><V10/><F10/><AGARI ba="1,1" hai="0,1,4,10,13,14,16,22,23,25,27,30,31,34" machi="10" ten="40,12000,2" yaku="35,6,54,1" doraHai="88" who="1" fromWho="2" sc="290,0,114,133,269,-123,317,0" /><INIT seed="3,0,0,0,5,97" ten="290,247,146,317" oya="3" hai0="46,87,14,134,9,77,122,83,59,7,39,30,93" hai1="17,32,113,118,89,16,119,42,96,98,132,128,51" hai2="107,45,8,72,68,52,5,2,58,78,121,47,108" hai3="10,79,99,76,60,57,114,103,55,92,31,6,123"/><W86/><G114/><T49/><D122/><U27/><E113/><V73/><F121/><W29/><G123/><T104/><D104/><U63/><E128/><V25/><F68/><W20/><G86/><T110/><D110/><U67/><E132/><V28/><F108/><W74/><G74/><T35/><D134/><U80/><E32/><V115/><F115/><W15/><G20/><T90/><D39/><U64/><E27/><V116/><F116/><N who="1" m="44585" /><E67/><V0/><F0/><W12/><G12/><T81/><D35/><U66/><E66/><V34/><F107/><W95/><G95/><T131/><D131/><U94/><E80/><V38/><F78/><AGARI ba="0,0" hai="6,10,15,29,31,55,57,60,76,78,79,92,99,103" machi="78" ten="40,3900,0" yaku="8,1,52,1" doraHai="97" who="3" fromWho="2" sc="290,0,247,0,146,-39,317,39" owari="290,9.0,247,-15.3,107,-39.3,356,45.6" /></mjloggm>