<mjloggm ver="2.3"><GO type="225" lobby="0"/><UN n0="%E7%B4%94%E6%BD%94%E3%83%94%E3%83%A9%E3%83%8B%E3%82%A2" n1="%E3%81%95%E3%81%8D%E3%81%9F%E3%81%BE%E6%9E%97%E6%AA%8E" n2="%E5%8D%A0%E3%81%84%E5%B8%AB%E8%A3%8F%E3%81%AA%E3%81%84%E3%81%97" n3="%4B%2E%32%2E%4B%2E" dan="16,16,17,16" rate="2137.52,2051.70,2158.49,2127.25" sx="M,M,M,M"/><TAIKYOKU oya="0"/><INIT seed="0,0,0,0,4,26" ten="250,250,250,250" oya="0" hai0="75,132,82,110,92,53,44,114,105,111,46,9,80" hai1="24,95,73,67,16,112,32,101,64,85,87,74,135" hai2="61,97,27,83,123,117,69,2,37,104,36,11,56" hai3="89,103,122,125,12,96,34,77,66,127,51,129,120"/><T98/><D105/><U52/><E32/><V86/><F123/><N who="3" m="47147" /><G34/><T49/><D114/><U31/><E135/><V102/><F117/><W119/><G66/><T39/><D132/><U41/><E41/><V33/><F56/><W47/><G119/><T126/><D126/><N who="3" m="48137" /><G12/><T107/><D107/><U6/><E6/><N who="2" m="1495" /><F86/><W113/><G113/><T55/><D75/><U121/><E121/><V13/><F83/><N who="0" m="31786" /><D9/><U28/><E112/><V17/><F17/><W43/><G77/><T106/><D106/><U99/><E74/><V100/><F13/><W38/><G129/><T14/><D14/><U118/><E118/><V58/><F58/><W3/><G3/><T29/><D39/><U78/><E73/><V68/><F100/><W10/><G10/><T134/><D134/><U25/><E78/><V35/><F35/><W40/><G103/><N who="0" m="60871" /><D111/><U1/><E1/><V88/><F88/><W124/><G124/><T22/><D110/><U4/><E101/><V91/><F91/><W0/><G0/><T15/><D15/><U94/><E99/><V131/><F131/><W65/><G65/><T128/><D128/><U8/><E8/><V20/><F20/><W19/><G19/><T108/><D108/><U81/><E81/><V18/><F18/><W7/><G7/><T109/><D109/><U130/><E16/><V71/><F61/><W54/><G38/><T23/><D23/><U45/><E130/><V57/><F57/><W133/><G133/><T59/><D55/><U70/><E4/><V42/><F42/><N who="3" m="15915" /><G89/><T84/><D84/><U115/><E87/><V21/><F33/><RYUUKYOKU ba="0,0" sc="250,10,250,-30,250,10,250,10" hai0="22,29,44,46,49,53,59" hai2="21,27,36,37,68,69,71,97,102,104" hai3="47,51,54,96" /><INIT seed="0,1,0,3,1,24" ten="260,220,260,260" oya="0" hai0="23,36,1,67,0,14,133,129,68,115,73,104,64" hai1="48,65,95,29,56,13,113,18,60,46,25,22,108" hai2="52,40,42,130,44,97,19,32,35,132,41,51,128" hai3="9,57,123,99,26,27,111,21,114,106,33,84,28"/><T16/><D115/><U15/><E108/><V121/><F121/><W126/><G114/><T98/><D73/><U125/><E125/><V112/><F112/><W100/><G126/><T10/><D36/><U86/><E113/><V71/><F71/><W45/><G111/><T127/><D127/><U107/><E107/><V89/><F132/><W91/><G123/><T38/><D38/><U83/><E95/><N who="2" m="56559" /><F19/><W11/><G57/><T78/><D78/><U93/><E93/><V118/><F118/><W135/><G45/><T59/><D133/><U92/><E92/><V34/><F34/><W94/><REACH who="3" step="1"/><G135/><REACH who="3" ten="260,220,260,250" step="2"/><T30/><D68/><U101/><E101/><V17/><F44/><W6/><G6/><T53/><D129/><U43/><REACH who="1" step="1"/><E18/><AGARI ba="1,1" hai="9,11,18,21,26,27,28,33,84,91,94,99,100,106" machi="18" ten="30,3900,0" yaku="1,1,7,1,52,1,53,0" doraHai="24" doraHaiUra="75" who="3" fromWho="1" sc="260,0,220,-42,260,0,250,52" /><INIT seed="1,0,0,5,1,25" ten="260,178,260,302" oya="1" hai0="74,96,32,3,135,67,33,114,7,103,2,75,94" hai1="101,68,37,78,109,80,19,83,106,50,73,90,66" hai2="39,113,132,56,130,22,35,69,51,88,108,124,24" hai3="15,129,118,104,55,43,134,59,98,81,8,97,105"/><U4/><E37/><V86/><F108/><W92/><G129/><T117/><D114/><U100/><E4/><V115/><F69/><W112/><G112/><N who="2" m="43081" /><F130/><W77/><G134/><T29/><D117/><U11/><E109/><V36/><F35/><W107/><G43/><T62/><D135/><U9/><E106/><V0/><F0/><W47/><G47/><T20/><D20/><U119/><E119/><V85/><F85/><W46/><G46/><T21/><D21/><U38/><E38/><V23/><F23/><W63/><G92/><T61/><D61/><U122/><E122/><V48/><F124/><W84/><REACH who="3" step="1"/><G118/><REACH who="3" ten="260,178,260,292" step="2"/><T30/><D94/><U52/><E66/><V123/><F132/><W76/><G76/><T27/><D67/><U91/><E83/><N who="2" m="49247" /><F123/><W1/><G1/><T127/><D127/><U121/><E121/><V120/><F120/><W60/><G60/><T40/><D62/><U10/><E68/><V65/><F65/><W93/><G93/><T57/><D57/><N who="1" m="32919" /><E73/><V42/><F56/><W72/><G72/><T89/><D75/><U45/><E45/><N who="2" m="23751" /><F39/><W41/><G41/><T54/><D40/><U28/><E78/><V79/><F79/><W44/><G44/><T14/><D74/><U58/><E58/><V133/><F133/><W125/><G125/><T64/><D64/><U34/><E80/><V126/><F126/><W49/><G49/><T131/><D131/><U71/><E71/><V12/><F12/><W16/><AGARI ba="0,1" hai="8,15,16,55,59,63,77,81,84,97,98,104,105,107" machi="16" ten="30,4000,0" yaku="1,1,0,1,54,1,53,0" doraHai="25" doraHaiUra="17" who="3" fromWho="3" sc="260,-10,178,-20,260,-10,292,50" /><INIT seed="2,0,0,0,0,37" ten="250,158,250,342" oya="2" hai0="134,94,110,83,1,38,70,17,42,51,78,12,87" hai1="113,60,47,111,131,50,114,67,24,88,100,118,73" hai2="41,64,65,58,72,116,125,85,9,120,54,101,15" hai3="8,75,68,92,48,5,16,127,98,103,86,89,20"/><V84/><F72/><W40/><G68/><T18/><D110/><U122/><E73/><V91/><F116/><W55/><G75/><T11/><D70/><U77/><E77/><V10/><F120/><W69/><G69/><T128/><D38/><U76/><E76/><V135/><F135/><W36/><G127/><T108/><D108/><U102/><E118/><V27/><F101/><W126/><G36/><T117/><D1/><U2/><E2/><V97/><F27/><W57/><G40/><T66/><D66/><N who="2" m="25706" /><F125/><W22/><G16/><N who="0" m="6251" /><D128/><U61/><E111/><V4/><F9/><W121/><G121/><T80/><D134/><U3/><E3/><V7/><F7/><W133/><G133/><T28/><D28/><U52/><E122/><V132/><F132/><W82/><G126/><T44/><D117/><U53/><E131/><V123/><F41/><W107/><G107/><T14/><D83/><U0/><E0/><AGARI ba="0,0" hai="0,5,8,20,22,48,55,57,82,86,89,92,98,103" machi="0" ten="30,1000,0" yaku="7,1" doraHai="37" who="3" fromWho="1" sc="250,0,158,-10,250,0,342,10" /><INIT seed="3,0,0,1,4,11" ten="250,148,250,352" oya="3" hai0="97,89,121,92,0,106,93,38,95,31,86,17,127" hai1="6,14,91,23,60,7,40,109,107,116,74,71,36" hai2="22,19,113,80,70,62,44,85,59,52,103,27,61" hai3="25,125,78,12,39,79,15,122,124,57,76,50,9"/><W98/><G122/><T132/><D38/><U20/><E109/><V66/><F113/><W65/><G39/><T104/><D0/><U131/><E116/><V129/><F129/><W41/><G25/><T120/><D31/><U34/><E34/><V72/><F103/><W46/><G98/><T28/><D28/><U54/><E131/><V102/><F102/><W101/><G101/><T29/><D29/><U63/><E107/><N who="0" m="41001" /><D17/><U87/><E74/><V83/><F72/><W123/><G123/><N who="0" m="47179" /><D132/><U26/><E71/><V135/><F135/><W99/><G9/><T111/><D111/><U68/><E68/><V47/><F80/><W134/><G57/><T69/><D69/><U130/><E130/><V96/><F96/><W58/><G58/><T112/><D127/><U13/><E36/><V90/><AGARI ba="0,0" hai="19,22,27,44,47,52,59,61,62,66,70,83,85,90" machi="90" ten="20,2700,0" yaku="0,1,7,1,54,1" doraHai="11" who="2" fromWho="2" sc="250,-7,148,-7,250,27,352,-13" owari="243,-15.7,141,-35.9,277,7.7,339,43.9" /></mjloggm>