<mjloggm ver="2.3"><GO type="225" lobby="0"/><UN n0="%E3%81%B5%E3%81%98%E3%81%8B%E3%81%A4" n1="%E7%99%BD%E6%97%A5%E9%9B%AA%E8%8F%9C" n2="%E3%81%8D%E3%82%85%E3%81%86" n3="%6B%69%72%61%64%6F%6B%69" dan="16,17,16,16" rate="2161.30,2217.85,2081.75,2124.52" sx="M,M,M,M"/><TAIKYOKU oya="0"/><INIT seed="0,0,0,5,0,12" ten="250,250,250,250" oya="0" hai0="66,120,70,90,135,48,118,121,23,54,102,1,119" hai1="5,45,59,77,98,35,26,13,113,101,2,112,52" hai2="6,37,97,100,24,25,95,109,67,74,78,125,41" hai3="36,62,17,53,57,75,8,4,84,111,104,123,116"/><T105/><D1/><U80/><E2/><V79/><F109/><W129/><G75/><T69/><D105/><U11/><E45/><V117/><F125/><W65/><G116/><N who="0" m="44587" /><D90/><U20/><E35/><V71/><F117/><W64/><G111/><T72/><D23/><U106/><E80/><V108/><F108/><W30/><G129/><T134/><D102/><U107/><E77/><V63/><F6/><W32/><G32/><T82/><D82/><U68/><E68/><N who="0" m="26217" /><D66/><U43/><E107/><V16/><F25/><W22/><G64/><T46/><D72/><U3/><E43/><V89/><F100/><W60/><G104/><T81/><D81/><U110/><E3/><V85/><F97/><W126/><G65/><T10/><D10/><U94/><E106/><V132/><F78/><W96/><G96/><T73/><D73/><U115/><E110/><V47/><F79/><W15/><G22/><T128/><D128/><U122/><E122/><AGARI ba="0,0" hai="46,48,54,120,121,122,134,135" m="26217,44587" machi="122" ten="40,3900,0" yaku="34,2" doraHai="12" who="0" fromWho="1" sc="250,39,250,-39,250,0,250,0" /><INIT seed="0,1,0,1,0,6" ten="289,211,250,250" oya="0" hai0="114,75,127,27,134,70,37,135,15,1,121,92,105" hai1="39,23,51,42,54,117,115,36,68,43,32,8,82" hai2="22,44,33,118,53,85,90,131,26,67,98,29,81" hai3="40,7,112,106,24,41,89,60,57,132,119,107,13"/><T84/><RYUUKYOKU type="yao9" ba="1,0" sc="289,0,211,0,250,0,250,0" hai0="1,15,27,37,70,75,84,92,105,114,121,127,134,135" /><INIT seed="0,2,0,3,5,84" ten="289,211,250,250" oya="0" hai0="54,16,2,5,112,69,66,95,101,96,7,65,135" hai1="58,29,14,104,60,11,36,108,70,79,133,6,4" hai2="76,130,63,51,56,17,129,55,23,44,74,18,34" hai3="27,103,102,25,122,61,105,40,117,115,35,30,77"/><T50/><D112/><U75/><E36/><V120/><F34/><W90/><G115/><T12/><D135/><U116/><E104/><V134/><F120/><W57/><G117/><T1/><D1/><U19/><E116/><V73/><F18/><W26/><G77/><T8/><D69/><U132/><E108/><V119/><F134/><N who="1" m="51817" /><E70/><V109/><F109/><W97/><G40/><T87/><D87/><U39/><E39/><V13/><F119/><W89/><G103/><T37/><D37/><U48/><E48/><V113/><F113/><W15/><G122/><T118/><D118/><U106/><E106/><V22/><F22/><W128/><G128/><N who="2" m="49257" /><F76/><W45/><G45/><N who="0" m="27983" /><D2/><U3/><E29/><V82/><F82/><W126/><G126/><T53/><D53/><AGARI ba="2,0" hai="13,17,23,44,51,53,55,56,63,73,74" m="49257" machi="53" ten="30,1000,0" yaku="19,1" doraHai="84" who="2" fromWho="0" sc="289,-16,211,0,250,16,250,0" /><INIT seed="1,0,0,2,3,40" ten="273,211,266,250" oya="1" hai0="44,60,67,19,82,24,9,18,80,108,21,119,78" hai1="41,31,59,35,37,36,8,27,101,96,69,70,133" hai2="26,30,122,76,86,28,16,110,125,38,111,73,130" hai3="11,83,103,93,87,89,56,13,20,0,52,91,68"/><U77/><E133/><V104/><F122/><W116/><G68/><T106/><D119/><U62/><E77/><V53/><F73/><W121/><G121/><T2/><D106/><U32/><E32/><V134/><F104/><W72/><G72/><T10/><D108/><U17/><E17/><V58/><F38/><W132/><G132/><T97/><D97/><U14/><E14/><V131/><F134/><W45/><G0/><T112/><D112/><U95/><E8/><V74/><F74/><W39/><G103/><T54/><D2/><U114/><E114/><V113/><F113/><W64/><G20/><T4/><D4/><U34/><E35/><V94/><F125/><W42/><G64/><T105/><D105/><U99/><E96/><V109/><F16/><N who="0" m="6186" /><D78/><U75/><E75/><V25/><F25/><W102/><G102/><T57/><D24/><U98/><E99/><V43/><F43/><W22/><G116/><T126/><D21/><U120/><E120/><V47/><F47/><W84/><G22/><T50/><D126/><U107/><E107/><V129/><F26/><W15/><G11/><AGARI ba="0,0" hai="9,10,11,44,50,54,57,60,67,80,82" m="6186" machi="11" ten="30,3900,0" yaku="8,1,52,1,54,1" doraHai="40" who="0" fromWho="3" sc="273,39,211,0,266,0,250,-39" /><INIT seed="2,0,0,0,2,69" ten="312,211,266,211" oya="2" hai0="70,0,114,48,25,128,52,26,65,130,106,122,81" hai1="4,38,32,18,112,39,123,45,109,87,84,68,118" hai2="103,66,36,67,34,8,75,124,13,5,80,53,95" hai3="101,97,73,90,117,135,58,21,60,113,107,6,131"/><V111/><F34/><W86/><G117/><T79/><D122/><U110/><E112/><V89/><F124/><W24/><G113/><T71/><D106/><U17/><E118/><V42/><F111/><N who="1" m="42505" /><E68/><N who="0" m="26153" /><D65/><U132/><E32/><V41/><F53/><W49/><G73/><N who="0" m="43247" /><D0/><U2/><E132/><V23/><F23/><W46/><G135/><T15/><D15/><U108/><N who="1" m="42513" /><U94/><DORA hai="37" /><E123/><V115/><F36/><N who="1" m="13865" /><E45/><V31/><F115/><W28/><G6/><T92/><D114/><U88/><E87/><N who="2" m="50407" /><F75/><W59/><G131/><N who="0" m="50219" /><D92/><U91/><E91/><V96/><F31/><W121/><G121/><T44/><AGARI ba="0,0" hai="25,26,44,48,52" m="50219,43247,26153" machi="44" ten="30,2000,0" yaku="19,1,54,1" doraHai="69,37" who="0" fromWho="0" sc="312,20,211,-5,266,-10,211,-5" /><INIT seed="3,0,0,0,0,29" ten="332,206,256,206" oya="3" hai0="76,50,114,57,107,22,61,124,24,2,3,94,38" hai1="49,121,20,78,45,103,69,5,21,102,18,95,8" hai2="47,25,105,118,67,62,60,125,104,55,27,90,79" hai3="56,44,116,99,40,74,0,122,123,77,82,86,101"/><W36/><G56/><T132/><D107/><U117/><E69/><V52/><F118/><W15/><G15/><T91/><D38/><U11/><E121/><V85/><F79/><W73/><G116/><T106/><D106/><U68/><E68/><V83/><F125/><W39/><G0/><T134/><D124/><U71/><E71/><V58/><F105/><W93/><REACH who="3" step="1"/><G36/><REACH who="3" ten="332,206,256,196" step="2"/><T111/><D2/><U88/><E117/><V70/><F104/><W81/><G81/><T59/><D3/><U51/><E5/><V129/><F129/><W126/><G126/><T53/><D57/><U97/><E11/><V119/><F119/><W130/><G130/><T92/><D59/><U66/><E8/><V64/><F64/><W109/><G109/><T80/><D111/><U16/><E66/><V10/><F70/><W26/><G26/><T115/><D24/><U23/><E45/><V19/><F47/><W14/><G14/><T37/><D80/><U128/><E128/><V17/><F67/><W112/><G112/><T46/><D37/><U12/><E12/><N who="2" m="7319" /><F27/><W34/><G34/><T33/><D33/><U87/><E95/><V6/><F62/><W28/><G28/><T131/><D94/><N who="1" m="54559" /><E51/><V110/><F110/><W9/><G9/><T98/><D131/><U89/><E49/><V7/><F60/><W42/><G42/><T48/><D48/><U84/><E18/><V43/><F43/><W75/><AGARI ba="0,1" hai="39,40,44,73,74,75,77,82,86,93,99,101,122,123" machi="75" ten="30,3000,0" yaku="1,1,0,1,53,0" doraHai="29" doraHaiUra="1" who="3" fromWho="3" sc="332,-10,206,-10,256,-10,196,40" /><INIT seed="3,1,0,4,0,30" ten="322,196,246,236" oya="3" hai0="34,63,52,37,71,11,24,20,60,16,123,12,113" hai1="89,79,128,55,19,15,75,9,103,64,77,74,31" hai2="80,85,21,132,29,43,42,26,45,68,108,38,129" hai3="2,22,93,100,50,0,97,48,88,61,8,78,3"/><W102/><G78/><T135/><D123/><U127/><E75/><V57/><F68/><W18/><G8/><T104/><D104/><U95/><E74/><V116/><F116/><W39/><G39/><T84/><D37/><U44/><E127/><V87/><F43/><W131/><G131/><T94/><D135/><U130/><E64/><V47/><F47/><W96/><G61/><T17/><D34/><U119/><E119/><V7/><F108/><W35/><G35/><T66/><D113/><U98/><E31/><V62/><F132/><W25/><REACH who="3" step="1"/><G102/><REACH who="3" ten="322,196,246,226" step="2"/><T124/><D63/><U117/><E117/><V72/><F129/><W46/><G46/><T111/><D124/><U58/><E44/><V53/><F38/><W4/><G4/><T5/><D60/><U69/><E69/><V23/><F7/><W134/><G134/><T114/><D71/><U33/><E33/><V118/><F118/><W122/><G122/><T91/><D114/><U76/><REACH who="1" step="1"/><E103/><REACH who="1" ten="322,186,246,226" step="2"/><V13/><F45/><W59/><G59/><T86/><D66/><U120/><E120/><V99/><F57/><W83/><G83/><T92/><D5/><U109/><E109/><V121/><F80/><W115/><G115/><T82/><D82/><U112/><E112/><V14/><F121/><W40/><G40/><T65/><D65/><U90/><E90/><V6/><F42/><W81/><G81/><T73/><D111/><U28/><E28/><V133/><F72/><W51/><G51/><AGARI ba="1,2" hai="9,15,19,51,55,58,76,77,79,89,95,98,128,130" machi="51" ten="40,1300,0" yaku="1,1,53,0" doraHai="30" doraHaiUra="27" who="1" fromWho="3" sc="322,0,186,36,246,0,226,-16" owari="322,42.2,222,-17.8,246,4.6,210,-29.0" /></mjloggm>