<mjloggm ver="2.3"><GO type="225" lobby="0"/><UN n0="%E3%82%8F%E3%81%A3%E3%81%97%E3%82%87%E3%81%84%E5%90%9B%32%E5%8F%B7" n1="%65%2D%73%65%70%65%6E%3B" n2="%E4%BA%95%E5%B8%AF" n3="%E3%81%A8%E3%82%93%E3%81%A8%E3%81%93%E3%81%A8%E3%82%93" dan="20,16,16,16" rate="2249.79,2145.73,2048.81,2116.59" sx="M,M,M,F"/><TAIKYOKU oya="0"/><INIT seed="0,0,0,2,3,47" ten="250,250,250,250" oya="0" hai0="25,59,51,53,49,103,19,75,21,12,42,106,114" hai1="67,55,83,128,43,74,119,7,72,104,8,110,121" hai2="88,135,87,40,89,99,32,102,77,120,57,109,10" hai3="108,115,15,122,129,94,11,95,13,82,118,70,28"/><T45/><D75/><U126/><E119/><V60/><F120/><W125/><G70/><T113/><D106/><U133/><E121/><V20/><F32/><W64/><G115/><T58/><D103/><U56/><E104/><V112/><F109/><W6/><G64/><T27/><D59/><U23/><E110/><V35/><F35/><W62/><G118/><T130/><D130/><U29/><E128/><V52/><F135/><W24/><G62/><T85/><D85/><U16/><E133/><V30/><F10/><W123/><G108/><T34/><D25/><U84/><E29/><V78/><F40/><W39/><G39/><T71/><REACH who="0" step="1"/><D71/><REACH who="0" ten="240,250,250,250" step="2"/><U48/><E74/><V91/><F87/><W50/><G129/><T36/><D36/><U65/><E72/><V105/><REACH who="2" step="1"/><F112/><REACH who="2" ten="240,250,240,250" step="2"/><W14/><G122/><T41/><D41/><U61/><E43/><V98/><F98/><W93/><G123/><T3/><D3/><U111/><E84/><V37/><F37/><W107/><G125/><T101/><D101/><U17/><E126/><V0/><F0/><W79/><G107/><T124/><D124/><U44/><E111/><V1/><F1/><W90/><G90/><T26/><D26/><AGARI ba="0,2" hai="20,26,30,52,57,60,77,78,88,89,91,99,102,105" machi="26" ten="40,5200,0" yaku="1,1,54,2,53,0" doraHai="47" doraHaiUra="76" who="2" fromWho="0" sc="240,-52,250,0,240,72,250,0" /><INIT seed="1,0,0,4,5,119" ten="188,250,312,250" oya="1" hai0="93,88,73,61,46,55,58,13,90,68,77,105,24" hai1="72,45,2,109,96,67,22,107,40,63,117,99,132" hai2="95,123,64,120,128,114,89,81,60,70,5,75,122" hai3="127,103,102,65,8,79,94,34,131,23,26,27,78"/><U43/><E117/><V116/><F116/><W87/><G127/><T111/><D105/><U32/><E32/><V20/><F128/><W44/><G131/><T83/><D111/><U53/><E72/><V97/><F114/><W100/><G34/><T11/><D68/><U6/><E53/><V118/><F118/><W56/><G27/><T112/><D112/><U3/><E43/><V134/><F134/><W135/><G8/><T104/><D104/><U25/><E132/><V92/><F5/><W85/><G44/><T74/><D74/><U115/><E115/><V35/><F35/><W86/><G94/><T29/><D46/><U37/><E109/><V51/><F51/><W1/><G1/><T126/><D126/><U4/><E2/><V98/><F20/><W125/><G125/><T62/><D62/><U52/><E3/><V36/><F36/><W0/><G0/><T14/><D14/><U113/><E113/><V91/><F75/><W80/><G80/><AGARI ba="0,0" hai="60,64,70,80,81,89,91,92,95,97,98,120,122,123" machi="80" ten="40,8000,1" yaku="9,1,52,3" doraHai="119" who="2" fromWho="3" sc="188,0,250,0,312,80,250,-80" /><INIT seed="2,0,0,4,2,88" ten="188,250,392,170" oya="2" hai0="33,120,94,53,44,18,9,91,108,62,92,117,58" hai1="74,100,2,93,34,38,61,30,22,49,13,67,16" hai2="78,132,17,99,128,127,75,90,37,14,87,125,126" hai3="19,11,6,23,123,86,84,68,107,31,42,1,73"/><V70/><F70/><W110/><G123/><T64/><D120/><U116/><E38/><V10/><F37/><W47/><G73/><T122/><D122/><U4/><E116/><V57/><F128/><W119/><G119/><T21/><D117/><U112/><E74/><V5/><F132/><W133/><G107/><T20/><D33/><U81/><E112/><V114/><F114/><W46/><G68/><T60/><D108/><U104/><E104/><V77/><F75/><W79/><G110/><T103/><D9/><N who="1" m="2199" /><E49/><V105/><F57/><W25/><G133/><T111/><D111/><U71/><E81/><V15/><F99/><W76/><G47/><T96/><D18/><U8/><E8/><N who="2" m="4367" /><F105/><W27/><G79/><T66/><D66/><U130/><E100/><V113/><F113/><W95/><G76/><T59/><D44/><U121/><E121/><V26/><F26/><W69/><G69/><T131/><D131/><U35/><E35/><V7/><F7/><W80/><G80/><AGARI ba="0,0" hai="10,15,17,77,78,80,87,90,125,126,127" m="4367" machi="80" ten="30,1500,0" yaku="18,1" doraHai="88" who="2" fromWho="3" sc="188,0,250,0,392,15,170,-15" /><INIT seed="2,1,0,0,0,8" ten="188,250,407,155" oya="2" hai0="11,51,37,44,36,47,133,83,69,128,129,34,113" hai1="80,122,123,39,59,107,6,131,58,82,65,93,114" hai2="125,73,63,72,64,132,79,100,88,62,110,28,111" hai3="86,3,54,134,31,105,108,42,85,61,94,103,32"/><V40/><F125/><W19/><G105/><T55/><D34/><U116/><E107/><V102/><F28/><W20/><G3/><T45/><D83/><N who="1" m="31787" /><E114/><V92/><F40/><W46/><G108/><N who="2" m="41513" /><F132/><W135/><G32/><T5/><D113/><U60/><E116/><V96/><F63/><W109/><G31/><T76/><D76/><U0/><E131/><N who="0" m="50249" /><D69/><N who="1" m="42151" /><E39/><N who="0" m="14921" /><D133/><U81/><E81/><N who="2" m="45287" /><F73/><W119/><G119/><T112/><D112/><U16/><E93/><V41/><F41/><W7/><G109/><T22/><D22/><U121/><E16/><V66/><F66/><W1/><G134/><T99/><D99/><U17/><E17/><V87/><F96/><W130/><G135/><T84/><D84/><U117/><E117/><V27/><F27/><W13/><G86/><T95/><D95/><U77/><E77/><V18/><F18/><W120/><G130/><T2/><AGARI ba="1,0" hai="2,5,11,44,45,47,51,55" m="14921,50249" machi="2" ten="30,1100,0" yaku="19,1" doraHai="8" who="0" fromWho="0" sc="188,14,250,-4,407,-6,155,-4" /><INIT seed="3,0,0,3,0,0" ten="202,246,401,151" oya="3" hai0="89,98,126,17,15,133,49,46,3,129,54,93,78" hai1="13,107,125,119,105,37,69,48,106,120,100,18,44" hai2="97,64,7,101,99,79,66,56,104,40,5,72,103" hai3="8,20,60,30,94,52,4,22,84,55,9,29,80"/><W82/><G94/><T92/><D3/><U11/><E120/><V34/><F34/><W124/><G60/><T102/><D129/><U41/><E69/><V65/><F40/><W81/><G84/><T28/><D133/><U32/><E32/><V113/><F113/><W10/><G4/><T25/><D126/><U127/><E119/><V27/><F27/><W43/><G43/><T75/><D75/><U61/><E61/><V31/><F31/><N who="3" m="11787" /><G124/><N who="1" m="47690" /><E100/><V57/><F79/><W112/><G112/><T95/><D78/><U42/><E42/><V19/><F72/><W131/><G131/><T123/><D123/><U1/><E1/><V135/><F135/><W108/><G108/><T35/><REACH who="0" step="1"/><D102/><REACH who="0" ten="192,246,401,151" step="2"/><U21/><E11/><AGARI ba="0,1" hai="11,15,17,25,28,35,46,49,54,89,92,93,95,98" machi="11" ten="30,3900,0" yaku="1,1,2,1,7,1,53,0" doraHai="0" doraHaiUra="114" who="0" fromWho="1" sc="192,49,246,-39,401,0,151,0" owari="241,4.1,207,-19.3,401,50.1,151,-34.9" /></mjloggm>