<mjloggm ver="2.3"><GO type="225" lobby="0"/><UN n0="%6B%79%6F%6E%6B%6F%31%31" n1="%E3%81%95%E3%81%8D%E3%81%9F%E3%81%BE%E6%9E%97%E6%AA%8E" n2="%E7%87%90%2E%2E" n3="%E6%A1%9C%E8%8A%B1%E9%96%83%E3%80%85" dan="16,16,16,16" rate="2145.26,2073.09,2129.96,2174.15" sx="M,M,M,M"/><TAIKYOKU oya="0"/><INIT seed="0,0,0,2,4,1" ten="250,250,250,250" oya="0" hai0="98,38,71,14,51,19,88,26,95,18,64,34,44" hai1="128,81,89,20,12,102,131,80,67,72,100,84,73" hai2="43,120,25,37,8,99,115,17,129,5,42,35,118" hai3="110,22,59,104,85,3,63,56,113,9,16,29,117"/><T135/><D135/><U125/><E67/><V127/><F120/><W65/><G113/><T48/><D71/><U134/><E20/><V55/><F118/><W112/><G112/><T36/><D64/><U130/><E12/><V23/><F127/><W47/><G117/><T21/><D51/><U121/><E121/><V86/><F129/><W76/><G110/><T105/><D105/><U123/><E123/><V74/><F74/><N who="1" m="28777" /><E125/><V68/><F68/><W122/><G104/><T94/><D94/><N who="1" m="54567" /><E134/><V61/><F115/><W93/><G47/><T46/><D46/><U62/><E62/><V90/><F99/><W7/><G29/><T96/><D96/><U0/><E0/><V111/><F111/><W69/><G122/><T50/><D50/><U119/><E119/><V40/><F35/><W114/><G114/><T109/><D109/><U79/><E81/><V124/><F124/><W66/><G66/><T97/><D97/><U30/><E30/><V39/><F55/><W54/><G54/><T52/><REACH who="0" step="1"/><D34/><REACH who="0" ten="240,250,250,250" step="2"/><U101/><E101/><V75/><F61/><W6/><G69/><T87/><D87/><AGARI ba="0,1" hai="79,80,87,100,102,128,130,131" m="54567,28777" machi="87" ten="40,5200,0" yaku="19,1,34,2" doraHai="1" who="1" fromWho="0" sc="240,-52,250,62,250,0,250,0" /><INIT seed="1,0,0,1,4,104" ten="188,312,250,250" oya="1" hai0="63,114,93,91,122,28,32,67,95,74,12,105,106" hai1="107,70,40,30,36,13,43,47,100,37,118,24,14" hai2="71,81,87,27,65,78,84,16,41,34,116,5,52" hai3="124,54,119,94,15,11,132,102,99,72,76,86,92"/><U26/><E118/><V2/><F116/><W123/><G119/><T55/><D114/><U46/><E70/><V120/><F120/><W115/><G123/><T59/><D122/><U110/><E110/><V57/><F41/><W90/><G115/><T62/><D93/><U134/><E134/><V18/><F84/><W51/><G124/><T25/><D12/><U66/><E66/><V75/><F87/><W83/><G132/><T135/><D135/><U130/><E130/><V64/><F34/><W53/><REACH who="3" step="1"/><G51/><REACH who="3" ten="188,312,250,240" step="2"/><T49/><D74/><U44/><E37/><V7/><F71/><W77/><G77/><T19/><D19/><AGARI ba="0,1" hai="11,15,19,53,54,72,76,83,86,90,92,94,99,102" machi="19" ten="30,3900,0" yaku="1,1,7,1,52,1,53,0" doraHai="104" doraHaiUra="17" who="3" fromWho="0" sc="188,-39,312,0,250,0,240,49" /><INIT seed="2,0,0,1,2,134" ten="149,312,250,289" oya="2" hai0="29,70,102,61,96,63,81,3,5,124,4,32,79" hai1="72,75,26,123,33,90,106,85,42,8,15,31,9" hai2="53,84,47,24,122,94,126,132,37,121,112,103,20" hai3="12,118,133,98,30,71,49,50,114,111,78,52,34"/><V41/><F112/><W51/><G118/><T17/><D17/><U38/><E106/><V35/><F132/><W120/><G133/><T21/><D21/><U66/><E66/><V56/><F35/><W16/><G120/><T0/><D5/><U108/><E108/><V14/><F126/><W39/><G39/><T86/><D61/><U119/><E119/><V36/><F36/><W1/><G71/><T40/><D40/><U28/><E28/><V55/><F55/><W18/><G1/><T46/><D46/><U68/><E68/><V116/><F116/><W6/><G6/><T54/><D4/><U73/><E123/><V107/><F107/><W23/><G111/><T65/><D54/><U104/><E104/><V57/><F14/><W92/><G78/><T22/><D22/><U88/><E85/><V19/><F57/><N who="3" m="32911" /><G30/><T128/><D128/><U82/><E82/><V62/><REACH who="2" step="1"/><F84/><REACH who="2" ten="149,312,240,289" step="2"/><W11/><G34/><T89/><D124/><U80/><E38/><V7/><F7/><W58/><G114/><T10/><D0/><U100/><E33/><V59/><F59/><W43/><G58/><T13/><D3/><U76/><E15/><V48/><F48/><W74/><G43/><T83/><D32/><U99/><E42/><V91/><F91/><N who="3" m="55583" /><G74/><T115/><D115/><U60/><E75/><V127/><F127/><W67/><G67/><T64/><D64/><U130/><E73/><V87/><F87/><W93/><G51/><T2/><D2/><U117/><E72/><V105/><F105/><W27/><G50/><T69/><D69/><U45/><E117/><RYUUKYOKU ba="0,1" sc="149,-15,312,-15,240,15,289,15" hai2="19,20,24,37,41,47,53,56,62,94,103,121,122" hai3="11,12,16,18,23,27,93" /><INIT seed="2,1,1,4,0,41" ten="134,297,255,304" oya="2" hai0="79,124,83,8,50,71,120,77,44,10,81,118,74" hai1="3,63,93,101,65,121,4,107,29,113,7,67,17" hai2="25,47,21,40,39,108,16,76,89,110,103,64,57" hai3="75,91,133,117,5,100,54,122,73,80,1,116,46"/><V28/><F103/><W34/><G34/><T6/><D124/><U92/><E107/><V94/><F76/><W66/><G66/><N who="1" m="25098" /><E113/><V33/><F64/><W106/><G5/><N who="1" m="2122" /><E3/><V127/><F127/><W32/><G46/><T82/><D120/><U36/><E36/><V14/><REACH who="2" step="1"/><F57/><REACH who="2" ten="134,297,245,304" step="2"/><W60/><G100/><T128/><D71/><U51/><E101/><V126/><F126/><W24/><G117/><T43/><D118/><U112/><E121/><V98/><AGARI ba="1,2" hai="14,16,21,25,28,33,39,40,47,89,94,98,108,110" machi="98" ten="30,12000,1" yaku="1,1,0,1,52,1,54,1,53,1" doraHai="41" doraHaiUra="95" who="2" fromWho="2" sc="134,-41,297,-41,245,143,304,-41" /><INIT seed="2,2,0,2,1,42" ten="93,256,388,263" oya="2" hai0="70,9,41,39,74,28,84,109,49,73,92,2,124" hai1="23,19,30,135,123,29,108,87,33,40,14,21,8" hai2="45,5,99,113,64,127,79,82,116,105,81,110,89" hai3="34,101,25,80,65,52,57,75,107,63,132,69,114"/><V11/><F116/><W55/><G132/><T1/><D109/><U131/><E108/><V10/><F113/><W27/><G114/><T54/><D124/><U117/><E117/><V68/><F127/><W48/><G34/><T16/><D70/><U90/><E135/><V102/><F110/><W72/><G101/><T103/><D28/><N who="1" m="10859" /><E131/><V53/><F89/><W3/><G107/><T94/><D73/><U100/><E33/><V37/><F11/><W38/><G3/><T77/><D74/><U88/><E123/><V47/><F53/><W83/><G38/><T98/><D39/><U60/><E100/><V22/><F22/><N who="1" m="8201" /><E40/><V76/><F37/><W125/><G125/><T121/><D41/><U26/><E26/><V97/><F97/><W35/><G35/><T31/><D31/><U133/><E133/><V20/><F20/><W128/><G128/><T93/><D121/><U78/><E60/><V13/><F64/><W115/><G115/><T17/><D1/><U24/><E24/><V58/><F58/><W56/><G75/><T46/><D2/><U129/><E129/><V119/><F68/><W134/><G134/><T51/><D51/><U111/><E111/><V6/><F119/><W50/><REACH who="3" step="1"/><G83/><AGARI ba="2,0" hai="8,14,19,78,83,87,88,90" m="8201,10859" machi="83" ten="30,2000,0" yaku="8,1,54,1" doraHai="42" who="1" fromWho="3" sc="93,0,256,26,388,0,263,-26" /><INIT seed="3,0,0,3,1,12" ten="93,282,388,237" oya="3" hai0="34,46,76,85,78,53,50,41,39,100,28,40,67" hai1="119,91,68,65,101,9,80,103,110,94,133,116,19" hai2="42,130,52,60,11,64,127,38,95,135,122,125,84" hai3="77,58,82,44,69,96,1,63,2,117,21,59,3"/><W75/><G117/><N who="1" m="45130" /><E80/><V126/><F130/><W108/><G108/><T92/><D34/><U45/><E110/><V123/><F135/><W0/><N who="3" m="0" /><DORA hai="72" /><W5/><G5/><T134/><D134/><U104/><E104/><V70/><F52/><W124/><G124/><T56/><D28/><U25/><E133/><V57/><F57/><W71/><G44/><T48/><D39/><U20/><E45/><N who="2" m="23767" /><F11/><W120/><G120/><T131/><D131/><U118/><E118/><V36/><F36/><W55/><G21/><T90/><D100/><U29/><E65/><V26/><F26/><W107/><REACH who="3" step="1"/><G59/><REACH who="3" ten="93,282,388,227" step="2"/><T33/><D33/><N who="1" m="20655" /><E68/><V22/><F22/><W14/><G14/><T16/><D40/><U51/><E9/><V54/><F123/><W83/><G83/><T49/><D49/><U23/><E51/><V86/><F122/><W105/><G105/><T37/><D37/><U114/><E114/><V89/><F54/><W74/><G74/><T98/><D67/><U132/><E132/><V109/><F109/><W17/><G17/><T61/><D48/><U87/><E23/><V13/><F13/><AGARI ba="0,1" hai="13,19,20,87,91,94,101,103" m="20655,45130" machi="13" ten="30,2000,0" yaku="12,1,52,1" doraHai="12,72" who="1" fromWho="2" sc="93,0,282,30,388,-20,227,0" owari="93,-40.7,312,11.2,368,46.8,227,-17.3" /></mjloggm>