<mjloggm ver="2.3"><GO type="225" lobby="0"/><UN n0="%E3%81%A1%E3%82%85%E3%81%86%E3%81%A9%E3%81%8F%E8%B1%A1%E3%81%95%E3%82%93" n1="%E3%83%B4%E3%83%A0%EF%BC%99%E3%81%A6" n2="%6E%69%63%6F%6E%74%6F" n3="%E9%A1%94%E7%9C%9F%E5%8D%BF" dan="17,17,17,16" rate="2219.20,2188.70,2162.80,2111.85" sx="M,M,M,M"/><TAIKYOKU oya="0"/><INIT seed="0,0,0,5,3,109" ten="250,250,250,250" oya="0" hai0="104,97,74,18,132,126,27,117,35,61,15,3,58" hai1="2,31,38,118,17,57,105,55,130,59,81,10,53" hai2="52,77,68,1,12,84,64,6,13,49,113,94,92" hai3="124,99,131,16,25,34,116,30,119,69,51,63,80"/><T22/><D117/><U41/><E118/><V11/><F113/><W43/><G131/><T89/><D74/><U26/><E105/><V44/><F68/><W86/><G124/><T129/><D3/><U98/><E98/><V115/><F115/><W110/><G110/><T4/><D126/><U128/><E38/><V9/><F64/><W70/><G43/><T123/><D123/><U50/><E41/><V87/><F1/><W0/><G0/><T37/><D37/><U8/><E81/><N who="2" m="47151" /><F87/><W100/><G51/><T88/><D129/><N who="1" m="49771" /><E17/><AGARI ba="0,0" hai="6,9,11,12,13,17,44,49,52,92,94" m="47151" machi="17" ten="30,2000,0" yaku="8,1,54,1" doraHai="109" who="2" fromWho="1" sc="250,0,250,-20,250,20,250,0" /><INIT seed="1,0,0,1,4,45" ten="250,230,270,250" oya="1" hai0="32,57,29,105,22,125,101,40,86,118,96,99,47" hai1="104,121,39,1,64,119,76,134,44,109,41,79,34" hai2="111,49,72,100,74,133,16,56,82,89,18,63,84" hai3="123,0,51,66,38,130,28,11,60,31,94,2,70"/><U30/><E119/><V3/><F3/><W131/><G123/><T53/><D118/><U132/><E121/><V113/><F111/><W14/><G38/><T127/><D32/><U116/><E116/><V78/><F133/><N who="1" m="51305" /><E1/><N who="3" m="618" /><G94/><T80/><D96/><U107/><E64/><V124/><F124/><N who="0" m="47690" /><D22/><U43/><E41/><V87/><F113/><W5/><G51/><N who="0" m="27111" /><D29/><U19/><E19/><V27/><F100/><W71/><G70/><T68/><D68/><U115/><E115/><V7/><F7/><W128/><AGARI ba="0,0" hai="5,11,14,28,31,60,66,71,128,130,131" m="618" machi="128" ten="40,1500,0" yaku="19,1" doraHai="45" who="3" fromWho="3" sc="250,-4,230,-7,270,-4,250,15" /><INIT seed="2,0,0,0,1,128" ten="246,223,266,265" oya="2" hai0="53,93,113,30,0,122,36,92,26,127,61,46,43" hai1="18,4,8,64,45,108,42,24,90,41,124,74,57" hai2="1,130,51,7,52,3,131,102,76,87,12,96,115" hai3="120,14,5,80,107,72,16,97,117,121,62,69,58"/><V91/><F115/><W28/><G117/><T123/><D113/><U63/><E74/><V99/><F76/><W60/><G28/><T31/><D0/><U78/><E78/><V17/><F7/><W83/><G5/><T88/><D127/><U119/><E119/><V71/><F71/><W33/><G33/><T105/><D105/><U59/><E108/><V25/><F25/><W132/><G69/><T10/><D10/><U19/><E124/><V94/><F131/><W84/><G72/><T98/><D30/><U81/><E57/><V34/><F34/><W6/><G6/><T29/><D29/><U75/><E24/><V21/><F99/><W22/><G80/><T114/><D114/><U20/><E20/><V66/><F66/><W27/><G62/><T37/><D37/><U79/><E90/><V111/><F111/><W70/><G70/><T55/><D93/><U13/><REACH who="1" step="1"/><E42/><REACH who="1" ten="246,213,266,265" step="2"/><V65/><F130/><W67/><G27/><T50/><D61/><U85/><E85/><V110/><F110/><W103/><REACH who="3" step="1"/><G132/><REACH who="3" ten="246,213,266,255" step="2"/><T101/><D122/><U15/><E15/><V40/><F3/><W9/><G9/><T106/><D123/><U38/><AGARI ba="0,2" hai="4,8,13,18,19,38,41,45,59,63,64,75,79,81" machi="38" ten="20,5200,0" yaku="1,1,0,1,7,1,53,1" doraHai="128" doraHaiUra="68" who="1" fromWho="1" sc="246,-13,213,72,266,-26,255,-13" /><INIT seed="3,0,0,4,3,100" ten="233,285,240,242" oya="3" hai0="112,88,47,55,134,24,20,49,66,10,107,125,40" hai1="81,83,8,96,118,129,13,29,19,80,48,69,111" hai2="82,7,50,70,21,76,4,1,6,123,89,92,74" hai3="109,121,133,58,77,93,108,113,105,28,94,135,41"/><W38/><G113/><T54/><D112/><U46/><E69/><V0/><F70/><W132/><G121/><T61/><D125/><U98/><E111/><N who="3" m="42570" /><G105/><T22/><D134/><N who="3" m="34305" /><W45/><DORA hai="3" /><G77/><T26/><D10/><U42/><E129/><V34/><F34/><W65/><G28/><N who="0" m="17415" /><D107/><U18/><E118/><V25/><F123/><W130/><G130/><T85/><D66/><U52/><E29/><V101/><F101/><W14/><G14/><T106/><D61/><AGARI ba="0,0" hai="38,41,45,58,61,65,93,94" m="34305,42570" machi="61" ten="50,9600,0" yaku="14,1,10,1,20,1" doraHai="100,3" who="3" fromWho="0" sc="233,-96,285,0,240,0,242,96" owari="137,-36.3,285,8.5,240,-16.0,338,43.8" /></mjloggm>