<mjloggm ver="2.3"><GO type="225" lobby="0"/><UN n0="%E3%81%8B%E3%82%8F%E3%81%A1%E3%82%83%E3%82%93%35%38" n1="%72%69%6F%75%63%68%61%6E" n2="%6D%75%75%6D%75%72%61" n3="%72%61%6B%33" dan="16,16,16,16" rate="2122.31,2140.87,2146.97,2156.46" sx="M,M,F,M"/><TAIKYOKU oya="0"/><INIT seed="0,0,0,5,1,126" ten="250,250,250,250" oya="0" hai0="96,82,22,20,39,23,85,49,52,93,107,67,38" hai1="98,24,86,8,68,40,105,117,18,83,127,123,14" hai2="36,48,115,56,88,11,42,108,62,13,116,31,118" hai3="102,109,73,75,57,94,78,12,104,69,30,113,134"/><T55/><D107/><U6/><E127/><V9/><F115/><W112/><G69/><T97/><D67/><U16/><E117/><N who="2" m="45163" /><F36/><W10/><G30/><T5/><D5/><U43/><E123/><V17/><F108/><W89/><G57/><T61/><D61/><U120/><E120/><V71/><F31/><W80/><G109/><T114/><D114/><U65/><E24/><V131/><F71/><W60/><G60/><T79/><D96/><U32/><E32/><V70/><F70/><W91/><G134/><T29/><D29/><U122/><E122/><V3/><F48/><W130/><G73/><T74/><D74/><U27/><E105/><V63/><F42/><W4/><G89/><T101/><REACH who="0" step="1"/><D55/><REACH who="0" ten="240,250,250,250" step="2"/><U50/><E98/><V132/><F63/><W124/><G124/><T41/><D41/><U58/><E65/><V44/><F62/><W34/><G113/><T99/><D99/><U33/><E68/><V133/><F133/><W15/><G112/><T95/><D95/><U59/><E40/><V111/><F132/><W121/><G121/><T1/><D1/><U66/><E66/><V129/><F111/><W37/><G104/><T47/><AGARI ba="0,1" hai="20,22,23,38,39,47,49,52,79,82,85,93,97,101" machi="47" ten="30,11700,0" yaku="1,1,0,1,54,1,53,1" doraHai="126" doraHaiUra="72" who="0" fromWho="0" sc="240,127,250,-39,250,-39,250,-39" /><INIT seed="0,1,0,1,0,49" ten="367,211,211,211" oya="0" hai0="6,82,95,27,12,116,128,114,96,55,101,102,59" hai1="77,72,74,25,37,52,98,104,50,75,126,106,4" hai2="13,110,90,69,86,38,130,64,23,29,87,39,47" hai3="54,112,17,40,127,67,26,94,11,63,122,71,60"/><T44/><D114/><U20/><E37/><V9/><F110/><W0/><G112/><T62/><D116/><U28/><E126/><V115/><F115/><W133/><G127/><T32/><D128/><U91/><E77/><V84/><F130/><W51/><G133/><T113/><D113/><U45/><REACH who="1" step="1"/><E4/><REACH who="1" ten="367,201,211,211" step="2"/><V83/><F39/><W125/><G125/><T105/><D6/><U107/><E107/><V80/><F38/><W92/><G122/><T134/><D105/><U16/><E16/><V100/><F80/><W56/><G17/><T120/><D120/><U24/><E24/><V2/><F83/><W124/><G26/><T33/><D27/><U42/><E42/><V18/><F18/><W119/><G124/><T48/><D134/><U68/><E68/><V88/><F69/><W70/><G119/><T135/><D135/><U21/><E21/><V129/><F23/><W43/><G43/><T46/><D32/><U31/><E31/><V3/><F29/><W53/><G40/><T36/><D33/><U65/><E65/><V76/><F64/><W10/><G71/><T111/><D36/><U15/><E15/><V57/><F76/><W8/><REACH who="3" step="1"/><G0/><REACH who="3" ten="367,201,211,201" step="2"/><T108/><D108/><U41/><E41/><V121/><F3/><W34/><G34/><T118/><D111/><U73/><N who="1" m="18432" /><DORA hai="93" /><U109/><E109/><V103/><F2/><W89/><G89/><T58/><D118/><U117/><E117/><V79/><F121/><W5/><G5/><T1/><D1/><U7/><E7/><V123/><F90/><W81/><G81/><T22/><D82/><RYUUKYOKU ba="1,2" sc="367,-15,201,15,211,-15,201,15" hai1="20,25,28,45,50,52,91,98,104,106" hai3="8,10,11,51,53,54,56,60,63,67,70,92,94" /><INIT seed="1,2,2,3,5,9" ten="352,216,196,216" oya="1" hai0="50,23,77,15,14,117,47,131,97,28,99,112,92" hai1="65,20,82,111,29,69,1,63,52,62,3,121,19" hai2="25,44,71,72,74,95,68,135,120,41,43,60,6" hai3="38,53,24,115,12,61,37,49,54,45,113,124,11"/><U87/><E121/><V132/><F120/><W86/><G124/><T7/><D117/><U101/><E29/><V90/><F6/><W22/><G38/><T116/><D112/><U88/><E111/><V127/><F25/><W66/><G37/><T27/><D116/><U129/><E129/><V123/><F123/><W67/><G53/><T30/><D131/><U32/><E32/><V110/><F127/><W13/><G86/><T26/><D77/><U84/><E101/><V5/><F5/><W83/><G83/><T64/><D64/><U102/><E102/><V100/><F100/><W104/><G104/><T130/><D130/><U34/><E34/><V118/><F118/><W10/><G10/><N who="0" m="4447" /><D15/><U0/><E87/><N who="2" m="52703" /><F110/><W58/><G67/><T114/><D114/><U106/><E106/><V91/><F60/><W51/><G51/><T46/><D92/><U76/><E76/><V40/><F44/><N who="0" m="16938" /><D50/><U128/><E128/><V17/><F91/><W39/><G39/><T119/><D119/><U48/><E62/><V42/><F42/><W31/><REACH who="3" step="1"/><G12/><REACH who="3" ten="352,216,196,206" step="2"/><T89/><D99/><U57/><E0/><V80/><F80/><W98/><G98/><T21/><D97/><U16/><E19/><AGARI ba="2,3" hai="11,13,19,22,24,31,45,49,54,58,61,66,113,115" machi="19" ten="30,3900,0" yaku="1,1,7,1,52,1,53,0" doraHai="9" doraHaiUra="126" who="3" fromWho="1" sc="352,0,216,-45,196,0,206,75" /><INIT seed="2,0,0,3,2,61" ten="352,171,196,281" oya="2" hai0="109,102,52,32,133,63,33,67,100,83,28,34,56" hai1="87,127,126,20,51,92,113,27,75,22,97,78,134" hai2="118,37,42,112,46,84,49,69,29,39,132,58,110" hai3="95,89,53,130,40,19,114,4,66,10,57,128,74"/><V15/><F112/><W43/><G114/><T1/><D1/><U88/><E113/><V7/><F118/><W94/><G74/><T68/><D28/><U116/><E116/><V25/><F69/><W129/><G19/><T38/><D38/><U3/><E3/><V90/><F132/><W105/><G105/><T2/><D2/><U124/><E134/><V13/><F110/><W101/><G101/><T30/><D30/><U23/><E51/><V59/><F37/><W5/><G66/><T72/><D133/><U24/><REACH who="1" step="1"/><E87/><REACH who="1" ten="352,161,196,281" step="2"/><V123/><F39/><W50/><G130/><T103/><D109/><U79/><E79/><V18/><F49/><W35/><G129/><T85/><D72/><U119/><E119/><V60/><F84/><W80/><G128/><T62/><D85/><U54/><E54/><V47/><F42/><W96/><G40/><T115/><D115/><U108/><E108/><V135/><F135/><W6/><G43/><T48/><D48/><U131/><E131/><V71/><F47/><W76/><G50/><T31/><D52/><U86/><E86/><V106/><F46/><W98/><G53/><T121/><D83/><AGARI ba="0,1" hai="20,22,23,24,27,75,78,83,88,92,97,124,126,127" machi="83" ten="50,6400,0" yaku="1,1,18,1,54,1,53,0" doraHai="61" doraHaiUra="64" who="1" fromWho="0" sc="352,-64,161,74,196,0,281,0" /><INIT seed="3,0,0,0,5,40" ten="288,235,196,281" oya="3" hai0="135,93,65,131,20,115,13,95,73,39,84,30,48" hai1="99,78,106,5,27,53,14,28,119,74,117,7,88" hai2="110,10,120,86,19,56,81,134,44,92,68,12,18" hai3="121,1,2,85,118,94,130,97,64,83,57,127,111"/><W22/><G118/><N who="1" m="45066" /><E14/><V24/><F68/><W34/><G121/><T66/><D39/><U8/><E8/><V104/><F120/><W49/><G34/><T58/><D73/><U77/><E74/><V50/><F104/><W67/><G127/><T72/><D72/><U123/><E123/><V25/><F110/><W91/><G111/><T42/><D131/><U29/><E53/><V16/><F134/><W89/><G130/><T126/><D135/><U98/><E106/><V15/><F56/><W59/><G22/><T52/><D126/><U61/><E61/><V113/><F92/><N who="0" m="35402" /><D115/><U0/><E88/><N who="2" m="51279" /><F113/><W11/><G11/><T38/><D38/><U37/><E37/><V31/><F31/><N who="1" m="11849" /><E27/><N who="2" m="10315" /><F15/><W45/><G1/><T55/><D30/><U100/><E0/><V54/><AGARI ba="0,0" hai="10,12,16,18,19,44,50,54" m="10315,51279" machi="54" ten="30,8000,1" yaku="25,1,8,1,52,1,54,2" doraHai="40" who="2" fromWho="2" sc="288,-20,235,-20,196,80,281,-40" /><INIT seed="4,0,0,5,5,7" ten="268,215,276,241" oya="0" hai0="79,103,8,111,45,130,80,42,5,96,91,81,16" hai1="76,56,115,121,108,44,46,32,65,104,75,25,86" hai2="131,9,122,55,48,78,27,57,71,49,4,31,40" hai3="53,0,98,127,61,12,36,33,10,34,133,112,26"/><T95/><D130/><U94/><E121/><V125/><F71/><W28/><G36/><T39/><D111/><U15/><E108/><V87/><F131/><W23/><G112/><T21/><D103/><U105/><E75/><V58/><F125/><W24/><G127/><T64/><D64/><U119/><E119/><V120/><F78/><W37/><G37/><T124/><D124/><U128/><E128/><V54/><F87/><W92/><G133/><T59/><D59/><U72/><E72/><V109/><F40/><W73/><G0/><T13/><D79/><U116/><E116/><V19/><F19/><W62/><G73/><T110/><D110/><U1/><E1/><AGARI ba="0,0" hai="1,5,8,13,16,21,39,42,45,80,81,91,95,96" machi="1" ten="30,5800,0" yaku="7,1,52,1,54,1" doraHai="7" who="0" fromWho="1" sc="268,58,215,-58,276,0,241,0" owari="326,42.6,157,-34.3,276,7.6,241,-15.9" /></mjloggm>