<mjloggm ver="2.3"><GO type="225" lobby="0"/><UN n0="%E3%81%BF%E3%81%BF%E3%81%9A" n1="%E3%81%95%E3%81%8D%E3%81%9F%E3%81%BE%E6%9E%97%E6%AA%8E" n2="%6D%75%75%6D%75%72%61" n3="%E3%83%B4%E3%83%A0%EF%BC%99%E3%81%A6" dan="17,16,16,17" rate="2183.03,2089.40,2152.27,2154.20" sx="M,M,F,M"/><TAIKYOKU oya="0"/><INIT seed="0,0,0,2,4,17" ten="250,250,250,250" oya="0" hai0="45,13,23,48,131,10,19,56,21,65,64,16,123" hai1="130,128,118,62,98,113,78,76,87,14,79,72,15" hai2="31,34,20,4,69,60,84,111,26,96,1,42,3" hai3="6,59,74,50,29,110,91,135,99,88,114,49,63"/><T18/><D123/><U127/><E118/><V28/><F111/><W9/><G114/><T24/><D131/><N who="1" m="50219" /><E72/><V134/><F134/><W30/><G110/><T106/><D106/><U43/><E43/><V77/><F42/><W107/><G74/><T121/><D56/><U90/><E113/><V40/><F40/><W124/><G124/><T115/><D121/><U95/><E127/><V37/><F37/><W2/><G135/><T52/><D115/><U33/><E33/><V108/><F108/><W53/><G107/><T103/><D103/><U47/><E47/><V85/><F96/><W51/><REACH who="3" step="1"/><G99/><REACH who="3" ten="250,250,250,240" step="2"/><T93/><D93/><N who="1" m="54495" /><E62/><V32/><F60/><W39/><G39/><T133/><D133/><U71/><E71/><V109/><F69/><W120/><G120/><T46/><D46/><U122/><E122/><V92/><F92/><W82/><G82/><T132/><D132/><U119/><E119/><V117/><F109/><W11/><G11/><T97/><D97/><U68/><E68/><V22/><F117/><W5/><G5/><T35/><D35/><U100/><AGARI ba="0,1" hai="14,15,76,78,79,95,98,100" m="54495,50219" machi="100" ten="30,1100,0" yaku="19,1" doraHai="17" who="1" fromWho="1" sc="250,-5,250,21,250,-3,240,-3" /><INIT seed="1,0,0,2,5,20" ten="245,271,247,237" oya="1" hai0="62,75,106,82,84,16,26,78,96,97,55,23,129" hai1="60,86,112,44,48,107,108,6,1,35,38,24,124" hai2="42,4,116,72,18,50,133,73,111,118,56,21,2" hai3="95,125,11,63,76,122,39,104,85,132,109,46,94"/><U121/><E121/><V115/><F111/><W25/><G122/><T80/><D129/><U3/><E112/><V29/><F115/><W114/><G104/><T123/><D106/><U105/><E38/><V64/><F133/><W57/><G114/><T43/><D123/><U99/><E124/><V7/><F29/><W70/><G132/><T91/><D43/><U77/><E60/><V37/><F37/><W54/><G125/><T49/><REACH who="0" step="1"/><D62/><REACH who="0" ten="235,271,247,237" step="2"/><U19/><E107/><V65/><F42/><W33/><G63/><T88/><D88/><U87/><E105/><V113/><F113/><W90/><G90/><T51/><D51/><U45/><E48/><V47/><F50/><W119/><G39/><T61/><D61/><U15/><E77/><V79/><F79/><W9/><G76/><T22/><D22/><U8/><E108/><V34/><F21/><W131/><G109/><T27/><D27/><U36/><E36/><V92/><F116/><W10/><G119/><T12/><D12/><U40/><E40/><V30/><F118/><W14/><G14/><T68/><D68/><U69/><E69/><V103/><F2/><W5/><G70/><T71/><D71/><U120/><E120/><V74/><F34/><W13/><G131/><T130/><D130/><U31/><E1/><V93/><F103/><W83/><G25/><T58/><AGARI ba="0,1" hai="16,23,26,49,55,58,75,78,80,82,84,91,96,97" machi="58" ten="20,8000,1" yaku="1,1,0,1,7,1,52,1,54,1,53,0" doraHai="20" doraHaiUra="41" who="0" fromWho="0" sc="235,90,271,-40,247,-20,237,-20" /><INIT seed="2,0,0,5,0,11" ten="325,231,227,217" oya="2" hai0="66,5,58,44,92,108,42,9,51,50,64,80,89" hai1="16,14,81,35,52,91,62,7,101,124,12,121,134" hai2="13,94,85,117,78,19,118,67,49,132,32,26,105" hai3="98,1,125,38,22,123,61,45,100,21,23,97,87"/><V60/><F105/><W88/><G123/><T102/><D108/><U2/><E35/><V70/><F132/><W71/><G1/><T95/><D80/><U122/><E2/><V68/><F68/><W84/><G125/><T3/><D102/><U113/><E124/><V130/><F130/><W106/><G97/><T65/><D95/><U107/><E113/><V40/><F40/><W30/><G30/><T116/><D116/><U112/><E112/><V24/><F49/><W8/><G8/><T48/><REACH who="0" step="1"/><D58/><REACH who="0" ten="315,231,227,217" step="2"/><N who="1" m="35143" /><E134/><V114/><F114/><W33/><G100/><T93/><D93/><U6/><E101/><V103/><F103/><W34/><G106/><T129/><D129/><U99/><E107/><V111/><F111/><W69/><G98/><AGARI ba="0,1" hai="3,5,9,42,44,48,50,51,64,65,66,89,92,98" machi="98" ten="40,1300,0" yaku="1,1,53,0" doraHai="11" doraHaiUra="83" who="0" fromWho="3" sc="315,23,231,0,227,0,217,-13" /><INIT seed="3,0,0,1,4,113" ten="338,231,227,204" oya="3" hai0="2,21,27,99,4,91,63,98,81,26,103,71,9" hai1="41,76,121,78,79,17,42,106,97,31,120,7,116" hai2="60,19,117,48,95,35,104,70,130,56,114,53,92" hai3="129,126,118,50,62,85,108,15,69,10,94,30,36"/><W80/><G36/><T54/><D27/><U18/><E31/><V40/><F114/><W105/><G105/><T135/><D135/><U37/><E37/><V82/><F117/><W12/><G126/><T102/><D81/><U39/><E39/><V75/><F104/><W73/><G73/><T51/><D63/><U128/><E106/><V25/><F130/><W87/><G129/><T131/><D71/><U3/><E128/><V89/><F35/><W47/><G118/><T100/><D131/><U32/><E32/><V125/><F125/><W110/><G30/><T38/><D91/><U6/><E97/><V43/><F70/><W5/><G12/><T0/><D0/><U86/><E86/><N who="2" m="50391" /><F75/><W101/><G101/><T112/><D112/><U24/><E24/><V84/><F60/><W65/><G94/><N who="2" m="35881" /><F84/><W124/><G124/><T107/><D38/><U44/><E116/><V111/><F111/><N who="3" m="42539" /><G80/><T1/><D1/><U77/><E3/><V93/><F93/><W132/><G132/><T57/><D99/><U122/><N who="1" m="19456" /><DORA hai="52" /><U109/><E109/><V123/><F123/><W61/><G61/><T90/><D90/><U11/><E122/><V127/><F127/><W8/><G8/><T22/><D22/><AGARI ba="0,0" hai="19,22,25,40,43,48,53,56" m="35881,50391" machi="22" ten="30,2000,0" yaku="8,1,52,1" doraHai="113,52" who="2" fromWho="0" sc="338,-20,231,0,227,20,204,0" owari="318,41.8,231,-16.9,247,4.7,204,-29.6" /></mjloggm>