<mjloggm ver="2.3"><GO type="225" lobby="0"/><UN n0="%E6%A0%B9%E5%85%83%E3%81%8B%E3%82%89%E5%90%B9%E3%81%A3%E9%A3%9B%E3%81%B6" n1="%4C%4F%4C%49%54%41" n2="%6B%65%6E%6E%64%69" n3="%E3%82%BC%E3%83%AB%E3%83%80%E3%81%AE%E4%BC%9D%E8%AA%AC" dan="17,16,16,17" rate="2252.16,2149.60,2159.56,2215.74" sx="F,F,M,M"/><TAIKYOKU oya="0"/><INIT seed="0,0,0,1,3,18" ten="250,250,250,250" oya="0" hai0="23,107,119,83,131,96,129,22,115,48,53,61,73" hai1="36,10,27,74,2,32,109,126,41,91,72,26,93" hai2="40,50,28,88,16,51,81,57,114,79,120,98,37" hai3="0,95,82,9,128,111,47,122,89,121,67,66,130"/><T4/><D115/><U29/><E109/><V76/><F120/><N who="3" m="46187" /><G0/><T43/><D119/><U49/><E126/><V78/><F114/><W106/><G9/><T135/><D135/><U31/><E36/><V132/><F132/><W116/><G47/><T3/><D43/><U39/><E39/><V15/><F28/><W134/><G134/><T42/><D42/><U63/><E63/><V97/><F37/><W90/><G66/><T108/><D61/><U123/><E123/><V7/><F7/><W30/><G67/><T100/><D108/><U112/><E112/><V45/><F57/><W35/><G35/><T84/><D73/><U14/><E2/><V55/><F51/><W38/><G30/><T34/><D34/><U20/><E41/><V99/><F40/><W104/><G38/><T87/><D87/><U24/><E27/><V59/><F59/><W94/><G82/><T52/><D53/><U117/><E117/><V102/><F102/><W68/><G68/><T69/><D69/><U64/><E64/><V85/><F78/><W127/><G127/><T44/><D4/><U62/><E62/><V80/><F81/><W13/><G13/><T33/><D33/><U124/><E124/><V58/><F58/><W46/><G46/><T86/><D3/><U103/><E103/><V60/><F60/><W105/><G116/><T12/><D12/><U110/><E49/><V54/><F54/><W118/><G111/><T1/><D1/><U92/><E110/><V21/><AGARI ba="0,0" hai="15,16,21,45,50,55,76,79,80,85,88,97,98,99" machi="21" ten="30,8000,1" yaku="0,1,8,1,52,1,54,2" doraHai="18" who="2" fromWho="2" sc="250,-40,250,-20,250,80,250,-20" /><INIT seed="1,0,0,2,4,1" ten="210,230,330,230" oya="1" hai0="62,107,126,124,53,75,80,78,114,43,20,51,118" hai1="61,82,37,48,2,6,93,88,55,68,92,54,135" hai2="24,103,13,113,120,30,130,108,77,128,14,133,127" hai3="66,59,70,38,112,131,36,56,99,122,76,91,125"/><U47/><E135/><V18/><F103/><W29/><G76/><T64/><D114/><U58/><E68/><V17/><F77/><W95/><G112/><T115/><D118/><U4/><E37/><V21/><F113/><W94/><G122/><T35/><D35/><U41/><E2/><V25/><F120/><W72/><G72/><T84/><D107/><U7/><E41/><V27/><F133/><W111/><G111/><T16/><D43/><U69/><E69/><V81/><F81/><W57/><G125/><N who="0" m="48235" /><D115/><U42/><E42/><V12/><F127/><W73/><G73/><T34/><D34/><U90/><E82/><V33/><F108/><W129/><G29/><T97/><D97/><U44/><E44/><V101/><F101/><W63/><REACH who="3" step="1"/><G95/><AGARI ba="0,0" hai="4,6,7,47,48,54,55,58,61,88,90,92,93,95" machi="95" ten="40,12000,1" yaku="8,1,52,3,54,1" doraHai="1" who="1" fromWho="3" sc="210,0,230,120,330,0,230,-120" /><INIT seed="1,1,0,1,3,69" ten="210,350,330,110" oya="1" hai0="102,99,77,34,124,19,37,83,94,58,68,132,109" hai1="23,44,55,48,40,57,135,66,100,107,26,33,5" hai2="12,98,93,6,51,85,112,1,104,63,27,56,115" hai3="89,113,88,42,53,16,87,49,71,31,79,133,25"/><U111/><E135/><V127/><F127/><W114/><G133/><T9/><D109/><U131/><E131/><V126/><F126/><W121/><G121/><T41/><D68/><U118/><E118/><V4/><F1/><W73/><G71/><T75/><D34/><U105/><E33/><V84/><F104/><W70/><G70/><T17/><D132/><U59/><E111/><V62/><F27/><W52/><G73/><T78/><D78/><U97/><E5/><V120/><F51/><W96/><G114/><N who="2" m="43561" /><F63/><W65/><G65/><T11/><D58/><U29/><E66/><V129/><F129/><W50/><G31/><T110/><D110/><U95/><REACH who="1" step="1"/><E57/><REACH who="1" ten="210,340,330,110" step="2"/><V8/><F4/><W24/><G113/><T125/><D125/><U123/><E123/><V38/><F120/><W14/><G25/><T47/><D124/><U81/><E81/><V134/><F134/><W82/><G24/><T130/><D130/><U86/><E86/><V15/><F84/><W54/><G96/><T28/><D83/><U13/><E13/><V0/><F85/><W30/><G87/><T72/><D75/><U74/><E74/><V21/><F15/><W128/><G128/><T61/><D72/><U20/><E20/><V7/><F7/><W90/><G82/><T10/><D77/><U80/><E80/><V101/><F21/><W108/><G79/><T60/><D28/><U64/><E64/><N who="2" m="38983" /><F12/><W39/><G108/><T122/><D122/><U46/><E46/><V45/><F45/><N who="3" m="23775" /><G30/><T91/><D47/><U32/><E32/><V116/><F116/><W18/><G14/><RYUUKYOKU ba="1,1" sc="210,-30,340,10,330,10,110,10" hai1="23,26,29,40,44,48,55,59,95,97,100,105,107" hai2="0,6,8,38,93,98,101" hai3="16,18,49,50,52,53,54,88,89,90" /><INIT seed="1,2,1,5,4,38" ten="180,350,340,120" oya="1" hai0="77,87,76,61,88,22,42,1,130,64,63,75,51" hai1="68,109,90,83,85,26,100,116,25,2,72,122,81" hai2="14,16,19,32,52,56,48,132,89,104,6,3,120" hai3="134,115,66,94,49,103,47,135,99,21,53,80,101"/><U9/><E116/><V78/><F120/><W27/><G115/><T82/><D1/><U41/><E122/><V125/><F32/><W4/><G4/><T35/><D35/><U60/><E100/><V96/><F132/><W102/><G66/><T33/><D33/><U133/><E133/><N who="3" m="50698" /><G80/><T91/><D130/><U74/><E109/><V110/><F110/><W44/><G44/><N who="0" m="26007" /><D75/><U17/><E41/><V10/><F125/><W93/><G93/><N who="0" m="54431" /><D64/><U31/><E68/><V113/><F113/><W119/><G119/><T50/><D50/><U65/><E81/><V67/><F78/><N who="0" m="30314" /><D22/><U24/><E65/><V107/><F67/><W118/><G118/><T129/><D129/><U28/><E60/><V0/><F0/><W114/><G114/><T70/><D70/><U7/><E74/><V71/><F71/><W106/><G106/><T13/><D13/><N who="1" m="5311" /><E72/><V46/><F107/><W112/><G112/><T97/><D82/><U36/><E2/><V73/><F73/><W37/><G37/><T126/><D126/><U23/><E36/><V39/><F3/><W15/><G15/><AGARI ba="2,1" hai="15,17,23,24,25,26,28,31,83,85,90" m="5311" machi="15" ten="30,1500,0" yaku="8,1" doraHai="38" who="1" fromWho="3" sc="180,0,350,31,340,0,120,-21" /><INIT seed="1,3,0,2,3,83" ten="180,381,340,99" oya="1" hai0="2,0,59,12,36,74,86,25,5,128,54,28,81" hai1="56,123,37,9,51,13,106,125,131,30,27,110,87" hai2="53,119,100,133,24,117,90,69,21,4,93,97,63" hai3="66,124,113,8,107,38,101,44,60,132,104,71,18"/><U50/><E123/><V84/><F133/><W112/><G132/><T130/><D74/><U122/><E122/><V88/><F4/><W102/><G124/><T23/><D36/><U19/><E37/><V15/><F15/><W134/><G134/><T57/><D57/><U61/><E106/><V41/><F41/><W89/><G18/><T111/><D111/><U77/><E131/><N who="0" m="50217" /><D12/><U64/><E125/><V32/><F90/><W47/><G8/><T65/><D65/><U80/><REACH who="1" step="1"/><E110/><REACH who="1" ten="180,371,340,99" step="2"/><V7/><F119/><W20/><G38/><T72/><D0/><U108/><E108/><V96/><F117/><W39/><G39/><T94/><D2/><U52/><E52/><V85/><F7/><W10/><G107/><T121/><D5/><U116/><E116/><V40/><F40/><W95/><G104/><T129/><D121/><U33/><AGARI ba="3,1" hai="9,13,19,27,30,33,50,51,56,61,64,77,80,87" machi="33" ten="20,7800,0" yaku="1,1,0,1,7,1,52,1,53,0" doraHai="83" doraHaiUra="17" who="1" fromWho="1" sc="180,-29,371,97,340,-29,99,-29" /><INIT seed="1,4,0,2,3,0" ten="151,468,311,70" oya="1" hai0="36,83,64,103,32,43,19,7,72,135,25,34,53" hai1="82,114,28,133,90,121,124,24,75,46,68,57,78" hai2="129,89,30,61,51,44,50,84,39,5,63,74,65" hai3="17,8,49,41,109,111,85,69,98,22,100,47,66"/><U95/><E114/><V54/><F74/><W91/><G69/><T112/><D53/><U105/><E121/><V130/><F30/><W88/><G66/><T106/><D64/><U81/><E68/><V116/><F116/><W125/><G125/><T38/><D19/><U31/><E105/><V18/><F39/><W20/><G8/><T102/><D25/><U42/><E133/><V13/><F5/><W97/><G97/><T108/><D7/><U70/><E70/><V73/><F73/><W96/><G96/><T107/><D43/><U55/><E124/><V79/><F79/><W71/><G71/><T128/><D108/><N who="3" m="41545" /><G85/><T67/><D67/><U52/><E81/><V131/><F51/><W134/><G134/><T126/><D83/><U16/><E82/><N who="2" m="49303" /><F65/><W23/><G17/><T92/><D126/><U113/><E75/><V29/><F29/><W110/><N who="3" m="41553" /><W77/><DORA hai="94" /><G77/><T123/><D135/><U118/><E78/><V101/><F101/><W132/><G132/><T15/><D72/><U11/><E31/><V120/><F120/><W122/><G122/><T27/><D103/><U12/><E28/><V3/><F3/><W14/><G14/><T99/><D15/><U59/><E12/><V33/><F33/><N who="0" m="12906" /><D123/><U117/><E117/><V26/><F26/><W45/><G45/><T48/><D112/><U37/><E24/><V80/><F80/><W87/><G87/><T35/><D27/><U115/><E118/><V62/><F13/><W86/><G86/><T56/><N who="0" m="12914" /><T76/><DORA hai="10" /><D102/><U119/><E119/><V2/><F2/><RYUUKYOKU ba="4,0" sc="151,-15,468,-15,311,15,70,15" hai2="18,44,50,54,61,62,63,129,130,131" hai3="20,22,23,41,47,49,88,91,98,100" /><INIT seed="2,5,0,1,4,64" ten="136,453,326,85" oya="2" hai0="79,104,75,48,93,132,16,112,81,88,107,61,114" hai1="67,124,96,105,33,22,106,125,56,100,102,30,74" hai2="119,83,41,135,69,59,40,108,17,44,99,110,127" hai3="101,120,89,78,103,90,19,42,129,26,76,91,50"/><V32/><F32/><W117/><G117/><T31/><D31/><U55/><E74/><V24/><F119/><W35/><G120/><T134/><D48/><U58/><E33/><V65/><F135/><N who="0" m="51754" /><D61/><U68/><E68/><V37/><F127/><N who="1" m="48713" /><E67/><V0/><F0/><W113/><G129/><T95/><D95/><U62/><E58/><V25/><F41/><W128/><G113/><N who="0" m="43627" /><D16/><U47/><E47/><V87/><F99/><AGARI ba="5,0" hai="75,79,81,88,93,99,104,107" m="43627,51754" machi="99" ten="30,7700,0" yaku="20,1,34,2,54,1" doraHai="64" who="0" fromWho="2" sc="136,92,453,0,326,-92,85,0" /><INIT seed="3,0,0,1,5,79" ten="228,453,234,85" oya="3" hai0="55,63,17,110,11,97,30,113,100,86,72,12,122" hai1="120,40,68,39,1,59,118,8,0,25,80,16,69" hai2="23,45,91,94,117,93,96,116,71,38,127,70,88" hai3="130,84,102,129,76,33,27,119,7,66,20,99,43"/><W5/><G119/><T2/><D72/><U22/><E120/><V81/><F127/><W126/><G126/><T15/><D122/><U49/><E118/><V29/><F117/><W135/><G135/><T108/><D2/><U24/><E39/><V4/><F116/><W51/><G33/><T62/><D30/><U37/><E37/><V128/><F128/><N who="3" m="49259" /><G66/><T34/><D34/><U115/><E115/><V35/><F35/><W56/><G76/><T75/><D75/><U114/><E114/><V132/><F4/><W41/><G84/><T64/><D113/><U107/><E107/><V98/><F132/><W9/><G56/><N who="0" m="35103" /><D86/><U19/><E59/><V123/><F123/><W78/><G78/><T18/><D64/><U47/><E68/><V28/><F81/><W106/><G51/><T61/><D100/><U14/><E69/><V87/><F87/><W134/><G134/><T57/><D97/><U121/><E121/><V133/><F133/><W124/><G124/><T32/><D32/><U111/><E49/><V3/><F3/><N who="3" m="191" /><G7/><T73/><D73/><U131/><E131/><V89/><F70/><W13/><G13/><T125/><D125/><U101/><E14/><V36/><F71/><W48/><G48/><T52/><D61/><U44/><E0/><V31/><F38/><W21/><G21/><T95/><D12/><U58/><E58/><V10/><F10/><W112/><G112/><T104/><D15/><U50/><E22/><V74/><F74/><W90/><G90/><T53/><D11/><U54/><E50/><V82/><F23/><W109/><G109/><RYUUKYOKU ba="0,0" sc="228,-10,453,-10,234,-10,85,30" hai3="20,27,41,43,99,102,106" /><INIT seed="3,1,0,2,3,89" ten="218,443,224,115" oya="3" hai0="86,29,67,3,42,81,95,51,134,43,119,62,25" hai1="53,7,69,94,50,116,33,32,135,47,112,96,126" hai2="18,127,9,12,61,68,56,71,37,98,65,35,70" hai3="115,75,46,133,48,105,20,58,16,125,123,24,66"/><W78/><G115/><T77/><D134/><U110/><E112/><V54/><F127/><W101/><G123/><T5/><D119/><U92/><E69/><V76/><F35/><W103/><G125/><T22/><D51/><U99/><E126/><V36/><F76/><W121/><G121/><T107/><D107/><U8/><E110/><V40/><F98/><W55/><G133/><T80/><D95/><U74/><E74/><V109/><F109/><W14/><G105/><T15/><D3/><U2/><E116/><V63/><REACH who="2" step="1"/><F40/><REACH who="2" ten="218,443,214,115" step="2"/><W34/><G75/><T6/><D43/><U84/><E135/><V128/><F128/><W111/><G111/><T108/><D42/><U57/><E99/><V113/><F113/><W120/><G120/><T41/><D41/><U83/><E96/><V30/><F30/><N who="3" m="17671" /><G34/><T131/><D131/><U100/><E32/><V88/><F88/><W64/><G78/><T73/><D15/><U117/><E33/><V93/><F93/><W106/><G106/><T90/><D108/><U21/><E117/><V26/><F26/><W87/><G87/><T45/><D45/><U114/><E47/><V102/><F102/><N who="3" m="38923" /><G46/><T44/><D44/><U49/><E114/><V130/><F130/><W23/><AGARI ba="1,1" hai="14,16,23,48,55,58,64,66" m="38923,17671" machi="23" ten="30,3000,0" yaku="8,1,54,1" doraHai="89" who="3" fromWho="3" sc="218,-11,443,-11,214,-11,115,43" /><INIT seed="3,2,0,5,5,114" ten="207,432,203,158" oya="3" hai0="98,66,49,11,72,41,115,55,39,32,84,92,3" hai1="113,21,73,24,71,104,14,51,40,70,56,67,38" hai2="29,91,34,106,78,31,127,85,133,131,27,68,123" hai3="105,10,80,112,111,61,45,53,76,65,75,62,50"/><W89/><G112/><T94/><D72/><U96/><E113/><V110/><F68/><W9/><G111/><T12/><D32/><U88/><E73/><V13/><F106/><W25/><G105/><T44/><D66/><U109/><E109/><V35/><F110/><W81/><G25/><T130/><D130/><U129/><E38/><V120/><F131/><W69/><REACH who="3" step="1"/><G61/><REACH who="3" ten="207,432,203,148" step="2"/><T58/><D115/><U116/><E24/><V43/><F27/><W19/><G19/><T17/><D3/><U107/><E104/><V119/><F31/><W118/><G118/><T18/><D18/><U16/><E116/><V117/><F29/><W23/><G23/><T33/><D33/><U5/><E107/><V54/><F119/><W1/><G1/><T97/><D92/><U126/><E21/><V46/><F117/><W121/><G121/><T36/><D36/><U102/><E16/><V82/><F35/><W42/><G42/><T20/><D20/><U37/><E37/><V90/><F34/><W6/><G6/><T124/><D124/><U74/><E126/><V4/><F127/><W48/><G48/><N who="0" m="31079" /><D39/><U93/><E40/><V60/><F43/><W15/><G15/><T101/><D17/><U22/><E51/><N who="2" m="29047" /><F60/><W132/><G132/><T125/><D125/><U87/><E22/><V30/><F133/><W79/><G79/><T86/><D12/><U8/><E5/><V122/><F30/><W64/><G64/><T99/><D11/><AGARI ba="2,1" hai="4,11,13,78,82,85,90,91,120,122,123" m="29047" machi="11" ten="30,1000,0" yaku="13,1" doraHai="114" who="2" fromWho="0" sc="207,-16,432,0,203,26,148,0" owari="191,-20.9,432,53.2,229,2.9,148,-35.2" /></mjloggm>