<mjloggm ver="2.3"><GO type="225" lobby="0"/><UN n0="%70%68%65%6E%6F%6D%65" n1="%E8%80%81%E6%A5%BD" n2="%E6%A0%B9%E5%85%83%E3%81%8B%E3%82%89%E5%90%B9%E3%81%A3%E9%A3%9B%E3%81%B6" n3="%E9%B3%B3%E6%9D%B1%E3%81%AE%E3%81%BF%E3%81%91%E3%81%AB%E3%82%83%E3%82%93" dan="16,16,17,16" rate="2112.68,2102.42,2137.98,2041.28" sx="M,M,F,F"/><TAIKYOKU oya="0"/><INIT seed="0,0,0,2,4,8" ten="250,250,250,250" oya="0" hai0="59,122,28,107,67,19,53,51,108,133,115,132,130" hai1="92,49,105,131,96,7,65,32,83,90,60,93,35" hai2="66,85,58,97,98,36,80,123,127,102,129,13,94" hai3="46,99,112,11,135,2,117,21,25,81,55,134,34"/><T56/><D107/><U74/><E131/><V44/><F123/><W20/><G112/><T109/><D28/><U64/><E105/><V16/><F127/><W114/><G114/><T1/><D115/><U37/><E37/><V103/><F129/><W72/><G117/><T100/><D130/><U126/><E7/><V12/><F36/><W10/><G99/><T75/><D1/><U45/><E64/><V41/><F41/><W77/><G34/><T23/><D100/><U33/><E126/><V6/><F44/><W18/><G21/><T111/><D75/><U57/><E93/><N who="2" m="58671" /><F6/><W79/><G79/><T121/><D19/><U27/><E83/><V69/><F69/><W47/><G47/><T78/><D23/><U87/><E87/><V5/><F5/><W104/><G104/><T40/><D78/><U68/><E74/><V71/><F71/><W101/><G101/><T110/><D40/><U14/><E14/><N who="2" m="5739" /><F16/><W70/><G70/><T120/><D109/><U88/><E68/><V30/><F30/><W119/><G2/><T124/><D124/><U113/><E113/><V38/><F38/><W128/><G128/><T125/><D125/><U26/><REACH who="1" step="1"/><E90/><REACH who="1" ten="250,240,250,250" step="2"/><N who="2" m="51495" /><F66/><W29/><G72/><T42/><D42/><AGARI ba="0,1" hai="26,27,32,33,35,42,45,49,57,60,65,88,92,96" machi="42" ten="40,5200,0" yaku="1,1,54,1,53,1" doraHai="8" doraHaiUra="54" who="1" fromWho="0" sc="250,-52,240,62,250,0,250,0" /><INIT seed="1,0,0,3,3,6" ten="198,302,250,250" oya="1" hai0="113,42,80,78,70,102,118,130,128,3,76,31,85" hai1="20,125,47,120,32,73,72,48,43,71,14,17,114" hai2="55,109,98,7,75,61,53,82,134,19,9,12,69" hai3="108,100,45,89,63,23,30,84,50,66,24,0,57"/><U83/><E120/><V21/><F109/><W34/><G108/><T46/><D113/><U99/><E114/><V103/><F134/><W8/><G100/><T97/><D118/><U56/><E71/><V129/><F129/><W60/><G60/><T54/><D70/><U123/><E123/><V36/><F36/><W104/><G104/><T2/><D76/><U127/><E32/><V68/><F82/><W111/><G111/><T126/><D126/><N who="1" m="48139" /><E99/><V44/><F75/><N who="1" m="28745" /><E56/><V116/><F116/><W107/><G107/><T39/><D31/><U105/><E83/><V51/><F55/><W26/><G0/><T18/><D54/><U58/><E58/><V22/><F61/><W10/><G26/><T4/><D2/><U37/><E105/><V38/><F38/><AGARI ba="0,0" hai="14,17,20,37,38,43,47,48" m="28745,48139" machi="38" ten="30,1500,0" yaku="18,1" doraHai="6" who="1" fromWho="2" sc="198,0,302,15,250,-15,250,0" /><INIT seed="1,1,0,2,2,32" ten="198,317,235,250" oya="1" hai0="98,20,5,97,69,113,72,1,64,84,6,93,27" hai1="133,94,114,112,104,109,110,19,88,74,128,15,26" hai2="90,55,85,115,50,54,62,103,18,8,76,77,117" hai3="107,0,11,127,36,42,57,78,48,75,46,61,39"/><U22/><E104/><V58/><F117/><W30/><G107/><T38/><D72/><U52/><E74/><V99/><F115/><W40/><G30/><T4/><D113/><U132/><E128/><V102/><F99/><W123/><G123/><T7/><D38/><U126/><E126/><V37/><F37/><N who="3" m="21775" /><G127/><T83/><D64/><U119/><E119/><V16/><F102/><W92/><G92/><T28/><D69/><U67/><E67/><V44/><F103/><W120/><G120/><T53/><D93/><U79/><E79/><N who="2" m="30283" /><F8/><W3/><G48/><T12/><D53/><U118/><E118/><V41/><F55/><N who="3" m="33983" /><G42/><T25/><D27/><U125/><E125/><V21/><F21/><W73/><G3/><T71/><D71/><U65/><E65/><V106/><F106/><W81/><G73/><T23/><D1/><U135/><E114/><V49/><F49/><W29/><G29/><T124/><D124/><U82/><E112/><V13/><F13/><W59/><G59/><T86/><N who="0" m="1024" /><DORA hai="100" /><T131/><D84/><N who="1" m="50199" /><E94/><AGARI ba="1,0" hai="16,18,41,44,50,54,58,62,85,90,94" m="30283" machi="94" ten="30,2000,0" yaku="8,1,54,1" doraHai="32,100" who="2" fromWho="1" sc="198,0,317,-23,235,23,250,0" /><INIT seed="2,0,0,0,4,17" ten="198,294,258,250" oya="2" hai0="15,19,16,91,11,14,58,83,68,108,34,124,28" hai1="77,59,48,52,1,66,29,31,99,2,75,94,112" hai2="65,18,9,42,106,127,130,105,126,82,107,104,64" hai3="111,40,41,8,119,20,44,121,49,46,132,39,67"/><V61/><N who="2" m="26624" /><DORA hai="122" /><V134/><F134/><W12/><G121/><T117/><D68/><U84/><E75/><V96/><F96/><W70/><G119/><T22/><D117/><U7/><E112/><V27/><F130/><W5/><G132/><T115/><D115/><U78/><E66/><V38/><F82/><W79/><G79/><T21/><D124/><N who="2" m="47658" /><F42/><W109/><REACH who="3" step="1"/><G20/><REACH who="3" ten="198,294,258,240" step="2"/><N who="0" m="11287" /><D34/><U129/><E77/><V74/><F74/><W26/><G26/><N who="0" m="16463" /><D108/><U98/><E78/><V63/><F38/><W50/><G50/><T118/><D118/><U87/><E48/><V35/><F35/><W43/><G43/><T81/><D91/><U97/><E129/><V51/><F51/><W47/><G47/><T73/><D73/><U45/><E45/><V110/><F110/><W25/><G25/><N who="0" m="14559" /><D58/><U101/><E59/><N who="2" m="36927" /><F27/><W92/><G92/><T123/><D123/><U95/><E94/><V72/><F72/><W86/><G86/><T135/><D135/><U6/><E84/><V4/><F9/><W62/><AGARI ba="0,1" hai="5,8,12,39,40,41,44,46,49,62,67,70,109,111" machi="62" ten="30,7900,0" yaku="1,1,0,1,52,2,53,0" doraHai="17,122" doraHaiUra="13,103" who="3" fromWho="3" sc="198,-20,294,-20,258,-39,240,89" /><INIT seed="3,0,0,2,3,67" ten="178,274,219,329" oya="3" hai0="126,128,73,121,83,57,16,53,26,129,72,120,34" hai1="28,54,105,4,19,93,85,117,70,9,118,98,113" hai2="60,20,84,29,96,47,37,104,76,66,15,110,56" hai3="124,49,32,61,131,21,39,74,127,41,69,46,107"/><W78/><G32/><T45/><D45/><U6/><E113/><V35/><F110/><W31/><G107/><T33/><D126/><N who="3" m="48169" /><G131/><N who="0" m="50251" /><D83/><U114/><E114/><V23/><F76/><W0/><G0/><T27/><D57/><U68/><E28/><V40/><F84/><W130/><G130/><T119/><D53/><U30/><E30/><V13/><F13/><W38/><G21/><N who="0" m="13607" /><D119/><N who="1" m="45579" /><E19/><V50/><F15/><W95/><G31/><N who="0" m="19711" /><D34/><U109/><E54/><N who="2" m="31831" /><F29/><W77/><G95/><T10/><D72/><U62/><E105/><V7/><F35/><W102/><G102/><T123/><D73/><U43/><E98/><V14/><F96/><W52/><G74/><T82/><D82/><U88/><E43/><V17/><F104/><W116/><G116/><T112/><D112/><U71/><E109/><V92/><F92/><W18/><G78/><T42/><D42/><U58/><E58/><V36/><F36/><W100/><G77/><T3/><D121/><U48/><E48/><V125/><F125/><W80/><G80/><T86/><D86/><U108/><E108/><V1/><F60/><W2/><G39/><T87/><D87/><U115/><E115/><V65/><F65/><N who="3" m="41135" /><G38/><T133/><D133/><U44/><E44/><V79/><F79/><W75/><G75/><T25/><D25/><U97/><E97/><V122/><F122/><W22/><G100/><T101/><D101/><U106/><E106/><V5/><F47/><W59/><G41/><T103/><D103/><U90/><E93/><V111/><F40/><W132/><G46/><T64/><D64/><U81/><E81/><RYUUKYOKU ba="0,0" sc="178,30,274,-10,219,-10,329,-10" hai0="3,10,120,123" owari="208,-29.2,264,6.4,209,-19.1,319,41.9" /></mjloggm>