<mjloggm ver="2.3"><GO type="225" lobby="0"/><UN n0="%E9%A2%A8%E3%81%A7%E9%B3%B4%E3%81%8F" n1="%6E%65%77%E8%BC%AA%E5%A4%A7%E7%B4%8D%E8%A8%80" n2="%E5%B0%8F%E9%B3%A5%E9%81%8A%E7%B7%B4%E7%84%A1%32%31%E6%AD%B3" n3="%E5%AF%82%E5%AF%9E%E3%82%AE%E3%83%8D%E3%82%B9%E3%83%93%E3%83%BC%E3%83%AB" dan="16,16,16,16" rate="2156.80,2106.36,2132.37,2135.09" sx="M,M,F,M"/><TAIKYOKU oya="0"/><INIT seed="0,0,0,2,4,123" ten="250,250,250,250" oya="0" hai0="77,124,106,102,69,15,74,91,0,109,14,104,9" hai1="3,101,59,21,32,44,25,99,42,130,1,64,86" hai2="33,66,4,23,122,96,10,48,89,132,95,58,51" hai3="103,108,19,41,100,22,81,55,26,12,71,121,62"/><T107/><D69/><U131/><E32/><V93/><F33/><W13/><G121/><T40/><D124/><U84/><E59/><V30/><F132/><W17/><G108/><T11/><D0/><U2/><E64/><V52/><F66/><W80/><G41/><T135/><D135/><U118/><E118/><V38/><F38/><W34/><G34/><T54/><D40/><U60/><E60/><V16/><F30/><W31/><G71/><T29/><D29/><N who="1" m="17583" /><E99/><V68/><F68/><W92/><G31/><T125/><D125/><U128/><E101/><N who="3" m="38986" /><G92/><T127/><D127/><U20/><E20/><V57/><F95/><W50/><G62/><T70/><D70/><U79/><E79/><V5/><F10/><N who="3" m="6295" /><G26/><T94/><D102/><U73/><E73/><V76/><F122/><W110/><G110/><T43/><D43/><U46/><E46/><AGARI ba="0,0" hai="13,19,22,46,50,55,80,81" m="6295,38986" machi="46" ten="30,1000,0" yaku="8,1" doraHai="123" who="3" fromWho="1" sc="250,0,250,-10,250,0,250,10" /><INIT seed="1,0,0,4,3,80" ten="250,240,250,260" oya="1" hai0="91,124,35,3,111,128,46,30,45,96,66,49,107" hai1="19,59,67,2,90,9,11,23,104,135,26,113,92" hai2="88,4,109,6,37,34,63,42,97,0,71,39,129" hai3="17,69,29,87,86,130,61,12,103,40,72,75,51"/><U1/><E113/><V102/><F34/><W101/><G29/><T15/><D3/><U132/><E104/><V64/><F129/><W70/><G130/><T117/><D128/><U100/><E100/><V16/><F109/><W25/><G25/><T114/><D114/><U106/><E106/><V41/><F0/><W18/><G12/><T134/><D134/><N who="1" m="51243" /><E67/><V53/><F53/><W47/><G61/><T33/><D66/><U50/><E59/><V131/><F131/><W28/><G28/><T89/><D30/><N who="1" m="17759" /><E50/><V94/><F102/><W56/><G56/><T5/><D46/><U22/><E1/><V31/><F37/><W78/><G51/><T95/><D107/><U133/><N who="1" m="51251" /><U121/><DORA hai="127" /><E2/><V115/><F115/><W48/><G48/><T76/><D49/><U21/><E121/><V81/><F39/><W110/><G47/><T52/><D52/><U36/><E36/><V83/><F42/><W93/><G40/><T43/><D45/><U99/><E22/><V125/><F41/><W126/><G93/><T7/><D95/><U98/><E99/><V84/><F97/><W14/><G101/><T54/><D43/><U108/><E108/><V27/><F64/><W62/><G103/><T120/><D96/><U13/><AGARI ba="0,0" hai="9,11,13,19,21,90,92,98" m="17759,51251" machi="13" ten="40,2100,0" yaku="20,1" doraHai="80,127" who="1" fromWho="1" sc="250,-7,240,21,250,-7,260,-7" /><INIT seed="1,1,0,1,0,34" ten="243,261,243,253" oya="1" hai0="20,33,127,56,27,115,94,24,25,109,60,51,62" hai1="131,0,71,72,47,99,98,81,86,57,125,5,41" hai2="133,119,126,132,22,28,16,76,112,65,32,23,97" hai3="107,124,6,114,31,117,4,54,29,103,63,10,53"/><U13/><E71/><V44/><F119/><W50/><G114/><T7/><D115/><U79/><E131/><V52/><F112/><W61/><G117/><T92/><D33/><U11/><E125/><V12/><F126/><W69/><G124/><T21/><D127/><U19/><E57/><V26/><F76/><W111/><G111/><T108/><D7/><U30/><E30/><V106/><F65/><W8/><G69/><T42/><D42/><U35/><E35/><V93/><F106/><W40/><G107/><T110/><D51/><U37/><REACH who="1" step="1"/><E86/><REACH who="1" ten="243,251,243,253" step="2"/><V67/><F32/><W118/><G118/><T135/><D56/><U77/><E77/><V91/><REACH who="2" step="1"/><F67/><REACH who="2" ten="243,251,233,253" step="2"/><W43/><G50/><AGARI ba="1,2" hai="12,16,22,23,26,28,44,50,52,91,93,97,132,133" machi="50" ten="40,8000,1" yaku="1,1,2,1,54,2,53,0" doraHai="34" doraHaiUra="96" who="2" fromWho="3" sc="243,0,251,0,233,103,253,-83" /><INIT seed="2,0,0,4,2,78" ten="243,251,336,170" oya="2" hai0="101,71,89,133,90,103,124,4,45,1,30,24,12" hai1="107,135,6,62,112,51,84,127,73,76,95,83,39" hai2="117,13,87,17,85,48,108,91,79,130,114,50,56" hai3="134,36,3,63,118,67,116,104,92,27,77,43,119"/><V88/><F114/><W59/><G104/><T70/><D1/><U33/><E112/><V34/><F34/><W72/><G134/><T20/><D133/><U23/><E39/><V11/><F117/><W126/><G126/><T120/><D120/><U64/><E33/><V22/><F130/><W94/><G3/><T28/><D124/><U41/><E127/><V15/><F108/><W61/><G27/><T74/><D74/><U98/><E6/><V21/><F79/><W93/><G63/><T57/><D45/><U52/><E23/><V123/><F123/><W55/><G36/><T40/><D40/><U96/><E41/><V102/><F102/><W86/><G43/><T106/><D106/><U42/><E42/><V82/><F56/><W46/><G72/><T37/><D37/><U19/><E19/><N who="2" m="8639" /><F22/><W26/><G26/><T111/><D111/><U32/><E32/><V14/><F15/><W8/><G8/><N who="0" m="4103" /><D30/><U54/><E135/><V128/><F128/><W129/><G129/><T100/><D71/><U122/><E122/><V35/><F35/><W109/><G109/><T105/><D70/><U60/><E107/><V7/><F7/><W10/><G10/><T80/><D105/><U66/><E73/><V31/><F31/><W47/><REACH who="3" step="1"/><G67/><REACH who="3" ten="243,251,336,160" step="2"/><T75/><D75/><U18/><E66/><V49/><F21/><W53/><G53/><T68/><D20/><U110/><E64/><V132/><F132/><W5/><G5/><T131/><D131/><U81/><E62/><V115/><F115/><W25/><G25/><T9/><D24/><U121/><E60/><RYUUKYOKU ba="0,1" sc="243,-10,251,-10,336,-10,160,30" hai3="46,47,55,59,61,77,86,92,93,94,116,118,119" /><INIT seed="3,1,1,1,1,32" ten="233,241,326,190" oya="3" hai0="58,126,29,14,36,54,50,107,111,69,119,78,21" hai1="33,96,56,113,123,8,82,72,42,51,102,116,100" hai2="108,41,87,27,133,132,53,2,76,44,19,12,95" hai3="45,15,39,89,98,117,92,74,84,71,10,6,63"/><W55/><G117/><T85/><D69/><U3/><E123/><V46/><F2/><W26/><G74/><T118/><D107/><U5/><E113/><V52/><F108/><W16/><G39/><T106/><D106/><U4/><E116/><V122/><F27/><W93/><G71/><T22/><D36/><U124/><E124/><V67/><F67/><W128/><G128/><T65/><D111/><U1/><E33/><V101/><F122/><W30/><G6/><T70/><D70/><U86/><E72/><V88/><F101/><W99/><G92/><T131/><D126/><U61/><E51/><N who="2" m="27023" /><F76/><W40/><G40/><T73/><D73/><U11/><E42/><V66/><F66/><W121/><G121/><T94/><D131/><U28/><E28/><V62/><F62/><W13/><G13/><T25/><D65/><U20/><E20/><N who="2" m="11367" /><F46/><W17/><G17/><N who="0" m="10423" /><D78/><U112/><E112/><V134/><AGARI ba="1,1" hai="52,53,87,88,95,132,133,134" m="11367,27023" machi="134" ten="30,4000,0" yaku="20,1,54,2" doraHai="32" who="2" fromWho="2" sc="233,-11,241,-11,326,53,190,-21" owari="222,-17.8,230,3.0,379,47.9,169,-33.1" /></mjloggm>