<mjloggm ver="2.3"><GO type="225" lobby="0"/><UN n0="%E6%98%93%E5%88%A9%E8%96%A9%E4%BC%AF" n1="%E3%81%AF%E3%82%88%E3%81%8A%E3%81%98%E3%81%95%E3%82%93" n2="%E3%81%99%E3%81%84%E3%81%BE%E3%81%9B%E3%83%BC%E3%82%93" n3="%E3%81%A9%E3%82%8F%E3%82%93%E3%81%94" dan="16,16,16,16" rate="2101.18,2091.35,2108.99,2152.81" sx="F,M,M,M"/><TAIKYOKU oya="0"/><INIT seed="0,0,0,3,0,84" ten="250,250,250,250" oya="0" hai0="120,125,109,73,63,56,4,2,60,65,128,87,36" hai1="31,107,79,71,14,97,135,76,129,118,10,80,12" hai2="42,3,91,54,44,38,68,28,99,15,47,96,17" hai3="69,50,104,29,92,57,59,35,9,72,86,93,43"/><T27/><D120/><U81/><E118/><V85/><F3/><W89/><G72/><T88/><D73/><U20/><E71/><V108/><F68/><W11/><G104/><T55/><D128/><U13/><E129/><V19/><F108/><W101/><G69/><T133/><D133/><U94/><E107/><V41/><F54/><W58/><G35/><T124/><D36/><U62/><E135/><V131/><F28/><W0/><G29/><T111/><D27/><N who="1" m="16871" /><E62/><V134/><F134/><W30/><G30/><T126/><D4/><U110/><E110/><N who="0" m="41993" /><D2/><U123/><E10/><V77/><F77/><N who="1" m="29769" /><E123/><V21/><F17/><W64/><G64/><T82/><D63/><U130/><E130/><V6/><F6/><W26/><G26/><T34/><D34/><U52/><E52/><AGARI ba="0,0" hai="52,55,56,60,65,82,87,88,124,125,126" m="41993" machi="52" ten="40,18000,2" yaku="18,1,14,1,10,1,52,1,54,2" doraHai="84" who="0" fromWho="1" sc="250,180,250,-180,250,0,250,0" /><INIT seed="0,1,0,2,4,63" ten="430,70,250,250" oya="0" hai0="56,107,113,42,4,37,36,101,102,112,38,3,94" hai1="73,7,1,98,126,26,65,91,17,66,24,79,119" hai2="29,47,89,49,96,125,127,30,35,121,15,5,67" hai3="25,52,2,58,23,50,75,93,40,81,84,110,54"/><T85/><D107/><U87/><E119/><V22/><F121/><W39/><G110/><T83/><D42/><U61/><E73/><V21/><F35/><W64/><G2/><T133/><D133/><U129/><E1/><V115/><F115/><W72/><G93/><T20/><D4/><U57/><E126/><V31/><F67/><N who="1" m="25609" /><E129/><V71/><F71/><W109/><G109/><T18/><D3/><U68/><E68/><V123/><F123/><W44/><G54/><T108/><D108/><U14/><E7/><V32/><F32/><W116/><G64/><T131/><D131/><U134/><E134/><V111/><F111/><W86/><G86/><T19/><D38/><U9/><E79/><V130/><F130/><W6/><G6/><T48/><D37/><U77/><E77/><V117/><F117/><W105/><G105/><T43/><D36/><U16/><E98/><V41/><F127/><W97/><G97/><T90/><D112/><U122/><E122/><V76/><F76/><W34/><G34/><T82/><D113/><U95/><E17/><V13/><F125/><W132/><G116/><T10/><D19/><U120/><E120/><V99/><F99/><W8/><G132/><T70/><D18/><U27/><E61/><V106/><F5/><W12/><G75/><T92/><D70/><U60/><E60/><V62/><F62/><N who="3" m="36167" /><G39/><T114/><D114/><U135/><E135/><V100/><F89/><W59/><G72/><T78/><D78/><U0/><E0/><V28/><N who="2" m="7168" /><DORA hai="74" /><V45/><F106/><W104/><G104/><T55/><D90/><RYUUKYOKU ba="1,0" sc="430,-10,70,30,250,-10,250,-10" hai1="9,14,16,24,26,27,57,87,91,95" /><INIT seed="1,2,0,1,2,71" ten="420,100,240,240" oya="1" hai0="110,26,42,24,119,124,86,101,8,5,13,98,46" hai1="90,3,74,20,115,78,67,40,55,123,106,49,66" hai2="61,82,75,80,11,84,44,130,48,99,83,59,31" hai3="28,29,68,132,50,30,77,54,102,69,105,36,22"/><U53/><E115/><V125/><F75/><W126/><G77/><T57/><D119/><U97/><E123/><V1/><F130/><W117/><G117/><T10/><D110/><U16/><E3/><V21/><F125/><W133/><G126/><T92/><D124/><U33/><E33/><V79/><F99/><N who="3" m="61663" /><G22/><T12/><D57/><U51/><E74/><V17/><F31/><W18/><G18/><T0/><D86/><U116/><E116/><V4/><F61/><W47/><G36/><T87/><D87/><U38/><E38/><V35/><F59/><W128/><G128/><T103/><D103/><U131/><E131/><V114/><F35/><W25/><G25/><T135/><D135/><AGARI ba="2,0" hai="28,29,30,47,50,54,68,69,132,133,135" m="61663" machi="135" ten="30,1000,0" yaku="20,1" doraHai="71" who="3" fromWho="0" sc="420,-16,100,0,240,0,240,16" /><INIT seed="2,0,0,5,5,82" ten="404,100,240,256" oya="2" hai0="16,63,133,5,77,102,15,2,129,22,128,32,78" hai1="23,111,113,94,7,86,25,117,126,66,71,80,39" hai2="70,79,26,29,130,114,11,42,17,14,101,116,124" hai3="106,87,49,68,93,41,76,81,38,123,61,119,135"/><V33/><F116/><W19/><G135/><T4/><D32/><U35/><E117/><V98/><F114/><W48/><G123/><T110/><D110/><U31/><E113/><V56/><F70/><W83/><G106/><T10/><D133/><U108/><E39/><V36/><F124/><W92/><G119/><T43/><D43/><U30/><E126/><V118/><F130/><N who="0" m="50282" /><D102/><U120/><E120/><V62/><F118/><W8/><G38/><T50/><D50/><U109/><E7/><V73/><F42/><W59/><G68/><T125/><D125/><U1/><E1/><V45/><F45/><N who="3" m="25647" /><G83/><T0/><D63/><U100/><E71/><V40/><F40/><W67/><G49/><T20/><D20/><U3/><E3/><N who="0" m="1065" /><D5/><U91/><E66/><V115/><F36/><W85/><G19/><T74/><D74/><U44/><E44/><V104/><F115/><W18/><G18/><T99/><D99/><U132/><E132/><V107/><F107/><W90/><G8/><T13/><AGARI ba="0,0" hai="4,10,13,15,16,22,77,78" m="1065,50282" machi="13" ten="30,2000,0" yaku="19,1,54,1" doraHai="82" who="0" fromWho="0" sc="404,20,100,-5,240,-10,256,-5" /><INIT seed="3,0,0,4,1,1" ten="424,95,230,251" oya="3" hai0="89,25,18,9,72,51,130,63,81,49,42,50,70" hai1="94,105,3,52,83,93,113,79,91,114,129,24,7" hai2="112,123,47,97,56,85,54,19,14,17,62,44,28" hai3="131,116,41,111,60,8,117,11,32,103,30,95,86"/><W132/><G131/><T66/><D130/><U120/><E120/><V119/><F119/><W26/><G132/><T55/><D42/><U67/><E129/><V59/><F112/><W76/><G41/><T2/><D25/><U128/><E105/><V31/><F123/><W15/><G111/><T40/><D40/><U102/><E128/><V104/><F97/><W38/><G38/><T48/><D72/><U13/><E3/><V127/><F104/><W107/><G107/><T27/><D27/><U39/><E39/><V45/><F127/><W110/><G110/><T12/><D2/><U88/><E67/><V22/><F85/><W57/><G11/><T80/><REACH who="0" step="1"/><D89/><REACH who="0" ten="414,95,230,251" step="2"/><U65/><E24/><N who="2" m="14415" /><F59/><AGARI ba="0,1" hai="9,12,18,48,49,50,51,55,59,63,66,70,80,81" machi="59" ten="40,1300,0" yaku="1,1,53,0" doraHai="1" doraHaiUra="0" who="0" fromWho="2" sc="414,23,95,0,230,-13,251,0" owari="437,53.7,95,-40.5,217,-18.3,251,5.1" /></mjloggm>