<mjloggm ver="2.3"><GO type="225" lobby="0"/><UN n0="%E3%81%A1%E3%82%85%E3%81%86%E3%81%A9%E3%81%8F%E8%B1%A1%E3%81%95%E3%82%93" n1="%48%61%61%61%6C%61%6E%64" n2="%33%74%72%65%65" n3="%E6%A1%9C%E8%8A%B1%E9%96%83%E3%80%85" dan="17,17,17,18" rate="2193.17,2240.73,2180.82,2209.86" sx="M,M,F,M"/><TAIKYOKU oya="0"/><INIT seed="0,0,0,2,3,116" ten="250,250,250,250" oya="0" hai0="121,86,8,46,5,1,31,58,69,24,32,65,129" hai1="123,64,130,126,133,106,34,63,57,10,33,74,105" hai2="120,93,128,17,20,111,52,12,101,29,84,3,27" hai3="103,11,2,102,115,114,48,41,94,99,80,39,55"/><T45/><D129/><U68/><E74/><V18/><F128/><W4/><G103/><T110/><D69/><U134/><E130/><V51/><F3/><W82/><G39/><T109/><D86/><U85/><E126/><V44/><F111/><N who="0" m="42506" /><D121/><U13/><E123/><V26/><F120/><W21/><G41/><T125/><D125/><U56/><E85/><V98/><F84/><W83/><REACH who="3" step="1"/><G21/><REACH who="3" ten="250,250,250,240" step="2"/><T25/><D25/><U50/><E33/><V118/><F118/><W6/><G6/><T73/><D73/><U81/><E34/><V62/><F27/><W16/><G16/><T14/><D1/><U89/><E133/><V122/><F122/><W38/><G38/><T92/><D92/><U108/><E134/><V113/><F113/><W91/><G91/><T0/><D0/><U49/><E89/><V42/><F12/><W43/><G43/><T88/><D88/><U124/><E108/><V78/><F78/><W40/><G40/><T96/><D96/><U61/><E124/><V35/><F35/><W87/><G87/><T36/><D36/><U112/><E112/><V9/><F9/><W30/><G30/><T22/><D32/><U77/><E77/><V7/><F7/><W132/><G132/><T23/><D22/><U28/><E28/><V37/><F37/><W67/><G67/><T15/><D14/><U117/><E13/><V127/><F127/><W47/><AGARI ba="0,1" hai="2,4,11,47,48,55,80,82,83,94,99,102,114,115" machi="47" ten="30,2000,0" yaku="1,1,0,1,53,0" doraHai="116" doraHaiUra="135" who="3" fromWho="3" sc="250,-10,250,-5,250,-5,240,30" /><INIT seed="1,0,0,0,4,107" ten="240,245,245,270" oya="1" hai0="88,57,125,44,96,55,109,71,64,78,75,123,135" hai1="46,32,105,47,59,98,113,90,120,108,115,27,6" hai2="73,99,122,51,3,82,101,58,66,103,29,126,42" hai3="30,69,31,54,13,39,131,97,25,5,81,9,2"/><U4/><E120/><V1/><F122/><W12/><G69/><T17/><D123/><U43/><E108/><V34/><F126/><W130/><G39/><T117/><D117/><U106/><E59/><V50/><F103/><W68/><G68/><T112/><D112/><U72/><E72/><V8/><F34/><N who="3" m="20815" /><G54/><T133/><D44/><U116/><E116/><V86/><F73/><W128/><G97/><T0/><D0/><U36/><E46/><V33/><F42/><W21/><G81/><T95/><D17/><U7/><E106/><V114/><F114/><W80/><G80/><T132/><D109/><U28/><REACH who="1" step="1"/><E90/><REACH who="1" ten="240,235,245,270" step="2"/><V48/><F58/><W49/><G49/><T110/><D110/><U84/><E84/><V76/><F51/><W38/><G38/><T18/><D75/><U11/><E11/><V89/><F8/><W15/><G31/><T35/><D78/><U56/><E56/><V19/><F76/><W77/><G77/><T37/><D71/><U14/><E14/><V121/><F121/><W87/><G87/><T41/><D133/><U62/><E62/><V60/><F50/><W92/><G13/><T23/><D135/><U124/><E124/><V134/><F48/><W53/><G15/><N who="0" m="9695" /><D132/><U127/><E127/><V83/><F134/><W102/><G12/><T45/><D125/><U79/><E79/><V74/><F74/><W22/><G130/><T24/><D57/><U91/><E91/><V20/><F89/><W61/><G131/><T67/><D55/><U70/><E70/><V94/><F60/><W16/><G128/><T111/><D111/><RYUUKYOKU ba="0,1" sc="240,15,235,15,245,-15,270,-15" hai0="24,35,37,41,45,64,67,88,95,96" hai1="4,6,7,27,28,32,36,43,47,98,105,113,115" /><INIT seed="1,1,1,2,4,93" ten="255,250,230,255" oya="1" hai0="96,135,66,82,6,17,98,8,97,74,36,111,19" hai1="5,58,129,65,10,59,84,24,69,113,91,32,103" hai2="29,115,75,20,83,25,44,37,18,123,126,40,12" hai3="81,99,134,119,41,118,87,1,122,112,107,67,52"/><U76/><E113/><V102/><F123/><W57/><G122/><T63/><D36/><U100/><E76/><V95/><F115/><W104/><G112/><T114/><D114/><U127/><E127/><V117/><F126/><W46/><G1/><T4/><D111/><U80/><E129/><V45/><F117/><N who="3" m="44555" /><G67/><T89/><D135/><U94/><E69/><V47/><F75/><W130/><G130/><T56/><D4/><U38/><E38/><V11/><REACH who="2" step="1"/><F83/><REACH who="2" ten="255,250,220,255" step="2"/><W70/><G134/><T34/><D34/><U14/><E80/><V124/><F124/><W62/><G70/><T120/><D120/><U26/><E32/><V71/><F71/><W55/><G55/><T60/><D60/><N who="1" m="38039" /><E59/><V106/><F106/><W43/><G107/><T30/><D74/><U42/><E42/><V7/><F7/><W86/><G81/><T9/><D82/><U54/><E54/><V53/><F53/><W105/><G105/><T15/><D30/><U39/><E39/><V22/><F22/><W90/><G104/><T16/><REACH who="0" step="1"/><D89/><REACH who="0" ten="245,250,220,255" step="2"/><U33/><E33/><V132/><F132/><W121/><G121/><T92/><D92/><U109/><E109/><V128/><F128/><W88/><G90/><T28/><D28/><U77/><E77/><V31/><F31/><W0/><G88/><T2/><AGARI ba="1,3" hai="2,6,8,9,15,16,17,19,56,63,66,96,97,98" machi="2" ten="30,12000,2" yaku="1,1,0,1,52,3,54,1,53,1" doraHai="93" doraHaiUra="61" who="0" fromWho="0" sc="245,153,250,-61,220,-31,255,-31" /><INIT seed="2,0,0,5,1,10" ten="398,189,189,224" oya="2" hai0="50,88,87,19,105,34,70,108,110,113,61,76,9" hai1="35,85,72,134,31,48,118,0,32,41,102,20,56" hai2="54,14,69,98,60,123,106,124,126,24,68,59,16" hai3="80,101,132,8,125,67,93,111,43,133,117,78,90"/><V30/><F123/><W53/><G117/><T51/><D34/><U107/><E72/><V62/><F106/><W40/><G111/><N who="0" m="42539" /><D76/><U79/><E0/><V29/><F98/><N who="3" m="59599" /><G125/><N who="2" m="48233" /><F24/><W63/><G53/><T103/><D103/><U121/><E118/><V36/><F36/><W39/><G90/><T58/><D70/><N who="2" m="27242" /><F62/><W47/><G8/><AGARI ba="0,0" hai="8,14,16,29,30,54,59,60" m="27242,48233" machi="8" ten="30,5800,0" yaku="18,1,52,1,54,1" doraHai="10" who="2" fromWho="3" sc="398,0,189,0,189,58,224,-58" /><INIT seed="2,1,0,3,2,4" ten="398,189,247,166" oya="2" hai0="23,62,65,118,73,117,69,79,40,66,131,54,49" hai1="29,47,94,1,119,75,41,63,86,99,58,122,85" hai2="133,52,64,22,116,11,18,84,24,128,10,26,9" hai3="32,97,127,31,2,21,120,42,115,20,28,81,44"/><V74/><F74/><W36/><G120/><T101/><D131/><U125/><E119/><N who="0" m="45577" /><D101/><U14/><E1/><V67/><F116/><W37/><G127/><T38/><D66/><N who="2" m="25130" /><F128/><W27/><G115/><T98/><D98/><U19/><E75/><V100/><F133/><W91/><G2/><T34/><D34/><U17/><E29/><V61/><F100/><W6/><G6/><T33/><D33/><U43/><E125/><V60/><F84/><W12/><G36/><T25/><D38/><U89/><E122/><V129/><F129/><W53/><G53/><T112/><D40/><N who="1" m="15435" /><E47/><V57/><F26/><W35/><G97/><T48/><D112/><U70/><E70/><V108/><F108/><W134/><G134/><T92/><D54/><N who="1" m="34263" /><E19/><N who="2" m="12383" /><F61/><W78/><G31/><N who="0" m="17855" /><D92/><U0/><E0/><V105/><F105/><W111/><G111/><T109/><D109/><U30/><E30/><V88/><F88/><W68/><G91/><T104/><D104/><U95/><E95/><V39/><F39/><W83/><G68/><T135/><D135/><U132/><E132/><V90/><F90/><W93/><G93/><T106/><D106/><U107/><E107/><V103/><F103/><W3/><G35/><T126/><D126/><U56/><E99/><V130/><F130/><W45/><G32/><T72/><D72/><U71/><E71/><V55/><F55/><W80/><G37/><T113/><D113/><U77/><E94/><V110/><F110/><W96/><G42/><T124/><D124/><U16/><E89/><V51/><F60/><W5/><G96/><T15/><D15/><AGARI ba="1,0" hai="9,10,11,15,18,51,52,57" m="12383,25130" machi="15" ten="30,18000,2" yaku="6,1,8,1,52,3,54,1" doraHai="4" who="2" fromWho="0" sc="398,-183,189,0,247,183,166,0" /><INIT seed="2,2,0,0,5,119" ten="215,189,430,166" oya="2" hai0="50,33,85,73,38,68,84,72,60,100,134,135,8" hai1="19,125,12,22,131,93,2,40,16,109,59,70,23" hai2="88,120,30,69,3,98,62,110,37,99,54,77,121" hai3="76,117,116,111,43,102,75,25,95,44,79,36,92"/><V1/><F37/><W51/><G111/><T32/><D38/><U48/><E109/><V128/><F110/><W122/><G51/><T114/><D50/><U113/><E113/><V39/><F39/><W132/><G79/><T42/><D42/><U130/><E2/><V28/><F77/><W49/><G49/><T91/><D100/><U31/><E70/><V46/><F46/><W104/><G95/><T107/><D107/><U94/><E31/><V6/><F6/><W41/><G41/><T83/><D8/><U7/><E7/><V108/><F108/><W53/><G53/><T74/><D114/><U63/><E125/><V127/><F54/><W65/><G92/><T80/><D60/><U26/><E130/><V18/><F18/><W0/><G132/><N who="0" m="50731" /><D68/><U67/><REACH who="1" step="1"/><E131/><REACH who="1" ten="215,179,430,166" step="2"/><V106/><F28/><W56/><G0/><T27/><D32/><U9/><E9/><V14/><F1/><W10/><G10/><T81/><D33/><U64/><E64/><V45/><F3/><W21/><G117/><T101/><D72/><U57/><E57/><V96/><F69/><W86/><G116/><T17/><D73/><U89/><E89/><V13/><F88/><W103/><G56/><T58/><D74/><U66/><E66/><V123/><F128/><W5/><G65/><T97/><D58/><U29/><E29/><V35/><F30/><W4/><G75/><T61/><D91/><U78/><E78/><V34/><F34/><W11/><G76/><T133/><D133/><U55/><E55/><V90/><F90/><W20/><G11/><T15/><D101/><RYUUKYOKU ba="2,1" sc="215,-10,179,30,430,-10,166,-10" hai1="12,16,19,22,23,26,40,48,59,63,67,93,94" /><INIT seed="3,3,1,1,0,103" ten="205,209,420,156" oya="3" hai0="58,97,71,27,113,96,86,53,47,131,44,12,101" hai1="76,117,0,108,62,57,33,77,123,6,18,39,37" hai2="110,119,104,124,79,34,8,88,46,112,134,89,59" hai3="109,29,22,60,132,21,45,135,94,32,48,87,70"/><W81/><G32/><T31/><D71/><U115/><E123/><V95/><F104/><W5/><G5/><T107/><D131/><U92/><E115/><V24/><F8/><W65/><G94/><T74/><D74/><U102/><E108/><V7/><F7/><W118/><G118/><T61/><D113/><U122/><E122/><V67/><F110/><W105/><G109/><T93/><D86/><U25/><E117/><V66/><F34/><W99/><G29/><T26/><D12/><U36/><E102/><V83/><F24/><W38/><G38/><T133/><D133/><N who="3" m="51273" /><G99/><T42/><D31/><U84/><E6/><V3/><F112/><W10/><G10/><T19/><D19/><U121/><E0/><V126/><F3/><W75/><G75/><T78/><D78/><U120/><E77/><V54/><F119/><W63/><G63/><T90/><D44/><U127/><E76/><V15/><F134/><W100/><G100/><T106/><D106/><U114/><E114/><V130/><F95/><W73/><G73/><T98/><D98/><U128/><E121/><V50/><F83/><W30/><G30/><T16/><D16/><U116/><E120/><V23/><F23/><N who="3" m="8715" /><G105/><T2/><D2/><U72/><E72/><V125/><F125/><W91/><G45/><T55/><D55/><N who="1" m="34111" /><E116/><V80/><F80/><W111/><G111/><T129/><D129/><U69/><E128/><V56/><F46/><W13/><G13/><T40/><D47/><U20/><E127/><V49/><F15/><W9/><G9/><T85/><D97/><U14/><E14/><RYUUKYOKU ba="3,1" sc="205,15,209,-15,420,-15,156,15" hai0="26,27,40,42,53,58,61,85,90,93,96,101,107" hai3="48,60,65,70,81,87,91" /><INIT seed="3,4,1,2,1,122" ten="220,194,405,171" oya="3" hai0="56,95,62,61,63,26,59,72,97,49,83,15,123" hai1="127,125,8,85,105,25,98,70,80,77,48,90,103" hai2="100,69,131,117,88,33,128,75,17,58,119,16,81" hai3="96,21,28,129,87,6,45,114,66,0,52,27,111"/><W23/><G114/><T44/><D123/><U102/><E70/><V115/><F69/><W101/><G129/><N who="2" m="49737" /><F115/><W41/><G66/><T46/><D26/><U84/><E48/><V39/><F33/><W106/><G111/><T92/><D92/><N who="1" m="54343" /><E8/><V9/><F39/><W112/><G112/><T57/><D49/><U38/><E25/><V109/><F109/><W3/><G87/><T4/><D83/><N who="1" m="47343" /><E38/><V11/><F100/><W29/><G52/><T32/><D72/><U7/><E7/><V135/><F135/><W108/><G108/><T12/><D32/><U5/><E5/><V36/><F36/><W120/><G120/><T104/><D104/><N who="1" m="63575" /><E80/><V18/><F58/><W68/><G68/><T42/><D4/><U47/><E47/><N who="0" m="17961" /><D42/><U37/><E37/><V126/><F126/><W31/><G23/><T82/><D82/><U43/><E43/><V13/><F9/><W121/><G121/><T24/><D24/><U99/><AGARI ba="4,1" hai="99,103,105,125,127" m="63575,47343,54343" machi="99" ten="30,2000,0" yaku="34,2" doraHai="122" who="1" fromWho="1" sc="220,-9,194,42,405,-9,171,-14" owari="211,-18.9,236,3.6,396,49.6,157,-34.3" /></mjloggm>