<mjloggm ver="2.3"><GO type="225" lobby="0"/><UN n0="%E3%81%99%E3%81%84%E3%81%BE%E3%81%9B%E3%83%BC%E3%82%93" n1="%E5%B0%8F%E9%B3%A5%E9%81%8A%E7%B7%B4%E7%84%A1%32%31%E6%AD%B3" n2="%E6%97%A5%E6%9B%9C%E6%97%A5%E3%82%88%E3%82%8A%E3%81%AE%E4%BD%BF%E8%80%85" n3="%E3%81%91%E3%83%BC%E3%81%9E%E3%81%88" dan="16,16,18,16" rate="2113.41,2125.05,2149.53,2183.36" sx="M,F,M,F"/><TAIKYOKU oya="0"/><INIT seed="0,0,0,1,0,10" ten="250,250,250,250" oya="0" hai0="68,58,124,88,129,6,70,121,114,77,119,3,91" hai1="92,120,12,115,27,135,1,65,34,80,5,32,81" hai2="100,64,111,89,85,79,76,39,30,102,72,54,83" hai3="67,104,96,63,17,112,4,107,97,23,82,33,94"/><T62/><D114/><U2/><E65/><V128/><F39/><W49/><G112/><T56/><D119/><U29/><E92/><V15/><F111/><W45/><G33/><N who="1" m="12906" /><E81/><V31/><F128/><W125/><G125/><T87/><D121/><U74/><E80/><V24/><F64/><W84/><G4/><T44/><D124/><U22/><E74/><V20/><F31/><W98/><G94/><T41/><D129/><U78/><E78/><N who="2" m="29739" /><F72/><W110/><G84/><T46/><D77/><U116/><E116/><V28/><F28/><W131/><G82/><T103/><D103/><N who="2" m="39466" /><F54/><W40/><G110/><T113/><D113/><U48/><E120/><V130/><F130/><W69/><REACH who="3" step="1"/><G131/><REACH who="3" ten="250,250,250,240" step="2"/><T105/><D6/><U73/><E115/><V36/><F36/><W126/><G126/><T109/><D109/><U0/><E73/><V35/><F35/><W18/><G18/><T122/><D122/><U132/><E48/><V93/><F83/><W13/><AGARI ba="0,1" hai="13,17,23,40,45,49,63,67,69,96,97,98,104,107" machi="13" ten="30,7900,0" yaku="1,1,0,1,52,1,53,1" doraHai="10" doraHaiUra="43" who="3" fromWho="3" sc="250,-39,250,-20,250,-20,240,89" /><INIT seed="1,0,0,0,2,78" ten="211,230,230,329" oya="1" hai0="14,41,47,126,128,120,39,13,26,8,134,108,131" hai1="117,94,49,75,18,58,34,97,102,74,45,32,81" hai2="21,133,104,132,48,68,119,129,80,105,66,20,9" hai3="122,1,101,61,82,125,22,89,15,19,5,98,59"/><U16/><E117/><V30/><F119/><W71/><G122/><T10/><D120/><U50/><E58/><V37/><F37/><W76/><G125/><T42/><D126/><U90/><E75/><V64/><F129/><N who="0" m="49738" /><D108/><U121/><E121/><V2/><F48/><W111/><G71/><T73/><D73/><U88/><E74/><V115/><F115/><W12/><G1/><T79/><D79/><U29/><E29/><V70/><F30/><W17/><G76/><T87/><D134/><U135/><E135/><V72/><F72/><W86/><G5/><N who="0" m="3215" /><D42/><U100/><E45/><V118/><F118/><W33/><G33/><T84/><D26/><U123/><E123/><V110/><F9/><W96/><G111/><T63/><D63/><U54/><E54/><V38/><F110/><W31/><G31/><T40/><D40/><U27/><E27/><V65/><F65/><N who="3" m="39103" /><G101/><N who="1" m="39018" /><E32/><V107/><F107/><W77/><G77/><T103/><D103/><U25/><E34/><V83/><F38/><W127/><G127/><T0/><D0/><AGARI ba="0,0" hai="0,2,20,21,64,66,68,70,80,83,104,105,132,133" machi="0" ten="25,6400,0" yaku="22,2,52,2" doraHai="78" who="2" fromWho="0" sc="211,-64,230,0,230,64,329,0" /><INIT seed="2,0,0,0,2,54" ten="147,230,294,329" oya="2" hai0="35,63,102,135,83,125,38,11,104,46,91,29,40" hai1="119,14,44,77,30,97,51,99,56,1,7,34,78" hai2="72,79,95,130,60,112,110,57,6,94,27,23,88" hai3="121,53,61,106,124,113,126,50,93,36,123,74,31"/><V116/><F112/><W108/><G113/><T58/><D125/><N who="3" m="48233" /><G106/><T118/><D135/><U19/><E119/><V132/><F116/><W68/><G108/><T92/><D118/><U62/><E7/><V10/><F132/><W111/><G111/><T49/><D83/><U114/><E1/><V107/><F107/><W28/><G74/><T80/><D80/><U71/><E71/><V2/><F110/><W70/><G36/><T100/><D104/><U76/><E30/><N who="3" m="11306" /><G93/><T75/><D75/><U85/><E85/><V89/><F95/><W86/><G86/><T103/><D11/><N who="1" m="6623" /><E34/><V5/><F5/><W26/><G26/><T48/><D29/><U55/><E114/><V25/><F130/><W17/><G17/><T9/><D9/><U84/><E84/><V105/><F105/><W115/><G115/><T52/><REACH who="0" step="1"/><D35/><REACH who="0" ten="137,230,294,329" step="2"/><U37/><E37/><V73/><F73/><W69/><G123/><T42/><D42/><AGARI ba="0,1" hai="42,44,51,55,56,62,76,77,78,97,99" m="6623" machi="42" ten="30,2000,0" yaku="8,1,52,1" doraHai="54" who="1" fromWho="0" sc="137,-20,230,30,294,0,329,0" /><INIT seed="3,0,0,2,5,44" ten="117,260,294,329" oya="3" hai0="122,8,49,106,38,5,120,12,96,6,29,89,43" hai1="94,72,114,113,84,134,133,54,2,86,93,112,7" hai2="104,16,65,53,22,105,102,66,119,13,83,10,35" hai3="52,51,90,111,59,67,63,92,80,4,60,45,81"/><W101/><G111/><T11/><D38/><U75/><E54/><V123/><F119/><W61/><G101/><T32/><D32/><U69/><E69/><V98/><F35/><W26/><G4/><T74/><D74/><N who="1" m="28203" /><E7/><V37/><F37/><W135/><G26/><T103/><D29/><U124/><E2/><V42/><F42/><N who="3" m="25015" /><G135/><N who="1" m="51722" /><E124/><V39/><F39/><W132/><G132/><T97/><D89/><U91/><E91/><V3/><F123/><W27/><G27/><T20/><D20/><U127/><E127/><V34/><F34/><W109/><G109/><T0/><REACH who="0" step="1"/><D97/><REACH who="0" ten="107,260,294,329" step="2"/><U25/><E25/><V31/><F31/><W28/><G28/><T129/><D129/><U30/><E30/><V1/><F98/><N who="3" m="57623" /><G67/><T14/><D14/><U71/><E71/><V73/><F66/><W18/><G18/><T126/><D126/><U85/><AGARI ba="0,1" hai="84,85,86,93,94,112,113,114" m="51722,28203" machi="85" ten="50,8000,1" yaku="28,2,20,1,34,2" doraHai="44" who="1" fromWho="1" sc="107,-20,260,90,294,-20,329,-40" owari="87,-41.3,350,45.0,274,-12.6,289,8.9" /></mjloggm>