<mjloggm ver="2.3"><GO type="225" lobby="0"/><UN n0="%6D%75%75%6D%75%72%61" n1="%E8%81%B7%E6%A5%AD%E3%80%81%E9%A2%A8%32" n2="%E3%81%AF%E3%82%88%E3%81%8A%E3%81%98%E3%81%95%E3%82%93" n3="%E3%81%8F%E3%82%8A%E3%83%94%E3%83%BC" dan="16,16,16,16" rate="2103.74,2122.33,2187.71,2096.52" sx="F,M,M,M"/><TAIKYOKU oya="0"/><INIT seed="0,0,0,4,2,111" ten="250,250,250,250" oya="0" hai0="54,15,131,71,118,114,5,12,68,110,62,105,91" hai1="108,66,37,102,130,94,84,48,79,11,135,70,52" hai2="129,14,43,116,88,17,27,7,41,80,121,35,104" hai3="25,99,30,82,90,2,28,8,103,34,51,1,18"/><T16/><D118/><U117/><E108/><V22/><F121/><W100/><G30/><T55/><D110/><U134/><E37/><V65/><F104/><W23/><G100/><T40/><D131/><U78/><E130/><V115/><F129/><W73/><G51/><T21/><D105/><U10/><E66/><V83/><F115/><W20/><G20/><T31/><D31/><U69/><E11/><N who="2" m="4479" /><F35/><W93/><G73/><T128/><D128/><U109/><E10/><V42/><F116/><W98/><G8/><N who="0" m="4111" /><D71/><N who="1" m="27147" /><E117/><V72/><F72/><W81/><G81/><N who="2" m="31305" /><F65/><W124/><G124/><T113/><D68/><U126/><E126/><V92/><F42/><W39/><G39/><T97/><D40/><U123/><E123/><V38/><F38/><W59/><G59/><N who="0" m="35191" /><D114/><U75/><E75/><V64/><F64/><W133/><G1/><T112/><D112/><U29/><E29/><V87/><AGARI ba="0,0" hai="17,22,27,41,43,87,88,92" m="31305,4479" machi="87" ten="30,2000,0" yaku="8,1,54,1" doraHai="111" who="2" fromWho="2" sc="250,-10,250,-5,250,20,250,-5" /><INIT seed="1,0,0,0,5,72" ten="240,245,270,245" oya="1" hai0="83,46,116,22,43,29,100,121,104,68,65,85,9" hai1="133,51,130,37,7,61,132,96,91,54,11,19,36" hai2="45,90,98,108,128,64,93,44,86,113,1,95,0" hai3="47,84,21,26,115,40,52,32,117,103,20,126,88"/><U53/><E130/><V34/><F34/><W5/><G115/><T119/><D121/><U50/><E61/><V79/><F128/><W80/><G126/><T12/><D68/><U38/><E19/><V114/><F108/><W59/><G117/><T16/><D65/><U25/><E25/><V102/><F64/><W109/><G109/><T127/><D127/><U8/><E91/><V89/><F102/><W75/><G5/><T23/><D104/><U111/><E96/><V2/><REACH who="2" step="1"/><F79/><REACH who="2" ten="240,245,260,245" step="2"/><W18/><G103/><T71/><D100/><U125/><E111/><V97/><F97/><W58/><G32/><T41/><D116/><U94/><E125/><V28/><F28/><W14/><G75/><T17/><D119/><U99/><E99/><V39/><F39/><W131/><G131/><T33/><D33/><U57/><E38/><V49/><F49/><N who="3" m="28735" /><G40/><T31/><D41/><U24/><E37/><V101/><F101/><W30/><AGARI ba="0,1" hai="14,18,20,21,26,30,58,59,80,84,88" m="28735" machi="30" ten="30,4000,0" yaku="8,1,54,2" doraHai="72" who="3" fromWho="3" sc="240,-10,245,-20,260,-10,245,50" /><INIT seed="2,0,0,4,1,41" ten="230,225,250,295" oya="2" hai0="126,71,135,49,5,108,30,33,61,23,78,26,28" hai1="34,110,67,62,107,50,133,132,35,14,92,58,103" hai2="74,16,70,114,89,37,32,93,3,46,116,39,124" hai3="130,66,121,77,36,18,31,25,64,13,24,27,54"/><V75/><F116/><W43/><G121/><T104/><D108/><U12/><E110/><V100/><F114/><W117/><G117/><T99/><D135/><N who="1" m="51787" /><E107/><V0/><F70/><W48/><G130/><T72/><D126/><U29/><E29/><V128/><F32/><N who="1" m="12329" /><E50/><V84/><F124/><W68/><G77/><T57/><D71/><U123/><E123/><V47/><F128/><W15/><G31/><T76/><D33/><U87/><E103/><V96/><F16/><W63/><G66/><T79/><D30/><U106/><E106/><V129/><F129/><W44/><REACH who="3" step="1"/><G18/><REACH who="3" ten="230,225,250,285" step="2"/><T109/><D109/><U118/><E118/><V73/><F74/><W6/><G6/><T4/><D72/><U134/><E134/><V69/><F73/><W19/><G19/><T51/><D4/><U90/><AGARI ba="0,1" hai="12,14,58,62,67,87,90,92" m="12329,51787" machi="90" ten="40,1500,0" yaku="20,1" doraHai="41" who="1" fromWho="1" sc="230,-4,225,25,250,-7,285,-4" /><INIT seed="3,0,0,0,3,100" ten="226,250,243,281" oya="3" hai0="113,92,34,31,24,108,103,41,74,13,132,63,94" hai1="52,106,72,123,117,16,80,119,22,122,53,3,71" hai2="0,134,36,33,29,58,68,61,105,131,75,129,35" hai3="40,76,25,133,87,70,130,116,65,67,60,14,54"/><W12/><G116/><N who="1" m="44618" /><E71/><V107/><F75/><W19/><G130/><N who="2" m="49673" /><F36/><W11/><G133/><T45/><D132/><U15/><E3/><V98/><F134/><W109/><G109/><T112/><D108/><U4/><E4/><V27/><F0/><W23/><G40/><T7/><D74/><U96/><E72/><V90/><F68/><W126/><G126/><T81/><D81/><U46/><E80/><V77/><F77/><W85/><G14/><T124/><D124/><U64/><E64/><N who="3" m="24650" /><G76/><T28/><D63/><U6/><E6/><V84/><F98/><W121/><G121/><N who="1" m="46090" /><E46/><V32/><F58/><N who="3" m="34903" /><G70/><T127/><D127/><U59/><E59/><V1/><F1/><W73/><G73/><T66/><D66/><U88/><E106/><N who="2" m="40459" /><F61/><W21/><G21/><T102/><D34/><U95/><AGARI ba="0,0" hai="15,16,22,52,53,88,95,96" m="46090,44618" machi="95" ten="40,8000,1" yaku="12,1,54,3" doraHai="100" who="1" fromWho="1" sc="226,-20,250,80,243,-20,281,-40" owari="206,-29.4,330,43.0,223,-17.7,241,4.1" /></mjloggm>