<mjloggm ver="2.3"><GO type="225" lobby="0"/><UN n0="%E3%81%BF%E3%81%BF%E3%81%9A" n1="%45%6C%79%73%69%75%6D" n2="%E5%86%B7%E5%87%8D%E3%82%AE%E3%83%A7%E3%83%BC%E3%82%B6" n3="%77%72%77%72%77%72%77%72" dan="16,16,17,16" rate="2149.69,2095.08,2217.92,2182.14" sx="M,F,M,M"/><TAIKYOKU oya="0"/><INIT seed="0,0,0,5,1,101" ten="250,250,250,250" oya="0" hai0="97,31,76,5,9,133,53,100,134,25,96,127,95" hai1="117,94,89,80,24,65,118,17,35,27,15,16,103" hai2="37,67,102,8,78,112,18,11,91,110,21,81,58" hai3="90,109,115,130,48,124,64,60,132,70,69,125,19"/><T47/><D76/><U106/><E80/><V23/><F112/><W99/><G115/><T20/><D127/><N who="3" m="48713" /><G109/><T10/><D47/><U38/><E38/><V107/><F110/><W4/><G130/><T119/><D119/><U93/><E65/><V7/><F37/><W44/><G4/><T75/><D75/><U40/><E40/><V45/><F45/><W79/><G79/><T84/><D53/><U129/><E129/><V116/><F91/><W77/><G77/><T33/><D84/><U135/><E135/><N who="0" m="51721" /><D5/><U105/><E89/><V83/><F83/><W68/><G132/><T46/><D46/><U57/><E57/><V3/><F116/><W122/><G122/><T43/><D43/><U61/><E61/><V114/><F114/><W108/><G108/><T126/><D126/><U88/><E88/><V131/><F131/><W0/><G90/><N who="0" m="55415" /><D33/><U13/><E103/><V54/><F67/><W36/><G36/><T55/><D55/><U28/><E28/><V26/><F81/><W113/><G113/><T63/><D63/><U66/><E66/><V82/><F82/><W30/><G30/><T12/><D12/><U98/><E98/><V74/><F78/><W42/><G0/><T104/><AGARI ba="0,0" hai="9,10,20,25,31,97,100,104" m="55415,51721" machi="104" ten="30,3000,0" yaku="20,1,52,1" doraHai="101" who="0" fromWho="0" sc="250,30,250,-10,250,-10,250,-10" /><INIT seed="0,1,0,1,3,85" ten="280,240,240,240" oya="0" hai0="94,91,89,36,74,1,33,84,30,105,133,98,95" hai1="19,81,27,104,135,38,116,87,32,6,77,103,117" hai2="55,65,73,53,11,71,50,125,108,60,96,47,51" hai3="70,86,49,54,16,0,97,4,100,128,80,17,111"/><T12/><D1/><U57/><E38/><V120/><F73/><W14/><G70/><T41/><D133/><U61/><E135/><V126/><F11/><W39/><G39/><T20/><D74/><U34/><E6/><V134/><F134/><W63/><G63/><T52/><D105/><U75/><E75/><V119/><F96/><W72/><G72/><T122/><D122/><U82/><E82/><V2/><F2/><W79/><G0/><T8/><D33/><U107/><E34/><V130/><F120/><W45/><G111/><T24/><D36/><U123/><E123/><V114/><F114/><W3/><G3/><T127/><D127/><N who="2" m="48650" /><F130/><W90/><G79/><T7/><REACH who="0" step="1"/><D52/><REACH who="0" ten="270,240,240,240" step="2"/><U118/><E32/><V29/><F119/><W113/><G113/><T101/><D101/><U62/><E103/><V9/><F108/><W115/><G115/><T109/><D109/><U44/><E104/><V93/><F53/><W121/><G121/><T99/><D99/><U59/><E107/><V5/><F55/><W106/><REACH who="3" step="1"/><G128/><REACH who="3" ten="270,240,240,230" step="2"/><T22/><D22/><N who="1" m="13791" /><E117/><V23/><F23/><W46/><G46/><T64/><D64/><N who="1" m="38959" /><E116/><V124/><F124/><W88/><G88/><T48/><D48/><U83/><E118/><V31/><F51/><W58/><G58/><T66/><D66/><N who="1" m="39263" /><E44/><V37/><F47/><W68/><G68/><T18/><D18/><U10/><E77/><V78/><F78/><W132/><G132/><T129/><D129/><U40/><E40/><AGARI ba="1,2" hai="7,8,12,20,24,30,40,41,84,89,91,94,95,98" machi="40" ten="40,12000,1" yaku="1,1,8,1,52,2,53,0" doraHai="85" doraHaiUra="76" who="0" fromWho="1" sc="270,143,240,-123,240,0,230,0" /><INIT seed="0,2,0,5,1,7" ten="413,117,240,230" oya="0" hai0="58,62,46,115,47,77,22,1,134,11,69,123,103" hai1="132,85,34,75,25,122,89,90,73,63,135,23,121" hai2="113,4,102,127,50,96,44,30,91,110,125,12,81" hai3="66,20,80,72,59,2,61,68,14,118,28,45,33"/><T41/><D115/><U88/><E34/><V5/><F113/><W49/><G118/><T24/><D123/><U128/><E63/><V101/><F110/><W86/><G2/><T107/><D134/><N who="1" m="51243" /><E23/><V6/><F30/><W67/><G72/><N who="1" m="27722" /><E25/><V0/><F0/><W40/><G33/><T9/><D69/><U126/><E126/><N who="2" m="48139" /><F81/><W117/><G117/><T65/><D77/><U104/><E128/><V57/><F91/><N who="1" m="34889" /><E104/><V16/><F57/><W56/><G67/><T71/><D71/><U48/><E48/><V52/><F96/><W131/><G131/><T114/><D114/><U112/><E112/><V36/><F36/><W82/><G82/><AGARI ba="2,0" hai="82,85,90,121,122" m="34889,27722,51243" machi="82" ten="30,7700,0" yaku="20,1,34,2,54,1" doraHai="7" who="1" fromWho="3" sc="413,0,117,83,240,0,230,-83" /><INIT seed="1,0,0,3,3,40" ten="413,200,240,147" oya="1" hai0="74,8,57,123,88,52,73,98,124,15,102,27,104" hai1="39,128,44,114,92,107,1,112,125,17,96,94,20" hai2="131,18,72,77,6,106,43,101,16,84,108,69,21" hai3="10,54,130,62,25,129,46,93,24,61,83,31,91"/><U109/><E1/><V97/><F108/><W110/><G110/><T26/><D124/><U68/><E68/><V111/><F111/><W81/><G10/><T67/><D67/><U59/><E109/><V78/><F131/><N who="3" m="50187" /><G61/><T118/><D118/><U12/><E125/><V23/><F72/><W3/><G3/><T135/><D135/><U70/><E70/><V4/><F69/><W113/><G113/><T95/><D123/><U2/><E2/><V32/><F32/><N who="3" m="20583" /><G25/><T75/><D102/><U11/><E128/><V29/><F29/><W0/><G0/><T100/><D100/><U22/><E112/><V37/><F4/><W13/><G13/><T82/><D82/><U60/><E114/><V87/><F6/><W71/><G71/><T48/><REACH who="0" step="1"/><D104/><REACH who="0" ten="403,200,240,147" step="2"/><U117/><E107/><V76/><F101/><W90/><G81/><T105/><D105/><U38/><E117/><V51/><F106/><W132/><G83/><T119/><D119/><U19/><E92/><V89/><F76/><W45/><G132/><T80/><D80/><U58/><E94/><N who="2" m="56527" /><F77/><W30/><G93/><T9/><D9/><U116/><E11/><V41/><F78/><W64/><G64/><T33/><D33/><U5/><E116/><V35/><F35/><W120/><G120/><T14/><D14/><U133/><E133/><V34/><F34/><W86/><G86/><T127/><D127/><U47/><E12/><V28/><F87/><W126/><G126/><T79/><D79/><U56/><E96/><V115/><F84/><W65/><G65/><T42/><D42/><U36/><E20/><RYUUKYOKU ba="0,1" sc="403,30,200,-10,240,-10,147,-10" hai0="8,15,26,27,48,52,57,73,74,75,88,95,98" /><INIT seed="2,1,1,1,1,98" ten="433,190,230,137" oya="2" hai0="104,103,25,21,31,44,36,51,8,128,55,45,77" hai1="12,34,46,41,121,83,66,6,125,123,85,29,33" hai2="35,116,0,111,17,71,37,32,94,40,106,75,67" hai3="63,91,95,110,62,122,19,99,81,96,50,124,54"/><V56/><F56/><W70/><G110/><T102/><D104/><U114/><E114/><V86/><F94/><W118/><G124/><T107/><D107/><U42/><E125/><V49/><F86/><W53/><G118/><T72/><D128/><U87/><E66/><V27/><F49/><W113/><G113/><T82/><REACH who="0" step="1"/><D8/><REACH who="0" ten="423,190,230,137" step="2"/><U4/><E121/><V134/><F106/><W39/><G122/><T24/><D24/><U2/><E123/><V100/><F27/><W58/><G39/><T92/><D92/><U88/><E83/><V65/><F37/><W43/><G81/><T90/><D90/><U93/><E88/><V10/><F10/><W112/><G112/><T26/><D26/><U60/><E93/><V105/><F105/><W5/><G91/><T1/><D1/><U47/><E2/><V79/><F0/><W57/><G95/><T126/><D126/><U115/><E115/><V133/><F116/><W15/><G15/><T130/><D130/><U76/><E12/><V30/><F133/><W132/><G132/><T120/><D120/><U18/><E76/><V22/><F79/><W73/><G99/><T117/><D117/><U20/><E20/><V127/><F22/><W7/><G96/><T23/><D23/><U109/><E34/><V68/><F32/><W101/><G70/><T119/><D119/><U52/><E33/><V78/><F35/><W61/><G73/><T97/><D97/><U38/><E38/><V69/><F127/><W129/><G129/><T28/><D28/><U11/><E29/><V108/><F134/><W80/><G80/><RYUUKYOKU ba="1,2" sc="423,30,190,-10,230,-10,137,-10" hai0="21,25,31,36,44,45,51,55,72,77,82,102,103" /><INIT seed="3,2,2,3,3,98" ten="453,180,220,127" oya="3" hai0="132,110,95,8,81,135,88,49,31,6,65,42,75" hai1="13,113,102,125,20,86,72,40,35,50,60,38,27" hai2="128,79,43,114,64,66,104,9,127,87,41,26,89" hai3="119,92,84,2,44,23,47,63,94,77,7,55,24"/><W52/><G119/><T14/><D65/><U78/><E72/><V11/><F104/><W126/><G126/><T93/><D31/><U33/><E113/><V120/><F114/><W21/><G2/><T105/><D105/><U109/><E125/><V53/><F79/><W83/><G7/><T129/><D110/><U32/><E109/><V69/><F128/><W118/><G118/><T117/><D117/><U34/><E38/><V57/><F26/><W56/><G21/><T67/><D67/><N who="2" m="25642" /><F120/><W76/><G76/><N who="0" m="44191" /><D88/><U124/><E124/><V37/><F37/><W73/><G73/><T46/><D129/><U15/><E60/><V121/><F69/><W115/><G115/><T116/><D116/><U10/><E10/><N who="2" m="3595" /><F121/><W91/><G55/><T25/><D25/><U5/><E5/><V58/><F58/><W19/><REACH who="3" step="1"/><G94/><REACH who="3" ten="453,180,220,117" step="2"/><T70/><D70/><U30/><E35/><V99/><F127/><W122/><G122/><T108/><D108/><U100/><E33/><V112/><F112/><W106/><G106/><T28/><D28/><U74/><E74/><V133/><F133/><AGARI ba="2,3" hai="6,8,14,42,46,49,93,95,132,133,135" m="44191" machi="133" ten="30,1000,0" yaku="20,1" doraHai="98" who="0" fromWho="2" sc="453,46,180,0,220,-16,117,0" owari="499,59.9,180,-22.0,204,0.4,117,-38.3" /></mjloggm>