<mjloggm ver="2.3"><GO type="225" lobby="0"/><UN n0="%E3%81%8F%E3%82%8A%E3%83%94%E3%83%BC" n1="%E3%81%95%E3%81%8D%E3%81%9F%E3%81%BE%E6%9E%97%E6%AA%8E" n2="%E8%81%B7%E6%A5%AD%E3%80%81%E9%A2%A8%32" n3="%E3%81%A1%E3%82%85%E3%81%86%E3%81%A9%E3%81%8F%E8%B1%A1%E3%81%95%E3%82%93" dan="16,16,16,17" rate="2104.09,2172.48,2104.41,2133.62" sx="M,M,M,M"/><TAIKYOKU oya="0"/><INIT seed="0,0,0,1,2,63" ten="250,250,250,250" oya="0" hai0="133,112,75,113,53,76,40,73,54,48,120,56,86" hai1="46,55,128,15,108,92,37,16,95,72,67,111,8" hai2="38,31,0,44,11,88,74,125,117,43,83,121,14" hai3="50,70,45,39,109,116,100,12,19,34,126,71,69"/><T97/><D120/><U105/><E105/><V90/><F125/><W102/><G116/><T27/><D40/><U18/><E72/><V93/><F121/><W119/><G119/><T89/><D133/><U80/><E128/><V66/><F117/><W17/><G126/><T87/><D97/><U52/><E80/><V114/><F114/><W91/><G109/><N who="1" m="42058" /><E18/><V21/><F66/><W36/><G34/><T132/><D132/><U103/><E67/><V57/><F57/><W122/><G91/><T59/><D27/><U135/><E135/><V9/><F0/><W104/><G122/><T131/><D89/><U20/><E20/><V134/><F134/><W79/><G79/><T85/><D131/><U84/><E84/><V107/><F107/><W29/><G29/><T82/><REACH who="0" step="1"/><D75/><REACH who="0" ten="240,250,250,250" step="2"/><U129/><E129/><V22/><F74/><W98/><G102/><T23/><D23/><U1/><E103/><V10/><F22/><W124/><G124/><T123/><D123/><U101/><E101/><V127/><F127/><W42/><REACH who="3" step="1"/><G17/><REACH who="3" ten="240,250,250,240" step="2"/><T61/><AGARI ba="0,2" hai="48,53,54,56,59,61,73,76,82,85,86,87,112,113" machi="61" ten="30,6000,0" yaku="1,1,0,1,53,1" doraHai="63" doraHaiUra="58" who="0" fromWho="0" sc="240,80,250,-20,250,-20,240,-20" /><INIT seed="0,1,0,5,1,21" ten="320,230,230,220" oya="0" hai0="88,32,19,2,52,63,70,59,81,106,25,87,47" hai1="115,12,122,132,124,26,120,64,15,118,127,105,30" hai2="45,108,29,22,94,62,31,84,129,20,57,38,75" hai3="33,112,79,58,131,43,80,66,27,34,74,71,28"/><T119/><D119/><U7/><E105/><V86/><F108/><W111/><G112/><T93/><D106/><U48/><E48/><V53/><F75/><W135/><G111/><T78/><D2/><U98/><E98/><V96/><F129/><W114/><G114/><T16/><D70/><U102/><E102/><V110/><F110/><W121/><G131/><T55/><D55/><U13/><E64/><V5/><F5/><W23/><G121/><N who="1" m="46698" /><E115/><V1/><F1/><W104/><G104/><T17/><D47/><U67/><E67/><V128/><F128/><W39/><G135/><T60/><D63/><U51/><E51/><N who="2" m="28911" /><F38/><W100/><G100/><T37/><D37/><U46/><E46/><V130/><F86/><W133/><G133/><T91/><REACH who="0" step="1"/><D93/><REACH who="0" ten="310,230,230,220" step="2"/><U126/><E132/><V50/><F130/><W85/><G71/><T49/><D49/><U92/><E92/><V10/><F50/><W103/><G39/><T40/><D40/><U113/><E118/><V68/><F68/><W41/><G43/><T107/><D107/><U36/><E36/><V116/><F116/><W76/><G41/><T95/><D95/><U77/><E113/><V90/><F62/><W65/><G66/><T9/><D9/><N who="1" m="4159" /><E77/><V56/><F94/><W11/><G65/><T18/><N who="0" m="4096" /><DORA hai="0" /><T54/><D54/><U35/><AGARI ba="1,1" hai="13,15,26,30,35,124,126,127" m="4159,46698" machi="35" ten="40,8000,1" yaku="18,1,34,2,52,2" doraHai="21,0" who="1" fromWho="1" sc="310,-41,230,93,230,-21,220,-21" /><INIT seed="1,0,0,2,0,101" ten="269,323,209,199" oya="1" hai0="135,32,19,74,65,0,80,42,87,60,116,134,123" hai1="45,105,46,57,84,15,73,89,36,61,121,100,33" hai2="75,98,110,3,131,5,70,85,112,50,29,132,12" hai3="17,124,27,7,125,55,95,54,34,11,91,129,102"/><U22/><E121/><V18/><F110/><W35/><G102/><T67/><D116/><U128/><E73/><V68/><F75/><W104/><G129/><T99/><D74/><U40/><E33/><V20/><F131/><W31/><G34/><T56/><D0/><U119/><E119/><V43/><F132/><N who="0" m="50730" /><D123/><U47/><E128/><V107/><F112/><W103/><G17/><T108/><D108/><U48/><E36/><V113/><F113/><W28/><G28/><T6/><D6/><U117/><E117/><V76/><F29/><W49/><G103/><T69/><D99/><U120/><E120/><V130/><F98/><N who="3" m="57727" /><G104/><T59/><D32/><U88/><E105/><V118/><F107/><W94/><G94/><T90/><D42/><U4/><E100/><V78/><F130/><W114/><G49/><T24/><D67/><N who="1" m="39343" /><E89/><V39/><F39/><W41/><G41/><T13/><D24/><U127/><E127/><N who="3" m="48714" /><G114/><T81/><D80/><N who="1" m="49159" /><E4/><V1/><F5/><W66/><G66/><T64/><D65/><U111/><E111/><V109/><F109/><W51/><G51/><T77/><D90/><U71/><E71/><V86/><F68/><W10/><G10/><AGARI ba="0,0" hai="10,13,19,56,59,60,64,69,77,81,87" m="50730" machi="10" ten="30,1000,0" yaku="20,1" doraHai="101" who="0" fromWho="3" sc="269,10,323,0,209,0,199,-10" /><INIT seed="2,0,0,4,5,39" ten="279,323,209,189" oya="2" hai0="103,15,124,18,57,13,86,48,62,89,63,102,69" hai1="24,53,37,40,88,65,113,104,73,68,131,41,0" hai2="14,52,27,119,98,135,75,129,5,50,105,10,123" hai3="120,25,4,44,70,92,60,125,23,85,1,47,96"/><V78/><F123/><W45/><G120/><T99/><D124/><U80/><E37/><V74/><F119/><W90/><G125/><T51/><D69/><U34/><E104/><V6/><F129/><W84/><G1/><T112/><D13/><U107/><E107/><V115/><F115/><W76/><G4/><T110/><D110/><U43/><E113/><V3/><F135/><W59/><G70/><T81/><D63/><U11/><E68/><V128/><F128/><W9/><G9/><T46/><D112/><U26/><E65/><V30/><F3/><W93/><G76/><T19/><D19/><U130/><E130/><V28/><F6/><W95/><G96/><T116/><D99/><U106/><E106/><V2/><F2/><W58/><G90/><T82/><D51/><U109/><E73/><V55/><F55/><W36/><G36/><T77/><D82/><U54/><E34/><V67/><F67/><W87/><REACH who="3" step="1"/><G60/><REACH who="3" ten="279,323,209,179" step="2"/><T17/><D77/><U100/><E131/><V8/><F8/><W16/><AGARI ba="0,1" hai="16,23,25,44,45,47,58,59,84,85,87,92,93,95" machi="16" ten="40,16000,3" yaku="1,1,2,1,0,1,29,2,8,1,54,1,53,3" doraHai="39" doraHaiUra="42" who="3" fromWho="3" sc="279,-40,323,-40,209,-80,179,170" /><INIT seed="3,0,0,2,2,24" ten="239,283,129,349" oya="3" hai0="101,133,2,79,67,55,11,60,25,65,32,1,114" hai1="112,28,120,76,21,95,96,61,127,64,68,30,116" hai2="91,12,125,48,105,86,80,103,102,13,115,71,41" hai3="42,47,8,23,20,54,106,108,0,90,57,31,40"/><W135/><G106/><T4/><D133/><U7/><E112/><V109/><F71/><W34/><G90/><T62/><D114/><U92/><E120/><V117/><F115/><W51/><G40/><T19/><D55/><U53/><E76/><V83/><F117/><W38/><G108/><T94/><D79/><U26/><E116/><V10/><F109/><W18/><G135/><T87/><D1/><U74/><E74/><V111/><F111/><W9/><G0/><T46/><D46/><U22/><E127/><V134/><F134/><W56/><G56/><T84/><D101/><U128/><E128/><V77/><F125/><W63/><G34/><T72/><D94/><U35/><E7/><V129/><F13/><N who="3" m="9295" /><G38/><T113/><D72/><U104/><E53/><V59/><F105/><W29/><G23/><N who="1" m="8714" /><E30/><AGARI ba="0,0" hai="8,9,29,30,31,42,47,51,54,57,63" m="9295" machi="30" ten="30,11600,0" yaku="8,1,52,3" doraHai="24" who="3" fromWho="1" sc="239,0,283,-116,129,0,349,116" owari="239,3.9,167,-23.3,129,-37.1,465,56.5" /></mjloggm>