<mjloggm ver="2.3"><GO type="225" lobby="0"/><UN n0="%E3%81%95%E3%81%8D%E3%81%9F%E3%81%BE%E6%9E%97%E6%AA%8E" n1="%E5%80%89%E6%A9%8B%EF%BC%A0%E4%BA%8B%E5%8B%99" n2="%E9%B3%B3%E6%9D%B1%E3%81%AE%E3%81%86%E3%81%95%E3%81%8E%E3%81%95%E3%82%93" n3="%E3%83%A9%E3%83%96%E3%83%AC%E3%83%BC" dan="16,16,16,18" rate="2118.90,2099.62,2159.52,2270.97" sx="M,M,M,M"/><TAIKYOKU oya="0"/><INIT seed="0,0,0,0,5,49" ten="250,250,250,250" oya="0" hai0="130,52,32,93,84,66,59,112,29,51,60,118,131" hai1="46,30,122,53,134,55,44,106,8,128,110,64,96" hai2="94,117,9,42,14,85,91,6,95,39,7,10,19" hai3="90,26,23,13,38,20,58,28,36,82,127,17,41"/><T76/><D112/><U119/><E119/><V86/><F117/><W125/><G41/><T18/><D118/><U102/><E122/><V65/><F65/><W21/><G82/><T89/><D76/><U80/><E128/><N who="0" m="49193" /><D18/><U5/><E134/><V31/><F31/><W74/><G74/><T62/><D66/><U135/><E135/><V115/><F115/><W0/><G0/><T61/><D29/><U111/><E64/><V126/><F126/><N who="3" m="48139" /><G90/><T120/><D32/><U12/><E30/><V34/><F34/><N who="3" m="20759" /><G58/><T108/><D108/><N who="1" m="41515" /><E80/><V109/><F109/><W124/><N who="3" m="48147" /><W83/><DORA hai="100" /><G83/><T72/><D72/><U73/><E73/><V98/><F42/><W101/><G101/><T81/><D81/><U47/><AGARI ba="0,0" hai="5,8,12,44,46,47,53,55,96,102,106" m="41515" machi="47" ten="30,7900,0" yaku="14,1,52,3" doraHai="49,100" who="1" fromWho="1" sc="250,-39,250,79,250,-20,250,-20" /><INIT seed="1,0,0,4,5,51" ten="211,329,230,230" oya="1" hai0="43,30,67,100,125,134,80,132,60,27,104,52,115" hai1="61,26,79,7,23,4,69,118,130,103,133,38,15" hai2="94,58,32,86,101,55,59,105,97,47,106,102,88" hai3="54,17,135,124,40,127,76,72,34,42,98,77,74"/><U28/><E118/><V64/><F32/><W29/><G34/><T3/><D115/><U0/><E0/><V45/><F64/><W37/><G29/><T112/><D112/><U5/><E38/><V71/><F71/><W84/><G37/><T65/><D125/><U85/><E130/><V48/><F45/><W122/><G98/><AGARI ba="0,0" hai="47,48,55,58,59,86,88,94,97,98,101,102,105,106" machi="98" ten="40,5200,0" yaku="9,1,52,1,54,1" doraHai="51" who="2" fromWho="3" sc="211,0,329,0,230,52,230,-52" /><INIT seed="2,0,0,2,4,64" ten="211,329,282,178" oya="2" hai0="80,86,16,122,100,84,7,115,102,27,6,36,114" hai1="112,46,3,93,96,61,23,54,82,51,111,12,1" hai2="67,79,30,15,72,26,47,58,41,17,56,28,119" hai3="33,42,103,104,90,53,81,45,75,132,94,62,135"/><V39/><F119/><W60/><G33/><T117/><D122/><U66/><E112/><V87/><F72/><W59/><G104/><T4/><D36/><U22/><E111/><V52/><F67/><W32/><G32/><T65/><D65/><U0/><E82/><V24/><F24/><W92/><G103/><T73/><D73/><U19/><E23/><V91/><F79/><W127/><G127/><T129/><D129/><U8/><E22/><V85/><F56/><W121/><G121/><T126/><D126/><U113/><E113/><V69/><F69/><W34/><G34/><T13/><D27/><U63/><REACH who="1" step="1"/><E66/><REACH who="1" ten="211,319,282,178" step="2"/><V88/><F26/><W116/><G116/><T48/><D115/><U70/><E70/><V43/><F28/><W44/><G81/><T120/><D114/><U29/><E29/><V123/><F30/><W106/><G75/><T130/><D80/><U55/><E55/><V21/><F123/><W98/><G132/><T124/><D117/><U57/><E57/><V40/><F58/><W74/><G74/><T38/><D120/><U108/><E108/><V35/><F35/><W83/><G135/><T107/><D124/><U118/><E118/><V31/><F31/><W20/><G83/><T128/><D130/><U131/><E131/><V11/><F21/><W95/><G20/><T125/><D125/><U101/><AGARI ba="0,1" hai="0,1,3,8,12,19,46,51,54,61,63,93,96,101" machi="101" ten="30,4000,0" yaku="1,1,0,1,53,1" doraHai="64" doraHaiUra="10" who="1" fromWho="1" sc="211,-10,319,50,282,-20,178,-10" /><INIT seed="3,0,0,1,0,0" ten="201,369,262,168" oya="3" hai0="27,85,14,82,68,44,123,96,7,62,37,21,51" hai1="112,33,131,4,71,119,47,129,15,132,42,84,29" hai2="72,30,127,25,20,17,103,67,104,124,59,34,74" hai3="53,9,45,100,83,38,97,12,86,22,6,50,65"/><W120/><G120/><T128/><D123/><U31/><E112/><V135/><F135/><W101/><G38/><T77/><D128/><N who="1" m="49227" /><E71/><V40/><F40/><W18/><G97/><T46/><D37/><N who="1" m="21967" /><E132/><V57/><F103/><W130/><G65/><T106/><D106/><U88/><E33/><V93/><F93/><W2/><REACH who="3" step="1"/><G130/><REACH who="3" ten="201,369,262,158" step="2"/><T54/><D96/><U91/><E119/><V133/><F133/><W118/><G118/><T56/><D68/><U19/><E31/><V32/><F67/><W35/><G35/><T73/><D73/><U78/><E29/><V10/><F34/><W109/><G109/><T39/><D39/><U3/><E84/><V98/><F72/><W23/><G23/><T41/><D21/><U80/><E78/><AGARI ba="0,1" hai="2,6,9,12,18,22,45,50,53,78,83,86,100,101" machi="78" ten="30,5800,0" yaku="1,1,7,1,52,1,53,0" doraHai="0" doraHaiUra="105" who="3" fromWho="1" sc="201,0,369,-58,262,0,158,68" /><INIT seed="3,1,0,3,2,53" ten="201,311,262,226" oya="3" hai0="121,51,111,134,65,101,97,41,84,4,96,39,122" hai1="33,118,2,52,13,73,106,80,27,38,112,81,62" hai2="59,31,102,60,10,34,19,74,113,123,20,0,46" hai3="110,116,22,87,56,5,82,54,77,47,26,21,104"/><W120/><G116/><T90/><D39/><U129/><E112/><V114/><F74/><W36/><G120/><T70/><D111/><U66/><E38/><V24/><F123/><W108/><G104/><T88/><D134/><U78/><E2/><V109/><F109/><N who="3" m="42091" /><G5/><T117/><D117/><U15/><E106/><V89/><F46/><W1/><G1/><T100/><D70/><U86/><E118/><V64/><F89/><N who="0" m="34410" /><D65/><U99/><E99/><N who="0" m="37961" /><D122/><U72/><E66/><V68/><F102/><N who="0" m="39530" /><D121/><U16/><E33/><V133/><F133/><W132/><G132/><T63/><D4/><U127/><E73/><V29/><F68/><W91/><G91/><T79/><D63/><U11/><E72/><V85/><F85/><W32/><G32/><T92/><D92/><U83/><E86/><V124/><F124/><W14/><G14/><T93/><D93/><U126/><E15/><V7/><F31/><W131/><G131/><T57/><D41/><U71/><E129/><V115/><F114/><W135/><G135/><T49/><D57/><N who="1" m="35111" /><E71/><V58/><F59/><W25/><G26/><AGARI ba="1,0" hai="0,7,10,19,20,24,26,29,34,58,60,64,113,115" machi="26" ten="30,2000,0" yaku="7,1,52,1" doraHai="53" who="2" fromWho="3" sc="201,0,311,0,262,23,226,-23" owari="201,-29.9,311,41.1,285,8.5,203,-19.7" /></mjloggm>