<mjloggm ver="2.3"><GO type="225" lobby="0"/><UN n0="%E6%98%93%E5%88%A9%E8%96%A9%E4%BC%AF" n1="%E5%80%89%E6%A9%8B%EF%BC%A0%E4%BA%8B%E5%8B%99" n2="%E3%81%B7%E3%82%8A%E3%82%93%E8%81%96%E4%BA%BA" n3="%4D%50%43%32%38%30%30" dan="16,16,16,16" rate="2151.83,2084.23,2167.83,2177.02" sx="F,M,M,M"/><TAIKYOKU oya="0"/><INIT seed="0,0,0,1,2,63" ten="250,250,250,250" oya="0" hai0="10,14,128,46,123,134,59,9,70,37,132,91,69" hai1="11,79,24,58,97,89,25,30,32,96,55,78,103" hai2="22,0,60,61,21,53,51,100,4,106,33,48,110" hai3="15,43,118,12,72,94,101,17,18,114,111,104,35"/><T7/><D123/><U119/><E119/><V99/><F33/><W38/><G118/><T98/><D128/><U113/><E113/><V40/><F110/><W73/><G35/><T45/><D98/><U127/><E127/><V41/><F0/><W130/><G114/><T83/><D83/><U88/><E24/><V3/><F3/><W52/><G104/><T126/><D91/><U68/><E11/><V115/><F4/><W64/><G43/><T107/><D107/><U29/><E29/><V5/><F5/><W62/><G38/><T80/><D80/><U54/><E68/><V66/><F61/><W121/><G111/><T92/><D92/><U65/><E55/><V117/><F115/><W129/><G121/><T39/><D59/><U112/><E112/><V44/><F41/><W71/><G52/><T77/><D7/><U50/><E65/><V124/><F124/><W6/><G6/><T81/><D81/><U122/><E122/><V26/><F26/><W84/><G73/><T95/><D95/><U36/><E36/><V87/><F87/><W102/><G72/><T13/><REACH who="0" step="1"/><D126/><REACH who="0" ten="240,250,250,250" step="2"/><U20/><E96/><V108/><F117/><W42/><G94/><T31/><D31/><U16/><E89/><V23/><F108/><W47/><G101/><T67/><D67/><U56/><E56/><N who="2" m="37127" /><F106/><W2/><G102/><T34/><D34/><U135/><E103/><V1/><F100/><W82/><G2/><T109/><D109/><U86/><E97/><V85/><F99/><W74/><G74/><T27/><D27/><N who="1" m="14727" /><E135/><V105/><F105/><W49/><G82/><AGARI ba="0,1" hai="25,30,32,50,54,58,78,79,82,86,88" m="14727" machi="82" ten="30,3900,0" yaku="6,1,54,2" doraHai="63" who="1" fromWho="3" sc="240,0,250,49,250,0,250,-39" /><INIT seed="1,0,0,0,4,114" ten="240,299,250,211" oya="1" hai0="63,12,22,9,11,120,64,52,77,21,65,15,55" hai1="32,127,78,86,81,17,18,122,104,6,112,61,96" hai2="25,75,67,50,2,129,14,80,66,115,128,116,0" hai3="125,58,118,117,123,49,71,134,27,30,76,113,45"/><U29/><E112/><V13/><F115/><W28/><G113/><T99/><D77/><U46/><E122/><V126/><F50/><W85/><G71/><T42/><D99/><U37/><E127/><V110/><F126/><W100/><G125/><T89/><D89/><U105/><E6/><V73/><F25/><W54/><G123/><T5/><D120/><U51/><E37/><V87/><F87/><W70/><G70/><T34/><D34/><U24/><E61/><V131/><F110/><W35/><G134/><T132/><D132/><U107/><REACH who="1" step="1"/><E96/><REACH who="1" ten="240,289,250,211" step="2"/><V68/><F128/><W19/><G100/><T106/><D63/><U74/><E74/><V26/><F75/><W92/><G30/><T60/><D60/><U102/><E102/><V47/><F73/><W82/><G19/><T94/><D5/><U36/><E36/><V109/><F109/><W3/><G3/><T103/><D103/><U31/><E31/><V38/><F38/><W48/><REACH who="3" step="1"/><G92/><REACH who="3" ten="240,289,250,201" step="2"/><T88/><D94/><U124/><E124/><V135/><F2/><W133/><G133/><T4/><D4/><U8/><E8/><V7/><F0/><W119/><G119/><T108/><D108/><U111/><E111/><V23/><F7/><W121/><G121/><T41/><D106/><U101/><E101/><V56/><F135/><W83/><G83/><T98/><D98/><U44/><E44/><V97/><F47/><W20/><G20/><T16/><D16/><U79/><E79/><V39/><F97/><W90/><G90/><T1/><D88/><U43/><AGARI ba="0,2" hai="17,18,24,29,32,43,46,51,78,81,86,104,105,107" machi="43" ten="30,3000,0" yaku="1,1,0,1,53,0" doraHai="114" doraHaiUra="91" who="1" fromWho="1" sc="240,-10,289,50,250,-10,201,-10" /><INIT seed="1,1,0,3,4,98" ten="230,339,240,191" oya="1" hai0="131,65,56,116,126,97,13,123,114,112,28,68,90" hai1="54,55,58,19,117,107,38,122,44,89,4,47,66" hai2="82,49,27,30,135,77,62,124,129,15,99,3,92" hai3="57,41,93,46,109,133,75,87,128,40,52,34,78"/><U31/><E117/><V103/><F3/><W42/><G34/><T22/><D116/><U101/><E122/><V60/><F135/><W81/><G133/><T24/><D123/><U26/><E4/><V76/><F129/><W64/><G109/><T69/><D126/><U36/><E19/><V6/><F49/><W12/><G128/><T111/><D111/><U9/><E9/><V132/><F132/><W35/><G35/><T113/><D131/><U16/><E31/><V70/><F70/><W110/><G110/><T37/><D37/><U84/><E66/><V80/><F15/><W73/><G64/><T33/><D90/><U1/><E1/><V102/><F6/><W127/><G127/><T63/><D33/><U17/><E84/><V43/><F43/><W134/><G134/><T130/><D13/><U25/><E89/><V121/><F121/><W86/><G46/><T105/><REACH who="0" step="1"/><D130/><REACH who="0" ten="220,339,240,191" step="2"/><U20/><E36/><V85/><F124/><W50/><G12/><T72/><D72/><U118/><E38/><V59/><F102/><AGARI ba="1,1" hai="22,24,28,56,63,65,68,69,97,102,105,112,113,114" machi="102" ten="40,2600,0" yaku="1,1,52,1,53,0" doraHai="98" doraHaiUra="79" who="0" fromWho="2" sc="220,39,339,0,240,-29,191,0" /><INIT seed="2,0,0,0,4,6" ten="259,339,211,191" oya="2" hai0="58,33,94,48,90,112,49,78,98,62,57,1,40" hai1="51,22,110,11,20,23,131,61,44,134,135,41,9" hai2="133,99,115,104,29,67,43,92,91,28,53,117,71" hai3="8,16,3,4,68,32,42,83,81,84,122,106,54"/><V96/><F115/><W130/><G122/><T7/><D33/><U14/><E110/><V100/><F117/><W79/><G68/><T12/><D1/><U18/><E131/><V30/><F133/><N who="1" m="50697" /><E61/><V50/><F43/><W56/><G32/><T45/><D112/><U86/><E86/><V105/><F105/><W103/><G42/><T123/><D123/><U15/><E23/><V17/><F17/><AGARI ba="0,0" hai="9,11,14,15,17,18,20,22,41,44,51" m="50697" machi="17" ten="30,3900,0" yaku="20,1,52,2" doraHai="6" who="1" fromWho="2" sc="259,0,339,39,211,-39,191,0" /><INIT seed="3,0,0,5,0,50" ten="259,378,172,191" oya="3" hai0="134,11,117,25,88,65,44,13,24,133,116,111,41" hai1="86,26,75,64,110,22,42,36,14,73,63,58,102" hai2="37,119,112,99,4,81,8,17,69,120,16,43,31" hai3="35,77,105,113,3,2,55,71,83,89,52,51,9"/><W61/><G113/><T12/><D65/><U29/><E110/><V115/><F69/><W78/><G35/><T46/><D88/><U66/><E66/><V131/><F37/><W60/><G105/><T7/><D111/><U68/><E102/><V27/><F43/><W135/><G135/><N who="0" m="51723" /><D13/><U20/><E68/><V106/><F119/><N who="0" m="45642" /><D46/><U127/><E36/><AGARI ba="0,0" hai="7,11,12,24,25,36,41,44" m="45642,51723" machi="36" ten="30,1000,0" yaku="20,1" doraHai="50" who="0" fromWho="1" sc="259,10,378,-10,172,0,191,0" owari="269,6.9,368,46.8,172,-32.8,191,-20.9" /></mjloggm>