<mjloggm ver="2.3"><GO type="225" lobby="0"/><UN n0="%E3%83%81%E3%83%AF%E3%83%AF%E9%9A%8A%E9%95%B7" n1="%E6%9D%B1%E9%A2%A8%E3%81%AE%E3%81%8D%E3%82%83%E3%81%B7%E3%81%95%E3%82%93" n2="%E9%80%86%E9%80%A3%E5%B8%AF%E3%81%AE%E9%AC%BC" n3="%6D%75%75%73%61%6E%6D%75" dan="17,17,17,16" rate="2186.87,2179.77,2180.51,2124.40" sx="M,M,M,F"/><TAIKYOKU oya="0"/><INIT seed="0,0,0,5,0,50" ten="250,250,250,250" oya="0" hai0="36,1,87,68,25,119,20,86,109,118,103,106,10" hai1="62,65,23,39,57,69,125,18,5,0,114,76,126" hai2="29,77,82,81,70,60,30,31,27,47,34,75,78" hai3="96,52,74,6,24,94,105,108,64,90,13,99,102"/><T63/><D36/><U17/><E39/><V73/><REACH who="2" step="1"/><F47/><REACH who="2" ten="250,250,240,250" step="2"/><W85/><G108/><T12/><D109/><U83/><E114/><V132/><F132/><W133/><G133/><T37/><D119/><U42/><E42/><V124/><F124/><N who="1" m="47721" /><E69/><V56/><F56/><W7/><G74/><T26/><D68/><U21/><E0/><V71/><F71/><W32/><G64/><AGARI ba="0,1" hai="27,29,30,31,34,60,64,70,73,75,77,78,81,82" machi="64" ten="40,8000,1" yaku="21,2,9,1,53,1" doraHai="50" doraHaiUra="28" who="2" fromWho="3" sc="250,0,250,0,240,90,250,-80" /><INIT seed="1,0,0,0,0,117" ten="250,250,330,170" oya="1" hai0="78,109,87,15,19,84,42,28,7,23,100,120,11" hai1="45,62,34,76,46,14,13,67,101,22,97,0,53" hai2="130,85,27,105,58,70,69,113,48,114,74,90,8" hai3="44,133,41,128,131,82,71,121,72,83,5,37,115"/><U64/><E0/><V89/><F130/><N who="3" m="49707" /><G115/><T63/><D109/><U26/><E34/><V30/><F74/><W10/><G133/><T75/><D28/><U106/><E76/><V124/><F105/><W35/><G35/><T116/><D116/><U77/><E77/><V66/><F124/><W39/><G71/><T38/><D100/><U43/><E53/><V9/><F48/><N who="3" m="26639" /><G72/><T29/><D29/><U32/><E46/><V92/><F58/><W51/><G51/><T80/><D38/><N who="3" m="14345" /><G121/><T134/><D120/><U55/><E32/><V40/><F40/><W25/><G25/><T65/><D134/><U17/><E55/><V18/><F66/><W102/><G102/><T95/><D42/><U16/><E17/><V68/><F90/><W81/><G83/><T54/><D54/><U20/><E20/><V31/><F31/><W52/><G52/><T132/><D132/><U119/><E119/><V60/><F60/><W118/><G118/><T112/><D112/><N who="2" m="43114" /><F18/><W4/><G4/><T57/><REACH who="0" step="1"/><D95/><REACH who="0" ten="240,250,330,170" step="2"/><N who="1" m="58559" /><E67/><V2/><F30/><W99/><G99/><T33/><D33/><U47/><E106/><V98/><F92/><W93/><G93/><T123/><D123/><U12/><E43/><V108/><F98/><W36/><N who="3" m="14353" /><W122/><DORA hai="56" /><G122/><T91/><D91/><U59/><AGARI ba="0,1" hai="12,13,14,16,22,26,45,47,59,62,64" m="58559" machi="59" ten="30,6000,0" yaku="8,1,52,1,54,1" doraHai="117,56" who="1" fromWho="1" sc="240,-20,250,70,330,-20,170,-20" /><INIT seed="1,1,0,4,1,74" ten="220,320,310,150" oya="1" hai0="27,65,111,121,87,50,100,98,89,5,24,85,92" hai1="99,48,75,134,126,20,33,41,132,8,129,46,131" hai2="51,116,52,101,124,104,72,69,102,115,88,45,58" hai3="23,97,108,107,127,120,117,110,55,37,6,105,64"/><U135/><E33/><V133/><F116/><W16/><G120/><T53/><D121/><U40/><E75/><V3/><F115/><W47/><G117/><T78/><D111/><U90/><E20/><V60/><F3/><W18/><G127/><T67/><D5/><U109/><E8/><V0/><F133/><W1/><G64/><N who="0" m="24651" /><D85/><U49/><E90/><V36/><F0/><W29/><G29/><T21/><D21/><U91/><E91/><V73/><F69/><W82/><G6/><T86/><D86/><U11/><E99/><V32/><F32/><W63/><G1/><T76/><D24/><U28/><E11/><V66/><F36/><W15/><G97/><T128/><D27/><U43/><E28/><V62/><F124/><W39/><G18/><T59/><D128/><N who="1" m="49227" /><E109/><N who="3" m="42090" /><G82/><AGARI ba="1,0" hai="50,53,59,76,78,82,87,89,92,98,100" m="24651" machi="82" ten="30,3900,0" yaku="8,1,52,2" doraHai="74" who="0" fromWho="3" sc="220,42,320,0,310,0,150,-42" /><INIT seed="2,0,0,3,2,34" ten="262,320,310,108" oya="2" hai0="65,20,113,6,52,7,127,21,100,78,68,57,47" hai1="16,130,132,25,29,51,18,117,8,94,55,4,95" hai2="104,58,72,111,135,40,27,71,9,82,125,92,110" hai3="44,63,97,124,59,41,26,24,1,115,74,69,131"/><V2/><F71/><W17/><G74/><T3/><D113/><U128/><E132/><V12/><F104/><W121/><G121/><T126/><D68/><U61/><E61/><V32/><F135/><W108/><G69/><T43/><D65/><U23/><E117/><V19/><F125/><N who="0" m="47626" /><D100/><U105/><E105/><V77/><F40/><W87/><G124/><T84/><D84/><U33/><E95/><V80/><F80/><W54/><G115/><T13/><D78/><U89/><E33/><V53/><F2/><W96/><G108/><N who="2" m="41513" /><F92/><W37/><G131/><N who="1" m="50218" /><E89/><V28/><F53/><W60/><G87/><T107/><D107/><U90/><E90/><V31/><F31/><W91/><G96/><T14/><D43/><U42/><E94/><V64/><F58/><W39/><G63/><T98/><D57/><N who="1" m="33023" /><E42/><V106/><F106/><W88/><G97/><T73/><D98/><U45/><E45/><V102/><F64/><W133/><G133/><T109/><D47/><U122/><E122/><V134/><F134/><W62/><G37/><T49/><D109/><U35/><E35/><V30/><F30/><W99/><G99/><T48/><D52/><U81/><E81/><V119/><F102/><W123/><G62/><T85/><D48/><U5/><E29/><V86/><F119/><W116/><G116/><T56/><D56/><U10/><E10/><V120/><F120/><W70/><G123/><T0/><D49/><U66/><E66/><V46/><F46/><W83/><G70/><T38/><D38/><U118/><E118/><V36/><F36/><W15/><G39/><RYUUKYOKU ba="0,0" sc="262,-15,320,15,310,15,108,-15" hai1="4,5,8,16,18,23,25" hai2="9,12,19,27,28,32,72,77,82,86" /><INIT seed="2,1,0,4,4,119" ten="247,335,325,93" oya="2" hai0="70,69,49,20,35,116,106,29,97,13,100,64,56" hai1="101,58,131,50,110,86,122,126,9,134,108,26,130" hai2="11,76,62,88,115,96,75,6,54,67,22,41,83" hai3="107,123,91,47,90,80,52,44,12,43,14,89,60"/><V103/><F115/><W7/><G107/><T121/><D35/><U127/><E101/><V19/><F41/><W95/><G123/><T71/><D116/><U33/><E86/><V84/><F54/><W102/><G80/><T16/><D29/><N who="1" m="19639" /><E9/><V79/><F75/><W82/><G82/><T8/><D121/><U38/><E38/><V124/><F124/><N who="1" m="47657" /><E122/><V109/><F109/><N who="1" m="42089" /><E134/><V1/><F22/><W27/><G7/><T55/><REACH who="0" step="1"/><D8/><REACH who="0" ten="237,335,325,93" step="2"/><U34/><E34/><V59/><REACH who="2" step="1"/><F19/><REACH who="2" ten="237,335,315,93" step="2"/><W68/><G27/><T99/><D99/><U36/><E36/><V72/><F72/><W23/><G23/><T120/><D120/><U61/><E50/><V112/><F112/><W133/><G133/><T42/><D42/><U46/><E46/><V132/><F132/><W18/><G44/><T3/><D3/><U93/><E61/><AGARI ba="1,2" hai="13,16,20,49,55,56,61,64,69,70,71,97,100,106" machi="61" ten="40,5200,0" yaku="1,1,54,1,53,1" doraHai="119" doraHaiUra="10" who="0" fromWho="1" sc="237,75,335,-55,315,0,93,0" /><INIT seed="3,0,0,0,1,38" ten="312,280,315,93" oya="3" hai0="53,2,122,115,78,107,127,64,31,51,132,25,72" hai1="39,124,62,119,26,71,84,88,99,18,117,15,67" hai2="108,91,93,130,61,8,92,121,50,95,27,133,77" hai3="6,54,55,100,16,24,82,17,73,104,52,58,59"/><W42/><G6/><T28/><D122/><U118/><E39/><V123/><F133/><W126/><G104/><T81/><D2/><U46/><E46/><V111/><F130/><W97/><G126/><T13/><D107/><U33/><E99/><V10/><F77/><W23/><G73/><T102/><D127/><U19/><E124/><V112/><F112/><W109/><G109/><N who="2" m="42057" /><F91/><W35/><G82/><T69/><D115/><U65/><E65/><V66/><F50/><W89/><G35/><T128/><D128/><U79/><E79/><V11/><F27/><W5/><G100/><T12/><D132/><U63/><E63/><V125/><F125/><W90/><G5/><T103/><D31/><N who="1" m="19703" /><E15/><V48/><F48/><W86/><G42/><T85/><D72/><U129/><E129/><V114/><F114/><W113/><G113/><T105/><D105/><U14/><E14/><V76/><F76/><W120/><G120/><T70/><D103/><U131/><E131/><V74/><F74/><W56/><G97/><T116/><D102/><U57/><E71/><AGARI ba="0,0" hai="8,10,11,61,66,71,92,93,95,121,123" m="42057" machi="71" ten="40,1300,0" yaku="14,1" doraHai="38" who="2" fromWho="1" sc="312,0,280,-13,315,13,93,0" owari="312,11.2,267,-13.3,328,42.8,93,-40.7" /></mjloggm>