<mjloggm ver="2.3"><GO type="225" lobby="0"/><UN n0="%E3%82%B2%E3%82%B9%E8%8C%82%E5%8B%9D" n1="%E9%A2%A8%E3%81%A7%E9%B3%B4%E3%81%8F" n2="%74%61%6B%75%61%6B%61" n3="%28%EF%BF%A3%E2%96%BD%EF%BF%A3%29%CE%B4%E2%8C%92%E3%83%BB" dan="16,16,16,16" rate="2077.75,2159.12,2125.98,2145.19" sx="F,M,M,M"/><TAIKYOKU oya="0"/><INIT seed="0,0,0,4,3,96" ten="250,250,250,250" oya="0" hai0="1,11,75,101,123,9,128,79,82,102,99,65,15" hai1="27,108,0,135,90,16,133,94,41,30,10,104,132" hai2="5,38,121,77,120,33,69,109,97,53,74,88,34" hai3="66,119,51,115,23,98,100,61,45,19,105,129,106"/><T84/><D128/><U7/><E104/><V6/><F69/><W44/><G129/><T50/><D123/><U60/><E108/><V89/><F38/><W80/><G119/><T17/><D65/><U126/><E126/><V131/><F131/><W92/><G80/><T64/><D64/><U52/><E41/><V8/><F109/><W29/><G115/><T71/><D71/><U62/><E52/><V2/><F77/><W72/><G72/><T91/><D99/><U117/><E117/><V85/><F74/><W12/><G29/><T31/><D31/><U48/><E48/><V46/><F97/><W122/><G122/><T40/><D40/><U26/><E26/><V107/><F107/><W113/><G45/><T18/><D50/><U21/><REACH who="1" step="1"/><E30/><REACH who="1" ten="250,240,250,250" step="2"/><V25/><F25/><W4/><G113/><T87/><D75/><U118/><E118/><V54/><F46/><W67/><G67/><T35/><D35/><U24/><E24/><V22/><F33/><W42/><REACH who="3" step="1"/><G4/><REACH who="3" ten="250,240,250,240" step="2"/><T36/><D36/><U78/><E78/><V68/><F5/><W95/><G95/><N who="0" m="54759" /><D1/><U70/><E70/><AGARI ba="0,2" hai="12,19,23,42,44,51,61,66,70,92,98,100,105,106" machi="70" ten="30,3900,0" yaku="1,1,7,1,52,1,53,0" doraHai="96" doraHaiUra="116" who="3" fromWho="1" sc="250,0,240,-39,250,0,240,59" /><INIT seed="1,0,0,5,3,109" ten="250,201,250,299" oya="1" hai0="3,32,80,47,5,129,84,131,18,10,115,14,31" hai1="111,15,100,119,37,124,59,34,121,52,4,79,110" hai2="50,12,97,96,75,46,104,90,62,25,21,72,102" hai3="77,101,48,29,82,42,56,74,105,92,2,99,76"/><U86/><E37/><V28/><F62/><W103/><G2/><T61/><D61/><U63/><E34/><V51/><F51/><W69/><G69/><T64/><D64/><U114/><E119/><V78/><F78/><N who="3" m="44375" /><G29/><T98/><D98/><U122/><E124/><V134/><F134/><W44/><G56/><T23/><D47/><U0/><E100/><N who="3" m="38474" /><G48/><T36/><D36/><U85/><E0/><V11/><F96/><W26/><G26/><N who="0" m="18551" /><D84/><N who="1" m="32363" /><E79/><N who="3" m="30282" /><G44/><T73/><D73/><U118/><E118/><V113/><F90/><N who="3" m="55703" /><G42/><T57/><D80/><U49/><E49/><V67/><F67/><W123/><G123/><N who="1" m="47114" /><E15/><V125/><F125/><W95/><G95/><T1/><D57/><U35/><E4/><V20/><F20/><W33/><G33/><T19/><D1/><U40/><E35/><V87/><F50/><W58/><G58/><T132/><D132/><U88/><E88/><V7/><F46/><W70/><G70/><T24/><D3/><U30/><E30/><V43/><F43/><W108/><G108/><N who="1" m="41514" /><E40/><V41/><F41/><W81/><G81/><T120/><D120/><U13/><E13/><V38/><F38/><W17/><G17/><T9/><D5/><U66/><E66/><V130/><F7/><W93/><G93/><T45/><D9/><U112/><AGARI ba="0,0" hai="52,59,63,112,114" m="41514,47114,32363" machi="112" ten="40,12000,1" yaku="14,1,10,1,52,2,54,1" doraHai="109" who="1" fromWho="1" sc="250,-40,201,120,250,-40,299,-40" /><INIT seed="1,1,0,2,0,29" ten="210,321,210,259" oya="1" hai0="129,135,128,42,23,73,133,122,30,116,91,89,14" hai1="102,19,6,59,8,69,106,111,68,50,5,64,104" hai2="107,58,31,79,75,52,51,80,22,26,96,101,56" hai3="67,119,121,24,110,123,99,118,88,109,4,127,55"/><U134/><E134/><N who="0" m="51209" /><D116/><N who="3" m="44585" /><G67/><T17/><D73/><U57/><E19/><V7/><REACH who="2" step="1"/><F7/><REACH who="2" ten="210,321,200,259" step="2"/><W27/><G4/><T2/><D122/><U44/><E5/><V0/><F0/><W125/><G123/><T48/><D2/><U82/><E6/><V66/><F66/><W113/><G121/><T37/><D37/><U35/><E64/><V95/><F95/><N who="3" m="56807" /><G113/><T85/><D128/><U100/><E104/><V18/><F18/><W70/><G127/><T36/><D129/><U33/><E106/><V63/><F63/><W1/><G125/><T41/><D36/><U15/><E82/><V124/><F124/><W45/><G1/><T76/><D17/><U126/><E126/><V112/><F112/><W103/><G110/><T21/><D30/><U38/><E111/><V10/><F10/><W28/><G109/><T3/><D3/><U47/><E8/><V98/><F98/><W83/><G28/><T39/><D39/><U93/><E38/><V9/><F9/><W77/><G83/><N who="0" m="47335" /><D48/><U84/><E50/><V16/><F16/><W81/><G81/><T114/><D114/><U25/><E93/><V40/><F40/><N who="0" m="15466" /><D14/><U71/><E15/><V105/><F105/><W12/><G12/><T87/><D87/><U34/><E84/><V132/><F132/><W74/><G74/><T60/><D60/><U94/><E94/><V65/><F65/><W46/><G70/><T54/><D54/><U62/><E62/><V11/><F11/><W43/><G55/><T32/><D89/><U115/><E115/><V20/><F20/><N who="0" m="7754" /><D91/><U97/><E69/><V53/><F53/><RYUUKYOKU ba="1,1" sc="210,15,321,-15,200,15,259,-15" hai0="32" hai2="22,26,31,51,52,56,58,75,79,80,96,101,107" /><INIT seed="2,2,1,2,5,53" ten="225,306,215,244" oya="2" hai0="0,88,117,83,44,22,95,33,35,7,101,4,93" hai1="29,50,2,120,133,41,25,55,84,78,46,37,77" hai2="20,99,113,87,124,68,85,71,102,6,75,19,134" hai3="28,115,52,100,61,23,48,21,8,132,18,34,121"/><V36/><F113/><W126/><G121/><T69/><D117/><U15/><E2/><V94/><F75/><W49/><G115/><T82/><D69/><U129/><E120/><V32/><F32/><W123/><G123/><T135/><D135/><U131/><E133/><V70/><F134/><W14/><G132/><T119/><D119/><U1/><E15/><V47/><F124/><W111/><G126/><T30/><D22/><N who="3" m="8201" /><G34/><T51/><D101/><U27/><E84/><V62/><F6/><W125/><G125/><T9/><D4/><U122/><E1/><V89/><F62/><W108/><G100/><T130/><D95/><U107/><E107/><V60/><F60/><W43/><G43/><T63/><D63/><U127/><E127/><V72/><F72/><W110/><G28/><T103/><D103/><U109/><E109/><V116/><F116/><W106/><G106/><T40/><D130/><N who="1" m="49675" /><E122/><V118/><F118/><W11/><G11/><T10/><D9/><U97/><E97/><V105/><F85/><W66/><G52/><T38/><D38/><U91/><E91/><V81/><F105/><W128/><G128/><T58/><D35/><N who="1" m="20911" /><E27/><V74/><F74/><W80/><G80/><T3/><D0/><U59/><AGARI ba="2,1" hai="37,41,46,50,55,59,77,78" m="20911,49675" machi="59" ten="30,2000,0" yaku="19,1,52,1" doraHai="53" who="1" fromWho="1" sc="225,-7,306,36,215,-12,244,-7" /><INIT seed="3,0,0,1,4,71" ten="218,342,203,237" oya="3" hai0="99,110,62,15,4,65,123,130,77,75,64,122,18" hai1="107,74,94,93,31,73,132,48,54,3,57,40,33" hai2="121,125,84,10,55,92,101,87,119,131,124,72,51" hai3="117,81,0,70,133,135,27,30,103,5,127,36,120"/><W34/><G117/><T61/><D110/><U63/><E107/><V29/><F119/><W78/><G70/><T50/><D130/><U8/><E33/><V86/><F131/><W32/><G103/><T116/><D116/><U114/><E31/><V129/><F129/><W106/><G106/><T42/><D4/><U6/><E114/><V69/><F69/><W49/><G49/><T21/><D99/><U128/><E128/><V43/><F72/><N who="3" m="43207" /><G120/><T134/><D134/><N who="3" m="51209" /><G127/><T38/><D50/><U112/><E132/><V88/><F121/><W98/><G98/><T53/><D62/><U59/><E112/><V85/><F101/><W2/><G34/><T89/><D122/><U66/><E93/><V100/><F100/><W35/><G35/><T19/><D123/><U23/><E94/><V11/><F43/><W102/><G102/><T28/><D42/><U104/><E104/><V83/><F92/><W97/><G97/><T16/><D89/><U82/><E40/><V41/><F41/><W13/><G36/><T91/><D38/><U46/><E46/><N who="2" m="28151" /><F29/><W79/><G79/><T80/><D28/><U118/><E118/><V22/><F22/><W39/><G39/><T47/><D91/><U25/><E82/><V20/><F20/><W105/><G105/><T52/><D47/><U9/><E9/><AGARI ba="0,0" hai="0,2,5,9,13,27,30,32" m="51209,43207" machi="9" ten="30,1500,0" yaku="20,1" doraHai="71" who="3" fromWho="1" sc="218,0,342,-15,203,0,237,15" /><INIT seed="3,1,0,2,3,10" ten="218,327,203,252" oya="3" hai0="103,1,28,85,48,20,37,120,91,50,64,71,118" hai1="5,14,67,59,34,76,114,100,89,53,9,116,33" hai2="119,15,7,65,130,63,90,13,80,92,78,79,117" hai3="24,102,123,46,3,32,4,8,105,135,12,95,66"/><W56/><G123/><T40/><D118/><U122/><E114/><V70/><F130/><W82/><G105/><T43/><D120/><U109/><E122/><V110/><F110/><W42/><G135/><T57/><D1/><U75/><E109/><V51/><F51/><N who="0" m="19498" /><D71/><U124/><E124/><V18/><F7/><W98/><G82/><T84/><D37/><U35/><E67/><V25/><F25/><W39/><G3/><T87/><D103/><U83/><E100/><V31/><F31/><W38/><G38/><T22/><D91/><U113/><E113/><V74/><F78/><W97/><G97/><T17/><D28/><U127/><E127/><V27/><F27/><W73/><G73/><T2/><D2/><U30/><E116/><V93/><F93/><W19/><G32/><T45/><D45/><U29/><E89/><V69/><F69/><W101/><G101/><T11/><D11/><U132/><E132/><V23/><REACH who="2" step="1"/><F13/><REACH who="2" ten="218,327,193,252" step="2"/><W49/><G24/><N who="0" m="14351" /><D22/><U131/><E131/><V6/><F6/><W41/><G4/><T44/><D44/><U107/><E107/><V126/><F126/><W16/><G95/><T134/><D134/><U133/><E133/><V125/><F125/><W60/><G46/><T21/><D21/><U96/><E30/><V77/><F77/><W54/><G12/><T0/><D0/><U61/><E29/><V58/><F58/><W106/><G56/><T94/><D94/><U36/><E36/><V112/><F112/><W26/><G39/><T68/><D68/><U129/><E129/><V99/><AGARI ba="1,1" hai="15,18,23,63,65,70,74,79,80,90,92,99,117,119" machi="99" ten="20,5200,0" yaku="1,1,0,1,7,1,52,1,53,0" doraHai="10" doraHaiUra="81" who="2" fromWho="2" sc="218,-14,327,-14,193,65,252,-27" owari="204,-29.6,313,41.3,258,5.8,225,-17.5" /></mjloggm>