<mjloggm ver="2.3"><GO type="225" lobby="0"/><UN n0="%E4%B8%89%E5%86%A0%E7%8E%8B%E3%83%BB%E5%B1%B1%E7%94%B0%E5%93%B2%E4%BA%BA" n1="%33%74%72%65%65" n2="%E3%83%B4%E3%83%A0%EF%BC%99%E3%81%A6" n3="%E3%81%86%E3%82%8C%E3%81%9F%E3%82%93%E6%9E%95" dan="16,17,17,16" rate="2165.81,2180.76,2174.46,2140.81" sx="M,F,M,F"/><TAIKYOKU oya="0"/><INIT seed="0,0,0,5,3,53" ten="250,250,250,250" oya="0" hai0="98,55,50,79,66,0,81,91,27,69,34,83,132" hai1="92,41,35,32,112,56,90,67,113,2,45,58,72" hai2="13,78,11,124,74,117,33,73,16,97,63,7,80" hai3="111,129,134,99,57,68,128,12,110,17,76,123,102"/><T121/><D0/><U120/><E120/><V103/><F33/><N who="1" m="12873" /><E2/><V95/><F117/><W31/><G134/><T135/><D121/><U87/><E67/><V85/><F124/><W14/><G31/><N who="0" m="19839" /><D79/><U100/><E100/><V3/><REACH who="2" step="1"/><F63/><REACH who="2" ten="250,250,240,250" step="2"/><W105/><G123/><T59/><D135/><U93/><E72/><V65/><F65/><W42/><G128/><T75/><D132/><U43/><E93/><V5/><F5/><W119/><G129/><T115/><D66/><U101/><E101/><V46/><F46/><W130/><G130/><T21/><D115/><N who="1" m="44107" /><E41/><V133/><F133/><W77/><G42/><T4/><D4/><U106/><E106/><V125/><F125/><W70/><G105/><T61/><D61/><U25/><E25/><V6/><F6/><W131/><G131/><T44/><D44/><U62/><E62/><V71/><F71/><W29/><G70/><T20/><D69/><U88/><E90/><V52/><F52/><W86/><G68/><T114/><D114/><U28/><E28/><V39/><F39/><AGARI ba="0,1" hai="39,43,45,56,58,87,88,92" m="44107,12873" machi="39" ten="30,7700,0" yaku="11,1,52,2,54,1" doraHai="53" who="1" fromWho="2" sc="250,0,250,87,240,-77,250,0" /><INIT seed="1,0,0,2,4,44" ten="250,337,163,250" oya="1" hai0="119,120,102,103,58,38,57,126,56,19,36,14,64" hai1="109,62,28,82,16,107,130,133,92,6,35,112,96" hai2="15,99,2,9,5,129,65,78,88,76,97,123,122" hai3="77,37,111,10,116,108,74,132,8,114,34,31,86"/><U23/><E112/><V83/><F129/><W90/><G114/><T72/><D72/><U32/><E130/><V4/><F65/><W55/><G116/><T66/><D119/><U50/><E133/><V27/><F27/><N who="3" m="18815" /><G37/><T24/><D126/><U30/><E107/><V20/><F78/><W0/><G55/><T40/><D24/><U113/><E32/><V85/><F5/><W95/><G0/><T45/><D36/><U94/><E6/><V7/><F7/><W47/><G47/><T91/><D120/><U46/><E35/><V53/><F53/><W13/><G13/><T49/><D38/><U67/><E28/><V25/><F2/><W125/><G132/><T98/><D91/><U61/><E30/><V48/><F48/><W63/><G63/><T100/><REACH who="0" step="1"/><D98/><REACH who="0" ten="240,337,163,250" step="2"/><U81/><E96/><V101/><F97/><W42/><G125/><T105/><D105/><U70/><E113/><V87/><F87/><W26/><G26/><T22/><AGARI ba="0,1" hai="14,19,22,40,45,49,56,57,58,64,66,100,102,103" machi="22" ten="30,7900,0" yaku="1,1,0,1,8,1,52,1,53,0" doraHai="44" doraHaiUra="84" who="0" fromWho="0" sc="240,89,337,-39,163,-20,250,-20" /><INIT seed="2,0,0,2,4,25" ten="329,298,143,230" oya="2" hai0="45,97,9,48,125,56,3,53,102,107,69,71,43" hai1="47,88,109,122,34,73,106,127,51,75,86,20,0" hai2="91,46,76,64,18,89,83,131,134,100,132,37,78" hai3="96,94,54,1,57,58,31,5,66,21,50,49,41"/><V101/><F64/><W74/><G74/><T17/><D125/><U120/><E34/><V23/><F46/><N who="3" m="25807" /><G1/><T110/><D110/><U38/><E109/><V98/><F37/><W117/><G5/><T90/><D90/><N who="2" m="34314" /><F131/><W44/><G117/><T40/><D40/><U62/><E127/><V6/><F6/><W4/><G4/><T22/><D9/><U36/><E0/><V87/><F18/><W59/><G66/><T55/><D55/><U12/><E38/><V124/><F124/><W19/><G31/><T15/><D3/><U16/><E36/><AGARI ba="0,0" hai="15,17,22,36,43,45,48,53,56,69,71,97,102,107" machi="36" ten="30,1000,0" yaku="7,1" doraHai="25" who="0" fromWho="1" sc="329,10,298,-10,143,0,230,0" /><INIT seed="3,0,0,4,1,42" ten="339,288,143,230" oya="3" hai0="78,122,110,66,69,103,83,101,73,36,33,13,109" hai1="102,72,58,97,117,17,84,93,123,43,49,2,45" hai2="96,121,23,35,24,30,100,99,88,18,10,81,104" hai3="29,55,76,28,108,1,131,56,5,9,41,47,46"/><W21/><G131/><T90/><D36/><U59/><E123/><V82/><F121/><W6/><G108/><T113/><D33/><U128/><E72/><V52/><F10/><W71/><G71/><T60/><D122/><U34/><E128/><V132/><F132/><W0/><G76/><T27/><D113/><U95/><E2/><V64/><F64/><W79/><G79/><T54/><D27/><U38/><E34/><V67/><F67/><W86/><G86/><T115/><D115/><U65/><E65/><V133/><F133/><W31/><G21/><T105/><D105/><U4/><E4/><V51/><F96/><W25/><G25/><T124/><D124/><U80/><E95/><V130/><F130/><W112/><G41/><T125/><D125/><U119/><E17/><V85/><F35/><W39/><G39/><T134/><D134/><U37/><E37/><V98/><F98/><W53/><G53/><T32/><D54/><U68/><E68/><V16/><F82/><W63/><REACH who="3" step="1"/><G112/><REACH who="3" ten="339,288,143,220" step="2"/><T116/><D32/><U92/><E38/><V126/><REACH who="2" step="1"/><F126/><REACH who="2" ten="339,288,133,220" step="2"/><W120/><G120/><T57/><D69/><U20/><E117/><V44/><AGARI ba="0,2" hai="16,18,23,24,30,44,51,52,81,85,88,99,100,104" machi="44" ten="20,16000,3" yaku="1,1,2,1,0,1,7,1,52,1,54,3,53,0" doraHai="42" doraHaiUra="75" who="2" fromWho="2" sc="339,-40,288,-40,133,180,220,-80" owari="299,9.9,248,-15.2,313,41.3,140,-36.0" /></mjloggm>