<mjloggm ver="2.3"><GO type="225" lobby="0"/><UN n0="%E3%81%8B%E3%82%8F%E3%81%A1%E3%82%83%E3%82%93%35%38" n1="%E3%81%AA%E3%82%81%E3%81%93%E9%9B%80%E5%A3%AB" n2="%E3%82%BC%E3%83%AB%E3%83%80%E3%81%AE%E4%BC%9D%E8%AA%AC" n3="%E3%81%B5%E3%81%98%E3%81%8B%E3%81%A4" dan="17,16,18,16" rate="2247.82,2060.72,2207.48,2173.58" sx="M,M,M,M"/><TAIKYOKU oya="0"/><INIT seed="0,0,0,3,0,116" ten="250,250,250,250" oya="0" hai0="86,88,76,77,66,12,62,107,68,72,8,9,15" hai1="29,126,46,98,110,37,0,20,1,132,19,47,95" hai2="80,63,24,52,125,121,83,124,115,61,73,100,109" hai3="38,119,113,49,131,45,118,99,60,103,70,43,129"/><T11/><D107/><U120/><E110/><V27/><F115/><W91/><G91/><T6/><D72/><U90/><E126/><N who="2" m="48747" /><F109/><W67/><G113/><T130/><D130/><N who="3" m="49673" /><G99/><T4/><REACH who="0" step="1"/><D11/><REACH who="0" ten="240,250,250,250" step="2"/><U65/><E132/><V75/><F75/><W81/><G103/><T79/><D79/><U16/><E120/><V102/><F121/><W56/><G81/><AGARI ba="0,1" hai="4,6,8,9,12,15,62,66,68,76,77,81,86,88" machi="81" ten="30,12000,1" yaku="1,1,7,1,9,1,54,1,53,1" doraHai="116" doraHaiUra="87" who="0" fromWho="3" sc="240,130,250,0,250,0,250,-120" /><INIT seed="0,1,0,1,4,121" ten="370,250,250,130" oya="0" hai0="128,3,87,81,103,82,89,5,71,123,59,104,67" hai1="99,98,57,66,16,61,133,12,77,52,125,130,70" hai2="112,116,47,75,132,37,76,117,109,118,131,90,40" hai3="62,88,7,73,50,53,55,51,48,28,122,36,101"/><T39/><D123/><U78/><E130/><V49/><F112/><W0/><G122/><T94/><D39/><U100/><E133/><V68/><F131/><W74/><G36/><T119/><D71/><U110/><E110/><V114/><F114/><W129/><G101/><T105/><D119/><U86/><E125/><V54/><F90/><W35/><G129/><T2/><D5/><U92/><E86/><V22/><F22/><W58/><G28/><T102/><D67/><U14/><E14/><V15/><F15/><W126/><G35/><T85/><D59/><U13/><E13/><V64/><F76/><W135/><G126/><T83/><D128/><U91/><E70/><V26/><F26/><W21/><G135/><T43/><D43/><U31/><E31/><V124/><F75/><W107/><G107/><N who="0" m="41035" /><D2/><U46/><E99/><V29/><F29/><W34/><G34/><T113/><D3/><U38/><E100/><N who="0" m="38441" /><D113/><U56/><E46/><N who="2" m="23823" /><F132/><W41/><G21/><T4/><D4/><U19/><E38/><V25/><F25/><W45/><G7/><T80/><D80/><U30/><E30/><V79/><F124/><W134/><G0/><T65/><D65/><U1/><E1/><V44/><F44/><N who="3" m="25615" /><G134/><T84/><AGARI ba="1,0" hai="81,82,83,84,85,87,89,94" m="38441,41035" machi="84" ten="40,12000,1" yaku="35,5" doraHai="121" who="0" fromWho="0" sc="370,123,250,-41,250,-41,130,-41" /><INIT seed="0,2,0,0,1,129" ten="493,209,209,89" oya="0" hai0="80,44,40,116,135,73,69,1,66,59,29,23,30" hai1="128,106,51,13,58,84,72,28,52,113,17,26,56" hai2="3,118,14,76,65,5,4,120,130,133,10,50,86" hai3="95,43,87,9,32,105,35,15,96,119,93,21,49"/><T79/><D116/><U108/><E72/><V112/><F112/><W70/><G119/><T98/><D59/><U39/><E39/><V83/><F120/><W88/><G70/><T47/><D23/><U19/><E128/><V122/><F122/><W132/><G132/><T54/><D54/><U2/><E2/><V46/><F130/><W102/><G21/><T111/><D98/><U38/><E38/><V99/><F118/><W0/><G0/><T68/><D1/><U81/><E106/><V71/><F133/><W55/><G43/><T61/><D135/><U11/><E108/><V89/><F71/><W90/><G105/><T41/><D111/><U22/><E113/><V8/><F65/><W74/><G74/><T36/><REACH who="0" step="1"/><D69/><REACH who="0" ten="483,209,209,89" step="2"/><U18/><REACH who="1" step="1"/><E58/><REACH who="1" ten="483,199,209,89" step="2"/><V25/><F3/><W37/><G37/><AGARI ba="2,2" hai="29,30,36,37,40,41,44,47,61,66,68,73,79,80" machi="37" ten="30,18000,2" yaku="1,1,2,1,7,1,9,1,53,2" doraHai="129" doraHaiUra="24" who="0" fromWho="3" sc="483,206,199,0,209,0,89,-186" owari="689,78.9,199,-20.1,209,0.9,-97,-59.7" /></mjloggm>