<mjloggm ver="2.3"><GO type="225" lobby="0"/><UN n0="%E3%81%BF%E3%81%BF%E3%81%9A" n1="%72%61%6B%33" n2="%48%61%61%61%6C%61%6E%64" n3="%E6%97%A5%E6%9B%9C%E6%97%A5%E3%82%88%E3%82%8A%E3%81%AE%E4%BD%BF%E8%80%85" dan="17,17,17,17" rate="2168.12,2247.44,2233.11,2196.39" sx="M,M,M,M"/><TAIKYOKU oya="0"/><INIT seed="0,0,0,0,4,123" ten="250,250,250,250" oya="0" hai0="23,49,64,35,112,16,41,3,22,60,0,36,110" hai1="44,66,125,27,45,7,11,76,2,20,75,132,59" hai2="74,29,31,133,91,13,98,92,15,55,130,4,135" hai3="94,63,114,89,101,73,14,47,78,18,24,96,111"/><T119/><D112/><U42/><E125/><V120/><F120/><W30/><G114/><T83/><D119/><U109/><E109/><V57/><F74/><W43/><G111/><T46/><D110/><U1/><E132/><N who="2" m="50763" /><F130/><W5/><G5/><T54/><D23/><U50/><E1/><V104/><F104/><W115/><G115/><T117/><D83/><U52/><E66/><V88/><F91/><W118/><G118/><T106/><D35/><U134/><E134/><V12/><F4/><W127/><G127/><T85/><D85/><U103/><E103/><V93/><F93/><W56/><G73/><T77/><D77/><U62/><E44/><V32/><F32/><W124/><G124/><T126/><D106/><U33/><E33/><V8/><F8/><W90/><G78/><T128/><D128/><U19/><E76/><V102/><F102/><W25/><G25/><T79/><D79/><U129/><REACH who="1" step="1"/><E129/><REACH who="1" ten="250,240,250,250" step="2"/><V72/><F72/><AGARI ba="0,1" hai="2,7,11,19,20,27,42,45,50,52,59,62,72,75" machi="72" ten="40,8000,1" yaku="1,1,2,1,54,1,53,1" doraHai="123" doraHaiUra="21" who="1" fromWho="2" sc="250,0,240,90,250,-80,250,0" /><INIT seed="1,0,0,5,5,8" ten="250,330,170,250" oya="1" hai0="98,82,38,33,48,73,117,72,29,83,84,35,17" hai1="104,91,125,93,11,116,27,4,31,5,130,102,105" hai2="47,65,121,119,53,123,120,37,78,45,131,92,61" hai3="64,111,18,68,20,39,50,129,80,62,118,23,77"/><U86/><E116/><V43/><F78/><W16/><G39/><T14/><D38/><U115/><E115/><V63/><F92/><W21/><G111/><T0/><D117/><U126/><E130/><V10/><F119/><W69/><G118/><T59/><D0/><U114/><E114/><V81/><F81/><W67/><G129/><T24/><D98/><U112/><E112/><V28/><F28/><W71/><G50/><T107/><D107/><U132/><E132/><V97/><F97/><W113/><G113/><T6/><D6/><U109/><E109/><V108/><F108/><W127/><G127/><N who="1" m="48650" /><E102/><V88/><F88/><W51/><G51/><T32/><D32/><N who="1" m="20607" /><E4/><V106/><F131/><W19/><G62/><T96/><D35/><U49/><E49/><V41/><F106/><W124/><G124/><T60/><D48/><U46/><E46/><N who="2" m="17419" /><F37/><W87/><AGARI ba="0,0" hai="16,18,19,20,21,23,64,67,68,69,71,77,80,87" machi="87" ten="40,8000,1" yaku="0,1,29,2,54,1" doraHai="8" who="3" fromWho="3" sc="250,-20,330,-40,170,-20,250,80" /><INIT seed="2,0,0,1,4,72" ten="230,290,150,330" oya="2" hai0="85,30,116,84,101,99,40,95,4,28,57,22,16" hai1="96,119,69,25,130,77,5,44,105,73,124,62,20" hai2="63,86,2,108,98,87,123,91,36,55,118,129,34" hai3="127,46,31,122,132,45,0,94,74,104,61,15,11"/><V54/><F118/><W13/><G104/><T88/><D116/><U76/><E119/><V128/><F123/><W106/><G106/><T21/><D4/><U24/><E73/><V9/><F34/><W82/><G0/><T50/><D22/><U117/><E117/><V6/><F36/><W56/><G122/><T33/><D33/><U131/><E44/><N who="3" m="17002" /><G74/><T47/><D57/><U38/><E5/><V90/><F108/><W102/><G31/><T70/><D70/><U71/><E124/><V29/><F29/><N who="0" m="11370" /><D101/><U19/><E38/><V67/><F98/><N who="3" m="59735" /><G132/><T7/><D7/><U75/><E75/><V48/><F86/><W100/><G100/><T89/><D89/><U1/><E1/><V43/><F43/><W37/><G37/><T109/><D109/><U133/><E133/><V135/><F135/><W53/><G127/><T12/><AGARI ba="0,0" hai="12,16,21,40,47,50,84,85,88,95,99" m="11370" machi="12" ten="30,4000,0" yaku="8,1,54,2" doraHai="72" who="0" fromWho="0" sc="230,40,290,-10,150,-20,330,-10" /><INIT seed="3,0,0,0,2,5" ten="270,280,130,320" oya="3" hai0="37,98,28,4,87,100,20,38,94,65,109,104,27" hai1="32,132,35,76,77,73,46,69,66,90,88,64,56" hai2="95,114,102,15,43,53,13,133,12,23,119,47,2" hai3="101,16,25,123,131,74,115,89,26,128,24,116,92"/><W125/><G115/><T135/><D109/><U18/><E56/><V33/><F114/><W58/><G116/><T118/><D118/><U49/><E18/><V8/><F119/><W50/><G123/><T42/><D135/><U22/><E22/><V40/><F33/><W84/><G74/><T21/><D4/><U29/><E132/><V113/><F113/><W85/><G125/><T39/><D65/><U111/><E111/><V110/><F110/><W34/><G34/><T122/><D122/><U59/><E59/><V60/><F133/><W31/><G31/><T108/><D108/><U36/><E36/><V134/><F134/><W55/><G101/><T120/><D120/><U117/><E117/><V79/><F79/><W54/><G54/><T103/><D42/><U70/><E49/><V112/><F112/><W72/><G72/><T124/><D124/><U6/><E6/><V57/><F23/><N who="3" m="13415" /><G85/><T99/><D87/><U1/><E73/><V78/><F78/><W93/><G93/><T3/><D3/><U91/><E1/><V97/><F2/><W67/><G67/><T82/><D82/><U52/><E91/><V126/><F126/><W19/><G19/><T63/><D63/><U41/><E52/><V51/><REACH who="2" step="1"/><F40/><REACH who="2" ten="270,280,120,320" step="2"/><W10/><G131/><T121/><D20/><U127/><E127/><V48/><F48/><W9/><G128/><T71/><D121/><U62/><E41/><V106/><F106/><W83/><G50/><T61/><D38/><U68/><E32/><V14/><F14/><W0/><G0/><T17/><D28/><U7/><E29/><RYUUKYOKU ba="0,1" sc="270,15,280,-15,120,15,320,-15" hai0="17,21,27,37,39,61,71,94,98,99,100,103,104" hai2="8,12,13,15,43,47,51,53,57,60,95,97,102" owari="285,8.5,265,-13.5,135,-36.5,315,41.5" /></mjloggm>