<mjloggm ver="2.3"><GO type="225" lobby="0"/><UN n0="%33%74%72%65%65" n1="%E8%90%BD%E6%97%A5" n2="%E3%83%B4%E3%83%A0%EF%BC%99%E3%81%A6" n3="%E3%81%B2%E3%81%AA%E3%81%AE%E3%82%8A%E3%81%8F" dan="16,16,16,17" rate="2101.41,2138.87,2108.94,2136.31" sx="F,F,M,M"/><TAIKYOKU oya="0"/><INIT seed="0,0,0,2,2,118" ten="250,250,250,250" oya="0" hai0="53,78,23,48,108,11,82,92,46,37,31,128,30" hai1="35,70,63,135,2,115,88,77,114,16,15,96,5" hai2="134,91,20,95,8,87,102,122,7,113,100,94,123" hai3="22,51,34,83,47,68,3,57,60,103,62,76,80"/><T61/><D128/><U44/><E35/><V65/><F65/><W99/><G34/><T72/><D108/><U75/><E5/><V67/><F67/><W13/><G3/><T52/><D37/><U27/><E2/><V73/><F113/><N who="1" m="43017" /><E27/><V33/><F33/><W71/><G71/><T133/><D133/><U43/><E63/><V55/><F134/><W17/><G68/><T126/><D126/><U6/><E6/><V85/><F73/><W116/><G116/><T0/><D23/><U40/><E70/><V26/><F55/><W21/><G21/><T41/><D0/><U84/><E96/><V127/><F127/><W4/><G4/><T28/><D11/><N who="1" m="6271" /><E135/><V130/><F130/><W101/><G62/><T106/><D106/><U69/><E69/><V86/><F8/><W125/><G125/><T90/><REACH who="0" step="1"/><D61/><REACH who="0" ten="240,250,250,250" step="2"/><U38/><E38/><V10/><F10/><W19/><G60/><T109/><D109/><U89/><E75/><V49/><F20/><W131/><G22/><T97/><AGARI ba="0,1" hai="28,30,31,41,46,48,52,53,72,78,82,90,92,97" machi="97" ten="30,6000,0" yaku="1,1,0,1,54,1,53,0" doraHai="118" doraHaiUra="64" who="0" fromWho="0" sc="240,70,250,-20,250,-20,250,-20" /><INIT seed="0,1,0,0,0,15" ten="310,230,230,230" oya="0" hai0="58,66,82,25,56,51,14,101,85,32,83,3,22" hai1="47,42,18,72,27,53,2,65,93,30,39,134,129" hai2="104,78,102,75,17,81,126,49,24,119,41,132,59" hai3="88,35,128,135,1,40,71,84,73,89,110,7,16"/><T55/><D3/><U69/><E129/><V111/><F111/><W20/><G71/><T94/><D32/><U63/><E134/><V8/><F132/><W13/><G135/><T130/><D130/><U19/><E2/><V57/><F126/><W44/><G73/><T61/><D14/><U68/><E68/><V106/><F119/><W125/><G128/><T79/><D83/><U77/><E93/><V96/><F104/><W62/><G110/><T100/><REACH who="0" step="1"/><D94/><REACH who="0" ten="300,230,230,230" step="2"/><U127/><E127/><V50/><F81/><W122/><G35/><T120/><D120/><U95/><E95/><V6/><F106/><W23/><G122/><T90/><D90/><U33/><E77/><V86/><F78/><W131/><G89/><T60/><D60/><U10/><E72/><V99/><F75/><W46/><G125/><T64/><D64/><U115/><E115/><V43/><F24/><W11/><G62/><T52/><D52/><U112/><E112/><V91/><F91/><W92/><G131/><T54/><D54/><U133/><E133/><V70/><F43/><W114/><G114/><T0/><D0/><U29/><E10/><V76/><F41/><W5/><G40/><T109/><D109/><U107/><E107/><V34/><F76/><W118/><G118/><T36/><D36/><U113/><E113/><V9/><F9/><N who="3" m="4287" /><G1/><T103/><D103/><U80/><E80/><V26/><F102/><W87/><G92/><T123/><D123/><U45/><REACH who="1" step="1"/><E30/><AGARI ba="1,1" hai="22,25,30,51,55,56,58,61,66,79,82,85,100,101" machi="30" ten="30,5800,0" yaku="1,1,7,1,8,1,53,0" doraHai="15" doraHaiUra="4" who="0" fromWho="1" sc="300,71,230,-61,230,0,230,0" /><INIT seed="0,2,0,3,5,75" ten="371,169,230,230" oya="0" hai0="44,21,114,7,11,50,81,112,118,41,89,28,55" hai1="46,43,76,9,94,57,13,23,105,6,95,40,84" hai2="127,97,1,4,17,128,100,63,80,35,60,38,101" hai3="26,99,133,83,29,119,65,58,122,130,115,45,116"/><T31/><D118/><U5/><E105/><V86/><F38/><W48/><G115/><T59/><D114/><U25/><E5/><V39/><F39/><W78/><G133/><T108/><D112/><U91/><E57/><V82/><F35/><W42/><G130/><T113/><D113/><U121/><E121/><V103/><F128/><W64/><G99/><T61/><D21/><U69/><E69/><V16/><F97/><W92/><G92/><T56/><D56/><U33/><E33/><V62/><F127/><W85/><G122/><T47/><D47/><U74/><E94/><V32/><F32/><W117/><REACH who="3" step="1"/><G58/><REACH who="3" ten="371,169,230,220" step="2"/><T67/><D59/><U22/><E22/><AGARI ba="2,1" hai="22,26,29,42,45,48,64,65,78,83,85,116,117,119" machi="22" ten="40,8000,1" yaku="1,1,2,1,52,1,53,1" doraHai="75" doraHaiUra="72" who="3" fromWho="1" sc="371,0,169,-86,230,0,220,96" /><INIT seed="1,0,0,1,5,124" ten="371,83,230,316" oya="1" hai0="98,129,67,6,60,23,99,57,51,110,47,105,37" hai1="40,109,59,3,45,49,46,88,76,116,128,30,78" hai2="75,58,80,4,36,19,9,85,42,90,111,133,119" hai3="50,73,106,43,120,81,83,114,71,121,87,69,79"/><U64/><E116/><V94/><F119/><W91/><G106/><T15/><D110/><U34/><E3/><N who="2" m="159" /><F133/><W118/><G118/><T5/><D129/><U31/><E109/><V62/><F19/><W131/><G131/><T27/><D37/><U102/><E102/><V108/><F58/><W12/><G114/><T95/><D105/><U26/><E128/><V44/><F62/><W48/><G12/><T61/><D61/><U16/><E31/><V28/><F28/><W29/><G29/><N who="0" m="17663" /><D15/><U25/><E46/><V35/><F35/><W18/><G18/><T113/><D113/><U77/><E59/><V92/><F92/><W11/><G11/><T122/><D122/><U104/><E104/><V127/><F127/><W21/><G21/><T130/><D130/><U2/><E2/><V112/><F112/><W56/><G120/><T54/><D98/><U84/><E64/><V82/><F82/><W89/><G89/><AGARI ba="0,0" hai="5,6,47,51,54,57,60,67,89,95,99" m="17663" machi="89" ten="30,1000,0" yaku="8,1" doraHai="124" who="0" fromWho="3" sc="371,10,83,0,230,0,316,-10" /><INIT seed="2,0,0,0,0,5" ten="381,83,230,306" oya="2" hai0="23,133,18,14,8,13,3,37,114,134,118,75,89" hai1="57,41,63,132,110,34,39,88,94,78,55,85,51" hai2="50,86,105,76,117,1,131,108,45,17,9,107,36" hai3="120,12,124,103,93,128,101,102,69,49,83,97,56"/><V42/><F117/><W38/><G120/><T35/><D37/><U111/><E34/><V72/><F131/><W15/><G38/><T52/><D118/><U66/><E132/><N who="0" m="50793" /><D114/><U2/><E2/><V30/><F30/><W87/><G69/><T106/><D106/><U121/><E121/><V59/><F86/><W71/><G71/><T119/><D75/><U65/><E65/><V61/><F50/><W54/><G124/><T95/><D35/><U115/><E115/><V116/><F116/><W91/><REACH who="3" step="1"/><G128/><REACH who="3" ten="381,83,230,296" step="2"/><T74/><D119/><U100/><E78/><AGARI ba="0,1" hai="12,15,49,54,56,78,83,87,91,93,97,101,102,103" machi="78" ten="40,8000,1" yaku="1,1,2,1,8,1,53,2" doraHai="5" doraHaiUra="11" who="3" fromWho="1" sc="381,0,83,-80,230,0,296,90" /><INIT seed="3,0,0,2,0,27" ten="381,3,230,386" oya="3" hai0="46,53,57,124,58,115,126,3,23,54,18,81,51" hai1="42,60,97,133,26,70,67,125,120,47,49,105,7" hai2="52,2,9,96,69,122,82,28,44,63,71,4,109" hai3="121,68,55,101,14,76,11,130,5,21,92,40,129"/><W32/><G32/><T45/><D3/><U73/><E7/><V65/><F109/><W19/><G68/><T100/><D115/><U48/><E97/><V113/><F113/><W123/><G40/><T22/><D100/><U91/><E26/><V35/><F122/><W135/><G76/><T84/><D126/><U95/><E91/><V83/><F69/><W104/><G104/><T38/><D124/><U117/><E95/><V41/><F41/><W87/><G135/><T0/><D0/><U107/><E107/><V75/><F75/><W128/><G55/><T134/><D134/><U111/><E49/><V33/><F33/><W86/><G101/><T50/><D38/><U39/><E48/><V80/><F96/><W79/><G92/><T64/><D64/><U37/><E60/><V31/><REACH who="2" step="1"/><F35/><REACH who="2" ten="381,3,220,386" step="2"/><W16/><G19/><T93/><D18/><U114/><E47/><V43/><F43/><W61/><G61/><T103/><D46/><U6/><E67/><V88/><F88/><W131/><G131/><T12/><D45/><U1/><E6/><V36/><F36/><W119/><G119/><T56/><D56/><U116/><E42/><V85/><F85/><N who="3" m="32267" /><G79/><N who="0" m="46143" /><D103/><U20/><E20/><N who="0" m="7721" /><D93/><U77/><E77/><V30/><F30/><W78/><G78/><T72/><D72/><U59/><E59/><V29/><F29/><W13/><AGARI ba="0,1" hai="5,11,13,14,16,21,121,123,128,129,130" m="32267" machi="13" ten="40,3900,0" yaku="19,1,54,1" doraHai="27" who="3" fromWho="3" sc="381,-13,3,-13,220,-13,386,49" owari="368,16.8,-10,-51.0,207,-19.3,435,53.5" /></mjloggm>