<mjloggm ver="2.3"><GO type="225" lobby="0"/><UN n0="%E3%81%9F%E3%81%8C%E3%82%84%E3%81%99" n1="%E3%82%A2%E3%83%BC%E3%83%A2%E3%83%AD%E3%83%BC%E3%83%B4%E3%82%A1" n2="%E6%80%AA%E3%81%97%E3%81%99%E3%81%8E%E3%82%8B%E3%83%81%E3%83%BC" n3="%43%68%65" dan="16,16,17,16" rate="2117.83,2103.23,2169.82,2139.56" sx="M,M,M,M"/><TAIKYOKU oya="0"/><INIT seed="0,0,0,2,3,45" ten="250,250,250,250" oya="0" hai0="30,102,78,68,76,28,75,92,131,133,71,135,99" hai1="51,3,18,88,17,101,9,84,119,123,54,118,98" hai2="94,55,69,115,110,83,96,23,70,8,134,46,127" hai3="10,50,132,105,91,95,20,42,128,5,100,0,67"/><T33/><D33/><U12/><E123/><V65/><F115/><W80/><G132/><N who="0" m="50763" /><D131/><U82/><E3/><V32/><F134/><W13/><G128/><T22/><D22/><U34/><E18/><V14/><F32/><W62/><G80/><N who="0" m="45087" /><D78/><U64/><E64/><V125/><F110/><W35/><G35/><T15/><D15/><U4/><E4/><V122/><F83/><W26/><G13/><T109/><D109/><U60/><E60/><V130/><F23/><W37/><G20/><T87/><D87/><U114/><E114/><V61/><F122/><W97/><G26/><T86/><D86/><U104/><REACH who="1" step="1"/><E34/><REACH who="1" ten="250,240,250,250" step="2"/><V90/><F130/><W81/><G0/><T31/><AGARI ba="0,1" hai="28,30,31,68,71,92,99,102" m="45087,50763" machi="31" ten="30,1500,0" yaku="20,1" doraHai="45" who="0" fromWho="0" sc="250,25,240,-5,250,-5,250,-5" /><INIT seed="0,1,0,5,1,69" ten="275,235,245,245" oya="0" hai0="26,124,73,102,74,5,35,111,80,24,43,49,83" hai1="100,11,109,30,10,36,13,61,105,37,126,133,114" hai2="76,52,63,4,66,39,64,12,7,32,58,85,75" hai3="21,48,44,78,110,70,67,82,91,112,17,22,89"/><T60/><D5/><U98/><E109/><V121/><F39/><W88/><G112/><T95/><D35/><U14/><E114/><V54/><F75/><W68/><G110/><T122/><D111/><U97/><E126/><V47/><F32/><W87/><G67/><N who="2" m="25641" /><F121/><W90/><N who="3" m="22528" /><DORA hai="38" /><W28/><G28/><T113/><D60/><U107/><E30/><V79/><F12/><W106/><G106/><T2/><D2/><U23/><E23/><V59/><F47/><W55/><REACH who="3" step="1"/><G22/><REACH who="3" ten="275,235,245,235" step="2"/><T120/><D113/><U125/><E125/><V45/><F45/><W118/><G118/><T77/><D124/><U92/><E92/><V15/><F79/><W1/><G1/><T34/><D34/><U93/><E93/><V19/><F76/><W131/><G131/><T135/><D77/><U123/><E123/><V71/><F85/><W96/><G96/><T81/><D95/><U57/><E98/><V25/><F71/><W50/><G50/><T134/><D49/><U94/><E105/><V132/><F132/><W127/><G127/><T72/><D122/><U27/><E107/><V65/><F65/><W3/><G3/><T42/><D120/><U9/><E133/><N who="0" m="50697" /><D102/><U130/><E130/><V16/><F25/><AGARI ba="1,1" hai="17,21,25,44,48,55,68,70,78,82,87" m="22528" machi="25" ten="50,12000,2" yaku="1,1,54,1,53,4" doraHai="69,38" doraHaiUra="86,62" who="3" fromWho="2" sc="275,0,235,0,245,-123,235,133" /><AGARI ba="1,0" hai="24,25,26,42,43,72,73,74,80,81,83" m="50697" machi="25" ten="40,12000,1" yaku="28,2,20,1,52,2" doraHai="69,38" who="0" fromWho="2" sc="275,120,235,0,122,-120,368,0" /><INIT seed="0,2,0,2,4,43" ten="395,235,2,368" oya="0" hai0="87,83,97,77,13,27,22,50,127,132,112,33,10" hai1="4,59,131,94,31,18,100,23,104,122,125,134,28" hai2="15,46,8,65,130,113,53,82,44,12,74,60,81" hai3="36,66,120,73,69,114,20,133,5,85,95,2,0"/><T75/><D33/><U52/><E122/><V7/><F113/><W109/><G114/><T115/><D127/><U124/><E104/><V42/><F130/><W61/><G73/><T32/><D32/><U123/><E123/><V49/><F74/><W126/><G120/><T101/><D75/><U105/><E105/><V3/><F3/><W92/><G36/><T70/><D70/><U80/><E4/><V51/><F15/><W19/><G126/><N who="1" m="48746" /><E80/><V34/><F34/><W63/><G109/><T78/><D78/><U68/><E68/><AGARI ba="2,0" hai="7,8,12,42,44,46,49,51,53,60,65,68,81,82" machi="68" ten="30,3900,0" yaku="7,1,52,2" doraHai="43" who="2" fromWho="1" sc="395,0,235,-45,2,45,368,0" /><INIT seed="1,0,0,4,3,93" ten="395,190,47,368" oya="1" hai0="115,8,73,31,116,9,92,89,97,134,51,35,108" hai1="11,102,52,128,130,13,101,120,66,100,59,94,45" hai2="56,28,64,104,47,96,6,119,27,37,22,135,58" hai3="41,55,110,23,85,49,21,10,29,69,81,48,61"/><U34/><E120/><V1/><F119/><W78/><G110/><T129/><D73/><U63/><E34/><V125/><F135/><W24/><G41/><T77/><D77/><U26/><E26/><V16/><F125/><W20/><G10/><T80/><D80/><U57/><E45/><V5/><F1/><W17/><G69/><T113/><D116/><U124/><E124/><V50/><F37/><W86/><G86/><T14/><D108/><U38/><E38/><V0/><F0/><W30/><G30/><T54/><D129/><U3/><E3/><V112/><F112/><W36/><G36/><T82/><D82/><U70/><E70/><V126/><F126/><W79/><G79/><T121/><D8/><U118/><E118/><V67/><F28/><W95/><G95/><T18/><D121/><U44/><E44/><V99/><F104/><W42/><G42/><T40/><D40/><U25/><E25/><V103/><F103/><W39/><G39/><T2/><D2/><U33/><E33/><V105/><F105/><W43/><G43/><T84/><D31/><U53/><E94/><V15/><F47/><W76/><G76/><T65/><D35/><U117/><E117/><V109/><F109/><W114/><G114/><N who="0" m="43531" /><D134/><U32/><E32/><V19/><F27/><N who="3" m="16615" /><G23/><T71/><D71/><U12/><E11/><V91/><F22/><W62/><G62/><T72/><D9/><U107/><E107/><V127/><F127/><W46/><G61/><T87/><D92/><U68/><E128/><V74/><F74/><W111/><G111/><T60/><D72/><RYUUKYOKU ba="0,0" sc="395,-10,190,-10,47,-10,368,30" hai3="17,21,24,46,48,49,55,78,81,85" /><INIT seed="2,1,0,0,3,87" ten="385,180,37,398" oya="2" hai0="84,116,3,111,62,88,96,26,63,129,124,38,100" hai1="20,68,58,120,65,73,16,106,82,91,19,60,35" hai2="128,53,132,76,66,8,9,22,85,31,77,134,33" hai3="115,130,95,113,51,131,69,92,29,89,75,28,43"/><V83/><F33/><W61/><G75/><T86/><D3/><U98/><E35/><V93/><F128/><N who="3" m="49195" /><G43/><T1/><D1/><U135/><E135/><N who="2" m="51755" /><F66/><N who="3" m="41167" /><G51/><T126/><D38/><U15/><E120/><V123/><F123/><W45/><G95/><N who="0" m="54679" /><D129/><U107/><E68/><V78/><F93/><W18/><G18/><T47/><D47/><U114/><E73/><V57/><F22/><W41/><G41/><T59/><D59/><U122/><E122/><V67/><F67/><W112/><G45/><T49/><D49/><U36/><E65/><V40/><F40/><W10/><G10/><N who="2" m="4201" /><F31/><W50/><G50/><AGARI ba="1,0" hai="50,53,57,76,77,78,83,85" m="4201,51755" machi="50" ten="30,1500,0" yaku="20,1" doraHai="87" who="2" fromWho="3" sc="385,0,180,0,37,18,398,-18" /><INIT seed="2,2,0,0,4,36" ten="385,180,55,380" oya="2" hai0="117,37,40,75,133,73,28,57,111,52,104,0,31" hai1="81,78,22,107,51,70,33,71,94,14,122,16,2" hai2="67,19,86,124,80,5,108,3,79,112,17,87,106" hai3="53,34,63,64,84,35,113,119,91,60,48,38,118"/><V89/><F112/><W10/><G38/><T98/><D0/><U76/><E107/><V69/><F106/><W100/><G100/><T58/><D58/><U61/><E2/><V65/><F124/><W129/><G113/><T99/><D111/><U56/><E33/><V103/><F108/><W13/><G35/><T47/><D117/><U1/><E1/><V96/><F3/><W88/><G34/><T20/><D133/><U126/><E126/><V55/><F5/><W18/><G129/><T74/><D20/><U9/><E122/><V49/><F69/><W83/><G91/><T23/><D23/><U95/><E70/><V54/><F96/><W97/><G97/><T12/><D12/><N who="1" m="9479" /><E51/><V39/><F103/><W42/><G42/><T45/><D45/><U30/><E30/><V85/><F39/><W44/><G63/><T120/><D120/><U68/><E68/><AGARI ba="2,0" hai="10,13,18,44,48,53,60,64,68,83,84,88,118,119" machi="68" ten="30,7700,0" yaku="7,1,25,2,54,1" doraHai="36" who="3" fromWho="1" sc="385,0,180,-83,55,0,380,83" /><INIT seed="3,0,0,3,0,108" ten="385,97,55,463" oya="3" hai0="102,99,134,53,22,24,15,83,90,40,74,18,19" hai1="51,85,65,61,41,0,93,94,109,111,25,29,121" hai2="73,87,84,42,4,38,11,105,75,36,9,31,46" hai3="124,80,129,21,103,81,116,48,37,14,88,135,126"/><W91/><G37/><T69/><D69/><N who="1" m="42159" /><E121/><V34/><F105/><W78/><G116/><T10/><D134/><U62/><E62/><V106/><F106/><W50/><G103/><T8/><D40/><U114/><E85/><V60/><F60/><W79/><G129/><T67/><D67/><U95/><E0/><V118/><F118/><W123/><G14/><T113/><D53/><U82/><E82/><V32/><F31/><W122/><G21/><T104/><D8/><U23/><E114/><V72/><F4/><W100/><G100/><T76/><REACH who="0" step="1"/><D90/><REACH who="0" ten="375,97,55,463" step="2"/><U77/><E41/><V13/><F42/><W64/><G64/><T43/><D43/><U30/><E109/><V96/><F73/><W107/><G107/><T26/><D26/><U7/><E25/><V33/><F13/><W12/><G12/><T98/><D98/><U54/><E54/><V115/><F96/><W58/><G58/><T89/><D89/><U47/><E111/><V119/><F119/><W3/><G3/><T127/><D127/><U5/><E47/><V59/><F59/><W16/><G135/><T130/><D130/><U132/><E132/><V92/><F32/><W57/><G57/><T39/><D39/><U17/><E23/><V120/><F120/><W117/><G117/><T128/><D128/><U133/><E133/><V27/><F27/><W49/><G49/><T66/><D66/><U6/><E51/><V125/><F125/><W1/><G1/><T2/><D2/><U63/><E63/><V28/><F46/><W71/><G71/><T110/><D110/><U44/><E44/><RYUUKYOKU ba="0,1" sc="375,15,97,-15,55,-15,463,15" hai0="10,15,18,19,22,24,74,76,83,99,102,104,113" hai3="16,48,50,78,79,80,81,88,91,122,123,124,126" owari="390,19.0,82,-31.8,40,-46.0,488,58.8" /></mjloggm>