<mjloggm ver="2.3"><GO type="225" lobby="0"/><UN n0="%E5%84%AA%40%41%42%43" n1="%E5%AE%89%E6%96%8E" n2="%E7%B4%94%E6%BD%94%E3%83%94%E3%83%A9%E3%83%8B%E3%82%A2" n3="%E3%81%A9%E3%82%93%E3%82%88%E3%81%8F%4D%6B%2E%32" dan="18,17,18,16" rate="2248.64,2231.65,2296.63,2135.90" sx="M,M,M,M"/><TAIKYOKU oya="0"/><INIT seed="0,0,0,2,1,6" ten="250,250,250,250" oya="0" hai0="127,95,8,26,74,7,133,67,108,63,1,86,75" hai1="56,94,42,126,19,4,84,102,115,77,17,68,85" hai2="64,48,5,65,117,39,96,10,114,106,109,107,57" hai3="31,52,119,87,0,54,62,3,70,124,44,122,51"/><T81/><D133/><U79/><E68/><V9/><F114/><W55/><G119/><T46/><D127/><U33/><E33/><V38/><F57/><W49/><G124/><T116/><D116/><U130/><E126/><V20/><F20/><W11/><G122/><T30/><D108/><U101/><E115/><V98/><F5/><W12/><G31/><T120/><D46/><U2/><E130/><V22/><F22/><W134/><G134/><T71/><D95/><U47/><E56/><V28/><F117/><W40/><G87/><T104/><D104/><U18/><E4/><V103/><F48/><W25/><G25/><T91/><REACH who="0" step="1"/><D120/><REACH who="0" ten="240,250,250,250" step="2"/><U32/><E94/><V129/><F109/><W123/><G123/><T113/><D113/><U27/><E47/><V99/><F129/><W128/><G128/><T72/><D72/><U100/><E100/><V93/><F93/><W125/><G125/><T66/><D66/><U59/><E102/><V131/><F131/><W69/><G51/><T82/><D82/><U60/><E101/><V37/><F103/><W29/><G29/><T34/><AGARI ba="0,1" hai="1,7,8,26,30,34,63,67,71,74,75,81,86,91" machi="34" ten="20,7800,0" yaku="1,1,0,1,7,1,52,1,53,0" doraHai="6" doraHaiUra="89" who="0" fromWho="0" sc="240,88,250,-26,250,-26,250,-26" /><INIT seed="0,1,0,5,4,118" ten="328,224,224,224" oya="0" hai0="103,94,120,51,91,97,42,34,86,29,132,41,6" hai1="83,129,16,1,44,23,18,100,116,17,13,112,19" hai2="79,12,131,128,73,15,124,60,32,58,4,57,108" hai3="9,121,26,37,122,59,125,84,36,61,10,126,53"/><T105/><D132/><U20/><E116/><V3/><F32/><W56/><G84/><T31/><D120/><N who="3" m="46185" /><G26/><T28/><D34/><U80/><E129/><V106/><F106/><W24/><G24/><T87/><D6/><U52/><E1/><V64/><F73/><W81/><G81/><N who="1" m="31306" /><E100/><V46/><F79/><W119/><G119/><T35/><D35/><U102/><E102/><V63/><F3/><W14/><G56/><T85/><REACH who="0" step="1"/><D51/><REACH who="0" ten="318,224,224,224" step="2"/><N who="1" m="28775" /><E112/><V68/><F4/><N who="3" m="3367" /><G10/><AGARI ba="1,1" hai="10,13,16,17,18,19,20,23" m="28775,31306" machi="10" ten="30,3900,0" yaku="8,1,54,2" doraHai="118" who="1" fromWho="3" sc="318,0,224,52,224,0,224,-42" /><INIT seed="1,0,0,3,0,115" ten="318,276,224,182" oya="1" hai0="3,26,34,133,32,52,127,109,65,84,57,12,124" hai1="13,63,104,132,76,64,118,62,95,130,72,29,96" hai2="103,48,113,14,102,68,59,112,6,51,74,100,73" hai3="9,85,128,88,122,99,54,11,111,91,15,1,5"/><U82/><E132/><V60/><F6/><W134/><G134/><T90/><D3/><U126/><E126/><N who="0" m="48169" /><D109/><U8/><E130/><V25/><F14/><W17/><G111/><T107/><D107/><U43/><E43/><V38/><F38/><W97/><G128/><T66/><D12/><U56/><E29/><V16/><F68/><W58/><G122/><T116/><D116/><U40/><E40/><V92/><F92/><W93/><REACH who="3" step="1"/><G91/><REACH who="3" ten="318,276,224,172" step="2"/><T71/><D133/><U20/><E118/><V46/><F113/><W7/><G7/><T2/><D2/><U53/><E104/><V77/><F112/><W69/><G69/><T89/><D89/><U123/><E123/><V22/><F77/><W98/><G98/><T19/><D71/><U108/><E108/><V81/><F81/><W106/><G106/><T105/><D90/><U61/><E96/><V83/><F83/><W39/><G39/><T117/><D105/><U45/><E95/><V49/><REACH who="2" step="1"/><F46/><REACH who="2" ten="318,276,214,172" step="2"/><W42/><G42/><T41/><D117/><U4/><E45/><V121/><F121/><W80/><G80/><T55/><D41/><U33/><E82/><V75/><F75/><W86/><G86/><T125/><D84/><U44/><E76/><V0/><F0/><W21/><G21/><N who="0" m="13631" /><D125/><U31/><E72/><V18/><F18/><W87/><G87/><T131/><D131/><U129/><E129/><V47/><F47/><W119/><G119/><T67/><D57/><U10/><E20/><V35/><F35/><AGARI ba="0,2" hai="32,34,35,52,55,65,66,67" m="13631,48169" machi="35" ten="40,2600,0" yaku="18,1,54,1" doraHai="115" who="0" fromWho="2" sc="318,46,276,0,214,-26,172,0" /><INIT seed="2,0,0,4,1,58" ten="364,276,188,172" oya="2" hai0="134,57,67,104,2,64,54,70,27,132,100,126,8" hai1="101,114,131,0,59,73,68,94,33,78,24,117,39" hai2="115,25,121,28,84,18,85,48,118,20,22,5,81" hai3="119,76,128,79,71,19,62,74,83,105,87,116,49"/><V1/><F118/><W23/><G105/><T14/><D126/><U32/><E68/><V44/><F115/><W7/><G128/><T80/><D2/><U3/><E39/><V66/><F121/><W112/><G112/><T90/><D70/><U110/><E114/><V63/><F1/><W65/><G7/><T16/><D27/><U77/><E117/><V61/><F5/><W97/><G97/><N who="0" m="61455" /><D90/><U46/><E110/><V125/><F66/><W135/><G135/><N who="0" m="51755" /><D80/><U12/><E24/><N who="2" m="14359" /><F125/><W107/><G107/><T91/><D91/><U31/><E31/><V21/><F21/><W9/><G9/><T88/><D88/><U99/><E131/><V72/><F72/><W75/><G79/><T123/><D123/><U38/><E73/><V102/><F102/><W129/><G129/><T36/><D36/><U30/><E0/><V108/><F108/><W43/><G75/><T45/><D45/><U11/><E3/><V40/><F81/><W53/><G74/><T133/><D133/><U15/><E30/><V82/><F82/><W86/><G86/><AGARI ba="0,0" hai="22,25,28,40,44,48,61,63,84,85,86" m="14359" machi="86" ten="30,5800,0" yaku="8,1,52,2" doraHai="58" who="2" fromWho="3" sc="364,0,276,0,188,58,172,-58" /><INIT seed="2,1,0,4,3,27" ten="364,276,246,114" oya="2" hai0="88,123,63,126,69,133,97,85,67,103,61,37,86" hai1="131,18,65,19,75,114,0,16,60,70,46,7,84" hai2="101,125,47,38,109,54,48,90,80,111,43,23,3" hai3="14,119,93,130,78,71,113,20,26,73,102,62,12"/><V4/><F125/><W129/><G119/><T50/><D123/><U2/><E114/><V6/><F101/><W108/><G113/><T116/><D37/><U15/><E75/><V51/><F23/><W96/><G108/><N who="2" m="41545" /><F3/><W45/><G45/><T82/><D133/><U42/><E131/><V24/><F24/><W127/><G127/><T55/><D116/><U1/><E84/><N who="2" m="50439" /><F48/><W33/><G33/><T100/><D126/><U64/><E64/><V135/><F135/><W99/><G99/><T98/><D63/><U128/><E128/><V21/><F21/><W5/><G129/><T134/><D134/><U74/><E74/><V94/><F94/><W107/><G93/><T68/><D69/><U36/><REACH who="1" step="1"/><E15/><REACH who="1" ten="364,266,246,114" step="2"/><V83/><F83/><W105/><G14/><T13/><D13/><U41/><E41/><V11/><F11/><AGARI ba="1,1" hai="0,1,2,7,11,16,18,19,36,42,46,60,65,70" machi="11" ten="40,2600,0" yaku="1,1,54,1,53,0" doraHai="27" doraHaiUra="117" who="1" fromWho="2" sc="364,0,266,39,246,-29,114,0" /><INIT seed="3,0,0,3,2,84" ten="364,305,217,114" oya="3" hai0="78,76,19,38,27,121,7,74,28,124,101,58,71" hai1="85,125,66,50,13,14,100,30,67,122,129,119,75" hai2="23,116,51,64,18,115,57,26,120,72,56,105,127" hai3="10,88,89,2,123,37,69,22,82,35,36,83,96"/><W126/><G35/><T46/><D71/><U62/><E75/><V65/><F72/><W107/><G69/><T128/><D121/><U90/><E122/><V98/><F115/><W114/><G123/><T8/><D19/><U48/><E125/><V32/><F127/><W15/><G114/><T63/><D101/><U5/><E129/><V25/><F116/><W60/><G126/><T3/><D128/><U81/><E119/><V34/><F120/><W92/><G2/><T47/><D124/><U134/><E134/><V21/><F98/><W20/><G107/><T12/><D3/><U117/><E117/><V43/><F43/><W106/><G106/><T55/><D74/><U95/><E30/><V80/><F80/><N who="3" m="30763" /><G36/><T94/><D94/><U44/><E5/><V109/><F105/><W39/><G39/><T73/><D73/><U33/><E33/><V93/><F93/><N who="3" m="56367" /><G60/><T17/><D7/><U118/><E118/><V113/><F113/><W110/><G37/><T99/><D99/><N who="1" m="59519" /><E48/><V16/><F51/><W133/><G133/><T59/><D38/><U97/><E97/><V40/><F40/><W49/><G49/><N who="0" m="31087" /><D78/><U54/><E62/><V4/><REACH who="2" step="1"/><F4/><REACH who="2" ten="364,305,207,114" step="2"/><N who="3" m="3527" /><G110/><AGARI ba="0,1" hai="16,18,21,23,25,26,32,34,56,57,64,65,109,110" machi="110" ten="25,6400,0" yaku="1,1,22,2,54,1,53,0" doraHai="84" doraHaiUra="130" who="2" fromWho="3" sc="364,0,305,0,207,74,114,-64" owari="364,46.4,305,10.5,281,-11.9,50,-45.0" /></mjloggm>