<mjloggm ver="2.3"><GO type="225" lobby="0"/><UN n0="%E7%B4%94%E6%BD%94%E3%83%94%E3%83%A9%E3%83%8B%E3%82%A2" n1="%48%61%61%61%6C%61%6E%64" n2="%E6%9A%87%E4%BA%BA%EF%BC%A0%E9%85%8D%E4%BF%A1%E5%9E%A2" n3="%E3%82%BF%E3%83%BC%E3%83%90%E3%83%B3%E9%87%8E%E5%8F%A3" dan="16,18,17,16" rate="2155.83,2228.43,2203.18,2134.46" sx="M,M,M,M"/><TAIKYOKU oya="0"/><INIT seed="0,0,0,5,4,73" ten="250,250,250,250" oya="0" hai0="93,101,129,18,72,120,86,1,42,17,78,28,53" hai1="87,21,114,118,124,133,22,119,75,121,37,115,96" hai2="41,97,49,85,20,128,7,32,25,34,31,24,6" hai3="50,126,116,27,64,95,99,127,82,90,106,66,125"/><T3/><BYE who="1" /><D120/><U102/><E102/><V60/><F128/><W69/><G116/><T111/><D129/><U81/><E81/><V2/><F97/><UN n1="%48%61%61%61%6C%61%6E%64" /><W113/><G113/><N who="1" m="43018" /><E75/><V45/><F2/><W38/><G38/><T13/><D42/><U16/><E37/><V65/><F85/><W8/><G69/><T35/><D17/><U109/><E121/><V89/><F89/><W123/><G123/><T11/><D111/><U52/><E109/><V104/><F104/><W9/><G27/><T70/><D70/><U29/><E87/><V63/><F63/><W58/><G106/><T33/><D53/><U12/><E96/><V4/><REACH who="2" step="1"/><F24/><REACH who="2" ten="250,250,240,250" step="2"/><W36/><G82/><T117/><D3/><U23/><E118/><V76/><F76/><W54/><REACH who="3" step="1"/><G36/><REACH who="3" ten="250,250,240,240" step="2"/><T77/><D117/><U30/><E119/><V71/><AGARI ba="0,2" hai="4,6,7,20,25,31,32,34,41,45,49,60,65,71" machi="71" ten="30,2000,0" yaku="1,1,0,1,53,0" doraHai="73" doraHaiUra="132" who="2" fromWho="2" sc="250,-10,250,-5,240,40,240,-5" /><INIT seed="1,0,0,2,5,118" ten="240,245,280,235" oya="1" hai0="11,3,75,107,135,6,7,46,68,113,97,93,15" hai1="34,17,74,47,110,129,88,25,10,114,36,108,62" hai2="28,83,57,133,94,130,63,76,41,16,124,60,104" hai3="53,37,134,61,65,101,123,131,77,85,127,18,120"/><U32/><E114/><V64/><F104/><W67/><G101/><T71/><D75/><U121/><E74/><V126/><F133/><W39/><G77/><T103/><D113/><U31/><E129/><V117/><F117/><W8/><G85/><T105/><D135/><U48/><E36/><N who="3" m="13898" /><G18/><T20/><D46/><U38/><E38/><V66/><F41/><W26/><G8/><T125/><D125/><N who="2" m="48234" /><F28/><W33/><G26/><T55/><D55/><N who="1" m="30111" /><E62/><V111/><F94/><W52/><G33/><T19/><REACH who="0" step="1"/><D6/><REACH who="0" ten="230,245,280,235" step="2"/><U92/><E108/><V43/><F111/><W95/><G127/><T9/><D9/><U122/><E110/><V73/><F43/><W56/><G134/><T81/><D81/><U69/><E10/><V91/><F130/><W13/><G131/><T0/><D0/><U45/><E45/><V115/><F115/><W22/><G95/><T21/><D21/><U90/><E92/><V89/><F16/><W54/><G22/><T112/><D112/><U79/><E17/><V128/><F128/><W116/><G116/><T4/><D4/><U59/><E32/><V109/><F109/><W40/><G13/><T23/><D23/><U35/><E35/><V86/><F73/><W84/><G40/><T2/><D2/><U24/><E34/><V100/><F100/><W50/><G67/><T58/><D58/><AGARI ba="0,1" hai="57,58,60,63,64,66,76,83,86,89,91" m="48234" machi="58" ten="30,1000,0" yaku="18,1" doraHai="118" who="2" fromWho="0" sc="230,-10,245,0,280,20,235,0" /><INIT seed="2,0,0,0,1,33" ten="220,245,300,235" oya="2" hai0="45,66,42,11,25,7,71,89,57,121,102,96,112" hai1="59,93,83,133,23,68,114,118,106,86,98,79,29" hai2="0,3,38,65,47,90,109,28,122,77,60,125,21" hai3="72,107,26,116,80,14,18,69,37,61,120,131,85"/><V64/><F122/><W31/><G116/><T50/><D121/><U103/><E68/><V104/><F77/><W48/><G120/><T88/><D71/><U34/><E114/><V13/><F104/><W108/><G37/><T84/><D112/><U56/><E118/><V78/><F78/><W1/><G72/><T58/><D25/><N who="1" m="16575" /><E34/><V39/><F65/><W127/><G107/><T75/><D75/><N who="1" m="43519" /><E133/><V100/><F100/><W135/><G135/><T134/><D134/><U92/><E92/><V24/><F13/><W15/><G15/><T35/><D35/><U70/><E70/><V53/><F64/><W10/><G14/><T62/><D58/><U74/><E74/><V129/><F90/><AGARI ba="0,0" hai="56,59,86,90,93,98,103,106" m="43519,16575" machi="90" ten="30,1000,0" yaku="24,1" doraHai="33" who="1" fromWho="2" sc="220,0,245,10,300,-10,235,0" /><INIT seed="3,0,0,5,5,130" ten="220,255,290,235" oya="3" hai0="46,36,128,60,9,113,99,7,59,74,129,107,31" hai1="20,19,64,85,127,58,112,47,122,43,93,53,23" hai2="100,131,70,68,123,78,80,116,65,67,124,87,11" hai3="81,108,117,0,26,50,17,22,75,106,104,61,62"/><W96/><G117/><T15/><D74/><U3/><E122/><V14/><F116/><W111/><G0/><T82/><D82/><U33/><E33/><V84/><F131/><N who="0" m="50250" /><D113/><U54/><E112/><V66/><F123/><W45/><G75/><T133/><D133/><U10/><E127/><V69/><F100/><N who="3" m="62471" /><G81/><T1/><D31/><U125/><E125/><V6/><REACH who="2" step="1"/><F124/><REACH who="2" ten="220,255,280,235" step="2"/><W34/><G106/><T97/><D107/><U71/><E93/><V90/><F90/><W63/><G34/><T13/><D99/><U120/><E120/><V119/><F119/><W24/><G108/><T39/><D97/><U28/><E85/><AGARI ba="0,1" hai="6,11,14,65,66,67,68,69,70,78,80,84,85,87" machi="85" ten="50,1600,0" yaku="1,1,53,0" doraHai="130" doraHaiUra="91" who="2" fromWho="1" sc="220,0,255,-16,280,26,235,0" owari="220,-28.0,239,3.9,306,40.6,235,-16.5" /></mjloggm>