<mjloggm ver="2.3"><GO type="225" lobby="0"/><UN n0="%72%69%6F%75%63%68%61%6E" n1="%E7%99%BD%E6%97%A5%E9%9B%AA%E8%8F%9C" n2="%E3%82%BC%E3%83%AB%E3%83%80%E3%81%AE%E4%BC%9D%E8%AA%AC" n3="%E3%81%B5%E3%81%98%E3%81%8B%E3%81%A4" dan="16,17,17,17" rate="2211.65,2211.16,2211.40,2218.34" sx="M,M,M,M"/><TAIKYOKU oya="0"/><INIT seed="0,0,0,2,3,1" ten="250,250,250,250" oya="0" hai0="114,9,126,107,3,94,60,50,88,128,13,42,24" hai1="32,29,104,15,83,109,61,110,118,46,25,93,48" hai2="72,99,31,113,53,132,112,74,129,35,85,130,77" hai3="92,97,80,125,43,40,89,55,62,47,111,7,98"/><T73/><D114/><N who="2" m="44138" /><F31/><W0/><G111/><N who="1" m="42506" /><E104/><V133/><F35/><W106/><G125/><T27/><D126/><U86/><E118/><V124/><F124/><W10/><G80/><T18/><D128/><N who="2" m="49258" /><F53/><W119/><G119/><T84/><D73/><N who="2" m="28266" /><F99/><W121/><G121/><T90/><D107/><U70/><E15/><V105/><F105/><W64/><G55/><T52/><D3/><U78/><E32/><V17/><F17/><W39/><G43/><T19/><D19/><U103/><E29/><V115/><N who="2" m="44146" /><V54/><DORA hai="12" /><F54/><W49/><G106/><T4/><D18/><U45/><E25/><V82/><AGARI ba="0,0" hai="77,82,85,132,133" m="28266,49258,44146" machi="82" ten="50,6400,0" yaku="19,1,34,2" doraHai="1,12" who="2" fromWho="2" sc="250,-32,250,-16,250,64,250,-16" /><INIT seed="1,0,0,4,0,103" ten="218,234,314,234" oya="1" hai0="135,123,70,119,72,96,9,128,111,107,67,2,60" hai1="108,41,23,74,85,26,54,56,120,30,112,68,31" hai2="100,16,55,66,40,80,48,98,47,114,17,79,125" hai3="82,104,38,106,39,84,29,22,18,88,90,127,78"/><U50/><E74/><V61/><F125/><W13/><G127/><T10/><RYUUKYOKU type="yao9" ba="0,0" sc="218,0,234,0,314,0,234,0" hai0="2,9,10,60,67,70,72,96,107,111,119,123,128,135" /><INIT seed="1,1,0,2,5,81" ten="218,234,314,234" oya="1" hai0="72,17,53,74,44,48,83,32,55,7,30,129,73" hai1="56,91,59,113,124,50,130,69,97,108,110,25,19" hai2="105,15,33,39,121,5,134,119,132,75,88,111,102" hai3="37,6,79,10,114,29,35,106,116,78,28,52,112"/><U49/><E113/><V12/><F119/><W117/><G106/><T22/><D129/><U109/><E69/><V60/><F121/><W125/><G37/><T100/><D100/><U38/><E38/><V47/><F111/><W68/><G68/><T13/><D7/><U11/><E130/><V96/><F75/><W24/><G125/><T65/><D65/><U66/><E124/><V31/><F60/><W80/><G79/><T2/><D2/><U126/><E126/><V86/><F5/><W43/><G43/><T41/><REACH who="0" step="1"/><D83/><REACH who="0" ten="208,234,314,234" step="2"/><U23/><E66/><V85/><F102/><W95/><G80/><T27/><AGARI ba="1,1" hai="13,17,22,27,30,32,41,44,48,53,55,72,73,74" machi="27" ten="40,5200,0" yaku="1,1,2,1,0,1,53,0" doraHai="81" doraHaiUra="76" who="0" fromWho="0" sc="208,65,234,-27,314,-14,234,-14" /><INIT seed="2,0,0,4,3,38" ten="273,207,300,220" oya="2" hai0="0,120,32,21,87,35,98,10,15,29,117,72,55" hai1="121,102,85,3,101,75,22,33,5,69,82,53,9" hai2="23,30,80,73,105,70,127,6,91,119,42,20,97" hai3="104,36,43,54,76,84,41,4,58,61,34,92,128"/><V47/><F119/><W132/><G104/><T107/><D120/><U51/><E33/><V63/><F127/><W12/><G34/><T31/><D72/><U67/><E75/><V113/><F113/><W2/><G2/><T7/><D117/><U122/><E22/><V64/><F30/><N who="0" m="11274" /><D87/><U17/><E17/><V79/><F6/><W135/><G36/><T111/><D55/><U8/><E8/><V25/><F25/><W16/><G4/><N who="0" m="1287" /><D98/><U11/><E11/><V66/><F66/><W50/><G128/><T28/><D107/><U118/><E118/><V37/><REACH who="2" step="1"/><F91/><REACH who="2" ten="273,207,290,220" step="2"/><N who="3" m="53351" /><G76/><T59/><D7/><U114/><E114/><V99/><F99/><W74/><G135/><T26/><D28/><U44/><E67/><V133/><F133/><W71/><G132/><T112/><D26/><U13/><E3/><V14/><F14/><W124/><G124/><T96/><D96/><U40/><E121/><V27/><F27/><W125/><G125/><T45/><D112/><U65/><E122/><V24/><F24/><W19/><G19/><T129/><D32/><U131/><E131/><V110/><F110/><W89/><G89/><T83/><D35/><U130/><E130/><V94/><F94/><W81/><G12/><T90/><D111/><U88/><REACH who="1" step="1"/><E53/><REACH who="1" ten="273,197,290,220" step="2"/><V103/><AGARI ba="0,2" hai="20,23,37,42,47,63,64,70,73,79,80,97,103,105" machi="103" ten="30,11700,0" yaku="1,1,0,1,52,1,53,1" doraHai="38" doraHaiUra="106" who="2" fromWho="2" sc="273,-39,197,-39,290,137,220,-39" /><INIT seed="2,1,0,1,4,23" ten="234,158,427,181" oya="2" hai0="42,76,100,44,20,102,94,51,134,135,111,97,110" hai1="107,101,91,60,132,33,106,84,40,46,50,103,113" hai2="58,80,4,66,98,48,124,47,19,96,63,79,70" hai3="71,64,3,57,0,117,83,61,30,38,109,10,5"/><V77/><F124/><W104/><G117/><T11/><D76/><U41/><E113/><V128/><F128/><W26/><G109/><N who="0" m="41483" /><D11/><U59/><E132/><N who="0" m="50729" /><D20/><U22/><E33/><V24/><F70/><W126/><G38/><T92/><D100/><U65/><E40/><V72/><F4/><W99/><G126/><T69/><D69/><U112/><E112/><V131/><F131/><W89/><G57/><T7/><D7/><U129/><E129/><V90/><F79/><W36/><G36/><T62/><D62/><U122/><E122/><V16/><F90/><W29/><G89/><T114/><D114/><U123/><E123/><V130/><F130/><W118/><G118/><T34/><D34/><U52/><E106/><AGARI ba="1,0" hai="42,44,51,92,94,97,102,106" m="50729,41483" machi="106" ten="30,2000,0" yaku="14,1,20,1" doraHai="23" who="0" fromWho="1" sc="234,23,158,-23,427,0,181,0" /><INIT seed="3,0,0,5,4,79" ten="257,135,427,181" oya="3" hai0="91,38,102,0,7,99,133,75,64,33,28,72,12" hai1="5,10,17,70,62,124,59,16,51,116,40,18,131" hai2="37,73,89,87,74,132,128,78,68,56,26,32,106" hai3="6,24,60,105,129,63,123,125,82,97,57,55,36"/><W1/><G123/><T61/><D12/><U11/><E131/><V9/><F68/><W135/><G36/><T94/><D38/><U96/><E124/><V53/><F37/><W13/><G135/><T66/><D66/><U21/><E116/><V95/><F128/><W71/><G1/><T86/><D133/><U111/><E111/><V112/><F106/><W92/><G24/><T126/><D126/><U46/><E70/><V14/><F78/><W29/><G29/><T122/><D122/><U20/><E96/><V50/><F112/><W80/><G105/><T23/><D23/><U30/><E30/><V117/><F117/><W113/><G113/><T98/><D98/><U19/><N who="1" m="4096" /><DORA hai="101" /><U83/><E83/><V41/><F41/><W103/><G125/><T115/><D115/><U121/><E121/><V43/><F43/><W77/><G77/><T3/><D7/><U47/><E47/><V22/><F32/><W127/><G127/><T49/><D49/><U76/><E76/><V108/><F108/><W27/><G71/><N who="0" m="42383" /><D0/><U84/><E84/><V31/><F132/><W118/><G6/><AGARI ba="0,0" hai="6,9,14,22,26,31,50,53,56,73,74,87,89,95" machi="6" ten="30,1000,0" yaku="7,1" doraHai="79,101" who="2" fromWho="3" sc="257,0,135,0,427,10,181,-10" owari="257,5.7,135,-36.5,437,53.7,171,-22.9" /></mjloggm>