<mjloggm ver="2.3"><GO type="225" lobby="0"/><UN n0="%E3%83%A9%E3%83%BC%E3%83%A1%E3%83%B3%E4%BA%94%E9%83%8E" n1="%E3%81%A9%E3%82%8F%E3%82%93%E3%81%94" n2="%E6%B8%A9%E2%98%85%E6%83%85%E2%98%85%E6%8E%AA%E2%98%85%E7%BD%AE" n3="%E5%B0%8F%E9%B3%A5%E9%81%8A%E7%B7%B4%E7%84%A1%32%31%E6%AD%B3" dan="16,16,16,16" rate="2072.83,2131.77,2165.17,2173.85" sx="M,M,M,F"/><TAIKYOKU oya="0"/><INIT seed="0,0,0,2,5,63" ten="250,250,250,250" oya="0" hai0="125,35,38,1,116,107,79,56,40,76,46,103,9" hai1="24,110,75,55,5,99,74,73,115,135,118,114,84" hai2="30,77,6,37,48,88,19,59,69,94,100,32,109" hai3="50,23,105,51,78,65,87,129,22,101,128,123,97"/><T18/><D116/><U60/><E5/><V43/><F109/><W42/><G123/><T82/><D35/><U49/><E118/><V34/><F69/><W58/><G42/><T92/><D107/><U113/><E110/><V121/><F37/><W52/><G50/><T66/><D125/><U12/><E135/><V80/><F6/><W102/><G102/><T15/><D1/><U85/><E12/><V72/><F100/><W106/><G106/><T8/><D8/><U89/><E60/><V17/><F121/><W64/><G87/><T120/><D120/><U98/><E24/><V132/><F132/><W27/><G78/><T111/><D111/><U131/><E131/><N who="3" m="50250" /><G22/><T104/><D104/><U0/><E0/><V54/><F43/><W117/><G117/><T119/><D119/><U53/><E49/><V11/><F11/><W112/><G112/><T134/><D134/><U20/><E20/><V29/><F34/><W86/><G86/><N who="1" m="33386" /><E89/><V81/><F81/><W90/><G90/><T44/><D44/><U61/><E61/><V10/><F10/><W126/><G126/><T3/><D3/><U96/><AGARI ba="0,0" hai="53,55,73,74,75,96,98,99,113,114,115" m="33386" machi="96" ten="50,8000,1" yaku="29,2,28,2,11,1" doraHai="63" who="1" fromWho="1" sc="250,-40,250,80,250,-20,250,-20" /><INIT seed="1,0,0,4,5,93" ten="210,330,230,230" oya="1" hai0="55,60,61,122,9,38,49,96,11,102,130,17,120" hai1="68,124,52,42,78,115,116,33,103,56,30,106,99" hai2="48,5,8,74,39,23,133,135,100,111,31,113,105" hai3="73,46,63,101,47,1,13,86,22,7,117,18,3"/><U50/><E115/><V15/><F39/><W53/><G73/><T0/><D130/><U2/><E116/><V4/><F74/><W134/><G134/><N who="2" m="51209" /><F113/><W81/><G117/><T129/><D38/><U37/><E2/><V71/><F71/><W108/><G108/><T80/><D80/><U54/><E78/><V114/><F114/><W32/><G32/><T25/><D129/><U58/><E68/><V57/><F111/><W132/><G132/><T95/><D0/><U28/><E33/><V88/><F100/><W119/><G119/><T66/><D25/><U94/><E106/><V16/><F105/><W67/><G101/><T110/><D110/><U82/><E82/><V83/><F31/><W121/><G121/><N who="0" m="46699" /><D66/><U41/><E124/><V29/><F29/><N who="1" m="11369" /><E37/><V59/><F48/><AGARI ba="0,0" hai="41,42,48,50,52,54,56,58,94,99,103" m="11369" machi="48" ten="30,5800,0" yaku="8,1,52,1,54,1" doraHai="93" who="1" fromWho="2" sc="210,0,330,58,230,-58,230,0" /><INIT seed="1,1,0,0,0,123" ten="210,388,172,230" oya="1" hai0="87,106,108,63,88,68,50,133,131,2,27,91,1" hai1="64,103,37,129,57,84,65,112,33,134,70,73,18" hai2="121,81,49,82,119,46,19,36,115,99,34,69,105" hai3="83,20,39,56,101,107,74,97,25,86,15,42,71"/><U60/><E112/><V51/><F119/><W10/><G71/><T114/><D114/><U93/><E73/><V12/><F121/><W77/><G39/><T4/><D106/><U43/><E33/><V17/><F34/><W102/><G102/><T66/><D133/><U61/><E134/><V125/><F69/><W67/><G42/><T44/><D131/><U23/><E129/><V55/><F36/><W95/><G56/><T21/><D91/><U8/><E8/><V94/><F105/><W45/><G45/><T124/><D124/><U29/><E29/><V5/><F125/><W122/><G67/><T92/><D4/><U14/><E37/><V31/><F31/><W59/><G59/><T75/><D75/><U54/><E43/><V110/><F110/><W132/><G132/><T35/><D35/><U100/><E65/><V113/><F5/><W79/><G79/><T53/><REACH who="0" step="1"/><D108/><REACH who="0" ten="200,388,172,230" step="2"/><U52/><E103/><N who="2" m="60919" /><F115/><W104/><G74/><T9/><D9/><U28/><E100/><V72/><F72/><W116/><G122/><T16/><AGARI ba="1,1" hai="1,2,16,21,27,44,50,53,63,66,68,87,88,92" machi="16" ten="20,8000,1" yaku="1,1,0,1,7,1,54,2,53,0" doraHai="123" doraHaiUra="7" who="0" fromWho="0" sc="200,93,388,-41,172,-21,230,-21" /><INIT seed="2,0,0,1,1,120" ten="293,347,151,209" oya="2" hai0="44,25,2,134,72,112,36,125,114,69,8,54,59" hai1="103,83,133,53,82,4,19,47,127,129,123,55,68" hai2="88,32,108,56,15,52,85,79,0,1,95,23,41" hai3="98,29,86,124,26,10,40,71,38,93,122,74,58"/><V94/><F32/><W132/><G74/><T9/><D72/><U33/><E68/><V118/><F118/><W12/><G122/><T100/><D69/><U60/><E123/><V45/><F79/><W106/><G71/><T51/><D100/><U39/><E33/><V104/><F104/><W20/><G124/><T61/><D36/><U135/><E127/><V3/><F95/><W46/><G132/><N who="1" m="50762" /><E4/><V109/><F15/><W87/><G58/><T128/><D128/><U81/><E129/><V17/><F17/><W78/><G78/><T67/><D125/><U31/><E31/><V92/><F23/><W119/><G106/><T105/><D105/><U13/><E103/><V6/><F94/><W11/><G119/><T121/><D2/><U65/><E60/><V21/><F21/><W77/><G77/><T89/><D121/><U48/><E65/><V117/><F6/><W96/><G96/><T16/><D134/><U73/><E39/><V110/><F117/><W76/><G10/><N who="0" m="4203" /><D89/><U28/><E28/><V131/><F131/><W42/><G76/><T66/><D66/><U99/><E99/><V116/><F116/><W115/><G86/><T130/><D130/><U24/><E24/><V57/><F52/><W102/><G87/><T97/><D97/><U70/><E73/><V63/><F63/><W43/><G115/><T22/><D114/><U107/><E107/><V50/><AGARI ba="0,0" hai="0,1,3,41,45,50,56,57,85,88,92,108,109,110" machi="50" ten="40,18000,2" yaku="0,1,14,1,10,1,52,3,54,1" doraHai="120" who="2" fromWho="2" sc="293,-60,347,-60,151,180,209,-60" /><INIT seed="2,1,0,3,2,89" ten="233,287,331,149" oya="2" hai0="67,79,46,70,34,117,36,121,103,21,83,66,74" hai1="47,16,86,78,73,104,23,119,101,15,69,39,75" hai2="93,24,48,52,11,81,51,88,91,55,5,42,90" hai3="12,32,9,4,2,31,29,56,68,108,135,63,130"/><V96/><F24/><W61/><G108/><T80/><D121/><U53/><E119/><V17/><F17/><W92/><G68/><T100/><D34/><U10/><E69/><V95/><F42/><W114/><G130/><T109/><D109/><U6/><E104/><V58/><F81/><W57/><G135/><T127/><D117/><U45/><E101/><V110/><F110/><W40/><G40/><T115/><D115/><U102/><E102/><V44/><F95/><W27/><G114/><T26/><D127/><U128/><E128/><V18/><F18/><W85/><G31/><T37/><D83/><N who="1" m="47479" /><E75/><V65/><F65/><W132/><G132/><T38/><D103/><U30/><E73/><V97/><F97/><W106/><G106/><T19/><D70/><U20/><E39/><V3/><AGARI ba="1,0" hai="3,5,11,44,48,51,52,55,58,88,90,91,93,96" machi="3" ten="20,12000,1" yaku="0,1,7,1,52,1,54,2" doraHai="89" who="2" fromWho="2" sc="233,-41,287,-41,331,123,149,-41" /><INIT seed="2,2,0,1,0,10" ten="192,246,454,108" oya="2" hai0="40,101,50,92,80,118,83,4,1,89,121,130,55" hai1="65,87,32,7,33,76,116,3,45,98,68,8,77" hai2="22,28,41,132,93,26,110,103,126,23,81,129,104" hai3="71,47,51,111,2,128,25,13,117,70,88,102,74"/><V133/><F104/><W16/><G2/><T122/><D130/><U69/><E116/><V61/><F129/><W5/><G128/><T127/><D118/><U27/><E98/><N who="2" m="59855" /><F41/><W49/><G74/><T79/><D127/><U62/><E69/><V124/><F81/><W11/><G117/><T84/><D101/><U131/><E131/><V85/><F85/><W38/><G102/><T42/><D1/><U108/><E108/><V105/><F105/><W115/><G38/><T19/><D4/><U100/><E100/><V82/><F82/><W15/><G25/><T17/><D121/><U125/><E125/><N who="2" m="48235" /><F110/><W6/><G111/><T72/><D122/><U36/><E87/><V63/><F23/><W120/><G120/><T78/><D40/><U21/><E33/><V123/><F123/><W29/><G29/><T18/><D42/><U31/><E32/><V75/><F75/><W9/><G47/><N who="0" m="28127" /><D72/><U86/><E86/><V67/><F63/><W91/><REACH who="3" step="1"/><G16/><REACH who="3" ten="192,246,454,98" step="2"/><T0/><D0/><U113/><E36/><V44/><F44/><W112/><AGARI ba="2,1" hai="5,6,9,11,13,15,49,51,70,71,88,91,112,115" machi="112" ten="25,16000,3" yaku="1,1,2,1,0,1,22,2,52,2,54,1,53,0" doraHai="10" doraHaiUra="59" who="3" fromWho="3" sc="192,-42,246,-42,454,-82,98,176" /><INIT seed="3,0,0,5,4,112" ten="150,204,372,274" oya="3" hai0="36,83,66,88,34,42,97,65,77,37,120,92,72" hai1="24,61,20,23,111,100,85,44,135,121,32,15,105" hai2="110,68,57,9,16,0,13,81,56,69,4,49,109" hai3="132,50,53,11,54,22,134,125,108,94,119,93,116"/><W71/><G71/><N who="2" m="27209" /><F49/><W27/><G11/><T7/><D120/><U1/><E1/><V87/><F4/><W51/><G108/><N who="2" m="41577" /><F0/><W60/><G125/><T12/><D34/><U46/><E85/><V64/><F64/><W86/><G60/><T25/><D25/><U55/><E23/><V48/><F48/><N who="3" m="18475" /><G86/><T28/><D28/><U31/><E135/><N who="3" m="51754" /><G93/><T80/><D80/><U74/><E105/><V10/><F9/><W58/><G94/><T133/><D133/><U43/><E121/><V95/><F95/><W45/><G45/><T123/><D123/><U52/><E46/><V114/><F114/><W26/><G26/><T82/><D82/><U129/><E24/><V91/><AGARI ba="0,0" hai="10,13,16,56,57,81,87,91" m="41577,27209" machi="91" ten="30,2000,0" yaku="14,1,54,1" doraHai="112" who="2" fromWho="2" sc="150,-5,204,-5,372,20,274,-10" owari="145,-35.5,199,-20.1,392,49.2,264,6.4" /></mjloggm>