<mjloggm ver="2.3"><GO type="225" lobby="0"/><UN n0="%E5%84%AA%40%41%42%43" n1="%E7%B4%94%E6%BD%94%E3%83%94%E3%83%A9%E3%83%8B%E3%82%A2" n2="%E5%AF%82%E5%AF%9E%E3%82%AE%E3%83%8D%E3%82%B9%E3%83%93%E3%83%BC%E3%83%AB" n3="%E9%80%86%E9%80%A3%E5%B8%AF%E3%81%AE%E9%AC%BC" dan="17,16,16,16" rate="2254.32,2149.84,2140.84,2113.94" sx="M,M,M,M"/><TAIKYOKU oya="0"/><INIT seed="0,0,0,0,1,122" ten="250,250,250,250" oya="0" hai0="126,91,45,76,15,11,63,41,95,36,96,105,55" hai1="119,20,7,10,117,60,78,59,50,38,84,127,24" hai2="68,46,97,115,48,98,88,9,51,87,124,37,6" hai3="120,107,71,44,134,34,113,65,30,133,5,52,40"/><T79/><D126/><U90/><E38/><V31/><F115/><W83/><G120/><T114/><D114/><U54/><E78/><V28/><F68/><W131/><G113/><T53/><D105/><U69/><E69/><V16/><F37/><W82/><G131/><T66/><D79/><U47/><E127/><V67/><F67/><W125/><G125/><T100/><D76/><U70/><E70/><V12/><F6/><W23/><G107/><T0/><D0/><U19/><E10/><V89/><F51/><W128/><G34/><T106/><D66/><U57/><E57/><V111/><F111/><W116/><G116/><T102/><D63/><U80/><REACH who="1" step="1"/><E7/><REACH who="1" ten="250,240,250,250" step="2"/><V42/><F124/><W17/><G5/><T29/><D36/><U123/><E123/><V13/><F13/><W27/><G71/><T112/><D112/><U101/><E101/><V77/><F77/><W73/><G134/><T93/><D102/><U25/><E25/><V61/><F89/><W72/><G27/><T49/><D106/><U33/><E33/><V3/><F3/><W39/><G133/><T99/><D29/><N who="2" m="11338" /><F61/><W22/><G39/><T58/><D58/><U130/><E130/><V118/><F118/><W32/><G128/><T74/><D74/><U132/><E132/><V81/><AGARI ba="0,1" hai="9,12,16,42,46,48,81,87,88,97,98" m="11338" machi="81" ten="30,4000,0" yaku="8,1,54,2" doraHai="122" who="2" fromWho="2" sc="250,-20,240,-10,250,50,250,-10" /><INIT seed="1,0,0,0,5,14" ten="230,230,300,240" oya="1" hai0="30,10,4,111,95,125,70,6,51,65,114,84,1" hai1="74,58,33,73,119,101,113,32,42,102,53,79,9" hai2="43,120,28,67,77,81,99,21,5,36,135,27,127" hai3="94,49,126,83,91,39,89,64,2,46,47,61,85"/><U88/><E119/><V37/><F120/><W108/><G108/><T105/><D105/><U110/><E113/><V41/><F135/><W52/><G126/><T103/><D114/><U13/><E42/><V78/><F127/><W18/><G2/><T116/><D116/><U69/><E69/><V80/><F67/><W17/><G39/><T115/><D115/><U117/><E117/><V24/><F99/><W122/><G47/><T34/><D111/><U133/><E133/><V106/><F21/><W124/><G122/><T76/><D6/><U45/><E45/><V16/><F5/><W75/><G124/><T0/><D1/><U107/><E110/><V44/><F44/><W11/><G11/><T93/><D51/><U50/><E79/><V35/><F106/><W22/><G22/><T38/><D103/><U123/><E123/><V104/><F104/><W60/><G75/><T92/><D38/><U7/><E74/><V71/><F28/><W31/><G31/><T55/><D55/><U87/><E73/><V72/><F72/><W26/><G26/><N who="0" m="18775" /><D125/><U63/><E50/><V23/><F23/><W59/><G61/><N who="0" m="40239" /><D84/><AGARI ba="0,0" hai="17,18,46,49,52,59,60,64,83,84,85,89,91,94" machi="84" ten="30,8000,1" yaku="7,1,8,1,52,2,54,1" doraHai="14" who="3" fromWho="0" sc="230,-80,230,0,300,0,240,80" /><INIT seed="2,0,0,5,1,33" ten="150,230,300,320" oya="2" hai0="87,95,81,120,44,82,29,52,106,70,62,32,102" hai1="65,58,103,110,72,25,34,109,75,71,1,27,19" hai2="129,131,125,91,78,66,83,73,31,80,8,111,57" hai3="46,7,121,13,116,123,14,55,36,86,23,135,89"/><V127/><F31/><W118/><G135/><T35/><D120/><U6/><E103/><V45/><F45/><W20/><G36/><T5/><D106/><U50/><E19/><V128/><F8/><W47/><G55/><T49/><D5/><U38/><E50/><V115/><F57/><W54/><G54/><T24/><D35/><U93/><E58/><V97/><F66/><W114/><G86/><T124/><D124/><N who="2" m="47690" /><F115/><W16/><G114/><T108/><D108/><N who="1" m="41579" /><E93/><N who="2" m="56511" /><F83/><W56/><G56/><T107/><D107/><U99/><E99/><V101/><F111/><W68/><G68/><T51/><D51/><U12/><E12/><V98/><F98/><W41/><G16/><T4/><D102/><AGARI ba="0,0" hai="73,78,80,101,102,128,129,131" m="56511,47690" machi="102" ten="40,12000,1" yaku="19,1,18,1,34,2" doraHai="33" who="2" fromWho="0" sc="150,-120,230,0,300,120,320,0" /><INIT seed="2,1,0,4,2,28" ten="30,230,420,320" oya="2" hai0="33,25,43,2,60,46,42,34,134,125,87,4,74" hai1="82,12,35,21,67,77,116,8,61,52,44,115,32" hai2="23,86,121,22,88,7,135,106,95,47,5,84,50" hai3="37,131,92,118,40,20,27,11,3,36,104,105,100"/><V0/><F106/><W19/><G118/><T13/><D134/><U103/><E116/><V14/><F121/><W123/><G131/><T126/><D25/><U98/><E21/><N who="2" m="7691" /><F0/><W57/><G123/><T124/><D13/><U39/><E115/><V133/><F14/><W69/><G69/><T120/><D120/><U83/><E83/><V63/><F63/><W64/><G92/><T24/><D24/><U114/><E114/><V68/><F68/><W101/><G105/><T29/><D29/><U53/><E53/><N who="2" m="29919" /><F84/><W65/><G104/><T38/><D87/><U76/><E76/><V55/><F55/><W99/><G37/><N who="0" m="21839" /><D60/><U122/><E122/><V30/><F30/><W73/><G73/><T113/><D74/><U90/><E90/><V91/><F91/><W75/><G75/><T1/><D113/><U127/><E39/><V58/><F58/><W45/><G57/><T62/><D62/><U79/><E79/><V72/><F72/><W80/><G36/><T9/><D1/><U111/><E77/><V54/><F54/><W51/><G3/><T107/><D107/><U108/><E82/><V41/><F41/><W130/><G80/><T48/><D48/><U97/><E103/><V110/><F135/><W102/><G130/><T128/><D128/><U49/><E98/><V59/><F133/><W18/><REACH who="3" step="1"/><G99/><REACH who="3" ten="30,230,420,310" step="2"/><T10/><D10/><U56/><E97/><N who="2" m="57575" /><F59/><W132/><G132/><T117/><D117/><U81/><E81/><V78/><F86/><W96/><G96/><T71/><D71/><U6/><E127/><N who="0" m="32513" /><T129/><DORA hai="66" /><D129/><U17/><E6/><RYUUKYOKU ba="1,1" sc="30,10,230,10,420,-30,310,10" hai0="2,4,9,33,34,38,43" hai1="8,12,17,32,35,44,49,52,56,61,67,108,111" hai3="11,18,19,20,27,40,45,51,64,65,100,101,102" /><INIT seed="3,2,1,3,2,130" ten="40,240,390,320" oya="3" hai0="93,46,73,104,134,91,98,15,68,125,34,106,108" hai1="13,76,78,14,135,102,5,117,72,89,8,59,90" hai2="100,31,57,37,88,26,66,40,25,113,19,9,43" hai3="7,18,62,60,119,35,55,82,74,101,77,52,24"/><W109/><G119/><T111/><D15/><U0/><E117/><V30/><F113/><W41/><G109/><T123/><D46/><U79/><E72/><V84/><F100/><W49/><G7/><T132/><D68/><U45/><E102/><V53/><F66/><W42/><G101/><T115/><D34/><U116/><E116/><V67/><F67/><W12/><G55/><T69/><D69/><U124/><E124/><V11/><F37/><W127/><G127/><T44/><D44/><U61/><E45/><V75/><F75/><W3/><G3/><T97/><D125/><U120/><E120/><V36/><F36/><W129/><G129/><T32/><D32/><U39/><E39/><V92/><F43/><W47/><G42/><T94/><D73/><U22/><E0/><V17/><F40/><W10/><REACH who="3" step="1"/><G41/><REACH who="3" ten="40,240,390,310" step="2"/><T126/><D126/><U58/><E61/><N who="2" m="36015" /><F17/><W2/><G2/><T50/><D50/><U6/><E8/><N who="2" m="3147" /><F19/><W83/><G83/><T48/><D48/><U54/><E54/><V110/><F110/><W64/><G64/><T29/><D29/><AGARI ba="2,2" hai="25,26,29,30,31,84,88,92" m="3147,36015" machi="29" ten="30,2000,0" yaku="8,1,54,1" doraHai="130" who="2" fromWho="0" sc="40,-26,240,0,390,46,310,0" /><AGARI ba="2,0" hai="10,12,18,24,29,35,47,49,52,60,62,74,77,82" machi="29" ten="40,7700,0" yaku="1,1,54,1,53,1" doraHai="130" doraHaiUra="27" who="3" fromWho="0" sc="14,-77,240,0,436,0,310,77" owari="-63,-56.3,240,-16.0,436,53.6,387,18.7" /></mjloggm>