<mjloggm ver="2.3"><GO type="225" lobby="0"/><UN n0="%E5%B8%86%E7%AB%8B%E5%A4%8F%E8%A1%A3" n1="%E9%80%9F%E6%B0%B4%E5%87%9B%E9%A6%99" n2="%E3%81%BF%E3%82%84%E3%81%93%E3%82%93%EF%BC%91%EF%BC%90%E6%AD%B3" n3="%4B%2E%32%2E%4B%2E" dan="16,16,16,17" rate="2094.85,2129.05,2058.08,2226.16" sx="M,F,M,M"/><TAIKYOKU oya="0"/><INIT seed="0,0,0,0,3,97" ten="250,250,250,250" oya="0" hai0="65,132,130,69,87,118,45,74,41,26,128,100,91" hai1="73,89,86,33,27,44,58,92,121,47,103,4,18" hai2="49,24,82,133,79,42,94,127,110,31,10,123,8" hai3="84,22,83,43,134,112,105,28,66,90,7,68,77"/><T29/><D118/><U108/><E121/><V51/><F123/><W20/><G112/><T67/><D74/><U99/><E73/><V32/><F133/><W40/><G134/><T38/><D132/><U115/><E108/><V62/><F110/><W80/><G105/><T59/><D69/><U64/><E115/><V114/><F114/><W119/><G119/><T78/><D78/><U16/><E4/><V11/><F127/><W116/><G116/><T85/><D100/><U12/><E33/><V55/><F42/><W75/><G28/><T17/><D17/><U95/><E27/><V102/><F62/><W88/><G7/><T39/><D39/><U96/><E86/><V21/><F32/><W135/><G135/><T76/><D76/><U101/><E89/><V54/><F51/><W35/><G35/><T117/><D117/><U124/><E124/><V14/><F14/><W36/><G90/><T30/><D85/><U53/><E64/><N who="0" m="24649" /><D59/><U46/><E12/><V70/><F70/><W131/><G131/><N who="0" m="50219" /><D26/><U48/><AGARI ba="0,0" hai="16,18,44,46,47,48,53,58,92,95,96,99,101,103" machi="48" ten="30,12000,2" yaku="0,1,9,1,8,1,52,2,54,1" doraHai="97" who="1" fromWho="1" sc="250,-60,250,120,250,-30,250,-30" /><INIT seed="1,0,0,5,3,58" ten="190,370,220,220" oya="1" hai0="119,8,38,39,89,133,13,10,131,2,29,110,27" hai1="11,70,36,104,25,32,129,12,94,30,113,35,121" hai2="123,43,16,72,47,99,14,124,48,81,109,83,98" hai3="130,101,86,114,95,112,97,64,117,4,5,56,22"/><U53/><E104/><V15/><F123/><W78/><G130/><T65/><D119/><U42/><E121/><V96/><F109/><W19/><G117/><T40/><D110/><U1/><E113/><V100/><F124/><W45/><G112/><T51/><D133/><U80/><E129/><V55/><F14/><W7/><G114/><T75/><D75/><U23/><E70/><V105/><F43/><W41/><G78/><T60/><D131/><U26/><E42/><V88/><F81/><W34/><G34/><T67/><D67/><U79/><E36/><V90/><F90/><W91/><G56/><T28/><D89/><U85/><E1/><V57/><F57/><W127/><G64/><T50/><D2/><U74/><E74/><V92/><F72/><W3/><G3/><T9/><D13/><U68/><E68/><V54/><F54/><W102/><G86/><T69/><D29/><U106/><E106/><V49/><F49/><N who="3" m="26799" /><G127/><T108/><D108/><U134/><E134/><V116/><F116/><W0/><G0/><T46/><REACH who="0" step="1"/><D39/><REACH who="0" ten="180,370,220,220" step="2"/><U21/><E30/><V103/><F103/><W44/><G44/><T120/><D120/><U31/><E31/><V61/><F105/><W20/><G102/><T66/><D66/><U82/><E79/><V71/><F100/><W128/><G128/><T76/><D76/><U17/><E25/><V84/><F71/><W87/><G19/><T62/><D62/><U24/><E26/><V122/><F122/><W77/><G77/><T132/><D132/><U135/><E135/><V111/><F111/><W115/><G115/><RYUUKYOKU ba="0,1" sc="180,15,370,-15,220,-15,220,15" hai0="8,9,10,27,28,38,40,46,50,51,60,65,69" hai3="4,5,7,20,22,87,91,95,97,101" /><INIT seed="2,1,1,0,0,4" ten="195,355,205,235" oya="2" hai0="53,61,107,41,81,33,114,108,118,70,25,113,29" hai1="64,12,123,58,55,86,16,125,126,93,97,24,39" hai2="26,124,94,57,9,34,79,69,121,110,77,95,65" hai3="62,72,19,66,91,109,127,112,27,96,92,47,116"/><V130/><F121/><W67/><G116/><T85/><D108/><U20/><E39/><V119/><F119/><W128/><G72/><T13/><D118/><U45/><E123/><V76/><F110/><W83/><G109/><T8/><D41/><U90/><E45/><V71/><F130/><W89/><G128/><T134/><D107/><U37/><E37/><V52/><F124/><N who="1" m="47721" /><E64/><V6/><F34/><W23/><G127/><T15/><D15/><U40/><E40/><V63/><F26/><W28/><G112/><T18/><D134/><U7/><E7/><V54/><F54/><W105/><G105/><T131/><D131/><U111/><E111/><V68/><REACH who="2" step="1"/><F65/><REACH who="2" ten="195,355,195,235" step="2"/><W129/><G129/><T31/><D31/><U101/><E24/><V103/><F103/><W10/><G67/><T49/><D70/><U50/><E101/><V98/><F98/><AGARI ba="1,2" hai="12,16,20,50,55,58,86,90,93,97,98" m="47721" machi="98" ten="30,3900,0" yaku="25,1,18,1,54,1" doraHai="4" who="1" fromWho="2" sc="195,0,355,62,195,-42,235,0" /><INIT seed="3,0,0,1,0,69" ten="195,417,153,235" oya="3" hai0="31,84,114,126,32,19,62,120,53,48,41,87,56" hai1="16,82,105,10,131,76,52,123,1,77,74,103,18" hai2="39,47,85,40,73,110,29,70,33,122,128,21,132" hai3="45,54,71,92,6,63,127,125,100,80,36,99,15"/><W101/><G101/><T115/><D120/><U46/><E123/><V37/><F122/><W57/><G71/><T59/><D126/><U98/><E131/><V68/><F73/><W22/><G80/><T117/><D117/><U35/><E35/><V27/><F128/><W28/><G6/><T25/><D19/><U5/><E77/><V75/><F75/><W8/><G8/><T135/><D135/><U112/><E112/><N who="0" m="43049" /><D41/><U107/><E107/><V88/><F132/><W93/><G93/><T50/><D48/><U43/><E52/><AGARI ba="0,0" hai="25,31,32,50,52,53,56,59,62,84,87" m="43049" machi="52" ten="30,2000,0" yaku="11,1,54,1" doraHai="69" who="0" fromWho="1" sc="195,20,417,-20,153,0,235,0" owari="215,-18.5,397,49.7,153,-34.7,235,3.5" /></mjloggm>