<mjloggm ver="2.3"><GO type="225" lobby="0"/><UN n0="%E7%89%B9%E6%9D%B1%E3%81%AF%E4%B8%96%E7%95%8C%E3%82%92%E6%95%91%E3%81%86" n1="%E3%82%A2%E3%83%A1%E3%82%A2%E3%83%A9%E3%83%AC" n2="%79%75%72%69%6D%6F%67" n3="%4B%2E%32%2E%4B%2E" dan="16,16,17,16" rate="2171.23,2169.10,2170.64,2140.32" sx="M,M,F,M"/><TAIKYOKU oya="0"/><INIT seed="0,0,0,0,3,55" ten="250,250,250,250" oya="0" hai0="12,101,94,76,116,0,96,59,97,113,114,95,28" hai1="125,44,5,27,30,64,70,26,53,75,13,91,61" hai2="2,10,115,52,58,73,92,6,112,20,107,18,77" hai3="69,74,132,41,85,66,134,39,65,130,54,49,129"/><T98/><D116/><U135/><E135/><N who="3" m="51754" /><G74/><T133/><D133/><U22/><E125/><V4/><F107/><W38/><G85/><T118/><D118/><U89/><E75/><V71/><F71/><W68/><G68/><T88/><D0/><U120/><E120/><V1/><F6/><W102/><G102/><T50/><D28/><U72/><E72/><V109/><F2/><W99/><G99/><T81/><D12/><U3/><E3/><V43/><F43/><W56/><G69/><T123/><D123/><U80/><E80/><V62/><F109/><W108/><G108/><T11/><D11/><U90/><E27/><V67/><F67/><N who="3" m="25611" /><G41/><T105/><D50/><N who="1" m="28871" /><E64/><V122/><F122/><W29/><G29/><T121/><D121/><U37/><E70/><V34/><F34/><W19/><G19/><T127/><D127/><U8/><E37/><AGARI ba="0,0" hai="37,38,39,49,54,56,129,130" m="25611,51754" machi="37" ten="40,8000,1" yaku="20,1,34,2,52,1" doraHai="55" who="3" fromWho="1" sc="250,0,250,-80,250,0,250,80" /><INIT seed="1,0,0,3,5,52" ten="250,170,250,330" oya="1" hai0="84,114,112,111,11,133,43,110,95,34,12,17,33" hai1="41,3,134,23,29,13,122,88,72,38,71,120,76" hai2="64,125,51,26,0,40,44,54,126,86,5,94,25" hai3="70,31,90,101,22,106,68,9,119,89,113,46,97"/><U63/><E134/><V60/><F5/><W116/><G113/><N who="0" m="43627" /><D43/><U32/><E3/><V37/><F0/><W16/><G46/><T55/><D55/><U123/><E32/><N who="0" m="12393" /><D84/><U108/><E108/><N who="0" m="41513" /><D95/><U79/><E72/><V102/><F102/><W59/><G90/><T50/><D50/><U56/><E71/><V47/><F94/><W6/><G89/><T87/><D87/><U75/><E75/><V66/><F86/><W14/><G97/><T27/><D27/><U21/><E88/><V130/><F130/><W57/><G101/><T115/><D115/><U73/><E73/><V99/><F99/><W15/><G106/><T98/><D98/><U45/><E29/><V4/><F66/><W18/><G68/><T129/><D129/><U104/><E104/><V1/><F60/><W80/><G70/><T36/><D36/><U19/><REACH who="1" step="1"/><E23/><REACH who="1" ten="250,160,250,330" step="2"/><V58/><F37/><W77/><G31/><T93/><D93/><U91/><E91/><V124/><F125/><W100/><G100/><T8/><D133/><U81/><E81/><V78/><F124/><W67/><G80/><T7/><D11/><U96/><E96/><V62/><F126/><W83/><G83/><T20/><D20/><U48/><E48/><N who="2" m="28935" /><F78/><W39/><G22/><T109/><D109/><U2/><E2/><V128/><F128/><W127/><G77/><T42/><D8/><U35/><E35/><V24/><F1/><W28/><G127/><T10/><D10/><U30/><E30/><V82/><F82/><W117/><G28/><T69/><D69/><U105/><E105/><V74/><F74/><RYUUKYOKU ba="0,1" sc="250,-15,160,15,250,15,330,-15" hai1="13,19,21,38,41,45,56,63,76,79,120,122,123" hai2="4,24,25,26,40,47,51,58,62,64" /><INIT seed="1,1,1,0,2,29" ten="235,175,265,315" oya="1" hai0="83,69,92,62,20,27,50,85,17,117,59,5,42" hai1="102,98,1,125,47,52,24,56,3,10,23,132,36" hai2="30,110,26,35,96,111,135,68,40,71,122,97,130" hai3="75,2,64,76,120,80,104,14,66,54,81,84,48"/><U113/><E113/><V8/><F122/><W101/><G2/><T41/><D117/><U112/><E112/><V78/><F78/><W94/><G120/><T79/><D69/><U90/><E132/><V39/><F135/><W133/><G133/><T57/><D5/><U100/><E125/><V60/><F130/><W49/><G49/><T45/><D41/><U61/><E36/><V46/><F8/><W87/><G104/><T114/><D114/><U106/><E100/><V9/><F9/><W107/><G107/><T134/><D134/><U33/><E33/><V124/><F124/><W16/><G75/><T34/><D34/><U65/><E90/><V11/><F11/><N who="3" m="6239" /><G94/><T4/><D4/><U28/><REACH who="1" step="1"/><E10/><REACH who="1" ten="235,165,265,315" step="2"/><V63/><F39/><W51/><G101/><T116/><D116/><U126/><E126/><V55/><F35/><W131/><G131/><T15/><D27/><U25/><E25/><V115/><F26/><W0/><G0/><T99/><D62/><U38/><E38/><V7/><F63/><W74/><G48/><AGARI ba="1,2" hai="1,3,23,24,28,47,48,52,56,61,65,98,102,106" machi="48" ten="40,7700,0" yaku="1,1,54,1,53,1" doraHai="29" doraHaiUra="103" who="1" fromWho="3" sc="235,0,165,100,265,0,315,-80" /><INIT seed="1,2,0,2,3,68" ten="235,265,265,235" oya="1" hai0="36,44,32,113,93,107,94,3,97,92,15,100,69" hai1="9,24,57,96,129,76,19,22,14,8,50,111,73" hai2="128,66,98,10,18,29,112,40,125,61,91,51,89" hai3="56,43,5,47,48,95,30,80,23,45,88,33,60"/><U55/><E129/><V20/><F125/><W67/><G33/><T64/><D113/><U62/><E111/><V39/><F128/><W102/><G5/><T104/><D3/><U72/><E76/><V25/><F39/><W12/><G80/><T85/><D104/><U70/><E9/><V122/><F98/><W86/><G102/><T54/><D32/><U38/><E38/><V31/><F122/><W1/><G1/><T87/><D15/><U81/><E81/><V2/><F2/><W21/><G30/><T120/><D120/><U11/><E11/><V115/><F115/><W134/><G134/><T121/><D121/><U110/><E110/><V106/><F106/><W133/><G133/><T26/><D26/><U132/><E132/><V52/><F40/><W7/><G47/><T123/><D54/><U27/><E27/><V35/><F10/><AGARI ba="2,0" hai="7,10,12,21,23,43,45,48,56,60,67,86,88,95" machi="10" ten="40,2600,0" yaku="8,1,54,1" doraHai="68" who="3" fromWho="2" sc="235,0,265,0,265,-32,235,32" /><INIT seed="2,0,0,4,5,125" ten="235,265,233,267" oya="2" hai0="25,21,124,123,135,40,34,17,8,39,95,59,1" hai1="35,23,116,58,107,51,41,48,52,65,18,33,62" hai2="100,111,5,12,108,132,57,20,45,68,28,64,82" hai3="71,121,105,2,53,38,49,106,131,7,36,31,127"/><V47/><F68/><W86/><G121/><T29/><D135/><U9/><E116/><V115/><F115/><W32/><G127/><T19/><D124/><U91/><E107/><V112/><F112/><W26/><G71/><T61/><D123/><U46/><E9/><N who="2" m="4143" /><F132/><W98/><G131/><T24/><D39/><U117/><E91/><V69/><F69/><W75/><G75/><T88/><D40/><U22/><E117/><V103/><F82/><W89/><G7/><T119/><D119/><U0/><E0/><V72/><F72/><W128/><G128/><T42/><D42/><U102/><E102/><N who="2" m="38955" /><F64/><W15/><G2/><T93/><D88/><U101/><E101/><V110/><F57/><W73/><G73/><T14/><REACH who="0" step="1"/><D1/><REACH who="0" ten="225,265,233,267" step="2"/><U4/><E41/><V56/><F56/><W92/><G38/><T109/><D109/><U81/><E58/><V60/><F60/><W99/><G36/><T16/><D16/><U13/><E18/><V80/><F80/><W76/><G105/><T6/><D6/><U96/><E4/><V126/><F126/><W122/><G106/><T43/><D43/><U63/><E62/><V55/><F55/><AGARI ba="0,1" hai="8,14,17,19,21,24,25,29,34,55,59,61,93,95" machi="55" ten="30,2000,0" yaku="1,1,7,1,53,0" doraHai="125" doraHaiUra="70" who="0" fromWho="2" sc="225,30,265,0,233,-20,267,0" /><INIT seed="3,0,0,1,5,22" ten="255,265,213,267" oya="3" hai0="113,60,56,106,110,100,17,89,40,103,79,0,68" hai1="38,6,51,16,53,97,94,1,129,102,39,71,123" hai2="24,62,36,134,21,57,12,69,14,35,10,9,92" hai3="85,116,61,37,52,120,67,4,81,135,117,59,108"/><W64/><G120/><T15/><D0/><U45/><E71/><V87/><F36/><W95/><G37/><T124/><D68/><U88/><E123/><V101/><F69/><W84/><G135/><T115/><D110/><U23/><E129/><V91/><F134/><W43/><G43/><T13/><D124/><U44/><E44/><V77/><F35/><W54/><G108/><T105/><D79/><U49/><E49/><V131/><F131/><W29/><G29/><T47/><D89/><U72/><E72/><V18/><F77/><W42/><G42/><T33/><D33/><U58/><E45/><V63/><F101/><W73/><G4/><T32/><D32/><U98/><E6/><N who="2" m="3127" /><F57/><W27/><G73/><T83/><D83/><U50/><E50/><V7/><AGARI ba="0,0" hai="7,10,14,18,21,24,62,63,87,91,92" m="3127" machi="7" ten="30,2000,0" yaku="8,1,52,1" doraHai="22" who="2" fromWho="2" sc="255,-5,265,-5,213,20,267,-10" /><INIT seed="4,0,0,2,1,67" ten="250,260,233,257" oya="0" hai0="119,0,53,20,80,106,128,57,99,69,13,124,105" hai1="70,76,27,126,84,19,130,112,17,83,93,68,58" hai2="34,7,3,118,88,25,56,109,37,111,18,60,41" hai3="23,72,100,95,42,2,91,49,127,66,4,133,59"/><T73/><D119/><U98/><E130/><V40/><F3/><W121/><G72/><T32/><D0/><U8/><E126/><V43/><F7/><W26/><G127/><T94/><D32/><U61/><E112/><V75/><F75/><W77/><G77/><T132/><D124/><U52/><E19/><V48/><F34/><W21/><G100/><T71/><D128/><U85/><E85/><V125/><F125/><W81/><G81/><T62/><D132/><U47/><E47/><V5/><F5/><W65/><G121/><T117/><D117/><U44/><E44/><V89/><F37/><W38/><G38/><T45/><D45/><U11/><E11/><V39/><F39/><W30/><G42/><T113/><D113/><U35/><E8/><V134/><F134/><W54/><G133/><T103/><D13/><U28/><E17/><V9/><F118/><W114/><G114/><T101/><D20/><U122/><E122/><V31/><F31/><W86/><G21/><T14/><D14/><U22/><E35/><V123/><F123/><W50/><G50/><T79/><REACH who="0" step="1"/><D101/><AGARI ba="0,0" hai="22,27,28,52,58,61,68,70,76,83,84,93,98,101" machi="101" ten="30,7700,0" yaku="7,1,52,2,54,1" doraHai="67" who="1" fromWho="0" sc="250,-77,260,77,233,0,257,0" owari="173,-32.7,337,43.7,233,-16.7,257,5.7" /></mjloggm>