<mjloggm ver="2.3"><GO type="225" lobby="0"/><UN n0="%6D%75%75%73%61%6E%6D%75" n1="%E3%81%BD%E3%81%A1%E3%81%9F%E3%81%93%E3%82%84" n2="%E5%BA%97%E9%95%B7%4D" n3="%72%69%6F%75%63%68%61%6E" dan="17,17,16,16" rate="2157.45,2167.03,2071.83,2208.25" sx="F,M,M,M"/><TAIKYOKU oya="0"/><INIT seed="0,0,0,4,3,83" ten="250,250,250,250" oya="0" hai0="49,41,100,13,7,81,38,25,59,98,101,73,104" hai1="102,32,53,135,72,71,24,88,76,42,6,89,44" hai2="125,130,45,31,10,121,132,86,123,66,64,20,91" hai3="35,113,9,78,85,124,110,5,46,43,68,106,79"/><T2/><D100/><U4/><E71/><V131/><F45/><W69/><G113/><T74/><D2/><U40/><E135/><V61/><F132/><W27/><G110/><T82/><D38/><U12/><E72/><V97/><F97/><W30/><G124/><T56/><D25/><U112/><E76/><V28/><F10/><W108/><G106/><T134/><D134/><U114/><E102/><V117/><F125/><W51/><G108/><T111/><D111/><U55/><E44/><V116/><F20/><W120/><G120/><N who="2" m="46153" /><F61/><W47/><G47/><T65/><D41/><U14/><REACH who="1" step="1"/><E24/><REACH who="1" ten="250,240,250,250" step="2"/><V1/><F1/><W8/><G79/><T107/><D74/><U22/><E22/><V127/><F127/><W19/><G9/><T109/><D109/><U92/><E92/><N who="2" m="54391" /><F66/><W50/><G8/><T126/><D126/><U16/><E16/><V103/><F64/><W48/><G19/><T118/><D104/><U96/><E96/><V94/><F94/><W3/><G5/><T93/><D107/><U23/><E23/><V15/><F103/><W122/><G122/><T95/><D73/><U133/><E133/><V33/><F15/><W54/><G3/><T80/><D95/><U37/><E37/><V62/><F33/><AGARI ba="0,1" hai="4,6,12,14,32,33,40,42,53,55,88,89,112,114" machi="33" ten="25,12000,2" yaku="1,1,22,2,54,1,53,2" doraHai="83" doraHaiUra="29" who="1" fromWho="2" sc="250,0,240,130,250,-120,250,0" /><INIT seed="1,0,0,0,2,125" ten="250,370,130,250" oya="1" hai0="22,134,13,57,86,99,133,93,45,63,12,46,10" hai1="77,60,39,95,8,72,83,80,47,43,33,76,112" hai2="66,3,107,113,38,118,92,90,128,34,14,135,120" hai3="6,111,110,82,56,4,78,102,129,5,20,101,100"/><U15/><E112/><V71/><F92/><W2/><G129/><T67/><D86/><U68/><E33/><V119/><F90/><W25/><G56/><T1/><D1/><U40/><E40/><V74/><F14/><W54/><G54/><T52/><D22/><U126/><E126/><V115/><F66/><W35/><G35/><T131/><D131/><U53/><E95/><V75/><F74/><W37/><G37/><T30/><D30/><U42/><E42/><V21/><F21/><W104/><G104/><T105/><D105/><U0/><E0/><V48/><F48/><W124/><G2/><T70/><D70/><U106/><E106/><V31/><F31/><W59/><G59/><T130/><D130/><U116/><E116/><V98/><F98/><W91/><G91/><T73/><D73/><U122/><E122/><V61/><F61/><W41/><G41/><T64/><D64/><U51/><E60/><V7/><F7/><W89/><G89/><T69/><D69/><U87/><E68/><V97/><F97/><W109/><G124/><T50/><D45/><U18/><REACH who="1" step="1"/><E53/><REACH who="1" ten="250,360,130,250" step="2"/><V24/><F115/><W26/><G20/><T29/><D93/><U62/><E62/><V16/><F24/><W49/><G49/><AGARI ba="0,1" hai="8,15,18,39,43,47,49,51,72,76,77,80,83,87" machi="49" ten="40,2000,0" yaku="1,1,53,0" doraHai="125" doraHaiUra="17" who="1" fromWho="3" sc="250,0,360,30,130,0,250,-20" /><INIT seed="1,1,0,2,5,40" ten="250,390,130,230" oya="1" hai0="126,47,9,94,35,132,93,55,90,66,105,125,29" hai1="16,121,72,69,13,37,7,84,60,23,131,30,10" hai2="75,5,68,91,11,38,124,8,32,128,3,81,106" hai3="135,27,129,89,22,112,92,77,76,62,4,17,6"/><U67/><E72/><V56/><F68/><W24/><G129/><T26/><D105/><U97/><E121/><V34/><F124/><N who="0" m="47722" /><D132/><U111/><E131/><V31/><F128/><W42/><G135/><T86/><D66/><U73/><E73/><V78/><F106/><W50/><G112/><T82/><D9/><U103/><E37/><V119/><F119/><W113/><G113/><T95/><D82/><U83/><E30/><V12/><F38/><W116/><G116/><T33/><D33/><U134/><E134/><V53/><F91/><W130/><G130/><T49/><AGARI ba="1,0" hai="26,29,35,47,49,55,86,90,93,94,95" m="47722" machi="49" ten="30,2000,0" yaku="18,1,52,1" doraHai="40" who="0" fromWho="0" sc="250,23,390,-11,130,-6,230,-6" /><INIT seed="2,0,0,4,3,41" ten="273,379,124,224" oya="2" hai0="111,69,26,22,44,78,99,13,3,105,30,7,122" hai1="87,133,2,33,72,52,112,34,11,107,53,94,123" hai2="36,54,4,58,17,77,61,132,114,120,134,129,103" hai3="20,71,6,25,117,39,12,67,27,91,126,64,127"/><V92/><F120/><W59/><G117/><T50/><D122/><U135/><E107/><V89/><F114/><W42/><G71/><T75/><D69/><U73/><E123/><V48/><F129/><W55/><G91/><T40/><D3/><U23/><E112/><V56/><F36/><W37/><G27/><T43/><D111/><U16/><E87/><V0/><F77/><W101/><G101/><T88/><D75/><N who="1" m="28747" /><E94/><V68/><F68/><W100/><G100/><T121/><D105/><U5/><E34/><V15/><F103/><W115/><G115/><T125/><D121/><U85/><E85/><N who="2" m="52271" /><F4/><W18/><G6/><T29/><D125/><N who="3" m="47625" /><G25/><T84/><D78/><U66/><E33/><V79/><F0/><W109/><G109/><T24/><D99/><U35/><E35/><V118/><F79/><W19/><G19/><N who="0" m="10607" /><D7/><U110/><E110/><V14/><F118/><W97/><G97/><T106/><D106/><U96/><E96/><V70/><F70/><W8/><G37/><T131/><D131/><U32/><E32/><V45/><F15/><W98/><G98/><T28/><D26/><N who="1" m="14695" /><E66/><N who="3" m="25130" /><G39/><T76/><D24/><U93/><E93/><V60/><F14/><W46/><G8/><T124/><D76/><U49/><E2/><V1/><F17/><W62/><G42/><N who="0" m="24855" /><D124/><U113/><E5/><V38/><F38/><W128/><G128/><T10/><D10/><U119/><E113/><V63/><F1/><W65/><G65/><T51/><D40/><U102/><E119/><V81/><F81/><W31/><G31/><T86/><D88/><U57/><E102/><RYUUKYOKU ba="0,0" sc="273,10,379,-30,124,10,224,10" hai0="28,29,30,43,51,84,86" hai2="45,48,54,56,58,60,61,63,132,134" hai3="12,18,20,46,55,59,62" /><INIT seed="2,1,0,1,2,16" ten="283,349,134,234" oya="2" hai0="102,134,28,118,36,5,39,119,1,96,99,27,12" hai1="121,86,85,17,104,112,108,129,55,105,19,98,133" hai2="87,25,37,4,30,23,117,18,60,46,75,56,63" hai3="13,40,54,52,9,47,103,100,10,114,57,68,45"/><V97/><F75/><W6/><G68/><T94/><D1/><U38/><E112/><V42/><F117/><N who="0" m="44554" /><D134/><U66/><E38/><V77/><F4/><W64/><G114/><T92/><D12/><U79/><E133/><V43/><F43/><W24/><G24/><T50/><D50/><U2/><E2/><V21/><F97/><W131/><G131/><T67/><D67/><U22/><E66/><V61/><F77/><W26/><G26/><T14/><D14/><U11/><E11/><V44/><F87/><W51/><G9/><T33/><D5/><U107/><E98/><V126/><F126/><W29/><G29/><T78/><D78/><U110/><E129/><V53/><F46/><W72/><G72/><T8/><D8/><U74/><E74/><V116/><F116/><W62/><REACH who="3" step="1"/><G64/><REACH who="3" ten="283,349,134,224" step="2"/><T132/><D132/><U130/><E130/><V115/><F115/><W80/><G80/><T0/><D0/><U106/><E110/><V95/><F95/><W111/><G111/><T3/><D3/><U7/><E107/><V76/><F76/><W91/><G91/><AGARI ba="1,1" hai="27,28,33,36,39,91,92,94,96,99,102" m="44554" machi="91" ten="30,1000,0" yaku="12,1" doraHai="16" who="0" fromWho="3" sc="283,23,349,0,134,0,224,-13" /><INIT seed="3,0,0,5,2,110" ten="306,349,134,211" oya="3" hai0="93,128,49,60,80,72,33,10,108,14,118,66,4" hai1="116,0,36,59,63,81,79,62,104,7,47,55,39" hai2="112,84,12,13,100,97,115,37,129,75,102,119,34" hai3="19,125,40,44,57,18,105,31,29,38,26,95,35"/><W8/><G105/><T67/><D118/><U109/><E109/><V127/><F37/><W111/><G111/><T73/><D108/><U51/><E104/><V130/><F75/><W124/><G29/><T30/><D128/><N who="2" m="49258" /><F34/><W74/><G74/><T92/><D33/><U9/><E116/><V20/><F119/><W22/><G57/><T90/><D30/><U89/><E89/><V17/><F127/><N who="3" m="48715" /><G8/><T78/><D73/><N who="1" m="43247" /><E36/><V56/><F56/><W82/><G82/><T15/><D49/><U6/><E6/><V77/><F12/><N who="3" m="9543" /><G95/><T85/><D92/><U16/><E16/><AGARI ba="0,0" hai="16,19,26,31,35,38,40,44" m="9543,48715" machi="16" ten="30,2900,0" yaku="18,1,54,1" doraHai="110" who="3" fromWho="1" sc="306,0,349,-29,134,0,211,29" /><INIT seed="3,1,0,2,1,100" ten="306,320,134,240" oya="3" hai0="26,52,106,108,59,53,70,94,78,131,80,24,31" hai1="67,129,2,16,113,7,8,45,12,3,93,66,72" hai2="97,111,128,90,84,134,64,132,40,48,122,89,104" hai3="65,54,112,95,33,49,32,17,36,74,103,29,116"/><W44/><G112/><T61/><D106/><U91/><E72/><V87/><F64/><W57/><G116/><T98/><D70/><U38/><E129/><V82/><F40/><W5/><G74/><T109/><D131/><U135/><E135/><N who="2" m="51755" /><F48/><W23/><G5/><T114/><D53/><U55/><E2/><V43/><F43/><W73/><G73/><N who="0" m="43087" /><D31/><U20/><E113/><V28/><F28/><W6/><G6/><T15/><D15/><U19/><E19/><V39/><F39/><W25/><G17/><T75/><D75/><U62/><E38/><V9/><F9/><W68/><G68/><T133/><D133/><U126/><E126/><V88/><F128/><W79/><G79/><T130/><D114/><U71/><E71/><V81/><F122/><W77/><G77/><T18/><D18/><U60/><E60/><V110/><F90/><W85/><G36/><T125/><D130/><U101/><E66/><V118/><F118/><W27/><G27/><T117/><D117/><U30/><E30/><V51/><F51/><W47/><G47/><T69/><D69/><N who="1" m="42231" /><E55/><V105/><F97/><N who="3" m="59839" /><G32/><T121/><D125/><U96/><E45/><V42/><F42/><W10/><G33/><T115/><D121/><U86/><E91/><V76/><F76/><W35/><G35/><T4/><D115/><U123/><E123/><V13/><F13/><W0/><G10/><T22/><D4/><U120/><E120/><V37/><F37/><W92/><G65/><T83/><D83/><U56/><E56/><V119/><F119/><W107/><G57/><T63/><D59/><RYUUKYOKU ba="1,0" sc="306,-15,320,15,134,15,240,-15" hai1="3,7,8,12,16,20,86,93,96,101" hai2="81,82,84,87,88,89,104,105,110,111" owari="291,9.1,335,43.5,149,-35.1,225,-17.5" /></mjloggm>