<mjloggm ver="2.3"><GO type="225" lobby="0"/><UN n0="%E3%81%86%E3%82%8B%E3%81%8A%E3%81%A1%E3%82%83" n1="%E7%89%B9%E6%9D%B1%E3%81%AF%E4%B8%96%E7%95%8C%E3%82%92%E6%95%91%E3%81%86" n2="%E6%80%AA%E3%81%97%E3%81%99%E3%81%8E%E3%82%8B%E3%83%81%E3%83%BC" n3="%E3%81%95%E3%81%8D%E3%81%9F%E3%81%BE%E6%9E%97%E6%AA%8E" dan="16,16,16,16" rate="2100.07,2159.64,2121.78,2138.56" sx="F,M,M,M"/><TAIKYOKU oya="0"/><INIT seed="0,0,0,4,3,41" ten="250,250,250,250" oya="0" hai0="85,29,86,30,75,66,98,16,60,68,14,42,58" hai1="76,43,34,95,47,36,64,46,97,48,123,135,119" hai2="17,83,116,26,54,107,73,99,102,130,32,61,93" hai3="18,50,124,67,80,122,23,13,108,3,105,94,129"/><T55/><D75/><U91/><E119/><V4/><F116/><W12/><G108/><T44/><D98/><U84/><E123/><V118/><F118/><W2/><G129/><T92/><D30/><U52/><E34/><V134/><F130/><W100/><G105/><T56/><D29/><U71/><E135/><V82/><F134/><W20/><G124/><T9/><D92/><U81/><E64/><V39/><F39/><W53/><G122/><T114/><D114/><U19/><E19/><V69/><F4/><W25/><G67/><T22/><D22/><U8/><E8/><V117/><F73/><W7/><G80/><T37/><REACH who="0" step="1"/><D58/><REACH who="0" ten="240,250,250,250" step="2"/><U89/><REACH who="1" step="1"/><E71/><REACH who="1" ten="240,240,250,250" step="2"/><V40/><F69/><W126/><G23/><T113/><D113/><U104/><E104/><V38/><F107/><W121/><G20/><T77/><D77/><AGARI ba="0,2" hai="36,43,46,47,48,52,76,77,81,84,89,91,95,97" machi="77" ten="40,8000,1" yaku="1,1,52,2,54,1,53,0" doraHai="41" doraHaiUra="111" who="1" fromWho="0" sc="240,-80,240,100,250,0,250,0" /><INIT seed="1,0,0,2,0,75" ten="160,340,250,250" oya="1" hai0="13,94,103,135,108,7,21,11,121,17,3,43,55" hai1="56,29,67,78,87,110,97,64,83,95,71,111,73" hai2="82,59,22,58,69,44,134,40,123,45,126,99,4" hai3="30,26,28,63,90,86,105,81,89,1,76,115,34"/><U36/><E36/><V14/><F69/><W5/><G115/><T118/><D118/><U38/><E38/><V23/><F123/><W52/><G105/><T125/><D121/><U122/><E122/><V2/><F2/><W84/><G30/><T50/><D108/><N who="1" m="41515" /><E71/><V6/><F126/><W113/><G113/><T65/><D125/><U24/><E56/><N who="2" m="21547" /><F134/><W70/><G70/><T16/><D135/><U47/><E47/><N who="2" m="17995" /><F40/><W85/><G1/><T12/><D65/><U9/><E9/><N who="2" m="4391" /><F6/><W0/><G0/><T127/><D43/><U91/><E73/><V133/><F133/><W53/><G5/><T131/><D127/><U46/><E46/><V15/><F15/><W66/><G66/><T51/><D131/><U120/><E120/><V42/><F42/><W132/><G132/><T96/><REACH who="0" step="1"/><D55/><REACH who="0" ten="150,340,250,250" step="2"/><U48/><E48/><V33/><F33/><AGARI ba="0,1" hai="24,29,33,64,67,78,83,87,91,95,97" m="41515" machi="33" ten="30,5800,0" yaku="14,1,10,1,52,1" doraHai="75" who="1" fromWho="2" sc="150,0,340,68,250,-58,250,0" /><INIT seed="1,1,0,4,3,17" ten="150,408,192,250" oya="1" hai0="33,10,105,130,133,1,99,40,75,115,27,109,95" hai1="118,62,43,7,125,113,68,129,106,92,94,44,134" hai2="34,101,128,122,108,66,61,12,135,22,79,4,110" hai3="63,112,111,100,16,11,117,54,31,121,65,9,53"/><U5/><E106/><V38/><F122/><W46/><G111/><N who="2" m="42537" /><F34/><W25/><G112/><T3/><D10/><U39/><E113/><V127/><F128/><W80/><G121/><T56/><D56/><U42/><E118/><V69/><F38/><W104/><G117/><T32/><D27/><U87/><E129/><V19/><F127/><W15/><G9/><T45/><D95/><U107/><E107/><V60/><F135/><W81/><G80/><T28/><D28/><U13/><E42/><V77/><F101/><W71/><G81/><T58/><D58/><U88/><E125/><V37/><F37/><W83/><G83/><T84/><D84/><U57/><E68/><N who="2" m="42055" /><F4/><W52/><G46/><T103/><D45/><U76/><E76/><V82/><F82/><W6/><G6/><T70/><D40/><U73/><E73/><V116/><F116/><W59/><G104/><T35/><D109/><U51/><E39/><V29/><F29/><W55/><G100/><T2/><D130/><U102/><E134/><V50/><F50/><W85/><G85/><T72/><D133/><U98/><REACH who="1" step="1"/><E13/><REACH who="1" ten="150,398,192,250" step="2"/><V48/><F48/><W119/><G119/><T86/><D115/><U91/><E91/><V41/><F41/><W47/><G71/><T67/><REACH who="0" step="1"/><D86/><REACH who="0" ten="140,398,192,250" step="2"/><U30/><E30/><V26/><F12/><W93/><G15/><T24/><D24/><U0/><E0/><V18/><F77/><W89/><G25/><T21/><D21/><U78/><E78/><V90/><F79/><W20/><G20/><T64/><D64/><AGARI ba="1,2" hai="5,7,43,44,51,57,62,64,87,88,92,94,98,102" machi="64" ten="30,11600,0" yaku="1,1,7,1,8,1,54,1,53,0" doraHai="17" doraHaiUra="132" who="1" fromWho="0" sc="140,-119,398,139,192,0,250,0" /><INIT seed="1,2,0,4,3,116" ten="21,537,192,250" oya="1" hai0="126,59,71,121,97,60,117,48,53,85,54,112,24" hai1="18,133,86,115,91,36,65,64,52,39,28,105,69" hai2="20,61,93,101,3,106,5,81,87,7,114,70,62" hai3="32,66,84,45,1,107,57,127,44,19,30,15,41"/><U13/><E115/><V123/><F123/><W21/><G127/><T8/><D112/><U99/><E28/><V103/><F106/><W80/><G107/><T113/><D113/><U17/><E133/><V73/><F73/><W37/><G1/><T55/><D117/><U46/><E17/><V74/><F74/><W130/><G130/><T38/><D126/><U63/><E64/><V51/><F3/><W125/><G125/><T95/><D38/><U25/><E25/><V118/><F70/><W76/><G45/><T104/><D104/><U111/><E111/><V78/><F118/><W92/><G92/><T22/><D71/><U131/><E131/><V26/><F51/><W31/><G32/><T2/><D121/><U94/><E52/><V100/><F93/><W68/><G68/><T11/><D85/><U14/><E14/><V83/><F83/><W67/><G67/><T49/><D2/><U42/><E39/><V56/><F114/><W120/><G120/><T34/><D34/><U9/><REACH who="1" step="1"/><E105/><REACH who="1" ten="21,527,192,250" step="2"/><V110/><F110/><W135/><G135/><T132/><D132/><U35/><E35/><V88/><F61/><W108/><G108/><T90/><D48/><U12/><E12/><V77/><F7/><W72/><G66/><T0/><D0/><U50/><E50/><V29/><F5/><W134/><G134/><T27/><D27/><U124/><E124/><V128/><F128/><W109/><G109/><T58/><REACH who="0" step="1"/><D55/><AGARI ba="2,1" hai="20,26,29,55,56,62,77,78,81,87,88,100,101,103" machi="55" ten="40,2600,0" yaku="8,1,54,1" doraHai="116" who="2" fromWho="0" sc="21,-32,527,0,192,42,250,0" owari="-11,-51.1,527,62.7,234,-16.6,250,5.0" /></mjloggm>