<mjloggm ver="2.3"><GO type="225" lobby="0"/><UN n0="%E3%81%A9%E3%82%8F%E3%82%93%E3%81%94" n1="%47%32%E9%BE%8D%E9%96%80" n2="%E3%81%82%E3%81%84%E3%81%82%E3%81%8A%E3%81%84" n3="%E6%98%93%E5%88%A9%E8%96%A9%E4%BC%AF" dan="16,16,18,16" rate="2225.05,2100.73,2192.54,2125.34" sx="M,M,M,F"/><TAIKYOKU oya="0"/><INIT seed="0,0,0,2,1,27" ten="250,250,250,250" oya="0" hai0="43,77,24,34,41,132,31,82,45,81,112,106,113" hai1="129,19,11,89,97,64,100,73,2,121,54,21,18" hai2="105,93,125,122,13,92,126,96,83,71,114,25,29" hai3="135,42,134,14,66,59,124,52,101,16,38,80,118"/><T128/><D132/><N who="3" m="50729" /><G118/><T98/><D128/><U28/><E121/><V102/><F122/><W79/><G101/><T57/><D57/><U40/><E73/><V91/><F71/><W60/><G38/><T123/><D123/><U72/><E72/><V88/><F13/><W108/><G42/><T30/><D43/><U78/><E78/><V75/><F114/><W65/><G108/><T6/><D6/><U127/><E127/><N who="2" m="48651" /><F75/><N who="3" m="43135" /><G124/><T36/><D82/><U3/><E40/><V53/><F53/><W107/><G107/><T104/><D104/><U33/><E64/><V74/><F74/><W15/><G15/><T85/><REACH who="0" step="1"/><D31/><REACH who="0" ten="240,250,250,250" step="2"/><U103/><E28/><V23/><F83/><W47/><G47/><T111/><D111/><U8/><E129/><V116/><F116/><W119/><G119/><T51/><D51/><U35/><E54/><V86/><F105/><W130/><G130/><T9/><D9/><AGARI ba="0,1" hai="9,14,16,52,59,60,65,66" m="43135,50729" machi="9" ten="30,3900,0" yaku="20,1,54,2" doraHai="27" who="3" fromWho="0" sc="240,-39,250,0,250,0,250,49" /><INIT seed="1,0,0,2,1,107" ten="201,250,250,299" oya="1" hai0="76,128,41,65,119,50,33,3,63,113,134,94,10" hai1="98,57,104,82,106,97,2,1,28,22,79,37,0" hai2="88,111,67,103,72,5,51,108,44,4,38,40,31" hai3="87,59,109,19,114,9,23,129,68,117,121,6,135"/><U62/><E37/><V15/><F103/><W112/><G68/><T34/><D113/><N who="3" m="43625" /><G59/><T42/><D119/><U122/><E122/><V116/><F116/><W89/><G87/><T69/><D134/><U80/><E22/><V64/><F31/><W125/><G89/><T55/><D128/><U92/><E28/><V110/><F72/><W74/><G74/><T96/><D76/><U86/><E82/><V93/><F38/><W85/><G85/><T27/><D10/><U21/><E21/><V90/><F90/><W53/><G53/><T73/><D3/><U12/><E12/><V52/><F40/><W56/><G56/><T105/><D73/><U78/><E78/><V14/><F15/><N who="3" m="9727" /><G117/><T46/><D34/><U26/><E26/><V118/><F118/><W7/><G121/><T133/><D133/><U131/><E131/><V99/><REACH who="2" step="1"/><F14/><REACH who="2" ten="201,250,240,299" step="2"/><W120/><G120/><T18/><D105/><U30/><E106/><V61/><F61/><W84/><G135/><T100/><D33/><U91/><E30/><V60/><F60/><W11/><G129/><T123/><D123/><U66/><REACH who="1" step="1"/><E104/><REACH who="1" ten="201,240,240,299" step="2"/><V29/><F29/><W8/><G8/><T24/><D24/><U75/><AGARI ba="0,2" hai="0,1,2,57,62,66,75,79,80,86,91,92,97,98" machi="75" ten="30,11700,0" yaku="1,1,2,1,0,1,52,1,53,0" doraHai="107" doraHaiUra="124" who="1" fromWho="1" sc="201,-39,240,137,240,-39,299,-39" /><INIT seed="1,1,0,5,4,35" ten="162,377,201,260" oya="1" hai0="88,6,38,115,27,89,62,92,91,134,54,127,17" hai1="50,78,71,128,39,68,119,100,13,117,90,42,18" hai2="21,61,34,97,106,64,2,5,8,40,36,25,80" hai3="120,114,87,63,60,0,11,84,51,52,79,112,126"/><U28/><E39/><V82/><F34/><W76/><G120/><T130/><D115/><U125/><E128/><V47/><F97/><W102/><G126/><T109/><D130/><U129/><E129/><V12/><F12/><W110/><G110/><T16/><D127/><U4/><E100/><V113/><F106/><W99/><G84/><T85/><D38/><U116/><E78/><V93/><F93/><W72/><G72/><T124/><D124/><U41/><E28/><V19/><REACH who="2" step="1"/><F113/><REACH who="2" ten="162,377,191,260" step="2"/><W15/><G114/><T75/><D109/><U94/><E125/><V103/><F103/><W44/><G112/><T121/><D121/><U14/><E94/><V59/><AGARI ba="1,1" hai="2,5,8,19,21,25,36,40,47,59,61,64,80,82" machi="59" ten="20,8000,1" yaku="1,1,0,1,7,1,52,1,53,1" doraHai="35" doraHaiUra="53" who="2" fromWho="2" sc="162,-21,377,-41,191,93,260,-21" /><INIT seed="2,0,0,5,5,89" ten="141,336,284,239" oya="2" hai0="33,10,119,62,84,56,106,123,69,71,105,94,3" hai1="43,87,36,86,101,47,19,48,81,113,110,31,111" hai2="1,117,11,124,60,25,131,65,102,133,120,73,130" hai3="129,22,80,58,108,66,12,7,103,53,77,82,30"/><V74/><F117/><W83/><G108/><N who="1" m="41514" /><E113/><V40/><F120/><W21/><G129/><T76/><D123/><U0/><E0/><V64/><F40/><W15/><G66/><T13/><D33/><U132/><E132/><V59/><F133/><W41/><G41/><T29/><D29/><U46/><E31/><V51/><F51/><W116/><G116/><T91/><D3/><U54/><E101/><V32/><F65/><W5/><G103/><T115/><D115/><U67/><E67/><V68/><F59/><W114/><G77/><T95/><D119/><U85/><E19/><V134/><F134/><W70/><G70/><T100/><D71/><U125/><E125/><V45/><F45/><W107/><G107/><T78/><D69/><U97/><E97/><V93/><F124/><W14/><G114/><T27/><D27/><U17/><E17/><V38/><F38/><W26/><REACH who="3" step="1"/><G22/><REACH who="3" ten="141,336,284,229" step="2"/><T24/><D106/><U18/><E43/><V37/><F102/><W34/><G34/><T96/><D105/><U135/><E135/><V2/><F32/><W9/><G9/><T52/><REACH who="0" step="1"/><D24/><REACH who="0" ten="131,336,284,229" step="2"/><U57/><E36/><V104/><F37/><W122/><G122/><T79/><D79/><U90/><E90/><V128/><F128/><W35/><G35/><T23/><D23/><U49/><E81/><V75/><F131/><W28/><G28/><T109/><D109/><U50/><E18/><AGARI ba="0,2" hai="10,13,18,52,56,62,76,78,84,91,94,95,96,100" machi="18" ten="30,12000,2" yaku="1,1,7,1,8,1,52,2,54,1,53,0" doraHai="89" doraHaiUra="127" who="0" fromWho="1" sc="131,140,336,-120,284,0,229,0" /><INIT seed="3,0,0,1,2,67" ten="271,216,284,229" oya="3" hai0="128,59,83,65,130,2,126,129,114,134,95,56,26" hai1="6,69,100,76,111,78,70,29,1,63,93,125,7" hai2="49,12,0,131,110,19,80,48,51,25,77,98,124" hai3="47,17,50,105,4,53,3,42,132,33,21,37,74"/><W119/><G119/><T35/><D2/><U87/><E111/><V36/><F0/><W112/><G112/><T123/><D123/><U117/><E117/><V18/><F36/><W34/><G105/><T66/><D114/><U104/><E104/><V45/><F110/><W109/><G109/><T57/><D134/><U103/><E125/><V91/><F124/><W9/><G74/><T32/><D126/><U113/><E113/><V73/><F131/><W52/><G132/><T127/><D127/><U28/><E63/><V101/><F91/><W115/><G115/><T64/><D83/><U81/><E1/><V84/><F25/><W54/><REACH who="3" step="1"/><G37/><REACH who="3" ten="271,216,284,219" step="2"/><T62/><D130/><U102/><E93/><V94/><F73/><W71/><G71/><T72/><D72/><U90/><E76/><V108/><F108/><W39/><G39/><T44/><D95/><U43/><E78/><V96/><F77/><W20/><G20/><T5/><D129/><U89/><E90/><V99/><F94/><W122/><G122/><T27/><D128/><U38/><E38/><V120/><F120/><W60/><G60/><T82/><D62/><U106/><E106/><V31/><F101/><W61/><G61/><T116/><D116/><U135/><E135/><V22/><F22/><W88/><G88/><T79/><D35/><U30/><REACH who="1" step="1"/><E43/><REACH who="1" ten="271,206,284,219" step="2"/><V68/><F49/><W10/><G10/><T40/><D40/><U118/><E118/><V85/><F51/><W58/><G58/><T24/><D59/><U41/><E41/><V11/><F48/><W133/><G133/><T23/><D57/><RYUUKYOKU ba="0,2" sc="271,-15,206,15,284,-15,219,15" hai1="6,7,28,29,30,69,70,81,87,89,100,102,103" hai3="3,4,9,17,21,33,34,42,47,50,52,53,54" /><INIT seed="3,1,2,3,5,47" ten="256,221,269,234" oya="3" hai0="16,54,100,81,127,118,95,98,96,132,45,123,75" hai1="56,105,111,82,44,23,58,38,64,59,4,17,90" hai2="3,50,107,67,49,112,43,41,93,5,121,83,0" hai3="130,87,33,15,94,88,78,57,1,34,66,63,91"/><W120/><G120/><T117/><D123/><U20/><E105/><V27/><F107/><W32/><G1/><T126/><D132/><U102/><E111/><V35/><F112/><W68/><G130/><T109/><D109/><U28/><E102/><V62/><F121/><W7/><G78/><N who="0" m="44255" /><D16/><U53/><E4/><V131/><F131/><W36/><G36/><T89/><D54/><U114/><E114/><V52/><F93/><W25/><G91/><T69/><D45/><U110/><E110/><V12/><F83/><W113/><G113/><T14/><D14/><N who="1" m="9271" /><E38/><V125/><F12/><W73/><G73/><T104/><D69/><U40/><E40/><V24/><F5/><W135/><G135/><T79/><D79/><U77/><E77/><V74/><F74/><W39/><G39/><T84/><D98/><U42/><E42/><V70/><F35/><W26/><REACH who="3" step="1"/><G68/><REACH who="3" ten="256,221,269,224" step="2"/><T11/><D11/><AGARI ba="1,3" hai="7,11,15,25,26,32,33,34,57,63,66,87,88,94" machi="11" ten="40,7700,0" yaku="1,1,2,1,54,1,53,0" doraHai="47" doraHaiUra="108" who="3" fromWho="0" sc="256,-80,221,0,269,0,224,110" owari="176,-32.4,221,-17.9,269,6.9,334,43.4" /></mjloggm>