<mjloggm ver="2.3"><GO type="225" lobby="0"/><UN n0="%E3%82%B5%E3%83%AB%E3%82%B7%E3%83%B3" n1="%E3%83%A1%E3%82%AC%E3%83%87%E3%82%B8" n2="%70%68%65%6E%6F%6D%65" n3="%E3%81%A1%E3%82%85%E3%81%86%E3%81%A9%E3%81%8F%E8%B1%A1%E3%81%95%E3%82%93" dan="16,16,17,17" rate="2103.91,2095.49,2185.56,2150.27" sx="M,F,M,M"/><TAIKYOKU oya="0"/><INIT seed="0,0,0,5,5,59" ten="250,250,250,250" oya="0" hai0="91,79,37,76,99,64,129,96,69,92,49,20,106" hai1="107,19,35,9,70,83,30,90,40,2,61,130,39" hai2="62,82,109,101,31,56,113,111,88,47,94,50,116" hai3="67,18,60,133,11,15,118,5,105,103,95,26,134"/><T24/><D37/><U125/><E130/><V72/><F113/><W14/><G118/><T81/><D129/><U12/><E125/><V57/><F31/><W89/><G26/><T78/><D49/><U23/><E107/><V42/><F116/><W33/><G33/><T86/><D69/><U55/><E40/><V46/><F46/><W3/><G105/><T6/><D64/><U66/><E39/><V68/><F101/><W74/><G74/><N who="0" m="43159" /><D20/><U80/><E90/><V13/><F13/><W27/><G103/><N who="0" m="62823" /><D24/><N who="1" m="18887" /><E55/><V124/><F124/><W115/><G115/><T119/><D6/><AGARI ba="0,0" hai="2,6,9,12,19,23,61,66,70,80,83" m="18887" machi="6" ten="30,2000,0" yaku="24,1,52,1" doraHai="59" who="1" fromWho="0" sc="250,-20,250,20,250,0,250,0" /><INIT seed="1,0,0,5,5,21" ten="230,270,250,250" oya="1" hai0="52,1,99,33,55,104,133,48,44,96,22,76,5" hai1="81,34,102,80,105,12,103,129,122,3,86,106,119" hai2="53,30,91,39,49,15,79,97,113,84,69,58,18" hai3="64,7,121,60,31,112,132,68,32,78,125,42,45"/><U6/><E3/><V128/><F128/><W120/><G112/><T56/><D33/><U28/><E119/><V123/><F123/><W77/><G132/><T101/><D133/><U72/><E122/><V26/><F113/><W109/><G109/><T65/><D65/><U24/><E129/><V74/><F39/><W116/><G116/><T135/><D135/><U20/><E106/><V130/><F69/><W43/><G125/><T83/><D96/><U50/><E105/><V25/><F130/><W82/><G42/><T11/><D22/><U36/><E36/><V70/><F70/><W4/><G78/><T66/><D66/><U54/><E72/><V37/><F37/><W10/><G4/><T88/><D88/><N who="1" m="51271" /><E81/><N who="2" m="47167" /><F30/><W14/><G31/><T47/><REACH who="0" step="1"/><D55/><REACH who="0" ten="220,270,250,250" step="2"/><U90/><E90/><V17/><F97/><W127/><G32/><T114/><D114/><U89/><E89/><V46/><F91/><W98/><G98/><T110/><D110/><U27/><E34/><V62/><F74/><AGARI ba="0,1" hai="1,5,11,44,47,48,52,56,74,76,83,99,101,104" machi="74" ten="30,7700,0" yaku="1,1,7,1,54,1,53,1" doraHai="21" doraHaiUra="73" who="0" fromWho="2" sc="220,87,270,0,250,-77,250,0" /><INIT seed="2,0,0,1,5,50" ten="307,270,173,250" oya="2" hai0="32,38,117,12,66,44,17,64,122,70,30,79,63" hai1="22,65,131,123,90,18,116,84,31,6,96,101,28" hai2="1,78,57,61,52,35,94,86,109,134,74,4,14" hai3="75,55,108,89,24,87,118,21,92,106,102,81,104"/><V2/><F134/><W67/><G118/><T125/><D122/><U19/><E116/><V112/><F112/><W80/><G108/><T49/><D117/><U7/><E131/><V97/><F74/><W51/><G67/><T91/><D125/><U130/><E130/><V15/><F35/><W29/><G81/><T77/><D66/><U45/><E65/><V39/><F39/><W127/><G127/><T113/><D113/><U13/><E19/><V69/><F69/><W76/><REACH who="3" step="1"/><G102/><REACH who="3" ten="307,270,173,240" step="2"/><T27/><D38/><U33/><E123/><V46/><F109/><W72/><G72/><T47/><D91/><U34/><E101/><N who="2" m="60599" /><F1/><W132/><G132/><T83/><D83/><U121/><E90/><V98/><F2/><W119/><G119/><T9/><REACH who="0" step="1"/><D47/><AGARI ba="0,1" hai="21,24,29,47,51,55,75,76,80,87,89,92,104,106" machi="47" ten="30,3900,0" yaku="1,1,7,1,52,1,53,0" doraHai="50" doraHaiUra="124" who="3" fromWho="0" sc="307,-39,270,0,173,0,240,49" /><INIT seed="3,0,0,0,4,7" ten="268,270,173,289" oya="3" hai0="98,62,114,111,115,26,2,53,61,1,51,135,102" hai1="6,104,97,21,80,109,103,65,110,33,18,122,120" hai2="130,93,132,45,52,119,83,94,27,50,86,121,107" hai3="14,123,49,113,125,106,25,29,117,128,57,40,73"/><W77/><G117/><T12/><D111/><N who="1" m="42507" /><E33/><V11/><F119/><W60/><G123/><T37/><D37/><U47/><E65/><V17/><F107/><W9/><G113/><N who="0" m="43019" /><D135/><U105/><E6/><V56/><F132/><W76/><G106/><N who="0" m="63831" /><D26/><N who="1" m="14647" /><E105/><V66/><F130/><W39/><G39/><T20/><D20/><U84/><E47/><V0/><F121/><W89/><G125/><T59/><D12/><U64/><E64/><V24/><F0/><AGARI ba="0,0" hai="0,1,2,51,53,59,61,62" m="63831,43019" machi="0" ten="30,1000,0" yaku="11,1" doraHai="7" who="0" fromWho="2" sc="268,10,270,0,173,-10,289,0" /><INIT seed="4,0,0,0,5,45" ten="278,270,163,289" oya="0" hai0="32,104,88,129,52,16,122,108,50,15,47,63,5" hai1="131,103,18,21,70,53,133,130,58,128,98,8,95" hai2="89,59,60,92,35,39,49,40,96,66,23,61,85" hai3="90,7,76,34,109,119,48,125,134,116,132,11,94"/><T71/><D122/><U20/><E70/><V120/><F35/><W107/><G107/><T93/><D104/><U56/><E133/><N who="3" m="51306" /><G34/><T14/><D32/><U112/><E112/><V9/><F120/><W77/><G109/><T78/><D108/><U110/><E110/><V106/><F39/><W2/><G125/><T80/><D129/><U64/><E64/><V100/><F9/><W6/><G6/><T25/><D63/><U0/><E58/><V38/><F38/><W86/><G48/><T102/><D102/><U24/><E21/><V74/><F74/><W17/><G17/><T37/><D71/><U75/><E75/><V46/><REACH who="2" step="1"/><F61/><REACH who="2" ten="278,270,153,289" step="2"/><W126/><G126/><T57/><D37/><U26/><E8/><V91/><F91/><W3/><G3/><T28/><D88/><N who="1" m="55655" /><E0/><V105/><F105/><W87/><G76/><T115/><D78/><U27/><E103/><V43/><F43/><W44/><G116/><T65/><D115/><U117/><E117/><V1/><F1/><W81/><G119/><T101/><D101/><U124/><E124/><V111/><F111/><W113/><G113/><T55/><D5/><U123/><E123/><V68/><F68/><W114/><G114/><T13/><D80/><U84/><E130/><V36/><F36/><W4/><G4/><T99/><D93/><U41/><E128/><V31/><F31/><W121/><G121/><T30/><D28/><U118/><E131/><V135/><F135/><W67/><G67/><T12/><D30/><U51/><E118/><V82/><F82/><W73/><G73/><T10/><D65/><RYUUKYOKU ba="0,1" sc="278,-15,270,-15,153,15,289,15" hai2="23,40,46,49,59,60,66,85,89,92,96,100,106" hai3="2,7,11,44,77,81,86,87,90,94" owari="263,6.3,255,-14.5,168,-33.2,314,41.4" /></mjloggm>