<mjloggm ver="2.3"><GO type="225" lobby="0"/><UN n0="%E3%81%B5%E3%81%98%E3%81%8B%E3%81%A4" n1="%77%72%77%72%77%72%77%72" n2="%E3%83%8F%E3%83%B3%E3%83%89%E3%83%A9%E3%83%BC%E3%83%BB%E3%83%AF%E3%83%B3" n3="%E6%A0%B9%E5%85%83%E3%81%8B%E3%82%89%E5%90%B9%E3%81%A3%E9%A3%9B%E3%81%B6" dan="16,17,16,17" rate="2213.84,2240.53,2110.63,2144.33" sx="M,M,M,F"/><TAIKYOKU oya="0"/><INIT seed="0,0,0,1,4,108" ten="250,250,250,250" oya="0" hai0="52,94,40,0,98,99,83,41,123,62,2,28,122" hai1="86,57,109,97,55,4,96,100,15,117,76,118,72" hai2="130,5,84,34,12,54,106,18,21,50,30,105,120" hai3="61,8,3,116,119,29,129,77,80,64,27,56,91"/><T14/><D28/><U114/><E109/><V85/><F120/><W58/><G129/><T69/><D83/><U25/><E72/><V103/><F130/><W93/><G58/><T107/><D107/><U63/><E25/><V39/><F39/><W36/><G36/><T110/><D110/><U126/><E126/><V9/><F30/><W121/><G121/><T81/><D69/><U131/><E131/><V74/><F34/><W90/><G8/><T47/><D123/><U78/><E96/><V20/><F20/><W51/><G3/><T38/><D41/><U67/><E55/><V73/><F103/><W59/><G59/><N who="0" m="35175" /><D2/><U75/><E75/><V43/><F43/><W88/><G51/><N who="0" m="27111" /><D0/><U46/><E46/><V31/><F31/><W133/><G93/><T49/><D38/><U66/><E66/><V102/><F74/><W125/><G133/><T13/><D49/><U127/><E114/><V23/><F73/><W10/><G10/><T60/><D60/><U101/><E127/><V70/><F70/><W79/><G125/><T111/><D111/><U42/><E42/><V132/><F132/><W22/><REACH who="3" step="1"/><G80/><REACH who="3" ten="250,250,250,240" step="2"/><T124/><D124/><U113/><E57/><N who="2" m="32983" /><F106/><W95/><G95/><T53/><D122/><U32/><E63/><V112/><F105/><W87/><G87/><T26/><D81/><U24/><E86/><V89/><F85/><W71/><G71/><T104/><D104/><U44/><E44/><V35/><F84/><W135/><G135/><T11/><D94/><U1/><E1/><V82/><F82/><W65/><G65/><T19/><D11/><RYUUKYOKU ba="0,1" sc="250,-10,250,-10,250,-10,240,30" hai3="22,27,29,56,61,64,77,79,88,90,91,116,119" /><INIT seed="1,1,1,0,3,66" ten="240,240,240,270" oya="1" hai0="88,102,101,8,27,77,52,117,32,5,134,131,11" hai1="49,70,30,17,82,69,26,94,16,2,7,95,43" hai2="91,118,44,111,89,55,127,67,24,115,9,64,19" hai3="3,50,103,25,51,104,1,23,58,6,73,33,83"/><U93/><E82/><V14/><F118/><W63/><G33/><T56/><D117/><U85/><E85/><V46/><F111/><W99/><G83/><T119/><D119/><U36/><E36/><V13/><F127/><W87/><G87/><T98/><D77/><U22/><E2/><V108/><F108/><W41/><G73/><T4/><D134/><U110/><E7/><N who="0" m="2633" /><D27/><U92/><N who="1" m="23552" /><DORA hai="34" /><U84/><E84/><V90/><F115/><W122/><G122/><T128/><D32/><U116/><E116/><V132/><F132/><W74/><G74/><T100/><D88/><U97/><E97/><V28/><F13/><W114/><G114/><T48/><D98/><U68/><REACH who="1" step="1"/><E110/><REACH who="1" ten="240,230,240,270" step="2"/><V112/><F112/><W10/><G1/><T130/><AGARI ba="1,2" hai="8,11,48,52,56,100,101,102,128,130,131" m="2633" machi="130" ten="40,2700,0" yaku="19,1,54,1" doraHai="66,34" who="0" fromWho="0" sc="240,50,230,-14,240,-8,270,-8" /><INIT seed="2,0,0,4,3,87" ten="290,216,232,262" oya="2" hai0="31,131,129,75,28,32,106,70,127,68,62,98,96" hai1="69,77,20,79,61,26,60,47,120,49,124,97,135" hai2="94,12,112,71,73,13,67,100,57,114,21,72,24" hai3="0,50,84,133,128,115,1,6,7,102,125,86,51"/><V58/><F71/><N who="0" m="27178" /><D62/><N who="1" m="24171" /><E120/><V65/><F94/><W76/><G125/><T119/><D75/><U122/><E69/><V14/><F100/><W130/><G133/><T40/><D40/><U132/><E122/><V101/><F101/><W66/><G102/><N who="0" m="62791" /><D98/><U88/><E124/><V95/><F95/><W64/><REACH who="3" step="1"/><G76/><REACH who="3" ten="290,216,232,252" step="2"/><T93/><D127/><U110/><E135/><V11/><F114/><AGARI ba="0,1" hai="0,1,6,7,50,51,64,66,84,86,114,115,128,130" machi="114" ten="25,12000,2" yaku="1,1,2,1,22,2,53,2" doraHai="87" doraHaiUra="126" who="3" fromWho="2" sc="290,0,216,0,232,-120,252,130" /><INIT seed="3,0,0,5,3,85" ten="290,216,112,382" oya="3" hai0="128,124,119,64,54,52,33,73,56,53,135,10,51" hai1="83,115,43,108,23,40,18,114,107,75,69,120,88" hai2="35,9,46,81,67,21,96,55,61,27,111,78,86" hai3="3,110,26,20,122,58,63,80,132,93,116,74,112"/><W41/><G3/><T29/><D119/><U47/><E120/><V7/><F111/><W101/><G116/><T92/><D124/><U127/><E107/><V8/><F35/><W95/><G41/><T102/><D135/><U5/><E69/><V50/><F96/><W70/><G70/><T76/><D128/><U49/><E127/><V77/><F77/><W32/><G32/><T11/><D73/><U12/><E75/><V130/><F130/><W125/><G101/><T39/><D39/><U118/><E118/><V72/><F72/><W30/><G80/><T68/><D76/><U60/><E60/><V104/><F104/><W62/><G74/><T45/><D33/><U133/><E133/><V126/><F126/><W36/><G63/><N who="0" m="37991" /><D29/><U6/><E115/><V87/><F87/><W4/><G4/><T57/><D68/><U15/><E40/><V71/><F7/><W79/><G36/><T100/><D54/><U90/><E114/><V91/><F78/><W19/><G79/><T42/><D42/><U99/><E12/><V82/><F82/><W121/><G121/><T14/><D92/><N who="1" m="56711" /><E108/><V16/><REACH who="2" step="1"/><F71/><REACH who="2" ten="290,216,102,382" step="2"/><W37/><G110/><T129/><D129/><U0/><E0/><V131/><F131/><W134/><G125/><T13/><D102/><U106/><E106/><V117/><F117/><W34/><G134/><T1/><D100/><U59/><E5/><V24/><F24/><W31/><G26/><T48/><D1/><U2/><E6/><V66/><F66/><W17/><G34/><T123/><D13/><N who="1" m="9679" /><E2/><V109/><F109/><W97/><G132/><RYUUKYOKU ba="0,1" sc="290,-10,216,-10,102,30,382,-10" hai2="8,9,16,21,27,46,50,55,61,67,81,86,91" owari="280,8.0,206,-19.4,132,-36.8,382,48.2" /></mjloggm>