<mjloggm ver="2.3"><GO type="225" lobby="0"/><UN n0="%28%EF%BF%A3%E2%96%BD%EF%BF%A3%29%CE%B4%E2%8C%92%E3%83%BB" n1="%E3%81%B2%E3%81%AA%E3%81%AE%E3%82%8A%E3%81%8F" n2="%E4%BA%BA%E9%96%93%E3%83%81%E3%83%A3%E3%83%BC%E3%83%8F%E3%83%B3" n3="%72%65%6E%6B%75%6E" dan="16,17,16,17" rate="2146.64,2195.40,2085.28,2229.86" sx="M,M,M,M"/><TAIKYOKU oya="0"/><INIT seed="0,0,0,2,0,80" ten="250,250,250,250" oya="0" hai0="7,127,113,9,52,31,18,98,76,60,71,112,70" hai1="54,69,3,65,131,45,130,36,13,38,117,79,77" hai2="23,121,32,61,129,50,59,48,120,58,11,15,101" hai3="116,29,91,4,17,93,42,128,135,28,100,134,85"/><T73/><D127/><U1/><E13/><V43/><F32/><W19/><G116/><T55/><D31/><N who="3" m="11849" /><G128/><N who="1" m="49194" /><E117/><V21/><F129/><W35/><G35/><T41/><D18/><U105/><E105/><V75/><F75/><W86/><G100/><T64/><D70/><U83/><E54/><N who="2" m="32071" /><F101/><W47/><G4/><T106/><D41/><N who="1" m="22695" /><E77/><V111/><F111/><W108/><G108/><T124/><D124/><U57/><E69/><V125/><F125/><W87/><G19/><T99/><D106/><U8/><E8/><V102/><F120/><W44/><G17/><T81/><D112/><U88/><E38/><V37/><F37/><N who="3" m="21583" /><G47/><T109/><D113/><U12/><E12/><V122/><F102/><W33/><G33/><T14/><REACH who="0" step="1"/><D109/><REACH who="0" ten="240,250,250,250" step="2"/><U78/><E3/><V26/><F121/><W94/><G91/><T68/><D68/><U27/><E1/><V72/><F122/><W40/><G40/><T51/><D51/><U39/><E39/><V115/><F43/><W126/><G126/><T5/><D5/><U53/><E88/><V56/><F115/><W104/><G104/><T74/><D74/><U89/><E89/><V103/><F72/><W66/><G66/><T84/><D84/><N who="1" m="48247" /><E65/><N who="2" m="39079" /><F103/><W95/><G95/><T107/><D107/><U25/><E79/><V34/><F50/><AGARI ba="0,1" hai="25,27,50,53,57" m="48247,22695,49194" machi="50" ten="30,2000,0" yaku="19,1,52,1" doraHai="80" who="1" fromWho="2" sc="240,0,250,30,250,-20,250,0" /><INIT seed="1,0,0,2,0,97" ten="240,280,230,250" oya="1" hai0="31,25,112,35,64,131,120,63,58,70,51,87,17" hai1="44,134,69,68,130,126,56,108,22,85,84,83,79" hai2="93,59,20,60,53,49,121,123,40,66,92,74,0" hai3="13,82,55,88,16,14,47,135,113,15,90,95,46"/><U62/><E134/><V71/><F74/><W67/><G135/><T124/><D112/><U80/><E126/><V11/><F20/><W38/><G113/><T36/><D36/><U106/><E130/><V4/><REACH who="2" step="1"/><F40/><REACH who="2" ten="240,280,220,250" step="2"/><W99/><G67/><T72/><D72/><U3/><E22/><V96/><F96/><W37/><G37/><T81/><D131/><U114/><E85/><V34/><F34/><W21/><G38/><T115/><D115/><U102/><E84/><V24/><F24/><N who="3" m="14375" /><G55/><T30/><D35/><U48/><E114/><V89/><F89/><N who="3" m="55791" /><G82/><T109/><D81/><U75/><E80/><V26/><F26/><W5/><G5/><T61/><D25/><U42/><E83/><V50/><F50/><W94/><G90/><T104/><D51/><U105/><E48/><V10/><F10/><W129/><G129/><T27/><D27/><U78/><E75/><V33/><F33/><W43/><G43/><T52/><D52/><U110/><E42/><V57/><F57/><W8/><G8/><T39/><D58/><U2/><E56/><V28/><F28/><W7/><G7/><T122/><D31/><U119/><E79/><V54/><F54/><W127/><G127/><T12/><D30/><U111/><E78/><V86/><F86/><AGARI ba="0,1" hai="13,14,15,46,47,86,88,94" m="55791,14375" machi="86" ten="30,3900,0" yaku="8,1,54,2" doraHai="97" who="3" fromWho="2" sc="240,0,280,0,220,-39,250,49" /><INIT seed="2,0,0,1,2,97" ten="240,280,181,299" oya="2" hai0="127,106,25,132,95,71,52,101,68,82,76,58,126" hai1="18,20,128,19,69,5,54,78,26,110,22,6,57" hai2="4,85,94,70,24,75,123,2,93,53,29,50,89" hai3="61,108,59,115,114,1,39,8,46,99,80,48,87"/><V45/><F123/><W31/><G39/><T88/><D132/><U34/><E110/><V121/><F121/><W23/><G108/><T103/><D106/><U135/><E135/><V120/><F120/><W65/><G99/><N who="0" m="57831" /><D25/><U51/><E128/><V84/><F75/><W91/><G31/><T83/><D71/><U90/><E69/><V12/><F70/><W49/><G23/><T107/><D68/><U21/><E78/><V40/><F2/><W117/><G117/><T42/><D42/><U74/><E74/><V113/><F113/><N who="3" m="43019" /><G46/><T44/><D44/><U72/><E34/><V116/><F116/><W125/><G125/><N who="0" m="47627" /><D107/><U102/><E72/><V122/><F122/><W119/><G119/><T67/><D67/><U112/><E112/><V105/><F105/><W131/><G131/><T36/><D36/><U134/><E134/><V104/><F104/><W60/><G65/><T96/><D96/><U33/><E26/><V124/><F124/><W17/><G59/><T27/><D27/><U55/><E33/><V10/><F40/><W30/><G30/><T7/><D7/><U81/><E57/><V13/><F13/><N who="3" m="7335" /><G1/><T77/><D77/><U14/><E6/><V129/><F129/><W47/><G47/><T86/><D83/><U79/><E5/><V37/><F37/><W9/><G9/><T16/><D16/><U100/><E19/><V62/><F62/><AGARI ba="0,0" hai="48,49,60,61,62,80,87,91" m="7335,43019" machi="62" ten="30,1000,0" yaku="11,1" doraHai="97" who="3" fromWho="2" sc="240,0,280,0,181,-10,299,10" /><AGARI ba="0,0" hai="52,58,62,76,82,86,101,103" m="47627,57831" machi="62" ten="30,8000,1" yaku="18,1,52,2,54,2" doraHai="97" who="0" fromWho="2" sc="240,80,280,0,171,-80,309,0" /><INIT seed="3,0,0,2,4,121" ten="320,280,91,309" oya="3" hai0="80,66,108,34,116,133,52,68,110,35,131,109,26" hai1="47,31,135,79,63,19,127,124,12,55,38,132,4" hai2="46,130,15,96,78,14,16,102,69,48,13,7,83" hai3="8,20,94,60,100,88,76,22,77,0,81,33,89"/><W41/><G33/><T28/><D116/><U67/><E31/><V9/><F130/><W113/><G113/><T84/><D131/><U56/><E4/><V72/><F69/><W23/><G41/><T111/><D111/><U27/><E27/><V86/><F72/><W98/><G0/><T40/><D40/><N who="1" m="22935" /><E79/><N who="3" m="30282" /><G60/><N who="0" m="40007" /><D133/><N who="1" m="51275" /><E12/><V118/><F118/><W70/><G70/><T21/><D52/><U85/><E85/><V99/><F16/><W30/><G8/><T61/><D61/><N who="1" m="35999" /><E19/><V59/><F59/><AGARI ba="0,0" hai="59,63,67,124,127" m="35999,51275,22935" machi="59" ten="30,3900,0" yaku="20,1,34,2" doraHai="121" who="1" fromWho="2" sc="320,0,280,39,91,-39,309,0" owari="320,42.0,319,11.9,52,-44.8,309,-9.1" /></mjloggm>