<mjloggm ver="2.3"><GO type="225" lobby="0"/><UN n0="%E3%81%A9%E3%82%8F%E3%82%93%E3%81%94" n1="%E6%97%A5%E6%9B%9C%E6%97%A5%E3%82%88%E3%82%8A%E3%81%AE%E4%BD%BF%E8%80%85" n2="%4E%49%4A%49%49%52%4F" n3="%E6%9C%AA%E6%9D%A5%E5%B0%91%E5%B9%B4" dan="16,17,16,16" rate="2205.01,2149.60,2170.01,2124.05" sx="M,M,M,M"/><TAIKYOKU oya="0"/><INIT seed="0,0,0,2,0,87" ten="250,250,250,250" oya="0" hai0="2,10,128,21,51,20,41,19,83,66,100,89,11" hai1="28,36,108,50,60,23,34,56,38,72,101,49,93" hai2="64,98,3,68,104,116,7,48,4,92,22,46,120" hai3="118,39,130,26,12,63,109,47,99,119,24,0,77"/><T6/><D128/><U32/><E72/><V75/><F120/><W91/><G0/><T79/><D100/><U40/><E108/><V94/><F75/><W85/><G109/><T121/><D121/><U17/><E28/><V106/><F116/><W86/><G130/><T97/><D66/><U30/><E30/><V44/><F22/><W107/><G12/><T76/><D11/><U14/><E34/><V95/><F64/><W1/><G1/><T61/><D61/><U55/><E32/><V29/><F68/><W70/><G26/><T52/><D41/><U54/><E40/><V127/><F127/><W82/><G24/><T25/><D21/><U27/><E14/><V90/><F29/><W81/><G39/><T37/><D37/><U57/><REACH who="1" step="1"/><E60/><REACH who="1" ten="250,240,250,250" step="2"/><V113/><F3/><W114/><G119/><T35/><D35/><U16/><E16/><V62/><F62/><W135/><G118/><T5/><D5/><U126/><E126/><V102/><F4/><W58/><G70/><T73/><D73/><U115/><E115/><V103/><F7/><W65/><G114/><T42/><D42/><U111/><E111/><V9/><F113/><W112/><G112/><T124/><D124/><U117/><E117/><V74/><F74/><W134/><G135/><T15/><D2/><U132/><E132/><V59/><F9/><W13/><G134/><T8/><D10/><U31/><E31/><V122/><F122/><W96/><G13/><T53/><D15/><U88/><E88/><V33/><F90/><W125/><G125/><T80/><D8/><U129/><E129/><RYUUKYOKU ba="0,1" sc="250,-10,240,30,250,-10,250,-10" hai1="17,23,27,36,38,49,50,54,55,56,57,93,101" /><INIT seed="1,1,1,3,0,126" ten="240,270,240,240" oya="1" hai0="119,48,118,113,81,104,70,63,78,83,39,65,8" hai1="12,112,25,124,32,13,98,92,110,47,71,131,34" hai2="109,3,62,35,84,22,75,29,15,80,28,100,5" hai3="9,129,87,46,27,60,64,114,117,26,77,52,1"/><U20/><E112/><V73/><F109/><W44/><G114/><T38/><D113/><U51/><E71/><V111/><F111/><W125/><G125/><T115/><D115/><U24/><E110/><V21/><F100/><W132/><G132/><T116/><D104/><U106/><E106/><V135/><F135/><W96/><G117/><T93/><D93/><U33/><E124/><V72/><F3/><W23/><G96/><T59/><D83/><U108/><E108/><V86/><F62/><W97/><G97/><T128/><D128/><U57/><E57/><V79/><F35/><W30/><G129/><T36/><D8/><U58/><E58/><V101/><F101/><W40/><G1/><T10/><D10/><U95/><E131/><V69/><F69/><W14/><G26/><T45/><D70/><U76/><E76/><V11/><REACH who="2" step="1"/><F84/><REACH who="2" ten="240,270,230,240" step="2"/><W4/><G64/><T68/><D68/><U2/><E2/><V123/><F123/><W121/><G121/><T127/><D127/><U54/><E32/><V107/><F107/><W99/><G99/><T91/><D119/><U74/><E33/><V90/><F90/><W103/><G103/><T88/><D118/><U53/><E34/><V19/><F19/><W41/><G87/><N who="0" m="48567" /><D116/><U7/><E98/><V55/><F55/><W105/><G105/><T89/><D91/><U94/><E54/><V130/><F130/><W49/><G77/><T50/><D89/><U122/><E122/><V61/><F61/><W37/><G60/><T133/><D133/><U17/><E74/><V18/><F18/><W102/><G102/><RYUUKYOKU ba="1,2" sc="240,-30,270,10,230,10,240,10" hai1="7,12,13,17,20,24,25,47,51,53,92,94,95" hai2="5,11,15,21,22,28,29,72,73,75,79,80,86" hai3="4,9,14,23,27,30,37,40,41,44,46,49,52" /><INIT seed="1,2,2,0,4,62" ten="210,280,240,250" oya="1" hai0="38,91,68,90,52,3,9,24,55,50,102,97,19" hai1="37,107,39,46,103,76,104,17,70,72,43,109,4" hai2="57,96,18,112,47,66,134,77,30,93,75,23,127" hai3="84,51,105,7,31,16,79,33,2,14,1,121,36"/><U54/><E70/><V124/><F134/><W40/><G121/><T26/><D38/><U131/><E131/><V87/><F112/><W130/><G36/><T56/><D68/><U22/><E39/><V119/><F75/><W12/><G105/><T126/><D126/><N who="2" m="48170" /><F119/><W20/><G130/><T63/><D3/><U0/><E103/><N who="2" m="60815" /><F47/><N who="3" m="26087" /><G31/><T8/><D8/><N who="1" m="2055" /><E54/><V92/><F30/><W28/><G28/><T83/><D83/><N who="1" m="45447" /><E109/><V15/><F77/><W35/><G1/><T106/><D26/><AGARI ba="2,2" hai="17,22,26,37,43,46,104,107" m="45447,2055" machi="26" ten="30,1500,0" yaku="25,1" doraHai="62" who="1" fromWho="0" sc="210,-21,280,41,240,0,250,0" /><INIT seed="1,3,0,0,5,131" ten="189,321,240,250" oya="1" hai0="98,71,88,41,52,45,124,122,123,9,31,96,46" hai1="70,79,92,111,110,116,93,106,14,65,113,48,40" hai2="133,83,128,101,66,102,27,4,125,94,37,32,76" hai3="107,36,80,28,11,115,22,50,105,5,103,129,53"/><U6/><E106/><V19/><F128/><W117/><G115/><T87/><D71/><U90/><E79/><V61/><F37/><W56/><G129/><T120/><D31/><U38/><E38/><V26/><F125/><W7/><G36/><N who="0" m="21671" /><D9/><N who="1" m="4407" /><E113/><V15/><F4/><W29/><G117/><T86/><D86/><U24/><E24/><V135/><F27/><W20/><G103/><T10/><D10/><U85/><E116/><V95/><F26/><W12/><G7/><T25/><D25/><U108/><E65/><V114/><F32/><W99/><G99/><T118/><D118/><U112/><E70/><V42/><F42/><W97/><G97/><T91/><D91/><U3/><E3/><V2/><F2/><W30/><REACH who="3" step="1"/><G80/><REACH who="3" ten="189,321,240,240" step="2"/><N who="0" m="49255" /><D124/><U17/><E112/><V21/><F114/><W84/><G84/><T64/><D64/><U134/><E85/><N who="2" m="48359" /><F101/><W119/><G119/><T33/><D33/><U23/><E111/><V74/><F102/><W72/><G72/><T54/><D98/><U1/><E110/><V49/><F74/><W59/><G59/><T16/><D96/><U89/><E108/><V77/><F77/><W100/><G100/><T68/><D68/><U13/><E90/><V63/><F94/><W62/><G62/><T44/><D16/><U109/><E109/><V126/><F95/><W130/><G130/><T73/><D73/><U127/><E92/><V34/><F126/><W57/><G57/><T58/><D58/><U47/><E127/><V69/><F61/><W75/><G75/><T8/><D8/><U121/><E93/><V18/><F63/><RYUUKYOKU ba="3,1" sc="189,15,321,-15,240,-15,240,15" hai0="44,46,52,54,120,122,123" hai3="5,11,12,20,22,28,29,30,50,53,56,105,107" /><INIT seed="2,4,1,0,3,2" ten="204,306,225,255" oya="2" hai0="6,91,53,34,131,79,81,104,124,134,11,108,63" hai1="16,114,100,64,82,4,23,123,76,51,112,78,28" hai2="70,111,89,84,20,97,41,85,86,55,117,102,59" hai3="37,31,40,121,71,115,99,39,10,27,72,0,25"/><V35/><F35/><W127/><G121/><T68/><D34/><U57/><E123/><V48/><F70/><W128/><G128/><T122/><D131/><U120/><E120/><V32/><F117/><W14/><G0/><T3/><D122/><U62/><E28/><V75/><F32/><W54/><G71/><T44/><D104/><U101/><E4/><V30/><F75/><W92/><G72/><T9/><D108/><U118/><E118/><V52/><F111/><W87/><G127/><T98/><D124/><U94/><E51/><V96/><F41/><W135/><G135/><T60/><D68/><U47/><E47/><V7/><F7/><W46/><G115/><T19/><D134/><U38/><E38/><V29/><F89/><W1/><G1/><T45/><D45/><U130/><E130/><V22/><F102/><W15/><G37/><T33/><D33/><U65/><E65/><V95/><F95/><W116/><G116/><T69/><D69/><U50/><E50/><V109/><F109/><W5/><G87/><N who="0" m="50671" /><D98/><N who="2" m="37994" /><F55/><W88/><G54/><T119/><D79/><U67/><E114/><V113/><F113/><W58/><G58/><T74/><D74/><U26/><E112/><V17/><F22/><W18/><G31/><T43/><D43/><U110/><E110/><V36/><F36/><W24/><G24/><AGARI ba="4,1" hai="17,20,24,29,30,48,52,59,84,85,86" m="37994" machi="24" ten="30,2900,0" yaku="8,1,54,1" doraHai="2" who="2" fromWho="3" sc="204,0,306,0,225,51,255,-41" /><INIT seed="2,5,0,0,3,63" ten="204,306,276,214" oya="2" hai0="101,74,64,69,31,105,117,129,87,1,6,50,12" hai1="72,99,100,51,27,78,70,36,128,60,109,133,85" hai2="127,75,56,81,125,10,53,54,44,134,16,4,119" hai3="126,26,38,65,17,46,43,28,15,57,40,131,13"/><V39/><F119/><W84/><G131/><T79/><D117/><U29/><E36/><V111/><F134/><W120/><G120/><T83/><D129/><U21/><E133/><V102/><F102/><W121/><G121/><T24/><D12/><U68/><E128/><V123/><F123/><W14/><G126/><N who="2" m="48137" /><F111/><W132/><G132/><T90/><D50/><U32/><E72/><V130/><F130/><W67/><G43/><T37/><D37/><U88/><E78/><N who="2" m="44255" /><F56/><W3/><G3/><T58/><D58/><U96/><E109/><V25/><F39/><W52/><G17/><T20/><D6/><U71/><E100/><V95/><F95/><W113/><G84/><T106/><D1/><U33/><E71/><V104/><F44/><W80/><G80/><T18/><D18/><U9/><E70/><V82/><F82/><W41/><G113/><T30/><D30/><U97/><E68/><V92/><F92/><W19/><G19/><T34/><D101/><U108/><E108/><V93/><F93/><W76/><G76/><T61/><D34/><U94/><E32/><V77/><F77/><W2/><G2/><T42/><D42/><U122/><E33/><V48/><F48/><W98/><G41/><T62/><D62/><U112/><E122/><V116/><F104/><W45/><G98/><T86/><D74/><U66/><E51/><V114/><F114/><W11/><G46/><T5/><D106/><U23/><E112/><V0/><F116/><W91/><G38/><T124/><D124/><U8/><E97/><V49/><F49/><W7/><G40/><RYUUKYOKU ba="5,0" sc="204,-10,306,-10,276,30,214,-10" hai2="0,4,10,16,25,53,54" /><INIT seed="2,6,0,0,1,26" ten="194,296,306,204" oya="2" hai0="112,71,6,115,95,58,110,80,57,89,116,88,113" hai1="128,105,125,69,12,53,90,104,32,131,37,59,28" hai2="41,8,79,72,123,114,65,47,87,54,63,2,82" hai3="10,102,35,109,43,75,66,16,101,29,121,19,106"/><V134/><F123/><W39/><G121/><T33/><D71/><U126/><E69/><V52/><F114/><W84/><G75/><T30/><D110/><U92/><E37/><N who="2" m="21935" /><F87/><W68/><G109/><T1/><D116/><U81/><E12/><V97/><F97/><N who="3" m="61743" /><G102/><T60/><D80/><U4/><E4/><N who="2" m="1047" /><F134/><W118/><G118/><T70/><D70/><AGARI ba="6,0" hai="52,54,63,65,70,72,79,82" m="1047,21935" machi="70" ten="30,2900,0" yaku="25,1,54,1" doraHai="26" who="2" fromWho="0" sc="194,-47,296,0,306,47,204,0" /><INIT seed="2,7,0,4,5,45" ten="147,296,353,204" oya="2" hai0="77,82,38,69,87,20,76,52,112,68,74,34,93" hai1="113,32,25,66,8,123,27,0,67,42,4,40,99" hai2="72,118,44,24,3,13,37,110,58,78,90,36,96" hai3="116,65,23,50,80,39,129,62,121,43,75,126,106"/><V92/><F118/><W83/><G116/><T100/><D112/><U12/><E113/><V47/><F3/><W48/><G121/><T18/><D34/><U64/><E123/><V91/><F58/><W55/><G106/><T26/><D38/><U6/><E0/><V79/><F24/><N who="1" m="9289" /><E32/><V120/><F120/><W53/><G129/><T28/><D28/><U41/><E99/><V60/><F60/><W88/><G126/><T85/><D77/><U33/><E33/><V119/><F119/><W14/><G75/><T30/><D30/><U70/><E70/><V98/><F13/><W21/><G14/><T31/><D31/><U63/><E63/><V15/><F15/><W73/><G73/><T46/><D74/><U29/><E29/><V71/><F72/><W109/><G39/><T89/><REACH who="0" step="1"/><D100/><REACH who="0" ten="137,296,353,204" step="2"/><U54/><E54/><V1/><F36/><W11/><G53/><T57/><D57/><U115/><E115/><V19/><F37/><W49/><G55/><T35/><D35/><U86/><E4/><V122/><F79/><W22/><G43/><T5/><D5/><U95/><E41/><V130/><F78/><W17/><G109/><T84/><D84/><U125/><E125/><V7/><F110/><W117/><G117/><T102/><D102/><U59/><E59/><V127/><F127/><W131/><G131/><T81/><D81/><U51/><E40/><V105/><F7/><W9/><G80/><T104/><D104/><U107/><E107/><V114/><F105/><W10/><G17/><T94/><D94/><U108/><E108/><V101/><F130/><RYUUKYOKU ba="7,1" sc="137,30,296,-10,353,-10,204,-10" hai0="18,20,26,46,52,68,69,76,82,85,87,89,93" /><INIT seed="3,8,1,5,2,133" ten="167,286,343,194" oya="3" hai0="66,15,115,27,68,51,127,7,85,77,131,8,132" hai1="69,70,35,109,119,61,24,58,107,82,43,18,98" hai2="88,41,72,101,104,100,6,21,67,96,29,13,4" hai3="12,25,80,92,54,38,3,26,110,91,23,122,5"/><W76/><G122/><T32/><D132/><U49/><E109/><V37/><F72/><W9/><G38/><T121/><D121/><U126/><E82/><V81/><F67/><W123/><G123/><T117/><D117/><U17/><E119/><V57/><F57/><W114/><G114/><T135/><D135/><U89/><E49/><V56/><F56/><W113/><G113/><T22/><D115/><U83/><E43/><V95/><F101/><W60/><G110/><T19/><D131/><U74/><E69/><V47/><F81/><W116/><G116/><T40/><D32/><U124/><E70/><V44/><F44/><W62/><G3/><T0/><D0/><U129/><E129/><V73/><F73/><W84/><G54/><T1/><D1/><U130/><E130/><V45/><F45/><W93/><G93/><T102/><D102/><N who="1" m="62935" /><E24/><V48/><F37/><W118/><G118/><T108/><D108/><U46/><E46/><V28/><F6/><W59/><G59/><T106/><D106/><U64/><E35/><V39/><F39/><W30/><REACH who="3" step="1"/><G26/><REACH who="3" ten="167,286,343,184" step="2"/><T42/><D68/><U36/><E36/><V11/><F95/><W2/><G2/><T105/><D105/><U14/><E58/><V86/><F104/><W111/><G111/><T75/><D27/><U52/><E52/><V20/><F41/><W34/><G34/><T78/><D42/><U65/><E65/><V33/><F33/><W134/><G134/><T79/><D66/><U103/><E64/><V53/><F53/><W94/><G94/><T55/><D40/><U71/><E71/><RYUUKYOKU ba="8,2" sc="167,-10,286,-10,343,-10,184,30" hai3="5,9,12,23,25,30,60,62,76,80,84,91,92" /><INIT seed="3,9,2,3,4,27" ten="157,276,333,214" oya="3" hai0="52,99,69,127,19,33,63,62,119,6,121,87,66" hai1="134,43,91,130,15,35,98,78,32,85,71,80,1" hai2="132,51,44,24,21,4,57,77,34,120,72,93,83" hai3="82,25,42,124,5,135,94,31,16,30,125,38,89"/><W29/><G135/><T9/><D121/><U18/><E1/><V133/><F120/><W86/><G5/><T79/><D119/><U112/><E112/><V73/><F34/><W100/><G38/><T60/><D33/><U23/><E71/><V68/><F68/><W11/><G42/><T95/><D19/><U45/><E130/><V106/><F106/><W129/><G129/><T22/><D22/><U118/><E134/><N who="2" m="51819" /><F4/><W131/><G131/><T70/><D127/><N who="3" m="48713" /><G25/><T84/><D79/><U59/><E59/><V36/><F36/><W76/><G100/><T54/><D70/><U88/><E118/><V97/><F57/><W0/><G0/><T8/><D69/><U49/><REACH who="1" step="1"/><E78/><REACH who="1" ten="157,266,333,214" step="2"/><V110/><F77/><W75/><G30/><T122/><D122/><U81/><E81/><V41/><F83/><W2/><G2/><T56/><D6/><U61/><E61/><N who="0" m="23657" /><D66/><U47/><E47/><V28/><F110/><W105/><G105/><T123/><D123/><U74/><E74/><V7/><F7/><W103/><G103/><AGARI ba="9,3" hai="21,24,28,41,44,51,72,73,93,97,103" m="51819" machi="103" ten="30,2000,0" yaku="20,1,52,1" doraHai="27" who="2" fromWho="3" sc="157,0,266,0,333,77,214,-47" owari="157,-34.3,266,6.6,410,51.0,167,-23.3" /></mjloggm>