<mjloggm ver="2.3"><GO type="225" lobby="0"/><UN n0="%72%69%6F%75%63%68%61%6E" n1="%E3%83%B4%E3%82%A3%E3%83%AF%E3%82%B3%E3%82%B0%E3%83%8B" n2="%E9%B4%A8%4E%45%47%49" n3="%E6%B4%BE%E9%81%A3%E3%81%AE%E3%82%B8%E3%83%A3%E3%83%83%E3%82%AF" dan="16,16,16,17" rate="2191.74,2203.05,2133.36,2188.76" sx="M,M,M,M"/><TAIKYOKU oya="0"/><INIT seed="0,0,0,1,2,13" ten="250,250,250,250" oya="0" hai0="97,45,49,9,27,58,38,91,118,31,69,90,35" hai1="121,24,8,134,57,44,43,10,117,101,11,48,119" hai2="39,20,18,93,67,6,28,50,55,14,15,100,110" hai3="34,42,83,29,82,115,129,71,75,7,79,47,89"/><T61/><D118/><U36/><E121/><V46/><F110/><W102/><G115/><T114/><D114/><U73/><E73/><V32/><F32/><W70/><G102/><T63/><D69/><U80/><E134/><V113/><F113/><W22/><G34/><T88/><D38/><U74/><E101/><V94/><F39/><W96/><G129/><T130/><D130/><U72/><E72/><V77/><F28/><W120/><G120/><T65/><D9/><U106/><E106/><V51/><F77/><W126/><G126/><T85/><D61/><U41/><E41/><N who="2" m="24911" /><F67/><W107/><G7/><T59/><D97/><U78/><E24/><V2/><F2/><W127/><G127/><T25/><D25/><U30/><E30/><V125/><F100/><W92/><G83/><T109/><D58/><U21/><E21/><N who="2" m="11479" /><F125/><W131/><G107/><T4/><D4/><U99/><E36/><V53/><F53/><W128/><G128/><T66/><D66/><U81/><E78/><V123/><F6/><W87/><G75/><T116/><D116/><U133/><E74/><V84/><F84/><W62/><G131/><T23/><D109/><U12/><E99/><V40/><F40/><W68/><G29/><T86/><REACH who="0" step="1"/><D35/><REACH who="0" ten="240,250,250,250" step="2"/><U105/><E117/><V112/><F112/><W5/><G5/><T19/><D19/><U64/><E119/><V1/><F123/><W108/><G108/><T54/><AGARI ba="0,1" hai="23,27,31,45,49,54,59,63,65,85,86,88,90,91" machi="54" ten="30,12000,1" yaku="1,1,0,1,8,1,54,1,53,1" doraHai="13" doraHaiUra="17" who="0" fromWho="0" sc="240,130,250,-40,250,-40,250,-40" /><INIT seed="0,1,0,4,3,33" ten="370,210,210,210" oya="0" hai0="42,107,53,89,27,65,32,122,20,124,123,68,7" hai1="114,0,45,112,29,6,99,133,67,62,63,37,84" hai2="131,77,94,96,3,57,25,128,55,101,12,79,115" hai3="134,43,26,118,24,4,16,14,60,19,121,132,98"/><T31/><D124/><U51/><E37/><V48/><F115/><N who="1" m="44073" /><E133/><N who="3" m="51306" /><G43/><T90/><D123/><U106/><E29/><V71/><F71/><W18/><G60/><T102/><D122/><U36/><E36/><V8/><F25/><N who="3" m="9835" /><G98/><T69/><D7/><U34/><E34/><V54/><F54/><W103/><G103/><T22/><D42/><U5/><E84/><V11/><F11/><N who="3" m="4455" /><G118/><T44/><D20/><U120/><E120/><AGARI ba="1,0" hai="16,18,19,120,121" m="4455,9835,51306" machi="120" ten="40,8000,1" yaku="20,1,34,2,54,1" doraHai="33" who="3" fromWho="1" sc="370,0,210,-83,210,0,210,83" /><INIT seed="1,0,0,5,2,34" ten="370,127,210,293" oya="1" hai0="60,122,7,91,39,125,102,20,72,21,108,22,59" hai1="126,97,101,84,129,118,14,33,76,121,116,66,26" hai2="37,111,50,4,24,51,94,110,0,44,52,25,1" hai3="120,134,132,95,30,83,89,77,36,82,98,18,56"/><U124/><E66/><V27/><F37/><W117/><G36/><T68/><D108/><N who="2" m="41514" /><F4/><W123/><G30/><T127/><D122/><N who="3" m="46633" /><G56/><T58/><D39/><U74/><E121/><V6/><F6/><W13/><G117/><T29/><D72/><U64/><E74/><V109/><N who="2" m="41522" /><V119/><DORA hai="92" /><F119/><W65/><G65/><T57/><D102/><U55/><E64/><V67/><F94/><W113/><G113/><T104/><D104/><U17/><E129/><V114/><F67/><W93/><G13/><T9/><D29/><N who="1" m="19639" /><E55/><N who="2" m="30151" /><F114/><W70/><G70/><T112/><D112/><U80/><E17/><V107/><F107/><W81/><G18/><T115/><D115/><U90/><E14/><V3/><F27/><W28/><G28/><T103/><D103/><U75/><E116/><V54/><F54/><W2/><G2/><N who="2" m="513" /><V79/><DORA hai="43" /><F79/><W23/><G23/><T128/><D128/><U100/><E118/><V88/><F88/><N who="3" m="55591" /><G77/><T32/><D32/><U62/><BYE who="0" /><E62/><V105/><F105/><W130/><G130/><T10/><D10/><U71/><E71/><V78/><F78/><W5/><G5/><T49/><D49/><U106/><E101/><V87/><F87/><AGARI ba="0,0" hai="81,82,83,87,89,95,132,134" m="55591,46633" machi="87" ten="30,7700,0" yaku="34,2,52,1,54,1" doraHai="34,92,43" who="3" fromWho="2" sc="370,0,127,0,210,-77,293,77" /><UN n0="%72%69%6F%75%63%68%61%6E" /><INIT seed="2,0,0,4,1,54" ten="370,127,133,370" oya="2" hai0="90,89,127,26,96,3,119,46,93,66,41,85,6" hai1="129,37,45,133,43,117,19,112,44,9,108,68,103" hai2="82,126,1,39,0,34,13,35,10,81,94,107,135" hai3="79,51,84,50,29,38,11,30,121,64,122,92,27"/><V12/><F107/><W120/><G38/><T113/><D113/><U111/><E112/><V75/><F39/><W86/><G11/><T71/><D127/><U97/><E117/><V53/><F53/><W70/><G79/><T28/><D119/><U102/><E68/><V110/><F94/><W125/><G125/><T73/><D73/><U83/><E133/><V106/><F126/><W91/><G84/><T36/><D3/><N who="2" m="1098" /><F106/><W80/><G80/><N who="2" m="30825" /><F10/><W69/><G29/><T59/><D6/><U16/><E44/><V72/><F135/><W99/><G86/><T131/><D131/><U42/><E129/><V2/><N who="2" m="1106" /><V57/><DORA hai="63" /><F57/><W22/><G69/><T31/><D71/><U62/><E42/><V49/><F49/><W47/><G47/><T48/><D26/><U134/><E134/><V114/><F114/><W32/><G50/><T124/><D124/><U87/><E62/><V98/><F98/><W104/><G51/><T20/><D20/><U40/><E40/><V130/><F130/><W128/><G104/><T18/><D18/><N who="1" m="6699" /><E9/><V95/><F95/><W14/><G128/><T74/><D74/><N who="2" m="28202" /><F110/><N who="1" m="42025" /><E97/><V115/><F115/><W67/><G70/><T100/><D36/><U76/><AGARI ba="0,0" hai="37,43,45,76,83,87,102,103" m="42025,6699" machi="76" ten="30,2000,0" yaku="14,1,54,1" doraHai="54,63" who="1" fromWho="1" sc="370,-5,127,20,133,-10,370,-5" /><INIT seed="3,0,0,4,2,114" ten="365,147,123,365" oya="3" hai0="116,53,37,74,77,85,95,19,107,90,64,57,123" hai1="94,45,39,103,7,25,130,101,52,132,10,62,121" hai2="18,40,68,105,12,35,2,1,69,49,89,125,60" hai3="70,97,135,82,87,65,122,24,56,34,115,9,43"/><W42/><G115/><T6/><D116/><U17/><E121/><V128/><F35/><W67/><G122/><T127/><D123/><U110/><E110/><V31/><F105/><W93/><G70/><T27/><D37/><U16/><E130/><V99/><F128/><W59/><G9/><T133/><D107/><U96/><E132/><V3/><F31/><W88/><G135/><T129/><D133/><U98/><E25/><V54/><F125/><W84/><G24/><T71/><D129/><U78/><E78/><V55/><F40/><N who="3" m="15403" /><G34/><T119/><D119/><U134/><E134/><V30/><F30/><W81/><G59/><T83/><D127/><U109/><E109/><V48/><F99/><W66/><G56/><T111/><D111/><U36/><E36/><V47/><F89/><N who="3" m="51351" /><G67/><T100/><D6/><U92/><E39/><V131/><F131/><W21/><G21/><N who="0" m="13759" /><D71/><U5/><E62/><V80/><F60/><W11/><G11/><T118/><D118/><U0/><E5/><V106/><F106/><W73/><G73/><T33/><D33/><U4/><E7/><V124/><F124/><W75/><G75/><T58/><D64/><U51/><AGARI ba="0,0" hai="0,4,10,16,17,45,51,52,92,94,96,98,101,103" machi="51" ten="30,7900,0" yaku="0,1,9,1,54,2" doraHai="114" who="1" fromWho="1" sc="365,-20,147,79,123,-20,365,-39" owari="345,44.5,226,-17.4,103,-39.7,326,12.6" /></mjloggm>