<mjloggm ver="2.3"><GO type="225" lobby="0"/><UN n0="%E3%83%B4%E3%83%A0%EF%BC%99%E3%81%A6" n1="%43%68%65" n2="%E2%91%A3%E9%81%BF%E9%81%8A%E6%88%AF%E3%80%90%E6%9D%B1%E5%8D%97%E3%80%91" n3="%E9%80%9F%E6%B0%B4%E5%87%9B%E9%A6%99" dan="17,16,16,16" rate="2173.90,2161.31,2120.39,2078.98" sx="M,M,M,F"/><TAIKYOKU oya="0"/><INIT seed="0,0,0,4,3,43" ten="250,250,250,250" oya="0" hai0="31,9,94,59,65,26,0,77,58,113,46,90,129" hai1="63,50,34,24,44,100,121,119,8,75,82,87,120" hai2="42,108,51,74,128,52,37,83,122,16,71,133,10" hai3="73,72,114,33,2,12,6,80,21,69,25,96,92"/><T5/><D113/><U39/><E119/><V124/><F108/><W66/><G66/><T76/><D129/><U11/><E75/><V35/><F128/><W104/><G69/><T132/><D132/><U81/><E39/><V102/><F133/><W7/><G104/><T112/><D112/><U27/><E100/><V106/><F71/><W98/><G98/><T15/><D0/><U54/><E121/><V89/><F35/><W40/><G40/><T19/><D5/><U110/><E110/><V118/><F118/><W107/><G107/><T103/><D103/><U84/><E63/><V105/><F122/><W111/><G111/><T18/><D18/><U48/><E120/><V55/><F37/><W78/><G73/><T127/><D127/><U4/><E34/><V95/><F124/><W14/><G114/><T91/><D91/><N who="1" m="51599" /><E50/><V29/><F106/><W116/><G116/><T38/><D65/><U70/><E70/><V13/><F105/><W117/><G117/><T30/><D76/><N who="1" m="46535" /><E4/><V17/><F74/><W60/><G60/><T23/><D77/><U79/><E79/><V101/><F83/><W130/><G130/><T1/><D1/><U109/><E109/><V64/><F64/><W47/><G2/><T115/><D31/><U135/><E135/><V57/><F29/><W3/><G3/><T49/><D38/><U41/><E54/><N who="2" m="31967" /><F42/><W68/><G33/><T53/><D115/><U131/><E131/><V22/><F102/><W20/><G68/><T99/><AGARI ba="0,0" hai="9,15,19,23,26,30,46,49,53,58,59,90,94,99" machi="99" ten="20,7800,0" yaku="0,1,7,1,8,1,52,1" doraHai="43" who="0" fromWho="0" sc="250,78,250,-26,250,-26,250,-26" /><INIT seed="0,1,0,3,2,86" ten="328,224,224,224" oya="0" hai0="64,135,103,94,3,44,90,128,97,24,70,119,50" hai1="65,34,15,30,1,61,22,26,113,83,110,74,47" hai2="14,115,52,23,108,41,100,123,126,93,8,71,72" hai3="107,42,63,35,60,12,68,21,106,99,80,111,43"/><T48/><D119/><U39/><E1/><V82/><F115/><W77/><G35/><T76/><D3/><U118/><E118/><V133/><F123/><W91/><G111/><T33/><D128/><U81/><E110/><V134/><F108/><W121/><G121/><T58/><D135/><U2/><E2/><V114/><F114/><W125/><G125/><T104/><D76/><U29/><E113/><V57/><F71/><W46/><G68/><T105/><D58/><U25/><E15/><V20/><F126/><W7/><G7/><T53/><D50/><U127/><E127/><V18/><F41/><W11/><G42/><T78/><D78/><U84/><E74/><V28/><F72/><W117/><G117/><T62/><REACH who="0" step="1"/><D103/><REACH who="0" ten="318,224,224,224" step="2"/><U9/><E39/><V13/><F134/><W98/><G77/><T17/><D17/><U69/><E47/><V120/><F133/><W131/><G46/><T56/><D56/><U87/><E69/><V85/><F120/><W32/><G131/><T4/><D4/><U132/><E132/><V112/><F112/><W5/><G5/><T92/><D92/><U16/><E16/><N who="2" m="8231" /><F93/><W19/><G107/><T89/><D89/><U49/><E30/><AGARI ba="1,1" hai="24,30,33,44,48,53,62,64,70,90,94,97,104,105" machi="30" ten="40,7700,0" yaku="1,1,52,1,53,1" doraHai="86" doraHaiUra="88" who="0" fromWho="1" sc="318,90,224,-80,224,0,224,0" /><INIT seed="0,2,0,3,1,104" ten="408,144,224,224" oya="0" hai0="86,72,115,80,43,98,48,39,3,55,54,125,123" hai1="97,46,32,108,82,27,26,111,92,129,87,44,35" hai2="12,113,20,14,121,30,19,76,95,15,5,124,114" hai3="112,120,73,90,42,134,127,119,83,96,22,25,56"/><T38/><D115/><U70/><E70/><V6/><F76/><W62/><G112/><N who="2" m="43113" /><F95/><W84/><G119/><T101/><D123/><U67/><E67/><V77/><F77/><W13/><G134/><T79/><D125/><U58/><E58/><V53/><F53/><W45/><G127/><T74/><D3/><U10/><E10/><V100/><F100/><W117/><G117/><T63/><D43/><U91/><E129/><V107/><F107/><W118/><G120/><T105/><D63/><U126/><E126/><V102/><F102/><W34/><G118/><T21/><D21/><U47/><E26/><N who="2" m="16711" /><F121/><W11/><G96/><T103/><D103/><U60/><E60/><V36/><F36/><W88/><G34/><T31/><D31/><U65/><E65/><V135/><F135/><W29/><G90/><T59/><REACH who="0" step="1"/><D55/><REACH who="0" ten="398,144,224,224" step="2"/><U17/><E35/><V18/><F124/><W0/><G0/><T1/><D1/><U93/><E32/><V7/><AGARI ba="2,1" hai="5,6,7,12,14,15,18,19" m="16711,43113" machi="7" ten="40,2700,0" yaku="34,2" doraHai="104" who="2" fromWho="2" sc="398,-15,144,-9,224,43,224,-9" /><INIT seed="1,0,0,1,0,51" ten="383,135,267,215" oya="1" hai0="46,28,6,31,74,5,105,123,113,128,25,32,68" hai1="79,93,126,3,118,47,109,120,77,57,127,129,17" hai2="16,12,110,29,65,26,130,15,56,76,89,23,133" hai3="52,73,33,71,83,111,35,34,41,80,135,122,62"/><U61/><E118/><V4/><F110/><W99/><G122/><T1/><D68/><U43/><E120/><V115/><F115/><W90/><G111/><T45/><D123/><U2/><E109/><V102/><F133/><W87/><G41/><T49/><D113/><U19/><E93/><V59/><F130/><W72/><G135/><T78/><D105/><U132/><E132/><V100/><F76/><N who="1" m="29257" /><E129/><V106/><F106/><W70/><G99/><T96/><D96/><U18/><E47/><V112/><F112/><W53/><G83/><T108/><D108/><U124/><E43/><V38/><F38/><W39/><G39/><T27/><D1/><N who="1" m="11" /><E57/><N who="2" m="22091" /><F65/><W7/><G7/><T20/><D45/><U13/><E61/><V131/><F131/><W42/><G42/><T86/><D128/><U103/><E103/><V97/><F4/><W119/><G119/><T30/><D5/><U101/><E101/><N who="2" m="39019" /><F29/><W88/><G90/><T75/><D6/><U114/><E114/><V10/><F10/><AGARI ba="0,0" hai="10,13,17,18,19,124,126,127" m="11,29257" machi="10" ten="40,2000,0" yaku="18,1" doraHai="51" who="1" fromWho="2" sc="383,0,135,20,267,-20,215,0" /><INIT seed="1,1,0,1,2,9" ten="383,155,247,215" oya="1" hai0="2,51,49,87,84,17,64,76,5,92,35,60,72" hai1="95,94,14,105,106,126,103,15,108,101,38,34,30" hai2="100,26,80,74,40,56,1,67,79,41,8,122,31" hai3="69,91,12,107,111,109,93,131,132,130,96,124,33"/><U70/><E70/><V86/><F122/><W99/><G33/><T61/><D35/><U127/><E34/><V125/><F125/><W75/><G69/><T4/><D72/><U128/><E38/><V53/><F67/><W3/><G3/><T6/><D2/><U47/><E47/><V25/><F25/><W23/><G23/><T97/><D17/><U123/><E123/><V42/><F100/><N who="3" m="62855" /><G12/><T112/><D112/><U90/><E90/><V98/><F98/><W68/><G68/><T32/><D32/><U77/><E77/><V116/><F116/><W133/><G75/><T134/><D134/><N who="3" m="51817" /><G124/><T24/><D24/><U21/><E21/><V13/><F1/><W19/><G19/><T58/><D61/><U43/><E43/><V46/><F74/><W7/><G7/><T48/><D76/><U20/><E20/><N who="2" m="15815" /><F46/><W119/><G119/><T0/><D0/><U37/><E37/><V65/><F65/><W115/><G115/><T45/><D45/><U52/><E52/><V18/><F42/><W129/><AGARI ba="1,0" hai="91,93,99,109,111,129,130,131" m="51817,62855" machi="129" ten="40,8000,1" yaku="19,1,20,1,34,2" doraHai="9" who="3" fromWho="3" sc="383,-21,155,-41,247,-21,215,83" /><INIT seed="2,0,0,1,2,84" ten="362,114,226,298" oya="2" hai0="11,62,36,85,6,67,53,132,93,64,75,133,13" hai1="17,20,33,55,123,66,15,16,70,90,12,48,10" hai2="25,23,56,19,130,57,101,42,27,122,118,94,54" hai3="60,116,80,39,103,114,52,126,86,104,106,7,38"/><V28/><F122/><W134/><G116/><T30/><D75/><U131/><E123/><V63/><F118/><W47/><G134/><N who="0" m="51819" /><D36/><U89/><E33/><V45/><F130/><W31/><G114/><T21/><D53/><U14/><E131/><V128/><F128/><W59/><G126/><T24/><D62/><U74/><E74/><V120/><F120/><W43/><G7/><T4/><D4/><N who="1" m="3143" /><E70/><V50/><F101/><W115/><G115/><T22/><D85/><U111/><E66/><N who="0" m="25129" /><D93/><U79/><E79/><V108/><F94/><W58/><G58/><T129/><D129/><U88/><E111/><V109/><REACH who="2" step="1"/><F57/><REACH who="2" ten="362,114,216,298" step="2"/><W18/><G103/><T46/><D46/><N who="1" m="28055" /><E17/><V107/><F107/><W98/><G18/><T8/><D6/><U105/><E105/><V1/><F1/><W37/><G106/><T35/><D35/><AGARI ba="0,1" hai="19,23,25,27,28,35,42,45,50,54,56,63,108,109" machi="35" ten="40,3900,0" yaku="1,1,53,1" doraHai="84" doraHaiUra="40" who="2" fromWho="0" sc="362,-39,114,0,216,49,298,0" /><INIT seed="2,1,0,4,3,37" ten="323,114,265,298" oya="2" hai0="23,61,64,0,39,17,102,48,109,56,29,74,78" hai1="117,60,88,57,87,126,80,55,26,99,11,47,135" hai2="101,119,7,63,25,9,134,41,85,125,124,115,129" hai3="6,16,91,67,73,54,3,89,69,72,79,22,10"/><V95/><F119/><W131/><G131/><T108/><D39/><U97/><E117/><V4/><F115/><W100/><G100/><T105/><D0/><U71/><E126/><N who="2" m="48747" /><F129/><W32/><G32/><T44/><D29/><U75/><E135/><V93/><F134/><W19/><G19/><T53/><D74/><U81/><E71/><V8/><F63/><W58/><G67/><T98/><REACH who="0" step="1"/><D78/><REACH who="0" ten="313,114,265,298" step="2"/><U13/><E75/><V77/><F77/><W65/><G79/><T70/><D70/><U130/><E130/><V90/><F25/><AGARI ba="1,1" hai="17,23,25,44,48,53,56,61,64,98,102,105,108,109" machi="25" ten="40,5200,0" yaku="1,1,53,2" doraHai="37" doraHaiUra="121" who="0" fromWho="2" sc="313,65,114,0,265,-55,298,0" /><INIT seed="3,0,0,2,4,53" ten="378,114,210,298" oya="3" hai0="23,49,44,72,62,75,122,86,15,102,35,33,54" hai1="105,45,55,68,101,52,100,28,89,8,39,66,87" hai2="104,21,99,40,60,117,25,121,6,123,36,19,59" hai3="83,81,24,134,14,22,82,97,63,20,103,12,50"/><W29/><G134/><T30/><D122/><U26/><E8/><V120/><F117/><W27/><G50/><T98/><D98/><U4/><E4/><V42/><F36/><W111/><G111/><T0/><D0/><U37/><E101/><N who="2" m="62527" /><F6/><W73/><G73/><T77/><D102/><U128/><E128/><V84/><F84/><W92/><REACH who="3" step="1"/><G63/><REACH who="3" ten="378,114,210,288" step="2"/><T107/><D62/><U2/><E39/><V93/><F123/><W38/><G38/><T116/><D72/><U78/><E37/><V131/><F121/><W5/><G5/><T9/><D75/><U13/><E45/><V67/><F120/><W109/><G109/><T74/><D116/><U108/><E108/><V126/><F131/><W119/><G119/><T79/><D74/><U61/><E61/><V58/><F60/><W71/><G71/><T112/><D49/><U90/><E68/><V32/><F42/><W133/><G133/><T10/><D44/><U94/><E2/><V85/><F40/><W31/><AGARI ba="0,1" hai="12,14,20,22,24,27,29,31,81,82,83,92,97,103" machi="31" ten="30,11700,0" yaku="1,1,0,1,9,1,8,1,53,0" doraHai="53" doraHaiUra="125" who="3" fromWho="3" sc="378,-39,114,-39,210,-39,288,127" owari="339,13.9,75,-42.5,171,-22.9,415,51.5" /></mjloggm>