<mjloggm ver="2.3"><GO type="225" lobby="0"/><UN n0="%E6%B4%BE%E9%81%A3%E3%81%AE%E3%82%B8%E3%83%A3%E3%83%83%E3%82%AF" n1="%72%61%6B%33" n2="%E6%A1%9C%E8%8A%B1%E9%96%83%E3%80%85" n3="%E5%A4%8F%E9%88%B4%E9%88%B4%E5%A4%8F" dan="16,18,17,16" rate="2157.20,2231.80,2137.23,2113.33" sx="M,M,M,M"/><TAIKYOKU oya="0"/><INIT seed="0,0,0,2,2,30" ten="250,250,250,250" oya="0" hai0="10,34,107,79,121,101,26,50,3,122,87,31,25" hai1="47,27,120,64,102,24,67,74,115,96,82,89,45" hai2="119,12,134,130,76,17,85,7,36,59,113,5,73" hai3="0,48,35,131,13,51,32,19,84,39,78,68,57"/><T60/><D50/><U18/><E120/><V125/><F113/><W71/><G39/><T106/><D60/><U112/><E89/><V91/><F125/><W53/><G0/><T52/><D52/><U93/><E82/><V65/><F36/><W110/><G110/><T126/><D126/><U103/><E74/><V81/><F130/><W118/><G118/><T29/><D87/><U58/><E18/><V69/><F69/><W114/><G114/><T55/><D55/><U56/><E93/><V1/><F1/><W23/><G131/><T88/><D88/><U95/><E95/><V20/><F134/><W80/><REACH who="3" step="1"/><G51/><REACH who="3" ten="250,250,250,240" step="2"/><T83/><D122/><U72/><E72/><V62/><REACH who="2" step="1"/><F119/><REACH who="2" ten="250,250,240,240" step="2"/><W135/><G135/><T21/><D121/><U108/><E108/><V100/><F100/><W105/><G105/><T16/><D101/><U97/><AGARI ba="0,2" hai="24,27,45,47,56,58,64,67,96,97,102,103,112,115" machi="97" ten="25,3200,0" yaku="0,1,22,2" doraHai="30" who="1" fromWho="1" sc="250,-16,250,52,240,-8,240,-8" /><INIT seed="1,0,0,2,3,61" ten="234,302,232,232" oya="1" hai0="24,2,109,64,23,68,55,18,27,30,32,113,28" hai1="83,12,14,4,88,135,21,29,48,0,124,43,70" hai2="9,133,62,102,119,59,122,100,82,51,79,53,6" hai3="16,37,73,22,72,46,34,112,15,110,44,39,65"/><U11/><E124/><V130/><F119/><W69/><G112/><T52/><D2/><U67/><E135/><V101/><F122/><W35/><G110/><T7/><D113/><U78/><E29/><V86/><F130/><W60/><G44/><T120/><D7/><U13/><E21/><V90/><F133/><W118/><G118/><T121/><D109/><U105/><E105/><V33/><F33/><W92/><G92/><T74/><D18/><U99/><E70/><V123/><F123/><N who="0" m="47178" /><D74/><U93/><E67/><V115/><F115/><W57/><G69/><T66/><D68/><U1/><E1/><V128/><F128/><W134/><G134/><T104/><D104/><U5/><E5/><V131/><F131/><W42/><REACH who="3" step="1"/><G37/><REACH who="3" ten="234,302,232,222" step="2"/><T98/><D98/><U108/><E108/><V89/><REACH who="2" step="1"/><F51/><REACH who="2" ten="234,302,222,222" step="2"/><W31/><G31/><T76/><D76/><U20/><E48/><V94/><F94/><W85/><G85/><T26/><D26/><U75/><E78/><V25/><F25/><W117/><G117/><T49/><D49/><U45/><E93/><V84/><F84/><W47/><G47/><T81/><D81/><U71/><E83/><V36/><F36/><W129/><G129/><T125/><D125/><U80/><E45/><V95/><F95/><W91/><G91/><T3/><D3/><AGARI ba="0,2" hai="3,6,9,53,59,62,79,82,86,89,90,100,101,102" machi="3" ten="40,1300,0" yaku="1,1,53,0" doraHai="61" doraHaiUra="8" who="2" fromWho="0" sc="234,-13,302,0,222,33,222,0" /><INIT seed="2,0,0,3,1,56" ten="221,302,255,222" oya="2" hai0="121,99,44,52,65,9,16,20,17,108,43,70,18" hai1="109,41,50,64,68,129,130,35,113,87,26,92,38" hai2="23,111,4,0,31,28,106,10,84,88,69,58,3" hai3="118,39,22,114,27,37,110,132,115,59,24,25,98"/><V33/><F69/><W94/><G118/><T14/><D121/><U30/><E113/><N who="3" m="43018" /><G110/><T124/><D108/><U75/><E75/><V86/><F111/><W54/><G22/><T72/><D72/><U66/><E38/><N who="3" m="14346" /><G132/><T80/><D124/><U105/><E105/><V101/><F0/><W107/><G107/><T71/><D80/><U100/><E109/><V76/><F33/><W134/><G134/><T6/><D43/><U82/><E50/><V48/><F101/><N who="3" m="60631" /><G24/><T96/><D20/><U125/><E125/><V103/><F23/><W120/><G120/><T19/><N who="0" m="4096" /><DORA hai="122" /><T93/><D65/><U90/><E41/><V62/><F48/><AGARI ba="0,0" hai="25,27,48,54,59" m="60631,14346,43018" machi="48" ten="30,1000,0" yaku="11,1" doraHai="56,122" who="3" fromWho="2" sc="221,0,302,0,255,-10,222,10" /><INIT seed="3,0,0,2,1,124" ten="221,302,245,232" oya="3" hai0="5,69,1,19,94,18,61,28,52,46,76,7,43" hai1="127,21,87,88,104,114,93,60,116,40,39,99,106" hai2="111,10,86,110,96,98,117,30,118,6,121,68,90" hai3="120,15,29,66,65,123,125,13,38,41,14,0,12"/><W47/><G125/><T26/><D76/><U103/><E127/><V31/><F68/><W9/><G0/><T81/><D81/><U100/><E114/><V132/><F132/><W35/><G29/><N who="2" m="10761" /><F121/><W20/><G20/><N who="0" m="15431" /><D69/><U95/><E116/><V3/><F98/><W4/><REACH who="3" step="1"/><G35/><REACH who="3" ten="221,302,245,222" step="2"/><T25/><D1/><U57/><E106/><V33/><F33/><W92/><G92/><T72/><D94/><U97/><E104/><V37/><F118/><W119/><G119/><T134/><D134/><U83/><E95/><V34/><F117/><W115/><G115/><T50/><D72/><U82/><E21/><V11/><F34/><W8/><G8/><T73/><D73/><U80/><E99/><V89/><F11/><W54/><G54/><T135/><D135/><U32/><E32/><V78/><F96/><W77/><G77/><T122/><D122/><AGARI ba="0,1" hai="4,9,12,13,14,15,38,41,47,65,66,120,122,123" machi="122" ten="40,2000,0" yaku="1,1,53,0" doraHai="124" doraHaiUra="130" who="3" fromWho="0" sc="221,-20,302,0,245,0,222,30" /><INIT seed="3,1,0,0,1,6" ten="201,302,245,252" oya="3" hai0="23,128,52,117,4,129,17,120,15,130,107,84,39" hai1="68,93,0,72,57,75,21,64,32,28,41,45,67" hai2="26,106,80,1,135,122,77,91,31,105,82,48,18" hai3="63,81,2,14,46,38,78,61,113,73,92,94,33"/><W71/><G113/><T118/><D39/><U95/><E68/><V11/><F135/><W97/><G33/><T60/><D107/><U22/><E32/><V88/><F122/><W9/><G71/><T54/><D120/><U124/><E57/><V44/><F106/><W86/><G86/><T10/><D84/><U127/><E0/><V47/><F105/><W37/><G2/><N who="0" m="279" /><D60/><U40/><E28/><V109/><F109/><W36/><G46/><AGARI ba="1,0" hai="21,22,40,41,45,46,64,67,72,75,93,95,124,127" machi="46" ten="25,1600,0" yaku="22,2" doraHai="6" who="1" fromWho="3" sc="201,0,302,19,245,0,252,-19" owari="201,-29.9,321,42.1,245,4.5,233,-16.7" /></mjloggm>