<mjloggm ver="2.3"><GO type="225" lobby="0"/><UN n0="%E5%B0%8F%E9%B3%A5%E9%81%8A%E7%B7%B4%E7%84%A1%32%31%E6%AD%B3" n1="%E7%B4%94%E6%BD%94%E3%83%94%E3%83%A9%E3%83%8B%E3%82%A2" n2="%E3%83%AD%E3%83%83%E3%83%86%E9%9B%80%E7%90%83" n3="%E5%AF%82%E5%AF%9E%E3%82%AE%E3%83%8D%E3%82%B9%E3%83%93%E3%83%BC%E3%83%AB" dan="16,17,17,16" rate="2118.23,2233.14,2242.14,2140.32" sx="F,M,M,M"/><TAIKYOKU oya="0"/><INIT seed="0,0,0,0,0,118" ten="250,250,250,250" oya="0" hai0="65,30,29,130,68,27,91,1,8,106,99,33,39" hai1="55,121,59,23,122,36,97,71,10,19,134,28,98" hai2="47,18,48,101,117,69,119,15,46,41,13,85,24" hai3="26,0,120,37,110,56,79,114,62,77,60,88,5"/><T63/><D130/><U51/><E71/><V94/><F69/><W108/><G114/><T52/><D30/><U93/><E36/><V83/><F47/><W64/><G37/><T132/><D91/><U22/><E134/><V11/><F24/><W53/><G26/><T70/><D132/><U72/><E72/><V124/><F124/><W87/><G5/><N who="0" m="1071" /><D52/><U76/><E76/><V43/><F43/><W42/><G0/><T61/><D61/><U58/><E28/><V73/><F73/><W80/><G42/><T123/><D70/><U14/><E97/><V125/><F125/><W3/><G3/><T82/><D82/><U16/><E58/><V115/><F115/><W2/><G2/><T105/><D105/><U104/><E104/><V20/><F94/><W54/><G79/><T131/><D131/><U12/><E10/><V57/><F57/><N who="3" m="34863" /><G77/><T17/><D17/><U40/><E40/><V38/><F101/><AGARI ba="0,0" hai="12,14,16,19,22,23,51,55,59,93,98,101,121,122" machi="101" ten="30,8000,1" yaku="7,1,9,1,52,2,54,1" doraHai="118" who="1" fromWho="2" sc="250,0,250,80,250,-80,250,0" /><INIT seed="1,0,0,3,5,123" ten="250,330,170,250" oya="1" hai0="85,71,63,90,72,105,86,60,26,19,32,14,23" hai1="95,87,99,117,15,17,38,113,129,21,69,44,1" hai2="37,73,118,109,135,7,111,52,35,24,34,134,10" hai3="84,102,131,8,11,64,65,70,108,97,100,20,122"/><U119/><E113/><V36/><F118/><W67/><G70/><T116/><D72/><U53/><E69/><V104/><F104/><W62/><G122/><T82/><D116/><U106/><E1/><V101/><F101/><N who="3" m="39019" /><G97/><T94/><D105/><U76/><E106/><V125/><F125/><W39/><G39/><N who="2" m="14921" /><F73/><W74/><G74/><T89/><D71/><U83/><E129/><V92/><F92/><W0/><G0/><T91/><D91/><U132/><E132/><N who="2" m="50731" /><F52/><W13/><G62/><T30/><AGARI ba="0,0" hai="14,19,23,26,30,32,60,63,82,85,86,89,90,94" machi="30" ten="30,1100,0" yaku="0,1" doraHai="123" who="0" fromWho="0" sc="250,11,330,-5,170,-3,250,-3" /><INIT seed="2,0,0,0,1,110" ten="261,325,167,247" oya="2" hai0="36,5,40,29,22,9,26,42,123,125,10,20,41" hai1="109,0,127,30,66,126,77,107,49,14,131,48,45" hai2="78,3,134,18,13,11,51,114,81,113,61,7,94" hai3="69,84,89,43,83,35,58,8,104,53,70,132,85"/><V24/><F134/><W100/><G35/><T60/><D123/><U129/><E0/><V57/><F94/><W86/><G132/><T6/><D125/><N who="1" m="47627" /><E107/><V124/><F51/><W101/><G43/><T117/><D117/><U59/><E109/><V90/><F90/><W23/><G70/><T19/><D60/><N who="1" m="38175" /><E30/><V115/><F24/><W54/><G69/><T67/><D67/><U62/><E14/><V98/><F98/><W79/><G104/><T91/><D91/><U64/><E77/><V106/><F106/><W33/><G33/><T92/><D92/><U130/><E45/><V96/><F96/><W21/><G8/><N who="0" m="3179" /><D36/><U76/><E76/><V103/><F103/><N who="3" m="39499" /><G54/><T111/><D111/><U16/><E16/><V44/><F44/><W4/><G4/><T65/><D65/><U25/><E25/><AGARI ba="0,0" hai="5,6,19,20,22,25,26,29,40,41,42" m="3179" machi="25" ten="30,1000,0" yaku="8,1" doraHai="110" who="0" fromWho="1" sc="261,10,325,-10,167,0,247,0" /><INIT seed="3,0,0,0,2,94" ten="271,315,167,247" oya="3" hai0="77,32,112,86,131,25,97,1,31,19,51,5,36" hai1="78,127,135,70,120,123,99,102,93,62,126,56,41" hai2="60,39,12,133,63,11,128,47,42,85,38,91,104" hai3="26,108,107,61,98,68,0,67,52,66,81,125,53"/><W57/><G0/><T49/><D36/><U44/><E70/><V34/><F133/><W30/><G125/><N who="1" m="47626" /><E78/><V119/><F128/><W9/><G9/><T64/><D131/><U23/><E23/><V18/><F119/><W24/><G108/><T132/><D112/><U75/><E75/><V105/><F34/><N who="3" m="20807" /><G81/><T65/><D132/><U87/><E87/><V134/><F134/><W43/><G43/><T10/><D19/><U89/><E89/><V95/><F105/><W33/><G57/><T7/><D7/><U100/><E100/><V83/><F104/><W58/><G58/><T21/><D32/><U27/><E27/><V69/><F69/><W54/><G67/><T82/><D65/><N who="1" m="39111" /><E135/><V116/><F116/><W71/><G71/><T29/><D64/><U72/><E72/><V55/><F55/><W16/><G54/><T74/><D74/><U90/><E90/><V15/><F39/><AGARI ba="0,0" hai="39,41,44,93,99,102,120,123" m="39111,47626" machi="39" ten="30,2000,0" yaku="18,1,52,1" doraHai="94" who="1" fromWho="2" sc="271,0,315,20,167,-20,247,0" owari="271,7.1,335,43.5,147,-35.3,247,-15.3" /></mjloggm>