<mjloggm ver="2.3"><GO type="225" lobby="0"/><UN n0="%63%68%78%62%64" n1="%E3%81%A9%E3%82%8F%E3%82%93%E3%81%94" n2="%E3%81%A8%E3%82%89%E3%81%84%E3%81%A1" n3="%E9%A2%A8%E3%81%A7%E9%B3%B4%E3%81%8F" dan="16,16,16,16" rate="2151.62,2064.41,2127.57,2190.12" sx="M,M,M,M"/><TAIKYOKU oya="0"/><INIT seed="0,0,0,2,3,40" ten="250,250,250,250" oya="0" hai0="47,56,1,13,71,92,87,123,120,29,18,35,63" hai1="11,48,7,42,25,114,27,44,23,134,59,133,116" hai2="77,100,52,61,70,99,93,3,31,30,49,86,62" hai3="127,39,20,101,72,14,115,121,45,111,55,110,94"/><T88/><D71/><U0/><E116/><V98/><F3/><W6/><G115/><T135/><D1/><U60/><E114/><V80/><F99/><N who="3" m="59639" /><G72/><T131/><D135/><N who="1" m="51723" /><E23/><V97/><F97/><W74/><G74/><T8/><D131/><U46/><E46/><N who="2" m="27703" /><F70/><W126/><G121/><T122/><D47/><U50/><E50/><V37/><F37/><W24/><G55/><AGARI ba="0,0" hai="0,7,11,25,27,42,44,48,55,59,60" m="51723" machi="55" ten="30,2000,0" yaku="20,1,52,1" doraHai="40" who="1" fromWho="3" sc="250,0,250,20,250,0,250,-20" /><INIT seed="1,0,0,3,1,102" ten="250,270,250,230" oya="1" hai0="71,3,74,114,50,79,134,91,44,12,65,22,121" hai1="118,64,108,36,24,37,112,85,48,101,62,104,21" hai2="119,115,61,73,53,132,113,59,110,128,7,75,38" hai3="14,9,84,31,93,16,29,60,41,58,56,35,105"/><U57/><E118/><V55/><F119/><W95/><G105/><T8/><D121/><U18/><E108/><V42/><F110/><W13/><G35/><T96/><D114/><N who="2" m="43530" /><F132/><W81/><G41/><T15/><D3/><U87/><E112/><V106/><F128/><W76/><G56/><T47/><D134/><U103/><E103/><V89/><F7/><W135/><G135/><T25/><D71/><U100/><E100/><V130/><F89/><W94/><REACH who="3" step="1"/><G14/><REACH who="3" ten="250,270,250,220" step="2"/><T10/><D15/><U77/><E104/><V23/><F106/><W92/><N who="3" m="23552" /><DORA hai="52" /><W86/><G86/><T2/><D12/><U32/><E32/><V82/><F130/><W39/><G39/><T72/><D72/><N who="2" m="27722" /><F82/><W88/><G88/><T19/><D91/><U109/><E109/><V69/><F69/><W83/><G83/><T129/><D74/><U126/><E101/><V90/><F90/><W49/><G49/><T78/><D50/><U30/><E36/><V0/><F0/><W122/><G122/><T66/><D2/><U67/><E37/><V26/><F38/><W5/><G5/><T131/><D129/><U63/><E48/><V107/><F107/><W6/><G6/><T97/><D131/><U117/><E117/><V116/><F116/><W20/><G20/><T111/><D111/><U99/><E21/><V133/><F133/><W34/><G34/><T1/><D1/><U80/><E80/><V70/><F70/><W27/><G27/><T124/><D25/><U46/><E24/><V43/><F53/><AGARI ba="0,1" hai="9,13,16,29,31,53,58,60,76,81,84" m="23552" machi="53" ten="50,8000,1" yaku="1,1,8,1,52,1,54,1,53,0" doraHai="102,52" doraHaiUra="120,40" who="3" fromWho="2" sc="250,0,270,0,250,-80,220,90" /><INIT seed="2,0,0,3,1,4" ten="250,270,170,310" oya="2" hai0="133,41,20,14,70,91,6,109,50,62,34,128,88" hai1="66,65,45,0,59,130,96,127,12,124,31,27,21" hai2="37,5,53,22,85,119,55,71,132,30,32,39,3" hai3="42,117,10,79,47,123,82,28,113,97,110,60,77"/><V118/><F32/><W63/><G117/><T98/><D34/><U80/><E0/><V84/><F71/><W122/><G79/><T43/><D109/><U134/><E134/><V104/><F104/><W87/><G110/><T33/><D33/><U86/><E130/><V35/><F35/><W18/><G28/><T121/><D121/><U40/><E96/><V135/><F5/><W51/><G113/><T116/><D116/><U46/><E12/><V9/><F30/><W126/><G126/><N who="1" m="48170" /><E59/><V99/><F99/><W26/><G123/><T24/><D128/><U103/><E103/><V108/><F108/><W56/><G122/><T125/><D133/><U13/><E13/><V129/><F129/><W16/><G97/><T52/><D125/><U67/><E40/><N who="0" m="15433" /><D62/><U11/><E11/><V90/><F22/><N who="3" m="13655" /><G56/><N who="0" m="32791" /><D70/><U83/><E83/><V75/><F75/><W107/><G107/><T2/><D2/><U92/><E92/><V112/><F3/><W95/><G95/><T7/><D98/><U69/><E69/><V94/><F94/><W48/><G51/><T57/><D57/><U38/><E38/><V115/><REACH who="2" step="1"/><F9/><REACH who="2" ten="250,270,160,310" step="2"/><W111/><G111/><T74/><D74/><U72/><E72/><V73/><F73/><W36/><G36/><T64/><D6/><U106/><E106/><V100/><F100/><W114/><G114/><T89/><D7/><U101/><E101/><V17/><F17/><W120/><G120/><T49/><D20/><U44/><E80/><V25/><F25/><W102/><G102/><T61/><D24/><U58/><E86/><V29/><F29/><RYUUKYOKU ba="0,1" sc="250,-30,270,10,160,10,310,10" hai1="21,27,31,44,45,46,58,65,66,67" hai2="37,39,53,55,84,85,90,112,115,118,119,132,135" hai3="10,16,42,47,48,60,63,77,82,87" /><INIT seed="2,1,1,4,3,106" ten="220,280,170,320" oya="2" hai0="128,75,35,53,12,80,135,7,44,15,0,11,25" hai1="45,36,113,103,119,50,55,111,129,73,85,23,2" hai2="122,125,70,42,4,94,89,74,30,67,62,13,65" hai3="64,134,97,86,26,3,78,77,37,58,71,63,91"/><V27/><F122/><W40/><G3/><T87/><D135/><U120/><E2/><V46/><F125/><W81/><G134/><T28/><D128/><U5/><E119/><V22/><F67/><W43/><G71/><T16/><D75/><U10/><E113/><V116/><F116/><W102/><G26/><T105/><D105/><U83/><E120/><V14/><F4/><W32/><G32/><T115/><D115/><U20/><E103/><V96/><REACH who="2" step="1"/><F74/><REACH who="2" ten="220,280,160,320" step="2"/><W107/><G37/><AGARI ba="1,2" hai="13,14,22,27,30,37,42,46,62,65,70,89,94,96" machi="37" ten="30,5800,0" yaku="1,1,2,1,7,1,53,0" doraHai="106" doraHaiUra="109" who="2" fromWho="3" sc="220,0,280,0,160,81,320,-61" /><INIT seed="2,2,0,3,5,130" ten="220,280,241,259" oya="2" hai0="121,55,135,107,75,60,16,88,17,37,28,50,41" hai1="85,119,35,54,109,97,19,102,79,115,52,76,32" hai2="7,11,125,29,53,13,100,21,74,14,66,31,112" hai3="49,6,58,129,51,30,95,1,89,108,39,62,120"/><V131/><F74/><W83/><G39/><T26/><D121/><U20/><E115/><V113/><F66/><W56/><G120/><T12/><D75/><U15/><E119/><V70/><F70/><W132/><G129/><T93/><D107/><U73/><E73/><V96/><F131/><W99/><G108/><T90/><D135/><U77/><E109/><V36/><F36/><W57/><G132/><T106/><D106/><U33/><REACH who="1" step="1"/><E85/><REACH who="1" ten="220,270,241,259" step="2"/><V123/><F123/><W38/><G38/><T72/><D72/><U91/><E91/><V59/><F113/><W114/><G114/><T78/><D78/><U25/><E25/><V46/><F112/><W43/><G89/><T4/><D90/><U45/><E45/><V127/><F46/><W27/><G27/><T65/><D26/><U116/><E116/><V47/><F47/><W68/><G99/><T9/><D37/><U86/><E86/><V24/><F29/><W104/><G30/><T126/><D28/><U42/><E42/><V34/><F34/><W92/><G43/><T67/><D41/><U69/><E69/><V5/><F125/><W3/><G68/><T10/><D126/><U22/><E22/><V23/><F127/><W124/><G124/><T101/><D101/><U48/><E48/><N who="2" m="31143" /><F21/><W103/><G51/><T0/><D60/><U133/><E133/><V18/><F96/><W98/><G49/><T105/><D105/><AGARI ba="2,1" hai="15,19,20,32,33,35,52,54,76,77,79,97,102,105" machi="105" ten="50,3200,0" yaku="1,1,54,1,53,0" doraHai="130" doraHaiUra="61" who="1" fromWho="0" sc="220,-38,270,48,241,0,259,0" /><INIT seed="3,0,0,0,5,88" ten="182,318,241,259" oya="3" hai0="128,39,89,134,84,8,133,102,55,130,9,14,127" hai1="108,114,72,119,2,87,47,110,46,113,52,82,24" hai2="69,58,22,6,32,74,117,28,43,60,118,19,100" hai3="68,124,96,15,11,16,20,93,67,37,94,21,23"/><W115/><G37/><T103/><D39/><U104/><E72/><V109/><F74/><W132/><G115/><T92/><D55/><U59/><E104/><V112/><F112/><N who="1" m="43113" /><E24/><V77/><F109/><N who="1" m="42089" /><E2/><V85/><F69/><W65/><G124/><T120/><D120/><U41/><E41/><V80/><F43/><W29/><G132/><N who="0" m="50795" /><D9/><U76/><E119/><V48/><F28/><W57/><G68/><T101/><D14/><U86/><E86/><V116/><F85/><W27/><G93/><N who="0" m="54439" /><D8/><U81/><E81/><V131/><F80/><W106/><G106/><T33/><D33/><U125/><E125/><V45/><F32/><W105/><G105/><T61/><D61/><AGARI ba="0,0" hai="46,47,52,59,61,76,82,87" m="42089,43113" machi="61" ten="30,2000,0" yaku="14,1,54,1" doraHai="88" who="1" fromWho="0" sc="182,-20,318,20,241,0,259,0" owari="162,-33.8,338,43.8,241,-15.9,259,5.9" /></mjloggm>