<mjloggm ver="2.3"><GO type="225" lobby="0"/><UN n0="%E3%81%8B%E3%82%8F%E3%81%A1%E3%82%83%E3%82%93%35%38" n1="%E3%83%A2%E3%83%B3%E3%82%AD%E3%83%BC%E3%83%88%E3%83%AA%E3%83%83%E3%82%AF" n2="%E9%BB%99%E8%81%B4%E3%81%AE%E3%81%99%E3%82%9D%E3%82%81" n3="%E6%A1%9C%E8%8A%B1%E9%96%83%E3%80%85" dan="16,16,16,17" rate="2156.17,2162.46,2137.66,2182.36" sx="M,M,M,M"/><TAIKYOKU oya="0"/><INIT seed="0,0,0,0,5,98" ten="250,250,250,250" oya="0" hai0="67,110,102,34,57,116,99,11,45,111,32,87,31" hai1="122,66,14,84,82,1,113,118,20,134,6,10,44" hai2="13,92,7,117,91,100,9,15,65,55,86,133,120" hai3="124,23,107,109,48,74,83,71,36,131,121,103,130"/><T29/><D116/><U115/><E122/><V128/><F128/><W40/><G48/><T79/><D11/><U56/><E118/><V89/><F133/><W38/><G121/><T64/><D45/><U26/><E134/><V39/><F39/><W18/><G71/><T0/><D0/><U93/><E93/><V62/><F120/><W37/><G40/><T17/><D17/><U3/><E44/><V5/><F55/><W28/><G28/><N who="0" m="10827" /><D87/><U53/><E66/><N who="0" m="25129" /><D79/><U51/><E115/><V77/><F117/><W24/><G130/><T123/><D57/><U33/><E33/><V27/><F27/><W129/><G37/><T112/><D112/><U70/><E70/><V94/><F77/><W69/><G69/><T49/><D49/><U108/><E113/><V43/><F43/><W88/><G74/><T59/><D59/><U132/><E132/><V106/><F106/><W47/><G47/><T50/><D50/><U114/><E114/><V85/><F100/><W2/><G38/><T60/><D60/><U81/><E3/><V90/><F90/><W76/><G88/><T68/><D68/><U4/><E1/><V58/><REACH who="2" step="1"/><F15/><REACH who="2" ten="250,250,240,250" step="2"/><N who="3" m="9695" /><G131/><T72/><D123/><U63/><E14/><V25/><F25/><W8/><G24/><T104/><D72/><U80/><E26/><V127/><F127/><W73/><G124/><T22/><D22/><U52/><E20/><V95/><F95/><W46/><G36/><T97/><D104/><U78/><E78/><V105/><F105/><W125/><G125/><T96/><D102/><U101/><E101/><V135/><F135/><RYUUKYOKU ba="0,1" sc="250,15,250,-15,240,15,250,-15" hai0="32,34,96,97,99,110,111" hai2="5,7,9,13,58,62,65,85,86,89,91,92,94" /><INIT seed="0,1,1,0,1,134" ten="265,235,255,235" oya="0" hai0="123,110,66,23,112,107,115,7,46,41,68,38,22" hai1="127,52,17,57,84,27,35,54,132,86,96,130,97" hai2="58,61,40,77,113,48,82,117,64,76,31,14,20" hai3="62,125,135,59,55,67,21,81,32,26,114,87,43"/><T106/><D7/><U24/><E132/><V18/><F113/><N who="0" m="43594" /><D22/><U10/><E130/><V118/><F31/><W104/><G125/><T0/><D23/><U6/><E127/><V53/><F40/><W42/><G114/><T16/><D16/><U129/><E129/><V12/><F12/><W51/><G104/><T109/><D0/><U91/><E84/><V71/><REACH who="2" step="1"/><F77/><REACH who="2" ten="265,235,245,235" step="2"/><N who="3" m="46511" /><G135/><T131/><D131/><U36/><E35/><V37/><F37/><W119/><G32/><T60/><D123/><U9/><E36/><V75/><AGARI ba="1,2" hai="14,18,20,48,53,58,61,64,71,75,76,82,117,118" machi="75" ten="30,4000,0" yaku="1,1,0,1,53,1" doraHai="134" doraHaiUra="79" who="2" fromWho="2" sc="265,-21,235,-11,245,63,235,-11" /><BYE who="0" /><INIT seed="1,0,0,3,4,70" ten="244,224,308,224" oya="1" hai0="2,47,123,113,109,29,7,78,66,114,95,14,121" hai1="69,84,103,105,98,41,126,57,73,127,60,3,129" hai2="63,26,21,45,5,51,54,67,118,17,110,10,58" hai3="42,11,94,20,38,35,133,96,33,50,120,56,116"/><U111/><E3/><UN n0="%E3%81%8B%E3%82%8F%E3%81%A1%E3%82%83%E3%82%93%35%38" /><V77/><F110/><W131/><G120/><N who="0" m="46155" /><D78/><U53/><E111/><V23/><F118/><W0/><G116/><T15/><D109/><U82/><E129/><V71/><F77/><W59/><G131/><T8/><D66/><U48/><E73/><V101/><F101/><W9/><G133/><T79/><D79/><U12/><E12/><N who="0" m="4649" /><D95/><U76/><E69/><V104/><F104/><W106/><G106/><T83/><D83/><U100/><E100/><V92/><F92/><W64/><G64/><T115/><D47/><U13/><E13/><N who="2" m="5327" /><F71/><W135/><G135/><T102/><D102/><U19/><E19/><V130/><F130/><W16/><G0/><T90/><D90/><U88/><REACH who="1" step="1"/><E76/><REACH who="1" ten="244,214,308,224" step="2"/><V55/><F23/><W132/><G20/><T65/><D65/><AGARI ba="0,1" hai="17,21,26,45,51,54,55,58,63,65,67" m="5327" machi="65" ten="30,1000,0" yaku="8,1" doraHai="70" who="2" fromWho="0" sc="244,-10,214,0,308,20,224,0" /><INIT seed="2,0,0,5,5,18" ten="234,214,328,224" oya="2" hai0="108,33,58,106,134,49,28,98,124,95,102,48,40" hai1="5,131,77,68,118,46,38,72,78,60,94,53,114" hai2="3,6,27,2,0,65,15,85,127,50,8,75,121" hai3="42,87,104,117,90,113,83,56,97,133,81,119,73"/><V14/><F75/><W31/><G42/><T37/><D37/><U22/><E118/><N who="3" m="45066" /><G56/><T105/><D108/><U47/><E114/><V128/><F121/><W29/><G29/><T80/><D124/><U88/><E131/><V92/><F127/><W4/><G31/><T89/><D134/><U11/><E38/><V107/><F107/><W21/><G21/><T36/><D36/><U76/><E72/><V93/><F128/><W30/><G30/><T13/><D33/><U39/><E39/><V70/><F27/><W43/><G4/><T110/><D110/><U99/><E22/><V61/><F85/><W79/><G43/><T9/><D28/><U69/><E69/><V26/><F26/><W116/><N who="3" m="45074" /><W67/><DORA hai="112" /><G67/><T23/><D23/><U12/><E68/><V10/><REACH who="2" step="1"/><F50/><REACH who="2" ten="234,214,318,224" step="2"/><W84/><G113/><T71/><D48/><U115/><E115/><V34/><F34/><W62/><G73/><T7/><D49/><U24/><E24/><V123/><F123/><W96/><G104/><T41/><D106/><U125/><E125/><V103/><F103/><W82/><G133/><T100/><D100/><U91/><E91/><V51/><F51/><W132/><G132/><T32/><D105/><U19/><E47/><V109/><F109/><W135/><G135/><T57/><D32/><U35/><E35/><V66/><F66/><W20/><G87/><T74/><D41/><U59/><E46/><V120/><F120/><W44/><G44/><T25/><D40/><U101/><E101/><V1/><N who="2" m="0" /><DORA hai="54" /><V55/><F55/><W122/><G122/><RYUUKYOKU ba="0,1" sc="234,-15,214,15,318,15,224,-15" hai1="5,11,12,19,53,59,60,76,77,78,88,94,99" hai2="6,8,10,14,15,61,65,70,92,93" /><INIT seed="2,1,1,1,0,120" ten="219,229,333,209" oya="2" hai0="130,115,76,122,106,12,34,60,93,127,20,125,2" hai1="10,82,11,55,39,5,80,43,8,24,59,6,25" hai2="92,37,99,48,129,67,86,126,97,112,79,54,13" hai3="30,1,84,56,4,123,90,69,119,83,26,108,66"/><V78/><F37/><W44/><G119/><T57/><D115/><U102/><E102/><V113/><F113/><W118/><G118/><T21/><D122/><U73/><E39/><V50/><F112/><W40/><G123/><T101/><D2/><U81/><E43/><V63/><F129/><W124/><G124/><N who="0" m="47691" /><D34/><U133/><E73/><V74/><F74/><W134/><G134/><T45/><D106/><U47/><E47/><V85/><F99/><W71/><G108/><T68/><D68/><U131/><E131/><V9/><F63/><W104/><G104/><T107/><D107/><U64/><E64/><V117/><F67/><W42/><G56/><T19/><D130/><U41/><E41/><V87/><F117/><W100/><G100/><T52/><D76/><N who="2" m="29226" /><F54/><W17/><G66/><T32/><D32/><U116/><E116/><V77/><N who="2" m="29234" /><V121/><DORA hai="70" /><F121/><W109/><G40/><T46/><D21/><U35/><E35/><V91/><F126/><W18/><G109/><T88/><D101/><U15/><E133/><V95/><F95/><W110/><G110/><T0/><D0/><U61/><REACH who="1" step="1"/><E8/><REACH who="1" ten="219,219,333,209" step="2"/><V135/><F135/><W28/><G42/><T14/><D46/><U65/><E65/><V38/><F38/><W58/><G44/><T53/><D45/><U23/><E23/><V36/><F36/><W128/><G128/><T31/><D20/><U72/><E72/><V114/><F114/><W111/><G111/><T7/><D53/><U16/><E16/><AGARI ba="1,2" hai="9,13,16,48,50,85,86,87,91,92,97" m="29234" machi="16" ten="40,3900,0" yaku="8,1,54,1" doraHai="120,70" who="2" fromWho="1" sc="219,0,219,-42,333,62,209,0" /><INIT seed="2,2,0,1,4,50" ten="219,177,395,209" oya="2" hai0="100,0,69,110,112,36,90,4,98,132,22,14,88" hai1="102,44,96,27,92,66,60,109,86,15,127,125,91" hai2="25,129,18,62,85,1,128,105,115,59,67,12,21" hai3="33,111,83,80,122,56,17,20,75,55,24,45,101"/><V118/><F1/><W68/><G122/><T34/><D34/><U94/><E109/><V35/><F105/><W99/><G68/><T113/><D36/><U8/><E27/><V43/><F115/><W19/><G111/><T104/><D69/><U84/><E44/><V54/><F118/><W87/><G33/><T32/><D32/><U121/><E121/><V42/><F85/><W114/><G114/><T103/><D0/><U39/><E39/><V5/><F5/><W119/><G119/><T40/><D40/><U41/><E41/><V7/><F7/><W70/><G70/><T72/><D4/><U52/><E66/><V120/><F120/><W126/><G45/><T106/><D14/><U51/><E60/><V61/><F35/><W82/><G126/><N who="1" m="48138" /><E92/><V116/><F116/><W81/><G75/><T79/><D22/><U2/><E2/><V65/><F65/><W53/><G17/><T108/><D72/><U26/><E26/><V9/><F43/><W48/><G55/><T23/><D23/><U28/><E102/><V71/><F42/><W13/><G24/><T131/><D98/><U93/><E93/><V78/><F78/><N who="3" m="46487" /><G99/><T134/><D79/><U130/><E28/><V95/><F95/><W58/><G58/><T77/><D77/><U46/><E130/><AGARI ba="2,0" hai="88,90,100,103,104,106,108,110,112,113,130,131,132,134" machi="130" ten="25,12000,2" yaku="22,2,34,3,54,1" doraHai="50" who="0" fromWho="1" sc="219,126,177,-126,395,0,209,0" /><INIT seed="3,0,0,5,5,38" ten="345,51,395,209" oya="3" hai0="52,82,31,47,74,17,72,27,4,25,93,83,105" hai1="121,26,51,35,5,107,29,81,44,129,19,71,113" hai2="99,55,132,65,53,42,64,131,0,70,97,28,90" hai3="75,135,77,16,123,98,86,24,125,128,89,96,6"/><W41/><G123/><T62/><D105/><U22/><E107/><V7/><F131/><W126/><G6/><T21/><D4/><U40/><E71/><V122/><F132/><W104/><G41/><T43/><D74/><U45/><E129/><V106/><F106/><W116/><G128/><T63/><D72/><U49/><E121/><V10/><F28/><W67/><G67/><T115/><D115/><U88/><E113/><V68/><F42/><W120/><G120/><T58/><D93/><U69/><E69/><V66/><F122/><W61/><G61/><T2/><D2/><U130/><E130/><V73/><F73/><W76/><G116/><T37/><D63/><U134/><E134/><V102/><F70/><W100/><G98/><T110/><D110/><U14/><E5/><V85/><F68/><W84/><G84/><T11/><D11/><U79/><E79/><V78/><F78/><W18/><G77/><T48/><D37/><U60/><E60/><V33/><F33/><AGARI ba="0,0" hai="17,21,25,27,31,33,43,47,48,52,58,62,82,83" machi="33" ten="30,3900,0" yaku="7,1,52,1,54,1" doraHai="38" who="0" fromWho="2" sc="345,39,51,0,395,-39,209,0" owari="384,48.4,51,-44.9,356,15.6,209,-19.1" /></mjloggm>