<mjloggm ver="2.3"><GO type="225" lobby="0"/><UN n0="%E3%81%82%E3%81%84%E3%81%82%E3%81%8A%E3%81%84" n1="%E6%B8%A9%E2%98%85%E6%83%85%E2%98%85%E6%8E%AA%E2%98%85%E7%BD%AE" n2="%E3%81%A1%E3%82%85%E3%81%86%E3%81%A9%E3%81%8F%E8%B1%A1%E3%81%95%E3%82%93" n3="%E6%9D%BE%E6%9C%AC%E5%81%A5%E7%94%B7" dan="18,17,17,16" rate="2252.61,2139.47,2193.16,2153.84" sx="M,M,M,M"/><TAIKYOKU oya="0"/><INIT seed="0,0,0,4,4,49" ten="250,250,250,250" oya="0" hai0="88,108,78,52,127,98,23,105,93,24,101,115,18" hai1="119,55,132,30,124,57,8,91,44,56,66,10,51" hai2="33,96,39,111,35,102,3,126,26,94,43,89,41" hai3="74,84,70,5,13,6,15,87,2,14,47,97,104"/><T37/><D115/><U73/><E119/><V59/><F3/><W117/><G117/><T29/><D37/><U106/><E73/><V42/><F111/><W0/><G70/><T9/><D127/><U135/><E106/><V32/><F126/><W103/><G74/><T82/><D108/><U77/><E77/><V54/><F39/><W121/><G121/><T50/><D9/><N who="1" m="3691" /><E124/><V120/><F120/><W118/><G118/><T53/><D29/><U20/><E66/><V25/><REACH who="2" step="1"/><F102/><REACH who="2" ten="250,250,240,250" step="2"/><W128/><G0/><T113/><D113/><U129/><E129/><V62/><AGARI ba="0,1" hai="25,26,32,33,35,41,42,43,54,59,62,89,94,96" machi="62" ten="40,8000,1" yaku="1,1,2,1,0,1,52,1,53,0" doraHai="49" doraHaiUra="71" who="2" fromWho="2" sc="250,-40,250,-20,240,90,250,-20" /><INIT seed="1,0,0,0,0,56" ten="210,230,330,230" oya="1" hai0="30,81,89,41,80,60,66,117,85,3,2,7,11" hai1="131,73,108,44,125,6,76,23,103,64,71,4,21" hai2="37,45,43,126,114,107,75,84,86,53,105,33,69" hai3="102,12,29,39,97,118,127,8,25,52,62,129,31"/><U54/><E131/><V95/><F75/><W110/><G129/><T134/><D134/><U14/><E125/><V106/><F33/><W50/><G39/><T13/><D117/><U20/><E103/><V57/><F126/><W130/><G127/><T121/><D121/><U26/><E108/><V47/><F114/><W92/><G130/><T101/><D101/><U9/><E4/><V119/><F119/><W51/><G118/><T104/><D104/><U98/><E98/><V111/><F111/><W35/><G110/><T116/><D116/><U133/><E133/><V36/><F69/><W77/><G77/><T67/><D41/><U99/><E99/><V55/><F95/><W132/><G132/><T74/><D30/><U16/><E73/><V115/><F115/><W93/><G93/><T1/><D67/><U100/><E100/><V65/><F65/><W58/><REACH who="3" step="1"/><G31/><REACH who="3" ten="210,230,330,220" step="2"/><T32/><D74/><U63/><REACH who="1" step="1"/><E76/><REACH who="1" ten="210,220,330,220" step="2"/><V61/><F106/><W59/><G59/><T128/><D128/><U17/><E17/><AGARI ba="0,2" hai="8,12,17,25,29,35,50,51,52,58,62,92,97,102" machi="17" ten="30,8000,1" yaku="1,1,7,1,52,1,54,1,53,1" doraHai="56" doraHaiUra="91" who="3" fromWho="1" sc="210,0,220,-80,330,0,220,100" /><INIT seed="2,0,0,1,1,115" ten="210,140,330,320" oya="2" hai0="66,4,14,103,113,3,99,32,52,123,94,125,84" hai1="2,72,34,112,33,13,79,118,36,124,55,86,106" hai2="83,97,1,22,56,58,85,101,133,40,53,57,59" hai3="120,27,16,11,98,47,30,61,109,70,31,131,87"/><V95/><F1/><W15/><G120/><T67/><D123/><U18/><E55/><V20/><F133/><W39/><G109/><T29/><D113/><U105/><E86/><V19/><F40/><W35/><G131/><T121/><D121/><U60/><E18/><V45/><F45/><W0/><G31/><T110/><D110/><U17/><E17/><V128/><F128/><W25/><G25/><T69/><D3/><U107/><E13/><V21/><F19/><W104/><G87/><T8/><D125/><U134/><E112/><V116/><N who="2" m="14336" /><DORA hai="7" /><V37/><F53/><W96/><G104/><T91/><D69/><U126/><E134/><V77/><REACH who="2" step="1"/><F37/><REACH who="2" ten="210,140,320,320" step="2"/><W78/><G0/><T76/><D52/><U51/><E36/><V73/><F73/><W44/><G44/><T71/><D67/><U88/><E2/><V132/><F132/><W114/><G114/><T89/><D66/><U48/><E60/><V130/><F130/><W90/><G39/><T117/><D4/><U74/><E74/><V46/><F46/><W65/><G47/><T12/><D29/><U102/><E72/><V24/><F24/><W135/><G135/><T93/><D14/><U92/><E51/><V82/><F82/><W81/><G81/><T50/><D12/><U111/><E48/><V64/><F64/><W129/><G129/><T10/><D50/><U122/><E111/><V75/><F75/><W9/><G65/><T26/><D26/><U62/><E62/><V41/><F41/><W38/><G61/><T100/><D71/><U54/><E54/><V49/><F49/><RYUUKYOKU ba="0,1" sc="210,-10,140,-10,320,30,320,-10" hai2="20,21,22,77,83,85,95,97,101,116" /><INIT seed="2,1,1,3,2,113" ten="200,130,350,310" oya="2" hai0="127,78,46,36,64,22,100,116,38,66,79,37,34" hai1="61,87,83,56,20,13,68,8,98,17,103,32,45" hai2="60,129,10,44,86,7,108,14,133,89,54,25,16" hai3="49,76,112,81,33,115,92,119,123,24,74,102,52"/><V1/><F133/><W82/><G123/><T111/><D34/><U107/><E32/><V105/><F105/><W70/><G70/><T21/><D111/><U122/><E122/><V75/><F75/><W77/><G119/><T58/><D127/><U93/><E68/><V134/><F134/><W120/><G120/><T118/><D46/><U30/><E107/><V27/><F129/><W80/><G102/><T6/><D6/><U73/><E73/><V62/><F108/><W41/><G41/><T114/><D100/><U125/><E125/><V59/><F44/><W18/><G92/><T97/><D97/><U72/><E72/><V43/><F43/><W23/><G33/><T117/><D114/><N who="3" m="43561" /><G77/><N who="0" m="29195" /><D58/><AGARI ba="1,1" hai="18,23,24,49,52,58,74,76,80,81,82" m="43561" machi="58" ten="30,2000,0" yaku="11,1,54,1" doraHai="113" who="3" fromWho="0" sc="200,-23,130,0,350,0,310,33" /><INIT seed="3,0,0,0,2,13" ten="177,130,350,343" oya="3" hai0="79,17,37,49,104,74,28,61,131,77,21,102,36" hai1="38,126,116,98,97,113,127,7,87,123,9,80,58" hai2="4,42,53,90,50,85,27,130,117,103,26,18,46" hai3="65,14,6,30,132,110,34,83,35,73,93,5,72"/><W33/><G132/><T114/><D28/><U124/><E38/><V16/><F130/><W81/><G110/><T12/><D131/><U100/><E113/><V41/><F117/><W2/><G65/><T63/><D114/><U129/><E129/><V105/><F4/><W101/><G2/><T64/><D49/><U134/><E134/><V1/><F1/><W125/><G125/><T120/><D120/><U32/><E32/><V128/><F128/><W99/><G30/><T119/><D119/><U23/><E116/><V22/><F105/><W68/><G68/><T82/><D79/><U86/><E123/><V109/><F103/><W94/><G14/><T69/><D63/><U15/><E58/><V89/><F109/><W39/><G39/><T118/><D118/><U3/><E80/><N who="3" m="30794" /><G99/><T71/><D71/><U84/><E100/><V59/><F42/><W47/><G47/><T19/><D102/><U92/><E92/><N who="3" m="35434" /><G101/><T11/><D104/><U112/><REACH who="1" step="1"/><E112/><REACH who="1" ten="177,120,350,343" step="2"/><V108/><F108/><W135/><G135/><T56/><D69/><U60/><E60/><N who="2" m="35951" /><F85/><W45/><G45/><T115/><D115/><U66/><E66/><V121/><F121/><W51/><G51/><T67/><D64/><U8/><E8/><V20/><AGARI ba="0,1" hai="16,18,20,22,26,27,41,46,50,89,90" m="35951" machi="20" ten="30,7900,0" yaku="8,1,52,2,54,1" doraHai="13" who="2" fromWho="2" sc="177,-20,120,-20,350,89,343,-39" owari="157,-24.3,100,-40.0,439,53.9,304,10.4" /></mjloggm>