<mjloggm ver="2.3"><GO type="225" lobby="0"/><UN n0="%73%61%6E%64%69%72%69%73" n1="%E4%B8%AD%E5%B9%B4%E3%81%AE%E5%8D%B1%E6%A9%9F" n2="%E3%81%82%E3%82%93%E3%81%AA%E3%81%A4" n3="%43%68%65" dan="16,16,16,16" rate="2143.01,2148.24,2120.17,2161.21" sx="M,M,M,M"/><TAIKYOKU oya="0"/><INIT seed="0,0,0,2,1,114" ten="250,250,250,250" oya="0" hai0="54,26,37,123,67,101,34,57,64,28,52,125,87" hai1="129,43,48,30,11,127,44,113,77,46,86,19,99" hai2="70,59,68,71,45,15,17,73,89,13,124,96,82" hai3="110,27,104,6,80,76,39,75,69,41,102,56,132"/><T112/><D112/><U33/><E113/><V63/><F124/><W29/><G110/><T92/><D123/><U109/><E109/><V4/><F4/><W55/><G132/><T117/><D37/><U14/><E127/><V130/><F130/><W116/><G69/><T66/><D125/><U35/><E129/><V38/><F73/><W32/><G6/><T31/><D31/><U126/><E126/><V131/><F131/><W105/><G102/><T120/><D120/><U18/><E99/><V95/><F82/><W42/><G116/><T21/><D117/><U10/><E30/><V81/><F81/><W5/><G5/><T122/><D122/><U9/><E77/><V118/><F118/><W106/><REACH who="3" step="1"/><G39/><REACH who="3" ten="250,250,250,240" step="2"/><T85/><D34/><U36/><E35/><V0/><F70/><W78/><G78/><T135/><D135/><U100/><E100/><V62/><F68/><W108/><G108/><T40/><D101/><U128/><E33/><V91/><F71/><W98/><G98/><T115/><D115/><U74/><E128/><V79/><F79/><W88/><G88/><T25/><D87/><U119/><E119/><V8/><F91/><W53/><G53/><T50/><D54/><N who="1" m="29959" /><E74/><V22/><F89/><W16/><G16/><N who="1" m="6186" /><E86/><V83/><F96/><W65/><G65/><T133/><D133/><U60/><E14/><V51/><F15/><W24/><G24/><T61/><D85/><U84/><E84/><V97/><F13/><W3/><G3/><T103/><D26/><U72/><E72/><V12/><F12/><W47/><G47/><N who="0" m="25959" /><D103/><U49/><E36/><RYUUKYOKU ba="0,1" sc="250,10,250,10,250,-30,240,10" hai0="21,25,28,52,57,61,64,66,67,92" hai1="9,10,11,43,46,49,60" hai3="27,29,32,41,42,55,56,75,76,80,104,105,106" /><INIT seed="0,1,1,0,0,80" ten="260,260,220,250" oya="0" hai0="83,18,87,82,135,67,84,42,105,7,48,40,56" hai1="115,45,46,86,107,90,104,20,123,50,93,12,15" hai2="102,72,26,131,43,8,128,81,3,58,132,13,75" hai3="69,2,57,4,49,109,5,47,114,55,62,117,124"/><T44/><D105/><U22/><E123/><V91/><F3/><W21/><G117/><T17/><D7/><U113/><E93/><V73/><F132/><W10/><G114/><T127/><D135/><U24/><E50/><V32/><F102/><W78/><G109/><T31/><D31/><U106/><E90/><V100/><F100/><W25/><G124/><T129/><D127/><U54/><E54/><V92/><F58/><W112/><G5/><T111/><D129/><N who="2" m="49738" /><F43/><W28/><G112/><N who="1" m="43082" /><E86/><N who="0" m="32809" /><D42/><U120/><E120/><V96/><F26/><W65/><REACH who="3" step="1"/><G78/><REACH who="3" ten="260,260,220,240" step="2"/><T110/><D110/><U85/><E85/><V116/><F116/><W76/><G76/><T99/><D111/><U6/><E6/><V14/><F73/><W122/><G122/><T108/><D108/><U39/><E39/><V1/><F75/><W95/><G95/><T19/><D99/><U29/><E12/><V74/><F74/><W60/><G60/><AGARI ba="1,2" hai="17,18,19,40,44,48,56,60,67,82,83" m="32809" machi="60" ten="30,11600,0" yaku="8,1,52,3" doraHai="80" who="0" fromWho="3" sc="260,139,260,0,220,0,240,-119" /><INIT seed="0,2,0,5,5,70" ten="399,260,220,121" oya="0" hai0="10,96,102,78,48,79,133,9,61,132,39,125,73" hai1="93,129,105,51,82,43,92,4,99,115,33,22,120" hai2="45,135,81,113,13,56,62,6,111,0,49,126,30" hai3="53,106,122,12,89,130,134,108,87,5,94,77,14"/><T118/><D118/><U84/><E33/><V100/><F113/><W50/><G106/><T59/><D125/><U69/><E69/><V23/><F126/><W19/><G108/><T7/><D48/><U11/><E120/><V18/><F111/><W109/><G109/><T67/><D10/><U63/><E115/><V52/><F30/><W88/><G122/><T86/><D73/><U21/><E105/><V24/><F135/><W131/><G134/><T31/><D31/><U117/><E117/><V54/><F100/><W55/><G77/><T8/><D8/><U124/><E63/><V85/><F0/><W3/><G3/><T42/><D86/><U46/><E124/><V104/><F104/><W75/><G75/><T1/><D133/><U66/><E66/><V16/><F6/><W36/><G5/><T72/><D132/><U28/><E129/><V74/><F74/><W128/><G36/><T26/><D26/><U101/><E93/><V47/><F47/><W107/><G107/><T119/><D72/><U97/><E97/><V38/><F38/><W17/><G89/><T71/><D71/><U127/><E28/><N who="2" m="17439" /><F13/><N who="3" m="5227" /><G55/><T29/><D29/><U112/><E112/><V58/><F45/><AGARI ba="2,0" hai="17,19,45,50,53,87,88,94,128,130,131" m="5227" machi="45" ten="30,2000,0" yaku="19,1,54,1" doraHai="70" who="3" fromWho="2" sc="399,0,260,0,220,-26,121,26" /><INIT seed="1,0,0,1,0,123" ten="399,260,194,147" oya="1" hai0="6,124,21,42,115,56,119,67,40,48,69,81,79" hai1="36,60,53,128,92,28,127,82,51,117,2,110,61" hai2="13,68,120,88,103,45,90,96,58,12,18,114,98" hai3="94,59,112,34,8,126,65,131,50,75,49,133,32"/><U0/><E117/><V52/><F68/><W30/><G112/><T102/><D115/><U9/><E36/><V54/><F114/><W85/><G75/><T83/><D119/><U37/><E37/><V66/><F120/><W84/><G126/><T130/><D69/><U91/><E127/><V24/><F24/><W109/><G131/><T14/><D130/><U55/><E128/><V70/><F12/><W89/><G133/><T104/><D83/><U38/><E38/><V129/><F70/><W20/><G8/><T111/><D102/><U41/><E82/><V10/><F129/><W57/><G20/><T78/><D104/><U31/><E41/><V25/><F25/><W72/><G72/><T63/><D79/><U33/><E9/><V135/><F135/><W47/><G30/><T105/><D105/><U106/><E106/><V46/><F66/><W108/><G94/><T118/><D42/><U93/><E51/><N who="2" m="28783" /><F46/><W116/><G47/><T19/><D6/><U107/><E107/><V76/><F76/><W23/><G23/><T39/><D39/><U44/><E44/><V77/><F77/><W99/><G65/><T73/><D124/><U125/><E125/><V101/><F101/><W35/><G35/><T7/><D7/><U71/><E71/><V95/><F98/><W86/><G86/><T80/><D118/><U22/><E33/><V4/><F4/><W62/><G116/><T5/><D5/><U1/><E1/><V3/><F3/><W134/><G134/><T121/><D40/><U74/><E74/><V27/><F27/><W122/><G122/><RYUUKYOKU ba="0,0" sc="399,-10,260,-10,194,30,147,-10" hai2="10,13,18,54,58,88,90,95,96,103" /><INIT seed="2,1,0,3,0,14" ten="389,250,224,137" oya="2" hai0="119,16,49,47,102,117,3,127,132,36,130,34,42" hai1="7,105,93,48,17,75,29,5,24,131,1,13,106" hai2="85,97,37,65,80,32,113,96,9,15,89,46,104" hai3="107,67,129,101,82,6,38,74,0,126,64,39,133"/><V33/><F113/><W121/><G121/><T51/><D132/><U66/><E75/><V61/><F37/><W4/><G133/><T43/><D130/><U114/><E114/><V88/><F46/><W58/><G129/><T118/><D127/><U120/><E131/><V110/><F110/><W23/><G126/><T40/><D3/><U53/><E120/><V111/><F111/><W68/><G58/><T109/><D34/><U10/><E66/><V91/><F33/><W77/><G23/><T79/><D109/><U70/><E70/><V21/><F21/><W11/><G6/><T57/><D79/><U25/><E105/><V59/><F32/><W18/><G18/><T56/><D102/><U54/><E106/><V60/><F60/><W50/><G50/><N who="0" m="18955" /><D16/><N who="1" m="8247" /><E1/><V8/><F8/><W125/><G67/><T69/><D69/><U12/><E29/><V92/><F104/><W123/><G123/><T103/><D103/><U55/><E48/><V100/><REACH who="2" step="1"/><F96/><REACH who="2" ten="389,250,214,137" step="2"/><N who="3" m="61863" /><G125/><T31/><D36/><U22/><E25/><V122/><F122/><W84/><G39/><T20/><D47/><U124/><E24/><AGARI ba="1,1" hai="20,24,31,40,42,43,56,57,117,118,119" m="18955" machi="24" ten="40,1300,0" yaku="12,1" doraHai="14" who="0" fromWho="1" sc="389,26,250,-16,214,0,137,0" /><INIT seed="3,0,0,5,1,25" ten="415,234,214,137" oya="3" hai0="45,64,55,99,78,76,97,84,113,93,6,75,24" hai1="70,77,37,47,13,95,121,65,96,134,27,86,80" hai2="49,36,87,34,41,35,18,128,129,50,101,44,132" hai3="133,126,108,60,125,107,40,29,66,30,79,105,52"/><W112/><G112/><T0/><D75/><U83/><E121/><V22/><F132/><W127/><G133/><T46/><D0/><U14/><E134/><V91/><F101/><W31/><G108/><T100/><D6/><U28/><E83/><N who="2" m="49663" /><F49/><W67/><G40/><T62/><D113/><U92/><E92/><V33/><F36/><W135/><G135/><T56/><D97/><U38/><E38/><V51/><F51/><W104/><G79/><N who="0" m="30251" /><D84/><U9/><E9/><V110/><F110/><W57/><AGARI ba="0,0" hai="29,30,31,52,57,60,66,67,104,105,107,125,126,127" machi="57" ten="50,24000,3" yaku="0,1,29,2,18,1,52,3,54,1" doraHai="25" who="3" fromWho="3" sc="415,-80,234,-80,214,-80,137,240" owari="335,13.5,154,-24.6,134,-36.6,377,47.7" /></mjloggm>