<mjloggm ver="2.3"><GO type="225" lobby="0"/><UN n0="%E3%81%9D%E3%81%8A%E3%81%9D%E3%81%9D" n1="%E6%B8%A9%E2%98%85%E6%83%85%E2%98%85%E6%8E%AA%E2%98%85%E7%BD%AE" n2="%E3%81%AA%E3%81%A1%30%39%32%37" n3="%E5%8F%AF%E5%85%90%E9%82%A3%E7%94%B1%E5%A4%9A" dan="16,16,16,16" rate="2069.29,2173.65,2067.58,2193.70" sx="M,M,M,F"/><TAIKYOKU oya="0"/><INIT seed="0,0,0,4,5,134" ten="250,250,250,250" oya="0" hai0="48,63,50,57,96,19,130,100,29,105,110,128,101" hai1="23,27,45,67,62,131,1,79,127,74,97,55,82" hai2="13,44,93,135,11,25,72,31,108,52,129,83,102" hai3="116,86,77,124,15,42,87,4,47,35,53,14,39"/><T132/><D132/><U120/><E131/><N who="0" m="50217" /><D110/><U5/><E120/><V21/><F108/><W2/><G116/><T9/><D100/><U98/><E127/><V38/><F135/><W81/><G35/><T114/><D114/><U28/><E5/><V65/><F129/><W119/><G119/><T117/><D117/><U95/><E1/><V61/><F72/><N who="3" m="43175" /><G53/><N who="0" m="34223" /><D29/><U20/><E20/><V10/><F83/><W89/><G124/><T22/><D9/><U76/><E76/><V70/><F10/><N who="3" m="2327" /><G87/><T24/><AGARI ba="0,0" hai="19,22,24,48,50,96,101,105" m="34223,50217" machi="24" ten="30,1500,0" yaku="19,1" doraHai="134" who="0" fromWho="0" sc="250,15,250,-5,250,-5,250,-5" /><INIT seed="0,1,0,3,4,33" ten="265,245,245,245" oya="0" hai0="68,59,11,69,26,50,27,125,44,116,61,77,133" hai1="29,117,131,39,113,12,70,135,4,103,114,122,75" hai2="19,130,111,102,60,1,23,83,32,107,66,81,15" hai3="37,95,99,128,28,45,35,64,24,74,13,14,7"/><T97/><D116/><U5/><E117/><V120/><F111/><W46/><G74/><T9/><D77/><U96/><E122/><V92/><F120/><W115/><G115/><N who="1" m="44042" /><E135/><V58/><F130/><W8/><G128/><T94/><D69/><U98/><E131/><V109/><F109/><W53/><G64/><N who="0" m="38975" /><D68/><U105/><E70/><V34/><F107/><W91/><G37/><T47/><D125/><U73/><E39/><V119/><F119/><W126/><G126/><T86/><D86/><U10/><E29/><V67/><F67/><W43/><G43/><N who="0" m="24863" /><D47/><U63/><E63/><V132/><F132/><W104/><G104/><T56/><D56/><U110/><E110/><V52/><F66/><W71/><G71/><T82/><D82/><U101/><E4/><V30/><F83/><W79/><G79/><T25/><D133/><U21/><E21/><V51/><F81/><W121/><G121/><T54/><D54/><U84/><E84/><V93/><F60/><W72/><G72/><T20/><D20/><U62/><E62/><V57/><F57/><W127/><G127/><T3/><D3/><U31/><E31/><V108/><F1/><W134/><G134/><T76/><D76/><U16/><E5/><V17/><F108/><W90/><G53/><T112/><D112/><U42/><E42/><V87/><F30/><W40/><G40/><T49/><D49/><U129/><E129/><V100/><F19/><N who="3" m="8615" /><G45/><T38/><D38/><U123/><E123/><V55/><F55/><W106/><G46/><T41/><D41/><U18/><E18/><V22/><F17/><RYUUKYOKU ba="1,0" sc="265,15,245,15,245,-15,245,-15" hai0="9,11,25,26,27,94,97" hai1="10,12,16,73,75,96,98,101,103,105" /><INIT seed="0,2,0,0,3,17" ten="280,260,230,230" oya="0" hai0="96,4,85,56,120,128,7,46,77,110,9,8,90" hai1="130,74,10,87,105,21,83,124,54,75,80,64,69" hai2="67,133,97,125,53,99,51,18,71,1,25,2,117" hai3="132,22,62,40,118,31,102,34,27,79,3,82,91"/><T0/><D120/><U58/><E105/><V12/><F133/><W39/><G118/><T70/><D70/><U88/><E130/><V129/><F129/><W101/><G3/><T33/><D128/><U19/><E124/><V89/><F125/><W55/><G132/><T76/><D33/><U26/><E83/><V86/><F25/><W111/><G111/><T59/><D96/><U103/><E103/><V35/><F35/><W119/><G119/><T14/><D110/><U109/><E109/><V48/><F117/><W61/><G91/><T16/><D46/><U11/><E64/><V112/><F71/><W6/><G6/><T134/><D134/><U114/><E69/><V131/><F112/><W50/><G34/><T37/><D37/><U63/><REACH who="1" step="1"/><E114/><REACH who="1" ten="280,250,230,230" step="2"/><V20/><F67/><W72/><G101/><T38/><D38/><U13/><E13/><V57/><F131/><W107/><G102/><T81/><D7/><U32/><E32/><V24/><F1/><W30/><G107/><T73/><REACH who="0" step="1"/><D77/><REACH who="0" ten="270,250,230,230" step="2"/><U122/><E122/><V98/><F2/><W60/><G39/><T116/><D116/><U65/><E65/><V123/><F123/><W108/><G108/><T47/><D47/><U135/><E135/><V29/><F57/><W78/><G78/><T95/><AGARI ba="2,2" hai="0,4,8,9,14,16,56,59,73,76,81,85,90,95" machi="95" ten="20,7800,0" yaku="1,1,0,1,7,1,54,1,53,0" doraHai="17" doraHaiUra="121" who="0" fromWho="0" sc="270,104,250,-28,230,-28,230,-28" /><INIT seed="0,3,0,0,5,95" ten="374,222,202,202" oya="0" hai0="32,133,126,120,24,59,132,71,130,81,86,14,20" hai1="67,73,89,28,88,108,53,16,41,54,70,13,50" hai2="124,29,72,98,125,40,115,93,44,90,134,33,0" hai3="105,92,19,77,55,34,7,38,91,30,85,82,25"/><T51/><D71/><U3/><E73/><V5/><F115/><W15/><G105/><T69/><D69/><U45/><E3/><V116/><F134/><W22/><G38/><T23/><D120/><U94/><E108/><V36/><F116/><W87/><G7/><T66/><D130/><U79/><E79/><V83/><F29/><W96/><REACH who="3" step="1"/><G55/><REACH who="3" ten="374,222,202,192" step="2"/><T118/><D118/><U76/><E54/><V100/><F33/><W68/><G68/><T102/><D32/><U74/><E70/><V57/><F5/><W56/><G56/><T46/><D59/><U65/><E53/><V110/><F57/><W9/><G9/><T1/><D132/><U122/><E122/><V61/><F0/><W64/><G64/><T2/><D66/><U121/><E121/><V39/><F39/><W99/><AGARI ba="3,1" hai="15,19,22,25,30,34,77,82,85,87,91,92,96,99" machi="99" ten="30,7900,0" yaku="1,1,0,1,52,2,53,0" doraHai="95" doraHaiUra="103" who="3" fromWho="3" sc="374,-42,222,-23,202,-23,192,98" /><INIT seed="1,0,0,0,1,112" ten="332,199,179,290" oya="1" hai0="40,6,36,64,100,18,105,97,77,127,30,22,131" hai1="121,88,81,95,35,11,8,45,113,69,76,24,87" hai2="23,89,7,29,80,61,27,41,108,28,120,25,130" hai3="119,63,57,51,66,58,74,125,20,134,90,133,83"/><U98/><E113/><V103/><F120/><W50/><G20/><T13/><D131/><U104/><E121/><V62/><F130/><W55/><G90/><T86/><D127/><U32/><E69/><V10/><F108/><W124/><G83/><T84/><D64/><U115/><E115/><V56/><F103/><W73/><G73/><T31/><D6/><U107/><E45/><V99/><F41/><W122/><G74/><T39/><D40/><U37/><E37/><V44/><F44/><W129/><G122/><T46/><D46/><U16/><E11/><V78/><F99/><W48/><G129/><T5/><D5/><U60/><E60/><V79/><F89/><W126/><G119/><T70/><D70/><U17/><E8/><V82/><F10/><W75/><G75/><T106/><D105/><U42/><E42/><V96/><F96/><W47/><G47/><T132/><D86/><U135/><E135/><AGARI ba="0,0" hai="48,50,51,55,57,58,63,66,124,125,126,133,134,135" machi="135" ten="50,8000,1" yaku="18,1,20,1,34,3" doraHai="112" who="3" fromWho="1" sc="332,0,199,-80,179,0,290,80" /><INIT seed="2,0,0,1,2,3" ten="332,119,179,370" oya="2" hai0="53,78,11,30,37,106,29,74,20,58,65,81,117" hai1="112,25,4,55,95,23,34,60,68,96,61,82,9" hai2="80,66,131,107,99,69,105,97,120,128,85,16,71" hai3="48,73,8,122,70,100,49,39,86,89,130,114,43"/><V5/><F120/><W59/><G122/><T118/><D106/><U110/><E112/><V88/><F66/><W79/><G70/><T75/><D74/><U17/><E110/><V18/><F80/><W133/><G133/><T72/><D75/><U90/><E68/><V27/><F85/><W94/><G130/><T132/><D132/><U91/><E34/><V124/><F27/><W45/><G114/><T2/><D37/><U1/><REACH who="1" step="1"/><E55/><REACH who="1" ten="332,109,179,370" step="2"/><V40/><F40/><W108/><G43/><T41/><D41/><U57/><E57/><V76/><F124/><W31/><G59/><T98/><D53/><U111/><E111/><V36/><F69/><W115/><G115/><T101/><D58/><U134/><E134/><V13/><F71/><W42/><G42/><T50/><D117/><U46/><E46/><V93/><F36/><W92/><G39/><T0/><D118/><U22/><E22/><V32/><F32/><W10/><G45/><T28/><D20/><U83/><E83/><V121/><F121/><W44/><G44/><T26/><D81/><U104/><E104/><V102/><F105/><W64/><G108/><T62/><D65/><U33/><E33/><V109/><F109/><W77/><G64/><T63/><D11/><U24/><E24/><V84/><F131/><W35/><G8/><T67/><D26/><U15/><E15/><V87/><F128/><W123/><G10/><T54/><D67/><U38/><E38/><V135/><F135/><W51/><G123/><T116/><D54/><U12/><E12/><V6/><F13/><W119/><G119/><RYUUKYOKU ba="0,1" sc="332,-10,109,30,179,-10,370,-10" hai1="1,4,9,17,23,25,60,61,82,90,91,95,96" /><INIT seed="3,1,1,5,4,19" ten="322,139,169,360" oya="3" hai0="118,8,87,103,18,84,59,130,53,110,82,41,83" hai1="37,77,15,76,117,105,50,33,109,51,128,66,89" hai2="0,52,35,26,54,42,86,92,55,71,44,45,10" hai3="99,101,48,124,4,69,68,107,67,46,102,100,20"/><W98/><G124/><T94/><D118/><U30/><E105/><V74/><F74/><W112/><G112/><T104/><D104/><U3/><E3/><V56/><F71/><W70/><G4/><T127/><D127/><U49/><E37/><V135/><F135/><W25/><G67/><T131/><D110/><U108/><E117/><V119/><F119/><W90/><G90/><T28/><D28/><U95/><E128/><N who="0" m="49193" /><D41/><U126/><E126/><V91/><F42/><W88/><G88/><N who="0" m="53511" /><D103/><U38/><E38/><V132/><F132/><W96/><G107/><T65/><D65/><U13/><E66/><V134/><F134/><W12/><G12/><N who="1" m="4682" /><E30/><V79/><F79/><W23/><G25/><T85/><D18/><U73/><E73/><V9/><F35/><W72/><G72/><T7/><D83/><U24/><E24/><V57/><F26/><W62/><G62/><N who="0" m="36207" /><D82/><U123/><E33/><V36/><F36/><W60/><G60/><T40/><D40/><AGARI ba="1,1" hai="20,23,40,46,48,68,69,70,96,98,99,100,101,102" machi="40" ten="50,12000,1" yaku="29,2,52,2" doraHai="19" who="3" fromWho="0" sc="322,-123,139,0,169,0,360,133" owari="199,-0.1,139,-36.1,169,-23.1,493,59.3" /></mjloggm>