<mjloggm ver="2.3"><GO type="225" lobby="0"/><UN n0="%E4%BE%BF%E6%89%80" n1="%70%68%65%6E%6F%6D%65" n2="%E7%BD%AA%E5%88%91%E6%B3%95%E5%AE%9A%E4%B8%BB%E7%BE%A9" n3="%E6%B4%BE%E9%81%A3%E3%81%AE%E3%82%B8%E3%83%A3%E3%83%83%E3%82%AF" dan="16,16,16,17" rate="2052.72,2121.55,2136.71,2195.80" sx="M,M,M,M"/><TAIKYOKU oya="0"/><INIT seed="0,0,0,2,3,123" ten="250,250,250,250" oya="0" hai0="100,54,16,91,132,65,7,89,12,97,106,111,98" hai1="88,4,103,2,102,86,37,78,50,31,21,125,8" hai2="83,80,32,56,59,110,0,5,99,107,128,52,74" hai3="39,42,35,76,77,101,92,46,47,121,95,19,115"/><T71/><BYE who="1" /><D132/><U122/><E122/><V18/><F32/><UN n1="%70%68%65%6E%6F%6D%65" /><W24/><G115/><T70/><D7/><U133/><E133/><V17/><F128/><W48/><G121/><T41/><D41/><U58/><E37/><V130/><F130/><W105/><G105/><T1/><D1/><U44/><E125/><V28/><F28/><W108/><G108/><T63/><D71/><U64/><E78/><V27/><F59/><W93/><G101/><T45/><D98/><U116/><E116/><V72/><F72/><W117/><G117/><T10/><REACH who="0" step="1"/><D111/><REACH who="0" ten="240,250,250,250" step="2"/><U75/><E2/><V61/><F110/><W119/><G119/><T68/><D68/><U79/><E4/><V30/><F5/><W51/><G39/><T118/><D118/><U29/><E102/><V49/><F0/><W67/><G67/><T112/><D112/><U53/><E103/><V134/><F134/><W73/><G73/><T43/><D43/><U55/><E64/><V69/><F99/><W34/><G42/><T135/><D135/><U90/><E75/><V127/><F127/><W114/><G114/><T33/><D33/><U13/><E90/><V82/><F74/><W60/><G35/><T120/><D120/><U40/><E40/><V66/><F107/><W124/><G124/><T62/><D62/><N who="1" m="36175" /><E79/><N who="3" m="30282" /><G34/><T57/><D57/><U22/><E88/><V15/><F69/><W26/><G60/><T94/><D94/><U9/><E86/><V113/><F113/><W23/><G47/><T104/><D104/><U38/><E38/><V81/><N who="2" m="20480" /><DORA hai="131" /><V20/><F66/><W126/><G126/><RYUUKYOKU ba="0,1" sc="240,30,250,-10,250,-10,250,-10" hai0="10,12,16,45,54,63,65,70,89,91,97,100,106" /><INIT seed="0,1,1,0,1,90" ten="270,240,240,240" oya="0" hai0="71,75,124,126,10,104,0,41,47,69,11,58,128" hai1="48,13,93,106,12,55,52,9,105,62,23,134,86" hai2="36,50,64,129,73,26,111,130,112,31,29,132,6" hai3="67,95,97,33,14,16,123,49,77,53,85,34,68"/><T76/><D104/><U118/><E118/><V125/><F36/><W54/><G123/><T8/><D0/><U60/><E134/><V57/><F73/><W101/><G54/><T70/><D128/><N who="2" m="49258" /><F112/><W1/><G1/><T74/><D58/><U87/><E23/><V88/><F132/><W96/><G96/><T131/><D131/><U110/><E110/><V65/><F111/><W28/><G28/><N who="2" m="10825" /><F26/><W99/><G99/><T81/><REACH who="0" step="1"/><D74/><REACH who="0" ten="260,240,240,240" step="2"/><U46/><E105/><V63/><F125/><W94/><G68/><T133/><D133/><U3/><E106/><V38/><F57/><N who="3" m="32943" /><G67/><T40/><D40/><U19/><E3/><V27/><F65/><W115/><G115/><T84/><D84/><U108/><E108/><V37/><F64/><W100/><G34/><T135/><D135/><U120/><E120/><V20/><F63/><W116/><G33/><T92/><D92/><U7/><E55/><V17/><F38/><AGARI ba="1,2" hai="8,10,11,38,41,47,69,70,71,75,76,81,124,126" machi="38" ten="50,2400,0" yaku="1,1,53,0" doraHai="90" doraHaiUra="117" who="0" fromWho="2" sc="260,47,240,0,240,-27,240,0" /><INIT seed="0,2,0,0,0,64" ten="307,240,213,240" oya="0" hai0="7,83,42,37,103,86,55,94,118,48,59,26,115" hai1="20,106,69,12,23,67,13,81,119,129,79,73,124" hai2="98,112,75,111,113,50,128,35,72,131,18,132,127" hai3="89,9,32,125,135,134,121,17,117,41,34,109,91"/><T21/><D115/><N who="2" m="44106" /><F35/><W39/><G117/><T33/><D118/><U6/><E119/><V24/><F50/><W133/><G109/><T2/><D33/><N who="3" m="12905" /><G125/><T53/><D2/><U85/><E129/><N who="2" m="49739" /><F24/><W100/><G100/><T27/><D7/><U99/><E124/><V87/><F127/><W47/><G121/><T82/><D37/><U58/><E58/><V56/><F56/><W123/><G123/><T51/><D42/><U8/><E73/><N who="2" m="28235" /><F18/><W102/><G102/><T105/><D27/><U28/><E28/><V4/><F4/><W45/><G45/><T130/><D130/><U84/><E13/><AGARI ba="2,0" hai="9,13,17,39,41,47,89,91,133,134,135" m="12905" machi="13" ten="40,1300,0" yaku="20,1" doraHai="64" who="3" fromWho="1" sc="307,0,240,-19,213,0,240,19" /><INIT seed="1,0,0,2,0,109" ten="307,221,213,259" oya="1" hai0="15,132,69,2,38,12,6,68,16,72,31,17,14" hai1="101,60,96,34,83,112,46,21,54,121,134,27,103" hai2="28,93,67,18,123,64,48,89,122,127,74,5,19" hai3="80,36,102,91,65,39,10,76,57,61,133,49,1"/><U66/><E121/><V35/><F74/><W70/><G102/><T118/><D38/><U73/><E134/><V9/><F127/><W0/><G91/><T47/><D72/><U71/><E34/><V50/><F35/><W124/><G124/><T85/><D47/><U32/><E32/><V26/><F28/><W128/><G128/><T75/><D75/><U33/><E33/><V52/><F123/><W22/><G133/><T99/><D85/><U11/><E11/><V95/><F48/><W105/><G105/><T117/><D99/><U51/><E112/><V25/><F25/><W3/><G22/><T37/><D37/><U63/><E63/><V125/><F95/><W98/><G98/><T86/><D86/><U23/><E101/><V84/><F122/><W97/><G97/><T82/><D82/><U110/><E110/><V92/><F92/><W56/><G10/><T77/><D77/><U94/><REACH who="1" step="1"/><E27/><REACH who="1" ten="307,211,213,259" step="2"/><V115/><F125/><W53/><G70/><T107/><D69/><U135/><E135/><V55/><F115/><W13/><G13/><T20/><D68/><U130/><E130/><V108/><F108/><W44/><G0/><T24/><D132/><U78/><AGARI ba="0,1" hai="21,23,46,51,54,60,66,71,73,78,83,94,96,103" machi="78" ten="30,3000,0" yaku="1,1,0,1,53,0" doraHai="109" doraHaiUra="4" who="1" fromWho="1" sc="307,-10,211,40,213,-10,259,-10" /><INIT seed="1,1,0,1,0,45" ten="297,251,203,249" oya="1" hai0="17,105,31,81,88,42,107,33,12,128,129,7,29" hai1="121,130,116,125,77,65,104,126,16,114,11,86,13" hai2="44,118,6,74,131,8,38,1,50,84,48,26,60" hai3="96,54,73,3,82,78,32,71,46,25,69,22,119"/><U18/><E114/><V47/><F118/><W89/><G3/><T91/><D7/><U55/><E116/><V64/><F74/><W124/><G32/><T113/><D113/><U98/><E121/><V109/><F109/><W24/><G24/><N who="0" m="18599" /><D31/><U120/><E120/><V110/><F110/><W57/><G124/><N who="1" m="47722" /><E130/><N who="0" m="50281" /><D42/><U61/><E55/><V34/><F131/><W123/><G123/><T97/><D81/><N who="1" m="47407" /><E98/><V39/><F84/><W95/><G119/><T68/><D68/><N who="1" m="42031" /><E104/><N who="0" m="40009" /><D97/><U52/><E52/><V41/><F34/><W15/><G69/><T53/><D53/><U127/><N who="1" m="47730" /><U93/><DORA hai="62" /><E93/><V67/><F26/><W92/><G71/><T5/><D5/><AGARI ba="1,0" hai="5,11,13,16,18" m="42031,47407,47730" machi="5" ten="40,7700,0" yaku="18,1,52,1,54,1" doraHai="45,62" who="1" fromWho="0" sc="297,-80,251,80,203,0,249,0" /><INIT seed="1,2,0,2,2,124" ten="217,331,203,249" oya="1" hai0="61,53,79,40,47,5,6,42,44,13,132,15,127" hai1="81,57,55,12,10,102,73,29,105,125,78,71,108" hai2="133,126,19,62,91,36,16,7,84,83,67,90,63" hai3="51,24,128,60,49,0,34,118,26,50,22,130,27"/><U134/><E125/><V116/><F126/><W107/><G0/><T43/><D127/><U4/><E134/><V64/><F116/><W88/><G107/><T112/><D112/><U21/><E71/><V95/><F36/><W109/><G109/><T119/><D119/><U18/><E108/><V75/><F133/><W82/><G60/><N who="2" m="23081" /><F75/><W33/><G22/><T14/><D79/><U20/><E29/><V74/><F7/><N who="0" m="2570" /><D132/><U72/><E72/><V68/><F68/><W76/><G118/><T92/><D92/><U59/><E20/><V135/><F74/><N who="3" m="43287" /><G88/><N who="2" m="33833" /><F95/><W85/><G85/><T117/><D117/><U66/><E66/><N who="2" m="25131" /><F135/><W31/><G31/><T86/><D86/><U96/><REACH who="1" step="1"/><E55/><REACH who="1" ten="217,321,203,249" step="2"/><V93/><F93/><W114/><G114/><T97/><D97/><U104/><E104/><V94/><F94/><W123/><G123/><T28/><D28/><U45/><E45/><V30/><F30/><W111/><G111/><T129/><D47/><U65/><E65/><V121/><F121/><W52/><G52/><T70/><D70/><U89/><E89/><AGARI ba="2,1" hai="16,19,83,84,89" m="25131,33833,23081" machi="89" ten="30,3900,0" yaku="8,1,54,2" doraHai="124" who="2" fromWho="1" sc="217,0,321,-45,203,55,249,0" /><INIT seed="2,0,0,3,0,58" ten="217,276,258,249" oya="2" hai0="48,105,104,50,127,13,98,33,94,90,108,71,51" hai1="47,130,30,55,87,8,115,117,78,38,1,107,128" hai2="61,41,56,27,92,22,122,25,62,95,110,16,135" hai3="120,6,5,129,54,64,34,29,57,125,36,21,109"/><V53/><F122/><W121/><G36/><T106/><D33/><U97/><E115/><V123/><F123/><W37/><G37/><T45/><D108/><U17/><E30/><V74/><F74/><W26/><G109/><T65/><D127/><U23/><E117/><V124/><F110/><W81/><G125/><T96/><D13/><U7/><E107/><V118/><F118/><W79/><G129/><T43/><REACH who="0" step="1"/><D98/><REACH who="0" ten="207,276,258,249" step="2"/><U40/><E97/><V15/><F124/><W131/><G120/><T69/><D69/><U133/><E128/><V85/><F135/><W86/><G131/><T63/><AGARI ba="0,1" hai="43,45,48,50,51,63,65,71,90,94,96,104,105,106" machi="63" ten="40,5200,0" yaku="1,1,0,1,52,1,53,0" doraHai="58" doraHaiUra="14" who="0" fromWho="0" sc="207,62,276,-13,258,-26,249,-13" /><INIT seed="3,0,0,1,3,43" ten="269,263,232,236" oya="3" hai0="77,113,100,51,121,83,116,103,72,76,0,122,80" hai1="41,132,85,53,129,93,34,46,39,109,86,108,89" hai2="58,82,84,70,101,74,66,115,63,110,38,78,1" hai3="134,9,97,23,75,52,81,32,24,57,71,61,92"/><W6/><G32/><T35/><D0/><U15/><E34/><V69/><F115/><W125/><G125/><T87/><D35/><U56/><E129/><V2/><F38/><W4/><G134/><T60/><D60/><U62/><E132/><V17/><F110/><W13/><G71/><T5/><D5/><U25/><E25/><V131/><F131/><W135/><G135/><T130/><D130/><U30/><E30/><V49/><F101/><N who="3" m="60583" /><G75/><T54/><D116/><U3/><E3/><V44/><F74/><W73/><G73/><T8/><D8/><U117/><E117/><V14/><F70/><W29/><G81/><T114/><D54/><U120/><E120/><N who="0" m="46185" /><D51/><U112/><E112/><AGARI ba="0,0" hai="72,76,77,80,83,87,100,103,112,113,114" m="46185" machi="112" ten="30,3900,0" yaku="11,1,34,2" doraHai="43" who="0" fromWho="1" sc="269,39,263,-39,232,0,236,0" owari="308,40.8,224,-27.6,232,-16.8,236,3.6" /></mjloggm>