<mjloggm ver="2.3"><GO type="225" lobby="0"/><UN n0="%E4%B8%8B%E6%AE%B5%E3%83%81%E3%82%A7%E3%83%AA%E3%83%BC" n1="%4E%6F%2E%30%30%30%31" n2="%E3%81%AF%E3%82%88%E3%81%8A%E3%81%98%E3%81%95%E3%82%93" n3="%E3%81%A1%E3%82%85%E3%81%86%E3%81%A9%E3%81%8F%E8%B1%A1%E3%81%95%E3%82%93" dan="16,18,16,17" rate="2121.89,2232.03,2142.21,2193.81" sx="M,M,M,M"/><TAIKYOKU oya="0"/><INIT seed="0,0,0,1,0,130" ten="250,250,250,250" oya="0" hai0="22,99,67,30,78,18,112,52,69,17,111,54,24" hai1="36,37,104,61,45,93,97,83,31,121,12,134,80" hai2="100,58,53,115,116,19,118,6,2,132,102,56,135" hai3="89,103,62,72,119,117,73,63,133,126,107,92,82"/><T39/><D112/><U85/><E121/><V81/><F115/><W87/><G126/><T94/><D39/><U40/><E104/><V48/><F19/><N who="0" m="7178" /><D69/><U71/><E31/><V75/><F56/><W13/><G13/><T106/><D106/><U68/><E12/><V66/><F66/><W98/><G62/><T77/><D67/><U1/><E1/><V113/><F113/><W76/><G63/><T42/><D42/><U5/><E5/><V124/><F124/><W29/><G29/><T91/><D111/><U35/><E35/><V34/><F34/><W21/><G21/><T105/><D105/><U50/><E61/><V129/><F129/><W33/><G33/><T125/><D125/><U127/><E127/><V28/><F28/><W57/><G57/><T70/><D70/><U26/><E71/><V25/><F25/><W128/><G128/><T101/><D91/><U14/><E68/><V96/><F6/><W86/><REACH who="3" step="1"/><G133/><REACH who="3" ten="250,250,250,240" step="2"/><N who="2" m="51273" /><F2/><W90/><G90/><T120/><D120/><U46/><E134/><V123/><F123/><W44/><G44/><T4/><D4/><U84/><E46/><V108/><F108/><W64/><G64/><T7/><D7/><U79/><E45/><V27/><F27/><W8/><G8/><T16/><D30/><U74/><E26/><V38/><F102/><W51/><G51/><T131/><D131/><U55/><E50/><V10/><F10/><W9/><G9/><T20/><D20/><U49/><E49/><V60/><F48/><W23/><G23/><T110/><D110/><U114/><E114/><V88/><F60/><RYUUKYOKU ba="0,1" sc="250,15,250,-15,250,-15,240,15" hai0="16,22,24,52,54,77,78,94,99,101" hai3="72,73,76,82,86,87,89,92,98,103,107,117,119" /><INIT seed="0,1,1,5,3,134" ten="265,235,235,255" oya="0" hai0="2,16,65,31,60,25,3,37,61,39,17,46,121" hai1="49,10,36,92,89,21,51,68,59,94,73,118,114" hai2="29,70,44,123,19,127,47,23,106,105,130,116,75" hai3="57,6,117,132,88,111,22,81,45,109,79,35,26"/><T102/><D121/><U99/><E68/><V91/><F123/><W133/><G117/><T96/><D2/><U104/><E118/><V120/><F120/><W78/><G35/><N who="0" m="20975" /><D60/><U100/><E36/><N who="0" m="13897" /><D46/><U108/><E108/><N who="3" m="41546" /><G6/><T122/><D3/><U38/><E38/><V66/><F75/><W85/><G45/><T0/><D0/><U1/><E114/><V103/><F29/><N who="3" m="17623" /><G57/><T14/><D14/><U28/><E73/><V98/><F116/><W62/><G62/><T107/><D122/><U53/><E1/><V131/><F105/><W13/><G13/><T112/><D112/><U20/><E104/><V124/><F66/><W80/><G80/><T15/><D15/><U113/><E113/><V4/><F70/><AGARI ba="1,1" hai="16,17,61,65,70,96,102,107" m="13897,20975" machi="70" ten="30,2900,0" yaku="25,1,54,1" doraHai="134" who="0" fromWho="2" sc="265,42,235,0,235,-32,255,0" /><INIT seed="0,2,0,0,5,69" ten="307,235,203,255" oya="0" hai0="80,94,114,88,78,77,43,74,2,19,93,48,75" hai1="53,116,55,10,8,27,66,26,121,37,101,39,85" hai2="24,70,22,89,127,64,59,58,100,111,13,72,29" hai3="115,79,102,123,32,82,97,65,76,108,103,87,110"/><T126/><D114/><U41/><E41/><V20/><F72/><N who="3" m="43271" /><G32/><T98/><D2/><U52/><E66/><V5/><F111/><N who="3" m="42539" /><G65/><T36/><D48/><U25/><E116/><V107/><F127/><W135/><G115/><T34/><D34/><U91/><E101/><N who="3" m="38410" /><G135/><T38/><D43/><U6/><E121/><V95/><F107/><W21/><G21/><T125/><D19/><U14/><REACH who="1" step="1"/><E8/><REACH who="1" ten="307,225,203,255" step="2"/><N who="2" m="4239" /><F100/><W60/><G123/><T0/><D0/><U4/><E4/><V45/><F64/><W42/><G42/><T30/><D126/><U120/><E120/><V15/><F70/><W71/><G71/><T133/><D125/><U119/><E119/><V68/><F68/><W63/><G97/><T50/><D98/><U9/><E9/><V44/><F44/><W17/><G17/><T105/><D133/><U54/><N who="1" m="13312" /><DORA hai="86" /><U62/><E62/><V35/><F45/><W33/><G33/><T16/><D16/><U67/><E67/><V122/><F122/><W128/><G128/><T18/><D18/><U132/><E132/><V84/><F35/><W40/><G40/><T51/><D30/><U46/><E46/><V28/><F28/><W99/><G99/><T129/><D129/><U61/><E61/><V73/><F58/><W131/><G131/><T81/><D50/><U7/><E7/><V112/><F59/><W56/><G56/><T11/><D51/><U106/><E106/><V3/><F112/><W31/><G31/><T113/><D105/><U90/><E90/><V12/><F29/><W49/><G49/><T104/><D104/><U57/><E57/><RYUUKYOKU ba="2,1" sc="307,-15,225,15,203,-15,255,15" hai1="6,10,14,25,26,27,37,39,85,91" hai3="60,63,79,87" /><INIT seed="1,3,1,0,3,12" ten="292,240,188,270" oya="1" hai0="15,45,37,79,24,14,124,127,27,46,114,47,70" hai1="21,135,98,76,3,51,6,38,131,82,42,115,4" hai2="13,26,113,106,120,0,33,52,130,96,63,121,119" hai3="103,111,105,101,43,128,118,9,1,109,94,125,53"/><U56/><E115/><V85/><F119/><W10/><G128/><T7/><D114/><U126/><E131/><V58/><F113/><W62/><G118/><T102/><D70/><U16/><E126/><N who="0" m="48169" /><D37/><U39/><E135/><V74/><F74/><W55/><G125/><T22/><D102/><N who="3" m="38921" /><G105/><T59/><D79/><U29/><E29/><V104/><F0/><W99/><G43/><T69/><D69/><U65/><E98/><V32/><F96/><W88/><G62/><T30/><D7/><N who="1" m="2603" /><E3/><V71/><F130/><W28/><G28/><N who="0" m="17431" /><D59/><U123/><E39/><V86/><F71/><W25/><G25/><T49/><D49/><U112/><E38/><V44/><F26/><W73/><G73/><T72/><D72/><U41/><E123/><V134/><F134/><W81/><G81/><T77/><D77/><U92/><E112/><V117/><F117/><W80/><G80/><T100/><D100/><U5/><E92/><V31/><F31/><W122/><G122/><T108/><D108/><N who="3" m="41545" /><G1/><T54/><D54/><AGARI ba="3,1" hai="9,10,53,54,55,88,94,99" m="41545,38921" machi="54" ten="30,2000,0" yaku="14,1,54,1" doraHai="12" who="3" fromWho="0" sc="292,-29,240,0,188,0,270,39" /><INIT seed="2,0,0,0,2,23" ten="263,240,188,309" oya="2" hai0="95,89,8,17,32,39,112,73,59,6,21,78,53" hai1="3,48,60,45,9,121,130,96,122,33,117,87,64" hai2="75,41,65,90,10,74,111,82,70,14,37,127,47" hai3="63,110,133,107,98,44,12,105,116,62,84,91,56"/><V109/><F127/><W104/><G116/><T22/><D32/><U120/><E117/><V68/><F90/><W134/><G110/><N who="2" m="41993" /><F82/><N who="3" m="49559" /><G44/><T125/><D39/><U26/><E130/><V52/><F65/><N who="3" m="39111" /><G63/><T50/><D112/><U93/><E87/><V18/><F52/><W16/><G98/><T7/><D125/><U24/><E33/><V2/><F2/><W81/><G81/><T61/><D73/><AGARI ba="0,0" hai="10,14,18,37,41,47,68,70,73,74,75" m="41993" machi="73" ten="30,2900,0" yaku="14,1,10,1" doraHai="23" who="2" fromWho="0" sc="263,-29,240,0,188,29,309,0" /><INIT seed="2,1,0,1,3,15" ten="234,240,217,309" oya="2" hai0="52,83,100,2,132,42,96,105,20,49,37,106,107" hai1="118,27,1,38,57,33,124,56,71,69,48,94,93" hai2="92,109,25,40,114,44,95,117,84,32,111,127,19" hai3="97,90,61,24,10,133,13,99,102,81,6,73,36"/><V5/><F117/><W31/><G36/><T116/><D2/><U80/><E118/><V8/><F114/><W53/><G133/><T47/><D116/><U91/><E38/><V4/><F127/><W87/><G73/><T125/><D125/><U130/><E1/><V34/><F84/><W110/><G110/><N who="2" m="41993" /><F95/><W18/><G6/><N who="2" m="2665" /><F92/><W101/><G101/><T63/><D132/><U9/><E94/><V29/><F44/><W88/><G90/><T35/><D35/><U86/><E93/><V89/><F89/><W77/><G77/><T26/><D83/><U76/><E124/><V123/><F40/><W12/><G102/><T23/><D63/><U78/><E91/><V128/><F128/><W65/><G53/><T126/><D126/><U50/><E130/><V58/><F58/><W59/><G12/><T72/><D72/><U16/><E76/><V55/><F55/><W62/><G61/><T51/><D37/><U112/><E112/><V68/><F68/><W70/><G70/><T82/><D82/><U98/><E69/><V135/><F135/><W122/><G122/><T115/><D115/><U30/><E71/><V14/><F34/><AGARI ba="1,0" hai="10,13,18,24,31,34,59,62,65,81,87,88,97,99" machi="34" ten="30,3900,0" yaku="7,1,52,1,54,1" doraHai="15" who="3" fromWho="2" sc="234,0,240,0,217,-42,309,42" /><INIT seed="3,0,0,4,3,24" ten="234,240,175,351" oya="3" hai0="93,112,134,39,103,109,59,125,82,129,27,50,49" hai1="9,126,40,128,58,54,85,120,48,4,34,95,135" hai2="118,124,47,110,79,76,75,86,62,45,97,116,13" hai3="66,21,63,104,65,42,115,98,37,22,106,87,89"/><W102/><G115/><T41/><D112/><U46/><E120/><V36/><F75/><W26/><G104/><T71/><D71/><U99/><E128/><V101/><F110/><W132/><G132/><T117/><D117/><U123/><E126/><V17/><F124/><W55/><G21/><T7/><D7/><U19/><E135/><V11/><F118/><W114/><G114/><T56/><D56/><U105/><E34/><V61/><F116/><W57/><G42/><T77/><D125/><U44/><E123/><V67/><F36/><W0/><G37/><T51/><D51/><U113/><E113/><V32/><F32/><W23/><G22/><T64/><D49/><U29/><E29/><V35/><F35/><W130/><G0/><T31/><D39/><U69/><E69/><V68/><F61/><W30/><G130/><T1/><D1/><U74/><E74/><V81/><REACH who="2" step="1"/><F79/><REACH who="2" ten="234,240,165,351" step="2"/><W78/><G78/><T14/><D77/><U52/><E48/><V6/><F6/><W127/><G127/><T96/><D50/><U53/><E4/><V94/><AGARI ba="0,1" hai="11,13,17,45,47,62,67,68,76,81,86,94,97,101" machi="94" ten="20,5200,0" yaku="1,1,0,1,7,1,53,1" doraHai="24" doraHaiUra="91" who="2" fromWho="2" sc="234,-13,240,-13,165,62,351,-26" owari="221,-27.9,227,2.7,227,-17.3,325,42.5" /></mjloggm>