<mjloggm ver="2.3"><GO type="225" lobby="0"/><UN n0="%4B%69%74%61%6D%75%72%61" n1="%E6%98%93%E5%88%A9%E8%96%A9%E4%BC%AF" n2="%6D%75%75%6D%75%72%61" n3="%E8%B6%85%E7%B4%9A%E9%B3%B3%E5%87%B0" dan="17,16,16,16" rate="2171.91,2056.45,2110.29,2171.67" sx="F,F,F,M"/><TAIKYOKU oya="0"/><INIT seed="0,0,0,5,0,30" ten="250,250,250,250" oya="0" hai0="124,27,54,34,64,70,74,48,132,52,44,62,113" hai1="11,63,130,103,55,2,5,45,125,105,93,21,28" hai2="1,38,35,98,106,94,119,57,112,69,39,18,96" hai3="26,36,65,104,16,133,46,67,41,83,87,127,111"/><T109/><D113/><U123/><E123/><V8/><F69/><W22/><G104/><T129/><D74/><U14/><E125/><V51/><F112/><W89/><G127/><T76/><D124/><U10/><E130/><V78/><F106/><W75/><G111/><T33/><D76/><U86/><E105/><V72/><F119/><W122/><G122/><T9/><D129/><U3/><E28/><V117/><F117/><W92/><REACH who="3" step="1"/><G133/><REACH who="3" ten="250,250,250,240" step="2"/><T25/><D132/><U71/><E3/><V32/><F1/><W128/><G128/><T31/><D109/><U108/><E2/><V79/><F72/><W85/><G85/><T107/><D107/><U0/><E86/><V56/><F39/><W100/><G100/><T42/><D9/><U115/><E11/><V80/><F38/><W43/><G43/><T17/><REACH who="0" step="1"/><D34/><REACH who="0" ten="240,250,250,240" step="2"/><U60/><E10/><V102/><F8/><W84/><G84/><T7/><D7/><U110/><E5/><V135/><F135/><W101/><G101/><T15/><D15/><U19/><E14/><V91/><F102/><W29/><G29/><T58/><D58/><U61/><E103/><V68/><F35/><W121/><G121/><T73/><D73/><U53/><E110/><V6/><F32/><W120/><G120/><T20/><AGARI ba="0,2" hai="17,20,25,27,31,33,42,44,48,52,54,62,64,70" machi="20" ten="30,11700,0" yaku="1,1,0,1,52,1,54,1,53,0" doraHai="30" doraHaiUra="4" who="0" fromWho="0" sc="240,137,250,-39,250,-39,240,-39" /><INIT seed="0,1,0,3,4,118" ten="377,211,211,201" oya="0" hai0="102,92,36,61,11,79,130,34,106,76,110,8,111" hai1="17,67,43,125,12,28,100,48,82,84,103,56,25" hai2="40,33,104,107,72,77,120,131,113,81,29,97,15" hai3="26,66,75,22,5,86,24,88,87,53,38,35,55"/><T123/><D106/><U20/><E125/><V127/><F113/><W41/><G75/><T91/><D102/><U52/><E67/><V117/><F127/><W74/><G74/><T112/><D112/><U62/><E43/><V98/><F117/><W60/><G5/><T85/><D36/><U44/><E56/><V6/><F131/><W89/><G35/><T57/><D34/><U4/><E4/><V9/><F40/><W122/><G41/><T68/><D68/><U126/><E62/><V83/><F120/><W54/><G38/><T95/><D95/><U45/><E45/><V133/><F133/><W50/><G50/><T65/><D130/><U73/><E73/><V63/><F63/><W105/><G105/><T99/><D123/><U19/><E19/><V32/><F107/><W47/><G47/><T58/><D58/><U135/><E135/><V51/><F51/><W132/><G132/><T96/><D96/><U16/><E17/><V0/><F104/><W3/><G3/><T94/><D94/><U46/><E46/><V69/><F69/><W64/><G55/><T21/><D21/><N who="1" m="15407" /><E126/><V10/><F81/><W70/><G60/><T129/><D129/><U80/><E80/><V59/><F59/><W108/><G70/><T2/><D2/><U37/><E37/><V39/><F39/><W93/><G93/><T90/><D57/><U7/><E7/><N who="2" m="3519" /><F33/><W78/><G22/><T42/><D42/><U71/><E71/><V101/><F101/><W30/><G122/><T109/><D61/><U114/><E114/><V116/><F116/><W128/><G128/><RYUUKYOKU ba="1,0" sc="377,-15,211,15,211,15,201,-15" hai1="12,16,20,44,48,52,82,84,100,103" hai2="0,6,10,29,32,72,77,83,97,98" /><INIT seed="1,2,0,0,1,78" ten="362,226,226,186" oya="1" hai0="36,74,71,98,40,34,131,102,39,91,52,83,13" hai1="32,6,19,127,49,92,128,125,97,108,70,2,8" hai2="47,69,88,28,33,115,80,130,95,11,109,48,37" hai3="110,3,35,132,93,55,105,10,122,17,68,26,116"/><U59/><E70/><V86/><F69/><W63/><G122/><T44/><D71/><U79/><E128/><V23/><F33/><W89/><G105/><T96/><D34/><U119/><E119/><V135/><F37/><W75/><G75/><T90/><D39/><U46/><E32/><V133/><F130/><W16/><G116/><T14/><D131/><U120/><E59/><V30/><F109/><W85/><G110/><T5/><D5/><U20/><E79/><V73/><F115/><W118/><G118/><T9/><D74/><U22/><E120/><V53/><F11/><W38/><G38/><T43/><D43/><U25/><E22/><V134/><F23/><W51/><G132/><T60/><D9/><U113/><E113/><V72/><F72/><W112/><G112/><T104/><D91/><U107/><E107/><V77/><AGARI ba="2,0" hai="28,30,47,48,53,73,77,80,86,88,95,133,134,135" machi="77" ten="40,8000,1" yaku="0,1,20,1,52,1,54,1" doraHai="78" who="2" fromWho="2" sc="362,-22,226,-42,226,86,186,-22" /><INIT seed="2,0,0,0,3,40" ten="340,184,312,164" oya="2" hai0="47,31,0,99,14,107,21,59,39,82,128,91,45" hai1="122,110,77,92,90,52,35,86,119,3,120,129,11" hai2="46,87,104,127,134,116,81,133,100,94,93,6,115" hai3="103,98,43,24,2,66,49,101,111,84,33,69,79"/><V78/><F115/><W105/><G2/><T60/><D0/><U27/><E119/><V70/><F70/><W37/><G111/><T88/><D128/><U34/><E110/><V117/><F6/><W48/><G103/><T121/><D121/><N who="1" m="46699" /><E77/><V25/><F25/><W42/><G42/><T16/><D39/><U132/><E132/><N who="2" m="50795" /><F127/><W96/><G96/><T72/><D72/><U57/><E27/><V23/><F23/><W41/><G41/><T28/><D107/><U32/><E129/><V7/><F7/><W126/><G126/><T71/><D71/><U8/><E3/><V109/><F46/><N who="0" m="17418" /><D82/><U63/><AGARI ba="0,0" hai="8,11,32,34,35,52,57,63,86,90,92" m="46699" machi="63" ten="40,2700,0" yaku="13,1,54,1" doraHai="40" who="1" fromWho="1" sc="340,-7,184,27,312,-13,164,-7" /><INIT seed="3,0,0,1,4,68" ten="333,211,299,157" oya="3" hai0="74,69,97,2,39,76,33,106,101,98,130,1,92" hai1="15,125,61,60,25,96,53,102,21,13,30,64,81" hai2="16,14,8,122,113,117,105,88,133,112,5,118,91" hai3="72,90,100,47,63,34,83,51,89,57,0,108,22"/><W82/><G34/><T126/><D39/><U116/><E125/><V7/><F105/><W35/><G35/><T3/><D33/><U50/><E116/><V41/><F117/><W104/><G0/><T37/><D37/><U124/><E81/><V131/><F118/><W134/><G134/><T85/><D69/><U12/><E124/><V62/><F113/><W40/><G108/><T109/><D109/><U66/><E64/><V111/><F111/><W52/><G22/><T87/><D126/><U128/><E66/><V115/><F115/><W58/><G83/><T132/><D74/><U17/><E30/><V121/><F112/><W127/><G127/><T129/><D76/><U55/><E55/><V95/><F133/><W114/><G114/><T80/><D80/><U45/><REACH who="1" step="1"/><E128/><REACH who="1" ten="333,201,299,157" step="2"/><V123/><F131/><W23/><G23/><T71/><D132/><U26/><E26/><V44/><F62/><W135/><G135/><T11/><D130/><U67/><E67/><V29/><F29/><W65/><G72/><T20/><D129/><U99/><E99/><N who="2" m="57831" /><F91/><W36/><REACH who="3" step="1"/><G82/><REACH who="3" ten="333,201,299,147" step="2"/><T4/><D20/><U93/><AGARI ba="0,2" hai="12,13,15,17,21,25,45,50,53,60,61,93,96,102" machi="93" ten="30,4000,0" yaku="1,1,0,1,8,1,53,0" doraHai="68" doraHaiUra="73" who="1" fromWho="1" sc="333,-10,201,60,299,-10,147,-20" owari="323,42.3,261,-13.9,289,8.9,127,-37.3" /></mjloggm>