<mjloggm ver="2.3"><GO type="225" lobby="0"/><UN n0="%72%69%6F%75%63%68%61%6E" n1="%45%6C%79%73%69%75%6D" n2="%E8%81%B7%E6%A5%AD%E3%80%81%E9%A2%A8%32" n3="%E3%83%9D%E3%83%B3%E3%83%9D%E3%82%B3%E5%95%86%E4%BA%8B" dan="17,17,16,16" rate="2167.85,2087.69,2190.25,2105.67" sx="M,F,M,M"/><TAIKYOKU oya="0"/><INIT seed="0,0,0,4,5,25" ten="250,250,250,250" oya="0" hai0="59,78,0,44,96,110,11,15,10,54,2,93,98" hai1="20,116,82,47,52,64,49,5,32,95,58,19,28" hai2="134,8,61,88,17,113,14,121,23,118,104,125,26" hai3="85,101,36,123,132,75,41,51,111,1,76,22,48"/><T99/><D110/><U128/><E116/><V69/><F113/><W35/><G35/><T53/><D78/><U135/><E128/><V33/><F121/><W124/><G75/><T43/><D93/><U38/><E135/><V39/><F39/><W127/><G1/><T37/><D10/><U105/><E105/><V9/><F104/><W70/><G70/><T81/><D81/><U102/><E5/><V45/><F118/><W27/><G101/><T46/><D46/><U119/><E119/><V73/><F73/><W115/><G115/><T40/><D40/><U50/><E38/><V12/><F45/><N who="3" m="23719" /><G111/><T3/><REACH who="0" step="1"/><D59/><REACH who="0" ten="240,250,250,250" step="2"/><U68/><E68/><V74/><F69/><W108/><G108/><T91/><D91/><U72/><E72/><V114/><F88/><W65/><G123/><T103/><D103/><U84/><E95/><V62/><F74/><W131/><G131/><T94/><D94/><U90/><E102/><V57/><F57/><W16/><G132/><T60/><D60/><N who="1" m="37911" /><E90/><V117/><F134/><W86/><G76/><T30/><D30/><U34/><E28/><N who="2" m="19607" /><F117/><W126/><G65/><T56/><D56/><N who="1" m="32783" /><E82/><V87/><F114/><W55/><G51/><T71/><D71/><U21/><E84/><V42/><F87/><W106/><G106/><T133/><D133/><U109/><E109/><V112/><F112/><W80/><G80/><T18/><AGARI ba="0,1" hai="0,2,3,11,15,18,37,43,44,53,54,96,98,99" machi="18" ten="40,3900,0" yaku="1,1,0,1,53,0" doraHai="25" doraHaiUra="120" who="0" fromWho="0" sc="240,49,250,-13,250,-13,250,-13" /><INIT seed="0,1,0,0,2,18" ten="289,237,237,237" oya="0" hai0="93,44,59,50,108,33,86,49,67,74,26,112,99" hai1="120,87,51,22,69,88,85,53,115,23,13,37,117" hai2="6,106,114,123,129,133,4,16,105,91,110,127,96" hai3="0,52,66,119,2,56,79,89,101,94,20,48,111"/><T132/><D132/><U5/><E117/><V29/><F123/><W118/><G111/><T46/><D112/><U98/><E69/><V3/><F110/><W60/><G101/><N who="0" m="60655" /><D74/><U107/><E37/><V77/><F114/><W78/><G2/><T71/><D33/><U36/><E36/><V19/><F127/><W124/><G0/><T65/><D71/><U109/><E115/><V54/><F3/><W14/><G124/><T30/><D108/><U15/><E109/><V42/><F42/><W116/><G14/><N who="1" m="5130" /><E107/><V28/><F77/><W17/><G17/><T34/><D34/><U95/><E5/><V41/><F41/><W125/><G125/><T90/><D30/><U126/><E120/><V75/><F75/><W27/><G27/><T12/><D26/><U31/><E31/><V128/><F133/><W40/><G40/><N who="0" m="24711" /><D12/><U100/><E126/><V32/><F32/><W9/><G9/><T113/><D59/><N who="1" m="33215" /><E100/><V64/><F105/><W102/><G102/><T10/><D10/><U76/><E76/><V135/><F106/><W55/><G79/><T58/><D58/><U130/><E130/><V38/><F135/><W122/><G78/><T21/><D113/><U70/><E70/><V104/><F104/><W84/><G122/><T25/><D46/><U72/><E72/><V8/><F128/><W7/><G7/><T80/><D50/><U45/><E45/><V92/><F38/><W35/><G35/><T24/><D24/><U73/><E73/><V62/><F129/><W61/><G48/><T97/><D97/><U47/><E47/><V131/><F131/><RYUUKYOKU ba="1,0" sc="289,15,237,15,237,-15,237,-15" hai0="21,25,65,67,80,86,90" hai1="22,23,85,87,88,95,98" /><INIT seed="0,2,0,4,1,132" ten="304,252,222,222" oya="0" hai0="56,21,1,44,88,105,106,53,82,0,83,46,125" hai1="68,36,55,43,112,111,27,28,122,86,79,39,99" hai2="75,50,48,57,108,96,89,17,126,72,103,65,109" hai3="114,15,16,11,42,47,41,95,10,51,31,9,117"/><T119/><D125/><U6/><E122/><V3/><F3/><W23/><G114/><T94/><D119/><U121/><E121/><V71/><F126/><W26/><G117/><T100/><D106/><U74/><E112/><V124/><F124/><W34/><REACH who="3" step="1"/><G95/><REACH who="3" ten="304,252,222,212" step="2"/><T19/><D105/><U70/><E111/><V12/><F108/><W84/><G84/><N who="0" m="52487" /><D0/><U14/><E86/><V127/><F109/><W81/><G81/><N who="0" m="30731" /><D1/><U78/><E74/><V20/><F75/><W134/><G134/><T59/><D100/><U49/><E79/><V18/><F72/><W37/><G37/><T5/><D5/><U58/><E78/><V32/><F103/><W60/><G60/><N who="0" m="35855" /><D59/><U128/><E39/><V116/><F57/><W93/><G93/><T22/><D22/><U80/><E36/><V61/><F116/><W29/><G29/><T35/><D35/><U129/><E28/><V118/><F118/><W87/><G87/><T123/><D123/><U8/><E6/><V62/><F127/><W110/><G110/><T131/><D131/><U63/><E129/><V107/><F32/><W113/><G113/><T104/><D104/><U33/><E128/><V85/><F107/><W38/><G38/><T135/><D135/><U25/><E33/><V64/><F20/><W91/><G91/><T97/><D97/><U90/><E99/><V45/><F96/><W102/><G102/><T120/><D120/><U67/><E90/><V40/><F89/><W115/><G115/><T76/><D76/><U130/><E130/><V13/><F85/><W24/><G24/><AGARI ba="2,1" hai="19,21,24,44,46" m="35855,30731,52487" machi="24" ten="30,2900,0" yaku="8,1,54,1" doraHai="132" who="0" fromWho="3" sc="304,45,252,0,222,0,212,-35" /><INIT seed="0,3,0,1,2,64" ten="349,252,222,177" oya="0" hai0="91,50,90,3,110,33,113,131,99,29,88,122,58" hai1="126,103,32,43,21,71,27,49,36,22,78,75,97" hai2="17,61,108,105,25,79,116,104,133,55,37,4,9" hai3="8,40,84,0,80,48,115,44,2,135,83,111,34"/><T26/><D131/><U87/><E126/><V52/><F108/><W30/><G111/><T60/><D110/><U45/><E87/><V28/><F37/><W82/><G115/><T70/><D113/><U63/><E49/><V72/><F133/><W127/><G127/><T7/><D122/><U13/><E13/><V89/><F116/><W86/><G135/><T68/><D50/><U98/><E98/><V41/><F41/><W134/><G134/><T67/><REACH who="0" step="1"/><D99/><REACH who="0" ten="339,252,222,177" step="2"/><U35/><E36/><V125/><F125/><W81/><G86/><T62/><D62/><U47/><E63/><V130/><F61/><W23/><G84/><T51/><D51/><U69/><E97/><V54/><F130/><W24/><N who="3" m="20480" /><DORA hai="107" /><W15/><REACH who="3" step="1"/><G34/><REACH who="3" ten="339,252,222,167" step="2"/><T42/><D42/><U16/><E43/><V117/><F72/><W6/><AGARI ba="3,2" hai="0,2,6,8,15,23,24,30,40,44,48" m="20480" machi="6" ten="40,5200,0" yaku="1,1,2,1,0,1,53,0" doraHai="64,107" doraHaiUra="73,12" who="3" fromWho="3" sc="339,-29,252,-16,222,-16,167,81" /><INIT seed="1,0,0,5,1,56" ten="310,236,206,248" oya="1" hai0="79,131,52,38,59,1,76,22,80,28,68,10,87" hai1="4,50,64,97,106,58,96,85,2,108,43,83,78" hai2="104,39,0,63,126,3,127,66,61,20,15,47,69" hai3="116,89,73,70,91,16,30,18,57,67,82,117,36"/><U86/><E108/><V17/><F104/><W92/><G70/><T5/><D68/><U45/><E106/><V112/><F112/><W110/><G36/><T51/><D131/><U122/><E122/><V77/><F77/><W135/><G30/><T42/><D79/><U44/><E44/><V65/><F39/><W14/><G110/><T60/><D38/><U90/><E2/><V101/><F47/><W103/><G103/><T95/><D95/><U32/><E32/><V132/><F101/><W41/><G41/><T124/><D124/><N who="2" m="47658" /><F132/><W125/><G125/><T98/><D98/><U11/><E4/><V7/><F7/><W75/><G18/><T19/><D28/><U21/><E11/><V46/><F46/><W123/><G82/><T134/><D42/><U119/><E21/><V48/><F48/><W130/><G91/><T49/><REACH who="0" step="1"/><D134/><REACH who="0" ten="300,236,206,248" step="2"/><U55/><E43/><V54/><F54/><W81/><G130/><T72/><D72/><U74/><E74/><V53/><F53/><W113/><G135/><T62/><D62/><U34/><E55/><V94/><F94/><W129/><G129/><T71/><D71/><AGARI ba="0,1" hai="0,3,15,17,20,61,63,65,66,69,71" m="47658" machi="71" ten="30,3900,0" yaku="18,1,52,2" doraHai="56" who="2" fromWho="0" sc="300,-39,236,0,206,49,248,0" /><INIT seed="2,0,0,0,3,128" ten="261,236,255,248" oya="2" hai0="104,65,51,117,66,22,48,24,38,62,37,108,19" hai1="101,15,58,30,42,103,56,36,14,111,85,127,12" hai2="64,26,17,86,112,10,53,68,13,96,100,2,54" hai3="114,75,79,21,34,0,131,29,16,134,135,124,50"/><V106/><F112/><W76/><G131/><T95/><D104/><U118/><E118/><V94/><F2/><W18/><G114/><T83/><D117/><U32/><E111/><V33/><F86/><W71/><G124/><T89/><D108/><U39/><E127/><V81/><F94/><W92/><G71/><T63/><D83/><U67/><E85/><V46/><F46/><W5/><G75/><T120/><D120/><U119/><E119/><V78/><F81/><W23/><G92/><T123/><D123/><U40/><E32/><V25/><F25/><N who="3" m="18735" /><G50/><N who="0" m="18987" /><D37/><N who="1" m="14411" /><E67/><N who="0" m="25609" /><D38/><U49/><E30/><V8/><F8/><N who="3" m="2087" /><G79/><T7/><D7/><U130/><E49/><V98/><F78/><W115/><G76/><T57/><D57/><N who="1" m="22123" /><E130/><V59/><F59/><W44/><G44/><T107/><D107/><U74/><E74/><V28/><REACH who="2" step="1"/><F98/><AGARI ba="0,0" hai="19,22,24,62,63,89,95,98" m="25609,18987" machi="98" ten="30,1000,0" yaku="8,1" doraHai="128" who="0" fromWho="2" sc="261,10,236,0,255,-10,248,0" /><INIT seed="3,0,0,4,4,110" ten="271,236,245,248" oya="3" hai0="24,93,109,71,46,135,70,118,87,44,30,133,80" hai1="65,112,95,13,64,83,122,8,116,117,19,120,102" hai2="53,128,79,69,33,1,45,57,26,100,134,85,5" hai3="121,82,115,56,15,58,39,111,99,36,92,126,73"/><W104/><G115/><T74/><D109/><U0/><E0/><V90/><F69/><N who="0" m="26122" /><D93/><U124/><E124/><V16/><F128/><W131/><G121/><N who="1" m="46698" /><E83/><V72/><F134/><N who="0" m="51210" /><D118/><N who="1" m="45675" /><E112/><V12/><F100/><W123/><G111/><T89/><D74/><U63/><E63/><V101/><F101/><W10/><G104/><T106/><D106/><U55/><E55/><V129/><F72/><W86/><G73/><T4/><D4/><U114/><E114/><V94/><F5/><W48/><G123/><T49/><D49/><U68/><E68/><V23/><F129/><W35/><G35/><AGARI ba="0,0" hai="24,30,35,44,46,80,87,89" m="51210,26122" machi="35" ten="30,1000,0" yaku="20,1" doraHai="110" who="0" fromWho="3" sc="271,10,236,0,245,0,248,-10" /><INIT seed="4,0,0,0,0,26" ten="281,236,245,238" oya="0" hai0="73,32,82,131,54,89,81,15,42,111,101,9,31" hai1="97,49,106,34,52,126,135,16,79,110,27,104,20" hai2="53,108,105,118,62,58,7,14,86,50,70,125,67" hai3="19,132,64,4,100,1,24,98,109,37,72,3,134"/><T83/><D131/><U56/><E110/><V55/><F108/><W99/><G109/><T63/><D111/><U76/><E126/><V10/><F105/><W5/><G72/><T130/><D130/><U12/><E135/><N who="3" m="51754" /><G37/><T129/><D129/><U74/><E74/><V95/><F125/><W117/><G64/><T78/><D101/><U33/><E33/><V80/><F118/><W124/><G124/><T57/><D42/><U77/><REACH who="1" step="1"/><E97/><REACH who="1" ten="281,226,245,238" step="2"/><N who="3" m="36874" /><G100/><T120/><D73/><U115/><E115/><V61/><F95/><W60/><G117/><T123/><D83/><U103/><E103/><V94/><F94/><W85/><G85/><T96/><D82/><U84/><E84/><V127/><F127/><W25/><G60/><T45/><D81/><U17/><E17/><V47/><F80/><W88/><G88/><T21/><D89/><U40/><E40/><V66/><F86/><W39/><G19/><T46/><D96/><U128/><E128/><V133/><F133/><W36/><G5/><T44/><D78/><U92/><E92/><V11/><F62/><W30/><G4/><N who="0" m="3495" /><D32/><U8/><E8/><V41/><F11/><W122/><G122/><T48/><D123/><U59/><E59/><V119/><F119/><W87/><G87/><T90/><D120/><U75/><E75/><V114/><F114/><W28/><G39/><T6/><D90/><U71/><E71/><V38/><F70/><W112/><G36/><T69/><D6/><U91/><E91/><V35/><F35/><N who="3" m="20871" /><G112/><T43/><D69/><U2/><E2/><V22/><F22/><AGARI ba="0,1" hai="1,3,22,25,30" m="20871,36874,51754" machi="22" ten="30,3900,0" yaku="20,1,52,2" doraHai="26" who="3" fromWho="2" sc="281,0,226,0,245,-39,238,49" /><INIT seed="5,0,0,4,3,47" ten="281,226,206,287" oya="1" hai0="69,8,77,122,2,0,56,22,9,63,46,45,51" hai1="85,14,84,75,70,73,71,49,64,105,23,128,127" hai2="12,113,99,79,29,26,68,43,65,17,35,107,30" hai3="16,98,66,21,94,41,103,76,31,108,61,130,58"/><U52/><E105/><V110/><F113/><W112/><G112/><T88/><D69/><U83/><E128/><V132/><F110/><W125/><G108/><T48/><D77/><U6/><E127/><V34/><F132/><W4/><G125/><T126/><D126/><U39/><E39/><V109/><F109/><W120/><G120/><T60/><D122/><U3/><E3/><V15/><F79/><W116/><G116/><T19/><D88/><U121/><E121/><V67/><F43/><W55/><G41/><N who="0" m="24623" /><D0/><U92/><E92/><V134/><F134/><W5/><G130/><T13/><D2/><U87/><E64/><V38/><F38/><W101/><G76/><T7/><D7/><N who="3" m="2633" /><G31/><T11/><D56/><U62/><E71/><V53/><F30/><W10/><G10/><T86/><D86/><U44/><E70/><V18/><F35/><W54/><G103/><T80/><D80/><U117/><E117/><V93/><F107/><W37/><G37/><T25/><D13/><AGARI ba="0,0" hai="13,16,21,54,55,58,61,66,94,98,101" m="2633" machi="13" ten="30,2000,0" yaku="8,1,54,1" doraHai="47" who="3" fromWho="0" sc="281,-20,226,0,206,0,287,20" owari="261,6.1,226,-17.4,206,-29.4,307,40.7" /></mjloggm>