<mjloggm ver="2.3"><GO type="225" lobby="0"/><UN n0="%E3%81%88%E3%81%8C%E3%82%8F%E3%82%8A%E3%81%8A" n1="%EF%BC%81%E3%81%BC%E3%81%9F%E3%82%82%E3%81%A1%EF%BC%81" n2="%E3%81%95%E3%81%8D%E3%81%9F%E3%81%BE%E6%9E%97%E6%AA%8E" n3="%E3%81%A1%E3%82%85%E3%81%86%E3%81%A9%E3%81%8F%E8%B1%A1%E3%81%95%E3%82%93" dan="16,16,16,16" rate="2092.31,2144.23,2107.85,2156.51" sx="M,M,M,M"/><TAIKYOKU oya="0"/><INIT seed="0,0,0,1,4,5" ten="250,250,250,250" oya="0" hai0="28,23,13,108,103,87,34,71,126,2,90,95,0" hai1="73,62,52,134,96,55,66,107,67,106,82,92,33" hai2="76,15,114,77,130,29,69,64,121,59,20,10,118" hai3="129,41,12,79,122,110,7,81,123,11,72,56,27"/><T88/><D71/><U9/><E33/><V22/><F114/><W128/><G41/><T115/><D115/><U50/><E134/><V4/><F118/><W47/><G47/><T42/><D103/><U131/><E131/><N who="3" m="50250" /><G56/><T8/><D126/><U89/><E67/><V1/><F130/><W85/><G110/><T43/><D108/><U109/><E109/><V58/><F69/><W97/><G97/><T17/><D34/><U83/><E55/><V44/><F121/><N who="3" m="46091" /><G27/><T30/><D0/><U102/><E73/><AGARI ba="0,0" hai="7,11,12,72,73,79,81,85" m="46091,50250" machi="73" ten="30,3900,0" yaku="19,1,13,1,52,1" doraHai="5" who="3" fromWho="1" sc="250,0,250,-39,250,0,250,39" /><INIT seed="1,0,0,4,4,25" ten="250,211,250,289" oya="1" hai0="109,50,0,65,54,19,124,68,127,92,132,118,90" hai1="60,107,131,98,87,7,39,115,113,97,62,123,42" hai2="122,17,21,49,10,53,59,86,52,23,128,79,29" hai3="63,64,71,46,14,89,126,27,35,106,76,4,3"/><U37/><E7/><V28/><F128/><W11/><G106/><T38/><D118/><U134/><E107/><V95/><F122/><W20/><G76/><T61/><D0/><U22/><E42/><V51/><F10/><W70/><G126/><T69/><D69/><U56/><E87/><V129/><F129/><W43/><G35/><T130/><D130/><U36/><E131/><V117/><F117/><W31/><G89/><T100/><D100/><U26/><E123/><V73/><F73/><W111/><G111/><T13/><D38/><U88/><E134/><V6/><F6/><W112/><G112/><T105/><D105/><U1/><E1/><V102/><F23/><W94/><G94/><T33/><D33/><U44/><E44/><V78/><F102/><W114/><G114/><T34/><D34/><U93/><E98/><V99/><F99/><W77/><G77/><N who="2" m="29193" /><F95/><W40/><G40/><T81/><D81/><U103/><E103/><V66/><F66/><W75/><G75/><T85/><D109/><U91/><E91/><V15/><F86/><W9/><G9/><T45/><REACH who="0" step="1"/><D132/><REACH who="0" ten="240,211,250,289" step="2"/><U125/><E125/><V108/><F108/><W5/><G71/><T83/><D83/><U47/><E115/><V133/><F133/><W12/><G3/><T8/><AGARI ba="0,1" hai="8,13,19,45,50,54,61,65,68,85,90,92,124,127" machi="8" ten="30,2000,0" yaku="1,1,0,1,53,0" doraHai="25" doraHaiUra="30" who="0" fromWho="0" sc="240,30,211,-10,250,-5,289,-5" /><INIT seed="2,0,0,3,4,6" ten="270,201,245,284" oya="2" hai0="23,82,41,117,107,27,95,134,80,67,52,124,21" hai1="129,34,69,104,125,127,94,105,115,13,7,132,16" hai2="99,121,110,106,32,135,113,79,12,84,35,126,29" hai3="37,74,64,40,31,130,75,53,49,92,33,61,98"/><V45/><F113/><W71/><G130/><T48/><D107/><U77/><E115/><V38/><F121/><W70/><G70/><T128/><D128/><U85/><E129/><V18/><F135/><W0/><G0/><T24/><D124/><N who="1" m="47691" /><E69/><V57/><F126/><W54/><G54/><T88/><D134/><U44/><E132/><V86/><F57/><N who="3" m="32943" /><G31/><N who="0" m="17807" /><D41/><U101/><E34/><V25/><F35/><W72/><G33/><T102/><D102/><U9/><E44/><V8/><F79/><W43/><G43/><T87/><D67/><U112/><E112/><V91/><F110/><W97/><G92/><T133/><D117/><U81/><E7/><V63/><F63/><W1/><G1/><T10/><D10/><U14/><E14/><V78/><F78/><W122/><G122/><T83/><D133/><U109/><E109/><V51/><F38/><W114/><G114/><T11/><D11/><U58/><E58/><V5/><F5/><W89/><G89/><T46/><D95/><U15/><E15/><V118/><F118/><W62/><G62/><T103/><D103/><U22/><E22/><N who="2" m="15543" /><F106/><W30/><G30/><AGARI ba="0,0" hai="23,27,30,46,48,52,80,82,83,87,88" m="17807" machi="30" ten="30,3900,0" yaku="8,1,54,2" doraHai="6" who="0" fromWho="3" sc="270,39,201,0,245,0,284,-39" /><INIT seed="3,0,0,0,2,28" ten="309,201,245,245" oya="3" hai0="12,114,113,55,62,126,42,61,31,109,19,49,51" hai1="41,53,75,107,10,39,44,36,66,83,60,128,133" hai2="88,135,117,5,127,38,69,71,37,21,74,63,131" hai3="98,129,25,45,132,79,50,81,7,1,9,35,120"/><W8/><G120/><T14/><D109/><U17/><E107/><V15/><F117/><W23/><G129/><T22/><D31/><U124/><E133/><V56/><F74/><W115/><G115/><N who="0" m="44043" /><D126/><U80/><E128/><V82/><F135/><W72/><G132/><T54/><D42/><U76/><E124/><V123/><F127/><W73/><G8/><T104/><D12/><U97/><E97/><V94/><F131/><W85/><G98/><T6/><D6/><U101/><E101/><V91/><F123/><W106/><G106/><T24/><D14/><U102/><E102/><V33/><F33/><W32/><G73/><T134/><D104/><U20/><E53/><N who="0" m="19977" /><D134/><U125/><E125/><V43/><F15/><W99/><G99/><T67/><D61/><U111/><E111/><V92/><F43/><W89/><G89/><T87/><D87/><U64/><E39/><V29/><F91/><W70/><G70/><AGARI ba="0,0" hai="19,22,24,49,51,62,67,70" m="19977,44043" machi="70" ten="30,1000,0" yaku="11,1" doraHai="28" who="0" fromWho="3" sc="309,10,201,0,245,0,245,-10" owari="319,41.9,201,-29.9,245,4.5,235,-16.5" /></mjloggm>