<mjloggm ver="2.3"><GO type="225" lobby="0"/><UN n0="%E7%89%B9%E6%9D%B1%E3%81%AF%E4%B8%96%E7%95%8C%E3%82%92%E6%95%91%E3%81%86" n1="%E3%82%BC%E3%83%AB%E3%83%80%E3%81%AE%E4%BC%9D%E8%AA%AC" n2="%72%69%6F%75%63%68%61%6E" n3="%E5%87%BA%E6%B0%B4" dan="16,17,17,16" rate="2104.31,2247.35,2269.94,2069.25" sx="M,M,M,F"/><TAIKYOKU oya="0"/><INIT seed="0,0,0,1,1,61" ten="250,250,250,250" oya="0" hai0="115,33,101,43,21,23,109,66,122,59,63,131,71" hai1="31,135,24,53,104,98,118,16,95,5,11,1,89" hai2="84,4,86,133,18,52,124,103,51,35,34,110,93" hai3="82,37,41,13,105,117,57,114,67,113,54,22,75"/><T85/><D115/><U0/><E118/><V87/><F110/><W90/><G117/><T83/><D122/><U46/><E135/><V69/><F124/><W26/><G105/><T56/><D33/><U78/><E78/><V68/><F133/><W27/><G75/><T123/><D123/><U111/><E111/><V127/><F127/><W72/><G72/><T108/><D131/><U64/><E104/><V15/><F4/><W60/><G37/><T112/><D112/><U10/><E64/><V107/><F107/><W116/><G116/><T25/><D101/><U100/><E89/><V62/><F69/><W119/><G41/><T97/><D97/><U81/><E81/><V32/><F68/><W102/><G102/><T126/><D43/><U29/><E1/><V39/><F62/><W38/><G38/><T106/><D106/><U99/><E99/><V80/><F39/><W12/><G119/><T96/><D96/><U20/><REACH who="1" step="1"/><E11/><REACH who="1" ten="250,240,250,250" step="2"/><V49/><F103/><W91/><G114/><T42/><D126/><U79/><E79/><V70/><F70/><W7/><G113/><T55/><D71/><U134/><E134/><V125/><F125/><W28/><G82/><T40/><D109/><U50/><AGARI ba="0,1" hai="0,5,10,16,20,24,29,31,46,50,53,95,98,100" machi="50" ten="30,4000,0" yaku="1,1,0,1,54,1,53,0" doraHai="61" doraHaiUra="73" who="1" fromWho="1" sc="250,-20,240,50,250,-10,250,-10" /><INIT seed="1,0,0,0,0,2" ten="230,290,240,240" oya="1" hai0="19,135,102,73,103,113,116,95,81,44,11,0,36" hai1="38,91,80,24,79,129,100,128,84,35,22,76,106" hai2="97,57,117,55,17,48,58,21,14,50,92,109,45" hai3="123,105,4,126,10,52,87,104,20,3,56,86,124"/><U115/><E38/><V125/><F109/><W27/><G123/><T78/><D113/><U46/><E35/><V101/><F125/><N who="3" m="48235" /><G105/><T122/><D116/><U42/><E115/><V130/><F130/><N who="1" m="50281" /><E100/><V30/><F117/><W65/><G65/><T71/><D122/><U127/><E106/><V23/><REACH who="2" step="1"/><F48/><REACH who="2" ten="230,290,230,240" step="2"/><N who="3" m="30727" /><G104/><T15/><D36/><N who="1" m="21831" /><E127/><V90/><F90/><W6/><G6/><T114/><D114/><U26/><E26/><AGARI ba="0,1" hai="14,17,21,23,26,30,45,50,55,57,58,92,97,101" machi="26" ten="40,2600,0" yaku="1,1,8,1,53,0" doraHai="2" doraHaiUra="67" who="2" fromWho="1" sc="230,0,290,-26,230,36,240,0" /><INIT seed="2,0,0,4,1,30" ten="230,264,266,240" oya="2" hai0="26,104,105,80,130,115,27,14,74,43,10,131,100" hai1="53,35,50,127,23,112,66,91,114,117,82,113,6" hai2="25,89,39,47,90,129,33,123,84,83,86,12,41" hai3="81,107,44,70,92,38,54,99,15,36,3,28,96"/><V87/><F129/><N who="0" m="49162" /><D115/><U58/><E117/><V124/><F124/><W88/><G3/><T9/><D43/><U134/><E127/><V69/><F123/><W132/><G132/><T52/><D100/><U19/><E134/><V11/><F69/><W109/><G70/><T120/><D120/><U7/><E35/><V76/><F25/><N who="0" m="9226" /><D52/><U46/><E66/><V72/><REACH who="2" step="1"/><F33/><REACH who="2" ten="230,264,256,240" step="2"/><W17/><G36/><T55/><D55/><U61/><E53/><V128/><F128/><W64/><G38/><T32/><D32/><U56/><E112/><V133/><F133/><W110/><G64/><T16/><D10/><U40/><E113/><V22/><F22/><W20/><G54/><T51/><D51/><U42/><E50/><V122/><F122/><W98/><G44/><T77/><AGARI ba="0,1" hai="9,14,16,74,77,80,104,105" m="9226,49162" machi="77" ten="30,2000,0" yaku="19,1,54,1" doraHai="30" who="0" fromWho="0" sc="230,30,264,-5,256,-10,240,-5" /><INIT seed="3,0,0,5,0,106" ten="260,259,246,235" oya="3" hai0="68,9,134,104,46,36,132,87,1,40,67,108,12" hai1="100,32,22,102,61,92,0,41,44,74,128,20,19" hai2="33,6,34,53,78,110,95,7,4,123,94,116,31" hai3="86,2,93,37,135,101,127,84,129,60,49,11,79"/><W131/><G37/><T43/><D108/><U125/><E32/><V64/><F110/><W26/><G135/><T109/><D109/><U59/><E0/><V85/><F116/><W97/><G127/><T39/><D104/><U113/><E113/><V5/><F123/><W23/><G49/><T30/><D30/><U48/><E125/><V8/><F64/><W130/><G60/><N who="0" m="40039" /><D87/><U121/><E128/><V54/><F31/><N who="3" m="17887" /><G79/><T96/><D96/><U77/><E121/><V70/><F70/><W24/><G24/><T50/><D12/><U111/><E111/><V72/><F33/><W14/><G2/><T18/><D18/><AGARI ba="0,0" hai="11,14,18,84,86,93,97,101,129,130,131" m="17887" machi="18" ten="30,1500,0" yaku="19,1" doraHai="106" who="3" fromWho="0" sc="260,-15,259,0,246,0,235,15" /><INIT seed="3,1,0,5,5,11" ten="245,259,246,250" oya="3" hai0="19,91,28,73,0,40,49,117,109,80,94,60,129" hai1="126,77,56,67,41,64,5,104,61,54,102,106,30" hai2="43,31,1,59,48,87,72,93,42,32,69,135,71" hai3="130,121,18,115,38,13,3,46,24,132,36,22,81"/><W33/><G115/><T112/><D117/><U57/><E126/><V63/><F72/><W101/><G121/><T118/><D118/><U35/><E77/><V95/><F135/><W6/><G132/><T98/><D0/><U34/><E41/><V124/><F124/><W10/><G130/><T133/><D133/><U108/><E108/><V55/><F1/><W103/><G81/><T85/><D73/><U58/><E5/><V51/><F31/><N who="3" m="19687" /><G46/><T78/><D109/><U70/><E67/><N who="2" m="39423" /><F32/><W122/><G122/><T62/><D129/><U45/><E35/><V47/><F87/><W107/><G107/><T37/><D37/><AGARI ba="1,0" hai="3,6,10,13,18,22,36,37,38,101,103" m="19687" machi="37" ten="30,2900,0" yaku="24,1,52,1" doraHai="11" who="3" fromWho="0" sc="245,-32,259,0,246,0,250,32" /><INIT seed="3,2,0,0,1,8" ten="213,259,246,282" oya="3" hai0="120,135,27,28,95,108,35,65,123,14,6,88,130" hai1="51,86,116,53,20,91,68,79,75,17,0,117,34" hai2="16,82,110,107,32,62,54,77,83,133,26,104,69" hai3="81,115,33,2,49,60,100,128,41,92,124,98,121"/><W21/><G115/><T78/><D108/><U84/><E34/><V24/><F133/><W113/><G113/><T22/><D135/><U11/><E68/><V37/><F110/><W47/><G33/><T7/><D130/><U50/><E75/><V46/><F83/><W131/><G121/><T132/><D132/><U5/><E79/><V122/><F122/><W58/><G2/><T15/><D78/><U13/><E51/><V39/><F24/><W40/><G124/><T99/><D65/><U9/><E9/><V90/><F90/><W3/><G3/><T71/><D71/><U118/><REACH who="1" step="1"/><E91/><REACH who="1" ten="213,249,246,282" step="2"/><V101/><F32/><W43/><G131/><T4/><REACH who="0" step="1"/><D15/><REACH who="0" ten="203,249,246,282" step="2"/><U19/><E19/><AGARI ba="2,2" hai="4,6,7,14,19,22,27,28,35,88,95,99,120,123" machi="19" ten="40,8000,1" yaku="1,1,2,1,52,1,54,1,53,0" doraHai="8" doraHaiUra="70" who="0" fromWho="1" sc="203,106,249,-86,246,0,282,0" owari="309,40.9,163,-33.7,246,-15.4,282,8.2" /></mjloggm>