<mjloggm ver="2.3"><GO type="225" lobby="0"/><UN n0="%E5%8D%A0%E3%81%84%E5%B8%AB%E8%A3%8F%E3%81%AA%E3%81%84%E3%81%97" n1="%72%69%6F%75%63%68%61%6E" n2="%E3%81%82%E3%81%99%E3%81%AB%E3%82%83%E3%82%80" n3="%E6%81%A5%E6%99%92%E3%81%97" dan="17,16,16,16" rate="2197.59,2179.88,2141.46,2116.51" sx="M,M,F,M"/><TAIKYOKU oya="0"/><INIT seed="0,0,0,0,4,48" ten="250,250,250,250" oya="0" hai0="31,8,9,11,36,73,14,98,96,12,65,88,51" hai1="16,20,115,37,40,42,118,92,128,4,33,129,66" hai2="117,95,23,60,50,127,108,32,27,61,22,55,69" hai3="34,125,52,123,47,68,18,83,58,122,15,49,72"/><T29/><D36/><U77/><E118/><V70/><F108/><W124/><G34/><T28/><D73/><U81/><E33/><V121/><F117/><W134/><G134/><T64/><D51/><U13/><E115/><V53/><F121/><N who="3" m="46091" /><G68/><T17/><D88/><U0/><E66/><N who="0" m="25705" /><D17/><U25/><E92/><V26/><F95/><W97/><G97/><AGARI ba="0,0" hai="8,9,11,12,14,28,29,31,96,97,98" m="25705" machi="97" ten="40,7700,0" yaku="28,2,8,1" doraHai="48" who="0" fromWho="3" sc="250,77,250,0,250,0,250,-77" /><INIT seed="0,1,0,1,5,38" ten="327,250,250,173" oya="0" hai0="31,108,113,18,88,112,128,50,129,133,103,44,127" hai1="67,12,70,104,77,99,0,22,118,80,20,9,63" hai2="82,51,73,5,72,110,111,79,48,132,46,47,71" hai3="11,93,64,109,134,29,61,16,52,4,30,92,87"/><T95/><D31/><U69/><E118/><V114/><F71/><W1/><G109/><N who="2" m="41481" /><F114/><W120/><G134/><T131/><D108/><U65/><E0/><V53/><F5/><W135/><G135/><T36/><D133/><U96/><E104/><V55/><F132/><W130/><G130/><T100/><D36/><U116/><E116/><V27/><F27/><W45/><G120/><T43/><D18/><U117/><E117/><V94/><F94/><W24/><G64/><T26/><D26/><U57/><E70/><V74/><AGARI ba="1,0" hai="46,47,48,51,53,55,72,73,74,79,82" m="41481" machi="74" ten="30,1100,0" yaku="14,1" doraHai="38" who="2" fromWho="2" sc="327,-6,250,-4,250,14,173,-4" /><INIT seed="1,0,0,4,4,124" ten="321,246,264,169" oya="1" hai0="97,8,17,6,26,32,93,16,112,106,66,82,18" hai1="39,57,34,121,11,95,59,28,75,14,116,48,12" hai2="108,111,122,29,68,132,133,117,127,103,128,70,74" hai3="31,40,90,47,83,44,43,118,96,56,13,126,20"/><U77/><E116/><V25/><F127/><W120/><G126/><T27/><D112/><U134/><E121/><V84/><F117/><W102/><G120/><T85/><D106/><U61/><E39/><V24/><F122/><W64/><G118/><T130/><D66/><U4/><E134/><N who="2" m="51819" /><F84/><W62/><G102/><T67/><D67/><U19/><E34/><V2/><F2/><W7/><G7/><T72/><D72/><U104/><E104/><V65/><F74/><W33/><G33/><T5/><D130/><U1/><E28/><V100/><F128/><W119/><G119/><T86/><D32/><U129/><E129/><V50/><F50/><W9/><G9/><T54/><D54/><N who="1" m="31943" /><E75/><V125/><F125/><W79/><G79/><N who="0" m="46303" /><D86/><U38/><E38/><V76/><F76/><W21/><G83/><T110/><D110/><N who="2" m="42026" /><F65/><W107/><G107/><T80/><D80/><U71/><E1/><V91/><F91/><W131/><G131/><T123/><D123/><U23/><E77/><V10/><F10/><W53/><G90/><N who="0" m="55479" /><D8/><U109/><E109/><V51/><F29/><W78/><G78/><T35/><D35/><U81/><E81/><V115/><F115/><W114/><G114/><T3/><D3/><U113/><E113/><V15/><F100/><W45/><G96/><T92/><D92/><U0/><E95/><V101/><F68/><W60/><G31/><T73/><D73/><U49/><E71/><V99/><F70/><N who="3" m="42247" /><G21/><T87/><D87/><U22/><E49/><V30/><F51/><W36/><G36/><T63/><D63/><U52/><E22/><RYUUKYOKU ba="0,0" sc="321,10,246,10,264,-30,169,10" hai0="5,6,16,17,18,26,27" hai1="0,4,11,12,14,19,23,52,59,61" hai3="13,20,40,43,44,45,47,53,56,62" /><INIT seed="1,1,0,3,4,69" ten="331,256,234,179" oya="1" hai0="67,83,116,23,1,127,120,47,98,105,122,58,131" hai1="22,63,49,79,135,12,110,34,92,2,109,104,40" hai2="57,64,32,53,6,42,16,46,121,111,123,113,84" hai3="59,74,129,130,35,0,21,128,112,38,28,91,134"/><U62/><E135/><V55/><F32/><W107/><G112/><T95/><D116/><U73/><E104/><V20/><F111/><N who="1" m="42505" /><E34/><V8/><F113/><W14/><G134/><T133/><D105/><U65/><E2/><V29/><F29/><W94/><G74/><T7/><D131/><N who="3" m="33537" /><W125/><DORA hai="15" /><G125/><T19/><D127/><U70/><E92/><V51/><F84/><W17/><G107/><T106/><D106/><U26/><E12/><N who="2" m="5143" /><F123/><W75/><G75/><T3/><D3/><U4/><E4/><V13/><F121/><W90/><G0/><T102/><D7/><U78/><E73/><V5/><F5/><W71/><G71/><T43/><D1/><U44/><E62/><AGARI ba="1,0" hai="13,16,20,42,46,51,53,55,57,62,64" m="5143" machi="62" ten="30,3900,0" yaku="8,1,52,1,54,1" doraHai="69,15" who="2" fromWho="1" sc="331,0,256,-42,234,42,179,0" /><INIT seed="2,0,0,2,4,135" ten="331,214,276,179" oya="2" hai0="2,103,66,70,122,47,131,14,3,128,65,38,33" hai1="73,76,48,64,30,1,23,22,107,102,61,55,67" hai2="6,125,113,72,124,89,15,132,56,74,46,0,50" hai3="120,25,20,41,96,26,11,112,31,5,36,101,54"/><V127/><F132/><W98/><G120/><T12/><D122/><U17/><E1/><V75/><F113/><W42/><G112/><T8/><D33/><U110/><E110/><V77/><F0/><W40/><G36/><T13/><D103/><U43/><E73/><V35/><F35/><W97/><G54/><T111/><D111/><U94/><E107/><V24/><F24/><W78/><G78/><T34/><D34/><U7/><E76/><V62/><F89/><W39/><G39/><T28/><D28/><U18/><E7/><V19/><F6/><W58/><G58/><T114/><D114/><U86/><E30/><V16/><F15/><W71/><G71/><T32/><D32/><U82/><E43/><N who="2" m="24927" /><F77/><W29/><G11/><T37/><D13/><N who="1" m="9519" /><E61/><V88/><F88/><W69/><G69/><T123/><D70/><U93/><E82/><V91/><F91/><W51/><G5/><T4/><D4/><U81/><E81/><V126/><F126/><W27/><G51/><T130/><D130/><U79/><E79/><V106/><F106/><W109/><G109/><T116/><D123/><U53/><E86/><V134/><F134/><W104/><G20/><T95/><D8/><U87/><E87/><V9/><F9/><W108/><G108/><T84/><D84/><U117/><E117/><V119/><F119/><W105/><G101/><T21/><D21/><U99/><E94/><V63/><F63/><W10/><G10/><T45/><D116/><U83/><E83/><V115/><F115/><W68/><G68/><T133/><D133/><U80/><E102/><RYUUKYOKU ba="0,0" sc="331,10,214,-30,276,10,179,10" hai0="2,3,12,14,37,38,45,47,65,66,95,128,131" hai2="16,19,56,62,72,74,75,124,125,127" hai3="25,26,27,29,31,40,41,42,96,97,98,104,105" /><INIT seed="2,1,0,0,4,71" ten="341,184,286,189" oya="2" hai0="117,127,102,3,14,70,97,9,73,108,135,91,82" hai1="44,6,26,87,81,62,77,20,128,79,43,34,50" hai2="31,54,40,105,5,58,13,21,37,124,57,74,63" hai3="94,60,4,48,19,52,18,42,98,55,35,51,90"/><V12/><F74/><W122/><G122/><T104/><D108/><U46/><E128/><V118/><F105/><W29/><G60/><T8/><D127/><U2/><E34/><V112/><F118/><W121/><G121/><T133/><D117/><U24/><E62/><V53/><F112/><W120/><G120/><T66/><D3/><U68/><E68/><V106/><F106/><W25/><G42/><T126/><D126/><U30/><E2/><V89/><F124/><W33/><G33/><T83/><D8/><U76/><E6/><V96/><F5/><W11/><G51/><T125/><D125/><U100/><E100/><V130/><F130/><W32/><G32/><T15/><D15/><U93/><E93/><N who="2" m="56367" /><F37/><W116/><G116/><T23/><D23/><U65/><E65/><V1/><F40/><W95/><G95/><T85/><D66/><U129/><E129/><V86/><F1/><W36/><G36/><T80/><D70/><U88/><E44/><V109/><F109/><W132/><G132/><N who="0" m="50763" /><D73/><U103/><E103/><V59/><F59/><W64/><G64/><T78/><D91/><U27/><AGARI ba="1,0" hai="20,24,26,27,30,43,46,50,76,77,79,81,87,88" machi="27" ten="30,4000,0" yaku="0,1,8,1,54,1" doraHai="71" who="1" fromWho="1" sc="341,-11,184,43,286,-21,189,-11" /><INIT seed="3,0,0,2,2,18" ten="330,227,265,178" oya="3" hai0="119,24,104,103,90,3,135,116,85,68,84,64,61" hai1="74,28,23,60,7,131,36,124,63,49,57,29,65" hai2="118,130,62,120,111,50,92,82,22,87,88,55,25" hai3="126,89,77,123,94,20,99,100,19,102,44,4,134"/><W40/><G126/><T95/><D3/><U13/><E74/><V34/><F118/><W16/><G134/><T52/><D135/><U108/><E36/><V67/><F111/><W109/><G123/><T112/><D112/><U11/><E108/><V17/><F34/><W93/><G109/><T69/><D69/><U98/><E131/><V48/><F130/><W96/><G77/><T51/><D84/><U110/><E110/><V42/><F42/><W121/><G4/><T35/><D104/><U129/><E129/><V33/><F33/><W30/><G121/><T59/><D103/><U106/><E124/><V73/><F120/><W105/><G30/><T56/><D35/><U113/><E113/><V125/><F125/><W78/><G78/><T32/><D24/><U39/><E39/><V46/><F48/><N who="3" m="26631" /><G105/><T107/><D107/><U9/><E49/><V0/><F0/><W81/><G20/><T14/><D32/><U79/><E79/><V45/><F73/><W75/><G75/><T53/><D14/><N who="1" m="5439" /><E106/><V127/><F127/><W47/><G47/><T10/><D10/><U128/><E128/><V115/><F115/><W101/><G81/><T27/><D27/><U58/><E23/><V54/><F82/><W133/><G133/><T26/><D26/><U31/><E98/><V15/><F25/><W6/><G6/><T5/><D5/><N who="1" m="3311" /><E28/><V37/><F37/><W38/><G38/><T72/><D72/><U83/><E83/><V80/><F80/><W43/><G43/><T8/><D8/><U41/><E41/><N who="2" m="24879" /><F46/><W70/><G70/><T12/><D12/><RYUUKYOKU ba="0,0" sc="330,0,227,0,265,0,178,0" hai0="51,52,53,56,59,61,64,68,85,90,95,116,119" hai1="29,31,57,58,60,63,65" hai2="15,17,22,54,55,62,67,87,88,92" hai3="16,19,89,93,94,96,99,100,101,102" /><INIT seed="3,1,0,1,0,134" ten="330,227,265,178" oya="3" hai0="31,73,0,67,66,127,25,48,21,28,54,34,103" hai1="78,53,57,114,129,96,24,46,85,56,5,90,109" hai2="120,6,62,113,3,35,89,116,27,36,14,20,104" hai3="98,29,12,91,86,75,69,88,59,23,39,123,61"/><W38/><G123/><T107/><D73/><U105/><E109/><V111/><F104/><W50/><G75/><T19/><D127/><U64/><E114/><V82/><F36/><W33/><G33/><T76/><D0/><U79/><E129/><V37/><F37/><W110/><G110/><T43/><D76/><U55/><E5/><V102/><F113/><W135/><G135/><T4/><D4/><U106/><E64/><N who="0" m="24617" /><D107/><U99/><E46/><V18/><F62/><W11/><G98/><N who="1" m="37418" /><E106/><V74/><F102/><W128/><G128/><T49/><D103/><U87/><E105/><V115/><F115/><W44/><G69/><T22/><D34/><U97/><E24/><V16/><F120/><W101/><G101/><T122/><D122/><U130/><N who="1" m="37426" /><U71/><DORA hai="60" /><E71/><V26/><F111/><W65/><G39/><T9/><D9/><U81/><E130/><V124/><F35/><W83/><G38/><T118/><D118/><U47/><E47/><V7/><F74/><W2/><G2/><T32/><D43/><U84/><E78/><V93/><F3/><W100/><G100/><T126/><D49/><N who="1" m="30767" /><E79/><V77/><F77/><N who="3" m="46447" /><G11/><T8/><D8/><U131/><E131/><V41/><F6/><W17/><G29/><T119/><D119/><U51/><AGARI ba="1,0" hai="51,55,57,81,84,85,87,90" m="30767,37426" machi="51" ten="30,1100,0" yaku="8,1" doraHai="134,60" who="1" fromWho="1" sc="330,-4,227,14,265,-4,178,-6" owari="326,42.6,241,-15.9,261,6.1,172,-32.8" /></mjloggm>