<mjloggm ver="2.3"><GO type="225" lobby="0"/><UN n0="%E3%81%B5%E3%81%98%E3%81%8B%E3%81%A4" n1="%E7%99%BD%E6%97%A5%E9%9B%AA%E8%8F%9C" n2="%72%69%6F%75%63%68%61%6E" n3="%E3%82%B3%E3%83%90%E3%83%AC%E3%82%A4" dan="17,17,16,16" rate="2187.59,2213.08,2223.15,2123.35" sx="M,M,M,M"/><TAIKYOKU oya="0"/><INIT seed="0,0,0,1,3,66" ten="250,250,250,250" oya="0" hai0="78,117,86,10,121,116,110,75,102,14,8,11,29" hai1="38,103,35,39,3,133,105,128,28,87,95,44,96" hai2="132,48,74,36,97,23,113,31,72,92,85,114,30" hai3="81,130,94,126,17,79,100,135,57,131,43,24,80"/><T54/><D75/><U40/><E3/><V98/><F36/><W115/><G43/><T50/><D121/><U27/><E133/><V45/><F132/><W119/><G135/><T6/><D102/><U65/><E128/><N who="3" m="49194" /><G119/><T107/><D107/><U104/><E38/><V93/><F85/><W118/><G118/><T37/><D37/><U26/><E65/><V129/><F129/><W91/><G115/><T90/><D29/><U34/><REACH who="1" step="1"/><E87/><REACH who="1" ten="250,240,250,250" step="2"/><V111/><F114/><W51/><G126/><T67/><D117/><U47/><E47/><V18/><F113/><W108/><G108/><T123/><D110/><U60/><E60/><V61/><F61/><W70/><G51/><T53/><D116/><U82/><E82/><V68/><F72/><W127/><G81/><N who="0" m="47415" /><D123/><U1/><E1/><V124/><F74/><W15/><G80/><T59/><D67/><U109/><E109/><V73/><F73/><W55/><G79/><T99/><D54/><U106/><E106/><V22/><F111/><W77/><G55/><T21/><D99/><U4/><E4/><V19/><F45/><W32/><G77/><T125/><D125/><U7/><E7/><V16/><F124/><W122/><G127/><T12/><D6/><U101/><E101/><N who="2" m="60583" /><F48/><W46/><G100/><T63/><D63/><U33/><E33/><V71/><F98/><W76/><G76/><T42/><D42/><U0/><E0/><V84/><F84/><W58/><G122/><T88/><D14/><U9/><E9/><V62/><F62/><W5/><G15/><T13/><D12/><U25/><E25/><RYUUKYOKU ba="0,1" sc="250,15,240,15,250,-15,250,-15" hai0="8,10,11,13,21,50,53,59,88,90" hai1="26,27,28,34,35,39,40,44,95,96,103,104,105" /><INIT seed="0,1,1,5,2,104" ten="265,255,235,235" oya="0" hai0="69,102,0,17,7,109,9,1,47,10,59,91,103" hai1="81,98,87,94,30,85,117,111,97,14,52,130,42" hai2="79,45,61,122,12,13,88,48,128,93,28,116,63" hai3="56,96,92,66,73,25,24,6,127,65,84,2,67"/><T71/><D47/><U101/><E117/><V3/><F128/><W118/><G118/><T29/><D59/><U121/><E121/><V132/><F132/><W39/><G39/><T57/><D57/><U72/><E42/><V75/><F122/><W115/><G115/><T105/><D91/><U110/><E30/><V100/><F3/><W99/><G2/><T108/><D29/><U11/><E130/><V58/><F116/><W19/><G6/><N who="0" m="1223" /><D17/><U120/><E120/><V60/><F100/><W70/><G70/><N who="0" m="26635" /><D105/><N who="1" m="63663" /><E52/><N who="2" m="29711" /><F28/><W80/><G19/><T106/><D106/><U41/><E41/><V126/><F126/><W135/><G127/><T37/><D37/><U26/><E26/><V44/><F44/><W119/><G119/><T31/><D31/><U8/><E8/><V90/><F90/><W46/><G46/><T54/><D54/><U78/><E11/><V18/><F18/><W134/><G56/><T22/><D22/><U55/><E55/><V86/><F58/><W76/><G25/><T36/><D36/><U123/><E14/><N who="2" m="5739" /><F75/><W82/><G24/><T112/><D112/><U34/><E123/><V68/><F68/><W5/><G5/><T51/><D51/><U32/><E72/><V62/><F60/><W107/><G107/><T33/><D33/><N who="1" m="12907" /><E87/><N who="2" m="52383" /><F61/><W114/><G114/><T64/><D64/><U20/><E20/><V95/><F95/><W23/><G23/><T4/><D4/><U77/><E77/><V21/><F21/><W124/><G124/><T89/><D89/><N who="1" m="55631" /><E78/><V131/><F131/><W113/><G113/><T50/><D50/><U53/><E53/><RYUUKYOKU ba="1,1" sc="265,10,255,10,235,10,235,-30" hai0="1,7,10,102,103,108,109" hai1="81,85,110,111" hai2="62,63,79,86" /><INIT seed="0,2,1,3,4,10" ten="275,265,245,205" oya="0" hai0="57,76,119,72,105,48,52,42,115,95,86,91,112" hai1="25,71,14,107,37,28,61,117,130,81,84,85,44" hai2="24,114,101,68,82,21,103,94,63,78,70,38,116" hai3="111,96,20,3,0,40,123,92,122,109,59,75,54"/><T33/><D33/><U13/><E117/><V12/><F114/><W67/><G75/><T113/><D119/><U6/><E107/><V29/><F116/><W134/><G67/><T2/><D105/><U90/><E6/><V129/><F38/><W100/><G40/><T66/><D66/><U34/><E130/><V62/><F129/><W65/><G65/><T118/><D118/><U30/><E30/><V23/><F68/><W106/><G106/><T9/><D42/><U11/><E61/><V128/><F128/><W74/><G74/><T121/><D121/><N who="3" m="46089" /><G20/><T18/><D2/><N who="3" m="553" /><G134/><T4/><D4/><U99/><E71/><V50/><F70/><W73/><G73/><T120/><D120/><U124/><E124/><V108/><F108/><W1/><G1/><T125/><D125/><U79/><E99/><N who="2" m="59639" /><F103/><W98/><G98/><T126/><D126/><U27/><E27/><V43/><F43/><W110/><G111/><T32/><D32/><U77/><E11/><V26/><F50/><AGARI ba="2,1" hai="50,54,59,92,96,100,109,110" m="553,46089" machi="50" ten="30,1000,0" yaku="13,1" doraHai="10" who="3" fromWho="2" sc="275,0,265,0,245,-16,205,26" /><INIT seed="1,0,0,4,5,135" ten="275,265,229,231" oya="1" hai0="17,32,76,97,16,21,23,46,110,25,10,77,15" hai1="30,8,92,50,33,52,64,87,69,133,36,18,119" hai2="20,89,44,99,67,63,27,94,58,11,114,121,74" hai3="82,103,51,55,7,86,134,5,42,84,70,126,83"/><U37/><E119/><V78/><F121/><W128/><G70/><T66/><D110/><U4/><E133/><V117/><F117/><W3/><G134/><T90/><D66/><U39/><E18/><V122/><F122/><W13/><G3/><T102/><D32/><U40/><E40/><V45/><F114/><W93/><G42/><T14/><D90/><U109/><E109/><V116/><F116/><W41/><G41/><T106/><REACH who="0" step="1"/><D46/><REACH who="0" ten="265,265,229,231" step="2"/><U60/><E33/><V24/><F44/><W2/><G128/><T118/><D118/><U88/><E30/><AGARI ba="0,1" hai="10,14,15,16,17,21,23,25,30,76,77,97,102,106" machi="30" ten="30,7700,0" yaku="1,1,7,1,54,1,53,1" doraHai="135" doraHaiUra="22" who="0" fromWho="1" sc="265,87,265,-77,229,0,231,0" /><INIT seed="2,0,0,3,5,25" ten="352,188,229,231" oya="2" hai0="36,59,126,47,87,98,102,21,91,46,129,40,96" hai1="66,9,90,10,118,115,23,89,22,61,94,120,2" hai2="32,35,130,119,37,49,29,81,112,95,52,92,103" hai3="135,78,69,82,121,28,97,34,39,109,93,0,85"/><V125/><F112/><W71/><G121/><T57/><D126/><U3/><E118/><V8/><F119/><W62/><G0/><T42/><D129/><U105/><E105/><V12/><F37/><W74/><G135/><T55/><D21/><U122/><E61/><V41/><F41/><W4/><G4/><T131/><D131/><U31/><E94/><V84/><F130/><W67/><G39/><T51/><D102/><U11/><E11/><V75/><F125/><W30/><G109/><T65/><D65/><U20/><E20/><V88/><F75/><W108/><G108/><T24/><D24/><U48/><E48/><V54/><F54/><W116/><G116/><T104/><D104/><U124/><E124/><V56/><F29/><W133/><G133/><T76/><D76/><U73/><E66/><V64/><F64/><W99/><G71/><T26/><D26/><U127/><E127/><V17/><REACH who="2" step="1"/><F103/><REACH who="2" ten="352,188,219,231" step="2"/><W45/><G34/><AGARI ba="0,1" hai="8,12,17,32,34,35,49,52,56,81,84,88,92,95" machi="34" ten="40,12000,1" yaku="1,1,2,1,54,2,53,1" doraHai="25" doraHaiUra="83" who="2" fromWho="3" sc="352,0,188,0,219,130,231,-120" /><INIT seed="2,1,0,5,5,118" ten="352,188,349,111" oya="2" hai0="94,132,24,93,121,113,53,116,23,32,87,35,46" hai1="78,74,38,111,102,40,129,108,97,13,101,12,9" hai2="3,22,122,60,117,99,120,75,125,55,100,34,82" hai3="51,26,48,80,19,77,92,31,10,7,41,70,79"/><V110/><F117/><W67/><G70/><T37/><D113/><U44/><E129/><V42/><F34/><W127/><G67/><T119/><D121/><U81/><E13/><V130/><F3/><W16/><G77/><T95/><D132/><U135/><E135/><V131/><F125/><W15/><G92/><T98/><D87/><U66/><E66/><V1/><F1/><W11/><G127/><T83/><D83/><U5/><REACH who="1" step="1"/><E102/><REACH who="1" ten="352,178,349,111" step="2"/><V133/><F133/><W126/><G126/><T96/><D119/><U112/><E112/><V105/><F110/><W57/><G41/><T18/><D116/><U72/><E72/><V45/><F131/><W25/><G25/><T28/><D24/><U68/><E68/><V14/><F130/><W30/><G30/><T17/><D28/><U84/><E84/><V62/><F75/><W91/><G31/><T107/><D35/><U104/><AGARI ba="1,1" hai="5,9,12,38,40,44,74,78,81,97,101,104,108,111" machi="104" ten="30,4000,0" yaku="1,1,0,1,53,1" doraHai="118" doraHaiUra="4" who="1" fromWho="1" sc="352,-11,178,53,349,-21,111,-11" /><INIT seed="3,0,0,2,3,129" ten="341,231,328,100" oya="3" hai0="45,32,15,91,4,107,78,62,47,101,75,110,65" hai1="41,43,121,132,104,81,54,80,66,0,72,92,127" hai2="48,111,84,117,77,124,67,37,86,31,5,96,11" hai3="22,18,131,40,102,134,120,38,63,116,53,59,46"/><W93/><G120/><T70/><D110/><U71/><E104/><V21/><F111/><W29/><G116/><T25/><D91/><U125/><E121/><V42/><F117/><W16/><G131/><T122/><D122/><U57/><E0/><V112/><F112/><W19/><G134/><T33/><D4/><U82/><E72/><V118/><F118/><W105/><G105/><T64/><D15/><U68/><E66/><V30/><F37/><W17/><G17/><T9/><D9/><U14/><E14/><N who="2" m="5487" /><F124/><W49/><G38/><T85/><D65/><U119/><E119/><V2/><F2/><W13/><REACH who="3" step="1"/><G29/><REACH who="3" ten="341,231,328,90" step="2"/><T73/><D107/><U100/><E132/><V36/><F36/><W69/><G69/><T133/><D133/><U3/><E71/><V61/><F30/><W123/><G123/><T99/><D70/><U8/><E68/><V126/><F126/><W94/><G94/><T74/><D33/><U58/><E125/><V97/><F31/><W34/><G34/><T39/><D32/><U88/><E127/><V27/><F21/><W28/><G28/><T98/><D39/><U44/><E92/><V103/><F27/><W87/><G87/><T135/><D25/><U113/><E113/><V83/><F86/><W108/><G108/><T60/><D135/><U106/><E106/><V10/><F84/><W24/><G24/><T76/><D85/><U114/><E114/><V128/><F128/><W26/><G26/><T56/><D74/><U1/><E82/><V89/><F83/><W7/><G7/><T12/><D75/><U50/><E81/><RYUUKYOKU ba="0,1" sc="341,-10,231,-10,328,-10,90,30" hai3="13,16,18,19,22,40,46,49,53,59,63,93,102" /><INIT seed="3,1,1,3,2,51" ten="331,221,318,120" oya="3" hai0="62,117,32,103,64,69,36,79,112,73,128,53,98" hai1="118,97,0,76,87,108,19,114,28,10,38,75,110" hai2="42,34,26,105,27,99,129,2,6,29,30,94,130" hai3="115,96,47,102,127,65,107,63,91,104,88,70,71"/><W74/><G115/><T81/><D117/><U78/><E114/><V41/><F105/><W126/><G74/><T116/><D116/><U46/><E118/><V113/><F113/><W106/><G47/><T15/><D112/><U56/><E75/><V100/><F6/><W1/><G1/><T124/><D36/><U135/><E135/><V14/><F14/><W82/><G71/><T133/><D133/><U120/><E120/><V83/><F83/><W49/><G49/><T25/><D15/><U3/><E28/><V5/><F5/><W89/><REACH who="3" step="1"/><G82/><REACH who="3" ten="331,221,318,110" step="2"/><T132/><D81/><N who="1" m="47527" /><E0/><V67/><F2/><W48/><G48/><T31/><D69/><U24/><E3/><V77/><F77/><W21/><G21/><T101/><D132/><U84/><E78/><V90/><F130/><W52/><G52/><T50/><D79/><U37/><E46/><V72/><F129/><W40/><G40/><T44/><D128/><U92/><E38/><V119/><F72/><W58/><G58/><T13/><D73/><U20/><E37/><V39/><F39/><W61/><G61/><T123/><D62/><U80/><E56/><V12/><F119/><W125/><AGARI ba="1,2" hai="63,65,70,88,89,91,96,102,104,106,107,125,126,127" machi="125" ten="40,12000,1" yaku="1,1,0,1,18,1,54,1,53,0" doraHai="51" doraHaiUra="131" who="3" fromWho="3" sc="331,-41,221,-41,318,-41,110,143" /><INIT seed="3,2,0,0,4,39" ten="290,180,277,253" oya="3" hai0="37,92,76,118,12,56,9,15,17,23,125,99,32" hai1="122,63,120,61,109,123,46,54,6,110,102,29,95" hai2="79,30,77,21,80,72,10,107,2,103,84,91,1" hai3="58,41,64,88,114,19,57,40,22,124,50,45,116"/><W27/><G116/><T130/><D118/><U126/><E6/><V42/><F42/><N who="3" m="24887" /><G114/><T3/><D3/><U0/><E0/><V133/><F133/><W24/><G124/><T135/><D125/><U111/><E126/><V87/><F84/><W97/><G24/><T25/><D135/><U127/><E127/><V81/><F91/><W113/><G113/><T101/><D130/><U69/><E29/><V134/><F134/><W100/><G100/><T90/><D37/><U128/><E102/><V108/><F108/><W34/><G34/><T78/><D32/><U98/><E98/><V60/><F60/><N who="1" m="23113" /><E95/><V105/><F10/><W117/><G117/><T83/><D56/><N who="3" m="21609" /><G64/><T132/><D132/><U68/><E128/><V70/><F107/><W33/><G33/><T131/><D131/><U16/><E16/><V55/><F105/><W67/><G67/><T47/><D25/><U71/><E46/><V53/><F103/><W35/><G35/><T66/><D47/><U93/><E93/><AGARI ba="2,0" hai="19,22,27,40,41,88,93,97" m="21609,24887" machi="93" ten="30,12000,1" yaku="8,1,52,3,54,1" doraHai="39" who="3" fromWho="1" sc="290,0,180,-126,277,0,253,126" owari="290,9.0,54,-44.6,277,-12.3,379,47.9" /></mjloggm>