<mjloggm ver="2.3"><GO type="225" lobby="0"/><UN n0="%E6%80%AA%E3%81%97%E3%81%99%E3%81%8E%E3%82%8B%E3%83%81%E3%83%BC" n1="%E6%A1%9C%E8%8A%B1%E9%96%83%E3%80%85" n2="%E3%83%B4%E3%83%A0%EF%BC%99%E3%81%A6" n3="%E5%82%8D%E8%8B%A5%E7%84%A1%E4%BA%BA%35%31" dan="16,18,17,16" rate="2118.01,2240.78,2222.32,2052.62" sx="M,M,M,M"/><TAIKYOKU oya="0"/><INIT seed="0,0,0,1,4,40" ten="250,250,250,250" oya="0" hai0="73,43,65,30,61,86,13,7,85,83,62,111,106" hai1="113,36,71,69,68,130,46,6,16,133,101,132,28" hai2="92,19,107,98,22,110,20,1,15,48,108,75,29" hai3="77,41,116,14,47,8,118,89,135,78,55,93,105"/><T24/><D106/><U81/><E28/><V125/><F1/><W18/><G105/><T5/><D111/><N who="2" m="42538" /><F75/><W3/><G135/><N who="1" m="51786" /><E6/><V25/><F125/><W115/><G115/><T96/><D73/><U88/><E113/><V53/><F107/><W31/><G55/><T129/><D129/><U70/><E101/><V11/><F48/><W122/><G122/><T42/><D96/><U21/><E130/><V79/><F79/><W17/><G31/><T4/><D13/><N who="1" m="9359" /><E70/><V33/><F53/><W90/><G3/><T60/><D65/><U67/><E67/><V103/><AGARI ba="0,0" hai="11,15,19,20,22,25,29,33,92,98,103" m="42538" machi="103" ten="30,1100,0" yaku="14,1" doraHai="40" who="2" fromWho="2" sc="250,-5,250,-3,250,11,250,-3" /><INIT seed="1,0,0,4,3,96" ten="245,247,261,247" oya="1" hai0="12,112,135,65,22,23,129,105,39,50,47,120,77" hai1="48,2,100,69,110,60,115,86,4,98,95,40,80" hai2="87,37,79,125,116,36,63,127,56,82,42,10,133" hai3="93,111,7,85,41,117,128,88,122,35,102,123,51"/><U26/><E115/><V74/><F116/><W114/><G35/><T19/><D112/><U97/><E110/><V90/><F133/><W134/><G134/><T34/><D135/><U18/><E2/><V15/><F74/><W130/><G114/><T43/><D34/><U53/><E4/><V45/><F79/><W57/><G111/><T71/><D129/><N who="3" m="49769" /><G117/><T20/><D120/><N who="3" m="46121" /><G7/><T32/><D32/><U67/><E40/><V55/><REACH who="2" step="1"/><F36/><REACH who="2" ten="245,247,251,247" step="2"/><W64/><G41/><T8/><D77/><U131/><E131/><V1/><F1/><W126/><G126/><T46/><D105/><U59/><E97/><V30/><F30/><W78/><G78/><T70/><REACH who="0" step="1"/><D65/><REACH who="0" ten="235,247,251,247" step="2"/><U101/><E98/><V83/><F83/><N who="3" m="49215" /><G64/><T89/><D89/><U121/><E67/><V28/><F28/><W24/><G24/><T132/><D132/><U54/><E121/><V31/><F31/><W5/><G5/><AGARI ba="0,2" hai="5,10,15,37,42,45,55,56,63,82,87,90,125,127" machi="5" ten="40,2600,0" yaku="1,1,53,1" doraHai="96" doraHaiUra="9" who="2" fromWho="3" sc="235,0,247,0,251,46,247,-26" /><INIT seed="2,0,0,1,0,130" ten="235,247,297,221" oya="2" hai0="40,55,106,3,118,121,125,81,70,109,69,62,96" hai1="11,18,84,26,6,16,99,63,61,41,19,53,10" hai2="116,115,9,43,23,30,33,134,113,39,127,79,122" hai3="87,104,50,73,78,126,119,89,108,114,65,75,90"/><V38/><F116/><W58/><G108/><T64/><D121/><U27/><E41/><V111/><F122/><W117/><G50/><T57/><D3/><U107/><E107/><V60/><F33/><W46/><G46/><T7/><D118/><N who="3" m="45065" /><G58/><T71/><D109/><U14/><E99/><V83/><F111/><W51/><G51/><T92/><D125/><U132/><E132/><V112/><F127/><W123/><G65/><T1/><D106/><U21/><E10/><V48/><F60/><N who="1" m="23113" /><E53/><V105/><F105/><W42/><G42/><T47/><D81/><U103/><E103/><V131/><F9/><W29/><G29/><T124/><D124/><U35/><E35/><V100/><F100/><W88/><G126/><T24/><D1/><U74/><E74/><N who="3" m="28170" /><G104/><T49/><D7/><U77/><E26/><V44/><F43/><W80/><G123/><T8/><D8/><U66/><E66/><V93/><F112/><AGARI ba="0,0" hai="78,80,87,88,89,90,112,114" m="28170,45065" machi="112" ten="40,5200,0" yaku="34,2,54,1" doraHai="130" who="3" fromWho="2" sc="235,0,247,0,297,-52,221,52" /><INIT seed="3,0,0,0,5,114" ten="235,247,245,273" oya="3" hai0="55,133,118,25,17,115,73,61,74,44,32,23,16" hai1="56,66,49,52,98,22,87,94,68,124,113,51,102" hai2="109,42,79,85,33,36,62,63,101,13,96,28,84" hai3="95,67,116,65,59,71,35,39,91,26,132,81,110"/><W60/><G39/><T2/><D115/><U126/><E113/><V111/><F13/><W131/><G116/><T103/><D118/><U47/><E68/><V45/><F28/><W129/><G132/><T37/><D133/><U120/><E120/><V69/><F33/><W3/><G3/><T122/><D122/><U93/><E22/><V4/><F4/><W11/><G11/><T105/><D2/><U1/><E1/><V83/><F84/><W31/><G81/><T86/><D32/><U8/><E8/><V97/><F97/><W6/><G6/><T77/><D105/><U78/><E66/><V127/><F127/><N who="1" m="48681" /><E78/><V100/><F100/><W0/><G0/><T34/><D103/><U27/><E27/><V104/><REACH who="2" step="1"/><F69/><REACH who="2" ten="235,247,235,273" step="2"/><W72/><G71/><T29/><D17/><U108/><E87/><V89/><F89/><W135/><G135/><T64/><D86/><U54/><E94/><V50/><F50/><W18/><G95/><T76/><D77/><U14/><E14/><V80/><F80/><W106/><G91/><T134/><D76/><U9/><E9/><V99/><F99/><W20/><G35/><T15/><D134/><U88/><E102/><V121/><F121/><W41/><G31/><T128/><D128/><U40/><E88/><V107/><F107/><W30/><G106/><T57/><REACH who="0" step="1"/><D37/><REACH who="0" ten="225,247,235,273" step="2"/><N who="1" m="21903" /><E98/><V21/><F21/><W5/><G20/><T123/><D123/><U119/><E119/><V117/><F117/><W112/><G129/><T38/><D38/><U24/><E93/><V125/><F125/><W53/><G131/><T19/><D19/><RYUUKYOKU ba="0,2" sc="225,15,247,-15,235,15,273,-15" hai0="15,16,23,25,29,34,44,55,57,61,64,73,74" hai2="36,42,45,62,63,79,83,85,96,101,104,109,111" /><INIT seed="4,1,2,0,3,27" ten="240,232,250,258" oya="0" hai0="129,117,53,100,125,83,40,93,79,120,11,63,90" hai1="69,130,67,28,16,128,92,7,34,106,9,25,5" hai2="101,41,17,33,2,51,1,45,48,110,15,31,103" hai3="78,14,77,3,131,43,87,135,0,30,107,71,75"/><T22/><D117/><U88/><E106/><V73/><F73/><W89/><G71/><T132/><D120/><U4/><E67/><V68/><F68/><W72/><G107/><T105/><D129/><N who="1" m="49771" /><E69/><V47/><F110/><W99/><G99/><T57/><D125/><U104/><E104/><V23/><F1/><W52/><G43/><T26/><D132/><U32/><E32/><V42/><F2/><W37/><G37/><T60/><D40/><U39/><E39/><V61/><F61/><W116/><G14/><T54/><D105/><U91/><E92/><V13/><F13/><AGARI ba="1,2" hai="4,5,7,9,13,16,25,28,34,88,91" m="49771" machi="13" ten="30,7700,0" yaku="19,1,52,1,54,2" doraHai="27" who="1" fromWho="2" sc="240,0,232,100,250,-80,258,0" owari="240,-16.0,332,43.2,170,-33.0,258,5.8" /></mjloggm>