<mjloggm ver="2.3"><GO type="225" lobby="0"/><UN n0="%61%69%73%79%6F" n1="%4B%2E%32%2E%4B%2E" n2="%E3%81%86%E3%83%BC%E3%81%B1%E3%83%BC" n3="%E6%A1%9C%E8%8A%B1%E9%96%83%E3%80%85" dan="17,17,17,16" rate="2251.10,2212.66,2181.15,2071.04" sx="M,M,F,M"/><TAIKYOKU oya="0"/><INIT seed="0,0,0,0,3,20" ten="250,250,250,250" oya="0" hai0="86,7,25,24,90,51,71,76,32,46,92,53,65" hai1="74,1,59,94,126,109,19,15,54,105,2,84,9" hai2="70,102,35,108,44,5,37,66,50,43,16,82,118" hai3="31,55,4,106,22,133,134,77,79,135,95,107,29"/><T12/><D32/><U69/><E69/><V112/><F112/><W120/><G120/><T81/><D71/><U125/><E105/><N who="3" m="39946" /><G4/><T117/><D117/><U115/><E109/><V88/><F102/><W113/><G113/><T116/><D65/><U45/><E74/><V68/><F5/><W78/><G22/><T121/><D121/><U111/><E45/><V62/><F108/><W21/><G21/><T114/><D114/><U49/><E115/><V57/><F118/><W80/><G95/><T56/><D46/><U39/><E39/><V103/><F103/><W61/><G80/><T122/><D116/><U100/><E111/><V6/><F6/><W75/><G75/><T13/><D122/><U130/><E130/><V10/><F35/><W48/><G61/><T72/><REACH who="0" step="1"/><D13/><REACH who="0" ten="240,250,250,250" step="2"/><U27/><E1/><V104/><F70/><W26/><G26/><T28/><D28/><U60/><E2/><V41/><F68/><W91/><G29/><T18/><D18/><U124/><E27/><V33/><F33/><W38/><G31/><T67/><D67/><U30/><E30/><V98/><F16/><W123/><G123/><T97/><D97/><N who="1" m="59447" /><E84/><N who="2" m="50199" /><F98/><W11/><G134/><T40/><D40/><U8/><E126/><V110/><F110/><W58/><G135/><T89/><D89/><U42/><E42/><V99/><F43/><W47/><G133/><T96/><D96/><U73/><E125/><V3/><F104/><W63/><G91/><T128/><D128/><U131/><E124/><V64/><F64/><N who="3" m="39031" /><G38/><T127/><D127/><U83/><E131/><V101/><F37/><RYUUKYOKU ba="0,1" sc="240,15,250,-15,250,-15,250,15" hai0="7,12,24,25,51,53,56,72,76,81,86,90,92" hai3="11,47,48,55,77,78,79" /><INIT seed="0,1,1,0,4,16" ten="255,235,235,265" oya="0" hai0="58,32,39,47,116,105,100,8,49,68,7,121,79" hai1="86,3,51,64,56,44,1,0,31,33,88,71,70" hai2="40,83,126,77,22,90,34,13,61,15,19,131,6" hai3="118,93,80,60,9,57,27,50,81,132,52,36,65"/><T97/><D116/><U12/><E33/><V54/><F34/><W66/><G118/><T135/><D121/><U23/><E56/><N who="2" m="34967" /><F126/><W10/><G132/><T35/><D68/><U28/><E64/><V134/><F131/><W62/><G36/><T26/><D135/><U76/><E76/><V127/><F127/><W21/><G93/><T104/><D79/><U92/><E31/><V129/><F129/><W4/><G62/><T113/><D113/><U111/><E111/><V99/><F40/><W11/><G4/><T20/><D58/><U107/><E107/><V130/><F130/><W133/><G133/><T108/><D39/><U73/><E73/><V78/><F134/><W18/><REACH who="3" step="1"/><G66/><REACH who="3" ten="255,235,235,255" step="2"/><T25/><D105/><U43/><REACH who="1" step="1"/><E12/><REACH who="1" ten="255,225,235,255" step="2"/><V84/><F99/><W102/><G102/><T123/><D108/><U112/><E112/><V82/><F82/><W24/><G24/><AGARI ba="1,3" hai="0,1,3,23,24,28,43,44,51,70,71,86,88,92" machi="24" ten="40,5200,0" yaku="1,1,52,1,54,1,53,0" doraHai="16" doraHaiUra="124" who="1" fromWho="3" sc="255,0,225,85,235,0,255,-55" /><INIT seed="1,0,0,2,2,74" ten="255,310,235,200" oya="1" hai0="70,18,57,126,100,19,17,121,73,24,28,26,7" hai1="30,20,113,61,29,42,123,104,48,109,23,84,67" hai2="10,85,52,43,35,12,78,65,38,82,44,91,16" hai3="88,108,99,76,60,112,119,32,3,98,124,15,72"/><U120/><E113/><V66/><F35/><W134/><G112/><T13/><D70/><U118/><E118/><V56/><REACH who="2" step="1"/><F91/><REACH who="2" ten="255,310,225,200" step="2"/><W5/><G32/><T97/><D121/><U27/><E120/><V107/><F107/><W45/><G88/><T102/><D126/><U58/><E104/><V129/><F129/><W64/><G124/><T2/><D102/><U95/><E123/><V111/><F111/><W132/><G108/><T94/><D2/><U80/><E109/><V128/><F128/><W116/><G3/><T51/><D73/><U34/><E34/><V31/><F31/><W25/><G119/><T11/><D28/><U81/><E30/><V130/><F130/><W1/><G116/><T69/><D69/><U6/><E29/><V89/><F89/><W36/><G1/><T41/><D41/><U92/><E42/><V125/><F125/><W54/><G72/><T117/><D117/><U90/><E90/><V127/><F127/><W115/><G115/><T110/><D110/><U106/><E106/><V96/><F96/><W22/><G99/><T55/><AGARI ba="0,1" hai="7,11,13,17,18,19,24,26,51,55,57,94,97,100" machi="55" ten="30,2000,0" yaku="0,1,8,1" doraHai="74" who="0" fromWho="0" sc="255,30,310,-10,225,-5,200,-5" /><INIT seed="2,0,0,3,3,118" ten="285,300,220,195" oya="2" hai0="42,32,134,91,14,120,74,48,126,23,117,96,61" hai1="25,6,69,0,4,111,102,78,73,115,116,22,77" hai2="132,122,62,34,110,7,15,100,107,66,31,90,106" hai3="72,50,76,11,114,101,108,45,58,119,123,51,92"/><V17/><F7/><W8/><G119/><T125/><D74/><U40/><E115/><V59/><F132/><W67/><G108/><T16/><D32/><U36/><E69/><V79/><F110/><W3/><G114/><T60/><D117/><U124/><E124/><N who="0" m="47721" /><D120/><U46/><E116/><V98/><F79/><W135/><G135/><T94/><D134/><U64/><E64/><V82/><F107/><W99/><G3/><T68/><D68/><U27/><E111/><V112/><F112/><W93/><G123/><T84/><D96/><U5/><E0/><V43/><F43/><W28/><G28/><T49/><D49/><U47/><E102/><V54/><F31/><W86/><G72/><T109/><D109/><U24/><E73/><V13/><F34/><W95/><G95/><T56/><D42/><U80/><E47/><V65/><F13/><W70/><G70/><T87/><D87/><U33/><E33/><V18/><F18/><W12/><G92/><T103/><D103/><U71/><E71/><V121/><F66/><W35/><G12/><T83/><D83/><U105/><E105/><V89/><F65/><W26/><G51/><T1/><D1/><U10/><E80/><V52/><F54/><AGARI ba="0,0" hai="14,16,23,48,54,56,60,61,84,91,94" m="47721" machi="54" ten="30,3900,0" yaku="25,1,18,1,54,1" doraHai="118" who="0" fromWho="2" sc="285,39,300,0,220,-39,195,0" /><INIT seed="3,0,0,5,3,16" ten="324,300,181,195" oya="3" hai0="56,19,120,118,74,60,87,135,121,23,26,100,130" hai1="46,129,86,124,65,84,128,8,70,64,102,5,11" hai2="10,61,95,80,7,6,116,122,94,105,119,92,47" hai3="108,42,0,91,99,73,57,12,82,134,18,109,37"/><W3/><G134/><T22/><D74/><U14/><E102/><V72/><F105/><W114/><G114/><T107/><D118/><U38/><E70/><V89/><F122/><W36/><G57/><T76/><D130/><N who="1" m="50283" /><E38/><N who="3" m="14954" /><G42/><T112/><D112/><U62/><E46/><V41/><F61/><W78/><G91/><T31/><D107/><U67/><E62/><V132/><F132/><W2/><G99/><T27/><D135/><U115/><E115/><V13/><F6/><W125/><G12/><T32/><D32/><U79/><E79/><V54/><F41/><W77/><G18/><T93/><D76/><N who="3" m="29289" /><G82/><T110/><D110/><N who="3" m="42601" /><G125/><T58/><D58/><U81/><E81/><V131/><F131/><W117/><G117/><T59/><D59/><U133/><E133/><V101/><F72/><AGARI ba="0,0" hai="0,2,3,72,73" m="42601,29289,14954" machi="72" ten="40,12000,1" yaku="28,2,14,1,10,1" doraHai="16" who="3" fromWho="2" sc="324,0,300,0,181,-120,195,120" /><INIT seed="3,1,0,2,1,112" ten="324,300,61,315" oya="3" hai0="78,31,97,45,26,122,115,59,113,108,94,37,13" hai1="134,100,88,49,125,69,50,16,23,87,117,72,118" hai2="77,132,1,75,15,36,53,85,95,90,43,51,56" hai3="9,68,44,60,65,83,14,131,38,107,52,119,135"/><W114/><G119/><N who="1" m="45578" /><E125/><V0/><F132/><W6/><G114/><N who="0" m="43531" /><D108/><U123/><E134/><V25/><F25/><W27/><G135/><T47/><D37/><U57/><E123/><V22/><F75/><W28/><G131/><T42/><D42/><U19/><E69/><V11/><F77/><W121/><G121/><T66/><D78/><U18/><E72/><V105/><F105/><W48/><G107/><T73/><D73/><U106/><E23/><V124/><F124/><W89/><G38/><T39/><D39/><U99/><E57/><V80/><F11/><W12/><G89/><N who="0" m="55503" /><D122/><U54/><E54/><V8/><F8/><W62/><G83/><AGARI ba="1,0" hai="16,18,19,49,50,83,87,88,99,100,106" m="45578" machi="83" ten="30,12000,2" yaku="12,1,52,3,54,2" doraHai="112" who="1" fromWho="3" sc="324,0,300,123,61,0,315,-123" owari="324,12.4,423,52.3,61,-43.9,192,-20.8" /></mjloggm>