<mjloggm ver="2.3"><GO type="225" lobby="0"/><UN n0="%E3%82%A2%E3%82%A4%E3%82%B9%E3%83%86%E3%82%A3%E3%83%BC%E3%81%82%E3%81%B9" n1="%E3%81%82%E3%80%81%E8%B2%A0%E3%81%91%E3%81%BE%E3%81%97%E3%81%9F" n2="%E3%81%BF%E3%81%BF%E3%81%9A" n3="%E3%81%99%E3%81%84%E3%81%BE%E3%81%9B%E3%83%BC%E3%82%93" dan="16,16,16,17" rate="2127.78,2117.36,2153.14,2260.77" sx="M,M,M,M"/><TAIKYOKU oya="0"/><INIT seed="0,0,0,4,4,33" ten="250,250,250,250" oya="0" hai0="92,34,114,17,125,6,103,105,58,32,64,133,51" hai1="80,128,77,40,47,53,15,43,20,85,13,79,117" hai2="135,48,69,59,12,28,88,68,29,91,35,124,90" hai3="63,11,82,44,102,119,100,52,116,111,62,67,14"/><T66/><D114/><U61/><E117/><V76/><F124/><W3/><G111/><T86/><D125/><U19/><E128/><V46/><F135/><W131/><G131/><T97/><D133/><U50/><E79/><V0/><F0/><W83/><G3/><T107/><D6/><U65/><REACH who="1" step="1"/><E15/><REACH who="1" ten="250,240,250,250" step="2"/><V71/><F76/><W98/><G119/><T45/><D34/><U74/><E74/><V89/><F35/><W75/><G75/><T31/><D32/><U23/><E23/><V87/><F12/><W72/><G72/><T95/><D31/><U1/><E1/><V108/><F108/><W118/><G14/><T93/><D17/><U70/><AGARI ba="0,1" hai="13,19,20,40,43,47,50,53,61,65,70,77,80,85" machi="70" ten="20,2700,0" yaku="1,1,0,1,7,1,53,0" doraHai="33" doraHaiUra="130" who="1" fromWho="1" sc="250,-13,240,37,250,-7,250,-7" /><INIT seed="1,0,0,4,4,7" ten="237,277,243,243" oya="1" hai0="75,118,90,41,53,99,61,132,79,115,108,38,57" hai1="45,22,110,76,73,32,127,119,54,66,51,121,96" hai2="112,65,67,47,23,70,128,71,36,24,21,113,42" hai3="111,103,85,10,12,8,77,82,78,104,97,134,84"/><U35/><E119/><V74/><F74/><W93/><G134/><T131/><D108/><U83/><E121/><V5/><F5/><W40/><G111/><T16/><D115/><N who="2" m="44106" /><F21/><W105/><G40/><T114/><D114/><U101/><E110/><V117/><F117/><W30/><G30/><T133/><D118/><U62/><E22/><V98/><F98/><W29/><G29/><T92/><D131/><U49/><E49/><V116/><F116/><W129/><G129/><T124/><D124/><U6/><E6/><V95/><F95/><W55/><G55/><T89/><D89/><U88/><E127/><V64/><F128/><W14/><G105/><T11/><D79/><N who="3" m="30217" /><G104/><T69/><D69/><U9/><E88/><V87/><F87/><N who="3" m="33355" /><G82/><T26/><D75/><U60/><E32/><V58/><F58/><W63/><G63/><T130/><D130/><U52/><E35/><V17/><AGARI ba="0,0" hai="17,23,24,36,42,47,64,65,67,70,71" m="44106" machi="17" ten="30,1100,0" yaku="11,1" doraHai="7" who="2" fromWho="2" sc="237,-3,277,-5,243,11,243,-3" /><INIT seed="2,0,0,4,1,64" ten="234,272,254,240" oya="2" hai0="26,37,59,63,15,97,130,99,31,102,44,128,68" hai1="33,77,132,1,23,72,89,122,11,113,69,103,84" hai2="47,94,115,83,101,125,129,67,14,127,0,118,18" hai3="52,65,57,114,53,40,66,43,30,9,108,5,107"/><V88/><F115/><W81/><G107/><T39/><D15/><U61/><E113/><V98/><F118/><W32/><G114/><T121/><D121/><U119/><E119/><V73/><F0/><W111/><G81/><T106/><D97/><U120/><E33/><V62/><F129/><N who="0" m="49770" /><D44/><U41/><E41/><N who="3" m="15946" /><G30/><T133/><D133/><U74/><E132/><V134/><F47/><W24/><G24/><T48/><D48/><U36/><E103/><V42/><F42/><W51/><G32/><N who="0" m="20599" /><D59/><U95/><E36/><V90/><F134/><W78/><G78/><T124/><D124/><N who="2" m="47690" /><F73/><W25/><G25/><T19/><D19/><U58/><E74/><V49/><F49/><W21/><G51/><T105/><D105/><U91/><E72/><V112/><F83/><W131/><G131/><T86/><D86/><U12/><E120/><V50/><F50/><W123/><G123/><T116/><D116/><U27/><E1/><V96/><F98/><W135/><G135/><T17/><D17/><U34/><E122/><V13/><F112/><W28/><G28/><T79/><D79/><U93/><E77/><V80/><F80/><W75/><G75/><T20/><D20/><U117/><E34/><V16/><F13/><N who="3" m="5295" /><G21/><T3/><D3/><U7/><E117/><V110/><F18/><W10/><G10/><T35/><D35/><U87/><E23/><N who="2" m="11671" /><F110/><N who="3" m="42027" /><G57/><AGARI ba="0,0" hai="57,62,67,88,90,94,96,101" m="11671,47690" machi="57" ten="30,5800,0" yaku="18,1,54,2" doraHai="64" who="2" fromWho="3" sc="234,0,272,0,254,58,240,-58" /><INIT seed="2,1,0,2,3,24" ten="234,272,312,182" oya="2" hai0="25,38,109,112,129,103,47,130,84,113,27,99,16" hai1="96,88,20,29,33,123,8,122,53,126,106,91,3" hai2="107,78,68,124,74,119,82,50,12,94,39,35,104" hai3="26,90,92,43,87,80,11,97,51,72,34,45,37"/><V127/><F39/><W110/><G110/><T30/><D109/><U48/><E126/><N who="2" m="48171" /><F68/><W46/><G72/><T40/><D84/><U13/><E3/><V128/><F35/><W81/><G11/><T59/><D59/><U61/><E61/><V42/><F119/><W102/><G34/><N who="0" m="20815" /><D27/><N who="1" m="16615" /><E33/><V19/><F128/><N who="0" m="49258" /><D16/><N who="1" m="8231" /><E96/><V10/><F94/><AGARI ba="1,0" hai="38,40,47,94,99,103,112,113" m="49258,20815" machi="94" ten="30,2000,0" yaku="19,1,52,1" doraHai="24" who="0" fromWho="2" sc="234,23,272,0,312,-23,182,0" /><INIT seed="3,0,0,5,4,12" ten="257,272,289,182" oya="3" hai0="112,32,119,87,83,48,0,82,41,85,57,125,135" hai1="21,31,10,102,91,97,18,23,2,28,78,44,123" hai2="27,86,79,50,100,88,81,16,114,98,118,25,130" hai3="77,55,58,74,76,122,67,70,68,96,115,80,38"/><W1/><G115/><T60/><D119/><U14/><E123/><V49/><F114/><W110/><G122/><T24/><D112/><U11/><E78/><V22/><F118/><W17/><G38/><T107/><D0/><U4/><E91/><V128/><F27/><W46/><G1/><T29/><D107/><U90/><E90/><V36/><F36/><W39/><G77/><T33/><D125/><U19/><E44/><V65/><F65/><W34/><G34/><T127/><D127/><U108/><E108/><V132/><F132/><W89/><G110/><T9/><D33/><U99/><E99/><V94/><F100/><W103/><G89/><T101/><D101/><U6/><E97/><V69/><F69/><W131/><G131/><AGARI ba="0,0" hai="16,22,25,49,50,79,81,86,88,94,98,128,130,131" machi="131" ten="40,8000,1" yaku="19,1,52,1,54,2" doraHai="12" who="2" fromWho="3" sc="257,0,272,0,289,80,182,-80" owari="257,-14.3,272,7.2,369,46.9,102,-39.8" /></mjloggm>