<mjloggm ver="2.3"><GO type="225" lobby="0"/><UN n0="%E6%A0%B9%E5%85%83%E3%81%8B%E3%82%89%E5%90%B9%E3%81%A3%E9%A3%9B%E3%81%B6" n1="%E3%83%8F%E3%82%BF%E3%83%A2%E3%83%88%E3%83%92%E3%83%AD" n2="%E7%99%BD%E6%97%A5%E9%9B%AA%E8%8F%9C" n3="%4C%4F%4C%49%54%41" dan="17,16,17,16" rate="2188.90,2151.74,2201.47,2162.51" sx="F,M,M,F"/><TAIKYOKU oya="0"/><INIT seed="0,0,0,1,0,9" ten="250,250,250,250" oya="0" hai0="17,50,1,37,40,3,87,28,32,88,124,101,83" hai1="20,113,66,51,134,49,31,107,135,82,55,26,94" hai2="27,75,79,11,81,70,71,103,35,76,44,127,89" hai3="114,14,85,47,110,67,57,0,65,100,93,24,52"/><T18/><D37/><U132/><E107/><V61/><F127/><W69/><G0/><T86/><D101/><U74/><E113/><V133/><F76/><W123/><G69/><T5/><D5/><U115/><E115/><V121/><F121/><W99/><G114/><T104/><D104/><U30/><E66/><V60/><F103/><W58/><G110/><T128/><D128/><U56/><E94/><V15/><F133/><W130/><G130/><T90/><D28/><N who="1" m="17479" /><E49/><V117/><F117/><W131/><G131/><T73/><D32/><U25/><E25/><V45/><F27/><W97/><G24/><T43/><D73/><U116/><E116/><V78/><F35/><W39/><G99/><T105/><D50/><U10/><E10/><V29/><F29/><W118/><G123/><T2/><D105/><U106/><E106/><V41/><F75/><W42/><G118/><T120/><D124/><U59/><E59/><V68/><F45/><W92/><G58/><T46/><D120/><U102/><E102/><V34/><F34/><W95/><G95/><T48/><REACH who="0" step="1"/><D43/><REACH who="0" ten="240,250,250,250" step="2"/><U19/><E19/><V13/><F41/><W109/><G100/><T96/><D96/><U80/><E74/><V21/><F61/><N who="3" m="36007" /><G97/><T53/><D53/><U38/><E38/><V77/><F60/><W64/><G85/><T63/><D63/><U12/><E30/><V129/><F129/><W16/><G109/><T119/><D119/><U108/><E108/><V54/><F54/><W23/><G39/><T4/><D4/><U62/><E31/><V112/><F112/><W22/><G22/><RYUUKYOKU ba="0,1" sc="240,15,250,-15,250,-15,250,15" hai0="1,2,3,17,18,40,46,48,83,86,87,88,90" hai3="14,16,23,42,47,64,65,67,92,93" /><INIT seed="0,1,1,2,3,73" ten="255,235,235,265" oya="0" hai0="22,124,94,35,11,64,14,19,38,53,18,87,61" hai1="72,69,98,134,5,76,55,102,123,17,9,128,13" hai2="66,28,121,58,111,114,82,106,104,132,27,115,57" hai3="118,113,125,70,68,93,127,117,91,10,103,42,105"/><T89/><D124/><N who="3" m="47689" /><G113/><T49/><D38/><U31/><E123/><V59/><F121/><W34/><G34/><T8/><D35/><U79/><E72/><V47/><F111/><W75/><G42/><T78/><D19/><U71/><E31/><V43/><F66/><W65/><G75/><T131/><D131/><U119/><E119/><V116/><F116/><N who="3" m="44651" /><G65/><T3/><D3/><U109/><E109/><V45/><F132/><W84/><G10/><T110/><D110/><U4/><E134/><V0/><F0/><W85/><G85/><T100/><D100/><U50/><E69/><V29/><F82/><W80/><G105/><T46/><REACH who="0" step="1"/><D78/><REACH who="0" ten="245,235,235,265" step="2"/><N who="1" m="29739" /><E128/><V16/><F115/><W60/><G103/><T56/><AGARI ba="1,2" hai="8,11,14,18,22,46,49,53,56,61,64,87,89,94" machi="56" ten="20,12000,1" yaku="1,1,0,1,7,1,8,1,53,1" doraHai="73" doraHaiUra="63" who="0" fromWho="0" sc="245,143,235,-41,235,-41,265,-41" /><INIT seed="0,2,0,3,3,36" ten="388,194,194,224" oya="0" hai0="93,29,109,43,122,113,26,32,35,62,10,110,18" hai1="37,102,116,129,114,97,15,115,2,127,40,124,92" hai2="9,56,103,80,38,130,131,94,107,99,51,104,100" hai3="27,61,54,101,73,132,44,12,42,19,57,21,52"/><T77/><D113/><N who="1" m="43019" /><E2/><V17/><F38/><W6/><G73/><T96/><D77/><U31/><E31/><V88/><F9/><W39/><G132/><T86/><D86/><U126/><E15/><V90/><F17/><W69/><G101/><N who="2" m="38985" /><F56/><W65/><G69/><T67/><D35/><U60/><E60/><V118/><F51/><W34/><REACH who="3" step="1"/><G6/><REACH who="3" ten="388,194,194,214" step="2"/><T134/><D134/><U108/><E116/><V45/><F118/><W119/><G119/><T28/><D110/><U123/><E108/><V0/><F131/><W25/><G25/><T49/><D26/><U81/><E129/><V72/><F130/><W7/><G7/><T58/><D109/><U106/><E123/><V11/><F72/><W24/><G24/><T75/><D122/><U64/><E106/><V78/><F107/><W85/><G85/><T133/><D133/><U20/><E126/><V48/><F104/><W76/><G76/><T41/><D75/><U68/><E124/><V46/><F78/><W83/><G83/><T128/><D128/><U87/><E87/><V23/><F80/><W117/><G117/><T95/><D95/><U14/><E81/><V53/><F94/><W98/><G98/><T135/><D93/><U55/><E92/><V121/><F99/><W1/><G1/><T91/><D96/><U89/><E97/><V47/><F121/><W33/><G33/><T8/><D32/><U13/><E127/><V50/><F0/><W70/><G70/><T4/><D135/><U63/><E102/><V84/><F84/><W66/><G66/><T71/><D67/><U79/><E64/><RYUUKYOKU ba="2,1" sc="388,-10,194,-10,194,-10,214,30" hai3="12,19,21,27,34,39,42,44,52,54,57,61,65" /><INIT seed="1,3,1,3,3,97" ten="378,184,184,244" oya="1" hai0="103,78,18,2,80,111,90,1,87,77,43,29,117" hai1="115,49,8,104,132,70,93,116,13,19,95,119,36" hai2="20,41,121,54,108,32,129,127,81,7,15,57,65" hai3="17,75,82,10,53,48,26,99,16,64,101,100,131"/><U134/><E36/><V52/><F121/><W21/><G131/><T113/><D117/><U66/><E115/><V91/><F32/><W68/><G68/><T0/><D113/><U5/><E104/><V4/><F41/><W112/><G112/><T109/><D29/><U135/><E49/><V88/><F108/><N who="0" m="41546" /><D103/><N who="3" m="39497" /><G75/><T114/><D114/><U42/><E42/><V62/><F129/><W118/><G118/><N who="1" m="45098" /><E5/><N who="2" m="2123" /><F127/><W24/><G99/><T83/><D43/><U124/><E124/><V46/><F46/><N who="3" m="27799" /><G64/><T30/><D30/><U44/><E44/><V39/><F39/><W37/><G37/><T27/><D80/><U67/><E67/><V73/><F73/><W85/><G10/><T31/><D18/><N who="3" m="7273" /><G21/><AGARI ba="3,1" hai="0,1,2,21,27,31,77,78,83,87,90" m="41546" machi="21" ten="40,1300,0" yaku="14,1" doraHai="97" who="0" fromWho="3" sc="378,32,184,0,184,0,244,-22" /><INIT seed="2,0,0,1,2,67" ten="410,184,184,222" oya="2" hai0="19,41,8,30,95,62,64,99,27,0,90,84,42" hai1="36,122,78,13,35,120,96,72,5,39,63,100,18" hai2="4,10,69,88,92,119,103,126,73,32,25,70,24" hai3="71,54,94,28,127,9,7,52,3,68,81,111,114"/><V105/><F119/><W82/><G111/><T21/><D84/><U112/><E112/><V121/><F121/><N who="1" m="46697" /><E5/><V97/><F126/><W22/><G127/><T57/><D0/><U59/><E35/><V85/><F73/><W60/><G114/><T45/><D45/><U104/><E78/><V91/><F91/><W49/><G60/><T11/><D11/><N who="1" m="6463" /><E72/><V98/><F85/><W47/><G54/><AGARI ba="0,0" hai="36,39,54,59,63,96,100,104" m="6463,46697" machi="54" ten="30,1000,0" yaku="13,1" doraHai="67" who="1" fromWho="3" sc="410,0,184,10,184,0,222,-10" /><INIT seed="3,0,0,2,0,31" ten="410,194,184,212" oya="3" hai0="29,47,96,12,17,49,129,34,82,15,21,105,35" hai1="11,64,128,46,4,19,91,60,55,25,120,65,22" hai2="63,119,132,113,124,95,73,23,1,116,127,97,110" hai3="10,33,108,87,117,58,59,104,27,56,80,89,9"/><W39/><G117/><N who="2" m="45129" /><F1/><W92/><G104/><T37/><D37/><U53/><E128/><V68/><F73/><W75/><G39/><T62/><D29/><U112/><E112/><V81/><F113/><W114/><G114/><T93/><D105/><U14/><E120/><V26/><F110/><W2/><G108/><T3/><D3/><U84/><E46/><V76/><F132/><W38/><G38/><T40/><D129/><U20/><E20/><V123/><F123/><W126/><G126/><N who="2" m="48169" /><F63/><W98/><G75/><T77/><D62/><U36/><E36/><V52/><F68/><W16/><G2/><T125/><D15/><U121/><E121/><V66/><F66/><N who="1" m="25705" /><E60/><V101/><F52/><W107/><G33/><T90/><D125/><U32/><E32/><V8/><F8/><W130/><G130/><T44/><D44/><U57/><E57/><V100/><F100/><N who="3" m="60487" /><G107/><T43/><REACH who="0" step="1"/><D40/><REACH who="0" ten="400,194,184,212" step="2"/><U28/><E28/><N who="2" m="17503" /><F76/><W83/><G58/><T135/><D135/><U74/><E74/><AGARI ba="0,1" hai="12,17,21,34,35,43,47,49,74,77,82,90,93,96" machi="74" ten="30,8000,1" yaku="1,1,7,1,52,2,53,1" doraHai="31" doraHaiUra="86" who="0" fromWho="1" sc="400,90,194,-80,184,0,212,0" owari="490,59.0,114,-38.6,184,-21.6,212,1.2" /></mjloggm>