<mjloggm ver="2.3"><GO type="225" lobby="0"/><UN n0="%E5%B8%86%E7%AB%8B%E5%A4%8F%E8%A1%A3" n1="%E3%81%AF%E3%82%88%E3%81%8A%E3%81%98%E3%81%95%E3%82%93" n2="%72%65%6E%6B%75%6E" n3="%E7%9C%9F%E4%B8%80" dan="17,16,17,16" rate="2160.58,2158.55,2230.80,2204.24" sx="M,M,M,M"/><TAIKYOKU oya="0"/><INIT seed="0,0,0,5,5,91" ten="250,250,250,250" oya="0" hai0="33,97,46,29,107,9,99,84,1,55,126,133,122" hai1="67,125,134,85,70,2,13,5,80,105,12,31,41" hai2="72,58,120,60,69,111,19,96,35,90,81,61,73" hai3="116,83,14,135,18,100,131,0,54,48,40,30,123"/><T50/><D122/><U47/><E105/><V104/><F120/><W102/><G123/><T106/><D126/><U86/><E125/><V87/><F35/><W115/><G115/><T103/><D133/><U94/><E134/><V89/><F111/><W42/><G0/><T110/><D110/><U124/><E124/><V23/><F69/><W75/><G116/><T59/><D33/><U108/><E108/><V93/><F104/><W28/><G131/><T20/><D84/><U130/><E130/><V26/><REACH who="2" step="1"/><F61/><REACH who="2" ten="250,250,240,250" step="2"/><W98/><G135/><T38/><D107/><U10/><E70/><V4/><F4/><W49/><G75/><T109/><D106/><U118/><E118/><V77/><F77/><W92/><G102/><T39/><D103/><U132/><E132/><V65/><AGARI ba="0,1" hai="19,23,26,58,60,65,72,73,81,87,89,90,93,96" machi="65" ten="20,5200,0" yaku="1,1,0,1,7,1,52,1,53,0" doraHai="91" doraHaiUra="8" who="2" fromWho="2" sc="250,-26,250,-13,240,62,250,-13" /><INIT seed="1,0,0,5,5,123" ten="224,237,302,237" oya="1" hai0="118,5,104,73,122,50,82,116,67,13,84,49,42" hai1="69,37,120,60,100,93,127,129,89,21,0,7,78" hai2="9,79,131,27,11,2,94,112,124,101,97,98,3" hai3="117,48,4,103,53,59,57,62,70,121,108,91,40"/><U34/><E34/><V76/><F131/><W29/><G121/><T95/><D122/><U8/><E120/><V64/><F64/><W58/><G108/><T18/><D104/><U20/><E129/><V36/><F36/><W119/><G103/><T30/><D73/><U83/><E127/><V135/><F124/><W28/><G4/><T45/><D67/><U44/><E100/><V72/><F135/><W24/><G40/><T128/><D128/><U65/><E44/><V85/><F72/><W96/><G70/><T33/><D95/><U106/><E106/><V19/><F27/><W66/><G59/><T130/><D50/><U77/><E37/><V126/><F85/><W90/><G29/><T86/><D86/><U12/><E0/><V81/><F94/><W39/><G39/><T41/><D41/><U125/><E125/><V35/><F101/><W68/><G68/><T31/><D130/><U55/><E55/><V105/><F105/><W109/><G109/><T75/><D75/><N who="1" m="43455" /><E78/><V26/><F35/><N who="3" m="20871" /><G96/><T132/><D132/><U113/><E113/><V38/><F38/><W107/><G107/><T51/><D33/><U32/><E32/><V74/><F74/><W46/><G46/><N who="0" m="25815" /><D118/><AGARI ba="0,0" hai="48,53,57,58,62,66,90,91,117,118,119" m="20871" machi="118" ten="30,1000,0" yaku="12,1" doraHai="123" who="3" fromWho="0" sc="224,-10,237,0,302,0,237,10" /><INIT seed="2,0,0,1,4,19" ten="214,237,302,247" oya="2" hai0="121,130,108,18,116,24,35,78,46,73,80,25,102" hai1="26,98,126,41,133,90,52,12,0,125,122,97,37" hai2="29,66,124,79,112,15,82,68,118,48,7,91,123" hai3="13,54,117,27,53,6,16,95,34,60,83,36,63"/><V65/><F112/><W101/><G117/><T39/><D121/><U72/><E0/><V17/><F123/><W32/><G36/><T55/><D108/><U8/><E122/><V131/><F118/><W105/><G105/><T62/><D130/><U135/><E72/><V4/><F131/><W96/><G6/><T93/><D116/><U70/><E70/><V100/><F100/><W50/><G54/><T88/><D35/><U11/><E26/><V89/><F29/><W86/><G27/><T20/><D102/><U51/><E41/><V1/><F48/><W92/><G95/><T14/><D39/><U81/><E37/><V109/><F109/><W134/><G134/><N who="1" m="51210" /><E81/><V58/><F68/><W69/><G69/><T104/><D104/><U28/><E28/><V115/><F82/><W119/><G34/><T44/><D44/><N who="1" m="27751" /><E8/><V5/><F1/><W42/><G42/><T57/><REACH who="0" step="1"/><D46/><REACH who="0" ten="204,237,302,247" step="2"/><U21/><E126/><V106/><F124/><W84/><G119/><T127/><D127/><U110/><E125/><V74/><F106/><W64/><G32/><T128/><D128/><U59/><E110/><V76/><F115/><W56/><G64/><T67/><D67/><U120/><E120/><V77/><F66/><W43/><G43/><T9/><D9/><U23/><E59/><V71/><F71/><W111/><G111/><T103/><D103/><U2/><E2/><V45/><F45/><W129/><G129/><T132/><D132/><U10/><E11/><N who="2" m="6399" /><F74/><W107/><G107/><T99/><AGARI ba="0,1" hai="14,18,20,24,25,55,57,62,73,78,80,88,93,99" machi="99" ten="20,8000,1" yaku="1,1,0,1,7,1,52,1,54,1,53,0" doraHai="19" doraHaiUra="40" who="0" fromWho="0" sc="204,90,237,-20,302,-40,247,-20" /><INIT seed="3,0,0,0,5,21" ten="294,217,262,227" oya="3" hai0="76,125,55,68,18,38,135,57,84,133,56,90,52" hai1="82,33,98,23,44,46,72,29,28,37,39,79,2" hai2="99,120,24,117,43,107,73,113,126,54,0,40,100" hai3="114,121,63,74,108,1,85,71,86,3,105,19,59"/><W127/><G114/><T51/><D125/><U91/><E2/><V48/><F113/><W20/><G121/><T45/><D68/><U124/><E124/><V70/><F126/><W93/><G105/><T47/><D76/><U116/><E116/><V7/><F117/><W134/><G127/><T115/><D18/><U50/><E33/><V53/><F70/><W129/><G74/><T95/><D115/><U6/><E6/><V119/><F73/><W8/><G71/><T22/><D22/><U58/><E58/><V5/><F120/><W35/><G35/><T32/><D32/><U118/><E118/><V26/><F119/><W97/><G129/><T67/><D67/><U81/><E46/><N who="2" m="27799" /><F107/><W11/><G134/><N who="0" m="51211" /><D38/><U123/><E123/><V106/><F106/><W9/><G108/><T109/><D109/><U31/><E23/><V62/><F99/><W14/><G3/><T83/><D47/><U122/><E122/><V36/><F100/><W80/><G80/><T89/><D55/><U12/><E12/><V92/><F36/><W77/><G77/><T78/><D90/><U61/><E61/><V69/><F69/><W34/><G1/><T17/><D17/><U131/><E131/><V102/><F0/><W66/><REACH who="3" step="1"/><G34/><REACH who="3" ten="294,217,262,217" step="2"/><T75/><AGARI ba="0,1" hai="45,51,52,56,57,75,78,83,84,89,95" m="51211" machi="75" ten="30,2000,0" yaku="20,1,54,1" doraHai="21" who="0" fromWho="0" sc="294,30,217,-5,262,-5,217,-10" owari="324,42.4,212,-18.8,257,5.7,207,-29.3" /></mjloggm>