<mjloggm ver="2.3"><GO type="225" lobby="0"/><UN n0="%E6%98%93%E5%88%A9%E8%96%A9%E4%BC%AF" n1="%E3%82%B2%E3%82%B9%E8%8C%82%E5%8B%9D" n2="%72%69%6F%75%63%68%61%6E" n3="%E5%8F%AF%E5%85%90%E9%82%A3%E7%94%B1%E5%A4%9A" dan="16,16,17,17" rate="2066.68,2049.00,2208.55,2180.62" sx="F,F,M,F"/><TAIKYOKU oya="0"/><INIT seed="0,0,0,1,4,126" ten="250,250,250,250" oya="0" hai0="89,113,65,29,45,52,77,38,11,99,10,61,121" hai1="1,104,28,24,57,105,43,2,67,117,131,0,82" hai2="108,59,62,80,130,84,85,56,125,55,134,119,51" hai3="102,115,83,74,40,107,75,30,17,78,23,9,36"/><T109/><D113/><U12/><E117/><V41/><F130/><W53/><G115/><T92/><D121/><U32/><E43/><V21/><F108/><W48/><G30/><T132/><D132/><U66/><E82/><V128/><F128/><W114/><G114/><T72/><D109/><U5/><E131/><V69/><F125/><W111/><G111/><T4/><D29/><U18/><E5/><V14/><F134/><W122/><G122/><T135/><D135/><U7/><E7/><V118/><F69/><W106/><G9/><T50/><D38/><U133/><E133/><V90/><F85/><W19/><G19/><T31/><D31/><U91/><E91/><V6/><F41/><W63/><G63/><T33/><D33/><U27/><E27/><V103/><F103/><W68/><G68/><T98/><D98/><U116/><E116/><N who="2" m="44587" /><F21/><W86/><G40/><T16/><D4/><U73/><E73/><V39/><F39/><W22/><G22/><T110/><D110/><U95/><E95/><V37/><F37/><W120/><G36/><T54/><D54/><U46/><E104/><N who="3" m="39978" /><G102/><T79/><D72/><U127/><E105/><V81/><F6/><W26/><G120/><T96/><D96/><U123/><E127/><V58/><F14/><W93/><G93/><T20/><D11/><N who="1" m="6431" /><E123/><V44/><F62/><W97/><G97/><T64/><D10/><U70/><E70/><V76/><F80/><W60/><G60/><T112/><D112/><U124/><E124/><V71/><F71/><W100/><G100/><T8/><D61/><N who="1" m="38191" /><E67/><N who="0" m="25673" /><D8/><U88/><E88/><AGARI ba="0,0" hai="44,51,55,56,58,59,76,81,84,88,90" m="44587" machi="88" ten="30,3900,0" yaku="6,1,12,1,54,1" doraHai="126" who="2" fromWho="1" sc="250,0,250,-39,250,39,250,0" /><INIT seed="1,0,0,0,5,48" ten="250,211,289,250" oya="1" hai0="45,22,115,52,94,93,88,47,75,62,77,18,85" hai1="25,54,46,80,118,64,21,117,30,53,11,33,98" hai2="119,121,59,26,12,0,23,10,120,86,130,16,126" hai3="55,6,114,78,28,5,84,20,41,37,65,87,3"/><U44/><E64/><V89/><F119/><W61/><G114/><T104/><D115/><U83/><E11/><V108/><F108/><W15/><G3/><T73/><D104/><U103/><E33/><V92/><F126/><W128/><G128/><T96/><D75/><U9/><E9/><V36/><F36/><W81/><G37/><T32/><D73/><U112/><E112/><V129/><F0/><W51/><G41/><T34/><D34/><U68/><E68/><V110/><F110/><W4/><G87/><T56/><D32/><U7/><E7/><V24/><F24/><N who="3" m="16391" /><G61/><T17/><D77/><U113/><E113/><V14/><F14/><W58/><G65/><T134/><D134/><U67/><E67/><V116/><F116/><W71/><G71/><T99/><D85/><U49/><E117/><V101/><F101/><W2/><G2/><T19/><D22/><U70/><E70/><V66/><F121/><W125/><G125/><T8/><D8/><AGARI ba="0,0" hai="4,5,6,8,15,51,55,58,78,81,84" m="16391" machi="8" ten="30,2000,0" yaku="8,1,52,1" doraHai="48" who="3" fromWho="0" sc="250,-20,211,0,289,0,250,20" /><INIT seed="2,0,0,5,4,54" ten="230,211,289,270" oya="2" hai0="106,29,89,20,96,32,70,57,61,84,27,1,110" hai1="50,130,116,36,31,66,60,80,73,122,25,46,95" hai2="90,83,53,81,94,13,74,134,114,35,58,98,86" hai3="125,91,17,7,113,6,38,37,93,42,28,104,0"/><V77/><F114/><W4/><G104/><T48/><D1/><U14/><E116/><V21/><F134/><W127/><G113/><T112/><D112/><U22/><E130/><V78/><F35/><W65/><G28/><T5/><D5/><U51/><E122/><V2/><F2/><W101/><G101/><T119/><D110/><U131/><E131/><V19/><F53/><W64/><G0/><T87/><D119/><U103/><E14/><V63/><REACH who="2" step="1"/><F63/><REACH who="2" ten="230,211,279,270" step="2"/><W62/><G62/><T8/><D32/><U109/><E109/><V132/><F132/><W3/><G3/><T18/><D61/><U120/><E120/><V92/><F92/><W71/><G93/><T56/><D106/><U72/><E95/><V23/><F23/><W111/><G111/><T117/><D20/><U15/><E60/><V129/><F129/><W85/><G64/><T76/><D117/><U41/><E66/><V82/><F82/><W34/><G34/><T45/><D45/><U33/><E80/><V102/><F102/><W88/><G65/><T123/><D123/><U68/><E103/><V124/><F124/><W11/><G127/><T128/><D128/><U59/><E33/><V9/><F9/><W43/><G125/><T121/><D8/><U30/><E22/><V40/><F40/><W108/><G43/><T115/><D121/><U49/><E41/><V47/><F47/><W39/><G42/><T126/><D115/><U75/><E46/><V26/><F26/><W16/><G108/><T52/><D126/><U24/><E25/><V133/><F133/><W69/><G11/><RYUUKYOKU ba="0,1" sc="230,-10,211,-10,279,30,270,-10" hai2="13,19,21,58,74,77,78,81,83,86,90,94,98" /><INIT seed="2,1,1,3,5,100" ten="220,201,309,260" oya="2" hai0="133,20,66,94,77,30,109,72,15,4,76,6,64" hai1="16,67,127,63,119,75,99,33,12,38,0,27,128" hai2="120,92,18,13,24,14,117,45,53,90,51,3,40" hai3="50,44,134,118,111,85,22,82,31,34,108,54,65"/><V81/><F117/><W83/><G118/><T103/><D109/><N who="3" m="42057" /><G134/><T57/><D133/><U9/><E119/><V49/><F120/><W26/><G65/><T112/><D112/><U35/><E127/><V11/><F3/><W102/><G102/><T5/><D72/><U80/><E128/><V17/><F24/><N who="3" m="18791" /><G85/><T114/><D114/><U79/><E38/><V74/><F74/><W125/><G125/><T28/><D15/><U106/><E0/><V97/><F81/><W55/><G55/><T29/><D20/><U130/><E130/><V101/><F101/><W21/><G21/><T126/><D126/><U23/><E99/><V46/><REACH who="2" step="1"/><F13/><REACH who="2" ten="220,201,299,260" step="2"/><W95/><G95/><T1/><D1/><U86/><E75/><V10/><F10/><W88/><G88/><T135/><D135/><U25/><E106/><V121/><F121/><W116/><G116/><T7/><N who="0" m="1024" /><DORA hai="8" /><T87/><D103/><U32/><REACH who="1" step="1"/><E9/><REACH who="1" ten="220,191,299,260" step="2"/><V113/><F113/><W91/><G91/><T78/><D87/><U105/><E105/><V98/><F98/><W61/><G22/><T93/><D94/><U19/><E19/><AGARI ba="1,3" hai="11,14,17,18,19,40,45,46,49,51,53,90,92,97" machi="19" ten="30,18000,2" yaku="1,1,7,1,8,1,52,1,53,2" doraHai="100,8" doraHaiUra="47,123" who="2" fromWho="1" sc="220,0,191,-183,299,213,260,0" /><INIT seed="2,2,0,5,2,86" ten="220,8,512,260" oya="2" hai0="87,96,76,72,100,111,102,41,107,98,27,38,77" hai1="47,84,112,1,65,36,7,64,71,90,91,135,81" hai2="28,94,70,15,26,32,75,93,35,44,8,56,104" hai3="79,31,18,134,40,113,78,132,89,124,82,121,24"/><V80/><F70/><W4/><G121/><T103/><D38/><U46/><E112/><V106/><F35/><W129/><G113/><T34/><D41/><U45/><E36/><V52/><F44/><N who="1" m="11265" /><U0/><DORA hai="29" /><E71/><V22/><F22/><W131/><G40/><T73/><D27/><U119/><E119/><V63/><F75/><N who="0" m="28746" /><D34/><U68/><E68/><V11/><F80/><W114/><G114/><T62/><D62/><U85/><E135/><N who="3" m="51754" /><G4/><T66/><D66/><N who="1" m="25707" /><E81/><V115/><F115/><W128/><G18/><T14/><D14/><U83/><E83/><V116/><F116/><W110/><G110/><T108/><D87/><N who="1" m="33355" /><E7/><V51/><F63/><W53/><G82/><T58/><D58/><U92/><E92/><V67/><F67/><W61/><G24/><T122/><D122/><U120/><E120/><V74/><F74/><W50/><G31/><T6/><D6/><U23/><E23/><V12/><F94/><W20/><G20/><T101/><D108/><U17/><E17/><V13/><REACH who="2" step="1"/><F93/><REACH who="2" ten="220,8,502,260" step="2"/><W105/><G61/><T5/><D111/><U10/><E10/><AGARI ba="2,1" hai="8,10,11,12,13,15,26,28,32,51,52,56,104,106" machi="10" ten="40,18000,2" yaku="1,1,2,1,52,1,54,1,53,3" doraHai="86,29" doraHaiUra="59,9" who="2" fromWho="1" sc="220,0,8,-186,502,196,260,0" owari="220,-18.0,-178,-67.8,698,79.8,260,6.0" /></mjloggm>