<mjloggm ver="2.3"><GO type="225" lobby="0"/><UN n0="%E3%82%BF%E3%83%BC%E3%83%90%E3%83%B3%E9%87%8E%E5%8F%A3" n1="%E3%81%82%E3%81%99%E3%81%AB%E3%82%83%E3%82%80" n2="%E3%81%8C%E3%81%9F" n3="%E6%9D%B1%E9%A2%A8%E3%81%AE%E3%81%8D%E3%82%83%E3%81%B7%E3%81%95%E3%82%93" dan="16,16,16,17" rate="2095.48,2137.95,2113.45,2240.57" sx="M,F,M,M"/><TAIKYOKU oya="0"/><INIT seed="0,0,0,4,5,14" ten="250,250,250,250" oya="0" hai0="132,24,20,78,103,133,55,135,18,93,90,111,104" hai1="110,118,49,79,25,122,88,82,41,44,26,131,65" hai2="120,70,102,45,9,12,40,27,48,42,32,66,13" hai3="46,85,119,114,57,101,123,125,28,81,2,130,22"/><T134/><N who="0" m="33792" /><DORA hai="58" /><T19/><D111/><U38/><E110/><V128/><F120/><W127/><G2/><T3/><D3/><U121/><E118/><V124/><F128/><W53/><G123/><T16/><D78/><U94/><E131/><V21/><F124/><W74/><G74/><T67/><D67/><U105/><E105/><V8/><F32/><W68/><G68/><T64/><D64/><U92/><E92/><V100/><F42/><W10/><G101/><N who="2" m="39017" /><F66/><W31/><G10/><N who="2" m="4201" /><F70/><W6/><G6/><T29/><D55/><U39/><E65/><V77/><F77/><W23/><G130/><T113/><D113/><U86/><E121/><V35/><F35/><W17/><G114/><T71/><D71/><U84/><REACH who="1" step="1"/><E122/><REACH who="1" ten="250,240,250,250" step="2"/><V89/><F89/><W115/><G119/><T50/><D50/><U1/><E1/><V106/><F106/><W56/><G115/><T52/><D104/><U126/><E126/><V112/><F112/><W4/><G127/><T63/><D103/><U37/><AGARI ba="0,1" hai="25,26,37,38,39,41,44,49,79,82,84,86,88,94" machi="37" ten="30,7900,0" yaku="1,1,0,1,54,1,53,1" doraHai="14,58" doraHaiUra="72,61" who="1" fromWho="1" sc="250,-39,240,89,250,-20,250,-20" /><INIT seed="1,0,0,2,0,134" ten="211,329,230,230" oya="1" hai0="63,8,129,1,7,73,104,47,132,108,81,2,39" hai1="106,96,102,113,71,68,107,30,128,40,29,0,124" hai2="117,24,83,59,76,70,46,4,121,18,91,109,98" hai3="60,66,119,72,85,116,21,35,33,120,131,100,61"/><U88/><E113/><V111/><F117/><N who="3" m="45131" /><G72/><T32/><D132/><U95/><E0/><V23/><F121/><W78/><G120/><T3/><D108/><U26/><E128/><V94/><F70/><W58/><G131/><T127/><D129/><U103/><E124/><V84/><F4/><W55/><G100/><T82/><D82/><U38/><E40/><V101/><F46/><W69/><G21/><T31/><D104/><U53/><E38/><V118/><F118/><W13/><G13/><T79/><D63/><U97/><E53/><V6/><F6/><W80/><AGARI ba="0,0" hai="33,35,55,58,60,61,66,69,78,80,85" m="45131" machi="80" ten="30,1100,0" yaku="12,1" doraHai="134" who="3" fromWho="3" sc="211,-3,329,-5,230,-3,230,11" /><INIT seed="2,0,0,5,5,56" ten="208,324,227,241" oya="2" hai0="14,124,36,85,120,40,88,103,90,70,130,92,54" hai1="93,64,121,35,32,116,4,81,66,109,27,73,23" hai2="59,42,71,5,0,99,75,16,6,38,60,33,97" hai3="2,128,57,113,118,69,134,37,100,76,82,114,3"/><V53/><F75/><N who="3" m="43295" /><G37/><T94/><D120/><U87/><E116/><V18/><F33/><W47/><G47/><T96/><D130/><U30/><E109/><V72/><F72/><W28/><G100/><T84/><D124/><U15/><E73/><V129/><F129/><W10/><G128/><T11/><D70/><U101/><E121/><V44/><F71/><W131/><G131/><T77/><D77/><U95/><E35/><V104/><F0/><N who="3" m="43" /><G10/><T125/><D125/><U13/><E32/><V45/><F45/><W63/><G28/><T78/><D78/><U115/><E115/><N who="3" m="44042" /><G57/><T39/><D40/><U117/><E117/><V22/><F18/><W123/><G123/><T41/><D54/><U52/><E52/><V119/><F119/><W20/><G20/><T83/><REACH who="0" step="1"/><D41/><REACH who="0" ten="198,324,227,241" step="2"/><U1/><E66/><V135/><F135/><W112/><G118/><T26/><D26/><U106/><E64/><V89/><F104/><W46/><G112/><T105/><D105/><U107/><E106/><V34/><F34/><W31/><G134/><T49/><D49/><U110/><E27/><N who="2" m="14791" /><F97/><W102/><G69/><T50/><D50/><U86/><E107/><V127/><F127/><W61/><G46/><T98/><D98/><U108/><E110/><V79/><F79/><W111/><G111/><T51/><D51/><U8/><E108/><V132/><F132/><W29/><G102/><T126/><D126/><U62/><E101/><V9/><F9/><W80/><G80/><T21/><D21/><U65/><E81/><V122/><F122/><W24/><G24/><T74/><D74/><RYUUKYOKU ba="0,1" sc="198,10,324,-30,227,10,241,10" hai0="11,14,36,39,83,84,85,88,90,92,94,96,103" hai2="5,6,38,42,44,53,59,60,89,99" hai3="29,31,61,63" /><INIT seed="2,1,1,4,2,62" ten="208,294,237,251" oya="2" hai0="125,58,43,18,45,32,112,91,105,12,127,33,61" hai1="23,14,19,92,97,121,94,16,57,104,30,49,122" hai2="116,46,54,76,72,74,5,7,99,123,88,65,117" hai3="9,69,17,83,38,118,36,13,29,100,47,28,10"/><V21/><F123/><N who="1" m="47113" /><E30/><V24/><F65/><W134/><G69/><T34/><D105/><U111/><E111/><V132/><F132/><W95/><G118/><T22/><D91/><U55/><E19/><V66/><F66/><W70/><G70/><T73/><D73/><U6/><E6/><V11/><F116/><W8/><G134/><T84/><D84/><U39/><E39/><V1/><F7/><W41/><G36/><T90/><D90/><U0/><E0/><V52/><F117/><W2/><G83/><T86/><D86/><U80/><E80/><V67/><F67/><W56/><G56/><T27/><D27/><U120/><E120/><V114/><F114/><W128/><G128/><T51/><REACH who="0" step="1"/><D112/><REACH who="0" ten="198,294,237,251" step="2"/><U113/><E113/><V119/><F119/><W44/><G100/><AGARI ba="1,2" hai="14,16,23,49,55,57,92,94,97,100,104" m="47113" machi="100" ten="30,2000,0" yaku="13,1,54,1" doraHai="62" who="1" fromWho="3" sc="198,0,294,43,237,0,251,-23" /><INIT seed="3,0,0,3,5,0" ten="198,337,237,228" oya="3" hai0="103,24,96,102,26,87,85,82,7,23,22,130,132" hai1="47,59,90,98,61,127,67,8,2,74,62,86,97" hai2="21,11,48,99,110,52,37,12,13,81,44,51,128" hai3="31,109,112,43,27,41,73,75,68,33,121,69,55"/><W25/><G121/><T36/><D36/><U65/><E74/><V1/><F1/><W19/><G112/><T20/><D130/><U5/><E47/><V46/><F37/><W117/><G117/><T39/><D39/><U38/><E127/><V16/><F110/><W50/><G109/><T124/><D124/><U105/><E105/><V118/><F128/><W32/><G19/><T100/><D132/><U95/><E38/><V79/><F99/><W101/><G101/><T107/><D107/><U88/><E90/><V92/><F92/><W133/><G133/><T57/><D96/><U54/><E54/><N who="2" m="29959" /><F118/><W76/><G76/><T34/><D34/><U63/><E63/><V10/><F12/><W89/><G89/><T94/><D94/><U77/><E77/><V9/><F79/><W134/><G134/><T71/><D71/><AGARI ba="0,0" hai="2,5,8,59,61,62,65,67,71,86,88,95,97,98" machi="71" ten="30,3900,0" yaku="7,1,52,1,54,1" doraHai="0" who="1" fromWho="0" sc="198,-39,337,39,237,0,228,0" owari="159,-34.1,376,47.6,237,3.7,228,-17.2" /></mjloggm>