<mjloggm ver="2.3"><GO type="225" lobby="0"/><UN n0="%E3%81%B5%E3%81%98%E3%81%8B%E3%81%A4" n1="%E5%86%B7%E5%87%8D%E3%82%AE%E3%83%A7%E3%83%BC%E3%82%B6" n2="%4C%4F%4C%49%54%41" n3="%E3%81%BF%E3%81%BF%E3%81%9A" dan="16,17,16,16" rate="2103.21,2198.05,2190.28,2157.93" sx="M,M,F,M"/><TAIKYOKU oya="0"/><INIT seed="0,0,0,4,3,93" ten="250,250,250,250" oya="0" hai0="48,53,51,21,69,28,32,34,41,54,70,80,97" hai1="120,75,26,102,82,13,24,110,105,44,67,123,37" hai2="84,115,16,55,23,117,58,29,20,128,6,17,124" hai3="106,38,11,50,52,101,103,15,33,85,81,107,12"/><T35/><D80/><U109/><E67/><V134/><F115/><W64/><G38/><T31/><D41/><N who="1" m="22575" /><E13/><V72/><F72/><W111/><G33/><T77/><D77/><N who="1" m="44351" /><E24/><N who="2" m="14343" /><F6/><W121/><G111/><N who="1" m="42506" /><E26/><V92/><F117/><W4/><G64/><T40/><D40/><U98/><AGARI ba="0,0" hai="98,102,105,120,123" m="42506,44351,22575" machi="98" ten="30,4000,0" yaku="14,1,23,1,52,1" doraHai="93" who="1" fromWho="1" sc="250,-20,250,40,250,-10,250,-10" /><INIT seed="1,0,0,2,5,87" ten="230,290,240,240" oya="1" hai0="45,36,135,125,93,85,18,6,35,0,88,97,20" hai1="61,64,62,67,51,132,9,130,30,129,16,69,4" hai2="24,120,94,66,79,47,110,103,5,126,11,134,32" hai3="83,104,123,78,81,38,117,3,95,59,43,86,98"/><U26/><E132/><V55/><F120/><W101/><G3/><T56/><D135/><U46/><E16/><V42/><F134/><W84/><G59/><T70/><D70/><U77/><E77/><V57/><F110/><W74/><G43/><T27/><D125/><U106/><E106/><V17/><F126/><W15/><G15/><T112/><D112/><U114/><E114/><V48/><F79/><N who="3" m="46143" /><G38/><T109/><D109/><U52/><E9/><V90/><F103/><W29/><G29/><T54/><D35/><U1/><E4/><V73/><F73/><W131/><G123/><T28/><D36/><U116/><E1/><V33/><F66/><W13/><G13/><T39/><D39/><U121/><E121/><V23/><F11/><W96/><G131/><T128/><D128/><U10/><E10/><V50/><REACH who="2" step="1"/><F5/><REACH who="2" ten="230,290,230,240" step="2"/><W89/><G117/><T115/><D115/><U63/><E116/><V127/><F127/><W41/><G41/><T133/><D133/><U12/><E129/><V19/><F19/><W65/><G65/><T82/><D6/><U31/><E130/><V7/><F7/><W75/><AGARI ba="0,1" hai="74,75,78,83,86,89,95,96,98,101,104" m="46143" machi="75" ten="30,12000,2" yaku="35,5,52,1" doraHai="87" who="3" fromWho="3" sc="230,-30,290,-60,230,-30,240,130" /><INIT seed="2,0,0,1,0,50" ten="200,230,200,370" oya="2" hai0="134,46,44,97,39,75,1,57,63,87,3,114,119" hai1="80,82,9,16,8,24,128,118,103,115,21,36,58" hai2="43,25,132,5,101,133,40,62,18,84,104,131,91" hai3="90,110,94,67,42,68,13,70,108,66,89,33,49"/><V72/><F72/><W37/><G33/><T77/><D114/><U107/><E115/><V30/><F131/><W34/><G34/><T26/><D75/><U106/><E118/><V74/><F74/><W127/><G37/><T123/><D123/><U109/><E109/><N who="3" m="42090" /><G127/><T12/><D119/><U86/><E36/><V19/><F5/><W112/><G112/><T124/><D124/><U59/><E128/><V29/><F101/><W56/><G13/><T135/><D39/><U17/><E103/><V98/><F98/><W102/><G102/><T11/><D97/><U0/><E0/><V105/><F62/><N who="3" m="38215" /><G67/><T52/><D26/><U27/><E86/><V45/><F104/><W10/><G10/><T65/><D1/><U76/><E76/><V71/><F105/><W14/><G14/><T23/><D3/><U129/><E129/><V60/><F71/><N who="3" m="27179" /><G94/><T85/><D23/><AGARI ba="0,0" hai="8,9,16,17,21,23,24,27,58,59,80,82,106,107" machi="23" ten="25,3200,0" yaku="22,2,54,1" doraHai="50" who="1" fromWho="0" sc="200,-32,230,32,200,0,370,0" /><INIT seed="3,0,0,3,4,128" ten="168,262,200,370" oya="3" hai0="84,33,49,58,60,89,17,3,102,73,50,43,21" hai1="82,1,78,12,105,110,20,108,29,76,24,126,93" hai2="77,87,37,118,57,133,2,14,62,106,51,111,52" hai3="101,61,59,23,25,56,117,39,120,112,129,4,103"/><W30/><G39/><T15/><D73/><U8/><E105/><V94/><F2/><W92/><G117/><T107/><D33/><U7/><E126/><V91/><F106/><W71/><G112/><T28/><D3/><U83/><E93/><V48/><F37/><W38/><G38/><T79/><D79/><U115/><E115/><V72/><F118/><W127/><G71/><T54/><D43/><U80/><E78/><V0/><F0/><W40/><G40/><T9/><D107/><U97/><E97/><N who="2" m="57567" /><F111/><W19/><G129/><T26/><REACH who="0" step="1"/><D102/><REACH who="0" ten="158,262,200,370" step="2"/><U135/><E76/><V99/><F72/><W65/><G101/><T11/><D11/><U13/><E108/><V95/><F133/><W81/><G103/><T132/><D132/><U116/><E110/><V55/><F77/><W122/><G122/><T125/><D125/><U10/><E116/><V44/><F87/><W63/><G120/><T45/><D45/><U124/><E124/><V131/><F131/><W31/><G127/><T66/><D66/><U75/><E75/><V5/><F44/><W121/><G65/><T96/><D96/><U85/><E135/><V22/><F99/><W41/><G41/><T113/><D113/><U90/><E1/><V18/><F55/><W119/><G121/><T123/><D123/><U42/><E42/><V104/><F104/><W64/><G64/><T109/><D109/><U32/><E32/><V69/><F52/><W67/><G67/><T68/><D68/><U35/><E35/><V114/><F69/><W74/><G119/><T86/><D86/><U100/><E100/><RYUUKYOKU ba="0,1" sc="158,15,262,15,200,-15,370,-15" hai0="9,15,17,21,26,28,49,50,54,58,60,84,89" hai1="7,8,10,12,13,20,24,29,80,82,83,85,90" owari="173,-32.7,277,7.7,185,-21.5,365,46.5" /></mjloggm>