<mjloggm ver="2.3"><GO type="225" lobby="0"/><UN n0="%E3%81%86%E3%81%A3%E3%81%97%E3%83%BC%30%30" n1="%E5%A4%96%E5%B7%9D%E7%AB%9C%E6%88%90" n2="%E3%81%82%E3%80%81%E8%B2%A0%E3%81%91%E3%81%BE%E3%81%97%E3%81%9F" n3="%72%69%6F%75%63%68%61%6E" dan="16,16,16,16" rate="2146.12,2147.61,2120.53,2118.83" sx="M,M,M,M"/><TAIKYOKU oya="0"/><INIT seed="0,0,0,5,2,33" ten="250,250,250,250" oya="0" hai0="112,109,10,97,104,32,57,80,123,81,62,83,40" hai1="25,61,108,2,0,5,130,87,115,9,107,116,127" hai2="18,29,51,105,3,91,131,96,21,75,86,94,106" hai3="4,35,64,95,99,17,36,119,59,132,55,31,89"/><T118/><D112/><U66/><E116/><V68/><F131/><W54/><G119/><T84/><D118/><U69/><E130/><V135/><F135/><W45/><G132/><T78/><D123/><U98/><E115/><V34/><F75/><W7/><G64/><T24/><D109/><U125/><E108/><V77/><F68/><W92/><G35/><T60/><D40/><U49/><E49/><V19/><F19/><W63/><G31/><T113/><D113/><U129/><E129/><V42/><F3/><W126/><G126/><N who="1" m="48138" /><E25/><V121/><F121/><W16/><G92/><T22/><D32/><U67/><E67/><V82/><F29/><W1/><G36/><T73/><D10/><U111/><E111/><V50/><F34/><W20/><G1/><N who="1" m="618" /><E87/><V41/><F51/><N who="3" m="29039" /><G17/><T93/><D104/><U70/><E9/><V101/><F50/><W88/><G89/><N who="0" m="55471" /><D73/><U15/><E70/><V26/><F106/><W12/><AGARI ba="0,0" hai="4,7,12,16,20,55,59,63,88,95,99" m="29039" machi="12" ten="30,4000,0" yaku="8,1,54,2" doraHai="33" who="3" fromWho="3" sc="250,-20,250,-10,250,-10,250,40" /><INIT seed="1,0,0,4,3,38" ten="230,240,240,290" oya="1" hai0="100,50,61,113,122,88,124,63,108,9,79,4,107" hai1="86,0,32,24,103,30,90,117,132,18,59,31,87" hai2="126,133,119,39,28,33,131,12,29,127,49,6,97" hai3="47,64,44,83,130,89,94,109,19,105,40,134,66"/><U129/><E117/><V48/><F39/><W15/><G109/><T125/><D113/><U53/><E132/><V78/><F119/><W110/><G110/><T1/><D108/><U3/><E129/><V43/><F78/><W101/><G134/><T74/><D122/><U8/><E31/><V73/><F133/><W41/><G130/><T118/><D118/><U42/><E103/><V95/><F131/><W57/><G83/><N who="0" m="45559" /><D50/><U11/><E87/><V37/><F73/><W114/><G114/><T52/><D88/><U91/><E90/><V96/><F37/><W102/><G105/><T115/><D52/><U106/><E106/><V13/><F6/><W35/><G35/><T72/><D72/><U99/><E99/><V92/><REACH who="2" step="1"/><F33/><REACH who="2" ten="230,240,230,290" step="2"/><W84/><G102/><T123/><D115/><U62/><E32/><V71/><F71/><W36/><G101/><T81/><D100/><U23/><E91/><V77/><F77/><W58/><G36/><T21/><D107/><U70/><E70/><V128/><F128/><W46/><G66/><T67/><D4/><U20/><E86/><V5/><F5/><W68/><G64/><T76/><D67/><U135/><E135/><V60/><F60/><W51/><G68/><T56/><D63/><U34/><E34/><V82/><F82/><W2/><G51/><T93/><D61/><U65/><E65/><V10/><F10/><N who="3" m="6647" /><G2/><N who="1" m="554" /><E8/><V22/><F22/><W80/><G80/><T98/><D9/><U75/><E11/><V17/><F17/><W111/><G111/><T121/><D1/><U14/><E75/><V55/><F55/><RYUUKYOKU ba="0,1" sc="230,-30,240,10,230,10,290,10" hai1="14,18,20,23,24,30,42,53,59,62" hai2="12,13,28,29,43,48,49,92,95,96,97,126,127" hai3="40,41,44,46,47,57,58,84,89,94" /><INIT seed="1,1,1,2,1,118" ten="200,250,240,300" oya="1" hai0="52,131,35,29,76,4,112,21,90,91,133,74,60" hai1="46,126,7,6,22,30,135,0,127,72,20,31,15" hai2="98,119,3,82,54,114,65,40,34,50,123,70,64" hai3="75,132,38,27,79,43,110,66,100,62,61,92,109"/><U5/><E72/><V47/><F119/><W25/><G132/><T58/><D112/><U11/><E46/><V68/><F34/><W10/><G10/><T106/><D133/><U89/><E89/><V121/><F3/><W85/><G75/><T42/><D131/><U103/><E103/><V53/><F98/><N who="3" m="59463" /><G43/><T88/><D35/><U51/><E51/><V77/><F82/><N who="3" m="47327" /><G38/><T80/><D106/><U95/><E95/><V63/><F77/><W45/><G45/><T24/><D4/><N who="1" m="1643" /><E135/><V14/><F14/><W56/><G61/><T44/><REACH who="0" step="1"/><D91/><REACH who="0" ten="190,250,240,300" step="2"/><U81/><E0/><V117/><F114/><W17/><G110/><T41/><D41/><U26/><E81/><V115/><F115/><W102/><G109/><T23/><D23/><U96/><E96/><V108/><F108/><W99/><G99/><T113/><D113/><U32/><E32/><V9/><F9/><W1/><G102/><T93/><D93/><U28/><E22/><V2/><F2/><W55/><G1/><T49/><AGARI ba="1,2" hai="21,24,29,42,44,49,52,58,60,74,76,80,88,90" machi="49" ten="20,12000,2" yaku="1,1,0,1,7,1,54,2,53,1" doraHai="118" doraHaiUra="18" who="0" fromWho="0" sc="190,143,250,-61,240,-31,300,-31" /><INIT seed="2,0,0,4,0,0" ten="333,189,209,269" oya="2" hai0="45,125,58,56,124,81,72,131,46,54,104,76,117" hai1="84,47,77,67,109,3,129,132,89,31,33,128,97" hai2="25,28,16,134,87,48,80,91,15,118,107,20,123" hai3="122,4,85,78,21,7,8,69,75,121,64,92,38"/><V35/><F134/><W108/><G38/><T12/><D104/><U135/><E67/><V55/><F123/><W127/><G108/><T95/><D131/><N who="1" m="50251" /><E47/><V66/><F118/><W115/><G127/><N who="0" m="48715" /><D117/><U74/><E3/><V9/><F107/><W133/><G133/><N who="1" m="51274" /><E31/><V6/><F66/><W112/><G64/><T120/><D95/><N who="1" m="56559" /><E33/><V29/><F35/><W98/><G69/><T43/><D120/><U52/><E52/><V102/><F102/><W10/><G122/><T100/><D100/><U94/><E109/><V113/><F113/><W14/><G121/><T23/><D23/><U49/><E49/><V86/><F86/><W111/><G21/><T51/><D12/><U101/><E74/><V13/><F13/><N who="3" m="5255" /><G75/><T126/><D126/><U40/><E40/><V83/><F83/><N who="3" m="47351" /><G111/><T79/><D81/><N who="1" m="47151" /><E101/><V42/><REACH who="2" step="1"/><F42/><REACH who="2" ten="333,189,199,269" step="2"/><W96/><G92/><AGARI ba="0,1" hai="92,94" m="47151,56559,51274,50251" machi="92" ten="30,7700,0" yaku="19,1,20,1,34,2" doraHai="0" who="1" fromWho="3" sc="333,0,189,87,199,0,269,-77" /><INIT seed="3,0,0,2,5,77" ten="333,276,199,192" oya="3" hai0="60,87,18,74,23,113,15,16,102,50,99,84,22" hai1="40,19,76,95,93,86,133,110,27,81,56,70,118" hai2="32,97,72,100,55,75,2,14,112,9,41,130,68" hai3="71,46,78,114,98,61,108,34,117,128,5,134,94"/><W96/><G114/><T1/><D74/><U4/><E70/><V107/><F112/><W49/><G117/><T35/><D113/><U116/><E110/><V38/><F130/><W37/><G37/><T120/><D120/><U82/><E133/><V121/><F121/><W92/><G128/><T104/><D35/><U24/><E40/><V124/><F124/><W122/><G122/><T58/><D50/><U73/><E4/><N who="2" m="1175" /><F14/><W127/><G127/><T47/><D47/><U111/><E56/><V69/><F55/><W52/><G134/><T6/><D6/><U8/><E8/><V101/><F101/><W20/><G108/><T62/><D62/><U7/><E7/><V66/><F32/><W132/><G132/><T83/><D83/><U48/><E48/><V17/><F17/><W129/><G129/><T3/><D3/><U125/><E125/><V54/><F54/><W28/><G34/><T131/><D1/><U36/><E36/><V59/><F59/><N who="3" m="35047" /><G71/><N who="2" m="27209" /><F66/><W80/><G5/><T109/><D109/><U79/><E111/><V67/><F67/><W123/><G123/><T51/><D51/><U45/><E45/><AGARI ba="0,0" hai="38,41,45,72,75,97,100,107" m="27209,1175" machi="45" ten="30,2000,0" yaku="33,2" doraHai="77" who="2" fromWho="1" sc="333,0,276,-20,199,20,192,0" owari="333,43.3,256,5.6,219,-18.1,192,-30.8" /></mjloggm>