<mjloggm ver="2.3"><GO type="225" lobby="0"/><UN n0="%4B%2E%32%2E%4B%2E" n1="%E3%81%BF%E3%81%BF%E3%81%9A" n2="%4C%4F%4C%49%54%41" n3="%E6%B8%A9%E2%98%85%E6%83%85%E2%98%85%E6%8E%AA%E2%98%85%E7%BD%AE" dan="16,17,16,17" rate="2129.48,2207.09,2156.43,2250.83" sx="M,M,F,M"/><TAIKYOKU oya="0"/><INIT seed="0,0,0,1,2,44" ten="250,250,250,250" oya="0" hai0="8,33,135,97,105,90,0,14,131,107,72,62,130" hai1="1,96,9,63,121,133,47,56,35,51,106,43,41" hai2="61,81,113,7,76,70,13,36,12,86,11,20,29" hai3="102,93,85,25,57,120,59,16,34,17,50,58,134"/><T87/><D72/><U101/><E121/><V49/><F36/><W78/><G120/><T53/><D33/><U88/><E35/><V5/><F113/><W6/><G134/><T4/><D135/><U100/><E133/><V65/><F29/><W108/><G108/><T98/><D0/><U66/><E101/><V71/><F71/><W91/><G6/><T112/><D112/><U40/><REACH who="1" step="1"/><E88/><REACH who="1" ten="250,240,250,250" step="2"/><V110/><F110/><W126/><G102/><T24/><D98/><U95/><E95/><V37/><F81/><N who="3" m="47287" /><G34/><T119/><D97/><U32/><E32/><V60/><F76/><W103/><G103/><T31/><D107/><U74/><E74/><V10/><F86/><N who="3" m="52471" /><G126/><T73/><D105/><U67/><E67/><V30/><F65/><W124/><G124/><T79/><D73/><U27/><E27/><V132/><F132/><W83/><G25/><T42/><D90/><U15/><E15/><V104/><F104/><W22/><G83/><T92/><D92/><U3/><E3/><V99/><F99/><W46/><G22/><T68/><D87/><U80/><E80/><V55/><F20/><W94/><G94/><T125/><D125/><U122/><E122/><V116/><F13/><W69/><G69/><T2/><D2/><U28/><E28/><V18/><F30/><W54/><AGARI ba="0,1" hai="16,17,46,50,54,57,58,59" m="52471,47287" machi="54" ten="30,4000,0" yaku="8,1,52,1,54,1" doraHai="44" who="3" fromWho="3" sc="250,-20,240,-10,250,-10,250,50" /><INIT seed="1,0,0,1,4,50" ten="230,230,240,300" oya="1" hai0="49,1,66,95,122,124,8,79,89,22,74,38,75" hai1="23,15,109,27,125,128,35,73,29,111,0,26,98" hai2="115,43,84,33,90,72,5,112,13,120,121,82,36" hai3="108,67,56,97,10,92,54,76,3,42,46,68,129"/><U80/><E98/><V130/><F33/><W87/><G108/><N who="1" m="41546" /><E73/><V34/><F34/><W4/><G129/><T123/><D38/><U2/><E80/><V107/><F130/><W39/><G87/><T9/><D124/><U48/><E128/><V117/><F117/><W91/><G76/><T11/><D1/><N who="1" m="619" /><E125/><V16/><F5/><W101/><G67/><T114/><D114/><N who="2" m="43562" /><F107/><W88/><G68/><T77/><D75/><U52/><E15/><V30/><F30/><W47/><G47/><T116/><D116/><U19/><E48/><AGARI ba="0,0" hai="3,4,10,39,42,46,48,54,56,88,91,92,97,101" machi="48" ten="30,3900,0" yaku="7,1,52,1,54,1" doraHai="50" who="3" fromWho="1" sc="230,0,230,-39,240,0,300,39" /><INIT seed="2,0,0,5,5,22" ten="230,191,240,339" oya="2" hai0="10,64,56,89,127,23,52,83,124,54,132,65,110" hai1="42,82,118,96,116,25,135,59,9,123,50,17,69" hai2="19,39,103,128,51,1,24,80,45,60,4,33,2" hai3="71,102,18,107,62,0,77,115,87,5,75,131,129"/><V125/><F39/><W13/><G115/><T98/><D110/><U113/><E69/><V30/><F125/><N who="0" m="48202" /><D132/><U20/><E113/><V31/><F128/><N who="3" m="49227" /><G75/><T35/><D35/><U95/><E135/><V3/><F103/><W16/><G0/><T70/><D70/><U11/><E123/><V72/><F30/><W58/><G71/><T91/><D10/><U61/><E82/><V66/><F19/><W100/><G5/><T43/><D43/><U29/><E118/><V8/><F80/><N who="3" m="47503" /><G107/><T40/><D40/><U14/><E116/><V38/><F38/><W46/><G46/><T88/><D23/><N who="1" m="15551" /><E50/><V44/><F72/><W74/><G18/><T99/><D83/><U67/><E42/><V92/><F92/><W78/><G78/><T57/><D57/><U15/><E15/><V21/><F33/><W120/><G120/><T48/><D54/><U49/><E49/><V85/><F45/><W37/><G74/><T105/><D105/><U101/><AGARI ba="0,0" hai="9,11,14,17,20,59,61,67,95,96,101" m="15551" machi="101" ten="30,4000,0" yaku="25,1,8,1,52,1" doraHai="22" who="1" fromWho="1" sc="230,-10,191,40,240,-20,339,-10" /><INIT seed="3,0,0,3,1,65" ten="220,231,220,329" oya="3" hai0="3,19,130,45,23,69,121,91,0,120,98,62,63" hai1="99,112,49,119,80,96,30,73,10,115,6,52,79" hai2="28,78,58,114,108,15,57,72,70,90,17,50,64" hai3="18,76,126,61,2,83,8,97,134,22,77,74,82"/><W24/><G134/><T11/><D130/><U20/><E119/><V116/><F116/><W87/><G126/><T113/><D113/><U41/><E41/><V129/><F114/><W94/><G61/><T5/><D0/><U1/><E112/><V132/><F70/><W106/><G106/><T47/><D120/><U14/><E115/><V109/><F129/><W7/><G94/><T88/><D121/><U123/><E123/><V21/><F132/><W131/><G97/><T16/><D19/><U102/><E102/><V31/><F64/><W67/><G67/><T93/><D69/><U59/><REACH who="1" step="1"/><E14/><REACH who="1" ten="220,221,220,329" step="2"/><V84/><F72/><W32/><G131/><T35/><D3/><U124/><E124/><V39/><F39/><W36/><G36/><T60/><D35/><U38/><E38/><V135/><F135/><W95/><G32/><T104/><D104/><U44/><E44/><V29/><F78/><W111/><G76/><T133/><D133/><U33/><E33/><V55/><REACH who="2" step="1"/><F57/><REACH who="2" ten="220,221,210,329" step="2"/><W40/><G77/><T118/><D118/><U71/><E71/><V43/><F43/><W85/><G74/><T34/><D47/><U86/><E86/><V46/><F46/><W13/><G87/><T81/><D45/><U25/><AGARI ba="0,2" hai="1,6,10,20,25,30,49,52,59,73,79,80,96,99" machi="25" ten="30,4000,0" yaku="1,1,0,1,54,1,53,0" doraHai="65" doraHaiUra="68" who="1" fromWho="1" sc="220,-10,221,60,210,-10,329,-20" owari="210,-19.0,281,8.1,200,-30.0,309,40.9" /></mjloggm>