<mjloggm ver="2.3"><GO type="225" lobby="0"/><UN n0="%4C%4F%4C%49%54%41" n1="%E9%80%9F%E6%B0%B4%E5%87%9B%E9%A6%99" n2="%E3%81%8C%E3%81%9F" n3="%E4%B8%89%E5%86%A0%E7%8E%8B%E3%83%BB%E5%B1%B1%E7%94%B0%E5%93%B2%E4%BA%BA" dan="16,16,16,16" rate="2168.50,2166.88,2053.88,2119.24" sx="F,F,F,M"/><TAIKYOKU oya="0"/><INIT seed="0,0,0,0,4,103" ten="250,250,250,250" oya="0" hai0="64,69,88,122,111,95,74,105,0,100,134,72,46" hai1="1,16,70,34,8,91,118,131,50,54,109,40,96" hai2="39,124,36,67,3,116,68,17,21,55,89,123,128" hai3="28,77,78,102,6,119,20,79,30,31,43,90,59"/><T49/><D122/><U130/><E118/><V19/><F123/><W48/><G119/><T65/><D0/><U45/><E34/><V27/><F116/><W113/><G113/><T62/><D134/><U132/><E70/><V86/><F3/><W61/><G102/><T18/><D65/><U33/><E33/><V106/><F106/><W76/><N who="3" m="19456" /><DORA hai="38" /><W107/><G107/><T24/><D111/><U14/><E109/><V129/><F124/><W127/><G127/><T53/><D100/><U47/><E132/><V101/><F101/><W2/><G90/><T121/><D121/><U44/><E1/><V60/><F19/><W10/><G20/><T115/><D115/><U104/><E104/><V98/><F98/><W108/><G108/><T80/><D80/><U83/><E96/><V5/><F55/><W135/><G135/><T51/><D105/><U42/><E131/><N who="2" m="50251" /><F5/><W41/><REACH who="3" step="1"/><G48/><REACH who="3" ten="250,250,250,240" step="2"/><T35/><D51/><U32/><E32/><V12/><F27/><W133/><G133/><T23/><REACH who="0" step="1"/><D35/><REACH who="0" ten="240,250,250,240" step="2"/><U26/><E130/><V114/><F114/><W9/><G9/><T4/><D4/><U11/><E11/><V71/><F71/><W22/><G22/><T7/><D7/><U125/><E125/><V97/><F36/><W84/><G84/><AGARI ba="0,2" hai="18,23,24,46,49,53,62,64,69,72,74,84,88,95" machi="84" ten="30,11600,0" yaku="1,1,7,1,54,1,53,1" doraHai="103,38" doraHaiUra="15,37" who="0" fromWho="3" sc="240,136,250,0,250,0,240,-116" /><INIT seed="0,1,0,1,2,82" ten="376,250,250,124" oya="0" hai0="0,96,88,131,79,37,100,60,132,46,25,110,35" hai1="130,121,15,112,59,7,63,21,76,30,75,116,29" hai2="134,108,109,5,9,103,123,78,44,6,52,104,40" hai3="85,10,71,13,135,28,68,111,115,83,56,42,117"/><T2/><D131/><U53/><E116/><V39/><F123/><W81/><G115/><T113/><D113/><U24/><E121/><V65/><F134/><W3/><G117/><T122/><D122/><U47/><E112/><V91/><F65/><W114/><G114/><T69/><D132/><U45/><E130/><V36/><F36/><W74/><G135/><T51/><D79/><U70/><E70/><V80/><F91/><W50/><G3/><T57/><D37/><U32/><E32/><V61/><F103/><W66/><G28/><T8/><D8/><N who="1" m="4511" /><E75/><N who="2" m="43103" /><F104/><W126/><G111/><N who="2" m="42569" /><F9/><W124/><G74/><T11/><D11/><U106/><E106/><V54/><F61/><W4/><G71/><T19/><D110/><U120/><E120/><V128/><F128/><W107/><G107/><T31/><D69/><U89/><E76/><V64/><F64/><W34/><G34/><T133/><D133/><U129/><E129/><V95/><F95/><W72/><G68/><T84/><D100/><U16/><E89/><V92/><F92/><W101/><G101/><T93/><D2/><U86/><E86/><V97/><F97/><W119/><G119/><T20/><D96/><U77/><E77/><V125/><F125/><N who="3" m="48235" /><G72/><T41/><D0/><U58/><E58/><V14/><F14/><W12/><G12/><T23/><D19/><U102/><E102/><V55/><AGARI ba="1,0" hai="5,6,39,40,44,52,54,55" m="42569,43103" machi="55" ten="30,2000,0" yaku="14,1,54,1" doraHai="82" who="2" fromWho="2" sc="376,-11,250,-6,250,23,124,-6" /><INIT seed="1,0,0,1,3,9" ten="365,244,273,118" oya="1" hai0="84,125,71,97,124,52,90,83,55,73,64,75,117" hai1="102,101,129,66,48,118,1,7,89,33,98,46,50" hai2="51,37,41,21,0,29,133,112,38,134,39,2,6" hai3="36,25,135,86,57,3,56,8,61,69,116,67,14"/><U132/><E33/><V4/><F112/><W70/><G36/><T88/><D117/><U87/><E118/><V31/><F51/><W22/><G116/><T72/><D71/><U10/><E132/><N who="2" m="50795" /><F41/><W122/><G135/><T78/><D64/><U119/><E129/><V115/><F115/><W47/><G122/><T30/><D30/><N who="2" m="11274" /><F21/><W65/><G3/><AGARI ba="0,0" hai="0,2,3,4,6,37,38,39" m="11274,50795" machi="3" ten="40,5200,0" yaku="28,2,20,1" doraHai="9" who="2" fromWho="3" sc="365,0,244,0,273,52,118,-52" /><INIT seed="2,0,0,3,5,100" ten="365,244,325,66" oya="2" hai0="30,70,116,50,4,111,57,96,63,135,58,79,115" hai1="44,9,105,13,133,99,73,71,29,94,89,114,51" hai2="32,40,25,55,34,68,85,17,83,42,95,121,124" hai3="27,77,125,86,54,126,33,36,45,15,47,61,43"/><V59/><F121/><W6/><G33/><T102/><D115/><U80/><E71/><V38/><F68/><W1/><G27/><T127/><D111/><U118/><E114/><V26/><F124/><W14/><G1/><T129/><D127/><N who="3" m="48649" /><G6/><T119/><D135/><U110/><E118/><N who="0" m="45097" /><D129/><U7/><E110/><V53/><F32/><W56/><G47/><T19/><D30/><U78/><E133/><V72/><F72/><W117/><G117/><T76/><D4/><U82/><E82/><AGARI ba="0,0" hai="14,15,36,43,45,54,56,61,77,82,86" m="48649" machi="82" ten="30,1000,0" yaku="18,1" doraHai="100" who="3" fromWho="1" sc="365,0,244,-10,325,0,66,10" /><INIT seed="3,0,0,3,2,126" ten="365,234,325,76" oya="3" hai0="16,134,34,19,1,32,118,84,94,41,2,77,89" hai1="92,119,106,12,3,115,37,66,7,105,39,25,62" hai2="129,64,112,46,20,104,68,111,56,107,99,117,5" hai3="21,93,128,40,73,91,49,95,121,15,65,70,27"/><W28/><G121/><T42/><D118/><U8/><E115/><V100/><F112/><W85/><G73/><T113/><D113/><U18/><E119/><V51/><F117/><W6/><G70/><T82/><D134/><U97/><E25/><V131/><F68/><W31/><G65/><T33/><D19/><U17/><E106/><V53/><F111/><W79/><G79/><T23/><D1/><U35/><E105/><V86/><F104/><W50/><G128/><N who="2" m="49225" /><F86/><W78/><G78/><T110/><D2/><U102/><E35/><V13/><F64/><W108/><G108/><T26/><REACH who="0" step="1"/><D110/><REACH who="0" ten="355,234,325,76" step="2"/><U47/><E47/><V24/><F5/><W132/><G132/><T75/><AGARI ba="0,1" hai="16,23,26,32,33,34,41,42,75,77,82,84,89,94" machi="75" ten="30,7900,0" yaku="1,1,2,1,0,1,54,1,53,0" doraHai="126" doraHaiUra="133" who="0" fromWho="0" sc="355,89,234,-20,325,-20,76,-39" owari="444,54.4,214,-18.6,305,10.5,37,-46.3" /></mjloggm>