<mjloggm ver="2.3"><GO type="225" lobby="0"/><UN n0="%E3%83%8F%E3%83%B3%E3%83%89%E3%83%A9%E3%83%BC%E3%83%BB%E3%83%AF%E3%83%B3" n1="%E6%A1%9C%E8%8A%B1%E9%96%83%E3%80%85" n2="%E8%B6%85%E7%B4%9A%E9%B3%B3%E5%87%B0" n3="%E3%81%A0%E3%81%8A" dan="17,16,16,16" rate="2223.79,2125.69,2167.69,2044.53" sx="M,M,F,M"/><TAIKYOKU oya="0"/><INIT seed="0,0,0,1,3,131" ten="250,250,250,250" oya="0" hai0="101,98,33,53,75,107,84,35,5,134,91,104,9" hai1="36,49,28,125,123,30,21,24,118,34,87,112,128" hai2="93,90,55,10,37,50,52,60,11,99,77,110,12" hai3="57,59,18,122,88,70,25,86,121,65,116,124,80"/><T2/><D104/><U113/><E36/><V32/><F37/><W79/><G116/><T74/><D134/><U6/><E118/><V81/><F32/><W58/><G124/><T47/><D53/><U19/><E123/><N who="3" m="47114" /><G70/><T0/><D0/><U27/><E49/><V130/><F130/><W16/><G25/><T68/><D68/><U109/><E87/><V64/><F110/><W114/><G114/><N who="1" m="44138" /><E128/><V95/><F95/><N who="3" m="54679" /><G65/><T69/><D69/><U111/><E6/><V54/><F50/><W78/><G78/><T46/><D35/><N who="1" m="20871" /><E125/><V63/><F64/><W103/><G103/><T42/><D33/><U45/><E45/><V39/><F39/><W15/><G15/><AGARI ba="0,0" hai="15,19,21,27,30,34,109,111" m="20871,44138" machi="15" ten="30,3900,0" yaku="11,1,34,2" doraHai="131" who="1" fromWho="3" sc="250,0,250,39,250,0,250,-39" /><INIT seed="1,0,0,3,2,113" ten="250,289,250,211" oya="1" hai0="1,71,130,91,20,67,10,105,101,48,50,41,72" hai1="125,68,14,103,127,108,117,33,18,60,6,31,119" hai2="23,26,64,55,19,47,114,66,96,102,95,44,62" hai3="73,0,25,59,118,39,22,84,97,70,112,76,12"/><U121/><E103/><V132/><F114/><W61/><G70/><T51/><D72/><U75/><E75/><V58/><REACH who="2" step="1"/><F132/><REACH who="2" ten="250,289,240,211" step="2"/><W32/><G112/><T37/><D130/><U69/><E121/><V57/><F57/><W5/><G59/><T49/><D71/><U87/><E69/><V35/><F35/><W83/><G32/><T90/><D41/><U65/><E108/><V94/><F94/><W88/><G39/><T115/><D37/><U106/><E106/><V53/><F53/><W80/><G83/><T93/><D93/><U52/><E52/><V42/><F42/><W8/><G80/><T28/><D105/><U54/><E54/><V78/><F78/><W120/><G76/><T123/><D115/><U129/><E129/><V46/><AGARI ba="0,1" hai="19,23,26,44,46,47,55,58,62,64,66,95,96,102" machi="46" ten="30,4000,0" yaku="1,1,0,1,8,1,53,0" doraHai="113" doraHaiUra="36" who="2" fromWho="2" sc="250,-10,289,-20,240,50,211,-10" /><INIT seed="2,0,0,0,3,123" ten="240,269,290,201" oya="2" hai0="9,15,121,35,78,70,0,84,54,74,105,47,118" hai1="109,63,90,42,38,39,79,81,113,111,100,115,69" hai2="50,133,66,86,99,116,37,65,122,25,112,41,44" hai3="5,126,93,11,98,71,80,67,12,58,94,21,40"/><V101/><F122/><W108/><G126/><T77/><D121/><U43/><E90/><V55/><F112/><N who="1" m="43081" /><E100/><V130/><F116/><W87/><G71/><T95/><D105/><U73/><E43/><V3/><F3/><W59/><G40/><T26/><D0/><U4/><E4/><V106/><F130/><W125/><G125/><T52/><D70/><U22/><E22/><V85/><F133/><W31/><G108/><N who="1" m="41546" /><E42/><V46/><REACH who="2" step="1"/><F25/><REACH who="2" ten="240,269,280,201" step="2"/><W29/><G29/><T1/><D26/><U6/><E6/><V10/><F10/><W83/><G31/><T89/><D9/><U28/><E28/><V2/><F2/><W48/><G11/><T97/><D1/><U17/><E17/><V135/><F135/><W60/><G5/><T62/><D118/><U82/><E82/><V53/><F53/><W36/><G83/><T134/><D52/><U127/><E127/><V110/><F110/><W96/><G80/><T20/><D54/><U102/><E102/><V75/><F75/><W92/><G12/><T128/><D15/><U56/><E69/><V27/><F27/><W8/><G8/><T16/><D16/><U23/><E23/><V88/><F88/><W61/><G21/><T30/><D20/><U124/><E124/><V119/><F119/><W103/><G103/><T33/><D89/><U131/><E131/><V117/><F117/><W7/><G7/><T68/><D128/><U64/><AGARI ba="0,1" hai="38,39,56,63,64,73,79,81" m="41546,43081" machi="64" ten="30,7900,0" yaku="14,1,52,3" doraHai="123" who="1" fromWho="1" sc="240,-20,269,89,280,-39,201,-20" /><INIT seed="3,0,0,1,4,100" ten="220,358,241,181" oya="3" hai0="1,125,98,41,90,115,22,52,119,85,44,117,19" hai1="108,16,73,42,113,26,74,9,30,24,111,0,83" hai2="110,47,25,57,45,23,99,81,122,107,28,106,84" hai3="59,43,67,102,34,78,60,104,126,72,133,129,109"/><W61/><G34/><T32/><D32/><U93/><E113/><V63/><F110/><W10/><G109/><T17/><D1/><U15/><E42/><V18/><F122/><W8/><G126/><T56/><D125/><U89/><E26/><V7/><F7/><W27/><G129/><T94/><D115/><U6/><E74/><V40/><F18/><W55/><G133/><T50/><D19/><U70/><E70/><V35/><F99/><W76/><G43/><T49/><REACH who="0" step="1"/><D98/><REACH who="0" ten="210,358,241,181" step="2"/><U69/><E16/><V21/><F35/><W135/><G135/><T14/><AGARI ba="0,1" hai="14,17,22,41,44,49,50,52,56,85,90,94,117,119" machi="14" ten="20,16000,3" yaku="1,1,2,1,0,1,7,1,25,2,54,1,53,1" doraHai="100" doraHaiUra="86" who="0" fromWho="0" sc="210,170,358,-40,241,-40,181,-80" owari="380,48.0,318,11.8,201,-19.9,101,-39.9" /></mjloggm>