<mjloggm ver="2.3"><GO type="225" lobby="0"/><UN n0="%E6%A1%9C%E8%8A%B1%E9%96%83%E3%80%85" n1="%72%61%6B%33" n2="%E6%B8%A9%E2%98%85%E6%83%85%E2%98%85%E6%8E%AA%E2%98%85%E7%BD%AE" n3="%E8%81%B7%E6%A5%AD%E3%80%81%E9%A2%A8%32" dan="16,17,16,16" rate="2108.78,2178.36,2163.87,2122.98" sx="M,M,M,M"/><TAIKYOKU oya="0"/><INIT seed="0,0,0,4,0,27" ten="250,250,250,250" oya="0" hai0="125,89,97,86,53,30,0,110,82,19,3,98,132" hai1="109,1,63,135,37,44,38,76,74,61,116,31,16" hai2="73,9,113,20,17,114,101,122,107,26,59,32,123" hai3="14,35,13,52,4,12,60,95,87,90,80,84,45"/><T39/><D125/><U36/><E116/><V2/><F73/><W18/><G35/><T71/><D132/><U8/><E135/><V68/><F68/><W120/><G120/><N who="2" m="46121" /><F59/><N who="3" m="34919" /><G45/><T62/><D39/><U112/><E112/><N who="2" m="43115" /><F101/><W133/><G133/><T102/><D110/><U91/><E109/><V10/><F107/><W93/><G4/><T48/><D19/><U121/><E121/><V126/><F126/><W111/><G111/><T119/><D119/><U40/><E91/><V79/><F79/><N who="3" m="46111" /><G95/><T54/><D0/><U57/><E1/><V5/><F10/><AGARI ba="0,0" hai="10,12,13,14,18,87,90,93" m="46111,34919" machi="10" ten="30,2000,0" yaku="8,1,54,1" doraHai="27" who="3" fromWho="2" sc="250,0,250,0,250,-20,250,20" /><INIT seed="1,0,0,2,5,90" ten="250,250,230,270" oya="1" hai0="0,8,15,37,21,88,46,97,42,85,7,117,82" hai1="4,60,76,127,63,111,41,106,18,71,54,131,78" hai2="126,38,64,17,69,50,43,14,56,134,44,27,135" hai3="108,98,55,30,49,133,11,112,1,87,121,62,99"/><U70/><E106/><V23/><F126/><W107/><G108/><T32/><D32/><U45/><E4/><V79/><F79/><W75/><G112/><T129/><D129/><U61/><E131/><V128/><F128/><W16/><G75/><T91/><D117/><U29/><E29/><V118/><F118/><W132/><G121/><T100/><D91/><U2/><E2/><V125/><F125/><W123/><G123/><T73/><D73/><U58/><E127/><V57/><F27/><W52/><G30/><T122/><D122/><U35/><E35/><V110/><F110/><W39/><G39/><T5/><D21/><U84/><E111/><V9/><F23/><W114/><G114/><T6/><REACH who="0" step="1"/><D0/><REACH who="0" ten="240,250,230,270" step="2"/><U72/><E72/><V24/><F24/><W48/><G1/><T93/><AGARI ba="0,1" hai="5,6,7,8,15,37,42,46,82,85,88,93,97,100" machi="93" ten="20,12000,2" yaku="1,1,2,1,0,1,7,1,52,1,54,1,53,0" doraHai="90" doraHaiUra="13" who="0" fromWho="0" sc="240,130,250,-60,230,-30,270,-30" /><INIT seed="2,0,0,3,3,98" ten="370,190,200,240" oya="2" hai0="41,21,111,89,117,11,30,109,35,24,132,126,77" hai1="122,44,74,0,95,125,70,63,121,59,129,20,7" hai2="31,13,124,68,92,6,75,127,118,14,82,40,53" hai3="103,22,93,84,71,96,86,102,47,73,65,29,33"/><V26/><F118/><W57/><G73/><T104/><D104/><U85/><E74/><V135/><F135/><W32/><G71/><T49/><D126/><N who="2" m="48170" /><F68/><W80/><G86/><T119/><D77/><U76/><E125/><V56/><F40/><W58/><G33/><T128/><D128/><U64/><E129/><V83/><F92/><W81/><G32/><T112/><D112/><U90/><E70/><V50/><F6/><W94/><G47/><N who="0" m="25839" /><D132/><U66/><E66/><V39/><F39/><W54/><G65/><T67/><D67/><U36/><E76/><N who="2" m="44319" /><F83/><N who="3" m="31819" /><G84/><T34/><D119/><U18/><E36/><V134/><F134/><W133/><G133/><T113/><D117/><U10/><REACH who="1" step="1"/><E44/><REACH who="1" ten="370,180,200,240" step="2"/><V78/><F78/><W110/><G110/><T5/><D111/><U43/><E43/><V115/><F115/><W27/><G54/><T52/><D52/><U87/><E87/><V97/><F97/><AGARI ba="0,1" hai="22,27,29,57,58,93,94,96,97,102,103" m="31819" machi="97" ten="30,3900,0" yaku="8,1,52,2" doraHai="98" who="3" fromWho="2" sc="370,0,180,0,200,-39,240,49" /><INIT seed="3,0,0,2,2,43" ten="370,180,161,289" oya="3" hai0="46,24,66,60,94,25,111,106,76,80,64,132,62" hai1="101,37,6,81,133,52,117,41,99,104,35,34,57" hai2="20,4,85,102,11,13,87,23,114,33,67,0,88" hai3="7,113,26,5,69,118,109,89,82,96,91,128,54"/><W15/><G118/><T9/><D111/><U72/><E117/><V92/><F114/><W3/><G113/><T130/><D130/><U18/><E6/><V71/><F33/><W77/><G69/><T122/><D106/><U116/><E116/><V74/><F74/><W58/><G3/><T8/><D46/><U63/><E133/><V123/><F123/><W61/><G128/><T32/><D94/><U129/><E129/><V10/><F102/><W83/><G109/><T84/><D132/><U93/><E104/><V107/><F107/><W115/><G115/><T90/><D90/><N who="3" m="34313" /><G26/><N who="0" m="10347" /><D32/><U56/><E18/><V125/><F125/><W29/><G29/><T103/><D103/><U97/><E97/><V127/><F127/><W49/><G96/><T73/><D73/><U40/><E56/><V30/><F87/><N who="3" m="48591" /><G83/><T36/><D36/><U38/><E38/><V95/><F95/><W86/><G86/><T79/><D79/><U119/><E119/><V53/><F30/><W112/><G112/><T22/><D122/><U120/><E120/><V2/><F2/><W50/><G15/><T124/><D124/><U42/><REACH who="1" step="1"/><E37/><REACH who="1" ten="370,170,161,289" step="2"/><V126/><F126/><W45/><G50/><T110/><D110/><U70/><E70/><V48/><F71/><W51/><G51/><T65/><D62/><U14/><E14/><V55/><F67/><AGARI ba="0,1" hai="5,7,45,49,54,58,61,67" m="48591,34313" machi="67" ten="30,2900,0" yaku="8,1,52,1" doraHai="43" who="3" fromWho="2" sc="370,0,170,0,161,-29,289,39" /><INIT seed="3,1,0,2,2,53" ten="370,170,132,328" oya="3" hai0="0,16,104,6,52,85,48,5,80,19,103,117,14" hai1="64,55,22,128,112,70,97,107,34,58,106,32,11" hai2="50,12,101,92,8,25,35,46,65,66,41,44,89" hai3="13,72,116,93,42,27,86,96,62,56,23,88,135"/><W111/><G116/><T98/><D0/><U18/><E112/><V110/><F110/><W57/><G72/><T75/><D75/><U20/><E11/><V118/><F118/><W15/><G111/><T43/><D43/><U51/><E22/><V67/><F101/><N who="3" m="60559" /><G135/><T37/><D37/><U59/><E70/><V102/><F102/><W76/><G76/><T73/><D73/><U130/><E32/><V122/><F122/><W21/><G42/><T60/><D60/><N who="1" m="37911" /><E97/><V4/><F35/><W109/><G109/><T123/><D19/><U83/><E83/><V124/><F124/><W100/><G100/><T38/><D38/><U26/><E34/><V134/><F134/><W126/><G126/><T127/><D123/><U33/><E33/><V29/><F46/><W115/><G115/><T108/><D108/><U132/><E132/><V87/><REACH who="2" step="1"/><F25/><REACH who="2" ten="370,170,122,328" step="2"/><W7/><G27/><T78/><D117/><U95/><E107/><V9/><F9/><N who="3" m="4287" /><G15/><T63/><D127/><U17/><E106/><V3/><F3/><W99/><G99/><T71/><D98/><U121/><E121/><V40/><F40/><W28/><G28/><AGARI ba="1,1" hai="4,8,12,28,29,41,44,50,65,66,67,87,89,92" machi="28" ten="40,5200,0" yaku="1,1,8,1,53,1" doraHai="53" doraHaiUra="45" who="2" fromWho="3" sc="370,0,170,0,122,65,328,-55" owari="370,47.0,170,-33.0,187,-21.3,273,7.3" /></mjloggm>