<mjloggm ver="2.3"><GO type="225" lobby="0"/><UN n0="%73%75%7A%75%72%61%6E%65" n1="%6E%69%63%6B%6C%6F%77" n2="%E7%AD%89%E3%80%85%E5%8A%9B%E5%8A%87%E5%A0%B4" n3="%E3%81%B2%E3%81%AA%E3%81%AE%E3%82%8A%E3%81%8F" dan="16,16,16,17" rate="2076.09,2099.06,2159.33,2185.49" sx="M,F,M,M"/><TAIKYOKU oya="0"/><INIT seed="0,0,0,4,1,102" ten="250,250,250,250" oya="0" hai0="64,2,15,89,115,88,107,51,61,56,124,0,24" hai1="58,130,40,78,74,63,65,54,75,72,55,92,127" hai2="62,27,66,82,109,12,119,32,125,38,13,111,49" hai3="123,86,53,23,71,105,11,1,116,77,118,10,129"/><T103/><D115/><U35/><E35/><V128/><F38/><W28/><G71/><T95/><D124/><U25/><E127/><V39/><F39/><W126/><G53/><T19/><D24/><U8/><E40/><V93/><F125/><W48/><G48/><T104/><D89/><U121/><E121/><V4/><F93/><W79/><G86/><T80/><D80/><U16/><E78/><V91/><F49/><W68/><G68/><T133/><D133/><U99/><E130/><V135/><F4/><W21/><G126/><T120/><D120/><U110/><E110/><V134/><F91/><W17/><G17/><T44/><D103/><U85/><E85/><V26/><F82/><W18/><G18/><T37/><D37/><U90/><REACH who="1" step="1"/><E8/><REACH who="1" ten="250,240,250,250" step="2"/><V76/><F76/><W81/><G77/><T30/><D30/><U60/><E60/><V131/><F62/><W106/><G79/><T69/><D69/><U84/><E84/><V108/><F32/><W31/><G123/><T112/><D112/><U33/><E33/><V46/><F109/><W29/><G129/><T87/><D44/><U3/><E3/><V45/><F46/><W7/><G1/><T114/><D114/><U132/><E132/><V52/><F45/><W42/><G42/><T122/><D122/><U36/><E36/><V73/><F135/><W9/><G9/><N who="0" m="6639" /><D51/><U113/><E113/><V83/><F134/><W59/><G11/><T47/><D47/><U96/><E96/><V50/><F131/><W70/><G10/><T100/><D100/><U5/><E5/><V22/><F128/><RYUUKYOKU ba="0,1" sc="250,15,240,15,250,-15,250,-15" hai0="0,2,56,61,64,87,88,95,104,107" hai1="16,25,54,55,58,63,65,72,74,75,90,92,99" /><INIT seed="0,1,1,4,2,119" ten="265,255,235,235" oya="0" hai0="126,17,9,14,130,104,20,5,15,77,90,123,33" hai1="22,0,6,108,25,74,105,109,116,60,70,28,112" hai2="7,58,97,101,16,99,87,13,39,29,38,26,63" hai3="54,53,10,120,37,72,18,127,118,78,110,23,76"/><T30/><D104/><U103/><E116/><V36/><F7/><W8/><G118/><T49/><D77/><U84/><E74/><V125/><F125/><W91/><G37/><T66/><D66/><U129/><E129/><V121/><F87/><W3/><G110/><T114/><D90/><U62/><E112/><V117/><F117/><W57/><G127/><T68/><D68/><U88/><E103/><V79/><F79/><W67/><G67/><T32/><D49/><U47/><E105/><V19/><F121/><W100/><G100/><T96/><D96/><U61/><E70/><V24/><F99/><W92/><G54/><T82/><D82/><U102/><E102/><V113/><F113/><W106/><G106/><T51/><D51/><U40/><E6/><V59/><F59/><W64/><G64/><T93/><D93/><U86/><E0/><V71/><F71/><W27/><G120/><T122/><D130/><U95/><REACH who="1" step="1"/><E86/><REACH who="1" ten="265,245,235,235" step="2"/><V65/><F101/><W131/><G72/><T80/><D114/><U35/><E35/><N who="0" m="13385" /><D126/><U56/><E56/><V98/><F58/><W43/><G131/><T124/><D124/><U50/><AGARI ba="1,2" hai="22,25,28,40,47,50,60,61,62,84,88,95,108,109" machi="50" ten="30,4000,0" yaku="1,1,0,1,54,1,53,0" doraHai="119" doraHaiUra="135" who="1" fromWho="1" sc="265,-21,245,63,235,-11,235,-11" /><INIT seed="1,0,0,0,2,31" ten="244,308,224,224" oya="1" hai0="15,22,99,17,29,2,80,44,38,126,116,34,63" hai1="12,27,36,117,45,110,132,68,0,128,37,7,108" hai2="124,115,111,13,122,66,107,20,75,118,83,81,76" hai3="84,104,18,67,39,103,8,46,102,91,89,70,43"/><U135/><E117/><V52/><F118/><W113/><G113/><T56/><D116/><U100/><E45/><V69/><F122/><W6/><G104/><T5/><D126/><U48/><E48/><V114/><F107/><W93/><G18/><T88/><D44/><U95/><E68/><V119/><F119/><W10/><G10/><N who="0" m="2359" /><D38/><U90/><E100/><V87/><F111/><N who="1" m="42537" /><E0/><V97/><F97/><W49/><G39/><T33/><D33/><U106/><E106/><V133/><F133/><N who="1" m="51273" /><E27/><V65/><F124/><W26/><G26/><N who="0" m="18743" /><D99/><N who="1" m="57847" /><E128/><V78/><F69/><W62/><REACH who="3" step="1"/><G91/><REACH who="3" ten="244,308,224,214" step="2"/><T40/><D88/><U53/><E7/><V79/><F115/><W129/><G129/><T23/><D40/><U105/><E105/><V28/><F114/><W24/><G24/><T94/><D23/><U58/><E12/><AGARI ba="0,1" hai="6,8,12,43,46,49,62,67,70,84,89,93,102,103" machi="12" ten="30,2000,0" yaku="1,1,7,1,53,0" doraHai="31" doraHaiUra="71" who="3" fromWho="1" sc="244,0,308,-20,224,0,214,30" /><INIT seed="2,0,0,4,0,5" ten="244,288,224,244" oya="2" hai0="102,43,85,107,127,83,47,0,116,113,125,36,79" hai1="16,130,123,23,84,8,63,56,108,105,24,89,106" hai2="100,120,49,51,65,15,124,20,28,59,121,52,71" hai3="18,76,103,1,55,80,86,96,2,78,33,31,115"/><V135/><F135/><W44/><G115/><T122/><D113/><U111/><E130/><V87/><F124/><N who="0" m="47690" /><D116/><U54/><E123/><V57/><F71/><W99/><G76/><T3/><D122/><U27/><E27/><V60/><F100/><W7/><G33/><T126/><N who="0" m="47698" /><T90/><DORA hai="131" /><D90/><U6/><E105/><V58/><F87/><W67/><G31/><T32/><D32/><U73/><E106/><V98/><F98/><AGARI ba="0,0" hai="0,3,36,43,47,79,83,85,98,102,107" m="47698" machi="98" ten="40,1300,0" yaku="18,1" doraHai="5,131" who="0" fromWho="2" sc="244,13,288,0,224,-13,244,0" /><INIT seed="3,0,0,1,5,87" ten="257,288,211,244" oya="3" hai0="134,44,107,18,84,54,65,58,31,47,8,48,27" hai1="124,50,68,128,75,23,120,19,1,116,79,21,101" hai2="98,60,35,30,29,125,132,123,69,70,62,126,16" hai3="13,81,85,24,119,55,56,122,74,130,6,45,114"/><W26/><G114/><T43/><D107/><U78/><E120/><V36/><F36/><W38/><G122/><T3/><D134/><U59/><E1/><V113/><F123/><W91/><G119/><T135/><D135/><U51/><E68/><N who="2" m="26219" /><F35/><W64/><G64/><T7/><D65/><U115/><E115/><V95/><F132/><W133/><G133/><T61/><D18/><U94/><E75/><V11/><F113/><W129/><G74/><T46/><REACH who="0" step="1"/><D84/><REACH who="0" ten="247,288,211,244" step="2"/><U121/><E121/><V2/><F30/><W111/><G85/><T4/><D4/><U103/><E116/><V33/><F29/><W110/><G6/><T102/><D102/><U80/><E103/><V42/><F16/><W131/><G129/><T14/><D14/><U67/><E128/><V96/><F2/><W92/><G13/><T5/><D5/><U76/><E80/><V40/><F126/><W63/><G81/><T73/><D73/><U106/><E106/><V37/><F125/><W109/><G130/><T105/><D105/><U57/><E124/><V32/><F98/><N who="3" m="57631" /><G131/><T25/><D25/><U41/><E67/><V117/><F96/><W52/><G26/><T28/><D28/><U0/><E0/><V34/><F117/><W10/><G24/><T71/><D71/><U104/><E104/><V12/><F12/><W88/><G110/><T20/><AGARI ba="0,1" hai="3,7,8,20,27,31,43,44,46,47,48,54,58,61" machi="20" ten="20,2700,0" yaku="1,1,0,1,7,1,53,0" doraHai="87" doraHaiUra="127" who="0" fromWho="0" sc="247,37,288,-7,211,-7,244,-13" /><INIT seed="4,0,0,2,5,27" ten="284,281,204,231" oya="0" hai0="93,56,55,98,127,82,35,75,130,8,109,73,18" hai1="96,30,39,125,23,133,20,28,89,116,54,24,51" hai2="43,4,129,117,3,38,65,19,63,97,13,31,114" hai3="92,14,86,67,40,100,57,32,103,10,81,111,131"/><T16/><D35/><U59/><E116/><V105/><F114/><W62/><G111/><T53/><D109/><U76/><E39/><V119/><F129/><W121/><G131/><T2/><D2/><U47/><BYE who="0" /><E125/><V69/><F3/><W107/><G107/><T15/><D15/><U94/><E133/><UN n0="%73%75%7A%75%72%61%6E%65" /><V95/><F4/><W132/><G132/><T102/><D130/><U36/><E36/><V33/><F105/><W134/><G134/><T11/><D55/><N who="1" m="30207" /><E76/><V68/><F68/><W5/><G121/><T120/><D120/><U126/><E126/><V58/><F69/><W70/><G32/><T72/><D82/><U42/><E42/><V77/><F77/><W113/><G113/><T101/><D101/><U34/><E34/><V60/><F60/><W64/><G40/><T115/><D115/><U44/><E44/><V99/><F38/><W108/><G108/><T52/><D127/><U74/><E74/><V112/><F43/><W46/><G46/><T6/><D53/><U122/><E122/><V87/><F112/><W79/><G70/><T9/><REACH who="0" step="1"/><D6/><REACH who="0" ten="274,281,204,231" step="2"/><U12/><E12/><V7/><F7/><W61/><G103/><T21/><D21/><N who="1" m="8267" /><E24/><V110/><F110/><W123/><G123/><T85/><D85/><U90/><E89/><N who="2" m="53695" /><F119/><W37/><G14/><T0/><D0/><U45/><E45/><V22/><F117/><W83/><G100/><T41/><D41/><U78/><E78/><V118/><F118/><W29/><G79/><T84/><D84/><U91/><E91/><V88/><F88/><W104/><G86/><T106/><D106/><RYUUKYOKU ba="0,1" sc="274,10,281,10,204,10,231,-30" hai0="8,9,11,16,18,52,56,72,73,75,93,98,102" hai1="28,30,54,59,90,94,96" hai2="13,19,22,31,33,58,63,65,97,99" /><INIT seed="4,1,1,2,1,128" ten="284,291,214,201" oya="0" hai0="18,118,17,96,85,1,109,53,48,21,125,100,46" hai1="92,16,70,117,58,23,94,51,65,43,134,22,101" hai2="25,93,42,119,26,76,88,8,115,37,10,3,83" hai3="98,47,82,123,107,35,68,9,20,69,116,45,55"/><T72/><D72/><U86/><E134/><V60/><F115/><W5/><G35/><T71/><D1/><U103/><E70/><V75/><F119/><W126/><G116/><T90/><D118/><U29/><E117/><V30/><F26/><W11/><G123/><T122/><D122/><U66/><E23/><V49/><F37/><W13/><G126/><T19/><D71/><U129/><E29/><V2/><F3/><W34/><G34/><T77/><D77/><U130/><E130/><V80/><F2/><W7/><G82/><N who="0" m="49463" /><D109/><U32/><E32/><V6/><F83/><W104/><G20/><T78/><D78/><U110/><E110/><V133/><F133/><W36/><G36/><T108/><D125/><U113/><E113/><V131/><F131/><W44/><G98/><T79/><D79/><U4/><E4/><V87/><F6/><W63/><G55/><T28/><D28/><U132/><E132/><V38/><F38/><W112/><G112/><T61/><D61/><N who="1" m="38071" /><E66/><V41/><F60/><W24/><G24/><N who="0" m="14383" /><D108/><U89/><E94/><AGARI ba="1,1" hai="18,19,46,48,53,94,96,100" m="14383,49463" machi="94" ten="30,1500,0" yaku="8,1" doraHai="128" who="0" fromWho="1" sc="284,28,291,-18,214,0,201,0" owari="312,41.2,273,7.3,214,-18.6,201,-29.9" /></mjloggm>