<mjloggm ver="2.3"><GO type="225" lobby="0"/><UN n0="%E5%A4%9C%E3%81%AE%E3%82%AC%E3%82%B9%E3%83%91%E3%83%BC%E3%83%AB" n1="%4C%4F%4C%49%54%41" n2="%E3%81%BF%E3%81%BF%E3%81%9A" n3="%E3%81%86%E3%81%A9%E3%82%93%E3%81%93" dan="16,16,18,16" rate="2195.34,2165.56,2233.24,2147.04" sx="M,F,M,M"/><TAIKYOKU oya="0"/><INIT seed="0,0,0,3,5,9" ten="250,250,250,250" oya="0" hai0="111,49,127,90,12,54,83,109,105,126,110,43,0" hai1="74,41,87,31,131,47,95,81,60,69,14,92,134" hai2="3,23,107,6,91,101,20,46,124,132,70,8,4" hai3="115,94,75,103,28,64,82,59,118,62,102,22,19"/><T114/><D0/><U10/><E74/><V76/><F70/><W97/><G115/><T50/><D114/><U30/><E131/><V66/><F66/><W78/><G118/><T53/><D105/><U2/><E2/><V33/><F33/><W121/><G121/><T84/><D43/><U48/><E134/><V93/><F132/><W7/><G7/><T21/><D21/><U27/><E60/><V11/><F76/><W80/><G80/><T71/><D71/><U108/><E108/><V68/><F68/><W35/><G35/><T13/><D50/><U5/><E69/><V37/><F101/><W89/><REACH who="3" step="1"/><G28/><REACH who="3" ten="250,250,250,240" step="2"/><T39/><D39/><U72/><E72/><V130/><F37/><W40/><G40/><T15/><REACH who="0" step="1"/><D54/><REACH who="0" ten="240,250,250,240" step="2"/><U17/><E41/><V77/><F130/><W58/><G58/><AGARI ba="0,2" hai="12,13,15,49,53,58,83,84,90,109,110,111,126,127" machi="58" ten="50,24000,3" yaku="1,1,2,1,14,1,10,1,52,3,53,1" doraHai="9" doraHaiUra="86" who="0" fromWho="3" sc="240,260,250,0,250,0,240,-240" /><INIT seed="0,1,0,2,0,135" ten="500,250,250,0" oya="0" hai0="78,128,90,95,57,91,77,79,9,80,126,38,73" hai1="4,107,21,29,102,49,86,129,103,61,18,105,37" hai2="50,39,30,25,46,56,68,11,109,113,2,52,132" hai3="60,7,100,26,104,76,81,17,111,47,40,108,127"/><T72/><D38/><U53/><E37/><V118/><F132/><W93/><G7/><T97/><D57/><U31/><E105/><V13/><F109/><N who="3" m="42059" /><G104/><T114/><D114/><U58/><E107/><V20/><F113/><W74/><G60/><T14/><D128/><U43/><E129/><V130/><F130/><W59/><G59/><T133/><D133/><U55/><E43/><V12/><F118/><W6/><G6/><T28/><D28/><N who="1" m="10827" /><E86/><V62/><F2/><W115/><G115/><T33/><D33/><U0/><E4/><V69/><F39/><N who="3" m="21919" /><G127/><T35/><D126/><U45/><E0/><V5/><REACH who="2" step="1"/><F12/><AGARI ba="1,0" hai="12,18,21,45,49,53,55,58,61,102,103" m="10827" machi="12" ten="30,1000,0" yaku="8,1" doraHai="135" who="1" fromWho="2" sc="500,0,250,13,250,-13,0,0" /><INIT seed="1,0,0,1,2,125" ten="500,263,237,0" oya="1" hai0="56,17,36,121,59,2,19,58,134,92,41,112,120" hai1="11,114,84,122,72,96,38,13,34,39,90,99,132" hai2="1,74,49,131,104,78,75,115,69,94,47,40,105" hai3="61,54,73,33,16,45,52,0,48,51,64,55,46"/><U89/><E114/><V124/><F124/><W109/><G73/><T77/><D112/><U65/><E72/><V95/><F115/><W63/><G0/><T24/><D2/><U103/><E34/><V27/><F1/><W81/><G33/><T135/><D77/><U128/><E122/><N who="0" m="47209" /><D41/><U80/><E132/><V91/><F69/><W83/><G109/><T53/><D36/><U6/><E128/><V101/><F131/><W98/><G98/><T57/><BYE who="1" /><D92/><U110/><E110/><V79/><F27/><W20/><G55/><UN n1="%4C%4F%4C%49%54%41" /><T88/><D88/><U116/><E116/><V82/><F101/><W22/><G64/><T93/><D93/><U31/><E65/><V102/><F102/><W70/><G70/><T127/><D127/><U18/><E39/><V23/><F23/><W3/><G3/><T76/><D76/><U117/><E38/><V43/><F82/><W119/><G119/><T15/><D24/><U8/><E117/><V10/><F91/><BYE who="3" /><W108/><G108/><T9/><BYE who="1" /><D19/><U21/><E21/><V133/><F133/><UN n1="%4C%4F%4C%49%54%41" /><UN n3="%E3%81%86%E3%81%A9%E3%82%93%E3%81%93" /><W111/><G111/><T5/><D17/><AGARI ba="0,0" hai="16,17,20,22,45,46,48,51,52,54,61,63,81,83" machi="17" ten="25,8000,1" yaku="22,2,8,1,54,2" doraHai="125" who="3" fromWho="0" sc="500,-80,263,0,237,0,0,80" /><INIT seed="2,0,0,4,3,65" ten="420,263,237,80" oya="2" hai0="88,110,61,70,89,76,40,132,120,130,103,108,23" hai1="72,63,56,75,8,84,116,123,37,18,85,134,42" hai2="48,98,43,3,73,112,39,4,80,113,125,62,135" hai3="77,27,28,16,60,119,5,69,19,44,105,100,127"/><V121/><F121/><W25/><G119/><T59/><D120/><U41/><E123/><V33/><F48/><W36/><G77/><T94/><D70/><U30/><E116/><V38/><F98/><N who="3" m="61591" /><G5/><T129/><D132/><U53/><E134/><V90/><F135/><W35/><G27/><T31/><D40/><N who="1" m="15467" /><E72/><V87/><F33/><W17/><G44/><T67/><D76/><U126/><E75/><V91/><F125/><W26/><G26/><N who="0" m="16863" /><D89/><U92/><E37/><V74/><F62/><W2/><G2/><T102/><D129/><U124/><E30/><V133/><F133/><W51/><G51/><T14/><D14/><N who="1" m="7495" /><E126/><V55/><F43/><W54/><G54/><T99/><D130/><U107/><E124/><V45/><F55/><W128/><G127/><T96/><D96/><U122/><E122/><V111/><F111/><AGARI ba="0,0" hai="59,61,67,88,94,99,102,103,108,110,111" m="16863" machi="111" ten="30,2000,0" yaku="14,1,54,1" doraHai="65" who="0" fromWho="2" sc="420,20,263,0,237,-20,80,0" /><INIT seed="3,0,0,1,5,50" ten="440,263,217,80" oya="3" hai0="51,40,72,66,116,63,83,33,94,89,107,4,3" hai1="76,129,78,70,10,68,134,38,114,11,77,125,16" hai2="14,104,2,20,46,0,56,24,88,17,133,87,91" hai3="105,26,58,117,79,102,69,90,47,9,29,60,109"/><W132/><G117/><T23/><D33/><U25/><E38/><V120/><F133/><W121/><G121/><T122/><D107/><U84/><E114/><V32/><F120/><W113/><G113/><T5/><D3/><U103/><E134/><V7/><F104/><W6/><G132/><T57/><D116/><U81/><E103/><V35/><F46/><W48/><G79/><N who="1" m="30282" /><E68/><V54/><F91/><W108/><G69/><T73/><D23/><N who="1" m="13543" /><E70/><V34/><F24/><W61/><G90/><T62/><D62/><U75/><E75/><V67/><F67/><W97/><G48/><T111/><D111/><N who="3" m="42569" /><G47/><T27/><D51/><U128/><E125/><V39/><F39/><W28/><G26/><T64/><D27/><U135/><E135/><V21/><F21/><W86/><G86/><T59/><D89/><U98/><E98/><V124/><F124/><W44/><G44/><T130/><D122/><U95/><E128/><V19/><F19/><W55/><G61/><T8/><D73/><U74/><E129/><V131/><F131/><W12/><AGARI ba="0,0" hai="6,9,12,28,29,55,58,60,97,102,105" m="42569" machi="12" ten="30,6000,0" yaku="14,1,10,1,52,1" doraHai="50" who="3" fromWho="3" sc="440,-20,263,-20,217,-20,80,60" /><INIT seed="3,1,0,0,1,31" ten="420,243,197,140" oya="3" hai0="103,16,61,64,20,44,107,57,45,84,63,73,75" hai1="56,11,133,102,2,53,69,135,18,126,124,47,109" hai2="94,29,110,130,89,114,98,25,115,62,59,125,65" hai3="120,113,34,55,121,77,39,76,93,23,12,118,60"/><W131/><G118/><T14/><D107/><U15/><E109/><V97/><F110/><W74/><G113/><T54/><D103/><U99/><E69/><V134/><F125/><N who="1" m="48233" /><E47/><V127/><F127/><W68/><G34/><T38/><D38/><U86/><E86/><V46/><F130/><W50/><G39/><T78/><D75/><U95/><E2/><V91/><F134/><W27/><G131/><T105/><D73/><U48/><AGARI ba="1,0" hai="11,15,18,48,53,56,95,99,102,133,135" m="48233" machi="48" ten="30,1100,0" yaku="18,1" doraHai="31" who="1" fromWho="1" sc="420,-4,243,14,197,-4,140,-6" owari="416,51.6,257,5.7,193,-20.7,134,-36.6" /></mjloggm>