<mjloggm ver="2.3"><GO type="225" lobby="0"/><UN n0="%E5%AE%AE%E4%BF%9D%E9%B6%8F%E8%82%89" n1="%E3%81%AF%E3%82%88%E3%81%8A%E3%81%98%E3%81%95%E3%82%93" n2="%4B%2E%32%2E%4B%2E" n3="%6E%65%77%E8%BC%AA%E5%A4%A7%E7%B4%8D%E8%A8%80" dan="16,17,16,16" rate="2125.86,2217.64,2077.54,2105.03" sx="M,M,M,M"/><TAIKYOKU oya="0"/><INIT seed="0,0,0,2,0,27" ten="250,250,250,250" oya="0" hai0="50,120,78,99,4,58,14,130,127,48,3,73,24" hai1="98,60,54,93,92,85,135,83,46,132,76,65,26" hai2="95,12,49,90,81,118,126,71,108,115,124,122,10" hai3="34,80,105,77,62,32,5,109,79,42,97,133,113"/><T56/><D120/><U86/><E26/><V69/><F122/><W66/><G113/><T87/><D73/><U121/><E121/><V17/><F115/><W116/><G116/><T107/><D3/><U19/><E19/><V131/><F118/><W22/><G109/><T119/><D119/><U29/><E29/><V91/><F108/><W20/><G5/><T53/><D127/><N who="2" m="48682" /><F131/><W96/><G42/><T11/><D130/><U6/><E6/><V84/><F49/><W103/><G133/><N who="1" m="51274" /><E86/><AGARI ba="0,0" hai="10,12,17,69,71,81,84,86,90,91,95" m="48682" machi="86" ten="30,1000,0" yaku="18,1" doraHai="27" who="2" fromWho="1" sc="250,0,250,-10,250,10,250,0" /><INIT seed="1,0,0,1,0,30" ten="250,240,260,250" oya="1" hai0="101,96,50,135,120,113,91,1,74,95,24,41,55" hai1="131,87,29,100,105,106,71,84,57,28,42,107,73" hai2="83,54,125,94,123,86,134,66,18,72,129,126,11" hai3="114,111,110,27,127,36,44,77,112,48,58,88,39"/><U37/><E71/><V33/><F123/><W38/><G77/><T6/><D113/><N who="3" m="43625" /><G27/><T103/><D74/><U10/><E73/><V7/><F129/><W121/><G88/><T2/><D135/><U79/><E131/><V109/><F134/><W99/><G99/><T78/><D78/><U98/><E37/><V63/><F109/><N who="3" m="41483" /><G121/><T0/><D41/><U49/><E10/><V128/><F128/><W32/><G32/><T69/><D69/><U19/><E19/><V90/><F18/><W108/><N who="3" m="41491" /><W68/><DORA hai="80" /><G68/><T17/><D6/><U62/><E79/><V89/><F33/><W56/><G127/><T9/><D120/><U16/><E16/><V3/><F72/><W14/><G14/><T21/><REACH who="0" step="1"/><D9/><REACH who="0" ten="240,240,260,250" step="2"/><U104/><E42/><AGARI ba="0,1" hai="36,38,39,42,44,48,56,58" m="41491,43625" machi="42" ten="50,6400,0" yaku="14,1,34,2" doraHai="30,80" who="3" fromWho="1" sc="240,0,240,-64,260,0,250,74" /><INIT seed="2,0,0,5,0,115" ten="240,176,260,324" oya="2" hai0="84,67,19,33,71,87,99,38,94,101,122,0,128" hai1="86,129,42,39,6,32,118,18,23,17,125,14,34" hai2="96,113,58,120,55,44,135,41,49,62,43,11,26" hai3="69,56,111,72,1,48,54,108,82,100,73,127,61"/><V9/><F120/><W20/><G127/><T5/><D122/><U28/><E86/><V116/><F113/><W107/><G1/><T25/><D38/><U12/><E42/><V97/><F135/><W88/><G20/><N who="0" m="13471" /><D71/><U83/><E83/><V92/><F116/><W80/><G100/><T114/><D0/><U8/><E39/><V10/><F26/><W3/><G107/><T46/><D33/><N who="1" m="12907" /><E129/><V95/><F41/><W117/><G3/><T64/><D5/><U134/><E125/><V76/><REACH who="2" step="1"/><F76/><REACH who="2" ten="240,176,250,324" step="2"/><W85/><G117/><T40/><D114/><U121/><E134/><V103/><F103/><W47/><G69/><T123/><D123/><U31/><E121/><V2/><F2/><W50/><G111/><T119/><D119/><U74/><E118/><V68/><F68/><W4/><G108/><T132/><D132/><U51/><E31/><V59/><F59/><W131/><G131/><T52/><D40/><U77/><E28/><V15/><F15/><W24/><G24/><T70/><D128/><U63/><E77/><V65/><F65/><W102/><G102/><T13/><D13/><U133/><E133/><V98/><AGARI ba="0,1" hai="9,10,11,43,44,49,55,58,62,92,95,96,97,98" machi="98" ten="30,11700,0" yaku="1,1,0,1,8,1,53,1" doraHai="115" doraHaiUra="57" who="2" fromWho="2" sc="240,-39,176,-39,250,127,324,-39" /><INIT seed="2,1,0,0,1,89" ten="201,137,377,285" oya="2" hai0="121,52,109,15,83,86,126,133,38,54,50,60,93" hai1="58,77,107,101,53,31,67,23,114,80,135,70,96" hai2="75,44,119,46,128,84,91,79,108,111,78,95,35" hai3="102,66,105,48,82,104,34,71,25,18,57,127,16"/><V1/><F119/><W41/><G127/><T81/><D121/><U51/><E135/><V2/><F35/><W13/><G71/><T42/><D38/><U17/><E114/><V99/><F128/><W21/><G34/><T29/><D126/><U112/><E112/><V0/><F75/><W124/><G124/><T74/><D74/><U43/><E43/><V110/><F99/><W37/><G37/><T49/><D133/><U72/><E31/><V39/><F39/><W90/><G102/><T100/><D109/><U59/><E70/><V20/><F20/><W134/><G134/><T125/><D125/><U64/><REACH who="1" step="1"/><E59/><REACH who="1" ten="201,127,377,285" step="2"/><V7/><F111/><W103/><G41/><T12/><D29/><U129/><E129/><V3/><F110/><W131/><G131/><T130/><D42/><U118/><E118/><V68/><F68/><W65/><G57/><T30/><D30/><U26/><AGARI ba="1,1" hai="17,23,26,51,53,58,64,67,72,77,80,96,101,107" machi="26" ten="20,2700,0" yaku="1,1,0,1,7,1,53,0" doraHai="89" doraHaiUra="4" who="1" fromWho="1" sc="201,-8,127,40,377,-14,285,-8" /><INIT seed="3,0,0,5,3,74" ten="193,167,363,277" oya="3" hai0="42,22,69,117,82,38,13,86,9,32,24,61,100" hai1="65,17,107,110,23,26,130,6,95,135,58,30,91" hai2="5,46,87,66,89,15,8,47,112,28,0,72,129" hai3="25,122,41,43,68,52,123,49,7,78,79,3,70"/><W11/><G25/><T77/><D117/><U21/><E107/><V53/><F72/><W62/><G70/><T85/><D32/><U113/><E113/><V75/><F75/><W1/><G1/><T90/><D100/><U83/><E110/><V56/><F112/><W81/><G62/><T2/><D2/><U64/><E130/><V60/><F129/><W126/><G68/><T51/><D38/><U96/><E135/><V10/><F28/><W106/><G106/><T40/><D69/><U76/><E6/><V108/><F108/><W67/><G67/><T31/><D61/><U92/><E92/><V94/><F66/><W88/><G88/><T99/><D99/><U111/><E111/><V14/><F0/><W124/><G43/><T102/><D102/><U39/><E39/><V132/><F132/><W120/><G41/><T80/><D51/><U12/><E58/><V55/><F55/><W127/><G81/><T93/><D93/><U103/><E103/><V29/><F29/><W118/><G118/><T97/><D97/><U54/><E54/><V115/><F115/><W36/><G36/><T109/><D109/><U128/><E128/><V116/><F116/><W101/><G101/><T27/><D27/><U50/><E50/><V16/><AGARI ba="0,0" hai="5,8,10,14,15,16,46,47,53,56,60,87,89,94" machi="16" ten="20,5200,0" yaku="0,1,7,1,8,1,54,1" doraHai="74" who="2" fromWho="2" sc="193,-13,167,-13,363,52,277,-26" owari="180,-22.0,154,-34.6,415,51.5,251,5.1" /></mjloggm>