<mjloggm ver="2.3"><GO type="225" lobby="0"/><UN n0="%E9%80%9F%E6%B0%B4%E5%87%9B%E9%A6%99" n1="%E6%87%B6%E5%B0%8F%E7%90%B3%E2%98%86" n2="%E7%BD%AA%E5%88%91%E6%B3%95%E5%AE%9A%E4%B8%BB%E7%BE%A9" n3="%53%63%61%6E%64%61%6C" dan="16,16,16,16" rate="2088.28,2138.85,2175.01,2067.43" sx="F,M,M,M"/><TAIKYOKU oya="0"/><INIT seed="0,0,0,1,3,42" ten="250,250,250,250" oya="0" hai0="81,80,1,61,110,3,54,18,70,21,41,12,9" hai1="27,19,57,20,99,94,51,4,72,63,48,37,36" hai2="24,108,66,112,130,98,40,91,92,88,58,53,111" hai3="67,109,13,131,15,32,78,59,105,23,116,49,38"/><T128/><D128/><U2/><E72/><V106/><F112/><W107/><G32/><T30/><D41/><U34/><E34/><V50/><F130/><W85/><G116/><T8/><D110/><N who="2" m="42026" /><F106/><W17/><G109/><T47/><D70/><U44/><E4/><V71/><F24/><W119/><G131/><T133/><D133/><U22/><E2/><V77/><F77/><W74/><G119/><T0/><D30/><U7/><E7/><V68/><F66/><W26/><G38/><T121/><D121/><U118/><E22/><V122/><F122/><W76/><G74/><T120/><D120/><U129/><E51/><N who="2" m="31039" /><F91/><W102/><G102/><T134/><D134/><U25/><E25/><V64/><F64/><W52/><G67/><T6/><D9/><U100/><E129/><V97/><F97/><W33/><G33/><T96/><D96/><U69/><E69/><V123/><F123/><W29/><G85/><T124/><D124/><U103/><E103/><V55/><F40/><W28/><G107/><T126/><D126/><U35/><E35/><V5/><F5/><W93/><G105/><T104/><D104/><U65/><REACH who="1" step="1"/><E118/><REACH who="1" ten="250,240,250,250" step="2"/><V87/><F98/><W46/><G13/><T132/><D132/><U127/><E127/><V62/><F62/><W45/><G26/><T135/><D135/><U79/><E79/><V31/><F31/><W114/><G29/><T95/><D0/><U82/><E82/><V73/><F73/><W39/><G28/><T89/><D1/><U14/><E14/><V10/><F10/><W60/><G78/><T125/><D125/><RYUUKYOKU ba="0,1" sc="250,-15,240,15,250,15,250,-15" hai1="19,20,27,36,37,44,48,57,63,65,94,99,100" hai2="50,55,68,71,87,88,92" /><INIT seed="1,1,1,3,4,110" ten="235,255,265,235" oya="1" hai0="105,44,54,116,79,132,86,101,25,124,16,53,65" hai1="6,17,103,3,12,94,89,73,81,5,70,38,21" hai2="42,95,60,62,57,59,77,100,123,48,131,27,40" hai3="90,55,11,93,24,113,31,72,68,130,85,115,75"/><U26/><E70/><V61/><F123/><W22/><G130/><T52/><D116/><U74/><E38/><V107/><F107/><W111/><G111/><T41/><D132/><U43/><E43/><N who="2" m="16427" /><F77/><W0/><G68/><T83/><D124/><U102/><E3/><V97/><F131/><W50/><G0/><T129/><D129/><U122/><E122/><V82/><F82/><W29/><G29/><T10/><D65/><U121/><E121/><V4/><F4/><N who="1" m="1641" /><E74/><V125/><F125/><W128/><G128/><T32/><D32/><U56/><E81/><V45/><F27/><W20/><G11/><T80/><D80/><U63/><E73/><V106/><F106/><W135/><G20/><T36/><D105/><U19/><E12/><V117/><F117/><W66/><G135/><T118/><D118/><U7/><N who="1" m="1649" /><U109/><DORA hai="33" /><E17/><V99/><F99/><W49/><G72/><T15/><D101/><U126/><E109/><V69/><F69/><W87/><G75/><T30/><REACH who="0" step="1"/><D25/><REACH who="0" ten="225,255,265,235" step="2"/><U14/><E126/><V71/><F71/><W96/><G66/><T114/><D114/><U88/><E26/><V127/><F127/><W35/><G35/><T34/><D34/><U28/><E28/><AGARI ba="1,2" hai="10,15,16,28,30,36,41,44,52,53,54,79,83,86" machi="28" ten="40,5200,0" yaku="1,1,54,2,53,0" doraHai="110,33" doraHaiUra="134,2" who="0" fromWho="1" sc="225,75,255,-55,265,0,235,0" /><INIT seed="2,0,0,2,2,17" ten="300,200,265,235" oya="2" hai0="90,22,11,100,5,44,75,12,108,59,41,66,72" hai1="128,20,52,115,73,4,55,35,113,6,74,70,54" hai2="47,69,114,16,98,81,56,102,125,119,78,64,87" hai3="53,14,40,120,80,38,21,1,133,31,45,7,97"/><V124/><F114/><N who="1" m="43529" /><E70/><V26/><F119/><W18/><G120/><T60/><D108/><U130/><E35/><V36/><F69/><W32/><G133/><T92/><D100/><U28/><E28/><V27/><F36/><W101/><G53/><N who="1" m="13570" /><U111/><DORA hai="99" /><E20/><N who="2" m="13575" /><F47/><W10/><G80/><T131/><D131/><N who="1" m="50219" /><E111/><V63/><F27/><N who="3" m="18559" /><G97/><T95/><D95/><U118/><E118/><V112/><F112/><W123/><G123/><T62/><D62/><U121/><E121/><V43/><F98/><W23/><G23/><T127/><D127/><N who="2" m="48714" /><F43/><W68/><G68/><T9/><D9/><U79/><E79/><N who="2" m="46527" /><F102/><AGARI ba="0,0" hai="1,7,10,14,18,21,38,40,45,101,102" m="18559" machi="102" ten="30,7700,0" yaku="24,1,52,3" doraHai="17,99" who="3" fromWho="2" sc="300,0,200,0,265,-77,235,77" /><INIT seed="3,0,0,5,0,46" ten="300,200,188,312" oya="3" hai0="38,58,119,23,131,124,127,39,32,63,132,115,3" hai1="54,82,135,43,98,20,57,77,102,36,2,72,97" hai2="25,111,117,90,42,108,92,83,120,86,134,80,129" hai3="60,41,44,130,113,19,121,34,87,0,65,110,103"/><W51/><G113/><T56/><D32/><U109/><E109/><N who="2" m="42059" /><F42/><W59/><G121/><T47/><D3/><U29/><E135/><V128/><F117/><W9/><G130/><N who="2" m="50281" /><F134/><W68/><G110/><T14/><D132/><U125/><E125/><N who="0" m="48201" /><D131/><U22/><E2/><V104/><F120/><W71/><G34/><T126/><N who="0" m="48209" /><T93/><DORA hai="79" /><D115/><U112/><E112/><V96/><F25/><W88/><G103/><AGARI ba="0,0" hai="80,83,86,90,92,96,103,104" m="50281,42059" machi="103" ten="30,12000,2" yaku="14,1,19,1,34,2,52,2" doraHai="46,79" who="2" fromWho="3" sc="300,0,200,0,188,120,312,-120" owari="300,10.0,200,-20.0,308,40.8,192,-30.8" /></mjloggm>