<mjloggm ver="2.3"><GO type="225" lobby="0"/><UN n0="%E3%81%9F%E3%81%93%E2%98%86%E7%84%BC%E3%81%8D" n1="%33%74%72%65%65" n2="%E5%80%89%E6%A9%8B%EF%BC%A0%E4%BA%8B%E5%8B%99" n3="%E6%A1%9C%E8%8A%B1%E9%96%83%E3%80%85" dan="16,17,16,16" rate="2126.27,2222.64,2093.94,2113.89" sx="M,F,M,M"/><TAIKYOKU oya="0"/><INIT seed="0,0,0,2,4,48" ten="250,250,250,250" oya="0" hai0="9,62,24,98,64,13,52,1,81,32,93,131,21" hai1="104,112,56,33,54,27,42,4,130,15,11,39,46" hai2="41,134,63,16,76,34,10,71,96,105,14,82,35" hai3="5,129,84,73,120,77,57,55,43,80,31,50,28"/><T90/><D131/><U94/><E104/><V12/><F134/><W125/><G129/><T58/><D1/><U92/><E130/><V86/><F41/><W47/><G125/><T23/><D81/><U121/><E121/><V107/><F71/><W124/><G124/><T51/><D32/><U18/><E112/><V40/><F40/><W122/><G73/><T117/><D24/><U133/><E133/><V100/><F107/><W25/><G5/><T89/><D89/><U2/><E27/><V74/><F63/><W26/><G26/><T59/><REACH who="0" step="1"/><D117/><REACH who="0" ten="240,250,250,250" step="2"/><U113/><E33/><V115/><F115/><W102/><G102/><T95/><D95/><U65/><E113/><V61/><F61/><W44/><G25/><T78/><D78/><U108/><E92/><V110/><F110/><W6/><G122/><T20/><D20/><U101/><E108/><V88/><F14/><W67/><G120/><T22/><D22/><U118/><E118/><V49/><F49/><W53/><G31/><T103/><D103/><U8/><E101/><V114/><F114/><W68/><G28/><T3/><D3/><U19/><E2/><V66/><F66/><W69/><G67/><T116/><D116/><U75/><E65/><V99/><F99/><W60/><REACH who="3" step="1"/><G6/><AGARI ba="0,1" hai="6,9,13,21,23,51,52,58,59,62,64,90,93,98" machi="6" ten="30,12000,1" yaku="1,1,7,1,8,1,52,1,54,1,53,0" doraHai="48" doraHaiUra="37" who="0" fromWho="3" sc="240,130,250,0,250,0,250,-120" /><INIT seed="0,1,0,1,2,42" ten="370,250,250,130" oya="0" hai0="78,132,10,86,37,96,41,123,4,0,49,8,24" hai1="2,43,15,118,124,105,53,130,21,81,1,126,125" hai2="135,116,109,17,9,6,61,45,38,89,127,50,68" hai3="128,54,70,75,122,92,129,114,102,46,110,47,85"/><T32/><D37/><U25/><E118/><V107/><F38/><W99/><G114/><T13/><D132/><U31/><E130/><N who="3" m="50282" /><G75/><T35/><D96/><U88/><E105/><V113/><F113/><W76/><G110/><T16/><D123/><U131/><E131/><V64/><F107/><W19/><G122/><T111/><D24/><U57/><E43/><V44/><F135/><W87/><G70/><T104/><D104/><U58/><E15/><V97/><F109/><W82/><G54/><T62/><D62/><N who="1" m="36143" /><E58/><V95/><F127/><W65/><G65/><T26/><D26/><U73/><E73/><V34/><F34/><W55/><G55/><T74/><D74/><U39/><E39/><V40/><F116/><W101/><G101/><T106/><D106/><U112/><E112/><V71/><F71/><W94/><G19/><T91/><D78/><U72/><E72/><V7/><F9/><W22/><G22/><T56/><D111/><U60/><E60/><V90/><F17/><W14/><G14/><T115/><D115/><U77/><E77/><V83/><F83/><N who="3" m="47335" /><G94/><T69/><D69/><U121/><E121/><V119/><F119/><W3/><G3/><T66/><D66/><U36/><E36/><V30/><F68/><W84/><G82/><N who="0" m="49623" /><D56/><U133/><E133/><V67/><F64/><W117/><G117/><T63/><D63/><U23/><E23/><V51/><F67/><W59/><G59/><T27/><D27/><U52/><E52/><N who="2" m="29767" /><F61/><W29/><G29/><T48/><D48/><U5/><E5/><N who="2" m="1547" /><F30/><W93/><G93/><T28/><D28/><RYUUKYOKU ba="1,0" sc="370,0,250,0,250,0,130,0" hai0="0,4,8,10,13,16,32,35,41,49" hai1="1,2,21,25,31,81,88,124,125,126" hai2="40,45,51,89,90,95,97" hai3="46,47,84,87,92,99,102" /><INIT seed="0,2,0,2,1,95" ten="370,250,250,130" oya="0" hai0="0,118,46,128,71,121,17,27,73,94,6,96,102" hai1="101,50,29,5,75,43,18,99,25,132,104,20,107" hai2="65,125,117,56,42,3,135,58,112,130,45,48,129" hai3="80,86,113,4,13,39,77,2,28,59,44,74,53"/><T78/><D71/><U51/><E132/><V97/><F3/><W133/><G113/><T66/><D66/><U35/><E75/><V87/><F112/><W55/><G133/><T120/><D128/><N who="2" m="49258" /><F135/><W22/><G2/><T105/><D118/><U106/><E5/><V124/><F87/><W91/><G28/><T40/><D27/><U52/><E43/><V127/><F117/><W23/><G4/><T31/><D17/><U24/><E50/><V47/><F97/><W70/><G70/><T21/><D21/><U36/><E36/><N who="2" m="21703" /><F65/><W32/><G39/><N who="0" m="21791" /><D94/><U38/><E38/><V15/><F15/><W33/><G13/><T84/><D84/><U126/><E126/><V131/><F131/><W61/><G74/><T111/><D31/><U10/><E10/><V88/><F88/><W110/><G91/><T81/><D111/><U103/><E103/><V93/><F93/><W82/><G110/><T7/><D7/><U85/><E85/><V109/><F109/><W64/><G82/><T9/><AGARI ba="2,0" hai="0,6,9,73,78,81,96,102,105,120,121" m="21791" machi="9" ten="30,6000,0" yaku="25,1,23,1,52,1" doraHai="95" who="0" fromWho="0" sc="370,66,250,-22,250,-22,130,-22" /><INIT seed="0,3,0,1,0,40" ten="436,228,228,108" oya="0" hai0="0,1,33,39,41,90,26,86,13,94,15,25,74" hai1="16,87,54,92,78,102,109,125,89,22,5,64,20" hai2="7,83,9,8,132,101,103,124,44,135,82,51,62" hai3="18,91,56,43,31,58,63,95,69,116,57,115,37"/><T53/><D74/><U17/><E109/><V111/><F62/><W38/><G115/><T29/><D53/><U106/><E125/><V130/><F111/><W36/><G31/><T129/><D129/><U19/><E64/><V2/><F9/><W55/><G18/><T42/><D42/><U68/><E68/><V27/><F27/><W96/><G116/><T30/><D13/><U133/><E133/><N who="2" m="51275" /><F130/><W77/><G77/><T113/><D15/><U59/><E78/><V105/><F124/><W131/><G131/><T14/><D14/><U123/><E123/><V52/><F105/><W80/><G80/><AGARI ba="3,0" hai="2,7,8,44,51,52,80,82,83,101,103" m="51275" machi="80" ten="30,3900,0" yaku="20,1,52,1,54,1" doraHai="40" who="2" fromWho="3" sc="436,0,228,0,228,48,108,-48" /><INIT seed="1,0,0,0,3,11" ten="436,228,276,60" oya="1" hai0="102,119,40,101,89,6,109,74,1,21,28,46,60" hai1="2,35,39,48,7,127,45,82,69,95,113,57,34" hai2="0,85,81,77,44,123,84,42,98,65,8,23,108" hai3="126,47,43,79,115,55,54,106,59,14,13,20,107"/><U12/><E113/><V111/><F123/><W30/><G115/><T50/><D74/><U29/><E69/><V63/><F98/><W96/><G126/><T53/><D119/><U64/><E127/><V132/><F132/><W75/><G75/><T52/><D109/><N who="2" m="42058" /><F23/><W51/><G79/><T18/><D28/><U114/><E114/><V83/><F0/><W61/><G55/><N who="0" m="21067" /><D6/><U72/><E29/><V17/><F8/><W76/><G76/><T56/><D1/><U68/><E2/><V135/><F17/><W97/><G106/><T22/><D89/><U131/><E34/><V130/><F135/><W31/><G107/><T70/><D70/><U100/><E68/><N who="2" m="42047" /><F130/><W73/><G73/><T112/><D21/><U9/><E35/><V134/><F134/><W105/><G31/><T104/><D104/><U38/><E131/><V66/><F66/><W16/><G105/><T3/><D3/><U86/><E64/><V24/><F24/><N who="3" m="14343" /><G30/><T62/><D56/><U71/><E57/><V27/><F27/><W125/><G125/><T15/><D112/><U118/><E71/><V110/><F110/><W33/><G33/><T116/><D116/><U41/><E118/><V80/><F77/><W120/><G120/><T90/><D90/><N who="1" m="51543" /><E72/><V124/><F124/><W78/><G78/><T58/><D58/><U92/><E100/><AGARI ba="0,0" hai="15,18,22,40,46,50,60,62,100,101,102" m="21067" machi="100" ten="30,3900,0" yaku="8,1,52,1,54,1" doraHai="11" who="0" fromWho="1" sc="436,39,228,-39,276,0,60,0" /><INIT seed="2,0,0,0,2,131" ten="475,189,276,60" oya="2" hai0="53,65,94,5,120,18,71,70,64,62,41,7,127" hai1="63,8,44,69,122,42,60,22,46,104,85,135,134" hai2="107,116,74,15,86,103,92,56,35,72,102,19,97" hai3="31,9,98,78,49,59,106,10,114,4,110,17,105"/><V20/><F116/><W6/><G110/><T33/><D33/><U11/><E122/><V2/><F35/><W115/><G31/><T111/><D94/><U93/><E104/><V61/><F2/><W123/><G78/><T75/><D75/><U101/><E22/><V14/><F14/><W55/><G123/><T100/><D100/><U87/><E101/><V24/><F15/><W119/><G17/><T45/><D18/><U32/><E32/><V68/><F68/><W109/><G109/><T118/><D5/><U83/><E93/><V73/><F86/><W16/><G119/><T81/><D81/><U21/><E21/><V67/><F102/><W66/><G66/><T58/><D7/><U112/><E112/><V129/><REACH who="2" step="1"/><F107/><REACH who="2" ten="475,189,266,60" step="2"/><W25/><G105/><T13/><D13/><U91/><E85/><V57/><F57/><W26/><G114/><T43/><D118/><U54/><E69/><V12/><F12/><N who="3" m="7191" /><G115/><T88/><D58/><U96/><E87/><V121/><F121/><W3/><G4/><T126/><D120/><U84/><E84/><V40/><F40/><W51/><G106/><T79/><D41/><U34/><E42/><V0/><F0/><W36/><G98/><T125/><D43/><U39/><E96/><V117/><F117/><W82/><G82/><T29/><D71/><U124/><E83/><V1/><F1/><W99/><G99/><T132/><D70/><U50/><E34/><V47/><F47/><N who="3" m="28095" /><G36/><T89/><D45/><U52/><E44/><V38/><F38/><W48/><G59/><T128/><D126/><U113/><E39/><RYUUKYOKU ba="0,1" sc="475,-15,189,-15,266,15,60,15" hai2="19,20,24,56,61,67,72,73,74,92,97,103,129" hai3="3,6,9,25,26,48,51" /><INIT seed="2,1,1,1,5,30" ten="460,174,281,75" oya="2" hai0="38,67,6,84,33,25,117,126,17,85,116,109,18" hai1="121,11,52,70,89,4,39,94,41,120,111,56,105" hai2="127,7,51,32,103,108,1,135,28,16,10,131,115" hai3="47,23,73,55,81,106,99,133,0,66,74,80,12"/><V44/><F115/><W101/><G0/><T21/><D38/><U26/><E111/><V62/><F103/><W40/><G66/><T14/><D109/><U129/><E129/><V64/><F108/><W125/><G55/><T96/><D67/><U61/><E105/><V92/><F131/><W100/><G23/><N who="0" m="11703" /><D96/><U71/><E26/><V35/><F28/><W69/><G12/><T57/><D57/><U119/><E119/><N who="0" m="45641" /><D126/><U43/><E39/><V2/><F2/><W102/><G69/><T20/><D6/><U22/><E71/><V77/><F127/><W86/><G125/><T110/><D33/><U27/><E70/><V54/><F135/><W34/><G34/><T24/><D110/><U95/><E120/><V42/><F42/><W132/><G47/><T90/><D90/><U58/><E58/><V82/><F92/><W87/><G40/><T78/><D78/><U5/><E95/><V98/><F98/><W97/><G101/><T31/><AGARI ba="1,1" hai="18,20,21,24,25,31,84,85" m="45641,11703" machi="31" ten="30,1100,0" yaku="12,1" doraHai="30" who="0" fromWho="0" sc="460,24,174,-4,281,-6,75,-4" /><INIT seed="3,0,0,2,3,53" ten="484,170,275,71" oya="3" hai0="133,9,4,75,14,32,31,93,28,92,101,60,42" hai1="11,40,77,25,117,48,120,132,15,69,73,105,128" hai2="0,27,94,127,23,20,131,71,86,22,55,116,118" hai3="113,88,74,45,112,79,64,38,114,107,87,129,109"/><W47/><G129/><T8/><D75/><U5/><E120/><V108/><F71/><W21/><G107/><T29/><D42/><U97/><E69/><V61/><F0/><W37/><G64/><T104/><D133/><U1/><E132/><V51/><F61/><W124/><G124/><T26/><D104/><U65/><E128/><V36/><F36/><W122/><G122/><T134/><D93/><U3/><E117/><V35/><F35/><W85/><G21/><T52/><D101/><U43/><E43/><V123/><F27/><W82/><G109/><T6/><D92/><U10/><E25/><V72/><F72/><W135/><G135/><T80/><D80/><U63/><E77/><V110/><F123/><W33/><G33/><T12/><D134/><U7/><E73/><V83/><F94/><W17/><G17/><T81/><D81/><U103/><E15/><V67/><F67/><W89/><G74/><T19/><D60/><U95/><E105/><V125/><F131/><W54/><G54/><T100/><D100/><U90/><E103/><V39/><F39/><N who="3" m="14859" /><G79/><T2/><D52/><U30/><E30/><V44/><F118/><W24/><G24/><T84/><D84/><N who="3" m="32329" /><G82/><T119/><D119/><U66/><E63/><V99/><F116/><W70/><G70/><T76/><D76/><U78/><E78/><N who="2" m="46455" /><F99/><W62/><G62/><T50/><D50/><U18/><E18/><V41/><F55/><W121/><G121/><T34/><D34/><U46/><AGARI ba="0,0" hai="1,3,5,7,10,11,40,46,48,65,66,90,95,97" machi="46" ten="30,2000,0" yaku="0,1,9,1" doraHai="53" who="1" fromWho="1" sc="484,-5,170,20,275,-5,71,-10" owari="479,57.9,190,-21.0,270,7.0,61,-43.9" /></mjloggm>