<mjloggm ver="2.3"><GO type="225" lobby="0"/><UN n0="%E3%81%82%E3%82%93%E3%81%AA%E3%81%A4" n1="%E7%89%B9%E6%9D%B1%E3%81%AF%E4%B8%96%E7%95%8C%E3%82%92%E6%95%91%E3%81%86" n2="%6D%75%75%6D%75%72%61" n3="%E3%81%BE%E3%81%A8%E3%81%9F" dan="16,16,16,16" rate="2118.56,2173.10,2137.81,2171.89" sx="M,M,F,M"/><TAIKYOKU oya="0"/><INIT seed="0,0,0,3,0,35" ten="250,250,250,250" oya="0" hai0="1,94,26,17,41,95,52,8,84,42,92,43,12" hai1="71,105,90,121,111,55,133,129,16,64,76,88,104" hai2="114,70,49,24,13,106,39,23,108,50,0,37,10" hai3="107,58,83,72,14,86,53,77,32,28,65,34,25"/><T78/><D1/><U85/><E121/><V57/><F114/><W38/><G38/><T96/><D26/><U7/><E7/><V87/><F70/><W110/><G107/><T54/><REACH who="0" step="1"/><D96/><REACH who="0" ten="240,250,250,250" step="2"/><U59/><E105/><V97/><F0/><W81/><G25/><T122/><D122/><U113/><E104/><V63/><F97/><W47/><G110/><T56/><D56/><U73/><E59/><V130/><F106/><W21/><G58/><T126/><D126/><U45/><E111/><V44/><F108/><W80/><G32/><T123/><D123/><U27/><E27/><V2/><F2/><W20/><G34/><T61/><D61/><U36/><E71/><V135/><F63/><W30/><G28/><T75/><D75/><U15/><E73/><V33/><F33/><W48/><G30/><T29/><D29/><U22/><E113/><V19/><F57/><W68/><G72/><T134/><D134/><U67/><E133/><V5/><F135/><W31/><G68/><T101/><D101/><U46/><E67/><V69/><F69/><W60/><G31/><T74/><D74/><U40/><E64/><V93/><F24/><W79/><G65/><T102/><D102/><U120/><E120/><V99/><F99/><W124/><G60/><T125/><D125/><U98/><E98/><V4/><F87/><N who="3" m="48527" /><G124/><T82/><AGARI ba="0,1" hai="8,12,17,41,42,43,52,54,78,82,84,92,94,95" machi="82" ten="40,12000,1" yaku="1,1,0,1,8,1,54,1,53,0" doraHai="35" doraHaiUra="109" who="0" fromWho="0" sc="240,130,250,-40,250,-40,250,-40" /><INIT seed="0,1,0,1,4,105" ten="370,210,210,210" oya="0" hai0="131,75,85,67,47,86,133,122,4,135,38,36,6" hai1="19,29,77,92,52,115,7,22,116,128,21,59,55" hai2="123,83,24,0,95,12,16,49,93,91,99,82,71" hai3="51,8,104,118,110,13,97,80,3,121,61,130,20"/><T102/><D122/><U40/><E116/><V106/><F123/><W84/><G118/><T72/><D102/><U14/><E128/><V57/><F106/><W120/><G110/><T43/><D67/><U66/><E115/><V54/><F71/><W111/><G111/><T129/><D47/><U79/><E40/><AGARI ba="1,0" hai="4,6,36,38,40,43,72,75,85,86,129,131,133,135" machi="40" ten="25,9600,0" yaku="22,2,52,2" doraHai="105" who="0" fromWho="1" sc="370,99,210,-99,210,0,210,0" /><INIT seed="0,2,0,5,5,40" ten="469,111,210,210" oya="0" hai0="36,31,129,133,15,55,112,123,127,64,11,131,84" hai1="79,58,60,135,56,67,119,115,126,59,7,12,25" hai2="32,78,33,18,99,6,132,46,105,8,93,117,114" hai3="34,51,53,83,74,5,108,107,68,63,125,96,71"/><T10/><D112/><U29/><E119/><V49/><F114/><W28/><G108/><T77/><D36/><U76/><E135/><V95/><F132/><W109/><G5/><T69/><D31/><U72/><E126/><V57/><F117/><W92/><G107/><T13/><D55/><U62/><E115/><V19/><F105/><W61/><G125/><T42/><D42/><U38/><E38/><V20/><F78/><W130/><G130/><T113/><D113/><U82/><E76/><V30/><F57/><W14/><G83/><T0/><D0/><U90/><E90/><V43/><F30/><W16/><G74/><T75/><D75/><U17/><E7/><V66/><F66/><W21/><G28/><T27/><D64/><U9/><REACH who="1" step="1"/><E60/><REACH who="1" ten="469,101,210,210" step="2"/><V116/><F116/><W37/><G37/><T65/><D133/><U101/><E101/><V3/><F6/><W52/><G109/><T110/><D77/><U103/><E103/><V48/><F3/><W85/><G63/><T94/><D127/><U24/><E24/><V100/><F100/><W86/><G61/><N who="0" m="40111" /><D131/><U47/><E47/><V35/><F46/><W87/><G34/><AGARI ba="2,1" hai="9,12,17,25,29,34,56,58,59,62,67,72,79,82" machi="34" ten="30,2000,0" yaku="1,1,7,1,53,0" doraHai="40" doraHaiUra="128" who="1" fromWho="3" sc="469,0,101,36,210,0,210,-26" /><INIT seed="1,0,0,3,4,41" ten="469,137,210,184" oya="1" hai0="84,88,3,8,20,14,57,103,122,129,70,29,106" hai1="5,113,28,23,94,112,115,80,104,46,123,107,27" hai2="48,105,25,117,31,71,51,114,0,15,93,76,6" hai3="30,78,50,91,126,121,37,124,67,133,13,62,54"/><U81/><E123/><V116/><F105/><W53/><G121/><T98/><D70/><U95/><E5/><V101/><F114/><W1/><G1/><T24/><D122/><U60/><E104/><V87/><F0/><W47/><G78/><T4/><D129/><U109/><E107/><V108/><F71/><N who="3" m="42487" /><G30/><T97/><D97/><U134/><E134/><V90/><F108/><W118/><G13/><T132/><D57/><U42/><E109/><V73/><F101/><W19/><G19/><T82/><D132/><U21/><E21/><V65/><F65/><W22/><G22/><T131/><D131/><U68/><E60/><V75/><F15/><W52/><G133/><T18/><D3/><U74/><E68/><V43/><F6/><W110/><G110/><T36/><D36/><U69/><E69/><V119/><F76/><W10/><G91/><T12/><D12/><U2/><E2/><V64/><F64/><W11/><G10/><T85/><D85/><U92/><REACH who="1" step="1"/><E74/><REACH who="1" ten="469,127,210,184" step="2"/><V7/><F7/><W86/><G11/><T61/><D61/><U72/><E72/><V79/><F75/><W17/><G118/><T63/><D63/><U26/><E26/><V125/><F73/><W59/><G17/><T89/><D4/><U38/><AGARI ba="0,1" hai="23,27,28,38,42,46,80,81,92,94,95,112,113,115" machi="38" ten="40,12000,1" yaku="1,1,0,1,52,1,53,1" doraHai="41" doraHaiUra="16" who="1" fromWho="1" sc="469,-40,127,130,210,-40,184,-40" /><INIT seed="1,1,0,5,1,25" ten="429,257,170,144" oya="1" hai0="63,112,116,90,127,7,67,110,96,74,125,130,68" hai1="26,79,57,21,107,115,111,91,104,118,105,45,19" hai2="48,12,9,58,98,32,37,51,56,117,33,83,95" hai3="82,36,108,131,93,134,54,41,46,16,42,14,1"/><U53/><E115/><V76/><F37/><W49/><G108/><T84/><D74/><U102/><E118/><V5/><F117/><W47/><G131/><T100/><D116/><U119/><E119/><V29/><F51/><W97/><G134/><T132/><D112/><U60/><E111/><V64/><F64/><W35/><G1/><T59/><D7/><U121/><E121/><V94/><F94/><W24/><G82/><N who="0" m="49431" /><D110/><U4/><E79/><V123/><F123/><W103/><G24/><T66/><D130/><U62/><E4/><V126/><F126/><N who="0" m="48138" /><D132/><U101/><E45/><V0/><F0/><W39/><G35/><T70/><D67/><U73/><E73/><V77/><F33/><W43/><REACH who="3" step="1"/><G47/><REACH who="3" ten="429,257,170,134" step="2"/><T23/><D23/><AGARI ba="1,1" hai="14,16,23,36,39,41,42,43,46,49,54,93,97,103" machi="23" ten="40,5200,0" yaku="1,1,2,1,54,1,53,0" doraHai="25" doraHaiUra="85" who="3" fromWho="0" sc="429,-55,257,0,170,0,134,65" /><INIT seed="2,0,0,0,5,89" ten="374,257,170,199" oya="2" hai0="49,65,107,26,67,118,83,110,130,84,33,9,105" hai1="4,61,45,27,41,70,77,104,106,109,22,114,63" hai2="66,115,17,47,121,13,23,25,117,18,3,112,81" hai3="101,72,6,21,28,44,119,124,91,46,42,7,122"/><V103/><F117/><W59/><G119/><T36/><D118/><U29/><E114/><V127/><F121/><W35/><G122/><T16/><D36/><U60/><E70/><V30/><F127/><W64/><G35/><T74/><D74/><U15/><E77/><V20/><F3/><W51/><G72/><T2/><D110/><U108/><E4/><V0/><F0/><W19/><G101/><T126/><D126/><U82/><E82/><V48/><F66/><W5/><G28/><T97/><D2/><U73/><E15/><V85/><F103/><W31/><G31/><T58/><D33/><U129/><E129/><V87/><F30/><W98/><G124/><T80/><D80/><U96/><E96/><V125/><F125/><W133/><G133/><T134/><D130/><U53/><E53/><V100/><F100/><W1/><G1/><T50/><D107/><U79/><E79/><V11/><F23/><W76/><G76/><T102/><D134/><U71/><E71/><V43/><REACH who="2" step="1"/><F85/><REACH who="2" ten="374,257,160,199" step="2"/><W93/><G64/><T131/><D131/><U94/><E73/><V56/><F56/><W78/><G59/><T95/><D67/><U24/><E109/><V69/><F69/><W92/><G46/><T132/><D132/><U12/><E108/><V116/><F116/><W14/><G78/><AGARI ba="0,1" hai="11,13,17,18,20,25,43,47,48,78,81,87,112,115" machi="78" ten="30,5800,0" yaku="1,1,7,1,53,1" doraHai="89" doraHaiUra="8" who="2" fromWho="3" sc="374,0,257,0,160,68,199,-58" /><INIT seed="2,1,0,2,4,46" ten="374,257,228,141" oya="2" hai0="51,105,86,130,26,101,4,59,73,8,114,132,19" hai1="65,2,5,99,128,12,10,61,100,62,88,95,124" hai2="131,7,13,53,90,44,111,56,48,76,92,23,129" hai3="17,108,109,79,64,71,127,3,74,38,102,70,55"/><V24/><F76/><W37/><G3/><T112/><D73/><U116/><E128/><N who="2" m="49227" /><F111/><N who="3" m="42571" /><G102/><T82/><D130/><U49/><E124/><V120/><F120/><W27/><G17/><T20/><D105/><U58/><E116/><V122/><F122/><W115/><G27/><T80/><D132/><U89/><E49/><N who="2" m="30767" /><F7/><W14/><G14/><N who="0" m="5383" /><D101/><U75/><E75/><V1/><F1/><W91/><G91/><T52/><D114/><U11/><REACH who="1" step="1"/><E62/><REACH who="1" ten="374,247,228,141" step="2"/><V42/><F42/><W97/><G74/><T98/><D112/><U21/><E21/><V25/><F23/><W83/><G115/><T54/><D51/><U94/><E94/><V9/><F92/><W93/><G93/><T68/><D20/><U34/><E34/><V16/><F90/><W63/><G127/><T33/><D33/><U77/><E77/><V69/><F69/><N who="3" m="42143" /><G79/><T57/><D68/><N who="3" m="26153" /><G83/><T107/><D80/><U31/><E31/><V39/><F9/><W35/><G35/><T6/><D82/><U113/><E113/><V135/><F135/><W32/><G32/><T66/><D107/><U18/><AGARI ba="1,1" hai="2,5,10,11,12,18,58,61,65,88,89,95,99,100" machi="18" ten="20,5200,0" yaku="1,1,0,1,7,1,54,1,53,0" doraHai="46" doraHaiUra="28" who="1" fromWho="1" sc="374,-14,247,65,228,-27,141,-14" /><INIT seed="3,0,0,5,1,124" ten="360,312,201,127" oya="3" hai0="64,2,118,112,8,85,40,28,108,104,84,95,128" hai1="7,54,55,32,127,111,42,113,39,24,70,37,98" hai2="1,62,46,79,87,30,35,100,51,60,97,68,25" hai3="90,88,10,53,109,78,80,29,132,126,83,57,23"/><W34/><G132/><T75/><D75/><U67/><E7/><V36/><F36/><N who="1" m="13897" /><E98/><V13/><F1/><W91/><G126/><T59/><D104/><U9/><E9/><V18/><F79/><W45/><G34/><T110/><D28/><U131/><E24/><V50/><F87/><W58/><G109/><T121/><D95/><U94/><E94/><V26/><F26/><N who="3" m="16607" /><G10/><T66/><D84/><U21/><E21/><V134/><F68/><W133/><G133/><T77/><D85/><U69/><E32/><V99/><F134/><W102/><G102/><T86/><D86/><U22/><E22/><N who="2" m="15671" /><F100/><W71/><G71/><N who="1" m="27146" /><E127/><V116/><F116/><W12/><G12/><T52/><D118/><U105/><E105/><V93/><F35/><W123/><G123/><T130/><D8/><U4/><E4/><V47/><F13/><W73/><G73/><T101/><D101/><U48/><E113/><V89/><F18/><W44/><G78/><T122/><D112/><U107/><E107/><V135/><F135/><W17/><G57/><T3/><D77/><U92/><E111/><N who="0" m="42537" /><D2/><U14/><E14/><V74/><F74/><W72/><G72/><T129/><D3/><U49/><E92/><V114/><F114/><W81/><G17/><T103/><D103/><U63/><E49/><AGARI ba="0,0" hai="44,45,49,53,58,80,81,83,88,90,91" m="16607" machi="49" ten="30,2900,0" yaku="8,1,54,1" doraHai="124" who="3" fromWho="1" sc="360,0,312,-29,201,0,127,29" /><INIT seed="3,1,0,4,4,113" ten="360,283,201,156" oya="3" hai0="101,126,63,40,128,52,41,81,13,22,104,30,134" hai1="132,19,95,66,0,38,67,131,43,46,24,123,45" hai2="58,9,68,115,56,1,97,122,125,35,99,73,107" hai3="112,3,2,12,17,32,108,48,109,16,91,23,130"/><W82/><G48/><T28/><D128/><U94/><E123/><V11/><F115/><W88/><G112/><T133/><D126/><U39/><E0/><N who="3" m="42" /><G32/><T111/><D111/><N who="3" m="42569" /><G130/><T71/><D81/><U26/><E131/><V6/><F35/><W27/><G82/><T47/><D13/><U105/><E43/><V5/><F125/><W86/><G86/><T37/><D41/><U124/><E124/><V116/><F73/><W76/><G76/><T84/><D84/><U21/><E39/><V15/><F122/><W42/><G42/><T117/><D133/><U92/><E38/><V31/><F1/><W89/><G89/><T129/><D134/><U8/><E132/><V51/><F97/><W55/><G55/><T75/><D52/><U61/><E46/><V106/><F99/><W69/><G69/><T7/><D71/><U70/><E45/><V120/><F120/><W29/><G29/><T79/><D30/><U4/><E70/><V114/><F68/><W36/><G36/><T119/><D129/><U64/><E64/><V96/><F114/><W98/><G98/><T59/><D79/><U78/><E78/><V135/><F135/><W50/><G50/><T54/><D28/><U65/><E67/><V53/><F96/><W33/><G33/><T83/><D83/><U34/><E65/><V72/><F31/><W102/><G102/><T80/><D101/><U121/><E34/><V57/><F72/><W62/><G62/><T100/><D75/><U85/><E66/><V77/><F51/><W20/><AGARI ba="1,0" hai="12,16,17,20,23,27,88,91" m="42569,42" machi="20" ten="40,12000,1" yaku="14,1,10,1,54,2" doraHai="113" who="3" fromWho="3" sc="360,-41,283,-41,201,-41,156,123" /><INIT seed="3,2,0,4,4,17" ten="319,242,160,279" oya="3" hai0="27,88,57,5,132,101,56,32,91,84,69,23,78" hai1="71,74,24,80,44,6,108,110,21,37,90,124,129" hai2="133,43,35,111,7,106,1,118,14,89,135,67,39" hai3="38,53,130,54,93,95,36,119,48,100,59,79,113"/><W76/><G113/><T128/><D69/><U30/><E71/><V18/><F106/><W10/><G119/><T87/><D132/><U115/><E115/><V60/><F118/><W77/><G130/><T97/><D32/><U40/><E129/><V61/><F111/><N who="1" m="42537" /><E124/><V22/><F35/><W82/><G82/><N who="0" m="47191" /><D5/><U94/><E6/><V26/><F1/><W92/><G100/><T112/><D101/><U3/><E3/><V51/><F39/><W8/><REACH who="3" step="1"/><G53/><REACH who="3" ten="319,242,160,269" step="2"/><T58/><D128/><U83/><E74/><V117/><F117/><W47/><G47/><T98/><D112/><U116/><E116/><V126/><F126/><W120/><G120/><T102/><D102/><U9/><E9/><AGARI ba="2,1" hai="8,9,10,36,38,48,54,59,76,77,79,92,93,95" machi="9" ten="40,2000,0" yaku="1,1,53,0" doraHai="17" doraHaiUra="12" who="3" fromWho="1" sc="319,0,242,-26,160,0,269,36" /><INIT seed="3,3,0,2,3,119" ten="319,216,160,305" oya="3" hai0="1,80,13,15,133,120,9,70,109,86,66,112,16" hai1="97,24,57,85,95,72,52,127,32,25,90,104,2" hai2="131,42,56,87,100,118,117,6,89,82,96,121,98" hai3="30,130,48,19,29,43,129,53,88,39,106,63,76"/><W116/><G116/><T105/><D120/><U61/><E2/><V74/><F6/><W132/><G106/><T73/><D105/><U68/><E127/><V12/><F131/><N who="3" m="50187" /><G132/><T47/><D1/><U50/><E72/><V11/><F118/><W92/><G76/><T14/><D133/><U49/><E32/><V36/><F117/><W51/><G39/><T17/><D73/><U75/><E75/><V110/><F110/><W37/><G19/><N who="0" m="7243" /><D109/><U135/><E135/><V113/><F113/><W77/><G77/><N who="0" m="46351" /><D70/><U134/><E134/><V7/><F74/><W107/><G63/><T18/><D66/><U128/><E128/><V94/><F36/><W34/><G107/><T102/><D112/><U21/><E68/><V101/><F42/><W62/><G62/><T40/><D102/><U126/><E126/><V58/><REACH who="2" step="1"/><F121/><REACH who="2" ten="319,216,150,305" step="2"/><W44/><G37/><T4/><D4/><U81/><E104/><AGARI ba="3,1" hai="7,11,12,56,58,82,87,89,94,96,98,100,101,104" machi="104" ten="30,7700,0" yaku="1,1,2,1,7,1,53,1" doraHai="119" doraHaiUra="5" who="2" fromWho="1" sc="319,0,216,-86,150,96,305,0" owari="319,41.9,130,-37.0,246,-15.4,305,10.5" /></mjloggm>