<mjloggm ver="2.3"><GO type="225" lobby="0"/><UN n0="%E3%81%A8%E3%82%93%E3%81%A8%E3%81%93%E3%81%A8%E3%82%93" n1="%72%61%6B%33" n2="%63%68%78%62%64" n3="%4C%4F%4C%49%54%41" dan="16,17,16,16" rate="2081.78,2118.44,2135.26,2174.61" sx="M,M,M,F"/><TAIKYOKU oya="0"/><INIT seed="0,0,0,3,3,0" ten="250,250,250,250" oya="0" hai0="133,121,41,29,105,67,43,22,32,81,54,75,79" hai1="58,106,101,97,62,20,9,93,65,80,42,111,112" hai2="60,88,40,53,130,103,108,131,96,27,134,123,50" hai3="76,126,118,14,57,66,63,115,3,124,98,87,1"/><T61/><D121/><U47/><E111/><V73/><F123/><W49/><G115/><T25/><D133/><U10/><E112/><V95/><F73/><W110/><G118/><T21/><D54/><U122/><E122/><V39/><F108/><W36/><G36/><T16/><D105/><U113/><E113/><V44/><F134/><W55/><G110/><T26/><REACH who="0" step="1"/><D32/><REACH who="0" ten="240,250,250,250" step="2"/><U33/><E33/><V102/><F60/><W68/><G55/><T31/><D31/><U15/><E106/><V23/><F130/><W72/><G63/><T127/><D127/><U82/><E20/><V94/><F131/><W5/><G126/><T52/><D52/><U37/><REACH who="1" step="1"/><E10/><REACH who="1" ten="240,240,250,250" step="2"/><V74/><F23/><W59/><G124/><T77/><D77/><U116/><E116/><V85/><F53/><W86/><G76/><T46/><D46/><U35/><E35/><V13/><F44/><W104/><G104/><T92/><D92/><U114/><E114/><V2/><F95/><W17/><G66/><T6/><D6/><AGARI ba="0,2" hai="6,9,15,37,42,47,58,62,65,80,82,93,97,101" machi="6" ten="30,3900,0" yaku="1,1,7,1,52,1,53,0" doraHai="0" doraHaiUra="119" who="1" fromWho="0" sc="240,-39,240,59,250,0,250,0" /><INIT seed="1,0,0,3,3,108" ten="201,299,250,250" oya="1" hai0="65,110,6,49,0,105,5,88,106,34,133,9,116" hai1="41,18,50,10,101,109,115,46,99,119,85,134,90" hai2="20,60,35,123,63,56,51,4,77,91,68,107,129" hai3="74,31,59,47,97,79,45,125,127,81,39,36,120"/><U118/><E109/><V102/><F35/><W87/><G120/><T8/><D116/><U1/><E134/><V112/><F123/><W104/><G31/><T27/><D110/><U37/><E37/><N who="3" m="14410" /><G59/><T89/><D133/><U11/><E11/><V111/><F111/><W73/><G74/><T78/><D65/><U135/><E135/><V94/><F112/><W30/><G30/><T80/><D34/><U93/><E115/><V54/><F4/><W132/><G87/><T21/><D106/><U126/><E126/><N who="3" m="48138" /><G132/><T14/><D105/><U95/><REACH who="1" step="1"/><E18/><REACH who="1" ten="201,289,250,250" step="2"/><V58/><F129/><W43/><G43/><T22/><D8/><U48/><E48/><V29/><F51/><W98/><G104/><T86/><D49/><U96/><E96/><AGARI ba="0,1" hai="45,47,73,79,81,96,97,98" m="48138,14410" machi="96" ten="30,1000,0" yaku="18,1" doraHai="108" who="3" fromWho="1" sc="201,0,289,-10,250,0,250,20" /><INIT seed="2,0,0,3,2,101" ten="201,279,250,270" oya="2" hai0="23,99,67,83,63,92,73,58,60,106,4,128,26" hai1="87,70,81,49,11,43,96,109,61,89,41,64,91" hai2="12,59,22,0,79,31,82,3,24,17,90,18,45" hai3="85,10,111,66,97,108,88,94,93,46,65,32,1"/><V84/><F45/><W75/><G75/><T19/><D128/><U86/><E109/><N who="3" m="42058" /><G32/><T51/><D4/><U8/><E96/><V105/><F105/><W133/><G133/><T7/><D7/><U68/><E68/><V56/><F18/><W6/><G46/><T25/><D51/><U132/><E132/><V77/><F3/><W74/><G74/><T115/><D115/><U42/><REACH who="1" step="1"/><E49/><REACH who="1" ten="201,269,250,270" step="2"/><V69/><F69/><W95/><G97/><T33/><D99/><U62/><E62/><V39/><F39/><W125/><G125/><T131/><D63/><U38/><E38/><V76/><REACH who="2" step="1"/><F0/><REACH who="2" ten="201,269,240,270" step="2"/><W20/><G1/><T29/><D131/><U16/><E16/><V72/><F72/><W52/><G6/><T47/><D73/><U5/><E5/><V80/><F80/><AGARI ba="0,2" hai="8,11,41,42,43,61,64,70,80,81,86,87,89,91" machi="80" ten="40,2600,0" yaku="1,1,9,1,53,0" doraHai="101" doraHaiUra="121" who="1" fromWho="2" sc="201,0,269,46,240,-26,270,0" /><INIT seed="3,0,0,3,0,37" ten="201,315,214,270" oya="3" hai0="103,120,28,44,15,124,94,69,6,74,110,100,97" hai1="126,59,40,16,41,131,91,75,66,99,67,105,27" hai2="39,77,36,115,63,107,95,24,96,122,123,35,87" hai3="114,30,86,83,46,11,52,19,71,17,0,92,50"/><W130/><G114/><T14/><D120/><N who="2" m="46122" /><F115/><W2/><G71/><T93/><D74/><U78/><E75/><V81/><F107/><W113/><G113/><T3/><D69/><U109/><E78/><V4/><F4/><W53/><G130/><T65/><D110/><U58/><E109/><V64/><F24/><W38/><G30/><T29/><D124/><U43/><E126/><V33/><F33/><W111/><G111/><T106/><D65/><N who="1" m="24587" /><E105/><V76/><F76/><W26/><G38/><T32/><D32/><U8/><E131/><V127/><F35/><W79/><G92/><T9/><D44/><U47/><E47/><V18/><F18/><W49/><G26/><T10/><D106/><U12/><E27/><V132/><F132/><W54/><G0/><T5/><D3/><U118/><E118/><V116/><F116/><W23/><G23/><T45/><D45/><U21/><E21/><V68/><F127/><W121/><G121/><T13/><D15/><U84/><E99/><AGARI ba="0,0" hai="5,6,9,10,13,14,28,29,93,94,97,99,100,103" machi="99" ten="40,8000,1" yaku="32,3,8,1" doraHai="37" who="0" fromWho="1" sc="201,80,315,-80,214,0,270,0" /><INIT seed="4,0,0,1,2,32" ten="281,235,214,270" oya="0" hai0="39,54,70,108,71,85,69,102,130,94,86,74,41" hai1="3,66,0,10,100,77,31,43,76,58,65,112,45" hai2="110,132,13,61,4,33,48,80,126,59,52,128,67" hai3="40,84,5,60,64,124,99,116,82,29,123,35,133"/><T50/><D74/><U122/><E122/><V9/><F110/><W96/><G116/><T68/><D130/><U18/><E31/><V44/><F126/><W81/><G133/><T16/><D108/><U38/><E100/><V119/><F33/><W51/><G124/><T129/><D129/><U12/><E112/><V114/><F114/><W42/><G5/><T23/><D71/><U121/><E121/><V30/><F132/><W47/><G42/><T21/><D39/><U125/><E125/><V57/><F128/><W117/><G117/><T104/><D41/><U89/><E89/><V93/><F30/><W91/><G81/><T63/><D104/><U127/><E127/><V120/><F120/><W62/><G62/><T98/><D63/><U113/><E113/><V49/><F80/><W105/><G105/><T7/><D7/><U97/><E97/><V53/><F119/><W115/><G115/><T92/><D92/><AGARI ba="0,0" hai="4,9,13,44,48,49,52,53,57,59,61,67,92,93" machi="92" ten="40,2600,0" yaku="8,1,54,1" doraHai="32" who="2" fromWho="0" sc="281,-26,235,0,214,26,270,0" /><INIT seed="5,0,0,3,3,87" ten="255,235,240,270" oya="1" hai0="10,92,90,91,123,70,43,34,117,134,22,5,115" hai1="44,13,128,55,131,57,96,26,73,31,12,88,62" hai2="53,4,29,60,78,86,59,42,105,0,85,112,111" hai3="110,114,94,83,46,48,74,24,99,109,67,108,100"/><U1/><E1/><V19/><F111/><W21/><G114/><T35/><D117/><U14/><E73/><V11/><F105/><W9/><G67/><T129/><D70/><U20/><REACH who="1" step="1"/><E44/><REACH who="1" ten="255,225,240,270" step="2"/><V37/><F112/><W56/><G46/><T65/><D115/><U113/><E113/><V75/><F75/><W81/><G74/><T30/><D123/><U119/><E119/><V76/><F37/><W77/><G109/><T58/><D129/><U28/><E28/><V36/><F29/><W18/><G110/><T104/><D30/><U79/><E79/><V135/><F135/><W2/><G77/><T61/><D134/><U15/><N who="1" m="3072" /><DORA hai="45" /><U122/><E122/><V106/><F78/><W121/><G121/><T133/><D133/><U80/><E80/><V68/><F76/><W54/><G108/><T125/><D10/><U50/><E50/><V23/><F11/><W69/><G2/><T126/><D5/><U116/><E116/><V132/><F0/><W124/><G9/><T39/><D39/><U107/><E107/><V127/><F36/><W47/><G47/><T51/><D104/><U40/><E40/><V130/><F42/><W82/><G83/><T17/><D43/><U103/><E103/><V118/><F132/><W38/><G38/><T102/><D102/><U120/><E120/><V95/><F4/><W84/><G81/><T97/><D51/><U72/><E72/><V63/><F118/><W41/><G41/><T71/><D91/><U52/><E52/><V16/><F53/><W27/><G54/><T64/><D65/><U66/><E66/><RYUUKYOKU ba="0,1" sc="255,-10,225,30,240,-10,270,-10" hai1="20,26,31,55,57,62,88,96,128,131" /><INIT seed="5,1,1,3,0,25" ten="245,255,230,260" oya="1" hai0="71,51,0,36,133,81,6,69,84,67,15,105,58" hai1="130,131,13,79,59,49,60,4,117,80,120,41,57" hai2="106,31,11,20,48,68,72,92,10,100,74,75,62" hai3="18,27,124,132,95,104,128,40,99,123,108,64,125"/><U66/><E117/><V3/><F106/><W17/><G108/><T134/><D36/><U19/><E120/><V91/><F100/><W38/><G123/><T126/><D0/><U56/><E4/><V43/><F3/><W112/><G104/><T83/><D105/><U113/><E113/><V45/><F62/><W16/><G112/><T135/><D126/><N who="3" m="48745" /><G132/><T33/><D33/><U85/><E41/><V30/><F68/><W52/><G64/><T55/><D67/><U39/><E39/><V98/><REACH who="2" step="1"/><F20/><REACH who="2" ten="245,255,220,260" step="2"/><W76/><G128/><N who="1" m="49194" /><E49/><V28/><AGARI ba="1,2" hai="10,11,28,30,31,43,45,48,72,74,75,91,92,98" machi="28" ten="40,8000,1" yaku="1,1,0,1,52,3,53,0" doraHai="25" doraHaiUra="114" who="2" fromWho="2" sc="245,-21,255,-41,220,103,260,-21" owari="224,-17.6,214,-28.6,323,42.3,239,3.9" /></mjloggm>