<mjloggm ver="2.3"><GO type="225" lobby="0"/><UN n0="%E9%80%9F%E6%B0%B4%E5%87%9B%E9%A6%99" n1="%E3%81%AF%E3%82%88%E3%81%8A%E3%81%98%E3%81%95%E3%82%93" n2="%E3%81%A1%E3%82%85%E3%81%86%E3%81%A9%E3%81%8F%E8%B1%A1%E3%81%95%E3%82%93" n3="%E6%A0%B9%E5%85%83%E3%81%8B%E3%82%89%E5%90%B9%E3%81%A3%E9%A3%9B%E3%81%B6" dan="16,16,17,16" rate="2061.74,2132.56,2198.22,2201.71" sx="F,M,M,F"/><TAIKYOKU oya="0"/><INIT seed="0,0,0,5,5,42" ten="250,250,250,250" oya="0" hai0="10,35,23,43,115,9,112,90,95,11,128,119,24" hai1="81,92,14,102,106,103,12,1,77,58,2,134,50" hai2="89,68,33,18,135,61,54,122,111,57,20,110,6" hai3="69,123,46,36,3,105,74,25,32,109,107,60,49"/><T4/><D119/><U38/><E38/><V29/><F122/><W84/><G109/><N who="2" m="41481" /><F135/><W72/><G84/><T66/><D35/><U65/><E106/><N who="3" m="40458" /><G49/><T120/><D120/><U48/><E134/><V55/><F68/><W85/><G85/><T88/><D128/><U129/><E129/><V96/><F6/><W101/><G101/><T132/><D132/><U44/><E65/><N who="2" m="39087" /><F33/><W125/><G125/><T51/><D66/><U47/><E58/><V75/><F75/><W108/><G3/><T127/><D90/><U45/><E1/><V91/><F29/><N who="3" m="19503" /><G123/><T86/><D127/><U15/><E2/><V113/><F113/><W41/><G108/><T73/><D73/><U27/><E27/><N who="2" m="14743" /><F96/><W71/><G71/><T5/><D115/><U126/><E126/><V78/><F78/><W131/><G131/><T118/><D118/><U67/><E67/><AGARI ba="0,0" hai="36,41,46,60,67,69,72,74" m="19503,40458" machi="67" ten="30,3900,0" yaku="33,2,52,1" doraHai="42" who="3" fromWho="1" sc="250,0,250,-39,250,0,250,39" /><INIT seed="1,0,0,0,2,57" ten="250,211,250,289" oya="1" hai0="31,27,87,63,68,35,113,102,70,48,40,12,28" hai1="118,36,96,54,125,88,33,98,29,25,58,97,128" hai2="86,22,83,10,77,91,7,56,62,55,107,76,81" hai3="122,2,92,109,69,84,34,16,103,8,72,89,99"/><U9/><E118/><V110/><F110/><W66/><G122/><T123/><D113/><U64/><E36/><V135/><F135/><W4/><G34/><T111/><D111/><U49/><E125/><V79/><F107/><W105/><G109/><T75/><D75/><U41/><E128/><V121/><F121/><W39/><G39/><T15/><D123/><U100/><E41/><V21/><REACH who="2" step="1"/><F83/><REACH who="2" ten="250,211,240,289" step="2"/><W20/><G105/><T114/><D114/><U73/><E73/><V65/><F65/><W53/><G66/><T80/><D80/><U0/><E64/><V23/><F23/><W60/><G72/><T82/><D82/><U90/><REACH who="1" step="1"/><E100/><REACH who="1" ten="250,201,240,289" step="2"/><V24/><F24/><W101/><G103/><T47/><D102/><U104/><E104/><V14/><AGARI ba="0,2" hai="7,10,14,21,22,55,56,62,76,77,79,81,86,91" machi="14" ten="30,8000,1" yaku="1,1,0,1,8,1,52,1,53,1" doraHai="57" doraHaiUra="52" who="2" fromWho="2" sc="250,-20,201,-40,240,100,289,-20" /><INIT seed="2,0,0,5,1,133" ten="230,161,340,269" oya="2" hai0="102,130,26,116,52,107,104,53,97,72,6,70,83" hai1="100,106,56,1,122,60,127,3,110,108,101,48,4" hai2="64,45,91,27,51,78,42,111,46,30,23,103,112" hai3="126,79,109,39,134,119,8,57,62,43,65,19,90"/><V2/><F112/><W80/><G119/><T114/><D114/><U37/><E37/><V125/><F2/><W58/><G109/><N who="1" m="42090" /><E122/><V96/><F111/><W32/><G32/><T86/><D116/><U12/><E48/><V87/><F78/><W132/><G90/><T63/><D130/><U11/><E1/><V55/><F64/><W69/><G126/><T77/><D107/><U50/><E50/><V115/><F115/><W49/><G8/><T14/><D72/><U25/><E25/><V17/><F125/><W59/><G19/><T10/><REACH who="0" step="1"/><D26/><REACH who="0" ten="220,161,340,269" step="2"/><U22/><E127/><V99/><F27/><W13/><G134/><T117/><D117/><U124/><E106/><V92/><F103/><W84/><G132/><T7/><D7/><U16/><E124/><V98/><F98/><W71/><G13/><T81/><D81/><U135/><E135/><V129/><F99/><W113/><G113/><T29/><D29/><U41/><E41/><V0/><F30/><W18/><G43/><T61/><D61/><U89/><E89/><V73/><F96/><W76/><G62/><T33/><D33/><U74/><E74/><V128/><F73/><W21/><G80/><T38/><D38/><U93/><E93/><V5/><F128/><W54/><G39/><T36/><D36/><U121/><E121/><V44/><F129/><W118/><G118/><T88/><D88/><U66/><AGARI ba="0,1" hai="3,4,11,12,16,22,56,60,66,100,101" m="42090" machi="66" ten="30,2000,0" yaku="14,1,54,1" doraHai="133" who="1" fromWho="1" sc="220,-5,161,30,340,-10,269,-5" /><INIT seed="3,0,0,1,1,27" ten="215,191,330,264" oya="3" hai0="81,115,68,62,102,132,26,93,32,33,45,2,12" hai1="107,7,31,76,35,134,6,61,88,49,118,123,55" hai2="44,10,0,71,112,53,5,65,77,126,92,23,43" hai3="79,48,63,122,52,74,34,83,78,21,106,86,42"/><W84/><G34/><T120/><D2/><U73/><E123/><V114/><F53/><W113/><G106/><T110/><D120/><U105/><E61/><V59/><F71/><W13/><G113/><T91/><D115/><U36/><E36/><V116/><F116/><W16/><G42/><T28/><D110/><U127/><E76/><V124/><F77/><W50/><G74/><T103/><D132/><U58/><E73/><V41/><F23/><W51/><G122/><T30/><D81/><U38/><E38/><V117/><F92/><W131/><G131/><T80/><D80/><U37/><E37/><N who="2" m="21551" /><F43/><W87/><G83/><T22/><D45/><U69/><E69/><V19/><F19/><W4/><G4/><N who="1" m="1578" /><E134/><V111/><F111/><W67/><G67/><T82/><D82/><U130/><E118/><V8/><F8/><W75/><G75/><T94/><D62/><U1/><E1/><V109/><F109/><W24/><G13/><T20/><D68/><U104/><E130/><V119/><F119/><W95/><G95/><T98/><D103/><U46/><E88/><V108/><F108/><W70/><G70/><T96/><D12/><U97/><E127/><N who="2" m="48683" /><F117/><W56/><AGARI ba="0,0" hai="16,21,24,48,50,51,52,56,63,78,79,84,86,87" machi="56" ten="40,12000,1" yaku="0,1,8,1,54,2" doraHai="27" who="3" fromWho="3" sc="215,-40,191,-40,330,-40,264,120" owari="175,-22.5,151,-34.9,290,9.0,384,48.4" /></mjloggm>