<mjloggm ver="2.3"><GO type="225" lobby="0"/><UN n0="%E3%81%8B%E3%82%8F%E3%81%A1%E3%82%83%E3%82%93%35%38" n1="%E3%81%82%E3%81%99%E3%81%AA%E3%82%8D%E3%83%A9%E3%82%A4%E3%83%80%E3%83%BC" n2="%33%74%72%65%65" n3="%E3%81%86%E3%82%8C%E3%81%9F%E3%82%93%E6%9E%95" dan="17,16,16,16" rate="2134.56,2085.85,2145.88,2115.81" sx="M,M,F,F"/><TAIKYOKU oya="0"/><INIT seed="0,0,0,4,4,70" ten="250,250,250,250" oya="0" hai0="25,54,75,77,122,99,24,128,83,93,113,105,71" hai1="131,12,68,135,69,0,116,32,44,21,63,7,115" hai2="27,36,59,10,124,74,100,84,55,38,58,97,88" hai3="82,45,17,78,80,20,43,123,37,33,53,13,102"/><T91/><D113/><U112/><E63/><V95/><F74/><W114/><G114/><T67/><D122/><U65/><E12/><V109/><F109/><W39/><G33/><T48/><D128/><U127/><E21/><V16/><F124/><W73/><G123/><T3/><D3/><U134/><E44/><V66/><F66/><W60/><G102/><T94/><D105/><U125/><E65/><V8/><F58/><W61/><G37/><T121/><D121/><U4/><E32/><V26/><F26/><W130/><G130/><T6/><D6/><U31/><E31/><V2/><F2/><W23/><G53/><T96/><D71/><U72/><E72/><V120/><F120/><W110/><G110/><T5/><D5/><U46/><E46/><V132/><F132/><W118/><G118/><T28/><D28/><U87/><E87/><V42/><F42/><W129/><G129/><T56/><REACH who="0" step="1"/><D67/><REACH who="0" ten="240,250,250,250" step="2"/><U29/><E131/><V89/><F16/><W51/><G39/><T57/><D57/><U22/><E29/><V34/><F36/><W101/><G101/><AGARI ba="0,1" hai="24,25,48,54,56,75,77,83,91,93,94,96,99,101" machi="101" ten="30,2900,0" yaku="1,1,7,1,53,0" doraHai="70" doraHaiUra="64" who="0" fromWho="3" sc="240,39,250,0,250,0,250,-29" /><INIT seed="0,1,0,4,2,42" ten="279,250,250,221" oya="0" hai0="23,1,16,123,105,106,10,32,67,20,51,132,47" hai1="107,27,83,18,93,134,129,109,135,21,17,112,115" hai2="11,111,25,3,71,12,88,101,46,103,41,68,40" hai3="100,90,22,70,110,73,29,91,30,99,78,124,114"/><T113/><D113/><N who="1" m="43595" /><E107/><V74/><F111/><W122/><G110/><T28/><D23/><U82/><E109/><V7/><F74/><W63/><G114/><T50/><D50/><U53/><E129/><V54/><F71/><W87/><G124/><T31/><D67/><U60/><E93/><V15/><F68/><W52/><G122/><T79/><D79/><U76/><E18/><V8/><F25/><W94/><G70/><T19/><D123/><U38/><E38/><V49/><F3/><W58/><G73/><T126/><D19/><U6/><E6/><N who="2" m="3095" /><F88/><N who="3" m="33835" /><G22/><T56/><D126/><U61/><E83/><AGARI ba="1,0" hai="29,30,52,58,63,78,83,87,94,99,100" m="33835" machi="83" ten="30,3900,0" yaku="8,1,54,2" doraHai="42" who="3" fromWho="1" sc="279,0,250,-42,250,0,221,42" /><INIT seed="1,0,0,1,0,56" ten="279,208,250,263" oya="1" hai0="75,22,4,11,45,43,73,129,90,85,128,87,101" hai1="84,3,33,93,96,52,47,67,76,39,16,112,121" hai2="125,60,38,102,68,116,13,57,42,41,119,17,21" hai3="122,1,107,99,40,89,134,82,63,80,5,135,65"/><U31/><E112/><V83/><F125/><W88/><G122/><T59/><D101/><U111/><E121/><V46/><F68/><W108/><G108/><T27/><D87/><U74/><E3/><V12/><F42/><W104/><G40/><T64/><D64/><U71/><E111/><V37/><F37/><W110/><G110/><T14/><D59/><U18/><E74/><V50/><F38/><W0/><G5/><T114/><D114/><U78/><E39/><V23/><F102/><W58/><G0/><T2/><D2/><U32/><E31/><V15/><F83/><N who="3" m="31787" /><G1/><T100/><D100/><U7/><E7/><V29/><F29/><W127/><G127/><T106/><D106/><N who="3" m="40489" /><G99/><T51/><D129/><U24/><E24/><V120/><F120/><W94/><G94/><T34/><D34/><U113/><E113/><V36/><F36/><W70/><G70/><T77/><D77/><U115/><E115/><V118/><REACH who="2" step="1"/><F17/><REACH who="2" ten="279,208,240,263" step="2"/><W123/><G123/><T103/><D103/><U72/><E16/><V66/><AGARI ba="0,1" hai="12,13,15,21,23,41,46,50,57,60,66,116,118,119" machi="66" ten="40,8000,1" yaku="1,1,2,1,0,1,52,1,53,0" doraHai="56" doraHaiUra="130" who="2" fromWho="2" sc="279,-20,208,-40,240,90,263,-20" /><INIT seed="2,0,0,2,4,15" ten="259,168,330,243" oya="2" hai0="115,125,114,119,21,106,130,75,44,70,71,40,73" hai1="59,39,10,103,41,95,118,53,3,102,4,1,33" hai2="97,50,48,109,22,120,79,24,47,85,30,66,93" hai3="124,9,45,91,107,8,27,105,92,81,78,127,42"/><V61/><F120/><W54/><G27/><T117/><D21/><U63/><E118/><N who="0" m="45065" /><D106/><N who="3" m="40457" /><G54/><T25/><D25/><U88/><E3/><V5/><F109/><W90/><G9/><T2/><D2/><U28/><E28/><V36/><F5/><W76/><G8/><T72/><D130/><U123/><E33/><V55/><F36/><W62/><G62/><T12/><D12/><U69/><E123/><V87/><F48/><W35/><G35/><T49/><D125/><N who="3" m="48201" /><G45/><T13/><D13/><U110/><E110/><V104/><F61/><W14/><G42/><T77/><D77/><N who="3" m="29801" /><G14/><T20/><D20/><U6/><E6/><V116/><F22/><W23/><G23/><T11/><D11/><U37/><E69/><AGARI ba="0,0" hai="40,44,49,69,70,71,72,73,75,114,115" m="45065" machi="69" ten="40,1300,0" yaku="12,1" doraHai="15" who="0" fromWho="1" sc="259,13,168,-13,330,0,243,0" /><INIT seed="3,0,0,5,1,131" ten="272,155,330,243" oya="3" hai0="55,66,23,8,79,19,84,53,31,14,57,94,54" hai1="100,20,113,67,87,2,28,91,61,52,70,40,97" hai2="39,111,95,17,112,7,92,105,37,60,85,115,22" hai3="32,135,80,118,98,59,62,129,77,65,36,76,0"/><W122/><G118/><T75/><D75/><U4/><E113/><V42/><F105/><W30/><G122/><T103/><D79/><U96/><E40/><V12/><F7/><W110/><G36/><T73/><D73/><U119/><E119/><V83/><F37/><W46/><G0/><T44/><D44/><U13/><E2/><V68/><F39/><W18/><G129/><T120/><D120/><U43/><E43/><V58/><F68/><W47/><G110/><T78/><D78/><U124/><E124/><V107/><F107/><W1/><G1/><T24/><D84/><U74/><E74/><V5/><F42/><W93/><G77/><T88/><D103/><U82/><E28/><V99/><F111/><W45/><G18/><T106/><D106/><U27/><E27/><V71/><F71/><W6/><G6/><T89/><D94/><U21/><E52/><N who="0" m="20073" /><D66/><U102/><E4/><V128/><F5/><W127/><G127/><T117/><D117/><U38/><E38/><V15/><F128/><W108/><G108/><T51/><AGARI ba="0,0" hai="8,14,19,23,24,31,51,55,57,88,89" m="20073" machi="51" ten="30,4000,0" yaku="8,1,54,2" doraHai="131" who="0" fromWho="0" sc="272,40,155,-10,330,-10,243,-20" owari="312,11.2,145,-35.5,320,42.0,223,-17.7" /></mjloggm>