<mjloggm ver="2.3"><GO type="225" lobby="0"/><UN n0="%4B%2E%32%2E%4B%2E" n1="%72%61%6B%33" n2="%48%61%61%61%6C%61%6E%64" n3="%E3%82%B2%E3%82%B9%E8%8C%82%E5%8B%9D" dan="16,16,18,16" rate="2159.18,2057.75,2225.34,2097.87" sx="M,M,M,F"/><TAIKYOKU oya="0"/><INIT seed="0,0,0,5,2,99" ten="250,250,250,250" oya="0" hai0="51,102,134,79,106,130,37,8,92,117,75,76,14" hai1="39,120,114,90,96,104,45,68,34,122,88,2,3" hai2="70,91,16,23,49,36,50,13,107,113,111,110,80" hai3="63,62,60,53,132,66,18,55,32,65,86,46,109"/><T100/><D117/><U31/><E114/><V24/><F113/><W121/><G32/><T1/><D37/><U103/><E68/><V21/><F36/><W126/><G109/><N who="2" m="41481" /><F70/><W108/><G108/><T47/><D106/><U9/><E88/><V26/><F107/><W127/><G86/><T0/><D130/><U94/><E90/><V22/><F91/><W61/><G18/><T30/><D30/><U38/><E94/><V40/><F80/><W131/><G131/><T124/><D124/><N who="3" m="47657" /><G132/><T10/><D92/><U19/><E19/><N who="2" m="12351" /><F40/><W52/><N who="3" m="15360" /><DORA hai="54" /><W43/><G121/><T69/><D134/><U15/><E39/><AGARI ba="0,0" hai="39,43,46,52,53,55,65,66" m="15360,47657" machi="39" ten="50,8000,1" yaku="18,1,34,2,54,1" doraHai="99,54" who="3" fromWho="1" sc="250,0,250,-80,250,0,250,80" /><INIT seed="1,0,0,0,2,109" ten="250,170,250,330" oya="1" hai0="134,19,0,94,119,120,12,48,131,13,128,45,76" hai1="38,121,15,125,5,43,83,112,82,124,67,60,23" hai2="42,115,108,73,104,103,90,14,106,44,8,114,32" hai3="86,105,57,77,30,47,39,11,122,89,29,51,35"/><U22/><E121/><V20/><F32/><W68/><G122/><T63/><D120/><U88/><E112/><N who="2" m="43051" /><F108/><W70/><G105/><N who="2" m="40553" /><F103/><W98/><G98/><T31/><D0/><U133/><E133/><V34/><F34/><W116/><G116/><T49/><D119/><U25/><E38/><N who="2" m="21591" /><F73/><W97/><G39/><T28/><D134/><U56/><E43/><V113/><N who="2" m="43059" /><V4/><DORA hai="107" /><F90/><W130/><G89/><T123/><D76/><U69/><E88/><V100/><F100/><W62/><G77/><T59/><D123/><U65/><E125/><V101/><F101/><W78/><G35/><T79/><D79/><U129/><E124/><V24/><F20/><W126/><G78/><T21/><D21/><U84/><E22/><V58/><F58/><W55/><G57/><T72/><D59/><U85/><E56/><V54/><F54/><W110/><G55/><T99/><D72/><U46/><E23/><V16/><F24/><W7/><G126/><T18/><D28/><U9/><E25/><V27/><F27/><W53/><G29/><T1/><D31/><U132/><E85/><V2/><F2/><W17/><G86/><T91/><D91/><U127/><E84/><V52/><F52/><W74/><G53/><T10/><D99/><U111/><E111/><V135/><F135/><W3/><G97/><T75/><D75/><U81/><E132/><V66/><F66/><N who="1" m="25097" /><E127/><V71/><F71/><W33/><G70/><T50/><D94/><U61/><E69/><V36/><F36/><W41/><G68/><T93/><D93/><U102/><E102/><RYUUKYOKU ba="0,0" sc="250,-10,170,-10,250,30,330,-10" hai2="4,8,14,16" /><INIT seed="2,1,0,2,1,15" ten="240,160,280,320" oya="2" hai0="66,82,104,89,112,30,52,91,49,20,102,13,78" hai1="71,14,43,42,92,27,62,76,24,45,28,75,60" hai2="39,124,61,33,4,37,57,11,96,31,129,132,25" hai3="9,79,26,111,35,117,19,53,68,114,88,50,12"/><V107/><F124/><W110/><G117/><T46/><D112/><U130/><E130/><V120/><F120/><W99/><G68/><T47/><D66/><U65/><E75/><V128/><F132/><W127/><G127/><T100/><D46/><U0/><E0/><V10/><F107/><W44/><G79/><T98/><D102/><U81/><E62/><V119/><F119/><W133/><G133/><T7/><D30/><U40/><E92/><V29/><F96/><W115/><G26/><T17/><REACH who="0" step="1"/><D7/><REACH who="0" ten="230,160,280,320" step="2"/><U105/><E105/><V6/><F29/><W85/><G114/><T84/><AGARI ba="1,1" hai="13,17,20,47,49,52,78,82,84,89,91,98,100,104" machi="84" ten="20,12000,2" yaku="1,1,2,1,0,1,7,1,52,1,54,1,53,0" doraHai="15" doraHaiUra="54" who="0" fromWho="0" sc="230,133,160,-31,280,-61,320,-31" /><INIT seed="3,0,0,0,3,69" ten="363,129,219,289" oya="3" hai0="19,90,5,127,22,134,49,102,130,96,132,82,133" hai1="6,53,12,18,34,71,59,1,66,78,51,83,31" hai2="116,74,126,21,98,9,79,64,25,65,58,30,57" hai3="17,120,28,105,38,99,131,13,23,80,75,32,14"/><W119/><G120/><T40/><D127/><U63/><E1/><V44/><F116/><W112/><G112/><T115/><D115/><U41/><E34/><V89/><F126/><W88/><G131/><T84/><D130/><U45/><E31/><V122/><F122/><W128/><G128/><T68/><D68/><U4/><E18/><V135/><F135/><W121/><G121/><T11/><D49/><U29/><E29/><V103/><F89/><W36/><G119/><T107/><D40/><U56/><E12/><V113/><F113/><W16/><G28/><T91/><D19/><U111/><E111/><V35/><F35/><W3/><G3/><N who="0" m="447" /><D22/><U76/><E59/><V42/><F9/><W93/><G105/><T61/><D61/><U129/><E129/><V2/><F2/><W77/><G32/><T20/><D20/><AGARI ba="0,0" hai="13,14,16,17,20,23,36,38,75,77,80,88,93,99" machi="20" ten="30,18000,2" yaku="7,1,9,1,52,2,54,2" doraHai="69" who="3" fromWho="0" sc="363,-180,129,0,219,0,289,180" owari="183,-21.7,129,-37.1,219,1.9,469,56.9" /></mjloggm>