<mjloggm ver="2.3"><GO type="225" lobby="0"/><UN n0="%E3%80%93%E3%81%97%E3%83%BC%E3%82%89%E3%80%93" n1="%79%75%72%69%6D%6F%67" n2="%E5%B8%86%E7%AB%8B%E5%A4%8F%E8%A1%A3" n3="%E3%81%A4%E3%81%A3%E3%81%B1%E3%82%8A%E3%83%9D%E3%83%BC%E3%83%AB" dan="17,16,16,17" rate="2208.09,2122.60,2159.53,2222.55" sx="M,F,M,M"/><TAIKYOKU oya="0"/><INIT seed="0,0,0,4,2,28" ten="250,250,250,250" oya="0" hai0="57,36,69,62,45,89,25,95,122,17,128,111,30" hai1="58,55,82,6,7,21,60,35,99,123,81,78,91" hai2="53,23,1,94,98,115,86,50,70,132,88,59,125" hai3="29,134,34,79,39,100,121,26,106,108,22,85,38"/><T40/><D122/><U103/><E35/><V76/><F115/><W16/><G121/><T63/><D128/><U8/><E123/><V73/><F125/><W49/><G108/><T12/><D111/><U135/><E135/><V129/><F132/><W24/><G134/><T41/><D41/><U4/><E8/><V2/><F129/><W90/><G79/><T9/><D69/><U54/><E54/><V56/><F70/><W15/><G49/><T52/><D63/><U37/><E37/><V131/><F73/><W72/><G72/><T97/><D30/><U75/><E82/><V66/><F131/><W124/><G124/><T112/><REACH who="0" step="1"/><D25/><REACH who="0" ten="240,250,250,250" step="2"/><U93/><E21/><V110/><F23/><W118/><G118/><T43/><D43/><U48/><E60/><V119/><F110/><W33/><G26/><T83/><D83/><U127/><E127/><V117/><F117/><W0/><G39/><T14/><D14/><U47/><REACH who="1" step="1"/><E103/><REACH who="1" ten="240,240,250,250" step="2"/><V80/><F119/><W107/><G100/><T42/><D42/><U130/><E130/><V51/><F66/><W65/><G38/><T46/><D46/><AGARI ba="0,2" hai="4,6,7,46,47,48,55,58,75,78,81,91,93,99" machi="46" ten="40,2600,0" yaku="1,1,53,1" doraHai="28" doraHaiUra="84" who="1" fromWho="0" sc="240,-26,240,46,250,0,250,0" /><INIT seed="1,0,0,5,2,89" ten="214,286,250,250" oya="1" hai0="105,114,81,111,130,65,31,107,58,34,45,117,119" hai1="56,38,30,133,55,86,8,127,1,41,61,66,53" hai2="27,101,95,46,110,40,25,28,43,15,23,76,18" hai3="94,78,124,37,4,92,42,87,2,71,116,96,44"/><U98/><E127/><V17/><F110/><W125/><G71/><T62/><D111/><U50/><E133/><V126/><F76/><W113/><G113/><T24/><D114/><U85/><E30/><V35/><F126/><N who="3" m="48747" /><G116/><T73/><D130/><U97/><E55/><V6/><F6/><W9/><G96/><T132/><D132/><U79/><E41/><V129/><F129/><W57/><G57/><T10/><D10/><U93/><E38/><V64/><F64/><W29/><G29/><T102/><D45/><U74/><E98/><V75/><F75/><W118/><G118/><T54/><D54/><U123/><E123/><V3/><F3/><W32/><G32/><T80/><D80/><AGARI ba="0,0" hai="2,4,9,37,42,44,78,80,87,92,94" m="48747" machi="80" ten="30,3900,0" yaku="18,1,52,2" doraHai="89" who="3" fromWho="0" sc="214,-39,286,0,250,0,250,39" /><INIT seed="2,0,0,5,0,67" ten="175,286,250,289" oya="2" hai0="11,14,84,71,88,91,93,81,74,23,7,87,37" hai1="51,34,31,29,1,48,98,3,73,28,130,54,42" hai2="125,57,103,104,100,64,44,101,75,25,95,66,12" hai3="69,18,85,133,15,20,124,52,76,39,123,13,126"/><V128/><F104/><W132/><G39/><T16/><D37/><U6/><E73/><V30/><F75/><W113/><G123/><T58/><D74/><U82/><E130/><V80/><F125/><N who="3" m="48235" /><G69/><T68/><REACH who="0" step="1"/><D58/><REACH who="0" ten="165,286,250,289" step="2"/><U120/><E34/><V89/><F57/><W127/><G127/><T27/><AGARI ba="0,1" hai="7,11,14,16,23,27,68,71,81,84,87,88,91,93" machi="27" ten="20,16000,3" yaku="1,1,2,1,0,1,7,1,52,2,54,2,53,0" doraHai="67" doraHaiUra="46" who="0" fromWho="0" sc="165,170,286,-40,250,-80,289,-40" /><INIT seed="3,0,0,3,5,79" ten="335,246,170,249" oya="3" hai0="46,70,104,59,72,16,128,0,84,1,89,12,75" hai1="83,112,101,44,58,50,67,52,65,51,47,124,18" hai2="7,61,5,117,27,66,125,135,62,71,73,105,19" hai3="121,32,127,55,8,129,131,13,22,100,111,74,49"/><W76/><G32/><T102/><D70/><U28/><E112/><V4/><F117/><W39/><G39/><T54/><D128/><N who="3" m="49225" /><G121/><T86/><D84/><U91/><E124/><V126/><F105/><W14/><G127/><T97/><D46/><U41/><E28/><V82/><F135/><W34/><G34/><T87/><D86/><N who="1" m="50655" /><E101/><V9/><F62/><W31/><G100/><T99/><D99/><U109/><E109/><V17/><F27/><N who="3" m="16887" /><G8/><T122/><D122/><U25/><E58/><V93/><F93/><W30/><G30/><T106/><D104/><U123/><E123/><V60/><F60/><W88/><G111/><T38/><D38/><U48/><E48/><V134/><F134/><W95/><G76/><T116/><D116/><U11/><E25/><V35/><F35/><W6/><G6/><T21/><D0/><U56/><E56/><V103/><F103/><W78/><G78/><T36/><D36/><U57/><E57/><V77/><REACH who="2" step="1"/><F19/><REACH who="2" ten="335,246,160,249" step="2"/><W119/><G119/><T63/><D102/><U15/><AGARI ba="0,1" hai="11,15,18,41,44,47,50,51,52,65,67" m="50655" machi="15" ten="30,7900,0" yaku="25,1,8,1,52,1,54,1" doraHai="79" who="1" fromWho="1" sc="335,-20,246,89,160,-20,249,-39" owari="315,11.5,335,43.5,140,-36.0,210,-19.0" /></mjloggm>