<mjloggm ver="2.3"><GO type="225" lobby="0"/><UN n0="%72%69%6F%75%63%68%61%6E" n1="%E3%82%82%E3%81%90%E3%82%89" n2="%33%74%72%65%65" n3="%6D%75%75%6D%75%72%61" dan="16,16,17,16" rate="2196.08,2221.86,2246.77,2146.77" sx="M,M,F,F"/><TAIKYOKU oya="0"/><INIT seed="0,0,0,2,5,8" ten="250,250,250,250" oya="0" hai0="67,106,43,4,129,74,14,132,20,65,5,23,41" hai1="33,101,19,45,134,6,107,72,79,68,135,82,53" hai2="78,92,9,125,58,18,52,48,86,55,80,131,22" hai3="49,31,71,122,84,127,102,76,83,21,113,26,11"/><T121/><D121/><U118/><E68/><V98/><F125/><W130/><G113/><T116/><D116/><U77/><E118/><V25/><F131/><W3/><G127/><T27/><D106/><U111/><E33/><V64/><F9/><W70/><G130/><T81/><D129/><U123/><E123/><V115/><F115/><W124/><G122/><T89/><D132/><N who="1" m="50731" /><E79/><V110/><F110/><W95/><G124/><T32/><D32/><U24/><E6/><N who="0" m="2665" /><D74/><U28/><E19/><V96/><F64/><N who="0" m="24650" /><D27/><U47/><E53/><N who="2" m="32039" /><F96/><W87/><G3/><T17/><D23/><N who="1" m="15391" /><E111/><V109/><F109/><W62/><G70/><T35/><D35/><U93/><E107/><V59/><F59/><W46/><G71/><T112/><D112/><U99/><AGARI ba="0,0" hai="45,47,72,77,82,93,99,101" m="15391,50731" machi="99" ten="30,1100,0" yaku="20,1" doraHai="8" who="1" fromWho="1" sc="250,-5,250,11,250,-3,250,-3" /><INIT seed="1,0,0,1,5,32" ten="245,261,247,247" oya="1" hai0="132,66,99,93,20,61,9,80,114,42,22,115,3" hai1="102,19,15,39,107,55,28,69,17,45,85,16,34" hai2="0,64,46,97,111,18,68,59,125,38,88,5,37" hai3="109,12,75,1,101,92,94,58,49,113,128,82,43"/><U30/><E69/><V133/><F68/><W77/><G113/><T134/><D42/><U96/><E34/><V44/><F18/><W72/><G109/><T84/><D115/><U10/><E85/><V25/><F25/><W27/><G128/><T41/><D114/><U103/><E103/><V36/><F111/><W71/><G71/><T48/><D41/><U23/><E19/><V13/><F13/><W31/><G75/><T100/><D48/><U63/><E39/><V135/><F59/><W121/><G121/><T54/><D54/><U65/><E65/><V50/><F64/><W78/><G78/><T86/><D61/><U108/><E108/><V52/><F46/><W56/><G12/><T57/><D57/><U11/><E11/><N who="2" m="2471" /><F125/><W119/><G1/><T127/><D66/><U129/><E129/><V24/><F24/><W104/><G119/><T124/><D84/><U81/><E81/><V131/><F131/><W122/><G58/><T106/><D93/><U95/><E107/><V116/><F116/><W120/><G120/><T26/><D20/><U79/><E79/><V62/><F62/><W2/><G2/><T35/><D35/><U130/><E130/><V110/><F110/><W4/><G122/><T105/><D105/><U47/><E63/><V21/><F21/><N who="3" m="15855" /><G4/><N who="0" m="1183" /><D22/><U14/><E47/><V91/><F97/><N who="3" m="61487" /><G56/><T118/><D26/><U89/><E89/><V40/><F40/><W7/><G7/><T126/><D118/><U73/><E73/><V29/><F29/><W123/><G123/><T60/><D60/><U83/><E83/><V70/><F70/><RYUUKYOKU ba="0,0" sc="245,0,261,0,247,0,247,0" hai0="80,86,99,100,106,124,126,127,132,134" hai1="10,14,15,16,17,23,28,30,45,55,95,96,102" hai2="36,37,38,44,50,52,88,91,133,135" hai3="43,49,72,77,82,92,94" /><INIT seed="1,1,0,2,3,125" ten="245,261,247,247" oya="1" hai0="39,51,52,84,67,0,4,103,135,116,97,27,46" hai1="66,74,6,50,85,60,90,9,122,45,17,129,57" hai2="55,22,111,37,25,23,19,34,15,130,20,1,16" hai3="77,24,69,109,59,70,86,73,40,5,132,14,126"/><U99/><E122/><V72/><F72/><W107/><G126/><T28/><D116/><U32/><E32/><V105/><F105/><W41/><G73/><T79/><D135/><U12/><E74/><V119/><F37/><W127/><G127/><T104/><D39/><U95/><E129/><V110/><F55/><W68/><G107/><T65/><D4/><U118/><E118/><V18/><F119/><W62/><G109/><N who="2" m="41481" /><F1/><W108/><G132/><T53/><D0/><U49/><E45/><V114/><F114/><W33/><G108/><T10/><D10/><U48/><REACH who="1" step="1"/><E85/><REACH who="1" ten="245,251,247,247" step="2"/><V11/><F130/><W117/><G117/><T26/><D84/><U54/><E54/><V44/><F44/><W63/><G86/><T2/><D53/><U121/><E121/><V35/><F25/><W80/><G24/><T106/><D26/><U47/><E47/><V101/><F101/><W123/><G123/><T133/><D133/><U115/><E115/><V89/><F89/><W3/><G41/><T75/><D27/><U100/><E100/><V71/><F71/><W56/><G40/><T36/><D75/><U81/><E81/><V87/><F87/><W64/><G80/><T13/><D103/><U96/><E96/><V92/><F92/><W102/><G102/><T112/><D97/><U21/><E21/><V83/><F83/><W42/><G42/><T78/><D112/><U134/><E134/><V94/><F94/><W124/><G124/><T43/><D106/><U61/><E61/><V8/><F8/><N who="3" m="4367" /><G69/><T88/><D104/><U128/><E128/><V7/><AGARI ba="1,1" hai="7,11,15,16,18,19,20,22,23,34,35" m="41481" machi="7" ten="40,8000,1" yaku="5,1,14,1,34,2,54,1" doraHai="125" who="2" fromWho="2" sc="245,-21,251,-41,247,93,247,-21" /><INIT seed="2,0,0,3,3,109" ten="224,210,340,226" oya="2" hai0="75,24,74,33,81,118,18,9,20,107,88,106,90" hai1="12,31,103,51,99,117,82,129,110,49,17,98,94" hai2="41,128,26,28,37,105,87,63,36,15,77,132,52" hai3="73,114,102,71,119,122,85,44,4,11,116,34,65"/><V104/><F128/><W60/><G122/><T100/><D33/><U42/><E117/><V70/><F132/><W45/><G73/><T113/><D113/><U59/><E110/><V95/><F15/><W131/><G131/><T127/><D127/><U66/><E129/><V27/><F27/><W83/><G34/><T38/><D38/><U93/><E31/><V97/><F37/><W25/><G116/><T134/><D118/><U86/><E42/><V6/><F6/><W48/><G25/><T58/><D134/><U67/><E86/><V19/><F19/><W111/><G111/><T89/><D58/><U121/><E82/><V123/><F87/><W62/><G102/><T16/><D100/><U135/><E121/><V29/><F77/><W79/><G119/><T43/><D43/><U120/><E120/><V23/><F29/><W125/><G125/><T32/><D32/><U133/><E133/><V108/><F108/><W72/><G62/><T115/><D115/><U76/><E76/><V7/><F7/><W54/><G72/><T68/><D68/><U61/><E67/><V55/><F70/><W2/><REACH who="3" step="1"/><G45/><REACH who="3" ten="224,210,340,216" step="2"/><T96/><D75/><U78/><E135/><V56/><F123/><W39/><G39/><T126/><D126/><U1/><E103/><V50/><F36/><W91/><G91/><T10/><D96/><N who="1" m="36907" /><E78/><V64/><F97/><W40/><G40/><T47/><D47/><U57/><E49/><V84/><F50/><W112/><AGARI ba="0,1" hai="2,4,11,44,48,54,60,65,71,79,83,85,112,114" machi="112" ten="30,7900,0" yaku="1,1,0,1,52,2,53,0" doraHai="109" doraHaiUra="13" who="3" fromWho="3" sc="224,-20,210,-20,340,-39,216,89" /><INIT seed="3,0,0,0,0,11" ten="204,190,301,305" oya="3" hai0="45,4,79,121,3,129,98,59,25,117,55,100,81" hai1="99,103,119,118,133,131,8,50,44,61,0,110,80" hai2="43,46,28,113,57,31,116,94,24,108,51,65,68" hai3="54,104,126,52,13,27,111,26,67,102,71,37,112"/><W114/><G37/><T49/><D117/><N who="1" m="44555" /><E61/><N who="2" m="38063" /><F68/><W96/><G126/><T107/><D121/><U14/><E110/><V93/><F113/><W17/><G111/><T127/><D127/><U95/><E131/><V60/><F108/><W15/><G71/><T32/><D129/><U73/><E0/><V48/><F116/><W53/><G67/><T58/><D3/><U92/><E133/><V36/><F36/><W47/><G47/><T18/><D4/><N who="1" m="3335" /><E80/><V120/><F120/><W33/><G27/><T62/><D62/><U77/><E77/><V2/><F2/><W19/><G26/><T20/><D32/><U101/><E73/><AGARI ba="0,0" hai="18,20,25,45,49,55,58,59,73,79,81,98,100,107" machi="73" ten="30,1000,0" yaku="7,1" doraHai="11" who="0" fromWho="1" sc="204,10,190,-10,301,0,305,0" owari="214,-18.6,180,-32.0,301,10.1,305,40.5" /></mjloggm>