<mjloggm ver="2.3"><GO type="225" lobby="0"/><UN n0="%6D%75%75%6D%75%72%61" n1="%72%69%6F%75%63%68%61%6E" n2="%4C%4F%4C%49%54%41" n3="%72%61%6B%33" dan="16,16,16,16" rate="2101.31,2216.68,2185.26,2156.91" sx="F,M,F,M"/><TAIKYOKU oya="0"/><INIT seed="0,0,0,3,0,116" ten="250,250,250,250" oya="0" hai0="37,107,25,0,58,102,2,97,7,17,9,122,43" hai1="115,38,110,63,67,12,31,127,108,3,118,6,11" hai2="64,65,18,45,79,111,128,71,30,104,114,24,61" hai3="20,54,19,46,10,52,130,40,39,59,129,126,123"/><T81/><D2/><U23/><E127/><V42/><F114/><W106/><G106/><T13/><D122/><U32/><E118/><V47/><F104/><W80/><G10/><T86/><D25/><N who="1" m="18543" /><E38/><V56/><F111/><N who="1" m="42537" /><E115/><V74/><F128/><N who="3" m="49259" /><G126/><T76/><D58/><N who="1" m="37367" /><E23/><V105/><F105/><W94/><G80/><T84/><D37/><U134/><E134/><V16/><F71/><W125/><G125/><T131/><D131/><U113/><E113/><V70/><F70/><W66/><G94/><T88/><D43/><U15/><AGARI ba="0,0" hai="3,6,11,12,15" m="37367,42537,18543" machi="15" ten="30,1100,0" yaku="14,1" doraHai="116" who="1" fromWho="1" sc="250,-5,250,11,250,-3,250,-3" /><INIT seed="1,0,0,4,5,78" ten="245,261,247,247" oya="1" hai0="57,59,37,61,89,129,42,85,77,86,19,110,105" hai1="74,130,109,58,14,36,84,54,17,20,108,29,73" hai2="81,24,63,71,123,48,45,97,98,72,60,32,40" hai3="18,11,39,94,79,102,127,52,65,134,106,49,7"/><U55/><E130/><V100/><F123/><W125/><G39/><T75/><D129/><U118/><E118/><V113/><F113/><W35/><G35/><T4/><D105/><U126/><E126/><V103/><F71/><W101/><G106/><T16/><D110/><N who="1" m="42603" /><E36/><V99/><F32/><W114/><G114/><T22/><D75/><N who="1" m="28683" /><E29/><V38/><F38/><W51/><G51/><T67/><D4/><U124/><E124/><V88/><F24/><W33/><G7/><T121/><D121/><U50/><E54/><V25/><F25/><W119/><G52/><T83/><D37/><U56/><E84/><N who="2" m="50191" /><F72/><W53/><G119/><T5/><D5/><U68/><E68/><V66/><F66/><W13/><G65/><T131/><D131/><U70/><E70/><V44/><F45/><AGARI ba="0,0" hai="14,17,20,45,50,55,56,58" m="28683,42603" machi="45" ten="30,2900,0" yaku="14,1,10,1" doraHai="78" who="1" fromWho="2" sc="245,0,261,29,247,-29,247,0" /><INIT seed="1,1,0,1,1,27" ten="245,290,218,247" oya="1" hai0="5,120,106,24,78,0,101,13,93,124,116,60,57" hai1="109,80,11,113,30,99,105,134,39,117,35,9,84" hai2="3,130,10,121,107,75,32,125,23,53,38,131,102" hai3="65,59,115,64,50,92,25,62,16,89,51,127,43"/><U29/><E113/><V26/><F38/><W123/><G123/><T58/><D116/><U133/><E117/><V71/><F75/><W66/><G127/><T41/><D124/><U12/><E39/><V81/><F71/><W7/><G7/><T119/><D119/><U14/><E109/><V4/><F81/><W42/><G115/><T104/><D0/><U17/><E35/><V111/><F125/><W18/><G43/><T34/><D78/><U22/><E22/><V108/><F53/><N who="3" m="34159" /><G42/><T46/><D120/><U15/><E99/><V135/><F121/><W20/><G18/><T128/><D128/><N who="2" m="49194" /><F102/><W48/><G64/><T52/><D58/><U126/><E105/><V67/><F67/><W97/><AGARI ba="1,0" hai="16,20,25,48,50,51,65,66,89,92,97" m="34159" machi="97" ten="30,4000,0" yaku="25,1,8,1,54,1" doraHai="27" who="3" fromWho="3" sc="245,-11,290,-21,218,-11,247,43" /><INIT seed="2,0,0,4,2,115" ten="234,269,207,290" oya="2" hai0="12,71,85,118,87,9,65,44,5,112,58,52,37" hai1="70,29,135,45,31,76,117,97,68,15,98,36,75" hai2="77,2,88,28,27,123,101,53,110,63,19,80,119" hai3="120,20,18,48,55,89,86,96,47,73,56,102,24"/><V82/><F123/><W134/><G134/><T1/><D112/><U11/><E117/><V127/><F2/><W111/><G111/><T14/><D118/><U109/><E109/><V54/><F110/><W78/><G120/><T72/><D72/><U103/><E135/><V104/><F127/><W131/><G131/><T43/><D1/><U32/><E36/><V79/><F119/><W16/><G73/><T30/><D30/><U23/><E32/><V4/><F4/><W50/><G78/><T108/><D108/><U7/><E45/><V94/><F101/><W34/><G34/><T107/><D107/><U124/><E124/><V106/><F19/><N who="3" m="12319" /><G96/><T105/><D105/><U60/><E98/><V84/><F104/><W95/><G102/><T46/><D46/><U91/><E91/><V51/><F63/><W22/><G22/><T126/><D126/><U125/><E125/><V116/><F106/><W81/><G81/><N who="2" m="31337" /><F116/><W122/><G122/><T128/><D128/><U41/><E60/><V57/><F54/><AGARI ba="0,0" hai="16,18,47,48,50,54,55,56,86,89,95" m="12319" machi="54" ten="30,2000,0" yaku="8,1,54,1" doraHai="115" who="3" fromWho="2" sc="234,0,269,0,207,-20,290,20" /><INIT seed="3,0,0,3,5,70" ten="234,269,187,310" oya="3" hai0="23,4,95,125,120,110,122,64,104,97,14,87,62" hai1="56,5,100,31,39,58,82,112,37,105,67,17,88" hai2="52,36,53,54,76,103,113,1,33,98,6,12,77" hai3="114,90,59,63,49,55,51,80,42,85,93,45,130"/><W91/><G130/><T32/><D32/><U81/><E112/><V127/><F113/><W131/><G131/><T22/><D110/><U96/><E31/><V71/><F1/><W61/><G114/><T115/><D115/><U133/><E133/><V108/><F108/><W41/><G41/><T75/><D75/><U40/><E5/><V16/><F33/><W13/><G13/><T50/><D125/><U19/><E81/><V44/><F71/><W18/><G18/><T25/><D104/><U0/><E0/><V26/><F127/><W94/><G94/><T7/><D87/><AGARI ba="0,0" hai="42,45,49,51,55,59,61,63,80,85,87,90,91,93" machi="87" ten="30,2900,0" yaku="7,1,8,1" doraHai="70" who="3" fromWho="0" sc="234,-29,269,0,187,0,310,29" owari="205,-19.5,269,6.9,187,-31.3,339,43.9" /></mjloggm>