<mjloggm ver="2.3"><GO type="225" lobby="0"/><UN n0="%E3%82%BC%E3%83%AB%E3%83%80%E3%81%AE%E4%BC%9D%E8%AA%AC" n1="%E3%83%94%E3%83%B3%E3%82%B5%E3%83%AD%E5%BA%97%E5%93%A1" n2="%E3%81%82%E3%80%81%E8%B2%A0%E3%81%91%E3%81%BE%E3%81%97%E3%81%9F" n3="%72%69%6F%75%63%68%61%6E" dan="17,16,16,16" rate="2166.11,2164.32,2085.69,2120.57" sx="M,M,M,M"/><TAIKYOKU oya="0"/><INIT seed="0,0,0,1,3,88" ten="250,250,250,250" oya="0" hai0="15,129,56,123,18,121,108,24,32,19,54,102,120" hai1="34,50,131,89,105,134,110,86,92,21,53,70,93" hai2="8,26,107,99,4,72,37,77,16,62,13,46,66" hai3="125,87,132,25,22,101,104,3,83,43,57,74,82"/><T40/><D129/><U10/><E34/><V2/><F107/><W45/><G125/><T84/><D108/><U59/><E105/><V39/><F99/><W90/><G132/><T30/><D40/><U75/><E75/><V85/><F85/><W67/><G3/><T100/><D84/><U78/><E70/><V55/><F26/><W103/><G104/><T65/><D65/><U97/><E110/><V58/><F66/><W130/><G130/><T111/><D111/><U41/><E131/><V0/><F46/><W95/><G74/><T80/><D80/><N who="1" m="47383" /><E134/><V60/><F60/><W47/><G83/><T52/><D54/><U12/><E21/><V33/><F33/><W48/><G45/><T36/><D36/><U28/><E28/><V9/><REACH who="2" step="1"/><F2/><REACH who="2" ten="250,250,240,250" step="2"/><W135/><G135/><T81/><D81/><AGARI ba="0,1" hai="0,4,8,9,13,16,37,39,55,58,62,72,77,81" machi="81" ten="40,5200,0" yaku="1,1,2,1,54,1,53,0" doraHai="88" doraHaiUra="113" who="2" fromWho="0" sc="250,-52,250,0,240,62,250,0" /><INIT seed="1,0,0,4,5,134" ten="198,250,302,250" oya="1" hai0="35,71,68,95,36,43,75,52,59,64,78,51,83" hai1="116,104,2,88,57,110,27,44,125,90,13,63,6" hai2="67,65,82,96,0,91,105,69,19,40,86,47,22" hai3="56,74,7,93,38,53,11,131,123,94,50,92,33"/><U98/><E116/><V100/><F0/><W20/><G123/><T14/><D35/><U124/><E2/><V108/><F108/><W30/><G131/><T72/><D72/><U81/><E110/><V112/><F69/><W1/><G38/><T5/><D95/><U111/><E111/><V62/><F62/><W61/><G74/><T3/><D14/><U121/><E121/><V31/><F31/><W23/><REACH who="3" step="1"/><G61/><REACH who="3" ten="198,250,302,240" step="2"/><T133/><D133/><U127/><E63/><V25/><F112/><W113/><G113/><T46/><REACH who="0" step="1"/><D64/><REACH who="0" ten="188,250,302,240" step="2"/><U29/><E125/><V109/><F109/><W84/><G84/><T135/><D135/><U16/><E127/><V87/><F87/><W99/><G99/><T79/><D79/><U21/><E98/><V18/><F65/><W8/><G8/><AGARI ba="0,2" hai="3,5,8,36,43,46,51,52,59,68,71,75,78,83" machi="8" ten="40,8000,1" yaku="1,1,25,2,54,1,53,1" doraHai="134" doraHaiUra="4" who="0" fromWho="3" sc="188,100,250,0,302,0,240,-80" /><INIT seed="2,0,0,3,3,67" ten="288,250,302,160" oya="2" hai0="34,114,128,61,54,92,28,89,57,116,99,41,60" hai1="88,100,133,73,27,2,75,112,119,113,132,122,9" hai2="4,108,134,32,135,17,31,35,25,48,130,83,23" hai3="74,97,45,111,13,62,127,1,21,126,105,30,51"/><V79/><F48/><W43/><G111/><T84/><D114/><U64/><E119/><V82/><F82/><W85/><G74/><N who="1" m="28170" /><E100/><V103/><F83/><W96/><G1/><T78/><D116/><U69/><E27/><V40/><F79/><W12/><G85/><T24/><D128/><U10/><E122/><V65/><F65/><W77/><G77/><T102/><D41/><U33/><E33/><N who="2" m="12875" /><F40/><W120/><G120/><T6/><D6/><N who="1" m="1239" /><E10/><V37/><F37/><W47/><G45/><T109/><D109/><U87/><E88/><V26/><F103/><W90/><G30/><T42/><D42/><U93/><E93/><V86/><F86/><W106/><G21/><T18/><D18/><U110/><E87/><V19/><F108/><W16/><G62/><T11/><D11/><U63/><E110/><V76/><F76/><W14/><G16/><N who="2" m="6217" /><F130/><W5/><G5/><T117/><D117/><U59/><E59/><V70/><F70/><W49/><G49/><T66/><D78/><U98/><E98/><N who="3" m="37994" /><G90/><T3/><D61/><U55/><E55/><V36/><F36/><W81/><G81/><N who="0" m="49295" /><D54/><U95/><E95/><V131/><F131/><W94/><G94/><T0/><D92/><U71/><E71/><V46/><F46/><W129/><G129/><T80/><D80/><U101/><E101/><V68/><F68/><W39/><G39/><T104/><D104/><U115/><AGARI ba="0,0" hai="63,64,69,112,113,115,132,133" m="1239,28170" machi="115" ten="40,2700,0" yaku="23,1,52,1" doraHai="67" who="1" fromWho="1" sc="288,-7,250,27,302,-13,160,-7" /><INIT seed="3,0,0,5,1,73" ten="281,277,289,153" oya="3" hai0="42,8,123,29,67,127,115,75,13,86,80,71,87" hai1="6,90,9,40,130,65,38,119,60,77,57,30,31" hai2="135,102,49,33,112,109,16,45,99,108,93,4,95" hai3="3,22,132,1,122,128,52,59,2,32,76,47,58"/><W124/><G122/><T41/><D123/><U50/><E38/><V85/><F135/><W39/><G32/><T106/><D106/><U48/><E130/><V98/><F112/><W121/><G128/><T133/><D133/><U34/><E119/><V37/><F4/><W100/><G132/><T35/><D75/><U118/><E118/><V7/><F7/><W5/><G121/><T21/><D35/><U134/><E134/><V97/><F33/><W126/><G100/><T46/><D115/><U113/><E113/><V96/><F37/><W56/><G5/><T88/><D127/><N who="3" m="48681" /><G22/><T107/><D107/><U101/><E101/><V81/><F95/><W11/><G11/><T66/><D71/><U131/><E131/><V0/><F0/><N who="3" m="3" /><W44/><DORA hai="110" /><G39/><T14/><D87/><U15/><E34/><V53/><REACH who="2" step="1"/><F16/><REACH who="2" ten="281,277,279,153" step="2"/><W117/><G117/><T72/><D8/><U27/><E9/><V51/><F51/><N who="3" m="28775" /><G47/><T125/><D125/><U23/><E6/><V83/><F83/><W28/><G28/><T68/><D46/><U84/><E31/><V25/><F25/><W91/><G91/><AGARI ba="0,1" hai="45,49,53,81,85,91,93,96,97,98,99,102,108,109" machi="91" ten="40,5200,0" yaku="1,1,53,2" doraHai="73,110" doraHaiUra="120,10" who="2" fromWho="3" sc="281,0,277,0,279,62,153,-52" owari="281,8.1,277,-12.3,341,44.1,101,-39.9" /></mjloggm>