<mjloggm ver="2.3"><GO type="225" lobby="0"/><UN n0="%4B%2E%32%2E%4B%2E" n1="%70%6E%64%73%6E%67" n2="%72%69%6F%75%63%68%61%6E" n3="%E3%82%A2%E3%83%A1%E3%82%A2%E3%83%A9%E3%83%AC" dan="16,16,16,16" rate="2135.37,2124.60,2187.85,2131.38" sx="M,M,M,M"/><TAIKYOKU oya="0"/><INIT seed="0,0,0,0,0,20" ten="250,250,250,250" oya="0" hai0="135,95,86,31,87,96,47,38,108,124,107,130,77" hai1="91,27,102,11,89,8,121,35,101,62,115,113,55" hai2="83,100,109,70,123,65,0,114,12,67,110,23,52" hai3="122,57,134,71,59,82,43,68,116,21,51,132,28"/><T50/><D38/><U30/><E121/><V72/><F123/><W6/><G6/><T73/><D107/><U80/><E101/><V112/><F0/><W76/><G122/><T74/><D124/><U7/><E102/><V24/><F100/><W15/><G116/><T60/><D130/><U133/><E133/><N who="3" m="51306" /><G43/><T45/><D135/><U94/><E80/><V75/><F12/><W33/><G33/><T103/><D108/><N who="2" m="41578" /><F70/><N who="3" m="26667" /><G51/><T92/><D60/><U64/><E55/><V48/><F65/><W19/><G28/><T32/><D32/><U69/><E89/><V36/><F67/><W66/><G66/><T22/><D74/><AGARI ba="0,0" hai="15,19,21,57,59,74,76,82" m="26667,51306" machi="74" ten="30,1000,0" yaku="20,1" doraHai="20" who="3" fromWho="0" sc="250,-10,250,0,250,0,250,10" /><INIT seed="1,0,0,0,4,129" ten="240,250,250,260" oya="1" hai0="92,65,109,123,13,57,0,81,69,30,21,132,119" hai1="68,26,133,111,102,2,22,82,35,84,41,15,40" hai2="107,49,67,128,103,11,42,59,14,66,18,75,97" hai3="110,91,53,98,114,7,87,76,100,16,115,83,27"/><U46/><E68/><V116/><F128/><W8/><G110/><T47/><D119/><U126/><E2/><V106/><F116/><W85/><G53/><T95/><D109/><U45/><E111/><V36/><F75/><W108/><G108/><T105/><D105/><U24/><E35/><V86/><F107/><W61/><G61/><T9/><D69/><U23/><E15/><V74/><F74/><W52/><G52/><T62/><D0/><U25/><E102/><V48/><F36/><W78/><G78/><T121/><D81/><U64/><E64/><V80/><F42/><N who="1" m="16489" /><E126/><V5/><F18/><W127/><G127/><T20/><D47/><N who="1" m="17931" /><E133/><V89/><REACH who="2" step="1"/><F66/><REACH who="2" ten="240,250,240,260" step="2"/><W134/><G134/><T101/><D132/><U34/><E34/><V71/><F71/><W99/><G114/><T37/><D37/><U39/><E39/><V58/><F58/><W124/><G115/><T6/><D65/><U93/><E93/><V51/><F51/><W50/><G50/><T70/><D70/><U90/><AGARI ba="0,1" hai="22,23,24,25,26,82,84,90" m="17931,16489" machi="90" ten="30,1500,0" yaku="8,1" doraHai="129" who="1" fromWho="1" sc="240,-5,250,25,240,-5,260,-5" /><INIT seed="1,1,0,5,0,2" ten="235,275,235,255" oya="1" hai0="27,128,67,45,55,70,43,124,74,73,133,7,131" hai1="112,19,6,80,61,77,31,50,96,116,32,97,89" hai2="130,76,117,17,37,88,40,75,41,103,48,90,39" hai3="114,69,87,120,104,34,94,71,78,91,26,44,51"/><U111/><E112/><V20/><F117/><W129/><G120/><T126/><D27/><U47/><E116/><V86/><F130/><N who="0" m="49706" /><D55/><U84/><E111/><V125/><F125/><N who="0" m="48234" /><D7/><U42/><E19/><V110/><F110/><W36/><G26/><T54/><D54/><U132/><E132/><V106/><F37/><W102/><G36/><N who="0" m="21735" /><D133/><U21/><E32/><V92/><F39/><W3/><G34/><T99/><D99/><U68/><E68/><V63/><F48/><W100/><G71/><T15/><D15/><U30/><E61/><AGARI ba="1,0" hai="61,67,70,73,74" m="21735,48234,49706" machi="61" ten="30,3900,0" yaku="19,1,18,1,23,1" doraHai="2" who="0" fromWho="1" sc="235,42,275,-42,235,0,255,0" /><INIT seed="2,0,0,1,1,0" ten="277,233,235,255" oya="2" hai0="42,111,63,58,120,41,94,81,126,78,74,49,96" hai1="4,129,105,51,20,39,44,72,77,53,100,47,2" hai2="32,134,12,82,29,28,35,117,7,73,37,98,125" hai3="31,64,95,76,92,43,122,15,22,8,38,119,91"/><V9/><F117/><W115/><G119/><T103/><D120/><U113/><E113/><V87/><F37/><W128/><G122/><T5/><D111/><U52/><E129/><V50/><F125/><W127/><G128/><T55/><D126/><U118/><E118/><V1/><F73/><W14/><G127/><T3/><REACH who="0" step="1"/><D63/><REACH who="0" ten="267,233,235,255" step="2"/><U116/><E116/><V97/><F134/><W40/><G115/><T65/><D65/><U101/><E105/><V68/><F32/><W93/><G64/><T19/><D19/><U121/><E121/><V114/><F35/><W62/><G62/><T45/><D45/><U84/><E47/><V107/><F107/><W89/><G31/><T46/><D46/><U86/><E39/><V23/><F114/><W110/><G38/><T106/><D106/><U27/><E44/><V88/><F68/><W13/><G110/><T61/><D61/><U69/><E69/><V71/><F71/><W59/><G43/><T108/><D108/><U135/><E135/><V34/><F50/><W99/><G40/><T70/><D70/><U16/><E51/><V102/><F34/><W132/><G132/><T104/><D104/><U79/><E53/><V21/><F29/><W123/><G123/><T48/><D48/><U54/><E54/><V17/><REACH who="2" step="1"/><F102/><REACH who="2" ten="267,233,225,255" step="2"/><W80/><G59/><T109/><D109/><U30/><E30/><V10/><F10/><AGARI ba="0,2" hai="3,5,10,41,42,49,55,58,74,78,81,94,96,103" machi="10" ten="40,2600,0" yaku="1,1,52,1,53,0" doraHai="0" doraHaiUra="112" who="0" fromWho="2" sc="267,46,233,0,225,-26,255,0" /><INIT seed="3,0,0,2,2,116" ten="313,233,199,255" oya="3" hai0="2,111,65,127,58,68,37,35,49,130,105,91,76" hai1="29,132,114,32,19,74,47,10,78,0,46,18,93" hai2="107,94,11,134,3,63,131,88,135,123,55,14,25" hai3="117,113,122,5,124,86,125,85,7,57,101,13,50"/><W64/><G113/><T17/><D105/><U98/><E114/><V20/><F107/><W34/><G117/><T51/><D35/><U8/><E132/><N who="2" m="50731" /><F3/><W54/><G34/><T71/><D2/><U24/><E74/><V42/><F42/><W109/><G101/><T92/><D68/><U69/><E69/><V108/><F108/><W61/><G109/><T103/><D71/><U1/><E78/><V38/><F38/><W9/><G5/><T128/><D127/><U23/><E1/><V81/><F81/><W52/><G122/><T28/><D51/><U89/><E19/><N who="2" m="12447" /><F131/><W133/><G133/><T119/><D37/><U44/><REACH who="1" step="1"/><E0/><REACH who="1" ten="313,223,199,255" step="2"/><V6/><F123/><W62/><G124/><T48/><D119/><U33/><E33/><V126/><F126/><W112/><G125/><T121/><D121/><U53/><E53/><V80/><F80/><W15/><G112/><T60/><D128/><U83/><E83/><V82/><F82/><W31/><G31/><T27/><D28/><U72/><E72/><V41/><F41/><W75/><G75/><T12/><D130/><U36/><E36/><V79/><F79/><W21/><G54/><T84/><D76/><U87/><E87/><N who="3" m="33290" /><G64/><T100/><D65/><U45/><N who="1" m="11264" /><DORA hai="67" /><U97/><E97/><N who="2" m="57543" /><F55/><W30/><G30/><T96/><D111/><U73/><E73/><V59/><F59/><W106/><G52/><T104/><D58/><U26/><AGARI ba="0,1" hai="8,10,18,23,24,26,29,32,89,93,98" m="11264" machi="26" ten="40,5200,0" yaku="1,1,0,1,53,1" doraHai="116,67" doraHaiUra="39,16" who="1" fromWho="1" sc="313,-13,223,62,199,-13,255,-26" owari="300,40.0,285,8.5,186,-31.4,229,-17.1" /></mjloggm>