<mjloggm ver="2.3"><GO type="225" lobby="0"/><UN n0="%E3%81%AF%E3%82%88%E3%81%8A%E3%81%98%E3%81%95%E3%82%93" n1="%E6%80%AA%E3%81%97%E3%81%99%E3%81%8E%E3%82%8B%E3%83%81%E3%83%BC" n2="%E5%84%AA%40%41%42%43" n3="%E8%A8%88%E7%AE%97%E6%A9%9F%E8%87%AA%E7%84%B6" dan="17,16,17,17" rate="2214.23,2127.77,2259.14,2244.30" sx="M,M,M,M"/><TAIKYOKU oya="0"/><INIT seed="0,0,0,2,5,65" ten="250,250,250,250" oya="0" hai0="42,33,84,59,133,120,48,91,40,25,37,54,89" hai1="39,43,44,51,28,47,21,34,45,104,57,95,135" hai2="106,121,132,36,110,75,92,79,30,35,94,7,77" hai3="63,31,70,56,72,15,115,134,99,126,8,88,50"/><T122/><D133/><U26/><E104/><V87/><F7/><W128/><G115/><T114/><D114/><U1/><E135/><V73/><F30/><W58/><G134/><T19/><D91/><U96/><E1/><V66/><F66/><W13/><G72/><N who="2" m="27721" /><F35/><W105/><G126/><T108/><D108/><U22/><E57/><V24/><F24/><W38/><G128/><T131/><D131/><U55/><REACH who="1" step="1"/><E47/><REACH who="1" ten="250,240,250,250" step="2"/><V119/><F106/><W82/><G56/><T16/><D120/><U20/><E20/><V68/><F132/><W124/><G58/><T90/><D122/><U60/><E60/><V27/><F121/><W71/><G63/><T93/><D33/><U101/><AGARI ba="0,1" hai="21,22,26,28,34,39,43,44,45,51,55,95,96,101" machi="101" ten="20,2700,0" yaku="1,1,0,1,7,1,53,0" doraHai="65" doraHaiUra="74" who="1" fromWho="1" sc="250,-13,240,37,250,-7,250,-7" /><INIT seed="1,0,0,1,5,73" ten="237,277,243,243" oya="1" hai0="19,88,18,32,87,26,0,104,126,41,108,70,76" hai1="12,67,107,4,49,124,34,1,54,79,69,130,97" hai2="68,75,119,81,31,45,16,25,125,37,44,62,84" hai3="92,135,47,82,112,91,96,95,42,109,30,10,3"/><U2/><E34/><V90/><F119/><W116/><G112/><T66/><D104/><U11/><E130/><V110/><F110/><W78/><G109/><T127/><D108/><U38/><E124/><N who="0" m="47657" /><D0/><U6/><E38/><V43/><F125/><W111/><G111/><T101/><D101/><U105/><E6/><V128/><F128/><W22/><G135/><T27/><D41/><U118/><E118/><V59/><F68/><W8/><G116/><T33/><D76/><U63/><E79/><V56/><F44/><W132/><G132/><T133/><D133/><U24/><E24/><N who="0" m="9257" /><D66/><U53/><E53/><V21/><F75/><W103/><G3/><T102/><D102/><U65/><E65/><V71/><F71/><W80/><G30/><T14/><D70/><U98/><E105/><V85/><F62/><W83/><G22/><N who="0" m="11607" /><D19/><U89/><E107/><V29/><REACH who="2" step="1"/><F84/><REACH who="2" ten="237,277,233,243" step="2"/><N who="3" m="52327" /><G78/><T129/><D129/><U113/><E69/><V60/><F60/><W120/><G120/><T106/><D106/><U13/><E63/><V64/><F64/><W115/><G115/><T52/><D32/><U23/><E67/><V58/><AGARI ba="0,1" hai="16,21,25,29,31,37,43,45,56,58,59,81,85,90" machi="58" ten="30,12000,2" yaku="1,1,0,1,54,1,53,3" doraHai="73" doraHaiUra="55" who="2" fromWho="2" sc="237,-30,277,-60,233,130,243,-30" /><INIT seed="2,0,0,2,5,4" ten="207,217,363,213" oya="2" hai0="93,94,118,22,86,130,73,85,77,41,37,121,14" hai1="117,54,112,67,9,96,31,80,15,102,63,90,82" hai2="66,48,81,51,126,79,134,47,120,20,43,128,21" hai3="76,7,29,56,36,99,23,50,2,108,44,34,45"/><V46/><F120/><W123/><G123/><T38/><D121/><U5/><E112/><V32/><F32/><W84/><G34/><T133/><D73/><U61/><E117/><V131/><F134/><W78/><G108/><T74/><D74/><U39/><E39/><V25/><F66/><W0/><G99/><T49/><D133/><U132/><E132/><V113/><F113/><W124/><G124/><T24/><D118/><U95/><E31/><V129/><F126/><W89/><G56/><T115/><D115/><U40/><E40/><V13/><F13/><W55/><G36/><T87/><D130/><U100/><E54/><N who="2" m="29975" /><F25/><W111/><G44/><N who="0" m="25743" /><D38/><U11/><E11/><V19/><F19/><W122/><G111/><T12/><D77/><U119/><E119/><V91/><F91/><W17/><G122/><T33/><D33/><U53/><E53/><V16/><F16/><W101/><G0/><T58/><D58/><N who="1" m="37303" /><E63/><V83/><F83/><AGARI ba="0,0" hai="5,9,15,80,82,83,90,95,96,100,102" m="37303" machi="83" ten="30,2000,0" yaku="8,1,52,1" doraHai="4" who="1" fromWho="2" sc="207,0,217,20,363,-20,213,0" /><INIT seed="3,0,0,2,2,80" ten="207,237,343,213" oya="3" hai0="5,44,115,131,68,119,133,111,9,135,132,48,39" hai1="22,60,47,23,1,3,11,109,113,123,129,26,54" hai2="134,49,117,58,91,118,110,102,86,18,6,73,55" hai3="71,130,96,29,74,33,40,12,100,69,87,64,19"/><W46/><G74/><T126/><D119/><U59/><E113/><V61/><F73/><W63/><G130/><T62/><D131/><U34/><E123/><V8/><F110/><W41/><G69/><T108/><D115/><U31/><E129/><V105/><F134/><W65/><G64/><N who="0" m="40983" /><D126/><U72/><E109/><N who="0" m="42057" /><D39/><U76/><E47/><V51/><F18/><W127/><G127/><T37/><D37/><U70/><E70/><V124/><F124/><W90/><G46/><T81/><D81/><U77/><E72/><V75/><F75/><W38/><G38/><T112/><D112/><U2/><REACH who="1" step="1"/><E11/><REACH who="1" ten="207,227,343,213" step="2"/><V121/><F121/><W107/><G33/><T13/><D135/><U24/><E24/><V89/><F8/><W17/><G29/><T79/><D79/><AGARI ba="0,1" hai="1,2,3,22,23,26,31,34,54,59,60,76,77,79" machi="79" ten="40,1300,0" yaku="1,1,53,0" doraHai="80" doraHaiUra="93" who="1" fromWho="0" sc="207,-13,227,23,343,0,213,0" owari="194,-30.6,250,5.0,343,44.3,213,-18.7" /></mjloggm>