<mjloggm ver="2.3"><GO type="225" lobby="0"/><UN n0="%E4%B8%96%E7%95%8C%E3%81%AE%E4%BA%80%E4%BA%95" n1="%E5%BA%97%E9%95%B7%4D" n2="%E3%81%A4%E3%81%A3%E3%81%B1%E3%82%8A%E3%83%9D%E3%83%BC%E3%83%AB" n3="%72%69%6F%75%63%68%61%6E" dan="17,16,17,16" rate="2174.23,2080.27,2214.00,2156.22" sx="M,M,M,M"/><TAIKYOKU oya="0"/><INIT seed="0,0,0,3,0,104" ten="250,250,250,250" oya="0" hai0="27,129,46,71,77,21,117,49,106,24,60,100,36" hai1="54,121,40,13,14,103,101,76,95,8,57,86,55" hai2="19,43,17,84,38,120,33,30,88,45,115,67,64" hai3="58,42,72,87,105,39,74,59,83,119,132,99,61"/><T26/><D117/><U124/><E121/><V93/><F120/><W23/><G119/><T15/><D36/><U118/><E118/><V78/><F115/><W44/><G132/><T56/><D71/><U28/><E124/><V80/><F30/><W108/><G108/><T109/><D129/><U48/><E28/><V91/><F33/><W75/><G23/><T92/><D106/><U113/><E113/><V68/><F91/><W90/><REACH who="3" step="1"/><G61/><REACH who="3" ten="250,250,250,240" step="2"/><T127/><D109/><U53/><E14/><V82/><F82/><W0/><G0/><T97/><D127/><U130/><E130/><V79/><F79/><W73/><N who="3" m="18432" /><DORA hai="2" /><W65/><G65/><N who="0" m="39047" /><D77/><U5/><E76/><V47/><F67/><W102/><AGARI ba="0,1" hai="39,42,44,58,59,83,87,90,99,102,105" m="18432" machi="102" ten="60,12000,2" yaku="1,1,0,1,52,4,53,1" doraHai="104,2" doraHaiUra="96,6" who="3" fromWho="3" sc="250,-60,250,-30,250,-30,240,130" /><INIT seed="1,0,0,0,3,15" ten="190,220,220,370" oya="1" hai0="2,118,36,73,93,87,112,25,96,88,84,128,127" hai1="66,95,54,28,121,39,108,12,47,46,124,22,72" hai2="23,41,13,123,10,9,90,74,5,70,83,125,63" hai3="26,43,61,65,97,44,64,131,105,77,16,101,133"/><U114/><E114/><V34/><F123/><W91/><G131/><T32/><D112/><U45/><E72/><V98/><F125/><W68/><G133/><T35/><D2/><U78/><E78/><V110/><F34/><W102/><G77/><T119/><D36/><U55/><E121/><V4/><F110/><W48/><G64/><T31/><D35/><U52/><E124/><V11/><F41/><W100/><REACH who="3" step="1"/><G91/><REACH who="3" ten="190,220,220,360" step="2"/><T20/><D127/><U21/><E66/><V37/><F90/><W130/><G130/><T76/><D128/><U122/><E122/><V67/><F67/><W1/><G1/><T17/><D73/><U107/><E107/><V82/><F74/><W126/><G126/><T104/><D76/><U38/><E108/><V0/><F0/><W51/><G51/><T6/><D104/><U111/><E111/><V49/><F49/><W79/><G79/><T132/><D132/><U18/><REACH who="1" step="1"/><E95/><REACH who="1" ten="190,210,220,360" step="2"/><V92/><F92/><W85/><G85/><T116/><REACH who="0" step="1"/><D6/><REACH who="0" ten="180,210,220,360" step="2"/><U33/><E33/><V106/><F4/><W53/><G53/><T135/><D135/><U134/><E134/><V19/><F5/><W99/><G99/><T115/><D115/><U57/><E57/><V50/><F98/><W62/><G62/><T58/><D58/><U103/><E103/><V3/><F106/><W86/><G86/><T81/><D81/><U56/><E56/><V117/><F83/><W24/><G24/><AGARI ba="0,3" hai="17,20,24,25,31,32,84,87,88,93,96,116,118,119" machi="24" ten="40,5200,0" yaku="1,1,52,1,54,1,53,0" doraHai="15" doraHaiUra="59" who="0" fromWho="3" sc="180,82,210,0,220,0,360,-52" /><AGARI ba="0,0" hai="12,18,21,22,24,28,38,39,45,46,47,52,54,55" machi="24" ten="40,7700,0" yaku="1,1,52,1,54,1,53,0" doraHai="15" doraHaiUra="59" who="1" fromWho="3" sc="262,0,210,77,220,0,308,-77" /><INIT seed="1,1,0,1,3,80" ten="262,287,220,231" oya="1" hai0="83,119,93,58,103,126,75,40,104,37,70,127,30" hai1="129,12,123,99,79,19,28,128,34,11,2,6,131" hai2="41,49,92,72,51,10,18,101,0,53,73,63,94" hai3="76,57,16,54,3,135,55,114,50,77,109,132,4"/><U36/><E36/><V102/><F0/><W97/><G114/><T31/><D70/><U24/><E79/><V52/><F18/><W85/><G109/><T134/><D104/><U67/><E67/><V105/><F105/><W45/><G97/><N who="0" m="59823" /><D119/><U124/><E99/><V91/><F63/><W9/><G16/><T1/><D1/><U20/><E124/><V122/><F10/><W5/><G4/><T15/><D134/><N who="3" m="51241" /><G85/><T133/><D133/><U89/><REACH who="1" step="1"/><E89/><REACH who="1" ten="262,277,220,231" step="2"/><V108/><F91/><W81/><G81/><T43/><D37/><U61/><E61/><AGARI ba="1,1" hai="3,5,9,45,50,54,55,57,61,76,77" m="51241" machi="61" ten="30,1000,0" yaku="20,1" doraHai="80" who="3" fromWho="1" sc="262,0,277,-13,220,0,231,23" /><INIT seed="2,0,0,4,1,121" ten="262,264,220,254" oya="2" hai0="87,27,134,20,129,14,2,124,43,64,101,61,106" hai1="10,88,60,80,40,58,24,49,97,0,114,72,21" hai2="99,128,28,48,90,54,111,53,33,96,17,32,89" hai3="38,16,127,45,94,26,67,71,105,112,41,113,35"/><V57/><F128/><W98/><G127/><T91/><D2/><U77/><E114/><N who="3" m="44138" /><G105/><T51/><D124/><U18/><E40/><V39/><F39/><W52/><G35/><T59/><D134/><U78/><E49/><V81/><F28/><W74/><G74/><T30/><D14/><U8/><E78/><V133/><F133/><W13/><G26/><T76/><D76/><U83/><E0/><V9/><F81/><W79/><G79/><T55/><D43/><U108/><E108/><V110/><F17/><W73/><G73/><T34/><D101/><U23/><E23/><V107/><F107/><W84/><G52/><T5/><D106/><U50/><E50/><V104/><F104/><W65/><G84/><T125/><D125/><U93/><E83/><V100/><F100/><N who="3" m="60503" /><G71/><T109/><D129/><U44/><E44/><V70/><F70/><W122/><G122/><T75/><D75/><U7/><E7/><V69/><F69/><W6/><G6/><T25/><D5/><U37/><E37/><V3/><F48/><W132/><G132/><T12/><D27/><U19/><E19/><V123/><F123/><W118/><G118/><T82/><D34/><U95/><E95/><V68/><F68/><W56/><G56/><N who="0" m="36903" /><D12/><U85/><E72/><V11/><F57/><W1/><G1/><AGARI ba="0,0" hai="1,3,9,11,32,33,53,54,89,90,96,99,110,111" machi="1" ten="25,9600,0" yaku="22,2,52,2" doraHai="121" who="2" fromWho="3" sc="262,0,264,0,220,96,254,-96" /><INIT seed="2,1,0,4,4,76" ten="262,264,316,158" oya="2" hai0="42,97,95,55,12,50,71,44,135,129,43,127,28" hai1="23,132,10,110,98,84,107,115,123,114,75,35,89" hai2="100,88,45,25,124,14,68,62,66,51,125,96,63" hai3="112,103,58,104,5,77,49,46,34,108,48,122,113"/><V27/><F63/><W33/><G122/><T94/><D127/><N who="2" m="48714" /><F14/><W17/><G108/><T74/><D129/><U109/><E35/><V61/><F61/><W59/><G104/><T29/><D135/><U67/><E67/><V101/><F88/><W126/><G103/><N who="2" m="39497" /><F96/><W90/><G126/><T4/><D12/><U72/><E10/><V133/><F133/><W6/><G90/><T54/><D97/><U2/><E2/><V106/><F106/><W81/><G17/><T36/><D4/><U78/><E23/><V41/><AGARI ba="1,0" hai="25,27,41,45,51,62,66,68" m="39497,48714" machi="41" ten="30,1500,0" yaku="18,1" doraHai="76" who="2" fromWho="2" sc="262,-6,264,-6,316,18,158,-6" /><INIT seed="2,2,0,0,5,129" ten="256,258,334,152" oya="2" hai0="91,114,22,26,36,1,58,19,42,112,87,75,5" hai1="96,53,28,93,80,117,47,74,14,101,77,73,6" hai2="9,71,18,119,107,17,57,120,133,48,43,11,124" hai3="76,35,33,111,25,82,102,110,70,81,2,61,49"/><V78/><F119/><W56/><G2/><T60/><D75/><U92/><E117/><V128/><F120/><W122/><G122/><T21/><D36/><U12/><E74/><V0/><F71/><W41/><G102/><T127/><D42/><U54/><E28/><V45/><F107/><W62/><G70/><T123/><D123/><U30/><E30/><V55/><F128/><W100/><G100/><T31/><D127/><U90/><E6/><V44/><F124/><W69/><G69/><T99/><D99/><U10/><E47/><V86/><F45/><W27/><G49/><T3/><D5/><U40/><E40/><V134/><F86/><W113/><G41/><T126/><D126/><U131/><E131/><V64/><F64/><W51/><G51/><T135/><D1/><U67/><E67/><V130/><F78/><W94/><G94/><T24/><D3/><U84/><E12/><V95/><F95/><W118/><G118/><T29/><D19/><N who="2" m="7178" /><F130/><W121/><G121/><T8/><D8/><U59/><E59/><V37/><F0/><W16/><G16/><T104/><D104/><U85/><E73/><V89/><F89/><W63/><G56/><T88/><D58/><U52/><E14/><V20/><F20/><W39/><G39/><T15/><D15/><U103/><E103/><V97/><F97/><W68/><G68/><T32/><D87/><U98/><E85/><V50/><F37/><W115/><REACH who="3" step="1"/><G62/><REACH who="3" ten="256,258,334,142" step="2"/><T38/><D60/><U132/><E10/><N who="2" m="3595" /><F50/><W79/><AGARI ba="2,1" hai="25,27,33,35,61,63,76,79,81,82,110,111,113,115" machi="79" ten="25,12000,2" yaku="1,1,0,1,22,2,53,2" doraHai="129" doraHaiUra="108" who="3" fromWho="3" sc="256,-32,258,-32,334,-62,142,136" /><INIT seed="3,0,0,0,5,30" ten="224,226,272,278" oya="3" hai0="7,60,125,27,20,81,103,34,45,43,93,106,46" hai1="75,107,87,37,42,18,119,69,35,73,104,53,49" hai2="85,95,117,82,2,62,50,19,113,78,5,77,131" hai3="115,16,38,44,29,71,11,66,121,54,57,21,135"/><W102/><G115/><T79/><D125/><U51/><E69/><V130/><F113/><W68/><G121/><T110/><D110/><U111/><E111/><V101/><F117/><W94/><G135/><T88/><D34/><U61/><E119/><V33/><F33/><W63/><G11/><T58/><D7/><U127/><E127/><V100/><F77/><W76/><G76/><T17/><D103/><U128/><E128/><N who="2" m="49195" /><F62/><W1/><G1/><T40/><D106/><U133/><E133/><V132/><F132/><W6/><G6/><T108/><D108/><U25/><E37/><V126/><F126/><W112/><G112/><T47/><D81/><U72/><E87/><V39/><F39/><W84/><G29/><T64/><REACH who="0" step="1"/><D79/><REACH who="0" ten="214,226,272,278" step="2"/><U65/><E104/><V97/><F82/><W109/><G109/><T89/><D89/><U52/><E107/><V96/><F101/><W92/><G102/><T4/><D4/><U83/><E83/><V24/><F100/><W80/><G80/><T32/><D32/><U31/><E18/><V124/><F124/><W122/><G122/><T36/><D36/><U59/><E42/><V105/><F105/><W28/><G38/><T26/><D26/><U70/><E75/><V74/><F74/><W12/><G94/><T120/><D120/><U8/><E8/><N who="2" m="2103" /><F78/><W14/><G92/><T116/><D116/><U48/><E72/><V3/><F95/><W99/><G12/><T23/><D23/><U10/><E10/><V118/><F118/><W129/><G129/><T114/><D114/><U123/><E73/><V90/><F3/><RYUUKYOKU ba="0,1" sc="214,30,226,-10,272,-10,278,-10" hai0="17,20,27,40,43,45,46,47,58,60,64,88,93" /><INIT seed="4,1,1,1,2,7" ten="244,216,262,268" oya="0" hai0="49,82,4,58,86,34,46,81,111,44,10,96,71" hai1="54,89,110,23,129,15,126,98,48,134,53,105,64" hai2="87,63,50,78,61,76,47,125,88,93,11,75,85" hai3="116,0,91,122,21,29,114,60,79,35,123,94,74"/><T130/><D130/><U113/><E110/><V65/><F75/><W30/><G116/><T118/><D71/><U109/><E109/><V57/><F125/><W90/><G35/><T67/><D34/><U3/><E3/><V72/><F72/><W135/><G91/><T70/><D70/><U27/><E126/><V56/><F85/><W101/><G101/><T37/><D118/><U59/><E129/><V66/><F11/><W112/><G135/><T40/><D96/><U108/><E108/><V2/><F2/><W26/><G0/><T5/><D5/><U16/><E134/><V38/><F38/><W51/><G51/><T95/><D111/><U9/><E113/><N who="3" m="43626" /><G60/><T106/><D67/><U52/><E64/><V104/><F104/><W41/><G41/><AGARI ba="1,1" hai="41,47,50,56,57,61,63,65,66,76,78,87,88,93" machi="41" ten="30,7700,0" yaku="7,1,9,1,8,1,54,1" doraHai="7" who="2" fromWho="3" sc="244,0,216,0,262,90,268,-80" owari="244,4.4,216,-18.4,352,45.2,188,-31.2" /></mjloggm>