<mjloggm ver="2.3"><GO type="225" lobby="0"/><UN n0="%72%65%6E%6B%75%6E" n1="%E7%89%B9%E6%9D%B1%E3%81%AF%E4%B8%96%E7%95%8C%E3%82%92%E6%95%91%E3%81%86" n2="%E3%81%AA%E3%82%81%E3%81%93%E9%9B%80%E5%A3%AB" n3="%E3%83%9E%E3%83%AB%E3%83%9E%E3%83%AB%E3%81%A1%E3%82%83%E3%82%93" dan="17,16,16,16" rate="2192.65,2155.74,2074.92,2055.20" sx="M,M,M,M"/><TAIKYOKU oya="0"/><INIT seed="0,0,0,3,4,110" ten="250,250,250,250" oya="0" hai0="117,125,44,130,53,8,32,4,56,82,30,21,3" hai1="73,11,124,33,20,36,68,67,102,88,57,132,119" hai2="121,50,63,78,98,86,104,65,97,74,79,23,41" hai3="24,115,127,13,39,25,48,49,108,83,84,92,133"/><T71/><D71/><U17/><E33/><V131/><F74/><W128/><G39/><T89/><D117/><U1/><E36/><V114/><F121/><W28/><G108/><T118/><D118/><U47/><E68/><V34/><F34/><W40/><G115/><T54/><D54/><U109/><E73/><V123/><F98/><W129/><G133/><T76/><D32/><U72/><E72/><V29/><F86/><W77/><G127/><T55/><D89/><U60/><E102/><V106/><F106/><W111/><G111/><T51/><D130/><N who="3" m="50281" /><G40/><T45/><D125/><U85/><E124/><V46/><F123/><W96/><G13/><T0/><D0/><U58/><E47/><V15/><F114/><W16/><G16/><T94/><D94/><U120/><E109/><V112/><F112/><W22/><G25/><T26/><REACH who="0" step="1"/><D55/><REACH who="0" ten="240,250,250,250" step="2"/><U91/><E119/><V43/><F131/><W14/><G14/><T70/><D70/><U80/><E120/><V38/><F15/><W31/><G28/><T95/><D95/><U75/><E1/><V37/><F43/><W66/><G66/><T42/><D42/><U52/><E67/><V126/><F126/><W35/><G35/><T107/><D107/><U113/><E113/><V12/><F12/><W18/><G31/><T81/><D81/><U87/><E80/><V59/><F38/><W100/><AGARI ba="0,1" hai="18,22,24,48,49,77,83,84,92,96,100" m="50281" machi="100" ten="30,1100,0" yaku="19,1" doraHai="110" who="3" fromWho="3" sc="240,-5,250,-3,250,-3,250,21" /><INIT seed="1,0,0,0,3,127" ten="235,247,247,271" oya="1" hai0="125,19,100,30,102,99,8,82,53,107,33,27,75" hai1="6,129,35,133,38,84,65,87,46,83,48,90,74" hai2="13,114,16,128,18,98,47,39,59,104,126,14,81" hai3="44,64,131,71,36,97,63,105,120,25,135,72,96"/><U32/><E133/><V43/><F126/><W34/><G120/><T31/><D125/><U49/><E74/><V12/><F114/><W91/><G135/><T79/><D102/><U68/><E38/><V115/><F115/><W23/><G72/><T92/><D31/><U113/><E113/><V116/><F116/><W60/><G60/><T22/><D8/><U0/><E6/><V108/><F108/><W66/><G66/><T10/><D10/><U124/><E0/><V123/><F81/><W37/><G44/><T28/><D53/><U119/><E119/><V57/><F128/><W103/><G131/><T70/><D70/><U42/><E124/><V41/><F41/><W109/><G109/><T94/><REACH who="0" step="1"/><D28/><REACH who="0" ten="225,247,247,271" step="2"/><U11/><E11/><V121/><F123/><W9/><G9/><T86/><D86/><U50/><E129/><V111/><F121/><W1/><G1/><T3/><D3/><U52/><E87/><V112/><F112/><W17/><G34/><T54/><D54/><U7/><E7/><V134/><F111/><W80/><G96/><T95/><D95/><U73/><E73/><V93/><F134/><W2/><G2/><T132/><D132/><U40/><E40/><V24/><F93/><W21/><G21/><T122/><D122/><U110/><E110/><V51/><F18/><W101/><G101/><T5/><D5/><U69/><E69/><V67/><F16/><W26/><G103/><T58/><D58/><U55/><E68/><V61/><F59/><W45/><G71/><T85/><D85/><U78/><E55/><V15/><F98/><RYUUKYOKU ba="0,1" sc="225,30,247,-10,247,-10,271,-10" hai0="19,22,27,30,33,75,79,82,92,94,99,100,107" /><INIT seed="2,1,1,0,2,27" ten="255,237,237,261" oya="2" hai0="112,101,111,24,121,43,88,127,21,44,70,28,48" hai1="10,11,4,15,98,129,7,3,14,110,65,58,22" hai2="12,73,50,67,135,64,131,6,49,103,41,37,82" hai3="29,80,20,100,25,69,105,123,5,57,93,42,9"/><V40/><F37/><W33/><G123/><T71/><D121/><U66/><E110/><V85/><F73/><W31/><G69/><T2/><D111/><U75/><E129/><V46/><F103/><W76/><G105/><T54/><D112/><U52/><E75/><V84/><F135/><W56/><G42/><T122/><D122/><U115/><E115/><V116/><F131/><W128/><G128/><T61/><D127/><U72/><E72/><V34/><F34/><W13/><G33/><T1/><D101/><U74/><E74/><V78/><F85/><W119/><G119/><T130/><D130/><U68/><E68/><V113/><F116/><W62/><G100/><T106/><D106/><U120/><E98/><V97/><F97/><W133/><G133/><T118/><D118/><U81/><E81/><V53/><F41/><W59/><G93/><T17/><D17/><U134/><E120/><V114/><F113/><W87/><REACH who="3" step="1"/><G31/><REACH who="3" ten="255,237,237,251" step="2"/><T104/><D104/><U124/><E134/><V55/><F114/><W96/><G96/><T45/><D71/><U92/><E92/><V109/><F109/><W126/><G126/><T94/><D70/><U35/><E35/><V102/><F102/><W30/><G30/><T23/><D94/><U90/><E124/><V132/><F132/><W89/><G89/><T16/><D43/><U38/><E90/><V99/><F99/><W36/><G36/><T60/><D88/><U107/><E38/><V79/><F79/><W47/><G47/><T63/><D45/><U18/><E107/><V39/><F39/><W117/><G117/><RYUUKYOKU ba="1,2" sc="255,10,237,10,237,-30,251,10" hai0="1,2,16,21,23,24,28,44,48,54,60,61,63" hai1="3,4,7,10,11,14,15,18,22,52,58,65,66" hai3="5,9,13,20,25,29,56,57,59,62,76,80,87" /><INIT seed="3,2,2,0,1,64" ten="265,247,207,261" oya="3" hai0="135,68,117,108,115,73,55,103,41,131,88,96,2" hai1="17,29,59,95,19,44,112,57,30,119,69,35,98" hai2="65,99,80,78,66,90,134,130,94,31,85,72,109" hai3="106,75,76,129,34,121,8,104,25,14,113,48,133"/><W81/><G113/><T132/><D73/><U27/><E112/><V61/><F109/><W32/><G121/><T9/><D115/><U124/><E69/><V0/><F0/><W60/><G129/><T46/><D108/><U18/><E124/><V114/><F114/><W5/><G133/><N who="0" m="51275" /><D131/><U43/><E29/><V12/><F134/><W92/><G60/><T16/><D68/><U122/><E119/><V89/><F130/><W20/><G92/><N who="0" m="56327" /><D103/><U26/><E26/><V53/><F31/><W39/><G39/><N who="0" m="21823" /><D55/><U62/><E62/><V77/><F72/><W13/><G13/><N who="0" m="7215" /><D2/><U6/><E6/><V63/><F12/><W87/><G75/><T47/><D47/><U45/><E45/><V24/><F53/><W83/><G83/><T102/><D102/><U15/><E15/><V38/><F38/><W49/><G34/><T127/><D127/><U58/><E58/><N who="2" m="37047" /><F24/><W54/><G32/><T71/><D71/><U40/><E40/><V56/><AGARI ba="2,2" hai="56,63,66,77,78,80,85,89,90,94,99" m="37047" machi="56" ten="30,1100,0" yaku="8,1" doraHai="64" who="2" fromWho="2" sc="265,-5,247,-5,207,37,261,-7" /><INIT seed="4,0,0,3,5,89" ten="260,242,244,254" oya="0" hai0="32,49,41,119,0,103,64,56,67,69,33,55,77" hai1="6,131,19,76,94,51,27,82,48,60,52,120,123" hai2="100,129,26,65,98,59,122,101,125,109,17,23,57" hai3="88,134,10,84,105,108,16,74,35,24,110,36,38"/><T7/><D119/><U30/><E131/><V42/><F122/><W1/><G105/><T97/><D77/><U85/><E6/><V66/><F109/><W20/><G74/><T37/><D0/><U29/><E29/><V2/><F2/><W83/><G134/><T116/><D7/><U5/><E5/><V90/><F125/><W81/><G81/><T113/><D116/><U114/><E114/><V86/><F42/><W135/><G135/><T14/><D14/><U71/><E19/><V92/><F129/><W118/><G118/><T106/><D113/><U43/><E43/><V128/><F128/><W68/><G68/><T80/><D80/><U96/><E71/><V18/><F17/><W124/><G124/><T50/><D50/><U15/><E15/><V72/><F72/><W63/><G1/><T73/><D73/><U39/><E39/><V12/><F12/><W54/><G38/><T95/><D106/><U132/><E60/><N who="2" m="38031" /><F86/><W91/><G36/><T3/><D3/><U9/><E132/><V130/><F130/><W62/><G35/><T40/><D40/><U104/><E104/><V115/><F115/><W47/><G110/><T99/><D99/><U4/><E51/><V133/><F133/><W8/><G108/><T127/><D127/><U112/><E112/><V45/><F45/><W46/><G46/><N who="0" m="23855" /><D67/><U22/><E48/><V102/><F66/><W87/><G47/><T70/><D70/><U61/><E61/><AGARI ba="0,0" hai="32,33,49,55,56,61,64,69,95,97,103" m="23855" machi="61" ten="30,2900,0" yaku="24,1,52,1" doraHai="89" who="0" fromWho="1" sc="260,29,242,-29,244,0,254,0" /><INIT seed="4,1,0,5,0,49" ten="289,213,244,254" oya="0" hai0="77,92,130,50,120,51,58,73,37,107,20,121,72" hai1="91,89,84,85,110,96,60,9,1,27,15,103,54" hai2="90,66,5,57,108,24,122,131,56,102,34,115,71" hai3="97,76,82,86,101,134,12,62,23,18,129,3,67"/><T105/><D20/><U64/><E110/><V38/><F122/><N who="0" m="47210" /><D58/><U33/><E1/><V106/><F115/><W135/><G3/><T95/><D77/><U36/><E36/><V75/><F131/><W48/><G129/><T35/><D37/><U17/><E85/><V81/><F108/><W68/><REACH who="3" step="1"/><G48/><REACH who="3" ten="289,213,244,244" step="2"/><T31/><D130/><U94/><E54/><V43/><F38/><W127/><G127/><T98/><D50/><U16/><E84/><V119/><F43/><W113/><G113/><T70/><D51/><U99/><E99/><V44/><F75/><W65/><G65/><T46/><D72/><U69/><REACH who="1" step="1"/><E17/><REACH who="1" ten="289,203,244,244" step="2"/><V63/><F66/><W28/><G28/><AGARI ba="1,2" hai="9,15,16,27,28,33,60,64,69,89,91,94,96,103" machi="28" ten="40,8000,1" yaku="1,1,2,1,54,1,53,1" doraHai="49" doraHaiUra="11" who="1" fromWho="3" sc="289,0,203,103,244,0,244,-83" owari="289,8.9,306,40.6,244,-15.6,161,-33.9" /></mjloggm>