<mjloggm ver="2.3"><GO type="225" lobby="0"/><UN n0="%E5%84%AA%40%41%42%43" n1="%72%61%6B%33" n2="%E3%82%B8%E3%83%A3%E3%83%9E%E3%83%BC%E3%83%AB%E3%83%9E%E3%83%AC%E3%83%BC" n3="%67%61%79%75%6E%79" dan="17,18,17,16" rate="2243.27,2265.00,2216.33,2139.48" sx="M,M,M,M"/><TAIKYOKU oya="0"/><INIT seed="0,0,0,1,4,2" ten="250,250,250,250" oya="0" hai0="80,81,26,108,65,113,55,131,53,118,135,103,54" hai1="84,11,106,6,89,4,70,49,20,67,92,45,109" hai2="100,56,36,132,0,15,29,62,68,61,25,19,82" hai3="10,115,75,119,98,43,73,12,107,93,44,78,114"/><T85/><D113/><U102/><E109/><V121/><F121/><W95/><G119/><T120/><D118/><U125/><E125/><V39/><F0/><W35/><G35/><T46/><D120/><U129/><E129/><V42/><F42/><W14/><G107/><T37/><D131/><U94/><E106/><V40/><F40/><W112/><G78/><T130/><D130/><U9/><E20/><V41/><F41/><W79/><G79/><T87/><D37/><U124/><E124/><V31/><F100/><W91/><G93/><T83/><D135/><U66/><E70/><V116/><F82/><W30/><G30/><T33/><D65/><N who="1" m="24587" /><E9/><N who="2" m="6639" /><F31/><W23/><G23/><T134/><D134/><U22/><E11/><V3/><F3/><W90/><G90/><T97/><D46/><U99/><E22/><N who="2" m="15543" /><F116/><W21/><G21/><T69/><D69/><U60/><E60/><V71/><F71/><W96/><G73/><T24/><D108/><U8/><E8/><V133/><F36/><W126/><G75/><T72/><D72/><U111/><E111/><V117/><F39/><W105/><G126/><T52/><N who="0" m="13312" /><DORA hai="17" /><T28/><REACH who="0" step="1"/><D26/><REACH who="0" ten="240,250,250,250" step="2"/><U58/><E58/><V47/><F47/><W76/><G115/><T64/><D64/><U86/><E45/><V18/><F117/><W34/><G114/><T48/><D48/><U1/><E49/><V57/><F68/><W7/><G112/><T27/><D27/><U59/><E59/><N who="2" m="22603" /><F133/><W127/><G127/><T128/><D128/><U88/><E1/><V38/><F132/><W51/><G51/><T74/><D74/><RYUUKYOKU ba="0,1" sc="240,15,250,15,250,-15,250,-15" hai0="24,28,33,80,81,83,85,87,97,103" hai1="4,6,84,86,88,89,92,94,99,102" /><INIT seed="0,1,1,3,2,15" ten="255,265,235,235" oya="0" hai0="76,93,91,30,98,104,102,31,50,131,34,75,67" hai1="117,110,9,40,32,92,64,57,89,96,41,5,44" hai2="25,81,35,20,46,108,58,68,59,123,119,121,51" hai3="97,21,100,10,43,88,56,78,95,115,49,1,37"/><T73/><D131/><U126/><E110/><V101/><F35/><W74/><G115/><T54/><D67/><U122/><E126/><V11/><F68/><W18/><G37/><T23/><D34/><U82/><E117/><V125/><F108/><W113/><G113/><T22/><D22/><U66/><E122/><V69/><F69/><W129/><G129/><T28/><D76/><U132/><E132/><V70/><F70/><W106/><G78/><T7/><D7/><U118/><E118/><V112/><F112/><W127/><G74/><T8/><D8/><U33/><E82/><V13/><F125/><W60/><G127/><T0/><D0/><U77/><E77/><V27/><F119/><W109/><G109/><T107/><D23/><U4/><E40/><N who="2" m="25031" /><F101/><W114/><G114/><T63/><D63/><U16/><E32/><V42/><F42/><W52/><G1/><T65/><D65/><U130/><E33/><V135/><F27/><N who="3" m="14775" /><G106/><T6/><D6/><U84/><E130/><V71/><F71/><W24/><G24/><T128/><D128/><U39/><E66/><V36/><F36/><W45/><G10/><T90/><D104/><U103/><E64/><V2/><F2/><W105/><G105/><T17/><D17/><U83/><REACH who="1" step="1"/><E57/><REACH who="1" ten="255,255,235,235" step="2"/><N who="2" m="21515" /><F135/><W55/><G43/><T61/><D75/><U12/><AGARI ba="1,2" hai="4,5,9,12,16,39,41,44,83,84,89,92,96,103" machi="12" ten="30,8000,1" yaku="1,1,0,1,52,1,54,1,53,1" doraHai="15" doraHaiUra="87" who="1" fromWho="1" sc="255,-41,255,103,235,-21,235,-21" /><INIT seed="1,0,0,5,4,129" ten="214,358,214,214" oya="1" hai0="49,128,69,10,11,92,29,99,110,134,24,14,114" hai1="44,95,76,22,3,47,62,58,125,133,6,122,57" hai2="33,106,40,32,1,73,55,131,23,82,60,34,80" hai3="0,46,98,67,70,107,30,112,116,52,113,108,79"/><U126/><E76/><V118/><F118/><W132/><G0/><T94/><D114/><U86/><E22/><V15/><F106/><W77/><G30/><T115/><D69/><U65/><E86/><V56/><F1/><W64/><G70/><T20/><D110/><U81/><E81/><V19/><F131/><W48/><G108/><T121/><D121/><U117/><E95/><V17/><F73/><W88/><G116/><T87/><D115/><U38/><E6/><V90/><F40/><W72/><G132/><T78/><D134/><U35/><E35/><V5/><F5/><W111/><G111/><T93/><D128/><U28/><E28/><V84/><REACH who="2" step="1"/><F19/><REACH who="2" ten="214,358,204,214" step="2"/><W103/><G112/><T102/><D102/><U91/><E3/><V50/><F50/><W45/><G113/><T59/><D99/><U13/><E117/><V36/><F36/><W31/><G72/><T101/><D101/><U26/><E38/><V9/><F9/><W12/><G98/><T83/><D10/><U109/><E109/><V4/><F4/><W25/><G103/><T120/><D120/><U119/><E122/><V96/><F96/><W18/><G107/><T8/><D11/><U71/><E119/><V104/><F104/><W53/><G18/><N who="0" m="8519" /><D49/><U97/><E97/><V124/><F124/><W74/><G74/><T7/><D7/><U105/><E125/><V68/><F68/><W16/><G16/><T61/><D61/><U75/><E71/><V51/><F51/><W39/><G48/><T130/><D130/><U66/><E126/><V100/><F100/><W41/><G39/><RYUUKYOKU ba="0,1" sc="214,15,358,-15,204,15,214,-15" hai0="20,24,29,59,78,83,87,92,93,94" hai2="15,17,23,32,33,34,55,56,60,80,82,84,90" /><INIT seed="2,1,1,2,5,16" ten="229,343,219,199" oya="2" hai0="102,45,73,75,128,78,37,33,18,48,2,40,55" hai1="42,127,49,119,98,131,132,135,26,47,15,67,100" hai2="3,117,63,32,10,112,80,1,114,56,50,87,108" hai3="35,113,14,62,86,97,59,111,69,106,64,88,44"/><V0/><F117/><W60/><G111/><T5/><D33/><U23/><E119/><V24/><F10/><W118/><G118/><T21/><D128/><U36/><E131/><V99/><F108/><W43/><G113/><T4/><D102/><U19/><E127/><V74/><F74/><W116/><G116/><T13/><D2/><U109/><E109/><V92/><F50/><W90/><G35/><T68/><D68/><U20/><E67/><V71/><F71/><W54/><G14/><T115/><D115/><U12/><E36/><V57/><F24/><W104/><G97/><T9/><D78/><U28/><REACH who="1" step="1"/><E12/><REACH who="1" ten="229,333,219,199" step="2"/><V6/><F0/><W58/><G69/><T34/><D37/><U101/><E101/><V96/><F1/><W85/><G43/><T126/><D40/><U121/><E121/><V52/><F112/><W11/><G44/><T22/><D126/><U89/><E89/><V110/><F110/><W125/><G125/><T120/><D120/><U133/><E133/><V124/><F124/><W8/><G54/><T38/><D38/><U41/><E41/><V53/><F114/><W66/><AGARI ba="1,2" hai="8,11,58,59,60,62,64,66,85,86,88,90,104,106" machi="66" ten="25,6400,0" yaku="0,1,22,2,54,1" doraHai="16" who="3" fromWho="3" sc="229,-17,333,-17,219,-33,199,87" /><INIT seed="3,0,0,4,5,95" ten="212,316,186,286" oya="3" hai0="127,7,121,110,102,14,97,116,25,1,86,63,11" hai1="54,69,85,46,26,91,34,45,17,61,108,59,92" hai2="67,101,35,40,82,44,117,23,2,125,62,64,98" hai3="58,99,32,77,131,135,120,24,3,4,57,109,80"/><W5/><G120/><T52/><D121/><U49/><E108/><V112/><F112/><W22/><G109/><T41/><D116/><U6/><E6/><V29/><F117/><W10/><G5/><T81/><D110/><U28/><E17/><V20/><F67/><W90/><G32/><T68/><D127/><U55/><E69/><N who="2" m="42135" /><F82/><W79/><G135/><T88/><D41/><U73/><E73/><V133/><F125/><W78/><G131/><T70/><D1/><U12/><E12/><V31/><F31/><W124/><G124/><T27/><D70/><U66/><E46/><V107/><F133/><W72/><G72/><T83/><D81/><U94/><E94/><V53/><F53/><AGARI ba="0,0" hai="26,28,34,45,49,53,54,55,59,61,66,85,91,92" machi="53" ten="30,1000,0" yaku="7,1" doraHai="95" who="1" fromWho="2" sc="212,0,316,10,186,-10,286,0" owari="212,-18.8,326,42.6,176,-32.4,286,8.6" /></mjloggm>