<mjloggm ver="2.3"><GO type="225" lobby="0"/><UN n0="%E3%82%B2%E3%82%B9%E8%8C%82%E5%8B%9D" n1="%72%69%6F%75%63%68%61%6E" n2="%E6%81%A5%E6%99%92%E3%81%97" n3="%4B%2E%32%2E%4B%2E" dan="16,16,16,16" rate="2129.25,2172.18,2120.26,2146.86" sx="F,M,M,M"/><TAIKYOKU oya="0"/><INIT seed="0,0,0,4,5,101" ten="250,250,250,250" oya="0" hai0="60,86,121,85,104,50,45,16,59,39,51,13,22" hai1="31,65,132,44,100,43,70,113,134,1,36,18,34" hai2="92,41,107,56,106,75,29,108,131,2,109,9,8" hai3="110,97,7,49,32,67,27,62,48,128,64,94,99"/><T28/><D121/><U55/><E1/><V120/><F120/><W71/><G110/><N who="2" m="42601" /><F75/><W114/><G114/><T80/><D28/><U38/><E113/><V46/><F131/><W77/><G128/><T33/><D33/><U126/><E126/><V0/><F92/><W93/><G77/><T76/><D86/><U124/><E124/><V117/><F56/><W42/><G7/><T5/><D5/><U98/><E18/><V103/><F103/><W53/><G42/><T122/><D122/><U37/><E55/><V57/><F29/><W87/><G87/><T61/><D61/><N who="1" m="40239" /><E134/><V10/><F57/><W73/><G73/><T66/><REACH who="0" step="1"/><D104/><REACH who="0" ten="240,250,250,250" step="2"/><N who="2" m="39978" /><F117/><W95/><G32/><T127/><D127/><U12/><E132/><V20/><F20/><W102/><G102/><T115/><D115/><U119/><E119/><V68/><F68/><W54/><G71/><T40/><AGARI ba="0,1" hai="13,16,22,39,40,45,50,51,59,60,66,76,80,85" machi="40" ten="30,6000,0" yaku="1,1,0,1,54,1,53,0" doraHai="101" doraHaiUra="105" who="0" fromWho="0" sc="240,70,250,-20,250,-20,250,-20" /><INIT seed="0,1,0,4,4,78" ten="310,230,230,230" oya="0" hai0="94,76,106,58,100,18,25,82,38,60,79,5,26" hai1="107,125,22,63,134,126,91,70,4,6,56,71,112" hai2="47,133,90,124,115,34,31,23,2,54,14,113,55" hai3="53,127,87,46,98,117,9,24,41,77,101,69,32"/><T11/><D38/><U135/><E107/><V37/><F2/><W36/><G117/><T17/><D106/><U16/><E112/><V131/><F34/><W72/><G69/><N who="1" m="26122" /><E91/><V92/><F124/><N who="1" m="47721" /><E56/><V97/><F131/><W8/><G127/><T123/><D123/><U111/><E63/><V3/><F3/><W59/><G72/><T52/><D25/><N who="1" m="14535" /><E111/><V51/><F113/><W116/><G116/><T83/><D26/><U95/><E95/><V35/><F115/><W20/><G32/><T66/><D66/><U93/><E93/><V0/><F92/><W74/><G24/><T88/><D100/><U104/><E104/><V33/><F35/><W49/><G20/><T80/><D76/><U61/><E61/><V27/><F33/><W29/><G29/><T109/><D79/><U13/><E13/><V67/><F90/><W86/><G74/><T45/><D109/><U132/><AGARI ba="1,0" hai="4,6,132,134,135" m="14535,47721,26122" machi="132" ten="40,5200,0" yaku="20,1,18,1,54,1" doraHai="78" who="1" fromWho="1" sc="310,-27,230,55,230,-14,230,-14" /><INIT seed="1,0,0,5,3,102" ten="283,285,216,216" oya="1" hai0="36,32,96,58,8,52,44,41,84,93,118,27,65" hai1="25,91,89,12,83,74,31,95,26,85,122,34,92" hai2="94,57,108,21,87,11,99,54,43,101,133,106,1" hai3="114,42,126,97,20,3,10,72,113,135,128,115,127"/><U48/><E122/><V104/><F108/><W132/><G72/><T15/><D118/><U6/><E74/><V37/><F133/><N who="3" m="51275" /><G97/><T46/><D46/><U80/><E48/><V124/><F124/><N who="3" m="47659" /><G42/><T77/><D65/><U86/><REACH who="1" step="1"/><E26/><REACH who="1" ten="283,275,216,216" step="2"/><V90/><F37/><W4/><G20/><T61/><D27/><U22/><E22/><V59/><F21/><W33/><G128/><T47/><D32/><AGARI ba="0,1" hai="3,4,10,32,33,113,114,115" m="47659,51275" machi="32" ten="40,8000,1" yaku="20,1,18,1,23,1,34,2" doraHai="102" who="3" fromWho="0" sc="283,-80,275,0,216,0,216,90" /><INIT seed="2,0,0,4,1,69" ten="203,275,216,306" oya="2" hai0="6,83,67,93,112,87,11,62,54,132,27,58,91" hai1="21,23,64,133,122,90,19,32,113,109,37,134,46" hai2="66,12,98,101,42,111,129,123,10,48,73,77,40" hai3="57,26,117,20,2,94,84,104,126,110,29,119,124"/><V108/><F123/><W100/><G2/><T135/><D112/><U59/><E109/><N who="2" m="42059" /><F66/><W72/><G72/><T120/><D120/><U74/><E32/><V125/><F125/><N who="3" m="48235" /><G110/><T88/><D27/><U17/><E74/><V127/><F127/><W115/><G115/><T114/><D114/><U80/><E122/><V92/><F129/><W43/><G43/><T1/><REACH who="0" step="1"/><D67/><REACH who="0" ten="193,275,216,306" step="2"/><U130/><E64/><V5/><F48/><W39/><G26/><T105/><D105/><U85/><E113/><V15/><F15/><W35/><G35/><T3/><D3/><U0/><E0/><V33/><F33/><W68/><G117/><T13/><D13/><U47/><E130/><V97/><F97/><AGARI ba="0,1" hai="1,6,11,54,58,62,83,87,88,91,93,97,132,135" machi="97" ten="40,5200,0" yaku="1,1,54,1,53,1" doraHai="69" doraHaiUra="52" who="0" fromWho="2" sc="193,62,275,0,216,-52,306,0" /><INIT seed="3,0,0,2,3,72" ten="255,275,164,306" oya="3" hai0="124,90,16,69,9,28,4,114,70,115,80,19,60" hai1="79,59,103,83,7,96,120,53,3,6,43,64,88" hai2="11,38,75,44,24,46,67,97,68,99,34,63,50" hai3="112,15,58,22,84,109,18,129,12,45,23,57,126"/><W40/><G112/><N who="0" m="43051" /><D124/><U78/><E120/><V108/><F108/><W85/><G126/><T127/><D127/><U41/><E64/><V77/><F46/><W27/><G109/><T125/><D125/><U104/><E88/><V31/><F11/><W13/><G129/><T113/><D28/><U8/><E6/><V134/><F134/><W52/><G23/><T21/><D60/><U25/><E25/><V74/><F74/><W87/><REACH who="3" step="1"/><G52/><REACH who="3" ten="255,275,164,296" step="2"/><T107/><D113/><U121/><E121/><V56/><F38/><AGARI ba="0,1" hai="12,13,15,18,22,27,38,40,45,57,58,84,85,87" machi="38" ten="40,3900,0" yaku="1,1,2,1,53,0" doraHai="72" doraHaiUra="76" who="3" fromWho="2" sc="255,0,275,0,164,-39,296,49" owari="255,-14.5,275,7.5,125,-37.5,345,44.5" /></mjloggm>