<mjloggm ver="2.3"><GO type="225" lobby="0"/><UN n0="%E3%81%B2%E3%81%AA%E3%81%AE%E3%82%8A%E3%81%8F" n1="%E5%A4%96%E5%B7%9D%E7%AB%9C%E6%88%90" n2="%E3%81%8B%E3%82%8F%E3%81%A1%E3%82%83%E3%82%93%35%38" n3="%33%74%72%65%65" dan="17,16,17,16" rate="2152.90,2073.39,2203.96,2113.17" sx="M,M,M,F"/><TAIKYOKU oya="0"/><INIT seed="0,0,0,1,1,71" ten="250,250,250,250" oya="0" hai0="26,32,0,78,63,61,110,126,2,14,45,11,113" hai1="117,101,107,108,75,95,35,97,17,29,116,58,23" hai2="129,132,48,12,37,123,64,33,20,67,50,65,79" hai3="119,80,105,38,43,91,21,69,84,16,22,102,94"/><T120/><D113/><U49/><E75/><V40/><F33/><W10/><G119/><T89/><D120/><U115/><E35/><V62/><F79/><W111/><G111/><T77/><D126/><U31/><E108/><V1/><F1/><W53/><G105/><T76/><D110/><U19/><E115/><V68/><F12/><N who="3" m="7191" /><G38/><T96/><D2/><U30/><E17/><V6/><F20/><N who="3" m="7787" /><G69/><T124/><D0/><U44/><E58/><V131/><F6/><W13/><G43/><T118/><D118/><U104/><E117/><V36/><F123/><W57/><G13/><T47/><D124/><U5/><E5/><V46/><F132/><W121/><G121/><T59/><D32/><U133/><E133/><V54/><F50/><N who="3" m="30903" /><G102/><T83/><D26/><U106/><E116/><V85/><F85/><W99/><G80/><T25/><D25/><U51/><REACH who="1" step="1"/><E44/><REACH who="1" ten="250,240,250,250" step="2"/><N who="0" m="16969" /><D59/><U24/><AGARI ba="0,1" hai="19,23,24,29,30,31,49,51,95,97,101,104,106,107" machi="24" ten="40,2700,0" yaku="1,1,0,1,53,0" doraHai="71" doraHaiUra="39" who="1" fromWho="1" sc="250,-13,240,37,250,-7,250,-7" /><INIT seed="1,0,0,3,5,125" ten="237,277,243,243" oya="1" hai0="135,51,121,48,58,1,31,22,21,114,92,49,106" hai1="101,86,78,26,63,110,19,9,73,122,126,46,3" hai2="128,34,6,74,103,23,97,33,47,102,11,18,36" hai3="115,4,82,2,57,111,83,40,7,41,15,27,39"/><U65/><E122/><V87/><F74/><W61/><G115/><T89/><D114/><U35/><E126/><V37/><F87/><W133/><G2/><T54/><D121/><U104/><E86/><V88/><F102/><W134/><G111/><T69/><D106/><U84/><E84/><V120/><F120/><W17/><G27/><T81/><D1/><U99/><E46/><V75/><F75/><W132/><G4/><T60/><D69/><U107/><E19/><V32/><F47/><N who="3" m="23967" /><G7/><T123/><D123/><U71/><E110/><V80/><F80/><W127/><G41/><T42/><D135/><U10/><E107/><V30/><F30/><W20/><G127/><T5/><D5/><U98/><E98/><V0/><F88/><W50/><G50/><N who="0" m="19563" /><D81/><N who="1" m="45263" /><E3/><V129/><F37/><W131/><G131/><N who="2" m="50249" /><F36/><W45/><G45/><N who="0" m="26039" /><D31/><AGARI ba="0,0" hai="9,10,26,31,35,63,65,71,99,101,104" m="45263" machi="31" ten="30,1500,0" yaku="25,1" doraHai="125" who="1" fromWho="0" sc="237,-15,277,15,243,0,243,0" /><INIT seed="1,1,0,3,4,74" ten="222,292,243,243" oya="1" hai0="20,1,124,64,82,52,7,54,110,6,47,125,43" hai1="96,37,45,105,12,23,120,101,132,100,89,58,92" hai2="5,69,13,4,80,27,62,55,103,76,112,128,9" hai3="104,57,98,135,68,14,83,88,22,121,38,84,28"/><U111/><E120/><V81/><F128/><W50/><G68/><T56/><D110/><U70/><E70/><V86/><F112/><W53/><G121/><T77/><D64/><U95/><E111/><V19/><F103/><W116/><G38/><T60/><D20/><U49/><E132/><V42/><F42/><W115/><G115/><T94/><D94/><U51/><E105/><V39/><F39/><W97/><G135/><T73/><D54/><U78/><E101/><V93/><F93/><W71/><G71/><T72/><D72/><U10/><E23/><V17/><F69/><W117/><G104/><T134/><D134/><U66/><E37/><V85/><F19/><N who="3" m="10615" /><G28/><T102/><D102/><U127/><E127/><N who="0" m="48713" /><D1/><U33/><E33/><V122/><F27/><W99/><G117/><T65/><D65/><U130/><E130/><V16/><F17/><W46/><G116/><T67/><D67/><U11/><E66/><V40/><F40/><W36/><G36/><AGARI ba="1,0" hai="6,7,36,43,47,52,56,60,73,77,82" m="48713" machi="36" ten="30,3900,0" yaku="18,1,52,1,54,1" doraHai="74" who="0" fromWho="3" sc="222,42,292,0,243,0,243,-42" /><INIT seed="2,0,0,2,4,16" ten="264,292,243,201" oya="2" hai0="127,113,74,60,65,86,87,11,14,134,58,61,67" hai1="128,47,79,104,62,80,37,89,44,56,39,70,100" hai2="71,103,94,63,13,24,21,121,64,52,111,50,122" hai3="85,30,51,106,132,125,99,126,78,120,117,54,77"/><V81/><F111/><W135/><G117/><T119/><D119/><U114/><E114/><V10/><F81/><N who="3" m="47279" /><G30/><T92/><D127/><N who="3" m="48649" /><G51/><T0/><D134/><N who="3" m="51241" /><G54/><T131/><D113/><U108/><E108/><V18/><F94/><W75/><G120/><T26/><D74/><U101/><E39/><V7/><REACH who="2" step="1"/><F103/><REACH who="2" ten="264,292,233,201" step="2"/><N who="3" m="62847" /><G78/><T40/><D67/><U49/><E79/><V84/><F84/><W28/><G28/><T88/><D86/><U36/><E100/><V133/><F133/><W83/><G83/><T8/><D87/><U115/><E101/><V102/><F102/><W73/><AGARI ba="0,1" hai="73,75" m="62847,51241,48649,47279" machi="73" ten="40,8000,1" yaku="18,1,20,1,34,2" doraHai="16" who="3" fromWho="3" sc="264,-20,292,-20,233,-40,201,90" /><INIT seed="3,0,0,2,3,40" ten="244,272,193,291" oya="3" hai0="32,33,0,87,73,105,63,21,103,94,42,85,119" hai1="114,130,16,124,89,58,38,51,79,117,80,83,76" hai2="107,4,108,125,15,45,102,31,104,59,98,67,116" hai3="56,81,14,70,78,6,69,86,5,110,90,127,54"/><W13/><G70/><T8/><D73/><U106/><E38/><V88/><F116/><W44/><G69/><T10/><D105/><U112/><E117/><V62/><F108/><W101/><G110/><T74/><D74/><U118/><E118/><V120/><F125/><W65/><G127/><T18/><D63/><U9/><E124/><V126/><F126/><W11/><G101/><T19/><D119/><U111/><E111/><V109/><F109/><W39/><G39/><T135/><D42/><U95/><E106/><V26/><F120/><W99/><G65/><T23/><D94/><U115/><E130/><V122/><F122/><W49/><G56/><T82/><D103/><U24/><E80/><V131/><F131/><W128/><G128/><T113/><D82/><U52/><E83/><V22/><F104/><W96/><G90/><T64/><D0/><U46/><E58/><V68/><F68/><W84/><G84/><T123/><D123/><U3/><E3/><V55/><F88/><W20/><G20/><T97/><D64/><U1/><E1/><V29/><F29/><W91/><G91/><T35/><D35/><U43/><E43/><V61/><F61/><W30/><G30/><T2/><D2/><U34/><E34/><V93/><F107/><W75/><G75/><T28/><D28/><U27/><E79/><V12/><F4/><W7/><G7/><T121/><D121/><U100/><E76/><V129/><REACH who="2" step="1"/><F129/><REACH who="2" ten="244,272,183,291" step="2"/><W37/><G37/><T50/><D33/><U25/><E100/><V57/><F57/><W47/><G47/><T77/><D32/><RYUUKYOKU ba="0,1" sc="244,-15,272,-15,183,15,291,15" hai2="12,15,22,26,31,45,55,59,62,67,93,98,102" hai3="5,6,11,13,14,44,49,54,78,81,86,96,99" owari="229,-17.1,257,5.7,198,-30.2,316,41.6" /></mjloggm>