<mjloggm ver="2.3"><GO type="225" lobby="0"/><UN n0="%52%61%69%61%6E%2E" n1="%72%65%6E%6B%75%6E" n2="%E6%A1%9C%E8%8A%B1%E9%96%83%E3%80%85" n3="%E3%81%AA%E3%82%81%E3%81%93%E9%9B%80%E5%A3%AB" dan="16,17,16,16" rate="2008.69,2219.55,2156.67,2055.89" sx="M,M,M,M"/><TAIKYOKU oya="0"/><INIT seed="0,0,0,4,1,135" ten="250,250,250,250" oya="0" hai0="111,70,113,34,37,1,101,9,28,40,100,47,67" hai1="16,36,15,68,5,104,65,64,41,3,19,115,18" hai2="105,80,59,112,25,44,107,30,42,97,106,57,109" hai3="78,8,131,85,129,62,0,43,21,4,95,92,87"/><T134/><D113/><U121/><E121/><V13/><F112/><W20/><G43/><T54/><D134/><U130/><E115/><V88/><F109/><W11/><G62/><T74/><D67/><U26/><E130/><V71/><F71/><W79/><G4/><T120/><D70/><U128/><E128/><V53/><F13/><W49/><G49/><T29/><D120/><U32/><E104/><V94/><F80/><W33/><G33/><T23/><D34/><U93/><E3/><AGARI ba="0,0" hai="0,3,8,11,20,21,78,79,85,87,92,95,129,131" machi="3" ten="25,1600,0" yaku="22,2" doraHai="135" who="3" fromWho="1" sc="250,0,250,-16,250,0,250,16" /><INIT seed="1,0,0,5,5,92" ten="250,234,250,266" oya="1" hai0="64,44,120,28,42,49,90,16,110,132,45,118,106" hai1="39,107,34,15,125,102,71,108,37,123,67,93,19" hai2="10,3,21,116,38,111,62,128,91,79,135,115,112" hai3="26,35,53,52,95,113,36,65,22,77,32,89,61"/><U117/><E123/><V130/><F38/><W17/><G36/><T119/><D106/><U98/><E117/><V31/><F79/><W103/><G77/><T96/><D28/><U85/><E125/><V105/><F105/><W99/><G113/><N who="2" m="43593" /><F62/><W122/><G122/><T12/><D120/><U72/><E72/><V0/><F91/><W48/><G53/><T9/><D110/><U88/><E108/><V18/><F111/><W66/><G103/><T70/><D132/><U97/><E34/><N who="3" m="12842" /><G48/><T13/><D70/><U8/><REACH who="1" step="1"/><E85/><REACH who="1" ten="250,224,250,266" step="2"/><V127/><F127/><W30/><G30/><T74/><D74/><U121/><E121/><V54/><F31/><W50/><G50/><T76/><D118/><U33/><E33/><V24/><F116/><W51/><G51/><T4/><D119/><U80/><E80/><V68/><F135/><W46/><G46/><T114/><D114/><U75/><E75/><V129/><F129/><W2/><G2/><T29/><D29/><U109/><E109/><V69/><F0/><W81/><G81/><T14/><D44/><U57/><E57/><AGARI ba="0,1" hai="17,22,26,52,57,61,65,66,89,95,99" m="12842" machi="57" ten="30,3900,0" yaku="25,1,52,1,54,1" doraHai="92" who="3" fromWho="1" sc="250,0,224,-39,250,0,266,49" /><INIT seed="2,0,0,4,4,29" ten="250,185,250,315" oya="2" hai0="47,26,21,70,121,54,98,82,34,55,68,129,123" hai1="120,23,67,108,99,51,24,110,116,105,86,106,38" hai2="35,32,84,111,0,57,16,49,78,19,77,79,127" hai3="41,93,69,8,60,40,132,101,102,92,119,31,72"/><V2/><F127/><W52/><G72/><T33/><D82/><U96/><E38/><V9/><F84/><W61/><G69/><T66/><D98/><N who="1" m="37419" /><E51/><V53/><F111/><N who="1" m="42537" /><E23/><V25/><F25/><W83/><G31/><T18/><D66/><U64/><E24/><V124/><F124/><W125/><G119/><T113/><D113/><U128/><E86/><V45/><F45/><W100/><G83/><T56/><D47/><U6/><E6/><V87/><F87/><W133/><G8/><T63/><D55/><U4/><E4/><V36/><F36/><W46/><G125/><T122/><REACH who="0" step="1"/><D129/><REACH who="0" ten="240,185,250,315" step="2"/><U126/><E126/><V65/><F65/><N who="1" m="25161" /><E128/><V1/><REACH who="2" step="1"/><F9/><REACH who="2" ten="240,185,240,315" step="2"/><W10/><G10/><T15/><D15/><U42/><E116/><V28/><F28/><W74/><G46/><T80/><D80/><U73/><E73/><V75/><F75/><W3/><G74/><T14/><D14/><U112/><E112/><V131/><F131/><W22/><G41/><T103/><D103/><U89/><E89/><V91/><F91/><W81/><G40/><T43/><D43/><U130/><E130/><V48/><F48/><W134/><G101/><T39/><D39/><U117/><E117/><V107/><F107/><N who="1" m="40969" /><E42/><V97/><F97/><W95/><G102/><T59/><D59/><U20/><E20/><V50/><F50/><W135/><G100/><T37/><D37/><U88/><E88/><V115/><F115/><W17/><G132/><T62/><D62/><U12/><E12/><V44/><F44/><W7/><G61/><T13/><D13/><U76/><E76/><RYUUKYOKU ba="0,2" sc="240,10,185,10,240,10,315,-30" hai0="18,21,26,33,34,54,56,63,68,70,121,122,123" hai1="120" hai2="0,1,2,16,19,32,35,49,53,57,77,78,79" /><INIT seed="2,1,2,5,3,44" ten="250,195,250,285" oya="2" hai0="134,60,21,68,110,76,85,9,69,109,125,127,45" hai1="129,93,36,102,123,107,11,56,99,79,72,106,58" hai2="100,130,46,105,128,120,13,73,135,114,32,10,2" hai3="101,48,22,51,25,63,65,15,133,4,112,53,19"/><V117/><RYUUKYOKU type="yao9" ba="1,2" sc="250,0,195,0,250,0,285,0" hai2="2,10,13,32,46,73,100,105,114,117,120,128,130,135" /><INIT seed="2,2,2,5,4,119" ten="250,195,250,285" oya="2" hai0="124,36,77,9,71,81,134,45,125,98,60,96,64" hai1="12,112,132,47,113,75,22,57,123,0,91,88,122" hai2="69,90,15,95,84,114,51,42,120,85,78,126,49" hai3="54,33,24,4,65,35,128,7,133,3,28,48,102"/><V100/><F114/><N who="1" m="44137" /><E0/><V68/><F120/><N who="1" m="46121" /><E75/><V16/><F126/><N who="0" m="48746" /><D134/><U97/><E132/><V103/><F69/><W107/><G35/><T38/><D9/><U10/><E22/><N who="2" m="11551" /><F68/><W110/><G110/><T74/><D45/><U32/><E32/><V44/><F51/><W21/><G33/><T30/><D30/><U61/><E47/><V93/><F93/><W109/><G3/><T104/><D104/><U92/><E92/><V23/><F23/><W118/><G109/><T121/><D121/><U62/><E97/><AGARI ba="2,2" hai="36,38,60,64,71,74,77,81,96,97,98" m="48746" machi="97" ten="30,1000,0" yaku="18,1" doraHai="119" who="0" fromWho="1" sc="250,36,195,-16,250,0,285,0" /><INIT seed="3,0,0,5,2,53" ten="286,179,250,285" oya="3" hai0="67,98,91,107,86,69,0,81,19,54,97,45,117" hai1="60,29,78,44,92,95,48,94,99,43,35,38,15" hai2="85,47,121,36,84,50,101,68,111,42,83,22,87" hai3="96,76,51,1,31,118,3,74,103,41,49,75,2"/><W132/><G118/><T11/><D117/><U125/><E125/><V55/><F111/><W88/><G132/><T58/><D107/><U14/><E78/><V65/><F121/><W113/><G113/><T102/><D69/><U4/><E38/><V37/><F101/><W89/><G31/><T114/><D114/><U24/><E99/><V9/><F22/><W133/><G133/><T46/><D67/><U61/><REACH who="1" step="1"/><E15/><REACH who="1" ten="286,169,250,285" step="2"/><V116/><F37/><W32/><G76/><T112/><D112/><U12/><E12/><V13/><F116/><W110/><G110/><T104/><D97/><U79/><E79/><N who="2" m="46207" /><F13/><W28/><G75/><T34/><D0/><U16/><E16/><V25/><F9/><AGARI ba="0,1" hai="4,9,14,24,29,35,43,44,48,60,61,92,94,95" machi="9" ten="40,1300,0" yaku="1,1,53,0" doraHai="53" doraHaiUra="128" who="1" fromWho="2" sc="286,0,169,23,250,-13,285,0" /><INIT seed="4,0,0,5,2,97" ten="286,192,237,285" oya="0" hai0="79,34,135,0,15,39,51,26,89,16,38,130,22" hai1="7,23,67,100,92,54,132,46,49,62,114,117,82" hai2="108,60,19,6,118,61,27,127,25,126,99,86,123" hai3="48,66,121,105,106,116,24,55,87,124,4,113,115"/><T90/><D0/><U11/><E117/><V41/><F123/><W52/><G116/><T85/><D130/><U64/><E132/><V13/><F118/><W76/><G124/><N who="2" m="47657" /><F108/><W69/><G121/><T18/><D135/><U44/><E114/><N who="3" m="43530" /><G4/><T35/><D38/><U111/><E111/><V93/><F41/><W63/><G24/><N who="2" m="9289" /><F86/><W47/><G55/><T40/><D39/><U3/><E23/><N who="2" m="11759" /><F6/><W20/><G20/><N who="0" m="11295" /><D34/><U59/><E82/><AGARI ba="0,0" hai="47,48,52,63,66,69,76,82,87,105,106" m="43530" machi="82" ten="30,2000,0" yaku="15,1,54,1" doraHai="97" who="3" fromWho="1" sc="286,0,192,-20,237,0,285,20" owari="286,8.6,172,-32.8,237,-16.3,305,40.5" /></mjloggm>