<mjloggm ver="2.3"><GO type="225" lobby="0"/><UN n0="%E3%81%8B%E3%82%8F%E3%81%A1%E3%82%83%E3%82%93%35%38" n1="%E5%AD%90%E4%BE%9B%E4%BC%9A%E5%93%A1" n2="%E6%81%A5%E6%99%92%E3%81%97" n3="%33%74%72%65%65" dan="17,17,16,16" rate="2195.30,2136.55,2114.31,2109.93" sx="M,M,M,F"/><TAIKYOKU oya="0"/><INIT seed="0,0,0,1,3,121" ten="250,250,250,250" oya="0" hai0="91,118,59,51,4,25,87,61,74,50,66,108,79" hai1="85,31,80,78,101,7,55,98,104,33,112,54,27" hai2="128,117,132,69,43,63,76,45,102,116,103,72,134" hai3="75,15,131,88,17,48,67,125,130,129,26,124,13"/><T21/><D118/><N who="2" m="45674" /><F76/><W62/><G75/><T23/><D4/><U65/><E112/><V70/><F72/><W95/><G48/><T57/><D74/><U28/><E7/><V1/><F1/><W39/><G39/><T106/><D106/><U107/><E31/><V123/><F123/><W96/><G26/><T30/><D79/><U52/><REACH who="1" step="1"/><E65/><REACH who="1" ten="250,240,250,250" step="2"/><N who="2" m="41151" /><F70/><N who="3" m="42359" /><G17/><T77/><D77/><U68/><E68/><V60/><F128/><W135/><G135/><N who="2" m="51753" /><F60/><W122/><G122/><T53/><D108/><U115/><E115/><V9/><F9/><W49/><G49/><AGARI ba="0,1" hai="43,45,49,102,103" m="51753,41151,45674" machi="49" ten="30,2000,0" yaku="12,1,20,1" doraHai="121" who="2" fromWho="3" sc="250,0,240,0,250,30,250,-20" /><INIT seed="1,0,0,4,0,4" ten="250,240,280,230" oya="1" hai0="68,73,103,77,99,62,32,105,36,98,60,8,107" hai1="129,59,47,110,31,90,106,119,114,54,46,134,124" hai2="65,88,116,3,17,89,111,135,118,18,30,128,2" hai3="58,80,127,37,48,11,70,19,113,13,100,42,24"/><U79/><E119/><V130/><F65/><W44/><G113/><T53/><D36/><U131/><E114/><V109/><REACH who="2" step="1"/><F30/><REACH who="2" ten="250,240,270,230" step="2"/><W101/><G127/><T56/><D68/><U12/><E124/><V96/><F96/><W9/><G70/><T83/><D32/><U6/><E31/><V21/><F21/><W7/><G80/><T5/><D99/><U86/><E131/><V92/><F92/><W120/><G120/><T132/><D132/><AGARI ba="0,1" hai="2,3,17,18,88,89,109,111,116,118,128,130,132,135" machi="132" ten="25,6400,0" yaku="1,1,22,2,54,1,53,0" doraHai="4" doraHaiUra="0" who="2" fromWho="0" sc="250,-64,240,0,270,74,230,0" /><INIT seed="2,0,0,0,5,122" ten="186,240,344,230" oya="2" hai0="33,85,15,78,58,53,7,30,104,111,38,130,84" hai1="34,45,22,88,117,114,68,129,81,99,12,40,71" hai2="56,9,14,70,108,66,11,63,49,41,86,120,29" hai3="103,28,93,82,36,128,18,24,119,105,98,94,47"/><V10/><F120/><W48/><G119/><T91/><D38/><U127/><E117/><V52/><F29/><W123/><G123/><T46/><D130/><U64/><E114/><V73/><F73/><W25/><G128/><T8/><D104/><U51/><E129/><V89/><F108/><W3/><G36/><T4/><D33/><U102/><E34/><V121/><F41/><W134/><G134/><T5/><D30/><U69/><E127/><V125/><F125/><W43/><G3/><T76/><D46/><U109/><E109/><V57/><F70/><W135/><G135/><T50/><D111/><U124/><E124/><V27/><F27/><W23/><REACH who="3" step="1"/><G82/><REACH who="3" ten="186,240,344,220" step="2"/><T21/><D21/><AGARI ba="0,1" hai="18,21,23,24,25,28,43,47,48,93,94,98,103,105" machi="21" ten="30,7700,0" yaku="1,1,2,1,7,1,53,1" doraHai="122" doraHaiUra="44" who="3" fromWho="0" sc="186,-77,240,0,344,0,220,87" /><INIT seed="3,0,0,4,4,54" ten="109,240,344,307" oya="3" hai0="7,86,106,74,80,4,109,26,78,31,67,61,105" hai1="58,59,36,50,110,1,123,21,121,93,85,39,94" hai2="29,100,55,56,20,15,134,40,133,49,118,32,97" hai3="66,28,71,115,64,108,130,122,112,83,27,88,76"/><W19/><G19/><T12/><D109/><U103/><E1/><V90/><F118/><W127/><G88/><T13/><D106/><U16/><E50/><V113/><F113/><W65/><G71/><T34/><D105/><U0/><E0/><V48/><F32/><W124/><G122/><T57/><D74/><U87/><E21/><V77/><F77/><W129/><G108/><T22/><D34/><U38/><E110/><V42/><F90/><W46/><G46/><T111/><D111/><U84/><E103/><V82/><F82/><W89/><G89/><T131/><D131/><N who="3" m="50185" /><G27/><T63/><D13/><U96/><E96/><V3/><F3/><W126/><G28/><T33/><D33/><U132/><E132/><N who="2" m="50795" /><F49/><W51/><G51/><T8/><REACH who="0" step="1"/><D63/><REACH who="0" ten="99,240,344,307" step="2"/><U69/><E123/><V119/><F119/><W68/><G68/><T81/><D81/><U18/><E121/><V128/><F128/><W37/><G37/><T116/><D116/><U60/><E36/><V24/><F15/><W14/><G14/><T6/><AGARI ba="0,1" hai="4,6,7,8,12,22,26,31,57,61,67,78,80,86" machi="6" ten="20,12000,2" yaku="1,1,0,1,7,1,8,1,52,1,53,1" doraHai="54" doraHaiUra="73" who="0" fromWho="0" sc="99,130,240,-30,344,-30,307,-60" owari="229,-17.1,210,-29.0,314,41.4,247,4.7" /></mjloggm>