<mjloggm ver="2.3"><GO type="225" lobby="0"/><UN n0="%E6%B4%BE%E9%81%A3%E3%81%AE%E3%82%B8%E3%83%A3%E3%83%83%E3%82%AF" n1="%E5%A4%96%E5%B7%9D%E7%AB%9C%E6%88%90" n2="%E3%82%BC%E3%83%AB%E3%83%80%E3%81%AE%E4%BC%9D%E8%AA%AC" n3="%E3%83%97%E3%83%AC%E3%83%B4%E3%82%A1%E3%83%86%E3%82%A3" dan="17,16,17,16" rate="2189.42,2154.81,2237.75,2124.71" sx="M,M,M,F"/><TAIKYOKU oya="0"/><INIT seed="0,0,0,1,5,119" ten="250,250,250,250" oya="0" hai0="60,10,118,0,79,107,91,90,101,70,93,43,15" hai1="24,88,21,66,61,95,122,26,65,117,30,57,3" hai2="111,96,53,109,25,54,4,32,17,49,125,135,58" hai3="92,29,78,34,84,81,123,48,99,38,89,72,28"/><T45/><D118/><U100/><E117/><V94/><F125/><W40/><G34/><T42/><D0/><U128/><E128/><V33/><F135/><W23/><G38/><T5/><D79/><U14/><E3/><V68/><F68/><W59/><G123/><T39/><D43/><U134/><E134/><V86/><F4/><W71/><G71/><T44/><D44/><U87/><E122/><V127/><F86/><W63/><G23/><T103/><D107/><U116/><E116/><V37/><F37/><W80/><G48/><T76/><D76/><U13/><E66/><V6/><F6/><W46/><G46/><T11/><D11/><U73/><E73/><V67/><F67/><W27/><G27/><T98/><REACH who="0" step="1"/><D103/><REACH who="0" ten="240,250,250,250" step="2"/><U112/><E112/><V114/><F114/><W110/><G40/><T97/><D97/><N who="1" m="59455" /><E26/><V106/><F25/><W126/><G126/><T82/><D82/><AGARI ba="0,1" hai="13,14,21,24,30,57,61,65,82,87,88" m="59455" machi="82" ten="30,3900,0" yaku="25,1,8,1,54,1" doraHai="119" who="1" fromWho="0" sc="240,-39,250,49,250,0,250,0" /><INIT seed="1,0,0,3,3,55" ten="201,299,250,250" oya="1" hai0="35,118,17,46,134,44,103,27,106,120,66,12,60" hai1="9,75,113,125,81,32,0,1,123,88,31,86,49" hai2="70,21,54,110,18,115,76,57,96,122,39,107,25" hai3="13,36,82,93,108,29,26,126,10,90,87,48,97"/><U135/><E113/><V16/><F122/><W104/><G36/><T62/><D118/><U19/><E123/><V117/><F110/><W47/><G108/><T102/><D120/><U109/><E109/><V131/><F117/><W74/><G126/><T24/><D134/><U84/><E125/><V33/><F115/><W45/><G74/><T42/><D106/><U72/><E135/><V114/><F114/><W105/><G104/><T56/><D35/><U92/><E0/><V68/><F131/><W4/><G105/><T30/><D30/><U128/><E128/><V67/><F39/><W127/><G127/><T14/><D66/><U69/><E69/><V41/><F41/><W6/><G6/><T99/><D42/><U79/><E49/><V23/><F76/><W94/><G94/><T52/><D99/><U34/><E19/><V58/><F33/><W28/><G26/><N who="0" m="9771" /><D62/><U73/><REACH who="1" step="1"/><E31/><REACH who="1" ten="201,289,250,250" step="2"/><N who="3" m="11850" /><G48/><T89/><D89/><AGARI ba="0,1" hai="4,10,13,45,47,82,87,89,90,93,97" m="11850" machi="89" ten="30,1000,0" yaku="8,1" doraHai="55" who="3" fromWho="0" sc="201,-10,289,0,250,0,250,20" /><INIT seed="2,0,0,2,5,77" ten="191,289,250,270" oya="2" hai0="56,27,87,92,66,41,39,94,86,38,101,60,37" hai1="116,132,119,58,90,79,125,1,53,35,128,48,8" hai2="2,43,12,84,91,124,130,104,16,18,6,63,26" hai3="129,72,114,73,112,52,62,51,45,0,102,117,11"/><V88/><F104/><W5/><G117/><T75/><D75/><U118/><E35/><V133/><F124/><W46/><G129/><T123/><D123/><U13/><E1/><V42/><F130/><W15/><G102/><T47/><D27/><U57/><E128/><V131/><F133/><W122/><G122/><T55/><D66/><U21/><E132/><V81/><F131/><W19/><G45/><T71/><D71/><U28/><E79/><V20/><F2/><W31/><G31/><T23/><D23/><U120/><E120/><V74/><F74/><W10/><G73/><T25/><D25/><U9/><E125/><V82/><F6/><W107/><G72/><T100/><D100/><U22/><E28/><V54/><F91/><W109/><G107/><T24/><D24/><U103/><E90/><V98/><F81/><W64/><REACH who="3" step="1"/><G109/><REACH who="3" ten="191,289,250,260" step="2"/><T99/><REACH who="0" step="1"/><D94/><REACH who="0" ten="181,289,250,260" step="2"/><U97/><E116/><V110/><F110/><W78/><G78/><T106/><D106/><U14/><E118/><V89/><F26/><W44/><G44/><T29/><D29/><U85/><E119/><V32/><F32/><W67/><G67/><T17/><D17/><U121/><E121/><V135/><F18/><W68/><AGARI ba="0,2" hai="0,5,10,11,15,19,46,51,52,62,64,68,112,114" machi="68" ten="30,7900,0" yaku="1,1,0,1,54,1,53,1" doraHai="77" doraHaiUra="3" who="3" fromWho="3" sc="181,-20,289,-20,250,-39,260,99" /><INIT seed="3,0,0,5,0,77" ten="161,269,211,359" oya="3" hai0="135,121,133,85,25,31,13,131,22,65,32,120,95" hai1="2,19,69,21,29,88,71,5,45,103,9,12,59" hai2="97,8,104,15,35,109,4,57,127,132,72,34,48" hai3="55,129,87,76,16,83,75,125,61,11,115,114,110"/><W81/><G125/><T99/><D65/><U1/><E103/><V67/><F48/><W82/><G129/><T20/><D99/><U52/><E45/><V49/><F15/><N who="3" m="7295" /><G75/><T80/><D95/><U79/><E79/><V44/><F57/><N who="3" m="35007" /><G114/><T89/><D131/><U92/><E29/><V26/><F34/><W112/><G112/><T42/><D42/><U30/><E30/><V27/><F35/><W98/><G115/><T73/><D73/><U126/><E1/><V17/><F104/><W70/><G70/><T3/><D3/><U101/><E101/><V7/><F49/><W33/><G33/><T24/><D13/><U58/><E58/><V50/><F50/><W43/><G43/><T86/><D32/><U46/><E46/><V91/><F44/><W18/><G110/><T90/><D31/><U40/><E40/><V113/><F109/><W96/><G18/><T93/><D93/><U6/><E6/><V23/><F4/><W37/><G37/><T38/><D38/><U128/><E128/><V56/><F7/><W64/><G64/><T53/><D53/><U14/><E2/><V66/><F17/><W63/><G63/><T117/><D117/><U134/><E126/><V116/><F127/><W123/><G123/><T10/><D10/><U119/><E119/><V54/><F8/><W51/><G51/><T108/><D108/><U106/><E106/><V0/><F116/><W111/><G111/><T102/><D102/><U47/><E47/><V107/><F113/><W122/><G122/><T118/><D118/><U78/><E9/><V100/><F72/><RYUUKYOKU ba="0,0" sc="161,15,269,-15,211,-15,359,15" hai0="20,22,24,25,80,85,86,89,90,120,121,133,135" hai3="76,81,82,83,87,96,98" owari="176,-32.4,254,5.4,196,-20.4,374,47.4" /></mjloggm>