<mjloggm ver="2.3"><GO type="225" lobby="0"/><UN n0="%73%6C%69%63%6B%33%31%39" n1="%E7%BD%AA%E5%88%91%E6%B3%95%E5%AE%9A%E4%B8%BB%E7%BE%A9" n2="%E8%BE%9B%E5%8F%A3%E3%82%AB%E3%83%AC%E3%83%BC%E3%83%A9%E3%82%A4%E3%82%B9" n3="%E6%AB%BB%E4%BA%95%E5%A5%8F" dan="16,16,16,17" rate="2090.76,2154.55,2231.46,2201.31" sx="M,M,M,M"/><TAIKYOKU oya="0"/><INIT seed="0,0,0,1,5,69" ten="250,250,250,250" oya="0" hai0="88,17,94,0,133,85,73,25,7,13,22,117,109" hai1="99,18,101,37,91,57,46,28,126,19,81,44,9" hai2="38,35,58,123,95,132,108,59,31,87,102,92,105" hai3="1,79,122,32,50,26,6,67,61,62,29,49,20"/><T100/><D117/><U82/><E28/><V41/><F123/><W98/><G122/><T72/><D133/><U48/><E126/><V97/><F132/><W76/><G32/><T119/><D119/><U14/><E19/><V125/><F125/><W104/><G6/><T129/><D129/><U116/><E116/><V112/><F112/><W71/><G1/><T134/><D134/><U53/><E91/><V40/><F108/><W130/><G130/><T36/><D109/><U127/><E127/><V4/><F4/><W114/><G114/><T128/><BYE who="3" /><D128/><U42/><REACH who="1" step="1"/><E46/><REACH who="1" ten="250,240,250,250" step="2"/><V27/><F31/><W55/><G55/><T30/><D30/><U56/><E56/><V10/><F58/><W93/><G93/><AGARI ba="0,1" hai="9,14,18,37,42,44,48,53,57,81,82,93,99,101" machi="93" ten="30,3900,0" yaku="1,1,7,1,52,1,53,0" doraHai="69" doraHaiUra="21" who="1" fromWho="3" sc="250,0,240,49,250,0,250,-39" /><UN n3="%E6%AB%BB%E4%BA%95%E5%A5%8F" /><INIT seed="1,0,0,5,1,75" ten="250,289,250,211" oya="1" hai0="112,130,31,80,77,70,25,11,18,96,93,72,52" hai1="98,124,53,121,73,101,105,23,111,66,21,26,56" hai2="132,48,3,19,89,7,92,108,32,59,51,43,100" hai3="55,46,60,94,99,88,82,28,42,24,122,57,22"/><U114/><E114/><V0/><F108/><W47/><G122/><T41/><D70/><U68/><E121/><V126/><F32/><W76/><REACH who="3" step="1"/><G42/><REACH who="3" ten="250,289,250,201" step="2"/><T69/><D112/><U91/><E111/><V27/><F43/><W17/><G17/><T61/><D18/><U15/><E124/><V134/><F126/><W83/><G83/><T125/><D41/><U54/><E54/><V29/><F19/><W87/><AGARI ba="0,1" hai="22,24,28,46,47,55,57,60,76,82,87,88,94,99" machi="87" ten="20,12000,2" yaku="1,1,0,1,7,1,8,1,52,1,54,1,53,0" doraHai="75" doraHaiUra="116" who="3" fromWho="3" sc="250,-30,289,-60,250,-30,201,130" /><INIT seed="2,0,0,5,2,15" ten="220,229,220,331" oya="2" hai0="85,53,120,19,77,113,82,78,90,58,14,129,88" hai1="114,124,76,50,66,18,102,83,12,6,69,79,130" hai2="54,131,5,119,80,11,21,127,31,67,75,100,68" hai3="110,47,9,56,118,7,52,25,89,41,23,42,27"/><V117/><F127/><W128/><G118/><T46/><D129/><U62/><E114/><V64/><F131/><W121/><G121/><T8/><D120/><U116/><E116/><V73/><F100/><W65/><G128/><T132/><D132/><U95/><E130/><V24/><F54/><W84/><G110/><T81/><D113/><U107/><E107/><V51/><F51/><W30/><G65/><T72/><REACH who="0" step="1"/><D46/><REACH who="0" ten="210,229,220,331" step="2"/><U0/><E124/><V126/><F126/><W48/><G27/><T35/><D35/><U93/><E76/><V16/><F117/><W135/><G135/><T106/><D106/><U59/><E79/><V105/><F119/><W134/><G134/><T34/><D34/><U38/><E38/><V97/><F105/><W26/><G26/><T86/><D86/><U96/><E96/><V2/><F97/><W45/><G47/><T43/><D43/><U39/><E39/><V32/><F80/><W108/><G108/><T101/><D101/><U63/><E83/><V104/><F104/><W49/><G42/><T94/><D94/><U122/><E102/><V37/><F37/><W71/><G71/><T92/><D92/><U33/><E33/><V98/><F98/><W125/><G125/><T99/><D99/><U10/><E122/><V40/><F40/><W4/><G9/><T87/><D87/><U61/><E95/><AGARI ba="0,1" hai="4,7,23,25,30,41,45,48,49,52,56,84,89,95" machi="95" ten="30,3900,0" yaku="7,1,8,1,54,1" doraHai="15" who="3" fromWho="1" sc="210,0,229,-39,220,0,331,49" /><INIT seed="3,0,0,1,3,85" ten="210,190,220,380" oya="3" hai0="95,21,26,101,65,117,72,91,59,6,1,131,19" hai1="44,126,118,75,20,125,71,132,107,58,106,53,45" hai2="130,96,14,23,24,54,92,135,36,129,93,120,18" hai3="41,79,56,97,16,50,69,57,60,55,8,122,94"/><W80/><G122/><T11/><D117/><U100/><E75/><V99/><F135/><W46/><G69/><T12/><D72/><U47/><E71/><V17/><F36/><W127/><G127/><N who="1" m="48650" /><E100/><V70/><F70/><W2/><G2/><T7/><D131/><N who="2" m="50186" /><F120/><W133/><G133/><T22/><D101/><U113/><E113/><V52/><F93/><W112/><G112/><T111/><D111/><U89/><E132/><V98/><F92/><W114/><G114/><T119/><D119/><U86/><E118/><V73/><F73/><W25/><G56/><T66/><D59/><U49/><E20/><AGARI ba="0,0" hai="14,17,18,20,23,24,52,54,96,98,99" m="50186" machi="20" ten="30,2000,0" yaku="19,1,54,1" doraHai="85" who="2" fromWho="1" sc="210,0,190,-20,220,20,380,0" owari="210,-19.0,170,-33.0,240,4.0,380,48.0" /></mjloggm>