<mjloggm ver="2.3"><GO type="225" lobby="0"/><UN n0="%72%65%6E%6B%75%6E" n1="%74%61%6B%75%61%6B%61" n2="%E9%80%9F%E6%B0%B4%E5%87%9B%E9%A6%99" n3="%E3%81%A1%E3%82%85%E3%81%86%E3%81%A9%E3%81%8F%E8%B1%A1%E3%81%95%E3%82%93" dan="17,16,16,17" rate="2264.39,2186.74,2082.59,2190.63" sx="M,M,F,M"/><TAIKYOKU oya="0"/><INIT seed="0,0,0,2,4,92" ten="250,250,250,250" oya="0" hai0="89,74,53,133,95,110,96,0,66,119,51,11,17" hai1="50,49,118,46,122,102,108,9,25,36,129,60,116" hai2="130,22,112,30,131,128,34,81,43,32,48,38,78" hai3="107,98,47,5,44,117,71,15,61,79,83,97,125"/><T19/><D119/><N who="1" m="45611" /><E102/><V73/><F38/><W20/><G117/><T6/><D133/><U4/><E25/><N who="2" m="16695" /><F112/><W120/><G120/><T109/><D74/><U85/><E85/><V28/><F28/><W56/><G71/><T45/><REACH who="0" step="1"/><D66/><REACH who="0" ten="240,250,250,250" step="2"/><U57/><E122/><V134/><F134/><W86/><G125/><T76/><D76/><U69/><E129/><V33/><F73/><W68/><G68/><T39/><D39/><U93/><E36/><V63/><F78/><W126/><G126/><T94/><D94/><U8/><E93/><V65/><F81/><W16/><G107/><T52/><D52/><U70/><E69/><N who="2" m="42175" /><F43/><W80/><G80/><T135/><D135/><U82/><E82/><V75/><F75/><W101/><G101/><T59/><D59/><U26/><E70/><V123/><F123/><W67/><G5/><T21/><D21/><U2/><E57/><V106/><F106/><W55/><G67/><T124/><D124/><U40/><E4/><V24/><F32/><W121/><G121/><T72/><D72/><U35/><E35/><V58/><F34/><W77/><G77/><T111/><AGARI ba="0,1" hai="0,6,11,17,19,45,51,53,89,95,96,109,110,111" machi="111" ten="30,18000,2" yaku="1,1,0,1,14,1,10,1,52,1,53,1" doraHai="92" doraHaiUra="88" who="0" fromWho="0" sc="240,190,250,-60,250,-60,250,-60" /><INIT seed="0,1,0,2,0,40" ten="430,190,190,190" oya="0" hai0="65,85,78,45,13,23,98,89,104,81,26,3,24" hai1="7,127,75,108,135,102,115,49,8,80,109,122,67" hai2="130,29,25,117,48,73,47,79,118,123,74,124,66" hai3="103,101,61,36,120,71,15,82,72,55,54,0,11"/><T77/><D3/><U125/><E122/><V37/><F37/><W68/><G0/><T63/><D13/><N who="1" m="5279" /><E135/><V46/><F123/><W119/><G119/><N who="2" m="45577" /><F130/><W21/><G120/><T96/><D24/><U2/><E2/><V76/><F66/><W9/><G36/><T84/><D45/><N who="2" m="16906" /><F48/><W4/><G21/><T121/><D104/><U132/><E115/><V116/><N who="2" m="45585" /><V18/><DORA hai="12" /><F18/><W31/><G61/><T19/><D78/><N who="2" m="29738" /><F124/><W38/><G38/><T69/><REACH who="0" step="1"/><D121/><REACH who="0" ten="420,190,190,190" step="2"/><U94/><E125/><V14/><F14/><W131/><G15/><T6/><D6/><U106/><E127/><V92/><F92/><AGARI ba="1,1" hai="19,23,26,63,65,69,77,81,84,85,89,92,96,98" machi="92" ten="30,5800,0" yaku="1,1,7,1,52,1,53,0" doraHai="40,12" doraHaiUra="5,34" who="0" fromWho="2" sc="420,71,190,0,190,-61,190,0" /><INIT seed="0,2,0,3,1,116" ten="491,190,129,190" oya="0" hai0="81,58,93,30,65,77,104,40,5,48,57,50,82" hai1="18,101,94,56,128,46,117,90,126,89,132,131,97" hai2="108,109,121,87,79,71,16,13,118,3,33,106,9" hai3="70,113,15,47,44,110,7,62,8,22,127,134,107"/><T35/><D104/><U28/><E117/><V14/><F106/><W124/><G107/><T105/><D105/><U53/><E126/><N who="3" m="48170" /><G113/><T74/><D5/><U23/><E132/><V80/><F118/><W114/><G114/><T72/><D93/><U120/><E120/><V37/><F71/><W96/><G134/><T133/><D133/><U119/><E119/><V99/><F37/><W122/><G110/><N who="2" m="42601" /><F33/><W6/><G6/><T41/><D30/><U102/><E46/><N who="3" m="17450" /><G96/><T86/><D35/><U27/><E28/><V20/><F3/><W2/><G122/><T24/><D24/><U85/><E128/><V51/><F51/><W63/><G70/><T39/><D39/><U95/><REACH who="1" step="1"/><E131/><REACH who="1" ten="491,180,129,190" step="2"/><V4/><F99/><W31/><G31/><T54/><D41/><U60/><AGARI ba="2,1" hai="18,23,27,53,56,60,85,89,90,94,95,97,101,102" machi="60" ten="20,12000,2" yaku="1,1,2,1,0,1,7,1,25,2,8,1,53,0" doraHai="116" doraHaiUra="73" who="1" fromWho="1" sc="491,-62,180,136,129,-32,190,-32" /><INIT seed="1,0,0,4,2,65" ten="429,316,97,158" oya="1" hai0="130,73,85,133,93,47,33,117,101,127,55,68,49" hai1="111,120,56,102,46,64,21,31,4,77,67,32,122" hai2="28,11,81,54,42,109,60,86,30,89,105,79,125" hai3="66,106,71,76,9,38,43,16,35,91,27,29,100"/><U80/><E32/><V59/><F105/><W53/><G91/><T87/><D73/><U96/><E111/><V72/><F109/><W110/><G53/><T14/><D33/><U57/><E4/><V103/><F103/><W128/><G128/><T15/><D68/><U69/><E46/><V119/><F119/><W41/><G110/><T37/><D37/><U112/><E112/><V63/><F125/><W2/><G76/><T95/><D117/><U7/><E7/><V12/><F42/><W61/><G38/><T99/><D127/><U92/><E69/><V114/><F114/><W48/><G48/><T45/><D130/><U132/><E64/><V22/><F22/><W75/><G75/><T88/><D133/><U36/><E36/><V113/><F113/><W98/><G2/><T44/><D87/><U82/><E82/><V83/><REACH who="2" step="1"/><F60/><REACH who="2" ten="429,316,87,158" step="2"/><W129/><REACH who="3" step="1"/><G129/><REACH who="3" ten="429,316,87,148" step="2"/><T118/><D118/><U39/><E102/><V18/><AGARI ba="0,2" hai="11,12,18,28,30,54,59,63,72,79,81,83,86,89" machi="18" ten="20,5200,0" yaku="1,1,2,1,0,1,7,1,53,0" doraHai="65" doraHaiUra="20" who="2" fromWho="2" sc="429,-13,316,-26,87,72,148,-13" /><INIT seed="2,0,0,1,3,49" ten="416,290,159,135" oya="2" hai0="1,67,51,15,92,22,100,132,111,81,78,96,56" hai1="126,86,60,0,5,91,65,135,12,11,72,114,73" hai2="40,18,47,62,53,75,133,19,89,38,4,117,68" hai3="46,108,74,17,110,64,90,52,28,16,128,54,63"/><V34/><F117/><W42/><G74/><T2/><D111/><N who="3" m="42537" /><G28/><T8/><D132/><U9/><E114/><V32/><F75/><W105/><G105/><T80/><D22/><U69/><E126/><V121/><F121/><W127/><G127/><T122/><D122/><U104/><E104/><V116/><F116/><W95/><G128/><T45/><D2/><U76/><E76/><V50/><F4/><W131/><G131/><T33/><D33/><U37/><E37/><V84/><F133/><W31/><G31/><T41/><D1/><U14/><E135/><V36/><F36/><N who="3" m="21831" /><G17/><N who="0" m="8423" /><D78/><U24/><E72/><V26/><F26/><W113/><G16/><T129/><D129/><U58/><E73/><V43/><F43/><W39/><G39/><T66/><D56/><U93/><E24/><V130/><F130/><W82/><G82/><AGARI ba="0,0" hai="41,45,51,66,67,80,81,82,92,96,100" m="8423" machi="82" ten="30,1000,0" yaku="8,1" doraHai="49" who="0" fromWho="3" sc="416,10,290,0,159,0,135,-10" /><INIT seed="3,0,0,0,4,100" ten="426,290,159,125" oya="3" hai0="62,110,21,17,113,18,96,76,80,102,78,59,14" hai1="109,77,22,66,53,26,51,3,121,8,11,94,107" hai2="133,87,112,9,41,134,43,91,36,98,54,115,2" hai3="84,13,106,108,127,81,28,75,88,33,49,15,68"/><W30/><G68/><T55/><D110/><U39/><E121/><V42/><F98/><W85/><G75/><T116/><D116/><U104/><E39/><V79/><F79/><N who="3" m="46143" /><G106/><T23/><D113/><U70/><E109/><V118/><F118/><W93/><G108/><T97/><D102/><U125/><E125/><V130/><F130/><W63/><G33/><T89/><D89/><U83/><E94/><N who="2" m="54655" /><F36/><W73/><G73/><T1/><D1/><U105/><E66/><V74/><F74/><W72/><G72/><T132/><D132/><N who="2" m="50794" /><F54/><W31/><G127/><T16/><D17/><U6/><E70/><V12/><F2/><W69/><G69/><T95/><D80/><U90/><E90/><V34/><F34/><W126/><G126/><T92/><D96/><U24/><E8/><V0/><F0/><W40/><G63/><T124/><D124/><U61/><E61/><V122/><F122/><W25/><G25/><N who="0" m="14503" /><D97/><U67/><E24/><V119/><F119/><W46/><AGARI ba="0,0" hai="13,15,28,30,31,40,46,49,85,88,93" m="46143" machi="46" ten="30,3000,0" yaku="8,1,54,1" doraHai="100" who="3" fromWho="3" sc="426,-10,290,-10,159,-10,125,30" /><INIT seed="3,1,0,5,4,35" ten="416,280,149,155" oya="3" hai0="66,67,134,96,24,40,98,2,58,1,110,114,23" hai1="4,27,119,77,43,71,68,90,36,6,105,57,103" hai2="5,82,73,37,50,62,129,89,109,8,88,128,45" hai3="118,107,28,121,120,25,86,30,135,111,15,72,116"/><W95/><G107/><T80/><D40/><U97/><E119/><N who="3" m="45610" /><G72/><T102/><D80/><U83/><E90/><V133/><F62/><W104/><G104/><T84/><D84/><U12/><E57/><V11/><F11/><W70/><G70/><T123/><D58/><U49/><E27/><V33/><F33/><N who="3" m="20623" /><G86/><T117/><D117/><U81/><E81/><V46/><F37/><W85/><G85/><T99/><D123/><N who="3" m="47177" /><G95/><T38/><D38/><U54/><E36/><V32/><F32/><W14/><G135/><T112/><D102/><U17/><E43/><V132/><F73/><W10/><G111/><T60/><D134/><N who="2" m="51818" /><F109/><W41/><G41/><T31/><D110/><U48/><E48/><V130/><F82/><W22/><G10/><T34/><D34/><U75/><E68/><V44/><F50/><W0/><G0/><AGARI ba="1,0" hai="0,5,8,44,45,46,88,89,128,129,130" m="51818" machi="0" ten="40,8000,1" yaku="19,1,20,1,52,1,54,1" doraHai="35" who="2" fromWho="3" sc="416,0,280,0,149,83,155,-83" owari="416,51.6,280,8.0,232,-16.8,72,-42.8" /></mjloggm>