<mjloggm ver="2.3"><GO type="225" lobby="0"/><UN n0="%E3%82%82%E3%81%90%E3%82%89" n1="%4C%4F%4C%49%54%41" n2="%E3%83%A9%E3%83%96%E3%83%AC%E3%83%BC" n3="%E3%81%A1%E3%82%85%E3%81%86%E3%81%A9%E3%81%8F%E8%B1%A1%E3%81%95%E3%82%93" dan="17,16,18,17" rate="2216.45,2160.30,2275.30,2215.39" sx="M,F,M,M"/><TAIKYOKU oya="0"/><INIT seed="0,0,0,2,3,64" ten="250,250,250,250" oya="0" hai0="111,105,45,91,18,54,125,10,26,55,109,102,94" hai1="127,73,51,89,78,58,50,107,121,68,8,15,11" hai2="35,69,129,0,90,76,93,77,29,104,86,113,66" hai3="14,42,46,110,100,72,36,88,19,65,96,52,61"/><T87/><D125/><U123/><E107/><V112/><F0/><W98/><G72/><T56/><D45/><U92/><E127/><V126/><F126/><W12/><G110/><N who="0" m="41995" /><D56/><U99/><E68/><V60/><F104/><W3/><G3/><T34/><D10/><U17/><E8/><V62/><F62/><W131/><G131/><T47/><D47/><U27/><E78/><V122/><F122/><W57/><G19/><T63/><D63/><U30/><E73/><V40/><F40/><W28/><G28/><N who="0" m="19735" /><D18/><U39/><E39/><V124/><F129/><W95/><REACH who="3" step="1"/><G65/><REACH who="3" ten="250,250,250,240" step="2"/><T85/><D85/><U114/><E123/><V130/><F130/><W128/><G128/><T118/><D118/><U134/><E121/><V24/><F124/><W9/><G9/><T81/><D105/><AGARI ba="0,1" hai="12,14,36,42,46,52,57,61,88,95,96,98,100,105" machi="105" ten="30,8000,1" yaku="1,1,7,1,54,2,53,1" doraHai="64" doraHaiUra="70" who="3" fromWho="0" sc="250,-80,250,0,250,0,240,90" /><INIT seed="1,0,0,0,2,130" ten="170,250,250,330" oya="1" hai0="134,35,129,115,37,1,106,38,16,126,15,109,41" hai1="91,119,45,103,80,13,63,34,82,88,127,5,123" hai2="107,72,60,66,54,58,2,53,20,3,86,132,19" hai3="59,67,52,23,84,47,26,125,24,90,124,27,46"/><U4/><E119/><V121/><F72/><W131/><G67/><T50/><RYUUKYOKU type="yao9" ba="0,0" sc="170,0,250,0,250,0,330,0" hai0="1,15,16,35,37,38,41,50,106,109,115,126,129,134" /><INIT seed="1,1,0,5,1,81" ten="170,250,250,330" oya="1" hai0="110,123,80,108,20,132,99,11,71,87,52,131,104" hai1="30,14,102,21,46,105,19,35,48,36,107,88,126" hai2="58,16,93,27,68,53,23,114,0,74,122,86,130" hai3="70,95,39,97,109,43,66,32,82,38,57,94,96"/><U41/><E126/><V75/><F122/><W2/><G32/><T78/><D71/><U133/><E133/><V90/><F68/><W3/><G70/><T61/><D132/><U103/><E36/><V34/><F0/><W116/><G82/><T12/><D20/><U117/><E117/><V73/><F34/><W119/><G109/><N who="0" m="42091" /><D131/><U15/><E105/><V10/><F130/><W60/><G95/><T13/><D123/><U83/><E107/><V111/><F111/><W134/><G134/><T85/><D104/><U72/><E72/><V135/><F135/><W92/><G92/><T22/><D99/><N who="3" m="37961" /><G94/><T31/><D80/><U26/><REACH who="1" step="1"/><E15/><REACH who="1" ten="170,240,250,330" step="2"/><N who="0" m="5705" /><D78/><U112/><E112/><V129/><F129/><W64/><G38/><T127/><D127/><U113/><E113/><V59/><F75/><W6/><G119/><T28/><D11/><U4/><E4/><V106/><F106/><W24/><G6/><T5/><D5/><U67/><E67/><V128/><F74/><W121/><G66/><T18/><D31/><U91/><E91/><V37/><F37/><W25/><G116/><T50/><D28/><U51/><E51/><V29/><F73/><W125/><G125/><T44/><D61/><U33/><E33/><V76/><F114/><W40/><G39/><T63/><D63/><U120/><E120/><V65/><F128/><W47/><G121/><T69/><D69/><U55/><E55/><V56/><F65/><W49/><G43/><T77/><D77/><U118/><E118/><V17/><F76/><W42/><G40/><T79/><D79/><U101/><E101/><RYUUKYOKU ba="1,1" sc="170,10,240,10,250,-30,330,10" hai0="18,22,44,50,52,85,87" hai1="14,19,21,26,30,35,41,46,48,83,88,102,103" hai3="2,3,24,25,42,47,49,57,60,64" /><INIT seed="1,2,1,5,2,126" ten="180,250,220,340" oya="1" hai0="53,130,100,71,131,122,43,133,106,21,92,112,103" hai1="85,47,33,86,25,24,110,28,65,18,23,4,118" hai2="27,2,40,29,94,114,17,74,59,113,81,127,66" hai3="45,35,7,54,13,129,72,12,109,77,88,16,39"/><U104/><E118/><V80/><F2/><W0/><G35/><T67/><D112/><N who="2" m="43114" /><F127/><W63/><G12/><T61/><D133/><U105/><E4/><V90/><F40/><W128/><G109/><T111/><D111/><U115/><E115/><V75/><F17/><W49/><G39/><T123/><D106/><U120/><E120/><N who="0" m="46121" /><D43/><U91/><E110/><V107/><F107/><W135/><G63/><T11/><D11/><U55/><E85/><N who="2" m="52559" /><F66/><W38/><G38/><T87/><D21/><U56/><E47/><V73/><F59/><W42/><G7/><T84/><D53/><U6/><E6/><V79/><F79/><W97/><G0/><T48/><D48/><U60/><REACH who="1" step="1"/><E65/><REACH who="1" ten="180,240,220,340" step="2"/><V31/><F75/><W124/><G72/><T69/><D84/><U121/><E121/><V26/><F74/><W57/><G45/><T102/><D69/><U44/><E44/><V101/><F73/><W32/><G124/><T134/><D134/><U36/><E36/><V89/><F81/><AGARI ba="2,2" hai="18,23,24,25,28,33,55,56,60,81,86,91,104,105" machi="81" ten="30,2900,0" yaku="1,1,7,1,53,0" doraHai="126" doraHaiUra="37" who="1" fromWho="2" sc="180,0,240,55,220,-35,340,0" /><INIT seed="1,3,0,5,1,42" ten="180,295,185,340" oya="1" hai0="48,107,90,12,0,50,11,38,45,97,101,56,17" hai1="37,68,94,130,133,44,27,84,86,95,35,18,127" hai2="131,49,104,31,54,64,60,21,123,77,91,65,36" hai3="116,19,61,25,112,100,79,5,126,62,3,93,115"/><U83/><E68/><V111/><F123/><W14/><G79/><T99/><D0/><U135/><E127/><V22/><F104/><W53/><G25/><T110/><D110/><U7/><E130/><V105/><F105/><W69/><G126/><T134/><D134/><N who="1" m="51211" /><E7/><V16/><F36/><W122/><G122/><T39/><D56/><U129/><E129/><V96/><F77/><W28/><G28/><T30/><D50/><U113/><E113/><V125/><F111/><W20/><G116/><T10/><D10/><U33/><E84/><V70/><F60/><W66/><G5/><T80/><D30/><N who="1" m="19679" /><E18/><V81/><F70/><W120/><G120/><T114/><D114/><U117/><E35/><V76/><F31/><W102/><G3/><T75/><D75/><U57/><E57/><V85/><F131/><W88/><G115/><T4/><D4/><U121/><E117/><V132/><F125/><W87/><G112/><T72/><D72/><U98/><E98/><V118/><F118/><W92/><G92/><T73/><D73/><U40/><E121/><V24/><F22/><W9/><G9/><T43/><REACH who="0" step="1"/><D99/><REACH who="0" ten="170,295,185,340" step="2"/><U13/><E37/><V55/><F132/><W15/><G69/><T1/><D1/><U71/><E71/><V89/><F96/><W108/><G62/><T106/><D106/><U32/><E86/><AGARI ba="3,1" hai="11,12,17,38,39,43,45,48,80,86,90,97,101,107" machi="86" ten="40,2600,0" yaku="1,1,52,1,53,0" doraHai="42" doraHaiUra="63" who="0" fromWho="1" sc="170,45,295,-35,185,0,340,0" /><INIT seed="2,0,0,1,4,68" ten="215,260,185,340" oya="2" hai0="111,124,75,63,44,97,14,16,123,51,110,32,38" hai1="120,62,128,112,46,135,118,53,11,95,47,5,83" hai2="22,50,23,131,19,30,7,6,13,85,12,25,81" hai3="4,36,27,26,24,72,54,74,49,130,28,96,37"/><V33/><F131/><W55/><G28/><T114/><D114/><U127/><E112/><V3/><F50/><W67/><G49/><T45/><D123/><U105/><E105/><V115/><F115/><W61/><G4/><T87/><D75/><N who="3" m="28713" /><G96/><T69/><D32/><U29/><E118/><V89/><REACH who="2" step="1"/><F3/><REACH who="2" ten="215,260,175,340" step="2"/><W103/><G130/><T43/><D124/><U100/><E128/><V34/><F34/><W82/><G61/><T88/><D63/><U132/><E127/><V102/><F102/><W64/><G103/><T133/><D133/><U94/><E100/><V113/><F113/><W42/><G42/><T1/><D1/><U70/><E135/><V121/><F121/><W48/><G48/><T57/><D69/><U101/><E120/><V73/><F73/><W80/><G36/><T59/><D38/><U108/><E101/><V10/><F10/><W86/><G37/><T79/><D45/><U9/><E132/><V2/><F2/><W117/><G117/><T78/><D59/><U98/><E9/><V91/><F91/><W52/><G86/><T21/><D57/><U56/><E70/><V125/><F125/><W17/><G17/><AGARI ba="0,1" hai="6,7,12,13,17,19,22,23,25,30,33,81,85,89" machi="17" ten="40,7700,0" yaku="1,1,9,1,53,1" doraHai="68" doraHaiUra="76" who="2" fromWho="3" sc="215,0,260,0,175,87,340,-77" /><INIT seed="2,1,0,4,4,9" ten="215,260,262,263" oya="2" hai0="93,32,25,60,110,99,134,3,101,22,68,37,66" hai1="118,130,13,87,26,97,128,14,16,30,43,105,89" hai2="50,2,24,44,100,80,113,104,94,81,73,17,78" hai3="98,127,23,38,121,58,7,126,90,92,19,5,53"/><V124/><F113/><W117/><G38/><T49/><D110/><U75/><E118/><V61/><F2/><W112/><G121/><T45/><D134/><U40/><E75/><V111/><F104/><W46/><G46/><T62/><D3/><U115/><E115/><V35/><F124/><N who="3" m="47659" /><G112/><T41/><D62/><U133/><E133/><V55/><F61/><N who="3" m="36047" /><G117/><T131/><D131/><N who="1" m="50219" /><E97/><V109/><F100/><W4/><G4/><T54/><D32/><N who="1" m="20567" /><E105/><V129/><F35/><W102/><G102/><T6/><D6/><U59/><E59/><V33/><F33/><W95/><G95/><T51/><REACH who="0" step="1"/><D54/><REACH who="0" ten="205,260,262,263" step="2"/><U15/><E16/><AGARI ba="1,1" hai="16,22,25,37,41,45,49,51,60,66,68,93,99,101" machi="16" ten="30,7700,0" yaku="1,1,2,1,7,1,54,1,53,0" doraHai="9" doraHaiUra="120" who="0" fromWho="1" sc="205,90,260,-80,262,0,263,0" /><INIT seed="3,0,0,2,1,7" ten="295,180,262,263" oya="3" hai0="117,115,103,10,29,21,36,16,70,74,114,20,64" hai1="97,81,75,112,98,111,71,37,19,43,83,46,128" hai2="15,89,129,86,69,106,122,30,134,100,63,52,27" hai3="125,123,102,45,49,35,78,53,26,77,44,1,132"/><W32/><G123/><T58/><D117/><U11/><E112/><N who="0" m="43049" /><D36/><U99/><E71/><V95/><F129/><W48/><G1/><T41/><D41/><U119/><E119/><V105/><F134/><W82/><G132/><T65/><D74/><U127/><E111/><V135/><F135/><W28/><G125/><T131/><D131/><U73/><E128/><V116/><F100/><W109/><G109/><T17/><D103/><U5/><E19/><N who="0" m="7241" /><D29/><U90/><E127/><V107/><F122/><W130/><G130/><T92/><D92/><U104/><E104/><V60/><F107/><W120/><G120/><T0/><D58/><U2/><REACH who="1" step="1"/><E90/><REACH who="1" ten="295,170,262,263" step="2"/><V22/><F106/><W24/><G102/><T61/><D65/><U56/><E56/><V34/><F105/><W85/><G77/><T118/><D118/><U42/><E42/><V62/><F116/><W51/><G44/><T33/><D64/><U54/><E54/><V84/><F52/><W66/><G66/><T38/><D70/><U76/><E76/><V59/><F59/><W31/><AGARI ba="0,1" hai="24,26,28,31,32,35,45,48,49,51,53,78,82,85" machi="31" ten="30,3000,0" yaku="0,1,9,1" doraHai="7" who="3" fromWho="3" sc="295,-10,170,-10,262,-10,263,40" owari="285,8.5,160,-34.0,252,-14.8,303,40.3" /></mjloggm>