<mjloggm ver="2.3"><GO type="225" lobby="0"/><UN n0="%E6%80%AA%E3%81%97%E3%81%99%E3%81%8E%E3%82%8B%E3%83%81%E3%83%BC" n1="%E5%A4%96%E5%B7%9D%E7%AB%9C%E6%88%90" n2="%4C%4F%4C%49%54%41" n3="%E8%81%B7%E6%A5%AD%E3%80%81%E9%A2%A8%32" dan="16,16,16,16" rate="2151.46,2230.34,2216.96,2138.42" sx="M,M,F,M"/><TAIKYOKU oya="0"/><INIT seed="0,0,0,4,3,90" ten="250,250,250,250" oya="0" hai0="58,71,31,47,112,122,53,8,0,104,121,79,103" hai1="49,60,9,10,46,109,2,131,13,33,20,56,78" hai2="7,34,1,100,28,83,105,97,123,106,22,110,82" hai3="84,92,76,29,64,41,116,80,68,91,134,43,51"/><T39/><D112/><U40/><E33/><V67/><F123/><W11/><G134/><T94/><D71/><U120/><E120/><V93/><F34/><W63/><G116/><T114/><D114/><U86/><E2/><V126/><F110/><W15/><G29/><T107/><D31/><U75/><E75/><V65/><F126/><W87/><REACH who="3" step="1"/><G51/><REACH who="3" ten="250,250,250,240" step="2"/><T108/><D121/><U50/><E50/><V129/><F28/><W124/><G124/><T4/><D122/><U70/><E109/><V18/><F129/><W54/><G54/><T72/><D108/><U14/><E131/><V69/><F65/><W37/><G37/><T30/><D30/><U5/><E49/><V95/><F67/><W130/><G130/><T44/><D53/><U85/><E40/><V19/><F105/><W62/><G62/><T89/><D104/><U118/><E60/><V66/><F66/><W38/><G38/><T36/><D39/><U45/><E118/><V119/><F119/><W113/><G113/><T102/><D107/><U98/><E46/><V88/><F106/><W32/><G32/><T24/><D44/><U42/><E45/><V16/><F22/><W132/><G132/><T125/><D125/><U77/><E20/><V127/><F127/><W73/><G73/><T61/><D47/><U96/><E42/><V74/><F74/><W133/><G133/><T12/><D36/><U117/><E117/><V111/><F111/><W59/><G59/><T48/><D58/><U99/><E56/><V52/><F52/><W6/><AGARI ba="0,1" hai="6,11,15,41,43,63,64,68,76,80,84,87,91,92" machi="6" ten="20,5200,0" yaku="1,1,0,1,7,1,52,1,53,0" doraHai="90" doraHaiUra="115" who="3" fromWho="3" sc="250,-26,250,-13,250,-13,240,62" /><INIT seed="1,0,0,5,3,89" ten="224,237,237,302" oya="1" hai0="86,58,117,22,126,37,42,2,47,24,39,36,45" hai1="78,109,53,75,51,1,133,101,84,80,60,26,12" hai2="4,10,131,95,79,21,57,72,52,108,116,92,128" hai3="123,40,30,112,31,9,25,28,93,76,66,107,5"/><U70/><E1/><V20/><F116/><W91/><G107/><T106/><D117/><U61/><E133/><V64/><F64/><W73/><G112/><T113/><D113/><U74/><E109/><V41/><F108/><W59/><G123/><T67/><D126/><U97/><E12/><N who="2" m="5191" /><F41/><W15/><G40/><T81/><D106/><U129/><E129/><N who="2" m="49739" /><F79/><W6/><G6/><T49/><D2/><U35/><E60/><N who="2" m="35879" /><F72/><W135/><G135/><T83/><D58/><U134/><E134/><V111/><F111/><W46/><G46/><T69/><D47/><U102/><E70/><V0/><F0/><W23/><G76/><T11/><D67/><U27/><E74/><V8/><F8/><W124/><G73/><T103/><D11/><U98/><E75/><V110/><F110/><W29/><G124/><T33/><D69/><U14/><E78/><V85/><F85/><N who="3" m="52463" /><G66/><T122/><D122/><U90/><E84/><V118/><F118/><W38/><G38/><T50/><D86/><U32/><E98/><V48/><F48/><W56/><AGARI ba="0,0" hai="5,9,15,23,25,28,29,30,31,56,59" m="52463" machi="56" ten="30,2000,0" yaku="8,1,52,1" doraHai="89" who="3" fromWho="3" sc="224,-5,237,-10,237,-5,302,20" /><INIT seed="2,0,0,5,0,76" ten="219,227,232,322" oya="2" hai0="128,127,65,47,117,32,24,45,73,4,74,27,21" hai1="111,100,120,84,44,16,60,79,26,36,118,7,96" hai2="12,101,57,133,1,82,72,108,94,40,92,49,5" hai3="70,103,129,14,61,110,13,71,42,109,43,105,19"/><V88/><F1/><W97/><G129/><T102/><D128/><U30/><E118/><V34/><F34/><W22/><G14/><T114/><D114/><U123/><E7/><V39/><F39/><W90/><G90/><T67/><D117/><U52/><E111/><N who="3" m="42506" /><G61/><T68/><D127/><U23/><E36/><V2/><F2/><W38/><G38/><T29/><D4/><U78/><E30/><V51/><F133/><W59/><G59/><T17/><D102/><U98/><E98/><V48/><F72/><W53/><G53/><T125/><D125/><U63/><E84/><N who="2" m="50199" /><F108/><W95/><G105/><T35/><D68/><AGARI ba="0,0" hai="13,19,22,42,43,68,70,71,95,97,103" m="42506" machi="68" ten="30,1000,0" yaku="14,1" doraHai="76" who="3" fromWho="0" sc="219,-10,227,0,232,0,322,10" /><INIT seed="3,0,0,5,1,114" ten="209,227,232,332" oya="3" hai0="130,87,120,58,29,11,47,26,104,53,65,42,67" hai1="8,63,112,43,85,77,134,80,46,111,4,27,81" hai2="49,96,90,2,31,66,57,19,108,74,9,41,50" hai3="48,17,22,121,54,56,131,61,71,59,55,119,78"/><W82/><G121/><T100/><D120/><U84/><E112/><V30/><F74/><W0/><G119/><T72/><D130/><U21/><E111/><V83/><F108/><W125/><G125/><T24/><D72/><U44/><E134/><V69/><F69/><W52/><G0/><T91/><D11/><U23/><E63/><N who="2" m="38255" /><F2/><W45/><G131/><T62/><D100/><U60/><E60/><V88/><F50/><W118/><G118/><T20/><D26/><U37/><E46/><V110/><F90/><W117/><G117/><T92/><REACH who="0" step="1"/><D104/><REACH who="0" ten="199,227,232,332" step="2"/><U103/><E103/><V6/><F9/><W16/><G71/><T64/><D64/><U128/><E27/><V95/><F110/><W3/><G3/><T133/><D133/><U12/><E128/><V33/><F6/><W70/><G70/><T35/><D35/><U106/><E106/><V86/><F33/><W132/><G132/><T129/><D129/><U116/><E116/><V38/><F19/><W124/><G16/><T10/><D10/><U7/><E4/><V135/><F135/><W98/><G17/><T89/><D89/><AGARI ba="0,1" hai="7,8,12,21,23,37,43,44,77,80,81,84,85,89" machi="89" ten="30,1000,0" yaku="7,1" doraHai="114" who="1" fromWho="0" sc="199,-10,227,20,232,0,332,0" owari="189,-31.1,247,4.7,232,-16.8,332,43.2" /></mjloggm>