<mjloggm ver="2.3"><GO type="225" lobby="0"/><UN n0="%E3%81%B2%E3%81%AA%E3%81%AE%E3%82%8A%E3%81%8F" n1="%E7%BD%AA%E5%88%91%E6%B3%95%E5%AE%9A%E4%B8%BB%E7%BE%A9" n2="%E6%97%A5%E6%9B%9C%E6%97%A5%E3%82%88%E3%82%8A%E3%81%AE%E4%BD%BF%E8%80%85" n3="%E5%86%B7%E5%87%8D%E3%82%AE%E3%83%A7%E3%83%BC%E3%82%B6" dan="17,16,17,16" rate="2144.95,2168.74,2116.63,2137.26" sx="M,M,M,M"/><TAIKYOKU oya="0"/><INIT seed="0,0,0,2,4,84" ten="250,250,250,250" oya="0" hai0="25,10,43,77,32,24,126,59,67,21,9,36,22" hai1="16,79,94,107,58,18,124,7,0,55,133,75,62" hai2="130,125,46,81,61,85,131,15,120,109,20,105,54" hai3="104,83,51,6,37,78,13,91,121,56,3,80,1"/><T64/><D126/><U119/><E107/><V33/><F33/><W99/><G121/><T97/><D77/><U135/><E119/><V41/><F105/><W73/><G37/><T134/><D134/><N who="1" m="51211" /><E124/><V26/><F15/><W38/><G38/><T17/><D36/><U5/><E94/><V70/><F120/><W106/><G106/><T35/><D43/><U117/><E117/><V132/><F125/><W40/><G104/><T42/><D42/><U76/><E76/><V4/><F4/><N who="1" m="1609" /><E0/><V98/><F132/><W19/><G6/><T48/><D97/><U31/><E31/><V108/><F98/><W39/><G39/><T60/><D48/><U68/><E68/><V74/><F70/><W89/><G99/><T118/><D118/><U103/><E103/><V44/><F74/><W115/><G115/><T95/><D95/><U53/><E55/><V110/><F54/><W128/><G128/><N who="2" m="49193" /><F61/><W112/><G112/><T92/><D92/><U88/><E75/><V45/><F41/><W122/><G122/><T100/><D100/><U12/><E79/><N who="2" m="46271" /><F44/><W27/><G40/><T65/><D32/><U102/><E102/><V123/><F123/><W71/><G71/><T90/><D35/><U86/><E12/><V101/><F101/><W50/><G13/><T87/><D67/><U129/><E129/><V23/><F23/><N who="3" m="13823" /><G1/><T30/><D65/><U52/><E53/><V72/><F72/><W28/><G3/><T14/><D14/><U114/><E114/><V96/><F96/><W116/><G116/><T34/><D34/><U82/><AGARI ba="0,0" hai="16,18,52,58,62,82,86,88" m="1609,51211" machi="82" ten="30,8000,1" yaku="20,1,52,1,54,3" doraHai="84" who="1" fromWho="1" sc="250,-40,250,80,250,-20,250,-20" /><INIT seed="1,0,0,0,3,31" ten="210,330,230,230" oya="1" hai0="35,75,80,5,43,108,84,82,110,59,83,36,87" hai1="119,40,90,100,94,102,104,62,97,22,17,13,52" hai2="95,132,16,123,92,130,1,69,124,53,56,42,93" hai3="55,121,49,58,106,118,4,116,47,9,30,29,3"/><U45/><E119/><N who="3" m="45610" /><G121/><T50/><D36/><U19/><E19/><V0/><F123/><W18/><G106/><T66/><D5/><U68/><E104/><V77/><F69/><W129/><G129/><T109/><D75/><U24/><E68/><V39/><F130/><W6/><G6/><T131/><D131/><U37/><E13/><V14/><F77/><W117/><N who="3" m="45618" /><W89/><DORA hai="10" /><G89/><T86/><D35/><U20/><E20/><V88/><F124/><W76/><G76/><T2/><D2/><U126/><E126/><V32/><F32/><W21/><G47/><N who="0" m="25983" /><D59/><AGARI ba="0,0" hai="17,22,24,37,40,45,52,59,62,90,94,97,100,102" machi="59" ten="40,7700,0" yaku="25,2,54,1" doraHai="31,10" who="1" fromWho="0" sc="210,-77,330,77,230,0,230,0" /><INIT seed="1,1,0,5,5,29" ten="133,407,230,230" oya="1" hai0="5,90,132,125,111,88,74,57,122,41,16,18,47" hai1="23,93,91,80,79,92,63,19,43,11,113,34,15" hai2="86,67,120,14,0,115,73,103,59,77,76,94,25" hai3="82,30,6,131,114,110,101,24,56,133,50,35,64"/><U119/><E113/><V121/><F0/><W13/><G114/><T33/><D111/><U20/><E34/><V52/><F73/><W8/><G110/><T102/><D74/><U9/><E119/><V51/><F115/><W87/><G131/><T69/><D69/><U42/><E23/><V124/><F124/><W68/><G133/><T109/><D109/><U96/><E93/><V106/><F106/><W3/><G101/><T127/><D132/><U84/><E63/><V37/><F37/><W118/><G118/><T40/><D102/><U21/><E21/><V107/><F107/><W104/><G104/><T28/><D5/><U105/><E105/><V78/><F14/><W71/><G3/><T126/><D122/><U31/><E31/><V27/><F67/><W7/><G7/><T2/><D2/><U129/><REACH who="1" step="1"/><E129/><REACH who="1" ten="133,397,230,230" step="2"/><V117/><F117/><W75/><G35/><T123/><D33/><U65/><E65/><V62/><F62/><W48/><G30/><T99/><D28/><U108/><E108/><V72/><F121/><W128/><G64/><T55/><D123/><U58/><E58/><V17/><F120/><W22/><G56/><T10/><D57/><U53/><E53/><V98/><F59/><W44/><G128/><T70/><D55/><U135/><E135/><V49/><F52/><W134/><G134/><T26/><D125/><U1/><E1/><V66/><F66/><W45/><G68/><T12/><D70/><U54/><E54/><V39/><F94/><W81/><G71/><T100/><D126/><U89/><E89/><V97/><F103/><RYUUKYOKU ba="1,1" sc="133,-10,397,30,230,-10,230,-10" hai1="9,11,15,19,20,42,43,79,80,84,91,92,96" /><INIT seed="1,2,1,4,1,74" ten="123,427,220,220" oya="1" hai0="105,40,124,73,102,36,44,21,78,34,54,30,29" hai1="13,118,16,9,113,26,95,19,63,115,60,4,39" hai2="64,47,41,90,103,77,130,23,2,89,112,106,104" hai3="49,79,129,51,84,27,53,75,91,56,71,76,117"/><U7/><E39/><V134/><F2/><W126/><G71/><T28/><D124/><U5/><E118/><V86/><F130/><W43/><G126/><T55/><D34/><U92/><E115/><V50/><F134/><W85/><G129/><T97/><REACH who="0" step="1"/><D21/><REACH who="0" ten="113,427,220,220" step="2"/><N who="1" m="13607" /><E113/><V99/><F112/><W68/><G117/><T82/><AGARI ba="2,2" hai="28,29,30,36,40,44,54,55,73,78,82,97,102,105" machi="82" ten="30,7900,0" yaku="1,1,0,1,52,1,53,1" doraHai="74" doraHaiUra="96" who="0" fromWho="0" sc="113,105,427,-41,220,-22,220,-22" /><INIT seed="2,0,0,3,3,125" ten="218,386,198,198" oya="2" hai0="54,117,20,72,26,111,91,84,99,31,66,86,46" hai1="79,34,28,89,2,53,3,76,134,73,110,36,60" hai2="16,132,85,62,47,78,37,131,19,55,90,83,43" hai3="92,67,109,41,93,81,87,122,7,4,21,38,113"/><V97/><F132/><W65/><G113/><T44/><D111/><U32/><E36/><V10/><F131/><W68/><G122/><T24/><D72/><U52/><E110/><V124/><F124/><W22/><G109/><T104/><D66/><U71/><E134/><V128/><F128/><W33/><G33/><T98/><D86/><U105/><E105/><V116/><F116/><W100/><G38/><T50/><D104/><U127/><E127/><V95/><REACH who="2" step="1"/><F10/><REACH who="2" ten="218,386,188,198" step="2"/><W11/><G11/><T103/><D117/><U96/><E2/><V23/><F23/><W129/><G129/><T59/><D103/><U29/><E3/><V35/><F35/><W108/><G21/><T121/><D121/><U77/><E34/><V101/><F101/><W13/><G22/><T51/><D26/><U123/><E32/><V64/><F64/><W49/><G100/><T6/><D6/><U114/><E123/><V5/><F5/><W82/><G4/><T133/><D133/><U69/><E114/><V1/><F1/><W118/><G118/><T80/><REACH who="0" step="1"/><D59/><AGARI ba="0,1" hai="16,19,37,43,47,55,59,62,78,83,85,90,95,97" machi="59" ten="40,3900,0" yaku="1,1,54,1,53,0" doraHai="125" doraHaiUra="27" who="2" fromWho="0" sc="218,-39,386,0,188,49,198,0" /><INIT seed="2,1,0,1,3,55" ten="179,386,237,198" oya="2" hai0="14,135,28,132,74,77,107,39,89,110,129,99,125" hai1="19,70,64,81,121,38,54,42,80,105,113,82,23" hai2="108,133,88,130,26,62,120,124,100,5,6,112,101" hai3="131,48,27,36,106,18,96,4,118,22,2,86,87"/><V1/><F112/><W134/><G118/><T15/><D39/><U75/><E113/><V67/><F120/><W58/><G36/><T102/><D28/><U65/><E105/><V25/><F1/><W90/><G131/><T94/><D15/><U91/><E121/><V47/><F130/><W109/><G109/><T79/><D129/><U11/><E75/><V111/><F47/><W52/><G134/><N who="0" m="51243" /><D14/><U40/><E11/><V31/><F133/><W103/><REACH who="3" step="1"/><G90/><REACH who="3" ten="179,386,237,188" step="2"/><T95/><D110/><U53/><E91/><V46/><F88/><W9/><AGARI ba="1,1" hai="2,4,9,18,22,27,48,52,58,86,87,96,103,106" machi="9" ten="30,8000,1" yaku="1,1,2,1,0,1,52,1,54,1,53,0" doraHai="55" doraHaiUra="56" who="3" fromWho="3" sc="179,-21,386,-21,237,-41,188,93" /><INIT seed="3,0,0,2,1,26" ten="158,365,196,281" oya="3" hai0="73,131,5,124,4,85,43,58,30,14,135,31,102" hai1="80,24,37,111,109,13,84,9,108,119,113,107,20" hai2="122,114,126,29,125,90,50,61,94,1,62,38,54" hai3="74,79,86,67,27,8,78,63,70,33,53,132,105"/><W48/><G132/><T101/><D135/><U66/><E113/><V97/><F114/><W96/><G74/><T59/><D73/><U69/><E37/><V34/><F1/><W87/><G8/><N who="0" m="4359" /><D131/><U35/><E35/><V15/><F38/><W52/><G87/><T7/><D43/><U11/><E107/><V57/><F122/><W81/><G78/><T17/><D17/><N who="1" m="12303" /><E119/><V36/><F36/><W71/><G71/><T112/><D124/><N who="2" m="47722" /><F15/><W40/><G40/><T116/><D116/><U75/><E75/><V133/><F133/><W6/><G6/><N who="0" m="2059" /><D85/><U32/><E32/><V117/><F117/><W115/><G115/><T110/><D110/><U130/><E130/><V92/><F92/><W44/><G53/><T89/><D89/><N who="1" m="51335" /><E13/><V0/><F0/><W25/><REACH who="3" step="1"/><G33/><REACH who="3" ten="158,365,196,271" step="2"/><T127/><D127/><U46/><E46/><V10/><F10/><N who="1" m="3593" /><E66/><V93/><F34/><W82/><G82/><T51/><D112/><U41/><E41/><V118/><F118/><W3/><G3/><T104/><D104/><U65/><E65/><V77/><F77/><W88/><G88/><T47/><D102/><AGARI ba="0,1" hai="25,27,44,48,52,63,67,70,79,81,86,96,102,105" machi="102" ten="40,3900,0" yaku="1,1,54,1,53,0" doraHai="26" doraHaiUra="129" who="3" fromWho="0" sc="158,-39,365,0,196,0,271,49" /><INIT seed="3,1,0,2,0,56" ten="119,365,196,320" oya="3" hai0="67,21,18,89,132,108,109,88,121,52,130,79,17" hai1="64,58,12,92,33,3,8,103,94,26,16,35,19" hai2="14,54,57,74,48,68,100,43,80,55,97,86,30" hai3="10,69,90,9,1,15,98,110,87,93,28,84,13"/><W11/><G69/><T66/><D121/><U53/><E64/><V73/><F68/><W5/><G110/><T107/><D79/><U128/><E128/><V70/><F70/><W102/><G28/><T25/><D130/><U116/><E116/><V82/><F30/><W126/><G126/><T77/><D77/><U62/><E3/><V129/><F129/><W47/><G47/><T133/><D107/><U95/><E103/><V113/><F113/><W32/><G32/><T38/><D38/><U29/><REACH who="1" step="1"/><E35/><REACH who="1" ten="119,355,196,320" step="2"/><V37/><F100/><W117/><G117/><T115/><D115/><U81/><E81/><V120/><F82/><W0/><G84/><T114/><D114/><U135/><E135/><V122/><F80/><W125/><G125/><T83/><D83/><U20/><E20/><V119/><F86/><W111/><G111/><T101/><D101/><U22/><E22/><V75/><F119/><W59/><G10/><T99/><D21/><U27/><E27/><V7/><F122/><W131/><G131/><T50/><D25/><U106/><E106/><V91/><F120/><W40/><G40/><T85/><D85/><U31/><E31/><V34/><F34/><W2/><G87/><T44/><D99/><U105/><E105/><V65/><F75/><W104/><G104/><T71/><D71/><U134/><E134/><V127/><F74/><W63/><G102/><T6/><D6/><AGARI ba="1,1" hai="6,8,12,16,19,26,29,33,53,58,62,92,94,95" machi="6" ten="40,8000,1" yaku="1,1,52,1,54,1,53,1" doraHai="56" doraHaiUra="24" who="1" fromWho="0" sc="119,-83,355,93,196,0,320,0" owari="36,-46.4,448,54.8,196,-20.4,320,12.0" /></mjloggm>