<mjloggm ver="2.3"><GO type="225" lobby="0"/><UN n0="%E3%81%BF%E3%81%BF%E3%81%9A" n1="%6D%75%75%6D%75%72%61" n2="%E9%B3%B3%E6%9D%B1%E3%81%AE%E3%81%86%E3%81%95%E3%81%8E%E3%81%95%E3%82%93" n3="%E3%81%9F%E3%81%93%E2%98%86%E7%84%BC%E3%81%8D" dan="17,16,16,16" rate="2198.79,2131.71,2138.83,2101.00" sx="M,F,M,M"/><TAIKYOKU oya="0"/><INIT seed="0,0,0,5,4,115" ten="250,250,250,250" oya="0" hai0="79,120,119,114,83,77,55,122,125,56,30,39,97" hai1="108,65,124,43,81,76,121,24,20,93,106,104,60" hai2="90,17,72,134,4,16,80,45,92,107,110,0,75" hai3="78,63,127,59,18,5,38,98,25,6,91,50,51"/><T22/><D39/><U102/><E121/><V116/><F110/><W103/><G38/><T58/><D114/><U99/><E108/><V89/><F107/><W1/><G127/><T123/><D125/><U14/><E124/><V69/><F69/><W129/><G129/><T23/><D97/><U36/><E14/><V82/><F134/><W33/><G78/><T66/><D66/><U49/><E49/><V11/><F45/><W28/><G91/><T94/><D94/><U74/><E43/><V70/><F70/><W35/><G35/><T31/><D120/><U101/><E101/><V61/><F61/><W9/><G18/><T109/><D109/><U85/><E74/><V52/><F52/><W29/><G29/><T27/><D55/><U132/><E132/><V2/><F11/><W40/><G5/><T130/><D27/><U67/><E67/><V48/><F48/><W42/><G51/><T62/><D83/><U96/><E96/><V3/><F3/><W12/><G1/><T86/><D86/><U111/><E36/><V128/><F92/><W19/><G50/><T44/><D62/><U34/><E34/><V126/><F126/><W8/><G59/><T84/><D84/><U88/><E76/><V131/><F4/><W117/><G63/><T13/><D44/><U53/><E53/><V26/><F26/><W112/><G112/><T100/><D13/><U73/><E73/><V133/><F133/><W7/><G7/><T47/><D47/><U64/><E111/><V95/><F95/><W10/><G6/><T41/><D56/><N who="1" m="36871" /><E65/><V113/><F113/><RYUUKYOKU ba="0,0" sc="250,-15,250,15,250,15,250,-15" hai1="20,24,81,85,88,93,99,102,104,106" hai2="0,2,16,17,72,75,80,82,89,90,116,128,131" /><INIT seed="1,1,0,5,3,46" ten="235,265,265,235" oya="1" hai0="126,13,64,124,52,28,57,127,133,62,122,109,37" hai1="94,93,113,31,95,131,110,101,76,97,7,6,19" hai2="16,77,18,9,4,83,1,71,53,21,103,69,68" hai3="8,41,35,25,48,58,91,81,134,65,15,33,29"/><U11/><E113/><V100/><F53/><W14/><G134/><T70/><D133/><U74/><E131/><V67/><F67/><W5/><G33/><T116/><D28/><U51/><E110/><V60/><F60/><W23/><G35/><T75/><D75/><U128/><E128/><V55/><F55/><W87/><G65/><T99/><D109/><U40/><E31/><V61/><F61/><W66/><G66/><T42/><D116/><U108/><E108/><V59/><F59/><W85/><G14/><T34/><D34/><U107/><E76/><V105/><F105/><W112/><G112/><T132/><D132/><U102/><E74/><V12/><REACH who="2" step="1"/><F18/><REACH who="2" ten="235,265,255,235" step="2"/><W44/><G58/><T120/><D64/><U119/><E107/><V129/><F129/><W49/><REACH who="3" step="1"/><G85/><AGARI ba="1,1" hai="1,4,9,12,16,21,68,69,71,77,83,85,100,103" machi="85" ten="40,5200,0" yaku="1,1,54,1,53,1" doraHai="46" doraHaiUra="17" who="2" fromWho="3" sc="235,0,265,0,255,65,235,-55" /><INIT seed="2,0,0,1,5,41" ten="235,265,320,180" oya="2" hai0="126,63,58,12,90,25,28,20,15,73,108,98,93" hai1="17,13,83,81,2,32,46,61,39,109,14,43,135" hai2="103,113,123,119,56,134,114,71,124,70,87,76,26" hai3="80,84,112,102,99,10,30,29,92,37,49,94,60"/><V9/><F119/><W1/><G37/><T91/><D108/><U88/><E109/><V75/><F123/><W79/><G112/><T57/><D126/><U97/><E2/><V0/><F124/><W5/><G60/><T104/><D73/><U62/><E32/><V33/><F87/><W106/><G94/><T36/><D36/><U24/><E24/><V95/><F56/><W122/><G122/><T105/><D58/><U67/><E135/><V133/><F95/><W11/><G11/><T66/><D105/><U101/><E13/><N who="0" m="5193" /><D104/><U115/><E115/><N who="2" m="44043" /><F103/><AGARI ba="0,0" hai="20,25,28,57,63,66,90,91,93,98,103" m="5193" machi="103" ten="30,2000,0" yaku="25,1,8,1" doraHai="41" who="0" fromWho="2" sc="235,20,265,0,320,-20,180,0" /><INIT seed="3,0,0,1,0,89" ten="255,265,300,180" oya="3" hai0="130,74,134,101,81,70,129,18,14,116,92,82,133" hai1="36,16,13,30,31,76,32,34,19,124,35,17,125" hai2="51,23,29,80,131,65,26,127,96,42,46,77,126" hai3="111,123,102,93,2,59,112,84,60,9,109,24,64"/><W11/><G112/><T78/><D70/><U120/><E76/><V107/><F131/><N who="0" m="50186" /><D116/><U27/><E36/><V118/><F118/><W56/><G2/><T100/><D81/><U68/><E68/><V1/><F1/><W44/><G123/><T75/><D14/><U22/><E120/><V57/><F107/><W132/><G132/><N who="0" m="50795" /><D18/><N who="1" m="6667" /><E13/><V55/><F96/><N who="3" m="59663" /><G24/><T5/><D5/><U41/><E41/><V45/><F65/><W53/><G84/><N who="0" m="48215" /><D92/><U43/><E43/><V58/><F58/><W54/><G44/><T117/><D117/><U88/><E88/><V63/><REACH who="2" step="1"/><F46/><REACH who="2" ten="255,265,290,180" step="2"/><W104/><G104/><T97/><D97/><U6/><E6/><V91/><F91/><W106/><G106/><T50/><D50/><U79/><E79/><V69/><F69/><W98/><G98/><T33/><D33/><U95/><E95/><V10/><F10/><N who="3" m="3595" /><G59/><T135/><D135/><U87/><E87/><AGARI ba="0,1" hai="23,26,29,42,45,51,55,57,63,77,80,87,126,127" machi="87" ten="40,1300,0" yaku="1,1,53,0" doraHai="89" doraHaiUra="115" who="2" fromWho="1" sc="255,0,265,-13,290,23,180,0" owari="255,5.5,252,-14.8,313,41.3,180,-32.0" /></mjloggm>