<mjloggm ver="2.3"><GO type="225" lobby="0"/><UN n0="%E2%80%A0%E7%99%BD%E5%85%8E%E2%80%A0" n1="%E3%81%B8%E3%82%80%E3%81%B8%E3%82%80%EF%BC%92%E5%8F%B7" n2="%E3%81%BF%E3%81%BF%E3%81%9A" n3="%6A%70%74%77%61%32" dan="18,17,17,16" rate="2130.94,2143.87,2170.35,2038.60" sx="M,M,M,M"/><TAIKYOKU oya="0"/><INIT seed="0,0,0,1,0,88" ten="250,250,250,250" oya="0" hai0="123,54,10,95,113,26,7,51,2,114,52,42,39" hai1="44,61,16,29,6,128,53,129,35,93,110,28,80" hai2="5,82,84,59,4,74,41,119,56,47,85,25,49" hai3="11,69,96,66,30,99,116,15,97,22,62,37,117"/><T122/><D39/><U40/><E110/><V71/><F71/><W3/><G37/><T87/><D42/><U55/><E6/><N who="2" m="2667" /><F74/><W132/><G3/><T100/><D26/><U101/><E80/><V108/><F108/><W27/><REACH who="3" step="1"/><G132/><REACH who="3" ten="250,250,250,240" step="2"/><T50/><D114/><U102/><E128/><V73/><F119/><W92/><G92/><T124/><D113/><U32/><E93/><V48/><F73/><W133/><G133/><T23/><D123/><U83/><E129/><V106/><F106/><W38/><G38/><T70/><D122/><U43/><E83/><V0/><F0/><W9/><G9/><T36/><D36/><U105/><E105/><V86/><F82/><W76/><G76/><T57/><D124/><U8/><E8/><V131/><F131/><W77/><G77/><T118/><D118/><U121/><E121/><V94/><F94/><W18/><AGARI ba="0,1" hai="11,15,18,22,27,30,62,66,69,96,97,99,116,117" machi="18" ten="30,2000,0" yaku="1,1,0,1,53,0" doraHai="88" doraHaiUra="107" who="3" fromWho="3" sc="250,-10,250,-5,250,-5,240,30" /><INIT seed="1,0,0,0,2,108" ten="240,245,245,270" oya="1" hai0="99,19,82,112,30,128,100,64,107,16,15,18,58" hai1="63,116,13,97,134,73,25,44,41,22,1,122,81" hai2="84,47,9,109,56,130,83,77,121,31,53,27,93" hai3="3,86,62,4,115,10,24,7,38,35,119,125,68"/><U85/><E116/><V123/><F109/><W12/><G86/><T17/><D128/><U60/><E122/><V106/><F106/><W36/><G119/><T80/><D30/><U94/><E1/><V95/><F130/><W67/><G125/><T48/><D112/><U54/><E73/><V0/><F47/><W11/><REACH who="3" step="1"/><G115/><REACH who="3" ten="240,245,245,260" step="2"/><T55/><REACH who="0" step="1"/><D64/><REACH who="0" ten="230,245,245,260" step="2"/><U101/><E134/><V117/><F117/><W131/><G131/><T39/><D39/><U98/><E85/><V72/><F123/><W23/><G23/><AGARI ba="0,2" hai="15,16,17,18,19,23,48,55,58,80,82,99,100,107" machi="23" ten="40,2600,0" yaku="1,1,54,1,53,0" doraHai="108" doraHaiUra="126" who="0" fromWho="3" sc="230,46,245,0,245,0,260,-26" /><INIT seed="2,0,0,4,4,24" ten="276,245,245,234" oya="2" hai0="124,91,2,103,62,25,46,84,64,81,93,27,125" hai1="42,109,102,134,110,69,28,5,7,120,61,127,21" hai2="131,87,88,118,41,50,23,17,108,129,117,77,13" hai3="72,99,34,12,80,76,56,49,89,82,112,90,132"/><V48/><F77/><W14/><G132/><T95/><D2/><U96/><E120/><V60/><F60/><W0/><G0/><T57/><D46/><U70/><E134/><V22/><F108/><N who="1" m="41577" /><E42/><V20/><F118/><W67/><G112/><T116/><D116/><U128/><E127/><N who="0" m="48713" /><D103/><U83/><E83/><V126/><F117/><W68/><G68/><N who="1" m="26218" /><E61/><V16/><F126/><W36/><G36/><T18/><D18/><N who="2" m="7274" /><F13/><W3/><G3/><T130/><D130/><N who="2" m="49674" /><F41/><W11/><G34/><T32/><D32/><U52/><E52/><V135/><F135/><W33/><G33/><T10/><D10/><U37/><E37/><V15/><F15/><W106/><G14/><T43/><D43/><U78/><E78/><V105/><F105/><W107/><G107/><T85/><D62/><U133/><E133/><V44/><F44/><W59/><G106/><T63/><D63/><U97/><E128/><V98/><F98/><N who="1" m="37993" /><E102/><V53/><F53/><W71/><G99/><T79/><D57/><U1/><E1/><V75/><F75/><W100/><G71/><T45/><D45/><U29/><E21/><N who="2" m="5379" /><V111/><DORA hai="47" /><F111/><W8/><G72/><T92/><D64/><U121/><E121/><V35/><F35/><W65/><G67/><T114/><D114/><U26/><E26/><AGARI ba="0,0" hai="25,26,27,79,81,84,85,91,92,93,95" m="48713" machi="26" ten="30,1000,0" yaku="18,1" doraHai="24,47" who="0" fromWho="1" sc="276,10,245,-10,245,0,234,0" /><INIT seed="3,0,0,1,5,16" ten="286,235,245,234" oya="3" hai0="1,43,133,49,82,76,52,21,102,96,126,55,25" hai1="93,116,37,132,33,128,99,46,103,79,64,17,56" hai2="0,98,121,75,119,62,129,9,80,12,36,22,11" hai3="123,27,97,114,72,91,67,113,107,40,47,48,18"/><W81/><G123/><T19/><D1/><U87/><E128/><V45/><F119/><W83/><G67/><T127/><D133/><U24/><E132/><V54/><F129/><W65/><G65/><T66/><D66/><U130/><E130/><V110/><F110/><W124/><G124/><N who="0" m="47659" /><D43/><U74/><E74/><V44/><F98/><W42/><G42/><T106/><D49/><U2/><E2/><V10/><F0/><W30/><G18/><T101/><D101/><U8/><E37/><V58/><F36/><W118/><G118/><T131/><D131/><U60/><E116/><V71/><F71/><W13/><G13/><T6/><D6/><U77/><E46/><V95/><F121/><W85/><G107/><T69/><D69/><U4/><E4/><V39/><F39/><W134/><G97/><T122/><D122/><U94/><E33/><V117/><F117/><W53/><G40/><T104/><D104/><U125/><E125/><V63/><F62/><W5/><G5/><T51/><D51/><U135/><E135/><V7/><F45/><W109/><G134/><T34/><D34/><U78/><E24/><V31/><F44/><W111/><G114/><T50/><D50/><U84/><E94/><V15/><F7/><W61/><G61/><T88/><D88/><U100/><E100/><V3/><F3/><W68/><G68/><T14/><D14/><AGARI ba="0,0" hai="8,14,17,56,60,64,77,78,79,84,87,93,99,103" machi="14" ten="40,1300,0" yaku="8,1" doraHai="16" who="1" fromWho="0" sc="286,-13,235,13,245,0,234,0" /><INIT seed="4,0,0,3,1,92" ten="273,248,245,234" oya="0" hai0="5,105,132,107,48,123,118,126,8,87,98,41,117" hai1="27,59,10,96,52,30,97,31,66,115,134,51,85" hai2="36,133,1,11,112,63,83,54,94,113,58,34,9" hai3="135,82,20,24,32,33,56,104,2,29,64,127,40"/><T60/><D123/><U122/><E122/><V103/><F34/><W80/><G135/><T43/><D126/><U62/><E134/><V99/><F133/><W108/><G127/><T125/><D125/><U79/><E10/><N who="2" m="3595" /><F36/><W35/><G2/><T57/><D132/><U71/><E115/><N who="2" m="44107" /><F83/><W50/><G108/><T88/><D107/><U28/><REACH who="1" step="1"/><E27/><REACH who="1" ten="273,238,245,234" step="2"/><V22/><F1/><W131/><G131/><T19/><D8/><U76/><E76/><V124/><F124/><W23/><G104/><T4/><D105/><U17/><E17/><V102/><F22/><W130/><G130/><T72/><D19/><U46/><E46/><V47/><F47/><N who="3" m="25959" /><G32/><T121/><D121/><U91/><E91/><AGARI ba="0,1" hai="54,58,63,91,94,99,102,103" m="44107,3595" machi="91" ten="30,2000,0" yaku="15,1,52,1" doraHai="92" who="2" fromWho="1" sc="273,0,238,-20,245,30,234,0" /><INIT seed="5,0,0,0,0,129" ten="273,218,275,234" oya="1" hai0="98,86,47,39,76,43,48,19,6,102,34,22,5" hai1="62,92,13,119,58,29,99,123,94,80,37,107,25" hai2="103,114,90,84,87,96,133,35,89,112,24,12,50" hai3="122,100,124,38,57,130,77,83,88,46,105,64,135"/><U28/><E119/><V14/><F50/><W65/><G122/><T108/><D34/><U52/><E37/><V97/><F24/><W75/><G130/><T44/><D108/><U51/><E123/><V41/><F41/><W53/><G124/><T9/><D9/><U49/><E13/><N who="2" m="5227" /><F35/><W85/><G100/><T2/><D2/><U126/><E126/><V10/><F10/><W73/><G105/><T67/><D67/><U18/><E80/><V63/><F63/><W82/><G135/><T128/><D128/><U8/><E107/><V79/><F79/><W125/><G73/><T101/><D76/><U56/><E8/><V1/><F1/><W31/><G31/><N who="1" m="11850" /><E58/><V69/><F133/><W127/><G125/><T118/><D118/><U121/><E121/><V111/><F69/><W110/><G110/><T91/><D39/><U42/><E42/><V15/><N who="2" m="5235" /><V120/><DORA hai="33" /><F120/><W32/><G32/><T30/><D43/><U40/><E40/><V59/><F59/><W132/><G132/><T109/><D109/><U36/><E36/><V117/><F117/><W3/><G3/><T116/><D116/><U60/><E60/><V68/><F68/><W66/><G127/><T4/><D4/><U71/><E71/><V113/><F111/><W27/><G27/><T21/><D5/><U81/><E81/><N who="2" m="49295" /><F103/><W7/><G7/><T26/><D102/><N who="1" m="60775" /><E94/><AGARI ba="0,0" hai="87,90,94,96,97,112,113,114" m="49295,5235" machi="94" ten="40,2600,0" yaku="15,1,11,1" doraHai="129,33" who="2" fromWho="1" sc="273,0,218,-26,275,26,234,0" owari="273,7.3,192,-30.8,301,40.1,234,-16.6" /></mjloggm>