<mjloggm ver="2.3"><GO type="225" lobby="0"/><UN n0="%E7%90%B4%E6%9F%B3" n1="%43%68%65" n2="%E6%80%AA%E3%81%97%E3%81%99%E3%81%8E%E3%82%8B%E3%83%81%E3%83%BC" n3="%E3%81%B2%E3%81%AA%E3%81%AE%E3%82%8A%E3%81%8F" dan="16,16,16,16" rate="2129.38,2138.90,2131.99,2144.66" sx="F,M,M,M"/><TAIKYOKU oya="0"/><INIT seed="0,0,0,2,3,29" ten="250,250,250,250" oya="0" hai0="125,38,70,36,50,115,84,27,42,16,118,45,128" hai1="122,86,54,132,72,89,4,13,43,82,116,59,91" hai2="112,110,8,28,17,98,7,20,104,53,94,81,85" hai3="90,101,39,102,67,62,35,97,34,23,127,40,32"/><T74/><D74/><U96/><E116/><V49/><F112/><W117/><G117/><T79/><D115/><U129/><E122/><V60/><F110/><W95/><G127/><T63/><D118/><U19/><E72/><V57/><F104/><W1/><G1/><T131/><D125/><U68/><E68/><V93/><F28/><W119/><G119/><T15/><D27/><U11/><E132/><V64/><F8/><W88/><G23/><T2/><D2/><U87/><E129/><N who="0" m="49737" /><D79/><U65/><E43/><V100/><F7/><W106/><G106/><T133/><D133/><U31/><E96/><V69/><F94/><W99/><G99/><T22/><D84/><U73/><E73/><V44/><F69/><W51/><G39/><T107/><D107/><U114/><E65/><AGARI ba="0,0" hai="15,16,22,36,38,42,45,50,63,65,70" m="49737" machi="65" ten="30,2900,0" yaku="19,1,54,1" doraHai="29" who="0" fromWho="1" sc="250,29,250,-29,250,0,250,0" /><INIT seed="0,1,0,2,3,84" ten="279,221,250,250" oya="0" hai0="95,132,21,133,134,98,131,100,58,11,9,35,90" hai1="71,135,81,28,37,2,18,61,89,91,14,59,88" hai2="31,27,97,77,33,70,19,26,115,23,57,107,4" hai3="80,114,55,130,76,41,10,62,92,116,38,108,22"/><T32/><D131/><U47/><E2/><V63/><F115/><W52/><G114/><T3/><D21/><U45/><E71/><V13/><F77/><W69/><G116/><T106/><D58/><U7/><E135/><V112/><F112/><W24/><G108/><T30/><D30/><U68/><E68/><V129/><F129/><W128/><G10/><N who="0" m="3595" /><D3/><U60/><E7/><V25/><F4/><W44/><G92/><T119/><D119/><U73/><E28/><V94/><F107/><W72/><G128/><T99/><AGARI ba="1,0" hai="32,35,90,95,98,99,100,106,132,133,134" m="3595" machi="99" ten="40,3900,0" yaku="20,1,52,1" doraHai="84" who="0" fromWho="0" sc="279,42,221,-14,250,-14,250,-14" /><INIT seed="0,2,0,0,0,39" ten="321,207,236,236" oya="0" hai0="114,133,86,62,90,134,108,13,33,126,54,75,24" hai1="77,21,82,135,55,76,72,112,127,131,57,50,85" hai2="44,14,129,101,83,49,41,96,104,53,8,71,92" hai3="29,23,46,16,70,58,74,118,132,91,1,64,28"/><T78/><D114/><U27/><E112/><V3/><F129/><W25/><G74/><T32/><D78/><U100/><E131/><V103/><F71/><W31/><G118/><T79/><D79/><U20/><E135/><N who="0" m="51721" /><D75/><U4/><E127/><V0/><F83/><W120/><G132/><T81/><D126/><U42/><E100/><V18/><F103/><W123/><G1/><T66/><D54/><U26/><E4/><V15/><F104/><W17/><G70/><T22/><D13/><U2/><E2/><V94/><F94/><W69/><G69/><N who="0" m="42199" /><D108/><U30/><E72/><V99/><F99/><W48/><G91/><T7/><D7/><U6/><E6/><V119/><F119/><W67/><G17/><AGARI ba="2,0" hai="17,22,24,32,33,81,86,90" m="42199,51721" machi="17" ten="30,1500,0" yaku="20,1" doraHai="39" who="0" fromWho="3" sc="321,21,207,0,236,0,236,-21" /><INIT seed="0,3,0,3,3,22" ten="342,207,236,215" oya="0" hai0="25,131,7,111,10,107,62,52,0,83,2,73,9" hai1="6,1,115,50,68,44,121,11,19,129,36,123,100" hai2="84,45,119,92,5,49,95,35,40,130,60,135,46" hai3="103,41,75,125,91,128,110,16,122,14,38,48,47"/><T65/><D107/><U58/><E68/><V74/><F74/><W132/><G110/><T82/><D131/><U34/><E129/><V26/><F130/><W70/><G128/><T39/><D39/><U118/><E118/><V105/><F105/><W76/><G132/><T28/><D73/><U56/><E34/><V72/><F72/><W97/><G70/><T43/><D43/><U86/><E100/><V33/><F135/><W69/><G69/><T112/><D112/><U94/><E115/><V55/><F5/><W80/><G125/><T133/><D133/><U20/><E36/><V120/><F120/><W104/><G122/><T93/><D93/><U85/><E85/><V124/><F124/><W113/><G113/><T59/><D65/><U116/><E116/><V98/><F119/><W64/><G91/><T87/><D87/><U127/><E127/><V27/><F35/><W117/><G117/><T67/><D67/><U13/><E58/><N who="2" m="34911" /><F45/><W101/><G64/><T37/><D37/><U53/><REACH who="1" step="1"/><E44/><REACH who="1" ten="342,197,236,215" step="2"/><V96/><F33/><W31/><G103/><T90/><D111/><U21/><E21/><V23/><F23/><W17/><G38/><T89/><D83/><U71/><E71/><V109/><F109/><W54/><G80/><T79/><D82/><U8/><E8/><V66/><F84/><W30/><G75/><T24/><D9/><U51/><E51/><V126/><F126/><W108/><G48/><T12/><D10/><U63/><E63/><V78/><F49/><W42/><G108/><T61/><D62/><U15/><E15/><V57/><F46/><RYUUKYOKU ba="3,1" sc="342,-10,197,30,236,-10,215,-10" hai1="1,6,11,13,19,20,50,53,56,86,94,121,123" /><INIT seed="1,4,1,4,3,94" ten="332,227,226,205" oya="1" hai0="134,16,52,13,22,15,17,108,45,51,107,70,99" hai1="49,60,88,117,90,109,0,26,76,5,67,92,135" hai2="43,86,95,79,62,37,63,57,74,44,28,128,71" hai3="121,129,53,40,106,127,91,3,84,89,8,123,87"/><U59/><E117/><V132/><F132/><W75/><G75/><T120/><D120/><U1/><E135/><V93/><F128/><W34/><G129/><T11/><D134/><U42/><E76/><V4/><F28/><W116/><G34/><T36/><D70/><U14/><E26/><V112/><F112/><W119/><G40/><T31/><D31/><U81/><E109/><V38/><F38/><W33/><G33/><T85/><D85/><U9/><E81/><V48/><F74/><W104/><G8/><T102/><REACH who="0" step="1"/><D36/><REACH who="0" ten="322,227,226,205" step="2"/><U10/><E10/><V7/><F71/><W100/><G121/><T125/><D125/><U46/><REACH who="1" step="1"/><E90/><REACH who="1" ten="322,217,226,205" step="2"/><V20/><F79/><W2/><G123/><T103/><D103/><U133/><E133/><V113/><F113/><W27/><G100/><T54/><D54/><U83/><E83/><V19/><F43/><W97/><G53/><T55/><D55/><U32/><E32/><V118/><F118/><W47/><G127/><T98/><D98/><AGARI ba="4,3" hai="0,1,5,9,14,42,46,49,59,60,67,88,92,98" machi="98" ten="30,11600,0" yaku="1,1,7,1,52,1,54,1,53,0" doraHai="94" doraHaiUra="72" who="1" fromWho="0" sc="322,-128,217,158,226,0,205,0" /><INIT seed="1,5,0,0,1,135" ten="194,375,226,205" oya="1" hai0="56,98,134,28,111,29,117,54,65,9,43,10,5" hai1="77,84,60,116,2,129,35,48,88,102,27,79,22" hai2="100,50,71,128,63,14,41,76,34,49,66,21,8" hai3="89,81,101,33,97,107,55,53,13,105,93,26,120"/><U30/><E116/><V103/><F34/><W7/><G120/><T90/><D117/><U132/><E132/><V51/><F128/><W119/><G119/><T133/><D43/><U58/><E129/><V96/><F41/><W75/><G107/><T17/><D65/><U95/><E2/><V104/><F100/><W52/><G7/><T32/><D98/><N who="1" m="59743" /><E48/><V1/><F76/><W72/><G13/><T91/><D17/><U37/><E35/><V83/><F83/><W20/><G81/><T67/><D67/><N who="1" m="39319" /><E37/><V125/><F21/><W78/><G78/><T70/><D70/><U45/><E45/><V123/><F123/><W15/><G15/><T24/><D32/><U23/><E22/><V64/><F64/><W118/><G33/><T61/><D61/><U106/><E106/><V94/><F1/><W59/><G118/><T42/><D42/><U40/><E40/><V38/><F38/><W39/><G39/><T62/><D62/><U25/><E27/><V80/><F104/><W109/><G59/><T6/><D24/><U130/><E130/><V99/><F99/><W44/><G44/><T126/><D56/><U73/><E73/><V131/><F131/><W87/><REACH who="3" step="1"/><G109/><REACH who="3" ten="194,375,226,195" step="2"/><T113/><D111/><U31/><E31/><AGARI ba="5,1" hai="20,26,31,52,53,55,72,75,87,89,93,97,101,105" machi="31" ten="40,5200,0" yaku="1,1,2,1,54,1,53,0" doraHai="135" doraHaiUra="110" who="3" fromWho="1" sc="194,0,375,-67,226,0,195,77" /><INIT seed="2,0,0,4,2,56" ten="194,308,226,272" oya="2" hai0="14,58,106,33,74,134,133,47,9,117,24,36,103" hai1="129,89,93,135,1,114,82,113,16,55,31,109,68" hai2="12,19,27,120,45,10,35,21,61,60,22,127,41" hai3="71,48,75,26,96,30,124,34,118,62,130,125,99"/><V95/><F120/><W100/><G118/><T4/><D74/><U64/><E1/><V119/><F119/><W111/><G75/><T63/><D117/><U6/><E6/><V94/><F127/><N who="3" m="48715" /><G111/><T65/><D36/><U3/><E3/><V23/><F35/><W91/><G130/><T97/><REACH who="0" step="1"/><D47/><REACH who="0" ten="184,308,226,272" step="2"/><U13/><E114/><V51/><F27/><W123/><G26/><T76/><D76/><U121/><E113/><V59/><REACH who="2" step="1"/><F61/><REACH who="2" ten="184,308,216,272" step="2"/><W49/><G62/><T28/><AGARI ba="0,2" hai="4,9,14,24,28,33,58,63,65,97,103,106,133,134" machi="28" ten="30,4000,0" yaku="1,1,0,1,52,1,53,0" doraHai="56" doraHaiUra="126" who="0" fromWho="0" sc="184,60,308,-10,216,-20,272,-10" /><INIT seed="3,0,0,1,3,51" ten="244,298,196,262" oya="3" hai0="86,36,110,131,127,55,58,50,45,74,66,75,120" hai1="1,101,105,37,21,7,24,88,128,99,35,92,52" hai2="40,18,34,20,102,108,69,48,43,62,65,3,14" hai3="26,117,94,97,98,81,91,115,25,71,23,106,41"/><W33/><G115/><T109/><D120/><U90/><E35/><V39/><F108/><N who="0" m="41578" /><D131/><U63/><E37/><V116/><F116/><W30/><G71/><T79/><D127/><U5/><E128/><V2/><F34/><W19/><G117/><T70/><D70/><U32/><E32/><V83/><F39/><W123/><G123/><T100/><D100/><U95/><E105/><V56/><F102/><W15/><G106/><T111/><N who="0" m="41586" /><T124/><DORA hai="4" /><D124/><U59/><E1/><V27/><F83/><W89/><G41/><N who="0" m="22695" /><D66/><U135/><E135/><V12/><F3/><W112/><G112/><T126/><D126/><U104/><E104/><V78/><F2/><W76/><G91/><N who="1" m="34858" /><E95/><V8/><F78/><W73/><REACH who="3" step="1"/><G26/><REACH who="3" ten="244,298,196,252" step="2"/><T9/><D79/><U121/><E121/><V113/><F113/><W0/><G0/><T72/><D86/><AGARI ba="0,1" hai="15,19,23,25,30,33,73,76,81,86,89,94,97,98" machi="86" ten="30,5800,0" yaku="1,1,7,1,53,1" doraHai="51,4" doraHaiUra="87,132" who="3" fromWho="0" sc="244,-58,298,0,196,0,252,68" owari="186,-31.4,298,9.8,196,-20.4,320,42.0" /></mjloggm>