<mjloggm ver="2.3"><GO type="225" lobby="0"/><UN n0="%74%2E%6F%2E%6F%2E%73" n1="%E6%A1%9C%E8%8A%B1%E9%96%83%E3%80%85" n2="%E5%B8%86%E7%AB%8B%E5%A4%8F%E8%A1%A3" n3="%E3%81%AA%E3%82%81%E3%81%93%E9%9B%80%E5%A3%AB" dan="18,16,16,16" rate="2160.81,2218.40,2177.90,2029.94" sx="M,M,M,M"/><TAIKYOKU oya="0"/><INIT seed="0,0,0,2,2,28" ten="250,250,250,250" oya="0" hai0="89,23,130,39,84,94,41,127,5,42,54,121,63" hai1="60,29,50,7,67,129,108,51,4,102,44,69,35" hai2="24,1,38,113,101,103,79,55,135,9,106,97,107" hai3="118,85,81,74,64,52,116,22,76,19,57,2,100"/><T34/><D121/><U47/><E108/><V37/><F113/><W132/><G2/><T120/><D120/><U25/><E129/><V93/><F135/><W18/><G132/><T105/><D105/><U12/><E102/><V58/><F79/><W98/><G64/><T49/><D130/><U78/><E78/><V72/><F72/><W68/><G68/><T99/><D127/><U46/><REACH who="1" step="1"/><E12/><REACH who="1" ten="250,240,250,250" step="2"/><V131/><F131/><W119/><G74/><T122/><D122/><U111/><E111/><V91/><F103/><W88/><G76/><T36/><D89/><U82/><E82/><V62/><F106/><W15/><G18/><T104/><D94/><U56/><E56/><V14/><F1/><W8/><G8/><T128/><D104/><U80/><E80/><V133/><F133/><W13/><G13/><T110/><D128/><U59/><E59/><V83/><F83/><W73/><G73/><T33/><D110/><U117/><E117/><V53/><F101/><W10/><G10/><T96/><D5/><AGARI ba="0,1" hai="4,5,7,25,29,35,44,46,47,50,51,60,67,69" machi="5" ten="40,8000,1" yaku="1,1,52,1,53,2" doraHai="28" doraHaiUra="45" who="1" fromWho="0" sc="250,-80,240,90,250,0,250,0" /><INIT seed="1,0,0,3,0,82" ten="170,330,250,250" oya="1" hai0="30,113,106,89,27,64,24,12,72,6,19,67,14" hai1="101,102,86,100,22,68,10,95,48,78,3,1,7" hai2="83,87,23,123,57,44,62,131,121,81,65,127,58" hai3="17,9,114,104,8,52,122,35,124,76,18,51,80"/><U126/><E126/><V34/><F127/><W5/><G122/><T29/><D113/><U20/><E68/><V112/><F131/><W115/><G104/><T33/><D106/><U60/><E1/><V56/><F34/><W132/><G35/><T32/><D72/><U59/><E48/><V84/><F112/><W117/><G124/><T103/><D103/><U118/><E118/><V96/><F123/><W37/><G37/><T63/><D89/><U4/><E4/><V98/><F121/><W45/><G132/><T109/><D109/><U134/><E134/><V74/><F74/><W128/><G128/><T38/><D38/><U99/><E86/><N who="2" m="32811" /><F23/><W41/><G117/><T116/><D116/><U43/><E43/><V31/><F31/><W133/><G133/><T2/><D63/><U105/><E78/><V129/><F44/><W46/><G115/><T49/><D49/><U135/><E135/><V15/><F15/><W39/><G114/><T11/><REACH who="0" step="1"/><D14/><REACH who="0" ten="160,330,250,250" step="2"/><N who="1" m="5471" /><E105/><V79/><F129/><W54/><G9/><AGARI ba="0,1" hai="2,6,9,11,12,19,24,27,29,30,32,33,64,67" machi="9" ten="30,3900,0" yaku="1,1,7,1,9,1,53,0" doraHai="82" doraHaiUra="75" who="0" fromWho="3" sc="160,49,330,0,250,0,250,-39" /><INIT seed="2,0,0,3,0,98" ten="209,330,250,211" oya="2" hai0="85,82,130,45,97,44,29,15,64,74,48,18,70" hai1="69,116,30,99,111,109,12,128,67,118,120,105,0" hai2="3,17,37,16,117,100,34,80,56,9,102,90,91" hai3="36,5,38,125,66,96,21,60,28,49,62,23,42"/><V13/><F117/><N who="1" m="45161" /><E12/><N who="2" m="7183" /><F34/><W134/><G134/><T63/><D130/><U135/><E135/><V24/><F37/><W93/><G125/><T124/><D124/><U106/><E128/><V132/><F3/><W11/><G38/><T47/><D74/><U79/><E120/><V1/><F1/><W6/><G36/><T25/><D97/><U22/><E22/><N who="2" m="13391" /><F132/><W108/><G108/><T112/><D112/><U53/><E105/><V122/><F122/><W26/><G23/><T14/><D48/><U68/><E0/><V43/><F43/><W110/><G62/><T127/><D127/><U87/><E68/><V51/><F13/><W107/><G107/><T115/><D115/><U55/><E69/><V31/><F31/><W76/><G76/><T39/><D18/><U95/><E30/><V133/><F133/><W86/><G86/><T113/><D39/><U57/><E79/><V119/><F119/><W27/><G27/><T7/><D113/><U84/><E84/><N who="2" m="50439" /><F91/><W58/><G110/><T71/><D71/><U78/><E106/><V123/><F123/><W54/><G42/><T81/><D81/><U92/><E78/><V103/><F51/><W50/><G49/><T65/><D85/><U35/><E87/><V2/><F2/><W129/><G129/><T75/><D82/><U72/><E72/><V77/><F77/><W4/><G11/><N who="0" m="4479" /><D15/><U59/><E109/><V52/><F52/><W88/><G50/><T40/><D75/><U19/><E35/><V20/><F20/><W32/><G32/><N who="0" m="20527" /><D40/><U104/><E111/><V114/><F114/><W73/><G73/><RYUUKYOKU ba="0,0" sc="209,10,330,-30,250,10,211,10" hai0="44,45,47,63,64,65,70" hai2="56,100,102,103" hai3="4,5,6,21,26,28,54,58,60,66,88,93,96" /><INIT seed="2,1,0,2,5,0" ten="219,300,260,221" oya="2" hai0="119,23,72,46,78,107,127,55,118,13,69,32,26" hai1="12,22,38,1,64,134,90,37,135,81,74,33,57" hai2="92,100,94,124,19,128,44,80,126,97,83,131,40" hai3="89,31,47,88,82,7,112,28,116,11,115,95,106"/><V73/><F19/><W54/><G116/><N who="0" m="44587" /><D107/><U68/><E1/><V77/><F44/><W101/><G106/><T114/><D114/><N who="3" m="43561" /><G82/><N who="0" m="45383" /><D69/><U87/><E33/><V132/><F40/><W2/><G101/><T60/><D127/><N who="2" m="48682" /><F83/><W85/><G89/><T110/><D110/><U35/><E81/><V111/><F111/><W79/><G79/><T16/><D46/><U5/><E38/><V45/><F45/><W14/><G2/><T25/><D32/><U102/><E35/><V129/><F94/><W27/><G27/><T39/><D39/><U117/><E37/><V86/><F73/><W66/><G66/><T130/><D25/><U91/><E64/><V17/><F17/><W6/><G6/><T61/><D26/><U20/><E5/><V75/><F75/><W34/><G34/><T29/><D29/><U36/><E74/><V10/><F10/><W96/><G85/><T63/><D55/><U41/><E87/><V120/><F120/><W76/><G76/><T15/><D15/><U52/><E12/><V43/><F43/><W3/><G3/><T70/><D70/><U18/><E68/><V108/><F108/><W30/><G47/><T48/><D48/><U65/><E36/><V24/><F24/><W49/><G49/><T125/><D125/><U113/><E113/><V21/><F21/><W109/><G109/><T9/><D23/><U104/><E22/><V84/><F84/><W58/><G54/><T53/><D53/><U62/><E20/><V133/><AGARI ba="1,0" hai="77,80,86,92,97,100,128,129,131,132,133" m="48682" machi="133" ten="40,18000,2" yaku="30,2,19,1,18,1,34,2" doraHai="0" who="2" fromWho="2" sc="219,-61,300,-61,260,183,221,-61" /><INIT seed="2,2,0,2,1,62" ten="158,239,443,160" oya="2" hai0="87,21,63,27,130,109,59,13,76,115,2,9,7" hai1="39,43,82,29,25,70,67,68,99,40,37,44,50" hai2="61,89,71,97,20,34,112,121,53,6,135,28,91" hai3="78,102,31,73,45,83,101,108,32,23,123,111,19"/><V133/><F112/><W3/><G123/><T86/><D115/><U96/><E82/><V26/><F121/><W65/><G3/><T24/><D109/><N who="3" m="42057" /><G32/><T128/><D2/><U69/><E67/><N who="2" m="41455" /><F20/><W134/><G134/><N who="2" m="51209" /><F6/><W84/><G31/><T72/><D72/><U85/><E85/><V35/><F35/><W120/><G120/><T55/><D27/><U18/><E18/><V105/><F53/><W113/><G113/><T36/><D36/><U94/><E37/><V122/><F122/><W127/><G127/><T60/><D60/><U126/><E126/><V100/><AGARI ba="2,0" hai="26,28,34,89,91,97,100,105" m="51209,41455" machi="100" ten="30,6000,0" yaku="25,1,20,1,52,1" doraHai="62" who="2" fromWho="2" sc="158,-22,239,-22,443,66,160,-22" /><INIT seed="2,3,0,4,3,81" ten="136,217,509,138" oya="2" hai0="40,74,53,106,130,79,68,35,27,66,63,88,8" hai1="131,31,59,50,99,34,62,25,5,92,100,13,110" hai2="91,47,0,9,101,57,18,126,82,48,84,134,125" hai3="133,78,70,89,39,17,86,129,4,96,26,75,16"/><V118/><F118/><W20/><G39/><T52/><D40/><U95/><E110/><V37/><F37/><W7/><G70/><T36/><D36/><U29/><E131/><V28/><F28/><W32/><G32/><T58/><D130/><U108/><E108/><V122/><F122/><W45/><G129/><T123/><D123/><U11/><E31/><V73/><F73/><W41/><G133/><T1/><D79/><U104/><REACH who="1" step="1"/><E50/><REACH who="1" ten="136,207,509,138" step="2"/><V124/><F48/><N who="3" m="26671" /><G75/><T120/><D74/><U127/><E127/><V107/><F126/><W33/><G33/><T6/><D35/><U65/><AGARI ba="3,1" hai="5,11,13,25,29,34,59,62,65,92,95,99,100,104" machi="65" ten="20,2700,0" yaku="1,1,0,1,7,1,53,0" doraHai="81" doraHaiUra="64" who="1" fromWho="1" sc="136,-10,207,46,509,-16,138,-10" /><INIT seed="3,0,0,5,5,99" ten="126,253,493,128" oya="3" hai0="46,93,101,15,18,116,85,49,36,24,107,63,62" hai1="55,104,109,126,16,41,112,110,117,119,98,60,100" hai2="59,37,32,87,128,76,81,106,27,7,23,69,105" hai3="133,42,127,115,120,64,91,56,123,44,125,102,108"/><W89/><G115/><T61/><D116/><N who="1" m="44619" /><E112/><V29/><F128/><W33/><G33/><T79/><D36/><U28/><E126/><N who="3" m="48138" /><G108/><T68/><D107/><U47/><E28/><V19/><F69/><W113/><G113/><T70/><D24/><U129/><E16/><V12/><F37/><N who="3" m="21583" /><G133/><T54/><D70/><U75/><E75/><V122/><F122/><N who="3" m="46635" /><G102/><T92/><D68/><U52/><E129/><V21/><F7/><W0/><G0/><T6/><D6/><U4/><E4/><V2/><F2/><W131/><G131/><T86/><D101/><U121/><E121/><V73/><F73/><W130/><G130/><T20/><D79/><U53/><E60/><AGARI ba="0,0" hai="56,60,64,89,91" m="46635,21583,48138" machi="60" ten="30,1500,0" yaku="18,1" doraHai="99" who="3" fromWho="1" sc="126,0,253,-15,493,0,128,15" /><INIT seed="3,1,0,3,2,31" ten="126,238,493,143" oya="3" hai0="69,34,17,7,25,15,133,3,21,18,123,79,111" hai1="99,85,104,93,50,75,124,14,113,96,95,98,51" hai2="127,6,20,89,19,73,130,92,58,65,112,43,9" hai3="4,134,60,84,64,110,10,61,49,107,16,81,78"/><W128/><G107/><T119/><D69/><U82/><E75/><V77/><F73/><W91/><G134/><T74/><D74/><U101/><E113/><V80/><F112/><W35/><G35/><T87/><D79/><N who="1" m="46303" /><E104/><V115/><F127/><W122/><G128/><T108/><D87/><U26/><E26/><V23/><F130/><W131/><G110/><N who="0" m="42027" /><D119/><U62/><E124/><V55/><F115/><W41/><G131/><T56/><D123/><U22/><E62/><V42/><F65/><W68/><G122/><T117/><D117/><U70/><E70/><V44/><F80/><W40/><G61/><T100/><D133/><U24/><E14/><N who="2" m="5431" /><F77/><W48/><G78/><T97/><D3/><U103/><E98/><N who="2" m="57615" /><F44/><W132/><G132/><T88/><D56/><U27/><E27/><N who="2" m="14751" /><F23/><W47/><G68/><T5/><D88/><U2/><E2/><V36/><F36/><W116/><G116/><T59/><D59/><U11/><E11/><V129/><F129/><W120/><G120/><T63/><D63/><AGARI ba="1,0" hai="42,43,55,58,63" m="14751,57615,5431" machi="63" ten="30,2000,0" yaku="25,1,8,1" doraHai="31" who="2" fromWho="0" sc="126,-23,238,0,493,23,143,0" owari="103,-39.7,238,3.8,516,61.6,143,-25.7" /></mjloggm>