<mjloggm ver="2.3"><GO type="225" lobby="0"/><UN n0="%E3%81%BF%E3%81%BF%E3%81%9A" n1="%72%65%6E%6B%75%6E" n2="%E9%A6%AC%E4%BA%86%E9%9A%94%E5%A3%81" n3="%E3%83%AB%E3%83%9B%E3%83%B3%E3%83%87%E3%82%A3%E3%82%A8" dan="17,17,18,17" rate="2320.83,2188.73,2219.31,2193.55" sx="M,M,M,M"/><TAIKYOKU oya="0"/><INIT seed="0,0,0,4,0,11" ten="250,250,250,250" oya="0" hai0="103,47,36,67,111,44,73,123,57,41,39,109,25" hai1="8,68,91,98,106,107,80,62,13,46,83,10,17" hai2="55,85,135,33,20,101,105,54,86,2,5,22,127" hai3="65,89,124,0,34,117,92,18,16,70,15,122,108"/><T132/><D73/><U71/><E46/><V116/><F33/><W133/><G117/><T43/><D103/><U93/><E8/><V56/><F135/><W45/><G0/><T87/><D132/><U24/><E24/><V90/><F127/><W84/><G34/><T40/><D87/><U7/><E7/><V121/><F121/><W49/><G133/><T19/><D123/><U64/><REACH who="1" step="1"/><E71/><REACH who="1" ten="250,240,250,250" step="2"/><V53/><F5/><W26/><G70/><T104/><D25/><U112/><E112/><V60/><F116/><W28/><G26/><T79/><D19/><U118/><E118/><V129/><F2/><W69/><G45/><T51/><D41/><U74/><E74/><V95/><F56/><W100/><G69/><T96/><D57/><U59/><E59/><V6/><F6/><W29/><G16/><T35/><D44/><U38/><E38/><V63/><F20/><W119/><G18/><T115/><D43/><U21/><E21/><V23/><F22/><W66/><G119/><T99/><D115/><U131/><E131/><V52/><F23/><W9/><G9/><T3/><D35/><U82/><AGARI ba="0,1" hai="10,13,17,62,64,68,80,82,83,91,93,98,106,107" machi="82" ten="30,12000,2" yaku="1,1,0,1,52,1,53,3" doraHai="11" doraHaiUra="76" who="1" fromWho="1" sc="250,-60,240,130,250,-30,250,-30" /><INIT seed="1,0,0,3,1,101" ten="190,370,220,220" oya="1" hai0="3,38,1,31,21,24,81,120,65,73,76,49,10" hai1="54,134,42,19,123,86,124,127,62,60,29,126,105" hai2="17,43,58,85,28,71,12,100,20,51,13,5,106" hai3="67,66,57,111,37,103,110,63,119,55,25,79,129"/><U27/><E123/><V64/><F71/><W89/><G79/><T44/><D120/><U99/><E134/><V102/><F28/><W84/><G37/><T40/><D65/><U39/><E19/><V61/><F106/><W108/><G129/><T109/><D109/><U96/><E86/><V92/><F43/><W14/><G119/><T47/><REACH who="0" step="1"/><D10/><REACH who="0" ten="180,370,220,220" step="2"/><U116/><E116/><V15/><F64/><W16/><G67/><T104/><D104/><U114/><E105/><V112/><F112/><W132/><G66/><T69/><D69/><U59/><E114/><V130/><F130/><W70/><G70/><T22/><D22/><U36/><E124/><V32/><F20/><W88/><G132/><T6/><D6/><U23/><E126/><V118/><F5/><W26/><G103/><T131/><D131/><U72/><E23/><V41/><F102/><W35/><G35/><T82/><D82/><U135/><E135/><V7/><F32/><W68/><G68/><T74/><D74/><U45/><E72/><V56/><F7/><W83/><G89/><T34/><D34/><U95/><E127/><V133/><F118/><W93/><G83/><T125/><D125/><U30/><E95/><V18/><F133/><W33/><G33/><T11/><D11/><AGARI ba="0,1" hai="11,14,16,25,26,55,57,63,84,88,93,108,110,111" machi="11" ten="40,5200,0" yaku="14,1,54,2" doraHai="101" who="3" fromWho="0" sc="180,-52,370,0,220,0,220,62" /><INIT seed="2,0,0,2,0,76" ten="128,370,220,282" oya="2" hai0="103,72,63,4,20,67,6,16,64,70,130,98,14" hai1="35,82,18,21,48,11,62,51,15,125,33,55,36" hai2="3,59,7,74,50,57,2,43,104,117,86,34,91" hai3="39,90,115,123,17,112,29,81,53,124,108,30,28"/><V10/><F117/><W66/><G39/><T119/><D130/><U85/><E36/><V56/><F74/><W113/><G123/><T120/><D120/><U52/><E125/><V38/><F34/><W65/><G124/><T24/><D119/><U99/><E99/><V102/><F38/><W37/><G37/><T23/><D72/><U27/><E33/><V93/><F2/><W121/><G121/><T45/><D45/><U19/><E35/><V118/><F118/><W126/><G126/><T78/><D78/><U127/><E127/><V134/><F134/><W89/><G108/><T100/><D67/><U88/><E62/><V129/><F129/><W58/><G17/><T133/><D133/><U1/><E1/><V41/><REACH who="2" step="1"/><F50/><AGARI ba="0,0" hai="11,15,18,19,21,27,48,50,51,52,55,82,85,88" machi="50" ten="40,8000,1" yaku="8,1,52,1,54,2" doraHai="76" who="1" fromWho="2" sc="128,0,370,80,220,-80,282,0" /><INIT seed="3,0,0,0,1,73" ten="128,450,140,282" oya="3" hai0="100,108,34,130,81,121,102,19,41,31,131,78,33" hai1="68,16,109,24,112,55,99,40,91,89,37,53,45" hai2="60,83,61,9,10,110,14,77,93,80,6,122,124" hai3="117,132,54,17,25,3,35,1,120,101,4,103,88"/><W29/><G117/><T63/><D121/><U123/><E123/><V119/><F119/><W66/><G120/><T116/><D116/><U0/><E0/><V75/><F122/><W70/><G132/><T51/><D108/><U133/><E68/><V27/><F110/><W52/><G70/><T48/><D19/><U79/><E109/><V92/><F124/><W20/><G66/><T98/><D63/><N who="2" m="24138" /><F75/><W127/><G127/><T71/><D71/><U28/><E112/><V15/><F27/><W56/><G54/><T95/><D102/><U74/><E79/><V129/><F129/><N who="0" m="49162" /><D41/><U57/><E16/><N who="2" m="8271" /><F77/><W135/><G135/><T105/><D105/><U47/><E47/><V46/><F46/><W7/><G3/><T82/><D82/><AGARI ba="0,0" hai="6,10,15,80,82,83,92,93" m="8271,24138" machi="82" ten="30,2000,0" yaku="8,1,54,1" doraHai="73" who="2" fromWho="0" sc="128,-20,450,0,140,20,282,0" owari="108,-39.2,450,55.0,160,-24.0,282,8.2" /></mjloggm>