<mjloggm ver="2.3"><GO type="225" lobby="0"/><UN n0="%E3%81%8B%E3%82%8F%E3%81%A1%E3%82%83%E3%82%93%35%38" n1="%E8%90%BD%E6%97%A5" n2="%E3%82%A2%E3%83%9E%E3%83%9D%EF%BD%9E%EF%BD%9E%E3%83%A9" n3="%E3%81%95%E3%81%8D%E3%81%9F%E3%81%BE%E6%9E%97%E6%AA%8E" dan="16,18,17,16" rate="2146.60,2218.05,2217.31,2098.82" sx="M,F,M,M"/><TAIKYOKU oya="0"/><INIT seed="0,0,0,4,5,38" ten="250,250,250,250" oya="0" hai0="80,51,20,56,4,110,113,91,18,117,116,30,52" hai1="107,44,112,62,79,41,5,135,72,87,108,102,111" hai2="16,85,6,24,127,23,14,29,122,96,93,106,45" hai3="133,77,37,40,109,60,68,132,131,81,105,43,15"/><T71/><D113/><U115/><E72/><V35/><F127/><W121/><G109/><N who="1" m="42058" /><E62/><V129/><F129/><W32/><G131/><T9/><D110/><U70/><E70/><V103/><F122/><W57/><G68/><T53/><D71/><U84/><E5/><V13/><F45/><W120/><G37/><T7/><D30/><U95/><E135/><N who="3" m="51786" /><G105/><T89/><D117/><U47/><E47/><V128/><F128/><W125/><G15/><N who="0" m="9311" /><D116/><U97/><E79/><V46/><F46/><W26/><G26/><T61/><D80/><U34/><E34/><V0/><F14/><W92/><G92/><T33/><D33/><U36/><E107/><V100/><F85/><AGARI ba="0,0" hai="36,41,44,84,85,87,95,97,102,112,115" m="42058" machi="85" ten="30,2000,0" yaku="14,1,52,1" doraHai="38" who="1" fromWho="2" sc="250,0,250,20,250,-20,250,0" /><INIT seed="1,0,0,3,4,64" ten="250,270,230,250" oya="1" hai0="8,36,100,110,42,32,54,107,68,128,35,30,86" hai1="98,27,127,34,2,101,22,132,72,70,5,112,116" hai2="106,122,53,40,59,102,26,17,90,126,95,88,135" hai3="33,12,74,38,129,21,93,115,80,91,87,28,44"/><U0/><E98/><V130/><F122/><W6/><G129/><T113/><D54/><U99/><E99/><N who="2" m="59775" /><F106/><W125/><G125/><T105/><D86/><U84/><E84/><V131/><F135/><W119/><G119/><T65/><D113/><U67/><E101/><V1/><F40/><W66/><G115/><T89/><D89/><U97/><E97/><V75/><F1/><W11/><G33/><N who="0" m="12875" /><D30/><U111/><E67/><V133/><F133/><W46/><G66/><T108/><D8/><U121/><E22/><N who="2" m="13647" /><F75/><W52/><G38/><T118/><D118/><U7/><E27/><V24/><F24/><N who="3" m="16399" /><G74/><T114/><D114/><U85/><E72/><V31/><F31/><W109/><G109/><N who="0" m="42091" /><D100/><U4/><E111/><V104/><F126/><W78/><G78/><T60/><D128/><N who="2" m="49194" /><F104/><W81/><G81/><T57/><D57/><U39/><E34/><V50/><AGARI ba="0,0" hai="50,53,59,88,90" m="49194,13647,59775" machi="50" ten="30,2000,0" yaku="19,1,54,1" doraHai="64" who="2" fromWho="2" sc="250,-5,270,-10,230,20,250,-5" /><INIT seed="2,0,0,4,4,44" ten="245,260,250,245" oya="2" hai0="4,100,21,110,34,104,80,39,132,70,135,106,94" hai1="76,9,11,50,99,108,83,88,58,2,52,37,0" hai2="47,126,65,16,57,42,24,103,31,22,64,7,51" hai3="77,1,3,79,61,20,97,121,101,38,32,118,111"/><V82/><F126/><W49/><G111/><T85/><D34/><U125/><E108/><V122/><F122/><W117/><G38/><T56/><D110/><U62/><E125/><V60/><F7/><W71/><G32/><T129/><D70/><U36/><E36/><V105/><F82/><W68/><G121/><T78/><D39/><U124/><E37/><V102/><F105/><N who="0" m="40554" /><D4/><U18/><E124/><V112/><F112/><W59/><G71/><T107/><D56/><N who="1" m="32791" /><E2/><V25/><REACH who="2" step="1"/><F64/><REACH who="2" ten="245,260,240,245" step="2"/><W35/><G118/><T23/><D107/><U74/><E0/><V95/><F95/><W33/><G117/><T96/><D129/><U43/><E83/><V115/><F115/><W40/><G3/><T41/><D80/><U67/><E67/><V134/><F134/><W27/><G1/><T73/><D135/><U119/><E119/><V46/><F46/><W90/><G77/><T81/><D132/><U6/><E76/><V12/><F12/><W113/><G79/><T19/><D73/><U75/><E75/><V130/><F130/><W127/><G113/><T5/><D5/><U87/><E74/><V10/><F10/><W98/><G127/><T63/><D81/><U29/><E6/><V86/><F86/><W72/><G72/><T55/><D85/><U28/><E87/><V93/><F93/><W26/><G98/><T91/><D78/><U114/><E114/><V66/><F66/><W128/><G97/><T15/><D96/><U17/><E99/><V13/><F13/><W89/><G128/><T54/><D15/><N who="1" m="7407" /><E11/><V53/><F53/><N who="0" m="19978" /><D94/><U123/><E123/><RYUUKYOKU ba="0,1" sc="245,-10,260,-10,240,30,245,-10" hai2="16,22,24,25,31,42,47,51,57,60,65,102,103" /><INIT seed="2,1,1,5,2,99" ten="235,250,270,235" oya="2" hai0="108,118,97,93,1,107,78,114,34,95,129,110,124" hai1="38,91,22,84,12,51,43,113,17,67,116,32,26" hai2="86,88,128,92,71,66,37,125,123,53,10,45,76" hai3="50,41,74,15,30,6,81,48,33,117,0,44,132"/><V64/><F123/><W13/><G132/><T75/><RYUUKYOKU type="yao9" ba="1,1" sc="235,0,250,0,270,0,235,0" hai0="1,34,75,78,93,95,97,107,108,110,114,118,124,129" /><INIT seed="2,2,1,3,3,101" ten="235,250,270,235" oya="2" hai0="84,13,117,46,77,125,56,52,99,64,114,57,92" hai1="88,108,37,65,135,82,34,47,127,15,122,132,86" hai2="120,53,62,113,107,8,126,2,102,4,96,74,51" hai3="6,23,98,20,116,18,130,69,28,0,10,72,33"/><V5/><F113/><W73/><G69/><T16/><D114/><U81/><E34/><V43/><F126/><W30/><G116/><T41/><D125/><U103/><E127/><V90/><F120/><W1/><G98/><T39/><D117/><U49/><E122/><V58/><F5/><W71/><G71/><T118/><D118/><U12/><E37/><V29/><F29/><N who="3" m="11371" /><G73/><T79/><D64/><U95/><E65/><V48/><F43/><W66/><G66/><T112/><D112/><U100/><E108/><V35/><F35/><W89/><G89/><T124/><D124/><U119/><E119/><V38/><F38/><W109/><G72/><T93/><D57/><U121/><E121/><V50/><F74/><W54/><G54/><T40/><D40/><U44/><E95/><V63/><F90/><W123/><G123/><T111/><D111/><U105/><E88/><V14/><REACH who="2" step="1"/><F62/><REACH who="2" ten="235,250,260,235" step="2"/><W131/><G33/><T75/><D75/><U80/><E80/><V70/><F70/><W76/><G109/><T9/><D84/><U68/><E68/><V61/><F61/><W129/><G76/><T25/><D79/><U31/><E86/><V94/><F94/><N who="0" m="36458" /><D77/><U17/><E31/><V26/><F26/><N who="3" m="14615" /><G1/><AGARI ba="2,2" hai="1,2,4,8,14,48,50,51,53,58,63,96,102,107" machi="1" ten="40,12000,1" yaku="1,1,52,1,53,3" doraHai="101" doraHaiUra="45" who="2" fromWho="3" sc="235,0,250,0,260,146,235,-126" /><INIT seed="2,3,0,3,2,5" ten="235,250,406,109" oya="2" hai0="14,96,132,126,98,42,21,81,61,125,9,45,2" hai1="128,134,101,110,31,100,18,123,54,90,107,41,112" hai2="93,69,34,65,77,0,73,99,113,129,130,35,97" hai3="4,124,91,26,88,95,78,60,80,1,44,72,7"/><V68/><F113/><W87/><G124/><N who="0" m="47723" /><D132/><U89/><E112/><V131/><F0/><W108/><G108/><T12/><D2/><U76/><E110/><V50/><F50/><W8/><G7/><N who="0" m="3135" /><D81/><U13/><E134/><V33/><F65/><W122/><G122/><T111/><D111/><U37/><E123/><V3/><F3/><W25/><G60/><T67/><D21/><U94/><E128/><V85/><F73/><W59/><G59/><N who="0" m="37311" /><D14/><U103/><E107/><V70/><F77/><W43/><REACH who="3" step="1"/><G91/><AGARI ba="3,0" hai="33,34,35,68,69,70,85,91,93,97,99,129,130,131" machi="91" ten="60,11600,0" yaku="29,2,19,1" doraHai="5" who="2" fromWho="3" sc="235,0,250,0,406,125,109,-125" owari="235,-16.5,250,5.0,531,63.1,-16,-51.6" /></mjloggm>