<mjloggm ver="2.3"><GO type="225" lobby="0"/><UN n0="%E3%81%BE%E3%81%A8%E3%81%9F" n1="%E2%91%A3%E9%81%BF%E9%81%8A%E6%88%AF%E3%80%90%E6%9D%B1%E5%8D%97%E3%80%91" n2="%E3%81%86%E3%81%A3%E3%81%97%E3%83%BC%30%30" n3="%72%69%6F%75%63%68%61%6E" dan="16,16,16,17" rate="2115.78,2134.12,2072.31,2211.88" sx="M,M,M,M"/><TAIKYOKU oya="0"/><INIT seed="0,0,0,4,5,125" ten="250,250,250,250" oya="0" hai0="121,60,48,100,38,85,101,116,75,70,57,7,82" hai1="33,112,63,46,47,56,76,21,59,69,133,95,37" hai2="135,50,17,72,30,1,2,107,61,14,4,27,32" hai3="18,6,103,20,53,93,36,87,110,67,98,23,43"/><T88/><D116/><U97/><E33/><V119/><F72/><W106/><G110/><T115/><D38/><U49/><E112/><V79/><F79/><W54/><G6/><T39/><D39/><U127/><E127/><V55/><F107/><W84/><G67/><T9/><D115/><U0/><E0/><V8/><F135/><W68/><G68/><T22/><D70/><U120/><E133/><V118/><F61/><W78/><G78/><T131/><D131/><U25/><E120/><V44/><REACH who="2" step="1"/><F2/><REACH who="2" ten="250,250,240,250" step="2"/><W19/><G106/><T104/><D104/><U134/><E76/><V123/><F123/><W126/><G126/><T91/><D75/><U16/><E134/><V114/><F114/><W113/><G113/><T28/><D60/><U89/><E69/><V51/><F51/><W5/><G36/><T117/><D121/><U26/><E37/><V65/><F65/><W42/><G5/><T12/><D48/><U108/><E108/><V3/><F3/><W40/><G18/><T13/><D117/><U45/><E59/><V64/><F64/><W73/><G73/><T29/><D57/><U35/><E35/><V130/><F130/><W81/><G19/><N who="0" m="10599" /><D28/><U96/><E26/><V11/><AGARI ba="0,1" hai="1,4,8,11,14,17,27,30,32,44,50,55,118,119" machi="11" ten="30,2000,0" yaku="1,1,0,1,53,0" doraHai="125" doraHaiUra="124" who="2" fromWho="2" sc="250,-10,250,-5,240,30,250,-5" /><INIT seed="1,0,0,3,3,118" ten="240,245,270,245" oya="1" hai0="33,107,41,31,25,18,46,49,88,37,34,105,112" hai1="7,58,127,70,110,5,116,125,84,10,30,103,56" hai2="67,115,68,77,79,48,28,99,66,24,11,60,119" hai3="19,1,54,92,72,21,71,94,64,90,82,133,15"/><U50/><E116/><V45/><F119/><W43/><G133/><T89/><D34/><U47/><E70/><V38/><F38/><W96/><G1/><T111/><D111/><U95/><E30/><V3/><F115/><W80/><G72/><T114/><D112/><U130/><E110/><V86/><F67/><W8/><G43/><T83/><D114/><U16/><E130/><V53/><F99/><W40/><G40/><T120/><D120/><U0/><E5/><V61/><F61/><W131/><G131/><T101/><D37/><U121/><E121/><V113/><F86/><W59/><G64/><T36/><D36/><U29/><E29/><V109/><F109/><W26/><G94/><T65/><D101/><U128/><E128/><V22/><F113/><W85/><G71/><T6/><D6/><U134/><E134/><V91/><F91/><W98/><G96/><T13/><D65/><U75/><E75/><V108/><F108/><W93/><G92/><T78/><D105/><U42/><E16/><V4/><AGARI ba="0,0" hai="3,4,11,22,24,28,45,48,53,60,66,68,77,79" machi="4" ten="30,1100,0" yaku="0,1" doraHai="118" who="2" fromWho="2" sc="240,-3,245,-5,270,11,245,-3" /><INIT seed="2,0,0,1,2,109" ten="237,240,281,242" oya="2" hai0="7,94,112,123,115,28,8,25,96,0,58,60,59" hai1="90,83,84,16,117,75,120,24,91,80,70,105,17" hai2="102,63,68,111,6,3,106,53,77,39,29,72,37" hai3="116,36,119,45,56,66,43,33,41,103,65,47,87"/><V31/><F53/><W122/><G33/><T107/><D107/><U12/><E117/><N who="3" m="45130" /><G87/><T74/><D123/><U5/><E120/><V133/><F31/><W32/><G103/><T19/><D74/><U69/><E105/><V78/><F78/><W130/><G32/><T9/><D9/><U67/><E67/><N who="3" m="25610" /><G122/><T1/><D1/><U81/><E75/><V95/><F29/><W34/><G34/><T100/><D19/><U108/><E108/><V27/><F77/><W52/><G130/><T57/><REACH who="0" step="1"/><D60/><REACH who="0" ten="227,240,281,242" step="2"/><U71/><E24/><V23/><F27/><W14/><G14/><T132/><D132/><U4/><E17/><V128/><F3/><W125/><G125/><T30/><D30/><U62/><E62/><V55/><F63/><N who="3" m="36231" /><G36/><T22/><AGARI ba="0,1" hai="0,7,8,22,25,28,57,58,59,94,96,100,112,115" machi="22" ten="30,7900,0" yaku="1,1,0,1,52,2,53,0" doraHai="109" doraHaiUra="46" who="0" fromWho="0" sc="227,89,240,-20,281,-39,242,-20" /><INIT seed="3,0,0,3,3,74" ten="316,220,242,222" oya="3" hai0="57,100,10,82,76,115,6,94,84,68,61,0,117" hai1="55,88,63,48,107,87,4,2,101,3,79,90,72" hai2="112,31,18,104,9,89,78,113,122,43,12,66,40" hai3="96,64,53,39,54,119,21,44,47,51,126,36,25"/><W58/><G119/><T73/><D68/><U67/><E90/><V27/><F104/><W17/><G126/><T95/><D115/><U120/><E120/><V75/><F122/><W118/><G118/><T135/><D135/><U99/><E4/><V129/><F129/><W38/><G64/><T70/><D70/><U37/><E37/><V32/><F66/><W19/><G96/><T41/><D41/><U71/><E72/><V11/><F89/><W65/><G65/><T77/><D100/><U85/><E85/><V45/><F9/><W29/><REACH who="3" step="1"/><G44/><REACH who="3" ten="316,220,242,212" step="2"/><T7/><D117/><U1/><E67/><V35/><F45/><W109/><G109/><T111/><D111/><U14/><E71/><V128/><F112/><W103/><G103/><T62/><D57/><U80/><E63/><AGARI ba="0,1" hai="17,19,21,25,29,36,38,39,47,51,53,54,58,63" machi="63" ten="40,3900,0" yaku="1,1,53,1" doraHai="74" doraHaiUra="42" who="3" fromWho="1" sc="316,0,220,-39,242,0,212,49" /><INIT seed="3,1,0,2,0,68" ten="316,181,242,261" oya="3" hai0="4,61,58,2,11,122,22,49,80,52,7,51,125" hai1="16,78,50,26,132,37,118,107,108,84,133,134,62" hai2="85,6,10,117,66,96,42,56,97,126,83,121,112" hai3="95,116,88,86,8,104,74,113,101,32,69,23,19"/><W31/><G113/><T131/><D122/><U73/><E107/><V92/><F117/><W3/><G116/><T28/><D7/><U109/><E118/><V17/><F126/><W60/><G74/><T65/><D125/><U41/><E73/><V127/><F127/><W20/><G69/><T129/><D80/><N who="1" m="47127" /><E50/><N who="0" m="18953" /><D22/><N who="1" m="13639" /><E62/><V70/><F42/><W44/><G60/><T5/><D28/><U130/><E130/><N who="0" m="49673" /><D5/><U102/><E102/><V79/><F6/><W55/><G101/><T76/><D76/><U34/><E34/><V105/><F79/><W115/><G104/><T87/><D87/><U114/><E114/><V90/><F85/><W124/><G115/><T30/><D30/><U1/><E1/><V25/><F105/><W135/><G124/><T9/><D9/><U64/><E64/><AGARI ba="1,0" hai="2,4,11,52,58,61,64,65" m="49673,18953" machi="64" ten="30,2000,0" yaku="19,1,54,1" doraHai="68" who="0" fromWho="1" sc="316,23,181,-23,242,0,261,0" owari="339,43.9,158,-34.2,242,-15.8,261,6.1" /></mjloggm>