<mjloggm ver="2.3"><GO type="225" lobby="0"/><UN n0="%E3%81%B5%E3%81%98%E3%81%8B%E3%81%A4" n1="%E7%89%B9%E6%9D%B1%E3%81%AF%E4%B8%96%E7%95%8C%E3%82%92%E6%95%91%E3%81%86" n2="%72%65%6E%6B%75%6E" n3="%E3%81%AE%E3%81%82%E3%83%9E%E3%82%B9%E3%82%BF%E3%83%BC%30%31" dan="16,16,17,17" rate="2191.87,2164.96,2212.56,2174.38" sx="M,M,M,M"/><TAIKYOKU oya="0"/><INIT seed="0,0,0,1,1,36" ten="250,250,250,250" oya="0" hai0="92,123,39,111,31,93,17,118,81,120,103,53,128" hai1="95,96,80,57,3,109,70,125,8,78,101,107,46" hai2="108,71,0,45,94,127,82,87,90,110,104,115,1" hai3="33,106,122,68,76,11,4,6,98,52,99,61,66"/><T34/><D118/><U132/><E70/><V86/><F115/><W21/><G33/><T134/><D134/><U35/><E35/><V58/><F104/><W5/><G76/><T38/><D128/><U25/><E132/><V88/><F71/><W116/><G116/><T117/><D117/><U119/><E119/><V97/><F127/><W28/><G122/><T102/><D81/><U65/><E125/><V129/><F129/><W73/><G73/><T85/><D34/><U72/><E109/><N who="2" m="42091" /><F58/><W27/><G106/><T7/><D111/><U30/><E46/><V40/><F87/><W20/><G11/><T112/><D85/><U43/><E107/><V13/><F13/><W16/><REACH who="3" step="1"/><G52/><REACH who="3" ten="250,250,250,240" step="2"/><T91/><D53/><U100/><E78/><V133/><F133/><W44/><G44/><T63/><D123/><U135/><E135/><V79/><F79/><W49/><G49/><AGARI ba="0,1" hai="0,1,40,45,49,82,86,88,90,94,97" m="42091" machi="49" ten="30,3900,0" yaku="14,1,52,1,54,1" doraHai="36" who="2" fromWho="3" sc="250,0,250,0,250,49,240,-39" /><INIT seed="1,0,0,5,0,129" ten="250,250,299,201" oya="1" hai0="7,81,131,128,14,134,43,57,92,51,39,56,86" hai1="118,55,99,5,49,21,2,25,75,9,102,115,18" hai2="62,80,61,122,106,60,83,135,46,111,54,45,17" hai3="110,47,125,132,24,36,28,76,68,26,22,78,52"/><U53/><E115/><V15/><F106/><W121/><G121/><T104/><D104/><U72/><E118/><V10/><F122/><W35/><G68/><T20/><D92/><U127/><E127/><V84/><F111/><W1/><G125/><T90/><D134/><U100/><E55/><V50/><F135/><W113/><G132/><T31/><D31/><U93/><REACH who="1" step="1"/><E100/><REACH who="1" ten="250,240,299,201" step="2"/><V38/><F38/><W88/><G113/><T109/><D39/><U73/><E73/><V3/><F3/><W126/><G126/><T74/><D74/><U41/><E41/><V123/><F123/><W67/><G1/><T133/><D133/><U40/><E40/><V70/><F70/><W114/><G114/><T98/><D43/><U19/><E19/><V69/><F69/><W95/><G36/><T58/><D109/><U89/><E89/><N who="2" m="51335" /><F83/><W77/><G110/><T64/><D131/><U94/><E94/><V79/><F79/><W119/><G119/><T37/><D37/><U101/><E101/><V107/><F107/><W65/><G95/><N who="0" m="56695" /><D128/><U105/><E105/><V87/><F87/><W66/><G88/><N who="0" m="51279" /><D64/><U82/><E82/><V97/><F97/><W103/><G103/><T130/><D130/><U4/><E4/><V59/><AGARI ba="0,1" hai="10,15,17,45,46,50,54,59,60,61,62" m="51335" machi="59" ten="30,1100,0" yaku="8,1" doraHai="129" who="2" fromWho="2" sc="250,-3,240,-5,299,21,201,-3" /><INIT seed="2,0,0,5,5,86" ten="247,235,320,198" oya="2" hai0="25,42,15,20,30,75,39,12,85,82,69,87,74" hai1="128,92,133,34,66,97,6,96,13,0,80,73,32" hai2="7,38,78,115,105,89,28,132,100,8,46,103,126" hai3="125,77,47,45,116,108,127,36,16,48,58,51,17"/><V9/><F115/><W90/><G116/><T122/><D69/><U72/><E0/><V31/><F78/><W102/><G77/><T4/><D122/><U57/><E128/><V112/><F112/><W67/><G102/><T91/><D87/><U26/><E133/><V83/><F132/><W64/><G108/><T98/><D4/><U14/><E6/><V5/><F46/><W63/><G36/><T107/><D42/><U119/><E57/><V131/><F83/><W22/><G90/><T49/><D39/><U95/><E26/><V93/><F93/><W70/><G22/><T10/><D49/><N who="3" m="19017" /><G17/><T40/><D40/><U110/><E110/><V120/><F38/><W81/><G16/><N who="0" m="8215" /><D107/><U59/><E59/><V124/><F105/><W76/><G81/><T41/><D41/><U111/><E111/><V106/><F106/><W84/><G84/><T65/><D74/><U135/><E80/><V114/><F114/><W54/><G76/><N who="0" m="46279" /><D75/><U62/><E135/><V52/><F120/><W113/><G113/><T121/><D15/><U18/><E119/><V60/><F60/><N who="3" m="35927" /><G67/><T94/><D121/><U104/><E104/><V53/><F131/><W35/><G35/><T61/><D61/><U33/><E62/><V71/><REACH who="2" step="1"/><F89/><REACH who="2" ten="247,235,310,198" step="2"/><W44/><AGARI ba="0,1" hai="44,45,47,63,64,70,125,127" m="35927,19017" machi="44" ten="30,2000,0" yaku="34,2" doraHai="86" who="3" fromWho="3" sc="247,-5,235,-5,310,-10,198,30" /><INIT seed="3,0,0,2,3,86" ten="242,230,300,228" oya="3" hai0="98,84,23,82,87,30,44,57,39,48,122,34,103" hai1="43,111,132,67,15,91,130,110,74,83,47,131,108" hai2="9,26,125,76,101,124,36,40,0,104,129,81,12" hai3="85,33,113,22,35,116,19,58,75,106,8,94,25"/><W61/><G116/><T7/><D122/><U134/><E15/><V6/><F129/><N who="1" m="49161" /><E67/><V54/><F54/><N who="3" m="34007" /><G75/><T56/><D34/><U59/><E59/><V123/><F101/><W21/><G106/><T119/><D87/><N who="1" m="50687" /><E74/><N who="2" m="43159" /><F104/><W41/><G35/><T133/><D57/><U38/><AGARI ba="0,0" hai="38,43,47,108,110,111,132,134" m="50687,49161" machi="38" ten="40,5200,0" yaku="14,1,19,1,52,1" doraHai="86" who="1" fromWho="1" sc="242,-13,230,52,300,-13,228,-26" /><INIT seed="4,0,0,3,0,127" ten="229,282,287,202" oya="0" hai0="53,86,126,130,48,89,37,103,12,28,0,135,104" hai1="9,22,40,70,82,55,32,73,14,106,8,98,118" hai2="123,36,20,90,45,91,24,57,96,2,94,115,110" hai3="66,108,128,52,100,92,15,16,95,62,7,51,18"/><T117/><D126/><U13/><E32/><V60/><F110/><W74/><G108/><T19/><D37/><U39/><E70/><V42/><F123/><W85/><G74/><T59/><D0/><U5/><E118/><V125/><F125/><W29/><G29/><T107/><D135/><U67/><E67/><V65/><F115/><W134/><G134/><T31/><D117/><U23/><E40/><V97/><F2/><W61/><G128/><T1/><D1/><U10/><E39/><V113/><F113/><W78/><G7/><T3/><D3/><U133/><E133/><V114/><F114/><W64/><G64/><T46/><D130/><U79/><E9/><V27/><F20/><N who="3" m="11295" /><G18/><T77/><D77/><U76/><E76/><V69/><F69/><W102/><G78/><T6/><D6/><U80/><E80/><V129/><F129/><W101/><G66/><T105/><D103/><U121/><E121/><V87/><F87/><W81/><G81/><N who="0" m="49359" /><D59/><U93/><E106/><V99/><F99/><W112/><G112/><T44/><D44/><U43/><E98/><V4/><F4/><W56/><G92/><AGARI ba="0,0" hai="24,27,36,42,45,57,60,65,90,91,92,94,96,97" machi="92" ten="40,1300,0" yaku="9,1" doraHai="127" who="2" fromWho="3" sc="229,0,282,0,287,13,202,-13" owari="229,-17.1,282,8.2,300,40.0,189,-31.1" /></mjloggm>