<mjloggm ver="2.3"><GO type="225" lobby="0"/><UN n0="%E3%82%B2%E3%82%B9%E8%8C%82%E5%8B%9D" n1="%72%61%6B%33" n2="%E7%99%BD%E9%9B%AA%E4%B9%83%E6%84%9B" n3="%6D%75%75%6D%75%72%61" dan="16,16,16,16" rate="2048.82,2141.45,2054.14,2115.19" sx="F,M,F,F"/><TAIKYOKU oya="0"/><INIT seed="0,0,0,0,0,113" ten="250,250,250,250" oya="0" hai0="42,133,93,38,99,83,114,36,8,44,50,123,95" hai1="59,76,121,61,52,51,13,111,108,94,22,134,80" hai2="12,18,23,7,2,62,21,56,46,98,126,65,34" hai3="27,71,57,85,122,110,26,124,69,55,17,75,97"/><T84/><D123/><U78/><E121/><V96/><F126/><W115/><G122/><T119/><D133/><U37/><E37/><V31/><F23/><W101/><G75/><T0/><D114/><U89/><E134/><V70/><F46/><W92/><G115/><T24/><D24/><U120/><E120/><V45/><F45/><W28/><G110/><T73/><D73/><U67/><E13/><V11/><REACH who="2" step="1"/><F70/><REACH who="2" ten="250,250,240,250" step="2"/><W109/><G124/><T79/><D38/><U106/><E22/><V14/><F14/><W60/><G109/><T125/><D125/><U107/><E111/><V10/><F10/><W54/><G71/><T41/><D36/><U58/><E108/><V103/><F103/><W19/><G69/><T100/><D41/><U1/><E1/><V43/><F43/><W82/><G27/><AGARI ba="0,1" hai="2,7,11,12,18,21,27,31,34,56,62,65,96,98" machi="27" ten="40,8000,1" yaku="1,1,24,2,53,1" doraHai="113" doraHaiUra="33" who="2" fromWho="3" sc="250,0,250,0,240,90,250,-80" /><INIT seed="1,0,0,2,1,38" ten="250,250,330,170" oya="1" hai0="46,133,69,65,16,39,104,1,110,79,88,18,84" hai1="82,29,53,44,25,95,6,130,75,2,23,61,114" hai2="13,72,101,7,113,78,37,15,105,132,83,126,107" hai3="103,128,134,51,120,54,3,106,42,123,116,129,0"/><U81/><E114/><V124/><F132/><W68/><G68/><T8/><D133/><U70/><E130/><N who="3" m="50282" /><G134/><T108/><D104/><N who="2" m="40010" /><F101/><W12/><G103/><T117/><D117/><U60/><E2/><N who="3" m="554" /><G106/><T31/><D79/><U97/><E6/><V67/><F67/><W98/><G98/><T43/><D31/><U62/><E75/><V56/><F56/><N who="3" m="32863" /><G12/><T94/><D65/><U66/><E66/><V86/><F113/><W111/><G111/><N who="0" m="42539" /><D69/><U22/><E70/><V96/><F96/><W58/><G58/><T49/><D39/><U89/><E23/><V115/><F37/><W36/><G116/><T92/><D92/><U121/><E121/><V4/><F115/><W91/><G91/><T27/><D27/><U63/><N who="1" m="15360" /><DORA hai="20" /><U118/><REACH who="1" step="1"/><E118/><REACH who="1" ten="250,240,330,170" step="2"/><V119/><F119/><W41/><G36/><T131/><D131/><U109/><E109/><V19/><F72/><W48/><G48/><AGARI ba="0,1" hai="22,25,29,44,48,53,81,82,89,95,97" m="15360" machi="48" ten="50,12000,1" yaku="1,1,8,1,52,1,53,2" doraHai="38,20" doraHaiUra="76,55" who="1" fromWho="3" sc="250,0,240,130,330,0,170,-120" /><INIT seed="1,1,0,1,5,126" ten="250,370,330,50" oya="1" hai0="89,39,62,27,40,76,32,64,123,60,112,101,102" hai1="51,90,50,17,34,72,13,41,113,52,0,14,33" hai2="68,1,71,70,18,3,11,7,74,104,9,118,65" hai3="20,30,114,66,46,127,6,117,93,38,69,96,48"/><U29/><E0/><V21/><F118/><W116/><G114/><T44/><D112/><U49/><E113/><V135/><F135/><W63/><G127/><T19/><D123/><U78/><E41/><V97/><F74/><W16/><G38/><T10/><D76/><U58/><E13/><V12/><F65/><W80/><G30/><T59/><D32/><U134/><E134/><V42/><F42/><W84/><G6/><T47/><D44/><U107/><E107/><V67/><F67/><W25/><G80/><T36/><D39/><U24/><E33/><V132/><F132/><W124/><G84/><T77/><D77/><U81/><REACH who="1" step="1"/><E90/><REACH who="1" ten="250,360,330,50" step="2"/><V110/><F3/><W94/><G124/><T131/><D40/><U125/><E125/><V53/><F104/><W100/><REACH who="3" step="1"/><G94/><REACH who="3" ten="250,360,330,40" step="2"/><T37/><D36/><U73/><E73/><V106/><F106/><W86/><G86/><T23/><D37/><U108/><E108/><V43/><F110/><W129/><G129/><T128/><D131/><U95/><E95/><V79/><F1/><W130/><G130/><T122/><D128/><U91/><E91/><V105/><F105/><W133/><G133/><T31/><D122/><U120/><E120/><V57/><F97/><W2/><G2/><T22/><D89/><U111/><E111/><V88/><F88/><W4/><G4/><T82/><D82/><U26/><E26/><V85/><F7/><W75/><G75/><T98/><D27/><U92/><E92/><V35/><F85/><W121/><G121/><T28/><D98/><U45/><E45/><V119/><F79/><RYUUKYOKU ba="1,2" sc="250,-15,360,15,330,-15,40,15" hai1="14,17,24,29,34,49,50,51,52,58,72,78,81" hai3="16,20,25,46,48,63,66,69,93,96,100,116,117" /><INIT seed="1,2,2,0,0,126" ten="235,375,315,55" oya="1" hai0="46,110,65,24,83,133,26,44,125,135,63,120,80" hai1="60,20,134,40,62,119,76,91,6,68,57,117,29" hai2="75,14,130,18,13,31,106,38,100,118,131,9,43" hai3="90,88,127,78,8,3,116,45,4,56,7,19,99"/><U115/><E115/><V111/><F118/><W109/><G127/><T53/><D110/><U54/><E76/><V94/><F75/><W59/><G109/><T23/><D125/><U82/><E6/><N who="3" m="2090" /><G3/><T32/><D32/><U132/><E82/><N who="0" m="31273" /><D120/><U70/><E91/><N who="3" m="34858" /><G116/><N who="1" m="44618" /><E20/><V124/><F124/><W72/><G72/><T61/><D26/><U49/><E29/><V97/><F111/><W42/><G78/><T21/><D21/><U35/><E35/><V1/><F1/><W17/><G99/><T69/><D61/><N who="1" m="23659" /><E40/><V28/><F14/><N who="3" m="7367" /><G19/><N who="0" m="12415" /><D53/><U81/><E81/><V36/><F43/><W30/><G30/><N who="2" m="11305" /><F106/><W128/><G128/><AGARI ba="2,2" hai="9,13,18,36,38,94,97,100,128,130,131" m="11305" machi="128" ten="30,7700,0" yaku="19,1,52,3" doraHai="126" who="2" fromWho="3" sc="235,0,375,0,315,103,55,-83" owari="235,-16.5,375,17.5,418,51.8,-28,-52.8" /></mjloggm>