<mjloggm ver="2.3"><GO type="225" lobby="0"/><UN n0="%E4%BF%BA%E3%81%A8%E5%A6%96%E5%A4%A2" n1="%E3%83%AD%E3%83%83%E3%83%86%E9%9B%80%E7%90%83" n2="%E3%82%BC%E3%83%AB%E3%83%80%E3%81%AE%E4%BC%9D%E8%AA%AC" n3="%4C%4F%4C%49%54%41" dan="17,16,18,16" rate="2148.69,2164.10,2171.07,2193.73" sx="F,M,M,F"/><TAIKYOKU oya="0"/><INIT seed="0,0,0,3,4,6" ten="250,250,250,250" oya="0" hai0="57,1,68,124,32,74,91,110,117,115,14,15,39" hai1="100,81,10,95,54,21,71,42,25,48,75,97,40" hai2="111,73,9,130,3,102,34,76,8,86,127,112,89" hai3="46,12,33,135,88,121,134,20,62,41,5,77,108"/><T22/><RYUUKYOKU type="yao9" ba="0,0" sc="250,0,250,0,250,0,250,0" hai0="1,14,15,22,32,39,57,68,74,91,110,115,117,124" /><INIT seed="0,1,0,0,4,131" ten="250,250,250,250" oya="0" hai0="85,17,109,29,134,121,89,92,129,10,65,5,47" hai1="83,94,117,91,105,87,79,28,46,9,62,13,90" hai2="108,45,25,84,135,30,99,26,35,1,70,63,39" hai3="41,20,66,113,95,124,56,58,61,40,18,82,103"/><T114/><D121/><U96/><E117/><V57/><F1/><W100/><G113/><T4/><D114/><U76/><E105/><V126/><F108/><W48/><G124/><T74/><D129/><U64/><E28/><V52/><F126/><W8/><G82/><T34/><D74/><U42/><E62/><V101/><F135/><W77/><G77/><T123/><D123/><U32/><E32/><V23/><F70/><W60/><G8/><T7/><D109/><U53/><E64/><V128/><F128/><W71/><G71/><T72/><D72/><U51/><REACH who="1" step="1"/><E42/><REACH who="1" ten="250,240,250,250" step="2"/><V107/><F35/><W110/><G110/><T27/><D65/><U115/><E115/><V2/><F30/><W102/><G41/><T50/><D34/><U104/><E104/><V54/><F63/><W132/><G40/><T111/><D111/><U15/><E15/><V3/><F107/><W21/><G61/><T0/><D29/><U37/><E37/><V43/><F43/><W118/><G118/><T119/><D119/><U44/><E44/><V19/><F45/><W6/><G66/><T93/><D47/><U86/><E86/><V12/><F84/><W49/><G60/><T98/><D50/><U112/><E112/><V68/><F39/><W55/><G49/><T31/><D31/><U24/><E24/><N who="2" m="9323" /><F68/><W16/><G48/><T73/><D73/><U120/><E120/><V69/><F69/><W122/><G122/><T38/><D38/><U133/><E133/><V78/><F57/><W116/><G58/><T80/><D134/><U81/><E81/><V106/><F78/><RYUUKYOKU ba="1,1" sc="250,-15,240,15,250,15,250,-15" hai1="9,13,46,51,53,76,79,83,87,90,91,94,96" hai2="2,3,12,19,23,52,54,99,101,106" /><INIT seed="1,2,1,4,4,102" ten="235,255,265,235" oya="1" hai0="130,131,8,99,86,128,19,17,107,48,4,75,36" hai1="68,71,117,132,13,127,76,12,70,5,58,11,35" hai2="33,6,20,34,7,0,56,81,122,62,51,16,87" hai3="23,101,66,14,69,97,52,134,84,112,73,44,83"/><U94/><E117/><V108/><F122/><W24/><G112/><T133/><D36/><U39/><E35/><V18/><F108/><W119/><G73/><T88/><D75/><U105/><E39/><V135/><F135/><W2/><G2/><T106/><D133/><U113/><E113/><V42/><F33/><W95/><G134/><T123/><D123/><U60/><E132/><V104/><F104/><N who="0" m="39978" /><D99/><U46/><E46/><N who="2" m="26071" /><F0/><W57/><G69/><T29/><D29/><U64/><E105/><V22/><F22/><W82/><G119/><T100/><D100/><U25/><E25/><N who="2" m="14471" /><F18/><N who="3" m="12407" /><G14/><N who="0" m="5383" /><D48/><U53/><E13/><V67/><F34/><W41/><G84/><T116/><D116/><U65/><E12/><V120/><F120/><W78/><G78/><AGARI ba="2,1" hai="6,7,56,62,67,78,81,87" m="14471,26071" machi="78" ten="30,2000,0" yaku="8,1,54,1" doraHai="102" who="2" fromWho="3" sc="235,0,255,0,265,36,235,-26" /><INIT seed="2,0,0,5,1,84" ten="235,255,301,209" oya="2" hai0="5,85,124,65,59,108,98,32,8,20,67,64,0" hai1="110,36,10,92,106,43,25,17,121,50,73,127,94" hai2="56,41,103,47,105,7,60,120,29,126,18,19,131" hai3="100,1,77,12,81,66,42,54,99,102,87,57,35"/><V135/><F120/><W11/><G35/><T69/><D32/><U104/><E36/><V58/><F7/><W95/><G1/><T48/><D108/><U75/><E43/><V68/><F29/><W88/><G66/><T30/><D124/><U82/><E50/><V40/><F126/><W55/><G42/><T129/><D129/><U71/><E71/><V116/><F116/><W101/><REACH who="3" step="1"/><G57/><REACH who="3" ten="235,255,301,199" step="2"/><T38/><D69/><U24/><E127/><V15/><F56/><W52/><G52/><N who="0" m="32135" /><D67/><U119/><E119/><V33/><F58/><W31/><G31/><T39/><D65/><U86/><E110/><V45/><F33/><W111/><G111/><T113/><D64/><U21/><E121/><V70/><F40/><W49/><G49/><T78/><D38/><U80/><E73/><V14/><F41/><W26/><G26/><T62/><D39/><U2/><E75/><V122/><F122/><W34/><G34/><T9/><D62/><U123/><E25/><V93/><F60/><W97/><G97/><T91/><D98/><U112/><E123/><V6/><F68/><W114/><G114/><T37/><D37/><U109/><E112/><V96/><F96/><W132/><G132/><T90/><D113/><U13/><E2/><V130/><F70/><W76/><G76/><T23/><D30/><U74/><E109/><V46/><F135/><W53/><G53/><T115/><D115/><U89/><E74/><V63/><F63/><W83/><G83/><T117/><D117/><U27/><E82/><V16/><F46/><W79/><G79/><T3/><D78/><RYUUKYOKU ba="0,1" sc="235,-10,255,-10,301,-10,199,30" hai3="11,12,54,55,77,81,87,88,95,99,100,101,102" /><INIT seed="3,1,1,4,4,107" ten="225,245,291,229" oya="3" hai0="88,104,21,42,51,77,62,124,7,3,59,10,90" hai1="38,116,31,4,46,28,106,57,20,11,93,12,24" hai2="23,19,9,75,109,108,122,113,91,132,0,13,78" hai3="55,81,73,114,70,95,50,72,37,101,94,67,85"/><W84/><G114/><T25/><D104/><U22/><E106/><V110/><F113/><W135/><G37/><T68/><D124/><U40/><E116/><V127/><F132/><W56/><G135/><T61/><D68/><U83/><E93/><V133/><F133/><W118/><G118/><T29/><D77/><U49/><E38/><V131/><F131/><W125/><G125/><T41/><D62/><U53/><E83/><N who="2" m="45535" /><F127/><W58/><G70/><T44/><REACH who="0" step="1"/><D41/><REACH who="0" ten="215,245,291,229" step="2"/><U69/><E69/><V66/><F122/><W134/><G134/><T87/><D87/><U14/><E40/><V120/><F120/><W54/><G67/><AGARI ba="1,2" hai="3,7,10,21,25,29,42,44,51,59,61,67,88,90" machi="67" ten="30,3900,0" yaku="1,1,7,1,54,1,53,0" doraHai="107" doraHaiUra="96" who="0" fromWho="3" sc="215,62,245,0,291,0,229,-42" /><INIT seed="4,0,0,4,1,15" ten="277,245,291,187" oya="0" hai0="19,60,115,59,135,127,37,1,6,7,34,74,32" hai1="44,129,133,20,28,81,31,82,76,125,131,111,26" hai2="42,77,108,61,68,119,80,91,97,12,23,106,16" hai3="63,56,86,121,46,105,98,49,109,89,21,3,126"/><T17/><D74/><U94/><E111/><V124/><F108/><W66/><G109/><T22/><D37/><U43/><E125/><V92/><F124/><W83/><G126/><T53/><D127/><U110/><E110/><V88/><F119/><W64/><G3/><T27/><D115/><U24/><E133/><V112/><F112/><W78/><G121/><T65/><D135/><U50/><E94/><V93/><F106/><W62/><G105/><T79/><D79/><U52/><E43/><V123/><F123/><W38/><G38/><T8/><D6/><U84/><REACH who="1" step="1"/><E82/><REACH who="1" ten="277,235,291,187" step="2"/><V101/><F42/><W39/><G98/><T58/><D32/><AGARI ba="0,1" hai="20,24,26,28,31,32,44,50,52,76,81,84,129,131" machi="32" ten="40,5200,0" yaku="1,1,2,1,54,1,53,0" doraHai="15" doraHaiUra="87" who="1" fromWho="0" sc="277,-52,235,62,291,0,187,0" /><INIT seed="5,0,0,5,2,100" ten="225,297,291,187" oya="1" hai0="39,9,113,0,89,8,38,47,60,75,28,36,55" hai1="11,88,44,76,50,61,98,30,70,69,107,18,16" hai2="133,71,114,53,117,5,4,46,120,83,85,48,37" hai3="41,65,15,108,116,91,49,40,42,94,124,72,23"/><U73/><E30/><V119/><F120/><W78/><G108/><T131/><D113/><U59/><E73/><V29/><F71/><W115/><G115/><T127/><D75/><U97/><E76/><V33/><F114/><W1/><G1/><T128/><D28/><U27/><E107/><V12/><F37/><W26/><G124/><T24/><D127/><U92/><E70/><V66/><F66/><W32/><G116/><T79/><D79/><U3/><E69/><V95/><F95/><W106/><G65/><T86/><D24/><U7/><E27/><V84/><F133/><W80/><G15/><T109/><D109/><U122/><E98/><V87/><F83/><W51/><G32/><T45/><D60/><U132/><E132/><V135/><F135/><W67/><G67/><T54/><D54/><U63/><E122/><V43/><F53/><W111/><G106/><T118/><D118/><U103/><E103/><V25/><F5/><W58/><G58/><T20/><D20/><U110/><E110/><V112/><REACH who="2" step="1"/><F112/><REACH who="2" ten="225,297,281,187" step="2"/><W2/><G111/><T17/><D55/><N who="1" m="34047" /><E63/><V74/><F74/><W52/><G52/><T77/><D38/><U82/><E82/><V104/><F104/><W31/><REACH who="3" step="1"/><G2/><REACH who="3" ten="225,297,281,177" step="2"/><T129/><D0/><U125/><E125/><V134/><F134/><W62/><G62/><T123/><D123/><U102/><E3/><V56/><F56/><W96/><AGARI ba="0,2" hai="23,26,31,40,41,42,49,51,72,78,80,91,94,96" machi="96" ten="30,2000,0" yaku="1,1,0,1,53,0" doraHai="100" doraHaiUra="130" who="3" fromWho="3" sc="225,-5,297,-10,281,-5,177,40" /><INIT seed="6,0,0,4,3,96" ten="220,287,276,217" oya="2" hai0="130,105,11,54,57,1,89,41,122,109,117,62,15" hai1="16,131,19,81,121,27,88,125,98,112,61,135,102" hai2="127,31,100,79,58,92,13,71,9,110,78,47,68" hai3="82,107,12,124,51,65,29,25,85,119,90,120,84"/><V87/><F68/><W56/><G119/><T76/><D122/><U116/><E116/><V42/><F71/><W50/><G120/><T33/><D117/><U39/><E39/><V74/><F74/><W44/><G107/><T43/><D109/><U17/><E112/><V111/><F127/><W134/><G134/><T59/><D1/><U22/><E121/><V83/><F78/><W14/><G124/><T67/><D33/><U45/><E131/><V32/><F58/><W108/><G108/><N who="2" m="41513" /><F31/><W20/><G51/><T91/><D105/><U70/><E45/><V46/><F32/><W49/><G49/><N who="0" m="30927" /><D76/><U38/><E38/><N who="2" m="21847" /><F47/><W93/><G65/><T18/><D130/><U23/><E135/><V86/><F86/><W128/><G56/><T2/><D43/><U60/><E70/><V24/><F24/><W103/><G128/><T10/><D41/><U48/><E48/><V132/><F132/><W40/><REACH who="3" step="1"/><G103/><REACH who="3" ten="220,287,276,207" step="2"/><T53/><D67/><U126/><E102/><V8/><F100/><W73/><G73/><T95/><D59/><U34/><E126/><V26/><F26/><W36/><G36/><T28/><D62/><U115/><E61/><V104/><F104/><W113/><G113/><T97/><D53/><U64/><E60/><V99/><F13/><W72/><G72/><T129/><D129/><U66/><E115/><V3/><F3/><W5/><G5/><T52/><D2/><U80/><E125/><V4/><F4/><W63/><G63/><T21/><D15/><U114/><E114/><V0/><F0/><W118/><G118/><T35/><D52/><RYUUKYOKU ba="0,1" sc="220,-15,287,-15,276,15,207,15" hai2="8,9,79,83,87,92,99" hai3="12,14,20,25,29,40,44,50,82,84,85,90,93" /><INIT seed="6,1,1,4,3,61" ten="205,272,291,222" oya="2" hai0="107,58,28,92,115,106,79,49,44,100,21,5,43" hai1="50,69,96,34,122,87,121,2,73,124,130,83,105" hai2="52,90,12,39,60,20,3,75,29,114,76,132,116" hai3="35,126,74,13,98,14,31,16,110,36,99,22,127"/><V46/><F116/><W27/><G36/><T80/><D115/><U8/><E34/><V53/><F3/><W47/><G74/><T84/><D5/><U120/><E124/><N who="3" m="47658" /><G47/><T38/><D38/><U129/><E69/><V88/><F114/><W70/><G110/><T10/><D10/><U17/><E50/><N who="2" m="28759" /><F39/><W125/><N who="3" m="47666" /><W26/><DORA hai="118" /><G70/><T67/><D28/><U45/><E45/><V59/><F75/><W95/><G98/><T72/><D21/><U55/><E55/><V133/><F76/><W0/><G0/><T48/><D48/><U57/><E57/><V78/><F78/><W117/><G117/><T15/><D15/><N who="1" m="7399" /><E73/><V6/><F6/><W7/><G7/><T68/><D68/><U1/><E1/><V25/><F12/><W19/><G19/><T62/><REACH who="0" step="1"/><D72/><REACH who="0" ten="195,272,291,222" step="2"/><U109/><E2/><V4/><F4/><W11/><G11/><T85/><D85/><U112/><E112/><V71/><F71/><W103/><AGARI ba="1,2" hai="13,14,16,22,26,27,31,35,95,99,103" m="47666" machi="103" ten="40,2700,0" yaku="18,1,54,1" doraHai="61,118" who="3" fromWho="3" sc="195,-8,272,-8,291,-14,222,50" /><INIT seed="7,0,0,5,1,81" ten="187,264,277,272" oya="3" hai0="109,73,27,103,115,131,14,119,96,134,76,74,82" hai1="88,57,43,26,86,28,94,92,16,31,117,10,9" hai2="70,35,108,85,62,6,78,83,80,32,41,47,54" hai3="90,7,51,100,24,133,101,116,50,111,45,29,69"/><W55/><G116/><T106/><D119/><U125/><E125/><V126/><F108/><W93/><G69/><T11/><D109/><U118/><E118/><V65/><F126/><W91/><G133/><T64/><D134/><U121/><E121/><V34/><F83/><W46/><G7/><T120/><D120/><U123/><E123/><V107/><F107/><W53/><G111/><T12/><D131/><U37/><E37/><V3/><F54/><W5/><G5/><T25/><D115/><U129/><E129/><V114/><F114/><W4/><G4/><T112/><D112/><U66/><E43/><V1/><REACH who="2" step="1"/><F6/><REACH who="2" ten="187,264,267,272" step="2"/><W19/><G19/><T61/><D73/><U48/><E117/><V104/><F104/><W60/><G60/><T38/><D38/><AGARI ba="0,1" hai="1,3,32,34,35,38,41,47,62,65,70,78,80,85" machi="38" ten="40,2600,0" yaku="1,1,52,1,53,0" doraHai="81" doraHaiUra="20" who="2" fromWho="0" sc="187,-26,264,0,267,36,272,0" owari="161,-33.9,264,-13.6,303,40.3,272,7.2" /></mjloggm>