<mjloggm ver="2.3"><GO type="225" lobby="0"/><UN n0="%E6%A0%B9%E5%85%83%E3%81%8B%E3%82%89%E5%90%B9%E3%81%A3%E9%A3%9B%E3%81%B6" n1="%E3%81%99%E3%81%84%E3%81%BE%E3%81%9B%E3%83%BC%E3%82%93" n2="%E6%A1%9C%E8%8A%B1%E9%96%83%E3%80%85" n3="%E4%B8%89%E5%88%86%E5%B0%8F%E5%83%A7" dan="17,18,17,16" rate="2136.77,2174.89,2220.25,2105.78" sx="F,M,M,M"/><TAIKYOKU oya="0"/><INIT seed="0,0,0,4,5,120" ten="250,250,250,250" oya="0" hai0="14,86,91,106,9,125,87,4,69,34,66,103,32" hai1="130,132,47,111,37,75,11,39,17,110,89,78,108" hai2="10,64,83,49,88,99,6,98,113,127,26,28,22" hai3="23,105,29,31,21,24,76,73,60,118,38,57,55"/><T45/><D125/><U119/><E119/><V36/><F113/><W56/><G105/><T61/><D87/><U65/><E132/><V102/><F36/><W54/><G38/><T48/><D103/><U71/><E130/><V58/><F127/><W18/><G118/><T43/><REACH who="0" step="1"/><D106/><REACH who="0" ten="240,250,250,250" step="2"/><U114/><E114/><V19/><F102/><W72/><G76/><T13/><D13/><U12/><E78/><V74/><F98/><W68/><G68/><T8/><D8/><U95/><E75/><V131/><F99/><W15/><REACH who="3" step="1"/><G31/><REACH who="3" ten="240,250,250,240" step="2"/><T92/><AGARI ba="0,2" hai="4,9,14,32,34,43,45,48,61,66,69,86,91,92" machi="92" ten="20,7800,0" yaku="1,1,0,1,7,1,53,1" doraHai="120" doraHaiUra="82" who="0" fromWho="0" sc="240,98,250,-26,250,-26,240,-26" /><INIT seed="0,1,0,3,5,9" ten="338,224,224,214" oya="0" hai0="124,51,31,8,79,11,18,84,59,99,33,13,116" hai1="40,7,41,4,121,77,130,118,38,92,37,104,30" hai2="26,89,16,123,85,54,10,125,36,101,60,68,78" hai3="111,12,80,28,14,17,120,44,0,131,23,65,25"/><T106/><D116/><U43/><E118/><V87/><F123/><W88/><G0/><T48/><D124/><U75/><E104/><V95/><F125/><W127/><G127/><T5/><D33/><U90/><E121/><V74/><F36/><W112/><G112/><T50/><D31/><U2/><E130/><V134/><F134/><W64/><G120/><T71/><D71/><U57/><E30/><V110/><F110/><W94/><G111/><T21/><D106/><U109/><E109/><V105/><F74/><W49/><G80/><N who="0" m="47135" /><D99/><U103/><E103/><V34/><F34/><W102/><G102/><T114/><D114/><U55/><E77/><V76/><F87/><N who="3" m="52511" /><G131/><T27/><D8/><U108/><E75/><V133/><F133/><W58/><G28/><T129/><D129/><U6/><E2/><V72/><F72/><W39/><G39/><T81/><D81/><U3/><E3/><V56/><F68/><W53/><G65/><T73/><D73/><U122/><E108/><V113/><F113/><W132/><G132/><T45/><D59/><U32/><E32/><V62/><F10/><W91/><G91/><T135/><D135/><U128/><E128/><V107/><F101/><W42/><G42/><AGARI ba="1,0" hai="5,11,13,18,21,27,42,45,48,50,51" m="47135" machi="42" ten="30,5800,0" yaku="25,1,8,1,52,1" doraHai="9" who="0" fromWho="3" sc="338,61,224,0,224,0,214,-61" /><INIT seed="0,2,0,5,2,38" ten="399,224,224,153" oya="0" hai0="57,119,124,10,114,46,90,28,113,4,22,92,55" hai1="94,49,9,45,70,35,7,96,102,129,123,104,24" hai2="37,53,58,134,50,63,2,16,109,41,30,61,103" hai3="105,26,62,91,85,20,67,101,27,40,52,130,5"/><T11/><D119/><U43/><E123/><V14/><F2/><W100/><G130/><T79/><D124/><U80/><E70/><V133/><F30/><W69/><G5/><T88/><D79/><U44/><E129/><V0/><F0/><W47/><G105/><T111/><D111/><U107/><E80/><V68/><F103/><W12/><G12/><T127/><D127/><U118/><E118/><V84/><F84/><W51/><G52/><T89/><D46/><U87/><E87/><V29/><F29/><W115/><G115/><T75/><D75/><U15/><E24/><V18/><F18/><W110/><G110/><T60/><D10/><U120/><E35/><V108/><F108/><W128/><G128/><T77/><D77/><U125/><E120/><V54/><F68/><W64/><G64/><T3/><D92/><U17/><E7/><V117/><F117/><W32/><G32/><T116/><D116/><U42/><E125/><V122/><F122/><W1/><G1/><T76/><D76/><U131/><E131/><V112/><F112/><W72/><G72/><T97/><D97/><U23/><E23/><N who="2" m="11671" /><F109/><W93/><REACH who="3" step="1"/><G27/><REACH who="3" ten="399,224,224,143" step="2"/><T34/><REACH who="0" step="1"/><D34/><REACH who="0" ten="389,224,224,143" step="2"/><U132/><E107/><V106/><F106/><W66/><G66/><T83/><D83/><U86/><E104/><V21/><F54/><W74/><G74/><T95/><D95/><U73/><E73/><V65/><F65/><W13/><G13/><T78/><D78/><U71/><E15/><V99/><F53/><W31/><AGARI ba="2,2" hai="20,26,31,40,47,51,62,67,69,85,91,93,100,101" machi="31" ten="20,5200,0" yaku="1,1,0,1,7,1,52,1,53,0" doraHai="38" doraHaiUra="126" who="3" fromWho="3" sc="389,-28,224,-15,224,-15,143,78" /><INIT seed="1,0,0,4,4,125" ten="361,209,209,221" oya="1" hai0="114,77,27,113,2,81,65,45,26,55,122,29,104" hai1="3,123,11,30,83,42,99,126,131,108,51,20,41" hai2="17,98,21,129,74,12,100,134,43,8,86,40,127" hai3="101,72,15,106,58,63,71,130,87,68,124,33,82"/><U38/><E123/><V7/><F74/><W10/><G72/><T37/><D104/><U107/><E126/><V57/><F127/><W135/><G33/><T116/><D116/><U35/><E35/><V61/><F134/><W5/><G135/><T102/><D102/><U133/><E133/><V110/><F129/><W1/><G124/><T18/><D2/><U4/><E38/><V73/><F110/><W128/><G101/><T16/><D65/><U34/><E34/><V96/><F86/><W22/><G106/><T117/><D122/><U67/><E131/><N who="3" m="50218" /><G22/><T111/><D117/><U66/><E108/><V70/><F70/><W105/><G15/><T69/><D69/><U85/><E20/><V52/><F73/><W119/><G105/><T97/><D114/><U60/><E107/><V47/><F100/><W88/><G119/><T23/><D113/><U32/><E32/><V13/><REACH who="2" step="1"/><F40/><REACH who="2" ten="361,209,199,221" step="2"/><W28/><G28/><T49/><D29/><U132/><E132/><V112/><F112/><W50/><G50/><AGARI ba="0,1" hai="7,8,12,13,17,21,43,47,50,52,57,61,96,98" machi="50" ten="30,7700,0" yaku="1,1,7,1,8,1,54,1,53,0" doraHai="125" doraHaiUra="79" who="2" fromWho="3" sc="361,0,209,0,199,87,221,-77" /><INIT seed="2,0,0,0,0,5" ten="361,209,286,144" oya="2" hai0="135,99,56,93,29,124,82,114,75,67,25,76,22" hai1="132,30,112,1,104,27,125,13,17,129,133,24,74" hai2="8,38,46,98,110,14,130,12,123,80,15,55,32" hai3="84,6,117,45,9,42,102,59,108,61,63,96,34"/><V31/><F123/><W62/><G34/><T11/><D114/><U79/><E104/><V128/><F98/><W72/><G72/><T54/><D135/><N who="1" m="51787" /><E79/><V113/><F80/><W53/><G84/><N who="0" m="48199" /><D124/><U121/><E74/><V48/><F113/><W7/><G108/><T90/><D75/><U49/><E49/><V21/><F32/><W70/><G70/><T43/><D43/><U116/><E112/><V16/><F38/><W111/><G6/><T47/><D47/><U19/><E125/><V10/><F31/><W69/><G69/><T57/><D67/><U20/><E116/><V28/><F28/><W44/><G111/><T66/><D66/><U3/><E129/><N who="2" m="49771" /><F110/><W103/><G117/><T87/><D99/><U95/><E95/><V78/><F78/><W18/><G18/><T131/><D57/><U40/><E121/><V126/><F126/><W33/><G33/><T41/><D131/><U35/><E40/><V4/><F4/><W107/><G102/><T68/><D41/><U119/><E119/><V37/><F37/><W71/><G71/><T26/><D68/><U36/><E36/><V134/><F134/><W51/><REACH who="3" step="1"/><G45/><REACH who="3" ten="361,209,286,134" step="2"/><T97/><D56/><U94/><E94/><V2/><F46/><W86/><G86/><T77/><D87/><U118/><E118/><V52/><F16/><W23/><G23/><AGARI ba="0,1" hai="1,3,13,17,19,20,23,24,27,30,35" m="51787" machi="23" ten="30,3900,0" yaku="20,1,34,2" doraHai="5" who="1" fromWho="3" sc="361,0,209,49,286,0,134,-39" /><INIT seed="3,0,0,2,5,130" ten="361,258,286,95" oya="3" hai0="46,28,132,33,56,88,91,50,68,53,6,120,70" hai1="112,125,75,45,97,1,15,62,131,51,72,110,24" hai2="37,89,14,61,7,126,27,11,29,87,47,101,116" hai3="100,12,103,71,48,82,66,0,16,43,63,38,4"/><W81/><G38/><T20/><D33/><U80/><E1/><V127/><F116/><W31/><G31/><T129/><D129/><U42/><E131/><V77/><F101/><W98/><G4/><T25/><D6/><U35/><E112/><V44/><F77/><W9/><G0/><T84/><D120/><U30/><E125/><N who="2" m="47627" /><F61/><W59/><G103/><T99/><D70/><U40/><E110/><V104/><F104/><W115/><G115/><T32/><D68/><U133/><E42/><V119/><F119/><W26/><G26/><T74/><D74/><U49/><E80/><N who="2" m="49383" /><F37/><W102/><G102/><T79/><D99/><U109/><E15/><V54/><F54/><W114/><G114/><T78/><D91/><U95/><E45/><V57/><F57/><W10/><G10/><T86/><D86/><U117/><E30/><V21/><AGARI ba="0,0" hai="7,11,14,21,27,29,44,47" m="49383,47627" machi="21" ten="30,1100,0" yaku="18,1" doraHai="130" who="2" fromWho="2" sc="361,-3,258,-3,286,11,95,-5" owari="358,45.8,255,-14.5,297,9.7,90,-41.0" /></mjloggm>