<mjloggm ver="2.3"><GO type="225" lobby="0"/><UN n0="%E3%81%95%E3%81%8D%E3%81%9F%E3%81%BE%E6%9E%97%E6%AA%8E" n1="%E3%81%8B%E3%82%8F%E3%81%A1%E3%82%83%E3%82%93%35%38" n2="%E3%82%A2%E3%83%A1%E3%82%A2%E3%83%A9%E3%83%AC" n3="%E3%81%A4%E3%81%A3%E3%81%B1%E3%82%8A%E3%83%9D%E3%83%BC%E3%83%AB" dan="16,17,16,16" rate="2064.69,2165.52,2087.00,2099.63" sx="M,M,M,M"/><TAIKYOKU oya="0"/><INIT seed="0,0,0,2,1,121" ten="250,250,250,250" oya="0" hai0="94,87,77,83,128,107,101,27,45,10,23,132,71" hai1="13,126,100,111,124,120,57,108,99,28,38,52,96" hai2="59,32,110,24,90,125,106,58,6,61,35,34,36" hai3="98,134,73,75,86,88,115,72,66,55,68,97,63"/><T113/><D71/><U33/><E120/><V118/><F125/><N who="1" m="48233" /><E38/><V46/><F106/><W4/><G115/><T69/><D113/><U56/><E56/><V48/><F36/><W112/><G112/><T15/><D69/><U80/><E13/><V43/><F118/><W67/><G134/><T104/><D132/><U79/><E28/><V65/><F6/><W133/><G133/><T119/><D128/><U76/><E33/><V127/><F127/><W2/><G67/><T105/><D119/><U14/><E14/><V70/><F24/><W21/><G21/><T131/><D131/><U78/><E80/><V64/><F64/><W84/><G84/><T40/><D94/><N who="1" m="58391" /><E99/><V51/><F51/><AGARI ba="0,0" hai="51,52,57,76,78,79,108,111" m="58391,48233" machi="51" ten="30,7700,0" yaku="18,1,52,2,54,1" doraHai="121" who="1" fromWho="2" sc="250,0,250,77,250,-77,250,0" /><INIT seed="1,0,0,5,2,85" ten="250,327,173,250" oya="1" hai0="24,115,130,88,10,31,16,74,6,73,97,68,47" hai1="9,3,125,63,104,132,1,83,67,44,128,79,23" hai2="126,25,28,49,91,60,76,98,11,22,2,71,59" hai3="100,57,109,43,34,124,69,93,131,113,118,89,12"/><U17/><E104/><V46/><F126/><W41/><G69/><T36/><D115/><U7/><E125/><V32/><F71/><W70/><G70/><T38/><D68/><U29/><E132/><V64/><F76/><W81/><G113/><T15/><D130/><U65/><E1/><V99/><F32/><W27/><G124/><T52/><D38/><U66/><E128/><V55/><F2/><W105/><G81/><T122/><D122/><U53/><E29/><V80/><REACH who="2" step="1"/><F11/><REACH who="2" ten="250,327,163,250" step="2"/><W134/><G34/><T62/><D10/><U26/><E9/><V86/><AGARI ba="0,1" hai="22,25,28,46,49,55,59,60,64,80,86,91,98,99" machi="86" ten="30,8000,1" yaku="1,1,2,1,0,1,8,1,52,1,53,0" doraHai="85" doraHaiUra="116" who="2" fromWho="2" sc="250,-20,327,-40,163,90,250,-20" /><INIT seed="2,0,0,3,3,130" ten="230,287,253,230" oya="2" hai0="50,48,109,43,26,116,76,28,86,38,35,36,122" hai1="66,128,16,101,88,10,0,3,27,69,132,134,73" hai2="133,68,24,121,31,111,84,1,107,18,127,118,135" hai3="97,96,113,25,91,108,129,11,20,51,120,80,8"/><V42/><F118/><W57/><G120/><T55/><D109/><U125/><E73/><V30/><F121/><W34/><G34/><T95/><D122/><U92/><E128/><V65/><F107/><W81/><G129/><T102/><D116/><U47/><E101/><V4/><F111/><W15/><G108/><T17/><D102/><U53/><E125/><V61/><F127/><W40/><G113/><T110/><D110/><U87/><E66/><V13/><F42/><W93/><G97/><T45/><D17/><U22/><E69/><V56/><F84/><W124/><G124/><T79/><D76/><U123/><E123/><V131/><F68/><W9/><G15/><T67/><D67/><U72/><E72/><V14/><F14/><W60/><G51/><T70/><D70/><U74/><E74/><V39/><F39/><W23/><G40/><T82/><REACH who="0" step="1"/><D95/><REACH who="0" ten="220,287,253,230" step="2"/><U54/><E92/><V103/><F103/><W29/><REACH who="3" step="1"/><G23/><REACH who="3" ten="220,287,253,220" step="2"/><T78/><D78/><U58/><E22/><V94/><F131/><W71/><G71/><T112/><D112/><U37/><E27/><V62/><F24/><W64/><AGARI ba="0,2" hai="8,9,11,20,25,29,57,60,64,80,81,91,93,96" machi="64" ten="30,7900,0" yaku="1,1,0,1,8,1,53,1" doraHai="130" doraHaiUra="52" who="3" fromWho="3" sc="220,-20,287,-20,253,-39,220,99" /><INIT seed="3,0,0,5,1,31" ten="200,267,214,319" oya="3" hai0="28,30,94,63,64,105,55,10,95,25,67,51,46" hai1="8,70,20,13,50,2,93,106,21,116,120,45,90" hai2="135,7,96,122,68,71,6,72,42,131,75,58,86" hai3="125,126,27,117,48,118,18,92,41,11,85,9,98"/><W22/><G85/><T53/><D105/><U114/><E120/><V103/><F122/><W88/><G48/><T59/><D67/><U69/><E114/><V79/><F135/><W61/><G61/><T134/><D134/><U16/><E106/><V32/><F32/><W108/><G41/><T19/><D64/><U91/><E116/><N who="3" m="44650" /><G108/><T110/><D110/><U87/><E2/><V56/><F131/><W43/><G43/><T82/><D82/><N who="1" m="49527" /><E69/><V29/><F29/><W80/><G80/><T39/><D39/><U101/><E101/><V119/><F7/><W102/><G102/><T65/><D65/><U128/><E70/><V97/><F103/><W130/><G130/><T33/><REACH who="0" step="1"/><D30/><REACH who="0" ten="190,267,214,319" step="2"/><U1/><E128/><V35/><F119/><W78/><G78/><T12/><AGARI ba="0,1" hai="10,12,19,25,28,33,46,51,53,55,59,63,94,95" machi="12" ten="30,7900,0" yaku="1,1,2,1,0,1,52,1,53,0" doraHai="31" doraHaiUra="109" who="0" fromWho="0" sc="190,89,267,-20,214,-20,319,-39" /><INIT seed="4,0,0,1,4,90" ten="279,247,194,280" oya="0" hai0="9,72,71,109,6,13,102,85,58,89,107,96,3" hai1="49,113,118,134,93,132,17,125,32,80,16,81,117" hai2="110,39,119,0,79,129,45,122,83,121,104,52,78" hai3="2,21,126,88,38,70,14,91,64,61,41,28,22"/><T1/><D71/><U23/><E32/><V37/><F110/><W115/><G2/><T33/><D33/><U10/><E125/><V5/><F129/><W67/><G67/><T11/><D109/><U18/><E23/><V105/><F119/><N who="1" m="45577" /><E10/><V8/><F79/><W35/><G35/><T25/><D25/><U57/><E113/><V94/><F94/><W34/><G34/><T55/><D72/><U114/><E114/><V27/><F27/><W133/><G115/><T31/><D31/><U43/><E93/><V92/><F92/><W20/><G133/><N who="1" m="51306" /><E43/><N who="2" m="22767" /><F52/><AGARI ba="0,0" hai="16,17,18,49,52,57,80,81" m="51306,45577" machi="52" ten="40,5200,0" yaku="20,1,54,2" doraHai="90" who="1" fromWho="2" sc="279,0,247,52,194,-52,280,0" /><INIT seed="5,0,0,3,2,75" ten="279,299,142,280" oya="1" hai0="83,112,14,4,21,91,95,7,38,57,132,92,11" hai1="133,98,22,67,47,15,89,108,111,119,1,56,24" hai2="125,33,0,32,106,128,82,20,110,37,104,45,65" hai3="41,100,109,17,78,48,74,101,80,105,23,13,2"/><U54/><E1/><V99/><F110/><N who="1" m="42025" /><E133/><V60/><F128/><W113/><G109/><T124/><D132/><U43/><E119/><V35/><F125/><W53/><G2/><T16/><D124/><U62/><E15/><V27/><F0/><W61/><G105/><T59/><D38/><N who="1" m="22007" /><E89/><V117/><F117/><W52/><G113/><T68/><D68/><U129/><E98/><V84/><F99/><W66/><G41/><T51/><D112/><U40/><E40/><V72/><F72/><W50/><G50/><T3/><D51/><U49/><E129/><V135/><F135/><W55/><REACH who="3" step="1"/><G48/><REACH who="3" ten="279,299,142,270" step="2"/><T115/><D115/><U118/><E118/><V19/><F45/><W71/><AGARI ba="0,1" hai="13,17,23,52,53,55,61,66,71,74,78,80,100,101" machi="71" ten="30,12000,2" yaku="1,1,2,1,0,1,52,1,54,1,53,1" doraHai="75" doraHaiUra="10" who="3" fromWho="3" sc="279,-30,299,-60,142,-30,270,130" owari="249,4.9,239,-16.1,112,-38.8,400,50.0" /></mjloggm>