<mjloggm ver="2.3"><GO type="225" lobby="0"/><UN n0="%E3%82%82%E3%81%90%E3%82%89" n1="%E8%A8%88%E7%AE%97%E6%A9%9F%E8%87%AA%E7%84%B6" n2="%E6%80%AA%E3%81%97%E3%81%99%E3%81%8E%E3%82%8B%E3%83%81%E3%83%BC" n3="%45%6C%79%73%69%75%6D" dan="17,17,16,17" rate="2148.89,2190.80,2180.18,2154.94" sx="M,M,M,F"/><TAIKYOKU oya="0"/><INIT seed="0,0,0,1,1,86" ten="250,250,250,250" oya="0" hai0="79,19,78,61,13,94,46,33,42,95,99,22,67" hai1="53,32,82,1,4,120,97,25,128,84,119,44,57" hai2="83,114,5,130,51,103,35,101,18,118,122,17,111" hai3="62,77,66,96,89,63,76,98,75,3,31,126,50"/><T117/><D33/><U109/><E119/><V38/><F114/><W125/><G3/><T58/><D117/><U93/><E120/><V102/><F38/><W104/><G50/><T59/><D59/><U80/><E109/><V8/><F35/><W20/><G104/><T106/><D106/><U52/><E128/><V135/><F111/><W68/><G63/><T81/><D81/><U85/><E4/><V123/><F135/><W9/><G9/><T43/><D95/><U48/><E1/><V36/><F36/><W29/><G98/><T72/><D72/><U40/><E32/><V45/><F130/><W108/><G108/><T133/><D133/><U56/><E25/><V14/><F83/><N who="1" m="31785" /><E40/><N who="0" m="15401" /><D46/><U121/><E44/><V41/><REACH who="2" step="1"/><F118/><REACH who="2" ten="250,250,240,250" step="2"/><W69/><G75/><T7/><D7/><U15/><E121/><AGARI ba="0,1" hai="5,8,14,17,18,41,45,51,101,102,103,121,122,123" machi="121" ten="40,2600,0" yaku="1,1,2,1,53,0" doraHai="86" doraHaiUra="90" who="2" fromWho="1" sc="250,0,250,-26,240,36,250,0" /><INIT seed="1,0,0,5,2,132" ten="250,224,276,250" oya="1" hai0="84,61,81,105,65,106,40,30,13,47,90,96,35" hai1="36,94,134,44,118,46,98,123,37,48,68,107,50" hai2="97,117,69,45,130,80,58,95,91,6,110,78,29" hai3="116,92,22,115,127,4,60,55,54,7,103,76,42"/><U0/><E0/><V12/><F69/><W88/><G115/><T126/><D35/><U49/><E118/><V112/><F117/><W86/><G116/><T43/><D30/><U89/><E123/><V25/><F110/><W18/><G42/><T39/><D40/><U79/><E134/><V63/><F130/><W128/><G128/><T67/><D67/><U77/><E68/><V82/><F45/><W9/><G127/><T32/><D32/><U8/><E107/><V38/><F38/><W23/><G23/><T28/><D28/><U56/><E8/><N who="2" m="4119" /><F78/><N who="1" m="29705" /><E36/><V93/><F93/><W124/><G124/><T52/><D126/><U1/><E1/><V27/><F112/><W11/><G76/><T34/><D34/><U133/><E37/><V20/><F27/><N who="3" m="14807" /><G103/><T10/><D96/><U62/><E133/><V122/><F122/><W17/><G17/><T72/><D72/><U26/><E26/><V31/><F31/><W41/><G41/><T16/><REACH who="0" step="1"/><D52/><AGARI ba="0,0" hai="44,46,48,49,50,52,56,62,89,94,98" m="29705" machi="52" ten="30,2900,0" yaku="8,1,54,1" doraHai="132" who="1" fromWho="0" sc="250,-29,224,29,276,0,250,0" /><AGARI ba="0,0" hai="20,25,29,52,58,63,80,82,91,95,97" m="4119" machi="52" ten="30,2000,0" yaku="8,1,54,1" doraHai="132" who="2" fromWho="0" sc="221,-20,253,0,276,20,250,0" /><INIT seed="1,1,0,5,2,117" ten="201,253,296,250" oya="1" hai0="93,0,31,92,16,12,60,51,35,9,99,91,127" hai1="106,66,105,124,82,126,24,4,17,15,114,29,54" hai2="98,128,70,46,113,121,81,52,62,72,25,11,34" hai3="8,45,83,103,97,104,118,74,18,3,101,37,1"/><U56/><E114/><V112/><F121/><W107/><G118/><T57/><D127/><N who="1" m="48683" /><E4/><V123/><F123/><W85/><G18/><T135/><D135/><U86/><E66/><V49/><F128/><W23/><G23/><T22/><D93/><U30/><E15/><V80/><F72/><W50/><G37/><T65/><D51/><N who="1" m="30815" /><E17/><V88/><F62/><W10/><G1/><T89/><D35/><N who="1" m="20903" /><E30/><V64/><F64/><W38/><G3/><T61/><D61/><U36/><E36/><V40/><F70/><W73/><G38/><T76/><D76/><AGARI ba="1,0" hai="76,82,86,105,106" m="20903,30815,48683" machi="76" ten="30,1500,0" yaku="18,1" doraHai="117" who="1" fromWho="0" sc="201,-18,253,18,296,0,250,0" /><INIT seed="1,2,0,4,4,98" ten="183,271,296,250" oya="1" hai0="73,69,82,120,71,5,117,95,72,116,32,60,115" hai1="39,119,78,88,58,107,76,128,17,47,90,85,89" hai2="37,35,46,127,8,7,110,4,3,38,77,125,36" hai3="130,45,97,19,126,113,114,42,101,112,74,105,1"/><U9/><E119/><V66/><F110/><W51/><G130/><T87/><D115/><U24/><E107/><V65/><F35/><W59/><G126/><N who="2" m="48137" /><F7/><W135/><G135/><T28/><D120/><U64/><E128/><V109/><F109/><W10/><G74/><T111/><D111/><U108/><E108/><V93/><F77/><N who="1" m="29801" /><E39/><N who="2" m="14923" /><F93/><W0/><G59/><T61/><D5/><U22/><E47/><V100/><F100/><W67/><G67/><T123/><D95/><N who="1" m="54671" /><E9/><V91/><F91/><W33/><G33/><T21/><D32/><U75/><E75/><V102/><F102/><W41/><G0/><T84/><D123/><U62/><AGARI ba="2,0" hai="17,22,24,58,62,64,89,90" m="54671,29801" machi="62" ten="30,3000,0" yaku="8,1,54,1" doraHai="98" who="1" fromWho="1" sc="183,-12,271,36,296,-12,250,-12" /><INIT seed="1,3,0,0,2,19" ten="171,307,284,238" oya="1" hai0="133,2,67,121,12,26,131,59,124,45,53,13,130" hai1="97,122,128,65,20,32,107,80,17,14,102,126,28" hai2="11,89,96,21,120,4,38,54,101,50,16,22,71" hai3="49,82,99,105,9,46,88,36,93,111,5,39,6"/><U10/><E122/><V41/><F71/><W43/><G111/><T135/><D2/><U110/><E128/><N who="0" m="49193" /><D121/><U66/><E126/><V33/><F33/><W51/><G105/><T108/><D108/><U117/><E117/><V72/><F72/><W79/><G36/><T15/><D67/><U40/><E110/><V1/><F89/><W18/><G18/><T125/><D45/><U64/><E40/><V23/><F41/><W127/><G127/><N who="0" m="48715" /><D26/><U74/><E64/><V106/><F38/><W98/><G98/><T29/><D29/><U118/><E65/><V24/><F120/><W44/><G44/><AGARI ba="3,0" hai="1,4,11,16,21,22,23,24,44,50,54,96,101,106" machi="44" ten="30,8000,1" yaku="7,1,52,3,54,1" doraHai="19" who="2" fromWho="3" sc="171,0,307,0,284,89,238,-89" /><INIT seed="2,0,0,1,1,93" ten="171,307,373,149" oya="2" hai0="135,124,97,41,63,123,116,85,118,68,84,89,21" hai1="130,35,115,30,69,131,29,14,45,53,65,108,54" hai2="122,28,36,98,17,76,19,99,55,42,101,4,57" hai3="110,114,60,82,56,81,9,83,1,62,52,43,120"/><V33/><F122/><W79/><G120/><T127/><D123/><U31/><E115/><V22/><F4/><W121/><G121/><T51/><D135/><U37/><E35/><V58/><F76/><W119/><G119/><N who="0" m="45611" /><D21/><U27/><E27/><N who="2" m="16503" /><F36/><W25/><G114/><T26/><D26/><U78/><E78/><V10/><F101/><W66/><G110/><T20/><D20/><U100/><E108/><V18/><F42/><W0/><G25/><T109/><D109/><U67/><E14/><N who="2" m="7383" /><F57/><W133/><G133/><T86/><D127/><U92/><E37/><V91/><F91/><W129/><G129/><T39/><D124/><U48/><E69/><V59/><F59/><W112/><G112/><T11/><D39/><U126/><E126/><V64/><F64/><W61/><G79/><T15/><D15/><U94/><E100/><V80/><F80/><W103/><G103/><T24/><D24/><U6/><E6/><V7/><F7/><W128/><G128/><T38/><D38/><U75/><E75/><V8/><F33/><W70/><G9/><T13/><D13/><U50/><E131/><V111/><F111/><W134/><G134/><T73/><D11/><U71/><E130/><V40/><F40/><W5/><G5/><T47/><D73/><U95/><REACH who="1" step="1"/><E71/><REACH who="1" ten="171,297,373,149" step="2"/><V32/><F32/><W125/><G125/><T74/><D74/><U2/><E2/><V132/><F132/><W90/><G0/><T106/><D68/><U113/><E113/><V102/><F102/><W34/><G1/><T72/><D72/><U16/><E16/><N who="2" m="6187" /><F8/><W105/><G34/><RYUUKYOKU ba="0,1" sc="171,-15,297,15,373,15,149,-15" hai1="29,30,31,45,48,50,53,54,65,67,92,94,95" hai2="55,58,98,99" /><INIT seed="2,1,1,3,0,129" ten="156,312,388,134" oya="2" hai0="114,62,81,124,43,104,99,113,86,77,97,14,41" hai1="70,59,53,93,127,4,26,17,52,54,116,79,23" hai2="100,36,51,94,121,85,37,88,28,32,44,89,131" hai3="29,118,1,60,16,39,128,82,50,108,106,2,119"/><V90/><F121/><W21/><G39/><T65/><D124/><U76/><E70/><V68/><F68/><W56/><G128/><T35/><D35/><U109/><E116/><V34/><F131/><W42/><G106/><T134/><D134/><U107/><E107/><V10/><F10/><W95/><G108/><T31/><D31/><U112/><E112/><V33/><F28/><W92/><G29/><T96/><D104/><U67/><E127/><V130/><F130/><W5/><G118/><T49/><D14/><U91/><E4/><V102/><F85/><W69/><G119/><T132/><D132/><U75/><E75/><V135/><F135/><W12/><G69/><T64/><D49/><U25/><E25/><V66/><F66/><W115/><G115/><T19/><D19/><U8/><E8/><V6/><F6/><W46/><G82/><T18/><D18/><U72/><E72/><V20/><F20/><W63/><G63/><T7/><D7/><U103/><E103/><V0/><F0/><W27/><G27/><T80/><D80/><U105/><E105/><V38/><F94/><W126/><G126/><T133/><D133/><U61/><REACH who="1" step="1"/><E109/><REACH who="1" ten="156,302,388,134" step="2"/><V83/><REACH who="2" step="1"/><F83/><REACH who="2" ten="156,302,378,134" step="2"/><W30/><G5/><T120/><D113/><U13/><E13/><V73/><F73/><W40/><G1/><T78/><D114/><U45/><E45/><V117/><F117/><W48/><G2/><T55/><D81/><U74/><E74/><V58/><F58/><W98/><G56/><T11/><D120/><U47/><E47/><V71/><F71/><W123/><G123/><RYUUKYOKU ba="1,3" sc="156,-15,302,15,378,15,134,-15" hai1="17,23,26,52,53,54,59,61,67,76,79,91,93" hai2="32,33,34,36,37,38,44,51,88,89,90,100,102" /><INIT seed="2,2,3,4,4,21" ten="141,317,393,119" oya="2" hai0="97,82,112,104,64,69,45,111,55,91,18,24,100" hai1="17,59,109,106,4,25,0,20,80,34,36,93,43" hai2="58,83,62,56,16,95,67,15,40,85,57,51,74" hai3="124,22,27,66,1,76,113,29,135,28,48,2,128"/><V116/><F116/><W5/><G76/><T123/><D112/><U89/><E109/><V33/><F95/><W119/><G66/><T50/><D123/><U108/><E108/><V63/><F33/><W71/><G71/><T7/><D111/><U38/><E106/><V96/><F96/><W105/><G105/><T132/><D7/><U121/><E121/><V129/><F74/><W79/><G79/><T94/><D132/><U54/><E80/><V88/><F129/><W37/><G37/><T130/><D130/><U13/><E0/><V126/><F63/><W99/><G99/><T11/><D82/><U90/><E43/><V127/><F40/><W3/><G119/><T30/><D18/><U73/><E89/><V125/><F51/><W78/><G78/><T41/><D11/><AGARI ba="2,3" hai="11,15,16,56,57,58,62,67,83,85,88,125,126,127" machi="11" ten="40,7700,0" yaku="18,1,54,2" doraHai="21" who="2" fromWho="0" sc="141,-83,317,0,393,113,119,0" /><INIT seed="2,3,0,1,4,30" ten="58,317,506,119" oya="2" hai0="112,73,54,108,36,71,77,107,61,125,96,84,44" hai1="29,113,7,93,89,115,105,110,62,134,97,130,3" hai2="16,109,18,81,27,86,104,99,78,5,124,92,35" hai3="87,58,1,94,95,68,106,56,11,22,9,126,52"/><V76/><F124/><W98/><G126/><T102/><D125/><U127/><E127/><V23/><F104/><W57/><G68/><T40/><D112/><U88/><E110/><V90/><F35/><W0/><G106/><T50/><D108/><U20/><E130/><V48/><F5/><W65/><G65/><T117/><D117/><U26/><E134/><V31/><F109/><W133/><G133/><T45/><D73/><U63/><E105/><V39/><F39/><W42/><G42/><T120/><D120/><U14/><E3/><V111/><F111/><W85/><G1/><T135/><D135/><U6/><E115/><V75/><F75/><W128/><G128/><T13/><D13/><U70/><E70/><V101/><F48/><N who="3" m="30727" /><G22/><T33/><D84/><N who="3" m="32329" /><G0/><T4/><D77/><AGARI ba="3,0" hai="16,18,23,27,31,76,77,78,81,86,90,92,99,101" machi="77" ten="40,3900,0" yaku="8,1,54,1" doraHai="30" who="2" fromWho="0" sc="58,-48,317,0,506,48,119,0" /><INIT seed="2,4,0,4,1,7" ten="10,317,554,119" oya="2" hai0="6,25,19,104,133,36,37,44,17,92,27,11,14" hai1="81,121,61,91,108,79,98,69,88,117,99,22,128" hai2="39,134,54,28,23,67,29,4,72,90,57,101,76" hai3="32,21,127,51,45,130,38,9,119,122,59,102,131"/><V43/><F134/><W71/><G32/><T47/><D104/><U42/><E42/><V12/><F67/><W83/><G71/><T106/><D106/><U40/><E40/><V41/><F101/><W80/><G122/><T107/><D107/><U30/><E22/><V85/><F76/><W93/><G119/><T49/><D133/><U46/><E46/><V66/><F66/><W132/><G38/><T0/><D92/><U126/><E30/><N who="2" m="11883" /><F72/><W62/><G93/><T78/><D78/><U52/><E69/><V89/><F39/><W87/><G102/><T35/><D47/><U56/><E126/><V112/><F89/><W103/><G103/><T64/><D64/><U125/><E125/><V53/><F112/><W48/><G127/><T114/><D114/><U18/><E91/><V129/><F129/><W110/><G132/><T68/><D68/><U31/><E128/><V74/><F74/><W96/><G130/><T77/><D77/><U135/><E79/><V8/><F23/><W2/><G21/><N who="0" m="13487" /><D35/><U20/><E135/><V26/><F26/><W15/><G131/><T97/><D27/><U1/><E88/><V124/><F124/><W13/><G96/><T65/><D97/><U24/><E98/><V58/><F58/><W116/><G59/><T123/><D65/><U94/><E99/><V50/><F54/><W33/><G33/><T55/><D123/><U111/><E121/><V5/><F5/><W34/><G34/><T118/><D118/><U86/><E117/><V3/><F3/><W95/><G116/><T10/><D37/><U63/><E56/><RYUUKYOKU ba="4,0" sc="10,15,317,-15,554,15,119,-15" hai0="0,6,10,11,14,19,36,44,49,55" hai2="4,8,12,41,43,50,53,57,85,90" /><INIT seed="2,5,0,4,2,0" ten="25,302,569,104" oya="2" hai0="16,23,1,65,82,111,77,17,14,52,130,49,74" hai1="34,103,76,122,32,26,63,84,39,8,73,78,50" hai2="116,99,120,89,70,69,106,48,128,53,133,79,62" hai3="28,47,129,29,24,123,131,126,91,114,40,127,41"/><V100/><F116/><W35/><G123/><T107/><D111/><U36/><E84/><V94/><F120/><W66/><G114/><T92/><D130/><N who="3" m="49673" /><G28/><T15/><D107/><U96/><E50/><V125/><F133/><W5/><G66/><T115/><D1/><U86/><E86/><V7/><F125/><N who="3" m="47627" /><G47/><T60/><D92/><U54/><E32/><V45/><F128/><W12/><G91/><T61/><D65/><U30/><E30/><V57/><F79/><W37/><G37/><T132/><D132/><U102/><E36/><V81/><F81/><W27/><G27/><T46/><REACH who="0" step="1"/><D115/><REACH who="0" ten="15,302,569,104" step="2"/><U43/><E122/><V93/><F106/><W109/><G109/><T19/><D19/><U9/><E103/><V95/><F100/><W108/><G108/><T101/><D101/><U31/><E102/><V80/><F70/><W71/><G71/><T119/><D119/><U18/><E18/><V56/><F69/><W135/><G135/><T22/><AGARI ba="5,1" hai="14,15,16,17,22,23,46,49,52,60,61,74,77,82" machi="22" ten="20,12000,2" yaku="1,1,0,1,7,1,9,1,54,2,53,1" doraHai="0" doraHaiUra="104" who="0" fromWho="0" sc="15,145,302,-35,569,-65,104,-35" /><INIT seed="3,0,0,2,3,55" ten="160,267,504,69" oya="3" hai0="85,27,102,47,37,59,97,5,65,38,108,99,62" hai1="3,113,115,75,90,119,26,71,123,23,126,20,111" hai2="83,64,67,25,13,120,41,70,95,135,89,73,100" hai3="117,2,101,39,19,107,60,33,134,14,43,30,78"/><W44/><G117/><T58/><D108/><U45/><E71/><V128/><F135/><W132/><G2/><T31/><D5/><U122/><E75/><V57/><F128/><W50/><G78/><T116/><D116/><U103/><E103/><V104/><F57/><W91/><G101/><T36/><D85/><U72/><E72/><V1/><F1/><W96/><G107/><T61/><D47/><U16/><E90/><V84/><F41/><W69/><G30/><T51/><D51/><U125/><E45/><V68/><F13/><W53/><G33/><T6/><D6/><U32/><E32/><V92/><F25/><W106/><G106/><T109/><D109/><U82/><E82/><V105/><F95/><W110/><G110/><T54/><D102/><U93/><E93/><V87/><F104/><W17/><G91/><T4/><D4/><U88/><E88/><V124/><F120/><N who="1" m="46121" /><E3/><V52/><F124/><N who="1" m="47721" /><E111/><V49/><F67/><N who="3" m="41191" /><G96/><T29/><D29/><N who="1" m="17607" /><E119/><V40/><F105/><W46/><G14/><AGARI ba="0,0" hai="14,16,23,113,115" m="17607,47721,46121" machi="14" ten="30,7700,0" yaku="18,1,34,2,54,1" doraHai="55" who="1" fromWho="3" sc="160,0,267,77,504,0,69,-77" owari="160,-24.0,344,14.4,504,60.4,-8,-50.8" /></mjloggm>