<mjloggm ver="2.3"><GO type="225" lobby="0"/><UN n0="%E3%81%BF%E3%81%BF%E3%81%9A" n1="%74%61%6B%75%61%6B%61" n2="%E3%81%8B%E3%82%8F%E3%81%A1%E3%82%83%E3%82%93%35%38" n3="%72%61%6B%33" dan="16,16,16,16" rate="2135.85,2135.42,2186.29,2072.33" sx="M,M,M,M"/><TAIKYOKU oya="0"/><INIT seed="0,0,0,4,5,16" ten="250,250,250,250" oya="0" hai0="126,75,84,61,110,115,14,36,26,114,49,33,47" hai1="127,41,98,50,57,17,55,113,53,133,10,118,28" hai2="134,129,109,87,52,40,120,38,124,32,73,95,45" hai3="2,59,100,22,67,94,78,77,90,8,64,65,58"/><T6/><D75/><U93/><E118/><V35/><F73/><W69/><G69/><T83/><D36/><U82/><E127/><V54/><F120/><W68/><G68/><T116/><D116/><U25/><E133/><V131/><F134/><W130/><G130/><N who="2" m="49673" /><F124/><W56/><G100/><T21/><D126/><U81/><E113/><V122/><F122/><W106/><G106/><T107/><D107/><U91/><E41/><V20/><F109/><W72/><G72/><T99/><D99/><U70/><E70/><V13/><F95/><W30/><G8/><N who="0" m="4375" /><D33/><N who="2" m="12874" /><F87/><W7/><G7/><T43/><D61/><U79/><E79/><V42/><F42/><W128/><G2/><T101/><D110/><U34/><REACH who="1" step="1"/><E53/><REACH who="1" ten="250,240,250,250" step="2"/><V37/><F37/><W5/><G128/><T27/><D114/><U132/><E132/><V123/><F123/><W23/><G5/><T39/><D115/><U62/><E62/><V108/><F108/><W89/><G30/><N who="0" m="17743" /><D39/><U111/><E111/><V85/><F85/><W80/><G80/><T46/><D84/><U135/><E135/><V9/><F9/><W51/><G51/><T60/><D60/><U119/><E119/><V96/><F96/><W86/><REACH who="3" step="1"/><G90/><REACH who="3" ten="250,240,250,240" step="2"/><T117/><D83/><U92/><E92/><V76/><F76/><AGARI ba="0,2" hai="22,23,56,58,59,64,65,67,76,77,78,86,89,94" machi="76" ten="40,8000,1" yaku="1,1,2,1,8,1,52,2,53,0" doraHai="16" doraHaiUra="0" who="3" fromWho="2" sc="250,0,240,0,250,-80,240,100" /><INIT seed="1,0,0,1,0,67" ten="250,240,170,340" oya="1" hai0="132,73,19,10,118,11,40,54,39,68,31,97,49" hai1="25,128,90,108,110,53,124,96,47,116,51,14,63" hai2="4,104,121,44,112,43,30,64,34,15,69,7,71" hai3="100,13,41,119,36,92,70,81,12,23,5,133,123"/><U37/><E116/><V86/><F121/><W66/><G123/><T35/><D118/><U3/><E3/><V20/><F104/><W101/><G119/><T117/><D117/><U50/><E124/><V109/><F34/><W9/><G133/><T125/><D73/><U38/><E128/><V107/><F107/><W57/><G81/><T58/><D125/><U103/><E90/><V85/><F64/><W94/><G41/><T42/><D132/><U33/><E14/><V46/><F109/><N who="1" m="42089" /><E50/><V83/><F112/><W45/><G45/><T8/><D39/><U80/><E80/><V6/><F85/><W18/><G36/><T114/><D114/><U84/><E84/><V1/><F1/><W28/><G28/><T93/><D19/><U127/><E127/><V91/><F44/><W88/><G94/><T78/><D78/><U98/><E98/><V24/><REACH who="2" step="1"/><F15/><REACH who="2" ten="250,240,160,340" step="2"/><W65/><G13/><T77/><D35/><U106/><E33/><V115/><F115/><W59/><G12/><T62/><D77/><U17/><E63/><V29/><F29/><W131/><G9/><T95/><D31/><U102/><E102/><V99/><F99/><W16/><G101/><T105/><D97/><U21/><AGARI ba="0,1" hai="17,21,25,37,38,47,51,53,96,103,106" m="42089" machi="21" ten="30,3000,0" yaku="14,1,10,1" doraHai="67" who="1" fromWho="1" sc="250,-10,240,40,160,-10,340,-10" /><INIT seed="1,1,0,1,2,123" ten="240,280,150,330" oya="1" hai0="69,106,73,28,58,4,93,134,87,29,11,6,27" hai1="107,56,9,110,47,101,89,131,96,38,35,86,133" hai2="82,128,126,54,19,13,24,3,39,100,2,48,90" hai3="25,124,18,65,127,43,44,102,46,109,21,125,81"/><U120/><E120/><V79/><F39/><W64/><G109/><T132/><D69/><U45/><E131/><V5/><F128/><W130/><G130/><T129/><D73/><U85/><E35/><V50/><F126/><W83/><G102/><T70/><D70/><U116/><E116/><V30/><F100/><W97/><G97/><T119/><D106/><U112/><E112/><V84/><F79/><W71/><G46/><T95/><D129/><U72/><E72/><V17/><F5/><W94/><G94/><T67/><D119/><U103/><E133/><V117/><F117/><W62/><REACH who="3" step="1"/><G65/><REACH who="3" ten="240,280,150,320" step="2"/><T8/><D67/><U1/><E101/><V22/><F19/><W76/><G76/><T115/><D115/><U41/><E45/><V135/><F135/><W75/><G75/><T16/><D87/><U57/><E85/><V108/><F108/><W34/><G34/><T114/><D114/><U118/><E110/><V31/><F31/><W105/><G105/><T42/><D42/><U59/><E118/><V92/><F92/><W26/><G26/><T68/><D27/><U91/><REACH who="1" step="1"/><E86/><REACH who="1" ten="240,270,150,320" step="2"/><V122/><F122/><W20/><G20/><T78/><D132/><U12/><E12/><V49/><REACH who="2" step="1"/><F54/><REACH who="2" ten="240,270,140,320" step="2"/><W51/><AGARI ba="1,3" hai="18,21,25,43,44,51,62,64,71,81,83,124,125,127" machi="51" ten="30,4000,0" yaku="1,1,0,1,18,1,53,0" doraHai="123" doraHaiUra="0" who="3" fromWho="3" sc="240,-11,270,-21,140,-11,320,73" /><INIT seed="2,0,0,5,1,55" ten="229,249,129,393" oya="2" hai0="104,74,72,63,79,135,41,46,6,38,51,89,49" hai1="75,124,23,105,103,112,15,83,67,53,8,11,64" hai2="85,66,109,70,31,76,43,40,54,113,133,32,9" hai3="29,42,14,33,134,0,4,120,115,52,87,48,80"/><V128/><F113/><W93/><G120/><T107/><D6/><U21/><E112/><V16/><F70/><W58/><G0/><T35/><D35/><U26/><E124/><V3/><F66/><W122/><G122/><T129/><D129/><U50/><E105/><V100/><F100/><W131/><G134/><T81/><D135/><U19/><E103/><V44/><F133/><W5/><G131/><T22/><D74/><U28/><E75/><V27/><F128/><W47/><G33/><T34/><D34/><U97/><E97/><V71/><F71/><W118/><G118/><T77/><D77/><U60/><E83/><N who="2" m="47335" /><F109/><W68/><G68/><T17/><D63/><U111/><E111/><V130/><F130/><W98/><G29/><T18/><D18/><U30/><E30/><V91/><F91/><N who="3" m="55615" /><G14/><T114/><D114/><U82/><E82/><V36/><F43/><W106/><G106/><T90/><D104/><U78/><E78/><V121/><F121/><W62/><G115/><T110/><D107/><U69/><REACH who="1" step="1"/><E67/><REACH who="1" ten="229,239,129,393" step="2"/><V102/><F102/><W13/><G80/><T7/><D110/><U84/><E84/><V59/><F3/><W92/><G87/><T39/><D90/><U25/><E25/><V116/><F116/><W45/><G92/><T125/><D89/><U126/><E126/><V132/><F132/><W99/><G99/><T56/><D125/><U95/><E95/><V127/><F127/><W20/><G45/><AGARI ba="0,1" hai="8,11,15,19,21,23,26,28,45,50,53,60,64,69" machi="45" ten="30,2000,0" yaku="1,1,7,1,53,0" doraHai="55" doraHaiUra="1" who="1" fromWho="3" sc="229,0,239,30,129,0,393,-20" /><INIT seed="3,0,0,0,2,26" ten="229,269,129,373" oya="3" hai0="64,132,30,18,67,129,116,112,38,1,76,93,12" hai1="44,128,114,81,92,55,86,87,56,102,23,89,60" hai2="19,103,79,58,7,117,15,11,33,48,111,49,98" hai3="46,41,0,121,97,107,57,6,50,70,22,63,100"/><W21/><G121/><T5/><D38/><U28/><E114/><V106/><F111/><W62/><G70/><T17/><D116/><U88/><E128/><V10/><F117/><W39/><G39/><T133/><D76/><U77/><E44/><V66/><F33/><W96/><G63/><T90/><D129/><U54/><E102/><V8/><F106/><W71/><G71/><T68/><D112/><U101/><E101/><V118/><F118/><W80/><G97/><T127/><D127/><U119/><E119/><V31/><F79/><W32/><G32/><T43/><D43/><U37/><E37/><V45/><F7/><W83/><G83/><T75/><D75/><U131/><E131/><V124/><F124/><W122/><G122/><T109/><D109/><U16/><E89/><V126/><F126/><W3/><G3/><T24/><D1/><U113/><E113/><V9/><N who="2" m="2048" /><DORA hai="135" /><V25/><F15/><W59/><G6/><T94/><D5/><U82/><E82/><V72/><F72/><W4/><G59/><T40/><D40/><U123/><E123/><V91/><F91/><W14/><G57/><T78/><D68/><U53/><REACH who="1" step="1"/><E28/><REACH who="1" ten="229,259,129,373" step="2"/><V29/><F103/><W104/><G100/><T74/><D90/><U47/><E47/><V130/><F130/><W27/><G46/><T36/><D133/><U61/><E61/><N who="2" m="38199" /><F98/><W95/><G96/><T13/><D132/><U35/><E35/><V51/><F45/><W69/><G4/><T65/><D78/><U34/><E34/><V105/><F105/><W42/><G104/><T120/><D120/><RYUUKYOKU ba="0,1" sc="229,-15,259,15,129,15,373,-15" hai1="16,23,53,54,55,56,60,77,81,86,87,88,92" hai2="19,25,29,31,48,49,51" owari="214,-18.6,274,7.4,144,-35.6,368,46.8" /></mjloggm>