<mjloggm ver="2.3"><GO type="225" lobby="0"/><UN n0="%73%6C%69%63%6B%33%31%39" n1="%74%61%6B%75%61%6B%61" n2="%E3%81%82%E3%81%99%E3%81%AB%E3%82%83%E3%82%80" n3="%E5%AF%82%E5%AF%9E%E3%82%AE%E3%83%8D%E3%82%B9%E3%83%93%E3%83%BC%E3%83%AB" dan="16,16,16,16" rate="2194.86,2180.80,2039.20,2165.49" sx="M,M,F,M"/><TAIKYOKU oya="0"/><INIT seed="0,0,0,5,4,48" ten="250,250,250,250" oya="0" hai0="109,108,25,43,33,98,133,32,50,135,13,120,26" hai1="57,94,130,90,59,55,80,134,88,71,30,16,44" hai2="123,121,86,65,95,53,104,61,45,22,106,99,97" hai3="29,21,17,42,47,103,129,62,27,83,89,79,31"/><T101/><D120/><U0/><E71/><V66/><F123/><W132/><G129/><T87/><D87/><N who="1" m="50279" /><E0/><V35/><F35/><N who="0" m="13386" /><D43/><U93/><E30/><V37/><F121/><W40/><G132/><N who="0" m="50763" /><D50/><N who="1" m="29127" /><E130/><V69/><F65/><W38/><G40/><T8/><D98/><N who="1" m="57655" /><E134/><V124/><F37/><W91/><G103/><T114/><D101/><U4/><E4/><V74/><F74/><W7/><G7/><N who="0" m="3231" /><D114/><U18/><E94/><V2/><F95/><W11/><G38/><T9/><D9/><U117/><E117/><V12/><F104/><W125/><G11/><T70/><D70/><U64/><E59/><V115/><F106/><W76/><G42/><T122/><D122/><U82/><E82/><V39/><F69/><W73/><G83/><T14/><D14/><U119/><E119/><V67/><F39/><W34/><G34/><T127/><D127/><U111/><E111/><AGARI ba="0,0" hai="25,26,108,109,111" m="3231,50763,13386" machi="111" ten="40,12000,1" yaku="14,1,10,1,20,1,34,2" doraHai="48" who="0" fromWho="1" sc="250,120,250,-120,250,0,250,0" /><INIT seed="0,1,0,5,4,113" ten="370,130,250,250" oya="0" hai0="52,84,43,33,54,114,56,110,53,131,68,34,126" hai1="121,45,25,12,70,6,128,91,124,104,82,10,116" hai2="35,74,15,7,3,42,93,19,51,108,4,135,132" hai3="13,115,49,105,65,59,101,73,103,122,46,66,5"/><T96/><D114/><U2/><E121/><V44/><F74/><W134/><G115/><T17/><D68/><U18/><E124/><V50/><F108/><W11/><G73/><T83/><D126/><U133/><E133/><N who="2" m="51275" /><F35/><W9/><G134/><T80/><D131/><U98/><E128/><V106/><F106/><W27/><G122/><T117/><D117/><U55/><E70/><V95/><F51/><W72/><G72/><T79/><D43/><U100/><E25/><V92/><F3/><W48/><G105/><T63/><D110/><U71/><E71/><V123/><F123/><W107/><G107/><T97/><D80/><U99/><E45/><V31/><F31/><W89/><G27/><T111/><D111/><U60/><E60/><V14/><F14/><W85/><G11/><AGARI ba="1,0" hai="4,7,11,15,19,42,44,50,92,93,95" m="51275" machi="11" ten="30,1000,0" yaku="20,1" doraHai="113" who="2" fromWho="3" sc="370,0,130,0,250,13,250,-13" /><INIT seed="1,0,0,4,2,8" ten="370,130,263,237" oya="1" hai0="38,0,18,134,58,23,14,61,40,52,29,121,20" hai1="122,102,32,105,70,110,6,42,19,22,97,24,56" hai2="71,69,111,93,37,68,89,10,28,39,3,128,72" hai3="83,54,33,119,15,135,118,101,46,85,129,130,132"/><U65/><E122/><V47/><F72/><W9/><G33/><T4/><D121/><U98/><E110/><V44/><F111/><W117/><G101/><T48/><D38/><U35/><E70/><V126/><F28/><W5/><G54/><T103/><D134/><N who="3" m="51241" /><G46/><N who="0" m="25671" /><D0/><U59/><E42/><V116/><F116/><N who="3" m="29699" /><W115/><DORA hai="2" /><G115/><T67/><D4/><U13/><E97/><V79/><F37/><W57/><G57/><N who="0" m="37295" /><D103/><U96/><E96/><V43/><F44/><W100/><G100/><T75/><D75/><U62/><REACH who="1" step="1"/><E56/><REACH who="1" ten="370,120,263,237" step="2"/><V80/><F68/><W12/><G12/><T11/><D29/><U73/><E73/><V88/><F69/><W104/><G104/><T109/><D109/><U82/><E82/><V94/><F71/><W26/><G26/><T25/><D25/><U64/><E64/><V90/><F43/><W127/><G127/><T55/><D55/><U95/><E95/><V51/><F94/><W66/><G66/><T49/><AGARI ba="0,1" hai="11,14,18,20,23,49,52,58" m="37295,25671" machi="49" ten="30,4000,0" yaku="8,1,52,1,54,1" doraHai="8,2" who="0" fromWho="0" sc="370,50,120,-20,263,-10,237,-10" /><INIT seed="2,0,0,2,4,85" ten="420,100,253,227" oya="2" hai0="4,73,113,2,61,7,131,125,57,68,119,51,130" hai1="47,42,46,17,38,134,115,37,120,84,88,52,91" hai2="82,106,14,77,12,69,48,123,13,10,35,87,32" hai3="31,39,50,89,71,59,58,135,126,94,54,29,100"/><V101/><F69/><W97/><G71/><T105/><D113/><U20/><E115/><V110/><F123/><W96/><G39/><T45/><D68/><U108/><E108/><V15/><F110/><W98/><G135/><T8/><D125/><U9/><E134/><V111/><F111/><W3/><G3/><T116/><D105/><U103/><E120/><V55/><F101/><W64/><G126/><T75/><D7/><U36/><E103/><V44/><REACH who="2" step="1"/><F106/><REACH who="2" ten="420,100,243,227" step="2"/><W128/><G100/><T67/><D119/><U99/><E9/><V60/><F60/><N who="3" m="37911" /><G128/><N who="0" m="49195" /><D116/><U86/><E99/><AGARI ba="0,1" hai="29,31,50,54,59,89,94,96,97,98,99" m="37911" machi="99" ten="30,2000,0" yaku="8,1,52,1" doraHai="85" who="3" fromWho="1" sc="420,0,100,-20,243,0,227,30" /><INIT seed="3,0,0,1,0,130" ten="420,80,243,257" oya="3" hai0="108,9,80,24,114,121,55,84,6,107,62,87,96" hai1="92,29,40,91,31,86,34,32,41,2,25,120,69" hai2="105,76,72,22,110,15,58,26,30,12,53,104,49" hai3="100,33,16,126,50,98,20,134,56,46,23,113,51"/><W101/><G113/><T65/><D121/><U97/><E69/><V131/><F110/><W83/><G134/><T39/><D39/><U93/><E120/><V3/><F3/><W82/><G33/><T75/><D108/><U38/><E2/><V44/><F131/><W88/><G126/><T36/><D36/><U111/><E111/><V74/><F105/><W59/><G98/><T66/><D75/><U81/><E38/><V125/><F104/><W95/><G95/><T61/><D55/><U116/><E116/><V90/><F125/><W106/><G106/><T112/><D24/><U19/><E34/><V119/><F119/><W8/><G8/><T45/><D45/><U94/><E31/><V4/><F76/><W48/><G46/><T79/><D87/><U67/><E67/><N who="0" m="25609" /><D96/><U21/><E40/><V57/><F72/><W129/><G129/><T71/><D71/><U63/><E41/><V11/><F74/><W117/><G48/><T115/><D107/><U52/><E32/><V68/><F68/><W35/><G35/><T124/><D124/><U10/><E10/><V60/><F60/><W64/><G64/><T18/><D18/><U1/><E1/><AGARI ba="0,0" hai="1,6,9,61,62,79,80,84,112,114,115" m="25609" machi="1" ten="30,1000,0" yaku="11,1" doraHai="130" who="0" fromWho="1" sc="420,10,80,-10,243,0,257,0" owari="430,53.0,70,-43.0,243,-15.7,257,5.7" /></mjloggm>