<mjloggm ver="2.3"><GO type="225" lobby="0"/><UN n0="%E3%81%95%E3%81%8D%E3%81%9F%E3%81%BE%E6%9E%97%E6%AA%8E" n1="%E5%B8%86%E7%AB%8B%E5%A4%8F%E8%A1%A3" n2="%E3%81%A1%E3%82%85%E3%81%86%E3%81%A9%E3%81%8F%E8%B1%A1%E3%81%95%E3%82%93" n3="%E3%81%AF%E3%82%88%E3%81%8A%E3%81%98%E3%81%95%E3%82%93" dan="16,17,17,16" rate="2149.99,2184.03,2185.82,2158.42" sx="M,M,M,M"/><TAIKYOKU oya="0"/><INIT seed="0,0,0,1,2,48" ten="250,250,250,250" oya="0" hai0="55,95,18,44,83,1,72,13,2,77,20,68,88" hai1="17,7,91,66,127,16,111,21,97,81,30,5,79" hai2="33,78,58,63,47,61,37,29,35,93,52,121,64" hai3="74,101,130,71,135,75,70,80,86,69,85,8,113"/><T100/><D68/><U62/><E111/><V115/><F115/><W14/><G113/><T24/><D100/><U56/><E127/><V131/><F121/><W126/><G126/><T114/><D114/><U134/><E134/><V57/><F131/><W31/><G130/><T116/><D116/><U119/><E119/><V9/><F78/><W54/><G135/><T123/><D123/><U40/><E40/><V46/><F9/><W42/><G42/><T19/><D19/><U43/><E43/><V128/><F128/><W90/><G31/><T41/><D24/><U99/><E17/><V27/><F37/><W124/><G124/><T67/><D67/><U3/><E30/><V87/><REACH who="2" step="1"/><F33/><REACH who="2" ten="250,250,240,250" step="2"/><W12/><G74/><T23/><D23/><U73/><E3/><V109/><F109/><W50/><G75/><T45/><D45/><U53/><E5/><V112/><F112/><W34/><G34/><T96/><REACH who="0" step="1"/><D55/><REACH who="0" ten="240,250,240,250" step="2"/><U59/><E7/><V103/><F103/><W25/><G101/><T39/><AGARI ba="0,2" hai="1,2,13,18,20,39,41,44,72,77,83,88,95,96" machi="39" ten="20,12000,1" yaku="1,1,2,1,0,1,7,1,54,1,53,0" doraHai="48" doraHaiUra="122" who="0" fromWho="0" sc="240,140,250,-40,240,-40,250,-40" /><INIT seed="0,1,0,0,0,96" ten="380,210,200,210" oya="0" hai0="42,78,35,125,57,38,131,13,124,128,25,49,14" hai1="117,71,37,45,90,100,11,87,86,5,104,61,112" hai2="41,129,122,98,31,52,72,127,110,8,26,111,32" hai3="54,33,68,94,99,105,118,55,29,107,82,1,21"/><T119/><D119/><U10/><E112/><V70/><F122/><W135/><G118/><T46/><D78/><U106/><E117/><V0/><F72/><W133/><G1/><T77/><D77/><U59/><E71/><V53/><F70/><W101/><G33/><T84/><D84/><U20/><E87/><V63/><F41/><W28/><G68/><T34/><D57/><U116/><E116/><V88/><F129/><N who="0" m="49738" /><D38/><U93/><E20/><V51/><F127/><N who="0" m="48714" /><D25/><U114/><E114/><V120/><F120/><W81/><G82/><T108/><D108/><N who="2" m="41514" /><F63/><W79/><G81/><T113/><D113/><U6/><E61/><V102/><F51/><W36/><G79/><T40/><D40/><U27/><E37/><V23/><F32/><AGARI ba="1,0" hai="13,14,32,34,35,42,46,49" m="48714,49738" machi="32" ten="40,3900,0" yaku="19,1,18,1" doraHai="96" who="0" fromWho="2" sc="380,42,210,0,200,-42,210,0" /><INIT seed="0,2,0,2,4,121" ten="422,210,158,210" oya="0" hai0="120,122,33,14,124,2,63,12,1,58,10,74,126" hai1="23,83,112,132,53,15,17,72,96,111,38,79,131" hai2="11,85,71,60,128,90,119,92,113,129,88,114,115" hai3="13,127,19,35,20,130,103,82,98,31,99,5,28"/><T24/><D74/><U29/><E131/><N who="2" m="50251" /><F11/><W91/><G130/><T100/><D100/><U30/><E132/><V65/><F90/><W104/><G127/><N who="0" m="48683" /><D58/><U117/><E112/><N who="2" m="28675" /><V94/><DORA hai="37" /><F94/><W57/><G35/><T123/><D63/><U107/><E117/><AGARI ba="2,0" hai="60,65,71,85,88,92,117,119" m="28675,50251" machi="117" ten="50,3200,0" yaku="19,1,54,1" doraHai="121,37" who="2" fromWho="1" sc="422,0,210,-38,158,38,210,0" /><INIT seed="1,0,0,0,0,54" ten="422,172,196,210" oya="1" hai0="41,3,4,90,59,53,117,11,5,124,95,33,19" hai1="42,40,15,111,133,69,89,38,58,32,105,79,82" hai2="48,46,129,78,128,87,61,0,114,101,57,83,17" hai3="21,122,68,88,86,14,94,60,132,113,52,56,26"/><U131/><E133/><V126/><F0/><W27/><G113/><T127/><D117/><U65/><E131/><N who="2" m="50251" /><F114/><W66/><G122/><T107/><D107/><U25/><E105/><V64/><F17/><N who="3" m="10423" /><G132/><T112/><D112/><U84/><E69/><V80/><F80/><W50/><AGARI ba="0,0" hai="26,27,50,52,56,60,66,68,86,88,94" m="10423" machi="50" ten="30,7900,0" yaku="25,1,52,1,54,2" doraHai="54" who="3" fromWho="3" sc="422,-20,172,-39,196,-20,210,79" /><INIT seed="2,0,0,3,1,121" ten="402,133,176,289" oya="2" hai0="99,65,127,5,77,0,43,73,86,47,120,55,103" hai1="92,84,49,59,116,126,117,76,97,4,87,83,42" hai2="129,15,22,93,35,40,51,29,36,66,78,11,32" hai3="85,50,57,7,17,125,90,27,18,2,60,88,119"/><V8/><F36/><W71/><G119/><T24/><D127/><U10/><E126/><V111/><F78/><W106/><G125/><T23/><D120/><U46/><E59/><V128/><F66/><W28/><G106/><T100/><D55/><U39/><E39/><V19/><F93/><W12/><G2/><T133/><D133/><U3/><REACH who="1" step="1"/><E87/><REACH who="1" ten="402,123,176,289" step="2"/><V124/><F124/><W53/><G85/><T48/><D86/><U64/><E64/><V21/><F51/><W104/><G50/><T113/><D65/><U98/><E98/><V70/><F70/><W135/><G71/><T122/><D99/><U14/><E14/><V58/><F58/><W56/><G56/><T1/><D1/><U52/><E52/><V54/><F54/><W69/><G69/><T115/><D0/><U123/><E123/><V41/><F15/><W63/><G12/><T31/><D122/><U89/><AGARI ba="0,1" hai="3,4,10,42,46,49,76,83,84,89,92,97,116,117" machi="89" ten="20,5200,0" yaku="1,1,0,1,7,1,53,1" doraHai="121" doraHaiUra="37" who="1" fromWho="1" sc="402,-13,123,62,176,-26,289,-13" /><INIT seed="3,0,0,3,1,99" ten="389,185,150,276" oya="3" hai0="48,65,131,18,111,22,116,75,86,76,113,9,39" hai1="1,3,44,61,87,97,56,27,62,98,11,7,64" hai2="123,45,130,72,93,67,82,31,79,107,106,37,47" hai3="52,0,29,134,66,95,42,89,68,88,60,85,23"/><W35/><G0/><T4/><D111/><U101/><E3/><V77/><F130/><W114/><G114/><T69/><D116/><U15/><E1/><V10/><F123/><W38/><G35/><T81/><D131/><U34/><E34/><V20/><F67/><W16/><G134/><T26/><D39/><U53/><E101/><V104/><F77/><W126/><G126/><T112/><D69/><U90/><E27/><V135/><F135/><W6/><G6/><T33/><D33/><U120/><E120/><V8/><F93/><W40/><G29/><T73/><D48/><N who="1" m="28807" /><E62/><V14/><F37/><W63/><G38/><T109/><D65/><U80/><AGARI ba="0,0" hai="7,11,15,56,61,64,80,87,90,97,98" m="28807" machi="80" ten="30,1100,0" yaku="8,1" doraHai="99" who="1" fromWho="1" sc="389,-3,185,11,150,-3,276,-5" owari="386,48.6,196,-20.4,147,-35.3,271,7.1" /></mjloggm>