<mjloggm ver="2.3"><GO type="225" lobby="0"/><UN n0="%E7%B4%94%E6%BD%94%E3%83%94%E3%83%A9%E3%83%8B%E3%82%A2" n1="%E6%98%93%E5%88%A9%E8%96%A9%E4%BC%AF" n2="%E9%B4%A8%4E%45%47%49" n3="%E7%9A%AE%E3%80%85" dan="17,16,16,16" rate="2188.04,2120.06,2118.96,2081.20" sx="M,F,M,F"/><TAIKYOKU oya="0"/><INIT seed="0,0,0,0,1,85" ten="250,250,250,250" oya="0" hai0="51,45,111,52,133,17,19,73,48,54,47,65,64" hai1="99,37,35,82,7,74,90,43,89,93,118,101,50" hai2="0,83,42,121,14,94,24,96,134,31,59,80,92" hai3="67,29,26,71,23,123,10,102,129,13,11,107,95"/><T125/><D73/><U18/><E37/><V132/><F121/><W30/><G129/><T112/><D125/><U72/><E35/><V128/><F0/><W87/><G123/><T41/><D133/><N who="2" m="51306" /><F128/><W22/><G107/><T135/><D135/><U33/><E33/><N who="2" m="20711" /><F42/><W70/><G67/><T63/><D111/><U55/><E43/><V69/><F69/><W119/><G119/><T2/><D2/><U108/><E7/><V20/><F59/><W25/><G10/><T130/><D130/><U9/><E118/><V46/><F46/><W6/><G102/><T49/><D112/><U113/><E113/><V120/><F94/><W57/><REACH who="3" step="1"/><G57/><REACH who="3" ten="250,250,250,240" step="2"/><N who="0" m="36975" /><D65/><U75/><E108/><V66/><F66/><W91/><AGARI ba="0,1" hai="6,11,13,22,23,25,26,29,30,70,71,87,91,95" machi="91" ten="30,8000,1" yaku="1,1,0,1,9,1,52,1,53,1" doraHai="85" doraHaiUra="8" who="3" fromWho="3" sc="250,-40,250,-20,250,-20,240,90" /><INIT seed="1,0,0,0,4,124" ten="210,230,230,330" oya="1" hai0="35,29,48,73,55,75,108,34,123,61,52,21,10" hai1="111,103,97,80,33,44,102,72,84,132,81,7,69" hai2="92,20,49,109,37,94,101,90,79,1,32,15,58" hai3="85,26,40,51,117,54,93,56,27,6,38,2,96"/><U24/><E69/><V121/><F32/><W114/><G114/><T31/><D108/><U112/><E112/><V42/><F1/><W28/><G117/><T78/><D123/><U98/><E7/><V16/><F109/><W30/><G2/><T36/><D36/><U63/><E111/><V67/><F121/><W68/><G68/><T127/><D127/><U126/><E126/><V45/><F79/><W134/><G6/><T91/><D10/><U65/><E44/><V64/><F101/><W88/><G134/><T43/><D43/><U135/><E33/><V9/><F94/><N who="3" m="54543" /><G40/><T66/><D91/><N who="1" m="51591" /><E24/><N who="3" m="9258" /><G38/><T62/><D48/><U100/><E63/><V5/><F58/><W125/><G125/><T83/><D83/><U74/><E65/><V82/><F37/><W50/><G50/><T122/><D122/><U11/><E11/><V118/><F82/><W53/><G54/><T95/><D95/><U86/><E135/><V22/><F118/><W133/><G133/><T46/><D66/><N who="2" m="25130" /><F5/><W77/><G77/><T128/><D78/><N who="1" m="46391" /><E132/><V120/><F120/><W4/><G4/><T60/><D60/><U76/><E76/><V25/><F25/><W0/><G0/><T87/><D87/><AGARI ba="0,0" hai="9,15,16,20,22,42,45,49,87,90,92" m="25130" machi="87" ten="30,2000,0" yaku="8,1,54,1" doraHai="124" who="2" fromWho="0" sc="210,-20,230,0,230,20,330,0" /><INIT seed="2,0,0,3,4,45" ten="190,230,250,330" oya="2" hai0="102,6,62,19,86,49,44,96,90,72,74,70,48" hai1="78,130,37,31,119,69,99,95,28,68,121,135,100" hai2="23,53,65,117,34,132,76,77,64,24,115,10,107" hai3="33,106,111,89,101,22,38,9,46,113,47,56,30"/><V127/><F107/><W81/><G111/><T32/><D32/><U3/><E119/><V94/><F117/><W55/><G33/><T87/><D6/><U85/><E3/><V2/><F115/><W109/><G109/><T29/><D29/><U120/><E130/><V93/><F34/><W63/><G38/><T51/><D44/><U27/><E37/><V13/><F2/><W88/><G113/><T114/><D114/><U5/><E5/><N who="2" m="3279" /><F127/><W66/><G101/><T36/><D36/><U7/><E7/><V108/><F132/><W116/><G116/><T131/><D131/><U58/><E58/><V21/><F108/><W118/><G106/><T104/><D87/><U18/><E18/><N who="2" m="12343" /><F53/><W40/><G55/><T39/><D39/><U75/><E75/><V126/><F126/><W54/><G54/><T122/><D122/><N who="1" m="47211" /><E135/><V103/><F23/><W8/><G22/><T15/><D62/><U133/><E133/><V12/><F12/><W35/><G63/><T50/><D70/><N who="1" m="27243" /><E27/><V57/><F57/><W42/><G56/><T83/><N who="0" m="12288" /><DORA hai="110" /><T61/><REACH who="0" step="1"/><D61/><REACH who="0" ten="180,230,250,330" step="2"/><U4/><E4/><V52/><F52/><W82/><G35/><T84/><D84/><U1/><E1/><V128/><F128/><W0/><G0/><T71/><D71/><U123/><E123/><V25/><F65/><W97/><G66/><T14/><D14/><U20/><E31/><V80/><F64/><W73/><G30/><T16/><D16/><U17/><E28/><V26/><F26/><W11/><G73/><T124/><D124/><U79/><E85/><V129/><F25/><RYUUKYOKU ba="0,1" sc="180,15,230,15,250,-15,330,-15" hai0="15,19,72,74,83,86,90,96,102,104" hai1="17,20,78,79,95,99,100" /><INIT seed="3,1,1,0,1,42" ten="195,245,235,315" oya="3" hai0="109,43,105,131,91,5,125,38,7,34,126,8,100" hai1="50,49,54,20,107,25,75,4,102,33,115,18,14" hai2="35,90,94,6,89,123,60,116,21,67,51,120,58" hai3="101,16,57,47,118,24,10,46,78,130,61,99,22"/><W122/><G122/><N who="2" m="46633" /><F35/><W104/><G118/><T82/><D109/><U53/><E75/><V28/><F116/><W135/><G78/><T88/><D131/><U98/><E115/><V39/><F39/><W2/><G135/><T96/><D34/><U113/><E113/><V44/><F6/><W79/><G79/><T92/><D82/><U76/><E76/><V66/><F66/><W52/><G130/><T117/><D117/><U80/><E80/><V121/><N who="2" m="46641" /><V124/><DORA hai="84" /><F94/><W27/><G27/><T86/><D91/><N who="2" m="34826" /><F124/><N who="0" m="47722" /><D8/><U62/><E4/><V48/><F44/><AGARI ba="1,1" hai="5,7,38,43,44,86,88,92,96,100,105" m="47722" machi="44" ten="30,7700,0" yaku="18,1,52,2,54,1" doraHai="42,84" who="0" fromWho="2" sc="195,90,245,0,235,-80,315,0" owari="285,8.5,245,-15.5,155,-34.5,315,41.5" /></mjloggm>