<mjloggm ver="2.3"><GO type="225" lobby="0"/><UN n0="%E3%83%A9%E3%82%A4%E3%83%B3%E3%81%AE%E8%99%8E" n1="%E7%B4%94%E6%BD%94%E3%83%94%E3%83%A9%E3%83%8B%E3%82%A2" n2="%E5%8D%A0%E3%81%84%E5%B8%AB%E8%A3%8F%E3%81%AA%E3%81%84%E3%81%97" n3="%E5%B8%86%E7%AB%8B%E5%A4%8F%E8%A1%A3" dan="16,17,17,17" rate="2119.99,2230.39,2175.63,2144.09" sx="M,M,M,M"/><TAIKYOKU oya="0"/><INIT seed="0,0,0,4,3,27" ten="250,250,250,250" oya="0" hai0="66,92,89,56,96,15,108,123,0,24,32,62,70" hai1="79,9,25,93,98,44,34,72,28,7,37,116,81" hai2="78,134,100,23,31,17,118,114,84,128,19,109,1" hai3="97,82,127,12,83,103,45,6,57,50,95,35,86"/><T88/><D0/><U124/><E116/><V54/><F114/><W36/><G127/><T85/><D123/><U131/><E124/><V122/><F1/><W8/><G35/><T75/><D75/><U10/><E131/><V73/><F122/><W129/><G129/><T101/><D108/><U121/><E121/><V105/><F73/><W90/><G36/><T42/><D42/><U46/><E37/><V39/><F134/><W76/><G57/><T61/><D15/><U4/><E9/><V120/><F100/><W26/><G26/><T47/><D47/><U22/><E34/><V135/><F105/><W111/><G111/><T132/><D132/><U107/><E107/><V112/><F39/><W2/><G2/><T68/><D89/><U58/><E58/><V20/><F78/><W21/><G21/><T13/><D13/><U104/><E104/><V16/><F109/><W106/><REACH who="3" step="1"/><G76/><REACH who="3" ten="250,250,250,240" step="2"/><T11/><D11/><U74/><E10/><V125/><F20/><W38/><G38/><T130/><D130/><U30/><E72/><V59/><F125/><W99/><G99/><T49/><D68/><U52/><E46/><V91/><F128/><W3/><G3/><T40/><D70/><U113/><E113/><V63/><F112/><W69/><G69/><T115/><D115/><U67/><E67/><V110/><F110/><W5/><G5/><T133/><D133/><U65/><E65/><V48/><F135/><W80/><G80/><N who="0" m="49191" /><D66/><U77/><E79/><V43/><F120/><W33/><G33/><T60/><D32/><U18/><E74/><V71/><F71/><RYUUKYOKU ba="0,1" sc="250,-10,250,-10,250,-10,240,30" hai3="6,8,12,45,50,82,83,86,90,95,97,103,106" /><INIT seed="1,1,1,1,3,7" ten="240,240,240,270" oya="1" hai0="27,30,77,43,76,129,52,84,88,113,51,69,64" hai1="97,66,3,73,122,90,110,83,71,123,10,60,124" hai2="133,63,115,0,48,1,117,5,59,126,14,49,56" hai3="70,120,54,119,57,96,36,94,67,34,47,29,92"/><U55/><E124/><V125/><F117/><W131/><G120/><T25/><D113/><U118/><E118/><V53/><F115/><W93/><G119/><T31/><D43/><U98/><E55/><V41/><F133/><W107/><G131/><T127/><D129/><U58/><E71/><V85/><F41/><W72/><G72/><T21/><D64/><U62/><E62/><V37/><F37/><W16/><G36/><T65/><D65/><U105/><E110/><V112/><F112/><W39/><G39/><T13/><D13/><U109/><E109/><V22/><F85/><W111/><G47/><T75/><D75/><U15/><E3/><V134/><F134/><W11/><G111/><T74/><D74/><U128/><E128/><V101/><F101/><W116/><G116/><T121/><D69/><U18/><E90/><V80/><F80/><W6/><G29/><T79/><D127/><N who="2" m="48650" /><F48/><W114/><G34/><T68/><D68/><U9/><E105/><V99/><F99/><W40/><G40/><T61/><D61/><U100/><E97/><V78/><F78/><W19/><G114/><T132/><D121/><U38/><E38/><V50/><F50/><N who="3" m="30935" /><G107/><T87/><D132/><U8/><E123/><V104/><F104/><W91/><G67/><T45/><REACH who="0" step="1"/><D88/><REACH who="0" ten="230,240,240,270" step="2"/><U130/><E122/><V4/><F0/><N who="3" m="455" /><G70/><T12/><D12/><U86/><E73/><V82/><F1/><W89/><G89/><T81/><D81/><U106/><E130/><V46/><F82/><W44/><G44/><T102/><D102/><U23/><E83/><V103/><F103/><RYUUKYOKU ba="1,2" sc="230,10,240,10,240,-30,270,10" hai0="21,25,27,30,31,45,51,52,76,77,79,84,87" hai1="8,9,10,15,18,23,58,60,66,86,98,100,106" hai3="16,19,91,92,93,94,96" /><INIT seed="1,2,2,0,5,40" ten="240,250,210,280" oya="1" hai0="89,48,12,68,1,77,51,95,53,76,110,36,55" hai1="17,93,23,85,107,123,104,127,92,38,132,62,56" hai2="65,135,5,9,10,29,113,80,49,27,108,58,21" hai3="6,75,24,57,26,120,126,133,45,118,72,35,54"/><U37/><E123/><V84/><F108/><W41/><G120/><T46/><D1/><U88/><E127/><V122/><F122/><W112/><G126/><T130/><D130/><U100/><E132/><V94/><F135/><W30/><G133/><T43/><D68/><U60/><E60/><V81/><F113/><W47/><G112/><T83/><D110/><U61/><E62/><N who="2" m="38103" /><F5/><W128/><G128/><T86/><D12/><U96/><E107/><V134/><F134/><W116/><G6/><T2/><D2/><U90/><E104/><V34/><F34/><W105/><G105/><T14/><D14/><U97/><E85/><V7/><F7/><W4/><G4/><T63/><D63/><U50/><E50/><V8/><F49/><N who="3" m="30927" /><G41/><T102/><D102/><U66/><REACH who="1" step="1"/><E100/><REACH who="1" ten="240,240,210,280" step="2"/><V103/><F103/><W25/><G75/><T28/><D51/><U52/><E52/><V71/><F71/><W99/><G72/><T131/><D53/><U70/><E70/><V15/><F15/><AGARI ba="2,3" hai="15,17,23,37,38,56,61,66,88,90,92,93,96,97" machi="15" ten="30,11600,0" yaku="1,1,7,1,9,1,54,1,53,0" doraHai="40" doraHaiUra="98" who="1" fromWho="2" sc="240,0,240,152,210,-122,280,0" /><INIT seed="1,3,0,3,0,125" ten="240,392,88,280" oya="1" hai0="120,40,19,24,132,115,105,1,37,67,8,60,85" hai1="33,15,82,116,107,129,118,53,108,74,63,0,124" hai2="92,114,93,11,76,86,18,5,94,69,98,59,87" hai3="16,38,41,101,45,106,130,9,32,117,128,80,88"/><U46/><E82/><V100/><F69/><W126/><G32/><T133/><D115/><U66/><E15/><V10/><F114/><W83/><G126/><T131/><D105/><U30/><E30/><V31/><F31/><W50/><G117/><T29/><D120/><U73/><E53/><V42/><F42/><W12/><G38/><T110/><D110/><U61/><E46/><V4/><F76/><W134/><G134/><T97/><D97/><U48/><E0/><V119/><F119/><W112/><G112/><T135/><D85/><U20/><E20/><V28/><F28/><W26/><G26/><T113/><D113/><U56/><E56/><V57/><F93/><W90/><G101/><T49/><D37/><U3/><E3/><V43/><F98/><W23/><G106/><T109/><D109/><U77/><E48/><V39/><F39/><W84/><G23/><T34/><D49/><U14/><E14/><V65/><F65/><W68/><G68/><N who="0" m="42087" /><D40/><U127/><E66/><V36/><F36/><W111/><G111/><T79/><D79/><U70/><E70/><V122/><F43/><W64/><G64/><T22/><D8/><U58/><E77/><V7/><F7/><W75/><G75/><T72/><D72/><U123/><E108/><V62/><F122/><W81/><REACH who="3" step="1"/><G88/><REACH who="3" ten="240,392,88,270" step="2"/><T121/><D121/><U104/><E123/><V96/><F96/><W78/><G78/><T2/><D133/><U44/><E124/><V17/><REACH who="2" step="1"/><F62/><REACH who="2" ten="240,392,78,270" step="2"/><W71/><G71/><T89/><D135/><U6/><E127/><V52/><F52/><W21/><G21/><RYUUKYOKU ba="3,2" sc="240,-15,392,-15,78,15,270,15" hai2="4,5,10,11,17,18,57,59,86,87,92,94,100" hai3="9,12,16,41,45,50,80,81,83,84,90,128,130" /><INIT seed="2,4,2,1,4,35" ten="225,377,93,285" oya="2" hai0="132,106,37,36,100,18,40,121,64,22,4,62,61" hai1="65,19,56,66,99,23,113,123,101,57,105,69,92" hai2="78,85,130,41,86,47,0,120,109,21,42,54,114" hai3="50,124,24,93,7,3,44,10,72,84,112,115,16"/><V102/><F114/><W122/><G72/><T60/><D121/><U74/><E74/><V67/><F120/><W90/><G122/><T20/><D132/><U88/><E113/><N who="3" m="43594" /><G124/><T79/><D79/><U55/><E69/><V83/><F130/><W91/><G91/><T29/><D64/><U107/><E57/><V111/><F67/><W39/><G39/><T82/><D82/><U46/><E46/><V81/><F102/><W8/><G8/><T14/><D40/><U108/><E107/><V17/><F0/><W38/><G38/><T13/><D106/><U134/><E108/><N who="2" m="41547" /><F54/><W70/><G70/><T71/><D100/><U5/><E5/><V68/><F68/><W52/><G24/><T49/><D71/><U51/><E134/><V27/><F47/><W2/><G16/><T31/><D4/><U110/><E123/><V118/><F118/><W119/><G119/><T9/><D18/><U58/><E58/><V128/><F128/><W6/><G6/><T95/><D29/><U48/><E110/><V117/><F117/><W77/><G77/><AGARI ba="4,2" hai="17,21,27,41,42,77,78,81,83,85,86" m="41547" machi="77" ten="30,2900,0" yaku="14,1,10,1" doraHai="35" who="2" fromWho="3" sc="225,0,377,0,93,61,285,-41" /><INIT seed="2,5,0,1,1,86" ten="225,377,154,244" oya="2" hai0="127,91,103,32,41,82,97,120,10,87,63,131,70" hai1="24,25,73,106,23,7,84,2,101,88,64,104,59" hai2="108,51,53,15,99,121,129,21,69,132,94,43,3" hai3="114,135,37,31,118,125,5,74,34,134,54,27,95"/><V71/><F121/><W52/><G118/><T62/><D120/><U128/><E73/><V61/><F3/><W6/><G74/><T102/><D32/><U18/><E128/><V57/><F129/><W112/><G125/><T36/><D131/><U58/><E101/><V68/><F132/><N who="3" m="50731" /><G114/><T11/><D127/><U13/><E2/><V85/><F108/><W123/><G37/><T39/><D102/><U109/><E109/><V100/><F85/><W56/><G123/><T66/><D63/><U133/><E133/><V1/><F1/><W111/><G111/><T90/><D90/><U22/><E64/><V122/><F122/><W60/><G112/><T48/><D48/><U115/><E104/><V65/><REACH who="2" step="1"/><F43/><REACH who="2" ten="225,377,144,244" step="2"/><W83/><G83/><T8/><REACH who="0" step="1"/><D41/><REACH who="0" ten="215,377,144,244" step="2"/><U47/><E115/><V46/><F46/><W50/><G95/><AGARI ba="5,2" hai="8,10,11,36,39,62,66,70,82,87,91,95,97,103" machi="95" ten="40,5200,0" yaku="1,1,2,1,52,1,53,0" doraHai="86" doraHaiUra="49" who="0" fromWho="3" sc="215,87,377,0,144,0,244,-67" /><INIT seed="3,0,0,2,0,58" ten="302,377,144,177" oya="3" hai0="83,18,133,43,104,14,8,4,105,7,62,49,50" hai1="40,13,99,81,76,68,34,98,92,29,25,71,79" hai2="45,113,94,60,115,5,66,126,84,48,46,63,82" hai3="32,28,116,24,89,57,87,2,93,123,130,17,42"/><W61/><G116/><T134/><D83/><U69/><E79/><N who="2" m="46175" /><F115/><W20/><G123/><T127/><D62/><N who="2" m="23594" /><F113/><W112/><G130/><T121/><D121/><U54/><E13/><V41/><F126/><W30/><G112/><T44/><D50/><U107/><E40/><N who="2" m="24615" /><F5/><N who="0" m="2122" /><D127/><U52/><E107/><V1/><F1/><W22/><G2/><T73/><D73/><U55/><E68/><V97/><F66/><N who="3" m="39215" /><G32/><T51/><D51/><U103/><E69/><V135/><F135/><AGARI ba="0,0" hai="8,14,18,43,44,49,104,105,133,134,135" m="2122" machi="135" ten="30,1000,0" yaku="20,1" doraHai="58" who="0" fromWho="2" sc="302,10,377,0,144,-10,177,0" owari="312,11.2,377,47.7,134,-36.6,177,-22.3" /></mjloggm>