<mjloggm ver="2.3"><GO type="225" lobby="0"/><UN n0="%6D%75%75%6D%75%72%61" n1="%4E%49%4A%49%49%52%4F" n2="%43%68%65" n3="%E3%83%B4%E3%83%A0%EF%BC%99%E3%81%A6" dan="17,16,16,17" rate="2207.85,2136.08,2079.88,2191.08" sx="F,M,M,M"/><TAIKYOKU oya="0"/><INIT seed="0,0,0,4,3,129" ten="250,250,250,250" oya="0" hai0="59,15,16,119,86,55,41,124,19,103,99,71,126" hai1="66,63,123,109,48,23,29,134,10,56,58,97,88" hai2="90,35,51,108,102,110,65,60,69,131,89,26,9" hai3="34,12,130,49,122,94,83,128,72,106,27,13,85"/><T32/><D119/><U79/><E123/><V73/><F131/><N who="3" m="50219" /><G106/><T53/><D71/><U75/><E109/><N who="2" m="42091" /><F73/><W112/><G112/><T4/><D32/><U39/><E39/><V25/><F102/><W38/><G38/><T0/><D41/><U68/><E75/><V57/><F9/><W100/><G122/><T33/><D33/><U98/><E79/><V111/><F111/><W64/><G64/><T62/><D0/><U42/><E10/><V44/><F57/><W1/><G1/><T113/><D113/><U117/><E117/><V67/><F67/><W2/><G2/><T95/><D4/><U104/><E104/><V81/><F81/><W21/><G72/><T43/><D43/><U133/><E42/><N who="2" m="24983" /><F25/><W37/><G37/><T50/><D86/><U115/><E115/><V11/><F11/><W96/><G85/><T87/><D87/><U125/><E125/><N who="0" m="48233" /><D15/><U118/><E118/><V22/><F35/><W7/><G34/><T120/><D120/><U116/><E116/><V121/><F121/><W135/><G7/><T78/><D78/><U107/><E48/><V28/><AGARI ba="0,0" hai="22,26,28,60,65,69,89,90" m="24983,42091" machi="28" ten="30,1100,0" yaku="14,1" doraHai="129" who="2" fromWho="2" sc="250,-5,250,-3,250,11,250,-3" /><INIT seed="1,0,0,0,4,53" ten="245,247,261,247" oya="1" hai0="120,90,7,108,134,30,23,71,50,132,21,1,87" hai1="80,57,97,128,121,111,66,60,74,110,101,75,22" hai2="8,129,72,73,133,9,106,17,58,12,85,65,68" hai3="37,82,94,40,55,46,49,117,18,10,54,99,42"/><U4/><E121/><V105/><F68/><W15/><G117/><T131/><D120/><U135/><E135/><N who="0" m="51753" /><D71/><U109/><E128/><V35/><F35/><W31/><G31/><T13/><D131/><U47/><E4/><V25/><F129/><W39/><G39/><T113/><D113/><U69/><E80/><V124/><F106/><W130/><G130/><T41/><D1/><U122/><E122/><V114/><F105/><W43/><G37/><T126/><D108/><U112/><E112/><V34/><F114/><W107/><G107/><T118/><D118/><U102/><E47/><V67/><F67/><W19/><G82/><N who="0" m="49527" /><D126/><U125/><E125/><V88/><F133/><W70/><G70/><T27/><D7/><U0/><E0/><V56/><F9/><W98/><G54/><T78/><D78/><U62/><E22/><V96/><F96/><W2/><G2/><T14/><D21/><U51/><E51/><V89/><F89/><W32/><G32/><T5/><D5/><U86/><E86/><V59/><F65/><W95/><G19/><T83/><D83/><U20/><E20/><V93/><REACH who="2" step="1"/><F124/><REACH who="2" ten="245,247,251,247" step="2"/><W64/><G64/><T100/><D100/><N who="1" m="38507" /><E97/><AGARI ba="0,1" hai="10,15,18,40,42,43,46,49,55,94,95,97,98,99" machi="97" ten="40,1300,0" yaku="8,1" doraHai="53" who="3" fromWho="1" sc="245,0,247,-13,251,0,247,23" /><INIT seed="2,0,0,2,2,52" ten="245,234,251,270" oya="2" hai0="40,77,100,121,69,122,67,22,78,28,114,13,29" hai1="34,108,73,93,118,76,38,131,33,71,56,32,30" hai2="63,50,127,83,66,4,16,3,126,80,55,51,64" hai3="101,6,88,54,37,21,92,95,47,87,110,119,84"/><V1/><F66/><W12/><G119/><T96/><D114/><U112/><E118/><V10/><F3/><W132/><G110/><T125/><D125/><N who="2" m="47626" /><F16/><N who="3" m="10375" /><G37/><T103/><D40/><U5/><E112/><V124/><N who="2" m="47634" /><V99/><DORA hai="74" /><F99/><N who="3" m="59623" /><G132/><T120/><D13/><U86/><E71/><N who="2" m="42399" /><F51/><N who="3" m="29055" /><G6/><T9/><D67/><U14/><E38/><V45/><AGARI ba="0,0" hai="1,4,10,45,50,55,80,83" m="42399,47634" machi="45" ten="40,2100,0" yaku="18,1" doraHai="52,74" who="2" fromWho="2" sc="245,-7,234,-7,251,21,270,-7" /><INIT seed="2,1,0,2,1,29" ten="238,227,272,263" oya="2" hai0="49,64,2,131,28,100,67,6,87,9,104,41,121" hai1="68,130,34,10,90,16,30,31,22,126,120,63,39" hai2="94,118,50,123,35,13,133,96,37,111,24,92,127" hai3="73,91,84,47,7,21,81,66,113,15,85,26,102"/><V36/><F118/><W25/><G113/><T65/><D121/><U71/><E39/><V53/><F123/><W128/><G128/><T70/><D131/><U129/><E120/><V99/><F127/><W135/><G73/><T125/><D125/><U1/><E126/><V17/><F133/><W77/><G135/><T12/><D70/><U98/><E129/><V74/><F74/><W32/><G102/><T132/><D132/><U82/><E130/><V58/><F111/><W60/><G47/><T78/><D2/><U56/><E34/><V80/><F80/><W116/><G116/><T83/><D28/><U86/><E71/><V134/><F134/><W45/><G45/><N who="0" m="25775" /><D104/><U51/><E68/><V88/><F24/><W122/><G122/><T72/><D72/><U40/><E98/><V59/><F59/><N who="3" m="37151" /><G32/><T103/><AGARI ba="1,0" hai="6,9,12,64,65,67,78,83,87,100,103" m="25775" machi="103" ten="30,2000,0" yaku="25,1,8,1" doraHai="29" who="0" fromWho="0" sc="238,23,227,-6,272,-11,263,-6" /><INIT seed="3,0,0,0,5,12" ten="261,221,261,257" oya="3" hai0="62,99,33,49,1,24,13,51,32,35,134,119,81" hai1="53,106,0,89,124,42,2,65,116,7,27,118,23" hai2="43,34,122,66,36,61,17,91,29,71,135,83,130" hai3="80,41,6,4,115,77,108,101,50,109,64,82,114"/><W69/><G101/><T21/><D1/><U123/><E123/><V98/><F122/><W5/><G64/><T72/><D119/><N who="1" m="45611" /><E124/><V25/><F135/><W15/><G69/><T46/><D134/><U22/><E106/><V133/><F133/><W59/><G15/><T73/><D62/><U19/><E42/><V9/><F130/><W30/><G30/><T131/><D131/><U10/><E65/><V88/><F83/><N who="3" m="31787" /><G77/><T31/><D99/><U60/><E89/><V57/><F71/><W40/><G59/><T96/><D96/><U18/><E60/><V92/><F91/><W56/><G56/><T103/><D103/><U76/><E53/><V105/><F105/><W127/><G127/><T78/><D72/><U79/><E2/><V121/><F121/><W110/><G50/><T38/><D38/><U28/><E28/><V3/><F3/><W26/><G26/><AGARI ba="0,0" hai="0,7,10,18,19,22,23,26,27,76,79" m="45611" machi="26" ten="30,3900,0" yaku="12,1,52,2" doraHai="12" who="1" fromWho="3" sc="261,0,221,39,261,0,257,-39" /><INIT seed="4,0,0,2,3,30" ten="261,260,261,218" oya="0" hai0="127,29,23,40,35,59,90,37,20,103,85,64,46" hai1="124,5,96,36,63,101,130,115,106,38,11,114,116" hai2="33,77,58,129,69,41,111,16,117,2,8,80,43" hai3="82,7,26,92,79,133,105,24,25,65,91,112,76"/><T32/><D127/><U68/><E116/><V67/><F111/><W113/><G105/><T128/><D103/><U94/><E94/><V120/><F69/><W22/><G133/><T3/><D3/><N who="1" m="447" /><E124/><V27/><F120/><W57/><G7/><T75/><D75/><U45/><E45/><V66/><F129/><W19/><G65/><T135/><D128/><U31/><E130/><V56/><F117/><W118/><G57/><T74/><D74/><U87/><E87/><V73/><F58/><W70/><G70/><T42/><D42/><U134/><E134/><V1/><F1/><W97/><G118/><T88/><D135/><U52/><E31/><V53/><F66/><W48/><G48/><T81/><D90/><U15/><E15/><V50/><F67/><W6/><G6/><T12/><D12/><U83/><E83/><V71/><F71/><W13/><REACH who="3" step="1"/><G79/><REACH who="3" ten="261,260,261,208" step="2"/><T99/><D59/><N who="1" m="35303" /><E68/><V62/><F50/><W104/><G104/><T34/><D64/><U89/><E89/><V14/><F2/><W17/><G17/><T108/><D29/><U126/><E126/><V95/><F77/><W28/><G28/><T54/><D54/><U0/><E0/><V98/><F53/><W86/><AGARI ba="0,1" hai="13,19,22,24,25,26,76,82,86,91,92,97,112,113" machi="86" ten="30,2000,0" yaku="1,1,0,1,53,0" doraHai="30" doraHaiUra="100" who="3" fromWho="3" sc="261,-10,260,-5,261,-5,208,30" /><INIT seed="5,0,0,4,4,107" ten="251,255,256,238" oya="1" hai0="95,58,125,14,20,22,15,112,50,42,56,116,48" hai1="73,62,47,97,101,80,40,27,96,36,21,1,110" hai2="10,106,5,16,23,91,130,66,76,69,43,3,70" hai3="121,114,90,34,13,17,49,131,29,135,63,51,19"/><U67/><E110/><V82/><F130/><W6/><G121/><T60/><D116/><U57/><E1/><V25/><F66/><W35/><G131/><T78/><D112/><U87/><E73/><V72/><F106/><W113/><G63/><T2/><D2/><U30/><REACH who="1" step="1"/><E101/><REACH who="1" ten="251,245,256,238" step="2"/><V0/><F0/><W85/><G113/><T123/><D123/><U54/><E54/><V41/><REACH who="2" step="1"/><F91/><AGARI ba="0,1" hai="21,27,30,36,40,47,57,62,67,80,87,91,96,97" machi="91" ten="30,5800,0" yaku="1,1,7,1,53,1" doraHai="107" doraHaiUra="71" who="1" fromWho="2" sc="251,0,245,68,256,-58,238,0" owari="251,5.1,313,41.3,198,-30.2,238,-16.2" /></mjloggm>