<mjloggm ver="2.3"><GO type="225" lobby="0"/><UN n0="%6D%75%75%6D%75%72%61" n1="%E3%82%BC%E3%83%AB%E3%83%80%E3%81%AE%E4%BC%9D%E8%AA%AC" n2="%E4%BE%BF%E6%89%80" n3="%E5%8D%A0%E3%81%84%E5%B8%AB%E8%A3%8F%E3%81%AA%E3%81%84%E3%81%97" dan="17,17,16,17" rate="2148.78,2248.44,2027.02,2102.28" sx="F,M,M,M"/><TAIKYOKU oya="0"/><INIT seed="0,0,0,5,1,71" ten="250,250,250,250" oya="0" hai0="90,109,74,61,76,77,16,66,22,2,110,92,10" hai1="78,98,48,82,11,118,95,59,33,37,91,135,0" hai2="128,120,38,39,41,65,93,75,96,89,27,124,115" hai3="18,62,123,122,50,100,57,35,85,131,125,19,24"/><T63/><D2/><U101/><E118/><V107/><F120/><N who="3" m="46123" /><G131/><T127/><D10/><U58/><E33/><V30/><F115/><W1/><G1/><T32/><D32/><U44/><E135/><V105/><F128/><W80/><G100/><T72/><D72/><U102/><E102/><V134/><F75/><W104/><G50/><T99/><D127/><U36/><E59/><V113/><F113/><W126/><G104/><T112/><D112/><U45/><E58/><V6/><F134/><W86/><G86/><T8/><D8/><U52/><E45/><V42/><F6/><W83/><G83/><T4/><D4/><U14/><E101/><V21/><F65/><N who="3" m="39119" /><G35/><T121/><D121/><U68/><E68/><V108/><F108/><N who="0" m="41578" /><D74/><U31/><E0/><V54/><F54/><W49/><G49/><T84/><D84/><U81/><E31/><V9/><F9/><W133/><G133/><T60/><D66/><U20/><E20/><V15/><F124/><N who="3" m="47723" /><G24/><AGARI ba="0,0" hai="16,22,24,60,61,63,76,77,90,92,99" m="41578" machi="24" ten="30,5800,0" yaku="14,1,10,1,54,1" doraHai="71" who="0" fromWho="3" sc="250,58,250,0,250,0,250,-58" /><INIT seed="0,1,0,5,2,75" ten="308,250,250,192" oya="0" hai0="95,33,59,122,63,129,9,91,89,115,111,36,124" hai1="76,17,104,90,35,0,88,94,10,117,57,125,13" hai2="82,114,69,134,109,67,21,74,105,46,128,5,15" hai3="45,110,99,28,103,42,86,80,22,130,126,85,123"/><T30/><D115/><U81/><E117/><V133/><F114/><W29/><G110/><T25/><D122/><U11/><E104/><V56/><F105/><W4/><G123/><T16/><D124/><U3/><E125/><V93/><F69/><W47/><G126/><T66/><D129/><U68/><E68/><V19/><F109/><W132/><G130/><T97/><D111/><U39/><E35/><V112/><F112/><W50/><G132/><T70/><D36/><U53/><E39/><V52/><F128/><W8/><G45/><T119/><D119/><U14/><E0/><V127/><F127/><W40/><G40/><T102/><REACH who="0" step="1"/><D70/><REACH who="0" ten="298,250,250,192" step="2"/><U100/><E3/><V121/><F121/><W61/><G61/><T79/><D79/><U116/><E116/><V92/><F133/><W60/><G60/><T78/><D78/><U49/><E100/><V120/><F134/><W64/><G64/><T48/><D48/><U108/><E108/><V101/><F120/><W43/><G43/><T96/><D96/><U113/><E113/><V118/><F101/><W131/><G131/><T83/><D83/><U24/><E76/><V37/><F82/><W26/><G80/><T38/><D38/><U44/><E81/><V135/><F135/><W20/><G85/><T51/><D51/><U73/><E44/><V65/><F118/><W98/><G86/><T34/><D34/><U71/><E71/><V2/><F37/><W31/><G103/><T54/><D54/><U27/><E73/><V107/><F74/><W1/><G22/><T72/><D72/><U87/><E90/><RYUUKYOKU ba="1,1" sc="298,10,250,10,250,-30,192,10" hai0="9,16,25,30,33,59,63,66,89,91,95,97,102" hai1="10,11,13,14,17,24,27,49,53,57,87,88,94" hai3="1,4,8,20,26,28,29,31,42,47,50,98,99" /><INIT seed="0,2,1,0,0,38" ten="308,260,220,202" oya="0" hai0="111,64,96,60,29,115,90,89,4,117,48,61,100" hai1="86,32,40,102,133,11,113,53,33,69,76,68,36" hai2="49,67,109,59,37,106,7,118,31,81,56,12,16" hai3="17,0,55,5,99,52,107,27,95,43,124,114,125"/><T1/><D115/><U57/><E113/><V112/><F112/><W104/><G0/><T26/><D117/><U116/><E116/><V93/><F106/><N who="3" m="40491" /><G5/><T9/><D111/><U65/><E133/><V3/><F37/><W14/><G27/><T84/><D48/><U19/><E102/><V51/><F118/><W92/><G114/><T24/><D24/><U130/><E130/><V73/><F109/><W22/><G92/><T63/><D100/><U80/><E19/><V132/><F132/><W62/><G62/><T54/><D96/><U50/><E11/><V103/><F31/><W119/><G43/><T41/><D54/><U30/><E30/><V94/><F3/><W110/><G119/><T47/><D47/><N who="1" m="23943" /><E68/><V85/><F7/><W126/><G110/><T78/><D41/><U79/><E76/><N who="2" m="46247" /><F73/><W127/><N who="3" m="31744" /><DORA hai="91" /><W72/><G72/><T21/><D78/><U77/><E79/><V20/><F103/><AGARI ba="2,1" hai="14,17,22,52,55,95,99,103" m="31744,40491" machi="103" ten="60,7700,0" yaku="18,1,52,1,54,1" doraHai="38,91" who="3" fromWho="2" sc="308,0,260,0,220,-83,202,93" /><INIT seed="1,0,0,5,2,70" ten="308,260,137,295" oya="1" hai0="18,134,131,11,55,110,24,20,43,35,3,99,36" hai1="48,0,75,63,84,111,108,21,120,117,89,33,45" hai2="101,23,86,25,80,79,127,122,62,26,5,88,85" hai3="1,9,132,27,54,91,22,19,96,92,107,29,10"/><U129/><E117/><V74/><F127/><W44/><G107/><T39/><D110/><N who="1" m="42027" /><E120/><V15/><F122/><W42/><G132/><T67/><D134/><U76/><E33/><V87/><F101/><W135/><G135/><T68/><D131/><U114/><E114/><V7/><F62/><W93/><G1/><T56/><D35/><U32/><E32/><V102/><F102/><W126/><G54/><T4/><D43/><U118/><E118/><V73/><F73/><W60/><G60/><T8/><D68/><U113/><E113/><V65/><F65/><W71/><G71/><T97/><D67/><U78/><E129/><V115/><F115/><W64/><G64/><T112/><D112/><U124/><E124/><V98/><F15/><W116/><G116/><T40/><D40/><N who="1" m="24615" /><E75/><V130/><F130/><W50/><G126/><T14/><D55/><U49/><E0/><V57/><F57/><W61/><G61/><T121/><D56/><U123/><E123/><V77/><F77/><W125/><G125/><T95/><D121/><U28/><E49/><V103/><F103/><W100/><G29/><T37/><REACH who="0" step="1"/><D95/><REACH who="0" ten="298,260,137,295" step="2"/><N who="1" m="54695" /><E63/><V6/><REACH who="2" step="1"/><F23/><REACH who="2" ten="298,260,127,295" step="2"/><W30/><G22/><T12/><D12/><U17/><E21/><V128/><F128/><W82/><G100/><T16/><AGARI ba="0,2" hai="3,4,8,11,14,16,18,20,24,36,37,39,97,99" machi="16" ten="30,12000,2" yaku="1,1,0,1,52,3,54,1,53,0" doraHai="70" doraHaiUra="90" who="0" fromWho="0" sc="298,140,260,-60,127,-30,295,-30" /><INIT seed="2,0,0,4,2,11" ten="438,200,97,265" oya="2" hai0="83,94,91,112,96,29,133,117,15,125,14,41,73" hai1="128,93,2,62,9,124,45,126,104,60,103,23,77" hai2="69,107,99,54,123,61,127,80,131,64,65,40,48" hai3="1,74,22,68,101,44,30,122,32,0,52,7,119"/><V72/><F123/><W51/><G119/><T34/><D112/><U86/><E128/><V113/><F113/><W79/><G68/><T20/><D125/><N who="1" m="48235" /><E23/><V92/><F127/><W95/><G122/><T13/><D34/><U24/><E24/><V28/><F131/><W35/><G74/><T43/><D133/><U55/><E104/><V81/><F107/><W26/><G79/><T5/><D117/><U6/><E103/><V120/><F120/><W53/><G0/><T38/><D5/><U27/><E27/><V18/><F65/><W17/><G7/><T130/><D130/><U129/><E129/><V47/><F28/><W110/><G1/><T70/><D70/><U16/><E16/><V98/><F72/><W90/><G110/><T25/><REACH who="0" step="1"/><D38/><REACH who="0" ten="428,200,97,265" step="2"/><U10/><E6/><V134/><F134/><W57/><G32/><T97/><D97/><U105/><E2/><V118/><F118/><W116/><G35/><T36/><D36/><U89/><E62/><V75/><F75/><W3/><G116/><T21/><D21/><U100/><E60/><V67/><F99/><W58/><G22/><T50/><D50/><U78/><E10/><V46/><F67/><W71/><G51/><T4/><D4/><U59/><E9/><V66/><F64/><W12/><G71/><T49/><D49/><U37/><E37/><N who="2" m="21775" /><F18/><W19/><G19/><T31/><D31/><U102/><E45/><V135/><F135/><W111/><G44/><T114/><D114/><U82/><E59/><V87/><F98/><N who="3" m="59615" /><G57/><T8/><D8/><U132/><E132/><V42/><F42/><RYUUKYOKU ba="0,1" sc="428,15,200,-15,97,15,265,-15" hai0="13,14,15,20,25,29,41,43,73,83,91,94,96" hai2="47,48,54,61,66,69,80,81,87,92" /><INIT seed="2,1,1,4,3,88" ten="443,185,112,250" oya="2" hai0="118,26,84,110,45,54,80,127,47,17,37,91,93" hai1="129,122,22,46,65,92,124,94,36,100,105,125,3" hai2="63,85,10,15,133,2,135,39,106,117,99,0,38" hai3="20,48,13,19,33,126,53,120,9,28,67,115,81"/><V42/><F117/><W11/><G120/><T130/><D118/><U104/><E122/><V78/><F63/><W44/><G126/><N who="1" m="48746" /><E129/><V25/><F25/><N who="3" m="16423" /><G33/><T41/><D26/><U34/><E34/><V51/><F51/><W55/><G67/><T103/><D45/><U86/><E3/><N who="2" m="1067" /><F85/><W76/><G115/><T95/><D84/><U128/><E128/><V77/><F99/><W12/><G81/><T66/><D95/><N who="1" m="36395" /><E65/><V113/><F106/><N who="1" m="41065" /><E100/><V109/><F113/><W70/><G70/><T111/><D103/><U58/><E86/><V87/><F87/><W96/><G96/><T50/><D93/><U60/><E22/><V83/><F109/><W79/><G55/><T89/><D130/><U16/><E16/><AGARI ba="1,1" hai="9,11,12,13,16,19,44,48,53,76,79" m="16423" machi="16" ten="30,2000,0" yaku="8,1,54,1" doraHai="88" who="3" fromWho="1" sc="443,0,185,-23,112,0,250,33" /><INIT seed="3,0,0,0,1,118" ten="443,162,112,283" oya="3" hai0="79,130,77,57,73,3,32,123,117,70,69,25,64" hai1="116,37,67,66,26,74,89,33,85,135,58,82,49" hai2="11,16,9,133,19,62,56,12,109,127,54,134,55" hai3="5,23,78,81,131,128,14,61,72,38,43,40,102"/><W50/><G38/><T29/><D117/><U36/><E116/><V105/><F105/><W110/><G102/><T92/><D123/><U91/><E74/><V132/><F109/><W88/><G110/><T115/><D3/><U1/><E1/><V52/><F127/><W103/><G103/><T121/><D121/><U96/><E135/><V59/><F59/><W34/><G34/><T113/><D130/><U8/><E33/><V45/><F45/><W120/><G120/><T10/><D10/><U18/><E37/><V2/><REACH who="2" step="1"/><F19/><REACH who="2" ten="443,162,102,283" step="2"/><N who="3" m="10743" /><G5/><AGARI ba="0,1" hai="2,5,9,11,12,16,52,54,55,56,62,132,133,134" machi="5" ten="40,8000,1" yaku="1,1,20,1,54,2,53,0" doraHai="118" doraHaiUra="47" who="2" fromWho="3" sc="443,0,162,0,102,90,283,-80" owari="443,54.3,162,-33.8,192,-20.8,203,0.3" /></mjloggm>