<mjloggm ver="2.3"><GO type="225" lobby="0"/><UN n0="%E3%81%9F%E3%81%A3%E3%81%A1%E3%82%87" n1="%E2%91%A3%E9%81%BF%E9%81%8A%E6%88%AF%E3%80%90%E6%9D%B1%E5%8D%97%E3%80%91" n2="%E3%82%82%E3%81%90%E3%82%89" n3="%E3%81%A1%E3%82%85%E3%81%86%E3%81%A9%E3%81%8F%E8%B1%A1%E3%81%95%E3%82%93" dan="16,16,17,16" rate="2105.29,2111.73,2122.55,2148.46" sx="M,M,M,M"/><TAIKYOKU oya="0"/><INIT seed="0,0,0,4,4,108" ten="250,250,250,250" oya="0" hai0="9,17,90,100,129,60,77,95,75,112,83,101,51" hai1="64,38,55,131,78,80,117,54,74,58,5,89,79" hai2="37,63,93,134,99,102,52,114,7,82,40,133,97" hai3="116,59,44,69,29,15,20,106,8,33,31,43,41"/><T92/><D112/><U81/><E117/><V104/><F7/><W122/><G116/><T107/><D129/><U39/><E131/><V103/><F82/><W98/><G69/><T3/><D60/><U73/><E5/><V125/><F125/><W91/><G122/><T48/><D95/><U11/><E11/><V22/><F22/><W111/><G33/><T57/><D107/><U10/><E10/><V14/><F14/><W94/><G106/><T65/><D48/><U23/><E23/><V35/><F35/><W84/><G111/><T30/><D30/><U49/><E64/><V123/><F123/><W135/><G135/><N who="2" m="51721" /><F40/><W130/><G130/><T72/><D72/><U45/><E89/><V56/><F37/><W67/><G41/><T121/><D121/><U113/><E113/><AGARI ba="0,0" hai="52,56,63,93,97,99,102,103,104,113,114" m="51721" machi="113" ten="30,7700,0" yaku="20,1,52,2,54,1" doraHai="108" who="2" fromWho="1" sc="250,0,250,-77,250,77,250,0" /><INIT seed="1,0,0,2,2,80" ten="250,173,327,250" oya="1" hai0="92,7,96,108,104,63,3,16,53,125,131,24,84" hai1="133,23,2,101,43,28,66,124,121,49,94,91,93" hai2="11,35,26,113,1,30,122,117,71,134,110,78,109" hai3="120,72,129,22,48,41,103,10,39,130,67,98,29"/><U55/><E121/><V116/><F71/><W75/><G120/><T118/><D108/><N who="2" m="41578" /><F122/><W128/><G39/><T111/><D125/><U6/><E124/><V70/><F70/><W123/><G123/><T73/><D131/><U61/><E133/><V38/><F38/><W8/><G67/><T25/><D73/><N who="3" m="28233" /><G41/><T69/><D118/><N who="2" m="45674" /><F78/><W64/><G64/><T31/><D111/><U127/><E127/><V46/><F46/><W115/><G115/><T52/><D69/><U40/><E2/><V34/><F134/><W62/><G62/><T36/><D36/><U95/><E101/><V0/><F113/><W20/><G48/><T56/><D53/><U105/><E105/><V47/><F47/><W59/><G59/><T32/><D104/><U65/><E6/><N who="2" m="1479" /><F1/><W50/><G50/><T33/><D3/><U88/><E61/><V27/><F27/><N who="3" m="16615" /><G98/><T82/><D96/><U74/><E74/><V126/><F126/><W90/><G103/><T4/><D25/><N who="1" m="16447" /><E66/><V107/><F107/><W12/><G90/><N who="1" m="34346" /><E65/><V77/><F77/><W42/><G42/><T102/><D102/><U51/><E51/><V97/><F97/><W81/><G81/><T112/><D82/><U14/><E14/><V18/><F35/><W15/><G15/><T86/><D32/><U89/><N who="1" m="34354" /><U60/><DORA hai="44" /><E60/><V87/><F34/><W83/><G83/><T19/><D112/><U21/><E21/><V17/><F26/><W58/><G58/><AGARI ba="0,0" hai="40,43,49,55,58,93,94,95" m="34354,16447" machi="58" ten="40,7700,0" yaku="8,1,52,1,54,1" doraHai="80,44" who="1" fromWho="3" sc="250,0,173,77,327,0,250,-77" /><INIT seed="1,1,0,2,0,69" ten="250,250,327,173" oya="1" hai0="1,134,60,132,86,55,34,51,32,41,108,71,83" hai1="3,88,63,78,6,105,53,17,116,30,104,135,57" hai2="124,38,48,25,110,45,10,31,98,133,97,74,58" hai3="12,19,59,14,72,95,4,84,13,89,33,18,103"/><U67/><E116/><V115/><F74/><W42/><G72/><T76/><D108/><U5/><E3/><V11/><F110/><W35/><G103/><T39/><D1/><U87/><E105/><V123/><F123/><W52/><G42/><T40/><D71/><U93/><E104/><V101/><F133/><N who="0" m="51306" /><D60/><U80/><E135/><V130/><F130/><W127/><G127/><T15/><D15/><U94/><E30/><V64/><F124/><W109/><G109/><T50/><D50/><U131/><E131/><V44/><F98/><W128/><G128/><T82/><D82/><U122/><E122/><V75/><F75/><W107/><G107/><T65/><D65/><U129/><E129/><V7/><F48/><W8/><G18/><T29/><D29/><U47/><E17/><V16/><F16/><W96/><G96/><T111/><D111/><U81/><E81/><V0/><F97/><W70/><G70/><T99/><D99/><N who="1" m="57767" /><E94/><V22/><F31/><W26/><G26/><T21/><D21/><U125/><E125/><V126/><F25/><W49/><REACH who="3" step="1"/><G12/><REACH who="3" ten="250,250,327,163" step="2"/><T117/><D40/><U113/><E113/><V121/><F115/><W77/><G77/><T68/><D41/><U37/><E37/><V56/><F0/><W114/><G114/><T118/><D39/><U28/><E28/><V112/><F112/><W85/><G85/><T43/><D43/><U102/><E102/><V119/><F38/><W23/><AGARI ba="1,1" hai="4,8,13,14,19,23,33,35,49,52,59,84,89,95" machi="23" ten="20,12000,2" yaku="1,1,0,1,7,1,25,2,54,1,53,0" doraHai="69" doraHaiUra="79" who="3" fromWho="3" sc="250,-31,250,-61,327,-31,163,133" /><INIT seed="2,0,0,0,4,28" ten="219,189,296,296" oya="2" hai0="3,70,23,29,57,36,130,69,79,4,117,52,85" hai1="65,125,64,63,97,39,32,106,126,47,12,60,120" hai2="54,114,71,98,11,38,119,128,13,104,56,92,42" hai3="72,5,112,24,121,82,8,108,75,118,86,27,109"/><V134/><F119/><W17/><G118/><T10/><D117/><U107/><E120/><V67/><F114/><W62/><G121/><T87/><D130/><U49/><E12/><V2/><F128/><W9/><G62/><T37/><D69/><N who="1" m="42119" /><E97/><V124/><F124/><N who="1" m="47721" /><E107/><V51/><F134/><W21/><G112/><T15/><D70/><N who="1" m="42303" /><E106/><V103/><F2/><W123/><G123/><T81/><D87/><U91/><E91/><V41/><F38/><W16/><G8/><T33/><D23/><U0/><E0/><V83/><F104/><W111/><G17/><T127/><D15/><U102/><E102/><V26/><F13/><N who="3" m="5295" /><G24/><T122/><D127/><U46/><E39/><V100/><F11/><W73/><G73/><T93/><D93/><U30/><E49/><V115/><F26/><AGARI ba="0,0" hai="26,30,32,46,47" m="42303,47721,42119" machi="26" ten="30,2000,0" yaku="18,1,52,1" doraHai="28" who="1" fromWho="2" sc="219,0,189,20,296,-20,296,0" /><INIT seed="3,0,0,3,4,67" ten="219,209,276,296" oya="3" hai0="23,0,121,112,35,20,107,93,5,100,104,48,103" hai1="69,68,114,51,44,28,117,39,13,128,120,31,52" hai2="105,72,49,46,60,101,126,54,81,43,16,124,24" hai3="135,134,32,11,111,80,45,41,53,2,74,96,34"/><W9/><G111/><T132/><D121/><U94/><E114/><V12/><F24/><W37/><G53/><T90/><D35/><N who="3" m="13353" /><G96/><T113/><D132/><N who="3" m="50729" /><G2/><T17/><D0/><U8/><E120/><V92/><F105/><W131/><G131/><T79/><D104/><U7/><E128/><V29/><F29/><W40/><G41/><T36/><D107/><U6/><E117/><V18/><F43/><W125/><G125/><N who="2" m="48233" /><F60/><W64/><G64/><T87/><D100/><U47/><E94/><V97/><F12/><W50/><G37/><T15/><D36/><U106/><E106/><V58/><F46/><W108/><G108/><T85/><D93/><U73/><E73/><V59/><F59/><W66/><G66/><T84/><D112/><U82/><E82/><V63/><F63/><W1/><G1/><T129/><D113/><U22/><E6/><V88/><F72/><W130/><G130/><T109/><D5/><U33/><E33/><V119/><F119/><W127/><G127/><T55/><D109/><U78/><E78/><AGARI ba="0,0" hai="9,11,40,45,50,74,78,80" m="50729,13353" machi="78" ten="30,1500,0" yaku="20,1" doraHai="67" who="3" fromWho="1" sc="219,0,209,-15,276,0,296,15" owari="219,-18.1,194,-30.6,276,7.6,311,41.1" /></mjloggm>