<mjloggm ver="2.3"><GO type="225" lobby="0"/><UN n0="%E3%82%BC%E3%83%AB%E3%83%80%E3%81%AE%E4%BC%9D%E8%AA%AC" n1="%E3%81%A4%E3%81%A3%E3%81%B1%E3%82%8A%E3%83%9D%E3%83%BC%E3%83%AB" n2="%E3%83%B4%E3%83%A0%EF%BC%99%E3%81%A6" n3="%33%74%72%65%65" dan="18,16,16,16" rate="2205.21,2091.32,2118.59,2102.82" sx="M,M,M,F"/><TAIKYOKU oya="0"/><INIT seed="0,0,0,2,4,34" ten="250,250,250,250" oya="0" hai0="18,115,103,107,95,110,120,126,87,116,85,70,76" hai1="61,42,26,43,59,83,71,50,92,114,100,66,14" hai2="79,99,128,82,78,56,39,63,74,49,131,24,106" hai3="62,6,38,73,58,89,64,7,16,36,45,94,35"/><T135/><D70/><U32/><E114/><V31/><F39/><W104/><G104/><T54/><D54/><U81/><E14/><V132/><F49/><W127/><G127/><T75/><D18/><U21/><E32/><V22/><F132/><W90/><G73/><T102/><D115/><U19/><E71/><V68/><F68/><W72/><G72/><T41/><D41/><N who="1" m="15371" /><E50/><V111/><F78/><W130/><G35/><T20/><D20/><U113/><E113/><V48/><F48/><W57/><G130/><T0/><D0/><U30/><E19/><V53/><F111/><W133/><G133/><T125/><D135/><U108/><E108/><V40/><F40/><W25/><G38/><T23/><D23/><U118/><E118/><V105/><REACH who="2" step="1"/><F99/><AGARI ba="0,0" hai="21,26,30,59,61,66,81,83,92,99,100" m="15371" machi="99" ten="30,2000,0" yaku="25,1,8,1" doraHai="34" who="1" fromWho="2" sc="250,0,250,20,250,-20,250,0" /><INIT seed="1,0,0,0,5,80" ten="250,270,230,250" oya="1" hai0="79,95,41,98,88,53,11,64,63,129,114,85,38" hai1="110,58,102,118,8,130,100,74,131,9,101,2,32" hai2="3,44,27,21,17,122,108,55,127,90,78,25,92" hai3="56,128,81,71,117,57,99,26,45,111,49,50,93"/><U94/><E118/><V112/><F122/><W67/><G111/><T115/><D129/><N who="1" m="49163" /><E110/><V16/><F108/><W40/><G128/><T126/><D126/><U51/><E74/><V124/><F3/><W6/><G117/><T15/><D53/><N who="1" m="32063" /><E32/><V20/><F78/><W61/><G6/><T4/><D79/><U29/><E29/><V12/><F12/><W22/><G50/><T75/><D75/><U60/><E2/><V7/><F7/><W107/><G107/><T42/><D98/><N who="1" m="59479" /><E60/><V5/><F112/><W91/><REACH who="3" step="1"/><G81/><REACH who="3" ten="250,270,230,240" step="2"/><T52/><D115/><U54/><E54/><V68/><F5/><W19/><AGARI ba="0,1" hai="19,22,26,40,45,49,56,57,61,67,71,91,93,99" machi="19" ten="20,8000,1" yaku="1,1,2,1,0,1,7,1,53,1" doraHai="80" doraHaiUra="89" who="3" fromWho="3" sc="250,-20,270,-40,230,-20,240,90" /><INIT seed="2,0,0,0,3,107" ten="230,230,210,330" oya="2" hai0="63,113,98,70,93,35,53,77,27,135,124,11,123" hai1="67,122,38,29,82,101,68,65,88,81,112,24,109" hai2="87,117,28,6,72,127,54,114,55,48,134,104,100" hai3="115,40,116,39,108,128,111,71,83,125,86,118,97"/><V60/><F114/><W58/><G71/><T105/><D123/><U133/><E112/><V42/><F117/><W22/><G115/><T8/><D113/><U12/><E38/><V3/><F127/><W34/><G34/><T43/><D124/><U132/><E122/><V44/><F134/><N who="1" m="51817" /><E109/><N who="3" m="42058" /><G125/><T110/><D110/><U66/><E101/><V15/><F3/><W89/><G128/><T129/><D129/><U74/><E68/><V36/><F28/><W1/><G1/><T51/><D77/><N who="1" m="44215" /><E12/><V62/><F72/><W16/><G58/><T50/><D105/><U91/><E82/><V52/><F87/><W99/><G99/><T7/><D135/><U20/><AGARI ba="0,0" hai="20,24,29,65,66,67,88,91" m="44215,51817" machi="20" ten="30,4000,0" yaku="20,1,52,1,54,1" doraHai="107" who="1" fromWho="1" sc="230,-10,230,40,210,-20,330,-10" /><INIT seed="3,0,0,2,2,127" ten="220,270,190,320" oya="3" hai0="21,88,18,115,66,3,129,19,25,47,30,15,125" hai1="16,111,0,116,91,74,2,28,58,9,73,96,118" hai2="92,26,71,11,44,90,50,46,57,43,29,105,51" hai3="132,38,135,8,12,68,126,49,35,100,84,106,17"/><W62/><G38/><T37/><D125/><U24/><E58/><V34/><F71/><W87/><G126/><T102/><D3/><U53/><E53/><V59/><F105/><W123/><G123/><T122/><D122/><U56/><E56/><V119/><F119/><W27/><G49/><T23/><D102/><U40/><E40/><V89/><F11/><W79/><G79/><T82/><D66/><U72/><E111/><V4/><F4/><W55/><G55/><T45/><D115/><U75/><E75/><V112/><F112/><W124/><G124/><T114/><D114/><U10/><E96/><V31/><F31/><N who="3" m="19967" /><G87/><N who="0" m="50295" /><D37/><U109/><E109/><V36/><F36/><W113/><G84/><T134/><D134/><N who="3" m="51241" /><G113/><T110/><D110/><U77/><E73/><V78/><F78/><W81/><G81/><T22/><D129/><U13/><E74/><V95/><F95/><W85/><G85/><T41/><D41/><U1/><E72/><V93/><F93/><W130/><G130/><T33/><D33/><N who="1" m="20615" /><E91/><V108/><F108/><W76/><G76/><T80/><D80/><U14/><E77/><V20/><F34/><W70/><G62/><T67/><D67/><U117/><E0/><V48/><F89/><W128/><G128/><T94/><D94/><U52/><E52/><V99/><REACH who="2" step="1"/><F48/><REACH who="2" ten="220,270,180,320" step="2"/><W61/><G61/><T101/><D101/><U64/><E117/><V107/><F107/><W133/><G133/><T104/><D104/><U42/><E118/><V120/><F120/><W97/><AGARI ba="0,1" hai="8,12,17,68,70,97,100,106" m="51241,19967" machi="97" ten="30,1500,0" yaku="20,1" doraHai="127" who="3" fromWho="3" sc="220,-5,270,-5,180,-5,320,25" owari="215,-18.5,265,6.5,175,-32.5,345,44.5" /></mjloggm>