<mjloggm ver="2.3"><GO type="225" lobby="0"/><UN n0="%E3%82%B2%E3%82%B9%E8%8C%82%E5%8B%9D" n1="%E9%B3%B3%E6%9D%B1%E3%81%AE%E3%81%86%E3%81%95%E3%81%8E%E3%81%95%E3%82%93" n2="%E3%81%82%E3%81%99%E3%81%AB%E3%82%83%E3%82%80" n3="%E3%80%93%E3%81%97%E3%83%BC%E3%82%89%E3%80%93" dan="16,17,16,16" rate="2074.98,2305.00,2104.45,2082.27" sx="F,M,F,M"/><TAIKYOKU oya="0"/><INIT seed="0,0,0,5,5,18" ten="250,250,250,250" oya="0" hai0="30,125,103,14,102,88,112,108,16,35,3,52,110" hai1="129,81,106,127,32,80,37,73,38,44,61,50,67" hai2="41,89,45,69,94,96,123,17,43,116,77,131,33" hai3="104,84,34,113,4,97,117,27,9,15,128,87,134"/><T70/><D112/><U74/><E106/><V1/><F123/><W8/><G113/><T63/><D125/><U6/><E127/><V121/><F121/><W55/><G117/><T76/><D3/><U111/><E32/><V109/><F116/><W36/><G36/><T91/><D76/><U10/><E111/><N who="0" m="42537" /><D30/><U25/><E25/><V119/><F1/><W99/><G128/><T39/><D39/><U93/><E93/><V12/><F33/><W68/><G134/><T40/><D40/><U29/><E81/><V114/><F119/><W75/><G75/><T72/><D72/><U101/><E29/><V122/><F69/><W28/><G68/><T11/><D35/><U47/><E74/><V133/><F109/><W60/><G9/><T56/><D70/><U135/><E135/><V58/><F133/><W65/><G34/><T21/><D11/><U0/><E129/><V85/><F131/><W51/><G8/><T100/><AGARI ba="0,0" hai="14,16,21,52,56,63,88,91,100,102,103" m="42537" machi="100" ten="30,18000,2" yaku="14,1,10,1,52,1,54,3" doraHai="18" who="0" fromWho="0" sc="250,180,250,-60,250,-60,250,-60" /><INIT seed="0,1,0,0,1,106" ten="430,190,190,190" oya="0" hai0="109,130,87,58,105,6,85,94,110,7,32,77,118" hai1="123,56,19,3,61,114,131,59,74,135,84,121,18" hai2="12,122,45,99,29,52,49,82,83,64,16,48,107" hai3="26,104,24,119,34,41,81,38,9,33,80,90,101"/><T68/><D118/><U97/><E3/><V10/><F122/><W28/><G119/><T15/><D68/><U112/><E84/><V117/><F117/><W27/><G41/><T65/><D105/><U127/><E97/><V129/><F129/><W53/><G38/><T63/><D32/><U113/><E131/><V2/><F64/><W86/><G101/><T50/><D130/><U40/><E40/><V60/><F60/><W69/><G104/><T125/><D125/><U0/><E0/><V5/><F29/><W95/><G69/><T96/><D50/><U98/><E98/><V55/><F99/><W11/><G53/><T13/><D15/><U66/><E127/><V111/><F111/><N who="0" m="42506" /><D13/><U115/><E115/><V1/><F1/><W51/><G51/><T46/><D46/><U72/><E135/><V21/><REACH who="2" step="1"/><F107/><REACH who="2" ten="430,190,180,190" step="2"/><W35/><REACH who="3" step="1"/><G28/><REACH who="3" ten="430,190,180,180" step="2"/><T47/><D65/><N who="1" m="39079" /><E123/><V37/><F37/><W102/><G102/><T93/><D63/><N who="1" m="38271" /><E121/><V116/><F116/><W71/><G71/><T134/><D134/><U133/><E133/><V42/><F42/><W22/><G22/><T4/><D96/><U92/><E114/><V132/><F132/><W124/><G124/><T30/><D30/><U88/><E113/><V91/><F91/><W14/><G14/><T79/><D77/><U23/><E112/><V89/><F89/><W31/><G31/><T108/><D79/><U25/><E23/><V67/><F67/><W54/><G54/><T126/><D108/><U43/><E43/><V75/><F75/><N who="1" m="28713" /><E25/><V128/><F128/><W73/><G73/><T20/><D126/><RYUUKYOKU ba="1,2" sc="430,-30,190,10,180,10,180,10" hai1="18,19,88,92" hai2="2,5,10,12,16,21,45,48,49,52,55,82,83" hai3="9,11,24,26,27,33,34,35,80,81,86,90,95" /><INIT seed="1,2,2,1,4,4" ten="400,200,190,190" oya="1" hai0="110,101,115,34,103,7,77,109,3,8,20,58,21" hai1="18,88,46,6,102,61,89,59,97,74,108,134,80" hai2="83,38,128,51,0,117,66,12,19,123,95,76,69" hai3="10,79,17,32,111,36,52,133,105,28,56,53,132"/><U100/><E134/><N who="3" m="51818" /><G105/><T126/><D115/><U93/><E108/><N who="0" m="41577" /><D34/><U27/><E6/><V47/><F0/><W40/><G111/><T116/><D126/><U23/><E46/><V71/><F117/><W54/><G79/><T13/><D116/><U49/><E49/><V57/><F123/><W87/><G87/><T37/><D37/><U62/><E62/><V121/><F121/><W24/><G40/><T14/><D77/><U92/><E80/><V50/><F128/><W118/><G36/><T106/><D58/><U1/><E1/><V75/><F95/><W119/><G56/><T9/><D3/><U114/><E74/><V2/><F2/><W5/><G17/><N who="0" m="8359" /><D106/><U68/><E68/><V90/><F90/><W70/><G70/><T85/><D85/><N who="1" m="52367" /><E114/><V30/><F38/><W122/><G122/><T42/><D42/><U129/><E129/><V94/><F69/><W64/><G64/><AGARI ba="2,2" hai="18,23,27,59,61,64,89,92,97,100,102" m="52367" machi="64" ten="30,2900,0" yaku="8,1,54,1" doraHai="4" who="1" fromWho="3" sc="400,0,200,55,190,0,190,-35" /><INIT seed="1,3,0,0,5,23" ten="400,255,190,155" oya="1" hai0="131,4,133,134,46,119,73,125,78,101,43,38,54" hai1="2,118,50,67,108,69,81,51,128,123,117,74,82" hai2="120,132,41,98,104,97,72,80,58,87,96,105,100" hai3="49,92,109,126,112,20,52,129,127,17,114,13,24"/><U6/><E123/><V26/><F41/><W93/><G109/><T88/><D119/><U94/><E2/><V76/><F58/><N who="3" m="33039" /><G129/><T22/><D131/><U35/><E128/><V57/><F57/><W64/><G64/><T25/><D125/><N who="3" m="47625" /><G13/><T1/><D101/><U59/><E6/><V62/><F62/><W56/><G56/><T113/><D113/><AGARI ba="3,0" hai="17,20,24,92,93,112,113,114" m="47625,33039" machi="113" ten="30,3900,0" yaku="18,1,52,1,54,1" doraHai="23" who="3" fromWho="0" sc="400,-48,255,0,190,0,155,48" /><INIT seed="2,0,0,4,3,60" ten="352,255,190,203" oya="2" hai0="48,115,21,18,120,72,67,128,59,24,44,86,19" hai1="2,127,107,99,7,68,15,30,94,87,9,125,123" hai2="78,126,129,121,0,6,55,103,40,100,10,13,8" hai3="97,4,45,85,74,70,130,23,36,64,89,66,1"/><V81/><F121/><W76/><G70/><T132/><D115/><U12/><E68/><V104/><F126/><N who="1" m="48137" /><E123/><V46/><F129/><W62/><G62/><N who="0" m="38367" /><D132/><U112/><E112/><V52/><F104/><W135/><G97/><T83/><D72/><U122/><E122/><V90/><F90/><W26/><G130/><T63/><D63/><U31/><E87/><V108/><F108/><W116/><G135/><T14/><D128/><U51/><E51/><V119/><F119/><W28/><G116/><T53/><D120/><U93/><E93/><V69/><F69/><W101/><G101/><T80/><D86/><U134/><E107/><V133/><F133/><W118/><G118/><T39/><D39/><U25/><E134/><V34/><F34/><W56/><G56/><T88/><D88/><N who="1" m="55751" /><E31/><V131/><F131/><W82/><G89/><T106/><D106/><U105/><E105/><V73/><F103/><W41/><G85/><T124/><D124/><U38/><E38/><N who="2" m="21783" /><F100/><W77/><G77/><T91/><D91/><U65/><E65/><V75/><F75/><W29/><G29/><T27/><D83/><U109/><E109/><V84/><F84/><W3/><G3/><T22/><D80/><U102/><E102/><V79/><F79/><W16/><G28/><T98/><D98/><U20/><AGARI ba="0,0" hai="2,7,9,12,15,20,25,30" m="55751,48137" machi="20" ten="30,2000,0" yaku="18,1,54,1" doraHai="60" who="1" fromWho="1" sc="352,-5,255,20,190,-10,203,-5" /><INIT seed="3,0,0,0,1,43" ten="347,275,180,198" oya="3" hai0="44,70,39,92,54,68,22,24,61,114,133,128,75" hai1="0,90,123,112,29,73,38,131,36,116,117,23,96" hai2="93,3,91,83,86,49,40,125,106,80,108,76,129" hai3="28,6,67,121,56,9,101,53,100,46,15,59,126"/><W30/><G126/><T107/><D107/><U52/><E123/><V82/><F125/><W55/><G121/><T85/><D75/><U21/><E112/><V77/><F3/><W87/><G67/><T89/><D133/><U65/><E0/><V63/><F108/><W11/><G87/><T110/><D110/><U119/><E131/><V130/><F63/><W27/><G27/><T37/><D37/><N who="1" m="14443" /><E73/><V31/><F31/><W84/><G84/><T72/><D72/><U78/><E78/><V13/><F13/><W64/><G64/><T99/><D85/><U97/><E65/><V132/><F106/><W69/><G15/><T1/><D1/><U33/><E52/><V98/><F132/><W124/><G124/><T113/><D128/><N who="2" m="49258" /><F98/><N who="1" m="37993" /><E90/><V103/><F103/><W4/><G69/><T111/><D111/><U17/><E17/><V60/><F60/><W26/><G26/><AGARI ba="0,0" hai="21,23,26,29,33,116,117,119" m="37993,14443" machi="26" ten="40,1300,0" yaku="12,1" doraHai="43" who="1" fromWho="3" sc="347,0,275,13,180,0,198,-13" owari="347,44.7,288,8.8,180,-32.0,185,-21.5" /></mjloggm>