<mjloggm ver="2.3"><GO type="225" lobby="0"/><UN n0="%E3%81%8B%E3%82%8F%E3%81%A1%E3%82%83%E3%82%93%35%38" n1="%E3%81%A8%E3%82%93%E3%81%A8%E3%81%93%E3%81%A8%E3%82%93" n2="%4E%6F%2E%30%30%30%31" n3="%E5%84%AA%40%41%42%43" dan="17,16,19,18" rate="2135.07,2117.28,2225.07,2200.07" sx="M,F,F,M"/><TAIKYOKU oya="0"/><INIT seed="0,0,0,4,3,109" ten="250,250,250,250" oya="0" hai0="107,18,30,83,5,100,87,123,132,15,118,111,37" hai1="71,29,78,39,62,9,32,94,0,66,42,103,43" hai2="88,124,69,119,121,45,27,122,135,131,85,41,133" hai3="46,106,14,3,57,108,125,26,28,7,84,99,23"/><T115/><D118/><U105/><E94/><V8/><F69/><W76/><G108/><T36/><D123/><U65/><E78/><V61/><F61/><W21/><G125/><T48/><D111/><U70/><E39/><V20/><F8/><W6/><G3/><T91/><D5/><N who="1" m="1191" /><E66/><V72/><F72/><W50/><G99/><T38/><D132/><N who="2" m="50762" /><F131/><W44/><G57/><T31/><D115/><U4/><E4/><N who="3" m="1578" /><G50/><T52/><D100/><U134/><E70/><V101/><F101/><W128/><G106/><T25/><D25/><N who="1" m="18479" /><E134/><V110/><F124/><W89/><G76/><T116/><D116/><U98/><AGARI ba="0,0" hai="42,43,62,65,71,98,103,105" m="18479,1191" machi="98" ten="30,1100,0" yaku="25,1" doraHai="109" who="1" fromWho="1" sc="250,-5,250,11,250,-3,250,-3" /><INIT seed="1,0,0,1,1,73" ten="245,261,247,247" oya="1" hai0="4,108,80,1,10,104,78,100,102,21,7,12,128" hai1="32,121,93,123,30,50,115,16,0,113,20,67,38" hai2="25,132,125,45,27,14,126,11,2,131,42,117,109" hai3="90,103,57,92,130,33,37,99,98,62,46,24,72"/><U15/><BYE who="0" /><E38/><UN n0="%E3%81%8B%E3%82%8F%E3%81%A1%E3%82%83%E3%82%93%35%38" /><V76/><F117/><W84/><G72/><T114/><D114/><N who="1" m="43531" /><E67/><V39/><F2/><W64/><G130/><T36/><D36/><U91/><E50/><V69/><F69/><W54/><G37/><T135/><D128/><U96/><E91/><V6/><F109/><W95/><G33/><T22/><D108/><U13/><E93/><V74/><F132/><W127/><G24/><T89/><D89/><U43/><E96/><V75/><F131/><W28/><G28/><T112/><D112/><U83/><E83/><N who="2" m="45463" /><F75/><W85/><G127/><AGARI ba="0,0" hai="6,11,14,25,27,39,42,45,125,126,127" m="45463" machi="127" ten="30,2000,0" yaku="18,1,52,1" doraHai="73" who="2" fromWho="3" sc="245,0,261,0,247,20,247,-20" /><INIT seed="2,0,0,1,3,35" ten="245,261,267,227" oya="2" hai0="36,18,55,11,69,46,33,131,29,37,134,56,45" hai1="7,12,82,83,26,93,65,122,1,23,19,110,31" hai2="38,40,73,5,53,10,128,8,66,89,58,120,102" hai3="116,27,50,119,48,133,54,87,51,4,112,118,78"/><V70/><F120/><W96/><G133/><T108/><D69/><U44/><E122/><V62/><F128/><W80/><G112/><T81/><D131/><U2/><E110/><V61/><F73/><W9/><G27/><T22/><D33/><U43/><E65/><V90/><F102/><W75/><G96/><T41/><D108/><U106/><E106/><V47/><REACH who="2" step="1"/><F10/><REACH who="2" ten="245,261,257,227" step="2"/><W88/><G75/><T32/><D11/><N who="1" m="2543" /><E2/><AGARI ba="0,1" hai="2,5,8,38,40,47,53,58,61,62,66,70,89,90" machi="2" ten="30,12000,1" yaku="1,1,7,1,52,1,53,2" doraHai="35" doraHaiUra="59" who="2" fromWho="1" sc="245,0,261,-120,257,130,227,0" /><INIT seed="2,1,0,2,1,115" ten="245,141,387,227" oya="2" hai0="91,28,101,34,32,46,99,104,121,5,45,94,56" hai1="59,41,3,58,123,82,109,69,89,135,9,4,131" hai2="68,16,20,95,36,66,43,113,14,76,119,81,98" hai3="110,128,73,64,120,55,62,61,37,6,108,29,7"/><V116/><F113/><W21/><G120/><T48/><D121/><U102/><E123/><V83/><F43/><W1/><G73/><T60/><D5/><U50/><E69/><V24/><F36/><W40/><G128/><T117/><D117/><U63/><E131/><V124/><F124/><W52/><G29/><T19/><D19/><U130/><E130/><V22/><F66/><W84/><G21/><T11/><D11/><U106/><E109/><N who="3" m="42090" /><G84/><T77/><D77/><U2/><E2/><V65/><F65/><W27/><G27/><T129/><D129/><U49/><E135/><V72/><F83/><W8/><G7/><T51/><D51/><U23/><E23/><V75/><F68/><N who="3" m="41999" /><G62/><T87/><D28/><U25/><E25/><V107/><F107/><W127/><G127/><T13/><D13/><U42/><E63/><V67/><F67/><W12/><G1/><T39/><D39/><U114/><E114/><V10/><F72/><W132/><G132/><T53/><D46/><AGARI ba="1,0" hai="6,8,12,37,40,46,52,55" m="41999,42090" machi="46" ten="30,2000,0" yaku="14,1,54,1" doraHai="115" who="3" fromWho="0" sc="245,-23,141,0,387,0,227,23" /><INIT seed="3,0,0,4,0,48" ten="222,141,387,250" oya="3" hai0="68,128,116,85,38,107,80,1,51,86,88,43,56" hai1="8,63,90,94,120,75,33,5,98,47,44,114,39" hai2="24,17,123,4,129,66,28,21,104,42,126,35,34" hai3="112,25,125,70,62,102,108,115,93,78,27,20,9"/><W2/><G78/><T67/><D116/><U119/><E120/><V58/><F104/><W54/><G102/><T118/><D118/><U124/><E124/><V52/><F126/><W53/><G93/><T82/><D1/><U135/><E135/><V16/><F129/><W109/><G125/><T111/><D107/><U64/><E114/><N who="3" m="43562" /><G70/><T99/><D99/><U65/><E119/><V10/><F123/><W0/><G62/><T22/><D38/><U110/><E110/><N who="3" m="42602" /><G27/><T7/><D68/><U95/><E75/><V57/><F42/><W55/><G9/><T100/><D100/><U83/><E83/><V79/><F79/><W101/><G101/><T74/><D74/><U97/><E39/><V76/><F76/><W32/><G32/><T60/><D111/><U103/><E33/><V113/><F113/><W50/><G50/><T69/><D69/><U127/><E127/><V19/><F66/><W92/><G92/><T3/><D67/><U41/><E41/><V14/><REACH who="2" step="1"/><F58/><REACH who="2" ten="222,141,377,250" step="2"/><W73/><G73/><T61/><D43/><U40/><E40/><V89/><F89/><W11/><G11/><T45/><D88/><U49/><E49/><AGARI ba="0,1" hai="4,10,14,16,17,19,21,24,28,34,35,49,52,57" machi="49" ten="40,8000,1" yaku="1,1,52,1,54,2,53,0" doraHai="48" doraHaiUra="81" who="2" fromWho="1" sc="222,0,141,-80,377,90,250,0" owari="222,-17.8,61,-43.9,467,56.7,250,5.0" /></mjloggm>