<mjloggm ver="2.3"><GO type="225" lobby="0"/><UN n0="%E3%81%AF%E3%82%88%E3%81%8A%E3%81%98%E3%81%95%E3%82%93" n1="%E3%81%9F%E3%81%8B%E3%80%82" n2="%E3%81%99%E3%81%84%E3%81%BE%E3%81%9B%E3%83%BC%E3%82%93" n3="%6D%75%75%73%61%6E%6D%75" dan="17,16,18,16" rate="2209.42,2091.36,2295.83,2143.67" sx="M,M,M,F"/><TAIKYOKU oya="0"/><INIT seed="0,0,0,5,2,57" ten="250,250,250,250" oya="0" hai0="70,26,115,94,19,49,17,85,96,120,135,84,78" hai1="41,33,22,87,38,93,133,20,100,14,86,73,50" hai2="106,9,28,58,118,121,15,88,104,66,4,103,110" hai3="40,25,62,37,32,42,13,3,68,56,61,60,105"/><T64/><D115/><U75/><E33/><V27/><F121/><W81/><G3/><T92/><D120/><U36/><E50/><V18/><F110/><W44/><G105/><T10/><D135/><U77/><E133/><V123/><F123/><W74/><G68/><T127/><D127/><U11/><E41/><V132/><F132/><W107/><G107/><T8/><D70/><U12/><E11/><N who="0" m="4137" /><D64/><U76/><E93/><N who="0" m="35945" /><D96/><U45/><E45/><V114/><F114/><W134/><G134/><T122/><D122/><U0/><E0/><V34/><F118/><W112/><G112/><T79/><D49/><U52/><REACH who="1" step="1"/><E100/><REACH who="1" ten="250,240,250,250" step="2"/><V59/><F103/><W91/><G42/><T102/><D102/><U63/><E63/><V90/><F106/><W101/><G101/><T99/><D99/><U89/><E89/><V16/><F90/><W69/><G69/><T55/><D79/><U51/><E51/><V23/><F104/><W29/><G13/><T7/><D78/><U72/><E72/><V124/><F15/><W128/><G128/><T5/><D84/><U6/><E6/><V24/><F4/><W125/><G125/><T98/><D85/><U48/><E48/><V117/><F124/><W43/><G43/><T67/><D98/><U108/><E108/><V1/><F117/><W130/><G130/><T97/><D97/><U30/><E30/><V126/><F126/><W47/><G47/><T53/><D5/><U54/><AGARI ba="0,1" hai="12,14,20,22,36,38,52,54,73,75,76,77,86,87" machi="54" ten="25,8000,1" yaku="1,1,0,1,22,2,54,1,53,0" doraHai="57" doraHaiUra="46" who="1" fromWho="1" sc="250,-40,240,90,250,-20,250,-20" /><INIT seed="1,0,0,4,5,63" ten="210,330,230,230" oya="1" hai0="66,23,82,25,22,37,20,125,29,33,103,12,69" hai1="104,105,58,61,18,71,24,76,1,121,53,109,38" hai2="113,90,55,87,95,54,72,65,106,108,81,86,51" hai3="21,115,8,2,27,59,31,6,68,134,75,111,88"/><U49/><E1/><V77/><F108/><W34/><G68/><T30/><D37/><U32/><E38/><V13/><F106/><W14/><G75/><T130/><D125/><U128/><E76/><V94/><F113/><W100/><G115/><T40/><D40/><U36/><E36/><V35/><F35/><W48/><G111/><T80/><D130/><U70/><E121/><V129/><F129/><W114/><G114/><T97/><D30/><U131/><E128/><V98/><F65/><W15/><G100/><T91/><D23/><U74/><E74/><V67/><F67/><W135/><G59/><T118/><D91/><U28/><E18/><V10/><F72/><W110/><G48/><T39/><D118/><U120/><E109/><V0/><F0/><W99/><G110/><T16/><D22/><U78/><E120/><V4/><REACH who="2" step="1"/><F51/><REACH who="2" ten="210,330,220,230" step="2"/><W133/><G34/><T124/><D39/><U112/><E112/><V119/><F119/><W123/><G123/><T117/><D124/><U50/><E131/><V89/><AGARI ba="0,1" hai="4,10,13,54,55,77,81,86,87,89,90,94,95,98" machi="89" ten="20,5200,0" yaku="1,1,0,1,7,1,8,1,53,0" doraHai="63" doraHaiUra="19" who="2" fromWho="2" sc="210,-13,330,-26,220,62,230,-13" /><INIT seed="2,0,0,4,1,33" ten="197,304,282,217" oya="2" hai0="99,24,12,95,85,22,38,87,9,69,55,7,133" hai1="106,25,48,4,32,79,50,5,125,36,107,30,90" hai2="42,108,74,40,17,51,43,49,132,35,54,28,72" hai3="84,3,23,44,31,76,70,73,71,19,119,123,104"/><V81/><F132/><W26/><G119/><T13/><D133/><U92/><E36/><V96/><F108/><W18/><G123/><T126/><D126/><U115/><E115/><V11/><F35/><W57/><G73/><T45/><D69/><U82/><E125/><V65/><F28/><W114/><G114/><T130/><D130/><U121/><E121/><V6/><F65/><W110/><G110/><T77/><D12/><U29/><E29/><V63/><F17/><W46/><G104/><T129/><D77/><U59/><E107/><V47/><F63/><W97/><G97/><T124/><D129/><U53/><E50/><V21/><F96/><W135/><G135/><T68/><D68/><U93/><E106/><V14/><F21/><W127/><G127/><T39/><D39/><U58/><E58/><V134/><F134/><W34/><G71/><T67/><D67/><U56/><E56/><V1/><F14/><W113/><G70/><T64/><D64/><U120/><E120/><V112/><F112/><W78/><G113/><T100/><D124/><U62/><E62/><V0/><F51/><W118/><G118/><T20/><D20/><U15/><E15/><V122/><F122/><W66/><G34/><T16/><D38/><U116/><E116/><V98/><F49/><AGARI ba="0,0" hai="7,9,13,16,22,24,45,49,55,85,87,95,99,100" machi="49" ten="40,2600,0" yaku="8,1,54,1" doraHai="33" who="0" fromWho="2" sc="197,26,304,0,282,-26,217,0" /><INIT seed="3,0,0,5,4,105" ten="223,304,256,217" oya="3" hai0="6,120,128,116,18,80,118,83,0,73,111,48,89" hai1="41,52,112,75,58,132,43,7,51,16,131,26,9" hai2="38,123,45,39,84,102,46,28,95,77,100,50,86" hai3="94,36,99,17,59,133,121,114,126,71,67,25,12"/><W76/><G114/><T104/><D104/><U130/><E75/><V68/><F68/><W3/><G3/><T88/><D120/><U127/><E132/><V103/><F28/><W101/><G121/><T108/><D128/><N who="1" m="49195" /><E112/><V33/><F33/><W37/><G133/><T110/><D18/><U47/><E47/><V134/><F134/><W14/><G126/><T53/><D6/><U96/><E96/><V115/><F115/><W90/><G71/><T34/><D34/><U106/><E106/><V20/><F20/><W79/><G37/><T78/><D0/><N who="1" m="231" /><E127/><V74/><F74/><W44/><G101/><T109/><D109/><U31/><E16/><V92/><F123/><W66/><G44/><T56/><D116/><U2/><E2/><V40/><F38/><W61/><G36/><T129/><D118/><U107/><E107/><V64/><F64/><W72/><G67/><T119/><D119/><U124/><E124/><V81/><REACH who="2" step="1"/><F86/><REACH who="2" ten="223,304,246,217" step="2"/><W117/><G117/><T62/><D129/><U15/><E15/><N who="3" m="5674" /><G72/><T11/><D73/><U29/><E29/><V21/><F21/><AGARI ba="0,1" hai="17,21,25,59,61,66,76,79,90,94,99" m="5674" machi="21" ten="30,1500,0" yaku="8,1" doraHai="105" who="3" fromWho="2" sc="223,0,304,0,246,-15,217,25" /><AGARI ba="0,0" hai="21,26,31,41,43,51,52,58" m="231,49195" machi="21" ten="30,2000,0" yaku="19,1,54,1" doraHai="105" who="1" fromWho="2" sc="223,0,304,20,231,-20,242,0" /><INIT seed="3,1,0,1,3,6" ten="223,324,211,242" oya="3" hai0="119,102,18,83,93,82,44,117,123,91,124,55,106" hai1="87,122,118,39,14,111,23,107,77,108,85,53,57" hai2="64,7,120,30,58,105,100,94,15,51,17,113,49" hai3="10,96,61,62,133,60,31,121,68,131,63,13,115"/><W54/><G115/><T47/><D123/><U86/><E39/><V28/><F105/><W129/><G121/><T81/><D124/><U66/><E107/><V135/><F113/><W33/><G133/><T37/><D106/><U38/><E38/><V46/><F7/><W84/><G96/><T127/><D102/><U75/><E66/><V74/><F74/><W70/><G84/><T128/><D127/><U42/><E42/><N who="2" m="24791" /><F135/><W41/><G41/><T45/><D37/><U80/><E118/><V76/><F76/><W35/><G54/><T43/><D128/><N who="3" m="49225" /><G31/><T8/><D43/><U103/><E103/><V2/><F2/><W24/><G24/><T32/><D32/><N who="3" m="12361" /><G63/><T112/><D112/><U130/><E122/><V25/><F25/><W5/><AGARI ba="1,0" hai="5,10,13,60,61,62,68,70" m="12361,49225" machi="5" ten="40,3900,0" yaku="19,1,52,1" doraHai="6" who="3" fromWho="3" sc="223,-14,324,-14,211,-14,242,42" /><INIT seed="3,2,0,1,4,1" ten="209,310,197,284" oya="3" hai0="15,112,9,78,68,70,122,90,71,125,97,37,42" hai1="131,66,75,99,88,30,124,44,46,91,82,115,54" hai2="76,24,21,85,63,19,43,53,49,0,39,38,110" hai3="86,48,58,102,108,40,4,96,134,101,87,17,116"/><W60/><G116/><T7/><D122/><U34/><E115/><V11/><F110/><W126/><G108/><T51/><D112/><U129/><E124/><V77/><F63/><W62/><G126/><T41/><D125/><U61/><E99/><V26/><F39/><W5/><G134/><T18/><D37/><U133/><E133/><V117/><F117/><W118/><G118/><T100/><D78/><N who="2" m="30314" /><F38/><W55/><G17/><T83/><D51/><N who="1" m="29031" /><E46/><N who="2" m="25823" /><F0/><W128/><G128/><N who="1" m="49226" /><E75/><V94/><F11/><W22/><G22/><T106/><D42/><U119/><E119/><V105/><F105/><W31/><G31/><T10/><D41/><U109/><E109/><V6/><F6/><N who="3" m="2667" /><G40/><T3/><D10/><U95/><E30/><V103/><F53/><N who="3" m="33871" /><G62/><T73/><D73/><U25/><E61/><V89/><F103/><N who="3" m="39435" /><G96/><T23/><D3/><U36/><E36/><V113/><F113/><W57/><AGARI ba="2,0" hai="48,55,57,86,87" m="39435,33871,2667" machi="57" ten="30,11700,0" yaku="8,1,52,3" doraHai="1" who="3" fromWho="3" sc="209,-41,310,-41,197,-41,284,123" owari="168,-23.2,269,6.9,156,-34.4,407,50.7" /></mjloggm>