<mjloggm ver="2.3"><GO type="225" lobby="0"/><UN n0="%EF%BC%94%36" n1="%E3%81%AF%E3%82%88%E3%81%8A%E3%81%98%E3%81%95%E3%82%93" n2="%6D%75%75%73%61%6E%6D%75" n3="%E3%81%99%E3%81%84%E3%81%BE%E3%81%9B%E3%83%BC%E3%82%93" dan="16,17,16,18" rate="2055.90,2207.30,2149.88,2289.28" sx="M,M,F,M"/><TAIKYOKU oya="0"/><INIT seed="0,0,0,5,1,21" ten="250,250,250,250" oya="0" hai0="108,34,118,106,130,83,134,48,97,9,69,22,62" hai1="114,135,129,44,84,77,20,67,91,74,33,92,116" hai2="40,56,12,63,110,75,4,71,26,17,36,14,82" hai3="72,79,131,2,109,50,43,25,0,13,52,85,104"/><T87/><D34/><U15/><E116/><V45/><F110/><W61/><G72/><T8/><D108/><U57/><E33/><V37/><F71/><W23/><G104/><T42/><D118/><U65/><E129/><V119/><F119/><W81/><G109/><T121/><D121/><U90/><E135/><V58/><F37/><W126/><G131/><T93/><D106/><U39/><E114/><V68/><F68/><W35/><G126/><T111/><D130/><U29/><E74/><V47/><F47/><W51/><G35/><T32/><D32/><U3/><E3/><V30/><F4/><W94/><G13/><T112/><D69/><U27/><E77/><V11/><F14/><W66/><G43/><T132/><D62/><U122/><E122/><V127/><F127/><W86/><G0/><T124/><D124/><U46/><E39/><V10/><F10/><W78/><G2/><T76/><D112/><U101/><E101/><V89/><F58/><N who="3" m="35015" /><G66/><N who="1" m="25098" /><E57/><V107/><F107/><W80/><G94/><T53/><D111/><U88/><E15/><V102/><F102/><W113/><G113/><T115/><D115/><U38/><E38/><V28/><F56/><W59/><G59/><N who="0" m="33191" /><D134/><U1/><E1/><V60/><F75/><W41/><G41/><T19/><D42/><U54/><E54/><V55/><F55/><W16/><AGARI ba="0,0" hai="16,23,25,50,51,78,79,80,81,85,86" m="35015" machi="16" ten="30,7900,0" yaku="8,1,52,1,54,2" doraHai="21" who="3" fromWho="3" sc="250,-39,250,-20,250,-20,250,79" /><INIT seed="1,0,0,1,5,85" ten="211,230,230,329" oya="1" hai0="64,99,124,109,2,95,60,74,20,129,70,61,119" hai1="6,59,123,114,45,4,112,28,50,65,90,62,54" hai2="97,43,9,100,127,53,14,87,128,120,63,21,81" hai3="52,130,55,86,66,24,58,56,106,10,135,115,122"/><U27/><E123/><V75/><F120/><W48/><G122/><T121/><D74/><U69/><E114/><V31/><F128/><W47/><G115/><T79/><D2/><U57/><E112/><V134/><F134/><W77/><G106/><T35/><D35/><U125/><E125/><V51/><F127/><W17/><G130/><T107/><D107/><U92/><E59/><V7/><F75/><W38/><G135/><T118/><D129/><U94/><E94/><V49/><F63/><N who="3" m="38247" /><G38/><T13/><D124/><U5/><E69/><V67/><F67/><W73/><G73/><T11/><D121/><U41/><E65/><V72/><F72/><W96/><G96/><T108/><D60/><U33/><REACH who="1" step="1"/><E4/><REACH who="1" ten="211,220,230,329" step="2"/><V68/><F68/><W37/><G58/><T133/><D133/><U78/><E78/><V44/><F7/><W3/><G77/><T36/><D79/><U132/><E132/><V82/><F82/><W117/><G117/><T16/><D119/><U0/><E0/><V113/><F81/><W93/><G3/><T29/><D118/><U42/><E42/><V40/><F40/><W46/><G93/><T15/><D36/><U1/><E1/><V126/><F113/><W8/><G37/><T105/><D105/><U18/><E18/><V39/><F126/><W102/><G17/><N who="0" m="10287" /><D29/><U80/><E80/><V110/><F39/><W23/><G55/><T76/><D76/><U25/><E25/><V91/><F110/><W104/><G104/><T101/><D109/><U111/><E111/><V103/><F43/><W26/><G52/><T98/><D108/><RYUUKYOKU ba="0,1" sc="211,15,220,15,230,-15,329,-15" hai0="11,15,16,61,64,70,95,98,99,101" hai1="5,6,27,28,33,41,45,50,54,57,62,90,92" /><INIT seed="1,1,1,2,2,57" ten="226,235,215,314" oya="1" hai0="110,94,47,79,22,131,45,109,59,14,3,113,2" hai1="11,66,122,77,12,4,115,62,106,37,6,73,92" hai2="97,90,17,83,105,102,38,34,58,126,80,87,135" hai3="69,101,119,91,13,114,16,64,39,111,50,68,18"/><U128/><E115/><V15/><F126/><W63/><G39/><T54/><D113/><U89/><E122/><V74/><F135/><W32/><G114/><T75/><D131/><U27/><E106/><V72/><F34/><W60/><G32/><T24/><D14/><U95/><E37/><V7/><F38/><W67/><G111/><N who="0" m="42507" /><D94/><U55/><E128/><V61/><F7/><W117/><G101/><T10/><D79/><U1/><E55/><V28/><F28/><W49/><G13/><T23/><D75/><U132/><E132/><V44/><F44/><N who="0" m="16970" /><D10/><U103/><E27/><V35/><F35/><W118/><G91/><T41/><D41/><U81/><E103/><V26/><F26/><W96/><G96/><T120/><D120/><U20/><E89/><V31/><F31/><W125/><G119/><T123/><D123/><U133/><E133/><V30/><F80/><W42/><G42/><T19/><D22/><U99/><E99/><V43/><F30/><W107/><G107/><T46/><N who="0" m="16978" /><T130/><DORA hai="88" /><D130/><U51/><E51/><AGARI ba="1,1" hai="2,3,19,23,24,51,54,59" m="16978,42507" machi="51" ten="40,1300,0" yaku="14,1" doraHai="57,88" who="0" fromWho="1" sc="226,26,235,-16,215,0,314,0" /><INIT seed="2,0,0,4,4,102" ten="252,219,215,314" oya="2" hai0="25,40,14,36,60,51,63,39,126,16,65,30,125" hai1="15,44,85,121,3,73,22,37,105,32,70,94,118" hai2="11,18,107,110,19,59,117,99,116,77,28,57,52" hai3="93,0,115,87,27,9,86,38,66,33,82,109,97"/><V61/><F110/><W89/><G38/><T104/><D51/><U111/><RYUUKYOKU type="yao9" ba="0,0" sc="252,0,219,0,215,0,314,0" hai1="3,15,22,32,37,44,70,73,85,94,105,111,118,121" /><INIT seed="2,1,0,5,1,24" ten="252,219,215,314" oya="2" hai0="81,33,79,30,86,134,91,68,23,109,106,1,88" hai1="104,133,29,38,75,110,87,83,69,93,112,21,64" hai2="27,32,15,125,103,39,105,63,0,126,98,72,97" hai3="124,94,13,41,16,18,59,116,7,95,85,58,77"/><V46/><F0/><W107/><G107/><T19/><D68/><U121/><E112/><V90/><F72/><W47/><G116/><T2/><D106/><U100/><E38/><V123/><F123/><W135/><G124/><T65/><D65/><U113/><E113/><V54/><F15/><W22/><G135/><T131/><D134/><U62/><E133/><V76/><F76/><W8/><G77/><T51/><D131/><U45/><E121/><V70/><F97/><W55/><G85/><T78/><D1/><U43/><E110/><V20/><F90/><W99/><G55/><T117/><D2/><U36/><E104/><V80/><F80/><W35/><G35/><T28/><D33/><U92/><E75/><V119/><F119/><W37/><G18/><T132/><D79/><U127/><E127/><V11/><F11/><W96/><G99/><T61/><D61/><U40/><E43/><N who="2" m="22911" /><F54/><W84/><G84/><T73/><D117/><U101/><E101/><V9/><F9/><W42/><G42/><T120/><D120/><U50/><E36/><V49/><F49/><W129/><G96/><T108/><D132/><U3/><E3/><V71/><F32/><W56/><REACH who="3" step="1"/><G129/><REACH who="3" ten="252,219,215,304" step="2"/><T66/><D86/><U82/><E100/><V57/><F125/><W53/><G53/><T115/><D78/><N who="1" m="46551" /><E83/><V4/><F126/><W89/><G89/><T60/><D91/><U6/><E6/><V34/><F4/><W52/><G52/><T31/><D88/><U26/><E93/><V17/><F34/><W118/><G118/><T122/><D73/><U102/><E92/><RYUUKYOKU ba="1,1" sc="252,-30,219,10,215,10,304,10" hai1="21,26,29,40,45,50,62,64,69,102" hai2="17,20,27,57,63,70,71,98,103,105" hai3="7,8,13,16,22,37,41,47,56,58,59,94,95" /><INIT seed="2,2,1,3,3,132" ten="222,229,225,314" oya="2" hai0="95,26,124,114,122,51,100,108,20,79,83,92,58" hai1="48,69,96,16,29,62,88,110,0,57,129,17,50" hai2="68,119,78,134,130,121,60,30,56,125,4,41,10" hai3="35,22,3,12,42,64,9,28,113,49,34,120,105"/><V104/><F119/><W76/><G105/><T40/><D114/><U65/><E0/><V44/><F121/><W52/><G120/><T112/><D112/><U135/><E135/><V11/><F134/><W27/><G113/><T103/><D122/><U73/><E73/><V23/><F68/><W67/><G42/><T85/><D108/><U36/><E36/><V128/><F104/><W81/><G3/><T8/><D8/><U97/><E110/><V84/><F30/><W133/><G35/><T115/><D115/><U31/><E129/><N who="2" m="49771" /><F23/><W89/><G34/><T53/><D40/><U80/><E69/><V90/><F78/><W6/><G133/><T32/><D124/><U101/><E29/><V86/><F125/><W33/><G33/><T19/><D32/><U63/><E62/><V93/><F84/><N who="3" m="50319" /><G76/><T107/><D107/><U71/><E31/><V45/><F41/><W15/><G12/><T77/><REACH who="0" step="1"/><D79/><REACH who="0" ten="212,229,225,314" step="2"/><U55/><E101/><AGARI ba="2,2" hai="19,20,26,51,53,58,77,83,85,92,95,100,101,103" machi="101" ten="40,5200,0" yaku="1,1,2,1,8,1,53,0" doraHai="132" doraHaiUra="2" who="0" fromWho="1" sc="212,78,229,-58,225,0,314,0" /><INIT seed="3,0,0,5,1,107" ten="290,171,225,314" oya="3" hai0="16,14,89,106,4,116,99,86,73,61,57,25,119" hai1="93,134,6,11,102,56,8,2,58,79,29,133,47" hai2="0,126,44,132,64,111,59,98,1,9,109,17,24" hai3="21,90,69,80,41,19,38,27,28,130,49,120,129"/><W51/><G69/><T76/><D73/><U117/><E79/><V103/><F126/><W66/><G66/><T31/><D4/><U3/><E102/><V123/><F132/><N who="1" m="50793" /><E93/><N who="2" m="58831" /><F123/><W104/><G104/><T52/><D76/><U45/><E6/><V37/><F64/><W77/><G120/><T105/><D105/><U75/><E29/><V100/><F59/><N who="1" m="22569" /><E75/><V68/><F100/><W65/><G90/><T112/><D112/><U22/><E22/><N who="2" m="13391" /><F68/><W46/><G65/><T82/><D99/><U84/><E84/><V23/><F23/><W40/><G28/><T20/><D106/><U12/><E12/><V135/><F9/><AGARI ba="0,0" hai="9,14,16,20,25,31,52,57,61,82,86,89,116,119" machi="9" ten="30,3900,0" yaku="7,1,54,2" doraHai="107" who="0" fromWho="2" sc="290,39,171,0,225,-39,314,0" owari="329,42.9,171,-32.9,186,-21.4,314,11.4" /></mjloggm>