<mjloggm ver="2.3"><GO type="225" lobby="0"/><UN n0="%E5%8D%A0%E3%81%84%E5%B8%AB%E8%A3%8F%E3%81%AA%E3%81%84%E3%81%97" n1="%E3%81%AA%E3%81%A1%30%39%32%37" n2="%E3%82%BC%E3%83%AB%E3%83%80%E3%81%AE%E4%BC%9D%E8%AA%AC" n3="%72%61%6B%33" dan="16,16,17,17" rate="2140.25,2090.36,2230.74,2133.41" sx="M,M,M,M"/><TAIKYOKU oya="0"/><INIT seed="0,0,0,3,5,40" ten="250,250,250,250" oya="0" hai0="54,125,26,67,111,56,78,65,117,104,113,64,4" hai1="28,22,100,102,132,95,14,18,126,44,66,81,27" hai2="91,76,24,124,17,105,13,3,7,73,107,61,115" hai3="0,19,114,39,98,103,110,80,60,55,57,85,16"/><T129/><D113/><U79/><E132/><V70/><F115/><W108/><G114/><T118/><D104/><U58/><E126/><V34/><F124/><W109/><G39/><T72/><D125/><U41/><E66/><N who="2" m="41295" /><F91/><N who="3" m="51623" /><G0/><T128/><D4/><U2/><E58/><V36/><F13/><W50/><G60/><N who="0" m="35863" /><D26/><U74/><E95/><AGARI ba="0,0" hai="16,19,50,55,57,95,98,103,108,109,110" m="51623" machi="95" ten="30,2000,0" yaku="14,1,54,1" doraHai="40" who="3" fromWho="1" sc="250,0,250,-20,250,0,250,20" /><INIT seed="1,0,0,2,5,0" ten="250,230,250,270" oya="1" hai0="27,54,25,21,90,37,97,22,9,81,63,127,73" hai1="114,8,78,53,46,75,28,33,111,13,52,124,36" hai2="105,34,12,71,4,47,92,17,72,82,48,83,42" hai3="107,29,110,57,39,58,20,61,1,134,106,115,101"/><U79/><E114/><V2/><F105/><W35/><G39/><T65/><D37/><U95/><E124/><V128/><F128/><W30/><G35/><T67/><D127/><U91/><E33/><V119/><F119/><W109/><G1/><T55/><D73/><U89/><E28/><V87/><F71/><W76/><G76/><T102/><D9/><U19/><E111/><V41/><F34/><W24/><G115/><T104/><D81/><U64/><E64/><V68/><F68/><W133/><G30/><T100/><D104/><N who="3" m="39977" /><G101/><T120/><D120/><U96/><E91/><N who="2" m="53375" /><F2/><W122/><G122/><T118/><D118/><U10/><E10/><N who="2" m="4167" /><F72/><W62/><G58/><T59/><D90/><U16/><E19/><V31/><F31/><W69/><G69/><T130/><D130/><U50/><E36/><V43/><F17/><W18/><G29/><T38/><D38/><U80/><REACH who="1" step="1"/><E79/><REACH who="1" ten="250,220,250,270" step="2"/><V49/><F49/><W131/><G131/><T129/><D129/><U15/><E15/><V113/><F113/><W56/><G109/><T14/><D14/><U70/><E70/><V125/><F125/><W132/><G110/><T94/><D102/><U40/><AGARI ba="0,1" hai="8,13,16,40,46,50,52,53,75,78,80,89,95,96" machi="40" ten="20,18000,2" yaku="1,1,0,1,7,1,54,2,53,1" doraHai="0" doraHaiUra="45" who="1" fromWho="1" sc="250,-60,220,190,250,-60,270,-60" /><INIT seed="1,1,0,0,0,40" ten="190,410,190,210" oya="1" hai0="72,116,113,13,73,33,46,115,108,130,68,45,99" hai1="16,21,54,6,76,12,66,135,87,132,129,18,119" hai2="28,1,35,30,62,57,9,29,112,102,31,81,70" hai3="49,20,56,61,133,14,125,97,90,103,25,34,41"/><U67/><E119/><V121/><F121/><W65/><G125/><T80/><D116/><U37/><E129/><V10/><F70/><W82/><G133/><T89/><D68/><U42/><E6/><V105/><F112/><W43/><G34/><T19/><D33/><U104/><E104/><V94/><F105/><W8/><G90/><T111/><D130/><U32/><E32/><V78/><F1/><W114/><G82/><T92/><D80/><U36/><E54/><V107/><F107/><W64/><G64/><T60/><D60/><U100/><E100/><V69/><F69/><W128/><G114/><T127/><D127/><U2/><E2/><V39/><F39/><W27/><G128/><T47/><D115/><U52/><E76/><V3/><F3/><W95/><G49/><T126/><D126/><U85/><E42/><V93/><F31/><N who="3" m="17831" /><G27/><T51/><D51/><U118/><E118/><V11/><F102/><W44/><G44/><T122/><D122/><U86/><E52/><N who="2" m="34087" /><F35/><W48/><G48/><T58/><D58/><U101/><E101/><V74/><F74/><W84/><G84/><T63/><D63/><U131/><E131/><V134/><F134/><W71/><G71/><T91/><D113/><U96/><E87/><V23/><F23/><W4/><AGARI ba="1,0" hai="4,8,14,41,43,56,61,65,95,97,103" m="17831" machi="4" ten="30,2000,0" yaku="25,1,8,1" doraHai="40" who="3" fromWho="3" sc="190,-6,410,-11,190,-6,210,23" /><INIT seed="2,0,0,5,4,48" ten="184,399,184,233" oya="2" hai0="125,78,77,124,21,107,90,52,26,6,82,126,2" hai1="55,5,29,10,15,27,50,118,45,42,96,92,104" hai2="89,71,53,106,132,18,11,80,41,133,31,100,97" hai3="59,40,86,119,130,128,103,1,0,87,14,70,38"/><V62/><F41/><W60/><G70/><T120/><D107/><U117/><E104/><V64/><F31/><W56/><G14/><T24/><D120/><U113/><E113/><V108/><F108/><W4/><G103/><T61/><D90/><U3/><E3/><V19/><F53/><W23/><G23/><T51/><D61/><U123/><E123/><V101/><F101/><W84/><G119/><T131/><D131/><U85/><E85/><N who="2" m="50343" /><F11/><W79/><G79/><N who="0" m="30219" /><D82/><U22/><E42/><V9/><F9/><W39/><G40/><T58/><D21/><U110/><E110/><V66/><F66/><W112/><G112/><T135/><D135/><AGARI ba="0,0" hai="18,19,62,64,71,97,100,106,132,133,135" m="50343" machi="135" ten="30,1500,0" yaku="20,1" doraHai="48" who="2" fromWho="0" sc="184,-15,399,0,184,15,233,0" /><INIT seed="2,1,0,4,2,37" ten="169,399,199,233" oya="2" hai0="43,114,112,70,78,34,44,116,65,81,51,77,26" hai1="135,130,14,22,106,11,91,120,110,49,21,86,82" hai2="79,133,38,29,35,68,115,93,20,75,48,4,16" hai3="73,17,98,102,8,0,33,15,90,80,107,6,2"/><V85/><F38/><W129/><G129/><T41/><D116/><U3/><E3/><V9/><F115/><W7/><G33/><T88/><D70/><U55/><E106/><V121/><F121/><W84/><G7/><T25/><D34/><U42/><E130/><V28/><F68/><W113/><G113/><T45/><D65/><U56/><E120/><V63/><F133/><W53/><G6/><T72/><D72/><U64/><E110/><V60/><F75/><W83/><G83/><T95/><D114/><U10/><E10/><V57/><F35/><W66/><G66/><T30/><D112/><U27/><E27/><N who="0" m="10249" /><D81/><U99/><E99/><V36/><F36/><W31/><G31/><N who="2" m="11849" /><F9/><W119/><G119/><T61/><D61/><U19/><E135/><V69/><F4/><W13/><G13/><T131/><D30/><U100/><E100/><V23/><F23/><W40/><G73/><T104/><D104/><U109/><E109/><V118/><F69/><W105/><G105/><T97/><D131/><U54/><E22/><V59/><F118/><W46/><G53/><N who="0" m="29927" /><D45/><U1/><E21/><V103/><F63/><W122/><G122/><T127/><D127/><U108/><E11/><V12/><F60/><W58/><G58/><T47/><D47/><U89/><E1/><V96/><F48/><AGARI ba="1,0" hai="0,2,8,15,17,40,46,48,80,84,90,98,102,107" machi="48" ten="30,2000,0" yaku="7,1,52,1" doraHai="37" who="3" fromWho="2" sc="169,0,399,0,199,-23,233,23" /><INIT seed="3,0,0,5,2,94" ten="169,399,176,256" oya="3" hai0="134,115,19,60,87,106,108,0,110,67,62,98,52" hai1="90,71,127,53,28,8,21,12,91,99,102,81,65" hai2="7,35,68,83,42,6,59,123,32,66,89,43,3" hai3="4,130,33,55,75,39,103,116,38,51,9,26,97"/><W92/><G116/><T76/><D134/><U121/><E121/><V54/><F68/><W82/><G130/><T49/><D0/><U46/><E127/><V27/><F3/><W135/><G135/><T50/><D115/><U57/><E46/><V56/><F123/><W107/><G107/><T79/><D62/><U20/><E65/><V112/><F112/><W31/><G82/><N who="0" m="47559" /><D79/><U11/><E11/><V133/><F133/><W125/><G75/><T117/><D117/><U129/><E71/><V14/><F32/><W23/><G33/><T85/><D85/><U48/><E129/><V40/><F66/><W2/><REACH who="3" step="1"/><G125/><REACH who="3" ten="169,399,176,246" step="2"/><T111/><D19/><U18/><E81/><V24/><F35/><W96/><G96/><T41/><D41/><U122/><E122/><V69/><F83/><W74/><G74/><T113/><D113/><U58/><E99/><V126/><F126/><W5/><G5/><T17/><D17/><U101/><E18/><V84/><F7/><W100/><G100/><N who="0" m="62743" /><D52/><U16/><E53/><V114/><F114/><W73/><G73/><T70/><AGARI ba="0,1" hai="49,50,60,67,70,108,110,111" m="62743,47559" machi="70" ten="30,2000,0" yaku="14,1,52,1" doraHai="94" who="0" fromWho="0" sc="169,30,399,-5,176,-5,246,-10" owari="199,-20.1,394,49.4,171,-32.9,236,3.6" /></mjloggm>