<mjloggm ver="2.3"><GO type="225" lobby="0"/><UN n0="%E6%A1%9C%E8%8A%B1%E9%96%83%E3%80%85" n1="%6C%61%6D%62" n2="%E5%8D%A0%E3%81%84%E5%B8%AB%E8%A3%8F%E3%81%AA%E3%81%84%E3%81%97" n3="%E8%90%BD%E6%97%A5" dan="17,16,17,17" rate="2200.37,2209.95,2204.70,2242.82" sx="M,M,M,F"/><TAIKYOKU oya="0"/><INIT seed="0,0,0,2,2,33" ten="250,250,250,250" oya="0" hai0="125,57,100,131,1,121,72,16,114,113,24,103,25" hai1="13,128,2,28,5,89,106,26,95,63,80,101,123" hai2="41,116,90,134,59,107,69,88,53,49,37,74,34" hai3="8,124,44,64,82,67,14,9,60,35,36,77,50"/><T39/><D72/><U73/><E123/><V133/><F34/><W108/><G108/><T23/><D39/><U47/><E106/><V71/><F107/><W19/><G124/><T112/><D121/><U102/><E128/><V11/><F74/><W126/><G35/><T81/><D125/><U76/><E13/><V104/><F104/><W70/><G64/><T38/><D131/><U87/><E63/><V31/><F31/><W43/><G126/><T75/><D38/><U129/><E129/><V18/><F18/><W122/><G122/><T85/><D75/><U3/><E47/><N who="2" m="23983" /><F11/><W40/><G36/><T21/><D1/><U20/><REACH who="1" step="1"/><E5/><REACH who="1" ten="250,240,250,250" step="2"/><V54/><F116/><W32/><G32/><T93/><D57/><U68/><E68/><V65/><F69/><W117/><G117/><T99/><D103/><AGARI ba="0,1" hai="2,3,20,26,28,73,76,80,87,89,95,101,102,103" machi="103" ten="40,5200,0" yaku="1,1,52,2,53,0" doraHai="33" doraHaiUra="48" who="1" fromWho="0" sc="250,-52,240,62,250,0,250,0" /><INIT seed="1,0,0,0,4,44" ten="198,302,250,250" oya="1" hai0="50,133,76,51,124,109,49,128,33,58,15,120,26" hai1="77,81,29,12,11,54,61,32,16,14,96,125,41" hai2="98,21,110,115,118,94,71,72,74,104,30,101,90" hai3="31,39,2,55,73,19,68,63,45,36,53,0,47"/><U22/><E125/><V78/><F118/><W126/><G73/><T24/><D124/><U97/><E41/><V1/><F1/><W85/><G126/><T57/><D109/><U112/><E112/><V135/><F135/><W8/><BYE who="2" /><G31/><UN n2="%E5%8D%A0%E3%81%84%E5%B8%AB%E8%A3%8F%E3%81%AA%E3%81%84%E3%81%97" /><T4/><D133/><U84/><E32/><V83/><F71/><W103/><G103/><T87/><D128/><U60/><E29/><V108/><F115/><W23/><G85/><T52/><D120/><U48/><E96/><N who="2" m="61479" /><F21/><W70/><G8/><N who="0" m="4487" /><D33/><U99/><E99/><V40/><F40/><W38/><G0/><T111/><D111/><N who="2" m="42538" /><F30/><W134/><G2/><T106/><D106/><U42/><E42/><V6/><F6/><W86/><G86/><AGARI ba="0,0" hai="72,74,78,83,86,90,94,98" m="42538,61479" machi="86" ten="30,3900,0" yaku="14,1,34,2" doraHai="44" who="2" fromWho="3" sc="198,0,302,0,250,39,250,-39" /><INIT seed="2,0,0,1,3,36" ten="198,302,289,211" oya="2" hai0="102,105,93,38,51,118,86,72,78,10,62,128,112" hai1="34,50,30,64,71,111,31,92,0,32,41,29,47" hai2="83,123,66,96,23,6,114,126,48,100,76,75,81" hai3="84,74,77,59,46,63,58,33,90,101,91,82,61"/><V110/><F114/><W43/><G33/><T56/><D112/><U9/><E111/><V134/><F123/><W119/><G119/><T44/><D118/><U121/><E121/><V115/><F115/><W27/><G101/><T69/><D128/><U2/><E71/><V3/><F110/><W7/><G7/><T53/><D72/><U127/><E64/><V37/><F37/><W133/><G133/><T68/><D38/><U4/><E127/><V73/><F134/><W129/><G129/><T57/><D105/><U131/><E131/><V15/><F3/><W16/><G63/><T1/><D57/><N who="3" m="21513" /><G74/><T120/><D120/><U99/><REACH who="1" step="1"/><E2/><REACH who="1" ten="198,292,289,211" step="2"/><V107/><F126/><W98/><G61/><T87/><D68/><U17/><E17/><V132/><F66/><W106/><G16/><T95/><D69/><U26/><E26/><V94/><F132/><W28/><G27/><T125/><D125/><U24/><E24/><V14/><F14/><W97/><G28/><T21/><D1/><U42/><E42/><V11/><F23/><W80/><G43/><N who="0" m="24991" /><D21/><U18/><E18/><V39/><F39/><W108/><G108/><T20/><D20/><U124/><E124/><V19/><F19/><W5/><G5/><T117/><D117/><U22/><E22/><V67/><F67/><W54/><G54/><T116/><D116/><U89/><AGARI ba="0,1" hai="0,4,9,29,30,31,32,34,41,47,50,89,92,99" machi="89" ten="30,7900,0" yaku="1,1,0,1,52,1,53,1" doraHai="36" doraHaiUra="45" who="1" fromWho="1" sc="198,-20,292,89,289,-39,211,-20" /><INIT seed="3,0,0,5,2,32" ten="178,381,250,191" oya="3" hai0="33,115,106,28,57,15,85,11,93,91,110,2,58" hai1="53,44,60,37,83,1,6,72,50,125,119,130,56" hai2="80,22,14,36,70,38,128,63,129,116,135,95,8" hai3="16,92,100,18,90,133,118,23,84,89,98,112,61"/><W102/><G112/><T35/><D115/><U45/><E1/><V17/><F116/><W24/><G118/><T40/><D110/><U120/><E6/><V105/><F105/><W41/><G133/><T49/><D106/><U101/><E101/><V21/><F135/><W65/><G41/><T104/><D104/><U7/><E7/><V4/><F95/><W52/><G18/><T67/><D2/><U87/><E72/><V26/><F80/><N who="3" m="49287" /><G65/><T30/><D35/><U82/><E120/><V78/><F78/><W132/><G132/><T43/><D33/><U71/><E71/><V97/><F97/><W48/><G61/><N who="0" m="38319" /><D58/><AGARI ba="0,0" hai="16,23,24,48,52,58,90,92,98,100,102" m="49287" machi="58" ten="30,5800,0" yaku="8,1,54,2" doraHai="32" who="3" fromWho="0" sc="178,-58,381,0,250,0,191,58" /><INIT seed="3,1,0,2,5,128" ten="120,381,250,249" oya="3" hai0="108,68,94,86,80,99,98,56,73,28,30,119,62" hai1="118,91,83,95,33,66,78,116,113,89,57,87,93" hai2="55,101,103,40,11,82,31,97,75,0,134,27,88" hai3="42,60,70,53,23,122,46,14,121,3,107,8,90"/><W69/><G107/><T64/><D108/><U24/><E33/><V114/><F114/><W102/><G102/><T77/><D119/><N who="1" m="45611" /><E113/><V65/><F75/><W106/><G106/><T120/><D120/><U61/><E24/><V4/><F40/><W29/><G3/><T123/><D123/><U36/><E36/><V115/><F115/><W50/><G70/><T67/><D68/><U72/><E91/><V37/><F37/><W63/><G63/><T17/><D67/><U32/><E32/><V54/><F65/><W19/><G69/><T133/><D73/><U58/><E58/><V49/><F134/><W79/><G79/><T25/><D99/><U125/><E125/><V18/><F82/><AGARI ba="1,0" hai="57,61,66,72,78,82,83,87,89,93,95" m="45611" machi="82" ten="30,1000,0" yaku="12,1" doraHai="128" who="1" fromWho="2" sc="120,0,381,13,250,-13,249,0" owari="120,-38.0,394,49.4,237,-16.3,249,4.9" /></mjloggm>