<mjloggm ver="2.3"><GO type="225" lobby="0"/><UN n0="%E3%81%BF%E3%81%BF%E3%81%9A" n1="%E3%82%B3%E3%83%90%E3%83%AC%E3%82%A4" n2="%41%6F%54" n3="%E6%B4%BE%E9%81%A3%E3%81%AE%E3%82%B8%E3%83%A3%E3%83%83%E3%82%AF" dan="18,16,16,17" rate="2255.20,2111.95,2072.65,2184.19" sx="M,M,M,M"/><TAIKYOKU oya="0"/><INIT seed="0,0,0,3,0,14" ten="250,250,250,250" oya="0" hai0="96,112,12,55,30,132,18,93,45,97,8,38,16" hai1="104,7,42,87,82,134,17,47,9,115,20,72,118" hai2="68,59,32,114,35,120,64,103,88,22,94,135,98" hai3="1,44,48,125,90,3,117,54,107,110,78,70,27"/><T92/><D112/><U34/><E118/><V133/><F120/><W75/><G117/><T77/><D132/><N who="2" m="50762" /><F114/><W99/><G70/><T28/><D77/><U131/><E34/><V10/><F68/><W49/><G110/><T62/><D38/><U13/><E104/><N who="2" m="63607" /><F10/><W119/><G119/><T67/><D67/><U91/><E134/><V102/><F102/><W6/><G125/><T56/><D45/><U33/><E33/><V53/><F22/><W79/><G107/><T65/><D65/><U36/><E131/><V23/><F23/><W81/><G78/><T80/><D80/><U61/><E115/><V43/><F43/><W116/><G116/><T121/><D121/><U4/><E72/><V84/><F64/><W100/><G100/><N who="0" m="60423" /><D18/><U2/><E7/><V123/><F123/><W83/><G6/><T58/><D58/><U73/><E73/><V111/><F111/><W5/><G5/><T130/><D130/><U86/><E2/><V52/><F53/><W71/><G71/><T39/><D39/><U128/><E128/><V113/><F113/><W109/><G109/><T19/><D19/><U63/><E4/><V21/><F21/><W95/><G1/><T101/><AGARI ba="0,0" hai="8,12,16,28,30,55,56,62,93,97,101" m="60423" machi="101" ten="30,6000,0" yaku="8,1,52,1,54,1" doraHai="14" who="0" fromWho="0" sc="250,60,250,-20,250,-20,250,-20" /><INIT seed="0,1,0,4,5,37" ten="310,230,230,230" oya="0" hai0="25,9,44,34,59,104,99,20,18,45,93,123,88" hai1="121,41,102,97,70,113,57,84,82,8,2,110,58" hai2="7,76,63,53,91,29,120,117,80,30,15,61,65" hai3="100,69,12,118,51,134,125,114,132,40,116,98,1"/><T54/><D123/><U38/><E121/><V131/><F120/><W46/><G114/><T3/><D34/><U119/><E70/><V112/><F112/><W128/><G1/><T111/><D111/><U5/><E113/><V77/><F131/><W48/><G69/><T0/><D104/><U27/><E119/><V81/><F117/><W73/><G73/><T19/><D0/><U6/><E5/><V50/><F91/><W10/><G51/><T78/><D78/><U126/><E126/><V72/><F15/><W36/><G36/><T107/><D107/><U71/><E71/><V75/><F7/><N who="3" m="3167" /><G128/><T67/><D67/><U52/><E27/><V31/><REACH who="2" step="1"/><F65/><REACH who="2" ten="310,230,220,230" step="2"/><W74/><G125/><T79/><D79/><U127/><E127/><V115/><F115/><W89/><G89/><T106/><D3/><U105/><E110/><V13/><F13/><W108/><G108/><T17/><D9/><U14/><E2/><V47/><AGARI ba="1,1" hai="29,30,31,47,50,53,61,63,72,75,76,77,80,81" machi="47" ten="30,4000,0" yaku="1,1,0,1,9,1,53,0" doraHai="37" doraHaiUra="68" who="2" fromWho="2" sc="310,-21,230,-11,220,53,230,-11" /><INIT seed="1,0,0,2,0,14" ten="289,219,273,219" oya="1" hai0="107,47,122,125,121,101,64,81,67,34,6,72,23" hai1="126,105,35,92,12,91,38,13,73,62,127,103,3" hai2="43,113,87,94,104,108,68,45,26,27,36,63,97" hai3="77,29,59,117,119,50,33,25,17,53,111,40,79"/><U18/><E38/><V110/><F113/><W69/><G69/><T7/><D34/><U55/><E35/><V56/><F68/><W9/><G111/><N who="2" m="42537" /><F87/><W129/><G129/><T54/><D125/><U109/><E73/><V57/><F104/><W93/><G93/><T123/><D101/><U120/><E3/><V84/><F84/><W48/><G48/><N who="0" m="28959" /><D107/><U46/><E109/><V32/><F57/><W20/><G40/><T19/><D81/><U85/><E120/><V66/><F32/><W82/><G9/><T102/><D102/><AGARI ba="0,0" hai="26,27,36,43,45,56,63,66,94,97,102" m="42537" machi="102" ten="30,1000,0" yaku="14,1" doraHai="14" who="2" fromWho="0" sc="289,-10,219,0,273,10,219,0" /><INIT seed="2,0,0,5,1,132" ten="279,219,283,219" oya="2" hai0="122,73,26,88,124,125,78,18,121,67,127,76,10" hai1="19,105,92,29,47,93,58,5,25,102,63,37,38" hai2="61,28,135,66,77,33,112,14,119,108,126,56,84" hai3="131,134,111,23,130,71,16,53,79,11,68,48,80"/><V41/><F112/><W30/><G111/><T98/><D67/><U65/><E105/><V100/><F119/><W74/><G134/><T50/><D50/><U85/><E5/><V120/><F120/><N who="0" m="46186" /><D73/><U57/><E57/><V91/><F135/><W45/><G30/><T59/><D59/><U39/><E19/><V20/><F108/><W51/><G11/><T113/><D113/><U128/><E128/><N who="3" m="49194" /><G51/><T103/><D88/><U129/><E129/><V118/><F33/><W116/><G116/><T2/><D26/><AGARI ba="0,0" hai="16,23,26,45,48,53,68,71,74,79,80" m="49194" machi="26" ten="30,2000,0" yaku="19,1,54,1" doraHai="132" who="3" fromWho="0" sc="279,-20,219,0,283,0,219,20" /><INIT seed="3,0,0,1,4,42" ten="259,219,283,239" oya="3" hai0="16,71,57,38,26,133,85,111,32,45,61,30,47" hai1="119,37,23,87,15,103,124,93,53,88,14,86,13" hai2="22,108,31,95,120,73,104,67,125,105,52,106,123" hai3="5,29,46,60,55,41,28,35,98,132,59,10,94"/><W66/><G132/><T63/><D38/><U110/><E37/><V72/><F108/><W113/><G113/><T92/><D111/><U129/><E110/><V114/><F125/><W100/><G35/><T44/><D133/><U116/><E124/><V70/><F114/><W39/><REACH who="3" step="1"/><G66/><REACH who="3" ten="259,219,283,229" step="2"/><T68/><D32/><U122/><E122/><V131/><F67/><W112/><G112/><T128/><D128/><U43/><E129/><V76/><F131/><W21/><G21/><N who="0" m="13607" /><D71/><U48/><E43/><V56/><F70/><W79/><G79/><T33/><D68/><U97/><E23/><V0/><F76/><W134/><G134/><T58/><D33/><U77/><E77/><V49/><F123/><W40/><G40/><T91/><D30/><U17/><E17/><V109/><F120/><W20/><G20/><T115/><D115/><U75/><E75/><V83/><F109/><W74/><G74/><T89/><D89/><U101/><E101/><V96/><F22/><W121/><G121/><T78/><D78/><U82/><REACH who="1" step="1"/><E87/><REACH who="1" ten="259,209,283,229" step="2"/><V8/><F73/><W36/><G36/><T90/><D90/><U11/><E11/><V27/><F72/><W50/><G50/><T54/><D63/><U2/><E2/><AGARI ba="0,2" hai="2,5,10,28,29,39,41,46,55,59,60,94,98,100" machi="2" ten="30,11600,0" yaku="1,1,7,1,52,1,53,1" doraHai="42" doraHaiUra="4" who="3" fromWho="1" sc="259,0,209,-116,283,0,229,136" owari="259,-14.1,93,-40.7,283,8.3,365,46.5" /></mjloggm>