<mjloggm ver="2.3"><GO type="225" lobby="0"/><UN n0="%E3%81%AF%E3%82%88%E3%81%8A%E3%81%98%E3%81%95%E3%82%93" n1="%38%63%E3%81%AF%E3%81%A3%E3%81%97%E3%83%BC" n2="%E3%81%AA%E3%81%A1%30%39%32%37" n3="%6D%75%75%6D%75%72%61" dan="17,16,16,17" rate="2193.92,2111.39,2062.05,2175.80" sx="M,M,M,F"/><TAIKYOKU oya="0"/><INIT seed="0,0,0,2,1,81" ten="250,250,250,250" oya="0" hai0="30,21,58,24,22,118,2,95,106,78,55,60,84" hai1="119,99,135,79,56,102,14,45,98,33,124,39,23" hai2="51,114,53,63,112,12,52,132,83,32,104,17,68" hai3="64,31,120,122,94,19,18,11,125,1,93,101,67"/><T62/><D118/><U73/><E33/><V134/><F104/><W26/><G125/><T41/><D106/><U127/><E56/><V116/><F32/><W130/><G130/><T29/><D2/><U90/><E23/><V16/><F116/><W3/><G11/><T6/><D6/><U44/><E14/><V109/><F109/><W96/><G31/><T61/><D41/><U91/><E73/><V48/><F83/><W49/><G49/><T7/><D7/><U76/><E39/><V0/><F0/><N who="3" m="75" /><G94/><T97/><D78/><U77/><E102/><V74/><F74/><W27/><G27/><T15/><D30/><U59/><E59/><V42/><F42/><W107/><G107/><T87/><D22/><U40/><E40/><V66/><F12/><W129/><G26/><T121/><D121/><N who="3" m="46697" /><G129/><T133/><D133/><N who="2" m="51306" /><F51/><W117/><G117/><T131/><D15/><U8/><E135/><V86/><F112/><W100/><G100/><N who="0" m="60479" /><D131/><U57/><E119/><V108/><F114/><W28/><G28/><T123/><D123/><U43/><E43/><V75/><F17/><AGARI ba="0,0" hai="17,18,19,64,67,93,96,101" m="46697,75" machi="17" ten="30,1000,0" yaku="13,1" doraHai="81" who="3" fromWho="2" sc="250,0,250,0,250,-10,250,10" /><INIT seed="1,0,0,4,0,128" ten="250,250,240,260" oya="1" hai0="2,79,10,44,93,113,3,122,118,64,48,67,69" hai1="59,91,7,61,114,1,110,112,26,108,17,98,53" hai2="78,90,75,5,28,34,30,126,35,33,120,57,6" hai3="65,81,66,27,24,9,31,131,51,89,135,72,123"/><U88/><E7/><N who="2" m="2571" /><F75/><W37/><G123/><T55/><D113/><U50/><E1/><V92/><F78/><W104/><G37/><T20/><D118/><U56/><E112/><V54/><F120/><W58/><G104/><T115/><D115/><U130/><E114/><V82/><F82/><W105/><G105/><T106/><D106/><U49/><E130/><V42/><F42/><W102/><G102/><T46/><D122/><U11/><E50/><N who="2" m="30935" /><F126/><W83/><G9/><T76/><D10/><U23/><E11/><V41/><F41/><W121/><G72/><T16/><D44/><U21/><E21/><V111/><F111/><N who="1" m="42537" /><E98/><V77/><F77/><W125/><G121/><T129/><D129/><U134/><E134/><V4/><F4/><W47/><G131/><T94/><D79/><U63/><E49/><V52/><F34/><W45/><G125/><T116/><D76/><U133/><E133/><V36/><F36/><W127/><G127/><T86/><D116/><U8/><E8/><V124/><F124/><W107/><G51/><T19/><D2/><U12/><E12/><V38/><F38/><W68/><G135/><T84/><D3/><U100/><E100/><V74/><F35/><W15/><G15/><T101/><D101/><U62/><E62/><V73/><F33/><W109/><G109/><T85/><D20/><U70/><E70/><V71/><F71/><W40/><G68/><T95/><D69/><U14/><E14/><V43/><F74/><W22/><G40/><T25/><D25/><U60/><E60/><V97/><F43/><W13/><G27/><RYUUKYOKU ba="0,0" sc="250,15,250,15,240,-15,260,-15" hai0="16,19,46,48,55,64,67,84,85,86,93,94,95" hai1="17,23,26,53,56,59,61,63,88,91" /><INIT seed="1,1,0,2,2,64" ten="265,265,225,245" oya="1" hai0="23,5,93,80,66,77,11,92,7,49,78,101,90" hai1="108,71,95,105,47,114,88,99,84,52,40,124,116" hai2="50,89,0,67,43,62,106,74,70,53,109,129,9" hai3="12,26,135,63,68,112,19,69,81,14,39,121,4"/><U33/><E116/><V37/><F109/><W42/><G121/><T82/><D66/><U27/><E114/><V96/><F129/><W119/><G112/><T127/><D127/><U107/><E124/><V18/><F74/><W35/><G119/><T21/><D49/><U60/><E108/><V85/><F106/><W24/><G135/><T72/><D101/><U94/><E27/><V34/><F34/><W132/><G132/><T102/><D102/><U117/><E33/><V122/><F96/><W91/><G63/><T16/><D90/><U45/><E117/><V133/><F133/><W28/><G42/><T22/><D5/><U120/><E120/><V111/><F111/><W61/><G61/><T104/><D104/><U46/><E40/><V6/><F122/><W17/><G39/><T134/><D134/><U110/><E110/><V15/><F37/><W44/><G44/><T36/><D36/><U98/><E84/><V125/><F43/><W20/><G4/><T83/><D7/><U65/><REACH who="1" step="1"/><E52/><REACH who="1" ten="265,255,225,245" step="2"/><V59/><F125/><W73/><G24/><T3/><D72/><U1/><E1/><V38/><F38/><W31/><G31/><T57/><D3/><U56/><E56/><V54/><F54/><W118/><G118/><T8/><D57/><U2/><E2/><V123/><F123/><W75/><G75/><T51/><D51/><U48/><E48/><V86/><REACH who="2" step="1"/><F89/><AGARI ba="1,1" hai="45,46,47,60,65,71,88,89,94,95,98,99,105,107" machi="89" ten="40,12000,1" yaku="1,1,9,1,52,1,54,1,53,0" doraHai="64" doraHaiUra="29" who="1" fromWho="2" sc="265,0,255,133,225,-123,245,0" /><INIT seed="1,2,0,0,1,108" ten="265,388,102,245" oya="1" hai0="73,44,125,106,79,40,53,102,128,19,57,7,119" hai1="17,115,63,70,56,5,35,92,107,67,58,28,2" hai2="97,30,34,41,131,98,12,117,65,121,31,6,59" hai3="8,103,37,52,133,61,45,120,80,110,33,85,99"/><U95/><E107/><V1/><F117/><W51/><G120/><T13/><D119/><U22/><E115/><V64/><F121/><W42/><G110/><T105/><D7/><U113/><E113/><V72/><F6/><W112/><G112/><T60/><D125/><U55/><E35/><V69/><F34/><W118/><G33/><T77/><D128/><U87/><E28/><V9/><F131/><W132/><G118/><T10/><D73/><U90/><E5/><V76/><F72/><W82/><G8/><T78/><REACH who="0" step="1"/><D102/><REACH who="0" ten="255,388,102,245" step="2"/><U124/><E124/><V122/><F122/><W123/><G123/><T62/><D62/><U27/><E2/><V74/><F74/><W25/><G61/><T88/><D88/><U83/><E70/><V100/><F69/><W11/><G103/><T18/><D18/><U86/><E86/><V38/><F100/><W46/><G85/><T0/><D0/><U20/><E20/><V71/><F71/><W26/><G99/><T54/><D54/><U114/><E114/><V3/><F98/><W101/><G101/><T135/><D135/><N who="3" m="51785" /><G11/><T104/><D104/><U49/><AGARI ba="2,1" hai="17,22,27,49,55,56,58,63,67,83,87,90,92,95" machi="49" ten="20,3900,0" yaku="0,1,7,1,8,1" doraHai="108" who="1" fromWho="1" sc="255,-15,388,55,102,-15,245,-15" /><INIT seed="1,3,0,2,5,23" ten="240,443,87,230" oya="1" hai0="98,120,72,26,57,16,2,25,33,50,115,30,21" hai1="73,101,15,22,63,121,89,134,110,117,6,56,127" hai2="131,91,38,77,8,41,68,65,37,79,55,67,58" hai3="59,36,135,1,78,66,99,83,100,86,124,129,46"/><U45/><E121/><V70/><F91/><W51/><G124/><T0/><D115/><U76/><E117/><V39/><F8/><W112/><G112/><T97/><D72/><U118/><E118/><V104/><F104/><W103/><G129/><T80/><D120/><U32/><E32/><V47/><F79/><W92/><G135/><T119/><D119/><U75/><E134/><V5/><F5/><W133/><G133/><T54/><REACH who="0" step="1"/><D80/><REACH who="0" ten="230,443,87,230" step="2"/><U126/><E75/><V113/><F113/><W18/><G83/><T24/><D24/><U90/><E73/><V123/><F123/><W132/><G132/><T10/><D10/><U116/><E116/><V49/><F131/><W122/><G122/><T27/><D27/><U74/><E74/><V107/><F107/><W20/><G86/><T88/><D88/><U71/><E90/><V13/><F77/><W106/><G78/><T84/><D84/><U53/><E89/><V40/><F13/><W62/><G1/><AGARI ba="3,1" hai="0,1,2,16,21,25,26,30,33,50,54,57,97,98" machi="1" ten="40,8000,1" yaku="1,1,52,2,54,1,53,0" doraHai="23" doraHaiUra="4" who="0" fromWho="3" sc="230,99,443,0,87,0,230,-89" /><INIT seed="2,0,0,5,0,41" ten="329,443,87,141" oya="2" hai0="19,96,110,16,73,23,76,124,40,58,123,26,36" hai1="102,34,98,108,31,131,25,87,67,49,8,12,93" hai2="45,127,135,66,81,51,95,17,30,44,29,85,107" hai3="117,114,28,59,42,115,133,55,5,128,32,62,109"/><V24/><F107/><W116/><G109/><T132/><D123/><U7/><E108/><V83/><F135/><W126/><G133/><T80/><D110/><U129/><E67/><V112/><F112/><N who="3" m="43051" /><G128/><T20/><D132/><U18/><E87/><V86/><F127/><W119/><G126/><T22/><D124/><U4/><REACH who="1" step="1"/><E49/><REACH who="1" ten="329,433,87,141" step="2"/><V35/><F66/><W57/><G119/><T64/><D96/><U14/><E14/><V104/><F104/><W50/><G117/><T92/><D26/><U65/><E65/><V105/><F105/><W10/><G50/><T97/><D36/><U53/><E53/><V43/><F95/><W101/><G55/><T48/><D64/><U2/><E2/><V111/><F111/><W15/><G15/><T6/><D40/><U118/><E118/><V0/><F0/><W84/><G42/><T89/><D48/><U54/><E54/><V46/><F44/><W47/><G47/><N who="2" m="17929" /><F51/><W130/><G116/><T13/><D58/><U56/><E56/><V75/><F43/><W100/><G57/><T63/><D63/><U134/><E134/><V78/><F75/><W122/><G59/><T74/><D73/><U79/><E79/><N who="2" m="46271" /><F35/><W70/><G32/><T90/><D74/><U9/><E9/><V113/><F113/><W37/><G37/><T103/><D76/><U11/><E11/><V99/><F99/><W61/><G10/><N who="0" m="4311" /><D80/><U94/><E94/><V106/><F106/><W33/><G33/><T60/><D60/><U3/><E3/><V69/><F69/><W125/><G70/><T91/><AGARI ba="0,1" hai="16,19,20,22,23,89,90,91,92,97,103" m="4311" machi="91" ten="30,2000,0" yaku="8,1,54,1" doraHai="41" who="0" fromWho="0" sc="329,30,433,-5,87,-10,141,-5" /><INIT seed="3,0,0,2,5,14" ten="359,428,77,136" oya="3" hai0="119,100,121,92,52,43,82,74,20,57,69,32,72" hai1="86,56,24,37,91,122,61,130,38,3,29,104,68" hai2="129,77,103,36,107,117,4,55,98,118,78,97,44" hai3="84,111,67,8,120,31,2,109,134,27,102,50,0"/><W110/><G120/><T128/><D119/><U30/><E122/><V115/><F4/><W53/><G134/><T59/><D121/><U54/><E3/><V1/><F1/><W95/><G67/><T48/><D69/><U28/><E104/><V6/><F6/><W85/><G102/><T7/><D32/><U83/><E130/><V105/><F36/><W34/><G8/><T79/><D128/><U46/><E68/><V132/><F129/><W66/><G66/><T42/><D74/><U75/><E75/><V87/><F44/><W88/><G85/><T23/><D7/><U80/><E80/><V25/><F25/><W62/><G62/><T131/><D131/><U15/><E24/><V106/><F55/><W33/><G33/><T101/><D59/><AGARI ba="0,0" hai="0,2,27,31,34,50,53,59,84,88,95,109,110,111" machi="59" ten="40,7700,0" yaku="14,1,10,1,54,1" doraHai="14" who="3" fromWho="0" sc="359,-77,428,0,77,0,136,77" /><INIT seed="3,1,0,5,5,99" ten="282,428,77,213" oya="3" hai0="111,104,52,61,46,45,91,89,115,37,64,40,92" hai1="134,101,41,122,26,69,62,7,60,58,77,90,32" hai2="54,14,112,74,65,29,0,107,124,22,42,23,105" hai3="114,120,18,121,34,82,4,16,56,118,30,20,133"/><W44/><G114/><T93/><D104/><U109/><E122/><V116/><F112/><W11/><G118/><T68/><D115/><U130/><E77/><V63/><F116/><W125/><G125/><T35/><D35/><U15/><E41/><V81/><F124/><W131/><G131/><T94/><D111/><U83/><E109/><V49/><F0/><W72/><G133/><T87/><D91/><U19/><E69/><V13/><F74/><W96/><G34/><T36/><D36/><U119/><E7/><V100/><F81/><W95/><G56/><T66/><D64/><U73/><E73/><V129/><F42/><W97/><G30/><T106/><D106/><U127/><E127/><V25/><F65/><W126/><G96/><T21/><D21/><U128/><E134/><V103/><F29/><W10/><G44/><T8/><D8/><U33/><E33/><V9/><F9/><W110/><G11/><T53/><REACH who="0" step="1"/><D45/><REACH who="0" ten="272,428,77,213" step="2"/><U5/><E119/><V31/><F31/><W17/><G110/><T38/><D38/><U132/><E32/><V1/><F1/><W80/><G20/><T123/><D123/><U84/><E132/><V98/><F98/><W79/><G126/><T27/><D27/><U12/><E26/><V51/><F25/><W88/><REACH who="3" step="1"/><G80/><AGARI ba="1,1" hai="37,40,46,52,53,61,66,68,80,87,89,92,93,94" machi="80" ten="40,2600,0" yaku="1,1,54,1,53,0" doraHai="99" doraHaiUra="108" who="0" fromWho="3" sc="272,39,428,0,77,0,213,-29" owari="311,11.1,428,52.8,77,-42.3,184,-21.6" /></mjloggm>