<mjloggm ver="2.3"><GO type="225" lobby="0"/><UN n0="%6D%75%75%6D%75%72%61" n1="%73%6C%69%63%6B%33%31%39" n2="%30%2E%31%32%30" n3="%E9%80%9F%E6%B0%B4%E5%87%9B%E9%A6%99" dan="17,17,16,16" rate="2180.50,2170.12,2072.33,2105.20" sx="F,M,M,F"/><TAIKYOKU oya="0"/><INIT seed="0,0,0,5,5,23" ten="250,250,250,250" oya="0" hai0="102,53,19,50,93,98,39,119,57,76,22,110,88" hai1="85,21,24,45,60,116,72,96,130,67,43,31,99" hai2="112,54,3,95,11,104,26,124,94,51,126,108,91" hai3="17,135,90,52,107,73,120,63,40,106,20,12,47"/><T114/><D114/><U128/><E116/><V78/><F104/><W65/><G73/><T27/><D119/><U97/><E72/><V33/><F112/><W131/><G135/><T14/><D110/><U70/><REACH who="1" step="1"/><E85/><REACH who="1" ten="250,240,250,250" step="2"/><V113/><F113/><W4/><G120/><T118/><D118/><U8/><E8/><V69/><F11/><W6/><G131/><T64/><D76/><U30/><E30/><V18/><F108/><W13/><G107/><T35/><D39/><AGARI ba="0,1" hai="21,24,31,39,43,45,60,67,70,96,97,99,128,130" machi="39" ten="40,2600,0" yaku="1,1,52,1,53,0" doraHai="23" doraHaiUra="74" who="1" fromWho="0" sc="250,-26,240,36,250,0,250,0" /><INIT seed="1,0,0,1,1,46" ten="224,276,250,250" oya="1" hai0="51,39,131,123,7,62,93,52,32,45,74,104,60" hai1="124,24,41,86,119,19,59,107,129,38,61,31,95" hai2="37,36,54,57,84,14,110,9,55,92,80,88,82" hai3="48,2,113,109,13,35,76,66,6,23,103,29,64"/><U132/><E119/><V126/><F126/><W16/><G113/><T1/><D104/><U53/><E107/><V85/><F110/><W49/><G109/><T50/><D131/><U30/><E124/><V12/><F92/><W121/><G103/><T27/><D74/><U34/><E129/><V96/><F96/><W97/><G97/><T112/><D112/><U102/><E132/><V67/><F67/><W83/><G121/><T44/><D39/><U70/><E30/><V108/><F108/><W118/><G118/><T105/><D105/><U77/><E102/><V79/><F55/><W99/><G99/><T94/><D123/><U134/><E134/><V101/><F101/><W4/><G66/><T87/><D32/><U68/><E19/><V125/><F14/><W3/><G6/><T122/><D122/><U26/><E26/><V11/><F11/><N who="3" m="2455" /><G3/><T89/><D27/><U117/><E117/><V8/><F8/><W0/><G0/><T18/><D18/><U111/><E111/><V69/><F69/><W71/><G71/><T63/><D1/><U114/><E114/><V116/><F116/><W17/><G64/><T56/><D7/><U128/><E128/><V78/><F125/><W135/><G17/><T115/><D115/><U120/><E120/><V106/><F106/><W130/><G130/><T28/><D28/><U73/><E73/><V72/><F72/><N who="3" m="43399" /><G135/><T15/><D15/><U127/><E127/><V75/><F75/><W81/><G81/><N who="0" m="49391" /><D56/><U33/><E33/><V133/><F133/><W20/><G20/><T65/><D65/><U42/><E70/><RYUUKYOKU ba="0,0" sc="224,15,276,-15,250,-15,250,15" hai0="44,45,50,51,52,60,62,63,93,94" hai3="13,16,23,29,35,48,49" /><INIT seed="2,1,0,5,2,57" ten="239,261,235,265" oya="2" hai0="127,62,68,132,111,39,60,78,95,128,89,34,100" hai1="13,18,103,52,14,22,11,131,29,104,123,77,74" hai2="28,58,86,32,119,101,43,16,33,113,94,24,53" hai3="135,64,0,125,115,56,20,41,133,25,69,109,124"/><V66/><F113/><W21/><G0/><T27/><D111/><U55/><E131/><V107/><F119/><W117/><G69/><T72/><D128/><U91/><E123/><V97/><F43/><W35/><G41/><T45/><D127/><N who="3" m="48713" /><G117/><T90/><D132/><N who="3" m="50761" /><G109/><T129/><D129/><U36/><E36/><V102/><F66/><W80/><G80/><T85/><D100/><U122/><E122/><V88/><F102/><W10/><G115/><T76/><D72/><U110/><E110/><V114/><F114/><W112/><G112/><T51/><D39/><U81/><E91/><V31/><F16/><W99/><G99/><N who="0" m="57839" /><D68/><U121/><E121/><V49/><REACH who="2" step="1"/><F28/><REACH who="2" ten="239,261,225,265" step="2"/><N who="3" m="19855" /><G10/><T12/><D27/><U7/><E29/><V134/><F134/><W92/><G92/><N who="0" m="54351" /><D34/><AGARI ba="1,1" hai="24,31,32,33,34,49,53,58,86,88,94,97,101,107" machi="34" ten="30,11600,0" yaku="1,1,7,1,54,1,53,1" doraHai="57" doraHaiUra="84" who="2" fromWho="0" sc="239,-119,261,0,225,129,265,0" /><INIT seed="2,2,0,0,5,51" ten="120,261,354,265" oya="2" hai0="45,117,62,132,124,27,125,17,43,102,8,88,44" hai1="7,1,0,123,128,113,4,100,81,42,84,80,72" hai2="101,90,116,86,47,53,15,66,106,111,115,5,23" hai3="104,110,133,114,65,122,97,22,40,69,28,92,77"/><V95/><F115/><W134/><G122/><T41/><D132/><N who="3" m="50793" /><G40/><T109/><D109/><U49/><E123/><V36/><F116/><W127/><G127/><T78/><D117/><U19/><E113/><V39/><F111/><W31/><G77/><T79/><D102/><U126/><E72/><V26/><F66/><W67/><G110/><T21/><D62/><U56/><E100/><V121/><F121/><W55/><G104/><T119/><D119/><U58/><E19/><V11/><F106/><W3/><G3/><T96/><D8/><U99/><E99/><V71/><F71/><W32/><G32/><T24/><D96/><U16/><E16/><V89/><F101/><W54/><G114/><T82/><D17/><U98/><E98/><V61/><F90/><N who="3" m="55447" /><G69/><T34/><D34/><U6/><E126/><V30/><F47/><W120/><G120/><T60/><D60/><U87/><E0/><V131/><F131/><W9/><G9/><T14/><D14/><U73/><E1/><V112/><F112/><W52/><G31/><T129/><D129/><U59/><E128/><V48/><F61/><W103/><G103/><T83/><REACH who="0" step="1"/><D21/><REACH who="0" ten="110,261,354,265" step="2"/><U38/><E4/><V75/><F23/><W85/><G22/><T63/><D63/><U135/><E6/><V2/><F5/><W18/><G18/><T70/><D70/><U94/><E7/><V13/><F2/><W93/><G28/><T68/><D68/><U10/><E135/><V20/><F11/><W35/><G35/><T107/><D107/><U50/><E10/><V37/><F20/><W108/><G108/><RYUUKYOKU ba="2,1" sc="110,15,261,-15,354,-15,265,15" hai0="24,27,41,43,44,45,78,79,82,83,88,124,125" hai3="52,54,55,65,67,85,93" /><INIT seed="3,3,1,2,0,76" ten="125,246,339,280" oya="3" hai0="48,0,73,29,38,28,2,32,82,30,46,61,78" hai1="52,20,95,14,13,132,22,116,118,67,68,5,25" hai2="16,71,21,104,36,7,44,113,129,53,47,115,120" hai3="23,63,98,123,69,130,39,133,51,9,3,31,99"/><W97/><G39/><T117/><D117/><N who="1" m="45163" /><E68/><V88/><F104/><W96/><G123/><T56/><D38/><U55/><E67/><V107/><F7/><W6/><G133/><T111/><D32/><U124/><E132/><V125/><F107/><W91/><G130/><T128/><D111/><U72/><E72/><V90/><F71/><W94/><G51/><T50/><D128/><U127/><E95/><V43/><F129/><W77/><G77/><T112/><D112/><U80/><E80/><V62/><F120/><W101/><G31/><T84/><D73/><U81/><E81/><V92/><F90/><W58/><G23/><N who="1" m="8746" /><E25/><V74/><F74/><W100/><REACH who="3" step="1"/><G69/><REACH who="3" ten="125,246,339,270" step="2"/><T40/><REACH who="0" step="1"/><D48/><REACH who="0" ten="115,246,339,270" step="2"/><U75/><E75/><V19/><F36/><W12/><G12/><T89/><D89/><U93/><E14/><V121/><F88/><W35/><G35/><T64/><AGARI ba="3,3" hai="0,2,28,29,30,40,46,50,56,61,64,78,82,84" machi="64" ten="30,4000,0" yaku="1,1,0,1,52,1,53,0" doraHai="76" doraHaiUra="135" who="0" fromWho="0" sc="115,79,246,-13,339,-13,270,-23" owari="194,-30.6,233,-16.7,326,42.6,247,4.7" /></mjloggm>