<mjloggm ver="2.3"><GO type="225" lobby="0"/><UN n0="%E6%A1%9C%E8%8A%B1%E9%96%83%E3%80%85" n1="%E6%B4%BE%E9%81%A3%E3%81%AE%E3%82%B8%E3%83%A3%E3%83%83%E3%82%AF" n2="%E5%91%A8%E6%9D%B1" n3="%E3%81%BE%E3%81%A8%E3%81%9F" dan="16,17,17,17" rate="2143.54,2238.86,2150.83,2169.71" sx="M,M,M,M"/><TAIKYOKU oya="0"/><INIT seed="0,0,0,3,5,124" ten="250,250,250,250" oya="0" hai0="30,42,61,73,66,15,99,18,76,52,36,104,49" hai1="12,79,102,32,50,25,21,129,37,14,58,100,101" hai2="64,87,88,53,34,95,86,44,74,115,68,78,114" hai3="1,106,40,0,71,2,110,109,127,19,26,123,96"/><T24/><D36/><U130/><E37/><V47/><F34/><W29/><G71/><T111/><D42/><U94/><E79/><V77/><F74/><W55/><G127/><T22/><D111/><N who="3" m="42505" /><G40/><T133/><D133/><U33/><E94/><V119/><F119/><W28/><G55/><T62/><D73/><U60/><E50/><V135/><F135/><W118/><G118/><T23/><D76/><U75/><E75/><V89/><F68/><W82/><G82/><T122/><D122/><U39/><E39/><V7/><F7/><W13/><G26/><T131/><D131/><N who="1" m="50187" /><E33/><V3/><F78/><W72/><G72/><T112/><D112/><U48/><E48/><V69/><F77/><W90/><G106/><T41/><D41/><U128/><E32/><V117/><F117/><W108/><N who="3" m="42513" /><W92/><DORA hai="46" /><G123/><T16/><D66/><N who="1" m="39191" /><E128/><V17/><F115/><W51/><G51/><T10/><D104/><U120/><E120/><V9/><F114/><W43/><G43/><T105/><D105/><U70/><E70/><V63/><F53/><W57/><G57/><N who="0" m="32911" /><D99/><U116/><E116/><V97/><F97/><W6/><G96/><T20/><D20/><U85/><E85/><V45/><F87/><W65/><G65/><T4/><D23/><U83/><E83/><V132/><F132/><W56/><G56/><T84/><D84/><U38/><E38/><V103/><F86/><W8/><G92/><T59/><D62/><U125/><E125/><V81/><F63/><W91/><G91/><T67/><AGARI ba="0,0" hai="4,10,15,16,18,22,24,30,59,61,67" m="32911" machi="67" ten="30,11700,0" yaku="8,1,52,1,54,2" doraHai="124,46" who="0" fromWho="0" sc="250,117,250,-39,250,-39,250,-39" /><INIT seed="0,1,0,3,0,95" ten="367,211,211,211" oya="0" hai0="4,25,5,126,120,118,23,40,91,77,65,76,68" hai1="81,62,18,113,101,66,125,74,31,14,19,122,7" hai2="127,106,73,57,26,102,100,37,85,22,104,78,121" hai3="58,54,119,112,129,132,131,109,52,135,42,20,130"/><T12/><D118/><U63/><E122/><V1/><F1/><W50/><G119/><T111/><D120/><U33/><E125/><V88/><F37/><W13/><G20/><T128/><D126/><U116/><E116/><V69/><F69/><W94/><G13/><T99/><D128/><U87/><E74/><V82/><F127/><W28/><G28/><T105/><D40/><U36/><E36/><V39/><F39/><W3/><G3/><T35/><D35/><U2/><E2/><V89/><F121/><W29/><G29/><T21/><D111/><U6/><E113/><V55/><F106/><W93/><G42/><T70/><D65/><U11/><E101/><V9/><F9/><W47/><G112/><T67/><D67/><U75/><E75/><V16/><F104/><W46/><G109/><T124/><D23/><U98/><E98/><V115/><F115/><W84/><G94/><N who="0" m="56799" /><D105/><U44/><E44/><N who="3" m="16938" /><G93/><T97/><D12/><N who="1" m="7455" /><E31/><V27/><F27/><W49/><G84/><T10/><D124/><U41/><E41/><V8/><F8/><W60/><G54/><T96/><D68/><U108/><E33/><V114/><F114/><W133/><AGARI ba="1,0" hai="49,50,52,58,60,129,130,131,132,133,135" m="16938" machi="133" ten="40,8000,1" yaku="19,1,20,1,34,2,54,1" doraHai="95" who="3" fromWho="3" sc="367,-41,211,-21,211,-21,211,83" /><INIT seed="1,0,0,5,4,74" ten="326,190,190,294" oya="1" hai0="71,102,111,68,37,2,122,88,100,52,11,82,17" hai1="60,94,23,25,59,10,110,35,121,32,80,4,56" hai2="6,73,31,57,67,84,79,70,105,107,87,34,63" hai3="51,81,44,103,53,48,131,30,18,114,43,109,130"/><U19/><E121/><V117/><F117/><W61/><G30/><T49/><D37/><U9/><E110/><V99/><F6/><W133/><G114/><T22/><D111/><U1/><E9/><V8/><F8/><W85/><G109/><T12/><D122/><U29/><E94/><V119/><F119/><W72/><G72/><T41/><D41/><U0/><E0/><V7/><F7/><W125/><G103/><N who="0" m="39467" /><D2/><U69/><E35/><V135/><F135/><W14/><G61/><T33/><D33/><U66/><REACH who="1" step="1"/><E80/><REACH who="1" ten="326,180,190,294" step="2"/><N who="2" m="45167" /><F107/><W27/><G133/><T36/><D22/><U115/><E115/><V112/><F112/><W132/><G132/><T83/><D83/><U50/><E50/><V126/><F105/><W75/><G51/><T128/><D36/><U45/><E45/><V54/><F34/><W95/><G44/><N who="0" m="27687" /><D128/><U123/><E123/><V38/><F38/><W3/><G130/><T134/><D134/><U47/><E47/><V96/><F63/><W42/><G131/><T89/><D89/><U65/><E65/><V21/><F67/><W93/><G3/><T129/><D129/><U58/><E58/><V76/><F57/><W40/><G81/><T101/><D101/><U26/><AGARI ba="0,1" hai="1,4,10,19,23,25,26,29,32,56,59,60,66,69" machi="26" ten="20,3900,0" yaku="1,1,0,1,7,1,53,0" doraHai="74" doraHaiUra="108" who="1" fromWho="1" sc="326,-13,180,49,190,-13,294,-13" /><INIT seed="1,1,0,1,2,16" ten="313,229,177,281" oya="1" hai0="56,17,30,109,92,105,123,76,39,133,66,53,135" hai1="47,38,15,83,29,26,63,28,20,6,65,75,102" hai2="19,51,43,45,79,89,95,71,85,48,11,3,2" hai3="50,1,94,98,58,52,57,4,12,86,118,14,81"/><U96/><E38/><V121/><F121/><W42/><G1/><T34/><D105/><U117/><E117/><V35/><F35/><W31/><G42/><T124/><D109/><U9/><E47/><V119/><F71/><W132/><G132/><T61/><D123/><U73/><E83/><V134/><F119/><W84/><G84/><T74/><D124/><U33/><E29/><V129/><F134/><W114/><G114/><T60/><D39/><U112/><E112/><V70/><F70/><W23/><G58/><T24/><D74/><U21/><E73/><V55/><F129/><W120/><G4/><T32/><D76/><U128/><E75/><V91/><F79/><N who="3" m="46399" /><G118/><T27/><D92/><U108/><E108/><V13/><REACH who="2" step="1"/><F91/><REACH who="2" ten="313,229,167,281" step="2"/><N who="3" m="55647" /><G120/><T41/><D34/><U122/><E122/><V125/><F125/><W7/><G7/><T110/><D110/><U101/><E128/><V44/><AGARI ba="1,1" hai="2,3,11,13,19,43,44,45,48,51,55,85,89,95" machi="44" ten="20,5200,0" yaku="1,1,0,1,7,1,53,1" doraHai="16" doraHaiUra="90" who="2" fromWho="2" sc="313,-14,229,-27,167,65,281,-14" /><INIT seed="2,0,0,3,2,89" ten="299,202,232,267" oya="2" hai0="108,58,44,123,12,103,5,104,22,3,53,114,100" hai1="1,127,131,61,8,26,4,83,60,128,66,14,121" hai2="43,102,24,98,105,70,37,87,50,132,107,99,63" hai3="35,82,56,112,13,47,33,118,72,0,117,21,41"/><V79/><F132/><W18/><G0/><T51/><D123/><U38/><E38/><V15/><F37/><W134/><G134/><T95/><D114/><U11/><E121/><V55/><F43/><W97/><G112/><T25/><D104/><U106/><E106/><V16/><F24/><W27/><G35/><T120/><D3/><U20/><E83/><V125/><F125/><W122/><G122/><T28/><D108/><U31/><E127/><V90/><F79/><W116/><G56/><T85/><D120/><U69/><REACH who="1" step="1"/><E61/><REACH who="1" ten="299,192,232,267" step="2"/><V39/><F39/><W101/><G82/><T10/><D44/><U42/><E42/><V67/><F107/><W78/><G41/><T30/><D30/><U119/><E119/><V23/><F105/><W88/><G47/><T49/><D49/><U130/><E130/><V81/><REACH who="2" step="1"/><F102/><REACH who="2" ten="299,192,222,267" step="2"/><W17/><G101/><T94/><D103/><U91/><E91/><V96/><F96/><W68/><G88/><N who="0" m="53519" /><D100/><U111/><E111/><V129/><F129/><W93/><G116/><T92/><AGARI ba="0,2" hai="5,10,12,22,25,28,51,53,58,92,95" m="53519" machi="92" ten="30,8000,1" yaku="8,1,52,3,54,1" doraHai="89" who="0" fromWho="0" sc="299,100,192,-20,222,-40,267,-20" /><INIT seed="3,0,0,0,3,46" ten="399,172,182,247" oya="3" hai0="31,9,14,42,20,66,65,5,84,82,97,34,76" hai1="4,101,115,0,43,86,51,127,113,60,17,87,2" hai2="35,33,93,40,94,92,108,71,30,28,130,38,129" hai3="110,121,96,73,77,135,81,53,124,36,16,134,85"/><W128/><G36/><T19/><D42/><U70/><E101/><V105/><F105/><W63/><G121/><T114/><D114/><U50/><E17/><V83/><F71/><W45/><G124/><T56/><D56/><U6/><E70/><V37/><F83/><W7/><G7/><T89/><D34/><N who="2" m="12810" /><F108/><W41/><G128/><N who="2" m="49257" /><F40/><W62/><G110/><T22/><D31/><AGARI ba="0,0" hai="28,30,31,37,38,92,93,94" m="49257,12810" machi="31" ten="40,5200,0" yaku="28,2,19,1" doraHai="46" who="2" fromWho="0" sc="399,-52,172,0,182,52,247,0" owari="347,44.7,172,-32.8,234,-16.6,247,4.7" /></mjloggm>