<mjloggm ver="2.3"><GO type="225" lobby="0"/><UN n0="%E5%A4%96%E5%B7%9D%E7%AB%9C%E6%88%90" n1="%6D%75%75%6D%75%72%61" n2="%73%6C%69%63%6B%33%31%39" n3="%E3%81%8F%E3%81%BE%E3%81%96%E3%82%8F" dan="16,17,16,16" rate="2120.42,2188.83,2149.63,2053.54" sx="M,F,M,M"/><TAIKYOKU oya="0"/><INIT seed="0,0,0,2,1,86" ten="250,250,250,250" oya="0" hai0="132,87,41,48,115,24,91,9,31,67,54,89,26" hai1="36,42,117,11,27,102,107,30,59,128,22,35,81" hai2="106,65,15,98,19,62,17,131,100,101,69,3,73" hai3="110,70,44,33,82,12,122,46,130,76,97,43,71"/><T123/><D115/><U120/><E117/><V61/><F3/><W124/><G110/><T66/><D123/><U6/><E120/><V4/><F73/><W134/><G122/><T51/><D132/><U57/><E128/><V63/><F131/><W49/><G130/><T1/><D1/><U39/><E81/><V32/><F101/><W84/><G134/><T112/><D112/><U34/><E107/><V25/><F4/><W95/><G124/><T113/><D113/><U13/><E102/><V64/><F15/><W53/><G12/><T121/><D121/><U0/><E35/><V105/><F105/><W5/><G5/><T8/><D87/><U28/><E28/><V103/><F103/><W56/><G33/><T40/><D54/><U90/><E90/><V83/><F83/><W111/><G46/><T72/><REACH who="0" step="1"/><D31/><REACH who="0" ten="240,250,250,250" step="2"/><U68/><E0/><V16/><F64/><W21/><G111/><T37/><D37/><U75/><E39/><V99/><F99/><W80/><G80/><T94/><D94/><U52/><E36/><V104/><F104/><W20/><G95/><T119/><D119/><U7/><E75/><AGARI ba="0,1" hai="8,9,24,26,40,41,48,51,66,67,72,75,89,91" machi="75" ten="25,12000,1" yaku="1,1,22,2,52,2,53,0" doraHai="86" doraHaiUra="14" who="0" fromWho="1" sc="240,130,250,-120,250,0,250,0" /><INIT seed="0,1,0,3,3,115" ten="370,130,250,250" oya="0" hai0="74,66,78,13,80,45,11,132,58,54,44,121,124" hai1="114,23,4,83,67,101,98,35,109,77,129,14,103" hai2="33,108,79,95,84,126,47,63,3,93,91,53,75" hai3="22,112,89,117,86,26,16,8,125,102,6,32,99"/><T122/><D124/><U69/><E35/><V105/><F3/><W116/><G112/><T62/><D132/><U72/><E114/><V30/><F126/><W46/><G125/><T56/><D45/><U19/><E109/><V42/><F105/><W127/><G127/><T131/><D131/><U60/><E129/><V39/><F108/><W87/><G32/><T43/><D56/><U15/><E4/><V65/><F75/><W70/><G70/><T118/><D118/><U97/><REACH who="1" step="1"/><E15/><REACH who="1" ten="370,120,250,250" step="2"/><V25/><F33/><W61/><G6/><T2/><D13/><U92/><E92/><V29/><F93/><W100/><G116/><T82/><D2/><U113/><E113/><V81/><F95/><W106/><G117/><T36/><D82/><U119/><E119/><V104/><F104/><W130/><G106/><T1/><D66/><U51/><E51/><V10/><F65/><W28/><G130/><T41/><D41/><U111/><E111/><V18/><F42/><W96/><G61/><T90/><D90/><U128/><E128/><V48/><F91/><W21/><G89/><T0/><D0/><U17/><E17/><V31/><F63/><W34/><G16/><T71/><D71/><U59/><E59/><V76/><F39/><W5/><G5/><AGARI ba="1,1" hai="1,5,11,36,43,44,54,58,62,74,78,80,121,122" machi="5" ten="40,3900,0" yaku="25,2" doraHai="115" who="0" fromWho="3" sc="370,52,120,0,250,0,250,-42" /><INIT seed="0,2,0,4,2,64" ten="422,120,250,208" oya="0" hai0="96,100,123,1,55,94,15,53,16,26,131,79,116" hai1="107,118,43,72,95,7,97,65,20,50,54,45,59" hai2="56,126,6,112,23,52,44,61,133,2,80,62,68" hai3="14,21,58,99,57,9,32,28,127,19,86,120,69"/><T128/><D116/><U93/><E118/><V103/><F112/><W25/><G127/><T121/><D1/><U27/><E72/><V48/><F126/><W76/><G120/><T125/><D26/><U3/><E107/><V82/><F133/><W132/><G132/><T77/><D125/><U63/><E3/><V102/><F2/><W17/><G69/><T71/><D71/><U129/><E129/><N who="0" m="49737" /><D55/><U84/><E7/><V35/><F35/><W87/><G99/><T70/><D53/><U60/><E84/><V66/><F6/><W5/><G19/><T119/><D70/><U101/><E95/><V92/><F23/><W122/><G122/><N who="0" m="46603" /><D119/><U22/><REACH who="1" step="1"/><E27/><REACH who="1" ten="422,110,250,208" step="2"/><V114/><F114/><W37/><G87/><T0/><D0/><U18/><E18/><V24/><F24/><W124/><G124/><T74/><D74/><U67/><E67/><V46/><F66/><W135/><G135/><T33/><D33/><U39/><E39/><V13/><F92/><W89/><G37/><T104/><D104/><U98/><E98/><V41/><F82/><W42/><G32/><T36/><D36/><U83/><E83/><V38/><F80/><W134/><G134/><T105/><D105/><U85/><E85/><V11/><F13/><W108/><G14/><T110/><D94/><U115/><E115/><V90/><F38/><W109/><G5/><T8/><D96/><U34/><E34/><V31/><F31/><W29/><G28/><T106/><D106/><U113/><E113/><V88/><F103/><W10/><G29/><T73/><D100/><U111/><E111/><RYUUKYOKU ba="2,1" sc="422,-10,110,30,250,-10,208,-10" hai1="20,22,43,45,50,54,59,60,63,65,93,97,101" /><INIT seed="1,3,1,1,4,53" ten="412,140,240,198" oya="1" hai0="19,114,43,90,7,3,122,59,97,129,131,57,70" hai1="33,44,69,119,11,116,120,94,107,124,48,2,45" hai2="4,67,1,71,12,32,104,101,30,96,95,132,72" hai3="123,73,115,92,85,134,98,63,31,105,84,17,78"/><U9/><E107/><V38/><F12/><W106/><G123/><T27/><D70/><U58/><E120/><V87/><F95/><W42/><G42/><T111/><D122/><U24/><E69/><V100/><F87/><N who="3" m="33355" /><G31/><T117/><D43/><U46/><E124/><V6/><F101/><N who="3" m="60615" /><G17/><T0/><D19/><U64/><E94/><V26/><F6/><W18/><G18/><T62/><D27/><U81/><E81/><V50/><F50/><W126/><G63/><T89/><D7/><U133/><E133/><V113/><F132/><W5/><G5/><T13/><D13/><U60/><E48/><V15/><F15/><W65/><G65/><T66/><D66/><U47/><N who="1" m="11264" /><DORA hai="14" /><U112/><E112/><V82/><F113/><W108/><G115/><T110/><D62/><U68/><E68/><V74/><F82/><N who="3" m="45391" /><G134/><T61/><D114/><U25/><E2/><V80/><F80/><W52/><G52/><T121/><D61/><U35/><E24/><V39/><F4/><W56/><G56/><T125/><D121/><U40/><E40/><V41/><F1/><W135/><G135/><T10/><D0/><U127/><E127/><V54/><F54/><W109/><G126/><T34/><D3/><U28/><REACH who="1" step="1"/><E35/><REACH who="1" ten="412,130,240,198" step="2"/><V99/><F41/><W79/><G79/><T86/><D125/><U23/><E23/><V118/><F32/><W76/><G76/><T21/><D34/><U20/><E20/><V16/><F26/><W93/><G93/><T49/><D21/><U128/><E128/><V77/><F77/><W75/><G75/><N who="2" m="28713" /><F39/><W36/><G36/><RYUUKYOKU ba="3,2" sc="412,-15,130,15,240,-15,198,15" hai1="9,11,25,28,33,58,60,64,116,119" hai3="105,106,108,109" /><INIT seed="1,4,2,1,0,68" ten="397,145,225,213" oya="1" hai0="5,35,108,30,8,118,6,58,2,104,84,107,60" hai1="132,81,77,24,90,16,39,134,41,34,17,57,62" hai2="67,112,100,129,83,0,102,46,105,55,45,49,93" hai3="44,32,52,91,19,133,69,42,56,122,85,1,43"/><U70/><E70/><V106/><F0/><W29/><G122/><T78/><D118/><U64/><E90/><V92/><F83/><W114/><G114/><T36/><D36/><U87/><E34/><V120/><F67/><W103/><G133/><N who="1" m="51306" /><E24/><V116/><F49/><W82/><G69/><T61/><D61/><U26/><E26/><V11/><F11/><W97/><G1/><T40/><D60/><U59/><E59/><V75/><F75/><W73/><G73/><T31/><D58/><U86/><E86/><V96/><F55/><W135/><G135/><T125/><D84/><U98/><E98/><V94/><F116/><W111/><G56/><T22/><D30/><U27/><E27/><V126/><F120/><W13/><G32/><T130/><D31/><U53/><E53/><V9/><F96/><W80/><G29/><T47/><D78/><U119/><E119/><V74/><F74/><W109/><G91/><T23/><D35/><U110/><E110/><N who="3" m="41994" /><G85/><T131/><D108/><U33/><E33/><V18/><F112/><W88/><G88/><T89/><D89/><U50/><E50/><V3/><F102/><W25/><G25/><T101/><D101/><U123/><E123/><V54/><F100/><W76/><G76/><T66/><D66/><U115/><E115/><V14/><F54/><W127/><G103/><T124/><D104/><U117/><E117/><V28/><F105/><W63/><G97/><T4/><D107/><U48/><E48/><V15/><F106/><W71/><G71/><T12/><D130/><U51/><E51/><V113/><F113/><RYUUKYOKU ba="4,2" sc="397,-10,145,30,225,-10,213,-10" hai1="16,17,39,41,57,62,64,77,81,87" /><INIT seed="1,5,2,1,3,7" ten="387,175,215,203" oya="1" hai0="48,131,27,99,95,10,129,67,132,23,123,11,55" hai1="46,77,104,49,35,44,19,63,89,42,112,70,84" hai2="22,118,32,108,50,43,9,103,33,29,83,73,17" hai3="61,28,100,8,75,107,87,82,119,6,130,47,121"/><U66/><E112/><V93/><F118/><W86/><G121/><T52/><D67/><U79/><E104/><V90/><F33/><W128/><G119/><T31/><D132/><U105/><E105/><V127/><F108/><W12/><G28/><T81/><D81/><U21/><E35/><V1/><F103/><W98/><G61/><T114/><D114/><U109/><E46/><N who="2" m="25951" /><F73/><W4/><G4/><T64/><D64/><U40/><E40/><V59/><F32/><W54/><G54/><N who="0" m="20523" /><D48/><U133/><E133/><V76/><F1/><W134/><G47/><T2/><D2/><U3/><E3/><V30/><F83/><W122/><G122/><T56/><D56/><U92/><REACH who="1" step="1"/><E109/><REACH who="1" ten="387,165,215,203" step="2"/><V16/><F127/><W120/><G120/><T13/><D123/><U25/><AGARI ba="5,3" hai="19,21,25,42,44,49,63,66,70,77,79,84,89,92" machi="25" ten="20,12000,1" yaku="1,1,2,1,0,1,7,1,53,1" doraHai="7" doraHaiUra="58" who="1" fromWho="1" sc="387,-45,165,165,215,-45,203,-45" /><INIT seed="1,6,0,4,1,71" ten="342,330,170,158" oya="1" hai0="67,12,48,89,39,76,51,63,85,100,64,117,80" hai1="0,123,27,9,133,21,40,34,119,24,68,5,103" hai2="33,35,47,28,124,95,31,30,112,75,50,125,36" hai3="94,88,99,72,132,14,15,17,69,29,107,73,56"/><U83/><E119/><V45/><F75/><W18/><G69/><T84/><D117/><U118/><E118/><V49/><F95/><W11/><G132/><T93/><D39/><U19/><E68/><V46/><F36/><W127/><G127/><N who="2" m="48713" /><F112/><W41/><G41/><T120/><D120/><U61/><E123/><V77/><F77/><W130/><G130/><T74/><D74/><U62/><E133/><V2/><F2/><W106/><G29/><T91/><D100/><U122/><E122/><V129/><F129/><W113/><G113/><T110/><D110/><U102/><E83/><V22/><F22/><W65/><G73/><T37/><D37/><U52/><E40/><V114/><F114/><W59/><G72/><T87/><D12/><U126/><E126/><V20/><F20/><W13/><G13/><T44/><D63/><U53/><E62/><V57/><F57/><W108/><G108/><T58/><D58/><U96/><E61/><V86/><F86/><W111/><G111/><T54/><REACH who="0" step="1"/><D51/><AGARI ba="6,0" hai="28,30,31,33,35,45,46,47,49,50,51" m="48713" machi="51" ten="40,5200,0" yaku="28,2,18,1" doraHai="71" who="2" fromWho="0" sc="342,-70,330,0,170,70,158,0" /><INIT seed="2,0,0,5,5,133" ten="272,330,240,158" oya="2" hai0="1,102,86,97,134,26,105,69,64,111,117,119,66" hai1="42,114,14,8,90,22,33,131,40,63,38,135,120" hai2="13,49,3,44,55,122,53,121,84,61,94,10,58" hai3="107,103,118,109,112,65,80,27,123,18,17,39,93"/><V37/><F3/><W110/><G118/><N who="0" m="45067" /><D1/><U15/><E33/><V89/><REACH who="2" step="1"/><F37/><REACH who="2" ten="272,330,230,158" step="2"/><W0/><G39/><T128/><D134/><U116/><E38/><V60/><F60/><W130/><G110/><T88/><D111/><U104/><E63/><V24/><F24/><W19/><G109/><T7/><D128/><U21/><E131/><V35/><F35/><W23/><G27/><T85/><D26/><U79/><E135/><V124/><F124/><W127/><G0/><T92/><D69/><U77/><E116/><V51/><F51/><W20/><G130/><T43/><D7/><AGARI ba="0,1" hai="7,10,13,44,49,53,55,58,61,84,89,94,121,122" machi="7" ten="30,2900,0" yaku="1,1,7,1,53,0" doraHai="133" doraHaiUra="78" who="2" fromWho="0" sc="272,-29,330,0,230,39,158,0" /><INIT seed="2,1,0,0,1,15" ten="243,330,269,158" oya="2" hai0="39,102,49,47,127,46,12,35,93,81,16,29,72" hai1="87,83,40,106,78,70,109,126,96,9,108,100,38" hai2="6,63,91,33,28,76,79,103,133,65,48,3,23" hai3="59,64,58,89,99,37,31,129,90,84,5,92,110"/><V121/><F121/><W14/><G110/><N who="1" m="42602" /><E70/><V2/><F133/><W82/><G129/><T55/><D127/><U11/><E126/><V10/><F2/><W105/><G37/><T0/><D0/><U18/><E18/><V42/><F42/><W112/><G112/><T104/><D104/><U113/><E113/><V80/><F48/><W53/><G105/><T13/><D13/><U17/><E17/><V107/><F23/><W21/><G64/><T119/><D119/><U57/><E57/><V43/><F43/><W1/><G1/><T41/><D35/><U34/><E34/><V7/><F7/><W97/><G97/><T120/><D29/><U122/><E122/><V74/><F91/><W54/><G5/><T25/><D25/><U134/><E134/><V52/><F76/><W98/><G98/><T56/><D56/><U27/><E27/><N who="2" m="18591" /><F52/><W95/><G31/><T36/><D36/><U66/><E66/><V135/><F135/><W51/><G21/><T22/><D120/><U94/><E94/><V19/><F19/><W32/><G32/><T111/><D111/><U8/><E8/><V88/><F107/><W62/><REACH who="3" step="1"/><G14/><REACH who="3" ten="243,330,269,148" step="2"/><T26/><D12/><U125/><E125/><V115/><F115/><W44/><G44/><AGARI ba="1,1" hai="9,11,38,40,44,78,83,87,96,100,106" m="42602" machi="44" ten="30,1000,0" yaku="14,1" doraHai="15" who="1" fromWho="3" sc="243,0,330,23,269,0,148,-13" /><INIT seed="3,0,0,0,1,80" ten="243,353,269,135" oya="3" hai0="64,18,51,71,134,115,69,100,132,17,16,45,7" hai1="30,91,4,58,27,68,99,12,133,34,96,87,107" hai2="79,0,11,9,101,103,70,130,25,48,117,63,82" hai3="81,13,55,36,78,39,72,60,46,75,135,26,10"/><W33/><G135/><N who="0" m="51755" /><D100/><U29/><E68/><N who="0" m="26185" /><D64/><U8/><E107/><V102/><F117/><W62/><G72/><T37/><D7/><U112/><E112/><V106/><F106/><W77/><G77/><T94/><D94/><U97/><E29/><V111/><F0/><W104/><G104/><T129/><D129/><U73/><E73/><V74/><F130/><W123/><G123/><T128/><D128/><U116/><E133/><V1/><F1/><W121/><G121/><T125/><D125/><U42/><E116/><V53/><F111/><W2/><G2/><T114/><D37/><U50/><E99/><V5/><F5/><W66/><G66/><T119/><D119/><U24/><E24/><V6/><F6/><W28/><G39/><T32/><D32/><U44/><E58/><V3/><F3/><W84/><G75/><T47/><D47/><U38/><E38/><V65/><REACH who="2" step="1"/><F25/><REACH who="2" ten="243,353,259,135" step="2"/><W15/><G15/><T83/><D83/><AGARI ba="0,1" hai="4,8,12,27,30,34,42,44,50,83,87,91,96,97" machi="83" ten="30,2000,0" yaku="7,1,52,1" doraHai="80" who="1" fromWho="0" sc="243,-20,353,30,259,0,135,0" owari="223,-17.7,383,48.3,259,5.9,135,-36.5" /></mjloggm>