<mjloggm ver="2.3"><GO type="225" lobby="0"/><UN n0="%E4%B8%89%E5%86%A0%E7%8E%8B%E3%83%BB%E5%B1%B1%E7%94%B0%E5%93%B2%E4%BA%BA" n1="%E3%81%9F%E3%81%93%E2%98%86%E7%84%BC%E3%81%8D" n2="%32%E9%99%90" n3="%E9%80%9F%E6%B0%B4%E5%87%9B%E9%A6%99" dan="16,16,16,16" rate="2149.29,2086.98,2142.41,2114.19" sx="M,M,M,F"/><TAIKYOKU oya="0"/><INIT seed="0,0,0,2,3,123" ten="250,250,250,250" oya="0" hai0="58,135,102,89,122,103,44,95,109,91,52,51,132" hai1="118,34,28,85,88,24,111,8,0,125,50,39,62" hai2="65,32,36,35,114,112,37,15,133,86,5,2,3" hai3="113,64,23,57,127,90,73,4,22,30,48,75,21"/><T61/><D122/><U43/><E118/><V25/><F86/><W13/><G113/><N who="2" m="43625" /><F65/><W93/><G30/><T96/><D109/><U134/><E111/><V41/><F5/><W77/><G77/><T63/><D63/><U70/><E134/><N who="0" m="51241" /><D102/><U27/><E125/><V33/><F133/><W128/><G127/><T130/><D130/><U11/><E39/><N who="2" m="14923" /><F25/><W119/><G128/><T18/><D18/><U81/><E24/><V101/><F15/><W98/><G119/><T129/><D129/><U71/><E0/><N who="2" m="43" /><F41/><AGARI ba="0,0" hai="41,44,51,52,58,61,89,91,95,96,103" m="51241" machi="41" ten="30,2900,0" yaku="20,1,54,1" doraHai="123" who="0" fromWho="2" sc="250,29,250,0,250,-29,250,0" /><INIT seed="0,1,0,2,5,132" ten="279,250,221,250" oya="0" hai0="128,54,106,41,78,117,120,74,65,105,130,29,85" hai1="97,55,38,36,124,77,13,58,79,4,18,61,66" hai2="114,31,103,15,90,73,44,119,8,91,133,57,112" hai3="84,51,19,50,102,92,35,21,32,71,96,101,127"/><T40/><D117/><U62/><E4/><V6/><F73/><W110/><G71/><T93/><D120/><U42/><E97/><V126/><F133/><W86/><G110/><T88/><D65/><U108/><E108/><V39/><F119/><W76/><G76/><T80/><D29/><U75/><E124/><V43/><F103/><W125/><G92/><T94/><D54/><U64/><E55/><V69/><F69/><W53/><G96/><T33/><D33/><U0/><E0/><V118/><F118/><W104/><G19/><T111/><D111/><U98/><E98/><V1/><F31/><W26/><G21/><T12/><D12/><U95/><E95/><N who="0" m="36361" /><D40/><U116/><E42/><V59/><F1/><W113/><G53/><T24/><D24/><U2/><E2/><V72/><F72/><W56/><G56/><T16/><D16/><U11/><E116/><V45/><F45/><W3/><G3/><T60/><D60/><U47/><E47/><V52/><F59/><W107/><REACH who="3" step="1"/><G26/><REACH who="3" ten="279,250,221,240" step="2"/><T37/><D41/><U49/><E77/><V123/><F52/><W17/><G17/><T28/><D28/><U70/><E79/><V131/><F57/><W20/><G20/><T83/><D37/><U82/><E36/><V14/><F39/><W22/><G22/><T46/><D46/><U115/><E38/><V5/><F44/><W34/><G34/><T23/><D23/><U129/><E70/><V68/><F43/><W134/><G134/><T87/><D74/><U122/><E75/><V30/><F68/><W135/><G135/><T109/><D109/><RYUUKYOKU ba="1,1" sc="279,15,250,-15,221,-15,240,15" hai0="78,80,83,85,87,88,105,106,128,130" hai3="32,35,50,51,84,86,101,102,104,107,113,125,127" /><INIT seed="0,2,1,3,1,109" ten="294,235,206,255" oya="0" hai0="30,91,16,59,87,12,110,15,24,42,108,35,105" hai1="101,126,112,45,133,124,117,129,31,6,36,64,37" hai2="56,39,114,90,27,85,62,98,8,113,63,60,77" hai3="67,107,130,76,102,89,1,132,34,80,75,115,3"/><T96/><D42/><N who="1" m="22727" /><E101/><V82/><F39/><W69/><G89/><T125/><D125/><N who="1" m="48235" /><E6/><V135/><F135/><W17/><G17/><T26/><D26/><U128/><E31/><V94/><F8/><W111/><G111/><N who="0" m="42539" /><D59/><U2/><E2/><V38/><F38/><W49/><G1/><T50/><D50/><U65/><E37/><V134/><F134/><W46/><G49/><T73/><D73/><U71/><E117/><V100/><F56/><W99/><G3/><T119/><D119/><U79/><E79/><V95/><REACH who="2" step="1"/><F27/><REACH who="2" ten="294,235,196,255" step="2"/><W120/><G132/><T51/><D51/><U41/><E133/><V116/><F116/><W13/><G69/><T18/><D12/><U19/><E71/><V9/><F9/><W43/><G13/><T40/><D15/><U33/><E41/><V25/><F25/><W122/><G43/><T66/><D40/><U127/><E127/><V78/><F78/><W103/><G76/><T4/><D24/><U22/><E22/><V52/><F52/><W32/><G120/><T57/><D4/><U72/><E19/><V92/><F92/><W28/><G122/><T55/><D16/><U14/><E14/><V0/><F0/><W47/><G47/><T5/><D18/><U83/><E83/><V97/><AGARI ba="2,2" hai="60,62,63,77,82,85,90,94,95,97,98,100,113,114" machi="97" ten="30,7900,0" yaku="1,1,0,1,52,2,53,0" doraHai="109" doraHaiUra="123" who="2" fromWho="2" sc="294,-41,235,-22,196,105,255,-22" /><INIT seed="1,0,0,0,2,13" ten="253,213,301,233" oya="1" hai0="17,34,18,67,115,97,103,8,100,121,118,20,56" hai1="106,49,52,72,29,32,113,3,57,48,39,23,58" hai2="112,87,122,131,46,42,64,7,77,60,102,119,25" hai3="73,95,104,36,90,65,96,71,14,45,44,101,76"/><U108/><E113/><V78/><F119/><W2/><G2/><T135/><D34/><U9/><E32/><V124/><F122/><W62/><G36/><T43/><D118/><U92/><E39/><V132/><F102/><W126/><G126/><T35/><D35/><U128/><E106/><V12/><F25/><W19/><G76/><T84/><D115/><U40/><E72/><V6/><F131/><W110/><G110/><T55/><D135/><U133/><E128/><V61/><F124/><W54/><G54/><T30/><D121/><U120/><E133/><V83/><F78/><W59/><G71/><T38/><D67/><U117/><E3/><V111/><F111/><W89/><G73/><T10/><D30/><U47/><E120/><V63/><F64/><W74/><G74/><T4/><D84/><U93/><E9/><V50/><F112/><W125/><G125/><T27/><D43/><U15/><E108/><V134/><F6/><W26/><G26/><T105/><D38/><U75/><E29/><V99/><F99/><W68/><G68/><T21/><D103/><U114/><E75/><V22/><F22/><N who="3" m="11639" /><G104/><T123/><D4/><U1/><E1/><V129/><F129/><W5/><G5/><T69/><D69/><U82/><E82/><V81/><F83/><W16/><G16/><T116/><D116/><U37/><E114/><V88/><REACH who="2" step="1"/><F77/><REACH who="2" ten="253,213,291,233" step="2"/><W94/><G101/><T24/><D123/><U86/><E117/><V31/><F31/><W79/><G79/><T109/><D109/><U80/><E23/><V107/><F107/><W66/><G66/><RYUUKYOKU ba="0,1" sc="253,10,213,-30,291,10,233,10" hai0="8,10,17,18,20,21,24,27,55,56,97,100,105" hai2="7,12,42,46,50,60,61,63,81,87,88,132,134" hai3="44,45,59,62,65,89,90,94,95,96" /><INIT seed="2,1,1,1,0,134" ten="263,183,301,243" oya="2" hai0="16,74,63,37,64,113,85,109,30,79,8,10,0" hai1="39,15,71,65,76,23,101,29,97,122,26,59,72" hai2="42,100,44,73,70,7,132,107,110,125,25,77,54" hai3="124,40,84,55,88,108,12,126,67,34,130,2,95"/><V32/><F54/><W82/><G2/><T58/><D37/><U50/><E39/><N who="2" m="21599" /><F7/><W91/><G34/><T51/><D74/><U86/><E122/><V36/><F125/><N who="3" m="48235" /><G108/><T52/><D113/><U115/><E71/><V83/><F107/><W104/><G104/><T22/><D30/><U56/><E72/><V61/><F73/><W57/><G130/><T18/><D109/><U112/><E15/><V69/><F32/><W94/><G40/><T121/><D121/><U19/><E19/><N who="0" m="7209" /><D22/><U13/><E13/><V47/><F132/><W105/><G105/><T45/><D0/><U38/><E38/><V68/><F36/><W102/><G67/><T111/><D111/><U17/><E65/><V75/><F110/><W4/><G102/><T5/><D5/><U20/><E115/><V6/><F100/><W49/><G91/><T135/><D135/><U80/><E112/><V129/><F129/><W127/><N who="3" m="48243" /><W48/><DORA hai="117" /><G48/><T1/><D1/><U46/><E23/><V99/><F61/><W24/><G24/><T90/><D79/><U28/><E29/><V89/><F25/><W14/><G14/><T53/><D64/><U62/><E62/><V60/><F60/><W33/><G33/><T131/><D131/><U123/><E123/><V66/><F66/><W103/><G103/><T120/><D120/><U3/><E3/><V11/><F70/><W9/><AGARI ba="1,1" hai="4,9,12,49,55,57,82,84,88,94,95" m="48243" machi="9" ten="40,12000,2" yaku="18,1,52,4,54,1" doraHai="134,117" who="3" fromWho="3" sc="263,-31,183,-31,301,-61,243,133" /><INIT seed="3,0,0,2,0,70" ten="232,152,240,376" oya="3" hai0="14,6,75,38,122,15,60,82,45,111,94,9,48" hai1="81,74,56,105,83,41,112,129,21,59,40,19,7" hai2="28,1,85,35,80,107,125,92,100,132,46,8,50" hai3="51,77,102,37,27,47,93,30,20,116,34,49,78"/><W36/><G116/><T39/><D122/><U91/><E105/><V44/><F107/><W97/><G34/><T17/><D111/><U84/><E112/><V18/><F35/><W72/><G49/><T106/><D106/><U98/><E98/><N who="2" m="59463" /><F1/><W99/><G99/><T113/><D113/><U134/><E129/><V22/><F132/><W131/><G131/><T130/><D130/><U135/><E7/><V127/><F28/><W88/><G102/><T0/><D94/><U4/><E4/><V62/><F62/><W65/><G65/><T61/><D61/><U24/><E135/><V96/><F8/><W69/><G69/><T3/><D60/><U90/><E134/><V73/><F50/><W104/><G104/><T123/><D123/><U53/><E74/><V58/><F58/><W32/><G32/><T110/><D110/><U95/><E59/><V68/><F96/><W33/><G33/><T101/><D101/><U42/><REACH who="1" step="1"/><E91/><REACH who="1" ten="232,142,240,376" step="2"/><N who="2" m="51623" /><F73/><W55/><G72/><T13/><D0/><U71/><E71/><V5/><F5/><W79/><AGARI ba="0,1" hai="20,27,30,36,37,47,51,55,77,78,79,88,93,97" machi="79" ten="30,11700,0" yaku="0,1,52,2,54,1" doraHai="70" who="3" fromWho="3" sc="232,-39,142,-39,240,-39,376,127" owari="193,-20.7,103,-39.7,201,0.1,503,60.3" /></mjloggm>