<mjloggm ver="2.3"><GO type="225" lobby="0"/><UN n0="%E5%B5%90%E9%9B%B2%E3%81%AE%E3%82%AB%E3%83%A9%E3%82%B9" n1="%E3%81%B5%E3%81%98%E3%81%8B%E3%81%A4" n2="%E3%82%B2%E3%82%B9%E8%8C%82%E5%8B%9D" n3="%E3%81%8C%E3%81%9F" dan="16,16,16,17" rate="2066.46,2117.85,2127.21,2166.73" sx="F,M,F,M"/><TAIKYOKU oya="0"/><INIT seed="0,0,0,0,5,22" ten="250,250,250,250" oya="0" hai0="3,115,105,108,127,29,43,98,131,26,37,77,95" hai1="62,126,13,20,71,110,81,6,135,42,75,24,52" hai2="117,121,89,125,134,59,31,34,104,96,48,90,2" hai3="92,16,130,76,18,23,120,109,12,133,44,11,124"/><T129/><D115/><U79/><E135/><V9/><F117/><W111/><G76/><T39/><D3/><U32/><E110/><N who="3" m="41994" /><G92/><T54/><D108/><U102/><E126/><V61/><F134/><W5/><G44/><T82/><D105/><U1/><E102/><V66/><F125/><W69/><G133/><T38/><D127/><U56/><E42/><V55/><F121/><W28/><G69/><T78/><D54/><U87/><E71/><V63/><F63/><W100/><G100/><T73/><D77/><U33/><E1/><V45/><F96/><W15/><G124/><T64/><D64/><U47/><E47/><V57/><F45/><W58/><G58/><T88/><REACH who="0" step="1"/><D43/><REACH who="0" ten="240,250,250,250" step="2"/><U74/><E75/><V116/><F104/><W93/><G120/><T10/><D10/><U106/><E74/><V8/><F116/><W80/><G11/><T0/><D0/><U19/><E106/><V91/><F2/><W122/><G122/><T83/><D83/><U7/><REACH who="1" step="1"/><E13/><REACH who="1" ten="240,240,250,250" step="2"/><V101/><F66/><W103/><G12/><T17/><D17/><U99/><E99/><V118/><F118/><W14/><G18/><T113/><D113/><U107/><E107/><V128/><F31/><W40/><G28/><T84/><D84/><U114/><E114/><V60/><F55/><W86/><G40/><T50/><D50/><U46/><E46/><V36/><F48/><W119/><G119/><T65/><D65/><U53/><E53/><V70/><F70/><W30/><G30/><T132/><D132/><U94/><E94/><V4/><F57/><W27/><G14/><RYUUKYOKU ba="0,2" sc="240,15,240,15,250,-15,250,-15" hai0="26,29,37,38,39,73,78,82,88,95,98,129,131" hai1="6,7,19,20,24,32,33,52,56,62,79,81,87" /><INIT seed="0,1,2,4,1,21" ten="255,255,235,235" oya="0" hai0="97,96,128,49,44,120,22,126,54,13,84,51,85" hai1="87,36,80,50,93,1,34,127,116,134,55,53,118" hai2="29,25,66,76,35,112,31,73,109,14,57,19,37" hai3="123,62,90,129,58,8,83,32,108,82,61,101,0"/><T48/><D120/><U9/><E34/><V95/><F109/><W133/><G108/><T38/><D128/><U42/><E36/><V39/><F112/><W105/><G129/><T68/><D68/><U43/><E127/><V18/><F95/><W119/><G119/><T24/><D126/><U135/><E93/><V117/><F117/><N who="1" m="45161" /><E9/><V63/><F29/><W125/><G125/><T104/><D13/><U5/><E5/><V69/><F19/><W72/><G32/><T89/><D104/><U47/><E1/><V28/><F28/><W115/><G115/><T64/><D64/><U65/><E65/><V78/><F69/><W52/><G61/><T59/><D38/><U106/><E106/><V92/><F92/><W77/><G123/><T86/><D89/><N who="1" m="51431" /><E55/><V41/><F73/><W103/><G105/><T113/><D113/><U10/><E10/><V114/><F114/><W2/><G2/><T27/><D22/><U81/><E81/><V88/><F37/><W60/><G0/><T16/><D16/><U12/><E12/><V102/><F102/><N who="3" m="38923" /><G8/><T122/><D122/><U94/><E94/><V67/><F66/><W17/><G17/><T131/><D131/><U107/><E107/><V75/><F75/><W20/><G20/><T33/><D33/><U30/><E30/><V98/><F39/><W121/><G121/><T6/><D6/><U45/><E45/><V74/><F74/><W15/><G15/><T99/><D44/><U70/><E70/><V124/><F124/><W11/><G72/><T3/><D3/><U46/><E47/><V132/><F14/><RYUUKYOKU ba="1,2" sc="255,15,255,15,235,-15,235,-15" hai0="24,27,48,49,51,54,59,84,85,86,96,97,99" hai1="42,43,46,50,53,134,135" /><INIT seed="0,2,2,5,1,71" ten="270,270,220,220" oya="0" hai0="21,34,2,40,105,44,10,111,4,127,13,24,1" hai1="64,98,18,43,107,3,126,84,41,85,68,42,46" hai2="79,39,48,19,36,58,120,100,135,6,65,17,94" hai3="128,121,27,62,51,89,8,91,61,123,73,99,108"/><T118/><D118/><U25/><E3/><V78/><F120/><N who="3" m="46155" /><G73/><T56/><D105/><U54/><E126/><V116/><F116/><W5/><G108/><T0/><D127/><U35/><E54/><V129/><F6/><W60/><G128/><T113/><D113/><U86/><E18/><V66/><F129/><W37/><G51/><T69/><D69/><U122/><E122/><V45/><F94/><N who="3" m="56783" /><G91/><T26/><D111/><U72/><E72/><V63/><F100/><W9/><G27/><T112/><D112/><U101/><E46/><V31/><F31/><W50/><G50/><T53/><D26/><U15/><E15/><V132/><F48/><W47/><G5/><T117/><D117/><U30/><REACH who="1" step="1"/><E42/><AGARI ba="2,2" hai="8,9,37,42,47,60,61,62" m="56783,46155" machi="42" ten="30,2000,0" yaku="13,1,52,1" doraHai="71" who="3" fromWho="1" sc="270,0,270,-26,220,0,220,46" /><INIT seed="1,0,0,3,2,68" ten="270,244,220,266" oya="1" hai0="14,17,110,51,86,101,124,117,135,122,38,125,19" hai1="29,126,46,111,61,56,49,96,77,75,63,94,2" hai2="30,10,12,60,130,103,132,6,55,115,107,25,18" hai3="62,34,44,99,106,74,87,15,84,11,121,42,1"/><U129/><E126/><N who="0" m="48745" /><D117/><U0/><E129/><V58/><F130/><W72/><G121/><T5/><D122/><U33/><E63/><V3/><F132/><W98/><G34/><T50/><D110/><U82/><E111/><V26/><F115/><W113/><G1/><T118/><D118/><U90/><E29/><V81/><F81/><W131/><G131/><T7/><D101/><U43/><REACH who="1" step="1"/><E33/><REACH who="1" ten="270,234,220,266" step="2"/><V35/><F25/><W133/><G62/><T27/><D27/><U64/><AGARI ba="0,1" hai="0,2,43,46,49,56,61,64,75,77,82,90,94,96" machi="64" ten="20,7800,0" yaku="1,1,2,1,0,1,7,1,53,0" doraHai="68" doraHaiUra="134" who="1" fromWho="1" sc="270,-26,234,88,220,-26,266,-26" /><INIT seed="1,1,0,0,0,82" ten="244,322,194,240" oya="1" hai0="80,132,25,69,114,55,51,100,0,30,11,58,38" hai1="64,34,118,10,109,2,26,16,53,126,104,24,92" hai2="36,52,13,42,17,87,59,31,112,86,130,7,120" hai3="60,123,115,49,15,61,65,93,121,91,128,105,113"/><U122/><E118/><V68/><F130/><W32/><G105/><T44/><D114/><U89/><E104/><V47/><F120/><W108/><G32/><T99/><D132/><U27/><E122/><V90/><F112/><W81/><G81/><T133/><D133/><U103/><E34/><V96/><F68/><W76/><G76/><T6/><D69/><U84/><E64/><V28/><F7/><W43/><G15/><T48/><D80/><U98/><E126/><V41/><F42/><W46/><G91/><T20/><D38/><U107/><E109/><V45/><F45/><W71/><G93/><T95/><REACH who="0" step="1"/><D44/><REACH who="0" ten="234,322,194,240" step="2"/><U57/><E2/><V78/><F78/><W8/><G115/><T70/><D70/><U40/><E40/><V67/><F67/><W102/><G113/><T88/><D88/><U125/><E125/><V23/><F90/><W66/><G71/><T131/><D131/><U94/><E107/><V63/><REACH who="2" step="1"/><F96/><REACH who="2" ten="234,322,184,240" step="2"/><W14/><G66/><T119/><D119/><U75/><E98/><V85/><AGARI ba="1,2" hai="13,17,23,28,31,36,41,47,52,59,63,85,86,87" machi="85" ten="30,12000,2" yaku="1,1,2,1,0,1,52,3,54,1,53,0" doraHai="82" doraHaiUra="72" who="2" fromWho="2" sc="234,-31,322,-61,184,143,240,-31" /><INIT seed="2,0,0,5,4,41" ten="203,261,327,209" oya="2" hai0="121,48,76,99,30,33,9,25,75,92,70,36,110" hai1="18,107,67,98,61,8,21,109,94,37,42,78,46" hai2="114,111,39,20,7,64,15,117,19,50,133,38,11" hai3="80,84,35,81,131,27,91,44,28,5,129,85,135"/><V51/><F114/><W105/><G105/><T29/><D36/><U3/><E109/><V63/><F117/><W23/><G135/><T106/><D110/><U127/><E127/><V59/><F111/><W116/><G116/><T32/><D70/><U108/><E108/><V74/><F133/><W24/><G5/><T68/><D68/><U43/><E107/><V87/><F74/><W77/><REACH who="3" step="1"/><G44/><REACH who="3" ten="203,261,327,199" step="2"/><T69/><D106/><U34/><E46/><V55/><F38/><W71/><G71/><T104/><D69/><U31/><E37/><V123/><F39/><W128/><G128/><T4/><D104/><U122/><E122/><V40/><F123/><W132/><G132/><T54/><D121/><U120/><E120/><V65/><F7/><W118/><G118/><T93/><D99/><U6/><E98/><V95/><F59/><W90/><G90/><T56/><D76/><U58/><E78/><V125/><F125/><W14/><G14/><T72/><D75/><U17/><E6/><V134/><F15/><W0/><G0/><T13/><D72/><U126/><E3/><V124/><F134/><W83/><G83/><T2/><D13/><N who="1" m="7335" /><E126/><V113/><F124/><W52/><G52/><T66/><D66/><U102/><E67/><V82/><F64/><W60/><G60/><T79/><D79/><U97/><E61/><V89/><F65/><W22/><G22/><T12/><D2/><U53/><E58/><V88/><F63/><W62/><G62/><T119/><D119/><U10/><E53/><V96/><F55/><W101/><G101/><T26/><AGARI ba="0,1" hai="4,9,12,25,26,29,30,32,33,48,54,56,92,93" machi="26" ten="30,4000,0" yaku="5,1,0,1,9,1" doraHai="41" who="0" fromWho="0" sc="203,50,261,-10,327,-20,199,-10" /><INIT seed="3,0,0,1,2,2" ten="253,251,307,189" oya="3" hai0="52,121,28,63,16,22,55,73,19,35,103,31,51" hai1="120,77,91,108,1,45,113,17,30,41,42,131,125" hai2="86,23,34,88,101,123,94,107,78,0,129,13,135" hai3="62,60,118,117,72,99,65,82,80,44,25,92,71"/><W50/><G25/><T95/><D73/><U57/><E108/><V32/><F0/><W102/><G62/><T46/><D35/><U98/><E113/><V33/><F123/><W48/><G48/><T79/><D79/><U124/><E120/><V24/><F129/><W39/><G39/><T116/><D116/><U10/><E30/><V70/><F70/><W122/><G122/><T20/><D103/><U53/><E77/><V104/><F135/><W43/><REACH who="3" step="1"/><G72/><REACH who="3" ten="253,251,307,179" step="2"/><T97/><D121/><U27/><E131/><V109/><F24/><W93/><G93/><T130/><D130/><U133/><E133/><V110/><F109/><W64/><G64/><T47/><D63/><U18/><E27/><V11/><F110/><W54/><G54/><T8/><D51/><U126/><E42/><V105/><F104/><W38/><G38/><T68/><D95/><N who="1" m="56703" /><E41/><V15/><F107/><W89/><G89/><T59/><D68/><U114/><E114/><V87/><F105/><W61/><G61/><T21/><D55/><U85/><E45/><V26/><F101/><W14/><G14/><T74/><D74/><U58/><E53/><V9/><F15/><W56/><G56/><N who="1" m="21610" /><E1/><V119/><F13/><W112/><G112/><T7/><D47/><U12/><E18/><N who="0" m="6697" /><D46/><U3/><E3/><V29/><F119/><AGARI ba="0,1" hai="43,44,50,60,65,71,80,82,92,99,102,117,118,119" machi="119" ten="40,2000,0" yaku="1,1,53,0" doraHai="2" doraHaiUra="69" who="3" fromWho="2" sc="253,0,251,0,307,-20,179,30" /><INIT seed="3,1,0,1,2,111" ten="253,251,287,209" oya="3" hai0="70,75,14,67,84,92,29,33,110,68,88,128,135" hai1="13,2,59,41,80,10,104,114,39,133,53,107,58" hai2="62,77,46,97,43,48,113,27,65,61,21,93,72" hai3="132,81,34,120,86,56,28,85,100,17,40,76,51"/><W37/><G120/><T101/><D110/><U123/><E123/><V6/><F113/><W32/><G132/><T98/><D135/><U22/><E133/><V79/><F6/><W52/><G100/><T3/><D3/><U50/><E114/><V115/><F115/><W73/><G17/><T35/><D75/><U109/><E109/><V66/><F66/><W96/><G96/><T121/><D128/><U19/><E59/><N who="2" m="37055" /><F72/><W23/><G23/><T127/><D127/><U38/><E80/><V25/><F62/><W55/><G55/><T126/><D126/><U130/><E130/><V0/><F0/><W105/><G105/><T26/><D121/><U16/><E2/><V63/><F63/><W24/><REACH who="3" step="1"/><G32/><REACH who="3" ten="253,251,287,199" step="2"/><T11/><D35/><U106/><REACH who="1" step="1"/><E41/><REACH who="1" ten="253,241,287,199" step="2"/><V57/><F43/><W118/><G118/><T64/><D70/><U90/><E90/><V47/><F21/><W82/><G82/><T125/><D68/><U134/><E134/><V102/><F25/><AGARI ba="1,2" hai="10,13,16,19,22,25,38,39,50,53,58,104,106,107" machi="25" ten="40,2600,0" yaku="1,1,54,1,53,0" doraHai="111" doraHaiUra="117" who="1" fromWho="2" sc="253,0,241,49,287,-29,199,0" /><INIT seed="4,0,0,0,0,21" ten="253,290,258,199" oya="0" hai0="123,133,48,86,49,25,113,45,119,78,3,1,28" hai1="52,41,95,13,33,58,62,27,112,73,50,94,56" hai2="79,109,20,98,114,135,63,117,40,34,18,102,37" hai3="29,67,120,88,26,106,39,19,99,91,36,84,15"/><T8/><D119/><U35/><E73/><V12/><F109/><W103/><G120/><T104/><D123/><U93/><E112/><V66/><F117/><W125/><G125/><T111/><D104/><U4/><E35/><V24/><F135/><W128/><G128/><T131/><D113/><U53/><E33/><V129/><F114/><W126/><G126/><T116/><D116/><U81/><E81/><V74/><F129/><W90/><G67/><T124/><D124/><U57/><E41/><V130/><F130/><W108/><G108/><T7/><D131/><U100/><E27/><V31/><F79/><W10/><REACH who="3" step="1"/><G84/><REACH who="3" ten="253,290,258,189" step="2"/><T47/><D111/><U9/><E57/><V80/><F74/><W87/><G87/><T55/><D86/><U44/><E58/><V71/><F80/><W23/><AGARI ba="0,1" hai="10,15,19,23,26,29,36,39,88,90,91,99,103,106" machi="23" ten="30,8000,1" yaku="1,1,0,1,52,1,54,1,53,1" doraHai="21" doraHaiUra="11" who="3" fromWho="3" sc="253,-40,290,-20,258,-20,189,90" /><INIT seed="5,0,0,3,1,10" ten="213,270,238,279" oya="1" hai0="134,115,81,79,108,84,74,50,52,113,70,123,14" hai1="58,54,9,48,4,53,62,71,109,93,102,73,99" hai2="68,126,46,120,31,135,129,16,55,111,49,117,124" hai3="78,94,61,127,96,92,2,133,18,91,100,24,59"/><U0/><E109/><V42/><F111/><W43/><G2/><T36/><D36/><U40/><E73/><V125/><F31/><W6/><G6/><T131/><D108/><U7/><E7/><V20/><F120/><W15/><G127/><T11/><D123/><U28/><E28/><V5/><F117/><W98/><G133/><T90/><D70/><U132/><E132/><V69/><F135/><W104/><G43/><T27/><D27/><U45/><REACH who="1" step="1"/><E71/><REACH who="1" ten="213,260,238,279" step="2"/><V121/><F5/><W85/><G18/><N who="0" m="8543" /><D134/><U67/><AGARI ba="0,1" hai="0,4,9,40,45,48,53,54,58,62,67,93,99,102" machi="67" ten="20,3900,0" yaku="1,1,0,1,7,1,53,0" doraHai="10" doraHaiUra="103" who="1" fromWho="1" sc="213,-13,260,49,238,-13,279,-13" owari="200,-30.0,309,40.9,225,-17.5,266,6.6" /></mjloggm>