<mjloggm ver="2.3"><GO type="225" lobby="0"/><UN n0="%E3%81%BF%E3%81%BF%E3%81%9A" n1="%6D%75%75%6D%75%72%61" n2="%72%69%6F%75%63%68%61%6E" n3="%E3%83%A9%E3%83%96%E3%83%AC%E3%83%BC" dan="16,17,17,18" rate="2134.72,2135.51,2182.78,2173.88" sx="M,F,M,M"/><TAIKYOKU oya="0"/><INIT seed="0,0,0,4,5,96" ten="250,250,250,250" oya="0" hai0="42,82,102,35,25,38,6,3,110,0,100,112,30" hai1="130,45,68,115,78,131,64,16,5,135,120,21,56" hai2="7,8,128,134,9,111,49,93,126,10,41,88,109" hai3="117,61,23,66,59,39,48,73,52,53,105,116,60"/><T19/><D112/><U107/><E120/><V40/><F126/><W101/><G73/><T62/><D110/><N who="2" m="41994" /><F128/><W71/><G39/><T91/><D62/><U57/><E115/><V67/><F134/><W32/><G32/><T1/><D6/><U122/><E122/><V50/><F67/><W58/><G23/><T4/><D4/><U123/><E123/><V54/><F7/><W18/><G18/><T63/><D19/><U80/><E135/><V89/><F93/><W85/><G85/><T17/><D17/><U72/><E107/><V103/><F103/><W29/><G29/><T87/><REACH who="0" step="1"/><D63/><REACH who="0" ten="240,250,250,250" step="2"/><N who="1" m="39967" /><E5/><V20/><F20/><W74/><G74/><T51/><D51/><N who="2" m="19466" /><F54/><W114/><G114/><T46/><AGARI ba="0,1" hai="0,1,3,25,30,35,38,42,46,82,87,91,100,102" machi="46" ten="40,12000,1" yaku="1,1,0,1,52,2,53,1" doraHai="96" doraHaiUra="83" who="0" fromWho="0" sc="240,130,250,-40,250,-40,250,-40" /><INIT seed="0,1,0,0,4,127" ten="370,210,210,210" oya="0" hai0="1,81,133,63,56,4,128,102,69,12,84,107,105" hai1="64,122,47,89,131,49,6,85,29,73,118,60,117" hai2="112,14,33,24,77,43,110,94,54,113,66,11,99" hai3="135,58,30,38,114,7,108,72,123,8,27,101,9"/><T70/><D1/><U82/><E122/><V96/><F110/><W124/><G108/><T134/><D4/><U78/><E131/><V61/><F43/><W125/><G72/><T93/><D12/><U13/><E29/><V71/><F77/><W121/><G38/><T65/><D93/><U34/><E34/><V76/><F76/><W104/><G114/><T132/><D128/><U126/><E126/><N who="3" m="48746" /><G58/><T5/><D5/><U45/><E45/><V21/><F33/><N who="3" m="20703" /><G135/><T111/><D111/><U23/><E73/><V98/><F94/><W31/><G31/><T80/><D102/><U42/><E89/><V79/><F79/><W50/><G50/><T22/><D22/><U75/><E75/><V37/><F37/><W68/><G68/><N who="0" m="26219" /><D84/><U106/><E106/><AGARI ba="1,0" hai="56,63,65,80,81,105,106,107,132,133,134" m="26219" machi="106" ten="40,2000,0" yaku="20,1" doraHai="127" who="0" fromWho="1" sc="370,23,210,-23,210,0,210,0" /><INIT seed="0,2,0,5,5,98" ten="393,187,210,210" oya="0" hai0="51,0,54,66,74,122,84,1,112,104,132,115,56" hai1="61,43,37,76,93,30,15,6,73,90,48,127,86" hai2="52,8,3,70,97,82,23,12,67,59,80,85,92" hai3="63,131,55,24,49,117,45,121,81,7,109,130,101"/><T5/><D74/><U9/><E127/><V96/><F3/><W53/><G117/><T33/><D122/><U133/><E133/><V65/><F23/><W95/><G109/><T129/><D33/><U16/><E37/><V31/><F31/><W79/><G7/><T123/><D123/><U40/><E30/><V38/><F38/><W118/><G118/><T87/><D104/><U29/><E29/><V111/><F70/><W124/><G124/><T88/><D132/><U62/><E6/><V75/><F75/><W99/><G24/><T41/><D41/><U134/><E134/><V114/><F114/><W110/><G110/><T4/><D66/><N who="2" m="25098" /><F85/><W78/><G121/><T60/><D60/><U34/><E34/><V39/><F39/><W26/><G26/><T22/><D22/><U47/><REACH who="1" step="1"/><E40/><REACH who="1" ten="393,177,210,210" step="2"/><V113/><F111/><W19/><G131/><T72/><D5/><U32/><E32/><V27/><F113/><W125/><G130/><T2/><D4/><U107/><E107/><V89/><F27/><W64/><G125/><T68/><D115/><U50/><E50/><N who="2" m="31127" /><F97/><W100/><G99/><T69/><D112/><U28/><E28/><V46/><F46/><W135/><G45/><T126/><D126/><U17/><E17/><AGARI ba="2,1" hai="8,12,17,80,82,89,92,96" m="31127,25098" machi="17" ten="30,2000,0" yaku="8,1,54,1" doraHai="98" who="2" fromWho="1" sc="393,0,177,-26,210,36,210,0" /><INIT seed="1,0,0,2,2,86" ten="393,151,246,210" oya="1" hai0="42,132,45,69,12,117,129,6,135,109,15,92,127" hai1="60,2,89,34,8,95,99,106,124,72,71,88,33" hai2="133,21,94,81,107,83,80,112,74,38,76,20,134" hai3="14,51,119,87,98,26,46,126,63,102,31,125,25"/><U29/><E72/><V97/><F38/><W67/><G14/><T41/><D117/><U56/><E124/><N who="3" m="47722" /><G87/><T43/><D127/><U9/><E71/><V100/><F112/><W91/><G119/><T82/><D69/><U75/><E75/><V47/><F47/><W27/><G102/><T40/><D109/><U53/><E106/><V22/><REACH who="2" step="1"/><F94/><REACH who="2" ten="393,151,236,210" step="2"/><N who="3" m="56671" /><G31/><T121/><D92/><U115/><E115/><V13/><F13/><W103/><G103/><T16/><D12/><U118/><E118/><V52/><F52/><N who="3" m="29815" /><G27/><T50/><D41/><U108/><E108/><V122/><F122/><W120/><G120/><T35/><D121/><U18/><E2/><V23/><N who="2" m="5120" /><DORA hai="57" /><V73/><F73/><W24/><G24/><T104/><D42/><U84/><E29/><V3/><F3/><W78/><G78/><T59/><D40/><U128/><E128/><V130/><F130/><W39/><G39/><T36/><D36/><U62/><E18/><V65/><F65/><W44/><G44/><T37/><D37/><U116/><E116/><V114/><F114/><W93/><G93/><T11/><D43/><U85/><E33/><V64/><F64/><W70/><AGARI ba="0,1" hai="25,26,63,67,70" m="29815,56671,47722" machi="70" ten="30,7900,0" yaku="18,1,52,2,54,1" doraHai="86,57" who="3" fromWho="3" sc="393,-20,151,-39,236,-20,210,89" /><INIT seed="2,0,0,5,3,54" ten="373,112,216,299" oya="2" hai0="35,4,99,29,126,115,59,36,13,85,94,65,19" hai1="92,116,60,112,121,66,86,117,88,90,118,76,101" hai2="96,3,125,18,22,130,124,107,37,16,93,69,103" hai3="6,12,78,104,133,77,32,108,8,47,20,123,23"/><V119/><F119/><W9/><G123/><T30/><D115/><U5/><E112/><V79/><F130/><W33/><G104/><T106/><D36/><U42/><E121/><V34/><F34/><W55/><G47/><T67/><D126/><N who="2" m="48746" /><F69/><W83/><G55/><T113/><D113/><U114/><E114/><V70/><F70/><W51/><G51/><T53/><D106/><U28/><E42/><V61/><F37/><W62/><G62/><N who="0" m="36207" /><D4/><U27/><E101/><V89/><F3/><W82/><G12/><T41/><D85/><U7/><E90/><V109/><F109/><W43/><G6/><T129/><D41/><U63/><E76/><V120/><F120/><W87/><G43/><T40/><D40/><U132/><E132/><V56/><F79/><W49/><G49/><T45/><D45/><U95/><E95/><V39/><F39/><W110/><G87/><T84/><D84/><U21/><REACH who="1" step="1"/><E60/><REACH who="1" ten="373,102,216,299" step="2"/><V58/><F61/><W73/><G133/><T14/><D129/><U57/><AGARI ba="0,1" hai="5,7,21,27,28,57,63,66,86,88,92,116,117,118" machi="57" ten="30,8000,1" yaku="1,1,2,1,0,1,52,1,54,1,53,0" doraHai="54" doraHaiUra="102" who="1" fromWho="1" sc="373,-20,102,90,216,-40,299,-20" /><INIT seed="3,0,0,5,1,15" ten="353,192,176,279" oya="3" hai0="62,113,17,69,81,20,44,8,27,117,52,106,36" hai1="61,96,72,109,83,124,100,118,43,4,128,82,41" hai2="86,7,59,12,120,40,66,64,34,89,95,28,50" hai3="71,134,29,13,80,54,75,14,19,32,93,46,6"/><W123/><G71/><T60/><D117/><U132/><E118/><V121/><F28/><W78/><G123/><N who="2" m="47177" /><F34/><W53/><G134/><T127/><D106/><U85/><E132/><V98/><F98/><W104/><G104/><T135/><D135/><U47/><E109/><V131/><F131/><W1/><G1/><T94/><D127/><U39/><E128/><V103/><F103/><W30/><G46/><T129/><D129/><U79/><E124/><V74/><F74/><W26/><G30/><T35/><D35/><U125/><E125/><V111/><F111/><W18/><G6/><T84/><D113/><U48/><E4/><V68/><F68/><W24/><G24/><T99/><D69/><U110/><E110/><V63/><F50/><W33/><G33/><T105/><D105/><U37/><E61/><V108/><F108/><W25/><G25/><T2/><D8/><U119/><E119/><V49/><F49/><W55/><G93/><T42/><D52/><U73/><E72/><V0/><F40/><W23/><G55/><T116/><D116/><U77/><E41/><V56/><F0/><W16/><G19/><T45/><D45/><U70/><E70/><N who="2" m="42271" /><F66/><W115/><G115/><T101/><D2/><U97/><E97/><V130/><F130/><W51/><G51/><T22/><D22/><AGARI ba="0,0" hai="13,14,16,18,22,23,26,29,32,53,54,75,78,80" machi="22" ten="30,12000,1" yaku="7,1,9,1,52,2,54,1" doraHai="15" who="3" fromWho="0" sc="353,-120,192,0,176,0,279,120" owari="233,3.3,192,-20.8,176,-32.4,399,49.9" /></mjloggm>