<mjloggm ver="2.3"><GO type="225" lobby="0"/><UN n0="%E6%B4%BE%E9%81%A3%E3%81%AE%E3%82%B8%E3%83%A3%E3%83%83%E3%82%AF" n1="%E3%82%B3%E3%83%90%E3%83%AC%E3%82%A4" n2="%E5%B8%86%E7%AB%8B%E5%A4%8F%E8%A1%A3" n3="%E3%81%BE%E3%81%A8%E3%81%9F" dan="17,16,16,17" rate="2236.72,2066.73,2146.75,2221.76" sx="M,M,M,M"/><TAIKYOKU oya="0"/><INIT seed="0,0,0,1,1,108" ten="250,250,250,250" oya="0" hai0="130,48,128,51,118,20,107,103,33,41,69,12,114" hai1="66,25,49,64,6,56,129,105,75,77,123,124,22" hai2="70,24,80,79,9,72,106,61,34,59,122,97,131" hai3="96,90,113,13,27,74,67,81,126,5,0,50,115"/><T53/><D69/><U8/><E105/><V15/><F59/><W119/><G119/><T83/><D33/><U63/><E123/><V89/><F89/><W110/><G0/><T84/><D118/><U82/><E124/><V135/><F135/><W7/><G126/><T102/><D41/><U104/><E49/><V47/><F47/><W46/><G110/><T65/><D65/><U95/><E95/><V60/><F60/><W100/><G67/><T58/><D51/><U31/><E104/><V62/><F62/><W98/><G27/><T111/><D111/><U42/><E42/><V71/><F71/><W1/><G1/><T40/><D40/><U73/><E66/><V109/><F109/><W112/><G13/><T2/><D2/><U18/><E129/><N who="0" m="49769" /><D107/><U76/><E76/><V116/><F131/><W94/><G98/><T55/><D55/><U132/><E132/><V92/><F116/><W44/><G44/><T52/><D53/><U19/><E75/><V28/><F70/><W32/><G32/><T10/><D20/><U30/><E64/><V127/><F106/><W87/><REACH who="3" step="1"/><G74/><REACH who="3" ten="250,250,250,240" step="2"/><T101/><D12/><U21/><E73/><V57/><F127/><W86/><G86/><T68/><D68/><U78/><E25/><V133/><F133/><W38/><G38/><T91/><D10/><U14/><E8/><V39/><F39/><W17/><G17/><T16/><D16/><U4/><E19/><N who="2" m="8687" /><F57/><W37/><G37/><T121/><D121/><U23/><E56/><V120/><F61/><W93/><G93/><T35/><D35/><U45/><E63/><RYUUKYOKU ba="0,1" sc="250,10,250,-30,250,10,240,10" hai0="48,52,58,83,84,91,101,102,103,114" hai2="24,28,34,72,79,80,92,97,120,122" hai3="5,7,46,50,81,87,90,94,96,100,112,113,115" /><INIT seed="0,1,1,5,0,78" ten="260,220,260,250" oya="0" hai0="85,93,25,127,132,10,70,130,12,22,79,58,9" hai1="101,24,60,0,118,63,38,116,39,88,74,92,94" hai2="59,122,128,26,21,87,14,83,84,41,16,13,57" hai3="115,65,100,18,45,36,49,69,40,1,47,51,105"/><T125/><D70/><U3/><E74/><V7/><F128/><W4/><G115/><T48/><D130/><U98/><E24/><V133/><F122/><W6/><G36/><T23/><D132/><U64/><E98/><V17/><F41/><W73/><G73/><T55/><D25/><U121/><E101/><V108/><F108/><W135/><G135/><T37/><D37/><U52/><E64/><V109/><F109/><W80/><G18/><N who="0" m="10567" /><D23/><U99/><E99/><V97/><F133/><W15/><G15/><N who="2" m="5641" /><F7/><W106/><G65/><T134/><D134/><U90/><REACH who="1" step="1"/><E52/><REACH who="1" ten="260,210,260,250" step="2"/><V20/><F26/><W67/><G100/><T61/><D55/><U114/><E114/><V62/><F97/><W30/><G67/><T5/><D5/><U81/><E81/><V111/><F111/><W91/><G6/><T71/><D9/><U131/><E131/><V42/><F20/><W86/><G4/><T28/><D10/><U126/><E126/><V19/><F21/><W56/><G80/><T124/><D124/><U76/><E76/><N who="2" m="46183" /><F87/><W95/><G86/><T102/><D85/><U43/><E43/><V77/><F42/><W117/><G40/><T104/><D125/><U33/><E33/><V29/><F77/><W123/><G95/><T66/><D79/><U34/><E34/><V75/><F75/><W54/><G54/><N who="0" m="32071" /><D93/><U11/><E11/><V2/><F29/><W53/><G30/><T8/><D28/><U31/><E31/><V129/><F129/><W27/><G27/><T89/><D127/><U112/><E112/><V35/><F35/><W113/><G113/><RYUUKYOKU ba="1,2" sc="260,-10,210,30,260,-10,250,-10" hai1="0,3,38,39,60,63,88,90,92,94,116,118,121" /><INIT seed="1,2,2,5,0,17" ten="250,240,250,240" oya="1" hai0="20,54,107,93,112,122,46,39,44,14,133,74,84" hai1="102,57,26,37,22,29,19,18,124,113,40,94,45" hai2="104,105,83,115,81,13,79,111,11,125,95,86,96" hai3="106,98,90,131,118,23,66,41,2,6,65,91,68"/><U21/><E113/><V31/><F31/><W97/><G131/><T55/><D74/><U5/><E124/><V58/><F58/><W12/><G118/><T69/><D107/><N who="2" m="41034" /><F13/><W56/><G68/><T70/><D112/><U48/><E5/><V100/><F11/><W0/><G0/><T43/><D122/><U101/><E29/><V116/><F115/><W42/><G2/><T121/><D121/><U120/><E120/><V1/><F1/><W30/><G106/><T73/><D73/><U92/><E57/><V8/><F8/><N who="3" m="4119" /><G97/><T60/><D133/><U132/><E37/><V38/><F111/><W87/><G98/><T9/><D9/><U135/><E132/><V33/><F33/><W75/><G75/><T53/><D46/><U71/><E71/><V99/><F125/><W16/><G30/><T50/><D39/><U52/><E40/><N who="3" m="15466" /><G56/><N who="0" m="34847" /><D70/><U78/><E135/><V72/><F116/><W126/><G126/><T85/><D69/><U59/><E59/><V34/><F34/><W119/><G119/><T3/><D3/><U76/><E102/><N who="2" m="60703" /><F38/><W89/><G87/><T32/><D84/><U67/><E67/><V47/><F47/><W63/><G63/><T49/><D32/><U61/><E61/><V77/><F99/><W36/><G36/><T82/><D50/><U108/><E108/><V24/><F100/><W62/><G62/><T128/><D43/><U129/><E101/><V127/><F127/><W35/><G35/><T64/><D64/><U4/><E48/><V27/><F72/><W117/><G117/><T25/><D49/><U109/><E109/><RYUUKYOKU ba="2,2" sc="250,-15,240,-15,250,15,240,15" hai2="24,27,77,79,81,83,86" hai3="16,23,65,66,89,90,91" /><INIT seed="2,3,2,5,2,86" ten="235,225,265,255" oya="2" hai0="123,109,129,84,82,100,7,135,128,67,6,60,96" hai1="44,75,87,81,62,56,4,101,124,107,125,78,95" hai2="38,25,65,47,34,20,49,5,92,133,18,85,118" hai3="10,103,57,28,1,70,23,88,36,48,30,12,43"/><V98/><F133/><W0/><G70/><T105/><D109/><U76/><E4/><V71/><F118/><W120/><G36/><T40/><D40/><U97/><E44/><V134/><F134/><W110/><G120/><T27/><D27/><U73/><E62/><V24/><F38/><W46/><G103/><T39/><D39/><U121/><E56/><V15/><F85/><W69/><G69/><N who="0" m="42215" /><D123/><U117/><E121/><V35/><F65/><W113/><G0/><T74/><D74/><U3/><E3/><V17/><F71/><W114/><G1/><T108/><D135/><U91/><E117/><V93/><F5/><N who="3" m="3151" /><G23/><T122/><D122/><U130/><E130/><N who="0" m="50281" /><D108/><U116/><E116/><V32/><F18/><W111/><G57/><T119/><D119/><U54/><E54/><V99/><F47/><W2/><G2/><T66/><D66/><U52/><E52/><V8/><F20/><W106/><G106/><T14/><D14/><U64/><E64/><V26/><F49/><W94/><G110/><T68/><D68/><U29/><E29/><V126/><F126/><N who="1" m="48745" /><E78/><AGARI ba="3,2" hai="6,7,78,82,84,96,100,105" m="50281,42215" machi="78" ten="30,1000,0" yaku="19,1" doraHai="86" who="0" fromWho="1" sc="235,39,225,-19,265,0,255,0" /><INIT seed="3,0,0,3,4,42" ten="274,206,265,255" oya="3" hai0="103,2,116,21,111,80,36,34,109,104,135,81,50" hai1="59,67,127,84,12,75,26,73,88,48,63,35,43" hai2="17,62,98,1,71,112,39,28,4,115,100,114,97" hai3="32,38,123,52,0,44,106,125,46,93,133,30,10"/><W37/><G123/><T99/><D34/><U105/><E105/><V23/><F28/><W96/><G106/><T24/><D2/><U78/><E78/><V47/><F4/><W49/><G133/><T27/><D36/><U19/><E127/><V122/><F1/><W124/><G30/><T134/><D116/><U66/><E66/><V53/><F122/><W25/><G25/><N who="0" m="9803" /><D50/><U119/><E119/><V120/><F120/><W51/><G32/><T126/><D21/><U5/><E5/><V117/><F98/><W18/><G0/><T6/><D6/><U110/><E110/><N who="0" m="41993" /><D126/><N who="3" m="48745" /><G18/><T55/><D55/><U118/><E118/><V8/><F117/><W16/><G16/><T33/><D33/><U87/><E26/><V64/><F23/><W92/><G10/><T91/><D91/><U108/><E108/><V3/><F17/><W56/><G56/><T58/><D58/><U95/><E35/><V107/><F3/><W74/><G74/><T86/><D86/><U121/><E87/><V70/><F8/><W89/><G93/><T131/><D131/><U57/><E121/><V40/><F71/><W54/><AGARI ba="0,0" hai="37,38,44,46,49,51,52,54,89,92,96" m="48745" machi="54" ten="30,11700,0" yaku="18,1,52,2,54,1" doraHai="42" who="3" fromWho="3" sc="274,-39,206,-39,265,-39,255,117" owari="235,3.5,167,-33.3,226,-17.4,372,47.2" /></mjloggm>