<mjloggm ver="2.3"><GO type="225" lobby="0"/><UN n0="%E8%B1%86%59%E5%A4%AA%E9%83%8E" n1="%E3%82%B2%E3%82%B9%E8%8C%82%E5%8B%9D" n2="%E3%83%97%E3%83%AC%E3%83%B4%E3%82%A1%E3%83%86%E3%82%A3" n3="%6D%75%75%6D%75%72%61" dan="16,16,16,16" rate="2032.11,2059.03,2133.20,2131.57" sx="M,F,F,F"/><TAIKYOKU oya="0"/><INIT seed="0,0,0,3,0,32" ten="250,250,250,250" oya="0" hai0="17,64,63,16,2,122,94,18,73,133,62,30,121" hai1="43,24,81,91,95,66,128,101,105,99,76,68,25" hai2="111,82,27,10,106,55,75,44,41,12,84,132,98" hai3="90,117,72,22,58,135,29,9,114,59,37,52,4"/><T125/><D73/><U118/><E128/><V33/><F111/><W93/><G114/><T39/><D39/><U26/><E118/><V15/><F132/><W124/><G117/><T54/><D30/><U35/><E43/><V65/><F75/><W60/><G72/><T48/><D133/><U8/><E8/><V120/><F120/><W88/><G37/><T71/><D63/><U20/><E35/><V112/><F112/><W19/><G29/><T34/><D34/><U134/><E134/><V23/><F33/><W45/><G45/><T100/><D2/><U51/><E51/><V47/><F65/><W21/><G124/><T57/><REACH who="0" step="1"/><D125/><REACH who="0" ten="240,250,250,250" step="2"/><U80/><E68/><V87/><F41/><W5/><G60/><T0/><D0/><U31/><E66/><V77/><BYE who="1" /><F55/><W79/><G52/><T131/><D131/><U96/><E96/><AGARI ba="0,1" hai="16,17,18,48,54,57,62,64,71,94,96,100,121,122" machi="96" ten="40,12000,1" yaku="1,1,54,1,53,3" doraHai="32" doraHaiUra="13" who="0" fromWho="1" sc="240,130,250,-120,250,0,250,0" /><UN n1="%E3%82%B2%E3%82%B9%E8%8C%82%E5%8B%9D" /><INIT seed="0,1,0,0,4,85" ten="370,130,250,250" oya="0" hai0="104,50,13,98,52,97,30,26,69,113,39,22,16" hai1="118,114,58,33,32,94,81,132,123,43,34,14,117" hai2="88,5,37,72,63,24,48,106,10,90,51,110,56" hai3="70,40,74,116,84,20,115,44,11,93,76,108,107"/><T46/><D69/><U2/><E2/><V21/><F37/><W36/><G115/><T29/><D113/><U19/><E123/><V77/><F106/><W35/><G116/><T17/><D39/><U122/><E122/><V55/><F110/><W60/><G35/><T109/><D109/><U65/><E114/><V124/><F124/><W105/><G108/><T87/><D87/><U102/><E132/><V125/><F125/><W42/><G42/><T75/><D75/><U89/><E43/><V100/><F100/><W129/><G129/><T1/><D1/><U71/><E71/><V15/><F72/><W67/><G20/><T103/><D98/><U25/><E81/><V6/><F77/><W128/><G128/><T96/><D97/><U127/><E102/><V82/><F82/><W18/><G74/><T121/><D121/><U23/><E127/><V4/><F51/><W78/><G78/><T68/><D68/><U41/><E41/><V0/><F0/><W126/><G126/><T111/><D111/><U83/><E83/><V54/><F4/><W130/><G76/><T61/><D61/><U66/><E117/><V80/><F5/><W45/><G130/><T73/><D73/><U49/><E118/><V92/><F80/><W8/><G44/><T101/><D101/><U79/><E79/><V59/><F92/><W134/><G134/><T7/><D7/><U99/><REACH who="1" step="1"/><E25/><REACH who="1" ten="370,120,250,250" step="2"/><V3/><F3/><W27/><G27/><T38/><D38/><U133/><E133/><V95/><F95/><W47/><G36/><T119/><D119/><U91/><E91/><RYUUKYOKU ba="1,1" sc="370,10,120,10,250,10,250,-30" hai0="13,16,17,22,26,29,30,46,50,52,96,103,104" hai1="14,19,23,32,33,34,49,58,65,66,89,94,99" hai2="6,10,15,21,24,48,54,55,56,59,63,88,90" /><INIT seed="0,2,1,0,2,28" ten="380,130,260,220" oya="0" hai0="27,110,49,88,8,101,77,92,20,116,55,86,70" hai1="123,18,74,38,69,7,80,79,37,84,30,66,35" hai2="60,21,17,87,75,109,78,10,31,64,130,16,23" hai3="82,125,127,102,111,34,81,120,67,135,96,98,112"/><T11/><D70/><U65/><E123/><V114/><F114/><W133/><G112/><T71/><D71/><U41/><E18/><V47/><F109/><W22/><G67/><T121/><D116/><U83/><E69/><V1/><F75/><W97/><G22/><T72/><D110/><U90/><E37/><V59/><F130/><W63/><G63/><T0/><D101/><U44/><REACH who="1" step="1"/><E7/><REACH who="1" ten="380,120,260,220" step="2"/><V93/><F31/><W14/><G120/><T91/><D121/><U131/><E131/><V43/><F21/><W129/><G111/><T52/><D20/><U40/><E40/><V2/><F10/><W124/><G129/><T100/><D11/><U105/><E105/><V62/><F17/><W9/><G9/><T19/><D19/><U115/><E115/><V6/><F6/><W15/><G34/><T13/><D8/><U50/><E50/><V53/><F1/><W73/><G102/><T126/><D49/><U32/><E32/><V24/><F2/><W12/><G73/><T103/><D72/><U104/><E104/><V134/><F43/><W118/><G118/><T51/><D51/><U122/><E122/><V54/><F62/><W107/><G107/><T99/><D0/><U56/><E56/><V48/><F134/><AGARI ba="2,2" hai="12,14,15,81,82,96,97,98,124,125,127,133,134,135" machi="134" ten="50,12000,2" yaku="29,2,28,2,18,1,20,1" doraHai="28" who="3" fromWho="2" sc="380,0,120,0,260,-126,220,146" /><INIT seed="1,0,0,2,3,87" ten="380,120,134,366" oya="1" hai0="65,133,28,70,10,3,0,95,106,123,112,51,29" hai1="75,92,5,57,118,89,69,125,107,81,85,119,96" hai2="47,13,42,74,41,8,11,33,97,61,93,54,18" hai3="78,22,7,27,38,114,62,88,132,53,108,50,76"/><U32/><E125/><V66/><F74/><W79/><G38/><T44/><D106/><U46/><E69/><V15/><F33/><W104/><G114/><T35/><D133/><U128/><E32/><V102/><F54/><W84/><G104/><T134/><D123/><U126/><E128/><V127/><F127/><W49/><G108/><T37/><D37/><U103/><E126/><V1/><F1/><W130/><G132/><T77/><D77/><N who="1" m="44223" /><E46/><V21/><F47/><W25/><G130/><T43/><D112/><U115/><E115/><V110/><F110/><W113/><G7/><T36/><D36/><U105/><E5/><V14/><F8/><W64/><G113/><T120/><D3/><U86/><E107/><V24/><REACH who="2" step="1"/><F11/><REACH who="2" ten="380,120,124,366" step="2"/><W90/><G53/><T131/><D35/><U17/><E57/><AGARI ba="0,1" hai="13,14,15,18,21,24,41,42,57,61,66,93,97,102" machi="57" ten="40,8000,1" yaku="1,1,2,1,8,1,53,1" doraHai="87" doraHaiUra="63" who="2" fromWho="1" sc="380,0,120,-80,124,90,366,0" /><INIT seed="2,0,0,1,2,102" ten="380,40,214,366" oya="2" hai0="37,100,101,122,24,15,50,118,27,23,96,134,77" hai1="70,49,29,51,109,120,58,48,18,0,46,57,68" hai2="11,5,16,132,54,114,43,33,104,69,93,80,108" hai3="112,35,19,121,97,111,116,65,76,78,31,82,9"/><V61/><F114/><W3/><G116/><T32/><D37/><U129/><E0/><V75/><F33/><W113/><G121/><T74/><D122/><U56/><E29/><V106/><F132/><W127/><G111/><T1/><D101/><U20/><E120/><V123/><F123/><W103/><G127/><T14/><D1/><U21/><E109/><V115/><F115/><N who="3" m="44107" /><G65/><T13/><D134/><U90/><E46/><V124/><F124/><W92/><G82/><T86/><D74/><U94/><E129/><V79/><F108/><W2/><G19/><T52/><D32/><U73/><E73/><V44/><F93/><W26/><G3/><T30/><D24/><U67/><E18/><V53/><F16/><W12/><G12/><T63/><D63/><U99/><REACH who="1" step="1"/><E67/><REACH who="1" ten="380,30,214,366" step="2"/><N who="2" m="41199" /><F53/><W135/><G135/><T126/><D126/><U128/><E128/><V4/><F54/><W62/><G2/><T41/><D41/><U8/><E8/><V42/><F4/><W105/><G9/><T84/><D118/><U45/><E45/><V28/><F5/><W25/><G31/><T60/><D60/><U34/><E34/><V36/><F11/><W66/><G35/><T87/><D77/><N who="3" m="29801" /><G62/><T110/><D110/><U85/><E85/><V91/><F28/><W55/><G66/><T40/><D40/><U119/><E119/><V39/><F91/><N who="3" m="55455" /><G55/><T131/><D131/><U95/><E95/><V125/><F125/><W88/><G88/><T130/><D130/><U17/><E17/><V98/><F98/><AGARI ba="0,1" hai="25,26,98,103,105" m="55455,29801,44107" machi="98" ten="30,2000,0" yaku="11,1,52,1" doraHai="102" who="3" fromWho="2" sc="380,0,30,0,214,-20,366,30" /><INIT seed="3,0,0,3,1,80" ten="380,30,194,396" oya="3" hai0="95,56,117,135,50,99,43,62,86,128,49,87,97" hai1="28,134,29,20,110,84,19,121,52,82,60,6,40" hai2="73,100,13,68,14,0,58,48,92,66,32,51,57" hai3="21,33,3,131,125,11,79,23,90,55,109,75,98"/><W101/><G33/><T63/><D117/><U22/><E110/><V67/><F0/><W93/><G109/><T69/><D128/><U105/><E134/><V47/><F32/><W24/><G131/><T104/><D135/><U103/><E121/><V133/><F73/><W46/><G125/><T70/><D104/><U36/><E6/><V10/><F133/><W112/><G112/><T2/><D2/><U88/><E36/><V123/><F123/><W114/><G114/><T85/><D43/><U122/><E122/><V16/><F68/><N who="0" m="26218" /><D95/><U111/><E111/><V12/><F100/><W127/><G127/><T120/><D56/><U83/><E40/><V4/><F92/><N who="3" m="58567" /><G75/><T113/><D120/><U126/><E126/><V118/><F118/><W1/><G79/><T77/><D77/><U124/><E124/><V102/><F102/><W17/><G3/><T5/><D5/><U132/><E132/><V31/><F31/><N who="1" m="11849" /><E105/><V35/><F35/><W25/><G1/><T54/><D54/><U81/><E103/><V26/><F26/><N who="3" m="14639" /><G11/><T38/><D38/><U115/><E115/><V39/><F39/><W107/><G107/><T61/><D113/><U41/><E22/><V8/><F4/><W78/><G78/><T37/><D37/><U27/><E41/><V129/><F129/><W72/><G72/><T116/><D116/><U71/><E71/><V89/><F8/><W65/><G65/><T74/><D74/><U30/><N who="1" m="11857" /><U64/><DORA hai="94" /><E64/><V119/><F67/><W9/><G9/><T42/><D42/><U15/><E27/><V59/><F66/><RYUUKYOKU ba="0,0" sc="380,15,30,15,194,-15,396,-15" hai0="49,50,61,62,63,85,86,87,97,99" hai1="15,19,20,52,60,81,82,83,84,88" owari="395,49.5,45,-45.5,179,-22.1,381,18.1" /></mjloggm>