<mjloggm ver="2.3"><GO type="225" lobby="0"/><UN n0="%E6%A1%9C%E8%8A%B1%E9%96%83%E3%80%85" n1="%72%69%6F%75%63%68%61%6E" n2="%E3%83%B4%E3%83%A0%EF%BC%99%E3%81%A6" n3="%73%6C%69%63%6B%33%31%39" dan="18,17,17,16" rate="2232.27,2254.51,2180.21,2199.77" sx="M,M,M,M"/><TAIKYOKU oya="0"/><INIT seed="0,0,0,4,1,65" ten="250,250,250,250" oya="0" hai0="117,58,133,20,109,84,28,74,53,79,98,41,18" hai1="46,23,63,52,45,50,1,42,128,126,83,131,120" hai2="47,19,36,64,15,57,8,9,49,82,12,91,43" hai3="44,72,116,104,5,75,81,124,70,99,118,61,26"/><T40/><D40/><BYE who="0" /><UN n0="%E6%A1%9C%E8%8A%B1%E9%96%83%E3%80%85" /><U30/><E1/><V13/><F36/><W80/><G5/><T66/><D117/><U16/><E120/><V97/><F8/><W135/><G44/><T107/><D74/><N who="3" m="28201" /><G26/><T39/><D133/><U115/><E126/><V108/><F108/><W33/><G33/><T102/><D109/><U132/><E132/><V103/><F103/><N who="3" m="62591" /><G61/><T22/><D66/><U55/><E115/><V87/><F97/><W94/><G70/><T17/><D84/><U2/><E83/><N who="3" m="31818" /><G135/><T51/><D79/><U110/><E110/><V129/><F15/><W59/><G59/><T105/><D28/><U125/><E125/><V85/><F13/><W127/><G124/><T24/><D41/><U7/><E30/><V134/><F134/><W37/><G37/><T34/><D39/><U111/><E111/><V73/><F73/><W32/><G32/><T96/><D34/><U92/><E92/><N who="2" m="54383" /><F57/><W86/><G127/><T90/><D105/><U38/><E63/><V100/><F64/><W71/><G71/><T122/><D22/><U95/><E95/><V3/><F3/><W77/><G77/><T27/><D27/><U48/><E42/><V113/><F43/><W21/><G21/><T123/><D17/><U25/><REACH who="1" step="1"/><E38/><REACH who="1" ten="250,240,250,250" step="2"/><V89/><F82/><W93/><G93/><N who="0" m="56375" /><D123/><U11/><AGARI ba="0,1" hai="2,7,11,16,23,25,45,46,48,50,52,55,128,131" machi="11" ten="30,8000,1" yaku="1,1,0,1,9,1,54,2,53,0" doraHai="65" doraHaiUra="114" who="1" fromWho="1" sc="250,-40,240,90,250,-20,250,-20" /><INIT seed="1,0,0,1,1,51" ten="210,330,230,230" oya="1" hai0="22,46,20,0,86,24,110,40,38,16,82,116,112" hai1="37,78,14,3,7,76,89,124,59,111,63,42,18" hai2="92,61,43,15,9,85,57,6,19,60,27,29,41" hai3="117,118,69,129,52,94,68,66,102,84,115,127,125"/><U123/><E123/><V119/><F119/><N who="3" m="45579" /><G115/><T77/><D116/><U33/><E124/><N who="3" m="47690" /><G66/><T114/><D110/><U95/><E33/><V58/><F6/><W35/><G35/><T101/><D0/><U128/><E128/><V87/><F87/><W96/><G129/><T49/><D101/><U28/><E111/><V81/><F92/><W99/><G84/><T108/><D108/><U56/><E28/><V39/><F39/><W31/><G31/><T64/><D64/><U71/><E71/><V72/><F72/><W109/><G109/><T11/><D11/><U12/><E3/><V105/><F105/><W74/><G74/><T113/><REACH who="0" step="1"/><D22/><REACH who="0" ten="200,330,230,230" step="2"/><N who="1" m="11591" /><E37/><AGARI ba="0,1" hai="16,20,24,37,38,40,46,49,77,82,86,112,113,114" machi="37" ten="40,2600,0" yaku="1,1,54,1,53,0" doraHai="51" doraHaiUra="97" who="0" fromWho="1" sc="200,36,330,-26,230,0,230,0" /><INIT seed="2,0,0,4,3,19" ten="236,304,230,230" oya="2" hai0="38,24,21,106,56,96,76,114,48,37,49,93,125" hai1="116,60,35,26,32,67,17,15,59,86,16,36,122" hai2="92,42,11,9,52,18,12,28,6,64,99,81,126" hai3="1,20,117,112,3,74,77,53,13,2,62,57,111"/><V30/><F126/><W5/><G111/><T129/><D114/><U105/><E116/><V94/><F42/><W69/><G117/><T110/><D106/><U78/><E36/><V79/><F64/><W120/><G120/><T58/><D110/><U118/><E118/><V103/><F92/><W27/><G112/><T72/><D125/><U127/><E127/><V29/><F52/><W63/><G77/><T14/><D129/><U23/><E105/><V132/><F132/><W0/><G74/><T115/><D115/><U33/><E122/><V104/><F104/><W119/><G119/><T46/><D14/><U47/><E47/><V54/><F54/><W75/><G75/><T40/><D76/><U97/><E97/><V34/><F34/><W102/><G102/><T109/><D72/><U61/><E60/><V128/><F128/><W131/><G131/><T45/><D38/><U134/><E134/><V88/><F103/><W87/><G87/><T100/><D109/><U68/><E68/><V73/><REACH who="2" step="1"/><F28/><REACH who="2" ten="236,304,220,230" step="2"/><W44/><G44/><T135/><D135/><U98/><E35/><V55/><F55/><W41/><G41/><N who="0" m="24655" /><D37/><U25/><E32/><V80/><F80/><W7/><G62/><T123/><D123/><U85/><E33/><V66/><F66/><W22/><G63/><T43/><D43/><U121/><E121/><V39/><F39/><W4/><G53/><T51/><D51/><U70/><E67/><V31/><F31/><AGARI ba="0,1" hai="21,24,31,40,45,49,56,58,93,96,100" m="24655" machi="31" ten="30,2000,0" yaku="8,1,52,1" doraHai="19" who="0" fromWho="2" sc="236,30,304,0,220,-20,230,0" /><INIT seed="3,0,0,1,1,30" ten="266,304,200,230" oya="3" hai0="99,93,33,109,68,67,11,40,44,8,121,94,62" hai1="95,22,53,7,10,112,73,32,45,107,24,50,64" hai2="51,15,26,6,36,122,106,105,21,135,48,43,14" hai3="83,127,39,81,13,113,16,90,5,110,49,92,18"/><W128/><G113/><T102/><D121/><U78/><E112/><V111/><F122/><W76/><G39/><T101/><D109/><U60/><E107/><V91/><F111/><W72/><G110/><T134/><D134/><U80/><E32/><V41/><F135/><W123/><G123/><T69/><D69/><U88/><E22/><V9/><F14/><W17/><G128/><T12/><D33/><U66/><E24/><V103/><F91/><W54/><G83/><T34/><D34/><U74/><E73/><V19/><F36/><W116/><G127/><T52/><D52/><U37/><E37/><V47/><REACH who="2" step="1"/><F103/><REACH who="2" ten="266,304,190,230" step="2"/><W63/><G116/><T87/><D12/><U89/><E89/><V129/><F129/><W115/><G115/><T57/><D101/><U77/><E78/><V79/><F79/><W71/><G13/><T130/><D130/><U124/><E124/><V82/><F82/><W55/><G81/><T126/><D126/><U27/><E80/><V58/><F58/><N who="3" m="35287" /><G76/><T38/><D57/><N who="1" m="34863" /><E77/><V42/><F42/><W1/><G72/><T70/><D70/><U35/><E74/><V119/><F119/><W98/><G71/><T75/><D75/><U100/><E100/><V46/><AGARI ba="0,1" hai="6,9,15,19,21,26,41,43,46,47,48,51,105,106" machi="46" ten="30,4000,0" yaku="1,1,0,1,9,1,53,0" doraHai="30" doraHaiUra="28" who="2" fromWho="2" sc="266,-10,304,-10,190,50,230,-20" /><INIT seed="4,0,0,3,2,56" ten="256,294,240,210" oya="0" hai0="120,7,31,88,11,61,114,125,48,1,21,54,115" hai1="45,46,116,85,127,4,71,30,77,94,106,14,131" hai2="43,10,63,39,51,20,111,38,70,27,35,53,9" hai3="80,97,67,41,24,119,109,5,112,68,117,76,89"/><T134/><D120/><U91/><E116/><V65/><F35/><W113/><G41/><T34/><D125/><U78/><E71/><V28/><F111/><W108/><G5/><T95/><D34/><U102/><E127/><V64/><F64/><W59/><G68/><T33/><D33/><U98/><E131/><V130/><F130/><W8/><G8/><T13/><D134/><U129/><E129/><V82/><F82/><W57/><G24/><T75/><D75/><U121/><E121/><V79/><F79/><N who="1" m="30217" /><E106/><V36/><REACH who="2" step="1"/><F43/><REACH who="2" ten="256,294,230,210" step="2"/><W26/><G67/><T93/><D114/><N who="3" m="44137" /><G108/><T60/><D115/><U69/><E69/><V73/><F73/><N who="3" m="43023" /><G109/><T23/><D1/><U49/><E49/><V62/><F62/><W32/><G32/><T86/><D48/><U92/><E30/><V87/><F87/><W50/><G117/><T0/><D0/><U104/><E104/><V37/><N who="2" m="9216" /><DORA hai="72" /><V16/><F16/><W99/><G119/><T83/><D31/><U66/><E66/><V103/><F103/><W81/><G81/><T126/><D126/><U84/><E85/><V42/><F42/><W44/><G89/><T124/><D124/><U133/><E133/><V15/><F15/><W100/><G26/><T128/><D128/><U90/><E91/><V3/><F3/><W105/><G99/><T74/><D74/><U55/><E55/><V22/><F22/><N who="0" m="8202" /><D54/><U58/><E90/><V6/><F6/><W52/><AGARI ba="0,1" hai="44,50,52,57,59,97,100,105" m="43023,44137" machi="52" ten="30,4000,0" yaku="15,1,52,1,54,1" doraHai="56,72" who="3" fromWho="3" sc="256,-20,294,-10,230,-10,210,50" /><INIT seed="5,0,0,2,5,95" ten="236,284,220,260" oya="1" hai0="16,19,74,26,100,96,102,58,97,13,75,114,62" hai1="84,112,72,70,53,129,21,122,82,123,66,1,52" hai2="60,17,78,99,85,57,88,119,90,18,124,4,32" hai3="34,9,40,47,30,48,37,46,125,2,61,45,27"/><U44/><E1/><V128/><F119/><W111/><G111/><T105/><D114/><U73/><E112/><V135/><F32/><W55/><G125/><T126/><D126/><U91/><E129/><V29/><F124/><W86/><G61/><T121/><D121/><U118/><E118/><V38/><F38/><W51/><G2/><T116/><D116/><U79/><E72/><V28/><F128/><W49/><G9/><T3/><D3/><U87/><E73/><V6/><F135/><W63/><G63/><T80/><D80/><U83/><E70/><V133/><F78/><W65/><G65/><T69/><D26/><U36/><E66/><N who="2" m="39183" /><F133/><W68/><G68/><T89/><D89/><N who="2" m="34410" /><F99/><W77/><G37/><T5/><D69/><U25/><E123/><V109/><F85/><W76/><REACH who="3" step="1"/><G86/><REACH who="3" ten="236,284,220,250" step="2"/><T24/><D75/><U12/><E122/><V67/><F67/><W64/><G64/><T104/><D74/><U8/><E36/><V35/><F109/><W131/><G131/><T11/><D24/><U54/><E8/><V50/><F50/><W101/><G101/><T106/><D106/><U71/><E71/><V43/><F4/><W20/><G20/><T33/><D33/><U127/><E127/><V117/><F6/><W98/><G98/><T108/><D108/><U22/><E22/><V14/><F117/><W120/><G120/><T92/><D104/><U31/><E12/><V103/><F35/><W39/><G39/><T56/><D62/><U0/><E0/><V93/><F14/><W107/><G107/><T81/><D81/><U15/><E15/><RYUUKYOKU ba="0,1" sc="236,10,284,10,220,-30,250,10" hai0="5,11,13,16,19,56,58,92,96,97,100,102,105" hai1="21,25,31,44,52,53,54,79,82,83,84,87,91" hai3="27,30,34,40,45,46,47,48,49,51,55,76,77" /><INIT seed="5,1,1,4,5,92" ten="246,294,190,260" oya="1" hai0="108,72,73,97,91,105,104,25,94,3,53,22,78" hai1="14,135,80,56,107,30,19,55,16,39,52,116,40" hai2="32,112,57,45,96,102,82,69,29,35,24,115,6" hai3="67,11,93,81,123,126,68,50,95,79,131,119,12"/><U111/><E116/><V120/><F120/><W58/><G123/><T132/><D108/><U28/><E107/><V8/><F69/><W85/><G119/><T74/><D132/><U26/><E135/><V117/><F117/><W86/><G131/><T113/><D113/><N who="2" m="43594" /><F82/><N who="3" m="47327" /><G68/><T75/><D3/><U66/><E111/><V63/><F45/><W38/><G38/><T130/><D130/><U128/><E128/><V124/><F124/><W2/><G2/><T83/><REACH who="0" step="1"/><D53/><REACH who="0" ten="236,294,190,260" step="2"/><U41/><E55/><N who="2" m="34239" /><F32/><W71/><G126/><T1/><D1/><U87/><E52/><V110/><F110/><W121/><G121/><T59/><D59/><U127/><E127/><V23/><F35/><W134/><G134/><T15/><D15/><U17/><E14/><V88/><F6/><W49/><G71/><T122/><D122/><U9/><E26/><V100/><F8/><W89/><G67/><T77/><D77/><N who="1" m="46479" /><E9/><V36/><F36/><W20/><G58/><T90/><D90/><U106/><E39/><V60/><F60/><W13/><G12/><T33/><D33/><U31/><E66/><V18/><F18/><AGARI ba="1,2" hai="18,22,25,72,73,74,75,78,83,91,94,97,104,105" machi="18" ten="40,2600,0" yaku="1,1,52,1,53,0" doraHai="92" doraHaiUra="4" who="0" fromWho="2" sc="236,49,294,0,190,-29,260,0" /><INIT seed="6,0,0,2,0,90" ten="285,294,161,260" oya="2" hai0="126,97,125,110,60,50,5,26,22,47,6,131,78" hai1="133,29,24,69,59,28,114,14,68,46,123,49,8" hai2="95,11,96,48,63,100,7,0,89,9,121,109,88" hai3="62,86,41,91,42,12,52,111,83,20,72,21,64"/><V93/><F121/><W134/><G134/><T37/><D110/><U79/><E133/><V130/><F109/><W1/><G1/><T82/><D37/><U118/><E118/><V65/><F130/><W132/><G132/><T23/><D60/><U107/><E107/><V30/><F30/><W105/><G105/><T54/><D131/><U71/><E114/><V16/><F48/><W15/><G72/><N who="0" m="43335" /><D97/><U116/><E116/><V102/><F11/><W2/><G2/><T66/><D66/><U33/><E123/><V58/><REACH who="2" step="1"/><F16/><REACH who="2" ten="285,294,151,260" step="2"/><W27/><G111/><T119/><D119/><U35/><E29/><V106/><F106/><W122/><G122/><T98/><D26/><U13/><E24/><V25/><F25/><W104/><G104/><T85/><D6/><U19/><E28/><V51/><F51/><W94/><G21/><T99/><D5/><U101/><E33/><V45/><F45/><W74/><G20/><T17/><D23/><U73/><E46/><V112/><F112/><W38/><G27/><T44/><D44/><U115/><E115/><V4/><F4/><W31/><G31/><T10/><D10/><U34/><E14/><V3/><F3/><W127/><G12/><T103/><D17/><U67/><E49/><V76/><F76/><W43/><G15/><T32/><D22/><U57/><E34/><V135/><F135/><W36/><G36/><T120/><D32/><U124/><E35/><V108/><F108/><W56/><G38/><T75/><D120/><U129/><E8/><V84/><AGARI ba="0,1" hai="0,7,9,58,63,65,84,88,89,93,95,96,100,102" machi="84" ten="20,18000,2" yaku="1,1,0,1,7,1,52,2,54,1,53,1" doraHai="90" doraHaiUra="80" who="2" fromWho="2" sc="285,-60,294,-60,151,190,260,-60" owari="225,-17.5,234,3.4,341,44.1,200,-30.0" /></mjloggm>