<mjloggm ver="2.3"><GO type="225" lobby="0"/><UN n0="%E3%81%99%E3%81%84%E3%81%BE%E3%81%9B%E3%83%BC%E3%82%93" n1="%E3%81%BF%E3%81%BF%E3%81%9A" n2="%48%61%61%61%6C%61%6E%64" n3="%E6%B2%A1%E7%94%B7" dan="16,17,17,16" rate="2139.87,2240.98,2148.74,2108.63" sx="M,M,M,M"/><TAIKYOKU oya="0"/><INIT seed="0,0,0,5,0,22" ten="250,250,250,250" oya="0" hai0="40,117,83,3,32,99,29,87,14,57,43,86,112" hai1="53,108,38,96,72,120,124,21,12,65,39,64,7" hai2="55,9,98,37,31,4,60,17,8,113,125,111,134" hai3="130,78,48,19,71,118,26,44,123,107,116,121,90"/><T74/><D112/><U127/><E120/><N who="3" m="46154" /><G107/><T54/><D3/><U62/><E72/><V52/><F113/><W68/><G78/><T25/><D117/><N who="3" m="45161" /><G90/><T28/><D28/><U58/><E96/><V97/><F37/><W46/><G19/><T85/><D99/><U33/><E33/><V128/><F98/><W15/><G15/><T126/><D126/><N who="1" m="48171" /><E108/><V135/><F125/><W89/><G89/><T92/><D92/><U133/><E133/><V30/><F111/><W115/><G115/><T11/><D74/><U105/><E105/><V2/><F97/><W45/><G26/><T110/><D110/><U103/><E103/><V6/><F2/><W94/><G94/><T23/><D83/><U79/><E79/><V77/><F77/><W63/><G130/><T106/><D106/><U73/><E73/><V75/><F75/><W91/><G91/><T119/><D119/><U42/><E21/><V20/><F20/><W0/><G0/><T132/><D132/><U67/><E42/><V51/><F134/><W81/><G81/><T24/><D32/><U101/><E101/><V56/><F135/><W104/><G104/><T18/><REACH who="0" step="1"/><D25/><REACH who="0" ten="240,250,250,250" step="2"/><U34/><E34/><V100/><F100/><W35/><G35/><T61/><AGARI ba="0,1" hai="11,14,18,23,24,29,40,43,54,57,61,85,86,87" machi="61" ten="30,18000,2" yaku="1,1,2,1,0,1,8,1,52,1,53,1" doraHai="22" doraHaiUra="10" who="0" fromWho="0" sc="240,190,250,-60,250,-60,250,-60" /><INIT seed="0,1,0,0,1,101" ten="430,190,190,190" oya="0" hai0="131,106,32,50,46,9,41,62,100,38,22,65,129" hai1="37,83,30,34,56,5,102,21,23,88,94,93,51" hai2="26,118,53,103,12,35,61,77,78,69,130,43,79" hai3="57,25,81,66,127,60,91,126,96,90,124,95,85"/><T52/><D32/><U132/><E37/><V58/><F130/><N who="0" m="49674" /><D9/><U72/><E132/><V109/><F109/><W115/><REACH who="3" step="1"/><G25/><REACH who="3" ten="430,190,190,180" step="2"/><T75/><D75/><U49/><E72/><V8/><F26/><W64/><G64/><T54/><D22/><U29/><E34/><V99/><F35/><W6/><G6/><T134/><D134/><U113/><E5/><V31/><F118/><W63/><G63/><T123/><D123/><U110/><E110/><V125/><F61/><W11/><G11/><T14/><D14/><U87/><E21/><V97/><F12/><W133/><G133/><T16/><D16/><U73/><E23/><V117/><F8/><W122/><G122/><T82/><D65/><U119/><E119/><V18/><F18/><W39/><G39/><T45/><D62/><U13/><E13/><V114/><F117/><W7/><G7/><T108/><D108/><U111/><E111/><V105/><F31/><W135/><G135/><T1/><D1/><U4/><E4/><V80/><F114/><AGARI ba="1,1" hai="57,60,66,81,85,90,91,95,96,114,115,124,126,127" machi="114" ten="40,2600,0" yaku="1,1,18,1,53,0" doraHai="101" doraHaiUra="3" who="3" fromWho="2" sc="430,0,190,0,190,-29,180,39" /><INIT seed="1,0,0,3,5,51" ten="430,190,161,219" oya="1" hai0="64,82,106,131,111,37,36,120,17,123,83,86,122" hai1="89,66,74,135,46,49,35,88,12,13,60,9,42" hai2="87,41,77,38,102,47,104,8,43,44,22,25,95" hai3="14,54,15,72,21,98,57,85,5,40,39,79,59"/><U63/><E135/><V84/><F104/><W48/><G72/><T28/><D111/><U80/><E35/><V31/><F77/><W62/><G39/><N who="0" m="14923" /><D106/><U34/><E34/><V45/><F8/><W10/><G98/><T124/><D124/><U29/><E29/><V20/><F20/><W3/><G21/><T69/><D28/><U0/><E0/><V56/><F38/><W129/><G129/><T97/><D97/><U7/><E13/><V117/><F117/><W52/><REACH who="3" step="1"/><G40/><REACH who="3" ten="430,190,161,209" step="2"/><T32/><D131/><U114/><E114/><V92/><F43/><W115/><G115/><T93/><D32/><U50/><E50/><V101/><F41/><W26/><G26/><T27/><D27/><U128/><E128/><V61/><F87/><W94/><G94/><N who="2" m="35881" /><F84/><W127/><G127/><T81/><D93/><U33/><E33/><V107/><F107/><W70/><G70/><T110/><D86/><U4/><E74/><V53/><AGARI ba="0,1" hai="22,25,31,44,45,47,53,56,61,101,102" m="35881" machi="53" ten="30,2000,0" yaku="8,1,52,1" doraHai="51" who="2" fromWho="2" sc="430,-5,190,-10,161,30,209,-5" /><INIT seed="2,0,0,2,0,43" ten="425,180,191,204" oya="2" hai0="55,82,3,19,51,130,41,2,123,28,113,58,38" hai1="37,77,62,9,120,66,44,90,45,17,10,129,18" hai2="126,5,88,61,109,15,47,1,42,131,111,119,21" hai3="4,16,92,91,87,48,105,84,106,24,94,73,134"/><V53/><F119/><W71/><G71/><T107/><D123/><U40/><E77/><V8/><F126/><W128/><G73/><T76/><D113/><U124/><E124/><V86/><F131/><W101/><G128/><T68/><D107/><U78/><E78/><V103/><F103/><W135/><G4/><T6/><D68/><U54/><E129/><V89/><F61/><W63/><G48/><T50/><D38/><U132/><E120/><V74/><F53/><W12/><G24/><T14/><D28/><U116/><E116/><V110/><F74/><W65/><G84/><T56/><D6/><U49/><E132/><N who="3" m="50730" /><G94/><T100/><D100/><U67/><E90/><V59/><F59/><N who="3" m="37119" /><G101/><T95/><D95/><U99/><E99/><V26/><F1/><W52/><G52/><T79/><D130/><U46/><E46/><V81/><F86/><W96/><G96/><T7/><D2/><U75/><E75/><V11/><F81/><W97/><G97/><T115/><D82/><U32/><E32/><V69/><F69/><W112/><G112/><T98/><D3/><U118/><E118/><V133/><F133/><W60/><G60/><T80/><D7/><U83/><E83/><V30/><F42/><W85/><G85/><T39/><D80/><U0/><E0/><N who="2" m="39" /><F47/><W34/><G34/><T22/><D115/><U31/><E31/><V20/><F30/><W121/><G121/><T29/><D29/><U114/><E114/><V35/><F35/><W125/><G125/><T117/><D117/><U36/><E36/><V127/><F127/><W93/><G93/><RYUUKYOKU ba="0,0" sc="425,-10,180,-10,191,-10,204,30" hai3="12,16,87,91,92,105,106" /><INIT seed="3,1,0,5,3,122" ten="415,170,181,234" oya="3" hai0="127,104,19,103,73,76,99,39,105,82,72,1,13" hai1="9,112,86,66,100,96,60,94,106,31,38,8,11" hai2="62,123,41,125,36,70,23,119,126,114,132,57,25" hai3="20,51,55,64,128,53,90,107,43,33,58,131,3"/><W30/><G3/><T46/><D1/><U24/><E112/><V7/><F114/><W71/><G107/><T37/><D127/><N who="2" m="48650" /><F123/><W133/><G33/><T115/><D115/><U68/><E38/><V111/><F119/><W75/><G90/><T83/><D105/><U63/><E63/><V65/><F132/><W35/><G20/><T93/><D104/><U84/><REACH who="1" step="1"/><E94/><REACH who="1" ten="415,160,181,234" step="2"/><V14/><F111/><W26/><G133/><T52/><D39/><U109/><E109/><V69/><F36/><W5/><G131/><T121/><D83/><U88/><E88/><V17/><F41/><W87/><G43/><T85/><D121/><U92/><E92/><V32/><F32/><AGARI ba="1,1" hai="8,9,11,24,31,32,60,66,68,84,86,96,100,106" machi="32" ten="40,5200,0" yaku="1,1,25,2,53,0" doraHai="122" doraHaiUra="45" who="1" fromWho="2" sc="415,0,160,65,181,-55,234,0" owari="415,51.5,225,-17.5,126,-37.4,234,3.4" /></mjloggm>