<mjloggm ver="2.3"><GO type="225" lobby="0"/><UN n0="%E5%84%AA%40%41%42%43" n1="%50%65%74%65%72%50%61%6E" n2="%E3%80%93%E3%81%97%E3%83%BC%E3%82%89%E3%80%93" n3="%E3%83%81%E3%83%AF%E3%83%AF%E9%9A%8A%E9%95%B7" dan="17,16,16,16" rate="2161.19,2138.62,2140.26,2075.12" sx="M,M,M,M"/><TAIKYOKU oya="0"/><INIT seed="0,0,0,4,3,72" ten="250,250,250,250" oya="0" hai0="10,37,67,124,26,17,34,2,123,122,77,30,90" hai1="33,98,73,131,108,126,44,6,99,13,20,54,97" hai2="21,61,91,9,23,129,113,76,45,51,16,105,127" hai3="47,28,35,55,68,80,83,5,43,62,96,81,78"/><T75/><D67/><U42/><E33/><V41/><F105/><W14/><G96/><T128/><D90/><U48/><E108/><V52/><F113/><W95/><G95/><T87/><D87/><U115/><E115/><V74/><F127/><W1/><G1/><T70/><D124/><U29/><E131/><V66/><F129/><W102/><G102/><T69/><D128/><U133/><E133/><V50/><F91/><W104/><G104/><T60/><D17/><U118/><E73/><V79/><F74/><W27/><G68/><T71/><D60/><U58/><E118/><V3/><F3/><W107/><G107/><T7/><D37/><U85/><E85/><V89/><F89/><W116/><G116/><T38/><D38/><U56/><E126/><V59/><F9/><W0/><G0/><T39/><D39/><U11/><E42/><V22/><REACH who="2" step="1"/><F16/><REACH who="2" ten="250,250,240,250" step="2"/><W119/><G119/><T134/><D134/><U103/><E103/><V111/><F111/><W18/><G18/><T101/><D101/><U109/><E109/><V36/><F36/><W84/><G5/><T112/><D112/><U8/><E8/><V19/><F19/><W121/><G121/><T63/><D63/><U53/><E11/><V125/><F125/><W49/><G14/><T106/><D106/><U82/><E13/><V12/><F12/><W120/><G120/><T92/><D92/><U135/><E6/><V32/><F32/><W88/><G88/><T65/><D122/><U117/><E117/><V132/><F132/><W100/><G100/><T93/><D123/><U24/><E135/><RYUUKYOKU ba="0,1" sc="250,-15,250,-15,240,15,250,15" hai2="21,22,23,41,45,50,51,52,59,61,66,76,79" hai3="27,28,35,43,47,49,55,62,78,80,81,83,84" /><INIT seed="1,1,1,5,4,12" ten="235,235,255,265" oya="1" hai0="96,125,56,130,46,85,60,118,88,131,129,30,87" hai1="77,51,9,102,57,42,111,101,120,109,127,52,28" hai2="112,92,86,14,27,79,64,11,2,78,104,73,10" hai3="75,123,95,54,15,107,119,93,91,105,72,70,133"/><U128/><E120/><V59/><F104/><W97/><G70/><T63/><D118/><U61/><E127/><V83/><F112/><W135/><G54/><T82/><D125/><U18/><E28/><V66/><F2/><W106/><G15/><T65/><D30/><U36/><E36/><V24/><F10/><W71/><G71/><T134/><D134/><N who="3" m="51209" /><G123/><T4/><D4/><U8/><E77/><V84/><F73/><N who="3" m="28235" /><G95/><N who="0" m="56423" /><D46/><N who="1" m="26071" /><E128/><V110/><F92/><W99/><G119/><T43/><D43/><U19/><E9/><V113/><F113/><W49/><G49/><T44/><D44/><U38/><E38/><V29/><F29/><W34/><G34/><T25/><D82/><U94/><E8/><V103/><F11/><W20/><G20/><T132/><D132/><U21/><E21/><V55/><F83/><W100/><AGARI ba="1,1" hai="91,93,97,99,100,105,106,107" m="28235,51209" machi="100" ten="40,5200,0" yaku="20,1,34,2" doraHai="12" who="3" fromWho="3" sc="235,-14,235,-27,255,-14,265,65" /><INIT seed="2,0,0,3,4,86" ten="221,208,241,330" oya="2" hai0="28,69,58,76,60,64,108,85,93,122,53,97,3" hai1="117,118,20,12,96,37,84,46,114,24,1,65,56" hai2="8,19,106,92,39,75,27,125,123,134,133,90,23" hai3="49,55,17,116,68,42,72,101,40,78,98,38,7"/><V121/><F39/><W132/><G68/><T99/><D122/><U100/><E1/><V81/><F106/><W113/><G116/><T119/><D3/><U89/><E12/><N who="2" m="7559" /><F125/><W21/><G113/><T48/><D108/><U18/><E114/><V0/><F0/><W6/><G132/><N who="2" m="50793" /><F81/><W74/><G38/><T45/><D119/><U110/><E110/><V112/><F75/><W10/><G72/><T16/><D28/><U103/><E103/><V95/><F95/><N who="3" m="58591" /><G78/><T135/><D135/><U29/><E18/><N who="2" m="12791" /><F112/><W83/><G83/><T127/><D127/><U61/><E37/><V102/><F102/><W57/><G74/><T73/><D73/><U79/><E79/><V5/><F5/><N who="3" m="1547" /><G10/><T131/><D76/><U107/><REACH who="1" step="1"/><E46/><REACH who="1" ten="221,198,241,330" step="2"/><V11/><F11/><W34/><G34/><T33/><D33/><U105/><E105/><V63/><F63/><W4/><G4/><T59/><D45/><U30/><E30/><V126/><F126/><W70/><G70/><T52/><D16/><U2/><E2/><V32/><F32/><W50/><G50/><T51/><D131/><U54/><E54/><V14/><F14/><AGARI ba="0,1" hai="14,17,21,40,42,49,55,57" m="1547,58591" machi="14" ten="30,1000,0" yaku="8,1" doraHai="86" who="3" fromWho="2" sc="221,0,198,0,241,-10,330,20" /><INIT seed="3,0,0,5,4,90" ten="221,198,231,350" oya="3" hai0="0,100,120,105,133,81,73,45,41,35,132,5,130" hai1="54,4,67,64,17,32,88,48,113,14,86,61,15" hai2="78,103,106,127,19,74,56,11,109,52,16,65,83" hai3="51,42,60,40,108,57,117,95,104,53,39,114,49"/><W24/><G104/><T8/><D120/><U79/><E113/><V37/><F37/><W13/><G39/><N who="0" m="21695" /><D130/><U7/><E32/><V9/><F65/><N who="1" m="25161" /><E61/><V26/><F109/><W23/><G114/><T38/><D38/><U118/><E79/><V75/><F75/><W69/><G108/><T93/><D93/><N who="1" m="54423" /><E118/><V115/><F115/><W102/><G117/><T1/><D35/><U44/><E14/><V68/><F68/><W126/><G13/><T134/><D1/><U116/><E116/><V76/><F76/><W59/><G69/><T10/><D8/><AGARI ba="0,0" hai="4,7,8,15,17,44,48,54" m="54423,25161" machi="8" ten="30,3900,0" yaku="8,1,52,1,54,1" doraHai="90" who="1" fromWho="0" sc="221,-39,198,39,231,0,350,0" owari="182,-31.8,237,3.7,231,-16.9,350,45.0" /></mjloggm>