<mjloggm ver="2.3"><GO type="225" lobby="0"/><UN n0="%E3%81%B5%E3%81%98%E3%81%8B%E3%81%A4" n1="%E3%81%A8%E3%82%93%E3%81%A8%E3%81%93%E3%81%A8%E3%82%93" n2="%E6%B0%B7%E5%B7%9D%E9%87%8C%E5%A5%88" n3="%E3%81%BF%E3%81%BF%E3%81%9A" dan="16,16,16,17" rate="2161.63,2120.13,2087.75,2287.01" sx="M,F,F,M"/><TAIKYOKU oya="0"/><INIT seed="0,0,0,5,3,69" ten="250,250,250,250" oya="0" hai0="96,108,71,21,106,74,63,104,18,85,61,54,98" hai1="47,92,44,7,125,97,91,57,52,100,65,14,94" hai2="36,38,53,49,129,50,102,123,115,117,76,128,37" hai3="23,130,105,12,2,25,51,114,32,107,93,39,112"/><T3/><D74/><U135/><E65/><V83/><F102/><W0/><G12/><T9/><D108/><U46/><E135/><V17/><F123/><W101/><G93/><T75/><D75/><U87/><E125/><V127/><F115/><W79/><G23/><T20/><D85/><U72/><E72/><V80/><F127/><W59/><G51/><T31/><D31/><U5/><REACH who="1" step="1"/><E14/><REACH who="1" ten="250,240,250,250" step="2"/><V90/><F117/><W84/><G114/><T8/><D3/><U73/><E73/><V68/><F68/><W81/><G0/><T113/><D71/><U122/><E122/><V24/><F76/><W134/><G2/><T41/><D113/><U131/><E131/><N who="2" m="50251" /><F90/><W88/><G130/><T67/><D67/><U103/><E103/><V62/><F62/><AGARI ba="0,1" hai="5,7,44,46,47,52,57,62,87,91,92,94,97,100" machi="62" ten="40,5200,0" yaku="1,1,8,1,54,1,53,0" doraHai="69" doraHaiUra="45" who="1" fromWho="2" sc="250,0,240,62,250,-52,250,0" /><INIT seed="1,0,0,1,4,129" ten="250,302,198,250" oya="1" hai0="66,49,17,132,25,126,21,34,113,53,125,98,46" hai1="76,85,84,6,107,79,0,29,60,68,16,92,15" hai2="111,110,39,94,91,58,114,101,26,65,67,35,133" hai3="30,124,12,93,8,52,37,123,14,87,57,74,119"/><U61/><E107/><V105/><F39/><W135/><G123/><T88/><D113/><U134/><E134/><V50/><F114/><W130/><G74/><T71/><D132/><U36/><E36/><V54/><F133/><W89/><G37/><T77/><D77/><U106/><E106/><V47/><F105/><W118/><G135/><T80/><D34/><U75/><E29/><V95/><F35/><W62/><G130/><T32/><D32/><U56/><E75/><V5/><F5/><W55/><G124/><T38/><D38/><U20/><E68/><V108/><F26/><W72/><G72/><T117/><D117/><N who="3" m="44553" /><G30/><T2/><D2/><U59/><E0/><V127/><F127/><W86/><G55/><T11/><D11/><U23/><E6/><V19/><F19/><N who="3" m="8583" /><G14/><T43/><D53/><N who="1" m="33807" /><E23/><V64/><F101/><W112/><G112/><T31/><D17/><U28/><E28/><V121/><F121/><W116/><N who="3" m="44561" /><W102/><DORA hai="41" /><G102/><T103/><D71/><U9/><E9/><V115/><F115/><W81/><G86/><N who="1" m="33386" /><E92/><AGARI ba="0,0" hai="52,57,62,81,87,89,92,93" m="8583,44561" machi="92" ten="40,2600,0" yaku="12,1,54,1" doraHai="129,41" who="3" fromWho="1" sc="250,0,302,-26,198,0,250,26" /><INIT seed="2,0,0,2,0,117" ten="250,276,198,276" oya="2" hai0="87,49,78,22,89,69,73,132,133,35,122,113,114" hai1="4,130,41,50,28,16,44,51,118,83,14,75,101" hai2="85,127,135,84,63,64,128,115,131,96,105,67,111" hai3="40,99,104,47,120,8,93,2,112,13,61,102,29"/><V82/><F115/><N who="0" m="44042" /><D69/><U80/><E118/><V60/><F111/><W15/><G112/><T20/><D35/><U108/><E108/><V34/><F34/><W36/><G120/><T121/><D49/><U55/><E130/><N who="2" m="49707" /><F135/><N who="0" m="51786" /><D20/><U23/><E75/><V72/><F127/><W109/><G109/><T37/><D37/><U18/><E101/><N who="2" m="62631" /><F72/><W70/><G29/><T48/><D48/><U94/><E4/><V10/><F10/><W129/><G129/><T81/><D22/><U24/><E94/><AGARI ba="0,0" hai="73,78,81,87,89,94,121,122" m="51786,44042" machi="94" ten="30,8000,1" yaku="20,1,34,2,52,2" doraHai="117" who="0" fromWho="1" sc="250,80,276,-80,198,0,276,0" /><INIT seed="3,0,0,5,1,100" ten="330,196,198,276" oya="3" hai0="117,11,30,3,6,41,98,37,122,16,52,90,25" hai1="81,71,8,127,131,76,123,120,125,85,56,105,57" hai2="70,107,24,54,55,82,83,111,95,51,77,50,92" hai3="39,79,69,73,104,28,96,64,99,22,29,49,74"/><W18/><G39/><T59/><D122/><N who="1" m="46635" /><E71/><V38/><F70/><W94/><G49/><T86/><D117/><U0/><E105/><V35/><F38/><W134/><G134/><T87/><D98/><U36/><E36/><V23/><F35/><W32/><G32/><T65/><D16/><U21/><E21/><V93/><F107/><W31/><G79/><T60/><D90/><U108/><E108/><V58/><F111/><W26/><G99/><T80/><D80/><U20/><E20/><V75/><F75/><W91/><REACH who="3" step="1"/><G104/><REACH who="3" ten="330,196,198,266" step="2"/><T44/><D65/><U13/><E131/><V84/><F77/><W62/><AGARI ba="0,1" hai="18,22,26,28,29,31,62,64,69,73,74,91,94,96" machi="62" ten="30,6000,0" yaku="1,1,2,1,0,1,53,0" doraHai="100" doraHaiUra="103" who="3" fromWho="3" sc="330,-20,196,-20,198,-20,266,70" owari="310,11.0,176,-32.4,178,-22.2,336,43.6" /></mjloggm>