<mjloggm ver="2.3"><GO type="225" lobby="0"/><UN n0="%E9%A2%A8%E3%81%A7%E9%B3%B4%E3%81%8F" n1="%73%61%6E%64%69%72%69%73" n2="%E6%A1%9C%E8%8A%B1%E9%96%83%E3%80%85" n3="%E4%B8%89%E5%86%A0%E7%8E%8B%E3%83%BB%E5%B1%B1%E7%94%B0%E5%93%B2%E4%BA%BA" dan="16,16,18,16" rate="2131.34,2113.39,2222.94,2171.32" sx="M,M,M,M"/><TAIKYOKU oya="0"/><INIT seed="0,0,0,5,1,50" ten="250,250,250,250" oya="0" hai0="4,0,75,23,128,118,39,125,93,113,103,99,18" hai1="5,73,110,129,46,83,67,127,72,130,15,58,42" hai2="91,10,34,29,74,115,105,101,57,69,96,88,1" hai3="33,94,14,11,89,54,79,120,53,17,126,133,30"/><T111/><D113/><U43/><E83/><V44/><F115/><W6/><G133/><T114/><D114/><U41/><E46/><V98/><F74/><W32/><G126/><T22/><D118/><U123/><E123/><V76/><F76/><W84/><G120/><T132/><D23/><U36/><E36/><V134/><F44/><W106/><G106/><T56/><D39/><U3/><E3/><V85/><F69/><W25/><G33/><T121/><D121/><U135/><E110/><V9/><F134/><W26/><G79/><T48/><D132/><U45/><E45/><V70/><F70/><W71/><G71/><T38/><D38/><U77/><E77/><V47/><F47/><W21/><AGARI ba="0,0" hai="6,11,14,17,21,25,26,30,32,53,54,84,89,94" machi="21" ten="30,4000,0" yaku="0,1,52,2" doraHai="50" who="3" fromWho="3" sc="250,-20,250,-10,250,-10,250,40" /><INIT seed="1,0,0,1,3,98" ten="230,240,240,290" oya="1" hai0="31,33,130,24,44,116,5,109,125,11,91,9,100" hai1="127,119,69,108,25,1,124,43,22,58,133,85,128" hai2="50,68,78,28,123,12,49,61,96,75,6,126,57" hai3="3,59,95,53,77,41,86,107,92,13,64,112,17"/><U97/><E69/><V90/><F123/><W21/><G3/><T15/><D116/><U99/><E1/><V7/><F68/><W26/><G112/><T62/><D109/><U40/><E119/><V134/><F134/><W132/><G132/><T42/><D125/><U38/><E133/><V93/><F126/><N who="1" m="48169" /><E128/><V115/><F115/><W14/><G107/><T105/><D130/><U70/><E70/><V104/><F104/><W80/><G64/><T111/><D111/><U0/><E0/><V74/><F28/><W71/><G41/><N who="1" m="15946" /><E38/><V118/><F75/><W51/><G71/><T8/><D62/><U20/><E108/><V55/><F118/><W2/><G2/><T34/><D34/><U101/><E97/><V10/><REACH who="2" step="1"/><F7/><REACH who="2" ten="230,240,230,290" step="2"/><W83/><G83/><AGARI ba="0,1" hai="6,10,12,49,50,55,57,61,74,78,83,90,93,96" machi="83" ten="40,2600,0" yaku="1,1,2,1,53,0" doraHai="98" doraHaiUra="82" who="2" fromWho="3" sc="230,0,240,0,230,36,290,-26" /><INIT seed="2,0,0,1,0,55" ten="230,240,266,264" oya="2" hai0="45,116,87,127,2,132,7,11,93,10,42,13,34" hai1="90,61,12,41,17,6,117,1,81,25,71,134,115" hai2="107,64,80,59,24,43,92,53,79,20,114,74,60" hai3="35,37,44,97,108,54,57,78,63,88,129,94,84"/><V82/><F114/><W5/><G108/><T31/><D127/><U0/><E117/><V48/><F107/><W65/><G35/><T14/><D116/><U29/><E41/><V4/><F4/><W72/><G129/><T50/><D132/><U124/><E115/><V91/><F43/><W73/><G5/><T39/><D39/><U77/><E124/><V46/><F79/><W113/><G113/><T104/><D104/><U8/><E90/><V96/><REACH who="2" step="1"/><F74/><REACH who="2" ten="230,240,256,264" step="2"/><W56/><G73/><T118/><D118/><U85/><E6/><V32/><F32/><W69/><G72/><T36/><D7/><U86/><E134/><V33/><F33/><W130/><G130/><T123/><D34/><U135/><E135/><V99/><F99/><W128/><G128/><T67/><D42/><U49/><E86/><V47/><F47/><W131/><G131/><T83/><D45/><U52/><E0/><V51/><F51/><W16/><G78/><T30/><D87/><U119/><E1/><V109/><F109/><W62/><G84/><T21/><D2/><U38/><E119/><V133/><F133/><W106/><G106/><T103/><D50/><U111/><E111/><V40/><F40/><W122/><G44/><T101/><D36/><U18/><E38/><V120/><F120/><W112/><G122/><T3/><D3/><U68/><E77/><V100/><F100/><W26/><G37/><T121/><D103/><U125/><E85/><V102/><F102/><W105/><G105/><T9/><D123/><U58/><E81/><V126/><F126/><W15/><G112/><RYUUKYOKU ba="0,1" sc="230,-10,240,-10,256,30,264,-10" hai2="20,24,46,48,53,59,60,64,80,82,91,92,96" /><INIT seed="2,1,1,4,5,28" ten="220,230,286,254" oya="2" hai0="85,134,22,14,87,45,58,67,83,11,103,57,17" hai1="130,129,4,96,31,111,74,5,109,42,48,41,90" hai2="100,80,135,60,70,118,98,119,86,104,61,101,75" hai3="63,116,34,131,39,1,105,30,114,51,35,84,21"/><V49/><F75/><W120/><G39/><T91/><D134/><U54/><E74/><V7/><F135/><W25/><G116/><T112/><D112/><U81/><E31/><V15/><F101/><W32/><G120/><T8/><D103/><U24/><E24/><V16/><F7/><N who="1" m="2633" /><E81/><V107/><F49/><W12/><G1/><T122/><D122/><U99/><E90/><V29/><F29/><W33/><G114/><T26/><D67/><U108/><E54/><V133/><F107/><W125/><G105/><T44/><D8/><U9/><E9/><V0/><F0/><W59/><G125/><T76/><D11/><U115/><E48/><V95/><F104/><W66/><G131/><N who="1" m="50186" /><E115/><V19/><F19/><W88/><G51/><T43/><D26/><U128/><E128/><V65/><F60/><W36/><G36/><T55/><D43/><AGARI ba="1,1" hai="41,42,43,96,99,108,109,111" m="50186,2633" machi="43" ten="40,8000,1" yaku="28,2,14,1,19,1" doraHai="28" who="1" fromWho="0" sc="220,-83,230,93,286,0,254,0" /><INIT seed="3,0,0,5,4,65" ten="137,323,286,254" oya="3" hai0="87,35,7,113,76,64,63,60,26,68,70,135,30" hai1="84,103,97,86,9,19,96,31,56,117,53,78,33" hai2="130,58,55,109,4,48,1,40,74,89,91,77,92" hai3="116,127,18,69,123,39,80,121,120,99,43,20,102"/><W36/><G116/><T38/><D135/><U57/><E117/><V81/><F109/><W32/><G32/><T47/><D113/><U6/><E31/><V95/><F130/><W107/><G127/><T115/><D115/><U75/><E75/><V119/><F119/><W67/><G43/><T11/><D87/><N who="1" m="33323" /><E33/><V94/><F40/><W23/><G80/><T125/><D76/><U110/><E110/><V54/><F4/><W59/><G59/><T34/><D125/><U106/><E106/><V108/><F1/><W12/><REACH who="3" step="1"/><G20/><REACH who="3" ten="137,323,286,244" step="2"/><T42/><D35/><U2/><E57/><V132/><F132/><W52/><G52/><T61/><REACH who="0" step="1"/><D70/><REACH who="0" ten="127,323,286,244" step="2"/><U128/><E128/><V14/><F108/><W79/><G79/><T45/><D45/><U22/><E78/><V41/><F77/><W0/><G0/><AGARI ba="0,2" hai="0,7,11,26,30,34,38,42,47,60,61,63,64,68" machi="0" ten="30,3900,0" yaku="1,1,7,1,52,1,53,0" doraHai="65" doraHaiUra="93" who="0" fromWho="3" sc="127,59,323,0,286,0,244,-39" owari="186,-31.4,323,42.3,286,8.6,205,-19.5" /></mjloggm>