<mjloggm ver="2.3"><GO type="225" lobby="0"/><UN n0="%E3%81%BF%E3%81%BF%E3%81%9A" n1="%E5%82%8D%E8%8B%A5%E7%84%A1%E4%BA%BA%35%31" n2="%E3%82%B3%E3%83%90%E3%83%AC%E3%82%A4" n3="%72%69%6F%75%63%68%61%6E" dan="18,16,16,16" rate="2259.99,2104.16,2128.31,2223.37" sx="M,M,M,M"/><TAIKYOKU oya="0"/><INIT seed="0,0,0,2,0,114" ten="250,250,250,250" oya="0" hai0="39,133,51,0,3,91,32,70,124,68,48,92,21" hai1="14,53,64,27,108,98,77,42,50,96,94,101,43" hai2="55,100,118,47,6,87,117,126,71,86,22,120,97" hai3="37,58,112,104,67,128,62,130,41,83,8,60,29"/><T25/><D39/><U69/><E108/><V63/><F120/><W28/><G112/><T95/><D32/><U54/><E77/><V34/><F34/><W78/><G104/><T99/><D124/><U16/><E27/><V18/><F6/><W20/><G8/><T38/><D38/><U1/><E1/><V35/><F35/><W103/><G103/><T76/><D76/><U84/><E69/><V122/><F122/><W116/><G116/><N who="2" m="44649" /><F126/><W85/><G60/><T80/><D80/><U56/><E64/><N who="2" m="41375" /><F55/><W61/><G61/><T24/><D133/><U15/><E15/><N who="2" m="9567" /><F47/><N who="3" m="23983" /><G20/><T31/><D21/><U111/><E111/><V49/><F49/><W33/><G33/><T125/><D125/><U2/><E2/><V82/><F82/><W13/><G13/><T52/><D31/><U74/><E53/><V7/><F7/><W65/><G67/><T121/><D121/><U105/><E43/><V45/><F45/><W44/><G44/><T115/><D52/><U36/><E42/><V5/><F5/><W23/><G23/><T134/><D115/><U109/><E36/><V40/><F40/><W93/><G28/><T30/><D30/><U131/><E109/><V132/><F132/><W107/><G29/><T113/><D113/><U89/><E14/><V106/><AGARI ba="0,0" hai="86,87,97,100,106" m="9567,41375,44649" machi="106" ten="30,7900,0" yaku="12,1,52,3" doraHai="114" who="2" fromWho="2" sc="250,-39,250,-20,250,79,250,-20" /><INIT seed="1,0,0,2,4,44" ten="211,230,329,230" oya="1" hai0="108,89,30,72,101,85,96,134,19,39,79,78,84" hai1="11,52,125,98,14,53,43,135,105,33,92,81,41" hai2="26,113,128,90,24,63,75,129,22,64,80,93,66" hai3="131,91,117,38,121,55,124,8,86,5,111,62,48"/><U2/><E135/><V12/><F113/><W120/><G38/><T29/><D39/><U126/><E33/><V118/><F118/><W9/><G117/><T99/><D134/><U27/><E2/><V71/><F66/><W77/><G111/><T130/><D72/><U103/><E27/><V87/><F12/><W54/><G124/><N who="1" m="47722" /><E81/><V123/><F123/><W28/><G131/><N who="2" m="50249" /><F22/><W69/><G77/><AGARI ba="0,0" hai="24,26,63,64,71,75,77,80,87,90,93" m="50249" machi="77" ten="30,1000,0" yaku="19,1" doraHai="44" who="2" fromWho="3" sc="211,0,230,0,329,10,230,-10" /><INIT seed="2,0,0,5,4,18" ten="211,230,339,220" oya="2" hai0="3,50,38,32,70,19,26,117,15,67,4,134,49" hai1="131,61,13,103,46,20,90,124,88,10,14,0,16" hai2="127,126,100,109,128,115,82,74,108,25,21,31,8" hai3="58,27,7,112,57,91,41,122,104,113,63,37,79"/><V77/><F115/><N who="3" m="44107" /><G122/><T123/><D38/><U133/><E131/><V84/><F128/><W97/><G79/><T45/><D123/><U11/><E133/><V48/><F100/><N who="3" m="62479" /><G7/><T75/><D75/><U120/><E120/><V62/><F74/><W106/><G106/><T65/><D134/><U125/><E103/><V72/><F72/><W9/><G9/><N who="0" m="2207" /><D117/><U121/><E121/><V52/><F62/><W105/><G105/><T94/><D94/><U111/><E111/><N who="2" m="42571" /><F8/><W22/><G91/><T135/><D135/><U116/><E116/><V5/><F5/><W66/><G41/><T102/><D102/><U24/><E61/><V110/><N who="2" m="42579" /><V129/><DORA hai="34" /><F129/><W28/><G37/><T6/><D49/><U96/><E0/><V114/><F114/><W83/><G83/><T43/><D6/><U76/><E96/><V81/><F81/><W23/><G57/><AGARI ba="0,0" hai="21,25,31,48,52,57,77,82,84,126,127" m="42579" machi="57" ten="40,12000,1" yaku="14,1,10,1,52,1,54,1" doraHai="18,34" who="2" fromWho="3" sc="211,0,230,0,339,120,220,-120" /><INIT seed="2,1,0,1,5,123" ten="211,230,459,100" oya="2" hai0="66,13,31,35,116,87,97,134,19,46,40,67,89" hai1="124,99,24,30,51,84,73,12,69,20,91,11,44" hai2="68,106,36,16,70,55,76,107,104,119,100,135,15" hai3="65,62,50,79,1,111,53,41,43,103,112,8,64"/><V110/><F119/><W2/><G112/><T108/><D116/><U80/><E124/><V7/><F36/><W59/><G103/><T32/><D97/><U49/><E69/><V14/><F135/><W9/><G79/><T83/><D134/><U82/><E99/><V90/><F76/><W86/><G86/><T120/><D120/><U26/><E26/><V58/><F100/><W57/><G111/><T109/><D67/><N who="3" m="25673" /><G1/><T113/><D66/><U27/><E27/><V42/><F90/><W4/><G2/><T114/><D113/><U96/><E96/><V33/><F33/><W52/><G4/><T85/><D85/><N who="1" m="50599" /><E73/><V127/><F127/><W72/><G72/><T34/><D31/><U88/><E44/><V93/><F107/><W56/><G8/><T117/><D117/><U10/><E10/><V48/><F106/><W92/><G92/><T131/><D131/><U5/><AGARI ba="1,0" hai="5,11,12,20,24,30,49,51,82,84,88" m="50599" machi="5" ten="30,2000,0" yaku="8,1,54,1" doraHai="123" who="1" fromWho="1" sc="211,-6,230,23,459,-11,100,-6" /><INIT seed="3,0,0,5,5,47" ten="205,253,448,94" oya="3" hai0="113,80,88,40,84,126,95,122,77,20,75,124,115" hai1="83,127,26,19,1,102,118,121,4,27,60,105,123" hai2="109,53,12,46,30,81,8,82,65,59,5,111,110" hai3="99,74,32,33,67,100,9,125,129,78,90,57,97"/><W128/><G125/><N who="0" m="48235" /><D20/><U72/><E118/><V91/><F65/><W7/><G90/><T48/><D122/><U69/><E60/><V117/><F117/><W52/><G67/><T107/><D107/><U13/><E69/><V63/><F46/><AGARI ba="0,0" hai="40,46,48,75,77,80,84,88,95,113,115" m="48235" machi="46" ten="30,3900,0" yaku="18,1,52,1,54,1" doraHai="47" who="0" fromWho="2" sc="205,39,253,0,448,-39,94,0" owari="244,-15.6,253,5.3,409,50.9,94,-40.6" /></mjloggm>