<mjloggm ver="2.3"><GO type="225" lobby="0"/><UN n0="%72%61%6B%33" n1="%E6%B8%A9%E2%98%85%E6%83%85%E2%98%85%E6%8E%AA%E2%98%85%E7%BD%AE" n2="%E6%A1%9C%E8%8A%B1%E9%96%83%E3%80%85" n3="%E5%B7%9D%E7%80%AC%E6%99%BA%E5%AD%90" dan="17,16,16,16" rate="2172.19,2161.77,2114.96,2047.20" sx="M,M,M,M"/><TAIKYOKU oya="0"/><INIT seed="0,0,0,0,5,103" ten="250,250,250,250" oya="0" hai0="54,124,19,106,24,122,47,111,113,59,79,74,117" hai1="22,60,43,15,29,11,26,14,58,20,45,68,76" hai2="89,116,10,108,71,12,16,130,63,61,91,53,44" hai3="107,112,99,128,6,126,73,34,85,97,23,50,98"/><T40/><D113/><U48/><E68/><V25/><F108/><W18/><G18/><T0/><BYE who="3" /><D117/><U65/><E76/><V62/><F130/><W1/><G1/><T72/><D122/><U88/><E22/><N who="2" m="13511" /><F71/><W41/><G41/><T5/><D111/><U90/><REACH who="1" step="1"/><E15/><REACH who="1" ten="250,240,250,250" step="2"/><V31/><F116/><W120/><G120/><T101/><D79/><U42/><E42/><V67/><F67/><W77/><G77/><T119/><D40/><U4/><AGARI ba="0,1" hai="4,11,14,20,26,29,43,45,48,58,60,65,88,90" machi="4" ten="20,12000,2" yaku="1,1,0,1,7,1,8,1,54,1,53,1" doraHai="103" doraHaiUra="52" who="1" fromWho="1" sc="250,-60,240,130,250,-30,250,-30" /><INIT seed="1,0,0,2,4,128" ten="190,370,220,220" oya="1" hai0="69,9,65,75,20,4,93,105,15,86,124,24,51" hai1="117,25,32,42,116,1,64,28,108,63,17,33,125" hai2="87,72,5,126,2,26,99,83,21,133,70,41,53" hai3="109,84,67,135,7,57,6,81,92,129,71,34,11"/><U22/><E125/><V13/><F2/><W18/><G18/><T121/><D105/><U78/><E1/><V58/><F70/><W100/><G100/><T23/><D75/><U37/><E78/><V88/><F72/><W16/><G16/><UN n3="%E5%B7%9D%E7%80%AC%E6%99%BA%E5%AD%90" /><T89/><D124/><U95/><E108/><V94/><F133/><W101/><G34/><T31/><D121/><U102/><E42/><V55/><F41/><W0/><G109/><T82/><D69/><U50/><E50/><V106/><F106/><W49/><G7/><T38/><D38/><U131/><E37/><V45/><F45/><W47/><G71/><T119/><D119/><U118/><E131/><V85/><F85/><W29/><G29/><T61/><D65/><U123/><E17/><N who="2" m="12591" /><F58/><W10/><G10/><T68/><D68/><U98/><E123/><V43/><F43/><W36/><G36/><T19/><D61/><U107/><E107/><V122/><F122/><W60/><G129/><T80/><REACH who="0" step="1"/><D51/><REACH who="0" ten="180,370,220,220" step="2"/><U76/><E63/><V48/><F48/><W54/><G67/><T3/><AGARI ba="0,1" hai="3,4,9,15,19,20,23,24,31,80,82,86,89,93" machi="3" ten="20,5200,0" yaku="1,1,2,1,0,1,7,1,53,0" doraHai="128" doraHaiUra="114" who="0" fromWho="0" sc="180,62,370,-26,220,-13,220,-13" /><INIT seed="2,0,0,2,3,7" ten="242,344,207,207" oya="2" hai0="56,59,41,134,66,115,21,107,6,128,44,61,38" hai1="76,4,100,43,72,28,81,71,14,125,68,57,95" hai2="29,52,27,50,32,111,67,70,127,110,108,99,96" hai3="106,9,2,90,55,122,121,58,0,17,117,15,112"/><V34/><F127/><W83/><G106/><T74/><D74/><U3/><E125/><V88/><F34/><W30/><G117/><T77/><D77/><U16/><E28/><V37/><F37/><W102/><G102/><T124/><D107/><U1/><E43/><V85/><F67/><W75/><G30/><T40/><D124/><U91/><E100/><V109/><F70/><W22/><G112/><T49/><D21/><U64/><E57/><N who="2" m="32919" /><F110/><W131/><G131/><T18/><D18/><U51/><E51/><V133/><F133/><W129/><G129/><T87/><D87/><U24/><E64/><V114/><F114/><W135/><G135/><T48/><D128/><U65/><E65/><V35/><F35/><W119/><G119/><T25/><D25/><U36/><E36/><V8/><F8/><W12/><G0/><T130/><D134/><U86/><E71/><V118/><F118/><W92/><G83/><AGARI ba="0,0" hai="27,29,32,83,85,88,96,99,108,109,111" m="32919" machi="83" ten="30,11600,0" yaku="14,1,10,1,54,2" doraHai="7" who="2" fromWho="3" sc="242,0,344,0,207,116,207,-116" /><INIT seed="2,1,0,3,5,3" ten="242,344,323,91" oya="2" hai0="37,61,49,69,0,35,15,59,115,128,54,112,11" hai1="118,53,120,60,63,94,66,13,78,68,113,40,83" hai2="93,32,29,92,101,95,98,16,127,8,72,88,27" hai3="12,134,67,84,71,132,116,87,23,18,130,52,106"/><V80/><F127/><W25/><G116/><T122/><D35/><U82/><E118/><V85/><REACH who="2" step="1"/><F72/><REACH who="2" ten="242,344,313,91" step="2"/><W39/><G132/><T64/><D115/><U114/><E114/><V28/><F28/><W77/><G134/><T51/><D112/><U33/><E113/><V121/><F121/><W104/><G130/><T46/><D122/><U24/><E120/><V26/><F26/><W90/><G25/><T86/><D128/><U17/><E24/><V135/><F135/><W2/><G104/><T10/><D37/><U131/><E131/><V5/><F5/><W58/><G106/><T125/><D125/><U65/><E33/><V107/><F107/><W41/><G39/><T133/><D133/><U91/><E17/><V4/><F4/><W47/><G18/><T38/><D38/><U73/><E73/><V14/><AGARI ba="1,1" hai="8,14,16,27,29,32,80,85,88,92,93,95,98,101" machi="14" ten="30,12000,1" yaku="1,1,0,1,54,2,53,1" doraHai="3" doraHaiUra="9" who="2" fromWho="2" sc="242,-41,344,-41,313,133,91,-41" /><INIT seed="2,2,0,2,2,29" ten="201,303,446,50" oya="2" hai0="78,0,125,43,121,86,50,104,12,123,82,67,6" hai1="5,77,113,4,73,59,22,109,101,56,76,119,31" hai2="131,79,91,19,93,89,127,48,51,11,133,24,40" hai3="1,18,20,47,23,129,15,39,41,62,54,25,61"/><V126/><F79/><W72/><G129/><T84/><D125/><N who="2" m="47626" /><F133/><W98/><G1/><T81/><D104/><U27/><E113/><V115/><F115/><W7/><G72/><T88/><D0/><U36/><E36/><V9/><F131/><W35/><G98/><T30/><D67/><U85/><E73/><V26/><F40/><W28/><G7/><T90/><D78/><U74/><E74/><V108/><F108/><W10/><REACH who="3" step="1"/><G54/><REACH who="3" ten="201,303,446,40" step="2"/><T75/><D75/><U58/><E4/><V8/><F19/><W92/><G92/><T124/><D124/><U45/><E5/><V52/><F93/><W95/><G95/><T21/><D6/><U128/><E128/><V96/><F96/><W37/><G37/><T16/><D30/><U14/><E31/><V102/><F102/><W132/><G132/><T116/><D116/><U112/><E101/><V134/><F134/><W87/><G87/><T111/><D111/><U13/><E85/><V17/><F17/><W33/><G33/><T100/><D100/><U60/><E109/><V2/><F2/><W120/><G120/><T55/><REACH who="0" step="1"/><D43/><REACH who="0" ten="191,303,446,40" step="2"/><U71/><E119/><V106/><F106/><W42/><G42/><T80/><D80/><U65/><E112/><V135/><F135/><W117/><G117/><T63/><D63/><AGARI ba="2,2" hai="10,15,18,20,23,25,28,35,39,41,47,61,62,63" machi="63" ten="40,2600,0" yaku="1,1,52,1,53,0" doraHai="29" doraHaiUra="107" who="3" fromWho="0" sc="191,-32,303,0,446,0,40,52" /><INIT seed="3,0,0,4,1,74" ten="159,303,446,92" oya="3" hai0="129,43,90,104,60,78,16,89,35,38,132,117,81" hai1="0,31,12,20,63,47,7,52,42,14,15,46,120" hai2="88,4,84,51,96,39,118,87,134,40,86,133,48" hai3="77,53,126,128,80,130,119,62,54,131,25,73,125"/><W115/><G115/><T82/><D117/><U107/><E107/><V50/><F4/><W37/><G119/><T1/><D104/><U59/><E120/><V135/><F118/><W61/><G37/><T110/><D35/><U106/><E106/><V103/><F39/><W93/><G25/><T124/><D1/><U109/><E109/><V29/><F29/><W66/><G93/><T76/><D124/><N who="3" m="47721" /><G61/><T13/><D110/><U17/><E31/><V33/><F33/><W57/><AGARI ba="0,0" hai="53,54,57,62,66,73,77,80,128,130,131" m="47721" machi="57" ten="40,7800,0" yaku="19,1,18,1,52,1" doraHai="74" who="3" fromWho="3" sc="159,-26,303,-26,446,-26,92,78" /><INIT seed="3,1,0,2,0,57" ten="133,277,420,170" oya="3" hai0="84,133,110,69,72,73,132,95,59,115,40,61,37" hai1="114,123,85,98,70,77,39,55,83,81,29,108,44" hai2="38,45,117,13,34,36,89,66,41,118,86,91,121" hai3="67,63,6,25,126,71,76,87,26,21,46,47,7"/><W16/><G126/><T124/><D124/><U88/><E114/><V96/><F34/><W129/><G129/><T135/><D115/><U80/><E70/><V33/><F33/><W60/><G26/><T65/><D110/><U113/><E113/><V22/><F66/><W78/><G60/><N who="0" m="40103" /><D40/><U90/><E123/><V100/><F36/><W122/><G122/><T103/><D37/><U112/><E112/><V9/><F22/><W64/><G64/><N who="0" m="38975" /><D84/><U27/><E108/><V82/><F91/><N who="1" m="34857" /><E98/><AGARI ba="1,0" hai="72,73,95,98,103,132,133,135" m="38975,40103" machi="98" ten="30,3900,0" yaku="20,1,52,2" doraHai="57" who="0" fromWho="1" sc="133,42,277,-42,420,0,170,0" owari="175,-22.5,235,3.5,420,52.0,170,-33.0" /></mjloggm>