<mjloggm ver="2.3"><GO type="225" lobby="0"/><UN n0="%E7%AD%89%E3%80%85%E5%8A%9B%E5%8A%87%E5%A0%B4" n1="%E3%83%8F%E3%82%AC%E3%82%BF%E3%82%AB%E3%81%AE%E3%81%88%E3%81%98%E3%81%8D" n2="%54%4F%52" n3="%E3%82%A2%E3%82%A4%E3%82%B9%E3%83%86%E3%82%A3%E3%83%BC%E3%81%82%E3%81%B9" dan="16,16,17,16" rate="2139.76,2174.62,2214.32,2080.94" sx="M,M,M,M"/><TAIKYOKU oya="0"/><INIT seed="0,0,0,3,3,67" ten="250,250,250,250" oya="0" hai0="75,45,17,81,63,133,56,39,128,111,104,69,77" hai1="13,112,10,46,95,30,32,125,66,15,127,124,5" hai2="52,120,89,103,123,33,23,110,12,20,2,108,21" hai3="100,40,85,119,60,102,4,7,70,86,121,38,68"/><T11/><D104/><U34/><E66/><V84/><F2/><W91/><G60/><T18/><D133/><U24/><E46/><V29/><F103/><W82/><G40/><T42/><D128/><U113/><E95/><V135/><F135/><W25/><G38/><T49/><D111/><N who="2" m="42538" /><F12/><W129/><G25/><T97/><D97/><U80/><E80/><N who="2" m="49287" /><F52/><W36/><G36/><T116/><D116/><U99/><E99/><V105/><F105/><W126/><G119/><T6/><D49/><U78/><E78/><V43/><F43/><W37/><G37/><T19/><D69/><U59/><E59/><V14/><F14/><W118/><G118/><T106/><D106/><U48/><E48/><V92/><F92/><W96/><G96/><T98/><D98/><U61/><E61/><V115/><F115/><N who="1" m="44105" /><E15/><V117/><F117/><W57/><G57/><T55/><REACH who="0" step="1"/><D19/><REACH who="0" ten="240,250,250,250" step="2"/><U31/><E31/><V54/><F123/><W64/><G121/><T26/><D26/><U72/><E72/><V74/><F74/><W22/><G70/><T53/><D53/><U93/><E93/><V16/><F120/><W87/><G68/><T73/><D73/><U58/><E58/><V79/><F54/><W27/><G27/><T101/><D101/><U131/><E131/><V9/><F29/><W90/><G129/><T122/><D122/><U1/><E1/><AGARI ba="0,1" hai="1,6,11,17,18,39,42,45,55,56,63,75,77,81" machi="1" ten="30,11600,0" yaku="1,1,7,1,25,2,53,0" doraHai="67" doraHaiUra="130" who="0" fromWho="1" sc="240,126,250,-116,250,0,250,0" /><INIT seed="0,1,0,0,5,42" ten="366,134,250,250" oya="0" hai0="60,99,73,125,6,77,85,76,126,38,119,108,49" hai1="66,81,34,122,26,37,87,72,21,36,35,45,56" hai2="1,83,78,70,135,127,3,112,113,114,101,134,25" hai3="10,107,80,79,30,75,5,110,7,2,43,39,27"/><T22/><D38/><U131/><E122/><V61/><F101/><W92/><G92/><T69/><D73/><U57/><E72/><V124/><F70/><W31/><G7/><T55/><D119/><U67/><E131/><V41/><F61/><W48/><G48/><T91/><D108/><U64/><E37/><V44/><F25/><W115/><G110/><T24/><D99/><U95/><E95/><V19/><F19/><W129/><G129/><T13/><D60/><U65/><N who="1" m="16384" /><DORA hai="82" /><U109/><E109/><V128/><F128/><W103/><G115/><T53/><D69/><U90/><E45/><V68/><F68/><W71/><G71/><T14/><D55/><U40/><E40/><V93/><F93/><W132/><G132/><N who="2" m="50729" /><F83/><W120/><G120/><T116/><D116/><U130/><E36/><N who="2" m="21543" /><F78/><N who="0" m="30314" /><D6/><U15/><E15/><V29/><F29/><W58/><G58/><N who="0" m="33071" /><D126/><AGARI ba="1,0" hai="1,3,112,113,114,124,126,127" m="21543,50729" machi="126" ten="40,8000,1" yaku="18,1,20,1,23,1,52,1" doraHai="42,82" who="2" fromWho="0" sc="366,-83,134,0,250,83,250,0" /><INIT seed="1,0,0,0,3,106" ten="283,134,333,250" oya="1" hai0="71,113,94,120,16,121,125,63,118,103,132,27,54" hai1="90,62,56,85,60,17,31,75,50,7,55,73,47" hai2="34,119,92,44,97,67,21,20,74,61,124,64,93" hai3="66,13,46,68,51,9,109,40,134,87,35,78,43"/><U114/><E114/><V86/><F74/><W30/><G109/><T112/><D118/><U99/><E99/><V80/><F34/><W101/><G101/><T2/><D2/><U100/><E100/><V37/><F119/><W95/><G134/><T6/><D6/><U29/><E7/><V3/><F3/><W22/><G35/><T49/><D125/><U11/><E62/><V32/><F32/><W0/><G0/><T133/><D94/><U4/><E4/><V45/><F124/><W10/><G66/><N who="0" m="41439" /><D103/><U79/><E79/><V98/><F61/><W105/><G68/><T69/><D69/><U130/><E130/><V128/><F86/><W58/><G58/><N who="0" m="33103" /><D16/><U33/><E33/><V38/><REACH who="2" step="1"/><F80/><REACH who="2" ten="283,134,323,250" step="2"/><W57/><G87/><T122/><D27/><U41/><E73/><V115/><F115/><AGARI ba="0,1" hai="112,113,115,120,121,122,132,133" m="33103,41439" machi="115" ten="40,5200,0" yaku="13,1,34,2" doraHai="106" who="0" fromWho="2" sc="283,62,134,0,323,-52,250,0" /><INIT seed="2,0,0,5,1,61" ten="345,134,271,250" oya="2" hai0="107,131,26,113,87,84,108,69,127,75,129,39,68" hai1="102,55,48,109,21,73,28,66,14,42,41,45,111" hai2="25,103,96,9,126,93,100,135,18,62,44,1,92" hai3="2,128,132,86,77,70,112,74,133,24,56,19,11"/><V65/><F135/><N who="3" m="51787" /><G70/><T117/><D69/><U33/><E73/><V120/><F120/><W82/><G128/><T0/><D131/><U123/><E123/><V130/><F130/><W118/><G118/><T78/><D87/><U64/><E33/><V88/><F126/><W10/><G2/><T22/><D22/><U83/><E102/><V50/><F1/><W53/><G112/><T119/><D84/><U23/><E83/><V4/><F4/><W8/><G74/><T98/><D98/><U114/><E114/><V49/><F103/><W31/><G19/><T7/><D26/><N who="1" m="16463" /><E111/><V51/><F25/><W32/><G11/><T54/><D54/><U3/><E3/><V47/><F18/><W59/><G59/><T12/><D12/><U34/><E34/><V125/><F9/><W35/><G32/><T101/><D78/><U95/><E95/><V121/><F125/><W37/><G37/><T71/><D101/><U38/><E38/><V104/><F121/><W94/><G94/><T124/><D7/><U13/><E109/><V76/><F76/><W116/><G116/><T91/><D91/><U115/><E115/><V134/><F134/><W72/><G72/><T40/><D75/><U89/><E89/><V63/><F104/><W81/><G82/><T105/><D113/><U52/><E55/><V30/><F30/><W97/><G97/><T29/><D29/><U99/><E99/><V85/><REACH who="2" step="1"/><F62/><AGARI ba="0,0" hai="8,10,24,31,35,53,56,62,77,81,86" m="51787" machi="62" ten="30,1000,0" yaku="20,1" doraHai="61" who="3" fromWho="2" sc="345,0,134,0,271,-10,250,10" /><INIT seed="3,0,0,0,5,115" ten="345,134,261,260" oya="3" hai0="52,20,23,78,88,12,28,108,74,4,64,56,131" hai1="89,57,86,112,130,59,97,15,9,123,101,29,102" hai2="3,2,76,95,116,55,38,68,58,43,92,42,0" hai3="13,34,98,104,22,117,66,6,16,110,134,127,81"/><W79/><G34/><T109/><D131/><U61/><E130/><V35/><F68/><W44/><G127/><T36/><D36/><U75/><E75/><V103/><F35/><W129/><G129/><T47/><D47/><U17/><E112/><V19/><F116/><W70/><G117/><T21/><D64/><U62/><E123/><V51/><F76/><W82/><G134/><T118/><D118/><U7/><E29/><V106/><F106/><W71/><G66/><T26/><D78/><U105/><E105/><V122/><F122/><W27/><G110/><N who="0" m="42603" /><D74/><U32/><E32/><V120/><F120/><W72/><G82/><T113/><D113/><U63/><E7/><V18/><F38/><W45/><G71/><T99/><D12/><U25/><E25/><V132/><F132/><W135/><G70/><T87/><D99/><U90/><E97/><V1/><F1/><W83/><G83/><N who="0" m="49279" /><D4/><U85/><E15/><V8/><F8/><W128/><G135/><T11/><D11/><U114/><E114/><V80/><F80/><W111/><G128/><T93/><D93/><U5/><E9/><V69/><F69/><W77/><G77/><T119/><D119/><U67/><E5/><V40/><F103/><N who="1" m="39433" /><E17/><V121/><F121/><W53/><G111/><T94/><D94/><N who="1" m="54575" /><E67/><V60/><F19/><W48/><G104/><T30/><D30/><U31/><E31/><V14/><F18/><N who="3" m="12759" /><G98/><T37/><D37/><U50/><E50/><AGARI ba="0,0" hai="20,21,23,26,28,50,52,56" m="49279,42603" machi="50" ten="30,3900,0" yaku="14,1,54,2" doraHai="115" who="0" fromWho="1" sc="345,39,134,-39,261,0,260,0" owari="384,48.4,95,-40.5,261,6.1,260,-14.0" /></mjloggm>