<mjloggm ver="2.3"><GO type="225" lobby="0"/><UN n0="%E3%81%AF%E3%82%88%E3%81%8A%E3%81%98%E3%81%95%E3%82%93" n1="%6D%75%75%73%61%6E%6D%75" n2="%E6%97%A5%E6%9B%9C%E6%97%A5%E3%82%88%E3%82%8A%E3%81%AE%E4%BD%BF%E8%80%85" n3="%E6%98%93%E5%88%A9%E8%96%A9%E4%BC%AF" dan="17,16,16,16" rate="2182.65,2137.19,2089.02,2030.18" sx="M,F,M,F"/><TAIKYOKU oya="0"/><INIT seed="0,0,0,2,3,58" ten="250,250,250,250" oya="0" hai0="92,78,129,103,63,68,50,66,101,61,91,35,86" hai1="8,62,102,30,9,105,108,74,125,11,119,52,59" hai2="93,124,82,37,54,72,13,126,53,57,42,85,97" hai3="2,96,90,111,77,100,95,112,10,19,127,41,5"/><T0/><D0/><U25/><E119/><V135/><F72/><W31/><G112/><T1/><D35/><U80/><E108/><V118/><F118/><W4/><G127/><N who="2" m="48681" /><F135/><W43/><G111/><T94/><D1/><U109/><E125/><V38/><F13/><W73/><G5/><T79/><D129/><U65/><E109/><V69/><F69/><W84/><G31/><T21/><D68/><U16/><E105/><V23/><F23/><W110/><G19/><T104/><D66/><U49/><E102/><N who="0" m="38921" /><D104/><U128/><E128/><V15/><F15/><W71/><G71/><T17/><D92/><U36/><E36/><N who="2" m="13931" /><F42/><W115/><G115/><T45/><D78/><U99/><E99/><V39/><N who="2" m="13939" /><V32/><DORA hai="6" /><F32/><W47/><G110/><T12/><D79/><U70/><E74/><V40/><F40/><AGARI ba="0,0" hai="12,17,21,40,45,50,61,63,86,91,94" m="38921" machi="40" ten="30,5800,0" yaku="8,1,52,2" doraHai="58,6" who="0" fromWho="2" sc="250,58,250,0,250,-58,250,0" /><INIT seed="0,1,0,4,0,60" ten="308,250,192,250" oya="0" hai0="119,105,28,57,30,71,115,135,13,41,117,78,104" hai1="134,40,95,110,130,5,31,101,36,15,85,73,91" hai2="132,21,48,97,79,123,22,45,9,126,65,3,128" hai3="64,18,14,93,121,50,72,61,16,102,122,112,32"/><T38/><D71/><U129/><E73/><V47/><F123/><N who="3" m="47115" /><G32/><T80/><D115/><U113/><E113/><V96/><F126/><W1/><G1/><T99/><D135/><U59/><E134/><V51/><F79/><W26/><G72/><T7/><D57/><U19/><E110/><V82/><F132/><W17/><G112/><T67/><D67/><U127/><E127/><V74/><F74/><W109/><G26/><T37/><D13/><U20/><E36/><V54/><F128/><W81/><G50/><T8/><D8/><U75/><E40/><V62/><F82/><W77/><G14/><T53/><D80/><U131/><E75/><V2/><F9/><W106/><G106/><T42/><D78/><U29/><E101/><V10/><F10/><W90/><G77/><T111/><D111/><U70/><E70/><V56/><F2/><W69/><G81/><T52/><REACH who="0" step="1"/><D99/><REACH who="0" ten="298,250,192,250" step="2"/><N who="2" m="37962" /><F3/><W23/><G109/><T103/><D103/><U63/><REACH who="1" step="1"/><E5/><AGARI ba="1,1" hai="5,7,28,30,37,38,41,42,52,53,104,105,117,119" machi="5" ten="25,9600,0" yaku="1,1,22,2,54,1,53,0" doraHai="60" doraHaiUra="35" who="0" fromWho="1" sc="298,109,250,-99,192,0,250,0" /><INIT seed="0,2,0,0,3,72" ten="407,151,192,250" oya="0" hai0="68,6,73,46,87,88,54,8,101,122,86,67,78" hai1="31,51,111,116,43,3,131,35,18,15,36,120,44" hai2="11,132,129,53,25,28,64,81,126,57,77,55,128" hai3="38,14,92,23,123,114,119,59,75,5,79,118,91"/><T135/><D122/><U40/><E120/><V130/><F126/><W95/><G114/><T134/><D73/><U103/><E116/><V61/><F11/><W102/><G38/><T84/><D101/><U104/><E3/><V48/><F132/><N who="0" m="50730" /><D67/><U45/><E111/><V22/><REACH who="2" step="1"/><F48/><REACH who="2" ten="407,151,182,250" step="2"/><W110/><G123/><T107/><D8/><U76/><E131/><V9/><F9/><W105/><G119/><T90/><D6/><U10/><E104/><V62/><F62/><W41/><G5/><T56/><D107/><U21/><E10/><V97/><F97/><W80/><G105/><T85/><D68/><U125/><E125/><V106/><F106/><W17/><G118/><T83/><D46/><U52/><E51/><AGARI ba="2,1" hai="51,54,56,78,83,84,85,86,87,88,90" m="50730" machi="51" ten="30,5800,0" yaku="20,1,52,1,54,1" doraHai="72" who="0" fromWho="1" sc="407,74,151,-64,182,0,250,0" /><INIT seed="0,3,0,3,5,108" ten="481,87,182,250" oya="0" hai0="74,17,96,28,30,47,88,93,36,57,131,48,109" hai1="92,126,97,10,116,15,37,7,91,56,58,53,130" hai2="120,85,59,54,129,40,44,135,72,38,107,0,13" hai3="18,81,55,123,19,111,70,4,84,25,8,119,76"/><T89/><D74/><U42/><E116/><V105/><F120/><W100/><G119/><T16/><D109/><U52/><E130/><V50/><F72/><W112/><G111/><T60/><D36/><U117/><E117/><V14/><F0/><W49/><G123/><T90/><D131/><U45/><REACH who="1" step="1"/><E126/><REACH who="1" ten="481,77,182,250" step="2"/><V122/><F129/><W80/><G112/><T32/><D32/><U61/><E61/><V124/><F124/><W62/><G100/><N who="0" m="60431" /><D30/><U46/><E46/><V3/><F122/><W79/><G62/><T134/><D28/><U63/><E63/><V41/><F44/><W35/><G35/><T118/><D118/><U77/><E77/><V102/><F102/><W83/><G79/><T106/><D134/><U73/><E73/><V22/><F135/><W95/><G76/><T125/><D125/><U75/><E75/><V113/><F113/><W12/><G70/><T65/><D106/><U24/><E24/><V26/><F107/><W51/><G25/><T121/><D121/><U5/><E5/><V6/><F105/><W11/><G4/><T133/><D133/><U98/><E98/><V128/><F128/><W110/><G110/><T101/><D101/><U27/><E27/><V99/><F99/><W114/><G114/><T68/><D68/><U34/><E34/><V104/><F104/><W64/><G19/><T23/><D23/><U127/><E127/><V43/><F22/><W20/><G20/><T21/><D21/><U82/><E82/><V86/><F26/><W31/><G18/><T29/><D29/><U67/><E67/><V2/><F6/><RYUUKYOKU ba="3,1" sc="481,15,77,15,182,-15,250,-15" hai0="16,17,47,48,57,60,65,88,89,90" hai1="7,10,15,37,42,45,52,53,56,58,91,92,97" /><INIT seed="0,4,1,0,1,113" ten="496,92,167,235" oya="0" hai0="65,91,13,60,86,29,9,127,51,74,33,64,128" hai1="125,54,112,81,120,17,111,135,101,24,121,84,132" hai2="107,89,19,41,5,94,53,21,88,82,116,57,31" hai3="12,28,104,52,50,18,45,36,118,75,30,34,130"/><T80/><D127/><U1/><E1/><V37/><F107/><W4/><G104/><T119/><D128/><U100/><E54/><V110/><F110/><W55/><G75/><T131/><D131/><U40/><E40/><V61/><F116/><W20/><G130/><T42/><D119/><U10/><E10/><V49/><F31/><W96/><G34/><T97/><D74/><U129/><E17/><V99/><F5/><W63/><G36/><T85/><D33/><U83/><E24/><N who="2" m="14399" /><F37/><W134/><G134/><N who="1" m="51242" /><E129/><V77/><F77/><W102/><G4/><T38/><D38/><U23/><E23/><V79/><F79/><W59/><REACH who="3" step="1"/><G118/><REACH who="3" ten="496,92,167,225" step="2"/><T27/><D42/><U16/><E111/><V47/><F82/><N who="1" m="31241" /><E125/><V6/><F6/><W46/><G46/><T123/><D80/><U48/><E112/><V56/><F56/><W8/><G8/><T22/><D9/><U76/><E76/><V43/><F43/><W87/><G87/><T92/><D86/><U25/><E84/><V44/><F44/><W32/><G32/><T105/><D85/><U78/><E78/><V62/><F62/><W109/><G109/><T133/><D60/><U71/><E48/><V124/><F124/><W93/><AGARI ba="4,2" hai="12,18,20,28,30,45,50,52,55,59,63,93,96,102" machi="93" ten="20,12000,2" yaku="1,1,0,1,7,1,8,1,54,1,53,1" doraHai="113" doraHaiUra="58" who="3" fromWho="3" sc="496,-64,92,-34,167,-34,225,152" /><INIT seed="1,0,0,1,5,46" ten="432,58,133,377" oya="1" hai0="48,16,111,37,69,30,49,113,133,60,3,63,54" hai1="115,127,44,68,90,88,39,17,9,2,99,7,130" hai2="61,120,81,98,51,78,25,50,66,105,45,31,12" hai3="114,24,11,89,64,104,107,41,14,117,129,82,112"/><U34/><E115/><V4/><F120/><W20/><G129/><T23/><D113/><U134/><E68/><N who="2" m="42063" /><F12/><W97/><G117/><T94/><D37/><U84/><E34/><N who="2" m="20847" /><F45/><W135/><G135/><T19/><D3/><U26/><E134/><V33/><F4/><W10/><G41/><T85/><D133/><U124/><E130/><V21/><F21/><W121/><G11/><T32/><D32/><U109/><E109/><V47/><F47/><W56/><G121/><T59/><D111/><U57/><E57/><V65/><F65/><W91/><G64/><T131/><D131/><U123/><E123/><V122/><F33/><W62/><G62/><N who="0" m="23595" /><D48/><U106/><E26/><V36/><F36/><W71/><G56/><T118/><D118/><U43/><E17/><V74/><F122/><W108/><G71/><T83/><D94/><U92/><REACH who="1" step="1"/><E106/><REACH who="1" ten="432,48,133,377" step="2"/><V116/><F116/><W35/><G107/><T73/><D69/><U27/><E27/><V126/><F126/><W102/><G108/><T42/><D19/><U80/><AGARI ba="0,1" hai="2,7,9,39,43,44,80,84,88,90,92,99,124,127" machi="80" ten="30,12000,1" yaku="1,1,0,1,54,1,53,2" doraHai="46" doraHaiUra="87" who="1" fromWho="1" sc="432,-40,48,130,133,-40,377,-40" /><INIT seed="1,1,0,4,1,91" ten="392,178,93,337" oya="1" hai0="35,55,135,79,119,99,126,56,76,129,75,26,98" hai1="132,69,3,106,94,44,89,53,110,103,107,2,122" hai2="125,57,9,0,109,104,68,113,42,36,17,77,46" hai3="105,5,73,67,43,49,74,61,52,58,120,131,45"/><U30/><E122/><V18/><F68/><W1/><G120/><T15/><D119/><U134/><E69/><V29/><F104/><W33/><G33/><T39/><D39/><U66/><E66/><V88/><F109/><W81/><G105/><T70/><D70/><U96/><E110/><V112/><F77/><W14/><G1/><T101/><D126/><U78/><E107/><V121/><F29/><W87/><G131/><T62/><D129/><U20/><E78/><V95/><F121/><W50/><G5/><T127/><D127/><U92/><E106/><V4/><F57/><W100/><G100/><T116/><D116/><U63/><E30/><V71/><F71/><W27/><G27/><T22/><D135/><N who="1" m="51755" /><E20/><V65/><F65/><W32/><G14/><T93/><D75/><U47/><E63/><V16/><REACH who="2" step="1"/><F125/><REACH who="2" ten="392,178,83,337" step="2"/><W72/><G32/><T6/><D35/><U111/><E111/><V10/><F10/><W8/><G8/><T25/><D76/><U23/><E23/><V115/><F115/><W90/><G72/><T102/><D79/><U28/><E28/><V37/><F37/><W11/><G11/><N who="0" m="4599" /><D22/><U31/><E31/><V7/><F7/><W40/><G67/><T59/><D59/><U130/><E130/><V82/><F82/><W51/><G74/><T97/><D56/><U133/><E133/><V60/><F60/><W108/><G108/><T84/><D62/><U85/><E47/><V117/><F117/><W124/><G124/><T123/><D123/><U64/><E64/><V19/><N who="2" m="4096" /><DORA hai="83" /><V34/><F34/><W13/><G73/><RYUUKYOKU ba="1,1" sc="392,-15,178,15,83,15,337,-15" hai1="2,3,44,53,85,89,92,94,96,103" hai2="0,4,9,36,42,46,88,95,112,113" /><INIT seed="1,2,1,4,5,37" ten="377,193,98,322" oya="1" hai0="18,82,79,83,114,46,49,39,22,64,70,127,31" hai1="123,119,122,7,12,104,92,73,25,51,98,108,107" hai2="112,76,20,115,67,61,38,121,60,75,77,16,85" hai3="128,55,134,89,124,52,97,36,59,84,8,34,5"/><U35/><E119/><V68/><F121/><W135/><G34/><T66/><D114/><N who="2" m="43562" /><F75/><W94/><G128/><T3/><D3/><U90/><E73/><V1/><F1/><W53/><G36/><T111/><D39/><U33/><E108/><V99/><F85/><W21/><G21/><T15/><D70/><U96/><E35/><V28/><F28/><W117/><G124/><T125/><D31/><U57/><E33/><V41/><F61/><W30/><G30/><T80/><D79/><U19/><E25/><N who="2" m="14471" /><F99/><W2/><G117/><T87/><D87/><U106/><E98/><V102/><F102/><W91/><REACH who="3" step="1"/><G59/><REACH who="3" ten="377,193,98,312" step="2"/><T69/><D111/><U27/><E122/><V6/><F6/><W81/><AGARI ba="2,2" hai="2,5,8,52,53,55,81,84,89,91,94,97,134,135" machi="81" ten="30,7900,0" yaku="1,1,2,1,0,1,54,1,53,0" doraHai="37" doraHaiUra="10" who="3" fromWho="3" sc="377,-22,193,-41,98,-22,312,105" /><INIT seed="2,0,0,5,0,16" ten="355,152,76,417" oya="2" hai0="21,67,75,35,78,70,74,122,60,33,94,5,83" hai1="92,24,98,116,108,119,73,82,3,128,85,8,37" hai2="39,13,132,131,51,96,25,19,123,104,58,129,66" hai3="121,54,36,77,88,30,6,115,57,72,50,90,27"/><V1/><F1/><W110/><G36/><T55/><D122/><U120/><E73/><V86/><F39/><W22/><G121/><T68/><D74/><U99/><E120/><V107/><F123/><W103/><G110/><T124/><D124/><U26/><E108/><V125/><F125/><W130/><G130/><N who="2" m="49673" /><F132/><W20/><G115/><T81/><D68/><U126/><E128/><V89/><F25/><N who="3" m="16679" /><G72/><T7/><D81/><U34/><E37/><V114/><F96/><W43/><G43/><T41/><D41/><U23/><E99/><V118/><F118/><W100/><G6/><T91/><D55/><U71/><E98/><V17/><F114/><W0/><G77/><T9/><D5/><U64/><E126/><V32/><F32/><W101/><G0/><T109/><D109/><U105/><E34/><V40/><F40/><W134/><G134/><T106/><D106/><N who="2" m="40490" /><F13/><W84/><G84/><T53/><D33/><U45/><E3/><V15/><F15/><W4/><G4/><T65/><D35/><U93/><E105/><V29/><F29/><AGARI ba="0,0" hai="22,27,29,50,54,57,88,90,100,101,103" m="16679" machi="29" ten="30,7700,0" yaku="8,1,52,2,54,1" doraHai="16" who="3" fromWho="2" sc="355,0,152,0,76,-77,417,77" owari="355,15.5,152,-24.8,-1,-50.1,494,59.4" /></mjloggm>