<mjloggm ver="2.3"><GO type="225" lobby="0"/><UN n0="%E3%81%86%E3%81%A1%E3%83%BC" n1="%72%69%6F%75%63%68%61%6E" n2="%6E%69%63%6B%6C%6F%77" n3="%E3%81%86%E3%83%BC%E3%81%B1%E3%83%BC" dan="17,17,16,16" rate="2174.39,2195.46,2114.22,2107.66" sx="M,M,F,M"/><TAIKYOKU oya="0"/><INIT seed="0,0,0,2,0,90" ten="250,250,250,250" oya="0" hai0="91,80,128,26,8,18,4,71,40,55,86,131,122" hai1="102,63,31,78,94,103,43,27,123,95,12,13,132" hai2="11,88,52,5,19,105,133,2,100,32,81,6,69" hai3="57,17,72,118,16,42,127,106,62,7,3,87,114"/><T73/><D122/><U45/><E123/><V120/><F69/><W10/><G72/><T96/><D71/><U66/><E132/><V48/><F120/><W35/><G114/><T135/><D135/><U68/><E78/><V21/><F133/><W51/><G118/><T58/><D40/><U23/><E103/><V41/><F6/><W15/><G106/><T97/><D73/><U116/><E116/><V117/><F117/><W0/><G35/><T76/><D18/><U75/><E75/><V33/><F41/><W85/><G0/><T44/><D44/><U46/><E46/><V112/><F112/><W20/><G17/><T65/><D26/><U125/><E125/><V101/><F32/><W34/><G34/><T9/><D65/><U36/><REACH who="1" step="1"/><E102/><REACH who="1" ten="250,240,250,250" step="2"/><V54/><F105/><W99/><G127/><T1/><D76/><U30/><E30/><V67/><F33/><W59/><G42/><T98/><REACH who="0" step="1"/><D9/><REACH who="0" ten="240,240,250,250" step="2"/><U119/><E119/><V107/><F107/><W110/><G10/><T39/><D39/><U93/><AGARI ba="0,2" hai="12,13,23,27,31,36,43,45,63,66,68,93,94,95" machi="93" ten="30,16000,3" yaku="1,1,0,1,52,3,53,3" doraHai="90" doraHaiUra="89" who="1" fromWho="1" sc="240,-80,240,180,250,-40,250,-40" /><INIT seed="1,0,0,5,5,111" ten="160,420,210,210" oya="1" hai0="97,80,90,64,19,95,22,10,44,133,71,121,135" hai1="99,21,69,129,109,11,18,131,114,26,27,122,123" hai2="62,55,79,34,47,89,53,54,130,29,91,30,85" hai3="73,115,104,8,1,93,75,74,94,101,25,110,116"/><U132/><E114/><V61/><F34/><W16/><G110/><T24/><D121/><N who="1" m="46091" /><E69/><V84/><F130/><N who="1" m="49673" /><E99/><V13/><F13/><W0/><G115/><T113/><D113/><U58/><E58/><V9/><F79/><W102/><G116/><T37/><D64/><U83/><E83/><V20/><F20/><W125/><G125/><T4/><D71/><U128/><N who="1" m="49681" /><U45/><DORA hai="46" /><E45/><V118/><F47/><W87/><G104/><T68/><D68/><U88/><E88/><N who="2" m="33867" /><F9/><W92/><G87/><N who="2" m="33353" /><F118/><W117/><G117/><T105/><D10/><U38/><E38/><V59/><F59/><W98/><G8/><T103/><D22/><N who="1" m="13655" /><E109/><V28/><AGARI ba="0,0" hai="28,29,30,53,54,55,61,62" m="33353,33867" machi="28" ten="40,8000,1" yaku="28,2,8,1,54,1" doraHai="111,46" who="2" fromWho="2" sc="160,-20,420,-40,210,80,210,-20" /><INIT seed="2,0,0,1,5,40" ten="140,380,290,190" oya="2" hai0="61,80,13,11,26,18,75,21,129,69,31,34,116" hai1="76,23,74,50,47,72,17,7,127,97,60,83,65" hai2="123,54,57,121,88,30,134,42,122,14,126,109,28" hai3="55,132,1,115,22,96,113,131,33,71,19,100,114"/><V51/><F126/><W105/><G132/><T98/><D129/><U82/><E127/><V15/><F134/><W3/><G131/><T20/><D116/><U24/><E7/><V107/><F107/><W43/><G33/><T93/><D75/><U38/><E38/><V4/><F109/><W111/><G111/><T119/><D119/><U53/><E97/><V70/><F70/><W41/><G71/><T37/><D37/><U9/><E9/><V85/><F42/><N who="3" m="15883" /><G55/><T62/><D80/><U130/><E130/><V90/><F4/><W81/><G81/><T44/><D44/><U73/><REACH who="1" step="1"/><E83/><REACH who="1" ten="140,370,290,190" step="2"/><V86/><F123/><W67/><G3/><T77/><D77/><U124/><E124/><V99/><F99/><W2/><G1/><T56/><D69/><AGARI ba="0,1" hai="17,23,24,47,50,53,60,65,69,72,73,74,76,82" machi="69" ten="30,3900,0" yaku="1,1,7,1,52,1,53,0" doraHai="40" doraHaiUra="101" who="1" fromWho="0" sc="140,-39,370,49,290,0,190,0" /><INIT seed="3,0,0,0,1,129" ten="101,419,290,190" oya="3" hai0="59,48,87,64,57,13,78,119,69,88,23,95,73" hai1="112,114,120,55,28,97,53,121,30,133,10,39,14" hai2="8,17,101,12,134,94,92,56,98,113,49,117,81" hai3="83,66,33,118,6,109,100,68,111,31,34,131,1"/><W75/><G131/><T102/><D119/><U105/><E133/><V116/><F113/><W135/><G118/><T79/><D69/><U43/><E43/><V128/><F128/><W0/><G100/><T45/><D73/><U84/><E39/><V50/><F134/><W47/><G47/><T62/><D102/><U44/><E84/><V90/><F81/><W63/><G135/><T77/><D59/><U127/><E97/><V132/><F132/><W82/><G82/><T2/><D2/><N who="3" m="1129" /><G6/><T89/><D89/><U46/><E105/><V115/><F115/><W123/><G123/><T80/><D13/><U11/><E14/><V96/><F49/><W37/><G37/><T108/><D23/><U65/><E65/><V7/><F7/><W107/><G107/><T74/><D108/><N who="3" m="41545" /><G31/><T20/><D20/><U103/><E103/><V71/><F71/><W9/><G9/><T16/><D74/><U67/><E67/><V22/><F8/><W60/><G60/><T70/><D70/><U52/><E53/><N who="2" m="31799" /><F117/><W3/><N who="3" m="1137" /><W58/><DORA hai="76" /><G58/><T91/><D16/><U4/><E4/><V54/><F116/><W125/><G125/><AGARI ba="0,0" hai="10,11,28,30,44,46,52,55,112,114,120,121,125,127" machi="125" ten="25,3200,0" yaku="22,2,54,1" doraHai="129,76" who="1" fromWho="3" sc="101,0,419,32,290,0,190,-32" owari="101,-39.9,451,55.1,290,9.0,158,-24.2" /></mjloggm>