<mjloggm ver="2.3"><GO type="225" lobby="0"/><UN n0="%72%69%6F%75%63%68%61%6E" n1="%E9%B3%B3%E6%9D%B1%E3%81%AE%E3%81%BF%E3%81%91%E3%81%AB%E3%82%83%E3%82%93" n2="%E3%81%B2%E3%81%AA%E3%81%AE%E3%82%8A%E3%81%8F" n3="%E5%A4%96%E5%B7%9D%E7%AB%9C%E6%88%90" dan="16,16,17,16" rate="2106.93,2042.12,2233.45,2155.38" sx="M,F,M,M"/><TAIKYOKU oya="0"/><INIT seed="0,0,0,0,3,135" ten="250,250,250,250" oya="0" hai0="90,72,36,52,15,55,71,57,66,33,34,99,6" hai1="74,86,84,10,77,31,44,17,41,40,91,35,107" hai2="118,109,83,12,104,129,126,65,50,111,42,20,96" hai3="112,28,46,26,110,105,133,115,76,29,27,124,67"/><T5/><D36/><U127/><E107/><V43/><F129/><W2/><G105/><T23/><D72/><U102/><E102/><V38/><F38/><W45/><G67/><T8/><D5/><U1/><E35/><V125/><F65/><W9/><G76/><T68/><D66/><U106/><E106/><V114/><F114/><W128/><G133/><T64/><D64/><U117/><E31/><V59/><F118/><W113/><G128/><T18/><D33/><U89/><E117/><V93/><F104/><W24/><G110/><N who="2" m="41993" /><F83/><W103/><G103/><T100/><D34/><U116/><E116/><V122/><F122/><W94/><G94/><N who="0" m="56791" /><D100/><U53/><E74/><V87/><F87/><W132/><G132/><T120/><D120/><U97/><E1/><V98/><F59/><W73/><G73/><T4/><D68/><U101/><E84/><V0/><F0/><W82/><G82/><T49/><D71/><U63/><E86/><V108/><N who="2" m="42001" /><V14/><DORA hai="7" /><F98/><W22/><G2/><T95/><D95/><U11/><E97/><V80/><F80/><W69/><G69/><T3/><D3/><U51/><E77/><V32/><F32/><W85/><G85/><T61/><D23/><U47/><E44/><AGARI ba="0,0" hai="4,6,8,15,18,44,49,52,55,57,61" m="56791" machi="44" ten="30,5800,0" yaku="8,1,52,1,54,1" doraHai="135,7" who="0" fromWho="1" sc="250,58,250,-58,250,0,250,0" /><INIT seed="0,1,0,4,0,90" ten="308,192,250,250" oya="0" hai0="96,87,100,8,24,124,45,61,120,49,66,121,131" hai1="53,60,130,132,92,113,43,111,68,40,114,106,119" hai2="52,126,51,133,85,30,117,25,48,28,17,34,72" hai3="19,122,26,88,134,29,6,32,89,56,18,11,4"/><T80/><D124/><U112/><E106/><V46/><F72/><W83/><G134/><T98/><D131/><U3/><E3/><V12/><F133/><W99/><G122/><T116/><D116/><U9/><E119/><V127/><F117/><W75/><G56/><T69/><D8/><U70/><E132/><V31/><F51/><W101/><G4/><T118/><D118/><U15/><E130/><V62/><F62/><W95/><G75/><T14/><D14/><U0/><E0/><V110/><F110/><W21/><G32/><T1/><D24/><U82/><E82/><V125/><REACH who="2" step="1"/><F85/><REACH who="2" ten="308,192,240,250" step="2"/><N who="3" m="50239" /><G101/><T42/><D1/><U63/><E111/><V73/><F73/><W39/><G39/><T38/><D38/><U5/><E63/><V10/><AGARI ba="1,1" hai="10,12,17,25,28,30,31,34,46,48,52,125,126,127" machi="10" ten="30,7900,0" yaku="1,1,0,1,18,1,54,1,53,0" doraHai="90" doraHaiUra="108" who="2" fromWho="2" sc="308,-40,192,-21,240,92,250,-21" /><INIT seed="1,0,0,2,0,123" ten="268,171,332,229" oya="1" hai0="48,113,30,108,91,72,86,98,27,79,57,95,44" hai1="87,7,34,78,77,39,99,114,22,94,58,111,126" hai2="127,64,80,105,71,17,121,92,9,88,125,69,84" hai3="32,96,76,90,3,112,5,8,18,0,11,43,53"/><U128/><E114/><V133/><F105/><W46/><G112/><T93/><D108/><U24/><E39/><V75/><F121/><W10/><G32/><T33/><D113/><U130/><E34/><V15/><F133/><W14/><G76/><T6/><D6/><U2/><E126/><N who="2" m="48139" /><F64/><W59/><G96/><T25/><D27/><U45/><E45/><V63/><F63/><W68/><G90/><T81/><D57/><U35/><E35/><V117/><F117/><W56/><G68/><N who="2" m="26185" /><F75/><W19/><G53/><T103/><D44/><U51/><E58/><V50/><F50/><W29/><G29/><T21/><D48/><U119/><E51/><V40/><F40/><W26/><G46/><T89/><REACH who="0" step="1"/><D33/><REACH who="0" ten="258,171,332,229" step="2"/><U129/><E119/><V49/><F49/><W116/><G116/><T42/><D42/><U37/><E37/><V66/><F66/><W70/><G43/><T65/><D65/><U120/><E120/><V47/><F47/><W106/><G70/><T41/><D41/><U100/><E111/><V20/><F20/><W1/><G56/><T12/><D12/><U104/><E7/><V134/><F134/><W73/><G59/><T85/><D85/><U38/><E38/><V13/><F13/><W16/><G73/><T36/><D36/><U54/><E2/><V101/><F101/><AGARI ba="0,1" hai="21,25,30,72,79,81,86,89,91,93,95,98,101,103" machi="101" ten="40,1300,0" yaku="1,1,53,0" doraHai="123" doraHaiUra="31" who="0" fromWho="2" sc="258,23,171,0,332,-13,229,0" /><INIT seed="2,0,0,4,1,109" ten="281,171,319,229" oya="2" hai0="121,129,72,32,126,47,102,60,122,106,19,133,66" hai1="61,113,50,71,73,17,2,0,78,103,11,44,12" hai2="29,34,124,7,39,31,15,18,93,16,131,35,42" hai3="125,132,41,75,69,112,26,70,92,14,24,36,58"/><V120/><F120/><W9/><G75/><T110/><D72/><U105/><E105/><V20/><F39/><W22/><G26/><T8/><D110/><U117/><E117/><V90/><F42/><W91/><G41/><T57/><D32/><U123/><E103/><V63/><F7/><W127/><G36/><T64/><D64/><U67/><E123/><V89/><F131/><W68/><G58/><T43/><D129/><U46/><E46/><V85/><F124/><N who="3" m="47691" /><G132/><T56/><D126/><U82/><REACH who="1" step="1"/><E113/><REACH who="1" ten="281,161,319,229" step="2"/><V28/><F35/><W98/><G112/><T135/><D102/><U97/><E97/><V54/><F34/><W55/><G98/><T115/><D106/><U104/><E104/><V33/><F33/><W30/><G70/><T25/><D115/><U84/><E84/><V38/><F85/><N who="3" m="52335" /><G55/><AGARI ba="0,1" hai="0,2,11,12,17,44,50,55,61,67,71,73,78,82" machi="55" ten="30,3900,0" yaku="1,1,7,1,53,1" doraHai="109" doraHaiUra="13" who="1" fromWho="3" sc="281,0,161,49,319,0,229,-39" /><INIT seed="3,0,0,1,2,84" ten="281,210,319,190" oya="3" hai0="36,91,17,66,61,41,121,71,134,16,111,54,64" hai1="19,103,12,108,48,53,47,129,83,88,102,98,133" hai2="38,60,76,67,15,92,9,2,110,73,18,21,115" hai3="90,112,124,23,30,86,39,132,135,10,82,131,35"/><W127/><G39/><T70/><D121/><U34/><E34/><V96/><F38/><W7/><G35/><T4/><D111/><U123/><E123/><V63/><F110/><W104/><G104/><T89/><D134/><N who="3" m="51241" /><G112/><T128/><D128/><U42/><E108/><V118/><F115/><W95/><G30/><T109/><D109/><U78/><E133/><V85/><F73/><W126/><G23/><T43/><D4/><U24/><E24/><V77/><F21/><W75/><G75/><T107/><D36/><U3/><E3/><V33/><F2/><N who="3" m="375" /><G95/><T62/><D54/><U27/><E27/><V1/><F1/><W11/><G11/><T116/><D107/><U105/><E129/><AGARI ba="0,0" hai="82,86,90,124,126,127,129,131" m="375,51241" machi="129" ten="40,12000,1" yaku="30,2,18,1,20,1,52,1" doraHai="84" who="3" fromWho="1" sc="281,0,210,-120,319,0,190,120" /><INIT seed="3,1,0,2,4,95" ten="281,90,319,310" oya="3" hai0="91,23,27,12,61,60,49,64,11,90,93,110,105" hai1="38,101,42,132,86,117,118,30,62,134,0,107,114" hai2="51,106,55,18,88,59,56,108,83,40,79,13,31" hai3="65,73,72,6,109,29,111,7,45,1,74,104,41"/><W129/><G129/><T4/><D110/><N who="3" m="41993" /><G104/><T44/><D105/><U94/><E94/><V20/><F106/><W82/><G65/><T8/><D8/><U71/><E71/><V70/><F108/><W69/><G69/><T15/><D15/><U67/><E67/><V121/><F70/><W28/><G82/><T16/><D64/><U76/><E76/><V58/><F121/><W33/><G1/><T39/><D39/><U81/><E81/><V120/><F120/><W26/><G29/><T127/><D127/><U113/><E113/><V63/><F31/><W66/><G66/><T75/><D75/><U78/><E78/><V84/><F79/><W125/><G125/><T131/><D131/><U89/><E89/><V77/><F77/><W128/><G128/><T3/><D3/><U54/><E54/><N who="2" m="34295" /><F40/><W10/><G10/><T133/><D133/><U17/><E17/><V122/><F122/><W21/><G21/><T5/><D5/><U24/><E24/><V116/><F116/><W57/><G57/><AGARI ba="1,0" hai="13,18,20,51,55,56,57,58,83,84,88" m="34295" machi="57" ten="30,2000,0" yaku="8,1,54,1" doraHai="95" who="2" fromWho="3" sc="281,0,90,0,319,23,310,-23" owari="281,-11.9,90,-41.0,342,44.2,287,8.7" /></mjloggm>