<mjloggm ver="2.3"><GO type="225" lobby="0"/><UN n0="%E3%83%AD%E3%83%83%E3%83%86%E9%9B%80%E7%90%83" n1="%E7%99%BD%E9%9B%AA%E4%B9%83%E6%84%9B" n2="%E9%BB%92%E9%89%84%E7%8F%A0%E9%9B%AB" n3="%E8%81%B7%E6%A5%AD%E3%80%81%E9%A2%A8%32" dan="17,16,16,16" rate="2262.67,2052.87,2171.95,2116.99" sx="M,F,M,M"/><TAIKYOKU oya="0"/><INIT seed="0,0,0,5,4,51" ten="250,250,250,250" oya="0" hai0="123,133,135,43,7,64,79,116,37,36,54,42,117" hai1="89,10,78,92,71,118,4,75,109,80,110,82,32" hai2="98,46,52,131,96,81,67,23,107,11,1,124,0" hai3="126,70,68,55,112,94,85,121,38,119,87,74,102"/><T53/><D79/><U91/><E71/><V48/><F67/><W127/><G119/><N who="0" m="45643" /><D64/><U69/><E32/><V97/><F107/><W104/><G38/><N who="0" m="14955" /><D7/><U15/><E69/><V40/><F131/><W99/><G112/><T47/><D123/><U2/><E118/><V58/><F124/><N who="3" m="47659" /><G74/><T5/><D5/><U128/><E128/><V61/><F11/><W6/><G6/><T33/><D33/><U86/><REACH who="1" step="1"/><E2/><REACH who="1" ten="250,240,250,250" step="2"/><V31/><REACH who="2" step="1"/><F81/><REACH who="2" ten="250,240,240,250" step="2"/><W18/><G68/><T3/><D3/><U56/><E56/><V130/><F130/><W93/><G70/><T83/><D83/><U108/><E108/><V111/><F111/><W76/><G121/><T14/><D135/><U105/><E105/><V50/><F50/><W27/><G104/><T101/><D133/><U49/><E49/><V129/><F129/><W113/><G94/><T21/><D47/><U35/><E35/><V45/><F45/><W19/><G93/><T9/><D9/><U26/><E26/><AGARI ba="0,2" hai="0,1,23,26,31,40,46,48,52,58,61,96,97,98" machi="26" ten="40,8000,1" yaku="1,1,52,1,54,1,53,1" doraHai="51" doraHaiUra="39" who="2" fromWho="1" sc="250,0,240,-80,240,100,250,0" /><INIT seed="1,0,0,5,3,43" ten="250,160,340,250" oya="1" hai0="84,86,41,87,128,76,132,68,55,116,94,21,61" hai1="135,9,131,3,109,77,89,25,65,60,111,100,28" hai2="82,91,31,117,19,127,133,81,122,11,17,23,78" hai3="29,48,38,16,50,113,99,14,108,22,115,74,114"/><U8/><E135/><V102/><F122/><W57/><G108/><N who="1" m="41546" /><E131/><V24/><F117/><W96/><G38/><T63/><D68/><U33/><E77/><V98/><F133/><W13/><G74/><T126/><D126/><U67/><E100/><V39/><F39/><W123/><G123/><T110/><D116/><U105/><E105/><V104/><F127/><W5/><G29/><T42/><D76/><U85/><E3/><V27/><F11/><N who="1" m="4169" /><E60/><V79/><F91/><W120/><G120/><T45/><D63/><U121/><E121/><V4/><F4/><W35/><G5/><T88/><D132/><U59/><E59/><V71/><F71/><W83/><G57/><T90/><D61/><U124/><E124/><V97/><F97/><W37/><G113/><T30/><D128/><U0/><E0/><V53/><F53/><W54/><G54/><T32/><D90/><U49/><E49/><V103/><F103/><W118/><G50/><N who="0" m="29135" /><D32/><U69/><E69/><V1/><F1/><W93/><G35/><T101/><D101/><U75/><E75/><V2/><F2/><W66/><G118/><T92/><D110/><U95/><AGARI ba="0,0" hai="25,28,33,65,67,85,89,95" m="4169,41546" machi="95" ten="30,3000,0" yaku="14,1,10,1" doraHai="43" who="1" fromWho="1" sc="250,-10,160,30,340,-10,250,-10" /><INIT seed="1,1,0,0,0,70" ten="240,190,330,240" oya="1" hai0="35,40,119,104,92,116,121,77,31,113,87,94,78" hai1="105,30,41,124,128,103,131,46,72,6,82,27,120" hai2="38,56,23,69,110,50,112,44,118,88,25,85,107" hai3="132,102,47,4,74,62,95,19,42,60,114,8,130"/><U93/><E120/><V45/><F118/><W37/><G74/><T129/><D40/><U51/><E124/><V15/><F107/><W91/><G114/><T13/><D13/><U21/><E105/><V83/><F69/><W89/><G130/><N who="1" m="49706" /><E6/><V12/><F112/><W22/><G132/><T96/><D31/><U65/><E65/><V79/><F110/><W28/><G102/><N who="0" m="62535" /><D35/><U20/><E20/><V32/><F32/><W53/><G28/><T43/><D43/><U76/><E93/><N who="0" m="35945" /><D129/><U115/><E103/><V66/><F38/><W57/><G62/><T52/><D52/><N who="1" m="29815" /><E115/><V125/><F125/><W100/><G100/><T64/><D64/><U59/><E59/><V48/><F66/><W99/><G22/><T9/><D9/><U127/><E127/><V49/><F56/><W135/><G135/><T1/><D1/><U33/><E33/><V90/><F12/><W126/><G126/><T75/><D113/><U61/><E41/><V0/><F15/><W34/><G42/><T108/><D108/><U73/><E73/><V68/><F0/><W54/><G57/><T97/><D121/><U36/><E61/><V117/><F68/><W7/><G54/><T14/><D14/><U10/><E10/><V3/><F3/><W5/><G8/><T122/><D122/><U80/><E80/><V18/><F117/><W86/><G53/><T71/><D71/><U29/><E29/><V98/><F45/><W26/><G34/><T67/><D67/><U17/><E30/><V109/><F44/><W81/><G47/><T133/><D119/><U58/><E58/><RYUUKYOKU ba="1,0" sc="240,-10,190,30,330,-10,240,-10" hai1="17,21,27,36,72,76,82" /><INIT seed="1,2,0,4,1,21" ten="230,220,320,230" oya="1" hai0="47,41,120,43,29,25,90,94,44,24,103,81,32" hai1="56,93,95,123,135,31,121,97,98,8,11,85,65" hai2="39,71,7,75,40,89,17,6,60,61,53,130,68" hai3="0,91,129,84,86,52,109,107,4,30,10,69,80"/><U132/><E85/><V33/><F75/><W58/><G109/><T134/><D134/><U20/><E20/><V26/><F39/><W48/><G69/><T16/><D120/><U35/><E56/><V82/><F40/><N who="0" m="15434" /><D32/><U122/><E65/><V131/><F82/><W133/><G107/><T87/><D29/><U19/><E19/><V34/><F89/><W46/><G133/><N who="1" m="51274" /><E31/><V79/><F79/><W116/><G116/><T96/><D16/><U127/><E35/><V66/><F17/><W118/><G118/><T3/><D3/><U49/><E49/><V126/><F53/><W100/><G30/><T92/><D92/><N who="1" m="35403" /><E127/><V72/><F72/><W23/><G23/><T113/><D113/><U112/><E112/><V45/><F66/><W111/><G111/><T64/><D64/><U128/><E128/><V77/><F126/><W28/><G129/><T99/><D99/><AGARI ba="2,0" hai="8,11,97,98,99,121,122,123" m="35403,51274" machi="99" ten="40,7700,0" yaku="28,2,20,1" doraHai="21" who="1" fromWho="0" sc="230,-83,220,83,320,0,230,0" /><INIT seed="1,3,0,0,3,80" ten="147,303,320,230" oya="1" hai0="89,128,134,69,28,53,41,133,64,65,103,115,90" hai1="59,106,79,34,50,2,18,9,19,74,52,15,6" hai2="132,5,75,17,7,10,16,44,38,104,101,126,46" hai3="87,121,62,39,83,73,45,0,93,12,99,21,85"/><U8/><E106/><V57/><F75/><W1/><G121/><T61/><D28/><U123/><E34/><V14/><F132/><N who="0" m="50794" /><D103/><U4/><E123/><V67/><F126/><W76/><G62/><N who="0" m="40087" /><D90/><U51/><E74/><V97/><F17/><W96/><G21/><T129/><D89/><U13/><E79/><V84/><F84/><W119/><G119/><T81/><D81/><U30/><E30/><V78/><F78/><W109/><G109/><T54/><D115/><U24/><E24/><V47/><F38/><W20/><G20/><T37/><D41/><U42/><E2/><V77/><F77/><W26/><G26/><T68/><D37/><U29/><E29/><V72/><F72/><W3/><G12/><T82/><D82/><U43/><E43/><V107/><F107/><W58/><G99/><T120/><D120/><U60/><E42/><V117/><F117/><W131/><G39/><T100/><D100/><U36/><E36/><V114/><F114/><W63/><G131/><AGARI ba="3,0" hai="53,54,61,65,68,128,129,131" m="40087,50794" machi="131" ten="30,7700,0" yaku="19,1,20,1,34,2" doraHai="80" who="0" fromWho="3" sc="147,86,303,0,320,0,230,-86" /><INIT seed="2,0,0,4,3,56" ten="233,303,320,144" oya="2" hai0="125,38,83,91,81,133,93,73,43,102,135,33,60" hai1="74,109,122,13,40,119,58,54,90,130,106,51,116" hai2="103,80,26,120,117,4,53,114,69,34,3,126,87" hai3="97,30,20,10,129,55,100,59,35,111,128,66,31"/><V2/><F114/><W124/><G35/><T79/><D33/><U63/><E106/><V50/><F117/><N who="1" m="45129" /><E90/><V39/><F39/><W6/><G111/><T5/><D5/><U113/><E74/><V62/><F120/><W45/><G45/><T104/><D60/><U21/><E21/><V14/><F103/><W72/><G72/><T71/><D71/><U68/><E13/><V57/><F126/><W92/><G124/><T7/><D43/><U41/><E113/><V82/><F82/><W37/><G37/><T25/><D25/><U85/><E85/><V78/><F34/><W123/><G123/><T75/><D38/><U98/><E98/><V36/><F36/><W89/><G89/><T112/><D7/><U0/><E0/><V110/><F26/><W95/><G95/><T28/><D28/><U101/><E101/><V24/><F24/><W12/><G55/><T47/><D47/><N who="1" m="28031" /><E122/><V108/><F14/><W115/><G115/><T46/><D46/><U52/><E109/><N who="2" m="42091" /><F4/><W49/><G49/><T16/><D112/><U131/><E68/><V96/><F96/><W77/><G77/><N who="0" m="44207" /><D125/><U29/><E29/><V42/><F69/><W107/><G107/><T121/><D16/><U118/><E118/><V99/><F99/><W94/><G20/><T44/><D121/><U86/><E86/><V132/><F132/><N who="0" m="50762" /><D102/><U9/><E9/><V19/><F19/><W27/><G94/><T64/><D104/><U18/><E18/><V11/><F11/><W15/><G15/><T8/><D8/><U134/><E134/><V23/><F23/><N who="3" m="15743" /><G31/><T17/><D93/><RYUUKYOKU ba="0,0" sc="233,-30,303,10,320,10,144,10" hai1="40,41,52,58,63,130,131" hai2="2,3,42,50,53,57,62,78,80,87" hai3="6,10,12,59,66,92,97,100,128,129" /><INIT seed="2,1,0,5,2,1" ten="203,313,330,154" oya="2" hai0="16,118,68,44,75,27,25,111,3,90,122,91,48" hai1="61,110,20,79,80,70,45,133,42,76,86,19,97" hai2="104,87,93,32,112,67,125,78,22,127,4,31,29" hai3="9,84,62,128,55,131,95,23,102,65,60,0,57"/><V101/><F112/><W64/><G23/><N who="0" m="13543" /><D3/><U99/><E110/><V26/><F104/><W132/><G132/><T34/><D34/><U121/><E133/><V24/><F67/><W69/><G65/><T46/><D75/><U59/><E70/><V37/><F37/><W72/><G72/><T11/><D68/><U14/><E76/><V113/><F113/><W51/><G62/><T2/><D2/><U8/><E20/><V114/><F114/><W38/><G38/><T82/><D122/><U58/><E121/><V56/><F56/><W17/><G17/><T100/><D100/><U109/><E59/><V36/><F36/><W83/><G102/><T107/><D107/><U108/><E109/><V33/><F22/><W92/><G128/><T74/><D74/><U13/><E13/><V98/><F4/><W88/><REACH who="3" step="1"/><G131/><REACH who="3" ten="203,313,330,144" step="2"/><T28/><D111/><U53/><E108/><V129/><F129/><W89/><G89/><T117/><D91/><U63/><E61/><V116/><F116/><W66/><G66/><T12/><D118/><U134/><E134/><V126/><F78/><W105/><G105/><T71/><D117/><U52/><E53/><V41/><F101/><W47/><G47/><T130/><D130/><U50/><AGARI ba="1,1" hai="8,14,19,42,45,50,52,58,63,79,80,86,97,99" machi="50" ten="20,5200,0" yaku="0,1,7,1,8,1,54,1" doraHai="1" who="1" fromWho="1" sc="203,-14,313,65,330,-27,144,-14" /><INIT seed="3,0,0,5,0,31" ten="189,378,303,130" oya="3" hai0="18,48,121,9,128,131,112,135,70,74,32,79,49" hai1="40,57,12,34,124,113,24,52,114,0,99,118,11" hai2="64,101,115,36,117,98,39,28,111,78,50,45,17" hai3="71,38,54,108,60,42,100,14,22,19,104,129,20"/><W41/><G129/><N who="0" m="49739" /><D32/><U46/><E0/><V29/><F115/><W27/><G108/><T1/><D135/><U95/><E124/><V10/><F117/><W106/><G38/><T120/><D112/><U87/><E87/><V133/><F78/><W59/><G71/><T125/><D125/><U76/><E76/><V68/><F133/><W33/><G33/><T56/><D70/><U134/><E134/><V122/><F111/><W35/><G35/><T4/><D18/><U132/><E132/><V89/><F89/><W2/><G2/><T73/><D79/><U37/><E118/><V53/><F122/><N who="0" m="47210" /><D56/><U72/><E72/><AGARI ba="0,0" hai="1,4,9,48,49,72,73,74" m="47210,49739" machi="72" ten="40,1300,0" yaku="19,1" doraHai="31" who="0" fromWho="1" sc="189,13,378,-13,303,0,130,0" owari="202,-19.8,365,46.5,303,10.3,130,-37.0" /></mjloggm>