<mjloggm ver="2.3"><GO type="225" lobby="0"/><UN n0="%E3%83%87%E3%83%A9%E3%82%B3%E3%83%83%E3%82%B3" n1="%2D%E8%B1%8A%E5%8F%A3%E3%82%81%E3%81%90%E3%81%BF%2D" n2="%72%69%6F%75%63%68%61%6E" n3="%28%EF%BF%A3%E2%96%BD%EF%BF%A3%29%CE%B4%E2%8C%92%E3%83%BB" dan="17,16,17,16" rate="2137.78,2108.87,2137.21,2106.39" sx="M,F,M,M"/><TAIKYOKU oya="0"/><INIT seed="0,0,0,0,3,113" ten="250,250,250,250" oya="0" hai0="7,6,106,75,54,123,79,92,81,0,15,66,117" hai1="111,41,84,118,89,55,99,131,4,65,1,88,93" hai2="23,59,2,11,51,82,72,77,109,86,3,45,130" hai3="83,125,62,60,37,102,57,38,33,47,94,31,100"/><T8/><D117/><U122/><E122/><V52/><F109/><W43/><G125/><T95/><D123/><U18/><E111/><V103/><F130/><W73/><G38/><T74/><D106/><U69/><E131/><V16/><F103/><W135/><G135/><T129/><D129/><U10/><E41/><V21/><F72/><W112/><G112/><T35/><D35/><U25/><E55/><V98/><F98/><W50/><G62/><T44/><D66/><U46/><E46/><V5/><F2/><W107/><G107/><T28/><D28/><U134/><E134/><V68/><F68/><W115/><G115/><T48/><REACH who="0" step="1"/><D74/><REACH who="0" ten="240,250,250,250" step="2"/><U90/><E118/><V101/><F101/><W24/><G102/><T97/><D97/><U56/><E99/><V26/><REACH who="2" step="1"/><F21/><REACH who="2" ten="240,250,240,250" step="2"/><W116/><G100/><T36/><D36/><U34/><E34/><V110/><F110/><W120/><G37/><T67/><D67/><U61/><E69/><V9/><F9/><AGARI ba="0,2" hai="0,6,7,8,9,15,44,48,54,75,79,81,92,95" machi="9" ten="40,2000,0" yaku="1,1,53,0" doraHai="113" doraHaiUra="126" who="0" fromWho="2" sc="240,40,250,0,240,-20,250,0" /><INIT seed="0,1,0,1,1,6" ten="280,250,220,250" oya="0" hai0="51,118,91,4,87,59,27,46,26,49,37,24,80" hai1="14,113,53,132,7,15,106,125,117,58,61,19,100" hai2="86,68,77,39,83,44,64,34,107,74,79,135,48" hai3="99,104,71,108,11,82,63,9,18,122,28,12,29"/><T38/><D118/><U47/><E117/><V65/><F135/><W60/><G108/><T121/><D121/><U124/><E132/><V13/><F107/><W25/><G122/><T134/><D134/><U84/><E113/><V127/><F127/><W93/><G104/><T115/><D115/><U97/><E84/><V57/><F68/><W119/><G119/><T72/><D72/><U1/><E1/><V52/><F34/><W114/><G114/><T128/><D128/><U96/><E96/><V92/><F39/><W2/><G71/><T105/><D105/><U32/><E32/><V33/><F33/><W90/><G82/><T112/><D112/><U109/><E109/><V20/><F79/><W110/><G110/><T5/><D37/><U40/><E7/><N who="0" m="2633" /><D38/><N who="1" m="21911" /><E19/><N who="2" m="10351" /><F44/><W69/><G2/><T10/><D10/><N who="3" m="3593" /><G69/><T89/><D46/><U3/><E3/><V103/><F74/><W41/><G41/><T126/><D126/><AGARI ba="1,0" hai="14,15,53,58,61,97,100,106,124,125,126" m="21911" machi="126" ten="30,1000,0" yaku="18,1" doraHai="6" who="1" fromWho="0" sc="280,-13,250,13,220,0,250,0" /><INIT seed="1,0,0,3,5,13" ten="267,263,220,250" oya="1" hai0="28,107,80,14,59,133,110,21,131,53,101,42,39" hai1="54,130,74,35,70,25,7,119,3,27,104,15,109" hai2="41,87,98,58,66,122,113,68,4,5,11,48,129" hai3="61,127,75,0,44,84,64,69,115,18,126,85,134"/><U83/><E104/><V99/><F122/><W72/><G0/><T114/><D110/><U12/><E70/><V81/><F129/><W6/><G6/><T51/><D114/><U71/><E71/><V16/><F113/><W77/><G115/><T24/><D131/><U88/><E119/><V93/><F68/><W34/><G34/><T32/><D133/><U105/><E105/><V19/><F99/><W92/><G134/><T63/><D39/><U57/><E3/><V22/><F41/><W103/><G44/><T50/><D42/><U20/><E130/><V17/><F22/><W123/><G123/><T108/><D108/><U86/><E74/><N who="3" m="28202" /><G77/><T118/><D118/><U49/><E109/><V100/><F11/><W60/><G60/><T9/><D32/><U43/><E43/><V31/><F31/><W65/><G65/><T95/><D80/><U76/><E76/><N who="2" m="46503" /><F48/><W90/><G103/><T96/><REACH who="0" step="1"/><D107/><REACH who="0" ten="257,263,220,250" step="2"/><U89/><E35/><V132/><F132/><W106/><G106/><T38/><D38/><U120/><E120/><V36/><F36/><W91/><G127/><T67/><D67/><U30/><E7/><AGARI ba="0,1" hai="7,9,14,21,24,28,50,51,53,59,63,95,96,101" machi="7" ten="30,3900,0" yaku="1,1,7,1,8,1,53,0" doraHai="13" doraHaiUra="111" who="0" fromWho="1" sc="257,49,263,-39,220,0,250,0" /><INIT seed="2,0,0,1,0,23" ten="306,224,220,250" oya="2" hai0="4,21,95,44,15,50,46,78,112,132,133,27,19" hai1="22,52,93,85,115,54,102,64,74,127,84,53,103" hai2="57,92,80,124,105,69,91,72,108,62,117,5,43" hai3="87,0,34,126,55,12,2,111,42,58,11,129,73"/><V98/><F117/><W17/><G73/><T41/><D112/><U118/><E115/><V65/><F124/><W100/><G34/><T13/><D78/><U83/><E118/><V121/><F121/><W135/><G111/><T107/><D107/><U36/><E36/><V116/><F116/><W76/><G135/><N who="0" m="51787" /><D4/><U94/><E74/><V101/><F108/><W123/><G129/><T96/><D46/><U56/><E127/><V37/><F5/><W35/><G35/><T1/><D1/><U63/><E22/><V79/><F37/><W86/><G76/><T6/><D6/><U119/><E119/><V60/><F43/><W14/><G42/><T9/><D9/><U10/><E10/><V113/><F113/><W90/><G2/><T20/><D20/><U49/><E49/><V68/><REACH who="2" step="1"/><F60/><REACH who="2" ten="306,224,210,250" step="2"/><W25/><G126/><T24/><D13/><U134/><E134/><V29/><F29/><W120/><G0/><T106/><D106/><U125/><E125/><V67/><F67/><W77/><G120/><T47/><D47/><U16/><E64/><V3/><F3/><W26/><G123/><T18/><D18/><U81/><E16/><V61/><F61/><W114/><G14/><T28/><D28/><U51/><E63/><V82/><F82/><W8/><G12/><T130/><D130/><U110/><E110/><V88/><F88/><AGARI ba="0,1" hai="15,19,21,24,27,41,44,50,88,95,96" m="51787" machi="88" ten="30,7700,0" yaku="20,1,52,2,54,1" doraHai="23" who="0" fromWho="2" sc="306,87,224,0,210,-77,250,0" /><INIT seed="3,0,0,0,5,44" ten="393,224,133,250" oya="3" hai0="130,85,46,87,76,39,9,114,115,105,57,51,62" hai1="34,70,35,121,13,73,55,53,63,83,54,68,79" hai2="113,22,5,132,18,66,43,31,48,131,67,125,91" hai3="117,75,107,77,74,116,112,82,123,12,28,78,21"/><W6/><G28/><T122/><D122/><U127/><E121/><V94/><F125/><W90/><G21/><T56/><D105/><U52/><E127/><V133/><F131/><W37/><G12/><T32/><D32/><U97/><E97/><V84/><F113/><N who="0" m="43018" /><D39/><U69/><E13/><V124/><F124/><W50/><G6/><T14/><D130/><U129/><E129/><V27/><F5/><W99/><G50/><T98/><D98/><U19/><E19/><V33/><F66/><W71/><G71/><T100/><D100/><U101/><E101/><V61/><F33/><W0/><G0/><T40/><D76/><U7/><E7/><V24/><F24/><W104/><G37/><T119/><D119/><N who="3" m="45641" /><G123/><T29/><D29/><U118/><E118/><V95/><F31/><W41/><G41/><T80/><D80/><U16/><E16/><V109/><F109/><W134/><G112/><T111/><D111/><U58/><AGARI ba="0,0" hai="34,35,52,53,54,55,58,63,68,69,70,73,79,83" machi="58" ten="40,2700,0" yaku="0,1,54,1" doraHai="44" who="1" fromWho="1" sc="393,-7,224,27,133,-7,250,-13" owari="386,48.6,251,5.1,126,-37.4,237,-16.3" /></mjloggm>