<mjloggm ver="2.3"><GO type="225" lobby="0"/><UN n0="%E5%BA%97%E9%95%B7%4D" n1="%72%69%6F%75%63%68%61%6E" n2="%E7%99%BD%E6%97%A5%E9%9B%AA%E8%8F%9C" n3="%E3%81%B5%E3%81%98%E3%81%8B%E3%81%A4" dan="16,16,17,17" rate="2081.93,2209.31,2216.88,2214.15" sx="M,M,M,M"/><TAIKYOKU oya="0"/><INIT seed="0,0,0,1,2,129" ten="250,250,250,250" oya="0" hai0="103,107,128,22,17,61,73,55,35,8,37,117,123" hai1="125,111,80,34,81,115,46,36,14,25,69,4,5" hai2="91,52,28,72,9,44,0,42,121,15,74,101,71" hai3="13,57,93,130,126,90,112,86,85,132,20,75,104"/><T94/><D35/><U78/><E69/><V64/><F121/><W19/><G130/><T48/><D123/><U39/><E111/><V114/><F0/><W97/><G112/><T106/><D73/><U100/><E115/><V108/><F108/><W92/><G126/><T119/><D37/><U88/><E125/><V67/><F101/><W7/><G75/><T54/><D128/><U131/><E131/><V38/><F28/><W84/><G104/><T102/><D8/><U68/><E68/><V45/><F114/><W118/><G118/><T99/><D61/><U63/><E100/><V53/><F67/><W65/><G132/><T6/><D6/><U3/><E3/><V98/><F64/><W89/><G7/><T16/><D94/><U124/><E124/><V23/><F23/><W70/><G70/><T32/><D32/><U49/><E63/><AGARI ba="0,0" hai="13,19,20,57,63,65,84,85,86,89,90,92,93,97" machi="63" ten="40,1300,0" yaku="8,1" doraHai="129" who="3" fromWho="1" sc="250,0,250,-13,250,0,250,13" /><INIT seed="1,0,0,4,5,105" ten="250,237,250,263" oya="1" hai0="41,9,99,20,74,72,43,78,21,113,29,55,11" hai1="73,6,48,83,92,14,0,88,10,45,3,42,82" hai2="52,121,60,70,50,54,93,87,69,130,13,107,85" hai3="95,66,96,122,7,131,116,59,102,46,67,23,19"/><U75/><E83/><V120/><F107/><W126/><G122/><T38/><D99/><U31/><E31/><V27/><F130/><W108/><G108/><T25/><D55/><U134/><E134/><V58/><F27/><W26/><G126/><T8/><D113/><U49/><E49/><V123/><F13/><W94/><G131/><T18/><D78/><U81/><E81/><V22/><F22/><W100/><G116/><T132/><D132/><U30/><E30/><V125/><F125/><W119/><G119/><T110/><D110/><U114/><E114/><V117/><F117/><W101/><G7/><T44/><REACH who="0" step="1"/><D41/><REACH who="0" ten="240,237,250,263" step="2"/><U33/><E33/><V115/><F115/><W64/><G96/><T79/><D79/><U103/><E103/><V4/><F123/><W77/><G77/><T80/><D80/><U127/><E127/><V53/><F121/><W1/><G100/><T109/><D109/><U133/><E133/><V104/><F120/><W32/><G102/><T40/><D40/><U5/><E82/><V106/><F54/><W35/><G101/><T51/><D51/><U118/><E118/><V98/><F53/><W112/><G112/><T84/><D84/><U65/><E65/><N who="2" m="39063" /><F85/><W24/><G67/><T97/><D97/><N who="1" m="57479" /><E0/><V86/><F86/><W56/><G1/><T89/><D89/><U68/><E3/><V28/><F87/><W17/><G46/><T36/><D36/><U135/><E135/><V2/><F50/><W111/><G111/><T61/><D61/><U63/><E5/><V124/><F4/><W128/><G128/><T91/><D91/><RYUUKYOKU ba="0,1" sc="240,10,237,10,250,-30,263,10" hai0="8,9,11,18,20,21,25,29,38,43,44,72,74" hai1="6,10,14,42,45,48,63,68,73,75" hai3="17,19,23,24,26,32,35,56,59,64,66,94,95" /><INIT seed="1,1,1,3,4,132" ten="250,247,220,273" oya="1" hai0="92,54,39,40,133,64,81,84,124,24,131,90,91" hai1="74,113,65,43,93,67,2,14,23,50,27,96,70" hai2="129,53,87,114,83,117,48,4,109,33,105,121,76" hai3="122,10,22,6,106,126,110,115,112,15,128,11,47"/><U34/><E113/><N who="3" m="43594" /><G47/><T94/><D133/><U60/><E2/><V16/><F114/><W49/><G49/><T88/><D131/><U82/><E67/><V130/><F117/><W12/><G106/><T29/><D64/><U61/><E60/><V89/><F121/><W19/><G122/><T107/><D107/><U52/><E43/><V25/><F109/><W79/><G79/><T35/><D124/><U51/><E14/><V103/><F4/><N who="3" m="3143" /><G128/><N who="2" m="49257" /><F105/><W0/><G110/><T1/><D1/><U120/><E34/><V31/><F103/><W13/><G13/><T85/><D54/><U134/><E134/><V9/><F76/><W58/><G58/><T55/><D55/><U46/><E120/><V36/><F36/><W123/><G123/><T97/><D39/><U102/><E50/><V7/><F48/><W20/><G20/><T63/><REACH who="0" step="1"/><D63/><REACH who="0" ten="240,247,220,273" step="2"/><U44/><E44/><V18/><F53/><W71/><G71/><T100/><D100/><U37/><E37/><V28/><F28/><W42/><G42/><AGARI ba="1,2" hai="24,29,35,40,42,81,84,85,88,90,91,92,94,97" machi="42" ten="40,2600,0" yaku="1,1,54,1,53,0" doraHai="132" doraHaiUra="127" who="0" fromWho="3" sc="240,49,247,0,220,0,273,-29" /><INIT seed="2,0,0,0,2,28" ten="289,247,220,244" oya="2" hai0="89,58,33,54,131,6,52,104,10,73,79,107,69" hai1="39,77,21,50,14,17,94,29,63,119,127,64,133" hai2="20,83,41,74,101,57,95,134,49,87,99,85,70" hai3="1,59,11,124,82,132,18,38,3,78,2,45,13"/><V122/><F122/><W110/><G124/><T51/><D69/><U48/><E119/><V67/><F70/><W81/><G132/><T91/><D131/><U15/><E39/><V24/><F134/><W42/><G110/><T126/><D126/><U68/><E133/><V75/><F41/><W97/><G78/><T100/><D33/><U7/><E127/><V36/><F36/><W32/><G32/><T26/><D26/><U117/><E117/><V88/><F85/><W25/><G25/><T23/><D23/><U40/><E40/><V111/><F111/><W65/><REACH who="3" step="1"/><G97/><REACH who="3" ten="289,247,220,234" step="2"/><T106/><D79/><U108/><E108/><V34/><F34/><W46/><G46/><T80/><D73/><U37/><E77/><V66/><F75/><W0/><N who="3" m="0" /><DORA hai="130" /><W56/><G56/><T47/><D58/><U43/><E68/><V121/><F74/><W55/><G55/><T31/><D52/><U35/><E35/><V62/><F121/><W53/><G53/><T113/><D54/><U93/><E43/><V135/><F135/><W102/><G102/><T86/><D100/><U71/><E71/><V103/><F103/><W27/><G27/><T16/><D47/><U60/><E29/><N who="2" m="17543" /><F67/><W84/><G84/><T118/><D31/><U116/><E64/><V98/><F98/><W114/><G114/><T128/><D86/><U125/><E125/><V22/><F22/><W9/><G9/><T129/><D10/><N who="1" m="4447" /><E116/><V19/><F49/><N who="1" m="19049" /><E37/><V4/><F4/><W120/><G120/><T123/><D123/><U5/><E5/><V8/><F8/><W76/><G76/><RYUUKYOKU ba="0,1" sc="289,-30,247,10,220,10,234,10" hai1="15,17,21,60,63,93,94" hai2="19,57,62,66,83,87,88,95,99,101" hai3="11,13,18,38,42,45,59,65,81,82" /><INIT seed="2,1,1,2,0,21" ten="259,257,230,244" oya="2" hai0="50,92,30,55,59,90,109,72,78,120,10,28,57" hai1="4,127,94,61,122,47,110,46,0,3,18,9,17" hai2="87,96,95,56,64,125,98,75,123,54,68,133,60" hai3="8,107,14,41,2,97,124,81,115,91,5,7,39"/><V111/><F75/><W12/><G124/><T24/><D120/><U82/><E0/><V23/><F123/><W93/><G115/><T104/><D104/><U35/><E122/><V102/><F125/><W86/><G107/><T27/><D109/><U48/><E127/><V29/><F133/><W11/><G2/><T103/><D103/><U73/><E110/><V112/><F112/><W65/><G65/><T34/><D10/><U77/><E35/><V79/><F111/><W20/><G20/><T45/><D78/><U19/><E48/><V128/><F128/><W126/><G126/><T16/><D72/><U89/><REACH who="1" step="1"/><E61/><REACH who="1" ten="259,247,230,244" step="2"/><V1/><F1/><W117/><G117/><T62/><D62/><U88/><E88/><V43/><F43/><W33/><G33/><T37/><D37/><U121/><E121/><V74/><F102/><N who="3" m="60719" /><G39/><T130/><D130/><U49/><E49/><V119/><F119/><W32/><G32/><T40/><D40/><AGARI ba="1,2" hai="5,7,8,11,12,14,40,41,81,86,91" m="60719" machi="40" ten="30,1000,0" yaku="8,1" doraHai="21" who="3" fromWho="0" sc="259,-13,247,0,230,0,244,33" /><INIT seed="3,0,0,3,3,31" ten="246,247,230,277" oya="3" hai0="69,65,113,29,107,2,47,23,74,50,80,102,18" hai1="77,99,71,67,94,78,103,46,51,57,100,7,120" hai2="125,12,61,91,48,40,115,34,14,79,76,72,92" hai3="25,4,111,105,130,126,127,19,39,24,95,36,110"/><W87/><G105/><T37/><D2/><U38/><E120/><V135/><F115/><W21/><G4/><T81/><D113/><U3/><E103/><V124/><F135/><W15/><G130/><T45/><D37/><N who="3" m="14409" /><G87/><T116/><D116/><U122/><E122/><V96/><F34/><W59/><G95/><T11/><D69/><U109/><E109/><N who="3" m="41482" /><G59/><T123/><D123/><U101/><E7/><V88/><F72/><W85/><G85/><T26/><D74/><U33/><E3/><V44/><F61/><W6/><G6/><T66/><D107/><U84/><E84/><V119/><F119/><W82/><G82/><N who="0" m="31851" /><D102/><U1/><E101/><V131/><F131/><W56/><G56/><T5/><D5/><U75/><E1/><V73/><F91/><W112/><G112/><T118/><D118/><U97/><E75/><V43/><F73/><W83/><G83/><T93/><D93/><U49/><E94/><V106/><F106/><W17/><G25/><T114/><D114/><U90/><E57/><V68/><F68/><W104/><G104/><T0/><D0/><U60/><E71/><V53/><F79/><W28/><G19/><T63/><D63/><U121/><E60/><V52/><F76/><W10/><AGARI ba="0,0" hai="10,15,17,21,24,28,126,127" m="41482,14409" machi="10" ten="40,3900,0" yaku="14,1,10,1" doraHai="31" who="3" fromWho="3" sc="246,-13,247,-13,230,-13,277,39" owari="233,-16.7,234,3.4,217,-28.3,316,41.6" /></mjloggm>