<mjloggm ver="2.3"><GO type="225" lobby="0"/><UN n0="%E5%A4%9C%E5%85%89%E5%A4%A9%E6%A5%BC" n1="%E6%B4%BE%E9%81%A3%E3%81%AE%E3%82%B8%E3%83%A3%E3%83%83%E3%82%AF" n2="%E3%81%93%E3%81%91%E6%A4%8D%E7%89%A9" n3="%E3%81%AF%E3%82%88%E3%81%8A%E3%81%98%E3%81%95%E3%82%93" dan="17,17,16,17" rate="2196.05,2219.44,2070.43,2187.63" sx="M,M,M,M"/><TAIKYOKU oya="0"/><INIT seed="0,0,0,1,3,13" ten="250,250,250,250" oya="0" hai0="15,95,53,64,129,34,121,60,63,133,75,94,110" hai1="45,127,100,61,27,2,135,59,47,52,41,46,118" hai2="69,16,107,73,123,17,5,104,74,50,105,85,8" hai3="82,21,62,58,14,114,20,108,30,106,128,124,40"/><T98/><D121/><U22/><E2/><V71/><F123/><W49/><G114/><T99/><D75/><N who="2" m="28682" /><F50/><W103/><G108/><T126/><D34/><U19/><E118/><V54/><F54/><W68/><G124/><T130/><D126/><U116/><E116/><V3/><F85/><W90/><G128/><N who="0" m="49259" /><D110/><U66/><E127/><V43/><F3/><W120/><G120/><T65/><D133/><U96/><E135/><V86/><F86/><N who="3" m="50519" /><G68/><N who="2" m="26185" /><F43/><W26/><G106/><N who="2" m="27137" /><V29/><DORA hai="51" /><F29/><W28/><G103/><N who="0" m="60887" /><D15/><U0/><E0/><V39/><F5/><W101/><G101/><N who="0" m="60671" /><D60/><U9/><E9/><V79/><F8/><W7/><G7/><T32/><D32/><U93/><REACH who="1" step="1"/><E41/><REACH who="1" ten="250,240,250,250" step="2"/><V84/><F79/><W132/><G40/><T78/><D78/><U35/><E35/><V77/><F77/><W122/><G132/><T92/><D92/><U113/><E113/><V83/><F39/><W44/><G122/><T25/><D25/><U1/><E1/><V36/><F36/><W57/><G26/><T80/><D80/><U24/><E24/><V37/><F37/><W67/><G14/><T33/><D33/><U88/><E88/><V81/><F83/><W119/><G20/><T111/><D111/><U23/><E23/><V87/><F81/><W6/><G119/><T4/><D4/><U134/><E134/><V131/><F131/><W31/><G6/><T91/><D91/><U76/><E76/><V18/><AGARI ba="0,1" hai="16,17,18,84,87" m="27137,26185,28682" machi="18" ten="50,12000,2" yaku="28,2,52,3,54,1" doraHai="13,51" who="2" fromWho="2" sc="250,-60,240,-30,250,130,250,-30" /><INIT seed="1,0,0,2,0,45" ten="190,210,380,220" oya="1" hai0="36,78,72,62,123,105,24,18,56,52,20,133,61" hai1="51,68,116,127,26,64,0,42,40,71,128,112,27" hai2="124,122,111,80,53,91,7,1,95,41,96,115,66" hai3="82,84,28,100,59,120,93,103,34,5,130,69,73"/><U35/><E116/><V54/><F122/><W118/><G69/><T65/><D123/><U77/><E0/><V104/><F111/><W74/><G120/><T110/><D110/><U117/><E117/><V21/><F104/><W50/><G118/><T33/><D133/><U17/><E112/><V132/><F124/><W99/><G100/><T43/><D105/><U39/><E39/><V49/><F1/><W114/><G114/><T81/><D36/><U55/><E127/><V76/><F66/><W14/><G130/><T57/><D43/><U48/><E128/><V107/><F107/><W121/><G121/><T37/><D37/><U32/><E77/><V108/><F7/><W47/><G59/><T125/><D125/><U131/><E131/><V10/><F10/><N who="3" m="4431" /><G34/><T106/><D106/><U46/><E64/><V135/><F108/><W8/><G28/><T92/><D92/><U2/><E2/><V90/><F21/><W30/><G30/><T75/><REACH who="0" step="1"/><D33/><REACH who="0" ten="180,210,380,220" step="2"/><U16/><E55/><V19/><F54/><W109/><G109/><T126/><D126/><U87/><E46/><N who="2" m="25807" /><F53/><W129/><G129/><T102/><D102/><U85/><AGARI ba="0,1" hai="16,17,26,27,32,35,40,42,48,51,68,71,85,87" machi="85" ten="25,18000,2" yaku="0,1,22,2,52,2,54,1" doraHai="45" who="1" fromWho="1" sc="180,-60,210,190,380,-60,220,-60" /><INIT seed="1,1,0,1,0,74" ten="120,400,320,160" oya="1" hai0="62,49,6,43,80,0,75,45,128,8,21,132,53" hai1="87,104,26,125,124,17,16,10,37,4,76,115,71" hai2="99,123,97,102,35,30,39,77,20,27,13,83,110" hai3="78,57,33,23,56,64,116,5,1,129,118,122,121"/><U79/><E104/><V32/><F123/><W36/><G33/><T58/><D128/><U9/><E115/><V95/><F110/><W63/><G36/><T135/><REACH who="0" step="1"/><D21/><REACH who="0" ten="110,400,320,160" step="2"/><N who="1" m="13607" /><E125/><V46/><F35/><W81/><G129/><T107/><D107/><U47/><E124/><V67/><F32/><W70/><G23/><T120/><D120/><U127/><E127/><V101/><F20/><W134/><G122/><T108/><D108/><U119/><E119/><N who="3" m="45610" /><G121/><T131/><D131/><U73/><E10/><V12/><F27/><W68/><G134/><T24/><D24/><U28/><E9/><V22/><F22/><W112/><G112/><T42/><D42/><U61/><E28/><V117/><F30/><W93/><G70/><T88/><D88/><U86/><E71/><V85/><F117/><W98/><G5/><T96/><D96/><U3/><E4/><V105/><REACH who="2" step="1"/><F67/><REACH who="2" ten="110,400,310,160" step="2"/><W11/><G11/><T34/><D34/><U18/><E18/><V38/><F38/><W90/><G1/><T41/><D41/><AGARI ba="1,2" hai="12,13,39,41,46,77,83,85,95,97,99,101,102,105" machi="41" ten="40,2600,0" yaku="1,1,52,1,53,0" doraHai="74" doraHaiUra="133" who="2" fromWho="0" sc="110,-29,400,0,310,49,160,0" /><INIT seed="2,0,0,2,0,11" ten="81,400,359,160" oya="2" hai0="1,70,71,39,103,31,5,109,75,72,77,73,129" hai1="29,30,135,131,37,133,56,74,42,111,96,8,19" hai2="128,38,7,53,99,45,21,120,79,108,52,85,78" hai3="87,12,89,119,94,20,51,81,50,100,49,118,134"/><V125/><F120/><W121/><G134/><N who="1" m="51210" /><E111/><V122/><F122/><W41/><G121/><T3/><D109/><U40/><E74/><V127/><F108/><W107/><G107/><T62/><D129/><U69/><E69/><N who="0" m="26121" /><D31/><U13/><E131/><V55/><F128/><W15/><G118/><T16/><D103/><U25/><E96/><V57/><F57/><W66/><G119/><T32/><D62/><U47/><E40/><N who="2" m="22679" /><F7/><W33/><G33/><T124/><D5/><N who="1" m="3215" /><E56/><V58/><F58/><W67/><G41/><T36/><D77/><U34/><E29/><V44/><F44/><W28/><G67/><T83/><D16/><AGARI ba="0,0" hai="16,19,25,30,34,37,42,47" m="3215,51210" machi="16" ten="30,3900,0" yaku="20,1,52,1,54,1" doraHai="11" who="1" fromWho="0" sc="81,-39,400,39,359,0,160,0" /><INIT seed="3,0,0,0,3,3" ten="42,439,359,160" oya="3" hai0="33,118,46,121,29,86,97,14,83,82,48,90,72" hai1="122,30,27,54,80,34,28,104,111,55,89,45,71" hai2="57,70,11,6,18,39,62,51,92,116,112,49,94" hai3="68,22,75,101,84,127,15,41,130,36,44,81,13"/><W64/><G75/><T103/><D118/><U9/><E122/><V12/><F39/><W73/><G73/><T43/><D121/><U102/><E71/><V125/><F125/><W58/><G127/><T52/><D33/><U23/><E102/><V133/><F133/><W21/><G68/><T131/><D131/><U20/><E104/><V129/><F112/><W106/><G130/><T0/><D0/><U17/><E80/><V59/><F70/><W96/><G64/><T69/><D69/><U47/><E89/><V128/><F116/><W42/><G42/><T109/><D109/><U24/><E111/><V110/><F110/><W53/><G21/><T66/><D66/><U105/><E105/><V88/><F94/><W25/><G53/><T119/><D119/><U93/><E93/><V37/><F37/><W76/><G58/><T113/><D113/><U132/><E132/><V79/><F79/><W7/><G7/><T19/><D72/><U56/><E9/><V8/><F59/><W135/><G135/><T134/><D134/><U126/><E126/><V63/><F62/><W87/><G84/><T91/><D29/><AGARI ba="0,0" hai="13,15,22,25,29,36,41,44,76,81,87,96,101,106" machi="29" ten="30,1500,0" yaku="7,1" doraHai="3" who="3" fromWho="0" sc="42,-15,439,0,359,0,160,15" /><INIT seed="3,1,0,3,4,19" ten="27,439,359,175" oya="3" hai0="91,1,68,10,61,9,5,95,110,0,122,49,76" hai1="120,81,119,29,96,39,24,56,25,30,63,129,85" hai2="99,108,66,80,7,121,135,123,23,70,8,87,74" hai3="113,115,107,132,31,105,41,117,51,89,47,21,48"/><W46/><G117/><T50/><D110/><U100/><E120/><V45/><F74/><W77/><G132/><T18/><D122/><U55/><E39/><V78/><F108/><W79/><G89/><T15/><D76/><U90/><E129/><V17/><F135/><W72/><G72/><T35/><D35/><U88/><E119/><V71/><F121/><W101/><G101/><T11/><D68/><U65/><E55/><V20/><F123/><W109/><G109/><T57/><D1/><U128/><E128/><V124/><F124/><W133/><G133/><T22/><D0/><U103/><E90/><V16/><F45/><W127/><G127/><T83/><D83/><U64/><E64/><V4/><F66/><W62/><G62/><T38/><D38/><U82/><E82/><V131/><F131/><W40/><G31/><N who="1" m="11786" /><E96/><V34/><F34/><W94/><G94/><T42/><D42/><U3/><E3/><V134/><F134/><W37/><G37/><T130/><D130/><U106/><E106/><V93/><F8/><W32/><G32/><T60/><D60/><U36/><E36/><V52/><F52/><W118/><G118/><T97/><REACH who="0" step="1"/><D5/><REACH who="0" ten="17,439,359,175" step="2"/><N who="2" m="2122" /><F71/><W112/><G115/><T114/><D114/><U53/><E53/><AGARI ba="1,1" hai="9,10,11,15,18,22,49,50,53,57,61,91,95,97" machi="53" ten="40,5200,0" yaku="1,1,8,1,52,1,53,0" doraHai="19" doraHaiUra="28" who="0" fromWho="1" sc="17,65,439,-55,359,0,175,0" owari="82,-41.8,384,48.4,359,15.9,175,-22.5" /></mjloggm>