<mjloggm ver="2.3"><GO type="225" lobby="0"/><UN n0="%77%72%77%72%77%72%77%72" n1="%E3%81%BF%E3%81%BF%E3%81%9A" n2="%48%61%61%61%6C%61%6E%64" n3="%E3%81%8C%E3%81%9F" dan="16,16,18,17" rate="2222.00,2133.37,2218.29,2188.63" sx="M,M,M,F"/><TAIKYOKU oya="0"/><INIT seed="0,0,0,3,3,132" ten="250,250,250,250" oya="0" hai0="30,94,1,135,106,29,26,84,133,97,36,15,46" hai1="49,107,93,110,27,121,114,43,18,87,58,10,8" hai2="57,66,71,61,102,98,88,33,124,64,31,86,127" hai3="68,11,9,120,25,78,72,103,123,74,21,112,47"/><T76/><D1/><U122/><E107/><V42/><F42/><W6/><G112/><T24/><D106/><U91/><E114/><V54/><F31/><W48/><G68/><T40/><D15/><U23/><E110/><V128/><F33/><W82/><G103/><T109/><D109/><U19/><E122/><N who="3" m="46634" /><G6/><T52/><D84/><U16/><E121/><V20/><F20/><W14/><G14/><T0/><D76/><U12/><E43/><V37/><F37/><W117/><G74/><T108/><D0/><U116/><E116/><V100/><F128/><W44/><G117/><T113/><D108/><U134/><E134/><N who="0" m="51209" /><D113/><U32/><E32/><V125/><F98/><W118/><G47/><T17/><D17/><N who="1" m="6763" /><E27/><V22/><F22/><W81/><G81/><T69/><D69/><U59/><E59/><V38/><F38/><W129/><G129/><T77/><D24/><U5/><E5/><V70/><F70/><W90/><G90/><N who="0" m="55511" /><D77/><U131/><E131/><V126/><N who="2" m="31744" /><DORA hai="85" /><V56/><F71/><W55/><G118/><T96/><D26/><U28/><E28/><AGARI ba="0,0" hai="9,11,21,25,28,44,48,55,72,78,82" m="46634" machi="28" ten="30,1000,0" yaku="13,1" doraHai="132,85" who="3" fromWho="1" sc="250,0,250,-10,250,0,250,10" /><INIT seed="1,0,0,1,5,97" ten="250,240,250,260" oya="1" hai0="106,65,69,18,59,107,124,48,10,73,98,26,17" hai1="78,11,128,88,92,96,23,115,56,135,110,37,7" hai2="105,132,13,29,104,95,129,81,64,125,76,70,101" hai3="116,5,62,60,31,24,49,53,51,123,3,121,109"/><U85/><E115/><V63/><F125/><W83/><G109/><T34/><D73/><U32/><E32/><V12/><F129/><W72/><G116/><T82/><D124/><U102/><E37/><V6/><F132/><W103/><G51/><T111/><D111/><U9/><E135/><V127/><F127/><W93/><G5/><T4/><D82/><N who="1" m="47319" /><E110/><V44/><F44/><W52/><G3/><T91/><D91/><U45/><E128/><V133/><F133/><W57/><G83/><T28/><D106/><U118/><E118/><V47/><F47/><W40/><G40/><T126/><D59/><U113/><E113/><V15/><F6/><W2/><G2/><T67/><D48/><U42/><E56/><V55/><F55/><W27/><G72/><T75/><D65/><U33/><E33/><V71/><F71/><W79/><G79/><T1/><D75/><U94/><E7/><V87/><REACH who="2" step="1"/><F29/><REACH who="2" ten="250,240,240,260" step="2"/><W30/><G30/><T68/><D68/><U41/><E45/><V36/><F36/><W80/><G31/><T25/><BYE who="2" /><D25/><U119/><E23/><UN n2="%48%61%61%61%6C%61%6E%64" /><V120/><F120/><W22/><G121/><T58/><D126/><U66/><E119/><V50/><F50/><W77/><G49/><T61/><REACH who="0" step="1"/><D58/><REACH who="0" ten="240,240,240,260" step="2"/><U39/><E66/><V131/><F131/><W100/><G57/><T130/><D130/><U86/><E39/><V108/><F108/><W84/><G123/><T0/><D0/><U8/><AGARI ba="0,2" hai="8,9,11,41,42,86,88,92,94,96,102" m="47319" machi="8" ten="30,6000,0" yaku="8,1,52,1,54,1" doraHai="97" who="1" fromWho="1" sc="240,-20,240,80,240,-20,260,-20" /><INIT seed="1,1,0,2,2,0" ten="220,320,220,240" oya="1" hai0="83,98,70,120,47,116,48,104,15,16,110,77,6" hai1="105,119,54,123,26,135,46,74,40,124,99,11,114" hai2="23,76,106,65,93,87,62,79,63,42,35,19,66" hai3="128,95,37,85,130,17,49,91,88,121,36,129,14"/><U115/><E119/><V27/><F106/><W131/><N who="3" m="32768" /><DORA hai="108" /><W100/><G121/><T60/><D116/><U111/><E123/><V61/><F35/><W21/><G100/><T7/><D120/><U28/><E74/><V3/><F3/><W68/><G68/><T97/><D110/><U57/><E111/><V109/><F42/><W118/><G118/><T89/><D104/><U64/><E64/><N who="2" m="24683" /><F109/><W50/><REACH who="3" step="1"/><G91/><AGARI ba="1,0" hai="19,23,27,61,62,63,76,79,87,91,93" m="24683" machi="91" ten="30,1000,0" yaku="8,1" doraHai="0,108" who="2" fromWho="3" sc="220,0,320,0,220,13,240,-13" /><INIT seed="2,0,0,4,0,117" ten="220,320,233,227" oya="2" hai0="60,100,43,21,70,51,122,102,46,50,66,112,95" hai1="6,45,134,82,47,111,83,34,54,40,37,114,118" hai2="27,130,63,68,24,72,31,49,101,10,94,22,125" hai3="5,73,38,1,39,33,87,9,59,129,53,127,120"/><V80/><F125/><W41/><G73/><T113/><D122/><U104/><E118/><V56/><F130/><W11/><G33/><T67/><D21/><U124/><E114/><V81/><F72/><W3/><G129/><T77/><D77/><U110/><E104/><V13/><F68/><W35/><G35/><T91/><D66/><U76/><E124/><V88/><F49/><W107/><G107/><T19/><D19/><U84/><E134/><V126/><F27/><W12/><G127/><T28/><D28/><U119/><E119/><V79/><F101/><W93/><G41/><T131/><D131/><U123/><E34/><V44/><F44/><W71/><G71/><T8/><D8/><U74/><E6/><N who="2" m="3287" /><F79/><W17/><G3/><T121/><D121/><U58/><E123/><V103/><F103/><W23/><G11/><T65/><D102/><U52/><E47/><V32/><F32/><W29/><G29/><T30/><D100/><U75/><E75/><V96/><F126/><W115/><G115/><T106/><D30/><U105/><E105/><V64/><AGARI ba="0,0" hai="22,24,31,56,63,64,80,81,88,94,96" m="3287" machi="64" ten="30,3000,0" yaku="8,1,54,1" doraHai="117" who="2" fromWho="2" sc="220,-10,320,-10,233,30,227,-10" /><INIT seed="2,1,0,2,0,51" ten="210,310,263,217" oya="2" hai0="40,4,82,102,44,130,65,23,126,41,6,24,52" hai1="99,55,128,121,97,95,86,113,5,60,47,22,8" hai2="71,124,90,25,3,129,14,32,106,38,134,15,54" hai3="87,69,53,79,127,45,76,122,12,116,108,17,9"/><V78/><F3/><W135/><G116/><T77/><D130/><U104/><E113/><V63/><F38/><W48/><G122/><T94/><D126/><U57/><E128/><V109/><F129/><W73/><G127/><T46/><D65/><U80/><E121/><V112/><F112/><W100/><G108/><T39/><D94/><U58/><E104/><V11/><F124/><W88/><G135/><T43/><D102/><U132/><E132/><V107/><F134/><W26/><G69/><T66/><D66/><U10/><E47/><V7/><F78/><W96/><G26/><T120/><D120/><U105/><E105/><V75/><F75/><W50/><G50/><N who="0" m="28743" /><D39/><U18/><E58/><V20/><F109/><W36/><G73/><T70/><D70/><U125/><E125/><V84/><F32/><W61/><G61/><T110/><D110/><U33/><E33/><V115/><F115/><W27/><G27/><T0/><D0/><U81/><E99/><V59/><F71/><W123/><G36/><T49/><D82/><U98/><E97/><V37/><F37/><W93/><G123/><T21/><D77/><N who="1" m="46351" /><E81/><AGARI ba="1,0" hai="9,12,17,45,48,53,76,79,81,87,88,93,96,100" machi="81" ten="30,12000,2" yaku="7,1,25,2,8,1,52,1,54,1" doraHai="51" who="3" fromWho="1" sc="210,0,310,-123,263,0,217,123" /><INIT seed="3,0,0,3,5,129" ten="210,187,263,340" oya="3" hai0="85,89,60,127,50,30,84,23,17,10,132,113,123" hai1="49,8,15,13,121,116,117,115,93,26,70,52,0" hai2="124,16,31,12,22,133,24,5,83,76,14,108,79" hai3="91,82,53,69,48,42,1,58,73,81,86,34,88"/><W56/><G1/><T45/><D123/><U62/><E121/><V77/><F108/><W112/><G69/><T32/><D132/><U20/><E115/><V126/><F133/><W2/><G2/><T63/><D127/><N who="2" m="48682" /><F5/><W102/><G112/><T27/><D85/><U47/><E93/><V33/><F12/><W36/><G34/><T18/><D113/><U130/><E130/><V128/><F128/><W41/><G102/><T66/><D10/><U111/><E111/><V107/><F107/><W98/><G36/><T43/><D32/><U40/><E0/><V6/><F6/><W28/><G28/><T105/><D105/><U57/><E70/><V118/><F118/><N who="1" m="45673" /><E8/><V135/><F135/><W119/><G119/><T95/><D63/><U74/><E74/><AGARI ba="0,0" hai="14,16,22,24,31,33,74,76,77,79,83" m="48682" machi="74" ten="30,2000,0" yaku="18,1,54,1" doraHai="129" who="2" fromWho="1" sc="210,0,187,-20,263,20,340,0" owari="210,-19.0,167,-33.3,283,8.3,340,44.0" /></mjloggm>