<mjloggm ver="2.3"><GO type="225" lobby="0"/><UN n0="%E5%A4%8F%E9%88%B4%E9%88%B4%E5%A4%8F" n1="%E7%A6%8F%E5%8E%9F%E9%81%A5%E3%81%A8%E7%B5%90%E5%A9%9A%E3%81%99%E3%82%8B" n2="%E6%B8%A9%E2%98%85%E6%83%85%E2%98%85%E6%8E%AA%E2%98%85%E7%BD%AE" n3="%E3%81%8B%E3%82%8F%E3%81%A1%E3%82%83%E3%82%93%35%38" dan="16,17,17,16" rate="2101.23,2130.92,2209.40,2182.55" sx="M,M,M,M"/><TAIKYOKU oya="0"/><INIT seed="0,0,0,1,5,68" ten="250,250,250,250" oya="0" hai0="30,49,41,11,0,99,47,60,6,39,35,103,15" hai1="55,33,52,100,113,102,109,31,126,34,4,70,22" hai2="135,124,1,73,127,3,79,8,133,107,53,80,58" hai3="65,128,42,131,84,23,25,63,130,62,115,90,87"/><T110/><D110/><U105/><E70/><V72/><F107/><W38/><G115/><T28/><D35/><U66/><E66/><V89/><F89/><W56/><G63/><T29/><D60/><U2/><E109/><V92/><F92/><W71/><G71/><T40/><D40/><U117/><E117/><V12/><F73/><W122/><G122/><T21/><D0/><U108/><E108/><V121/><F121/><W45/><REACH who="3" step="1"/><G90/><REACH who="3" ten="250,250,250,240" step="2"/><T134/><D134/><N who="2" m="51210" /><F127/><W9/><G9/><T5/><D49/><U74/><E126/><V20/><F124/><W98/><G98/><T97/><D97/><U43/><E113/><V82/><F82/><W83/><G83/><T111/><D111/><U88/><E88/><V19/><F8/><W116/><G116/><T10/><D10/><U86/><E100/><V57/><F57/><W112/><G112/><T123/><D123/><U114/><E102/><V64/><F64/><W54/><G54/><T104/><REACH who="0" step="1"/><D5/><REACH who="0" ten="240,250,250,240" step="2"/><U24/><E4/><V51/><AGARI ba="0,2" hai="1,3,12,19,20,51,53,58,72,79,80" m="51210" machi="51" ten="30,1100,0" yaku="20,1" doraHai="68" who="2" fromWho="2" sc="240,-5,250,-3,250,31,240,-3" /><INIT seed="1,0,0,2,0,100" ten="235,247,281,237" oya="1" hai0="25,22,99,15,7,28,128,30,46,65,10,103,58" hai1="52,96,73,59,113,45,68,18,24,36,47,124,89" hai2="62,75,84,32,6,109,11,79,98,27,61,114,112" hai3="29,48,1,33,129,92,67,77,101,49,69,87,106"/><U78/><E113/><N who="2" m="43627" /><F109/><W12/><G1/><T90/><D128/><U0/><E0/><N who="2" m="455" /><F75/><W17/><G92/><N who="0" m="58855" /><D46/><U39/><E68/><V3/><F3/><W72/><G87/><T44/><D44/><U56/><E124/><V132/><F98/><N who="3" m="61751" /><G77/><T130/><D130/><U60/><E39/><V42/><F42/><W13/><G72/><T97/><D28/><U9/><E36/><V120/><F120/><W135/><G135/><T134/><D134/><U23/><E9/><V104/><F104/><W119/><G119/><T40/><D40/><U43/><E43/><V4/><F4/><W2/><G2/><T116/><D116/><U53/><E78/><V110/><F110/><W122/><G12/><T41/><D41/><U57/><E57/><V125/><F125/><W31/><G31/><T50/><D50/><N who="1" m="30743" /><E73/><V83/><F132/><W26/><G122/><T123/><D123/><U82/><E82/><V20/><F32/><W117/><G117/><T35/><D35/><U126/><E126/><V16/><AGARI ba="0,0" hai="16,20,27,61,62,79,83,84" m="455,43627" machi="16" ten="30,2000,0" yaku="11,1,54,1" doraHai="100" who="2" fromWho="2" sc="235,-5,247,-10,281,20,237,-5" /><INIT seed="2,0,0,4,4,93" ten="230,237,301,232" oya="2" hai0="65,128,60,67,3,113,0,62,41,53,22,125,56" hai1="40,31,61,29,79,121,83,95,45,55,94,120,127" hai2="27,77,35,44,20,15,122,86,64,13,99,43,117" hai3="132,14,47,69,100,124,97,19,133,110,111,6,25"/><V74/><F74/><W71/><G25/><T75/><D113/><U135/><E135/><N who="3" m="51786" /><G6/><T18/><D75/><U46/><E127/><V123/><F35/><W48/><G48/><T33/><D125/><U101/><E94/><V9/><F117/><W105/><G47/><T49/><D33/><U106/><E106/><V26/><F64/><W109/><G124/><T89/><D128/><U129/><E129/><V66/><F66/><W24/><G24/><T96/><D41/><U28/><E61/><V39/><F27/><W38/><G38/><T104/><D65/><U21/><E55/><V7/><F15/><W114/><G114/><T72/><D72/><U85/><E21/><AGARI ba="0,0" hai="14,19,21,69,71,97,100,105,109,110,111" m="51786" machi="21" ten="40,5200,0" yaku="14,1,20,1,52,1" doraHai="93" who="3" fromWho="1" sc="230,0,237,-52,301,0,232,52" /><INIT seed="3,0,0,1,2,74" ten="230,185,301,284" oya="3" hai0="40,73,48,78,52,62,56,125,13,135,1,86,4" hai1="10,45,98,91,109,107,58,123,132,36,93,66,28" hai2="70,37,46,60,41,53,115,126,68,63,30,87,79" hai3="129,97,94,35,14,89,134,99,7,72,29,16,64"/><W127/><G72/><T33/><D33/><U92/><E123/><V110/><F79/><W122/><G122/><T128/><D1/><U32/><E109/><V21/><F87/><W116/><G116/><T18/><D73/><U5/><E132/><V100/><F100/><W39/><G39/><T19/><D135/><U42/><E107/><V61/><F21/><W108/><G134/><T106/><D106/><U112/><E112/><V0/><F30/><W17/><G35/><T90/><D125/><U85/><E32/><V47/><F0/><W8/><G29/><T81/><D128/><U82/><E28/><V131/><F110/><W96/><G108/><T3/><D3/><U31/><E31/><V103/><F103/><W23/><G127/><T104/><D104/><U101/><E58/><N who="2" m="34895" /><F126/><W80/><G129/><T84/><D4/><U119/><E66/><V133/><F133/><W95/><G64/><T111/><D111/><U25/><E25/><V113/><F47/><W118/><G118/><T44/><D13/><U27/><E27/><V43/><F43/><W69/><G69/><N who="2" m="26729" /><F131/><W121/><G121/><T71/><D71/><U67/><E67/><V114/><AGARI ba="0,0" hai="37,41,46,61,63,113,114,115" m="26729,34895" machi="114" ten="40,2700,0" yaku="34,2" doraHai="74" who="2" fromWho="2" sc="230,-7,185,-7,301,27,284,-13" owari="223,-17.7,178,-32.2,328,42.8,271,7.1" /></mjloggm>