<mjloggm ver="2.3"><GO type="225" lobby="0"/><UN n0="%E6%A1%9C%E8%8A%B1%E9%96%83%E3%80%85" n1="%4C%4F%4C%49%54%41" n2="%E3%83%A9%E3%83%96%E3%83%AC%E3%83%BC" n3="%E3%81%B2%E3%81%AA%E3%81%AE%E3%82%8A%E3%81%8F" dan="17,16,18,17" rate="2141.92,2158.78,2247.90,2159.37" sx="M,F,M,M"/><TAIKYOKU oya="0"/><INIT seed="0,0,0,2,5,55" ten="250,250,250,250" oya="0" hai0="132,27,68,17,91,22,80,32,41,37,13,94,15" hai1="67,71,59,47,107,124,73,110,112,100,9,102,85" hai2="11,97,92,50,108,7,134,95,118,36,70,98,3" hai3="35,46,14,45,28,77,81,57,121,79,75,4,25"/><T5/><D68/><U104/><E73/><V133/><F36/><W106/><G106/><T6/><D132/><N who="2" m="50794" /><F70/><W52/><G121/><T62/><D80/><U90/><E71/><V31/><F31/><W42/><G79/><T129/><D129/><U26/><E110/><V83/><F83/><W39/><G45/><T10/><D32/><U122/><E124/><V86/><F86/><W43/><G43/><T18/><D37/><U93/><E122/><V21/><F21/><W78/><G78/><T87/><D41/><U69/><E69/><V88/><F50/><W72/><G14/><T117/><D117/><U109/><E112/><V101/><F108/><W29/><G29/><T33/><D33/><U125/><E125/><V20/><F20/><W58/><G4/><T38/><D38/><U113/><E113/><V34/><F34/><W126/><G126/><T44/><D44/><U0/><E47/><V82/><F82/><W119/><G119/><AGARI ba="0,0" hai="3,7,11,88,92,95,97,98,101,118,119" m="50794" machi="119" ten="30,2000,0" yaku="20,1,54,1" doraHai="55" who="2" fromWho="3" sc="250,0,250,0,250,20,250,-20" /><INIT seed="1,0,0,2,4,17" ten="250,250,270,230" oya="1" hai0="88,0,124,67,113,75,99,122,42,48,61,68,132" hai1="62,78,8,1,84,29,100,20,80,70,66,77,119" hai2="126,129,59,102,109,63,2,21,58,6,13,24,27" hai3="108,134,71,110,12,15,114,111,37,26,92,49,30"/><U25/><E119/><V18/><F126/><W14/><G37/><T60/><D75/><U36/><E36/><V22/><F2/><W19/><G71/><T9/><D113/><U97/><E1/><V65/><F109/><W52/><G114/><T4/><D124/><U98/><E8/><N who="2" m="4247" /><F129/><W11/><G92/><T79/><D79/><U86/><REACH who="1" step="1"/><E100/><REACH who="1" ten="250,240,270,230" step="2"/><V57/><F102/><W130/><G130/><T69/><D0/><U74/><E74/><V115/><F115/><W104/><G134/><T125/><D132/><U96/><E96/><V131/><F131/><W44/><REACH who="3" step="1"/><G104/><REACH who="3" ten="250,240,270,220" step="2"/><T135/><D135/><U34/><E34/><AGARI ba="0,2" hai="11,12,14,15,19,26,30,34,44,49,52,108,110,111" machi="34" ten="40,8000,1" yaku="1,1,2,1,14,1,54,1,53,0" doraHai="17" doraHaiUra="64" who="3" fromWho="1" sc="250,0,240,-80,270,0,220,100" /><INIT seed="2,0,0,1,1,63" ten="250,160,270,320" oya="2" hai0="60,18,108,58,22,17,99,118,1,65,111,35,85" hai1="96,4,62,10,68,25,117,40,53,47,123,125,31" hai2="34,33,100,6,92,79,94,36,115,45,135,32,59" hai3="114,122,129,46,30,12,8,133,55,74,70,82,51"/><V11/><F115/><W77/><G122/><T110/><D35/><U16/><E117/><V84/><F100/><W67/><G133/><T130/><D118/><U119/><E119/><V61/><F135/><W112/><G30/><T87/><D130/><U21/><E125/><V69/><F69/><W5/><REACH who="3" step="1"/><G129/><REACH who="3" ten="250,160,270,310" step="2"/><T103/><D1/><U128/><E128/><V71/><F34/><W42/><G42/><T72/><D72/><U44/><E123/><V97/><F33/><W91/><G91/><T66/><D66/><U131/><E131/><V76/><F32/><W37/><G37/><T64/><D64/><U2/><E40/><V9/><F36/><W113/><G113/><T107/><REACH who="0" step="1"/><D17/><REACH who="0" ten="240,160,270,310" step="2"/><U83/><E16/><V109/><F6/><W93/><G93/><T102/><D102/><U127/><E4/><V19/><F19/><W23/><G23/><T105/><D105/><U75/><E21/><V27/><F94/><W104/><G104/><T78/><D78/><U90/><E90/><V56/><F92/><W49/><G49/><T134/><D134/><U124/><E127/><V7/><F79/><W121/><G121/><T43/><D43/><U89/><E89/><V3/><F76/><W116/><G116/><T24/><AGARI ba="0,2" hai="18,22,24,58,60,65,85,87,99,103,107,108,110,111" machi="24" ten="30,8000,1" yaku="1,1,0,1,14,1,52,1,53,1" doraHai="63" doraHaiUra="101" who="0" fromWho="0" sc="240,100,160,-20,270,-40,310,-20" /><INIT seed="3,0,0,2,3,129" ten="340,140,230,290" oya="3" hai0="1,37,31,119,25,86,57,112,19,59,55,95,23" hai1="91,32,8,22,131,38,128,52,101,6,9,135,115" hai2="29,120,78,40,73,87,81,27,90,35,104,62,12" hai3="85,36,28,94,105,124,134,88,41,70,113,117,67"/><W75/><G75/><T16/><D119/><U26/><E38/><V54/><F120/><W100/><G28/><T118/><D118/><U79/><E115/><V125/><F125/><W106/><G113/><T65/><D112/><U58/><E32/><V80/><F40/><W72/><G72/><T47/><D1/><U71/><E71/><V64/><F54/><W30/><G30/><T13/><D65/><U15/><E79/><V34/><F12/><W99/><G124/><T116/><D116/><U24/><E101/><V5/><F5/><W20/><G70/><T3/><D3/><U53/><E91/><V49/><F49/><W0/><G0/><T66/><D19/><U127/><E127/><V68/><F104/><W56/><G41/><T114/><D66/><U109/><E109/><V122/><F122/><W4/><G4/><T110/><D110/><U98/><E98/><V97/><F97/><W44/><G36/><T2/><D2/><U96/><E96/><V61/><F61/><W17/><G44/><T7/><D7/><U21/><E6/><V83/><F83/><W51/><G106/><T108/><D108/><U103/><E58/><N who="0" m="22025" /><D114/><U93/><E103/><V92/><F81/><W121/><G121/><T33/><D55/><U14/><E93/><V77/><F78/><W74/><G67/><T107/><D107/><U89/><E89/><V42/><F42/><W84/><G105/><T43/><D95/><U133/><AGARI ba="0,0" hai="8,9,14,15,21,22,24,26,52,53,128,131,133,135" machi="133" ten="25,12000,2" yaku="0,1,22,2,52,2,54,1" doraHai="129" who="1" fromWho="1" sc="340,-30,140,120,230,-30,290,-60" owari="310,41.0,260,6.0,200,-30.0,230,-17.0" /></mjloggm>