<mjloggm ver="2.3"><GO type="225" lobby="0"/><UN n0="%E6%97%A5%E6%9B%9C%E6%97%A5%E3%82%88%E3%82%8A%E3%81%AE%E4%BD%BF%E8%80%85" n1="%E6%9C%AA%E6%9D%A5%E5%B0%91%E5%B9%B4" n2="%E3%81%A9%E3%82%8F%E3%82%93%E3%81%94" n3="%E3%81%A1%E3%82%85%E3%81%86%E3%81%A9%E3%81%8F%E8%B1%A1%E3%81%95%E3%82%93" dan="17,16,16,17" rate="2151.67,2122.25,2198.80,2195.43" sx="M,M,M,M"/><TAIKYOKU oya="0"/><INIT seed="0,0,0,1,3,22" ten="250,250,250,250" oya="0" hai0="2,130,63,17,29,97,73,5,20,1,25,57,49" hai1="116,75,68,122,111,82,103,6,50,121,88,113,69" hai2="42,44,13,131,12,45,36,109,101,59,83,118,119" hai3="80,56,55,133,90,23,84,16,30,117,21,76,115"/><T104/><D73/><U77/><E116/><N who="2" m="44587" /><F109/><W11/><G117/><T100/><D130/><U129/><E111/><V132/><F131/><W60/><G115/><T79/><D79/><U72/><E129/><V10/><F132/><W120/><G133/><T124/><D124/><U48/><E113/><V91/><F101/><W41/><G120/><T128/><D128/><U110/><E110/><V78/><F91/><W9/><G41/><T98/><D5/><U18/><E103/><V46/><F59/><W52/><G55/><T108/><D108/><U38/><E38/><V94/><F94/><W43/><G43/><T19/><D97/><U99/><E6/><N who="2" m="3159" /><F13/><N who="3" m="9359" /><G76/><T51/><D51/><U53/><E50/><V35/><F35/><W114/><G114/><T34/><D49/><U40/><E40/><V81/><F81/><W4/><G4/><T93/><D104/><U71/><E75/><AGARI ba="0,0" hai="36,42,44,45,46,75,78,83" m="3159,44587" machi="75" ten="30,1000,0" yaku="12,1" doraHai="22" who="2" fromWho="1" sc="250,0,250,-10,250,10,250,0" /><INIT seed="1,0,0,3,5,112" ten="250,240,260,250" oya="1" hai0="23,35,74,111,95,50,32,8,40,0,29,104,123" hai1="82,128,34,11,103,49,73,41,62,36,117,132,44" hai2="59,90,81,87,48,108,43,5,1,131,46,51,4" hai3="93,91,102,25,28,69,110,70,53,54,80,22,129"/><U78/><E117/><V26/><F108/><W120/><G120/><T52/><D104/><U127/><E127/><V118/><F131/><W10/><G110/><T86/><D74/><U47/><E128/><V79/><F118/><W57/><G129/><T121/><D40/><U105/><E132/><V3/><F26/><W65/><G10/><T119/><D119/><U115/><E115/><V60/><F51/><W55/><G69/><T33/><D111/><U13/><E34/><V7/><REACH who="2" step="1"/><F79/><REACH who="2" ten="250,240,250,250" step="2"/><W92/><G70/><T45/><D123/><U96/><E62/><V124/><F124/><W42/><G42/><T72/><D121/><U76/><E76/><V30/><F30/><W68/><G68/><T122/><D122/><U83/><E78/><V106/><F106/><W39/><G39/><T63/><D29/><U107/><E107/><V37/><F37/><W101/><G65/><AGARI ba="0,1" hai="1,3,4,5,7,43,46,48,59,60,65,81,87,90" machi="65" ten="40,1300,0" yaku="1,1,53,0" doraHai="112" doraHaiUra="16" who="2" fromWho="3" sc="250,0,240,0,250,23,250,-13" /><INIT seed="2,0,0,1,1,96" ten="250,240,273,237" oya="2" hai0="111,85,14,91,41,19,84,65,74,49,131,27,35" hai1="45,4,58,26,87,60,39,46,123,15,86,77,135" hai2="7,134,98,32,109,124,31,119,21,5,8,73,118" hai3="93,69,50,71,17,40,133,94,128,108,114,23,79"/><V90/><F73/><W44/><G108/><T78/><D65/><U121/><E135/><V18/><F90/><W99/><G133/><T59/><D111/><U81/><E26/><N who="2" m="18551" /><F98/><W10/><G114/><T113/><D113/><U43/><E46/><V28/><F109/><W126/><G126/><T97/><D74/><U80/><E15/><N who="2" m="7527" /><F134/><W13/><G128/><T120/><D131/><U6/><E121/><V68/><F68/><W37/><G79/><T16/><D120/><U42/><E42/><V88/><F88/><W53/><G10/><N who="0" m="6231" /><D35/><U36/><E36/><V3/><F124/><W57/><REACH who="3" step="1"/><G94/><REACH who="3" ten="250,240,273,227" step="2"/><N who="0" m="56543" /><D78/><U130/><E130/><V92/><F92/><W47/><G47/><N who="0" m="25839" /><D59/><U103/><E123/><V106/><F106/><W115/><G115/><T29/><D29/><U11/><E11/><N who="2" m="2495" /><F7/><W25/><G25/><AGARI ba="0,1" hai="21,25,28,118,119" m="2495,7527,18551" machi="25" ten="30,2900,0" yaku="34,2" doraHai="96" who="2" fromWho="3" sc="250,0,240,0,273,39,227,-29" /><INIT seed="2,1,0,4,2,57" ten="250,240,312,198" oya="2" hai0="46,64,83,120,111,32,40,71,106,92,107,66,4" hai1="78,118,74,10,11,68,94,25,1,98,113,99,19" hai2="104,108,82,55,91,114,35,43,90,72,3,31,16" hai3="12,47,22,125,103,117,110,97,5,129,38,123,51"/><V80/><F114/><W26/><G117/><T52/><D120/><U18/><E113/><V101/><F3/><W126/><G123/><T36/><D32/><U119/><E68/><V85/><F43/><W132/><G38/><T27/><D111/><U112/><E112/><V2/><F2/><W48/><G110/><T93/><D4/><U105/><E105/><V53/><F108/><W115/><G115/><T84/><D27/><U62/><E1/><V42/><F42/><W34/><G34/><T41/><D41/><U0/><E0/><V23/><F31/><W59/><G132/><T87/><D87/><U75/><E94/><V109/><F35/><W69/><G69/><T8/><D8/><U135/><E25/><V70/><F70/><W39/><G39/><T54/><D107/><U122/><E78/><V56/><F109/><W45/><G129/><T29/><D29/><U14/><E14/><N who="2" m="9623" /><F72/><W124/><G12/><T21/><D106/><U60/><REACH who="1" step="1"/><E122/><REACH who="1" ten="250,230,312,198" step="2"/><V15/><F15/><W130/><G130/><T67/><D71/><U79/><E79/><V116/><F104/><N who="3" m="63599" /><G5/><T61/><D93/><U9/><E9/><V95/><F116/><W7/><G7/><T102/><D92/><U88/><E88/><V24/><F24/><W30/><G48/><T6/><D36/><U77/><E77/><V65/><F101/><W58/><G51/><T13/><D102/><U89/><E89/><V86/><F95/><W49/><G49/><T28/><D6/><U134/><AGARI ba="1,1" hai="10,11,18,19,60,62,74,75,98,99,118,119,134,135" machi="134" ten="25,12000,2" yaku="1,1,0,1,22,2,52,2,53,0" doraHai="57" doraHaiUra="81" who="1" fromWho="1" sc="250,-31,230,133,312,-61,198,-31" /><INIT seed="3,0,0,2,2,21" ten="219,363,251,167" oya="3" hai0="58,66,73,84,51,61,87,37,101,123,35,36,78" hai1="109,31,100,18,107,10,71,50,127,95,62,64,3" hai2="14,135,118,96,5,75,40,49,44,77,70,39,65" hai3="69,0,105,106,22,82,91,121,1,74,117,17,6"/><W89/><G121/><T103/><D123/><U104/><E109/><V38/><F118/><W2/><G117/><T63/><D35/><U120/><E120/><V133/><F96/><W130/><G69/><T29/><D73/><U43/><E127/><V90/><F90/><W79/><G6/><T20/><D51/><U48/><E31/><V11/><F77/><W80/><G130/><T116/><D116/><U47/><E48/><V19/><F75/><W129/><G129/><T24/><D61/><U134/><E134/><N who="2" m="51211" /><F19/><W99/><G80/><T33/><D33/><U53/><E43/><V125/><F125/><W85/><G91/><T41/><D41/><U52/><E53/><V122/><F122/><W112/><G112/><T98/><D103/><U9/><E9/><V68/><F65/><W132/><G132/><T26/><D26/><U128/><E128/><V81/><F81/><W7/><G7/><T131/><D131/><U54/><E54/><V86/><F86/><W124/><G124/><T25/><D25/><U27/><E3/><V110/><F110/><W72/><G72/><T92/><REACH who="0" step="1"/><D78/><REACH who="0" ten="209,363,251,167" step="2"/><U46/><E27/><V94/><F70/><W115/><G115/><T102/><D102/><U88/><E100/><V83/><F68/><W57/><G57/><T55/><D55/><U12/><E47/><V111/><F111/><W32/><G32/><T30/><D30/><U8/><E8/><V113/><F113/><W42/><G42/><T126/><D126/><U16/><E71/><V4/><F40/><W59/><G74/><T114/><D114/><U108/><E108/><RYUUKYOKU ba="0,1" sc="209,30,363,-10,251,-10,167,-10" hai0="20,24,29,36,37,58,63,66,84,87,92,98,101" owari="239,-16.1,363,46.3,241,4.1,157,-34.3" /></mjloggm>