<mjloggm ver="2.3"><GO type="225" lobby="0"/><UN n0="%E3%81%B5%E3%81%98%E3%81%8B%E3%81%A4" n1="%E3%81%BF%E3%81%BF%E3%81%9A" n2="%E3%83%8F%E3%83%B3%E3%83%89%E3%83%A9%E3%83%BC%E3%83%BB%E3%83%AF%E3%83%B3" n3="%48%61%61%61%6C%61%6E%64" dan="16,17,16,18" rate="2187.68,2253.85,2140.48,2256.27" sx="M,M,M,M"/><TAIKYOKU oya="0"/><INIT seed="0,0,0,5,4,95" ten="250,250,250,250" oya="0" hai0="12,99,69,102,84,61,68,56,58,65,134,48,53" hai1="38,113,128,24,91,54,79,114,77,133,67,59,43" hai2="82,89,30,19,1,37,92,33,116,17,49,51,94" hai3="122,11,121,0,16,74,64,104,44,135,20,85,88"/><T32/><D134/><U98/><E133/><V70/><F37/><W119/><G135/><T101/><D32/><U120/><E120/><N who="3" m="46186" /><G74/><T109/><D109/><U78/><E67/><V46/><F1/><W28/><G64/><T72/><D72/><U36/><E24/><V41/><F70/><W34/><G119/><T66/><D12/><U86/><E128/><V108/><F108/><W103/><G44/><T15/><D15/><U40/><E98/><N who="2" m="57615" /><F33/><W83/><G34/><T39/><D39/><U90/><E36/><V31/><F82/><W42/><G42/><N who="1" m="15914" /><E38/><V71/><F71/><W100/><G28/><N who="2" m="10793" /><F116/><W55/><G55/><T117/><D117/><U7/><E86/><V35/><F35/><W18/><G104/><T8/><D8/><U87/><E87/><V60/><F60/><W73/><G73/><T6/><D6/><U131/><E7/><V107/><F107/><W23/><G11/><T80/><D66/><U45/><E131/><V111/><F111/><W129/><G0/><T125/><D102/><N who="3" m="38953" /><G129/><T112/><D69/><U52/><E114/><V81/><F49/><W97/><G97/><T105/><D112/><U123/><E113/><V4/><F4/><W115/><G115/><T27/><D68/><U76/><N who="1" m="19456" /><DORA hai="126" /><U21/><E123/><V63/><F63/><W127/><G127/><T47/><D125/><U124/><E124/><V10/><F81/><W9/><G9/><T96/><D96/><U118/><E118/><V29/><F10/><W106/><G106/><T110/><D110/><U14/><E21/><AGARI ba="0,0" hai="16,18,20,21,23,83,85,88" m="38953,46186" machi="21" ten="30,3900,0" yaku="13,1,54,2" doraHai="95,126" who="3" fromWho="1" sc="250,0,250,-39,250,0,250,39" /><INIT seed="1,0,0,3,4,31" ten="250,211,250,289" oya="1" hai0="88,68,22,71,100,93,90,98,10,79,73,134,77" hai1="51,119,94,135,75,47,49,17,129,70,60,122,120" hai2="123,65,112,23,81,8,133,124,18,111,105,29,125" hai3="110,58,74,99,128,114,36,37,21,117,67,46,4"/><U1/><E75/><V101/><F123/><W48/><G114/><T84/><D134/><U85/><E119/><V27/><F133/><W115/><G115/><T54/><D10/><U15/><E135/><V96/><F112/><W76/><G117/><T30/><D90/><U13/><E1/><V0/><F111/><W103/><G110/><T56/><D30/><U89/><E129/><V82/><F65/><W102/><G128/><T19/><D77/><U108/><E13/><N who="2" m="7463" /><F0/><W44/><G4/><T64/><D64/><U16/><E17/><V41/><F41/><W69/><G21/><T97/><D97/><U11/><E108/><V107/><F107/><W14/><G14/><T132/><D132/><U53/><REACH who="1" step="1"/><E49/><REACH who="1" ten="250,201,250,289" step="2"/><V57/><F125/><W127/><G48/><N who="0" m="30791" /><D73/><U33/><E33/><V121/><F124/><W9/><G127/><T25/><D71/><U59/><E59/><V3/><F3/><W7/><G58/><T109/><D68/><U20/><E20/><V6/><F57/><W5/><G69/><T12/><D109/><U80/><E80/><V126/><F126/><W72/><G72/><T32/><D32/><U55/><E55/><V63/><F81/><W104/><G74/><T62/><D12/><U61/><E61/><V78/><F63/><W131/><G131/><T130/><D62/><U83/><E83/><V42/><F6/><W50/><G5/><T87/><D130/><U28/><E28/><V86/><F121/><W40/><G7/><T35/><D35/><U34/><E34/><V113/><F113/><W106/><G9/><T52/><D52/><RYUUKYOKU ba="0,1" sc="250,-15,201,15,250,15,289,-15" hai1="11,15,16,47,51,53,60,70,85,89,94,120,122" hai2="23,27,29,42,78,82,86,96,101,105" /><INIT seed="1,1,1,3,4,24" ten="235,216,265,274" oya="1" hai0="112,21,87,44,26,125,105,17,75,69,55,63,72" hai1="49,36,117,98,51,67,86,18,78,73,1,66,120" hai2="43,91,133,32,34,108,80,58,64,46,20,19,128" hai3="52,76,68,28,95,37,82,90,30,132,134,110,59"/><U127/><E117/><V102/><F108/><W89/><G68/><T6/><D112/><U97/><E120/><V15/><F128/><W40/><G110/><T135/><D105/><U14/><E73/><V92/><F102/><W31/><G40/><T103/><D125/><U114/><E36/><V23/><F80/><W4/><G4/><T130/><D135/><N who="3" m="51753" /><G37/><T45/><D130/><U9/><E1/><V50/><F133/><W16/><G16/><T7/><D103/><U100/><E114/><V53/><F64/><N who="1" m="24617" /><E127/><V106/><F106/><W11/><G11/><T60/><D72/><U2/><E2/><V84/><REACH who="2" step="1"/><F20/><REACH who="2" ten="235,216,255,274" step="2"/><W29/><N who="3" m="7168" /><DORA hai="10" /><W123/><G123/><T93/><D21/><U85/><E100/><V104/><F104/><W113/><G113/><T27/><D75/><U116/><E116/><V48/><AGARI ba="1,2" hai="15,19,23,32,34,43,46,48,50,53,58,84,91,92" machi="48" ten="20,12000,2" yaku="1,1,0,1,7,1,25,2,52,1,53,1" doraHai="24,10" doraHaiUra="22,81" who="2" fromWho="2" sc="235,-31,216,-61,255,143,274,-31" /><INIT seed="2,0,0,2,3,64" ten="204,155,398,243" oya="2" hai0="85,37,24,23,80,55,21,86,44,111,135,110,52" hai1="22,6,1,28,124,62,31,33,46,25,43,93,63" hai2="57,92,30,11,89,127,66,82,128,88,51,10,8" hai3="117,103,69,83,48,78,12,96,45,61,121,34,41"/><V132/><F128/><W47/><G117/><T68/><D68/><U131/><E124/><V73/><F127/><W2/><G2/><T14/><D135/><U133/><E131/><V4/><F30/><W118/><G118/><T49/><D37/><U20/><E133/><V56/><F132/><W90/><G34/><T19/><D55/><U101/><E6/><V106/><F106/><W115/><G121/><T113/><D113/><U13/><E1/><V91/><F73/><W60/><G90/><T76/><REACH who="0" step="1"/><D86/><REACH who="0" ten="194,155,398,243" step="2"/><U38/><E33/><V129/><F129/><W108/><G69/><T17/><AGARI ba="0,1" hai="14,17,19,21,23,24,44,49,52,76,80,85,110,111" machi="17" ten="30,7900,0" yaku="1,1,2,1,0,1,54,1,53,0" doraHai="64" doraHaiUra="27" who="0" fromWho="0" sc="194,89,155,-20,398,-39,243,-20" /><INIT seed="3,0,0,5,5,87" ten="283,135,359,223" oya="3" hai0="13,55,48,28,112,96,119,121,123,95,113,23,15" hai1="115,6,93,12,135,75,111,83,98,21,66,50,80" hai2="132,29,63,31,5,128,14,60,104,78,103,19,58" hai3="16,101,72,69,106,90,131,81,7,133,79,126,54"/><W118/><G118/><T105/><D119/><U94/><E115/><N who="0" m="44105" /><D105/><U65/><E135/><V107/><F128/><W85/><G126/><T42/><D42/><U27/><E111/><V0/><F78/><W8/><G131/><T34/><D34/><U92/><E75/><V91/><F63/><W1/><G69/><T129/><D129/><U17/><E50/><V97/><F107/><W39/><G39/><T22/><D28/><U100/><E83/><V4/><F132/><W62/><G133/><T45/><D15/><U57/><E80/><V71/><F71/><W122/><G122/><N who="0" m="46603" /><D13/><U120/><E120/><V134/><F29/><W3/><G16/><T70/><D70/><U49/><E49/><V46/><F31/><W35/><G35/><T82/><D82/><U109/><E109/><V127/><F14/><W61/><G3/><T130/><D130/><U117/><E117/><V33/><F19/><W24/><G24/><T30/><D30/><U74/><E74/><V41/><F0/><W52/><G72/><T102/><AGARI ba="0,0" hai="22,23,45,48,55,95,96,102" m="46603,44105" machi="102" ten="30,1100,0" yaku="11,1" doraHai="87" who="0" fromWho="0" sc="283,11,135,-3,359,-3,223,-5" owari="294,9.4,132,-36.8,356,45.6,218,-18.2" /></mjloggm>