<mjloggm ver="2.3"><GO type="225" lobby="0"/><UN n0="%E5%AE%AE%E4%BF%9D%E9%B6%8F%E8%82%89" n1="%E3%81%8F%E3%82%8A%E3%83%94%E3%83%BC" n2="%70%68%65%6E%6F%6D%65" n3="%E3%81%A1%E3%82%85%E3%81%86%E3%81%A9%E3%81%8F%E8%B1%A1%E3%81%95%E3%82%93" dan="16,16,17,17" rate="2089.10,2105.99,2164.72,2139.69" sx="M,M,M,M"/><TAIKYOKU oya="0"/><INIT seed="0,0,0,4,4,135" ten="250,250,250,250" oya="0" hai0="125,133,68,54,30,8,118,91,56,3,106,95,98" hai1="46,85,22,96,67,134,112,40,120,4,73,103,55" hai2="101,94,109,75,76,7,83,52,53,105,14,37,114" hai3="65,36,34,90,59,23,131,58,108,64,123,31,45"/><T1/><D118/><U128/><E120/><V74/><F114/><W66/><G123/><T126/><D68/><U0/><E73/><V33/><F109/><W2/><G2/><T116/><D116/><U107/><E134/><V124/><F33/><W32/><G108/><T102/><D30/><U27/><E128/><V81/><F37/><W57/><G131/><T20/><D20/><U121/><E112/><V86/><F105/><W84/><G36/><T5/><D1/><U71/><E55/><V63/><F124/><N who="0" m="47722" /><D133/><U132/><E22/><V88/><F75/><W117/><G45/><T6/><D6/><U72/><E46/><V111/><F111/><W21/><G117/><T115/><D115/><U89/><E4/><V104/><F7/><W19/><G31/><T113/><D113/><U38/><E38/><V99/><F14/><W47/><G47/><T62/><D91/><U77/><E89/><V10/><F10/><W79/><G79/><T87/><D87/><U9/><E85/><V60/><F83/><W49/><G23/><T44/><D44/><U24/><E77/><V48/><F53/><W61/><G32/><T50/><D50/><U12/><E71/><V82/><F82/><N who="3" m="49431" /><G34/><T13/><D3/><U11/><E0/><V35/><F35/><W93/><G49/><T78/><D78/><U69/><E69/><V25/><F25/><N who="3" m="14527" /><G61/><T29/><D29/><U17/><E24/><V100/><F60/><W119/><G119/><T39/><D39/><U92/><E27/><V122/><F63/><W26/><G26/><T110/><D106/><N who="1" m="63847" /><E132/><V41/><F122/><RYUUKYOKU ba="0,0" sc="250,15,250,-15,250,-15,250,15" hai0="5,8,13,54,56,62,95,98,102,110" hai3="57,58,59,64,65,66,93" /><INIT seed="0,1,0,3,1,114" ten="265,235,235,265" oya="0" hai0="2,4,25,11,124,102,122,98,48,7,51,33,61" hai1="68,135,45,35,117,75,9,99,76,44,55,116,77" hai2="14,78,123,101,80,130,23,131,133,1,52,64,36" hai3="34,29,8,89,70,104,62,28,32,127,106,96,16"/><T113/><D113/><U40/><E35/><V6/><F123/><W59/><G70/><T0/><D122/><U21/><E68/><V94/><F36/><W18/><G127/><T88/><D124/><U60/><E135/><V97/><F133/><W93/><G32/><T120/><D120/><U72/><E21/><V71/><F1/><W38/><G38/><T110/><D110/><U53/><E99/><V118/><F118/><N who="1" m="45673" /><E60/><N who="2" m="40327" /><F52/><N who="1" m="20041" /><E9/><N who="2" m="4407" /><F23/><W39/><G39/><T42/><D61/><U103/><E103/><V20/><F20/><W27/><G29/><T5/><D102/><U43/><E44/><V31/><F31/><W91/><G91/><T109/><D33/><U26/><E45/><V57/><F57/><W74/><G74/><N who="1" m="28202" /><E26/><V115/><F115/><W69/><G69/><T56/><D25/><U73/><N who="1" m="28210" /><AGARI ba="1,0" hai="73,78,80,94,97,101,130,131" m="4407,40327" machi="73" ten="30,1000,0" yaku="3,1" doraHai="114" who="2" fromWho="1" sc="265,0,235,-13,235,13,265,0" /><INIT seed="1,0,0,5,0,27" ten="265,222,248,265" oya="1" hai0="7,62,15,71,47,125,96,9,117,10,108,54,120" hai1="100,36,128,85,66,16,33,113,44,14,129,87,119" hai2="101,49,111,60,107,28,64,35,34,48,37,127,41" hai3="67,5,29,76,72,124,88,91,93,19,63,12,46"/><U99/><E113/><V23/><F111/><W8/><G124/><T103/><D117/><U17/><E119/><V132/><F127/><W39/><G72/><T24/><D108/><U90/><E33/><V131/><F132/><W57/><G76/><T135/><D125/><U83/><E66/><V20/><F131/><N who="1" m="50249" /><E87/><V97/><F37/><W61/><G91/><T89/><D120/><U77/><E90/><V78/><F78/><W98/><G39/><T122/><D122/><U1/><E14/><V0/><F0/><W82/><G46/><T70/><D89/><U22/><E22/><N who="2" m="8235" /><F41/><W43/><G43/><T51/><D24/><U50/><E1/><V11/><F11/><W21/><G82/><T126/><D135/><U68/><E68/><N who="2" m="41991" /><F35/><W81/><G81/><T56/><D10/><U38/><E38/><V58/><F58/><W92/><G92/><T133/><D133/><U53/><E36/><V65/><F65/><W134/><G134/><T112/><D112/><U130/><N who="1" m="50257" /><U32/><DORA hai="2" /><E32/><V30/><F30/><W95/><G95/><AGARI ba="0,0" hai="16,17,44,50,53,77,83,85,95,99,100" m="50257" machi="95" ten="40,3900,0" yaku="19,1,54,1" doraHai="27,2" who="1" fromWho="3" sc="265,0,222,39,248,0,265,-39" /><INIT seed="1,1,0,2,0,89" ten="265,261,248,226" oya="1" hai0="63,6,84,1,45,70,125,2,20,57,135,11,14" hai1="5,132,110,124,42,106,25,74,28,64,52,12,37" hai2="51,126,62,36,93,55,13,8,91,121,90,40,7" hai3="48,128,113,60,9,49,59,94,46,72,41,112,32"/><U100/><E74/><V102/><F121/><W103/><G72/><T133/><D125/><U129/><E64/><V3/><F126/><W96/><G128/><T122/><D122/><U17/><E129/><V95/><F3/><W97/><G32/><T67/><D45/><U105/><E124/><V22/><F22/><W47/><G9/><T130/><D130/><U65/><E65/><V0/><F0/><W24/><G24/><T69/><D1/><U98/><E5/><V29/><F29/><W86/><G86/><T120/><D120/><U116/><E116/><V109/><F109/><W85/><G85/><T82/><D20/><U31/><E132/><N who="0" m="50761" /><D14/><U18/><E106/><V92/><F102/><W15/><G15/><T115/><D115/><U104/><E105/><V107/><F107/><W134/><G96/><T71/><D69/><U27/><E110/><V33/><F33/><W61/><G134/><T73/><D73/><U54/><E42/><V30/><F30/><N who="1" m="11305" /><E37/><V4/><F7/><W131/><G131/><T117/><D117/><U76/><E76/><AGARI ba="1,0" hai="2,6,11,57,63,67,70,71,76,82,84" m="50761" machi="76" ten="30,1000,0" yaku="20,1" doraHai="89" who="0" fromWho="1" sc="265,13,261,-13,248,0,226,0" /><INIT seed="2,0,0,2,4,37" ten="278,248,248,226" oya="2" hai0="110,103,70,7,93,95,76,134,117,121,20,79,50" hai1="47,119,40,42,16,115,92,5,88,55,21,4,23" hai2="87,32,3,69,100,132,60,112,67,43,94,75,52" hai3="135,53,122,48,77,6,64,78,46,19,27,13,73"/><V44/><F112/><W109/><G122/><T80/><D121/><U9/><E119/><V45/><F75/><W33/><G109/><T30/><D70/><U89/><E115/><V123/><F123/><W97/><G135/><T85/><D110/><U24/><E9/><V84/><F132/><W71/><G73/><T31/><D134/><U81/><E81/><V131/><F3/><W133/><G133/><T105/><D105/><U74/><E74/><V113/><F113/><W2/><G97/><T51/><D7/><N who="1" m="2635" /><E89/><V62/><F32/><W65/><G71/><T17/><D79/><U72/><E72/><V41/><F131/><W83/><G78/><T128/><D128/><U116/><E116/><V10/><F10/><W101/><G101/><T98/><D95/><U108/><E108/><V130/><F130/><W38/><G38/><T114/><D114/><U25/><E55/><V18/><F18/><W26/><G2/><T120/><D117/><U68/><E47/><V14/><F14/><W127/><G127/><T36/><D36/><U34/><E34/><V126/><F126/><W82/><G6/><T49/><REACH who="0" step="1"/><D120/><REACH who="0" ten="268,248,248,226" step="2"/><U63/><E68/><V28/><F94/><W39/><G39/><T91/><D91/><U124/><E124/><V96/><F69/><W54/><G77/><T0/><D0/><U22/><E63/><V56/><F62/><W59/><G82/><T125/><D125/><U12/><E12/><AGARI ba="0,1" hai="12,17,20,30,31,49,50,51,76,80,85,93,98,103" machi="12" ten="40,2600,0" yaku="1,1,8,1,53,0" doraHai="37" doraHaiUra="129" who="0" fromWho="1" sc="268,36,248,-26,248,0,226,0" /><INIT seed="3,0,0,0,1,55" ten="304,222,248,226" oya="3" hai0="0,115,81,126,110,3,4,79,101,134,135,53,111" hai1="41,37,121,45,102,95,87,78,127,46,61,118,33" hai2="17,130,125,100,120,75,42,73,57,1,88,20,129" hai3="50,133,106,60,25,40,68,117,65,31,113,84,105"/><W39/><G113/><T131/><D115/><U103/><E121/><V16/><F120/><W69/><G117/><T114/><D114/><U28/><E118/><V23/><F1/><N who="0" m="586" /><D4/><U123/><E127/><V14/><F125/><W38/><G133/><N who="0" m="50699" /><D131/><N who="2" m="50186" /><F100/><W19/><G19/><T77/><D126/><U35/><E123/><V22/><F42/><W93/><G40/><T8/><D8/><U85/><E41/><V94/><F57/><W108/><G69/><T70/><D70/><U56/><E56/><V47/><F47/><W71/><G71/><T18/><D18/><N who="2" m="7274" /><F14/><W82/><G68/><T132/><D132/><U107/><E103/><V10/><F10/><W54/><G108/><N who="0" m="41515" /><D101/><U13/><E102/><V122/><F122/><W12/><G105/><T58/><D81/><U67/><E107/><V34/><F34/><W74/><G106/><T9/><D9/><U96/><E35/><V30/><F30/><W49/><G31/><T59/><D59/><N who="1" m="37311" /><E33/><V116/><F116/><W62/><G82/><T11/><D11/><U15/><E28/><V112/><F112/><W109/><G109/><T124/><D124/><U80/><E80/><V97/><AGARI ba="0,0" hai="20,22,23,73,75,88,94,97" m="7274,50186" machi="97" ten="40,5200,0" yaku="19,1,54,2" doraHai="55" who="2" fromWho="2" sc="304,-13,222,-13,248,52,226,-26" owari="291,9.1,209,-19.1,300,40.0,200,-30.0" /></mjloggm>