<mjloggm ver="2.3"><GO type="225" lobby="0"/><UN n0="%48%61%61%61%6C%61%6E%64" n1="%6D%75%75%6D%75%72%61" n2="%E4%B8%89%E5%86%A0%E7%8E%8B%E3%83%BB%E5%B1%B1%E7%94%B0%E5%93%B2%E4%BA%BA" n3="%E9%80%9F%E6%B0%B4%E5%87%9B%E9%A6%99" dan="17,16,16,16" rate="2144.74,2147.30,2135.94,2125.72" sx="M,F,M,F"/><TAIKYOKU oya="0"/><INIT seed="0,0,0,0,3,33" ten="250,250,250,250" oya="0" hai0="99,25,64,8,24,45,130,133,61,96,75,107,5" hai1="6,131,2,19,125,14,52,43,79,54,0,13,112" hai2="127,86,1,94,135,87,78,22,35,47,71,105,49" hai3="89,72,4,122,46,30,126,114,28,3,42,132,20"/><T110/><D130/><U12/><E131/><V55/><F105/><W80/><G114/><T60/><D133/><U66/><E112/><V111/><F35/><W134/><G122/><T82/><D110/><U81/><E125/><V73/><F71/><W68/><G68/><T59/><D45/><U31/><E19/><V40/><F111/><W102/><G102/><T103/><D99/><U120/><E120/><V58/><F127/><W48/><G126/><T11/><D11/><U117/><E117/><V123/><F123/><W39/><G48/><T118/><D118/><U92/><E66/><V16/><F135/><N who="3" m="51755" /><G20/><T23/><D60/><U41/><E31/><V38/><F1/><W70/><G70/><T36/><D36/><U10/><E92/><V74/><F86/><N who="3" m="50375" /><G72/><T76/><REACH who="0" step="1"/><D23/><REACH who="0" ten="240,250,250,250" step="2"/><U29/><E0/><AGARI ba="0,1" hai="0,5,8,24,25,59,61,64,75,76,82,96,103,107" machi="0" ten="30,11600,0" yaku="1,1,2,1,7,1,52,1,53,0" doraHai="33" doraHaiUra="26" who="0" fromWho="1" sc="240,126,250,-116,250,0,250,0" /><INIT seed="0,1,0,5,5,24" ten="366,134,250,250" oya="0" hai0="76,80,98,59,46,103,51,17,112,77,111,31,110" hai1="126,23,32,20,60,47,21,83,35,40,87,16,42" hai2="34,65,134,90,11,129,58,28,15,52,91,10,106" hai3="119,81,135,75,73,25,13,44,69,130,131,62,9"/><T66/><D112/><U101/><E126/><V18/><F106/><W29/><G119/><T7/><D7/><U82/><E101/><V94/><F134/><W123/><G123/><T0/><D0/><U1/><E1/><V12/><F129/><N who="3" m="49163" /><G135/><T116/><D116/><U109/><E109/><N who="0" m="41481" /><D17/><U39/><E42/><V3/><F65/><N who="3" m="41143" /><G44/><T64/><D59/><U100/><E100/><V113/><F3/><W117/><G81/><T78/><D80/><U63/><E82/><V55/><F113/><W30/><G117/><T132/><D132/><U127/><E127/><V2/><F2/><W68/><G68/><T22/><D46/><U19/><E60/><V124/><F58/><W99/><G99/><T118/><D51/><U49/><E63/><V36/><F124/><W121/><G121/><T57/><D57/><U104/><E39/><V27/><F36/><W54/><G54/><T79/><D118/><U95/><E104/><V133/><F133/><W48/><G48/><T74/><D64/><U93/><E95/><V96/><REACH who="2" step="1"/><F90/><REACH who="2" ten="366,134,240,250" step="2"/><W4/><G25/><N who="0" m="16823" /><D66/><U115/><E115/><V53/><F53/><W33/><G33/><T43/><D43/><U8/><E35/><V89/><F89/><W88/><G88/><T97/><D103/><U5/><E32/><V92/><F92/><W105/><G105/><T125/><D125/><U128/><E93/><V85/><F85/><W50/><G50/><T56/><D56/><U37/><E128/><V122/><F122/><W120/><G120/><T38/><D38/><U26/><E37/><V70/><F70/><W14/><G14/><RYUUKYOKU ba="1,1" sc="366,10,134,-30,240,10,250,10" hai0="74,76,77,78,79,97,98" hai2="10,11,12,15,18,27,28,34,52,55,91,94,96" hai3="4,9,13,29,30,73,75" /><INIT seed="0,2,1,2,2,31" ten="376,104,250,260" oya="0" hai0="124,1,43,34,46,56,71,126,52,95,42,127,16" hai1="87,74,65,26,20,70,27,23,107,109,110,116,68" hai2="88,80,84,32,29,73,3,77,72,83,12,98,121" hai3="59,2,14,115,82,25,30,35,61,100,38,60,91"/><T134/><D134/><U54/><E74/><V4/><F121/><W63/><G2/><T97/><D71/><U86/><E116/><V0/><F73/><W93/><G38/><T49/><D1/><U8/><E54/><V41/><F41/><W108/><G115/><T101/><D34/><U102/><E8/><V64/><F64/><W79/><G108/><T7/><D7/><U24/><E102/><V90/><F4/><W69/><G100/><T131/><D131/><U104/><REACH who="1" step="1"/><E26/><REACH who="1" ten="376,94,250,260" step="2"/><V125/><F125/><W57/><G25/><T135/><D135/><U44/><E44/><V22/><F72/><W117/><G117/><T58/><D43/><U67/><AGARI ba="2,2" hai="20,23,24,27,65,67,68,70,86,87,104,107,109,110" machi="67" ten="25,12000,2" yaku="1,1,0,1,22,2,53,2" doraHai="31" doraHaiUra="17" who="1" fromWho="1" sc="376,-62,94,146,250,-32,260,-32" /><INIT seed="1,0,0,2,4,119" ten="314,240,218,228" oya="1" hai0="92,57,54,4,88,65,36,102,26,75,40,99,110" hai1="3,78,120,7,112,101,11,91,49,67,34,83,98" hai2="42,56,16,0,114,21,31,51,123,37,20,33,93" hai3="32,52,41,96,121,45,22,50,113,125,59,132,38"/><U6/><E112/><V35/><F0/><W9/><G32/><T58/><D110/><U69/><E120/><V63/><F37/><W77/><G113/><T87/><D75/><N who="1" m="43487" /><E91/><V133/><F133/><W128/><G132/><T129/><D129/><U15/><E15/><V14/><F114/><W89/><G128/><T118/><D118/><U18/><E18/><V8/><F123/><W29/><G121/><T97/><D4/><U86/><E86/><V64/><F35/><W66/><G125/><T90/><D26/><U109/><E49/><V53/><F42/><W80/><G9/><T25/><D25/><U108/><E7/><V81/><F33/><W17/><G29/><T24/><D24/><U70/><E34/><V82/><F31/><W74/><G66/><T44/><D65/><U27/><E27/><V100/><F100/><W111/><G111/><N who="1" m="42570" /><E67/><V19/><F93/><AGARI ba="0,0" hai="3,6,11,69,70,93,98,101" m="42570,43487" machi="93" ten="30,2900,0" yaku="14,1,10,1" doraHai="119" who="1" fromWho="2" sc="314,0,240,29,218,-29,228,0" /><INIT seed="1,1,0,5,1,27" ten="314,269,189,228" oya="1" hai0="60,44,91,90,45,72,79,55,33,15,11,109,12" hai1="82,61,124,126,127,42,123,13,46,131,52,67,98" hai2="58,26,47,78,111,92,64,65,59,93,43,19,49" hai3="23,41,36,57,133,87,130,40,81,74,4,89,29"/><U1/><E123/><V70/><F111/><W134/><G74/><T16/><D109/><U112/><E1/><V118/><F118/><W48/><G4/><T62/><D33/><U101/><E112/><V71/><F78/><W115/><G115/><T95/><D72/><U106/><E131/><V88/><F93/><W50/><G36/><T129/><D79/><U135/><E135/><N who="3" m="51722" /><G130/><T80/><D129/><U128/><E128/><V73/><F73/><W68/><G68/><T97/><D12/><U32/><E82/><V77/><F77/><W122/><G122/><T63/><D55/><U51/><E13/><V66/><F71/><W37/><G37/><T102/><D80/><U22/><E22/><V85/><REACH who="2" step="1"/><F70/><REACH who="2" ten="314,269,179,228" step="2"/><W83/><G83/><T56/><D56/><N who="1" m="37287" /><E32/><V39/><F39/><W108/><G108/><T14/><D45/><U69/><E69/><V24/><F24/><N who="3" m="16543" /><G57/><T7/><D44/><U20/><E127/><V76/><F76/><W21/><G21/><AGARI ba="1,1" hai="7,11,14,15,16,21,60,62,63,90,91,95,97,102" machi="21" ten="40,2600,0" yaku="8,1,54,1" doraHai="27" who="0" fromWho="3" sc="314,39,269,0,179,0,228,-29" /><AGARI ba="1,0" hai="19,21,26,43,47,49,58,59,64,65,66,85,88,92" machi="21" ten="40,5200,0" yaku="1,1,8,1,54,1,53,0" doraHai="27" doraHaiUra="75" who="2" fromWho="3" sc="353,0,269,0,179,52,199,-52" /><INIT seed="2,0,0,3,3,18" ten="353,269,231,147" oya="2" hai0="127,36,54,103,101,19,109,49,134,106,89,115,131" hai1="13,25,38,26,63,129,44,41,81,8,75,88,22" hai2="10,2,112,117,91,67,120,111,48,71,34,20,53" hai3="17,55,99,97,123,66,90,56,76,69,58,5,30"/><V107/><F112/><W62/><G123/><T80/><D115/><U70/><E129/><V46/><F117/><W35/><G76/><T68/><D36/><U113/><E113/><V92/><F107/><W42/><G5/><T64/><D131/><U86/><E75/><V29/><F120/><W7/><G7/><T27/><D109/><U128/><E128/><V43/><F111/><W21/><G42/><T125/><D134/><U130/><E130/><V11/><F34/><W45/><G45/><T84/><D68/><U104/><E104/><V31/><F2/><W65/><G69/><T77/><D64/><U60/><E70/><V132/><F132/><W14/><G35/><T15/><D27/><U37/><E26/><N who="2" m="16583" /><F71/><W87/><G30/><T100/><D106/><U73/><E73/><V57/><F31/><W1/><G1/><T24/><D24/><U61/><E37/><V85/><F67/><W23/><G23/><T32/><D32/><U33/><E33/><V4/><F4/><W133/><G133/><T119/><D119/><U28/><E63/><AGARI ba="0,0" hai="10,11,43,46,48,53,57,63,85,91,92" m="16583" machi="63" ten="30,2900,0" yaku="8,1,52,1" doraHai="18" who="2" fromWho="1" sc="353,0,269,-29,231,29,147,0" /><INIT seed="2,1,0,1,5,113" ten="353,240,260,147" oya="2" hai0="36,28,123,89,17,99,19,18,127,52,122,97,111" hai1="43,134,49,126,69,125,78,114,6,60,50,62,120" hai2="33,70,29,5,92,14,32,30,22,108,23,121,1" hai3="135,77,88,39,41,37,59,132,57,48,13,98,63"/><V67/><F70/><W71/><G77/><T44/><D111/><U58/><E78/><V7/><F67/><W95/><G88/><T51/><D127/><N who="1" m="48651" /><E6/><N who="2" m="2059" /><F92/><W20/><G95/><T131/><D131/><U118/><E114/><V109/><F121/><W2/><G98/><T56/><D28/><N who="2" m="10858" /><F1/><W115/><G13/><T76/><D76/><U112/><E112/><V0/><F0/><W130/><G20/><N who="2" m="7721" /><F14/><W10/><G10/><T110/><D110/><AGARI ba="1,0" hai="32,33,108,109,110" m="7721,10858,2059" machi="110" ten="30,18000,2" yaku="28,2,14,1,10,1,34,2" doraHai="113" who="2" fromWho="0" sc="353,-183,240,0,260,183,147,0" /><INIT seed="2,2,0,5,1,90" ten="170,240,443,147" oya="2" hai0="67,4,103,25,128,116,55,110,107,72,123,96,26" hai1="75,125,42,92,91,0,70,53,109,17,86,119,117" hai2="134,34,105,11,133,24,97,57,112,50,100,120,94" hai3="78,32,27,131,64,63,124,33,93,82,111,49,44"/><V114/><F120/><W10/><G111/><T45/><D123/><U95/><E109/><V40/><F11/><W69/><G131/><T56/><D110/><U14/><E75/><V65/><F34/><W19/><G124/><T29/><D72/><U37/><E125/><V104/><F24/><W15/><G27/><T36/><D128/><U61/><E0/><V1/><F1/><W99/><G82/><T60/><D116/><U127/><E127/><V79/><F79/><W88/><REACH who="3" step="1"/><G78/><REACH who="3" ten="170,240,443,137" step="2"/><T47/><D25/><U16/><E117/><V46/><F114/><W20/><G20/><T121/><D121/><U115/><E119/><V118/><F112/><W5/><G5/><T31/><D4/><U13/><E115/><V39/><F118/><W2/><G2/><T51/><D26/><U76/><E76/><V80/><F80/><W54/><AGARI ba="2,1" hai="10,15,19,32,33,44,49,54,63,64,69,88,93,99" machi="54" ten="20,8000,1" yaku="1,1,0,1,7,1,52,1,54,1,53,0" doraHai="90" doraHaiUra="98" who="3" fromWho="3" sc="170,-22,240,-22,443,-42,137,96" /><INIT seed="3,0,0,0,2,53" ten="148,218,401,233" oya="3" hai0="131,51,115,99,130,57,3,84,2,17,78,133,112" hai1="58,74,81,127,61,113,65,30,6,13,49,31,1" hai2="68,12,87,95,64,73,121,29,34,8,85,33,91" hai3="96,44,92,134,77,132,4,89,106,109,122,60,70"/><W63/><G4/><T104/><D78/><U90/><E113/><N who="0" m="43593" /><D84/><N who="1" m="50447" /><E1/><N who="0" m="9" /><D99/><U76/><E74/><V66/><F73/><W32/><G122/><T26/><D104/><U59/><E127/><V20/><F20/><W103/><G77/><T27/><D51/><U124/><E76/><V50/><F68/><W7/><G70/><T54/><D54/><N who="1" m="32079" /><E124/><V69/><F29/><W100/><G100/><T23/><D57/><U117/><E117/><V22/><F34/><W135/><G32/><T0/><N who="0" m="17" /><T80/><DORA hai="105" /><D80/><U45/><E45/><V37/><F91/><W14/><G44/><T48/><D48/><U19/><E6/><V98/><F37/><W43/><G43/><T97/><D97/><U38/><E38/><V83/><F121/><W56/><G56/><T71/><D71/><U18/><E18/><V116/><F116/><W93/><G106/><T110/><D110/><U108/><E108/><V128/><F33/><W25/><G109/><T86/><D86/><U82/><E82/><V62/><F83/><W40/><G40/><T88/><D88/><U24/><E24/><N who="0" m="9257" /><D133/><U94/><E94/><V111/><F111/><W72/><G72/><T9/><D9/><AGARI ba="0,0" hai="9,13,19,30,31,59,61,65" m="32079,50447" machi="9" ten="30,3900,0" yaku="8,1,52,2" doraHai="53,105" who="1" fromWho="0" sc="148,-39,218,39,401,0,233,0" owari="109,-39.1,257,5.7,401,50.1,233,-16.7" /></mjloggm>