<mjloggm ver="2.3"><GO type="225" lobby="0"/><UN n0="%E6%A1%9C%E8%8A%B1%E9%96%83%E3%80%85" n1="%43%68%65" n2="%4D%50%43%32%38%30%30" n3="%E9%BB%92%E9%89%84%E7%8F%A0%E9%9B%AB" dan="18,16,16,16" rate="2235.73,2167.04,2204.51,2198.70" sx="M,M,M,F"/><TAIKYOKU oya="0"/><INIT seed="0,0,0,3,5,52" ten="250,250,250,250" oya="0" hai0="124,31,29,118,84,125,2,121,5,26,42,103,120" hai1="6,93,12,107,86,82,129,116,87,19,72,122,20" hai2="127,90,74,35,11,131,113,14,65,3,106,4,68" hai3="36,96,53,49,97,79,43,16,45,55,40,126,0"/><T100/><D42/><U85/><E116/><V105/><F113/><W66/><G0/><T130/><D84/><U69/><E122/><N who="0" m="47209" /><D118/><U28/><E107/><V7/><F74/><W46/><G79/><T50/><D50/><U117/><E117/><V8/><F131/><W91/><G126/><N who="0" m="48747" /><D130/><U89/><E69/><V27/><F127/><W10/><G66/><T61/><D61/><U133/><E133/><V73/><F73/><W57/><G36/><T58/><D58/><U33/><E129/><V108/><F90/><W95/><G97/><T78/><D78/><U30/><E72/><V47/><F47/><W114/><G114/><T101/><D26/><U62/><E62/><V21/><F65/><W13/><G46/><T104/><D104/><U109/><E86/><V41/><F68/><W88/><G91/><T94/><D94/><U64/><E64/><V81/><F81/><W34/><G34/><T15/><D2/><U102/><E89/><V123/><F41/><W37/><G37/><T18/><D5/><U39/><E6/><V71/><F71/><W70/><G70/><T23/><AGARI ba="0,0" hai="15,18,23,29,31,100,101,103" m="48747,47209" machi="23" ten="40,2100,0" yaku="18,1" doraHai="52" who="0" fromWho="0" sc="250,21,250,-7,250,-7,250,-7" /><INIT seed="0,1,0,3,4,115" ten="271,243,243,243" oya="0" hai0="99,121,63,60,129,18,61,53,92,95,8,105,5" hai1="101,48,83,51,3,1,59,118,44,107,114,96,10" hai2="82,13,19,98,78,57,90,104,40,25,112,65,23" hai3="100,31,94,11,134,64,103,125,46,74,97,126,32"/><T70/><D121/><U45/><E114/><V93/><F104/><W7/><G74/><T6/><D70/><U26/><E59/><V54/><F112/><W36/><G64/><T37/><D37/><U133/><E133/><V130/><F130/><W81/><G134/><T124/><D129/><U122/><E122/><V41/><F65/><W84/><G103/><N who="0" m="60927" /><D105/><U110/><E110/><V38/><F38/><W62/><G62/><N who="0" m="24171" /><D124/><U111/><E111/><V43/><F57/><W34/><G36/><T72/><D72/><U47/><E118/><V2/><F2/><W76/><G46/><T108/><D92/><U20/><E83/><V123/><F123/><W17/><G17/><T66/><D66/><U135/><E135/><V0/><F0/><W28/><G34/><T16/><D108/><U91/><E91/><V30/><F54/><W58/><G58/><N who="0" m="35279" /><D18/><U68/><E68/><V80/><REACH who="2" step="1"/><F78/><REACH who="2" ten="271,243,233,243" step="2"/><W67/><G67/><T131/><D131/><U52/><E3/><V128/><F128/><W56/><G56/><T14/><AGARI ba="1,1" hai="5,6,8,14,16" m="35279,24171,60927" machi="14" ten="30,3000,0" yaku="8,1,54,1" doraHai="115" who="0" fromWho="0" sc="271,43,243,-11,233,-11,243,-11" /><INIT seed="0,2,0,0,5,71" ten="314,232,222,232" oya="0" hai0="113,84,68,105,43,11,128,106,67,131,45,25,129" hai1="29,9,16,13,10,54,130,17,97,22,92,90,100" hai2="101,134,63,21,2,133,4,1,31,91,32,47,55" hai3="59,76,65,112,8,58,87,85,18,23,27,52,116"/><T124/><D113/><U114/><E130/><V26/><F101/><W93/><G116/><T109/><D124/><U37/><E114/><V132/><F91/><W5/><G112/><T103/><D109/><U60/><E37/><V34/><F63/><W125/><G125/><T41/><D84/><U48/><E60/><V135/><N who="2" m="33792" /><DORA hai="72" /><V49/><REACH who="2" step="1"/><F4/><REACH who="2" ten="314,232,212,232" step="2"/><W66/><G93/><T57/><D103/><U117/><E117/><V94/><F94/><W75/><G5/><T82/><D106/><U78/><E100/><V35/><AGARI ba="2,1" hai="1,2,21,26,31,32,34,35,47,49,55" m="33792" machi="35" ten="70,8000,1" yaku="1,1,0,1,20,1,53,0" doraHai="71,72" doraHaiUra="6,0" who="2" fromWho="2" sc="314,-42,232,-22,212,96,232,-22" /><INIT seed="1,0,0,5,5,66" ten="272,210,308,210" oya="1" hai0="18,2,64,110,126,9,78,6,88,101,97,55,23" hai1="16,91,70,94,59,47,32,133,19,63,122,29,57" hai2="26,116,43,72,86,40,65,74,42,123,131,27,1" hai3="0,71,135,60,31,105,8,128,96,100,109,5,10"/><U93/><E122/><V35/><F123/><W34/><G10/><T3/><D110/><U125/><E125/><V92/><F1/><W7/><G7/><T112/><D112/><U36/><E133/><V12/><F116/><W39/><G109/><T77/><D126/><U11/><E70/><V134/><F134/><W106/><G128/><T95/><D2/><U20/><E32/><V48/><F131/><W45/><G135/><T113/><D113/><U28/><E36/><V90/><F65/><N who="3" m="41383" /><G106/><T83/><D64/><N who="1" m="39023" /><E47/><V50/><F35/><W61/><G61/><T118/><D118/><U81/><E59/><V108/><F108/><W58/><G58/><T46/><D55/><U121/><E121/><V49/><REACH who="2" step="1"/><F12/><REACH who="2" ten="272,210,298,210" step="2"/><W82/><G34/><T44/><D101/><U124/><E124/><V129/><F129/><W102/><G100/><T119/><D119/><U4/><E81/><V104/><F104/><W15/><G82/><T76/><REACH who="0" step="1"/><D83/><REACH who="0" ten="262,210,298,210" step="2"/><U103/><E103/><V130/><F130/><W53/><G0/><T56/><D56/><U52/><E94/><V120/><F120/><W111/><G111/><T114/><D114/><U13/><E93/><V99/><F99/><W54/><G96/><T62/><D62/><U73/><E52/><N who="3" m="20074" /><G102/><T14/><AGARI ba="0,2" hai="3,6,9,14,18,23,44,46,76,77,78,88,95,97" machi="14" ten="30,4000,0" yaku="1,1,0,1,54,1,53,0" doraHai="66" doraHaiUra="38" who="0" fromWho="0" sc="262,60,210,-20,298,-10,210,-10" /><INIT seed="2,0,0,1,3,130" ten="322,190,288,200" oya="2" hai0="28,4,22,90,83,11,37,111,75,94,67,127,128" hai1="21,122,98,120,14,20,125,42,104,76,62,41,100" hai2="69,81,114,113,19,39,97,103,134,51,54,18,48" hai3="68,74,27,82,31,66,38,33,132,7,87,112,115"/><V9/><F39/><W57/><G74/><T123/><D123/><N who="1" m="47147" /><E125/><V63/><F81/><W43/><G68/><T16/><D127/><U108/><E108/><V133/><F69/><W73/><G73/><T78/><D128/><U40/><E76/><V119/><F63/><W72/><G72/><T52/><D111/><U56/><E14/><N who="2" m="7503" /><F19/><W34/><G7/><T95/><D67/><AGARI ba="0,0" hai="20,21,40,41,42,56,62,67,98,100,104" m="47147" machi="67" ten="30,1000,0" yaku="13,1" doraHai="130" who="1" fromWho="0" sc="322,-10,190,10,288,0,200,0" /><INIT seed="3,0,0,1,4,84" ten="312,200,288,200" oya="3" hai0="37,3,134,27,32,119,135,21,120,126,17,101,49" hai1="46,41,77,78,59,29,67,85,130,7,95,94,24" hai2="22,25,92,66,55,99,118,98,63,125,102,97,50" hai3="103,82,5,104,42,8,79,105,114,72,74,16,132"/><W61/><G114/><T40/><D120/><U43/><E130/><V112/><F125/><W53/><G42/><N who="1" m="15882" /><E7/><V64/><F118/><W56/><G132/><T12/><D49/><U88/><E46/><V128/><F128/><W83/><G103/><T57/><D27/><U86/><E24/><V48/><F48/><W73/><G16/><T6/><D21/><U11/><E11/><V129/><F129/><W58/><G58/><T18/><D18/><U115/><E29/><N who="2" m="17591" /><F66/><W15/><REACH who="3" step="1"/><G72/><REACH who="3" ten="312,200,288,190" step="2"/><T36/><D101/><U69/><E115/><V44/><F112/><W20/><G20/><T90/><D57/><AGARI ba="0,1" hai="44,50,55,57,63,64,92,97,98,99,102" m="17591" machi="57" ten="30,2000,0" yaku="25,1,8,1" doraHai="84" who="2" fromWho="0" sc="312,-20,200,0,288,30,190,0" owari="292,9.2,200,-20.0,318,41.8,190,-31.0" /></mjloggm>