<mjloggm ver="2.3"><GO type="225" lobby="0"/><UN n0="%E3%81%A1%E3%82%85%E3%81%86%E3%81%A9%E3%81%8F%E8%B1%A1%E3%81%95%E3%82%93" n1="%6D%75%75%6D%75%72%61" n2="%E8%A8%88%E7%AE%97%E6%A9%9F%E8%87%AA%E7%84%B6" n3="%E7%89%B9%E6%9D%B1%E3%81%AF%E4%B8%96%E7%95%8C%E3%82%92%E6%95%91%E3%81%86" dan="17,17,17,16" rate="2200.86,2192.46,2194.30,2182.89" sx="M,F,M,M"/><TAIKYOKU oya="0"/><INIT seed="0,0,0,4,0,122" ten="250,250,250,250" oya="0" hai0="48,126,33,117,71,103,102,5,106,11,12,101,92" hai1="19,112,95,4,105,107,57,41,114,75,131,111,96" hai2="90,93,86,27,29,119,38,0,36,18,60,129,130" hai3="120,16,84,54,26,127,78,97,100,8,21,74,108"/><T61/><D117/><U66/><E75/><V56/><F0/><W49/><G120/><T87/><D33/><U77/><E77/><V128/><F18/><W69/><G127/><T89/><D126/><U6/><E131/><V88/><F90/><W25/><G69/><T3/><D48/><U53/><E66/><V32/><REACH who="2" step="1"/><F119/><REACH who="2" ten="250,250,240,250" step="2"/><W76/><G16/><T46/><D3/><U17/><E17/><V51/><F51/><W125/><G49/><T83/><D46/><U115/><E19/><V13/><F13/><W79/><G125/><T80/><REACH who="0" step="1"/><D106/><REACH who="0" ten="240,250,240,250" step="2"/><U133/><E107/><V58/><F58/><W99/><G74/><T43/><D43/><U82/><E105/><V67/><AGARI ba="0,2" hai="27,29,32,36,38,56,60,67,86,88,93,128,129,130" machi="67" ten="30,7900,0" yaku="1,1,0,1,19,1,54,1,53,0" doraHai="122" doraHaiUra="15" who="2" fromWho="2" sc="240,-39,250,-20,240,99,250,-20" /><INIT seed="1,0,0,4,5,128" ten="201,230,339,230" oya="1" hai0="81,22,48,44,62,96,67,77,68,40,101,31,70" hai1="135,109,78,8,1,20,100,11,87,17,24,91,93" hai2="29,2,116,73,112,121,10,37,42,83,13,33,114" hai3="5,131,98,86,88,94,26,51,66,38,125,59,106"/><U84/><E109/><V53/><F116/><W50/><G38/><T41/><D31/><U57/><E1/><V0/><F121/><W123/><G123/><T82/><D40/><U104/><E135/><V43/><F53/><W19/><G131/><T75/><D81/><N who="1" m="47159" /><E104/><V126/><F126/><W80/><G106/><T111/><D111/><U65/><E100/><V97/><F97/><W28/><G5/><T15/><D15/><U12/><E24/><N who="2" m="18599" /><F83/><W110/><G125/><T7/><D22/><U35/><E35/><V132/><F132/><W113/><G113/><N who="2" m="43625" /><F73/><W107/><G107/><T120/><D120/><U118/><E118/><V119/><F119/><W32/><G110/><T30/><D30/><U3/><E3/><N who="2" m="1067" /><F37/><W108/><G108/><T27/><D27/><U49/><E65/><V92/><F92/><W58/><G66/><T99/><D99/><U54/><AGARI ba="0,0" hai="8,11,12,17,20,49,54,57,87,91,93" m="47159" machi="54" ten="30,3000,0" yaku="25,1,8,1" doraHai="128" who="1" fromWho="1" sc="201,-10,230,30,339,-10,230,-10" /><INIT seed="1,1,0,3,1,27" ten="191,260,329,220" oya="1" hai0="104,64,118,4,1,71,102,79,53,39,92,44,28" hai1="116,110,63,114,135,99,128,83,126,52,112,127,123" hai2="7,37,77,47,73,105,129,46,132,0,24,35,122" hai3="96,134,107,103,12,133,60,69,130,8,38,62,91"/><U61/><E116/><V11/><F46/><W50/><G38/><T125/><D118/><U68/><E123/><V109/><F109/><W78/><G130/><T17/><D125/><N who="1" m="47627" /><E99/><V95/><F95/><W41/><G78/><T19/><D79/><U9/><E9/><V36/><F132/><N who="3" m="50795" /><G69/><T81/><D81/><U6/><E6/><V85/><F85/><W101/><G101/><T16/><D104/><U82/><E135/><V45/><F45/><N who="3" m="25903" /><G91/><T80/><D80/><N who="1" m="30763" /><E128/><V10/><F10/><W76/><G76/><T65/><D4/><AGARI ba="1,0" hai="4,8,12,60,62,96,103,107" m="25903,50795" machi="4" ten="30,1000,0" yaku="20,1" doraHai="27" who="3" fromWho="0" sc="191,-13,260,0,329,0,220,13" /><INIT seed="2,0,0,1,4,3" ten="178,260,329,233" oya="2" hai0="30,67,118,15,97,111,86,13,12,23,6,10,73" hai1="39,116,62,22,68,2,92,125,76,4,59,127,131" hai2="69,114,46,110,1,21,81,28,25,134,126,122,89" hai3="79,109,31,96,108,18,40,64,100,123,120,98,41"/><V133/><F114/><W9/><G79/><T115/><D115/><U121/><E116/><V87/><F122/><W66/><G9/><T78/><D118/><U112/><E112/><V101/><F69/><W51/><G18/><T135/><D73/><U11/><E121/><N who="3" m="46666" /><G31/><T53/><D67/><N who="3" m="25641" /><G51/><T83/><D111/><N who="3" m="42569" /><G100/><T17/><D135/><U19/><E68/><V16/><F101/><W29/><G29/><T119/><D119/><U117/><E117/><V5/><F28/><W45/><G45/><T63/><D97/><AGARI ba="0,0" hai="40,41,96,97,98" m="42569,25641,46666" machi="97" ten="40,5200,0" yaku="28,2,14,1" doraHai="3" who="3" fromWho="0" sc="178,-52,260,0,329,0,233,52" /><INIT seed="3,0,0,2,3,104" ten="126,260,329,285" oya="3" hai0="23,97,79,100,22,18,118,134,8,57,70,30,32" hai1="122,20,64,26,65,94,77,10,106,125,89,4,63" hai2="108,81,34,92,0,93,105,110,59,123,133,47,45" hai3="91,84,44,124,60,76,127,9,15,19,7,67,130"/><W121/><G130/><T53/><D118/><U119/><E122/><V132/><F105/><W21/><G76/><T112/><D134/><N who="2" m="51818" /><F34/><W135/><G135/><T107/><D112/><U128/><E106/><V75/><F0/><W27/><G44/><N who="2" m="16969" /><F123/><W101/><G101/><T109/><D109/><N who="2" m="42090" /><F59/><W12/><G121/><T29/><D70/><U111/><E111/><V74/><F81/><W28/><G60/><T120/><D120/><U69/><E128/><V55/><F55/><W78/><G67/><T117/><D117/><U42/><E119/><V98/><F93/><W16/><G78/><T43/><D79/><U82/><E125/><N who="3" m="48202" /><G12/><T68/><D68/><U83/><E65/><V51/><F51/><W41/><G41/><T61/><D43/><U126/><E42/><V31/><F31/><W131/><G131/><T1/><D32/><U62/><E62/><V37/><F37/><W72/><G72/><T129/><D129/><U54/><E54/><V52/><F52/><W114/><G114/><T102/><D102/><AGARI ba="0,0" hai="74,75,92,98,102" m="42090,16969,51818" machi="102" ten="30,7700,0" yaku="20,1,14,1,52,2" doraHai="104" who="2" fromWho="0" sc="126,-77,260,0,329,77,285,0" owari="49,-45.1,260,-14.0,406,50.6,285,8.5" /></mjloggm>