<mjloggm ver="2.3"><GO type="225" lobby="0"/><UN n0="%E5%8E%9F%E7%AF%80%E5%AD%90" n1="%E7%89%B9%E6%9D%B1%E3%81%AF%E4%B8%96%E7%95%8C%E3%82%92%E6%95%91%E3%81%86" n2="%63%68%78%62%64" n3="%E3%81%82%E3%81%99%E3%81%AB%E3%82%83%E3%82%80" dan="16,16,16,16" rate="2088.74,2134.93,2115.53,2102.70" sx="F,M,M,F"/><TAIKYOKU oya="0"/><INIT seed="0,0,0,3,0,35" ten="250,250,250,250" oya="0" hai0="85,20,89,92,122,132,81,88,126,110,106,100,41" hai1="71,2,65,75,101,42,116,119,109,11,53,6,4" hai2="19,91,43,105,47,58,70,33,13,111,72,30,38" hai3="26,22,98,61,66,128,78,80,7,55,50,62,34"/><T107/><D41/><U46/><E53/><V79/><F105/><W135/><G128/><T129/><D122/><U64/><E109/><V86/><F70/><W99/><G34/><T39/><D39/><N who="1" m="21855" /><E6/><V131/><F111/><W28/><G135/><T112/><D110/><U84/><E84/><V8/><F131/><W125/><G125/><T127/><D20/><U56/><E56/><V29/><F33/><W96/><G7/><T121/><D129/><U103/><E103/><V102/><F102/><W49/><G49/><T118/><D121/><U133/><E133/><V36/><F36/><W63/><G55/><T95/><D132/><U15/><E15/><V59/><F72/><W68/><REACH who="3" step="1"/><G50/><REACH who="3" ten="250,250,250,240" step="2"/><T97/><D118/><U123/><E123/><V0/><F30/><W18/><G18/><T60/><D60/><U17/><E17/><V1/><F29/><W124/><G124/><N who="0" m="47659" /><D112/><U3/><E119/><V113/><F113/><W74/><AGARI ba="0,1" hai="22,26,28,61,62,63,66,68,74,78,80,96,98,99" machi="74" ten="30,2000,0" yaku="1,1,0,1,53,0" doraHai="35" doraHaiUra="44" who="3" fromWho="3" sc="250,-10,250,-5,250,-5,240,30" /><INIT seed="1,0,0,0,2,69" ten="240,245,245,270" oya="1" hai0="65,67,82,26,57,133,91,53,87,75,118,56,18" hai1="19,4,86,51,122,15,135,101,41,52,100,3,40" hai2="113,111,88,76,1,68,28,105,95,44,71,70,116" hai3="31,108,30,121,14,90,110,9,8,59,6,12,45"/><U126/><E122/><V60/><F116/><W34/><G59/><T36/><D118/><U50/><E135/><V96/><F1/><W11/><G90/><T89/><D75/><U106/><E126/><V54/><F111/><N who="3" m="42539" /><G45/><T37/><D18/><U66/><E66/><V83/><F105/><W21/><G121/><T49/><D26/><U114/><E114/><V112/><F28/><N who="3" m="10795" /><G34/><T84/><D133/><U85/><E106/><V35/><F35/><W10/><G21/><T107/><D107/><U39/><E52/><V27/><F27/><W131/><G131/><T63/><REACH who="0" step="1"/><D67/><REACH who="0" ten="230,245,245,270" step="2"/><U16/><E101/><V124/><F124/><W17/><AGARI ba="0,1" hai="6,8,9,10,11,12,14,17" m="10795,42539" machi="17" ten="30,4000,0" yaku="14,1,34,2" doraHai="69" who="3" fromWho="3" sc="230,-10,245,-20,245,-10,270,50" /><INIT seed="2,0,0,5,5,35" ten="220,225,235,320" oya="2" hai0="69,19,74,38,80,10,130,120,125,18,95,27,57" hai1="111,116,122,75,84,23,63,26,42,97,76,90,68" hai2="93,9,78,6,65,25,48,92,103,20,34,52,118" hai3="101,87,102,107,64,53,43,70,71,21,36,50,99"/><V128/><F34/><W131/><G102/><T73/><D69/><U133/><E116/><V11/><F118/><W28/><G131/><T22/><D120/><U135/><E122/><V112/><F128/><W14/><G43/><T79/><D130/><U89/><E111/><V88/><F112/><W2/><G36/><T134/><D134/><N who="1" m="51211" /><E42/><V46/><F78/><W113/><G2/><T124/><D38/><U29/><E75/><V32/><F32/><W81/><G64/><T60/><D74/><U45/><E45/><V33/><F33/><W110/><G110/><T105/><D105/><U49/><E49/><V12/><F11/><W3/><G3/><T66/><REACH who="0" step="1"/><D95/><REACH who="0" ten="210,225,235,320" step="2"/><U108/><E108/><V15/><F93/><W39/><G39/><T30/><D30/><U56/><E68/><V67/><F103/><W1/><G70/><T16/><D16/><U123/><E123/><V54/><F54/><W7/><G71/><T132/><D132/><U129/><E129/><V44/><F44/><W51/><G53/><T85/><D85/><U119/><E119/><V72/><F72/><W61/><G87/><T96/><D96/><U114/><E97/><N who="2" m="57479" /><F12/><AGARI ba="0,1" hai="10,12,18,19,22,27,57,60,66,73,79,80,124,125" machi="12" ten="40,1300,0" yaku="1,1,53,0" doraHai="35" doraHaiUra="47" who="0" fromWho="2" sc="210,23,225,0,235,-13,320,0" /><INIT seed="3,0,0,2,2,26" ten="233,225,222,320" oya="3" hai0="24,8,87,107,72,127,62,90,2,28,37,53,74" hai1="130,129,39,69,20,111,48,10,35,86,15,16,33" hai2="108,25,30,21,49,65,100,105,50,91,93,99,57" hai3="102,66,101,18,81,135,22,78,77,27,94,83,14"/><W54/><G66/><T122/><D37/><U123/><E123/><V63/><REACH who="2" step="1"/><F108/><REACH who="2" ten="233,225,212,320" step="2"/><W12/><G135/><T31/><D122/><U114/><E111/><V38/><F38/><W119/><G119/><T104/><D127/><U1/><E39/><V60/><F60/><W73/><G101/><T43/><D62/><U75/><E114/><V32/><F32/><W115/><G115/><T116/><D116/><U89/><E69/><V19/><F19/><W96/><G54/><T134/><D53/><U71/><E71/><V85/><AGARI ba="0,1" hai="21,25,30,49,50,57,63,65,85,91,93,99,100,105" machi="85" ten="20,12000,2" yaku="21,2,0,1,7,1,52,1,53,2" doraHai="26" doraHaiUra="46" who="2" fromWho="2" sc="233,-30,225,-30,212,130,320,-60" owari="203,-19.7,195,-30.5,342,44.2,260,6.0" /></mjloggm>