<mjloggm ver="2.3"><GO type="225" lobby="0"/><UN n0="%E3%83%AC%E3%82%A4%E3%83%88%E3%83%B3%E5%87%86%E6%95%99%E6%8E%88" n1="%E5%BA%83%E7%80%AC%E5%BA%B7%E4%B8%80" n2="%E7%AD%89%E3%80%85%E5%8A%9B%E5%8A%87%E5%A0%B4" n3="%E6%AF%9B%E8%8D%92%E3%82%8C%E3%83%BB%E3%82%B9%E3%83%9F%E3%82%B9" dan="18,16,16,16" rate="2266.78,2119.08,2082.79,2091.81" sx="M,M,M,F"/><TAIKYOKU oya="0"/><INIT seed="0,0,0,4,3,23" ten="250,250,250,250" oya="0" hai0="114,57,39,105,112,49,66,46,54,12,10,119,86" hai1="11,73,70,126,103,104,8,131,78,53,32,111,59" hai2="51,76,115,29,0,27,109,40,22,100,14,41,9" hai3="68,91,122,74,79,2,47,43,88,63,96,48,67"/><T128/><D119/><U38/><E70/><V5/><F115/><W113/><G113/><T7/><D128/><U36/><E32/><V33/><F109/><W97/><G2/><T1/><D105/><U24/><E104/><V125/><F125/><W13/><G122/><T65/><D1/><U35/><E103/><V64/><F100/><W25/><G13/><T90/><D39/><U101/><E101/><V71/><F76/><W124/><G124/><T121/><D121/><U26/><E35/><V99/><F99/><W44/><G25/><T102/><D102/><U120/><E120/><V30/><F51/><W129/><G129/><T116/><D116/><U18/><E18/><N who="2" m="10583" /><F30/><W117/><G117/><T133/><D133/><U132/><E78/><V55/><F55/><W58/><G68/><T42/><D114/><U94/><E73/><V60/><AGARI ba="0,0" hai="0,5,9,27,29,33,40,41,60,64,71" m="10583" machi="60" ten="30,2000,0" yaku="24,1,52,1" doraHai="23" who="2" fromWho="2" sc="250,-10,250,-5,250,20,250,-5" /><INIT seed="1,0,0,3,0,63" ten="240,245,270,245" oya="1" hai0="28,19,31,87,18,11,127,58,108,74,0,82,27" hai1="91,22,75,111,17,42,15,88,59,47,12,55,134" hai2="80,83,38,14,119,10,105,32,110,57,114,92,2" hai3="61,53,103,72,89,67,8,52,109,94,98,65,77"/><U118/><E118/><V16/><F105/><W131/><G109/><T33/><D108/><U102/><E111/><V64/><F110/><W39/><G39/><T3/><D74/><U135/><E75/><V34/><F119/><W25/><G131/><T85/><D127/><U44/><E102/><V24/><F38/><W112/><G112/><T79/><D31/><U95/><E12/><V120/><F120/><W69/><G65/><T132/><D132/><N who="1" m="50731" /><E42/><V117/><F117/><W122/><G122/><T130/><D130/><U46/><E95/><V26/><F114/><W4/><G25/><T60/><D0/><U6/><E6/><V133/><F133/><W50/><G103/><T45/><D45/><N who="1" m="11523" /><U126/><DORA hai="106" /><E126/><V21/><F2/><W51/><G50/><AGARI ba="0,0" hai="15,17,22,50,55,59,88,91" m="11523,50731" machi="50" ten="40,3900,0" yaku="20,1,54,1" doraHai="63,106" who="1" fromWho="3" sc="240,0,245,39,270,0,245,-39" /><INIT seed="1,1,0,2,1,38" ten="240,284,270,206" oya="1" hai0="11,85,42,126,116,12,63,92,103,61,129,97,127" hai1="76,28,78,58,91,43,125,132,24,54,135,26,105" hai2="36,9,112,7,83,52,62,4,108,3,33,130,48" hai3="123,5,77,15,110,65,31,55,67,134,94,50,106"/><U119/><E119/><V98/><F36/><W96/><G110/><T10/><D116/><U72/><E105/><V81/><F33/><W118/><G134/><T39/><D129/><U35/><E125/><N who="0" m="47625" /><D85/><U101/><E101/><V131/><F7/><W93/><G123/><T73/><D73/><U6/><E6/><V1/><F1/><W53/><G118/><T111/><D111/><U74/><E91/><V84/><F108/><W20/><G77/><T133/><D133/><U86/><E86/><V27/><F112/><W79/><G79/><T124/><N who="0" m="47633" /><T113/><DORA hai="80" /><D113/><U29/><E35/><V13/><F27/><N who="3" m="16871" /><G106/><T99/><D99/><U16/><E74/><V68/><F98/><W70/><G70/><T41/><D11/><U82/><E76/><V46/><F3/><W117/><G117/><T57/><D39/><U102/><E72/><V69/><F83/><W2/><G2/><T95/><D95/><N who="3" m="36361" /><G96/><T56/><D12/><U88/><E132/><V23/><F69/><W89/><G89/><T49/><D10/><U115/><E135/><V44/><F9/><N who="3" m="4527" /><G55/><N who="0" m="33951" /><D49/><U66/><E115/><V14/><F48/><W25/><G25/><T37/><D37/><U21/><E26/><V75/><F75/><W34/><G34/><T122/><D122/><U128/><E24/><V47/><F131/><W59/><AGARI ba="1,0" hai="50,53,59,65,67" m="4527,36361,16871" machi="59" ten="30,1100,0" yaku="8,1" doraHai="38,80" who="3" fromWho="3" sc="240,-4,284,-6,270,-4,206,14" /><INIT seed="2,0,0,1,3,71" ten="236,278,266,220" oya="2" hai0="6,56,24,52,77,18,69,35,66,94,25,30,99" hai1="46,48,128,84,113,17,78,104,42,105,107,19,7" hai2="8,14,37,111,90,36,96,85,57,116,13,63,91" hai3="122,108,86,26,110,98,32,115,100,62,58,43,49"/><V61/><F116/><W1/><G122/><T70/><D6/><U53/><E113/><V81/><F111/><N who="3" m="42539" /><G1/><T134/><D66/><U50/><E128/><V132/><F132/><W121/><G121/><T59/><D77/><U75/><E75/><V60/><F57/><W5/><G5/><T45/><D45/><U38/><E7/><V88/><F14/><W103/><G115/><T76/><D76/><U73/><E73/><V29/><F29/><N who="3" m="19511" /><G86/><T15/><D59/><U92/><E50/><V3/><F3/><W31/><G31/><T64/><D64/><U89/><REACH who="1" step="1"/><E78/><REACH who="1" ten="236,268,266,220" step="2"/><V101/><F37/><W16/><G49/><T23/><D134/><U72/><E72/><V119/><F36/><W93/><G43/><T130/><D130/><U83/><E83/><V109/><F109/><W114/><G114/><T2/><D2/><U10/><E10/><V127/><F8/><W0/><G0/><T40/><D40/><U9/><E9/><V47/><F81/><W74/><G74/><T125/><D125/><U34/><E34/><V135/><F127/><W21/><G21/><T124/><D124/><U54/><E54/><V117/><F135/><W123/><G123/><T28/><D52/><U20/><E20/><V68/><F119/><W33/><G33/><T95/><D35/><U133/><E133/><V22/><F22/><W4/><G4/><T87/><D23/><U51/><E51/><V39/><F39/><W80/><G80/><T120/><D120/><U65/><E65/><V106/><F117/><W118/><G118/><T82/><D82/><U126/><E126/><RYUUKYOKU ba="0,1" sc="236,-10,268,30,266,-10,220,-10" hai1="17,19,38,42,46,48,53,84,89,92,104,105,107" /><INIT seed="3,1,1,5,3,106" ten="226,298,256,210" oya="3" hai0="67,69,0,16,132,7,4,111,122,108,59,65,17" hai1="24,126,41,28,117,55,36,135,79,34,44,14,116" hai2="5,91,37,25,110,133,99,100,52,58,42,11,63" hai3="93,130,62,39,86,6,127,80,1,131,21,83,3"/><W109/><G127/><T29/><D122/><U64/><E135/><V31/><F110/><N who="0" m="42026" /><D69/><U23/><E126/><V60/><F133/><W38/><G109/><T22/><D132/><U50/><E64/><N who="0" m="24649" /><D59/><N who="1" m="33271" /><E14/><V77/><F91/><N who="3" m="53495" /><G62/><T70/><D70/><U13/><E13/><V82/><F63/><W114/><G114/><T27/><D0/><N who="3" m="73" /><G6/><AGARI ba="1,1" hai="4,6,7,16,17,22,27,29" m="24649,42026" machi="6" ten="30,2000,0" yaku="14,1,54,1" doraHai="106" who="0" fromWho="3" sc="226,33,298,0,256,0,210,-23" /><INIT seed="4,0,0,0,2,68" ten="259,298,256,187" oya="0" hai0="42,101,43,132,57,91,93,4,104,117,40,8,13" hai1="79,88,69,112,67,54,24,110,17,97,128,30,39" hai2="134,23,116,111,47,45,60,22,71,103,95,133,130" hai3="118,100,6,83,66,78,50,109,121,89,65,15,14"/><T56/><D117/><U41/><E110/><V3/><F111/><W38/><G109/><T29/><D132/><U61/><E79/><V80/><F3/><W127/><G118/><T92/><D104/><U81/><E17/><V64/><F116/><W2/><G38/><T7/><D29/><U86/><E128/><V55/><F80/><W46/><G127/><T124/><D124/><U25/><E112/><V75/><F75/><W113/><G113/><T98/><REACH who="0" step="1"/><D4/><REACH who="0" ten="249,298,256,187" step="2"/><U87/><E30/><V73/><F134/><W94/><G121/><T28/><D28/><U52/><E25/><V115/><F133/><W99/><G6/><T9/><D9/><U108/><E24/><V135/><F135/><W53/><G2/><T122/><D122/><U37/><E108/><V26/><F26/><W120/><G120/><T59/><D59/><U5/><E5/><V74/><F71/><W21/><G14/><T49/><D49/><U129/><E69/><V31/><F31/><W11/><G11/><T123/><D123/><U63/><E37/><V12/><F12/><W58/><G58/><T90/><D90/><U44/><E88/><V32/><F32/><W35/><G35/><T33/><D33/><U0/><E39/><V131/><F131/><W48/><G50/><T62/><D62/><U18/><E63/><V51/><F60/><W102/><G89/><T72/><D72/><U82/><E61/><V77/><F74/><N who="3" m="43479" /><G102/><T114/><D114/><U27/><E0/><V76/><F115/><W106/><G106/><T85/><AGARI ba="0,1" hai="7,8,13,40,42,43,56,57,85,91,92,93,98,101" machi="85" ten="30,11700,0" yaku="1,1,0,1,8,1,53,1" doraHai="68" doraHaiUra="10" who="0" fromWho="0" sc="249,127,298,-39,256,-39,187,-39" owari="376,47.6,259,5.9,217,-18.3,148,-35.2" /></mjloggm>