<mjloggm ver="2.3"><GO type="225" lobby="0"/><UN n0="%43%68%65" n1="%33%74%72%65%65" n2="%E3%82%AF%E3%82%A3%E3%82%A6" n3="%61%6D%65%6B%69" dan="16,17,16,16" rate="2128.79,2135.48,2120.37,2068.72" sx="M,F,M,M"/><TAIKYOKU oya="0"/><INIT seed="0,0,0,5,0,70" ten="250,250,250,250" oya="0" hai0="88,123,103,128,46,13,72,113,8,110,67,106,102" hai1="124,53,98,84,65,117,18,16,122,86,116,20,44" hai2="119,60,89,81,11,135,3,27,115,134,105,129,133" hai3="51,57,21,78,7,37,14,109,83,87,111,114,118"/><T121/><D113/><U26/><E122/><V29/><F115/><W40/><G114/><T77/><D67/><U93/><E124/><V125/><F119/><W61/><G118/><T54/><D128/><U91/><E117/><V28/><F129/><W100/><G100/><T71/><D71/><U97/><E116/><V15/><F125/><W90/><G37/><T1/><D1/><U35/><E35/><V39/><F105/><W38/><G38/><T76/><D110/><U104/><E65/><V73/><F3/><W107/><G107/><T31/><D31/><U120/><E120/><V58/><F27/><W126/><G126/><T10/><D106/><U64/><E64/><N who="2" m="38935" /><F39/><W36/><G36/><T131/><D72/><U45/><E104/><V32/><F32/><W24/><G61/><T34/><D34/><U95/><E18/><N who="2" m="8575" /><F73/><W99/><G109/><T25/><D25/><U80/><E53/><V75/><F75/><W2/><G2/><T59/><D46/><N who="1" m="18027" /><E80/><V23/><F23/><W12/><G40/><T9/><D13/><U82/><E82/><V52/><F52/><W41/><G41/><T22/><D22/><U63/><E63/><V108/><F108/><W62/><G62/><N who="0" m="36215" /><D131/><U79/><E79/><N who="0" m="30281" /><D123/><U4/><E4/><V94/><F81/><W69/><G7/><T5/><D5/><U68/><E68/><V74/><F74/><W47/><G69/><T19/><D121/><U48/><E48/><V42/><F42/><N who="3" m="25079" /><G111/><T127/><D127/><U132/><E132/><V66/><F66/><W0/><G0/><T96/><D19/><U50/><E50/><RYUUKYOKU ba="0,0" sc="250,10,250,10,250,10,250,-30" hai0="8,9,10,88,96,102,103" hai1="16,20,26,84,86,91,93,95,97,98" hai2="28,29,89,94,133,134,135" /><INIT seed="0,1,0,2,1,9" ten="260,260,260,220" oya="0" hai0="44,131,79,77,63,89,19,49,125,5,69,46,87" hai1="62,135,129,42,83,27,91,60,26,14,12,96,116" hai2="128,52,40,132,3,105,17,92,74,55,100,120,32" hai3="21,80,39,107,84,8,48,38,66,99,75,114,81"/><T101/><D125/><U59/><E116/><V111/><F92/><W18/><G114/><T20/><D131/><U61/><E129/><V31/><F52/><W56/><G8/><T24/><D101/><U70/><E135/><V117/><F17/><W11/><G11/><T119/><D119/><U16/><E70/><V106/><F55/><W13/><G75/><T10/><D63/><N who="1" m="24139" /><E42/><V4/><F100/><W102/><G81/><T124/><D69/><U6/><E6/><V25/><F40/><W94/><G107/><T73/><D73/><U33/><E33/><V7/><F7/><W68/><G68/><T35/><D35/><U88/><E96/><V85/><F85/><W67/><G39/><T134/><D134/><U108/><E108/><V29/><F4/><W72/><G72/><T15/><D124/><U22/><E27/><V130/><F25/><W103/><G38/><T86/><D86/><N who="1" m="50271" /><E91/><V2/><F117/><W71/><G71/><T95/><D46/><U97/><E97/><V133/><F111/><W90/><G103/><T53/><AGARI ba="1,0" hai="5,10,15,19,20,24,44,49,53,77,79,87,89,95" machi="53" ten="20,7800,0" yaku="0,1,7,1,8,1,52,1" doraHai="9" who="0" fromWho="0" sc="260,81,260,-27,260,-27,220,-27" /><INIT seed="0,2,0,2,5,125" ten="341,233,233,193" oya="0" hai0="4,30,44,41,10,123,127,0,120,16,134,46,57" hai1="92,58,32,18,91,78,117,129,52,95,121,36,75" hai2="109,79,63,68,116,34,76,90,50,14,62,25,102" hai3="77,39,8,67,33,131,20,48,5,1,7,22,29"/><T40/><D127/><U86/><E117/><V31/><F109/><W108/><G39/><T45/><D134/><U11/><E121/><V56/><F116/><W106/><G106/><T94/><D30/><U115/><E36/><V110/><F110/><W114/><G108/><T96/><D123/><U126/><E32/><V9/><F102/><W73/><G67/><T88/><D120/><U112/><E126/><V69/><F50/><W83/><G114/><N who="1" m="43562" /><E78/><V98/><F98/><W53/><G7/><T80/><D80/><N who="1" m="49607" /><E75/><V59/><F90/><W84/><G73/><T13/><REACH who="0" step="1"/><D57/><REACH who="0" ten="331,233,233,193" step="2"/><U97/><E58/><V132/><F132/><W70/><G70/><T81/><D81/><U49/><E95/><V122/><F68/><W74/><G29/><T133/><D133/><U61/><E92/><V71/><F69/><W38/><G74/><T3/><D3/><U130/><E130/><V21/><F122/><W37/><G33/><T47/><N who="0" m="11264" /><DORA hai="28" /><T82/><D82/><U27/><E129/><V51/><F34/><W43/><G38/><T119/><D119/><U35/><E35/><V24/><F71/><W26/><G37/><T111/><D111/><U6/><E49/><V17/><F51/><W93/><G93/><T99/><D99/><U15/><E97/><V12/><F56/><W103/><G48/><T42/><D42/><U118/><E118/><V85/><F59/><W19/><G43/><T54/><D54/><U89/><E52/><V87/><F31/><W72/><G53/><T2/><D2/><U60/><E89/><V64/><F64/><W128/><G72/><RYUUKYOKU ba="2,1" sc="331,15,233,15,233,-15,193,-15" hai0="0,4,10,13,16,40,41,88,94,96" hai1="6,11,15,18,27,60,61" /><INIT seed="0,3,1,1,4,42" ten="346,248,218,178" oya="0" hai0="122,57,83,63,135,117,120,25,26,119,118,93,21" hai1="45,68,87,10,112,74,53,56,47,91,44,33,114" hai2="65,28,55,16,31,125,4,89,129,123,99,41,77" hai3="115,106,72,71,70,1,18,86,20,113,24,38,43"/><T134/><D83/><U58/><E68/><V108/><F123/><N who="0" m="47146" /><D93/><N who="1" m="54527" /><E74/><V29/><F108/><W73/><G106/><T133/><D21/><U22/><E33/><V11/><F125/><W66/><G1/><T109/><D109/><U107/><E107/><V98/><F129/><W126/><G126/><T59/><D59/><U7/><E53/><AGARI ba="3,1" hai="25,26,53,57,63,117,118,119,133,134,135" m="47146" machi="53" ten="40,2000,0" yaku="20,1" doraHai="42" who="0" fromWho="1" sc="346,39,248,-29,218,0,178,0" /><INIT seed="0,4,0,2,3,4" ten="385,219,218,178" oya="0" hai0="10,16,49,106,8,47,108,90,112,116,14,39,63" hai1="85,118,57,6,18,17,22,125,99,20,61,60,52" hai2="95,79,51,9,130,42,117,25,129,67,111,33,13" hai3="54,104,41,82,84,124,135,64,83,81,38,48,27"/><T98/><D112/><U56/><E118/><V122/><F117/><W110/><G104/><T53/><D116/><U74/><E74/><V103/><F111/><W35/><G110/><T58/><D108/><U133/><E133/><V86/><F122/><W80/><G135/><T7/><D39/><U107/><E125/><V44/><F67/><W126/><G64/><T87/><D106/><U43/><E43/><V128/><F33/><W46/><G35/><T5/><D98/><U32/><E32/><V134/><F25/><W121/><G27/><T109/><D109/><U120/><E120/><V91/><F134/><W21/><G21/><N who="1" m="8298" /><E107/><V94/><F79/><W23/><G23/><N who="0" m="11671" /><D7/><U131/><E131/><V12/><F12/><W26/><G26/><T78/><D5/><U0/><E0/><V100/><REACH who="2" step="1"/><F95/><REACH who="2" ten="385,219,208,178" step="2"/><W59/><REACH who="3" step="1"/><G121/><REACH who="3" ten="385,219,208,168" step="2"/><T37/><D78/><AGARI ba="4,2" hai="38,41,46,48,54,59,78,80,81,82,83,84,124,126" machi="78" ten="40,2600,0" yaku="1,1,2,1,53,0" doraHai="4" doraHaiUra="62" who="3" fromWho="0" sc="385,-38,219,0,208,0,168,58" /><INIT seed="1,0,0,4,1,103" ten="347,219,208,226" oya="1" hai0="126,113,118,112,21,4,70,101,56,97,16,80,63" hai1="60,6,94,69,1,111,42,28,130,76,84,115,8" hai2="54,85,110,23,125,43,133,49,96,93,44,124,41" hai3="71,40,119,92,117,51,102,7,128,89,25,65,98"/><U78/><E115/><V22/><F110/><W67/><G128/><T134/><D118/><N who="3" m="45065" /><G71/><T74/><D70/><U61/><E130/><V131/><F131/><W47/><G7/><T108/><D108/><U68/><E111/><V100/><F133/><W123/><G123/><T31/><D134/><U77/><E42/><N who="2" m="15883" /><F85/><N who="3" m="52271" /><G25/><T107/><D4/><U105/><E105/><AGARI ba="0,0" hai="40,47,51,65,67,98,102,105" m="52271,45065" machi="105" ten="30,2000,0" yaku="12,1,52,1" doraHai="103" who="3" fromWho="1" sc="347,0,219,-20,208,0,226,20" /><INIT seed="2,0,0,2,3,119" ten="347,199,208,246" oya="2" hai0="90,94,122,96,78,116,102,126,40,101,67,29,59" hai1="41,82,17,132,34,15,50,27,112,57,9,85,65" hai2="46,121,75,12,113,133,18,64,2,105,87,26,66" hai3="129,89,104,38,134,20,115,42,63,32,106,86,23"/><V108/><F87/><W37/><G32/><T99/><D122/><U10/><E112/><V72/><F46/><W54/><G115/><T31/><D116/><U16/><E132/><V35/><F18/><W123/><G134/><T73/><D126/><U21/><E34/><V128/><F12/><W48/><G123/><T47/><D78/><N who="1" m="46295" /><E41/><V7/><F26/><W79/><G79/><T83/><D73/><U25/><E25/><V124/><F7/><W52/><G129/><T68/><D68/><U98/><E98/><V81/><F81/><W45/><G104/><T74/><D83/><U11/><E50/><V95/><F95/><W19/><G106/><T61/><D74/><U51/><E51/><V92/><F92/><W93/><G23/><T14/><D14/><U28/><E17/><V36/><F66/><W8/><G8/><T39/><D90/><U131/><E131/><V109/><F64/><W5/><G5/><T125/><D125/><U107/><E107/><AGARI ba="0,0" hai="29,31,39,40,47,59,61,67,94,96,99,101,102,107" machi="107" ten="30,1000,0" yaku="7,1" doraHai="119" who="0" fromWho="1" sc="347,10,199,-10,208,0,246,0" /><INIT seed="3,0,0,0,0,6" ten="357,189,208,246" oya="3" hai0="66,4,44,27,110,65,72,76,64,20,62,120,0" hai1="73,90,108,14,43,101,15,45,52,107,9,10,80" hai2="122,56,55,11,7,40,48,88,46,67,113,34,17" hai3="126,35,18,91,28,69,59,51,93,99,128,123,98"/><W78/><G69/><T95/><D120/><U119/><E108/><V21/><F113/><W38/><G38/><T53/><D110/><U13/><E119/><V132/><F122/><W129/><G123/><T25/><D25/><U16/><E107/><V30/><F132/><W19/><G78/><T109/><D109/><U104/><E104/><V24/><F67/><W85/><G126/><T29/><D72/><U61/><E101/><V89/><F34/><W50/><G28/><T23/><D76/><U41/><E73/><V49/><REACH who="2" step="1"/><F30/><REACH who="2" ten="357,189,198,246" step="2"/><W3/><G35/><T127/><D66/><U116/><E116/><V96/><F96/><W94/><G99/><T92/><D65/><U26/><E26/><V124/><F124/><W114/><G114/><T1/><D64/><U12/><E9/><V105/><F105/><W22/><G98/><T125/><D29/><U42/><E61/><V112/><F112/><W68/><G68/><T5/><D62/><U71/><E71/><V133/><F133/><W60/><G60/><T8/><D27/><U115/><E115/><V63/><F63/><W33/><G33/><T70/><D70/><U58/><E58/><V81/><F81/><W97/><G59/><T103/><D8/><U36/><REACH who="1" step="1"/><E52/><REACH who="1" ten="357,179,198,246" step="2"/><V87/><F87/><AGARI ba="0,2" hai="10,12,13,14,15,16,36,41,42,43,45,80,87,90" machi="87" ten="40,8000,1" yaku="1,1,2,1,52,1,54,1,53,1" doraHai="6" doraHaiUra="79" who="1" fromWho="2" sc="357,0,179,100,198,-80,246,0" owari="357,45.7,279,7.9,118,-38.2,246,-15.4" /></mjloggm>