<mjloggm ver="2.3"><GO type="225" lobby="0"/><UN n0="%E6%80%AA%E3%81%97%E3%81%99%E3%81%8E%E3%82%8B%E3%83%81%E3%83%BC" n1="%E8%81%B7%E6%A5%AD%E3%80%81%E9%A2%A8%32" n2="%E6%B2%A1%E7%94%B7" n3="%6D%75%75%6D%75%72%61" dan="17,16,16,16" rate="2203.42,2152.51,2083.29,2100.66" sx="M,M,M,F"/><TAIKYOKU oya="0"/><INIT seed="0,0,0,2,3,39" ten="250,250,250,250" oya="0" hai0="27,76,6,12,86,67,134,59,125,1,63,8,123" hai1="97,75,32,89,68,95,73,83,69,57,82,52,38" hai2="93,18,117,96,74,5,24,50,116,3,135,37,15" hai3="61,94,124,126,49,48,35,16,132,103,88,47,4"/><T77/><D123/><U112/><E32/><V102/><F37/><W130/><G35/><T44/><D125/><N who="3" m="48233" /><G130/><T53/><D134/><U127/><E38/><V104/><F135/><W70/><G132/><T109/><D109/><U105/><E127/><V111/><F111/><W34/><G34/><T80/><D27/><U90/><E112/><V79/><F24/><W72/><G4/><T60/><D1/><U121/><E68/><V41/><F3/><W108/><G72/><T43/><D77/><U114/><E69/><V17/><F79/><W42/><G103/><T106/><D106/><U113/><E121/><V2/><F104/><W99/><G108/><T7/><D7/><U10/><E105/><V107/><F107/><W101/><G101/><T118/><D118/><N who="2" m="45674" /><F74/><W23/><G48/><N who="0" m="26655" /><D63/><N who="1" m="36263" /><E73/><V51/><F2/><W91/><G70/><T128/><D128/><U133/><E75/><V85/><F85/><W62/><G91/><N who="1" m="34826" /><E114/><V58/><F58/><W55/><G55/><AGARI ba="0,0" hai="6,8,12,53,55,59,60,67,76,80,86" m="26655" machi="55" ten="30,5800,0" yaku="25,1,8,1,52,1" doraHai="39" who="0" fromWho="3" sc="250,58,250,0,250,0,250,-58" /><INIT seed="0,1,0,2,0,122" ten="308,250,250,192" oya="0" hai0="24,36,33,76,130,74,75,80,22,54,87,125,102" hai1="116,110,46,35,53,133,50,93,51,47,135,3,31" hai2="108,26,41,7,72,34,67,42,25,58,48,10,127" hai3="23,117,28,69,21,81,118,85,18,113,45,27,79"/><T11/><D33/><U57/><E3/><V131/><F72/><W109/><G113/><T17/><D36/><U95/><E116/><V120/><F120/><W84/><G69/><T89/><D130/><U98/><E95/><V99/><F131/><W101/><G109/><T19/><D125/><U78/><E110/><V100/><F127/><W121/><G121/><T104/><D54/><U73/><E31/><V83/><F83/><W64/><G64/><T55/><D55/><U63/><E78/><V13/><F108/><W1/><G1/><T6/><D19/><U115/><E73/><V49/><F49/><N who="1" m="18441" /><E35/><V30/><F26/><W38/><G101/><T8/><D8/><U126/><E115/><V88/><F100/><W56/><G56/><T119/><D76/><U29/><E29/><V114/><F114/><W92/><G92/><T66/><D66/><U40/><E40/><V60/><F48/><W82/><G45/><T123/><D119/><U112/><E126/><V61/><F61/><W15/><REACH who="3" step="1"/><G38/><REACH who="3" ten="308,250,250,182" step="2"/><T52/><D123/><U106/><E112/><V103/><F103/><W37/><G37/><T2/><D52/><U14/><E46/><V0/><F0/><W43/><G43/><T77/><D102/><N who="1" m="62807" /><E93/><N who="2" m="56743" /><F42/><W59/><G59/><T91/><D104/><U4/><E47/><V111/><F41/><W94/><G94/><T20/><D2/><U124/><E124/><V96/><F111/><W5/><G5/><T65/><D6/><U134/><E4/><N who="2" m="3271" /><F96/><W86/><G86/><T71/><D87/><U128/><E128/><V44/><F7/><W132/><G132/><RYUUKYOKU ba="1,1" sc="308,-30,250,10,250,10,182,10" hai1="14,53,57,63,133,134,135" hai2="25,30,34,44,58,60,67" hai3="15,18,21,23,27,28,79,81,82,84,85,117,118" /><INIT seed="1,2,1,4,5,38" ten="278,260,260,192" oya="1" hai0="46,76,60,96,34,88,7,83,93,87,126,68,3" hai1="33,31,5,121,75,25,100,17,74,11,50,115,8" hai2="90,32,128,122,37,48,21,104,2,47,77,92,0" hai3="111,24,18,55,61,40,16,84,45,15,35,73,134"/><U91/><E121/><V78/><F122/><W71/><G73/><T53/><D126/><U94/><E115/><V130/><F104/><W13/><G111/><T117/><D117/><U39/><E39/><V86/><F32/><W108/><G108/><T63/><D34/><U49/><E100/><V119/><F21/><W20/><G134/><T95/><D68/><U116/><E116/><V81/><F37/><W9/><G84/><N who="0" m="48231" /><D3/><U80/><E80/><V131/><F119/><W89/><G89/><N who="0" m="55343" /><D7/><U4/><E17/><V65/><F65/><W113/><G113/><T22/><D22/><U43/><E50/><AGARI ba="2,1" hai="46,50,53,60,63,87,88,95" m="55343,48231" machi="50" ten="30,2000,0" yaku="8,1,54,1" doraHai="38" who="0" fromWho="1" sc="278,36,260,-26,260,0,192,0" /><INIT seed="2,0,0,2,5,33" ten="314,234,260,192" oya="2" hai0="44,50,47,61,65,68,131,8,123,133,117,30,127" hai1="27,17,84,36,38,59,7,40,57,115,113,125,122" hai2="87,54,101,14,79,62,48,111,34,82,11,2,99" hai3="22,41,102,94,6,119,105,52,96,93,78,126,29"/><V0/><F34/><W15/><G119/><T35/><D123/><U80/><E122/><V97/><F111/><W89/><G126/><T100/><D127/><U18/><E125/><V64/><F54/><W121/><G121/><T77/><D133/><U37/><E40/><V130/><F130/><W107/><G78/><T49/><D131/><U98/><E98/><V46/><F46/><W23/><G41/><T13/><D77/><U83/><E7/><V104/><F48/><W3/><G3/><T16/><D100/><U69/><E69/><V24/><F24/><W55/><G105/><T90/><D90/><U134/><E134/><V128/><F97/><W132/><G132/><T31/><D117/><U135/><E135/><V118/><F128/><W86/><G107/><T28/><D35/><U21/><E18/><V66/><F118/><W124/><G124/><T91/><D91/><U67/><E83/><V73/><F73/><W109/><G109/><T81/><D81/><U20/><E21/><V114/><F114/><W10/><REACH who="3" step="1"/><G22/><REACH who="3" ten="314,234,260,182" step="2"/><T85/><D8/><U9/><E20/><V92/><F104/><W12/><G12/><T25/><D13/><U103/><E9/><V74/><F74/><W110/><G110/><T51/><D25/><AGARI ba="0,1" hai="6,10,15,23,25,29,52,55,86,89,93,94,96,102" machi="25" ten="40,5200,0" yaku="1,1,8,1,54,1,53,0" doraHai="33" doraHaiUra="45" who="3" fromWho="0" sc="314,-52,234,0,260,0,182,62" /><INIT seed="3,0,0,2,1,120" ten="262,234,260,244" oya="3" hai0="9,67,71,58,68,92,35,117,13,112,2,38,47" hai1="84,124,4,116,43,57,11,103,30,93,100,60,114" hai2="70,34,5,78,88,128,132,113,82,125,61,90,45" hai3="19,12,51,73,131,31,72,7,69,10,115,54,119"/><W104/><G115/><T55/><D117/><U135/><E114/><V130/><F113/><W102/><G119/><T32/><D112/><U79/><E116/><V81/><F34/><W134/><G69/><T77/><D2/><U3/><E124/><V95/><F5/><W59/><G131/><N who="2" m="50217" /><F45/><W8/><G134/><T24/><D77/><U22/><E135/><V26/><F26/><W15/><REACH who="3" step="1"/><G31/><REACH who="3" ten="262,234,260,234" step="2"/><T129/><D71/><U39/><E30/><V18/><F70/><W16/><G16/><T99/><D68/><U83/><E22/><V126/><F18/><W23/><G23/><T85/><D129/><U111/><E111/><V21/><F21/><W106/><G106/><T123/><D32/><U37/><E93/><V1/><F132/><W108/><G108/><T14/><D92/><U40/><E37/><V97/><F126/><W20/><G20/><T66/><D35/><U74/><E84/><V50/><F125/><W36/><G36/><T107/><D85/><U28/><E28/><V56/><F95/><W25/><G25/><T48/><D107/><U62/><E39/><V133/><F133/><W109/><G109/><T87/><D87/><U42/><REACH who="1" step="1"/><E62/><REACH who="1" ten="262,224,260,234" step="2"/><V101/><F61/><W110/><G110/><T75/><D38/><U63/><E63/><V80/><F80/><W121/><G121/><T49/><D123/><U105/><E105/><V91/><F82/><W96/><AGARI ba="0,2" hai="7,8,10,12,15,19,51,54,59,72,73,96,102,104" machi="96" ten="30,3000,0" yaku="1,1,0,1,53,0" doraHai="120" doraHaiUra="127" who="3" fromWho="3" sc="262,-10,224,-10,260,-10,234,50" /><INIT seed="3,1,0,2,2,108" ten="252,214,250,284" oya="3" hai0="94,70,63,68,84,81,47,25,35,114,125,135,20" hai1="28,10,118,66,26,128,90,53,18,98,104,77,74" hai2="42,17,1,52,50,130,21,22,65,79,78,60,13" hai3="62,121,127,106,101,83,29,124,112,131,103,41,100"/><W61/><G121/><T24/><D135/><U134/><E118/><V67/><F130/><W116/><G112/><T87/><D125/><N who="3" m="48201" /><G116/><T126/><D114/><U120/><E120/><V43/><F1/><W93/><G131/><T59/><D47/><U2/><E128/><V113/><F113/><W58/><G106/><T23/><D35/><U31/><E134/><V46/><F22/><N who="0" m="8234" /><D68/><U73/><E66/><N who="2" m="25099" /><F60/><N who="3" m="23147" /><G29/><T82/><D70/><U39/><E28/><V5/><F5/><W117/><G117/><T48/><D63/><U122/><E31/><V15/><F15/><W57/><G41/><AGARI ba="1,0" hai="13,17,21,41,42,43,46,50,52,78,79" m="25099" machi="41" ten="30,2000,0" yaku="8,1,54,1" doraHai="108" who="2" fromWho="3" sc="252,0,214,0,250,23,284,-23" /><INIT seed="4,0,0,5,4,50" ten="252,214,273,261" oya="0" hai0="44,29,135,69,13,97,122,61,128,120,110,71,48" hai1="125,95,28,3,43,21,58,47,121,46,19,7,10" hai2="132,73,90,114,112,36,24,14,76,100,123,17,41" hai3="55,52,38,107,22,6,99,103,33,129,105,66,102"/><T134/><D128/><U113/><E121/><N who="0" m="46697" /><D29/><U34/><E125/><V67/><F123/><W124/><G33/><T56/><D13/><U15/><E113/><V81/><F132/><N who="0" m="50730" /><D97/><U79/><E79/><V108/><F14/><W18/><G129/><T70/><D110/><U130/><E130/><V54/><F108/><W0/><G124/><T111/><D111/><U96/><E58/><V45/><F24/><W72/><G72/><T131/><D131/><U39/><E47/><V57/><F73/><W106/><G38/><T89/><D89/><U27/><E95/><V116/><F45/><W109/><G109/><T25/><D25/><U119/><REACH who="1" step="1"/><E96/><REACH who="1" ten="252,204,273,261" step="2"/><V64/><F114/><W126/><G126/><T60/><D56/><U23/><E23/><V94/><F112/><W82/><G99/><T1/><D1/><U16/><E16/><V118/><F17/><W30/><G0/><T35/><D35/><U115/><E115/><V75/><F57/><W80/><G18/><T26/><D26/><U37/><E37/><V53/><F36/><W20/><G20/><T2/><D2/><U133/><E133/><V63/><F76/><W68/><G22/><T5/><D5/><U104/><E104/><V12/><F94/><W8/><G106/><T87/><D87/><U83/><E83/><V51/><F81/><W86/><G6/><T40/><AGARI ba="0,1" hai="40,44,48,60,61,69,70,71" m="50730,46697" machi="40" ten="40,7800,0" yaku="20,1,34,2" doraHai="50" who="0" fromWho="0" sc="252,88,204,-26,273,-26,261,-26" owari="340,44.0,178,-32.2,247,4.7,235,-16.5" /></mjloggm>