<mjloggm ver="2.3"><GO type="225" lobby="0"/><UN n0="%E3%82%B2%E3%82%B9%E8%8C%82%E5%8B%9D" n1="%E6%98%93%E5%88%A9%E8%96%A9%E4%BC%AF" n2="%E5%8F%AF%E5%85%90%E9%82%A3%E7%94%B1%E5%A4%9A" n3="%E3%81%AF%E3%82%88%E3%81%8A%E3%81%98%E3%81%95%E3%82%93" dan="16,16,17,17" rate="2043.39,2064.98,2182.35,2169.28" sx="F,F,F,M"/><TAIKYOKU oya="0"/><INIT seed="0,0,0,1,1,15" ten="250,250,250,250" oya="0" hai0="133,48,2,118,5,94,132,102,16,30,95,0,36" hai1="38,110,78,56,49,127,44,13,112,54,68,83,107" hai2="42,108,104,119,18,12,6,126,111,79,80,52,90" hai3="9,59,115,84,58,82,62,131,25,122,105,91,121"/><T92/><D118/><U135/><E110/><N who="2" m="42027" /><F119/><W70/><G115/><T124/><D36/><U65/><E135/><N who="0" m="51785" /><D30/><U28/><E107/><V103/><F126/><W67/><G105/><T8/><D124/><U125/><E112/><V123/><F123/><N who="3" m="47115" /><G131/><T66/><D66/><U31/><E31/><V87/><F42/><W22/><G9/><T55/><D0/><U88/><E28/><AGARI ba="0,0" hai="22,25,28,58,59,62,67,70,82,84,91" m="47115" machi="28" ten="30,1000,0" yaku="13,1" doraHai="15" who="3" fromWho="1" sc="250,0,250,-10,250,0,250,10" /><INIT seed="1,0,0,5,1,1" ten="250,240,250,260" oya="1" hai0="115,105,134,95,126,4,41,85,8,48,68,63,129" hai1="76,61,109,18,52,62,9,96,5,19,38,46,120" hai2="23,2,106,12,127,29,108,110,92,0,13,30,75" hai3="107,43,67,113,32,74,34,33,10,93,49,54,83"/><U40/><E120/><V47/><F106/><W64/><G107/><T31/><D115/><U121/><E121/><V45/><F92/><W130/><G113/><T39/><D105/><U51/><E109/><V20/><REACH who="2" step="1"/><F75/><REACH who="2" ten="250,240,240,260" step="2"/><W69/><G93/><T87/><D95/><U125/><E125/><AGARI ba="0,1" hai="0,2,12,13,20,23,29,30,45,47,108,110,125,127" machi="125" ten="25,12000,2" yaku="1,1,2,1,22,2,53,2" doraHai="1" doraHaiUra="26" who="2" fromWho="1" sc="250,0,240,-120,240,130,260,0" /><INIT seed="2,0,0,2,5,58" ten="250,120,370,260" oya="2" hai0="78,116,63,120,54,42,53,67,100,111,69,30,45" hai1="21,75,39,124,46,15,33,65,90,84,77,25,72" hai2="18,32,7,14,119,59,4,86,57,12,110,93,26" hai3="10,22,16,130,31,68,112,101,9,3,49,85,122"/><V102/><F119/><W51/><G122/><T73/><D116/><U27/><E124/><V92/><F110/><W97/><G68/><T29/><D111/><U5/><E33/><V35/><F26/><W106/><G130/><T41/><D120/><U19/><E27/><V133/><F86/><W80/><G112/><T109/><D109/><U64/><E39/><V40/><F40/><W126/><G126/><T87/><D73/><U96/><E75/><V81/><F102/><W79/><G31/><T44/><D100/><U83/><E72/><V1/><F18/><W117/><G117/><T123/><D123/><U115/><E115/><V11/><F11/><W95/><G106/><T82/><D41/><U108/><E108/><V131/><F131/><W118/><G118/><T107/><D107/><U56/><E46/><V103/><F103/><W66/><G66/><T60/><D45/><U50/><E96/><V127/><F127/><W36/><G36/><T52/><REACH who="0" step="1"/><D63/><REACH who="0" ten="240,120,370,260" step="2"/><U20/><E5/><V129/><F129/><W13/><G3/><T8/><D8/><AGARI ba="0,1" hai="8,9,10,13,16,22,49,51,79,80,85,95,97,101" machi="8" ten="40,2600,0" yaku="8,1,54,1" doraHai="58" who="3" fromWho="0" sc="240,-26,120,0,370,0,260,36" /><INIT seed="3,0,0,0,1,24" ten="214,120,370,296" oya="3" hai0="103,19,100,35,128,134,119,78,26,48,22,8,83" hai1="62,1,11,127,121,17,10,18,111,109,89,97,54" hai2="108,75,49,112,53,96,68,56,52,79,45,28,7" hai3="105,130,116,120,12,110,3,5,114,87,2,135,58"/><W90/><G114/><T91/><D128/><U84/><E121/><V25/><F112/><W55/><G116/><T65/><D134/><U132/><E132/><V123/><F68/><W66/><G120/><T104/><D119/><U88/><E127/><V9/><F123/><W85/><G105/><T94/><D65/><U106/><E62/><V93/><F108/><W14/><G135/><T40/><D104/><U117/><E117/><V118/><F118/><W36/><G36/><T32/><D35/><U46/><E46/><V6/><F9/><W51/><G130/><T95/><D32/><U64/><E64/><V34/><F79/><W71/><G85/><N who="0" m="48375" /><D8/><U131/><E131/><V76/><F76/><W92/><G110/><T113/><D113/><U133/><E133/><V41/><F53/><W124/><G124/><T99/><D95/><U122/><E122/><V4/><F75/><W107/><G107/><T77/><D77/><U23/><E54/><V57/><REACH who="2" step="1"/><F52/><REACH who="2" ten="214,120,360,296" step="2"/><W67/><G71/><T125/><D125/><U20/><E106/><V31/><F31/><W115/><G115/><T21/><D21/><U86/><REACH who="1" step="1"/><E97/><REACH who="1" ten="214,110,360,296" step="2"/><V63/><F63/><N who="3" m="38263" /><G67/><T98/><D99/><U60/><E60/><V44/><F44/><AGARI ba="0,2" hai="19,22,26,40,44,48,91,94,98,100,103" m="48375" machi="44" ten="30,1000,0" yaku="8,1" doraHai="24" who="0" fromWho="2" sc="214,30,110,0,360,-10,296,0" owari="244,-15.6,110,-39.0,350,45.0,296,9.6" /></mjloggm>