<mjloggm ver="2.3"><GO type="225" lobby="0"/><UN n0="%2D%E8%B1%8A%E5%8F%A3%E3%82%81%E3%81%90%E3%81%BF%2D" n1="%E5%86%B7%E5%87%8D%E3%82%AE%E3%83%A7%E3%83%BC%E3%82%B6" n2="%E4%BA%BA%E9%96%93%E3%83%81%E3%83%A3%E3%83%BC%E3%83%8F%E3%83%B3" n3="%E3%81%8B%E3%82%8F%E3%81%A1%E3%82%83%E3%82%93%35%38" dan="16,17,16,17" rate="2135.27,2202.18,2085.49,2229.41" sx="F,M,M,M"/><TAIKYOKU oya="0"/><INIT seed="0,0,0,2,0,130" ten="250,250,250,250" oya="0" hai0="94,74,99,7,87,134,106,103,9,120,113,26,47" hai1="1,80,33,111,62,124,95,117,52,17,39,89,83" hai2="21,4,34,41,110,78,118,29,45,55,82,13,11" hai3="54,61,67,77,14,100,49,88,86,102,23,109,35"/><T32/><D113/><U72/><E117/><V8/><F110/><W84/><G35/><T22/><D120/><U76/><E111/><V92/><F34/><W43/><G43/><T126/><D126/><U128/><E124/><V91/><F118/><W64/><G109/><T129/><D129/><U0/><E128/><V104/><F104/><W3/><G3/><T127/><D127/><U123/><E123/><V101/><F101/><W71/><G67/><T58/><D74/><U114/><E114/><V119/><F119/><W135/><G84/><T132/><D32/><U85/><E39/><V44/><F55/><W131/><G77/><T90/><D58/><U25/><E83/><V122/><F122/><W37/><G37/><T98/><D47/><N who="2" m="17994" /><F41/><W60/><G60/><T75/><D75/><U10/><E10/><N who="2" m="3627" /><F4/><W105/><G105/><T19/><REACH who="0" step="1"/><D99/><REACH who="0" ten="240,250,250,250" step="2"/><U38/><E33/><V12/><F78/><W27/><G131/><T6/><D6/><U97/><E1/><AGARI ba="0,1" hai="1,7,9,19,22,26,87,90,94,98,103,106,132,134" machi="1" ten="40,12000,1" yaku="1,1,52,2,53,1" doraHai="130" doraHaiUra="15" who="0" fromWho="1" sc="240,130,250,-120,250,0,250,0" /><INIT seed="0,1,0,4,2,57" ten="370,130,250,250" oya="0" hai0="51,41,88,14,79,34,91,65,27,39,119,9,22" hai1="61,126,127,0,37,24,94,52,26,19,12,129,31" hai2="122,33,46,66,111,80,36,67,86,48,98,85,83" hai3="87,74,62,101,21,134,30,81,121,7,56,59,49"/><T42/><D119/><U112/><E37/><V109/><F122/><W45/><G74/><T84/><D39/><U117/><E117/><V100/><F33/><W103/><G134/><T54/><D34/><U99/><E112/><V90/><F36/><W60/><G7/><N who="0" m="3391" /><D65/><N who="2" m="24586" /><F98/><W55/><G121/><T29/><D79/><U124/><E0/><V25/><F25/><N who="3" m="16687" /><G56/><N who="0" m="32863" /><D91/><N who="1" m="55775" /><E129/><V64/><F64/><N who="3" m="38943" /><G62/><T1/><D1/><U63/><E52/><N who="2" m="29719" /><F111/><W110/><G110/><T43/><D42/><U72/><E24/><V6/><F109/><W120/><G120/><T44/><D44/><U105/><E105/><V128/><F128/><W4/><G4/><T53/><D53/><U89/><E89/><AGARI ba="1,0" hai="45,49,55,81,87,89,101,103" m="38943,16687" machi="89" ten="30,2000,0" yaku="8,1,52,1" doraHai="57" who="3" fromWho="1" sc="370,0,130,-23,250,0,250,23" /><INIT seed="1,0,0,1,0,95" ten="370,107,250,273" oya="1" hai0="97,68,38,85,107,103,124,49,27,11,131,33,35" hai1="75,129,57,117,51,72,134,74,64,83,108,81,119" hai2="20,45,36,25,40,120,130,28,56,135,133,13,106" hai3="93,125,76,24,123,98,114,77,61,3,39,47,34"/><U46/><E129/><V101/><F120/><W63/><G123/><T71/><D38/><U23/><E134/><N who="2" m="51211" /><F130/><W58/><G114/><T115/><D115/><U105/><E105/><V121/><F121/><W19/><G3/><T94/><D131/><U78/><E108/><V111/><F111/><W52/><G125/><T12/><D49/><U15/><E57/><V17/><F56/><N who="3" m="34951" /><G34/><T31/><D35/><U112/><E64/><V30/><F13/><W66/><G47/><T43/><D43/><U59/><E59/><V0/><F0/><W54/><G39/><T65/><D65/><U122/><E112/><V89/><F89/><N who="3" m="55599" /><G66/><T18/><D124/><U70/><E70/><V99/><AGARI ba="0,0" hai="17,20,25,28,30,36,40,45,99,101,106" m="51211" machi="99" ten="30,2000,0" yaku="20,1,52,1" doraHai="95" who="2" fromWho="2" sc="370,-5,107,-10,250,20,273,-5" /><INIT seed="2,0,0,1,3,88" ten="365,97,270,268" oya="2" hai0="108,82,100,74,107,13,73,32,10,92,66,67,27" hai1="71,36,72,120,104,11,87,126,130,55,4,81,89" hai2="17,115,20,109,132,24,117,3,1,19,53,56,111" hai3="121,46,93,84,35,134,122,48,124,78,123,8,133"/><V44/><F115/><W31/><G35/><T14/><D107/><U63/><E126/><V101/><F117/><W39/><G31/><T38/><D38/><U106/><E130/><V77/><F132/><N who="3" m="50795" /><G39/><T40/><D40/><U112/><E112/><V58/><F77/><W45/><G124/><T29/><D13/><U6/><E120/><V54/><F101/><W33/><G33/><T94/><D100/><U91/><E36/><V105/><F105/><W96/><G8/><T99/><D99/><U18/><E18/><V102/><F102/><N who="3" m="60687" /><G48/><T75/><D82/><AGARI ba="0,0" hai="45,46,78,82,84,121,122,123" m="60687,50795" machi="82" ten="40,2600,0" yaku="20,1,52,1" doraHai="88" who="3" fromWho="0" sc="365,-26,97,0,270,0,268,26" /><INIT seed="3,0,0,3,2,65" ten="339,97,270,294" oya="3" hai0="35,103,131,119,51,54,8,113,75,11,128,95,108" hai1="61,87,81,55,32,10,42,91,58,106,127,59,47" hai2="63,34,129,96,118,99,37,7,122,33,66,5,116" hai3="18,20,79,24,72,28,89,52,27,125,9,130,64"/><W38/><G38/><T107/><D108/><U39/><E127/><V46/><F129/><N who="0" m="49738" /><D119/><N who="2" m="45610" /><F46/><W53/><G130/><T16/><D75/><U36/><E106/><V6/><F66/><W50/><G125/><T133/><D133/><U100/><E100/><V88/><F63/><W23/><G64/><T69/><D69/><U71/><E32/><N who="2" m="12395" /><F37/><W121/><G121/><T4/><D35/><U80/><E80/><V115/><F115/><W2/><G89/><T114/><D16/><U41/><E10/><N who="0" m="3625" /><D4/><U45/><E45/><V126/><F126/><W78/><G72/><T26/><D26/><U112/><E112/><V117/><N who="2" m="45618" /><V17/><DORA hai="0" /><F17/><W57/><REACH who="3" step="1"/><G53/><REACH who="3" ten="339,97,270,284" step="2"/><T92/><D114/><U104/><E55/><V123/><F88/><W12/><G12/><T49/><D113/><U105/><E91/><V109/><F109/><W1/><G1/><T62/><D54/><U94/><E87/><V22/><F22/><W29/><G29/><T134/><D134/><U13/><E13/><V67/><F67/><W56/><G56/><T135/><D135/><U86/><E58/><V68/><F68/><W48/><G48/><T101/><D51/><U93/><E71/><V111/><F111/><W40/><G40/><T120/><D49/><U73/><E86/><V84/><F84/><W19/><G19/><T82/><D62/><U124/><E42/><V44/><F44/><W3/><G3/><T102/><D102/><U77/><E36/><V83/><F83/><W60/><G60/><T43/><D82/><U85/><E124/><V98/><AGARI ba="0,1" hai="5,6,7,96,98,99,122,123" m="12395,45618" machi="98" ten="60,8000,1" yaku="28,2,52,3" doraHai="65,0" who="2" fromWho="2" sc="339,-20,97,-20,270,90,284,-40" owari="319,11.9,77,-42.3,360,46.0,244,-15.6" /></mjloggm>