<mjloggm ver="2.3"><GO type="225" lobby="0"/><UN n0="%6C%61%6D%62" n1="%72%69%6F%75%63%68%61%6E" n2="%6D%75%75%73%61%6E%6D%75" n3="%E7%B4%94%E6%BD%94%E3%83%94%E3%83%A9%E3%83%8B%E3%82%A2" dan="16,16,16,17" rate="2205.30,2201.88,2066.90,2222.46" sx="M,M,F,M"/><TAIKYOKU oya="0"/><INIT seed="0,0,0,3,1,58" ten="250,250,250,250" oya="0" hai0="47,52,35,104,94,101,59,67,36,49,12,40,25" hai1="97,114,77,86,55,20,30,124,69,15,63,38,123" hai2="68,98,91,10,134,82,72,6,116,87,19,42,66" hai3="75,115,17,61,50,126,70,127,135,62,96,22,102"/><T0/><D0/><U132/><E123/><V27/><F134/><W131/><G115/><T130/><D130/><U118/><E118/><V129/><F116/><W60/><G131/><T73/><D73/><U107/><E132/><V16/><F129/><W24/><G75/><T80/><D80/><U34/><E114/><V88/><F72/><W93/><G135/><T23/><D35/><U113/><E113/><V90/><F42/><W133/><G133/><T3/><D3/><U21/><E38/><V26/><F68/><W74/><G74/><T2/><D2/><U45/><E124/><N who="3" m="47658" /><G50/><T85/><D12/><U111/><E111/><V84/><F66/><AGARI ba="0,0" hai="17,22,24,60,61,62,66,70,93,96,102" m="47658" machi="66" ten="30,7700,0" yaku="18,1,52,3" doraHai="58" who="3" fromWho="2" sc="250,0,250,0,250,-77,250,77" /><INIT seed="1,0,0,5,4,0" ten="250,250,173,327" oya="1" hai0="73,43,46,63,119,130,89,134,122,60,15,10,106" hai1="62,50,1,78,96,81,126,22,102,48,112,120,49" hai2="113,19,103,26,42,6,127,4,123,72,105,108,29" hai3="18,54,79,114,2,64,32,40,16,59,55,83,131"/><U88/><E112/><V91/><F123/><W76/><G32/><T47/><D119/><U69/><E126/><V44/><F127/><W70/><G114/><T85/><D73/><U100/><E120/><V12/><F113/><W3/><G40/><T77/><D122/><U128/><E128/><V111/><F72/><W80/><G59/><T51/><D134/><U124/><E124/><V24/><F103/><W8/><G8/><T67/><D106/><U118/><E118/><V31/><F105/><W109/><G70/><T9/><D77/><U117/><E117/><V41/><F91/><W94/><G94/><T37/><D130/><U98/><E1/><V66/><F66/><W125/><G125/><T21/><D21/><U133/><E133/><V34/><F44/><W36/><G64/><T87/><D67/><U132/><E132/><V61/><F61/><W110/><G36/><T116/><D87/><N who="1" m="48567" /><E62/><V71/><F41/><W5/><G131/><T27/><D27/><N who="2" m="10282" /><F42/><W17/><G17/><T58/><D58/><U33/><E33/><V129/><F71/><W90/><G90/><T84/><D84/><U92/><E69/><V7/><F129/><W38/><G38/><T75/><D75/><U135/><E135/><V74/><F74/><W97/><G97/><N who="1" m="37482" /><E22/><N who="2" m="11623" /><F34/><W101/><G101/><T115/><D115/><U52/><E52/><V35/><F35/><W121/><G121/><T65/><D116/><U86/><AGARI ba="0,0" hai="48,49,50,86,88,92,100,102" m="37482,48567" machi="86" ten="30,3000,0" yaku="8,1,54,1" doraHai="0" who="1" fromWho="1" sc="250,-10,250,30,173,-10,327,-10" /><INIT seed="1,1,0,1,3,88" ten="240,280,163,317" oya="1" hai0="25,21,16,3,116,0,4,53,20,121,19,83,7" hai1="100,89,112,90,49,117,96,122,34,59,111,71,85" hai2="129,79,36,67,81,125,135,66,105,80,101,99,9" hai3="18,69,50,95,24,110,28,74,93,23,43,91,61"/><U46/><E112/><V106/><F36/><W84/><G74/><T130/><D83/><U87/><E117/><V52/><F125/><W62/><G110/><T103/><D103/><U107/><E122/><V47/><F129/><W108/><G108/><T98/><D98/><U78/><E111/><V134/><F106/><W37/><G37/><T58/><D116/><U92/><E71/><V12/><F134/><W33/><G69/><T54/><D121/><U6/><E34/><V68/><F68/><W94/><G33/><T5/><D130/><U77/><E6/><V2/><F2/><N who="0" m="554" /><D58/><U115/><E115/><V119/><F119/><W51/><G18/><N who="0" m="6699" /><D25/><U38/><E38/><V45/><F45/><N who="3" m="25919" /><G51/><T40/><D40/><U13/><E59/><V48/><F135/><W97/><G97/><T86/><D86/><U10/><E46/><V109/><F109/><W133/><G133/><T56/><D56/><U63/><E49/><V57/><F57/><W120/><G120/><T113/><D113/><U29/><E63/><AGARI ba="1,0" hai="23,24,28,61,62,63,84,91,93,94,95" m="25919" machi="63" ten="30,7700,0" yaku="8,1,52,3" doraHai="88" who="3" fromWho="1" sc="240,0,280,-80,163,0,317,80" /><INIT seed="2,0,0,5,4,24" ten="240,200,163,397" oya="2" hai0="132,100,80,97,37,39,65,83,131,60,113,71,12" hai1="92,77,68,18,34,93,46,133,26,123,64,134,67" hai2="105,129,122,55,21,53,59,31,48,63,66,8,99" hai3="106,20,102,109,51,45,57,84,29,117,27,101,90"/><V14/><F122/><W44/><G117/><T96/><D131/><U35/><E123/><V88/><F129/><W127/><G109/><T121/><D121/><U69/><E77/><V112/><F105/><W75/><G75/><T5/><D113/><U49/><E18/><V120/><F112/><W7/><G7/><T10/><D132/><N who="1" m="50795" /><E26/><N who="2" m="16847" /><F120/><W135/><G127/><T125/><D97/><U124/><E124/><V32/><F32/><N who="1" m="12329" /><E49/><V72/><F72/><W25/><G25/><T118/><D118/><U11/><E11/><V13/><F8/><W104/><G106/><T91/><D125/><U16/><E16/><V86/><F99/><W126/><G104/><T17/><D17/><U58/><E58/><N who="2" m="37239" /><F53/><N who="3" m="31935" /><G126/><T19/><D19/><U38/><E46/><N who="3" m="18026" /><G135/><T94/><D39/><U107/><E38/><V115/><F115/><W87/><G87/><T62/><D37/><U103/><E107/><V116/><F116/><W4/><G4/><T89/><D62/><U9/><E9/><V40/><F40/><W0/><G0/><T15/><D15/><U36/><E36/><V82/><AGARI ba="0,0" hai="13,14,48,55,59,82,86,88" m="37239,16847" machi="82" ten="30,6000,0" yaku="8,1,52,1,54,1" doraHai="24" who="2" fromWho="2" sc="240,-20,200,-20,163,60,397,-20" /><INIT seed="2,1,0,0,3,131" ten="220,180,223,377" oya="2" hai0="71,56,91,43,48,102,2,66,129,133,99,39,7" hai1="46,108,61,4,125,114,118,51,132,106,72,69,93" hai2="104,13,111,117,128,52,35,21,16,40,64,68,49" hai3="22,95,110,50,84,94,87,20,76,54,103,112,38"/><V67/><F117/><W0/><G38/><T62/><D129/><U3/><RYUUKYOKU type="yao9" ba="1,0" sc="220,0,180,0,223,0,377,0" hai1="3,4,46,51,61,69,72,93,106,108,114,118,125,132" /><INIT seed="2,2,0,2,3,111" ten="220,180,223,377" oya="2" hai0="36,130,66,8,74,22,117,122,118,63,41,80,108" hai1="12,103,91,24,102,82,123,6,38,0,14,110,83" hai2="85,100,30,25,27,56,18,93,81,135,115,13,71" hai3="69,101,28,54,106,131,10,89,88,52,45,34,128"/><V94/><F115/><W3/><G69/><T97/><D122/><U42/><E110/><V127/><F71/><W19/><G34/><T20/><D108/><U116/><E116/><N who="0" m="44649" /><D130/><N who="3" m="49705" /><G28/><T50/><D36/><U32/><E123/><V37/><F37/><W2/><G19/><T133/><D133/><U49/><E38/><V1/><F1/><N who="3" m="11" /><G10/><T31/><D31/><U87/><E0/><V11/><F135/><W113/><G113/><T84/><D74/><U120/><E120/><V99/><F127/><W17/><G17/><T58/><D97/><U98/><E6/><V114/><F114/><W126/><G126/><T65/><D65/><U132/><E132/><V90/><F30/><W44/><G101/><T124/><D124/><U125/><E125/><V107/><REACH who="2" step="1"/><F56/><REACH who="2" ten="220,180,213,377" step="2"/><W35/><G35/><T53/><D41/><U4/><E42/><V39/><F39/><W68/><G68/><N who="0" m="42079" /><D8/><U9/><E9/><V112/><F112/><W105/><G45/><T109/><D109/><U92/><E32/><V79/><F79/><AGARI ba="2,1" hai="20,22,50,53,58,79,80,84" m="42079,44649" machi="79" ten="30,1000,0" yaku="12,1" doraHai="111" who="0" fromWho="2" sc="220,26,180,0,213,-16,377,0" /><INIT seed="3,0,0,0,4,20" ten="246,180,197,377" oya="3" hai0="84,71,130,8,80,92,37,73,120,23,4,90,11" hai1="89,49,10,91,86,79,54,99,83,21,85,126,112" hai2="88,129,70,56,0,72,5,7,35,36,15,82,30" hai3="44,74,135,13,25,107,39,28,81,97,32,9,6"/><W128/><G135/><T27/><D120/><U22/><E126/><V103/><F70/><W55/><G128/><T131/><D37/><U76/><E112/><V96/><F0/><W17/><G107/><T45/><D71/><U1/><E99/><V41/><F129/><N who="0" m="49162" /><D45/><U64/><E64/><V67/><F41/><W118/><G97/><T59/><D59/><U125/><E125/><V29/><F36/><W47/><G17/><N who="0" m="12783" /><D4/><U50/><E10/><V94/><F5/><W115/><G13/><T124/><D124/><U127/><E1/><V101/><F15/><W69/><G81/><T18/><D18/><U40/><E127/><V119/><F7/><W26/><G55/><T122/><D122/><U51/><E40/><V102/><F67/><W31/><G74/><T43/><D43/><U93/><REACH who="1" step="1"/><E54/><REACH who="1" ten="246,170,197,377" step="2"/><V116/><F96/><W75/><G9/><T100/><D100/><U14/><E14/><V108/><F103/><W113/><G115/><T46/><D8/><U95/><E95/><V24/><F108/><W12/><G113/><T65/><D11/><U63/><E63/><V98/><F116/><W77/><G118/><T117/><D65/><U61/><E61/><V114/><F119/><W42/><G12/><T38/><D117/><U110/><E110/><V33/><F114/><W132/><G6/><T78/><D92/><U52/><E52/><V133/><F133/><W106/><G42/><T60/><D60/><U53/><E53/><V68/><F68/><W34/><G39/><T19/><D38/><U3/><E3/><V48/><F82/><W62/><G69/><RYUUKYOKU ba="0,1" sc="246,-10,170,30,197,-10,377,-10" hai1="21,22,49,50,51,76,79,83,85,86,89,91,93" owari="236,3.6,200,-20.0,187,-31.3,377,47.7" /></mjloggm>