<mjloggm ver="2.3"><GO type="225" lobby="0"/><UN n0="%E3%81%BF%E3%81%BF%E3%81%9A" n1="%74%2E%6F%2E%6F%2E%73" n2="%6D%75%75%73%61%6E%6D%75" n3="%6C%61%6D%62" dan="18,18,17,16" rate="2227.51,2167.51,2128.41,2168.90" sx="M,M,F,M"/><TAIKYOKU oya="0"/><INIT seed="0,0,0,3,3,105" ten="250,250,250,250" oya="0" hai0="98,99,73,70,88,104,71,60,8,74,94,15,23" hai1="109,31,37,47,115,85,82,96,21,11,124,135,110" hai2="50,34,107,32,6,40,117,122,87,64,77,69,83" hai3="25,7,59,12,102,0,28,133,52,44,43,48,132"/><T4/><D23/><U79/><E124/><V63/><F122/><W33/><G0/><T18/><D4/><U51/><E135/><V112/><F112/><W75/><G102/><T129/><D129/><U10/><E37/><V55/><F107/><W131/><G131/><T5/><D5/><U45/><E115/><V54/><F117/><W13/><G75/><T92/><D104/><U29/><E96/><V123/><F123/><W68/><G68/><T20/><D8/><N who="1" m="3115" /><E21/><V36/><F6/><W35/><G35/><T19/><D19/><U127/><E45/><V9/><F9/><W58/><G58/><T81/><D81/><U67/><E67/><V41/><F54/><W76/><G76/><T89/><D71/><U130/><E127/><V42/><REACH who="2" step="1"/><F36/><REACH who="2" ten="250,250,240,250" step="2"/><W14/><REACH who="3" step="1"/><G7/><REACH who="3" ten="250,250,240,240" step="2"/><T38/><D38/><AGARI ba="0,2" hai="12,13,14,25,28,33,38,43,44,48,52,59,132,133" machi="38" ten="40,5200,0" yaku="1,1,2,1,54,1,53,0" doraHai="105" doraHaiUra="62" who="3" fromWho="0" sc="250,-52,250,0,240,0,240,72" /><INIT seed="1,0,0,1,4,5" ten="198,250,240,312" oya="1" hai0="45,100,51,23,94,105,9,27,77,119,39,1,106" hai1="126,68,31,65,59,124,80,129,35,128,117,44,63" hai2="95,98,107,83,72,67,55,91,64,70,13,26,102" hai3="2,71,130,46,88,48,56,109,111,30,79,87,104"/><U75/><E35/><V50/><F70/><W34/><G71/><T41/><D119/><U7/><E31/><V121/><F121/><W133/><G133/><T101/><D77/><U53/><E75/><V57/><F26/><W29/><G104/><T86/><D39/><U103/><E80/><V6/><F72/><W40/><G130/><N who="1" m="50282" /><E103/><V92/><F107/><W112/><G112/><T82/><D106/><U0/><E7/><V61/><F83/><W127/><G127/><N who="1" m="48682" /><E0/><V47/><F6/><W76/><G2/><T78/><D105/><U84/><E84/><N who="2" m="52327" /><F13/><W20/><G34/><T18/><D1/><U73/><E73/><V17/><F17/><W134/><G76/><T4/><REACH who="0" step="1"/><D94/><REACH who="0" ten="188,250,240,312" step="2"/><U38/><E117/><V93/><F95/><W114/><G79/><T85/><D85/><U116/><E116/><V11/><F11/><W99/><G87/><T24/><D24/><U132/><E38/><V54/><AGARI ba="0,1" hai="47,50,54,55,57,61,64,67,93,98,102" m="52327" machi="54" ten="30,1100,0" yaku="8,1" doraHai="5" who="2" fromWho="2" sc="188,-3,250,-5,240,21,312,-3" /><INIT seed="2,0,0,3,4,80" ten="185,245,261,309" oya="2" hai0="135,24,49,74,114,78,84,62,27,103,39,119,73" hai1="0,29,88,97,129,52,23,76,43,55,53,21,111" hai2="116,22,72,64,98,126,51,132,69,35,120,25,8" hai3="65,30,110,44,42,90,11,66,94,79,7,46,121"/><V89/><F116/><W50/><G121/><T123/><D114/><U118/><E0/><V99/><F120/><W112/><G112/><T87/><D123/><U130/><E118/><V34/><F72/><W1/><G110/><T17/><D119/><U14/><E43/><V36/><F36/><W20/><G79/><T6/><D39/><U75/><E111/><V70/><F126/><W117/><G117/><T125/><D6/><U134/><E134/><V77/><F77/><W67/><G30/><T71/><D103/><U3/><E3/><V26/><F132/><W54/><G20/><T60/><D135/><U85/><E29/><V133/><F8/><W12/><G1/><T82/><D125/><U131/><E97/><V100/><F133/><W31/><G31/><T16/><D49/><U115/><E115/><V13/><F13/><W91/><REACH who="3" step="1"/><G94/><REACH who="3" ten="185,245,261,299" step="2"/><T113/><D113/><U109/><E109/><V9/><F22/><W86/><G86/><T56/><D78/><U40/><E14/><V32/><F32/><W92/><G92/><T28/><D28/><U128/><E128/><V38/><F34/><W124/><G124/><T127/><D127/><U10/><E10/><V2/><F9/><W59/><G59/><T105/><D56/><U63/><E76/><V96/><F2/><W95/><G95/><T45/><D82/><N who="1" m="49207" /><E75/><V83/><F35/><W93/><G93/><T68/><D105/><U81/><E81/><V102/><F83/><W57/><G57/><T41/><D45/><U4/><E129/><V5/><F69/><W48/><AGARI ba="0,1" hai="7,11,12,42,44,46,48,50,54,65,66,67,90,91" machi="48" ten="30,4000,0" yaku="1,1,0,1,8,1,53,0" doraHai="80" doraHaiUra="108" who="3" fromWho="3" sc="185,-10,245,-10,261,-20,299,50" /><INIT seed="3,0,0,4,5,126" ten="175,235,241,349" oya="3" hai0="6,124,70,99,131,135,3,115,118,62,88,59,42" hai1="0,106,96,57,125,83,104,107,55,15,130,68,69" hai2="4,61,90,54,114,46,121,40,72,100,37,23,56" hai3="94,67,9,25,116,89,38,33,1,64,111,127,87"/><W123/><G116/><T84/><D70/><U10/><E0/><V29/><F114/><W27/><G123/><T71/><D71/><U48/><E125/><V66/><F72/><W24/><G33/><T53/><D118/><U93/><E83/><V110/><F110/><W34/><G34/><T35/><D124/><U28/><E28/><V128/><F121/><W109/><G38/><T30/><D115/><U74/><E74/><V36/><F100/><W50/><G127/><T105/><D135/><U26/><E26/><V63/><F4/><N who="3" m="1167" /><G50/><T101/><D42/><U41/><E41/><V76/><F76/><W17/><G17/><T32/><D30/><U12/><E12/><V117/><F36/><W58/><G58/><T95/><REACH who="0" step="1"/><D131/><REACH who="0" ten="165,235,241,349" step="2"/><U11/><E130/><V79/><F128/><W5/><G109/><T75/><D75/><U16/><E68/><V85/><F117/><W119/><G111/><T112/><D112/><U77/><E69/><V31/><F40/><W8/><G119/><T65/><D65/><U20/><REACH who="1" step="1"/><E77/><REACH who="1" ten="165,225,241,349" step="2"/><V132/><F79/><W73/><G73/><T2/><D2/><U134/><E134/><V97/><F132/><W129/><G129/><T122/><D122/><U22/><E22/><V102/><F29/><W78/><G78/><T47/><D47/><U13/><E13/><V81/><F31/><W43/><G43/><T86/><D86/><U120/><E120/><V19/><F23/><W44/><G87/><T7/><D7/><U80/><E80/><V60/><F46/><W21/><G44/><T91/><D91/><AGARI ba="0,2" hai="10,11,15,16,20,48,55,57,91,93,96,104,106,107" machi="91" ten="40,5200,0" yaku="1,1,54,1,53,1" doraHai="126" doraHaiUra="45" who="1" fromWho="0" sc="165,-52,225,72,241,0,349,0" owari="113,-38.7,297,9.7,241,-15.9,349,44.9" /></mjloggm>