<mjloggm ver="2.3"><GO type="225" lobby="0"/><UN n0="%E3%82%BC%E3%83%AB%E3%83%80%E3%81%AE%E4%BC%9D%E8%AA%AC" n1="%72%69%6F%75%63%68%61%6E" n2="%E6%97%A5%E6%9B%9C%E6%97%A5%E3%82%88%E3%82%8A%E3%81%AE%E4%BD%BF%E8%80%85" n3="%E3%81%86%E3%83%BC%E3%81%B1%E3%83%BC" dan="16,17,18,16" rate="2207.47,2154.23,2145.39,2132.66" sx="M,M,M,F"/><TAIKYOKU oya="0"/><INIT seed="0,0,0,5,1,84" ten="250,250,250,250" oya="0" hai0="11,24,94,122,102,53,60,64,31,128,47,91,49" hai1="19,26,115,114,13,8,22,131,80,97,65,71,120" hai2="103,45,78,126,44,63,124,27,1,96,117,119,133" hai3="39,112,46,29,67,61,41,35,5,95,135,74,88"/><T108/><D122/><U59/><E120/><V113/><F1/><W3/><G135/><T57/><D128/><U33/><E131/><V37/><F113/><W81/><G29/><T7/><D108/><U21/><E71/><V25/><F78/><N who="3" m="44247" /><G35/><T23/><D102/><U107/><E80/><V15/><F15/><W10/><G112/><N who="1" m="43050" /><E33/><V121/><F63/><W32/><G32/><T12/><D47/><N who="2" m="17994" /><F37/><W98/><G61/><T68/><REACH who="0" step="1"/><D94/><REACH who="0" ten="240,250,250,250" step="2"/><U16/><E107/><N who="2" m="63975" /><F121/><W2/><G2/><T87/><D87/><U9/><E97/><V54/><F133/><W123/><G123/><T134/><D134/><U130/><E130/><V48/><F119/><W92/><G92/><T82/><D82/><U55/><E65/><AGARI ba="0,1" hai="3,5,10,39,41,46,65,67,88,95,98" m="44247" machi="65" ten="30,3900,0" yaku="25,1,52,1,54,1" doraHai="84" who="3" fromWho="1" sc="240,0,250,-39,250,0,250,49" /><INIT seed="1,0,0,1,0,16" ten="240,211,250,299" oya="1" hai0="84,50,130,73,99,8,25,26,32,3,93,41,123" hai1="44,20,34,31,6,106,91,126,39,47,54,70,66" hai2="71,85,13,113,112,122,40,128,72,56,17,88,30" hai3="4,89,22,45,33,63,100,36,11,23,83,37,1"/><U52/><E34/><V132/><F122/><W86/><G33/><T101/><D73/><U68/><E106/><V104/><F71/><N who="1" m="27177" /><E20/><N who="2" m="11311" /><F72/><W58/><G100/><T115/><D115/><N who="2" m="44106" /><F128/><W95/><G83/><T43/><D130/><U116/><E6/><V62/><F132/><W46/><G37/><T127/><D123/><U42/><E91/><V103/><F40/><W2/><G1/><T55/><D32/><U98/><E98/><N who="2" m="61559" /><F30/><W59/><G36/><T105/><D105/><U9/><E31/><V121/><F121/><W12/><G2/><T78/><D78/><U135/><E116/><V51/><F51/><W53/><G59/><T94/><D41/><N who="1" m="22591" /><E135/><V74/><F74/><W38/><G38/><T97/><D43/><U7/><E7/><V60/><F56/><W96/><G96/><T108/><D99/><U14/><E126/><V131/><F131/><W24/><G23/><T65/><D127/><U76/><E76/><V92/><AGARI ba="0,0" hai="60,62,85,88,92" m="61559,44106,11311" machi="92" ten="30,4000,0" yaku="11,1,52,1,54,1" doraHai="16" who="2" fromWho="2" sc="240,-10,211,-20,250,40,299,-10" /><INIT seed="2,0,0,4,0,117" ten="230,191,290,289" oya="2" hai0="75,87,89,54,12,125,94,78,119,56,92,61,47" hai1="93,59,109,73,14,65,35,62,133,48,134,118,88" hai2="58,60,45,81,131,51,135,80,38,91,105,43,111" hai3="86,52,49,108,69,124,67,27,128,99,101,26,25"/><V74/><F105/><W71/><G67/><T11/><D125/><U13/><E118/><V18/><F131/><W57/><G124/><T102/><D119/><U30/><E73/><V31/><F135/><N who="1" m="51721" /><E109/><V90/><F111/><W19/><G108/><T112/><D112/><U5/><E5/><V0/><F0/><W130/><G86/><T132/><D132/><U97/><E48/><V34/><F34/><W110/><G19/><T15/><D75/><U96/><E96/><V85/><F31/><W20/><G20/><T29/><D78/><U41/><E41/><V3/><F3/><W113/><G113/><T24/><D47/><U107/><E107/><V115/><F115/><W106/><REACH who="3" step="1"/><G110/><REACH who="3" ten="230,191,290,279" step="2"/><T16/><D11/><U44/><E44/><V17/><F74/><W53/><G53/><T122/><D16/><U79/><E79/><V127/><F127/><W40/><G40/><T1/><D54/><U46/><E46/><V120/><F17/><W6/><G6/><T50/><D87/><U123/><E123/><V8/><F120/><W10/><G10/><T121/><D121/><U129/><E129/><AGARI ba="0,1" hai="25,26,27,49,52,57,69,71,99,101,106,128,129,130" machi="129" ten="40,5200,0" yaku="1,1,19,1,54,1,53,0" doraHai="117" doraHaiUra="68" who="3" fromWho="1" sc="230,0,191,-52,290,0,279,62" /><INIT seed="3,0,0,0,5,99" ten="230,139,290,341" oya="3" hai0="87,120,95,39,33,92,32,84,123,78,107,111,73" hai1="118,19,126,119,16,102,106,0,3,20,116,69,77" hai2="47,40,44,112,135,45,13,114,133,93,110,124,49" hai3="35,79,14,52,43,41,122,128,83,6,4,50,91"/><W121/><G35/><T100/><D39/><U82/><E69/><V55/><F13/><W26/><G128/><T127/><D32/><U89/><E126/><V27/><F27/><W15/><G121/><T98/><D33/><U8/><E89/><V60/><F93/><N who="0" m="35914" /><D127/><U62/><E62/><V115/><F124/><W65/><G65/><T75/><D111/><U54/><E54/><V18/><F18/><N who="1" m="6697" /><E20/><V109/><F60/><W70/><G79/><T74/><D78/><U117/><N who="1" m="29696" /><DORA hai="71" /><U76/><E8/><V56/><F40/><W96/><G52/><T64/><D64/><U24/><E24/><V57/><F56/><W72/><G91/><T37/><D74/><U104/><E104/><V113/><F112/><W31/><G26/><T66/><D66/><U134/><E134/><AGARI ba="0,0" hai="44,45,47,49,55,57,109,110,113,114,115,133,134,135" machi="134" ten="50,8000,1" yaku="20,1,34,3" doraHai="99,71" who="2" fromWho="1" sc="230,0,139,-80,290,80,341,0" owari="230,-17.0,59,-44.1,370,47.0,341,14.1" /></mjloggm>