<mjloggm ver="2.3"><GO type="225" lobby="0"/><UN n0="%E5%8F%AF%E5%85%90%E9%82%A3%E7%94%B1%E5%A4%9A" n1="%E3%81%AA%E3%81%A1%30%39%32%37" n2="%E4%B8%96%E7%95%8C%E3%81%AE%E4%BA%80%E4%BA%95" n3="%E5%A4%96%E5%B7%9D%E7%AB%9C%E6%88%90" dan="17,16,17,16" rate="2261.85,2110.20,2211.90,2165.04" sx="F,M,M,M"/><TAIKYOKU oya="0"/><INIT seed="0,0,0,3,4,96" ten="250,250,250,250" oya="0" hai0="70,95,109,110,60,23,132,102,4,57,82,133,17" hai1="64,114,131,24,128,22,48,67,26,9,126,53,34" hai2="66,93,35,62,100,87,49,21,28,72,2,108,129" hai3="117,33,30,115,8,7,111,39,1,3,83,113,29"/><T91/><D4/><U118/><E118/><V46/><F35/><W42/><G39/><T32/><D32/><U75/><E75/><V5/><F72/><W41/><G83/><T119/><D70/><U65/><E126/><V101/><F108/><N who="0" m="41578" /><D82/><U59/><E114/><V44/><F2/><W40/><G111/><T79/><D79/><U56/><E9/><V16/><F5/><W134/><G117/><T15/><D119/><U120/><E120/><V27/><F129/><N who="1" m="49737" /><E34/><V74/><F74/><W68/><G68/><T63/><D102/><N who="2" m="39530" /><F49/><W97/><G1/><T98/><D63/><N who="1" m="38015" /><E26/><V123/><F123/><W47/><G33/><T31/><D31/><AGARI ba="0,0" hai="22,24,31,48,53,56,65,67" m="38015,49737" machi="31" ten="30,1000,0" yaku="19,1" doraHai="96" who="1" fromWho="0" sc="250,-10,250,10,250,0,250,0" /><INIT seed="1,0,0,4,5,83" ten="240,260,250,250" oya="1" hai0="102,9,45,25,5,17,75,77,69,61,90,132,88" hai1="116,42,126,20,117,22,32,62,99,120,84,33,63" hai2="8,49,59,100,81,52,101,36,107,106,94,91,23" hai3="68,60,128,43,3,27,133,11,72,67,127,28,37"/><U93/><E120/><V44/><F81/><W78/><G127/><T57/><D132/><U1/><E1/><V131/><F131/><W109/><G128/><T124/><D124/><U80/><E126/><V30/><F8/><W53/><G53/><T38/><D69/><U41/><E80/><V65/><F106/><W0/><G133/><T50/><D102/><U96/><REACH who="1" step="1"/><E93/><REACH who="1" ten="240,250,250,250" step="2"/><V16/><F107/><W134/><G134/><T129/><D129/><U10/><E10/><V105/><F105/><W98/><G11/><T73/><D9/><U79/><E79/><V46/><F36/><W119/><G0/><T35/><D38/><U14/><E14/><N who="2" m="9623" /><F30/><W54/><G3/><T31/><D77/><U56/><E56/><V66/><F44/><W104/><G78/><T40/><D5/><U7/><E7/><V21/><F21/><W76/><G76/><T13/><D13/><U47/><E47/><V113/><F113/><W87/><G37/><T110/><D31/><U95/><E95/><V19/><F19/><W115/><G104/><T111/><D17/><U64/><E64/><N who="2" m="24683" /><F46/><W39/><G28/><N who="0" m="19855" /><D75/><U15/><E15/><V122/><F122/><W34/><G72/><T29/><D73/><U123/><E123/><V92/><F92/><W74/><G74/><T121/><D121/><U125/><E125/><V112/><F112/><W86/><G115/><T89/><D29/><U114/><E114/><V18/><F18/><W97/><G39/><T55/><D45/><U103/><E103/><V71/><F71/><N who="3" m="42471" /><G34/><T12/><D12/><U135/><E135/><V2/><F2/><RYUUKYOKU ba="0,1" sc="240,10,250,10,250,10,250,-30" hai0="40,50,55,57,61,88,89,90,110,111" hai1="20,22,32,33,41,42,62,63,84,96,99,116,117" hai2="49,52,59,91,94,100,101" /><INIT seed="1,1,1,4,2,35" ten="250,260,260,220" oya="1" hai0="78,129,82,48,42,10,5,91,104,22,66,21,41" hai1="125,57,88,70,115,64,113,71,72,89,85,60,75" hai2="124,92,56,96,1,119,7,17,87,61,110,120,11" hai3="99,122,51,114,127,106,33,37,128,62,135,40,69"/><U54/><E125/><V8/><F119/><W111/><RYUUKYOKU type="yao9" ba="1,1" sc="250,0,260,0,260,0,220,0" hai3="33,37,40,51,62,69,99,106,111,114,122,127,128,135" /><INIT seed="1,2,1,4,1,55" ten="250,260,260,220" oya="1" hai0="13,16,29,63,117,35,124,49,97,116,43,58,93" hai1="33,135,45,105,100,77,36,62,113,99,0,1,121" hai2="25,40,131,48,52,87,42,38,80,50,125,83,53" hai3="3,85,92,102,73,106,70,6,122,69,19,89,114"/><U110/><E113/><V64/><F131/><W84/><G114/><T75/><D75/><U90/><E121/><V51/><F125/><W82/><G122/><T30/><D124/><U9/><E90/><V72/><F72/><W128/><G128/><T101/><D35/><U112/><E112/><V103/><F38/><W27/><G6/><T127/><D127/><U14/><E14/><V2/><F2/><W129/><G3/><T86/><D117/><U88/><E88/><N who="2" m="51303" /><F103/><W18/><G85/><T123/><D116/><U41/><E135/><V39/><F39/><W15/><G27/><T8/><D123/><U74/><E110/><V57/><F83/><W109/><G109/><T118/><D86/><U67/><E9/><V71/><F71/><W7/><G7/><T120/><D120/><U47/><E47/><V98/><F98/><N who="3" m="61783" /><G129/><T10/><D10/><U133/><E133/><V28/><F28/><W79/><G19/><T130/><D130/><U60/><E33/><V68/><F68/><W61/><G61/><T59/><D118/><U65/><E62/><N who="2" m="37967" /><F25/><W95/><G95/><T11/><D11/><AGARI ba="2,1" hai="11,15,18,69,70,73,79,82,84,89,92" m="61783" machi="11" ten="30,1000,0" yaku="24,1" doraHai="55" who="3" fromWho="0" sc="250,-16,260,0,260,0,220,26" /><INIT seed="2,0,0,5,1,3" ten="234,260,260,246" oya="2" hai0="0,39,10,1,118,80,71,68,129,73,105,56,74" hai1="58,11,101,28,38,33,109,6,115,106,23,114,128" hai2="48,65,24,110,116,16,107,42,100,75,9,15,81" hai3="43,133,113,50,111,34,57,54,95,60,88,55,84"/><V67/><F116/><W94/><G34/><T27/><D56/><U86/><E109/><V93/><F107/><W83/><G111/><T44/><D118/><U131/><E38/><V126/><F126/><W47/><G133/><T124/><D124/><U102/><E33/><V108/><F110/><W70/><G113/><T119/><D119/><U12/><E58/><V121/><F121/><W26/><G70/><N who="0" m="26667" /><D129/><N who="1" m="49739" /><E86/><V82/><F24/><W63/><G26/><T77/><D27/><N who="1" m="16511" /><E106/><V8/><F108/><W78/><G63/><T125/><D125/><U7/><E7/><N who="2" m="3487" /><F75/><W31/><G31/><T98/><D74/><U14/><E14/><N who="2" m="7247" /><F65/><W29/><G29/><T20/><D20/><U66/><E66/><V91/><F67/><W18/><G18/><T92/><D10/><U96/><E96/><N who="2" m="57407" /><F100/><AGARI ba="0,0" hai="6,11,12,100,101,102,114,115" m="16511,49739" machi="100" ten="30,2000,0" yaku="19,1,52,1" doraHai="3" who="1" fromWho="2" sc="234,0,260,20,260,-20,246,0" /><INIT seed="3,0,0,3,2,101" ten="234,280,240,246" oya="3" hai0="122,62,108,33,65,72,129,15,124,39,109,23,30" hai1="79,96,81,0,27,2,105,99,35,88,97,104,98" hai2="52,59,40,50,53,135,32,41,21,46,107,54,31" hai3="3,22,36,87,76,5,64,28,58,38,111,82,43"/><W91/><G111/><N who="0" m="42571" /><D72/><U90/><E98/><V49/><F32/><W12/><G3/><T78/><D78/><U4/><E35/><V16/><F135/><W1/><G1/><T121/><D39/><U25/><E97/><V13/><F107/><W106/><G106/><T74/><D74/><U66/><E66/><V42/><F31/><W73/><G43/><AGARI ba="0,0" hai="13,16,21,40,41,42,43,46,49,50,52,53,54,59" machi="43" ten="40,5200,0" yaku="8,1,54,2" doraHai="101" who="2" fromWho="3" sc="234,0,280,0,240,52,246,-52" /><INIT seed="4,0,0,2,3,90" ten="234,280,292,194" oya="0" hai0="71,52,93,78,122,130,119,132,98,6,65,124,113" hai1="31,81,84,25,105,40,56,73,41,24,109,54,92" hai2="91,110,34,26,68,35,129,104,33,2,47,67,23" hai3="13,39,58,87,97,4,76,131,64,9,74,85,17"/><T118/><D6/><U135/><E105/><V114/><F114/><W3/><G39/><T86/><D65/><U14/><E109/><V42/><F110/><W133/><G131/><T96/><D71/><U49/><E73/><V125/><F2/><W66/><G133/><T80/><D113/><U89/><E135/><V59/><F104/><W83/><G97/><N who="0" m="37483" /><D52/><U30/><E81/><V121/><F121/><W63/><REACH who="3" step="1"/><G66/><REACH who="3" ten="234,280,292,184" step="2"/><T79/><D132/><U70/><E70/><V51/><F68/><W43/><G43/><N who="1" m="16458" /><E14/><V69/><F67/><W62/><G62/><T134/><D134/><U94/><E94/><V57/><F42/><W11/><AGARI ba="0,1" hai="3,4,9,11,13,17,58,63,64,74,76,83,85,87" machi="11" ten="20,5200,0" yaku="1,1,0,1,7,1,53,1" doraHai="90" doraHaiUra="15" who="3" fromWho="3" sc="234,-26,280,-13,292,-13,184,62" /><INIT seed="5,0,0,2,5,90" ten="208,267,279,246" oya="1" hai0="44,17,27,92,70,3,76,63,35,126,99,83,77" hai1="64,97,57,110,20,48,111,87,72,45,10,5,8" hai2="55,38,4,14,127,102,104,115,61,67,81,108,124" hai3="51,71,86,32,105,130,113,79,9,123,132,22,53"/><U37/><E72/><V33/><F108/><N who="1" m="41513" /><E37/><V131/><F131/><W88/><G123/><T117/><D117/><U95/><E87/><V52/><F33/><W34/><G71/><T107/><D3/><U19/><E57/><V73/><F38/><W133/><G130/><T46/><D126/><N who="2" m="48170" /><F115/><W129/><G129/><T66/><D107/><U118/><E64/><V12/><F81/><W31/><G105/><T18/><D35/><U43/><E118/><V85/><F85/><W116/><G79/><T89/><D77/><U82/><E82/><V11/><F14/><W75/><G75/><T30/><D46/><U84/><E84/><V0/><F0/><W122/><G113/><T119/><D44/><U47/><E5/><V80/><F80/><W13/><G86/><T1/><D1/><U120/><E47/><V98/><F73/><W7/><G116/><T60/><D119/><U49/><E49/><V106/><F106/><W23/><G122/><T21/><REACH who="0" step="1"/><D63/><REACH who="0" ten="198,267,279,246" step="2"/><U40/><E40/><V65/><F65/><W135/><G32/><T28/><D28/><U26/><E120/><V68/><AGARI ba="0,1" hai="4,11,12,52,55,61,67,68,98,102,104" m="48170" machi="68" ten="30,2000,0" yaku="18,1,54,1" doraHai="90" who="2" fromWho="2" sc="198,-5,267,-10,279,30,246,-5" owari="193,-30.7,257,5.7,309,40.9,241,-15.9" /></mjloggm>