<mjloggm ver="2.3"><GO type="225" lobby="0"/><UN n0="%E3%81%99%E3%81%84%E3%81%BE%E3%81%9B%E3%83%BC%E3%82%93" n1="%E6%B8%A9%E2%98%85%E6%83%85%E2%98%85%E6%8E%AA%E2%98%85%E7%BD%AE" n2="%E3%81%B5%E3%81%98%E3%81%8B%E3%81%A4" n3="%72%65%6E%6B%75%6E" dan="18,18,16,17" rate="2216.83,2258.32,2159.05,2229.91" sx="M,M,M,M"/><TAIKYOKU oya="0"/><INIT seed="0,0,0,5,5,18" ten="250,250,250,250" oya="0" hai0="124,75,15,114,82,113,118,120,7,97,104,94,43" hai1="99,69,32,128,65,2,35,96,100,38,92,127,3" hai2="105,107,57,74,79,41,102,51,85,56,12,50,131" hai3="117,76,70,19,121,73,133,25,33,52,132,9,0"/><T81/><D118/><U119/><E119/><V90/><F131/><W125/><G117/><T44/><D120/><U58/><E69/><V93/><F12/><N who="3" m="7567" /><G70/><T95/><D124/><U5/><E38/><V80/><F107/><W55/><G0/><T42/><D104/><U89/><E127/><V49/><REACH who="2" step="1"/><F41/><REACH who="2" ten="250,250,240,250" step="2"/><W68/><G125/><T39/><D43/><U66/><E128/><V64/><F64/><W135/><G121/><T48/><D114/><U106/><E65/><V53/><F53/><N who="3" m="20555" /><G68/><T116/><D113/><U14/><E3/><V109/><F109/><W13/><G13/><T1/><D116/><U67/><E67/><V108/><F108/><W71/><G71/><T8/><D1/><U77/><E2/><V62/><F62/><W34/><G25/><T78/><D39/><U47/><E14/><V27/><F27/><W17/><G17/><T22/><D15/><U98/><E66/><V88/><F88/><W26/><G26/><T54/><D54/><U101/><E89/><V61/><F61/><W46/><G46/><T91/><D44/><U4/><E47/><V115/><F115/><W40/><G40/><T87/><D42/><U16/><E16/><V37/><F37/><W23/><G23/><T30/><D22/><U24/><E24/><V63/><F63/><W72/><G76/><T123/><D123/><U129/><E77/><V134/><F134/><W84/><G33/><N who="1" m="12874" /><E129/><V28/><F28/><W10/><G34/><T83/><D30/><U21/><E21/><V111/><F111/><W29/><G29/><T6/><D78/><U112/><E112/><RYUUKYOKU ba="0,1" sc="250,-10,250,-10,240,30,250,-10" hai2="49,50,51,56,57,74,79,80,85,90,93,102,105" /><INIT seed="1,1,1,5,5,1" ten="240,240,270,240" oya="1" hai0="15,130,85,102,84,22,58,121,12,117,94,0,105" hai1="47,35,60,51,110,17,14,52,78,64,127,81,4" hai2="49,104,19,67,107,43,96,76,23,5,39,59,13" hai3="116,41,93,131,103,63,6,98,134,46,28,118,132"/><U62/><E127/><V108/><F76/><W34/><G131/><T99/><D117/><N who="3" m="45161" /><G63/><T24/><D130/><U9/><E35/><V7/><F108/><W42/><G34/><T2/><D121/><U57/><E110/><V92/><F39/><N who="3" m="21823" /><G28/><T10/><D105/><U18/><REACH who="1" step="1"/><E62/><REACH who="1" ten="240,230,270,240" step="2"/><N who="2" m="38367" /><F107/><W80/><G42/><T40/><D40/><U119/><E119/><V38/><F104/><W55/><G55/><T91/><D0/><U97/><E97/><V56/><F38/><W3/><G80/><T65/><D2/><U88/><E88/><N who="2" m="55303" /><F43/><W120/><G120/><T77/><D77/><U11/><E11/><AGARI ba="1,2" hai="3,6,11,93,98,103,132,134" m="21823,45161" machi="11" ten="30,2000,0" yaku="12,1,52,1" doraHai="1" who="3" fromWho="1" sc="240,0,230,-23,270,0,240,43" /><INIT seed="2,0,0,1,2,97" ten="240,207,270,283" oya="2" hai0="40,81,44,121,125,101,126,111,95,58,86,128,130" hai1="112,133,55,57,56,29,85,11,35,17,25,10,78" hai2="31,22,4,36,109,73,45,90,82,16,51,122,37" hai3="14,88,30,107,53,63,115,70,94,50,19,32,75"/><V116/><F122/><W117/><G75/><T59/><D121/><U52/><E112/><V93/><F116/><W89/><G107/><T66/><D111/><U84/><E133/><V114/><F31/><W54/><G117/><T67/><D95/><U127/><E127/><N who="0" m="48649" /><D101/><U104/><E104/><V129/><F4/><W26/><G115/><T20/><D20/><U80/><E85/><V108/><F129/><N who="0" m="49770" /><D86/><U47/><E47/><V134/><F114/><W106/><G106/><T124/><D81/><U61/><REACH who="1" step="1"/><E17/><REACH who="1" ten="240,197,270,283" step="2"/><V83/><F134/><W120/><G120/><T77/><D124/><U110/><E110/><N who="2" m="42603" /><F73/><W64/><G94/><T96/><D96/><U102/><E102/><V105/><F105/><W60/><G89/><T8/><D77/><U41/><E41/><N who="2" m="25007" /><F82/><W1/><G19/><T15/><D40/><U21/><E21/><V71/><F83/><W65/><G32/><T3/><D44/><U9/><E9/><V24/><F71/><W135/><G88/><T43/><D43/><U131/><E131/><V103/><F103/><W2/><G135/><T99/><D99/><AGARI ba="0,1" hai="16,22,24,36,37,90,93,99" m="25007,42603" machi="99" ten="30,5800,0" yaku="14,1,10,1,54,1" doraHai="97" who="2" fromWho="0" sc="240,-58,197,0,270,68,283,0" /><INIT seed="2,1,0,2,1,119" ten="182,197,338,283" oya="2" hai0="97,94,90,89,67,103,83,132,16,125,130,30,56" hai1="120,25,71,64,75,124,53,37,121,40,11,80,45" hai2="7,4,105,12,19,29,5,133,92,39,108,20,62" hai3="69,26,61,110,31,74,126,96,14,118,55,54,82"/><V59/><F39/><W2/><G118/><T10/><D125/><U122/><E124/><V28/><F105/><W76/><G2/><T77/><D130/><U68/><E64/><V101/><F133/><W84/><G126/><T87/><D132/><U98/><E53/><V116/><F116/><W58/><G110/><T32/><D30/><U3/><E98/><V73/><F73/><W134/><G134/><T106/><D32/><U79/><E25/><V46/><F46/><W9/><G69/><T36/><D36/><U85/><E85/><V17/><F17/><W100/><G74/><T1/><D106/><U0/><E0/><V23/><F23/><W50/><G26/><T8/><D1/><U91/><E91/><N who="0" m="34825" /><D16/><U43/><E43/><V24/><F108/><W18/><G31/><T112/><D112/><U51/><E51/><V70/><F70/><W128/><G128/><T109/><D109/><U115/><E115/><V22/><F29/><W13/><G13/><T38/><D38/><U81/><E81/><V117/><F117/><W48/><REACH who="3" step="1"/><G54/><REACH who="3" ten="182,197,338,273" step="2"/><T99/><D99/><U113/><E113/><V52/><F4/><AGARI ba="1,1" hai="3,4,11,37,40,45,68,71,75,79,80,120,121,122" machi="4" ten="40,16000,3" yaku="25,2,13,1,23,2,52,3" doraHai="119" who="1" fromWho="2" sc="182,0,197,173,338,-163,273,0" /><INIT seed="3,0,0,5,0,104" ten="182,370,175,273" oya="3" hai0="101,59,13,110,85,52,41,36,100,54,116,15,120" hai1="48,107,49,83,60,47,89,14,74,42,3,95,33" hai2="50,17,111,79,81,30,87,37,91,117,2,1,82" hai3="128,18,19,73,94,106,45,9,102,76,16,64,70"/><W57/><G128/><T27/><D120/><U53/><E107/><V24/><F117/><W131/><G131/><T6/><D110/><U72/><E3/><V61/><F37/><W31/><G31/><T56/><D116/><U5/><E33/><V58/><F111/><W86/><G70/><T51/><D27/><U23/><E60/><V10/><F50/><W62/><G106/><T133/><D133/><U11/><E83/><V67/><F17/><W4/><G45/><T114/><D114/><U93/><E23/><V12/><F12/><N who="0" m="4682" /><D41/><U132/><E132/><V22/><F10/><W8/><G73/><AGARI ba="0,0" hai="1,2,22,24,30,58,61,67,73,79,81,82,87,91" machi="73" ten="30,2000,0" yaku="7,1,52,1" doraHai="104" who="2" fromWho="3" sc="182,0,370,0,175,20,273,-20" owari="182,-31.8,370,47.0,195,-20.5,253,5.3" /></mjloggm>