<mjloggm ver="2.3"><GO type="225" lobby="0"/><UN n0="%E6%80%AA%E3%81%97%E3%81%99%E3%81%8E%E3%82%8B%E3%83%81%E3%83%BC" n1="%E3%81%A0%E3%81%8A" n2="%43%68%65" n3="%E6%A1%9C%E8%8A%B1%E9%96%83%E3%80%85" dan="17,16,16,18" rate="2167.97,2037.80,2145.05,2200.33" sx="M,M,M,M"/><TAIKYOKU oya="0"/><INIT seed="0,0,0,4,5,71" ten="250,250,250,250" oya="0" hai0="62,122,60,116,42,74,72,47,93,30,90,6,76" hai1="120,111,31,132,134,12,46,69,19,105,28,103,54" hai2="82,125,81,99,94,37,65,108,26,91,4,16,51" hai3="109,73,77,38,104,41,133,1,27,101,56,35,85"/><T7/><D116/><U110/><E120/><V24/><F108/><N who="1" m="41513" /><E69/><V87/><F125/><W45/><G109/><T50/><D122/><U95/><E105/><V20/><F37/><W129/><G85/><T52/><D30/><N who="1" m="11307" /><E103/><V126/><F126/><W96/><G129/><T11/><D7/><U112/><E95/><V36/><F36/><W9/><G56/><T23/><D23/><N who="1" m="11751" /><E112/><V59/><F4/><N who="3" m="1167" /><G27/><T130/><D130/><U13/><E13/><N who="2" m="9231" /><F82/><N who="3" m="45359" /><G133/><T3/><D74/><U114/><E114/><V117/><F117/><W88/><G88/><T100/><D100/><U118/><E118/><V21/><F21/><W17/><G17/><T92/><D92/><U127/><E127/><V18/><F18/><W106/><G106/><T22/><D22/><U67/><E67/><V33/><F33/><AGARI ba="0,0" hai="33,35,38,41,45,96,101,104" m="45359,1167" machi="33" ten="30,7700,0" yaku="25,1,33,2,52,1" doraHai="71" who="3" fromWho="2" sc="250,0,250,0,250,-77,250,77" /><INIT seed="1,0,0,2,1,105" ten="250,250,173,327" oya="1" hai0="106,13,86,85,47,115,58,97,104,22,54,124,26" hai1="70,92,46,52,35,131,39,78,135,101,23,44,4" hai2="57,73,109,120,38,79,53,42,66,118,49,60,59" hai3="21,110,111,108,122,10,93,12,18,116,127,82,29"/><U31/><E35/><V68/><F118/><W5/><G122/><T64/><D115/><U128/><E70/><V15/><F120/><W121/><G121/><T80/><D124/><U129/><E135/><V103/><F103/><W83/><G127/><T1/><D1/><U27/><E4/><V98/><F98/><W107/><G107/><T9/><D47/><U71/><E71/><V7/><F109/><W90/><G29/><T6/><D64/><U32/><E32/><V123/><F123/><W14/><REACH who="3" step="1"/><G116/><REACH who="3" ten="250,250,173,317" step="2"/><T34/><D104/><U102/><E129/><V134/><F134/><W100/><G100/><T63/><D106/><U117/><E128/><V99/><F99/><AGARI ba="0,1" hai="5,10,12,14,18,21,82,83,90,93,99,108,110,111" machi="99" ten="40,2600,0" yaku="1,1,14,1,53,0" doraHai="105" doraHaiUra="133" who="3" fromWho="2" sc="250,0,250,0,173,-26,317,36" /><INIT seed="2,0,0,0,5,118" ten="250,250,147,353" oya="2" hai0="114,3,104,82,79,5,96,101,58,77,37,12,17" hai1="122,134,80,31,29,69,16,108,76,83,0,130,106" hai2="9,14,127,35,20,50,48,28,59,128,18,40,124" hai3="32,57,95,33,120,100,110,25,68,26,30,131,132"/><V45/><F35/><W63/><G120/><T56/><D114/><U47/><E108/><V126/><F128/><W111/><G68/><T86/><D37/><U24/><E69/><V135/><F135/><W112/><G132/><T99/><D99/><U22/><E134/><V87/><F87/><W23/><G131/><T67/><D67/><U117/><E130/><V49/><F59/><W4/><G4/><T72/><D79/><U98/><E117/><V62/><F62/><W84/><G112/><T60/><D5/><U133/><E133/><V34/><F34/><W65/><G84/><T1/><D72/><U74/><E0/><V10/><REACH who="2" step="1"/><F28/><REACH who="2" ten="250,250,137,353" step="2"/><N who="3" m="17471" /><G33/><T73/><D56/><U119/><E31/><V13/><F13/><W64/><G64/><T81/><D58/><U89/><E29/><V97/><F97/><AGARI ba="0,1" hai="26,30,32,57,63,65,95,97,100,110,111" m="17471" machi="97" ten="30,1000,0" yaku="25,1" doraHai="118" who="3" fromWho="2" sc="250,0,250,0,137,-10,353,20" /><INIT seed="3,0,0,3,2,86" ten="250,250,127,373" oya="3" hai0="39,134,69,96,128,92,26,43,81,12,28,102,18" hai1="47,124,41,115,38,103,105,31,40,129,61,11,121" hai2="118,4,72,46,25,9,76,21,10,132,107,34,65" hai3="45,51,19,126,48,122,113,74,112,89,53,77,54"/><W130/><G122/><T75/><D69/><U93/><E105/><V106/><F118/><W73/><G130/><T13/><D134/><U119/><E121/><V59/><F132/><W49/><G126/><T88/><D128/><U94/><E115/><V108/><F108/><W29/><G29/><T35/><D39/><U125/><E129/><V98/><F34/><W8/><G89/><T90/><D43/><U109/><E109/><V44/><F21/><W82/><G73/><T0/><D0/><U104/><E31/><V24/><F59/><W63/><G63/><T66/><D66/><U37/><E11/><V6/><F65/><W97/><G97/><T22/><D75/><U33/><E33/><V60/><F72/><W95/><G95/><N who="1" m="36362" /><E61/><V110/><F110/><W56/><G51/><T84/><REACH who="0" step="1"/><D13/><REACH who="0" ten="240,250,127,373" step="2"/><U7/><E119/><V67/><F67/><W114/><G113/><T70/><D70/><U1/><E1/><V58/><F60/><W78/><G112/><T99/><D99/><N who="1" m="61567" /><E7/><V68/><F68/><W71/><G71/><T3/><D3/><U64/><E64/><V135/><F98/><W17/><G114/><T120/><D120/><U32/><E32/><V42/><F135/><W101/><G74/><T116/><D116/><U57/><E57/><V87/><F58/><W36/><G56/><T133/><D133/><U79/><E79/><AGARI ba="0,1" hai="12,18,22,26,28,35,79,81,84,88,90,92,96,102" machi="79" ten="30,8000,1" yaku="1,1,7,1,52,2,54,1,53,0" doraHai="86" doraHaiUra="2" who="0" fromWho="1" sc="240,90,250,-80,127,0,373,0" owari="330,13.0,170,-23.0,127,-37.3,373,47.3" /></mjloggm>