<mjloggm ver="2.3"><GO type="225" lobby="0"/><UN n0="%E5%A4%96%E5%B7%9D%E7%AB%9C%E6%88%90" n1="%E3%81%B2%E3%81%AA%E3%81%AE%E3%82%8A%E3%81%8F" n2="%E4%B8%96%E7%95%8C%E3%81%AE%E4%BA%80%E4%BA%95" n3="%6D%75%75%6D%75%72%61" dan="16,17,17,16" rate="2250.51,2159.64,2209.09,2136.83" sx="M,M,M,F"/><TAIKYOKU oya="0"/><INIT seed="0,0,0,0,3,18" ten="250,250,250,250" oya="0" hai0="5,88,110,120,77,61,126,25,72,90,47,14,13" hai1="17,109,54,81,57,48,102,123,55,46,41,130,45" hai2="71,27,68,28,26,131,35,11,23,31,62,67,40" hai3="34,65,79,53,29,94,132,56,134,8,30,32,116"/><T100/><D120/><U21/><E123/><V74/><F74/><W69/><G116/><T96/><D126/><U44/><E109/><V73/><F73/><W78/><G69/><T22/><D110/><U24/><E130/><V122/><F122/><W127/><G65/><T36/><D72/><U43/><E102/><V3/><F131/><W106/><G106/><T99/><D77/><N who="3" m="29193" /><G94/><N who="0" m="58391" /><D36/><U89/><REACH who="1" step="1"/><E54/><REACH who="1" ten="250,240,250,250" step="2"/><V51/><F68/><W124/><G8/><N who="0" m="4239" /><D99/><U97/><E97/><V63/><F71/><W10/><G124/><T103/><D103/><U15/><E15/><V135/><F11/><W111/><G127/><T6/><D14/><U64/><E64/><V98/><F67/><W84/><G111/><T9/><D9/><U115/><E115/><V133/><F133/><W42/><G10/><T59/><D25/><U119/><E119/><V105/><F135/><W39/><G132/><T49/><D6/><U104/><E104/><V4/><F4/><W16/><G134/><T37/><D22/><U60/><E60/><V12/><F12/><W87/><G34/><T38/><D38/><U85/><AGARI ba="0,1" hai="17,21,24,41,43,44,45,46,48,55,57,81,85,89" machi="85" ten="30,8000,1" yaku="1,1,0,1,8,1,52,1,53,1" doraHai="18" doraHaiUra="52" who="1" fromWho="1" sc="250,-40,240,90,250,-20,250,-20" /><INIT seed="1,0,0,2,1,47" ten="210,330,230,230" oya="1" hai0="0,40,124,107,81,28,23,25,129,115,78,130,5" hai1="53,76,39,105,67,121,93,99,73,43,108,97,3" hai2="102,26,80,4,86,112,114,91,127,46,123,18,36" hai3="92,104,89,60,133,131,68,66,57,15,59,79,83"/><U62/><E3/><V134/><F123/><W84/><G131/><N who="0" m="50187" /><D115/><N who="2" m="44074" /><F134/><W51/><G133/><T35/><D107/><U94/><E105/><V22/><F4/><W2/><G104/><T41/><D124/><U17/><E121/><V19/><F102/><W44/><G2/><T45/><D35/><U13/><E39/><V77/><F127/><W96/><REACH who="3" step="1"/><G15/><REACH who="3" ten="210,330,230,220" step="2"/><T87/><D0/><U48/><E13/><V34/><F34/><W71/><G71/><T90/><D5/><U32/><E32/><V58/><F18/><W14/><G14/><T117/><D117/><U6/><E17/><V69/><F69/><W119/><G119/><T135/><D135/><U55/><E6/><V103/><F19/><W8/><G8/><T31/><D31/><U29/><E29/><V49/><F22/><W72/><G72/><N who="0" m="43207" /><D45/><U10/><E73/><V116/><F116/><W109/><G109/><T27/><D27/><U106/><E10/><V7/><F26/><W100/><G100/><T65/><D65/><U61/><E67/><V132/><F103/><W21/><G21/><T101/><D101/><U11/><E11/><V50/><F132/><W88/><G88/><T111/><D111/><U120/><E106/><V95/><F7/><W24/><G24/><T30/><D28/><U125/><E108/><V122/><F122/><W82/><G82/><AGARI ba="0,1" hai="23,25,30,40,41,82,87,90" m="43207,50187" machi="82" ten="30,1000,0" yaku="19,1" doraHai="47" who="0" fromWho="3" sc="210,20,330,0,230,0,220,-10" /><INIT seed="2,0,0,3,0,113" ten="230,330,230,210" oya="2" hai0="67,82,125,54,66,72,31,80,77,120,68,81,129" hai1="124,23,91,15,11,71,45,132,52,20,26,53,126" hai2="100,29,118,98,135,22,37,28,47,102,35,27,40" hai3="65,95,122,131,73,36,128,9,115,41,70,90,61"/><V33/><F135/><W111/><G115/><T96/><D120/><U85/><E71/><V121/><F121/><W92/><G122/><T60/><D125/><N who="1" m="48235" /><E132/><V57/><F118/><W46/><G73/><T49/><D129/><U51/><E53/><V79/><F79/><W89/><G111/><T63/><D31/><U14/><E26/><V12/><F57/><W2/><G2/><T3/><D96/><U18/><E15/><V114/><F114/><W94/><REACH who="3" step="1"/><G9/><REACH who="3" ten="230,330,230,200" step="2"/><T112/><D3/><U97/><E97/><V123/><F123/><W13/><G13/><T19/><D112/><U117/><E117/><V6/><F98/><W109/><G109/><T104/><D72/><U59/><E45/><V103/><REACH who="2" step="1"/><F29/><REACH who="2" ten="230,330,220,200" step="2"/><W64/><G64/><T24/><D67/><U119/><E119/><V74/><F74/><W99/><G99/><T32/><D66/><U110/><E110/><V75/><F75/><W133/><G133/><T86/><D86/><U7/><E85/><V78/><F78/><W38/><G38/><T16/><D77/><U30/><E30/><V87/><F87/><W5/><G5/><T62/><D104/><U42/><E7/><V69/><F69/><W107/><G107/><T106/><D106/><U105/><E105/><V8/><AGARI ba="0,2" hai="6,8,12,22,27,28,33,35,37,40,47,100,102,103" machi="8" ten="30,6000,0" yaku="1,1,0,1,53,1" doraHai="113" doraHaiUra="10" who="2" fromWho="2" sc="230,-20,330,-20,220,80,200,-20" /><INIT seed="2,1,0,0,2,110" ten="210,310,300,180" oya="2" hai0="69,89,114,122,2,13,134,67,121,10,3,103,26" hai1="8,101,129,78,54,57,14,68,30,112,47,16,53" hai2="32,128,12,105,109,51,62,107,61,91,135,36,120" hai3="82,19,116,118,33,31,84,60,77,83,111,113,17"/><V21/><F32/><W80/><G111/><T1/><D103/><U23/><E68/><V119/><F119/><W42/><G42/><T55/><D67/><U102/><E129/><V38/><F120/><N who="0" m="46186" /><D55/><U9/><E112/><V66/><F135/><W132/><G132/><T70/><D89/><U44/><E78/><V90/><F51/><W15/><G113/><T63/><D63/><U56/><E30/><V131/><F21/><W46/><G46/><N who="1" m="17450" /><E9/><V123/><F123/><W130/><G130/><T22/><D70/><U124/><E124/><V29/><F12/><W0/><G0/><T104/><D104/><U41/><E41/><V24/><F24/><W4/><G60/><T99/><D99/><U28/><E28/><V27/><F27/><W20/><G118/><T86/><D86/><U125/><E23/><V34/><F29/><W6/><G116/><T75/><D75/><U94/><E125/><V133/><F133/><W106/><G106/><T87/><D87/><U40/><E40/><V92/><F34/><W25/><REACH who="3" step="1"/><G19/><REACH who="3" ten="210,310,300,170" step="2"/><N who="0" m="12639" /><D134/><U43/><E43/><V45/><F45/><W37/><G37/><T76/><D114/><U115/><E16/><V52/><F109/><W11/><G11/><T97/><D10/><U93/><E8/><V81/><F52/><W48/><G48/><T35/><D1/><U49/><E115/><V64/><F128/><W108/><G108/><T65/><D2/><U74/><E54/><V72/><F131/><W59/><G59/><T127/><D3/><U50/><E53/><V5/><F36/><W39/><G39/><T18/><D127/><RYUUKYOKU ba="1,1" sc="210,-10,310,-10,300,-10,170,30" hai3="4,6,15,17,20,25,31,33,77,80,82,83,84" /><INIT seed="3,2,1,0,5,41" ten="200,300,290,200" oya="3" hai0="28,70,105,56,5,54,135,16,47,68,31,72,130" hai1="39,132,121,60,113,63,48,103,120,77,46,109,33" hai2="100,87,123,82,1,131,4,65,118,20,25,36,44" hai3="117,37,75,18,7,35,90,78,89,59,76,81,94"/><W3/><G117/><T17/><D105/><U69/><E33/><V40/><F118/><W95/><G37/><T129/><D72/><U99/><E39/><V2/><F131/><N who="0" m="50186" /><D135/><U108/><E113/><V8/><F65/><W93/><G35/><T83/><D83/><U71/><E77/><V73/><F100/><W24/><G78/><T112/><D5/><U6/><E6/><V26/><F123/><N who="1" m="47177" /><E132/><V12/><F26/><W10/><REACH who="3" step="1"/><G59/><REACH who="3" ten="200,300,290,190" step="2"/><T119/><D119/><U0/><E71/><N who="0" m="27177" /><D112/><U91/><E69/><V14/><F73/><W107/><G107/><T86/><D47/><U110/><E46/><V57/><F57/><W30/><G30/><N who="0" m="11307" /><D86/><U49/><E108/><V101/><F87/><W79/><G79/><T66/><D66/><U115/><E109/><V62/><F44/><W58/><G58/><T84/><D84/><U92/><E110/><V32/><F32/><W23/><AGARI ba="2,2" hai="3,7,10,18,23,24,75,76,81,89,90,93,94,95" machi="23" ten="30,3000,0" yaku="1,1,0,1,53,0" doraHai="41" doraHaiUra="9" who="3" fromWho="3" sc="200,-12,300,-12,290,-12,190,56" /><INIT seed="3,3,0,3,1,1" ten="188,288,278,246" oya="3" hai0="133,64,40,14,69,19,28,34,125,17,86,122,12" hai1="92,76,26,32,75,47,58,80,67,9,2,15,21" hai2="30,53,77,82,55,36,29,27,4,118,31,94,131" hai3="20,44,119,90,117,105,7,85,101,56,51,132,79"/><W41/><G132/><T23/><D122/><U107/><E107/><V61/><F118/><W70/><G70/><T99/><D133/><U134/><E32/><V35/><F36/><W0/><G79/><T16/><D125/><U39/><E2/><V121/><F131/><W128/><G128/><T60/><D40/><U52/><E67/><V10/><F94/><W66/><G20/><T115/><D115/><U109/><E109/><V49/><F61/><W84/><G105/><T98/><D86/><U78/><E78/><V123/><F55/><W18/><G18/><T13/><REACH who="0" step="1"/><D23/><REACH who="0" ten="178,288,278,246" step="2"/><U120/><E120/><V48/><F121/><W43/><G85/><T112/><D112/><U45/><E134/><V111/><F123/><W24/><G43/><T46/><D46/><U135/><E45/><V116/><F116/><W96/><G117/><T65/><D65/><U6/><E47/><V126/><F126/><W73/><G119/><T74/><D74/><U88/><E135/><V108/><F111/><W8/><G73/><T114/><D114/><U3/><E21/><V25/><F108/><W89/><G84/><T38/><D38/><U91/><E39/><V59/><F35/><W57/><G66/><T130/><D130/><U83/><E75/><V5/><F53/><W63/><G41/><T22/><D22/><U127/><E52/><N who="2" m="32135" /><F31/><W103/><G44/><T113/><D113/><U81/><E127/><V87/><F30/><W93/><G57/><T100/><D100/><U95/><E58/><V110/><F29/><W42/><G103/><T71/><D71/><U33/><E33/><RYUUKYOKU ba="3,1" sc="178,30,288,-10,278,-10,246,-10" hai0="12,13,14,16,17,19,28,34,60,64,69,98,99" /><INIT seed="4,4,1,2,4,111" ten="208,278,268,236" oya="0" hai0="125,82,59,91,29,61,122,16,10,131,24,46,97" hai1="72,50,0,129,4,3,135,56,26,21,1,65,34" hai2="22,27,23,73,115,11,85,95,20,109,47,92,14" hai3="54,116,102,120,36,106,79,107,39,37,75,114,35"/><T99/><D122/><U32/><E72/><V132/><F115/><W88/><G116/><T118/><D118/><U130/><E135/><V44/><F73/><W69/><G69/><T38/><D125/><U49/><E4/><N who="2" m="3431" /><F109/><W123/><G35/><N who="1" m="13354" /><E65/><V110/><F132/><W70/><G70/><T51/><D131/><N who="1" m="50187" /><E56/><V60/><F60/><W42/><G114/><T68/><D38/><U119/><E119/><V18/><F85/><W63/><G75/><T33/><D68/><U126/><E126/><V2/><F2/><W101/><G39/><T17/><D10/><U108/><E108/><V78/><F78/><W55/><G37/><T103/><D59/><U117/><E117/><V84/><F84/><W58/><G36/><T15/><D61/><U6/><E6/><V52/><F44/><W74/><G63/><T13/><D82/><U43/><E43/><V31/><F23/><W12/><G58/><T76/><D76/><U83/><E83/><V104/><F104/><W100/><G79/><T80/><D80/><U94/><E94/><V30/><F30/><AGARI ba="4,1" hai="0,1,3,21,26,30,49,50" m="50187,13354" machi="30" ten="40,1300,0" yaku="19,1" doraHai="111" who="1" fromWho="2" sc="208,0,278,35,268,-25,236,0" owari="208,-29.2,313,41.3,243,4.3,236,-16.4" /></mjloggm>