<mjloggm ver="2.3"><GO type="225" lobby="0"/><UN n0="%72%69%6F%75%63%68%61%6E" n1="%E3%81%A1%E3%82%85%E3%81%86%E3%81%A9%E3%81%8F%E8%B1%A1%E3%81%95%E3%82%93" n2="%43%68%65" n3="%E3%82%BF%E3%83%84%E3%83%9E%E3%82%AD" dan="17,16,16,16" rate="2251.32,2145.75,2156.21,2034.01" sx="M,M,M,F"/><TAIKYOKU oya="0"/><INIT seed="0,0,0,3,0,23" ten="250,250,250,250" oya="0" hai0="52,66,2,36,135,95,122,133,106,0,104,55,77" hai1="47,99,134,79,26,30,45,82,22,9,12,68,90" hai2="57,21,88,54,112,69,72,51,78,101,97,118,33" hai3="16,7,120,46,25,81,6,4,50,123,92,126,27"/><T53/><D122/><N who="3" m="46633" /><G126/><T128/><D36/><U119/><E134/><N who="0" m="51209" /><D66/><U96/><E68/><V111/><F33/><W18/><G92/><T58/><D128/><U28/><E119/><V131/><F112/><W34/><G81/><T89/><D77/><U19/><E28/><V13/><F111/><W41/><G34/><T60/><D60/><U61/><E61/><V63/><F131/><W91/><G91/><T98/><D58/><U59/><E59/><V3/><F3/><AGARI ba="0,0" hai="0,2,3,52,53,55,89,95,98,104,106" m="51209" machi="3" ten="40,3900,0" yaku="20,1,54,1" doraHai="23" who="0" fromWho="2" sc="250,39,250,0,250,-39,250,0" /><INIT seed="0,1,0,2,2,133" ten="289,250,211,250" oya="0" hai0="90,121,29,10,120,2,14,53,127,123,85,117,135" hai1="45,9,46,96,65,8,56,108,106,81,69,5,80" hai2="122,131,7,21,47,18,40,97,134,101,33,64,99" hai3="92,24,58,103,84,109,111,61,15,67,44,30,70"/><T52/><D127/><U107/><E69/><V0/><F122/><W128/><G128/><T1/><D135/><U35/><E35/><V115/><F115/><W98/><G70/><T94/><D117/><U91/><E108/><V49/><F33/><W51/><G15/><T100/><D29/><U3/><E8/><V105/><F134/><W77/><G77/><T62/><D100/><U22/><E22/><V23/><F131/><W129/><G84/><T78/><D78/><U31/><E31/><V34/><F34/><W130/><G130/><T66/><D1/><U20/><E20/><V73/><F73/><W82/><G82/><T126/><D126/><U28/><E28/><V119/><F119/><W25/><G129/><T42/><D42/><U59/><E81/><V27/><F99/><W57/><G57/><T32/><D32/><U71/><E71/><V114/><F64/><W83/><G83/><T112/><D2/><U93/><E80/><V88/><F114/><W113/><G113/><T38/><D38/><U50/><E46/><V89/><REACH who="2" step="1"/><F23/><REACH who="2" ten="289,250,201,250" step="2"/><N who="3" m="15647" /><G25/><T102/><D112/><U17/><E65/><V60/><F60/><W95/><G92/><T54/><D66/><U124/><E124/><V19/><F19/><W4/><G4/><T37/><D62/><U39/><E17/><V132/><F132/><W12/><G12/><T68/><D14/><U104/><REACH who="1" step="1"/><E39/><REACH who="1" ten="289,240,201,250" step="2"/><V75/><F75/><W11/><G11/><AGARI ba="1,2" hai="0,7,11,18,21,27,40,47,49,88,89,97,101,105" machi="11" ten="40,8000,1" yaku="1,1,54,1,53,2" doraHai="133" doraHaiUra="87" who="2" fromWho="3" sc="289,0,240,0,201,103,250,-83" /><INIT seed="1,0,0,2,3,38" ten="289,240,304,167" oya="1" hai0="48,13,103,118,119,54,21,50,5,66,83,3,94" hai1="90,42,130,92,100,62,23,35,123,51,19,58,95" hai2="27,102,112,15,85,109,63,40,61,111,59,12,56" hai3="4,25,33,60,17,108,127,73,10,107,16,41,75"/><U65/><E123/><V105/><F112/><W53/><G107/><T71/><D3/><U46/><E130/><V120/><F120/><W6/><G108/><N who="2" m="41545" /><F27/><W67/><G127/><T124/><D124/><U52/><E35/><V133/><F133/><W26/><G53/><T34/><D34/><U93/><E100/><V18/><F40/><W70/><G41/><T126/><D126/><U132/><E132/><V82/><F102/><W110/><G110/><T43/><D83/><U68/><E90/><N who="2" m="51511" /><F105/><W125/><G125/><T106/><D106/><U129/><E129/><V80/><F80/><W69/><G33/><T14/><D43/><U49/><REACH who="1" step="1"/><E93/><REACH who="1" ten="289,230,304,167" step="2"/><V76/><F76/><W96/><G96/><T36/><D94/><U72/><E72/><V104/><F104/><W31/><G73/><T98/><D98/><U91/><E91/><V8/><F15/><AGARI ba="0,1" hai="15,19,23,42,46,49,51,52,58,62,65,68,92,95" machi="15" ten="30,11600,0" yaku="1,1,7,1,52,1,54,1,53,0" doraHai="38" doraHaiUra="1" who="1" fromWho="2" sc="289,0,230,126,304,-116,167,0" /><INIT seed="1,1,0,0,1,104" ten="289,356,188,167" oya="1" hai0="130,90,81,97,8,91,68,3,86,47,106,120,118" hai1="100,22,36,116,13,30,88,82,66,26,42,123,50" hai2="134,95,16,37,28,75,48,117,110,70,9,84,135" hai3="128,133,27,61,77,71,87,114,39,23,6,55,83"/><U124/><E116/><V105/><F117/><W78/><G114/><T96/><D118/><U41/><E123/><V58/><F70/><W125/><G125/><T32/><D130/><U53/><E36/><V43/><F105/><W122/><G122/><T85/><D120/><U129/><E100/><V111/><F111/><W115/><BYE who="2" /><G115/><T35/><D68/><U18/><E66/><V40/><F40/><UN n2="%43%68%65" /><W119/><G39/><T7/><D47/><N who="1" m="27871" /><E124/><V99/><F37/><W20/><G128/><T107/><D106/><U132/><E132/><V67/><F67/><W72/><G133/><T4/><D4/><U49/><E49/><V44/><F75/><W54/><G119/><T65/><D65/><U127/><E127/><V21/><F84/><W74/><G71/><T98/><REACH who="0" step="1"/><D107/><REACH who="0" ten="279,356,188,167" step="2"/><U60/><E129/><V64/><F64/><W34/><G6/><T33/><D33/><U63/><E42/><V19/><F43/><W126/><G126/><T51/><D51/><U121/><E41/><V29/><F48/><W57/><G55/><T1/><D1/><U103/><E121/><V89/><F135/><W5/><G5/><T45/><D45/><U92/><E63/><V11/><F44/><W14/><G34/><T93/><AGARI ba="1,1" hai="3,7,8,32,35,81,85,86,90,91,93,96,97,98" machi="93" ten="30,2000,0" yaku="1,1,0,1,53,0" doraHai="104" doraHaiUra="17" who="0" fromWho="0" sc="279,33,356,-11,188,-6,167,-6" /><INIT seed="2,0,0,4,2,120" ten="312,345,182,161" oya="2" hai0="128,86,80,14,43,68,20,125,92,115,96,124,56" hai1="122,48,82,23,116,12,9,63,51,6,41,95,76" hai2="42,133,65,13,17,39,47,103,118,110,58,109,101" hai3="16,59,93,27,44,70,35,84,81,29,78,38,24"/><V67/><F118/><W99/><G70/><T60/><D115/><U8/><E122/><V61/><F67/><W40/><G59/><T114/><D114/><U129/><E129/><V79/><F79/><W72/><G72/><T98/><D128/><U53/><E116/><V26/><F26/><W77/><G77/><T135/><D135/><U7/><E23/><V127/><F127/><N who="0" m="48714" /><D68/><U105/><E105/><V30/><F30/><W62/><G62/><T0/><D0/><U2/><E95/><V57/><F57/><W85/><G85/><T11/><D43/><U74/><E41/><V73/><F73/><W89/><REACH who="3" step="1"/><G24/><REACH who="3" ten="312,345,182,151" step="2"/><T131/><D131/><U46/><E63/><V37/><F133/><W113/><G113/><T50/><D56/><U15/><E48/><V28/><F39/><W97/><G97/><T21/><D50/><U112/><E112/><V87/><F87/><W117/><G117/><T25/><D25/><U123/><E123/><V5/><F37/><W19/><AGARI ba="0,1" hai="16,19,27,29,35,38,40,44,78,81,84,89,93,99" machi="19" ten="30,4000,0" yaku="1,1,0,1,54,1,53,0" doraHai="120" doraHaiUra="106" who="3" fromWho="3" sc="312,-10,345,-10,182,-20,151,50" /><INIT seed="3,0,0,4,5,122" ten="302,335,162,201" oya="3" hai0="73,132,19,120,69,118,51,106,123,84,28,39,11" hai1="62,92,13,30,126,44,37,108,4,36,124,107,97" hai2="52,50,83,94,87,119,29,96,71,6,15,23,128" hai3="100,56,58,5,95,82,121,79,77,64,14,135,54"/><W42/><G135/><T33/><D73/><U112/><E108/><V130/><F71/><W114/><G121/><N who="0" m="46667" /><D39/><U24/><E107/><V60/><F60/><N who="3" m="37895" /><G114/><T88/><D69/><U115/><E112/><V35/><F119/><W99/><G42/><T8/><D106/><U9/><E62/><V61/><F61/><N who="3" m="36055" /><G82/><T22/><D51/><U41/><E115/><V63/><F63/><W59/><G59/><T16/><D88/><U12/><E12/><V10/><F35/><W80/><G80/><T57/><D84/><U98/><E37/><V104/><F104/><W65/><G65/><T55/><D55/><U1/><E1/><V90/><F23/><W48/><G48/><T81/><D81/><U103/><REACH who="1" step="1"/><E97/><REACH who="1" ten="302,325,162,201" step="2"/><V7/><F7/><W67/><G67/><T45/><D45/><U47/><E47/><V25/><F130/><W34/><G14/><N who="0" m="9495" /><D57/><U18/><E18/><V86/><F128/><W68/><G68/><T17/><D132/><U49/><E49/><V21/><F83/><W38/><G38/><T27/><D118/><U125/><E125/><V72/><F72/><W134/><G134/><T75/><D75/><U3/><E3/><V105/><F105/><W20/><G5/><T70/><D70/><U89/><E89/><V2/><F2/><W46/><G46/><AGARI ba="0,1" hai="6,10,15,21,25,29,46,50,52,86,87,90,94,96" machi="46" ten="30,3900,0" yaku="7,1,8,1,54,1" doraHai="122" who="2" fromWho="3" sc="302,0,325,0,162,49,201,-39" owari="302,10.2,325,42.5,211,-18.9,162,-33.8" /></mjloggm>