<mjloggm ver="2.3"><GO type="225" lobby="0"/><UN n0="%E8%83%83%E3%81%A8%E8%85%B8" n1="%6D%75%75%6D%75%72%61" n2="%E9%9B%80%E6%A5%B5%E3%81%AE%E3%81%B8" n3="%E9%B3%B3%E6%9D%B1%E3%81%AE%E3%81%86%E3%81%95%E3%81%8E%E3%81%95%E3%82%93" dan="17,16,16,17" rate="2237.94,2124.89,2134.20,2220.95" sx="M,F,M,M"/><TAIKYOKU oya="0"/><INIT seed="0,0,0,2,5,126" ten="250,250,250,250" oya="0" hai0="131,52,122,12,107,17,43,51,134,67,56,21,72" hai1="88,6,39,49,23,86,92,109,71,14,83,120,125" hai2="117,44,75,16,65,100,93,11,24,35,38,87,89" hai3="68,54,45,42,22,69,78,0,58,76,1,30,82"/><T132/><D72/><U112/><E39/><V80/><F117/><W106/><G106/><T124/><D107/><U62/><E120/><V13/><F65/><W121/><G121/><T2/><D122/><U114/><E125/><V5/><F35/><W20/><G68/><T55/><D124/><U98/><E109/><V34/><F34/><W4/><G69/><T84/><D67/><N who="1" m="41463" /><E49/><V7/><F24/><W103/><G103/><T85/><D2/><U53/><E53/><V81/><F75/><W104/><G104/><T73/><D73/><U119/><E119/><V47/><F38/><W28/><G0/><T110/><D43/><U130/><E6/><N who="2" m="2059" /><F80/><W79/><G82/><T116/><D116/><U18/><E83/><V115/><F115/><N who="1" m="44073" /><E130/><V41/><F41/><W59/><G4/><T48/><D110/><U25/><E25/><V127/><F127/><W118/><G118/><T36/><D36/><U57/><E57/><N who="3" m="21514" /><G1/><T31/><D131/><U113/><N who="1" m="44081" /><U96/><AGARI ba="0,0" hai="14,18,23,86,88,92,96,98" m="44081,41463" machi="96" ten="40,5200,0" yaku="4,1,11,1,54,1" doraHai="126" who="1" fromWho="1" sc="250,-26,250,52,250,-13,250,-13" /><INIT seed="1,0,0,0,3,20" ten="224,302,237,237" oya="1" hai0="117,90,79,115,62,104,81,108,44,1,49,89,71" hai1="19,132,113,86,54,127,29,9,6,75,73,35,76" hai2="70,51,59,10,94,121,53,57,92,23,122,11,45" hai3="61,116,84,4,33,68,99,87,97,85,80,78,27"/><U88/><E113/><V107/><F107/><W38/><G38/><T125/><D117/><U98/><E132/><V21/><F70/><W36/><G36/><T26/><D1/><U96/><E127/><V109/><F109/><W5/><G116/><T41/><D104/><U83/><E19/><V118/><F118/><W110/><G110/><T102/><D102/><U30/><E54/><V119/><F119/><W126/><G126/><T105/><D105/><U28/><E35/><V128/><F128/><W95/><G68/><T93/><D115/><U60/><E60/><V12/><F121/><W52/><G33/><T39/><D108/><U22/><E22/><N who="2" m="8203" /><F10/><W69/><G27/><T32/><D39/><U129/><E129/><V42/><F122/><W40/><G40/><T8/><D8/><U3/><REACH who="1" step="1"/><E75/><REACH who="1" ten="224,292,237,237" step="2"/><V46/><F53/><W47/><G61/><T55/><D125/><U133/><E133/><V91/><F46/><W114/><G52/><T24/><D32/><U37/><E37/><V120/><F120/><W123/><G47/><T72/><D55/><U130/><E130/><V100/><F45/><W56/><G114/><T0/><D62/><U67/><E67/><V106/><F42/><W74/><G123/><T50/><D44/><U124/><E124/><V82/><F51/><W112/><G74/><T18/><D41/><U111/><E111/><V64/><F64/><W25/><G112/><T2/><D72/><U31/><N who="1" m="7168" /><DORA hai="63" /><U48/><E48/><V34/><F34/><W15/><G25/><N who="0" m="9835" /><D49/><U101/><E101/><V135/><F100/><W13/><G4/><RYUUKYOKU ba="0,1" sc="224,-10,292,30,237,-10,237,-10" hai1="3,6,9,73,76,83,86,88,96,98" /><INIT seed="1,1,1,4,4,92" ten="214,322,227,227" oya="1" hai0="37,30,54,62,3,39,1,31,102,84,109,76,77" hai1="58,105,73,87,96,89,83,126,116,103,90,25,7" hai2="6,36,65,27,53,86,14,104,70,94,20,71,12" hai3="80,115,38,81,78,120,59,32,95,66,131,23,44"/><U93/><E116/><V135/><F104/><W9/><G32/><T134/><D109/><U10/><E126/><V124/><F124/><W98/><G120/><T2/><D134/><U130/><E130/><V79/><F135/><W24/><G115/><T28/><D84/><U52/><E25/><V41/><F41/><BYE who="2" /><W60/><G131/><T113/><D113/><U42/><E42/><UN n2="%E9%9B%80%E6%A5%B5%E3%81%AE%E3%81%B8" /><V48/><F36/><W108/><G108/><T107/><D62/><U75/><E90/><V51/><F65/><W99/><G9/><T123/><D54/><U29/><E29/><V49/><F70/><W69/><G69/><T18/><D18/><U56/><E56/><V55/><F71/><W88/><G38/><T4/><D4/><U17/><E17/><V119/><F119/><W61/><G44/><T117/><D117/><U34/><E34/><V114/><F114/><W125/><G61/><T35/><D35/><U133/><E105/><V22/><F22/><W0/><G0/><T85/><D123/><U127/><E127/><V57/><F6/><W82/><G125/><T63/><D63/><U68/><E68/><V129/><F129/><W100/><G78/><T121/><D121/><U72/><E133/><V26/><F26/><W15/><G15/><N who="2" m="5673" /><F57/><W46/><G46/><T106/><D106/><U128/><E128/><V13/><N who="2" m="5681" /><V19/><DORA hai="45" /><F79/><W47/><G47/><T111/><D76/><U21/><E21/><V11/><F11/><W118/><G118/><T8/><D8/><U43/><E10/><V64/><F64/><W50/><G66/><T16/><D111/><RYUUKYOKU ba="1,1" sc="214,-10,322,-10,227,30,227,-10" hai2="19,20,27,48,49,51,53,55,86,94" /><INIT seed="2,2,1,0,3,97" ten="204,312,257,217" oya="2" hai0="116,39,4,74,45,95,18,56,32,3,25,7,31" hai1="83,50,58,104,87,125,96,53,132,99,30,133,55" hai2="2,78,88,64,68,33,43,41,57,8,47,24,82" hai3="26,17,130,119,103,120,66,12,117,76,44,122,79"/><V105/><F68/><W98/><G66/><T109/><D109/><U13/><E125/><V38/><F105/><N who="3" m="63735" /><G12/><T5/><D116/><N who="3" m="44617" /><G26/><T54/><D74/><U67/><E104/><V128/><F24/><W77/><G17/><T121/><D121/><N who="3" m="46697" /><G44/><T127/><D127/><U123/><E67/><V85/><F47/><W11/><G11/><T61/><D18/><U27/><E53/><V69/><F41/><W23/><G23/><T75/><D39/><U62/><E13/><V115/><F38/><W118/><N who="3" m="44625" /><W106/><DORA hai="135" /><G106/><T37/><D37/><U70/><E62/><V35/><F43/><W101/><G101/><T92/><D45/><U131/><E70/><V63/><F69/><W108/><G108/><T0/><D0/><U94/><E27/><V48/><F2/><W134/><G134/><T129/><D3/><U14/><E14/><V107/><F107/><W19/><G19/><T71/><D71/><U113/><E123/><V42/><F42/><W51/><G51/><T46/><D46/><U10/><E132/><V52/><F8/><W21/><G21/><T59/><D25/><U15/><E15/><V84/><F33/><W124/><G124/><T9/><D32/><U65/><E30/><V100/><F35/><W110/><G110/><T111/><D31/><U91/><E10/><V126/><F126/><W22/><G22/><T90/><D9/><U29/><E29/><V1/><F64/><W112/><G112/><T114/><D114/><U81/><E65/><V28/><F115/><W40/><G40/><T60/><D111/><U102/><E113/><RYUUKYOKU ba="2,1" sc="204,-10,312,-10,257,-10,217,30" hai3="76,77,79,130" /><INIT seed="3,3,1,5,4,135" ten="194,302,247,247" oya="3" hai0="113,89,79,116,21,129,103,15,84,0,130,123,88" hai1="120,99,104,2,118,14,76,59,25,48,69,12,86" hai2="16,95,45,75,97,39,105,44,6,117,50,18,58" hai3="4,19,55,22,102,66,106,93,36,40,134,71,92"/><W43/><G106/><T41/><D0/><U83/><E69/><V126/><F105/><W100/><G134/><T65/><D116/><U33/><E2/><V28/><F75/><W54/><G4/><T74/><D123/><U29/><E120/><V127/><F117/><W72/><G72/><T47/><D103/><N who="3" m="39465" /><G36/><T96/><D113/><U114/><E114/><V67/><F28/><W13/><G66/><T68/><D96/><U9/><E99/><V3/><F95/><N who="3" m="36427" /><G71/><T111/><D111/><U108/><E104/><V98/><F97/><W38/><G38/><T85/><D65/><U20/><E108/><V81/><F81/><W7/><G7/><T27/><D68/><U128/><E128/><N who="0" m="49257" /><D74/><U8/><E33/><V115/><F115/><W101/><N who="3" m="39473" /><W125/><DORA hai="37" /><G125/><N who="2" m="47625" /><F98/><W57/><G55/><T52/><D52/><N who="1" m="32135" /><E118/><V124/><N who="2" m="47633" /><V26/><DORA hai="42" /><F67/><W17/><G17/><T94/><D94/><U10/><AGARI ba="3,1" hai="8,9,10,12,14,20,25,29,76,83,86" m="32135" machi="10" ten="30,2000,0" yaku="8,1,54,1" doraHai="135,37,42" who="1" fromWho="1" sc="194,-8,302,39,247,-8,247,-13" owari="186,-31.4,341,44.1,239,3.9,234,-16.6" /></mjloggm>