<mjloggm ver="2.3"><GO type="225" lobby="0"/><UN n0="%E8%90%BD%E6%97%A5" n1="%6D%75%75%6D%75%72%61" n2="%E6%98%93%E5%88%A9%E8%96%A9%E4%BC%AF" n3="%67%61%79%75%6E%79" dan="18,16,16,16" rate="2201.56,2206.25,2103.17,2075.29" sx="F,F,F,M"/><TAIKYOKU oya="0"/><INIT seed="0,0,0,4,0,132" ten="250,250,250,250" oya="0" hai0="55,5,103,75,100,12,15,27,76,4,32,131,133" hai1="120,23,105,56,71,91,52,106,111,102,117,70,59" hai2="10,6,99,90,107,51,28,113,116,78,88,66,46" hai3="125,35,20,122,30,54,126,48,74,84,44,123,101"/><T68/><D68/><U109/><E117/><V129/><F113/><W124/><G74/><T92/><D133/><U9/><E120/><N who="3" m="46122" /><G101/><T47/><D131/><U49/><E23/><V73/><F116/><W110/><G110/><N who="1" m="41994" /><E9/><V67/><F28/><W42/><G84/><T130/><D130/><U36/><E36/><V119/><F119/><W96/><G96/><T98/><D103/><U118/><E118/><V82/><F107/><N who="1" m="40969" /><E102/><V40/><F129/><W11/><G11/><T25/><D76/><U77/><E77/><V114/><F114/><W58/><G35/><T112/><D75/><U18/><E18/><V31/><F31/><W8/><G8/><T22/><D32/><U3/><E3/><V29/><F29/><W13/><G13/><N who="0" m="5195" /><D112/><U83/><E59/><V134/><F134/><W115/><G115/><T95/><D95/><U62/><E62/><V37/><F51/><N who="3" m="27031" /><G30/><N who="0" m="17719" /><D27/><U39/><E39/><V50/><F50/><AGARI ba="0,0" hai="4,5,47,50,55,92,98,100" m="17719,5195" machi="50" ten="30,1500,0" yaku="8,1" doraHai="132" who="0" fromWho="2" sc="250,15,250,0,250,-15,250,0" /><INIT seed="0,1,0,2,4,105" ten="265,250,235,250" oya="0" hai0="117,32,34,104,84,118,26,36,4,83,112,85,39" hai1="45,59,97,77,125,86,2,50,20,134,16,33,56" hai2="87,116,68,37,12,62,69,122,67,54,100,89,103" hai3="98,64,90,31,133,88,40,24,55,46,63,6,71"/><T78/><D112/><U27/><E125/><V15/><F122/><W25/><G133/><T3/><D104/><U60/><E134/><V82/><F116/><W47/><G6/><T123/><D123/><U119/><E119/><V29/><F37/><W91/><G55/><T102/><D102/><U126/><E126/><V94/><F69/><W58/><G71/><T99/><D99/><U76/><E2/><V101/><F29/><W128/><G128/><T41/><D84/><U52/><E33/><V57/><REACH who="2" step="1"/><F94/><REACH who="2" ten="265,250,225,250" step="2"/><W81/><G31/><T93/><D93/><U10/><E77/><V135/><F135/><W95/><G81/><T35/><D39/><U44/><E76/><V0/><F0/><W73/><G73/><T111/><D117/><U92/><E86/><V22/><F22/><W109/><G109/><T106/><D106/><U49/><E10/><V53/><F53/><W124/><G124/><T13/><D118/><U21/><E20/><V132/><F132/><W8/><G8/><N who="0" m="4231" /><D3/><U96/><E92/><V131/><F131/><W43/><G95/><T129/><D129/><U72/><E72/><V130/><F130/><W107/><G107/><T18/><D111/><U65/><REACH who="1" step="1"/><E59/><REACH who="1" ten="265,240,225,250" step="2"/><V113/><F113/><W28/><G58/><T80/><D78/><U110/><E110/><V11/><F11/><W114/><G114/><T7/><D85/><U66/><E66/><V79/><F79/><W51/><G64/><T108/><D108/><U30/><E30/><V9/><F9/><W70/><G28/><N who="0" m="19479" /><D7/><U19/><E19/><V17/><F17/><W48/><G70/><RYUUKYOKU ba="1,2" sc="265,-15,240,15,225,15,250,-15" hai1="16,21,27,44,45,49,50,52,56,60,65,96,97" hai2="12,15,54,57,62,67,68,82,87,89,100,101,103" /><INIT seed="1,2,2,4,4,61" ten="250,255,240,235" oya="1" hai0="9,10,23,44,54,59,75,58,135,82,108,111,50" hai1="123,8,131,104,45,67,39,19,0,13,20,125,73" hai2="4,70,14,15,110,112,16,43,18,129,78,6,30" hai3="56,132,99,94,1,106,49,91,81,22,89,121,51"/><U38/><E123/><V114/><F43/><W130/><G1/><T76/><D135/><U55/><E125/><V65/><F78/><W128/><G121/><T109/><D23/><U26/><E131/><N who="3" m="50218" /><G132/><T5/><REACH who="0" step="1"/><D9/><REACH who="0" ten="240,255,240,235" step="2"/><U21/><E21/><N who="2" m="11415" /><F129/><W116/><G116/><T134/><D134/><U101/><E8/><N who="2" m="6503" /><F110/><W35/><G35/><T133/><D133/><U95/><E20/><V88/><F30/><W27/><G22/><T98/><D98/><U29/><E29/><V71/><F71/><W3/><G99/><T31/><D31/><U41/><E26/><V102/><F70/><W113/><G27/><T90/><D90/><U36/><E0/><AGARI ba="2,3" hai="0,5,10,44,50,54,58,59,75,76,82,108,109,111" machi="0" ten="40,2600,0" yaku="1,1,14,1,53,0" doraHai="61" doraHaiUra="17" who="0" fromWho="1" sc="240,62,255,-32,240,0,235,0" /><INIT seed="2,0,0,3,3,16" ten="302,223,240,235" oya="2" hai0="20,121,89,1,10,112,101,127,36,107,24,4,128" hai1="38,45,59,96,82,126,0,65,61,135,28,74,6" hai2="22,117,118,119,110,27,50,75,47,132,5,30,21" hai3="29,12,40,130,102,93,94,11,73,25,42,91,114"/><V57/><F75/><W32/><G130/><T55/><D121/><U49/><E126/><V81/><F132/><W129/><G129/><T123/><D123/><U86/><E135/><V9/><F57/><W105/><G73/><T120/><D120/><U17/><E74/><V8/><F110/><W69/><G69/><T62/><D36/><U103/><E38/><V79/><F5/><W77/><G77/><T26/><D128/><U87/><E28/><V44/><F44/><W33/><G114/><T71/><D26/><U51/><E0/><V56/><F56/><W88/><G33/><T97/><D127/><U68/><E6/><V99/><F99/><W115/><G102/><T72/><D72/><U52/><E17/><V60/><F60/><W104/><G105/><T108/><D108/><U43/><REACH who="1" step="1"/><E82/><REACH who="1" ten="302,213,240,235" step="2"/><V7/><F7/><N who="3" m="3199" /><G115/><T39/><D39/><U125/><E125/><V133/><F133/><W58/><G104/><AGARI ba="0,1" hai="43,45,49,51,52,59,61,65,68,86,87,96,103,104" machi="104" ten="30,3900,0" yaku="1,1,7,1,54,1,53,0" doraHai="16" doraHaiUra="109" who="1" fromWho="3" sc="302,0,213,49,240,0,235,-39" /><INIT seed="3,0,0,3,5,37" ten="302,262,240,196" oya="3" hai0="47,22,39,20,38,68,6,63,24,36,54,8,4" hai1="35,106,124,112,100,93,125,91,96,72,82,131,123" hai2="114,89,76,71,119,86,107,33,1,121,31,66,77" hai3="19,10,130,65,109,21,18,98,43,126,102,108,87"/><W113/><G113/><T29/><D22/><U88/><E35/><V52/><F114/><W74/><G74/><T17/><D6/><U40/><E112/><V7/><F119/><W16/><G130/><T79/><D79/><N who="1" m="44391" /><E40/><V0/><F107/><W2/><G126/><N who="1" m="48746" /><E131/><V67/><F31/><W135/><G135/><T122/><D122/><U80/><E123/><V55/><F33/><W13/><G65/><T70/><D17/><U45/><E45/><V44/><F7/><N who="3" m="1399" /><G87/><T110/><D110/><N who="3" m="42601" /><G43/><T46/><D68/><U85/><E91/><V30/><F86/><W32/><G32/><T134/><D70/><U128/><E128/><V41/><F41/><W81/><G81/><AGARI ba="0,0" hai="80,81,85,88,93,96,100,106" m="48746,44391" machi="81" ten="30,8000,1" yaku="24,1,18,1,34,2,54,1" doraHai="37" who="1" fromWho="3" sc="302,0,262,80,240,0,196,-80" owari="302,10.2,342,44.2,240,-16.0,116,-38.4" /></mjloggm>