<mjloggm ver="2.3"><GO type="225" lobby="0"/><UN n0="%E7%89%B9%E6%9D%B1%E3%81%AF%E4%B8%96%E7%95%8C%E3%82%92%E6%95%91%E3%81%86" n1="%6E%69%63%6F%6E%74%6F" n2="%E3%83%81%E3%83%AF%E3%83%AF%E9%9A%8A%E9%95%B7" n3="%E3%82%BD%E3%83%AB%E3%83%88%E3%82%AF%E3%83%AA%E3%83%BC%E3%82%AF" dan="16,16,17,16" rate="2187.73,2121.32,2221.06,2096.78" sx="M,M,M,M"/><TAIKYOKU oya="0"/><INIT seed="0,0,0,1,3,102" ten="250,250,250,250" oya="0" hai0="53,101,121,23,58,22,47,1,52,3,33,104,66" hai1="13,133,124,112,75,20,63,100,71,4,2,93,80" hai2="91,51,84,106,61,76,109,12,96,88,105,83,68" hai3="7,43,116,40,92,41,111,72,32,37,113,16,134"/><T129/><D33/><U0/><E71/><V79/><F109/><W19/><G72/><T28/><D121/><U55/><E55/><V65/><F51/><W86/><G32/><T114/><D114/><U78/><E63/><V108/><F108/><W60/><G37/><T127/><D129/><U126/><E112/><V73/><F76/><W81/><G111/><T64/><D127/><N who="1" m="48683" /><E133/><V42/><F42/><W31/><G31/><T35/><D35/><U46/><E46/><V10/><F96/><W85/><G113/><T97/><D47/><U59/><E59/><V26/><F26/><W115/><G134/><T39/><D39/><U94/><E100/><V117/><F117/><W21/><G116/><T18/><D28/><U70/><E70/><V135/><F135/><W95/><G115/><T17/><D101/><U87/><E20/><V69/><F69/><W24/><G7/><T49/><D58/><U90/><E94/><N who="3" m="35882" /><G60/><T82/><D49/><U57/><E57/><V118/><F118/><W89/><G86/><T34/><D34/><U14/><E2/><V119/><F119/><W67/><G67/><T15/><D64/><U103/><E103/><V110/><F110/><W11/><G43/><T25/><D66/><U107/><E107/><V50/><F50/><W122/><G122/><T30/><D30/><U77/><E77/><V38/><F38/><W132/><G132/><T98/><D104/><N who="2" m="40042" /><F84/><W44/><G44/><T29/><D29/><U6/><E0/><N who="0" m="73" /><D82/><U123/><E123/><V36/><F36/><W9/><G9/><T48/><D48/><U99/><E87/><RYUUKYOKU ba="0,0" sc="250,0,250,0,250,0,250,0" hai0="15,17,18,22,23,25,52,53,97,98" hai1="4,6,13,14,75,78,80,90,93,99" hai2="10,12,61,65,68,73,79,83,88,91" hai3="11,16,19,21,24,40,41,81,85,89" /><INIT seed="0,1,0,5,2,113" ten="250,250,250,250" oya="0" hai0="102,6,72,80,109,33,20,82,38,121,70,50,13" hai1="67,22,59,48,64,75,81,39,76,135,78,86,69" hai2="41,88,27,4,35,46,45,34,134,65,84,25,122" hai3="105,10,12,56,8,77,71,58,37,29,0,111,68"/><T28/><D121/><U1/><E135/><V23/><F122/><W19/><G37/><T93/><D38/><U108/><E108/><V110/><F110/><W114/><G114/><T9/><D109/><U52/><E1/><V96/><F134/><W94/><G105/><T55/><D70/><U128/><E128/><V115/><F115/><W18/><G77/><T43/><D43/><U112/><E112/><V133/><F133/><W40/><G40/><T14/><D33/><U123/><E123/><V98/><F4/><W61/><G111/><T125/><D125/><U57/><E39/><V95/><F65/><W85/><G29/><T91/><D102/><U106/><E106/><V26/><F23/><W32/><G32/><T30/><D72/><U99/><E69/><V54/><F54/><W24/><G24/><N who="0" m="16391" /><D14/><U97/><E22/><V31/><F35/><W118/><G118/><T103/><D103/><U15/><E15/><V87/><F34/><W53/><G58/><N who="0" m="33143" /><D30/><U74/><E74/><V49/><F31/><W83/><G94/><T126/><D126/><U17/><E17/><V44/><F41/><W11/><G0/><T66/><D66/><N who="1" m="25131" /><E75/><V116/><F49/><W101/><G101/><T100/><D100/><U51/><E76/><V107/><F107/><W73/><G73/><T62/><D62/><N who="1" m="36135" /><E59/><V119/><F119/><W132/><G132/><T16/><D6/><U36/><E36/><V63/><F116/><W130/><G68/><T124/><D124/><U60/><E60/><V5/><F63/><W42/><G61/><T79/><D79/><U89/><E78/><RYUUKYOKU ba="1,0" sc="250,15,250,15,250,-15,250,-15" hai0="9,13,16,80,82,91,93" hai1="48,51,81,86,89,97,99" /><INIT seed="0,2,0,4,3,2" ten="265,265,235,235" oya="0" hai0="96,9,34,4,126,125,22,23,79,7,10,88,11" hai1="80,14,73,48,102,53,32,127,40,50,119,19,20" hai2="49,75,17,90,92,51,123,8,77,31,0,107,61" hai3="38,18,81,54,63,13,132,131,60,58,103,76,94"/><T112/><D79/><U15/><E127/><N who="0" m="48649" /><D112/><U33/><E119/><V29/><F123/><W5/><G38/><T130/><D130/><U64/><E102/><V55/><F107/><W70/><G70/><T72/><D72/><U91/><E64/><V89/><F75/><W129/><G5/><N who="0" m="2123" /><D34/><U118/><E118/><V78/><F0/><W39/><G39/><T67/><D67/><U134/><E134/><V82/><F77/><W25/><G25/><T56/><D56/><U122/><E122/><V45/><F78/><W1/><G1/><T6/><N who="0" m="2131" /><T111/><DORA hai="65" /><D111/><U35/><E35/><V59/><F59/><W84/><G132/><T71/><D71/><U109/><E109/><V121/><F121/><W124/><G63/><T97/><D88/><U28/><E33/><V66/><F89/><W93/><G124/><T16/><D23/><U21/><E32/><V95/><F90/><W99/><REACH who="3" step="1"/><G94/><REACH who="3" ten="265,265,235,225" step="2"/><T26/><AGARI ba="2,1" hai="9,10,11,16,22,26,96,97" m="2131,48649" machi="26" ten="40,18000,2" yaku="18,1,52,4,54,1" doraHai="2,65" who="0" fromWho="0" sc="265,196,265,-62,235,-62,225,-62" /><INIT seed="0,3,0,4,0,101" ten="461,203,173,163" oya="0" hai0="56,50,24,96,30,99,122,5,7,127,33,132,51" hai1="59,68,72,79,26,73,38,130,126,84,57,9,21" hai2="8,119,65,42,29,18,114,105,25,62,80,93,53" hai3="67,120,22,95,135,70,12,35,83,55,128,17,100"/><T13/><D122/><U102/><E38/><V45/><F114/><W41/><G35/><T54/><D132/><U44/><E68/><V109/><F109/><W48/><G41/><T75/><D75/><U98/><E126/><V115/><F115/><W34/><G34/><T37/><D37/><U97/><E130/><V76/><F119/><W32/><G32/><T20/><D127/><U74/><E44/><V15/><F105/><W85/><G70/><T28/><D30/><U61/><E9/><V1/><F1/><W2/><G2/><T58/><D33/><U123/><E123/><V106/><F106/><W31/><G120/><T49/><D13/><U47/><E47/><V23/><F53/><W129/><G67/><T36/><D36/><U131/><E131/><N who="3" m="50250" /><G31/><T104/><D58/><U111/><E111/><V3/><F3/><W81/><G135/><T110/><D110/><U94/><E98/><N who="0" m="37417" /><D104/><U124/><E124/><V91/><F29/><W117/><G117/><T134/><D134/><U6/><E6/><AGARI ba="3,0" hai="5,6,7,20,24,28,49,50,51,54,56" m="37417" machi="6" ten="30,1500,0" yaku="8,1" doraHai="101" who="0" fromWho="1" sc="461,24,203,-24,173,0,163,0" /><INIT seed="0,4,0,3,0,30" ten="485,179,173,163" oya="0" hai0="13,135,42,61,31,132,112,85,82,64,102,26,74" hai1="128,111,110,89,50,25,99,23,20,5,56,62,57" hai2="81,96,72,15,78,109,101,41,73,51,52,125,33" hai3="106,108,129,95,34,126,105,24,14,21,98,63,3"/><T27/><D112/><U124/><E128/><V122/><F122/><W22/><G3/><T37/><D74/><U53/><E124/><V2/><F2/><W12/><G34/><T7/><D102/><U67/><E5/><V40/><F125/><W47/><G126/><T1/><D1/><U79/><E79/><V19/><F72/><W114/><G114/><T29/><D42/><U94/><REACH who="1" step="1"/><E25/><REACH who="1" ten="485,169,173,163" step="2"/><V55/><F78/><W117/><G129/><T93/><D26/><U39/><E39/><V123/><F123/><W91/><G24/><T46/><D37/><U54/><E54/><V8/><F55/><W44/><G117/><T49/><D27/><U90/><E90/><V59/><F52/><W9/><G91/><T10/><D7/><U48/><E48/><V88/><F51/><W87/><G63/><T69/><D49/><U104/><E104/><V58/><F88/><W43/><G106/><T119/><D61/><U115/><E115/><V17/><F40/><W113/><G105/><T0/><D119/><U86/><E86/><V36/><F41/><W75/><G87/><T71/><D85/><U4/><E4/><V35/><F36/><W100/><G43/><T83/><D29/><U68/><E68/><V6/><F6/><W134/><G113/><T120/><D31/><U65/><E65/><V70/><F70/><W118/><G118/><T127/><D71/><U77/><E77/><V131/><F73/><W107/><G75/><T45/><D127/><U28/><E28/><V116/><F116/><W121/><G107/><T18/><D69/><U11/><E11/><RYUUKYOKU ba="4,1" sc="485,-10,169,30,173,-10,163,-10" hai1="20,23,50,53,56,57,62,67,89,94,99,110,111" /><INIT seed="1,5,1,0,3,18" ten="475,199,163,153" oya="1" hai0="33,5,103,22,49,71,37,32,123,29,14,112,124" hai1="83,106,61,117,113,34,56,125,121,99,81,84,90" hai2="122,87,94,108,17,38,97,92,102,62,109,48,55" hai3="26,133,1,130,43,21,131,76,10,116,54,89,88"/><U63/><E113/><V59/><F122/><W85/><G43/><T20/><D37/><U9/><E117/><V93/><F38/><W135/><G54/><T79/><D71/><U128/><E121/><V73/><F73/><W110/><G110/><N who="2" m="42601" /><F87/><W65/><G65/><T45/><D123/><U11/><E34/><V7/><F7/><N who="3" m="1391" /><G76/><T127/><D112/><U91/><E128/><N who="3" m="49194" /><G116/><T107/><D79/><U80/><E125/><N who="0" m="48201" /><D5/><U60/><E106/><N who="2" m="63823" /><F17/><N who="3" m="12591" /><G89/><N who="1" m="33802" /><E99/><V100/><F100/><W28/><G28/><T78/><D107/><U70/><E70/><V30/><F30/><W51/><G51/><AGARI ba="5,1" hai="48,51,55,59,62,92,93,94" m="63823,42601" machi="51" ten="30,1000,0" yaku="14,1" doraHai="18" who="2" fromWho="3" sc="475,0,199,0,163,35,153,-25" /><INIT seed="2,0,0,0,3,8" ten="475,199,198,128" oya="2" hai0="105,69,98,81,91,32,97,26,13,120,79,6,93" hai1="132,61,85,75,116,68,31,82,112,66,95,16,89" hai2="107,22,83,0,63,65,77,30,74,122,80,99,127" hai3="1,5,110,54,133,108,40,119,37,123,96,28,109"/><V135/><F122/><W46/><G123/><T111/><D120/><U126/><E112/><V17/><F0/><W86/><G119/><T88/><D69/><U92/><E116/><V115/><F115/><W44/><G28/><T34/><D111/><N who="3" m="28417" /><W102/><DORA hai="60" /><G86/><T25/><D34/><U41/><E132/><V43/><F135/><W48/><G133/><T71/><D71/><U104/><E126/><V42/><F127/><W35/><G35/><T7/><D32/><U9/><E104/><V33/><F30/><W59/><G5/><T14/><D93/><U130/><E130/><V106/><F33/><W94/><G1/><T70/><D70/><U2/><E31/><V21/><F80/><W45/><AGARI ba="0,0" hai="37,40,44,45,46,48,54,59,94,96,102" m="28417" machi="45" ten="40,1500,0" yaku="14,1" doraHai="8,60" who="3" fromWho="3" sc="475,-4,199,-4,198,-7,128,15" /><INIT seed="3,0,0,4,1,38" ten="471,195,191,143" oya="3" hai0="119,100,70,88,8,109,63,102,30,6,45,65,131" hai1="32,23,85,59,81,40,3,34,118,62,132,10,20" hai2="12,107,87,122,2,52,44,25,26,69,96,36,11" hai3="54,48,47,128,78,112,61,110,123,37,17,135,86"/><W18/><G112/><T31/><D119/><U130/><E40/><V71/><F2/><W42/><G123/><T91/><D109/><U98/><E98/><V49/><F122/><W124/><G128/><T14/><D131/><U76/><E130/><V125/><F125/><W67/><G124/><T106/><D45/><U103/><E103/><V105/><F36/><W4/><G4/><T68/><D68/><U74/><E74/><V83/><F71/><N who="3" m="42479" /><G135/><T99/><REACH who="0" step="1"/><D102/><REACH who="0" ten="461,195,191,143" step="2"/><U66/><E132/><V16/><F69/><W21/><G21/><T60/><D60/><U50/><E23/><V35/><F35/><W90/><G78/><T33/><D33/><U24/><E20/><V127/><F127/><W27/><G27/><T111/><D111/><U57/><E24/><V134/><F26/><W73/><G73/><T80/><D80/><U115/><E118/><V28/><F134/><W114/><G114/><T39/><D39/><U104/><E115/><V108/><F108/><W82/><G110/><T19/><D19/><U53/><E34/><V116/><F116/><W94/><G82/><T41/><D41/><U77/><E32/><V120/><F120/><W55/><G55/><T56/><D56/><AGARI ba="0,1" hai="17,18,37,42,47,48,54,56,86,90,94" m="42479" machi="56" ten="30,2900,0" yaku="24,1,52,1" doraHai="38" who="3" fromWho="0" sc="461,-29,195,0,191,0,143,39" /><INIT seed="3,1,0,2,0,131" ten="432,195,191,182" oya="3" hai0="112,127,108,79,88,128,111,40,84,10,43,21,5" hai1="37,30,33,62,27,72,78,38,60,125,100,68,12" hai2="28,11,121,89,104,8,90,22,65,133,134,47,115" hai3="126,24,7,57,117,96,46,87,64,103,70,53,74"/><W59/><G117/><T31/><D128/><U34/><E125/><V20/><F115/><W73/><G70/><T106/><D106/><U32/><E12/><V54/><F104/><W122/><G122/><T29/><D79/><U110/><E110/><N who="0" m="42025" /><D127/><U109/><E100/><V85/><F121/><W77/><G126/><T23/><D112/><U36/><E62/><V2/><F65/><W39/><G7/><T120/><D120/><U16/><E16/><V129/><F129/><W15/><G87/><T101/><D101/><U86/><E86/><V56/><F47/><W124/><G124/><T135/><D135/><N who="2" m="51722" /><F90/><W58/><G64/><T13/><D23/><N who="2" m="8746" /><F28/><N who="0" m="10826" /><D21/><U19/><E109/><V18/><F2/><W49/><G39/><T69/><D69/><U9/><E34/><V66/><F66/><W63/><G63/><T42/><D42/><U130/><E33/><V94/><F18/><W92/><G24/><T118/><D118/><U17/><E130/><V55/><F55/><W99/><G77/><T45/><D45/><U75/><E78/><V132/><N who="2" m="51730" /><V71/><DORA hai="76" /><F71/><W83/><G83/><AGARI ba="1,0" hai="5,10,13,40,43,83,84,88" m="10826,42025" machi="83" ten="30,3900,0" yaku="14,1,52,1,54,1" doraHai="131,76" who="0" fromWho="3" sc="432,42,195,0,191,0,182,-42" owari="474,57.4,195,-0.5,191,-20.9,140,-36.0" /></mjloggm>