<mjloggm ver="2.3"><GO type="225" lobby="0"/><UN n0="%E3%81%8C%E3%81%9F" n1="%E3%82%82%E3%81%90%E3%82%89" n2="%6D%75%75%6D%75%72%61" n3="%4E%6F%2E%30%30%30%31" dan="16,16,16,18" rate="2148.57,2159.46,2118.05,2207.65" sx="F,M,F,M"/><TAIKYOKU oya="0"/><INIT seed="0,0,0,5,5,14" ten="250,250,250,250" oya="0" hai0="110,111,117,78,2,69,48,122,18,9,40,55,103" hai1="26,12,95,34,53,54,70,57,94,33,56,74,128" hai2="73,49,75,115,10,6,35,38,114,127,79,116,28" hai3="88,24,41,91,21,107,126,83,123,121,0,90,7"/><T77/><D117/><U27/><E12/><V66/><F38/><W63/><G107/><T62/><D122/><N who="3" m="46601" /><G126/><T134/><D134/><U89/><E74/><V99/><F127/><W119/><G119/><T5/><D103/><U51/><E70/><V11/><F116/><W84/><G41/><T25/><D40/><U50/><REACH who="1" step="1"/><E89/><REACH who="1" ten="250,240,250,250" step="2"/><V29/><F75/><W30/><G91/><T36/><D69/><U46/><E46/><V98/><F73/><W76/><G90/><T8/><D77/><U42/><E42/><V22/><F79/><W112/><G76/><T47/><D78/><U86/><E86/><V44/><F44/><W45/><G45/><T105/><D2/><U65/><E65/><V92/><F66/><W93/><G83/><T16/><D47/><U23/><E23/><V64/><F22/><W87/><G87/><T80/><D80/><U131/><AGARI ba="0,1" hai="26,27,33,34,50,51,53,54,56,57,94,95,128,131" machi="131" ten="25,6400,0" yaku="1,1,0,1,22,2,53,0" doraHai="14" doraHaiUra="113" who="1" fromWho="1" sc="250,-32,240,74,250,-16,250,-16" /><INIT seed="1,0,0,2,2,51" ten="218,314,234,234" oya="1" hai0="127,26,10,6,94,98,47,43,68,69,45,96,76" hai1="89,117,66,101,29,114,87,128,88,85,21,55,91" hai2="11,118,61,86,56,78,35,37,124,28,71,27,36" hai3="93,7,80,64,110,62,34,2,41,48,123,111,130"/><U81/><E117/><V53/><F118/><W44/><G123/><T20/><D127/><U54/><E114/><V112/><F124/><W18/><G34/><T113/><D113/><U33/><E33/><V125/><F125/><W104/><G104/><T24/><D76/><U135/><E128/><V52/><F71/><W75/><G130/><T12/><D47/><U83/><E135/><V72/><F72/><W126/><G126/><T39/><D26/><N who="1" m="16591" /><E101/><V38/><F112/><W97/><G18/><T50/><D39/><U4/><E4/><V74/><F74/><W42/><G42/><T3/><D3/><U134/><E134/><V46/><F11/><W132/><G132/><T108/><D108/><U79/><E66/><V40/><REACH who="2" step="1"/><F53/><AGARI ba="0,0" hai="53,54,55,79,81,83,85,87,88,89,91" m="16591" machi="53" ten="30,12000,1" yaku="8,1,52,3,54,1" doraHai="51" who="1" fromWho="2" sc="218,0,314,120,234,-120,234,0" /><INIT seed="1,1,0,1,3,87" ten="218,434,114,234" oya="1" hai0="16,57,103,70,46,17,82,59,51,30,6,32,36" hai1="86,27,92,13,12,41,94,115,61,44,47,128,132" hai2="89,109,62,5,133,93,50,98,91,77,131,31,129" hai3="9,37,68,110,33,76,81,21,8,53,108,45,1"/><U35/><E115/><V127/><F109/><N who="3" m="42091" /><G33/><T15/><D70/><U122/><E122/><V66/><F133/><W90/><G68/><T130/><D36/><U18/><E128/><N who="2" m="49227" /><F127/><W74/><G1/><T95/><D130/><U99/><E132/><V69/><F5/><W28/><G90/><N who="2" m="34313" /><F77/><W100/><G100/><T112/><D103/><U55/><E86/><V123/><F123/><W85/><G74/><T54/><D95/><U116/><E92/><V4/><F4/><W121/><G121/><T78/><D112/><U105/><E94/><V79/><F79/><W119/><G119/><T40/><D6/><U63/><E105/><V49/><F31/><W120/><G120/><T102/><D102/><AGARI ba="1,0" hai="49,50,62,66,69,93,98,102" m="34313,49227" machi="102" ten="30,7700,0" yaku="19,1,52,3" doraHai="87" who="2" fromWho="0" sc="218,-80,434,0,114,80,234,0" /><INIT seed="2,0,0,2,1,25" ten="138,434,194,234" oya="2" hai0="85,105,107,9,119,14,121,126,122,1,51,45,90" hai1="109,127,66,29,98,4,113,125,39,23,128,130,100" hai2="134,88,123,102,117,33,65,114,5,21,73,76,77" hai3="16,7,69,89,54,62,70,58,15,71,55,83,26"/><V43/><F114/><W84/><G7/><T67/><D1/><U72/><E72/><V46/><F33/><W34/><G26/><T50/><D126/><N who="1" m="48139" /><E39/><V37/><F117/><W97/><G34/><T111/><D111/><U99/><E109/><V120/><F134/><W112/><G112/><T0/><D0/><U108/><E108/><V35/><F35/><W106/><G106/><T19/><D119/><U86/><E113/><V81/><F102/><W20/><REACH who="3" step="1"/><G97/><REACH who="3" ten="138,434,194,224" step="2"/><T61/><D107/><U48/><E4/><V31/><F5/><W38/><G38/><T115/><D105/><U17/><E98/><V68/><F37/><W94/><G94/><T87/><D115/><U53/><E99/><V27/><F27/><W36/><G36/><T30/><D121/><U133/><E133/><V18/><F123/><W95/><G95/><T104/><D122/><U124/><E124/><V91/><F120/><W135/><G135/><T132/><D104/><U24/><E24/><V10/><F18/><W60/><G60/><T80/><D132/><U57/><E17/><V101/><F101/><W2/><G2/><T8/><D61/><U92/><E100/><V13/><F13/><W49/><G49/><T63/><D51/><U82/><E92/><V79/><F81/><W32/><G32/><T6/><D80/><U47/><E82/><V131/><F73/><W12/><G12/><T74/><D14/><U22/><E48/><V59/><F131/><W40/><G40/><T78/><D74/><U129/><E128/><V103/><F43/><W41/><G41/><T110/><D6/><RYUUKYOKU ba="0,1" sc="138,-10,434,-10,194,-10,224,30" hai3="15,16,20,54,55,58,62,69,70,71,83,84,89" /><INIT seed="3,1,1,5,4,83" ten="128,424,184,254" oya="3" hai0="76,68,32,109,66,89,67,20,123,117,18,102,39" hai1="23,127,11,91,85,135,52,29,119,99,80,44,132" hai2="13,3,62,86,118,100,105,106,129,27,38,101,74" hai3="92,84,90,5,71,2,104,42,40,82,34,36,87"/><W28/><G71/><T111/><D117/><U0/><E127/><V61/><F3/><W54/><G104/><T116/><D116/><U43/><E119/><V107/><F38/><W50/><G34/><T95/><D123/><U131/><E131/><V17/><F74/><W37/><G2/><T57/><D39/><U51/><E99/><V103/><F27/><W93/><G37/><T97/><D32/><U75/><E75/><V21/><F129/><W134/><G134/><N who="1" m="51242" /><E23/><V81/><REACH who="2" step="1"/><F118/><REACH who="2" ten="128,424,174,254" step="2"/><W77/><G36/><T56/><D76/><AGARI ba="1,2" hai="13,17,21,61,62,76,81,86,100,101,103,105,106,107" machi="76" ten="50,6400,0" yaku="1,1,2,1,52,1,53,0" doraHai="83" doraHaiUra="70" who="2" fromWho="0" sc="128,-67,424,0,174,87,254,0" owari="61,-43.9,424,52.4,261,6.1,254,-14.6" /></mjloggm>