<mjloggm ver="2.3"><GO type="225" lobby="0"/><UN n0="%E3%83%8F%E3%82%AC%E3%82%BF%E3%82%AB%E3%81%AE%E3%81%88%E3%81%98%E3%81%8D" n1="%E3%81%BE%E3%81%A8%E3%81%9F" n2="%E3%81%AF%E3%82%88%E3%81%8A%E3%81%98%E3%81%95%E3%82%93" n3="%E3%83%A9%E3%83%96%E3%83%AC%E3%83%BC" dan="16,16,16,18" rate="2127.26,2142.58,2178.72,2256.18" sx="M,M,M,M"/><TAIKYOKU oya="0"/><INIT seed="0,0,0,4,3,106" ten="250,250,250,250" oya="0" hai0="32,67,120,18,123,100,128,46,113,116,5,49,25" hai1="12,88,51,73,7,76,90,92,129,30,45,47,15" hai2="75,121,57,9,28,2,38,114,66,68,104,108,62" hai3="23,103,27,119,130,10,98,8,112,91,111,74,60"/><T20/><D113/><U13/><E129/><V117/><RYUUKYOKU type="yao9" ba="0,0" sc="250,0,250,0,250,0,250,0" hai2="2,9,28,38,57,62,66,68,75,104,108,114,117,121" /><INIT seed="0,1,0,5,1,4" ten="250,250,250,250" oya="0" hai0="115,87,74,16,43,8,7,83,103,120,52,57,111" hai1="58,56,110,114,62,78,10,51,23,93,82,104,33" hai2="9,5,31,102,88,108,80,66,59,61,133,118,27" hai3="50,36,25,106,45,63,48,12,91,34,60,20,29"/><T132/><D115/><U84/><E104/><V67/><F108/><W6/><G106/><T113/><D113/><U65/><E33/><V22/><F133/><W85/><G36/><T2/><D120/><U112/><E110/><V75/><F118/><W72/><G72/><T122/><D122/><U24/><E93/><V105/><F105/><W92/><G50/><T39/><D111/><U101/><E101/><V40/><F40/><W47/><G47/><T64/><D64/><U68/><E68/><V35/><F102/><W116/><G116/><T13/><D103/><U55/><REACH who="1" step="1"/><E10/><REACH who="1" ten="250,240,250,250" step="2"/><V71/><F35/><W95/><G92/><T89/><D132/><U1/><E1/><V76/><F71/><W94/><G95/><T42/><D39/><U119/><E119/><V77/><F67/><W130/><G130/><T81/><D81/><U32/><E32/><V11/><F11/><N who="3" m="4215" /><G34/><T53/><D74/><U73/><E73/><V30/><F75/><W18/><G29/><AGARI ba="1,1" hai="23,24,29,51,55,56,58,62,65,78,82,84,112,114" machi="29" ten="40,1300,0" yaku="1,1,53,0" doraHai="4" doraHaiUra="134" who="1" fromWho="3" sc="250,0,240,26,250,0,250,-16" /><INIT seed="1,0,0,1,3,100" ten="250,266,250,234" oya="1" hai0="0,2,69,101,77,64,135,90,55,83,123,72,63" hai1="35,75,109,49,4,80,110,66,47,105,39,19,11" hai2="18,60,45,15,65,118,58,50,103,85,62,81,104" hai3="114,1,27,129,54,3,53,36,44,24,10,128,5"/><U17/><E35/><V102/><F118/><W61/><G114/><T52/><D135/><U95/><E66/><V92/><F92/><W130/><G3/><T134/><D134/><U113/><E113/><V71/><F104/><W20/><G27/><T115/><D115/><U79/><E95/><V33/><F33/><W124/><G61/><T34/><D34/><U37/><E37/><V57/><F71/><W94/><G124/><T89/><D101/><U7/><E7/><V88/><F58/><W126/><G126/><T111/><D111/><N who="1" m="42507" /><E105/><V78/><F78/><W96/><G44/><T9/><D123/><U13/><E39/><V86/><F86/><W56/><G56/><T99/><D99/><U132/><E132/><V108/><F62/><W21/><G21/><T16/><D0/><U46/><E46/><V59/><F59/><W107/><G36/><T125/><D125/><U106/><E106/><V68/><F68/><W76/><G76/><T42/><D42/><AGARI ba="0,0" hai="4,11,13,17,19,42,47,49,75,79,80" m="42507" machi="42" ten="30,2900,0" yaku="14,1,10,1" doraHai="100" who="1" fromWho="0" sc="250,-29,266,29,250,0,234,0" /><INIT seed="1,1,0,1,0,121" ten="221,295,250,234" oya="1" hai0="21,65,62,29,66,57,5,88,19,71,133,117,23" hai1="47,10,26,112,127,109,72,55,76,129,87,126,1" hai2="4,7,101,30,92,14,45,51,119,35,64,58,41" hai3="77,28,97,99,80,111,93,123,59,108,24,32,13"/><U114/><E72/><V86/><F119/><W0/><G123/><T78/><D117/><U102/><E102/><V131/><F131/><W12/><G0/><T130/><D130/><U96/><E96/><V91/><F35/><W122/><G122/><T116/><D116/><U37/><E26/><V3/><F3/><W8/><G59/><T104/><D104/><U105/><E105/><V39/><F30/><W94/><G99/><T56/><D78/><U60/><E129/><V82/><F39/><W27/><G27/><T98/><D5/><U70/><E87/><V61/><F14/><W74/><G94/><N who="0" m="56647" /><D71/><U95/><E95/><V52/><F101/><W6/><REACH who="3" step="1"/><G13/><REACH who="3" ten="221,295,250,224" step="2"/><T75/><D57/><U113/><E1/><V134/><F134/><W69/><G69/><T135/><D135/><U9/><E70/><V18/><F92/><W22/><G22/><T44/><D133/><U50/><E113/><V40/><F58/><W120/><G120/><T33/><D33/><U67/><E112/><V63/><F61/><W15/><G15/><T84/><D56/><U16/><E114/><V34/><F34/><W42/><G42/><T79/><D62/><U100/><E60/><V132/><F132/><W43/><G43/><N who="2" m="16457" /><F63/><W106/><G106/><T85/><D21/><U128/><E128/><V54/><F64/><W53/><G53/><T11/><D65/><U83/><E67/><V73/><F54/><W125/><G125/><T89/><D66/><U118/><E55/><V81/><F52/><W46/><G46/><T31/><D44/><U110/><E127/><V17/><F45/><RYUUKYOKU ba="1,1" sc="221,-10,295,-10,250,-10,224,30" hai3="6,8,12,24,28,32,74,77,80,93,97,108,111" /><INIT seed="2,2,1,4,0,0" ten="211,285,240,254" oya="2" hai0="18,20,80,114,58,67,131,95,49,96,60,82,110" hai1="119,7,102,55,45,44,54,57,92,29,111,35,74" hai2="84,85,30,24,134,34,48,40,87,9,33,116,17" hai3="25,11,79,56,39,10,4,106,121,83,2,98,31"/><V1/><F116/><W14/><G121/><T108/><D114/><U105/><E105/><V68/><F68/><W27/><G39/><T78/><D131/><U70/><E70/><V93/><F134/><W77/><G56/><T90/><D78/><U129/><E119/><V99/><F33/><W21/><G27/><T81/><REACH who="0" step="1"/><D49/><REACH who="0" ten="201,285,240,254" step="2"/><U52/><E129/><V97/><F48/><W124/><G79/><T73/><D73/><U101/><E74/><V62/><F40/><W76/><G77/><T89/><D89/><U36/><E36/><V66/><F93/><W100/><G124/><T112/><D112/><U5/><E92/><V16/><F62/><W88/><G88/><T72/><D72/><U125/><E125/><V126/><F126/><W22/><G76/><T41/><D41/><U91/><E91/><V69/><F66/><W38/><G38/><T120/><D120/><U3/><E102/><V135/><F135/><W28/><G83/><T122/><D122/><U75/><E101/><V64/><F64/><W12/><G100/><T71/><D71/><U123/><E75/><V51/><F51/><W115/><G115/><T103/><D103/><U15/><E123/><V117/><F69/><W59/><G106/><T63/><D63/><U50/><E44/><V118/><F118/><W23/><G59/><T53/><D53/><U13/><E55/><V113/><F117/><W47/><G47/><T130/><D130/><U42/><E42/><V127/><F127/><W46/><G46/><T109/><D109/><U128/><E111/><V65/><F113/><W61/><G61/><RYUUKYOKU ba="2,2" sc="201,30,285,-10,240,-10,254,-10" hai0="18,20,58,60,67,80,81,82,90,95,96,108,110" /><INIT seed="3,3,2,4,3,27" ten="231,275,230,244" oya="3" hai0="57,5,120,30,52,3,60,10,83,9,26,7,76" hai1="33,97,55,46,110,25,21,131,44,62,88,124,34" hai2="12,91,92,77,17,114,70,36,80,6,126,81,37" hai3="73,45,118,67,2,20,86,106,69,79,105,59,127"/><W109/><G118/><T132/><D132/><U41/><E110/><V134/><F114/><W87/><G69/><T50/><D120/><U58/><E131/><V75/><F70/><W19/><G2/><T84/><D60/><U47/><E124/><V42/><F126/><W85/><G127/><T116/><D116/><U66/><E66/><V22/><F134/><W111/><G45/><T135/><D135/><U89/><E89/><V49/><F81/><N who="3" m="45295" /><G59/><T24/><D30/><U117/><E117/><V39/><F6/><W115/><G67/><T16/><D16/><N who="1" m="12455" /><E41/><V129/><F129/><W90/><G115/><T31/><D31/><U35/><E35/><V74/><F75/><W61/><G19/><T11/><D11/><U98/><E98/><V48/><REACH who="2" step="1"/><F42/><REACH who="2" ten="231,275,220,244" step="2"/><W112/><G112/><T119/><D119/><U56/><E33/><V43/><F43/><W71/><G111/><T32/><D32/><U93/><E34/><V68/><F68/><W72/><G72/><T0/><AGARI ba="3,3" hai="0,3,5,7,9,10,24,26,50,52,57,76,83,84" machi="0" ten="20,5200,0" yaku="0,1,7,1,9,1,54,1" doraHai="27" who="0" fromWho="0" sc="231,91,275,-16,220,-16,244,-29" owari="322,42.2,259,5.9,204,-29.6,215,-18.5" /></mjloggm>