<mjloggm ver="2.3"><GO type="225" lobby="0"/><UN n0="%72%69%6F%75%63%68%61%6E" n1="%E6%97%A5%E6%9B%9C%E6%97%A5%E3%82%88%E3%82%8A%E3%81%AE%E4%BD%BF%E8%80%85" n2="%72%61%6B%33" n3="%E3%83%97%E3%83%AC%E3%83%B4%E3%82%A1%E3%83%86%E3%82%A3" dan="17,17,17,16" rate="2276.33,2117.56,2154.00,2110.07" sx="M,M,M,F"/><TAIKYOKU oya="0"/><INIT seed="0,0,0,3,0,2" ten="250,250,250,250" oya="0" hai0="89,33,1,122,23,55,49,62,129,57,39,93,4" hai1="119,125,74,54,108,94,48,30,85,123,83,60,0" hai2="24,6,42,79,66,41,44,65,10,64,112,101,32" hai3="75,90,31,127,76,27,133,128,11,34,95,9,38"/><T116/><D116/><U88/><E119/><V72/><F112/><W135/><G38/><T81/><D122/><U92/><E123/><V14/><F101/><W16/><G75/><T70/><D129/><U124/><E0/><V87/><F72/><W98/><G76/><T20/><D33/><U117/><E117/><V21/><F32/><W46/><G46/><T68/><D39/><U28/><E60/><V67/><N who="2" m="16384" /><DORA hai="113" /><V104/><F104/><W15/><G128/><T109/><D81/><U35/><E108/><V58/><F58/><W37/><G37/><T40/><D109/><U77/><E94/><V18/><F44/><W134/><G127/><N who="1" m="48714" /><E35/><V51/><F51/><W103/><REACH who="3" step="1"/><G11/><REACH who="3" ten="250,250,250,240" step="2"/><T59/><D70/><U73/><E73/><V36/><F36/><W118/><G118/><T26/><D68/><U45/><AGARI ba="0,1" hai="28,30,45,48,54,74,77,83,85,88,92" m="48714" machi="45" ten="30,2000,0" yaku="18,1,54,1" doraHai="2,113" who="1" fromWho="1" sc="250,-10,250,30,250,-5,240,-5" /><INIT seed="1,0,0,1,0,53" ten="240,280,245,235" oya="1" hai0="59,46,4,128,101,68,112,14,42,109,56,15,1" hai1="43,123,88,11,51,63,50,92,132,104,44,48,60" hai2="124,97,65,27,31,81,107,47,82,106,7,18,29" hai3="54,90,80,91,135,114,25,8,34,66,3,127,134"/><U13/><E123/><V6/><F47/><W36/><G114/><T110/><D128/><U75/><E104/><V67/><F97/><W61/><G36/><T16/><D112/><U86/><E75/><V57/><F27/><W26/><G127/><T76/><D68/><U113/><E113/><V71/><F18/><W130/><G54/><T35/><D35/><U62/><REACH who="1" step="1"/><E132/><REACH who="1" ten="240,270,245,235" step="2"/><N who="3" m="50730" /><G130/><T52/><D110/><U105/><E105/><V117/><F124/><W21/><G34/><T30/><D109/><U129/><E129/><V37/><F107/><W85/><G90/><T79/><D101/><U77/><E77/><V5/><F106/><W84/><G84/><T0/><D79/><U78/><E78/><V120/><F120/><W96/><G96/><T108/><D76/><U69/><E69/><V121/><F71/><N who="3" m="42447" /><G21/><T103/><D103/><U100/><E100/><V122/><F121/><W33/><G33/><T12/><D108/><U95/><E95/><V118/><F122/><W19/><G19/><AGARI ba="0,1" hai="11,13,19,43,44,48,50,51,60,62,63,86,88,92" machi="19" ten="40,7700,0" yaku="1,1,8,1,54,1,53,0" doraHai="53" doraHaiUra="73" who="1" fromWho="3" sc="240,0,270,87,245,0,235,-77" /><INIT seed="1,1,0,5,5,45" ten="240,357,245,158" oya="1" hai0="79,28,118,16,62,26,130,117,88,54,89,34,77" hai1="40,61,121,106,85,9,120,52,69,78,46,84,108" hai2="92,36,51,72,23,48,93,96,122,12,56,39,25" hai3="27,49,127,60,64,13,73,76,101,135,86,125,50"/><U2/><E106/><V0/><F0/><W32/><G73/><T15/><D130/><U91/><E78/><V38/><F72/><W111/><G101/><T82/><D77/><U41/><E108/><V1/><F1/><W110/><G13/><T124/><D124/><N who="3" m="47689" /><G135/><T112/><D112/><U30/><E30/><V105/><F122/><W107/><G107/><T44/><D118/><U20/><E20/><V71/><F71/><N who="3" m="42375" /><G32/><T133/><D133/><U83/><E2/><V53/><F12/><W47/><G47/><T10/><D117/><U63/><E46/><V11/><F11/><W113/><G113/><T35/><D35/><U7/><E9/><V132/><F132/><W116/><G116/><T80/><D80/><U109/><E83/><V17/><F105/><W123/><G123/><T55/><D44/><U58/><E121/><V31/><F31/><W4/><G4/><T33/><D33/><U21/><E7/><V126/><F126/><W75/><G75/><T102/><D102/><U18/><E120/><V3/><F3/><W97/><G97/><T68/><D79/><U6/><E6/><V57/><F96/><W74/><G74/><T114/><D114/><U67/><E85/><V37/><F36/><W128/><G128/><T42/><D42/><U24/><E109/><N who="3" m="41482" /><G27/><T8/><D8/><U115/><E115/><V65/><F65/><W22/><G22/><T87/><REACH who="0" step="1"/><D89/><REACH who="0" ten="230,357,245,158" step="2"/><U129/><E129/><V81/><F81/><AGARI ba="1,1" hai="49,50,76,81,86" m="41482,42375,47689" machi="81" ten="30,7700,0" yaku="18,1,14,1,52,2" doraHai="45" who="3" fromWho="2" sc="230,0,357,0,245,-80,158,90" /><INIT seed="2,0,0,5,3,6" ten="230,357,165,248" oya="2" hai0="78,127,113,79,102,58,84,123,38,68,129,13,19" hai1="54,40,53,15,130,124,52,94,51,47,86,82,3" hai2="116,61,95,60,85,81,24,28,37,118,90,133,9" hai3="27,32,41,56,76,57,125,110,75,105,108,120,93"/><V126/><F37/><W17/><G105/><T71/><D123/><U66/><E3/><V1/><F126/><W73/><G120/><T109/><D113/><U87/><E124/><V31/><F133/><W64/><G125/><T96/><D127/><U77/><E130/><V30/><F24/><W23/><G32/><T83/><D38/><U103/><E66/><V72/><F72/><W50/><G76/><T5/><D129/><U20/><E103/><V2/><F81/><W107/><G107/><T12/><D109/><N who="3" m="42089" /><G93/><T44/><D44/><U80/><E94/><V69/><F69/><W11/><G64/><T43/><D43/><U49/><E20/><V65/><F1/><W135/><G135/><T74/><D5/><U21/><E21/><V10/><F2/><W25/><G25/><T39/><D39/><U88/><E15/><V91/><F91/><W18/><G41/><T4/><D4/><U100/><E100/><V131/><F131/><W122/><G122/><T33/><D33/><U14/><E14/><V101/><F101/><W134/><G134/><T121/><D12/><U42/><E42/><V35/><F35/><W67/><G67/><T89/><D121/><U104/><E104/><V111/><F111/><W92/><G92/><N who="0" m="54311" /><D78/><U45/><AGARI ba="0,0" hai="40,45,47,49,51,52,53,54,77,80,82,86,87,88" machi="45" ten="20,8000,1" yaku="0,1,7,1,8,1,54,2" doraHai="6" who="1" fromWho="1" sc="230,-20,357,80,165,-40,248,-20" /><INIT seed="3,0,0,5,5,59" ten="210,437,125,228" oya="3" hai0="18,115,45,127,22,117,73,86,15,61,116,126,5" hai1="6,90,4,49,83,103,112,104,12,27,89,35,114" hai2="42,132,64,30,46,19,118,47,11,129,92,85,81" hai3="121,130,0,3,97,68,134,107,17,120,62,131,82"/><W79/><G17/><T29/><D73/><U10/><E4/><V72/><F72/><N who="3" m="43367" /><G134/><T58/><D115/><U13/><E13/><V34/><F34/><W94/><BYE who="2" /><G94/><UN n2="%72%61%6B%33" /><T125/><D86/><U36/><E36/><V119/><F118/><N who="0" m="45674" /><D45/><U32/><E32/><V133/><F119/><W66/><G97/><T91/><D91/><U96/><E89/><V80/><F80/><W40/><G40/><T1/><D29/><U50/><E90/><V95/><F95/><W71/><BYE who="2" /><G107/><T99/><D99/><U38/><E83/><V74/><F74/><W39/><G39/><T77/><D77/><U108/><E38/><V111/><F111/><W31/><G31/><T57/><D61/><U65/><E108/><V113/><F113/><W24/><G24/><T37/><D37/><U9/><E27/><V28/><F28/><W44/><G44/><T110/><D110/><U67/><E12/><V48/><F48/><W14/><G14/><T25/><D1/><N who="3" m="585" /><G71/><T102/><D102/><U33/><E103/><V109/><F109/><W52/><G52/><T106/><D106/><U41/><E104/><V26/><F26/><W76/><G76/><T101/><D101/><U100/><E100/><V53/><F53/><W128/><AGARI ba="0,0" hai="62,66,68,120,121,128,130,131" m="585,43367" machi="128" ten="40,7800,0" yaku="19,1,23,1,52,1" doraHai="59" who="3" fromWho="3" sc="210,-26,437,-26,125,-26,228,78" /><INIT seed="3,1,0,1,3,76" ten="184,411,99,306" oya="3" hai0="78,16,35,45,68,54,129,44,103,27,70,107,124" hai1="91,40,63,119,133,105,85,6,19,59,10,111,96" hai2="125,118,55,62,81,47,24,109,113,46,17,31,38" hai3="29,3,120,52,56,126,88,50,132,98,121,134,90"/><W100/><G3/><T93/><D107/><U77/><E40/><V75/><F75/><W7/><G7/><T5/><D129/><U43/><E43/><V127/><F127/><W22/><G126/><T67/><D124/><U9/><E77/><V12/><F12/><W4/><G4/><T25/><D5/><U115/><E63/><V74/><F74/><W122/><BYE who="1" /><G29/><UN n1="%E6%97%A5%E6%9B%9C%E6%97%A5%E3%82%88%E3%82%8A%E3%81%AE%E4%BD%BF%E8%80%85" /><T99/><D78/><U20/><E59/><V1/><F1/><W82/><G22/><N who="0" m="13511" /><D35/><U13/><E115/><V2/><F2/><W34/><G34/><T128/><D68/><U14/><E133/><N who="3" m="51306" /><G82/><T101/><D70/><U15/><E119/><V97/><F97/><W64/><G64/><T11/><D67/><U71/><E71/><V87/><F87/><W112/><G112/><T130/><D11/><U49/><E10/><V23/><F23/><W61/><G61/><T18/><D54/><U116/><E9/><V36/><F36/><W92/><AGARI ba="1,0" hai="50,52,56,88,90,92,98,100,120,121,122" m="51306" machi="92" ten="40,7800,0" yaku="20,1,54,2" doraHai="76" who="3" fromWho="3" sc="184,-27,411,-27,99,-27,306,81" owari="157,-24.3,384,18.4,72,-42.8,387,48.7" /></mjloggm>