<mjloggm ver="2.3"><GO type="225" lobby="0"/><UN n0="%E6%81%A5%E6%99%92%E3%81%97" n1="%E4%BF%BA%E3%81%A8%E5%A6%96%E5%A4%A2" n2="%77%72%77%72%77%72%77%72" n3="%E3%81%8B%E3%82%8F%E3%81%A1%E3%82%83%E3%82%93%35%38" dan="16,17,17,17" rate="2143.11,2213.68,2253.90,2194.35" sx="M,F,M,M"/><TAIKYOKU oya="0"/><INIT seed="0,0,0,4,1,5" ten="250,250,250,250" oya="0" hai0="120,118,77,25,67,78,74,130,123,83,101,65,112" hai1="62,57,14,18,64,76,16,103,95,2,124,41,102" hai2="46,39,35,38,11,132,45,135,58,22,3,36,19" hai3="109,10,131,107,28,13,52,40,49,72,94,27,47"/><T100/><D118/><U66/><E124/><V34/><F58/><W89/><G109/><T116/><D116/><U122/><E122/><N who="0" m="46633" /><D25/><U68/><E2/><V44/><F3/><W133/><G133/><N who="2" m="51273" /><F22/><W54/><G72/><T98/><D112/><U91/><E76/><N who="0" m="29289" /><D74/><U9/><E41/><V80/><F80/><W134/><G107/><T111/><D111/><U42/><E42/><V43/><F43/><W96/><G131/><T4/><D4/><U69/><E69/><V15/><AGARI ba="0,0" hai="11,15,19,34,35,36,38,39,44,45,46" m="51273" machi="15" ten="40,2700,0" yaku="20,1,52,1" doraHai="5" who="2" fromWho="2" sc="250,-13,250,-7,250,27,250,-7" /><INIT seed="1,0,0,4,1,91" ten="237,243,277,243" oya="1" hai0="112,89,32,46,56,76,79,115,134,45,98,96,19" hai1="71,52,21,135,80,93,18,26,70,73,31,53,27" hai2="50,116,65,133,68,120,34,126,111,15,63,37,22" hai3="16,92,25,84,127,4,8,114,55,43,29,94,125"/><U72/><E135/><V2/><RYUUKYOKU type="yao9" ba="0,0" sc="237,0,243,0,277,0,243,0" hai2="2,15,22,34,37,50,63,65,68,111,116,120,126,133" /><INIT seed="1,1,0,0,5,70" ten="237,243,277,243" oya="1" hai0="5,112,59,93,106,116,36,60,33,12,2,85,7" hai1="49,39,47,108,105,16,126,3,35,64,128,15,110" hai2="98,53,107,17,95,52,10,54,134,34,82,19,99" hai3="74,1,133,83,41,18,120,121,22,102,88,113,131"/><U92/><E105/><V40/><F34/><W21/><G113/><T86/><D112/><U100/><E3/><V72/><F134/><W25/><G1/><T50/><D116/><U11/><E35/><V13/><F40/><W127/><G133/><T71/><D106/><U55/><E128/><V58/><F107/><W119/><G131/><T65/><D33/><U130/><E130/><V81/><F72/><W115/><G115/><T68/><D2/><U84/><E126/><V37/><F37/><W62/><G102/><T124/><D124/><U57/><E64/><V8/><F58/><W69/><G127/><T132/><D132/><U103/><E84/><V89/><F99/><W43/><G119/><T26/><D36/><U56/><E92/><V30/><F30/><W9/><G9/><T48/><D26/><U111/><E57/><V94/><F94/><W96/><G22/><T51/><D12/><AGARI ba="1,0" hai="8,10,12,13,17,19,52,53,54,81,82,89,95,98" machi="12" ten="40,5200,0" yaku="9,1,8,1,54,1" doraHai="70" who="2" fromWho="0" sc="237,-55,243,0,277,55,243,0" /><INIT seed="2,0,0,2,1,121" ten="182,243,332,243" oya="2" hai0="11,28,79,57,70,105,97,49,19,42,80,32,91" hai1="4,87,76,24,102,78,122,112,22,124,15,38,16" hai2="69,116,13,7,66,106,8,109,131,113,1,67,64" hai3="72,39,82,90,52,23,94,127,5,46,89,12,73"/><V45/><F113/><W33/><G33/><T2/><D70/><U84/><E112/><V71/><F116/><W10/><G127/><T58/><D32/><U25/><E38/><V88/><F106/><W117/><G117/><T44/><D28/><U98/><E124/><V100/><F100/><W95/><G39/><T96/><D105/><U60/><E122/><V59/><F45/><W54/><G82/><T51/><D2/><U6/><E60/><V74/><F74/><W35/><G35/><T101/><D101/><U111/><E111/><V108/><F131/><W48/><G54/><T99/><D91/><U3/><E3/><V110/><F59/><W114/><G114/><T133/><D133/><U40/><E40/><V55/><F55/><W92/><G23/><T119/><D119/><U62/><E62/><V68/><F88/><W103/><G103/><T61/><D61/><U104/><E84/><V134/><F1/><W129/><G129/><T118/><D118/><U65/><E65/><V14/><F14/><W0/><G0/><T56/><D51/><U31/><E25/><V126/><F126/><W123/><G123/><T128/><D128/><U9/><REACH who="1" step="1"/><E76/><REACH who="1" ten="182,233,332,243" step="2"/><V41/><F41/><W132/><G132/><AGARI ba="0,1" hai="7,8,13,64,66,67,68,69,71,108,109,110,132,134" machi="132" ten="60,18000,2" yaku="29,2,14,1,10,1,52,3" doraHai="121" who="2" fromWho="3" sc="182,0,233,0,332,190,243,-180" /><INIT seed="2,1,0,0,1,10" ten="182,233,522,63" oya="2" hai0="74,51,6,35,48,28,1,36,135,0,20,24,53" hai1="121,133,88,83,13,117,60,32,66,61,115,78,118" hai2="98,94,76,40,31,39,22,91,73,131,70,69,124" hai3="85,67,49,72,104,79,116,102,105,77,108,123,92"/><V90/><F131/><W101/><G49/><T89/><D36/><U99/><E32/><V87/><F124/><W95/><G67/><T30/><D74/><U127/><E115/><V114/><F114/><W29/><G29/><T56/><D135/><U65/><E133/><V14/><F76/><N who="3" m="29259" /><G123/><T3/><D6/><U47/><E127/><V68/><F73/><W100/><G116/><T23/><D89/><U46/><E121/><V41/><F39/><W21/><G21/><T103/><D103/><N who="3" m="39497" /><G108/><T62/><REACH who="0" step="1"/><D35/><REACH who="0" ten="172,233,522,63" step="2"/><U2/><E78/><V9/><F68/><W11/><G72/><T26/><AGARI ba="1,1" hai="0,1,3,20,23,24,26,28,30,48,51,53,56,62" machi="26" ten="40,8000,1" yaku="1,1,2,1,0,1,9,1,53,0" doraHai="10" doraHaiUra="84" who="0" fromWho="0" sc="172,93,233,-21,522,-41,63,-21" /><INIT seed="3,0,0,3,1,134" ten="265,212,481,42" oya="3" hai0="11,89,128,1,104,5,41,45,91,2,59,60,39" hai1="88,100,30,13,73,40,7,26,107,61,63,131,83" hai2="92,111,121,21,57,48,99,135,115,50,94,85,129" hai3="117,53,130,16,124,15,69,113,71,4,24,36,42"/><W126/><G113/><T103/><D128/><U34/><E131/><V109/><F129/><W82/><G130/><T38/><D38/><U64/><E40/><V33/><F33/><W35/><G117/><T12/><D1/><U49/><E49/><V18/><F115/><W23/><G42/><T116/><D116/><U108/><E108/><N who="2" m="41547" /><F135/><W58/><G36/><T75/><D75/><U37/><E61/><V9/><F9/><W66/><G66/><T87/><D87/><U120/><E37/><V19/><F19/><W132/><G132/><T110/><D110/><U0/><E0/><V72/><F72/><W81/><G69/><T54/><D12/><U95/><E13/><V55/><F85/><W127/><G71/><T86/><D86/><U79/><E7/><V93/><F121/><W96/><G96/><T29/><D29/><U27/><E27/><N who="2" m="14775" /><F48/><N who="3" m="31015" /><G35/><T52/><D54/><U6/><E6/><V76/><F76/><W77/><G77/><T20/><D20/><U51/><E51/><V78/><F78/><W98/><G98/><AGARI ba="0,0" hai="50,55,57,92,93,94,98,99" m="14775,41547" machi="98" ten="30,1000,0" yaku="14,1" doraHai="134" who="2" fromWho="3" sc="265,0,212,0,481,10,42,-10" owari="265,6.5,212,-18.8,491,59.1,32,-46.8" /></mjloggm>