<mjloggm ver="2.3"><GO type="225" lobby="0"/><UN n0="%45%6C%79%73%69%75%6D" n1="%E5%AE%AE%E4%BF%9D%E9%B6%8F%E8%82%89" n2="%E3%81%95%E3%81%8D%E3%81%9F%E3%81%BE%E6%9E%97%E6%AA%8E" n3="%E9%B3%B3%E6%9D%B1%E3%81%AE%E3%81%86%E3%81%95%E3%81%8E%E3%81%95%E3%82%93" dan="18,16,16,16" rate="2152.00,2098.58,2153.30,2148.69" sx="F,M,M,M"/><TAIKYOKU oya="0"/><INIT seed="0,0,0,5,2,4" ten="250,250,250,250" oya="0" hai0="132,55,46,72,40,54,115,22,24,36,15,88,38" hai1="10,12,104,27,30,125,113,47,97,20,37,82,124" hai2="53,96,130,0,87,95,14,32,19,107,3,13,106" hai3="129,118,21,2,35,121,66,86,109,81,77,69,123"/><T79/><D115/><U41/><E113/><V39/><F32/><W17/><G118/><T73/><D38/><U52/><E82/><V11/><F39/><W25/><G109/><T9/><D132/><U49/><E104/><V5/><F130/><W85/><G129/><T84/><D73/><U75/><E97/><V23/><F87/><W116/><G116/><T78/><D72/><U126/><E75/><V67/><F67/><W61/><G2/><T45/><D55/><U8/><E12/><V103/><F53/><W68/><G68/><T127/><D127/><U110/><E110/><V122/><F122/><W131/><G131/><T119/><D119/><U93/><E93/><V128/><F128/><W56/><G35/><T83/><D46/><AGARI ba="0,0" hai="8,10,20,27,30,37,41,46,47,49,52,124,125,126" machi="46" ten="40,8000,1" yaku="18,1,52,2,54,1" doraHai="4" who="1" fromWho="0" sc="250,-80,250,80,250,0,250,0" /><INIT seed="1,0,0,5,3,109" ten="170,330,250,250" oya="1" hai0="13,78,7,117,29,81,131,20,96,83,15,6,42" hai1="43,23,34,39,0,100,113,1,22,128,112,27,107" hai2="10,48,123,95,82,55,89,37,11,132,98,59,77" hai3="61,124,85,134,130,44,71,8,5,53,4,14,47"/><U25/><E107/><V125/><F125/><W127/><G130/><T54/><D131/><U18/><E100/><V94/><F132/><W65/><G134/><T135/><D135/><U73/><E128/><V36/><F123/><W52/><G4/><T108/><D108/><U64/><E73/><V58/><F37/><W116/><G116/><T50/><D117/><U17/><E64/><V40/><F95/><W93/><G44/><T91/><D42/><U32/><E43/><V62/><F36/><AGARI ba="0,0" hai="0,1,17,18,22,23,25,27,32,34,36,39,112,113" machi="36" ten="25,9600,0" yaku="22,2,52,2" doraHai="109" who="1" fromWho="2" sc="170,0,330,96,250,-96,250,0" /><INIT seed="1,1,0,5,2,120" ten="170,426,154,250" oya="1" hai0="108,99,102,72,37,129,48,77,0,75,91,44,39" hai1="127,9,78,6,109,8,111,30,64,115,67,81,27" hai2="56,60,17,135,70,131,89,5,47,110,54,68,73" hai3="53,94,10,19,90,119,117,13,25,118,103,32,23"/><U57/><E115/><V124/><F110/><N who="1" m="41993" /><E127/><V66/><F73/><W80/><G53/><T128/><D0/><N who="1" m="71" /><E9/><V101/><F5/><W134/><G134/><T126/><D126/><U7/><E7/><V31/><F31/><W16/><G32/><T76/><D91/><U62/><E67/><V69/><F101/><W84/><REACH who="3" step="1"/><G103/><REACH who="3" ten="170,426,154,240" step="2"/><T105/><D108/><U41/><E41/><V132/><F54/><W33/><G33/><T21/><D102/><U74/><E30/><V85/><F135/><W79/><G79/><T59/><D77/><U29/><E29/><V38/><F132/><W28/><G28/><T4/><D76/><U65/><E65/><V106/><F66/><W86/><G86/><T114/><D75/><U24/><AGARI ba="1,1" hai="24,27,57,62,64,74,78,81" m="71,41993" machi="24" ten="30,12000,1" yaku="14,1,10,1,52,3" doraHai="120" who="1" fromWho="1" sc="170,-41,426,133,154,-41,240,-41" /><INIT seed="1,2,0,5,1,118" ten="129,559,113,199" oya="1" hai0="14,76,119,15,16,36,63,12,129,21,79,130,77" hai1="100,19,55,2,4,104,105,23,96,57,99,92,1" hai2="103,18,22,117,127,111,121,54,68,107,112,101,84" hai3="8,30,102,44,9,62,91,11,82,75,37,135,41"/><U39/><E39/><V61/><F111/><W26/><G135/><T64/><D36/><U98/><E104/><V69/><F117/><W24/><G102/><T80/><D80/><U125/><E125/><V3/><F121/><W50/><G62/><T7/><D119/><U120/><E120/><V52/><F3/><W73/><G37/><T17/><D7/><U124/><E124/><V58/><F127/><W45/><G45/><T65/><D63/><U134/><E134/><V106/><F112/><W31/><G91/><T95/><D95/><U6/><E1/><V123/><F123/><W97/><G97/><T0/><D0/><U78/><E78/><V116/><F116/><W56/><G56/><T25/><REACH who="0" step="1"/><D17/><REACH who="0" ten="119,559,113,199" step="2"/><U109/><E2/><V32/><F107/><W126/><G82/><T67/><AGARI ba="2,1" hai="12,14,15,16,21,25,64,65,67,76,77,79,129,130" machi="67" ten="40,12000,2" yaku="1,1,2,1,0,1,29,2,54,1,53,0" doraHai="118" doraHaiUra="87" who="0" fromWho="0" sc="119,136,559,-62,113,-32,199,-32" /><INIT seed="2,0,0,0,2,12" ten="255,497,81,167" oya="2" hai0="98,51,2,21,89,100,58,131,125,23,80,53,133" hai1="85,90,111,109,41,102,42,97,39,57,27,32,17" hai2="37,107,36,106,127,103,3,24,91,65,35,44,84" hai3="93,22,94,104,83,69,99,64,130,73,134,74,116"/><V87/><F3/><W79/><G69/><T82/><D2/><U76/><E76/><V70/><F127/><W20/><G64/><T7/><D7/><U50/><E39/><V78/><F78/><W92/><G116/><T88/><D133/><U43/><E32/><V81/><F65/><W59/><G59/><T25/><D21/><N who="1" m="13743" /><E57/><V9/><F70/><W38/><G38/><T132/><D131/><U124/><E124/><V67/><F67/><W61/><G61/><T5/><D5/><U34/><E34/><V55/><F9/><W52/><G52/><T31/><D80/><N who="1" m="49447" /><E50/><N who="2" m="29127" /><F107/><W49/><G104/><T101/><D132/><U118/><E118/><V16/><F35/><W26/><G74/><T68/><D68/><U66/><E66/><V120/><F120/><W19/><G134/><T114/><D125/><U48/><E48/><V15/><F24/><W11/><G49/><T40/><D114/><U29/><E29/><V18/><F37/><W110/><G130/><T54/><D51/><U56/><E56/><V13/><F36/><W115/><G115/><T126/><D58/><U112/><E112/><V62/><F62/><W72/><G72/><T128/><D128/><U121/><E121/><V46/><F46/><W14/><G73/><T30/><D126/><U45/><E45/><V95/><F106/><W122/><G122/><T119/><D54/><U75/><E75/><V86/><F103/><W6/><G79/><T71/><D53/><U8/><E8/><N who="2" m="6183" /><F81/><W113/><G26/><T1/><D25/><U28/><E28/><N who="0" m="10793" /><D71/><U33/><E33/><V108/><F108/><RYUUKYOKU ba="0,0" sc="255,-15,497,15,81,15,167,-15" hai1="41,42,43,97,102,109,111" hai2="15,18,84,86,87,91,95" /><INIT seed="2,1,0,4,5,135" ten="240,512,96,152" oya="2" hai0="25,74,123,29,101,130,59,81,26,12,83,55,119" hai1="23,73,95,88,40,66,38,90,94,86,75,43,97" hai2="98,35,82,34,89,114,67,5,2,125,108,48,78" hai3="69,61,45,109,85,113,27,92,96,72,16,71,49"/><V33/><F114/><W57/><G72/><T111/><D123/><U133/><E133/><V107/><F67/><W68/><G113/><T51/><D130/><U115/><E115/><V110/><F48/><W116/><G116/><T7/><D101/><U20/><E66/><V105/><F2/><W56/><G85/><T10/><D111/><N who="2" m="42538" /><F5/><W53/><G109/><T104/><D104/><U103/><E103/><V4/><F4/><W18/><G27/><T46/><D119/><U31/><E31/><V84/><F125/><W87/><G87/><T93/><D74/><U120/><E120/><V70/><F70/><W24/><G24/><T122/><D26/><U36/><E86/><N who="2" m="48471" /><F98/><AGARI ba="1,0" hai="20,23,36,38,40,43,73,75,88,90,94,95,97,98" machi="98" ten="25,3200,0" yaku="22,2,54,1" doraHai="135" who="1" fromWho="2" sc="240,0,512,35,96,-35,152,0" /><INIT seed="3,0,0,4,2,91" ten="240,547,61,152" oya="3" hai0="92,125,24,31,127,114,117,122,70,38,69,63,116" hai1="15,60,94,112,115,14,126,64,6,76,44,118,90" hai2="102,74,29,5,93,19,131,108,132,17,110,3,0" hai3="23,75,8,12,99,106,87,26,130,47,37,20,9"/><W100/><G75/><T83/><D38/><U133/><E76/><V96/><F74/><W45/><G130/><T41/><D41/><U81/><E81/><V98/><F132/><W80/><G37/><T2/><D2/><U107/><E107/><V113/><F113/><W48/><G26/><T1/><D1/><U51/><E126/><N who="0" m="48137" /><D114/><U95/><E95/><V22/><F131/><W77/><G47/><T88/><D83/><U119/><E133/><V43/><F43/><W71/><G71/><N who="0" m="27147" /><D63/><U129/><E129/><V46/><F46/><W18/><G8/><T42/><D42/><AGARI ba="0,0" hai="9,12,18,20,23,42,45,48,77,80,87,99,100,106" machi="42" ten="30,1500,0" yaku="7,1" doraHai="91" who="3" fromWho="0" sc="240,-15,547,0,61,0,152,15" /><INIT seed="3,1,0,5,1,41" ten="225,547,61,167" oya="3" hai0="39,105,74,113,126,22,131,118,104,6,101,95,67" hai1="63,25,21,17,94,24,133,10,129,66,29,77,81" hai2="99,73,47,111,69,3,33,5,116,37,112,2,30" hai3="13,102,60,135,38,75,4,0,55,1,110,96,15"/><W128/><G75/><T48/><D48/><U56/><E129/><V79/><F112/><W20/><G128/><T100/><D67/><U11/><E94/><V115/><F115/><W90/><G38/><T97/><D39/><U52/><E66/><V70/><F116/><W61/><G135/><T86/><D6/><U23/><E133/><V127/><F127/><W85/><G110/><T40/><D40/><U44/><E44/><V87/><F87/><AGARI ba="1,0" hai="10,11,17,21,23,24,25,29,52,56,63,77,81,87" machi="87" ten="30,3900,0" yaku="7,1,8,1,54,1" doraHai="41" who="1" fromWho="2" sc="225,0,547,42,61,-42,167,0" owari="225,2.5,589,68.9,19,-48.1,167,-23.3" /></mjloggm>