<mjloggm ver="2.3"><GO type="225" lobby="0"/><UN n0="%74%61%6B%75%61%6B%61" n1="%E3%81%9F%E3%81%A3%E3%81%A1%E3%82%87" n2="%E9%80%9F%E6%B0%B4%E5%87%9B%E9%A6%99" n3="%E3%83%A9%E3%83%96%E3%83%AC%E3%83%BC" dan="16,16,16,18" rate="2160.86,2072.87,2096.94,2278.02" sx="M,M,F,M"/><TAIKYOKU oya="0"/><INIT seed="0,0,0,3,2,72" ten="250,250,250,250" oya="0" hai0="129,19,66,22,12,132,8,76,114,0,26,57,59" hai1="112,27,39,80,84,134,4,75,71,125,120,7,53" hai2="95,102,58,64,99,108,87,81,101,55,51,63,86" hai3="98,104,94,25,133,110,49,48,40,106,20,13,68"/><T78/><D114/><U88/><E120/><V119/><F108/><W62/><G110/><T90/><D129/><U103/><E125/><V18/><F119/><W33/><G33/><T85/><D0/><U131/><E131/><V11/><F102/><W105/><G13/><T100/><D100/><U93/><E71/><V91/><F87/><W116/><G116/><T54/><D66/><U135/><E39/><V47/><F11/><W126/><G40/><T9/><D132/><N who="1" m="50731" /><E112/><V89/><F18/><W109/><G126/><T83/><D8/><U16/><E53/><V60/><F60/><W107/><G109/><T111/><D111/><U92/><E92/><V113/><F113/><W128/><G128/><T65/><D65/><U30/><E16/><V28/><F28/><W41/><G41/><T31/><D59/><U56/><E56/><V24/><F24/><W82/><G62/><AGARI ba="0,0" hai="9,12,19,22,26,31,54,57,62,76,78,83,85,90" machi="62" ten="30,11600,0" yaku="7,1,8,1,52,2" doraHai="72" who="0" fromWho="3" sc="250,116,250,0,250,0,250,-116" /><INIT seed="0,1,0,1,2,21" ten="366,250,250,134" oya="0" hai0="74,91,72,133,18,77,26,19,39,33,89,50,37" hai1="36,128,109,65,62,54,125,68,44,16,129,70,99" hai2="30,67,93,79,112,98,105,49,118,127,61,6,38" hai3="88,78,35,76,55,124,120,100,47,58,9,2,134"/><T45/><D133/><U110/><E99/><V123/><F38/><W42/><G134/><T97/><D97/><U132/><E16/><V43/><F123/><W102/><G35/><T83/><D72/><U5/><E5/><V11/><F112/><W48/><G120/><T53/><D18/><U135/><E125/><V90/><F127/><W126/><G124/><T82/><D91/><U87/><E87/><V131/><F105/><W85/><G126/><T12/><D83/><U106/><E106/><V114/><F114/><W3/><G3/><T117/><D117/><U115/><E115/><V23/><F118/><W94/><G2/><T64/><D64/><U113/><E113/><V20/><F131/><N who="1" m="50249" /><E68/><V15/><F79/><W0/><G0/><T75/><D75/><U24/><E24/><V84/><F84/><W57/><G57/><T69/><D89/><U41/><E54/><V81/><F81/><W46/><G9/><T14/><D69/><U1/><E1/><V13/><F13/><W34/><G34/><T73/><D73/><U40/><E40/><V92/><F92/><W52/><G55/><T59/><D12/><U17/><E17/><V107/><F107/><W122/><G122/><T71/><D71/><U32/><E32/><V29/><F29/><W111/><G111/><AGARI ba="1,0" hai="36,41,44,62,65,70,109,110,111,132,135" m="50249" machi="111" ten="30,8000,1" yaku="14,1,19,1,23,1,34,2" doraHai="21" who="1" fromWho="3" sc="366,0,250,83,250,0,134,-83" /><INIT seed="1,0,0,5,3,29" ten="366,333,250,51" oya="1" hai0="35,4,5,51,63,58,65,133,72,68,77,49,66" hai1="95,54,10,117,43,32,121,92,122,96,16,103,71" hai2="24,105,135,124,134,75,2,88,45,85,108,76,60" hai3="3,11,14,40,102,48,106,112,46,82,129,7,132"/><U67/><E117/><V0/><F2/><W30/><G112/><T53/><D133/><N who="2" m="50698" /><F0/><W9/><G129/><T93/><D35/><U37/><E32/><V27/><F105/><W62/><G132/><T20/><D66/><U81/><E81/><N who="2" m="45215" /><F108/><W41/><G30/><T83/><D93/><U13/><E92/><N who="2" m="54287" /><F124/><W94/><G106/><T110/><D110/><U113/><E113/><V61/><F45/><W100/><G94/><T70/><D70/><U90/><E95/><V98/><F98/><W8/><G41/><T57/><D20/><U123/><E96/><V99/><F99/><W19/><G11/><T47/><D68/><U118/><E71/><V87/><F87/><W86/><REACH who="3" step="1"/><G62/><AGARI ba="0,0" hai="24,27,60,61,62" m="54287,45215,50698" machi="62" ten="30,2000,0" yaku="20,1,54,1" doraHai="29" who="2" fromWho="3" sc="366,0,333,0,250,20,51,-20" /><INIT seed="2,0,0,0,2,62" ten="366,333,270,31" oya="2" hai0="127,75,133,81,67,101,135,131,74,47,70,80,126" hai1="23,94,46,122,21,106,5,31,37,19,13,14,61" hai2="85,77,68,132,66,34,104,117,89,52,97,107,115" hai3="130,56,22,7,73,54,18,63,128,86,27,82,116"/><V2/><F115/><W51/><G116/><T49/><D101/><U11/><E106/><V57/><F117/><W10/><G73/><N who="0" m="27659" /><D70/><U43/><E122/><V60/><F2/><W125/><G125/><N who="0" m="47627" /><D67/><U28/><E21/><V91/><F34/><W92/><G130/><T29/><D29/><U87/><REACH who="1" step="1"/><E61/><REACH who="1" ten="366,323,270,31" step="2"/><V25/><F132/><N who="0" m="50762" /><D131/><U84/><E84/><V6/><F107/><W3/><G128/><T9/><D9/><U16/><E16/><V44/><F104/><W71/><G71/><T134/><D134/><U114/><E114/><V98/><F6/><W120/><G120/><T95/><D95/><U58/><E58/><V123/><F123/><W12/><G92/><T76/><D76/><U124/><E124/><V118/><F118/><W42/><G63/><T8/><D8/><U41/><E41/><AGARI ba="0,1" hai="41,47,49,80,81" m="50762,47627,27659" machi="41" ten="40,2600,0" yaku="18,1,20,1" doraHai="62" who="0" fromWho="1" sc="366,36,323,-26,270,0,31,0" /><INIT seed="3,0,0,4,5,135" ten="402,297,270,31" oya="3" hai0="133,4,115,80,39,11,91,89,59,93,66,99,122" hai1="129,50,63,27,40,41,94,5,60,107,101,121,100" hai2="24,83,15,38,19,134,70,105,64,8,13,20,109" hai3="127,35,71,45,68,125,111,6,104,69,37,95,22"/><W28/><G104/><T48/><D39/><U96/><E121/><V25/><F38/><W67/><G6/><T78/><D122/><U110/><E110/><V98/><F109/><W128/><G111/><T72/><D133/><U42/><E129/><V23/><F134/><W61/><G128/><T51/><D89/><N who="1" m="55375" /><E107/><V90/><F70/><W36/><G35/><T54/><D115/><U116/><E116/><V30/><F64/><W65/><G95/><T17/><D66/><N who="3" m="25097" /><G22/><T14/><D4/><U97/><E5/><V44/><F105/><W123/><G28/><T79/><D79/><U106/><E106/><V75/><F75/><W84/><G84/><T3/><D3/><U82/><E82/><V33/><F98/><W132/><G132/><T102/><D102/><N who="1" m="39531" /><E97/><V113/><F113/><W18/><G18/><T88/><D91/><U46/><E27/><N who="2" m="18655" /><F90/><W52/><G123/><T32/><D32/><U47/><E47/><V26/><F83/><W117/><G117/><T112/><D112/><U7/><E7/><N who="2" m="3231" /><F44/><W9/><G9/><AGARI ba="0,0" hai="9,15,19,20,23,24,25,26" m="3231,18655" machi="9" ten="30,8000,1" yaku="35,5" doraHai="135" who="2" fromWho="3" sc="402,0,297,0,270,80,31,-80" owari="402,50.2,297,-10.3,350,15.0,-49,-54.9" /></mjloggm>