<mjloggm ver="2.3"><GO type="225" lobby="0"/><UN n0="%E3%81%BE%E3%81%A8%E3%81%9F" n1="%E3%81%8B%E3%82%8F%E3%81%A1%E3%82%83%E3%82%93%35%38" n2="%E3%81%B5%E3%81%98%E3%81%8B%E3%81%A4" n3="%E6%9D%B1%E9%A2%A8%E3%81%AE%E3%81%8D%E3%82%83%E3%81%B7%E3%81%95%E3%82%93" dan="16,16,16,17" rate="2116.97,2190.03,2181.39,2254.43" sx="M,M,M,M"/><TAIKYOKU oya="0"/><INIT seed="0,0,0,0,2,33" ten="250,250,250,250" oya="0" hai0="72,21,80,85,18,126,125,6,45,82,56,9,71" hai1="34,67,134,48,62,110,41,17,131,98,105,55,36" hai2="118,93,73,63,60,5,130,81,108,0,27,111,103" hai3="16,74,119,99,32,92,65,22,102,106,38,14,68"/><T50/><D71/><N who="1" m="42487" /><E17/><V133/><F118/><W24/><G119/><T76/><D56/><N who="1" m="32871" /><E98/><N who="2" m="59855" /><F27/><W20/><G74/><T95/><D95/><U3/><E105/><V49/><F49/><W117/><G38/><T58/><D58/><U1/><E34/><V120/><F133/><W123/><G117/><T135/><D135/><U47/><E134/><V87/><F120/><W53/><G123/><T113/><D113/><U66/><E110/><N who="2" m="42027" /><F73/><W44/><G32/><T75/><D18/><U52/><E131/><V29/><F29/><W122/><G122/><T128/><D21/><U35/><E35/><V77/><F130/><W79/><G79/><T101/><D128/><U97/><E97/><V132/><F132/><W40/><G106/><T7/><D72/><U94/><E94/><V43/><F43/><W78/><G78/><T19/><D76/><U89/><E89/><V107/><F107/><W2/><G22/><T90/><D101/><U116/><E116/><V64/><F64/><W91/><G24/><T112/><D75/><U12/><E66/><V54/><F54/><W83/><G53/><T39/><D90/><U37/><E37/><V86/><F86/><N who="3" m="50655" /><G65/><T13/><D39/><U31/><E31/><V15/><F15/><W124/><G102/><T70/><D13/><U127/><E12/><V23/><F23/><W109/><G14/><T129/><D85/><U10/><E52/><V114/><F114/><W96/><G99/><T11/><D112/><U46/><E46/><V84/><F84/><W69/><G109/><T88/><D45/><U26/><E26/><V51/><F51/><RYUUKYOKU ba="0,0" sc="250,-10,250,-10,250,30,250,-10" hai2="0,5,60,63,77,81,87" /><INIT seed="1,1,0,2,1,84" ten="240,240,280,240" oya="1" hai0="77,47,2,92,129,113,83,0,111,124,17,114,31" hai1="79,66,126,42,30,122,19,80,69,118,64,70,96" hai2="1,130,71,60,26,75,11,93,87,59,107,91,10" hai3="132,89,63,78,24,28,6,112,36,54,67,110,49"/><U117/><E30/><V58/><F130/><W15/><G36/><T16/><D111/><U38/><E96/><V35/><F75/><W8/><G110/><T135/><D129/><U37/><E80/><V125/><F125/><W65/><G78/><T48/><D135/><U56/><E19/><V121/><F121/><W134/><G112/><T88/><D31/><U14/><E14/><V7/><F107/><W55/><G89/><T103/><D103/><U43/><E79/><V101/><F101/><W61/><G61/><T72/><D124/><U82/><E82/><V104/><F104/><W51/><G51/><T81/><D81/><U52/><E126/><V94/><F10/><W41/><G41/><N who="1" m="15370" /><E122/><V100/><F71/><N who="1" m="27145" /><E118/><V105/><F60/><W27/><G27/><T21/><D17/><U119/><E119/><V99/><REACH who="2" step="1"/><F105/><REACH who="2" ten="240,240,270,240" step="2"/><W20/><G63/><T86/><D113/><U128/><E128/><V120/><F120/><W46/><REACH who="3" step="1"/><G55/><REACH who="3" ten="240,240,270,230" step="2"/><T40/><D114/><U50/><E117/><V44/><F44/><W116/><G116/><T62/><D62/><N who="1" m="37959" /><E66/><AGARI ba="1,2" hai="6,8,15,20,24,28,46,49,54,65,66,67,132,134" machi="66" ten="40,1300,0" yaku="1,1,53,0" doraHai="84" doraHaiUra="90" who="3" fromWho="1" sc="240,0,240,-16,270,0,230,36" /><INIT seed="2,0,0,0,4,56" ten="240,224,270,266" oya="2" hai0="20,25,130,108,111,91,40,89,110,10,109,28,114" hai1="49,38,123,69,78,41,83,72,59,2,118,27,135" hai2="58,103,96,18,70,35,115,43,75,32,64,13,44" hai3="131,125,101,29,65,54,74,120,53,55,104,9,85"/><V129/><F115/><W24/><G74/><T128/><N who="0" m="27648" /><DORA hai="76" /><T113/><D40/><U94/><E118/><V90/><F129/><N who="0" m="49770" /><D10/><U133/><E69/><V51/><F75/><W87/><G125/><T105/><D105/><U7/><E123/><V34/><F70/><W121/><G131/><T22/><D22/><U71/><E71/><V42/><F90/><AGARI ba="0,0" hai="20,25,28,89,90,91,113,114" m="49770,27648" machi="90" ten="60,3900,0" yaku="14,1,19,1" doraHai="56,76" who="0" fromWho="2" sc="240,39,224,0,270,-39,266,0" /><INIT seed="3,0,0,4,4,18" ten="279,224,231,266" oya="3" hai0="28,38,69,73,47,41,45,43,9,52,116,61,121" hai1="76,110,31,36,109,46,51,135,44,16,77,11,54" hai2="19,83,93,130,3,34,124,81,127,8,59,48,103" hai3="123,98,72,97,95,85,132,37,75,86,91,20,105"/><W84/><G20/><T87/><D73/><N who="3" m="28233" /><G37/><T118/><D121/><U63/><E135/><V1/><F130/><W21/><G21/><T49/><D28/><U88/><E31/><V126/><F34/><W27/><G27/><T99/><D99/><N who="3" m="37897" /><G123/><T35/><D87/><N who="3" m="33353" /><G132/><T42/><D35/><U113/><E63/><V67/><F103/><W22/><G22/><T26/><D9/><U55/><E36/><V56/><F93/><W131/><G131/><T0/><D0/><N who="2" m="74" /><F67/><W14/><G14/><T106/><D26/><U39/><E39/><V134/><F134/><W7/><G7/><T114/><D106/><AGARI ba="0,0" hai="86,91,95,105,106" m="33353,37897,28233" machi="106" ten="30,12000,1" yaku="35,5" doraHai="18" who="3" fromWho="0" sc="279,-120,224,0,231,0,266,120" owari="159,-34.1,224,-17.6,231,3.1,386,48.6" /></mjloggm>