<mjloggm ver="2.3"><GO type="225" lobby="0"/><UN n0="%E6%9D%B1%E9%A2%A8%E3%81%AE%E3%81%8D%E3%82%83%E3%81%B7%E3%81%95%E3%82%93" n1="%E6%A1%9C%E8%8A%B1%E9%96%83%E3%80%85" n2="%E8%B6%85%E7%B4%9A%E9%B3%B3%E5%87%B0" n3="%52%61%69%61%6E%2E" dan="17,16,17,16" rate="2191.80,2135.53,2174.46,2056.37" sx="M,M,F,M"/><TAIKYOKU oya="0"/><INIT seed="0,0,0,0,4,107" ten="250,250,250,250" oya="0" hai0="67,23,98,85,117,52,30,101,119,73,58,3,41" hai1="8,106,99,12,113,27,93,130,133,46,121,71,47" hai2="87,53,43,20,44,104,118,103,6,80,131,17,31" hai3="105,116,33,65,88,40,62,75,127,22,51,54,59"/><T84/><D41/><U14/><E121/><V29/><F131/><W25/><G116/><T45/><D45/><U94/><E130/><V55/><F118/><W36/><G105/><T42/><D3/><U9/><E71/><V18/><F6/><W34/><G127/><T61/><D42/><U77/><E106/><V69/><F69/><W21/><G21/><T48/><D73/><U126/><E133/><V72/><F72/><W63/><G63/><T95/><D119/><U37/><E37/><V97/><F31/><W90/><G40/><T4/><D4/><U115/><E99/><V0/><F29/><W129/><G36/><T57/><D117/><U38/><E38/><V15/><F0/><W19/><G75/><T66/><D66/><U108/><E77/><V111/><F18/><W86/><G90/><T39/><D39/><U13/><E108/><V78/><REACH who="2" step="1"/><F111/><REACH who="2" ten="250,250,240,250" step="2"/><W128/><G128/><T114/><D114/><U135/><E115/><V91/><F91/><W134/><G129/><T124/><REACH who="0" step="1"/><D124/><REACH who="0" ten="240,250,240,250" step="2"/><U11/><E126/><V92/><F92/><W70/><REACH who="3" step="1"/><G134/><REACH who="3" ten="240,250,240,240" step="2"/><T76/><D76/><U81/><E135/><V1/><F1/><W122/><G122/><T79/><D79/><U109/><E113/><V89/><F89/><W123/><G123/><T82/><D82/><AGARI ba="0,3" hai="19,22,25,33,34,51,54,59,62,65,70,82,86,88" machi="82" ten="30,3900,0" yaku="1,1,7,1,54,1,53,0" doraHai="107" doraHaiUra="125" who="3" fromWho="0" sc="240,-39,250,0,240,0,240,69" /><INIT seed="1,0,0,1,5,17" ten="201,250,240,309" oya="1" hai0="64,48,62,96,80,23,28,40,55,121,116,54,79" hai1="39,22,5,118,44,103,97,132,115,117,65,3,15" hai2="73,26,128,21,30,46,111,2,68,81,7,124,95" hai3="20,122,42,78,84,91,89,60,129,32,69,38,66"/><U126/><E115/><V14/><F68/><W43/><G122/><T51/><D121/><U10/><E126/><V59/><F124/><W114/><G114/><T76/><D116/><U19/><E132/><V33/><F111/><W9/><G32/><T106/><D40/><U45/><E65/><V27/><F128/><W57/><G129/><T18/><D28/><U135/><E135/><V102/><F46/><W13/><G69/><T71/><D106/><U70/><E70/><V105/><F105/><W34/><G34/><T109/><D96/><U107/><REACH who="1" step="1"/><E45/><REACH who="1" ten="201,240,240,309" step="2"/><V101/><F59/><W72/><G66/><T120/><D120/><U77/><E77/><V31/><F2/><W94/><G78/><T108/><D79/><U49/><E49/><V47/><F47/><W104/><G57/><T29/><D48/><U63/><E63/><V35/><F14/><W24/><G60/><T36/><D51/><U83/><E83/><V88/><F81/><W123/><G13/><T75/><D80/><U74/><E74/><V52/><F73/><W85/><G72/><T67/><D75/><U25/><E25/><V41/><F27/><W53/><G24/><T58/><D76/><U110/><E110/><V112/><F112/><W37/><G123/><T127/><D71/><U8/><E8/><V93/><F26/><W6/><G9/><T4/><D67/><U113/><E113/><V50/><F50/><W119/><G119/><T134/><D109/><U125/><E125/><V86/><F35/><W0/><G0/><T12/><D108/><U87/><E87/><V16/><F33/><RYUUKYOKU ba="0,1" sc="201,-10,240,30,240,-10,309,-10" hai1="3,5,10,15,19,22,39,44,97,103,107,117,118" /><INIT seed="1,1,1,2,2,57" ten="191,270,230,299" oya="1" hai0="17,53,86,83,50,27,122,71,23,120,80,76,92" hai1="132,7,44,96,14,91,123,117,60,125,90,4,124" hai2="107,0,89,25,10,101,111,37,32,127,61,67,62" hai3="43,29,70,19,94,56,134,69,2,38,72,64,77"/><U81/><E117/><V113/><F37/><W88/><G2/><T98/><D71/><U12/><E123/><V110/><F127/><N who="1" m="48713" /><E132/><V75/><F75/><W34/><G34/><T66/><D80/><U59/><E44/><V58/><F113/><W49/><G29/><T41/><D41/><U36/><E36/><V65/><F89/><N who="1" m="33801" /><E96/><N who="2" m="61863" /><F0/><W95/><G134/><T40/><D40/><U15/><E81/><V28/><F10/><W48/><G38/><T16/><D66/><AGARI ba="1,1" hai="4,7,12,14,15,59,60,66" m="33801,48713" machi="66" ten="30,2900,0" yaku="18,1,52,1" doraHai="57" who="1" fromWho="0" sc="191,-32,270,42,230,0,299,0" /><INIT seed="1,2,0,2,5,27" ten="159,312,230,299" oya="1" hai0="52,18,43,101,125,116,93,1,15,16,130,122,21" hai1="26,79,111,97,5,67,46,33,83,85,14,50,36" hai2="65,6,47,127,70,11,91,112,24,58,68,87,119" hai3="22,23,71,88,29,82,41,55,45,98,48,74,4"/><U60/><E36/><V114/><F119/><W108/><G71/><T105/><D130/><U39/><E39/><V62/><F127/><W75/><G108/><T133/><D125/><U63/><E111/><V76/><F24/><W134/><G134/><T3/><D133/><U72/><E72/><V38/><F76/><W121/><G121/><T7/><D122/><U110/><E110/><V90/><F38/><W78/><G74/><T99/><D43/><U84/><E84/><V92/><F47/><W13/><G29/><T20/><D116/><U113/><E97/><V80/><F114/><W30/><G30/><T107/><D107/><U32/><E113/><V66/><F66/><W96/><G55/><T53/><D105/><U44/><E44/><V115/><F115/><W118/><G118/><T100/><D100/><U51/><E51/><V0/><REACH who="2" step="1"/><F112/><REACH who="2" ten="159,312,220,299" step="2"/><W126/><G126/><T95/><D95/><U77/><E77/><V109/><F109/><W19/><G78/><T28/><D28/><N who="1" m="19479" /><E67/><V102/><F102/><W31/><G31/><T69/><D69/><U8/><E33/><V34/><F34/><W135/><G135/><T17/><D1/><U42/><AGARI ba="2,1" hai="5,8,14,42,46,50,60,63,79,83,85" m="19479" machi="42" ten="30,3000,0" yaku="25,1,52,1" doraHai="27" who="1" fromWho="1" sc="159,-12,312,46,220,-12,299,-12" /><INIT seed="1,3,0,1,4,53" ten="147,358,208,287" oya="1" hai0="66,34,77,35,29,82,8,68,57,62,134,56,76" hai1="22,106,96,67,117,64,59,39,63,85,72,127,38" hai2="45,28,41,75,71,2,120,27,126,135,49,58,61" hai3="81,99,37,47,46,6,19,32,23,107,17,114,91"/><U115/><E72/><V0/><F120/><W125/><G114/><T18/><D134/><U123/><E115/><V110/><F75/><W69/><G32/><T73/><D77/><U65/><E123/><V89/><F135/><W104/><G69/><T119/><D119/><U87/><E117/><V10/><F110/><W1/><G6/><T70/><D70/><U42/><E127/><V103/><F126/><W9/><G125/><T33/><REACH who="0" step="1"/><D29/><REACH who="0" ten="137,358,208,287" step="2"/><U97/><E39/><V16/><F71/><W105/><G37/><T84/><D84/><U92/><E85/><V93/><F28/><W112/><G112/><T129/><D129/><U3/><E87/><V31/><F31/><W36/><G36/><T132/><D132/><U80/><E38/><V94/><F49/><W131/><G131/><T128/><D128/><U21/><E97/><V98/><F98/><W25/><G99/><T108/><D108/><U78/><E78/><V124/><F124/><W60/><G107/><T24/><D24/><U122/><E106/><V54/><F27/><W74/><G105/><T7/><D7/><U121/><E121/><V116/><F116/><W118/><G104/><T101/><D101/><U26/><E26/><V43/><F103/><W48/><G118/><T90/><D90/><U14/><E122/><V52/><F89/><W102/><G102/><T20/><D20/><U109/><E22/><V130/><F130/><W4/><G91/><T15/><AGARI ba="3,1" hai="8,15,18,33,34,35,56,57,62,66,68,73,76,82" machi="15" ten="40,12000,2" yaku="1,1,0,1,52,2,53,3" doraHai="53" doraHaiUra="30" who="0" fromWho="0" sc="137,139,358,-63,208,-33,287,-33" /><INIT seed="2,0,0,4,3,50" ten="276,295,175,254" oya="2" hai0="126,57,84,10,33,32,58,26,11,53,120,95,103" hai1="114,115,96,24,4,79,104,122,2,71,36,134,117" hai2="110,59,83,28,60,116,65,7,119,34,61,64,66" hai3="94,99,108,0,74,63,70,125,133,55,16,37,92"/><V87/><F110/><W107/><G0/><T101/><D120/><U25/><E117/><V123/><F123/><W1/><G1/><T67/><D126/><U54/><E122/><V129/><F129/><W27/><G37/><T42/><D42/><U130/><E71/><V48/><F7/><W102/><G74/><T51/><D33/><U97/><E79/><V44/><F28/><W85/><G125/><T76/><D26/><N who="1" m="10347" /><E36/><V15/><F15/><W127/><G127/><T68/><D32/><U18/><E18/><V100/><F100/><N who="0" m="38474" /><D68/><U111/><E54/><N who="2" m="29959" /><F34/><W20/><G108/><T43/><D43/><U86/><E111/><V45/><F87/><W52/><G133/><T89/><D76/><U29/><E29/><V80/><F83/><W30/><G30/><T31/><D31/><U3/><E130/><V106/><F106/><W73/><G73/><T17/><D17/><U128/><E128/><V132/><F80/><W135/><G135/><T8/><D67/><N who="2" m="25674" /><F132/><W81/><G70/><T121/><D121/><U78/><E104/><V21/><F21/><W62/><G107/><T90/><D90/><U40/><E134/><V19/><F19/><W131/><G131/><T14/><D14/><U113/><E2/><V5/><F5/><W22/><G20/><T38/><D38/><U9/><E78/><V69/><F45/><AGARI ba="0,0" hai="8,10,11,45,51,53,57,58,84,89,95" m="38474" machi="45" ten="30,2000,0" yaku="8,1,52,1" doraHai="50" who="0" fromWho="2" sc="276,20,295,0,175,-20,254,0" /><INIT seed="3,0,0,2,2,0" ten="296,295,155,254" oya="3" hai0="71,132,8,131,60,123,17,106,76,73,13,134,135" hai1="37,122,88,79,48,110,119,68,133,126,100,5,95" hai2="86,74,124,32,127,4,83,22,52,51,89,64,44" hai3="33,69,36,118,50,34,30,10,85,25,75,56,59"/><W63/><G118/><T31/><D31/><U114/><E37/><V111/><F32/><W128/><G36/><T28/><D28/><U125/><E122/><V9/><F111/><W99/><G75/><T29/><D29/><U58/><E114/><V112/><F74/><W65/><G128/><T90/><D123/><U3/><E110/><V45/><F112/><W92/><G34/><T67/><D131/><U105/><E68/><V72/><F72/><W96/><G10/><T91/><D106/><U66/><E79/><V116/><F116/><W94/><G85/><T97/><D97/><N who="1" m="61583" /><E133/><V84/><F64/><W102/><REACH who="3" step="1"/><G50/><REACH who="3" ten="296,295,155,244" step="2"/><T54/><D73/><U93/><E48/><V103/><F22/><W62/><G62/><T80/><D134/><U81/><E119/><V117/><F117/><W130/><G130/><T55/><D135/><U19/><E126/><N who="2" m="48171" /><F84/><W61/><G61/><T101/><D132/><U20/><E125/><V82/><F103/><AGARI ba="0,1" hai="25,30,33,56,59,63,65,69,92,94,96,99,102,103" machi="103" ten="30,5800,0" yaku="1,1,7,1,9,1,53,0" doraHai="0" doraHaiUra="115" who="3" fromWho="2" sc="296,0,295,0,155,-58,244,68" owari="296,9.6,295,-10.5,97,-40.3,312,41.2" /></mjloggm>