<mjloggm ver="2.3"><GO type="225" lobby="0"/><UN n0="%E3%81%99%E3%81%84%E3%81%BE%E3%81%9B%E3%83%BC%E3%82%93" n1="%E3%81%BF%E3%81%BF%E3%81%9A" n2="%E9%B3%B3%E6%9D%B1%E3%81%AE%E3%81%86%E3%81%95%E3%81%8E%E3%81%95%E3%82%93" n3="%E8%BE%9B%E5%8F%A3%E3%82%AB%E3%83%AC%E3%83%BC%E3%83%A9%E3%82%A4%E3%82%B9" dan="18,17,17,17" rate="2211.08,2297.66,2300.34,2253.10" sx="M,M,M,M"/><TAIKYOKU oya="0"/><INIT seed="0,0,0,1,1,25" ten="250,250,250,250" oya="0" hai0="65,127,122,81,18,102,62,39,133,16,69,52,134" hai1="94,77,91,63,78,20,76,74,101,31,100,108,87" hai2="7,29,113,59,96,15,30,4,6,75,44,126,132" hai3="71,97,106,111,28,67,95,70,53,125,64,36,47"/><T99/><D122/><U5/><E108/><V26/><F113/><W61/><G111/><T22/><D39/><U104/><E5/><V105/><F75/><W124/><G106/><T107/><D127/><N who="3" m="48713" /><G28/><N who="2" m="10857" /><F105/><W13/><G13/><T80/><D18/><U9/><E9/><N who="2" m="4519" /><F126/><W73/><G73/><T79/><D52/><U3/><E3/><V129/><F132/><N who="0" m="50794" /><D79/><U86/><E74/><V112/><F129/><W48/><G36/><T32/><D32/><U14/><E104/><V8/><F112/><W19/><G19/><T34/><D34/><U42/><E42/><V1/><F44/><W55/><G55/><T131/><D131/><U57/><E14/><AGARI ba="0,0" hai="14,16,22,62,65,69,80,81,99,102,107" m="50794" machi="14" ten="30,2900,0" yaku="20,1,54,1" doraHai="25" who="0" fromWho="1" sc="250,29,250,-29,250,0,250,0" /><INIT seed="0,1,0,2,5,21" ten="279,221,250,250" oya="0" hai0="47,45,0,75,13,71,63,85,81,61,95,130,54" hai1="19,16,53,132,9,10,48,124,37,121,102,8,114" hai2="105,64,60,126,6,107,3,56,31,11,116,103,28" hai3="55,73,96,30,97,115,99,50,128,22,4,134,15"/><T18/><D0/><U7/><E121/><V113/><F113/><W20/><G115/><T77/><D130/><U25/><E37/><V69/><F126/><W59/><G128/><T2/><D2/><U74/><E74/><V84/><F116/><W86/><G73/><T104/><D104/><U108/><E108/><V35/><F103/><W79/><G134/><T34/><D34/><U32/><E132/><V123/><F123/><W58/><G58/><T122/><D122/><U119/><E119/><V135/><F135/><W88/><G79/><T51/><D71/><U5/><E124/><V89/><F69/><W40/><G40/><T52/><D95/><U12/><E114/><V111/><F111/><W17/><G4/><N who="1" m="1610" /><E102/><V70/><F70/><W125/><G125/><T94/><D94/><U90/><E90/><V14/><F3/><W100/><G100/><T67/><D75/><U98/><E98/><V127/><F127/><W46/><G59/><T78/><D78/><U44/><E32/><V93/><REACH who="2" step="1"/><F28/><REACH who="2" ten="279,221,240,250" step="2"/><W57/><G57/><N who="0" m="37295" /><D63/><U80/><E80/><V41/><F41/><W1/><G1/><T49/><D47/><U112/><E112/><V92/><F92/><N who="3" m="54295" /><G30/><T91/><D45/><U101/><E101/><V87/><F87/><W109/><G109/><T24/><D85/><U117/><E117/><V110/><F110/><W23/><AGARI ba="1,1" hai="15,17,20,22,23,46,50,55,96,97,99" m="54295" machi="23" ten="30,2000,0" yaku="8,1,54,1" doraHai="21" who="3" fromWho="3" sc="279,-11,221,-6,240,-6,250,33" /><INIT seed="1,0,0,4,3,82" ten="268,215,234,283" oya="1" hai0="121,100,60,88,16,52,96,129,50,10,41,35,40" hai1="90,62,87,118,17,57,27,110,64,24,106,61,83" hai2="112,119,1,46,78,26,39,49,5,93,19,37,70" hai3="30,128,38,8,98,117,77,31,101,134,75,32,85"/><U105/><E118/><V59/><F119/><W28/><G117/><T36/><D35/><U91/><E110/><V58/><F70/><W23/><G38/><T99/><D129/><U79/><E106/><V54/><F112/><W133/><G32/><T34/><D34/><U43/><E105/><V71/><F71/><W9/><G75/><T86/><D60/><U72/><E43/><N who="0" m="16457" /><D100/><U94/><E17/><V124/><F124/><W120/><G120/><T74/><D74/><U66/><REACH who="1" step="1"/><E91/><REACH who="1" ten="268,205,234,283" step="2"/><V127/><F19/><W20/><G128/><T108/><D108/><U125/><E125/><V2/><F127/><W107/><G134/><T4/><D121/><U56/><AGARI ba="0,1" hai="24,27,56,57,61,62,64,66,72,79,83,87,90,94" machi="56" ten="20,18000,2" yaku="1,1,0,1,7,1,9,1,52,1,53,1" doraHai="82" doraHaiUra="89" who="1" fromWho="1" sc="268,-60,205,190,234,-60,283,-60" /><INIT seed="1,1,0,0,4,8" ten="208,395,174,223" oya="1" hai0="128,3,103,12,79,56,40,55,9,130,33,2,52" hai1="129,27,111,34,123,10,25,108,88,115,36,58,132" hai2="14,62,7,131,19,99,124,46,110,18,28,59,84" hai3="113,87,135,133,51,119,109,86,11,20,93,64,69"/><U16/><E115/><V116/><F116/><W24/><G113/><T68/><D68/><U94/><E123/><V66/><F131/><N who="0" m="50218" /><D33/><U117/><E129/><V35/><F124/><W4/><G109/><N who="1" m="42058" /><E117/><V107/><F110/><W75/><G75/><T1/><D40/><U30/><E132/><N who="3" m="50762" /><G51/><T77/><D103/><U78/><E78/><N who="0" m="29705" /><D56/><U67/><E36/><V21/><F46/><W47/><G47/><T92/><D92/><U29/><E29/><V120/><F120/><W114/><G93/><T6/><AGARI ba="1,0" hai="1,2,3,6,9,12,52,55" m="29705,50218" machi="6" ten="40,5200,0" yaku="19,1,52,1,54,1" doraHai="8" who="0" fromWho="0" sc="208,55,395,-27,174,-14,223,-14" /><INIT seed="2,0,0,3,4,99" ten="263,368,160,209" oya="2" hai0="112,80,47,96,18,20,72,125,9,91,100,73,67" hai1="26,134,0,36,113,50,90,101,130,98,7,115,71" hai2="24,6,93,132,122,129,30,54,32,68,133,44,62" hai3="88,28,119,76,14,86,51,89,58,17,77,29,124"/><V57/><F122/><W118/><G124/><T64/><D112/><U127/><E36/><V108/><F129/><W45/><G58/><T85/><D125/><U60/><E127/><V16/><F68/><W46/><G118/><T116/><D116/><U63/><E90/><N who="3" m="34922" /><G119/><T97/><D9/><U84/><E84/><V42/><F6/><W35/><G35/><T21/><D21/><U1/><E50/><V109/><F93/><W61/><G61/><T75/><D47/><N who="3" m="17929" /><G51/><T3/><D3/><U49/><E49/><N who="2" m="26775" /><F16/><W110/><G110/><AGARI ba="0,0" hai="24,30,32,54,57,62,108,109,110,132,133" m="26775" machi="110" ten="30,2900,0" yaku="14,1,10,1" doraHai="99" who="2" fromWho="3" sc="263,0,368,0,160,29,209,-29" /><INIT seed="2,1,0,2,5,115" ten="263,368,189,180" oya="2" hai0="47,93,70,57,101,24,55,40,23,106,31,92,44" hai1="90,51,113,82,108,84,66,128,7,102,61,98,22" hai2="133,127,67,130,4,68,63,49,125,116,1,129,12" hai3="21,56,86,71,2,13,104,91,9,58,5,85,28"/><V62/><F1/><W11/><G71/><T97/><D70/><U112/><E108/><V94/><F94/><W30/><G104/><T14/><D14/><U8/><E128/><N who="2" m="49259" /><F12/><W123/><G123/><T124/><D124/><N who="2" m="47690" /><F4/><W27/><G30/><T35/><D35/><U34/><E34/><V95/><F95/><W10/><G10/><T39/><REACH who="0" step="1"/><D47/><REACH who="0" ten="253,368,189,180" step="2"/><U111/><E111/><V88/><F133/><W18/><REACH who="3" step="1"/><G85/><REACH who="3" ten="253,368,189,170" step="2"/><T52/><D52/><U120/><E84/><V132/><F68/><W53/><G53/><T19/><D19/><U32/><E112/><V65/><F132/><W109/><G109/><T134/><D134/><U17/><E113/><V48/><F65/><W118/><G118/><T78/><D78/><U81/><E32/><V122/><F116/><W45/><G45/><T76/><D76/><U38/><E7/><V87/><F67/><W126/><G126/><T41/><D41/><U3/><E66/><V103/><F122/><W54/><G54/><T89/><D89/><U37/><E120/><V83/><F103/><W110/><G110/><T69/><D69/><U16/><E102/><V119/><F119/><W26/><G26/><T105/><D105/><U99/><E3/><V43/><F43/><W29/><G29/><T72/><D72/><U59/><E17/><V46/><F46/><W75/><G75/><T96/><D96/><U73/><E16/><V79/><F79/><W131/><G131/><T20/><D20/><U77/><E77/><V107/><F107/><W80/><AGARI ba="1,2" hai="2,5,9,11,13,18,21,27,28,56,58,80,86,91" machi="80" ten="20,2700,0" yaku="1,1,0,1,7,1,53,0" doraHai="115" doraHaiUra="42" who="3" fromWho="3" sc="253,-8,368,-8,189,-14,170,50" /><INIT seed="3,0,0,1,3,4" ten="245,360,175,220" oya="3" hai0="2,130,18,100,90,135,74,5,22,44,25,15,3" hai1="125,41,83,51,43,108,120,31,19,95,45,66,52" hai2="49,65,126,47,32,106,133,102,57,118,123,115,96" hai3="88,93,84,129,55,11,14,48,9,42,113,0,124"/><W39/><G113/><T68/><D68/><U79/><E120/><V117/><F115/><W128/><G0/><T91/><D74/><U114/><E114/><V16/><F123/><W99/><G124/><T121/><D121/><U111/><E125/><V71/><F126/><W78/><G39/><T103/><D130/><N who="3" m="50281" /><G42/><T86/><D135/><U56/><E31/><V67/><F32/><W8/><G78/><T127/><D127/><U119/><E95/><V87/><F57/><N who="3" m="32999" /><G99/><T33/><D33/><U64/><E119/><V29/><F29/><W112/><G112/><T17/><D5/><AGARI ba="0,0" hai="5,8,9,11,14,84,88,93" m="32999,50281" machi="5" ten="30,12000,1" yaku="19,1,52,3,54,1" doraHai="4" who="3" fromWho="0" sc="245,-120,360,0,175,0,220,120" /><INIT seed="3,1,0,1,2,45" ten="125,360,175,340" oya="3" hai0="12,95,93,91,2,47,14,125,127,21,39,25,116" hai1="124,60,101,11,67,104,53,69,5,108,118,68,42" hai2="22,17,49,51,13,27,107,90,84,59,88,77,110" hai3="29,1,66,24,19,35,26,97,80,58,132,76,50"/><W135/><G1/><T128/><D116/><U79/><E118/><V122/><F107/><W75/><G97/><T56/><D2/><U55/><E42/><V46/><F110/><W34/><G66/><T98/><D128/><U28/><E108/><V15/><F122/><W30/><G19/><T44/><D56/><U33/><E79/><V7/><F59/><W109/><G109/><T100/><D39/><U4/><E69/><V71/><F71/><W10/><G10/><T52/><D47/><U114/><E114/><V57/><F57/><W48/><G58/><T131/><D131/><U82/><E82/><N who="2" m="47183" /><F49/><AGARI ba="1,0" hai="24,26,29,30,34,35,48,49,50,75,76,80,132,135" machi="49" ten="40,12000,1" yaku="9,1,52,3" doraHai="45" who="3" fromWho="2" sc="125,0,360,0,175,-123,340,123" owari="125,-27.5,360,16.0,52,-44.8,463,56.3" /></mjloggm>