<mjloggm ver="2.3"><GO type="225" lobby="0"/><UN n0="%6D%75%75%73%61%6E%6D%75" n1="%E3%81%BF%E3%81%BF%E3%81%9A" n2="%E3%83%81%E3%83%AF%E3%83%AF%E9%9A%8A%E9%95%B7" n3="%E3%81%AF%E3%82%88%E3%81%8A%E3%81%98%E3%81%95%E3%82%93" dan="16,18,17,17" rate="2122.14,2255.87,2137.48,2142.83" sx="F,M,M,M"/><TAIKYOKU oya="0"/><INIT seed="0,0,0,1,3,87" ten="250,250,250,250" oya="0" hai0="21,11,100,91,13,89,74,37,132,120,60,12,75" hai1="1,39,70,68,119,3,85,96,117,107,8,45,127" hai2="24,103,7,63,101,52,86,83,42,76,109,123,62" hai3="29,10,27,130,66,53,99,72,78,31,41,94,43"/><T133/><D120/><U28/><E85/><V18/><F123/><W54/><G130/><T56/><D37/><U55/><E55/><N who="3" m="21002" /><G72/><N who="0" m="27691" /><D100/><N who="2" m="38474" /><F109/><W17/><G78/><T30/><D30/><N who="3" m="11273" /><G66/><N who="0" m="39175" /><D21/><U108/><E28/><V5/><F42/><W118/><G118/><N who="1" m="45066" /><E96/><V50/><F62/><W121/><G121/><T93/><D93/><U20/><E20/><N who="2" m="13335" /><F63/><W23/><G10/><T104/><D104/><U4/><E107/><V25/><F25/><W116/><G116/><T59/><D59/><AGARI ba="0,0" hai="5,7,50,52,59,76,83,86" m="13335,38474" machi="59" ten="30,2000,0" yaku="8,1,54,1" doraHai="87" who="2" fromWho="0" sc="250,-20,250,0,250,20,250,0" /><INIT seed="1,0,0,4,4,34" ten="230,250,270,250" oya="1" hai0="59,91,21,131,134,17,125,90,61,66,95,104,33" hai1="130,32,39,129,60,16,0,2,47,98,133,63,112" hai2="22,78,128,75,123,42,11,14,127,67,83,29,118" hai3="110,86,126,50,36,58,72,56,80,45,120,135,64"/><U18/><E112/><V114/><F118/><W43/><G120/><T92/><D104/><U31/><E98/><V111/><F123/><W84/><G110/><T117/><D117/><U44/><E32/><V119/><F119/><W81/><G126/><T5/><D33/><U70/><E31/><V24/><F111/><W89/><G135/><T27/><D125/><U88/><E88/><N who="0" m="33833" /><D134/><U108/><E133/><V106/><F127/><W73/><G56/><N who="0" m="37159" /><D131/><U101/><E108/><V96/><F128/><W52/><REACH who="3" step="1"/><G64/><REACH who="3" ten="230,250,270,240" step="2"/><T107/><D107/><U97/><E70/><V99/><F67/><W85/><G85/><T116/><D116/><U40/><E97/><V49/><F96/><W26/><G26/><T121/><D121/><U94/><E129/><V124/><F99/><W8/><G8/><T100/><D100/><U9/><E130/><V12/><F124/><W28/><G28/><T51/><D5/><U4/><E101/><V93/><F106/><W6/><G6/><T57/><D57/><U41/><E4/><V79/><F11/><W109/><G109/><T37/><D37/><U10/><E94/><V65/><F93/><W103/><G103/><T62/><D62/><U122/><E122/><V48/><F65/><W38/><G38/><AGARI ba="0,1" hai="0,2,9,10,16,18,38,39,40,41,44,47,60,63" machi="38" ten="25,12000,1" yaku="22,2,52,2,54,1" doraHai="34" who="1" fromWho="3" sc="230,0,250,130,270,0,240,-120" /><INIT seed="1,1,0,1,0,62" ten="230,380,270,120" oya="1" hai0="43,39,79,31,122,69,76,94,85,103,72,57,11" hai1="124,97,104,0,21,74,52,101,33,56,49,4,50" hai2="77,120,127,38,106,20,115,96,30,42,3,34,65" hai3="32,47,89,18,23,132,40,36,112,84,123,67,126"/><U17/><E33/><V102/><F120/><W119/><G123/><T64/><D69/><U51/><E74/><V8/><F20/><W114/><G32/><T10/><D72/><U5/><E124/><V27/><F127/><W73/><G126/><T44/><D122/><U28/><E28/><V83/><F115/><W116/><G73/><T98/><D31/><U109/><E109/><V12/><F3/><W81/><G132/><T60/><REACH who="0" step="1"/><D85/><REACH who="0" ten="220,380,270,120" step="2"/><U63/><REACH who="1" step="1"/><E0/><REACH who="1" ten="220,370,270,120" step="2"/><V129/><F30/><W130/><G114/><T78/><AGARI ba="1,2" hai="10,11,39,43,44,57,60,64,76,78,79,94,98,103" machi="78" ten="30,8000,1" yaku="1,1,2,1,0,1,52,1,53,1" doraHai="62" doraHaiUra="70" who="0" fromWho="0" sc="220,103,370,-41,270,-21,120,-21" /><INIT seed="2,0,0,3,5,60" ten="323,329,249,99" oya="2" hai0="18,11,42,76,38,105,5,7,129,9,81,22,118" hai1="50,59,37,126,115,43,29,21,52,133,27,6,104" hai2="64,57,93,8,107,117,83,19,74,13,116,125,49" hai3="132,39,36,63,101,89,114,80,106,123,127,87,99"/><V35/><F107/><W31/><G123/><T90/><D105/><U3/><E115/><V62/><F35/><W96/><G114/><T44/><D129/><U26/><E104/><V103/><F125/><W58/><G127/><T55/><D118/><U67/><E126/><V4/><F49/><W98/><G132/><T2/><D90/><U131/><E131/><V70/><F70/><W41/><G31/><T65/><D55/><U25/><E133/><V124/><F124/><W100/><G41/><T121/><D121/><U47/><REACH who="1" step="1"/><E67/><REACH who="1" ten="323,319,249,99" step="2"/><V71/><F117/><W46/><G106/><T97/><D65/><U79/><E79/><V14/><F116/><W91/><G100/><T120/><D76/><U45/><E45/><V108/><F103/><W48/><G101/><T73/><D44/><U110/><E110/><V128/><F108/><W94/><G36/><T33/><D38/><U113/><E113/><V53/><F128/><W66/><REACH who="3" step="1"/><G39/><REACH who="3" ten="323,319,249,89" step="2"/><T112/><D120/><U17/><E17/><V10/><F19/><W82/><G82/><T122/><D81/><U61/><E61/><V56/><F62/><W40/><AGARI ba="0,2" hai="40,46,48,58,63,66,80,87,89,91,94,96,98,99" machi="40" ten="20,8000,1" yaku="1,1,0,1,7,1,8,1,52,1,53,0" doraHai="60" doraHaiUra="134" who="3" fromWho="3" sc="323,-20,319,-20,249,-40,89,100" /><INIT seed="3,0,0,5,5,131" ten="303,299,209,189" oya="3" hai0="6,98,109,62,56,102,115,128,30,54,18,24,58" hai1="41,36,87,84,116,125,14,113,122,123,4,88,103" hai2="83,61,132,28,105,9,80,114,29,47,135,124,35" hai3="44,78,2,130,31,75,94,117,134,21,108,90,101"/><W51/><G117/><T111/><D128/><U20/><E113/><V133/><F114/><W8/><G130/><T11/><D115/><U63/><E103/><V69/><F105/><W55/><G108/><N who="0" m="41547" /><D18/><U118/><E84/><V16/><F124/><W64/><G134/><T89/><D89/><U43/><E63/><V127/><F127/><W1/><G101/><T49/><D11/><N who="1" m="4455" /><E20/><V96/><F96/><W129/><G129/><T17/><D17/><U126/><E125/><V92/><F92/><W22/><G64/><N who="0" m="38983" /><D6/><U71/><E71/><V119/><F119/><N who="1" m="45609" /><E126/><V82/><F35/><W19/><G75/><T85/><D85/><U72/><E72/><V74/><F74/><W13/><G78/><T59/><D49/><U66/><E66/><N who="2" m="41167" /><F47/><W100/><G100/><T53/><D53/><U121/><E36/><V7/><F16/><W99/><REACH who="3" step="1"/><G31/><REACH who="3" ten="303,299,209,179" step="2"/><T86/><D30/><U27/><E27/><V12/><AGARI ba="0,1" hai="7,9,12,28,29,80,82,83,132,133,135" m="41167" machi="12" ten="40,8000,1" yaku="20,1,52,3" doraHai="131" who="2" fromWho="2" sc="303,-20,299,-20,209,90,179,-40" /><INIT seed="4,0,0,4,1,52" ten="283,279,299,139" oya="0" hai0="25,110,107,74,60,65,66,38,29,51,83,69,133" hai1="70,87,63,123,95,17,7,120,99,30,94,11,81" hai2="67,132,84,2,96,93,102,92,41,54,40,16,27" hai3="62,37,50,111,18,56,77,28,131,135,64,43,91"/><T134/><D38/><U113/><E30/><V21/><F2/><W36/><G111/><T115/><D107/><U103/><E95/><V32/><F132/><N who="0" m="50794" /><D110/><U20/><E113/><V33/><F33/><W58/><G135/><T101/><D115/><U128/><E128/><V3/><F3/><W121/><G131/><T126/><D126/><U79/><E70/><V116/><F116/><W1/><G1/><T68/><D101/><U26/><REACH who="1" step="1"/><E63/><REACH who="1" ten="283,269,299,139" step="2"/><V44/><F93/><W5/><G28/><T4/><D51/><U75/><E75/><V61/><F92/><W104/><G104/><T46/><D46/><U129/><E129/><V6/><F44/><W78/><G121/><T47/><D47/><U88/><E88/><V14/><F61/><W53/><G91/><T130/><D130/><U86/><E86/><V119/><F84/><W127/><G127/><T73/><D4/><U108/><E108/><V48/><F6/><W12/><G5/><T112/><D112/><U97/><E97/><V85/><F96/><W42/><G37/><T8/><D8/><U22/><E22/><V45/><F21/><N who="3" m="11463" /><G36/><T105/><D105/><U10/><E10/><V125/><F125/><W34/><G34/><N who="0" m="20783" /><D83/><U117/><E117/><V122/><F119/><W23/><G23/><T15/><D15/><AGARI ba="0,1" hai="7,11,15,17,20,26,79,81,87,94,99,103,120,123" machi="15" ten="30,2000,0" yaku="1,1,7,1,53,0" doraHai="52" doraHaiUra="106" who="1" fromWho="0" sc="283,-20,269,30,299,0,139,0" /><INIT seed="5,0,0,2,3,105" ten="263,299,299,139" oya="1" hai0="34,15,78,106,120,57,88,64,37,80,85,96,101" hai1="39,128,1,89,25,70,109,8,132,62,2,68,47" hai2="130,125,77,61,28,41,92,135,5,38,134,126,115" hai3="81,32,23,71,73,3,35,42,10,31,9,18,52"/><U22/><E128/><V86/><F130/><W53/><G71/><T58/><D34/><N who="3" m="12841" /><G42/><T110/><D37/><U19/><E132/><N who="2" m="50731" /><F115/><W99/><G99/><T43/><D110/><U90/><E109/><V4/><F28/><W59/><G81/><T103/><D43/><U127/><E127/><N who="2" m="48651" /><F61/><W112/><G59/><T55/><D120/><U40/><E68/><V36/><F77/><W97/><G97/><T29/><D29/><U111/><E111/><V56/><F56/><W44/><G31/><T79/><D101/><U75/><E75/><V133/><F133/><W63/><G73/><T107/><D107/><U20/><E20/><V21/><F21/><W118/><G63/><T33/><D33/><U117/><E117/><V50/><F50/><W46/><G23/><T13/><D64/><U7/><REACH who="1" step="1"/><E1/><REACH who="1" ten="263,289,299,139" step="2"/><V54/><F36/><W122/><G118/><T93/><D106/><U72/><E72/><V82/><F38/><W113/><G122/><T0/><D0/><U94/><E94/><V17/><F92/><W104/><G104/><T91/><D103/><U51/><E51/><V30/><F82/><W102/><G102/><T16/><D15/><U26/><E26/><V14/><F14/><W108/><G108/><T45/><D91/><U49/><E49/><V65/><F86/><W116/><G116/><T74/><D79/><U84/><E84/><V95/><F95/><W119/><G119/><T76/><D78/><U124/><E124/><V6/><F30/><W121/><G121/><T100/><D100/><U129/><E129/><V48/><F48/><N who="3" m="28679" /><G3/><T98/><D74/><RYUUKYOKU ba="0,1" sc="263,-10,289,30,299,-10,139,-10" hai1="2,7,8,19,22,25,39,40,47,62,70,89,90" owari="253,-14.7,329,42.9,289,8.9,129,-37.1" /></mjloggm>