<mjloggm ver="2.3"><GO type="225" lobby="0"/><UN n0="%E4%BF%BA%E3%81%A8%E5%A6%96%E5%A4%A2" n1="%E3%81%B5%E3%81%98%E3%81%8B%E3%81%A4" n2="%E3%83%B4%E3%83%A0%EF%BC%99%E3%81%A6" n3="%E3%82%BC%E3%83%AB%E3%83%80%E3%81%AE%E4%BC%9D%E8%AA%AC" dan="17,16,16,18" rate="2156.41,2189.42,2119.02,2196.45" sx="F,M,M,M"/><TAIKYOKU oya="0"/><INIT seed="0,0,0,0,1,3" ten="250,250,250,250" oya="0" hai0="7,21,12,69,126,44,40,47,123,96,106,84,75" hai1="58,61,55,78,48,88,67,20,132,31,125,95,18" hai2="5,1,45,92,19,107,97,130,64,51,89,4,83" hai3="91,14,22,57,94,33,35,38,6,23,76,93,113"/><T99/><D123/><U70/><E125/><V109/><F1/><W119/><G113/><T54/><D75/><U17/><E132/><V26/><F109/><W114/><G114/><T11/><D69/><U9/><E78/><V71/><F130/><W102/><G38/><T124/><D54/><U39/><E39/><V30/><F107/><W46/><G76/><T73/><D73/><U108/><E108/><V53/><F83/><W41/><G119/><T135/><D135/><U116/><E116/><V50/><F19/><W120/><G120/><T34/><D34/><U118/><E118/><V131/><F131/><W60/><G102/><T82/><D21/><U28/><E9/><V15/><F15/><W56/><G91/><T121/><D121/><U86/><REACH who="1" step="1"/><E17/><REACH who="1" ten="250,240,250,250" step="2"/><V77/><F77/><W122/><G122/><T29/><D126/><U87/><E87/><V80/><F80/><W13/><G33/><T36/><D124/><U134/><E134/><V105/><F105/><W8/><G35/><T63/><D106/><U127/><E127/><V68/><F51/><W49/><G23/><T59/><D29/><U79/><E79/><V111/><F111/><W100/><G22/><T37/><D82/><U2/><E2/><V32/><REACH who="2" step="1"/><F64/><REACH who="2" ten="250,240,240,250" step="2"/><W65/><G65/><T74/><D74/><U98/><E98/><V110/><F110/><W128/><G128/><T104/><D104/><U62/><E62/><V0/><F0/><W115/><G60/><T112/><D112/><U85/><E85/><V133/><F133/><W25/><G115/><T24/><D84/><U90/><E90/><RYUUKYOKU ba="0,2" sc="250,-15,240,15,240,15,250,-15" hai1="18,20,28,31,48,55,58,61,67,70,86,88,95" hai2="4,5,26,30,32,45,50,53,68,71,89,92,97" /><INIT seed="1,1,2,2,5,62" ten="235,255,255,235" oya="1" hai0="21,6,19,81,15,59,74,112,26,48,40,18,10" hai1="115,85,87,35,27,52,28,64,122,70,16,94,80" hai2="126,82,86,120,12,63,106,37,51,98,3,29,31" hai3="76,0,56,54,50,45,131,124,97,55,67,107,36"/><U132/><E122/><V127/><F3/><W43/><G0/><T125/><D112/><U42/><E115/><V60/><F37/><W78/><G124/><N who="2" m="47657" /><F51/><W47/><G131/><T61/><D125/><U71/><E42/><V14/><F120/><W25/><G25/><T93/><D93/><U5/><E5/><V102/><F12/><W130/><G130/><T117/><D117/><U123/><E123/><V114/><F14/><W134/><G134/><T75/><D81/><U95/><E132/><V65/><F60/><W103/><G67/><N who="0" m="39359" /><D75/><U68/><E87/><V32/><F32/><W57/><G45/><N who="0" m="25639" /><D74/><U91/><E64/><V119/><F114/><W69/><G69/><T4/><AGARI ba="1,2" hai="4,6,10,15,18,19,21,26" m="25639,39359" machi="4" ten="30,2000,0" yaku="8,1,52,1" doraHai="62" who="0" fromWho="0" sc="235,43,255,-11,255,-6,235,-6" /><INIT seed="2,0,0,1,3,1" ten="278,244,249,229" oya="2" hai0="31,71,3,51,126,11,68,101,48,85,103,40,44" hai1="43,63,88,16,79,4,104,0,33,94,92,129,105" hai2="38,55,30,83,57,12,6,128,32,15,9,77,123" hai3="76,95,114,37,120,21,8,14,47,50,80,2,45"/><V124/><F123/><W99/><G120/><T18/><D126/><U133/><E33/><V107/><F124/><W28/><G114/><T117/><D117/><U86/><E79/><V46/><F107/><W96/><G37/><T26/><D51/><U109/><E109/><V106/><F106/><W82/><G2/><T10/><D85/><U132/><E43/><V115/><F115/><W17/><G47/><T91/><D91/><U35/><E35/><V67/><F67/><W110/><G110/><T73/><D73/><U58/><E129/><V36/><F128/><W89/><G96/><T20/><D71/><U59/><E94/><V64/><F64/><W25/><REACH who="3" step="1"/><G76/><REACH who="3" ten="278,244,249,219" step="2"/><T62/><D3/><U52/><E132/><V69/><F46/><W27/><G27/><T111/><D26/><U127/><E133/><V116/><F116/><W66/><G66/><T7/><D44/><U108/><E127/><V49/><F15/><W113/><G113/><T56/><D111/><U93/><E108/><V131/><F131/><W121/><G121/><T130/><D130/><U75/><E0/><V53/><F53/><AGARI ba="0,1" hai="8,14,17,21,25,28,45,50,53,80,82,89,95,99" machi="53" ten="30,3900,0" yaku="1,1,7,1,8,1,53,0" doraHai="1" doraHaiUra="29" who="3" fromWho="2" sc="278,0,244,0,249,-39,219,49" /><INIT seed="3,0,0,1,2,29" ten="278,244,210,268" oya="3" hai0="127,86,85,6,15,87,26,60,113,133,36,33,62" hai1="40,117,50,107,75,25,1,16,17,94,111,66,67" hai2="99,65,91,120,58,72,93,115,95,106,128,4,135" hai3="61,44,84,77,52,130,103,69,96,80,124,83,12"/><W109/><G124/><T78/><D127/><U92/><E107/><V23/><F115/><W9/><G130/><T55/><D36/><U11/><E75/><V73/><F128/><W104/><G109/><T122/><D122/><U19/><E117/><V24/><F106/><W28/><G28/><T102/><D113/><U13/><E111/><V74/><F120/><W100/><G100/><T48/><D133/><U90/><E25/><V89/><F135/><W42/><G83/><T27/><D78/><U18/><E1/><V88/><F4/><W39/><G69/><T8/><D102/><U105/><E105/><V34/><F34/><W59/><G12/><T7/><D7/><U51/><E94/><V57/><F65/><N who="1" m="24585" /><E40/><V53/><F53/><W43/><G43/><T41/><D41/><U110/><E110/><V114/><F114/><W37/><REACH who="3" step="1"/><G9/><REACH who="3" ten="278,244,210,258" step="2"/><T22/><D15/><U64/><E64/><V129/><F129/><W71/><G71/><T98/><D8/><U119/><E119/><V38/><F38/><AGARI ba="0,1" hai="37,38,39,42,44,52,59,61,77,80,84,96,103,104" machi="38" ten="30,5800,0" yaku="1,1,7,1,54,1,53,0" doraHai="29" doraHaiUra="126" who="3" fromWho="2" sc="278,0,244,0,210,-58,258,68" owari="278,7.8,244,-15.6,152,-34.8,326,42.6" /></mjloggm>