<mjloggm ver="2.3"><GO type="225" lobby="0"/><UN n0="%E3%82%B7%E3%83%B3%E5%A4%AA%E6%9C%97" n1="%E5%B0%8F%E9%B3%A5%E9%81%8A%E7%B7%B4%E7%84%A1%32%31%E6%AD%B3" n2="%E3%83%B4%E3%82%A3%E3%83%AF%E3%82%B3%E3%82%B0%E3%83%8B" n3="%28%EF%BF%A3%E2%96%BD%EF%BF%A3%29%CE%B4%E2%8C%92%E3%83%BB" dan="16,16,16,16" rate="2173.52,2208.94,2142.22,2071.62" sx="M,F,M,M"/><TAIKYOKU oya="0"/><INIT seed="0,0,0,0,3,4" ten="250,250,250,250" oya="0" hai0="102,22,119,3,92,14,31,100,115,48,131,28,109" hai1="29,124,130,114,23,12,0,1,105,96,82,126,81" hai2="128,34,74,62,19,37,106,107,6,113,2,53,99" hai3="45,83,90,47,108,61,85,54,18,135,103,101,7"/><T110/><D119/><U40/><E130/><V88/><F37/><W133/><G108/><N who="0" m="41579" /><D3/><N who="1" m="1099" /><E40/><V93/><F34/><W8/><G18/><N who="0" m="10583" /><D131/><U134/><E134/><N who="3" m="51210" /><G61/><T111/><D115/><U55/><E55/><V79/><F113/><W46/><G54/><T64/><D64/><U27/><E12/><AGARI ba="0,0" hai="7,8,12,45,46,47,83,85,90,101,103" m="51210" machi="12" ten="30,2000,0" yaku="20,1,52,1" doraHai="4" who="3" fromWho="1" sc="250,0,250,-20,250,0,250,20" /><INIT seed="1,0,0,2,1,119" ten="250,230,250,270" oya="1" hai0="105,107,79,29,116,37,87,14,75,124,113,6,22" hai1="129,93,28,30,35,91,104,67,34,118,89,127,61" hai2="128,16,99,64,49,126,135,11,39,32,88,71,51" hai3="68,5,26,43,133,50,85,96,83,23,62,42,84"/><U15/><E104/><V13/><F39/><W31/><G133/><T94/><D116/><U56/><E118/><V108/><F32/><W81/><G5/><T131/><D131/><U117/><E117/><V57/><F71/><W44/><G68/><T52/><D113/><U24/><E129/><V40/><F108/><W25/><G62/><T109/><D109/><U80/><E127/><V41/><F128/><W10/><G10/><T120/><D120/><U33/><E15/><V36/><F36/><W112/><G112/><T103/><D124/><U76/><E30/><V90/><F126/><W101/><G42/><N who="2" m="16489" /><F135/><W73/><G73/><T125/><D37/><U45/><E45/><V115/><F115/><W86/><REACH who="3" step="1"/><G26/><REACH who="3" ten="250,230,250,260" step="2"/><T111/><D125/><U106/><E106/><AGARI ba="0,1" hai="23,25,31,43,44,50,81,83,84,85,86,96,101,106" machi="106" ten="40,5200,0" yaku="1,1,2,1,53,1" doraHai="119" doraHaiUra="47" who="3" fromWho="1" sc="250,0,230,-52,250,0,260,62" /><INIT seed="2,0,0,5,2,52" ten="250,178,250,322" oya="2" hai0="26,40,45,33,124,123,38,22,87,80,71,36,70" hai1="129,101,4,91,76,63,84,128,13,24,113,100,43" hai2="51,75,89,118,127,94,68,86,41,3,72,2,5" hai3="62,117,34,133,111,15,69,39,88,125,64,28,1"/><V92/><F118/><W29/><G1/><T18/><D123/><U122/><E113/><V83/><F68/><W116/><G39/><T61/><D124/><U106/><E76/><V77/><F127/><W20/><G125/><T114/><D114/><U35/><E43/><V119/><F119/><W132/><G111/><T9/><D36/><U109/><E109/><V85/><F94/><W10/><G20/><T44/><D44/><U8/><E122/><V25/><F25/><N who="3" m="18703" /><G88/><T50/><D38/><U60/><E106/><V95/><F95/><W66/><G66/><T98/><D33/><U16/><E101/><V81/><F5/><N who="3" m="3535" /><G29/><T130/><D130/><N who="1" m="50283" /><E100/><V37/><F37/><W99/><G99/><T31/><D98/><U79/><E79/><V11/><F11/><W21/><G21/><T96/><D96/><U12/><E12/><V57/><F72/><W73/><G73/><T47/><D47/><U74/><E74/><V7/><F7/><W67/><G67/><T97/><D97/><U58/><E63/><V59/><F2/><W53/><G53/><T6/><D61/><U105/><E105/><V78/><REACH who="2" step="1"/><F3/><REACH who="2" ten="250,178,240,322" step="2"/><W120/><G120/><T32/><D6/><U14/><E4/><V48/><F48/><W126/><G126/><T65/><D9/><U90/><E84/><V107/><F107/><W46/><G117/><T131/><D131/><U134/><E8/><V102/><F102/><W49/><G116/><T23/><D71/><U19/><E24/><V93/><F93/><W27/><G27/><T104/><D70/><U55/><E35/><V54/><F54/><RYUUKYOKU ba="0,1" sc="250,-15,178,-15,240,15,322,15" hai2="41,51,57,59,75,77,78,81,83,85,86,89,92" hai3="46,49,62,64,69,132,133" /><INIT seed="2,1,1,4,5,60" ten="235,163,255,337" oya="2" hai0="30,68,87,55,103,1,54,91,129,22,97,23,50" hai1="42,111,13,79,32,83,69,34,75,10,67,92,89" hai2="59,63,31,61,85,25,5,18,14,101,96,27,77" hai3="131,125,57,112,81,46,43,126,21,116,98,118,12"/><V33/><F5/><W94/><G131/><T133/><D129/><U109/><E42/><V108/><F27/><W49/><G112/><T70/><D1/><U135/><E135/><V4/><F4/><W117/><G81/><T2/><D2/><U121/><E121/><V48/><F108/><W35/><G35/><T9/><D133/><U53/><E53/><V130/><F130/><W17/><REACH who="3" step="1"/><G57/><REACH who="3" ten="235,163,255,327" step="2"/><T124/><D70/><U44/><E111/><V47/><F59/><W24/><G24/><T29/><D68/><U74/><E109/><V127/><F25/><W105/><G105/><T84/><D29/><U99/><E74/><V95/><F33/><W104/><G104/><T39/><D30/><U73/><E73/><V65/><F31/><W88/><AGARI ba="1,2" hai="12,17,21,43,46,49,88,94,98,116,117,118,125,126" machi="88" ten="40,8000,1" yaku="1,1,0,1,54,1,53,1" doraHai="60" doraHaiUra="86" who="3" fromWho="3" sc="235,-21,163,-21,255,-41,327,103" /><INIT seed="3,0,0,0,0,77" ten="214,142,214,430" oya="3" hai0="33,128,1,78,14,25,5,63,11,30,39,90,100" hai1="61,74,126,133,47,91,117,32,111,87,108,15,62" hai2="115,70,134,102,20,73,9,86,94,116,17,27,127" hai3="105,89,7,49,135,23,110,56,3,68,114,46,24"/><W31/><G68/><T45/><D100/><U132/><E32/><V81/><F115/><W55/><G55/><T2/><BYE who="3" /><D128/><U10/><E47/><V57/><F116/><W44/><G44/><T104/><D104/><UN n3="%28%EF%BF%A3%E2%96%BD%EF%BF%A3%29%CE%B4%E2%8C%92%E3%83%BB" /><U59/><E62/><V130/><F70/><W99/><G56/><T38/><D38/><U19/><E74/><V92/><F73/><W64/><G49/><T37/><D37/><U75/><E75/><V51/><F130/><W0/><G46/><T26/><D78/><U118/><E59/><V28/><F127/><W22/><G64/><T120/><D120/><U8/><E61/><V112/><F112/><W76/><G89/><T69/><D90/><U34/><E126/><V84/><F134/><N who="1" m="51817" /><E91/><N who="2" m="51599" /><F86/><W18/><G76/><T66/><D26/><U16/><E87/><V67/><F102/><W95/><G24/><T119/><D119/><N who="1" m="45579" /><E34/><V101/><F101/><W52/><G105/><T88/><D45/><U48/><E48/><V41/><F41/><W107/><G107/><T53/><D53/><U109/><E8/><V123/><F67/><W106/><G52/><T103/><D63/><U42/><E42/><V93/><F57/><W96/><G106/><T125/><D66/><U60/><E60/><V122/><F51/><W79/><G135/><T83/><D125/><U129/><E129/><V85/><F85/><W13/><G114/><T36/><D39/><U71/><E71/><V80/><F80/><W121/><G79/><T29/><D69/><U6/><AGARI ba="0,0" hai="6,10,15,16,19,108,109,111" m="45579,51817" machi="6" ten="40,12000,2" yaku="14,1,20,1,12,1,34,2,54,1" doraHai="77" who="1" fromWho="1" sc="214,-30,142,120,214,-30,430,-60" owari="184,-21.6,262,6.2,184,-31.6,370,47.0" /></mjloggm>