<mjloggm ver="2.3"><GO type="225" lobby="0"/><UN n0="%E3%82%B2%E3%82%B9%E8%8C%82%E5%8B%9D" n1="%72%61%6B%33" n2="%2D%E8%B1%8A%E5%8F%A3%E3%82%81%E3%81%90%E3%81%BF%2D" n3="%6D%75%75%6D%75%72%61" dan="16,16,17,16" rate="2089.95,2156.59,2121.25,2131.37" sx="F,M,F,F"/><TAIKYOKU oya="0"/><INIT seed="0,0,0,1,4,84" ten="250,250,250,250" oya="0" hai0="88,126,114,118,97,104,75,34,115,8,51,102,10" hai1="105,133,30,89,59,87,131,111,120,14,93,130,42" hai2="78,116,103,39,124,122,94,26,23,16,70,109,36" hai3="100,22,29,21,83,81,99,135,79,37,113,28,77"/><T82/><D118/><U13/><E120/><V63/><F122/><W49/><G37/><T62/><D34/><U101/><E111/><V72/><F109/><W123/><G113/><T69/><D126/><U24/><E133/><V19/><F124/><W18/><G135/><T3/><D51/><U50/><E105/><V85/><F116/><W7/><G7/><T67/><D10/><U40/><E101/><V117/><F117/><W73/><G49/><T4/><REACH who="0" step="1"/><D88/><REACH who="0" ten="240,250,250,250" step="2"/><U33/><E40/><V86/><F39/><W80/><G123/><T35/><D35/><U58/><E42/><V6/><F36/><W98/><G81/><T127/><D127/><U11/><E50/><V119/><F119/><W76/><G76/><AGARI ba="0,1" hai="3,4,8,62,67,69,75,76,82,97,102,104,114,115" machi="76" ten="40,7700,0" yaku="1,1,23,2,53,0" doraHai="84" doraHaiUra="134" who="0" fromWho="3" sc="240,87,250,0,250,0,250,-77" /><INIT seed="0,1,0,4,2,111" ten="327,250,250,173" oya="0" hai0="102,128,11,69,119,23,116,76,0,133,63,35,55" hai1="45,72,19,75,74,24,15,84,125,135,28,112,129" hai2="77,6,93,115,38,31,29,107,90,26,100,36,130" hai3="121,58,30,96,5,46,105,101,22,86,92,20,106"/><T10/><D35/><U34/><E125/><V73/><F6/><W65/><G121/><T32/><D32/><U16/><E129/><V42/><F130/><W39/><G5/><T126/><D128/><U37/><E135/><V108/><F108/><W40/><G86/><T27/><D133/><U4/><E84/><N who="2" m="52423" /><F42/><W12/><G12/><T48/><D126/><U1/><E112/><V82/><F115/><W81/><G81/><T103/><D76/><U33/><E33/><N who="2" m="20663" /><F31/><W104/><G30/><T50/><D63/><U52/><E1/><V71/><F71/><W123/><G123/><T68/><D23/><U109/><E109/><V59/><F59/><W117/><G117/><T2/><D27/><U9/><REACH who="1" step="1"/><E37/><REACH who="1" ten="327,240,250,173" step="2"/><V124/><F124/><W62/><AGARI ba="1,1" hai="20,22,39,40,46,58,62,65,92,96,101,104,105,106" machi="62" ten="40,1500,0" yaku="0,1" doraHai="111" who="3" fromWho="3" sc="327,-8,240,-5,250,-5,173,28" /><INIT seed="1,0,0,4,3,58" ten="319,235,245,201" oya="1" hai0="47,72,62,87,40,96,5,134,131,113,121,88,53" hai1="109,68,75,82,81,132,97,55,59,127,133,61,36" hai2="84,78,85,110,65,4,45,60,99,129,111,46,76" hai3="41,35,0,107,115,6,24,1,50,20,11,128,135"/><U34/><E34/><V3/><F99/><W19/><G107/><T92/><D113/><U15/><E36/><V64/><F4/><W98/><G115/><T112/><D112/><U74/><E127/><V27/><F27/><W93/><G128/><T77/><D131/><U14/><E109/><N who="2" m="41483" /><F3/><W13/><G135/><N who="1" m="51786" /><E68/><N who="2" m="41991" /><F65/><W91/><REACH who="3" step="1"/><G35/><REACH who="3" ten="319,235,245,191" step="2"/><T44/><D134/><U10/><E97/><V83/><F129/><W12/><G12/><N who="1" m="4650" /><E10/><V90/><F78/><W29/><G29/><T18/><D96/><U22/><E22/><V89/><F76/><W23/><G23/><T124/><D124/><U7/><E7/><V73/><F73/><AGARI ba="0,1" hai="55,59,61,73,74,75,81,82" m="4650,51786" machi="73" ten="30,2900,0" yaku="20,1,52,1" doraHai="58" who="1" fromWho="2" sc="319,0,235,39,245,-29,191,0" /><INIT seed="1,1,0,3,5,3" ten="319,274,216,191" oya="1" hai0="90,93,15,53,112,120,124,95,20,113,134,57,83" hai1="30,55,86,32,103,56,42,108,104,25,51,14,37" hai2="130,12,2,78,50,133,27,28,87,125,8,19,79" hai3="74,21,44,109,107,101,114,100,89,40,81,126,46"/><U45/><E108/><V0/><F125/><W72/><G126/><T11/><D124/><U61/><E86/><V47/><F133/><W69/><G109/><T106/><D106/><U34/><E34/><V49/><F130/><W64/><G114/><T67/><D67/><U4/><E104/><V63/><F63/><W13/><G64/><T48/><D134/><U31/><E31/><V122/><F122/><W23/><G69/><T43/><D120/><U29/><E29/><V131/><F131/><W85/><G44/><T94/><D43/><U73/><E103/><V41/><F50/><W121/><G121/><T80/><D20/><U110/><E110/><V98/><F98/><W38/><G100/><T96/><D112/><U135/><E135/><V7/><F87/><W118/><G118/><T58/><D57/><U71/><E73/><V88/><F88/><W117/><G117/><T33/><D33/><U99/><E99/><V66/><F66/><W129/><G129/><T39/><D39/><U91/><E91/><V9/><REACH who="2" step="1"/><F2/><REACH who="2" ten="319,274,206,191" step="2"/><W26/><G101/><T10/><D113/><U77/><E61/><V1/><F1/><W111/><G111/><T24/><D90/><U35/><E51/><V84/><F84/><W115/><G115/><T119/><D96/><U92/><E37/><V132/><F132/><W123/><G123/><T70/><D119/><U65/><E65/><V59/><F59/><W54/><G107/><T16/><D70/><U68/><E71/><V18/><F18/><N who="3" m="10447" /><G54/><T116/><D116/><U5/><E68/><V75/><F75/><W128/><G128/><RYUUKYOKU ba="1,1" sc="319,-15,274,-15,206,15,191,15" hai2="0,7,8,9,12,19,27,28,41,47,49,78,79" hai3="23,26,38,40,46,72,74,81,85,89" /><INIT seed="2,2,1,0,2,32" ten="304,259,221,206" oya="2" hai0="84,0,122,15,121,6,106,38,61,13,49,33,83" hai1="75,39,31,74,99,21,105,87,8,117,40,118,92" hai2="127,17,27,16,34,65,100,25,54,66,48,30,63" hai3="5,79,94,23,22,86,107,9,101,116,131,46,135"/><V114/><F114/><W60/><G116/><T43/><D106/><U52/><E39/><V7/><F127/><W3/><G131/><T68/><D33/><U51/><E40/><V85/><F100/><W53/><G135/><T47/><D38/><U45/><E105/><V58/><F25/><W11/><G107/><T2/><D15/><U19/><E87/><V4/><F66/><W91/><G101/><T134/><D134/><U109/><E109/><V129/><F129/><W35/><G35/><T96/><D96/><U44/><E44/><V72/><F72/><W64/><G79/><N who="0" m="46207" /><D61/><U93/><E31/><V112/><F85/><W10/><G10/><N who="0" m="4311" /><D68/><U128/><E128/><V104/><F112/><W1/><G46/><T41/><D41/><U67/><E8/><V103/><F7/><W80/><G53/><T123/><AGARI ba="2,1" hai="0,2,43,47,49,121,122,123" m="4311,46207" machi="123" ten="30,4000,0" yaku="25,1,52,2" doraHai="32" who="0" fromWho="0" sc="304,56,259,-12,221,-22,206,-12" /><INIT seed="3,0,0,5,1,110" ten="360,247,199,194" oya="3" hai0="62,24,129,54,31,85,39,112,29,26,21,4,28" hai1="43,40,92,124,89,86,32,60,51,58,106,71,69" hai2="46,80,22,42,2,99,66,78,72,25,135,134,98" hai3="63,120,38,45,119,97,76,127,104,81,41,33,64"/><W23/><G119/><T130/><D39/><U108/><E32/><V95/><F2/><W12/><G120/><T109/><D112/><U128/><E106/><V56/><F56/><W10/><G127/><T34/><D109/><U27/><E108/><V91/><F66/><W126/><G126/><T15/><D85/><U111/><E111/><V49/><REACH who="2" step="1"/><F99/><REACH who="2" ten="360,247,189,194" step="2"/><W8/><G33/><T84/><D34/><U16/><E58/><V93/><F93/><W101/><G23/><T94/><D21/><U131/><E92/><V88/><F88/><W7/><G7/><T65/><D94/><U61/><E89/><V107/><F107/><W103/><G103/><T74/><D65/><U116/><E124/><V100/><F100/><W3/><G3/><T125/><D125/><U19/><E69/><V87/><F87/><W9/><G12/><T0/><D84/><U17/><E86/><V90/><F90/><W75/><REACH who="3" step="1"/><G10/><REACH who="3" ten="360,247,189,184" step="2"/><T18/><D0/><U52/><E116/><V70/><F70/><AGARI ba="0,2" hai="8,9,38,41,45,63,64,70,75,76,81,97,101,104" machi="70" ten="30,12000,1" yaku="1,1,2,1,7,1,53,2" doraHai="110" doraHaiUra="5" who="3" fromWho="2" sc="360,0,247,0,189,-120,184,140" /><INIT seed="3,1,0,0,5,55" ten="360,247,69,324" oya="3" hai0="93,91,14,11,8,51,121,78,37,67,58,4,36" hai1="44,80,10,46,6,53,24,40,28,64,76,5,86" hai2="70,97,26,50,71,59,73,120,57,69,81,127,100" hai3="84,122,34,61,47,15,113,92,133,7,83,30,125"/><W99/><G113/><T110/><D110/><U114/><E114/><V48/><F127/><W89/><G122/><T16/><D121/><U101/><E101/><V134/><F120/><W128/><G125/><T49/><D78/><U52/><E64/><V90/><F134/><W62/><G133/><T13/><D49/><U0/><E5/><V117/><F117/><W63/><G128/><T54/><D67/><U38/><E46/><V135/><F135/><W21/><G34/><T42/><D42/><U123/><E123/><V27/><F73/><W94/><G47/><T32/><D32/><U105/><REACH who="1" step="1"/><E105/><REACH who="1" ten="360,237,69,324" step="2"/><V60/><F81/><W66/><G7/><T87/><AGARI ba="1,1" hai="4,8,11,13,14,16,36,37,51,54,58,87,91,93" machi="87" ten="20,5200,0" yaku="0,1,7,1,52,1,54,1" doraHai="55" who="0" fromWho="0" sc="360,65,237,-14,69,-14,324,-27" owari="425,52.5,223,-17.7,55,-44.5,297,9.7" /></mjloggm>