<mjloggm ver="2.3"><GO type="225" lobby="0"/><UN n0="%E6%A1%9C%E8%8A%B1%E9%96%83%E3%80%85" n1="%E3%81%A4%E3%81%A3%E3%81%B1%E3%82%8A%E3%83%9D%E3%83%BC%E3%83%AB" n2="%72%69%6F%75%63%68%61%6E" n3="%E9%A2%A8%E7%B8%AB" dan="16,17,16,16" rate="2211.02,2228.99,2144.84,2125.91" sx="M,M,M,M"/><TAIKYOKU oya="0"/><INIT seed="0,0,0,5,2,104" ten="250,250,250,250" oya="0" hai0="46,84,11,100,130,28,90,98,128,126,56,8,4" hai1="47,49,38,63,68,121,79,102,59,13,21,108,73" hai2="62,9,26,39,36,123,114,83,97,35,72,1,40" hai3="124,18,105,34,6,94,75,53,10,32,31,96,129"/><T118/><D118/><U113/><E121/><V99/><F123/><W76/><G105/><T15/><D126/><U71/><E108/><V80/><F114/><W119/><G119/><T78/><D28/><U48/><E113/><V120/><F120/><W132/><G132/><T3/><D46/><U122/><E102/><V25/><F62/><W91/><G124/><T81/><D56/><U88/><E122/><V85/><F85/><W125/><G125/><T66/><D66/><U33/><E33/><V52/><F52/><W93/><G18/><T17/><REACH who="0" step="1"/><D78/><REACH who="0" ten="240,250,250,250" step="2"/><U61/><E59/><V43/><F35/><W60/><G31/><T44/><D44/><U16/><E79/><V45/><F45/><W58/><G129/><T115/><D115/><U27/><E47/><V116/><F116/><W22/><G34/><T133/><D133/><U69/><E69/><V74/><REACH who="2" step="1"/><F9/><REACH who="2" ten="240,250,240,250" step="2"/><W14/><G32/><T42/><D42/><U51/><E71/><V65/><F65/><W135/><G135/><T103/><D103/><U127/><E68/><V92/><F92/><AGARI ba="0,2" hai="3,4,8,11,15,17,81,84,90,92,98,100,128,130" machi="92" ten="40,2000,0" yaku="1,1,53,0" doraHai="104" doraHaiUra="111" who="0" fromWho="2" sc="240,40,250,0,240,-20,250,0" /><INIT seed="0,1,0,5,2,15" ten="280,250,220,250" oya="0" hai0="62,115,81,0,60,126,45,30,103,67,42,132,123" hai1="47,64,50,87,37,54,99,134,133,10,104,71,128" hai2="66,86,92,91,98,97,135,52,16,49,23,21,82" hai3="27,46,43,107,101,72,36,58,102,110,121,57,94"/><T129/><D115/><U11/><E128/><V17/><F135/><N who="1" m="51721" /><E87/><V80/><F66/><W39/><G72/><T24/><D132/><U29/><E29/><V74/><F74/><W55/><G110/><T116/><D116/><U83/><E83/><N who="2" m="31787" /><F21/><W79/><G79/><T26/><D0/><U3/><E3/><V108/><F108/><W106/><G58/><T125/><D123/><U120/><E120/><V88/><F23/><W73/><G73/><T4/><D4/><U114/><E114/><V56/><F97/><W109/><G39/><T5/><D129/><U28/><E28/><V48/><F48/><W90/><G27/><T44/><D26/><U127/><E127/><V25/><F25/><W34/><G34/><T118/><D24/><U13/><E37/><V124/><F124/><W51/><G109/><T65/><D30/><U8/><E64/><V9/><F9/><W105/><REACH who="3" step="1"/><G121/><REACH who="3" ten="280,250,220,240" step="2"/><T14/><D125/><U100/><E71/><V96/><F96/><AGARI ba="1,1" hai="36,43,46,51,55,57,90,94,96,101,102,105,106,107" machi="96" ten="40,2600,0" yaku="1,1,2,1,53,0" doraHai="15" doraHaiUra="20" who="3" fromWho="2" sc="280,0,250,0,220,-29,240,39" /><INIT seed="1,0,0,2,3,26" ten="280,250,191,279" oya="1" hai0="38,7,33,79,97,99,54,35,77,89,113,49,61" hai1="47,67,17,57,87,95,41,104,50,70,58,85,81" hai2="36,100,110,9,29,119,84,128,65,56,71,22,109" hai3="98,18,0,91,75,4,101,39,55,111,129,40,6"/><U63/><E104/><V112/><F119/><W23/><G111/><N who="2" m="42505" /><F71/><W16/><G75/><T92/><D38/><U15/><E95/><V88/><F36/><W30/><G0/><T107/><D113/><U114/><E114/><V13/><F112/><W12/><G91/><T42/><D7/><N who="3" m="2601" /><G39/><T20/><D35/><U25/><E25/><N who="2" m="16567" /><F128/><W45/><G40/><T51/><D33/><U53/><E81/><N who="2" m="49167" /><F100/><W117/><G101/><T93/><D107/><U24/><E24/><V83/><F83/><W34/><G34/><T130/><D130/><U78/><E78/><V28/><F28/><W127/><G30/><T19/><D79/><U132/><E132/><V66/><F56/><W126/><G117/><T116/><D77/><U86/><REACH who="1" step="1"/><E41/><REACH who="1" ten="280,240,191,279" step="2"/><V118/><F118/><W96/><G129/><T3/><D116/><U10/><AGARI ba="0,1" hai="10,15,17,47,50,53,57,58,63,67,70,85,86,87" machi="10" ten="30,6000,0" yaku="1,1,2,1,0,1,53,0" doraHai="26" doraHaiUra="72" who="1" fromWho="1" sc="280,-20,240,70,191,-20,279,-20" /><INIT seed="1,1,0,1,5,55" ten="260,310,171,259" oya="1" hai0="75,118,35,43,89,56,26,78,59,124,126,71,50" hai1="119,63,11,46,110,111,105,52,96,97,22,134,48" hai2="41,24,102,122,92,5,28,14,13,91,133,68,125" hai3="106,23,121,95,77,53,80,69,16,8,15,0,66"/><U115/><E115/><V104/><F125/><N who="0" m="48234" /><D118/><U67/><E119/><V32/><F133/><W19/><G106/><T37/><D71/><U38/><E134/><V65/><F122/><W17/><G121/><T107/><D37/><U10/><E22/><V132/><F132/><W103/><G0/><T21/><D35/><U113/><E38/><V74/><F74/><W83/><G66/><T70/><D70/><N who="1" m="42367" /><E113/><V128/><F128/><W64/><G64/><T131/><D107/><U7/><E105/><V54/><F41/><W112/><G69/><T39/><D50/><U73/><E73/><V82/><F82/><W58/><G112/><T30/><D89/><U135/><E135/><V33/><F33/><W123/><G123/><T84/><D75/><U87/><E87/><N who="2" m="52351" /><F54/><W117/><G19/><T60/><D60/><U1/><E11/><V27/><F24/><N who="3" m="14439" /><G77/><T20/><D20/><U25/><E25/><V51/><F51/><N who="3" m="31039" /><G117/><T85/><D131/><U49/><E49/><V72/><F72/><W18/><G18/><T127/><D127/><U36/><E36/><V120/><F120/><W81/><G81/><N who="0" m="47159" /><D39/><U31/><E31/><V129/><F129/><W2/><G2/><T47/><D30/><U76/><E76/><V101/><F104/><W116/><G116/><T86/><D26/><U29/><E29/><V108/><F28/><W34/><G34/><T90/><D21/><U130/><E130/><V61/><F32/><W57/><G57/><N who="0" m="22091" /><D90/><U114/><E114/><V94/><F68/><W12/><G12/><N who="2" m="4713" /><F65/><W98/><AGARI ba="1,0" hai="8,15,17,80,83,95,98,103" m="31039,14439" machi="98" ten="30,4000,0" yaku="8,1,52,1,54,1" doraHai="55" who="3" fromWho="3" sc="260,-11,310,-21,171,-11,259,43" /><INIT seed="2,0,0,4,0,74" ten="249,289,160,302" oya="2" hai0="108,109,102,67,12,66,107,57,37,43,8,130,20" hai1="48,75,0,42,2,72,101,105,17,134,111,82,118" hai2="131,83,106,112,6,110,56,94,32,21,64,34,19" hai3="49,60,23,79,71,40,59,113,91,99,73,30,39"/><V104/><F112/><W18/><G30/><T41/><D20/><U85/><E118/><V95/><F131/><W124/><G71/><T50/><D102/><U31/><E31/><V122/><F122/><W120/><G124/><T13/><D107/><U103/><E105/><V77/><F106/><W14/><G39/><T92/><D92/><U65/><E65/><N who="0" m="24585" /><D13/><U70/><E70/><V97/><F110/><N who="0" m="42602" /><D37/><U115/><E115/><V51/><F104/><W121/><G113/><T15/><D15/><U53/><E2/><V98/><F6/><W93/><G73/><T25/><D25/><U33/><E72/><V126/><F126/><W129/><G129/><T10/><D130/><U29/><E75/><V61/><F51/><W128/><G128/><T114/><D114/><U7/><E48/><V11/><F11/><N who="0" m="4138" /><D12/><U88/><E0/><V100/><F19/><W45/><G120/><T4/><D4/><U125/><E7/><V26/><F26/><W1/><G1/><T96/><D96/><U86/><E125/><V52/><F21/><W58/><G121/><T63/><D50/><U36/><E17/><V119/><F119/><W38/><G38/><T135/><D135/><U16/><E16/><V46/><F97/><W47/><G47/><T27/><D27/><N who="1" m="18623" /><E134/><V87/><REACH who="2" step="1"/><F95/><REACH who="2" ten="249,289,150,302" step="2"/><W132/><G132/><T133/><D133/><U68/><E111/><V116/><F116/><W84/><G49/><T5/><D5/><U69/><E36/><V117/><F117/><W81/><G99/><T123/><D123/><U44/><E42/><V24/><F24/><N who="3" m="14455" /><G40/><T9/><D9/><RYUUKYOKU ba="0,1" sc="249,15,289,-15,150,15,302,-15" hai0="41,43,57,63" hai2="32,34,46,52,56,61,64,77,83,87,94,98,100" /><INIT seed="2,1,1,1,5,41" ten="264,274,165,287" oya="2" hai0="65,90,77,113,31,16,107,82,78,62,10,109,86" hai1="112,4,106,132,116,96,105,133,19,99,34,24,2" hai2="129,118,50,21,123,45,35,54,39,63,17,97,121" hai3="61,130,74,102,115,60,124,100,85,128,135,64,101"/><V66/><F118/><W48/><G124/><T68/><D113/><U89/><E116/><V29/><F129/><N who="3" m="49771" /><G74/><T33/><D107/><N who="1" m="40971" /><E112/><V22/><F39/><W72/><G72/><T44/><D109/><U71/><E71/><V6/><F6/><W104/><G135/><N who="1" m="51786" /><E89/><V30/><F35/><W83/><G48/><T92/><D31/><N who="2" m="11786" /><F123/><W76/><G115/><T103/><D33/><U38/><E38/><V49/><F121/><W70/><G60/><T55/><D103/><U80/><E34/><V5/><F5/><W67/><G67/><T110/><D110/><U87/><E4/><V8/><F97/><AGARI ba="1,1" hai="61,64,70,76,83,85,97,100,101,102,104" m="49771" machi="97" ten="30,1000,0" yaku="19,1" doraHai="41" who="3" fromWho="2" sc="264,0,274,0,165,-13,287,23" /><INIT seed="3,0,0,0,1,113" ten="264,274,152,310" oya="3" hai0="45,59,34,49,121,64,135,74,125,44,96,123,15" hai1="120,58,91,71,10,5,128,103,2,19,14,67,92" hai2="112,33,54,52,55,38,6,115,35,131,114,98,107" hai3="77,126,80,86,22,122,18,89,30,65,95,109,93"/><W124/><G122/><T61/><D74/><U84/><E120/><N who="0" m="46153" /><D15/><U50/><E128/><V17/><F38/><W133/><G109/><T90/><D90/><U21/><E71/><V111/><F111/><W12/><G133/><T105/><D34/><U8/><E103/><V62/><F131/><W1/><G1/><T26/><D26/><U118/><E118/><V37/><F37/><W66/><G30/><T101/><D49/><U70/><E70/><V23/><F6/><W56/><G95/><T130/><D130/><U106/><E106/><V47/><F47/><W53/><G124/><T42/><D42/><U94/><E67/><V110/><F110/><W129/><G126/><T32/><D32/><U28/><E28/><V102/><REACH who="2" step="1"/><F62/><REACH who="2" ten="264,274,142,310" step="2"/><N who="3" m="36111" /><G129/><T7/><D7/><U11/><E5/><V116/><F116/><W119/><G119/><T39/><D125/><U88/><E2/><V82/><F82/><W100/><G100/><T108/><D108/><U72/><E50/><V20/><F20/><W85/><AGARI ba="0,1" hai="12,18,22,65,66,77,80,85,86,89,93" m="36111" machi="85" ten="30,1500,0" yaku="8,1" doraHai="113" who="3" fromWho="3" sc="264,-5,274,-5,142,-5,310,25" owari="259,-14.1,269,6.9,137,-36.3,335,43.5" /></mjloggm>