<mjloggm ver="2.3"><GO type="225" lobby="0"/><UN n0="%E6%A1%9C%E8%8A%B1%E9%96%83%E3%80%85" n1="%E3%81%AF%E3%82%88%E3%81%8A%E3%81%98%E3%81%95%E3%82%93" n2="%E9%80%9F%E6%B0%B4%E5%87%9B%E9%A6%99" n3="%E5%B8%86%E7%AB%8B%E5%A4%8F%E8%A1%A3" dan="16,16,16,17" rate="2140.22,2123.01,2137.82,2142.87" sx="M,M,F,M"/><TAIKYOKU oya="0"/><INIT seed="0,0,0,4,1,33" ten="250,250,250,250" oya="0" hai0="127,55,91,87,113,45,102,110,97,14,107,88,4" hai1="81,0,32,122,38,70,89,27,111,104,133,69,93" hai2="90,105,74,47,82,56,99,134,72,41,131,39,12" hai3="94,18,123,53,49,2,80,25,65,115,67,22,129"/><T21/><D113/><U116/><RYUUKYOKU type="yao9" ba="0,0" sc="250,0,250,0,250,0,250,0" hai1="0,27,32,38,69,70,81,89,93,104,111,116,122,133" /><INIT seed="0,1,0,5,2,43" ten="250,250,250,250" oya="0" hai0="54,45,10,131,82,66,125,72,60,64,65,2,103" hai1="17,8,3,6,86,133,98,123,41,42,109,108,135" hai2="39,23,76,46,92,121,93,120,57,134,69,50,107" hai3="24,58,61,100,88,114,40,106,110,30,132,53,19"/><T51/><D125/><U97/><E123/><V71/><F107/><W55/><G110/><N who="1" m="42602" /><E17/><V15/><F15/><W48/><G132/><N who="1" m="50762" /><E86/><V95/><F76/><W126/><G126/><T1/><D131/><U90/><E90/><V11/><F23/><N who="3" m="13439" /><G106/><T115/><D115/><U63/><E63/><V32/><F11/><W87/><G114/><T73/><D103/><U47/><E41/><V129/><F32/><W104/><G104/><T116/><D116/><U70/><E70/><V25/><F134/><W29/><G40/><T37/><D82/><U102/><E102/><V112/><F112/><W81/><G100/><T62/><D37/><AGARI ba="1,0" hai="3,6,8,37,42,47,97,98" m="50762,42602" machi="37" ten="30,3900,0" yaku="14,1,20,1,52,1" doraHai="43" who="1" fromWho="0" sc="250,-42,250,42,250,0,250,0" /><INIT seed="1,0,0,0,0,63" ten="208,292,250,250" oya="1" hai0="133,127,28,82,65,22,50,58,45,42,83,124,21" hai1="54,103,102,39,11,132,72,134,6,114,92,2,10" hai2="78,86,55,94,53,104,84,105,26,117,106,101,37" hai3="16,125,31,36,59,4,123,99,122,32,110,96,87"/><U81/><E114/><V7/><F7/><W20/><G36/><T49/><D133/><N who="1" m="51307" /><E39/><V88/><F37/><W120/><G110/><T18/><D28/><U47/><E10/><V60/><F117/><W112/><G125/><N who="0" m="48203" /><D22/><U111/><E111/><V73/><F26/><W75/><G75/><T135/><D135/><U62/><E92/><V44/><F44/><W67/><G4/><T126/><N who="0" m="48211" /><T113/><DORA hai="91" /><D113/><U93/><E93/><V121/><F121/><W34/><G87/><T130/><D130/><U40/><E40/><V118/><F118/><W89/><G112/><T90/><D90/><U17/><E17/><V30/><F30/><W5/><G5/><T27/><D50/><N who="1" m="29023" /><E62/><AGARI ba="0,0" hai="18,21,27,42,45,49,58,62,65,82,83" m="48211" machi="62" ten="40,2600,0" yaku="18,1,52,1" doraHai="63,91" who="0" fromWho="1" sc="208,26,292,-26,250,0,250,0" /><INIT seed="2,0,0,3,0,78" ten="234,266,250,250" oya="2" hai0="53,97,103,29,125,35,77,12,124,131,91,43,40" hai1="14,83,98,73,37,108,133,25,60,105,2,33,120" hai2="94,44,58,31,0,15,89,11,130,5,56,81,84" hai3="132,127,82,55,19,95,57,112,119,111,61,117,18"/><V21/><F130/><W32/><G32/><T4/><D131/><U16/><E2/><V87/><F44/><W121/><G121/><T126/><D91/><U45/><E108/><V7/><F7/><W75/><G111/><T93/><D53/><U50/><E37/><V70/><F70/><W24/><G112/><T123/><D123/><U3/><E3/><V9/><F9/><W104/><G104/><T72/><D12/><U42/><E120/><V59/><F0/><W134/><G95/><T113/><D4/><U13/><E133/><N who="3" m="51306" /><G127/><T17/><D17/><N who="3" m="6153" /><G24/><N who="0" m="18855" /><D113/><U22/><E33/><V122/><F122/><W23/><G23/><T106/><D106/><U30/><E30/><V88/><F21/><W62/><G62/><T76/><D76/><AGARI ba="0,0" hai="55,57,61,75,76,82,117,119" m="6153,51306" machi="76" ten="30,2000,0" yaku="20,1,52,1" doraHai="78" who="3" fromWho="0" sc="234,-20,266,0,250,0,250,20" /><INIT seed="3,0,0,2,3,90" ten="214,266,250,270" oya="3" hai0="19,134,12,74,96,3,70,118,105,92,4,43,77" hai1="121,71,127,48,117,107,40,131,22,91,60,9,99" hai2="93,119,26,17,29,16,46,97,6,0,79,75,83" hai3="84,85,133,56,95,31,27,25,50,57,80,123,104"/><W36/><G104/><T33/><D118/><U63/><E121/><V34/><F119/><W82/><G36/><T65/><D105/><U39/><E39/><V100/><REACH who="2" step="1"/><F46/><REACH who="2" ten="214,266,240,270" step="2"/><W2/><G123/><T30/><D134/><U94/><E117/><V24/><F24/><W101/><G133/><T45/><D45/><U108/><E108/><V44/><F44/><W126/><G27/><T98/><D43/><U15/><E40/><V28/><F28/><W42/><G25/><T49/><D30/><U66/><E127/><V125/><F125/><W88/><G31/><T59/><D33/><U41/><E41/><V35/><F35/><W68/><G126/><T62/><D3/><U61/><E131/><V58/><F58/><W122/><G2/><T130/><D130/><U110/><E110/><V76/><F76/><N who="3" m="46087" /><G122/><T115/><D77/><U55/><E71/><V124/><F124/><W89/><G68/><T11/><D70/><U54/><E55/><V86/><F86/><N who="3" m="50263" /><G101/><T73/><D73/><U53/><E54/><V87/><F87/><W103/><G103/><T113/><D74/><U13/><E53/><V129/><F129/><W32/><G32/><T132/><D132/><U8/><E66/><V67/><F67/><W64/><G64/><T47/><D65/><U20/><E13/><V21/><F21/><W52/><G42/><T120/><D120/><U18/><E20/><V102/><F102/><W81/><G57/><T14/><D59/><U114/><E22/><V128/><F128/><W109/><G109/><T5/><D47/><U135/><E135/><V111/><F111/><RYUUKYOKU ba="0,1" sc="214,-15,266,-15,240,15,270,15" hai2="0,6,16,17,26,29,34,75,79,83,93,97,100" hai3="50,52,56,81,85,89,95" /><INIT seed="3,1,1,3,5,76" ten="199,251,255,285" oya="3" hai0="101,63,91,6,80,46,128,14,52,62,66,57,19" hai1="124,122,16,104,2,15,35,115,48,53,87,95,106" hai2="77,45,25,98,47,102,50,132,97,133,93,34,40" hai3="65,123,79,70,75,99,30,105,1,111,8,55,94"/><W38/><G38/><T17/><D128/><U74/><E115/><V90/><F77/><W125/><G123/><T5/><D101/><U113/><E113/><V64/><F64/><W54/><G30/><T82/><D91/><U81/><E122/><V88/><F34/><W134/><G105/><T129/><D129/><U4/><E35/><V121/><F121/><W39/><G39/><T89/><D89/><N who="1" m="53695" /><E4/><N who="0" m="1641" /><D19/><U78/><E2/><V28/><F28/><W41/><G8/><N who="0" m="6343" /><D63/><U18/><E124/><V44/><F25/><W59/><G1/><T116/><D116/><U68/><E68/><V21/><F21/><W3/><G3/><T56/><D56/><N who="1" m="32807" /><E18/><V12/><F12/><W26/><G125/><T13/><D13/><U114/><E114/><V42/><F90/><N who="3" m="55767" /><G70/><T10/><D10/><U69/><E69/><V20/><F20/><AGARI ba="1,1" hai="15,16,20,74,78,81,104,106" m="32807,53695" machi="20" ten="30,3900,0" yaku="25,1,52,1,54,1" doraHai="76" who="1" fromWho="2" sc="199,0,251,52,255,-42,285,0" owari="199,-30.1,303,40.3,213,-18.7,285,8.5" /></mjloggm>