<mjloggm ver="2.3"><GO type="225" lobby="0"/><UN n0="%73%69%72%6F%75%74" n1="%E3%81%A1%E3%82%85%E3%81%86%E3%81%A9%E3%81%8F%E8%B1%A1%E3%81%95%E3%82%93" n2="%72%61%6B%33" n3="%43%68%65" dan="16,16,17,16" rate="2147.12,2080.59,2271.19,2152.18" sx="M,M,M,M"/><TAIKYOKU oya="0"/><INIT seed="0,0,0,2,1,10" ten="250,250,250,250" oya="0" hai0="91,3,117,93,72,7,131,133,71,36,38,83,45" hai1="13,40,84,0,99,24,100,58,97,54,33,64,113" hai2="25,1,108,73,109,126,20,6,86,56,59,124,5" hai3="122,102,105,82,48,129,68,31,77,123,94,75,16"/><T101/><D117/><U55/><E0/><V15/><F73/><W37/><G37/><T23/><D71/><U85/><E40/><V63/><F86/><W134/><G68/><T114/><D114/><U61/><E113/><V46/><F46/><W96/><G31/><T26/><D133/><U21/><E33/><V27/><F63/><W70/><G70/><T110/><D131/><U17/><E99/><V30/><F59/><W9/><G48/><T28/><D110/><N who="2" m="42602" /><F56/><W89/><G134/><T119/><D119/><U115/><E115/><V12/><F1/><W44/><G44/><T74/><D101/><U112/><E112/><V104/><F104/><W66/><G66/><T29/><D38/><U11/><E54/><V78/><F78/><W65/><G65/><T43/><D83/><U130/><E55/><V132/><F132/><W76/><G76/><T106/><D106/><U80/><E130/><V42/><F42/><W116/><G129/><T128/><D128/><U103/><E80/><V92/><F92/><W118/><G118/><T98/><D72/><U111/><E111/><V49/><F49/><W79/><G79/><T135/><D74/><U62/><E62/><V51/><F51/><W88/><G116/><T22/><D135/><U8/><E8/><N who="2" m="4111" /><F27/><W60/><G60/><T2/><D2/><U32/><E32/><N who="2" m="20559" /><F6/><W4/><G4/><T52/><D52/><U41/><E41/><V107/><F107/><W57/><G57/><T35/><D3/><U95/><E100/><V19/><AGARI ba="0,0" hai="15,19,20,124,126" m="20559,4111,42602" machi="19" ten="30,8000,1" yaku="14,1,34,2,52,2" doraHai="10" who="2" fromWho="2" sc="250,-40,250,-20,250,80,250,-20" /><INIT seed="1,0,0,1,1,65" ten="210,230,330,230" oya="1" hai0="108,25,78,63,14,69,93,17,61,9,46,12,18" hai1="27,40,54,23,103,29,124,75,68,31,7,82,50" hai2="0,38,15,53,85,76,71,131,121,98,4,62,107" hai3="72,109,8,119,87,102,51,11,100,129,47,113,43"/><U3/><E40/><V45/><F131/><W99/><G72/><T6/><D108/><U42/><E42/><V86/><F0/><W128/><G113/><T39/><D78/><U125/><E103/><V101/><F121/><W88/><G109/><T2/><D39/><U60/><E3/><V52/><F38/><W66/><G66/><T41/><D93/><U58/><E7/><V70/><F45/><W122/><G122/><T112/><D112/><U77/><E29/><V89/><F76/><W13/><G119/><T10/><D69/><U96/><E96/><V34/><F34/><W57/><G57/><T48/><REACH who="0" step="1"/><D25/><REACH who="0" ten="200,230,330,230" step="2"/><U83/><E83/><V115/><F115/><W94/><G102/><T117/><D117/><U55/><REACH who="1" step="1"/><E68/><REACH who="1" ten="200,220,330,230" step="2"/><V114/><F114/><W36/><G36/><T104/><D104/><U67/><E67/><V111/><F70/><W126/><G129/><T28/><D28/><U20/><E20/><AGARI ba="0,2" hai="2,6,9,10,12,14,17,18,20,41,46,48,61,63" machi="20" ten="30,2000,0" yaku="1,1,7,1,53,0" doraHai="65" doraHaiUra="134" who="0" fromWho="1" sc="200,40,220,-20,330,0,230,0" /><INIT seed="2,0,0,0,1,4" ten="240,200,330,230" oya="2" hai0="64,59,86,121,85,101,48,115,28,30,46,128,107" hai1="41,72,100,118,134,79,24,71,93,98,21,16,76" hai2="56,37,113,99,35,94,69,2,135,132,104,129,22" hai3="36,120,122,89,68,126,32,34,42,95,96,87,23"/><V25/><F69/><W10/><G68/><T133/><D115/><U7/><E134/><V92/><F113/><W123/><G126/><T83/><D121/><U13/><E118/><V14/><F2/><W70/><G70/><T88/><D107/><U109/><E109/><V62/><F37/><W9/><G23/><T106/><D106/><U119/><E119/><V125/><F35/><W75/><G75/><T77/><D101/><U52/><E71/><V110/><F125/><W54/><G54/><T6/><D6/><U66/><E66/><V108/><F104/><W53/><G34/><T124/><D128/><U39/><E72/><V61/><F14/><W20/><G32/><T84/><D133/><N who="2" m="51274" /><F129/><W78/><G53/><N who="0" m="29847" /><D124/><U67/><E67/><N who="2" m="39335" /><F62/><W44/><REACH who="3" step="1"/><G20/><REACH who="3" ten="240,200,330,220" step="2"/><T45/><D64/><U81/><E41/><V38/><F22/><W80/><AGARI ba="0,1" hai="9,10,36,42,44,78,80,87,89,95,96,120,122,123" machi="80" ten="40,8000,1" yaku="1,1,2,1,0,1,52,2,53,0" doraHai="4" doraHaiUra="57" who="3" fromWho="3" sc="240,-20,200,-20,330,-40,220,90" /><INIT seed="3,0,0,2,0,93" ten="220,180,290,310" oya="3" hai0="107,112,11,54,50,57,12,22,27,84,59,127,64" hai1="96,21,72,63,18,129,101,81,115,100,66,13,119" hai2="104,70,113,79,109,97,80,110,14,69,83,2,38" hai3="78,61,95,30,8,20,117,42,49,103,73,24,118"/><W51/><G73/><T55/><D107/><U87/><E115/><V121/><F113/><W47/><G78/><T40/><D127/><U90/><E129/><V45/><F2/><W4/><G51/><T7/><D40/><U120/><E119/><V16/><F121/><W56/><G95/><T89/><D64/><U68/><E120/><V131/><F131/><W125/><G103/><T48/><D112/><U82/><E100/><N who="2" m="62479" /><F45/><W52/><G125/><T43/><D43/><U92/><REACH who="1" step="1"/><E72/><REACH who="1" ten="220,170,290,310" step="2"/><N who="2" m="43111" /><F38/><W60/><G60/><T116/><D116/><U94/><AGARI ba="0,1" hai="13,18,21,63,66,68,81,82,87,90,92,94,96,101" machi="94" ten="20,5200,0" yaku="1,1,0,1,7,1,52,1,53,0" doraHai="93" doraHaiUra="46" who="1" fromWho="1" sc="220,-13,170,62,290,-13,310,-26" /><INIT seed="4,0,0,3,1,35" ten="207,232,277,284" oya="0" hai0="67,33,12,31,116,22,133,5,99,102,7,47,57" hai1="11,69,21,101,3,36,10,53,48,77,18,78,74" hai2="29,87,26,92,63,28,91,17,100,49,42,54,44" hai3="0,13,107,6,132,130,117,72,30,41,118,95,40"/><T89/><D116/><U52/><E36/><V8/><F100/><W123/><G107/><T114/><D33/><U126/><E69/><V51/><F63/><W75/><G0/><T134/><D114/><U111/><E111/><V103/><F103/><W38/><G30/><T19/><D89/><U83/><E126/><V73/><F73/><W46/><G41/><T119/><D47/><U109/><E109/><V68/><F68/><W76/><G95/><N who="0" m="58751" /><D119/><U32/><E32/><V16/><F8/><W2/><G13/><T62/><D31/><N who="2" m="11850" /><F26/><W86/><G86/><T79/><D79/><U97/><E78/><V14/><F14/><W104/><G104/><T106/><D106/><U98/><E98/><V37/><F37/><W108/><G108/><T65/><D67/><U70/><E70/><V23/><F23/><W129/><G123/><T127/><D127/><U9/><E3/><V113/><F113/><W81/><G75/><T135/><AGARI ba="0,0" hai="5,7,12,19,22,57,62,65,133,134,135" m="58751" machi="135" ten="30,1500,0" yaku="20,1" doraHai="35" who="0" fromWho="0" sc="207,15,232,-5,277,-5,284,-5" /><INIT seed="4,1,0,3,0,61" ten="222,227,272,279" oya="0" hai0="109,46,42,116,6,88,112,14,3,75,122,10,100" hai1="86,103,118,102,124,77,59,131,40,54,31,38,55" hai2="65,62,58,104,17,28,132,57,51,67,133,110,69" hai3="4,121,82,63,41,26,56,5,0,9,96,64,60"/><T24/><D116/><U15/><E118/><V85/><F110/><W107/><G121/><T125/><D122/><U113/><E124/><V70/><F104/><W20/><G5/><T30/><D109/><U2/><E2/><V13/><F28/><W94/><G107/><T130/><D125/><U53/><E31/><V35/><F35/><W16/><G41/><T111/><D111/><U45/><E131/><V23/><F85/><W92/><G82/><T101/><D130/><U36/><E36/><V108/><F108/><W48/><G48/><N who="0" m="26711" /><D3/><U66/><E113/><V127/><F127/><W72/><G72/><T74/><D74/><U81/><REACH who="1" step="1"/><E15/><REACH who="1" ten="222,217,272,279" step="2"/><V97/><F13/><W135/><G135/><T47/><D112/><U52/><N who="1" m="13312" /><DORA hai="44" /><U43/><E43/><V79/><F133/><W83/><G63/><AGARI ba="1,1" hai="38,40,45,59,63,66,77,81,86,102,103" m="13312" machi="63" ten="50,6400,0" yaku="1,1,52,1,54,1,53,0" doraHai="61,44" doraHaiUra="93,106" who="1" fromWho="3" sc="222,0,217,77,272,0,279,-67" /><INIT seed="5,0,0,1,3,48" ten="222,294,272,212" oya="1" hai0="62,64,55,135,6,74,40,97,49,35,29,75,87" hai1="82,19,77,126,90,41,124,86,66,14,31,81,79" hai2="95,24,58,92,83,104,15,68,98,25,85,91,93" hai3="27,52,78,69,105,129,127,51,18,134,117,9,108"/><U70/><E31/><V22/><F68/><W10/><G108/><T45/><D6/><U119/><E119/><V111/><F111/><W94/><G105/><T0/><D0/><U50/><E66/><V84/><F104/><W56/><G117/><T113/><D97/><U17/><E70/><V26/><F85/><W65/><G127/><N who="1" m="48682" /><E14/><V61/><F15/><W130/><G78/><N who="1" m="29706" /><E81/><V1/><F1/><W23/><G134/><T54/><D135/><U76/><E76/><V109/><F109/><W106/><G106/><T103/><D74/><U38/><E38/><V59/><F59/><W5/><G94/><T125/><D75/><U67/><E67/><V114/><F114/><W107/><G107/><T123/><D113/><U43/><E43/><V112/><F112/><W116/><G116/><T8/><D125/><U72/><E72/><V80/><F80/><W60/><REACH who="3" step="1"/><G5/><REACH who="3" ten="222,294,272,202" step="2"/><T133/><D133/><U30/><E82/><V16/><F98/><W132/><G132/><T12/><D123/><U128/><E128/><AGARI ba="0,1" hai="9,10,18,23,27,51,52,56,60,65,69,128,129,130" machi="128" ten="40,8000,1" yaku="1,1,19,1,52,1,54,1,53,0" doraHai="48" doraHaiUra="36" who="3" fromWho="1" sc="222,0,294,-80,272,0,202,90" /><INIT seed="6,0,0,4,4,65" ten="222,214,272,292" oya="2" hai0="94,24,68,124,62,119,70,8,108,20,11,71,76" hai1="123,54,57,2,34,16,95,121,89,13,96,125,113" hai2="41,21,46,87,72,75,112,39,64,111,74,1,60" hai3="117,3,101,69,73,28,17,40,126,58,127,92,84"/><V50/><F112/><W107/><G73/><T47/><D108/><U135/><E113/><V63/><F111/><W77/><G69/><T134/><D76/><U10/><E135/><V120/><F120/><N who="1" m="46153" /><E125/><N who="3" m="47626" /><G117/><T33/><D119/><U115/><E115/><V4/><F63/><W132/><G132/><T61/><D134/><U78/><E78/><V31/><F87/><W5/><G28/><T15/><D33/><U88/><E34/><V99/><F99/><N who="3" m="61887" /><G40/><T7/><D70/><U66/><E2/><V51/><F4/><W48/><G17/><T106/><D68/><U98/><E66/><V36/><F1/><W118/><G118/><T14/><D71/><U100/><E96/><V116/><F116/><W25/><G25/><T19/><D124/><U80/><E80/><V79/><F79/><W30/><G30/><T81/><D81/><U37/><E37/><V27/><REACH who="2" step="1"/><F39/><REACH who="2" ten="222,214,262,292" step="2"/><W18/><G77/><T105/><D62/><AGARI ba="0,1" hai="10,13,16,54,57,62,88,89,95,98,100" m="46153" machi="62" ten="30,3900,0" yaku="13,1,54,2" doraHai="65" who="1" fromWho="0" sc="222,-39,214,49,262,0,292,0" /><INIT seed="7,0,0,1,3,66" ten="183,263,262,292" oya="3" hai0="16,122,114,33,111,25,58,73,103,36,23,70,93" hai1="108,85,99,10,112,129,52,56,110,81,19,127,57" hai2="50,79,17,90,31,42,133,61,71,8,76,7,45" hai3="84,101,109,18,98,9,105,131,28,26,4,121,116"/><W126/><G121/><T44/><D73/><U27/><E112/><V75/><F133/><W6/><G116/><T120/><D111/><U60/><E127/><V15/><F31/><W24/><G126/><T20/><D33/><U132/><E99/><V67/><F75/><W29/><G109/><T59/><D114/><U32/><E132/><V80/><F80/><W55/><G131/><T96/><D120/><U39/><E39/><V94/><REACH who="2" step="1"/><F7/><REACH who="2" ten="183,263,252,292" step="2"/><W37/><G6/><T106/><D122/><U65/><E108/><V30/><F30/><W72/><G72/><T68/><D106/><U135/><E135/><V88/><F88/><W14/><G29/><T51/><D36/><U130/><E110/><V128/><F128/><N who="1" m="49257" /><E32/><V134/><F134/><W100/><G100/><T78/><D78/><N who="1" m="46263" /><E27/><V3/><F3/><W40/><G26/><T113/><D113/><U107/><E107/><V5/><F5/><W43/><G37/><T119/><D119/><U104/><E104/><V11/><F11/><W0/><G0/><T82/><D82/><U47/><E10/><V49/><F49/><W53/><G4/><T46/><D23/><U89/><E89/><V74/><F74/><W21/><G84/><AGARI ba="0,1" hai="8,15,17,42,45,50,61,67,71,76,79,84,90,94" machi="84" ten="30,7700,0" yaku="1,1,7,1,52,1,53,1" doraHai="66" doraHaiUra="83" who="2" fromWho="3" sc="183,0,263,0,252,87,292,-77" owari="183,-31.7,263,6.3,339,43.9,215,-18.5" /></mjloggm>