<mjloggm ver="2.3"><GO type="225" lobby="0"/><UN n0="%E3%81%BF%E3%81%BF%E3%81%9A" n1="%72%69%6F%75%63%68%61%6E" n2="%E3%82%8C%E3%81%99%E3%81%93" n3="%E3%82%AF%E3%82%A3%E3%82%A6" dan="17,16,16,16" rate="2237.60,2213.74,2121.15,2105.16" sx="M,M,F,M"/><TAIKYOKU oya="0"/><INIT seed="0,0,0,4,1,71" ten="250,250,250,250" oya="0" hai0="13,18,26,66,111,87,94,48,98,134,55,43,41" hai1="90,101,73,1,11,40,125,114,118,50,27,128,42" hai2="129,53,109,70,107,116,85,6,78,16,45,133,119" hai3="31,56,19,83,76,46,15,86,122,58,44,104,2"/><T4/><D134/><U135/><E118/><N who="2" m="45099" /><F70/><W120/><G2/><T93/><D66/><U106/><E73/><V68/><F68/><W82/><G31/><T49/><D111/><U7/><E135/><V24/><F107/><W57/><G104/><T60/><D4/><U64/><E125/><V52/><F133/><W62/><G62/><T103/><D26/><U132/><E132/><V54/><F109/><W67/><G67/><T130/><D60/><U21/><E128/><V113/><F113/><W81/><G86/><T25/><D25/><U95/><E114/><V75/><F129/><W9/><REACH who="3" step="1"/><G76/><REACH who="3" ten="250,250,250,240" step="2"/><T65/><D65/><U124/><E64/><V14/><F85/><W47/><AGARI ba="0,1" hai="9,15,19,44,46,47,56,57,58,81,82,83,120,122" machi="47" ten="40,8000,1" yaku="1,1,2,1,0,1,29,2,53,0" doraHai="71" doraHaiUra="115" who="3" fromWho="3" sc="250,-40,250,-20,250,-20,240,90" /><INIT seed="1,0,0,1,3,57" ten="210,230,230,330" oya="1" hai0="50,23,29,0,131,117,51,44,100,81,15,4,60" hai1="18,76,82,93,89,84,126,99,114,56,118,5,33" hai2="70,9,58,1,75,47,90,121,49,30,13,83,8" hai3="129,35,98,103,122,24,73,7,40,20,123,45,77"/><U61/><E126/><V16/><F70/><W6/><G129/><T94/><D117/><U135/><E135/><V97/><F121/><W92/><G35/><T79/><D131/><U96/><E114/><V106/><F30/><W124/><G124/><T42/><D0/><U64/><E118/><V21/><F1/><W27/><G123/><T128/><D128/><U69/><E33/><V32/><F32/><W74/><G122/><T119/><D119/><U2/><E18/><V14/><F58/><W111/><G111/><T109/><D109/><U65/><E69/><V22/><F106/><W91/><G77/><T68/><D51/><U102/><E64/><V132/><F132/><W54/><G54/><T34/><D34/><U112/><E112/><V38/><F38/><W43/><G103/><T108/><D108/><U87/><REACH who="1" step="1"/><E102/><REACH who="1" ten="210,220,230,330" step="2"/><V66/><F66/><W120/><G120/><T53/><D68/><U127/><E127/><V10/><F16/><W12/><G6/><T41/><D4/><U133/><E133/><V25/><F22/><W88/><G7/><T28/><D28/><U3/><E3/><V125/><F21/><W62/><G20/><T80/><D29/><U85/><E85/><V116/><F125/><W39/><G98/><N who="0" m="59479" /><D23/><U31/><E31/><V37/><F116/><W86/><G27/><T19/><D19/><U110/><E110/><V55/><F25/><W113/><G24/><T63/><D15/><U48/><E48/><V36/><F14/><W17/><G113/><T115/><D115/><U46/><E46/><V72/><F13/><W52/><G12/><RYUUKYOKU ba="0,1" sc="210,-10,220,30,230,-10,330,-10" hai1="2,5,56,61,65,76,82,84,87,89,93,96,99" /><INIT seed="1,1,1,1,4,96" ten="200,250,220,320" oya="1" hai0="114,57,127,4,115,66,131,44,100,9,62,97,98" hai1="81,89,71,46,116,20,102,119,59,103,24,125,84" hai2="90,27,68,23,53,109,48,135,65,37,72,120,76" hai3="111,25,14,69,1,112,2,5,21,77,82,118,17"/><U29/><E71/><V73/><F120/><W78/><G112/><T36/><D98/><U94/><E125/><V3/><F3/><W74/><G111/><T88/><D127/><U31/><E31/><V58/><F109/><W50/><G118/><T0/><D131/><U129/><E129/><V80/><F135/><W64/><G78/><T70/><D88/><N who="1" m="51215" /><E119/><V19/><F37/><W13/><G50/><T7/><D57/><U130/><E116/><V67/><F68/><W99/><G99/><T11/><D44/><U26/><E26/><V124/><F124/><W32/><G13/><T30/><D36/><U86/><E130/><V28/><F73/><W18/><G5/><T122/><D30/><U105/><E105/><V95/><REACH who="2" step="1"/><F28/><REACH who="2" ten="200,250,210,320" step="2"/><W15/><G69/><T117/><D122/><U113/><E113/><V128/><F128/><W39/><G39/><T10/><D117/><U85/><E46/><V47/><F47/><W75/><G1/><N who="0" m="143" /><D10/><U42/><E42/><V49/><F49/><W8/><G2/><T104/><AGARI ba="1,2" hai="0,7,11,62,66,70,97,100,104,114,115" m="143" machi="104" ten="30,2000,0" yaku="23,1,52,1" doraHai="96" who="0" fromWho="0" sc="200,43,250,-11,210,-6,320,-6" /><INIT seed="2,0,0,4,3,17" ten="243,239,204,314" oya="2" hai0="93,134,91,113,78,11,25,107,19,28,46,65,15" hai1="47,21,70,132,60,90,129,20,120,16,124,88,68" hai2="56,35,30,27,84,86,44,36,14,97,0,122,80" hai3="85,39,38,10,74,121,92,63,115,127,54,119,69"/><V131/><F122/><W114/><G119/><T51/><D107/><U118/><E118/><V95/><F0/><W29/><G121/><T18/><D113/><N who="3" m="43017" /><G127/><T130/><D130/><U73/><E120/><V31/><F131/><W22/><G74/><T7/><D134/><U82/><E129/><V128/><F128/><W71/><G10/><T33/><D78/><U2/><E2/><V67/><F31/><W76/><G54/><T106/><D65/><U55/><E21/><V79/><F14/><W81/><G92/><T123/><D106/><U66/><E68/><N who="3" m="26186" /><G63/><T6/><D6/><U12/><E132/><V41/><F67/><W32/><G32/><T3/><D3/><U99/><E124/><V117/><F117/><W45/><G45/><T9/><D9/><U58/><E47/><V52/><F80/><W133/><G133/><T100/><D100/><U72/><E99/><V111/><F79/><W83/><G83/><T101/><D101/><U103/><E103/><V42/><F42/><W112/><G112/><T49/><D123/><U77/><REACH who="1" step="1"/><E72/><REACH who="1" ten="243,229,204,314" step="2"/><V102/><REACH who="2" step="1"/><F111/><REACH who="2" ten="243,229,194,314" step="2"/><W48/><G81/><T24/><D28/><U53/><E53/><V135/><F135/><W109/><G29/><T94/><D15/><U4/><E4/><V13/><F13/><W104/><G109/><T57/><D7/><U40/><E40/><V125/><F125/><W26/><G26/><T75/><D75/><U59/><E59/><V126/><F126/><W89/><G76/><T43/><D57/><U62/><AGARI ba="0,2" hai="12,16,20,55,58,60,62,66,70,73,77,82,88,90" machi="62" ten="20,12000,2" yaku="1,1,0,1,7,1,52,1,54,2,53,0" doraHai="17" doraHaiUra="110" who="1" fromWho="1" sc="243,-30,229,140,194,-60,314,-30" /><INIT seed="3,0,0,4,4,16" ten="213,369,134,284" oya="3" hai0="117,72,104,78,4,19,21,5,102,60,55,23,20" hai1="17,79,132,24,133,27,32,10,97,65,74,67,40" hai2="30,76,37,63,49,9,52,22,112,93,105,130,45" hai3="31,1,57,2,90,25,115,98,39,54,26,7,122"/><W120/><G39/><T64/><D117/><U42/><E97/><V6/><F112/><W68/><G68/><T34/><D34/><U124/><E124/><V128/><F105/><W114/><G90/><T75/><D19/><U108/><E108/><V73/><F93/><W110/><G57/><T82/><D55/><U100/><E100/><V13/><F37/><W134/><G98/><T85/><D104/><U11/><E32/><V80/><REACH who="2" step="1"/><F63/><REACH who="2" ten="213,369,124,284" step="2"/><W119/><G119/><T46/><D102/><U56/><E133/><V92/><F92/><W48/><G134/><T95/><D46/><U14/><E132/><V99/><F99/><W58/><G115/><T121/><D121/><U87/><E67/><V131/><F131/><W81/><G114/><T123/><D123/><U3/><E65/><V109/><F109/><W51/><G110/><T62/><D62/><U83/><E10/><V77/><F77/><W96/><G96/><T88/><REACH who="0" step="1"/><D75/><REACH who="0" ten="203,369,124,284" step="2"/><U101/><E74/><V59/><F59/><AGARI ba="0,2" hai="4,5,20,21,23,59,60,64,72,78,82,85,88,95" machi="59" ten="40,12000,2" yaku="1,1,2,1,52,3,54,1,53,0" doraHai="16" doraHaiUra="113" who="0" fromWho="2" sc="203,140,369,0,124,-120,284,0" owari="343,14.3,369,46.9,4,-49.6,284,-11.6" /></mjloggm>