<mjloggm ver="2.3"><GO type="225" lobby="0"/><UN n0="%E3%82%BC%E3%83%AB%E3%83%80%E3%81%AE%E4%BC%9D%E8%AA%AC" n1="%E3%81%B7%E3%82%8A%E3%82%93%E8%81%96%E4%BA%BA" n2="%73%6C%69%63%6B%33%31%39" n3="%E5%80%89%E6%A9%8B%EF%BC%A0%E4%BA%8B%E5%8B%99" dan="16,16,16,16" rate="2109.53,2148.25,2183.55,2086.05" sx="M,M,M,M"/><TAIKYOKU oya="0"/><INIT seed="0,0,0,0,5,32" ten="250,250,250,250" oya="0" hai0="93,99,101,2,57,53,119,0,86,19,122,5,56" hai1="3,66,125,133,80,108,31,128,129,22,103,114,44" hai2="42,10,64,132,96,104,90,13,18,16,113,58,79" hai3="82,116,72,35,102,29,126,50,38,27,24,63,106"/><T89/><D119/><U9/><E103/><V26/><F113/><W100/><G116/><T111/><D122/><U39/><E66/><V40/><F132/><W54/><G38/><T7/><D111/><U131/><E80/><V43/><F79/><W130/><G126/><T28/><D28/><U25/><E44/><V94/><F104/><W135/><G135/><T92/><D19/><U67/><E67/><V37/><F37/><W49/><G130/><T20/><D20/><U81/><E81/><V95/><F95/><W117/><G117/><T15/><D15/><U107/><E107/><V85/><F96/><W62/><G24/><T59/><REACH who="0" step="1"/><D53/><REACH who="0" ten="240,250,250,250" step="2"/><U51/><E108/><V55/><F26/><W110/><G110/><T14/><D14/><U97/><E133/><V84/><F18/><W71/><G54/><T17/><D17/><U11/><E114/><V87/><REACH who="2" step="1"/><F64/><REACH who="2" ten="240,250,240,250" step="2"/><W78/><G29/><T74/><D74/><U45/><E31/><V47/><F47/><W120/><G72/><T112/><D112/><U34/><E45/><V23/><F23/><W76/><G35/><T61/><D61/><AGARI ba="0,2" hai="10,13,16,40,42,43,55,58,61,84,85,87,90,94" machi="61" ten="40,5200,0" yaku="1,1,8,1,54,1,53,0" doraHai="32" doraHaiUra="65" who="2" fromWho="0" sc="240,-52,250,0,240,72,250,0" /><INIT seed="1,0,0,1,4,11" ten="188,250,312,250" oya="1" hai0="127,79,104,91,29,78,66,109,58,82,0,75,17" hai1="3,71,8,124,101,4,52,133,107,114,123,106,18" hai2="43,21,67,13,94,113,57,99,83,41,132,102,126" hai3="42,96,92,33,98,12,105,63,84,70,89,38,61"/><U27/><E71/><V19/><F126/><W64/><G33/><T7/><D127/><U51/><E124/><V121/><F132/><W85/><G61/><T88/><D104/><U31/><E133/><V134/><F121/><W76/><G76/><T125/><D125/><U128/><E123/><V81/><F113/><W47/><REACH who="3" step="1"/><G12/><REACH who="3" ten="188,250,312,240" step="2"/><T62/><D109/><U45/><E114/><V1/><F1/><W115/><G115/><T111/><D111/><U56/><E128/><V97/><F134/><W95/><G95/><T112/><D112/><U103/><E106/><V65/><F83/><W118/><G118/><T93/><D79/><U135/><E135/><V10/><F81/><W122/><G122/><T80/><D80/><U119/><E119/><V110/><F110/><W34/><G34/><T26/><D93/><U73/><E107/><V100/><F94/><W22/><G22/><T46/><D82/><U60/><E73/><V131/><F21/><W37/><G37/><T72/><D78/><U30/><E101/><AGARI ba="0,1" hai="38,42,47,63,64,70,84,85,89,92,96,98,101,105" machi="101" ten="40,1300,0" yaku="1,1,53,0" doraHai="11" doraHaiUra="14" who="3" fromWho="1" sc="188,0,250,-13,312,0,240,23" /><INIT seed="2,0,0,4,2,15" ten="188,237,312,263" oya="2" hai0="10,19,70,12,91,86,3,17,35,131,102,111,98" hai1="80,100,89,72,83,2,25,81,69,68,115,107,108" hai2="117,0,78,87,50,92,18,43,120,127,6,101,121" hai3="42,135,14,11,49,4,75,16,58,26,56,103,30"/><V27/><F117/><W82/><G135/><T110/><D70/><U24/><E2/><V106/><F106/><W85/><G75/><T41/><D35/><U90/><E115/><V104/><F104/><W44/><G103/><T132/><D3/><U28/><E72/><V60/><F127/><W112/><G112/><T55/><D132/><U122/><E122/><V29/><F60/><W46/><G46/><T126/><D126/><U32/><E25/><V57/><F0/><W23/><REACH who="3" step="1"/><G30/><REACH who="3" ten="188,237,312,253" step="2"/><T105/><D131/><U37/><E100/><V48/><F29/><W97/><G97/><T118/><D118/><U123/><E123/><V94/><F101/><W128/><G128/><T99/><D99/><U53/><E107/><V21/><F120/><W8/><G8/><T63/><D41/><U61/><E28/><V113/><F43/><W134/><G134/><T125/><D125/><U34/><E34/><V13/><F113/><W130/><G130/><T79/><D111/><U71/><E32/><V84/><F121/><W39/><G39/><T62/><D110/><U54/><E37/><V9/><F84/><W74/><G74/><T73/><D73/><U36/><E36/><V59/><F87/><W40/><G40/><T114/><D114/><U22/><E108/><V109/><F109/><W116/><G116/><T52/><D105/><U66/><E71/><V7/><F9/><W124/><G124/><T129/><D129/><U1/><E69/><V45/><F45/><W33/><G33/><T20/><D102/><U5/><E68/><V51/><F57/><W133/><G133/><RYUUKYOKU ba="0,1" sc="188,-10,237,-10,312,-10,253,30" hai3="4,11,14,16,23,26,42,44,49,56,58,82,85" /><INIT seed="3,1,1,2,1,92" ten="178,227,302,283" oya="3" hai0="95,17,110,108,54,70,114,29,88,85,55,24,2" hai1="77,33,5,96,107,20,0,80,134,73,94,57,23" hai2="30,104,46,42,53,118,122,26,49,68,117,129,32" hai3="37,6,12,125,132,84,101,67,119,90,102,22,66"/><W16/><G119/><T60/><D2/><U120/><E120/><V50/><F68/><W51/><G37/><T21/><D114/><U81/><E33/><V121/><F104/><W71/><G132/><T48/><D29/><U18/><E107/><V91/><F91/><W62/><G125/><T111/><D48/><U100/><E80/><V47/><REACH who="2" step="1"/><F129/><REACH who="2" ten="178,227,292,283" step="2"/><W86/><G71/><T130/><D130/><U116/><E116/><AGARI ba="1,2" hai="26,30,32,42,46,47,49,50,53,116,117,118,121,122" machi="116" ten="40,2600,0" yaku="1,1,2,1,53,0" doraHai="92" doraHaiUra="133" who="2" fromWho="1" sc="178,0,227,-29,292,49,283,0" owari="178,-32.2,198,-20.2,341,44.1,283,8.3" /></mjloggm>