<mjloggm ver="2.3"><GO type="225" lobby="0"/><UN n0="%E3%81%8B%E3%82%8F%E3%81%A1%E3%82%83%E3%82%93%35%38" n1="%6B%75%7A%75%6E" n2="%E5%8D%A0%E3%81%84%E5%B8%AB%E8%A3%8F%E3%81%AA%E3%81%84%E3%81%97" n3="%E3%81%B2%E3%81%BE%E3%81%A4%E3%81%B6%E3%81%97" dan="17,17,16,16" rate="2118.41,2169.24,2118.77,2136.20" sx="M,M,M,M"/><TAIKYOKU oya="0"/><INIT seed="0,0,0,2,5,69" ten="250,250,250,250" oya="0" hai0="47,33,30,40,128,67,103,90,5,64,9,92,74" hai1="89,98,68,134,4,86,114,76,57,83,53,96,129" hai2="25,66,94,135,17,80,131,27,38,31,12,34,16" hai3="111,88,110,61,56,23,41,93,13,46,122,48,20"/><T72/><D128/><U36/><E129/><V112/><F112/><W127/><G127/><T65/><D103/><U123/><E123/><V26/><F131/><W1/><G1/><T75/><D30/><U99/><E68/><V14/><F66/><W18/><G122/><T70/><D33/><U58/><E134/><V81/><F135/><W78/><G78/><T39/><D70/><U117/><E117/><V71/><F71/><W73/><G73/><T119/><D119/><U29/><E36/><V15/><F94/><W109/><G23/><T28/><D28/><U126/><E4/><V120/><F120/><W21/><G21/><T85/><REACH who="0" step="1"/><D74/><REACH who="0" ten="240,250,250,250" step="2"/><U60/><E29/><V84/><F31/><W121/><G121/><T105/><D105/><U113/><E126/><V133/><F34/><W108/><G108/><T91/><D91/><U132/><E132/><V116/><F133/><W22/><G22/><T77/><D77/><U2/><E76/><V43/><F116/><W130/><G130/><T101/><D101/><U87/><E89/><V97/><F97/><W115/><G115/><T19/><D19/><U59/><E99/><V49/><F84/><W107/><G107/><T10/><D10/><U125/><E87/><V106/><F106/><W124/><G124/><T11/><D11/><U100/><E98/><V50/><F16/><W52/><G93/><T104/><D104/><N who="1" m="63495" /><E125/><V35/><F17/><W102/><G88/><T63/><D63/><U118/><E118/><V6/><F35/><W82/><G102/><T51/><D51/><N who="2" m="19466" /><F6/><W54/><G82/><T42/><D42/><AGARI ba="0,1" hai="13,18,20,41,42,46,48,52,54,56,61,109,110,111" machi="42" ten="40,5200,0" yaku="6,1,14,1,54,1" doraHai="69" who="3" fromWho="0" sc="240,-52,250,0,250,0,250,62" /><INIT seed="1,0,0,1,5,109" ten="188,250,250,312" oya="1" hai0="62,81,29,8,69,84,11,3,1,77,92,131,78" hai1="73,0,37,13,48,65,16,76,108,128,12,49,54" hai2="89,21,115,23,112,91,70,123,102,85,44,32,51" hai3="74,126,64,14,52,111,121,96,80,95,101,71,58"/><U31/><E0/><V110/><F123/><W82/><G121/><T63/><D29/><U18/><E37/><V93/><F110/><W45/><G111/><T100/><D131/><U40/><E108/><V90/><F32/><W99/><G126/><T53/><D69/><U68/><E128/><V25/><F70/><W120/><G74/><T34/><D34/><U98/><E31/><V26/><F21/><W83/><G120/><T113/><D92/><U22/><E76/><V39/><F39/><W106/><G71/><T59/><D100/><U17/><E73/><V47/><F47/><W19/><G64/><T118/><D118/><U135/><E135/><V97/><F85/><W116/><G45/><T24/><D24/><U56/><E98/><V20/><F20/><W35/><G35/><T41/><D41/><U55/><E40/><N who="2" m="24967" /><F23/><N who="3" m="11767" /><G106/><T133/><D133/><U87/><E87/><V103/><F103/><N who="3" m="60831" /><G116/><T88/><D3/><U46/><REACH who="1" step="1"/><E22/><REACH who="1" ten="188,240,250,312" step="2"/><V60/><F60/><AGARI ba="0,1" hai="12,13,16,17,18,46,48,49,54,55,56,60,65,68" machi="60" ten="40,7700,0" yaku="1,1,2,1,54,1,53,0" doraHai="109" doraHaiUra="124" who="1" fromWho="2" sc="188,0,240,87,250,-77,312,0" /><INIT seed="1,1,0,0,4,105" ten="188,327,173,312" oya="1" hai0="130,19,134,68,42,84,16,60,74,77,65,90,4" hai1="95,21,132,99,38,25,67,29,100,126,83,107,93" hai2="127,73,13,6,72,102,41,59,26,12,96,121,106" hai3="63,69,97,24,98,109,85,14,70,57,31,2,108"/><U111/><E132/><V28/><F121/><W89/><G14/><T64/><D130/><U40/><E126/><V66/><F127/><W33/><G2/><T11/><D134/><U114/><E114/><V9/><F41/><W101/><G70/><T54/><D65/><U124/><E124/><V46/><F46/><W56/><G69/><T48/><D42/><U135/><E135/><V8/><F59/><W1/><G1/><T104/><D104/><U39/><E111/><N who="3" m="42570" /><G101/><T71/><D71/><U61/><E83/><V49/><F49/><W91/><G57/><T50/><D50/><U35/><E21/><V44/><F44/><W129/><G129/><T131/><D131/><U76/><E76/><V88/><F66/><N who="3" m="39271" /><G91/><T18/><D48/><U110/><E110/><V128/><F88/><W115/><G115/><T119/><D119/><U120/><E40/><V75/><F128/><W122/><G122/><T47/><D47/><U112/><E120/><V117/><F117/><W10/><G10/><T7/><D11/><U87/><E112/><V43/><F43/><W23/><G33/><T81/><REACH who="0" step="1"/><D54/><REACH who="0" ten="178,327,173,312" step="2"/><U133/><E133/><V37/><F37/><W5/><G5/><T34/><D34/><U30/><E39/><V55/><F55/><W123/><G123/><T32/><D32/><U52/><E52/><V45/><F45/><W0/><G0/><T20/><D20/><U113/><E38/><V92/><F106/><W62/><G62/><T22/><D22/><U79/><E113/><V118/><F118/><W58/><G58/><T78/><D78/><U86/><E79/><RYUUKYOKU ba="1,1" sc="178,15,327,-15,173,-15,312,15" hai0="4,7,16,18,19,60,64,68,74,77,81,84,90" hai3="23,24,31,85,89,97,98" /><INIT seed="2,2,1,2,5,117" ten="193,312,158,327" oya="2" hai0="28,62,89,104,121,16,99,70,6,82,46,118,52" hai1="61,74,130,108,100,63,128,129,90,22,123,7,53" hai2="30,23,5,2,64,119,109,0,54,34,72,47,76" hai3="48,15,132,97,42,134,17,68,124,13,39,84,26"/><V71/><F119/><W9/><G68/><T50/><D118/><U101/><E108/><V27/><F109/><W33/><G39/><T103/><D121/><U24/><E74/><V18/><F54/><W38/><G38/><T40/><D28/><U110/><E110/><V133/><F133/><W19/><G97/><T58/><D6/><U87/><E7/><V65/><F71/><W80/><G124/><T114/><D114/><U92/><E123/><V93/><F93/><W73/><G73/><T107/><D107/><U111/><E111/><V66/><F47/><W94/><G94/><T83/><D89/><U67/><E53/><V115/><F115/><W20/><G48/><T81/><D70/><N who="1" m="42351" /><E63/><V75/><F76/><W36/><G42/><T8/><REACH who="0" step="1"/><D8/><REACH who="0" ten="183,312,158,327" step="2"/><U69/><E69/><V12/><F0/><W21/><G132/><T91/><D91/><U4/><E4/><V41/><F41/><W59/><G134/><T35/><D35/><U3/><E3/><V77/><F77/><W55/><G33/><T122/><D122/><U79/><E79/><V56/><F56/><W95/><G59/><T31/><D31/><AGARI ba="2,2" hai="22,24,31,87,90,92,100,101,128,129,130" m="42351" machi="31" ten="30,1000,0" yaku="19,1" doraHai="117" who="1" fromWho="0" sc="183,-16,312,36,158,0,327,0" /><INIT seed="3,0,0,3,4,114" ten="167,348,158,327" oya="3" hai0="5,84,30,55,33,94,58,43,132,14,118,92,1" hai1="46,80,121,79,77,89,17,56,133,25,103,18,108" hai2="4,64,131,22,126,95,82,57,85,104,81,6,24" hai3="53,62,119,13,113,110,109,97,115,124,40,76,19"/><W47/><G119/><T68/><D68/><U9/><E121/><V21/><F104/><W61/><G124/><T38/><D1/><U106/><E108/><N who="3" m="41578" /><G76/><N who="1" m="29258" /><E106/><V36/><F36/><N who="3" m="21895" /><G97/><T99/><D99/><U86/><E133/><V39/><F39/><W60/><G53/><T105/><D55/><U32/><E32/><V69/><F69/><W130/><G130/><T41/><D33/><U49/><E103/><V20/><F126/><W66/><G66/><T8/><D43/><N who="1" m="24799" /><E56/><V7/><F131/><W134/><G134/><T63/><D58/><U96/><E96/><V51/><F24/><W0/><G0/><T75/><D41/><U37/><E37/><V72/><F72/><W129/><G129/><T90/><D75/><U59/><E59/><V101/><F51/><W127/><G127/><T3/><D105/><U107/><E107/><V102/><F102/><W23/><AGARI ba="0,0" hai="13,19,23,60,61,62,113,115" m="21895,41578" machi="23" ten="30,3000,0" yaku="14,1,10,1" doraHai="114" who="3" fromWho="3" sc="167,-10,348,-10,158,-10,327,30" owari="157,-24.3,338,13.8,148,-35.2,357,45.7" /></mjloggm>