<mjloggm ver="2.3"><GO type="225" lobby="0"/><UN n0="%E3%80%93%E3%81%97%E3%83%BC%E3%82%89%E3%80%93" n1="%EF%BC%B3%E3%81%9E%E3%81%88%E2%98%86" n2="%E3%81%B5%E3%81%98%E3%81%8B%E3%81%A4" n3="%E4%BA%BA%E9%96%93%E3%83%81%E3%83%A3%E3%83%BC%E3%83%8F%E3%83%B3" dan="16,16,17,16" rate="2162.90,2079.85,2201.53,2107.99" sx="M,F,M,M"/><TAIKYOKU oya="0"/><INIT seed="0,0,0,1,1,69" ten="250,250,250,250" oya="0" hai0="78,81,45,41,118,104,96,58,5,37,73,131,26" hai1="75,24,28,83,61,38,92,0,119,40,34,32,21" hai2="82,59,12,49,108,3,36,130,89,55,7,39,18" hai3="6,117,11,43,88,74,50,99,129,9,103,80,54"/><T53/><D118/><U127/><E119/><V84/><F108/><W87/><G117/><T44/><D131/><U13/><E127/><V10/><REACH who="2" step="1"/><F130/><REACH who="2" ten="250,250,240,250" step="2"/><W17/><G129/><T15/><D104/><U51/><E34/><V62/><F62/><W135/><G135/><T93/><D26/><U106/><E32/><V14/><F14/><W121/><G121/><T123/><D123/><U72/><E13/><V109/><F109/><W33/><G33/><T110/><D110/><U47/><E61/><V101/><F101/><W102/><G102/><T91/><D15/><U132/><E132/><V76/><F76/><W70/><G103/><T100/><D100/><U115/><E24/><V105/><F105/><W107/><G107/><T98/><D5/><U120/><E106/><V90/><F90/><W52/><G6/><T60/><REACH who="0" step="1"/><D45/><REACH who="0" ten="240,250,240,250" step="2"/><U122/><E47/><V112/><F112/><W20/><G11/><AGARI ba="0,2" hai="3,7,10,11,12,18,36,39,49,55,59,82,84,89" machi="11" ten="30,7700,0" yaku="1,1,7,1,52,2,53,0" doraHai="69" doraHaiUra="134" who="2" fromWho="3" sc="240,0,250,0,240,97,250,-77" /><INIT seed="1,0,0,3,2,81" ten="240,250,337,173" oya="1" hai0="101,112,57,119,114,105,39,30,6,83,11,47,78" hai1="120,0,33,86,128,40,51,17,106,90,50,12,85" hai2="48,26,75,16,49,87,115,54,67,20,118,19,10" hai3="13,94,43,131,98,18,123,72,134,45,92,59,1"/><U88/><E120/><V28/><F118/><W63/><G123/><T21/><D119/><U60/><E128/><V82/><F75/><W132/><G72/><T31/><D57/><U56/><E106/><V52/><F115/><W65/><G1/><T7/><D101/><U38/><E33/><V77/><F67/><W122/><G122/><T35/><D105/><U61/><E38/><V124/><F124/><W107/><G131/><T2/><D7/><U36/><E36/><V84/><F84/><N who="1" m="32361" /><E0/><V55/><F10/><W104/><G104/><T41/><D21/><N who="1" m="11431" /><E61/><V14/><F19/><W111/><G107/><T37/><D39/><U91/><E40/><V9/><AGARI ba="0,0" hai="9,14,16,20,26,28,48,49,52,54,55,77,82,87" machi="9" ten="30,8000,1" yaku="0,1,8,1,52,1,54,2" doraHai="81" who="2" fromWho="2" sc="240,-20,250,-40,337,80,173,-20" /><INIT seed="2,0,0,0,5,62" ten="220,210,417,153" oya="2" hai0="69,99,111,135,28,107,56,30,65,102,24,7,106" hai1="85,114,91,100,9,13,27,48,108,21,74,18,1" hai2="116,12,101,70,90,61,124,78,98,105,67,126,43" hai3="55,46,64,45,58,53,123,11,103,57,93,20,104"/><V76/><F116/><W44/><G104/><N who="0" m="63583" /><D56/><N who="3" m="21609" /><G123/><T51/><D51/><U29/><E108/><V36/><F90/><W38/><G20/><T117/><D28/><U73/><E114/><V134/><F134/><W5/><G103/><T68/><D117/><U59/><E100/><V10/><F43/><N who="3" m="22647" /><G93/><T112/><D135/><U60/><E1/><V6/><REACH who="2" step="1"/><F36/><REACH who="2" ten="220,210,407,153" step="2"/><W131/><G131/><T15/><D112/><U96/><E48/><V71/><F71/><W130/><G130/><T119/><D69/><U19/><E96/><V4/><F4/><W3/><G5/><T47/><D119/><U25/><E74/><V86/><F86/><W109/><G109/><T132/><D111/><U79/><E73/><V84/><F84/><W66/><G3/><T2/><D2/><U118/><E118/><V115/><F115/><W77/><G77/><AGARI ba="0,1" hai="6,10,12,61,67,70,76,77,78,98,101,105,124,126" machi="77" ten="40,3900,0" yaku="1,1,52,1,53,0" doraHai="62" doraHaiUra="14" who="2" fromWho="3" sc="220,0,210,0,407,49,153,-39" /><INIT seed="2,1,0,4,4,129" ten="220,210,456,114" oya="2" hai0="50,91,64,81,124,131,74,135,6,1,17,8,117" hai1="123,7,67,126,59,89,65,115,33,28,32,120,4" hai2="34,31,105,47,90,118,101,25,130,27,26,84,30" hai3="133,114,61,104,82,88,12,79,103,102,54,46,57"/><V40/><F118/><W63/><G114/><T58/><D131/><U56/><E115/><V23/><F130/><W108/><G108/><T98/><D117/><U92/><E92/><V86/><F27/><W85/><G12/><T119/><D119/><U53/><E53/><V36/><F105/><W70/><G104/><T116/><D116/><U66/><E89/><V44/><F101/><W78/><G133/><T0/><D135/><U75/><E75/><V77/><F77/><W5/><G5/><N who="1" m="2122" /><E28/><V42/><REACH who="2" step="1"/><F90/><REACH who="2" ten="220,210,446,114" step="2"/><W10/><G102/><T37/><D91/><U49/><E126/><V111/><F111/><W62/><G103/><T22/><D124/><U48/><E33/><V24/><F24/><W80/><G78/><T125/><D125/><U110/><E32/><V106/><F106/><W45/><G70/><T76/><D76/><U95/><E110/><V99/><F99/><W132/><G132/><T60/><D98/><U112/><E112/><V38/><AGARI ba="1,1" hai="23,25,26,30,31,34,36,38,40,42,44,47,84,86" machi="38" ten="20,7800,0" yaku="1,1,0,1,7,1,9,1,53,0" doraHai="129" doraHaiUra="11" who="2" fromWho="2" sc="220,-27,210,-27,446,91,114,-27" /><INIT seed="2,2,0,4,0,57" ten="193,183,537,87" oya="2" hai0="63,12,5,82,105,0,97,20,38,78,2,27,69" hai1="67,124,106,29,123,49,99,103,135,74,54,79,86" hai2="107,35,51,83,37,14,64,93,23,34,9,88,92" hai3="118,13,62,28,17,61,90,22,125,72,75,68,48"/><V3/><F37/><W30/><G118/><T66/><D38/><U10/><E135/><V21/><F107/><W24/><G125/><T120/><D120/><U117/><E117/><V50/><F3/><W84/><G68/><T77/><D77/><U100/><E124/><V133/><F133/><W26/><G48/><T59/><D69/><U96/><E123/><V25/><F83/><W127/><G127/><T45/><D45/><U80/><E29/><N who="3" m="11370" /><G75/><T42/><D42/><U39/><E39/><V85/><F35/><W53/><G53/><T44/><D44/><U56/><E10/><V32/><F34/><W6/><G6/><T40/><D40/><U116/><E116/><V98/><F32/><W33/><G33/><T58/><D58/><U91/><E67/><V112/><F112/><W110/><G72/><T122/><D122/><U19/><E19/><V119/><F119/><W76/><G76/><T11/><D97/><U109/><E109/><V94/><F51/><W87/><G87/><T130/><D105/><U41/><E41/><V55/><F64/><W129/><G110/><T47/><D47/><U128/><E56/><V4/><F98/><W115/><G115/><T101/><D101/><U113/><E54/><V89/><F25/><N who="3" m="9835" /><G129/><T46/><D46/><U134/><E49/><V65/><F65/><W102/><G102/><T111/><D130/><U7/><E128/><V43/><F43/><W60/><G84/><N who="0" m="48215" /><D111/><U52/><E113/><V132/><F132/><W114/><G114/><T104/><D104/><N who="1" m="63495" /><E134/><V126/><F126/><W1/><G1/><T73/><D73/><RYUUKYOKU ba="2,0" sc="193,15,183,-15,537,-15,87,15" hai0="0,2,5,11,12,20,27,59,63,66" hai3="13,17,22,60,61,62,90" /><INIT seed="3,3,0,1,4,103" ten="208,168,522,102" oya="3" hai0="52,88,31,70,86,15,106,59,93,37,65,101,8" hai1="41,79,60,122,56,46,120,34,39,84,130,115,82" hai2="32,3,20,118,64,96,48,50,95,80,76,110,17" hai3="43,51,40,109,81,135,0,36,53,6,68,108,92"/><W22/><G68/><T97/><D37/><U62/><E115/><V126/><F110/><N who="3" m="42603" /><G36/><T85/><D70/><U58/><E130/><V49/><F118/><W19/><G135/><T28/><D65/><U98/><E34/><V72/><F126/><W107/><G81/><N who="0" m="49199" /><D106/><U78/><E78/><V42/><F32/><W99/><G6/><N who="0" m="3479" /><D86/><U124/><E98/><V75/><F3/><W94/><G0/><T132/><D132/><U125/><E122/><V21/><F64/><W90/><G107/><T133/><D133/><U63/><REACH who="1" step="1"/><E120/><REACH who="1" ten="208,158,522,102" step="2"/><V71/><F75/><W33/><G33/><T2/><D2/><U113/><E113/><V83/><F71/><W77/><G77/><T61/><AGARI ba="3,1" hai="28,31,52,59,61,93,97,101" m="3479,49199" machi="61" ten="30,4000,0" yaku="8,1,54,2" doraHai="103" who="0" fromWho="0" sc="208,59,158,-13,522,-13,102,-23" owari="267,6.7,145,-25.5,509,60.9,79,-42.1" /></mjloggm>