<mjloggm ver="2.3"><GO type="225" lobby="0"/><UN n0="%E3%81%8C%E3%81%9F" n1="%E3%81%B5%E3%81%98%E3%81%8B%E3%81%A4" n2="%E9%B3%B3%E6%9D%B1%E3%81%AE%E3%81%86%E3%81%95%E3%81%8E%E3%81%95%E3%82%93" n3="%E3%81%BF%E3%81%BF%E3%81%9A" dan="16,16,17,17" rate="2129.81,2197.08,2290.36,2238.29" sx="M,M,M,M"/><TAIKYOKU oya="0"/><INIT seed="0,0,0,4,5,81" ten="250,250,250,250" oya="0" hai0="117,99,128,45,125,135,6,37,113,41,84,88,8" hai1="121,22,100,71,5,102,86,7,15,130,33,126,80" hai2="56,111,42,64,58,1,79,82,17,132,23,106,124" hai3="131,127,16,19,97,83,48,101,92,12,25,104,30"/><T14/><D113/><U123/><E121/><V77/><F111/><W24/><G127/><T110/><D117/><U53/><E71/><V90/><F124/><W66/><G131/><T87/><D125/><U13/><E126/><V85/><F132/><W35/><G66/><T3/><D135/><U69/><E69/><V4/><F106/><W98/><G25/><T78/><D128/><U28/><E33/><V119/><F119/><W91/><G12/><N who="1" m="4682" /><E53/><V39/><F39/><W118/><G118/><T47/><D110/><U94/><E94/><V29/><F29/><W107/><G48/><T109/><D109/><U73/><E73/><V9/><F42/><W65/><G107/><T96/><D3/><U11/><E11/><V112/><F112/><W63/><REACH who="3" step="1"/><G83/><REACH who="3" ten="250,250,250,240" step="2"/><N who="0" m="47223" /><D37/><U54/><E130/><V133/><F133/><W46/><G46/><N who="0" m="17419" /><D41/><U32/><E123/><V93/><F64/><W70/><AGARI ba="0,1" hai="16,19,24,30,35,63,65,70,91,92,97,98,101,104" machi="70" ten="20,12000,2" yaku="1,1,0,1,7,1,25,2,54,1,53,0" doraHai="81" doraHaiUra="40" who="3" fromWho="3" sc="250,-60,250,-30,250,-30,240,130" /><INIT seed="1,0,0,2,2,122" ten="190,220,220,370" oya="1" hai0="119,62,51,43,112,72,58,54,34,89,133,27,70" hai1="118,94,3,10,60,90,30,2,13,55,49,88,25" hai2="66,85,131,57,61,74,134,20,33,110,69,46,111" hai3="32,129,121,86,99,31,80,102,107,113,64,67,75"/><U50/><E118/><V14/><F74/><W38/><G121/><T97/><D112/><U87/><E60/><V104/><F33/><W52/><G113/><T100/><D119/><U16/><E90/><V106/><F131/><W132/><G129/><T39/><D72/><U123/><E123/><V108/><F134/><W117/><G38/><T124/><D133/><U79/><E79/><V130/><F130/><W65/><G132/><T81/><D124/><U17/><E17/><N who="2" m="10295" /><F46/><W92/><G117/><T47/><D81/><U73/><E73/><V95/><F69/><W98/><G52/><T40/><D40/><U5/><E5/><V48/><F48/><W53/><G53/><T6/><D6/><U77/><E77/><V8/><F8/><W37/><G37/><T91/><D27/><U101/><E101/><V126/><F126/><W115/><G115/><T68/><D34/><U93/><E93/><V29/><F29/><W76/><G99/><T42/><D42/><U82/><E94/><V11/><F11/><W103/><G102/><T22/><D22/><N who="1" m="15671" /><E50/><V44/><F44/><AGARI ba="0,0" hai="2,3,10,13,16,44,49,55,82,87,88" m="15671" machi="44" ten="30,5800,0" yaku="25,1,54,2" doraHai="122" who="1" fromWho="2" sc="190,0,220,58,220,-58,370,0" /><INIT seed="1,1,0,4,0,44" ten="190,278,162,370" oya="1" hai0="17,59,57,56,42,39,65,104,111,23,91,63,48" hai1="37,119,38,93,15,2,82,80,92,7,60,62,52" hai2="108,103,14,78,85,81,21,120,8,116,90,110,36" hai3="58,54,30,72,88,113,27,26,94,96,67,12,129"/><U66/><E2/><V122/><F36/><W35/><G113/><T126/><D104/><U41/><E119/><V128/><F21/><W28/><G129/><T99/><D111/><N who="2" m="42538" /><F14/><W47/><G72/><T34/><D34/><U133/><E133/><V16/><F16/><W125/><G125/><T79/><D39/><U98/><E41/><V124/><F8/><W69/><G47/><N who="0" m="25719" /><D79/><U127/><E15/><V117/><F128/><W89/><G12/><N who="0" m="9639" /><D126/><U19/><E127/><V70/><F70/><W130/><G67/><T107/><D107/><U5/><E19/><V55/><F55/><W135/><G69/><T53/><D65/><U84/><E66/><V131/><F131/><W100/><G135/><T18/><D18/><U33/><E33/><V74/><F103/><W109/><G109/><T22/><D22/><U0/><E0/><V11/><F11/><W46/><G46/><T4/><D4/><N who="1" m="1611" /><E38/><V134/><F134/><W76/><G76/><T43/><D43/><U102/><E37/><V123/><F124/><W112/><G112/><T95/><AGARI ba="1,0" hai="53,56,57,59,63,91,95,99" m="9639,25719" machi="95" ten="30,2000,0" yaku="8,1,52,1" doraHai="44" who="0" fromWho="0" sc="190,23,278,-11,162,-6,370,-6" /><INIT seed="2,0,0,5,2,84" ten="213,267,156,364" oya="2" hai0="69,109,63,57,114,82,131,74,124,36,24,129,49" hai1="67,78,53,19,99,62,23,18,102,98,28,111,117" hai2="25,66,123,3,134,135,56,106,88,39,85,107,9" hai3="14,32,47,90,115,96,40,68,101,76,61,126,81"/><V54/><F39/><W127/><G32/><T35/><D114/><U128/><E117/><V58/><F123/><W130/><G115/><T41/><D74/><U8/><E128/><N who="0" m="49225" /><D82/><U72/><E111/><V112/><F112/><W94/><G130/><T4/><D4/><U1/><E78/><V33/><F66/><N who="3" m="41039" /><G14/><T46/><D35/><U70/><E72/><V43/><F43/><W37/><G76/><T105/><D105/><N who="2" m="39946" /><F9/><W77/><G81/><T59/><D24/><N who="1" m="16415" /><E70/><V51/><F3/><W91/><G77/><T120/><D120/><U110/><E110/><V95/><F25/><W44/><G44/><N who="0" m="23591" /><D109/><U64/><E1/><V55/><F33/><W125/><AGARI ba="0,0" hai="37,40,47,90,91,94,96,101,125,126,127" m="41039" machi="125" ten="30,4000,0" yaku="18,1,52,2" doraHai="84" who="3" fromWho="3" sc="213,-10,267,-10,156,-20,364,40" /><INIT seed="3,0,0,4,3,2" ten="203,257,136,404" oya="3" hai0="127,71,49,93,11,41,14,17,6,33,24,105,19" hai1="114,38,85,27,129,28,82,7,62,4,94,5,9" hai2="46,1,117,122,115,106,133,66,55,68,31,54,13" hai3="116,58,61,0,89,69,76,86,120,130,90,16,123"/><W25/><G116/><T77/><D105/><U92/><E114/><V103/><F1/><W64/><G0/><T23/><D71/><U36/><E129/><V18/><F115/><W53/><G130/><T109/><D109/><U97/><E92/><V50/><F133/><W52/><G76/><T44/><D127/><U75/><E75/><V73/><F117/><W88/><G86/><T35/><D93/><U47/><E62/><V8/><F73/><W42/><G42/><T12/><REACH who="0" step="1"/><D77/><REACH who="0" ten="193,257,136,404" step="2"/><U91/><E9/><AGARI ba="0,1" hai="6,9,11,12,14,17,19,23,24,33,35,41,44,49" machi="9" ten="30,7700,0" yaku="1,1,2,1,7,1,52,1,53,0" doraHai="2" doraHaiUra="100" who="0" fromWho="1" sc="193,87,257,-77,136,0,404,0" owari="280,8.0,180,-22.0,136,-36.4,404,50.4" /></mjloggm>