<mjloggm ver="2.3"><GO type="225" lobby="0"/><UN n0="%61%6D%65%6B%69" n1="%E3%81%A4%E3%81%A3%E3%81%B1%E3%82%8A%E3%83%9D%E3%83%BC%E3%83%AB" n2="%6C%61%6D%62" n3="%4C%4F%4C%49%54%41" dan="16,17,16,16" rate="2094.92,2262.86,2157.38,2165.75" sx="M,M,M,F"/><TAIKYOKU oya="0"/><INIT seed="0,0,0,5,0,18" ten="250,250,250,250" oya="0" hai0="5,131,128,66,94,13,47,98,65,114,134,20,27" hai1="68,115,11,19,79,63,104,4,37,38,102,14,85" hai2="51,58,78,93,103,90,69,28,99,77,110,119,71" hai3="52,88,33,7,73,101,124,62,16,112,75,43,74"/><T6/><D114/><U72/><E115/><V105/><F110/><W95/><G112/><T56/><D134/><U54/><E72/><V21/><F119/><W97/><G33/><T116/><D116/><U129/><E129/><N who="0" m="49737" /><D47/><U117/><E117/><V45/><F58/><W76/><G7/><N who="0" m="2571" /><D13/><U48/><E102/><V130/><F130/><W87/><G43/><T35/><D35/><U125/><E104/><V2/><F2/><W113/><G124/><T55/><D55/><U42/><E42/><V31/><F71/><W40/><G40/><T60/><D60/><U26/><E125/><V91/><F69/><W41/><G41/><T39/><D39/><U80/><E68/><V25/><F31/><W22/><G113/><T70/><D56/><U126/><E63/><V17/><F28/><W10/><G10/><T23/><D70/><U106/><E126/><V9/><F9/><W123/><G123/><T83/><D83/><U133/><E133/><V0/><F0/><W44/><G62/><T64/><D27/><U61/><E61/><V34/><F34/><W81/><G52/><T8/><D8/><U127/><E127/><V49/><F45/><W57/><G57/><T29/><D29/><U120/><E120/><V46/><F46/><W1/><G44/><T50/><D50/><N who="2" m="18954" /><F105/><N who="3" m="63663" /><G1/><T135/><D135/><U109/><E106/><V96/><F25/><AGARI ba="0,0" hai="16,22,25,73,74,75,76,81,87,88,95" m="63663" machi="25" ten="30,7700,0" yaku="24,1,52,1,54,2" doraHai="18" who="3" fromWho="2" sc="250,0,250,0,250,-77,250,77" /><INIT seed="1,0,0,0,4,97" ten="250,250,173,327" oya="1" hai0="82,61,2,37,122,94,70,45,77,118,1,110,98" hai1="106,123,131,101,134,9,31,87,10,60,99,63,114" hai2="135,11,17,39,84,23,58,88,93,121,13,103,48" hai3="117,65,6,28,18,126,75,56,0,81,78,27,32"/><U127/><E114/><V33/><F33/><W26/><G126/><T105/><D105/><U40/><E123/><V34/><F34/><W68/><G68/><T100/><D118/><U132/><E127/><V22/><F39/><W5/><G117/><T64/><D110/><U7/><E131/><V24/><F135/><N who="1" m="51753" /><E31/><V62/><F121/><W4/><G26/><T41/><REACH who="0" step="1"/><D122/><REACH who="0" ten="240,250,173,327" step="2"/><U38/><E38/><V116/><F116/><W104/><G104/><T47/><D47/><U89/><E40/><V57/><F103/><W107/><G107/><T52/><D52/><U3/><E10/><V25/><F11/><W20/><G65/><T112/><D112/><U76/><E76/><V85/><F23/><W49/><G32/><T66/><D66/><U133/><E133/><V29/><F29/><W83/><G28/><T128/><D128/><U95/><AGARI ba="0,1" hai="3,7,9,60,63,87,89,95,99,101,106" m="51753" machi="95" ten="30,3000,0" yaku="20,1,52,1" doraHai="97" who="1" fromWho="1" sc="240,-10,250,40,173,-10,327,-10" /><INIT seed="1,1,0,0,2,62" ten="230,290,163,317" oya="1" hai0="70,76,49,47,58,79,122,90,68,97,46,64,56" hai1="66,44,92,37,41,20,10,82,128,18,91,36,80" hai2="84,121,59,27,77,86,99,103,19,43,21,113,87" hai3="124,6,133,110,74,32,125,73,9,118,120,17,51"/><U57/><E128/><V123/><F77/><W67/><G120/><T63/><D122/><U55/><E37/><V117/><F117/><W11/><G110/><T25/><D25/><U24/><E10/><V105/><F113/><W130/><G32/><T50/><D63/><U71/><E71/><V26/><F43/><W16/><G133/><T81/><D90/><U119/><E119/><V109/><F109/><W95/><G118/><T94/><D94/><U53/><E66/><V14/><F59/><W48/><G95/><T61/><D61/><U132/><E132/><V34/><REACH who="2" step="1"/><F26/><REACH who="2" ten="230,290,153,317" step="2"/><W23/><G130/><T72/><D72/><U69/><E69/><V106/><F106/><W89/><G73/><T1/><D70/><U30/><E57/><V134/><F134/><W42/><G74/><T13/><D68/><U35/><E55/><V38/><F38/><W101/><G42/><T31/><D58/><U115/><E53/><V85/><N who="2" m="21504" /><DORA hai="65" /><V15/><F15/><W127/><G124/><T126/><D56/><U39/><E39/><V22/><F22/><W114/><G23/><T88/><D126/><U135/><E135/><V129/><F129/><W98/><G114/><T29/><D13/><U3/><E115/><V131/><F131/><W107/><G125/><T78/><D78/><U102/><E24/><V60/><F60/><W112/><G112/><T4/><D79/><U45/><E41/><V96/><F96/><W75/><G127/><T111/><D76/><U40/><E40/><V0/><F0/><W100/><G75/><T93/><D111/><U108/><E108/><RYUUKYOKU ba="1,1" sc="230,-10,290,-10,153,30,317,-10" hai2="14,19,21,27,34,99,103,105,121,123" /><INIT seed="2,2,1,5,1,88" ten="220,280,183,307" oya="2" hai0="112,95,76,128,46,28,17,79,7,51,41,74,47" hai1="34,127,82,68,53,21,134,39,6,4,109,35,67" hai2="64,45,24,86,66,33,100,56,11,14,106,44,22" hai3="123,111,25,37,120,8,63,10,2,48,0,84,131"/><V20/><F33/><W42/><G37/><T75/><D112/><U121/><E39/><V9/><F106/><W71/><G111/><T16/><D128/><U50/><E109/><V29/><F100/><W87/><G131/><T58/><D28/><U94/><E134/><V114/><F114/><W81/><G25/><T117/><D117/><U118/><E118/><V80/><F22/><W19/><G42/><T27/><D7/><U26/><E68/><V62/><F64/><W3/><G48/><T38/><D58/><N who="1" m="33079" /><E67/><V1/><F1/><W49/><G49/><T15/><D75/><U115/><E115/><V72/><F72/><W101/><G101/><T85/><D74/><U40/><E40/><V60/><F60/><W98/><G98/><T116/><D47/><N who="2" m="17994" /><F14/><W92/><G63/><T110/><D38/><U13/><E13/><V23/><F23/><W5/><G71/><T70/><D70/><U125/><E35/><V43/><F43/><W129/><G129/><T91/><D116/><U119/><E34/><V30/><F30/><W132/><G132/><T83/><D110/><U77/><E119/><V78/><AGARI ba="2,1" hai="9,11,20,24,29,56,62,66,78,80,86" m="17994" machi="78" ten="30,1500,0" yaku="8,1" doraHai="88" who="2" fromWho="2" sc="220,-7,280,-7,183,31,307,-7" /><INIT seed="2,3,0,2,0,50" ten="213,273,214,300" oya="2" hai0="107,53,117,125,80,5,32,74,127,129,93,112,19" hai1="34,27,31,6,90,18,9,38,77,39,97,37,3" hai2="87,124,12,109,43,76,25,0,128,65,85,118,84" hai3="113,17,20,67,120,91,82,105,81,92,115,45,68"/><V29/><F0/><W14/><G120/><T103/><D112/><N who="3" m="43081" /><G105/><T110/><D32/><U1/><E77/><V21/><F118/><W63/><G45/><T52/><D117/><U16/><REACH who="1" step="1"/><E3/><REACH who="1" ten="213,263,214,300" step="2"/><V99/><F76/><W79/><G79/><N who="0" m="44151" /><D110/><U13/><E13/><V73/><F109/><W66/><G66/><T59/><D129/><U132/><E132/><V2/><F2/><W123/><G123/><T119/><D119/><U56/><E56/><V61/><F128/><W30/><G30/><T41/><D59/><U46/><E46/><V134/><F134/><W60/><G63/><T89/><D41/><U83/><E83/><V72/><F72/><W47/><G47/><T135/><D135/><U94/><AGARI ba="3,1" hai="1,6,9,16,18,27,31,34,37,38,39,90,94,97" machi="94" ten="40,5200,0" yaku="1,1,0,1,54,1,53,0" doraHai="50" doraHaiUra="78" who="1" fromWho="1" sc="213,-16,263,71,214,-29,300,-16" /><INIT seed="3,0,0,2,0,107" ten="197,334,185,284" oya="3" hai0="55,62,10,116,22,109,49,104,17,60,92,59,131" hai1="108,32,133,51,30,63,26,33,20,18,132,89,93" hai2="6,111,12,45,82,14,7,69,125,119,130,112,87" hai3="5,2,83,28,94,68,64,43,117,19,129,88,15"/><W102/><G117/><T47/><D104/><U95/><E108/><V110/><F112/><W96/><G129/><T70/><D116/><U4/><E4/><N who="2" m="1579" /><F119/><W37/><G28/><T46/><D109/><N who="2" m="41482" /><F130/><W65/><G2/><T48/><D131/><U78/><E78/><N who="2" m="46551" /><F69/><W16/><G37/><T127/><D127/><U27/><E33/><V134/><F125/><W13/><G43/><N who="0" m="24671" /><D70/><U73/><E73/><V36/><F134/><N who="1" m="51817" /><E51/><V56/><F56/><W97/><G68/><T24/><D92/><N who="1" m="35403" /><E89/><V91/><F91/><W50/><G50/><N who="0" m="31223" /><D10/><U1/><E63/><V52/><F52/><AGARI ba="0,0" hai="17,22,24,47,49,52,60,62" m="31223,24671" machi="52" ten="30,2000,0" yaku="8,1,54,1" doraHai="107" who="0" fromWho="2" sc="197,20,334,0,185,-20,284,0" owari="217,-18.3,334,43.4,165,-33.5,284,8.4" /></mjloggm>