<mjloggm ver="2.3"><GO type="225" lobby="0"/><UN n0="%E9%8A%80%E3%81%B0%E3%81%95%E3%81%BF" n1="%6B%79%6F%6E%6B%6F%31%31" n2="%E3%81%A1%E3%82%85%E3%81%86%E3%81%A9%E3%81%8F%E8%B1%A1%E3%81%95%E3%82%93" n3="%E9%80%9F%E6%B0%B4%E5%87%9B%E9%A6%99" dan="17,17,17,16" rate="2241.60,2210.63,2178.62,2129.92" sx="M,M,M,F"/><TAIKYOKU oya="0"/><INIT seed="0,0,0,2,4,65" ten="250,250,250,250" oya="0" hai0="110,83,38,31,60,52,99,1,42,121,49,9,119" hai1="22,12,33,89,40,81,129,94,47,58,114,39,37" hai2="17,25,62,117,100,43,97,103,71,116,95,72,105" hai3="36,56,44,128,57,8,98,13,107,68,10,93,134"/><T32/><D119/><N who="2" m="45642" /><F43/><W122/><G107/><T64/><D121/><U77/><E114/><V30/><F17/><W24/><G122/><T28/><D110/><U34/><E129/><V5/><F5/><W91/><G128/><T14/><D1/><U70/><E39/><V66/><F72/><W82/><G134/><T0/><D0/><U86/><E70/><V2/><F2/><W20/><G68/><N who="0" m="41991" /><D83/><U92/><E92/><V96/><F25/><W48/><G36/><T6/><D99/><U123/><E123/><V63/><F62/><W75/><G75/><T59/><D32/><U69/><E69/><V7/><F7/><N who="3" m="3231" /><G10/><T19/><D6/><U104/><E104/><V27/><F27/><W53/><G82/><T79/><D79/><U111/><E111/><V135/><F135/><W132/><G132/><T21/><D9/><U115/><E115/><V45/><F45/><AGARI ba="0,0" hai="14,19,21,28,31,38,42,45,49,52,59" m="41991" machi="45" ten="30,5800,0" yaku="24,1,52,1,54,1" doraHai="65" who="0" fromWho="2" sc="250,58,250,0,250,-58,250,0" /><INIT seed="0,1,0,0,4,135" ten="308,250,192,250" oya="0" hai0="19,119,84,31,37,42,126,82,93,34,36,7,116" hai1="44,102,1,25,89,51,47,104,123,77,107,109,32" hai2="88,55,121,106,98,118,103,58,0,24,95,97,60" hai3="5,28,125,15,80,87,111,73,75,105,23,68,85"/><T57/><D7/><U3/><E123/><V40/><F121/><W78/><G68/><T67/><D93/><U66/><E109/><V112/><F112/><W61/><G105/><T81/><D19/><U21/><E32/><V96/><F118/><W132/><G111/><T13/><D13/><U50/><E66/><V14/><F0/><W22/><G132/><T48/><D31/><U20/><E89/><V54/><F40/><W6/><G61/><T108/><D34/><U9/><E77/><V124/><F24/><W79/><G80/><N who="0" m="30827" /><D84/><U59/><E59/><V101/><F14/><W29/><REACH who="3" step="1"/><G15/><REACH who="3" ten="308,250,192,240" step="2"/><T131/><D108/><U17/><E1/><V8/><F106/><W113/><G113/><T10/><D116/><U56/><E3/><V128/><F60/><W70/><G70/><T46/><D119/><U65/><E107/><V12/><F12/><W43/><G43/><T64/><D42/><U74/><E104/><V52/><F8/><W83/><G83/><T69/><D10/><U16/><E9/><V4/><F4/><W92/><G92/><T115/><D115/><U91/><E25/><V134/><F134/><W133/><G133/><T11/><D11/><U110/><E110/><V33/><F101/><W18/><G18/><T127/><D69/><U130/><E102/><V120/><F103/><W72/><G72/><T94/><D94/><U99/><E17/><V30/><F95/><W35/><G35/><T27/><D27/><U100/><E16/><V63/><F33/><W41/><G41/><T86/><D86/><U62/><E74/><V129/><F63/><RYUUKYOKU ba="1,1" sc="308,-10,250,-10,192,-10,240,30" hai3="5,6,22,23,28,29,73,75,78,79,85,87,125" /><INIT seed="1,2,1,5,5,52" ten="298,240,182,270" oya="1" hai0="45,113,60,40,89,104,133,55,15,70,67,124,105" hai1="49,0,120,63,33,56,93,42,64,35,90,28,2" hai2="37,10,44,36,100,18,12,119,26,21,29,80,73" hai3="34,39,30,111,68,54,57,92,31,51,59,79,115"/><U126/><E120/><V96/><F119/><W118/><G68/><T131/><D113/><U78/><E126/><V74/><F80/><W66/><G39/><T88/><D124/><U101/><E101/><V72/><REACH who="2" step="1"/><F44/><REACH who="2" ten="298,240,172,270" step="2"/><W43/><G118/><T16/><D45/><N who="1" m="25783" /><E0/><V7/><F7/><W82/><G115/><T129/><D129/><U11/><E2/><V69/><F69/><W122/><G122/><T3/><D70/><U46/><E35/><V77/><F77/><W62/><G111/><T109/><D3/><U123/><E123/><V127/><F127/><W103/><G34/><T102/><D109/><U22/><E33/><V23/><F23/><W53/><G82/><T71/><D71/><U108/><E108/><V58/><F58/><N who="3" m="37207" /><G79/><T125/><D131/><U24/><E46/><V4/><F4/><W117/><G117/><T83/><D125/><U135/><E78/><V19/><F19/><W14/><G57/><T85/><D83/><U87/><E135/><V110/><F110/><W130/><G59/><T134/><D133/><U61/><E61/><V65/><F65/><W94/><G130/><T114/><D134/><U38/><E38/><V20/><F20/><W121/><G121/><T86/><D60/><U17/><E17/><V8/><F8/><AGARI ba="2,2" hai="8,11,22,24,28,56,63,64,87,90,93" m="25783" machi="8" ten="30,2900,0" yaku="8,1,52,1" doraHai="52" who="1" fromWho="2" sc="298,0,240,55,172,-35,270,0" /><INIT seed="1,3,0,2,4,4" ten="298,295,137,270" oya="1" hai0="94,131,48,44,0,132,80,127,105,102,54,111,19" hai1="114,1,51,92,25,18,125,32,55,128,5,81,35" hai2="16,34,95,53,27,88,126,58,90,135,67,98,63" hai3="77,12,117,22,10,97,17,109,36,107,118,71,96"/><U24/><E114/><V87/><F135/><W78/><G36/><T101/><D105/><U73/><E125/><V61/><F126/><W74/><G71/><T39/><D127/><U52/><E128/><V100/><F34/><W76/><G74/><T122/><D132/><U29/><E92/><V46/><F46/><W60/><G109/><T120/><D111/><U103/><E103/><V8/><F87/><W124/><G124/><T70/><D70/><U93/><E93/><V21/><REACH who="2" step="1"/><F8/><REACH who="2" ten="298,295,127,270" step="2"/><W37/><G10/><T68/><D44/><U56/><E73/><V83/><F83/><W45/><G45/><T64/><D80/><U2/><E81/><V115/><F115/><W30/><G118/><T113/><D113/><U50/><E5/><V121/><F121/><W6/><G117/><T14/><D122/><U33/><E33/><V40/><F40/><W123/><G123/><T112/><D120/><U20/><E35/><V59/><AGARI ba="3,1" hai="16,21,27,53,58,59,61,63,67,88,90,95,98,100" machi="59" ten="20,12000,2" yaku="1,1,0,1,7,1,8,1,54,2,53,1" doraHai="4" doraHaiUra="23" who="2" fromWho="2" sc="298,-33,295,-63,127,139,270,-33" /><INIT seed="2,0,0,3,3,125" ten="265,232,266,237" oya="2" hai0="12,28,22,73,75,57,56,55,64,72,0,25,35" hai1="123,92,135,3,112,26,59,79,114,106,96,76,46" hai2="21,70,32,9,50,130,48,94,58,100,54,89,37" hai3="131,19,107,53,116,108,88,61,69,97,13,118,27"/><V119/><F119/><W91/><G108/><T113/><D113/><U20/><E3/><V102/><F70/><W14/><G27/><T15/><D0/><U40/><E123/><V52/><F37/><W103/><G13/><T71/><D71/><U16/><E106/><V120/><F120/><W78/><G78/><T17/><D64/><U6/><E135/><V2/><F32/><W63/><G63/><T65/><D65/><U30/><E6/><V66/><F66/><W67/><G53/><T68/><D68/><U18/><E59/><V34/><F34/><W101/><G101/><T111/><D111/><U129/><E129/><V38/><F38/><W33/><G33/><T99/><D99/><U133/><E133/><V87/><F130/><W81/><G131/><T98/><D98/><U105/><E105/><V86/><F86/><W5/><G5/><T23/><D55/><U7/><E7/><V74/><F74/><W82/><G82/><T122/><D122/><U121/><E121/><V47/><F2/><W126/><G126/><T95/><D95/><U1/><E1/><V132/><F132/><W77/><G118/><T104/><D104/><U45/><E114/><V127/><F127/><W11/><REACH who="3" step="1"/><G116/><REACH who="3" ten="265,232,266,227" step="2"/><T51/><D15/><U93/><E112/><V10/><F21/><W31/><G31/><T44/><D35/><U109/><E30/><V42/><F54/><W36/><G36/><T85/><D28/><U41/><E20/><V90/><F90/><W110/><G110/><T39/><D23/><N who="1" m="13671" /><E109/><V80/><F80/><W134/><G134/><T60/><D22/><RYUUKYOKU ba="0,1" sc="265,-15,232,-15,266,15,227,15" hai2="9,10,42,47,48,50,52,58,87,89,94,100,102" hai3="11,14,19,61,67,69,77,81,88,91,97,103,107" /><INIT seed="2,1,1,3,2,3" ten="250,217,281,242" oya="2" hai0="9,45,25,132,128,66,67,117,109,49,127,104,88" hai1="97,23,39,6,47,31,32,42,68,55,36,116,135" hai2="113,81,124,57,10,53,19,86,14,74,64,96,37" hai3="73,108,102,5,98,4,94,71,15,100,119,21,16"/><V17/><F113/><W27/><G71/><T70/><D104/><U24/><E116/><V133/><F74/><W107/><G73/><T121/><D121/><U87/><E135/><V115/><F115/><W28/><G119/><T30/><D117/><U99/><E36/><V89/><F37/><W20/><G108/><T40/><D109/><U51/><E68/><V90/><F133/><W77/><G77/><T134/><D127/><U11/><E32/><V92/><F124/><W44/><G107/><T129/><D132/><U69/><E69/><V56/><F64/><W34/><G44/><T110/><D110/><U62/><E62/><V130/><F130/><N who="0" m="50282" /><D70/><U7/><E87/><V75/><F75/><W105/><G105/><T2/><D134/><U82/><E82/><V35/><F35/><W126/><G126/><T41/><D41/><U58/><REACH who="1" step="1"/><E6/><REACH who="1" ten="250,207,281,242" step="2"/><N who="3" m="2666" /><G34/><N who="0" m="20815" /><D2/><AGARI ba="1,2" hai="2,7,11,23,24,31,39,42,47,51,55,58,97,99" machi="2" ten="30,7700,0" yaku="1,1,7,1,52,1,53,1" doraHai="3" doraHaiUra="1" who="1" fromWho="0" sc="250,-80,207,100,281,0,242,0" /><INIT seed="3,0,0,1,5,33" ten="170,307,281,242" oya="3" hai0="98,43,91,122,103,79,58,40,22,129,60,8,10" hai1="38,94,107,127,47,65,88,73,62,119,80,21,117" hai2="134,50,83,121,82,74,7,46,28,89,13,116,57" hai3="84,115,69,20,114,35,64,41,61,96,29,104,39"/><W95/><G84/><T45/><D129/><U12/><E107/><V97/><F116/><N who="1" m="44617" /><E127/><V70/><F70/><W1/><G20/><T19/><D122/><U118/><E118/><V120/><F28/><W66/><G66/><T14/><D79/><N who="1" m="44143" /><E12/><V87/><F134/><W54/><G54/><T51/><D43/><N who="1" m="23031" /><E21/><V81/><F57/><W130/><G130/><T72/><D72/><U93/><E88/><N who="2" m="51311" /><F74/><W67/><G67/><T53/><REACH who="0" step="1"/><D91/><REACH who="0" ten="160,307,281,242" step="2"/><U25/><E25/><V52/><F120/><W32/><G41/><T4/><D4/><U100/><E100/><V48/><F121/><W132/><G132/><T0/><D0/><U16/><E16/><V77/><F7/><W36/><G115/><T106/><AGARI ba="0,1" hai="8,10,14,19,22,40,45,51,53,58,60,98,103,106" machi="106" ten="20,2700,0" yaku="1,1,0,1,7,1,53,0" doraHai="33" doraHaiUra="90" who="0" fromWho="0" sc="160,37,307,-7,281,-7,242,-13" owari="197,-30.3,300,40.0,274,7.4,229,-17.1" /></mjloggm>