<mjloggm ver="2.3"><GO type="225" lobby="0"/><UN n0="%E7%99%BD%E6%97%A5%E9%9B%AA%E8%8F%9C" n1="%45%6C%79%73%69%75%6D" n2="%E3%81%B2%E3%81%AA%E3%81%AE%E3%82%8A%E3%81%8F" n3="%E5%B0%8F%E9%B3%A5%E9%81%8A%E7%B7%B4%E7%84%A1%32%31%E6%AD%B3" dan="16,17,17,16" rate="2124.87,2091.94,2200.68,2193.25" sx="M,F,M,F"/><TAIKYOKU oya="0"/><INIT seed="0,0,0,5,5,65" ten="250,250,250,250" oya="0" hai0="94,89,8,125,53,2,31,14,132,96,50,28,82" hai1="105,37,92,26,62,43,44,114,58,29,54,57,18" hai2="41,40,78,64,0,134,24,103,32,36,20,99,111" hai3="12,128,42,67,69,60,110,27,102,56,133,15,46"/><T49/><D2/><U129/><E105/><V61/><F111/><W68/><G110/><T90/><D125/><U79/><E129/><V91/><F134/><W9/><G133/><T126/><D126/><U107/><E107/><V100/><F0/><W39/><G128/><T16/><D132/><U1/><E1/><V135/><F78/><W45/><G102/><T112/><D112/><U47/><E114/><V6/><F6/><W34/><G45/><N who="0" m="27823" /><D50/><U19/><E44/><V108/><F108/><W80/><G80/><T83/><D83/><U117/><E117/><V74/><F74/><W76/><G76/><T17/><D17/><U22/><E79/><V131/><F131/><W86/><G86/><AGARI ba="0,0" hai="8,14,16,28,31,82,86,89,90,94,96" m="27823" machi="86" ten="30,5800,0" yaku="25,1,8,1,54,1" doraHai="65" who="0" fromWho="3" sc="250,58,250,0,250,0,250,-58" /><INIT seed="0,1,0,3,3,24" ten="308,250,250,192" oya="0" hai0="89,123,11,72,121,8,1,3,80,94,31,92,27" hai1="132,126,2,5,53,95,9,122,66,83,6,133,23" hai2="28,85,65,43,113,102,99,49,78,96,51,26,0" hai3="50,117,76,91,44,42,81,107,134,114,62,125,131"/><T106/><D106/><U103/><E122/><V61/><F0/><W33/><G117/><T22/><D121/><U13/><E126/><V84/><F113/><W75/><G114/><T37/><D123/><U77/><E66/><V19/><F19/><W101/><G125/><T36/><D94/><U70/><E70/><V67/><F67/><W71/><G134/><N who="1" m="51818" /><E53/><V115/><F99/><W17/><G131/><T25/><D25/><U119/><E119/><V30/><F115/><W58/><G91/><T45/><D72/><N who="1" m="43431" /><E23/><V54/><F43/><W59/><G33/><T87/><D92/><U124/><E124/><V56/><F49/><W90/><G90/><T64/><D64/><U34/><E34/><V111/><F111/><W68/><G58/><T127/><D127/><U63/><E63/><V38/><F38/><W109/><G109/><T104/><D104/><U60/><E60/><V29/><F26/><W82/><G68/><T130/><D130/><U79/><E79/><V15/><F15/><W128/><G71/><T74/><D74/><U14/><E5/><V41/><F41/><W10/><G128/><T47/><D36/><U88/><E103/><V32/><F32/><W16/><G101/><T73/><D73/><U48/><E48/><V4/><F4/><W118/><G118/><T98/><D37/><U39/><E39/><V116/><F116/><W112/><G50/><T46/><D98/><AGARI ba="1,0" hai="2,6,9,13,14,88,95,98" m="43431,51818" machi="98" ten="30,2000,0" yaku="20,1,54,1" doraHai="24" who="1" fromWho="0" sc="308,-23,250,23,250,0,192,0" /><INIT seed="1,0,0,4,4,107" ten="285,273,250,192" oya="1" hai0="102,18,109,29,40,16,21,19,129,103,81,41,22" hai1="51,2,30,85,1,79,64,93,59,9,119,34,58" hai2="31,72,94,63,32,45,65,66,23,43,114,52,68" hai3="70,54,89,33,76,4,26,126,60,95,53,131,12"/><U3/><E119/><V7/><F114/><W71/><G126/><T86/><D109/><U56/><E9/><V39/><F66/><W10/><G131/><T112/><D112/><U61/><E34/><V27/><F7/><W5/><G5/><T80/><D129/><U20/><E51/><V123/><F123/><W122/><G122/><T6/><D6/><U57/><E79/><V111/><F111/><W127/><G127/><T92/><D29/><U91/><E30/><V87/><F72/><W15/><G15/><T96/><D103/><U101/><E101/><V132/><F132/><W0/><G0/><T90/><D80/><U133/><REACH who="1" step="1"/><E20/><AGARI ba="0,0" hai="16,18,19,20,21,22,40,41,81,86,90,92,96,102" machi="20" ten="40,2600,0" yaku="8,1,54,1" doraHai="107" who="0" fromWho="1" sc="285,26,273,-26,250,0,192,0" /><INIT seed="2,0,0,2,3,88" ten="311,247,250,192" oya="2" hai0="6,105,82,29,111,126,68,83,5,12,112,101,118" hai1="119,73,35,114,93,69,33,10,89,59,3,85,21" hai2="39,53,64,40,108,46,121,100,79,58,113,2,14" hai3="110,4,128,87,133,94,125,99,41,60,70,61,86"/><V15/><F113/><W123/><G123/><T19/><D112/><U107/><E73/><V104/><F121/><W102/><G110/><T75/><D68/><U37/><E69/><V116/><F116/><W0/><G128/><T44/><D111/><U78/><E37/><V65/><F2/><W103/><G125/><T74/><D126/><U62/><E107/><V134/><F134/><W63/><G70/><T42/><D29/><U17/><E78/><V51/><F79/><W124/><G124/><T127/><D127/><U66/><E119/><V67/><REACH who="2" step="1"/><F108/><REACH who="2" ten="311,247,240,192" step="2"/><W117/><G133/><T132/><D132/><U135/><E135/><V38/><F38/><W45/><G117/><T120/><D120/><U48/><E114/><V13/><F13/><W56/><G0/><T77/><D118/><U20/><E3/><V27/><F27/><W32/><G32/><T26/><D26/><U95/><E33/><V1/><F1/><W11/><G102/><T22/><D77/><U23/><E35/><V24/><F24/><W92/><G86/><T52/><D74/><U81/><E48/><V130/><F130/><W72/><G72/><T57/><D75/><U55/><E66/><V97/><AGARI ba="0,1" hai="14,15,39,40,46,51,53,58,64,65,67,97,100,104" machi="97" ten="30,6000,0" yaku="1,1,0,1,53,1" doraHai="88" doraHaiUra="54" who="2" fromWho="2" sc="311,-20,247,-20,240,70,192,-20" /><INIT seed="2,1,0,1,5,66" ten="291,227,310,172" oya="2" hai0="98,71,78,108,94,107,52,104,59,90,122,100,31" hai1="26,10,54,18,62,38,86,96,69,24,106,128,126" hai2="75,88,1,85,127,73,48,84,20,39,97,5,123" hai3="53,21,76,25,0,9,103,42,63,3,16,83,65"/><V51/><F39/><W58/><G42/><T49/><D122/><U4/><E38/><V50/><F123/><W121/><G121/><T56/><D108/><U12/><E128/><V99/><F127/><W111/><G111/><T117/><D117/><U116/><E126/><V55/><F5/><W17/><G103/><T35/><D71/><U64/><E116/><V119/><F1/><W109/><G109/><T132/><D132/><U87/><E54/><V43/><F43/><W61/><G17/><T47/><D78/><U82/><E4/><V110/><F84/><W57/><REACH who="3" step="1"/><G9/><REACH who="3" ten="291,227,310,162" step="2"/><T80/><D107/><U60/><E106/><V36/><F110/><W105/><G105/><T102/><D104/><U22/><E10/><V28/><F119/><W6/><G6/><T133/><D102/><U91/><E18/><V113/><F36/><W2/><G2/><T37/><D37/><U41/><E41/><V130/><F130/><W44/><G44/><T92/><D47/><U118/><E118/><V131/><F131/><W115/><G115/><T95/><D100/><U14/><E22/><V120/><F113/><W124/><G124/><T101/><D101/><U134/><E134/><V68/><F20/><W29/><G29/><T46/><D31/><U93/><E12/><V79/><F28/><W13/><G13/><T77/><D133/><U7/><E14/><V19/><F19/><W129/><G129/><T70/><D46/><U114/><E7/><V8/><F8/><W30/><G30/><T40/><D40/><U33/><E114/><V74/><F120/><W135/><G135/><RYUUKYOKU ba="1,1" sc="291,-10,227,-10,310,-10,162,30" hai3="0,3,16,21,25,53,57,58,61,63,65,76,83" /><INIT seed="3,2,1,4,4,98" ten="281,217,300,192" oya="3" hai0="77,83,33,48,3,103,119,2,101,1,32,46,111" hai1="8,133,60,24,61,35,23,85,96,39,15,49,69" hai2="130,6,114,116,70,84,19,63,21,52,51,45,126" hai3="104,11,65,29,105,14,67,99,73,125,10,36,74"/><W100/><G125/><T81/><D119/><U95/><E39/><V132/><F114/><W17/><G36/><T76/><D111/><U16/><E133/><V90/><F116/><W128/><G128/><T107/><D107/><U62/><E35/><V13/><F132/><W78/><G105/><T94/><D94/><U79/><E49/><V92/><F126/><W82/><G73/><T34/><D81/><N who="1" m="47295" /><E69/><V120/><F120/><W68/><G68/><T20/><D20/><U131/><E131/><V4/><F130/><W113/><G113/><T97/><D97/><U124/><E124/><V26/><F26/><W109/><G109/><T27/><D27/><U37/><E37/><V42/><F70/><W5/><REACH who="3" step="1"/><G29/><REACH who="3" ten="281,217,300,182" step="2"/><T66/><D66/><U123/><E123/><V110/><F110/><W44/><G44/><T118/><D118/><U54/><E54/><V72/><F72/><W93/><G93/><T122/><D122/><U56/><E56/><AGARI ba="2,2" hai="4,6,13,19,21,42,45,51,52,56,63,84,90,92" machi="56" ten="40,2600,0" yaku="8,1,54,1" doraHai="98" who="2" fromWho="1" sc="281,0,217,-32,300,52,182,0" owari="281,8.1,185,-21.5,352,45.2,182,-31.8" /></mjloggm>