<mjloggm ver="2.3"><GO type="225" lobby="0"/><UN n0="%72%61%6B%33" n1="%E8%B6%85%E7%B4%9A%E9%B3%B3%E5%87%B0" n2="%E3%81%99%E3%81%84%E3%81%BE%E3%81%9B%E3%83%BC%E3%82%93" n3="%6D%75%75%6D%75%72%61" dan="16,16,17,16" rate="2132.65,2141.00,2198.34,2114.38" sx="M,M,M,F"/><TAIKYOKU oya="0"/><INIT seed="0,0,0,2,4,55" ten="250,250,250,250" oya="0" hai0="120,85,77,1,57,62,87,76,119,54,72,129,75" hai1="127,79,74,20,89,24,50,14,69,52,30,134,28" hai2="11,27,37,131,104,91,29,65,106,53,70,135,71" hai3="12,112,18,0,39,5,114,31,95,132,113,116,2"/><T105/><D105/><U126/><E69/><V63/><F71/><W117/><G39/><T25/><D25/><BYE who="0" /><U56/><E134/><V9/><F135/><W81/><G81/><T26/><D26/><U88/><E30/><V67/><F67/><W49/><G95/><T110/><D110/><U102/><E102/><V97/><F131/><W43/><G43/><T111/><D111/><U98/><E14/><UN n0="%72%61%6B%33" /><V83/><F37/><W16/><G49/><T7/><D119/><N who="3" m="45641" /><G132/><T13/><D120/><U40/><E40/><V15/><F53/><W22/><G31/><T90/><D1/><N who="3" m="617" /><G18/><T115/><D115/><U3/><E3/><V108/><F108/><W6/><AGARI ba="0,0" hai="5,6,12,16,22,112,113,114" m="617,45641" machi="6" ten="40,5200,0" yaku="34,2,54,1" doraHai="55" who="3" fromWho="3" sc="250,-26,250,-13,250,-13,250,52" /><INIT seed="1,0,0,3,4,77" ten="224,237,237,302" oya="1" hai0="87,47,125,25,122,20,126,79,63,78,91,39,123" hai1="85,1,36,15,43,68,51,115,49,135,28,133,16" hai2="53,13,54,65,107,12,37,121,8,26,11,76,29" hai3="35,131,67,59,64,7,82,106,88,103,98,92,73"/><U93/><E115/><V105/><F121/><N who="0" m="46090" /><D63/><U128/><E1/><V6/><F37/><W14/><G35/><T111/><D47/><U42/><E68/><V55/><F65/><W97/><G131/><T72/><D39/><U124/><E128/><V117/><F76/><N who="0" m="29226" /><D72/><U114/><E114/><V52/><N who="2" m="13312" /><DORA hai="30" /><V48/><F48/><W21/><G73/><T134/><D111/><U46/><E124/><V86/><F86/><W23/><G82/><N who="0" m="49655" /><D134/><N who="1" m="51211" /><E28/><AGARI ba="0,0" hai="20,25,28,125,126" m="49655,29226,46090" machi="28" ten="30,2000,0" yaku="13,1,52,1" doraHai="77,30" who="0" fromWho="1" sc="224,20,237,-20,237,0,302,0" /><INIT seed="2,0,0,5,0,94" ten="244,217,237,302" oya="2" hai0="115,125,132,36,127,64,29,117,5,44,57,21,89" hai1="43,106,50,31,61,111,49,105,101,103,48,13,42" hai2="45,27,108,4,46,96,51,22,23,47,102,95,58" hai3="121,73,25,39,83,123,2,85,131,72,97,133,66"/><V14/><F108/><W9/><G39/><T86/><D115/><U35/><E111/><V87/><F87/><W37/><G37/><T99/><D5/><U32/><E48/><V30/><F58/><W80/><G131/><T3/><D3/><U110/><E110/><V53/><REACH who="2" step="1"/><F23/><REACH who="2" ten="244,217,227,302" step="2"/><W135/><G85/><T76/><D57/><U0/><E32/><V40/><F40/><W128/><G128/><T60/><D21/><U54/><E35/><V124/><F124/><W91/><G73/><T34/><D86/><U77/><E42/><V130/><F130/><W98/><G72/><T118/><D34/><U26/><E43/><V70/><F70/><W78/><G121/><T100/><D127/><U88/><E77/><V134/><F134/><W69/><G123/><T93/><D76/><U68/><E68/><V55/><F55/><W107/><G78/><T33/><D125/><U71/><E71/><V75/><F75/><W122/><G122/><T62/><D132/><U120/><E54/><V65/><F65/><W41/><G41/><T16/><D64/><U119/><E120/><V81/><F81/><W113/><G135/><T52/><D52/><U28/><E61/><V129/><F129/><W116/><G133/><T19/><D62/><U12/><E50/><V79/><F79/><W67/><G69/><T126/><D60/><U8/><E49/><V15/><F15/><W112/><G67/><T6/><D126/><U59/><E12/><V11/><AGARI ba="0,1" hai="4,11,14,22,27,30,45,46,47,51,53,95,96,102" machi="11" ten="30,12000,1" yaku="1,1,0,1,8,1,52,1,53,1" doraHai="94" doraHaiUra="20" who="2" fromWho="2" sc="244,-40,217,-40,227,130,302,-40" /><INIT seed="2,1,0,5,5,65" ten="204,177,357,262" oya="2" hai0="84,45,46,98,29,74,67,34,81,15,111,60,13" hai1="3,23,127,115,18,96,69,1,27,119,52,62,16" hai2="88,40,123,133,89,20,28,33,104,35,36,95,128" hai3="120,108,100,44,41,106,90,14,25,5,26,66,94"/><V56/><F123/><W129/><G120/><T113/><D113/><U109/><E115/><V19/><F104/><W68/><G108/><T79/><D111/><U82/><E109/><V63/><F128/><W0/><G0/><T21/><D34/><U105/><E119/><V57/><F57/><W61/><G129/><T7/><D74/><U39/><E39/><V51/><F36/><W121/><G121/><T6/><D98/><U130/><E130/><V122/><F133/><W83/><G83/><T12/><D29/><U124/><E82/><V93/><F28/><W86/><G106/><T30/><D6/><U2/><E18/><V37/><F37/><W85/><G85/><T117/><D7/><U92/><E105/><V42/><F35/><W11/><G100/><T97/><D97/><U114/><E114/><V132/><F33/><W107/><G107/><T54/><D54/><U116/><E116/><V17/><F132/><W101/><G101/><T8/><D8/><U38/><E38/><AGARI ba="1,0" hai="5,11,14,25,26,38,41,44,61,66,68,86,90,94" machi="38" ten="30,2000,0" yaku="7,1,52,1" doraHai="65" who="3" fromWho="1" sc="204,0,177,-23,357,0,262,23" /><INIT seed="3,0,0,2,0,49" ten="204,154,357,285" oya="3" hai0="106,107,92,55,69,114,22,134,84,64,41,21,118" hai1="13,27,58,127,135,19,12,99,83,128,15,120,73" hai2="129,4,63,79,72,93,31,18,115,54,77,53,14" hai3="71,40,0,44,37,95,80,51,85,109,42,35,104"/><W124/><G104/><T126/><D118/><U45/><E120/><V52/><F115/><W110/><G71/><T50/><D114/><U3/><E3/><V66/><F129/><W76/><G0/><T82/><D126/><U5/><E128/><V88/><F4/><W75/><G124/><T81/><D41/><U117/><E127/><V103/><F31/><W9/><G35/><T108/><D108/><N who="3" m="41577" /><G9/><T112/><D134/><U26/><E135/><V68/><F103/><W105/><G105/><T121/><D107/><U123/><E123/><V130/><F72/><W47/><G95/><T60/><D106/><U23/><E117/><V133/><F133/><W16/><G16/><T87/><D92/><U43/><E99/><V2/><F2/><W32/><G32/><T96/><D96/><U46/><E27/><V89/><F130/><W24/><G24/><T62/><D112/><U61/><E5/><V38/><F38/><W65/><G65/><T56/><D121/><U25/><E26/><V33/><F33/><W102/><G102/><T111/><D111/><U90/><E43/><V34/><F34/><W94/><G94/><T36/><D36/><U125/><E125/><V101/><F101/><W122/><G122/><T28/><D28/><U98/><E98/><V70/><F70/><W97/><G97/><T59/><D69/><U100/><E100/><V30/><F30/><W78/><G75/><T57/><D21/><U48/><E73/><V8/><F93/><W119/><G119/><T29/><D29/><U131/><E131/><V132/><F132/><W7/><G7/><RYUUKYOKU ba="0,0" sc="204,-15,154,-15,357,15,285,15" hai2="8,14,18,52,53,54,63,66,68,77,79,88,89" hai3="37,40,42,44,47,51,76,78,80,85" /><INIT seed="3,1,0,0,0,15" ten="189,139,372,300" oya="3" hai0="78,69,67,23,59,20,104,123,134,82,50,97,21" hai1="95,33,19,117,34,5,80,76,32,58,90,4,129" hai2="89,128,68,39,44,36,56,122,100,96,113,51,106" hai3="3,38,109,48,114,16,102,62,12,64,43,42,25"/><W83/><G114/><T73/><D123/><U72/><E129/><V135/><F68/><W53/><G38/><T88/><D134/><U31/><E117/><V9/><F113/><W84/><G3/><T52/><D104/><U98/><E31/><V57/><F39/><W86/><G102/><T110/><D110/><U55/><REACH who="1" step="1"/><E19/><REACH who="1" ten="189,129,372,300" step="2"/><V47/><F128/><W14/><G109/><T116/><D116/><U108/><E108/><V11/><F122/><W75/><G25/><T99/><D20/><U127/><E127/><V28/><F28/><W85/><G12/><T61/><D21/><U37/><E37/><V125/><F36/><W60/><G75/><T79/><D23/><U29/><E29/><V119/><F125/><W103/><G83/><T92/><REACH who="0" step="1"/><D79/><REACH who="0" ten="179,129,372,300" step="2"/><U130/><E130/><V115/><F119/><W45/><G14/><T66/><D66/><U71/><E71/><V118/><F118/><W26/><G64/><T107/><D107/><U35/><N who="1" m="8192" /><DORA hai="46" /><U8/><E8/><V7/><F106/><W13/><G26/><T24/><D24/><U131/><E131/><V10/><F11/><W133/><G133/><T124/><D124/><U2/><E2/><V101/><F10/><W0/><G0/><T111/><D111/><U70/><E70/><V18/><F9/><W1/><G1/><T77/><D77/><U105/><E105/><V54/><F135/><W27/><G27/><T93/><D93/><U22/><E22/><V41/><F115/><W132/><G132/><T81/><D81/><U74/><E74/><V63/><F18/><W6/><G16/><RYUUKYOKU ba="1,2" sc="179,15,129,15,372,-15,300,-15" hai0="50,52,59,61,67,69,73,78,82,88,92,97,99" hai1="4,5,55,58,72,76,80,90,95,98" owari="194,-20.6,144,-35.6,377,47.7,285,8.5" /></mjloggm>