<mjloggm ver="2.3"><GO type="225" lobby="0"/><UN n0="%E3%81%B5%E3%81%98%E3%81%8B%E3%81%A4" n1="%E6%B4%BE%E9%81%A3%E3%81%AE%E3%82%B8%E3%83%A3%E3%83%83%E3%82%AF" n2="%E3%83%A9%E3%83%BC%E3%83%A1%E3%83%B3%E4%BA%94%E9%83%8E" n3="%E3%83%AB%E3%83%9B%E3%83%B3%E3%83%87%E3%82%A3%E3%82%A8" dan="16,17,16,17" rate="2224.39,2188.76,2056.23,2179.18" sx="M,M,M,M"/><TAIKYOKU oya="0"/><INIT seed="0,0,0,2,0,122" ten="250,250,250,250" oya="0" hai0="65,19,56,79,116,128,42,30,46,62,39,99,11" hai1="75,91,87,77,126,7,10,97,101,123,82,63,25" hai2="134,38,36,40,2,43,20,64,32,76,127,24,94" hai3="45,81,49,53,52,17,74,44,105,121,112,28,33"/><T29/><D128/><U54/><E126/><V132/><F127/><W131/><G105/><T73/><D116/><U103/><E123/><V106/><F106/><W86/><G74/><T57/><D99/><U12/><E25/><V61/><F2/><W59/><G112/><T9/><D57/><N who="1" m="35255" /><E75/><V114/><F32/><W23/><G131/><T119/><D119/><U108/><E108/><V66/><F114/><W89/><G121/><T93/><D93/><AGARI ba="0,0" hai="7,10,12,77,82,87,91,93,97,101,103" m="35255" machi="93" ten="30,1000,0" yaku="8,1" doraHai="122" who="1" fromWho="0" sc="250,-10,250,10,250,0,250,0" /><INIT seed="1,0,0,2,5,85" ten="240,260,250,250" oya="1" hai0="68,80,39,95,29,125,75,35,90,57,82,108,107" hai1="3,67,4,61,135,118,56,77,31,16,112,88,64" hai2="62,86,1,131,54,114,30,89,105,134,23,59,91" hai3="15,28,70,109,13,120,128,113,133,132,6,46,66"/><U94/><E112/><V74/><F74/><W63/><G28/><T52/><D68/><U53/><E118/><V110/><F114/><W127/><G6/><T78/><D39/><U58/><E135/><V20/><F134/><N who="3" m="51819" /><G13/><T40/><D40/><U100/><E100/><V119/><F119/><W101/><G15/><T121/><D107/><U55/><E77/><V92/><F1/><W65/><G101/><T103/><D108/><U10/><E31/><V47/><F110/><W87/><G87/><N who="0" m="48535" /><D35/><U11/><E11/><V115/><F115/><W76/><G76/><T2/><D2/><U17/><E64/><V123/><F123/><W117/><G120/><T79/><D75/><U38/><E38/><V122/><F122/><W0/><G0/><T25/><D103/><U98/><E67/><V12/><F105/><W51/><G117/><T96/><D125/><U32/><E32/><V27/><F131/><W48/><G109/><T50/><D121/><U126/><E126/><V22/><F47/><W5/><G5/><T43/><D43/><U81/><E81/><N who="2" m="49359" /><F12/><W45/><G113/><T69/><D69/><U72/><E72/><V24/><F30/><W14/><G127/><T93/><D79/><U130/><E130/><V83/><F83/><W41/><G14/><T71/><D71/><U42/><E42/><V19/><F27/><W9/><G128/><T104/><D104/><U84/><E98/><AGARI ba="0,0" hai="19,20,22,23,24,54,59,62,91,92,98" m="49359" machi="98" ten="30,7700,0" yaku="25,1,8,1,52,2" doraHai="85" who="2" fromWho="1" sc="240,0,260,-77,250,77,250,0" /><INIT seed="2,0,0,0,5,52" ten="240,183,327,250" oya="2" hai0="45,124,131,7,95,107,30,58,27,75,12,38,3" hai1="46,50,74,55,92,29,89,23,68,105,120,102,94" hai2="104,17,116,0,129,28,20,91,128,15,18,51,135" hai3="123,35,130,31,76,96,62,85,132,14,42,86,57"/><V32/><F116/><W47/><G123/><T53/><D107/><U90/><E120/><V78/><F104/><W6/><G35/><T54/><D75/><U19/><E68/><V39/><F39/><W81/><G31/><T71/><D71/><U111/><E111/><V73/><F135/><W118/><G130/><T122/><D131/><U21/><E74/><V109/><F109/><W5/><G132/><T61/><D122/><U87/><E29/><V13/><F91/><W33/><G33/><T11/><D124/><U69/><E69/><V83/><F0/><W100/><G86/><T22/><D95/><U103/><E105/><V134/><F134/><W82/><G82/><T115/><D115/><U127/><E127/><V60/><F60/><W10/><G5/><T63/><D38/><U66/><E66/><V133/><F133/><W97/><G100/><T2/><D45/><U40/><E40/><V48/><F48/><N who="3" m="26743" /><G118/><T8/><D8/><U59/><E46/><V98/><F98/><W119/><G119/><T49/><D49/><U117/><E117/><V112/><F51/><W126/><G126/><T113/><D113/><U84/><E21/><N who="2" m="11439" /><F112/><W121/><G121/><T34/><D34/><U24/><AGARI ba="0,0" hai="19,23,24,50,55,59,84,87,89,90,92,94,102,103" machi="24" ten="20,8000,1" yaku="0,1,7,1,9,1,8,1,52,1" doraHai="52" who="1" fromWho="1" sc="240,-20,183,80,327,-40,250,-20" /><INIT seed="3,0,0,5,1,28" ten="220,263,287,230" oya="3" hai0="98,103,50,121,34,55,104,81,92,112,114,127,44" hai1="48,83,117,107,64,57,77,56,124,40,1,97,61" hai2="126,106,63,125,0,84,18,66,6,33,36,95,5" hai3="59,85,68,79,78,89,39,32,132,46,21,119,108"/><W9/><G68/><T47/><D121/><U88/><E1/><V23/><F106/><W71/><G71/><T65/><D127/><N who="2" m="48650" /><F36/><W110/><G119/><T101/><D65/><U42/><E124/><V51/><F51/><W86/><G132/><T60/><D81/><U8/><E117/><V38/><F38/><W72/><G72/><T35/><D60/><U25/><E8/><V14/><F0/><W75/><G75/><T91/><D47/><U70/><E107/><V12/><F12/><W20/><G9/><T134/><D134/><U87/><E25/><V111/><F111/><N who="3" m="42539" /><G59/><T62/><D62/><U99/><E70/><N who="2" m="42335" /><F33/><N who="0" m="12298" /><D104/><U128/><E128/><V45/><F45/><W67/><G32/><T49/><D49/><U2/><E2/><V41/><F41/><N who="1" m="15977" /><E77/><N who="3" m="29194" /><G67/><T80/><D80/><U15/><E15/><V74/><F74/><W37/><G46/><T96/><D96/><U93/><E56/><V90/><AGARI ba="0,0" hai="5,6,14,18,23,84,90,95" m="42335,48650" machi="90" ten="30,1100,0" yaku="18,1" doraHai="28" who="2" fromWho="2" sc="220,-3,263,-3,287,11,230,-5" /><INIT seed="4,0,0,3,5,47" ten="217,260,298,225" oya="0" hai0="84,124,34,86,10,6,106,68,3,40,12,132,135" hai1="121,73,134,104,63,32,115,59,21,109,99,52,36" hai2="39,87,0,41,69,93,74,14,79,28,64,128,107" hai3="57,120,125,33,60,130,20,37,96,67,66,43,117"/><T94/><D68/><U48/><E109/><V49/><F107/><W98/><G33/><T31/><D106/><U17/><E32/><V19/><F0/><W16/><G117/><T70/><D70/><U119/><E36/><V61/><F128/><W50/><G130/><T113/><D113/><U42/><E119/><V97/><F74/><W18/><G125/><T24/><D124/><U7/><E73/><V126/><F126/><W91/><G37/><T23/><D40/><U26/><E121/><V116/><F116/><W38/><G38/><T78/><D78/><U131/><E131/><V71/><F71/><W53/><G120/><T51/><D51/><U102/><E134/><N who="0" m="51241" /><D94/><N who="1" m="58743" /><E115/><V129/><F129/><W44/><G18/><AGARI ba="0,0" hai="3,6,10,12,18,23,24,31,34,84,86" m="51241" machi="18" ten="30,2900,0" yaku="24,1,20,1" doraHai="47" who="0" fromWho="3" sc="217,29,260,0,298,0,225,-29" /><INIT seed="4,1,0,3,2,90" ten="246,260,298,196" oya="0" hai0="105,95,60,81,84,61,56,122,124,1,117,101,52" hai1="119,108,36,82,130,38,114,80,37,133,48,39,106" hai2="46,8,112,100,49,102,111,47,88,99,89,97,63" hai3="116,77,126,19,29,71,78,135,45,96,23,11,129"/><T70/><D122/><U74/><E119/><V21/><F111/><W132/><G71/><T50/><D117/><U24/><E108/><V20/><F112/><W76/><G116/><T125/><D1/><U42/><E106/><V2/><F63/><W31/><G126/><N who="0" m="48747" /><D105/><U93/><E133/><N who="3" m="51274" /><G129/><T123/><D123/><U72/><E130/><V69/><F69/><W54/><G11/><T26/><D26/><U120/><E24/><V58/><F2/><W55/><G96/><N who="2" m="36937" /><F8/><W87/><G87/><T113/><D113/><U43/><E120/><V98/><F58/><W15/><G45/><N who="2" m="16905" /><F49/><W41/><G41/><T83/><D70/><U51/><E39/><V121/><F121/><W6/><G6/><T18/><D18/><U32/><E37/><V35/><F35/><W40/><G40/><T131/><D131/><U53/><E32/><V68/><F68/><W4/><G4/><T66/><D101/><N who="2" m="39018" /><F98/><W13/><G13/><T22/><D22/><AGARI ba="1,0" hai="20,21,22,88,89" m="39018,16905,36937" machi="22" ten="30,7700,0" yaku="28,2,8,1,54,1" doraHai="90" who="2" fromWho="0" sc="246,-80,260,0,298,80,196,0" owari="166,-33.4,260,6.0,378,47.8,196,-20.4" /></mjloggm>