<mjloggm ver="2.3"><GO type="225" lobby="0"/><UN n0="%E9%B3%B3%E6%9D%B1%E3%81%AE%E3%81%86%E3%81%95%E3%81%8E%E3%81%95%E3%82%93" n1="%E3%81%82%E3%81%99%E3%81%AB%E3%82%83%E3%82%80" n2="%E3%81%99%E3%81%84%E3%81%BE%E3%81%9B%E3%83%BC%E3%82%93" n3="%E3%81%8C%E3%81%9F" dan="17,16,18,16" rate="2306.19,2099.76,2241.35,2142.68" sx="M,F,M,M"/><TAIKYOKU oya="0"/><INIT seed="0,0,0,4,3,24" ten="250,250,250,250" oya="0" hai0="43,44,69,65,53,132,18,16,33,37,2,30,104" hai1="130,29,35,75,49,56,34,71,48,47,52,101,87" hai2="41,45,17,25,12,95,67,134,96,31,94,23,0" hai3="100,7,118,117,28,62,98,112,38,4,108,102,85"/><T103/><D2/><U51/><E75/><V27/><F134/><W128/><G112/><T5/><D5/><U61/><E130/><V14/><F0/><W26/><G38/><T68/><D132/><U10/><E71/><V46/><F67/><W74/><G74/><T119/><D119/><U50/><E101/><V57/><F57/><W135/><G135/><T54/><D54/><U39/><E39/><V13/><F41/><W127/><G127/><T40/><D43/><U3/><E87/><V32/><REACH who="2" step="1"/><F94/><REACH who="2" ten="250,250,240,250" step="2"/><W63/><G118/><T92/><D92/><U91/><E47/><V8/><F8/><W89/><G117/><T111/><D68/><U129/><E3/><V19/><F19/><W106/><G128/><T90/><D65/><U81/><E10/><V42/><F42/><W79/><G106/><T55/><D69/><U58/><E129/><V66/><F66/><W121/><G121/><T36/><D104/><U78/><E58/><V15/><N who="2" m="3072" /><DORA hai="110" /><V73/><F73/><W82/><G7/><T1/><D1/><U93/><E56/><V11/><F11/><W97/><G4/><T124/><D40/><U72/><E52/><V20/><F20/><N who="3" m="15431" /><G108/><T9/><D111/><U83/><E34/><V105/><F105/><W22/><G22/><T107/><D107/><U109/><E109/><V6/><F6/><W88/><G62/><T77/><D33/><U114/><E61/><V76/><F76/><W126/><G63/><T115/><D9/><U131/><E131/><V122/><F122/><W116/><G116/><T123/><D123/><U60/><E60/><RYUUKYOKU ba="0,1" sc="250,-10,250,-10,240,30,250,-10" hai2="17,23,25,27,31,32,45,46,95,96" /><INIT seed="1,1,1,3,1,45" ten="240,240,270,240" oya="1" hai0="10,105,19,68,8,30,120,81,107,89,114,31,35" hai1="62,54,22,49,47,1,113,11,75,55,29,86,36" hai2="76,12,6,74,24,104,80,128,57,79,15,5,126" hai3="64,102,17,96,109,43,59,33,9,48,56,112,124"/><U108/><E75/><V27/><F104/><W125/><G112/><T0/><D114/><U95/><E113/><V85/><F126/><N who="3" m="48747" /><G33/><T3/><D68/><U61/><E108/><V53/><F128/><W91/><G109/><T44/><D35/><U46/><E36/><V130/><F130/><W25/><G91/><T50/><D120/><U32/><E32/><V100/><F100/><W118/><G118/><T87/><D105/><U66/><E1/><V121/><F121/><W7/><G64/><T83/><D107/><U41/><E11/><N who="0" m="4137" /><D3/><U58/><E46/><V69/><F69/><W103/><G17/><T52/><D0/><U71/><E29/><N who="0" m="10761" /><D19/><U117/><E117/><V73/><F73/><W92/><G103/><T123/><D123/><U116/><E116/><V131/><F74/><W70/><G70/><T18/><D18/><U106/><E106/><V99/><F131/><W84/><G84/><T42/><D42/><U88/><REACH who="1" step="1"/><E22/><REACH who="1" ten="240,230,270,240" step="2"/><V82/><F5/><W60/><G7/><T93/><AGARI ba="1,2" hai="44,50,52,81,83,87,89,93" m="10761,4137" machi="93" ten="30,4000,0" yaku="8,1,52,1,54,1" doraHai="45" who="0" fromWho="0" sc="240,63,230,-21,270,-11,240,-11" /><INIT seed="2,0,0,2,0,19" ten="303,209,259,229" oya="2" hai0="12,132,77,57,65,43,91,113,10,36,17,68,54" hai1="133,58,128,69,31,81,90,76,34,63,87,73,106" hai2="103,93,35,75,61,2,51,114,94,125,95,11,25" hai3="37,115,49,124,4,53,135,18,47,121,22,7,97"/><V26/><F114/><W41/><G121/><T89/><D113/><U101/><E133/><V118/><F118/><W96/><G124/><T83/><D132/><U79/><E128/><V55/><F75/><W126/><G126/><T70/><D70/><U40/><E69/><V6/><F125/><W131/><G131/><T98/><D98/><U30/><E40/><V24/><F61/><W88/><G135/><T127/><D127/><U14/><E34/><V29/><REACH who="2" step="1"/><F103/><REACH who="2" ten="303,209,249,229" step="2"/><W44/><G115/><T110/><D110/><U20/><E101/><V67/><F67/><W16/><G96/><T105/><D65/><U0/><E73/><V72/><F72/><W123/><G123/><T80/><D68/><U45/><E63/><V74/><F74/><W3/><G3/><T100/><D100/><U102/><E0/><V28/><F28/><W21/><G97/><T86/><D86/><U27/><E30/><V84/><F84/><W62/><G62/><T134/><D134/><U64/><E102/><V99/><F99/><W78/><G78/><T120/><D77/><U33/><E79/><V39/><F39/><W1/><G1/><T85/><D120/><U8/><E76/><V119/><F119/><W112/><G112/><T66/><D66/><U104/><E64/><V116/><F116/><W122/><G122/><T52/><D85/><U82/><E87/><V46/><AGARI ba="0,1" hai="2,6,11,24,25,26,29,35,46,51,55,93,94,95" machi="46" ten="30,3000,0" yaku="1,1,0,1,53,0" doraHai="19" doraHaiUra="59" who="2" fromWho="2" sc="303,-10,209,-10,249,40,229,-10" /><INIT seed="2,1,0,0,0,59" ten="293,199,289,219" oya="2" hai0="116,67,85,23,16,65,19,111,122,73,110,103,53" hai1="42,80,119,64,24,48,47,100,3,99,39,91,78" hai2="29,134,6,104,105,18,132,81,84,61,43,2,22" hai3="21,55,95,26,113,107,62,35,124,125,115,17,36"/><V58/><F29/><N who="3" m="19895" /><G107/><T46/><D122/><U76/><E119/><V77/><F43/><W69/><G95/><T1/><D73/><U57/><E3/><V60/><F6/><W45/><G36/><T87/><D1/><U108/><E108/><N who="0" m="41513" /><D103/><U12/><E24/><V13/><F2/><W93/><G93/><T4/><D4/><U133/><E133/><N who="2" m="51307" /><F60/><W121/><G45/><T30/><D30/><U38/><E38/><V86/><F84/><N who="0" m="32330" /><D116/><U33/><E33/><V66/><AGARI ba="1,0" hai="13,18,22,58,61,66,77,81,86,104,105" m="51307" machi="66" ten="30,3000,0" yaku="20,1,52,1" doraHai="59" who="2" fromWho="2" sc="293,-11,199,-11,289,33,219,-11" /><INIT seed="2,2,0,5,4,47" ten="282,188,322,208" oya="2" hai0="108,102,19,59,92,88,14,65,3,79,113,67,126" hai1="98,53,8,45,63,57,97,95,123,104,133,23,20" hai2="103,77,85,55,120,68,89,6,84,110,74,130,51" hai3="119,107,125,17,73,50,127,129,38,121,100,40,69"/><V25/><F120/><W35/><RYUUKYOKU type="yao9" ba="2,0" sc="282,0,188,0,322,0,208,0" hai3="17,35,38,40,50,69,73,100,107,119,121,125,127,129" /><INIT seed="2,3,0,3,3,75" ten="282,188,322,208" oya="2" hai0="88,24,126,31,14,0,4,13,101,69,90,87,107" hai1="120,26,102,131,1,115,54,66,64,49,18,127,80" hai2="116,78,62,122,95,98,114,28,71,72,25,2,94" hai3="10,77,16,92,22,55,123,33,117,50,79,129,53"/><V84/><F114/><W35/><G117/><T37/><D37/><U112/><E1/><V67/><F122/><W47/><G123/><T93/><D126/><U8/><E120/><V21/><F2/><W105/><G105/><T58/><D69/><U135/><E127/><V125/><F125/><W46/><G129/><T83/><D107/><U76/><E131/><V132/><F132/><W5/><G33/><T134/><D101/><U82/><E135/><V39/><F39/><W70/><G35/><T48/><D134/><U109/><E109/><V36/><F36/><W99/><G70/><T23/><D0/><U133/><E133/><V11/><F72/><W59/><G10/><T65/><D4/><U121/><E102/><V34/><F11/><W3/><G5/><T100/><D100/><U19/><E121/><V113/><F113/><W56/><G3/><T6/><D6/><U106/><E106/><V30/><F116/><W41/><G41/><T60/><REACH who="0" step="1"/><D48/><REACH who="0" ten="272,188,322,208" step="2"/><U20/><E112/><V43/><F71/><W103/><G56/><T74/><D74/><U32/><E115/><V130/><F130/><W15/><G47/><T9/><D9/><U40/><E8/><V44/><F44/><W42/><G42/><T111/><D111/><U86/><E40/><V104/><F43/><W63/><AGARI ba="3,1" hai="15,16,22,46,50,53,55,59,63,77,79,92,99,103" machi="63" ten="20,12000,2" yaku="0,1,7,1,8,1,52,2,54,1" doraHai="75" who="3" fromWho="3" sc="272,-33,188,-33,322,-63,208,139" /><INIT seed="3,0,0,3,3,9" ten="239,155,259,347" oya="3" hai0="48,75,124,105,120,7,24,80,118,55,43,54,11" hai1="88,5,1,38,15,125,92,0,47,6,29,134,97" hai2="4,62,84,114,34,60,93,27,109,42,91,113,107" hai3="2,133,57,102,77,72,21,22,103,86,28,39,81"/><W70/><G70/><T126/><D118/><U110/><E110/><V87/><F107/><W90/><G39/><T130/><D120/><U66/><E134/><V56/><F109/><W119/><G119/><T14/><D105/><U99/><E125/><N who="0" m="48233" /><D130/><U20/><E0/><V121/><F121/><W3/><G133/><T67/><D67/><U116/><E116/><V36/><F4/><W49/><G3/><T44/><D24/><U46/><E1/><V41/><F36/><W68/><G2/><T117/><D117/><U45/><E38/><V115/><F87/><W53/><G68/><T65/><D65/><U64/><E99/><V76/><F76/><AGARI ba="0,0" hai="7,11,14,43,44,48,54,55,75,76,80" m="48233" machi="76" ten="30,2000,0" yaku="18,1,52,1" doraHai="9" who="0" fromWho="2" sc="239,20,155,0,259,-20,347,0" owari="259,5.9,155,-34.5,239,-16.1,347,44.7" /></mjloggm>