<mjloggm ver="2.3"><GO type="225" lobby="0"/><UN n0="%E3%81%86%E3%82%8C%E3%81%9F%E3%82%93%E6%9E%95" n1="%E3%81%A4%E3%81%A3%E3%81%B1%E3%82%8A%E3%83%9D%E3%83%BC%E3%83%AB" n2="%E3%83%B4%E3%83%A0%EF%BC%99%E3%81%A6" n3="%33%74%72%65%65" dan="16,16,16,16" rate="2073.77,2130.47,2097.11,2127.12" sx="F,M,M,F"/><TAIKYOKU oya="0"/><INIT seed="0,0,0,3,5,28" ten="250,250,250,250" oya="0" hai0="80,2,131,68,59,43,29,112,72,75,35,36,22" hai1="86,11,78,128,89,45,87,10,38,32,120,27,60" hai2="74,39,23,42,117,102,97,55,5,114,127,64,119" hai3="100,101,9,58,24,0,105,92,46,82,26,51,13"/><T14/><D112/><U30/><E120/><V96/><F114/><W113/><G113/><T93/><D68/><U125/><E128/><V66/><F74/><W33/><G105/><T25/><D2/><U71/><E125/><V107/><F127/><W110/><G0/><T18/><D131/><U70/><E78/><V124/><F124/><W54/><G110/><T84/><D93/><U52/><E87/><V4/><F23/><W17/><G82/><T122/><D122/><U81/><E38/><V116/><F96/><W99/><G101/><T88/><REACH who="0" step="1"/><D59/><REACH who="0" ten="240,250,250,250" step="2"/><U134/><E71/><V115/><F115/><W31/><REACH who="3" step="1"/><G26/><REACH who="3" ten="240,250,250,240" step="2"/><T3/><D3/><U132/><E27/><V20/><F117/><W98/><G98/><T53/><D53/><U62/><E52/><V133/><F116/><W8/><G8/><T47/><AGARI ba="0,2" hai="14,18,22,25,29,35,36,43,47,72,75,80,84,88" machi="47" ten="30,12000,1" yaku="1,1,0,1,52,1,54,1,53,1" doraHai="28" doraHaiUra="77" who="0" fromWho="0" sc="240,140,250,-40,250,-40,240,-40" /><INIT seed="0,1,0,5,4,91" ten="380,210,210,200" oya="0" hai0="121,99,11,92,90,32,128,127,23,71,27,50,57" hai1="93,55,79,88,25,134,107,102,73,108,3,63,60" hai2="53,101,62,20,9,38,52,105,15,1,61,129,2" hai3="34,0,86,97,49,42,33,56,82,118,28,78,72"/><T31/><D121/><U114/><E3/><V80/><F38/><W116/><G0/><T22/><D128/><U133/><E108/><V115/><F129/><W13/><G72/><T104/><D71/><U8/><E114/><V83/><F115/><W64/><G64/><T81/><D127/><U126/><E126/><V131/><F131/><W59/><G118/><T65/><D11/><U70/><E70/><V77/><F101/><W103/><G116/><T54/><D65/><U29/><E8/><V66/><F105/><W58/><G28/><T68/><D68/><U30/><E102/><V117/><F117/><W48/><G13/><T17/><D104/><U100/><E100/><V16/><F1/><W4/><G4/><T119/><D119/><U74/><E29/><V125/><F125/><W40/><G49/><T51/><D17/><U109/><E107/><V123/><F123/><W132/><G48/><T89/><D50/><U37/><E37/><V7/><F80/><W36/><G36/><T87/><AGARI ba="1,0" hai="22,23,27,31,32,51,54,57,81,87,89,90,92,99" machi="87" ten="30,3000,0" yaku="0,1,52,1" doraHai="91" who="0" fromWho="0" sc="380,33,210,-11,210,-11,200,-11" /><INIT seed="0,2,0,3,3,117" ten="413,199,199,189" oya="0" hai0="4,98,114,77,14,27,121,36,11,7,35,59,86" hai1="52,38,89,93,55,34,83,17,127,94,39,108,63" hai2="84,88,12,91,0,30,122,118,68,120,32,9,87" hai3="109,47,49,110,3,112,22,2,80,21,113,8,103"/><T105/><D114/><N who="3" m="44137" /><G103/><T104/><D36/><U133/><E34/><V1/><F68/><W97/><G97/><T111/><D4/><U67/><E39/><V131/><F118/><W58/><G80/><T42/><D42/><U51/><E38/><V135/><F135/><W75/><G75/><T96/><D96/><U124/><E133/><V100/><F100/><W46/><G58/><T116/><D116/><U82/><E108/><N who="3" m="41578" /><G8/><T24/><D98/><U71/><E94/><V41/><F9/><W31/><G31/><T54/><D105/><U40/><E83/><V23/><F30/><W53/><G47/><T64/><D104/><U74/><E82/><V57/><F57/><W92/><G92/><T101/><D101/><U130/><E74/><V56/><F56/><W48/><G48/><T72/><D59/><U73/><E73/><V66/><F66/><W43/><G43/><T20/><D64/><U16/><E40/><V115/><F41/><W6/><G6/><T25/><D72/><U29/><E29/><V50/><F50/><W18/><G22/><T125/><D20/><U10/><E10/><V123/><F115/><W44/><G44/><T19/><D11/><U90/><E55/><V132/><F132/><W28/><G28/><N who="0" m="19847" /><D54/><U70/><E70/><V60/><F60/><W128/><G2/><N who="2" m="1129" /><F32/><W85/><G3/><T62/><D62/><U79/><E51/><V13/><F23/><W37/><G37/><T45/><D111/><U102/><E63/><V5/><F5/><W78/><G49/><T126/><D7/><U119/><E67/><V26/><F87/><RYUUKYOKU ba="2,0" sc="413,0,199,0,199,0,189,0" /><INIT seed="1,3,0,1,1,110" ten="413,199,199,189" oya="1" hai0="108,51,7,100,103,1,3,92,23,44,55,30,59" hai1="9,87,74,86,54,66,68,22,18,102,125,98,129" hai2="130,43,62,135,81,71,79,28,52,48,83,65,32" hai3="61,112,93,101,6,53,2,56,42,113,114,76,94"/><U121/><E121/><V39/><F130/><W124/><G124/><T120/><D108/><U25/><E74/><V49/><F135/><W70/><G76/><T29/><D120/><U127/><E129/><V118/><F118/><W14/><G2/><T27/><D30/><U31/><E54/><V24/><F48/><W126/><G126/><N who="1" m="48138" /><E66/><V91/><F91/><W80/><G80/><T72/><D72/><U82/><E68/><V104/><F104/><W134/><G134/><T41/><D7/><U17/><E9/><V15/><F15/><W58/><G42/><T26/><D26/><U109/><E109/><V11/><F11/><W78/><G70/><T84/><D1/><U85/><E82/><V95/><F95/><AGARI ba="3,0" hai="17,18,22,25,31,85,86,87,95,98,102" m="48138" machi="95" ten="30,1500,0" yaku="18,1" doraHai="110" who="1" fromWho="2" sc="413,0,199,24,199,-24,189,0" /><INIT seed="1,4,0,5,0,84" ten="413,223,175,189" oya="1" hai0="19,128,80,82,69,6,133,97,104,23,25,60,106" hai1="99,68,26,44,43,4,39,119,8,5,87,129,91" hai2="109,58,81,83,105,2,64,3,95,38,112,42,61" hai3="62,96,115,1,52,50,98,51,126,113,16,31,100"/><U35/><E119/><V37/><F105/><W20/><G1/><T32/><D128/><U55/><E129/><V94/><F109/><W14/><G126/><T33/><D133/><U57/><E68/><V13/><F13/><W65/><G31/><T41/><D6/><U46/><E46/><V21/><F21/><W102/><G115/><T12/><D41/><U123/><E99/><N who="3" m="37930" /><G65/><T17/><D82/><U56/><E123/><V130/><F130/><W85/><G113/><T27/><D80/><U117/><E117/><V9/><F112/><W67/><G67/><N who="0" m="41191" /><D106/><U114/><E56/><V134/><F64/><W86/><G62/><T0/><D0/><U15/><E5/><V10/><F61/><W75/><G75/><T110/><D33/><U29/><E114/><V121/><F58/><N who="3" m="33047" /><G51/><T40/><D40/><U89/><E87/><AGARI ba="4,0" hai="14,16,20,85,86,87,100,102" m="33047,37930" machi="87" ten="30,3900,0" yaku="8,1,54,2" doraHai="84" who="3" fromWho="1" sc="413,0,223,-51,175,0,189,51" /><INIT seed="2,0,0,4,4,63" ten="413,172,175,240" oya="2" hai0="125,80,128,17,16,127,77,62,78,102,25,135,59" hai1="14,99,32,28,39,5,84,45,44,74,46,37,13" hai2="51,24,86,118,67,20,26,134,48,55,105,68,0" hai3="107,97,9,2,15,92,7,95,4,23,19,38,41"/><V35/><F118/><W54/><G4/><T104/><D128/><U121/><E74/><V53/><F0/><W103/><G38/><T133/><D135/><U112/><E112/><V113/><F113/><W83/><G41/><T43/><D133/><U1/><E121/><V114/><F114/><W34/><G83/><T73/><D78/><U94/><E1/><V40/><F40/><W126/><G126/><N who="0" m="48139" /><D43/><U96/><E84/><V56/><F105/><W110/><G110/><T33/><D102/><U132/><E132/><V117/><F134/><W22/><G22/><T130/><D104/><U60/><E60/><V82/><F35/><W50/><G34/><T47/><D47/><AGARI ba="0,0" hai="2,7,9,15,19,23,47,50,54,92,95,97,103,107" machi="47" ten="30,1000,0" yaku="7,1" doraHai="63" who="3" fromWho="0" sc="413,-10,172,0,175,0,240,10" /><INIT seed="3,0,0,3,4,106" ten="403,172,175,250" oya="3" hai0="120,75,19,128,43,28,48,132,31,133,105,126,113" hai1="37,74,118,61,58,16,71,32,95,42,108,9,60" hai2="4,72,63,47,53,103,123,87,46,129,68,50,92" hai3="125,57,1,84,134,52,64,41,86,111,51,69,90"/><W44/><G134/><T40/><D120/><U29/><E74/><V94/><F72/><W13/><G1/><T79/><D128/><U14/><E71/><V34/><F34/><W117/><G117/><T35/><D105/><U36/><E118/><V116/><F116/><W107/><G107/><T49/><D126/><U78/><E78/><V15/><F129/><W20/><G111/><T124/><D113/><U67/><E108/><V80/><F123/><W62/><G125/><T131/><D124/><U96/><E42/><V114/><F114/><W26/><G13/><T97/><D19/><U115/><E115/><V22/><F47/><W109/><G109/><T24/><D97/><U83/><E83/><V0/><F0/><W45/><G45/><T11/><D11/><U21/><E61/><V6/><F63/><W27/><G20/><T3/><D3/><U135/><E32/><V70/><F70/><W12/><G12/><T18/><D18/><U73/><E73/><V122/><F68/><W23/><G23/><T81/><D28/><U17/><E135/><N who="0" m="51785" /><D131/><U8/><E8/><V100/><F122/><W66/><G66/><T76/><D76/><U5/><E5/><N who="2" m="2155" /><F15/><W7/><G7/><T119/><D119/><U102/><E17/><V59/><F22/><W85/><REACH who="3" step="1"/><G90/><REACH who="3" ten="403,172,175,240" step="2"/><T25/><D25/><AGARI ba="0,1" hai="9,14,16,21,25,29,36,37,58,60,67,95,96,102" machi="25" ten="40,5200,0" yaku="25,2,54,1" doraHai="106" who="1" fromWho="0" sc="403,-52,172,62,175,0,240,0" owari="351,45.1,234,-16.6,175,-32.5,240,4.0" /></mjloggm>