<mjloggm ver="2.3"><GO type="225" lobby="0"/><UN n0="%E8%BE%9B%E5%8F%A3%E3%82%AB%E3%83%AC%E3%83%BC%E3%83%A9%E3%82%A4%E3%82%B9" n1="%E3%81%82%E3%81%84%E3%81%82%E3%81%8A%E3%81%84" n2="%30%2E%31%32%30" n3="%E4%B8%8B%E6%AE%B5%E3%83%81%E3%82%A7%E3%83%AA%E3%83%BC" dan="16,18,16,16" rate="2138.54,2201.33,2068.44,2127.01" sx="M,M,M,M"/><TAIKYOKU oya="0"/><INIT seed="0,0,0,2,3,84" ten="250,250,250,250" oya="0" hai0="97,25,114,14,92,129,59,91,1,8,109,86,56" hai1="33,132,101,40,30,39,22,60,124,3,119,74,134" hai2="36,57,118,5,41,65,120,88,81,122,62,131,21" hai3="54,108,103,45,66,100,72,85,98,130,73,16,29"/><T106/><D114/><U52/><E3/><V38/><F131/><W43/><G29/><T115/><D115/><U35/><E74/><V107/><F107/><W121/><G121/><T104/><D129/><U13/><E101/><V77/><F118/><W47/><G130/><T49/><D1/><U27/><E119/><V125/><F125/><W37/><G66/><T61/><D109/><U34/><E124/><V23/><F5/><W79/><G103/><T50/><D59/><N who="1" m="34919" /><E40/><V78/><F41/><W126/><G126/><T102/><D25/><U2/><E39/><V63/><F57/><W64/><G43/><T95/><D106/><U7/><E2/><V4/><F4/><W94/><G100/><T32/><D32/><U113/><E7/><V93/><F65/><W127/><G64/><N who="0" m="38951" /><D104/><U18/><E113/><V110/><F110/><W76/><G73/><T9/><D9/><U24/><E30/><V11/><F11/><W89/><G72/><T46/><D46/><U105/><E105/><V112/><F112/><W116/><G47/><T75/><D75/><U53/><E53/><V48/><F120/><W128/><G45/><T10/><D10/><U17/><E17/><AGARI ba="0,0" hai="8,14,17,49,50,86,91,92,95,97,102" m="38951" machi="17" ten="30,2900,0" yaku="8,1,52,1" doraHai="84" who="0" fromWho="1" sc="250,29,250,-29,250,0,250,0" /><INIT seed="0,1,0,5,2,10" ten="279,221,250,250" oya="0" hai0="71,21,9,53,59,0,126,134,115,105,101,124,27" hai1="93,43,133,64,46,74,65,100,67,76,8,98,107" hai2="6,130,97,28,49,80,79,103,61,95,111,17,24" hai3="60,96,84,54,122,88,77,22,127,87,4,44,20"/><T38/><D115/><U123/><E123/><V114/><F114/><W128/><G122/><T131/><D71/><U47/><E133/><V112/><F112/><W19/><G127/><N who="0" m="48683" /><D38/><U14/><E107/><V90/><F111/><W125/><G125/><T129/><D101/><U66/><N who="1" m="16384" /><DORA hai="62" /><U3/><E3/><V42/><F61/><W23/><G128/><N who="0" m="49227" /><D105/><U36/><E47/><V5/><F130/><W102/><G4/><N who="0" m="1159" /><D53/><U11/><REACH who="1" step="1"/><E14/><REACH who="1" ten="279,211,250,250" step="2"/><V69/><F69/><W12/><G44/><T85/><D134/><U92/><E92/><V75/><F95/><W86/><G12/><T29/><D59/><U25/><E25/><V110/><F24/><W50/><G77/><T34/><D85/><U106/><E106/><V73/><F79/><W33/><G87/><T32/><AGARI ba="1,1" hai="21,27,29,32,34" m="1159,49227,48683" machi="32" ten="40,12000,1" yaku="18,1,19,1,34,2" doraHai="10,62" who="0" fromWho="0" sc="279,133,211,-41,250,-41,250,-41" /><INIT seed="0,2,0,4,3,25" ten="412,170,209,209" oya="0" hai0="6,100,61,10,135,40,65,101,110,72,39,62,1" hai1="19,33,38,129,88,58,78,133,32,7,77,86,114" hai2="117,121,125,74,115,81,20,23,116,13,124,44,59" hai3="68,53,132,91,85,104,17,75,79,130,41,94,76"/><T123/><D123/><U56/><E38/><V9/><F44/><W16/><G68/><T27/><D135/><U109/><E133/><V26/><F74/><W45/><G132/><T106/><D106/><U34/><E109/><V43/><F43/><W52/><G104/><T2/><D2/><U95/><E129/><V108/><F81/><W50/><G130/><T119/><D119/><N who="2" m="45642" /><F108/><W97/><G75/><T71/><D110/><U30/><E114/><V131/><F131/><W54/><G97/><T99/><D99/><U69/><E69/><V103/><F103/><W66/><G66/><T8/><D8/><U0/><E30/><N who="2" m="17735" /><F59/><W3/><G3/><T15/><D72/><U51/><E19/><AGARI ba="2,0" hai="16,17,19,41,45,50,52,53,54,76,79,85,91,94" machi="19" ten="40,5200,0" yaku="8,1,54,2" doraHai="25" who="3" fromWho="1" sc="412,0,170,-58,209,0,209,58" /><INIT seed="1,0,0,0,5,26" ten="412,112,209,267" oya="1" hai0="103,12,5,87,61,107,102,108,73,109,115,57,99" hai1="118,83,44,6,130,78,21,84,125,113,25,40,96" hai2="27,89,63,117,128,131,49,76,47,60,119,74,50" hai3="54,69,45,3,79,31,114,120,59,111,17,68,33"/><U32/><E113/><V70/><F27/><W126/><G114/><T13/><D73/><U41/><E118/><N who="2" m="45067" /><F76/><W39/><G120/><T35/><D115/><U43/><E125/><V19/><F19/><W134/><G134/><T88/><D102/><U58/><E130/><N who="2" m="49707" /><F89/><W104/><G17/><T121/><D35/><U97/><E32/><V86/><F86/><W110/><G104/><T94/><D121/><U92/><E6/><V15/><F15/><W20/><G3/><T132/><D132/><U129/><E129/><V124/><F74/><W16/><G79/><T62/><D62/><N who="2" m="23594" /><F70/><W133/><G68/><T30/><D30/><U80/><E80/><V53/><F50/><W7/><G69/><T75/><D75/><U101/><E97/><V36/><F36/><W71/><G71/><T98/><D98/><U122/><E122/><V123/><F123/><W56/><G7/><T10/><REACH who="0" step="1"/><D13/><REACH who="0" ten="402,112,209,267" step="2"/><U22/><E22/><V46/><F124/><W18/><G126/><T2/><D2/><U77/><E77/><V135/><F135/><W72/><G33/><T38/><D38/><U106/><E58/><AGARI ba="0,1" hai="46,47,49,53,58" m="23594,49707,45067" machi="58" ten="30,3900,0" yaku="19,1,34,2" doraHai="26" who="2" fromWho="1" sc="402,0,112,-39,209,49,267,0" /><INIT seed="2,0,0,1,4,61" ten="402,73,258,267" oya="2" hai0="74,20,108,31,75,69,11,56,128,70,84,115,121" hai1="95,71,30,35,81,134,19,60,13,79,46,65,14" hai2="59,47,45,40,3,37,62,77,89,67,83,54,93" hai3="116,64,113,105,132,63,26,48,99,2,85,117,38"/><V36/><F3/><W82/><G38/><T88/><D121/><U58/><E134/><V33/><F33/><W101/><G113/><T57/><D115/><U5/><E35/><V135/><F135/><W129/><G2/><T28/><D108/><U109/><E109/><V133/><F133/><W90/><G132/><T72/><D128/><U53/><E30/><V18/><F36/><W110/><G110/><T25/><D28/><U91/><E5/><V55/><F45/><W127/><G129/><T100/><D100/><U15/><E46/><V9/><F9/><W4/><G4/><T39/><D39/><U86/><E71/><V22/><F89/><W1/><G1/><T6/><D69/><U49/><E49/><V8/><F8/><W76/><G127/><T118/><D70/><U94/><E94/><V7/><F7/><W119/><G48/><T32/><D118/><U52/><REACH who="1" step="1"/><E19/><REACH who="1" ten="402,63,258,267" step="2"/><V97/><F93/><W17/><G17/><T122/><D32/><U104/><E104/><V96/><F96/><AGARI ba="0,1" hai="13,14,15,52,53,58,60,65,79,81,86,91,95,96" machi="96" ten="40,8000,1" yaku="1,1,8,1,52,1,54,1,53,0" doraHai="61" doraHaiUra="130" who="1" fromWho="2" sc="402,0,63,90,258,-80,267,0" /><INIT seed="3,0,0,2,2,48" ten="402,153,178,267" oya="3" hai0="90,2,26,60,53,20,86,21,33,7,25,109,76" hai1="75,41,57,66,93,101,91,43,22,37,49,38,36" hai2="19,6,98,69,63,45,114,115,122,103,50,4,111" hai3="27,73,46,133,31,128,13,44,17,134,119,23,123"/><W121/><G73/><T85/><D109/><U51/><E75/><V14/><F111/><W110/><G110/><T71/><D2/><U62/><E101/><V132/><F132/><N who="3" m="50795" /><G46/><T61/><D7/><U94/><E22/><V77/><F77/><W87/><G87/><T89/><D76/><U88/><E49/><V117/><F50/><W8/><G44/><T105/><D105/><U126/><E126/><V24/><F45/><W28/><G119/><T58/><D33/><U84/><REACH who="1" step="1"/><E51/><REACH who="1" ten="402,143,178,267" step="2"/><V30/><F117/><W95/><G128/><T11/><D86/><AGARI ba="0,1" hai="36,37,38,41,43,57,62,66,84,86,88,91,93,94" machi="86" ten="40,8000,1" yaku="1,1,2,1,9,1,54,1,53,0" doraHai="48" doraHaiUra="79" who="1" fromWho="0" sc="402,-80,143,90,178,0,267,0" owari="322,42.2,233,-16.7,178,-32.2,267,6.7" /></mjloggm>