<mjloggm ver="2.3"><GO type="225" lobby="0"/><UN n0="%E7%9C%9F%E4%B8%80" n1="%E8%91%89%E5%B1%B1%E9%99%BD%E5%92%8C" n2="%72%61%6B%33" n3="%E3%81%AF%E3%82%88%E3%81%8A%E3%81%98%E3%81%95%E3%82%93" dan="17,16,16,16" rate="2248.32,2111.22,2152.71,2131.39" sx="M,M,M,M"/><TAIKYOKU oya="0"/><INIT seed="0,0,0,5,0,24" ten="250,250,250,250" oya="0" hai0="36,134,113,30,109,92,77,135,4,129,76,14,1" hai1="125,41,90,130,54,25,110,104,31,7,44,108,68" hai2="37,51,107,124,33,35,52,11,64,57,22,126,102" hai3="42,100,120,46,123,59,8,45,121,81,58,16,15"/><T131/><D36/><U9/><E104/><V78/><F37/><W65/><G100/><T80/><D1/><U53/><E68/><V112/><F112/><W63/><G42/><T66/><D113/><U50/><E125/><N who="2" m="48235" /><F78/><W6/><G81/><T128/><D66/><U96/><E130/><V23/><F11/><W101/><G101/><T119/><D119/><U111/><E96/><N who="2" m="61895" /><F64/><W99/><G99/><T0/><D0/><N who="1" m="231" /><E90/><V73/><F73/><W26/><G59/><T74/><D76/><U94/><E94/><V48/><F48/><W71/><G71/><T117/><D117/><U70/><E70/><V62/><F51/><W132/><G132/><N who="0" m="50731" /><D92/><U83/><E83/><V118/><F118/><W17/><REACH who="3" step="1"/><G26/><REACH who="3" ten="250,250,250,240" step="2"/><T82/><D82/><U10/><E110/><V86/><F86/><W34/><G34/><AGARI ba="0,1" hai="22,23,33,34,35,52,57,62" m="61895,48235" machi="34" ten="30,2000,0" yaku="18,1,54,1" doraHai="24" who="2" fromWho="3" sc="250,0,250,0,250,30,240,-20" /><INIT seed="1,0,0,2,3,118" ten="250,250,280,220" oya="1" hai0="115,110,94,82,93,44,73,23,65,32,18,108,132" hai1="67,11,59,87,40,55,71,127,10,99,74,39,98" hai2="58,96,101,12,48,135,9,64,54,56,117,128,47" hai3="78,15,72,66,7,79,17,41,80,0,125,33,75"/><U106/><E74/><V43/><F117/><W129/><G33/><T134/><D115/><U14/><E127/><V83/><F128/><W116/><G116/><T77/><D32/><U52/><E106/><V4/><F135/><N who="0" m="51754" /><D65/><U16/><E71/><V86/><F64/><W49/><G129/><T112/><D44/><U38/><E38/><V104/><REACH who="2" step="1"/><F54/><REACH who="2" ten="250,250,270,220" step="2"/><W85/><G66/><T8/><D112/><U35/><E55/><V113/><F113/><W70/><G125/><T53/><D53/><U50/><E67/><V1/><F1/><W114/><G114/><T120/><D120/><U105/><E52/><V103/><F103/><W131/><G131/><T130/><D130/><U69/><E59/><V22/><F22/><W122/><G70/><T121/><D121/><U19/><E69/><V90/><AGARI ba="0,1" hai="4,9,12,43,47,48,56,58,83,86,90,96,101,104" machi="90" ten="20,2700,0" yaku="1,1,0,1,7,1,53,0" doraHai="118" doraHaiUra="111" who="2" fromWho="2" sc="250,-7,250,-13,270,37,220,-7" /><INIT seed="2,0,0,0,4,39" ten="243,237,307,213" oya="2" hai0="53,124,52,35,128,73,18,31,54,83,133,98,110" hai1="87,55,90,49,21,132,92,93,113,74,30,107,59" hai2="15,43,101,121,13,7,108,82,81,3,97,45,10" hai3="29,99,127,16,129,70,57,88,51,0,37,95,38"/><V86/><F121/><W118/><G118/><T102/><D110/><U103/><E113/><V100/><F108/><W62/><G0/><T104/><D128/><U8/><E132/><V112/><F112/><W61/><G129/><T69/><D133/><U106/><E74/><V76/><F82/><W23/><G127/><T111/><D111/><U41/><E8/><V47/><F47/><W2/><G2/><T19/><D124/><U71/><E71/><V28/><F28/><W130/><G130/><T77/><REACH who="0" step="1"/><D69/><REACH who="0" ten="233,237,307,213" step="2"/><U91/><E103/><V14/><REACH who="2" step="1"/><F97/><REACH who="2" ten="233,237,297,213" step="2"/><W46/><G99/><T126/><D126/><U22/><E30/><V36/><AGARI ba="0,2" hai="3,7,10,13,14,15,36,43,45,76,81,86,100,101" machi="36" ten="30,11700,0" yaku="1,1,2,1,0,1,52,1,53,0" doraHai="39" doraHaiUra="125" who="2" fromWho="2" sc="233,-39,237,-39,297,137,213,-39" /><INIT seed="2,1,0,4,1,50" ten="194,198,434,174" oya="2" hai0="95,26,37,25,11,129,97,77,49,39,107,23,114" hai1="16,113,128,72,101,74,122,116,104,125,80,110,19" hai2="92,7,127,53,99,62,94,61,133,13,66,103,30" hai3="6,14,88,86,93,83,70,56,18,41,33,29,131"/><V89/><F127/><W120/><G120/><T123/><D123/><U134/><RYUUKYOKU type="yao9" ba="1,0" sc="194,0,198,0,434,0,174,0" hai1="16,19,72,74,80,101,104,110,113,116,122,125,128,134" /><INIT seed="2,2,0,4,5,71" ten="194,198,434,174" oya="2" hai0="66,113,72,35,24,69,129,108,44,90,51,2,126" hai1="15,67,33,123,53,96,84,107,30,26,58,49,82" hai2="40,85,55,132,8,23,124,76,117,68,92,57,21" hai3="19,94,120,65,87,27,135,105,78,125,99,73,59"/><V122/><F117/><W64/><G120/><T17/><D113/><U103/><E123/><V104/><F104/><W45/><G125/><T11/><D126/><U130/><E130/><V110/><F68/><W119/><G119/><T52/><D129/><U114/><E114/><V118/><F122/><W54/><G135/><T98/><D72/><U121/><E121/><V38/><F118/><W70/><G70/><T10/><D108/><U111/><E111/><V16/><F110/><W46/><G73/><T74/><D74/><U79/><REACH who="1" step="1"/><E15/><REACH who="1" ten="194,188,434,174" step="2"/><V31/><F124/><W0/><G0/><T106/><D2/><U37/><E37/><V12/><F38/><W48/><G105/><T6/><D6/><U42/><E42/><V4/><F40/><W97/><G65/><AGARI ba="2,1" hai="26,30,33,49,53,58,65,67,79,82,84,96,103,107" machi="65" ten="40,1300,0" yaku="1,1,53,0" doraHai="71" doraHaiUra="1" who="1" fromWho="3" sc="194,0,188,29,434,0,174,-19" /><INIT seed="3,0,0,2,1,56" ten="194,217,434,155" oya="3" hai0="48,116,106,73,88,76,83,101,34,46,86,13,92" hai1="115,113,5,29,33,122,54,63,27,72,60,111,81" hai2="69,57,40,133,9,120,130,125,6,67,80,75,70" hai3="126,45,21,26,65,52,7,59,124,37,49,131,47"/><W74/><G74/><T11/><D34/><U19/><E122/><V87/><F75/><W128/><G7/><T84/><D116/><U53/><E5/><V103/><F103/><W35/><G35/><T77/><D106/><U31/><E111/><V123/><F125/><N who="3" m="48235" /><G65/><T119/><D101/><U107/><E107/><V114/><F114/><W94/><G94/><T108/><D108/><U78/><E29/><V28/><F67/><W62/><G37/><T55/><D119/><U2/><E2/><V22/><F6/><W64/><G45/><T10/><D73/><U89/><E19/><AGARI ba="0,0" hai="19,21,26,47,49,52,59,62,64,128,131" m="48235" machi="19" ten="30,5800,0" yaku="18,1,52,1,54,1" doraHai="56" who="3" fromWho="1" sc="194,0,217,-58,434,0,155,58" /><INIT seed="3,1,0,5,0,78" ten="194,159,434,213" oya="3" hai0="56,117,130,47,61,55,94,111,19,105,12,7,93" hai1="22,114,126,84,24,76,23,34,9,37,106,68,42" hai2="3,39,6,17,14,66,63,46,132,100,64,15,51" hai3="109,125,62,11,113,72,25,90,104,30,52,0,79"/><W38/><G113/><T88/><D117/><U41/><E114/><V112/><F39/><W108/><G104/><T16/><D111/><N who="3" m="42569" /><G38/><T58/><D105/><U44/><E126/><V59/><F132/><W29/><G125/><T43/><D130/><U134/><E134/><V27/><F3/><W122/><G122/><T128/><D128/><U31/><E68/><V54/><F112/><W91/><G79/><T10/><D58/><U129/><E129/><V36/><F36/><W92/><G72/><T74/><D94/><U115/><E115/><V71/><F71/><W83/><G83/><T87/><D74/><U40/><E106/><V53/><F100/><W82/><G82/><T110/><D110/><U60/><E37/><AGARI ba="1,0" hai="7,10,12,16,19,37,43,47,55,56,61,87,88,93" machi="37" ten="30,3900,0" yaku="7,1,54,2" doraHai="78" who="0" fromWho="1" sc="194,42,159,-42,434,0,213,0" owari="236,3.6,117,-38.3,434,53.4,213,-18.7" /></mjloggm>