<mjloggm ver="2.3"><GO type="225" lobby="0"/><UN n0="%E5%B8%86%E7%AB%8B%E5%A4%8F%E8%A1%A3" n1="%79%75%72%69%6D%6F%67" n2="%E3%82%A2%E3%83%A1%E3%82%A2%E3%83%A9%E3%83%AC" n3="%E6%A1%9C%E8%8A%B1%E9%96%83%E3%80%85" dan="16,16,16,16" rate="2153.63,2128.88,2145.64,2226.19" sx="M,F,M,M"/><TAIKYOKU oya="0"/><INIT seed="0,0,0,5,2,59" ten="250,250,250,250" oya="0" hai0="73,135,124,91,72,70,54,20,32,64,0,100,58" hai1="89,122,68,76,102,53,75,9,128,27,88,15,84" hai2="105,90,110,34,63,2,55,23,116,16,60,45,21" hai3="41,33,61,44,101,66,118,125,31,117,123,80,51"/><T81/><D135/><U97/><E122/><V42/><F110/><W17/><G123/><T48/><D124/><U37/><E75/><V39/><F34/><W8/><G125/><T93/><D32/><U18/><E37/><V74/><F2/><W57/><G101/><T94/><D0/><U56/><E68/><V29/><F105/><W14/><REACH who="3" step="1"/><G80/><REACH who="3" ten="250,250,250,240" step="2"/><T115/><D100/><U38/><E128/><V129/><F129/><W127/><G127/><T24/><D81/><N who="1" m="47143" /><E38/><V43/><F39/><W126/><G126/><T133/><D133/><U77/><E77/><V112/><F112/><W114/><G114/><T132/><D115/><U11/><E102/><V40/><F116/><W107/><G107/><T5/><D132/><U35/><E35/><V103/><F103/><W120/><G120/><T119/><D119/><U13/><E97/><V19/><F90/><W7/><G7/><T130/><D5/><N who="1" m="3247" /><E27/><AGARI ba="0,1" hai="8,14,17,27,31,33,41,44,51,57,61,66,117,118" machi="27" ten="40,2600,0" yaku="1,1,52,1,53,0" doraHai="59" doraHaiUra="82" who="3" fromWho="1" sc="250,0,250,-26,250,0,240,36" /><INIT seed="1,0,0,1,0,25" ten="250,224,250,276" oya="1" hai0="106,118,12,41,104,98,111,126,102,10,124,100,115" hai1="89,71,50,103,66,38,49,120,92,125,87,83,129" hai2="16,101,53,131,48,43,74,79,77,35,6,46,59" hai3="62,94,86,133,42,57,15,68,40,80,116,4,85"/><U105/><E120/><V3/><F131/><W64/><G133/><T96/><D115/><U82/><E38/><V134/><F134/><W84/><G116/><T122/><D118/><U18/><E129/><V29/><F101/><W24/><G68/><T65/><D122/><U95/><E125/><V135/><F135/><W73/><G73/><T72/><D72/><U23/><E105/><V36/><F74/><W47/><G94/><T31/><D111/><U34/><E66/><V121/><F121/><W55/><G24/><T90/><D41/><N who="3" m="15977" /><G4/><T26/><D90/><U123/><E34/><V11/><F35/><W45/><G15/><T91/><D91/><U127/><E71/><V44/><F29/><W61/><G61/><T0/><D65/><U76/><E127/><V78/><REACH who="2" step="1"/><F16/><REACH who="2" ten="250,224,240,276" step="2"/><W19/><G19/><T97/><D102/><U51/><E123/><V75/><F75/><W5/><G5/><T56/><D100/><U13/><REACH who="1" step="1"/><E76/><REACH who="1" ten="250,214,240,276" step="2"/><V130/><F130/><W21/><G64/><T128/><D128/><U39/><E39/><V63/><F63/><W108/><G108/><T28/><D126/><U22/><E22/><V2/><F2/><W9/><G21/><T113/><D0/><U107/><E107/><V30/><F30/><W99/><G62/><T17/><D124/><U58/><E58/><AGARI ba="0,2" hai="3,6,11,36,43,44,46,48,53,58,59,77,78,79" machi="58" ten="40,1300,0" yaku="1,1,53,0" doraHai="25" doraHaiUra="67" who="2" fromWho="1" sc="250,0,214,-13,240,33,276,0" /><INIT seed="2,0,0,0,1,10" ten="250,201,273,276" oya="2" hai0="102,34,7,74,5,122,41,82,23,36,37,8,28" hai1="134,60,57,66,4,118,120,124,18,135,49,105,11" hai2="94,13,90,42,92,133,104,128,113,132,9,14,3" hai3="35,19,125,69,83,117,29,75,107,6,71,46,123"/><V63/><F113/><W30/><G117/><T89/><D122/><U84/><E105/><V45/><F104/><W61/><G123/><T38/><D102/><U76/><E118/><V78/><F128/><W16/><G6/><T97/><D23/><U106/><E106/><V31/><F78/><W95/><G107/><T48/><D97/><U108/><E120/><V67/><F31/><W98/><G30/><T119/><D48/><U111/><E18/><V109/><F3/><W26/><G125/><T88/><D5/><U96/><E96/><N who="2" m="57367" /><F94/><W68/><G46/><N who="0" m="23847" /><D119/><U64/><E124/><V99/><F9/><W2/><G61/><T62/><D62/><U100/><E100/><V77/><F99/><W101/><REACH who="3" step="1"/><G2/><REACH who="3" ten="250,201,273,266" step="2"/><N who="0" m="119" /><D28/><U116/><E116/><V24/><F132/><W56/><G56/><T80/><D34/><U33/><E33/><V39/><F63/><W86/><G86/><N who="0" m="50247" /><D89/><U0/><E66/><V131/><F67/><W54/><G54/><T115/><D115/><U40/><E84/><V58/><F58/><W12/><G12/><T93/><D93/><U43/><E135/><V65/><F13/><W32/><G32/><T129/><D129/><U85/><E134/><V22/><F14/><W81/><G81/><T87/><D87/><U51/><E43/><V126/><F131/><W27/><G27/><T17/><D17/><U21/><E40/><V110/><F133/><W91/><G91/><T25/><D25/><U20/><E85/><V121/><F126/><W114/><G114/><T50/><D50/><U52/><E51/><N who="2" m="27063" /><F121/><W73/><G73/><T103/><D103/><RYUUKYOKU ba="0,1" sc="250,15,201,-15,273,-15,266,15" hai0="37,38,74,82" hai3="16,19,26,29,35,68,69,71,75,83,95,98,101" /><INIT seed="3,1,1,5,0,81" ten="265,186,258,281" oya="3" hai0="28,122,34,66,116,38,15,36,19,89,72,29,59" hai1="127,111,9,47,52,91,68,22,35,82,109,8,24" hai2="61,92,2,11,42,98,77,108,0,16,135,74,62" hai3="133,107,1,37,53,134,4,45,104,31,117,99,40"/><W71/><G117/><T76/><D122/><U55/><E35/><V120/><F120/><W96/><G71/><T75/><D116/><U80/><E68/><V20/><F108/><N who="1" m="41545" /><E127/><V54/><F135/><N who="3" m="51723" /><G31/><T97/><D34/><U90/><E82/><V48/><F42/><W7/><G53/><N who="1" m="20554" /><E47/><V32/><F32/><W128/><G128/><T85/><D29/><U46/><E46/><V5/><F0/><W17/><G17/><T18/><D28/><U123/><E123/><V13/><F77/><W58/><G58/><T64/><D59/><U60/><E60/><V106/><F106/><N who="3" m="40491" /><G1/><T94/><D66/><U110/><N who="1" m="41553" /><U118/><DORA hai="129" /><E118/><V51/><F74/><W86/><G86/><T83/><D64/><U100/><E100/><V6/><F54/><W70/><G70/><T14/><D75/><U50/><E50/><V121/><F121/><W33/><G33/><T63/><D72/><U115/><E115/><V130/><F130/><W67/><G67/><T95/><D63/><U132/><E132/><V113/><F113/><W84/><G84/><T3/><D3/><U44/><E44/><V25/><F61/><W102/><G102/><T78/><D19/><N who="1" m="12383" /><E91/><V21/><F62/><W103/><G103/><T119/><D119/><U57/><E57/><V39/><F2/><W43/><G40/><T26/><D89/><U131/><E131/><V126/><F48/><W79/><G79/><T73/><D78/><U27/><E27/><V112/><F51/><W23/><G23/><T88/><D76/><U124/><E124/><V41/><F41/><W10/><G10/><RYUUKYOKU ba="1,1" sc="265,-15,186,15,258,-15,281,15" hai1="8,9,80,90" hai3="4,7,37,43,45,96,99" /><INIT seed="3,2,1,3,0,135" ten="250,201,243,296" oya="3" hai0="76,5,106,2,130,3,97,100,57,131,113,117,38" hai1="121,134,31,80,75,112,64,33,29,133,120,59,46" hai2="40,127,56,1,37,87,132,65,22,111,17,58,12" hai3="73,122,36,32,74,16,50,8,108,79,78,49,66"/><W128/><G122/><T119/><D57/><U39/><E59/><V88/><F111/><W95/><G36/><T47/><D76/><N who="3" m="29225" /><G32/><T94/><D94/><U25/><E64/><V102/><F1/><N who="0" m="10" /><D5/><U123/><E80/><V107/><F132/><N who="1" m="50793" /><E75/><V53/><F65/><W14/><G128/><N who="0" m="49195" /><D113/><U115/><E31/><V19/><F58/><W10/><G108/><T114/><D114/><N who="1" m="43563" /><E46/><V51/><F56/><W62/><G74/><T27/><D27/><U18/><E39/><V21/><F37/><W99/><G73/><T129/><N who="0" m="49203" /><T41/><AGARI ba="2,1" hai="38,41,47,97,100,106,117,119" m="49203,10" machi="41" ten="50,6400,0" yaku="4,1,19,1,23,1" doraHai="135" who="0" fromWho="0" sc="250,80,201,-18,243,-18,296,-34" owari="330,43.0,183,-31.7,225,-17.5,262,6.2" /></mjloggm>