<mjloggm ver="2.3"><GO type="225" lobby="0"/><UN n0="%6D%75%75%6D%75%72%61" n1="%E3%81%8B%E3%82%8F%E3%81%A1%E3%82%83%E3%82%93%35%38" n2="%E5%B7%9D%E7%80%AC%E6%99%BA%E5%AD%90" n3="%E3%81%A8%E3%82%93%E3%81%A8%E3%81%93%E3%81%A8%E3%82%93" dan="17,17,16,16" rate="2142.68,2206.81,2101.87,2105.36" sx="F,M,M,M"/><TAIKYOKU oya="0"/><INIT seed="0,0,0,0,2,84" ten="250,250,250,250" oya="0" hai0="13,48,22,5,35,76,110,21,36,43,59,90,94" hai1="102,93,128,74,80,50,23,111,39,57,58,61,53" hai2="42,103,8,32,86,85,109,56,134,9,0,116,25" hai3="45,120,83,71,46,12,114,41,31,70,37,96,75"/><T68/><D68/><U124/><E39/><V101/><F109/><W126/><G114/><T15/><D35/><U95/><E111/><V1/><F42/><N who="3" m="22735" /><G12/><N who="0" m="4683" /><D36/><U99/><E128/><V65/><F32/><W88/><G31/><T4/><D76/><U130/><E130/><V104/><F104/><W60/><G88/><T132/><D132/><U30/><E124/><V34/><F34/><W133/><G96/><N who="0" m="57431" /><D110/><U97/><E74/><V64/><F56/><W19/><G19/><T78/><D78/><U55/><E80/><V117/><REACH who="2" step="1"/><F25/><REACH who="2" ten="250,250,240,250" step="2"/><W127/><G133/><AGARI ba="0,1" hai="0,1,8,9,64,65,85,86,101,103,116,117,133,134" machi="133" ten="25,6400,0" yaku="1,1,2,1,22,2,53,0" doraHai="84" doraHaiUra="20" who="2" fromWho="3" sc="250,0,250,0,240,74,250,-64" /><INIT seed="1,0,0,4,4,26" ten="250,250,314,186" oya="1" hai0="97,36,35,70,11,42,90,5,119,82,120,78,89" hai1="77,15,62,104,105,83,129,25,101,112,118,2,131" hai2="6,63,132,55,92,134,49,57,94,53,16,61,128" hai3="73,130,115,64,3,30,17,31,13,43,110,80,18"/><U102/><E2/><V0/><F128/><N who="1" m="49225" /><E15/><V72/><F72/><W99/><G115/><T52/><D119/><U47/><E62/><V33/><F33/><W66/><G3/><T96/><D70/><U88/><E47/><V21/><F6/><W98/><G110/><T29/><D36/><U68/><E68/><V111/><F0/><W121/><G121/><T87/><D42/><U51/><E51/><V20/><F111/><W37/><G130/><T93/><D120/><U59/><E59/><V84/><F84/><W10/><G37/><T45/><D5/><U1/><E25/><V65/><F21/><W7/><G43/><T108/><D11/><U117/><E1/><V109/><F109/><W56/><G80/><T24/><D108/><U9/><E9/><V71/><F132/><W46/><G73/><T125/><D125/><U86/><E112/><V54/><F134/><W14/><G46/><T19/><D19/><N who="3" m="7177" /><G14/><T34/><D45/><U32/><E32/><V81/><F81/><W69/><G69/><T41/><D41/><U23/><E23/><V113/><F113/><W76/><G76/><T127/><D35/><U4/><E4/><V116/><F71/><W60/><G66/><T103/><D127/><U39/><E39/><V27/><F65/><W135/><G135/><T38/><D38/><U75/><E105/><V91/><F57/><W126/><G126/><T67/><D67/><U8/><E8/><V85/><F16/><W12/><G13/><T100/><D52/><U40/><E40/><V58/><F54/><W124/><G124/><T28/><D28/><AGARI ba="0,0" hai="7,10,12,28,30,31,56,60,64,98,99" m="7177" machi="28" ten="30,8000,1" yaku="6,1,8,1,52,3" doraHai="26" who="3" fromWho="0" sc="250,-80,250,0,314,0,186,80" /><INIT seed="2,0,0,0,0,58" ten="170,250,314,266" oya="2" hai0="90,52,114,107,112,125,118,24,74,49,117,15,116" hai1="62,56,7,37,133,99,44,66,10,105,22,53,69" hai2="32,80,50,6,27,110,134,131,73,30,70,1,126" hai3="25,94,79,135,40,97,91,0,17,45,72,55,41"/><V59/><F70/><W93/><G0/><T85/><D74/><U102/><E133/><V129/><F134/><W88/><G135/><T76/><D125/><U47/><E22/><V16/><F1/><W35/><G72/><T109/><D109/><U103/><E103/><V4/><F126/><W100/><G79/><T124/><D124/><U122/><E122/><V2/><F110/><W31/><G17/><T38/><D38/><U81/><E81/><V67/><F2/><W5/><G5/><T43/><D107/><U9/><E7/><V132/><F132/><W19/><G19/><T111/><D111/><U75/><E75/><V13/><F4/><W39/><G41/><T68/><D43/><N who="1" m="22639" /><E47/><V65/><F6/><W77/><G77/><T130/><D76/><U28/><E28/><V14/><F14/><W26/><G25/><T119/><N who="0" m="29696" /><DORA hai="20" /><T96/><D130/><N who="2" m="49674" /><F80/><W23/><G35/><T123/><D15/><U3/><E3/><V61/><F50/><AGARI ba="0,0" hai="9,10,50,53,56,62,66,69,99,102,105" m="22639" machi="50" ten="30,2000,0" yaku="24,1,52,1" doraHai="58,20" who="1" fromWho="2" sc="170,0,250,20,314,-20,266,0" /><INIT seed="3,0,0,1,4,44" ten="170,270,294,266" oya="3" hai0="0,116,121,25,88,6,15,58,63,123,126,112,117" hai1="10,62,2,113,18,23,127,65,114,38,11,22,105" hai2="35,52,125,86,122,30,56,21,64,37,111,17,40" hai3="4,104,129,9,13,55,16,24,89,42,96,53,91"/><W66/><G129/><T31/><D0/><U134/><E38/><V43/><F111/><W98/><G66/><T93/><D126/><U95/><E105/><V70/><F125/><W77/><G77/><T39/><D39/><U120/><E127/><V26/><F122/><W14/><G42/><T115/><D121/><U133/><E95/><V76/><F37/><W33/><G33/><T46/><D123/><U82/><E82/><V29/><F70/><W103/><G24/><T90/><D6/><N who="1" m="1367" /><E62/><V128/><F64/><W106/><G89/><T80/><D15/><N who="1" m="7551" /><E65/><V85/><F128/><W97/><G91/><T51/><D80/><U102/><E102/><V69/><F69/><W32/><G32/><N who="0" m="20591" /><D58/><U61/><E61/><V108/><F35/><W99/><REACH who="3" step="1"/><G106/><REACH who="3" ten="170,270,294,256" step="2"/><T81/><D81/><U92/><E120/><V119/><F40/><W48/><G48/><T20/><D90/><U50/><E50/><V118/><F43/><W45/><G45/><T1/><D63/><U94/><E94/><V3/><F76/><W135/><G135/><N who="1" m="51722" /><E92/><V83/><F83/><W87/><G87/><N who="0" m="52383" /><D51/><U34/><E34/><V124/><F124/><W130/><G130/><T109/><D46/><U100/><E100/><V79/><F79/><W101/><G101/><T27/><D109/><U67/><E67/><V60/><F108/><W57/><G57/><T36/><D36/><U73/><E73/><V107/><F107/><W28/><G28/><N who="2" m="10857" /><F86/><W7/><G7/><T110/><D110/><U54/><E54/><V132/><F132/><W72/><G72/><T41/><D41/><U84/><E84/><RYUUKYOKU ba="0,1" sc="170,-15,270,15,294,-15,256,15" hai1="22,23,113,114" hai3="4,9,13,14,16,53,55,96,97,98,99,103,104" /><INIT seed="3,1,1,2,5,65" ten="155,285,279,271" oya="3" hai0="120,128,52,105,129,84,34,51,39,109,32,82,132" hai1="103,26,135,118,70,121,114,7,134,107,50,108,130" hai2="43,116,69,46,123,38,44,41,100,47,90,37,35" hai3="96,63,33,74,111,36,67,106,76,19,14,40,124"/><W78/><G33/><T119/><D39/><U49/><E114/><V117/><F35/><W1/><G1/><T5/><D119/><N who="2" m="45642" /><F90/><W125/><G40/><N who="2" m="15433" /><F100/><N who="3" m="62727" /><G36/><N who="2" m="13929" /><F69/><N who="3" m="42239" /><G74/><T23/><D120/><AGARI ba="1,1" hai="44,46,47,120,123" m="13929,15433,45642" machi="120" ten="40,8000,1" yaku="28,2,34,2" doraHai="65" who="2" fromWho="0" sc="155,-83,285,0,279,93,271,0" owari="72,-42.8,285,8.5,372,47.2,271,-12.9" /></mjloggm>