<mjloggm ver="2.3"><GO type="225" lobby="0"/><UN n0="%72%61%6B%33" n1="%E6%80%AA%E3%81%97%E3%81%99%E3%81%8E%E3%82%8B%E3%83%81%E3%83%BC" n2="%E3%81%B2%E3%81%AA%E3%81%AE%E3%82%8A%E3%81%8F" n3="%E6%A1%9C%E8%8A%B1%E9%96%83%E3%80%85" dan="16,16,16,17" rate="2204.82,2109.46,2138.10,2232.93" sx="M,M,M,M"/><TAIKYOKU oya="0"/><INIT seed="0,0,0,3,0,106" ten="250,250,250,250" oya="0" hai0="67,22,71,68,39,119,116,51,134,132,108,25,131" hai1="0,53,65,96,60,125,74,2,52,78,84,8,111" hai2="97,122,29,124,35,113,107,94,41,48,11,36,77" hai3="102,114,55,24,12,70,90,69,130,123,54,64,46"/><T40/><D22/><U129/><E111/><V95/><F36/><W100/><G114/><T18/><D18/><U14/><E129/><V109/><F107/><W82/><G130/><T120/><D25/><U87/><E125/><V44/><F109/><W6/><G64/><T5/><D5/><U10/><E96/><V104/><F122/><W86/><G70/><N who="0" m="26667" /><D108/><U112/><E112/><V128/><F128/><W105/><G69/><T23/><D23/><U66/><E60/><V101/><F124/><W1/><G1/><T3/><D3/><U59/><E59/><V83/><F113/><W57/><G24/><T16/><D16/><U17/><E78/><V89/><F89/><W80/><G80/><T7/><D7/><U47/><E47/><V49/><F49/><N who="3" m="28983" /><G105/><T110/><D110/><U15/><E17/><V21/><F35/><W28/><G28/><T118/><D131/><U19/><E19/><V43/><F43/><W56/><G123/><T127/><D127/><U13/><E13/><V121/><F121/><W133/><G100/><T88/><D120/><U72/><AGARI ba="0,0" hai="0,2,8,10,14,15,52,53,65,66,72,74,84,87" machi="72" ten="25,12000,2" yaku="0,1,22,2,52,2,54,1" doraHai="106" who="1" fromWho="1" sc="250,-60,250,120,250,-30,250,-30" /><INIT seed="1,0,0,2,0,40" ten="190,370,220,220" oya="1" hai0="113,111,1,27,23,90,18,33,5,30,86,100,87" hai1="51,50,110,2,56,132,6,107,59,133,42,49,128" hai2="76,64,34,115,124,61,22,117,53,82,134,106,28" hai3="4,46,97,118,73,15,35,104,99,125,74,85,120"/><U39/><E107/><V0/><F117/><W121/><G35/><T126/><D111/><U55/><E110/><V78/><F0/><W79/><G15/><T122/><D126/><U41/><E6/><V130/><F124/><W116/><G4/><T9/><D122/><N who="3" m="47209" /><G46/><T20/><D113/><U45/><E2/><V72/><F115/><W44/><G44/><T93/><D100/><U17/><E17/><V26/><F134/><N who="1" m="51817" /><E128/><V66/><F130/><W108/><G108/><T109/><D109/><U112/><E112/><V81/><F106/><W47/><G47/><T38/><D38/><U16/><E16/><V21/><F53/><W19/><G19/><T68/><D68/><U14/><E14/><V62/><F62/><W10/><G10/><T129/><D129/><U12/><E12/><V88/><F66/><W98/><G104/><T71/><D71/><U91/><E91/><V84/><REACH who="2" step="1"/><F76/><REACH who="2" ten="190,370,210,220" step="2"/><W127/><G127/><T101/><D101/><U70/><E42/><V105/><F105/><W83/><G125/><T58/><D1/><U36/><E70/><AGARI ba="0,1" hai="21,22,26,28,34,61,64,70,72,78,81,82,84,88" machi="70" ten="30,3900,0" yaku="1,1,7,1,54,1,53,0" doraHai="40" doraHaiUra="135" who="2" fromWho="1" sc="190,0,370,-39,210,49,220,0" /><INIT seed="2,0,0,0,3,1" ten="190,331,259,220" oya="2" hai0="108,14,47,22,56,54,91,19,40,61,73,119,32" hai1="105,89,55,93,99,92,53,29,58,102,88,122,84" hai2="31,28,133,35,2,17,134,81,18,65,80,82,7" hai3="78,129,100,13,116,10,130,90,3,120,110,125,131"/><V87/><F65/><W97/><G110/><T48/><D108/><U123/><E29/><N who="2" m="11339" /><F35/><W85/><G125/><T72/><D119/><U5/><E5/><V16/><F87/><W83/><G3/><T59/><D32/><U6/><E6/><V39/><F39/><W127/><G127/><T124/><D124/><U62/><REACH who="1" step="1"/><E55/><REACH who="1" ten="190,321,259,220" step="2"/><V101/><F7/><N who="3" m="3295" /><G116/><T75/><D91/><U74/><E74/><V26/><F2/><W71/><G90/><T9/><D75/><U44/><E44/><V43/><F43/><W64/><G130/><T12/><REACH who="0" step="1"/><D59/><REACH who="0" ten="180,321,259,220" step="2"/><U60/><E60/><V24/><F101/><W57/><G57/><T66/><D66/><U126/><E126/><V111/><F111/><W95/><G129/><T38/><D38/><U121/><E121/><V118/><F118/><W128/><G120/><T96/><D96/><AGARI ba="0,2" hai="53,58,62,84,88,89,92,93,96,99,102,105,122,123" machi="96" ten="40,2600,0" yaku="1,1,54,1,53,0" doraHai="1" doraHaiUra="45" who="1" fromWho="0" sc="180,-26,321,46,259,0,220,0" /><INIT seed="3,0,0,4,2,29" ten="154,367,259,220" oya="3" hai0="111,62,55,9,32,72,88,65,89,63,8,95,64" hai1="12,100,69,132,115,101,60,5,66,119,76,90,87" hai2="31,23,116,34,84,26,73,81,121,38,21,77,117" hai3="125,91,40,50,1,126,54,127,33,6,114,68,4"/><W109/><G114/><T57/><D72/><U130/><E115/><V78/><F38/><W110/><G68/><T13/><D111/><N who="3" m="42505" /><G40/><T71/><D32/><U61/><E132/><V74/><F121/><W59/><G1/><T10/><D55/><U17/><E130/><V47/><F74/><W134/><G134/><T3/><D3/><U42/><E119/><V79/><F73/><W49/><G33/><T53/><D53/><U128/><E128/><V45/><F34/><W94/><G50/><T106/><D106/><U112/><E42/><V67/><F116/><W14/><G14/><T113/><D113/><U24/><E112/><V30/><F117/><W86/><AGARI ba="0,0" hai="4,6,49,54,59,86,91,94,125,126,127" m="42505" machi="86" ten="40,7800,0" yaku="18,1,14,1,10,1" doraHai="29" who="3" fromWho="3" sc="154,-26,367,-26,259,-26,220,78" /><INIT seed="3,1,0,5,2,110" ten="128,341,233,298" oya="3" hai0="3,88,65,48,19,42,45,94,89,123,57,15,125" hai1="35,122,40,63,97,46,79,77,39,43,112,14,16" hai2="37,69,78,130,30,129,55,24,58,76,2,38,67" hai3="66,70,41,82,119,102,101,33,61,6,84,124,98"/><W50/><G119/><T87/><D125/><U54/><E112/><V135/><F2/><W120/><G120/><T53/><D3/><U44/><E35/><V115/><F135/><W105/><G124/><T47/><D123/><U23/><E122/><V12/><F12/><W20/><G6/><T126/><D126/><U0/><E0/><V86/><F86/><W64/><G64/><T117/><D117/><U56/><E97/><V28/><F67/><W74/><G74/><T72/><D72/><U60/><E60/><V73/><F73/><W49/><G101/><T83/><D65/><U104/><E104/><V133/><F133/><W27/><G41/><T93/><D42/><U34/><E34/><V132/><F132/><W111/><G111/><T114/><D114/><U62/><E62/><V13/><F13/><W68/><G68/><T1/><D1/><U100/><E100/><V92/><F58/><W26/><G26/><T96/><REACH who="0" step="1"/><D83/><REACH who="0" ten="118,341,233,298" step="2"/><U8/><E40/><V91/><F115/><W59/><G70/><T121/><D121/><U7/><E43/><V103/><F69/><W131/><G82/><T31/><D31/><U18/><E39/><V127/><F30/><W108/><G66/><T118/><D118/><U81/><E81/><V17/><F38/><W95/><G108/><T32/><D32/><U22/><E54/><V75/><F37/><W90/><G33/><T71/><D71/><U99/><E77/><N who="2" m="29803" /><F75/><W9/><G105/><T128/><D128/><U85/><E79/><V116/><F129/><W4/><G131/><T5/><D5/><U107/><E7/><RYUUKYOKU ba="1,1" sc="118,30,341,-10,233,-10,298,-10" hai0="15,19,45,47,48,53,57,87,88,89,93,94,96" owari="148,-35.2,341,44.1,223,-17.7,288,8.8" /></mjloggm>