<mjloggm ver="2.3"><GO type="225" lobby="0"/><UN n0="%73%75%7A%75%6D%65%33" n1="%E7%99%BD%E9%9B%AA%E4%B9%83%E6%84%9B" n2="%E4%B8%AD%E5%B9%B4%E3%81%AE%E5%8D%B1%E6%A9%9F" n3="%E3%82%A2%E3%82%A4%E3%82%B9%E3%83%86%E3%82%A3%E3%83%BC%E3%81%82%E3%81%B9" dan="18,16,17,16" rate="2206.88,2072.64,2256.74,2087.47" sx="M,F,M,M"/><TAIKYOKU oya="0"/><INIT seed="0,0,0,5,3,25" ten="250,250,250,250" oya="0" hai0="70,68,42,9,100,17,74,10,20,54,109,21,18" hai1="59,94,132,40,28,65,71,62,89,23,80,34,44" hai2="86,116,122,135,45,120,73,93,35,105,87,88,8" hai3="113,90,119,38,84,61,22,108,63,118,24,99,69"/><T92/><D74/><U129/><E129/><V117/><F35/><W126/><G108/><T13/><D109/><U95/><E132/><V19/><F45/><W15/><G38/><T114/><D114/><U82/><E34/><V53/><F53/><W72/><G72/><T52/><D42/><U130/><E130/><V50/><F50/><W83/><G113/><T14/><REACH who="0" step="1"/><D92/><REACH who="0" ten="240,250,250,250" step="2"/><U2/><E95/><N who="2" m="54679" /><F105/><W57/><G119/><N who="2" m="45641" /><F73/><W107/><G118/><T1/><D1/><U39/><E2/><V55/><F135/><W111/><G111/><T104/><D104/><U97/><REACH who="1" step="1"/><E71/><REACH who="1" ten="240,240,250,250" step="2"/><V96/><F122/><W115/><G69/><T27/><D27/><AGARI ba="0,2" hai="23,27,28,39,40,44,59,62,65,80,82,89,94,97" machi="27" ten="40,5200,0" yaku="1,1,2,1,52,1,53,0" doraHai="25" doraHaiUra="124" who="1" fromWho="0" sc="240,-52,240,72,250,0,250,0" /><INIT seed="1,0,0,0,3,24" ten="188,312,250,250" oya="1" hai0="104,101,60,13,80,2,76,50,33,120,72,79,132" hai1="131,110,12,35,20,83,77,32,107,31,59,124,41" hai2="54,62,73,64,67,135,23,58,37,55,105,22,10" hai3="16,19,71,112,6,90,115,34,84,68,94,74,11"/><U66/><E107/><V14/><F135/><W82/><G34/><T119/><D132/><U109/><E41/><V108/><F73/><W1/><G71/><T117/><D120/><U106/><E106/><V46/><F105/><W4/><G68/><T116/><D2/><U65/><E131/><V95/><F108/><N who="1" m="41577" /><E124/><V113/><F113/><W133/><G6/><T78/><D33/><N who="1" m="12875" /><E59/><V111/><F111/><W63/><G63/><T89/><D60/><U91/><E91/><V43/><F95/><W49/><G49/><T38/><D50/><U98/><E98/><V61/><F55/><W27/><G133/><T8/><D38/><U85/><E12/><V3/><F3/><W18/><REACH who="3" step="1"/><G27/><AGARI ba="0,0" hai="20,27,31,65,66,77,83,85" m="12875,41577" machi="27" ten="30,5800,0" yaku="14,1,10,1,52,1" doraHai="24" who="1" fromWho="3" sc="188,0,312,58,250,0,250,-58" /><INIT seed="1,1,0,0,2,26" ten="188,370,250,192" oya="1" hai0="23,17,11,77,110,47,1,20,39,40,25,84,89" hai1="103,7,90,125,53,102,109,55,106,134,8,85,117" hai2="73,132,69,9,3,75,79,58,68,4,122,105,76" hai3="78,129,66,41,12,24,95,2,45,28,74,15,18"/><U100/><E117/><V14/><F122/><W22/><G129/><T123/><D123/><U16/><E106/><V37/><F105/><W29/><G2/><T86/><D110/><U72/><E72/><V94/><F132/><W63/><G95/><T64/><D64/><U27/><E125/><V112/><F37/><W49/><G74/><T70/><D70/><U99/><E99/><V52/><F112/><W93/><G78/><T131/><D131/><U119/><E119/><V46/><F75/><W0/><G0/><T91/><D20/><N who="1" m="13703" /><E134/><V54/><F69/><W87/><G87/><T121/><D121/><U60/><E60/><V65/><F68/><W71/><G93/><T13/><D1/><U126/><E126/><V43/><F73/><W33/><G33/><T34/><D34/><U116/><E116/><V6/><F94/><W127/><G127/><T21/><D21/><U115/><E115/><V80/><F65/><W31/><AGARI ba="1,0" hai="12,15,18,22,24,28,29,31,41,45,49,63,66,71" machi="31" ten="30,7900,0" yaku="0,1,52,3" doraHai="26" who="3" fromWho="3" sc="188,-21,370,-40,250,-21,192,82" /><INIT seed="2,0,0,3,5,120" ten="167,330,229,274" oya="2" hai0="4,90,96,107,118,75,44,70,79,15,123,42,56" hai1="53,83,7,78,98,40,129,47,135,127,132,105,22" hai2="32,114,43,76,9,64,81,27,125,122,21,89,133" hai3="14,20,54,1,8,0,97,46,31,82,86,116,51"/><V19/><F122/><W37/><G116/><T124/><D123/><U36/><E127/><V87/><F114/><W50/><G37/><T103/><D124/><U111/><E111/><V94/><F125/><W60/><G60/><T71/><D118/><U80/><E129/><V55/><F133/><N who="1" m="51273" /><E7/><V102/><F64/><W74/><G74/><T108/><D108/><U73/><E83/><V48/><F32/><W117/><G97/><T106/><D106/><U62/><E22/><V11/><F102/><W119/><G1/><T68/><D56/><N who="1" m="35087" /><E98/><V66/><F43/><W109/><G0/><T23/><D75/><U26/><E26/><V69/><F66/><W29/><G109/><T128/><D128/><U16/><E16/><V93/><F69/><W24/><G51/><T61/><D79/><U67/><E67/><V72/><REACH who="2" step="1"/><F93/><REACH who="2" ten="167,330,219,274" step="2"/><W88/><REACH who="3" step="1"/><G31/><REACH who="3" ten="167,330,219,264" step="2"/><T101/><D70/><U77/><E105/><V99/><F99/><W41/><G41/><T113/><D71/><U52/><E40/><V39/><F39/><W2/><G2/><T104/><D104/><U45/><E36/><V38/><F38/><W95/><G95/><T126/><D107/><U85/><E52/><V35/><F35/><W65/><G65/><T121/><D68/><U100/><E100/><V112/><F112/><W131/><G131/><T110/><D103/><U17/><E73/><V84/><F84/><W33/><G33/><T6/><D101/><U57/><E85/><V49/><F49/><W5/><AGARI ba="0,2" hai="5,8,14,20,24,29,46,50,54,82,86,88,117,119" machi="5" ten="20,8000,1" yaku="1,1,0,1,7,1,54,1,53,1" doraHai="120" doraHaiUra="18" who="3" fromWho="3" sc="167,-20,330,-20,219,-40,264,100" /><INIT seed="3,0,0,1,5,14" ten="147,310,179,364" oya="3" hai0="108,27,95,111,78,32,59,2,3,33,74,135,58" hai1="86,21,42,60,112,75,15,77,43,88,81,119,89" hai2="24,134,39,84,22,131,51,122,80,35,1,123,18" hai3="124,79,125,100,37,120,68,130,82,34,98,96,0"/><W38/><G120/><N who="2" m="46121" /><F39/><W101/><G68/><T73/><D95/><U132/><E112/><V36/><F36/><W109/><G34/><N who="0" m="13419" /><D78/><U128/><E132/><V9/><F134/><W47/><G0/><N who="0" m="43" /><D135/><U93/><E128/><V113/><F113/><W127/><G130/><T16/><D59/><U65/><E119/><V55/><F35/><W17/><G17/><T48/><D48/><U63/><E63/><V94/><F94/><N who="3" m="58391" /><G47/><T41/><D41/><U115/><E115/><V83/><F131/><W90/><G90/><T29/><D58/><N who="1" m="37015" /><E75/><N who="0" m="28681" /><D29/><U102/><E102/><V10/><F1/><W91/><G91/><N who="1" m="34890" /><E93/><V116/><F116/><W11/><G11/><N who="2" m="4105" /><F84/><N who="3" m="48223" /><G38/><T44/><D44/><AGARI ba="0,0" hai="18,22,24,44,51,55,80,83" m="4105,46121" machi="44" ten="30,2000,0" yaku="13,1,52,1" doraHai="14" who="2" fromWho="0" sc="147,-20,310,0,179,20,364,0" owari="127,-37.3,310,11.0,199,-20.1,364,46.4" /></mjloggm>