<mjloggm ver="2.3"><GO type="225" lobby="0"/><UN n0="%6D%75%75%6D%75%72%61" n1="%E5%A4%96%E5%B7%9D%E7%AB%9C%E6%88%90" n2="%E3%81%9F%E3%81%93%E2%98%86%E7%84%BC%E3%81%8D" n3="%E3%83%B4%E3%83%A0%EF%BC%99%E3%81%A6" dan="16,16,16,17" rate="2154.49,2071.41,2063.42,2203.69" sx="F,M,M,M"/><TAIKYOKU oya="0"/><INIT seed="0,0,0,0,1,110" ten="250,250,250,250" oya="0" hai0="100,91,112,75,105,81,36,13,22,38,46,64,83" hai1="54,63,1,71,95,45,92,106,96,131,30,50,55" hai2="82,25,56,132,47,98,78,119,133,72,43,80,102" hai3="41,42,76,93,28,10,2,11,20,74,128,51,125"/><T39/><D112/><U24/><E1/><V52/><F25/><W67/><G125/><T40/><D64/><N who="1" m="41375" /><E55/><V101/><F82/><W12/><G128/><T127/><D127/><U66/><E66/><V122/><F122/><W97/><G2/><T14/><D105/><U111/><E111/><V16/><F119/><W134/><G134/><N who="2" m="51817" /><F98/><W86/><G74/><T90/><D100/><N who="1" m="62727" /><E131/><V89/><F89/><W58/><G67/><T48/><D22/><U37/><E37/><N who="2" m="21999" /><F16/><W26/><G76/><T15/><REACH who="0" step="1"/><D81/><REACH who="0" ten="240,250,250,250" step="2"/><U49/><E49/><AGARI ba="0,1" hai="49,52,56,72,78,80,101,102" m="21999,51817" machi="49" ten="30,2000,0" yaku="20,1,54,1" doraHai="110" who="2" fromWho="1" sc="240,0,250,-20,250,30,250,0" /><INIT seed="1,0,0,2,5,5" ten="240,230,280,250" oya="1" hai0="65,15,115,85,96,101,70,114,26,27,117,109,113" hai1="128,37,120,50,71,66,124,57,132,13,36,84,94" hai2="126,91,112,62,77,75,59,24,131,74,11,40,64" hai3="46,119,44,130,42,51,2,111,60,127,118,107,67"/><U23/><E120/><V90/><F131/><W135/><G107/><T129/><D117/><N who="3" m="44553" /><G2/><T106/><D109/><U41/><E128/><V39/><F126/><W98/><G98/><T104/><D129/><U61/><E132/><V95/><F24/><W22/><G22/><T121/><D121/><U125/><E94/><V28/><F28/><W43/><G130/><T108/><D108/><U34/><E84/><V16/><F91/><W78/><G78/><T105/><D85/><U73/><E34/><V12/><F112/><W92/><G92/><T33/><D27/><U20/><E37/><V89/><F90/><W55/><G111/><T17/><D17/><N who="1" m="10287" /><E23/><V21/><F77/><W8/><G8/><T25/><D25/><U53/><E73/><V9/><F40/><N who="3" m="15403" /><G127/><T0/><D0/><U88/><E88/><V35/><F39/><W72/><G72/><T63/><REACH who="0" step="1"/><D15/><REACH who="0" ten="230,230,280,250" step="2"/><U10/><E125/><V123/><F75/><W79/><G79/><T58/><D58/><U52/><E124/><V103/><F74/><W134/><G44/><T100/><D100/><U97/><E97/><V68/><F103/><W80/><G80/><T56/><D56/><AGARI ba="0,1" hai="46,51,55,56,60,67,134,135" m="15403,44553" machi="56" ten="30,3900,0" yaku="12,1,34,2" doraHai="5" who="3" fromWho="0" sc="230,-39,230,0,280,0,250,49" /><INIT seed="2,0,0,0,5,56" ten="191,230,280,299" oya="2" hai0="126,24,10,60,39,131,21,87,38,68,110,50,47" hai1="51,57,91,31,114,65,119,13,58,89,6,76,11" hai2="75,112,122,93,125,26,25,96,77,94,120,4,22" hai3="83,129,37,12,23,66,117,70,8,128,90,107,123"/><V127/><F4/><W14/><G123/><N who="2" m="47145" /><F22/><W61/><G117/><T88/><D110/><U111/><E111/><V73/><F26/><W104/><G37/><T0/><D131/><N who="3" m="50249" /><G83/><T118/><D126/><N who="2" m="48138" /><F25/><W74/><G74/><N who="2" m="28169" /><F77/><W62/><G90/><T3/><D118/><U63/><E119/><V100/><F112/><W101/><G101/><T20/><D38/><U30/><E114/><V59/><F59/><W35/><G35/><T36/><D36/><U55/><E76/><V64/><F64/><N who="3" m="41231" /><G23/><T42/><D39/><U82/><E91/><V44/><F44/><W34/><G34/><T133/><D21/><U41/><E41/><V132/><F132/><W40/><G40/><T28/><D133/><U19/><E6/><V33/><F33/><W29/><G29/><T102/><D10/><U124/><E124/><V85/><F85/><AGARI ba="0,0" hai="11,13,19,30,31,51,55,57,58,63,65,82,85,89" machi="85" ten="40,2600,0" yaku="8,1,52,1" doraHai="56" who="1" fromWho="2" sc="191,0,230,26,280,-26,299,0" /><INIT seed="3,0,0,4,4,89" ten="191,256,254,299" oya="3" hai0="42,92,110,106,25,52,54,79,33,82,116,133,87" hai1="88,76,96,123,69,72,26,126,99,78,98,14,91" hai2="122,32,109,94,129,57,49,38,12,59,119,9,36" hai3="41,97,34,128,60,15,11,95,70,23,10,118,61"/><W37/><G34/><T83/><D106/><U13/><E69/><V111/><F32/><W130/><G118/><T22/><D116/><U46/><E123/><V84/><F129/><N who="3" m="49771" /><G23/><T120/><D120/><U74/><E26/><V43/><F122/><W0/><G0/><T48/><D33/><U113/><E113/><V75/><F75/><N who="1" m="28713" /><E46/><V104/><F104/><W28/><G28/><T90/><D110/><N who="2" m="41994" /><F43/><W81/><G81/><T55/><D133/><U30/><E30/><V64/><F119/><W112/><G112/><T103/><D42/><U125/><E13/><V63/><F49/><W51/><G37/><T93/><D48/><U21/><E14/><V5/><F59/><W135/><G135/><T102/><D82/><U20/><E20/><V132/><F132/><W127/><G70/><T71/><D71/><U62/><E21/><V124/><F124/><N who="1" m="47721" /><E62/><N who="3" m="24170" /><G127/><T3/><D3/><U17/><E17/><V45/><F45/><N who="3" m="26031" /><G15/><T40/><D40/><U29/><E29/><V100/><F36/><W47/><G47/><T1/><D1/><U73/><E73/><V107/><F38/><W2/><G2/><T117/><D117/><U108/><E108/><V66/><F12/><W67/><G67/><T80/><D80/><U115/><E115/><V7/><F9/><W4/><G4/><T131/><D131/><U114/><E114/><V105/><F66/><W134/><G134/><T50/><D50/><U56/><E56/><V35/><F35/><W77/><G77/><AGARI ba="0,0" hai="76,77,78,88,91,96,98,99" m="47721,28713" machi="77" ten="40,12000,2" yaku="28,2,18,1,34,2,54,1" doraHai="89" who="1" fromWho="3" sc="191,0,256,120,254,0,299,-120" owari="191,-20.9,376,47.6,254,5.4,179,-32.1" /></mjloggm>