<mjloggm ver="2.3"><GO type="225" lobby="0"/><UN n0="%E3%81%99%E3%81%84%E3%81%BE%E3%81%9B%E3%83%BC%E3%82%93" n1="%73%73%6B%5F%66%72%65%65" n2="%E5%8D%A0%E3%81%84%E5%B8%AB%E8%A3%8F%E3%81%AA%E3%81%84%E3%81%97" n3="%72%69%6F%75%63%68%61%6E" dan="18,16,17,16" rate="2213.10,2107.80,2209.44,2210.05" sx="M,M,M,M"/><TAIKYOKU oya="0"/><INIT seed="0,0,0,4,5,86" ten="250,250,250,250" oya="0" hai0="116,36,114,106,75,124,26,101,17,87,11,0,109" hai1="79,18,37,14,60,9,78,120,19,117,42,131,15" hai2="53,122,82,38,1,22,118,84,8,74,56,61,68" hai3="29,102,54,77,16,25,110,94,30,4,34,104,98"/><T13/><D114/><U33/><E117/><V57/><F122/><W2/><G110/><T59/><D116/><U111/><E120/><V20/><F38/><W7/><G2/><T100/><D75/><U63/><E33/><V55/><F68/><W92/><G77/><T35/><D36/><U69/><E69/><V108/><F74/><W96/><G104/><T83/><D106/><U132/><E132/><V66/><F66/><W130/><G130/><T81/><D109/><U3/><E3/><V67/><F67/><W62/><G29/><T5/><D124/><U41/><E37/><V24/><F108/><W27/><G62/><T43/><D43/><U88/><E111/><V32/><F32/><W73/><G73/><T119/><D119/><U51/><E51/><V105/><F105/><W23/><REACH who="3" step="1"/><G54/><REACH who="3" ten="250,250,250,240" step="2"/><T52/><D0/><U93/><E131/><V128/><F128/><W126/><G126/><T65/><D52/><U72/><E72/><V90/><F118/><W49/><G49/><T129/><D129/><U135/><E135/><V48/><F1/><W123/><G123/><T64/><D64/><U44/><E79/><V76/><F76/><W47/><G47/><T70/><D65/><U39/><E78/><V107/><F107/><W80/><G80/><T45/><D83/><U85/><REACH who="1" step="1"/><E42/><REACH who="1" ten="250,240,250,240" step="2"/><V10/><F48/><W71/><G71/><T134/><D70/><U89/><E89/><AGARI ba="0,2" hai="4,7,16,23,25,27,30,34,89,92,94,96,98,102" machi="89" ten="30,12000,2" yaku="1,1,7,1,52,1,54,1,53,2" doraHai="86" doraHaiUra="21" who="3" fromWho="1" sc="250,0,240,-120,250,0,240,140" /><INIT seed="1,0,0,0,4,65" ten="250,120,250,380" oya="1" hai0="2,126,31,48,0,56,97,71,75,9,99,51,37" hai1="122,7,113,38,61,22,102,16,62,55,49,20,81" hai2="93,119,60,100,6,103,35,23,21,127,80,30,91" hai3="67,52,41,115,34,108,116,44,110,50,47,130,79"/><U73/><E113/><V39/><F119/><W59/><G34/><T77/><D37/><U84/><E122/><V26/><F127/><W33/><G33/><T13/><D71/><U40/><E73/><V74/><F39/><N who="3" m="21567" /><G79/><T107/><D31/><U27/><E102/><V68/><F6/><W134/><G115/><T131/><D131/><U43/><E7/><V11/><F11/><W94/><G94/><T85/><D75/><U98/><E98/><V5/><F5/><W104/><G104/><T135/><D135/><U19/><E38/><V58/><F68/><W123/><G123/><T121/><D121/><U53/><E84/><V120/><F120/><W72/><G72/><T12/><D126/><U112/><E112/><V132/><F132/><W117/><G134/><T18/><D13/><U125/><E125/><V10/><F10/><W133/><G130/><T42/><D107/><U88/><E81/><V106/><F106/><W69/><G47/><N who="0" m="25719" /><D0/><U87/><E87/><N who="2" m="52479" /><F103/><W86/><G86/><T66/><D2/><U114/><E114/><V14/><F14/><W105/><G105/><T29/><D29/><U128/><E128/><V4/><F4/><W78/><G78/><T36/><D36/><U17/><E17/><V25/><F25/><W28/><G28/><T64/><D77/><U32/><E32/><V109/><F100/><W89/><G89/><T101/><D85/><U90/><E27/><V124/><F74/><W96/><G96/><N who="0" m="36939" /><D101/><U1/><REACH who="1" step="1"/><E1/><REACH who="1" ten="250,110,250,380" step="2"/><V63/><F26/><W24/><G24/><T92/><D92/><U15/><E15/><V45/><F35/><RYUUKYOKU ba="0,1" sc="250,15,110,15,250,-15,380,-15" hai0="9,12,18,51,56,64,66" hai1="16,19,20,22,40,43,49,53,55,61,62,88,90" /><INIT seed="1,1,1,1,2,108" ten="265,125,235,365" oya="1" hai0="119,26,60,96,0,56,132,97,28,122,54,83,87" hai1="43,11,31,37,16,21,47,85,20,51,61,95,118" hai2="42,53,125,18,120,22,13,77,30,111,34,131,134" hai3="3,109,110,57,6,45,32,10,67,69,39,124,55"/><U75/><E118/><V130/><F120/><W135/><G124/><T33/><D119/><U50/><E75/><V76/><F111/><N who="3" m="42507" /><G135/><T2/><D132/><U90/><E61/><V102/><F134/><W7/><G32/><T73/><D73/><U35/><E35/><V107/><F125/><W103/><G7/><T65/><D122/><U91/><E11/><V84/><F42/><N who="3" m="22751" /><G103/><T9/><D65/><U104/><E104/><V38/><F38/><W86/><G86/><T41/><D41/><U99/><E31/><V15/><F15/><W48/><G67/><T78/><D0/><U93/><REACH who="1" step="1"/><E21/><REACH who="1" ten="265,115,235,365" step="2"/><V106/><F30/><W79/><G69/><T92/><D9/><U117/><E117/><V4/><F34/><W64/><G64/><T1/><D33/><U123/><E123/><V12/><F106/><W80/><G80/><T58/><D28/><U82/><E82/><V116/><F107/><W89/><G89/><T112/><D83/><U19/><E19/><V52/><F116/><W129/><G129/><N who="2" m="49161" /><F102/><W105/><G105/><T27/><D92/><U59/><E59/><V29/><F29/><W49/><G79/><T8/><D78/><N who="2" m="30314" /><F84/><W24/><G10/><AGARI ba="1,2" hai="4,10,12,13,18,22,52,53" m="30314,49161" machi="10" ten="30,2000,0" yaku="19,1,54,1" doraHai="108" who="2" fromWho="3" sc="265,0,115,0,235,43,365,-23" /><INIT seed="2,0,0,3,4,76" ten="265,115,278,342" oya="2" hai0="88,95,26,83,90,24,104,62,91,21,10,102,11" hai1="79,118,97,68,99,96,108,16,87,98,51,66,8" hai2="85,33,23,127,78,15,77,50,106,54,39,46,73" hai3="129,12,115,20,67,13,60,5,116,121,134,57,40"/><V126/><F106/><W72/><G116/><T30/><D104/><U103/><E118/><V14/><F33/><W58/><G121/><T117/><D117/><U135/><E135/><V55/><F39/><W9/><G72/><T124/><D124/><N who="2" m="47658" /><F73/><W7/><G134/><T84/><D62/><U22/><E108/><V56/><F23/><W3/><G129/><T2/><D26/><U69/><E8/><N who="0" m="3113" /><D2/><U17/><N who="1" m="24576" /><DORA hai="63" /><U114/><E103/><V27/><F27/><W4/><G115/><T65/><D65/><U133/><E133/><V80/><F77/><W45/><G58/><T6/><D6/><U107/><E107/><V28/><F28/><W125/><G125/><T131/><D102/><U29/><E114/><V59/><F59/><W86/><G86/><N who="0" m="52631" /><D131/><U105/><E105/><V31/><F31/><W43/><G3/><T70/><D70/><U44/><E29/><V75/><F75/><W112/><G112/><T123/><D123/><U122/><E122/><V42/><F56/><W113/><G113/><T35/><D35/><U34/><E34/><V19/><F19/><N who="3" m="10343" /><G45/><T94/><D91/><U37/><E37/><V38/><F38/><W109/><G109/><T130/><D130/><U25/><E17/><AGARI ba="0,0" hai="4,5,7,9,13,17,40,43,57,60,67" m="10343" machi="17" ten="30,2000,0" yaku="8,1,52,1" doraHai="76,63" who="3" fromWho="1" sc="265,0,115,-20,278,0,342,20" /><INIT seed="3,0,0,4,4,106" ten="265,95,278,362" oya="3" hai0="132,127,59,18,63,21,35,66,133,68,119,61,8" hai1="10,12,9,26,28,83,80,37,44,49,121,126,91" hai2="112,118,123,40,130,104,97,115,99,78,108,82,120" hai3="67,81,75,7,122,134,84,36,23,128,52,14,39"/><W62/><G75/><T5/><D35/><U16/><E121/><N who="2" m="46667" /><F40/><W102/><G122/><T105/><D105/><U101/><E126/><V11/><F11/><W56/><G128/><T57/><D119/><U20/><E37/><V100/><F130/><W33/><G33/><T95/><D95/><U87/><E101/><N who="2" m="62511" /><F108/><W79/><G134/><N who="0" m="51819" /><D127/><U85/><E9/><V89/><F89/><W38/><G102/><T107/><D107/><U74/><E74/><N who="2" m="43351" /><F118/><W45/><G7/><T111/><D111/><U90/><E49/><V51/><F51/><W110/><G110/><T125/><D63/><U48/><E48/><V109/><F109/><W43/><G67/><T69/><D69/><U31/><REACH who="1" step="1"/><E44/><REACH who="1" ten="265,85,278,362" step="2"/><V86/><F86/><W54/><G38/><T94/><D125/><U4/><AGARI ba="0,1" hai="4,10,12,16,20,26,28,31,80,83,85,87,90,91" machi="4" ten="20,12000,2" yaku="1,1,2,1,0,1,7,1,9,1,8,1,54,1,53,0" doraHai="106" doraHaiUra="117" who="1" fromWho="1" sc="265,-30,85,130,278,-30,362,-60" owari="235,-16.5,215,-28.5,248,4.8,302,40.2" /></mjloggm>