<mjloggm ver="2.3"><GO type="225" lobby="0"/><UN n0="%E3%82%A2%E3%83%BC%E3%83%A2%E3%83%AD%E3%83%BC%E3%83%B4%E3%82%A1" n1="%E3%81%B5%E3%81%98%E3%81%8B%E3%81%A4" n2="%E3%83%97%E3%83%AC%E3%83%B4%E3%82%A1%E3%83%86%E3%82%A3" n3="%E3%81%A9%E3%82%8F%E3%82%93%E3%81%94" dan="16,16,16,16" rate="2165.21,2123.78,2114.81,2114.64" sx="M,M,F,M"/><TAIKYOKU oya="0"/><INIT seed="0,0,0,2,4,135" ten="250,250,250,250" oya="0" hai0="7,10,109,4,80,19,106,68,46,70,47,71,120" hai1="43,108,22,101,124,87,44,53,110,88,79,76,8" hai2="61,32,118,26,51,132,12,6,29,11,41,99,65" hai3="83,40,34,64,77,30,23,33,85,105,17,134,36"/><T9/><D120/><U49/><E101/><V78/><F132/><W13/><G134/><T1/><D106/><U94/><E8/><V117/><F78/><W127/><G105/><T115/><D115/><U59/><E124/><V111/><F111/><W15/><G64/><T90/><D19/><U102/><E102/><V119/><F99/><W129/><G129/><T92/><D80/><U81/><E22/><V37/><F37/><W86/><G127/><T25/><D25/><U84/><REACH who="1" step="1"/><E76/><REACH who="1" ten="250,240,250,250" step="2"/><V67/><F61/><AGARI ba="0,1" hai="43,44,49,53,59,61,79,81,84,87,88,94,108,110" machi="61" ten="40,5200,0" yaku="1,1,2,1,54,1,53,0" doraHai="135" doraHaiUra="116" who="1" fromWho="2" sc="250,0,240,62,250,-52,250,0" /><INIT seed="1,0,0,2,2,129" ten="250,302,198,250" oya="1" hai0="60,8,44,64,79,97,19,65,73,52,6,126,3" hai1="91,81,40,11,20,50,96,36,122,34,80,53,47" hai2="102,27,92,4,77,103,114,25,22,86,30,124,17" hai3="23,121,24,135,54,88,98,46,116,85,15,127,78"/><U76/><E122/><V21/><F124/><W61/><G121/><T66/><D126/><U108/><E34/><V1/><F114/><W55/><G127/><T63/><D19/><U16/><E108/><V67/><F1/><W28/><G135/><T110/><D110/><U35/><E35/><V10/><F67/><W12/><G116/><T89/><D89/><U87/><E11/><V119/><F119/><W128/><G128/><T93/><D93/><U56/><E96/><V62/><F62/><W120/><G120/><T70/><D97/><U74/><E74/><V58/><F58/><N who="3" m="35031" /><G78/><T39/><D70/><U101/><E101/><V42/><F42/><W14/><G98/><T9/><D9/><U75/><E75/><V111/><F111/><W106/><G106/><T69/><D69/><U133/><E133/><V82/><REACH who="2" step="1"/><F92/><REACH who="2" ten="250,302,188,250" step="2"/><N who="3" m="54287" /><G46/><T84/><D52/><AGARI ba="0,1" hai="12,14,15,23,24,28,52,55" m="54287,35031" machi="52" ten="30,3900,0" yaku="8,1,54,2" doraHai="129" who="3" fromWho="0" sc="250,-39,302,0,188,0,250,49" /><INIT seed="2,0,0,2,2,42" ten="211,302,188,299" oya="2" hai0="23,9,120,43,74,54,4,104,125,20,135,92,58" hai1="10,16,30,38,122,34,6,103,37,41,124,69,67" hai2="3,80,28,13,97,33,1,15,70,112,93,32,131" hai3="25,94,27,2,102,109,111,101,84,8,129,119,78"/><V82/><F70/><W44/><G119/><T95/><D104/><U22/><E124/><V85/><F112/><W29/><G129/><T45/><D120/><U65/><E103/><V98/><F131/><W35/><G27/><T83/><D125/><U100/><E100/><V81/><F28/><W96/><G102/><T51/><D135/><U12/><E122/><V72/><F85/><W64/><G64/><T60/><D74/><U90/><E90/><V0/><F72/><W26/><G26/><T24/><D83/><U52/><E52/><V99/><REACH who="2" step="1"/><F93/><REACH who="2" ten="211,302,178,299" step="2"/><W31/><G29/><T46/><D92/><U113/><E113/><V88/><F88/><W68/><G84/><T128/><D95/><U116/><E69/><V59/><F59/><W49/><G68/><T87/><D87/><U71/><E71/><V19/><F19/><W114/><G114/><T132/><D128/><U105/><E105/><V62/><F62/><W108/><G78/><T7/><D132/><U55/><E30/><V133/><F133/><W123/><G123/><T73/><D73/><U121/><E121/><V36/><F36/><W63/><G63/><T117/><D60/><U134/><E38/><V76/><F76/><W14/><G111/><T11/><D58/><U17/><E37/><V75/><F75/><W66/><G109/><T48/><D117/><U127/><E134/><V21/><F21/><N who="0" m="8266" /><D24/><U118/><E22/><V126/><F126/><W5/><G108/><T50/><D50/><U53/><E127/><V91/><F91/><W89/><G89/><T40/><D40/><U86/><E41/><RYUUKYOKU ba="0,1" sc="211,15,302,-15,178,15,299,-15" hai0="4,7,9,11,43,45,46,48,51,54" hai2="0,1,3,13,15,32,33,80,81,82,97,98,99" /><INIT seed="2,1,1,4,4,83" ten="226,287,193,284" oya="2" hai0="64,121,9,117,59,89,0,43,123,8,7,113,23" hai1="25,44,2,71,57,75,45,114,11,135,38,129,100" hai2="111,102,16,99,66,103,131,106,48,79,29,65,110" hai3="54,62,124,81,68,130,24,78,96,95,49,35,86"/><V31/><F131/><W97/><G130/><T105/><D113/><U13/><E71/><V116/><F116/><W101/><G124/><T50/><D117/><U91/><E114/><V3/><F3/><W51/><G68/><T6/><D105/><U17/><E100/><N who="2" m="38443" /><F79/><W120/><G120/><T107/><D107/><U55/><E135/><V112/><F112/><W119/><G97/><T84/><D23/><N who="1" m="13551" /><E75/><V70/><F70/><W22/><G35/><T53/><D43/><U109/><E38/><V122/><F122/><W132/><G132/><T58/><D64/><N who="2" m="24682" /><F106/><W41/><G41/><T32/><D32/><U67/><E67/><V26/><F99/><W82/><G119/><T134/><D134/><U56/><E129/><V10/><F48/><W118/><G118/><T39/><D39/><U76/><E76/><V14/><F26/><W92/><G24/><T19/><D121/><U63/><E2/><V20/><F20/><W115/><G22/><T46/><D123/><U98/><E109/><AGARI ba="1,1" hai="10,14,16,29,31,109,110,111" m="24682,38443" machi="109" ten="30,5800,0" yaku="14,1,10,1,54,1" doraHai="83" who="2" fromWho="1" sc="226,0,287,-61,193,71,284,0" /><INIT seed="2,2,0,2,5,112" ten="226,226,264,284" oya="2" hai0="90,101,107,34,30,98,42,128,12,41,81,95,115" hai1="80,72,124,99,88,57,121,100,0,45,50,125,15" hai2="11,126,25,109,16,51,1,120,24,9,83,102,111" hai3="35,113,55,76,47,43,48,63,127,38,91,79,40"/><V39/><F120/><W129/><G35/><T89/><D115/><U19/><E121/><V86/><F39/><W64/><G113/><T26/><D128/><U133/><E0/><V93/><F126/><N who="1" m="48745" /><E57/><V132/><F132/><W60/><G129/><T114/><D114/><U71/><E71/><V36/><F36/><W5/><G127/><T85/><REACH who="0" step="1"/><D12/><REACH who="0" ten="216,226,264,284" step="2"/><U44/><E133/><V106/><F1/><W84/><G38/><T53/><D53/><U22/><E50/><V73/><F51/><W21/><G55/><T117/><D117/><U14/><E14/><V58/><F58/><W134/><G48/><T32/><D32/><U8/><E8/><V27/><F106/><W62/><G134/><T110/><D110/><N who="2" m="41994" /><F73/><W69/><G69/><T18/><D18/><U94/><E72/><V23/><F9/><W28/><G63/><T33/><D33/><U49/><E49/><V2/><F11/><W75/><G62/><T135/><D135/><U118/><E118/><V130/><F2/><W37/><G60/><T131/><D131/><U10/><E10/><V105/><F105/><W74/><G37/><T68/><D68/><U17/><E17/><V52/><F52/><W4/><G75/><T97/><AGARI ba="2,1" hai="26,30,34,41,42,81,85,89,90,95,97,98,101,107" machi="97" ten="20,2700,0" yaku="1,1,0,1,7,1,53,0" doraHai="112" doraHaiUra="66" who="0" fromWho="0" sc="216,43,226,-9,264,-15,284,-9" /><INIT seed="3,0,0,1,5,10" ten="259,217,249,275" oya="3" hai0="109,38,21,64,129,99,108,39,76,102,26,85,105" hai1="15,32,66,34,13,58,120,103,54,30,96,33,79" hai2="7,86,25,93,98,133,81,52,19,31,112,8,68" hai3="44,36,46,0,5,118,29,56,111,42,83,124,135"/><W69/><G118/><T88/><D64/><U3/><E120/><V92/><F68/><W110/><G69/><T28/><D76/><U41/><E3/><V18/><F112/><W1/><G135/><T77/><D77/><U80/><E41/><V101/><F133/><W114/><G114/><T55/><D55/><U73/><E30/><V60/><F93/><W61/><G124/><T75/><D75/><U67/><E67/><V104/><F104/><W45/><G29/><T59/><D59/><U49/><REACH who="1" step="1"/><E66/><REACH who="1" ten="259,207,249,275" step="2"/><V12/><F31/><W17/><G0/><T74/><D129/><U11/><E11/><V78/><F25/><W9/><G111/><N who="0" m="42571" /><D74/><U72/><E72/><V6/><F6/><W106/><G110/><T89/><D89/><U126/><E126/><V107/><F107/><AGARI ba="0,1" hai="13,15,32,33,34,49,54,58,73,79,80,96,103,107" machi="107" ten="40,5200,0" yaku="1,1,52,2,53,0" doraHai="10" doraHaiUra="40" who="1" fromWho="2" sc="259,0,207,62,249,-52,275,0" /><INIT seed="4,0,0,5,1,19" ten="259,269,197,275" oya="0" hai0="22,57,31,24,40,47,113,100,35,11,114,123,65" hai1="94,96,128,129,44,93,102,101,72,15,2,73,134" hai2="6,104,58,30,118,10,51,1,98,82,20,68,53" hai3="119,5,67,133,84,64,124,37,108,27,41,8,66"/><T9/><D123/><U80/><E2/><V132/><F68/><W52/><G108/><T18/><D100/><N who="1" m="38507" /><E44/><V16/><F104/><W26/><G119/><T122/><D122/><U7/><E7/><V85/><F98/><W0/><G133/><T43/><D57/><U76/><E15/><V91/><F118/><W83/><G124/><T59/><D59/><U121/><E121/><V117/><F117/><W36/><G52/><T46/><D65/><U3/><E3/><V92/><F132/><W115/><G115/><N who="0" m="44043" /><D47/><U90/><E134/><V29/><REACH who="2" step="1"/><F82/><REACH who="2" ten="259,269,187,275" step="2"/><W131/><G83/><T111/><D111/><U120/><E120/><V61/><F61/><W109/><G109/><T49/><D43/><U86/><E94/><V56/><F56/><W25/><G41/><T32/><D32/><U34/><E34/><V135/><F135/><W13/><G66/><T50/><D50/><U112/><E112/><V89/><F89/><W54/><G67/><T107/><D107/><U60/><E60/><V75/><F75/><AGARI ba="0,1" hai="72,73,75,76,80,86,90,93,96,128,129" m="38507" machi="75" ten="30,2000,0" yaku="34,2" doraHai="19" who="1" fromWho="2" sc="259,0,269,30,187,-20,275,0" /><INIT seed="5,0,0,5,0,96" ten="259,299,167,275" oya="1" hai0="80,18,4,135,65,85,34,24,52,28,5,131,37" hai1="93,13,73,61,55,100,125,101,31,54,20,84,47" hai2="14,126,59,108,82,49,81,103,21,62,83,116,87" hai3="66,0,45,118,104,97,111,1,43,8,102,29,122"/><U50/><E73/><V127/><F116/><W114/><G111/><T76/><D135/><U23/><E125/><N who="2" m="47627" /><F108/><W120/><G118/><T63/><D131/><U7/><E31/><V110/><F110/><W22/><G114/><T71/><D37/><U113/><E113/><V44/><F21/><N who="1" m="8265" /><E13/><V77/><F14/><W89/><G66/><T26/><D18/><U105/><E105/><V3/><F3/><W64/><G64/><T119/><D24/><U10/><E10/><V19/><F19/><W48/><G8/><T124/><D119/><U107/><E107/><V78/><F87/><W91/><G1/><T130/><D130/><U38/><E38/><V88/><F88/><W95/><G91/><T109/><D109/><U99/><E7/><V86/><F86/><W35/><G35/><T121/><D124/><U92/><E84/><V90/><F90/><W68/><G0/><T51/><REACH who="0" step="1"/><D121/><REACH who="0" ten="249,299,167,275" step="2"/><U42/><E61/><V40/><F103/><W2/><G122/><T132/><D132/><U11/><E11/><V72/><F72/><W58/><G120/><T33/><D33/><U69/><E101/><V16/><F16/><W46/><G104/><T9/><D9/><U57/><E100/><V133/><F133/><W15/><G102/><T36/><D36/><U79/><E79/><V115/><F115/><W112/><G112/><T12/><D12/><U56/><E99/><V6/><F6/><W94/><G15/><T106/><D106/><U32/><E32/><V30/><F30/><W39/><G29/><T123/><D123/><U134/><E134/><V75/><F75/><RYUUKYOKU ba="0,1" sc="249,15,299,-15,167,15,275,-15" hai0="4,5,26,28,34,51,52,63,65,71,76,80,85" hai2="40,44,49,59,62,77,78,81,82,83" /><INIT seed="6,1,1,5,3,17" ten="264,284,182,260" oya="2" hai0="93,129,13,9,120,67,131,61,133,71,117,99,3" hai1="127,40,79,45,104,122,125,75,134,97,10,60,94" hai2="22,26,54,98,49,105,28,38,47,73,86,20,108" hai3="121,74,90,113,44,89,59,83,128,23,115,78,64"/><V123/><F73/><W37/><G121/><T55/><D120/><U6/><E122/><V84/><F123/><W5/><G5/><T100/><D133/><U124/><E60/><V57/><F108/><W126/><G126/><T110/><D110/><U21/><E21/><N who="2" m="15439" /><F38/><W46/><G128/><N who="0" m="49227" /><D55/><U88/><E134/><V33/><F33/><W116/><G116/><T92/><D3/><N who="1" m="351" /><E104/><V27/><F105/><W118/><G118/><T130/><N who="0" m="49235" /><T102/><DORA hai="31" /><D117/><U18/><E18/><N who="2" m="12695" /><F98/><W87/><G37/><T85/><D85/><U16/><E16/><V103/><F103/><N who="0" m="39466" /><D99/><U15/><E75/><V62/><F22/><W66/><G23/><T56/><D71/><U50/><E15/><V80/><F80/><W106/><G106/><T25/><D25/><U4/><E4/><AGARI ba="1,1" hai="4,9,13,56,61,67,92,93" m="39466,49235" machi="4" ten="40,1300,0" yaku="19,1" doraHai="17,31" who="0" fromWho="1" sc="264,26,284,-16,182,0,260,0" /><INIT seed="7,0,0,5,3,88" ten="290,268,182,260" oya="3" hai0="130,84,114,107,72,36,66,99,23,64,35,5,117" hai1="55,103,79,38,2,115,112,52,27,54,119,0,132" hai2="3,26,1,121,123,33,25,16,41,12,69,122,71" hai3="86,85,83,24,133,10,82,111,7,101,65,19,59"/><W76/><G133/><T98/><D35/><U118/><E38/><V120/><N who="2" m="30720" /><DORA hai="105" /><V110/><F41/><W113/><G113/><N who="1" m="43594" /><E132/><V77/><F77/><W58/><G111/><T32/><D32/><U56/><E79/><V87/><F87/><W39/><G39/><T14/><D72/><U74/><E74/><V102/><F102/><W97/><G65/><T131/><D117/><N who="1" m="44555" /><E103/><V63/><F63/><W60/><G60/><T49/><D36/><U15/><E15/><V109/><F69/><W127/><G76/><T46/><D84/><U95/><E95/><V128/><F71/><W124/><G101/><N who="0" m="62903" /><D99/><U13/><E13/><V29/><F26/><W21/><G97/><T30/><D5/><U17/><E56/><V89/><F89/><W80/><G86/><T116/><D114/><U20/><AGARI ba="0,0" hai="0,2,17,20,27,52,54,55" m="44555,43594" machi="20" ten="40,5200,0" yaku="15,1,12,1,54,1" doraHai="88,105" who="1" fromWho="1" sc="290,-13,268,52,182,-13,260,-26" owari="277,7.7,320,42.0,169,-33.1,234,-16.6" /></mjloggm>