<mjloggm ver="2.3"><GO type="225" lobby="0"/><UN n0="%E3%83%AD%E3%83%83%E3%83%86%E9%9B%80%E7%90%83" n1="%E8%81%B7%E6%A5%AD%E3%80%81%E9%A2%A8%32" n2="%E3%81%9F%E3%81%A3%E3%81%A1%E3%82%87" n3="%E7%B4%94%E6%BD%94%E3%83%94%E3%83%A9%E3%83%8B%E3%82%A2" dan="17,16,16,16" rate="2227.60,2124.13,2089.55,2185.32" sx="M,M,M,M"/><TAIKYOKU oya="0"/><INIT seed="0,0,0,4,0,97" ten="250,250,250,250" oya="0" hai0="41,89,128,23,118,94,13,22,119,1,49,84,29" hai1="111,107,131,14,44,105,120,126,113,43,108,64,39" hai2="8,93,7,101,15,30,86,63,53,31,79,36,102" hai3="72,100,59,109,0,45,134,51,71,62,123,17,69"/><T20/><D1/><U95/><E120/><V85/><F36/><W6/><G72/><T21/><D128/><U106/><E126/><V99/><F86/><W124/><G109/><N who="1" m="42058" /><E131/><V68/><F102/><W2/><G100/><T70/><D70/><U90/><E113/><V82/><REACH who="2" step="1"/><F68/><REACH who="2" ten="250,250,240,250" step="2"/><W67/><G71/><T77/><D119/><U91/><E64/><V25/><F25/><W38/><G67/><T114/><D118/><U47/><E95/><V61/><F61/><W11/><G62/><T73/><D114/><U103/><E103/><V65/><F65/><W50/><G69/><T78/><D73/><U32/><E32/><V125/><F125/><W54/><G38/><T35/><D35/><U3/><E3/><V112/><F112/><W18/><G0/><T117/><D117/><U122/><E122/><V80/><F80/><W28/><G123/><T135/><D135/><U48/><E14/><V58/><AGARI ba="0,1" hai="7,8,15,30,31,53,58,63,79,82,85,93,99,101" machi="58" ten="30,8000,1" yaku="1,1,0,1,8,1,52,1,53,1" doraHai="97" doraHaiUra="75" who="2" fromWho="2" sc="250,-40,250,-20,240,90,250,-20" /><INIT seed="1,0,0,0,4,54" ten="210,230,330,230" oya="1" hai0="125,108,7,76,132,3,11,74,53,81,87,86,15" hai1="22,56,89,28,6,49,59,96,83,72,91,48,68" hai2="93,45,27,18,67,43,101,34,17,105,61,24,50" hai3="103,104,52,41,84,0,42,2,121,69,131,111,60"/><U16/><E68/><N who="2" m="42095" /><F24/><W44/><G121/><T118/><D108/><U46/><E72/><V78/><F93/><W100/><G111/><T110/><D125/><U117/><E117/><V35/><F35/><W102/><G131/><T47/><D132/><U123/><E123/><V71/><F78/><W124/><G124/><T65/><D118/><U40/><E28/><N who="2" m="19743" /><F71/><W92/><G104/><T106/><D106/><U70/><E70/><V29/><F29/><W26/><G26/><T112/><D112/><U130/><E130/><V109/><F109/><W116/><G116/><T94/><D65/><U122/><E122/><V127/><F127/><W73/><G73/><T129/><D129/><U66/><E6/><V114/><F114/><W115/><G115/><T19/><D110/><U75/><E66/><V120/><F120/><W33/><G33/><T10/><D94/><N who="1" m="56399" /><E75/><V8/><F8/><W97/><G84/><T135/><D135/><U79/><E49/><V134/><F134/><W85/><G85/><T64/><D64/><U39/><E39/><V126/><F126/><W99/><G69/><T55/><D55/><U133/><E133/><V63/><F63/><W95/><G100/><T58/><REACH who="0" step="1"/><D47/><REACH who="0" ten="200,230,330,230" step="2"/><U12/><E79/><V37/><F45/><W80/><G44/><T88/><D88/><U20/><E91/><V107/><F105/><W62/><G52/><T4/><D4/><U90/><E90/><V128/><F107/><W31/><G31/><T1/><D1/><U30/><E83/><AGARI ba="0,1" hai="0,2,41,42,60,62,80,83,92,95,97,99,102,103" machi="83" ten="25,1600,0" yaku="22,2" doraHai="54" who="3" fromWho="1" sc="200,0,230,-16,330,0,230,26" /><INIT seed="2,0,0,1,2,52" ten="200,214,330,256" oya="2" hai0="56,0,73,58,78,135,130,88,123,91,126,119,29" hai1="85,59,110,81,57,115,97,5,79,9,51,6,30" hai2="72,10,33,7,8,13,47,93,76,70,42,25,80" hai3="24,118,96,74,18,77,17,113,43,133,27,106,63"/><V36/><F70/><W31/><G118/><T83/><D123/><U20/><E110/><V32/><F25/><W100/><G133/><T68/><D68/><U38/><E38/><V23/><F23/><W128/><G128/><T48/><D0/><U103/><E115/><V132/><F132/><W61/><G113/><T99/><D135/><U19/><E30/><V95/><REACH who="2" step="1"/><F8/><REACH who="2" ten="200,214,320,256" step="2"/><W41/><G24/><T69/><D69/><U26/><E9/><V98/><F98/><W129/><G27/><T55/><D130/><U35/><E35/><AGARI ba="0,1" hai="7,10,13,32,33,35,36,42,47,72,76,80,93,95" machi="35" ten="40,2000,0" yaku="1,1,53,0" doraHai="52" doraHaiUra="62" who="2" fromWho="1" sc="200,0,214,-20,320,30,256,0" /><INIT seed="2,1,0,1,2,22" ten="200,194,350,256" oya="2" hai0="133,27,79,44,132,71,58,112,11,69,38,15,16" hai1="73,9,40,134,52,118,63,88,54,66,68,60,28" hai2="50,30,70,56,31,7,128,85,35,78,80,1,86" hai3="105,106,25,125,87,53,126,97,21,84,82,103,95"/><V65/><F128/><W19/><G53/><T115/><D79/><U98/><E118/><V74/><F70/><N who="0" m="26634" /><D58/><U67/><E73/><V3/><F30/><W32/><G32/><T57/><D57/><U23/><E134/><N who="0" m="51817" /><D27/><N who="1" m="16511" /><E68/><V8/><F1/><W129/><G129/><T75/><D75/><U55/><E40/><AGARI ba="1,0" hai="11,15,16,38,40,44,112,115" m="51817,26634" machi="40" ten="30,2000,0" yaku="20,1,54,1" doraHai="22" who="0" fromWho="1" sc="200,23,194,-23,350,0,256,0" /><INIT seed="3,0,0,0,2,109" ten="223,171,350,256" oya="3" hai0="63,99,55,57,115,54,11,90,32,38,88,129,19" hai1="101,33,86,125,51,46,94,14,121,119,4,124,13" hai2="50,92,102,28,43,118,69,6,100,15,49,133,44" hai3="10,30,37,66,76,29,18,35,93,81,74,0,127"/><W104/><G104/><T52/><D129/><U61/><E33/><V98/><F118/><W95/><G127/><T25/><D115/><U9/><E121/><V59/><F69/><W80/><G37/><T128/><D128/><U23/><E119/><V36/><F133/><W131/><G131/><T22/><D38/><U3/><E3/><V82/><F28/><W39/><G39/><T26/><D11/><U17/><E124/><V41/><F82/><W27/><G30/><N who="0" m="19543" /><D90/><U62/><E125/><V67/><F102/><W24/><G24/><T111/><D111/><U116/><E116/><V16/><F6/><W108/><G108/><T78/><D78/><U117/><E117/><V110/><F110/><W77/><G66/><T132/><D132/><U120/><E120/><V91/><F100/><W112/><G112/><T84/><D84/><U40/><REACH who="1" step="1"/><E101/><REACH who="1" ten="223,161,350,256" step="2"/><V7/><F36/><W113/><G0/><T48/><D48/><U56/><E56/><V107/><F49/><W5/><G35/><T58/><D58/><U31/><E31/><V21/><F59/><W79/><G29/><T53/><D53/><U72/><E72/><V135/><F50/><W73/><G74/><T65/><D65/><U71/><E71/><V83/><F135/><W85/><G73/><T105/><D55/><U89/><AGARI ba="0,1" hai="4,9,13,14,17,23,40,46,51,61,62,86,89,94" machi="89" ten="30,7900,0" yaku="1,1,0,1,8,1,53,1" doraHai="109" doraHaiUra="87" who="1" fromWho="1" sc="223,-20,161,89,350,-20,256,-39" owari="203,-29.7,250,5.0,330,43.0,217,-18.3" /></mjloggm>