<mjloggm ver="2.3"><GO type="225" lobby="0"/><UN n0="%33%74%72%65%65" n1="%E3%81%8B%E3%82%8F%E3%81%A1%E3%82%83%E3%82%93%35%38" n2="%E6%98%93%E5%88%A9%E8%96%A9%E4%BC%AF" n3="%E3%81%9F%E3%81%93%E2%98%86%E7%84%BC%E3%81%8D" dan="17,16,16,16" rate="2232.77,2130.24,2132.06,2075.32" sx="F,M,F,M"/><TAIKYOKU oya="0"/><INIT seed="0,0,0,5,4,24" ten="250,250,250,250" oya="0" hai0="97,38,37,75,46,103,96,53,94,100,109,101,76" hai1="12,71,3,28,90,22,82,89,10,67,43,116,7" hai2="126,63,4,13,51,64,50,80,85,11,81,45,93" hai3="86,16,72,42,125,133,27,30,117,74,77,8,40"/><T134/><D134/><U59/><E116/><V57/><F126/><W91/><G125/><T32/><D109/><U131/><E71/><V68/><F68/><W127/><G133/><T26/><D75/><U20/><E131/><V49/><F93/><W114/><G114/><T104/><D76/><U88/><E43/><V17/><F81/><W52/><G42/><T58/><D46/><U0/><E0/><V62/><F62/><W2/><G40/><T112/><D101/><U110/><E110/><V29/><F4/><W122/><G122/><T14/><D14/><U108/><E108/><V60/><F60/><W124/><G117/><T47/><D47/><U115/><E115/><V5/><F5/><W18/><G74/><T70/><D70/><U15/><E82/><V128/><F128/><W83/><G2/><T106/><D94/><U6/><E28/><V118/><F118/><W48/><G8/><T44/><D44/><U135/><E135/><V61/><F61/><W113/><G113/><T132/><D112/><U87/><E87/><V130/><F130/><W107/><G107/><T120/><D120/><U39/><E39/><V25/><F45/><W23/><G127/><T111/><D111/><U1/><E1/><V95/><F95/><W35/><G35/><T65/><D132/><U34/><E34/><V19/><F19/><N who="3" m="7211" /><G72/><T31/><D65/><U84/><E84/><V98/><F98/><W21/><G21/><N who="1" m="8298" /><E7/><V102/><F102/><W79/><G124/><T105/><D105/><U54/><E67/><V119/><F119/><W56/><AGARI ba="0,0" hai="23,27,30,48,52,56,77,79,83,86,91" m="7211" machi="56" ten="30,7900,0" yaku="8,1,52,1,54,2" doraHai="24" who="3" fromWho="3" sc="250,-39,250,-20,250,-20,250,79" /><INIT seed="1,0,0,4,4,53" ten="211,230,230,329" oya="1" hai0="106,94,119,43,81,47,17,18,10,46,61,23,132" hai1="28,39,25,86,20,129,67,56,30,62,109,54,42" hai2="65,29,6,120,135,1,38,92,50,83,125,19,91" hai3="59,71,32,72,45,97,76,80,122,118,51,124,79"/><U75/><E75/><V117/><F120/><W64/><G79/><T96/><D119/><U34/><E129/><V5/><F38/><W11/><G32/><T128/><D128/><U108/><E39/><V114/><F117/><W21/><G124/><T98/><D132/><U85/><E42/><V31/><F114/><W95/><G71/><T68/><D106/><U15/><E30/><V69/><F69/><W24/><G11/><T49/><D81/><U52/><E15/><V131/><F131/><W105/><G105/><T100/><D47/><U127/><E34/><V48/><F83/><W112/><G112/><T2/><D96/><U107/><E107/><V27/><F65/><W57/><G64/><T88/><D100/><U9/><E9/><V113/><F1/><W66/><G66/><T40/><D68/><U63/><E127/><V133/><F125/><W22/><G22/><T121/><D121/><U58/><E67/><V102/><F102/><W73/><G73/><T130/><D130/><U26/><E26/><V41/><F41/><W70/><G70/><T110/><D40/><U13/><E13/><V123/><F123/><W101/><G122/><T12/><D2/><U82/><E86/><N who="2" m="52343" /><F113/><W99/><G99/><T44/><D43/><U84/><E84/><V89/><F135/><W55/><G118/><T74/><D74/><U111/><E111/><V90/><F6/><W115/><G115/><T0/><D110/><U37/><E37/><V93/><F5/><W7/><REACH who="3" step="1"/><G7/><REACH who="3" ten="211,230,230,319" step="2"/><T134/><D134/><U14/><E109/><V3/><F133/><W126/><G126/><RYUUKYOKU ba="0,1" sc="211,-10,230,-10,230,-10,319,30" hai3="21,24,45,51,55,57,59,72,76,80,95,97,101" /><INIT seed="2,1,1,2,1,112" ten="201,220,220,349" oya="2" hai0="13,35,85,64,31,34,5,52,56,1,129,100,4" hai1="118,22,54,99,130,69,75,25,110,59,62,50,70" hai2="26,11,109,29,124,134,125,108,86,107,67,132,98" hai3="37,57,135,77,92,6,15,19,47,18,103,12,32"/><V51/><F67/><W33/><G6/><T60/><D1/><U117/><E75/><V61/><F61/><W17/><G77/><T3/><D3/><U93/><E110/><N who="2" m="42603" /><F51/><W55/><G135/><N who="2" m="51753" /><F11/><W79/><G79/><T23/><D129/><U127/><E127/><N who="2" m="48715" /><F86/><W114/><G47/><T133/><D133/><U80/><E70/><V74/><F74/><W76/><G37/><T21/><D85/><U105/><E69/><V126/><N who="2" m="48723" /><V122/><DORA hai="97" /><F122/><W68/><G68/><T39/><D39/><U84/><E62/><V48/><F48/><W113/><G57/><T30/><D64/><U87/><E87/><V10/><F10/><W89/><G55/><T83/><D52/><U2/><E59/><V16/><F16/><W42/><G18/><T44/><D60/><U43/><E54/><V116/><F116/><W102/><G19/><T94/><D56/><U0/><E50/><V119/><F119/><W104/><G17/><T101/><D44/><U71/><E71/><V49/><F49/><W46/><G46/><T53/><D53/><U106/><E118/><V65/><F65/><W95/><G42/><T58/><D58/><U88/><E117/><V41/><F41/><W63/><G63/><T82/><REACH who="0" step="1"/><D13/><REACH who="0" ten="191,220,220,349" step="2"/><U20/><E0/><V90/><F90/><W45/><G89/><T72/><D72/><U96/><E2/><V91/><F91/><W81/><G45/><T128/><D128/><U120/><E130/><V27/><F29/><W111/><G111/><T14/><D14/><U121/><E84/><V8/><F8/><W115/><G12/><RYUUKYOKU ba="1,2" sc="191,15,220,-15,220,15,349,-15" hai0="4,5,21,23,30,31,34,35,82,83,94,100,101" hai2="26,27,98,107" /><INIT seed="2,2,2,5,4,60" ten="206,205,235,334" oya="2" hai0="87,94,134,120,75,26,61,91,114,105,54,76,77" hai1="127,33,28,42,89,50,70,32,123,3,29,119,64" hai2="115,13,7,85,34,36,107,102,49,51,92,62,21" hai3="104,31,110,0,97,2,39,121,82,83,24,108,96"/><V112/><F34/><N who="1" m="13417" /><E89/><V117/><F36/><W71/><G39/><T30/><D120/><U128/><E50/><V113/><F117/><W16/><G31/><N who="1" m="11850" /><E42/><V129/><F129/><W130/><G130/><T106/><D114/><U80/><E80/><V1/><F1/><W44/><G44/><T15/><D134/><U69/><E128/><V22/><F107/><W46/><G121/><T135/><D135/><U14/><E3/><V11/><F51/><W81/><G46/><T73/><D106/><U9/><E119/><V41/><F41/><W43/><G71/><N who="1" m="27146" /><E14/><V4/><F49/><W86/><G43/><T10/><D105/><U55/><E55/><V56/><F7/><W6/><G6/><T68/><D68/><U88/><E88/><V63/><F63/><W79/><G104/><T103/><D61/><U27/><E123/><V58/><F58/><W100/><G0/><T109/><D54/><U124/><E9/><V93/><F85/><W47/><G47/><T78/><D87/><U125/><E27/><V72/><F113/><W38/><G38/><T40/><D40/><U17/><E17/><V5/><F5/><W101/><G86/><T74/><D91/><U90/><E90/><V18/><F18/><W116/><G2/><T20/><D15/><U25/><E25/><V98/><F115/><W84/><G16/><T95/><D10/><U122/><E122/><V118/><F112/><W59/><G24/><T52/><D52/><U19/><E19/><V53/><F118/><W37/><G116/><T23/><D26/><U8/><E8/><V45/><F11/><RYUUKYOKU ba="2,2" sc="206,-10,205,30,235,-10,334,-10" hai1="64,124,125,127" /><INIT seed="3,3,2,5,3,57" ten="196,235,225,324" oya="3" hai0="40,20,80,8,31,115,17,11,108,30,125,110,9" hai1="64,62,117,24,134,103,79,101,74,28,7,3,90" hai2="45,93,6,33,119,46,89,41,55,75,65,44,127" hai3="84,133,129,67,120,123,124,15,2,59,68,12,43"/><W60/><G2/><T104/><D104/><U48/><E74/><V56/><F119/><W78/><G43/><T86/><D40/><U71/><E79/><V131/><F33/><W5/><G129/><T135/><D125/><U128/><E7/><V107/><F107/><W38/><G124/><T99/><D99/><U81/><E3/><V70/><F75/><W94/><G38/><T73/><D73/><U19/><E19/><V126/><F6/><W54/><G133/><T35/><D135/><U34/><E134/><V109/><F109/><N who="0" m="42090" /><D35/><U121/><E121/><V47/><F131/><W98/><G12/><N who="0" m="9255" /><D115/><U69/><E128/><V112/><F112/><W91/><G15/><T113/><D113/><U39/><E39/><N who="2" m="21567" /><F93/><W4/><G4/><T92/><D92/><U106/><E106/><V26/><F89/><AGARI ba="3,2" hai="8,9,11,30,31,80,86,89" m="9255,42090" machi="89" ten="30,1000,0" yaku="14,1" doraHai="57" who="0" fromWho="2" sc="196,39,235,0,225,-19,324,0" owari="235,3.5,235,-16.5,206,-29.4,324,42.4" /></mjloggm>