<mjloggm ver="2.3"><GO type="225" lobby="0"/><UN n0="%E9%A2%A8%E3%81%A7%E9%B3%B4%E3%81%8F" n1="%E3%82%BC%E3%83%AB%E3%83%80%E3%81%AE%E4%BC%9D%E8%AA%AC" n2="%E5%A4%96%E5%B7%9D%E7%AB%9C%E6%88%90" n3="%E3%83%97%E3%83%AC%E3%83%B4%E3%82%A1%E3%83%86%E3%82%A3" dan="16,17,16,16" rate="2184.73,2159.90,2170.85,2115.29" sx="M,M,M,F"/><TAIKYOKU oya="0"/><INIT seed="0,0,0,1,0,105" ten="250,250,250,250" oya="0" hai0="15,93,91,112,26,88,130,17,128,53,95,127,46" hai1="39,19,73,120,99,92,35,5,135,121,57,84,30" hai2="96,4,40,126,122,9,75,37,24,11,85,6,118" hai3="72,60,14,117,113,66,42,52,31,76,108,59,123"/><T48/><D112/><U132/><E39/><V21/><F122/><W7/><G123/><N who="1" m="47178" /><E5/><V43/><F126/><W83/><G113/><T58/><D127/><U89/><E19/><V38/><F85/><W13/><G117/><T51/><D26/><U125/><E57/><V115/><F96/><W70/><G108/><T64/><D64/><U69/><E69/><V133/><F115/><W55/><G7/><T50/><D95/><N who="1" m="54695" /><E30/><V104/><F104/><W8/><G8/><T124/><D124/><U41/><E41/><V110/><F21/><W12/><G31/><T22/><D91/><N who="1" m="55711" /><E35/><V25/><F118/><W74/><G42/><T116/><D116/><U80/><E125/><V45/><F45/><W32/><G32/><T77/><D77/><AGARI ba="0,0" hai="73,77,80,132,135" m="55711,54695,47178" machi="77" ten="30,3900,0" yaku="34,2,52,1" doraHai="105" who="1" fromWho="0" sc="250,-39,250,39,250,0,250,0" /><INIT seed="1,0,0,5,2,65" ten="211,289,250,250" oya="1" hai0="106,98,35,118,101,123,129,82,39,72,107,74,71" hai1="124,63,12,86,125,36,120,58,84,52,134,42,91" hai2="44,56,94,75,41,38,37,59,79,11,16,48,57" hai3="109,126,135,30,34,10,99,1,133,6,9,24,13"/><U96/><E120/><V131/><F131/><W32/><G99/><N who="0" m="61759" /><D129/><U51/><E134/><N who="3" m="51210" /><G109/><T40/><D123/><U68/><E96/><V103/><F75/><W54/><G54/><T8/><D8/><U97/><E97/><V112/><F79/><W53/><G53/><T108/><D108/><U61/><E12/><V66/><F94/><W25/><G126/><N who="1" m="48746" /><E91/><V95/><F95/><W127/><G127/><T2/><D2/><U76/><E76/><V4/><F103/><W45/><G45/><N who="0" m="23711" /><D118/><U116/><E116/><V132/><F132/><W117/><G117/><T55/><D55/><U89/><E89/><V3/><F112/><W18/><G25/><T60/><D82/><U111/><E111/><V77/><F77/><W21/><AGARI ba="0,0" hai="1,6,9,10,13,18,21,24,30,32,34" m="51210" machi="21" ten="30,4000,0" yaku="20,1,34,2" doraHai="65" who="3" fromWho="3" sc="211,-10,289,-20,250,-10,250,40" /><INIT seed="2,0,0,3,0,98" ten="201,269,240,290" oya="2" hai0="114,108,40,87,13,70,91,47,83,6,20,123,65" hai1="71,134,45,9,74,122,125,106,112,86,30,53,19" hai2="37,88,116,69,59,17,107,126,89,115,11,60,100" hai3="66,121,118,79,24,22,104,102,18,56,67,5,36"/><V103/><F115/><W43/><G121/><T7/><D114/><U82/><E71/><V133/><F116/><W58/><G118/><T63/><D123/><U38/><E112/><V73/><F69/><W55/><G79/><T1/><D1/><U31/><E122/><V41/><F73/><W27/><G5/><T10/><D108/><U12/><E74/><V78/><F107/><W16/><G36/><T101/><D20/><U76/><E125/><V130/><F126/><W77/><G77/><T110/><D110/><U132/><E106/><V111/><F78/><W97/><G43/><T62/><D62/><U0/><E0/><V99/><F111/><W32/><G58/><T46/><D46/><U35/><E35/><V49/><F37/><W26/><G32/><T64/><D64/><U109/><E109/><V15/><F130/><W48/><REACH who="3" step="1"/><G18/><REACH who="3" ten="201,269,240,280" step="2"/><T113/><D113/><U2/><E38/><V75/><F133/><W39/><G39/><T21/><D6/><U124/><E124/><V84/><F41/><W128/><G128/><T117/><D117/><U29/><E2/><V52/><F75/><W28/><G28/><T25/><D47/><U95/><E134/><V3/><F3/><W54/><G54/><T80/><D40/><U129/><E129/><V105/><F49/><W96/><G96/><T23/><D70/><U90/><E132/><V57/><F57/><W131/><G131/><T34/><D34/><U44/><E53/><V85/><REACH who="2" step="1"/><F100/><REACH who="2" ten="201,269,230,280" step="2"/><W8/><G8/><N who="0" m="4255" /><D101/><U135/><E135/><V94/><F94/><W93/><G93/><N who="0" m="54527" /><D63/><U42/><E42/><RYUUKYOKU ba="0,2" sc="201,-30,269,10,230,10,280,10" hai1="9,12,19,29,30,31,44,45,76,82,86,90,95" hai2="11,15,17,52,59,60,84,85,88,89,99,103,105" hai3="16,22,24,26,27,48,55,56,66,67,97,102,104" /><INIT seed="2,1,2,0,3,92" ten="171,279,240,290" oya="2" hai0="41,56,61,76,50,33,101,22,87,54,80,39,18" hai1="0,59,8,69,127,43,58,27,55,83,103,96,88" hai2="113,16,38,25,132,28,49,30,107,26,79,66,126" hai3="85,13,12,40,128,121,47,32,17,42,86,53,114"/><V78/><F113/><W115/><G32/><T68/><D33/><U35/><E69/><V10/><F38/><W72/><G121/><T99/><D39/><U104/><E127/><V24/><F107/><W125/><G72/><T133/><D133/><U131/><E43/><N who="3" m="16426" /><G125/><T95/><D68/><U75/><E131/><V48/><F132/><W89/><G128/><T93/><D41/><U77/><E55/><V62/><F126/><W3/><G3/><T70/><D70/><U34/><E34/><V67/><F25/><W102/><G102/><T108/><D108/><U1/><E1/><V105/><F105/><W57/><G47/><T37/><D37/><U6/><REACH who="1" step="1"/><E88/><REACH who="1" ten="171,269,240,290" step="2"/><V130/><F130/><W60/><G114/><T71/><D71/><U20/><E20/><V120/><F120/><W63/><G115/><T9/><D9/><U45/><E45/><V7/><F10/><N who="3" m="6295" /><G63/><T109/><D109/><U111/><E111/><V64/><F62/><W2/><G2/><T106/><REACH who="0" step="1"/><D61/><REACH who="0" ten="161,269,240,290" step="2"/><U46/><E46/><V82/><F49/><W31/><G60/><T112/><D112/><U15/><E15/><AGARI ba="1,4" hai="15,18,22,50,54,56,76,80,87,93,95,99,101,106" machi="15" ten="30,3900,0" yaku="1,1,7,1,52,1,53,0" doraHai="92" doraHaiUra="118" who="0" fromWho="1" sc="161,82,269,-42,240,0,290,0" /><INIT seed="3,0,0,4,1,43" ten="243,227,240,290" oya="3" hai0="56,62,103,47,37,95,117,36,45,133,119,80,100" hai1="97,82,2,124,25,132,38,31,11,22,54,108,129" hai2="90,68,102,13,63,12,61,24,113,83,86,85,4" hai3="42,8,34,5,93,94,14,65,69,99,116,78,19"/><W6/><G34/><T58/><D95/><N who="3" m="36361" /><G116/><N who="0" m="44619" /><D62/><N who="2" m="23562" /><F68/><W75/><G69/><T121/><D80/><U92/><E108/><V76/><F113/><W50/><G75/><T81/><D81/><U20/><E124/><V118/><F118/><W27/><G78/><T96/><D96/><U126/><E126/><V79/><F102/><N who="0" m="38954" /><D121/><U115/><E115/><V49/><F24/><W91/><G65/><T111/><D111/><U60/><E132/><V51/><F4/><W128/><G128/><T71/><D71/><U29/><E129/><V40/><F86/><W112/><G112/><T74/><D74/><U52/><E38/><N who="0" m="14953" /><D133/><U130/><E130/><V114/><F114/><W16/><G99/><T41/><D41/><U67/><E82/><V18/><F40/><W70/><G70/><T107/><D107/><U72/><E72/><V101/><F101/><W123/><G123/><T98/><D98/><U57/><E31/><V106/><F106/><W26/><G91/><T135/><D135/><U0/><E22/><N who="2" m="11591" /><F90/><W28/><G28/><T66/><D66/><U110/><E110/><V9/><F79/><W109/><G109/><T44/><AGARI ba="0,0" hai="44,45,47,56,58" m="14953,38954,44619" machi="44" ten="40,8000,1" yaku="28,2,52,3" doraHai="43" who="0" fromWho="0" sc="243,80,227,-20,240,-20,290,-40" owari="323,42.3,207,-29.3,220,-18.0,250,5.0" /></mjloggm>