<mjloggm ver="2.3"><GO type="225" lobby="0"/><UN n0="%E9%97%98%E5%B0%86%E3%81%A0%E3%82%93%E3%81%A7%E3%81%83" n1="%E4%BA%BA%E9%96%93%E3%83%81%E3%83%A3%E3%83%BC%E3%83%8F%E3%83%B3" n2="%72%69%6F%75%63%68%61%6E" n3="%E6%A1%9C%E8%8A%B1%E9%96%83%E3%80%85" dan="16,16,16,16" rate="2129.57,2141.13,2227.67,2201.45" sx="M,M,M,M"/><TAIKYOKU oya="0"/><INIT seed="0,0,0,0,4,16" ten="250,250,250,250" oya="0" hai0="28,71,121,43,131,11,90,114,117,122,78,130,60" hai1="20,47,102,14,64,126,58,9,96,34,81,75,51" hai2="118,38,127,133,45,107,25,123,59,85,108,13,91" hai3="116,129,93,57,109,18,69,72,48,6,86,104,125"/><T50/><D114/><U111/><E34/><V135/><F123/><W128/><G104/><T68/><D117/><U87/><E75/><V120/><F120/><N who="0" m="46186" /><D78/><U97/><E111/><V92/><F108/><W132/><G69/><N who="0" m="26699" /><D28/><U39/><E39/><V19/><F127/><W4/><G72/><T46/><D11/><U33/><E33/><V21/><F107/><W3/><G18/><T32/><D90/><N who="1" m="51567" /><E126/><V15/><F118/><W100/><G116/><T49/><D32/><U12/><E9/><V124/><F124/><W56/><G86/><T74/><D74/><U89/><E89/><V31/><F59/><W30/><G57/><T95/><D95/><N who="1" m="58655" /><E97/><V84/><F85/><W105/><G93/><T88/><D88/><U44/><E14/><V36/><F13/><W62/><G109/><T83/><D83/><U8/><E8/><V103/><F103/><W112/><G100/><T23/><D23/><U67/><E12/><V17/><F17/><W63/><G30/><T27/><D27/><U76/><E20/><N who="2" m="15783" /><F45/><N who="1" m="17481" /><E76/><V0/><F0/><W77/><G3/><T113/><D113/><U35/><E35/><V101/><F101/><W41/><G112/><T40/><D60/><U24/><E24/><V70/><F70/><W94/><G63/><T37/><D43/><U53/><AGARI ba="0,0" hai="51,53,58,64,67" m="17481,58655,51567" machi="53" ten="30,1100,0" yaku="8,1" doraHai="16" who="1" fromWho="1" sc="250,-5,250,11,250,-3,250,-3" /><INIT seed="1,0,0,1,2,129" ten="245,261,247,247" oya="1" hai0="102,20,108,113,36,1,97,89,96,122,132,87,116" hai1="13,73,118,25,95,114,66,22,51,32,21,74,38" hai2="65,29,69,23,71,44,130,72,131,34,19,7,90" hai3="105,43,70,40,67,92,33,94,85,15,63,79,77"/><U80/><E114/><V100/><F72/><W110/><G105/><T56/><D36/><U119/><E38/><V134/><F134/><W124/><G110/><T64/><D1/><U98/><E66/><V91/><F100/><W54/><G33/><T27/><D113/><U53/><E13/><V133/><F133/><W76/><G124/><T84/><D116/><U123/><E123/><V125/><F125/><W68/><G68/><T60/><D108/><U47/><E32/><V26/><F7/><W61/><G15/><T78/><D132/><U2/><E2/><V88/><F44/><W52/><G85/><T62/><D122/><U82/><E73/><V10/><F10/><W81/><G81/><N who="0" m="47159" /><D62/><N who="3" m="23561" /><G67/><T14/><D14/><U45/><E45/><V59/><F59/><W109/><G70/><T3/><D102/><U12/><E74/><V37/><F37/><W121/><G121/><T0/><D0/><U39/><E39/><V112/><F112/><W104/><G104/><T9/><D9/><U24/><E12/><N who="2" m="9703" /><F65/><W11/><G11/><T93/><D3/><U35/><E35/><V135/><F135/><W101/><G101/><T111/><D111/><U50/><E119/><V83/><F83/><W30/><G30/><AGARI ba="0,0" hai="20,27,30,56,60,64,87,89,93,96,97" m="47159" machi="30" ten="30,1000,0" yaku="8,1" doraHai="129" who="0" fromWho="3" sc="245,10,261,0,247,0,247,-10" /><INIT seed="2,0,0,1,3,24" ten="255,261,247,237" oya="2" hai0="20,65,123,34,58,94,56,71,104,42,82,66,27" hai1="107,119,103,76,43,32,14,52,31,99,35,1,118" hai2="133,92,6,81,111,40,101,3,70,109,33,87,2" hai3="121,105,19,5,84,12,47,22,102,69,68,117,4"/><V79/><F133/><W88/><G117/><T85/><D104/><U10/><E1/><V131/><F131/><W37/><G121/><T126/><D123/><U49/><E43/><V97/><F70/><W134/><G134/><T55/><D126/><U50/><E76/><V127/><F127/><W108/><G108/><N who="2" m="41545" /><F6/><W77/><G77/><T57/><D34/><U41/><E41/><V135/><F135/><W13/><G47/><T80/><D42/><U112/><E112/><V48/><F33/><W62/><G37/><T125/><D125/><U75/><E75/><V16/><F16/><W91/><G13/><T128/><D128/><U72/><E72/><V38/><F38/><W115/><G69/><T96/><D55/><U73/><E73/><V89/><F101/><W51/><G4/><T53/><D53/><U45/><E49/><V113/><F113/><W18/><G5/><T93/><D71/><U63/><E63/><V21/><F21/><W86/><G51/><T59/><D66/><U74/><E74/><V129/><F129/><W7/><G7/><T29/><D65/><U28/><E35/><V60/><F60/><W98/><G115/><T46/><D20/><U110/><E110/><V9/><F9/><W132/><G132/><T67/><D67/><U122/><E122/><V54/><F40/><W25/><G62/><T23/><D23/><U0/><E0/><V95/><F92/><N who="3" m="54295" /><G68/><T114/><D114/><U15/><E15/><V90/><F79/><W61/><G61/><T78/><D78/><U11/><E11/><V106/><F106/><W124/><G124/><RYUUKYOKU ba="0,0" sc="255,-10,261,-10,247,30,237,-10" hai2="2,3,48,54,81,87,89,90,95,97" /><INIT seed="2,1,0,3,1,124" ten="245,251,277,227" oya="2" hai0="82,40,46,99,24,98,62,53,48,101,119,115,23" hai1="66,21,18,20,79,96,132,89,72,58,73,125,4" hai2="36,109,130,80,37,29,34,59,91,60,129,13,26" hai3="65,2,19,74,61,126,88,39,120,93,111,114,57"/><V112/><F112/><W10/><G120/><T76/><D115/><U97/><E125/><V41/><F109/><W28/><G126/><T75/><D119/><U133/><E4/><V0/><F0/><W90/><G114/><T25/><D25/><U103/><E89/><V105/><F105/><W71/><G111/><T43/><D62/><N who="1" m="38231" /><E79/><V16/><F41/><W56/><G74/><N who="1" m="28778" /><E18/><V70/><F70/><W94/><G39/><T32/><D32/><U38/><E38/><V68/><F68/><W55/><G28/><T30/><REACH who="0" step="1"/><D98/><REACH who="0" ten="235,251,277,227" step="2"/><N who="1" m="37995" /><E103/><V31/><F26/><W11/><G61/><T135/><D135/><AGARI ba="1,1" hai="20,21,132,133,135" m="37995,28778,38231" machi="135" ten="30,1000,0" yaku="20,1" doraHai="124" who="1" fromWho="0" sc="235,-13,251,23,277,0,227,0" /><INIT seed="3,0,0,0,5,48" ten="222,274,277,227" oya="3" hai0="78,90,12,19,101,112,69,99,115,91,88,89,53" hai1="27,65,83,44,56,38,63,59,96,62,47,132,8" hai2="128,120,109,110,92,81,0,36,40,134,55,24,13" hai3="122,31,2,51,108,33,107,133,58,113,11,14,22"/><W64/><G113/><N who="0" m="43595" /><D69/><U100/><E132/><V93/><F0/><W21/><G122/><T30/><D30/><U6/><E38/><V4/><F40/><W45/><G107/><T10/><D78/><U7/><E27/><V82/><F36/><W72/><G72/><T71/><D71/><U116/><E83/><V57/><F134/><W3/><G133/><T106/><D91/><U119/><E8/><N who="2" m="4231" /><F128/><W66/><G33/><T114/><N who="0" m="43603" /><T34/><DORA hai="103" /><D53/><N who="1" m="34063" /><E116/><V68/><F68/><W28/><G28/><T105/><D34/><U41/><E119/><V50/><F120/><W87/><G31/><T131/><D131/><U17/><E17/><V46/><F24/><W80/><G66/><T75/><D75/><U85/><E85/><V124/><F124/><W32/><G32/><T15/><D15/><U123/><E123/><V54/><F81/><W76/><G2/><T84/><D84/><U49/><E47/><V95/><F82/><W104/><G3/><T29/><D29/><U86/><E86/><V18/><F18/><W130/><G130/><T117/><D117/><U79/><E79/><V125/><F125/><W1/><G1/><T16/><D19/><U135/><E135/><V26/><F26/><W118/><G118/><T35/><D35/><U37/><E37/><V9/><F9/><W42/><G80/><T23/><D106/><U94/><AGARI ba="0,0" hai="6,7,41,44,49,59,63,65,94,96,100" m="34063" machi="94" ten="30,2000,0" yaku="8,1,52,1" doraHai="48,103" who="1" fromWho="1" sc="222,-5,274,20,277,-5,227,-10" /><INIT seed="4,0,0,1,1,85" ten="217,294,272,217" oya="0" hai0="95,98,80,93,34,99,51,131,89,47,15,106,6" hai1="105,119,115,113,127,12,31,13,77,114,67,11,5" hai2="100,52,84,65,14,48,41,45,123,59,21,133,3" hai3="135,29,88,126,90,4,124,57,71,46,16,104,79"/><T36/><D131/><U118/><E127/><N who="3" m="48682" /><G135/><T69/><D34/><U87/><E105/><V0/><F123/><W125/><N who="3" m="48690" /><W54/><DORA hai="101" /><G71/><T96/><D69/><U82/><E67/><V121/><F121/><W112/><G112/><T25/><D36/><U32/><E13/><V18/><F133/><W81/><G104/><T17/><D106/><U62/><E62/><V86/><F100/><W33/><G4/><T74/><D25/><AGARI ba="0,0" hai="5,11,12,25,31,32,77,82,87,113,114,115,118,119" machi="25" ten="40,2600,0" yaku="15,1,11,1" doraHai="85,101" who="1" fromWho="0" sc="217,-26,294,26,272,0,217,0" owari="191,-30.9,320,42.0,272,7.2,217,-18.3" /></mjloggm>