<mjloggm ver="2.3"><GO type="225" lobby="0"/><UN n0="%E6%B0%B7%E5%B7%9D%E9%87%8C%E5%A5%88" n1="%4B%2E%32%2E%4B%2E" n2="%E7%89%B9%E6%9D%B1%E3%81%AF%E4%B8%96%E7%95%8C%E3%82%92%E6%95%91%E3%81%86" n3="%63%68%78%62%64" dan="16,17,16,16" rate="2155.36,2173.56,2102.91,2155.08" sx="F,M,M,M"/><TAIKYOKU oya="0"/><INIT seed="0,0,0,0,5,13" ten="250,250,250,250" oya="0" hai0="37,54,67,47,46,6,8,9,132,81,101,100,34" hai1="19,113,108,102,127,116,89,36,31,33,66,26,50" hai2="131,115,74,104,107,125,51,110,14,117,72,11,7" hai3="134,39,16,0,3,61,93,118,4,56,65,20,76"/><T21/><D34/><U22/><E116/><V29/><F115/><W130/><G118/><T64/><D132/><U96/><E36/><V105/><F117/><W128/><G39/><T53/><D21/><U52/><E113/><V124/><F110/><W40/><G40/><T55/><D37/><U121/><E121/><V5/><F131/><N who="3" m="50219" /><G134/><T60/><D81/><U98/><E108/><V86/><F29/><W45/><G45/><N who="0" m="16907" /><D60/><U91/><E127/><N who="2" m="48715" /><F51/><W69/><G76/><T84/><D84/><U79/><E79/><V15/><F86/><W120/><G4/><N who="2" m="1609" /><F11/><N who="0" m="4170" /><D6/><U111/><E66/><AGARI ba="0,0" hai="53,54,55,64,66,67,100,101" m="4170,16907" machi="66" ten="30,5800,0" yaku="28,2,8,1" doraHai="13" who="0" fromWho="1" sc="250,58,250,-58,250,0,250,0" /><INIT seed="0,1,0,1,5,131" ten="308,192,250,250" oya="0" hai0="80,1,34,5,64,32,122,55,14,125,83,44,112" hai1="87,109,40,4,10,105,59,60,100,36,77,110,41" hai2="3,107,132,76,0,92,101,30,6,12,102,18,31" hai3="72,123,103,47,114,121,73,46,88,2,9,29,79"/><T115/><D122/><N who="3" m="46601" /><G114/><T120/><D1/><U74/><E74/><N who="3" m="28778" /><G79/><T27/><D120/><U69/><E69/><V19/><F107/><W28/><G103/><T95/><D125/><U93/><E105/><V90/><F76/><W48/><G88/><T96/><D64/><U86/><E100/><V67/><F67/><W20/><G20/><T91/><D115/><U70/><E70/><V98/><F102/><W54/><G47/><T65/><D65/><N who="1" m="39071" /><E93/><V58/><F92/><W42/><G42/><T17/><D112/><U24/><E41/><V85/><F101/><W104/><G104/><T116/><D116/><U52/><E86/><V33/><F85/><W16/><G2/><T133/><D83/><U61/><E87/><V106/><F106/><W62/><G62/><T135/><D80/><U82/><E82/><V129/><F98/><W108/><G108/><T45/><D45/><N who="1" m="23687" /><E77/><V81/><F81/><W63/><G63/><T118/><D118/><U111/><E111/><V113/><F90/><W13/><AGARI ba="1,0" hai="9,13,16,28,29,46,48,54" m="28778,46601" machi="13" ten="40,2700,0" yaku="13,1,54,1" doraHai="131" who="3" fromWho="3" sc="308,-14,192,-8,250,-8,250,30" /><INIT seed="1,0,0,3,1,89" ten="294,184,242,280" oya="1" hai0="15,86,110,102,45,130,16,47,109,35,123,41,49" hai1="46,54,64,84,85,76,51,90,0,55,124,71,88" hai2="37,72,97,39,11,106,5,96,68,36,43,57,3" hai3="29,99,115,31,113,108,12,67,100,101,2,10,24"/><U83/><E124/><V18/><F68/><W28/><G2/><T133/><D35/><U112/><E112/><V81/><F43/><W129/><G108/><N who="0" m="41579" /><D130/><U19/><E0/><V134/><F134/><W118/><G118/><T13/><D133/><U91/><E71/><V93/><F106/><W60/><G129/><T94/><D123/><U66/><E19/><V1/><F1/><W117/><G117/><T8/><D13/><U103/><E103/><V82/><F72/><W34/><G100/><T27/><D27/><U7/><E7/><V77/><F77/><W119/><G119/><T65/><D65/><U23/><E23/><V120/><F120/><W78/><G78/><T131/><D131/><U105/><E105/><V21/><F57/><W104/><G115/><T33/><D33/><U58/><REACH who="1" step="1"/><E85/><REACH who="1" ten="294,174,242,280" step="2"/><V116/><F116/><W32/><G113/><T62/><D86/><U128/><E128/><V98/><F18/><W17/><G34/><T40/><D102/><U114/><E114/><V75/><F21/><W125/><G125/><T107/><D107/><U56/><E56/><AGARI ba="0,1" hai="10,12,17,24,28,29,31,32,56,60,67,99,101,104" machi="56" ten="30,1000,0" yaku="7,1" doraHai="89" who="3" fromWho="1" sc="294,0,174,-10,242,0,280,20" /><INIT seed="2,0,0,1,4,125" ten="294,164,242,300" oya="2" hai0="86,62,15,110,124,24,87,0,11,46,28,37,60" hai1="45,118,8,74,40,102,23,51,104,43,3,93,96" hai2="97,130,120,77,79,35,82,111,70,121,131,112,80" hai3="91,90,10,1,12,114,17,56,50,14,47,122,99"/><V88/><F70/><W63/><G122/><N who="2" m="47209" /><F35/><W134/><G1/><T26/><D0/><U30/><E118/><V58/><F58/><W108/><G108/><T127/><D110/><U20/><E74/><N who="2" m="43063" /><F111/><W71/><G71/><T101/><D101/><U128/><E40/><V69/><F69/><W73/><G73/><T68/><D46/><U38/><E38/><V7/><F7/><W135/><G114/><T5/><D37/><U25/><E20/><V100/><F88/><W36/><G36/><T117/><D117/><U49/><E49/><V105/><F112/><W18/><G99/><T29/><D68/><U9/><E3/><V107/><F105/><W27/><G27/><T31/><D26/><U103/><E104/><V116/><F116/><W13/><G90/><T59/><D24/><U39/><E39/><V85/><AGARI ba="0,0" hai="79,82,85,97,100,107,130,131" m="43063,47209" machi="85" ten="30,11700,0" yaku="34,2,52,2" doraHai="125" who="2" fromWho="2" sc="294,-39,164,-39,242,117,300,-39" /><INIT seed="2,1,0,3,0,97" ten="255,125,359,261" oya="2" hai0="32,119,130,11,18,87,83,84,12,89,5,51,55" hai1="31,111,49,2,4,131,30,16,23,39,108,27,74" hai2="37,115,34,85,22,88,92,125,46,69,99,28,15" hai3="71,59,133,129,3,118,7,135,103,38,9,73,42"/><V80/><F125/><W1/><G118/><T14/><D130/><U106/><E74/><V0/><F0/><W91/><G129/><T107/><D119/><U112/><E131/><V120/><F120/><W94/><G71/><T65/><D32/><U76/><E76/><V13/><F69/><W128/><G128/><T86/><D107/><U56/><E106/><V43/><F34/><W50/><G3/><T40/><D65/><U123/><E49/><V60/><F60/><W93/><G73/><T57/><REACH who="0" step="1"/><D40/><REACH who="0" ten="245,125,359,261" step="2"/><U105/><E105/><V78/><F115/><W10/><G42/><T6/><D6/><U66/><E112/><V132/><F132/><W117/><G117/><T77/><D77/><U53/><E66/><V90/><F78/><W44/><G133/><T96/><D96/><U82/><E123/><V98/><F99/><W75/><G7/><T70/><D70/><U36/><E108/><V25/><AGARI ba="1,1" hai="13,15,22,25,28,37,43,46,80,85,88,90,92,98" machi="25" ten="30,3000,0" yaku="0,1,54,1" doraHai="97" who="2" fromWho="2" sc="245,-11,125,-11,359,43,261,-11" /><INIT seed="2,2,0,5,4,74" ten="234,114,402,250" oya="2" hai0="96,87,79,134,77,66,55,73,35,49,84,67,99" hai1="112,11,116,119,123,110,62,114,56,107,2,20,133" hai2="131,102,91,51,16,113,44,21,30,86,126,101,71" hai3="12,122,53,92,135,7,25,15,36,81,111,94,0"/><V129/><F71/><W59/><G122/><T105/><D35/><U64/><E107/><V90/><F30/><W120/><G120/><T104/><D73/><U63/><E20/><V93/><F113/><N who="1" m="43625" /><E11/><V132/><F132/><W75/><G111/><T103/><D49/><U3/><E3/><V1/><F126/><W115/><G115/><T47/><D47/><U34/><E34/><V60/><F60/><W40/><G135/><T6/><D134/><U58/><E2/><V83/><F1/><W5/><G25/><T26/><D26/><U130/><E133/><V85/><F129/><W50/><G12/><T42/><D55/><U57/><E123/><V88/><F90/><W32/><G32/><T68/><D103/><U43/><E43/><N who="2" m="24991" /><F131/><W118/><G15/><AGARI ba="2,0" hai="15,16,21,83,85,86,88,91,93,101,102" m="24991" machi="15" ten="30,5800,0" yaku="8,1,54,2" doraHai="74" who="2" fromWho="3" sc="234,0,114,0,402,64,250,-64" /><INIT seed="2,3,0,1,4,54" ten="234,114,466,186" oya="2" hai0="20,112,77,73,93,78,44,88,34,8,123,74,42" hai1="126,64,63,24,86,98,53,55,21,3,79,0,57" hai2="14,10,66,87,25,80,91,16,60,107,106,128,94" hai3="40,97,122,67,111,82,75,85,81,104,116,108,131"/><V31/><F128/><W65/><G122/><T132/><D34/><U76/><E126/><V103/><F103/><N who="3" m="62575" /><G40/><T71/><D123/><U26/><E0/><V48/><F48/><W1/><G1/><T27/><D71/><U50/><E3/><V113/><F113/><W130/><G65/><T15/><D112/><U134/><E134/><V23/><REACH who="2" step="1"/><F80/><REACH who="2" ten="234,114,456,186" step="2"/><W12/><G81/><T17/><D132/><U51/><E51/><V59/><AGARI ba="3,1" hai="10,14,16,23,25,31,59,60,66,87,91,94,106,107" machi="59" ten="20,18000,2" yaku="1,1,2,1,0,1,7,1,52,1,54,1,53,0" doraHai="54" doraHaiUra="30" who="2" fromWho="2" sc="234,-63,114,-63,456,199,186,-63" /><INIT seed="2,4,0,1,5,55" ten="171,51,655,123" oya="2" hai0="41,121,45,87,69,58,8,116,13,79,81,133,82" hai1="102,15,126,124,109,115,12,44,122,80,67,32,128" hai2="26,101,20,52,64,56,73,4,34,25,131,1,77" hai3="0,114,50,60,111,21,14,91,40,88,39,104,22"/><V23/><F131/><W92/><G0/><T75/><D121/><U66/><E102/><V2/><F64/><N who="1" m="24617" /><E32/><V90/><F34/><W70/><G39/><T100/><D69/><U132/><E80/><V119/><F119/><W105/><G111/><T61/><D133/><U85/><E85/><V74/><F101/><W11/><G114/><T5/><D116/><U24/><E44/><V16/><F90/><W68/><G60/><T118/><D100/><U37/><E37/><V29/><F77/><W103/><G68/><T31/><D31/><U19/><E115/><V129/><F129/><W49/><G70/><T135/><D135/><U127/><E128/><V134/><F134/><W27/><G104/><T36/><D118/><U110/><E132/><V6/><F2/><W28/><G22/><T112/><D112/><U53/><E53/><V93/><F93/><W98/><G105/><T57/><D61/><U120/><E24/><V130/><F130/><W97/><G97/><T47/><D47/><U35/><E35/><V30/><F30/><W46/><G50/><T76/><AGARI ba="4,0" hai="5,8,13,36,41,45,57,58,75,76,79,81,82,87" machi="76" ten="20,5200,0" yaku="0,1,7,1,52,2" doraHai="55" who="0" fromWho="0" sc="171,64,51,-17,655,-30,123,-17" /><INIT seed="3,0,0,2,5,60" ten="235,34,625,106" oya="3" hai0="73,85,36,19,122,26,17,92,56,112,49,65,25" hai1="35,82,61,18,76,45,130,57,77,74,75,101,54" hai2="95,3,38,55,53,52,14,13,104,103,28,39,83" hai3="50,12,11,116,132,129,59,110,105,5,111,134,8"/><W89/><G116/><T69/><D73/><U20/><E35/><V29/><F3/><W121/><G105/><T6/><D36/><U7/><E130/><V114/><F104/><W58/><G121/><T80/><D122/><U102/><E7/><V48/><F114/><W15/><G89/><T119/><D119/><U109/><E109/><N who="3" m="41482" /><G50/><T108/><D108/><U106/><E106/><V107/><F107/><W98/><G98/><T31/><D112/><U70/><E70/><V51/><F39/><W4/><G58/><T91/><D6/><U118/><E118/><V131/><F38/><W27/><G59/><T99/><D69/><U40/><E40/><V127/><F48/><W115/><G115/><T113/><D113/><U2/><E2/><V0/><F51/><W78/><G78/><N who="0" m="46231" /><D49/><U84/><E45/><V34/><F53/><W63/><G63/><N who="0" m="38119" /><D31/><U93/><E93/><V23/><F55/><W47/><G47/><T123/><D123/><U30/><E30/><V64/><F103/><W66/><G66/><T117/><D117/><U126/><E126/><V42/><F127/><W41/><G41/><T128/><D128/><U9/><E9/><V133/><F42/><W90/><G90/><T46/><D46/><U33/><E33/><V68/><F64/><W86/><G86/><T62/><D62/><U88/><E75/><V100/><F68/><W43/><G43/><T10/><D10/><U120/><E120/><V96/><F100/><N who="1" m="38505" /><E74/><V22/><F52/><W1/><G129/><T21/><D21/><U94/><E94/><V37/><F131/><W125/><G125/><RYUUKYOKU ba="0,0" sc="235,15,34,15,625,-15,106,-15" hai0="17,19,25,26,91,92,99" hai1="18,20,54,57,61,76,77,82,84,88" owari="250,5.0,49,-45.1,610,71.0,91,-30.9" /></mjloggm>