<mjloggm ver="2.3"><GO type="225" lobby="0"/><UN n0="%73%69%72%6F%75%74" n1="%E2%91%A3%E9%81%BF%E9%81%8A%E6%88%AF%E3%80%90%E6%9D%B1%E5%8D%97%E3%80%91" n2="%E3%83%AD%E3%83%83%E3%83%86%E9%9B%80%E7%90%83" n3="%E3%83%92%E3%82%B3" dan="16,16,17,16" rate="2026.26,2156.75,2175.57,2117.13" sx="M,M,M,M"/><TAIKYOKU oya="0"/><INIT seed="0,0,0,4,5,67" ten="250,250,250,250" oya="0" hai0="33,84,19,30,99,106,48,98,39,6,133,71,13" hai1="36,124,116,103,15,42,120,122,29,43,26,22,38" hai2="104,80,91,46,100,126,24,79,0,52,63,23,92" hai3="8,68,21,115,90,111,87,117,45,127,95,49,93"/><T31/><D39/><U69/><E116/><V70/><F0/><W88/><G117/><T37/><D37/><U101/><E15/><V7/><F7/><W25/><G115/><T54/><D6/><U56/><E56/><V61/><F126/><W64/><G127/><T44/><D133/><U53/><E124/><V83/><F100/><W110/><G8/><T3/><D3/><U75/><E75/><V72/><F104/><W125/><G125/><T97/><D71/><U34/><E22/><V102/><F102/><W11/><G11/><T123/><D123/><U77/><E77/><V47/><F80/><W1/><G1/><T18/><D106/><U14/><E14/><V76/><F76/><W128/><G128/><T81/><D33/><U2/><E2/><V74/><F74/><W20/><G68/><T131/><D131/><U82/><E82/><V134/><F134/><W4/><G64/><T9/><REACH who="0" step="1"/><D19/><REACH who="0" ten="240,250,250,250" step="2"/><U118/><E38/><V132/><F132/><W28/><G4/><T12/><D12/><U135/><E36/><V10/><F70/><W78/><G25/><T130/><D130/><U107/><E135/><V16/><F10/><W40/><G28/><T108/><D108/><N who="3" m="41513" /><G78/><AGARI ba="0,1" hai="9,13,18,30,31,44,48,54,78,81,84,97,98,99" machi="78" ten="40,3900,0" yaku="1,1,8,1,53,0" doraHai="67" doraHaiUra="65" who="0" fromWho="3" sc="240,49,250,0,250,0,250,-39" /><INIT seed="0,1,0,3,3,40" ten="289,250,250,211" oya="0" hai0="110,92,15,50,130,38,36,68,47,97,72,73,98" hai1="127,108,62,19,124,94,16,111,134,78,117,104,33" hai2="65,93,7,113,48,86,51,42,1,53,95,67,41" hai3="12,22,90,125,105,54,115,23,63,59,45,88,11"/><T132/><D68/><U99/><E104/><V2/><F7/><W56/><G105/><T31/><D132/><U118/><E33/><V123/><F86/><W74/><G74/><T69/><D69/><U122/><E62/><V24/><F24/><W109/><G115/><T71/><D71/><U10/><E78/><V121/><REACH who="2" step="1"/><F53/><REACH who="2" ten="289,250,240,211" step="2"/><W100/><G109/><N who="1" m="42058" /><E122/><V75/><F75/><W114/><G114/><AGARI ba="1,1" hai="1,2,41,42,48,51,65,67,93,95,113,114,121,123" machi="114" ten="25,3200,0" yaku="1,1,22,2,53,0" doraHai="40" doraHaiUra="49" who="2" fromWho="3" sc="289,0,250,0,240,45,211,-35" /><INIT seed="1,0,0,5,1,21" ten="289,250,285,176" oya="1" hai0="24,63,55,85,125,98,47,53,49,92,69,58,96" hai1="106,135,14,38,90,11,108,30,46,110,48,75,116" hai2="133,124,17,114,23,130,51,119,28,118,101,0,93" hai3="27,128,134,36,129,45,31,22,86,94,70,8,35"/><U4/><E116/><V26/><F0/><W6/><G70/><T97/><D125/><U43/><E135/><V107/><F107/><W121/><G121/><T112/><D69/><U103/><E75/><V123/><F123/><W71/><G71/><T120/><D112/><U117/><E117/><V77/><F133/><W3/><G134/><T41/><D120/><U12/><E38/><V68/><F68/><W111/><G111/><N who="1" m="42538" /><E90/><V72/><F124/><W79/><G35/><T74/><D74/><U37/><E37/><V40/><F130/><W131/><G94/><T82/><D24/><U99/><E30/><V10/><F28/><W64/><G64/><T89/><REACH who="0" step="1"/><D41/><REACH who="0" ten="279,250,285,176" step="2"/><U25/><E25/><V34/><F26/><W127/><G127/><T60/><D60/><U78/><E78/><AGARI ba="0,1" hai="47,49,53,55,58,63,78,82,85,89,92,96,97,98" machi="78" ten="30,7700,0" yaku="1,1,7,1,8,1,53,1" doraHai="21" doraHaiUra="83" who="0" fromWho="1" sc="279,87,250,-77,285,0,176,0" /><INIT seed="2,0,0,1,2,134" ten="366,173,285,176" oya="2" hai0="104,97,76,38,26,25,86,49,103,132,84,61,105" hai1="21,106,46,98,123,70,34,32,115,43,13,107,109" hai2="101,117,58,81,71,88,94,75,118,133,11,59,60" hai3="28,74,80,23,90,27,2,17,93,56,91,67,122"/><V131/><F133/><W116/><G122/><T96/><D38/><U19/><E115/><V135/><F135/><W119/><G2/><T8/><D132/><U83/><E123/><V40/><F131/><W20/><G74/><T47/><D61/><U99/><E70/><V62/><F101/><W113/><G113/><T69/><D69/><U85/><E109/><V82/><F40/><W12/><G80/><T121/><D121/><U65/><E65/><N who="2" m="39071" /><F75/><W37/><G37/><T89/><D76/><U1/><E1/><V31/><F71/><W120/><G120/><T15/><D105/><U87/><E87/><V41/><F41/><W3/><G3/><T22/><D97/><U127/><E99/><N who="2" m="57799" /><F31/><W52/><G67/><T92/><D103/><U114/><E114/><V24/><F24/><W78/><G78/><T35/><D26/><U100/><E107/><V48/><F48/><W111/><G111/><T102/><D102/><U108/><E108/><V0/><F118/><W57/><G57/><T5/><D35/><U9/><E21/><V4/><F117/><W44/><G44/><T68/><D104/><U77/><REACH who="1" step="1"/><E127/><REACH who="1" ten="366,163,285,176" step="2"/><V33/><F33/><W128/><G128/><T63/><D68/><U129/><E129/><V16/><F0/><W72/><G72/><T110/><D110/><U7/><E7/><V39/><F4/><W130/><G130/><T53/><D5/><U42/><E42/><V14/><F39/><AGARI ba="0,1" hai="9,13,19,32,34,39,43,46,77,83,85,98,100,106" machi="39" ten="30,2000,0" yaku="1,1,7,1,53,0" doraHai="134" doraHaiUra="50" who="1" fromWho="2" sc="366,0,163,30,285,-20,176,0" /><INIT seed="3,0,0,3,4,16" ten="366,193,265,176" oya="3" hai0="7,63,69,135,84,132,93,40,2,38,75,133,28" hai1="77,102,72,62,128,80,15,33,117,42,5,9,112" hai2="34,37,76,18,54,122,13,20,92,30,95,39,41" hai3="100,73,96,29,23,71,31,82,74,106,59,64,90"/><W68/><G74/><T129/><D129/><U114/><E128/><V103/><F122/><W35/><G35/><T127/><D127/><U83/><E117/><V119/><F119/><W53/><G64/><N who="0" m="41119" /><D28/><U123/><E123/><V105/><F76/><W55/><G55/><T78/><D75/><U26/><E80/><V36/><F41/><W67/><G67/><T88/><D78/><U109/><E109/><V111/><F111/><W61/><G73/><T47/><D7/><U44/><E62/><V11/><F54/><W108/><G108/><T116/><D116/><U126/><E102/><V130/><F130/><W134/><G134/><T22/><D22/><U131/><E126/><V32/><F105/><W3/><G3/><AGARI ba="0,0" hai="2,3,38,40,47,84,88,93,132,133,135" m="41119" machi="3" ten="30,2000,0" yaku="20,1,54,1" doraHai="16" who="0" fromWho="3" sc="366,20,193,0,265,0,176,-20" owari="386,48.6,193,-20.7,265,6.5,156,-34.4" /></mjloggm>