<mjloggm ver="2.3"><GO type="225" lobby="0"/><UN n0="%E9%89%A2%E5%B7%BB%E3%82%AC%E3%83%96" n1="%E8%81%B7%E6%A5%AD%E3%80%81%E9%A2%A8%32" n2="%72%61%6B%33" n3="%E5%84%AA%40%41%42%43" dan="16,16,18,17" rate="2098.73,2164.64,2279.67,2236.66" sx="M,M,M,M"/><TAIKYOKU oya="0"/><INIT seed="0,0,0,4,0,82" ten="250,250,250,250" oya="0" hai0="79,47,129,20,91,24,27,107,65,128,56,115,26" hai1="31,23,21,45,113,50,49,103,134,99,114,101,76" hai2="69,64,97,29,120,86,0,109,102,117,94,10,93" hai3="52,124,14,127,130,18,60,133,16,54,98,6,85"/><T89/><D115/><N who="1" m="44043" /><E134/><V122/><F109/><W38/><G38/><T90/><D107/><N who="1" m="63935" /><E76/><V32/><F117/><W12/><G133/><T61/><D79/><U9/><E103/><V111/><F111/><W33/><G33/><T58/><D47/><U73/><E73/><V112/><F112/><W13/><G6/><T78/><D78/><U46/><E9/><V5/><F64/><W87/><G98/><T28/><REACH who="0" step="1"/><D58/><REACH who="0" ten="240,250,250,250" step="2"/><U43/><E31/><V35/><F29/><W7/><G7/><T2/><D2/><U116/><E116/><V59/><F59/><W55/><G130/><AGARI ba="0,1" hai="20,24,26,27,28,56,61,65,89,90,91,128,129,130" machi="130" ten="40,3900,0" yaku="1,1,19,1,53,0" doraHai="82" doraHaiUra="80" who="0" fromWho="3" sc="240,49,250,0,250,0,250,-39" /><INIT seed="0,1,0,4,1,103" ten="289,250,250,211" oya="0" hai0="111,86,42,134,76,59,61,7,38,82,75,15,107" hai1="50,58,8,108,1,20,77,74,68,100,130,90,0" hai2="24,62,64,49,57,12,116,45,60,23,52,120,14" hai3="87,31,83,101,78,26,124,128,96,17,51,81,30"/><T123/><D123/><U89/><E68/><V88/><F120/><W71/><G71/><T37/><D134/><U85/><E108/><V6/><F116/><W122/><G124/><T13/><D111/><U117/><E117/><V56/><F6/><W19/><G128/><T21/><D75/><U135/><E135/><V27/><F88/><W9/><G122/><T34/><D34/><U127/><E127/><V106/><F106/><W70/><G70/><T129/><D129/><U66/><E100/><V10/><F10/><W93/><G83/><T94/><D94/><U3/><E74/><V32/><F32/><W84/><G87/><T55/><D107/><U80/><E8/><V126/><F126/><W102/><G102/><T118/><D118/><U97/><E130/><V125/><F125/><W47/><G9/><T109/><D109/><U16/><E97/><V39/><F39/><W11/><G11/><T121/><D121/><U69/><E69/><V48/><F48/><W18/><REACH who="3" step="1"/><G26/><REACH who="3" ten="289,250,250,201" step="2"/><T40/><D7/><U53/><REACH who="1" step="1"/><E66/><REACH who="1" ten="289,240,250,201" step="2"/><N who="2" m="39175" /><F24/><AGARI ba="1,2" hai="0,1,3,16,20,24,50,53,58,77,80,85,89,90" machi="24" ten="40,2600,0" yaku="1,1,54,1,53,0" doraHai="103" doraHaiUra="41" who="1" fromWho="2" sc="289,0,240,49,250,-29,201,0" /><INIT seed="1,0,0,0,1,33" ten="289,289,221,201" oya="1" hai0="122,22,106,38,132,40,93,101,76,44,91,31,72" hai1="58,134,47,82,15,27,112,81,128,78,87,97,46" hai2="4,131,125,19,74,83,99,95,50,100,56,39,26" hai3="43,6,35,57,120,51,52,42,117,13,98,62,104"/><U10/><E112/><V23/><F125/><W34/><G120/><T20/><D132/><U2/><E128/><V113/><F131/><W30/><G117/><T3/><D3/><U28/><E2/><V69/><F69/><W73/><G73/><T60/><D31/><U88/><E134/><V17/><F39/><W96/><G104/><T102/><D60/><U32/><E58/><V79/><F113/><W107/><G107/><T70/><D70/><U65/><E65/><V41/><F4/><W36/><G36/><T9/><D9/><U53/><E53/><V103/><F103/><W14/><G30/><T66/><D66/><U127/><E127/><V84/><F74/><W55/><G6/><T77/><D102/><U108/><E108/><V119/><F119/><W37/><G37/><T45/><D45/><U116/><E116/><V29/><REACH who="2" step="1"/><F41/><REACH who="2" ten="289,289,211,201" step="2"/><W109/><G109/><T48/><D38/><U129/><E129/><V54/><AGARI ba="0,1" hai="17,19,23,26,29,50,54,56,79,83,84,95,99,100" machi="54" ten="30,7900,0" yaku="1,1,2,1,0,1,8,1,53,0" doraHai="33" doraHaiUra="59" who="2" fromWho="2" sc="289,-20,289,-39,211,89,201,-20" /><INIT seed="2,0,0,1,1,42" ten="269,250,300,181" oya="2" hai0="115,88,67,106,77,129,111,91,31,64,97,75,107" hai1="60,12,54,83,112,132,55,53,57,26,69,114,5" hai2="125,32,82,120,37,81,103,48,17,134,6,101,58" hai3="63,39,100,59,10,46,45,118,71,3,93,44,119"/><V50/><F37/><W108/><G100/><T122/><D31/><U40/><E132/><V124/><F6/><W130/><G93/><N who="0" m="56487" /><D64/><U85/><E26/><V0/><F134/><W131/><G108/><T105/><D67/><U92/><E92/><V16/><F58/><W117/><G71/><T135/><D122/><U90/><E69/><V27/><F27/><W128/><G10/><T20/><D20/><U110/><E110/><V24/><F24/><W21/><G21/><T34/><D34/><U84/><E84/><V116/><F116/><W33/><G3/><T68/><D68/><U66/><E40/><V22/><F22/><W96/><G96/><T102/><D111/><U72/><E72/><V30/><F30/><W13/><G13/><T127/><D135/><U94/><E94/><V80/><F80/><W79/><G79/><T104/><D91/><U18/><REACH who="1" step="1"/><E5/><REACH who="1" ten="269,240,300,181" step="2"/><V65/><F32/><W52/><G33/><T35/><D35/><U109/><E109/><V41/><F41/><AGARI ba="0,1" hai="39,41,44,45,46,52,59,63,117,118,119,128,130,131" machi="41" ten="50,16000,3" yaku="19,1,34,3,52,3,54,1" doraHai="42" who="3" fromWho="2" sc="269,0,240,0,300,-160,181,170" /><INIT seed="3,0,0,4,2,8" ten="269,240,140,351" oya="3" hai0="114,112,86,56,14,41,128,83,88,47,68,87,4" hai1="124,129,19,80,64,22,0,113,58,74,63,134,132" hai2="75,27,43,62,49,50,84,31,78,52,40,59,125" hai3="42,25,6,92,103,10,13,26,122,11,104,116,120"/><W82/><G104/><T111/><D68/><U3/><E113/><N who="0" m="43625" /><D111/><U9/><E124/><V108/><F125/><W135/><G135/><N who="1" m="51754" /><E129/><V48/><F108/><W45/><G116/><T51/><D128/><U57/><E9/><V30/><F75/><W55/><G55/><T105/><D105/><U23/><E22/><V109/><F109/><W131/><G131/><T107/><D107/><U71/><E80/><V20/><REACH who="2" step="1"/><F30/><REACH who="2" ten="269,240,130,351" step="2"/><W79/><G120/><T67/><D86/><U35/><E74/><V73/><F73/><W29/><G29/><T69/><D69/><U54/><E71/><V15/><F15/><W77/><G13/><T127/><D127/><U106/><E3/><V76/><F76/><W97/><G79/><T99/><D99/><U98/><E98/><V28/><F28/><W93/><G77/><T60/><D4/><U38/><E0/><V7/><F7/><W39/><G6/><T24/><D24/><U95/><E19/><V89/><F89/><W102/><G97/><T96/><D96/><U118/><E106/><V5/><F5/><W17/><G122/><T115/><D115/><U119/><E119/><V32/><F32/><W46/><G26/><T117/><D117/><U16/><E35/><V72/><F72/><W66/><G25/><T44/><D14/><U18/><E18/><V123/><F123/><W34/><G17/><T65/><D88/><U37/><E118/><V90/><F90/><W101/><G34/><T110/><D87/><U1/><E1/><V100/><F100/><W130/><G103/><T36/><D110/><U53/><E16/><RYUUKYOKU ba="0,1" sc="269,-10,240,-10,130,30,351,-10" hai2="20,27,31,40,43,48,49,50,52,59,62,78,84" owari="259,5.9,230,-17.0,160,-34.0,351,45.1" /></mjloggm>