<mjloggm ver="2.3"><GO type="225" lobby="0"/><UN n0="%E3%81%A4%E3%81%A3%E3%81%B1%E3%82%8A%E3%83%9D%E3%83%BC%E3%83%AB" n1="%E2%98%86%E5%AD%AB%E7%87%95%E5%A7%BF%E2%98%86" n2="%73%73%6B%5F%66%72%65%65" n3="%E3%82%A2%E3%83%A1%E3%82%A2%E3%83%A9%E3%83%AC" dan="17,16,17,16" rate="2224.68,2183.14,2187.81,2160.82" sx="M,M,M,M"/><TAIKYOKU oya="0"/><INIT seed="0,0,0,5,4,93" ten="250,250,250,250" oya="0" hai0="54,64,71,51,129,40,26,132,111,135,9,23,101" hai1="53,5,60,38,78,24,92,96,18,134,17,108,19" hai2="126,66,20,32,105,74,72,27,0,119,133,52,4" hai3="130,49,44,79,10,43,97,41,16,69,81,128,14"/><T28/><D129/><N who="3" m="49769" /><G69/><T8/><D111/><U21/><E38/><V63/><F133/><N who="0" m="51274" /><D40/><U95/><E134/><V61/><F126/><W29/><G29/><T99/><D64/><U76/><E95/><V57/><F32/><W117/><G117/><T37/><D37/><U85/><E5/><V2/><F105/><W22/><G41/><T13/><D71/><U82/><E78/><V68/><F119/><W109/><G109/><T47/><D13/><U116/><E116/><V84/><F84/><N who="3" m="48191" /><G97/><T77/><D77/><U87/><E87/><V59/><F68/><W70/><G70/><T91/><D91/><U55/><E108/><V75/><REACH who="2" step="1"/><F4/><REACH who="2" ten="250,250,240,250" step="2"/><W102/><G102/><T7/><D7/><U56/><REACH who="1" step="1"/><E55/><REACH who="1" ten="250,240,240,250" step="2"/><V80/><F80/><W12/><G10/><T118/><D118/><U42/><E42/><V94/><F94/><AGARI ba="0,2" hai="8,9,23,26,28,47,51,54,94,99,101" m="51274" machi="94" ten="30,2900,0" yaku="20,1,52,1" doraHai="93" who="0" fromWho="2" sc="250,49,240,0,240,-29,250,0" /><INIT seed="0,1,0,5,3,34" ten="299,240,211,250" oya="0" hai0="46,132,52,81,131,102,13,89,30,129,77,27,126" hai1="62,59,118,25,22,37,65,91,32,94,35,3,16" hai2="45,39,61,111,38,50,23,15,105,0,53,135,128" hai3="122,9,120,82,43,99,119,127,92,110,60,28,117"/><T103/><D132/><U24/><E37/><V5/><F128/><N who="0" m="49226" /><D126/><U83/><E118/><N who="3" m="45066" /><G60/><T31/><D89/><U114/><E114/><V19/><F135/><W106/><G43/><T64/><D13/><U41/><E41/><V133/><F111/><W7/><G28/><N who="0" m="10795" /><D27/><U26/><E83/><V121/><F121/><N who="3" m="46699" /><G9/><T12/><D12/><U116/><E116/><V112/><F133/><W109/><G7/><T130/><D64/><U73/><E73/><V58/><F112/><W56/><G56/><T84/><D130/><U108/><E108/><N who="3" m="41578" /><G127/><T67/><D67/><U124/><E124/><V123/><F123/><W1/><G1/><T101/><D46/><U69/><E3/><V2/><F0/><W57/><G57/><T96/><D52/><U79/><E59/><V49/><F2/><W20/><G20/><T115/><D115/><U86/><E32/><V80/><F5/><W21/><G21/><T100/><D100/><U17/><E35/><V18/><F53/><W97/><G82/><T104/><AGARI ba="1,0" hai="77,81,84,96,101,102,103,104" m="10795,49226" machi="104" ten="30,1500,0" yaku="19,1" doraHai="34" who="0" fromWho="0" sc="299,18,240,-6,211,-6,250,-6" /><INIT seed="0,2,0,2,1,11" ten="317,234,205,244" oya="0" hai0="75,15,131,123,45,77,30,86,111,67,106,81,94" hai1="76,96,39,38,90,33,130,120,97,101,12,102,110" hai2="40,61,74,114,10,128,82,25,78,36,37,24,135" hai3="44,83,124,87,47,17,66,98,91,8,80,133,68"/><T53/><D123/><U122/><E33/><V125/><F114/><W71/><G133/><T27/><D106/><U84/><E76/><V3/><F128/><W95/><G124/><T121/><D121/><U52/><E130/><V93/><F125/><W26/><G80/><T43/><D131/><U109/><E84/><V32/><F135/><W129/><G129/><T54/><D67/><U58/><E58/><V22/><F61/><W92/><G92/><T127/><D127/><U69/><E90/><V49/><F32/><W56/><G71/><T4/><D111/><U72/><E69/><V19/><F93/><W117/><G68/><T134/><D134/><U89/><E89/><V113/><F113/><W1/><G117/><T100/><D75/><U112/><E112/><V23/><F49/><W99/><G1/><T20/><D94/><U107/><E52/><N who="0" m="20073" /><D100/><U18/><E72/><V0/><F40/><W5/><G99/><T29/><D29/><U34/><E34/><V116/><F116/><W9/><G5/><T51/><D4/><U35/><E35/><V104/><F104/><W105/><G105/><T7/><D7/><U28/><E28/><V85/><F74/><W64/><G64/><T48/><D51/><U132/><E132/><V50/><F50/><W119/><G119/><T16/><D30/><U108/><E97/><V2/><F37/><N who="1" m="13833" /><E101/><V118/><F36/><W62/><G95/><T70/><D70/><U21/><AGARI ba="2,0" hai="12,18,21,96,102,107,108,109,110,120,122" m="13833" machi="21" ten="40,2700,0" yaku="14,1,52,1" doraHai="11" who="1" fromWho="1" sc="317,-15,234,33,205,-9,244,-9" /><INIT seed="1,0,0,5,1,85" ten="302,267,196,235" oya="1" hai0="69,29,4,80,31,5,124,67,54,81,38,47,62" hai1="95,86,73,7,42,93,65,76,49,74,61,43,79" hai2="48,126,109,0,40,51,16,132,82,115,46,122,58" hai3="129,105,107,1,94,26,71,9,78,106,104,135,133"/><U30/><E7/><V13/><F122/><W112/><G71/><T123/><D123/><U130/><E30/><V92/><F109/><W70/><G70/><T34/><D124/><U108/><E130/><V99/><F132/><N who="3" m="50763" /><G1/><T118/><D118/><U50/><E86/><V114/><F126/><W18/><G9/><T127/><D127/><U41/><E41/><V91/><F0/><W52/><G107/><T98/><D98/><U59/><E59/><V63/><F51/><W131/><G112/><T39/><D39/><U37/><E61/><V56/><F82/><W117/><G117/><T27/><D29/><U32/><E32/><V88/><F91/><W89/><G52/><T15/><D54/><U44/><E65/><V110/><F110/><W134/><G134/><T12/><D5/><U111/><REACH who="1" step="1"/><E44/><REACH who="1" ten="302,257,196,235" step="2"/><V23/><REACH who="2" step="1"/><F58/><REACH who="2" ten="302,257,186,235" step="2"/><W22/><G78/><T119/><D119/><U21/><E21/><V60/><F60/><W19/><G131/><T3/><D62/><U100/><E100/><V101/><F101/><W11/><G129/><T10/><D3/><U57/><E57/><V36/><F36/><AGARI ba="0,2" hai="36,37,42,43,49,50,73,74,76,79,93,95,108,111" machi="36" ten="25,12000,1" yaku="1,1,22,2,53,2" doraHai="85" doraHaiUra="120" who="1" fromWho="2" sc="302,0,257,140,186,-120,235,0" /><INIT seed="1,1,0,4,2,43" ten="302,397,66,235" oya="1" hai0="33,54,13,5,12,135,99,68,71,119,32,100,125" hai1="66,48,62,72,109,117,85,39,107,104,118,93,112" hai2="7,47,75,37,102,9,90,14,42,101,121,45,55" hai3="60,8,52,115,35,84,89,15,41,3,11,0,94"/><U61/><E112/><V44/><F121/><W78/><G115/><T123/><D119/><U106/><E39/><V67/><F67/><W23/><G35/><T81/><D123/><U53/><E72/><V122/><F122/><W98/><G41/><T79/><D135/><U95/><E109/><V92/><F75/><W28/><G8/><T96/><D125/><U30/><E30/><V128/><F128/><W49/><G60/><T129/><D129/><U116/><E85/><N who="2" m="52303" /><F42/><W127/><G127/><T1/><D1/><U88/><E62/><V130/><F37/><W50/><G50/><T110/><D54/><U36/><E36/><V91/><F130/><W64/><G64/><T70/><D5/><U80/><E80/><V120/><F120/><W83/><G23/><T51/><D51/><U134/><E134/><V29/><F29/><W19/><REACH who="3" step="1"/><G28/><REACH who="3" ten="302,397,66,225" step="2"/><T69/><D33/><U58/><REACH who="1" step="1"/><E88/><REACH who="1" ten="302,387,66,225" step="2"/><V2/><F91/><W76/><G76/><T26/><D79/><U86/><E86/><V34/><F34/><W108/><G108/><T113/><D110/><U16/><E16/><V114/><F114/><W21/><G21/><T73/><D113/><U10/><E10/><V57/><F2/><W82/><G82/><T131/><D81/><U77/><E77/><V59/><F55/><W22/><G22/><T40/><D32/><U132/><E132/><V25/><F25/><W18/><G18/><T65/><D26/><U133/><E133/><V46/><N who="2" m="11264" /><DORA hai="24" /><V63/><F63/><W74/><G74/><T20/><N who="0" m="17408" /><DORA hai="17" /><T126/><D131/><U97/><E97/><RYUUKYOKU ba="1,2" sc="302,-30,387,10,66,10,225,10" hai1="48,53,58,61,66,93,95,104,106,107,116,117,118" hai2="7,9,14,57,59,101,102" hai3="0,3,11,15,19,49,52,78,83,84,89,94,98" /><INIT seed="1,2,2,2,0,13" ten="272,397,76,235" oya="1" hai0="80,73,54,103,84,100,106,118,111,18,101,41,123" hai1="134,22,119,122,30,28,58,76,29,1,44,117,56" hai2="81,82,128,86,47,40,98,64,19,31,10,65,77" hai3="53,89,71,107,135,90,57,88,21,16,12,3,133"/><U26/><E122/><V70/><F128/><W105/><G71/><T92/><D41/><U20/><E76/><V48/><F70/><W27/><G3/><T11/><D118/><U37/><E1/><V108/><F108/><W24/><G24/><T14/><D111/><U115/><E115/><V42/><F42/><W67/><G67/><T4/><D123/><U91/><E37/><V110/><F110/><W8/><G105/><T102/><D106/><U126/><E44/><V120/><F120/><W95/><G107/><T9/><D73/><U96/><E126/><V43/><F43/><W125/><G125/><T74/><D74/><U112/><E112/><V6/><F31/><W113/><G113/><T99/><D54/><U97/><E91/><V39/><F39/><W66/><G66/><T130/><D130/><U32/><E26/><V132/><F132/><N who="3" m="50763" /><G95/><T75/><D75/><U49/><E134/><V69/><F69/><W46/><G46/><T2/><REACH who="0" step="1"/><D102/><REACH who="0" ten="262,397,76,235" step="2"/><U0/><E119/><V85/><F40/><W45/><G45/><T23/><D23/><U62/><E22/><V34/><F47/><W109/><G109/><T52/><D52/><U59/><E20/><V78/><F34/><W68/><G68/><T63/><D63/><U55/><E117/><V79/><F65/><W131/><G131/><T51/><D51/><U104/><E104/><V35/><F48/><N who="3" m="30887" /><G90/><AGARI ba="2,3" hai="2,4,9,11,14,18,80,84,90,92,99,100,101,103" machi="90" ten="30,3900,0" yaku="1,1,7,1,52,1,53,0" doraHai="13" doraHaiUra="60" who="0" fromWho="3" sc="262,75,397,0,76,0,235,-45" /><INIT seed="2,0,0,4,0,12" ten="337,397,76,190" oya="2" hai0="133,72,103,94,2,75,78,104,123,115,64,120,35" hai1="92,21,41,46,65,62,84,55,11,113,108,110,58" hai2="38,6,74,116,70,114,135,42,80,51,44,40,86" hai3="131,9,79,117,119,85,36,49,26,71,90,106,47"/><V112/><F116/><W57/><G131/><T4/><D35/><U81/><E113/><V124/><F124/><W105/><G71/><T100/><D64/><U93/><E11/><V83/><F135/><W59/><G79/><T1/><D4/><U61/><E21/><V13/><F70/><W127/><G127/><T7/><D7/><U25/><E25/><V31/><F31/><W126/><G126/><T128/><D115/><U43/><E43/><V24/><F24/><W121/><G121/><T63/><D63/><U14/><E14/><V69/><F69/><W122/><G122/><T45/><D45/><U107/><E107/><V95/><F74/><W76/><G76/><T30/><D78/><N who="1" m="46135" /><E62/><V48/><F38/><W19/><G105/><T88/><D104/><U68/><E55/><V96/><F86/><W101/><G106/><T37/><D30/><U50/><E58/><V34/><F34/><W22/><G36/><T99/><D37/><U20/><E20/><V28/><F28/><W53/><G101/><N who="0" m="38987" /><D123/><U39/><E39/><V17/><F6/><W91/><G117/><T125/><D120/><U56/><E68/><V111/><F114/><W0/><G119/><T118/><D118/><U29/><E29/><V8/><F112/><W18/><G0/><N who="0" m="107" /><D125/><U73/><E73/><N who="0" m="28233" /><D133/><U5/><E5/><V3/><F3/><W54/><G54/><T97/><D128/><U129/><E129/><V82/><F82/><N who="3" m="49463" /><G91/><T32/><D32/><U134/><E134/><V52/><F40/><W98/><G98/><N who="0" m="37387" /><D88/><U15/><E15/><AGARI ba="0,0" hai="9,15,18,19,22,26,47,49,53,57,59" m="49463" machi="15" ten="30,7700,0" yaku="25,1,8,1,52,2" doraHai="12" who="3" fromWho="1" sc="337,0,397,-77,76,0,190,77" /><INIT seed="3,0,0,0,3,67" ten="337,320,76,267" oya="3" hai0="130,83,101,64,109,28,61,66,103,94,43,7,114" hai1="122,41,60,52,30,104,108,69,129,46,95,90,110" hai2="75,1,37,34,120,73,38,48,100,5,124,86,125" hai3="102,71,96,32,8,135,50,16,127,133,35,89,49"/><W88/><G127/><T119/><D119/><U57/><E122/><V45/><F86/><W113/><G113/><T126/><D126/><U11/><E104/><V58/><F58/><W39/><G39/><T98/><D114/><U25/><E69/><V44/><F100/><W128/><G128/><T53/><D130/><U111/><E11/><V42/><F34/><N who="3" m="12843" /><G71/><T62/><D43/><U21/><E129/><V2/><F42/><W115/><G115/><T23/><D7/><U15/><E15/><V51/><F5/><W36/><G36/><T26/><D109/><U81/><E81/><V6/><F6/><W92/><G8/><T93/><D83/><U123/><E123/><V18/><F18/><W27/><G50/><T4/><D4/><U29/><E29/><V54/><F54/><W3/><G49/><T87/><D53/><U9/><E9/><V20/><F120/><W65/><G65/><N who="0" m="25195" /><D103/><U106/><E106/><V70/><REACH who="2" step="1"/><F20/><REACH who="2" ten="337,320,66,267" step="2"/><N who="3" m="13703" /><G3/><T59/><D59/><U118/><E118/><V47/><F47/><W97/><G96/><T77/><D77/><U132/><E41/><V91/><F91/><AGARI ba="0,1" hai="23,26,28,61,62,87,91,93,94,98,101" m="25195" machi="91" ten="30,1000,0" yaku="8,1" doraHai="67" who="0" fromWho="2" sc="337,20,320,0,66,-10,267,0" owari="357,45.7,320,12.0,56,-44.4,267,-13.3" /></mjloggm>