<mjloggm ver="2.3"><GO type="225" lobby="0"/><UN n0="%70%68%65%6E%6F%6D%65" n1="%E3%82%B5%E3%83%AB%E3%82%B7%E3%83%B3" n2="%E3%81%A1%E3%82%85%E3%81%86%E3%81%A9%E3%81%8F%E8%B1%A1%E3%81%95%E3%82%93" n3="%E3%81%95%E3%81%8D%E3%81%9F%E3%81%BE%E6%9E%97%E6%AA%8E" dan="17,16,17,16" rate="2181.29,2108.62,2195.69,2149.39" sx="M,F,M,M"/><TAIKYOKU oya="0"/><INIT seed="0,0,0,1,1,46" ten="250,250,250,250" oya="0" hai0="52,122,124,97,13,104,114,30,45,55,126,134,83" hai1="58,39,41,67,5,51,38,27,53,64,44,16,14" hai2="23,129,60,15,80,4,91,35,74,24,86,109,56" hai3="71,100,3,81,92,85,128,123,43,42,40,48,29"/><T96/><D114/><U32/><E39/><V130/><F74/><W90/><G71/><T93/><D122/><U102/><E5/><V76/><F109/><W82/><G3/><T112/><D112/><U78/><E78/><V120/><F120/><W116/><G116/><T79/><D134/><U99/><E27/><V131/><F35/><W127/><G127/><N who="0" m="48683" /><D30/><U94/><REACH who="1" step="1"/><E32/><REACH who="1" ten="250,240,250,250" step="2"/><V31/><F76/><W61/><G123/><T135/><D135/><U65/><E65/><N who="2" m="39047" /><F4/><W50/><G128/><T7/><D7/><U34/><E34/><V0/><F0/><W111/><G111/><T75/><D13/><AGARI ba="0,1" hai="13,15,23,24,31,80,86,91,129,130,131" m="39047" machi="13" ten="30,1000,0" yaku="19,1" doraHai="46" who="2" fromWho="0" sc="250,-10,240,0,250,20,250,0" /><INIT seed="1,0,0,5,1,109" ten="240,240,270,250" oya="1" hai0="33,48,62,28,82,107,11,54,14,118,127,20,100" hai1="0,1,126,94,85,96,38,31,72,90,98,86,80" hai2="128,23,21,123,43,130,64,50,84,30,10,125,105" hai3="88,36,67,101,49,12,89,5,29,114,61,91,25"/><U111/><E38/><V3/><F123/><W135/><G114/><T77/><D127/><U45/><E126/><V129/><F125/><W131/><G131/><T68/><D118/><U103/><E111/><V113/><F105/><W57/><G135/><T34/><D20/><N who="2" m="7754" /><F30/><W87/><G36/><T26/><D34/><U7/><E31/><V74/><F74/><W52/><G101/><T119/><D119/><U9/><E1/><V81/><F64/><W70/><G5/><T95/><D95/><U121/><E121/><V42/><F50/><W73/><G73/><T22/><D22/><U75/><E45/><V55/><F55/><W59/><G70/><T69/><D62/><U133/><E133/><V32/><F32/><W97/><G97/><T18/><D100/><U27/><E27/><V63/><F63/><W66/><G12/><T6/><D107/><U120/><E120/><V2/><F113/><W4/><G4/><T15/><D14/><U132/><E132/><V93/><F93/><W35/><REACH who="3" step="1"/><G67/><REACH who="3" ten="240,240,270,240" step="2"/><T58/><REACH who="0" step="1"/><D6/><REACH who="0" ten="230,240,270,240" step="2"/><U44/><E103/><V19/><F2/><W13/><G13/><T76/><D76/><U83/><E0/><V60/><F3/><W92/><AGARI ba="0,2" hai="25,29,35,49,52,57,59,61,66,87,88,89,91,92" machi="92" ten="20,12000,2" yaku="1,1,0,1,7,1,54,2,53,1" doraHai="109" doraHaiUra="24" who="3" fromWho="3" sc="230,-30,240,-60,270,-30,240,140" /><INIT seed="2,0,0,3,4,131" ten="200,180,240,380" oya="2" hai0="9,130,91,72,28,114,25,36,48,37,96,67,70" hai1="133,129,103,77,55,56,53,43,58,40,135,57,31" hai2="97,64,125,127,102,99,87,19,0,26,88,50,61" hai3="34,62,16,82,116,132,60,21,73,29,112,101,54"/><V52/><F0/><W93/><G116/><T121/><D121/><U123/><E129/><V100/><F26/><W24/><G112/><T120/><D120/><U118/><E123/><V76/><F76/><W44/><G73/><T42/><D72/><U39/><E118/><V79/><F79/><W94/><G82/><T32/><D114/><U85/><E103/><N who="2" m="39467" /><F19/><W84/><G84/><T22/><D130/><U106/><E106/><V17/><F17/><W47/><G47/><T49/><D9/><U119/><E31/><V59/><F61/><W74/><G74/><T65/><D22/><U83/><E119/><V35/><F35/><W80/><G80/><T15/><D15/><U115/><E115/><V8/><F64/><W51/><G62/><T134/><D37/><U98/><E98/><V86/><F8/><W14/><G101/><T117/><D117/><U108/><E39/><V104/><F104/><W20/><G34/><T81/><D96/><N who="2" m="36938" /><F88/><W38/><G38/><T2/><D2/><U5/><E5/><V69/><F69/><W7/><G60/><N who="0" m="40231" /><D67/><U27/><E77/><V124/><AGARI ba="0,0" hai="50,52,59,86,87,124,125,127" m="36938,39467" machi="124" ten="40,3900,0" yaku="18,1,54,1" doraHai="131" who="2" fromWho="2" sc="200,-13,180,-13,240,39,380,-13" /><INIT seed="2,1,0,4,3,47" ten="187,167,279,367" oya="2" hai0="123,81,121,64,109,6,111,98,48,131,37,1,124" hai1="5,117,3,132,0,28,125,8,90,87,119,114,134" hai2="20,44,85,99,18,72,103,127,13,59,120,36,126" hai3="41,9,56,116,65,86,57,75,4,73,12,83,54"/><V51/><F120/><W27/><G116/><N who="1" m="44618" /><E87/><V66/><F72/><W91/><G41/><T46/><D124/><N who="2" m="47658" /><F36/><W35/><G65/><T29/><D131/><U32/><E90/><V102/><F85/><W52/><G35/><T25/><D37/><U97/><E97/><V108/><F108/><N who="0" m="41546" /><D64/><U63/><E63/><N who="2" m="38271" /><F99/><W135/><G135/><N who="1" m="51754" /><E125/><V129/><F129/><W101/><G101/><T76/><D98/><U22/><E114/><V31/><F31/><W50/><G27/><T71/><D71/><U43/><E43/><AGARI ba="1,0" hai="13,18,20,43,44,51,102,103" m="38271,47658" machi="43" ten="30,2900,0" yaku="18,1,52,1" doraHai="47" who="2" fromWho="1" sc="187,0,167,-32,279,32,367,0" /><INIT seed="2,2,0,1,5,0" ten="187,135,311,367" oya="2" hai0="40,25,10,19,123,81,124,87,89,82,34,133,13" hai1="57,53,117,122,8,91,54,129,36,43,127,109,49" hai2="63,107,79,51,105,71,97,1,21,76,42,125,66" hai3="64,132,4,103,50,113,120,93,27,17,61,75,31"/><V101/><F125/><W7/><G120/><T56/><D123/><U2/><E122/><V3/><F105/><W92/><G75/><T23/><D124/><U131/><E127/><V16/><F1/><W108/><G108/><T121/><D121/><U83/><E83/><V45/><REACH who="2" step="1"/><F3/><REACH who="2" ten="187,135,301,367" step="2"/><W68/><G113/><T114/><D114/><U80/><E2/><V9/><F9/><W72/><G132/><T38/><D133/><U111/><E8/><V41/><F41/><W12/><G72/><T134/><D134/><U60/><E111/><V6/><F6/><W58/><G103/><T70/><D40/><U110/><E109/><V39/><F39/><W135/><G135/><T44/><D38/><U69/><E110/><V48/><F48/><W52/><G7/><T28/><D10/><U47/><E117/><V15/><AGARI ba="2,1" hai="15,16,21,42,45,51,63,66,71,76,79,97,101,107" machi="15" ten="20,12000,1" yaku="1,1,0,1,7,1,54,1,53,1" doraHai="0" doraHaiUra="62" who="2" fromWho="2" sc="187,-42,135,-42,301,136,367,-42" /><INIT seed="2,3,0,0,2,91" ten="145,93,437,325" oya="2" hai0="55,12,105,36,66,3,14,87,73,81,130,110,41" hai1="104,1,63,39,17,67,32,43,95,53,102,135,106" hai2="75,86,88,84,109,114,120,35,10,47,69,113,77" hai3="125,33,108,50,51,61,116,119,8,2,89,72,99"/><V40/><F120/><W92/><G108/><T25/><D3/><U117/><E117/><V58/><F69/><W129/><G129/><T56/><D73/><U19/><E135/><V37/><F35/><W132/><G132/><T64/><D105/><U22/><E32/><V134/><F134/><W90/><G125/><T45/><D110/><U38/><E1/><V126/><F109/><W80/><G33/><T74/><D74/><U93/><E53/><V44/><F126/><W68/><G68/><T34/><D130/><U31/><E106/><V62/><F75/><W131/><G131/><T124/><D124/><U57/><E43/><V27/><F44/><W118/><G61/><T24/><D14/><U49/><E49/><V46/><F46/><W78/><REACH who="3" step="1"/><G89/><REACH who="3" ten="145,93,437,315" step="2"/><T21/><D34/><U48/><E48/><N who="2" m="26727" /><F88/><W115/><G115/><T103/><D41/><U52/><E39/><V9/><F37/><W100/><G100/><T111/><D103/><U133/><E38/><V15/><F114/><W70/><G70/><T98/><D111/><U0/><E133/><V18/><F62/><W83/><G83/><T29/><D81/><U128/><E128/><V65/><F113/><W7/><AGARI ba="3,1" hai="2,7,8,50,51,72,78,80,90,92,99,116,118,119" machi="7" ten="40,5200,0" yaku="1,1,0,1,52,1,53,0" doraHai="91" doraHaiUra="30" who="3" fromWho="3" sc="145,-16,93,-16,437,-29,315,71" /><INIT seed="3,0,0,5,5,92" ten="129,77,408,386" oya="3" hai0="22,40,23,66,56,113,86,98,29,25,80,76,116" hai1="74,108,14,71,99,89,49,42,7,55,117,121,126" hai2="125,20,95,26,85,6,103,75,3,64,122,31,88" hai3="37,96,123,90,106,10,2,39,70,45,134,59,47"/><W83/><G123/><T8/><D116/><U107/><E108/><V46/><F75/><W79/><G70/><T109/><D109/><U21/><E126/><V84/><F125/><W78/><G59/><T77/><D113/><U130/><E130/><V50/><F122/><W9/><G2/><T105/><D40/><U36/><E121/><V127/><F127/><W41/><G134/><T17/><D8/><U128/><E128/><V51/><F103/><W124/><G124/><T114/><D114/><U101/><E117/><V87/><F64/><W4/><G79/><N who="0" m="46367" /><D98/><U57/><E74/><V18/><F50/><W91/><G10/><T104/><D104/><U94/><E71/><V132/><F132/><W62/><G62/><N who="0" m="38215" /><D105/><U32/><E32/><V93/><F93/><W110/><G110/><T61/><D61/><U12/><E7/><V72/><F72/><N who="3" m="43463" /><G39/><T135/><D135/><U100/><E107/><V34/><F6/><W5/><G5/><T115/><D115/><U24/><E42/><V19/><F3/><N who="3" m="159" /><G47/><T54/><D54/><U33/><E33/><V120/><F120/><W119/><G119/><T13/><AGARI ba="0,0" hai="13,17,22,23,25,29,76,77" m="38215,46367" machi="13" ten="30,1100,0" yaku="8,1" doraHai="92" who="0" fromWho="0" sc="129,11,77,-3,408,-3,386,-5" owari="140,-26.0,74,-42.6,405,50.5,381,18.1" /></mjloggm>