<mjloggm ver="2.3"><GO type="225" lobby="0"/><UN n0="%72%69%6F%75%63%68%61%6E" n1="%E6%80%AA%E3%81%97%E3%81%99%E3%81%8E%E3%82%8B%E3%83%81%E3%83%BC" n2="%43%68%65" n3="%E3%81%86%E3%82%8C%E3%81%9F%E3%82%93%E6%9E%95" dan="17,16,16,16" rate="2262.71,2185.89,2172.92,2117.29" sx="M,M,M,F"/><TAIKYOKU oya="0"/><INIT seed="0,0,0,2,0,113" ten="250,250,250,250" oya="0" hai0="67,39,24,64,109,13,30,6,93,122,34,25,33" hai1="40,14,38,105,32,88,61,77,119,59,92,12,63" hai2="117,43,7,123,85,5,96,17,20,52,54,68,41" hai3="91,2,29,70,72,102,94,83,128,3,44,46,60"/><T31/><D122/><U21/><E105/><V45/><F123/><W74/><G128/><T73/><D73/><U76/><E32/><V116/><F68/><W57/><G70/><T127/><D127/><U104/><E119/><N who="2" m="45643" /><F85/><W99/><G29/><T134/><D134/><U130/><E104/><V135/><F96/><W111/><G111/><T86/><D39/><U51/><E38/><N who="2" m="21687" /><F43/><W1/><G74/><T84/><D109/><U22/><E130/><V10/><F135/><W108/><G108/><T98/><D86/><N who="1" m="52247" /><E40/><V48/><F10/><W23/><G23/><N who="1" m="8714" /><E51/><V125/><F125/><W55/><REACH who="3" step="1"/><G91/><REACH who="3" ten="250,250,250,240" step="2"/><T18/><D84/><U36/><E76/><AGARI ba="0,1" hai="1,2,3,44,46,55,57,60,72,76,83,94,99,102" machi="76" ten="40,2600,0" yaku="1,1,2,1,53,0" doraHai="113" doraHaiUra="8" who="3" fromWho="1" sc="250,0,250,-26,250,0,240,36" /><INIT seed="1,0,0,5,0,10" ten="250,224,250,276" oya="1" hai0="67,3,12,119,52,63,34,29,95,62,116,105,74" hai1="55,72,9,40,122,120,89,117,27,123,87,65,126" hai2="78,17,8,23,82,38,129,53,43,47,45,46,94" hai3="92,14,96,85,134,42,59,133,84,99,124,112,100"/><U0/><E117/><V109/><F109/><W6/><G112/><T128/><D105/><U97/><E72/><V18/><F129/><W68/><G68/><T28/><D3/><U22/><E126/><V32/><F32/><W41/><G124/><T2/><D2/><U108/><E108/><V25/><F94/><W57/><G100/><T19/><D74/><U115/><E115/><V24/><F53/><W103/><G103/><T54/><D128/><U91/><E65/><V101/><F101/><W102/><G102/><T36/><D36/><U30/><E40/><V135/><F135/><W90/><G90/><T31/><D34/><U21/><E21/><V4/><F18/><W37/><G92/><T111/><D111/><U113/><E113/><V58/><F58/><W44/><G6/><T60/><D67/><U88/><E55/><N who="0" m="21033" /><D119/><U121/><N who="1" m="30720" /><DORA hai="61" /><U66/><E66/><V26/><F26/><W125/><G44/><T56/><D95/><U49/><E49/><V5/><F25/><W20/><G125/><T73/><D73/><U93/><REACH who="1" step="1"/><E87/><REACH who="1" ten="250,214,250,276" step="2"/><V13/><F5/><AGARI ba="0,1" hai="0,5,9,22,27,30,88,89,91,93,97" m="30720" machi="5" ten="70,12000,1" yaku="1,1,2,1,54,1,53,1" doraHai="10,61" doraHaiUra="79,16" who="1" fromWho="2" sc="250,0,214,130,250,-120,276,0" /><INIT seed="1,1,0,1,0,25" ten="250,344,130,276" oya="1" hai0="113,63,117,52,34,84,38,58,91,103,95,50,2" hai1="13,53,73,57,93,125,108,37,8,122,17,96,72" hai2="135,120,44,12,131,47,51,70,67,102,7,65,6" hai3="55,24,133,48,114,110,16,46,79,121,21,92,68"/><U14/><E122/><V43/><F120/><W128/><G114/><T35/><D117/><U20/><E37/><V82/><F135/><W119/><G121/><T89/><D113/><U106/><E106/><V19/><F131/><W62/><G119/><T127/><D127/><U33/><E33/><V3/><F102/><W15/><G128/><T118/><D38/><U36/><E36/><V42/><F3/><W31/><G110/><T39/><D39/><U85/><E85/><V101/><F101/><W29/><G133/><T56/><D118/><U23/><E125/><V78/><F70/><W109/><G109/><T59/><D2/><U0/><E0/><V86/><F19/><W124/><G79/><T94/><D103/><U83/><E83/><V132/><F132/><W41/><G92/><T104/><D104/><U80/><E80/><V97/><F97/><W69/><G124/><T76/><D76/><U22/><E14/><V54/><F7/><W32/><G31/><T5/><D5/><U75/><E108/><V27/><F27/><W11/><G32/><T26/><D26/><U18/><E18/><V4/><F4/><W111/><G111/><T49/><D49/><U115/><E115/><V123/><F123/><W40/><G69/><T9/><D9/><U1/><E1/><V74/><F74/><W116/><G116/><T60/><D60/><N who="1" m="35887" /><E75/><V87/><F87/><W99/><G99/><N who="0" m="57807" /><D63/><U28/><E28/><V66/><F47/><W45/><G46/><N who="0" m="27735" /><D34/><U107/><E107/><V129/><F129/><W105/><G105/><T64/><D35/><U126/><E126/><RYUUKYOKU ba="1,0" sc="250,0,344,0,130,0,276,0" hai0="56,58,59,64,84,91,95" hai1="8,13,17,20,22,23,72,73,93,96" hai2="6,12,42,43,44,51,54,65,66,67,78,82,86" hai3="11,15,16,21,24,29,40,41,45,48,55,62,68" /><INIT seed="1,2,0,0,5,85" ten="250,344,130,276" oya="1" hai0="14,39,36,121,1,112,72,127,119,30,80,49,38" hai1="110,86,25,115,50,63,108,94,53,111,78,17,5" hai2="57,107,24,34,22,87,33,8,26,46,59,41,98" hai3="101,12,92,54,106,62,13,69,132,44,6,91,83"/><U105/><E115/><V43/><F8/><N who="3" m="4119" /><G106/><T84/><D127/><U129/><E129/><V16/><F87/><N who="3" m="50687" /><G69/><T99/><D119/><U65/><E105/><V128/><F128/><W71/><G71/><T55/><D112/><U45/><E5/><V68/><F68/><W52/><G132/><T56/><D1/><U113/><E113/><V48/><F43/><W93/><G101/><T116/><D116/><U23/><E78/><V131/><F131/><W135/><G135/><T97/><D121/><U77/><E77/><V4/><F4/><W28/><G28/><T64/><D72/><U81/><E81/><V103/><REACH who="2" step="1"/><F34/><REACH who="2" ten="250,344,120,276" step="2"/><W47/><G13/><T123/><D14/><U104/><E110/><V18/><F18/><W61/><G61/><T74/><D74/><U118/><E63/><V117/><F117/><W20/><G20/><T120/><D120/><U133/><E111/><V19/><F19/><W89/><G62/><N who="0" m="37959" /><D123/><U3/><E108/><V7/><F7/><W27/><G27/><T35/><D35/><U9/><E25/><V60/><F60/><W96/><G93/><T37/><D37/><U31/><E94/><V100/><F100/><W42/><G42/><T11/><D11/><U58/><E9/><V79/><F79/><W82/><G82/><T40/><D40/><U70/><E118/><V130/><F130/><W95/><G95/><T10/><D10/><U102/><E70/><V122/><F122/><W88/><G89/><N who="0" m="51335" /><D30/><AGARI ba="2,1" hai="16,22,24,26,30,33,41,46,48,57,59,98,103,107" machi="30" ten="40,2600,0" yaku="1,1,54,1,53,0" doraHai="85" doraHaiUra="51" who="2" fromWho="0" sc="250,-32,344,0,120,42,276,0" /><INIT seed="2,0,0,5,5,6" ten="218,344,162,276" oya="2" hai0="2,94,96,119,106,40,47,129,87,70,41,46,123" hai1="77,20,58,67,0,88,71,50,90,14,32,13,38" hai2="114,81,131,102,134,30,101,36,111,112,68,78,31" hai3="91,132,92,128,25,83,26,65,60,59,115,24,66"/><V100/><F68/><W18/><G128/><T12/><D123/><U56/><E32/><V15/><F36/><W107/><G132/><T72/><D72/><U133/><E0/><V69/><F69/><W27/><G107/><T49/><D2/><U7/><E38/><V127/><F134/><W16/><G115/><T9/><D129/><U105/><E105/><V110/><F131/><W85/><N who="3" m="6144" /><DORA hai="95" /><W17/><G83/><T19/><D70/><U4/><E71/><V109/><F15/><N who="1" m="5641" /><E77/><V86/><REACH who="2" step="1"/><F127/><REACH who="2" ten="218,344,152,276" step="2"/><W79/><REACH who="3" step="1"/><G79/><REACH who="3" ten="218,344,152,266" step="2"/><T117/><D117/><U73/><E133/><V104/><F104/><W43/><G43/><T84/><D106/><U103/><E7/><V113/><AGARI ba="0,2" hai="30,31,78,81,86,100,101,102,109,110,111,112,113,114" machi="113" ten="50,24000,3" yaku="1,1,0,1,29,2,14,1,10,1,53,3" doraHai="6,95" doraHaiUra="99,116" who="2" fromWho="2" sc="218,-80,344,-80,152,260,266,-80" /><INIT seed="2,1,0,2,3,43" ten="138,264,412,186" oya="2" hai0="109,111,73,114,115,90,77,63,124,56,25,131,23" hai1="13,60,1,47,30,11,74,44,51,59,53,28,105" hai2="14,101,80,45,125,37,78,9,46,61,128,99,122" hai3="118,62,86,69,27,76,17,5,100,110,52,92,117"/><V15/><F122/><W57/><G110/><N who="0" m="41995" /><D77/><U38/><E74/><V67/><F128/><W98/><G69/><T134/><D73/><U71/><E105/><V84/><F125/><W133/><G5/><T72/><D72/><U132/><E132/><V8/><F37/><W2/><G2/><T120/><D90/><U79/><E79/><V104/><F15/><W75/><G75/><T35/><D120/><U95/><E38/><V66/><F9/><W116/><G133/><T4/><D134/><U83/><E83/><V18/><F67/><W36/><G36/><T12/><D56/><AGARI ba="1,0" hai="8,14,18,45,46,56,61,66,78,80,84,99,101,104" machi="56" ten="30,5800,0" yaku="7,1,52,2" doraHai="43" who="2" fromWho="0" sc="138,-61,264,0,412,61,186,0" /><INIT seed="2,2,0,5,3,125" ten="77,264,473,186" oya="2" hai0="117,99,48,13,126,113,61,29,74,11,54,102,66" hai1="70,112,130,20,76,83,44,5,50,2,28,86,53" hai2="52,95,34,133,134,79,25,105,108,87,101,17,84" hai3="78,6,26,81,65,106,85,128,110,92,41,8,43"/><V39/><F39/><W40/><G106/><T60/><D126/><U127/><E130/><V100/><F105/><W42/><G110/><T1/><D113/><U37/><E112/><V47/><F108/><W121/><G121/><T14/><D117/><U103/><E70/><V75/><F75/><W56/><G128/><T7/><D74/><U97/><E37/><V114/><F114/><W89/><N who="3" m="10240" /><DORA hai="120" /><W80/><G26/><T57/><D29/><U107/><E127/><V119/><F79/><W58/><G65/><T68/><REACH who="0" step="1"/><D61/><REACH who="0" ten="67,264,473,186" step="2"/><U104/><E28/><V22/><F119/><W46/><G46/><T24/><D24/><U88/><E44/><V123/><F123/><W115/><G115/><T131/><D131/><U122/><E122/><V9/><F47/><W31/><G31/><T109/><D109/><U15/><E107/><AGARI ba="2,1" hai="1,7,11,13,14,48,54,57,60,66,68,99,102,107" machi="107" ten="30,7700,0" yaku="1,1,7,1,53,2" doraHai="125,120" doraHaiUra="64,96" who="0" fromWho="1" sc="67,93,264,-83,473,0,186,0" /><INIT seed="3,0,0,2,1,0" ten="160,181,473,186" oya="3" hai0="128,71,91,46,43,63,106,50,27,102,74,107,132" hai1="90,11,93,23,122,67,10,75,41,104,8,117,56" hai2="37,62,68,65,129,14,109,15,125,124,57,47,80" hai3="108,19,131,111,121,2,44,86,126,12,81,98,94"/><W101/><G121/><T59/><D128/><U29/><E75/><V69/><F129/><W6/><G131/><T118/><D132/><U40/><E104/><V116/><F80/><W103/><G126/><T85/><D118/><U31/><E122/><V36/><F116/><W16/><G2/><T5/><D74/><U79/><E79/><V82/><F82/><W84/><G44/><T92/><D71/><U88/><E117/><V60/><F109/><N who="3" m="42059" /><G103/><T7/><D27/><N who="1" m="16639" /><E31/><V70/><F47/><W55/><G55/><N who="0" m="34303" /><D107/><U97/><E90/><V72/><F125/><W133/><G133/><T114/><D106/><U73/><E73/><V17/><F72/><W76/><G86/><T42/><D114/><U38/><E38/><V28/><F37/><W127/><G127/><T13/><D102/><U52/><E67/><V99/><F36/><W83/><G81/><T64/><D64/><U61/><AGARI ba="0,0" hai="8,10,11,40,41,52,56,61,88,93,97" m="16639" machi="61" ten="30,4000,0" yaku="8,1,54,2" doraHai="0" who="1" fromWho="1" sc="160,-10,181,40,473,-10,186,-20" owari="150,-35.0,221,2.1,463,56.3,166,-23.4" /></mjloggm>