<mjloggm ver="2.3"><GO type="225" lobby="0"/><UN n0="%E6%A1%9C%E8%8A%B1%E9%96%83%E3%80%85" n1="%E5%A0%80%E5%B7%9D%E9%9B%B7%E9%BC%93" n2="%E3%81%82%E3%81%84%E3%81%82%E3%81%8A%E3%81%84" n3="%E3%82%B5%E3%83%AB%E3%82%B7%E3%83%B3" dan="16,16,18,16" rate="2163.22,2052.45,2222.73,2117.55" sx="M,F,M,M"/><TAIKYOKU oya="0"/><INIT seed="0,0,0,4,2,84" ten="250,250,250,250" oya="0" hai0="98,19,126,25,70,110,76,111,63,117,128,54,72" hai1="68,14,131,90,6,9,132,32,64,124,121,23,115" hai2="10,113,80,87,5,85,103,60,74,69,20,7,96" hai3="18,0,81,119,118,15,78,55,112,30,3,17,105"/><T100/><D117/><U89/><E32/><V109/><F113/><W8/><G105/><T13/><D25/><U93/><E121/><V125/><F109/><N who="0" m="41482" /><D128/><U88/><E131/><V99/><F125/><W12/><G112/><T58/><D126/><U35/><E35/><V16/><F74/><W39/><G39/><T94/><D70/><U123/><E123/><V42/><F42/><W1/><G30/><T40/><D40/><U51/><E124/><V45/><F45/><W102/><G102/><T43/><D43/><U134/><E115/><V61/><F69/><W127/><G55/><T122/><D122/><U2/><E51/><V62/><F87/><W129/><G129/><T56/><D58/><U67/><E93/><N who="2" m="58767" /><F99/><W101/><G101/><T108/><N who="0" m="41490" /><T106/><DORA hai="50" /><D106/><U114/><E114/><V82/><F10/><W65/><G127/><T83/><D13/><U41/><E41/><V59/><F59/><W4/><G15/><T116/><D116/><U44/><E44/><V28/><F28/><W52/><G119/><T49/><D49/><U107/><E107/><V135/><F82/><W33/><G0/><T46/><D46/><U130/><E130/><V22/><F135/><N who="1" m="51753" /><E68/><V71/><F71/><W97/><G118/><T24/><D24/><U104/><E104/><V120/><F120/><W26/><G26/><T66/><D66/><U53/><E53/><V133/><F80/><W34/><G52/><T77/><D77/><U21/><E2/><N who="3" m="522" /><G65/><AGARI ba="0,0" hai="6,9,14,21,23,64,65,67,88,89,90" m="51753" machi="65" ten="30,8000,1" yaku="20,1,52,3,54,1" doraHai="84,50" who="1" fromWho="3" sc="250,0,250,80,250,0,250,-80" /><INIT seed="1,0,0,2,1,87" ten="250,330,250,170" oya="1" hai0="13,83,0,76,113,3,103,72,33,122,97,54,43" hai1="126,106,82,9,81,37,99,121,66,71,107,128,52" hai2="102,29,20,78,30,7,65,85,86,36,26,8,95" hai3="5,32,50,110,134,70,49,119,48,98,60,69,100"/><U12/><E121/><V57/><F36/><W47/><G32/><T11/><D113/><U101/><E37/><V104/><F104/><W132/><G5/><T131/><D122/><U133/><E106/><V123/><F123/><W35/><G35/><T115/><D115/><U74/><E133/><N who="3" m="51306" /><G98/><T39/><D33/><U17/><E128/><V55/><F65/><N who="3" m="41127" /><G100/><T68/><D68/><U108/><E126/><V61/><F30/><W84/><G84/><T93/><D54/><U10/><E108/><V130/><F130/><W77/><G77/><T114/><D114/><U23/><E71/><V125/><F125/><W116/><G110/><T117/><D131/><U105/><E105/><V15/><F78/><W124/><G124/><T18/><D117/><N who="3" m="45129" /><G70/><T16/><D18/><U2/><E2/><V111/><F111/><W14/><G14/><T120/><D120/><U4/><E74/><V27/><F26/><W24/><G24/><T53/><D0/><U64/><E81/><V1/><F1/><W21/><G21/><T63/><D3/><N who="1" m="159" /><E82/><V22/><F22/><W51/><G51/><T25/><D25/><U28/><E28/><V88/><F102/><W59/><G59/><N who="0" m="35311" /><D39/><U75/><E75/><V91/><F86/><W40/><AGARI ba="0,0" hai="40,47,48,49,50" m="45129,41127,51306" machi="40" ten="30,7900,0" yaku="20,1,12,1,34,2" doraHai="87" who="3" fromWho="3" sc="250,-20,330,-39,250,-20,170,79" /><INIT seed="2,0,0,0,2,72" ten="230,291,230,249" oya="2" hai0="112,65,24,46,61,80,41,57,26,76,63,0,30" hai1="3,19,54,33,23,37,38,48,121,101,70,71,51" hai2="64,6,91,96,120,84,17,85,49,102,78,89,130" hai3="60,93,129,95,44,82,14,81,43,13,9,39,31"/><V20/><F120/><W132/><G129/><T86/><D112/><U62/><E33/><V110/><F130/><W40/><G132/><T74/><D0/><U125/><E3/><V21/><F110/><W124/><G124/><T2/><D2/><U5/><E5/><V135/><F135/><W117/><G117/><T42/><D74/><U12/><E125/><V99/><F6/><W100/><G31/><T133/><D133/><U114/><E114/><V88/><F64/><W55/><G39/><T106/><D106/><U10/><E37/><V116/><F116/><W119/><G119/><T115/><D115/><U59/><E38/><V27/><F49/><N who="3" m="29095" /><G60/><T58/><D46/><U28/><E71/><V131/><F131/><W104/><G104/><T36/><D36/><U47/><E70/><V75/><F99/><N who="3" m="59503" /><G95/><T126/><D126/><U34/><E34/><V11/><F11/><W97/><G97/><T56/><D56/><U118/><E118/><V128/><F128/><W22/><G22/><N who="0" m="15639" /><D26/><N who="1" m="16479" /><E121/><V32/><F32/><W50/><G14/><T108/><D108/><U25/><E25/><V18/><F96/><W52/><G43/><T73/><D73/><U105/><E105/><V35/><F102/><W90/><G40/><T7/><D7/><U4/><E101/><V16/><F35/><W134/><G90/><T103/><D103/><U107/><E107/><V77/><F75/><W122/><G122/><T69/><D69/><U87/><E87/><N who="2" m="33355" /><F18/><N who="3" m="8495" /><G134/><T79/><D86/><U8/><E47/><AGARI ba="0,0" hai="47,50,52,81,82" m="8495,59503,29095" machi="47" ten="30,2000,0" yaku="8,1,54,1" doraHai="72" who="3" fromWho="1" sc="230,0,291,-20,230,0,249,20" /><INIT seed="3,0,0,0,3,62" ten="230,271,230,269" oya="3" hai0="58,24,98,51,104,61,109,16,91,3,131,101,40" hai1="0,103,34,110,30,47,74,120,76,77,99,79,118" hai2="113,49,44,93,55,82,125,88,26,1,72,42,107" hai3="66,13,116,2,65,35,27,133,121,128,115,48,33"/><W56/><G121/><T97/><D3/><U111/><E0/><V57/><F113/><W73/><G73/><T71/><D71/><U15/><E30/><V123/><F1/><W4/><G116/><T105/><D109/><N who="1" m="41483" /><E15/><V81/><F123/><W80/><G115/><T100/><D131/><U14/><E14/><V25/><F107/><W22/><G35/><T32/><D91/><U78/><E34/><V53/><F125/><W7/><G128/><T23/><D32/><U83/><E47/><V36/><F55/><N who="3" m="31847" /><G2/><T106/><D106/><N who="1" m="63871" /><E120/><V75/><F75/><W52/><G133/><T6/><D6/><N who="3" m="2089" /><G33/><T5/><D5/><U95/><E95/><V12/><F12/><W108/><G13/><T132/><D132/><U19/><E19/><V68/><F68/><W45/><G80/><T134/><D134/><U20/><E20/><V59/><F59/><W54/><G108/><T67/><D51/><U92/><E92/><V117/><F117/><AGARI ba="0,0" hai="74,76,77,78,79,83,117,118" m="63871,41483" machi="117" ten="40,5200,0" yaku="14,1,34,2" doraHai="62" who="1" fromWho="2" sc="230,0,271,52,230,-52,269,0" owari="230,-17.0,323,42.3,178,-32.2,269,6.9" /></mjloggm>