<mjloggm ver="2.3"><GO type="225" lobby="0"/><UN n0="%4E%49%4A%49%49%52%4F" n1="%E3%83%AD%E3%83%83%E3%83%86%E9%9B%80%E7%90%83" n2="%E3%81%86%E3%81%A3%E3%81%97%E3%83%BC%30%30" n3="%E3%81%82%E3%81%99%E3%81%AB%E3%82%83%E3%82%80" dan="16,17,16,16" rate="2182.81,2183.19,2137.52,2030.97" sx="M,M,M,F"/><TAIKYOKU oya="0"/><INIT seed="0,0,0,5,4,133" ten="250,250,250,250" oya="0" hai0="94,15,127,123,86,56,61,116,54,4,51,39,55" hai1="97,36,88,35,118,9,106,84,81,105,25,32,44" hai2="71,125,21,64,26,99,11,0,73,101,72,19,76" hai3="22,107,30,63,1,126,78,80,48,27,104,45,59"/><T60/><D116/><U67/><E118/><V49/><F71/><W24/><G1/><T134/><D123/><U115/><E115/><V122/><F122/><W5/><G5/><T12/><D39/><U85/><E67/><V114/><F114/><W57/><G27/><T2/><D2/><U110/><E110/><V113/><F113/><W8/><G8/><T79/><D134/><U17/><E85/><V23/><F64/><W82/><G126/><T7/><D127/><U43/><E97/><V98/><F98/><W129/><G129/><T70/><D70/><U131/><E131/><V92/><F76/><W100/><G82/><N who="0" m="47455" /><D94/><U77/><E77/><V10/><F125/><W3/><G3/><T20/><D61/><U13/><REACH who="1" step="1"/><E25/><REACH who="1" ten="250,240,250,250" step="2"/><V112/><F26/><W91/><G78/><T37/><D37/><U121/><E121/><V119/><F112/><W68/><G68/><T87/><D87/><U46/><E46/><V83/><F73/><W109/><G45/><N who="0" m="28015" /><D12/><U29/><E29/><V58/><F72/><W14/><G14/><T90/><D90/><U53/><E53/><V135/><F135/><W93/><G91/><T95/><D95/><U120/><E120/><V65/><F92/><W18/><G93/><T62/><D62/><U89/><E89/><V42/><F119/><W16/><G63/><T6/><D15/><U34/><AGARI ba="0,1" hai="9,13,17,32,34,35,36,43,44,81,84,88,105,106" machi="34" ten="30,4000,0" yaku="1,1,0,1,54,1,53,0" doraHai="133" doraHaiUra="124" who="1" fromWho="1" sc="250,-20,240,50,250,-10,250,-10" /><INIT seed="1,0,0,2,2,52" ten="230,290,240,240" oya="1" hai0="17,19,38,41,2,48,18,131,67,15,55,39,125" hai1="124,47,101,51,127,118,104,30,32,16,54,73,50" hai2="33,113,5,128,58,35,119,79,106,66,74,78,29" hai3="26,99,4,8,27,59,10,46,77,110,72,98,108"/><U6/><E118/><V83/><F119/><W100/><G77/><T109/><D2/><U85/><E73/><V111/><F106/><W115/><G72/><T60/><D131/><U28/><E6/><V23/><F128/><W62/><G46/><T102/><D125/><N who="1" m="48203" /><E32/><V91/><F111/><N who="3" m="42539" /><G115/><T121/><D109/><U21/><E85/><V117/><F5/><W56/><G62/><T36/><D121/><U76/><E76/><V122/><F79/><W43/><G43/><T114/><D114/><U45/><E101/><V84/><F122/><W112/><G112/><T20/><D102/><U93/><E93/><V69/><F69/><W63/><G63/><T107/><D107/><U1/><E1/><V37/><F37/><W88/><G88/><T22/><D41/><N who="1" m="24879" /><E104/><V3/><F3/><N who="3" m="31" /><G10/><T11/><D11/><U61/><E61/><V75/><F75/><W71/><G98/><T129/><D129/><U86/><E86/><V132/><F117/><W95/><G71/><T68/><REACH who="0" step="1"/><D20/><REACH who="0" ten="220,290,240,240" step="2"/><U96/><E96/><V49/><F23/><W53/><G100/><T65/><D65/><U31/><E31/><V135/><F66/><W7/><G99/><T70/><D70/><U44/><E30/><V130/><F29/><W94/><G7/><T81/><D81/><U103/><E28/><V13/><F130/><W64/><G64/><T34/><D34/><U89/><E103/><V24/><F35/><W97/><G97/><T134/><D134/><U133/><E133/><V42/><F132/><W9/><G9/><T0/><D0/><U80/><E21/><V123/><F135/><RYUUKYOKU ba="0,1" sc="220,30,290,-10,240,-10,240,-10" hai0="15,17,18,19,22,36,38,39,48,55,60,67,68" /><INIT seed="2,1,1,3,3,19" ten="250,280,230,230" oya="2" hai0="70,61,63,5,57,59,50,105,134,127,51,13,54" hai1="135,74,88,8,47,112,46,76,96,108,130,33,133" hai2="40,67,116,4,10,93,53,0,92,2,86,26,7" hai3="38,64,117,94,90,11,95,6,122,120,32,124,12"/><V35/><F116/><W107/><G107/><T58/><D105/><U110/><E112/><V22/><F35/><W79/><G117/><T101/><D101/><U87/><E33/><V66/><F40/><W65/><G38/><T55/><D134/><N who="1" m="51211" /><E130/><V75/><F75/><W1/><G32/><T9/><D127/><U69/><E69/><V125/><F125/><W18/><G79/><T23/><D70/><U113/><E113/><V119/><F119/><W20/><G124/><T109/><D109/><N who="1" m="42091" /><E96/><V83/><F53/><W48/><G95/><T89/><D89/><U97/><E97/><V16/><F93/><W31/><G31/><T52/><D23/><U81/><E8/><V123/><F92/><AGARI ba="1,1" hai="46,47,74,76,81,87,88,92" m="42091,51211" machi="92" ten="30,3900,0" yaku="20,1,14,1,54,1" doraHai="19" who="1" fromWho="2" sc="250,0,280,52,230,-42,230,0" /><INIT seed="3,0,0,5,4,128" ten="250,332,188,230" oya="3" hai0="109,103,67,116,36,120,114,70,106,62,90,28,89" hai1="91,66,135,97,54,80,30,19,105,47,6,108,127" hai2="65,10,56,118,50,99,1,72,126,124,53,2,59" hai3="69,42,121,41,123,40,61,112,104,82,21,52,76"/><W58/><G104/><T24/><D120/><U81/><E135/><V79/><F72/><W44/><G21/><T7/><D116/><U107/><E108/><V132/><F79/><W31/><G31/><T95/><D109/><U87/><E127/><N who="2" m="48683" /><F118/><W33/><G33/><T51/><D36/><U134/><E134/><V117/><F117/><W63/><G82/><T60/><D60/><U38/><E6/><N who="2" m="1359" /><F99/><W34/><G76/><T85/><D90/><U8/><E91/><V55/><F2/><W130/><G34/><T32/><D114/><U0/><E0/><V13/><F13/><W29/><G29/><T14/><D14/><U102/><E30/><V98/><F98/><W3/><G3/><T9/><D7/><U35/><E97/><V88/><F65/><N who="3" m="41135" /><G112/><T133/><D103/><U18/><E102/><V12/><F12/><W131/><G44/><T16/><D106/><U27/><E47/><V84/><F55/><W5/><G5/><T68/><D9/><U46/><E54/><V57/><F132/><W119/><G119/><T75/><D133/><U113/><E8/><V83/><F53/><W96/><G96/><T48/><D75/><U71/><E107/><V11/><F11/><W92/><G92/><T49/><D16/><U129/><E18/><V43/><F43/><W101/><G101/><T86/><D86/><U78/><E19/><V77/><F77/><W45/><G45/><T110/><D110/><U74/><E46/><V64/><F64/><W20/><G40/><T25/><D25/><U15/><E105/><V39/><F39/><W111/><G111/><RYUUKYOKU ba="0,0" sc="250,15,332,-15,188,15,230,-15" hai0="24,28,32,48,49,51,62,67,68,70,85,89,95" hai2="50,56,57,59,83,84,88" owari="265,6.5,317,41.7,203,-29.7,215,-18.5" /></mjloggm>