<mjloggm ver="2.3"><GO type="225" lobby="0"/><UN n0="%E6%B0%B7%E5%B7%9D%E9%87%8C%E5%A5%88" n1="%E8%BE%9B%E5%8F%A3%E3%82%AB%E3%83%AC%E3%83%BC%E3%83%A9%E3%82%A4%E3%82%B9" n2="%E5%8D%A0%E3%81%84%E5%B8%AB%E8%A3%8F%E3%81%AA%E3%81%84%E3%81%97" n3="%73%6C%69%63%6B%33%31%39" dan="16,16,16,16" rate="2137.21,2234.67,2117.98,2091.90" sx="F,M,M,M"/><TAIKYOKU oya="0"/><INIT seed="0,0,0,3,3,85" ten="250,250,250,250" oya="0" hai0="51,11,118,21,25,32,81,62,126,16,18,120,134" hai1="3,105,131,90,113,59,91,35,65,60,87,50,67" hai2="2,24,15,45,103,53,19,75,89,57,31,26,121" hai3="74,69,47,77,66,96,82,80,23,133,27,107,130"/><T78/><D118/><U128/><E35/><V127/><F121/><W99/><G133/><T64/><D120/><U119/><E119/><V1/><F127/><W132/><G132/><T71/><D134/><U4/><E105/><V95/><F75/><W117/><G117/><T48/><D126/><U43/><E113/><V33/><F45/><W38/><G130/><N who="1" m="49706" /><E67/><V13/><F13/><W0/><G107/><T55/><D32/><U36/><E36/><V94/><F94/><W44/><G66/><T5/><D18/><U72/><E72/><V86/><F103/><W63/><G63/><T68/><D55/><N who="1" m="32247" /><E87/><V39/><F26/><W93/><G69/><T73/><REACH who="0" step="1"/><D68/><REACH who="0" ten="240,250,250,250" step="2"/><N who="1" m="42023" /><E43/><V14/><F39/><W40/><G40/><T98/><D98/><U108/><E108/><V61/><REACH who="2" step="1"/><F15/><AGARI ba="0,1" hai="5,11,15,16,21,25,48,51,62,64,71,73,78,81" machi="15" ten="30,5800,0" yaku="1,1,7,1,54,1,53,0" doraHai="85" doraHaiUra="114" who="0" fromWho="2" sc="240,68,250,0,250,-58,250,0" /><INIT seed="0,1,0,1,2,23" ten="308,250,192,250" oya="0" hai0="73,55,105,69,49,39,111,30,88,0,22,92,110" hai1="107,6,9,13,74,37,77,123,72,135,95,109,48" hai2="56,15,117,120,108,68,25,17,31,61,87,133,118" hai3="125,101,121,59,51,47,103,40,16,129,76,93,58"/><T64/><D105/><U71/><E123/><V122/><F68/><W11/><G121/><T70/><D39/><U98/><E37/><V43/><F43/><W8/><G129/><T119/><D119/><N who="2" m="45578" /><F108/><N who="0" m="41514" /><D73/><U57/><E109/><V83/><F133/><W1/><G125/><T116/><D116/><U106/><E71/><V81/><F15/><N who="3" m="7271" /><G1/><T44/><D0/><U75/><E135/><V84/><F17/><W97/><G11/><T102/><D102/><N who="3" m="38921" /><G76/><T78/><D78/><U86/><E86/><N who="2" m="32811" /><F122/><W80/><G80/><T67/><D69/><U26/><E77/><V35/><F120/><W65/><G65/><AGARI ba="1,0" hai="25,31,35,56,61,65,81,83" m="32811,45578" machi="65" ten="30,2000,0" yaku="12,1,52,1" doraHai="23" who="2" fromWho="3" sc="308,0,250,0,192,23,250,-23" /><INIT seed="1,0,0,4,1,103" ten="308,250,215,227" oya="1" hai0="54,11,69,47,73,21,90,38,52,4,2,77,112" hai1="1,111,124,108,35,0,98,97,26,34,9,91,75" hai2="44,121,25,135,20,85,41,84,68,57,70,96,122" hai3="74,94,82,105,18,42,100,50,83,128,87,106,118"/><U24/><E75/><V6/><F135/><W63/><G128/><T58/><D112/><U32/><E124/><V130/><F130/><W46/><G118/><T67/><D69/><U93/><E98/><V31/><F6/><W76/><G94/><T66/><D21/><U114/><E114/><V33/><F57/><W72/><G100/><T10/><D90/><U45/><E45/><V28/><F96/><W86/><G18/><T104/><D11/><U116/><E116/><V71/><F28/><W107/><REACH who="3" step="1"/><G63/><REACH who="3" ten="308,250,215,217" step="2"/><T78/><D4/><U64/><E108/><V119/><F119/><W113/><G113/><T22/><D104/><U133/><E111/><V29/><F121/><W92/><G92/><T60/><D60/><U48/><E93/><V62/><F62/><W15/><G15/><T12/><D12/><U17/><E17/><V110/><F122/><W125/><G125/><T131/><D131/><U8/><E1/><V129/><F129/><W7/><G7/><T123/><D2/><U89/><E0/><V115/><F115/><W51/><G51/><T55/><D123/><U80/><E48/><N who="2" m="26639" /><F110/><W16/><G16/><T23/><D38/><U53/><E97/><V127/><F127/><W3/><G3/><T99/><D99/><U88/><E26/><V95/><F95/><W81/><G81/><T56/><D47/><U134/><E80/><V30/><F30/><W13/><G13/><T37/><D37/><U79/><E24/><N who="2" m="18663" /><F29/><W102/><G102/><T59/><D66/><U132/><E64/><V109/><F109/><W14/><G14/><T101/><D67/><RYUUKYOKU ba="0,1" sc="308,-15,250,-15,215,15,217,15" hai2="20,25,68,70,71,84,85" hai3="42,46,50,72,74,76,82,83,86,87,105,106,107" /><INIT seed="2,1,1,1,0,35" ten="293,235,230,232" oya="2" hai0="32,62,95,86,94,76,2,103,75,71,53,66,96" hai1="52,126,46,116,48,132,33,26,64,39,19,51,88" hai2="13,18,47,109,24,102,98,31,44,61,38,77,3" hai3="100,73,45,29,85,108,60,130,12,14,121,67,23"/><V101/><F38/><W41/><G73/><T80/><D32/><U54/><E116/><V22/><F77/><W1/><G121/><T111/><D111/><U135/><E39/><V107/><F109/><W93/><G108/><T84/><D2/><U20/><E126/><V120/><F120/><W17/><G1/><T133/><D133/><N who="1" m="51275" /><E64/><V15/><F15/><W105/><G105/><T43/><D43/><N who="1" m="24671" /><E33/><V30/><F30/><W74/><G74/><T16/><D53/><N who="1" m="20587" /><E88/><V134/><F134/><W83/><G29/><T79/><D79/><U112/><E112/><V125/><F125/><W124/><G124/><T21/><D94/><U110/><E110/><V89/><F89/><W28/><G28/><T127/><D127/><U25/><E51/><V56/><F102/><W49/><G130/><T117/><D117/><U128/><E128/><V72/><F3/><W63/><G12/><AGARI ba="1,1" hai="12,16,21,62,66,71,75,76,80,84,86,95,96,103" machi="12" ten="30,2000,0" yaku="7,1,54,1" doraHai="35" who="0" fromWho="3" sc="293,33,235,0,230,0,232,-23" /><AGARI ba="1,0" hai="12,19,20,25,26" m="20587,24671,51275" machi="12" ten="30,2000,0" yaku="20,1,54,1" doraHai="35" who="1" fromWho="3" sc="326,0,235,20,230,0,209,-20" /><INIT seed="3,0,0,0,4,3" ten="326,255,230,189" oya="3" hai0="33,20,9,101,134,123,93,80,28,96,2,111,92" hai1="130,115,69,55,114,8,125,38,59,58,94,68,17" hai2="43,103,66,63,27,122,77,51,129,15,124,45,81" hai3="128,118,119,112,32,88,42,126,106,4,97,29,83"/><W39/><G112/><T26/><D123/><U76/><E76/><V30/><F122/><W46/><G128/><T78/><D111/><U40/><E94/><V6/><F129/><W99/><G126/><T25/><D134/><U70/><E130/><V11/><F103/><W75/><G4/><T89/><D2/><U24/><E24/><V84/><F124/><W71/><G71/><T53/><D9/><U60/><E17/><V31/><F27/><W102/><G97/><T109/><D109/><U135/><E8/><V121/><F121/><W85/><REACH who="3" step="1"/><G75/><REACH who="3" ten="326,255,230,179" step="2"/><T133/><D133/><U120/><E135/><V22/><F22/><W104/><G104/><T37/><D20/><U79/><E125/><V116/><F116/><W131/><G131/><T95/><D96/><U14/><E120/><V13/><F13/><W64/><G64/><T105/><D105/><U5/><E14/><V72/><F72/><W34/><G34/><T62/><D33/><U7/><E7/><V82/><F82/><W18/><G18/><T107/><D80/><U86/><E5/><V127/><F127/><W91/><G91/><T132/><D89/><U100/><E114/><V67/><F67/><W19/><G19/><T1/><D132/><U52/><E115/><V113/><F113/><W47/><G47/><T110/><D101/><U54/><E69/><AGARI ba="0,1" hai="6,11,15,30,31,43,45,51,63,66,69,77,81,84" machi="69" ten="30,7700,0" yaku="7,1,25,2,52,1" doraHai="3" who="2" fromWho="1" sc="326,0,255,-77,230,87,179,0" owari="326,42.6,178,-32.2,317,11.7,179,-22.1" /></mjloggm>