<mjloggm ver="2.3"><GO type="225" lobby="0"/><UN n0="%E3%81%B5%E3%81%98%E3%81%8B%E3%81%A4" n1="%E3%82%B3%E3%83%A2%E3%83%AA%E3%82%B9%E3%83%88" n2="%77%72%77%72%77%72%77%72" n3="%E7%99%BD%E6%97%A5%E9%9B%AA%E8%8F%9C" dan="16,16,17,17" rate="2215.33,2069.11,2231.94,2232.29" sx="M,M,M,M"/><TAIKYOKU oya="0"/><INIT seed="0,0,0,1,1,49" ten="250,250,250,250" oya="0" hai0="119,83,64,125,12,34,76,47,48,134,21,28,133" hai1="91,54,27,130,69,85,50,102,111,93,5,36,100" hai2="103,105,2,24,115,61,0,59,67,129,31,42,132" hai3="70,37,106,65,110,104,17,44,11,120,99,108,40"/><T109/><D119/><U25/><E36/><V13/><F115/><W92/><G120/><T128/><D64/><U14/><E69/><V94/><F129/><W113/><G113/><T32/><D128/><U60/><E60/><V97/><F132/><N who="0" m="50794" /><D125/><U62/><E62/><V78/><F42/><W82/><G65/><T84/><D109/><N who="3" m="42089" /><G70/><T135/><N who="0" m="50802" /><T51/><DORA hai="9" /><D12/><U101/><E130/><V38/><F38/><W53/><G82/><T127/><D127/><U79/><E79/><V8/><F78/><W20/><G11/><T26/><D51/><U107/><E107/><V1/><F105/><W46/><G46/><T52/><AGARI ba="0,0" hai="21,26,28,32,34,47,48,52,76,83,84" m="50802" machi="52" ten="40,7800,0" yaku="20,1,52,1,54,1" doraHai="49,9" who="0" fromWho="0" sc="250,78,250,-26,250,-26,250,-26" /><INIT seed="0,1,0,3,3,20" ten="328,224,224,224" oya="0" hai0="79,76,28,64,132,123,44,112,85,129,36,111,103" hai1="53,84,77,40,128,1,70,54,4,98,58,29,7" hai2="117,124,127,50,91,10,37,68,131,66,2,63,93" hai3="12,122,23,114,55,24,73,72,8,27,87,62,32"/><T96/><D123/><U51/><E70/><V74/><F37/><W110/><G114/><T81/><D112/><U83/><E128/><V21/><F131/><W0/><G0/><T90/><D129/><U102/><E1/><V113/><F113/><W99/><G32/><T61/><D132/><U94/><E40/><V48/><F74/><W78/><G122/><T69/><D111/><U80/><E29/><V9/><F117/><W17/><G110/><T11/><D11/><N who="2" m="4106" /><F2/><W47/><G99/><T88/><D90/><U120/><E120/><V86/><F21/><W56/><G47/><T52/><D28/><U100/><E100/><V82/><F93/><W38/><G38/><T115/><D115/><U134/><E134/><V33/><F33/><W5/><REACH who="3" step="1"/><G24/><REACH who="3" ten="328,224,224,214" step="2"/><T135/><D36/><U45/><REACH who="1" step="1"/><E83/><AGARI ba="1,1" hai="5,8,12,17,23,27,55,56,62,72,73,78,83,87" machi="83" ten="40,8000,1" yaku="1,1,2,1,52,1,53,1" doraHai="20" doraHaiUra="19" who="3" fromWho="1" sc="328,0,224,-83,224,0,214,93" /><INIT seed="1,0,0,5,5,130" ten="328,141,224,307" oya="1" hai0="108,72,45,94,104,66,63,18,39,65,50,14,64" hai1="98,55,4,36,24,96,107,51,91,76,83,79,9" hai2="126,119,120,97,114,134,128,7,89,70,47,131,35" hai3="10,106,118,113,31,33,129,105,112,13,1,92,87"/><U81/><E36/><V46/><F119/><W132/><G1/><T32/><D104/><U123/><E123/><V12/><F120/><W44/><G129/><N who="2" m="49737" /><F35/><W86/><G118/><T60/><D72/><U52/><E24/><V54/><F70/><W71/><G71/><T48/><D32/><U58/><E107/><V22/><F114/><W2/><G2/><T27/><D27/><U85/><E55/><V28/><F126/><W116/><G116/><T117/><D117/><U121/><E121/><V23/><F54/><W109/><G33/><T15/><D108/><U49/><E49/><V53/><F53/><W62/><G109/><T41/><D94/><U5/><E91/><V73/><F73/><W8/><G92/><T20/><D15/><U133/><E133/><V34/><F34/><W135/><G13/><T6/><D6/><U99/><REACH who="1" step="1"/><E9/><REACH who="1" ten="328,131,224,307" step="2"/><N who="2" m="4159" /><F134/><W95/><G135/><T43/><D39/><U122/><E122/><V17/><F89/><W59/><G132/><T93/><D50/><U88/><E88/><V56/><F28/><W69/><G31/><T124/><D124/><U16/><E16/><V67/><F17/><W11/><G112/><T3/><D18/><U40/><E40/><V38/><F38/><W57/><G113/><T103/><D41/><U21/><E21/><N who="2" m="7691" /><F97/><W68/><G8/><T77/><D43/><U84/><AGARI ba="0,1" hai="4,5,51,52,58,76,79,81,83,84,85,96,98,99" machi="84" ten="30,12000,1" yaku="1,1,0,1,9,1,8,1,54,1,53,0" doraHai="130" doraHaiUra="29" who="1" fromWho="1" sc="328,-40,131,130,224,-40,307,-40" /><INIT seed="1,1,0,4,4,76" ten="288,261,184,267" oya="1" hai0="9,113,45,85,26,72,78,75,52,19,11,128,82" hai1="90,37,120,15,12,50,105,80,16,107,70,13,33" hai2="22,77,106,87,88,57,84,92,100,98,101,48,103" hai3="36,104,4,35,125,108,79,91,99,127,114,34,25"/><U121/><E37/><V18/><F106/><W60/><G114/><T49/><D113/><U38/><E38/><V65/><F65/><W94/><G36/><T42/><D128/><U32/><E70/><V8/><F8/><W118/><G108/><T40/><D75/><U116/><E116/><V109/><F109/><W62/><G4/><T1/><D1/><U66/><E66/><V135/><F135/><W39/><G39/><T23/><D72/><U7/><E105/><V41/><F77/><W5/><G5/><T56/><D40/><U73/><E107/><V69/><F69/><W81/><G104/><T43/><D42/><U3/><E73/><V21/><F21/><W2/><G2/><T6/><D6/><U27/><E50/><AGARI ba="1,0" hai="9,11,19,23,26,43,45,49,50,52,56,78,82,85" machi="50" ten="30,7700,0" yaku="7,1,8,1,52,1,54,1" doraHai="76" who="0" fromWho="1" sc="288,80,261,-80,184,0,267,0" /><INIT seed="2,0,0,5,5,34" ten="368,181,184,267" oya="2" hai0="115,80,67,84,11,116,117,119,93,0,64,63,66" hai1="9,54,2,83,22,37,17,108,102,40,73,38,5" hai2="43,52,36,76,16,55,1,70,85,81,86,94,25" hai3="72,68,62,71,88,44,61,7,107,3,92,110,104"/><V103/><F70/><W89/><G72/><T21/><D115/><U39/><E108/><V45/><F1/><W109/><G44/><T130/><D130/><U13/><E102/><V56/><F103/><W57/><G57/><T105/><D105/><U58/><E73/><V27/><F55/><W69/><G7/><N who="0" m="1511" /><D93/><U53/><E53/><V50/><F94/><W28/><G28/><T99/><D99/><U87/><E40/><V128/><F128/><W4/><G4/><T8/><D21/><U101/><E101/><V60/><F36/><W126/><G3/><T131/><D8/><U42/><E42/><V120/><F120/><W46/><G46/><T98/><D98/><U90/><REACH who="1" step="1"/><E38/><REACH who="1" ten="368,171,184,267" step="2"/><V114/><F114/><W96/><G107/><T113/><D113/><U121/><E121/><V20/><F86/><W123/><G104/><T79/><D131/><U65/><E65/><V12/><AGARI ba="0,1" hai="12,16,20,25,27,43,45,50,52,56,60,76,81,85" machi="12" ten="20,12000,1" yaku="0,1,7,1,8,1,54,2" doraHai="34" who="2" fromWho="2" sc="368,-40,171,-40,184,130,267,-40" /><INIT seed="2,1,0,3,2,76" ten="328,131,314,227" oya="2" hai0="78,105,65,125,99,17,46,132,75,39,98,2,122" hai1="81,36,21,91,33,23,47,118,8,27,109,29,24" hai2="126,83,114,106,97,51,71,9,19,10,53,116,34" hai3="3,82,57,14,72,127,50,84,69,44,77,92,115"/><V112/><F116/><W90/><G3/><T7/><D122/><U130/><E118/><V120/><F120/><W70/><G127/><T96/><D125/><U94/><E109/><V89/><F126/><W56/><G115/><T121/><D65/><U74/><E130/><V45/><F34/><W42/><REACH who="3" step="1"/><G14/><REACH who="3" ten="328,131,314,217" step="2"/><T108/><D121/><U12/><E74/><V0/><F114/><W55/><G55/><T30/><D75/><U93/><E81/><V52/><F0/><W86/><G86/><T133/><D2/><U59/><E59/><AGARI ba="1,1" hai="42,44,50,56,57,59,69,70,72,77,82,84,90,92" machi="59" ten="40,2600,0" yaku="1,1,52,1,53,0" doraHai="76" doraHaiUra="124" who="3" fromWho="1" sc="328,0,131,-29,314,0,217,39" /><INIT seed="3,0,0,4,0,130" ten="328,102,314,256" oya="3" hai0="25,91,73,109,20,84,7,104,122,26,112,99,79" hai1="51,17,24,134,124,45,70,63,114,127,93,22,52" hai2="75,83,13,65,36,90,85,44,50,72,59,107,68" hai3="9,105,5,82,39,110,81,64,31,11,30,125,71"/><W100/><G39/><T86/><D122/><U57/><E114/><V3/><F107/><W12/><G125/><T95/><D112/><U115/><E115/><V132/><F3/><W48/><G71/><T123/><D123/><U108/><E108/><V133/><F13/><N who="3" m="5295" /><G105/><T66/><D66/><U6/><E6/><V88/><F68/><W94/><G64/><T106/><D7/><U89/><E70/><V103/><F36/><W8/><G8/><T117/><D117/><U55/><BYE who="0" /><REACH who="1" step="1"/><E134/><REACH who="1" ten="328,92,314,256" step="2"/><V54/><F133/><W129/><G110/><T14/><D14/><U113/><E113/><V74/><F132/><W29/><G129/><T27/><D27/><U1/><E1/><V96/><F90/><W34/><G100/><T46/><D46/><U120/><E120/><V16/><F65/><W60/><G12/><T21/><D21/><U37/><E37/><V87/><F44/><W19/><G34/><T0/><D0/><U43/><E43/><V76/><F75/><W97/><G11/><UN n0="%E3%81%B5%E3%81%98%E3%81%8B%E3%81%A4" /><T53/><D109/><U62/><E62/><V135/><F135/><W35/><G60/><T47/><D73/><U41/><E41/><V77/><F74/><W23/><G35/><T10/><D106/><U15/><E15/><V69/><F69/><W49/><G49/><N who="0" m="28863" /><D10/><U78/><E78/><V42/><F42/><W56/><G48/><T118/><D79/><U33/><E33/><V92/><F72/><W67/><G56/><T131/><D131/><U4/><E4/><V128/><F128/><W58/><G58/><T28/><D118/><U126/><E126/><V38/><F59/><RYUUKYOKU ba="0,1" sc="328,-10,92,30,314,-10,256,-10" hai1="17,22,24,45,51,52,55,57,63,89,93,124,127" owari="328,42.8,122,-37.8,304,10.4,246,-15.4" /></mjloggm>