<mjloggm ver="2.3"><GO type="225" lobby="0"/><UN n0="%E3%81%9F%E3%81%8C%E3%82%84%E3%81%99" n1="%E3%81%A1%E3%82%85%E3%81%86%E3%81%A9%E3%81%8F%E8%B1%A1%E3%81%95%E3%82%93" n2="%6E%65%6F%E3%82%BD%E3%83%83%E3%82%AF%E3%82%B9%E2%99%AA" n3="%E3%83%96%E3%83%A9%E3%82%B6%E3%83%BC" dan="16,16,16,16" rate="2123.05,2100.77,2156.58,2093.34" sx="M,M,M,M"/><TAIKYOKU oya="0"/><INIT seed="0,0,0,5,2,91" ten="250,250,250,250" oya="0" hai0="131,115,40,30,80,51,5,61,120,19,79,125,123" hai1="33,134,126,65,71,32,48,95,69,13,105,109,129" hai2="18,101,83,23,112,68,74,99,89,38,54,87,16" hai3="117,6,59,46,14,70,116,44,73,55,45,82,66"/><T10/><D30/><U36/><E36/><V90/><F112/><W62/><G73/><T12/><D115/><U122/><E122/><V37/><F74/><W110/><G82/><T26/><D131/><U135/><E129/><V24/><F68/><N who="1" m="26185" /><E65/><V64/><F64/><W119/><G6/><T76/><D76/><U133/><E13/><V52/><F38/><W128/><G14/><T47/><D61/><U21/><E21/><V20/><F37/><W41/><G128/><T56/><D56/><U104/><E109/><V25/><F90/><W2/><G2/><T106/><D106/><AGARI ba="0,0" hai="16,18,20,23,24,25,52,54,83,87,89,99,101,106" machi="106" ten="30,7700,0" yaku="7,1,9,1,54,2" doraHai="91" who="2" fromWho="0" sc="250,-77,250,0,250,77,250,0" /><INIT seed="1,0,0,5,4,87" ten="173,250,327,250" oya="1" hai0="46,62,64,34,124,83,10,90,131,71,20,77,127" hai1="114,133,39,44,15,70,2,111,52,38,32,86,98" hai2="82,50,119,103,113,1,3,5,72,92,59,58,13" hai3="49,91,130,60,97,56,53,80,109,33,18,68,101"/><U37/><E2/><V84/><F119/><W17/><G109/><T48/><D34/><U6/><E32/><V41/><F72/><W24/><G130/><T125/><D131/><U75/><E75/><V54/><F113/><W135/><G135/><T115/><D115/><U121/><E121/><V81/><F41/><W0/><G0/><T36/><D36/><U78/><E114/><V95/><F1/><W94/><G68/><T132/><D132/><U35/><E35/><V66/><F103/><W123/><G123/><T105/><D105/><U107/><E70/><V106/><F106/><W120/><G120/><T116/><D116/><U21/><E133/><V76/><F82/><W104/><G80/><T126/><N who="0" m="31744" /><DORA hai="25" /><T79/><D10/><U7/><E111/><V100/><F100/><W19/><G49/><T99/><D20/><U23/><E98/><V88/><F76/><W40/><G40/><T16/><D16/><U117/><E107/><V112/><F3/><W55/><G55/><N who="0" m="30103" /><D83/><U128/><E117/><V14/><F112/><W108/><G108/><T29/><D29/><U8/><E6/><V11/><F13/><W85/><REACH who="3" step="1"/><G33/><REACH who="3" ten="173,250,327,240" step="2"/><T51/><D51/><U122/><E128/><V4/><F50/><W73/><G73/><T42/><D42/><U26/><E122/><V69/><F81/><W30/><G30/><T74/><D74/><U27/><E39/><V12/><F69/><W118/><G118/><T57/><D71/><U61/><E38/><V31/><F31/><W129/><G129/><T65/><D65/><U28/><E37/><V110/><F66/><RYUUKYOKU ba="0,1" sc="173,15,250,-15,327,-15,240,15" hai0="57,62,64,77,79,90,99" hai3="17,18,19,24,53,56,60,85,91,94,97,101,104" /><INIT seed="2,1,1,5,3,66" ten="188,235,312,255" oya="2" hai0="71,14,47,57,120,102,106,115,50,55,103,29,5" hai1="49,85,90,76,75,78,97,39,6,129,0,121,119" hai2="118,40,11,94,4,53,21,64,127,27,84,32,23" hai3="60,44,46,128,111,19,34,62,38,114,74,69,22"/><V37/><F118/><W8/><G74/><T31/><D106/><U95/><E39/><V99/><F127/><W54/><G34/><T43/><D115/><U35/><E35/><V10/><F64/><W68/><G8/><T3/><D3/><U20/><E119/><V56/><F84/><W133/><G19/><T104/><D120/><U70/><E121/><V108/><F108/><W51/><G22/><T48/><D71/><N who="3" m="27209" /><G111/><T41/><D41/><U132/><E70/><V89/><F11/><W80/><G80/><T52/><D43/><U25/><E6/><V93/><F93/><W72/><G72/><T12/><D104/><U24/><E0/><V7/><F7/><W83/><G83/><T98/><D5/><U18/><E24/><V123/><F123/><W82/><G82/><T86/><D86/><U96/><E75/><V122/><F122/><W88/><G88/><T117/><D117/><U58/><E76/><V30/><F10/><W109/><G38/><T135/><D135/><U100/><E132/><V73/><F73/><W17/><G133/><T28/><REACH who="0" step="1"/><D103/><REACH who="0" ten="178,235,312,255" step="2"/><U26/><E100/><N who="2" m="60535" /><F4/><W59/><G114/><T36/><D36/><U81/><E85/><V45/><F37/><W42/><G109/><T116/><D116/><U125/><E96/><V9/><F40/><W67/><G42/><T2/><D2/><U65/><E97/><V1/><F1/><W61/><G128/><T101/><D101/><U110/><E129/><V79/><F79/><W113/><G113/><T131/><D131/><U92/><E78/><V130/><F130/><W13/><G67/><RYUUKYOKU ba="1,2" sc="178,15,235,-15,312,-15,255,15" hai0="12,14,28,29,31,47,48,50,52,55,57,98,102" hai3="13,17,44,46,51,54,59,60,61,62" /><INIT seed="3,2,2,5,3,54" ten="193,220,297,270" oya="3" hai0="6,49,10,126,58,112,92,43,102,18,108,66,115" hai1="87,20,131,25,53,55,107,85,94,134,39,16,132" hai2="84,93,31,33,133,64,26,40,95,123,110,88,118" hai3="120,30,73,52,76,68,77,63,103,36,51,71,122"/><W106/><G36/><T91/><D102/><U99/><E39/><V11/><F118/><W59/><G30/><T80/><D108/><U70/><E70/><V41/><F110/><W57/><G106/><T128/><D80/><U34/><E131/><V28/><F133/><N who="1" m="51305" /><E34/><V13/><F123/><W96/><G73/><T9/><D128/><U119/><E119/><V129/><F129/><W82/><G77/><T4/><D126/><U50/><E107/><V17/><F64/><W116/><G116/><T22/><D43/><U72/><E72/><V24/><F95/><W32/><G32/><AGARI ba="2,2" hai="11,13,17,24,26,28,31,32,33,40,41,84,88,93" machi="32" ten="30,3900,0" yaku="7,1,9,1,54,1" doraHai="54" who="2" fromWho="3" sc="193,0,220,0,297,65,270,-45" owari="193,-30.7,220,-18.0,362,46.2,225,2.5" /></mjloggm>