<mjloggm ver="2.3"><GO type="225" lobby="0"/><UN n0="%E5%A4%8F%E9%88%B4%E9%88%B4%E5%A4%8F" n1="%E3%82%B7%E3%83%B3%E5%A4%AA%E6%9C%97" n2="%E2%91%A3%E9%81%BF%E9%81%8A%E6%88%AF%E3%80%90%E6%9D%B1%E5%8D%97%E3%80%91" n3="%E3%81%A8%E3%82%93%E3%81%A8%E3%81%93%E3%81%A8%E3%82%93" dan="16,16,16,16" rate="2142.07,2155.00,2057.68,2115.32" sx="M,M,M,F"/><TAIKYOKU oya="0"/><INIT seed="0,0,0,3,3,96" ten="250,250,250,250" oya="0" hai0="74,51,95,37,107,75,135,58,68,114,29,56,112" hai1="61,103,21,108,35,133,80,115,33,32,30,28,79" hai2="60,66,16,94,102,105,63,65,131,120,20,53,40" hai3="110,121,49,70,77,124,119,42,125,2,116,86,55"/><T69/><D95/><U48/><E108/><V123/><F105/><W67/><G2/><T87/><D87/><U34/><E133/><V91/><F40/><W38/><G86/><T47/><D29/><U64/><E115/><N who="0" m="44073" /><D107/><U44/><E21/><V57/><F131/><W39/><G77/><T111/><D75/><U10/><E10/><V106/><F106/><W36/><G42/><N who="0" m="22991" /><D74/><U19/><E19/><V85/><F102/><W73/><G73/><T5/><D5/><U25/><E103/><V83/><F83/><W90/><G90/><T82/><D82/><U24/><E80/><V52/><F123/><W11/><G11/><T50/><D135/><U127/><E79/><V54/><F120/><W89/><G89/><T6/><D6/><U81/><E81/><V7/><F7/><W45/><G110/><T99/><D99/><U9/><E9/><V118/><F118/><N who="3" m="45099" /><G121/><T128/><D128/><U62/><E34/><V41/><F41/><W100/><G100/><T113/><N who="0" m="44081" /><T18/><DORA hai="4" /><D18/><U88/><E35/><V117/><F117/><W59/><G70/><N who="0" m="27243" /><D111/><U92/><E32/><V76/><F76/><W22/><G22/><T1/><D1/><U134/><E33/><V0/><F0/><W126/><G125/><T14/><D14/><U130/><E127/><V122/><F122/><W27/><G27/><T26/><D26/><N who="1" m="10347" /><E130/><V17/><F20/><W12/><G12/><T78/><D78/><U43/><E134/><V8/><F8/><W109/><G109/><T98/><D98/><N who="1" m="57607" /><E64/><V104/><F104/><W84/><G84/><T46/><D46/><RYUUKYOKU ba="0,0" sc="250,0,250,0,250,0,250,0" hai0="50,51,56,58" hai1="28,30,43,44,48,61,62" hai2="16,17,52,53,54,57,60,63,65,66,85,91,94" hai3="36,38,39,45,49,55,59,67,124,126" /><INIT seed="0,1,0,1,4,43" ten="250,250,250,250" oya="0" hai0="106,48,107,10,5,3,103,85,58,92,33,89,108" hai1="125,90,20,82,115,83,15,130,76,25,84,77,44" hai2="70,110,86,6,69,102,45,59,12,23,39,29,24" hai3="49,63,54,134,9,61,4,133,21,55,11,87,37"/><T19/><D33/><U135/><E130/><V117/><F110/><W18/><G37/><T105/><D108/><U75/><E135/><V51/><F117/><W40/><G40/><T53/><REACH who="0" step="1"/><D19/><REACH who="0" ten="240,250,250,250" step="2"/><U46/><E115/><V93/><F70/><W41/><G18/><T120/><D120/><U127/><E76/><V2/><F69/><W98/><G133/><T132/><D132/><U94/><E83/><V123/><F123/><W62/><G134/><T91/><D91/><U129/><E129/><V60/><F2/><W35/><G35/><T8/><D8/><U95/><E94/><V7/><F12/><W22/><G11/><T99/><AGARI ba="1,1" hai="3,5,10,48,53,58,85,89,92,99,103,105,106,107" machi="99" ten="30,3000,0" yaku="1,1,0,1,53,0" doraHai="43" doraHaiUra="74" who="0" fromWho="0" sc="240,43,250,-11,250,-11,250,-11" /><INIT seed="0,2,0,1,3,69" ten="283,239,239,239" oya="0" hai0="88,49,60,11,31,10,81,45,61,84,131,113,121" hai1="51,127,2,5,41,125,36,126,25,68,135,86,76" hai2="130,91,47,44,39,103,89,37,50,133,111,71,112" hai3="32,73,90,6,87,28,102,124,67,1,85,43,94"/><T77/><D113/><U82/><E135/><V54/><F103/><W99/><G73/><T79/><D131/><U98/><E68/><V97/><F91/><W27/><G124/><T117/><D117/><U8/><E25/><V100/><F89/><W74/><G74/><T20/><D121/><U34/><E34/><V23/><F71/><W110/><G110/><T122/><D122/><U12/><E98/><V70/><F70/><W75/><G75/><T58/><D20/><U115/><E115/><V83/><F112/><W4/><G67/><N who="0" m="39319" /><D61/><U62/><E62/><V35/><F111/><W93/><G1/><T129/><D31/><U59/><E59/><V19/><F35/><W80/><REACH who="3" step="1"/><G43/><REACH who="3" ten="283,239,239,229" step="2"/><N who="0" m="24767" /><D129/><U22/><E2/><V7/><F130/><W52/><G52/><T107/><D107/><U134/><E134/><V24/><F133/><W57/><G57/><T15/><D10/><U96/><E127/><V13/><F47/><W17/><G17/><AGARI ba="2,1" hai="11,15,17,77,79,81,84,88" m="24767,39319" machi="17" ten="30,2900,0" yaku="8,1,54,1" doraHai="69" who="0" fromWho="3" sc="283,45,239,0,239,0,229,-35" /><INIT seed="0,3,0,0,2,75" ten="328,239,239,194" oya="0" hai0="85,69,114,27,7,10,32,52,73,68,70,46,92" hai1="44,109,64,2,60,36,100,112,18,133,12,17,51" hai2="94,48,106,126,74,1,33,19,14,124,101,93,3" hai3="6,62,22,30,116,90,103,135,58,108,42,99,65"/><T130/><D73/><U29/><E109/><V88/><F33/><W49/><G116/><T125/><D114/><U115/><E133/><V13/><F74/><W132/><G108/><T50/><D130/><U15/><E2/><V0/><F106/><W38/><G38/><T31/><D125/><N who="2" m="48234" /><F101/><W25/><G6/><T45/><D92/><N who="2" m="35434" /><F19/><W54/><G42/><T91/><D85/><U102/><E36/><V23/><F23/><W111/><G111/><T87/><D87/><U57/><E29/><V131/><F48/><W67/><G90/><T105/><D91/><U56/><E56/><V24/><F88/><W89/><G89/><T61/><D105/><U96/><E96/><V120/><F24/><W110/><G110/><T40/><D10/><N who="1" m="6295" /><E115/><V4/><F4/><W95/><REACH who="3" step="1"/><G67/><REACH who="3" ten="328,239,239,184" step="2"/><T117/><D7/><U123/><E112/><V119/><F119/><W83/><G83/><T9/><D117/><U26/><E64/><V121/><F131/><W63/><G63/><T134/><D61/><U97/><E60/><V53/><F53/><W47/><AGARI ba="3,1" hai="22,25,30,47,49,54,58,62,65,95,99,103,132,135" machi="47" ten="30,8000,1" yaku="1,1,0,1,25,2,53,1" doraHai="75" doraHaiUra="55" who="3" fromWho="3" sc="328,-43,239,-23,239,-23,184,99" /><INIT seed="1,0,0,0,0,63" ten="285,216,216,283" oya="1" hai0="20,114,16,36,23,88,22,103,94,68,1,2,51" hai1="4,67,64,82,127,53,54,118,85,131,14,59,99" hai2="123,109,102,104,133,28,56,90,38,32,91,48,124" hai3="98,0,37,117,57,31,128,50,47,121,74,129,112"/><U60/><E118/><V125/><F38/><W87/><G121/><T8/><D36/><U44/><E131/><V107/><F123/><W6/><G74/><T111/><D114/><U19/><E4/><V122/><F122/><W42/><G112/><T72/><D72/><U100/><E127/><N who="2" m="48715" /><F133/><W79/><G31/><T66/><D103/><U132/><E132/><V101/><F32/><W18/><G117/><T119/><D119/><U126/><E126/><V58/><F28/><W49/><G18/><T43/><D111/><U65/><E44/><V76/><F48/><W15/><G0/><T29/><D29/><U75/><E75/><V39/><F39/><W134/><G134/><T52/><D43/><U12/><E54/><V30/><F30/><W81/><G98/><T116/><D116/><U11/><E14/><V95/><F76/><W108/><G108/><T17/><D68/><U105/><E53/><V25/><F25/><W26/><G26/><N who="0" m="14599" /><D66/><U35/><E35/><V93/><F58/><W27/><G27/><T33/><D33/><U106/><E106/><N who="2" m="40491" /><F56/><W73/><G57/><N who="0" m="32927" /><D1/><U45/><E45/><V10/><F10/><N who="3" m="4567" /><G73/><T115/><D115/><U113/><E113/><V84/><F109/><W71/><G71/><T86/><D2/><U61/><E61/><V77/><F77/><AGARI ba="0,0" hai="11,12,19,59,60,64,65,67,77,82,85,99,100,105" machi="77" ten="30,11600,0" yaku="7,1,52,3" doraHai="63" who="1" fromWho="2" sc="285,0,216,116,216,-116,283,0" /><INIT seed="1,1,0,1,4,50" ten="285,332,100,283" oya="1" hai0="133,48,83,99,80,12,120,37,59,39,125,54,97" hai1="132,93,16,47,42,88,52,73,31,23,104,87,2" hai2="98,34,41,82,61,8,108,72,124,21,131,127,130" hai3="18,77,58,68,3,25,32,67,90,106,14,46,114"/><U122/><E104/><V101/><F34/><W10/><G114/><T63/><D133/><U38/><E132/><V95/><F8/><W126/><G106/><T55/><D125/><N who="2" m="48202" /><F41/><W70/><G126/><T53/><D120/><U113/><E113/><V78/><F21/><W60/><G77/><T7/><D39/><U129/><E129/><N who="2" m="49163" /><F61/><W56/><G3/><T22/><D37/><U76/><E2/><V107/><F95/><W20/><G32/><T66/><D48/><U105/><E105/><V119/><F108/><W91/><G46/><T26/><D12/><U51/><E122/><V24/><F24/><W69/><REACH who="3" step="1"/><G56/><REACH who="3" ten="285,332,100,273" step="2"/><T4/><D7/><AGARI ba="1,1" hai="7,10,14,18,20,25,58,60,67,68,69,70,90,91" machi="7" ten="40,2600,0" yaku="1,1,2,1,53,0" doraHai="50" doraHaiUra="111" who="3" fromWho="0" sc="285,-29,332,0,100,0,273,39" /><INIT seed="2,0,0,5,1,2" ten="256,332,100,312" oya="2" hai0="52,95,59,55,117,18,63,101,106,58,43,92,104" hai1="102,21,112,97,96,73,10,109,99,122,87,115,38" hai2="36,72,17,37,93,34,131,88,125,118,116,121,14" hai3="119,39,15,35,80,120,61,129,3,74,135,51,127"/><V47/><F121/><W28/><RYUUKYOKU type="yao9" ba="0,0" sc="256,0,332,0,100,0,312,0" hai3="3,15,28,35,39,51,61,74,80,119,120,127,129,135" /><INIT seed="2,1,0,2,0,89" ten="256,332,100,312" oya="2" hai0="122,113,105,26,73,115,34,90,32,31,108,96,58" hai1="16,50,54,6,92,95,27,9,53,25,93,126,21" hai2="29,43,102,10,130,24,97,110,22,1,70,18,83" hai3="131,85,117,104,38,114,84,47,3,87,99,48,56"/><V39/><F130/><W0/><G117/><T134/><D122/><U14/><E126/><V125/><F125/><W5/><G131/><T128/><D128/><U63/><E63/><V112/><F112/><W86/><G114/><T101/><D108/><U30/><REACH who="1" step="1"/><E50/><REACH who="1" ten="256,322,100,312" step="2"/><V65/><F110/><W82/><G48/><T60/><D134/><U107/><E107/><V49/><F39/><W8/><G104/><T11/><D34/><AGARI ba="1,1" hai="6,9,14,16,21,25,27,30,34,53,54,92,93,95" machi="34" ten="40,8000,1" yaku="1,1,52,3,54,1,53,0" doraHai="89" doraHaiUra="106" who="1" fromWho="0" sc="256,-83,322,93,100,0,312,0" /><INIT seed="3,0,0,5,4,128" ten="173,415,100,312" oya="3" hai0="91,131,81,54,80,47,41,20,127,1,34,70,50" hai1="2,29,99,130,102,135,10,107,101,89,117,23,96" hai2="114,49,24,84,68,78,108,8,6,36,94,14,106" hai3="103,35,57,75,59,44,0,46,11,52,38,109,13"/><W74/><G0/><T32/><D1/><U134/><E130/><V82/><F114/><W26/><G103/><T3/><D3/><U53/><E117/><V113/><F113/><W9/><G109/><T65/><D131/><U48/><E89/><V39/><F108/><W58/><G38/><N who="0" m="21943" /><D20/><U31/><E2/><V67/><F106/><W77/><G77/><T4/><D4/><U25/><E10/><V61/><F24/><W37/><G37/><T51/><D51/><U22/><E22/><V85/><F94/><W64/><G35/><N who="0" m="13355" /><D91/><U112/><E31/><V63/><F85/><W71/><G9/><T133/><D133/><N who="1" m="50699" /><E112/><V95/><F95/><W90/><G90/><T73/><D127/><U66/><E66/><V132/><F63/><W121/><G74/><T12/><D73/><U15/><E15/><V56/><F132/><W79/><G75/><T97/><D12/><U18/><E29/><V129/><F129/><W55/><G13/><T72/><D65/><U30/><E30/><V28/><F28/><W119/><G64/><T19/><D72/><U98/><E107/><V69/><F68/><W33/><G79/><T7/><D70/><U87/><E87/><V86/><F84/><W120/><G71/><T16/><D80/><U105/><E105/><V17/><F69/><W110/><G11/><T126/><D81/><U5/><E5/><V21/><F21/><W124/><G110/><T62/><D7/><U125/><E125/><V88/><F78/><W92/><G124/><T100/><D126/><U43/><E43/><V45/><F6/><W60/><G119/><RYUUKYOKU ba="0,0" sc="173,-15,415,15,100,15,312,-15" hai1="18,23,25,48,53,96,98,99,101,102" hai2="8,14,17,36,39,45,49,56,61,67,82,86,88" owari="158,-24.2,430,53.0,115,-38.5,297,9.7" /></mjloggm>