<mjloggm ver="2.3"><GO type="225" lobby="0"/><UN n0="%E6%A1%9C%E8%8A%B1%E9%96%83%E3%80%85" n1="%E3%81%AA%E3%82%81%E3%81%93%E9%9B%80%E5%A3%AB" n2="%65%6B%61%72%75%74%65" n3="%E5%A4%9C%E5%85%89%E5%A4%A9%E6%A5%BC" dan="16,16,16,17" rate="2163.45,2085.43,2076.02,2145.40" sx="M,M,M,M"/><TAIKYOKU oya="0"/><INIT seed="0,0,0,0,1,132" ten="250,250,250,250" oya="0" hai0="91,36,123,128,120,32,119,116,28,64,134,39,85" hai1="29,70,31,22,80,3,78,63,14,110,97,109,82" hai2="53,74,90,45,135,106,44,50,40,47,23,69,48" hai3="2,75,49,81,73,100,95,115,25,65,0,19,68"/><T57/><D28/><U33/><E3/><V6/><F135/><W108/><G115/><T56/><D134/><U103/><E33/><V9/><F106/><W86/><G108/><N who="1" m="41578" /><E14/><V101/><F74/><W124/><G2/><T4/><D4/><U20/><E63/><V30/><F69/><W79/><G0/><T35/><D85/><N who="1" m="48279" /><E70/><V41/><F101/><W66/><G68/><T72/><D91/><U58/><E82/><V61/><F90/><W11/><G75/><T131/><REACH who="0" step="1"/><D72/><REACH who="0" ten="240,250,250,250" step="2"/><U52/><E31/><V121/><F30/><W99/><G73/><T38/><D38/><U15/><E29/><V21/><F121/><W105/><G86/><T93/><D93/><U113/><E113/><V130/><F130/><W114/><G95/><T102/><D102/><U43/><E103/><V107/><F107/><W98/><G100/><T18/><D18/><U83/><E97/><V118/><F118/><W76/><G105/><T60/><D60/><N who="1" m="35911" /><E83/><V62/><F62/><W87/><G81/><T42/><D42/><U10/><E43/><V26/><F41/><W92/><G114/><T5/><D5/><AGARI ba="0,1" hai="5,10,15,20,22" m="35911,48279,41578" machi="5" ten="30,2000,0" yaku="14,1,54,1" doraHai="132" who="1" fromWho="0" sc="240,-20,250,30,250,0,250,0" /><INIT seed="1,0,0,1,0,2" ten="220,280,250,250" oya="1" hai0="125,19,16,63,74,11,82,113,120,102,134,21,15" hai1="28,103,70,79,32,45,55,52,18,93,51,7,98" hai2="38,24,77,89,123,127,3,126,44,47,118,135,119" hai3="9,8,94,80,23,99,26,65,48,67,104,64,59"/><U72/><E70/><V116/><F123/><W131/><G104/><T92/><D113/><U53/><E32/><V81/><F135/><W100/><G131/><T31/><D134/><U40/><E72/><V5/><F89/><W57/><G80/><T14/><D125/><N who="2" m="47626" /><F24/><W56/><REACH who="3" step="1"/><G48/><REACH who="3" ten="220,280,250,240" step="2"/><T35/><D120/><U60/><E79/><V12/><F38/><W36/><G36/><T76/><D63/><U84/><E60/><V29/><F81/><W90/><G90/><T95/><REACH who="0" step="1"/><D102/><REACH who="0" ten="210,280,250,240" step="2"/><U50/><E103/><V41/><F118/><W33/><G33/><T6/><D6/><U20/><E7/><V121/><F5/><W106/><G106/><T58/><D58/><U101/><E101/><V122/><F119/><W129/><G129/><T66/><D66/><U97/><E45/><V96/><F47/><W85/><G85/><T128/><D128/><U0/><E84/><V132/><F116/><W107/><G107/><T124/><D124/><U130/><E130/><V1/><F132/><W75/><G75/><T17/><D17/><AGARI ba="0,2" hai="8,9,17,23,26,56,57,59,64,65,67,94,99,100" machi="17" ten="40,2600,0" yaku="1,1,8,1,53,0" doraHai="2" doraHaiUra="83" who="3" fromWho="0" sc="210,-26,280,0,250,0,240,46" /><INIT seed="2,0,0,3,4,110" ten="184,280,250,286" oya="2" hai0="129,130,107,106,68,99,49,8,134,75,91,6,61" hai1="1,10,108,111,9,125,67,102,128,2,17,58,93" hai2="124,100,16,96,92,115,5,89,114,118,37,19,120" hai3="22,40,0,43,44,59,88,66,79,36,25,45,121"/><V46/><F118/><W132/><G121/><T70/><D75/><U47/><E128/><N who="0" m="49257" /><D134/><U80/><E125/><V65/><F120/><W13/><G0/><N who="0" m="71" /><D49/><U74/><E47/><V63/><F5/><W50/><G79/><T51/><D51/><U78/><E17/><V55/><F124/><W133/><G13/><T87/><D99/><N who="1" m="59759" /><E2/><V122/><F122/><W54/><G66/><N who="0" m="41039" /><D70/><U105/><E105/><V103/><F55/><W104/><G104/><T39/><D39/><U29/><E1/><V127/><F127/><W76/><G76/><T97/><D97/><U12/><E12/><V135/><F135/><W23/><G132/><T57/><D57/><U11/><E58/><V48/><F37/><W7/><G133/><T84/><D84/><U28/><E67/><V86/><F48/><W38/><G7/><T24/><D24/><U126/><E126/><V73/><F73/><W117/><G25/><T53/><D53/><U32/><E111/><V34/><F46/><W119/><G88/><T26/><D26/><U90/><E90/><V33/><F86/><W4/><G4/><T21/><D21/><AGARI ba="0,0" hai="21,22,23,36,38,40,43,44,45,50,54,59,117,119" machi="21" ten="40,1300,0" yaku="9,1" doraHai="110" who="3" fromWho="0" sc="184,-13,280,0,250,0,286,13" /><INIT seed="3,0,0,0,5,113" ten="171,280,250,299" oya="3" hai0="106,114,22,126,95,112,107,14,65,135,16,120,128" hai1="42,73,5,27,70,78,40,133,129,30,75,82,33" hai2="10,3,94,69,132,34,81,35,116,43,101,125,71" hai3="100,9,46,23,29,104,44,7,105,39,32,19,66"/><W47/><G39/><T97/><D120/><U117/><E75/><V57/><F125/><W36/><G36/><T130/><D65/><U115/><E115/><N who="0" m="44073" /><D126/><U2/><E70/><V89/><F132/><W37/><G37/><T109/><D109/><U21/><E133/><V134/><F134/><W99/><G66/><T92/><D135/><U25/><E117/><V127/><F116/><W96/><G32/><T74/><D74/><U85/><E129/><N who="0" m="49769" /><D95/><U79/><E73/><V80/><F127/><W64/><G64/><T98/><D92/><U131/><E131/><V102/><F35/><W8/><G29/><T45/><D45/><U13/><E79/><V124/><F34/><W4/><G99/><AGARI ba="0,0" hai="14,16,22,97,98,99,106,107" m="49769,44073" machi="99" ten="30,3900,0" yaku="11,1,19,1,54,1" doraHai="113" who="0" fromWho="3" sc="171,39,280,0,250,0,299,-39" /><INIT seed="4,0,0,5,1,35" ten="210,280,250,260" oya="0" hai0="126,69,57,125,107,63,18,36,61,56,68,121,78" hai1="112,131,34,43,113,21,114,13,41,25,2,96,102" hai2="94,33,12,77,88,64,30,117,49,132,122,123,119" hai3="109,59,3,120,65,40,66,85,75,22,95,1,0"/><T82/><D107/><U103/><E2/><V17/><F132/><W58/><G75/><T134/><D18/><N who="1" m="10447" /><E131/><V11/><F77/><W28/><G40/><N who="1" m="15434" /><E96/><N who="2" m="57415" /><F64/><N who="3" m="24683" /><G109/><T39/><D82/><U99/><E99/><V116/><F49/><W100/><G28/><AGARI ba="0,0" hai="25,28,34,102,103,112,113,114" m="15434,10447" machi="28" ten="40,2600,0" yaku="15,1,11,1" doraHai="35" who="1" fromWho="3" sc="210,0,280,26,250,0,260,-26" owari="210,-29.0,306,40.6,250,5.0,234,-16.6" /></mjloggm>