<mjloggm ver="2.3"><GO type="225" lobby="0"/><UN n0="%E3%81%8B%E3%82%8F%E3%81%A1%E3%82%83%E3%82%93%35%38" n1="%E3%82%A2%E3%83%A1%E3%82%A2%E3%83%A9%E3%83%AC" n2="%6D%61%74%69%67%75%73%61" n3="%E7%99%BD%E5%92%B2%E8%8A%B1%E3%81%A1%E3%82%83%E3%82%93" dan="17,16,17,16" rate="2218.41,2049.37,2151.10,2153.02" sx="M,M,M,F"/><TAIKYOKU oya="0"/><INIT seed="0,0,0,0,0,26" ten="250,250,250,250" oya="0" hai0="44,85,68,112,77,71,128,29,46,67,75,1,117" hai1="49,52,131,60,33,119,88,70,103,95,81,113,38" hai2="92,21,58,87,31,9,115,83,69,79,56,41,64" hai3="37,16,120,127,13,122,2,23,6,61,104,99,51"/><T32/><D85/><U73/><E119/><V59/><F115/><W126/><G37/><T78/><D1/><U19/><E131/><V74/><F69/><W94/><G61/><T124/><D112/><U4/><E38/><V43/><F64/><W65/><G104/><T17/><D17/><U105/><E113/><V5/><F74/><W10/><G51/><T35/><D75/><U28/><E4/><V107/><F107/><W54/><G54/><T57/><D57/><U132/><E132/><V20/><F92/><W86/><G86/><T116/><D67/><U91/><E19/><V0/><F20/><W18/><G18/><T110/><D128/><U82/><E60/><V15/><F0/><W129/><G65/><T93/><D93/><U96/><E70/><V34/><F34/><W111/><G111/><T133/><D133/><U125/><E125/><N who="3" m="47626" /><G129/><T55/><D124/><U114/><E114/><V40/><F21/><W80/><G80/><T47/><D47/><U8/><E8/><V76/><F79/><W22/><G22/><T53/><REACH who="0" step="1"/><D110/><REACH who="0" ten="240,250,250,250" step="2"/><U101/><E73/><V45/><F45/><W123/><G123/><T72/><D72/><U48/><E95/><V130/><F130/><W14/><G2/><T25/><D25/><U24/><E105/><V3/><F3/><W102/><AGARI ba="0,1" hai="6,10,13,14,16,23,94,99,102,120,122" m="47626" machi="102" ten="30,2000,0" yaku="18,1,54,1" doraHai="26" who="3" fromWho="3" sc="240,-10,250,-5,250,-5,250,30" /><INIT seed="1,0,0,3,5,26" ten="230,245,245,280" oya="1" hai0="94,115,39,89,12,4,62,48,122,14,128,131,74" hai1="114,17,64,134,10,87,42,21,58,93,45,19,92" hai2="9,47,35,67,100,95,0,133,101,66,124,61,23" hai3="32,7,118,43,105,11,76,117,55,60,18,40,108"/><U96/><E134/><V129/><F35/><W107/><G108/><T110/><D39/><U52/><E114/><V98/><F133/><W29/><G18/><T135/><D115/><U106/><E64/><V68/><F129/><N who="0" m="49738" /><D135/><U24/><E106/><V56/><F124/><W28/><G76/><T79/><D4/><U70/><E70/><V88/><F0/><W2/><G105/><T33/><D33/><U15/><E87/><V38/><F9/><W86/><G107/><T22/><D110/><U51/><REACH who="1" step="1"/><E96/><REACH who="1" ten="230,235,245,280" step="2"/><V41/><F67/><W50/><G86/><T57/><D122/><U125/><E125/><V49/><F68/><W116/><G60/><AGARI ba="0,1" hai="10,15,17,19,21,24,42,45,51,52,58,60,92,93" machi="60" ten="30,11600,0" yaku="1,1,7,1,8,1,54,1,53,0" doraHai="26" doraHaiUra="83" who="1" fromWho="3" sc="230,0,235,126,245,0,280,-116" /><INIT seed="1,1,0,5,4,120" ten="230,361,245,164" oya="1" hai0="51,122,9,0,64,130,54,69,72,4,1,99,109" hai1="11,61,21,116,92,135,91,104,27,58,90,105,68" hai2="79,71,66,98,76,83,39,124,57,6,74,127,108" hai3="95,35,73,19,126,123,113,128,97,56,63,17,132"/><U134/><E116/><V110/><F39/><W28/><G123/><T7/><D122/><U80/><E68/><V117/><F117/><W55/><G113/><T48/><D72/><U24/><E11/><V62/><F6/><W2/><G132/><N who="1" m="50730" /><E80/><N who="2" m="45079" /><F57/><W121/><G121/><T85/><D130/><U40/><E40/><V89/><F89/><N who="1" m="33801" /><E92/><V131/><F98/><W49/><G97/><T111/><D99/><U59/><E59/><V12/><F12/><W96/><G96/><T70/><D85/><U45/><E45/><V16/><F131/><W3/><G128/><T26/><D26/><N who="1" m="9771" /><E21/><V125/><F16/><W129/><G19/><T60/><D69/><U94/><E94/><V29/><F29/><W15/><G17/><T67/><D67/><AGARI ba="1,0" hai="58,61,67,104,105" m="9771,33801,50730" machi="67" ten="30,1500,0" yaku="20,1" doraHai="120" who="1" fromWho="0" sc="230,-18,361,18,245,0,164,0" /><INIT seed="1,2,0,5,5,84" ten="212,379,245,164" oya="1" hai0="29,83,23,25,112,0,73,87,132,74,76,52,32" hai1="18,45,26,66,57,129,61,15,86,80,56,12,65" hai2="122,125,46,38,103,17,121,117,72,42,9,35,2" hai3="119,135,82,124,113,100,93,79,58,48,28,20,91"/><U62/><E129/><V43/><F117/><W11/><G119/><T24/><D112/><U36/><E36/><V89/><F125/><W47/><G124/><T106/><D0/><U54/><E26/><V51/><F35/><W53/><G135/><T16/><D106/><U59/><E45/><V88/><F103/><W128/><G128/><T55/><REACH who="0" step="1"/><D132/><REACH who="0" ten="202,379,245,164" step="2"/><U44/><E44/><V63/><F2/><W77/><G47/><T40/><D40/><U8/><E12/><V60/><F46/><W92/><G113/><T75/><AGARI ba="2,1" hai="16,23,24,25,29,32,52,55,73,74,75,76,83,87" machi="75" ten="30,8000,1" yaku="1,1,0,1,54,2,53,1" doraHai="84" doraHaiUra="14" who="0" fromWho="0" sc="202,96,379,-42,245,-22,164,-22" /><INIT seed="2,0,0,4,2,14" ten="298,337,223,142" oya="2" hai0="43,82,12,95,28,70,73,47,17,62,69,66,7" hai1="94,42,25,103,78,122,132,34,33,2,76,48,6" hai2="27,65,24,22,52,108,41,23,81,5,100,86,71" hai3="74,79,61,46,120,135,97,80,102,115,113,30,111"/><V127/><F127/><W134/><G30/><T128/><D128/><U93/><E132/><N who="3" m="50730" /><G61/><T106/><D106/><U4/><E48/><V0/><F41/><W54/><G54/><T130/><D130/><U36/><E42/><V16/><F108/><W49/><G49/><T89/><D28/><U53/><E103/><V55/><F100/><W84/><G46/><T90/><D7/><U112/><E53/><N who="2" m="20555" /><F0/><W35/><G35/><T110/><D110/><U38/><E2/><V32/><F71/><W101/><G111/><T121/><D121/><U44/><E122/><V104/><F104/><N who="3" m="63535" /><G120/><T11/><D70/><U60/><E44/><V57/><F32/><W20/><G20/><T116/><D116/><U40/><E40/><V1/><F1/><W63/><G63/><T31/><D31/><U129/><E60/><N who="2" m="38031" /><F5/><W88/><G102/><T59/><D69/><U37/><E37/><V75/><F75/><W10/><G10/><T117/><D117/><U107/><E129/><V87/><F81/><AGARI ba="0,0" hai="74,79,80,81,84,88,113,115" m="63535,50730" machi="81" ten="30,7700,0" yaku="20,1,34,2,54,1" doraHai="14" who="3" fromWho="2" sc="298,0,337,0,223,-77,142,77" /><INIT seed="3,0,0,0,5,108" ten="298,337,146,219" oya="3" hai0="134,50,78,93,68,83,105,9,55,82,106,101,11" hai1="12,73,100,123,128,5,74,77,36,119,115,49,13" hai2="34,26,86,24,53,14,76,0,79,56,122,38,47" hai3="126,32,6,35,130,85,64,75,23,41,97,60,94"/><W127/><G75/><T15/><D68/><U70/><E36/><V31/><F0/><W22/><G130/><T69/><D69/><U125/><E70/><V95/><F122/><W20/><G85/><T3/><D134/><U84/><E123/><V111/><F111/><W88/><G41/><T40/><D40/><U42/><E125/><V109/><F109/><W59/><REACH who="3" step="1"/><G6/><REACH who="3" ten="298,337,146,209" step="2"/><T89/><D82/><U107/><E84/><V46/><F38/><W133/><G133/><T2/><D83/><U117/><E74/><V61/><F76/><W96/><G96/><T44/><D78/><U7/><E77/><V102/><F79/><W121/><G121/><T27/><D2/><U112/><E73/><V71/><F86/><W18/><G18/><T39/><D3/><U28/><E42/><V17/><F71/><W103/><G103/><T80/><D80/><U118/><E128/><V8/><F102/><W48/><G48/><T19/><D101/><U113/><E49/><V25/><F95/><W30/><G30/><T10/><D39/><U124/><E28/><V114/><F34/><AGARI ba="0,1" hai="20,22,23,32,34,35,59,60,64,88,94,97,126,127" machi="34" ten="40,3900,0" yaku="1,1,54,1,53,0" doraHai="108" doraHaiUra="81" who="3" fromWho="2" sc="298,0,337,0,146,-39,209,49" /><INIT seed="3,1,0,2,4,49" ten="298,337,107,258" oya="3" hai0="112,26,75,55,28,39,54,100,74,88,66,76,77" hai1="13,34,105,9,42,84,123,62,60,58,27,63,106" hai2="72,130,38,12,125,69,50,52,40,17,120,115,131" hai3="68,29,116,51,80,48,128,85,3,92,135,47,110"/><W99/><G116/><T102/><D39/><U24/><E123/><V18/><F72/><W133/><G3/><T19/><D66/><U90/><E42/><V0/><F115/><W14/><G128/><T109/><D75/><U31/><E27/><V111/><F0/><W104/><G104/><T64/><D64/><U32/><E32/><V86/><F69/><W83/><G68/><T94/><D112/><U91/><E58/><V114/><F114/><W4/><G29/><T46/><D109/><U78/><E78/><N who="0" m="30313" /><D28/><U113/><E113/><V122/><F111/><W20/><G85/><N who="0" m="52495" /><D74/><U21/><E34/><V79/><F125/><W44/><G51/><N who="0" m="29047" /><D55/><U89/><REACH who="1" step="1"/><E84/><REACH who="1" ten="298,327,107,258" step="2"/><V65/><F65/><W56/><G56/><T95/><D95/><U70/><E70/><V57/><F38/><W11/><G110/><T41/><D41/><U45/><E45/><V107/><F40/><N who="3" m="24583" /><G47/><T127/><D127/><U2/><E2/><V59/><F59/><W6/><G133/><T119/><D119/><U16/><AGARI ba="1,1" hai="9,13,16,21,24,31,60,62,63,89,90,91,105,106" machi="16" ten="30,4000,0" yaku="1,1,0,1,54,1,53,0" doraHai="49" doraHaiUra="98" who="1" fromWho="1" sc="298,-11,327,53,107,-11,258,-21" owari="287,8.7,380,48.0,96,-40.4,237,-16.3" /></mjloggm>