<mjloggm ver="2.3"><GO type="225" lobby="0"/><UN n0="%E3%82%B2%E3%82%B9%E8%8C%82%E5%8B%9D" n1="%E3%83%97%E3%83%AC%E3%83%B4%E3%82%A1%E3%83%86%E3%82%A3" n2="%E5%B8%86%E7%AB%8B%E5%A4%8F%E8%A1%A3" n3="%E5%8D%A0%E3%81%84%E5%B8%AB%E8%A3%8F%E3%81%AA%E3%81%84%E3%81%97" dan="16,16,16,16" rate="2112.88,2117.64,2083.67,2164.49" sx="F,F,M,M"/><TAIKYOKU oya="0"/><INIT seed="0,0,0,3,5,24" ten="250,250,250,250" oya="0" hai0="32,26,94,105,15,0,50,62,69,93,52,43,132" hai1="60,110,8,56,130,20,131,10,117,79,18,49,113" hai2="2,76,101,51,59,91,75,55,41,35,133,68,99" hai3="83,120,30,108,90,21,73,11,53,12,47,57,124"/><T87/><D132/><U65/><E117/><V28/><F133/><W116/><G116/><T3/><D105/><U22/><E110/><V92/><F2/><W7/><G108/><T29/><D43/><U112/><E79/><V121/><F121/><W38/><G124/><T126/><D126/><U103/><E103/><V25/><F68/><W64/><G120/><T45/><D15/><U17/><E49/><V61/><F76/><W71/><G71/><T107/><D107/><U78/><E78/><V100/><REACH who="2" step="1"/><F75/><REACH who="2" ten="250,250,240,250" step="2"/><W123/><G73/><T115/><D0/><U48/><E48/><V118/><F118/><W63/><G123/><T37/><D3/><U98/><E98/><V9/><F9/><N who="1" m="3689" /><E60/><V70/><F70/><W39/><G39/><T44/><D37/><U5/><E56/><V135/><F135/><W80/><G38/><T1/><D1/><U72/><E72/><V33/><F33/><W42/><G63/><T104/><D69/><U40/><E5/><V82/><F82/><W19/><G80/><T74/><D74/><U4/><E4/><V13/><F13/><W111/><G83/><T77/><D62/><U27/><E40/><V88/><F88/><W102/><G90/><T97/><D44/><AGARI ba="0,1" hai="25,28,35,41,44,51,55,59,61,91,92,99,100,101" machi="44" ten="40,5200,0" yaku="1,1,52,1,53,1" doraHai="24" doraHaiUra="86" who="2" fromWho="0" sc="250,-52,250,0,240,62,250,0" /><INIT seed="1,0,0,5,2,59" ten="198,250,302,250" oya="1" hai0="64,84,112,49,29,102,63,14,131,70,46,125,58" hai1="85,130,117,126,73,42,9,88,47,37,66,96,21" hai2="45,17,116,44,57,127,114,78,118,87,19,132,133" hai3="33,41,30,120,7,40,35,22,110,119,86,108,122"/><U50/><E117/><N who="2" m="45163" /><F127/><W134/><G119/><T51/><D125/><U79/><E126/><V103/><F103/><W4/><G86/><T94/><D131/><U100/><E130/><V56/><F87/><W36/><G36/><T75/><D112/><U38/><E9/><V92/><F92/><W123/><G134/><N who="2" m="51817" /><F78/><W107/><G107/><T53/><D75/><U54/><E66/><V52/><F114/><W3/><G22/><T60/><D29/><U98/><E98/><V80/><F80/><W5/><G3/><T2/><D2/><U26/><E79/><V135/><N who="2" m="51825" /><V71/><DORA hai="8" /><F71/><W11/><G11/><T91/><D102/><U77/><E77/><V97/><F57/><W6/><N who="3" m="1024" /><DORA hai="113" /><W81/><G81/><T55/><REACH who="0" step="1"/><D14/><REACH who="0" ten="188,250,302,250" step="2"/><U76/><E73/><V111/><F111/><N who="3" m="42539" /><G30/><T106/><D106/><U74/><E74/><V32/><F32/><AGARI ba="0,1" hai="32,33,35,40,41,120,122,123" m="42539,1024" machi="32" ten="60,7700,0" yaku="28,2,14,1" doraHai="59,8,113" who="3" fromWho="2" sc="188,0,250,0,302,-77,250,87" /><INIT seed="2,0,0,4,3,29" ten="188,250,225,337" oya="2" hai0="64,14,65,60,47,20,31,6,127,93,63,10,100" hai1="13,121,70,129,67,130,89,35,41,25,3,94,126" hai2="22,91,73,125,75,79,1,24,17,50,134,21,4" hai3="27,59,82,103,38,39,62,52,84,49,58,54,8"/><V44/><F125/><W116/><G116/><T95/><D127/><U66/><E126/><V117/><F117/><W32/><G103/><T124/><D124/><U97/><E3/><V92/><F134/><W69/><G69/><T77/><D77/><U80/><E121/><V86/><F79/><W115/><G115/><T81/><D81/><U98/><E41/><V61/><F1/><W48/><G8/><T0/><D47/><U113/><E113/><V106/><F4/><W53/><G27/><T74/><D74/><U118/><E118/><V15/><F61/><W51/><G32/><T119/><D119/><U68/><E13/><V18/><REACH who="2" step="1"/><F106/><REACH who="2" ten="188,250,215,337" step="2"/><W78/><G62/><T11/><D60/><U7/><E7/><V131/><F131/><N who="1" m="50185" /><E70/><V102/><F102/><W122/><G122/><T71/><D100/><U23/><E68/><V30/><F30/><W5/><G5/><T55/><D71/><U133/><E133/><V37/><F37/><W46/><AGARI ba="0,1" hai="38,39,46,48,49,51,52,53,54,58,59,78,82,84" machi="46" ten="20,5200,0" yaku="0,1,7,1,9,1,54,1" doraHai="29" who="3" fromWho="3" sc="188,-13,250,-13,215,-26,337,62" /><INIT seed="3,0,0,4,5,19" ten="175,237,189,399" oya="3" hai0="122,56,53,49,68,88,25,125,2,105,67,55,65" hai1="33,103,118,123,110,79,41,6,85,39,23,93,7" hai2="43,76,51,77,80,58,30,75,116,14,113,45,38" hai3="102,106,104,111,95,34,40,120,24,1,46,47,84"/><W71/><G120/><T72/><D122/><U134/><E123/><V91/><F113/><W90/><G1/><T87/><D72/><U42/><E33/><V131/><F131/><W20/><G34/><T22/><D2/><U69/><E69/><V5/><F116/><W32/><G32/><T96/><D125/><U28/><E110/><V129/><F30/><W64/><G102/><T135/><D135/><U27/><E118/><V62/><F129/><W126/><G126/><T82/><D68/><U107/><E107/><V121/><F121/><W16/><G111/><T36/><D36/><U98/><E134/><V81/><F91/><W117/><G117/><T63/><D96/><U44/><E41/><V11/><F38/><W89/><G46/><N who="0" m="27831" /><D105/><U97/><E97/><V52/><REACH who="2" step="1"/><F75/><REACH who="2" ten="175,237,179,399" step="2"/><W8/><G90/><T54/><D65/><U21/><E79/><AGARI ba="0,1" hai="5,11,14,43,45,51,52,58,62,76,77,79,80,81" machi="79" ten="40,8000,1" yaku="1,1,2,1,8,1,54,1,53,0" doraHai="19" doraHaiUra="86" who="2" fromWho="1" sc="175,0,237,-80,179,90,399,0" owari="175,-22.5,157,-34.3,269,6.9,399,49.9" /></mjloggm>