<mjloggm ver="2.3"><GO type="225" lobby="0"/><UN n0="%E3%81%86%E3%81%A3%E3%81%97%E3%83%BC%30%30" n1="%E3%81%99%E3%81%84%E3%81%BE%E3%81%9B%E3%83%BC%E3%82%93" n2="%E3%81%A1%E3%82%85%E3%81%86%E3%81%A9%E3%81%8F%E8%B1%A1%E3%81%95%E3%82%93" n3="%E3%82%AD%E3%83%AA%E3%83%B3%E3%82%AD%E3%83%AA%E3%83%B3" dan="16,16,17,16" rate="2086.62,2155.71,2226.28,2153.47" sx="M,M,M,M"/><TAIKYOKU oya="0"/><INIT seed="0,0,0,3,3,2" ten="250,250,250,250" oya="0" hai0="24,61,89,64,48,8,4,102,41,100,31,127,29" hai1="115,66,46,30,72,45,130,65,21,42,12,97,32" hai2="5,113,22,107,106,128,87,60,86,129,111,52,33" hai3="95,51,34,57,116,114,73,63,108,16,25,83,1"/><T6/><D127/><U49/><E130/><N who="2" m="50283" /><F113/><W17/><G114/><T47/><D89/><U14/><E115/><V91/><F33/><W55/><G1/><T117/><D117/><U28/><E72/><V44/><F111/><W82/><G108/><T40/><D40/><U54/><E32/><V18/><F5/><N who="0" m="2154" /><D8/><U9/><E97/><V104/><F91/><W75/><G75/><T92/><D92/><U59/><E46/><V112/><F112/><W56/><G95/><T70/><D70/><U0/><E0/><V13/><F44/><W67/><G116/><T15/><D15/><U53/><E12/><V50/><F50/><W88/><G73/><T123/><D123/><U98/><E98/><V93/><F93/><W81/><G34/><T78/><D78/><U132/><E9/><V134/><F134/><W101/><G101/><N who="0" m="39019" /><D24/><U80/><E132/><V37/><F37/><W7/><G25/><T26/><D26/><U85/><E42/><V94/><F94/><W84/><G7/><T105/><D105/><U126/><E126/><V43/><F43/><W76/><G88/><T124/><D124/><U69/><E69/><V27/><F27/><W10/><G10/><T38/><D38/><U110/><E110/><V121/><F121/><W79/><G79/><T99/><D99/><U35/><E35/><V11/><F11/><W68/><G68/><T20/><D20/><U103/><E103/><V39/><F39/><W133/><G133/><T122/><D122/><U118/><E118/><V74/><F74/><W62/><G76/><T23/><D23/><U58/><E21/><RYUUKYOKU ba="0,0" sc="250,15,250,-15,250,15,250,-15" hai0="29,31,41,47,48,61,64" hai2="13,18,22,52,60,86,87,104,106,107" /><INIT seed="0,1,0,4,2,135" ten="265,235,265,235" oya="0" hai0="66,51,5,109,118,61,94,19,102,74,1,87,72" hai1="10,95,56,31,81,93,70,18,100,112,124,45,49" hai2="43,16,52,89,73,20,130,41,34,69,0,126,63" hai3="129,85,76,71,29,11,107,101,99,123,128,62,36"/><T133/><D118/><U110/><E70/><V17/><F34/><W121/><G36/><T78/><D133/><U48/><E110/><V60/><F0/><W86/><G29/><T83/><D109/><U2/><E112/><V120/><F120/><N who="3" m="46155" /><G11/><T68/><D1/><U30/><E81/><V35/><F73/><W97/><G62/><T27/><D5/><U131/><E131/><N who="3" m="50250" /><G71/><T125/><D51/><U127/><E56/><V82/><F130/><W64/><G64/><T91/><D102/><U55/><E49/><V4/><F35/><W3/><G3/><T24/><D125/><N who="1" m="48203" /><E100/><V104/><F126/><W79/><G99/><T6/><D6/><N who="1" m="1367" /><E18/><V75/><F4/><W59/><G59/><T44/><D44/><U38/><E38/><V84/><F17/><W9/><G9/><T113/><D113/><U46/><E46/><V106/><F16/><W80/><G86/><T90/><D19/><U23/><E30/><V8/><F69/><W12/><G12/><T65/><D74/><U15/><E15/><V22/><F75/><W33/><G33/><T54/><D72/><U7/><E7/><V57/><F63/><W25/><G25/><AGARI ba="1,0" hai="23,25,31,45,48,55,93,95" m="1367,48203" machi="25" ten="30,7700,0" yaku="18,1,52,3" doraHai="135" who="1" fromWho="3" sc="265,0,235,80,265,0,235,-80" /><INIT seed="1,0,0,4,4,99" ten="265,315,265,155" oya="1" hai0="63,4,125,16,26,74,51,102,15,34,28,75,50" hai1="57,101,88,41,104,67,93,77,8,18,110,37,7" hai2="6,122,29,83,59,111,106,127,24,49,35,5,9" hai3="128,79,36,76,112,32,132,27,116,23,80,84,131"/><U97/><E110/><V100/><F122/><W62/><G36/><T52/><D125/><U126/><E126/><V96/><F127/><W135/><G32/><T44/><D4/><U43/><E37/><V129/><F111/><W53/><G112/><T107/><D63/><U19/><E77/><V90/><F129/><W48/><G62/><T81/><D81/><U40/><E57/><V12/><F5/><W95/><G116/><T118/><D118/><U17/><E67/><V42/><F59/><W58/><G79/><T39/><D39/><U38/><E38/><V85/><F49/><W30/><REACH who="3" step="1"/><G95/><REACH who="3" ten="265,315,265,145" step="2"/><T45/><D107/><U130/><E130/><AGARI ba="0,1" hai="23,27,30,48,53,58,76,80,84,128,130,131,132,135" machi="130" ten="40,5200,0" yaku="1,1,2,1,19,1,53,0" doraHai="99" doraHaiUra="68" who="3" fromWho="1" sc="265,0,315,-52,265,0,145,62" /><INIT seed="2,0,0,3,4,65" ten="265,263,265,207" oya="2" hai0="52,4,76,118,83,14,16,88,81,116,79,34,113" hai1="89,99,53,69,39,27,86,64,50,92,59,36,84" hai2="23,30,104,105,130,20,56,21,46,66,35,71,62" hai3="119,32,61,90,131,115,93,110,11,12,44,3,106"/><V41/><F130/><W48/><G106/><T94/><D113/><U77/><E27/><V29/><F56/><W60/><G3/><T15/><D34/><U101/><E77/><V124/><F124/><W114/><G119/><N who="0" m="45611" /><D4/><U19/><E19/><V9/><F9/><W38/><G38/><T126/><D126/><U100/><E86/><V67/><F67/><W97/><G32/><T127/><D127/><U132/><E101/><V107/><REACH who="2" step="1"/><F35/><REACH who="2" ten="265,263,255,207" step="2"/><W10/><G115/><T134/><D134/><U70/><E132/><V31/><F31/><W54/><G114/><T122/><D122/><U43/><E64/><V135/><F135/><W102/><G131/><T109/><D109/><U125/><E125/><V103/><F103/><W22/><G110/><T87/><D79/><U96/><E100/><V74/><F74/><W117/><G102/><T108/><D108/><U5/><E59/><V26/><F26/><W58/><G117/><T17/><D76/><U85/><E70/><V7/><F7/><W25/><G58/><T51/><D17/><U98/><E5/><V123/><F123/><W73/><G73/><T6/><D6/><U128/><E128/><V129/><F129/><W80/><G10/><N who="0" m="6231" /><D15/><U49/><E69/><V133/><F133/><W82/><G12/><T0/><D0/><U72/><E72/><V63/><F63/><N who="3" m="24139" /><G11/><T42/><D42/><U18/><E18/><AGARI ba="0,1" hai="18,22,25,44,48,54,80,82,90,93,97" m="24139" machi="18" ten="30,1000,0" yaku="8,1" doraHai="65" who="3" fromWho="1" sc="265,0,263,-10,255,0,207,20" /><INIT seed="3,0,0,3,2,131" ten="265,253,255,227" oya="3" hai0="77,118,37,122,93,78,24,76,20,75,17,54,36" hai1="68,103,82,61,51,52,38,23,72,85,15,92,100" hai2="133,81,57,65,126,86,60,129,66,41,135,53,26" hai3="43,124,123,104,45,1,13,98,90,40,102,35,28"/><W119/><G119/><T83/><D118/><U70/><E38/><V69/><F129/><W8/><G123/><T116/><D116/><U50/><E72/><V107/><F107/><W62/><G1/><T67/><D122/><U42/><E70/><V44/><F126/><W105/><G124/><T73/><D67/><U94/><E68/><V21/><F69/><W120/><G105/><T30/><D93/><N who="1" m="35947" /><E42/><V64/><F86/><W49/><G62/><T134/><D134/><N who="2" m="51210" /><F81/><W18/><G120/><T4/><D83/><U101/><E61/><V3/><F3/><W132/><G132/><T99/><D75/><U80/><E51/><N who="2" m="27023" /><F66/><W6/><G90/><T32/><D78/><U106/><E106/><V87/><F87/><W22/><G35/><T16/><D77/><U130/><E130/><V113/><F113/><W48/><G40/><T5/><D76/><U117/><E85/><V29/><AGARI ba="0,0" hai="21,26,29,53,57,60,64,65" m="27023,51210" machi="29" ten="30,7900,0" yaku="20,1,52,3" doraHai="131" who="2" fromWho="2" sc="265,-20,253,-20,255,79,227,-39" owari="245,4.5,233,-16.7,334,43.4,188,-31.2" /></mjloggm>