<mjloggm ver="2.3"><GO type="225" lobby="0"/><UN n0="%E9%AD%9A%E8%B0%B7%E4%BE%91%E7%BE%8E" n1="%E3%81%BF%E3%81%BF%E3%81%9A" n2="%E3%81%8B%E3%82%8F%E3%81%A1%E3%82%83%E3%82%93%35%38" n3="%E6%9A%87%E4%BA%BA%EF%BC%A0%E9%85%8D%E4%BF%A1%E5%9E%A2" dan="17,16,16,17" rate="2152.12,2157.73,2162.61,2215.38" sx="M,M,M,M"/><TAIKYOKU oya="0"/><INIT seed="0,0,0,5,5,111" ten="250,250,250,250" oya="0" hai0="67,8,31,7,57,108,10,56,125,46,84,35,127" hai1="77,121,69,70,89,1,50,112,22,86,134,87,36" hai2="102,32,19,107,106,109,13,40,62,93,117,43,116" hai3="38,115,124,74,95,37,66,21,25,122,131,45,96"/><T48/><D108/><U82/><E36/><V68/><F109/><W79/><G124/><N who="0" m="47691" /><D67/><U14/><E121/><V34/><F93/><W113/><G131/><T61/><D61/><U3/><E50/><V41/><F62/><W52/><G122/><T100/><D100/><U17/><E134/><V133/><F68/><W23/><G66/><T90/><D31/><U58/><E58/><N who="0" m="22633" /><D35/><N who="2" m="13354" /><F102/><W33/><G33/><T24/><D24/><U20/><E69/><V114/><F133/><W76/><G25/><T59/><N who="0" m="22641" /><T94/><DORA hai="54" /><D7/><U120/><E70/><V4/><F4/><W27/><G27/><T119/><D119/><N who="2" m="45642" /><F114/><W28/><G113/><T126/><N who="0" m="47699" /><T101/><DORA hai="47" /><D101/><U75/><E112/><V18/><F18/><W30/><G115/><T83/><D94/><U9/><E120/><V132/><F132/><W104/><G95/><T85/><D84/><U71/><E71/><V78/><F107/><W29/><G104/><T64/><D64/><U91/><E87/><V5/><F5/><W39/><G29/><T81/><D81/><U16/><E86/><V118/><F106/><W88/><G28/><T135/><D135/><U2/><REACH who="1" step="1"/><E17/><REACH who="1" ten="250,240,250,250" step="2"/><V110/><F118/><W65/><G30/><T72/><D72/><U99/><E99/><V97/><F97/><W98/><G98/><T11/><D48/><U128/><E128/><V26/><F110/><W0/><G74/><T44/><AGARI ba="0,1" hai="8,10,11,44,46,83,85,90" m="22641,47699" machi="44" ten="60,12000,1" yaku="18,1,52,4" doraHai="111,54,47" who="0" fromWho="0" sc="250,130,240,-40,250,-40,250,-40" /><INIT seed="0,1,0,3,1,45" ten="380,200,210,210" oya="0" hai0="124,78,108,119,37,90,89,14,86,132,5,27,69" hai1="56,58,29,12,30,121,28,66,97,80,16,54,133" hai2="25,35,99,21,51,79,67,46,125,96,34,91,113" hai3="100,73,11,59,81,48,55,106,115,43,95,1,70"/><T24/><D119/><U117/><E117/><V94/><F113/><W17/><G115/><T61/><D37/><U40/><E121/><V50/><F125/><W13/><G70/><T101/><D124/><U84/><E133/><V88/><F79/><W7/><G106/><T131/><D132/><U116/><E116/><V4/><F4/><W18/><G43/><T87/><D101/><U60/><E40/><N who="2" m="24903" /><F34/><W134/><G134/><T15/><D69/><U44/><E44/><V75/><F35/><W62/><G1/><T10/><D78/><U82/><E97/><N who="2" m="57543" /><F75/><W22/><G73/><T122/><D131/><U107/><E84/><V20/><F67/><N who="3" m="39391" /><G81/><T102/><D5/><U65/><E107/><V19/><F91/><W39/><G39/><T112/><D102/><U38/><E38/><V104/><F104/><W8/><G7/><T23/><D112/><U68/><E68/><V0/><F0/><W9/><G100/><T52/><D89/><U47/><E47/><V42/><F42/><W31/><G95/><T118/><D90/><U103/><E103/><V130/><F130/><W127/><G127/><T53/><D118/><U110/><E110/><V93/><F93/><W74/><G74/><T114/><D114/><U126/><E126/><V3/><F3/><W120/><G120/><T36/><D36/><U129/><E129/><V49/><F21/><W71/><G71/><T98/><D23/><N who="1" m="11655" /><E66/><V32/><F32/><W72/><G72/><T26/><D108/><U111/><E111/><V123/><F123/><W64/><G64/><T41/><D122/><U92/><E92/><RYUUKYOKU ba="1,0" sc="380,-15,200,15,210,15,210,-15" hai1="28,29,30,54,56,58,60,65,80,82" hai2="19,20,25,49,51,96,99" /><INIT seed="1,2,0,0,0,19" ten="365,215,225,195" oya="1" hai0="121,70,72,1,120,131,126,49,104,124,123,35,11" hai1="52,114,110,68,133,40,99,122,28,88,36,108,134" hai2="113,76,33,105,47,15,86,103,20,10,59,41,128" hai3="0,58,125,87,67,27,4,2,32,57,63,6,97"/><U60/><E114/><V39/><F33/><W69/><G125/><T61/><D131/><U38/><E122/><V24/><F128/><W14/><G87/><T46/><D72/><U26/><E99/><V117/><F117/><W37/><G37/><T25/><D104/><U93/><E68/><V98/><F113/><W132/><G132/><N who="1" m="50794" /><E60/><V50/><F86/><W106/><G0/><T83/><D83/><U109/><E40/><V55/><F76/><W101/><G2/><T94/><D94/><U111/><E52/><V116/><F116/><W34/><G34/><T53/><D61/><U17/><E17/><V18/><REACH who="2" step="1"/><F24/><REACH who="2" ten="365,215,215,195" step="2"/><W81/><G81/><T48/><D25/><U129/><E129/><V62/><F62/><W5/><REACH who="3" step="1"/><G14/><REACH who="3" ten="365,215,215,185" step="2"/><T107/><D1/><U78/><E111/><V12/><F12/><W80/><G80/><T102/><D124/><U84/><E78/><V79/><F79/><W30/><AGARI ba="2,2" hai="4,5,6,27,30,32,57,58,63,67,69,97,101,106" machi="30" ten="30,7900,0" yaku="1,1,0,1,25,2,53,0" doraHai="19" doraHaiUra="115" who="3" fromWho="3" sc="365,-22,215,-41,215,-22,185,105" /><INIT seed="2,0,0,0,5,79" ten="343,174,193,290" oya="2" hai0="8,122,83,127,111,126,80,119,24,70,17,74,68" hai1="52,116,39,92,6,28,9,105,46,5,58,67,104" hai2="115,101,107,124,135,11,112,35,33,96,12,82,106" hai3="87,62,26,99,123,15,10,20,4,117,14,36,129"/><V77/><F124/><N who="0" m="47658" /><D122/><U128/><E116/><V43/><F135/><W23/><G123/><T45/><D119/><U57/><E128/><V121/><F121/><W103/><G36/><T131/><D131/><U32/><E5/><V118/><F118/><W38/><G38/><T1/><D111/><U22/><E32/><V114/><F43/><W25/><G129/><T56/><D45/><U3/><E58/><V30/><F106/><W133/><G133/><T120/><D120/><U44/><E67/><V113/><N who="2" m="28672" /><DORA hai="31" /><V86/><REACH who="2" step="1"/><F30/><REACH who="2" ten="343,174,183,290" step="2"/><W29/><G117/><T59/><D68/><U49/><E39/><V73/><F73/><W21/><G29/><T110/><D74/><U37/><E37/><V98/><F98/><W102/><G87/><T84/><D84/><U19/><E28/><V78/><F78/><W75/><G75/><T100/><D70/><U125/><E125/><V16/><AGARI ba="0,1" hai="11,12,16,33,35,77,82,86,96,101,107" m="28672" machi="16" ten="60,18000,2" yaku="1,1,0,1,52,3,54,1,53,0" doraHai="79,31" doraHaiUra="65,90" who="2" fromWho="2" sc="343,-60,174,-60,183,190,290,-60" /><INIT seed="2,1,0,5,5,23" ten="283,114,373,230" oya="2" hai0="5,100,112,46,85,104,53,10,62,120,43,105,38" hai1="15,30,70,72,77,49,133,113,40,79,33,14,22" hai2="91,24,114,121,12,31,18,25,86,90,20,92,130" hai3="68,131,135,71,117,26,9,35,125,63,102,48,29"/><V124/><F114/><W78/><G117/><T80/><D120/><U116/><E113/><V87/><F121/><W41/><G131/><T47/><D112/><U96/><E116/><V39/><F39/><W95/><G135/><T16/><D100/><U52/><E70/><V81/><F130/><W21/><G125/><T59/><D47/><U83/><E133/><V94/><F124/><W126/><G126/><T118/><D118/><U66/><E66/><V7/><F7/><W101/><G78/><T134/><D134/><U27/><E40/><V37/><F37/><W73/><G73/><T56/><D56/><U32/><E79/><V36/><F36/><W89/><G9/><T42/><D42/><U54/><E54/><V69/><F69/><W2/><G2/><T0/><D16/><U107/><E96/><N who="2" m="57367" /><F31/><W17/><G48/><T97/><D97/><U128/><E107/><V60/><F60/><W132/><G41/><T88/><AGARI ba="1,0" hai="0,5,10,38,43,46,53,59,62,80,85,88,104,105" machi="88" ten="20,2700,0" yaku="0,1,7,1,54,1" doraHai="23" who="0" fromWho="0" sc="283,30,114,-8,373,-14,230,-8" /><INIT seed="3,0,0,5,1,125" ten="313,106,359,222" oya="3" hai0="124,44,0,37,51,26,107,22,1,66,106,48,4" hai1="14,77,76,42,40,126,65,50,119,109,82,92,70" hai2="78,115,134,68,23,113,39,111,63,7,128,56,129" hai3="16,55,32,38,94,29,11,69,71,5,96,46,62"/><W57/><G29/><T19/><D124/><U89/><E126/><V43/><F111/><W41/><G32/><T2/><D4/><U88/><E109/><V28/><F68/><W20/><G11/><T132/><D132/><U45/><E119/><V101/><F134/><W72/><G5/><T81/><D37/><U25/><E25/><N who="2" m="16447" /><F101/><W104/><G72/><T47/><D66/><U93/><E14/><V9/><F78/><W130/><G104/><T112/><D81/><U15/><E15/><N who="2" m="5567" /><F43/><W120/><G130/><N who="2" m="50281" /><F39/><W114/><G120/><T59/><D59/><U8/><E8/><V24/><F24/><W79/><G79/><T85/><D85/><U6/><E6/><V80/><F80/><W122/><G114/><T83/><D83/><U58/><E70/><V102/><F102/><W133/><G122/><T49/><D112/><U27/><E27/><V118/><F118/><W61/><G133/><T34/><D34/><U123/><E123/><V110/><F110/><W75/><G75/><T117/><D117/><U87/><E40/><V52/><AGARI ba="0,0" hai="52,56,63,113,115" m="50281,5567,16447" machi="52" ten="30,8000,1" yaku="19,1,52,3,54,1" doraHai="125" who="2" fromWho="2" sc="313,-20,106,-20,359,80,222,-40" owari="293,9.3,86,-41.4,439,53.9,182,-21.8" /></mjloggm>