<mjloggm ver="2.3"><GO type="225" lobby="0"/><UN n0="%E3%82%B2%E3%82%B9%E8%8C%82%E5%8B%9D" n1="%E3%81%B5%E3%81%98%E3%81%8B%E3%81%A4" n2="%E6%A1%9C%E8%8A%B1%E9%96%83%E3%80%85" n3="%E8%A6%9A%E9%86%92%E3%81%97%E3%81%9F%E3%81%A8%E3%81%BE%E3%81%A8" dan="16,16,16,16" rate="2076.58,2148.88,2143.20,2149.87" sx="F,M,M,M"/><TAIKYOKU oya="0"/><INIT seed="0,0,0,0,0,105" ten="250,250,250,250" oya="0" hai0="15,49,111,101,44,8,47,39,27,127,87,83,104" hai1="85,94,42,3,66,100,12,55,133,106,7,122,65" hai2="102,72,41,50,113,18,22,89,78,115,23,114,60" hai3="90,110,37,14,45,67,129,5,32,84,53,75,116"/><T70/><D70/><U26/><E122/><V135/><F102/><W108/><G116/><T43/><D127/><U132/><E106/><V69/><F135/><N who="1" m="51785" /><E42/><V82/><F89/><W92/><G32/><T9/><D111/><N who="3" m="42537" /><G129/><T125/><D125/><U62/><E3/><V52/><F41/><N who="3" m="22703" /><G67/><T20/><D101/><U59/><E26/><V2/><F2/><W93/><G53/><T81/><D104/><U112/><E112/><V117/><F117/><W126/><G126/><T86/><D15/><U6/><E100/><V128/><F128/><W96/><G75/><T40/><D86/><U79/><E12/><V119/><F119/><W25/><G25/><T124/><D124/><U36/><E36/><V48/><F18/><W77/><G77/><T131/><D131/><U107/><E107/><V54/><F69/><W91/><G14/><T120/><D120/><U134/><N who="1" m="51793" /><U64/><DORA hai="46" /><E79/><V10/><F10/><W88/><G91/><AGARI ba="0,0" hai="6,7,55,59,62,64,65,66,85,91,94" m="51793" machi="91" ten="50,1600,0" yaku="20,1" doraHai="105,46" who="1" fromWho="3" sc="250,0,250,16,250,0,250,-16" /><INIT seed="1,0,0,3,3,110" ten="250,266,250,234" oya="1" hai0="111,66,78,48,101,1,113,55,31,61,41,91,43" hai1="24,127,117,53,63,114,122,51,82,30,6,90,2" hai2="134,65,67,94,86,107,4,42,119,16,54,33,7" hai3="46,14,25,135,75,132,45,87,112,29,36,20,17"/><U95/><E122/><V97/><F119/><W73/><G112/><T26/><D113/><U93/><E117/><V47/><F33/><W133/><G87/><T44/><D111/><U19/><E114/><V8/><F134/><W18/><G18/><T102/><D1/><U128/><E127/><V88/><F54/><W106/><G106/><T12/><D78/><U5/><E128/><V28/><F28/><W81/><G81/><T85/><D12/><U40/><E40/><V11/><F107/><W123/><G123/><T56/><D41/><U9/><E63/><V125/><F86/><W22/><REACH who="3" step="1"/><G36/><REACH who="3" ten="250,266,250,224" step="2"/><T76/><D76/><U72/><E19/><V130/><F16/><W98/><G98/><T103/><D66/><N who="2" m="25098" /><F130/><W129/><G129/><T69/><D69/><U37/><E37/><V21/><F125/><W52/><G52/><T68/><D68/><U60/><E6/><N who="2" m="2091" /><F21/><W121/><G121/><T105/><D105/><U126/><E126/><V57/><F57/><W83/><G83/><T124/><D124/><U13/><E82/><V39/><F39/><W92/><G92/><T49/><D43/><U74/><E95/><V23/><F23/><W50/><G50/><T32/><REACH who="0" step="1"/><D44/><AGARI ba="0,1" hai="14,17,20,22,25,29,44,45,46,73,75,132,133,135" machi="44" ten="40,2600,0" yaku="1,1,20,1,53,0" doraHai="110" doraHaiUra="0" who="3" fromWho="0" sc="250,-26,266,0,250,0,224,36" /><INIT seed="2,0,0,5,0,40" ten="224,266,250,260" oya="2" hai0="86,119,6,15,87,35,50,66,91,127,132,52,118" hai1="55,80,64,121,29,95,44,96,43,97,102,120,5" hai2="114,2,39,90,73,13,125,109,106,49,28,19,77" hai3="88,76,98,79,3,25,61,71,74,21,58,116,69"/><V51/><F114/><W117/><G3/><T23/><D35/><U110/><E110/><V135/><F2/><W83/><G76/><T63/><D127/><U37/><E29/><V134/><F125/><W78/><G78/><T124/><D124/><U72/><E64/><V67/><F39/><W8/><G117/><N who="0" m="44555" /><D132/><N who="2" m="50730" /><F109/><W47/><G8/><N who="0" m="4503" /><D23/><U1/><E55/><V70/><F106/><W24/><G24/><T62/><D66/><U103/><E72/><V126/><F126/><W89/><G116/><T31/><D31/><U130/><E130/><V75/><F28/><W36/><G71/><T41/><D41/><U22/><E80/><N who="2" m="45103" /><F90/><W27/><G89/><T129/><D129/><U82/><E82/><V60/><F75/><W30/><G88/><T100/><D100/><U12/><E1/><V26/><F26/><W56/><G27/><T94/><D86/><U131/><E131/><V81/><F81/><W16/><G83/><T133/><D133/><U128/><E128/><V20/><AGARI ba="0,0" hai="13,19,20,49,51,60,67,70" m="45103,50730" machi="20" ten="30,1500,0" yaku="20,1" doraHai="40" who="2" fromWho="2" sc="224,-5,266,-5,250,15,260,-5" /><INIT seed="2,1,0,0,0,25" ten="219,261,265,255" oya="2" hai0="26,116,50,60,57,76,42,16,85,20,93,8,35" hai1="105,5,12,94,36,6,110,125,66,104,134,81,88" hai2="23,109,133,118,79,22,68,99,90,135,58,54,121" hai3="83,30,38,62,106,51,44,124,13,131,78,132,9"/><V61/><F118/><W21/><G106/><T92/><D116/><U107/><E36/><V2/><F121/><W100/><G132/><N who="2" m="50761" /><F2/><W15/><G131/><T122/><D122/><U46/><E134/><V114/><F114/><W120/><G124/><T53/><D35/><U14/><E125/><V10/><F109/><W86/><G38/><T17/><D76/><U117/><E117/><V4/><F79/><W123/><G100/><T29/><D8/><U65/><E110/><V1/><F68/><W63/><G123/><T37/><D37/><U128/><E128/><V73/><F73/><W48/><G48/><T34/><D85/><U27/><E81/><V55/><F55/><W127/><G120/><T111/><D111/><U108/><E108/><V19/><F19/><N who="0" m="7242" /><D34/><U43/><E27/><V32/><F32/><W77/><G78/><T67/><D42/><U71/><E5/><V129/><F129/><W49/><G127/><T7/><D7/><U70/><E70/><V72/><F72/><W89/><G77/><T84/><D84/><N who="1" m="52487" /><E6/><V130/><F130/><W56/><G86/><T47/><AGARI ba="1,0" hai="20,26,29,47,50,53,57,60,67,92,93" m="7242" machi="47" ten="30,4000,0" yaku="8,1,52,1,54,1" doraHai="25" who="0" fromWho="0" sc="219,43,261,-11,265,-21,255,-11" /><INIT seed="3,0,0,2,5,71" ten="262,250,244,244" oya="3" hai0="78,108,39,49,29,15,40,132,45,24,126,3,92" hai1="74,17,73,1,64,18,94,82,68,99,30,36,87" hai2="28,48,123,32,42,19,91,13,62,35,31,67,41" hai3="16,76,50,128,125,135,66,105,38,117,115,7,59"/><W100/><G115/><T52/><D3/><U130/><E1/><V93/><F123/><W113/><G113/><T114/><D114/><U5/><E30/><N who="2" m="11307" /><F32/><W4/><G117/><T9/><D108/><U12/><E5/><V131/><F131/><W96/><G38/><T119/><D119/><U85/><E130/><V27/><F27/><W70/><G128/><T2/><D2/><U83/><E68/><V6/><F6/><W103/><G135/><T0/><D132/><U124/><E124/><V25/><F25/><W14/><G125/><T58/><D0/><U90/><E36/><V84/><F35/><W10/><G76/><T51/><D126/><U118/><E118/><V110/><F48/><W129/><G129/><T63/><D92/><U23/><E64/><V116/><F110/><W60/><REACH who="3" step="1"/><G103/><REACH who="3" ten="262,250,244,234" step="2"/><T127/><D78/><N who="1" m="46327" /><E73/><V11/><F116/><W86/><G86/><T121/><D127/><U79/><E74/><V65/><F65/><W47/><G47/><T102/><D102/><N who="1" m="60791" /><E79/><V97/><F84/><W89/><G89/><T109/><D109/><U133/><E133/><V111/><F111/><W112/><G112/><T26/><D121/><U81/><E81/><V55/><F67/><W95/><G95/><T101/><D101/><U33/><E33/><V69/><F69/><W75/><G75/><T44/><D39/><U72/><E72/><V8/><F8/><W134/><G134/><T21/><D24/><U107/><E107/><V57/><AGARI ba="0,1" hai="11,13,19,41,42,55,57,62,91,93,97" m="11307" machi="57" ten="30,1100,0" yaku="8,1" doraHai="71" who="2" fromWho="2" sc="262,-3,250,-3,244,21,234,-5" /><INIT seed="4,0,0,2,3,53" ten="259,247,265,229" oya="0" hai0="8,111,22,76,14,6,5,61,75,112,39,55,106" hai1="116,98,73,47,74,109,113,117,11,124,62,42,97" hai2="26,18,104,90,120,19,68,58,56,60,96,82,36" hai3="87,99,67,7,107,48,41,83,94,119,91,29,135"/><T38/><D106/><U115/><E11/><V70/><F120/><W45/><G135/><T125/><D112/><N who="1" m="43083" /><E62/><V1/><F36/><W16/><G119/><N who="1" m="45642" /><E109/><V122/><F1/><W50/><G107/><T103/><D125/><U80/><E124/><V128/><F128/><W35/><G7/><T123/><D123/><U81/><E47/><V89/><F60/><W108/><G108/><T43/><D111/><U72/><E42/><V95/><F104/><W33/><G29/><T32/><D32/><U131/><E131/><V100/><F122/><W127/><G127/><T86/><D6/><U10/><E10/><V12/><F70/><W25/><G67/><T28/><D43/><U13/><E13/><V15/><F15/><W21/><REACH who="3" step="1"/><G48/><REACH who="3" ten="259,247,265,219" step="2"/><T114/><D114/><U129/><E129/><V51/><F51/><W71/><G71/><T134/><D134/><U59/><E59/><V85/><F68/><W69/><G69/><T3/><D5/><U24/><E24/><V133/><F133/><W46/><G46/><T52/><D38/><U57/><E57/><N who="2" m="22123" /><F26/><W49/><G49/><T40/><D39/><U37/><E37/><V31/><F12/><W54/><G54/><T9/><D14/><U64/><E64/><V66/><F66/><W63/><G63/><T130/><D61/><U65/><E65/><V93/><F31/><W17/><G17/><T105/><D55/><U27/><E27/><V20/><F18/><W118/><G118/><T88/><D52/><U84/><E80/><V102/><F82/><W79/><AGARI ba="0,1" hai="16,21,25,33,35,41,45,50,79,83,87,91,94,99" machi="79" ten="20,12000,2" yaku="1,1,0,1,7,1,54,1,53,2" doraHai="53" doraHaiUra="30" who="3" fromWho="3" sc="259,-60,247,-30,265,-30,219,130" owari="199,-30.1,217,-18.3,235,3.5,349,44.9" /></mjloggm>