<mjloggm ver="2.3"><GO type="225" lobby="0"/><UN n0="%61%6D%65%6B%69" n1="%E3%81%BF%E3%81%BF%E3%81%9A" n2="%E6%A1%9C%E8%8A%B1%E9%96%83%E3%80%85" n3="%E3%80%93%E3%81%97%E3%83%BC%E3%82%89%E3%80%93" dan="16,18,16,16" rate="2091.24,2238.89,2180.39,2157.02" sx="M,M,M,M"/><TAIKYOKU oya="0"/><INIT seed="0,0,0,2,3,6" ten="250,250,250,250" oya="0" hai0="104,127,61,0,126,107,133,9,62,98,117,125,109" hai1="69,8,115,23,122,68,47,20,94,45,44,76,108" hai2="92,71,60,93,53,21,2,116,30,31,67,14,55" hai3="37,113,90,46,5,13,48,88,72,66,22,29,100"/><T51/><D117/><U78/><E122/><V86/><F2/><W18/><G72/><T123/><D123/><U87/><E94/><V59/><F116/><W43/><G113/><T7/><D133/><U41/><E41/><V64/><F55/><W65/><G37/><T129/><D129/><U49/><E49/><V128/><F128/><W131/><G131/><T32/><D32/><U79/><E87/><V91/><F93/><W103/><G29/><N who="2" m="10761" /><F71/><N who="1" m="27209" /><E115/><V101/><F101/><N who="3" m="38987" /><G5/><T84/><D109/><U39/><E39/><V15/><F21/><N who="1" m="8265" /><E108/><V24/><F24/><W81/><G81/><T132/><D132/><U135/><E135/><V33/><F33/><W38/><G38/><T57/><D84/><U11/><AGARI ba="0,0" hai="8,11,44,45,47,76,78,79" m="8265,27209" machi="11" ten="40,8000,1" yaku="28,2,52,2" doraHai="6" who="1" fromWho="1" sc="250,-40,250,80,250,-20,250,-20" /><INIT seed="1,0,0,5,4,52" ten="210,330,230,230" oya="1" hai0="15,50,86,46,92,3,114,103,47,57,104,18,94" hai1="65,11,78,49,59,69,5,26,27,21,134,105,67" hai2="13,79,44,113,90,122,84,77,107,95,34,53,1" hai3="97,82,135,55,58,98,108,112,31,127,109,130,118"/><U68/><E105/><V0/><F122/><W66/><G112/><T9/><D114/><U81/><E134/><V33/><F113/><W30/><G135/><T102/><D104/><U101/><E101/><N who="0" m="38409" /><D3/><U73/><E27/><V120/><F107/><W61/><G127/><T117/><D117/><U115/><E115/><V41/><F120/><W60/><G118/><T20/><D9/><U32/><E32/><V45/><F0/><W43/><G43/><T17/><D17/><U110/><E110/><N who="3" m="42602" /><G82/><T124/><D124/><U14/><E65/><V111/><F1/><W25/><G130/><T96/><D96/><N who="3" m="36969" /><G25/><T22/><D22/><U88/><E88/><V87/><F111/><W125/><G125/><T24/><D24/><U126/><E126/><V74/><F34/><W7/><G7/><T119/><D119/><U38/><E38/><V85/><F33/><W123/><G123/><T133/><D133/><U40/><E40/><V37/><F13/><W91/><G91/><N who="0" m="53367" /><D94/><U106/><E106/><V16/><F95/><W121/><G121/><T89/><D89/><U39/><E39/><V128/><F90/><W71/><AGARI ba="0,0" hai="30,31,55,58,60,61,66,71" m="36969,42602" machi="71" ten="30,2000,0" yaku="14,1,52,1" doraHai="52" who="3" fromWho="3" sc="210,-5,330,-10,230,-5,230,20" /><INIT seed="2,0,0,3,5,68" ten="205,320,225,250" oya="2" hai0="131,36,109,82,66,61,2,73,49,4,69,7,28" hai1="110,48,118,35,76,89,115,106,60,125,34,135,10" hai2="23,117,40,58,79,11,24,102,129,86,22,63,90" hai3="50,108,55,17,12,119,80,99,43,64,103,15,74"/><V53/><F117/><W75/><G119/><T30/><D131/><U52/><E118/><V84/><F129/><W87/><G43/><T67/><D67/><U56/><E115/><V25/><F102/><W112/><G64/><T27/><D109/><U18/><E106/><V57/><F40/><W95/><G108/><T134/><D134/><U26/><E76/><V98/><F11/><W81/><G81/><T45/><D2/><U78/><E78/><V29/><F79/><W104/><G15/><T121/><D73/><U65/><E110/><V20/><F58/><W6/><G6/><T46/><D121/><U133/><E89/><V5/><F5/><W39/><G39/><T126/><D30/><U77/><E77/><V47/><F47/><W33/><G33/><T111/><D82/><U113/><E113/><V70/><F70/><W71/><G71/><T85/><D85/><N who="2" m="32874" /><F29/><W31/><G31/><T19/><D19/><U88/><E88/><V62/><F62/><W59/><G112/><T37/><D111/><U114/><E114/><V16/><F25/><W32/><G32/><T41/><D37/><U128/><E128/><V92/><AGARI ba="0,0" hai="16,20,22,23,24,53,57,63,90,92,98" m="32874" machi="92" ten="30,6000,0" yaku="25,1,8,1,54,1" doraHai="68" who="2" fromWho="2" sc="205,-20,320,-20,225,60,250,-20" /><INIT seed="2,1,0,4,4,8" ten="185,300,285,230" oya="2" hai0="46,68,14,126,58,134,16,60,98,62,88,12,71" hai1="93,30,94,130,59,21,20,23,95,19,117,79,85" hai2="135,110,7,76,123,74,99,97,113,42,41,81,105" hai3="119,25,121,102,116,31,11,63,18,90,64,91,80"/><V67/><F113/><W38/><G38/><T125/><D134/><U106/><E106/><V5/><F123/><W104/><G121/><T112/><D112/><U129/><E117/><V107/><F67/><W29/><G29/><T70/><D46/><U87/><E30/><V114/><F114/><W54/><G54/><T69/><N who="0" m="17408" /><DORA hai="32" /><T92/><D62/><U96/><E96/><V115/><F115/><W100/><G63/><T52/><REACH who="0" step="1"/><D14/><REACH who="0" ten="175,300,285,230" step="2"/><U37/><E59/><V109/><F135/><W120/><G120/><T89/><D89/><U43/><E37/><V10/><F109/><W73/><G91/><T82/><D82/><U132/><E132/><V1/><F110/><W24/><G90/><T53/><D53/><U9/><E43/><V57/><F57/><W34/><G80/><T103/><D103/><U133/><E133/><V84/><F42/><W77/><G102/><T61/><D61/><U83/><E130/><V122/><F41/><W27/><G100/><T4/><D4/><U48/><E129/><V44/><F44/><W50/><G116/><T86/><D86/><N who="1" m="48511" /><E48/><V49/><F49/><W51/><G50/><T45/><D45/><U39/><E39/><V22/><F122/><W72/><G51/><T65/><D65/><U28/><E85/><V33/><F84/><W127/><G64/><T108/><D108/><U75/><E87/><V131/><F131/><W47/><G119/><T40/><D40/><U56/><E75/><V101/><F74/><W55/><G73/><T36/><D36/><U26/><E56/><V118/><F118/><W13/><G72/><RYUUKYOKU ba="1,1" sc="175,15,300,15,285,-15,230,-15" hai0="12,16,52,58,60,88,92,98,125,126" hai1="9,19,20,21,23,26,28,93,94,95" /><INIT seed="3,2,1,0,1,102" ten="190,315,270,215" oya="3" hai0="78,0,28,90,12,63,79,27,80,128,94,43,96" hai1="6,24,33,20,114,127,29,123,119,8,130,51,46" hai2="59,88,41,129,72,109,60,107,120,101,125,61,40" hai3="104,49,32,112,54,22,7,121,83,93,115,1,56"/><W99/><G32/><T21/><D0/><U53/><E123/><V81/><F120/><W91/><G121/><T66/><D128/><U69/><E114/><V68/><F129/><W134/><G134/><T110/><D110/><U62/><E130/><V74/><F109/><W64/><G64/><T45/><D12/><U10/><E127/><V92/><F125/><W89/><G104/><T118/><D118/><U117/><E33/><V5/><F5/><W17/><G1/><T131/><D131/><U44/><E44/><V73/><F61/><W111/><G7/><T38/><REACH who="0" step="1"/><D80/><REACH who="0" ten="180,315,270,215" step="2"/><U15/><E8/><V97/><F81/><W87/><G111/><T84/><D84/><U57/><E117/><V124/><F124/><W77/><G77/><T126/><D126/><U116/><E119/><V75/><F75/><W19/><G19/><T100/><D100/><U26/><E116/><V55/><F74/><W34/><G34/><T86/><D86/><U135/><E135/><V132/><F132/><W35/><G35/><T30/><D30/><U3/><E3/><V37/><F73/><W85/><G99/><T48/><D48/><U39/><E29/><V98/><F72/><W106/><G106/><T42/><D42/><N who="1" m="22879" /><E20/><V25/><F41/><W9/><G9/><T36/><D36/><U113/><E113/><V58/><F40/><W23/><G23/><T65/><D65/><AGARI ba="2,2" hai="6,10,15,24,26,51,53,57,62,65,69" m="22879" machi="65" ten="30,1000,0" yaku="24,1" doraHai="102" who="1" fromWho="0" sc="180,-16,315,36,270,0,215,0" owari="164,-33.6,351,45.1,270,7.0,215,-18.5" /></mjloggm>