<mjloggm ver="2.3"><GO type="225" lobby="0"/><UN n0="%77%72%77%72%77%72%77%72" n1="%40%79%75%6B%69%73" n2="%E9%8A%80%E3%81%B0%E3%81%95%E3%81%BF" n3="%E3%81%95%E3%81%8D%E3%81%9F%E3%81%BE%E6%9E%97%E6%AA%8E" dan="16,16,17,16" rate="2122.62,2167.06,2241.06,2064.84" sx="M,M,M,M"/><TAIKYOKU oya="0"/><INIT seed="0,0,0,2,3,110" ten="250,250,250,250" oya="0" hai0="127,31,1,83,85,34,66,68,77,62,131,73,45" hai1="122,59,86,49,37,18,101,65,133,115,92,42,135" hai2="64,35,33,94,3,103,25,36,119,79,102,16,71" hai3="128,88,74,99,84,114,27,117,41,19,15,121,14"/><T116/><D116/><U7/><E122/><V53/><F36/><W113/><G114/><T72/><D131/><U2/><E37/><V26/><F3/><W51/><G117/><T0/><D127/><U118/><E118/><V12/><F119/><W32/><G128/><T132/><D132/><U63/><E7/><V93/><F79/><W46/><G113/><T28/><D28/><U82/><E2/><V56/><F64/><W47/><G74/><T55/><D55/><U38/><E38/><V76/><F76/><W107/><G121/><T52/><D73/><U57/><E18/><V29/><F71/><W48/><G32/><T6/><D85/><U43/><E92/><N who="2" m="35435" /><F33/><W10/><G107/><T8/><D1/><U40/><E101/><N who="2" m="38411" /><F29/><W91/><G99/><T13/><D0/><U126/><E126/><V97/><F35/><W90/><G27/><T22/><D34/><U60/><E115/><V67/><F67/><W95/><REACH who="3" step="1"/><G15/><REACH who="3" ten="250,250,250,240" step="2"/><T134/><D134/><U120/><E120/><V39/><F97/><W9/><G9/><T105/><D105/><U4/><E135/><V24/><F24/><W96/><G96/><T111/><D111/><U70/><E133/><V108/><F108/><W125/><G125/><T58/><D22/><U104/><E104/><V30/><F30/><W17/><G17/><T75/><D31/><U112/><E112/><V23/><F39/><W50/><G50/><AGARI ba="0,1" hai="12,16,23,25,26,50,53,56" m="38411,35435" machi="50" ten="30,2000,0" yaku="8,1,54,1" doraHai="110" who="2" fromWho="3" sc="250,0,250,0,250,30,240,-20" /><INIT seed="1,0,0,0,1,30" ten="250,250,280,220" oya="1" hai0="111,124,75,47,10,17,129,127,128,0,28,76,24" hai1="4,2,16,108,45,112,5,38,21,115,63,96,88" hai2="61,25,117,68,99,71,39,79,90,122,86,55,98" hai3="105,107,97,62,34,77,91,134,126,60,6,87,132"/><U43/><E108/><V116/><F39/><W92/><G126/><N who="0" m="48171" /><D111/><U1/><E4/><V35/><F122/><W26/><G6/><N who="0" m="1351" /><D47/><U15/><E5/><V103/><F79/><W123/><G123/><T51/><D51/><U66/><E112/><V22/><F35/><W8/><G8/><T42/><D42/><U3/><E115/><V101/><F71/><W44/><G44/><T73/><D17/><U64/><REACH who="1" step="1"/><E63/><REACH who="1" ten="250,240,280,220" step="2"/><V9/><F61/><W18/><G62/><T23/><D76/><U121/><E121/><V89/><F117/><W20/><G60/><T81/><D81/><U130/><E130/><AGARI ba="0,1" hai="23,24,28,73,75,128,129,130" m="1351,48171" machi="130" ten="30,2000,0" yaku="19,1,18,1" doraHai="30" who="0" fromWho="1" sc="250,30,240,-20,280,0,220,0" /><INIT seed="2,0,0,1,1,37" ten="280,220,280,220" oya="2" hai0="84,54,64,25,124,81,19,0,77,103,21,36,9" hai1="44,132,18,62,99,34,55,128,66,114,30,72,6" hai2="14,109,16,5,127,58,12,7,85,33,94,106,59" hai3="112,122,129,56,26,80,41,20,95,60,38,92,126"/><V93/><F106/><W8/><G122/><T130/><D36/><U101/><E72/><V91/><F33/><W116/><G116/><T63/><D130/><U83/><E114/><V27/><F127/><W57/><G129/><T78/><D124/><U119/><E128/><V3/><F3/><W50/><G126/><T22/><D103/><U111/><E6/><N who="2" m="2059" /><F109/><W98/><G38/><T89/><D0/><U76/><E18/><V43/><F43/><W68/><G68/><T17/><D9/><U75/><E132/><V107/><F107/><W79/><G8/><T24/><REACH who="0" step="1"/><D54/><REACH who="0" ten="270,220,280,220" step="2"/><U86/><E55/><V35/><F35/><W61/><G112/><T100/><D100/><U120/><E34/><V87/><F27/><W71/><G61/><T46/><D46/><U88/><E44/><V131/><F131/><W2/><G2/><T125/><D125/><U48/><E62/><V102/><F14/><W51/><G60/><T65/><D65/><U110/><E66/><V52/><F52/><W11/><G11/><T49/><D49/><U40/><E48/><V135/><F135/><W42/><G51/><T29/><D29/><U53/><E30/><V123/><F123/><W113/><G50/><T28/><D28/><U118/><E53/><V96/><F87/><W32/><G113/><T134/><D134/><U67/><E67/><V45/><F45/><W31/><G31/><T104/><D104/><N who="1" m="63551" /><E120/><V90/><F102/><W74/><G74/><T133/><D133/><U15/><E119/><V47/><F47/><W121/><G121/><T4/><D4/><U115/><E118/><RYUUKYOKU ba="0,1" sc="270,15,220,-15,280,15,220,-15" hai0="17,19,21,22,24,25,63,64,77,78,81,84,89" hai2="12,16,58,59,85,90,91,93,94,96" /><INIT seed="2,1,1,5,5,107" ten="285,205,295,205" oya="2" hai0="40,125,23,21,113,72,44,87,134,35,128,127,30" hai1="39,58,121,96,71,38,123,126,70,45,75,50,115" hai2="95,67,14,31,61,81,86,51,0,5,57,80,19" hai3="97,17,117,10,89,98,1,24,8,59,132,53,82"/><V130/><F130/><W68/><G117/><T62/><D113/><U76/><E96/><N who="3" m="36970" /><G132/><T108/><D72/><U116/><E76/><V103/><F31/><W77/><G68/><N who="1" m="26154" /><E75/><V109/><F109/><W84/><G1/><T36/><D108/><U124/><E116/><V74/><F74/><W65/><G65/><T16/><D134/><U111/><E111/><V131/><F131/><W22/><G77/><T2/><D2/><U7/><E7/><V26/><F103/><W64/><G64/><T79/><D128/><U85/><E85/><V34/><F0/><W73/><G73/><T27/><D62/><AGARI ba="1,1" hai="8,10,17,22,24,53,59,62,82,84,89" m="36970" machi="62" ten="30,1000,0" yaku="8,1" doraHai="107" who="3" fromWho="0" sc="285,-13,205,0,295,0,205,23" /><INIT seed="3,0,0,4,4,59" ten="272,205,295,228" oya="3" hai0="58,90,114,118,4,51,2,99,35,60,44,89,98" hai1="132,87,36,39,122,107,42,12,56,105,103,9,41" hai2="5,101,37,111,77,84,124,25,115,26,135,50,15" hai3="3,66,127,125,97,104,76,68,72,29,70,27,88"/><W81/><G3/><T0/><D118/><U13/><E122/><V31/><F37/><W93/><G104/><T79/><D35/><U48/><E87/><V16/><F115/><W108/><G108/><T45/><D79/><U55/><E132/><V38/><F38/><W106/><G106/><T110/><D110/><U14/><E9/><N who="2" m="4527" /><F135/><W71/><REACH who="3" step="1"/><G66/><REACH who="3" ten="272,205,295,218" step="2"/><T123/><D0/><U69/><E107/><V83/><F111/><W19/><G19/><T128/><D2/><U113/><E105/><V102/><F16/><W46/><G46/><T112/><D44/><U91/><E113/><V116/><F116/><W117/><G117/><T53/><D114/><U6/><E6/><V64/><F64/><W57/><G57/><T61/><D112/><U24/><E69/><V8/><F31/><W34/><AGARI ba="0,1" hai="27,29,34,68,70,71,72,76,81,88,93,97,125,127" machi="34" ten="40,7800,0" yaku="1,1,0,1,54,1,53,0" doraHai="59" doraHaiUra="32" who="3" fromWho="3" sc="272,-26,205,-26,295,-26,218,88" owari="246,-15.4,179,-32.1,269,6.9,306,40.6" /></mjloggm>