<mjloggm ver="2.3"><GO type="225" lobby="0"/><UN n0="%E6%A1%9C%E8%8A%B1%E9%96%83%E3%80%85" n1="%E7%B4%94%E6%BD%94%E3%83%94%E3%83%A9%E3%83%8B%E3%82%A2" n2="%6D%75%75%6D%75%72%61" n3="%28%EF%BF%A3%E2%96%BD%EF%BF%A3%29%CE%B4%E2%8C%92%E3%83%BB" dan="16,16,16,16" rate="2035.02,2153.57,2091.05,2111.34" sx="M,M,F,M"/><TAIKYOKU oya="0"/><INIT seed="0,0,0,1,2,127" ten="250,250,250,250" oya="0" hai0="109,32,68,123,89,99,13,22,31,100,9,121,56" hai1="49,24,40,73,71,132,103,39,46,33,52,42,105" hai2="106,65,30,93,17,111,124,37,54,101,115,76,134" hai3="35,70,11,110,88,15,10,107,91,117,72,0,81"/><T2/><D68/><U12/><E73/><V130/><F106/><W47/><G70/><T118/><D118/><U67/><E132/><V135/><F37/><W66/><G107/><T3/><D89/><U53/><E12/><V126/><F115/><W21/><G35/><T61/><D32/><U82/><E82/><V79/><F65/><W18/><G66/><T4/><D109/><U114/><E114/><V1/><F30/><W95/><G117/><T87/><D87/><U28/><E53/><V38/><F17/><W102/><G110/><T83/><D83/><U34/><E34/><V57/><F57/><W80/><G102/><T94/><D2/><U62/><REACH who="1" step="1"/><E39/><REACH who="1" ten="250,240,250,250" step="2"/><V122/><F54/><W51/><G0/><T41/><D3/><U120/><E120/><V112/><F38/><W8/><G72/><T119/><D119/><U45/><E45/><V6/><F122/><W104/><G104/><T27/><REACH who="0" step="1"/><D41/><REACH who="0" ten="240,240,250,250" step="2"/><U20/><E20/><V86/><F1/><W74/><G74/><T133/><D133/><U78/><E78/><V16/><F76/><W59/><G91/><T75/><D75/><U84/><E84/><V43/><F134/><W55/><REACH who="3" step="1"/><G47/><REACH who="3" ten="240,240,250,240" step="2"/><T92/><D92/><U131/><E131/><V108/><F130/><W98/><AGARI ba="0,3" hai="8,10,11,15,18,21,51,55,59,80,81,88,95,98" machi="98" ten="30,12000,2" yaku="1,1,2,1,0,1,8,1,54,1,53,1" doraHai="127" doraHaiUra="14" who="3" fromWho="3" sc="240,-60,240,-30,250,-30,240,150" /><INIT seed="1,0,0,4,2,28" ten="180,210,220,390" oya="1" hai0="113,92,134,85,88,131,94,65,74,100,48,124,89" hai1="109,78,46,68,120,47,20,45,84,23,101,42,30" hai2="97,122,41,59,9,77,19,16,93,125,123,49,0" hai3="2,103,4,35,62,110,7,36,54,52,3,6,66"/><U90/><E120/><V99/><F125/><W60/><G36/><T128/><D65/><U107/><E68/><V115/><F77/><W114/><G114/><T64/><D64/><U10/><E78/><V39/><F39/><W102/><G66/><T22/><D113/><U96/><E109/><V63/><F115/><W26/><G26/><T40/><D124/><U75/><E75/><V127/><F127/><W53/><G35/><T104/><D22/><U87/><E87/><V67/><F0/><N who="3" m="43" /><G110/><T61/><D61/><AGARI ba="0,0" hai="4,6,7,52,53,54,60,61,62,102,103" m="43" machi="61" ten="40,5200,0" yaku="28,2,54,1" doraHai="28" who="3" fromWho="0" sc="180,-52,210,0,220,0,390,52" /><INIT seed="2,0,0,3,2,134" ten="128,210,220,442" oya="2" hai0="54,39,1,41,42,2,94,91,85,75,127,55,92" hai1="23,95,97,57,72,103,133,110,71,109,117,49,56" hai2="22,80,44,6,87,36,106,21,68,34,33,30,132" hai3="86,11,66,65,58,14,25,53,125,28,111,37,135"/><V112/><F112/><W20/><G125/><T128/><D128/><U10/><E71/><V45/><F68/><W131/><G37/><T8/><D75/><U89/><E72/><V48/><F106/><W4/><G135/><T82/><D39/><U51/><E117/><V73/><F73/><W61/><G111/><N who="1" m="42506" /><E133/><V16/><F6/><W29/><G131/><T83/><D85/><N who="1" m="52655" /><E10/><V12/><F132/><W74/><G74/><T17/><D91/><U63/><E23/><V124/><F36/><W108/><G108/><T105/><D8/><U69/><E69/><V120/><F124/><W59/><G86/><T98/><D17/><U7/><E7/><V129/><F120/><W5/><G5/><T122/><D98/><U40/><E40/><V18/><F30/><N who="3" m="17703" /><G66/><T88/><D88/><U19/><E19/><V0/><F0/><W76/><G76/><T27/><D27/><U113/><E113/><V77/><F129/><W3/><G3/><T123/><REACH who="0" step="1"/><D105/><REACH who="0" ten="118,210,220,442" step="2"/><N who="1" m="63727" /><E57/><V101/><F18/><W70/><G70/><T47/><D47/><U121/><E121/><V104/><F45/><W62/><AGARI ba="0,1" hai="4,11,14,28,29,53,58,59,61,62,65" m="17703" machi="62" ten="30,1100,0" yaku="8,1" doraHai="134" who="3" fromWho="3" sc="118,-3,210,-3,220,-5,442,21" /><INIT seed="3,0,0,4,4,128" ten="115,207,215,463" oya="3" hai0="0,95,79,36,49,83,41,117,4,70,44,9,94" hai1="29,64,45,76,96,67,75,87,53,58,24,15,130" hai2="32,37,74,51,106,31,17,28,5,93,77,3,124" hai3="107,12,119,61,55,134,33,34,14,108,71,50,126"/><W112/><G107/><T121/><D117/><U135/><E75/><V46/><F106/><W43/><G55/><T39/><D121/><U57/><E130/><V129/><F37/><W62/><G50/><T102/><D39/><U131/><E135/><V60/><F32/><W59/><G43/><T100/><D70/><U10/><E131/><V2/><F124/><W13/><G59/><T99/><D49/><N who="1" m="28847" /><E96/><V113/><F113/><W78/><G71/><T56/><D56/><N who="1" m="21611" /><E24/><V16/><F3/><W111/><G119/><T81/><D81/><N who="1" m="47527" /><E29/><V1/><F1/><W23/><G112/><T48/><D48/><U25/><E25/><V22/><F28/><W20/><G14/><T115/><D115/><U7/><AGARI ba="0,0" hai="7,10,15,64,67" m="47527,21611,28847" machi="7" ten="30,1100,0" yaku="8,1" doraHai="128" who="1" fromWho="1" sc="115,-3,207,11,215,-3,463,-5" owari="112,-38.8,218,1.8,212,-18.8,458,55.8" /></mjloggm>