<mjloggm ver="2.3"><GO type="225" lobby="0"/><UN n0="%E3%82%BC%E3%83%AB%E3%83%80%E3%81%AE%E4%BC%9D%E8%AA%AC" n1="%E5%8D%A0%E3%81%84%E5%B8%AB%E8%A3%8F%E3%81%AA%E3%81%84%E3%81%97" n2="%E9%BB%92%E9%89%84%E7%8F%A0%E9%9B%AB" n3="%E3%81%B5%E3%81%98%E3%81%8B%E3%81%A4" dan="17,17,16,17" rate="2220.02,2221.41,2187.01,2216.18" sx="M,M,M,M"/><TAIKYOKU oya="0"/><INIT seed="0,0,0,4,0,94" ten="250,250,250,250" oya="0" hai0="7,91,90,42,130,125,40,102,11,82,101,51,127" hai1="120,5,67,8,32,15,74,132,22,79,2,71,12" hai2="6,113,88,50,117,105,30,111,62,81,59,76,41" hai3="60,43,45,58,100,37,124,13,126,34,97,98,128"/><T56/><D130/><U27/><E120/><V68/><F113/><W65/><G128/><T10/><D56/><U72/><E132/><V87/><F105/><W85/><G34/><T29/><D29/><U78/><E32/><V28/><F68/><W44/><G44/><T20/><D20/><U48/><E2/><V93/><F111/><W64/><G64/><T123/><D51/><U26/><E67/><V52/><F6/><W39/><G100/><T38/><D82/><U47/><E71/><V66/><F41/><W131/><G131/><T92/><D92/><U75/><E15/><V33/><F33/><W89/><G37/><T54/><D54/><U103/><E103/><V135/><F135/><W3/><G13/><T80/><D80/><U95/><E95/><V77/><F117/><W70/><G3/><T49/><D49/><U110/><E110/><V104/><F104/><W106/><G106/><T96/><D7/><U1/><E1/><V63/><F77/><W14/><G14/><T21/><D21/><U55/><REACH who="1" step="1"/><E26/><REACH who="1" ten="250,240,250,250" step="2"/><V31/><REACH who="2" step="1"/><F66/><REACH who="2" ten="250,240,240,250" step="2"/><W46/><G70/><T99/><D123/><U35/><E35/><V133/><F133/><W86/><G43/><T84/><D38/><U122/><E122/><V24/><F24/><W134/><G39/><T57/><D40/><U0/><E0/><V61/><F61/><W36/><G36/><T25/><D42/><U83/><E83/><V129/><F129/><W119/><G134/><T23/><D25/><U53/><E53/><V108/><F108/><W19/><G119/><T121/><D121/><U115/><E115/><RYUUKYOKU ba="0,2" sc="250,-15,240,15,240,15,250,-15" hai1="5,8,12,22,27,47,48,55,72,74,75,78,79" hai2="28,30,31,50,52,59,62,63,76,81,87,88,93" /><INIT seed="1,1,2,1,3,55" ten="235,255,255,235" oya="1" hai0="75,56,15,45,16,9,114,4,31,70,43,123,105" hai1="25,93,17,46,78,95,8,37,22,2,132,124,30" hai2="72,60,104,106,44,119,49,73,115,29,58,134,36" hai3="91,26,0,98,13,18,61,39,89,42,24,1,62"/><U116/><E116/><V88/><F119/><W117/><G117/><T19/><D114/><U86/><E132/><V129/><F134/><W77/><G77/><T69/><D105/><U111/><E124/><V127/><F127/><W122/><G122/><T32/><D75/><U76/><E111/><V108/><F108/><W97/><G42/><T10/><D123/><U65/><E65/><V133/><F133/><W120/><G39/><T66/><D32/><U79/><E86/><V109/><F109/><W57/><G120/><T63/><D31/><U126/><E126/><V110/><F110/><W96/><G13/><T103/><D103/><U125/><E125/><V12/><F36/><W48/><G48/><T83/><D83/><U27/><E2/><V59/><F29/><W90/><G18/><T51/><D19/><U35/><REACH who="1" step="1"/><E8/><REACH who="1" ten="235,245,255,235" step="2"/><V41/><F115/><W92/><G0/><AGARI ba="1,3" hai="0,4,9,10,15,16,43,45,51,56,63,66,69,70" machi="0" ten="30,3900,0" yaku="7,1,52,1,54,1" doraHai="55" who="0" fromWho="3" sc="235,72,245,0,255,0,235,-42" /><INIT seed="2,0,0,5,0,133" ten="307,245,255,193" oya="2" hai0="115,50,10,60,63,29,56,39,37,36,84,26,120" hai1="69,66,79,3,78,110,18,103,95,52,42,24,21" hai2="59,17,46,33,93,47,85,35,90,100,34,70,107" hai3="118,99,89,129,64,51,76,12,48,82,126,27,22"/><V112/><F70/><W83/><G118/><T104/><D115/><U75/><E110/><V41/><F112/><W77/><G129/><T98/><D120/><U125/><E3/><V109/><F109/><W88/><G64/><T62/><D84/><U45/><E75/><V96/><F59/><W74/><G12/><T9/><D56/><U134/><E134/><V131/><F131/><W32/><G32/><T80/><D80/><U132/><E132/><V130/><F130/><W127/><G99/><T30/><D50/><N who="3" m="18985" /><G22/><T128/><D128/><U14/><E69/><V54/><F54/><W72/><G27/><T4/><D4/><U135/><E135/><V31/><F31/><W15/><G15/><T116/><D116/><U61/><E14/><V1/><F1/><W91/><G82/><T40/><D40/><U117/><E42/><V113/><F113/><W53/><G53/><T38/><D38/><U25/><E25/><V73/><F41/><W13/><G13/><T20/><D30/><U105/><E117/><V123/><F123/><W7/><G7/><T81/><D81/><U119/><E119/><V92/><F73/><N who="3" m="28267" /><G83/><T94/><D104/><U49/><E105/><V44/><F107/><W65/><G65/><T124/><D9/><U28/><E28/><V43/><F43/><W5/><G5/><T11/><D11/><U114/><E114/><V101/><F17/><W111/><G111/><T86/><D10/><U8/><E8/><V106/><F106/><W2/><G2/><T71/><D71/><U58/><E18/><V67/><F67/><W57/><G57/><RYUUKYOKU ba="0,0" sc="307,-15,245,-15,255,15,193,15" hai2="33,34,35,44,46,47,85,90,92,93,96,100,101" hai3="76,77,88,89,91,126,127" /><INIT seed="2,1,0,1,5,36" ten="292,230,270,208" oya="2" hai0="125,126,91,92,51,106,8,24,19,99,26,10,60" hai1="28,113,96,77,12,52,33,43,94,111,54,32,104" hai2="98,58,123,66,122,135,23,14,79,67,110,72,82" hai3="118,50,103,73,127,47,15,70,102,37,78,22,74"/><V4/><F135/><W86/><G118/><T124/><D106/><U63/><E113/><V6/><F6/><W16/><G127/><T93/><D60/><U116/><E104/><V129/><F129/><W59/><G70/><T100/><D51/><U45/><E116/><V1/><F1/><W20/><G37/><T83/><D83/><U119/><E77/><V11/><F110/><W46/><G59/><T109/><D109/><U62/><E111/><V105/><F23/><W61/><G61/><T0/><D0/><U131/><E131/><V97/><F97/><W101/><G22/><N who="0" m="13407" /><D26/><U7/><E32/><V132/><F132/><W95/><G74/><T87/><AGARI ba="1,0" hai="8,10,87,91,92,93,99,100,124,125,126" m="13407" machi="87" ten="30,1100,0" yaku="18,1" doraHai="36" who="0" fromWho="0" sc="292,14,230,-4,270,-6,208,-4" /><INIT seed="3,0,0,5,2,116" ten="306,226,264,204" oya="3" hai0="8,27,1,66,42,114,86,99,30,77,109,94,76" hai1="2,56,81,71,59,26,96,73,48,21,115,88,47" hai2="74,126,23,54,113,92,102,132,85,11,135,63,128" hai3="127,6,51,20,62,83,16,84,57,40,123,22,97"/><W36/><G127/><T49/><D109/><U120/><E115/><V108/><F74/><W80/><G123/><T24/><D114/><U103/><E71/><V124/><F108/><W122/><G122/><T87/><D1/><U101/><E2/><V55/><F113/><W18/><G36/><T129/><D129/><U34/><E34/><V53/><F63/><W91/><G6/><T31/><D8/><U121/><E73/><V17/><F11/><W107/><G107/><T79/><D66/><U70/><E70/><V41/><F41/><W13/><G97/><T37/><D37/><U5/><E5/><V117/><F117/><W15/><G40/><T60/><D60/><U130/><E130/><V38/><F38/><W95/><G51/><T46/><D24/><U75/><E75/><V131/><F85/><N who="0" m="32266" /><D27/><U9/><E9/><V25/><F92/><W93/><REACH who="3" step="1"/><G93/><REACH who="3" ten="306,226,264,194" step="2"/><T69/><D69/><U61/><E121/><V0/><F0/><W29/><G29/><T134/><D134/><N who="2" m="51242" /><F102/><AGARI ba="0,1" hai="30,31,42,46,49,76,77,79,94,99,102" m="32266" machi="102" ten="30,1000,0" yaku="8,1" doraHai="116" who="0" fromWho="2" sc="306,20,226,0,264,-10,194,0" owari="326,42.6,226,-17.4,254,5.4,194,-30.6" /></mjloggm>