<mjloggm ver="2.3"><GO type="225" lobby="0"/><UN n0="%E3%81%A1%E3%82%85%E3%81%86%E3%81%A9%E3%81%8F%E8%B1%A1%E3%81%95%E3%82%93" n1="%E2%91%A3%E9%81%BF%E9%81%8A%E6%88%AF%E3%80%90%E6%9D%B1%E5%8D%97%E3%80%91" n2="%E3%82%BF%E3%83%84%E3%83%9E%E3%82%AD" n3="%E3%83%AD%E3%83%83%E3%83%86%E9%9B%80%E7%90%83" dan="17,16,16,17" rate="2185.45,2127.86,2025.69,2160.51" sx="M,M,F,M"/><TAIKYOKU oya="0"/><INIT seed="0,0,0,1,2,39" ten="250,250,250,250" oya="0" hai0="111,2,97,29,58,122,47,90,75,87,129,88,133" hai1="44,11,94,45,23,100,101,76,24,10,86,34,15" hai2="5,50,119,13,89,27,95,22,16,56,59,49,41" hai3="30,113,73,0,135,134,126,42,31,4,127,26,25"/><T112/><D122/><U35/><E76/><V28/><F119/><W84/><G42/><T1/><D112/><U117/><E86/><V124/><F5/><W3/><G84/><T114/><D75/><U96/><E117/><V116/><F124/><N who="3" m="47659" /><G73/><T104/><D29/><N who="3" m="10761" /><G113/><T121/><D121/><U120/><E120/><V36/><F36/><W48/><G48/><N who="2" m="18537" /><F41/><W12/><G12/><T14/><D114/><U103/><E35/><V65/><F65/><W107/><G107/><T18/><D47/><N who="1" m="17995" /><E34/><V85/><F116/><W6/><G6/><T19/><D58/><U118/><E118/><V7/><F7/><W130/><G130/><T128/><D14/><U21/><E15/><V40/><F40/><W82/><G82/><T79/><D87/><U102/><E23/><AGARI ba="0,0" hai="13,16,22,23,27,28,56,59,85,89,95" m="18537" machi="23" ten="30,2000,0" yaku="8,1,54,1" doraHai="39" who="2" fromWho="1" sc="250,0,250,-20,250,20,250,0" /><INIT seed="1,0,0,4,4,36" ten="250,230,270,250" oya="1" hai0="86,100,44,74,87,30,55,101,83,128,73,23,93" hai1="68,64,66,129,77,41,112,25,45,65,57,118,115" hai2="110,54,91,8,70,53,52,59,7,78,111,107,46" hai3="60,108,125,48,131,0,50,69,106,88,39,127,84"/><U6/><E6/><V71/><F107/><W132/><G0/><T67/><D67/><N who="1" m="25675" /><E77/><V24/><F78/><W109/><G60/><T33/><D33/><U105/><E25/><V61/><F91/><W37/><G69/><N who="2" m="26121" /><F24/><W124/><G106/><T5/><D5/><U79/><E79/><V14/><F46/><W42/><G132/><T96/><D128/><U135/><E105/><V1/><F1/><W29/><G131/><T17/><D30/><U58/><E129/><V32/><F32/><W19/><G19/><T104/><D87/><U51/><E135/><V114/><F114/><N who="1" m="43561" /><E118/><V117/><F117/><W21/><G21/><T3/><D3/><U119/><E119/><V76/><F76/><W20/><G20/><T4/><D4/><U81/><E81/><V10/><F8/><W62/><G29/><T16/><D17/><U18/><E18/><V82/><F82/><N who="3" m="49175" /><G62/><AGARI ba="0,0" hai="41,45,51,57,58,62,66,68" m="43561,25675" machi="62" ten="30,5800,0" yaku="34,2,52,1" doraHai="36" who="1" fromWho="3" sc="250,0,230,58,270,0,250,-58" /><INIT seed="1,1,0,4,3,113" ten="250,288,270,192" oya="1" hai0="8,11,101,63,92,115,107,28,43,27,9,16,34" hai1="35,119,4,103,51,122,45,57,93,17,131,33,14" hai2="88,2,77,105,13,132,127,96,62,39,112,71,26" hai3="98,40,84,1,24,108,7,130,94,104,110,58,70"/><U44/><E122/><V117/><F2/><W3/><G104/><T83/><D115/><U106/><E106/><V50/><F39/><W75/><G70/><T125/><D125/><U29/><E35/><V15/><F112/><W60/><G75/><T23/><D43/><U20/><E131/><V42/><F77/><W53/><G130/><T85/><D107/><U67/><E33/><V86/><F132/><W124/><G124/><T48/><D48/><U56/><E4/><V97/><F127/><W30/><G84/><T80/><D63/><U52/><E29/><V78/><F78/><W10/><G40/><T54/><D54/><U59/><E44/><V118/><F26/><W64/><G53/><T99/><REACH who="0" step="1"/><D85/><REACH who="0" ten="240,288,270,192" step="2"/><U22/><E67/><V129/><F129/><W73/><G73/><T87/><D87/><U114/><E114/><V19/><F50/><W47/><G47/><T102/><D102/><U61/><E61/><V90/><F42/><W46/><G46/><T6/><D6/><U72/><E72/><V116/><F105/><W133/><G133/><T21/><D21/><U123/><E22/><V32/><F32/><W12/><G110/><T18/><D18/><U37/><E37/><V66/><F19/><W25/><G108/><T41/><D41/><U55/><E55/><V134/><F134/><W36/><G36/><T76/><D76/><U128/><E128/><V74/><F74/><W5/><G5/><T81/><D81/><U69/><E45/><V68/><F86/><W89/><G30/><T95/><D95/><U120/><E93/><N who="2" m="56375" /><F71/><W38/><G38/><RYUUKYOKU ba="1,1" sc="240,10,288,-30,270,10,192,10" hai0="8,9,11,16,23,27,28,34,80,83,92,99,101" hai2="13,15,62,66,68,88,97,116,117,118" hai3="1,3,7,10,12,24,25,58,60,64,89,94,98" /><INIT seed="2,2,1,2,4,104" ten="250,258,280,202" oya="2" hai0="117,112,114,118,62,121,83,124,47,37,69,45,75" hai1="28,66,133,52,38,111,17,31,123,10,35,98,128" hai2="113,78,68,3,73,92,90,23,40,99,94,96,102" hai3="85,130,88,11,29,131,49,93,19,13,122,91,46"/><V106/><F3/><W8/><G122/><T64/><D75/><U109/><E123/><V86/><F68/><W5/><G29/><T76/><D121/><U24/><E38/><V32/><F32/><W2/><REACH who="3" step="1"/><G91/><REACH who="3" ten="250,258,280,192" step="2"/><T14/><D114/><U100/><E31/><V54/><F113/><W7/><G7/><T74/><D112/><U43/><E28/><V125/><F125/><W56/><G56/><T116/><D124/><U132/><E132/><V21/><F40/><AGARI ba="2,2" hai="2,5,8,11,13,19,40,46,49,85,88,93,130,131" machi="40" ten="40,2600,0" yaku="1,1,54,1,53,0" doraHai="104" doraHaiUra="115" who="3" fromWho="2" sc="250,0,258,0,280,-32,192,52" /><INIT seed="3,0,0,2,0,15" ten="250,258,248,244" oya="3" hai0="86,96,44,57,71,13,46,133,135,107,77,56,105" hai1="134,31,26,1,99,68,72,39,87,104,65,88,38" hai2="17,120,21,34,63,76,6,11,84,127,24,19,128" hai3="93,27,12,30,48,67,113,25,131,115,59,102,103"/><W66/><G131/><T45/><D71/><U41/><E72/><V111/><F128/><W33/><G27/><T123/><D123/><U74/><E74/><V132/><F120/><W47/><G12/><T55/><D13/><U119/><E1/><V18/><F111/><W95/><G95/><T91/><D77/><U97/><E119/><V52/><F34/><W75/><G75/><T121/><D121/><U64/><E134/><N who="0" m="51209" /><D96/><U37/><E41/><V43/><F43/><W114/><G93/><N who="0" m="54519" /><D56/><U32/><E68/><V22/><F132/><W83/><G83/><T80/><D80/><U129/><E129/><V89/><F76/><W117/><G117/><T35/><D35/><U70/><E70/><V61/><F24/><W110/><G110/><T54/><D54/><U124/><E99/><V36/><F52/><W51/><G59/><T49/><AGARI ba="0,0" hai="44,45,46,49,55,57,105,107" m="54519,51209" machi="49" ten="30,1100,0" yaku="20,1" doraHai="15" who="0" fromWho="0" sc="250,11,258,-3,248,-3,244,-5" /><INIT seed="4,0,0,1,0,13" ten="261,255,245,239" oya="0" hai0="107,17,12,70,125,106,69,89,8,47,88,45,131" hai1="93,9,100,18,113,132,22,19,116,130,36,80,39" hai2="96,35,10,85,65,102,7,94,108,40,105,50,79" hai3="76,78,109,121,14,20,135,25,52,110,51,103,64"/><T84/><D131/><U90/><E130/><V87/><F108/><W16/><G135/><T81/><D125/><U114/><E116/><V97/><F35/><W129/><G129/><T124/><D124/><U11/><E80/><V23/><F65/><W53/><G121/><T33/><D33/><U41/><E100/><V83/><F23/><N who="3" m="11671" /><G110/><T37/><D89/><U3/><E22/><V49/><F85/><W6/><G109/><T31/><D31/><U115/><E132/><V101/><REACH who="2" step="1"/><F40/><REACH who="2" ten="261,255,235,239" step="2"/><W63/><G6/><T34/><D34/><U57/><E41/><V98/><F98/><W32/><G32/><T54/><D37/><U42/><E42/><V44/><F44/><N who="3" m="27751" /><G64/><T111/><D111/><U127/><E39/><V122/><F122/><W56/><G103/><T5/><D45/><U62/><E36/><V92/><F92/><W126/><G126/><T118/><D118/><U60/><E127/><V4/><F4/><W55/><G55/><T68/><D5/><U77/><E114/><V91/><F91/><W82/><G82/><T67/><D67/><U119/><E90/><V66/><F66/><W0/><G0/><AGARI ba="0,1" hai="0,7,10,49,50,79,83,87,94,96,97,101,102,105" machi="0" ten="30,2000,0" yaku="1,1,7,1,53,0" doraHai="13" doraHaiUra="24" who="2" fromWho="3" sc="261,0,255,0,235,30,239,-20" /><INIT seed="5,0,0,2,5,109" ten="261,255,265,219" oya="1" hai0="5,46,45,58,3,103,130,117,97,124,118,82,55" hai1="69,64,86,125,113,22,23,115,14,108,77,34,32" hai2="93,62,13,20,133,76,99,35,28,30,16,49,129" hai3="41,105,39,101,2,60,123,95,70,72,96,112,98"/><U9/><E108/><V4/><F133/><W52/><G123/><T68/><D68/><U73/><E73/><V114/><F129/><W29/><G72/><T44/><D130/><U110/><E110/><V8/><F114/><N who="1" m="43529" /><E125/><V61/><F76/><W79/><G79/><T63/><D124/><U17/><E69/><V121/><F121/><W57/><G2/><T127/><D127/><U15/><E64/><V38/><F38/><W71/><G112/><T0/><D82/><N who="1" m="47439" /><E23/><V40/><F35/><W42/><G29/><T48/><D117/><U89/><E89/><V47/><F30/><W100/><REACH who="3" step="1"/><G42/><REACH who="3" ten="261,255,265,209" step="2"/><T119/><D119/><U126/><E126/><V50/><F28/><W128/><G128/><T59/><D118/><U134/><E134/><V10/><F40/><W88/><G88/><T33/><D33/><U65/><E65/><V111/><F111/><W21/><G21/><T90/><D90/><U91/><E91/><V67/><F20/><W36/><G36/><T122/><D122/><U102/><E102/><V24/><F67/><W131/><G131/><T51/><D103/><U85/><E85/><V94/><F10/><W135/><G135/><T92/><D0/><U104/><E104/><V83/><F8/><W84/><G84/><T11/><D3/><U87/><E87/><V75/><F75/><W116/><G116/><T12/><D97/><U81/><E81/><V18/><F83/><W1/><G1/><T25/><D11/><U31/><E31/><V43/><F99/><W19/><G19/><AGARI ba="0,1" hai="9,14,15,17,19,22,32,34" m="47439,43529" machi="19" ten="30,11600,0" yaku="15,1,52,3" doraHai="109" who="1" fromWho="3" sc="261,0,255,126,265,0,209,-116" owari="261,-13.9,381,48.1,265,6.5,93,-40.7" /></mjloggm>