<mjloggm ver="2.3"><GO type="225" lobby="0"/><UN n0="%E6%A1%9C%E8%8A%B1%E9%96%83%E3%80%85" n1="%E6%97%A5%E6%9B%9C%E6%97%A5%E3%82%88%E3%82%8A%E3%81%AE%E4%BD%BF%E8%80%85" n2="%E3%83%A8%E3%82%B7%E3%83%AF" n3="%72%69%6F%75%63%68%61%6E" dan="16,17,17,16" rate="2117.11,2153.58,2206.43,2177.15" sx="M,M,M,M"/><TAIKYOKU oya="0"/><INIT seed="0,0,0,1,3,30" ten="250,250,250,250" oya="0" hai0="88,35,39,108,103,63,50,49,44,89,106,96,24" hai1="119,120,55,42,16,135,43,19,76,51,131,83,12" hai2="129,37,13,56,14,71,79,46,60,25,34,114,125" hai3="1,116,28,110,87,0,48,17,18,105,29,57,62"/><T11/><D108/><U77/><E119/><V130/><F114/><W81/><G116/><T99/><D11/><N who="1" m="6175" /><E120/><V27/><F125/><W61/><G105/><T126/><D126/><U22/><E131/><N who="2" m="50187" /><F71/><W85/><G110/><T31/><D63/><N who="3" m="24073" /><G0/><T97/><D39/><U100/><E100/><V20/><F79/><N who="1" m="30281" /><E83/><V121/><F121/><W92/><G1/><T74/><D74/><U68/><E68/><V122/><F122/><W111/><G92/><T38/><D38/><U117/><E135/><V90/><F90/><N who="3" m="51503" /><G111/><T41/><REACH who="0" step="1"/><D50/><REACH who="0" ten="240,250,250,250" step="2"/><U123/><E123/><V2/><F37/><W134/><G48/><T36/><D36/><U52/><E117/><V132/><F132/><W112/><G134/><T82/><D82/><U104/><E104/><V78/><F60/><W98/><G112/><T15/><D15/><N who="1" m="9599" /><E55/><V58/><F14/><W102/><G87/><T67/><D67/><U115/><E115/><V47/><F2/><W64/><G64/><T10/><D10/><U94/><E94/><V32/><F13/><W21/><G98/><AGARI ba="0,1" hai="24,31,35,41,44,49,88,89,96,97,98,99,103,106" machi="98" ten="40,12000,1" yaku="1,1,52,1,54,1,53,2" doraHai="30" doraHaiUra="84" who="0" fromWho="3" sc="240,130,250,0,250,0,250,-120" /><INIT seed="0,1,0,0,3,120" ten="370,250,250,130" oya="0" hai0="38,128,100,25,14,84,40,75,80,39,67,7,124" hai1="125,104,97,117,43,91,21,58,41,101,8,30,109" hai2="130,60,4,79,32,46,0,44,112,10,90,69,1" hai3="93,64,71,45,12,20,57,107,56,92,51,53,95"/><T133/><D75/><U65/><E117/><V62/><F112/><W26/><G107/><T110/><D124/><U48/><E125/><V24/><F130/><W59/><G71/><T11/><D128/><U106/><E106/><V2/><F79/><W49/><G12/><T131/><D131/><U33/><E33/><V15/><F90/><W98/><G64/><T36/><D133/><U72/><E72/><V16/><F69/><W76/><G76/><T99/><D67/><U23/><E8/><V17/><F32/><W123/><G123/><T6/><D25/><U88/><E109/><V85/><F85/><W31/><REACH who="3" step="1"/><G49/><REACH who="3" ten="370,250,250,120" step="2"/><T73/><D38/><U27/><E48/><V19/><REACH who="2" step="1"/><F24/><REACH who="2" ten="370,250,240,120" step="2"/><W47/><G47/><AGARI ba="1,2" hai="0,1,2,4,10,15,16,17,19,44,46,47,60,62" machi="47" ten="50,6400,0" yaku="1,1,2,1,54,1,53,0" doraHai="120" doraHaiUra="102" who="2" fromWho="3" sc="370,0,250,0,240,87,120,-67" /><INIT seed="1,0,0,0,0,34" ten="370,250,327,53" oya="1" hai0="60,17,131,0,26,79,99,108,39,120,6,49,58" hai1="19,38,43,80,103,45,40,32,4,50,102,46,23" hai2="115,109,95,64,114,70,77,35,110,104,41,61,10" hai3="59,116,8,91,113,47,25,21,83,100,33,74,123"/><U65/><E32/><V111/><F95/><W63/><G123/><T86/><D39/><U54/><E65/><V117/><F77/><W134/><G113/><N who="2" m="43017" /><F10/><W69/><G134/><T36/><D36/><U22/><E4/><V85/><F85/><W28/><G69/><T135/><D108/><U133/><E133/><V14/><F14/><W121/><G121/><T92/><D131/><U67/><E67/><V94/><F94/><W89/><G116/><T106/><D106/><U72/><E54/><V68/><F35/><W82/><G100/><T93/><D120/><U24/><E72/><V56/><F104/><W66/><G47/><T98/><D92/><U48/><E38/><V125/><F117/><W88/><G74/><T11/><D49/><U126/><E126/><V107/><F107/><W29/><REACH who="3" step="1"/><G8/><REACH who="3" ten="370,250,327,43" step="2"/><T75/><D75/><U118/><E118/><V7/><F125/><W130/><G130/><T84/><D11/><U119/><E119/><V78/><F7/><W53/><G53/><T129/><D6/><U3/><E3/><V42/><F78/><W96/><G96/><T122/><D98/><U105/><E105/><V62/><F70/><W12/><G12/><T57/><D99/><U18/><REACH who="1" step="1"/><E80/><REACH who="1" ten="370,240,327,43" step="2"/><V27/><F68/><W51/><G51/><T37/><D37/><U5/><E5/><V112/><F112/><W9/><G9/><T44/><D122/><U55/><E55/><V20/><F62/><W101/><G101/><T87/><D60/><U81/><E81/><V128/><F128/><W71/><G71/><T15/><D129/><U76/><E76/><RYUUKYOKU ba="0,2" sc="370,-30,240,10,327,10,43,10" hai1="18,19,22,23,24,40,43,45,46,48,50,102,103" hai2="20,27,41,42,56,61,64,109,110,111" hai3="21,25,28,29,33,59,63,66,82,83,88,89,91" /><INIT seed="1,1,2,1,2,114" ten="340,250,337,53" oya="1" hai0="66,26,108,96,100,129,111,74,54,48,2,11,68" hai1="133,85,12,98,33,52,67,123,130,3,83,132,55" hai2="8,77,60,44,14,4,82,63,127,23,30,0,38" hai3="37,29,32,120,65,41,79,128,64,73,103,59,81"/><U72/><E3/><V49/><F127/><W122/><G128/><T95/><D74/><U10/><E33/><V13/><F38/><W105/><G64/><T46/><D129/><U117/><E123/><V42/><F0/><W93/><G93/><T78/><D78/><N who="1" m="46327" /><E72/><V90/><F90/><W121/><G65/><T124/><D124/><U109/><E130/><V56/><F56/><W19/><G59/><T61/><REACH who="0" step="1"/><D26/><REACH who="0" ten="330,250,337,53" step="2"/><U106/><E67/><V91/><F91/><W97/><G19/><T110/><D110/><U102/><E109/><V22/><F30/><W84/><G84/><T86/><D86/><U62/><E62/><V134/><F134/><N who="1" m="51817" /><E117/><V116/><F116/><W89/><G122/><T119/><D119/><U87/><E87/><N who="2" m="48591" /><F63/><W88/><G121/><T9/><D9/><U28/><E28/><V76/><F60/><W31/><G120/><T135/><D135/><U27/><E27/><V47/><F76/><W99/><G29/><T58/><D58/><U126/><E126/><V15/><F47/><W113/><G31/><T39/><D39/><U20/><E20/><V50/><F50/><W24/><G24/><T69/><D69/><U5/><AGARI ba="1,3" hai="5,10,12,52,55,98,102,106" m="51817,46327" machi="5" ten="30,3000,0" yaku="20,1,54,1" doraHai="114" who="1" fromWho="1" sc="330,-11,250,63,337,-11,53,-11" /><INIT seed="1,2,0,3,2,105" ten="319,313,326,42" oya="1" hai0="130,70,33,20,89,68,111,69,75,58,3,98,93" hai1="62,73,128,55,103,133,53,107,77,4,116,39,91" hai2="81,11,106,119,47,43,117,86,121,76,30,5,82" hai3="71,131,49,134,129,51,0,10,114,72,50,65,64"/><U22/><E39/><V67/><F121/><W59/><G0/><T109/><D33/><U31/><E116/><V18/><F106/><W125/><G10/><T54/><D130/><N who="3" m="49673" /><G114/><T118/><D118/><U27/><E128/><V110/><F110/><N who="0" m="41994" /><D3/><U24/><E4/><V122/><F122/><W46/><G72/><T132/><D132/><U41/><E41/><V52/><F67/><N who="3" m="25675" /><G71/><T13/><D75/><U1/><E1/><V42/><F30/><W36/><G134/><T63/><D13/><U99/><E133/><V8/><F82/><W25/><G25/><T126/><D20/><U26/><E26/><V100/><F119/><W96/><G96/><T32/><D32/><U135/><E27/><V9/><F117/><W101/><G101/><T79/><D79/><U45/><E135/><V74/><F100/><W78/><G78/><T66/><D126/><U44/><E91/><V123/><F123/><W6/><G6/><T94/><D94/><U84/><E84/><V28/><F28/><W92/><G92/><T108/><N who="0" m="42002" /><T102/><DORA hai="104" /><D102/><U97/><E99/><V37/><F5/><W17/><G17/><T115/><D115/><U87/><E87/><V124/><F124/><W19/><G19/><T34/><D34/><U15/><E15/><N who="2" m="7527" /><F74/><W61/><G125/><T88/><D89/><U56/><E73/><V40/><F37/><W35/><G35/><T112/><D112/><U48/><E77/><V14/><F14/><W80/><G80/><T2/><D2/><U7/><E7/><V60/><F60/><AGARI ba="2,0" hai="54,58,60,63,66,68,69,70,88,93,98" m="42002" machi="60" ten="40,2600,0" yaku="14,1,54,1" doraHai="105,104" who="0" fromWho="2" sc="319,32,313,0,326,-32,42,0" /><INIT seed="2,0,0,3,3,2" ten="351,313,294,42" oya="2" hai0="81,8,54,20,16,5,68,82,50,24,28,37,70" hai1="47,106,114,119,95,3,57,126,62,117,43,109,72" hai2="89,67,55,77,87,17,75,63,31,30,33,10,26" hai3="22,127,83,79,80,76,18,27,32,102,13,6,11"/><V133/><F133/><W122/><G127/><T34/><D37/><N who="1" m="21999" /><E95/><V7/><F55/><W41/><G122/><T107/><D107/><U94/><E94/><V25/><F17/><W128/><G128/><T103/><D103/><U121/><E106/><V99/><F75/><W52/><G41/><T135/><D70/><U92/><E92/><V35/><F77/><W101/><G32/><T53/><D68/><U112/><E72/><V48/><F48/><W66/><G66/><T123/><D123/><U104/><E104/><V90/><F99/><W124/><G124/><T23/><D34/><U98/><E98/><V51/><F51/><W71/><G71/><T69/><D69/><U40/><E3/><V131/><F131/><W85/><REACH who="3" step="1"/><G52/><REACH who="3" ten="351,313,294,32" step="2"/><T64/><D64/><N who="1" m="38991" /><E126/><V46/><F46/><W91/><G91/><T61/><D61/><U39/><E121/><V93/><F89/><W21/><G21/><T118/><D23/><U132/><E132/><V100/><F100/><W134/><G134/><T105/><D20/><U1/><E1/><N who="2" m="367" /><F67/><W120/><G120/><T58/><D135/><U29/><E29/><V45/><F45/><W73/><AGARI ba="0,1" hai="6,11,13,18,22,27,73,76,79,80,83,85,101,102" machi="73" ten="20,5200,0" yaku="1,1,0,1,7,1,52,1,53,0" doraHai="2" doraHaiUra="116" who="3" fromWho="3" sc="351,-13,313,-13,294,-26,32,62" /><INIT seed="3,0,0,0,0,50" ten="338,300,268,94" oya="3" hai0="101,15,6,52,1,13,67,103,74,111,56,45,31" hai1="66,57,12,24,105,84,81,32,64,110,78,36,116" hai2="69,34,115,40,88,14,125,126,48,10,113,112,93" hai3="60,7,63,119,55,9,132,83,16,129,94,41,23"/><W100/><G119/><T80/><D111/><U79/><E36/><V22/><F69/><W2/><G129/><T77/><D31/><U99/><E105/><V19/><F34/><W18/><G132/><T65/><D1/><U95/><E110/><V90/><F10/><W133/><G133/><T75/><D45/><U11/><E116/><V68/><F68/><W39/><G83/><T109/><D75/><U59/><E78/><V70/><F70/><W104/><G104/><T82/><D109/><U127/><E127/><N who="2" m="48651" /><F93/><W49/><G39/><T33/><D33/><U61/><E32/><V43/><F48/><W96/><G41/><T118/><D118/><U47/><E24/><V3/><F3/><W25/><REACH who="3" step="1"/><G18/><REACH who="3" ten="338,300,268,84" step="2"/><T122/><D82/><U123/><E81/><V4/><F4/><W71/><G71/><T86/><D6/><U98/><E123/><V26/><F26/><W128/><G128/><T134/><D122/><U29/><E95/><V106/><F106/><W30/><G30/><T42/><D42/><AGARI ba="0,1" hai="14,19,22,40,42,43,88,90,112,113,115" m="48651" machi="42" ten="40,2600,0" yaku="18,1,54,1" doraHai="50" who="2" fromWho="0" sc="338,-26,300,0,268,36,84,0" owari="312,41.2,300,-10.0,304,10.4,84,-41.6" /></mjloggm>