<mjloggm ver="2.3"><GO type="225" lobby="0"/><UN n0="%E4%B8%89%E5%86%A0%E7%8E%8B%E3%83%BB%E5%B1%B1%E7%94%B0%E5%93%B2%E4%BA%BA" n1="%E6%B8%A9%E2%98%85%E6%83%85%E2%98%85%E6%8E%AA%E2%98%85%E7%BD%AE" n2="%74%61%6B%75%61%6B%61" n3="%6D%75%75%6D%75%72%61" dan="16,17,17,16" rate="2149.93,2129.25,2241.32,2172.22" sx="M,M,M,F"/><TAIKYOKU oya="0"/><INIT seed="0,0,0,0,1,1" ten="250,250,250,250" oya="0" hai0="100,62,77,20,56,75,21,68,8,5,97,80,9" hai1="47,28,22,42,85,51,76,113,126,122,120,112,7" hai2="55,57,24,16,90,38,83,29,102,78,88,14,0" hai3="25,61,26,74,105,33,104,106,108,40,95,46,17"/><T124/><D68/><U35/><E126/><V101/><F38/><W133/><G74/><T4/><D124/><U39/><E35/><V91/><F0/><W109/><G133/><T32/><D32/><U127/><E127/><V3/><F3/><W110/><G95/><T19/><D9/><U81/><E39/><V45/><F45/><W135/><G135/><T118/><D8/><U60/><E60/><V73/><F24/><W116/><G116/><T6/><D19/><U93/><E93/><V67/><F67/><W44/><G61/><T111/><D118/><U18/><E28/><V94/><F29/><N who="3" m="19631" /><G40/><T79/><D79/><U50/><E50/><V89/><N who="2" m="22528" /><DORA hai="87" /><V130/><F94/><W132/><G132/><T66/><REACH who="0" step="1"/><D111/><REACH who="0" ten="240,250,250,250" step="2"/><U34/><E34/><V63/><REACH who="2" step="1"/><F130/><REACH who="2" ten="240,250,240,250" step="2"/><W23/><AGARI ba="0,2" hai="17,23,26,44,46,104,105,106,108,109,110" m="19631" machi="23" ten="40,1500,0" yaku="14,1" doraHai="1,87" who="3" fromWho="3" sc="240,-7,250,-4,240,-4,250,35" /><INIT seed="1,0,0,0,2,77" ten="233,246,236,285" oya="1" hai0="27,120,85,107,106,13,67,135,134,33,70,91,78" hai1="108,51,69,133,68,4,76,122,49,5,38,97,17" hai2="110,28,15,63,128,71,12,84,16,44,113,35,20" hai3="60,3,119,75,81,1,10,74,100,23,2,24,34"/><U40/><E122/><V95/><F110/><W89/><G34/><T14/><D78/><U31/><E38/><V116/><F116/><W0/><G119/><T126/><D120/><U102/><E31/><V21/><F128/><W65/><G100/><T32/><D126/><U114/><E114/><V96/><F113/><W57/><N who="3" m="0" /><DORA hai="72" /><W66/><G66/><T39/><D39/><U58/><E17/><N who="2" m="10279" /><F71/><W115/><G10/><T53/><D53/><N who="1" m="32047" /><E69/><V104/><F104/><W101/><G101/><T47/><D47/><N who="1" m="26087" /><E68/><V90/><F35/><W26/><G26/><T52/><D70/><U36/><E36/><V22/><F44/><W87/><REACH who="3" step="1"/><G115/><REACH who="3" ten="233,246,236,275" step="2"/><T112/><D112/><U98/><E102/><V123/><F123/><W18/><AGARI ba="0,1" hai="18,23,24,57,60,65,74,75,81,87,89" m="0" machi="18" ten="60,8000,1" yaku="1,1,2,1,0,1,52,1,53,0" doraHai="77,72" doraHaiUra="129,37" who="3" fromWho="3" sc="233,-20,246,-40,236,-20,275,90" /><INIT seed="2,0,0,3,4,128" ten="213,206,216,365" oya="2" hai0="87,94,62,133,124,110,85,65,31,90,52,76,101" hai1="53,119,18,73,93,125,92,105,79,114,108,112,116" hai2="127,91,126,8,5,4,98,43,103,17,97,45,60" hai3="95,63,131,71,120,42,21,64,25,134,32,82,55"/><V78/><F78/><W20/><G120/><T99/><D110/><U40/><E40/><V6/><F91/><W0/><G131/><T75/><D124/><N who="2" m="47658" /><F60/><W58/><G134/><T113/><D113/><N who="1" m="43627" /><E18/><V106/><F97/><W100/><G32/><T28/><D133/><U37/><E53/><V39/><F17/><W84/><G42/><T24/><D75/><U3/><E3/><AGARI ba="0,0" hai="3,4,5,6,8,39,43,45,98,103,106" m="47658" machi="3" ten="30,1500,0" yaku="18,1" doraHai="128" who="2" fromWho="1" sc="213,0,206,-15,216,15,365,0" /><INIT seed="2,1,0,3,1,60" ten="213,191,231,365" oya="2" hai0="80,131,109,2,42,38,73,129,24,28,135,78,8" hai1="118,68,81,12,58,83,1,91,98,88,126,69,54" hai2="93,106,71,122,79,100,133,52,61,33,47,96,74" hai3="49,70,53,120,92,65,103,102,67,51,97,50,111"/><V76/><F122/><W84/><G120/><T113/><D113/><U10/><E118/><V41/><F133/><W19/><G111/><T127/><D109/><U6/><E126/><V4/><F74/><W30/><G70/><T112/><D112/><U0/><E69/><V63/><F33/><W115/><G115/><T34/><D127/><U66/><E1/><V21/><F106/><W39/><G39/><T117/><D117/><U110/><E0/><V59/><F4/><W43/><G30/><T55/><D55/><U99/><E68/><V121/><F121/><W105/><G105/><T101/><D101/><N who="3" m="38409" /><G43/><T64/><D64/><N who="3" m="24649" /><G19/><T87/><D135/><U5/><E5/><V45/><F71/><W22/><G84/><T77/><D87/><N who="1" m="50287" /><E110/><V11/><F41/><W116/><G22/><T17/><D2/><U26/><E26/><V15/><F21/><W114/><G114/><T89/><D73/><U46/><E46/><V29/><F47/><N who="3" m="27839" /><G116/><T23/><D34/><U85/><E66/><V124/><F124/><W27/><G27/><T35/><D35/><U123/><E123/><V104/><F104/><W132/><G132/><T75/><D75/><U94/><E83/><V125/><F125/><W90/><AGARI ba="1,0" hai="50,51,90,92,97" m="27839,24649,38409" machi="90" ten="30,7900,0" yaku="8,1,52,3" doraHai="60" who="3" fromWho="3" sc="213,-21,191,-21,231,-40,365,82" /><INIT seed="3,0,0,5,2,100" ten="192,170,191,447" oya="3" hai0="1,41,50,118,113,5,8,26,90,42,104,62,96" hai1="89,77,97,30,39,34,9,48,54,43,75,73,120" hai2="59,17,102,46,69,109,24,79,71,15,2,32,81" hai3="44,94,116,31,123,21,35,122,83,132,101,82,33"/><W87/><G116/><T108/><D118/><U52/><E120/><V70/><F2/><W23/><G132/><T6/><D6/><U56/><E77/><V22/><F109/><W92/><G44/><T45/><D108/><U36/><E43/><V25/><F102/><W60/><G101/><T66/><D113/><U12/><E73/><V72/><F32/><W98/><G60/><T58/><D104/><U40/><E75/><V74/><F74/><W112/><G87/><T27/><D42/><U57/><E34/><V103/><F103/><W49/><G49/><T88/><D96/><U53/><E30/><V13/><F46/><W125/><G125/><T131/><D131/><U38/><E40/><V51/><F25/><W29/><G112/><T121/><D121/><U124/><E124/><V18/><F18/><W64/><G64/><T95/><D90/><U76/><E76/><V126/><F126/><W67/><G67/><T130/><D130/><U4/><REACH who="1" step="1"/><E48/><REACH who="1" ten="192,160,191,447" step="2"/><V11/><REACH who="2" step="1"/><F11/><REACH who="2" ten="192,160,181,447" step="2"/><W86/><G122/><T119/><D119/><U14/><E14/><V84/><F84/><W47/><G123/><T3/><D3/><U93/><AGARI ba="0,2" hai="4,9,12,36,38,39,52,53,54,56,57,89,93,97" machi="93" ten="40,8000,1" yaku="1,1,0,1,54,1,53,1" doraHai="100" doraHaiUra="85" who="1" fromWho="1" sc="192,-20,160,100,181,-20,447,-40" owari="172,-22.8,260,6.0,161,-33.9,407,50.7" /></mjloggm>