<mjloggm ver="2.3"><GO type="225" lobby="0"/><UN n0="%E4%BF%BA%E3%81%A8%E5%A6%96%E5%A4%A2" n1="%E6%97%A5%E6%9B%9C%E6%97%A5%E3%82%88%E3%82%8A%E3%81%AE%E4%BD%BF%E8%80%85" n2="%E3%81%A4%E3%81%A3%E3%81%B1%E3%82%8A%E3%83%9D%E3%83%BC%E3%83%AB" n3="%E6%98%93%E5%88%A9%E8%96%A9%E4%BC%AF" dan="17,16,16,16" rate="2168.28,2094.87,2103.72,2061.48" sx="F,M,M,F"/><TAIKYOKU oya="0"/><INIT seed="0,0,0,4,3,68" ten="250,250,250,250" oya="0" hai0="62,108,20,109,99,135,19,89,24,133,46,41,102" hai1="4,6,65,105,11,82,128,58,3,118,49,0,12" hai2="130,39,34,94,54,84,61,119,30,95,76,9,123" hai3="114,48,93,14,7,112,10,113,100,40,63,59,116"/><T92/><D62/><U81/><E118/><V36/><F123/><W45/><G116/><T115/><D102/><U86/><E105/><V56/><F119/><W38/><G100/><T57/><D57/><U107/><E107/><V77/><F130/><W98/><G98/><T31/><D31/><U79/><E128/><V91/><F9/><W17/><G93/><T60/><D60/><U55/><E6/><V69/><F69/><W83/><G83/><T85/><D99/><U126/><E126/><V131/><F131/><W124/><G124/><T43/><D115/><U88/><REACH who="1" step="1"/><E65/><REACH who="1" ten="250,240,250,250" step="2"/><V64/><F64/><W28/><G28/><T67/><D67/><U35/><E35/><V32/><F32/><W73/><G7/><T50/><REACH who="0" step="1"/><D43/><REACH who="0" ten="240,240,250,250" step="2"/><U96/><E96/><V132/><F30/><W70/><G70/><T110/><AGARI ba="0,2" hai="19,20,24,41,46,50,85,89,92,108,109,110,133,135" machi="110" ten="40,12000,1" yaku="1,1,2,1,0,1,14,1,10,1,53,0" doraHai="68" doraHaiUra="125" who="0" fromWho="0" sc="240,140,240,-40,250,-40,250,-40" /><INIT seed="0,1,0,4,1,110" ten="380,200,210,210" oya="0" hai0="47,63,21,15,50,6,23,2,126,41,74,61,34" hai1="75,97,14,129,125,89,81,116,4,65,106,103,94" hai2="25,120,118,117,99,113,112,59,73,38,40,45,51" hai3="134,9,115,52,95,18,77,128,133,60,67,3,57"/><T32/><D74/><U44/><E116/><N who="2" m="44651" /><F73/><W27/><G77/><T82/><D2/><U0/><E0/><V123/><F99/><W16/><G128/><T88/><D126/><U127/><E65/><V104/><F104/><W85/><G115/><N who="2" m="44105" /><F25/><W31/><G67/><T66/><D32/><U131/><E44/><N who="2" m="23575" /><F59/><W101/><G101/><T130/><D34/><U69/><E69/><V43/><AGARI ba="1,0" hai="43,45,51,120,123" m="23575,44105,44651" machi="43" ten="30,12000,2" yaku="12,1,34,2,52,3" doraHai="110" who="2" fromWho="2" sc="380,-61,200,-31,210,123,210,-31" /><INIT seed="1,0,0,1,0,50" ten="319,169,333,179" oya="1" hai0="5,120,31,126,112,53,97,36,75,39,33,104,102" hai1="92,42,132,7,65,58,63,88,86,123,87,128,15" hai2="48,0,74,52,109,115,37,66,90,124,94,45,95" hai3="130,129,85,113,12,107,19,18,119,110,57,2,101"/><U8/><E123/><V105/><F105/><W46/><G113/><T55/><D112/><U43/><E128/><V4/><F115/><W3/><G110/><T114/><D114/><U25/><E132/><V9/><F109/><W93/><G119/><T127/><D75/><U108/><E108/><V67/><F124/><N who="0" m="47658" /><D120/><U76/><E25/><V82/><F37/><N who="0" m="14410" /><D5/><U135/><E135/><V117/><F117/><W99/><G46/><T51/><D51/><U70/><E70/><V30/><F30/><W98/><G85/><T121/><D121/><U64/><E65/><V10/><F10/><W73/><G73/><T116/><D116/><U32/><E32/><V28/><F28/><W22/><G19/><T122/><D122/><U21/><E21/><V59/><F45/><W26/><G12/><T23/><D23/><U47/><E47/><V38/><F38/><W13/><G13/><T77/><D77/><U14/><E14/><V100/><F74/><W56/><G3/><T69/><D69/><U111/><E111/><V81/><F67/><W24/><G24/><AGARI ba="0,0" hai="24,31,33,53,55,97,102,104" m="14410,47658" machi="24" ten="30,3900,0" yaku="18,1,52,2" doraHai="50" who="0" fromWho="3" sc="319,39,169,0,333,0,179,-39" /><INIT seed="2,0,0,1,3,12" ten="358,169,333,140" oya="2" hai0="39,18,29,79,115,86,94,127,30,26,8,130,95" hai1="17,5,16,42,111,110,90,74,92,126,97,128,32" hai2="41,84,53,65,19,23,77,72,129,36,108,125,3" hai3="118,104,6,101,71,123,98,88,37,20,22,112,48"/><V64/><F72/><W10/><G37/><T54/><D115/><U117/><E117/><V60/><F3/><W68/><G118/><T122/><D122/><U50/><E32/><V76/><F129/><W85/><G123/><T13/><D130/><U34/><E34/><V47/><F125/><W67/><G112/><T133/><D127/><U9/><E74/><V44/><F108/><N who="1" m="41513" /><E128/><V27/><F84/><W75/><G75/><T35/><D133/><U91/><E91/><V78/><REACH who="2" step="1"/><F47/><REACH who="2" ten="358,169,323,140" step="2"/><W119/><G119/><T134/><D134/><U63/><E126/><V132/><F132/><W113/><G113/><T120/><D120/><U121/><E121/><V62/><F62/><W7/><G7/><T45/><D86/><U51/><E63/><V81/><F81/><W43/><G6/><T83/><D83/><U106/><E106/><V61/><F61/><W0/><G0/><T38/><D45/><N who="1" m="25911" /><E51/><V1/><F1/><AGARI ba="0,1" hai="1,5,9,16,17,90,92,97" m="25911,41513" machi="1" ten="30,7700,0" yaku="14,1,52,2,54,1" doraHai="12" who="1" fromWho="2" sc="358,0,169,87,323,-77,140,0" /><INIT seed="3,0,0,0,4,39" ten="358,256,246,140" oya="3" hai0="13,2,32,59,34,112,111,76,113,109,47,43,83" hai1="122,106,100,104,58,56,9,89,16,42,4,44,67" hai2="15,25,108,87,31,36,82,124,17,65,28,22,132" hai3="7,37,86,49,5,74,99,102,78,55,41,24,129"/><W64/><G74/><N who="0" m="43415" /><D2/><U72/><E122/><V90/><F36/><W133/><G129/><T81/><D81/><U0/><E72/><V68/><F108/><N who="0" m="41546" /><D59/><U119/><E119/><V115/><F115/><N who="0" m="44106" /><D13/><U127/><E56/><V33/><F132/><W52/><G133/><T94/><D94/><U92/><E58/><V97/><F124/><W75/><G75/><T6/><D6/><N who="3" m="2057" /><G37/><AGARI ba="0,0" hai="32,34,37,43,47" m="44106,41546,43415" machi="37" ten="30,7700,0" yaku="14,1,11,1,23,1,52,1" doraHai="39" who="0" fromWho="3" sc="358,77,256,0,246,0,140,-77" owari="435,53.5,256,5.6,246,-15.4,63,-43.7" /></mjloggm>