<mjloggm ver="2.3"><GO type="225" lobby="0"/><UN n0="%77%72%77%72%77%72%77%72" n1="%E3%81%BF%E3%81%BF%E3%81%9A" n2="%E5%8D%A0%E3%81%84%E5%B8%AB%E8%A3%8F%E3%81%AA%E3%81%84%E3%81%97" n3="%E3%82%A2%E3%83%BC%E3%83%A2%E3%83%AD%E3%83%BC%E3%83%B4%E3%82%A1" dan="16,16,16,16" rate="2180.62,2171.01,2151.13,2192.33" sx="M,M,M,M"/><TAIKYOKU oya="0"/><INIT seed="0,0,0,1,1,52" ten="250,250,250,250" oya="0" hai0="79,26,82,36,125,69,111,83,65,120,46,2,33" hai1="60,132,90,28,109,61,98,92,91,30,5,97,112" hai2="81,59,84,0,47,85,34,106,130,3,64,23,49" hai3="6,24,21,56,20,62,134,105,133,108,101,35,41"/><T127/><D120/><U18/><E109/><V68/><F34/><W94/><G105/><T116/><D116/><U44/><E132/><N who="3" m="50794" /><G108/><T31/><D111/><U107/><E112/><V74/><F130/><W110/><G110/><T73/><D2/><U7/><E107/><V66/><F68/><W11/><G41/><N who="0" m="22823" /><D83/><U118/><E118/><V88/><F106/><W103/><G35/><T96/><D96/><U75/><E75/><V8/><F74/><W39/><G39/><T102/><D102/><N who="3" m="38921" /><G94/><T57/><D57/><U135/><E135/><V38/><F38/><W27/><G21/><T12/><D12/><U13/><E44/><V89/><F23/><W45/><G45/><T76/><D79/><U71/><E71/><V128/><F128/><W99/><G99/><T72/><D72/><U78/><E78/><V122/><F122/><W32/><G20/><T15/><D15/><U131/><E131/><V86/><F86/><W55/><G32/><T43/><D43/><U4/><E97/><V93/><F8/><W95/><G95/><T123/><D123/><U42/><E42/><V48/><F47/><W119/><G119/><T70/><D70/><U104/><E104/><V117/><F117/><W63/><G63/><AGARI ba="0,0" hai="26,31,33,63,65,69,73,76,82,125,127" m="22823" machi="63" ten="30,1500,0" yaku="23,1" doraHai="52" who="0" fromWho="3" sc="250,15,250,0,250,0,250,-15" /><INIT seed="0,1,0,2,5,109" ten="265,250,250,235" oya="0" hai0="122,112,120,56,44,46,118,76,50,106,78,73,97" hai1="51,20,104,126,127,38,19,9,3,90,39,82,103" hai2="115,110,135,134,77,70,31,12,79,125,102,47,129" hai3="72,10,114,24,17,68,53,123,117,6,57,92,14"/><T132/><D112/><U2/><E51/><V0/><F0/><N who="1" m="41" /><E9/><V4/><F70/><W130/><G117/><T16/><D118/><U41/><E41/><V108/><F115/><W121/><G114/><T7/><D132/><N who="2" m="50730" /><F102/><W25/><G68/><T23/><D7/><U54/><E54/><V26/><F47/><W60/><G130/><T5/><D5/><U113/><E113/><V105/><F105/><W65/><G72/><T11/><D11/><U75/><E103/><V52/><F129/><W13/><G92/><T43/><D56/><U81/><E104/><V88/><F125/><N who="1" m="47625" /><E90/><V64/><F64/><W29/><G65/><T94/><D106/><U62/><E62/><V21/><F52/><W34/><REACH who="3" step="1"/><G25/><REACH who="3" ten="265,250,250,225" step="2"/><T33/><D94/><U58/><E75/><V111/><F111/><W133/><G133/><T36/><D73/><U100/><E100/><V27/><F27/><W84/><G84/><T83/><D83/><N who="1" m="31755" /><E58/><V96/><F110/><W69/><G69/><T55/><D97/><U93/><E93/><N who="2" m="56359" /><F108/><W91/><G91/><T63/><D78/><U59/><E59/><V71/><F71/><W66/><G66/><T40/><D76/><U85/><E85/><V98/><F98/><W87/><G87/><T95/><D95/><U22/><E19/><N who="2" m="10471" /><F4/><W45/><G45/><T8/><D44/><U99/><E99/><V42/><F42/><W61/><G61/><T35/><D63/><U107/><E107/><V18/><F18/><W124/><G124/><T116/><D43/><U49/><E49/><V32/><AGARI ba="1,1" hai="26,31,32,77,79" m="10471,56359,50730" machi="32" ten="30,2000,0" yaku="20,1,54,1" doraHai="109" who="2" fromWho="2" sc="265,-11,250,-6,250,33,225,-6" /><INIT seed="1,0,0,4,1,76" ten="254,244,283,219" oya="1" hai0="80,98,134,65,72,40,51,16,12,110,15,54,106" hai1="43,59,79,135,56,32,133,4,18,75,74,94,61" hai2="86,52,39,93,2,67,5,42,48,85,29,6,64" hai3="130,10,21,95,108,25,71,122,62,13,125,30,92"/><U96/><E32/><V90/><F39/><W81/><G122/><T127/><D110/><U77/><E4/><N who="2" m="1643" /><F2/><W31/><G108/><T55/><D134/><N who="1" m="51211" /><E43/><V105/><F105/><W91/><G125/><T45/><D127/><U119/><E119/><V58/><F29/><W118/><G130/><T102/><D65/><N who="2" m="25162" /><F42/><W57/><G71/><T114/><D12/><U19/><E61/><V44/><F86/><W128/><G31/><T24/><D24/><U37/><E37/><V20/><F20/><W121/><G128/><T124/><D114/><U99/><E77/><V38/><F38/><W63/><G121/><T26/><D26/><U35/><E35/><V66/><F66/><N who="3" m="39247" /><G63/><T100/><D124/><U83/><E74/><V87/><F87/><N who="3" m="50671" /><G118/><T70/><D70/><U69/><E69/><V131/><F131/><W7/><AGARI ba="0,0" hai="7,10,13,21,25,30,92,95" m="50671,39247" machi="7" ten="30,2000,0" yaku="8,1,52,1" doraHai="76" who="3" fromWho="3" sc="254,-5,244,-10,283,-5,219,20" /><INIT seed="2,0,0,2,3,88" ten="249,234,278,239" oya="2" hai0="23,118,48,43,123,20,4,62,117,121,114,2,42" hai1="75,127,103,124,76,126,109,11,39,70,54,15,125" hai2="135,66,35,57,84,83,102,99,116,96,26,59,112" hai3="93,72,119,71,37,36,79,106,51,86,113,115,92"/><V128/><F112/><N who="3" m="43083" /><G119/><N who="0" m="45579" /><D114/><U107/><N who="1" m="31744" /><DORA hai="91" /><U98/><E109/><V40/><F116/><W65/><G106/><T94/><D62/><U130/><E130/><V55/><F128/><W34/><G34/><T32/><D32/><U45/><E70/><V78/><F135/><W9/><G72/><T7/><D94/><N who="3" m="36457" /><G51/><T25/><D48/><N who="1" m="28943" /><E39/><N who="3" m="14922" /><G9/><T67/><D123/><U95/><E107/><V46/><F102/><W73/><G73/><T1/><D121/><U38/><E38/><V18/><F35/><W110/><G110/><T28/><D23/><U69/><E69/><V104/><F104/><W77/><G86/><T105/><D105/><U24/><E24/><V41/><F26/><W108/><G108/><T29/><D20/><U97/><E97/><V61/><F99/><W50/><G50/><T44/><D25/><U68/><E68/><V12/><F96/><W13/><G13/><T60/><D42/><U47/><E47/><V27/><F27/><W10/><G10/><T30/><D43/><U101/><E101/><V3/><F46/><W21/><G21/><T129/><D44/><U17/><E75/><V56/><F41/><W63/><AGARI ba="0,0" hai="63,65,71,77,79" m="14922,36457,43083" machi="63" ten="40,12000,2" yaku="11,1,52,6" doraHai="88,91" who="3" fromWho="3" sc="249,-30,234,-30,278,-60,239,120" /><INIT seed="3,0,0,4,0,126" ten="219,204,218,359" oya="3" hai0="29,135,54,24,65,74,50,83,87,56,101,57,39" hai1="60,125,8,33,18,98,96,102,92,61,2,53,43" hai2="132,106,113,82,58,41,9,21,89,109,116,107,46" hai3="119,71,76,99,51,40,0,77,20,105,114,93,90"/><W124/><G71/><T31/><D39/><U27/><E125/><V16/><F113/><W131/><G0/><T72/><D135/><U17/><E43/><V130/><F116/><W78/><G105/><T62/><D101/><U42/><E42/><V108/><F132/><W52/><G40/><T70/><D56/><U14/><E2/><V66/><F130/><W48/><G131/><T26/><D26/><U23/><E33/><V115/><F9/><W117/><G51/><T79/><D31/><U64/><E64/><V73/><F115/><W69/><G69/><T32/><AGARI ba="0,0" hai="24,29,32,50,54,57,62,65,70,72,74,79,83,87" machi="32" ten="20,1500,0" yaku="0,1,7,1" doraHai="126" who="0" fromWho="0" sc="219,15,204,-4,218,-4,359,-7" owari="234,3.4,200,-30.0,214,-18.6,352,45.2" /></mjloggm>