<mjloggm ver="2.3"><GO type="225" lobby="0"/><UN n0="%E5%91%A8%E6%9D%B1" n1="%72%69%6F%75%63%68%61%6E" n2="%E9%BB%99%E8%81%B4%E3%81%AE%E3%81%99%E3%82%9D%E3%82%81" n3="%E5%8D%A0%E3%81%84%E5%B8%AB%E8%A3%8F%E3%81%AA%E3%81%84%E3%81%97" dan="17,16,16,17" rate="2109.13,2207.57,2154.58,2209.39" sx="M,M,M,M"/><TAIKYOKU oya="0"/><INIT seed="0,0,0,4,2,129" ten="250,250,250,250" oya="0" hai0="54,84,98,4,9,24,127,79,1,69,20,134,30" hai1="56,68,18,85,10,40,25,74,70,47,71,123,121" hai2="125,72,115,31,19,88,11,60,48,78,126,117,57" hai3="116,61,62,43,132,7,91,105,66,100,113,81,83"/><T50/><D127/><N who="2" m="48650" /><F72/><W46/><G113/><T64/><D98/><U63/><E74/><V107/><F107/><W51/><G116/><T94/><D64/><U92/><E92/><V32/><F78/><W17/><G7/><T16/><D69/><U38/><E85/><V27/><F115/><W96/><G132/><T101/><D134/><U124/><E124/><V3/><F48/><W73/><G66/><T119/><D119/><U75/><E75/><V76/><F76/><W26/><G17/><T42/><D42/><U28/><E10/><V29/><F29/><W135/><G135/><T103/><D30/><U87/><E87/><V97/><F117/><W59/><G26/><T34/><D34/><U41/><E18/><V15/><F3/><W0/><G0/><T37/><D37/><U36/><E25/><V95/><F57/><W8/><G8/><T67/><D67/><N who="1" m="39399" /><E28/><V35/><F60/><W12/><G12/><T110/><D110/><U77/><E77/><V102/><F35/><W21/><G21/><T65/><D65/><U106/><E106/><V114/><F114/><W58/><G73/><T99/><D79/><U122/><E40/><V111/><F111/><W109/><G109/><T23/><D23/><U120/><N who="1" m="30720" /><DORA hai="45" /><U118/><E118/><V104/><F104/><W108/><G108/><T86/><REACH who="0" step="1"/><D103/><AGARI ba="0,0" hai="11,15,19,27,31,32,88,95,97,102,103" m="48650" machi="103" ten="30,2000,0" yaku="18,1,54,1" doraHai="129,45" who="2" fromWho="0" sc="250,-20,250,0,250,20,250,0" /><INIT seed="1,0,0,5,3,33" ten="230,250,270,250" oya="1" hai0="64,97,124,5,52,101,117,92,75,31,50,118,127" hai1="86,20,36,106,57,114,73,66,21,135,107,17,103" hai2="30,39,18,41,110,51,45,54,99,76,26,120,113" hai3="133,61,123,89,60,23,0,63,115,126,28,35,93"/><U9/><E114/><V104/><F110/><W67/><G123/><T109/><D75/><U82/><E135/><V48/><F120/><W40/><G115/><T70/><D109/><U11/><E36/><V98/><F76/><W91/><G133/><T2/><D31/><U37/><E37/><V25/><F113/><W3/><G35/><T96/><D96/><U74/><E103/><V111/><F111/><W83/><G40/><T128/><D128/><U65/><E57/><V24/><F39/><W7/><G7/><T79/><D79/><U42/><E42/><V88/><F104/><N who="1" m="39977" /><E17/><V134/><F134/><W116/><G116/><T56/><D64/><N who="1" m="24683" /><E82/><V13/><F30/><W32/><G32/><T108/><D70/><U125/><E86/><V87/><F51/><W19/><G126/><N who="0" m="48171" /><D108/><U95/><E95/><N who="2" m="54687" /><F41/><W22/><G67/><T69/><D69/><U38/><E38/><V16/><F18/><W10/><G28/><T77/><D77/><U6/><E6/><V47/><F47/><W43/><G93/><T131/><D131/><U112/><E112/><V78/><F78/><W29/><G29/><T121/><D121/><U58/><E58/><V129/><F129/><W105/><G105/><T80/><D80/><U62/><E125/><V53/><F53/><W102/><G83/><T59/><D59/><U100/><E100/><V90/><F90/><N who="3" m="34315" /><G102/><T27/><D27/><U71/><E73/><V122/><F122/><W68/><G68/><T44/><D56/><U4/><E74/><V81/><F81/><W14/><G43/><T49/><D49/><U55/><E71/><RYUUKYOKU ba="0,0" sc="230,10,250,-30,270,10,250,10" hai0="2,5,44,50,52,92,97,101,117,118" hai2="13,16,24,25,26,45,48,54,98,99" hai3="0,3,10,14,19,22,23,60,61,63" /><INIT seed="2,1,0,0,4,100" ten="240,220,280,260" oya="2" hai0="46,20,107,11,86,76,128,59,62,7,72,106,83" hai1="126,17,26,49,47,97,28,41,21,96,85,108,12" hai2="32,117,3,82,84,29,30,57,81,93,24,13,40" hai3="74,60,50,119,133,23,27,6,19,54,22,25,64"/><V67/><F3/><W10/><G119/><T36/><D128/><U129/><E108/><V63/><F117/><W44/><G133/><T37/><D20/><U113/><E126/><V70/><F30/><W112/><G112/><T15/><D72/><U135/><E129/><V5/><F40/><W43/><G74/><T66/><REACH who="0" step="1"/><D46/><REACH who="0" ten="230,220,280,260" step="2"/><U51/><E113/><V122/><F122/><W110/><G22/><T90/><D90/><U69/><E135/><V14/><F32/><W103/><G23/><T53/><D53/><U125/><E125/><V132/><F132/><W118/><G54/><T121/><D121/><U114/><E114/><V131/><F131/><W127/><G118/><T35/><D35/><U89/><E69/><V94/><F70/><W1/><G127/><T115/><D115/><U48/><E28/><V39/><F29/><W2/><G44/><T102/><D102/><U38/><REACH who="1" step="1"/><E26/><REACH who="1" ten="230,210,280,260" step="2"/><V116/><F24/><W9/><G25/><T101/><D101/><U120/><E120/><V34/><F116/><W68/><G103/><T91/><D91/><U98/><E98/><V45/><F34/><W99/><G99/><T52/><D52/><U65/><E65/><V77/><F67/><W55/><G55/><T71/><D71/><U95/><AGARI ba="1,2" hai="12,17,21,38,41,47,48,49,51,85,89,95,96,97" machi="95" ten="30,2000,0" yaku="1,1,0,1,53,0" doraHai="100" doraHaiUra="109" who="1" fromWho="1" sc="230,-6,210,43,280,-11,260,-6" /><INIT seed="3,0,0,4,3,64" ten="224,253,269,254" oya="3" hai0="19,131,76,77,24,75,46,9,10,29,96,15,48" hai1="51,26,119,22,105,130,132,40,134,65,69,41,31" hai2="88,50,74,73,17,103,62,101,113,121,117,35,63" hai3="5,56,30,18,99,78,52,53,34,133,115,123,116"/><W86/><G115/><T0/><D131/><U7/><E130/><V95/><F35/><W118/><G123/><T127/><D127/><U124/><E124/><V102/><F113/><W128/><G128/><T83/><D77/><U66/><E105/><V1/><F1/><W71/><G133/><N who="1" m="51306" /><E119/><V13/><F117/><W84/><G5/><T42/><D96/><U106/><E106/><V54/><F74/><W36/><G36/><T110/><D110/><U81/><E7/><V12/><F73/><W8/><G71/><T16/><D0/><U11/><E11/><V97/><F121/><W120/><G120/><T109/><D109/><U39/><E39/><V67/><F67/><N who="1" m="25609" /><E81/><V80/><F80/><W58/><G8/><T104/><D104/><U59/><E69/><V89/><F89/><W79/><G99/><T135/><D135/><U37/><E37/><V32/><F32/><W92/><G34/><T4/><REACH who="0" step="1"/><D9/><REACH who="0" ten="214,253,269,254" step="2"/><U23/><E23/><AGARI ba="0,1" hai="4,10,15,16,19,23,24,29,42,46,48,75,76,83" machi="23" ten="30,8000,1" yaku="1,1,2,1,7,1,54,1,53,1" doraHai="64" doraHaiUra="47" who="0" fromWho="1" sc="214,90,253,-80,269,0,254,0" owari="304,40.4,173,-32.7,269,6.9,254,-14.6" /></mjloggm>