<mjloggm ver="2.3"><GO type="225" lobby="0"/><UN n0="%E3%82%B2%E3%82%B9%E8%8C%82%E5%8B%9D" n1="%E3%82%BC%E3%83%AB%E3%83%80%E3%81%AE%E4%BC%9D%E8%AA%AC" n2="%28%EF%BF%A3%E2%96%BD%EF%BF%A3%29%CE%B4%E2%8C%92%E3%83%BB" n3="%E7%B4%94%E6%BD%94%E3%83%94%E3%83%A9%E3%83%8B%E3%82%A2" dan="16,17,16,16" rate="2059.53,2132.66,2114.72,2160.81" sx="F,M,M,M"/><TAIKYOKU oya="0"/><INIT seed="0,0,0,4,5,77" ten="250,250,250,250" oya="0" hai0="95,64,46,37,12,134,28,65,97,15,19,42,92" hai1="120,5,30,98,84,131,13,86,66,45,78,48,38" hai2="72,11,79,32,108,59,80,9,41,47,43,112,106" hai3="35,75,132,6,124,101,27,55,18,102,31,49,61"/><T129/><D134/><U40/><E120/><V25/><F112/><W7/><G132/><T125/><D125/><U103/><E131/><V93/><F106/><W90/><G124/><T22/><D129/><U63/><E30/><V87/><F108/><W127/><G75/><T123/><D123/><U73/><E38/><V74/><F43/><W81/><G61/><T116/><D116/><U62/><E73/><V110/><F110/><W114/><G18/><T119/><D119/><U88/><E78/><V51/><F72/><W39/><G39/><T50/><D37/><U99/><E84/><V70/><F70/><W52/><G55/><T82/><D28/><U21/><E103/><N who="3" m="39434" /><G35/><T76/><D12/><U54/><E40/><V109/><F109/><W17/><G31/><T26/><D26/><U0/><E0/><V57/><F25/><W67/><G67/><T122/><D122/><U111/><E111/><V91/><REACH who="2" step="1"/><F32/><REACH who="2" ten="250,250,240,250" step="2"/><W1/><G114/><T71/><D71/><U24/><E24/><V130/><F130/><W23/><G127/><T56/><D42/><U117/><E117/><V16/><F16/><W20/><G17/><T29/><D19/><N who="1" m="10479" /><E5/><V85/><F85/><N who="3" m="50479" /><G27/><T33/><D33/><U10/><E10/><AGARI ba="0,1" hai="9,10,11,41,47,51,57,59,74,79,80,87,91,93" machi="10" ten="40,5200,0" yaku="1,1,52,1,53,1" doraHai="77" doraHaiUra="83" who="2" fromWho="1" sc="250,0,250,-52,240,62,250,0" /><INIT seed="1,0,0,1,0,110" ten="250,198,302,250" oya="1" hai0="5,100,34,97,58,124,128,88,81,18,126,101,122" hai1="66,55,8,50,6,69,105,131,96,123,106,7,99" hai2="28,121,39,24,67,87,117,60,89,26,77,27,107" hai3="46,37,52,35,78,93,16,57,71,108,10,63,94"/><U120/><E131/><V33/><F39/><W65/><G35/><T23/><D34/><U51/><E55/><V19/><F117/><W111/><G78/><T56/><D128/><U31/><E69/><V84/><F107/><W32/><G32/><T85/><D5/><U125/><E8/><V12/><F77/><W47/><G93/><T98/><D122/><U44/><E44/><V127/><F87/><W91/><G37/><T80/><D80/><U102/><E66/><V61/><F61/><W14/><G111/><T30/><D30/><U48/><E31/><V135/><F135/><W1/><G1/><T118/><D118/><U3/><E125/><N who="0" m="48233" /><D97/><N who="1" m="37451" /><E102/><N who="0" m="39529" /><D98/><U21/><E21/><V73/><F73/><W68/><G68/><T112/><D112/><U53/><E53/><V64/><F121/><N who="1" m="46665" /><E3/><V25/><F60/><W113/><G108/><T2/><D2/><U114/><E114/><V0/><F0/><W130/><G113/><T115/><D115/><U75/><E75/><V134/><F134/><W45/><G130/><T41/><D41/><U20/><E20/><V22/><REACH who="2" step="1"/><F127/><REACH who="2" ten="250,198,292,250" step="2"/><W116/><G116/><T76/><D76/><U29/><E29/><V119/><F119/><W11/><G71/><T13/><AGARI ba="0,1" hai="13,18,23,56,58,81,85,88" m="39529,48233" machi="13" ten="30,2000,0" yaku="18,1,54,1" doraHai="110" who="0" fromWho="0" sc="250,30,198,-10,292,-5,250,-5" /><INIT seed="2,0,0,2,5,87" ten="280,188,287,245" oya="2" hai0="76,13,8,17,123,129,56,20,117,66,104,86,96" hai1="48,62,93,28,24,29,51,11,70,80,33,119,16" hai2="98,99,102,40,61,42,58,57,63,133,114,44,95" hai3="53,9,30,26,83,78,7,106,71,97,116,110,108"/><V52/><F133/><W69/><G116/><T27/><D123/><U74/><E119/><V131/><F114/><W4/><G53/><T112/><D129/><U72/><E28/><V38/><F131/><W77/><G106/><T0/><D112/><U10/><E93/><N who="2" m="58703" /><F44/><W67/><G97/><T68/><D68/><U124/><E124/><V64/><F38/><W89/><G89/><AGARI ba="0,0" hai="40,42,52,57,58,61,63,64,89,95,99" m="58703" machi="89" ten="30,5800,0" yaku="8,1,52,1,54,1" doraHai="87" who="2" fromWho="3" sc="280,0,188,0,287,58,245,-58" /><INIT seed="2,1,0,4,5,2" ten="280,188,345,187" oya="2" hai0="96,115,63,127,17,11,55,92,48,35,51,112,61" hai1="78,132,76,5,107,106,22,119,130,85,67,82,135" hai2="128,52,31,46,124,49,103,29,16,15,116,60,47" hai3="21,12,14,59,121,80,98,9,74,72,90,70,99"/><V123/><F116/><W10/><G70/><T83/><D35/><U131/><E67/><V100/><F123/><W3/><G3/><T105/><D105/><N who="1" m="39947" /><E22/><N who="2" m="11551" /><F128/><N who="1" m="49193" /><E5/><V1/><F124/><W54/><G121/><T39/><D127/><U37/><E37/><V93/><F1/><W84/><G72/><T97/><D83/><N who="1" m="47335" /><E119/><V113/><F113/><W114/><G74/><AGARI ba="1,0" hai="74,78,82,132,135" m="47335,49193,39947" machi="74" ten="30,3900,0" yaku="19,1,34,2" doraHai="2" who="1" fromWho="3" sc="280,0,188,42,345,0,187,-42" /><INIT seed="3,0,0,1,0,28" ten="280,230,345,145" oya="3" hai0="125,123,32,53,95,129,50,39,29,134,67,45,19" hai1="93,44,60,89,63,83,65,22,99,90,6,100,113" hai2="13,36,86,77,130,0,75,122,106,116,124,17,73" hai3="66,8,114,35,94,14,71,42,121,46,69,82,61"/><W64/><G114/><T88/><D123/><U91/><E113/><V40/><F106/><W15/><G121/><T18/><D134/><U103/><E103/><V132/><F0/><W43/><G94/><T109/><D109/><U135/><E135/><V126/><F130/><W54/><G82/><T37/><D39/><U128/><E128/><V119/><F132/><W108/><G108/><T74/><D74/><U26/><E6/><V20/><F122/><W98/><G98/><T58/><D125/><N who="2" m="48234" /><F86/><W48/><G35/><T27/><D129/><U112/><E44/><N who="2" m="23559" /><F77/><W21/><G21/><T9/><D9/><U117/><E89/><V30/><F30/><W59/><G14/><T11/><D11/><U38/><E63/><V68/><F68/><N who="3" m="26187" /><G15/><T52/><D67/><N who="3" m="25641" /><G8/><T105/><D105/><U118/><E22/><V57/><F75/><W41/><AGARI ba="0,0" hai="41,42,43,46,48,54,59,61" m="25641,26187" machi="41" ten="30,12000,1" yaku="35,5" doraHai="28" who="3" fromWho="3" sc="280,-40,230,-40,345,-40,145,120" /><INIT seed="3,1,0,0,0,89" ten="240,190,305,265" oya="3" hai0="49,10,80,92,11,104,112,106,32,0,83,71,36" hai1="27,35,62,109,74,15,50,100,46,23,12,133,47" hai2="54,2,121,44,93,64,97,87,55,94,124,33,69" hai3="18,103,108,70,129,37,107,111,96,98,41,113,53"/><W117/><G113/><T99/><D112/><U122/><E122/><V65/><F69/><W66/><G117/><T128/><D71/><U21/><E74/><V26/><F2/><W9/><G129/><T39/><D32/><U13/><E109/><N who="3" m="42058" /><G53/><N who="2" m="19977" /><F33/><W14/><G98/><T7/><D49/><U29/><E133/><V132/><F124/><W40/><G37/><T120/><D120/><U56/><E100/><N who="2" m="60463" /><F132/><W43/><G70/><T84/><D11/><U52/><REACH who="1" step="1"/><E47/><REACH who="1" ten="240,180,305,265" step="2"/><V57/><F44/><W22/><G66/><AGARI ba="1,1" hai="12,13,15,21,23,27,29,35,46,50,52,56,62,66" machi="66" ten="40,8000,1" yaku="1,1,2,1,54,1,53,1" doraHai="89" doraHaiUra="20" who="1" fromWho="3" sc="240,0,180,93,305,0,265,-83" owari="240,-16.0,273,7.3,305,40.5,182,-31.8" /></mjloggm>