<mjloggm ver="2.3"><GO type="225" lobby="0"/><UN n0="%E5%B0%8F%37%34" n1="%72%61%6B%33" n2="%6D%75%75%6D%75%72%61" n3="%E3%81%BF%E3%81%BF%E3%81%9A" dan="16,16,16,16" rate="2098.76,2079.06,2128.10,2105.25" sx="M,M,F,M"/><TAIKYOKU oya="0"/><INIT seed="0,0,0,0,5,61" ten="250,250,250,250" oya="0" hai0="27,85,105,35,46,122,106,18,83,99,95,118,50" hai1="29,87,67,134,88,47,70,98,39,103,129,79,45" hai2="97,133,82,32,93,108,4,81,21,121,132,124,13" hai3="90,63,107,16,24,37,15,66,56,91,5,68,51"/><T104/><D118/><U58/><E70/><V44/><F32/><W94/><G107/><T40/><D122/><U101/><E129/><V31/><F121/><W23/><G37/><T12/><D35/><U25/><E134/><N who="2" m="51819" /><F108/><W115/><G115/><T42/><D27/><U14/><E14/><V1/><F124/><W128/><G128/><T73/><D42/><U113/><E79/><V48/><F1/><W38/><G38/><T117/><D73/><U55/><E113/><V49/><F31/><W84/><G68/><T41/><D41/><U26/><E39/><V19/><F4/><W60/><G60/><T126/><D126/><U33/><E26/><V22/><F22/><W86/><G51/><N who="2" m="19529" /><F44/><W36/><G36/><T116/><D117/><U100/><E98/><V59/><F59/><W54/><G54/><T17/><D116/><U30/><E30/><V0/><F0/><W119/><G119/><T75/><D75/><U78/><E78/><V96/><F96/><W111/><G111/><T71/><D71/><U135/><E135/><V3/><F3/><W53/><G53/><T110/><D110/><U120/><E120/><V77/><F77/><W64/><G56/><T7/><D7/><U34/><E34/><V131/><F131/><W127/><G63/><T69/><D69/><U52/><E47/><V10/><F21/><W80/><G127/><T57/><D57/><U8/><E45/><V9/><F9/><AGARI ba="0,0" hai="5,9,15,16,23,24,64,66,80,84,86,90,91,94" machi="9" ten="40,8000,1" yaku="8,1,52,2,54,1" doraHai="61" who="3" fromWho="2" sc="250,0,250,0,250,-80,250,80" /><INIT seed="1,0,0,1,4,15" ten="250,250,170,330" oya="1" hai0="55,60,2,90,100,40,86,28,39,95,79,17,118" hai1="84,96,80,123,116,63,135,122,91,110,74,72,78" hai2="89,113,51,134,41,115,108,20,25,29,24,33,49" hai3="11,54,133,5,52,1,124,34,35,68,99,82,8"/><U0/><E0/><V27/><F108/><W30/><G68/><T19/><D2/><U26/><E63/><V67/><F134/><W87/><G133/><T46/><D118/><U7/><E7/><V43/><F67/><W10/><G124/><T37/><D39/><U117/><E135/><V21/><F89/><W6/><G99/><T94/><D28/><U66/><E66/><V14/><F33/><W73/><G73/><N who="1" m="28266" /><E26/><V53/><F29/><W57/><G54/><T47/><D79/><U75/><E110/><V126/><F126/><W109/><G109/><T62/><D100/><U69/><E69/><V105/><F53/><W12/><G10/><T42/><D95/><N who="1" m="56447" /><E75/><V61/><F105/><W76/><REACH who="3" step="1"/><G30/><REACH who="3" ten="250,250,170,320" step="2"/><T130/><D55/><U97/><E97/><V65/><F65/><W81/><G81/><T98/><D98/><U38/><E116/><V4/><F61/><AGARI ba="0,1" hai="1,5,6,8,11,12,34,35,52,57,61,76,82,87" machi="61" ten="30,3900,0" yaku="1,1,7,1,54,1,53,0" doraHai="15" doraHaiUra="71" who="3" fromWho="2" sc="250,0,250,0,170,-39,320,49" /><INIT seed="2,0,0,3,1,100" ten="250,250,131,369" oya="2" hai0="71,3,93,21,52,55,116,5,94,49,35,40,66" hai1="91,78,53,46,20,109,88,64,76,118,39,95,124" hai2="119,110,96,131,63,58,15,126,73,65,38,42,32" hai3="129,30,50,69,14,75,97,115,6,120,103,107,29"/><V54/><F119/><W112/><G120/><T133/><D35/><U24/><E118/><V77/><F32/><W1/><G75/><T72/><D72/><U2/><E2/><V11/><F131/><W123/><G123/><T43/><D116/><U85/><E109/><V47/><F110/><W125/><G1/><T59/><D71/><U74/><E74/><V0/><F0/><W92/><G69/><T106/><D66/><U132/><E132/><V86/><F126/><W84/><G125/><T19/><D106/><U8/><E8/><V37/><F73/><W7/><G129/><T122/><D122/><U60/><E124/><V12/><F37/><W81/><G50/><T101/><D133/><U18/><E91/><V111/><F111/><W22/><G92/><T128/><D128/><U130/><E130/><V114/><F114/><N who="3" m="43563" /><G14/><T34/><D34/><U89/><E89/><V70/><F96/><W67/><G67/><T44/><D3/><U87/><E87/><V31/><F31/><N who="3" m="11787" /><G22/><T134/><D134/><U121/><E121/><V135/><F135/><W80/><G80/><T36/><D36/><U104/><E39/><V23/><F23/><W51/><G51/><N who="0" m="31135" /><D5/><U90/><E64/><V17/><F12/><W98/><G98/><N who="0" m="59599" /><D94/><U102/><E95/><V113/><F113/><W62/><G62/><T83/><D83/><U79/><E60/><N who="2" m="35927" /><F86/><W82/><G82/><T99/><D99/><N who="1" m="61535" /><E85/><V28/><F28/><W13/><G13/><AGARI ba="0,0" hai="13,19,21,40,43,44,49,55" m="59599,31135" machi="13" ten="30,2000,0" yaku="8,1,54,1" doraHai="100" who="0" fromWho="3" sc="250,20,250,0,131,0,369,-20" /><INIT seed="3,0,0,4,0,113" ten="270,250,131,349" oya="3" hai0="128,127,42,117,46,120,78,12,106,124,38,19,6" hai1="79,26,125,27,5,25,14,2,67,105,80,131,134" hai2="51,129,91,101,39,130,133,102,52,89,0,66,74" hai3="21,112,116,82,96,87,43,108,56,94,11,29,47"/><W62/><G116/><T8/><D120/><U77/><E105/><V69/><F39/><W24/><G108/><T23/><D106/><U88/><E2/><V121/><F74/><W7/><G112/><T99/><D128/><U9/><E131/><V107/><F0/><W10/><G7/><T37/><D37/><U44/><E125/><V4/><F4/><W18/><G47/><T59/><D99/><U135/><E67/><V93/><F129/><W63/><G43/><T83/><D59/><U70/><E70/><V16/><F107/><W58/><G58/><T126/><D117/><U41/><E88/><V111/><F111/><W86/><G18/><T22/><REACH who="0" step="1"/><D19/><REACH who="0" ten="260,250,131,349" step="2"/><U33/><E33/><V68/><F130/><W100/><G63/><T75/><AGARI ba="0,1" hai="6,8,12,22,23,38,42,46,75,78,83,124,126,127" machi="75" ten="30,8000,1" yaku="1,1,2,1,0,1,18,1,53,1" doraHai="113" doraHaiUra="104" who="0" fromWho="0" sc="260,90,250,-20,131,-20,349,-40" owari="350,45.0,230,-17.0,111,-38.9,309,10.9" /></mjloggm>