<mjloggm ver="2.3"><GO type="225" lobby="0"/><UN n0="%33%74%72%65%65" n1="%E3%81%BF%E3%81%BF%E3%81%9A" n2="%E6%A1%9C%E8%8A%B1%E9%96%83%E3%80%85" n3="%E5%A4%9C%E5%85%89%E5%A4%A9%E6%A5%BC" dan="16,18,16,16" rate="2136.46,2259.97,2203.20,2140.11" sx="F,M,M,F"/><TAIKYOKU oya="0"/><INIT seed="0,0,0,4,3,61" ten="250,250,250,250" oya="0" hai0="103,125,47,49,53,135,87,60,118,19,58,120,100" hai1="105,126,107,109,23,78,76,74,98,75,43,130,65" hai2="30,93,12,51,99,4,8,68,37,123,96,119,25" hai3="134,128,111,121,20,1,66,101,17,32,22,59,89"/><T9/><D118/><U90/><E43/><V54/><F123/><W55/><G32/><T92/><D120/><U104/><E23/><V94/><F37/><W27/><G121/><T95/><D135/><U133/><E65/><V50/><F68/><W72/><G1/><T79/><D125/><U28/><E28/><V115/><F115/><W24/><G72/><N who="1" m="27690" /><E126/><V46/><F119/><W18/><G134/><T15/><D79/><N who="1" m="30251" /><E133/><V71/><F71/><W31/><G101/><N who="0" m="38987" /><D87/><U2/><E2/><V16/><F4/><W26/><G89/><T77/><D77/><U97/><E109/><V85/><F51/><W5/><G111/><T69/><D69/><U102/><E130/><V35/><REACH who="2" step="1"/><F85/><REACH who="2" ten="250,250,240,250" step="2"/><W3/><G5/><T106/><D106/><U112/><E112/><V44/><F44/><W56/><G128/><T7/><D7/><U39/><E39/><V33/><F33/><W63/><G3/><T88/><D47/><U129/><E129/><V122/><F122/><W45/><G45/><T114/><D114/><U116/><E116/><V83/><F83/><W40/><G40/><T41/><D41/><U67/><E67/><V84/><F84/><W81/><G81/><T108/><D108/><U80/><E80/><V13/><F13/><N who="3" m="9263" /><G31/><T117/><D117/><U38/><E38/><V124/><F124/><W132/><G132/><T82/><D49/><AGARI ba="0,1" hai="18,22,24,26,27,49,55,56,59,63,66" m="9263" machi="49" ten="30,2000,0" yaku="8,1,52,1" doraHai="61" who="3" fromWho="0" sc="250,-20,250,0,240,0,250,30" /><INIT seed="1,0,0,4,5,77" ten="230,250,240,280" oya="1" hai0="81,18,48,93,132,24,76,131,88,78,67,133,12" hai1="96,111,42,53,40,134,122,70,87,65,15,71,109" hai2="4,83,66,26,64,102,85,101,45,61,126,105,14" hai3="108,107,120,36,31,90,33,135,98,13,92,52,72"/><U37/><E122/><V23/><F126/><W60/><G120/><T32/><D131/><U113/><E113/><V116/><F116/><W94/><G36/><T55/><D67/><N who="2" m="25642" /><F105/><W54/><G72/><T124/><D124/><U59/><E96/><V82/><F61/><W117/><G107/><T103/><D103/><N who="2" m="39434" /><F85/><W123/><G60/><T47/><D24/><U100/><E100/><V62/><F62/><W95/><G117/><T22/><D32/><U89/><E15/><V9/><F45/><W3/><G33/><T86/><REACH who="0" step="1"/><D76/><REACH who="0" ten="220,250,240,280" step="2"/><U49/><E134/><V68/><F68/><W130/><G135/><T1/><D1/><U16/><E65/><V119/><F119/><W21/><G3/><T110/><D110/><U69/><E111/><V118/><F118/><W38/><G108/><T63/><D63/><U25/><E109/><V112/><F112/><W11/><G130/><T41/><D41/><U7/><E40/><V6/><F6/><W127/><G127/><T80/><D80/><U99/><E7/><V129/><F129/><W97/><G123/><T8/><D8/><U79/><E79/><V125/><F125/><W104/><G11/><T20/><D20/><N who="1" m="13447" /><E42/><V75/><F75/><AGARI ba="0,1" hai="12,18,22,47,48,55,75,78,81,86,88,93,132,133" machi="75" ten="40,5200,0" yaku="1,1,52,1,54,1,53,0" doraHai="77" doraHaiUra="57" who="0" fromWho="2" sc="220,62,250,0,240,-52,280,0" /><INIT seed="2,0,0,1,3,40" ten="282,250,188,280" oya="2" hai0="89,36,3,127,84,44,60,110,122,91,77,85,113" hai1="6,100,26,8,13,132,11,67,5,58,69,72,18" hai2="105,23,52,19,119,133,62,104,111,107,98,54,95" hai3="12,2,135,45,20,109,21,7,126,123,65,41,101"/><V15/><F119/><W93/><G123/><T106/><D113/><U94/><E72/><V27/><F133/><W70/><G2/><T76/><D122/><U57/><E132/><V59/><F111/><W47/><G135/><T134/><D134/><U29/><E69/><V131/><F131/><W117/><G117/><T42/><D110/><U53/><E67/><V22/><F54/><W30/><G109/><T61/><D106/><U46/><E46/><N who="3" m="17418" /><G41/><T14/><D3/><U79/><E79/><V25/><REACH who="2" step="1"/><F23/><REACH who="2" ten="282,250,178,280" step="2"/><W124/><G21/><T118/><D118/><U114/><E114/><V55/><F55/><W88/><G20/><T10/><D42/><U73/><E53/><V16/><F16/><W71/><G30/><T129/><D129/><U4/><E11/><V74/><F74/><W28/><G28/><T87/><D10/><U86/><E73/><V82/><F82/><W43/><G43/><T128/><D128/><U80/><E29/><V115/><F115/><W35/><G35/><T50/><D36/><U0/><E0/><V51/><F51/><W83/><G83/><T130/><D50/><U63/><E80/><V1/><F1/><W120/><G120/><T99/><D130/><U24/><E18/><V17/><F17/><W49/><G49/><T125/><D125/><U31/><E31/><V38/><F38/><W64/><G124/><T34/><D127/><U56/><E4/><V39/><F39/><W92/><G126/><T116/><D34/><U112/><E5/><V108/><F108/><W66/><G7/><T78/><D116/><U9/><E6/><RYUUKYOKU ba="0,1" sc="282,-10,250,-10,178,30,280,-10" hai2="15,19,22,25,27,52,59,62,95,98,104,105,107" /><INIT seed="2,1,1,5,1,122" ten="272,240,208,270" oya="2" hai0="66,56,15,118,128,50,7,100,22,82,126,33,21" hai1="17,34,74,92,114,19,30,93,49,59,9,51,121" hai2="112,32,94,43,77,133,46,2,89,23,76,20,84" hai3="79,12,60,101,95,6,99,44,62,53,132,67,131"/><V28/><F112/><W63/><G131/><T69/><D33/><U72/><E114/><V3/><F32/><W87/><G132/><T115/><D115/><U25/><E121/><V48/><F133/><W1/><G1/><T55/><D128/><U54/><E51/><V104/><F104/><W27/><G27/><T0/><D0/><U31/><E31/><V40/><F2/><W14/><G67/><T116/><D126/><U86/><E86/><V107/><F107/><W129/><G6/><T39/><D100/><U117/><E117/><N who="0" m="45161" /><D39/><U102/><E93/><V123/><F3/><W61/><G129/><T109/><D82/><U65/><E65/><V91/><F123/><W127/><G127/><T113/><D113/><U120/><E120/><V119/><F119/><W41/><G41/><T71/><D66/><U134/><E134/><V110/><F110/><W37/><G37/><T103/><D103/><U29/><E29/><V42/><F91/><W78/><N who="3" m="15360" /><DORA hai="45" /><W68/><G68/><N who="0" m="26187" /><D109/><U105/><E105/><V130/><F130/><W73/><G73/><T70/><N who="0" m="26195" /><T81/><DORA hai="106" /><D81/><U135/><E135/><V88/><F89/><W16/><G79/><N who="2" m="30281" /><F28/><W10/><G78/><T108/><D108/><U96/><REACH who="1" step="1"/><E9/><AGARI ba="1,1" hai="7,9,15,21,22,50,55,56" m="26195,45161" machi="9" ten="50,3200,0" yaku="12,1,52,1" doraHai="122,45,106" who="0" fromWho="1" sc="272,45,240,-35,208,0,270,0" /><INIT seed="3,0,0,1,3,117" ten="317,205,208,270" oya="3" hai0="83,125,96,43,116,75,119,58,78,87,18,102,7" hai1="110,108,12,13,97,128,19,109,133,27,24,121,112" hai2="115,25,86,59,93,4,39,42,127,51,54,124,21" hai3="74,22,61,50,53,56,131,52,85,70,23,76,105"/><W103/><G131/><T67/><D125/><N who="2" m="48202" /><F115/><W35/><G35/><T36/><D7/><U44/><E112/><V1/><F4/><W28/><G74/><T71/><D58/><U126/><E126/><V107/><F107/><W98/><G28/><T88/><D18/><U72/><E128/><V122/><F1/><W55/><G70/><T113/><D113/><U89/><E133/><V3/><F3/><W82/><REACH who="3" step="1"/><G50/><REACH who="3" ten="317,205,208,260" step="2"/><T6/><D119/><U114/><E114/><V40/><F39/><W91/><G91/><T57/><D71/><U14/><E121/><V31/><F122/><W134/><G134/><T84/><D88/><AGARI ba="0,1" hai="21,25,31,40,42,51,54,59,86,88,93" m="48202" machi="88" ten="30,2000,0" yaku="18,1,54,1" doraHai="117" who="2" fromWho="0" sc="317,-20,205,0,208,30,260,0" /><INIT seed="4,0,0,4,5,102" ten="297,205,238,260" oya="0" hai0="74,111,3,121,82,100,135,94,93,20,130,64,61" hai1="25,78,21,57,86,39,53,129,50,108,17,114,69" hai2="83,67,126,49,90,87,85,76,115,9,134,29,62" hai3="84,110,56,124,54,113,131,42,6,103,66,106,27"/><T58/><D121/><U8/><E108/><V98/><F115/><W10/><G110/><T55/><D111/><U81/><E114/><V77/><F126/><W40/><G124/><T60/><D135/><U19/><E129/><V88/><F134/><W59/><G66/><T63/><D130/><U73/><E69/><V119/><F119/><W125/><G125/><T44/><D3/><U120/><E120/><V105/><F29/><W52/><G84/><T45/><D74/><U16/><E39/><V104/><F49/><N who="3" m="30735" /><G27/><T48/><D64/><U107/><E107/><V79/><F9/><W123/><G103/><T71/><D71/><U122/><E122/><V43/><F43/><W30/><G106/><T91/><D20/><U2/><REACH who="1" step="1"/><E73/><REACH who="1" ten="297,195,238,260" step="2"/><V95/><REACH who="2" step="1"/><F98/><REACH who="2" ten="297,195,228,260" step="2"/><W36/><G113/><T133/><D133/><U70/><E70/><AGARI ba="0,2" hai="62,67,70,76,77,79,83,85,87,88,90,95,104,105" machi="70" ten="40,8000,1" yaku="1,1,2,1,52,2,54,1,53,0" doraHai="102" doraHaiUra="109" who="2" fromWho="1" sc="297,0,195,-80,228,100,260,0" owari="297,9.7,115,-38.5,328,42.8,260,-14.0" /></mjloggm>