<mjloggm ver="2.3"><GO type="225" lobby="0"/><UN n0="%E3%81%BF%E3%81%BF%E3%81%9A" n1="%E7%B4%94%E6%BD%94%E3%83%94%E3%83%A9%E3%83%8B%E3%82%A2" n2="%4C%4F%4C%49%54%41" n3="%EF%BC%B3%E3%81%9E%E3%81%88%E2%98%86" dan="16,16,16,16" rate="2145.65,2125.43,2147.83,2095.46" sx="M,M,F,M"/><TAIKYOKU oya="0"/><INIT seed="0,0,0,0,2,93" ten="250,250,250,250" oya="0" hai0="135,107,16,60,119,97,86,18,128,123,13,20,7" hai1="22,1,103,11,41,100,9,27,116,132,48,99,117" hai2="64,52,68,0,71,76,5,50,115,75,131,122,124" hai3="17,12,79,80,72,46,53,92,83,31,44,34,120"/><T38/><D119/><U74/><E74/><V101/><F122/><W23/><G120/><T4/><D123/><U121/><E121/><V28/><F115/><W66/><G66/><T3/><D38/><U47/><E132/><V91/><F124/><W88/><G83/><T133/><D128/><U77/><E77/><V29/><F101/><W19/><G34/><T87/><D60/><U56/><E100/><V127/><F127/><W105/><G105/><T129/><D129/><U36/><E56/><V45/><F131/><W33/><G53/><T89/><D3/><U24/><E24/><V10/><F91/><W26/><REACH who="3" step="1"/><G17/><REACH who="3" ten="250,250,250,240" step="2"/><T111/><D107/><U6/><E116/><V37/><F64/><W114/><G114/><T42/><D42/><U35/><E35/><V73/><F52/><W43/><G43/><T62/><D133/><U82/><E82/><V81/><F81/><W30/><G30/><T59/><D135/><U51/><E117/><V40/><F29/><W95/><G95/><N who="0" m="56559" /><D111/><U57/><E41/><V104/><F104/><W8/><G8/><T106/><D18/><U110/><E110/><V78/><F28/><W2/><G2/><T118/><D106/><U63/><E1/><V58/><F40/><W39/><G39/><T84/><D118/><U90/><E36/><V102/><F37/><W69/><G69/><T98/><D98/><AGARI ba="0,1" hai="12,19,23,26,31,33,44,46,72,79,80,88,92,98" machi="98" ten="30,7700,0" yaku="1,1,7,1,52,1,54,1,53,0" doraHai="93" doraHaiUra="130" who="3" fromWho="0" sc="250,-77,250,0,250,0,240,87" /><INIT seed="1,0,0,2,4,105" ten="173,250,250,327" oya="1" hai0="68,63,56,11,35,75,126,109,4,90,54,10,52" hai1="41,5,67,134,133,64,60,45,83,55,98,39,7" hai2="69,9,6,16,0,42,38,122,97,24,1,94,82" hai3="49,131,22,70,118,23,62,128,121,33,17,96,84"/><U50/><E98/><V44/><F69/><W18/><G33/><T43/><D109/><U26/><E26/><V89/><F122/><W120/><G70/><T111/><D111/><U116/><E83/><V130/><F130/><N who="3" m="49707" /><G62/><T28/><D126/><U100/><E100/><V115/><F115/><W66/><G66/><T95/><D43/><U125/><E116/><V79/><F24/><N who="3" m="14415" /><G49/><T119/><D119/><U85/><E85/><V14/><REACH who="2" step="1"/><F6/><REACH who="2" ten="173,250,240,327" step="2"/><W65/><G65/><T30/><D68/><N who="1" m="41991" /><E67/><V102/><F102/><W51/><G120/><T110/><D110/><U2/><E7/><V8/><F8/><W135/><G121/><T107/><D11/><N who="1" m="2487" /><E125/><V104/><F104/><W13/><G118/><T32/><D107/><U21/><E21/><V20/><F20/><W46/><G23/><T48/><D32/><U3/><E3/><V34/><F34/><W113/><G113/><T117/><D35/><U106/><E106/><V71/><F71/><W27/><G27/><T53/><D117/><U19/><E19/><V36/><F36/><W73/><G18/><T103/><D103/><U57/><AGARI ba="0,1" hai="39,41,45,50,55,57,133,134" m="2487,41991" machi="57" ten="30,1500,0" yaku="24,1" doraHai="105" who="1" fromWho="1" sc="173,-5,250,25,240,-5,327,-5" /><INIT seed="1,1,0,0,2,6" ten="168,275,235,322" oya="1" hai0="60,58,29,9,88,59,71,16,51,112,117,135,31" hai1="89,13,80,102,64,114,87,84,56,63,129,39,128" hai2="35,99,118,26,120,65,97,132,41,42,24,106,81" hai3="95,130,107,115,126,109,70,1,68,52,101,25,36"/><U85/><E39/><V96/><F106/><W123/><RYUUKYOKU type="yao9" ba="1,0" sc="168,0,275,0,235,0,322,0" hai3="1,25,36,52,68,70,95,101,107,109,115,123,126,130" /><INIT seed="1,2,0,3,1,14" ten="168,275,235,322" oya="1" hai0="102,19,65,16,67,41,101,20,22,100,45,15,44" hai1="89,57,42,81,29,46,132,131,120,114,64,53,49" hai2="5,118,37,128,2,3,117,73,135,87,84,18,50" hai3="27,13,47,130,40,80,76,0,72,112,99,126,95"/><U11/><E114/><V104/><F37/><W26/><G112/><T24/><REACH who="0" step="1"/><D45/><REACH who="0" ten="158,275,235,322" step="2"/><U32/><E46/><V9/><F118/><W12/><G47/><T48/><AGARI ba="2,1" hai="15,16,19,20,22,24,41,44,48,65,67,100,101,102" machi="48" ten="30,24000,4" yaku="21,2,2,1,0,1,8,1,52,2,54,1,53,3" doraHai="14" doraHaiUra="97" who="0" fromWho="0" sc="158,256,275,-122,235,-62,322,-62" /><INIT seed="2,0,0,5,2,39" ten="414,153,173,260" oya="2" hai0="67,133,43,29,57,22,121,30,69,50,120,125,32" hai1="80,90,11,89,73,126,105,98,15,27,83,129,77" hai2="117,127,8,79,14,23,91,122,18,78,113,82,37" hai3="58,19,131,5,85,33,7,118,17,108,106,88,55"/><V102/><F117/><W112/><G118/><T16/><D125/><U9/><E126/><V34/><F127/><W107/><G33/><T54/><D133/><U6/><E129/><V48/><F37/><W40/><G131/><T2/><D2/><U76/><E27/><V103/><F113/><W70/><G70/><T42/><D32/><U86/><E105/><V75/><F34/><W95/><G112/><T94/><D69/><U52/><E98/><V38/><F38/><W92/><G108/><T128/><D128/><U65/><E65/><V35/><F35/><W10/><G40/><N who="0" m="15403" /><D121/><U110/><E110/><V104/><F104/><W81/><G107/><T124/><D120/><U59/><REACH who="1" step="1"/><E9/><REACH who="1" ten="414,143,173,260" step="2"/><V36/><F8/><W109/><G106/><T116/><D124/><U56/><E56/><V60/><F122/><W66/><G58/><T46/><D116/><U26/><E26/><V93/><F36/><W51/><G10/><T119/><D119/><U101/><E101/><V0/><F103/><W132/><G109/><T62/><D94/><U44/><E44/><V41/><F93/><W21/><G95/><T71/><D71/><U13/><E13/><AGARI ba="0,1" hai="13,16,22,29,30,46,50,54,57,62,67" m="15403" machi="13" ten="30,8000,1" yaku="8,1,52,3,54,1" doraHai="39" who="0" fromWho="1" sc="414,90,143,-80,173,0,260,0" /><INIT seed="3,0,0,0,5,67" ten="504,63,173,260" oya="3" hai0="92,4,23,91,38,101,28,64,112,30,84,127,130" hai1="18,40,47,125,80,25,17,39,118,100,113,78,32" hai2="37,56,107,116,34,1,79,119,14,68,61,53,121" hai3="73,83,75,50,31,3,109,85,93,95,105,81,42"/><W98/><G3/><T10/><D38/><U48/><E113/><V96/><F1/><W7/><G7/><T110/><D110/><U71/><E118/><V134/><F37/><W26/><G26/><T133/><D112/><U108/><E108/><V89/><F34/><W0/><G31/><T88/><D101/><U35/><E125/><V5/><F79/><N who="3" m="46271" /><G0/><T123/><D123/><U131/><E131/><V70/><F134/><W9/><G9/><T11/><D133/><U77/><E100/><V76/><F76/><W65/><G65/><T132/><D127/><U69/><E78/><V117/><F121/><W62/><G50/><T82/><D130/><U111/><E111/><V90/><F107/><W6/><G62/><T22/><D132/><U46/><E32/><V115/><F115/><W19/><G42/><T27/><D64/><U52/><E35/><V106/><F106/><W24/><G19/><T60/><D60/><U129/><E129/><V57/><F57/><W103/><G24/><N who="0" m="16407" /><D4/><U54/><E54/><V120/><F120/><W49/><G6/><T2/><D2/><U41/><E41/><V128/><F128/><W102/><G49/><T97/><AGARI ba="0,0" hai="10,11,23,27,30,82,84,88,91,92,97" m="16407" machi="97" ten="30,2000,0" yaku="8,1,54,1" doraHai="67" who="0" fromWho="0" sc="504,20,63,-5,173,-5,260,-10" owari="524,62.4,58,-44.2,168,-23.2,250,5.0" /></mjloggm>