<mjloggm ver="2.3"><GO type="225" lobby="0"/><UN n0="%72%69%6F%75%63%68%61%6E" n1="%E3%81%82%E3%81%99%E3%81%AB%E3%82%83%E3%82%80" n2="%77%72%77%72%77%72%77%72" n3="%E9%A2%A8%E3%81%A7%E9%B3%B4%E3%81%8F" dan="16,16,17,16" rate="2142.91,2104.74,2172.86,2131.72" sx="M,F,M,M"/><TAIKYOKU oya="0"/><INIT seed="0,0,0,1,1,89" ten="250,250,250,250" oya="0" hai0="104,10,117,87,135,60,101,114,121,67,129,102,92" hai1="61,59,4,112,124,98,132,49,42,66,130,82,51" hai2="16,73,34,52,58,31,107,25,75,40,26,9,95" hai3="32,90,19,119,0,33,37,7,62,81,125,35,20"/><T115/><D117/><U69/><E124/><V96/><F107/><W55/><G37/><T46/><D121/><U131/><E132/><V30/><F40/><W126/><G55/><T29/><D135/><U111/><E4/><V94/><F9/><N who="3" m="2279" /><G62/><T50/><D129/><N who="1" m="49163" /><E111/><V54/><F16/><W99/><G81/><T74/><D74/><U84/><E98/><V71/><F71/><W53/><G53/><T128/><D128/><U103/><E103/><V113/><F113/><W28/><G90/><N who="0" m="53343" /><D104/><U110/><E110/><V86/><F86/><W57/><G57/><N who="0" m="37263" /><D115/><U1/><E1/><V23/><F54/><W91/><G91/><T65/><D29/><U3/><E3/><V123/><F123/><W64/><G99/><T6/><D65/><U118/><E118/><V18/><F31/><W17/><G64/><T12/><D114/><U80/><E112/><V120/><F120/><W93/><G119/><T27/><D27/><U43/><E69/><V47/><F47/><W72/><G72/><T21/><D21/><U36/><E36/><V108/><F108/><W2/><G2/><T116/><D116/><U8/><E80/><V38/><F38/><W76/><G76/><T48/><D48/><N who="1" m="18507" /><E8/><V63/><REACH who="2" step="1"/><F95/><REACH who="2" ten="250,250,240,250" step="2"/><W127/><G93/><T41/><AGARI ba="0,1" hai="6,10,12,41,46,50,101,102" m="37263,53343" machi="41" ten="30,3000,0" yaku="8,1,52,1" doraHai="89" who="0" fromWho="0" sc="250,40,250,-10,240,-10,250,-10" /><INIT seed="0,1,0,1,1,46" ten="290,240,230,240" oya="0" hai0="69,0,39,29,114,110,20,130,36,28,96,48,45" hai1="47,44,79,41,75,87,35,123,9,18,6,4,40" hai2="91,100,126,113,118,119,127,43,62,74,14,129,60" hai3="19,63,116,105,57,53,27,65,82,135,72,83,54"/><T134/><D114/><U30/><E75/><V16/><F113/><W106/><G116/><N who="2" m="44585" /><F74/><W22/><G135/><T1/><D69/><U15/><E123/><V33/><F33/><W101/><G101/><T81/><D134/><U56/><E30/><V84/><F100/><W109/><G109/><T104/><D28/><U49/><E56/><V97/><F97/><W94/><G94/><T108/><D130/><U32/><E32/><V51/><F129/><W5/><G5/><T117/><D117/><U77/><E35/><V34/><F34/><W38/><G38/><N who="0" m="14379" /><D81/><U55/><E55/><V66/><F51/><W12/><G27/><N who="0" m="16615" /><D96/><U73/><E73/><V13/><F13/><W24/><G24/><T8/><D8/><U26/><E26/><V107/><F43/><W89/><G82/><T67/><D67/><U21/><E87/><V102/><F102/><W10/><G10/><T58/><D58/><U59/><E59/><N who="2" m="37151" /><F62/><W64/><G64/><T78/><D104/><U95/><E95/><N who="2" m="54759" /><F107/><W85/><G72/><T76/><D0/><U103/><E103/><V90/><F90/><W2/><G2/><T122/><D1/><U132/><E132/><V70/><F70/><W128/><G128/><T52/><D122/><U61/><E61/><V115/><F115/><W111/><G111/><AGARI ba="1,0" hai="45,48,52,76,78,108,110,111" m="16615,14379" machi="111" ten="30,11600,0" yaku="14,1,10,1,52,1,54,1" doraHai="46" who="0" fromWho="3" sc="290,119,240,0,230,0,240,-119" /><INIT seed="0,2,0,1,3,5" ten="409,240,230,121" oya="0" hai0="73,25,72,102,68,100,3,107,108,98,42,47,112" hai1="122,12,88,64,113,134,13,125,14,104,66,120,26" hai2="114,82,90,78,16,115,0,133,85,84,35,61,43" hai3="69,21,79,15,41,53,74,126,2,19,111,123,52"/><T24/><D112/><U11/><E134/><V119/><F35/><W4/><G69/><T109/><D68/><U75/><E104/><V9/><F133/><W34/><G126/><T70/><D70/><U23/><E75/><N who="0" m="28745" /><D100/><U48/><E125/><V130/><F43/><W65/><G65/><N who="1" m="25194" /><E113/><V95/><F130/><W71/><G71/><T129/><D3/><U46/><E120/><V67/><F119/><W27/><G123/><T60/><D60/><U30/><E122/><V22/><F61/><W56/><G111/><N who="0" m="42571" /><D129/><U117/><E117/><V124/><F67/><W62/><G41/><T58/><D58/><U83/><E46/><V8/><F124/><W59/><G74/><T18/><D18/><N who="1" m="8479" /><E48/><AGARI ba="2,0" hai="24,25,42,47,48,98,102,107" m="42571,28745" machi="48" ten="30,2900,0" yaku="14,1,10,1" doraHai="5" who="0" fromWho="1" sc="409,35,240,-35,230,0,121,0" /><INIT seed="0,3,0,1,5,62" ten="444,205,230,121" oya="0" hai0="77,126,23,35,37,64,121,26,91,110,90,55,45" hai1="129,29,14,105,1,39,5,116,67,100,119,125,21" hai2="128,70,16,120,72,10,122,18,36,41,74,12,92" hai3="2,38,85,101,95,82,103,87,17,53,84,79,19"/><T86/><D121/><U13/><E39/><V96/><F70/><W24/><G2/><T108/><D35/><U93/><E105/><V113/><F113/><W51/><G38/><T6/><D6/><U22/><E129/><V109/><F128/><W54/><G24/><T50/><D126/><U106/><E106/><V9/><F109/><N who="0" m="42090" /><D37/><U47/><E47/><V131/><F131/><W60/><G60/><T33/><D33/><U46/><E46/><V57/><F57/><W81/><G95/><T68/><D77/><U59/><E59/><V48/><F36/><W58/><G87/><T73/><D73/><U117/><E125/><V114/><F114/><W4/><G4/><T42/><D42/><U94/><E117/><V65/><F48/><W99/><G99/><T30/><D86/><U135/><E5/><V8/><F41/><W15/><G54/><T111/><N who="0" m="42098" /><T44/><DORA hai="20" /><D44/><U127/><E127/><V3/><F72/><W32/><G32/><T118/><D118/><U123/><E123/><V97/><F74/><W25/><G25/><T71/><D64/><U102/><E67/><V112/><F65/><W107/><G107/><T49/><D50/><U78/><E78/><V7/><F112/><W28/><G28/><T43/><D55/><U27/><E29/><V69/><F69/><AGARI ba="3,0" hai="23,26,30,43,45,49,68,69,71,90,91" m="42098" machi="69" ten="40,7700,0" yaku="14,1,10,1,52,1" doraHai="62,20" who="0" fromWho="2" sc="444,86,205,0,230,-86,121,0" /><INIT seed="0,4,0,1,2,24" ten="530,205,144,121" oya="0" hai0="63,51,118,83,73,78,109,113,126,7,18,23,59" hai1="47,16,55,41,3,105,43,12,45,103,25,102,65" hai2="124,107,71,66,28,96,87,57,30,88,14,93,91" hai3="67,58,77,52,61,40,29,22,104,11,134,36,115"/><T111/><D113/><U122/><E3/><V101/><F71/><W74/><G104/><T6/><D118/><U86/><E65/><V82/><F124/><W1/><G115/><T76/><D76/><U13/><E122/><V132/><F132/><W26/><G134/><T117/><D117/><U20/><E86/><V100/><F14/><N who="1" m="5737" /><E105/><V121/><F121/><W8/><G1/><T5/><D51/><N who="1" m="29167" /><E47/><V62/><F101/><AGARI ba="4,0" hai="16,20,25,41,43,101,102,103" m="29167,5737" machi="101" ten="30,2000,0" yaku="8,1,54,1" doraHai="24" who="1" fromWho="2" sc="530,0,205,32,144,-32,121,0" /><INIT seed="1,0,0,4,5,23" ten="530,237,112,121" oya="1" hai0="123,134,92,110,107,51,11,8,116,99,5,75,87" hai1="31,105,15,49,44,84,100,89,52,7,69,120,13" hai2="47,121,35,113,101,71,112,53,76,93,66,131,36" hai3="12,98,106,42,104,56,37,0,50,129,74,130,118"/><U16/><E69/><V29/><F121/><W43/><G0/><T28/><D116/><U40/><E120/><V90/><F76/><W65/><G74/><T114/><D114/><N who="2" m="44138" /><F131/><N who="3" m="50187" /><G118/><T91/><D75/><U126/><E126/><V117/><F117/><W63/><G37/><T20/><D123/><U81/><E31/><V133/><F133/><W78/><G78/><T17/><D134/><U97/><E13/><V54/><F101/><N who="3" m="62519" /><G106/><T108/><D28/><U22/><REACH who="1" step="1"/><E7/><REACH who="1" ten="530,227,112,121" step="2"/><V60/><F29/><W82/><G12/><N who="0" m="9255" /><D5/><U9/><E9/><V119/><F119/><W30/><G30/><T77/><D8/><U124/><E124/><V96/><F35/><W59/><G82/><T32/><D11/><U70/><E70/><V19/><F19/><W33/><G33/><T128/><D32/><U4/><E4/><V62/><F62/><W10/><G10/><T132/><D128/><U85/><E85/><V122/><F122/><W21/><G21/><T3/><D87/><U86/><E86/><V1/><F1/><W34/><G34/><T46/><D3/><U38/><E38/><V57/><F71/><W135/><G135/><T41/><D132/><U94/><E94/><V18/><F18/><W24/><G24/><T48/><D92/><U61/><E61/><V79/><F79/><W6/><G6/><T55/><D77/><U72/><E72/><V127/><F127/><W25/><G25/><T80/><D107/><U64/><E64/><V27/><F27/><W83/><G83/><T58/><D80/><U103/><E103/><V45/><F36/><W73/><G73/><RYUUKYOKU ba="0,1" sc="530,0,227,0,112,0,121,0" hai0="41,46,48,51,55,58,91,99,108,110" hai1="15,16,22,40,44,49,52,81,84,89,97,100,105" hai2="45,47,53,54,57,60,66,90,93,96" hai3="42,43,50,56,59,63,65" /><INIT seed="1,1,1,1,5,30" ten="530,227,112,121" oya="1" hai0="50,111,15,79,124,105,62,80,13,54,59,21,98" hai1="32,104,28,12,52,43,106,57,48,40,91,94,34" hai2="25,131,117,35,85,49,0,53,78,47,2,3,56" hai3="84,121,38,77,126,65,55,108,51,44,67,115,133"/><U1/><E1/><V37/><F117/><W60/><G115/><T41/><D111/><U116/><E116/><V4/><F131/><W42/><G121/><T93/><D105/><U74/><E74/><V92/><F4/><W89/><G108/><T102/><D124/><U110/><E110/><V22/><F35/><W95/><G126/><T61/><D41/><U112/><E112/><V96/><F85/><W132/><G77/><T33/><D33/><U68/><E68/><V10/><F78/><W11/><G11/><T20/><D20/><U27/><E34/><V88/><F10/><W81/><G81/><T123/><D123/><U24/><E106/><V23/><REACH who="2" step="1"/><F25/><REACH who="2" ten="530,227,102,121" step="2"/><W66/><G132/><T107/><D107/><U71/><E104/><V113/><F113/><W128/><G133/><T19/><D13/><U5/><E27/><V100/><F100/><W130/><G128/><T45/><REACH who="0" step="1"/><D45/><REACH who="0" ten="520,227,102,121" step="2"/><U9/><REACH who="1" step="1"/><E71/><REACH who="1" ten="520,217,102,121" step="2"/><V64/><F64/><W97/><G130/><T75/><AGARI ba="1,4" hai="15,19,21,50,54,59,61,62,75,79,80,93,98,102" machi="75" ten="20,5200,0" yaku="1,1,2,1,0,1,7,1,53,0" doraHai="30" doraHaiUra="120" who="0" fromWho="0" sc="520,95,217,-27,102,-14,121,-14" /><INIT seed="2,0,0,0,1,47" ten="615,190,88,107" oya="2" hai0="36,44,63,42,118,24,16,117,26,0,59,19,51" hai1="62,2,53,58,106,64,78,98,93,74,123,107,122" hai2="77,50,22,109,128,5,46,92,112,130,83,71,73" hai3="127,87,89,116,114,43,81,37,52,85,55,126,10"/><V40/><F112/><W113/><G116/><N who="0" m="44651" /><D0/><U125/><E2/><V115/><F115/><N who="3" m="44043" /><G43/><T41/><D42/><U120/><E125/><N who="3" m="47626" /><G37/><T124/><D36/><U72/><E64/><V25/><F71/><W28/><G28/><T79/><D124/><U108/><E108/><V12/><F109/><W1/><G87/><T31/><D79/><U110/><E110/><V102/><F5/><AGARI ba="0,0" hai="1,5,10,52,55,81,85,89" m="47626,44043" machi="5" ten="30,3900,0" yaku="11,1,18,1,54,1" doraHai="47" who="3" fromWho="2" sc="615,0,190,0,88,-39,107,39" /><INIT seed="3,0,0,0,5,1" ten="615,190,49,146" oya="3" hai0="135,127,110,22,7,88,36,44,120,108,13,106,82" hai1="46,125,112,29,70,12,49,37,17,10,18,24,128" hai2="15,3,86,50,123,68,101,118,30,64,111,2,20" hai3="91,14,25,75,0,117,98,84,58,85,5,41,130"/><W115/><G75/><T59/><D106/><U71/><E112/><V57/><F118/><W73/><G73/><T19/><D120/><U114/><E114/><V33/><F123/><W131/><G0/><T121/><D121/><U134/><E125/><V26/><F111/><N who="0" m="42538" /><D127/><U4/><E37/><V56/><F68/><W132/><G115/><T92/><D135/><U61/><E134/><V100/><F100/><W16/><G132/><T83/><D7/><U31/><E31/><V40/><F33/><W48/><G117/><T79/><D59/><U78/><E78/><V11/><F101/><W47/><G98/><N who="0" m="57607" /><D79/><U119/><E128/><N who="3" m="49194" /><G58/><T42/><AGARI ba="0,0" hai="13,19,22,36,42,44,82,83" m="57607,42538" machi="42" ten="30,2000,0" yaku="14,1,54,1" doraHai="1" who="0" fromWho="0" sc="615,20,190,-5,49,-5,146,-10" owari="635,73.5,185,-1.5,44,-45.6,136,-26.4" /></mjloggm>