<mjloggm ver="2.3"><GO type="225" lobby="0"/><UN n0="%E3%81%8F%E3%82%8A%E3%83%94%E3%83%BC" n1="%E8%A8%88%E7%AE%97%E6%A9%9F%E8%87%AA%E7%84%B6" n2="%37%2F%32%E3%81%AB%E7%94%9F%E3%81%BE%E3%82%8C%E3%81%A6" n3="%E3%81%B2%E3%81%AA%E3%81%AE%E3%82%8A%E3%81%8F" dan="16,17,17,17" rate="2090.36,2231.59,2169.69,2202.49" sx="M,M,M,M"/><TAIKYOKU oya="0"/><INIT seed="0,0,0,4,4,37" ten="250,250,250,250" oya="0" hai0="24,73,131,89,71,94,40,32,83,44,38,18,14" hai1="9,45,21,4,1,74,36,62,69,8,63,90,134" hai2="92,125,42,13,15,128,82,11,96,85,0,64,87" hai3="102,46,120,68,66,26,22,50,19,67,31,77,121"/><T55/><D131/><U2/><E134/><V35/><F35/><W93/><G77/><T3/><D3/><U114/><E114/><V60/><F128/><W124/><G124/><T25/><D71/><U84/><E74/><V16/><F125/><W59/><G68/><T70/><D70/><U109/><E109/><V23/><F0/><W27/><G102/><T86/><D32/><U47/><E21/><V52/><F42/><N who="3" m="24919" /><G93/><T56/><D83/><U6/><E69/><V53/><F64/><N who="3" m="24619" /><G59/><T58/><D58/><U61/><REACH who="1" step="1"/><E36/><REACH who="1" ten="250,240,250,250" step="2"/><V123/><F123/><N who="3" m="47179" /><G27/><T116/><D73/><U10/><E10/><V98/><F60/><W135/><G135/><T103/><D116/><U51/><E51/><V130/><F130/><W65/><N who="3" m="24627" /><W43/><DORA hai="54" /><G43/><T104/><D25/><U20/><E20/><V91/><F87/><W79/><G79/><T81/><D24/><U107/><E107/><V78/><REACH who="2" step="1"/><F98/><REACH who="2" ten="250,240,240,250" step="2"/><W133/><G133/><T112/><D86/><U72/><E72/><V12/><F12/><W100/><G100/><T7/><D14/><U95/><AGARI ba="0,2" hai="1,2,4,6,8,9,45,47,61,62,63,84,90,95" machi="95" ten="30,4000,0" yaku="1,1,0,1,9,1,53,0" doraHai="37,54" doraHaiUra="119,115" who="1" fromWho="1" sc="250,-20,240,60,240,-10,250,-10" /><INIT seed="1,0,0,2,5,120" ten="230,300,230,240" oya="1" hai0="98,134,23,34,25,6,58,30,55,53,116,128,69" hai1="131,22,17,4,102,49,88,89,21,1,106,3,18" hai2="48,52,56,61,113,33,123,127,71,70,94,35,72" hai3="57,5,111,2,130,95,82,12,115,81,86,75,92"/><U114/><E114/><V51/><F123/><W37/><G2/><T0/><D116/><U107/><E49/><V7/><F113/><W129/><G115/><T74/><D69/><U97/><E131/><V43/><F72/><W62/><G37/><T85/><D74/><U84/><E4/><V93/><F127/><W50/><G75/><T32/><D134/><U109/><E84/><V36/><F7/><W28/><G28/><T41/><D41/><U38/><E97/><V66/><F71/><W108/><G50/><T65/><D55/><U46/><E102/><V29/><F51/><W90/><G5/><T27/><D65/><U78/><E78/><V117/><F117/><W99/><G12/><T119/><D128/><N who="3" m="49257" /><G82/><T31/><D85/><U59/><E38/><V112/><F112/><W103/><G81/><T16/><D98/><U64/><E64/><AGARI ba="0,0" hai="57,62,64,86,90,92,95,99,103,108,111" m="49257" machi="64" ten="30,3900,0" yaku="19,1,52,2" doraHai="120" who="3" fromWho="1" sc="230,0,300,-39,230,0,240,39" /><INIT seed="2,0,0,4,0,74" ten="230,261,230,279" oya="2" hai0="52,10,66,92,32,2,16,45,103,112,134,93,130" hai1="49,48,90,105,3,50,6,77,70,58,84,127,100" hai2="54,75,55,131,117,1,73,18,33,76,8,94,132" hai3="29,109,46,88,119,63,37,44,91,31,65,24,97"/><V26/><F117/><W126/><G119/><T135/><D112/><U51/><E70/><V53/><F131/><W123/><G123/><T102/><D32/><U43/><E127/><V83/><F132/><N who="0" m="50730" /><D66/><U96/><E6/><V34/><F75/><W56/><G109/><T61/><D130/><U57/><E3/><V116/><F116/><W67/><G126/><T122/><D122/><U71/><E71/><V41/><F41/><W7/><G67/><T95/><D2/><U113/><E113/><V17/><F94/><W128/><G7/><T25/><D61/><U79/><E43/><V14/><REACH who="2" step="1"/><F1/><REACH who="2" ten="230,261,220,279" step="2"/><W86/><G128/><T20/><D10/><U28/><E105/><V4/><F4/><W27/><G37/><T72/><D72/><U19/><E100/><V42/><F42/><W111/><G111/><T108/><D108/><U129/><E129/><V5/><F5/><W15/><G31/><T99/><D103/><U78/><E28/><V85/><F85/><W81/><G29/><T11/><D11/><U47/><E96/><V40/><F40/><W124/><G124/><T59/><D99/><U35/><E19/><V107/><F107/><W115/><G97/><T121/><D102/><U12/><E84/><V9/><F9/><W22/><G86/><T120/><D45/><U98/><E47/><V36/><F36/><W114/><G46/><T23/><D23/><AGARI ba="0,1" hai="8,14,17,18,23,26,33,34,53,54,55,73,76,83" machi="23" ten="40,12000,1" yaku="1,1,52,1,53,2" doraHai="74" doraHaiUra="13" who="2" fromWho="0" sc="230,-120,261,0,220,130,279,0" /><INIT seed="2,1,0,1,3,31" ten="110,261,350,279" oya="2" hai0="70,20,131,134,69,29,77,83,6,44,104,59,73" hai1="50,119,19,57,5,47,123,96,2,90,78,56,27" hai2="126,80,46,16,115,25,74,105,124,95,86,13,89" hai3="45,66,67,100,98,43,24,30,68,88,120,7,135"/><V94/><F115/><W79/><G120/><T85/><D104/><U54/><E119/><V52/><F105/><W10/><G135/><T12/><D134/><U32/><E123/><V112/><F25/><W49/><G79/><T130/><D73/><U42/><E78/><V60/><F112/><W107/><G88/><T101/><D101/><U128/><E128/><V1/><F1/><W108/><G108/><T58/><D44/><U15/><E2/><V121/><F74/><W76/><G76/><T9/><D59/><U114/><E114/><V48/><F60/><W65/><G68/><T113/><D113/><U84/><E96/><V117/><F117/><W28/><REACH who="3" step="1"/><G24/><REACH who="3" ten="110,261,350,269" step="2"/><T26/><REACH who="0" step="1"/><D58/><REACH who="0" ten="100,261,350,269" step="2"/><U103/><E56/><V41/><F121/><W99/><G99/><T4/><D4/><U51/><E5/><V82/><F126/><W3/><AGARI ba="1,2" hai="3,7,10,28,30,43,45,49,65,66,67,98,100,107" machi="3" ten="30,2000,0" yaku="1,1,0,1,53,0" doraHai="31" doraHaiUra="55" who="3" fromWho="3" sc="100,-6,261,-6,350,-11,269,43" /><INIT seed="3,0,0,2,3,10" ten="94,255,339,312" oya="3" hai0="135,2,19,81,82,91,4,90,49,106,26,18,55" hai1="15,121,75,47,102,86,57,40,118,20,128,120,103" hai2="64,87,3,69,42,88,6,59,29,52,92,24,38" hai3="16,96,14,95,119,0,107,109,7,79,21,22,130"/><W124/><G119/><T77/><D135/><U63/><E75/><V70/><F3/><W33/><G107/><T12/><D2/><U39/><E128/><V93/><F6/><W17/><G33/><T53/><D106/><U30/><E118/><V13/><F13/><W76/><G130/><T32/><D32/><U45/><E45/><V85/><F64/><W89/><G124/><T50/><D26/><U101/><E86/><V48/><F42/><W68/><G68/><T133/><D133/><U46/><E46/><V122/><F38/><W67/><G67/><T98/><D98/><U37/><E37/><V51/><F51/><W132/><G132/><T35/><D35/><U78/><E78/><N who="3" m="29738" /><G0/><T66/><D77/><U111/><E111/><V23/><F122/><W44/><G109/><T54/><D66/><U113/><E113/><V74/><F74/><W97/><G44/><T58/><D58/><U129/><E129/><V9/><F9/><N who="3" m="4415" /><G97/><T72/><D72/><U43/><E43/><V28/><F28/><W56/><G56/><T116/><D116/><U99/><E99/><V112/><F112/><W34/><G34/><T84/><D55/><U71/><E71/><V62/><F48/><W80/><G80/><T94/><D4/><U117/><E117/><V114/><F114/><W41/><G41/><T125/><D125/><U31/><E30/><V131/><F131/><W126/><G126/><T110/><D110/><U134/><E134/><V83/><F83/><W100/><G100/><T65/><D65/><N who="1" m="39151" /><E31/><V8/><F8/><W108/><G108/><T25/><D54/><RYUUKYOKU ba="0,0" sc="94,-30,255,10,339,10,312,10" hai1="15,20,39,40,47,101,102,103,120,121" hai2="23,24,29,52,59,62,69,70,85,87,88,92,93" hai3="16,17,21,22,89,95,96" /><INIT seed="3,1,0,1,5,39" ten="64,265,349,322" oya="3" hai0="128,60,92,73,9,38,70,118,16,69,91,112,11" hai1="115,33,125,104,19,75,50,24,14,8,15,22,119" hai2="107,18,25,99,101,64,133,47,67,5,122,56,116" hai3="51,97,21,123,84,83,79,0,74,52,44,40,78"/><W3/><G123/><T114/><D118/><U105/><E75/><V98/><F116/><W58/><G97/><T17/><D92/><U124/><E119/><V43/><F122/><W53/><G53/><T86/><D38/><U106/><E115/><V77/><F133/><W76/><G21/><T117/><D73/><U100/><E100/><V46/><F47/><W7/><G7/><T61/><D117/><U81/><E81/><V36/><F77/><W34/><G34/><T71/><D86/><U62/><E62/><V131/><F131/><W111/><G111/><T12/><D12/><U4/><E14/><V110/><F110/><W94/><G94/><T35/><D35/><U57/><E57/><V31/><F18/><W32/><G32/><T82/><D82/><U55/><E55/><V87/><F87/><W63/><REACH who="3" step="1"/><G74/><REACH who="3" ten="64,265,349,312" step="2"/><T89/><REACH who="0" step="1"/><D71/><REACH who="0" ten="54,265,349,312" step="2"/><U126/><E33/><V72/><F72/><W103/><G103/><T130/><AGARI ba="1,2" hai="9,11,16,17,60,61,69,70,89,91,112,114,128,130" machi="130" ten="25,12000,2" yaku="1,1,2,1,0,1,22,2,54,1,53,0" doraHai="39" doraHaiUra="41" who="0" fromWho="0" sc="54,143,265,-31,349,-31,312,-61" owari="197,-30.3,234,-16.6,318,41.8,251,5.1" /></mjloggm>