<mjloggm ver="2.3"><GO type="225" lobby="0"/><UN n0="%E3%81%A9%E3%82%8F%E3%82%93%E3%81%94" n1="%62%6F%6E%6F%73%2E%2E" n2="%E9%B3%B3%E6%9D%B1%E3%81%AE%E3%81%86%E3%81%95%E3%81%8E%E3%81%95%E3%82%93" n3="%E5%A4%9C%E3%81%AE%E3%82%AC%E3%82%B9%E3%83%91%E3%83%BC%E3%83%AB" dan="16,17,17,16" rate="2081.61,2205.95,2260.12,2146.02" sx="M,M,M,M"/><TAIKYOKU oya="0"/><INIT seed="0,0,0,3,5,60" ten="250,250,250,250" oya="0" hai0="20,89,84,10,9,51,108,5,104,37,53,70,134" hai1="45,44,81,15,35,58,97,130,57,27,29,19,39" hai2="94,69,126,102,41,133,55,109,114,119,56,65,129" hai3="1,2,88,107,71,82,85,47,74,90,87,95,64"/><T113/><D37/><U106/><E130/><V92/><F114/><W36/><G107/><T4/><D113/><U50/><E39/><V26/><F129/><W117/><G117/><T77/><D104/><U86/><E45/><V48/><F119/><W23/><G74/><T78/><D70/><U100/><E15/><V121/><F121/><W127/><G127/><T59/><D134/><U46/><E46/><V31/><F126/><W118/><G118/><T125/><D125/><U7/><E19/><V115/><F115/><W54/><G23/><T101/><D101/><U49/><E49/><V25/><F133/><W124/><G124/><T6/><D108/><U33/><E7/><V73/><F73/><W105/><G105/><T123/><D123/><U96/><E96/><V16/><F41/><W67/><G54/><T43/><D43/><U8/><E8/><N who="0" m="3177" /><D20/><U61/><E61/><N who="2" m="38055" /><F69/><W34/><G36/><T14/><D14/><U75/><E33/><V40/><F40/><W99/><G71/><T21/><D21/><U79/><REACH who="1" step="1"/><E75/><REACH who="1" ten="250,240,250,250" step="2"/><V12/><F26/><W11/><G34/><T68/><D68/><U132/><E132/><V32/><F25/><W116/><G116/><T120/><D120/><U135/><E135/><V128/><F32/><W80/><G11/><T66/><D6/><U110/><E110/><V111/><F128/><W103/><G47/><N who="0" m="27903" /><D5/><U17/><E17/><V122/><F122/><W62/><G62/><N who="0" m="38239" /><D4/><U93/><E93/><AGARI ba="0,1" hai="77,78,84,89,93" m="38239,27903,3177" machi="93" ten="30,2900,0" yaku="8,1,52,1" doraHai="60" who="0" fromWho="1" sc="250,39,240,-29,250,0,250,0" /><INIT seed="0,1,0,0,3,77" ten="289,211,250,250" oya="0" hai0="19,24,65,134,40,89,112,123,84,93,135,28,15" hai1="79,37,82,9,110,30,78,115,81,98,41,68,17" hai2="52,60,66,121,5,36,128,70,71,26,114,8,125" hai3="99,90,86,85,76,16,100,111,35,22,107,20,25"/><T47/><D123/><U53/><E68/><V104/><F114/><W75/><G111/><T45/><D112/><U64/><E110/><V108/><F121/><W69/><G69/><T23/><D65/><U106/><E64/><V12/><F108/><W67/><G67/><T124/><D124/><U0/><E115/><V21/><F125/><W57/><G35/><T97/><D97/><U74/><E30/><V130/><F71/><W59/><G75/><T92/><D92/><U63/><E53/><V94/><F104/><W102/><G76/><T38/><REACH who="0" step="1"/><D45/><REACH who="0" ten="279,211,250,250" step="2"/><U73/><E98/><V34/><F94/><W11/><G99/><T33/><AGARI ba="1,1" hai="15,19,23,24,28,33,38,40,47,84,89,93,134,135" machi="33" ten="30,6000,0" yaku="1,1,2,1,0,1,53,0" doraHai="77" doraHaiUra="113" who="0" fromWho="0" sc="279,73,211,-21,250,-21,250,-21" /><INIT seed="0,2,0,3,0,33" ten="352,190,229,229" oya="0" hai0="116,47,128,125,96,92,131,105,80,126,39,13,102" hai1="5,120,60,115,122,62,86,135,103,51,27,111,56" hai2="106,43,25,1,85,4,19,117,31,118,83,23,29" hai3="110,101,12,107,57,54,14,9,44,64,16,58,46"/><T24/><D24/><U70/><E111/><V130/><F106/><W100/><G110/><T42/><D13/><U30/><E135/><V11/><F43/><W78/><G78/><T15/><D15/><U69/><E115/><V36/><F36/><W108/><G108/><T3/><D116/><N who="2" m="44650" /><F130/><N who="0" m="49706" /><D92/><U124/><E124/><N who="0" m="47721" /><D80/><U0/><E103/><N who="3" m="39498" /><G107/><T91/><D91/><AGARI ba="2,0" hai="1,4,11,19,23,25,29,31,83,85,91" m="44650" machi="91" ten="30,2000,0" yaku="12,1,52,1" doraHai="33" who="2" fromWho="0" sc="352,-26,190,0,229,26,229,0" /><INIT seed="1,0,0,5,2,91" ten="326,190,255,229" oya="1" hai0="100,112,129,130,122,89,53,82,31,96,117,127,109" hai1="131,27,110,105,88,41,135,60,5,50,0,45,14" hai2="21,99,133,66,54,116,13,48,33,30,118,26,65" hai3="79,39,56,80,18,98,119,22,132,49,67,64,8"/><U123/><E123/><V43/><F43/><W124/><G39/><T83/><D117/><U134/><E105/><V115/><F115/><W37/><G37/><T6/><D112/><U92/><E0/><V15/><F133/><N who="1" m="50697" /><E131/><V125/><F125/><W95/><G132/><T34/><D122/><U87/><E110/><V35/><F99/><W108/><G108/><T93/><D109/><U102/><E102/><V55/><F21/><W11/><G124/><T28/><D6/><U121/><E121/><V47/><F33/><W75/><G119/><T128/><D127/><U103/><E103/><V20/><F116/><W84/><G75/><T4/><D4/><U94/><E60/><V44/><F118/><W69/><G69/><T16/><D34/><U120/><E120/><V42/><F55/><N who="3" m="31855" /><G67/><N who="2" m="25609" /><F35/><W97/><G64/><T40/><D40/><U104/><E27/><V62/><F44/><W52/><G98/><N who="0" m="57647" /><D53/><U46/><E45/><V61/><F61/><W36/><G52/><T58/><D130/><U71/><E104/><V10/><F62/><W1/><G1/><T24/><D129/><U38/><E71/><V90/><F54/><W126/><G126/><T70/><D70/><U81/><E38/><V7/><F15/><N who="3" m="9567" /><G36/><T68/><D68/><U19/><E5/><V73/><F73/><W23/><G23/><AGARI ba="0,0" hai="14,19,23,41,46,50,81,87,88,92,94" m="50697" machi="23" ten="30,11600,0" yaku="20,1,52,2,54,1" doraHai="91" who="1" fromWho="3" sc="326,0,190,116,255,0,229,-116" /><INIT seed="1,1,0,1,0,69" ten="326,306,255,113" oya="1" hai0="41,76,77,50,19,13,68,113,78,61,83,7,67" hai1="9,24,127,27,114,54,96,47,31,130,91,93,73" hai2="117,58,92,80,60,6,64,112,101,97,122,23,35" hai3="18,90,106,16,134,72,105,109,12,53,17,89,33"/><U36/><E114/><V43/><F117/><W82/><G33/><T26/><D113/><U118/><E118/><V42/><F122/><W86/><G109/><T133/><D133/><U125/><E73/><V52/><F35/><W22/><G134/><T20/><D7/><U40/><E130/><V84/><F112/><W5/><G72/><T115/><D115/><U98/><E54/><V63/><F6/><W34/><G34/><T75/><REACH who="0" step="1"/><D26/><REACH who="0" ten="316,306,255,113" step="2"/><U15/><E24/><V65/><F23/><W62/><G5/><T108/><D108/><U126/><E27/><V57/><REACH who="2" step="1"/><F65/><REACH who="2" ten="316,306,245,113" step="2"/><W0/><G0/><T116/><D116/><U46/><E125/><V30/><F30/><W4/><G4/><T95/><D95/><U71/><E31/><V74/><F74/><W10/><G105/><T2/><D2/><U39/><E127/><V3/><F3/><W21/><G106/><T1/><D1/><U87/><E126/><V49/><F49/><W100/><G22/><T132/><D132/><U25/><E25/><V131/><F131/><W38/><G21/><T88/><D88/><AGARI ba="1,2" hai="42,43,52,57,58,60,63,64,80,84,88,92,97,101" machi="88" ten="30,12000,2" yaku="1,1,7,1,8,1,54,2,53,1" doraHai="69" doraHaiUra="85" who="2" fromWho="0" sc="316,-123,306,0,245,143,113,0" /><INIT seed="2,0,0,1,5,71" ten="193,306,388,113" oya="2" hai0="48,134,122,115,132,53,125,78,121,123,118,116,16" hai1="126,110,65,30,86,69,68,83,95,3,32,80,14" hai2="73,111,131,72,75,89,45,6,108,42,36,129,0" hai3="56,25,99,11,15,96,52,1,101,24,59,60,128"/><V84/><F6/><W44/><G1/><T76/><D16/><U27/><E3/><V119/><F119/><N who="0" m="45610" /><D48/><U94/><E110/><N who="2" m="42027" /><F0/><W43/><G128/><N who="2" m="49225" /><F75/><W77/><G77/><N who="0" m="29803" /><D53/><U79/><E126/><V22/><F22/><W67/><G25/><T82/><D82/><AGARI ba="0,0" hai="36,42,45,72,73,82,84,89" m="49225,42027" machi="82" ten="30,11600,0" yaku="14,1,10,1,19,1,52,1" doraHai="71" who="2" fromWho="0" sc="193,-116,306,0,388,116,113,0" /><INIT seed="2,1,0,0,4,86" ten="77,306,504,113" oya="2" hai0="24,66,68,47,96,101,88,1,113,36,70,38,82" hai1="125,77,67,109,131,46,122,114,104,5,55,84,43" hai2="115,93,48,99,108,56,100,12,64,27,21,116,90" hai3="92,117,78,53,111,20,34,129,79,40,124,37,97"/><V71/><F115/><W23/><G117/><T25/><D113/><U87/><E114/><V89/><F116/><W8/><G34/><T60/><D68/><U94/><E104/><V35/><F71/><W98/><G111/><T32/><D1/><U102/><E109/><V62/><F108/><W118/><G118/><T16/><D47/><U112/><E112/><V17/><F48/><W33/><G33/><T76/><D16/><U91/><E125/><V44/><F44/><W39/><G129/><T59/><D59/><U0/><E131/><V103/><REACH who="2" step="1"/><F100/><REACH who="2" ten="77,306,494,113" step="2"/><W133/><G39/><T110/><D110/><U7/><E102/><V69/><F69/><W107/><G37/><T42/><D42/><U31/><E43/><V127/><F127/><W85/><G124/><T14/><D36/><U119/><E119/><V6/><F6/><W51/><G51/><T75/><D38/><U106/><E5/><V54/><F54/><W28/><G53/><T2/><D101/><U128/><E7/><V30/><AGARI ba="1,1" hai="12,17,21,27,30,35,56,62,64,89,90,93,99,103" machi="30" ten="30,11700,0" yaku="1,1,0,1,52,2,53,0" doraHai="86" doraHaiUra="4" who="2" fromWho="2" sc="77,-40,306,-40,494,130,113,-40" /><INIT seed="2,2,0,0,1,62" ten="37,266,624,73" oya="2" hai0="88,77,71,83,89,10,52,61,105,123,41,99,117" hai1="14,45,95,49,133,1,79,46,127,94,75,25,86" hai2="81,57,92,96,82,43,59,115,113,58,118,126,84" hai3="17,124,44,78,108,129,31,37,98,24,6,97,125"/><V13/><F118/><W15/><G6/><T90/><D123/><U67/><E1/><V26/><F126/><N who="3" m="48747" /><G108/><T80/><D117/><U116/><E116/><V121/><F121/><W72/><G129/><T5/><D41/><U35/><E75/><V48/><F26/><W104/><G104/><T85/><D105/><U21/><E127/><V36/><F36/><W29/><G29/><T70/><D83/><U51/><E35/><V22/><F113/><W122/><G122/><T60/><D99/><U69/><E86/><V131/><F115/><W76/><G44/><T16/><D5/><U33/><E45/><N who="2" m="25663" /><F131/><W56/><G56/><T32/><D32/><U119/><E46/><V20/><F13/><W23/><G37/><T53/><D71/><U74/><E14/><V93/><F82/><N who="3" m="45319" /><G78/><T0/><D70/><U100/><E79/><N who="2" m="46143" /><F93/><W132/><G132/><T27/><D0/><U2/><E95/><V3/><F3/><W11/><AGARI ba="2,0" hai="11,15,17,23,24,31,97,98" m="45319,48747" machi="11" ten="30,1100,0" yaku="18,1" doraHai="62" who="3" fromWho="3" sc="37,-5,266,-5,624,-7,73,17" /><INIT seed="3,0,0,0,2,88" ten="32,261,617,90" oya="3" hai0="18,6,126,122,120,116,86,68,14,43,130,65,24" hai1="60,21,75,81,20,19,41,8,49,90,106,25,59" hai2="27,15,103,31,76,107,74,70,125,124,112,48,56" hai3="87,26,119,104,92,93,100,58,110,135,29,33,80"/><W94/><G119/><T10/><D68/><U72/><E106/><V40/><F70/><W77/><G135/><T127/><D65/><U73/><E8/><V71/><F71/><W96/><REACH who="3" step="1"/><G58/><REACH who="3" ten="32,261,617,80" step="2"/><T89/><D116/><U9/><E59/><V114/><F56/><W22/><G22/><N who="0" m="13399" /><D86/><U69/><E21/><V30/><F114/><W38/><G38/><T34/><D89/><U61/><E20/><V133/><F112/><W17/><G17/><T52/><D52/><U95/><E19/><V102/><F133/><W129/><G129/><T132/><D43/><U131/><E90/><V67/><F40/><W85/><G85/><T108/><D132/><U0/><E41/><V78/><F67/><W57/><G57/><T7/><D130/><U98/><E131/><V82/><F125/><N who="0" m="47626" /><D34/><U5/><E69/><V55/><F124/><W128/><G128/><T37/><D37/><U115/><E115/><V39/><F39/><W83/><G83/><T117/><D117/><U63/><E81/><V42/><F42/><W84/><G84/><T23/><D108/><AGARI ba="0,1" hai="26,29,33,77,80,87,92,93,94,96,100,104,108,110" machi="108" ten="40,18000,2" yaku="1,1,52,3,53,2" doraHai="88" doraHaiUra="123" who="3" fromWho="0" sc="32,-180,261,0,617,0,80,190" owari="-148,-64.8,261,-13.9,617,71.7,270,7.0" /></mjloggm>