<mjloggm ver="2.3"><GO type="225" lobby="0"/><UN n0="%E7%AD%89%E3%80%85%E5%8A%9B%E5%8A%87%E5%A0%B4" n1="%E3%81%BF%E3%81%BF%E3%81%9A" n2="%E3%82%BC%E3%83%AB%E3%83%80%E3%81%AE%E4%BC%9D%E8%AA%AC" n3="%E3%81%9F%E3%81%8C%E3%82%84%E3%81%99" dan="16,17,16,17" rate="2169.19,2196.19,2196.68,2198.22" sx="M,M,M,M"/><TAIKYOKU oya="0"/><INIT seed="0,0,0,3,0,72" ten="250,250,250,250" oya="0" hai0="33,2,98,53,97,21,92,89,20,66,3,23,111" hai1="127,102,106,95,25,83,91,82,87,78,74,9,6" hai2="54,112,24,19,107,39,130,105,60,14,68,30,1" hai3="99,118,50,128,73,40,116,110,93,22,44,69,10"/><T17/><D33/><U76/><E127/><V13/><F112/><W96/><G69/><T123/><D123/><U7/><E25/><V15/><F39/><W34/><G34/><T26/><D111/><U27/><E27/><V121/><F1/><W94/><G110/><T55/><D66/><U28/><E28/><V108/><F121/><W117/><G128/><T129/><D129/><U114/><E9/><V8/><F108/><W79/><G22/><N who="0" m="8811" /><D2/><U58/><E114/><V12/><F130/><W51/><G10/><T85/><D3/><U84/><E58/><V120/><F120/><W122/><G122/><T52/><AGARI ba="0,0" hai="17,23,26,52,53,55,85,89,92,97,98" m="8811" machi="52" ten="30,3000,0" yaku="8,1,54,1" doraHai="72" who="0" fromWho="0" sc="250,30,250,-10,250,-10,250,-10" /><INIT seed="0,1,0,1,1,124" ten="280,240,240,240" oya="0" hai0="52,0,72,59,119,53,115,36,104,61,15,34,39" hai1="128,55,84,45,33,20,48,77,93,32,13,87,73" hai2="98,106,9,108,88,40,97,100,57,112,28,122,47" hai3="24,14,80,68,26,120,79,92,134,6,25,12,133"/><T8/><D115/><U18/><E73/><V3/><F122/><W94/><G68/><T69/><D119/><U22/><E128/><V23/><F112/><W110/><G120/><T64/><D104/><U118/><E118/><V19/><F108/><W41/><G41/><T102/><D34/><U30/><E33/><V31/><F57/><W54/><G54/><T62/><D72/><U132/><E32/><V85/><F98/><W5/><G80/><T81/><D0/><U131/><E132/><N who="3" m="50794" /><G79/><T89/><D102/><U117/><E117/><V11/><F3/><W43/><G43/><T46/><D81/><U37/><E131/><V126/><F126/><W96/><G96/><T66/><D89/><U1/><E1/><V103/><F103/><W114/><G114/><T67/><D67/><U127/><E37/><V90/><F90/><W44/><G44/><T10/><D10/><U123/><E123/><V71/><F71/><W7/><G110/><T27/><D66/><U99/><E77/><V113/><F113/><W16/><G14/><T58/><D69/><U107/><E107/><V91/><F91/><W75/><G75/><T65/><D39/><U50/><E50/><N who="2" m="26983" /><F88/><W56/><G56/><T29/><D36/><U17/><E127/><V51/><F51/><W63/><G63/><T86/><D46/><U74/><E74/><V121/><F85/><N who="1" m="32841" /><E99/><V70/><F70/><W95/><G12/><T2/><D2/><U129/><E93/><V60/><F60/><W109/><G109/><T111/><D111/><U101/><E101/><V130/><F121/><W4/><G4/><RYUUKYOKU ba="1,0" sc="280,-10,240,-10,240,-10,240,30" hai3="5,6,7,16,24,25,26,92,94,95" /><INIT seed="1,2,0,4,4,105" ten="270,230,230,270" oya="1" hai0="74,121,110,11,47,108,55,28,50,65,44,1,17" hai1="9,97,100,25,56,115,92,77,88,109,132,72,84" hai2="86,22,46,104,117,34,41,71,125,103,48,129,118" hai3="94,67,20,4,68,87,135,133,53,6,29,78,63"/><U96/><E115/><V69/><F34/><W37/><G37/><T27/><D65/><U62/><E132/><N who="3" m="50762" /><G53/><T26/><D121/><U14/><E109/><V111/><F111/><W95/><G78/><T112/><D112/><U58/><E25/><V18/><F125/><W42/><G42/><T24/><D28/><U131/><E131/><V2/><F129/><W89/><G95/><T64/><D64/><U91/><E91/><V130/><F130/><W127/><G127/><T80/><D47/><U52/><E58/><V81/><F2/><W107/><G107/><T16/><D110/><U90/><E90/><V83/><F104/><W70/><G68/><T120/><D120/><U15/><E100/><V49/><F103/><W123/><G123/><T38/><D38/><U119/><E119/><V36/><F71/><W39/><G39/><T75/><D108/><U54/><E54/><V128/><F69/><W12/><G12/><T51/><D51/><N who="2" m="19530" /><F128/><W101/><G101/><T124/><D124/><U126/><E126/><V35/><F83/><W7/><G20/><T57/><D57/><U32/><E32/><V43/><F35/><W134/><G134/><T0/><D80/><U60/><E60/><V31/><F43/><W59/><G70/><T8/><D0/><U23/><E23/><V122/><F122/><W10/><G10/><N who="0" m="3627" /><D1/><U13/><REACH who="1" step="1"/><E9/><REACH who="1" ten="270,220,230,270" step="2"/><V99/><F22/><W33/><G33/><T30/><D30/><AGARI ba="2,1" hai="4,6,7,29,30,59,63,67,87,89,94" m="50762" machi="30" ten="30,1000,0" yaku="20,1" doraHai="105" who="3" fromWho="0" sc="270,-16,220,0,230,0,270,26" /><INIT seed="2,0,0,5,3,68" ten="254,220,230,296" oya="2" hai0="105,50,107,60,112,111,91,21,133,44,52,127,13" hai1="12,51,28,84,17,39,45,5,27,11,93,31,10" hai2="73,117,34,106,75,54,92,58,47,109,25,3,38" hai3="90,128,122,49,59,36,88,69,33,40,29,81,129"/><V121/><F117/><W19/><G69/><T80/><D112/><U120/><E120/><V7/><F121/><W134/><G122/><T100/><D111/><U132/><E132/><V66/><F109/><W104/><G104/><T131/><D131/><N who="3" m="50249" /><G134/><T96/><D133/><U62/><E62/><V56/><F56/><W95/><G36/><T63/><D127/><U102/><E39/><V123/><F123/><W130/><G130/><T32/><D32/><U77/><E102/><V6/><F92/><W9/><G81/><T37/><D107/><U42/><E93/><V0/><F66/><W15/><G95/><T74/><D37/><U87/><E87/><V126/><F126/><W24/><G40/><T1/><D1/><U48/><E51/><V83/><F106/><W110/><G110/><T76/><D91/><U41/><E42/><N who="2" m="22999" /><F7/><W4/><G4/><T124/><REACH who="0" step="1"/><D124/><REACH who="0" ten="244,220,230,296" step="2"/><U82/><REACH who="1" step="1"/><E27/><REACH who="1" ten="244,210,230,296" step="2"/><V8/><F0/><AGARI ba="0,2" hai="0,5,10,11,12,17,28,31,41,45,48,77,82,84" machi="0" ten="30,3900,0" yaku="1,1,2,1,7,1,53,0" doraHai="68" doraHaiUra="115" who="1" fromWho="2" sc="244,0,210,59,230,-39,296,0" /><INIT seed="3,0,0,3,1,62" ten="244,269,191,296" oya="3" hai0="87,14,19,94,118,115,93,117,113,88,31,101,106" hai1="103,86,44,41,25,52,72,47,82,34,132,91,98" hai2="10,83,70,90,4,114,81,18,122,54,26,60,33" hai3="125,9,92,109,43,107,63,121,22,76,97,89,75"/><W120/><G43/><T16/><D106/><U12/><E132/><V48/><F114/><N who="0" m="43530" /><D31/><U6/><E72/><V3/><F122/><W84/><G125/><T68/><D68/><U57/><E25/><V29/><F90/><W99/><G99/><N who="0" m="59631" /><D19/><U124/><E34/><V27/><F27/><W116/><G116/><T59/><D59/><U127/><E12/><V123/><F123/><W58/><G9/><AGARI ba="0,0" hai="9,14,16,87,88,94,117,118" m="59631,43530" machi="9" ten="30,3900,0" yaku="11,1,54,2" doraHai="62" who="0" fromWho="3" sc="244,39,269,0,191,0,296,-39" /><INIT seed="4,0,0,5,1,36" ten="283,269,191,257" oya="0" hai0="39,10,11,69,47,100,91,55,62,30,81,45,80" hai1="56,119,129,8,86,85,19,21,116,0,83,103,117" hai2="15,130,97,112,134,127,104,93,102,73,1,40,42" hai3="63,20,38,31,109,72,118,24,57,44,77,29,18"/><T25/><D100/><U60/><E103/><V49/><F1/><W126/><G77/><T13/><D11/><U70/><E70/><V124/><F73/><W132/><G72/><T110/><D110/><U17/><E129/><V50/><F130/><W41/><G118/><T27/><D27/><U89/><E85/><V66/><F112/><W54/><G109/><T68/><D68/><U106/><E106/><V99/><F66/><W113/><G113/><T95/><D69/><U37/><E37/><V98/><F134/><W82/><G82/><T3/><D3/><U64/><E21/><V135/><F135/><W58/><G132/><T105/><D105/><U92/><E83/><V125/><F15/><W51/><REACH who="3" step="1"/><G126/><REACH who="3" ten="283,269,191,247" step="2"/><N who="2" m="32257" /><V65/><DORA hai="46" /><F65/><AGARI ba="0,1" hai="18,20,24,29,31,38,41,44,51,54,57,58,63,65" machi="65" ten="30,8000,1" yaku="1,1,7,1,52,2,53,1" doraHai="36,46" doraHaiUra="22,4" who="3" fromWho="2" sc="283,0,269,0,191,-80,247,90" owari="283,8.3,269,-13.1,111,-38.9,337,43.7" /></mjloggm>