<mjloggm ver="2.3"><GO type="225" lobby="0"/><UN n0="%E7%B4%94%E6%BD%94%E3%83%94%E3%83%A9%E3%83%8B%E3%82%A2" n1="%E7%AD%89%E3%80%85%E5%8A%9B%E5%8A%87%E5%A0%B4" n2="%E3%81%BE%E3%81%A8%E3%81%9F" n3="%6D%75%75%6D%75%72%61" dan="17,16,16,16" rate="2214.91,2111.46,2176.68,2222.80" sx="M,M,M,F"/><TAIKYOKU oya="0"/><INIT seed="0,0,0,3,0,41" ten="250,250,250,250" oya="0" hai0="37,75,86,113,108,39,23,133,129,127,32,73,92" hai1="123,34,0,21,134,60,94,101,27,91,50,1,43" hai2="90,58,81,80,44,14,102,84,104,12,38,118,15" hai3="120,82,49,42,54,89,57,115,85,103,109,48,5"/><T71/><RYUUKYOKU type="yao9" ba="0,0" sc="250,0,250,0,250,0,250,0" hai0="23,32,37,39,71,73,75,86,92,108,113,127,129,133" /><INIT seed="0,1,0,5,0,42" ten="250,250,250,250" oya="0" hai0="26,122,87,24,85,81,3,109,72,33,45,115,8" hai1="130,4,28,29,73,135,13,50,41,35,36,65,48" hai2="71,98,94,49,59,38,91,132,32,6,119,53,116" hai3="66,30,79,62,43,70,110,88,133,21,34,51,104"/><T69/><D69/><U47/><E73/><V11/><F32/><W82/><G110/><T83/><D115/><U112/><E135/><V120/><F120/><W31/><G133/><T126/><D122/><U39/><E130/><V17/><F132/><W58/><G34/><T5/><D126/><U10/><E112/><V55/><F38/><W86/><G104/><T20/><D109/><U2/><E65/><V101/><F71/><W128/><G128/><T84/><D33/><U78/><E78/><V95/><F17/><W22/><G79/><T1/><D1/><U57/><E2/><V124/><F55/><W63/><G43/><T111/><D111/><U100/><E100/><V134/><F134/><W99/><G51/><T61/><D61/><U114/><E114/><V14/><REACH who="2" step="1"/><F124/><REACH who="2" ten="250,250,240,250" step="2"/><W74/><G30/><T7/><D7/><U93/><E29/><V107/><F107/><W37/><G31/><T80/><D72/><U123/><E28/><V67/><F67/><W129/><G74/><T118/><D118/><U108/><E123/><V127/><F127/><W23/><G37/><T64/><D64/><U89/><E39/><V60/><F60/><W96/><REACH who="3" step="1"/><G129/><REACH who="3" ten="250,250,240,240" step="2"/><T0/><D80/><U19/><E36/><V27/><F27/><W16/><G16/><T92/><D81/><U90/><E108/><V54/><F54/><AGARI ba="1,2" hai="21,22,23,54,58,62,63,66,70,82,86,88,96,99" machi="54" ten="40,2600,0" yaku="1,1,54,1,53,0" doraHai="42" doraHaiUra="125" who="3" fromWho="2" sc="250,0,250,0,240,-29,240,49" /><INIT seed="1,0,0,2,0,134" ten="250,250,211,289" oya="1" hai0="0,85,12,28,59,16,34,89,25,121,94,90,29" hai1="45,125,124,118,104,71,19,22,110,70,73,11,135" hai2="56,101,84,10,111,86,75,48,88,64,38,47,91" hai3="8,21,66,103,57,39,32,123,78,67,27,108,131"/><U100/><E118/><V109/><F75/><W96/><G123/><T17/><D121/><U55/><E73/><V43/><F101/><W7/><G108/><T5/><D29/><U6/><E135/><V77/><F77/><W79/><G32/><T46/><D46/><U40/><E55/><V112/><F112/><W69/><G69/><T126/><D126/><N who="1" m="48747" /><E110/><V99/><F99/><W2/><G39/><T114/><D114/><U128/><E128/><V130/><F130/><W81/><G131/><T74/><D74/><U60/><E60/><V92/><F10/><W68/><G68/><T24/><D24/><N who="1" m="14431" /><E100/><V44/><F56/><W36/><G57/><T15/><D59/><U117/><E104/><V9/><F9/><W97/><G8/><T129/><D129/><U122/><E117/><V33/><F33/><W31/><G103/><T132/><D132/><U13/><E122/><V20/><F20/><W116/><G21/><T119/><D119/><U107/><E107/><V87/><F64/><W42/><G66/><T49/><D34/><U93/><E93/><V80/><REACH who="2" step="1"/><F86/><REACH who="2" ten="250,250,201,289" step="2"/><W51/><G67/><T76/><D85/><U61/><E61/><V58/><F58/><W102/><G116/><T4/><D25/><U95/><E71/><V50/><F50/><W3/><G51/><T62/><D49/><N who="1" m="26791" /><E70/><V37/><F37/><W72/><G36/><T52/><D62/><U105/><E105/><V14/><F14/><W113/><G102/><T115/><D15/><U23/><E23/><V127/><F127/><W26/><G27/><T41/><D115/><U30/><E30/><RYUUKYOKU ba="0,1" sc="250,-15,250,15,201,15,289,-15" hai1="6,11,13,95" hai2="38,43,44,47,48,80,84,87,88,91,92,109,111" /><INIT seed="1,1,1,5,3,81" ten="235,265,216,274" oya="1" hai0="2,61,77,67,69,17,96,38,55,103,3,119,40" hai1="62,120,95,66,51,84,79,1,98,28,100,89,107" hai2="11,124,6,91,33,43,14,30,12,114,106,133,74" hai3="42,72,82,53,78,134,24,5,131,73,118,123,27"/><U36/><E36/><V68/><F106/><W35/><G123/><T104/><D119/><U135/><E120/><V108/><F74/><W39/><G118/><T22/><D77/><U18/><E1/><V31/><F68/><W45/><G131/><T76/><D76/><U127/><E127/><V97/><F124/><W111/><G111/><T60/><D40/><U64/><E135/><V117/><F117/><W102/><G134/><T23/><D23/><U46/><E28/><V26/><F114/><W19/><G73/><T75/><D38/><U71/><E66/><V116/><F116/><W132/><G132/><T109/><D109/><U94/><E79/><V58/><F108/><W34/><G5/><T105/><D105/><U101/><E18/><V48/><F133/><W115/><G115/><T85/><D75/><U112/><E112/><V4/><F97/><W54/><G102/><T88/><D60/><U56/><E101/><V20/><F91/><W126/><G126/><T0/><D55/><U83/><REACH who="1" step="1"/><E71/><REACH who="1" ten="235,255,216,274" step="2"/><V25/><F4/><W37/><G37/><T70/><D69/><U52/><AGARI ba="1,2" hai="46,51,52,56,62,64,83,84,89,94,95,98,100,107" machi="52" ten="20,18000,2" yaku="1,1,2,1,0,1,7,1,52,1,54,1,53,0" doraHai="81" doraHaiUra="8" who="1" fromWho="1" sc="235,-61,255,203,216,-61,274,-61" /><INIT seed="1,2,0,3,1,37" ten="174,458,155,213" oya="1" hai0="133,123,52,85,49,70,54,46,83,99,78,92,119" hai1="122,109,96,131,18,98,20,26,23,30,95,12,3" hai2="76,11,105,48,110,90,47,55,106,0,97,100,103" hai3="57,27,39,68,81,43,4,1,40,67,66,75,16"/><U31/><E122/><V111/><F76/><W86/><G75/><T108/><D119/><U77/><E3/><V15/><F0/><W45/><G68/><T124/><D108/><U56/><E131/><V94/><F103/><W24/><G40/><T34/><D34/><U89/><E109/><V121/><F121/><W128/><G128/><T127/><D133/><U101/><E77/><V35/><F35/><W117/><G117/><T10/><D70/><U65/><E65/><V58/><F105/><W63/><G67/><T115/><D115/><U125/><E125/><N who="0" m="48201" /><D10/><U61/><E31/><V22/><F22/><W74/><G74/><T13/><D13/><U51/><E51/><V126/><F58/><W107/><G107/><T102/><D123/><U21/><E21/><V8/><F8/><W112/><G112/><T130/><D130/><U104/><E104/><V132/><F132/><W32/><G32/><T33/><D33/><U53/><E101/><V9/><F9/><W91/><G1/><T118/><D118/><U120/><REACH who="1" step="1"/><E120/><REACH who="1" ten="174,448,155,213" step="2"/><V44/><F126/><W29/><G29/><T69/><D69/><U2/><E2/><V64/><F64/><W87/><G66/><T60/><D60/><U80/><E80/><V19/><REACH who="2" step="1"/><F44/><REACH who="2" ten="174,448,145,213" step="2"/><W134/><G45/><T5/><D5/><U113/><E113/><V42/><F42/><AGARI ba="2,2" hai="42,46,49,52,54,78,83,85,92,99,102" m="48201" machi="42" ten="30,3900,0" yaku="18,1,52,1,54,1" doraHai="37" who="0" fromWho="2" sc="174,65,448,0,145,-45,213,0" /><INIT seed="2,0,0,0,4,1" ten="239,448,100,213" oya="2" hai0="74,27,49,40,34,69,83,16,91,5,90,128,21" hai1="33,55,127,8,52,121,53,117,78,48,104,54,71" hai2="60,10,63,120,103,46,93,108,28,118,81,29,106" hai3="75,129,84,15,24,38,97,12,116,42,131,110,111"/><V114/><F118/><W96/><G75/><T23/><D34/><U14/><E117/><V115/><F120/><W73/><G73/><T11/><D69/><U36/><E104/><V37/><F106/><W62/><G116/><T132/><D128/><N who="3" m="49225" /><G84/><T70/><D70/><U95/><E36/><V119/><F119/><W18/><G62/><T101/><D101/><U0/><E33/><V47/><F81/><W6/><G24/><T59/><D132/><U99/><E71/><V107/><F107/><W19/><G42/><T122/><D122/><U13/><E127/><V85/><F37/><W89/><G38/><T113/><D113/><U22/><E78/><V80/><F108/><N who="3" m="41515" /><G89/><T31/><D74/><U82/><E121/><V77/><F114/><W76/><G76/><T65/><D65/><U68/><E68/><V100/><F115/><W3/><G3/><T133/><D133/><U105/><E0/><V7/><F60/><W58/><G58/><T44/><D59/><U4/><E105/><V125/><F63/><W41/><G41/><T79/><D79/><U25/><E14/><N who="3" m="5162" /><G6/><T94/><D5/><U51/><E82/><V32/><F125/><W86/><G86/><N who="0" m="50527" /><D11/><U39/><E39/><V26/><F29/><W88/><G88/><T135/><D135/><U57/><E51/><V2/><REACH who="2" step="1"/><F93/><REACH who="2" ten="239,448,90,213" step="2"/><W72/><G72/><T87/><D31/><U92/><E92/><V109/><F109/><W112/><G112/><T102/><D102/><AGARI ba="0,1" hai="2,7,10,26,28,32,46,47,77,80,85,100,102,103" machi="102" ten="40,7700,0" yaku="1,1,52,1,53,1" doraHai="1" doraHaiUra="30" who="2" fromWho="0" sc="239,-77,448,0,90,87,213,0" /><INIT seed="2,1,0,3,2,120" ten="162,448,177,213" oya="2" hai0="134,75,79,87,23,80,107,51,64,106,93,123,132" hai1="37,60,54,48,55,111,22,126,49,121,58,62,46" hai2="92,125,76,99,8,112,101,26,81,20,133,30,24" hai3="70,114,7,113,9,5,108,94,91,50,27,97,63"/><V43/><F112/><N who="3" m="43115" /><G108/><T19/><D123/><U39/><E121/><V82/><F125/><W33/><G50/><T21/><D64/><U102/><E102/><V73/><F133/><N who="0" m="51306" /><D51/><U118/><E22/><N who="0" m="8201" /><D19/><U25/><E25/><V67/><F67/><N who="3" m="41343" /><G9/><T44/><D44/><U104/><E104/><N who="0" m="39977" /><D93/><U31/><E49/><V90/><F26/><W110/><G110/><T32/><D32/><U86/><E48/><V2/><F43/><W4/><G27/><T72/><AGARI ba="1,0" hai="72,75,79,80,87" m="39977,8201,51306" machi="72" ten="40,1500,0" yaku="20,1" doraHai="120" who="0" fromWho="0" sc="162,18,448,-5,177,-8,213,-5" /><INIT seed="3,0,0,4,3,131" ten="180,443,169,208" oya="3" hai0="10,128,22,47,54,103,2,134,26,84,135,30,79" hai1="96,61,102,23,90,20,89,80,76,73,40,113,11" hai2="119,14,27,114,66,106,31,121,5,116,94,35,44" hai3="25,75,126,109,52,83,107,36,55,56,49,17,16"/><W33/><G107/><T86/><D128/><U3/><E113/><V98/><F114/><W68/><G68/><T133/><D103/><U62/><E40/><V21/><F106/><W38/><G126/><T58/><D47/><U60/><E3/><V59/><F121/><W88/><G109/><T32/><D79/><U122/><E11/><V78/><F78/><W1/><G1/><T74/><D74/><U46/><E46/><V71/><F71/><W82/><G75/><T130/><D130/><U57/><E122/><V110/><F110/><W41/><G33/><T70/><D70/><U124/><E124/><V29/><F44/><N who="3" m="25743" /><G38/><T125/><D32/><U108/><E108/><V69/><F69/><W100/><G100/><T64/><D64/><U7/><E102/><N who="2" m="60759" /><F31/><W65/><G36/><T53/><D125/><U67/><E73/><V34/><F35/><W0/><G0/><T45/><D45/><U91/><E67/><V72/><F72/><W28/><G28/><T115/><D115/><U120/><E120/><V18/><F5/><W12/><G25/><T127/><D127/><U81/><E7/><V6/><F6/><W51/><G65/><T123/><D123/><U104/><E104/><V101/><F101/><W50/><G88/><T4/><D54/><N who="3" m="20521" /><G56/><T112/><D112/><U117/><E57/><V97/><F97/><W111/><G111/><T118/><D118/><U37/><E117/><V48/><F48/><AGARI ba="0,0" hai="2,4,10,22,26,30,48,53,58,84,86,133,134,135" machi="48" ten="40,8000,1" yaku="20,1,52,3" doraHai="131" who="0" fromWho="2" sc="180,80,443,0,169,-80,208,0" owari="260,6.0,443,54.3,89,-41.1,208,-19.2" /></mjloggm>