<mjloggm ver="2.3"><GO type="225" lobby="0"/><UN n0="%72%69%6F%75%63%68%61%6E" n1="%E5%B8%86%E7%AB%8B%E5%A4%8F%E8%A1%A3" n2="%E8%81%B7%E6%A5%AD%E3%80%81%E9%A2%A8%32" n3="%E3%81%82%E3%81%84%E3%81%82%E3%81%8A%E3%81%84" dan="17,16,16,18" rate="2225.39,2096.67,2079.11,2204.36" sx="M,M,M,M"/><TAIKYOKU oya="0"/><INIT seed="0,0,0,2,1,85" ten="250,250,250,250" oya="0" hai0="48,49,76,110,17,29,105,0,77,108,65,125,132" hai1="123,80,20,75,83,8,79,54,126,60,9,62,5" hai2="97,92,38,73,42,2,107,39,21,111,69,112,113" hai3="31,47,56,115,118,122,131,106,25,6,68,120,30"/><T87/><D125/><U36/><E126/><V91/><F2/><W28/><G68/><T124/><D124/><U46/><E123/><N who="3" m="47146" /><G106/><T13/><D132/><U41/><E9/><V94/><F69/><W11/><G56/><T117/><D117/><U26/><E80/><V19/><F107/><W37/><G118/><T127/><D0/><U27/><E27/><V128/><F73/><W44/><G115/><T99/><D29/><N who="3" m="11369" /><G37/><T14/><D127/><U96/><E54/><V114/><F111/><N who="0" m="42538" /><D65/><U93/><E26/><V78/><F128/><W66/><G66/><T24/><D24/><U1/><REACH who="1" step="1"/><E20/><REACH who="1" ten="250,240,250,250" step="2"/><V72/><F21/><N who="3" m="15791" /><G131/><T43/><D43/><U50/><E50/><V74/><F42/><W71/><G71/><T18/><D48/><U57/><E57/><V35/><F114/><W15/><AGARI ba="0,1" hai="6,11,15,44,47" m="15791,11369,47146" machi="15" ten="30,1100,0" yaku="13,1" doraHai="85" who="3" fromWho="3" sc="250,-5,240,-3,250,-3,250,21" /><INIT seed="1,0,0,3,4,11" ten="245,237,247,271" oya="1" hai0="70,75,51,66,81,112,93,4,31,1,49,20,9" hai1="124,103,40,113,2,41,29,58,125,18,46,47,78" hai2="25,17,34,16,52,91,120,33,126,44,37,26,3" hai3="94,50,111,36,38,32,61,12,115,83,109,71,6"/><U85/><E2/><V8/><F120/><W104/><G104/><T39/><D112/><U64/><E103/><V88/><F126/><N who="1" m="48745" /><E29/><V131/><F131/><W24/><G115/><T68/><D39/><U118/><E113/><V96/><F3/><W128/><G128/><T42/><D31/><U105/><E105/><V121/><F37/><W119/><G119/><T86/><D75/><U130/><E130/><V92/><F33/><W107/><G107/><T13/><D93/><U63/><E118/><V108/><F34/><W82/><G94/><T53/><D42/><N who="1" m="16491" /><E18/><N who="2" m="7275" /><F121/><W27/><G32/><T76/><D1/><U45/><E85/><N who="2" m="52239" /><F8/><W14/><G6/><T54/><D9/><U98/><E98/><V122/><F122/><W62/><G71/><T30/><D70/><U56/><E78/><V89/><F96/><W102/><G102/><T43/><D68/><AGARI ba="0,0" hai="45,46,47,56,58,63,64,68" m="16491,48745" machi="68" ten="30,5800,0" yaku="18,1,34,2" doraHai="11" who="1" fromWho="0" sc="245,-58,237,58,247,0,271,0" /><INIT seed="1,1,0,1,0,130" ten="187,295,247,271" oya="1" hai0="51,5,89,14,56,24,40,87,135,133,72,0,49" hai1="114,61,131,129,127,103,116,102,94,88,53,21,105" hai2="16,11,3,28,80,46,65,92,44,108,2,85,50" hai3="33,121,52,97,31,19,60,95,81,119,90,76,98"/><U122/><E114/><V41/><F108/><W134/><G121/><T107/><D72/><U10/><E122/><V34/><F65/><W12/><G119/><T15/><D107/><U4/><E116/><V78/><F92/><W32/><G31/><T112/><D112/><U6/><E127/><V75/><F28/><W25/><G25/><T18/><D24/><U117/><E117/><V45/><F34/><W71/><G97/><T128/><D128/><N who="1" m="49227" /><E21/><V118/><F118/><W124/><G124/><T101/><D101/><N who="1" m="38411" /><E10/><V132/><F3/><W82/><G71/><T120/><D120/><U8/><E8/><V54/><F2/><W68/><G68/><T58/><D0/><U59/><E105/><V36/><F11/><W110/><G33/><T62/><D5/><U74/><E74/><V37/><F16/><W20/><G19/><T26/><D26/><U73/><E73/><V38/><F75/><W57/><G32/><T93/><D40/><U69/><E69/><V126/><F126/><W67/><G20/><N who="0" m="11351" /><D15/><U77/><E77/><V43/><F38/><W100/><G76/><T66/><D49/><U125/><E125/><V7/><F7/><W84/><G12/><T63/><D63/><U47/><E6/><V113/><F113/><W123/><G60/><T35/><D35/><U27/><E27/><V79/><F78/><W91/><G123/><T22/><D22/><U96/><E4/><V99/><F99/><W106/><G98/><T48/><D48/><N who="1" m="28831" /><E61/><V70/><F70/><W30/><G106/><T13/><D13/><U109/><E109/><V83/><F83/><RYUUKYOKU ba="1,0" sc="187,10,295,10,247,10,271,-30" hai0="51,56,58,62,66,87,89,93,133,135" hai1="59,88,94,96" hai2="36,37,41,43,44,45,46,50,54,79,80,85,132" /><INIT seed="1,2,0,3,5,51" ten="197,305,257,241" oya="1" hai0="61,53,116,37,107,133,75,99,83,110,41,42,90" hai1="108,5,121,52,123,132,14,11,9,67,45,29,92" hai2="36,25,62,82,21,112,93,49,91,105,28,30,27" hai3="114,85,8,109,102,54,38,94,46,111,96,15,113"/><U68/><E132/><V6/><F105/><W0/><G0/><T125/><D116/><U40/><E29/><V44/><F36/><W74/><G74/><T58/><D37/><U56/><E108/><N who="3" m="41546" /><G85/><T101/><D110/><U34/><E34/><V106/><F106/><W22/><G22/><T7/><D133/><U17/><E68/><V16/><F112/><W12/><G12/><T100/><D125/><U103/><E67/><V48/><F6/><N who="3" m="3479" /><G54/><T97/><D7/><U89/><E121/><V35/><F82/><W130/><G130/><T64/><D64/><U26/><E123/><V60/><F49/><W79/><G79/><T55/><D55/><U118/><E118/><V32/><F32/><W33/><G33/><T3/><D3/><U66/><E66/><V2/><F2/><W134/><G134/><T43/><D75/><U18/><E26/><V47/><F30/><W87/><G87/><N who="0" m="50559" /><D107/><U70/><E11/><V120/><F120/><W78/><G78/><T124/><D124/><U88/><E5/><V119/><F119/><W59/><G59/><T129/><D129/><U95/><E17/><V77/><F77/><W24/><G24/><T73/><D73/><U4/><E18/><V63/><REACH who="2" step="1"/><F48/><REACH who="2" ten="197,305,247,241" step="2"/><W76/><G76/><T1/><D1/><U80/><E80/><V10/><F10/><W19/><G19/><T72/><D72/><U57/><E9/><V115/><F115/><W84/><G114/><T81/><D81/><U126/><E4/><V71/><F71/><W65/><G113/><T50/><D50/><N who="1" m="26919" /><E70/><V39/><F39/><W122/><G38/><RYUUKYOKU ba="2,1" sc="197,15,305,-15,247,15,241,-15" hai0="41,42,43,53,58,61,97,99,100,101" hai2="16,21,25,27,28,35,44,47,60,62,63,91,93" /><INIT seed="2,3,1,4,4,9" ten="212,290,262,226" oya="2" hai0="38,92,15,21,85,57,60,63,27,130,35,86,8" hai1="19,16,25,54,111,115,105,56,116,64,5,70,81" hai2="102,20,0,73,59,24,48,58,100,14,53,74,28" hai3="72,101,121,42,65,76,127,66,114,107,4,123,90"/><V126/><F0/><W79/><G42/><T103/><D130/><U97/><E115/><V78/><F126/><W80/><G4/><N who="0" m="3463" /><D38/><U11/><E111/><V30/><F74/><W37/><G37/><T91/><D35/><U87/><E116/><V12/><F73/><W13/><G79/><T133/><D133/><U118/><E70/><V29/><F78/><W33/><G33/><T1/><D1/><U2/><E64/><V52/><F29/><W119/><G119/><T49/><D103/><N who="2" m="39466" /><F28/><W131/><G131/><T93/><D49/><AGARI ba="3,1" hai="12,14,20,24,30,48,49,52,53,58,59" m="39466" machi="49" ten="30,11600,0" yaku="8,1,52,2,54,1" doraHai="9" who="2" fromWho="0" sc="212,-125,290,0,262,135,226,0" /><INIT seed="2,4,0,3,0,81" ten="87,290,397,226" oya="2" hai0="79,64,2,91,112,52,61,0,99,27,60,98,69" hai1="42,129,94,7,88,49,11,19,44,134,107,84,109" hai2="108,37,14,118,36,92,95,128,131,48,115,100,123" hai3="3,53,105,104,113,101,82,65,85,133,80,31,17"/><V97/><F123/><W56/><G3/><T57/><D112/><U119/><E109/><V116/><F115/><W10/><G113/><T16/><D79/><U73/><E129/><N who="2" m="49739" /><F108/><W74/><G65/><T70/><D70/><U24/><E134/><V83/><F14/><W9/><G31/><T77/><D77/><U55/><E119/><N who="2" m="45611" /><F48/><W54/><G133/><T132/><D132/><U135/><E73/><V46/><F46/><W6/><G105/><T20/><REACH who="0" step="1"/><D99/><REACH who="0" ten="77,290,397,226" step="2"/><U103/><E135/><V5/><F97/><W127/><G74/><T50/><D50/><U18/><E49/><V122/><F37/><W96/><G96/><T126/><D126/><U39/><E39/><V90/><F36/><W106/><G127/><T110/><D110/><U13/><E107/><V111/><F111/><W67/><G106/><T43/><D43/><U59/><E42/><V66/><F122/><W23/><G104/><T114/><D114/><U25/><E44/><V124/><F124/><W8/><G56/><T45/><D45/><U33/><E59/><V75/><F75/><W86/><G6/><T1/><D1/><U51/><E7/><V76/><F5/><W78/><G78/><T89/><D89/><U87/><E88/><V117/><F90/><W125/><G101/><T121/><D121/><U29/><E103/><V4/><F4/><W15/><G125/><T22/><D22/><U38/><E38/><V63/><F100/><W102/><G102/><T32/><D32/><U34/><E51/><V21/><F21/><W62/><G23/><T47/><D47/><U68/><E34/><RYUUKYOKU ba="4,1" sc="77,30,290,-10,397,-10,226,-10" hai0="0,2,16,20,27,52,57,60,61,64,69,91,98" /><INIT seed="3,5,1,0,1,86" ten="107,280,387,216" oya="3" hai0="16,134,50,75,74,57,108,128,87,33,7,114,56" hai1="61,34,70,0,88,122,120,66,8,43,91,124,68" hai2="18,24,14,29,32,21,58,47,55,64,100,125,69" hai3="71,35,23,37,53,95,83,48,39,12,126,132,130"/><W78/><G71/><T72/><D33/><U52/><E34/><V15/><F125/><W19/><G35/><T99/><D108/><U94/><E124/><V60/><F100/><W105/><G105/><T127/><D127/><U49/><E43/><V65/><F47/><W73/><G126/><T93/><D114/><U89/><E68/><V9/><F69/><W113/><G113/><T110/><D110/><U6/><REACH who="1" step="1"/><E94/><REACH who="1" ten="107,270,387,216" step="2"/><V59/><F32/><W81/><G132/><T102/><D134/><U106/><E106/><V41/><F41/><W80/><G130/><T118/><D128/><U135/><E135/><V103/><F64/><W4/><G95/><T40/><D118/><U54/><E54/><V109/><F55/><W27/><G39/><T117/><D117/><U76/><E76/><V36/><F65/><W115/><G37/><T96/><D7/><U116/><E116/><V112/><F36/><W10/><G115/><T85/><D99/><U97/><E97/><V17/><F112/><W26/><G26/><T92/><D85/><U38/><E38/><V82/><F24/><W30/><G4/><T13/><D40/><U22/><E22/><V123/><F21/><W79/><G73/><T3/><D3/><U121/><E121/><V131/><F123/><W2/><G2/><T63/><D63/><U98/><E98/><V11/><F131/><W111/><G111/><T84/><D50/><U44/><AGARI ba="5,2" hai="0,6,8,44,49,52,61,66,70,88,89,91,120,122" machi="44" ten="30,12000,2" yaku="1,1,0,1,52,3,54,2,53,0" doraHai="86" doraHaiUra="77" who="1" fromWho="1" sc="107,-35,270,155,387,-35,216,-65" owari="72,-42.8,425,52.5,352,15.2,151,-24.9" /></mjloggm>