<mjloggm ver="2.3"><GO type="225" lobby="0"/><UN n0="%E3%82%BD%E3%83%83%E3%82%AF%E3%82%B9%E2%99%AA" n1="%6D%75%75%6D%75%72%61" n2="%72%61%6B%33" n3="%E5%8F%AF%E5%85%90%E9%82%A3%E7%94%B1%E5%A4%9A" dan="16,17,17,16" rate="2061.30,2166.06,2191.87,2191.79" sx="M,F,M,F"/><TAIKYOKU oya="0"/><INIT seed="0,0,0,5,2,92" ten="250,250,250,250" oya="0" hai0="98,132,74,36,99,121,130,129,43,51,34,37,90" hai1="9,59,102,33,83,44,127,46,88,81,27,89,135" hai2="24,75,104,14,101,53,47,124,61,12,134,123,97" hai3="68,111,126,0,72,77,67,16,109,79,63,76,40"/><T18/><D121/><U6/><E127/><V39/><F123/><W116/><G116/><T71/><D132/><U48/><E135/><V131/><F134/><W11/><G126/><T82/><D71/><U85/><E102/><V15/><F124/><W95/><G40/><T56/><D34/><U115/><E115/><V29/><F75/><W87/><G72/><T2/><D2/><U107/><E107/><V54/><F131/><N who="0" m="50186" /><D18/><U96/><E33/><V4/><F4/><W119/><G119/><T73/><D90/><U25/><E59/><V45/><F39/><N who="0" m="14922" /><D74/><U84/><E96/><N who="0" m="36905" /><D56/><U49/><E6/><V26/><F104/><W22/><G0/><T3/><D3/><U100/><E100/><V50/><F101/><W13/><G22/><T117/><D117/><U86/><E86/><V128/><F97/><W38/><G38/><T78/><D43/><U125/><E125/><V94/><F128/><W133/><G133/><T106/><D51/><U8/><AGARI ba="0,0" hai="8,9,25,27,44,46,48,49,81,83,84,85,88,89" machi="8" ten="25,8000,1" yaku="0,1,22,2,8,1,54,1" doraHai="92" who="1" fromWho="1" sc="250,-40,250,80,250,-20,250,-20" /><INIT seed="1,0,0,1,1,119" ten="210,330,230,230" oya="1" hai0="36,124,48,129,20,78,69,77,81,111,14,96,11" hai1="27,29,80,106,41,86,57,73,12,63,93,110,68" hai2="92,42,31,115,56,99,101,7,51,123,76,9,98" hai3="133,47,1,3,33,91,25,104,45,84,43,97,44"/><U134/><E106/><V118/><F118/><W34/><G133/><T22/><D111/><U6/><E68/><V71/><F71/><W16/><G43/><T10/><D36/><U53/><E134/><V2/><F115/><W62/><G62/><T26/><D69/><U13/><E73/><V59/><F123/><W66/><G66/><T38/><D38/><U121/><E121/><V61/><F76/><W79/><G79/><T54/><D129/><U21/><E110/><V108/><F108/><W70/><G70/><T58/><D124/><U17/><E41/><V55/><F31/><W50/><G50/><T88/><D20/><U100/><E6/><V30/><F30/><W127/><G127/><T15/><D14/><U5/><E5/><V90/><F42/><W89/><G89/><T112/><D112/><U109/><E109/><V85/><REACH who="2" step="1"/><F101/><REACH who="2" ten="210,330,220,230" step="2"/><W125/><G125/><T82/><D78/><N who="1" m="46359" /><E29/><V117/><F117/><W19/><G34/><T72/><D72/><U4/><E4/><V131/><F131/><W52/><G33/><T113/><D77/><U24/><E100/><V37/><F37/><W130/><G130/><T40/><D40/><U67/><E17/><V132/><F132/><W0/><G16/><N who="0" m="12615" /><D113/><U60/><E67/><AGARI ba="0,1" hai="2,7,9,51,55,56,59,61,67,85,90,92,98,99" machi="67" ten="30,2000,0" yaku="1,1,7,1,53,0" doraHai="119" doraHaiUra="8" who="2" fromWho="1" sc="210,0,330,-20,220,30,230,0" /><INIT seed="2,0,0,5,4,129" ten="210,310,250,230" oya="2" hai0="122,57,124,19,6,118,22,5,99,95,38,4,53" hai1="78,23,76,114,117,123,131,12,37,68,110,21,52" hai2="96,30,109,90,46,31,73,27,100,20,125,74,133" hai3="60,101,121,25,82,135,116,55,98,103,40,14,89"/><V32/><F125/><W11/><G116/><T65/><D122/><U10/><E117/><V49/><F109/><W28/><G121/><T9/><D118/><U75/><E123/><V70/><F133/><W77/><G40/><T127/><D38/><U24/><E114/><V15/><F90/><W134/><G89/><T128/><D128/><U84/><E75/><V41/><F70/><W105/><G103/><T83/><D65/><U91/><E131/><V115/><F115/><W36/><G36/><T88/><D83/><N who="1" m="49567" /><E68/><V54/><F31/><W59/><G14/><T48/><REACH who="0" step="1"/><D9/><REACH who="0" ten="200,310,250,230" step="2"/><U86/><E37/><V104/><F41/><W42/><G11/><T51/><D51/><U126/><E10/><V35/><F32/><W111/><G42/><T34/><D34/><U3/><E110/><V87/><F35/><W119/><G111/><T58/><D58/><U26/><E21/><V108/><F108/><W64/><G119/><T92/><D92/><U81/><E23/><V85/><F15/><AGARI ba="0,1" hai="4,5,6,15,19,22,48,53,57,88,95,99,124,127" machi="15" ten="40,2600,0" yaku="1,1,54,1,53,0" doraHai="129" doraHaiUra="97" who="0" fromWho="2" sc="200,36,310,0,250,-26,230,0" /><INIT seed="3,0,0,3,3,132" ten="236,310,224,230" oya="3" hai0="2,23,103,100,49,119,0,127,9,108,7,19,11" hai1="76,10,53,20,32,123,48,101,121,62,97,94,35" hai2="112,113,16,41,28,61,98,45,21,95,13,134,128" hai3="99,14,109,50,96,31,83,17,71,92,38,75,65"/><W133/><G38/><T86/><D119/><U78/><E62/><V87/><F134/><W1/><G133/><T117/><D117/><U129/><E129/><V77/><F128/><W34/><G1/><T116/><D116/><U52/><E20/><V115/><F28/><W25/><G109/><T63/><D108/><U30/><E10/><V59/><F87/><W91/><G50/><T24/><D127/><U79/><E53/><V42/><F77/><W12/><G99/><T54/><D86/><U126/><E30/><V85/><F85/><W120/><G120/><T29/><D63/><U89/><E89/><V3/><F3/><W47/><G47/><T135/><D135/><U88/><E101/><V67/><REACH who="2" step="1"/><F45/><REACH who="2" ten="236,310,214,230" step="2"/><W114/><G114/><T107/><D2/><U64/><E76/><V44/><F44/><W124/><G31/><T58/><D0/><U118/><E78/><V106/><F106/><W60/><G75/><T33/><D107/><U55/><E79/><V125/><F125/><W43/><G124/><T22/><D29/><U111/><E126/><V68/><F68/><W105/><G105/><T66/><D33/><U72/><E35/><V5/><F5/><W8/><G34/><T131/><D7/><U36/><E32/><V81/><F81/><W46/><G83/><T130/><D130/><U93/><E72/><V104/><F104/><W37/><G25/><T6/><D131/><U80/><E118/><V73/><F73/><W26/><G26/><T90/><D24/><U110/><E111/><V15/><F15/><W51/><G14/><T70/><D6/><RYUUKYOKU ba="0,1" sc="236,-15,310,-15,214,15,230,15" hai2="13,16,21,41,42,59,61,67,95,98,112,113,115" hai3="8,12,17,37,43,46,51,60,65,71,91,92,96" /><INIT seed="3,1,1,3,5,57" ten="221,295,229,245" oya="3" hai0="113,23,22,48,45,127,94,90,50,118,62,26,2" hai1="123,10,134,52,42,19,91,4,80,36,99,129,73" hai2="117,63,39,32,109,15,49,84,76,104,133,31,67" hai3="54,68,85,126,60,88,46,72,59,28,18,92,89"/><W135/><G72/><T21/><D118/><U77/><E123/><V100/><F39/><W97/><G135/><T107/><D107/><U122/><E122/><V47/><F117/><W119/><G119/><T124/><D2/><N who="1" m="279" /><E134/><V131/><F109/><W64/><G126/><N who="0" m="48171" /><D113/><U115/><E115/><V81/><F133/><W35/><G18/><N who="0" m="12599" /><D62/><U27/><E52/><V120/><F120/><W43/><G35/><T86/><D50/><U116/><E116/><V66/><F32/><W74/><G74/><T11/><D11/><U9/><E129/><V13/><F131/><W24/><G24/><T3/><D3/><U38/><E38/><V12/><F31/><W95/><G28/><T111/><D111/><U69/><E69/><V25/><F25/><W121/><G121/><T103/><D103/><U70/><E70/><V0/><F0/><W6/><G6/><T5/><D5/><U106/><E9/><V101/><F104/><W58/><G54/><AGARI ba="1,1" hai="22,23,45,48,54,86,90,94" m="12599,48171" machi="54" ten="30,1000,0" yaku="18,1" doraHai="57" who="0" fromWho="3" sc="221,23,295,0,229,0,245,-13" /><INIT seed="4,0,0,5,2,131" ten="244,295,229,232" oya="0" hai0="87,97,94,0,117,96,103,33,73,127,82,58,122" hai1="120,42,101,15,61,31,44,78,22,57,74,93,43" hai2="7,105,5,18,95,129,55,65,70,56,14,124,41" hai3="132,48,9,111,16,27,72,24,79,23,28,34,3"/><T104/><D117/><U92/><E120/><V100/><F129/><W134/><G111/><T60/><D122/><U49/><E74/><V37/><F105/><W52/><G79/><T35/><D0/><U21/><E78/><V99/><F124/><W63/><G72/><T88/><D127/><U108/><E108/><V86/><F70/><W45/><REACH who="3" step="1"/><G63/><REACH who="3" ten="244,295,229,222" step="2"/><T133/><D73/><U77/><E77/><V54/><F37/><W81/><G81/><T11/><D133/><U113/><E61/><V36/><F36/><W12/><G12/><T51/><D51/><U64/><E15/><V130/><F130/><W32/><G32/><T66/><REACH who="0" step="1"/><D11/><REACH who="0" ten="234,295,229,222" step="2"/><U110/><E49/><V8/><F8/><W4/><AGARI ba="0,2" hai="3,4,9,16,23,24,27,28,34,45,48,52,132,134" machi="4" ten="30,12000,2" yaku="1,1,0,1,52,2,54,2,53,1" doraHai="131" doraHaiUra="30" who="3" fromWho="3" sc="234,-60,295,-30,229,-30,222,140" owari="174,-32.6,265,6.5,199,-20.1,362,46.2" /></mjloggm>