<mjloggm ver="2.3"><GO type="225" lobby="0"/><UN n0="%41%6F%54" n1="%6D%75%75%73%61%6E%6D%75" n2="%79%75%72%69%6D%6F%67" n3="%33%74%72%65%65" dan="16,17,16,16" rate="2056.39,2156.53,2132.92,2123.41" sx="M,F,F,F"/><TAIKYOKU oya="0"/><INIT seed="0,0,0,2,5,101" ten="250,250,250,250" oya="0" hai0="128,1,23,5,4,9,87,36,30,56,83,22,113" hai1="31,42,130,18,55,46,47,25,65,3,53,60,21" hai2="16,12,79,6,81,116,26,39,64,20,32,61,114" hai3="40,94,49,7,58,38,100,34,120,117,44,80,27"/><T131/><D36/><U104/><E3/><V67/><F114/><W29/><G117/><T24/><D113/><U48/><E130/><N who="0" m="49705" /><D56/><U68/><E104/><V52/><F39/><W90/><G120/><T93/><D93/><U96/><E96/><V133/><F133/><W86/><G7/><N who="0" m="1263" /><D87/><U54/><REACH who="1" step="1"/><E18/><REACH who="1" ten="250,240,250,250" step="2"/><V111/><F116/><W112/><G112/><T78/><D78/><U69/><E69/><V75/><F111/><W57/><G100/><T123/><D123/><U51/><AGARI ba="0,1" hai="21,25,31,42,46,47,48,51,53,54,55,60,65,68" machi="51" ten="20,2700,0" yaku="1,1,0,1,7,1,53,0" doraHai="101" doraHaiUra="71" who="1" fromWho="1" sc="250,-13,240,37,250,-7,250,-7" /><INIT seed="1,0,0,4,1,96" ten="237,277,243,243" oya="1" hai0="127,21,79,3,82,12,69,133,111,100,17,88,6" hai1="109,124,119,59,66,95,99,19,78,2,129,112,8" hai2="102,101,65,115,20,42,63,41,106,0,131,64,126" hai3="81,26,49,75,61,51,13,55,108,9,80,36,130"/><U85/><E112/><V54/><F106/><W71/><G36/><T90/><D69/><U27/><E119/><V76/><F0/><W89/><G130/><T97/><D111/><U48/><E129/><V53/><F131/><W77/><G108/><T68/><D68/><U38/><E109/><V30/><F126/><W94/><G80/><T7/><D127/><U29/><E124/><V57/><F76/><W103/><G26/><T1/><D1/><U107/><E38/><V116/><F116/><W73/><G73/><T84/><D133/><U60/><E107/><V114/><F54/><W121/><G121/><T56/><D56/><U135/><E135/><V92/><F92/><W11/><G103/><N who="2" m="39433" /><F115/><W110/><G110/><T5/><REACH who="0" step="1"/><D3/><REACH who="0" ten="227,277,243,243" step="2"/><U122/><E2/><V104/><F114/><W52/><G71/><T45/><D45/><U39/><E59/><V125/><F104/><AGARI ba="0,1" hai="5,6,7,12,17,21,79,82,84,88,90,97,100,104" machi="104" ten="40,5200,0" yaku="1,1,52,1,54,1,53,0" doraHai="96" doraHaiUra="132" who="0" fromWho="2" sc="227,62,277,0,243,-52,243,0" /><INIT seed="2,0,0,0,4,113" ten="289,277,191,243" oya="2" hai0="48,33,26,104,57,13,60,73,51,86,55,105,78" hai1="103,38,112,98,36,81,82,129,52,10,122,75,100" hai2="91,62,124,44,95,4,45,3,7,127,72,96,61" hai3="28,42,74,64,40,58,63,111,119,14,6,123,46"/><V54/><F72/><W59/><G123/><T84/><D73/><U43/><E112/><V109/><F109/><W11/><G111/><T56/><D33/><U24/><E122/><V117/><F117/><W50/><G74/><T16/><D26/><U21/><E129/><V85/><F3/><W121/><G121/><T47/><D78/><U125/><E125/><V29/><F29/><W79/><G119/><T134/><D134/><U115/><E115/><V69/><F69/><W133/><G133/><T70/><D70/><U80/><E75/><V25/><F25/><W22/><G79/><T32/><D32/><U18/><E10/><V93/><F124/><W17/><G28/><T108/><D105/><U31/><E43/><V53/><F53/><W9/><G40/><N who="0" m="24679" /><D104/><U2/><E2/><V71/><F71/><W35/><G35/><T89/><D89/><U131/><E131/><V90/><F127/><W1/><G11/><N who="0" m="6207" /><D108/><U23/><E38/><V132/><F132/><W34/><G34/><T37/><D37/><U76/><E36/><V30/><F30/><W130/><G130/><T128/><D128/><U8/><E8/><V41/><F41/><W114/><G114/><T5/><D5/><U116/><E116/><V27/><F27/><W97/><G97/><T110/><D110/><U15/><E76/><V19/><F19/><W106/><G106/><T107/><D107/><N who="1" m="63895" /><E103/><V126/><F126/><W68/><AGARI ba="0,0" hai="1,6,9,14,17,22,42,46,50,58,59,63,64,68" machi="68" ten="20,1500,0" yaku="0,1,7,1" doraHai="113" who="3" fromWho="3" sc="289,-4,277,-4,191,-7,243,15" /><INIT seed="3,0,0,0,2,72" ten="285,273,184,258" oya="3" hai0="82,9,63,20,97,48,88,130,29,134,38,32,50" hai1="79,87,116,135,119,10,102,98,1,69,12,106,123" hai2="125,68,132,83,13,110,23,131,21,0,52,107,71" hai3="36,109,35,96,70,25,56,101,99,75,45,121,58"/><W128/><G70/><T59/><D38/><U27/><E123/><V34/><F52/><W111/><G121/><T41/><D32/><U43/><E69/><V89/><F83/><W54/><G35/><T30/><D130/><U76/><E135/><V44/><F89/><W37/><G25/><N who="0" m="16551" /><D134/><U62/><E1/><V2/><F44/><W46/><G128/><T92/><D30/><U64/><E27/><V57/><F57/><N who="3" m="22123" /><G75/><T103/><D9/><U122/><E87/><V3/><F131/><W133/><G133/><T117/><D117/><N who="1" m="45131" /><E122/><V49/><F132/><W42/><G101/><T22/><D22/><U95/><E43/><V51/><F34/><W118/><G118/><T65/><D41/><U77/><E106/><V112/><F3/><W4/><G37/><T127/><D127/><U28/><E28/><V74/><F74/><W17/><G36/><T84/><AGARI ba="0,0" hai="48,50,59,63,65,82,84,88,92,97,103" m="16551" machi="84" ten="30,4000,0" yaku="25,1,8,1,54,1" doraHai="72" who="0" fromWho="0" sc="285,40,273,-10,184,-10,258,-20" owari="325,42.5,263,6.3,174,-32.6,238,-16.2" /></mjloggm>