<mjloggm ver="2.3"><GO type="225" lobby="0"/><UN n0="%E3%81%82%E3%81%99%E3%81%AB%E3%82%83%E3%82%80" n1="%E4%BF%BA%E3%81%A8%E5%A6%96%E5%A4%A2" n2="%E3%81%99%E3%81%84%E3%81%BE%E3%81%9B%E3%83%BC%E3%82%93" n3="%EF%BC%B3%E3%81%9E%E3%81%88%E2%98%86" dan="16,17,18,16" rate="2115.09,2202.36,2183.65,2093.05" sx="F,F,M,M"/><TAIKYOKU oya="0"/><INIT seed="0,0,0,3,2,105" ten="250,250,250,250" oya="0" hai0="93,37,129,89,2,69,17,122,79,48,42,133,27" hai1="12,110,77,81,87,51,83,1,15,97,74,59,45" hai2="52,44,46,16,50,40,9,102,86,0,63,104,39" hai3="108,57,3,109,70,111,55,135,10,85,117,13,68"/><T106/><D122/><U76/><E1/><V53/><F102/><W19/><G117/><T101/><D2/><U71/><E71/><V84/><F104/><W25/><G135/><T30/><D69/><U34/><E34/><V24/><F0/><W33/><G3/><T118/><D133/><U23/><E110/><V72/><F72/><W91/><G33/><T78/><D118/><U130/><E130/><V54/><F63/><W18/><G18/><T95/><D37/><U131/><E59/><V56/><F56/><W120/><G120/><T128/><D106/><U94/><E23/><V121/><F121/><W49/><REACH who="3" step="1"/><G25/><REACH who="3" ten="250,250,250,240" step="2"/><T92/><D17/><U99/><E131/><V115/><F115/><W35/><G35/><T107/><D129/><U29/><E29/><V125/><F125/><W114/><G114/><T47/><D128/><U28/><E28/><V5/><F5/><W123/><G123/><T7/><D7/><U26/><E26/><V65/><F24/><W43/><G43/><T112/><D112/><U4/><E4/><V6/><F6/><W38/><G38/><T103/><D27/><U75/><E99/><V36/><F39/><W126/><G126/><T62/><D30/><U127/><E127/><V119/><F119/><W98/><G98/><T73/><D42/><U58/><E97/><V116/><F116/><W8/><G8/><T134/><D134/><U31/><E31/><V66/><F16/><W21/><G21/><T124/><D124/><U82/><E15/><V41/><F9/><W64/><G64/><T100/><D103/><U32/><E12/><RYUUKYOKU ba="0,1" sc="250,-15,250,-15,250,15,240,15" hai2="36,40,41,44,46,50,52,53,54,65,66,84,86" hai3="10,13,19,49,55,57,68,70,85,91,108,109,111" /><INIT seed="1,1,1,2,2,36" ten="235,235,265,255" oya="1" hai0="47,74,29,124,52,7,88,30,57,33,104,56,86" hai1="58,48,21,24,90,2,0,106,44,97,77,60,32" hai2="38,13,96,22,37,65,94,91,121,103,115,80,59" hai3="23,83,4,15,53,98,112,128,54,35,78,95,116"/><U118/><E118/><V50/><F121/><W31/><G116/><T84/><D74/><U11/><E32/><V133/><F133/><W123/><G112/><T102/><D124/><U16/><E77/><V20/><F115/><W19/><G123/><T130/><D130/><U26/><E26/><V42/><F38/><W99/><G128/><T108/><D108/><U126/><E126/><V109/><F37/><W105/><G4/><T125/><D125/><U6/><E106/><V73/><F109/><W3/><G3/><T110/><D110/><U9/><E9/><V45/><F13/><W107/><G31/><N who="0" m="11787" /><D104/><U132/><E132/><V82/><F73/><W127/><G35/><T87/><D33/><U25/><E25/><V51/><F103/><W101/><G127/><T41/><D102/><U119/><E119/><V55/><REACH who="2" step="1"/><F65/><REACH who="2" ten="235,235,255,255" step="2"/><W28/><G101/><T76/><D76/><U79/><E79/><V129/><F129/><W122/><G15/><T89/><D7/><U81/><E0/><V39/><F39/><W131/><G131/><T43/><D89/><U120/><E120/><V111/><F111/><W8/><G122/><T67/><D88/><U12/><E2/><V49/><F49/><W63/><G107/><T134/><D134/><U114/><E114/><V62/><F62/><W71/><G105/><T85/><D67/><N who="1" m="39319" /><E90/><V70/><F70/><W113/><G71/><T27/><D27/><U61/><E61/><V72/><F72/><W18/><G63/><T135/><D135/><U66/><E66/><V5/><F5/><W14/><G113/><T34/><D34/><RYUUKYOKU ba="1,2" sc="235,-10,235,-10,255,30,255,-10" hai2="20,22,42,45,50,51,55,59,80,82,91,94,96" /><INIT seed="2,2,2,2,1,121" ten="225,225,285,245" oya="2" hai0="14,84,130,83,66,16,104,29,12,106,134,97,38" hai1="116,122,55,15,112,33,125,3,101,102,77,111,21" hai2="57,108,82,70,42,43,44,28,107,36,100,7,41" hai3="88,26,5,119,132,74,62,131,93,18,124,6,39"/><V91/><F70/><W23/><G119/><T87/><D38/><U73/><E116/><V63/><F7/><W30/><G124/><T64/><D134/><U11/><E112/><V2/><F2/><W37/><G132/><T31/><D130/><U10/><E125/><V54/><F28/><W128/><G74/><T48/><D48/><U59/><E33/><V72/><F108/><W96/><G39/><T60/><D97/><U120/><E21/><V40/><F91/><W123/><G123/><N who="1" m="47146" /><E3/><V24/><F24/><W35/><G37/><T52/><D83/><N who="1" m="45487" /><E111/><V133/><F133/><W1/><G62/><T86/><D106/><U114/><E114/><V49/><F107/><W98/><G98/><T90/><D104/><U47/><E47/><V68/><F100/><N who="1" m="38505" /><E15/><V78/><REACH who="2" step="1"/><F68/><REACH who="2" ten="225,225,275,245" step="2"/><W135/><G135/><T71/><D12/><U94/><E94/><V61/><AGARI ba="2,3" hai="36,40,41,42,43,44,49,54,57,61,63,72,78,82" machi="61" ten="30,6000,0" yaku="1,1,2,1,0,1,53,0" doraHai="121" doraHaiUra="19" who="2" fromWho="2" sc="225,-22,225,-22,275,96,245,-22" /><INIT seed="2,3,0,5,3,55" ten="203,203,371,223" oya="2" hai0="38,110,36,106,14,103,98,8,67,75,11,105,125" hai1="41,81,58,74,12,109,123,27,82,132,126,71,10" hai2="134,104,56,64,96,28,60,48,94,115,6,3,40" hai3="5,39,78,83,17,107,127,119,65,16,62,47,80"/><V2/><F115/><W19/><G119/><T84/><D110/><U72/><E71/><V13/><F104/><W29/><G127/><T131/><D75/><U22/><E109/><V97/><F134/><W21/><G107/><T54/><D106/><U45/><E126/><V59/><F28/><W133/><G133/><T51/><D125/><U25/><E132/><V128/><F128/><W85/><G5/><T73/><D73/><U87/><E58/><N who="2" m="36887" /><F2/><W93/><G93/><T30/><D67/><U68/><E68/><V77/><F77/><W114/><G114/><T37/><D30/><U49/><E82/><V88/><F97/><W100/><G100/><T95/><D131/><U91/><E27/><V101/><F3/><W32/><G83/><T66/><D66/><U52/><E41/><V15/><F101/><W124/><G124/><T61/><D61/><U42/><E42/><V116/><F116/><W35/><G39/><T121/><D121/><U33/><E33/><V23/><F15/><W113/><G113/><T0/><D0/><U53/><E53/><V135/><F135/><W24/><REACH who="3" step="1"/><G47/><REACH who="3" ten="203,203,371,213" step="2"/><N who="0" m="28031" /><D105/><U90/><E123/><V118/><F118/><W86/><G86/><T112/><D84/><U46/><E46/><N who="2" m="25671" /><F6/><W26/><G26/><T92/><D112/><U43/><E74/><V63/><F63/><W117/><G117/><T44/><D44/><U69/><E72/><V122/><F122/><W108/><G108/><T18/><D92/><U1/><E43/><V79/><F94/><W20/><G20/><T50/><D50/><U9/><E49/><V34/><F23/><AGARI ba="3,1" hai="8,11,14,18,23,36,37,38,95,98,103" m="28031" machi="23" ten="30,1000,0" yaku="6,1" doraHai="55" who="0" fromWho="2" sc="203,29,203,0,371,-19,213,0" /><INIT seed="3,0,0,1,0,75" ten="232,203,352,213" oya="3" hai0="79,30,70,25,122,56,71,13,131,38,29,54,95" hai1="120,85,103,55,117,115,132,28,106,126,20,7,96" hai2="16,49,3,135,50,6,121,72,27,87,48,9,100" hai3="24,128,17,118,127,22,77,18,57,11,34,76,8"/><W2/><G118/><T111/><D38/><U37/><E120/><V129/><F72/><W32/><G128/><T26/><D111/><U113/><E37/><V93/><F129/><W108/><G108/><T33/><D122/><U98/><E117/><V42/><F121/><W104/><G104/><T102/><D79/><N who="3" m="30281" /><G2/><T15/><D131/><U92/><E132/><V61/><F135/><W44/><G127/><T97/><D70/><U58/><E85/><V66/><F42/><W81/><G81/><T36/><D71/><U31/><E7/><V64/><F3/><W80/><G80/><T107/><D107/><U125/><E115/><V133/><F133/><W114/><G114/><T60/><D36/><U109/><E109/><V35/><F35/><AGARI ba="0,0" hai="13,15,25,26,29,30,33,35,54,56,60,95,97,102" machi="35" ten="30,2000,0" yaku="7,1,9,1" doraHai="75" who="0" fromWho="2" sc="232,20,203,0,352,-20,213,0" owari="252,5.2,203,-29.7,332,43.2,213,-18.7" /></mjloggm>