<mjloggm ver="2.3"><GO type="225" lobby="0"/><UN n0="%E3%82%8C%E3%81%99%E3%81%93" n1="%E7%9A%AE%E3%80%85" n2="%E6%A1%9C%E8%8A%B1%E9%96%83%E3%80%85" n3="%E3%83%9D%E3%82%B1%E3%83%83%E3%83%88" dan="17,16,17,16" rate="2170.93,2077.76,2179.56,2107.05" sx="F,M,M,M"/><TAIKYOKU oya="0"/><INIT seed="0,0,0,4,5,16" ten="250,250,250,250" oya="0" hai0="102,96,20,87,95,15,126,131,22,76,107,35,78" hai1="8,82,124,11,46,133,100,48,7,71,37,9,117" hai2="123,45,103,34,93,64,29,3,73,110,25,41,94" hai3="90,69,18,61,66,63,91,67,60,5,85,58,84"/><T59/><D35/><U74/><E117/><V121/><F110/><W119/><G119/><T130/><D126/><U77/><E124/><V134/><F134/><W108/><G108/><T97/><D59/><U86/><E133/><V128/><F128/><N who="0" m="49194" /><D15/><U12/><E100/><V10/><F73/><W79/><G5/><T72/><D87/><U1/><E71/><V101/><F64/><W13/><G61/><T40/><D40/><U6/><E11/><V32/><F32/><W129/><G129/><T120/><D120/><U112/><E112/><V38/><F121/><W114/><G114/><T43/><D43/><U53/><REACH who="1" step="1"/><E37/><REACH who="1" ten="250,240,250,250" step="2"/><V113/><F113/><W89/><REACH who="3" step="1"/><G79/><REACH who="3" ten="250,240,250,240" step="2"/><N who="0" m="30251" /><D72/><AGARI ba="0,2" hai="1,6,7,8,9,12,46,48,53,72,74,77,82,86" machi="72" ten="40,1300,0" yaku="1,1,53,0" doraHai="16" doraHaiUra="70" who="1" fromWho="0" sc="250,-13,240,33,250,0,240,0" /><INIT seed="1,0,0,3,4,135" ten="237,273,250,240" oya="1" hai0="10,75,8,23,81,124,66,73,114,18,55,6,93" hai1="36,101,71,72,113,39,63,94,50,99,21,86,74" hai2="16,47,80,2,134,127,60,89,49,5,7,1,107" hai3="102,20,128,44,108,125,54,41,131,92,129,70,43"/><U40/><E113/><V130/><F134/><W31/><G70/><T34/><D114/><U14/><E86/><N who="2" m="50375" /><F107/><W13/><G108/><T105/><D105/><U38/><E40/><V37/><F37/><W33/><G33/><T52/><D34/><U57/><E50/><V68/><F1/><W77/><G77/><T24/><D66/><U98/><E71/><V65/><F2/><W46/><G125/><T53/><D124/><U11/><E21/><V116/><F116/><W104/><G104/><T61/><D81/><U51/><E51/><V111/><F111/><W132/><G132/><T87/><D61/><U32/><E99/><V12/><F130/><W106/><G106/><T96/><D87/><U27/><E27/><V78/><F78/><W30/><G43/><T69/><D69/><U123/><E123/><V58/><F68/><W112/><G112/><T9/><REACH who="0" step="1"/><D6/><REACH who="0" ten="227,273,250,240" step="2"/><U35/><E35/><V109/><F127/><W62/><G62/><T4/><D4/><U83/><E83/><V90/><F109/><W85/><G85/><T28/><D28/><U103/><E32/><V95/><F95/><W115/><G115/><T0/><D0/><U79/><E74/><V59/><F5/><W110/><G110/><T84/><D84/><U48/><E72/><V64/><F7/><W126/><G126/><T67/><D67/><U42/><E63/><V117/><F64/><W56/><G129/><T22/><D22/><U76/><E94/><V120/><F65/><W82/><G92/><T19/><D19/><U26/><E11/><V97/><F60/><W122/><G131/><RYUUKYOKU ba="0,1" sc="227,30,273,-10,250,-10,240,-10" hai0="8,9,10,18,23,24,52,53,55,73,75,93,96" /><INIT seed="2,1,1,0,4,38" ten="257,263,240,230" oya="2" hai0="126,96,73,46,133,35,23,94,45,20,71,87,51" hai1="55,89,88,8,127,92,68,124,33,100,39,102,110" hai2="36,58,74,123,37,56,109,77,75,66,12,97,86" hai3="13,125,7,48,105,64,76,53,28,34,10,42,113"/><V62/><F123/><W16/><G105/><T54/><D73/><U101/><E68/><V44/><F109/><W91/><G125/><N who="1" m="48202" /><E110/><V43/><F36/><W83/><G113/><T130/><D126/><U93/><E39/><V2/><F2/><W121/><G121/><T59/><D71/><U108/><E108/><V117/><F117/><W114/><G114/><T103/><D130/><U40/><E55/><V25/><F25/><W26/><G64/><T14/><D35/><U84/><E33/><V112/><F112/><W67/><G67/><T69/><D69/><U1/><E8/><V15/><F97/><W82/><G42/><T61/><D133/><U129/><E1/><V60/><F86/><W107/><G107/><T120/><D120/><U65/><E65/><V29/><F29/><W70/><G70/><T95/><D14/><U98/><E40/><V27/><F27/><W6/><G91/><N who="0" m="53631" /><D46/><U47/><E47/><V104/><F104/><W106/><G106/><T31/><D31/><U122/><E122/><V18/><F12/><W128/><G128/><AGARI ba="1,1" hai="84,88,89,92,93,98,100,101,102,128,129" m="48202" machi="128" ten="40,8000,1" yaku="18,1,34,2,54,1" doraHai="38" who="1" fromWho="3" sc="257,0,263,93,240,0,230,-83" /><INIT seed="3,0,0,1,2,89" ten="257,356,240,147" oya="3" hai0="1,41,61,55,43,97,118,50,101,39,46,22,14" hai1="126,12,121,69,34,73,114,26,53,99,65,63,84" hai2="95,54,19,122,66,76,49,0,134,31,79,56,48" hai3="38,58,103,64,130,6,117,113,59,115,88,25,20"/><W17/><G117/><T15/><D118/><U129/><E114/><V82/><F134/><W116/><G116/><T8/><D61/><U70/><E121/><V35/><F122/><W109/><G130/><T33/><D33/><U112/><E112/><V21/><F0/><W77/><G109/><T123/><D123/><U102/><E73/><V67/><F35/><W16/><G38/><T105/><D22/><U132/><E132/><V119/><F31/><W29/><G113/><T111/><D111/><U93/><E129/><V100/><F49/><W133/><G133/><T125/><D125/><U5/><E126/><V135/><F135/><W78/><G115/><T42/><REACH who="0" step="1"/><D39/><REACH who="0" ten="247,356,240,147" step="2"/><U23/><E34/><V90/><F119/><W104/><G6/><AGARI ba="0,1" hai="1,6,8,14,15,41,42,43,46,50,55,97,101,105" machi="6" ten="40,2600,0" yaku="1,1,2,1,53,0" doraHai="89" doraHaiUra="107" who="0" fromWho="3" sc="247,36,356,0,240,0,147,-26" owari="283,8.3,356,45.6,240,-16.0,121,-37.9" /></mjloggm>