<mjloggm ver="2.3"><GO type="225" lobby="0"/><UN n0="%E5%B0%8F%E9%B3%A5%E9%81%8A%E7%B7%B4%E7%84%A1%32%31%E6%AD%B3" n1="%E7%B4%94%E6%BD%94%E3%83%94%E3%83%A9%E3%83%8B%E3%82%A2" n2="%E3%81%B2%E3%81%AA%E3%81%AE%E3%82%8A%E3%81%8F" n3="%E5%87%BA%E6%B0%B4" dan="16,17,17,16" rate="2184.96,2145.45,2133.63,2067.58" sx="F,M,M,F"/><TAIKYOKU oya="0"/><INIT seed="0,0,0,2,3,76" ten="250,250,250,250" oya="0" hai0="18,96,124,75,65,103,38,97,14,21,32,7,84" hai1="23,46,125,91,77,119,117,5,42,54,101,48,135" hai2="114,9,12,66,60,134,85,13,41,22,115,116,120" hai3="74,71,15,126,34,35,55,16,28,88,62,58,121"/><T63/><D75/><U1/><E125/><V127/><F120/><W99/><G126/><T100/><D38/><U80/><E135/><V105/><F127/><W11/><G121/><T61/><D32/><U26/><E101/><V89/><F105/><W6/><G74/><T8/><D124/><U94/><E1/><V93/><F134/><W123/><G123/><T133/><D133/><U67/><E5/><V68/><F116/><W25/><G71/><T109/><D109/><U29/><E67/><V3/><F3/><W83/><G6/><T39/><D39/><U129/><E42/><V47/><F22/><W113/><G113/><T51/><D51/><U56/><E46/><V106/><F106/><W27/><G99/><N who="0" m="37963" /><D65/><U107/><E107/><V98/><F98/><W86/><G27/><N who="0" m="14775" /><D84/><U36/><E36/><V37/><REACH who="2" step="1"/><F13/><REACH who="2" ten="250,250,240,250" step="2"/><W90/><G90/><T112/><D112/><U111/><E91/><V102/><F102/><AGARI ba="0,1" hai="7,8,14,61,63,100,102,103" m="14775,37963" machi="102" ten="30,1500,0" yaku="8,1" doraHai="76" who="0" fromWho="2" sc="250,25,250,0,240,-15,250,0" /><INIT seed="0,1,0,5,5,133" ten="275,250,225,250" oya="0" hai0="74,64,1,99,61,111,90,78,105,50,100,75,94" hai1="34,98,20,115,114,7,96,121,44,26,85,89,33" hai2="107,62,58,131,21,41,31,37,4,43,52,117,10" hai3="125,18,2,135,102,70,91,118,53,73,54,59,68"/><T132/><D1/><U12/><E44/><V25/><F107/><W127/><G118/><T110/><D50/><U14/><E121/><V123/><F123/><W106/><G135/><T130/><D132/><U80/><E96/><V13/><F117/><W16/><G2/><T38/><D38/><U56/><E98/><V15/><F131/><W72/><G91/><T19/><D19/><N who="3" m="7209" /><G106/><T46/><D46/><U35/><E56/><V5/><F37/><W84/><G84/><N who="0" m="52551" /><D130/><U93/><E93/><V88/><F88/><W112/><G102/><T128/><D128/><U134/><E134/><V66/><F66/><W95/><G95/><T49/><D49/><U69/><E69/><N who="3" m="26730" /><G112/><N who="1" m="43050" /><E7/><V45/><F45/><W55/><G59/><N who="0" m="36927" /><D74/><AGARI ba="1,0" hai="53,54,55,72,73,74,125,127" m="26730,7209" machi="74" ten="40,8000,1" yaku="28,2,52,2,54,1" doraHai="133" who="3" fromWho="0" sc="275,-83,250,0,225,0,250,83" /><INIT seed="1,0,0,3,5,122" ten="192,250,225,333" oya="1" hai0="2,4,75,76,121,8,97,27,35,59,82,15,116" hai1="58,11,129,128,14,64,109,104,83,26,94,40,72" hai2="69,134,99,77,33,125,10,36,1,7,123,124,100" hai3="119,66,71,114,21,28,5,54,6,32,87,63,86"/><U0/><E104/><V39/><F123/><W113/><G119/><T108/><D116/><U127/><E127/><N who="2" m="48715" /><F69/><W62/><G32/><T20/><D121/><U12/><E40/><V120/><F120/><W45/><G28/><N who="0" m="19871" /><D59/><U88/><E26/><V117/><F117/><W16/><G113/><T56/><D56/><U84/><E109/><V53/><F134/><W102/><G102/><T74/><D97/><U43/><E43/><V44/><F77/><W81/><G87/><T17/><D74/><U112/><E112/><V41/><F53/><W101/><G101/><T60/><D60/><N who="1" m="37911" /><E0/><V65/><F65/><W25/><G114/><T13/><D13/><U31/><E31/><V79/><F79/><W24/><G24/><T133/><D133/><U55/><E55/><V90/><F90/><W42/><G54/><T30/><D30/><U46/><E46/><V73/><F33/><W37/><G63/><T85/><D75/><U107/><E107/><N who="2" m="63903" /><F73/><W96/><G96/><T68/><D68/><U115/><E115/><V89/><F89/><AGARI ba="0,0" hai="5,6,16,21,25,37,42,45,62,66,71,81,86,89" machi="89" ten="30,2000,0" yaku="7,1,54,1" doraHai="122" who="3" fromWho="2" sc="192,0,250,0,225,-20,333,20" /><INIT seed="2,0,0,0,1,9" ten="192,250,205,353" oya="2" hai0="46,135,81,98,65,25,57,47,83,33,48,3,56" hai1="30,50,79,59,113,68,129,76,128,124,29,28,38" hai2="108,90,7,121,55,94,51,5,131,100,69,63,44" hai3="112,43,37,39,93,78,127,105,10,16,23,21,97"/><V67/><F121/><W96/><G105/><T2/><D98/><U122/><E122/><V14/><F131/><N who="1" m="50249" /><E113/><V111/><F100/><W62/><G78/><N who="1" m="29738" /><E38/><V8/><REACH who="2" step="1"/><F7/><REACH who="2" ten="192,250,195,353" step="2"/><W12/><G112/><T31/><D135/><U133/><E133/><V53/><F53/><W64/><G43/><T101/><D101/><U15/><E124/><V54/><F54/><W103/><G127/><T107/><D107/><U102/><E102/><V104/><F104/><W75/><G103/><T0/><D65/><U126/><E126/><V114/><F114/><W87/><G64/><T49/><D47/><U71/><E15/><V74/><F74/><W85/><G12/><T17/><D46/><U116/><E116/><V61/><F61/><W86/><G62/><T95/><D48/><U19/><E19/><V4/><F4/><W123/><G16/><T6/><D49/><U11/><E11/><V117/><F117/><W52/><G123/><T36/><D6/><U70/><E50/><V58/><F58/><AGARI ba="0,1" hai="28,29,30,58,59,68,70,71" m="29738,50249" machi="58" ten="40,5200,0" yaku="28,2,19,1" doraHai="9" who="1" fromWho="2" sc="192,0,250,62,195,-52,353,0" /><INIT seed="3,0,0,1,2,129" ten="192,312,143,353" oya="3" hai0="4,90,5,2,80,33,71,47,46,56,134,49,61" hai1="108,104,6,57,45,125,82,24,132,55,64,58,97" hai2="52,21,86,88,127,48,85,123,122,39,120,1,118" hai3="41,89,60,0,37,20,115,63,66,101,81,42,113"/><W9/><G101/><T83/><D71/><U103/><E108/><V70/><F118/><W16/><G37/><T124/><D33/><U105/><E125/><V94/><F127/><W13/><G0/><T135/><D124/><U74/><E6/><N who="0" m="2665" /><D2/><U126/><E126/><V27/><F1/><W44/><G89/><T72/><D90/><U93/><E45/><N who="0" m="16905" /><D49/><U99/><E64/><V18/><F39/><W12/><G81/><T35/><D35/><U117/><E117/><V65/><F65/><W26/><G66/><T111/><D72/><U109/><E109/><V106/><F106/><W67/><G67/><N who="0" m="39335" /><D111/><U116/><E116/><V110/><F110/><W10/><G20/><T32/><D32/><U22/><E74/><V100/><F70/><W87/><G87/><T98/><D98/><U43/><E43/><V40/><F40/><W78/><G26/><T50/><D50/><U38/><E38/><V121/><N who="2" m="30720" /><DORA hai="84" /><V73/><F73/><W59/><G13/><T36/><D36/><U107/><E82/><V15/><F100/><W3/><G3/><T34/><D34/><U31/><E97/><N who="2" m="57543" /><F15/><W92/><G12/><T112/><D112/><U95/><E95/><V23/><F23/><W14/><G92/><T91/><D80/><U69/><E69/><V131/><F131/><W29/><G115/><T30/><D30/><U75/><E75/><V76/><F76/><W62/><G29/><T130/><D130/><U25/><E103/><V96/><F96/><W53/><G78/><T8/><D8/><U28/><E99/><V11/><F11/><W68/><G9/><RYUUKYOKU ba="0,0" sc="192,15,312,-15,143,15,353,-15" hai0="83,91,134,135" hai2="18,21,27,48,52,85,86" owari="207,-19.3,297,9.7,158,-34.2,338,43.8" /></mjloggm>