<mjloggm ver="2.3"><GO type="225" lobby="0"/><UN n0="%E3%83%AB%E3%83%9B%E3%83%B3%E3%83%87%E3%82%A3%E3%82%A8" n1="%73%6C%69%63%6B%33%31%39" n2="%E3%81%8F%E3%81%BE%E3%81%96%E3%82%8F" n3="%E9%80%9F%E6%B0%B4%E5%87%9B%E9%A6%99" dan="17,17,16,16" rate="2185.67,2152.76,2058.02,2108.66" sx="M,M,M,F"/><TAIKYOKU oya="0"/><INIT seed="0,0,0,1,2,132" ten="250,250,250,250" oya="0" hai0="130,131,77,0,91,54,45,10,22,53,24,20,110" hai1="101,116,29,44,71,95,88,27,105,58,122,35,32" hai2="73,76,83,4,99,133,13,79,126,78,1,108,51" hai3="57,81,56,31,9,48,11,112,21,72,43,97,103"/><T128/><D110/><U70/><E116/><V60/><F1/><W5/><G112/><T98/><D77/><U111/><E111/><V107/><F108/><W80/><G72/><T62/><D0/><U33/><E122/><V7/><F133/><W12/><G11/><T123/><D123/><U65/><E44/><V104/><F78/><W75/><G75/><T113/><D113/><U92/><E105/><V30/><F30/><W23/><G43/><T50/><D10/><U63/><E95/><V129/><F73/><W86/><G81/><T34/><D34/><U8/><E8/><V39/><F39/><W127/><G127/><T89/><D98/><U36/><E36/><V134/><F134/><W117/><G117/><T69/><D20/><U16/><E16/><V90/><F99/><W40/><G40/><T25/><D25/><U37/><E37/><V100/><F13/><W84/><G84/><T115/><D115/><U118/><E118/><V42/><F42/><W64/><G57/><N who="0" m="35119" /><D69/><U120/><E120/><V26/><F26/><W15/><G15/><T67/><D67/><U3/><E101/><V66/><F100/><W74/><G74/><T94/><D94/><U85/><REACH who="1" step="1"/><E3/><REACH who="1" ten="250,240,250,250" step="2"/><V82/><F107/><N who="3" m="63983" /><G31/><AGARI ba="0,1" hai="22,24,31,45,50,54,89,91,128,130,131" m="35119" machi="31" ten="30,1500,0" yaku="19,1" doraHai="132" who="0" fromWho="3" sc="250,25,240,0,250,0,250,-15" /><INIT seed="0,1,0,0,3,112" ten="275,240,250,235" oya="0" hai0="37,92,74,26,21,36,58,40,27,103,110,109,5" hai1="0,73,51,47,17,101,104,86,102,75,16,133,114" hai2="121,41,94,18,76,116,71,128,89,95,54,12,135" hai3="96,66,85,57,53,106,31,88,124,6,34,48,68"/><T7/><D74/><U56/><E0/><V15/><F121/><W82/><G124/><T42/><D58/><U39/><E114/><V119/><F71/><W107/><G6/><N who="0" m="2059" /><D92/><U93/><E133/><V79/><F135/><W105/><G34/><T65/><D65/><U33/><E33/><V11/><F128/><W24/><G24/><N who="0" m="9259" /><D103/><U67/><E39/><N who="0" m="14921" /><D21/><U70/><E70/><V1/><F1/><W113/><G113/><T125/><D125/><U111/><E73/><V10/><F41/><AGARI ba="1,0" hai="40,41,42,109,110" m="14921,9259,2059" machi="41" ten="40,3900,0" yaku="28,2" doraHai="112" who="0" fromWho="2" sc="275,42,240,0,250,-42,235,0" /><INIT seed="0,2,0,0,4,94" ten="317,240,208,235" oya="0" hai0="60,123,114,98,5,9,115,109,26,92,85,120,77" hai1="4,64,82,47,110,43,10,44,108,49,45,8,134" hai2="56,54,15,50,125,18,7,16,95,90,2,132,119" hai3="130,14,27,63,46,86,19,67,34,75,21,41,99"/><T88/><D26/><U24/><E134/><V121/><F121/><N who="0" m="46666" /><D9/><U1/><E64/><V133/><F125/><W52/><G75/><T29/><D5/><U135/><E135/><N who="2" m="51787" /><F119/><W113/><G113/><N who="0" m="43019" /><D29/><U32/><E82/><V117/><F2/><W40/><G130/><T61/><D60/><U55/><E8/><N who="2" m="4511" /><F117/><W30/><G86/><AGARI ba="2,0" hai="16,18,50,54,56,86,90,95" m="4511,51787" machi="86" ten="30,2000,0" yaku="20,1,54,1" doraHai="94" who="2" fromWho="3" sc="317,0,240,0,208,26,235,-26" /><INIT seed="1,0,0,5,1,0" ten="317,240,234,209" oya="1" hai0="111,114,34,104,30,39,8,36,29,5,7,49,91" hai1="122,112,61,81,98,96,93,31,89,99,60,97,130" hai2="6,56,124,68,134,1,126,46,78,101,118,19,106" hai3="103,117,40,64,28,132,120,102,51,83,121,22,129"/><U55/><E130/><V131/><F68/><W33/><G33/><T107/><D49/><U4/><E112/><V87/><F118/><W105/><G129/><T27/><D91/><U48/><E122/><V71/><F71/><W25/><G117/><T66/><D66/><U80/><E31/><V88/><F131/><W65/><G132/><T20/><D114/><U85/><E4/><V125/><F134/><W128/><G128/><T45/><D111/><U42/><E42/><V35/><F35/><W63/><G105/><T54/><D54/><U58/><REACH who="1" step="1"/><E80/><REACH who="1" ten="317,230,234,209" step="2"/><V100/><F6/><W79/><G121/><T123/><D29/><U77/><AGARI ba="0,1" hai="48,55,58,60,61,77,81,85,89,93,96,97,98,99" machi="77" ten="30,12000,1" yaku="1,1,2,1,0,1,8,1,53,1" doraHai="0" doraHaiUra="86" who="1" fromWho="1" sc="317,-40,230,130,234,-40,209,-40" /><INIT seed="1,1,0,0,0,28" ten="277,360,194,169" oya="1" hai0="122,75,31,108,69,134,54,76,90,10,101,123,116" hai1="30,62,45,125,110,52,21,16,37,73,115,26,22" hai2="77,9,132,117,58,95,94,57,47,82,92,103,38" hai3="114,49,55,13,7,23,102,97,27,85,6,79,44"/><U80/><E115/><V63/><F117/><W84/><G114/><T74/><D69/><U46/><E125/><V43/><F132/><W4/><G13/><T129/><D54/><U93/><E110/><V133/><F133/><W127/><G127/><T106/><D10/><U0/><E0/><V81/><F81/><W130/><G130/><T18/><D18/><U41/><E93/><V40/><F40/><W128/><G128/><T51/><D51/><U67/><E73/><V71/><F103/><W19/><REACH who="3" step="1"/><G79/><REACH who="3" ten="277,360,194,159" step="2"/><T126/><D76/><U50/><E80/><V98/><F98/><W14/><G14/><T48/><D126/><U109/><E109/><V70/><F9/><W24/><G24/><T42/><D129/><U60/><E67/><V107/><F107/><AGARI ba="1,1" hai="4,6,7,19,23,27,44,49,55,84,85,97,102,107" machi="107" ten="40,1300,0" yaku="1,1,53,0" doraHai="28" doraHaiUra="72" who="3" fromWho="2" sc="277,0,360,0,194,-16,159,26" /><INIT seed="2,0,0,0,1,60" ten="277,360,178,185" oya="2" hai0="20,95,88,50,90,51,46,0,2,87,89,102,120" hai1="65,130,52,53,94,123,124,47,133,69,9,74,48" hai2="134,36,25,35,70,18,114,5,17,44,128,12,108" hai3="83,13,39,31,84,1,112,41,21,106,107,77,97"/><V54/><F70/><W22/><G1/><T55/><D120/><U7/><E74/><V63/><F114/><W121/><G121/><T135/><D135/><U27/><E123/><V56/><F134/><W117/><G117/><T15/><D0/><U126/><E133/><V24/><F128/><W103/><G112/><T58/><D2/><U109/><E130/><V80/><F108/><W78/><G41/><T73/><D73/><U125/><E109/><V131/><F131/><W40/><G40/><T34/><D34/><U129/><E129/><V100/><F100/><W122/><G39/><T113/><D102/><U62/><E94/><V79/><F44/><W23/><G122/><T82/><D82/><U42/><E27/><V81/><F36/><W105/><G31/><T104/><D104/><U11/><E11/><N who="2" m="4207" /><F35/><W127/><G127/><T118/><D118/><U4/><E9/><V119/><F119/><W76/><G13/><T101/><D101/><U67/><E67/><V71/><F71/><W28/><G28/><T14/><D14/><U61/><E53/><V3/><F3/><W33/><G33/><T49/><D113/><U68/><E69/><V30/><F30/><W59/><G59/><AGARI ba="0,0" hai="4,7,42,47,48,52,59,61,62,65,68,124,125,126" machi="59" ten="40,5200,0" yaku="18,1,52,1,54,1" doraHai="60" who="1" fromWho="3" sc="277,0,360,52,178,0,185,-52" /><INIT seed="3,0,0,4,3,71" ten="277,412,178,133" oya="3" hai0="113,135,26,77,72,99,63,17,107,42,76,133,86" hai1="112,40,127,123,30,101,15,44,1,53,48,24,65" hai2="52,96,67,132,129,32,109,35,20,41,23,2,95" hai3="8,59,28,19,68,9,39,21,120,5,10,124,82"/><W25/><G68/><T115/><D42/><U75/><E1/><V16/><F2/><W83/><G120/><T62/><D72/><U88/><E75/><V98/><F109/><W6/><G124/><T43/><D43/><U105/><E123/><V90/><F41/><W131/><G131/><T37/><D37/><U4/><E105/><V22/><F129/><W102/><G39/><T70/><D99/><U110/><E112/><N who="0" m="43081" /><D107/><U51/><E65/><V36/><F36/><W33/><G102/><T7/><D7/><N who="3" m="2569" /><G59/><T126/><D126/><U79/><E101/><V80/><F35/><N who="3" m="20879" /><G83/><N who="0" m="47463" /><D77/><U85/><E79/><V0/><F80/><W89/><G82/><T14/><D26/><U119/><E24/><V78/><F78/><W11/><G89/><T117/><D117/><U128/><E88/><V27/><F32/><W125/><N who="3" m="2048" /><DORA hai="60" /><W46/><G46/><T134/><D70/><U94/><E51/><V103/><F103/><W93/><G93/><T111/><D111/><U3/><E53/><V73/><F73/><W87/><G87/><T114/><D114/><U69/><E44/><V31/><F52/><W57/><G125/><T49/><D49/><U74/><E127/><V50/><F50/><W81/><G81/><T13/><D62/><U116/><E48/><V97/><F67/><W92/><G92/><T34/><D63/><U121/><E69/><V38/><F38/><W56/><G33/><T84/><D34/><U104/><E94/><V122/><F122/><W118/><G118/><T61/><D61/><U91/><E121/><V47/><F47/><W54/><G54/><RYUUKYOKU ba="0,0" sc="277,-10,412,-10,178,-10,133,30" hai3="19,21,56,57" /><INIT seed="3,1,0,4,4,29" ten="267,402,168,163" oya="3" hai0="61,68,44,90,110,38,73,0,70,104,4,28,115" hai1="11,93,9,122,131,22,23,37,124,103,128,84,85" hai2="111,65,126,89,86,54,6,76,101,32,133,125,62" hai3="63,21,78,52,50,51,17,13,92,15,35,95,71"/><W19/><G78/><T3/><D90/><U12/><E37/><V16/><F111/><W81/><G81/><T33/><D110/><U69/><E69/><N who="2" m="42167" /><F133/><W117/><G117/><T113/><D104/><U34/><E34/><V72/><F32/><W42/><G42/><N who="0" m="22615" /><D73/><U46/><E124/><N who="2" m="47723" /><F6/><W8/><G35/><T94/><D94/><N who="3" m="35881" /><G71/><N who="0" m="27179" /><D61/><U119/><E9/><V114/><F101/><W109/><G109/><T18/><D18/><U77/><E85/><V121/><F72/><W75/><G75/><T67/><D67/><U47/><E122/><V99/><F76/><W98/><G98/><T57/><D57/><AGARI ba="1,0" hai="8,13,15,17,19,21,50,51,52,57,63" m="35881" machi="57" ten="30,2900,0" yaku="8,1,54,1" doraHai="29" who="3" fromWho="0" sc="267,-32,402,0,168,0,163,32" /><INIT seed="3,2,0,2,2,65" ten="235,402,168,195" oya="3" hai0="105,69,108,134,132,13,95,78,48,59,22,67,58" hai1="125,73,93,1,29,110,111,60,35,133,102,55,88" hai2="81,53,84,36,57,119,56,79,123,72,2,63,27" hai3="64,83,19,11,122,62,8,24,115,70,112,114,91"/><W28/><G122/><T103/><D105/><U46/><E1/><V74/><F119/><W99/><G19/><N who="0" m="10607" /><D78/><U45/><E73/><V127/><F123/><W121/><G121/><T66/><D108/><N who="1" m="41515" /><E102/><V96/><F127/><W44/><G44/><T34/><D34/><U30/><E133/><N who="0" m="51305" /><D69/><U100/><E100/><V52/><F2/><W37/><G37/><T15/><D15/><U106/><E106/><V118/><F118/><W6/><G6/><T71/><D71/><U38/><E35/><V23/><F96/><W32/><REACH who="3" step="1"/><G83/><REACH who="3" ten="235,402,168,185" step="2"/><T39/><D39/><U135/><E46/><V76/><F36/><W42/><G42/><T94/><D59/><N who="1" m="34943" /><E135/><V77/><F74/><W97/><G97/><N who="0" m="59831" /><D95/><AGARI ba="2,1" hai="8,11,24,28,32,62,64,70,91,95,99,112,114,115" machi="95" ten="40,3900,0" yaku="1,1,52,1,53,0" doraHai="65" doraHaiUra="40" who="3" fromWho="0" sc="235,-45,402,0,168,0,185,55" /><INIT seed="3,3,0,4,5,104" ten="190,402,168,240" oya="3" hai0="71,125,31,7,102,73,38,119,52,61,107,134,115" hai1="66,89,117,69,39,75,17,114,50,86,98,124,37" hai2="83,130,35,0,101,106,67,131,108,135,2,120,127" hai3="84,103,41,27,91,111,78,9,105,113,19,29,82"/><W95/><G113/><T49/><D119/><U85/><E75/><V46/><F35/><W74/><G41/><T44/><D115/><U53/><E114/><V32/><F32/><W132/><G132/><T26/><D134/><U18/><E98/><N who="2" m="61751" /><F135/><W43/><G43/><N who="0" m="22647" /><D73/><U60/><E124/><V90/><F127/><W25/><G111/><T110/><D7/><U109/><E117/><V22/><F108/><W129/><G129/><N who="2" m="49161" /><F120/><W14/><G29/><T10/><D10/><U87/><E89/><V13/><F46/><W59/><G59/><N who="0" m="33167" /><D110/><U40/><E109/><V68/><F13/><W11/><G11/><T123/><D123/><U3/><E3/><N who="2" m="1067" /><F22/><W93/><G93/><T126/><D102/><U45/><E39/><V79/><F90/><W51/><G51/><T47/><D47/><U56/><AGARI ba="3,0" hai="17,18,37,40,45,50,53,56,60,66,69,85,86,87" machi="56" ten="30,4000,0" yaku="0,1,24,2" doraHai="104" who="1" fromWho="1" sc="190,-13,402,49,168,-13,240,-23" owari="177,-22.3,451,55.1,155,-34.5,217,1.7" /></mjloggm>