<mjloggm ver="2.3"><GO type="225" lobby="0"/><UN n0="%E2%80%A0%E7%99%BD%E5%85%8E%E2%80%A0" n1="%61%69%73%79%6F" n2="%E7%99%BD%E9%9B%AA%E4%B9%83%E6%84%9B" n3="%E6%80%AA%E3%81%97%E3%81%99%E3%81%8E%E3%82%8B%E3%83%81%E3%83%BC" dan="18,17,16,16" rate="2135.04,2168.17,2052.33,2138.54" sx="M,M,F,M"/><TAIKYOKU oya="0"/><INIT seed="0,0,0,5,3,114" ten="250,250,250,250" oya="0" hai0="51,120,64,12,52,79,108,126,85,88,28,74,99" hai1="91,102,130,76,135,9,104,131,67,36,24,92,17" hai2="111,101,86,8,45,97,95,70,0,128,72,47,73" hai3="54,10,30,38,5,11,119,112,1,83,89,123,69"/><T22/><D120/><U105/><E36/><V121/><F121/><W37/><G112/><T48/><D126/><U63/><E76/><V16/><F70/><W25/><G119/><T100/><D108/><U57/><E135/><V4/><F111/><W50/><G69/><T15/><D64/><U18/><E102/><V110/><F110/><W27/><G11/><T68/><D68/><U124/><E124/><V132/><F128/><N who="1" m="49193" /><E24/><V20/><F132/><W107/><G27/><N who="0" m="16503" /><D79/><U109/><E109/><V58/><F58/><W23/><G107/><N who="1" m="41034" /><E9/><V96/><F96/><AGARI ba="0,0" hai="17,18,57,63,67,91,92,96" m="41034,49193" machi="96" ten="30,1000,0" yaku="19,1" doraHai="114" who="1" fromWho="2" sc="250,0,250,10,250,-10,250,0" /><INIT seed="1,0,0,0,0,34" ten="250,260,240,250" oya="1" hai0="7,85,19,112,47,124,38,65,102,95,129,13,17" hai1="132,69,54,8,80,87,5,84,28,36,125,57,108" hai2="32,60,39,99,121,74,123,12,3,122,68,91,118" hai3="31,25,61,26,89,23,100,0,43,35,44,16,97"/><U116/><E116/><V67/><F118/><W70/><G89/><T113/><D129/><U33/><E69/><V110/><F110/><W128/><G128/><T82/><D124/><U63/><E36/><V117/><F117/><W4/><G4/><T56/><D7/><U73/><E125/><V120/><F123/><W10/><G10/><T78/><D19/><U126/><E126/><V59/><F74/><W81/><G81/><T20/><D65/><U92/><E132/><V2/><F32/><W75/><G0/><T98/><REACH who="0" step="1"/><D56/><REACH who="0" ten="240,260,240,250" step="2"/><U109/><E109/><V22/><F59/><W104/><G70/><T52/><D52/><U90/><E108/><V15/><F39/><W50/><G61/><T48/><D48/><U24/><E73/><V127/><F127/><W51/><G75/><T62/><D62/><U42/><E42/><AGARI ba="0,1" hai="13,17,20,38,42,47,78,82,85,95,98,102,112,113" machi="42" ten="40,2600,0" yaku="1,1,53,1" doraHai="34" doraHaiUra="71" who="0" fromWho="1" sc="240,36,260,-26,240,0,250,0" /><INIT seed="2,0,0,3,1,104" ten="276,234,240,250" oya="2" hai0="102,22,92,113,133,118,85,72,21,48,77,126,106" hai1="11,68,42,120,107,10,19,52,13,14,99,131,45" hai2="98,87,9,8,86,34,36,112,134,119,82,128,115" hai3="124,41,7,65,12,64,58,103,3,15,84,38,130"/><V105/><F119/><W114/><G130/><T123/><D113/><U95/><E120/><V69/><F34/><W132/><G114/><T67/><D123/><U55/><E131/><V100/><F128/><W43/><G124/><T5/><D126/><U0/><E68/><V49/><F36/><W96/><G132/><T6/><D133/><U20/><E107/><V54/><F134/><W71/><G71/><T47/><D67/><U93/><E0/><V70/><F115/><W108/><G108/><T78/><D106/><U4/><E95/><V61/><F112/><W75/><G75/><T129/><D72/><U39/><REACH who="1" step="1"/><E11/><REACH who="1" ten="276,224,240,250" step="2"/><V63/><F70/><W44/><G3/><T80/><D92/><U60/><E60/><V66/><F63/><W25/><G103/><AGARI ba="0,1" hai="4,10,13,14,19,20,39,42,45,52,55,93,99,103" machi="103" ten="30,3900,0" yaku="1,1,7,1,54,1,53,0" doraHai="104" doraHaiUra="127" who="1" fromWho="3" sc="276,0,224,49,240,0,250,-39" /><INIT seed="3,0,0,5,3,56" ten="276,273,240,211" oya="3" hai0="93,80,52,66,115,128,59,10,92,103,54,34,87" hai1="72,109,19,122,105,129,64,94,107,14,6,120,18" hai2="84,123,75,76,131,13,118,104,65,106,25,29,130" hai3="82,83,16,22,41,44,2,77,79,133,11,7,49"/><W60/><G133/><T48/><D34/><U21/><E72/><V62/><F118/><W61/><G79/><T30/><D128/><N who="2" m="49194" /><F13/><W20/><G82/><T98/><D115/><U12/><E6/><V97/><F75/><W36/><G49/><T57/><D30/><U8/><E129/><V43/><F43/><W26/><REACH who="3" step="1"/><G20/><REACH who="3" ten="276,273,240,201" step="2"/><T42/><D80/><U37/><E21/><N who="2" m="15535" /><F123/><W31/><G31/><T116/><D48/><U121/><E121/><V33/><F33/><W110/><G110/><T81/><D81/><U55/><E122/><V134/><F134/><W114/><G114/><T15/><D116/><U40/><E120/><V125/><F125/><W74/><AGARI ba="0,1" hai="2,7,11,16,22,26,36,41,44,60,61,74,77,83" machi="74" ten="20,24000,3" yaku="1,1,0,1,7,1,25,2,52,2,54,1,53,1" doraHai="56" doraHaiUra="23" who="3" fromWho="3" sc="276,-80,273,-80,240,-80,201,250" owari="196,-0.4,193,-20.7,160,-34.0,451,55.1" /></mjloggm>