<mjloggm ver="2.3"><GO type="225" lobby="0"/><UN n0="%E6%A0%B9%E5%85%83%E3%81%8B%E3%82%89%E5%90%B9%E3%81%A3%E9%A3%9B%E3%81%B6" n1="%E6%A1%9C%E8%8A%B1%E9%96%83%E3%80%85" n2="%E3%81%AF%E3%82%88%E3%81%8A%E3%81%98%E3%81%95%E3%82%93" n3="%E7%A7%8B%E6%9C%88%E7%9C%9F%E7%90%86%E4%BA%9E" dan="16,18,16,16" rate="2167.67,2215.50,2157.67,2105.60" sx="F,M,M,F"/><TAIKYOKU oya="0"/><INIT seed="0,0,0,1,5,12" ten="250,250,250,250" oya="0" hai0="65,100,66,0,71,42,28,135,38,80,32,79,29" hai1="55,132,19,86,2,57,115,87,134,17,62,7,126" hai2="99,129,121,61,106,24,105,72,91,13,83,102,58" hai3="104,21,82,69,64,47,93,60,127,52,35,101,125"/><T95/><D135/><N who="1" m="51755" /><E126/><N who="3" m="48138" /><G35/><T53/><D0/><U67/><E115/><V98/><F121/><W56/><G104/><T20/><D32/><U26/><E26/><V112/><F112/><W59/><G82/><T11/><D11/><N who="1" m="2551" /><E67/><V8/><F24/><W122/><G122/><T128/><D128/><U43/><E43/><V110/><F110/><W4/><G4/><T48/><D66/><U81/><E87/><V119/><F119/><W22/><G47/><N who="0" m="24023" /><D20/><U30/><E30/><V84/><F72/><W97/><G69/><T73/><D100/><U109/><E109/><V116/><F116/><W23/><G23/><T1/><D1/><U39/><E39/><V10/><F129/><W36/><G36/><T15/><D15/><U117/><E117/><V6/><F8/><W120/><G120/><T96/><D96/><U5/><E5/><V25/><F25/><W130/><G130/><T34/><D34/><U16/><E17/><V74/><F74/><W41/><G41/><T133/><D133/><U90/><AGARI ba="0,0" hai="16,19,55,57,62,81,86,90" m="2551,51755" machi="90" ten="30,7900,0" yaku="20,1,52,2,54,1" doraHai="12" who="1" fromWho="1" sc="250,-39,250,79,250,-20,250,-20" /><INIT seed="1,0,0,0,2,92" ten="211,329,230,230" oya="1" hai0="42,78,40,122,29,10,124,83,135,44,114,84,45" hai1="27,43,76,105,74,86,22,71,48,95,46,109,93" hai2="59,0,98,33,73,47,80,54,77,108,121,30,39" hai3="70,1,102,62,3,87,21,35,110,75,32,127,113"/><U50/><E105/><V65/><F121/><W5/><G75/><T104/><D114/><U66/><E74/><V128/><F0/><W56/><G113/><T11/><D124/><U49/><E109/><V100/><F108/><W2/><G5/><T36/><D135/><U131/><E131/><V107/><F128/><W125/><G70/><T132/><D132/><U134/><E134/><V123/><F123/><W38/><G38/><T8/><D104/><U16/><E71/><V14/><F65/><W89/><G102/><T12/><D29/><U60/><E60/><V15/><F30/><W119/><G119/><T126/><D126/><N who="3" m="48137" /><G21/><T34/><D34/><U55/><E66/><V28/><F28/><W51/><G51/><N who="1" m="19530" /><E43/><V88/><F33/><W17/><G17/><T18/><REACH who="0" step="1"/><D122/><REACH who="0" ten="201,329,230,230" step="2"/><U53/><E53/><V82/><F54/><N who="3" m="34071" /><G110/><T101/><D101/><U106/><E106/><V118/><F100/><W90/><G90/><T57/><D57/><U26/><E26/><V112/><F59/><W68/><G68/><T117/><D117/><U4/><E4/><V69/><F69/><W52/><G52/><T79/><D79/><U9/><E9/><V103/><F118/><W130/><G130/><T97/><D97/><U81/><AGARI ba="0,1" hai="16,22,27,46,50,55,76,81,86,93,95" m="19530" machi="81" ten="30,3000,0" yaku="8,1,54,1" doraHai="92" who="1" fromWho="1" sc="201,-10,329,40,230,-10,230,-10" /><INIT seed="1,1,0,5,0,31" ten="191,369,220,220" oya="1" hai0="54,28,84,132,27,60,124,63,19,102,21,86,47" hai1="133,88,107,52,29,6,64,23,75,34,134,9,66" hai2="14,41,104,135,3,91,106,33,26,117,97,123,35" hai3="114,17,95,76,72,112,42,36,116,90,128,70,130"/><U115/><E115/><N who="3" m="44074" /><G70/><T7/><D124/><U100/><E75/><V67/><F117/><W16/><G42/><T2/><D132/><N who="1" m="50795" /><E23/><V58/><F123/><W22/><G36/><T93/><D2/><N who="1" m="215" /><E100/><V85/><F3/><W89/><G116/><T39/><D7/><U74/><E107/><V78/><F104/><W105/><G105/><T59/><D60/><U126/><E74/><V98/><F106/><W110/><G110/><T81/><D81/><U30/><E126/><V87/><F41/><W5/><G5/><T48/><D39/><U109/><E109/><V32/><F135/><W118/><G118/><T38/><D38/><U51/><E88/><N who="3" m="33898" /><G95/><T69/><D69/><U125/><E125/><V121/><F91/><W113/><G22/><T15/><D102/><U57/><E29/><V82/><F121/><W119/><G119/><T127/><D93/><U77/><E77/><V53/><F78/><W0/><G0/><T83/><D83/><U24/><AGARI ba="1,0" hai="24,30,34,51,52,57,64,66" m="215,50795" machi="24" ten="30,6000,0" yaku="20,1,52,1,54,1" doraHai="31" who="1" fromWho="1" sc="191,-21,369,63,220,-21,220,-21" /><INIT seed="1,2,0,2,2,66" ten="170,432,199,199" oya="1" hai0="25,31,47,29,82,119,43,114,75,70,50,105,92" hai1="112,116,27,33,44,8,21,98,96,35,86,125,41" hai2="91,126,16,32,90,6,102,56,37,40,14,68,127" hai3="58,67,117,123,131,84,11,12,60,89,38,55,103"/><U39/><E112/><V4/><F32/><W128/><G38/><T120/><D114/><U72/><E116/><V17/><F68/><W62/><G103/><T100/><D119/><U88/><E72/><V52/><F102/><W15/><G123/><T51/><D120/><U53/><E125/><N who="2" m="47627" /><F40/><W57/><G117/><T5/><D105/><U93/><E53/><V73/><F73/><W104/><G104/><T99/><D70/><U22/><E8/><N who="2" m="6215" /><F17/><W83/><REACH who="3" step="1"/><G15/><REACH who="3" ten="170,432,199,189" step="2"/><T45/><D100/><U10/><E10/><V101/><F37/><W0/><G0/><T3/><D3/><U20/><REACH who="1" step="1"/><E35/><REACH who="1" ten="170,422,199,189" step="2"/><V24/><F101/><W49/><G49/><T18/><D51/><U124/><E124/><V94/><F4/><AGARI ba="2,2" hai="4,11,12,55,57,58,60,62,67,83,84,89,128,131" machi="4" ten="40,1300,0" yaku="1,1,53,0" doraHai="66" doraHaiUra="64" who="3" fromWho="2" sc="170,0,422,0,199,-19,189,39" /><INIT seed="2,0,0,5,5,33" ten="170,422,180,228" oya="2" hai0="130,7,76,11,101,37,110,1,6,35,9,80,115" hai1="22,84,2,71,34,91,114,134,118,106,92,135,98" hai2="117,36,119,65,111,78,13,20,108,30,47,21,5" hai3="62,51,15,63,48,79,74,81,55,93,8,85,31"/><V89/><F78/><W4/><G31/><T104/><D110/><N who="2" m="42026" /><F65/><W75/><G51/><T94/><D115/><U27/><E71/><V123/><F123/><W44/><REACH who="3" step="1"/><G93/><REACH who="3" ten="170,422,180,218" step="2"/><T3/><D94/><U46/><E92/><V97/><F30/><W12/><G12/><T54/><D37/><U112/><E27/><V64/><F36/><W66/><G66/><T0/><D0/><U103/><E2/><V129/><F64/><W102/><G102/><T126/><D101/><U43/><E103/><V116/><F13/><W42/><G42/><T72/><D104/><U40/><E40/><V14/><F14/><W28/><G28/><T26/><D126/><U100/><E43/><V99/><F117/><W57/><G57/><T131/><D54/><U50/><E118/><V82/><F119/><W59/><G59/><T109/><D109/><U124/><E124/><V83/><F116/><W68/><G68/><T45/><D45/><U61/><E46/><V120/><F47/><W77/><G77/><T32/><D26/><U18/><E50/><V87/><F120/><W60/><AGARI ba="0,1" hai="4,8,15,44,48,55,60,62,63,74,75,79,81,85" machi="60" ten="30,2000,0" yaku="1,1,0,1,53,0" doraHai="33" doraHaiUra="113" who="3" fromWho="3" sc="170,-5,422,-5,180,-10,218,30" /><INIT seed="3,0,0,4,3,74" ten="165,417,170,248" oya="3" hai0="66,114,37,112,44,135,43,90,75,108,80,32,129" hai1="109,50,23,128,59,70,39,15,20,22,16,81,28" hai2="107,10,116,7,4,117,41,65,76,31,77,11,127" hai3="5,21,103,8,17,89,122,83,49,126,97,0,2"/><W85/><G126/><T6/><D108/><U12/><E70/><V72/><F72/><W40/><G122/><T134/><D129/><U93/><E39/><V119/><F107/><W115/><G115/><N who="0" m="44075" /><D32/><U42/><E109/><V30/><F65/><W79/><G2/><T14/><D66/><U62/><E128/><V48/><F48/><W123/><G123/><T46/><D46/><N who="1" m="25943" /><E81/><V56/><F56/><W47/><G89/><T73/><D90/><U132/><E132/><N who="0" m="50729" /><D80/><U27/><E93/><V106/><F106/><W57/><G57/><T91/><D91/><U111/><E111/><V84/><F84/><W100/><G97/><T102/><D102/><U113/><E113/><V63/><F41/><W53/><G40/><T96/><D96/><U54/><E22/><V78/><F127/><W52/><REACH who="3" step="1"/><G53/><REACH who="3" ten="165,417,170,238" step="2"/><T29/><D29/><U105/><E105/><V86/><F31/><W61/><G61/><T38/><D38/><U3/><E3/><V33/><F63/><W60/><G60/><T13/><D13/><AGARI ba="0,1" hai="12,13,15,16,20,23,27,28,54,59,62" m="25943" machi="13" ten="30,2000,0" yaku="8,1,54,1" doraHai="74" who="1" fromWho="0" sc="165,-20,417,30,170,0,238,0" /><AGARI ba="0,0" hai="0,5,8,13,17,21,47,49,52,79,83,85,100,103" machi="13" ten="30,11600,0" yaku="1,1,7,1,52,1,54,1,53,0" doraHai="74" doraHaiUra="124" who="3" fromWho="0" sc="145,-116,447,0,170,0,238,116" /><INIT seed="3,1,0,5,5,22" ten="29,447,170,354" oya="3" hai0="12,120,81,58,110,26,41,8,91,28,115,105,76" hai1="30,64,10,2,68,128,98,47,17,5,106,65,72" hai2="114,78,25,38,36,9,73,71,86,93,43,74,37" hai3="50,101,123,80,133,56,83,103,75,63,135,40,6"/><W18/><G123/><T134/><D110/><U33/><E72/><V100/><F114/><W92/><G6/><T14/><D134/><N who="3" m="51209" /><G18/><T88/><D120/><U39/><E17/><V11/><F71/><W117/><G117/><T66/><D115/><U125/><E125/><V90/><F43/><W102/><G92/><T27/><D105/><U79/><E79/><V108/><F108/><W124/><G124/><T67/><D41/><N who="1" m="22975" /><E65/><V23/><F100/><N who="3" m="25603" /><W44/><DORA hai="104" /><G75/><T126/><D126/><U62/><E98/><V77/><F74/><W57/><G57/><T127/><D127/><U19/><E19/><V24/><F23/><W107/><G107/><T118/><D118/><U116/><E106/><V7/><F9/><W59/><G59/><T13/><D8/><U130/><E116/><V119/><F119/><W69/><G69/><T121/><D121/><U46/><E46/><V129/><F129/><W45/><G45/><T85/><D28/><U15/><E15/><V3/><F78/><W95/><G95/><T61/><REACH who="0" step="1"/><D67/><AGARI ba="1,0" hai="40,44,50,56,63,67,80,83" m="25603,51209" machi="67" ten="40,2000,0" yaku="20,1" doraHai="22,104" who="3" fromWho="0" sc="29,-23,447,0,170,0,354,23" /><INIT seed="3,2,0,0,2,109" ten="6,447,170,377" oya="3" hai0="101,52,123,88,121,53,120,128,79,111,14,106,17" hai1="96,107,25,4,100,13,102,54,11,84,73,9,39" hai2="47,127,74,99,125,19,31,92,22,90,60,114,6" hai3="33,85,116,91,0,89,20,28,134,48,115,81,71"/><W30/><G116/><T18/><D111/><U93/><E73/><V78/><F31/><W21/><G71/><T135/><D79/><U58/><E39/><V69/><F6/><W103/><G0/><T41/><D41/><U87/><E25/><V50/><F69/><W44/><G134/><T7/><D135/><U57/><E57/><V76/><F60/><W36/><G36/><T62/><D128/><U2/><E102/><V37/><F37/><W77/><G33/><T65/><D106/><U38/><E107/><V59/><F59/><W64/><G64/><T133/><D133/><U130/><E130/><V15/><F74/><W108/><G103/><T112/><D101/><U3/><E38/><V56/><F56/><W70/><G70/><T110/><D110/><U24/><E24/><V55/><F114/><W105/><G105/><T98/><D7/><U80/><E80/><V122/><F122/><W40/><G108/><T32/><D32/><U49/><E2/><V118/><F118/><W42/><G42/><T72/><D72/><U126/><E126/><AGARI ba="2,0" hai="15,19,22,47,50,55,76,78,90,92,99,125,126,127" machi="126" ten="40,1300,0" yaku="18,1" doraHai="109" who="2" fromWho="1" sc="6,0,447,-19,170,19,377,0" owari="6,-49.4,428,52.8,189,-21.1,377,17.7" /></mjloggm>