<mjloggm ver="2.3"><GO type="225" lobby="0"/><UN n0="%E8%BE%9B%E5%8F%A3%E3%82%AB%E3%83%AC%E3%83%BC%E3%83%A9%E3%82%A4%E3%82%B9" n1="%E6%80%AA%E3%81%97%E3%81%99%E3%81%8E%E3%82%8B%E3%83%81%E3%83%BC" n2="%E5%88%9D%E5%8F%B7%E6%A9%9F%E3%81%A8%E4%BA%8C%E5%8F%B7%E6%A9%9F" n3="%E3%81%82%E3%81%99%E3%81%AB%E3%82%83%E3%82%80" dan="16,16,17,16" rate="2127.73,2145.68,2178.17,2088.91" sx="M,M,M,F"/><TAIKYOKU oya="0"/><INIT seed="0,0,0,2,5,2" ten="250,250,250,250" oya="0" hai0="98,31,15,85,58,61,119,105,60,65,133,44,14" hai1="79,8,22,48,123,67,71,72,16,122,23,101,12" hai2="39,83,62,56,117,108,40,3,109,27,46,112,19" hai3="100,25,92,18,34,5,66,0,21,104,82,59,68"/><T89/><D119/><U47/><E101/><V11/><F117/><W81/><G104/><T110/><D133/><U10/><E122/><V103/><F112/><W35/><G68/><T106/><D31/><U125/><E123/><V55/><F103/><W77/><G82/><T120/><D120/><U63/><E125/><V107/><F107/><W78/><G78/><T69/><D110/><U96/><E96/><V45/><F27/><W127/><G127/><T126/><D126/><U88/><E88/><V28/><F28/><W6/><G0/><T129/><D129/><U91/><E91/><V76/><F46/><W53/><G66/><T93/><D44/><U73/><E22/><V97/><F97/><N who="3" m="59431" /><G34/><T114/><D114/><U13/><E23/><V9/><F19/><W94/><G94/><T24/><D24/><U135/><E79/><V7/><REACH who="2" step="1"/><F9/><REACH who="2" ten="250,250,240,250" step="2"/><W74/><G35/><T32/><D32/><U116/><E116/><V70/><F70/><W57/><G74/><AGARI ba="0,1" hai="3,7,11,39,40,45,55,56,62,74,76,83,108,109" machi="74" ten="40,8000,1" yaku="1,1,25,2,52,1,53,1" doraHai="2" doraHaiUra="4" who="2" fromWho="3" sc="250,0,250,0,240,90,250,-80" /><INIT seed="1,0,0,3,1,74" ten="250,250,330,170" oya="1" hai0="19,60,15,121,53,50,57,109,32,65,11,62,81" hai1="67,130,97,70,55,131,107,49,22,76,122,44,90" hai2="124,12,99,10,40,14,42,1,123,102,75,96,4" hai3="63,61,105,86,73,5,37,23,29,56,98,64,66"/><U126/><E122/><V31/><F123/><W52/><G73/><T20/><D109/><U24/><E126/><V125/><F75/><W79/><G37/><T93/><D121/><U6/><E76/><V117/><F117/><W112/><G112/><T21/><D32/><U25/><E6/><V68/><F68/><W127/><G127/><N who="2" m="48713" /><F31/><W84/><G5/><T115/><D115/><U8/><E8/><V87/><F87/><W34/><G34/><T33/><D33/><U101/><E90/><V104/><F99/><W41/><G41/><AGARI ba="0,0" hai="1,4,10,12,14,40,41,42,96,102,104" m="48713" machi="41" ten="30,1000,0" yaku="18,1" doraHai="74" who="2" fromWho="3" sc="250,0,250,0,330,10,170,-10" /><INIT seed="2,0,0,1,0,0" ten="250,250,340,160" oya="2" hai0="128,75,79,112,40,18,80,16,88,127,51,70,87" hai1="132,115,23,98,59,54,4,93,35,71,9,110,130" hai2="42,3,7,99,64,119,50,107,76,13,120,68,36" hai3="57,10,5,22,94,38,52,17,82,97,124,106,20"/><V15/><F119/><W89/><G38/><T83/><D112/><U32/><E71/><V43/><F68/><W33/><G33/><T2/><D70/><U100/><E115/><V25/><F36/><W26/><G124/><T6/><D127/><U11/><E110/><V67/><F3/><W19/><G82/><T66/><D66/><U27/><E132/><V85/><F107/><W125/><G125/><T12/><D2/><U34/><E4/><V14/><F99/><W28/><G20/><T60/><D60/><U39/><E39/><V24/><F7/><W65/><G65/><N who="2" m="25161" /><F50/><W48/><REACH who="3" step="1"/><G106/><REACH who="3" ten="250,250,340,150" step="2"/><T134/><D134/><U118/><E32/><V114/><F114/><W101/><G101/><T41/><D128/><U53/><E130/><V61/><F120/><W55/><G55/><T131/><D131/><U45/><E54/><V37/><F37/><W73/><G73/><T30/><D41/><U46/><E34/><V31/><F42/><W86/><G86/><N who="0" m="50247" /><D75/><U84/><E35/><V81/><F85/><W62/><G62/><T105/><D105/><U90/><E118/><V95/><F81/><W21/><G21/><T63/><D63/><N who="1" m="36335" /><E84/><V29/><F61/><W129/><G129/><T103/><D103/><U108/><E100/><V69/><F43/><W47/><G47/><N who="1" m="17930" /><E108/><V133/><F133/><W96/><G96/><T92/><D40/><U77/><E77/><V121/><F76/><W91/><G91/><T104/><D79/><U111/><E111/><V74/><F74/><W78/><G78/><T135/><D87/><U109/><E109/><V49/><F121/><RYUUKYOKU ba="0,1" sc="250,-15,250,15,340,-15,150,15" hai1="9,11,23,27,90,93,98" hai3="5,10,17,19,22,26,28,48,52,57,89,94,97" /><INIT seed="3,1,1,0,3,110" ten="235,265,325,165" oya="3" hai0="9,100,22,74,11,88,81,55,119,72,85,25,103" hai1="59,121,27,109,134,24,61,133,64,16,102,104,0" hai2="5,70,86,40,82,120,14,42,79,124,56,128,19" hai3="76,73,91,8,4,60,21,101,71,96,35,26,7"/><W92/><G35/><T99/><D119/><U116/><E109/><V65/><F70/><W52/><G71/><T2/><D2/><U57/><E121/><V51/><F124/><W50/><G60/><T53/><D74/><U98/><E0/><V39/><F39/><W6/><G73/><T37/><D37/><U83/><E83/><V18/><F128/><W46/><G76/><T66/><D66/><U33/><E116/><V89/><F18/><W43/><G43/><T94/><D103/><U32/><E16/><V48/><F5/><W111/><G111/><T62/><D72/><U13/><E13/><V69/><F69/><W117/><G117/><T1/><D1/><U63/><E33/><V58/><F65/><W54/><G54/><N who="0" m="20491" /><D62/><U75/><E32/><V122/><F79/><W118/><G118/><T107/><D107/><U112/><E75/><V123/><F42/><W17/><REACH who="3" step="1"/><G101/><REACH who="3" ten="235,265,325,155" step="2"/><T10/><D10/><AGARI ba="1,2" hai="4,6,7,8,10,17,21,26,46,50,52,91,92,96" machi="10" ten="40,12000,1" yaku="1,1,2,1,8,1,54,1,53,1" doraHai="110" doraHaiUra="95" who="3" fromWho="0" sc="235,-123,265,0,325,0,155,143" /><INIT seed="3,2,0,0,2,12" ten="112,265,325,298" oya="3" hai0="13,128,111,100,38,59,54,48,23,86,98,17,95" hai1="130,125,0,7,56,65,10,21,75,88,1,47,32" hai2="123,44,33,40,134,16,70,72,92,84,79,64,60" hai3="9,52,122,18,93,63,26,57,20,61,82,5,87"/><W104/><G104/><T83/><D111/><U30/><E130/><V41/><F72/><W73/><G122/><T121/><D128/><U127/><E75/><V46/><F33/><W114/><G114/><T49/><D121/><U96/><E32/><V107/><F107/><W35/><G35/><T119/><D119/><U77/><E77/><V2/><F2/><W58/><G73/><T85/><D38/><U116/><E1/><V43/><F134/><W78/><G93/><T50/><REACH who="0" step="1"/><D85/><REACH who="0" ten="102,265,325,298" step="2"/><U113/><E116/><V27/><F123/><W36/><G36/><T76/><AGARI ba="2,1" hai="13,17,23,48,49,50,54,59,76,83,86,95,98,100" machi="76" ten="20,12000,2" yaku="1,1,2,1,0,1,7,1,8,1,52,1,53,1" doraHai="12" doraHaiUra="51" who="0" fromWho="0" sc="102,136,265,-32,325,-32,298,-62" /><INIT seed="4,0,0,1,5,81" ten="238,233,293,236" oya="0" hai0="45,83,115,66,95,26,64,82,123,91,61,41,60" hai1="90,105,74,38,21,129,15,128,11,76,22,17,14" hai2="68,30,120,75,130,2,42,6,119,89,94,57,35" hai3="78,71,93,62,46,36,33,32,88,85,54,116,114"/><T24/><D123/><U100/><E38/><V86/><F120/><W110/><G110/><T3/><D3/><U80/><E90/><V7/><F68/><W29/><G116/><T25/><D115/><U113/><E113/><V72/><F35/><W97/><G114/><T56/><D45/><U118/><E118/><V101/><F30/><W133/><G133/><T134/><D134/><U9/><E100/><V77/><F72/><W127/><G127/><T48/><D48/><U111/><E105/><V109/><F109/><W121/><G121/><T43/><D43/><U44/><E44/><V98/><F2/><W69/><G36/><T92/><D41/><U65/><E65/><V87/><F42/><W107/><G107/><T13/><D13/><U108/><E111/><V0/><F0/><W20/><G33/><T51/><D51/><U1/><E1/><V70/><F70/><W18/><G32/><T16/><D16/><N who="1" m="8271" /><E108/><V47/><F75/><W40/><G29/><T31/><D31/><U102/><E102/><V12/><F47/><W106/><G106/><T50/><D50/><U135/><E135/><V59/><F119/><W79/><G69/><T67/><D95/><U52/><E52/><V19/><F130/><AGARI ba="0,0" hai="11,15,17,21,22,74,76,80,128,129,130" m="8271" machi="130" ten="30,2000,0" yaku="19,1,54,1" doraHai="81" who="1" fromWho="2" sc="238,0,233,20,293,-20,236,0" /><INIT seed="5,0,0,5,0,112" ten="238,253,273,236" oya="1" hai0="53,116,75,46,67,120,83,39,65,15,69,78,110" hai1="18,131,97,122,72,127,7,56,113,101,102,50,10" hai2="103,4,91,106,54,12,59,79,86,133,104,52,88" hai3="22,93,47,63,100,17,135,2,105,51,70,66,111"/><U92/><E113/><V57/><F133/><W30/><G135/><T109/><D116/><U29/><E122/><V94/><F106/><W130/><G130/><T128/><D128/><U5/><E72/><V21/><F104/><W11/><G111/><T9/><D120/><U44/><E127/><V68/><F103/><W26/><G105/><T24/><D24/><U99/><E29/><V20/><F68/><W115/><G115/><T73/><D73/><U41/><E56/><N who="2" m="21579" /><F79/><W77/><G77/><T125/><D125/><U58/><E58/><V27/><F91/><W64/><G64/><T96/><D96/><U61/><E61/><V48/><F27/><W45/><G2/><T19/><D69/><U98/><E131/><V60/><F60/><W90/><G100/><N who="1" m="38506" /><E92/><V85/><F85/><W123/><G123/><T62/><D39/><U119/><E119/><V87/><F87/><W13/><REACH who="3" step="1"/><G51/><REACH who="3" ten="238,253,273,226" step="2"/><T14/><D109/><U118/><E118/><V55/><F48/><W129/><G129/><T34/><D110/><U82/><E82/><V76/><F76/><W126/><G126/><T42/><D78/><U37/><E37/><V16/><F4/><W43/><G43/><T38/><D42/><U89/><E89/><V81/><F81/><W8/><G8/><AGARI ba="0,1" hai="8,12,16,20,21,52,54,55,86,88,94" m="21579" machi="8" ten="30,7700,0" yaku="8,1,54,3" doraHai="112" who="2" fromWho="3" sc="238,0,253,0,273,87,226,-77" owari="238,-16.2,253,5.3,360,46.0,149,-35.1" /></mjloggm>