<mjloggm ver="2.3"><GO type="225" lobby="0"/><UN n0="%E8%BE%9B%E5%8F%A3%E3%82%AB%E3%83%AC%E3%83%BC%E3%83%A9%E3%82%A4%E3%82%B9" n1="%33%74%72%65%65" n2="%E3%81%B5%E3%81%98%E3%81%8B%E3%81%A4" n3="%E9%A6%AC%E4%BA%86%E9%9A%94%E5%A3%81" dan="17,16,17,17" rate="2263.96,2178.90,2203.03,2181.75" sx="M,F,M,M"/><TAIKYOKU oya="0"/><INIT seed="0,0,0,0,4,60" ten="250,250,250,250" oya="0" hai0="42,68,87,100,28,15,104,46,106,51,27,110,10" hai1="48,41,62,119,76,122,134,9,107,80,75,73,33" hai2="8,49,108,93,12,31,116,98,82,99,50,29,0" hai3="118,39,63,16,19,17,35,117,38,69,13,129,7"/><T133/><D133/><U78/><E119/><V23/><F116/><W24/><G129/><T120/><D120/><U77/><E122/><V47/><F108/><W44/><G118/><T74/><D74/><U55/><E134/><V22/><F0/><W40/><G117/><T72/><D72/><U30/><E107/><V3/><F82/><W89/><G38/><T54/><D110/><U53/><E41/><V123/><F3/><W56/><G69/><T105/><D68/><U45/><E73/><V70/><F70/><W79/><G79/><T88/><D42/><U97/><E97/><V4/><F99/><W34/><G89/><T25/><D100/><U20/><E33/><V127/><F127/><W132/><G132/><T125/><D28/><N who="2" m="10826" /><F123/><W66/><REACH who="3" step="1"/><G24/><REACH who="3" ten="250,250,250,240" step="2"/><T124/><D124/><U121/><E121/><V112/><F112/><W111/><G111/><T109/><D125/><U94/><E75/><V84/><F84/><W61/><G61/><T14/><D109/><U96/><E62/><V64/><F50/><W5/><G5/><T1/><D27/><U95/><E48/><V57/><F49/><W11/><AGARI ba="0,1" hai="7,11,13,16,17,19,34,35,39,40,44,56,63,66" machi="11" ten="30,8000,1" yaku="1,1,0,1,52,1,54,1,53,1" doraHai="60" doraHaiUra="52" who="3" fromWho="3" sc="250,-40,250,-20,250,-20,240,90" /><INIT seed="1,0,0,2,1,113" ten="210,230,230,330" oya="1" hai0="106,107,15,100,31,74,89,101,22,129,29,135,37" hai1="105,10,44,122,119,49,13,128,9,6,38,16,87" hai2="42,56,63,33,115,36,24,59,75,130,125,97,30" hai3="120,108,109,27,126,41,1,53,17,121,12,58,61"/><U3/><E122/><V28/><F125/><W70/><G1/><T45/><D74/><U73/><E73/><V60/><F115/><W95/><G126/><T20/><D129/><U111/><E128/><V26/><F130/><W8/><G41/><T90/><D15/><U46/><E111/><N who="3" m="42570" /><G70/><T0/><D0/><U116/><E105/><V5/><F5/><N who="3" m="3087" /><G95/><T54/><D54/><U127/><E127/><V76/><F42/><W21/><AGARI ba="0,0" hai="17,21,27,53,58,61,120,121" m="3087,42570" machi="21" ten="30,1100,0" yaku="14,1" doraHai="113" who="3" fromWho="3" sc="210,-3,230,-5,230,-3,330,11" /><INIT seed="2,0,0,4,0,132" ten="207,225,227,341" oya="2" hai0="80,2,124,69,91,27,134,103,39,90,73,9,28" hai1="108,133,34,111,10,116,12,29,117,26,106,17,1" hai2="35,41,81,95,47,83,38,92,6,20,64,23,115" hai3="125,96,4,60,62,93,94,119,44,11,51,102,50"/><V15/><F115/><W3/><G125/><T63/><D134/><U57/><E106/><V86/><F35/><W126/><G126/><T54/><D124/><U82/><E133/><V68/><F83/><W37/><G119/><N who="1" m="45642" /><E57/><V128/><F128/><W45/><G37/><T75/><D103/><U127/><E82/><V13/><F68/><W114/><G114/><T66/><D39/><U98/><E98/><V105/><F64/><W31/><G31/><T7/><D54/><U5/><E127/><V53/><F53/><W77/><G77/><T89/><REACH who="0" step="1"/><D80/><REACH who="0" ten="197,225,227,341" step="2"/><U78/><E78/><N who="2" m="46391" /><F38/><W0/><G102/><T43/><D43/><U56/><E56/><V109/><F41/><W71/><G71/><T46/><D46/><U76/><E76/><V131/><F47/><W110/><G44/><T16/><D16/><U112/><E112/><V120/><F131/><W52/><G45/><T130/><D130/><U40/><E40/><V55/><F55/><W25/><G52/><T79/><D79/><U107/><E107/><V42/><F105/><W85/><G51/><T67/><D67/><U84/><E84/><V87/><F87/><W88/><G50/><T14/><D14/><U58/><E58/><V135/><F42/><W8/><G85/><T19/><D19/><U59/><E59/><V101/><F101/><W74/><G62/><T72/><D72/><U99/><E99/><V122/><F15/><W48/><G48/><T121/><D121/><U123/><E123/><V129/><F122/><W70/><G60/><T36/><D36/><U61/><E61/><V97/><F120/><RYUUKYOKU ba="0,1" sc="197,15,225,15,227,-15,341,-15" hai0="2,7,9,27,28,63,66,69,73,75,89,90,91" hai1="1,5,10,12,17,26,29,34,108,111" /><INIT seed="3,1,1,5,3,55" ten="212,240,212,326" oya="3" hai0="119,0,114,32,89,1,82,43,21,24,67,51,63" hai1="116,13,115,40,98,86,100,135,17,117,65,23,132" hai2="14,95,38,15,76,124,113,28,74,31,58,77,33" hai3="56,104,123,37,103,50,12,110,39,5,35,127,99"/><W68/><G123/><T128/><D32/><U120/><E120/><V27/><F113/><W52/><G68/><T96/><D119/><N who="1" m="45643" /><E115/><V87/><F124/><W70/><G70/><T79/><D114/><U9/><E65/><V131/><F38/><W102/><G35/><T41/><D89/><U20/><E86/><V61/><F131/><W48/><G127/><T16/><D96/><U11/><E40/><V18/><F74/><W26/><G110/><T75/><D128/><U118/><E118/><V97/><F14/><W3/><G3/><T47/><D43/><U42/><E42/><V83/><F76/><W121/><G121/><T60/><D60/><U53/><E53/><N who="2" m="33999" /><F33/><W10/><G103/><T88/><D88/><U90/><E90/><N who="2" m="55543" /><F27/><W34/><G48/><T112/><D112/><U109/><E109/><V29/><F29/><W6/><G6/><T133/><D133/><N who="1" m="51275" /><E9/><AGARI ba="1,1" hai="9,15,18,28,31,77,83,87" m="55543,33999" machi="9" ten="30,2000,0" yaku="8,1,52,1" doraHai="55" who="2" fromWho="1" sc="212,0,240,-23,212,33,326,0" owari="212,-28.8,217,-18.3,245,4.5,326,42.6" /></mjloggm>