<mjloggm ver="2.3"><GO type="225" lobby="0"/><UN n0="%E3%81%8F%E3%81%BE%E3%81%96%E3%82%8F" n1="%E3%82%82%E3%81%90%E3%82%89" n2="%E9%80%9F%E6%B0%B4%E5%87%9B%E9%A6%99" n3="%E7%AD%89%E3%80%85%E5%8A%9B%E5%8A%87%E5%A0%B4" dan="16,17,16,16" rate="2028.36,2173.31,2163.18,2056.49" sx="M,F,F,M"/><TAIKYOKU oya="0"/><INIT seed="0,0,0,4,1,114" ten="250,250,250,250" oya="0" hai0="126,98,131,12,52,47,15,35,116,103,75,53,110" hai1="56,59,55,118,70,132,102,49,108,50,26,23,7" hai2="30,89,41,37,105,6,120,3,2,25,117,79,21" hai3="88,11,24,83,39,74,73,119,42,111,94,16,72"/><T133/><D75/><U78/><E70/><V62/><F120/><W9/><G111/><T65/><D35/><U69/><E69/><V134/><F105/><W44/><G119/><T48/><D126/><U135/><E108/><V34/><F79/><W28/><G83/><T43/><D110/><U113/><E78/><V77/><F77/><W13/><G9/><T107/><D116/><U63/><E113/><V58/><F117/><W81/><G81/><T18/><D131/><U0/><E118/><V93/><F134/><N who="1" m="51241" /><E102/><V85/><F34/><W129/><G129/><T112/><D112/><U1/><E7/><V123/><F123/><W57/><G57/><T17/><D65/><N who="1" m="39143" /><E50/><V121/><F6/><W125/><G125/><T36/><D48/><U76/><E76/><V64/><F121/><W100/><G100/><T46/><D133/><U87/><E87/><V20/><F2/><W66/><G66/><T71/><D71/><U86/><E86/><V109/><F3/><W19/><G19/><AGARI ba="0,0" hai="0,1,19,23,26,49,55,59" m="39143,51241" machi="19" ten="30,1000,0" yaku="20,1" doraHai="114" who="1" fromWho="3" sc="250,0,250,10,250,0,250,-10" /><INIT seed="1,0,0,1,3,10" ten="250,260,250,240" oya="1" hai0="56,24,16,125,129,9,34,106,60,71,133,102,14" hai1="12,105,93,3,62,8,95,66,68,39,65,116,7" hai2="135,112,87,110,83,130,61,63,58,78,73,123,25" hai3="97,40,36,80,54,49,79,99,13,48,4,23,132"/><U96/><E39/><V109/><F123/><W89/><G132/><T50/><D133/><U29/><E116/><V32/><F135/><W128/><G128/><T122/><D129/><U115/><E115/><V118/><F118/><W18/><G36/><T91/><D122/><U131/><E131/><V52/><F130/><W84/><G4/><T2/><D2/><U15/><E66/><V0/><F0/><W19/><G79/><T28/><D91/><U88/><E105/><V90/><F112/><W94/><G80/><T108/><D50/><U41/><E41/><V104/><F104/><W74/><G74/><T120/><D120/><U31/><REACH who="1" step="1"/><E95/><REACH who="1" ten="250,250,250,240" step="2"/><V37/><F37/><W124/><G124/><T107/><D125/><U53/><E53/><V98/><F110/><W119/><G119/><T27/><D107/><U43/><E43/><V57/><F109/><W114/><G114/><T70/><D108/><U45/><E45/><V121/><F121/><W117/><G117/><T92/><D106/><U127/><E127/><V75/><F52/><W76/><G40/><T113/><D113/><U59/><E59/><V44/><F57/><W126/><G126/><T101/><D92/><U47/><E47/><V85/><F58/><W72/><G54/><N who="0" m="33815" /><D71/><U55/><E55/><V81/><F44/><W1/><G94/><T11/><D70/><U69/><E69/><V64/><F64/><W46/><G46/><T26/><D11/><U30/><AGARI ba="0,1" hai="3,7,8,12,15,29,30,31,62,65,68,88,93,96" machi="30" ten="30,12000,1" yaku="1,1,0,1,52,2,54,1,53,0" doraHai="10" doraHaiUra="21" who="1" fromWho="1" sc="250,-40,250,130,250,-40,240,-40" /><INIT seed="1,1,0,4,5,20" ten="210,380,210,200" oya="1" hai0="109,51,93,3,103,97,105,70,130,48,123,24,50" hai1="22,16,132,63,110,1,129,39,92,88,111,124,54" hai2="45,67,44,7,61,31,84,13,40,64,134,42,65" hai3="126,17,86,12,6,28,118,18,21,114,15,55,0"/><U128/><E39/><N who="2" m="21535" /><F13/><W52/><G114/><T56/><D70/><U30/><E1/><V34/><F31/><W101/><G126/><T113/><D113/><U99/><E124/><V127/><F84/><W76/><G118/><T9/><D109/><N who="1" m="41483" /><E30/><V120/><F7/><W11/><G28/><T8/><D130/><U19/><E132/><V75/><F75/><W38/><G38/><T62/><D123/><U58/><E19/><V46/><F34/><W32/><G32/><T117/><D117/><U131/><E131/><V37/><F127/><W83/><REACH who="3" step="1"/><G101/><REACH who="3" ten="210,380,210,190" step="2"/><T102/><D103/><U78/><E78/><V108/><F108/><W49/><G49/><T72/><D51/><U106/><E106/><V100/><F100/><W47/><G47/><T60/><D50/><U135/><E135/><V53/><F120/><W125/><G125/><T73/><D105/><U98/><E98/><V27/><F134/><W4/><G4/><T82/><D97/><U36/><E36/><V71/><F46/><W77/><G77/><T85/><D102/><U122/><E122/><V35/><F35/><W119/><G119/><T69/><D48/><U25/><AGARI ba="1,1" hai="16,22,25,54,58,63,88,92,99,128,129" m="41483" machi="25" ten="30,18000,2" yaku="25,1,14,1,10,1,52,1,54,2" doraHai="20" who="1" fromWho="1" sc="210,-61,380,193,210,-61,190,-61" /><INIT seed="1,2,0,1,1,110" ten="149,573,149,129" oya="1" hai0="33,13,75,9,1,88,71,90,82,107,131,83,43" hai1="16,15,67,7,123,65,61,36,5,132,102,66,120" hai2="46,96,81,23,25,35,29,19,106,79,129,95,103" hai3="130,86,124,78,30,115,92,121,133,22,18,12,51"/><U47/><E132/><V55/><F129/><W97/><G121/><T63/><D1/><U74/><E74/><V14/><F106/><W69/><G69/><T8/><D33/><U100/><E61/><V28/><F28/><W101/><G124/><T91/><D107/><U109/><E109/><V119/><F119/><W111/><G111/><T38/><D131/><U94/><E123/><V80/><F80/><W4/><G130/><T52/><D75/><U84/><E120/><V21/><F46/><W0/><G133/><T126/><D126/><U77/><E47/><V122/><F122/><W125/><G125/><T44/><D8/><U34/><E34/><V50/><F50/><W117/><G117/><T20/><D20/><U60/><E60/><V49/><F49/><W85/><G78/><T26/><D26/><U27/><E36/><V99/><F99/><W116/><G116/><T59/><REACH who="0" step="1"/><D71/><REACH who="0" ten="139,573,149,129" step="2"/><U45/><E27/><V24/><F24/><W31/><G0/><T2/><D2/><U40/><E15/><V17/><F35/><W73/><G73/><T70/><D70/><U112/><E5/><AGARI ba="2,1" hai="5,9,13,38,43,44,52,59,63,82,83,88,90,91" machi="5" ten="40,8000,1" yaku="1,1,54,2,53,1" doraHai="110" doraHaiUra="11" who="0" fromWho="1" sc="139,96,573,-86,149,0,129,0" /><INIT seed="2,0,0,2,1,63" ten="235,487,149,129" oya="2" hai0="83,1,0,41,96,78,130,9,97,50,30,79,105" hai1="106,134,80,90,45,112,108,109,110,76,11,26,46" hai2="29,92,22,81,111,27,119,77,126,89,113,14,132" hai3="18,25,82,86,24,91,98,7,31,16,42,60,72"/><V99/><F119/><W73/><G7/><T55/><D130/><U35/><E134/><V13/><F113/><W84/><G42/><T128/><D128/><U21/><E112/><V17/><F132/><W62/><G98/><T58/><D30/><U37/><E106/><V64/><F126/><W93/><G72/><T6/><D79/><U116/><E116/><V117/><F117/><W69/><G73/><T124/><D124/><U104/><E104/><V20/><F111/><W120/><G120/><T95/><D105/><U51/><E35/><V66/><F13/><W33/><G25/><T3/><D41/><U5/><E90/><V48/><F48/><W43/><G43/><T94/><D94/><U19/><E51/><V67/><F67/><W34/><G34/><T121/><D97/><U122/><E37/><V57/><F57/><W32/><G32/><T87/><D121/><U2/><E122/><V68/><F68/><W114/><G114/><T39/><D39/><U75/><AGARI ba="0,0" hai="2,5,11,19,21,26,45,46,75,76,80,108,109,110" machi="75" ten="30,2000,0" yaku="0,1,14,1" doraHai="63" who="1" fromWho="1" sc="235,-5,487,20,149,-10,129,-5" /><INIT seed="3,0,0,3,1,96" ten="230,507,139,124" oya="3" hai0="107,5,25,49,79,32,72,40,39,3,33,129,97" hai1="27,109,126,24,52,100,53,103,130,51,87,125,110" hai2="85,73,28,63,6,29,112,115,104,98,59,15,93" hai3="13,42,55,31,122,92,132,101,10,75,57,95,81"/><W106/><G122/><T71/><D71/><U89/><E130/><V64/><F73/><W58/><G132/><T76/><D49/><U19/><E19/><V121/><F104/><W44/><G106/><T66/><D66/><U69/><E69/><V70/><F70/><W45/><G31/><N who="2" m="11849" /><F121/><W83/><G75/><T90/><D25/><U23/><E87/><V118/><F118/><W84/><G81/><T65/><D65/><U17/><E89/><N who="2" m="55599" /><F115/><W41/><G45/><N who="0" m="23711" /><D79/><U38/><E38/><V20/><F112/><W16/><G57/><T91/><D129/><U0/><E0/><V80/><F20/><W18/><G18/><T61/><D61/><U133/><E53/><V102/><F102/><N who="1" m="38953" /><E27/><V50/><F85/><W114/><G114/><T4/><D90/><U124/><E133/><V46/><F80/><W74/><G74/><T12/><D12/><U36/><E36/><V82/><F82/><W108/><G108/><T120/><D120/><U86/><E86/><V94/><F15/><W1/><G1/><T37/><D37/><U113/><E113/><V47/><F94/><N who="3" m="35883" /><G101/><N who="0" m="62895" /><D91/><U9/><E9/><V105/><F105/><W127/><G127/><T56/><D56/><AGARI ba="0,0" hai="17,23,24,51,52,56,109,110,124,125,126" m="38953" machi="56" ten="40,8000,1" yaku="18,1,52,3,54,1" doraHai="96" who="1" fromWho="0" sc="230,-80,507,80,139,0,124,0" owari="150,-5.0,587,68.7,139,-26.1,124,-37.6" /></mjloggm>