<mjloggm ver="2.3"><GO type="225" lobby="0"/><UN n0="%E3%81%B1%E3%83%BC%E3%81%9B%E3%82%93%E3%81%A8%E4%BE%8D" n1="%E6%B8%A9%E2%98%85%E6%83%85%E2%98%85%E6%8E%AA%E2%98%85%E7%BD%AE" n2="%E3%81%A9%E3%82%8F%E3%82%93%E3%81%94" n3="%E3%81%B5%E3%81%98%E3%81%8B%E3%81%A4" dan="16,17,16,16" rate="2113.13,2226.50,2102.12,2166.31" sx="M,M,M,M"/><TAIKYOKU oya="0"/><INIT seed="0,0,0,2,2,72" ten="250,250,250,250" oya="0" hai0="89,90,115,33,2,28,119,132,46,116,77,111,117" hai1="112,18,68,80,62,135,126,106,48,69,52,22,10" hai2="74,5,99,51,85,76,84,4,98,26,81,102,113" hai3="42,75,104,71,100,91,87,78,129,58,31,61,130"/><T82/><D2/><U88/><E106/><V125/><F113/><W97/><G71/><T83/><D33/><U43/><E112/><V41/><F125/><W21/><G42/><T32/><D115/><U67/><E126/><V45/><F74/><W53/><G31/><T121/><D32/><U123/><E69/><V131/><F131/><W101/><G21/><T59/><D28/><U107/><E107/><V133/><F133/><W8/><G8/><T103/><D59/><U37/><E123/><V127/><F127/><W50/><G101/><T56/><D56/><N who="1" m="32775" /><E10/><V19/><F85/><W17/><G17/><T6/><D46/><N who="1" m="23919" /><E135/><V57/><F57/><W105/><G50/><T54/><D54/><U11/><E11/><V38/><F38/><W35/><G35/><T94/><D6/><N who="2" m="2666" /><F102/><W110/><G110/><T30/><D30/><U23/><E18/><V7/><N who="2" m="2674" /><V44/><DORA hai="92" /><F44/><W96/><G105/><T15/><D132/><U34/><E34/><V40/><F40/><W13/><G13/><T108/><D15/><U16/><E16/><V60/><F60/><W70/><G70/><T20/><D20/><AGARI ba="0,0" hai="19,20,26,41,45,51,76,81,84,98,99" m="2674" machi="20" ten="30,7700,0" yaku="8,1,52,3" doraHai="72,92" who="2" fromWho="0" sc="250,-77,250,0,250,77,250,0" /><INIT seed="1,0,0,1,3,95" ten="173,250,327,250" oya="1" hai0="112,20,5,22,26,132,38,129,105,25,111,77,58" hai1="133,35,8,80,30,44,32,121,71,48,61,41,63" hai2="19,86,47,69,55,123,60,72,108,11,14,31,84" hai3="65,43,131,42,0,52,57,10,104,21,109,118,7"/><U6/><E121/><V73/><F123/><W74/><G109/><T53/><D105/><U56/><E133/><V120/><F108/><W49/><G74/><T99/><D111/><U68/><E80/><V3/><F120/><W37/><G104/><T110/><D110/><U67/><E30/><V87/><F3/><W126/><G131/><T128/><D38/><U62/><E62/><V34/><F47/><W2/><G126/><T76/><D112/><U78/><E78/><V102/><F102/><W89/><G0/><T39/><D39/><U4/><E4/><V90/><F90/><W134/><G134/><T93/><D5/><U119/><E119/><V9/><F9/><W116/><G65/><T15/><D15/><U94/><E94/><V115/><F115/><W130/><G130/><T135/><D93/><U27/><E27/><V79/><F79/><W125/><G125/><T33/><D58/><U29/><E29/><V124/><F124/><W81/><G21/><T117/><D53/><U113/><E113/><V36/><F36/><W16/><G16/><T75/><D75/><U100/><E100/><V98/><F31/><W85/><REACH who="3" step="1"/><G37/><REACH who="3" ten="173,250,327,240" step="2"/><T101/><D33/><U18/><E18/><N who="2" m="8543" /><F34/><W51/><G51/><T107/><D117/><AGARI ba="0,1" hai="2,7,10,42,43,49,52,57,81,85,89,116,117,118" machi="117" ten="40,5200,0" yaku="1,1,12,1,54,1,53,0" doraHai="95" doraHaiUra="28" who="3" fromWho="0" sc="173,-52,250,0,327,0,240,62" /><INIT seed="2,0,0,3,4,79" ten="121,250,327,302" oya="2" hai0="130,129,31,97,1,107,24,115,8,0,26,12,16" hai1="122,56,67,94,5,43,36,101,93,74,29,103,33" hai2="17,131,62,133,114,75,90,116,28,65,80,100,6" hai3="39,76,108,128,73,60,109,59,98,13,7,92,112"/><V48/><F116/><W81/><G112/><T132/><D107/><U125/><E122/><V32/><F114/><W102/><G39/><T96/><D96/><U121/><E121/><V27/><F100/><W38/><G38/><T46/><D46/><U110/><E74/><V134/><F6/><W53/><G7/><T42/><D42/><U10/><E29/><V118/><F118/><W37/><G37/><T47/><D47/><U127/><E33/><V69/><F131/><N who="0" m="50186" /><D97/><U106/><E106/><V18/><F48/><W51/><G128/><T111/><D115/><U77/><E77/><N who="2" m="44095" /><F90/><W89/><G13/><T25/><D111/><U40/><E110/><V126/><F126/><N who="1" m="48137" /><E103/><V45/><F45/><W35/><G35/><N who="0" m="20967" /><D132/><AGARI ba="0,0" hai="17,18,27,28,32,62,65,69,132,133,134" m="44095" machi="132" ten="30,2900,0" yaku="20,1,52,1" doraHai="79" who="2" fromWho="0" sc="121,-29,250,0,327,29,302,0" /><INIT seed="2,1,0,0,4,30" ten="92,250,356,302" oya="2" hai0="51,52,109,1,5,62,107,20,71,99,63,65,54" hai1="108,122,59,82,113,14,72,64,10,2,4,6,35" hai2="83,11,53,123,45,61,125,38,39,100,68,114,21" hai3="60,70,77,25,66,32,8,75,34,13,97,28,126"/><V131/><F123/><W135/><G135/><T16/><D109/><U106/><E122/><V89/><F114/><W73/><G126/><T47/><D1/><U115/><E108/><V69/><F100/><W29/><G97/><T112/><D112/><U84/><E106/><V24/><F11/><W111/><G111/><T74/><D74/><U31/><E72/><V36/><F89/><W124/><G124/><T103/><D5/><U22/><E6/><V12/><F12/><W102/><G102/><T9/><D9/><U78/><E59/><V44/><F83/><W129/><G129/><T88/><D63/><U76/><E64/><V121/><F121/><W33/><G77/><T104/><D54/><U23/><E23/><V87/><F87/><W132/><G132/><T3/><D3/><U93/><E93/><V133/><F21/><W92/><G92/><T0/><D0/><U7/><E78/><V48/><F24/><W26/><G34/><T18/><D107/><U95/><E95/><V110/><F133/><W130/><G130/><T79/><D79/><U37/><E7/><AGARI ba="1,0" hai="7,8,13,25,26,28,29,32,33,60,66,70,73,75" machi="7" ten="30,7700,0" yaku="7,1,9,1,52,2" doraHai="30" who="3" fromWho="1" sc="92,0,250,-80,356,0,302,80" /><INIT seed="3,0,0,1,4,27" ten="92,170,356,382" oya="3" hai0="118,61,98,105,125,6,72,74,30,25,115,104,12" hai1="91,92,88,45,73,76,49,17,8,120,9,132,42" hai2="19,78,129,54,133,62,21,135,59,122,36,35,128" hai3="51,66,48,79,53,18,119,55,77,41,37,75,130"/><W60/><G119/><T11/><D118/><U38/><E120/><V95/><F36/><W2/><G2/><T67/><D125/><U7/><E132/><N who="2" m="50763" /><F78/><N who="3" m="29707" /><G37/><T116/><D116/><U100/><E49/><N who="3" m="19018" /><G75/><T103/><D105/><U121/><E17/><V117/><F117/><W107/><G107/><T50/><D50/><U14/><E9/><V33/><F122/><W89/><G130/><N who="2" m="50281" /><F95/><W111/><G111/><T46/><D46/><U3/><E14/><V101/><F101/><W84/><G41/><T108/><D115/><U99/><E121/><V113/><F113/><W114/><G114/><T82/><D82/><AGARI ba="0,0" hai="3,7,8,38,42,45,73,76,82,88,91,92,99,100" machi="82" ten="40,5200,0" yaku="25,2,54,1" doraHai="27" who="1" fromWho="0" sc="92,-52,170,52,356,0,382,0" owari="40,-46.0,222,-17.8,356,15.6,382,48.2" /></mjloggm>