<mjloggm ver="2.3"><GO type="225" lobby="0"/><UN n0="%E8%A8%88%E7%AE%97%E6%A9%9F%E8%87%AA%E7%84%B6" n1="%6D%61%74%69%67%75%73%61" n2="%E6%98%93%E5%88%A9%E8%96%A9%E4%BC%AF" n3="%6D%75%75%73%61%6E%6D%75" dan="17,17,16,16" rate="2179.50,2166.97,2158.60,2071.35" sx="M,M,F,F"/><TAIKYOKU oya="0"/><INIT seed="0,0,0,3,0,56" ten="250,250,250,250" oya="0" hai0="35,79,63,43,93,132,20,17,95,48,54,98,117" hai1="5,30,49,41,65,55,110,77,82,37,53,32,123" hai2="61,9,125,90,69,78,102,51,6,18,107,60,71" hai3="108,67,3,11,12,40,113,122,15,64,72,129,124"/><T81/><D132/><U22/><E32/><V52/><F78/><W74/><G113/><T26/><D117/><U1/><E123/><V97/><F18/><W28/><G122/><T135/><D135/><U115/><E110/><V25/><F25/><W68/><G3/><T109/><D109/><U59/><E65/><V134/><F125/><W87/><G129/><T96/><D35/><U105/><E105/><V75/><F75/><W42/><G28/><T47/><D96/><U114/><E41/><V62/><F90/><W128/><G128/><T45/><D98/><U112/><E37/><V83/><F83/><W36/><G87/><T33/><D33/><U38/><E38/><V73/><F73/><W88/><G36/><T118/><D118/><U19/><E30/><V13/><REACH who="2" step="1"/><F134/><REACH who="2" ten="250,250,240,250" step="2"/><W24/><G88/><T4/><D4/><U66/><E82/><V131/><F131/><W50/><G24/><T127/><D127/><U103/><E77/><V85/><F85/><W27/><G27/><T130/><D130/><U8/><E115/><V7/><F7/><W106/><G124/><T121/><D121/><U99/><E114/><V91/><F91/><W70/><G108/><T94/><D81/><U86/><E86/><V16/><F16/><W23/><G74/><T31/><D79/><U92/><E112/><V120/><F120/><W58/><G72/><T126/><D126/><U76/><E76/><V46/><AGARI ba="0,1" hai="6,9,13,46,51,52,60,61,62,69,71,97,102,107" machi="46" ten="30,12000,2" yaku="1,1,0,1,52,3,54,1,53,0" doraHai="56" doraHaiUra="29" who="2" fromWho="2" sc="250,-60,250,-30,240,130,250,-30" /><INIT seed="1,0,0,3,2,40" ten="190,220,370,220" oya="1" hai0="14,66,101,12,104,103,9,76,85,116,22,75,62" hai1="129,41,36,83,13,11,23,90,27,132,37,60,50" hai2="4,108,54,17,89,93,58,80,28,33,15,125,91" hai3="0,42,45,24,114,98,48,55,106,121,67,73,25"/><U127/><E129/><V30/><F108/><W70/><G121/><T112/><D112/><U81/><E132/><V63/><F4/><W51/><G114/><T47/><D116/><U105/><E105/><V124/><F80/><W3/><G73/><T59/><D75/><U92/><E127/><N who="2" m="48715" /><F33/><W7/><G70/><T1/><D104/><U34/><E34/><V97/><F91/><W86/><G67/><T71/><D71/><U88/><E60/><V10/><AGARI ba="0,0" hai="10,15,17,28,30,54,58,63,89,93,97" m="48715" machi="10" ten="30,1100,0" yaku="18,1" doraHai="40" who="2" fromWho="2" sc="190,-3,220,-5,370,11,220,-3" /><INIT seed="2,0,0,0,3,125" ten="187,215,381,217" oya="2" hai0="111,13,43,47,8,126,32,104,45,68,59,83,2" hai1="112,103,134,74,15,93,99,122,130,128,110,14,98" hai2="92,69,22,35,26,57,88,97,48,70,77,135,120" hai3="81,106,76,41,58,50,53,60,20,21,109,29,116"/><V36/><F36/><W105/><G116/><T38/><D68/><U115/><E74/><V12/><F120/><W94/><G109/><T52/><D126/><U100/><E110/><V11/><F35/><W73/><G94/><T90/><D111/><U102/><E122/><V124/><F135/><W27/><G20/><T1/><D104/><U5/><E5/><V95/><F77/><W62/><G62/><T114/><D114/><N who="1" m="43563" /><E134/><V86/><F57/><W9/><G9/><T65/><D32/><U121/><E121/><V79/><F48/><W64/><REACH who="3" step="1"/><G41/><REACH who="3" ten="187,215,381,207" step="2"/><T37/><D65/><U28/><E28/><V117/><F95/><W44/><AGARI ba="0,1" hai="21,27,29,44,50,53,58,60,64,73,76,81,105,106" machi="44" ten="20,8000,1" yaku="1,1,2,1,0,1,7,1,53,1" doraHai="125" doraHaiUra="19" who="3" fromWho="3" sc="187,-20,215,-20,381,-40,207,90" /><INIT seed="3,0,0,1,1,115" ten="167,195,341,297" oya="3" hai0="123,52,44,89,118,6,83,28,26,90,126,106,51" hai1="41,17,97,81,82,73,111,78,38,130,55,16,122" hai2="102,110,0,33,47,125,112,72,53,116,127,69,104" hai3="94,98,93,24,59,119,87,11,84,129,107,60,14"/><W27/><G129/><T85/><D123/><U75/><E122/><V34/><RYUUKYOKU type="yao9" ba="0,0" sc="167,0,195,0,341,0,297,0" hai2="0,33,34,47,53,69,72,102,104,110,112,116,125,127" /><INIT seed="3,1,0,0,1,123" ten="167,195,341,297" oya="3" hai0="33,61,73,87,38,12,85,19,98,102,47,59,28" hai1="79,83,48,23,65,1,133,42,30,124,0,57,16" hai2="21,108,116,41,27,117,20,15,60,134,94,74,11" hai3="106,97,55,120,121,6,84,114,103,125,82,52,14"/><W130/><G114/><T91/><D73/><U105/><E105/><V127/><F74/><W135/><G130/><T31/><D38/><U26/><E124/><V67/><F108/><W51/><G125/><T9/><D47/><U36/><E36/><V66/><F134/><W77/><G135/><T63/><D33/><U54/><E42/><V112/><F41/><W93/><G106/><T35/><D35/><U129/><E133/><V96/><F67/><W13/><G55/><T25/><D61/><U118/><E129/><V29/><F21/><W56/><REACH who="3" step="1"/><G6/><REACH who="3" ten="167,195,341,287" step="2"/><T64/><D25/><U40/><E54/><V44/><F112/><W107/><G107/><T3/><D3/><U49/><E26/><V132/><F127/><W10/><G10/><T62/><D62/><U100/><E0/><V113/><F113/><W70/><G70/><T50/><D50/><U80/><E48/><V71/><F132/><W17/><G17/><T37/><D37/><U68/><E16/><V7/><F44/><W109/><G109/><T75/><D75/><U92/><E1/><V101/><AGARI ba="1,1" hai="7,11,15,20,27,29,60,66,71,94,96,101,116,117" machi="101" ten="20,1500,0" yaku="0,1,7,1" doraHai="123" who="2" fromWho="2" sc="167,-5,195,-5,341,28,287,-8" owari="162,-33.8,190,-21.0,369,46.9,279,7.9" /></mjloggm>