<mjloggm ver="2.3"><GO type="225" lobby="0"/><UN n0="%E9%80%86%E9%80%A3%E5%B8%AF%E3%81%AE%E9%AC%BC" n1="%E3%81%8B%E3%82%8F%E3%81%A1%E3%82%83%E3%82%93%35%38" n2="%E4%BF%BA%E3%81%A8%E5%A6%96%E5%A4%A2" n3="%6D%75%75%6D%75%72%61" dan="16,16,17,16" rate="2163.88,2093.09,2198.29,2131.35" sx="M,M,F,F"/><TAIKYOKU oya="0"/><INIT seed="0,0,0,3,5,113" ten="250,250,250,250" oya="0" hai0="135,34,133,33,10,108,58,86,46,85,127,88,130" hai1="114,42,4,75,76,119,20,50,68,9,49,41,105" hai2="60,106,45,5,111,59,96,38,63,51,56,103,53" hai3="35,91,132,14,55,57,62,128,19,95,129,40,134"/><T90/><D130/><N who="3" m="50281" /><G35/><T87/><D127/><U8/><E105/><V125/><F125/><W7/><G7/><T122/><D122/><U84/><E68/><V94/><F111/><W80/><G80/><T74/><D74/><U77/><E75/><V123/><F123/><W99/><G40/><T118/><D108/><U72/><E72/><V69/><F69/><W97/><G97/><T0/><D46/><U70/><E70/><V32/><F32/><W48/><G48/><T121/><D121/><U66/><E20/><AGARI ba="0,0" hai="14,19,20,55,57,62,91,95,99,132,134" m="50281" machi="20" ten="30,1000,0" yaku="19,1" doraHai="113" who="3" fromWho="1" sc="250,0,250,-10,250,0,250,10" /><INIT seed="1,0,0,5,5,29" ten="250,240,250,260" oya="1" hai0="101,111,115,125,76,97,8,20,82,5,22,2,50" hai1="102,38,75,23,131,107,21,104,91,68,92,95,52" hai2="123,121,15,59,0,56,100,135,71,122,129,134,120" hai3="24,48,10,51,128,72,18,69,16,46,9,99,86"/><U81/><E38/><V130/><N who="2" m="30720" /><DORA hai="117" /><V57/><F0/><W30/><G72/><T70/><D125/><U109/><E68/><V4/><F71/><W108/><G69/><T80/><D111/><U61/><E109/><V7/><F100/><W34/><G128/><N who="2" m="49257" /><F15/><W45/><G108/><T55/><D115/><U114/><E131/><V106/><F106/><W119/><G119/><T67/><D67/><U54/><E114/><V63/><F63/><W37/><G37/><T113/><D113/><U12/><E102/><V44/><F44/><W78/><G46/><T103/><D103/><U65/><E65/><V127/><F127/><W25/><G45/><T77/><D101/><U98/><E61/><V27/><F27/><W90/><G24/><T83/><D2/><U43/><E12/><V28/><F28/><W118/><G25/><T41/><D70/><U40/><E98/><V112/><F112/><W47/><G99/><T105/><D97/><U66/><E66/><V14/><F14/><W126/><G30/><T89/><D105/><U35/><E75/><V42/><F42/><W93/><G126/><T110/><D41/><U32/><E91/><V133/><AGARI ba="0,0" hai="4,7,56,57,59,133,134,135" m="49257,30720" machi="133" ten="70,16000,3" yaku="29,2,28,2,20,1,19,1,52,4" doraHai="29,117" who="2" fromWho="2" sc="250,-40,240,-80,250,160,260,-40" /><INIT seed="2,0,0,4,5,86" ten="210,160,410,220" oya="2" hai0="82,76,120,25,62,89,28,93,13,45,37,21,52" hai1="132,117,46,0,22,15,116,133,103,111,115,135,131" hai2="129,123,107,27,106,125,60,18,16,101,100,51,109" hai3="23,11,20,8,98,113,104,92,14,121,75,70,35"/><V40/><F123/><W63/><G121/><T114/><D114/><U47/><E103/><V108/><F125/><W9/><G35/><T84/><D120/><U43/><E15/><V88/><F129/><W3/><G104/><T83/><D37/><N who="1" m="21871" /><E22/><N who="2" m="13767" /><F106/><W65/><G3/><T134/><D134/><N who="1" m="34307" /><U49/><DORA hai="33" /><E0/><V4/><F107/><W128/><G75/><T31/><D31/><U102/><E102/><V53/><F4/><W110/><G128/><T59/><D45/><U95/><E95/><V10/><F40/><W58/><G113/><T78/><D13/><U50/><E115/><V77/><F77/><AGARI ba="0,0" hai="21,25,28,52,59,62,76,77,78,82,83,84,89,93" machi="77" ten="40,5200,0" yaku="8,1,52,1,54,1" doraHai="86,33" who="0" fromWho="2" sc="210,52,160,0,410,-52,220,0" /><INIT seed="3,0,0,0,1,29" ten="262,160,358,220" oya="3" hai0="25,48,124,66,31,109,67,107,101,62,100,61,126" hai1="5,37,80,72,46,14,95,15,93,58,22,34,59" hai2="94,98,35,65,84,125,90,106,42,32,87,88,20" hai3="71,6,30,3,82,135,24,83,47,2,76,81,56"/><W23/><G71/><T85/><D109/><U129/><E129/><V102/><F125/><W36/><G135/><T38/><D38/><U63/><E37/><V41/><F65/><W51/><G36/><T40/><D85/><U73/><E46/><V105/><F20/><W128/><G128/><T114/><D114/><U13/><E22/><V127/><F127/><W50/><G6/><T69/><D48/><U74/><E5/><V79/><F79/><W45/><G56/><T0/><D0/><U52/><E80/><V134/><F134/><W49/><G76/><T17/><D17/><U119/><E119/><V27/><F27/><W7/><G7/><T103/><D40/><U133/><E133/><V44/><F44/><W122/><G122/><T116/><D116/><U18/><E18/><V68/><F68/><W113/><G113/><T111/><D111/><U9/><E9/><V1/><F1/><W10/><G2/><T115/><D115/><U26/><REACH who="1" step="1"/><E59/><REACH who="1" ten="262,150,358,220" step="2"/><V21/><F21/><N who="3" m="15631" /><G3/><T55/><D126/><U108/><E108/><V118/><F118/><W70/><G10/><T4/><D124/><U19/><E19/><V112/><F112/><W33/><G70/><T78/><D4/><U43/><E43/><V11/><F11/><W130/><G130/><T86/><D69/><U8/><E8/><V92/><F42/><W99/><G45/><T110/><D110/><U97/><E97/><V57/><F41/><N who="3" m="24815" /><G23/><T77/><D31/><AGARI ba="0,1" hai="13,14,15,26,31,34,52,58,63,72,73,74,93,95" machi="31" ten="50,8000,1" yaku="1,1,52,1,54,1,53,1" doraHai="29" doraHaiUra="54" who="1" fromWho="0" sc="262,-80,150,90,358,0,220,0" owari="182,-31.8,240,4.0,358,45.8,220,-18.0" /></mjloggm>