<mjloggm ver="2.3"><GO type="225" lobby="0"/><UN n0="%E7%A7%8B%E6%9C%88%E7%9C%9F%E7%90%86%E4%BA%9E" n1="%E3%82%A2%E3%83%A1%E3%82%A2%E3%83%A9%E3%83%AC" n2="%E6%98%93%E5%88%A9%E8%96%A9%E4%BC%AF" n3="%72%65%6E%6B%75%6E" dan="16,16,16,17" rate="2152.00,2108.28,2074.94,2260.26" sx="M,M,F,M"/><TAIKYOKU oya="0"/><INIT seed="0,0,0,1,5,20" ten="250,250,250,250" oya="0" hai0="63,98,97,106,107,78,1,112,122,59,73,75,57" hai1="56,126,58,52,9,42,130,35,68,48,74,101,12" hai2="124,40,86,70,123,88,108,115,125,109,51,25,121" hai3="128,8,54,62,103,36,37,120,26,96,45,39,82"/><T116/><D1/><U80/><E130/><V72/><F40/><W105/><G128/><T43/><D112/><U27/><E126/><N who="2" m="48747" /><F51/><W94/><G120/><N who="2" m="46153" /><F70/><W111/><G111/><N who="2" m="42569" /><F115/><W79/><G39/><T102/><D43/><U50/><E68/><V60/><F60/><W71/><G62/><T10/><D63/><U32/><E42/><V89/><F72/><W55/><G71/><T14/><D75/><U110/><E110/><V127/><N who="2" m="48755" /><V3/><DORA hai="44" /><F3/><W53/><G37/><T92/><D73/><U99/><E74/><V13/><F13/><W31/><G36/><T93/><D122/><U16/><E50/><V2/><F2/><W113/><G113/><T5/><D116/><U66/><E48/><V24/><F86/><W4/><G45/><T135/><D135/><U19/><E58/><V65/><F65/><W100/><G53/><T118/><D118/><U131/><E52/><V76/><F76/><W90/><G54/><T15/><D78/><U23/><E56/><V61/><F61/><W87/><G55/><T64/><D64/><U47/><E66/><V46/><F46/><W29/><G79/><T21/><D57/><U34/><E47/><V22/><F22/><W77/><G77/><T7/><D59/><U30/><E131/><V67/><F67/><W49/><G49/><T33/><D21/><U104/><REACH who="1" step="1"/><E80/><REACH who="1" ten="250,240,250,250" step="2"/><V85/><F85/><W38/><G38/><T117/><D117/><U129/><E129/><V41/><F41/><W114/><G82/><T81/><D81/><U83/><E83/><V17/><F17/><AGARI ba="0,1" hai="9,12,16,17,19,23,27,30,32,34,35,99,101,104" machi="17" ten="40,12000,2" yaku="1,1,52,1,54,1,53,3" doraHai="20,44" doraHaiUra="0,28" who="1" fromWho="2" sc="250,0,240,130,250,-120,250,0" /><INIT seed="1,0,0,5,3,117" ten="250,370,130,250" oya="1" hai0="68,79,48,13,99,37,87,110,26,67,62,65,63" hai1="43,129,80,92,103,27,3,128,39,51,78,71,89" hai2="54,111,61,8,109,102,15,69,31,112,81,131,119" hai3="22,28,76,107,95,90,135,53,133,32,83,77,2"/><U101/><E71/><V24/><F119/><W108/><G107/><T56/><D37/><U11/><E39/><V60/><F131/><N who="1" m="50249" /><E27/><V10/><F112/><W105/><G105/><T66/><D110/><U120/><E120/><V18/><F102/><W21/><G2/><T33/><D99/><U16/><E51/><V123/><F10/><W50/><G108/><T86/><D13/><N who="1" m="7231" /><E43/><V23/><F81/><W82/><G82/><T85/><D79/><N who="3" m="30281" /><G83/><T73/><D73/><N who="1" m="43087" /><E3/><V6/><F6/><W44/><G32/><T125/><D48/><U72/><E72/><V34/><F34/><W40/><G40/><T74/><D74/><U122/><E122/><V75/><F75/><W4/><G4/><T113/><D113/><U55/><E55/><V57/><REACH who="2" step="1"/><F123/><REACH who="2" ten="250,370,120,250" step="2"/><W114/><G114/><T106/><D33/><U25/><E103/><V130/><F130/><W118/><G118/><T84/><D106/><U12/><E101/><V98/><F98/><N who="3" m="57719" /><G21/><T36/><D86/><U91/><E92/><V9/><F9/><W17/><G135/><T94/><D94/><U19/><E91/><V47/><F47/><W45/><G133/><T5/><D5/><U70/><E89/><V52/><F52/><W59/><G44/><T64/><D85/><U0/><E0/><V134/><F134/><W42/><G45/><T49/><D84/><U124/><E124/><V30/><F30/><W126/><G126/><T7/><D7/><U96/><E96/><V104/><F104/><W88/><G88/><T97/><D125/><U127/><E127/><V35/><F35/><W46/><G28/><RYUUKYOKU ba="0,1" sc="250,-10,370,-10,120,30,250,-10" hai2="8,15,18,23,24,31,54,57,60,61,69,109,111" /><INIT seed="2,1,1,1,5,33" ten="240,360,150,240" oya="2" hai0="40,129,109,38,41,91,76,25,95,27,7,21,75" hai1="30,84,42,111,81,65,99,46,63,119,8,132,53" hai2="17,36,118,32,79,3,48,115,55,117,31,107,92" hai3="51,18,43,56,98,134,104,93,28,120,59,64,77"/><V103/><F115/><W69/><G120/><T123/><D123/><U57/><E119/><V4/><F107/><W26/><G134/><T112/><D112/><U29/><E111/><V135/><F135/><W101/><G77/><T70/><D70/><U124/><E124/><V19/><F36/><W47/><G18/><T10/><D109/><U44/><E132/><V82/><F117/><W127/><G127/><T0/><D129/><U133/><E46/><V16/><F118/><W94/><G59/><T97/><D38/><U89/><E8/><V87/><F32/><N who="3" m="20503" /><G56/><T49/><D27/><U35/><E35/><V73/><F31/><W12/><G12/><T14/><D14/><U78/><E65/><V15/><F73/><W34/><G34/><T122/><D49/><N who="1" m="26775" /><E133/><V86/><F3/><W130/><G130/><T108/><D108/><U24/><E24/><V68/><F68/><W23/><G23/><T6/><D6/><U114/><E114/><V67/><F67/><W96/><G96/><T72/><D122/><U60/><E63/><AGARI ba="1,1" hai="43,47,51,63,64,69,93,94,98,101,104" m="20503" machi="63" ten="30,1000,0" yaku="25,1" doraHai="33" who="3" fromWho="1" sc="240,0,360,-13,150,0,240,23" /><INIT seed="3,0,0,3,5,101" ten="240,347,150,263" oya="3" hai0="23,126,119,109,31,37,38,78,62,28,122,124,54" hai1="39,77,108,61,71,2,52,63,75,14,40,25,117" hai2="110,94,1,128,133,103,79,42,45,98,7,3,105" hai3="113,91,58,43,68,86,47,81,69,9,99,18,41"/><W134/><G113/><T83/><D119/><U93/><E2/><V130/><F110/><W29/><G134/><T76/><D109/><U8/><E108/><V70/><F133/><W74/><G74/><T104/><D122/><U35/><E117/><V92/><F70/><W132/><G132/><T112/><D112/><U64/><E40/><V26/><F79/><W50/><G29/><T131/><D131/><U48/><E39/><V33/><F94/><W87/><G43/><T6/><D6/><U24/><E63/><V46/><F92/><W82/><G99/><T22/><D62/><U129/><E35/><V53/><F53/><W32/><G32/><T59/><D59/><U66/><E66/><V65/><F65/><W67/><G58/><T10/><D10/><U96/><E77/><V127/><F127/><W56/><G56/><T118/><D118/><U17/><E75/><V106/><F46/><W12/><REACH who="3" step="1"/><G67/><REACH who="3" ten="240,347,150,253" step="2"/><T89/><D31/><U100/><E129/><V123/><F123/><W4/><G4/><T95/><D28/><U97/><E96/><V80/><F7/><W5/><G5/><T120/><D120/><U121/><E121/><V19/><F33/><W107/><G107/><T13/><D104/><U21/><E64/><V57/><F105/><W16/><G16/><T90/><D124/><U0/><E17/><V125/><F57/><W72/><G72/><T15/><D126/><U11/><E97/><V84/><F125/><W34/><G34/><T85/><D54/><U44/><E61/><V30/><F130/><W60/><G60/><T55/><D55/><RYUUKYOKU ba="0,1" sc="240,-10,347,-10,150,-10,253,30" hai3="9,12,18,41,47,50,68,69,81,82,86,87,91" /><INIT seed="3,1,1,0,2,77" ten="230,337,140,283" oya="3" hai0="48,74,134,2,68,129,111,67,41,94,32,8,3" hai1="54,120,61,85,29,86,81,44,24,108,73,93,91" hai2="90,57,51,97,130,79,33,133,78,10,30,72,43" hai3="53,98,5,65,11,121,125,106,122,104,62,113,50"/><W21/><G113/><T9/><D32/><U83/><E108/><V126/><F130/><W118/><G118/><T132/><D111/><U112/><E112/><V47/><F126/><W58/><G125/><T45/><D74/><U89/><E120/><V18/><F133/><N who="0" m="51306" /><D129/><U82/><E73/><V114/><F114/><W56/><G21/><T80/><D94/><U1/><E1/><N who="0" m="9" /><D80/><U70/><E70/><V124/><F124/><W0/><REACH who="3" step="1"/><G98/><REACH who="3" ten="230,337,140,273" step="2"/><T39/><D39/><U75/><E75/><V107/><F33/><W66/><G66/><T99/><D99/><U34/><REACH who="1" step="1"/><E61/><AGARI ba="1,2" hai="8,9,41,45,48,61,67,68" m="9,51306" machi="61" ten="30,1000,0" yaku="20,1" doraHai="77" who="0" fromWho="1" sc="230,33,337,-13,140,0,273,0" owari="263,-13.7,324,42.4,140,-36.0,273,7.3" /></mjloggm>