<mjloggm ver="2.3"><GO type="225" lobby="0"/><UN n0="%33%74%72%65%65" n1="%E9%80%9F%E6%B0%B4%E5%87%9B%E9%A6%99" n2="%E3%81%A1%E3%82%85%E3%81%86%E3%81%A9%E3%81%8F%E8%B1%A1%E3%81%95%E3%82%93" n3="%E3%83%B4%E3%83%A0%EF%BC%99%E3%81%A6" dan="17,16,17,17" rate="2155.43,2113.00,2151.23,2248.02" sx="F,F,M,M"/><TAIKYOKU oya="0"/><INIT seed="0,0,0,1,5,62" ten="250,250,250,250" oya="0" hai0="82,42,76,128,80,31,104,23,10,115,55,39,68" hai1="122,91,16,18,25,125,54,14,19,120,87,40,45" hai2="21,65,1,90,129,48,94,116,110,84,98,109,113" hai3="111,103,108,49,9,89,73,127,133,41,37,27,105"/><T0/><D115/><U17/><E125/><V22/><F113/><W93/><G37/><T29/><D104/><U134/><E134/><V64/><F1/><W67/><G73/><N who="0" m="43023" /><D68/><U99/><E99/><V107/><F116/><W117/><G117/><T97/><D128/><U28/><E54/><V83/><F129/><W59/><G127/><T102/><D82/><U30/><N who="1" m="4096" /><DORA hai="34" /><U44/><E14/><V130/><F48/><W66/><G133/><T47/><D23/><N who="2" m="8714" /><F107/><W2/><G27/><T36/><D36/><U124/><E124/><V7/><F7/><N who="3" m="1271" /><G103/><T11/><D55/><U33/><E30/><V123/><F130/><W74/><G74/><T121/><D11/><U88/><E91/><N who="2" m="55647" /><F123/><W26/><G105/><N who="0" m="63695" /><D121/><U114/><E114/><V58/><F58/><W100/><G100/><T77/><D77/><U5/><E5/><AGARI ba="0,0" hai="0,5,10,29,31,39,42,47" m="63695,43023" machi="5" ten="30,2900,0" yaku="25,1,52,1" doraHai="62,34" who="0" fromWho="1" sc="250,29,250,-29,250,0,250,0" /><INIT seed="0,1,0,5,4,53" ten="279,221,250,250" oya="0" hai0="44,76,107,114,101,30,7,23,120,59,39,60,124" hai1="83,28,6,72,108,80,82,84,110,35,43,16,4" hai2="103,129,92,9,58,75,61,88,18,45,109,20,96" hai3="63,56,15,62,122,91,64,93,128,33,10,51,26"/><T65/><D114/><U78/><E28/><V24/><F109/><N who="1" m="42089" /><E35/><V40/><F129/><W8/><G128/><T73/><D120/><U125/><E43/><V66/><F75/><W123/><G51/><T133/><D133/><U102/><E102/><V135/><F135/><W79/><G79/><T121/><D121/><N who="3" m="46089" /><G63/><T14/><D124/><U54/><E125/><V34/><F34/><W49/><G49/><T130/><D130/><U87/><E54/><V113/><F113/><W117/><G117/><T13/><D39/><U52/><E52/><V134/><F134/><W126/><G126/><T19/><D44/><U69/><E69/><V70/><F9/><W68/><G68/><T89/><D60/><U85/><E16/><V27/><F103/><W90/><G90/><T81/><D89/><U0/><E0/><V37/><REACH who="2" step="1"/><F70/><REACH who="2" ten="279,221,240,250" step="2"/><W98/><G15/><AGARI ba="1,1" hai="15,18,20,24,27,37,40,45,58,61,66,88,92,96" machi="15" ten="30,12000,2" yaku="1,1,2,1,7,1,52,1,54,1,53,1" doraHai="53" doraHaiUra="71" who="2" fromWho="3" sc="279,0,221,0,240,133,250,-123" /><INIT seed="1,0,0,0,2,67" ten="279,221,373,127" oya="1" hai0="58,16,125,98,35,6,29,77,2,47,123,69,32" hai1="80,25,33,60,75,54,103,74,104,128,115,46,121" hai2="88,38,87,102,92,135,39,41,83,109,18,81,11" hai3="5,105,90,48,30,71,63,113,72,100,107,122,119"/><U65/><E121/><V111/><F135/><W8/><G122/><T62/><D123/><U114/><E128/><V1/><F41/><W37/><G113/><T12/><D125/><U93/><E93/><V28/><F28/><W97/><G119/><T45/><D69/><N who="1" m="42151" /><E54/><V127/><F127/><W99/><G37/><T118/><D118/><U108/><E46/><V43/><F43/><W117/><G117/><T19/><D77/><U96/><E108/><N who="2" m="41547" /><F102/><W129/><G129/><T112/><D112/><N who="1" m="43051" /><E80/><N who="2" m="30795" /><F1/><W24/><G72/><T20/><D98/><U40/><E40/><V133/><F133/><W7/><G48/><T50/><D50/><U27/><E27/><V85/><F85/><W101/><G90/><T13/><D47/><U79/><E79/><V131/><F131/><W130/><G130/><T56/><D45/><U126/><E126/><V68/><F68/><W34/><G8/><T59/><D62/><U134/><E134/><V21/><F11/><W82/><G82/><T132/><D132/><U61/><E61/><V78/><F78/><W110/><G110/><T49/><D49/><U55/><E55/><V124/><F124/><W52/><G52/><T17/><D20/><U23/><E23/><V84/><F84/><W44/><G44/><T53/><D53/><U31/><AGARI ba="0,0" hai="25,31,33,74,75,96,103,104" m="43051,42151" machi="31" ten="30,6000,0" yaku="25,1,23,1,52,1" doraHai="67" who="1" fromWho="1" sc="279,-20,221,60,373,-20,127,-20" /><INIT seed="1,1,0,4,3,100" ten="259,281,353,107" oya="1" hai0="114,131,45,70,13,111,42,113,82,40,57,126,71" hai1="12,27,108,51,94,52,10,78,76,30,103,24,125" hai2="17,112,93,55,68,56,91,25,34,58,77,8,31" hai3="4,44,23,79,86,7,107,19,72,101,69,106,85"/><U104/><E104/><V127/><F68/><N who="0" m="26154" /><D82/><U14/><E125/><V36/><F36/><W102/><G69/><T96/><D96/><N who="1" m="59799" /><E108/><V63/><F127/><W99/><G72/><T6/><D6/><N who="1" m="3159" /><E14/><V67/><F112/><W47/><G99/><T16/><D126/><U92/><E92/><V29/><F77/><N who="1" m="29801" /><E30/><V60/><F29/><W84/><G84/><T18/><D13/><U37/><E37/><V116/><F116/><W74/><G79/><T121/><D111/><U119/><E119/><V88/><F93/><W2/><G74/><T53/><D121/><U5/><E5/><V124/><F124/><W135/><G135/><T129/><D113/><U64/><E64/><V22/><F8/><W20/><REACH who="3" step="1"/><G19/><REACH who="3" ten="259,281,353,97" step="2"/><T80/><D16/><U41/><E41/><V97/><F97/><W115/><G115/><T75/><D18/><U32/><E32/><V110/><F110/><W35/><G35/><T81/><D75/><U49/><E49/><V21/><F34/><W105/><G105/><T90/><D114/><U15/><E15/><AGARI ba="1,1" hai="15,17,21,22,25,31,55,56,58,60,63,67,88,91" machi="15" ten="30,3900,0" yaku="7,1,8,1,54,1" doraHai="100" who="2" fromWho="1" sc="259,0,281,-42,353,52,97,0" /><INIT seed="2,0,0,3,2,111" ten="259,239,405,97" oya="2" hai0="125,53,117,13,115,34,58,51,103,22,112,79,36" hai1="18,89,124,55,65,134,129,30,26,102,42,122,39" hai2="73,11,88,128,0,4,20,43,114,81,90,86,96" hai3="48,120,94,2,28,126,38,109,7,91,82,93,104"/><V110/><F128/><W46/><G120/><T63/><D36/><U37/><E129/><V47/><F73/><W119/><G119/><T17/><D125/><U1/><E1/><V8/><F11/><W135/><G104/><T87/><D117/><U130/><E18/><V19/><F110/><W108/><G126/><T6/><D34/><U21/><E124/><V52/><F52/><W15/><G38/><T133/><D133/><U99/><E130/><V105/><F114/><W84/><G2/><T29/><D29/><U70/><E42/><V44/><F43/><W50/><G135/><T64/><D6/><U113/><E134/><V61/><F61/><W40/><G108/><T16/><D103/><U41/><E41/><V5/><F4/><W12/><G109/><T31/><D31/><U107/><E122/><V59/><F59/><W3/><G3/><T92/><D17/><U69/><E69/><V67/><F67/><W95/><G28/><T131/><D131/><U71/><E113/><V68/><F68/><W49/><REACH who="3" step="1"/><G7/><REACH who="3" ten="259,239,405,87" step="2"/><T27/><D115/><U78/><E30/><V85/><F105/><W62/><G62/><T56/><D112/><U9/><E39/><V23/><F5/><W72/><G72/><T25/><D79/><U33/><E37/><V123/><F0/><W132/><G132/><T101/><D101/><U24/><E102/><V98/><F123/><W54/><G54/><T80/><D53/><U60/><E55/><V121/><F121/><W14/><AGARI ba="0,1" hai="12,14,15,40,46,48,49,50,82,84,91,93,94,95" machi="14" ten="30,4000,0" yaku="1,1,0,1,8,1,53,0" doraHai="111" doraHaiUra="127" who="3" fromWho="3" sc="259,-10,239,-10,405,-20,87,50" /><INIT seed="3,0,0,5,4,75" ten="249,229,385,137" oya="3" hai0="126,132,45,38,31,26,68,133,25,60,48,49,118" hai1="13,120,121,14,114,134,112,71,111,96,47,108,0" hai2="16,100,4,102,32,83,58,63,74,107,98,50,110" hai3="57,35,82,109,12,7,127,73,33,65,51,125,124"/><W103/><G103/><T115/><D118/><U91/><E71/><V23/><F32/><W59/><G109/><N who="1" m="42058" /><E47/><V66/><F102/><W95/><G95/><T8/><D126/><N who="3" m="32257" /><W87/><DORA hai="81" /><G73/><T76/><D115/><N who="1" m="44075" /><E96/><V3/><F98/><W6/><G51/><T119/><D119/><U43/><E43/><V88/><F50/><W20/><G20/><T77/><D38/><U53/><E53/><V89/><F23/><W97/><G97/><T42/><D48/><U40/><E40/><V15/><F100/><W93/><G93/><T44/><D44/><U69/><E69/><V18/><F107/><W94/><G94/><T116/><D116/><U21/><E91/><V129/><F89/><N who="3" m="51447" /><G12/><N who="1" m="4714" /><E21/><V99/><F88/><W67/><G33/><T113/><D113/><U62/><E62/><V11/><F99/><W84/><G35/><T106/><D106/><U10/><E0/><V61/><F74/><W64/><G84/><T37/><D49/><U36/><E36/><V28/><F63/><W105/><G105/><T79/><D60/><U19/><E10/><V128/><F110/><W34/><G34/><N who="0" m="20847" /><D68/><U117/><E117/><V52/><F11/><W130/><G130/><T30/><D8/><U55/><E19/><V46/><F128/><W24/><G24/><T135/><D26/><U131/><E131/><V39/><F129/><W70/><G70/><T5/><D5/><AGARI ba="0,0" hai="5,6,7,57,59,64,65,67" m="51447,32257" machi="5" ten="50,4800,0" yaku="18,1,52,1" doraHai="75,81" who="3" fromWho="0" sc="249,-48,229,0,385,0,137,48" /><INIT seed="3,1,0,3,3,72" ten="201,229,385,185" oya="3" hai0="75,61,78,109,68,133,110,108,118,59,127,101,54" hai1="95,102,65,130,13,35,86,134,64,4,58,5,38" hai2="122,84,55,16,27,57,25,80,8,98,82,19,74" hai3="69,131,90,26,12,66,9,30,129,123,115,24,21"/><W135/><G115/><T103/><D118/><U46/><E35/><V107/><F74/><W128/><G123/><T112/><D112/><U105/><E105/><V40/><F40/><W125/><G125/><T88/><D127/><U50/><E134/><V44/><F44/><W17/><G135/><T89/><D133/><U0/><E0/><V34/><F122/><W91/><REACH who="3" step="1"/><G26/><REACH who="3" ten="201,229,385,175" step="2"/><T121/><D121/><U96/><E130/><V22/><F25/><W132/><G132/><T20/><D68/><U39/><E39/><V51/><F27/><W47/><G47/><T1/><D1/><U60/><E38/><V76/><F34/><W7/><G7/><T62/><D109/><U71/><E4/><V83/><F107/><W53/><G53/><T113/><D113/><U32/><E5/><V11/><F55/><W67/><G67/><T111/><D111/><U52/><E32/><V56/><F56/><W23/><G23/><T18/><D54/><U117/><E71/><V45/><F57/><W6/><G6/><T37/><D59/><U116/><E64/><V124/><F124/><W94/><G94/><T43/><D37/><U99/><E117/><V92/><F22/><W119/><G119/><T33/><D33/><U41/><E116/><V79/><F92/><W114/><G114/><T70/><D70/><U73/><E65/><V2/><F2/><W10/><G10/><T3/><D3/><U81/><E52/><V42/><F8/><W87/><G87/><T15/><D108/><U63/><E58/><V36/><F84/><W48/><G48/><T100/><D110/><RYUUKYOKU ba="1,1" sc="201,-10,229,-10,385,-10,175,30" hai3="9,12,17,21,24,30,66,69,90,91,128,129,131" /><INIT seed="3,2,1,1,5,14" ten="191,219,375,205" oya="3" hai0="74,1,31,17,89,102,72,36,71,43,26,37,60" hai1="100,65,15,40,66,0,108,50,106,44,125,83,33" hai2="2,47,93,52,45,76,27,39,67,79,107,135,34" hai3="120,88,131,78,30,115,21,128,132,127,24,29,122"/><W55/><G115/><T68/><D1/><U8/><E33/><V23/><F107/><W58/><G78/><N who="2" m="29737" /><F34/><W87/><G127/><T70/><D102/><U98/><E0/><V85/><F2/><W61/><G132/><T46/><D37/><U86/><E108/><V32/><F32/><W11/><G11/><T53/><D31/><U114/><E114/><V99/><F39/><W3/><G3/><T7/><D7/><U16/><E125/><V97/><F67/><W18/><G29/><T56/><REACH who="0" step="1"/><D89/><AGARI ba="2,1" hai="8,15,16,40,44,50,65,66,83,86,89,98,100,106" machi="89" ten="30,3900,0" yaku="7,1,52,1,54,1" doraHai="14" who="1" fromWho="0" sc="191,-45,219,55,375,0,205,0" owari="146,-35.4,274,7.4,375,47.5,205,-19.5" /></mjloggm>