<mjloggm ver="2.3"><GO type="225" lobby="0"/><UN n0="%6D%75%75%6D%75%72%61" n1="%E3%83%B4%E3%82%A3%E3%83%AF%E3%82%B3%E3%82%B0%E3%83%8B" n2="%E3%81%B2%E3%81%AA%E3%81%AE%E3%82%8A%E3%81%8F" n3="%E7%AD%89%E3%80%85%E5%8A%9B%E5%8A%87%E5%A0%B4" dan="16,16,17,16" rate="2127.85,2127.97,2191.10,2161.88" sx="F,M,M,M"/><TAIKYOKU oya="0"/><INIT seed="0,0,0,3,1,126" ten="250,250,250,250" oya="0" hai0="16,21,48,125,102,121,9,25,110,7,107,127,67" hai1="76,118,109,47,80,5,101,6,69,53,96,2,97" hai2="114,122,22,116,88,99,12,61,91,95,100,66,23" hai3="124,30,104,11,83,10,128,106,72,74,70,119,62"/><T28/><D121/><U49/><E118/><V33/><F122/><W45/><G119/><T36/><D36/><U63/><E109/><V57/><F116/><W42/><G124/><N who="0" m="47691" /><D110/><U20/><E2/><V15/><F114/><W26/><G128/><T103/><D107/><U92/><E20/><N who="2" m="7723" /><F33/><N who="3" m="20695" /><G11/><T113/><D113/><U0/><E0/><V41/><F41/><W60/><G60/><T8/><D67/><U44/><E44/><V1/><F1/><W130/><G10/><N who="0" m="4203" /><D7/><U38/><E38/><V134/><F134/><W135/><G135/><T46/><D28/><U13/><E13/><AGARI ba="0,0" hai="12,13,15,57,61,66,88,91,95,99,100" m="7723" machi="13" ten="30,2000,0" yaku="8,1,54,1" doraHai="126" who="2" fromWho="1" sc="250,0,250,-20,250,20,250,0" /><INIT seed="1,0,0,0,2,123" ten="250,230,270,250" oya="1" hai0="59,18,40,15,74,131,105,104,93,16,32,67,80" hai1="79,48,121,71,120,116,134,11,22,24,33,100,69" hai2="36,84,54,70,37,30,91,43,107,86,112,89,133" hai3="98,129,106,125,60,26,58,12,72,75,19,130,1"/><U128/><E116/><V57/><F107/><W52/><G1/><T3/><D3/><U6/><E33/><V82/><F70/><W53/><G125/><T92/><D32/><U49/><E128/><V56/><F133/><W34/><G53/><T94/><D131/><N who="3" m="50185" /><G106/><T109/><D109/><U55/><E134/><V2/><F2/><W87/><G98/><T45/><D59/><U46/><E79/><V0/><F0/><W78/><G78/><T29/><D29/><U76/><E76/><V9/><F30/><N who="3" m="19799" /><G87/><T63/><D80/><U25/><E100/><V62/><F112/><W110/><G110/><T47/><D74/><U111/><E111/><V42/><F9/><AGARI ba="0,0" hai="9,12,19,52,58,60,72,75" m="19799,50185" machi="9" ten="30,2000,0" yaku="19,1,54,1" doraHai="123" who="3" fromWho="2" sc="250,0,230,0,270,-20,250,20" /><INIT seed="2,0,0,4,5,10" ten="250,230,250,270" oya="2" hai0="35,13,27,46,29,66,127,126,4,48,70,134,78" hai1="42,125,104,61,79,92,89,64,98,69,117,90,110" hai2="22,99,65,16,120,132,75,6,68,5,102,112,93" hai3="101,49,130,109,33,67,59,128,135,31,39,63,21"/><V55/><F112/><W74/><G39/><T1/><D134/><U118/><E110/><V43/><F120/><W11/><G74/><T53/><D1/><U57/><E125/><N who="0" m="47625" /><D78/><U108/><E108/><V105/><F132/><W106/><G33/><T50/><D50/><U72/><E42/><V0/><F75/><W94/><G106/><T129/><D129/><U9/><E104/><V83/><F43/><W17/><G109/><T36/><D36/><U76/><E89/><V24/><F83/><W131/><G135/><T32/><D32/><U119/><E72/><V19/><F0/><W2/><G31/><T18/><D4/><U45/><E45/><V38/><F38/><W100/><G49/><T44/><D44/><U7/><REACH who="1" step="1"/><E69/><REACH who="1" ten="250,220,250,270" step="2"/><V107/><F107/><W88/><G131/><T87/><D87/><U123/><E123/><V51/><F105/><W40/><G40/><T133/><D133/><U111/><E111/><V82/><F68/><W12/><G130/><T96/><D96/><U62/><E62/><V114/><F99/><W121/><G128/><T60/><D70/><U54/><E54/><V84/><F55/><W23/><G121/><T52/><D53/><U30/><E30/><V71/><F71/><W115/><G88/><T14/><D60/><U124/><E124/><V95/><F114/><W122/><G115/><T77/><D77/><U116/><N who="1" m="29696" /><DORA hai="81" /><U97/><E97/><V86/><F86/><W58/><G122/><T8/><D66/><U26/><E26/><V34/><F65/><W80/><G67/><T91/><D91/><U103/><E103/><RYUUKYOKU ba="0,1" sc="250,15,220,15,250,-15,270,-15" hai0="8,13,14,18,27,29,35,46,48,52" hai1="7,9,57,61,64,76,79,90,92,98" /><INIT seed="3,1,1,3,5,33" ten="265,235,235,255" oya="3" hai0="43,34,121,114,98,91,59,85,4,25,116,101,1" hai1="42,102,83,6,122,87,48,64,131,60,36,90,120" hai2="126,133,104,96,125,106,21,67,95,47,118,11,40" hai3="29,80,113,109,88,128,81,115,31,46,112,2,10"/><W35/><G128/><T23/><D116/><U110/><E36/><V45/><F118/><W107/><G107/><T55/><D121/><U130/><E110/><V56/><F133/><W86/><G109/><T72/><D72/><U20/><E102/><V74/><F74/><W105/><G105/><T78/><D34/><U17/><E6/><V41/><F21/><W123/><G123/><T27/><D78/><U68/><E42/><N who="2" m="16491" /><F67/><W7/><G35/><T65/><D65/><U79/><E48/><V19/><F56/><W75/><REACH who="3" step="1"/><G46/><REACH who="3" ten="265,235,235,245" step="2"/><T58/><D114/><U124/><E130/><V51/><F106/><W52/><G52/><T30/><D55/><U24/><E131/><V14/><F104/><W73/><G73/><T12/><D43/><U89/><E122/><V129/><F129/><W57/><G57/><T13/><D58/><U119/><E120/><V26/><F51/><W70/><G70/><T9/><D59/><U49/><E119/><V69/><F69/><W16/><G16/><T127/><D127/><N who="2" m="48650" /><F26/><W37/><G37/><T66/><D27/><U28/><E124/><V77/><F77/><AGARI ba="1,2" hai="2,7,10,29,31,75,77,80,81,86,88,112,113,115" machi="77" ten="40,7700,0" yaku="1,1,52,1,54,1,53,0" doraHai="33" doraHaiUra="134" who="3" fromWho="2" sc="265,0,235,0,235,-80,245,100" owari="265,6.5,235,-16.5,155,-34.5,345,44.5" /></mjloggm>