<mjloggm ver="2.3"><GO type="225" lobby="0"/><UN n0="%E3%81%BF%E3%82%84%E3%81%93%E3%82%93%EF%BC%91%EF%BC%90%E6%AD%B3" n1="%E6%B0%B7%E5%B7%9D%E9%87%8C%E5%A5%88" n2="%E6%B8%A9%E2%98%85%E6%83%85%E2%98%85%E6%8E%AA%E2%98%85%E7%BD%AE" n3="%73%75%7A%75%6D%65%33" dan="16,16,16,18" rate="2058.45,2128.08,2147.71,2269.42" sx="M,F,M,M"/><TAIKYOKU oya="0"/><INIT seed="0,0,0,0,0,63" ten="250,250,250,250" oya="0" hai0="91,134,121,14,10,75,41,24,49,61,99,12,130" hai1="110,17,36,111,70,92,98,85,115,113,82,71,103" hai2="95,45,39,83,53,44,13,78,42,77,109,68,126" hai3="102,25,67,54,21,7,107,64,69,89,20,127,0"/><T80/><D121/><U88/><E36/><V40/><F109/><N who="1" m="41481" /><E17/><V28/><F126/><W100/><G127/><T81/><D130/><U125/><E125/><V106/><F106/><W23/><G69/><T26/><D134/><U122/><E122/><V74/><F68/><W132/><G132/><T3/><D3/><U114/><AGARI ba="0,0" hai="70,71,82,85,88,92,98,103,113,114,115" m="41481" machi="114" ten="40,5200,0" yaku="11,1,14,1,54,1" doraHai="63" who="1" fromWho="1" sc="250,-26,250,52,250,-13,250,-13" /><INIT seed="1,0,0,2,3,46" ten="224,302,237,237" oya="1" hai0="14,133,65,132,119,52,70,135,59,10,26,120,51" hai1="101,49,73,72,103,11,121,28,69,6,39,116,93" hai2="83,92,96,19,0,7,97,122,76,47,90,110,36" hai3="22,124,48,53,67,64,38,112,88,9,66,79,25"/><U45/><E116/><V77/><F122/><W31/><G38/><T54/><D119/><U13/><E121/><V20/><F110/><W34/><G112/><T63/><D120/><U58/><E69/><V68/><F68/><W105/><G105/><T57/><D26/><U84/><E28/><V126/><F126/><W107/><G124/><T106/><D106/><U4/><E4/><V17/><F97/><W78/><G107/><T71/><D65/><U108/><E108/><V5/><F77/><W32/><G9/><T61/><D61/><U74/><E39/><V115/><F115/><W113/><G113/><T33/><D33/><U42/><E58/><V89/><F89/><W16/><G88/><T12/><D12/><U130/><E130/><V117/><F117/><W37/><G37/><T27/><D27/><U134/><E134/><V123/><F123/><W21/><G34/><T100/><D100/><U50/><E93/><V8/><F20/><W15/><G32/><T56/><D56/><AGARI ba="0,0" hai="15,16,21,22,25,31,48,53,56,64,66,67,78,79" machi="56" ten="40,5200,0" yaku="8,1,52,1,54,1" doraHai="46" who="3" fromWho="0" sc="224,-52,302,0,237,0,237,52" /><INIT seed="2,0,0,2,4,38" ten="172,302,237,289" oya="2" hai0="82,129,88,63,127,60,21,117,44,7,8,115,18" hai1="105,11,120,16,108,89,66,36,122,31,121,17,23" hai2="73,107,2,112,37,99,32,58,47,45,1,132,62" hai3="0,49,106,130,12,48,77,119,126,52,57,33,19"/><V35/><F112/><W70/><G70/><T39/><D129/><U15/><E108/><V125/><F73/><W20/><G119/><T55/><D127/><U4/><E105/><V134/><F125/><W100/><G126/><T80/><D115/><U90/><E66/><V124/><F124/><W101/><G130/><T40/><D117/><U103/><E103/><N who="3" m="39498" /><G0/><N who="2" m="105" /><F99/><W22/><G33/><N who="2" m="12873" /><F37/><W96/><G106/><T54/><D54/><U109/><E109/><V97/><F97/><W46/><G96/><T92/><D55/><U83/><E36/><V114/><F114/><W79/><G22/><T78/><D21/><U85/><E90/><V128/><F107/><W61/><G49/><T5/><D18/><N who="1" m="10719" /><E31/><V74/><F74/><W135/><G135/><N who="2" m="51753" /><F128/><W81/><G81/><T6/><D82/><U76/><E89/><V9/><F9/><W84/><G84/><T53/><D8/><U113/><E113/><V71/><F71/><W86/><G86/><T87/><REACH who="0" step="1"/><D53/><AGARI ba="0,0" hai="45,47,53,58,62" m="51753,12873,105" machi="53" ten="40,2000,0" yaku="20,1" doraHai="38" who="2" fromWho="0" sc="172,-20,302,0,237,20,289,0" /><AGARI ba="0,0" hai="12,19,20,46,48,52,53,57,61,77,79" m="39498" machi="53" ten="30,2000,0" yaku="8,1,54,1" doraHai="38" who="3" fromWho="0" sc="152,-20,302,0,257,0,289,20" /><INIT seed="2,1,0,1,2,32" ten="132,302,257,309" oya="2" hai0="124,126,130,48,20,134,2,19,14,44,33,94,108" hai1="118,42,47,5,31,116,67,35,65,72,114,91,117" hai2="79,113,27,120,103,52,26,131,129,119,77,36,123" hai3="55,100,99,1,102,125,28,40,84,82,109,34,111"/><V112/><F36/><W39/><G125/><T96/><D108/><N who="3" m="41545" /><G55/><T97/><D130/><N who="2" m="49674" /><F103/><N who="3" m="39467" /><G99/><T92/><D33/><U3/><E72/><V115/><F52/><W45/><G34/><T127/><D134/><U76/><E76/><N who="2" m="29259" /><F119/><W15/><G15/><T11/><D97/><U85/><E114/><N who="2" m="29187" /><V87/><DORA hai="16" /><F87/><W86/><G28/><T30/><D96/><U29/><E29/><V69/><F69/><W133/><G133/><T107/><D107/><U4/><E31/><V70/><F70/><W110/><G110/><T54/><REACH who="0" step="1"/><D30/><REACH who="0" ten="122,302,257,309" step="2"/><U90/><E35/><V122/><AGARI ba="1,1" hai="26,27,120,122,123" m="29187,29259,49674" machi="122" ten="60,11700,0" yaku="28,2,19,1" doraHai="32,16" who="2" fromWho="2" sc="122,-40,302,-40,257,130,309,-40" /><INIT seed="2,2,0,1,2,85" ten="82,262,387,269" oya="2" hai0="12,93,61,65,47,123,53,79,37,62,43,2,67" hai1="19,115,97,33,83,132,89,46,133,69,88,59,68" hai2="80,28,1,112,95,119,116,118,22,23,102,92,107" hai3="13,29,120,14,11,109,64,121,105,54,91,56,41"/><V100/><F1/><W114/><G105/><T126/><D2/><U124/><E115/><V39/><F39/><W42/><G114/><T49/><D79/><U55/><E33/><V26/><F112/><W122/><G109/><T72/><D12/><U17/><E46/><V94/><F107/><W131/><G64/><N who="0" m="24651" /><D93/><N who="1" m="56495" /><E124/><V8/><F8/><W128/><G29/><T36/><D72/><U81/><E81/><V101/><REACH who="2" step="1"/><F80/><REACH who="2" ten="82,262,377,269" step="2"/><W51/><G11/><T76/><D126/><U108/><E108/><V9/><F9/><W52/><G122/><T82/><D82/><U104/><E104/><V127/><F127/><W40/><G121/><T25/><D123/><U48/><E69/><V130/><F130/><W63/><G120/><T98/><D76/><U21/><E68/><V75/><F75/><W103/><G128/><T77/><D77/><U66/><E83/><V7/><F7/><W87/><G131/><T110/><D110/><U10/><E10/><V57/><F57/><N who="3" m="32927" /><G103/><T135/><D36/><U84/><E59/><V50/><F50/><W44/><G44/><T74/><D74/><U134/><E48/><V111/><F111/><W18/><G18/><T86/><D37/><U32/><E17/><V125/><F125/><W106/><G106/><T15/><D49/><U38/><E38/><V58/><F58/><W129/><G129/><T16/><D47/><U0/><E0/><V73/><F73/><W31/><G31/><T90/><D16/><U60/><E19/><V99/><F99/><W71/><G71/><T35/><D98/><U45/><E45/><V5/><F5/><RYUUKYOKU ba="2,1" sc="82,-15,262,-15,377,15,269,15" hai2="22,23,26,28,92,94,95,100,101,102,116,118,119" hai3="13,14,40,41,42,54,56,63,87,91" /><INIT seed="2,3,1,2,2,15" ten="67,247,392,284" oya="2" hai0="107,113,68,109,83,121,108,105,48,89,86,3,31" hai1="41,94,46,100,99,1,20,54,123,61,66,134,60" hai2="52,118,122,62,0,132,19,129,106,53,75,58,38" hai3="5,32,110,92,112,93,72,102,42,95,117,49,115"/><V98/><F118/><W69/><G69/><T90/><D31/><U64/><E1/><V127/><F122/><W9/><G117/><T63/><D63/><U91/><E134/><V8/><F75/><W50/><G72/><T30/><D30/><U133/><E133/><V7/><F132/><W131/><G32/><T47/><D68/><U77/><E123/><V14/><F38/><W126/><G110/><T4/><D4/><U67/><E77/><V116/><F116/><W11/><G131/><T45/><D3/><U81/><E54/><V125/><F129/><W28/><G28/><T65/><D121/><U22/><E81/><V43/><F43/><W84/><G126/><N who="2" m="48137" /><F53/><W82/><G102/><T33/><D48/><N who="1" m="26703" /><E100/><N who="2" m="62743" /><F0/><W25/><G42/><T97/><D33/><U35/><E35/><V119/><F119/><W124/><G124/><T79/><D65/><U74/><E74/><V29/><F29/><W120/><G120/><T23/><D113/><U34/><E34/><V135/><F135/><W96/><G115/><T2/><D2/><U78/><E78/><V87/><F87/><W76/><G112/><T80/><D79/><U21/><AGARI ba="3,1" hai="20,21,22,60,61,64,66,67,91,94,99" m="26703" machi="21" ten="30,1100,0" yaku="8,1" doraHai="15" who="1" fromWho="1" sc="67,-6,247,30,392,-8,284,-6" /><INIT seed="3,0,0,1,0,63" ten="61,277,384,278" oya="3" hai0="22,30,106,14,87,120,44,98,49,16,61,108,104" hai1="46,71,126,59,21,29,129,90,135,73,79,74,33" hai2="92,100,101,62,45,88,84,26,132,18,95,97,128" hai3="127,93,5,116,111,43,9,82,102,24,1,28,118"/><W119/><G127/><T13/><D108/><U85/><E71/><V47/><F132/><W27/><G111/><T123/><D30/><U134/><E33/><V67/><F128/><W37/><G82/><T11/><D87/><U70/><E70/><V2/><F2/><W86/><G37/><T122/><D98/><U56/><E129/><V8/><F101/><W15/><G43/><T125/><D125/><U7/><E126/><V51/><F51/><W117/><N who="3" m="29696" /><DORA hai="58" /><W91/><G102/><T54/><D14/><U78/><E7/><V17/><F8/><W52/><G52/><T20/><D106/><U69/><E69/><V34/><F34/><W12/><REACH who="3" step="1"/><G24/><REACH who="3" ten="61,277,384,268" step="2"/><T41/><D104/><U115/><E135/><V124/><F124/><W112/><G112/><T94/><D94/><U110/><E134/><V121/><F26/><W114/><G114/><T38/><D38/><U25/><E115/><V133/><F133/><W0/><G0/><T89/><D89/><U66/><E110/><V42/><F42/><W72/><G72/><T10/><D41/><U4/><E74/><V53/><F53/><W32/><AGARI ba="0,1" hai="1,5,9,12,15,27,28,32,86,91,93" m="29696" machi="32" ten="60,6000,0" yaku="1,1,0,1,53,0" doraHai="63,58" doraHaiUra="103,96" who="3" fromWho="3" sc="61,-20,277,-20,384,-20,268,70" /><INIT seed="3,1,0,3,2,96" ten="41,257,364,338" oya="3" hai0="62,100,3,83,90,45,98,37,36,117,52,24,110" hai1="124,86,44,104,25,12,5,130,69,82,54,9,11" hai2="72,13,105,70,118,78,32,102,6,75,14,40,114" hai3="88,119,80,89,94,73,46,48,93,53,61,21,22"/><W123/><G123/><T17/><D3/><U91/><E69/><V38/><F114/><W132/><G119/><T71/><D110/><U125/><E104/><V64/><F118/><W106/><G106/><T39/><D90/><N who="3" m="34921" /><G73/><T50/><D83/><U74/><E74/><V79/><F32/><W41/><G132/><T109/><D17/><U103/><E130/><V58/><F70/><W59/><G80/><T56/><D24/><U8/><E25/><V111/><F111/><W30/><G30/><T20/><D20/><AGARI ba="1,0" hai="20,21,22,41,46,48,53,59,61,93,94" m="34921" machi="20" ten="30,2900,0" yaku="8,1,54,1" doraHai="96" who="3" fromWho="0" sc="41,-32,257,0,364,0,338,32" owari="9,-49.1,257,-14.3,364,16.4,370,47.0" /></mjloggm>