<mjloggm ver="2.3"><GO type="225" lobby="0"/><UN n0="%6D%75%75%6D%75%72%61" n1="%E6%B0%B7%E5%B7%9D%E9%87%8C%E5%A5%88" n2="%E3%82%BD%E3%83%83%E3%82%AF%E3%82%B9%E2%99%AA" n3="%E3%82%BC%E3%83%AB%E3%83%80%E3%81%AE%E4%BC%9D%E8%AA%AC" dan="17,16,16,17" rate="2183.37,2110.78,2057.01,2218.26" sx="F,F,M,M"/><TAIKYOKU oya="0"/><INIT seed="0,0,0,2,1,71" ten="250,250,250,250" oya="0" hai0="43,109,13,102,122,77,110,75,39,100,44,133,118" hai1="20,18,126,86,47,25,62,74,19,36,27,79,67" hai2="72,132,63,40,26,73,83,116,92,106,135,69,17" hai3="115,61,2,113,12,78,54,125,112,35,21,45,8"/><T103/><D118/><U117/><E126/><V57/><F106/><W29/><G125/><T98/><D122/><U32/><E117/><V80/><F116/><W31/><G78/><T88/><D133/><N who="2" m="51274" /><F69/><W15/><G61/><T76/><D13/><U64/><E74/><N who="2" m="28779" /><F92/><W23/><G54/><T68/><D68/><U42/><E62/><V59/><F40/><W6/><G45/><T111/><D75/><U9/><E9/><V124/><F124/><W93/><G93/><AGARI ba="0,0" hai="39,43,44,76,77,88,93,98,100,102,103,109,110,111" machi="93" ten="50,12000,1" yaku="14,1,10,1,52,1,54,1" doraHai="71" who="0" fromWho="3" sc="250,120,250,0,250,0,250,-120" /><INIT seed="0,1,0,2,4,61" ten="370,250,250,130" oya="0" hai0="53,106,129,35,71,121,73,131,4,54,81,125,104" hai1="111,28,32,63,55,109,68,46,2,11,5,119,48" hai2="97,126,12,10,110,84,51,83,100,42,95,123,40" hai3="56,30,90,107,98,21,52,13,6,78,9,3,120"/><T39/><D121/><U88/><E119/><V26/><F110/><N who="1" m="41993" /><E88/><V50/><F126/><W49/><G120/><T34/><D125/><U122/><E122/><V59/><F123/><W15/><G78/><T29/><D39/><U76/><E76/><N who="2" m="46183" /><F26/><W87/><G30/><T85/><D73/><U112/><E112/><V14/><F14/><W128/><G128/><T130/><D4/><U127/><E127/><V101/><F101/><W70/><G70/><T20/><D71/><U23/><E32/><V133/><F133/><W41/><G41/><N who="2" m="15977" /><F59/><W69/><G69/><T89/><D34/><U44/><E68/><V43/><N who="2" m="15985" /><V8/><DORA hai="16" /><F8/><W25/><G107/><N who="0" m="41003" /><D35/><U37/><E63/><V1/><F1/><W65/><G3/><T36/><D36/><U113/><E113/><V45/><F45/><W135/><G135/><T38/><D38/><U99/><E37/><V7/><AGARI ba="1,0" hai="7,10,12,50,51,95,97,100" m="15985,46183" machi="7" ten="30,1100,0" yaku="8,1" doraHai="61,16" who="2" fromWho="2" sc="370,-6,250,-4,250,14,130,-4" /><INIT seed="1,0,0,1,3,54" ten="364,246,264,126" oya="1" hai0="5,93,108,38,13,96,18,74,57,94,28,95,101" hai1="36,71,105,115,126,7,24,23,27,26,66,59,14" hai2="67,76,128,91,97,92,111,61,114,33,21,109,35" hai3="43,11,3,104,77,17,90,78,73,88,100,46,58"/><U98/><E115/><V16/><F128/><W53/><G104/><T1/><D108/><N who="2" m="41546" /><F76/><W120/><G120/><T131/><D131/><U9/><E36/><V0/><F0/><W82/><G100/><T6/><D1/><U2/><E71/><N who="2" m="42479" /><F114/><W25/><G78/><T112/><D38/><U72/><E72/><V135/><F135/><W34/><G34/><T47/><D74/><U29/><E126/><V84/><F97/><W69/><G69/><T45/><D28/><U60/><REACH who="1" step="1"/><E2/><REACH who="1" ten="364,236,264,126" step="2"/><V22/><F22/><W132/><G132/><T15/><D112/><U121/><E121/><V51/><F51/><W52/><G3/><T48/><D48/><U134/><E134/><V8/><F8/><W130/><G130/><T129/><D129/><U68/><E68/><V127/><F127/><W85/><G73/><T32/><D32/><U83/><E83/><V70/><F70/><W87/><G11/><T41/><D96/><U37/><E37/><V124/><F124/><W4/><G85/><T80/><D80/><U110/><E110/><V39/><F39/><W62/><G87/><T10/><D10/><U19/><E19/><V133/><F133/><W99/><G99/><T64/><D18/><U113/><E113/><V106/><F106/><W89/><G82/><T42/><D95/><U103/><AGARI ba="0,1" hai="7,9,14,23,24,26,27,29,59,60,66,98,103,105" machi="103" ten="30,6000,0" yaku="1,1,0,1,52,1,53,0" doraHai="54" doraHaiUra="119" who="1" fromWho="1" sc="364,-20,236,70,264,-20,126,-20" /><INIT seed="1,1,0,5,2,61" ten="344,306,244,106" oya="1" hai0="75,20,94,93,128,62,25,88,87,67,100,106,47" hai1="1,9,53,26,78,98,71,85,46,41,54,81,92" hai2="121,113,89,36,6,52,18,22,59,122,127,51,74" hai3="29,48,105,72,111,115,33,32,103,23,109,38,131"/><U112/><E112/><V84/><F127/><W82/><G38/><T30/><D75/><U0/><E71/><V114/><F74/><W43/><G115/><N who="2" m="44041" /><F6/><W95/><G105/><T3/><D3/><U10/><E0/><V55/><F55/><W45/><G131/><T57/><D128/><U110/><E110/><N who="3" m="41994" /><G103/><T120/><D120/><U77/><E77/><V90/><F36/><W134/><G134/><T65/><D106/><U63/><E26/><N who="2" m="14679" /><F90/><W13/><G95/><AGARI ba="1,0" hai="51,52,59,84,89,95,121,122" m="14679,44041" machi="95" ten="30,2000,0" yaku="11,1,54,1" doraHai="61" who="2" fromWho="3" sc="344,0,306,0,244,23,106,-23" /><INIT seed="2,0,0,0,2,71" ten="344,306,267,83" oya="2" hai0="112,24,73,47,62,68,16,93,17,50,115,95,35" hai1="110,74,78,58,34,104,13,41,128,57,4,86,123" hai2="122,69,92,88,103,61,94,12,5,27,45,82,20" hai3="75,23,118,100,132,49,80,135,120,36,32,42,98"/><V30/><F122/><W81/><G120/><T111/><D73/><U109/><E74/><V67/><F45/><W60/><G32/><T28/><D111/><N who="1" m="42507" /><E123/><V79/><F103/><W43/><G118/><T85/><D68/><U66/><E104/><V105/><F105/><W72/><G60/><T8/><D62/><U130/><E34/><V70/><F70/><W15/><G49/><T3/><D17/><U33/><E33/><V107/><F107/><W14/><G23/><T6/><D16/><U126/><E126/><V39/><F39/><W96/><REACH who="3" step="1"/><G100/><REACH who="3" ten="344,306,267,73" step="2"/><T21/><D35/><U114/><E114/><V48/><F48/><W113/><G113/><T56/><D50/><U9/><E41/><V102/><F102/><W1/><G1/><T129/><D3/><U19/><E66/><V131/><F131/><N who="1" m="50217" /><E4/><V54/><F5/><W101/><G101/><T0/><D6/><U119/><E119/><V25/><F67/><W97/><G97/><T7/><D129/><U53/><E53/><V116/><F54/><W51/><G51/><T52/><D112/><U44/><E44/><V2/><F2/><W84/><G84/><T125/><D115/><U133/><E133/><V108/><F108/><W134/><G134/><T91/><D47/><U89/><E78/><V38/><F79/><W77/><G77/><T76/><D76/><U106/><E106/><V11/><F116/><W31/><G31/><T37/><D52/><U46/><E46/><V124/><F30/><W99/><G99/><T87/><D7/><U117/><E117/><V10/><F61/><W63/><G63/><RYUUKYOKU ba="0,1" sc="344,-15,306,15,267,-15,73,15" hai1="9,13,19,57,58,86,89" hai3="14,15,36,42,43,72,75,80,81,96,98,132,135" /><INIT seed="3,1,1,2,3,47" ten="329,321,252,88" oya="3" hai0="20,76,81,96,129,13,24,120,65,12,17,41,67" hai1="117,123,109,49,130,115,99,97,106,46,124,30,50" hai2="32,63,103,133,59,77,94,43,126,35,64,66,118" hai3="36,74,34,4,19,53,45,1,7,2,60,131,114"/><W121/><G114/><T23/><D120/><U91/><E115/><V62/><F118/><W78/><G121/><T27/><D129/><U102/><E123/><V42/><F133/><W6/><G131/><T82/><D41/><U95/><E130/><V92/><F77/><W56/><G34/><T80/><D96/><U87/><E109/><V105/><F105/><W86/><G86/><T68/><D76/><U73/><E73/><V85/><F85/><W10/><G19/><N who="0" m="12319" /><D68/><U5/><E124/><V111/><F103/><W93/><G93/><T71/><D71/><U135/><E135/><V14/><F14/><AGARI ba="1,1" hai="12,13,14,17,23,27,65,67,80,81,82" m="12319" machi="14" ten="30,1000,0" yaku="8,1" doraHai="47" who="0" fromWho="2" sc="329,23,321,0,252,-13,88,0" owari="352,45.2,321,12.1,239,-16.1,88,-41.2" /></mjloggm>