<mjloggm ver="2.3"><GO type="225" lobby="0"/><UN n0="%48%61%61%61%6C%61%6E%64" n1="%E7%AD%89%E3%80%85%E5%8A%9B%E5%8A%87%E5%A0%B4" n2="%EF%BC%81%E3%81%BC%E3%81%9F%E3%82%82%E3%81%A1%EF%BC%81" n3="%E3%81%AF%E3%82%88%E3%81%8A%E3%81%98%E3%81%95%E3%82%93" dan="18,16,17,17" rate="2240.29,2048.57,2188.92,2194.92" sx="M,M,M,M"/><TAIKYOKU oya="0"/><INIT seed="0,0,0,5,1,11" ten="250,250,250,250" oya="0" hai0="69,94,43,65,103,25,14,13,51,73,75,36,70" hai1="104,123,116,87,63,47,106,102,119,97,108,60,127" hai2="95,112,99,27,3,32,35,86,110,66,39,79,115" hai3="78,34,22,89,74,57,131,7,50,17,15,90,101"/><T16/><D36/><U29/><E123/><V20/><F3/><W76/><G34/><T28/><D75/><U26/><E108/><V45/><F110/><W30/><G131/><T83/><D73/><U48/><E127/><V132/><F132/><W121/><G121/><T37/><D37/><U129/><E129/><V54/><F66/><W46/><G74/><T8/><D83/><U10/><E106/><V52/><F35/><W31/><G101/><T64/><D70/><U53/><E87/><V23/><F32/><W67/><G7/><N who="0" m="3231" /><D69/><U113/><E113/><V118/><F118/><W91/><G57/><T49/><D25/><U107/><E107/><V6/><F6/><W12/><G67/><N who="0" m="25675" /><D28/><N who="3" m="10793" /><G12/><T125/><D125/><U24/><E24/><V56/><F27/><W40/><AGARI ba="0,0" hai="15,17,22,40,46,50,76,78,89,90,91" m="10793" machi="40" ten="30,2000,0" yaku="8,1,52,1" doraHai="11" who="3" fromWho="3" sc="250,-10,250,-5,250,-5,250,20" /><INIT seed="1,0,0,2,5,49" ten="240,245,245,270" oya="1" hai0="43,111,112,89,23,35,133,71,91,4,55,120,56" hai1="77,61,17,107,11,37,86,10,87,46,130,115,68" hai2="59,20,113,8,39,38,82,15,110,128,83,72,74" hai3="80,105,81,66,109,30,0,64,51,78,44,132,58"/><U65/><E115/><V52/><F110/><W125/><G0/><T97/><D112/><U95/><E107/><V88/><F113/><W131/><G105/><T40/><D35/><U47/><E130/><V121/><F121/><W9/><G109/><T22/><D71/><U7/><E17/><V123/><F123/><W36/><G131/><T93/><D111/><U3/><E11/><V34/><F34/><W118/><G125/><T42/><D120/><U127/><E127/><V29/><F128/><W60/><G132/><T26/><D133/><U96/><E77/><V16/><F39/><W67/><G36/><T50/><D4/><U102/><E47/><V114/><F38/><W5/><G30/><T1/><D1/><U41/><AGARI ba="0,0" hai="3,7,10,37,41,46,61,65,68,86,87,95,96,102" machi="41" ten="30,1500,0" yaku="0,1" doraHai="49" who="1" fromWho="1" sc="240,-5,245,15,245,-5,270,-5" /><INIT seed="1,1,0,1,4,28" ten="235,260,240,265" oya="1" hai0="86,59,51,97,107,115,123,29,70,112,15,45,124" hai1="94,125,122,30,114,24,20,121,50,135,48,111,42" hai2="133,82,57,49,131,66,89,31,5,78,25,40,85" hai3="67,7,52,71,104,72,21,119,43,98,92,32,117"/><U116/><E114/><V102/><F131/><W18/><G72/><T77/><D70/><U73/><E116/><N who="3" m="44618" /><G43/><T96/><D124/><U126/><E73/><V0/><F133/><W134/><G134/><T10/><D123/><U19/><E135/><V113/><F113/><W6/><G104/><T105/><D112/><U39/><E39/><V37/><F102/><N who="3" m="60743" /><G52/><N who="0" m="29807" /><D107/><U88/><E111/><V68/><F37/><W132/><G132/><T69/><D105/><U79/><E79/><V129/><F129/><W120/><G120/><T54/><D115/><U130/><E130/><V46/><F78/><W58/><G58/><T3/><D69/><U53/><E42/><V12/><F68/><W118/><N who="3" m="44626" /><W128/><DORA hai="22" /><G128/><T33/><D59/><N who="1" m="33191" /><E50/><V106/><F106/><W80/><G80/><T11/><D54/><U4/><E122/><V75/><F75/><W38/><G38/><T84/><D77/><U62/><E62/><V100/><F57/><W101/><G101/><T93/><D93/><U26/><E121/><V1/><F100/><W103/><G103/><T27/><D97/><U87/><E126/><V9/><REACH who="2" step="1"/><F66/><REACH who="2" ten="235,260,230,265" step="2"/><W17/><G67/><T47/><D47/><U60/><E125/><V2/><F2/><W56/><G56/><T8/><D3/><U14/><E60/><V127/><F127/><W61/><G61/><T34/><D96/><U16/><E87/><V76/><F76/><W81/><G71/><T83/><D86/><U35/><E88/><V110/><F110/><W63/><G63/><T109/><D109/><U64/><E64/><V55/><F55/><RYUUKYOKU ba="1,1" sc="235,-10,260,-10,230,30,265,-10" hai2="0,1,5,9,12,25,31,40,46,49,82,85,89" /><INIT seed="2,2,1,1,3,106" ten="225,250,260,255" oya="2" hai0="12,26,75,76,50,85,22,7,118,92,119,111,32" hai1="35,81,89,94,134,102,13,88,68,49,55,25,114" hai2="17,93,34,82,57,60,86,116,31,128,126,131,40" hai3="120,11,129,15,69,42,124,54,83,27,90,67,64"/><V29/><F116/><N who="0" m="44586" /><D111/><U10/><E114/><V100/><F40/><W56/><G120/><T30/><D50/><U47/><E68/><V4/><F4/><W130/><G42/><T59/><D59/><U24/><E134/><V115/><F115/><W28/><G69/><T51/><D51/><U105/><E105/><V103/><F100/><W61/><G124/><T74/><D22/><U36/><E36/><V48/><F48/><W8/><G8/><N who="0" m="4127" /><D76/><U108/><E108/><V91/><F126/><W70/><G70/><T98/><D85/><N who="1" m="50223" /><E35/><V123/><F34/><W79/><G90/><AGARI ba="2,1" hai="26,30,32,74,75,90,92,98" m="4127,44586" machi="90" ten="30,3900,0" yaku="12,1,52,2" doraHai="106" who="0" fromWho="3" sc="225,55,250,0,260,0,255,-45" /><INIT seed="3,0,0,1,1,88" ten="280,250,260,210" oya="3" hai0="105,40,86,56,111,114,6,25,65,101,10,89,34" hai1="33,96,126,2,131,95,120,38,70,51,82,35,16" hai2="30,39,24,102,79,77,62,49,83,125,46,75,45" hai3="67,8,104,113,110,134,85,124,76,98,32,92,14"/><W119/><G113/><T99/><D114/><U132/><E38/><V128/><F128/><W115/><G119/><T44/><D111/><U47/><E120/><V20/><F125/><W4/><G115/><T123/><D123/><U23/><E132/><V118/><F118/><W122/><G122/><T121/><D121/><U1/><E70/><V129/><F129/><W21/><G32/><T60/><D25/><U12/><E131/><V9/><F39/><W15/><G104/><T18/><D18/><U127/><E82/><V68/><F79/><W135/><G124/><N who="1" m="47658" /><E35/><V52/><F102/><W42/><G110/><T90/><D34/><U73/><E73/><V93/><F93/><W108/><G108/><T103/><D103/><N who="1" m="60831" /><E33/><V37/><F9/><W17/><G42/><AGARI ba="0,0" hai="1,2,12,16,23,42,47,51" m="60831,47658" machi="42" ten="30,3900,0" yaku="18,1,52,1,54,1" doraHai="88" who="1" fromWho="3" sc="280,0,250,39,260,0,210,-39" /><INIT seed="4,0,0,4,4,24" ten="280,289,260,171" oya="0" hai0="106,29,118,28,133,110,63,131,25,135,13,68,62" hai1="30,113,114,116,96,104,66,121,77,12,4,20,120" hai2="59,91,11,16,90,103,9,109,31,134,132,57,112" hai3="98,80,21,129,1,35,40,33,46,2,81,111,88"/><T93/><D106/><U65/><E116/><V123/><F109/><W17/><G111/><T6/><D110/><U86/><E4/><V39/><F39/><W117/><G117/><T15/><D118/><U34/><E34/><V0/><F123/><W47/><G129/><T19/><D131/><U119/><E119/><V72/><F72/><W73/><G73/><T76/><D76/><U54/><E54/><V14/><F103/><W8/><G8/><N who="0" m="4247" /><D68/><U58/><E104/><V22/><F112/><N who="1" m="43113" /><E96/><V95/><F0/><W49/><G33/><N who="0" m="20623" /><D29/><U26/><E12/><V78/><F78/><W127/><G35/><T125/><D125/><U36/><E36/><V52/><F59/><W87/><G127/><T44/><D44/><U10/><E10/><N who="2" m="3595" /><F31/><W67/><G67/><N who="1" m="25610" /><E58/><V37/><F37/><W32/><G32/><T122/><D122/><U18/><E30/><V38/><F38/><W115/><G115/><T7/><D7/><U48/><E48/><N who="2" m="30855" /><F91/><W89/><G46/><T42/><D62/><U60/><E60/><V5/><F5/><W94/><REACH who="3" step="1"/><G81/><AGARI ba="0,0" hai="18,20,26,77,81,86,120,121" m="25610,43113" machi="81" ten="30,2000,0" yaku="15,1,11,1" doraHai="24" who="1" fromWho="3" sc="280,0,289,20,260,0,171,-20" owari="280,8.0,309,40.9,260,-14.0,151,-34.9" /></mjloggm>