<mjloggm ver="2.3"><GO type="225" lobby="0"/><UN n0="%72%61%6B%33" n1="%E6%B5%81%E3%82%8C%EF%BC%9F%53%4F%41" n2="%6D%75%75%6D%75%72%61" n3="%E3%81%95%E3%81%8D%E3%81%9F%E3%81%BE%E6%9E%97%E6%AA%8E" dan="16,16,16,16" rate="2164.46,2090.56,2141.95,2118.92" sx="M,M,F,M"/><TAIKYOKU oya="0"/><INIT seed="0,0,0,4,1,26" ten="250,250,250,250" oya="0" hai0="133,32,89,130,24,125,1,36,98,11,126,51,119" hai1="54,20,108,77,34,107,56,97,18,8,101,14,43" hai2="110,99,134,105,88,40,41,44,115,62,69,93,72" hai3="92,46,55,78,74,47,131,61,15,100,106,109,27"/><T9/><D36/><U73/><E34/><V65/><F115/><W86/><G109/><T0/><D51/><U13/><E108/><V95/><F110/><W120/><G131/><T23/><D98/><U28/><E43/><V111/><F111/><W123/><G74/><T85/><D85/><U128/><E128/><V82/><F134/><W124/><G124/><N who="0" m="47723" /><D89/><U121/><E121/><V2/><F2/><N who="0" m="1130" /><D133/><U21/><E13/><V63/><F63/><W76/><G15/><T64/><D64/><U30/><E20/><V117/><F117/><W33/><G106/><T71/><D71/><U83/><BYE who="0" /><REACH who="1" step="1"/><E21/><REACH who="1" ten="250,240,250,250" step="2"/><V96/><F40/><W12/><G33/><T67/><D67/><U81/><E81/><V84/><F41/><W91/><G12/><T49/><D49/><AGARI ba="0,1" hai="8,14,18,28,30,49,54,56,73,77,83,97,101,107" machi="49" ten="30,7700,0" yaku="1,1,7,1,52,2,53,0" doraHai="26" doraHaiUra="35" who="1" fromWho="0" sc="250,-77,240,87,250,0,250,0" /><INIT seed="1,0,0,2,4,42" ten="173,327,250,250" oya="1" hai0="4,59,5,130,87,1,131,19,108,98,118,40,67" hai1="123,86,84,97,52,2,74,115,90,129,92,110,46" hai2="61,21,82,14,113,94,45,76,71,100,63,6,133" hai3="134,57,85,117,41,44,77,24,124,66,91,27,11"/><U125/><E2/><V38/><F133/><W72/><G124/><T43/><D43/><U56/><E115/><V69/><F113/><W51/><G134/><T10/><D10/><U36/><E123/><V31/><F71/><W127/><G127/><T116/><D116/><U22/><E74/><V30/><F69/><W15/><G117/><T33/><D33/><U102/><E125/><V65/><F38/><W104/><G104/><T54/><D54/><U105/><E129/><V135/><F135/><W58/><G77/><T18/><D18/><U26/><E36/><V35/><F35/><W50/><G72/><T122/><D122/><U13/><E13/><V16/><F6/><W23/><G51/><T88/><D88/><U70/><E70/><V95/><F45/><W48/><G48/><T99/><D99/><UN n0="%72%61%6B%33" /><U37/><E37/><V8/><F100/><W20/><G20/><T49/><D118/><U109/><E46/><V114/><F114/><W53/><G41/><T121/><D121/><U83/><E22/><V12/><F82/><N who="3" m="49591" /><G66/><T0/><D67/><U68/><E26/><N who="3" m="9770" /><G23/><T75/><D75/><U132/><E68/><V25/><F65/><W106/><G106/><T9/><D0/><U119/><E119/><V96/><F76/><W60/><G60/><N who="2" m="23113" /><F25/><W112/><G112/><T32/><D1/><U3/><E3/><V126/><F126/><W120/><G120/><T64/><D130/><U73/><E132/><V34/><F34/><W79/><G79/><T29/><D131/><U55/><E73/><V47/><F21/><W128/><G128/><T7/><D32/><RYUUKYOKU ba="0,0" sc="173,-10,327,-10,250,-10,250,30" hai3="11,15,44,50,53,57,58" /><INIT seed="2,1,0,1,2,63" ten="163,317,240,280" oya="2" hai0="117,23,5,94,37,109,78,110,42,60,9,124,29" hai1="75,91,77,13,69,120,108,46,104,26,62,129,31" hai2="19,30,98,135,112,35,3,89,17,28,118,64,47" hai3="7,39,27,131,134,52,44,59,128,85,57,0,130"/><V16/><F112/><W132/><G132/><T8/><BYE who="3" /><D78/><UN n3="%E3%81%95%E3%81%8D%E3%81%9F%E3%81%BE%E6%9E%97%E6%AA%8E" /><U32/><E108/><V115/><F118/><W84/><G134/><T103/><D117/><U92/><E129/><V76/><F135/><W41/><G59/><T116/><D116/><U74/><E77/><V65/><F115/><W80/><G27/><T58/><D124/><U102/><E46/><V45/><F3/><W73/><G73/><T87/><D42/><U61/><E13/><V34/><F76/><W114/><G114/><T4/><D37/><U86/><E62/><V126/><F126/><W122/><G122/><T10/><D87/><U40/><E40/><V93/><F35/><W25/><G25/><N who="0" m="16575" /><D110/><U33/><E33/><V125/><F125/><W82/><G84/><T72/><D72/><U67/><E120/><V100/><F89/><W111/><G111/><T6/><D109/><U38/><E38/><V71/><F71/><W53/><G57/><T81/><D81/><N who="3" m="31337" /><G85/><T56/><D60/><U55/><E55/><V99/><F99/><AGARI ba="1,0" hai="4,5,6,8,9,10,56,58,94,99,103" m="16575" machi="99" ten="30,1000,0" yaku="8,1" doraHai="63" who="0" fromWho="2" sc="163,13,317,0,240,-13,280,0" /><AGARI ba="1,0" hai="26,31,32,61,67,69,74,75,86,91,92,99,102,104" machi="99" ten="40,5200,0" yaku="25,2,52,1" doraHai="63" who="1" fromWho="2" sc="176,0,317,52,227,-52,280,0" /><INIT seed="3,0,0,4,1,8" ten="176,369,175,280" oya="3" hai0="110,0,58,64,125,44,73,45,83,101,1,111,124" hai1="5,61,16,40,69,128,4,21,55,127,32,103,74" hai2="133,106,38,23,49,99,126,68,98,90,109,11,9" hai3="41,33,78,122,22,119,17,72,63,43,120,77,100"/><W107/><G119/><T35/><D35/><U114/><E114/><V37/><F68/><W52/><G33/><T10/><D101/><U87/><E74/><V48/><F109/><N who="0" m="41482" /><D58/><U130/><E32/><V18/><F133/><W36/><G107/><T2/><D64/><U71/><E40/><V6/><F126/><N who="0" m="48746" /><D10/><U3/><E103/><V47/><F11/><W15/><G100/><T104/><D104/><U27/><E87/><V24/><F106/><W60/><G60/><T115/><D115/><U82/><E82/><V28/><F28/><W51/><G63/><T7/><D7/><N who="1" m="2635" /><E3/><V59/><F59/><W12/><G72/><T132/><D132/><U30/><E30/><V62/><F62/><W134/><G134/><T118/><D118/><U53/><E127/><V70/><F70/><N who="1" m="26633" /><E61/><V75/><F75/><W46/><G43/><T105/><D105/><U67/><E67/><V97/><F90/><W88/><G78/><AGARI ba="0,0" hai="0,1,2,44,45,73,78,83" m="48746,41482" machi="78" ten="40,2600,0" yaku="14,1,18,1" doraHai="8" who="0" fromWho="3" sc="176,26,369,0,175,0,280,-26" owari="202,-19.8,369,46.9,175,-32.5,254,5.4" /></mjloggm>