<mjloggm ver="2.3"><GO type="225" lobby="0"/><UN n0="%4C%4F%4C%49%54%41" n1="%72%61%6B%33" n2="%4B%2E%32%2E%4B%2E" n3="%E3%81%BF%E3%81%BF%E3%81%9A" dan="16,16,16,16" rate="2164.87,2052.13,2170.92,2152.41" sx="F,M,M,M"/><TAIKYOKU oya="0"/><INIT seed="0,0,0,0,0,86" ten="250,250,250,250" oya="0" hai0="13,65,98,78,87,23,92,0,16,135,7,110,62" hai1="64,56,109,118,117,25,79,116,37,31,43,59,28" hai2="39,76,1,36,3,108,51,33,94,58,102,121,80" hai3="93,82,9,45,21,63,105,81,72,104,26,128,54"/><T19/><D135/><U91/><E109/><V101/><F121/><W132/><G128/><T35/><D35/><U134/><E134/><V106/><F106/><W14/><G132/><T47/><D110/><U122/><E122/><V97/><F108/><W129/><G129/><T75/><D75/><U12/><E79/><V114/><F114/><W34/><G34/><T55/><D0/><U103/><E103/><V74/><F33/><W96/><G72/><T95/><D7/><U77/><E77/><V73/><F102/><W20/><G105/><T66/><D19/><U99/><E12/><V41/><F74/><W131/><G104/><T52/><D47/><U111/><E111/><V69/><F69/><W60/><G60/><T83/><D92/><U107/><E107/><V133/><F133/><W18/><G21/><T127/><D127/><U70/><E70/><V15/><F15/><W22/><G20/><T67/><D62/><U71/><E71/><V68/><F68/><W40/><G40/><T90/><AGARI ba="0,0" hai="13,16,23,52,55,65,66,67,78,83,87,90,95,98" machi="90" ten="30,12000,1" yaku="0,1,8,1,52,1,54,2" doraHai="86" who="0" fromWho="0" sc="250,120,250,-40,250,-40,250,-40" /><INIT seed="0,1,0,0,5,45" ten="370,210,210,210" oya="0" hai0="54,30,131,100,115,95,62,9,91,97,80,66,76" hai1="39,55,56,41,64,90,107,103,93,7,96,112,110" hai2="114,81,16,35,22,130,25,125,92,28,63,113,73" hai3="61,88,128,129,117,18,102,86,6,106,38,4,57"/><T19/><D115/><U48/><E112/><V27/><F125/><W17/><G117/><T21/><D131/><N who="3" m="50249" /><G38/><T8/><D54/><U0/><E110/><V77/><F130/><W53/><G102/><T65/><D30/><U32/><E32/><V26/><F92/><N who="3" m="54295" /><G106/><T132/><D132/><U31/><E31/><V10/><F27/><W24/><G24/><T126/><D126/><U46/><E64/><V124/><F124/><W79/><G79/><T47/><D47/><U122/><E122/><V3/><REACH who="2" step="1"/><F63/><REACH who="2" ten="370,210,200,210" step="2"/><W133/><G133/><T49/><D62/><U29/><E107/><V11/><F11/><W14/><G17/><T42/><D19/><U43/><E29/><V105/><F105/><W37/><G37/><T5/><D95/><U108/><E39/><V85/><F85/><W20/><AGARI ba="1,1" hai="4,6,14,18,20,53,57,61" m="54295,50249" machi="20" ten="30,2000,0" yaku="19,1,54,1" doraHai="45" who="3" fromWho="3" sc="370,-11,210,-6,200,-6,210,33" /><INIT seed="1,0,0,2,0,117" ten="359,204,194,243" oya="1" hai0="104,54,55,27,44,15,86,90,71,24,13,100,6" hai1="79,87,4,102,7,83,78,53,65,106,25,11,72" hai2="64,110,0,70,42,111,46,14,132,52,3,92,40" hai3="17,38,91,113,5,1,112,129,33,16,94,26,73"/><U32/><E53/><V60/><F132/><W96/><G38/><T20/><D71/><U69/><E79/><V109/><F14/><N who="0" m="5130" /><D104/><U84/><E7/><V39/><F42/><W135/><G73/><T116/><D116/><U10/><E10/><V119/><F119/><W126/><G135/><T30/><D6/><U51/><E51/><V89/><REACH who="2" step="1"/><F52/><REACH who="2" ten="359,204,184,243" step="2"/><W128/><G1/><T88/><D54/><U34/><E4/><V56/><F56/><W50/><G5/><T93/><D55/><U66/><E11/><V118/><F118/><W81/><G113/><T114/><D44/><U103/><E69/><V45/><F45/><W97/><G112/><T2/><D114/><U21/><E65/><V59/><F59/><W68/><G68/><T57/><D57/><U133/><E66/><V99/><AGARI ba="0,1" hai="0,3,39,40,46,60,64,70,89,92,99,109,110,111" machi="99" ten="30,4000,0" yaku="1,1,0,1,14,1,53,0" doraHai="117" doraHaiUra="47" who="2" fromWho="2" sc="359,-10,204,-20,184,50,243,-10" /><INIT seed="2,0,0,0,4,25" ten="349,184,234,233" oya="2" hai0="30,58,92,118,67,50,40,123,19,36,8,41,0" hai1="88,82,100,23,94,48,33,115,108,6,75,26,133" hai2="117,13,17,60,63,105,121,3,52,91,71,68,74" hai3="132,78,37,114,44,32,109,45,10,87,4,18,97"/><V12/><F117/><W134/><G109/><T95/><D123/><U131/><E115/><V43/><F121/><W93/><G32/><T130/><D36/><U73/><E108/><V27/><F3/><W127/><G18/><T14/><D130/><U90/><E131/><V7/><F74/><W29/><G29/><T56/><D0/><U9/><E133/><N who="3" m="51306" /><G127/><T11/><D118/><U119/><E33/><V57/><F105/><W120/><G37/><T104/><D104/><U61/><E119/><V54/><F43/><N who="0" m="16458" /><D30/><U83/><E48/><V65/><F91/><N who="3" m="55487" /><G114/><T107/><D8/><U96/><E61/><V20/><F71/><W110/><G110/><T24/><D24/><U98/><E75/><V103/><F103/><W34/><G34/><T113/><D107/><U2/><E73/><V101/><F101/><W124/><G124/><T59/><D113/><U31/><REACH who="1" step="1"/><E90/><REACH who="1" ten="349,174,234,233" step="2"/><V62/><F62/><W47/><G120/><T79/><D50/><U126/><E126/><V64/><REACH who="2" step="1"/><F27/><REACH who="2" ten="349,174,224,233" step="2"/><W76/><G87/><T116/><D116/><U112/><E112/><V49/><F49/><W86/><G86/><T28/><D14/><AGARI ba="0,2" hai="4,10,14,44,45,47,76,78" m="55487,51306" machi="14" ten="30,1000,0" yaku="20,1" doraHai="25" who="3" fromWho="0" sc="349,-10,174,0,224,0,233,30" /><INIT seed="3,0,0,4,4,6" ten="339,174,224,263" oya="3" hai0="110,49,107,80,123,135,91,114,132,54,87,75,115" hai1="18,82,93,36,5,19,117,96,9,111,121,45,88" hai2="62,105,77,65,3,76,1,108,71,10,38,13,60" hai3="106,8,14,99,58,17,102,122,112,134,100,81,50"/><W92/><G112/><N who="0" m="43051" /><D110/><U79/><E121/><V126/><F105/><W44/><G134/><T21/><D123/><U2/><E111/><V124/><F108/><W74/><G122/><T42/><D107/><U85/><REACH who="1" step="1"/><E117/><REACH who="1" ten="339,164,224,263" step="2"/><V130/><F130/><W34/><G34/><T64/><D132/><U56/><E56/><V37/><F37/><W39/><G58/><T89/><D135/><U94/><E94/><V125/><F38/><W31/><G39/><T95/><D95/><U113/><E113/><V43/><F43/><AGARI ba="0,1" hai="2,5,9,18,19,36,43,45,79,82,85,88,93,96" machi="43" ten="40,5200,0" yaku="1,1,52,1,54,1,53,0" doraHai="6" doraHaiUra="63" who="1" fromWho="2" sc="339,0,164,62,224,-52,263,0" owari="339,43.9,226,-17.4,172,-32.8,263,6.3" /></mjloggm>