<mjloggm ver="2.3"><GO type="225" lobby="0"/><UN n0="%E3%81%9F%E3%81%93%E2%98%86%E7%84%BC%E3%81%8D" n1="%E3%81%99%E3%81%84%E3%81%BE%E3%81%9B%E3%83%BC%E3%82%93" n2="%E6%B1%9D%E6%9C%89%E4%BD%95%E7%96%91" n3="%E3%81%95%E3%81%8D%E3%81%9F%E3%81%BE%E6%9E%97%E6%AA%8E" dan="16,16,16,16" rate="2080.57,2110.94,2095.65,2085.43" sx="M,M,M,M"/><TAIKYOKU oya="0"/><INIT seed="0,0,0,3,0,25" ten="250,250,250,250" oya="0" hai0="71,2,77,120,134,127,122,19,52,70,94,98,117" hai1="64,55,40,15,49,48,10,78,4,104,86,17,12" hai2="79,109,102,95,22,26,67,45,85,118,111,20,13" hai3="53,115,29,82,106,105,3,5,51,72,88,11,9"/><T96/><D2/><U112/><E104/><V54/><F118/><W87/><G115/><T28/><D117/><U27/><E112/><V8/><F67/><W42/><G42/><T103/><D77/><U36/><E64/><V75/><F75/><W43/><G43/><T16/><D94/><U124/><E124/><V18/><F22/><W34/><G72/><T125/><D103/><U123/><E36/><V21/><F21/><W84/><G11/><T32/><D32/><U60/><E123/><V81/><F102/><W47/><REACH who="3" step="1"/><G87/><REACH who="3" ten="250,250,250,240" step="2"/><T97/><D97/><U63/><E10/><V23/><F8/><W93/><G93/><T133/><D52/><U50/><E86/><V7/><F95/><W56/><G56/><T69/><D69/><U73/><E55/><V6/><F111/><W130/><G130/><T0/><D0/><U131/><E40/><V37/><F109/><W61/><G61/><T99/><D98/><U107/><E63/><V100/><F37/><W83/><G83/><T126/><D127/><U62/><E60/><V114/><F114/><W135/><G135/><T66/><D66/><U110/><E62/><V30/><F100/><W101/><G101/><T121/><D122/><U44/><E110/><V128/><F128/><W68/><G68/><T119/><D119/><U39/><E131/><V92/><F92/><W58/><G58/><T129/><D129/><U91/><E39/><V46/><F54/><W14/><G14/><T33/><REACH who="0" step="1"/><D33/><REACH who="0" ten="240,250,250,240" step="2"/><U35/><E35/><V57/><F57/><W41/><G41/><T24/><D24/><AGARI ba="0,2" hai="3,5,9,24,29,34,47,51,53,82,84,88,105,106" machi="24" ten="40,5200,0" yaku="1,1,52,1,54,1,53,0" doraHai="25" doraHaiUra="113" who="3" fromWho="0" sc="240,-52,250,0,250,0,240,72" /><INIT seed="1,0,0,4,4,46" ten="188,250,250,312" oya="1" hai0="60,109,111,68,63,80,13,104,40,42,14,94,30" hai1="56,74,112,1,110,22,98,99,66,52,50,132,59" hai2="92,9,124,108,7,55,73,3,117,18,11,72,107" hai3="121,87,105,126,86,12,17,33,53,123,25,113,44"/><U97/><E112/><V69/><F117/><W88/><G113/><T48/><D104/><U129/><E1/><V70/><F107/><W34/><G126/><T61/><D68/><U37/><E74/><V135/><F124/><W29/><G105/><T31/><D80/><U0/><E0/><V93/><F108/><N who="0" m="41546" /><D94/><U58/><E110/><V10/><F135/><W102/><G102/><T54/><D13/><U62/><E37/><V77/><F18/><W134/><G134/><T85/><D14/><U2/><E2/><V45/><F7/><W90/><G34/><T20/><D85/><U71/><E132/><V26/><F26/><W64/><G64/><T131/><D131/><U27/><REACH who="1" step="1"/><E129/><REACH who="1" ten="188,240,250,312" step="2"/><V43/><F3/><W21/><G123/><T23/><D30/><AGARI ba="0,1" hai="22,27,30,50,52,56,58,59,62,66,71,97,98,99" machi="30" ten="40,12000,1" yaku="1,1,2,1,52,1,54,1,53,0" doraHai="46" doraHaiUra="128" who="1" fromWho="0" sc="188,-120,240,130,250,0,312,0" /><INIT seed="1,1,0,1,0,132" ten="68,370,250,312" oya="1" hai0="96,26,105,23,90,67,25,89,103,17,124,35,7" hai1="134,57,33,123,133,39,102,80,60,76,59,56,68" hai2="84,104,85,82,119,27,100,79,98,49,126,64,61" hai3="71,91,15,11,50,121,2,45,127,88,92,122,78"/><U48/><E39/><V34/><F119/><W130/><G71/><T97/><D67/><N who="1" m="41063" /><E33/><V3/><F3/><W10/><G127/><T83/><D7/><U75/><E102/><V106/><F49/><W22/><G130/><T36/><D36/><U81/><E81/><V111/><F111/><W99/><G78/><T0/><D0/><U109/><E123/><V9/><F9/><W69/><G69/><T14/><D83/><U87/><E75/><V41/><F41/><W63/><G63/><T113/><D113/><U62/><E48/><V18/><F104/><W44/><G44/><T110/><D110/><U55/><E109/><V6/><F6/><W4/><G22/><T53/><D53/><U51/><E62/><V28/><F18/><W5/><REACH who="3" step="1"/><G91/><REACH who="3" ten="68,370,250,302" step="2"/><T65/><D124/><U95/><E76/><V19/><F126/><W77/><G77/><T107/><D35/><U86/><E134/><V40/><F61/><W74/><G74/><T118/><D118/><U46/><E46/><V128/><F128/><W32/><G32/><T73/><D65/><U8/><E133/><V93/><F64/><W70/><G70/><T37/><D73/><U72/><E72/><V12/><F79/><W52/><AGARI ba="1,1" hai="2,4,5,10,11,15,45,50,52,88,92,99,121,122" machi="52" ten="20,8000,1" yaku="1,1,0,1,7,1,54,2,53,0" doraHai="132" doraHaiUra="21" who="3" fromWho="3" sc="68,-21,370,-41,250,-21,302,93" /><INIT seed="2,0,0,4,0,66" ten="47,329,229,395" oya="2" hai0="64,44,65,51,29,100,50,33,81,52,133,56,45" hai1="92,125,76,48,110,10,120,0,70,17,43,93,128" hai2="34,3,8,26,36,80,123,116,5,107,77,39,135" hai3="88,105,47,73,104,55,13,86,23,101,112,20,25"/><V114/><F116/><W122/><G73/><T67/><D100/><U113/><E70/><V4/><F114/><W14/><G122/><T24/><D81/><U63/><E113/><V97/><F123/><W115/><G101/><T74/><D74/><U31/><E31/><N who="2" m="19831" /><F135/><W111/><G47/><T58/><REACH who="0" step="1"/><D133/><REACH who="0" ten="37,329,229,395" step="2"/><U60/><E120/><V38/><F80/><W18/><G115/><T82/><D82/><U129/><E129/><V109/><F107/><W84/><G105/><T119/><D119/><U16/><E128/><V87/><F77/><W37/><G104/><T79/><D79/><U30/><E76/><V46/><F38/><W134/><G112/><T41/><AGARI ba="0,1" hai="24,29,33,41,44,45,50,51,52,56,58,64,65,67" machi="41" ten="30,7900,0" yaku="1,1,0,1,54,1,53,1" doraHai="66" doraHaiUra="22" who="0" fromWho="0" sc="37,89,329,-20,229,-39,395,-20" /><INIT seed="3,0,0,4,0,127" ten="126,309,190,375" oya="3" hai0="48,39,58,16,91,60,45,56,101,131,87,66,29" hai1="14,119,37,104,3,22,135,82,134,114,73,71,63" hai2="47,128,36,30,96,11,124,27,94,34,35,74,15" hai3="106,51,53,122,24,99,43,65,84,46,67,86,130"/><W79/><G122/><T132/><D101/><U1/><E22/><V110/><F74/><W125/><G125/><T20/><D29/><U98/><E14/><V40/><F124/><W64/><G106/><T17/><D132/><U85/><E85/><V13/><F110/><W21/><G99/><T118/><D39/><U113/><E119/><V18/><F128/><W0/><G130/><T116/><D131/><U26/><E26/><V25/><F13/><W2/><G2/><T41/><D58/><U76/><E37/><V44/><F44/><W49/><G0/><T72/><D72/><U102/><E3/><V77/><F77/><W19/><G79/><T33/><D33/><U54/><E54/><V28/><F94/><W57/><AGARI ba="0,0" hai="19,21,24,43,46,49,51,53,57,64,65,67,84,86" machi="57" ten="30,3000,0" yaku="0,1,8,1" doraHai="127" who="3" fromWho="3" sc="126,-10,309,-10,190,-10,375,30" owari="116,-38.4,299,9.9,180,-22.0,405,50.5" /></mjloggm>