<mjloggm ver="2.3"><GO type="225" lobby="0"/><UN n0="%E4%B8%89%E5%86%A0%E7%8E%8B%E3%83%BB%E5%B1%B1%E7%94%B0%E5%93%B2%E4%BA%BA" n1="%41%54%53%4D" n2="%E6%A1%9C%E8%8A%B1%E9%96%83%E3%80%85" n3="%72%61%6B%33" dan="16,16,17,16" rate="2146.71,2108.94,2191.61,2210.75" sx="M,M,M,M"/><TAIKYOKU oya="0"/><INIT seed="0,0,0,1,1,41" ten="250,250,250,250" oya="0" hai0="109,87,52,123,6,83,92,34,75,16,23,102,8" hai1="61,57,90,28,107,2,104,101,105,30,81,37,84" hai2="49,36,67,89,118,95,99,11,93,12,45,43,44" hai3="82,25,111,63,135,78,124,4,58,18,79,80,13"/><T54/><D34/><U96/><E2/><V116/><F67/><W51/><G111/><T60/><D123/><U32/><E37/><V108/><F108/><W110/><G110/><T53/><D109/><U24/><REACH who="1" step="1"/><E28/><REACH who="1" ten="250,240,250,250" step="2"/><V125/><F125/><W68/><G124/><T38/><D38/><U10/><E10/><V94/><F116/><W29/><G29/><T62/><D75/><U46/><E46/><V122/><F118/><W19/><G135/><T47/><D47/><U35/><E35/><V31/><F31/><W103/><G68/><T73/><D73/><U55/><AGARI ba="0,1" hai="24,30,32,55,57,61,81,84,90,96,101,104,105,107" machi="55" ten="20,2700,0" yaku="1,1,0,1,7,1,53,0" doraHai="41" doraHaiUra="129" who="1" fromWho="1" sc="250,-13,240,37,250,-7,250,-7" /><INIT seed="1,0,0,0,3,120" ten="237,277,243,243" oya="1" hai0="35,88,44,23,6,77,27,36,91,115,48,49,2" hai1="1,69,104,119,50,99,66,67,90,98,122,87,16" hai2="118,106,18,110,62,12,135,29,133,109,31,33,22" hai3="4,71,8,113,129,20,56,72,52,26,42,28,17"/><U123/><E119/><V9/><F106/><W83/><G113/><T47/><D115/><U63/><E1/><V94/><F118/><W51/><G129/><T82/><D35/><U45/><E67/><V107/><F107/><W80/><G71/><T132/><D132/><N who="2" m="50762" /><F62/><W126/><G126/><T103/><D103/><U92/><E99/><V93/><F33/><W75/><G42/><T81/><D36/><U70/><E70/><V7/><F94/><W128/><G128/><T108/><D108/><N who="2" m="41578" /><F93/><W84/><G28/><T55/><D82/><U97/><E97/><V116/><F116/><W38/><G83/><T40/><D2/><AGARI ba="0,0" hai="2,7,9,12,18,22,29,31" m="41578,50762" machi="2" ten="30,12000,2" yaku="20,1,14,1,34,2,52,3" doraHai="120" who="2" fromWho="0" sc="237,-120,277,0,243,120,243,0" /><INIT seed="2,0,0,3,2,98" ten="117,277,363,243" oya="2" hai0="23,41,134,49,102,44,88,105,21,30,16,113,18" hai1="50,80,56,76,46,104,36,38,120,3,118,32,110" hai2="90,37,14,10,93,24,70,51,103,59,96,73,101" hai3="62,39,75,94,61,31,55,106,9,115,122,25,114"/><V52/><F70/><W109/><G106/><T17/><D113/><U78/><E118/><V123/><F123/><W58/><G122/><T2/><D2/><U87/><E120/><V66/><F73/><W111/><G39/><T63/><D134/><U117/><E117/><V28/><F37/><W6/><G75/><T13/><D30/><U108/><E3/><V1/><F66/><W33/><G62/><T20/><D63/><U0/><E0/><V15/><F1/><N who="3" m="207" /><G94/><T127/><D127/><U48/><E32/><V40/><F40/><W128/><G128/><T86/><D105/><U19/><E104/><V92/><F92/><W133/><G133/><T81/><REACH who="0" step="1"/><D102/><REACH who="0" ten="107,277,363,243" step="2"/><N who="2" m="38922" /><F10/><AGARI ba="0,1" hai="10,13,16,17,18,20,21,23,41,44,49,81,86,88" machi="10" ten="40,8000,1" yaku="1,1,8,1,54,2,53,0" doraHai="98" doraHaiUra="29" who="0" fromWho="2" sc="107,90,277,0,363,-80,243,0" /><INIT seed="3,0,0,3,3,95" ten="197,277,283,243" oya="3" hai0="16,134,128,105,85,60,25,9,102,131,103,112,120" hai1="39,17,122,80,81,65,32,59,13,56,86,21,104" hai2="133,83,73,53,24,100,114,55,92,130,63,78,40" hai3="48,126,123,42,54,20,117,11,3,121,62,96,23"/><W135/><G117/><T82/><D120/><U67/><E122/><V46/><F114/><W12/><G3/><T57/><D112/><U66/><E32/><V5/><F133/><W45/><G135/><T41/><D41/><U111/><E39/><V2/><F130/><W110/><G126/><T93/><D105/><U68/><E68/><V119/><F119/><W33/><G33/><T19/><D134/><U71/><E71/><V31/><F63/><W72/><G72/><T87/><D131/><U125/><E125/><V6/><F6/><W64/><G110/><T27/><D128/><U94/><E104/><V0/><F0/><W91/><G42/><T10/><D93/><U127/><E111/><V107/><F107/><W70/><G123/><T61/><REACH who="0" step="1"/><D57/><REACH who="0" ten="187,277,283,243" step="2"/><N who="1" m="22091" /><E127/><V118/><F92/><N who="3" m="56351" /><G70/><T18/><D18/><U34/><E34/><V47/><F40/><W36/><G121/><T74/><D74/><U8/><E8/><V15/><F118/><W22/><G36/><T14/><D14/><U75/><E75/><V69/><F15/><W124/><G124/><T35/><D35/><U44/><E44/><V101/><F69/><W115/><G115/><T129/><D129/><U113/><E113/><V38/><F47/><W79/><G11/><T116/><D116/><U1/><E1/><V58/><F58/><N who="3" m="36951" /><G12/><T50/><D50/><U106/><E106/><V52/><F46/><W90/><G45/><T108/><D108/><U29/><E29/><V89/><F38/><W84/><G48/><T88/><D88/><AGARI ba="0,1" hai="13,17,21,65,66,67,80,81,86,88,94" m="22091" machi="88" ten="30,2000,0" yaku="8,1,54,1" doraHai="95" who="1" fromWho="0" sc="187,-20,277,30,283,0,243,0" owari="167,-33.3,307,40.7,283,8.3,243,-15.7" /></mjloggm>