<mjloggm ver="2.3"><GO type="225" lobby="0"/><UN n0="%E3%81%A1%E3%82%85%E3%81%86%E3%81%A9%E3%81%8F%E8%B1%A1%E3%81%95%E3%82%93" n1="%72%69%6F%75%63%68%61%6E" n2="%E3%81%86%E3%81%A1%E3%83%BC" n3="%E3%82%BC%E3%83%AB%E3%83%80%E3%81%AE%E4%BC%9D%E8%AA%AC" dan="16,17,16,16" rate="2155.58,2271.07,2128.81,2107.02" sx="M,M,M,M"/><TAIKYOKU oya="0"/><INIT seed="0,0,0,3,5,63" ten="250,250,250,250" oya="0" hai0="128,73,111,23,78,8,126,26,131,84,47,87,114" hai1="92,101,61,135,115,80,113,97,72,17,69,62,45" hai2="81,35,119,120,104,58,106,105,4,90,95,64,46" hai3="71,20,29,88,74,99,39,43,11,15,49,1,18"/><T70/><D114/><N who="1" m="43531" /><E135/><V3/><F35/><W103/><G74/><T33/><D33/><U60/><E45/><V30/><F30/><W12/><G39/><T117/><D117/><U102/><E17/><V77/><F4/><W50/><G1/><T94/><D70/><U67/><E101/><V56/><F3/><W51/><G71/><T24/><D47/><U57/><E69/><V76/><F120/><W85/><G43/><T55/><D55/><U123/><E123/><V10/><F10/><W16/><G29/><T2/><D126/><U122/><E122/><V96/><F119/><W109/><G109/><T83/><D111/><U5/><E5/><V132/><F132/><W107/><REACH who="3" step="1"/><G51/><REACH who="3" ten="250,250,250,240" step="2"/><T32/><D2/><U0/><E0/><V38/><F38/><W7/><G7/><T31/><D73/><U54/><E54/><V108/><F108/><W65/><G65/><T68/><D68/><U66/><E57/><V118/><F118/><W40/><G40/><T36/><D36/><U112/><N who="1" m="43539" /><U21/><DORA hai="100" /><E21/><V41/><F58/><W125/><G125/><T6/><D6/><U52/><E52/><V59/><F56/><W53/><G53/><T86/><D8/><U127/><E127/><V82/><F59/><W22/><G22/><T89/><D128/><U79/><AGARI ba="0,1" hai="60,61,62,66,67,72,79,80,92,97,102" m="43539" machi="79" ten="50,6400,0" yaku="11,1,52,2" doraHai="63,100" who="1" fromWho="1" sc="250,-32,250,74,250,-16,240,-16" /><INIT seed="1,0,0,0,1,53" ten="218,324,234,224" oya="1" hai0="98,123,34,86,133,91,37,49,103,0,32,7,59" hai1="40,106,116,114,129,135,9,90,111,64,61,108,121" hai2="66,112,82,48,52,104,4,124,8,125,3,18,56" hai3="22,127,73,134,93,84,62,15,107,80,39,92,28"/><U33/><E114/><V6/><F104/><W99/><G62/><T85/><D37/><U5/><E116/><V58/><F112/><W95/><G39/><T57/><D133/><U120/><E33/><V20/><F6/><W79/><G134/><T89/><D123/><U31/><E129/><V132/><F132/><W24/><G127/><N who="2" m="48713" /><F82/><W11/><G107/><T81/><D7/><U74/><E135/><V115/><F115/><W36/><G36/><T71/><D71/><U2/><E31/><V68/><F68/><W113/><G113/><T10/><D10/><U130/><E130/><V96/><F96/><W100/><REACH who="3" step="1"/><G73/><REACH who="3" ten="218,324,234,214" step="2"/><T38/><D38/><U63/><E74/><V69/><F69/><W101/><G101/><T110/><D110/><N who="1" m="42027" /><E106/><V77/><F66/><W50/><G50/><T19/><D49/><U88/><E61/><V16/><F77/><W47/><G47/><T94/><D0/><U42/><E120/><V72/><F72/><W97/><G97/><T25/><D32/><U46/><E121/><V17/><F58/><W87/><G87/><T60/><D34/><U131/><E131/><V21/><AGARI ba="0,1" hai="3,4,8,16,17,18,20,21,48,52,56" m="48713" machi="21" ten="40,8000,1" yaku="18,1,52,1,54,2" doraHai="53" who="2" fromWho="2" sc="218,-20,324,-40,234,90,214,-20" /><INIT seed="2,0,0,1,1,45" ten="198,284,324,194" oya="2" hai0="8,42,33,97,64,124,74,126,35,3,43,57,46" hai1="14,116,58,39,100,59,115,106,51,123,83,101,49" hai2="102,120,84,54,22,82,50,56,9,23,18,69,121" hai3="0,65,2,85,24,32,103,60,128,34,112,11,66"/><V104/><F69/><W55/><G128/><T88/><D74/><U29/><E115/><V110/><F110/><W75/><G75/><T53/><D64/><U89/><E116/><V109/><F109/><W70/><G112/><T25/><D3/><U13/><E39/><V122/><F104/><W6/><G66/><T132/><D8/><U41/><E123/><V98/><F9/><W134/><G134/><T37/><D42/><U62/><E29/><V36/><F36/><W125/><G125/><N who="0" m="48235" /><D132/><U68/><E68/><V107/><REACH who="2" step="1"/><F18/><REACH who="2" ten="198,284,314,194" step="2"/><W81/><G11/><T28/><D35/><U1/><E106/><V93/><F93/><W12/><G34/><T118/><D118/><U77/><E1/><V80/><F80/><W76/><G2/><T72/><D33/><U40/><E83/><V117/><F117/><W5/><G0/><T63/><D37/><U19/><E19/><V94/><F94/><W17/><G32/><T26/><D28/><U90/><E62/><V61/><F61/><W27/><G60/><T96/><D63/><U31/><E31/><V4/><F4/><W30/><G30/><T111/><D111/><U48/><E48/><V7/><F7/><W87/><G5/><T21/><D21/><U92/><E92/><V135/><F135/><W119/><G6/><T16/><D16/><U129/><E129/><V86/><F86/><W47/><G85/><T38/><D38/><U15/><E15/><V99/><F99/><W108/><G108/><T105/><D96/><U10/><E10/><V95/><F95/><W91/><G119/><T52/><D97/><RYUUKYOKU ba="0,1" sc="198,-15,284,15,314,15,194,-15" hai1="13,14,40,41,49,51,58,59,77,89,90,100,101" hai2="22,23,50,54,56,82,84,98,102,107,120,121,122" /><INIT seed="2,1,1,4,1,116" ten="183,299,329,179" oya="2" hai0="7,57,19,68,75,82,80,1,79,81,27,87,83" hai1="44,54,95,121,17,40,28,101,119,39,23,29,103" hai2="43,127,78,129,13,131,113,5,0,32,3,11,104" hai3="16,84,135,34,93,97,52,72,90,31,20,102,112"/><V123/><F113/><W86/><G112/><T76/><D68/><U26/><E119/><V107/><F127/><W74/><G135/><T89/><D57/><U108/><E108/><V24/><F123/><W48/><G34/><T4/><D1/><U109/><E109/><V125/><F125/><W53/><G31/><T50/><D50/><U45/><E121/><V51/><F78/><W92/><G86/><N who="0" m="50375" /><D75/><U21/><E95/><V12/><F24/><W126/><G126/><T38/><D38/><U8/><E8/><N who="2" m="4111" /><F32/><W10/><G10/><T63/><D63/><U114/><E114/><V98/><F51/><W33/><G33/><T67/><D67/><U14/><REACH who="1" step="1"/><E28/><REACH who="1" ten="183,289,329,179" step="2"/><V56/><F107/><W106/><G106/><T117/><D117/><U71/><E71/><V2/><F104/><W58/><REACH who="3" step="1"/><G53/><REACH who="3" ten="183,289,329,169" step="2"/><T46/><D76/><U42/><E42/><V132/><F43/><W130/><G130/><T100/><D79/><U133/><E133/><V15/><F132/><W55/><G55/><T134/><D134/><U36/><E36/><V111/><F111/><W85/><G85/><T105/><D87/><U6/><E6/><V30/><F30/><W96/><G96/><N who="0" m="61575" /><D4/><U9/><E9/><V18/><F98/><W128/><G128/><T61/><D7/><U64/><E64/><V73/><F131/><W49/><G49/><AGARI ba="1,3" hai="14,17,21,23,26,29,39,40,44,45,49,54,101,103" machi="49" ten="40,1300,0" yaku="1,1,53,0" doraHai="116" doraHaiUra="122" who="1" fromWho="3" sc="183,0,289,46,329,0,169,-16" /><INIT seed="3,0,0,3,1,48" ten="183,335,329,153" oya="3" hai0="112,54,80,38,97,60,41,131,107,116,132,35,24" hai1="105,100,75,81,36,26,47,128,40,82,89,68,99" hai2="125,121,66,8,88,78,73,7,118,87,72,37,117" hai3="86,111,30,43,33,34,22,65,42,71,77,39,106"/><W50/><G106/><T59/><D116/><U57/><E68/><V55/><F66/><W94/><G39/><T10/><D132/><U51/><E128/><V133/><F37/><W9/><G111/><T32/><D131/><U84/><E26/><V45/><F133/><W95/><G9/><T130/><D130/><U12/><E12/><V19/><F125/><W62/><G95/><T21/><D112/><U52/><E75/><N who="2" m="28747" /><F78/><W104/><G104/><T110/><D110/><U53/><E53/><V122/><F7/><W127/><G127/><T83/><D10/><U17/><E17/><V11/><F55/><W46/><G43/><T31/><D80/><AGARI ba="0,0" hai="36,40,47,51,52,57,80,81,82,84,89,99,100,105" machi="80" ten="30,3900,0" yaku="7,1,52,1,54,1" doraHai="48" who="1" fromWho="0" sc="183,-39,335,39,329,0,153,0" owari="144,-35.6,374,47.4,329,12.9,153,-24.7" /></mjloggm>