<mjloggm ver="2.3"><GO type="225" lobby="0"/><UN n0="%E4%BE%BF%E6%89%80" n1="%E6%B4%BE%E9%81%A3%E3%81%AE%E3%82%B8%E3%83%A3%E3%83%83%E3%82%AF" n2="%E3%81%86%E3%82%8C%E3%81%9F%E3%82%93%E6%9E%95" n3="%E3%81%86%E3%81%A3%E3%81%97%E3%83%BC%30%30" dan="16,17,16,16" rate="2065.95,2201.45,2114.81,2079.30" sx="M,M,F,M"/><TAIKYOKU oya="0"/><INIT seed="0,0,0,5,4,31" ten="250,250,250,250" oya="0" hai0="72,4,15,99,1,64,62,51,24,75,58,60,116" hai1="113,134,36,119,135,50,56,70,108,41,44,89,92" hai2="86,61,121,73,28,91,3,87,59,48,11,33,79" hai3="85,22,127,32,65,122,111,98,63,71,9,52,8"/><T77/><D116/><U35/><E119/><V69/><F121/><W29/><G111/><T46/><D1/><U130/><E108/><V66/><F73/><W25/><G122/><T6/><D99/><U101/><E101/><V90/><F79/><W95/><G127/><T132/><D132/><N who="1" m="50731" /><E70/><V114/><F114/><W45/><G85/><T124/><D124/><U0/><E0/><V12/><F3/><W42/><G22/><T53/><D77/><U96/><E130/><V102/><F102/><W110/><G52/><T131/><D131/><U81/><E81/><V78/><F78/><W118/><G110/><T74/><D15/><U17/><E17/><V115/><F115/><W133/><G118/><T82/><D82/><U106/><E106/><V7/><F87/><W94/><G94/><T105/><D105/><U47/><E56/><V30/><F33/><W68/><G68/><T14/><D14/><U26/><E113/><V20/><F20/><W34/><G34/><T93/><D93/><U128/><E128/><V2/><F2/><W49/><REACH who="3" step="1"/><G133/><REACH who="3" ten="250,250,250,240" step="2"/><T117/><D117/><U21/><E35/><V10/><F10/><W40/><G40/><T80/><D80/><U125/><E125/><V112/><F112/><W5/><G5/><T27/><REACH who="0" step="1"/><D60/><REACH who="0" ten="240,250,250,240" step="2"/><U126/><E126/><V37/><F61/><W107/><G107/><T123/><D123/><U100/><E92/><V129/><F129/><W104/><G104/><T43/><D43/><U84/><E41/><V103/><F7/><AGARI ba="0,2" hai="4,6,7,24,27,46,51,53,58,62,64,72,74,75" machi="7" ten="40,2000,0" yaku="1,1,53,0" doraHai="31" doraHaiUra="109" who="0" fromWho="2" sc="240,40,250,0,250,-20,240,0" /><INIT seed="0,1,0,0,2,108" ten="280,250,230,240" oya="0" hai0="80,21,77,126,3,81,122,4,110,66,2,56,65" hai1="55,59,45,133,24,121,61,39,98,93,48,99,103" hai2="27,90,102,130,74,91,67,87,70,82,111,134,128" hai3="135,50,127,123,43,64,95,26,28,88,35,107,131"/><T60/><D122/><U34/><E121/><V114/><F67/><W49/><G123/><T9/><D126/><U44/><E133/><V113/><F70/><W58/><G107/><T17/><D110/><U75/><E75/><V47/><F111/><W8/><G135/><T33/><D33/><U132/><E132/><V18/><F134/><W40/><G127/><T97/><D2/><U11/><E11/><V104/><F47/><W92/><G92/><T72/><D81/><U89/><E39/><V73/><F27/><W62/><G131/><N who="2" m="50217" /><F18/><W124/><G124/><T10/><D10/><U96/><E89/><V52/><F52/><W51/><REACH who="3" step="1"/><G8/><REACH who="3" ten="280,250,230,230" step="2"/><T109/><D109/><U20/><E34/><V14/><F104/><W86/><AGARI ba="1,1" hai="26,28,35,40,43,49,50,51,58,62,64,86,88,95" machi="86" ten="30,7900,0" yaku="1,1,2,1,0,1,54,1,53,0" doraHai="108" doraHaiUra="116" who="3" fromWho="3" sc="280,-40,250,-21,230,-21,230,92" /><INIT seed="1,0,0,4,1,95" ten="240,229,209,322" oya="1" hai0="11,31,17,92,2,74,10,78,128,108,76,13,47" hai1="20,131,96,26,21,44,116,54,71,55,115,49,19" hai2="41,94,105,110,66,93,48,84,120,77,100,88,89" hai3="118,123,113,91,130,8,125,37,25,60,75,106,70"/><U63/><E115/><V59/><F120/><W117/><RYUUKYOKU type="yao9" ba="0,0" sc="240,0,229,0,209,0,322,0" hai3="8,25,37,60,70,75,91,106,113,117,118,123,125,130" /><INIT seed="1,1,0,0,5,125" ten="240,229,209,322" oya="1" hai0="13,47,16,78,132,50,122,19,113,53,102,84,128" hai1="31,60,48,6,68,70,38,67,36,29,117,133,49" hai2="88,59,87,81,20,57,22,2,1,25,104,112,64" hai3="45,7,28,41,3,135,66,43,14,15,96,100,12"/><U44/><E117/><V54/><F104/><W21/><G135/><T101/><D113/><U109/><E133/><V69/><F112/><W27/><G66/><T63/><D132/><U124/><E6/><V126/><F126/><W83/><G83/><N who="0" m="47223" /><D122/><U18/><E124/><V62/><F69/><W52/><G3/><T34/><D34/><U58/><E109/><V99/><F99/><W98/><G7/><T123/><D123/><U103/><E103/><V5/><F5/><W56/><G45/><T0/><D0/><U110/><E110/><V106/><F106/><W120/><G120/><T107/><D107/><U131/><E18/><V80/><F80/><W26/><G26/><T17/><D128/><U119/><E119/><V130/><F130/><W74/><G74/><T92/><D92/><U111/><E111/><V77/><F77/><W97/><REACH who="3" step="1"/><G100/><REACH who="3" ten="240,229,209,312" step="2"/><N who="0" m="38507" /><D63/><AGARI ba="1,1" hai="12,14,15,21,27,28,41,43,52,56,63,96,97,98" machi="63" ten="40,5200,0" yaku="1,1,8,1,54,1,53,0" doraHai="125" doraHaiUra="105" who="3" fromWho="0" sc="240,-55,229,0,209,0,312,65" /><INIT seed="2,0,0,0,2,105" ten="185,229,209,377" oya="2" hai0="40,55,67,0,74,103,116,108,88,135,17,90,124" hai1="91,12,1,8,65,86,111,72,97,85,98,2,44" hai2="71,38,61,57,102,70,77,19,95,60,92,56,112" hai3="117,18,131,29,120,22,93,42,133,53,129,16,13"/><V64/><F112/><W100/><G117/><T89/><D0/><U52/><E111/><V21/><F38/><W107/><G120/><T47/><D108/><U83/><E65/><V11/><F77/><W118/><G118/><T20/><D116/><U41/><E72/><V82/><F82/><W123/><G123/><T127/><D67/><U25/><E25/><V6/><F6/><W110/><G107/><T50/><D103/><U45/><E85/><V15/><F11/><W43/><G133/><T81/><D135/><U101/><E101/><V34/><F34/><W69/><G69/><T32/><D32/><U26/><E26/><V99/><REACH who="2" step="1"/><F92/><REACH who="2" ten="185,229,199,377" step="2"/><W134/><G93/><T4/><D4/><U58/><E2/><V114/><F114/><W122/><G122/><T9/><D9/><U125/><E1/><V30/><F30/><W79/><G22/><T66/><D81/><U80/><E83/><V73/><F73/><W87/><G110/><T33/><D74/><U51/><E125/><V37/><F37/><W128/><G79/><T63/><D33/><U49/><E44/><V36/><F36/><W5/><G5/><AGARI ba="0,1" hai="5,8,12,41,45,49,51,52,58,80,86,91,97,98" machi="5" ten="30,3900,0" yaku="7,1,8,1,54,1" doraHai="105" who="1" fromWho="3" sc="185,0,229,49,199,0,377,-39" /><INIT seed="3,0,0,2,2,84" ten="185,278,199,338" oya="3" hai0="77,127,109,133,63,5,19,41,110,81,91,123,73" hai1="13,65,79,20,93,64,76,115,10,58,69,95,128" hai2="104,124,134,126,99,3,51,119,61,121,31,101,48" hai3="135,1,103,83,0,113,23,11,32,43,94,30,33"/><W12/><G83/><T78/><D123/><U129/><E69/><V54/><F119/><W131/><G94/><T114/><D127/><N who="2" m="48682" /><F134/><W66/><G103/><T27/><D133/><U57/><E20/><V26/><F3/><W75/><G43/><T122/><D122/><U45/><E13/><V90/><F121/><W132/><G66/><T4/><D41/><U35/><E35/><N who="2" m="20983" /><F90/><W21/><G75/><T102/><D114/><U100/><E100/><V40/><F40/><W24/><G131/><T34/><D102/><U17/><E10/><V80/><F80/><W108/><G113/><T56/><D77/><U62/><E115/><V6/><F6/><W47/><G47/><T86/><D34/><U111/><E45/><V49/><F61/><W36/><G36/><T88/><D19/><U44/><E44/><AGARI ba="0,0" hai="44,48,49,51,54,99,101,104" m="20983,48682" machi="44" ten="30,1000,0" yaku="18,1" doraHai="84" who="2" fromWho="1" sc="185,0,278,-10,199,10,338,0" owari="185,-31.5,268,6.8,209,-19.1,338,43.8" /></mjloggm>