<mjloggm ver="2.3"><GO type="225" lobby="0"/><UN n0="%28%EF%BF%A3%E2%96%BD%EF%BF%A3%29%CE%B4%E2%8C%92%E3%83%BB" n1="%E5%8F%AF%E5%85%90%E9%82%A3%E7%94%B1%E5%A4%9A" n2="%E5%B0%8F%E9%B3%A5%E9%81%8A%E7%B7%B4%E7%84%A1%32%31%E6%AD%B3" n3="%E3%81%BF%E3%81%BF%E3%81%9A" dan="16,17,16,16" rate="2157.02,2203.61,2183.70,2159.24" sx="M,F,F,M"/><TAIKYOKU oya="0"/><INIT seed="0,0,0,4,5,44" ten="250,250,250,250" oya="0" hai0="96,107,43,48,63,31,106,1,42,36,118,47,71" hai1="120,34,27,19,25,65,5,30,117,75,86,112,28" hai2="50,113,51,95,124,69,97,66,38,61,129,134,41" hai3="17,128,78,0,92,11,40,32,62,7,103,39,91"/><T135/><D1/><U130/><E75/><V14/><F124/><W84/><G128/><T121/><D31/><U23/><E65/><V20/><F113/><W46/><G32/><T12/><D118/><U58/><E58/><V55/><F134/><W22/><G103/><T122/><D96/><U100/><E100/><V87/><F129/><W101/><G101/><T126/><D12/><N who="1" m="9703" /><E86/><V132/><F87/><W79/><REACH who="3" step="1"/><G62/><REACH who="3" ten="250,250,250,240" step="2"/><T15/><D63/><U8/><E130/><V123/><F132/><W45/><G45/><T88/><D47/><U16/><E117/><V99/><F61/><W56/><G56/><T119/><D119/><U21/><E112/><V67/><F69/><W53/><G53/><T133/><D71/><U9/><E120/><V111/><F55/><W110/><G110/><T104/><D133/><U114/><E114/><V72/><F111/><W85/><G85/><T80/><D135/><U54/><E54/><V2/><F123/><W109/><G109/><T105/><D122/><U93/><E93/><V57/><F95/><W33/><G33/><T90/><D121/><U24/><E5/><V26/><F72/><W82/><G82/><T35/><D80/><U60/><E60/><V3/><F57/><W64/><G64/><T73/><D73/><U94/><E94/><V89/><F67/><W18/><G18/><T6/><D106/><U52/><E52/><V98/><F66/><W125/><G125/><T10/><D105/><U116/><E116/><V49/><F41/><W13/><AGARI ba="0,1" hai="0,7,11,13,17,22,39,40,46,78,79,84,91,92" machi="13" ten="20,5200,0" yaku="1,1,0,1,7,1,53,1" doraHai="44" doraHaiUra="37" who="3" fromWho="3" sc="250,-26,250,-13,250,-13,240,62" /><INIT seed="1,0,0,3,2,83" ten="224,237,237,302" oya="1" hai0="59,52,90,12,93,69,99,19,3,28,50,75,20" hai1="49,97,91,134,35,5,74,45,89,110,124,131,25" hai2="80,113,41,104,2,54,116,82,8,88,34,98,62" hai3="102,106,111,85,126,114,109,55,56,79,42,133,96"/><U29/><E74/><V120/><F116/><W22/><G114/><T100/><D75/><U32/><E131/><V14/><F120/><W112/><G112/><T4/><D69/><U108/><E134/><V135/><F34/><W68/><G68/><T123/><D123/><U16/><E124/><V38/><F2/><W119/><G126/><T6/><D3/><U125/><E125/><V61/><F135/><W65/><G133/><T53/><D28/><U26/><E5/><V105/><F113/><W78/><G42/><T130/><D130/><U39/><E39/><V64/><F54/><W101/><G65/><T33/><D33/><U43/><E97/><V132/><F132/><W70/><G70/><T73/><D73/><U21/><REACH who="1" step="1"/><E35/><REACH who="1" ten="224,227,237,302" step="2"/><V44/><F98/><W67/><G96/><T18/><D100/><U31/><E31/><V121/><F121/><W118/><G101/><T92/><D19/><U17/><E17/><V40/><F38/><W10/><G102/><T30/><D30/><U11/><E11/><V23/><F8/><W46/><G10/><T72/><D72/><U58/><E58/><V115/><F115/><W87/><G118/><T81/><D93/><U48/><E48/><V13/><F104/><W84/><G106/><T86/><D99/><U27/><E27/><V107/><F105/><W57/><G119/><T103/><D103/><U37/><E37/><V15/><F107/><W122/><G122/><T76/><D92/><U127/><E127/><V36/><F36/><W7/><G7/><T66/><D50/><U60/><E60/><V51/><F61/><RYUUKYOKU ba="0,1" sc="224,-10,227,30,237,-10,302,-10" hai1="16,21,25,26,29,32,43,45,49,89,91,108,110" /><INIT seed="1,1,1,2,1,9" ten="214,257,227,292" oya="1" hai0="34,22,1,33,133,125,116,74,107,36,61,7,3" hai1="100,90,20,68,28,103,60,81,13,54,5,120,45" hai2="10,39,32,11,27,24,87,8,44,55,23,129,86" hai3="72,84,63,31,2,76,14,105,29,104,59,40,6"/><U135/><E120/><V30/><F129/><W26/><G72/><T42/><D74/><U101/><E135/><V108/><F108/><W19/><G40/><T66/><D107/><U128/><E128/><V93/><F93/><W80/><G2/><T102/><D102/><U98/><E68/><V82/><F82/><W0/><G0/><T110/><D110/><U97/><E28/><V51/><REACH who="2" step="1"/><F39/><REACH who="2" ten="214,257,217,292" step="2"/><W113/><G104/><T124/><D36/><U77/><E81/><V35/><F35/><W75/><G105/><T99/><D34/><U131/><E131/><V46/><F46/><W121/><G121/><T73/><D33/><U111/><E111/><V37/><F37/><W52/><G75/><T62/><D73/><U127/><E45/><V96/><F96/><W56/><G113/><T88/><D99/><U115/><E115/><V132/><F132/><W71/><G71/><T4/><D133/><U48/><E97/><V117/><F117/><W38/><G38/><T112/><D116/><U58/><E98/><V94/><F94/><W12/><G59/><T78/><D112/><U53/><E101/><V130/><F130/><W21/><G6/><T64/><D7/><U65/><E5/><V15/><F15/><AGARI ba="1,2" hai="12,14,15,19,21,26,29,31,52,56,63,76,80,84" machi="15" ten="40,8000,1" yaku="8,1,52,3,54,1" doraHai="9" who="3" fromWho="2" sc="214,0,257,0,217,-83,292,103" /><INIT seed="2,0,0,1,1,37" ten="214,257,134,395" oya="2" hai0="127,131,114,50,15,112,73,56,95,25,29,4,47" hai1="115,30,41,72,91,130,51,118,124,68,125,32,133" hai2="21,58,123,62,48,113,134,81,119,88,110,49,107" hai3="0,71,1,111,40,12,75,9,89,117,87,8,99"/><V76/><F113/><W80/><G71/><T122/><D73/><U135/><E115/><V34/><F34/><W82/><G117/><T26/><D122/><U39/><E118/><V78/><F107/><W17/><G111/><T70/><D70/><U16/><E68/><V84/><F119/><W64/><G64/><T18/><D131/><U57/><E72/><V121/><F134/><N who="1" m="51209" /><E39/><V93/><F110/><W128/><G128/><T96/><D4/><U108/><E108/><V103/><F103/><W120/><G120/><T28/><D56/><U85/><E130/><V54/><F76/><W59/><G59/><T101/><D127/><U14/><E30/><N who="0" m="11881" /><D112/><U63/><E32/><V3/><F3/><W43/><G99/><T104/><D104/><U102/><E102/><V92/><F121/><W116/><G116/><T45/><D45/><N who="1" m="26031" /><E63/><V44/><F123/><W109/><G109/><T83/><D83/><N who="1" m="49599" /><E57/><V20/><F93/><W38/><G38/><T66/><D66/><U6/><E6/><V55/><REACH who="2" step="1"/><F62/><REACH who="2" ten="214,257,124,395" step="2"/><W46/><G0/><T97/><D114/><U77/><E77/><V60/><F60/><W90/><G1/><T2/><D2/><U74/><E74/><AGARI ba="0,1" hai="20,21,44,48,49,54,55,58,74,78,81,84,88,92" machi="74" ten="30,11600,0" yaku="1,1,7,1,54,1,53,1" doraHai="37" doraHaiUra="79" who="2" fromWho="1" sc="214,0,257,-116,124,126,395,0" /><INIT seed="2,1,0,5,0,0" ten="214,141,250,395" oya="2" hai0="24,12,4,19,3,74,20,112,97,76,134,54,66" hai1="81,101,18,58,13,62,80,100,98,11,23,89,33" hai2="96,131,88,120,41,21,26,64,42,132,129,118,38" hai3="99,108,72,113,9,37,95,52,6,121,68,35,65"/><V17/><F120/><W46/><G121/><T44/><D112/><U115/><E115/><V85/><F118/><W90/><G35/><T123/><D123/><U50/><E33/><V86/><F132/><W67/><G72/><T130/><D130/><N who="2" m="49674" /><F64/><W32/><G32/><T127/><D127/><U14/><E50/><V30/><F38/><W128/><G113/><T47/><D134/><U51/><E51/><V69/><F69/><W10/><G128/><T16/><D66/><U135/><E135/><V106/><F30/><W63/><G67/><T87/><D74/><U59/><E59/><V124/><F124/><W2/><G108/><T22/><D54/><U7/><E89/><V29/><F17/><W82/><G82/><N who="0" m="47559" /><D3/><U79/><E79/><V103/><F85/><W77/><G77/><T93/><D4/><U119/><E119/><V109/><F109/><W15/><G37/><T117/><D117/><U28/><E28/><V73/><F73/><W36/><G36/><T91/><AGARI ba="1,0" hai="12,16,19,20,22,24,44,47,91,93,97" m="47559" machi="91" ten="30,2000,0" yaku="8,1,54,1" doraHai="0" who="0" fromWho="0" sc="214,23,141,-6,250,-11,395,-6" /><INIT seed="3,0,0,2,4,64" ten="237,135,239,389" oya="3" hai0="33,46,73,66,120,57,94,2,31,7,60,80,12" hai1="132,107,6,9,38,32,27,21,109,67,56,81,121" hai2="20,70,110,19,3,51,36,131,72,92,89,119,65" hai3="29,96,127,134,4,25,71,16,48,0,11,52,104"/><W91/><G71/><T54/><D2/><U15/><E121/><V79/><F119/><W100/><G134/><T99/><D120/><U84/><E38/><V78/><F3/><W126/><G91/><N who="0" m="55775" /><D33/><U129/><E107/><V50/><F36/><W128/><G16/><T118/><D73/><U1/><E129/><V42/><F110/><W117/><G117/><T35/><D35/><U30/><E132/><V103/><F103/><W13/><G13/><T122/><D122/><U113/><E109/><V83/><F78/><W115/><G115/><T23/><D80/><U108/><E108/><V124/><F42/><W61/><G61/><T88/><D88/><U43/><E113/><V41/><F41/><W116/><G11/><N who="0" m="4223" /><D118/><U49/><E67/><V68/><F124/><W74/><G52/><T114/><D114/><U58/><E32/><V102/><F102/><W22/><G22/><T69/><D69/><U90/><E1/><V130/><F65/><W85/><G48/><N who="0" m="28951" /><D23/><U98/><E98/><N who="2" m="57615" /><F70/><W95/><G29/><AGARI ba="0,0" hai="29,31,57,60,66" m="28951,4223,55775" machi="29" ten="30,1000,0" yaku="8,1" doraHai="64" who="0" fromWho="3" sc="237,10,135,0,239,0,389,-10" owari="247,4.7,135,-36.5,239,-16.1,379,47.9" /></mjloggm>