<mjloggm ver="2.3"><GO type="225" lobby="0"/><UN n0="%E6%B8%A1%E5%A4%A9%E8%97%8D" n1="%E6%B8%A9%E2%98%85%E6%83%85%E2%98%85%E6%8E%AA%E2%98%85%E7%BD%AE" n2="%E3%83%9F%E3%82%B9%E3%82%BF%E3%83%BC%E3%83%89%E3%83%BC%E3%83%8A%E3%83%84" n3="%E4%BF%BA%E3%81%A8%E5%A6%96%E5%A4%A2" dan="16,17,16,17" rate="2099.77,2256.69,2067.36,2235.36" sx="F,M,M,F"/><TAIKYOKU oya="0"/><INIT seed="0,0,0,1,3,130" ten="250,250,250,250" oya="0" hai0="61,112,40,120,104,27,121,23,3,33,103,127,80" hai1="70,65,98,88,69,85,4,95,7,47,32,118,125" hai2="0,39,107,101,26,64,57,22,67,108,25,58,129" hai3="5,123,86,52,29,119,124,116,113,76,14,43,62"/><T68/><D23/><U46/><E118/><V60/><F129/><W77/><G113/><T45/><D80/><U105/><E125/><V87/><F0/><W72/><G72/><T71/><D112/><U38/><E32/><V132/><F39/><W134/><G43/><T126/><D3/><U106/><E38/><V89/><F108/><W96/><G124/><N who="0" m="47659" /><D103/><U41/><E47/><V115/><F115/><W79/><G29/><N who="0" m="19647" /><D104/><U9/><E7/><V37/><F101/><W19/><G5/><T66/><D68/><U83/><E106/><V36/><F107/><W102/><G86/><T28/><D28/><U16/><E105/><V82/><F132/><W74/><G134/><T51/><AGARI ba="0,0" hai="40,45,51,61,66,71,120,121" m="19647,47659" machi="51" ten="30,1500,0" yaku="18,1" doraHai="130" who="0" fromWho="0" sc="250,15,250,-5,250,-5,250,-5" /><INIT seed="0,1,0,3,5,21" ten="265,245,245,245" oya="0" hai0="39,66,105,58,75,38,90,70,7,115,37,91,4" hai1="47,42,80,51,112,31,97,18,8,10,28,81,53" hai2="2,121,88,36,29,52,127,40,67,125,108,15,102" hai3="129,63,46,117,133,43,113,99,13,82,14,49,19"/><T3/><D115/><U122/><E122/><V65/><F2/><W61/><G113/><T50/><D105/><U23/><E112/><V106/><F121/><W87/><G129/><T103/><D103/><U71/><E71/><V64/><F108/><W5/><G133/><T131/><D131/><U126/><E126/><N who="2" m="48139" /><F40/><W44/><G117/><T34/><D34/><U74/><E74/><V11/><F36/><W16/><G99/><T128/><D128/><U92/><E42/><V120/><F120/><W56/><G44/><T20/><D75/><U26/><E10/><V32/><F102/><W62/><G5/><T86/><D3/><U83/><REACH who="1" step="1"/><E8/><REACH who="1" ten="265,235,245,245" step="2"/><V110/><F11/><W124/><G124/><T123/><D70/><U22/><E22/><V134/><F32/><W132/><G132/><T116/><D123/><U6/><E6/><V109/><F134/><W1/><G1/><T135/><D135/><U9/><E9/><V55/><F110/><W84/><G82/><T114/><D4/><U60/><E60/><V89/><F109/><W0/><G0/><T57/><D7/><U98/><E98/><V59/><F59/><W94/><G56/><T45/><D58/><U95/><E95/><V68/><F106/><W130/><G94/><T118/><D114/><U96/><E96/><V41/><F41/><W79/><G130/><T73/><D20/><U77/><E77/><V78/><F78/><W72/><G79/><T25/><D57/><U35/><E35/><V12/><F68/><W48/><G72/><T107/><D73/><U85/><E85/><N who="3" m="32842" /><G49/><T24/><D50/><RYUUKYOKU ba="1,1" sc="265,-15,235,15,245,-15,245,15" hai1="18,23,26,28,31,47,51,53,80,81,83,92,97" hai3="13,14,16,19,43,46,48,61,62,63" /><INIT seed="1,2,1,0,5,91" ten="250,250,230,260" oya="1" hai0="67,76,49,105,23,31,124,115,92,64,90,37,130" hai1="104,123,103,68,74,43,58,52,39,40,26,29,27" hai2="35,45,116,55,102,59,33,110,18,119,41,53,99" hai3="77,12,97,56,14,19,50,78,114,133,95,24,122"/><U42/><E123/><V111/><F18/><W70/><G122/><T72/><D37/><U112/><E112/><V63/><F33/><W57/><G114/><T51/><D115/><U88/><E74/><V11/><F11/><W20/><G70/><T61/><D105/><U75/><E75/><V17/><F17/><W89/><G133/><T100/><D130/><U81/><E68/><V109/><F35/><W118/><G118/><N who="2" m="45097" /><F99/><W36/><G36/><T117/><D117/><U82/><E39/><N who="2" m="21695" /><F102/><W38/><G38/><T15/><D100/><U0/><E0/><V85/><F85/><W1/><G1/><T46/><D124/><U128/><E128/><V5/><F5/><W83/><G83/><N who="1" m="31754" /><E104/><V121/><F121/><W80/><G80/><T30/><D76/><N who="3" m="29289" /><G50/><N who="0" m="18955" /><D46/><U127/><E127/><V125/><F125/><W32/><G32/><T10/><D61/><N who="1" m="36039" /><E103/><V120/><F120/><W87/><G87/><N who="0" m="52319" /><D72/><U62/><E62/><V101/><F101/><W4/><G4/><N who="0" m="3527" /><D31/><U3/><E3/><V79/><F79/><W86/><G86/><T21/><D30/><U8/><E29/><V113/><F113/><W34/><G34/><T106/><D106/><U16/><E88/><V131/><F131/><W108/><G108/><T71/><D71/><U129/><E129/><V126/><F126/><W54/><G89/><T28/><D28/><U60/><E60/><V66/><AGARI ba="2,1" hai="53,55,59,63,66,109,110,111" m="21695,45097" machi="66" ten="40,5200,0" yaku="14,1,34,2" doraHai="91" who="2" fromWho="2" sc="250,-15,250,-28,230,68,260,-15" /><INIT seed="2,0,0,3,2,5" ten="235,222,298,245" oya="2" hai0="19,63,4,42,75,74,61,71,34,6,65,99,31" hai1="122,11,0,33,88,2,84,57,113,82,1,124,16" hai2="36,35,30,91,126,56,94,28,50,14,69,47,23" hai3="86,134,108,105,29,87,123,106,83,115,67,80,118"/><V53/><F69/><W127/><G67/><T27/><D74/><U38/><E113/><V49/><F126/><W66/><G66/><T8/><D75/><U59/><E124/><V97/><F36/><W45/><G127/><T55/><D42/><U90/><E33/><V15/><F35/><W54/><G118/><T39/><D39/><U77/><E38/><V128/><F128/><W9/><G123/><T60/><D4/><U135/><E122/><V102/><F102/><W116/><G116/><T93/><D19/><U114/><E114/><V107/><F107/><W92/><G92/><T132/><D55/><U18/><E135/><V96/><F96/><W133/><G29/><N who="2" m="11369" /><F23/><W44/><G115/><T101/><REACH who="0" step="1"/><D132/><REACH who="0" ten="225,222,298,245" step="2"/><U37/><E18/><V48/><F48/><W78/><G54/><AGARI ba="0,1" hai="14,15,47,49,50,53,54,56,91,94,97" m="11369" machi="54" ten="30,1500,0" yaku="8,1" doraHai="5" who="2" fromWho="3" sc="225,0,222,0,298,25,245,-15" /><INIT seed="2,1,0,4,4,42" ten="225,222,323,230" oya="2" hai0="72,67,9,64,94,51,1,81,40,125,68,46,37" hai1="126,13,5,76,0,28,96,70,87,38,117,128,43" hai2="10,47,134,29,95,52,66,77,104,22,85,90,124" hai3="100,122,110,53,133,84,41,2,79,49,118,69,61"/><V62/><F104/><W12/><G118/><T23/><D125/><U130/><E117/><V120/><F120/><W63/><G122/><T89/><D23/><U32/><E126/><V59/><F124/><W8/><G110/><T11/><D51/><U108/><E108/><V131/><F131/><N who="1" m="50217" /><E70/><V24/><F134/><W45/><G133/><T97/><D11/><N who="1" m="2471" /><E96/><V27/><F27/><W121/><G121/><T78/><REACH who="0" step="1"/><D68/><REACH who="0" ten="215,222,323,230" step="2"/><U16/><E32/><V31/><F10/><W54/><G69/><T127/><D127/><U83/><E28/><V109/><F109/><W34/><G34/><T44/><D44/><N who="1" m="23671" /><E13/><V102/><F31/><W73/><G2/><T39/><D39/><U80/><E80/><V30/><F30/><W55/><G49/><T57/><D57/><U56/><E16/><V86/><F29/><W74/><G12/><T132/><D132/><U26/><E26/><V17/><F24/><W93/><G8/><T35/><D35/><U123/><E123/><V111/><F22/><W92/><G45/><T7/><AGARI ba="1,1" hai="1,7,9,37,40,46,64,67,72,78,81,89,94,97" machi="7" ten="30,8000,1" yaku="1,1,0,1,25,2,52,1,53,0" doraHai="42" doraHaiUra="48" who="0" fromWho="0" sc="215,93,222,-21,323,-41,230,-21" /><INIT seed="3,0,0,5,4,49" ten="308,201,282,209" oya="3" hai0="127,112,109,9,15,90,26,65,27,0,94,113,55" hai1="7,47,80,18,76,45,59,131,117,135,16,125,58" hai2="60,12,67,92,17,56,111,120,62,34,102,31,77" hai3="66,13,29,8,84,82,95,32,4,124,121,75,99"/><W41/><G121/><T25/><D0/><U36/><E36/><V2/><F2/><W42/><G75/><T133/><D109/><U5/><E135/><V57/><F111/><W91/><G124/><T119/><D119/><U73/><E125/><V78/><F31/><W6/><G6/><N who="1" m="2058" /><E73/><V72/><F34/><W23/><G32/><T61/><D127/><U79/><E117/><V129/><F129/><W83/><G66/><T98/><D133/><U19/><E131/><V85/><F72/><W28/><G83/><T11/><D55/><U43/><E80/><V53/><F120/><W93/><G93/><T110/><D15/><U39/><E39/><V81/><F102/><W87/><G87/><T10/><REACH who="0" step="1"/><D110/><REACH who="0" ten="298,201,282,209" step="2"/><U114/><E114/><V30/><F53/><W103/><G29/><T126/><D126/><U130/><E130/><V118/><F30/><W104/><G104/><T3/><D3/><U37/><E37/><V97/><F67/><W128/><G128/><T70/><AGARI ba="0,1" hai="9,10,11,25,26,27,61,65,70,90,94,98,112,113" machi="70" ten="40,2700,0" yaku="1,1,0,1,53,0" doraHai="49" doraHaiUra="40" who="0" fromWho="0" sc="298,37,201,-7,282,-7,209,-13" owari="335,43.5,194,-30.6,275,7.5,196,-20.4" /></mjloggm>