<mjloggm ver="2.3"><GO type="225" lobby="0"/><UN n0="%E6%A1%9C%E8%8A%B1%E9%96%83%E3%80%85" n1="%72%65%6E%6B%75%6E" n2="%6A%70%74%77%61%32" n3="%E5%84%AA%40%41%42%43" dan="18,17,16,17" rate="2267.84,2335.28,2053.70,2247.89" sx="M,M,M,M"/><TAIKYOKU oya="0"/><INIT seed="0,0,0,3,0,119" ten="250,250,250,250" oya="0" hai0="44,80,107,99,68,62,125,132,32,129,10,134,106" hai1="91,49,73,23,105,12,121,124,63,71,1,123,70" hai2="54,88,75,57,90,60,58,74,77,100,13,113,102" hai3="133,19,51,43,112,3,30,78,55,25,56,45,117"/><T98/><D32/><U86/><E1/><V76/><F113/><W24/><G112/><T127/><D44/><U21/><E73/><V9/><F57/><W104/><G104/><N who="0" m="39979" /><D10/><U65/><E105/><V39/><F39/><W35/><G117/><T79/><D62/><U84/><E124/><N who="0" m="47689" /><D68/><U114/><E114/><V131/><F131/><W34/><G3/><T36/><D36/><U11/><E70/><V103/><F74/><W38/><G133/><N who="0" m="51307" /><D129/><U87/><E91/><N who="2" m="34859" /><F75/><AGARI ba="0,0" hai="75,79,80,98,99" m="51307,47689,39979" machi="75" ten="40,12000,1" yaku="18,1,20,1,34,2" doraHai="119" who="0" fromWho="2" sc="250,120,250,0,250,-120,250,0" /><INIT seed="0,1,0,1,3,122" ten="370,250,130,250" oya="0" hai0="30,48,97,113,38,117,131,68,109,120,16,55,59" hai1="108,46,70,71,125,23,24,14,20,126,119,106,107" hai2="11,4,5,34,6,49,105,39,67,61,118,58,31" hai3="90,50,116,63,69,124,93,82,73,99,96,15,27"/><T0/><D120/><U32/><E119/><V47/><F118/><W121/><G116/><T92/><D117/><U129/><E129/><V81/><F39/><W133/><G121/><T114/><D131/><U56/><E56/><V28/><F105/><N who="1" m="39945" /><E46/><V43/><F34/><W7/><G27/><T72/><D0/><U35/><E14/><V104/><F104/><W10/><G133/><T115/><D68/><N who="1" m="26155" /><E108/><V88/><REACH who="2" step="1"/><F11/><REACH who="2" ten="370,250,120,250" step="2"/><W33/><G10/><T77/><D38/><U3/><E3/><V132/><F132/><W128/><G33/><N who="1" m="12874" /><E24/><V79/><F79/><W102/><G128/><T101/><D77/><U54/><E54/><V91/><F91/><W134/><G90/><T36/><D55/><U87/><E87/><AGARI ba="1,1" hai="4,5,6,28,31,43,47,49,58,61,67,81,87,88" machi="87" ten="40,8000,1" yaku="1,1,8,1,54,1,53,1" doraHai="122" doraHaiUra="37" who="2" fromWho="1" sc="370,0,250,-83,120,93,250,0" /><INIT seed="1,0,0,4,4,24" ten="370,167,213,250" oya="1" hai0="103,9,63,51,60,7,67,80,131,35,8,92,72" hai1="99,57,71,73,61,44,32,40,86,16,45,91,66" hai2="48,0,96,69,118,106,10,17,30,121,31,115,111" hai3="49,50,122,128,56,95,105,119,124,29,21,129,75"/><U54/><E73/><V38/><F38/><W53/><G122/><T81/><D35/><U58/><E32/><V52/><F118/><W74/><G105/><T46/><D131/><N who="3" m="50249" /><G124/><T62/><D67/><U112/><E112/><V117/><F117/><W125/><G119/><T41/><D72/><N who="3" m="27689" /><G125/><T85/><D7/><U18/><E99/><V39/><F39/><W76/><G76/><N who="0" m="46215" /><D81/><N who="1" m="49615" /><E71/><V4/><F121/><W26/><G95/><T127/><D127/><U79/><E79/><V104/><F69/><W3/><G3/><T23/><D23/><U108/><E108/><V78/><F111/><W132/><G132/><T88/><D103/><U34/><E34/><V65/><F65/><W70/><G70/><T55/><D41/><U120/><E120/><V12/><F115/><W13/><G13/><T20/><D20/><U68/><E68/><V135/><F135/><W27/><G27/><T123/><D123/><U97/><E97/><AGARI ba="0,0" hai="8,9,46,51,55,60,62,63,88,92,97" m="46215" machi="97" ten="30,2000,0" yaku="8,1,54,1" doraHai="24" who="0" fromWho="1" sc="370,20,167,-20,213,0,250,0" /><INIT seed="2,0,0,2,0,52" ten="390,147,213,250" oya="2" hai0="12,19,103,96,66,130,89,124,131,35,90,133,101" hai1="125,134,108,76,77,105,97,93,110,75,127,18,87" hai2="109,80,55,50,14,60,53,120,95,29,78,117,8" hai3="17,64,100,88,83,49,113,21,54,82,28,42,72"/><V114/><F114/><W59/><G113/><T15/><D35/><U84/><E18/><V34/><F117/><W30/><G72/><T122/><D122/><U41/><E105/><V123/><F109/><N who="1" m="42089" /><E134/><V9/><F95/><W40/><G100/><T67/><D124/><N who="1" m="47691" /><E41/><N who="3" m="15978" /><G64/><T56/><D19/><U61/><E61/><V71/><F29/><N who="3" m="11371" /><G88/><T2/><D90/><N who="1" m="55479" /><E76/><V7/><F78/><W99/><G99/><T20/><D96/><U1/><E1/><V27/><F123/><W106/><G106/><T118/><D2/><U10/><E10/><V45/><F8/><W4/><G4/><T62/><D133/><U24/><E24/><AGARI ba="0,0" hai="17,21,24,49,54,59,82,83" m="11371,15978" machi="24" ten="30,2000,0" yaku="8,1,52,1" doraHai="52" who="3" fromWho="1" sc="390,0,147,-20,213,0,250,20" /><INIT seed="3,0,0,2,4,97" ten="390,127,213,270" oya="3" hai0="126,58,121,113,82,17,12,47,49,32,69,128,60" hai1="80,108,41,72,1,95,59,123,4,45,39,89,115" hai2="73,13,102,51,62,21,66,75,53,67,50,130,104" hai3="26,61,52,76,3,110,6,15,68,116,2,120,83"/><W100/><G120/><T34/><D121/><U43/><E108/><V106/><F130/><W48/><G116/><T22/><D69/><U16/><E115/><V111/><F21/><W127/><G3/><T19/><D128/><U133/><E123/><V103/><F62/><W119/><G119/><T77/><D19/><U40/><E133/><V91/><F91/><W125/><G2/><T8/><D8/><U96/><E59/><V93/><F93/><W35/><G6/><T74/><D126/><N who="3" m="48137" /><G15/><T57/><D57/><U23/><E23/><V55/><F13/><W11/><G11/><T129/><D113/><U24/><E24/><V56/><F56/><N who="3" m="32775" /><G110/><AGARI ba="0,0" hai="50,51,53,55,66,67,73,75,102,103,104,106,110,111" machi="110" ten="25,6400,0" yaku="22,2,52,2" doraHai="97" who="2" fromWho="3" sc="390,0,127,0,213,64,270,-64" owari="390,49.0,127,-37.3,277,7.7,206,-19.4" /></mjloggm>