<mjloggm ver="2.3"><GO type="225" lobby="0"/><UN n0="%E3%81%8F%E3%82%8A%E3%83%94%E3%83%BC" n1="%E7%AC%B9%E9%A4%85" n2="%E3%83%AB%E3%83%9B%E3%83%B3%E3%83%87%E3%82%A3%E3%82%A8" n3="%54%4F%52" dan="16,16,17,17" rate="2109.78,2154.57,2166.34,2243.53" sx="M,M,M,M"/><TAIKYOKU oya="0"/><INIT seed="0,0,0,4,4,123" ten="250,250,250,250" oya="0" hai0="47,134,62,67,120,41,110,102,86,39,125,13,70" hai1="42,83,71,8,46,4,16,103,55,133,88,91,5" hai2="90,126,89,34,52,68,53,60,130,114,37,107,87" hai3="3,100,18,27,24,54,112,95,17,93,76,32,51"/><T132/><D120/><U77/><E71/><V92/><F114/><W121/><G121/><T30/><D30/><U124/><E124/><V35/><F37/><W49/><G112/><T98/><D86/><N who="1" m="48495" /><E133/><N who="0" m="51305" /><D13/><N who="1" m="7207" /><E42/><V1/><F107/><W69/><G3/><T135/><N who="0" m="51313" /><T6/><DORA hai="101" /><D6/><N who="1" m="2667" /><E103/><V63/><F1/><W58/><G69/><T128/><D128/><U29/><E29/><V12/><F68/><W28/><G76/><T117/><D117/><U40/><E40/><V72/><F126/><W74/><G74/><T31/><D31/><U20/><E20/><V122/><F72/><W127/><G127/><T80/><D80/><U23/><E23/><V61/><F130/><W43/><G27/><T119/><D125/><U118/><E118/><V104/><F104/><W9/><G9/><T22/><D22/><U116/><E116/><V38/><F38/><W66/><G100/><T97/><D119/><U10/><E10/><V82/><F12/><W75/><G75/><T36/><D39/><U45/><E55/><V85/><REACH who="2" step="1"/><F122/><REACH who="2" ten="250,250,240,250" step="2"/><W2/><G2/><T84/><D36/><U81/><E81/><V14/><F14/><W44/><G93/><T78/><D70/><U113/><E113/><V79/><F79/><W99/><G95/><T108/><D78/><U105/><E105/><V26/><F26/><W15/><G15/><T131/><D131/><U19/><E19/><V115/><F115/><W129/><G129/><T111/><D111/><U65/><E65/><V56/><F56/><W50/><G66/><T94/><D110/><U106/><E106/><V25/><F25/><RYUUKYOKU ba="0,1" sc="250,-15,250,15,240,15,250,-15" hai1="45,46,88,91" hai2="34,35,52,53,60,61,63,82,85,87,89,90,92" /><INIT seed="1,1,1,3,0,28" ten="235,265,255,235" oya="1" hai0="3,58,49,88,119,126,20,61,109,10,8,103,67" hai1="64,38,31,46,43,85,95,39,50,130,45,90,113" hai2="133,66,13,112,117,40,17,68,69,93,79,9,54" hai3="99,63,89,86,62,132,92,98,34,74,123,101,22"/><U84/><E113/><V131/><F117/><W77/><G123/><T14/><D119/><U56/><E130/><V6/><F133/><W76/><G132/><T26/><D109/><U111/><E111/><V41/><F131/><W29/><G98/><T83/><D126/><U21/><E64/><V51/><F112/><W42/><G42/><T73/><D3/><U102/><E102/><V87/><F66/><W81/><G76/><T36/><D36/><U37/><E56/><V71/><F6/><W120/><G22/><T124/><D124/><U60/><E60/><V4/><F4/><W70/><G120/><T135/><D73/><U78/><E31/><V106/><F106/><W91/><G91/><T59/><D103/><U80/><REACH who="1" step="1"/><E21/><REACH who="1" ten="235,255,255,235" step="2"/><V114/><F114/><W19/><G70/><T1/><D59/><U104/><E104/><V24/><F71/><W57/><G57/><T128/><D20/><U27/><E27/><V0/><F69/><W122/><G122/><T35/><D26/><U97/><E97/><V108/><F68/><W32/><G29/><T125/><D58/><U127/><E127/><V48/><F108/><W105/><REACH who="3" step="1"/><G19/><REACH who="3" ten="235,255,255,225" step="2"/><T129/><D129/><U16/><E16/><V5/><F17/><W25/><G25/><T44/><D128/><U65/><E65/><V53/><F24/><W47/><G47/><AGARI ba="1,3" hai="37,38,39,43,45,46,47,50,78,80,84,85,90,95" machi="47" ten="40,7700,0" yaku="1,1,53,2" doraHai="28" doraHaiUra="82" who="1" fromWho="3" sc="235,0,255,110,255,0,225,-80" /><INIT seed="1,2,0,1,3,35" ten="235,365,255,145" oya="1" hai0="86,125,9,15,10,56,71,33,20,124,61,84,19" hai1="46,114,40,55,126,11,122,95,39,92,70,97,108" hai2="45,123,76,62,26,68,111,37,93,52,102,121,2" hai3="75,50,48,44,63,30,65,43,110,14,131,132,24"/><U87/><E114/><V0/><F93/><W135/><G75/><T81/><D71/><U77/><E122/><V47/><F47/><W7/><G110/><T58/><D33/><U17/><E70/><V113/><F52/><W94/><G131/><T128/><D128/><U74/><E74/><V4/><F4/><W115/><G115/><T78/><D86/><U116/><E116/><V117/><F117/><W51/><G94/><T83/><D83/><U134/><E108/><V1/><F113/><W127/><G127/><N who="0" m="48715" /><D58/><U31/><E126/><V118/><F111/><W18/><G7/><T25/><D15/><U6/><E6/><V28/><F118/><W90/><G90/><T104/><D104/><U98/><E87/><V59/><F59/><W105/><G105/><T107/><D107/><U23/><E95/><V96/><F76/><W32/><G135/><T91/><D91/><U73/><E134/><V106/><F37/><W12/><G132/><T42/><D42/><U36/><E40/><V79/><F45/><W101/><G101/><T66/><AGARI ba="2,0" hai="9,10,19,20,25,56,61,66,78,81,84" m="48715" machi="66" ten="30,1100,0" yaku="18,1" doraHai="35" who="0" fromWho="0" sc="235,17,365,-7,255,-5,145,-5" /><INIT seed="2,0,0,4,0,42" ten="252,358,250,140" oya="2" hai0="28,0,94,122,95,115,24,126,132,61,97,33,77" hai1="131,9,52,125,59,74,53,107,133,65,75,127,79" hai2="121,92,47,111,113,93,68,66,134,43,36,103,104" hai3="118,37,6,70,5,19,73,38,117,114,34,87,86"/><V45/><F113/><W26/><G73/><T15/><D0/><U105/><E131/><V110/><F121/><W1/><G26/><T90/><D115/><U88/><E133/><V78/><F78/><W57/><G114/><T25/><D132/><U14/><E65/><V101/><F134/><W56/><G19/><T20/><D126/><N who="1" m="48139" /><E88/><V50/><F68/><W55/><G55/><N who="1" m="21066" /><E59/><V13/><F66/><W40/><G40/><T58/><D77/><U128/><E128/><V29/><F29/><W64/><G64/><T102/><D28/><U112/><E112/><V130/><F13/><W48/><G48/><T106/><D15/><U81/><E75/><V17/><F17/><AGARI ba="0,0" hai="9,14,17,74,79,81,105,107" m="21066,48139" machi="17" ten="30,2000,0" yaku="18,1,54,1" doraHai="42" who="1" fromWho="2" sc="252,0,358,20,250,-20,140,0" /><INIT seed="3,0,0,4,2,93" ten="252,378,230,140" oya="3" hai0="42,54,92,95,120,89,4,36,23,73,22,30,19" hai1="69,60,0,129,77,123,59,20,103,74,34,80,6" hai2="26,98,134,13,122,126,66,9,64,27,83,116,48" hai3="133,31,63,44,86,39,72,28,94,127,85,109,131"/><W55/><G72/><T16/><D4/><U8/><E123/><V118/><F116/><W76/><G127/><T100/><D30/><U65/><E129/><V62/><F118/><W111/><G131/><T117/><D120/><U71/><E34/><V78/><F122/><W106/><G106/><T14/><D73/><U115/><E115/><V102/><F134/><W1/><G1/><T112/><D112/><U132/><E132/><V25/><F126/><W43/><G133/><T75/><D75/><U88/><E103/><V104/><F48/><W68/><G76/><T53/><D42/><U96/><E20/><V2/><F2/><W32/><G32/><T10/><D23/><U47/><E47/><V99/><F99/><W61/><G61/><T113/><D36/><U52/><E65/><V45/><F45/><W82/><G82/><T5/><D19/><U101/><E88/><V90/><F90/><N who="3" m="53583" /><G86/><T40/><D40/><U12/><E0/><V70/><F66/><N who="3" m="41055" /><G55/><T17/><D54/><U128/><E128/><V67/><F67/><W119/><G119/><T7/><D53/><U50/><E60/><V79/><REACH who="2" step="1"/><F83/><REACH who="2" ten="252,378,220,140" step="2"/><W87/><G87/><N who="0" m="52287" /><D113/><U18/><E50/><V108/><F108/><AGARI ba="0,1" hai="28,31,39,43,44,108,109,111" m="41055,53583" machi="108" ten="30,2900,0" yaku="14,1,10,1" doraHai="93" who="3" fromWho="2" sc="252,0,378,0,220,-29,140,39" /><INIT seed="3,1,0,4,5,46" ten="252,378,191,179" oya="3" hai0="68,101,96,75,70,90,111,80,122,82,104,40,45" hai1="41,130,79,88,49,63,52,6,109,14,124,37,8" hai2="77,133,95,51,11,42,78,65,21,25,83,129,36" hai3="31,126,43,60,35,19,93,67,121,10,113,44,3"/><W17/><G113/><T106/><D122/><U99/><E109/><V87/><F36/><W1/><G121/><T98/><D111/><U26/><E130/><V103/><F129/><W108/><G126/><T18/><D18/><U20/><E124/><V107/><F107/><W47/><G108/><T53/><D53/><U0/><E0/><V91/><F133/><W134/><G134/><T86/><D80/><U32/><E32/><V13/><F65/><W38/><G44/><T119/><D75/><U56/><E79/><V15/><F15/><W100/><G31/><T94/><D106/><U39/><E41/><V115/><F115/><W110/><G35/><T33/><D119/><U72/><E72/><V117/><F117/><W5/><G1/><T73/><D73/><U48/><E39/><V125/><F125/><W128/><G128/><T22/><D22/><U89/><E37/><V55/><F42/><W27/><G27/><T84/><D84/><U120/><E120/><V4/><F103/><W64/><G64/><T24/><D24/><U66/><E99/><V2/><F95/><W28/><G28/><T69/><D33/><U57/><E49/><V58/><F2/><W85/><G110/><T76/><D69/><U61/><E61/><V105/><F105/><W135/><G135/><T112/><D112/><U74/><E74/><V30/><AGARI ba="1,0" hai="4,11,13,21,25,30,51,55,58,77,78,83,87,91" machi="30" ten="20,5200,0" yaku="0,1,7,1,8,1,52,1" doraHai="46" who="2" fromWho="2" sc="252,-14,378,-14,191,55,179,-27" owari="238,-16.2,364,46.4,246,4.6,152,-34.8" /></mjloggm>