<mjloggm ver="2.3"><GO type="225" lobby="0"/><UN n0="%E5%84%AA%40%41%42%43" n1="%E7%B4%94%E6%BD%94%E3%83%94%E3%83%A9%E3%83%8B%E3%82%A2" n2="%E8%A8%88%E7%AE%97%E6%A9%9F%E8%87%AA%E7%84%B6" n3="%E6%A1%9C%E8%8A%B1%E9%96%83%E3%80%85" dan="17,16,17,18" rate="2248.92,2124.94,2228.99,2265.13" sx="M,M,M,M"/><TAIKYOKU oya="0"/><INIT seed="0,0,0,2,3,12" ten="250,250,250,250" oya="0" hai0="33,14,48,16,24,55,134,41,91,4,118,13,72" hai1="92,133,80,90,130,31,106,98,18,37,76,94,46" hai2="3,49,135,73,1,63,17,60,69,32,77,61,26" hai3="51,65,2,27,58,38,39,121,110,87,107,117,104"/><T96/><D118/><U95/><E31/><V20/><F135/><W66/><G2/><T29/><D72/><U6/><E6/><V113/><F113/><W19/><G117/><T25/><D134/><U86/><E133/><V82/><F69/><W9/><G110/><T89/><D41/><U102/><E37/><V43/><REACH who="2" step="1"/><F32/><REACH who="2" ten="250,250,240,250" step="2"/><W50/><G121/><T100/><D33/><U47/><E130/><V71/><F71/><W30/><G104/><T68/><D68/><U21/><REACH who="1" step="1"/><E76/><REACH who="1" ten="250,240,240,250" step="2"/><V15/><F15/><AGARI ba="0,2" hai="15,18,21,46,47,80,86,90,92,94,95,98,102,106" machi="15" ten="40,5200,0" yaku="1,1,2,1,52,1,53,0" doraHai="12" doraHaiUra="114" who="1" fromWho="2" sc="250,0,240,72,240,-52,250,0" /><INIT seed="1,0,0,4,2,106" ten="250,312,188,250" oya="1" hai0="103,39,29,24,76,68,87,118,12,126,90,73,114" hai1="101,125,56,41,110,3,119,130,70,134,65,104,19" hai2="54,32,112,50,57,44,132,122,121,78,117,60,80" hai3="105,18,17,75,10,89,64,6,61,77,95,27,13"/><U133/><E119/><V58/><F117/><W59/><G105/><T53/><D114/><U36/><E125/><V16/><F32/><W14/><G27/><T74/><D118/><U102/><E130/><V28/><F28/><W5/><G77/><T111/><D39/><U108/><E70/><V34/><F34/><W86/><REACH who="3" step="1"/><G75/><REACH who="3" ten="250,312,188,240" step="2"/><T43/><D76/><U113/><E104/><V22/><F112/><W135/><G135/><T55/><D24/><U84/><E113/><V91/><F132/><W123/><G123/><T67/><D74/><U100/><E134/><V88/><F121/><W63/><G63/><T30/><D73/><U129/><E133/><V45/><F122/><W94/><G94/><T8/><D126/><U62/><E129/><V69/><F69/><W48/><G48/><T116/><D68/><U9/><E36/><V131/><F131/><W0/><G0/><T82/><D116/><U128/><E128/><V109/><F109/><W35/><G35/><T46/><D111/><U66/><E3/><V7/><F78/><W107/><G107/><T115/><D115/><U85/><E110/><V47/><F80/><W72/><G72/><T40/><D82/><U31/><E108/><V25/><REACH who="2" step="1"/><F7/><REACH who="2" ten="250,312,178,240" step="2"/><W11/><AGARI ba="0,2" hai="5,6,10,11,13,14,17,18,59,61,64,86,89,95" machi="11" ten="20,8000,1" yaku="1,1,0,1,7,1,9,1,8,1,53,0" doraHai="106" doraHaiUra="42" who="3" fromWho="3" sc="250,-20,312,-40,178,-20,240,100" /><INIT seed="2,0,0,2,5,102" ten="230,272,158,340" oya="2" hai0="29,131,84,5,67,30,89,59,57,91,74,99,115" hai1="106,114,133,37,11,97,93,49,70,45,124,107,35" hai2="76,95,120,134,126,31,50,3,113,112,40,94,12" hai3="108,86,14,1,103,105,104,96,88,2,38,8,87"/><V71/><F3/><W127/><G38/><T116/><D74/><U110/><E114/><V111/><F120/><W42/><G42/><T80/><D115/><N who="2" m="44106" /><F71/><W56/><G108/><T34/><D116/><U61/><E110/><V33/><F111/><W68/><G127/><T123/><D123/><U64/><E124/><V119/><F126/><W24/><G68/><T100/><D34/><U52/><E35/><V53/><F40/><W125/><G104/><T36/><D36/><U101/><E133/><V58/><F119/><W10/><G10/><T9/><D131/><U32/><E32/><V79/><F12/><W83/><G125/><T90/><D30/><U47/><E47/><V27/><F134/><W23/><G56/><T85/><D29/><U132/><E132/><V109/><F109/><W6/><G87/><T72/><D72/><U51/><E51/><V81/><F81/><W118/><G118/><T13/><D67/><U82/><E37/><V129/><F129/><W77/><G77/><T69/><D69/><U18/><REACH who="1" step="1"/><E82/><REACH who="1" ten="230,262,158,340" step="2"/><V130/><F130/><W128/><G128/><T44/><D44/><U122/><E122/><V25/><F25/><W15/><G2/><T65/><D80/><U16/><E16/><AGARI ba="0,1" hai="1,6,8,14,15,16,23,24,83,86,88,96,103,105" machi="16" ten="30,7700,0" yaku="7,1,52,1,54,2" doraHai="102" who="3" fromWho="1" sc="230,0,262,-77,158,0,340,87" /><INIT seed="3,0,0,0,0,84" ten="230,185,158,427" oya="3" hai0="123,90,63,30,130,5,80,6,29,2,28,0,116" hai1="21,129,7,9,41,64,24,105,114,98,53,86,76" hai2="4,61,73,85,49,128,46,18,93,71,23,112,35" hai3="94,40,42,106,96,16,43,13,115,95,57,36,14"/><W37/><G115/><T67/><D116/><U62/><E114/><V100/><F112/><W121/><G121/><T72/><D123/><U51/><E129/><V33/><F73/><W74/><G74/><T68/><D130/><U11/><E41/><V69/><F128/><W87/><G106/><T50/><D50/><U101/><E76/><V58/><F4/><W97/><G87/><T124/><D124/><U17/><E86/><V79/><F69/><W81/><G57/><T52/><D90/><U103/><E103/><V1/><F1/><W107/><G107/><T82/><D52/><U92/><E105/><V10/><F71/><W91/><G81/><T122/><D122/><U132/><E132/><V59/><F10/><W111/><G111/><T55/><D55/><U102/><E102/><V77/><F33/><W117/><G117/><T45/><D45/><U135/><E135/><V70/><F35/><W104/><G104/><T44/><D44/><U32/><E32/><V110/><F70/><W113/><G113/><T26/><D80/><U22/><E22/><V99/><F110/><W31/><G31/><T125/><D29/><U47/><E7/><V20/><F85/><W25/><G42/><T39/><D6/><U118/><E118/><V65/><F58/><AGARI ba="0,0" hai="9,11,17,21,24,47,51,53,58,62,64,92,98,101" machi="58" ten="30,2000,0" yaku="7,1,8,1" doraHai="84" who="1" fromWho="2" sc="230,0,185,20,158,-20,427,0" owari="230,3.0,205,-19.5,138,-36.2,427,52.7" /></mjloggm>