<mjloggm ver="2.3"><GO type="225" lobby="0"/><UN n0="%E8%83%83%E3%81%A8%E8%85%B8" n1="%E3%81%BE%E3%81%A8%E3%81%9F" n2="%72%69%6F%75%63%68%61%6E" n3="%4B%2E%32%2E%4B%2E" dan="16,16,16,17" rate="2164.34,2166.92,2204.24,2196.83" sx="M,M,M,M"/><TAIKYOKU oya="0"/><INIT seed="0,0,0,5,2,93" ten="250,250,250,250" oya="0" hai0="80,50,126,58,133,117,61,122,19,71,52,48,135" hai1="132,46,130,35,134,124,91,74,17,65,100,102,51" hai2="0,23,36,39,92,66,12,105,76,128,20,72,70" hai3="110,44,3,13,63,73,60,26,68,67,118,95,64"/><T108/><D117/><U18/><E74/><V45/><F105/><W127/><G3/><T75/><D122/><U38/><E38/><V77/><F128/><W97/><G118/><T85/><D75/><U113/><E130/><V109/><F109/><W123/><G110/><T1/><D108/><U42/><E35/><V88/><F0/><W131/><G131/><T31/><D126/><U125/><E113/><V53/><F36/><W62/><G127/><N who="1" m="48714" /><E65/><V28/><F12/><W103/><G123/><T83/><D1/><U56/><E56/><V104/><F104/><W99/><G73/><T32/><D19/><N who="1" m="7179" /><E91/><V14/><F14/><W7/><G26/><N who="0" m="18551" /><D71/><U115/><E115/><V114/><F114/><W79/><G79/><N who="0" m="46239" /><D83/><U112/><E112/><V86/><F28/><W9/><G68/><T121/><D121/><U89/><E89/><V87/><F72/><W15/><G15/><T43/><D43/><U116/><E116/><V106/><F39/><W96/><G44/><T4/><D4/><U6/><E6/><V33/><F33/><W81/><G81/><T78/><D78/><U69/><E69/><V59/><F70/><W101/><REACH who="3" step="1"/><G99/><REACH who="3" ten="250,250,250,240" step="2"/><T47/><D47/><U25/><E25/><V49/><F77/><W21/><G21/><T111/><D111/><U2/><E2/><V54/><F20/><W107/><AGARI ba="0,1" hai="7,9,13,60,62,63,64,67,95,96,97,101,103,107" machi="107" ten="30,12000,2" yaku="1,1,0,1,52,2,53,3" doraHai="93" doraHaiUra="57" who="3" fromWho="3" sc="250,-60,250,-30,250,-30,240,130" /><INIT seed="1,0,0,5,2,35" ten="190,220,220,370" oya="1" hai0="118,86,101,51,20,116,65,21,64,29,122,93,102" hai1="63,39,10,0,42,17,76,70,80,47,38,18,72" hai2="105,2,59,96,24,26,135,71,69,126,25,5,60" hai3="84,107,22,66,40,16,89,78,77,114,127,4,128"/><U8/><E38/><V117/><F117/><W49/><G107/><T62/><D122/><U108/><E108/><V30/><F126/><W92/><G114/><T124/><D124/><U123/><E123/><V121/><F121/><W14/><G127/><T11/><D29/><U48/><E10/><V28/><F135/><W9/><G128/><T57/><D11/><U33/><E33/><V6/><F105/><W73/><G73/><T15/><D15/><U50/><E18/><V81/><F96/><W32/><G32/><T95/><D51/><U132/><E132/><V99/><F99/><W44/><G66/><T79/><D79/><U12/><REACH who="1" step="1"/><E0/><AGARI ba="0,0" hai="0,4,9,14,16,22,40,44,49,77,78,84,89,92" machi="0" ten="30,3900,0" yaku="7,1,52,1,54,1" doraHai="35" who="3" fromWho="1" sc="190,0,220,-39,220,0,370,39" /><INIT seed="2,0,0,3,1,89" ten="190,181,220,409" oya="2" hai0="25,87,110,49,77,123,82,46,95,115,27,1,55" hai1="56,125,39,88,92,19,37,57,32,112,79,36,93" hai2="104,28,40,96,60,62,132,135,29,31,133,52,53" hai3="17,128,67,101,5,12,113,90,97,100,118,78,66"/><V64/><F40/><W34/><G118/><T130/><D110/><U69/><E112/><V68/><REACH who="2" step="1"/><F60/><REACH who="2" ten="190,181,210,409" step="2"/><W124/><G113/><T6/><D115/><U26/><E125/><V107/><F107/><W134/><G124/><T3/><D123/><U15/><E69/><V21/><F21/><W106/><G106/><T18/><D130/><U102/><E32/><V103/><AGARI ba="0,1" hai="28,29,31,52,53,62,64,68,96,103,104,132,133,135" machi="103" ten="40,12000,1" yaku="1,1,0,1,20,1,54,1,53,0" doraHai="89" doraHaiUra="83" who="2" fromWho="2" sc="190,-40,181,-40,210,130,409,-40" /><INIT seed="2,1,0,4,2,114" ten="150,141,340,369" oya="2" hai0="84,86,70,67,64,48,91,118,4,126,9,42,125" hai1="76,105,7,3,115,106,117,43,119,8,24,41,57" hai2="0,27,121,107,122,98,133,59,130,25,50,40,61" hai3="14,90,55,78,92,94,69,15,5,101,52,129,47"/><V19/><F130/><W36/><G69/><T38/><D38/><U56/><E115/><V104/><F133/><W75/><G129/><T73/><D73/><U132/><E132/><V12/><F0/><W102/><G75/><T88/><D42/><U63/><E76/><V116/><F116/><W53/><G78/><T123/><D48/><U71/><E71/><V30/><F25/><W58/><G36/><T68/><D9/><U66/><E41/><V79/><F79/><W62/><G94/><T20/><D20/><U51/><E105/><V2/><F2/><W81/><G81/><T74/><D4/><U11/><E106/><V31/><F107/><W1/><G1/><T72/><D123/><U21/><E11/><V28/><F27/><W108/><G5/><T93/><D93/><U32/><E32/><V54/><F40/><W100/><G108/><T23/><D23/><U83/><E83/><V44/><F104/><W97/><REACH who="3" step="1"/><G47/><REACH who="3" ten="150,141,340,359" step="2"/><T17/><REACH who="0" step="1"/><D17/><REACH who="0" ten="140,141,340,359" step="2"/><U10/><E7/><V134/><F134/><W82/><G82/><T33/><D33/><U6/><E6/><V110/><F110/><W29/><G29/><T35/><D35/><U85/><E3/><V112/><F112/><W99/><G99/><T113/><D113/><U16/><E117/><AGARI ba="1,2" hai="64,67,68,70,72,74,84,86,88,91,117,118,125,126" machi="117" ten="25,12000,2" yaku="1,1,22,2,52,2,54,1,53,0" doraHai="114" doraHaiUra="45" who="0" fromWho="1" sc="140,143,141,-123,340,0,359,0" /><INIT seed="3,0,0,4,3,81" ten="283,18,340,359" oya="3" hai0="62,78,66,67,126,125,74,107,52,94,68,56,99" hai1="13,114,71,86,84,16,76,63,23,9,127,73,29" hai2="11,24,101,26,4,6,131,91,3,119,65,35,48" hai3="42,130,55,97,77,32,108,57,51,72,79,106,70"/><W75/><G32/><T104/><D74/><U43/><E114/><V95/><F119/><W37/><G130/><T59/><D78/><U116/><E116/><V22/><F131/><W93/><G106/><T15/><D15/><U100/><E127/><V110/><F110/><W33/><G33/><T30/><D30/><U46/><E100/><V88/><F65/><W133/><G70/><T2/><D2/><U123/><E123/><V124/><F124/><W60/><G37/><T85/><D125/><U109/><E109/><V36/><F36/><W121/><G121/><T44/><D126/><U1/><E73/><V53/><F6/><W34/><G34/><T132/><D132/><U21/><E76/><N who="3" m="29258" /><G75/><T69/><D44/><U27/><E71/><V47/><F35/><W134/><G108/><T28/><D28/><U39/><E63/><V82/><F82/><W61/><G42/><T102/><D85/><U111/><E111/><V54/><F54/><W38/><G38/><T103/><D103/><U25/><E1/><V7/><F7/><W12/><G12/><T58/><REACH who="0" step="1"/><D52/><REACH who="0" ten="273,18,340,359" step="2"/><U129/><REACH who="1" step="1"/><E129/><REACH who="1" ten="273,8,340,359" step="2"/><V40/><F53/><W5/><G72/><T113/><D113/><U41/><E41/><V0/><F0/><W14/><G134/><T10/><D10/><U31/><AGARI ba="0,2" hai="9,13,16,21,23,25,27,29,31,39,43,46,84,86" machi="31" ten="20,12000,2" yaku="1,1,0,1,7,1,9,1,52,2,54,1,53,0" doraHai="81" doraHaiUra="135" who="1" fromWho="1" sc="273,-30,8,140,340,-30,359,-60" owari="243,-15.7,148,-35.2,310,41.0,299,9.9" /></mjloggm>