<mjloggm ver="2.3"><GO type="225" lobby="0"/><UN n0="%E3%81%B5%E3%81%98%E3%81%8B%E3%81%A4" n1="%33%74%72%65%65" n2="%E6%B4%BE%E9%81%A3%E3%81%AE%E3%82%B8%E3%83%A3%E3%83%83%E3%82%AF" n3="%6D%79%6D%65%6C%6F%58%58" dan="16,16,17,16" rate="2167.26,2113.85,2205.36,2125.46" sx="M,F,M,F"/><TAIKYOKU oya="0"/><INIT seed="0,0,0,2,3,63" ten="250,250,250,250" oya="0" hai0="10,21,119,77,78,27,92,61,50,114,3,76,103" hai1="109,32,110,105,71,73,43,34,51,88,23,37,19" hai2="59,107,44,53,86,112,66,129,135,67,47,7,90" hai3="70,60,130,102,40,91,42,46,24,104,1,16,38"/><T36/><D114/><U121/><E121/><V89/><F112/><W29/><G42/><T95/><D119/><U14/><E73/><V25/><F107/><W82/><G91/><T120/><D36/><U116/><E116/><V111/><F111/><N who="1" m="42505" /><E105/><V131/><F7/><W62/><G82/><T8/><D120/><U26/><E37/><V31/><F135/><W35/><G62/><T6/><D103/><U55/><E43/><V57/><F25/><W74/><G16/><N who="0" m="12711" /><D6/><U85/><E26/><V94/><F31/><W87/><G87/><T2/><D2/><U52/><E71/><V17/><F17/><W39/><G74/><T18/><D3/><U49/><E51/><V69/><F69/><W126/><G1/><T101/><D50/><U100/><E100/><V41/><F41/><W13/><G13/><N who="0" m="7463" /><D10/><U33/><E49/><V97/><F53/><W125/><G39/><T0/><D0/><U79/><E79/><V72/><F72/><W123/><G123/><T96/><D95/><AGARI ba="0,0" hai="14,19,23,32,33,34,52,55,85,88,95" m="42505" machi="95" ten="40,5200,0" yaku="14,1,54,2" doraHai="63" who="1" fromWho="0" sc="250,-52,250,52,250,0,250,0" /><INIT seed="1,0,0,4,2,107" ten="198,302,250,250" oya="1" hai0="66,85,92,37,112,82,57,81,94,60,16,65,1" hai1="20,43,93,17,25,59,24,132,97,28,84,58,89" hai2="61,135,123,41,104,4,36,75,91,14,96,87,46" hai3="33,7,126,71,26,125,111,102,74,32,120,12,127"/><U10/><E132/><V122/><F135/><W48/><G71/><T69/><D112/><U90/><E43/><V134/><F134/><W9/><G102/><T67/><D37/><U56/><E10/><V29/><F29/><W131/><G120/><T118/><D1/><U124/><E124/><V15/><F75/><W19/><G74/><T73/><D118/><U35/><REACH who="1" step="1"/><E58/><REACH who="1" ten="198,292,250,250" step="2"/><V27/><F41/><W119/><G119/><T121/><D121/><U55/><E55/><V39/><F122/><W6/><G131/><T114/><D114/><U38/><E38/><V76/><F36/><W21/><G48/><T80/><D69/><U113/><E113/><V100/><F123/><W8/><G111/><T129/><D129/><U62/><E62/><V64/><F39/><W63/><G63/><T45/><D57/><U68/><E68/><V116/><F116/><W128/><G128/><T79/><D60/><U53/><E53/><V78/><F61/><W99/><G99/><T88/><D45/><U49/><E49/><V77/><F46/><W72/><G72/><T42/><D42/><U2/><E2/><AGARI ba="0,1" hai="2,6,7,8,9,12,19,21,26,32,33,125,126,127" machi="2" ten="40,8000,1" yaku="18,1,34,3" doraHai="107" who="3" fromWho="1" sc="198,0,292,-80,250,0,250,90" /><INIT seed="2,0,0,1,5,63" ten="198,212,250,340" oya="2" hai0="41,27,95,46,39,124,13,102,76,128,121,132,15" hai1="106,119,34,32,84,108,26,4,90,54,122,55,126" hai2="7,82,62,60,65,29,71,61,43,115,20,40,105" hai3="79,47,131,1,125,16,19,133,81,23,45,10,78"/><V91/><F105/><W127/><G131/><T56/><D121/><U8/><E119/><V9/><F115/><W130/><G130/><T12/><D128/><U21/><E122/><V69/><F29/><W117/><G117/><T37/><D124/><N who="3" m="47689" /><G133/><T87/><D132/><U114/><E114/><V22/><F60/><W64/><G64/><T135/><D135/><U44/><E106/><V49/><F49/><W66/><G66/><T75/><D75/><U11/><E126/><V101/><F101/><W83/><G10/><T86/><D37/><U72/><E72/><V31/><F31/><W89/><G89/><T38/><D38/><U67/><E67/><V57/><F69/><W129/><G1/><T96/><D76/><N who="3" m="29225" /><G19/><T98/><D98/><U112/><E8/><V104/><F104/><W113/><G113/><T18/><REACH who="0" step="1"/><D56/><REACH who="0" ten="188,212,250,340" step="2"/><U30/><E112/><V118/><F118/><W88/><G129/><T25/><D25/><U6/><E26/><V103/><F57/><W68/><G68/><T36/><D36/><U77/><E77/><V92/><F71/><W123/><G123/><T48/><D48/><U2/><E84/><N who="2" m="50583" /><F61/><W50/><G50/><T111/><D111/><U14/><E108/><V3/><F62/><W116/><G116/><T109/><D109/><U52/><E44/><V97/><F65/><W85/><G47/><T100/><D100/><U120/><E120/><V33/><F33/><W51/><G51/><T0/><D0/><U107/><E32/><V5/><F3/><W94/><G45/><T59/><D59/><U58/><E58/><V74/><F103/><RYUUKYOKU ba="0,1" sc="188,15,212,-15,250,-15,340,15" hai0="12,13,15,18,27,39,41,46,86,87,95,96,102" hai3="16,23,81,83,85,88,94" /><INIT seed="3,1,1,1,3,69" ten="203,197,235,355" oya="3" hai0="80,96,108,35,98,46,57,52,88,99,14,125,3" hai1="102,56,118,37,41,104,6,55,128,114,44,89,47" hai2="36,109,66,86,9,91,72,30,15,124,95,131,77" hai3="94,71,26,23,20,106,129,0,18,93,97,53,90"/><W101/><G71/><T63/><D3/><U19/><E114/><V38/><F30/><W100/><G0/><T83/><D35/><U73/><E73/><V78/><F109/><W122/><G122/><T27/><D125/><U8/><E118/><V133/><F66/><W113/><G106/><T45/><D108/><U110/><E110/><V134/><F124/><W16/><G129/><T120/><D120/><U39/><E128/><V107/><F107/><W34/><G34/><T5/><D27/><U67/><E67/><V40/><F40/><W112/><G53/><T10/><D88/><U82/><E104/><V28/><F28/><W4/><G4/><T17/><D5/><U70/><E102/><V79/><F72/><W127/><G127/><T54/><D54/><U62/><E70/><V51/><F51/><W84/><G101/><T58/><D58/><U74/><E19/><N who="2" m="8687" /><F131/><W123/><G123/><T81/><AGARI ba="1,1" hai="10,14,17,45,46,52,57,63,80,81,83,96,98,99" machi="81" ten="30,4000,0" yaku="0,1,8,1,54,1" doraHai="69" who="0" fromWho="0" sc="203,53,197,-11,235,-11,355,-21" owari="256,5.6,186,-31.4,224,-17.6,334,43.4" /></mjloggm>