<mjloggm ver="2.3"><GO type="225" lobby="0"/><UN n0="%72%69%6F%75%63%68%61%6E" n1="%E7%89%B9%E6%9D%B1%E3%81%AF%E4%B8%96%E7%95%8C%E3%82%92%E6%95%91%E3%81%86" n2="%E3%82%BC%E3%83%AB%E3%83%80%E3%81%AE%E4%BC%9D%E8%AA%AC" n3="%E3%81%99%E3%81%84%E3%81%BE%E3%81%9B%E3%83%BC%E3%82%93" dan="17,16,16,16" rate="2206.60,2132.77,2163.85,2106.51" sx="M,M,M,M"/><TAIKYOKU oya="0"/><INIT seed="0,0,0,2,5,45" ten="250,250,250,250" oya="0" hai0="67,87,105,128,55,97,16,80,15,72,100,36,126" hai1="111,98,28,35,109,22,63,3,52,49,120,66,81" hai2="64,25,29,110,92,96,54,118,33,82,130,104,14" hai3="56,62,122,18,32,78,125,34,31,43,112,12,9"/><T135/><D36/><U38/><E38/><V5/><F110/><N who="1" m="41993" /><E3/><V69/><F130/><W26/><G112/><T7/><D128/><U117/><E117/><V2/><F118/><W8/><G125/><T39/><D39/><U59/><E120/><V106/><F82/><W40/><G122/><T6/><D135/><U37/><E37/><V134/><F134/><W50/><G34/><T103/><D126/><U133/><E133/><V76/><F76/><W0/><G78/><T121/><D121/><U85/><E98/><V10/><F64/><W68/><G68/><T119/><D119/><U47/><E35/><V127/><F69/><W84/><G84/><T79/><D67/><U48/><E47/><V44/><F127/><W129/><G129/><T58/><D103/><U70/><E66/><V116/><F116/><W27/><G27/><T60/><REACH who="0" step="1"/><D72/><REACH who="0" ten="240,250,250,250" step="2"/><U90/><E70/><V93/><F2/><W11/><G0/><T124/><D124/><U113/><E113/><V83/><F106/><W21/><G62/><T114/><D114/><U91/><E90/><V4/><F104/><W115/><G115/><T73/><D73/><U65/><E65/><V77/><F4/><W42/><REACH who="3" step="1"/><G56/><REACH who="3" ten="240,250,250,240" step="2"/><T88/><D88/><U74/><E74/><V101/><F101/><W30/><G30/><T51/><D51/><AGARI ba="0,2" hai="8,9,11,12,18,21,26,31,32,40,42,43,50,51" machi="51" ten="40,5200,0" yaku="1,1,52,2,53,0" doraHai="45" doraHaiUra="1" who="3" fromWho="0" sc="240,-52,250,0,250,0,240,72" /><INIT seed="1,0,0,3,3,30" ten="188,250,250,312" oya="1" hai0="126,3,47,65,40,133,10,103,108,12,93,35,78" hai1="106,52,24,15,62,58,28,42,72,26,7,49,50" hai2="18,75,91,21,123,117,76,83,120,64,74,68,100" hai3="70,5,29,56,135,110,31,134,59,102,23,45,63"/><U107/><E72/><V127/><F117/><W111/><G5/><T22/><D126/><U37/><E37/><V13/><F127/><W60/><G102/><T33/><D133/><N who="3" m="50697" /><G45/><T11/><D108/><N who="3" m="41513" /><G70/><T32/><D3/><U85/><E85/><V69/><F75/><W121/><G121/><T57/><D78/><U77/><E77/><V55/><F100/><W101/><G101/><T73/><D73/><U2/><E2/><V38/><F91/><W36/><G36/><T113/><D113/><U51/><E42/><V8/><F38/><W19/><G59/><T122/><D122/><U128/><E128/><V25/><F68/><W97/><G97/><T4/><D10/><U131/><E131/><V54/><F123/><W94/><G94/><T92/><D103/><U112/><E112/><V118/><F120/><W104/><G104/><T89/><D89/><U90/><E90/><V105/><F105/><W17/><G17/><T53/><D65/><U61/><E106/><V109/><F109/><W130/><G63/><T99/><D99/><U114/><E107/><V129/><F129/><W82/><G82/><T95/><D40/><U27/><E61/><V41/><F41/><W125/><G125/><T98/><D98/><U39/><E39/><V66/><F69/><W116/><G116/><T0/><D47/><U44/><E114/><V67/><REACH who="2" step="1"/><F118/><REACH who="2" ten="188,250,240,312" step="2"/><W20/><G130/><T87/><D87/><U86/><E86/><V119/><F119/><W14/><G23/><T48/><REACH who="0" step="1"/><D92/><REACH who="0" ten="178,250,240,312" step="2"/><U34/><E44/><V81/><F81/><W6/><G6/><AGARI ba="0,2" hai="6,8,13,18,21,25,54,55,64,66,67,74,76,83" machi="6" ten="40,1300,0" yaku="1,1,53,0" doraHai="30" doraHaiUra="46" who="2" fromWho="3" sc="178,0,250,0,240,33,312,-13" /><INIT seed="2,0,0,4,0,126" ten="178,250,273,299" oya="2" hai0="17,2,65,106,49,50,64,88,11,131,77,42,109" hai1="96,91,105,102,132,31,24,121,52,1,9,46,92" hai2="119,101,59,43,124,58,47,18,25,35,63,0,80" hai3="83,90,108,41,57,127,34,8,95,21,110,114,61"/><V128/><F119/><W120/><G34/><T7/><D109/><U28/><E132/><V19/><F124/><W81/><G120/><T48/><D106/><U13/><E1/><V33/><F0/><W111/><G127/><T87/><D77/><U98/><E121/><V39/><F128/><W115/><G41/><T133/><D133/><U56/><E46/><V118/><F118/><W86/><G8/><T69/><D69/><U38/><E24/><V117/><F117/><W37/><G21/><T20/><D42/><U97/><E98/><V12/><F101/><W66/><G37/><T135/><D135/><U23/><E23/><V30/><F80/><AGARI ba="0,0" hai="57,61,66,80,81,83,86,90,95,108,110,111,114,115" machi="80" ten="50,1600,0" yaku="14,1" doraHai="126" who="3" fromWho="2" sc="178,0,250,0,273,-16,299,16" /><INIT seed="3,0,0,1,3,124" ten="178,250,257,315" oya="3" hai0="55,88,95,90,23,20,73,126,77,8,52,92,12" hai1="74,18,129,10,54,62,123,64,53,47,76,86,107" hai2="49,127,35,112,14,0,104,85,134,109,56,44,110" hai3="41,125,46,3,29,11,89,27,6,75,26,101,131"/><W57/><G131/><T58/><D126/><U22/><E123/><V31/><F127/><W128/><G128/><T81/><D95/><U130/><E74/><V66/><F0/><W48/><G125/><T108/><D108/><N who="2" m="41578" /><F134/><W39/><G75/><T16/><D90/><U38/><E10/><V105/><F112/><W60/><G101/><T118/><D118/><U114/><E107/><V116/><F116/><W72/><G72/><T43/><D43/><U120/><E114/><V45/><F14/><W21/><G27/><T30/><D30/><U113/><E113/><V83/><F45/><W111/><G111/><T119/><D119/><U68/><E120/><V13/><F13/><W80/><G39/><T87/><D55/><U115/><E115/><V9/><F9/><W17/><G29/><T82/><D82/><U133/><E54/><N who="2" m="29991" /><F35/><W4/><G4/><T59/><D59/><U65/><E65/><V36/><F36/><W1/><G1/><T28/><D28/><U98/><E98/><V5/><F5/><W99/><G99/><T121/><D121/><U69/><E69/><V61/><F31/><W24/><G24/><T70/><D70/><U33/><E33/><V94/><F94/><W15/><G3/><T91/><D91/><AGARI ba="0,0" hai="56,61,66,83,85,91,104,105" m="29991,41578" machi="91" ten="30,1000,0" yaku="14,1" doraHai="124" who="2" fromWho="0" sc="178,-10,250,0,257,10,315,0" owari="168,-33.2,250,-15.0,267,6.7,315,41.5" /></mjloggm>