<mjloggm ver="2.3"><GO type="225" lobby="0"/><UN n0="%E4%B8%AD%E5%B9%B4%E3%81%AE%E5%8D%B1%E6%A9%9F" n1="%E3%81%B2%E3%81%AA%E3%81%AE%E3%82%8A%E3%81%8F" n2="%E6%81%AC%E6%B7%A1%E5%AF%82%E5%AF%9E" n3="%E3%81%8F%E3%82%8A%E3%83%94%E3%83%BC" dan="17,16,16,16" rate="2150.79,2102.64,2106.66,2103.44" sx="M,M,F,M"/><TAIKYOKU oya="0"/><INIT seed="0,0,0,3,5,124" ten="250,250,250,250" oya="0" hai0="31,81,125,85,135,8,62,128,45,116,70,49,47" hai1="78,82,129,115,123,94,111,13,122,121,101,19,26" hai2="30,83,21,23,64,60,38,74,76,37,66,73,44" hai3="34,88,3,120,12,16,119,9,97,96,112,117,25"/><T55/><D125/><U28/><E111/><V118/><F118/><W109/><G112/><T98/><D116/><U35/><E115/><V72/><F66/><W65/><G109/><T14/><D135/><U134/><E134/><V56/><F38/><W69/><G120/><T29/><D98/><U43/><E43/><V86/><F30/><W131/><G97/><T46/><D62/><U106/><E106/><V24/><F24/><W67/><G131/><T75/><D75/><U92/><E101/><V5/><F5/><W57/><G67/><T11/><D70/><U22/><REACH who="1" step="1"/><E129/><REACH who="1" ten="250,240,250,250" step="2"/><V95/><REACH who="2" step="1"/><F95/><REACH who="2" ten="250,240,240,250" step="2"/><W77/><G119/><T130/><D130/><U93/><E93/><V20/><F20/><W52/><G117/><T59/><D128/><U54/><E54/><V51/><F51/><W133/><G52/><T48/><D48/><U58/><E58/><V100/><F100/><W104/><G57/><T42/><D42/><AGARI ba="0,2" hai="21,23,37,42,44,56,60,64,72,73,74,76,83,86" machi="42" ten="40,2600,0" yaku="1,1,53,1" doraHai="124" doraHaiUra="71" who="2" fromWho="0" sc="250,-26,240,0,240,46,250,0" /><INIT seed="1,0,0,3,4,75" ten="224,240,286,250" oya="1" hai0="70,119,88,4,0,106,73,82,124,99,79,117,27" hai1="43,63,34,121,6,61,5,76,97,20,67,83,102" hai2="17,16,80,25,41,42,69,36,59,53,65,98,123" hai3="108,11,109,71,52,2,54,101,30,3,18,92,47"/><U7/><E34/><V105/><F123/><W122/><G71/><T37/><D70/><U45/><E121/><V64/><F69/><W40/><G30/><T132/><D27/><U84/><E20/><V68/><F68/><W33/><G33/><T89/><D4/><U57/><E63/><V32/><F105/><W100/><G122/><T23/><D23/><U24/><E24/><V9/><F36/><W95/><G18/><T114/><D0/><N who="3" m="41" /><G11/><T87/><D37/><U134/><E134/><V19/><F9/><W133/><G40/><T91/><D132/><U31/><E31/><V127/><F42/><W60/><G47/><T26/><D26/><U62/><E62/><V77/><F41/><W120/><G120/><T51/><D51/><U110/><E110/><N who="3" m="42602" /><G133/><T85/><D114/><U1/><E1/><V111/><F111/><W113/><G113/><T50/><D50/><U22/><E22/><V90/><F32/><W35/><G60/><T86/><D124/><U29/><E29/><V49/><F127/><W96/><G35/><T130/><D130/><U44/><REACH who="1" step="1"/><E43/><REACH who="1" ten="224,230,286,250" step="2"/><V103/><F25/><W72/><G72/><T14/><REACH who="0" step="1"/><D14/><REACH who="0" ten="214,230,286,250" step="2"/><U8/><E8/><V112/><F112/><W46/><G46/><T129/><D129/><U93/><AGARI ba="0,2" hai="5,6,7,44,45,57,61,67,76,83,84,93,97,102" machi="93" ten="30,12000,1" yaku="1,1,0,1,8,1,52,1,53,1" doraHai="75" doraHaiUra="58" who="1" fromWho="1" sc="214,-40,230,140,286,-40,250,-40" /><INIT seed="1,1,0,2,2,38" ten="174,370,246,210" oya="1" hai0="109,112,36,17,94,46,64,130,95,73,15,49,24" hai1="90,100,88,126,65,30,77,123,42,16,20,124,114" hai2="110,129,28,61,98,115,84,75,9,67,59,13,105" hai3="131,55,62,85,133,103,78,12,119,53,29,7,8"/><U71/><E114/><V66/><F75/><W41/><G131/><T135/><D112/><U43/><E30/><V2/><F2/><W58/><G133/><T23/><D135/><U26/><E77/><V89/><F110/><W116/><G103/><T80/><D109/><U11/><E123/><V18/><F129/><W111/><G29/><T31/><D36/><U45/><E100/><V34/><F115/><W35/><G35/><T108/><D64/><U39/><E43/><V92/><F105/><W72/><G72/><T3/><D3/><U52/><E11/><V104/><F104/><W48/><G111/><T86/><D73/><U0/><E0/><V47/><F47/><N who="3" m="25711" /><G55/><T118/><D118/><U82/><E52/><N who="2" m="34023" /><F34/><W127/><G127/><N who="1" m="48682" /><E82/><AGARI ba="1,0" hai="7,8,12,53,58,62,78,82,85,116,119" m="25711" machi="82" ten="30,2000,0" yaku="25,1,52,1" doraHai="38" who="3" fromWho="1" sc="174,0,370,-23,246,0,210,23" /><INIT seed="2,0,0,0,4,81" ten="174,347,246,233" oya="2" hai0="103,78,70,77,84,117,7,6,58,21,72,105,52" hai1="43,15,48,112,27,36,65,68,127,45,125,89,22" hai2="33,88,116,19,1,35,86,79,54,109,130,60,66" hai3="63,10,71,24,100,133,119,96,47,38,50,101,42"/><V2/><F116/><W64/><G133/><T53/><D70/><U92/><E112/><V16/><F79/><N who="0" m="30218" /><D105/><U114/><E114/><V76/><F76/><W40/><G119/><T32/><D32/><U93/><E15/><V18/><F54/><W91/><G40/><T107/><D107/><U108/><E108/><V113/><F113/><W13/><G24/><T94/><D72/><U120/><E120/><V57/><F130/><W73/><G73/><T111/><D111/><U29/><E65/><V26/><F109/><W49/><G91/><N who="0" m="53607" /><D117/><U30/><E68/><V99/><F99/><W104/><REACH who="3" step="1"/><G101/><REACH who="3" ten="174,347,246,223" step="2"/><T87/><D103/><U8/><E43/><V98/><F98/><W62/><G62/><N who="0" m="36167" /><D87/><U124/><E125/><V51/><F33/><W115/><G115/><T95/><D95/><U28/><E93/><V37/><F37/><W128/><G128/><T129/><D129/><U75/><E36/><V82/><REACH who="2" step="1"/><F51/><REACH who="2" ten="174,347,236,223" step="2"/><W85/><G85/><T4/><D53/><N who="1" m="29839" /><E75/><V102/><F102/><W61/><G61/><T126/><D126/><U14/><E127/><V9/><F9/><W80/><G80/><T134/><D134/><U121/><E124/><V135/><F135/><W44/><G44/><T46/><D46/><U0/><E121/><V41/><F41/><W56/><G56/><T69/><D69/><U3/><E8/><V123/><F123/><W74/><G74/><T25/><D21/><U90/><E22/><V34/><F34/><W55/><G55/><T31/><D31/><AGARI ba="0,2" hai="1,2,16,18,19,26,31,35,57,60,66,82,86,88" machi="31" ten="40,18000,2" yaku="1,1,52,1,54,2,53,3" doraHai="81" doraHaiUra="12" who="2" fromWho="0" sc="174,-180,347,0,236,200,223,0" owari="-6,-50.6,347,14.7,436,53.6,223,-17.7" /></mjloggm>