<mjloggm ver="2.3"><GO type="225" lobby="0"/><UN n0="%E5%86%B7%E5%87%8D%E3%82%AE%E3%83%A7%E3%83%BC%E3%82%B6" n1="%77%72%77%72%77%72%77%72" n2="%E5%8D%A0%E3%81%84%E5%B8%AB%E8%A3%8F%E3%81%AA%E3%81%84%E3%81%97" n3="%E3%83%81%E3%83%AF%E3%83%AF%E9%9A%8A%E9%95%B7" dan="16,17,17,16" rate="2167.76,2229.95,2131.74,2186.67" sx="M,M,M,M"/><TAIKYOKU oya="0"/><INIT seed="0,0,0,5,0,124" ten="250,250,250,250" oya="0" hai0="42,56,36,11,70,60,83,22,115,24,35,102,104" hai1="34,40,84,71,47,9,37,41,65,31,1,12,76" hai2="81,8,73,63,21,107,120,20,23,105,74,16,134" hai3="122,17,111,85,30,77,94,32,44,103,132,88,15"/><T28/><D28/><U29/><E1/><V101/><F120/><W123/><G111/><T64/><D64/><U6/><BYE who="0" /><E34/><V49/><F134/><UN n0="%E5%86%B7%E5%87%8D%E3%82%AE%E3%83%A7%E3%83%BC%E3%82%B6" /><W50/><G132/><T125/><D70/><U106/><E106/><V110/><F110/><W4/><G4/><T93/><D35/><U7/><E7/><V80/><F63/><W67/><G67/><N who="0" m="39303" /><D104/><U92/><E41/><V62/><F62/><W128/><G77/><T127/><D36/><U46/><E46/><V61/><F61/><W38/><G38/><T96/><D42/><U39/><E39/><V19/><F49/><W99/><G30/><N who="0" m="17687" /><D115/><U26/><E71/><V98/><F21/><W43/><G32/><T3/><D83/><U131/><E65/><V119/><F101/><W45/><G122/><T2/><D11/><U78/><E29/><V69/><F69/><W5/><G123/><T52/><D52/><U59/><E59/><V116/><REACH who="2" step="1"/><F8/><REACH who="2" ten="250,250,240,250" step="2"/><W53/><G50/><T89/><D102/><U109/><E109/><V68/><F68/><W57/><G103/><T118/><D118/><U133/><E133/><V79/><F79/><W129/><G88/><T130/><D125/><U91/><E78/><V90/><F90/><W55/><G43/><T13/><D127/><U72/><E76/><V100/><F100/><W10/><G10/><T113/><D113/><U75/><E75/><V121/><F121/><W112/><G112/><T135/><D89/><U108/><E72/><V27/><F27/><W117/><G117/><T126/><D135/><U97/><E108/><V0/><F0/><W66/><G66/><RYUUKYOKU ba="0,1" sc="250,-10,250,-10,240,30,250,-10" hai2="16,19,20,23,73,74,80,81,98,105,107,116,119" /><INIT seed="1,1,1,4,0,38" ten="240,240,270,240" oya="1" hai0="87,20,74,62,47,88,114,13,89,75,106,108,85" hai1="48,39,5,3,98,57,96,78,52,66,124,27,58" hai2="120,21,56,1,14,9,15,37,134,104,122,129,71" hai3="68,49,128,65,79,61,60,72,77,6,107,70,125"/><U55/><E124/><V51/><F37/><W109/><G107/><T84/><D114/><U32/><E39/><V28/><F71/><W73/><G125/><T100/><D108/><U102/><E66/><V92/><F104/><W46/><G109/><T33/><D33/><U130/><E130/><V76/><F134/><W12/><G128/><T94/><D62/><U132/><E132/><V43/><F129/><W63/><G65/><T35/><D35/><U95/><E78/><V80/><F1/><W59/><G59/><T103/><D47/><U126/><E126/><V31/><F92/><W19/><G6/><T50/><D50/><U115/><E115/><V36/><F36/><W121/><G121/><T97/><D20/><U34/><E96/><V42/><F120/><W86/><G77/><T112/><D13/><N who="2" m="4618" /><F9/><W17/><G68/><T81/><D112/><U127/><E127/><V2/><F2/><W4/><G70/><T25/><D25/><U11/><REACH who="1" step="1"/><E27/><REACH who="1" ten="240,230,270,240" step="2"/><N who="2" m="16495" /><F122/><W16/><G79/><N who="0" m="46143" /><D100/><U117/><E117/><V30/><F30/><W90/><G72/><T26/><D26/><U133/><E133/><V23/><F31/><W105/><G73/><T40/><D40/><U99/><E99/><V93/><F43/><W82/><G86/><T91/><D91/><U54/><E54/><V67/><F42/><W69/><G90/><T22/><D22/><U29/><E29/><V83/><F23/><W53/><G53/><T10/><D10/><U123/><E123/><V0/><F67/><W64/><G64/><T18/><D18/><U118/><E118/><V131/><F131/><RYUUKYOKU ba="1,2" sc="240,15,230,15,270,-15,240,-15" hai0="74,75,85,87,88,89,94,97,103,106" hai1="3,5,11,32,34,48,52,55,57,58,95,98,102" /><INIT seed="1,2,2,0,5,63" ten="255,245,255,225" oya="1" hai0="109,120,21,114,6,132,66,34,81,53,122,22,121" hai1="44,20,25,127,72,13,28,119,89,99,102,61,131" hai2="19,133,73,104,62,16,47,68,60,105,7,97,9" hai3="110,75,36,49,46,67,39,94,32,30,35,101,65"/><U3/><E119/><V42/><F133/><W8/><G75/><T117/><D117/><U96/><E3/><V58/><F73/><W55/><G110/><T38/><D114/><U79/><E131/><V26/><F68/><W12/><G36/><T111/><D132/><U15/><E127/><V27/><F97/><N who="3" m="59575" /><G32/><T91/><D34/><U80/><E44/><V84/><F84/><W88/><G39/><T17/><D38/><U85/><E61/><V64/><F104/><W45/><G35/><T24/><D6/><U123/><E123/><V76/><F105/><W10/><G30/><T23/><D53/><U41/><E41/><V69/><F76/><W93/><G46/><T59/><D91/><U14/><REACH who="1" step="1"/><E102/><REACH who="1" ten="255,235,255,225" step="2"/><V107/><F62/><W50/><G50/><T130/><D130/><U70/><E70/><V116/><F69/><W112/><G112/><T128/><D128/><U125/><E125/><V54/><F42/><W95/><G45/><T11/><D111/><U86/><E86/><V129/><F129/><W51/><G51/><T126/><D109/><U48/><E48/><N who="2" m="28959" /><F116/><W135/><G49/><T92/><D126/><U87/><E87/><V90/><F107/><W71/><G71/><T52/><D120/><U83/><AGARI ba="2,3" hai="13,14,15,20,25,28,72,79,80,83,85,89,96,99" machi="83" ten="30,3000,0" yaku="1,1,0,1,53,0" doraHai="63" doraHaiUra="2" who="1" fromWho="1" sc="255,-12,235,66,255,-12,225,-12" /><INIT seed="1,3,0,0,3,112" ten="243,301,243,213" oya="1" hai0="28,43,63,132,35,49,81,50,5,21,26,118,19" hai1="48,4,8,121,94,38,52,11,17,126,14,27,70" hai2="47,18,88,99,34,135,62,80,109,40,60,96,125" hai3="10,67,73,76,90,129,102,54,64,68,1,20,133"/><U84/><E121/><V115/><F109/><W61/><G129/><T127/><D127/><U128/><E126/><V82/><F125/><W113/><G113/><T74/><D132/><U0/><E70/><V100/><F135/><W97/><G133/><T42/><D118/><U104/><E104/><V111/><F111/><W105/><G67/><T13/><D63/><U86/><E38/><V123/><F34/><W71/><G71/><T72/><D5/><U124/><E128/><V33/><F33/><W85/><G20/><T108/><D108/><U116/><E116/><V93/><F123/><W92/><G54/><T66/><D66/><U130/><E130/><V51/><F115/><W131/><G131/><T101/><D101/><U95/><E124/><V23/><F80/><N who="3" m="45071" /><G10/><T41/><REACH who="0" step="1"/><D81/><REACH who="0" ten="233,301,243,213" step="2"/><U91/><E4/><V87/><REACH who="2" step="1"/><F99/><REACH who="2" ten="233,301,233,213" step="2"/><W37/><G97/><T46/><D46/><U39/><E0/><V119/><F119/><W98/><G1/><T2/><D2/><U24/><E86/><V53/><F53/><W117/><G117/><T58/><D58/><U79/><E84/><V89/><F89/><W114/><G114/><T77/><D77/><U30/><E91/><V134/><F134/><W78/><G78/><T59/><D59/><U103/><E79/><V7/><F7/><W120/><G120/><T106/><D106/><U12/><E52/><V15/><AGARI ba="3,2" hai="15,18,23,40,47,51,60,62,82,87,88,93,96,100" machi="15" ten="20,8000,1" yaku="1,1,0,1,7,1,8,1,54,1,53,0" doraHai="112" doraHaiUra="65" who="2" fromWho="2" sc="233,-23,301,-43,233,109,213,-23" /><INIT seed="2,0,0,0,4,40" ten="210,258,342,190" oya="2" hai0="127,83,41,45,8,42,43,38,114,34,11,89,76" hai1="20,86,33,82,64,71,103,90,61,104,119,9,2" hai2="53,4,67,47,36,44,135,16,120,1,131,49,115" hai3="130,102,50,72,93,32,57,52,74,37,85,126,80"/><V21/><F115/><W13/><G37/><T10/><D114/><U5/><E119/><V116/><F120/><W110/><G32/><T88/><D34/><U113/><E33/><V79/><F116/><W75/><G126/><T30/><D30/><U112/><E104/><V54/><F1/><W98/><G130/><T84/><D127/><U46/><E103/><V58/><F131/><W77/><G110/><T15/><D15/><U133/><E133/><V109/><F109/><W23/><G13/><T118/><D118/><U51/><REACH who="1" step="1"/><E20/><REACH who="1" ten="210,248,342,190" step="2"/><V121/><F135/><W128/><G128/><T28/><D28/><U35/><E35/><V117/><F117/><W59/><REACH who="3" step="1"/><G23/><REACH who="3" ten="210,248,342,180" step="2"/><T26/><D26/><U56/><E56/><AGARI ba="0,2" hai="50,52,56,57,59,72,74,75,77,80,85,93,98,102" machi="56" ten="40,5200,0" yaku="1,1,2,1,54,1,53,0" doraHai="40" doraHaiUra="25" who="3" fromWho="1" sc="210,0,248,-52,342,0,180,72" /><INIT seed="3,0,0,1,1,65" ten="210,196,342,252" oya="3" hai0="67,108,24,63,27,103,95,52,74,120,2,135,10" hai1="70,84,115,4,64,80,43,112,104,107,117,45,53" hai2="101,78,12,55,32,6,22,123,82,118,88,91,17" hai3="7,125,19,60,128,16,100,127,48,111,14,73,29"/><W46/><G73/><T0/><D120/><U21/><E117/><V9/><F118/><W28/><G128/><T121/><D121/><U31/><E4/><V54/><F32/><W132/><G132/><T41/><D135/><U81/><E53/><N who="2" m="19979" /><F101/><W94/><G111/><T50/><D74/><U5/><E5/><V11/><F123/><W110/><G110/><T62/><D41/><U42/><E64/><V69/><F69/><W23/><G7/><T61/><D67/><U3/><E3/><V133/><F133/><W35/><G35/><T36/><D36/><U97/><E70/><V102/><F102/><W34/><G34/><T83/><D83/><U18/><E31/><V58/><F58/><W89/><G100/><T49/><D49/><U57/><E57/><V114/><F114/><W71/><G19/><T47/><D108/><U96/><E18/><V93/><F93/><W129/><G60/><T126/><D126/><N who="3" m="48137" /><G71/><T87/><D10/><N who="2" m="3594" /><F6/><W85/><G129/><T92/><D2/><U51/><E21/><V131/><F131/><W98/><G98/><N who="0" m="59847" /><D0/><U119/><E119/><V77/><F82/><W109/><G109/><T66/><D66/><U68/><E68/><V86/><F86/><W20/><G85/><T37/><D37/><U124/><E124/><V59/><F59/><W1/><G1/><T76/><D76/><AGARI ba="0,0" hai="12,17,22,76,77,78,88,91" m="3594,19979" machi="76" ten="30,2000,0" yaku="8,1,54,1" doraHai="65" who="2" fromWho="0" sc="210,-20,196,0,342,20,252,0" owari="190,-31.0,196,-20.4,362,46.2,252,5.2" /></mjloggm>