<mjloggm ver="2.3"><GO type="225" lobby="0"/><UN n0="%E3%82%BC%E3%83%AB%E3%83%80%E3%81%AE%E4%BC%9D%E8%AA%AC" n1="%6D%75%75%6D%75%72%61" n2="%E4%B8%AD%E5%B9%B4%E3%81%AE%E5%8D%B1%E6%A9%9F" n3="%E9%80%9F%E6%B0%B4%E5%87%9B%E9%A6%99" dan="17,17,17,16" rate="2206.79,2180.33,2219.61,2127.20" sx="M,F,M,F"/><TAIKYOKU oya="0"/><INIT seed="0,0,0,2,5,112" ten="250,250,250,250" oya="0" hai0="102,115,59,96,119,30,107,125,117,114,7,86,61" hai1="52,95,82,128,57,93,56,71,40,135,34,74,91" hai2="87,16,70,67,118,26,94,14,116,64,44,46,33" hai3="50,22,25,66,109,45,20,132,79,4,19,80,0"/><T39/><D39/><U92/><E71/><V27/><F33/><W104/><G109/><T99/><D7/><U42/><E34/><V88/><F46/><W89/><G104/><T111/><D30/><U103/><E128/><V75/><F75/><W48/><G132/><T126/><D111/><U8/><E135/><V129/><F129/><W55/><G66/><N who="2" m="25129" /><F44/><W47/><G89/><T130/><D130/><U24/><E74/><V32/><F32/><W123/><G123/><T11/><D11/><U108/><E108/><V17/><F70/><W60/><G60/><T23/><D23/><U15/><E24/><N who="2" m="9259" /><F14/><W84/><G0/><T49/><D49/><U68/><E68/><V101/><F101/><W18/><G4/><T122/><D122/><U90/><E103/><V10/><F10/><W133/><G133/><T37/><D37/><U58/><E52/><V28/><F28/><W83/><G83/><T105/><D102/><U63/><E63/><V54/><F54/><N who="3" m="29967" /><G25/><T76/><D61/><U5/><REACH who="1" step="1"/><E82/><REACH who="1" ten="250,240,250,250" step="2"/><V73/><F73/><W65/><G65/><T121/><D121/><U100/><E100/><V127/><F127/><W43/><G55/><T69/><D69/><U134/><E134/><V38/><F38/><W120/><G120/><T1/><D126/><U6/><E6/><V13/><F13/><W131/><G131/><T81/><D125/><U78/><E78/><V3/><F3/><W41/><G41/><AGARI ba="0,1" hai="5,8,15,40,41,42,56,57,58,90,91,92,93,95" machi="41" ten="40,2600,0" yaku="1,1,8,1,53,0" doraHai="112" doraHaiUra="51" who="1" fromWho="3" sc="250,0,240,36,250,0,250,-26" /><INIT seed="1,0,0,5,1,91" ten="250,276,250,224" oya="1" hai0="118,77,117,38,41,51,8,116,45,115,94,49,135" hai1="42,70,134,83,93,75,126,6,98,67,110,78,10" hai2="84,32,35,21,65,61,100,81,19,1,73,66,20" hai3="133,43,85,64,17,131,122,121,95,36,52,102,79"/><U7/><E126/><V3/><F73/><W96/><G64/><T25/><D115/><U128/><E128/><V18/><F100/><W106/><G131/><T2/><D135/><U86/><E134/><V87/><REACH who="2" step="1"/><F61/><REACH who="2" ten="250,276,240,224" step="2"/><W31/><G133/><T37/><D116/><U12/><E75/><V104/><F104/><W124/><G106/><T34/><D117/><U125/><E125/><V59/><F59/><W40/><G102/><T47/><D118/><U113/><E113/><V82/><AGARI ba="0,1" hai="1,3,18,19,20,21,32,35,65,66,81,82,84,87" machi="82" ten="25,12000,2" yaku="1,1,0,1,22,2,53,2" doraHai="91" doraHaiUra="76" who="2" fromWho="2" sc="250,-30,276,-60,240,130,224,-30" /><INIT seed="2,0,0,1,3,106" ten="220,216,370,194" oya="2" hai0="118,87,116,1,97,122,81,48,114,44,31,119,101" hai1="8,12,58,3,74,67,86,22,96,51,110,117,33" hai2="38,100,20,99,112,85,73,37,128,126,113,105,89" hai3="111,27,0,41,24,23,55,64,53,62,127,109,94"/><V45/><F37/><W2/><G41/><T84/><D122/><U7/><E117/><V6/><F6/><W68/><G127/><T83/><D114/><U65/><E33/><V60/><F38/><W14/><G14/><T28/><D1/><U5/><E110/><N who="3" m="41994" /><G27/><T4/><D4/><N who="1" m="3079" /><E74/><V69/><F45/><W92/><G0/><T103/><D48/><U34/><E34/><V90/><F126/><W131/><G2/><T98/><D116/><U80/><E96/><V132/><F20/><W40/><G40/><T107/><D107/><U124/><E124/><V78/><F60/><W75/><G131/><T134/><REACH who="0" step="1"/><D44/><REACH who="0" ten="210,216,370,194" step="2"/><U77/><E3/><V123/><F123/><W76/><G94/><T36/><D36/><U52/><E5/><V25/><F128/><W108/><N who="3" m="42002" /><W11/><DORA hai="72" /><G92/><T19/><D19/><U42/><E7/><V95/><F113/><W10/><G10/><T43/><D43/><U32/><E42/><V49/><F112/><W61/><G11/><T54/><D54/><U79/><E52/><V63/><F105/><W26/><G61/><T104/><D104/><U17/><E51/><V71/><F49/><W39/><G39/><T133/><AGARI ba="0,1" hai="28,31,81,83,84,87,97,98,101,103,118,119,133,134" machi="133" ten="25,6400,0" yaku="1,1,0,1,22,2,53,0" doraHai="106,72" doraHaiUra="47,88" who="0" fromWho="0" sc="210,74,216,-16,370,-32,194,-16" /><INIT seed="3,0,0,4,5,112" ten="284,200,338,178" oya="3" hai0="119,31,28,116,84,74,7,38,87,86,34,123,14" hai1="25,92,108,122,66,72,110,49,40,89,59,126,19" hai2="128,53,132,133,103,79,1,68,43,54,57,90,35" hai3="27,45,22,130,121,15,24,78,30,111,62,33,11"/><W36/><G121/><T88/><D123/><U8/><E122/><V21/><F35/><W46/><G130/><T82/><D38/><U77/><E126/><V32/><F32/><W37/><G78/><T100/><D100/><U75/><E77/><V105/><F68/><W20/><G33/><T29/><D34/><U96/><E66/><V118/><F128/><W117/><G117/><T73/><D7/><U51/><E59/><V26/><F1/><W63/><G111/><N who="1" m="42538" /><E40/><V120/><F118/><N who="0" m="45098" /><D14/><N who="1" m="7623" /><E25/><V58/><F103/><W55/><G15/><T124/><D88/><U76/><E76/><V114/><F79/><W65/><G11/><T102/><D102/><U64/><E64/><V99/><F120/><W101/><G101/><T109/><D109/><U127/><E127/><V60/><F105/><W10/><G10/><T47/><D124/><U41/><E41/><V115/><F43/><W23/><G65/><T95/><D95/><U13/><E13/><V5/><F5/><W39/><G55/><T0/><D0/><U70/><E70/><V52/><F54/><W56/><G56/><T85/><D85/><U69/><E69/><V61/><F114/><W2/><G2/><T107/><D107/><U83/><E83/><V104/><F115/><W125/><G125/><T6/><D6/><U71/><E71/><V94/><F104/><W3/><G3/><T12/><D12/><U4/><E4/><V67/><F67/><W50/><G50/><AGARI ba="0,0" hai="49,50,51,72,75,89,92,96" m="7623,42538" machi="50" ten="30,1000,0" yaku="14,1" doraHai="112" who="1" fromWho="3" sc="284,0,200,10,338,0,178,-10" owari="284,8.4,210,-19.0,338,43.8,168,-33.2" /></mjloggm>