<mjloggm ver="2.3"><GO type="225" lobby="0"/><UN n0="%E3%82%82%E3%82%93%E3%81%8D%E3%82%93%E3%81%90" n1="%E8%83%83%E3%81%A8%E8%85%B8" n2="%E3%81%8B%E3%82%8F%E3%81%A1%E3%82%83%E3%82%93%35%38" n3="%72%69%6F%75%63%68%61%6E" dan="16,17,16,16" rate="2052.83,2199.77,2151.51,2144.73" sx="M,M,M,M"/><TAIKYOKU oya="0"/><INIT seed="0,0,0,2,5,80" ten="250,250,250,250" oya="0" hai0="97,111,72,105,75,30,14,58,59,118,48,76,130" hai1="92,131,38,66,135,8,56,50,6,133,18,35,129" hai2="25,110,104,44,86,127,54,85,70,47,20,23,28" hai3="41,96,84,87,113,107,69,37,46,16,34,98,123"/><T88/><D118/><U77/><E38/><V71/><F104/><W122/><G113/><T1/><D1/><U36/><E36/><V100/><F100/><N who="3" m="62855" /><G34/><T15/><D30/><U99/><E35/><V82/><F110/><W27/><G69/><T12/><D76/><U19/><E77/><V132/><F132/><N who="1" m="50761" /><E66/><V114/><F114/><W31/><G98/><T45/><D130/><N who="1" m="49675" /><E56/><V134/><F134/><W124/><G124/><T112/><D112/><U109/><E50/><V120/><F127/><W68/><G68/><T74/><D111/><U79/><E79/><V5/><F71/><W61/><G61/><T115/><D115/><U90/><E109/><V119/><F70/><W4/><G4/><T91/><D105/><U62/><E62/><V32/><F119/><W121/><G31/><T42/><REACH who="0" step="1"/><D97/><REACH who="0" ten="240,250,250,250" step="2"/><U102/><E102/><V73/><F28/><W51/><G37/><T117/><D117/><U11/><E11/><V22/><F32/><W93/><G93/><T21/><D21/><AGARI ba="0,1" hai="16,21,27,41,46,51,84,87,121,122,123" m="62855" machi="21" ten="30,7700,0" yaku="13,1,52,2,54,1" doraHai="80" who="3" fromWho="0" sc="240,-77,250,0,250,0,250,87" /><INIT seed="1,0,0,1,2,4" ten="163,250,250,337" oya="1" hai0="24,85,122,6,66,88,55,16,0,123,87,65,89" hai1="18,101,44,121,46,71,84,91,12,95,58,27,20" hai2="99,82,5,21,80,10,69,105,109,75,13,42,98" hai3="130,19,63,112,52,108,32,60,29,132,39,77,111"/><U106/><E71/><V74/><F69/><W133/><G112/><T59/><D85/><U96/><E121/><N who="0" m="46089" /><D89/><U43/><E43/><V78/><F109/><N who="3" m="42059" /><G130/><T33/><D33/><U120/><E120/><V38/><F21/><W35/><G39/><T81/><D6/><U129/><E129/><V117/><F117/><W94/><G77/><T9/><D0/><U68/><E68/><V125/><F125/><W11/><G94/><T135/><D24/><U116/><E116/><V119/><F119/><W47/><G29/><T7/><D7/><U45/><REACH who="1" step="1"/><E58/><REACH who="1" ten="163,240,250,337" step="2"/><V107/><F42/><W8/><G47/><T17/><D135/><N who="3" m="51785" /><G63/><N who="0" m="36351" /><D17/><U61/><E61/><V124/><F124/><W57/><G19/><T104/><D104/><U110/><E110/><V36/><F107/><W76/><G76/><T100/><D100/><U41/><E41/><V26/><F105/><W73/><G73/><T97/><D97/><U62/><E62/><V79/><F98/><W127/><G127/><T37/><D37/><U15/><AGARI ba="0,1" hai="12,15,18,20,27,44,45,46,84,91,95,96,101,106" machi="15" ten="30,3000,0" yaku="1,1,0,1,53,0" doraHai="4" doraHaiUra="51" who="1" fromWho="1" sc="163,-10,240,40,250,-10,337,-10" /><INIT seed="1,1,0,2,0,21" ten="153,280,240,327" oya="1" hai0="55,98,33,10,97,88,23,59,94,70,96,110,46" hai1="135,0,69,63,28,61,35,58,44,2,11,81,67" hai2="86,132,47,26,134,102,5,51,128,123,122,36,90" hai3="116,73,78,84,106,42,31,121,52,77,53,41,15"/><U107/><E135/><N who="2" m="51755" /><F36/><W91/><G121/><T114/><D110/><U85/><E107/><V34/><F102/><W16/><G106/><T18/><D33/><U48/><E11/><V57/><F57/><W60/><G116/><T72/><D114/><U39/><E39/><V82/><F5/><W99/><G31/><T68/><D72/><U13/><E13/><V105/><F105/><W50/><G99/><T112/><D112/><U4/><E4/><V38/><F38/><W130/><G130/><T37/><D10/><U27/><E61/><V101/><F101/><W129/><G129/><T8/><D8/><U109/><E58/><V120/><F128/><W108/><G108/><T80/><D80/><U24/><E109/><V119/><F119/><W1/><G1/><T30/><D30/><U75/><E75/><V131/><F131/><W45/><G73/><T103/><D46/><U66/><E66/><V74/><F74/><W43/><G53/><T133/><D37/><U56/><E56/><V83/><F83/><N who="3" m="49567" /><G60/><T49/><D133/><U32/><E32/><V9/><F34/><W118/><G118/><T19/><D103/><U104/><E104/><V92/><F82/><W65/><G65/><T117/><D117/><U127/><E2/><V64/><F64/><W111/><G111/><T87/><REACH who="0" step="1"/><D18/><REACH who="0" ten="143,280,240,327" step="2"/><U6/><E6/><V76/><F123/><W29/><G29/><T40/><D40/><N who="1" m="24583" /><E28/><V115/><F122/><W54/><G54/><T17/><D17/><U12/><E35/><V20/><F120/><W25/><G15/><AGARI ba="1,1" hai="15,19,23,49,55,59,68,70,87,88,94,96,97,98" machi="15" ten="40,8000,1" yaku="1,1,25,2,54,1,53,0" doraHai="21" doraHaiUra="113" who="0" fromWho="3" sc="143,93,280,0,240,0,327,-83" /><INIT seed="2,0,0,5,2,61" ten="236,280,240,244" oya="2" hai0="33,67,117,57,114,16,100,56,124,101,133,21,46" hai1="81,110,51,82,1,123,31,63,12,15,52,42,84" hai2="105,53,109,119,30,86,99,93,0,95,8,72,75" hai3="36,68,38,83,10,70,122,39,18,128,64,60,4"/><V25/><F119/><W27/><G122/><T23/><D33/><U17/><E1/><V118/><F118/><W78/><G128/><T127/><D117/><U44/><E123/><V89/><F105/><W43/><G18/><T20/><D114/><U106/><E106/><V32/><F109/><W26/><G70/><T94/><D133/><U107/><E107/><V113/><F113/><W59/><G59/><N who="0" m="22603" /><D46/><U103/><E103/><N who="0" m="39497" /><D94/><U35/><E110/><V87/><F53/><W77/><G77/><T126/><D67/><U2/><E2/><V130/><F130/><W65/><G65/><T49/><D49/><U115/><E115/><V5/><REACH who="2" step="1"/><F86/><REACH who="2" ten="236,280,230,244" step="2"/><W96/><G43/><T55/><D55/><U13/><E84/><V129/><F129/><W134/><G134/><T76/><D76/><U121/><E121/><V62/><F62/><W90/><G96/><T73/><D73/><U3/><E63/><V11/><F11/><W66/><G66/><T69/><D69/><U40/><E40/><V54/><F54/><W102/><G60/><T9/><D9/><U111/><E111/><V58/><F58/><W6/><G64/><T80/><D80/><U14/><E42/><V97/><F97/><W28/><G68/><T22/><N who="0" m="5120" /><DORA hai="19" /><T112/><D112/><U120/><E120/><V47/><F47/><W131/><G10/><T125/><D127/><U88/><E81/><V91/><AGARI ba="0,1" hai="0,5,8,25,30,32,72,75,87,89,91,93,95,99" machi="91" ten="20,7800,0" yaku="1,1,0,1,7,1,53,1" doraHai="61,19" doraHaiUra="79,92" who="2" fromWho="2" sc="236,-26,280,-26,230,88,244,-26" /><INIT seed="2,1,0,0,4,134" ten="210,254,318,218" oya="2" hai0="3,101,90,78,41,119,27,126,61,104,121,68,15" hai1="96,45,35,57,37,1,52,20,124,63,17,16,85" hai2="83,75,24,44,128,127,69,64,133,109,25,53,13" hai3="71,116,81,51,132,107,47,100,108,4,67,105,102"/><V87/><F75/><W32/><G116/><T58/><D3/><U59/><E35/><V113/><F113/><W14/><G132/><T12/><D68/><U125/><E1/><V120/><F120/><W89/><G108/><T33/><D121/><U10/><E85/><V49/><F133/><W130/><G130/><T5/><D119/><U26/><E57/><V117/><F117/><W11/><G32/><T42/><D104/><U114/><E114/><V54/><F128/><W77/><G89/><T123/><D123/><U122/><E122/><V84/><F109/><W74/><G107/><T115/><D115/><U9/><E96/><V111/><F111/><W91/><G105/><T30/><D101/><U118/><E118/><V39/><F39/><W62/><REACH who="3" step="1"/><G91/><REACH who="3" ten="210,254,318,208" step="2"/><T80/><D90/><U50/><E37/><V106/><F106/><W48/><G48/><T31/><D33/><U36/><E36/><V6/><F49/><W86/><G86/><T23/><D80/><U46/><E46/><V2/><F84/><W88/><G88/><T73/><D73/><U65/><REACH who="1" step="1"/><E17/><REACH who="1" ten="210,244,318,208" step="2"/><V8/><F44/><W79/><G79/><T92/><D78/><U95/><E95/><V7/><F87/><W34/><G34/><T56/><D92/><U98/><E98/><V112/><F112/><W60/><G60/><T66/><D61/><U55/><E55/><AGARI ba="1,2" hai="4,11,14,47,51,55,62,67,71,74,77,81,100,102" machi="55" ten="30,3900,0" yaku="1,1,7,1,53,1" doraHai="134" doraHaiUra="72" who="3" fromWho="1" sc="210,0,244,-42,318,0,208,62" /><INIT seed="3,0,0,5,2,57" ten="210,202,318,270" oya="3" hai0="15,35,127,71,40,92,75,118,128,112,105,53,16" hai1="7,1,87,94,131,30,60,46,89,108,116,114,126" hai2="76,96,37,19,79,39,129,28,122,109,115,23,50" hai3="72,59,132,47,6,100,68,31,25,104,36,103,93"/><W67/><G132/><T83/><D105/><U90/><E114/><V77/><F115/><W119/><G119/><T74/><D118/><U113/><E116/><V42/><F28/><W123/><G123/><T43/><D112/><U84/><E113/><V24/><F39/><W20/><G104/><T82/><D35/><U91/><E108/><V12/><F37/><W120/><G120/><T21/><D71/><U63/><E126/><V86/><F122/><W55/><G72/><T125/><D128/><U29/><E131/><V34/><F34/><W56/><G6/><T48/><D92/><U38/><E1/><V88/><F96/><W133/><G133/><T117/><D117/><U3/><E3/><V111/><F129/><W2/><G2/><T17/><D17/><U95/><E7/><V51/><F24/><W11/><G11/><T14/><D14/><U130/><E130/><V8/><F8/><W4/><G4/><T54/><D75/><U121/><E121/><V10/><F10/><W62/><G93/><N who="1" m="35338" /><E46/><V78/><F78/><W41/><G56/><N who="0" m="32807" /><D54/><U102/><E38/><V85/><F42/><N who="0" m="15914" /><D74/><U124/><E124/><AGARI ba="0,0" hai="15,16,21,82,83,124,125,127" m="15914,32807" machi="124" ten="30,2000,0" yaku="18,1,54,1" doraHai="57" who="0" fromWho="1" sc="210,20,202,-20,318,0,270,0" owari="230,-17.0,182,-31.8,318,41.8,270,7.0" /></mjloggm>