<mjloggm ver="2.3"><GO type="225" lobby="0"/><UN n0="%E3%81%99%E3%81%84%E3%81%BE%E3%81%9B%E3%83%BC%E3%82%93" n1="%E3%82%A2%E3%83%BC%E3%83%A2%E3%83%AD%E3%83%BC%E3%83%B4%E3%82%A1" n2="%E5%8D%A0%E3%81%84%E5%B8%AB%E8%A3%8F%E3%81%AA%E3%81%84%E3%81%97" n3="%E3%83%97%E3%83%AC%E3%83%B4%E3%82%A1%E3%83%86%E3%82%A3" dan="17,16,16,16" rate="2252.19,2155.13,2172.74,2095.73" sx="M,M,M,F"/><TAIKYOKU oya="0"/><INIT seed="0,0,0,3,3,59" ten="250,250,250,250" oya="0" hai0="127,109,18,45,125,12,29,108,30,19,60,105,62" hai1="39,118,17,53,14,13,66,50,104,65,91,97,121" hai2="5,16,116,37,1,77,23,58,2,134,41,83,57" hai3="46,7,54,124,11,24,80,126,113,32,15,100,82"/><T99/><D45/><U84/><E118/><V86/><F134/><W114/><G100/><N who="0" m="62623" /><D30/><U94/><E121/><V92/><F116/><W98/><G98/><T26/><D29/><U20/><E39/><V21/><F21/><W48/><G32/><T6/><D26/><U44/><E104/><V9/><F1/><W42/><G24/><T96/><D96/><U107/><E107/><V128/><F128/><W3/><G3/><T33/><D6/><U35/><E35/><V31/><F31/><W36/><G82/><T120/><D120/><U51/><E97/><V55/><F92/><W76/><G36/><T103/><D103/><U40/><REACH who="1" step="1"/><E14/><REACH who="1" ten="250,240,250,250" step="2"/><V102/><F102/><W129/><G129/><T28/><D33/><U90/><E90/><V49/><F37/><W87/><REACH who="3" step="1"/><G54/><REACH who="3" ten="250,240,250,240" step="2"/><T132/><D132/><U89/><E89/><V122/><F122/><W93/><G93/><T4/><D12/><U71/><E71/><V133/><F133/><W119/><G119/><T95/><D127/><AGARI ba="0,2" hai="7,11,15,42,46,48,76,80,87,113,114,124,126,127" machi="127" ten="40,8000,1" yaku="1,1,25,2,18,1,53,0" doraHai="59" doraHaiUra="22" who="3" fromWho="0" sc="250,-80,240,0,250,0,240,100" /><INIT seed="1,0,0,5,3,29" ten="170,240,250,340" oya="1" hai0="98,107,18,20,70,126,93,77,42,61,76,3,101" hai1="105,125,67,79,17,72,14,124,30,71,6,21,87" hai2="35,43,128,45,78,127,92,83,102,38,24,108,88" hai3="40,66,82,94,113,119,103,133,50,8,100,118,80"/><U49/><E105/><V122/><F122/><W112/><G66/><T4/><D126/><N who="1" m="48747" /><E6/><V7/><F127/><W33/><G8/><T15/><D42/><U68/><E72/><V57/><F108/><W111/><G40/><T48/><D107/><U64/><E30/><V89/><F128/><W97/><G50/><T115/><D115/><N who="3" m="44105" /><G111/><T46/><D3/><U96/><E96/><V110/><F110/><W62/><G62/><T47/><D4/><U56/><E87/><V104/><F7/><W26/><G26/><T2/><D2/><U134/><E79/><V85/><F57/><W90/><G33/><T9/><D9/><U36/><E134/><V41/><F41/><W54/><G54/><T91/><D101/><N who="3" m="38985" /><G133/><T10/><D10/><U59/><E36/><V34/><F24/><W31/><G31/><T32/><D32/><U123/><E59/><V131/><F131/><W16/><G16/><T22/><D22/><U109/><E109/><V135/><F135/><W130/><G130/><T86/><D47/><U114/><E114/><V116/><F116/><AGARI ba="0,0" hai="80,82,90,94,97,116,118,119" m="38985,44105" machi="116" ten="30,3900,0" yaku="12,1,34,2" doraHai="29" who="3" fromWho="2" sc="170,0,240,0,250,-39,340,39" /><INIT seed="2,0,0,5,2,89" ten="170,240,211,379" oya="2" hai0="34,4,76,33,102,14,111,73,49,106,11,90,44" hai1="30,87,70,40,109,64,67,6,27,99,110,116,36" hai2="84,80,58,94,120,63,46,130,20,5,113,59,69" hai3="125,128,43,53,127,18,105,54,71,56,42,135,95"/><V119/><F113/><W79/><G105/><T77/><D111/><N who="1" m="42507" /><E116/><V132/><F119/><W81/><G71/><T123/><D123/><U129/><E129/><V118/><F118/><W131/><G18/><T39/><D39/><U93/><E6/><V75/><F120/><W115/><G115/><T23/><D23/><N who="1" m="15743" /><E70/><V121/><F121/><W32/><G32/><T24/><D90/><N who="1" m="55735" /><E87/><V16/><F130/><N who="3" m="49707" /><G95/><T45/><D73/><U101/><E101/><V38/><F132/><W107/><G107/><T78/><D102/><U61/><E61/><V37/><F5/><W114/><G114/><T2/><D106/><U100/><E100/><V52/><F75/><W86/><G135/><T92/><D2/><U62/><E62/><V50/><F69/><W15/><G15/><T88/><D24/><U41/><E36/><V66/><F46/><W51/><G54/><T25/><D25/><U124/><E124/><AGARI ba="0,0" hai="42,43,51,53,56,79,81,86,124,125,127" m="49707" machi="124" ten="30,2000,0" yaku="18,1,19,1" doraHai="89" who="3" fromWho="1" sc="170,0,240,-20,211,0,379,20" /><INIT seed="3,0,0,3,3,21" ten="170,220,211,399" oya="3" hai0="99,19,34,26,134,69,63,87,47,60,73,24,123" hai1="53,51,44,46,52,82,43,33,76,129,41,38,28" hai2="4,23,88,57,25,71,64,114,97,27,79,126,54" hai3="45,133,61,3,128,84,30,58,135,130,119,85,67"/><W96/><G3/><T121/><D73/><U108/><E108/><V107/><F114/><W70/><G119/><T68/><D134/><N who="3" m="51209" /><G45/><T37/><D99/><U104/><E104/><V20/><F126/><W75/><G75/><T74/><D74/><U49/><E129/><N who="3" m="49770" /><G30/><T0/><D0/><U50/><E28/><V120/><F120/><W89/><G70/><T72/><D72/><U105/><E44/><V127/><F71/><W125/><G96/><T78/><D69/><U40/><E46/><V31/><F97/><W113/><G113/><T90/><D68/><U81/><E43/><V1/><F1/><W29/><G29/><T91/><D34/><U8/><E41/><V98/><F31/><W122/><G122/><T11/><D123/><U92/><E40/><V62/><F98/><W9/><G9/><T56/><D121/><U111/><E8/><V103/><F103/><W124/><G89/><N who="0" m="33803" /><D37/><U22/><E38/><V39/><F39/><W2/><G2/><T66/><D47/><U131/><E33/><V101/><F101/><W93/><G93/><T35/><D35/><U42/><E92/><V100/><F100/><W109/><G109/><T12/><D60/><U86/><E42/><V102/><F102/><W117/><G117/><T16/><D19/><U6/><E111/><V80/><F62/><W83/><G83/><AGARI ba="0,0" hai="11,12,16,24,26,56,63,66,78,83,87" m="33803" machi="83" ten="30,7700,0" yaku="8,1,52,2,54,1" doraHai="21" who="0" fromWho="3" sc="170,77,220,0,211,0,399,-77" owari="247,4.7,220,-18.0,211,-28.9,322,42.2" /></mjloggm>