<mjloggm ver="2.3"><GO type="225" lobby="0"/><UN n0="%48%61%61%61%6C%61%6E%64" n1="%33%74%72%65%65" n2="%E3%81%A9%E3%82%93%E3%82%88%E3%81%8F%4D%6B%2E%32" n3="%E7%AD%89%E3%80%85%E5%8A%9B%E5%8A%87%E5%A0%B4" dan="18,16,16,16" rate="2222.95,2143.46,2195.51,2152.97" sx="M,F,M,M"/><TAIKYOKU oya="0"/><INIT seed="0,0,0,2,4,98" ten="250,250,250,250" oya="0" hai0="33,52,118,19,105,21,93,73,68,25,1,90,22" hai1="131,29,18,66,23,28,53,72,101,59,36,117,104" hai2="121,49,4,77,43,100,127,5,95,45,124,35,58" hai3="76,2,113,108,47,31,112,126,120,24,109,81,8"/><T102/><D118/><U32/><E117/><V69/><F69/><W130/><G47/><T7/><D68/><U62/><E131/><V17/><F35/><N who="3" m="20967" /><G81/><T26/><D73/><U122/><E122/><V63/><F77/><W133/><G76/><T15/><D33/><U86/><E72/><V64/><F121/><W82/><G82/><T55/><D1/><U74/><E74/><V61/><F61/><W96/><G120/><T83/><D105/><U106/><E36/><V78/><F78/><W20/><G96/><N who="0" m="59663" /><D7/><U119/><E119/><V115/><F115/><N who="3" m="44107" /><G133/><T70/><D70/><U0/><E104/><V46/><F46/><W123/><G123/><T38/><D38/><U30/><E32/><V10/><F100/><W125/><G20/><T9/><D22/><U99/><E86/><V94/><F94/><W34/><G34/><T71/><D71/><U13/><REACH who="1" step="1"/><E0/><REACH who="1" ten="250,240,250,250" step="2"/><V79/><F43/><W56/><G130/><T44/><D44/><U97/><E97/><V67/><F45/><W75/><G75/><T89/><D26/><U16/><E16/><V128/><F17/><W91/><G2/><T110/><D25/><U42/><E42/><V84/><F128/><W114/><G114/><T3/><D3/><U80/><E80/><V27/><F27/><W37/><G37/><T11/><D83/><U111/><E111/><V12/><F79/><W107/><G109/><T85/><D110/><U51/><E51/><V57/><F49/><W134/><G108/><T48/><D48/><U65/><AGARI ba="0,1" hai="13,18,23,28,29,30,53,59,62,65,66,99,101,106" machi="65" ten="30,7900,0" yaku="1,1,0,1,52,1,53,1" doraHai="98" doraHaiUra="54" who="1" fromWho="1" sc="250,-39,240,89,250,-20,250,-20" /><INIT seed="1,0,0,5,4,57" ten="211,329,230,230" oya="1" hai0="75,126,41,64,78,123,111,22,83,31,106,117,81" hai1="109,113,71,48,134,24,84,112,35,27,0,66,73" hai2="124,19,49,131,105,8,6,115,15,29,76,11,92" hai3="102,114,20,88,16,34,74,125,38,94,89,65,63"/><U45/><E0/><V25/><F105/><W5/><G114/><T50/><D117/><U82/><E73/><V2/><F76/><W61/><G34/><T13/><D111/><U96/><E96/><V1/><F115/><W72/><G38/><T121/><D106/><U86/><E134/><V98/><F124/><W135/><G125/><T53/><D126/><U119/><E119/><V9/><F131/><W108/><G108/><T12/><D41/><U87/><E82/><V90/><F49/><W70/><G135/><T60/><D83/><U14/><E109/><V30/><REACH who="2" step="1"/><F25/><REACH who="2" ten="211,329,220,230" step="2"/><W129/><G129/><T26/><D121/><U133/><E24/><V104/><F104/><W46/><G74/><T42/><D123/><U62/><E133/><V107/><F107/><W3/><G72/><T39/><D39/><U110/><E110/><V122/><F122/><W127/><G127/><T101/><D42/><U10/><E27/><V7/><AGARI ba="0,1" hai="1,2,6,7,8,9,11,15,19,29,30,90,92,98" machi="7" ten="30,4000,0" yaku="1,1,0,1,9,1,53,0" doraHai="57" doraHaiUra="43" who="2" fromWho="2" sc="211,-10,329,-20,220,50,230,-10" /><INIT seed="2,0,0,4,4,7" ten="201,309,270,220" oya="2" hai0="33,120,127,92,1,119,0,81,46,71,11,125,80" hai1="83,19,48,75,98,55,76,85,101,124,20,100,77" hai2="43,99,60,132,74,28,47,62,26,25,5,6,90" hai3="17,9,111,103,31,122,107,133,73,78,121,58,64"/><V59/><F74/><W4/><G111/><T50/><D120/><U116/><E124/><N who="0" m="47689" /><D33/><U35/><E35/><V104/><F132/><W39/><G39/><T117/><D71/><U79/><E116/><N who="0" m="44617" /><D92/><N who="1" m="58439" /><E101/><V65/><F62/><W66/><G103/><T109/><D109/><U57/><E75/><V44/><F104/><W94/><G107/><T15/><D0/><U106/><E106/><V134/><F134/><W123/><G94/><T93/><D93/><U82/><E82/><V84/><F99/><W14/><G133/><T128/><D1/><U91/><E79/><V113/><F113/><W12/><G78/><T41/><D128/><U69/><E69/><V130/><F130/><W18/><G73/><T34/><D34/><U21/><E21/><V54/><F65/><W115/><G115/><T67/><D67/><U23/><E23/><V10/><F28/><W38/><G31/><T105/><D105/><U3/><E3/><V30/><F30/><W118/><G118/><T24/><D24/><AGARI ba="0,0" hai="19,20,24,48,55,57,76,77,83,85,91" m="58439" machi="24" ten="30,1000,0" yaku="8,1" doraHai="7" who="1" fromWho="0" sc="201,-10,309,10,270,0,220,0" /><INIT seed="3,0,0,2,0,59" ten="191,319,270,220" oya="3" hai0="55,18,122,80,42,34,117,116,75,53,32,92,83" hai1="132,102,45,131,7,51,15,82,25,5,88,91,37" hai2="22,130,63,46,16,135,39,115,66,100,52,0,29" hai3="3,127,9,112,97,134,57,118,86,12,108,120,104"/><W76/><G112/><T133/><D122/><U1/><E1/><V79/><F115/><W93/><G118/><T27/><D133/><U60/><E37/><V38/><F0/><W99/><G120/><T72/><D92/><U129/><E132/><V17/><F135/><W44/><G134/><T110/><D27/><U10/><E102/><V6/><F6/><W81/><G3/><T24/><D24/><U96/><E25/><V11/><F79/><W65/><G127/><T13/><D13/><U2/><E60/><V74/><F74/><N who="0" m="28202" /><D42/><U8/><E96/><V33/><F33/><N who="0" m="12906" /><D18/><U26/><E26/><V107/><F17/><W41/><G108/><T48/><D48/><U47/><E82/><N who="0" m="31273" /><D110/><U30/><E30/><V77/><F29/><W36/><G104/><T35/><N who="0" m="12914" /><T71/><DORA hai="69" /><D71/><U84/><E51/><V94/><F107/><W125/><G125/><T56/><D56/><U124/><E124/><V106/><F106/><W105/><G105/><T4/><D4/><U40/><E40/><V114/><F16/><W78/><G78/><T68/><D68/><U23/><E2/><V95/><F77/><W50/><G93/><T109/><D109/><U128/><E15/><V90/><F95/><W85/><G85/><T49/><D49/><U119/><E84/><V43/><F94/><W64/><G50/><T31/><D31/><U62/><E5/><V70/><F70/><W111/><G111/><T98/><D98/><N who="3" m="37385" /><G57/><T28/><D28/><U14/><E7/><V123/><F43/><W67/><G12/><T113/><D113/><U73/><E14/><RYUUKYOKU ba="0,0" sc="191,15,319,-15,270,-15,220,15" hai0="53,55,116,117" hai3="9,36,41,44,64,65,67,76,81,86" /><INIT seed="3,1,0,4,4,121" ten="206,304,255,235" oya="3" hai0="130,52,114,107,37,95,122,54,5,77,11,97,53" hai1="109,32,17,98,27,133,31,81,127,118,104,85,45" hai2="38,88,96,4,68,67,28,103,13,46,119,79,26" hai3="20,9,80,70,110,102,42,131,60,89,48,10,93"/><W22/><G131/><T2/><D122/><U39/><E109/><V69/><F119/><W83/><G102/><T62/><D130/><U75/><E118/><V59/><F79/><W30/><G70/><T16/><D114/><U84/><E127/><V112/><F112/><W35/><G35/><T116/><D116/><U113/><E133/><V71/><F88/><W33/><G33/><T57/><D37/><U129/><E129/><V105/><F4/><W8/><G60/><T90/><D107/><U29/><E29/><V63/><F13/><W14/><G110/><T120/><D120/><U108/><E17/><V82/><F82/><W58/><G30/><T7/><D77/><N who="1" m="44223" /><E108/><V124/><F124/><W99/><G22/><T61/><D5/><U128/><E128/><V50/><F38/><W86/><G99/><T126/><D126/><U100/><E85/><V6/><F6/><W106/><G106/><T0/><D0/><U134/><E84/><V66/><F66/><W3/><G3/><T76/><D76/><U91/><E91/><V18/><F18/><N who="3" m="10327" /><G42/><T47/><D47/><U74/><E134/><V65/><F65/><W115/><G115/><T125/><D125/><U87/><E87/><V111/><F111/><W72/><G72/><T56/><REACH who="0" step="1"/><D16/><REACH who="0" ten="196,304,255,235" step="2"/><U94/><E113/><V15/><F46/><W41/><G83/><T12/><D12/><U135/><E135/><V24/><F15/><W40/><G80/><T44/><D44/><U73/><E94/><V123/><F123/><W19/><G19/><T23/><D23/><U34/><E34/><N who="2" m="20743" /><F26/><W36/><G36/><RYUUKYOKU ba="1,1" sc="196,0,304,0,255,0,235,0" hai0="2,7,11,52,53,54,56,57,61,62,90,95,97" hai1="27,31,32,39,45,73,74,98,100,104" hai2="50,59,63,67,68,69,71,96,103,105" hai3="8,9,10,40,41,48,58,86,89,93" /><INIT seed="3,2,1,4,5,54" ten="196,304,255,235" oya="3" hai0="8,123,39,103,73,23,110,50,55,101,74,83,49" hai1="102,85,71,36,108,44,89,57,82,105,91,65,76" hai2="53,128,1,29,11,109,22,72,116,70,32,113,38" hai3="17,93,30,24,126,124,7,60,97,125,4,107,10"/><W63/><G107/><T3/><D123/><U96/><E108/><V14/><RYUUKYOKU type="yao9" ba="2,1" sc="196,0,304,0,255,0,235,0" hai2="1,11,14,22,29,32,38,53,70,72,109,113,116,128" /><INIT seed="3,3,1,0,2,72" ten="196,304,255,235" oya="3" hai0="26,114,8,95,23,1,11,41,32,68,71,105,69" hai1="15,99,120,28,37,110,13,104,78,2,35,55,79" hai2="117,83,18,135,119,22,40,16,0,10,85,102,24" hai3="113,80,81,6,134,125,44,64,108,4,130,51,96"/><W60/><G113/><T94/><D114/><U21/><E120/><V121/><F121/><W9/><G134/><T89/><D105/><U20/><E2/><V97/><F135/><W107/><G130/><T46/><D32/><U45/><E110/><V106/><F40/><W133/><G133/><T59/><D59/><U91/><E35/><V7/><F18/><W75/><G125/><T92/><D89/><AGARI ba="3,1" hai="0,7,10,16,22,24,83,85,89,97,102,106,117,119" machi="89" ten="30,2000,0" yaku="7,1,54,1" doraHai="72" who="2" fromWho="0" sc="196,-29,304,0,255,39,235,0" owari="167,-33.3,304,40.4,294,9.4,235,-16.5" /></mjloggm>