<mjloggm ver="2.3"><GO type="225" lobby="0"/><UN n0="%E3%81%B2%E3%81%AA%E3%81%AE%E3%82%8A%E3%81%8F" n1="%E3%81%93%E3%81%91%E6%A4%8D%E7%89%A9" n2="%E4%BF%BA%E3%81%A8%E5%A6%96%E5%A4%A2" n3="%72%65%6E%6B%75%6E" dan="17,16,17,17" rate="2214.60,2139.63,2182.92,2218.93" sx="M,M,F,M"/><TAIKYOKU oya="0"/><INIT seed="0,0,0,5,5,96" ten="250,250,250,250" oya="0" hai0="87,15,29,6,122,112,58,49,4,35,116,74,85" hai1="72,39,133,104,110,44,103,11,8,132,70,63,18" hai2="99,22,80,25,77,40,84,36,28,7,30,9,56" hai3="12,27,82,59,67,89,95,126,13,14,31,107,53"/><T60/><D74/><U118/><E110/><V121/><F121/><W3/><G126/><T113/><D122/><U42/><E72/><V38/><F40/><W92/><G107/><T48/><D116/><U23/><E104/><V109/><F30/><W61/><G3/><T76/><D29/><U108/><E108/><V17/><F109/><W41/><G41/><T102/><D35/><U98/><E118/><V10/><F28/><W78/><G67/><T123/><D123/><U106/><E63/><V45/><F45/><W55/><G55/><T43/><D76/><U93/><E106/><V105/><F56/><W120/><G120/><T46/><D49/><U62/><E62/><V94/><F105/><W119/><G119/><T97/><D113/><U117/><E70/><V81/><F81/><W86/><REACH who="3" step="1"/><G78/><REACH who="3" ten="250,250,250,240" step="2"/><T66/><D112/><U73/><E117/><V64/><F64/><W111/><G111/><T16/><D6/><U114/><E114/><V26/><F77/><W50/><G50/><T37/><D37/><U68/><E68/><V88/><F38/><W1/><G1/><T2/><D4/><U91/><E42/><V21/><F36/><W32/><AGARI ba="0,1" hai="12,13,14,27,31,32,53,59,61,82,86,89,92,95" machi="32" ten="30,2000,0" yaku="1,1,0,1,53,0" doraHai="96" doraHaiUra="134" who="3" fromWho="3" sc="250,-10,250,-5,250,-5,240,30" /><INIT seed="1,0,0,3,2,135" ten="240,245,245,270" oya="1" hai0="111,54,95,127,16,50,7,58,115,131,5,134,65" hai1="21,41,64,113,39,74,71,63,104,6,92,20,112" hai2="11,109,38,66,91,90,33,82,133,26,12,42,32" hai3="119,51,62,10,15,67,105,118,85,102,27,1,14"/><U46/><E104/><V35/><F133/><W75/><G75/><T123/><D134/><U53/><E74/><V93/><F109/><W9/><G51/><T87/><D115/><U30/><E6/><V34/><F66/><W125/><G85/><T101/><D111/><U29/><E92/><V121/><F121/><W94/><G105/><T116/><D116/><N who="3" m="44585" /><G27/><T97/><D131/><U43/><E43/><V31/><F82/><W70/><G125/><T84/><D127/><U106/><E106/><V73/><F73/><W77/><G77/><T89/><D65/><U59/><E112/><V72/><F72/><W83/><G83/><T44/><D123/><U49/><REACH who="1" step="1"/><E113/><REACH who="1" ten="240,235,245,270" step="2"/><V48/><F93/><W25/><G94/><T126/><D126/><U36/><E36/><V52/><F42/><W78/><G102/><T100/><D101/><U68/><E68/><V80/><F38/><W28/><G1/><T3/><D3/><U8/><E8/><N who="3" m="3178" /><G78/><T47/><D7/><U124/><E124/><V76/><F76/><W18/><G18/><T107/><D5/><U2/><E2/><V132/><F80/><W130/><G130/><T86/><D16/><U129/><E129/><V56/><REACH who="2" step="1"/><F132/><REACH who="2" ten="240,235,235,270" step="2"/><W23/><AGARI ba="0,2" hai="14,15,23,25,28,62,67,70" m="3178,44585" machi="23" ten="30,1100,0" yaku="12,1" doraHai="135" who="3" fromWho="3" sc="240,-3,235,-5,235,-3,270,31" /><INIT seed="2,0,0,4,3,85" ten="237,230,232,301" oya="2" hai0="55,30,25,98,27,80,90,112,15,28,91,109,21" hai1="24,87,86,5,8,71,102,39,83,111,101,96,75" hai2="107,23,120,123,106,124,81,131,46,76,45,95,118" hai3="129,74,19,37,34,12,52,100,89,114,50,47,43"/><V115/><F115/><W0/><G0/><T42/><D112/><U38/><E71/><V93/><F118/><W10/><G114/><T84/><D109/><U127/><E111/><V60/><F131/><W68/><G129/><T13/><D42/><U14/><E127/><V130/><F130/><W117/><G117/><T73/><D73/><U128/><E128/><V63/><F23/><W94/><G74/><T135/><D135/><U126/><E126/><V79/><F124/><W58/><G68/><T6/><D6/><U49/><E86/><V16/><REACH who="2" step="1"/><F81/><REACH who="2" ten="237,230,222,301" step="2"/><W7/><G34/><T108/><D108/><U92/><E83/><V17/><AGARI ba="0,1" hai="16,17,45,46,60,63,76,79,93,95,106,107,120,123" machi="17" ten="25,18000,2" yaku="1,1,2,1,0,1,22,2,54,1,53,0" doraHai="85" doraHaiUra="4" who="2" fromWho="2" sc="237,-60,230,-60,222,190,301,-60" /><INIT seed="2,1,0,5,3,108" ten="177,170,412,241" oya="2" hai0="114,107,61,70,50,32,31,45,58,73,128,96,34" hai1="23,134,69,41,72,118,53,119,1,103,126,123,20" hai2="106,18,95,102,14,121,68,2,35,75,27,24,6" hai3="93,37,48,65,100,111,120,49,12,91,28,80,43"/><V21/><F106/><W132/><G120/><T76/><D128/><U113/><E41/><V133/><F75/><W40/><G111/><T71/><D73/><U105/><E103/><V4/><F121/><W82/><G132/><T54/><D76/><U129/><E53/><V98/><F68/><W52/><G65/><T13/><D114/><U78/><E23/><V67/><F67/><W66/><G66/><T30/><D13/><U84/><E20/><V74/><F74/><W77/><G28/><T25/><D96/><U115/><E84/><V97/><F133/><W92/><G37/><T22/><D107/><U99/><E99/><V125/><F125/><W62/><G100/><T112/><D112/><U64/><E64/><V130/><F130/><W7/><G62/><T3/><D3/><U42/><E42/><N who="3" m="15914" /><G77/><T79/><D79/><U124/><E78/><V135/><F135/><W9/><G49/><T0/><D0/><U56/><E56/><V11/><F4/><W131/><G131/><T15/><D15/><U47/><E47/><V63/><F63/><W38/><G38/><T88/><D31/><U17/><E17/><V57/><F57/><N who="3" m="32903" /><G92/><T83/><D71/><U86/><E126/><V104/><F35/><W46/><G46/><T36/><D70/><U39/><E115/><V59/><F59/><W110/><G110/><T87/><D36/><U117/><E118/><V127/><F127/><W19/><G7/><T10/><D10/><U101/><E101/><AGARI ba="1,0" hai="2,6,11,14,18,21,24,27,95,97,98,101,102,104" machi="101" ten="30,1500,0" yaku="7,1" doraHai="108" who="2" fromWho="1" sc="177,0,170,-18,412,18,241,0" /><INIT seed="2,2,0,0,3,36" ten="177,152,430,241" oya="2" hai0="130,129,39,81,50,15,121,90,76,85,106,33,14" hai1="20,125,10,75,38,44,60,26,49,72,77,131,58" hai2="1,25,40,91,19,18,119,28,54,6,16,32,117" hai3="120,102,123,128,127,24,87,94,88,73,5,98,71"/><V7/><F54/><W8/><G71/><T63/><D39/><U4/><E38/><V66/><F66/><W31/><G128/><N who="0" m="49259" /><D121/><U48/><E48/><V59/><F59/><W41/><G127/><T93/><D33/><U67/><E77/><V9/><F91/><W97/><G73/><N who="0" m="43151" /><D106/><U80/><E80/><V17/><F40/><W82/><G98/><T84/><D84/><U92/><E92/><V74/><F74/><W70/><G70/><T12/><D63/><U115/><E115/><V134/><F134/><W21/><REACH who="3" step="1"/><G41/><REACH who="3" ten="177,152,430,231" step="2"/><T78/><D78/><U29/><E125/><V35/><F35/><W13/><AGARI ba="2,1" hai="5,8,13,21,24,31,82,87,88,94,97,102,120,123" machi="13" ten="20,12000,2" yaku="1,1,2,1,0,1,7,1,54,1,53,1" doraHai="36" doraHaiUra="83" who="3" fromWho="3" sc="177,-32,152,-32,430,-62,231,136" /><INIT seed="3,0,0,2,4,77" ten="145,120,368,367" oya="3" hai0="88,92,67,64,76,80,11,129,45,114,73,15,119" hai1="91,41,104,123,6,48,133,36,87,37,81,83,8" hai2="58,38,134,20,3,97,34,78,1,55,71,109,30" hai3="99,101,19,90,89,44,28,103,93,79,61,39,26"/><W96/><G79/><T0/><D119/><U132/><E104/><V72/><F34/><W131/><G131/><T9/><D129/><U54/><E123/><V115/><F115/><W106/><G19/><T113/><D0/><U50/><E41/><V120/><F71/><W2/><G2/><T65/><D45/><N who="1" m="27919" /><E50/><V18/><F38/><W33/><REACH who="3" step="1"/><G61/><REACH who="3" ten="145,120,368,357" step="2"/><T43/><D113/><U68/><E68/><V10/><F120/><W108/><G108/><T116/><D114/><U29/><E29/><V7/><F109/><W27/><G27/><T118/><D116/><U124/><E124/><V16/><F134/><N who="1" m="51817" /><E83/><V98/><F30/><W5/><G5/><T53/><D80/><U125/><E125/><V25/><F18/><W105/><G105/><T32/><D118/><U74/><E74/><V95/><F1/><AGARI ba="0,1" hai="1,6,8,36,37,81,87,91" m="51817,27919" machi="1" ten="30,2000,0" yaku="20,1,52,1" doraHai="77" who="1" fromWho="2" sc="145,0,120,30,368,-20,357,0" owari="145,-35.5,150,-25.0,348,14.8,357,45.7" /></mjloggm>