<mjloggm ver="2.3"><GO type="225" lobby="0"/><UN n0="%6D%75%75%6D%75%72%61" n1="%E3%81%A1%E3%82%85%E3%81%86%E3%81%A9%E3%81%8F%E8%B1%A1%E3%81%95%E3%82%93" n2="%E6%A1%9C%E8%8A%B1%E9%96%83%E3%80%85" n3="%E3%81%BE%E3%81%A8%E3%81%9F" dan="17,17,18,16" rate="2200.96,2183.15,2220.23,2145.46" sx="F,M,M,M"/><TAIKYOKU oya="0"/><INIT seed="0,0,0,1,1,126" ten="250,250,250,250" oya="0" hai0="75,95,31,38,97,1,94,65,74,13,107,55,127" hai1="30,8,77,60,51,120,12,86,104,115,129,46,128" hai2="35,52,59,48,34,49,88,5,32,135,132,125,108" hai3="81,133,103,36,80,85,121,41,26,124,101,53,114"/><T10/><D127/><U116/><E120/><V11/><F125/><W105/><G124/><T61/><D1/><U87/><E116/><V42/><F108/><W71/><G114/><T70/><D107/><U110/><E104/><V123/><F123/><W98/><G71/><T64/><D38/><U92/><E110/><V56/><F88/><W76/><G133/><N who="2" m="51273" /><F42/><W79/><G121/><T6/><D31/><U72/><E30/><V122/><F122/><W117/><G117/><T54/><D65/><U45/><E115/><V91/><F91/><W29/><G53/><T130/><D95/><U67/><E72/><V25/><F25/><W83/><G103/><T44/><D75/><U16/><E92/><V63/><F56/><W69/><G69/><T134/><D74/><U106/><E106/><V99/><F99/><W24/><G24/><T23/><D134/><U2/><E2/><AGARI ba="0,0" hai="2,5,11,32,34,35,48,49,52,59,63" m="51273" machi="2" ten="40,2600,0" yaku="20,1,54,1" doraHai="126" who="2" fromWho="1" sc="250,0,250,-26,250,26,250,0" /><INIT seed="1,0,0,0,1,108" ten="250,224,276,250" oya="1" hai0="57,10,112,54,15,92,17,44,0,73,38,24,53" hai1="103,40,82,23,121,124,120,91,123,97,93,75,7" hai2="79,102,134,83,25,20,74,35,109,36,126,94,2" hai3="52,22,131,46,107,28,27,132,30,118,96,3,135"/><U101/><E40/><V106/><F109/><W84/><G3/><T48/><D0/><U99/><E7/><V16/><F126/><W129/><G118/><T89/><D73/><U62/><E62/><V56/><F134/><N who="3" m="51243" /><G84/><T18/><D112/><U21/><E124/><V37/><F2/><W125/><G125/><T19/><D24/><U104/><REACH who="1" step="1"/><E91/><REACH who="1" ten="250,214,276,250" step="2"/><V1/><F1/><W81/><G131/><T105/><D38/><U42/><E42/><V9/><F37/><W127/><G129/><T39/><D39/><U76/><AGARI ba="0,1" hai="21,23,75,76,82,93,97,99,101,103,104,120,121,123" machi="76" ten="40,3900,0" yaku="1,1,0,1,53,0" doraHai="108" doraHaiUra="34" who="1" fromWho="1" sc="250,-13,214,49,276,-13,250,-13" /><INIT seed="1,1,0,4,0,23" ten="237,263,263,237" oya="1" hai0="97,72,81,131,57,56,63,15,11,62,50,68,14" hai1="109,122,127,74,120,48,105,31,47,110,94,89,0" hai2="42,114,13,29,118,84,18,96,6,134,34,20,111" hai3="123,46,41,115,112,125,117,101,7,65,86,116,49"/><U98/><E0/><V70/><F118/><N who="3" m="45675" /><G101/><T85/><D131/><U12/><E74/><V51/><F70/><W113/><G86/><T45/><D72/><U106/><E31/><V10/><F111/><N who="1" m="42505" /><E127/><V43/><F134/><W53/><G7/><T92/><D68/><U61/><E61/><V25/><F114/><W32/><G32/><T69/><D69/><U107/><E12/><V37/><F37/><N who="3" m="21807" /><G123/><T52/><D97/><U24/><E24/><V128/><F128/><W108/><G108/><T27/><D92/><U126/><E126/><V99/><F84/><W9/><G9/><T95/><D95/><U54/><AGARI ba="1,0" hai="47,48,54,89,94,98,105,106,107,120,122" m="42505" machi="54" ten="40,3900,0" yaku="14,1,10,1" doraHai="23" who="1" fromWho="1" sc="237,-14,263,42,263,-14,237,-14" /><INIT seed="1,2,0,5,1,13" ten="223,305,249,223" oya="1" hai0="0,57,50,10,15,35,89,18,109,43,98,4,19" hai1="8,46,102,16,60,132,61,76,22,114,81,117,104" hai2="41,103,64,38,53,51,17,48,39,21,106,74,122" hai3="107,92,120,62,112,36,45,24,5,118,44,131,28"/><U6/><E114/><V135/><F122/><W134/><G112/><T67/><D35/><U90/><E117/><V95/><F106/><W96/><G107/><T105/><D109/><U72/><E132/><V3/><F3/><W9/><G120/><T27/><D0/><U65/><E46/><N who="2" m="25679" /><F74/><W70/><G134/><T37/><D37/><U12/><E90/><V101/><F39/><W66/><G36/><T97/><D105/><U49/><E49/><V77/><F77/><W127/><G127/><T116/><D116/><U130/><E130/><V73/><F73/><W40/><G40/><T80/><D27/><U100/><E104/><V68/><F68/><W26/><G26/><T82/><D43/><U91/><E91/><V71/><F71/><W63/><G63/><N who="0" m="38383" /><D50/><U113/><E113/><V56/><F38/><W121/><G131/><T128/><D128/><U108/><E108/><V25/><F135/><W85/><G85/><N who="0" m="50343" /><D82/><U87/><E72/><V84/><F64/><W110/><G110/><T1/><D1/><U20/><E20/><V33/><F33/><W54/><G118/><T23/><D23/><U34/><E34/><V69/><F69/><W58/><G70/><T32/><D32/><U86/><E65/><V119/><F119/><W79/><G66/><T126/><D126/><U78/><E60/><V124/><F124/><W94/><G121/><T115/><D115/><U93/><E61/><V83/><F83/><W7/><G62/><T47/><D47/><U111/><E111/><V133/><F133/><W52/><G45/><T75/><D75/><U59/><E81/><RYUUKYOKU ba="2,0" sc="223,15,305,-15,249,15,223,-15" hai0="4,10,15,18,19,97,98" hai2="17,21,25,51,53,56,84,95,101,103" /><INIT seed="2,3,0,0,3,121" ten="238,290,264,208" oya="2" hai0="55,0,94,73,80,105,76,96,54,6,9,42,112" hai1="99,19,70,32,58,118,92,24,49,90,134,124,125" hai2="133,127,123,44,45,50,17,3,69,114,104,116,4" hai3="122,59,91,128,11,71,103,79,109,119,120,68,135"/><V15/><F123/><W72/><G119/><T28/><D112/><U111/><E118/><V2/><F116/><W81/><G128/><T95/><D105/><U106/><E70/><V16/><F114/><W113/><G113/><T29/><D42/><U20/><E106/><V5/><F69/><W12/><G135/><T36/><D36/><U51/><E134/><V97/><F133/><W115/><G115/><T85/><D73/><U62/><E32/><V47/><F127/><N who="1" m="48713" /><E111/><V37/><F50/><W22/><G68/><T38/><D38/><U35/><E35/><V132/><F37/><W82/><G71/><T83/><D83/><U93/><E93/><V107/><F132/><W10/><G109/><T33/><D94/><U13/><E13/><V64/><F64/><AGARI ba="3,0" hai="19,20,24,49,51,58,62,64,90,92,99" m="48713" machi="64" ten="30,1000,0" yaku="18,1" doraHai="121" who="1" fromWho="2" sc="238,0,290,19,264,-19,208,0" /><INIT seed="3,0,0,5,5,40" ten="238,309,245,208" oya="3" hai0="128,39,4,12,81,35,44,118,27,107,70,55,120" hai1="60,126,37,17,36,98,68,15,109,92,11,103,25" hai2="9,53,114,72,64,73,0,119,83,99,90,51,74" hai3="84,88,19,59,77,28,76,50,96,116,111,2,93"/><W117/><G2/><T75/><D120/><U42/><E42/><V31/><F114/><W125/><G125/><T8/><D70/><U89/><E126/><V71/><F119/><W61/><G111/><T54/><D118/><U115/><E115/><V110/><F31/><W14/><G28/><T134/><D107/><U130/><E130/><V23/><F23/><W85/><G50/><T45/><D128/><U16/><E109/><V104/><F110/><W123/><G123/><T3/><D134/><U32/><E32/><V58/><F104/><W24/><G24/><T129/><D129/><U30/><E30/><V47/><F71/><W52/><G117/><T48/><D35/><U124/><E124/><V133/><F133/><W18/><G116/><T105/><D105/><U121/><E25/><V43/><F64/><W49/><G61/><T38/><D27/><U94/><E17/><N who="3" m="6154" /><G14/><T82/><D12/><U80/><E121/><V102/><F0/><W34/><G34/><T113/><D113/><U33/><E33/><V108/><F9/><W26/><G26/><T132/><D132/><U10/><E11/><V5/><F108/><W22/><G22/><T86/><D75/><U7/><E60/><N who="2" m="35919" /><F5/><W78/><AGARI ba="0,0" hai="49,52,59,76,77,78,84,85,88,93,96" m="6154" machi="78" ten="30,6000,0" yaku="8,1,54,2" doraHai="40" who="3" fromWho="3" sc="238,-20,309,-20,245,-20,208,60" /><INIT seed="3,1,0,2,3,53" ten="218,289,225,268" oya="3" hai0="38,76,114,52,131,88,97,117,12,135,124,41,87" hai1="100,15,31,35,91,43,54,130,22,99,98,59,70" hai2="64,92,121,34,6,133,46,126,78,29,81,119,82" hai3="10,66,77,37,27,79,112,125,3,75,9,0,11"/><W102/><G37/><T17/><D117/><U123/><E123/><V48/><F119/><W83/><G112/><T86/><D114/><U96/><E70/><V13/><F121/><W116/><G116/><T44/><D124/><U51/><E130/><V106/><F106/><W73/><G125/><T55/><D131/><U36/><E35/><V118/><F118/><W85/><G102/><T28/><D28/><U30/><E36/><V90/><F64/><W26/><G66/><T7/><D7/><U67/><E43/><V4/><F133/><W69/><G69/><T129/><D129/><U127/><E127/><V62/><F62/><W93/><G93/><T49/><D135/><U42/><E100/><V50/><F50/><W8/><N who="3" m="2048" /><DORA hai="103" /><W2/><G85/><N who="0" m="32267" /><D76/><N who="3" m="29257" /><G83/><T47/><D47/><N who="1" m="26103" /><E67/><V122/><F126/><W65/><G65/><T132/><D38/><U101/><E101/><V120/><F120/><W94/><G94/><N who="0" m="56519" /><D132/><U39/><E39/><V16/><F122/><W111/><G111/><T113/><D113/><U105/><E105/><V95/><F95/><W56/><G56/><T74/><D74/><AGARI ba="1,0" hai="0,2,3,26,27,73,74,75" m="29257,2048" machi="74" ten="50,4800,0" yaku="28,2" doraHai="53,103" who="3" fromWho="0" sc="218,-51,289,0,225,0,268,51" owari="167,-33.3,289,8.9,225,-17.5,319,41.9" /></mjloggm>