<mjloggm ver="2.3"><GO type="225" lobby="0"/><UN n0="%E8%B6%85%E7%B4%9A%E9%B3%B3%E5%87%B0" n1="%E4%BF%BA%E3%81%A8%E5%A6%96%E5%A4%A2" n2="%E6%81%A5%E6%99%92%E3%81%97" n3="%E3%81%B5%E3%81%98%E3%81%8B%E3%81%A4" dan="16,17,16,16" rate="2196.95,2187.96,2135.09,2169.95" sx="F,F,M,M"/><TAIKYOKU oya="0"/><INIT seed="0,0,0,3,2,111" ten="250,250,250,250" oya="0" hai0="71,110,35,116,65,118,20,21,11,57,55,131,125" hai1="29,3,52,132,50,127,14,100,92,51,60,85,46" hai2="119,15,42,130,112,45,80,39,135,28,31,34,36" hai3="48,101,66,115,77,37,18,103,13,96,133,56,23"/><T43/><D35/><U83/><E3/><V49/><F130/><W70/><G133/><T22/><D131/><U1/><E1/><V106/><F106/><W25/><G37/><T33/><D33/><U121/><E132/><V24/><F135/><W104/><G103/><T16/><D125/><U105/><E105/><V134/><F134/><W47/><G77/><T73/><D73/><U81/><E121/><V12/><F119/><W76/><G76/><T87/><D110/><U79/><E127/><V2/><F2/><W82/><G82/><T91/><D43/><U89/><E29/><V61/><F31/><W109/><G109/><T40/><D40/><U113/><E113/><V59/><F112/><W94/><G115/><T64/><D71/><U86/><E60/><V32/><F32/><W120/><G120/><T93/><D118/><U5/><E50/><V68/><F80/><W63/><G104/><T4/><D4/><U126/><E126/><V128/><F128/><W123/><G123/><T117/><D117/><U95/><REACH who="1" step="1"/><E100/><REACH who="1" ten="250,240,250,250" step="2"/><V9/><F39/><W26/><REACH who="3" step="1"/><G70/><REACH who="3" ten="250,240,250,240" step="2"/><T78/><D116/><U19/><E19/><V0/><F68/><W114/><G114/><T54/><D16/><U102/><E102/><V107/><F107/><W38/><G38/><T108/><D108/><U72/><E72/><V30/><F36/><W88/><G88/><T8/><D91/><U67/><E67/><N who="2" m="39359" /><F30/><W98/><G98/><T75/><D75/><U58/><E58/><V62/><F28/><W99/><G99/><T7/><D78/><U44/><E44/><V74/><F45/><RYUUKYOKU ba="0,2" sc="250,-15,240,15,250,-15,240,15" hai1="5,14,46,51,52,79,81,83,85,86,89,92,95" hai3="13,18,23,25,26,47,48,56,63,66,94,96,101" /><INIT seed="1,1,2,3,2,3" ten="235,255,235,255" oya="1" hai0="95,1,135,32,134,12,23,27,58,123,115,8,93" hai1="68,106,28,113,44,47,9,41,25,37,40,54,60" hai2="75,55,101,116,66,99,88,76,59,125,105,70,64" hai3="43,6,102,20,85,15,126,119,34,86,51,128,18"/><U45/><E106/><V111/><F116/><W107/><G119/><T14/><D115/><U77/><E113/><V67/><F111/><W26/><G126/><T35/><D58/><U5/><E77/><V109/><F109/><W78/><G128/><T52/><D123/><U16/><E68/><V31/><F125/><W98/><G78/><T84/><D1/><U79/><E79/><V91/><F70/><W7/><G43/><T13/><D8/><U38/><E47/><V110/><F31/><N who="3" m="17863" /><G107/><T63/><D63/><U130/><E130/><V0/><F0/><W83/><G34/><T92/><D84/><N who="3" m="32361" /><G51/><T2/><D52/><U22/><E54/><V127/><F127/><W57/><G57/><T94/><N who="0" m="23552" /><DORA hai="74" /><T132/><D2/><U124/><E124/><V121/><F121/><W24/><G83/><T48/><D48/><U117/><E117/><V122/><F122/><W21/><G98/><T96/><D96/><U62/><E28/><AGARI ba="1,2" hai="12,13,14,23,27,28,32,35,132,134,135" m="23552" machi="28" ten="60,7700,0" yaku="29,2,20,1" doraHai="3,74" who="0" fromWho="1" sc="235,100,255,-80,235,0,255,0" /><INIT seed="2,0,0,3,5,24" ten="335,175,235,255" oya="2" hai0="92,108,87,43,29,73,42,3,118,21,115,13,103" hai1="132,111,112,30,131,83,28,119,34,89,93,126,5" hai2="70,16,10,107,63,102,76,2,113,124,48,6,99" hai3="71,91,20,62,79,81,104,15,82,90,47,96,7"/><V95/><F113/><W77/><G47/><T19/><D115/><U130/><E112/><V50/><F124/><W9/><G71/><T37/><D73/><U97/><E119/><V49/><F76/><W40/><G40/><T101/><D3/><U75/><E34/><V58/><F70/><W133/><G133/><T31/><D118/><U80/><E132/><V125/><F125/><W100/><G20/><T22/><D108/><U26/><E126/><V51/><N who="2" m="12288" /><DORA hai="11" /><V44/><F44/><W135/><G62/><T128/><D128/><N who="1" m="49195" /><E111/><V88/><F16/><W41/><G41/><N who="0" m="15371" /><D37/><U55/><E26/><V68/><F68/><W61/><G61/><T134/><D134/><U120/><E120/><V105/><REACH who="2" step="1"/><F102/><REACH who="2" ten="335,175,225,255" step="2"/><W36/><G135/><T114/><D114/><U74/><E5/><V67/><AGARI ba="0,1" hai="2,6,10,58,63,67,88,95,99,105,107" m="12288" machi="67" ten="40,12000,1" yaku="1,1,2,1,0,1,54,1,53,1" doraHai="24,11" doraHaiUra="85,117" who="2" fromWho="2" sc="335,-40,175,-40,225,130,255,-40" /><INIT seed="2,1,0,1,0,74" ten="295,135,355,215" oya="2" hai0="11,109,3,85,54,111,117,129,43,14,90,31,45" hai1="84,40,124,24,99,61,80,128,53,60,1,126,41" hai2="49,7,51,19,119,56,55,89,95,135,50,110,9" hai3="36,104,78,134,83,133,64,101,34,79,86,16,26"/><V72/><F119/><W2/><G2/><T106/><D106/><U30/><E1/><V47/><F135/><N who="3" m="51723" /><G36/><T8/><D117/><U20/><E128/><V63/><F110/><N who="0" m="41994" /><D129/><U77/><E99/><V75/><F19/><W29/><G64/><T22/><D3/><U116/><E116/><V131/><F131/><W70/><G70/><T69/><D69/><U130/><E130/><V35/><F35/><W18/><G101/><T44/><D54/><U121/><E121/><V66/><F75/><N who="3" m="43487" /><G104/><T6/><D11/><U114/><E114/><V52/><F72/><W42/><G42/><T123/><D123/><U98/><E98/><N who="2" m="57711" /><F55/><W68/><G68/><T132/><D132/><U32/><E32/><V59/><F47/><W102/><G102/><T92/><D43/><N who="1" m="16459" /><E53/><V93/><F93/><W81/><AGARI ba="1,0" hai="16,18,26,29,34,79,81,86" m="43487,51723" machi="81" ten="30,7900,0" yaku="20,1,52,2,54,1" doraHai="74" who="3" fromWho="3" sc="295,-21,135,-21,355,-40,215,82" /><INIT seed="3,0,0,4,0,5" ten="274,114,315,297" oya="3" hai0="44,41,115,17,95,129,70,22,127,97,96,69,51" hai1="26,121,111,16,61,8,0,103,15,102,34,135,37" hai2="31,1,24,63,13,40,49,118,128,73,36,50,32" hai3="109,20,93,68,130,14,101,84,47,23,59,81,104"/><W45/><G68/><T2/><D2/><U53/><E121/><V117/><F73/><W106/><G130/><T46/><D129/><U38/><E111/><V132/><F128/><W74/><G109/><T98/><D127/><U56/><E135/><V126/><F132/><W75/><G59/><T110/><D110/><U39/><REACH who="1" step="1"/><E0/><REACH who="1" ten="274,104,315,297" step="2"/><V43/><F1/><W122/><G122/><T125/><D125/><U77/><E77/><V11/><F126/><W65/><G106/><T105/><D105/><U52/><E52/><V21/><F117/><W116/><G104/><T72/><D115/><U107/><E107/><V133/><F133/><W35/><G116/><T60/><D41/><U62/><E62/><V18/><F118/><W131/><G131/><T119/><D60/><U89/><E89/><V29/><F63/><W27/><G35/><T90/><D119/><U108/><E108/><V86/><F43/><W48/><G65/><T82/><D90/><U30/><AGARI ba="0,1" hai="8,15,16,26,30,34,37,38,39,53,56,61,102,103" machi="30" ten="40,12000,2" yaku="1,1,0,1,52,1,54,1,53,3" doraHai="5" doraHaiUra="71" who="1" fromWho="1" sc="274,-30,104,130,315,-30,297,-60" /><INIT seed="4,0,0,1,2,89" ten="244,234,285,237" oya="0" hai0="68,38,124,84,101,19,121,94,12,86,28,1,129" hai1="48,29,61,62,36,51,74,82,3,75,8,111,70" hai2="83,59,21,43,6,113,133,15,116,90,23,34,50" hai3="80,41,109,10,122,107,102,110,67,60,120,32,96"/><T25/><D121/><N who="3" m="46697" /><G41/><T22/><D1/><U42/><E111/><N who="3" m="42506" /><G10/><T14/><D38/><U106/><E106/><V125/><F113/><W17/><G17/><T39/><D39/><U16/><E29/><V69/><F116/><W114/><G114/><T91/><D68/><U97/><E97/><V115/><F69/><N who="3" m="42215" /><G80/><T131/><D124/><U79/><E42/><V93/><F43/><W66/><G66/><T126/><D126/><U57/><E36/><V78/><F125/><W73/><G73/><T27/><D101/><U20/><E74/><V99/><F115/><W105/><G105/><T134/><D134/><U18/><E62/><V4/><F133/><W45/><G45/><T98/><D27/><U30/><E70/><V54/><F34/><AGARI ba="0,0" hai="32,34,96,102,107" m="42215,42506,46697" machi="34" ten="30,2000,0" yaku="13,1,23,1" doraHai="89" who="3" fromWho="2" sc="244,0,234,0,285,-20,237,20" /><INIT seed="5,0,0,3,3,71" ten="244,234,265,257" oya="1" hai0="28,46,111,74,36,5,80,103,107,27,134,130,92" hai1="135,61,102,49,13,39,90,8,50,98,43,88,101" hai2="79,17,87,30,108,42,44,24,29,35,124,131,23" hai3="53,110,2,56,64,18,115,60,9,89,77,6,37"/><U51/><E135/><V38/><F108/><W7/><G110/><T69/><D111/><U4/><E61/><V15/><F124/><W99/><G115/><T59/><D69/><U34/><E34/><V20/><F131/><W109/><G109/><T129/><D134/><U72/><E72/><V21/><REACH who="2" step="1"/><F30/><REACH who="2" ten="244,234,255,257" step="2"/><W100/><G6/><T0/><D5/><U94/><REACH who="1" step="1"/><E102/><REACH who="1" ten="244,224,255,257" step="2"/><V123/><F123/><W65/><G100/><T105/><D103/><U119/><E119/><V118/><F118/><W120/><G120/><T41/><D130/><U76/><E76/><V125/><F125/><W127/><G77/><T96/><D129/><U19/><E19/><V45/><F45/><AGARI ba="0,2" hai="4,8,13,39,43,45,49,50,51,88,90,94,98,101" machi="45" ten="40,12000,1" yaku="1,1,52,1,54,1,53,2" doraHai="71" doraHaiUra="84" who="1" fromWho="2" sc="244,0,224,140,255,-120,257,0" owari="244,-15.6,364,46.4,135,-36.5,257,5.7" /></mjloggm>