<mjloggm ver="2.3"><GO type="225" lobby="0"/><UN n0="%E7%8D%85%E5%AD%90%E6%80%92%E3%82%93" n1="%E3%81%B7%E3%82%8A%E3%82%93%E8%81%96%E4%BA%BA" n2="%E6%A1%9C%E8%8A%B1%E9%96%83%E3%80%85" n3="%E6%98%93%E5%88%A9%E8%96%A9%E4%BC%AF" dan="16,16,18,16" rate="2181.76,2093.90,2223.53,2142.77" sx="M,M,M,F"/><TAIKYOKU oya="0"/><INIT seed="0,0,0,1,0,30" ten="250,250,250,250" oya="0" hai0="71,60,21,31,85,42,15,43,121,113,68,36,93" hai1="134,29,124,61,92,17,98,91,75,83,11,94,28" hai2="63,62,70,135,12,44,2,24,89,129,13,102,10" hai3="122,7,116,40,115,64,117,114,47,3,33,19,55"/><T9/><D113/><N who="3" m="43017" /><G55/><T39/><D121/><U127/><E134/><V35/><F129/><W50/><G64/><T76/><D39/><U57/><E75/><V72/><F135/><W32/><G50/><T97/><D36/><U86/><E92/><V106/><F72/><W73/><G73/><T99/><D71/><U58/><E58/><V65/><F89/><W108/><G47/><T37/><D37/><U109/><E109/><V22/><F44/><W131/><G40/><N who="0" m="15403" /><D68/><U18/><E28/><N who="2" m="19847" /><F22/><W105/><G105/><T53/><D21/><U123/><E29/><V4/><F63/><W59/><G59/><N who="0" m="34927" /><D31/><U81/><E81/><V16/><F16/><N who="1" m="6249" /><E11/><V45/><F45/><W8/><G131/><T48/><D48/><U26/><E26/><V79/><F79/><W87/><G87/><T77/><D85/><U1/><E1/><V132/><F132/><W88/><G88/><N who="0" m="55463" /><D99/><AGARI ba="0,0" hai="2,4,10,12,13,62,65,70,99,102,106" m="19847" machi="99" ten="30,2000,0" yaku="25,1,52,1" doraHai="30" who="2" fromWho="0" sc="250,-20,250,0,250,20,250,0" /><INIT seed="1,0,0,0,1,1" ten="230,250,270,250" oya="1" hai0="58,43,89,77,7,23,46,50,16,96,135,4,29" hai1="18,61,19,94,98,118,121,90,41,105,49,21,86" hai2="104,32,112,114,134,73,84,33,107,75,8,0,6" hai3="85,48,47,95,74,39,71,24,76,116,87,69,67"/><U20/><E121/><V81/><F134/><W100/><G39/><T120/><D135/><U9/><E118/><V110/><F84/><W12/><G116/><T27/><D120/><U56/><E49/><V25/><F110/><W97/><G74/><N who="2" m="28169" /><F81/><W108/><G108/><T131/><D131/><U14/><E41/><V17/><F17/><W124/><G124/><T102/><D77/><U13/><E9/><V68/><F68/><W55/><G24/><T99/><D29/><U78/><E105/><N who="2" m="40523" /><F25/><W106/><G67/><T70/><D70/><U101/><E78/><V128/><F128/><W44/><G44/><T109/><D109/><U113/><E113/><AGARI ba="0,0" hai="0,6,8,32,33,112,113,114" m="40523,28169" machi="113" ten="40,5200,0" yaku="11,1,23,1,52,1" doraHai="1" who="2" fromWho="1" sc="230,0,250,-52,270,52,250,0" /><INIT seed="2,0,0,4,0,97" ten="230,198,322,250" oya="2" hai0="74,94,116,3,27,103,88,83,50,115,118,60,38" hai1="57,76,132,14,28,102,126,6,37,40,64,101,8" hai2="47,19,77,125,106,122,129,99,75,36,53,51,1" hai3="81,80,71,89,130,87,39,30,59,109,120,82,72"/><V135/><F122/><W56/><G71/><T127/><D38/><U46/><E132/><V86/><F75/><W54/><G120/><T33/><D115/><U12/><E126/><V69/><F135/><W78/><G109/><T117/><D3/><U15/><E76/><V84/><F125/><W34/><G39/><T11/><D127/><U111/><E111/><V134/><F134/><W17/><G130/><T58/><D11/><U62/><REACH who="1" step="1"/><E28/><REACH who="1" ten="230,188,322,250" step="2"/><V110/><F77/><W85/><G30/><N who="0" m="19679" /><D74/><U123/><E123/><V44/><F110/><W73/><G73/><T45/><D83/><U16/><E16/><V105/><F19/><W18/><G80/><T121/><D121/><U26/><E26/><V96/><F129/><W31/><G72/><T108/><D108/><U55/><E55/><V131/><F53/><W91/><G78/><T119/><D119/><U42/><E42/><V49/><F131/><W10/><G54/><T100/><D60/><U65/><E65/><V66/><F66/><W5/><G31/><T92/><D116/><U107/><E107/><V41/><F41/><W104/><G104/><T9/><D117/><U63/><E63/><V52/><F52/><W24/><G24/><T2/><D118/><U90/><E90/><V114/><F106/><W20/><G91/><T98/><D88/><U32/><E32/><V4/><F105/><W29/><G34/><T22/><D94/><U95/><E95/><V79/><F79/><N who="3" m="46271" /><G29/><T67/><D92/><U0/><AGARI ba="0,1" hai="0,6,8,12,14,15,37,40,46,57,62,64,101,102" machi="0" ten="30,7900,0" yaku="1,1,0,1,52,2,53,0" doraHai="97" doraHaiUra="133" who="1" fromWho="1" sc="230,-20,188,89,322,-39,250,-20" /><INIT seed="3,0,0,2,4,96" ten="210,277,283,230" oya="3" hai0="25,33,86,80,55,23,14,103,0,75,47,101,8" hai1="121,71,91,106,61,3,109,111,122,7,9,13,131" hai2="56,62,129,73,94,15,54,27,35,133,83,104,79" hai3="84,41,70,67,115,58,76,57,74,105,43,93,78"/><W135/><G105/><T64/><D75/><U130/><E13/><V21/><F104/><W69/><G115/><T107/><D107/><U82/><E106/><V29/><F133/><W98/><G74/><T125/><D33/><U10/><E82/><V118/><F118/><W134/><G84/><T132/><D0/><U30/><E91/><V28/><F129/><N who="1" m="49161" /><E10/><V66/><F94/><W26/><G67/><T88/><D64/><N who="1" m="41359" /><E30/><V128/><F128/><W24/><G93/><T2/><D2/><U39/><E39/><V45/><F15/><W32/><G98/><T18/><D125/><U114/><E114/><V44/><F29/><W42/><G42/><T46/><D132/><U110/><AGARI ba="0,0" hai="3,7,9,109,110,111,121,122" m="41359,49161" machi="110" ten="40,5200,0" yaku="14,1,19,1,23,1" doraHai="96" who="1" fromWho="1" sc="210,-13,277,52,283,-13,230,-26" owari="197,-30.3,329,42.9,270,7.0,204,-19.6" /></mjloggm>