<mjloggm ver="2.3"><GO type="225" lobby="0"/><UN n0="%6D%75%75%6D%75%72%61" n1="%E7%B4%94%E6%BD%94%E3%83%94%E3%83%A9%E3%83%8B%E3%82%A2" n2="%E3%82%BC%E3%83%AB%E3%83%80%E3%81%AE%E4%BC%9D%E8%AA%AC" n3="%E3%81%82%E3%81%99%E3%81%AB%E3%82%83%E3%82%80" dan="16,16,16,16" rate="2130.50,2114.60,2110.23,2055.55" sx="F,M,M,F"/><TAIKYOKU oya="0"/><INIT seed="0,0,0,0,2,3" ten="250,250,250,250" oya="0" hai0="38,40,17,114,53,102,129,9,24,86,121,35,123" hai1="48,19,44,18,127,10,31,66,77,82,126,74,91" hai2="7,95,79,59,81,111,29,68,46,63,72,28,98" hai3="132,34,80,118,43,1,16,134,110,8,32,78,12"/><T73/><D114/><U116/><E116/><V93/><F111/><W101/><G118/><T124/><D73/><U133/><E133/><N who="3" m="51306" /><G43/><T85/><D129/><U61/><E31/><V4/><F68/><W64/><G64/><T21/><D124/><N who="1" m="47659" /><E10/><V94/><F98/><W54/><G101/><T67/><D35/><N who="3" m="13353" /><G54/><T55/><D67/><U107/><E91/><V41/><F29/><W108/><G1/><T120/><D102/><U45/><E107/><V13/><F28/><W62/><G62/><T109/><D109/><N who="3" m="42089" /><G80/><T106/><D106/><U83/><E82/><V104/><F104/><W89/><G89/><T52/><REACH who="0" step="1"/><D9/><REACH who="0" ten="240,250,250,250" step="2"/><U26/><E66/><V2/><F72/><W0/><G0/><T122/><N who="0" m="30720" /><DORA hai="88" /><T30/><D30/><U87/><E74/><V47/><F2/><W70/><G70/><T25/><D25/><U125/><E26/><V112/><F112/><W5/><G78/><T130/><D130/><U23/><E77/><V33/><F33/><W57/><G57/><T39/><D39/><U84/><E125/><V117/><F117/><W20/><G20/><T36/><D36/><U92/><E23/><V58/><F58/><W49/><G49/><T100/><D100/><U105/><E48/><V56/><F56/><W99/><G99/><T50/><D50/><U113/><E113/><V115/><F115/><W51/><G51/><T96/><D96/><U128/><E128/><V90/><F79/><W97/><G97/><T65/><D65/><U135/><E135/><V37/><F59/><W119/><G119/><T76/><D76/><U14/><E61/><RYUUKYOKU ba="0,1" sc="240,15,250,-15,250,-15,250,15" hai0="17,21,24,38,40,52,53,55,85,86" hai3="5,8,12,16" /><INIT seed="0,1,1,2,4,10" ten="255,235,235,265" oya="0" hai0="106,68,124,133,76,90,4,94,110,95,36,29,9" hai1="129,111,114,92,97,120,128,70,62,67,96,52,100" hai2="15,24,17,35,118,82,87,116,113,122,34,44,115" hai3="6,33,39,73,60,45,30,117,49,37,46,99,104"/><T0/><D106/><U56/><E120/><V81/><F44/><W103/><G117/><N who="2" m="45161" /><F81/><W23/><G73/><T2/><D124/><U14/><E111/><V18/><F122/><W32/><G6/><T71/><D110/><U43/><E43/><V112/><F87/><W11/><G11/><T64/><D133/><U72/><E72/><V108/><F82/><W5/><G5/><T125/><D125/><U25/><E25/><V88/><F88/><W65/><G23/><T61/><D36/><U19/><E96/><V7/><F108/><W130/><G130/><T91/><D76/><U66/><E114/><V135/><F135/><W1/><G1/><T31/><D68/><U42/><E42/><V134/><F134/><W127/><G127/><T50/><D50/><U8/><REACH who="1" step="1"/><E67/><REACH who="1" ten="255,225,235,265" step="2"/><V59/><F24/><W131/><G65/><T16/><D0/><U98/><E98/><V22/><F34/><W83/><G33/><T28/><D2/><U93/><E93/><V41/><F35/><W3/><G99/><T75/><D75/><U102/><E102/><V105/><F41/><W20/><G103/><T74/><D74/><U84/><E84/><V86/><F86/><W101/><G101/><T48/><D94/><U13/><E13/><V63/><F105/><W12/><G104/><T85/><D95/><U121/><E121/><V54/><F22/><W47/><G20/><T55/><D85/><U77/><E77/><V79/><F79/><W89/><G32/><T53/><D53/><U109/><E109/><V51/><F15/><W119/><G12/><N who="0" m="7183" /><D4/><U40/><E40/><RYUUKYOKU ba="1,2" sc="255,15,225,15,235,-15,265,-15" hai0="28,29,31,48,55,61,64,71,90,91" hai1="8,14,19,52,56,62,66,70,92,97,100,128,129" /><INIT seed="0,2,2,3,3,60" ten="270,240,220,250" oya="0" hai0="92,14,33,89,61,16,112,21,9,100,56,104,130" hai1="51,66,48,73,28,34,102,12,125,47,110,85,39" hai2="120,118,1,18,67,35,72,63,74,50,128,36,80" hai3="13,70,69,116,25,131,133,8,24,86,76,64,94"/><T29/><D112/><U15/><E73/><V5/><F120/><W52/><G116/><T11/><D130/><U23/><E110/><V101/><F36/><W121/><G131/><T134/><D134/><U26/><E125/><V106/><F128/><W62/><G133/><T10/><D104/><U88/><E102/><V114/><F114/><W49/><G70/><T97/><D33/><U53/><E39/><V111/><F18/><W113/><G121/><T127/><D127/><U103/><E103/><V99/><F50/><W42/><G42/><T115/><D115/><U46/><E66/><V98/><F98/><W44/><G113/><T17/><D100/><U57/><E34/><V22/><F22/><W96/><G96/><T132/><D29/><U95/><E57/><V135/><F135/><W108/><G108/><T107/><D107/><U27/><REACH who="1" step="1"/><E26/><REACH who="1" ten="270,230,220,250" step="2"/><V30/><F111/><W32/><G32/><T122/><D132/><U37/><E37/><V7/><F118/><W126/><G126/><T78/><D122/><U20/><E20/><V83/><F74/><W129/><G129/><T79/><REACH who="0" step="1"/><D17/><REACH who="0" ten="260,230,220,250" step="2"/><U82/><E82/><V84/><F83/><W59/><G94/><T4/><D4/><U41/><AGARI ba="2,4" hai="12,15,23,27,28,41,46,47,48,51,53,85,88,95" machi="41" ten="20,8000,1" yaku="1,1,0,1,7,1,8,1,54,1,53,0" doraHai="60" doraHaiUra="75" who="1" fromWho="1" sc="260,-42,230,126,220,-22,250,-22" /><INIT seed="1,0,0,1,0,17" ten="218,356,198,228" oya="1" hai0="131,59,98,82,21,54,3,60,25,125,5,122,93" hai1="88,100,13,33,50,70,29,87,66,53,65,104,106" hai2="95,48,16,114,116,24,89,97,78,133,115,130,19" hai3="37,112,23,75,11,47,73,120,30,18,61,96,32"/><U62/><E66/><V90/><F116/><W110/><G112/><N who="2" m="43049" /><F133/><W28/><G120/><T119/><D119/><U56/><E100/><V55/><F130/><W85/><G110/><T9/><D131/><U84/><E84/><V8/><F78/><W43/><G32/><T69/><D125/><U81/><E33/><V41/><F41/><W123/><G123/><T4/><D4/><U0/><E0/><V128/><F128/><W44/><G11/><T121/><D82/><U117/><E117/><V102/><F8/><W34/><G34/><T118/><D69/><U91/><E29/><V126/><F126/><W39/><G61/><T26/><D118/><U35/><E35/><V124/><F124/><W52/><G85/><T83/><D26/><U132/><E132/><V108/><F108/><W12/><G96/><T7/><D83/><U63/><E63/><V107/><F24/><W86/><G86/><T38/><D38/><U20/><REACH who="1" step="1"/><E91/><REACH who="1" ten="218,346,198,228" step="2"/><N who="2" m="34827" /><F107/><W45/><G73/><T10/><D121/><U79/><E79/><V92/><F92/><W101/><G75/><T77/><D122/><U105/><E105/><V58/><AGARI ba="0,1" hai="16,19,48,55,58,95,97,102" m="34827,43049" machi="58" ten="30,2000,0" yaku="11,1,54,1" doraHai="17" who="2" fromWho="2" sc="218,-5,346,-10,198,30,228,-5" /><INIT seed="2,0,0,1,1,123" ten="213,336,228,223" oya="2" hai0="2,94,66,21,34,87,9,69,129,27,62,5,92" hai1="40,117,50,134,128,82,14,11,61,114,25,121,1" hai2="76,6,130,126,45,54,135,124,64,37,97,20,71" hai3="32,57,113,95,83,73,15,7,81,18,104,41,86"/><V47/><F76/><W70/><G70/><T133/><D133/><U77/><E1/><V105/><F6/><W56/><G104/><T43/><D129/><U29/><E128/><V74/><F74/><W24/><G41/><T131/><D131/><U44/><E121/><V39/><F130/><W30/><G113/><T88/><D34/><U63/><E117/><V31/><F31/><W60/><G7/><T13/><D43/><U35/><E134/><V0/><F0/><W89/><G73/><T49/><D49/><U75/><E114/><V132/><F20/><W67/><REACH who="3" step="1"/><G57/><REACH who="3" ten="213,336,228,213" step="2"/><T100/><D2/><U90/><E90/><V12/><F71/><W4/><G4/><AGARI ba="0,1" hai="4,11,14,25,29,35,40,44,50,61,63,75,77,82" machi="4" ten="30,1000,0" yaku="7,1" doraHai="123" who="1" fromWho="3" sc="213,0,336,20,228,0,213,-10" /><INIT seed="3,0,0,5,4,3" ten="213,356,228,203" oya="3" hai0="44,29,134,75,124,32,73,131,135,28,105,15,88" hai1="10,123,13,18,64,30,39,102,65,24,61,60,22" hai2="33,68,52,53,40,72,112,38,36,125,70,4,14" hai3="69,111,62,5,51,74,77,21,31,104,54,128,7"/><W100/><G128/><T120/><D120/><U76/><E39/><V49/><F33/><W133/><G74/><N who="0" m="28171" /><D131/><U8/><E123/><V58/><F72/><W0/><G0/><T93/><D105/><U26/><E76/><V117/><F14/><W41/><G77/><T85/><D32/><U63/><E102/><V42/><F4/><N who="3" m="1611" /><G104/><T106/><D106/><U19/><REACH who="1" step="1"/><E10/><REACH who="1" ten="213,346,228,203" step="2"/><V71/><F38/><W23/><G100/><T1/><D135/><U59/><E59/><V115/><F36/><W114/><G133/><T83/><D134/><U17/><E17/><V78/><F78/><W57/><G69/><T108/><D88/><U121/><E121/><V101/><F101/><W37/><G37/><T6/><D1/><U98/><E98/><V47/><F68/><W116/><G116/><T92/><D6/><U89/><E89/><V66/><F117/><W130/><G130/><T12/><D28/><U20/><AGARI ba="0,1" hai="8,13,18,19,20,22,24,26,30,60,61,63,64,65" machi="20" ten="30,7900,0" yaku="1,1,0,1,8,1,53,1" doraHai="3" doraHaiUra="11" who="1" fromWho="1" sc="213,-20,346,89,228,-20,203,-39" owari="193,-20.7,435,53.5,208,0.8,164,-33.6" /></mjloggm>