<mjloggm ver="2.3"><GO type="225" lobby="0"/><UN n0="%E6%97%A5%E6%9B%9C%E6%97%A5%E3%82%88%E3%82%8A%E3%81%AE%E4%BD%BF%E8%80%85" n1="%E3%82%BC%E3%83%AB%E3%83%80%E3%81%AE%E4%BC%9D%E8%AA%AC" n2="%E9%8A%80%E3%81%B0%E3%81%95%E3%81%BF" n3="%E3%83%B4%E3%82%A3%E3%83%AF%E3%82%B3%E3%82%B0%E3%83%8B" dan="18,16,17,16" rate="2176.67,2177.29,2215.39,2135.22" sx="M,M,M,M"/><TAIKYOKU oya="0"/><INIT seed="0,0,0,2,3,21" ten="250,250,250,250" oya="0" hai0="24,73,38,48,39,50,69,101,20,85,89,112,92" hai1="106,56,135,2,110,78,32,27,95,116,47,10,68" hai2="4,80,14,134,45,115,18,96,64,16,22,31,62" hai3="117,49,53,60,63,108,83,8,76,125,55,70,25"/><T131/><D112/><U58/><E116/><V103/><F115/><W13/><G108/><T41/><D73/><U87/><E106/><V57/><F134/><W120/><G117/><T123/><D123/><U121/><E68/><V111/><F111/><W5/><G125/><T0/><D0/><U37/><E110/><V104/><F4/><W113/><G113/><T51/><D69/><U91/><E121/><V65/><F80/><W75/><G120/><T28/><D131/><U1/><E135/><V93/><F31/><W59/><G70/><T42/><REACH who="0" step="1"/><D101/><REACH who="0" ten="240,250,250,250" step="2"/><U100/><E100/><V102/><F102/><W36/><G36/><AGARI ba="0,1" hai="20,24,28,36,38,39,41,42,48,50,51,85,89,92" machi="36" ten="40,7700,0" yaku="1,1,2,1,52,1,53,0" doraHai="21" doraHaiUra="133" who="0" fromWho="3" sc="240,87,250,0,250,0,250,-77" /><INIT seed="0,1,0,0,5,21" ten="327,250,250,173" oya="0" hai0="13,122,79,36,82,43,106,15,45,123,133,108,3" hai1="134,102,59,74,115,32,101,58,107,88,89,90,6" hai2="18,40,119,68,69,91,93,105,80,83,67,112,97" hai3="1,52,113,50,56,86,38,55,4,54,95,29,22"/><T31/><D106/><U118/><E6/><V25/><F112/><W114/><G38/><T120/><D133/><U19/><E32/><V124/><F124/><W65/><G1/><T98/><D108/><U81/><E19/><V27/><F105/><W62/><G4/><T131/><D131/><U111/><E118/><V100/><F119/><W37/><G37/><T33/><D98/><N who="1" m="61879" /><E58/><V0/><F0/><W63/><G63/><T23/><D33/><U109/><E59/><V53/><F69/><W42/><G95/><T9/><D31/><U125/><E125/><V10/><F68/><W110/><G86/><T30/><D30/><U47/><E47/><V84/><F67/><W117/><G110/><N who="1" m="41994" /><E134/><V28/><F40/><W104/><G104/><T76/><D23/><U71/><E71/><V66/><F66/><W73/><G73/><N who="0" m="43279" /><D79/><N who="1" m="44279" /><E102/><V94/><F53/><W57/><G117/><T17/><D17/><U126/><E126/><V61/><F61/><W49/><G42/><T127/><D127/><U26/><E26/><N who="2" m="9739" /><F28/><W116/><G116/><T64/><D64/><U2/><E2/><V99/><F99/><W48/><REACH who="3" step="1"/><G56/><REACH who="3" ten="327,250,250,163" step="2"/><T20/><D36/><U7/><E7/><V129/><F129/><W12/><G12/><AGARI ba="1,1" hai="10,12,18,80,83,84,91,93,94,97,100" m="9739" machi="12" ten="30,7700,0" yaku="8,1,52,3" doraHai="21" who="2" fromWho="3" sc="327,0,250,0,250,90,163,-80" /><INIT seed="1,0,0,0,3,82" ten="327,250,340,83" oya="1" hai0="100,31,103,135,29,81,128,24,17,32,70,53,21" hai1="37,13,84,122,40,54,114,76,22,61,72,78,1" hai2="44,11,96,20,9,55,49,85,109,106,112,83,92" hai3="58,19,115,39,28,45,97,26,51,121,101,10,123"/><U119/><E114/><V79/><F106/><W105/><G115/><T126/><D70/><U75/><E1/><V34/><F34/><W14/><G39/><T2/><D2/><U0/><E0/><V104/><F104/><W5/><G58/><T99/><D126/><U87/><E54/><V18/><F109/><W113/><G113/><T25/><D128/><U127/><E13/><N who="2" m="9295" /><F112/><W35/><REACH who="3" step="1"/><G5/><REACH who="3" ten="327,250,340,73" step="2"/><T68/><D68/><U102/><E127/><V131/><F131/><W16/><G16/><T65/><D17/><U50/><E37/><V132/><F132/><W90/><G90/><AGARI ba="0,1" hai="9,11,44,49,55,79,83,85,90,92,96" m="9295" machi="90" ten="30,2000,0" yaku="8,1,52,1" doraHai="82" who="2" fromWho="3" sc="327,0,250,0,340,30,73,-20" /><INIT seed="2,0,0,0,2,0" ten="327,250,370,53" oya="2" hai0="23,30,108,111,19,88,53,25,1,12,47,73,78" hai1="109,101,93,39,127,40,9,107,134,121,74,36,83" hai2="20,124,54,58,2,130,31,21,76,35,100,81,37" hai3="99,50,103,61,98,113,135,131,87,133,70,24,71"/><V18/><F37/><W55/><G131/><T72/><D1/><U79/><E109/><N who="0" m="42057" /><D78/><U56/><E127/><V115/><F115/><W117/><G113/><T46/><D88/><U106/><E134/><N who="3" m="51210" /><G117/><T14/><D14/><U17/><E121/><V91/><F130/><W38/><G38/><T59/><D73/><U27/><E56/><V85/><F124/><W43/><G24/><T105/><D105/><U129/><E39/><V97/><F2/><W52/><G43/><T63/><D72/><U45/><E129/><V48/><F35/><AGARI ba="0,0" hai="12,19,23,25,30,35,46,47,53,59,63" m="42057" machi="35" ten="30,1000,0" yaku="14,1" doraHai="0" who="0" fromWho="2" sc="327,10,250,0,370,-10,53,0" /><INIT seed="3,0,0,5,1,76" ten="337,250,360,53" oya="3" hai0="70,105,102,23,80,56,115,100,14,124,48,78,73" hai1="93,103,125,46,85,31,19,2,84,89,74,25,54" hai2="29,135,32,131,0,24,35,134,95,97,30,15,60" hai3="4,28,47,61,57,11,88,77,18,62,39,112,9"/><W106/><G112/><T75/><D70/><U99/><E125/><V38/><F0/><W104/><G28/><T94/><D124/><U55/><E2/><V17/><F38/><W108/><G77/><T113/><D105/><U36/><E74/><V114/><F114/><N who="0" m="43530" /><D75/><U1/><E1/><V87/><F87/><N who="1" m="33353" /><E36/><V120/><F131/><W91/><G39/><T26/><D14/><U5/><E5/><V126/><F126/><W53/><G57/><T65/><D94/><N who="1" m="58871" /><E31/><V27/><F60/><W12/><G12/><T63/><D48/><N who="1" m="28951" /><E55/><V6/><F6/><W109/><G53/><T8/><D8/><U42/><E42/><V90/><F120/><W111/><G47/><T20/><D20/><AGARI ba="0,0" hai="15,17,20,24,27,29,30,32,35,90,95,97,134,135" machi="20" ten="40,1300,0" yaku="9,1" doraHai="76" who="2" fromWho="0" sc="337,-13,250,0,360,13,53,0" owari="324,12.4,250,-15.0,373,47.3,53,-44.7" /></mjloggm>