<mjloggm ver="2.3"><GO type="225" lobby="0"/><UN n0="%E6%B8%A9%E2%98%85%E6%83%85%E2%98%85%E6%8E%AA%E2%98%85%E7%BD%AE" n1="%E3%81%8B%E3%82%8F%E3%81%A1%E3%82%83%E3%82%93%35%38" n2="%E4%BA%95%E5%B8%AF" n3="%E6%A1%9C%E8%8A%B1%E9%96%83%E3%80%85" dan="17,16,16,16" rate="2222.81,2140.54,2045.09,2066.68" sx="M,M,M,M"/><TAIKYOKU oya="0"/><INIT seed="0,0,0,5,3,122" ten="250,250,250,250" oya="0" hai0="74,89,72,103,82,114,126,22,117,1,5,14,134" hai1="40,6,110,119,135,44,65,94,11,120,84,80,33" hai2="121,52,2,102,88,99,91,115,100,93,116,25,54" hai3="108,92,67,83,16,61,19,29,73,48,68,133,132"/><T101/><D114/><U86/><E120/><V90/><F115/><W127/><G127/><T104/><D117/><U55/><E33/><V118/><F121/><W76/><G29/><T71/><D126/><U129/><E119/><N who="2" m="45611" /><F2/><W87/><G48/><T13/><D71/><U79/><E129/><V10/><F10/><W38/><G38/><T41/><D1/><U9/><E135/><N who="3" m="51786" /><G108/><T59/><D104/><U106/><E106/><N who="2" m="63775" /><F25/><W96/><G73/><T62/><D41/><U32/><E110/><V36/><F36/><W63/><G63/><T97/><D134/><U123/><E123/><V39/><F39/><W69/><G69/><T113/><D113/><U51/><E32/><V53/><F102/><AGARI ba="0,0" hai="16,19,61,67,68,76,83,87,92,96,102" m="51786" machi="102" ten="30,2000,0" yaku="20,1,54,1" doraHai="122" who="3" fromWho="2" sc="250,0,250,0,250,-20,250,20" /><INIT seed="1,0,0,1,5,98" ten="250,250,230,270" oya="1" hai0="71,64,122,53,14,69,11,31,96,101,92,25,20" hai1="43,41,22,67,133,52,91,30,28,77,55,3,81" hai2="114,79,39,135,127,34,62,107,15,18,116,84,42" hai3="130,50,26,27,105,40,82,115,75,126,33,8,103"/><U44/><E3/><V113/><F116/><W129/><G115/><N who="2" m="44041" /><F34/><W35/><G50/><T97/><D122/><U10/><E133/><V6/><F135/><W80/><G40/><T104/><D53/><U4/><E67/><V78/><F127/><W59/><G59/><T85/><D85/><U95/><E10/><N who="2" m="4567" /><F62/><W36/><G8/><T9/><D9/><U73/><E4/><V70/><F70/><W61/><G36/><T117/><D64/><U12/><E43/><V112/><N who="2" m="44049" /><V90/><DORA hai="58" /><F18/><W93/><G61/><T51/><D51/><U94/><E30/><V54/><F54/><W132/><G35/><T134/><D117/><U119/><E119/><V76/><F107/><W111/><G105/><T56/><D56/><U45/><E45/><N who="2" m="23775" /><F79/><W72/><G33/><T13/><D134/><U0/><E0/><V66/><F66/><W131/><G126/><T48/><D48/><U46/><E46/><V65/><F65/><W74/><G132/><T29/><D29/><U23/><E23/><V1/><F1/><W24/><G111/><T99/><D14/><U110/><E110/><V106/><F106/><W60/><G60/><T47/><D47/><U5/><E5/><V87/><F87/><W37/><G37/><T124/><D124/><U89/><E28/><V120/><F120/><W83/><G24/><T49/><D49/><N who="1" m="26767" /><E22/><V21/><F21/><W108/><G108/><T109/><D109/><U7/><E7/><V38/><F38/><W118/><G118/><T63/><D63/><U102/><E55/><V19/><F19/><W2/><G2/><RYUUKYOKU ba="0,0" sc="250,-15,250,-15,230,15,270,15" hai2="76,78,84,90" hai3="26,27,72,74,75,80,82,83,93,103,129,130,131" /><INIT seed="2,1,0,0,2,133" ten="235,235,245,285" oya="2" hai0="93,102,118,63,16,46,97,134,100,91,13,17,33" hai1="69,37,64,25,3,82,124,129,61,126,62,67,95" hai2="6,111,104,42,96,45,65,19,77,59,135,15,38" hai3="20,35,94,53,127,85,86,116,4,78,87,0,103"/><V108/><F6/><W8/><G127/><N who="1" m="48682" /><E129/><V60/><F77/><W101/><G35/><T66/><D134/><U2/><E37/><V50/><F135/><W31/><G116/><T44/><D33/><U26/><E95/><V113/><F113/><W72/><G53/><T7/><D118/><U68/><E82/><V28/><F28/><W70/><G70/><T117/><D117/><U112/><E112/><V54/><F96/><W73/><G78/><T55/><D7/><U11/><E11/><V119/><F104/><W41/><G94/><T32/><D32/><U90/><E90/><V99/><F99/><W21/><G31/><T34/><D34/><U121/><E121/><V122/><F122/><W130/><G130/><T43/><D17/><U39/><E39/><V30/><F30/><W75/><G101/><T47/><D55/><U132/><E132/><V107/><F107/><W49/><G103/><T40/><D102/><U92/><E92/><V128/><F128/><W120/><G120/><T88/><D91/><U125/><N who="1" m="48690" /><U5/><DORA hai="83" /><E5/><V80/><F80/><W98/><G98/><T52/><D52/><U9/><E9/><V48/><F119/><W12/><G8/><N who="0" m="6183" /><D100/><U74/><E74/><V123/><F123/><W22/><G4/><T14/><D14/><U115/><E115/><V131/><F131/><W89/><G12/><T105/><D105/><U56/><E69/><N who="2" m="42151" /><F38/><W24/><G89/><T76/><D76/><U114/><E114/><V81/><F81/><W84/><N who="3" m="21504" /><DORA hai="18" /><W106/><G106/><T57/><AGARI ba="1,0" hai="40,43,44,46,47,57,63,66,88,93,97" m="6183" machi="57" ten="30,4000,0" yaku="8,1,54,2" doraHai="133,83,18" who="0" fromWho="0" sc="235,43,235,-11,245,-21,285,-11" /><INIT seed="3,0,0,1,5,71" ten="278,224,224,274" oya="3" hai0="121,59,26,78,29,31,40,112,39,53,8,3,105" hai1="50,115,88,23,94,129,102,117,84,108,123,66,89" hai2="36,62,16,111,56,122,42,41,100,83,135,97,10" hai3="73,43,126,55,60,75,76,116,14,118,125,134,68"/><W70/><G14/><T46/><D121/><U110/><E66/><V4/><F122/><W77/><G55/><T93/><D112/><U27/><E123/><V2/><F111/><N who="1" m="42537" /><E115/><V45/><F135/><W86/><G86/><T35/><D105/><U13/><E129/><V52/><F42/><W47/><G60/><T90/><D78/><N who="3" m="30313" /><G134/><T25/><D8/><U9/><E117/><N who="3" m="45162" /><G47/><T101/><D101/><U85/><E50/><V103/><F83/><W33/><G33/><T133/><D3/><U44/><E44/><V1/><F1/><W131/><G43/><T17/><D133/><U0/><E102/><V63/><F63/><W7/><G7/><T24/><D17/><N who="1" m="12783" /><E0/><V64/><F64/><W127/><G131/><T30/><D35/><U54/><E54/><V69/><F69/><AGARI ba="0,0" hai="68,69,70,73,75,125,126,127" m="45162,30313" machi="69" ten="40,7700,0" yaku="28,2,18,1" doraHai="71" who="3" fromWho="2" sc="278,0,224,0,224,-77,274,77" owari="278,7.8,224,-17.6,147,-35.3,351,45.1" /></mjloggm>