<mjloggm ver="2.3"><GO type="225" lobby="0"/><UN n0="%E3%81%95%E3%81%8D%E3%81%9F%E3%81%BE%E6%9E%97%E6%AA%8E" n1="%E3%81%86%E3%82%8C%E3%81%9F%E3%82%93%E6%9E%95" n2="%E3%81%86%E3%82%8B%E3%81%8A%E3%81%A1%E3%82%83" n3="%47%32%E9%BE%8D%E9%96%80" dan="16,16,16,16" rate="2132.42,2164.05,2118.44,2102.58" sx="M,F,F,M"/><TAIKYOKU oya="0"/><INIT seed="0,0,0,1,1,89" ten="250,250,250,250" oya="0" hai0="84,46,76,11,96,66,134,53,8,90,135,4,115" hai1="18,10,70,39,75,67,112,47,62,69,27,65,40" hai2="92,26,48,61,36,79,80,105,52,58,30,56,93" hai3="20,78,107,122,108,51,117,13,37,57,49,72,12"/><T103/><D115/><U35/><E112/><V102/><F36/><W42/><G117/><T101/><D66/><U24/><E75/><V121/><F121/><W29/><G107/><T118/><D118/><U2/><E35/><V85/><F105/><W6/><G108/><T119/><D119/><U128/><E128/><V106/><F106/><W111/><G111/><T87/><D76/><U124/><E124/><V44/><F102/><W9/><G122/><T120/><D120/><U113/><E113/><V132/><F132/><N who="0" m="50730" /><D96/><U127/><E127/><V73/><F73/><W31/><G37/><T88/><D87/><U50/><E39/><V133/><F133/><W17/><G72/><T81/><D90/><U38/><E38/><V100/><F100/><N who="0" m="38474" /><D4/><U110/><E110/><V95/><REACH who="2" step="1"/><F61/><REACH who="2" ten="250,250,240,250" step="2"/><W74/><G74/><T94/><D81/><U25/><E62/><V83/><F83/><W63/><G63/><T43/><D43/><U23/><E67/><V7/><F7/><W22/><G42/><T71/><D71/><U104/><E104/><V97/><F97/><W33/><G6/><T82/><D82/><U14/><E65/><V32/><AGARI ba="0,1" hai="26,30,32,44,48,52,56,58,79,80,85,92,93,95" machi="32" ten="30,12000,2" yaku="1,1,0,1,52,3,54,1,53,0" doraHai="89" doraHaiUra="60" who="2" fromWho="2" sc="250,-60,250,-30,240,130,250,-30" /><INIT seed="1,0,0,2,3,58" ten="190,220,370,220" oya="1" hai0="100,133,85,51,75,120,38,91,97,55,79,74,94" hai1="105,27,8,112,67,10,0,13,4,19,52,113,116" hai2="29,124,39,125,98,82,83,22,6,92,121,59,77" hai3="96,25,99,134,32,48,26,65,126,130,46,17,3"/><U73/><E116/><V43/><F121/><W76/><G3/><T60/><D38/><U44/><E105/><V93/><F6/><W15/><G130/><T108/><D108/><U106/><E106/><V70/><F70/><W23/><G134/><T61/><D133/><U128/><E73/><V20/><F92/><W122/><G122/><T111/><D111/><U118/><E118/><V5/><F5/><W40/><G126/><T87/><D87/><U50/><E128/><V12/><F82/><W64/><G76/><T14/><D120/><U123/><E123/><V86/><F39/><W1/><G1/><T21/><D75/><U56/><E67/><N who="3" m="25674" /><G32/><T115/><D115/><U7/><REACH who="1" step="1"/><E56/><REACH who="1" ten="190,210,370,220" step="2"/><V102/><F59/><W33/><G33/><T103/><D74/><U31/><E31/><V37/><F29/><N who="3" m="17599" /><G26/><T110/><D110/><U132/><E132/><V16/><F124/><W69/><G69/><T78/><D79/><U71/><E71/><V34/><F125/><W45/><G46/><N who="0" m="28151" /><D78/><U47/><E47/><V131/><F34/><W109/><G109/><T30/><D30/><U117/><E117/><V104/><F131/><W68/><G68/><T24/><D24/><U36/><E36/><V57/><F104/><W63/><G45/><T9/><D21/><AGARI ba="0,1" hai="0,4,7,8,10,13,19,21,27,44,50,52,112,113" machi="21" ten="40,3900,0" yaku="1,1,54,1,53,0" doraHai="58" doraHaiUra="72" who="1" fromWho="0" sc="190,-39,210,49,370,0,220,0" /><INIT seed="1,1,0,2,0,74" ten="151,259,370,220" oya="1" hai0="81,119,38,53,70,134,27,97,68,67,96,131,125" hai1="115,100,20,108,28,9,14,99,42,34,2,71,54" hai2="16,57,123,45,41,15,127,6,122,82,23,104,128" hai3="129,110,12,62,118,91,124,130,35,75,5,117,64"/><U37/><E115/><V109/><F104/><W4/><G75/><T10/><D119/><N who="3" m="45577" /><G35/><T8/><D125/><U65/><E108/><V56/><F128/><N who="3" m="49259" /><G110/><T48/><D134/><U40/><E37/><V32/><F32/><W90/><G124/><T78/><D131/><U116/><E116/><V3/><F127/><W133/><G133/><T85/><D38/><U22/><E2/><V73/><F109/><W107/><G107/><T86/><D86/><U102/><E34/><V135/><F135/><W33/><G33/><T17/><D70/><U98/><E71/><V29/><F29/><W93/><G12/><T120/><D120/><U51/><E28/><V121/><F3/><W1/><G1/><T60/><D8/><U94/><E65/><V112/><F112/><W55/><G55/><T47/><REACH who="0" step="1"/><D10/><REACH who="0" ten="141,259,370,220" step="2"/><U0/><E9/><N who="2" m="6255" /><F123/><W89/><G93/><T132/><D132/><U126/><E94/><V43/><F122/><W19/><G19/><T18/><D18/><U36/><E126/><V58/><F121/><W111/><G111/><T44/><D44/><N who="1" m="28007" /><E36/><V49/><F45/><W105/><G105/><T114/><D114/><U72/><E72/><V26/><F73/><W21/><G21/><AGARI ba="1,1" hai="17,21,27,47,48,53,60,67,68,78,81,85,96,97" machi="21" ten="40,5200,0" yaku="1,1,52,1,53,1" doraHai="74" doraHaiUra="76" who="0" fromWho="3" sc="141,65,259,0,370,0,220,-55" /><INIT seed="2,0,0,5,3,87" ten="206,259,370,165" oya="2" hai0="21,76,62,119,10,37,35,38,105,4,84,7,18" hai1="15,82,85,25,56,114,0,80,121,51,59,99,49" hai2="93,78,95,30,130,77,36,122,52,106,86,34,9" hai3="94,98,125,107,92,33,134,65,16,131,32,11,29"/><V120/><F106/><W91/><G131/><T69/><D119/><U45/><E114/><V14/><F36/><W118/><G118/><T46/><D105/><U112/><E112/><V90/><F130/><W63/><G134/><T24/><D35/><U28/><E0/><V129/><F129/><W108/><G108/><T39/><D76/><U73/><E73/><V58/><F120/><W50/><G125/><T127/><D127/><U20/><E121/><V123/><F123/><W41/><G107/><T96/><D96/><U13/><E99/><V8/><F34/><W53/><G41/><T40/><D84/><U75/><E75/><V27/><F9/><W47/><G29/><T64/><REACH who="0" step="1"/><D4/><REACH who="0" ten="196,259,370,165" step="2"/><U60/><E82/><V2/><F77/><W110/><G110/><T89/><D89/><U61/><E85/><V5/><F78/><W23/><G94/><T57/><D57/><N who="1" m="22091" /><E80/><V113/><F95/><W66/><G66/><T31/><D31/><U43/><E51/><V133/><F122/><W70/><REACH who="3" step="1"/><G11/><REACH who="3" ten="196,259,370,155" step="2"/><T102/><D102/><U81/><E81/><V3/><F113/><W42/><G42/><T79/><D79/><U6/><E43/><V74/><F74/><W104/><G104/><T54/><D54/><U116/><E28/><V101/><F52/><W48/><G48/><T124/><D124/><U12/><E49/><V67/><F67/><W72/><G72/><T88/><D88/><U135/><E116/><V26/><F30/><W111/><G111/><T68/><D68/><U115/><E115/><V132/><F90/><W117/><G117/><T100/><D100/><RYUUKYOKU ba="0,2" sc="196,15,259,-15,370,-15,155,15" hai0="7,10,18,21,24,37,38,39,40,46,62,64,69" hai3="16,23,32,33,47,50,53,63,65,70,91,92,98" /><INIT seed="3,1,2,3,5,93" ten="211,244,355,170" oya="3" hai0="12,61,129,130,34,64,126,81,50,86,67,24,31" hai1="84,79,92,60,36,45,52,103,51,16,39,111,95" hai2="105,54,38,104,96,100,22,56,69,43,85,1,74" hai3="89,14,107,9,30,47,98,118,41,17,2,26,110"/><W128/><G118/><T72/><D72/><U3/><E111/><V11/><F69/><W58/><G128/><N who="0" m="49259" /><D126/><U78/><E3/><V42/><F74/><W112/><G112/><T20/><D50/><U35/><E35/><V87/><F104/><W135/><G135/><T27/><D12/><U122/><E122/><V4/><F22/><W15/><G110/><T40/><D40/><N who="1" m="24999" /><E39/><V116/><F116/><W127/><G127/><T44/><D44/><U18/><E36/><V88/><F87/><W48/><G58/><T63/><D63/><U120/><E120/><V82/><F38/><W32/><G2/><T71/><D71/><U109/><E109/><V13/><F1/><W117/><G117/><T115/><D61/><AGARI ba="1,2" hai="4,11,13,42,43,54,56,61,82,85,88,96,100,105" machi="61" ten="30,3900,0" yaku="7,1,52,1,54,1" doraHai="93" who="2" fromWho="0" sc="211,-42,244,0,355,62,170,0" owari="169,-33.1,244,4.4,417,51.7,170,-23.0" /></mjloggm>