<mjloggm ver="2.3"><GO type="225" lobby="0"/><UN n0="%E7%89%B9%E6%9D%B1%E3%81%AF%E4%B8%96%E7%95%8C%E3%82%92%E6%95%91%E3%81%86" n1="%72%69%6F%75%63%68%61%6E" n2="%E6%A1%9C%E8%8A%B1%E9%96%83%E3%80%85" n3="%E4%BA%BA%E9%96%93%E3%83%81%E3%83%A3%E3%83%BC%E3%83%8F%E3%83%B3" dan="16,16,16,16" rate="2029.01,2236.73,2223.27,2098.22" sx="M,M,M,M"/><TAIKYOKU oya="0"/><INIT seed="0,0,0,5,4,113" ten="250,250,250,250" oya="0" hai0="56,37,12,93,114,2,117,61,84,62,133,58,130" hai1="105,54,65,124,132,59,77,17,123,126,88,30,24" hai2="66,29,112,110,98,83,8,35,70,128,75,129,47" hai3="94,23,78,26,53,115,109,41,1,13,42,74,49"/><T51/><D114/><U91/><E123/><V87/><F112/><W122/><G115/><T60/><D2/><U36/><E132/><V69/><F75/><W95/><G1/><T7/><D37/><U10/><E105/><V0/><F110/><W25/><G109/><T71/><D71/><U9/><E36/><V127/><F127/><N who="1" m="48681" /><E77/><V108/><F108/><W100/><G78/><T120/><D120/><U15/><E65/><V125/><F98/><N who="3" m="59479" /><G74/><T55/><D130/><N who="2" m="50282" /><F47/><N who="3" m="27839" /><G122/><T19/><D7/><U57/><E9/><V68/><F125/><W20/><G95/><T67/><D133/><U21/><E57/><V18/><F29/><N who="3" m="17575" /><G13/><T119/><D60/><AGARI ba="0,0" hai="10,15,17,21,24,30,54,59,60,88,91" m="48681" machi="60" ten="30,2000,0" yaku="18,1,54,1" doraHai="113" who="1" fromWho="0" sc="250,-20,250,20,250,0,250,0" /><INIT seed="1,0,0,4,3,85" ten="230,270,250,250" oya="1" hai0="1,59,129,105,27,70,121,24,28,80,132,134,48" hai1="38,51,107,61,76,83,18,31,110,101,16,5,67" hai2="6,21,120,62,88,36,100,58,52,12,75,45,103" hai3="93,77,71,97,78,133,127,124,47,13,14,33,30"/><U135/><E38/><V111/><F120/><W35/><G71/><T44/><D70/><U65/><E135/><N who="0" m="51753" /><D121/><U113/><E113/><V0/><F75/><W17/><G133/><T3/><D105/><U29/><E110/><V55/><F111/><W73/><G47/><T4/><D129/><U94/><E107/><V89/><F0/><N who="0" m="74" /><D4/><U104/><E104/><V99/><F36/><W116/><G116/><T90/><D59/><U126/><E126/><V19/><F6/><W95/><G73/><T64/><D64/><U20/><E5/><V91/><F99/><W118/><G118/><T114/><D114/><U25/><E31/><V68/><F68/><W96/><G17/><T115/><D115/><U123/><E123/><V86/><F86/><W117/><G117/><T2/><N who="0" m="82" /><T57/><DORA hai="125" /><D57/><N who="1" m="37039" /><E67/><V15/><F15/><W63/><G63/><T82/><D90/><U54/><E76/><V26/><F12/><W72/><G72/><T34/><D27/><U32/><E32/><V7/><F7/><W122/><G122/><T9/><D9/><U43/><E43/><AGARI ba="0,0" hai="24,28,34,43,44,48,80,82" m="82,51753" machi="43" ten="40,1300,0" yaku="20,1" doraHai="85,125" who="0" fromWho="1" sc="230,13,270,-13,250,0,250,0" /><INIT seed="2,0,0,0,4,46" ten="243,257,250,250" oya="2" hai0="53,28,23,64,27,70,35,45,127,68,118,69,55" hai1="13,95,115,6,10,57,89,114,106,80,98,99,83" hai2="67,102,74,24,72,34,19,33,81,18,76,16,126" hai3="122,44,9,105,71,131,117,49,96,65,20,111,32"/><V54/><F126/><W15/><G117/><T101/><D127/><U82/><REACH who="1" step="1"/><E57/><REACH who="1" ten="243,247,250,250" step="2"/><V110/><F110/><W25/><G111/><T116/><D64/><U113/><E113/><V73/><F67/><W86/><G65/><T135/><D135/><U30/><E30/><V77/><F102/><AGARI ba="0,1" hai="6,10,13,80,82,83,89,95,98,99,102,106,114,115" machi="102" ten="40,2600,0" yaku="21,2,53,0" doraHai="46" doraHaiUra="40" who="1" fromWho="2" sc="243,0,247,36,250,-26,250,0" /><INIT seed="3,0,0,0,5,35" ten="243,283,224,250" oya="3" hai0="77,46,5,125,67,129,47,14,20,124,76,89,90" hai1="22,51,18,1,31,135,19,27,56,106,43,80,21" hai2="41,114,44,62,29,72,74,111,84,37,133,58,64" hai3="94,134,113,103,16,25,100,2,52,86,131,34,32"/><W24/><G113/><T49/><D129/><U118/><E106/><V97/><F114/><W71/><G71/><T81/><D67/><U95/><E135/><V50/><F133/><W98/><G134/><T70/><D70/><U9/><E118/><V38/><F111/><W92/><G131/><T23/><D49/><U123/><E123/><V128/><F128/><W101/><G2/><T3/><D14/><U104/><E104/><V40/><F29/><W119/><G119/><T13/><D13/><U57/><E80/><V28/><F28/><W4/><G4/><T39/><D81/><U93/><E31/><V12/><F84/><W108/><G108/><T91/><D39/><U105/><E105/><V107/><F12/><W17/><G86/><T78/><D5/><U127/><E127/><N who="0" m="48713" /><D3/><U63/><E1/><V11/><F11/><W121/><G98/><T130/><D130/><U110/><E9/><V26/><F26/><N who="3" m="10347" /><G52/><T82/><D82/><U69/><E69/><V88/><F107/><W68/><G68/><T85/><D85/><U99/><E110/><V8/><F8/><W55/><G55/><T53/><D53/><N who="1" m="31807" /><E43/><V96/><F96/><W126/><G126/><T79/><N who="0" m="19456" /><DORA hai="7" /><T120/><D120/><U59/><E99/><V33/><F33/><N who="3" m="12907" /><G121/><T10/><D10/><U116/><E116/><V60/><F60/><W15/><G15/><T0/><D0/><U115/><E115/><V132/><F132/><W65/><G65/><T45/><AGARI ba="0,0" hai="20,23,45,46,47,89,90,91" m="19456,48713" machi="45" ten="50,8000,1" yaku="29,2,28,2,18,1" doraHai="35,7" who="0" fromWho="0" sc="243,80,283,-20,224,-20,250,-40" owari="323,42.3,263,6.3,204,-29.6,210,-19.0" /></mjloggm>