<mjloggm ver="2.3"><GO type="225" lobby="0"/><UN n0="%73%69%72%6F%75%74" n1="%E5%AF%82%E5%AF%9E%E3%82%AE%E3%83%8D%E3%82%B9%E3%83%93%E3%83%BC%E3%83%AB" n2="%E6%98%93%E5%88%A9%E8%96%A9%E4%BC%AF" n3="%E9%9B%80%E6%A5%B5%E3%81%AE%E3%81%B8" dan="16,16,16,16" rate="2074.00,2150.32,2127.22,2088.42" sx="M,M,F,M"/><TAIKYOKU oya="0"/><INIT seed="0,0,0,0,0,33" ten="250,250,250,250" oya="0" hai0="104,0,94,69,72,106,130,1,11,47,25,107,128" hai1="103,132,116,82,74,49,20,44,123,31,87,17,70" hai2="65,24,129,84,28,127,89,16,121,101,118,53,51" hai3="125,91,7,22,119,4,45,108,78,122,95,99,41"/><T38/><D72/><U2/><E116/><V36/><F36/><W5/><G119/><T98/><D69/><U126/><E123/><V62/><F118/><W96/><G108/><T13/><D25/><U66/><E74/><V79/><F129/><N who="0" m="49770" /><D38/><U39/><E39/><V60/><F127/><W115/><G115/><T109/><D47/><U120/><E132/><V54/><F101/><W117/><G125/><T77/><D77/><U52/><E103/><V92/><F121/><W75/><G122/><T19/><D109/><U73/><E73/><V88/><F79/><W102/><G117/><T55/><D55/><U59/><E120/><V64/><F89/><AGARI ba="0,0" hai="0,1,11,13,19,89,94,98,104,106,107" m="49770" machi="89" ten="40,7700,0" yaku="19,1,52,2" doraHai="33" who="0" fromWho="2" sc="250,77,250,0,250,-77,250,0" /><INIT seed="0,1,0,0,1,18" ten="327,250,173,250" oya="0" hai0="28,50,93,122,0,103,78,130,82,108,11,91,14" hai1="41,32,88,10,81,66,114,92,128,17,8,116,58" hai2="61,31,69,101,123,57,127,113,37,29,24,19,131" hai3="106,73,110,26,52,54,120,12,21,6,86,121,16"/><T64/><D122/><N who="3" m="47209" /><G73/><T134/><D0/><U1/><E116/><V118/><F123/><W39/><G110/><T5/><D134/><U40/><E32/><V115/><F127/><W75/><G75/><T27/><D130/><U117/><E117/><V15/><F131/><W76/><G106/><T90/><D64/><U71/><E71/><V109/><F37/><W62/><G39/><T2/><D108/><U119/><E119/><V96/><F109/><W55/><G76/><T60/><D60/><U3/><E81/><V33/><F31/><N who="3" m="17871" /><G86/><T68/><D68/><U94/><E94/><V70/><F70/><W22/><G6/><T126/><D126/><U7/><E114/><V4/><F4/><W44/><G62/><T47/><D2/><U20/><E128/><V36/><F36/><W124/><G124/><T72/><D103/><U125/><E1/><V135/><F135/><W34/><G34/><T49/><D93/><U79/><E79/><V59/><F118/><W56/><G56/><T46/><D46/><AGARI ba="1,0" hai="12,16,22,44,46,52,54,55" m="17871,47209" machi="46" ten="30,8000,1" yaku="13,1,52,2,54,2" doraHai="18" who="3" fromWho="0" sc="327,-83,250,0,173,0,250,83" /><INIT seed="1,0,0,0,5,32" ten="244,250,173,333" oya="1" hai0="19,83,114,104,55,64,24,15,49,12,134,18,7" hai1="58,82,45,97,62,85,91,16,63,96,124,57,77" hai2="78,119,51,130,76,109,112,22,80,50,56,66,11" hai3="34,21,105,115,26,71,4,128,67,125,127,3,42"/><U103/><E124/><V39/><F119/><W65/><G34/><T111/><D104/><U132/><E132/><V14/><F39/><W93/><G105/><T135/><D64/><U131/><E131/><V0/><F109/><W43/><G128/><T52/><D7/><U117/><E117/><V113/><F78/><W108/><G108/><T116/><D116/><U102/><E45/><V95/><F95/><W10/><G115/><T110/><D83/><U53/><E16/><V72/><F22/><W25/><G25/><T81/><D81/><U101/><REACH who="1" step="1"/><E77/><REACH who="1" ten="244,240,173,333" step="2"/><V31/><F130/><W123/><G127/><T48/><D24/><U70/><E70/><V1/><F31/><W118/><G125/><T37/><D114/><N who="2" m="44138" /><F14/><W74/><G71/><T38/><AGARI ba="0,1" hai="12,15,18,19,37,38,48,49,52,55,110,111,134,135" machi="38" ten="25,6400,0" yaku="0,1,22,2,54,1" doraHai="32" who="0" fromWho="0" sc="244,74,240,-32,173,-16,333,-16" /><INIT seed="2,0,0,0,2,94" ten="318,208,157,317" oya="2" hai0="6,89,10,82,95,129,106,84,33,11,58,65,62" hai1="28,40,108,76,132,72,116,96,41,60,103,128,92" hai2="75,69,63,93,35,5,37,18,112,3,43,57,61" hai3="1,16,0,2,110,66,74,111,8,12,135,56,30"/><V104/><F112/><W90/><G74/><T109/><D106/><U73/><E116/><V49/><F75/><W100/><G135/><T126/><D33/><U38/><E132/><V121/><F121/><W101/><G30/><T42/><D109/><N who="3" m="41481" /><G90/><T47/><D126/><U44/><E108/><V79/><F79/><W78/><G78/><T105/><D105/><U123/><E123/><V64/><F104/><W4/><G4/><T17/><D129/><U85/><E76/><V70/><F35/><W19/><G19/><T77/><D17/><U14/><E41/><V26/><F37/><W88/><G88/><T133/><D133/><U131/><E28/><V86/><F3/><W52/><G66/><T53/><D65/><U120/><E85/><V83/><F5/><W25/><G25/><T102/><D102/><U22/><E22/><V21/><F83/><W39/><G39/><T27/><D27/><U50/><E14/><V87/><F93/><W51/><AGARI ba="0,0" hai="0,1,2,8,12,16,51,52,56,100,101" m="41481" machi="51" ten="40,5200,0" yaku="14,1,54,2" doraHai="94" who="3" fromWho="3" sc="318,-13,208,-13,157,-26,317,52" /><INIT seed="3,0,0,0,3,113" ten="305,195,131,369" oya="3" hai0="109,43,22,61,92,63,90,96,40,26,2,111,132" hai1="65,58,134,129,37,100,125,9,105,124,97,102,27" hai2="30,56,57,128,49,15,32,52,110,123,7,38,108" hai3="117,59,77,0,41,71,48,67,55,18,23,104,85"/><W127/><G104/><T74/><D74/><U133/><E37/><V42/><F32/><W80/><G0/><T17/><D2/><U126/><E102/><V101/><F30/><W16/><G127/><T114/><D132/><N who="1" m="50795" /><E27/><V20/><F101/><W45/><G117/><T116/><D114/><U122/><E9/><V70/><F7/><W60/><G23/><T86/><D116/><U50/><E122/><V25/><F15/><W19/><G19/><T31/><D111/><N who="2" m="42538" /><F20/><W11/><G11/><T29/><D109/><U91/><E91/><V44/><F25/><W119/><G119/><T24/><D86/><U47/><E129/><V83/><F83/><W98/><G98/><T78/><D78/><U10/><E10/><V95/><F95/><W121/><G121/><T28/><D24/><U68/><E126/><V120/><F70/><W34/><G34/><T1/><D1/><U89/><E68/><V53/><F128/><W93/><G93/><T131/><D131/><U103/><E103/><V115/><F115/><W8/><G8/><T75/><D75/><U39/><E89/><V6/><F6/><W130/><G130/><T79/><D79/><U62/><E125/><V107/><F107/><W73/><G73/><T72/><D72/><U35/><E35/><V94/><F94/><W135/><G135/><T84/><D84/><U66/><E124/><V64/><F64/><W21/><G67/><T76/><D92/><U12/><E66/><V46/><F46/><W33/><G45/><T106/><D106/><U82/><E105/><V81/><F81/><W54/><G80/><RYUUKYOKU ba="0,0" sc="305,-10,195,-10,131,30,369,-10" hai2="38,42,44,49,52,53,56,57,120,123" owari="295,9.5,185,-21.5,161,-33.9,359,45.9" /></mjloggm>