<mjloggm ver="2.3"><GO type="225" lobby="0"/><UN n0="%E5%A4%9C%E3%81%AE%E3%82%AC%E3%82%B9%E3%83%91%E3%83%BC%E3%83%AB" n1="%6B%79%6F%6E%6B%6F%31%31" n2="%E6%97%A5%E6%9B%9C%E6%97%A5%E3%82%88%E3%82%8A%E3%81%AE%E4%BD%BF%E8%80%85" n3="%E3%81%BE%E3%81%A8%E3%81%9F" dan="16,17,16,16" rate="2102.56,2150.06,2173.64,2108.88" sx="M,M,M,M"/><TAIKYOKU oya="0"/><INIT seed="0,0,0,1,3,25" ten="250,250,250,250" oya="0" hai0="135,83,79,38,57,36,0,59,66,12,18,105,108" hai1="51,121,123,81,133,31,27,110,89,76,74,44,119" hai2="55,2,84,117,46,10,52,86,87,109,64,47,67" hai3="131,29,69,50,120,14,39,37,127,8,20,72,73"/><T60/><D0/><U102/><E119/><V95/><F117/><W130/><G69/><T6/><D105/><U54/><E133/><V116/><F116/><W34/><G34/><T106/><D106/><U118/><E118/><V24/><F109/><W97/><G97/><T15/><D135/><U124/><E110/><V77/><F77/><W128/><G50/><T65/><D108/><U11/><E124/><V103/><F2/><W104/><G104/><T75/><D6/><U115/><E115/><V1/><F1/><W48/><G48/><T113/><D113/><U19/><E102/><V126/><F126/><W71/><G71/><T99/><D99/><U90/><E19/><V91/><F10/><W94/><G94/><T78/><D78/><U68/><E11/><V35/><F103/><W112/><G120/><T28/><D28/><U101/><E101/><V96/><F35/><W134/><G134/><T32/><D32/><U132/><E68/><V5/><F5/><N who="3" m="3343" /><G112/><T100/><D100/><U98/><E132/><V82/><F82/><W43/><G127/><T4/><D4/><U114/><E114/><V49/><F24/><N who="3" m="16519" /><G43/><T111/><D111/><U61/><E98/><V7/><F7/><W26/><G26/><T125/><D125/><U88/><REACH who="1" step="1"/><E61/><REACH who="1" ten="250,240,250,250" step="2"/><V85/><F96/><W22/><G22/><AGARI ba="0,1" hai="22,27,31,44,51,54,74,76,81,88,89,90,121,123" machi="22" ten="40,8000,1" yaku="1,1,2,1,52,1,54,1,53,0" doraHai="25" doraHaiUra="9" who="1" fromWho="3" sc="250,0,240,90,250,0,250,-80" /><INIT seed="1,0,0,2,2,38" ten="250,330,250,170" oya="1" hai0="110,72,30,117,11,63,103,31,51,24,133,13,64" hai1="3,116,28,88,50,82,115,47,102,130,4,111,7" hai2="93,46,76,14,67,65,81,118,9,91,104,5,19" hai3="43,90,92,55,0,56,83,41,58,70,57,60,42"/><U94/><E115/><V62/><F104/><W36/><G0/><T39/><D39/><U100/><E116/><V33/><F33/><W127/><G127/><T37/><D37/><U95/><E130/><V108/><F108/><W78/><G70/><T122/><D117/><U17/><E28/><V105/><F105/><W79/><G36/><T121/><D72/><U45/><E111/><V20/><F118/><W74/><REACH who="3" step="1"/><G79/><REACH who="3" ten="250,330,250,160" step="2"/><T135/><D110/><U112/><E3/><V6/><F76/><W125/><G125/><T128/><D128/><U59/><E112/><V18/><F81/><W85/><AGARI ba="0,1" hai="41,42,43,55,56,57,58,60,74,78,83,85,90,92" machi="85" ten="30,12000,2" yaku="1,1,0,1,52,3,53,1" doraHai="38" doraHaiUra="75" who="3" fromWho="3" sc="250,-30,330,-60,250,-30,160,130" /><INIT seed="2,0,0,0,1,115" ten="220,270,220,290" oya="2" hai0="1,16,23,60,123,90,134,64,103,84,9,47,42" hai1="75,49,117,54,30,110,31,82,91,126,78,131,71" hai2="67,35,5,96,135,107,62,130,6,8,106,10,46" hai3="24,112,2,98,79,118,89,129,50,59,132,29,88"/><V56/><F35/><W124/><G2/><T12/><D134/><U127/><E71/><V109/><F135/><W73/><G112/><T13/><D103/><U15/><E110/><V92/><F109/><W80/><G118/><T99/><D99/><U116/><E15/><V74/><F74/><W43/><G132/><T41/><D1/><U111/><E111/><V19/><F130/><W105/><G124/><N who="1" m="47658" /><E91/><V45/><F107/><W86/><G129/><T38/><D42/><U113/><E113/><V69/><F106/><W17/><G17/><T72/><D72/><U61/><E61/><V100/><F69/><W21/><G73/><T76/><D76/><U7/><E7/><N who="2" m="2571" /><F19/><W65/><G98/><T119/><D123/><U122/><E122/><V95/><F95/><W0/><G105/><T53/><D119/><N who="1" m="45643" /><E131/><V133/><F133/><W77/><G0/><T39/><D13/><U37/><E37/><V120/><F120/><W102/><G89/><T4/><D39/><U52/><E52/><V125/><F125/><W114/><G114/><T25/><D53/><U26/><E26/><V33/><F33/><W20/><G24/><T28/><D4/><U32/><E32/><V68/><F68/><W11/><G88/><T22/><D22/><U44/><AGARI ba="0,0" hai="30,31,44,49,54,75,78,82" m="45643,47658" machi="44" ten="30,7900,0" yaku="18,1,52,3" doraHai="115" who="1" fromWho="1" sc="220,-20,270,79,220,-39,290,-20" /><INIT seed="3,0,0,2,5,96" ten="200,349,181,270" oya="3" hai0="125,129,118,54,8,135,2,48,22,10,67,83,84" hai1="27,79,100,44,13,53,17,94,88,116,119,69,66" hai2="128,62,122,20,43,29,19,70,36,47,132,95,12" hai3="0,131,63,30,127,101,34,24,117,65,111,21,42"/><W28/><G117/><N who="1" m="45130" /><E100/><V51/><F128/><W123/><G123/><T133/><D118/><U92/><E79/><V1/><F122/><W59/><G127/><T81/><D125/><U32/><E66/><V109/><F109/><W126/><G126/><T33/><D33/><U55/><E69/><V77/><F132/><N who="0" m="50762" /><D129/><U7/><E7/><V89/><F1/><W25/><G0/><T120/><D120/><U64/><E94/><V4/><F4/><W72/><G131/><T46/><D67/><U87/><E64/><V97/><F77/><W71/><G72/><T50/><D2/><U112/><E44/><V49/><REACH who="2" step="1"/><F29/><REACH who="2" ten="200,349,171,270" step="2"/><W124/><G111/><T75/><D75/><U121/><E121/><V16/><F16/><W73/><G124/><T108/><D108/><U85/><E112/><V18/><F18/><W45/><G28/><T110/><D110/><U114/><E114/><V80/><F80/><W99/><G30/><T41/><D83/><U93/><E32/><V52/><F52/><W38/><G71/><T74/><D74/><U76/><E76/><V9/><F9/><W15/><G73/><T61/><D81/><U68/><E68/><V40/><F40/><W6/><G42/><T78/><D78/><U39/><E53/><V11/><F11/><W35/><G6/><T104/><D10/><U37/><E55/><V113/><F113/><W58/><G65/><AGARI ba="0,1" hai="12,19,20,36,43,47,49,51,62,65,70,89,95,97" machi="65" ten="40,1300,0" yaku="1,1,53,0" doraHai="96" doraHaiUra="26" who="2" fromWho="3" sc="200,0,349,0,171,23,270,-13" owari="200,-20.0,349,44.9,194,-30.6,257,5.7" /></mjloggm>