<mjloggm ver="2.3"><GO type="225" lobby="0"/><UN n0="%E3%82%BF%E3%83%BC%E3%83%90%E3%83%B3%E9%87%8E%E5%8F%A3" n1="%6D%75%75%6D%75%72%61" n2="%E5%B0%8F%E5%AE%AE%E3%81%9F%E3%81%9A%E3%81%8D" n3="%E3%81%A9%E3%82%8F%E3%82%93%E3%81%94" dan="16,16,17,16" rate="2142.08,2113.63,2147.89,2069.86" sx="M,F,F,M"/><TAIKYOKU oya="0"/><INIT seed="0,0,0,2,3,29" ten="250,250,250,250" oya="0" hai0="82,74,68,50,89,106,131,8,101,98,28,77,47" hai1="26,9,27,61,129,108,76,115,15,36,11,119,71" hai2="57,122,48,59,25,80,104,12,10,58,110,100,2" hai3="85,60,124,3,72,91,81,24,16,113,79,123,117"/><T51/><D68/><U84/><E119/><V45/><F122/><W1/><G113/><T132/><D131/><U52/><E115/><V102/><F2/><W5/><G117/><T83/><D132/><U67/><E129/><V92/><F104/><W42/><G123/><T126/><D126/><U34/><E36/><V17/><F110/><W4/><G124/><T31/><D8/><U120/><E120/><V134/><F134/><W53/><G42/><T62/><D62/><U135/><E135/><V6/><F92/><W96/><G3/><T7/><D7/><U103/><E108/><V13/><F25/><W63/><G1/><T99/><D50/><U86/><E103/><V112/><F80/><W70/><G70/><T49/><D51/><U125/><E125/><V88/><F88/><W38/><G38/><T18/><D18/><U118/><E118/><V0/><F0/><W19/><G72/><T66/><D66/><U21/><E52/><N who="2" m="29711" /><F112/><W39/><G39/><T30/><D30/><U22/><E34/><V87/><F87/><N who="3" m="48575" /><G96/><T114/><D114/><U109/><E109/><V56/><N who="2" m="14336" /><DORA hai="93" /><V133/><F133/><W23/><G24/><T116/><D116/><U69/><E76/><V130/><F130/><W41/><G85/><N who="0" m="50359" /><D99/><U43/><E15/><V105/><F105/><W111/><G111/><T127/><D127/><U64/><E43/><V32/><F32/><W44/><G41/><N who="0" m="24815" /><D106/><U107/><E107/><V128/><F128/><W40/><G63/><AGARI ba="0,0" hai="9,11,21,22,26,27,61,63,64,67,69,71,84,86" machi="63" ten="25,1600,0" yaku="22,2" doraHai="29,93" who="1" fromWho="3" sc="250,0,250,16,250,0,250,-16" /><INIT seed="1,0,0,0,3,127" ten="250,266,250,234" oya="1" hai0="15,93,122,91,69,99,46,109,87,48,82,3,132" hai1="68,102,116,65,67,29,96,52,54,12,18,4,88" hai2="11,13,53,131,7,89,60,86,123,97,58,105,24" hai3="10,45,80,130,98,110,121,16,104,118,57,8,5"/><U120/><E116/><V73/><F131/><W30/><G118/><T83/><D3/><U117/><E117/><V31/><F123/><W40/><G121/><T70/><D122/><U19/><E120/><V129/><F129/><W2/><G30/><T108/><D132/><U114/><E114/><V50/><F73/><W32/><G130/><T41/><D15/><U26/><E68/><V90/><F86/><W113/><G32/><T135/><D135/><U66/><E102/><V103/><REACH who="2" step="1"/><F60/><REACH who="2" ten="250,266,240,234" step="2"/><W72/><G72/><T106/><D106/><U36/><E67/><V107/><F107/><W92/><G104/><T37/><D37/><U85/><E36/><V47/><F47/><W115/><G80/><T94/><D82/><U22/><E65/><V9/><F9/><W62/><G115/><T76/><REACH who="0" step="1"/><D94/><REACH who="0" ten="240,266,240,234" step="2"/><N who="1" m="56391" /><E85/><V35/><AGARI ba="0,2" hai="7,11,13,24,31,35,50,53,58,89,90,97,103,105" machi="35" ten="20,5200,0" yaku="1,1,0,1,7,1,53,1" doraHai="127" doraHaiUra="23" who="2" fromWho="2" sc="240,-13,266,-26,240,72,234,-13" /><INIT seed="2,0,0,1,0,10" ten="227,240,312,221" oya="2" hai0="25,98,67,89,73,122,110,127,63,50,45,69,81" hai1="85,102,49,24,44,119,26,18,114,36,123,66,79" hai2="80,90,104,126,96,54,92,6,65,103,21,94,17" hai3="23,76,68,107,84,53,116,71,128,8,41,100,56"/><V121/><F126/><W125/><G116/><T133/><D122/><U40/><E114/><V57/><F121/><W118/><G125/><T115/><D127/><U134/><E123/><V30/><F104/><W135/><G118/><T19/><D115/><U60/><E119/><V131/><F131/><W15/><G41/><T42/><D110/><U1/><E134/><V11/><F80/><W46/><G135/><T97/><D133/><U83/><E1/><V86/><F30/><W74/><G46/><T64/><D64/><U72/><E102/><V27/><F65/><W33/><G33/><T70/><D70/><U48/><E72/><V4/><REACH who="2" step="1"/><F11/><REACH who="2" ten="227,240,302,221" step="2"/><W7/><G128/><T111/><D67/><U75/><E66/><V35/><F35/><W78/><G74/><T99/><D73/><U32/><E75/><V2/><F2/><W58/><G68/><T29/><D69/><U108/><E32/><V0/><F0/><W109/><G71/><T51/><D81/><U120/><E120/><V14/><F14/><N who="3" m="5407" /><G109/><T129/><D111/><U93/><E108/><V20/><F20/><W52/><G107/><T124/><D129/><U106/><E106/><V28/><F28/><W105/><G105/><T62/><D29/><U55/><E83/><V61/><AGARI ba="0,1" hai="4,6,17,21,27,54,57,61,86,90,92,94,96,103" machi="61" ten="20,7800,0" yaku="1,1,0,1,7,1,8,1,53,0" doraHai="10" doraHaiUra="9" who="2" fromWho="2" sc="227,-26,240,-26,302,88,221,-26" /><INIT seed="2,1,0,0,0,88" ten="201,214,390,195" oya="2" hai0="135,100,13,73,29,59,32,119,111,95,90,77,26" hai1="128,97,106,50,49,2,64,45,43,129,102,107,103" hai2="127,72,58,86,68,124,46,91,7,61,55,126,94" hai3="80,131,44,33,74,51,98,71,6,122,109,63,133"/><V37/><F72/><W115/><G6/><T9/><D111/><U60/><E2/><V28/><F7/><W65/><G98/><T20/><D135/><U56/><E49/><V42/><F28/><W132/><G80/><T21/><D119/><U38/><E38/><V76/><F76/><W27/><G74/><T121/><D100/><U57/><E57/><V82/><F68/><W16/><G122/><T134/><D121/><U41/><E41/><V96/><F96/><AGARI ba="1,0" hai="43,45,50,56,60,64,96,97,102,103,106,107,128,129" machi="96" ten="40,1300,0" yaku="9,1" doraHai="88" who="1" fromWho="2" sc="201,0,214,16,390,-16,195,0" /><INIT seed="3,0,0,1,0,24" ten="201,230,374,195" oya="3" hai0="76,72,129,130,42,90,61,69,9,21,88,29,96" hai1="31,104,78,56,53,16,48,87,80,108,47,26,106" hai2="132,19,120,109,124,49,5,68,11,122,58,97,105" hai3="65,94,3,83,1,125,39,64,10,93,134,35,23"/><W70/><G35/><T73/><D42/><U133/><E108/><V20/><F109/><W95/><G39/><T27/><D9/><U18/><E133/><V38/><F68/><W127/><G134/><T43/><D43/><U67/><E67/><V62/><F38/><W86/><G23/><T128/><D69/><U99/><E56/><V4/><F49/><W57/><G57/><T41/><D41/><U45/><E45/><V28/><F5/><W77/><G10/><T84/><D61/><U0/><E0/><N who="3" m="74" /><G70/><T37/><D37/><U107/><REACH who="1" step="1"/><E99/><REACH who="1" ten="201,220,374,195" step="2"/><V66/><F58/><W119/><G119/><T100/><D96/><U75/><E75/><V111/><F97/><W121/><G121/><T46/><D46/><U40/><E40/><V135/><F122/><W110/><G110/><T17/><D73/><U30/><E30/><V36/><F28/><W71/><G71/><T112/><D72/><U51/><E51/><V113/><F36/><W33/><G33/><AGARI ba="0,1" hai="16,18,26,31,33,47,48,53,78,80,87,104,106,107" machi="33" ten="40,8000,1" yaku="1,1,52,1,54,1,53,1" doraHai="24" doraHaiUra="82" who="1" fromWho="3" sc="201,0,220,90,374,0,195,-80" owari="201,-19.9,310,11.0,374,47.4,115,-38.5" /></mjloggm>