<mjloggm ver="2.3"><GO type="225" lobby="0"/><UN n0="%E6%B8%A9%E2%98%85%E6%83%85%E2%98%85%E6%8E%AA%E2%98%85%E7%BD%AE" n1="%54%4F%52" n2="%6D%75%75%6D%75%72%61" n3="%E6%B4%BE%E9%81%A3%E3%81%AE%E3%82%B8%E3%83%A3%E3%83%83%E3%82%AF" dan="16,17,17,16" rate="2166.55,2228.81,2164.67,2186.12" sx="M,M,F,M"/><TAIKYOKU oya="0"/><INIT seed="0,0,0,4,5,20" ten="250,250,250,250" oya="0" hai0="91,84,94,101,104,117,92,45,86,60,29,39,79" hai1="43,23,58,108,131,3,49,107,130,5,115,35,9" hai2="120,81,63,65,56,88,38,66,112,59,89,75,100" hai3="28,53,127,37,46,80,97,72,70,1,27,135,64"/><T33/><D117/><U16/><E107/><V17/><F120/><W13/><G1/><T21/><D33/><U22/><E35/><V129/><F112/><W14/><G127/><T87/><D79/><U55/><E115/><V122/><F122/><W41/><G135/><T4/><D4/><U76/><E108/><V2/><F38/><W116/><G116/><T125/><D104/><U93/><E23/><V123/><F123/><W77/><G53/><T31/><D125/><U106/><E106/><V83/><F2/><W12/><G97/><N who="0" m="59575" /><D39/><U118/><E118/><V95/><F129/><W96/><G96/><N who="0" m="57375" /><D45/><U52/><E76/><V102/><F75/><W113/><G113/><T90/><D60/><U34/><E34/><V67/><F17/><W124/><G124/><T73/><D73/><U68/><E68/><V26/><F26/><W8/><G64/><N who="2" m="24681" /><F89/><W18/><REACH who="3" step="1"/><G70/><REACH who="3" ten="250,250,250,240" step="2"/><T126/><D126/><U78/><E130/><V7/><F59/><W103/><G103/><N who="2" m="39465" /><F7/><W110/><G110/><T6/><D6/><U111/><E131/><V105/><F105/><W82/><G82/><N who="0" m="49431" /><D31/><U54/><E111/><V132/><F132/><W121/><G121/><T11/><D29/><U128/><E128/><V0/><F0/><W98/><G98/><AGARI ba="0,1" hai="56,63,67,81,83,88,95,98" m="39465,24681" machi="98" ten="30,2000,0" yaku="8,1,54,1" doraHai="20" who="2" fromWho="3" sc="250,0,250,0,250,30,240,-20" /><INIT seed="1,0,0,2,0,70" ten="250,250,280,220" oya="1" hai0="111,86,39,15,1,29,35,19,63,84,3,21,133" hai1="115,127,93,45,91,67,44,13,96,94,128,47,90" hai2="66,97,117,132,134,73,20,2,31,125,114,82,14" hai3="38,78,81,51,16,6,69,88,43,71,65,40,85"/><U112/><E128/><V59/><F117/><W124/><G6/><T108/><D63/><U64/><E127/><V4/><F125/><W23/><G124/><T0/><D39/><U106/><E106/><V131/><F131/><W101/><G101/><T32/><D86/><U28/><E28/><V103/><F114/><W56/><G78/><T87/><D87/><U130/><E130/><V105/><F2/><W79/><G79/><T42/><D84/><U33/><E33/><N who="0" m="12873" /><D42/><U129/><E129/><V5/><F73/><W99/><G99/><T107/><D107/><U50/><E50/><V53/><F82/><W9/><G9/><N who="0" m="6639" /><D133/><N who="2" m="51306" /><F66/><W116/><G116/><T34/><N who="0" m="12881" /><T24/><AGARI ba="0,0" hai="0,1,3,21,24,29,108,111" m="6639,12881" machi="24" ten="50,6400,0" yaku="4,1,34,2" doraHai="70" who="0" fromWho="0" sc="250,64,250,-32,280,-16,220,-16" /><INIT seed="2,0,0,4,0,24" ten="314,218,264,204" oya="2" hai0="56,93,101,73,102,13,67,106,70,66,46,85,58" hai1="89,111,1,128,126,28,122,113,90,112,4,98,88" hai2="132,123,15,33,69,20,68,22,14,39,59,115,8" hai3="114,92,117,83,64,80,130,79,60,65,3,23,103"/><V21/><F115/><W29/><G117/><T61/><D73/><U129/><E122/><V27/><F123/><W72/><G3/><T37/><D106/><U0/><E111/><V84/><F39/><W49/><G114/><N who="1" m="44138" /><E4/><V99/><F132/><W108/><G108/><T47/><D70/><U9/><E9/><V135/><F135/><W97/><G130/><N who="1" m="50282" /><E126/><V2/><F2/><N who="1" m="1129" /><E28/><V120/><F120/><W10/><G10/><T48/><D37/><U17/><E17/><V131/><F131/><W104/><G49/><T55/><D13/><U42/><E42/><V82/><F15/><W71/><G65/><T134/><D67/><U16/><E16/><V118/><F118/><W125/><G125/><T77/><D134/><U40/><E40/><V81/><F81/><W127/><G83/><N who="0" m="47343" /><D93/><AGARI ba="0,0" hai="88,89,90,93,98" m="1129,50282,44138" machi="93" ten="40,2600,0" yaku="19,1,54,1" doraHai="24" who="1" fromWho="0" sc="314,-26,218,26,264,0,204,0" /><INIT seed="3,0,0,1,5,108" ten="288,244,264,204" oya="3" hai0="58,45,104,63,90,36,68,12,2,23,112,15,122" hai1="40,111,101,5,69,96,95,67,114,121,83,11,3" hai2="115,78,34,123,129,57,42,26,91,105,9,59,30" hai3="110,32,72,128,103,97,66,87,86,31,41,133,37"/><W100/><G72/><T134/><D122/><U22/><E121/><V118/><F123/><W6/><G110/><T107/><D2/><U28/><E111/><V109/><F118/><W60/><G6/><T46/><D68/><U4/><E114/><V51/><F109/><W39/><G128/><T74/><D74/><U1/><E40/><V135/><F129/><W65/><G133/><T33/><D33/><U98/><E83/><V14/><F135/><W49/><G49/><T131/><D134/><U76/><E76/><V17/><F115/><W19/><G19/><T10/><D36/><N who="3" m="13897" /><G41/><T81/><D112/><U56/><E69/><V85/><F105/><W64/><G60/><T126/><D107/><U38/><E38/><V93/><REACH who="2" step="1"/><F78/><REACH who="2" ten="288,244,254,204" step="2"/><W16/><G32/><T7/><D104/><U13/><E3/><V125/><F125/><W117/><G117/><T92/><D126/><U73/><E1/><V120/><F120/><W48/><G48/><T54/><D131/><U88/><E73/><V80/><F80/><W130/><G130/><T29/><D81/><U99/><E101/><V55/><F55/><W52/><G52/><T8/><D54/><U116/><E116/><V119/><F119/><W102/><G97/><N who="0" m="57495" /><D63/><N who="1" m="38375" /><E99/><V20/><F20/><W43/><G43/><T53/><D23/><U25/><E98/><V124/><F124/><W77/><G77/><T132/><D132/><U24/><E96/><V82/><F82/><W70/><G70/><T79/><D79/><U62/><E22/><V61/><F61/><W47/><G102/><T113/><D53/><U27/><E95/><RYUUKYOKU ba="0,1" sc="288,-10,244,-10,254,30,204,-10" hai2="9,14,17,26,30,34,42,51,57,59,85,91,93" /><INIT seed="4,1,1,2,0,1" ten="278,234,284,194" oya="0" hai0="6,39,58,26,51,95,98,3,47,40,34,43,103" hai1="81,44,124,35,116,91,70,36,75,27,67,66,94" hai2="105,101,31,12,115,78,104,28,107,96,62,53,32" hai3="111,63,30,125,54,120,117,89,18,119,42,37,90"/><T109/><D109/><U110/><E110/><V48/><F115/><W33/><G111/><T45/><D58/><U135/><E116/><V65/><F78/><W24/><G120/><T131/><D131/><U133/><E124/><V52/><F12/><W99/><G125/><T10/><REACH who="0" step="1"/><D26/><REACH who="0" ten="268,234,284,194" step="2"/><U87/><E27/><V108/><F108/><W4/><G4/><T59/><D59/><U127/><E127/><V97/><F32/><AGARI ba="1,2" hai="3,6,10,32,34,39,40,43,45,47,51,95,98,103" machi="32" ten="40,3900,0" yaku="1,1,52,1,53,0" doraHai="1" doraHaiUra="49" who="0" fromWho="2" sc="268,62,234,0,284,-42,194,0" owari="330,43.0,234,-16.6,242,4.2,194,-30.6" /></mjloggm>