<mjloggm ver="2.3"><GO type="225" lobby="0"/><UN n0="%E3%82%B2%E3%82%B9%E8%8C%82%E5%8B%9D" n1="%E7%89%B9%E6%9D%B1%E3%81%AF%E4%B8%96%E7%95%8C%E3%82%92%E6%95%91%E3%81%86" n2="%E6%A0%B9%E5%85%83%E3%81%8B%E3%82%89%E5%90%B9%E3%81%A3%E9%A3%9B%E3%81%B6" n3="%E5%8D%A0%E3%81%84%E5%B8%AB%E8%A3%8F%E3%81%AA%E3%81%84%E3%81%97" dan="16,16,17,16" rate="2054.95,2098.77,2167.06,2168.16" sx="F,M,F,M"/><TAIKYOKU oya="0"/><INIT seed="0,0,0,3,0,63" ten="250,250,250,250" oya="0" hai0="119,134,124,37,109,132,31,22,62,74,86,15,3" hai1="91,16,89,34,107,77,14,126,127,118,59,81,131" hai2="25,120,51,19,103,11,78,0,38,72,106,82,64" hai3="70,122,105,58,76,12,115,49,20,114,65,116,96"/><T68/><D119/><U135/><E118/><V52/><F120/><W61/><G116/><T67/><D74/><U5/><E34/><V32/><F38/><W83/><G122/><T73/><D73/><U100/><E5/><V66/><F106/><W128/><G128/><T93/><D109/><U102/><E59/><V84/><F103/><N who="1" m="39465" /><E107/><V71/><F71/><W123/><G105/><T26/><D124/><N who="1" m="47659" /><E135/><N who="0" m="51753" /><D37/><U33/><E33/><V40/><F40/><W48/><G96/><T54/><D3/><U47/><E47/><N who="2" m="27775" /><F72/><W101/><G123/><T44/><D15/><U95/><E131/><V4/><F0/><W121/><G121/><T113/><D113/><U45/><E45/><V60/><F60/><W87/><G101/><T42/><D42/><U39/><E39/><V18/><F32/><W50/><G70/><T104/><D104/><U24/><E24/><V23/><F4/><W90/><G115/><T99/><D44/><U13/><E13/><AGARI ba="0,0" hai="11,13,18,19,23,25,64,66,78,82,84" m="27775" machi="13" ten="30,7700,0" yaku="8,1,52,2,54,1" doraHai="63" who="2" fromWho="1" sc="250,0,250,-77,250,77,250,0" /><INIT seed="1,0,0,2,3,91" ten="250,173,327,250" oya="1" hai0="73,87,99,127,25,59,122,118,3,75,10,106,114" hai1="76,55,128,35,130,12,27,54,37,17,120,119,109" hai2="46,70,0,69,111,4,15,53,135,23,43,8,29" hai3="9,85,18,45,113,14,1,110,97,84,36,21,81"/><U57/><E119/><V71/><F111/><W60/><G113/><T86/><D114/><U74/><E120/><V66/><F135/><W52/><G110/><T24/><D118/><U47/><E109/><V39/><F53/><W105/><G36/><T78/><D122/><U56/><E76/><V33/><F66/><W68/><G68/><T28/><D127/><U102/><E74/><V132/><F132/><W90/><G105/><T89/><D59/><U2/><E2/><V107/><F107/><W7/><G60/><T124/><D124/><U13/><E102/><V5/><F5/><W16/><G18/><T40/><D40/><U133/><E133/><V125/><F125/><W64/><G64/><T26/><D28/><U72/><E72/><V67/><F67/><W88/><G97/><T30/><D30/><U117/><E117/><V31/><F31/><W103/><G103/><T6/><D78/><U79/><E79/><V83/><F83/><W32/><G32/><T134/><D134/><U44/><E17/><N who="2" m="10687" /><F71/><W95/><REACH who="3" step="1"/><G52/><REACH who="3" ten="250,173,327,240" step="2"/><T19/><D19/><U93/><E37/><V104/><F104/><W108/><G108/><T80/><D106/><U61/><E61/><V20/><F33/><W101/><G101/><T41/><D99/><U121/><E35/><V65/><F65/><W98/><G98/><T42/><D41/><U49/><E121/><V94/><F70/><W112/><G112/><T50/><D87/><U58/><E49/><V11/><F69/><W116/><G116/><T34/><D34/><U123/><E123/><V92/><F39/><W51/><G51/><RYUUKYOKU ba="0,1" sc="250,15,173,-15,327,-15,240,15" hai0="3,6,10,24,25,26,42,50,73,75,80,86,89" hai3="1,7,9,14,16,21,45,81,84,85,88,90,95" /><INIT seed="2,1,1,5,3,46" ten="265,158,312,255" oya="2" hai0="41,122,62,64,116,108,28,107,88,12,31,84,18" hai1="120,70,1,44,111,2,40,56,118,92,100,90,135" hai2="35,61,37,89,121,115,95,134,38,3,105,99,102" hai3="14,78,43,24,34,93,66,112,119,117,32,10,50"/><V97/><F115/><W17/><G112/><T124/><D108/><U133/><E118/><V36/><F121/><W103/><G66/><T129/><D122/><U128/><E70/><V0/><F134/><W30/><G32/><T130/><D124/><U48/><E120/><V33/><REACH who="2" step="1"/><F61/><REACH who="2" ten="265,158,302,255" step="2"/><W52/><G119/><T6/><D116/><U59/><E133/><V110/><F110/><W54/><G117/><T42/><D129/><U125/><E135/><V49/><F49/><W80/><G50/><T15/><D130/><U113/><E128/><V45/><F45/><W67/><G67/><T73/><D62/><U11/><E111/><V74/><F74/><W86/><G43/><T5/><D73/><U87/><E113/><V19/><F19/><W131/><G131/><T13/><D64/><U75/><E75/><V98/><F98/><W96/><AGARI ba="1,2" hai="10,14,17,24,30,34,52,54,78,80,86,93,96,103" machi="96" ten="30,2000,0" yaku="0,1,54,1" doraHai="46" who="3" fromWho="3" sc="265,-6,158,-6,302,-11,255,43" /><INIT seed="3,0,0,2,1,41" ten="259,152,291,298" oya="3" hai0="107,20,12,96,97,122,90,60,120,116,118,45,25" hai1="75,29,70,104,132,106,64,3,74,23,22,127,56" hai2="114,119,105,28,63,13,49,36,135,134,44,72,9" hai3="88,77,81,110,46,11,67,52,42,102,65,91,89"/><W99/><G110/><T14/><D60/><U50/><E3/><V68/><F72/><N who="1" m="27689" /><E70/><V108/><F105/><N who="1" m="40553" /><E29/><V100/><F108/><W58/><G11/><T86/><D45/><U133/><E127/><V123/><F100/><W32/><G32/><T15/><D107/><U57/><E50/><V7/><F114/><W40/><G46/><T48/><D48/><U43/><E64/><N who="3" m="24650" /><G77/><T130/><D130/><U129/><E43/><N who="3" m="16426" /><G102/><T80/><D120/><U17/><E17/><V54/><F119/><W39/><G39/><T121/><D122/><U83/><E83/><V101/><F123/><W98/><G81/><T16/><REACH who="0" step="1"/><D121/><REACH who="0" ten="249,152,291,298" step="2"/><U27/><E129/><V126/><F49/><AGARI ba="0,1" hai="49,52,58,88,89,91,98,99" m="16426,24650" machi="49" ten="30,5800,0" yaku="8,1,54,2" doraHai="41" who="3" fromWho="2" sc="249,0,152,0,291,-58,298,68" owari="249,4.9,152,-34.8,233,-16.7,366,46.6" /></mjloggm>