<mjloggm ver="2.3"><GO type="225" lobby="0"/><UN n0="%E3%81%82%E3%81%99%E3%81%AB%E3%82%83%E3%82%80" n1="%E5%A4%9C%E5%85%89%E5%A4%A9%E6%A5%BC" n2="%E3%81%99%E3%81%84%E3%81%BE%E3%81%9B%E3%83%BC%E3%82%93" n3="%72%69%6F%75%63%68%61%6E" dan="16,17,18,16" rate="2094.84,2137.68,2205.65,2196.99" sx="F,M,M,M"/><TAIKYOKU oya="0"/><INIT seed="0,0,0,5,3,6" ten="250,250,250,250" oya="0" hai0="128,92,100,121,47,34,97,59,50,112,130,41,8" hai1="120,40,124,29,61,96,33,63,24,89,20,37,129" hai2="15,28,106,23,71,17,74,66,68,132,31,75,72" hai3="58,32,76,11,42,113,103,78,125,85,53,79,46"/><T104/><D112/><U83/><E120/><V45/><F132/><W3/><G113/><T134/><D121/><U2/><E129/><N who="0" m="49769" /><D34/><U107/><E2/><V39/><F106/><W62/><G125/><T90/><D134/><U54/><E124/><V126/><F126/><W91/><G32/><T10/><D59/><U64/><E54/><V109/><F109/><W95/><G103/><T99/><AGARI ba="0,0" hai="8,10,41,47,50,90,92,97,99,100,104" m="49769" machi="99" ten="30,6000,0" yaku="19,1,52,2" doraHai="6" who="0" fromWho="0" sc="250,60,250,-20,250,-20,250,-20" /><INIT seed="0,1,0,1,2,73" ten="310,230,230,230" oya="0" hai0="104,57,27,134,90,6,93,135,69,80,24,128,20" hai1="98,116,108,41,50,127,79,2,103,118,76,17,10" hai2="117,28,126,89,88,99,23,54,82,100,13,74,26" hai3="48,67,3,62,95,5,111,84,39,49,9,65,112"/><T19/><D69/><U38/><E38/><V61/><F126/><W36/><G112/><T16/><D104/><U52/><E41/><V92/><F117/><W124/><G111/><T43/><D43/><U129/><E108/><V122/><F122/><W18/><G124/><T120/><D120/><U123/><E123/><V31/><F31/><W12/><G36/><T71/><D71/><U4/><E127/><V105/><F13/><W78/><G39/><T102/><D6/><U107/><E129/><V63/><F54/><W75/><G75/><T115/><D115/><U110/><E110/><V101/><F89/><W70/><G67/><T22/><D128/><U47/><REACH who="1" step="1"/><E17/><REACH who="1" ten="310,220,230,230" step="2"/><V40/><F40/><W94/><G94/><T33/><D33/><U106/><E106/><V55/><F105/><W130/><G130/><T60/><D102/><U42/><E42/><V97/><F101/><W7/><G95/><T96/><REACH who="0" step="1"/><D80/><REACH who="0" ten="300,220,230,230" step="2"/><U77/><AGARI ba="1,2" hai="2,4,10,47,50,52,76,77,79,98,103,107,116,118" machi="77" ten="30,12000,2" yaku="1,1,0,1,52,3,54,1,53,0" doraHai="73" doraHaiUra="25" who="1" fromWho="1" sc="300,-61,220,143,230,-31,230,-31" /><INIT seed="1,0,0,2,3,81" ten="239,363,199,199" oya="1" hai0="5,126,67,62,135,112,114,93,124,86,125,92,4" hai1="26,44,79,120,38,30,35,2,8,118,97,107,61" hai2="101,56,129,76,85,37,54,88,22,106,134,130,29" hai3="98,32,74,70,33,14,108,116,64,50,123,72,119"/><U66/><E118/><N who="3" m="45098" /><G123/><T52/><D135/><U7/><E120/><V58/><F37/><W69/><G108/><T43/><D43/><N who="1" m="22647" /><E79/><V55/><F134/><W132/><G132/><T84/><D93/><U39/><E97/><N who="2" m="61743" /><F76/><W63/><G69/><T89/><D67/><U51/><E51/><V75/><F75/><N who="3" m="28715" /><G14/><T122/><D122/><U27/><E27/><N who="2" m="16631" /><F58/><W100/><G50/><T1/><D1/><U78/><E78/><V28/><F56/><W57/><G57/><N who="0" m="35111" /><D84/><U42/><E42/><V73/><F73/><W96/><G96/><T11/><D11/><U102/><E39/><V15/><F15/><W103/><G103/><T31/><D31/><U128/><E102/><V117/><F28/><W95/><AGARI ba="0,0" hai="32,33,63,64,70,95,98,100" m="28715,45098" machi="95" ten="30,1100,0" yaku="12,1" doraHai="81" who="3" fromWho="3" sc="239,-3,363,-5,199,-3,199,11" /><INIT seed="2,0,0,4,2,60" ten="236,358,196,210" oya="2" hai0="43,102,100,22,52,58,76,119,55,126,94,46,42" hai1="18,109,66,117,2,123,50,47,99,95,96,70,61" hai2="68,122,128,79,14,21,38,103,107,87,91,59,56" hai3="51,74,134,8,72,133,54,23,16,114,49,35,64"/><V13/><F122/><W97/><G35/><T81/><D126/><U90/><E117/><V24/><F38/><W111/><G111/><T45/><D119/><U48/><E2/><V27/><F128/><W131/><G131/><T135/><D135/><N who="3" m="51721" /><G114/><T75/><D22/><U127/><E109/><V0/><F0/><W4/><G97/><T53/><D58/><N who="2" m="22058" /><F68/><W104/><G104/><T83/><D94/><U108/><E108/><V78/><F107/><W44/><G64/><T113/><D113/><U20/><E123/><V80/><F103/><N who="0" m="39466" /><D76/><N who="2" m="29226" /><F27/><N who="3" m="14823" /><G49/><T9/><D75/><U69/><E69/><V26/><F26/><W10/><G10/><T73/><D9/><U85/><E127/><V34/><F34/><W93/><G93/><T132/><D73/><U6/><E50/><V89/><F91/><W31/><G31/><AGARI ba="0,0" hai="13,14,21,24,31,80,87,89" m="29226,22058" machi="31" ten="30,1500,0" yaku="8,1" doraHai="60" who="2" fromWho="3" sc="236,0,358,0,196,15,210,-15" /><INIT seed="2,1,0,4,0,87" ten="236,358,211,195" oya="2" hai0="131,2,60,112,119,117,84,33,125,83,69,50,78" hai1="57,80,114,75,86,24,90,19,0,127,92,70,66" hai2="37,32,20,14,23,67,113,105,15,97,132,100,134" hai3="64,31,36,17,111,129,128,65,126,54,52,91,96"/><V1/><F113/><W73/><G36/><T74/><D2/><U133/><E0/><V44/><F32/><W3/><G3/><T62/><D33/><U9/><E114/><V110/><F1/><W102/><G73/><T94/><D112/><U103/><E127/><V76/><F76/><W38/><G126/><T4/><D4/><U68/><E133/><N who="2" m="51307" /><F67/><N who="3" m="25675" /><G38/><T8/><D69/><U35/><E75/><V120/><F120/><W6/><G111/><T21/><D8/><U107/><E70/><V109/><F23/><W81/><G6/><T79/><D125/><U118/><E68/><V26/><F44/><W18/><G31/><T115/><D115/><U123/><E35/><V47/><F47/><W61/><G61/><T55/><D21/><N who="1" m="13375" /><E123/><V108/><F37/><W85/><G128/><T41/><D131/><U34/><E34/><V40/><F40/><W58/><G129/><T12/><D41/><U29/><E29/><AGARI ba="1,0" hai="14,15,20,26,29,97,100,105,108,109,110" m="51307" machi="29" ten="40,7700,0" yaku="14,1,10,1,20,1" doraHai="87" who="2" fromWho="1" sc="236,0,358,-80,211,80,195,0" /><INIT seed="2,2,0,3,3,18" ten="236,278,291,195" oya="2" hai0="103,12,32,108,34,37,69,23,79,30,82,67,25" hai1="22,47,4,86,44,89,127,13,38,51,88,99,117" hai2="87,130,113,6,94,105,126,122,95,50,111,93,66" hai3="40,29,57,71,70,42,60,124,39,106,27,54,41"/><V24/><F113/><W125/><G106/><T28/><D37/><U96/><E117/><V72/><F72/><W123/><G123/><T75/><D108/><U78/><E127/><N who="3" m="48714" /><G29/><T80/><D103/><U20/><E38/><V49/><F105/><W97/><G97/><N who="1" m="37450" /><E78/><V120/><F126/><W101/><G27/><T76/><D67/><U33/><E33/><V7/><F66/><N who="3" m="41287" /><G101/><T92/><D69/><U77/><E77/><V35/><F111/><W115/><G71/><T31/><D92/><N who="1" m="54295" /><E89/><V118/><F118/><W84/><G84/><T104/><D104/><U119/><E119/><V58/><F87/><W52/><G115/><T16/><REACH who="0" step="1"/><D34/><REACH who="0" ten="226,278,291,195" step="2"/><U110/><E110/><V64/><F35/><W8/><G8/><T134/><D134/><U135/><E135/><V121/><F121/><W62/><G39/><T21/><D21/><N who="1" m="8299" /><E51/><V45/><F50/><W0/><G0/><T5/><D5/><U14/><E4/><V112/><F122/><W1/><G1/><T11/><D11/><U100/><E100/><V83/><F6/><W114/><G114/><T48/><D48/><U65/><E65/><AGARI ba="2,1" hai="40,41,42,52,54,57,62,65" m="41287,48714" machi="65" ten="30,7700,0" yaku="18,1,34,2,54,1" doraHai="18" who="3" fromWho="1" sc="226,0,278,-83,291,0,195,93" /><INIT seed="3,0,0,5,4,68" ten="226,195,291,288" oya="3" hai0="12,90,92,19,101,67,14,134,105,81,123,111,97" hai1="117,7,3,94,8,78,86,32,131,87,46,28,40" hai2="125,122,82,133,26,43,102,66,23,6,126,48,11" hai3="71,21,115,15,124,95,39,74,63,100,45,51,91"/><W24/><G115/><T114/><D123/><U13/><E131/><V44/><F122/><W37/><G74/><T129/><D129/><U65/><E117/><V60/><F133/><W50/><G100/><T80/><D134/><U29/><E32/><V72/><F102/><W83/><G83/><T52/><D111/><U110/><E110/><V96/><F96/><W55/><G124/><N who="2" m="47721" /><F82/><W103/><G103/><T22/><D67/><U108/><E65/><V104/><F72/><W84/><G15/><T47/><D12/><U88/><E3/><N who="2" m="479" /><F104/><W10/><G10/><T38/><D114/><U107/><E107/><V73/><F73/><W2/><G2/><T85/><D38/><U30/><E108/><V69/><F23/><W27/><G27/><AGARI ba="0,0" hai="26,27,43,44,48,60,66,69" m="479,47721" machi="27" ten="30,1000,0" yaku="18,1" doraHai="68" who="2" fromWho="3" sc="226,0,195,0,291,10,288,-10" owari="226,-17.4,195,-30.5,301,40.1,278,7.8" /></mjloggm>