<mjloggm ver="2.3"><GO type="225" lobby="0"/><UN n0="%E3%81%BE%E3%81%A8%E3%81%9F" n1="%E3%81%A9%E3%82%8F%E3%82%93%E3%81%94" n2="%E3%82%BF%E3%83%BC%E3%83%90%E3%83%B3%E9%87%8E%E5%8F%A3" n3="%E7%99%BD%E6%97%A5%E9%9B%AA%E8%8F%9C" dan="16,16,16,17" rate="2101.15,2072.16,2118.24,2240.79" sx="M,M,M,M"/><TAIKYOKU oya="0"/><INIT seed="0,0,0,3,3,69" ten="250,250,250,250" oya="0" hai0="7,124,98,129,105,0,5,87,61,118,1,16,23" hai1="55,111,108,28,120,31,70,92,12,64,57,73,109" hai2="130,43,2,33,35,4,47,131,122,68,132,53,86" hai3="113,119,19,39,77,9,66,88,24,97,44,8,133"/><T72/><D72/><U135/><E73/><V36/><F122/><W48/><G113/><T6/><D118/><U42/><E120/><V116/><F116/><W112/><G112/><T78/><D124/><U62/><E135/><V20/><F68/><W14/><G119/><T56/><D129/><N who="2" m="49162" /><F132/><W63/><G133/><T94/><D105/><U60/><E42/><V52/><F20/><N who="3" m="13343" /><G39/><T134/><D87/><U83/><E83/><V15/><F15/><W123/><G77/><T127/><D134/><U74/><E74/><V82/><F4/><W103/><G103/><T29/><D29/><U80/><E80/><V81/><F2/><W22/><G63/><T49/><D49/><U110/><N who="1" m="27648" /><DORA hai="91" /><U115/><E115/><V65/><F65/><W71/><G71/><T58/><D58/><U117/><E117/><V104/><F82/><W18/><G66/><T27/><D78/><U100/><REACH who="1" step="1"/><E12/><REACH who="1" ten="250,240,250,250" step="2"/><V76/><F104/><W101/><G123/><T13/><D13/><U106/><E106/><V95/><F95/><N who="3" m="56551" /><G101/><T84/><D127/><U114/><E114/><V3/><F3/><W21/><G8/><T32/><D0/><U26/><E26/><V51/><F53/><AGARI ba="0,1" hai="9,14,18,21,22,44,48,53" m="56551,13343" machi="53" ten="30,3900,0" yaku="8,1,52,1,54,1" doraHai="69,91" who="3" fromWho="2" sc="250,0,240,0,250,-39,250,49" /><INIT seed="1,0,0,3,0,34" ten="250,240,211,299" oya="1" hai0="25,118,18,103,31,57,26,47,79,102,109,54,21" hai1="30,85,56,19,8,116,108,62,58,5,83,1,94" hai2="42,120,111,35,106,59,55,128,68,97,123,89,51" hai3="86,124,84,64,69,134,60,23,122,93,99,32,4"/><U98/><E116/><V119/><F35/><W76/><G122/><N who="2" m="46633" /><F106/><W36/><G32/><T13/><D109/><U82/><E30/><V113/><F97/><W70/><G36/><T78/><D118/><U50/><E108/><V29/><F89/><W110/><G110/><T75/><D47/><U112/><E112/><V7/><F29/><W44/><G124/><T72/><D72/><U135/><E135/><V46/><F7/><W67/><G134/><T14/><D14/><U80/><E19/><V74/><F74/><W20/><G4/><T96/><D75/><U63/><E85/><V49/><F111/><W43/><G67/><T66/><D66/><U100/><REACH who="1" step="1"/><E50/><REACH who="1" ten="250,230,211,299" step="2"/><N who="2" m="26967" /><F119/><W129/><G84/><T88/><D31/><U71/><E71/><V0/><F113/><W37/><G70/><T107/><D18/><U87/><E87/><V95/><F68/><W15/><G86/><T77/><D78/><U101/><E101/><V28/><F28/><W3/><G76/><T22/><D103/><U65/><E65/><V24/><F49/><W40/><G69/><T126/><D79/><U61/><AGARI ba="0,1" hai="1,5,8,56,58,61,62,63,80,82,83,94,98,100" machi="61" ten="30,11700,0" yaku="1,1,0,1,52,1,53,1" doraHai="34" doraHaiUra="6" who="1" fromWho="1" sc="250,-39,230,127,211,-39,299,-39" /><INIT seed="1,1,0,0,3,127" ten="211,357,172,260" oya="1" hai0="132,61,66,33,120,17,52,72,102,37,86,25,23" hai1="56,85,6,27,24,45,105,9,81,18,48,124,83" hai2="82,31,8,20,41,76,97,10,2,71,118,59,88" hai3="7,90,69,40,62,108,68,125,109,46,94,32,53"/><U73/><E124/><V42/><F118/><W121/><G125/><T98/><D72/><U14/><E105/><V50/><F71/><W54/><G32/><T13/><D132/><U47/><E73/><V131/><F131/><W134/><G7/><T80/><D37/><U15/><E56/><V3/><F3/><W91/><G121/><T19/><D120/><U89/><E83/><V51/><F2/><W129/><G134/><T34/><D34/><U117/><E117/><V38/><F38/><W21/><G21/><T113/><D33/><U5/><E47/><V77/><F31/><W126/><G126/><T58/><D113/><U70/><E70/><V26/><F20/><W95/><G46/><T0/><D0/><U133/><E133/><V106/><F26/><N who="1" m="9769" /><E15/><V11/><F106/><W128/><G62/><T111/><D111/><U87/><E87/><N who="2" m="50295" /><F97/><W110/><G108/><T49/><D98/><U135/><E135/><V57/><F59/><W64/><REACH who="3" step="1"/><G40/><AGARI ba="1,0" hai="5,6,9,14,18,40,45,48,81,85,89" m="9769" machi="40" ten="30,1500,0" yaku="8,1" doraHai="127" who="1" fromWho="3" sc="211,0,357,18,172,0,260,-18" /><INIT seed="1,2,0,2,2,53" ten="211,375,172,242" oya="1" hai0="10,85,71,26,21,22,88,15,12,3,91,7,80" hai1="29,92,55,52,35,37,84,130,110,43,18,17,114" hai2="77,11,65,82,34,36,124,94,81,96,106,24,44" hai3="119,116,0,120,131,99,87,117,1,86,72,75,135"/><U51/><E114/><V2/><F124/><W8/><G120/><T63/><D22/><U57/><E130/><V40/><F106/><W127/><G8/><T104/><D104/><U107/><E107/><V9/><F81/><W47/><G47/><T39/><D39/><U70/><E70/><V98/><F65/><W5/><G5/><T33/><D33/><U109/><E37/><V54/><F54/><W112/><G112/><T42/><D42/><U102/><E43/><V129/><F129/><W25/><G25/><T31/><REACH who="0" step="1"/><D91/><REACH who="0" ten="201,375,172,242" step="2"/><U41/><E41/><V62/><F34/><W89/><G131/><T78/><D78/><U76/><E35/><V108/><F24/><W103/><G127/><T32/><D32/><U105/><E105/><V45/><F40/><W69/><G89/><T16/><D16/><U122/><E18/><V118/><F36/><W128/><G128/><T67/><AGARI ba="2,1" hai="3,7,10,12,15,21,26,31,63,67,71,80,85,88" machi="67" ten="30,4000,0" yaku="1,1,0,1,54,1,53,0" doraHai="53" doraHaiUra="97" who="0" fromWho="0" sc="201,56,375,-22,172,-12,242,-12" /><INIT seed="2,0,0,0,1,103" ten="257,353,160,230" oya="2" hai0="128,38,79,126,63,96,62,121,129,4,113,94,46" hai1="101,17,12,25,106,120,110,75,21,95,83,91,8" hai2="47,45,49,93,16,99,86,67,122,90,130,112,44" hai3="82,26,64,3,100,92,37,39,73,57,102,133,69"/><V34/><F122/><W118/><G118/><T7/><D121/><U59/><E120/><V78/><F112/><W42/><G3/><T115/><D79/><U125/><E110/><V66/><F34/><W135/><G69/><T114/><D126/><U61/><E125/><V97/><F130/><N who="0" m="50282" /><D46/><U124/><E106/><V105/><F49/><W107/><G92/><T6/><D38/><U56/><E124/><V41/><F41/><W19/><G42/><T72/><D72/><U52/><E101/><AGARI ba="0,0" hai="4,6,7,62,63,94,96,101,113,114,115" m="50282" machi="101" ten="40,1300,0" yaku="19,1" doraHai="103" who="0" fromWho="1" sc="257,13,353,-13,160,0,230,0" /><INIT seed="3,0,0,4,1,53" ten="270,340,160,230" oya="3" hai0="110,107,91,112,92,14,100,94,113,82,32,41,4" hai1="17,99,0,31,114,90,117,129,13,127,135,29,88" hai2="8,98,128,60,130,77,28,38,36,56,131,68,64" hai3="52,7,48,58,123,73,55,95,125,30,111,42,87"/><W93/><G123/><T19/><D32/><U119/><E0/><V124/><F28/><N who="1" m="10825" /><E114/><V12/><F124/><W1/><G73/><T108/><D41/><U21/><E127/><V45/><F77/><W5/><G125/><T79/><D19/><U37/><E37/><V6/><F45/><N who="3" m="25655" /><G1/><T51/><D51/><U109/><E109/><N who="0" m="42089" /><D14/><U120/><E120/><V89/><REACH who="2" step="1"/><F68/><REACH who="2" ten="270,340,150,230" step="2"/><W26/><G111/><T62/><D113/><U76/><E76/><V11/><F11/><W85/><G58/><T63/><D79/><U122/><E122/><V115/><F115/><W9/><G9/><T126/><D112/><U43/><E119/><V67/><F67/><W66/><G66/><T133/><D126/><U134/><E117/><V96/><F96/><W18/><G55/><T116/><D116/><U59/><E59/><V104/><F104/><W15/><G52/><T69/><D69/><U54/><E54/><V49/><F49/><W80/><G87/><T27/><D107/><U78/><E78/><V97/><F97/><W86/><G86/><T44/><D44/><U132/><E99/><V121/><F121/><W22/><G85/><T70/><D70/><U16/><E43/><V23/><F23/><N who="3" m="15711" /><G80/><T71/><D82/><U47/><E47/><V35/><F35/><W72/><G72/><T24/><D71/><U57/><E57/><V2/><F2/><W83/><G83/><T50/><D50/><U75/><E75/><V84/><F84/><W40/><G40/><T118/><D118/><U20/><E20/><V25/><F25/><W33/><G33/><T39/><D24/><RYUUKYOKU ba="0,1" sc="270,-15,340,-15,150,15,230,15" hai2="6,8,12,36,38,56,60,64,89,98,128,130,131" hai3="5,7,15,18,22,93,95" /><INIT seed="3,1,1,4,2,87" ten="255,325,165,245" oya="3" hai0="120,30,56,44,106,128,122,78,47,39,119,91,4" hai1="80,0,129,118,12,61,79,40,83,131,8,77,29" hai2="107,28,65,89,85,7,114,2,18,63,112,75,135" hai3="134,10,84,132,31,35,86,36,51,52,111,17,20"/><W55/><G36/><T108/><D119/><U11/><E118/><V93/><F135/><N who="3" m="51755" /><G111/><T58/><D106/><U68/><E0/><V95/><F107/><W103/><G103/><T121/><D78/><N who="1" m="29707" /><E29/><V60/><F75/><W104/><G104/><T22/><D108/><U46/><E61/><V124/><F124/><W21/><G35/><T99/><D4/><N who="1" m="3079" /><E11/><V57/><F28/><W100/><G100/><T64/><D30/><U66/><E66/><V50/><F50/><W94/><G55/><T127/><D64/><U6/><E6/><V73/><F73/><W71/><G71/><T90/><D127/><U43/><E68/><V9/><F18/><W34/><G34/><T98/><D39/><U62/><E62/><V42/><F42/><N who="1" m="15913" /><E46/><N who="0" m="17449" /><D22/><U69/><E69/><V92/><REACH who="2" step="1"/><F63/><REACH who="2" ten="255,325,155,245" step="2"/><W97/><G31/><T41/><D41/><U96/><E131/><V126/><F126/><W48/><G48/><T15/><D128/><U81/><E129/><V33/><F33/><W130/><G130/><T45/><D122/><U72/><E72/><V37/><F37/><W25/><G17/><T70/><D121/><U3/><E3/><V13/><F13/><W116/><G116/><T38/><D15/><U88/><E96/><V14/><F14/><W26/><G10/><T67/><D120/><U23/><E23/><V133/><F133/><W113/><G20/><T16/><D38/><U123/><E123/><V102/><F102/><N who="3" m="60727" /><G21/><T5/><D16/><U125/><E125/><V1/><F1/><W49/><G49/><T27/><D99/><U74/><E74/><V59/><F59/><RYUUKYOKU ba="1,2" sc="255,-15,325,15,155,15,245,-15" hai1="80,81,83,88" hai2="2,7,9,57,60,65,85,89,92,93,95,112,114" owari="240,4.0,360,46.0,170,-33.0,230,-17.0" /></mjloggm>