<mjloggm ver="2.3"><GO type="225" lobby="0"/><UN n0="%E3%81%A1%E3%82%85%E3%81%86%E3%81%A9%E3%81%8F%E8%B1%A1%E3%81%95%E3%82%93" n1="%6D%75%75%6D%75%72%61" n2="%E3%83%B4%E3%83%A0%EF%BC%99%E3%81%A6" n3="%E5%80%89%E6%A9%8B%EF%BC%A0%E4%BA%8B%E5%8B%99" dan="17,16,17,16" rate="2205.85,2155.31,2188.18,2079.82" sx="M,F,M,M"/><TAIKYOKU oya="0"/><INIT seed="0,0,0,5,0,78" ten="250,250,250,250" oya="0" hai0="81,86,41,109,13,3,110,60,26,112,6,119,94" hai1="9,51,75,31,122,18,102,64,57,39,106,73,33" hai2="98,128,72,87,48,54,80,123,11,77,30,76,1" hai3="84,82,56,17,118,127,52,120,38,79,113,42,93"/><T27/><D112/><U62/><E39/><V67/><F128/><W19/><G118/><T8/><D119/><U131/><E122/><V107/><F123/><W126/><G120/><T22/><D41/><U134/><E134/><V116/><F116/><W115/><G42/><T108/><D94/><U117/><E131/><V103/><F67/><W24/><G38/><T36/><D36/><U105/><E117/><V88/><F30/><W124/><G93/><T70/><D70/><U90/><E51/><V65/><F65/><W49/><REACH who="3" step="1"/><G24/><REACH who="3" ten="250,250,250,240" step="2"/><T83/><D26/><U132/><E106/><V95/><F95/><W61/><G61/><T59/><D3/><U23/><E62/><V2/><F2/><W7/><G7/><T111/><D111/><U135/><E105/><V5/><REACH who="2" step="1"/><F72/><REACH who="2" ten="250,250,240,240" step="2"/><W91/><G91/><T20/><D27/><U29/><E90/><V35/><F35/><W114/><AGARI ba="0,2" hai="17,19,49,52,56,79,82,84,113,114,115,124,126,127" machi="114" ten="40,8000,1" yaku="1,1,0,1,18,1,52,1,54,1,53,0" doraHai="78" doraHaiUra="16" who="3" fromWho="3" sc="250,-40,250,-20,240,-20,240,100" /><INIT seed="1,0,0,1,5,24" ten="210,230,220,340" oya="1" hai0="19,42,103,135,83,129,36,112,130,22,71,62,8" hai1="120,56,35,60,98,126,13,94,34,52,116,69,111" hai2="43,134,61,78,40,20,63,51,133,101,119,3,2" hai3="121,117,49,106,110,128,91,80,21,131,115,92,5"/><U44/><E116/><V113/><F119/><W122/><G5/><T68/><D112/><U37/><E120/><V79/><F101/><W102/><G49/><T100/><D135/><N who="2" m="51722" /><F51/><W85/><G21/><T39/><D8/><U32/><E126/><V28/><F20/><W127/><G117/><T88/><D42/><N who="2" m="15914" /><F28/><W97/><G115/><T12/><D62/><N who="2" m="23562" /><F113/><W23/><G23/><T11/><D22/><U57/><E57/><V76/><AGARI ba="0,0" hai="2,3,76,78,79" m="23562,15914,51722" machi="76" ten="40,5200,0" yaku="28,2,20,1" doraHai="24" who="2" fromWho="2" sc="210,-13,230,-26,220,52,340,-13" /><INIT seed="2,0,0,3,1,53" ten="197,204,272,327" oya="2" hai0="109,37,50,108,55,103,49,25,134,86,12,81,15" hai1="97,88,19,130,125,4,119,21,64,62,68,57,115" hai2="20,16,133,118,92,131,10,3,106,112,17,99,44" hai3="63,23,98,30,101,74,93,79,120,65,14,9,52"/><V35/><F112/><W59/><G120/><T95/><D37/><U70/><E115/><V54/><F118/><W38/><G38/><T102/><D134/><U46/><E119/><V83/><F35/><W36/><G36/><T61/><D61/><U111/><E111/><N who="0" m="42569" /><D25/><U40/><E125/><V27/><F133/><W58/><G74/><T32/><D32/><U104/><E130/><V80/><F106/><W124/><G124/><T113/><D113/><U116/><E116/><V69/><F69/><W24/><G79/><N who="0" m="46399" /><D50/><U100/><E4/><V122/><F122/><W45/><G45/><N who="0" m="28079" /><D95/><U107/><E107/><V87/><F131/><W85/><G85/><T71/><D71/><U126/><E126/><V34/><F87/><W1/><G1/><T67/><D67/><U2/><E2/><V121/><F34/><W47/><G47/><T128/><D128/><U11/><E46/><V91/><F121/><W51/><G14/><AGARI ba="0,0" hai="12,14,15,102,103" m="28079,46399,42569" machi="14" ten="30,1000,0" yaku="14,1" doraHai="53" who="0" fromWho="3" sc="197,10,204,0,272,0,327,-10" /><INIT seed="3,0,0,5,4,33" ten="207,204,272,317" oya="3" hai0="111,113,70,48,24,130,15,37,107,92,80,118,90" hai1="77,50,1,53,64,88,44,17,106,135,85,121,117" hai2="35,27,68,97,40,4,122,28,9,56,67,95,99" hai3="129,19,86,16,54,11,89,112,98,104,115,84,134"/><W2/><G104/><T82/><D37/><U126/><E121/><V102/><F122/><W49/><G98/><T131/><D107/><U7/><E126/><V132/><F132/><W74/><G74/><T116/><D70/><U61/><E135/><V59/><F40/><W8/><G134/><T39/><D39/><U20/><E106/><V47/><F47/><W3/><G49/><T81/><D111/><U42/><E117/><N who="0" m="45161" /><D24/><U100/><E77/><V29/><F29/><W25/><G54/><T63/><D63/><U79/><E79/><V0/><F68/><W103/><G129/><N who="0" m="49163" /><D113/><U133/><E133/><V43/><F43/><W78/><G78/><T41/><D15/><U69/><E100/><V62/><F97/><W101/><G89/><T36/><D36/><U38/><E7/><V55/><F59/><W34/><G34/><T22/><D22/><U5/><E5/><V14/><F55/><W76/><G76/><T73/><D73/><U125/><E1/><V6/><F6/><W23/><G23/><T96/><D41/><U30/><E30/><V71/><F71/><W119/><G119/><T110/><D110/><U57/><E125/><V87/><F87/><W128/><G128/><T127/><D48/><U72/><E72/><V94/><F94/><W105/><G105/><T65/><D65/><U58/><E69/><V45/><F45/><W124/><G124/><AGARI ba="0,0" hai="80,81,82,90,92,96,124,127" m="49163,45161" machi="124" ten="40,5200,0" yaku="19,1,34,2" doraHai="33" who="0" fromWho="3" sc="207,52,204,0,272,0,317,-52" /><INIT seed="4,0,0,3,1,113" ten="259,204,272,265" oya="0" hai0="47,124,100,34,121,102,23,85,118,52,115,50,94" hai1="1,27,86,89,71,53,44,62,60,0,33,29,31" hai2="28,106,110,74,59,128,95,11,68,97,40,127,12" hai3="58,79,4,49,90,99,20,116,82,7,46,35,132"/><T126/><D121/><U25/><E71/><V3/><F68/><W131/><G35/><T8/><D34/><U108/><E108/><V134/><F110/><W81/><G131/><T98/><D115/><U96/><E96/><V88/><F128/><W101/><G58/><T92/><D8/><U61/><E44/><V72/><F3/><W103/><G132/><T38/><D38/><U75/><E53/><V2/><F2/><W41/><G116/><T56/><D23/><U120/><E75/><V135/><F127/><N who="0" m="48682" /><D47/><U30/><E120/><V107/><F40/><W67/><G67/><T24/><D24/><U9/><E9/><V17/><F59/><W129/><G129/><T48/><D118/><U45/><E45/><V15/><F15/><W22/><G90/><N who="0" m="53327" /><D100/><N who="3" m="38473" /><G99/><T84/><D84/><U54/><E54/><V80/><F28/><W70/><G70/><T63/><AGARI ba="0,0" hai="48,50,52,56,63,94,98,102" m="53327,48682" machi="63" ten="30,3000,0" yaku="18,1,54,1" doraHai="113" who="0" fromWho="0" sc="259,30,204,-10,272,-10,265,-10" /><INIT seed="4,1,0,0,2,96" ten="289,194,262,255" oya="0" hai0="43,30,116,62,37,121,69,61,72,108,84,90,92" hai1="5,94,65,117,86,118,58,54,133,10,32,105,73" hai2="109,29,114,41,6,51,127,24,85,60,3,40,124" hai3="83,79,34,120,20,36,4,45,135,64,66,78,112"/><T53/><D116/><U47/><E73/><V27/><F109/><W2/><G34/><T106/><D121/><U1/><E133/><V56/><F114/><W77/><G112/><T59/><D72/><U110/><E110/><V8/><F85/><W71/><G135/><T113/><D113/><U88/><E32/><V131/><F131/><W97/><G120/><T101/><D108/><U98/><E65/><V52/><F24/><W70/><G20/><T28/><D37/><U82/><E47/><V50/><F50/><W102/><G83/><N who="0" m="49439" /><D106/><U67/><E67/><V49/><F49/><W104/><G66/><T132/><D69/><U75/><E105/><V130/><F130/><W125/><G125/><N who="2" m="48201" /><F51/><W134/><G134/><T0/><D0/><U81/><E75/><V48/><F48/><W115/><G115/><T76/><D62/><U42/><E42/><V22/><AGARI ba="1,0" hai="3,6,8,22,27,29,40,41,52,56,60" m="48201" machi="22" ten="30,2000,0" yaku="18,1,54,1" doraHai="96" who="2" fromWho="2" sc="289,-11,194,-6,262,23,255,-6" /><INIT seed="5,0,0,0,0,6" ten="278,188,285,249" oya="1" hai0="44,28,60,24,58,3,23,128,115,38,84,113,89" hai1="117,82,12,52,34,66,13,18,2,85,123,64,106" hai2="95,129,80,99,50,116,42,90,26,19,78,122,46" hai3="79,119,5,114,20,47,135,56,40,93,49,54,63"/><U109/><E123/><V132/><F122/><W36/><G114/><N who="0" m="43531" /><D3/><U94/><E117/><V81/><F116/><W59/><G119/><T134/><D134/><U70/><E106/><V9/><F132/><W87/><G135/><T21/><D128/><U91/><E2/><V125/><F125/><W11/><G20/><N who="0" m="15367" /><D44/><U92/><E34/><V112/><F112/><W37/><G56/><T75/><D38/><U30/><E30/><V39/><BYE who="1" /><F129/><W133/><G133/><T108/><D75/><U86/><E86/><UN n1="%6D%75%75%6D%75%72%61" /><V51/><F80/><W14/><G93/><N who="0" m="54439" /><D108/><U41/><E41/><V16/><F26/><W76/><G76/><T22/><D22/><U96/><E109/><V74/><F19/><W4/><G4/><T73/><D73/><U72/><E72/><V1/><F16/><W0/><G0/><T57/><D57/><U118/><E118/><V126/><F126/><W100/><G100/><T43/><D43/><U15/><E18/><V29/><F29/><W110/><G110/><T35/><D35/><U53/><E94/><V97/><F97/><W32/><G32/><T27/><D27/><U31/><E31/><V105/><F105/><W8/><G8/><T48/><D48/><U127/><E127/><V17/><F17/><W7/><G7/><AGARI ba="0,0" hai="1,7,9,39,42,46,50,51,74,78,81,90,95,99" machi="7" ten="40,5200,0" yaku="25,2,52,1" doraHai="6" who="2" fromWho="3" sc="278,0,188,0,285,52,249,-52" owari="278,7.8,188,-31.2,337,43.7,197,-20.3" /></mjloggm>