<mjloggm ver="2.3"><GO type="225" lobby="0"/><UN n0="%E5%B0%8F%E9%B3%A5%E9%81%8A%E7%B7%B4%E7%84%A1%32%31%E6%AD%B3" n1="%E3%81%AF%E3%82%88%E3%81%8A%E3%81%98%E3%81%95%E3%82%93" n2="%E7%AC%B9%E9%A4%85" n3="%48%61%61%61%6C%61%6E%64" dan="16,17,17,18" rate="2165.49,2240.35,2214.17,2220.63" sx="F,M,M,M"/><TAIKYOKU oya="0"/><INIT seed="0,0,0,4,1,128" ten="250,250,250,250" oya="0" hai0="132,17,110,89,24,131,62,47,73,56,38,48,80" hai1="115,124,19,105,42,84,12,6,100,104,55,60,59" hai2="72,39,11,37,88,76,74,25,26,86,85,113,53" hai3="57,67,61,41,9,66,117,54,98,92,43,112,51"/><T119/><D119/><U22/><E124/><V127/><F113/><W71/><G112/><T97/><D131/><U94/><E115/><V52/><F11/><W2/><G117/><T28/><D38/><U70/><E42/><V134/><F76/><W87/><G87/><T0/><D0/><U111/><E111/><V69/><F69/><W125/><G67/><T133/><D17/><U44/><E44/><V30/><F30/><W20/><G125/><T135/><D110/><U4/><E70/><V103/><F103/><W3/><G20/><N who="0" m="15367" /><D73/><U91/><REACH who="1" step="1"/><E100/><REACH who="1" ten="250,240,250,250" step="2"/><V109/><F127/><W15/><G43/><N who="0" m="24703" /><D80/><U114/><E114/><V27/><F109/><W106/><G41/><T21/><D21/><U23/><E23/><V102/><F102/><W18/><G106/><AGARI ba="0,1" hai="4,6,12,19,22,55,59,60,84,91,94,104,105,106" machi="106" ten="40,1300,0" yaku="1,1,53,0" doraHai="128" doraHaiUra="45" who="1" fromWho="3" sc="250,0,240,23,250,0,250,-13" /><INIT seed="1,0,0,4,4,31" ten="250,263,250,237" oya="1" hai0="18,120,114,86,104,16,45,107,65,80,118,73,70" hai1="29,52,50,30,76,93,61,109,22,63,125,108,67" hai2="28,24,35,27,105,78,102,111,26,49,98,51,123" hai3="13,17,87,115,81,96,36,133,113,71,0,62,43"/><U9/><E125/><V91/><F123/><W99/><G0/><T106/><D73/><U95/><E76/><V77/><F111/><N who="1" m="42569" /><E9/><V48/><REACH who="2" step="1"/><F91/><REACH who="2" ten="250,263,240,237" step="2"/><W11/><G115/><T34/><D114/><U5/><E5/><V14/><F14/><W130/><G113/><T39/><D120/><U129/><E129/><V54/><F54/><W1/><G130/><T124/><D124/><U57/><E63/><V82/><F82/><W88/><G1/><T3/><D3/><U37/><E37/><V10/><F10/><W2/><G2/><T42/><D118/><U100/><E22/><V46/><F46/><W40/><G36/><T41/><D39/><U121/><E121/><V134/><F134/><W7/><G133/><T132/><D45/><U127/><E127/><V4/><F4/><W21/><G7/><T32/><D132/><U56/><E95/><V33/><F33/><W84/><G21/><T131/><D131/><U97/><AGARI ba="0,1" hai="29,30,50,52,56,57,61,67,93,97,100" m="42569" machi="97" ten="30,6000,0" yaku="14,1,10,1,54,1" doraHai="31" who="1" fromWho="1" sc="250,-20,263,70,240,-20,237,-20" /><INIT seed="1,1,0,2,4,19" ten="230,333,220,217" oya="1" hai0="70,10,1,28,36,55,50,31,49,35,116,6,125" hai1="114,135,43,107,82,95,77,4,68,34,40,113,72" hai2="65,84,51,112,133,24,97,63,69,103,0,130,48" hai3="128,17,89,108,87,8,71,90,44,37,122,101,105"/><U121/><E34/><V83/><F0/><W15/><G122/><T76/><D36/><U127/><E68/><V27/><F130/><W88/><G128/><T92/><D116/><U110/><E121/><V67/><F133/><W99/><G71/><T57/><D70/><U22/><E107/><V132/><F132/><W81/><REACH who="3" step="1"/><G108/><REACH who="3" ten="230,333,220,207" step="2"/><T9/><D125/><U47/><E110/><V58/><F112/><W134/><G134/><T100/><D76/><U124/><E135/><V54/><F67/><W23/><G23/><T98/><D35/><U78/><E77/><V46/><F69/><W120/><G120/><T60/><REACH who="0" step="1"/><D9/><REACH who="0" ten="220,333,220,207" step="2"/><U32/><E78/><V39/><F39/><W93/><G93/><T30/><AGARI ba="1,2" hai="1,6,10,28,30,31,49,50,55,57,60,92,98,100" machi="30" ten="30,4000,0" yaku="1,1,2,1,0,1,53,0" doraHai="19" doraHaiUra="18" who="0" fromWho="0" sc="220,63,333,-21,220,-11,207,-11" /><INIT seed="2,0,0,4,2,24" ten="283,312,209,196" oya="2" hai0="79,6,74,72,31,80,16,81,89,120,130,110,84" hai1="118,3,43,129,112,77,32,95,15,8,47,82,124" hai2="27,113,115,109,107,104,2,66,132,122,70,78,75" hai3="29,68,22,131,99,11,60,40,117,39,5,57,93"/><V98/><F98/><W52/><G117/><T86/><D6/><U102/><E118/><V45/><F45/><W28/><G131/><T105/><D110/><U55/><E112/><V56/><F56/><W53/><G68/><T116/><D130/><U73/><E129/><V0/><F27/><W20/><G39/><T14/><D120/><U97/><E124/><V1/><F122/><W19/><G40/><T25/><D105/><N who="2" m="40522" /><F109/><W17/><G53/><T49/><D49/><U135/><E135/><V96/><F96/><W92/><G20/><T128/><D116/><U46/><E32/><V61/><F132/><W67/><G67/><T71/><D71/><U123/><E123/><V125/><F125/><W108/><G108/><T9/><D128/><U100/><E55/><V119/><F119/><W36/><G36/><T76/><D89/><N who="1" m="55535" /><E15/><V121/><F121/><W26/><G19/><T90/><D90/><U85/><E85/><V126/><F126/><W23/><G99/><T106/><D106/><U51/><E51/><V59/><F59/><W42/><G42/><T94/><D94/><N who="3" m="36457" /><G22/><AGARI ba="0,0" hai="9,14,16,22,25,31,72,74,76,79,80,81,84,86" machi="22" ten="30,7700,0" yaku="7,1,9,1,52,1,54,1" doraHai="24" who="0" fromWho="3" sc="283,77,312,0,209,0,196,-77" /><INIT seed="3,0,0,2,5,117" ten="360,312,209,119" oya="3" hai0="87,70,50,57,108,39,64,85,105,104,34,90,7" hai1="121,81,18,4,61,115,30,31,72,134,27,133,58" hai2="103,128,77,132,5,127,33,49,129,67,84,91,9" hai3="2,36,120,23,60,48,25,101,38,123,41,124,131"/><W78/><G2/><T29/><D39/><U111/><E115/><V114/><F114/><W97/><G124/><T65/><D7/><U68/><E68/><V102/><F33/><W71/><G78/><T95/><D85/><U96/><E111/><V106/><F77/><W43/><G131/><N who="2" m="50249" /><F106/><W100/><G48/><T122/><D64/><U46/><E4/><V8/><F127/><W42/><G71/><T113/><D65/><U94/><E46/><V88/><F132/><W89/><G60/><T107/><D108/><U126/><E126/><V69/><F49/><W54/><G54/><T21/><D34/><U52/><E81/><N who="2" m="49167" /><F91/><W135/><G89/><T73/><D90/><N who="1" m="55383" /><E72/><V35/><F35/><W44/><G135/><N who="1" m="51722" /><E121/><V130/><F130/><W116/><G116/><T112/><D122/><U62/><E61/><N who="2" m="40175" /><F9/><W24/><G42/><T79/><D70/><U16/><E30/><V37/><F37/><W3/><G97/><T75/><D79/><U53/><E53/><V0/><AGARI ba="0,0" hai="0,5,8,102,103" m="40175,49167,50249" machi="0" ten="30,2000,0" yaku="19,1,54,1" doraHai="117" who="2" fromWho="2" sc="360,-5,312,-5,209,20,119,-10" owari="355,45.5,307,10.7,229,-17.1,109,-39.1" /></mjloggm>