<mjloggm ver="2.3"><GO type="225" lobby="0"/><UN n0="%E5%A4%A7%E5%A4%A7%E5%B2%A1%E5%B1%B1%EF%BC%A0%E6%A8%AA%E6%B5%9C" n1="%E8%83%83%E3%81%A8%E8%85%B8" n2="%72%69%6F%75%63%68%61%6E" n3="%E3%81%BF%E3%81%BF%E3%81%9A" dan="16,17,16,18" rate="2144.46,2183.84,2204.42,2241.93" sx="M,M,M,M"/><TAIKYOKU oya="0"/><INIT seed="0,0,0,3,0,51" ten="250,250,250,250" oya="0" hai0="14,18,118,33,13,55,54,77,52,124,63,68,82" hai1="112,116,83,95,10,91,106,115,37,7,74,46,78" hai2="65,6,128,60,107,96,66,67,29,49,130,72,24" hai3="28,75,117,79,113,97,69,111,99,39,2,62,86"/><T19/><D33/><U101/><E116/><V26/><F72/><W70/><G113/><N who="1" m="43594" /><E37/><V42/><F6/><W21/><G117/><T119/><D124/><U90/><E46/><N who="2" m="25815" /><F60/><W76/><G75/><T3/><D3/><N who="1" m="383" /><E106/><V108/><F108/><W58/><G39/><T12/><D119/><U133/><E133/><V80/><F80/><W57/><G2/><T15/><N who="0" m="3072" /><DORA hai="20" /><T59/><D68/><U84/><E90/><V92/><F29/><W89/><G70/><T34/><D34/><U102/><AGARI ba="0,0" hai="74,78,83,84,91,95,101,102" m="383,43594" machi="102" ten="30,1100,0" yaku="11,1" doraHai="51,20" who="1" fromWho="1" sc="250,-5,250,11,250,-3,250,-3" /><INIT seed="1,0,0,5,4,124" ten="245,261,247,247" oya="1" hai0="26,29,14,12,23,107,84,16,19,121,122,37,21" hai1="58,117,15,72,50,79,61,13,120,53,9,55,11" hai2="105,36,34,96,27,20,91,103,43,77,59,30,33" hai3="94,106,97,108,65,0,6,78,116,54,38,113,5"/><U22/><E117/><V93/><F77/><W41/><G113/><T45/><D107/><U132/><E132/><V2/><F2/><W67/><G106/><T76/><D37/><U39/><E39/><V42/><F59/><W49/><G78/><T8/><D45/><U82/><E120/><N who="0" m="46185" /><D84/><U83/><E83/><V88/><F91/><W31/><G31/><T68/><D68/><U129/><E129/><V4/><F4/><W133/><G133/><T95/><D95/><U46/><REACH who="1" step="1"/><E22/><REACH who="1" ten="245,251,247,247" step="2"/><V18/><F36/><W85/><G116/><T126/><D76/><U86/><E86/><V135/><F135/><W102/><G85/><T87/><D87/><U131/><E131/><V112/><F112/><W1/><G38/><T92/><D92/><U66/><E66/><V63/><F34/><W101/><G65/><T40/><D40/><U74/><E74/><V127/><F127/><AGARI ba="0,1" hai="8,12,14,16,19,21,23,26,29,126,127" m="46185" machi="127" ten="30,7700,0" yaku="13,1,34,2,54,1" doraHai="124" who="0" fromWho="2" sc="245,87,251,0,247,-77,247,0" /><INIT seed="2,0,0,0,2,36" ten="332,251,170,247" oya="2" hai0="76,65,119,31,118,11,42,27,105,10,102,57,2" hai1="59,9,4,68,32,135,111,103,44,35,82,14,24" hai2="25,19,52,1,56,79,87,124,67,55,51,33,15" hai3="130,49,131,100,71,125,95,99,89,13,29,73,112"/><V45/><F124/><W40/><G71/><T116/><D76/><U123/><E68/><V77/><F1/><W132/><G125/><T96/><D2/><U70/><E70/><V121/><F121/><W46/><G132/><T120/><D120/><U17/><E135/><V7/><F67/><W37/><G112/><T53/><D65/><U62/><E123/><V101/><F101/><W127/><G127/><T93/><D105/><U126/><E126/><V26/><F7/><W128/><G73/><T94/><D93/><U60/><E111/><V110/><F110/><W20/><G37/><T21/><D42/><U134/><E134/><V78/><F87/><W86/><G13/><T122/><D122/><U90/><E103/><V48/><REACH who="2" step="1"/><F33/><REACH who="2" ten="332,251,160,247" step="2"/><W28/><REACH who="3" step="1"/><G20/><AGARI ba="0,1" hai="15,19,20,25,26,45,48,51,52,55,56,77,78,79" machi="20" ten="40,12000,1" yaku="1,1,2,1,8,1,54,1,53,0" doraHai="36" doraHaiUra="84" who="2" fromWho="3" sc="332,0,251,0,160,130,247,-120" /><INIT seed="2,1,0,4,5,7" ten="332,251,290,127" oya="2" hai0="31,38,41,123,9,118,44,124,75,74,3,94,59" hai1="127,39,121,83,30,5,96,66,54,126,73,63,68" hai2="11,113,102,103,107,108,72,104,51,67,42,133,120" hai3="21,47,22,135,15,32,27,110,95,78,53,106,25"/><V92/><F113/><W49/><G106/><T105/><D94/><U17/><E30/><V55/><F120/><W12/><G110/><T77/><D59/><U112/><E5/><V101/><F72/><W129/><G129/><T117/><D123/><U81/><E121/><V87/><F108/><W46/><G135/><T69/><D31/><U0/><E0/><V1/><F133/><W10/><G32/><T40/><D40/><U56/><E112/><V8/><F42/><W36/><G78/><T128/><D105/><U119/><E119/><N who="0" m="45577" /><D69/><U61/><E39/><V86/><F67/><W125/><G125/><N who="1" m="47626" /><E73/><V109/><F109/><W34/><G34/><T76/><D124/><U29/><E29/><V62/><F62/><W57/><G95/><T58/><D58/><U28/><E28/><V2/><F107/><W114/><G114/><T80/><D77/><U91/><E17/><V18/><F104/><W98/><G98/><T26/><D26/><N who="3" m="9737" /><G15/><T97/><D97/><U71/><E71/><V70/><F70/><W24/><N who="3" m="9745" /><W13/><DORA hai="130" /><G12/><T37/><D75/><U116/><E116/><V19/><F92/><AGARI ba="1,0" hai="54,56,61,63,66,68,81,83,91,92,96" m="47626" machi="92" ten="30,1000,0" yaku="18,1" doraHai="7,130" who="1" fromWho="2" sc="332,0,251,13,290,-13,127,0" /><INIT seed="3,0,0,5,3,59" ten="332,264,277,127" oya="3" hai0="80,44,21,46,99,63,12,14,1,56,95,47,18" hai1="35,86,94,107,9,104,118,79,114,69,125,96,19" hai2="54,38,48,113,129,36,70,100,81,16,75,134,115" hai3="31,84,34,103,26,106,3,7,6,33,49,51,83"/><W78/><G34/><T101/><D1/><U121/><E35/><V20/><F70/><W123/><G123/><T82/><D12/><U73/><E69/><V93/><F36/><W105/><G7/><T135/><D135/><U5/><E121/><V116/><F38/><W43/><G103/><T66/><AGARI ba="0,0" hai="14,18,21,44,46,47,56,63,66,80,82,95,99,101" machi="66" ten="30,4000,0" yaku="0,1,8,1,52,1" doraHai="59" who="0" fromWho="0" sc="332,40,264,-10,277,-10,127,-20" owari="372,47.2,254,-14.6,267,6.7,107,-39.3" /></mjloggm>