<mjloggm ver="2.3"><GO type="225" lobby="0"/><UN n0="%E4%B8%AD%E5%B9%B4%E3%81%AE%E5%8D%B1%E6%A9%9F" n1="%72%69%6F%75%63%68%61%6E" n2="%E6%A1%9C%E8%8A%B1%E9%96%83%E3%80%85" n3="%E3%81%86%E3%83%BC%E3%81%B1%E3%83%BC" dan="17,17,17,16" rate="2214.72,2153.23,2147.99,2138.38" sx="M,M,M,F"/><TAIKYOKU oya="0"/><INIT seed="0,0,0,3,4,113" ten="250,250,250,250" oya="0" hai0="97,12,105,53,71,25,88,47,49,45,50,59,135" hai1="28,29,20,55,61,132,77,34,17,64,15,26,111" hai2="87,95,86,67,114,92,107,41,93,24,40,89,133" hai3="124,48,103,84,83,69,54,3,115,127,9,62,104"/><T32/><D135/><U52/><E111/><V18/><F114/><W134/><G134/><T100/><D71/><U126/><E126/><N who="3" m="48170" /><G103/><T38/><D12/><U65/><E132/><V21/><F133/><W128/><G104/><T2/><D2/><U121/><E121/><V31/><F107/><W46/><G128/><T13/><D13/><U122/><E122/><V56/><F18/><W16/><G3/><T30/><D38/><U8/><E77/><V51/><F86/><W37/><G37/><T74/><D74/><U102/><E102/><V125/><F125/><W0/><G0/><T58/><REACH who="0" step="1"/><D88/><REACH who="0" ten="240,250,250,250" step="2"/><U70/><REACH who="1" step="1"/><E65/><REACH who="1" ten="240,240,250,250" step="2"/><V63/><F89/><W43/><G115/><T11/><D11/><U85/><E85/><V6/><F87/><W131/><G84/><T35/><D35/><U66/><E66/><V23/><F67/><W4/><G9/><T80/><D80/><U75/><E75/><V68/><F23/><W90/><G83/><T129/><D129/><U10/><E10/><V106/><F21/><W33/><G90/><T91/><D91/><U110/><E110/><V119/><F68/><W116/><G69/><T1/><D1/><U44/><E44/><V96/><F6/><W73/><G4/><T36/><D36/><U94/><E94/><V72/><F93/><W82/><G33/><T118/><D118/><U14/><E14/><V76/><F95/><W81/><G116/><T79/><D79/><U39/><E39/><V42/><F92/><W98/><G131/><T57/><D57/><U19/><E19/><V7/><F119/><W101/><G16/><RYUUKYOKU ba="0,2" sc="240,15,240,15,250,-15,250,-15" hai0="25,30,32,45,47,49,50,53,58,59,97,100,105" hai1="8,15,17,20,26,28,29,34,52,55,61,64,70" /><INIT seed="0,1,2,2,3,95" ten="255,255,235,235" oya="0" hai0="117,67,124,125,119,18,115,35,22,86,25,16,104" hai1="56,79,40,105,23,81,76,39,46,127,4,118,84" hai2="42,77,65,122,110,85,48,14,43,60,2,88,111" hai3="71,129,100,26,113,38,112,1,52,135,32,19,51"/><T123/><D104/><U61/><E127/><N who="0" m="48713" /><D67/><U55/><E118/><N who="0" m="45065" /><D86/><U92/><E105/><V20/><F2/><W98/><G1/><T3/><D123/><U24/><E4/><V97/><F122/><W37/><G71/><T94/><D3/><U70/><E70/><V54/><F77/><W66/><G66/><T82/><D82/><U64/><E92/><N who="2" m="56455" /><F85/><W44/><G113/><T36/><D36/><U33/><E33/><V10/><F65/><W41/><G32/><T34/><D115/><U109/><E109/><N who="2" m="41483" /><F60/><W80/><G112/><T11/><D94/><U130/><E130/><V17/><F10/><W57/><G129/><T89/><D89/><U63/><E79/><V121/><F121/><W58/><G80/><T73/><D73/><U90/><E76/><V132/><F132/><W6/><G135/><T28/><D28/><U107/><E107/><V47/><AGARI ba="1,2" hai="14,17,20,42,43,47,48,54" m="41483,56455" machi="47" ten="30,4000,0" yaku="14,1,52,1,54,1" doraHai="95" who="2" fromWho="2" sc="255,-21,255,-11,235,63,235,-11" /><INIT seed="1,0,0,2,4,29" ten="234,244,298,224" oya="1" hai0="2,30,63,69,60,87,8,129,73,65,112,23,41" hai1="18,71,98,118,86,36,59,48,10,121,45,80,21" hai2="126,28,53,120,24,3,54,46,66,119,101,4,130" hai3="105,34,74,117,16,67,125,92,17,99,51,128,9"/><U70/><E118/><V122/><F119/><W89/><G117/><T72/><D112/><U14/><E121/><V76/><F126/><W93/><G125/><T58/><D129/><U22/><E36/><V47/><F66/><W97/><G105/><T33/><D41/><U115/><E115/><V123/><F101/><W127/><G74/><T61/><D23/><U42/><E59/><V38/><F76/><W131/><G127/><T11/><D87/><U26/><E98/><V37/><F4/><W107/><G107/><T108/><D108/><U82/><E21/><V12/><F12/><W83/><G67/><N who="0" m="41191" /><D58/><U13/><E14/><V103/><F3/><W106/><G106/><T84/><D84/><U39/><E39/><N who="2" m="14859" /><F103/><W124/><G83/><T134/><D11/><U132/><E132/><V7/><F7/><W35/><G124/><T77/><D77/><U57/><E57/><V5/><F5/><W133/><G133/><T50/><D50/><U116/><E116/><V135/><F135/><W32/><G51/><T56/><D63/><U20/><E20/><V91/><F91/><N who="3" m="55455" /><G9/><T111/><D134/><U68/><REACH who="1" step="1"/><E86/><REACH who="1" ten="234,234,298,224" step="2"/><V109/><F122/><W49/><G49/><T27/><D111/><U55/><E55/><N who="2" m="21003" /><F109/><W6/><G6/><AGARI ba="0,1" hai="6,10,13,18,22,26,42,45,48,68,70,71,80,82" machi="6" ten="40,2000,0" yaku="1,1,53,0" doraHai="29" doraHaiUra="88" who="1" fromWho="3" sc="234,0,234,30,298,0,224,-20" /><INIT seed="1,1,0,3,1,79" ten="234,264,298,204" oya="1" hai0="98,83,5,20,119,127,35,56,109,19,30,65,125" hai1="52,22,99,14,15,39,62,111,120,50,55,105,3" hai2="48,95,84,122,117,47,118,46,123,90,86,37,42" hai3="54,76,27,2,23,89,92,31,6,107,58,106,38"/><U44/><E120/><V17/><F17/><W115/><G38/><T87/><D119/><U97/><E3/><V124/><F124/><W60/><G115/><T10/><D109/><U29/><E111/><V13/><F13/><W85/><G6/><T130/><D130/><U1/><E1/><V103/><F103/><W32/><G2/><T51/><D35/><U11/><E39/><V45/><F86/><W78/><REACH who="3" step="1"/><G32/><REACH who="3" ten="234,264,298,194" step="2"/><T104/><D125/><U49/><E62/><V100/><F118/><W53/><G53/><T73/><D127/><U43/><E55/><V0/><F117/><W36/><G36/><T121/><D5/><N who="1" m="3439" /><E105/><AGARI ba="1,1" hai="23,27,31,54,58,60,76,78,85,89,92,105,106,107" machi="105" ten="40,2600,0" yaku="1,1,53,1" doraHai="79" doraHaiUra="80" who="3" fromWho="1" sc="234,0,264,-29,298,0,194,39" /><INIT seed="2,0,0,1,4,29" ten="234,235,298,233" oya="2" hai0="44,18,38,32,83,55,66,50,115,49,88,103,43" hai1="135,40,128,22,0,17,47,119,28,114,64,107,16" hai2="91,54,82,102,7,46,125,124,19,111,10,133,79" hai3="120,122,106,34,73,130,126,14,71,15,123,132,3"/><V30/><F133/><W100/><RYUUKYOKU type="yao9" ba="0,0" sc="234,0,235,0,298,0,233,0" hai3="3,14,15,34,71,73,100,106,120,122,123,126,130,132" /><INIT seed="2,1,0,4,0,8" ten="234,235,298,233" oya="2" hai0="123,78,20,9,114,35,124,64,112,59,42,32,103" hai1="80,90,30,108,33,50,3,53,37,24,92,105,43" hai2="28,119,68,47,36,126,83,129,6,96,88,55,58" hai3="116,94,41,101,81,104,38,65,56,87,4,12,54"/><V82/><F119/><W26/><G104/><T100/><D59/><U48/><E108/><V67/><F126/><W52/><G38/><T130/><D20/><U34/><E105/><V122/><F122/><W73/><G41/><T86/><D42/><U109/><E109/><V77/><F129/><W62/><G73/><T111/><D111/><U25/><E3/><V51/><F28/><W117/><G26/><T89/><D86/><U45/><E80/><V128/><F6/><W46/><G46/><T121/><D9/><U91/><E53/><V84/><F128/><W11/><G117/><T49/><D49/><U118/><E118/><V97/><F68/><W85/><G116/><T66/><D130/><U74/><E74/><V76/><F36/><W22/><G22/><T27/><D27/><U106/><E106/><V15/><F15/><W1/><G1/><T44/><D44/><U135/><E135/><V60/><REACH who="2" step="1"/><F83/><REACH who="2" ten="234,235,288,233" step="2"/><W23/><G23/><T21/><D21/><U115/><E115/><N who="0" m="44073" /><D124/><U134/><E134/><V13/><F13/><W71/><G71/><T127/><D127/><U79/><E30/><V57/><F57/><W29/><G29/><T107/><D123/><U72/><E37/><V69/><F69/><W17/><G4/><T18/><D121/><U5/><E5/><V61/><F61/><W98/><G81/><T16/><D18/><U113/><E113/><V132/><F132/><W125/><G125/><T63/><D16/><U40/><E48/><V99/><AGARI ba="1,1" hai="47,51,55,58,60,67,76,77,82,84,88,96,97,99" machi="99" ten="30,11700,0" yaku="1,1,0,1,8,1,54,1,53,0" doraHai="8" doraHaiUra="19" who="2" fromWho="2" sc="234,-40,235,-40,288,130,233,-40" /><INIT seed="2,2,0,4,5,68" ten="194,195,418,193" oya="2" hai0="57,87,56,13,66,133,27,89,14,114,91,121,19" hai1="34,75,78,90,109,12,69,44,52,116,37,20,11" hai2="134,112,103,130,63,120,48,39,115,73,84,9,7" hai3="26,128,25,102,117,6,60,41,110,22,101,72,118"/><V105/><F120/><W93/><G72/><T21/><D121/><U131/><E116/><V119/><F119/><W2/><G110/><T67/><D114/><U24/><E34/><V64/><F84/><W71/><G26/><T65/><D133/><U35/><E35/><V127/><F48/><W49/><G6/><T96/><D96/><U45/><E109/><V85/><F85/><W58/><G2/><T30/><D14/><U46/><E131/><V54/><F54/><W3/><G3/><T95/><REACH who="0" step="1"/><D89/><REACH who="0" ten="184,195,418,193" step="2"/><U43/><E90/><V92/><F134/><W55/><G118/><T42/><D42/><U33/><E43/><V132/><F132/><W0/><G0/><T53/><D53/><U38/><E52/><V83/><F115/><W18/><G117/><T17/><D17/><U123/><E123/><V100/><F112/><W10/><G128/><T104/><D104/><U15/><E15/><V129/><F105/><W1/><G1/><T99/><D99/><U51/><E12/><V50/><F130/><W70/><G10/><AGARI ba="2,1" hai="10,13,19,21,27,30,56,57,65,66,67,87,91,95" machi="10" ten="40,2600,0" yaku="1,1,8,1,53,0" doraHai="68" doraHaiUra="47" who="0" fromWho="3" sc="184,42,195,0,418,0,193,-32" /><INIT seed="3,0,0,5,4,69" ten="226,195,418,161" oya="3" hai0="80,50,113,117,101,43,59,67,10,63,36,32,16" hai1="75,115,44,92,98,34,118,51,119,109,52,74,48" hai2="27,4,40,2,56,38,105,12,13,116,49,127,79" hai3="3,125,133,100,53,71,70,47,97,1,106,86,85"/><W0/><G133/><T60/><D117/><N who="1" m="44555" /><E109/><V24/><F12/><W103/><G125/><T33/><D113/><U30/><E115/><V31/><F13/><W54/><G47/><N who="0" m="25983" /><D36/><U88/><E48/><V25/><F27/><AGARI ba="0,0" hai="27,30,34,44,51,52,74,75,88,92,98" m="44555" machi="27" ten="30,3900,0" yaku="12,1,54,2" doraHai="69" who="1" fromWho="2" sc="226,0,195,39,418,-39,161,0" owari="226,-17.4,234,3.4,379,47.9,161,-33.9" /></mjloggm>