<mjloggm ver="2.3"><GO type="225" lobby="0"/><UN n0="%E3%81%8A%E3%81%8B%E3%81%8F%E3%82%89" n1="%E3%81%AF%E3%82%88%E3%81%8A%E3%81%98%E3%81%95%E3%82%93" n2="%E9%80%9F%E6%B0%B4%E5%87%9B%E9%A6%99" n3="%E3%83%AD%E3%83%83%E3%83%86%E9%9B%80%E7%90%83" dan="16,16,16,17" rate="2060.36,2165.75,2092.66,2199.51" sx="M,M,F,M"/><TAIKYOKU oya="0"/><INIT seed="0,0,0,0,4,52" ten="250,250,250,250" oya="0" hai0="29,43,50,89,60,24,77,132,101,100,82,99,22" hai1="56,20,45,9,38,96,127,106,75,6,94,51,61" hai2="39,128,15,41,13,26,84,125,11,108,92,33,95" hai3="34,25,85,23,68,76,63,112,133,40,90,28,64"/><T117/><D117/><U88/><E127/><V36/><F125/><W55/><G133/><T80/><D132/><U129/><E129/><V87/><F128/><W118/><G112/><T21/><D21/><U4/><E75/><V121/><F26/><W72/><G118/><T17/><D60/><U97/><E38/><V70/><F41/><W93/><G40/><T114/><D114/><U113/><E113/><V5/><F5/><W54/><G76/><T57/><D17/><U98/><E20/><V116/><F70/><W131/><G72/><T104/><D101/><U44/><E106/><V49/><F49/><W107/><G131/><T53/><D89/><U124/><E124/><V47/><F47/><N who="1" m="17993" /><E51/><V119/><F11/><W14/><G14/><T109/><D43/><U69/><E69/><V19/><F33/><W46/><G46/><T81/><REACH who="0" step="1"/><D109/><REACH who="0" ten="240,250,250,250" step="2"/><U10/><E10/><V115/><F115/><W32/><G32/><T37/><D37/><U12/><E4/><V123/><REACH who="2" step="1"/><F19/><REACH who="2" ten="240,250,240,250" step="2"/><W67/><G34/><T73/><AGARI ba="0,2" hai="22,24,29,50,53,57,73,77,80,81,82,99,100,104" machi="73" ten="20,7800,0" yaku="1,1,0,1,7,1,52,1,53,0" doraHai="52" doraHaiUra="59" who="0" fromWho="0" sc="240,98,250,-26,240,-26,250,-26" /><INIT seed="0,1,0,2,3,124" ten="338,224,214,224" oya="0" hai0="81,92,24,0,103,105,79,65,18,41,73,91,59" hai1="39,21,8,47,86,126,70,23,61,15,95,45,49" hai2="118,109,53,51,56,104,117,112,82,14,129,27,121" hai3="132,76,40,62,33,96,20,130,35,78,42,17,75"/><T11/><D41/><U127/><E39/><V10/><F104/><W31/><G62/><T22/><D0/><U52/><E47/><V58/><F112/><W110/><G110/><T108/><D108/><U43/><E95/><V54/><F109/><W38/><G132/><T1/><D65/><U50/><E86/><V115/><F115/><W67/><G67/><T57/><D11/><U26/><E50/><V102/><F102/><W125/><G125/><N who="1" m="47626" /><E26/><V98/><F98/><W97/><G38/><T64/><D1/><U114/><E114/><V60/><F27/><W3/><G3/><T107/><D64/><N who="1" m="41231" /><E43/><V83/><F121/><W113/><G113/><T84/><D107/><U128/><E128/><V5/><REACH who="2" step="1"/><F129/><REACH who="2" ten="338,224,204,224" step="2"/><W74/><G130/><T28/><D105/><U106/><E106/><V93/><F93/><W123/><G123/><T55/><D103/><U69/><E69/><V4/><F4/><AGARI ba="1,1" hai="4,8,15,21,23,45,49,52" m="41231,47626" machi="4" ten="30,2000,0" yaku="18,1,54,1" doraHai="124" who="1" fromWho="2" sc="338,0,224,33,204,-23,224,0" /><INIT seed="1,0,0,4,3,54" ten="338,257,181,224" oya="1" hai0="8,87,112,98,83,93,30,26,115,73,55,61,63" hai1="68,97,128,40,125,71,38,23,124,70,19,37,72" hai2="76,94,50,130,135,108,22,45,18,88,81,85,111" hai3="7,9,15,17,13,62,116,66,64,51,79,11,101"/><U59/><E72/><V103/><F135/><W57/><G116/><T0/><D73/><U2/><E2/><V53/><F130/><W4/><G101/><T96/><D96/><U34/><E34/><V43/><F103/><W58/><G79/><T32/><D8/><U41/><E97/><V133/><F133/><W16/><G51/><T114/><D0/><U91/><E91/><V56/><F76/><W1/><G1/><T126/><D55/><U52/><E23/><V102/><F102/><W65/><G62/><T84/><D126/><N who="1" m="48747" /><E19/><AGARI ba="0,0" hai="4,7,9,11,13,15,16,17,19,57,58,64,65,66" machi="19" ten="40,8000,1" yaku="9,1,8,1,52,2,54,1" doraHai="54" who="3" fromWho="1" sc="338,0,257,-80,181,0,224,80" /><INIT seed="2,0,0,2,2,22" ten="338,177,181,304" oya="2" hai0="87,85,33,110,31,79,59,127,46,23,88,115,56" hai1="130,116,1,48,118,133,26,114,27,44,92,62,12" hai2="34,112,89,38,8,120,67,97,37,6,119,47,25" hai3="36,99,19,45,60,70,108,65,129,17,124,54,74"/><V100/><F120/><W39/><G74/><T131/><D110/><U103/><E114/><V4/><F119/><W113/><G108/><T10/><D33/><U105/><E1/><V121/><F112/><W73/><G73/><T78/><D46/><U49/><E105/><V24/><F121/><W63/><G113/><T90/><D10/><U126/><E118/><V3/><F89/><W123/><G124/><T21/><D115/><U134/><E116/><V106/><F34/><W68/><G129/><T58/><D31/><U117/><E117/><V91/><F91/><W69/><G99/><T107/><D56/><U15/><E130/><V75/><F75/><W52/><G17/><T96/><D107/><U64/><E126/><V109/><F109/><W132/><G19/><T43/><D43/><U9/><E92/><V29/><F29/><W20/><G20/><T32/><D32/><U42/><E49/><V95/><F106/><W40/><G132/><N who="1" m="50794" /><E103/><V50/><F67/><N who="3" m="41063" /><G123/><T2/><D2/><U122/><E122/><V84/><F84/><W128/><G128/><T41/><D41/><U57/><E12/><V81/><F81/><W35/><G35/><T80/><D127/><U55/><E64/><V53/><REACH who="2" step="1"/><F6/><AGARI ba="0,0" hai="6,9,15,26,27,42,44,48,55,57,62" m="50794" machi="6" ten="30,3900,0" yaku="20,1,52,2" doraHai="22" who="1" fromWho="2" sc="338,0,177,39,181,-39,304,0" /><INIT seed="3,0,0,2,0,28" ten="338,216,142,304" oya="3" hai0="101,41,126,105,65,132,110,48,11,50,58,66,10" hai1="9,31,13,52,114,103,47,120,118,92,4,40,60" hai2="16,85,72,49,29,133,68,26,45,109,123,64,84" hai3="106,44,38,89,99,8,98,34,61,82,78,115,2"/><W125/><G115/><T23/><D126/><U116/><E120/><V113/><F72/><N who="3" m="43335" /><G125/><T53/><D132/><U88/><E114/><V3/><F113/><W20/><G20/><T55/><D41/><U56/><E31/><V97/><F3/><W25/><G61/><T93/><D105/><U39/><REACH who="1" step="1"/><E103/><REACH who="1" ten="338,206,142,304" step="2"/><V77/><F109/><W112/><G112/><T51/><D101/><U19/><E19/><V42/><F133/><W36/><G89/><T117/><D110/><U81/><E81/><V59/><F123/><W121/><G121/><T79/><D79/><U24/><E24/><V111/><F111/><W83/><G83/><T129/><D117/><U14/><E14/><V108/><F108/><W17/><G17/><T90/><D90/><U37/><E37/><V76/><F76/><W130/><G130/><T67/><D129/><U87/><AGARI ba="0,1" hai="4,9,13,39,40,47,52,56,60,87,88,92,116,118" machi="87" ten="30,7900,0" yaku="1,1,0,1,54,2,53,0" doraHai="28" doraHaiUra="75" who="1" fromWho="1" sc="338,-20,206,89,142,-20,304,-39" owari="318,41.8,295,9.5,122,-37.8,265,-13.5" /></mjloggm>