<mjloggm ver="2.3"><GO type="225" lobby="0"/><UN n0="%E3%83%B4%E3%83%A0%EF%BC%99%E3%81%A6" n1="%E3%81%B8%E3%82%80%E3%81%B8%E3%82%80%EF%BC%92%E5%8F%B7" n2="%65%6B%61%72%75%74%65" n3="%E9%B3%B3%E6%9D%B1%E3%81%AE%E3%81%86%E3%81%95%E3%81%8E%E3%81%95%E3%82%93" dan="17,16,16,17" rate="2184.19,2094.60,2185.05,2272.87" sx="M,M,M,M"/><TAIKYOKU oya="0"/><INIT seed="0,0,0,4,2,135" ten="250,250,250,250" oya="0" hai0="30,100,10,23,59,119,126,7,66,125,55,17,44" hai1="72,85,14,94,128,108,61,114,38,111,63,46,32" hai2="133,39,113,64,41,123,1,20,47,77,19,107,131" hai3="35,101,78,33,11,130,68,58,26,21,16,65,93"/><T115/><D119/><U96/><E32/><V40/><F123/><W121/><G121/><T76/><D115/><U56/><E72/><V105/><F113/><W120/><G120/><T62/><D30/><U74/><E74/><V91/><F1/><W84/><G68/><T71/><D76/><U92/><E114/><V88/><F64/><W60/><G130/><T37/><D100/><U51/><E38/><V9/><F9/><W15/><G78/><T69/><D44/><U57/><E14/><V4/><F4/><W79/><G79/><T3/><D37/><U109/><E85/><V117/><F77/><W110/><G110/><T42/><D42/><N who="1" m="25047" /><E128/><V2/><F2/><W70/><G70/><T75/><D75/><U18/><E18/><V8/><F8/><W27/><G27/><N who="0" m="14831" /><D66/><N who="1" m="39207" /><E96/><V28/><F28/><N who="3" m="17487" /><G84/><T45/><D45/><U106/><E106/><V118/><F131/><W95/><G93/><T34/><D34/><U124/><E124/><AGARI ba="0,0" hai="3,7,10,55,59,62,69,71,124,125,126" m="14831" machi="124" ten="30,11600,0" yaku="18,1,52,3" doraHai="135" who="0" fromWho="1" sc="250,116,250,-116,250,0,250,0" /><INIT seed="0,1,0,4,5,110" ten="366,134,250,250" oya="0" hai0="53,55,29,92,57,21,104,70,94,89,72,34,44" hai1="41,65,100,125,25,1,123,122,77,107,130,61,91" hai2="131,24,4,117,5,66,7,22,119,90,133,80,134" hai3="75,51,129,112,127,0,9,82,63,98,60,85,115"/><T132/><D104/><U13/><E1/><V14/><F66/><W86/><G51/><T27/><D70/><U15/><E41/><V40/><F40/><W99/><G0/><T39/><D72/><U8/><E125/><V18/><F90/><W6/><G63/><T50/><D132/><N who="2" m="50794" /><F80/><W88/><G9/><T106/><D106/><U68/><E130/><V38/><F38/><W87/><G6/><N who="2" m="2665" /><F131/><W135/><G60/><T30/><D39/><U19/><E91/><V26/><F7/><W102/><G127/><T47/><D47/><U23/><E77/><V78/><F78/><N who="3" m="44383" /><G135/><T42/><D42/><U33/><E15/><V56/><F56/><W101/><G129/><T69/><D69/><U118/><E118/><AGARI ba="1,0" hai="14,18,22,24,26,117,118,119" m="2665,50794" machi="118" ten="30,7700,0" yaku="12,1,20,1,34,2" doraHai="110" who="2" fromWho="1" sc="366,0,134,-80,250,80,250,0" /><INIT seed="1,0,0,4,0,66" ten="366,54,330,250" oya="1" hai0="7,22,5,88,95,49,132,44,76,69,32,101,31" hai1="94,70,46,73,93,121,83,85,1,61,80,130,6" hai2="75,29,45,103,72,38,114,30,68,37,13,64,123" hai3="128,9,16,50,74,10,26,111,47,43,108,97,71"/><U2/><E121/><V118/><F118/><W131/><G74/><T53/><D32/><U119/><E119/><V18/><F123/><W0/><G97/><T39/><D132/><U125/><E125/><V115/><F103/><W11/><G0/><T54/><D39/><N who="2" m="14858" /><F45/><W34/><G71/><T20/><D69/><U79/><E130/><N who="3" m="49706" /><G34/><T133/><D101/><U110/><E46/><V100/><F100/><W17/><G26/><N who="0" m="16839" /><D76/><U41/><E41/><V24/><F64/><W99/><G99/><N who="0" m="57831" /><D133/><U65/><E110/><AGARI ba="0,0" hai="9,10,11,16,17,43,47,50,108,110,111" m="49706" machi="110" ten="40,5200,0" yaku="14,1,19,1,54,1" doraHai="66" who="3" fromWho="1" sc="366,0,54,-52,330,0,250,52" /><INIT seed="2,0,0,3,4,110" ten="366,2,330,302" oya="2" hai0="116,64,113,86,117,15,14,29,67,76,66,2,56" hai1="62,80,92,42,57,115,65,125,36,112,132,50,46" hai2="70,16,88,72,121,126,41,77,24,118,82,73,94" hai3="100,133,19,134,69,43,91,97,127,17,71,119,103"/><V53/><F118/><N who="0" m="45674" /><D2/><U68/><E92/><V124/><F121/><W7/><G119/><T27/><D56/><U4/><E80/><V75/><F53/><W18/><G7/><T130/><D130/><U123/><E4/><V47/><F70/><N who="3" m="26635" /><G91/><T52/><D52/><N who="1" m="31895" /><E123/><V122/><F122/><W105/><G43/><T31/><D113/><N who="1" m="43595" /><E132/><N who="3" m="50794" /><G127/><AGARI ba="0,0" hai="36,42,46,62,65,68,125,127" m="43595,31895" machi="127" ten="30,12000,2" yaku="24,1,34,2,52,3,54,1" doraHai="110" who="1" fromWho="3" sc="366,0,2,120,330,0,302,-120" /><INIT seed="3,0,0,5,4,90" ten="366,122,330,182" oya="3" hai0="12,49,101,27,4,110,119,48,44,83,127,122,57" hai1="9,61,52,84,74,64,78,20,81,19,23,46,130" hai2="55,89,22,43,120,72,93,62,76,14,2,80,29" hai3="92,34,113,126,3,10,28,33,69,99,73,41,121"/><W5/><G113/><T56/><D122/><U8/><E130/><V85/><F2/><W45/><G121/><T124/><D119/><U13/><E74/><V17/><F120/><W117/><G117/><T95/><D110/><U86/><E86/><V65/><F43/><W18/><G126/><N who="0" m="48171" /><D83/><U87/><E87/><V98/><F29/><W37/><G69/><T0/><D0/><U115/><E115/><V106/><F55/><W42/><G28/><T109/><D27/><U96/><E96/><V102/><F62/><W105/><G105/><T108/><D108/><U104/><E104/><V123/><F123/><W54/><G41/><N who="0" m="24591" /><D109/><U111/><E111/><V31/><F31/><W75/><G18/><T66/><D49/><U11/><E20/><V6/><F65/><W71/><G71/><T38/><D38/><U79/><E79/><V26/><F6/><W39/><G39/><T100/><D95/><U1/><E1/><V60/><F60/><W91/><REACH who="3" step="1"/><G54/><REACH who="3" ten="366,122,330,172" step="2"/><T129/><D129/><U21/><E21/><V82/><F106/><W63/><G63/><N who="0" m="38247" /><D57/><U134/><E134/><V128/><F128/><W97/><G97/><T32/><D32/><AGARI ba="0,1" hai="3,5,10,32,33,34,37,42,45,73,75,91,92,99" machi="32" ten="40,3900,0" yaku="1,1,52,1,53,0" doraHai="90" doraHaiUra="16" who="3" fromWho="0" sc="366,-39,122,0,330,0,172,49" /><INIT seed="3,1,0,0,0,82" ten="327,122,330,221" oya="3" hai0="108,30,11,22,23,94,71,93,6,132,118,115,8" hai1="58,81,134,62,95,53,123,91,135,68,84,100,27" hai2="48,104,117,129,7,41,111,86,55,65,47,40,33" hai3="74,78,0,77,72,131,49,21,102,45,56,69,5"/><W14/><G69/><T133/><D118/><U1/><E123/><V57/><F117/><W125/><G0/><N who="0" m="71" /><D71/><U76/><E1/><V109/><F104/><W26/><G131/><T106/><D106/><U126/><E126/><V64/><F33/><W34/><G125/><T9/><D108/><N who="2" m="41546" /><F129/><W46/><G34/><T128/><D128/><U29/><E68/><V89/><F7/><W87/><G102/><T12/><D11/><U113/><E100/><V17/><F17/><N who="3" m="12591" /><G72/><T107/><D107/><U38/><E38/><N who="2" m="21911" /><F41/><N who="3" m="24751" /><G74/><T90/><D115/><U110/><E113/><V28/><F28/><W70/><G70/><T66/><D66/><U25/><E110/><V20/><F20/><N who="0" m="7722" /><D90/><U130/><E130/><V101/><F101/><W19/><G5/><N who="0" m="3119" /><D30/><U75/><REACH who="1" step="1"/><E29/><REACH who="1" ten="327,112,330,221" step="2"/><V54/><F55/><W52/><G52/><T15/><D15/><U2/><E2/><V36/><F36/><W61/><G14/><T79/><D79/><U105/><E105/><V32/><F32/><W98/><G78/><T39/><D39/><U51/><E51/><V63/><F48/><W122/><G122/><T4/><D4/><U43/><E43/><V127/><F127/><W59/><G77/><T16/><D16/><U24/><AGARI ba="1,1" hai="24,25,27,53,58,62,75,76,81,84,91,95,134,135" machi="24" ten="30,4000,0" yaku="1,1,0,1,52,1,53,0" doraHai="82" doraHaiUra="35" who="1" fromWho="1" sc="327,-11,112,53,330,-11,221,-21" owari="316,11.6,165,-33.5,319,41.9,200,-20.0" /></mjloggm>