<mjloggm ver="2.3"><GO type="225" lobby="0"/><UN n0="%E3%83%97%E3%83%AC%E3%83%B4%E3%82%A1%E3%83%86%E3%82%A3" n1="%E3%81%82%E3%81%99%E3%81%AB%E3%82%83%E3%82%80" n2="%77%72%77%72%77%72%77%72" n3="%E3%81%A8%E3%82%93%E3%81%A8%E3%81%93%E3%81%A8%E3%82%93" dan="16,16,16,16" rate="2114.51,2131.17,2174.68,2105.98" sx="F,F,M,F"/><TAIKYOKU oya="0"/><INIT seed="0,0,0,1,5,68" ten="250,250,250,250" oya="0" hai0="35,43,99,51,0,29,55,17,74,37,117,106,44" hai1="26,123,130,83,71,59,75,22,53,72,45,77,27" hai2="104,133,16,85,87,86,38,84,90,97,63,110,50" hai3="65,8,41,58,36,96,2,40,103,32,121,33,81"/><T14/><D117/><U10/><E71/><V79/><F38/><W61/><G121/><T98/><D74/><U125/><E123/><V100/><F63/><W66/><G66/><T48/><D0/><U20/><E130/><V39/><F39/><W13/><G2/><T30/><D51/><U94/><E45/><V128/><F50/><W131/><G81/><T101/><D99/><U69/><E69/><V64/><F64/><W4/><G131/><T57/><REACH who="0" step="1"/><D35/><REACH who="0" ten="240,250,250,250" step="2"/><U15/><E75/><V95/><F128/><W126/><G33/><T31/><D31/><U67/><E72/><V93/><F133/><W112/><G32/><T19/><D19/><U54/><E125/><V119/><F16/><W5/><G96/><T118/><D118/><U111/><E111/><V109/><F119/><W107/><G126/><T6/><D6/><U3/><E3/><V127/><F127/><W25/><G4/><T21/><AGARI ba="0,1" hai="14,17,21,29,30,37,43,44,48,55,57,98,101,106" machi="21" ten="20,7800,0" yaku="1,1,0,1,7,1,52,1,53,0" doraHai="68" doraHaiUra="89" who="0" fromWho="0" sc="240,88,250,-26,250,-26,250,-26" /><INIT seed="0,1,0,4,3,83" ten="328,224,224,224" oya="0" hai0="53,76,111,11,64,118,120,25,18,31,130,13,37" hai1="93,134,84,82,97,86,24,21,12,81,61,87,41" hai2="129,57,48,47,100,80,14,15,131,32,33,99,101" hai3="112,6,65,55,20,75,70,104,85,103,115,30,10"/><T69/><D118/><U19/><E134/><V58/><F80/><N who="1" m="30825" /><E41/><V51/><F99/><W68/><G75/><T106/><D120/><U88/><E61/><V56/><F56/><W102/><G55/><T133/><D76/><U71/><E71/><V124/><REACH who="2" step="1"/><F47/><REACH who="2" ten="328,224,214,224" step="2"/><W117/><G70/><T27/><D133/><U67/><E67/><V35/><F35/><W114/><G68/><T45/><D69/><U126/><E126/><AGARI ba="1,1" hai="14,15,32,33,48,51,57,58,100,101,124,126,129,131" machi="126" ten="25,3200,0" yaku="1,1,22,2,53,0" doraHai="83" doraHaiUra="72" who="2" fromWho="1" sc="328,0,224,-35,214,45,224,0" /><INIT seed="1,0,0,3,3,125" ten="328,189,259,224" oya="1" hai0="50,115,104,80,103,109,94,135,79,117,43,15,0" hai1="57,37,30,51,41,132,19,126,118,55,47,67,66" hai2="36,95,53,12,10,127,88,40,9,11,58,33,124" hai3="49,128,17,48,89,21,99,35,24,8,129,72,39"/><U107/><E107/><V42/><F33/><W76/><G39/><T29/><D115/><U25/><E118/><V91/><F36/><W81/><G35/><T106/><D117/><U31/><E126/><N who="2" m="48171" /><F12/><W116/><G116/><T26/><D0/><U131/><E132/><V18/><F18/><W82/><G8/><T112/><D112/><U84/><E131/><N who="3" m="50250" /><G99/><T90/><D135/><U108/><E108/><V44/><F44/><W68/><G68/><T7/><D109/><U46/><E84/><AGARI ba="0,0" hai="17,21,24,48,49,72,76,81,82,84,89" m="50250" machi="84" ten="30,7700,0" yaku="19,1,52,3" doraHai="125" who="3" fromWho="1" sc="328,0,189,-77,259,0,224,77" /><INIT seed="2,0,0,4,5,57" ten="328,112,259,301" oya="2" hai0="44,3,52,4,98,133,6,40,2,50,84,117,94" hai1="97,79,100,41,46,87,9,12,81,1,112,124,11" hai2="95,90,106,82,91,43,77,105,18,96,32,115,101" hai3="51,61,17,127,89,80,83,0,70,130,107,26,109"/><V31/><F43/><W25/><G0/><T10/><D133/><U92/><E112/><V8/><F32/><W74/><G107/><N who="2" m="40969" /><F18/><W30/><G109/><T27/><D117/><U48/><E124/><V102/><F8/><W131/><G127/><T47/><D27/><U66/><E9/><V108/><F31/><W55/><G17/><T16/><D84/><U135/><E1/><V19/><F19/><W35/><G25/><T71/><D71/><U111/><E111/><V88/><F115/><W110/><G110/><T120/><D120/><U34/><E34/><V86/><F108/><W20/><G35/><T122/><D122/><U103/><E135/><V7/><F7/><W73/><G89/><AGARI ba="0,0" hai="77,82,86,88,89,90,91,95,96,101,102" m="40969" machi="89" ten="30,18000,2" yaku="35,5,54,1" doraHai="57" who="2" fromWho="3" sc="328,0,112,0,259,180,301,-180" /><INIT seed="2,1,0,5,5,40" ten="328,112,439,121" oya="2" hai0="39,22,132,65,129,93,2,10,5,47,94,37,23" hai1="74,21,27,98,103,88,0,51,99,32,104,85,53" hai2="30,125,111,17,107,36,24,90,9,105,119,120,117" hai3="83,48,57,126,134,101,91,31,75,6,38,95,67"/><V115/><F115/><W112/><G38/><T49/><D129/><U124/><E74/><V58/><F120/><W69/><G112/><T73/><D132/><U114/><E114/><V50/><F36/><W34/><G134/><T43/><D65/><U61/><E124/><V33/><F125/><W7/><G126/><T13/><D39/><U66/><E0/><V82/><F111/><W109/><G69/><T100/><D100/><U26/><E32/><V110/><F110/><W42/><G101/><T87/><D73/><U77/><E77/><V28/><F28/><W102/><G102/><T41/><D2/><U135/><E99/><V133/><F133/><W29/><G109/><T35/><D35/><U81/><E21/><V123/><F123/><W62/><G75/><T128/><D128/><U44/><REACH who="1" step="1"/><E135/><REACH who="1" ten="328,102,439,121" step="2"/><V89/><F33/><W113/><G113/><T92/><REACH who="0" step="1"/><D87/><REACH who="0" ten="318,102,439,121" step="2"/><U20/><E20/><V84/><F84/><N who="3" m="52711" /><G34/><T55/><D55/><U52/><E52/><V131/><F131/><W116/><G116/><T122/><D122/><U64/><E64/><V76/><F119/><W1/><G1/><T130/><D130/><U54/><E54/><V12/><F117/><W18/><G67/><T3/><D3/><U108/><E108/><V14/><F107/><W70/><G42/><T56/><D56/><AGARI ba="1,2" hai="26,27,44,51,53,56,61,66,81,85,88,98,103,104" machi="56" ten="30,8000,1" yaku="1,1,7,1,52,1,54,1,53,1" doraHai="40" doraHaiUra="46" who="1" fromWho="0" sc="318,-83,102,103,439,0,121,0" /><INIT seed="3,0,0,4,3,43" ten="235,205,439,121" oya="3" hai0="116,23,133,73,2,90,52,61,117,26,89,80,33" hai1="107,31,9,67,50,58,85,77,79,135,21,87,29" hai2="130,60,6,27,42,71,22,70,125,49,45,24,53" hai3="84,54,111,46,35,81,96,97,83,91,57,32,48"/><W13/><G111/><T129/><D2/><U115/><E107/><V5/><F130/><W36/><G13/><T103/><D129/><U92/><E115/><V34/><F125/><W25/><G81/><T122/><D122/><U98/><E9/><V44/><F34/><W119/><G119/><T74/><D33/><U123/><E135/><V28/><F27/><W68/><G68/><T8/><D133/><U51/><E51/><V75/><F75/><W78/><G97/><T93/><D8/><U16/><E87/><V124/><F124/><W56/><G56/><N who="0" m="34951" /><D116/><U134/><E123/><V14/><F71/><W12/><G12/><T1/><D1/><U100/><E85/><V11/><F70/><W72/><G96/><N who="0" m="57391" /><D117/><U128/><E128/><V41/><F41/><W131/><G131/><T20/><D20/><U106/><E106/><V7/><F60/><W10/><G10/><T3/><D3/><U82/><E82/><V95/><F95/><W101/><G101/><T121/><D121/><U126/><E126/><V47/><F42/><N who="3" m="22855" /><G25/><T94/><D80/><U127/><E127/><V76/><F76/><W40/><G40/><T38/><D38/><U18/><E79/><V105/><F105/><W0/><G0/><T17/><D103/><U19/><E77/><V104/><F104/><W113/><G113/><T63/><D63/><N who="1" m="38391" /><E134/><V65/><F65/><W109/><G109/><T108/><D108/><U55/><E21/><V4/><AGARI ba="0,0" hai="4,5,6,7,11,14,22,24,28,44,45,47,49,53" machi="4" ten="30,8000,1" yaku="0,1,8,1,52,3" doraHai="43" who="2" fromWho="2" sc="235,-20,205,-20,439,80,121,-40" owari="215,1.5,185,-21.5,519,61.9,81,-41.9" /></mjloggm>