<mjloggm ver="2.3"><GO type="225" lobby="0"/><UN n0="%E5%82%8D%E8%8B%A5%E7%84%A1%E4%BA%BA%35%31" n1="%E3%83%9D%E3%83%B3%E3%83%9D%E3%82%B3%E5%95%86%E4%BA%8B" n2="%E9%89%A2%E5%B7%BB%E3%82%AC%E3%83%96" n3="%E6%A1%9C%E8%8A%B1%E9%96%83%E3%80%85" dan="16,16,16,17" rate="2073.92,2109.32,2071.11,2150.54" sx="M,M,M,M"/><TAIKYOKU oya="0"/><INIT seed="0,0,0,0,0,76" ten="250,250,250,250" oya="0" hai0="18,0,10,71,109,96,121,48,75,36,31,5,62" hai1="132,16,25,29,27,28,15,49,99,32,13,34,68" hai2="90,39,50,66,104,14,47,93,43,88,84,87,118" hai3="122,100,108,117,64,30,9,123,82,115,80,128,126"/><T57/><D121/><N who="3" m="46089" /><G115/><T2/><D36/><U65/><E65/><V51/><F104/><W97/><G117/><T116/><D116/><U86/><E68/><V67/><F118/><W131/><G108/><T112/><D112/><U26/><E49/><V69/><F69/><W129/><G126/><T33/><D75/><U134/><E86/><V85/><F39/><W44/><G64/><T22/><D2/><U38/><E99/><V8/><F51/><W6/><G30/><T41/><D71/><U40/><E40/><V119/><F119/><W95/><G44/><T63/><D109/><U94/><E94/><V21/><F21/><W23/><G23/><T46/><D96/><U106/><E106/><V130/><F130/><W74/><G74/><T59/><D31/><N who="1" m="11851" /><E38/><V60/><F60/><W78/><G78/><T124/><D33/><N who="1" m="12907" /><E16/><N who="2" m="8263" /><F85/><W45/><G45/><T3/><D124/><U83/><E83/><AGARI ba="0,0" hai="43,47,50,66,67,83,84,87,88,90,93" m="8263" machi="83" ten="30,7700,0" yaku="8,1,52,1,54,2" doraHai="76" who="2" fromWho="1" sc="250,0,250,-77,250,77,250,0" /><INIT seed="1,0,0,3,2,129" ten="250,173,327,250" oya="1" hai0="88,81,89,38,105,8,56,132,65,72,68,5,57" hai1="18,109,28,114,120,37,117,49,69,122,121,113,108" hai2="61,51,119,21,78,93,116,71,130,123,14,133,125" hai3="2,29,9,77,90,118,54,0,34,102,106,95,99"/><U96/><E96/><V23/><F123/><W70/><G118/><T128/><D105/><U12/><E37/><V13/><F130/><W107/><G107/><T36/><D68/><U80/><E80/><V25/><F78/><W62/><G77/><T32/><D32/><U3/><E69/><V50/><F71/><W66/><G54/><T98/><D128/><U47/><E28/><V112/><F61/><W79/><G9/><T83/><D65/><U27/><E27/><V26/><F93/><W1/><G79/><T20/><D20/><U127/><E3/><V94/><F94/><W43/><G43/><T48/><D48/><U59/><E59/><V86/><F86/><N who="3" m="52695" /><G0/><T40/><D8/><U92/><E92/><V44/><F44/><W24/><AGARI ba="0,0" hai="1,2,24,29,34,62,66,70,99,102,106" m="52695" machi="24" ten="30,1100,0" yaku="25,1" doraHai="129" who="3" fromWho="3" sc="250,-3,173,-5,327,-3,250,11" /><INIT seed="2,0,0,5,1,43" ten="247,168,324,261" oya="2" hai0="115,106,128,57,101,89,24,91,114,80,10,22,85" hai1="123,113,111,23,119,61,96,107,36,110,55,51,76" hai2="41,103,130,125,118,134,73,100,25,34,62,47,29" hai3="48,14,31,116,86,30,77,54,72,35,20,133,93"/><V83/><F118/><W105/><G116/><T102/><D128/><U87/><E36/><V11/><F130/><W104/><G35/><T19/><D106/><U6/><E119/><V28/><F125/><W44/><G72/><T120/><D120/><U81/><E123/><V52/><F134/><W26/><G133/><T46/><D57/><U39/><E39/><V97/><F29/><W78/><G104/><T1/><D91/><U17/><E6/><V50/><F11/><W38/><G105/><T84/><D85/><U121/><E121/><V117/><F117/><W70/><G70/><T5/><REACH who="0" step="1"/><D46/><REACH who="0" ten="237,168,324,261" step="2"/><U79/><E113/><AGARI ba="0,1" hai="1,5,10,19,22,24,80,84,89,101,102,113,114,115" machi="113" ten="40,2600,0" yaku="1,1,2,1,53,0" doraHai="43" doraHaiUra="95" who="0" fromWho="1" sc="237,36,168,-26,324,0,261,0" /><INIT seed="3,0,0,2,2,10" ten="273,142,324,261" oya="3" hai0="48,91,42,60,88,106,107,115,19,52,131,97,69" hai1="7,21,82,70,22,101,95,64,62,99,94,23,96" hai2="4,118,134,132,15,133,34,110,35,93,117,79,32" hai3="45,75,86,127,39,13,114,67,120,65,43,135,2"/><W9/><G114/><T92/><D131/><U116/><E116/><N who="2" m="44651" /><F110/><W14/><G120/><T73/><D73/><U8/><E82/><V24/><F79/><W84/><G75/><T38/><D115/><U63/><E70/><V76/><F76/><W112/><G112/><T89/><D19/><U5/><E64/><N who="3" m="24650" /><G2/><T49/><D69/><U102/><REACH who="1" step="1"/><E8/><REACH who="1" ten="273,132,324,261" step="2"/><N who="2" m="4487" /><F93/><W130/><G130/><T111/><D111/><U27/><E27/><AGARI ba="0,1" hai="24,27,32,34,35,132,133,134" m="4487,44651" machi="27" ten="50,8000,1" yaku="20,1,34,2,52,1" doraHai="10" who="2" fromWho="1" sc="273,0,132,-80,324,90,261,0" owari="273,7.3,52,-44.8,414,51.4,261,-13.9" /></mjloggm>