<mjloggm ver="2.3"><GO type="225" lobby="0"/><UN n0="%E3%81%B5%E3%81%98%E3%81%8B%E3%81%A4" n1="%E5%B0%8F%E9%B3%A5%E9%81%8A%E7%B7%B4%E7%84%A1%32%31%E6%AD%B3" n2="%72%65%6E%6B%75%6E" n3="%E4%BA%95%E5%B8%AF" dan="16,16,17,16" rate="2201.19,2149.55,2208.89,2064.56" sx="M,F,M,M"/><TAIKYOKU oya="0"/><INIT seed="0,0,0,0,0,6" ten="250,250,250,250" oya="0" hai0="111,2,133,77,72,42,52,116,68,125,0,85,62" hai1="75,8,33,117,82,56,91,45,71,96,106,44,17" hai2="122,26,104,1,57,29,129,43,107,118,16,88,105" hai3="4,18,83,64,48,86,123,35,40,5,46,19,37"/><T59/><D116/><U34/><E71/><V11/><F122/><W124/><G124/><T31/><D125/><U95/><E117/><V49/><F118/><W131/><G35/><T76/><D133/><U73/><E33/><V81/><F129/><W84/><G131/><T93/><D68/><U10/><E34/><V80/><F80/><W55/><G64/><T22/><D42/><U38/><E17/><V15/><F1/><W47/><G123/><T120/><D120/><U25/><E25/><V60/><F43/><W109/><G109/><T7/><D72/><U30/><E30/><V32/><F49/><W89/><G19/><T3/><D111/><U98/><E38/><V79/><F88/><W100/><G100/><T108/><D108/><U99/><E56/><V90/><F90/><W132/><G132/><T41/><D41/><U50/><E44/><V61/><REACH who="2" step="1"/><F57/><REACH who="2" ten="250,250,240,250" step="2"/><W112/><G89/><N who="0" m="53423" /><D2/><U13/><E82/><V115/><F115/><W135/><G112/><T9/><D0/><U36/><E36/><V67/><F67/><W127/><G83/><T23/><D3/><U65/><E65/><V92/><F92/><W69/><G127/><T63/><D63/><U20/><E95/><V39/><F39/><W74/><G135/><T51/><D62/><U87/><E91/><V53/><F53/><W110/><G69/><T126/><D126/><U58/><E50/><V113/><F113/><W78/><G110/><T24/><D77/><U121/><E58/><V94/><F94/><W114/><G114/><T66/><D66/><U128/><E121/><V21/><F21/><RYUUKYOKU ba="0,1" sc="250,-10,250,-10,240,30,250,-10" hai2="11,15,16,26,29,32,60,61,79,81,104,105,107" /><INIT seed="1,1,1,5,1,101" ten="240,240,270,240" oya="1" hai0="20,56,111,74,30,21,126,16,55,81,116,82,122" hai1="4,23,85,133,31,89,83,135,68,115,13,52,29" hai2="78,6,8,48,11,63,22,53,64,37,54,49,59" hai3="117,26,61,127,43,24,47,103,77,73,46,119,3"/><U18/><E68/><V109/><F109/><W40/><G3/><T104/><D116/><N who="3" m="44617" /><G127/><T35/><D111/><U88/><E115/><V79/><F37/><N who="3" m="21775" /><G61/><T112/><D112/><U102/><E102/><V1/><F22/><W58/><G58/><T2/><D2/><U114/><E114/><V38/><F38/><N who="3" m="22007" /><G103/><T39/><D39/><U121/><E4/><V130/><F130/><W132/><G132/><N who="1" m="50762" /><E121/><V134/><F134/><W95/><G95/><T94/><D122/><U72/><E89/><V105/><F105/><W15/><G15/><T131/><D104/><U71/><E72/><V92/><F92/><W50/><G50/><T62/><D74/><U87/><E85/><V9/><F1/><W96/><G96/><T17/><D131/><U76/><E76/><N who="2" m="29227" /><F6/><W7/><G7/><T84/><D126/><U36/><E36/><V86/><F86/><W120/><G120/><T42/><D84/><U128/><E128/><V41/><F49/><W65/><G65/><T113/><D113/><U107/><E107/><V44/><AGARI ba="1,1" hai="8,9,11,41,44,48,53,54,59,63,64" m="29227" machi="44" ten="30,1100,0" yaku="8,1" doraHai="101" who="2" fromWho="2" sc="240,-4,240,-6,270,24,240,-4" /><INIT seed="2,0,0,3,2,58" ten="236,234,294,236" oya="2" hai0="15,35,111,6,119,84,47,100,22,10,118,70,121" hai1="80,62,9,74,7,63,37,26,65,45,76,77,41" hai2="30,24,75,134,115,94,44,95,120,104,79,53,40" hai3="66,33,0,29,27,38,25,131,102,98,83,52,103"/><V28/><F120/><W42/><G131/><T110/><D100/><U125/><E76/><V16/><F104/><W129/><G129/><T97/><D97/><U88/><E125/><V46/><F115/><W71/><G0/><T48/><D84/><U20/><E65/><V8/><F75/><W12/><G12/><T99/><D99/><U23/><E88/><V18/><F79/><W57/><G27/><T132/><D70/><U128/><E128/><V11/><F53/><W67/><G83/><T89/><D89/><U13/><E20/><V96/><F96/><W87/><G87/><T78/><D78/><U81/><E80/><V126/><F24/><W49/><G67/><T34/><D121/><U59/><REACH who="1" step="1"/><E59/><REACH who="1" ten="236,224,294,236" step="2"/><V32/><F126/><W1/><G98/><T133/><D47/><U106/><E106/><V5/><F44/><N who="3" m="23639" /><G1/><T61/><D22/><U93/><E93/><V113/><F46/><W127/><G127/><T68/><D68/><U50/><E50/><V14/><F95/><W19/><G19/><AGARI ba="0,1" hai="7,9,13,19,23,26,37,41,45,62,63,74,77,81" machi="19" ten="30,8000,1" yaku="1,1,7,1,52,2,53,1" doraHai="58" doraHaiUra="105" who="1" fromWho="3" sc="236,0,224,90,294,0,236,-80" /><INIT seed="3,0,0,2,1,47" ten="236,314,294,156" oya="3" hai0="96,85,110,89,75,42,124,26,92,63,27,122,93" hai1="23,104,112,76,74,79,77,130,80,118,34,51,68" hai2="117,31,12,135,36,132,114,28,116,43,3,87,64" hai3="32,100,129,54,7,52,60,11,56,134,123,38,19"/><W69/><G123/><T121/><D110/><U40/><E34/><V119/><F3/><W8/><G129/><T95/><D75/><U25/><E68/><V45/><F114/><W107/><G134/><N who="2" m="51241" /><F64/><W53/><G69/><T55/><D124/><U126/><E112/><V58/><F58/><W37/><G32/><T2/><D2/><U33/><E33/><V24/><F24/><N who="0" m="9258" /><D122/><U35/><E35/><V17/><F87/><W88/><G38/><T111/><D111/><U125/><E104/><V108/><F108/><W115/><G37/><T67/><D67/><U48/><E40/><V91/><F91/><W84/><G115/><T44/><D121/><U73/><E118/><N who="2" m="30211" /><V109/><DORA hai="59" /><F109/><W120/><G120/><T39/><D39/><U66/><E66/><V102/><F102/><W10/><G7/><T6/><D6/><U65/><E65/><V70/><F70/><W50/><G19/><T127/><D127/><N who="1" m="48651" /><E130/><V86/><F86/><W62/><G100/><T30/><D30/><N who="1" m="17727" /><E73/><V78/><F78/><AGARI ba="0,0" hai="48,51,74,76,77,78,79,80" m="17727,48651" machi="78" ten="30,3900,0" yaku="18,1,52,2" doraHai="47,59" who="1" fromWho="2" sc="236,0,314,39,294,-39,156,0" owari="236,-16.4,353,45.3,255,5.5,156,-34.4" /></mjloggm>