<mjloggm ver="2.3"><GO type="225" lobby="0"/><UN n0="%E5%8F%AF%E5%85%90%E9%82%A3%E7%94%B1%E5%A4%9A" n1="%45%6C%79%73%69%75%6D" n2="%E6%97%A5%E6%9B%9C%E6%97%A5%E3%82%88%E3%82%8A%E3%81%AE%E4%BD%BF%E8%80%85" n3="%72%65%6E%6B%75%6E" dan="16,17,17,17" rate="2185.22,2089.53,2127.73,2280.66" sx="F,F,M,M"/><TAIKYOKU oya="0"/><INIT seed="0,0,0,0,3,113" ten="250,250,250,250" oya="0" hai0="0,118,22,62,61,30,115,121,41,69,106,107,96" hai1="84,25,132,53,23,19,24,56,45,37,71,112,126" hai2="1,15,82,32,81,76,47,74,88,114,4,21,67" hai3="98,36,135,5,63,78,31,83,133,91,10,48,46"/><T12/><D115/><U7/><E71/><V87/><F114/><W8/><G36/><T77/><D121/><U34/><E112/><V122/><F122/><W17/><G31/><T26/><D0/><U39/><E126/><V124/><F124/><W128/><G128/><T59/><D41/><U92/><E132/><N who="3" m="50762" /><G63/><T75/><D69/><U49/><E7/><V2/><F32/><W20/><G98/><T99/><D118/><U90/><E34/><V94/><F67/><W110/><G91/><T116/><D116/><U70/><E70/><V129/><F129/><W101/><G101/><T66/><D96/><U43/><REACH who="1" step="1"/><E37/><REACH who="1" ten="250,240,250,250" step="2"/><V93/><F4/><W95/><G5/><T104/><D104/><U51/><E51/><V72/><F1/><W130/><G110/><T58/><D106/><U134/><E134/><V6/><F2/><W117/><G117/><T73/><D107/><U52/><E52/><V55/><F6/><W127/><G127/><T109/><D109/><U60/><E60/><V68/><F68/><W105/><G105/><T29/><D62/><U28/><E28/><V119/><F119/><W57/><G130/><T9/><D30/><U14/><AGARI ba="0,1" hai="14,19,23,24,25,39,43,45,49,53,56,84,90,92" machi="14" ten="20,12000,2" yaku="1,1,0,1,7,1,25,2,53,1" doraHai="113" doraHaiUra="80" who="1" fromWho="1" sc="250,-60,240,130,250,-30,250,-30" /><INIT seed="1,0,0,0,3,96" ten="190,370,220,220" oya="1" hai0="22,21,62,133,10,123,15,47,122,35,34,24,127" hai1="83,25,109,116,81,38,135,73,56,119,77,69,43" hai2="98,37,57,129,88,33,104,112,134,76,19,128,5" hai3="2,12,58,36,78,74,39,4,52,16,91,70,64"/><U132/><E69/><V82/><F33/><N who="0" m="12298" /><D62/><U107/><E25/><V67/><F37/><W93/><G64/><T72/><D47/><N who="1" m="24055" /><E56/><V27/><F5/><W49/><G70/><T48/><D48/><U121/><E121/><N who="0" m="46089" /><D72/><N who="1" m="43175" /><E107/><V103/><F57/><W92/><G92/><T68/><D68/><U100/><E100/><V7/><F103/><W110/><G36/><T84/><D84/><U40/><E40/><V53/><F104/><W71/><G39/><T50/><D50/><U18/><E18/><V29/><F19/><W0/><G74/><T63/><D63/><U51/><E51/><V11/><F67/><W46/><G78/><T97/><D97/><U45/><E45/><V30/><F98/><W111/><G71/><T54/><D54/><U8/><E109/><V20/><F53/><W120/><G46/><T3/><D15/><U26/><E83/><V131/><F82/><W14/><G120/><T130/><D130/><U106/><E73/><V6/><F128/><W114/><G110/><T94/><D94/><U31/><E106/><V75/><F129/><W108/><G111/><T28/><D21/><U86/><E86/><V1/><F131/><W41/><G108/><T124/><D133/><U32/><E135/><V59/><F134/><W17/><G41/><T60/><D60/><U65/><E132/><V101/><F75/><W87/><G14/><T80/><D80/><U115/><E65/><V125/><F20/><W99/><G99/><T85/><D85/><U113/><E32/><V44/><F44/><W79/><G87/><T13/><D13/><U9/><E9/><RYUUKYOKU ba="0,0" sc="190,30,370,-10,220,-10,220,-10" hai0="3,10,22,24,28,124,127" /><INIT seed="2,1,0,1,3,133" ten="220,360,210,210" oya="2" hai0="93,110,56,25,92,107,99,98,55,118,106,75,58" hai1="61,24,6,26,89,100,13,130,23,119,19,102,105" hai2="73,16,68,20,17,38,115,52,134,69,135,84,7" hai3="11,0,65,132,36,85,27,109,59,126,2,124,48"/><V15/><F73/><W64/><G36/><T53/><D75/><U111/><E119/><V90/><F115/><W70/><G132/><N who="2" m="50729" /><F38/><W33/><G109/><T94/><D110/><U122/><E111/><V79/><F79/><W5/><G2/><T46/><D118/><U95/><E130/><V29/><F29/><N who="3" m="19647" /><G70/><T87/><D46/><U54/><E105/><V50/><F17/><W121/><G121/><T21/><D87/><U104/><E104/><V18/><F18/><W131/><G131/><T30/><D107/><U86/><E122/><V51/><F7/><W1/><G1/><T47/><D47/><U28/><E6/><V71/><F52/><N who="0" m="20042" /><D106/><U32/><E32/><V22/><F22/><W74/><G74/><T72/><D72/><U113/><E28/><V4/><F4/><W9/><G9/><T39/><D39/><U112/><E112/><V63/><F63/><W40/><G59/><AGARI ba="1,0" hai="21,25,30,56,58,59,92,93,94,98,99" m="20042" machi="59" ten="30,2000,0" yaku="8,1,54,1" doraHai="133" who="0" fromWho="3" sc="220,23,360,0,210,0,210,-23" /><INIT seed="3,0,0,0,1,120" ten="243,360,210,187" oya="3" hai0="71,15,98,7,83,33,131,38,36,78,121,9,110" hai1="103,109,119,126,93,12,56,23,132,125,61,57,47" hai2="84,62,135,75,54,43,8,20,130,21,116,51,35" hai3="1,68,37,127,111,13,3,99,50,69,124,114,31"/><W74/><G37/><T133/><D121/><U40/><E109/><V19/><F75/><W113/><G74/><T46/><D110/><U102/><E132/><V63/><F35/><W134/><G134/><T77/><D133/><U0/><E0/><N who="3" m="74" /><G31/><T39/><D33/><U22/><E12/><N who="2" m="7559" /><F135/><W89/><G111/><T18/><D71/><N who="3" m="27209" /><G13/><T49/><D98/><U2/><E93/><V44/><F116/><W14/><G14/><T85/><D78/><U95/><E95/><V32/><F32/><W122/><G122/><T17/><REACH who="0" step="1"/><D131/><REACH who="0" ten="233,360,210,187" step="2"/><U25/><E119/><V42/><F130/><W90/><G99/><T108/><D108/><U88/><E2/><V72/><F72/><W34/><G34/><T104/><D104/><U81/><E88/><N who="3" m="33898" /><G50/><T100/><D100/><U94/><E102/><V29/><F51/><W70/><N who="3" m="27217" /><W112/><AGARI ba="0,1" hai="112,113,114,124,127" m="33898,27217,74" machi="112" ten="60,12000,1" yaku="4,1,28,2,54,1" doraHai="120" who="3" fromWho="3" sc="233,-40,360,-40,210,-40,187,130" /><INIT seed="3,1,0,0,0,16" ten="193,320,170,317" oya="3" hai0="92,12,28,38,3,95,48,99,21,106,126,105,6" hai1="110,10,62,5,71,39,15,96,35,116,125,79,19" hai2="68,83,97,72,94,93,132,22,84,59,88,134,135" hai3="46,4,89,24,85,27,40,103,74,120,9,104,17"/><W76/><G120/><T58/><D38/><U44/><E110/><V114/><F114/><W47/><G74/><T87/><D126/><U73/><E125/><V60/><F68/><W90/><G104/><T111/><D111/><U102/><E35/><V7/><F72/><W18/><G103/><T117/><D117/><U69/><E116/><V37/><F37/><W30/><G4/><T78/><D3/><U67/><E79/><V43/><F43/><W26/><G30/><T63/><D48/><U31/><E31/><V80/><F7/><W0/><G0/><T66/><D6/><U98/><E73/><V121/><F121/><W124/><G124/><T42/><D42/><U113/><E113/><V33/><F33/><W108/><G108/><T115/><D115/><U11/><E71/><V131/><F22/><W50/><G46/><T77/><D106/><U81/><E81/><V133/><N who="2" m="33792" /><DORA hai="56" /><V13/><F13/><N who="3" m="7343" /><G18/><N who="0" m="10439" /><D28/><U112/><E112/><V8/><F8/><W25/><G25/><T65/><D105/><U29/><E29/><V41/><F41/><W109/><G109/><T122/><D122/><U20/><E39/><V2/><F2/><W129/><G129/><T130/><D130/><U61/><E44/><V52/><F131/><W118/><G118/><T36/><D36/><U14/><E69/><V119/><F119/><W64/><G64/><T127/><D66/><U100/><E67/><V34/><F34/><W32/><G32/><T128/><D128/><U51/><E5/><V86/><F94/><W57/><G57/><T101/><D127/><U91/><E10/><RYUUKYOKU ba="1,0" sc="193,10,320,-30,170,10,317,10" hai0="58,63,65,77,78,87,92,95,99,101" hai2="52,59,60,80,83,84,86,88,93,97" hai3="24,26,27,40,47,50,76,85,89,90" owari="203,-19.7,290,9.0,180,-32.0,327,42.7" /></mjloggm>