<mjloggm ver="2.3"><GO type="225" lobby="0"/><UN n0="%37%2F%32%E3%81%AB%E7%94%9F%E3%81%BE%E3%82%8C%E3%81%A6" n1="%6D%75%75%6D%75%72%61" n2="%E6%B8%A9%E2%98%85%E6%83%85%E2%98%85%E6%8E%AA%E2%98%85%E7%BD%AE" n3="%33%74%72%65%65" dan="17,16,16,16" rate="2130.83,2178.91,2137.63,2151.35" sx="M,F,M,F"/><TAIKYOKU oya="0"/><INIT seed="0,0,0,2,2,96" ten="250,250,250,250" oya="0" hai0="52,78,85,17,44,126,6,26,133,127,80,129,115" hai1="111,130,27,120,35,123,89,66,125,54,94,16,64" hai2="134,63,4,132,106,41,88,14,70,7,98,109,128" hai3="60,0,91,110,42,95,1,72,47,53,100,74,56"/><T75/><D115/><U119/><E119/><V68/><F109/><W102/><G110/><T9/><D129/><U62/><E111/><V28/><F128/><W32/><G32/><T84/><D133/><N who="2" m="51306" /><F41/><W40/><G40/><T108/><D26/><U22/><E130/><V39/><F39/><W92/><G72/><T59/><D44/><U73/><E125/><N who="0" m="47625" /><D17/><U67/><E73/><V69/><F28/><W83/><G1/><N who="0" m="207" /><D108/><U76/><E76/><V2/><F2/><W135/><G0/><T65/><D65/><U48/><E35/><V90/><F63/><AGARI ba="0,0" hai="52,59,63,75,78,80,84,85" m="207,47625" machi="63" ten="30,2900,0" yaku="18,1,54,1" doraHai="96" who="0" fromWho="2" sc="250,29,250,0,250,-29,250,0" /><INIT seed="0,1,0,3,3,77" ten="279,250,221,250" oya="0" hai0="64,79,6,45,67,98,66,21,19,51,112,71,60" hai1="57,95,76,133,87,2,40,25,85,15,107,123,106" hai2="117,115,8,10,41,82,0,84,83,126,33,127,103" hai3="47,125,96,135,99,75,105,118,90,35,62,23,17"/><T1/><D112/><U38/><E2/><V120/><F115/><W101/><G118/><T16/><D19/><U54/><E123/><V121/><F33/><W134/><G35/><T110/><D110/><U14/><E133/><N who="3" m="50698" /><G125/><N who="2" m="47625" /><F117/><W108/><G108/><T116/><D116/><U68/><E68/><V50/><F103/><W44/><G75/><T119/><D98/><U70/><E70/><V124/><N who="2" m="47633" /><V53/><DORA hai="88" /><F41/><W12/><G62/><T55/><D119/><U89/><E25/><V9/><F0/><W97/><G97/><T48/><D48/><U49/><E38/><V7/><F7/><W30/><G30/><T26/><REACH who="0" step="1"/><D79/><REACH who="0" ten="269,250,221,250" step="2"/><U46/><E76/><N who="2" m="46151" /><F83/><W129/><G99/><T100/><D100/><U11/><E85/><V72/><F72/><W114/><G101/><T78/><D78/><U3/><E106/><V36/><F36/><W94/><G105/><T22/><D22/><U31/><E107/><V63/><F63/><W91/><G114/><T13/><D13/><U113/><E113/><V39/><F39/><W73/><G73/><T102/><D102/><U131/><E31/><V37/><F37/><W69/><G96/><T65/><D65/><U58/><E3/><V24/><F24/><W59/><G12/><T43/><D43/><U81/><E15/><V128/><F128/><W74/><G129/><T18/><D18/><N who="1" m="8543" /><E131/><V111/><F111/><W27/><G17/><T132/><D132/><U86/><E40/><V93/><F93/><W104/><G94/><T61/><D61/><U109/><E109/><V80/><F80/><W20/><G27/><RYUUKYOKU ba="1,1" sc="269,10,250,10,221,10,250,-30" hai0="1,6,16,21,26,45,51,55,60,64,66,67,71" hai1="46,49,54,57,58,81,86,87,89,95" hai2="8,9,10,50,53,120,121" /><INIT seed="0,2,1,1,4,63" ten="279,260,231,220" oya="0" hai0="77,78,106,33,45,8,43,91,66,114,3,99,40" hai1="101,105,5,98,1,75,100,64,28,117,41,16,17" hai2="88,27,36,25,96,21,121,0,131,79,61,10,126" hai3="39,130,127,118,32,72,62,124,103,119,71,37,12"/><T102/><D114/><U86/><E117/><N who="3" m="44554" /><G12/><T11/><D33/><U113/><E113/><V122/><F122/><W87/><G87/><T46/><D91/><U7/><E75/><V54/><F121/><W47/><G103/><T15/><D66/><U115/><E115/><V51/><F79/><W56/><G72/><T94/><D106/><U48/><E100/><V80/><F80/><W85/><G85/><T135/><D135/><U107/><E107/><V123/><F123/><W97/><G97/><T90/><D90/><U38/><E38/><N who="3" m="14346" /><G32/><T60/><D60/><U109/><E86/><V93/><F10/><N who="0" m="3626" /><D15/><U31/><E1/><V13/><F13/><W20/><G71/><T110/><D3/><U44/><E101/><V59/><F88/><W132/><G132/><T30/><D30/><U68/><E105/><V2/><F2/><W34/><G34/><T55/><D78/><U82/><E68/><V49/><F0/><W73/><G73/><T116/><D77/><U14/><E14/><V129/><F96/><W6/><G6/><T81/><D81/><U67/><E82/><V120/><F93/><W19/><G62/><T18/><D18/><N who="1" m="7275" /><E98/><V83/><F120/><W128/><G19/><T108/><D116/><U76/><E76/><V9/><F83/><W50/><G20/><T104/><D104/><U35/><E35/><V65/><F21/><W69/><G69/><T95/><D94/><U26/><E31/><V125/><F9/><W52/><G47/><N who="0" m="17931" /><D55/><U89/><E89/><V133/><F133/><W42/><G42/><N who="0" m="15915" /><D102/><U22/><E28/><V84/><F84/><RYUUKYOKU ba="2,1" sc="279,15,260,-15,231,-15,220,15" hai0="95,99,108,110" hai3="50,52,56,124,127,128,130" /><INIT seed="0,3,1,5,0,106" ten="294,245,216,235" oya="0" hai0="126,54,55,12,104,41,46,66,111,120,74,20,62" hai1="67,86,32,135,96,18,57,64,0,22,2,19,102" hai2="80,29,79,43,71,6,85,21,113,61,90,28,9" hai3="76,109,27,23,82,30,89,16,110,26,35,65,47"/><T11/><D120/><U7/><E32/><V68/><F113/><W8/><G65/><T42/><D104/><U99/><E135/><V128/><F128/><W13/><G89/><T112/><D112/><U56/><E86/><V123/><F123/><W40/><G47/><T34/><D34/><U116/><E22/><V10/><F43/><W45/><G45/><T118/><D74/><U114/><E114/><V101/><F101/><W105/><G40/><T3/><D3/><U117/><REACH who="1" step="1"/><E102/><REACH who="1" ten="294,235,216,235" step="2"/><V17/><F90/><W98/><G98/><T52/><D20/><U73/><E73/><V129/><F129/><W70/><G35/><T58/><D118/><U51/><E51/><V49/><F49/><W133/><G133/><T31/><D42/><U15/><E15/><V115/><F115/><W81/><G13/><T75/><D75/><U60/><E60/><V77/><F21/><W84/><G23/><T124/><D31/><U100/><E100/><V44/><F29/><W134/><G30/><T38/><REACH who="0" step="1"/><D111/><REACH who="0" ten="284,235,216,235" step="2"/><U107/><E107/><V63/><F28/><W83/><G105/><T50/><D50/><U59/><E59/><V53/><F68/><W48/><G70/><T78/><D78/><U91/><E91/><V88/><F77/><W92/><G109/><T1/><D1/><U14/><E14/><N who="2" m="7383" /><F71/><W37/><G110/><T122/><D122/><U119/><E119/><V69/><F69/><W108/><G108/><T94/><D94/><U95/><E95/><V39/><F79/><N who="3" m="46143" /><G134/><T25/><D25/><N who="3" m="9225" /><G76/><T103/><D103/><U93/><E93/><V5/><F80/><RYUUKYOKU ba="3,3" sc="284,15,235,15,216,-15,235,-15" hai0="11,12,38,41,46,52,54,55,58,62,66,124,126" hai1="0,2,7,18,19,56,57,64,67,96,99,116,117" /><INIT seed="0,4,3,4,5,85" ten="299,250,201,220" oya="0" hai0="84,54,105,80,13,9,38,29,8,72,79,6,71" hai1="18,12,94,95,32,53,119,21,123,57,133,2,17" hai2="92,116,33,0,7,127,110,113,120,91,49,68,31" hai3="61,78,115,132,86,88,126,51,36,56,30,4,24"/><T67/><D105/><U28/><E119/><V58/><F113/><W101/><G115/><T59/><D38/><U25/><E123/><V50/><F68/><W52/><G36/><T70/><D67/><U77/><E133/><V10/><F120/><W96/><G132/><T46/><D46/><U89/><E2/><V26/><F116/><W107/><G126/><T97/><D97/><U129/><E129/><V20/><F127/><W47/><G4/><T98/><D98/><U82/><E18/><V102/><F110/><W109/><G109/><T111/><D111/><U117/><E117/><V124/><F124/><W15/><G15/><T62/><D29/><U100/><E100/><V66/><F102/><W42/><G78/><T135/><D135/><U43/><E43/><V27/><F58/><W121/><G121/><T93/><REACH who="0" step="1"/><D8/><REACH who="0" ten="289,250,201,220" step="2"/><U63/><REACH who="1" step="1"/><E89/><AGARI ba="4,4" hai="6,9,13,54,59,62,70,71,72,79,80,84,89,93" machi="89" ten="40,7700,0" yaku="1,1,2,1,52,1,53,0" doraHai="85" doraHaiUra="112" who="0" fromWho="1" sc="289,129,250,-89,201,0,220,0" /><INIT seed="0,5,0,2,3,133" ten="418,161,201,220" oya="0" hai0="94,56,73,97,46,9,25,31,11,55,62,118,40" hai1="122,52,105,90,33,13,15,126,68,74,83,129,128" hai2="38,53,69,2,12,39,18,29,21,77,65,43,59" hai3="70,127,37,101,124,16,93,96,3,71,58,42,24"/><T113/><D113/><U78/><E122/><V61/><F2/><W121/><G3/><T57/><D73/><U120/><E120/><V32/><F77/><W134/><G134/><T100/><D118/><U76/><E68/><V5/><F5/><W48/><G37/><T63/><D46/><U41/><E33/><V49/><REACH who="2" step="1"/><F43/><REACH who="2" ten="418,161,191,220" step="2"/><W19/><G121/><T91/><D40/><U26/><E41/><V64/><F64/><W79/><G79/><T108/><D108/><U102/><E78/><V86/><F86/><W92/><G42/><T131/><D131/><U117/><E76/><V135/><F135/><W114/><G114/><T27/><D27/><AGARI ba="5,1" hai="12,18,21,27,29,32,38,39,49,53,59,61,65,69" machi="27" ten="40,2600,0" yaku="1,1,53,1" doraHai="133" doraHaiUra="67" who="2" fromWho="0" sc="418,-41,161,0,191,51,220,0" /><INIT seed="1,0,0,4,3,20" ten="377,161,242,220" oya="1" hai0="86,69,19,87,33,84,93,42,61,8,103,112,124" hai1="14,63,16,65,23,75,127,131,43,15,45,58,133" hai2="9,132,126,100,94,1,119,96,51,123,110,80,30" hai3="70,24,11,114,102,67,18,6,41,115,135,106,53"/><U121/><E121/><V68/><F119/><W12/><G135/><T52/><D112/><U101/><E133/><V35/><F123/><W17/><G41/><T95/><D33/><U13/><E127/><V37/><F37/><W76/><G76/><T56/><D124/><U22/><E131/><V128/><F68/><W39/><G39/><T72/><D72/><U40/><E75/><V31/><F35/><W120/><G120/><T34/><D34/><U26/><E101/><V21/><F132/><W88/><G53/><T107/><D107/><U104/><E104/><V99/><F80/><W90/><G67/><T129/><D129/><U74/><E74/><V116/><F116/><W92/><G70/><T83/><D69/><U66/><E66/><V89/><F128/><W77/><G77/><T97/><D42/><N who="1" m="15915" /><E45/><V0/><F0/><W47/><G47/><T27/><D93/><U64/><E64/><V73/><F73/><W122/><G122/><T59/><D56/><U79/><E79/><V82/><F1/><W36/><G36/><T49/><D49/><U46/><E46/><V28/><F51/><W105/><G105/><T38/><D38/><U111/><E111/><V4/><F110/><W54/><G106/><T55/><D55/><U29/><AGARI ba="0,0" hai="13,14,15,16,22,23,26,29,58,63,65" m="15915" machi="29" ten="30,6000,0" yaku="8,1,52,1,54,1" doraHai="20" who="1" fromWho="1" sc="377,-20,161,60,242,-20,220,-20" /><INIT seed="1,1,0,1,0,8" ten="357,221,222,200" oya="1" hai0="42,65,22,29,77,127,103,26,90,89,108,14,68" hai1="106,25,47,64,102,11,82,61,84,96,9,54,21" hai2="105,73,27,60,58,123,115,40,104,119,33,7,20" hai3="53,70,44,122,101,118,98,78,56,75,133,129,74"/><U2/><E47/><V1/><F119/><W91/><G122/><T80/><D108/><U4/><E54/><V79/><F123/><W37/><G118/><T28/><D127/><U93/><E9/><V23/><F33/><W112/><G112/><T107/><D42/><U81/><E106/><V51/><F115/><W32/><G32/><T111/><D111/><U16/><REACH who="1" step="1"/><E84/><REACH who="1" ten="357,211,222,200" step="2"/><V92/><F105/><W0/><G53/><T3/><D107/><U24/><E24/><V130/><F27/><W117/><G44/><T49/><D26/><U85/><E85/><V13/><F104/><W50/><G117/><T59/><D65/><U131/><E131/><V116/><F130/><W72/><G129/><T76/><D49/><U95/><E95/><V62/><F92/><W99/><G50/><T120/><D120/><U110/><E110/><V124/><F116/><W69/><G74/><T45/><D45/><U6/><E6/><V55/><F7/><W52/><G72/><T132/><D80/><U128/><E128/><V121/><F73/><W66/><G75/><T67/><D67/><U87/><E87/><V109/><F121/><W88/><G66/><T97/><D77/><U31/><E31/><V57/><F79/><W15/><G78/><T39/><D29/><U135/><E135/><V5/><F5/><W134/><G134/><T41/><D28/><U35/><E35/><V17/><F109/><W100/><G133/><T48/><D76/><U125/><E125/><V63/><F124/><W30/><G30/><T18/><D132/><U113/><E113/><V43/><F51/><RYUUKYOKU ba="1,1" sc="357,-10,211,30,222,-10,200,-10" hai1="2,4,11,16,21,25,61,64,81,82,93,96,102" /><INIT seed="1,2,1,5,1,88" ten="347,241,212,190" oya="1" hai0="54,105,96,36,65,85,117,130,89,79,102,61,104" hai1="113,42,68,44,22,112,5,57,84,129,76,62,67" hai2="17,24,116,35,110,38,18,87,10,64,1,121,8" hai3="26,11,30,27,0,29,73,28,95,134,123,74,131"/><U118/><E118/><V70/><F38/><W100/><G123/><T132/><D117/><U106/><E106/><V6/><F116/><W12/><G0/><T126/><D36/><U40/><E129/><V19/><F121/><W34/><G131/><T98/><D130/><U111/><E111/><V25/><F87/><W124/><G124/><T108/><D108/><U80/><E68/><V90/><F90/><W31/><G27/><N who="2" m="10313" /><F64/><W46/><G46/><T3/><D3/><U14/><E40/><V41/><F41/><W107/><G107/><T122/><D79/><U75/><E75/><V49/><F49/><W55/><G55/><T109/><D126/><U21/><E112/><V114/><F70/><W103/><G103/><T20/><D122/><U81/><E81/><V52/><F52/><W128/><G128/><T99/><D54/><U53/><E67/><V69/><F69/><W16/><REACH who="3" step="1"/><G134/><REACH who="3" ten="347,241,212,180" step="2"/><T133/><D105/><U48/><E113/><V59/><F110/><W4/><G4/><T97/><D109/><U92/><E5/><N who="2" m="1071" /><F114/><W91/><G91/><T33/><D133/><U135/><E135/><V45/><F45/><W63/><G63/><T58/><D132/><U13/><E62/><V78/><F78/><W101/><G101/><T7/><D102/><U94/><E44/><V23/><F59/><W71/><G71/><T47/><D47/><U32/><E42/><V37/><F37/><W51/><G51/><T82/><D104/><U127/><E127/><V50/><F50/><W43/><G43/><T39/><N who="0" m="24576" /><DORA hai="119" /><T115/><D115/><U77/><E48/><RYUUKYOKU ba="2,2" sc="347,-10,241,-10,212,-10,180,30" hai3="11,12,16,26,28,29,30,31,34,73,74,95,100" /><INIT seed="2,3,2,2,1,43" ten="337,231,202,210" oya="2" hai0="2,8,37,111,104,77,48,10,72,92,87,85,81" hai1="23,133,27,118,86,60,82,58,18,79,65,47,120" hai2="31,112,45,57,52,106,5,22,69,30,35,21,39" hai3="122,25,44,75,130,98,1,96,117,66,24,62,109"/><V49/><F112/><W16/><G117/><T84/><D37/><U19/><E118/><V53/><F106/><W124/><G122/><T51/><D104/><U123/><E133/><V63/><F69/><W76/><G1/><T4/><D111/><U88/><E18/><V50/><F39/><W61/><G109/><T78/><D77/><U121/><E47/><N who="2" m="27743" /><F5/><W42/><G130/><T28/><D28/><N who="2" m="10794" /><F35/><W125/><G76/><AGARI ba="3,2" hai="19,23,27,58,60,65,76,79,82,86,88,120,121,123" machi="76" ten="40,2600,0" yaku="13,1,54,1" doraHai="43" who="1" fromWho="3" sc="337,0,231,55,202,0,210,-35" /><INIT seed="3,0,0,2,0,69" ten="337,286,202,175" oya="3" hai0="32,111,67,108,31,109,96,59,36,81,48,87,84" hai1="127,60,42,61,95,50,38,47,51,86,58,82,79" hai2="116,93,24,12,80,131,88,10,85,64,57,99,104" hai3="135,132,9,56,39,26,110,16,75,28,62,113,134"/><W120/><G120/><T91/><D36/><U17/><E127/><V65/><F116/><W5/><G113/><T122/><D122/><U15/><E95/><V128/><F104/><W44/><G75/><T90/><D96/><U107/><E107/><V92/><F24/><W100/><G100/><T70/><D70/><U73/><E73/><V40/><F40/><N who="3" m="22559" /><G110/><T1/><D1/><U112/><E112/><V13/><F92/><W30/><G5/><T55/><D67/><N who="2" m="25674" /><F57/><W20/><G9/><T0/><D0/><U29/><E29/><V117/><F117/><W14/><G26/><N who="0" m="18551" /><D87/><U49/><REACH who="1" step="1"/><E58/><REACH who="1" ten="337,276,202,175" step="2"/><V27/><F93/><W102/><G102/><T37/><D37/><U45/><E45/><V7/><F99/><W35/><G35/><T2/><D2/><U126/><E126/><V52/><F85/><W34/><G34/><T46/><D46/><U4/><E4/><V118/><F7/><W33/><G33/><T74/><D74/><U124/><E124/><V89/><F118/><W103/><G103/><T115/><D115/><U105/><E105/><V6/><F6/><W78/><G78/><AGARI ba="0,1" hai="48,55,59,78,81,84,90,91,108,109,111" m="18551" machi="78" ten="30,1000,0" yaku="14,1" doraHai="69" who="0" fromWho="3" sc="337,20,276,0,202,0,175,-10" owari="357,45.7,276,7.6,202,-19.8,165,-33.5" /></mjloggm>