<mjloggm ver="2.3"><GO type="225" lobby="0"/><UN n0="%E3%83%B4%E3%82%A3%E3%83%AF%E3%82%B3%E3%82%B0%E3%83%8B" n1="%E7%B4%94%E6%BD%94%E3%83%94%E3%83%A9%E3%83%8B%E3%82%A2" n2="%E6%A1%9C%E8%8A%B1%E9%96%83%E3%80%85" n3="%43%68%65" dan="16,18,17,16" rate="2131.59,2232.92,2125.59,2129.64" sx="M,M,M,M"/><TAIKYOKU oya="0"/><INIT seed="0,0,0,0,0,58" ten="250,250,250,250" oya="0" hai0="2,125,121,96,79,115,11,66,19,130,62,63,57" hai1="6,4,133,29,21,40,34,59,123,86,26,37,92" hai2="14,109,35,68,88,36,94,7,101,99,118,80,111" hai3="116,52,8,77,30,61,104,83,105,135,73,119,15"/><T50/><D121/><U132/><E123/><V113/><F113/><W97/><G30/><T28/><D115/><U127/><E37/><V24/><F36/><W103/><G105/><T23/><D125/><U128/><E40/><V117/><F68/><W38/><G38/><T45/><D130/><U51/><E127/><V72/><F24/><W76/><G76/><T67/><D79/><U95/><E34/><V129/><F35/><W106/><G106/><T9/><D96/><U56/><E128/><V16/><F7/><N who="1" m="2601" /><E51/><V110/><F129/><W65/><G135/><N who="1" m="51786" /><E95/><N who="2" m="58623" /><F80/><W64/><G119/><N who="2" m="45577" /><F72/><W55/><G116/><T39/><D28/><U53/><E53/><V74/><F74/><W91/><G91/><AGARI ba="0,0" hai="21,26,29,56,59,86,91,92" m="51786,2601" machi="91" ten="30,1000,0" yaku="20,1" doraHai="58" who="1" fromWho="3" sc="250,0,250,10,250,0,250,-10" /><INIT seed="1,0,0,2,1,110" ten="250,260,250,240" oya="1" hai0="30,82,57,48,19,98,14,9,128,134,26,119,25" hai1="95,5,42,31,29,68,76,81,8,130,24,4,101" hai2="39,2,67,102,1,56,64,78,122,61,65,21,16" hai3="77,109,35,135,37,89,113,121,105,53,17,3,55"/><U18/><E68/><V80/><F122/><W107/><G121/><T90/><D119/><U15/><E130/><V22/><F39/><W104/><G109/><T0/><D128/><U103/><E42/><V116/><F102/><W86/><G77/><T10/><D134/><U11/><E95/><V51/><F22/><W118/><G135/><T131/><D131/><U20/><E29/><V91/><F91/><W44/><G35/><T88/><D0/><U28/><E28/><V47/><F116/><W75/><G75/><T32/><D25/><U111/><E111/><V124/><F124/><W63/><G118/><T106/><D9/><U59/><E59/><V46/><F1/><W108/><G3/><T112/><D112/><U93/><E93/><V69/><F2/><W73/><G113/><T126/><D126/><U33/><E33/><V12/><F69/><W117/><G73/><T52/><REACH who="0" step="1"/><D82/><REACH who="0" ten="240,260,250,240" step="2"/><U114/><E114/><V70/><F70/><W115/><G117/><T123/><D123/><U54/><E11/><V85/><REACH who="2" step="1"/><F47/><REACH who="2" ten="240,260,240,240" step="2"/><W133/><G115/><T45/><D45/><U7/><E103/><AGARI ba="0,2" hai="10,14,19,26,30,32,48,52,57,88,90,98,103,106" machi="103" ten="40,8000,1" yaku="1,1,54,2,53,1" doraHai="110" doraHaiUra="99" who="0" fromWho="1" sc="240,100,260,-80,240,0,240,0" /><INIT seed="2,0,0,2,3,25" ten="340,180,240,240" oya="2" hai0="97,83,100,126,105,44,39,68,3,123,38,5,111" hai1="36,82,133,47,12,80,62,55,61,60,81,31,23" hai2="0,90,91,22,58,88,57,118,94,93,1,131,43" hai3="107,134,29,115,110,120,86,112,4,102,124,128,65"/><V17/><F118/><W116/><G65/><T85/><D111/><U63/><E133/><V109/><F131/><W19/><G19/><T49/><D68/><U79/><E36/><V130/><F130/><W13/><G86/><T15/><D3/><U40/><E40/><V122/><F122/><W129/><G102/><T28/><D28/><U27/><E12/><N who="2" m="9511" /><F0/><W59/><G59/><N who="2" m="22537" /><F1/><W42/><G42/><N who="0" m="24727" /><D126/><U73/><N who="1" m="15360" /><DORA hai="26" /><U117/><REACH who="1" step="1"/><E117/><REACH who="1" ten="340,170,240,240" step="2"/><V51/><F109/><W52/><G110/><T113/><D38/><U95/><E95/><V64/><F64/><W8/><G116/><T98/><D39/><U106/><E106/><V54/><F43/><W108/><G108/><T20/><D105/><U69/><E69/><V2/><F2/><W119/><G119/><T78/><D15/><U30/><E30/><V21/><F51/><AGARI ba="0,1" hai="23,27,31,47,51,55,73,79,80,81,82" m="15360" machi="51" ten="50,8000,1" yaku="1,1,52,2,53,1" doraHai="25,26" doraHaiUra="11,48" who="1" fromWho="2" sc="340,0,170,90,240,-80,240,0" /><INIT seed="3,0,0,0,1,89" ten="340,260,160,240" oya="3" hai0="80,111,90,31,97,79,39,44,68,55,10,61,75" hai1="59,99,104,56,103,40,24,116,84,70,13,29,36" hai2="32,109,41,49,15,37,106,85,26,0,6,121,42" hai3="25,11,128,124,112,135,69,7,43,81,30,71,58"/><W9/><G112/><T114/><D114/><U3/><E3/><V82/><F37/><W95/><G124/><T120/><D111/><U73/><E73/><V47/><F109/><W126/><G126/><T23/><D120/><U93/><E70/><V123/><F0/><W51/><G128/><T60/><D31/><U18/><E116/><V46/><F106/><W65/><G135/><T98/><D23/><U96/><E84/><V76/><F32/><W129/><G129/><T133/><D133/><U122/><E122/><V134/><F134/><W127/><G81/><T22/><D22/><U94/><E104/><V64/><F26/><W52/><G11/><T28/><D28/><U132/><E132/><V130/><F130/><W107/><G107/><T4/><D90/><U87/><E87/><V2/><F2/><W88/><G43/><N who="0" m="22655" /><D55/><U131/><E131/><V16/><F64/><W113/><G65/><N who="0" m="40999" /><D61/><U34/><E40/><V21/><REACH who="2" step="1"/><F6/><REACH who="2" ten="340,260,150,240" step="2"/><W27/><G127/><T92/><D4/><U119/><E36/><V48/><AGARI ba="0,1" hai="15,16,21,41,42,46,47,48,49,76,82,85,121,123" machi="48" ten="30,12000,2" yaku="1,1,2,1,0,1,9,1,54,1,53,1" doraHai="89" doraHaiUra="78" who="2" fromWho="2" sc="340,-30,260,-30,150,130,240,-60" owari="310,41.0,230,-17.0,280,8.0,180,-32.0" /></mjloggm>