<mjloggm ver="2.3"><GO type="225" lobby="0"/><UN n0="%E9%80%9F%E6%B0%B4%E5%87%9B%E9%A6%99" n1="%E6%81%AC%E6%B7%A1%E5%AF%82%E5%AF%9E" n2="%E3%81%8F%E3%82%8A%E3%83%94%E3%83%BC" n3="%E3%81%A1%E3%82%85%E3%81%86%E3%81%A9%E3%81%8F%E8%B1%A1%E3%81%95%E3%82%93" dan="16,16,16,17" rate="2163.33,2111.68,2106.60,2183.21" sx="F,F,M,M"/><TAIKYOKU oya="0"/><INIT seed="0,0,0,5,0,35" ten="250,250,250,250" oya="0" hai0="48,41,85,94,28,34,50,59,26,81,102,107,56" hai1="3,58,124,53,112,70,91,33,43,118,117,67,116" hai2="80,125,126,72,23,60,47,27,37,109,54,111,61" hai3="0,40,113,115,36,18,96,62,14,65,74,103,29"/><T39/><D107/><U31/><E91/><V51/><F80/><W93/><G29/><T128/><D128/><U78/><E78/><V4/><F72/><W24/><G74/><T106/><D106/><U7/><E31/><V89/><F89/><W55/><G24/><T83/><D39/><U2/><E33/><V8/><F23/><W108/><G108/><N who="2" m="41545" /><F27/><W21/><G55/><T110/><D110/><U32/><E32/><V86/><F86/><W1/><G40/><T57/><D41/><U120/><E7/><V130/><F130/><W66/><G36/><T76/><REACH who="0" step="1"/><D83/><REACH who="0" ten="240,250,250,250" step="2"/><U131/><E43/><V71/><F37/><W104/><G104/><T9/><D9/><U90/><E131/><V127/><F71/><W129/><G129/><T42/><D42/><U73/><E70/><V44/><F44/><W19/><G115/><T79/><D79/><U97/><E112/><V30/><F30/><W25/><G113/><T75/><D75/><U114/><E73/><V16/><F126/><W122/><G122/><T123/><D123/><U98/><E120/><V119/><F127/><W69/><REACH who="3" step="1"/><G65/><REACH who="3" ten="240,250,250,240" step="2"/><T11/><D11/><AGARI ba="0,2" hai="0,1,11,14,18,19,21,25,62,66,69,93,96,103" machi="11" ten="30,8000,1" yaku="1,1,2,1,7,1,52,2,53,0" doraHai="35" doraHaiUra="121" who="3" fromWho="0" sc="240,-80,250,0,250,0,240,100" /><INIT seed="1,0,0,1,2,27" ten="160,250,250,340" oya="1" hai0="96,59,114,135,127,123,21,125,12,8,128,108,134" hai1="10,82,25,120,33,52,26,28,88,34,91,30,39" hai2="17,130,24,86,36,110,131,37,9,75,56,41,121" hai3="133,80,63,1,19,62,117,111,113,115,53,32,44"/><U61/><E120/><V87/><F75/><W100/><G1/><T23/><D59/><U43/><E10/><V85/><F121/><W73/><G32/><T69/><D96/><U5/><E5/><V7/><F110/><W16/><G100/><T83/><D83/><U3/><E3/><V15/><F56/><W4/><G4/><N who="0" m="3079" /><D69/><U109/><E109/><V51/><F51/><W95/><G111/><T46/><D46/><U0/><E0/><V68/><F68/><W67/><G95/><T57/><D57/><U89/><E61/><V107/><F107/><W72/><G117/><T132/><D108/><U116/><E116/><V38/><F41/><W47/><G133/><T49/><D49/><U98/><E52/><V18/><REACH who="2" step="1"/><F24/><REACH who="2" ten="160,250,240,340" step="2"/><W112/><G112/><T60/><D60/><U50/><E50/><V119/><F119/><W40/><G40/><T11/><D123/><U71/><E71/><V122/><F122/><W20/><G53/><T55/><D55/><U13/><E43/><V78/><F78/><W103/><G113/><T124/><D114/><U79/><E39/><V97/><F97/><W65/><G115/><T93/><D93/><U48/><E48/><V14/><F14/><W106/><G106/><T126/><N who="0" m="31744" /><DORA hai="90" /><T74/><D74/><U31/><E13/><V45/><F45/><W76/><G73/><T94/><D94/><U104/><E104/><V84/><N who="2" m="21504" /><DORA hai="54" /><V2/><F2/><W35/><G47/><T58/><D58/><U42/><E42/><V64/><F64/><W70/><G44/><T99/><D135/><U66/><E66/><RYUUKYOKU ba="0,1" sc="160,-10,250,-10,240,30,340,-10" hai2="7,9,15,17,18,36,37,38,130,131" /><INIT seed="2,1,1,4,0,47" ten="150,240,270,330" oya="2" hai0="119,32,23,20,82,123,86,85,83,62,113,22,26" hai1="107,103,67,27,63,42,122,53,59,81,112,56,33" hai2="5,21,102,95,115,39,12,13,55,88,11,134,49" hai3="9,125,128,90,25,126,10,89,14,100,8,66,118"/><V80/><F39/><W73/><G118/><T93/><D119/><U98/><E112/><V101/><F134/><W75/><G128/><T94/><D113/><U65/><E122/><V30/><F80/><W76/><G100/><T97/><D123/><U72/><E42/><V127/><F127/><N who="3" m="48651" /><G66/><T105/><D105/><U69/><E67/><V54/><F54/><W111/><G111/><T87/><D32/><U121/><E53/><V44/><F115/><W64/><G64/><T124/><D124/><U91/><E121/><V99/><F13/><W24/><G14/><T74/><D74/><N who="3" m="28169" /><G76/><T78/><D26/><AGARI ba="1,1" hai="5,11,12,21,26,30,44,49,55,88,95,99,101,102" machi="26" ten="40,7700,0" yaku="8,1,52,1,54,1" doraHai="47" who="2" fromWho="0" sc="150,-80,240,0,270,90,330,0" /><AGARI ba="1,0" hai="8,9,10,24,25,26,89,90" m="28169,48651" machi="26" ten="40,5200,0" yaku="28,2,18,1" doraHai="47" who="3" fromWho="0" sc="70,-52,240,0,360,0,330,52" /><BYE who="0" /><INIT seed="2,2,0,2,4,91" ten="18,240,360,382" oya="2" hai0="130,15,100,124,56,10,122,103,46,67,62,26,107" hai1="102,17,101,66,77,48,23,83,123,57,128,24,21" hai2="49,86,99,125,69,43,41,22,88,36,70,44,121" hai3="105,19,63,30,131,53,72,92,97,85,79,28,135"/><V129/><F121/><W87/><G105/><T13/><D13/><U95/><E128/><V116/><F116/><W39/><G131/><T32/><D32/><U54/><E123/><V84/><F129/><W76/><G39/><T31/><D31/><N who="3" m="11817" /><G72/><T0/><D0/><U118/><E118/><V126/><F99/><W81/><G135/><T16/><D16/><U37/><E37/><V113/><F86/><N who="3" m="32779" /><G19/><T71/><D71/><U5/><E5/><V8/><F113/><W18/><G18/><T112/><D112/><U74/><E23/><V111/><F111/><W60/><G81/><T29/><D29/><U50/><E66/><V35/><F35/><W25/><G25/><T133/><D133/><U40/><E40/><V114/><F114/><W127/><G127/><N who="2" m="48649" /><F22/><W98/><G98/><T20/><D20/><U75/><E75/><V11/><F43/><W132/><G132/><T2/><D2/><U109/><E109/><V6/><F36/><W12/><G12/><T55/><D55/><U89/><REACH who="1" step="1"/><E50/><REACH who="1" ten="18,230,360,382" step="2"/><V45/><F45/><W7/><G7/><T4/><D4/><U59/><E59/><V104/><F104/><W52/><G60/><T3/><D3/><U108/><E108/><V106/><F106/><W117/><G117/><T68/><D68/><N who="2" m="26218" /><F6/><W27/><G63/><T78/><D78/><U134/><E134/><V33/><F33/><W1/><G1/><T61/><D61/><U80/><E80/><AGARI ba="2,1" hai="8,11,41,44,49,80,84,88" m="26218,48649" machi="80" ten="30,2900,0" yaku="18,1,54,1" doraHai="91" who="2" fromWho="1" sc="18,0,230,-35,360,45,382,0" /><INIT seed="2,3,0,0,3,78" ten="18,195,405,382" oya="2" hai0="113,105,117,121,86,80,92,54,135,82,14,25,8" hai1="87,91,4,71,61,16,104,64,129,115,38,31,99" hai2="44,79,132,39,59,119,40,100,81,58,93,36,0" hai3="15,84,17,56,134,33,43,127,52,110,49,24,108"/><V95/><F119/><W128/><G128/><T69/><D69/><U27/><E38/><V3/><F132/><W7/><G134/><T94/><D94/><U123/><E4/><V18/><F39/><W97/><G127/><T42/><D42/><U75/><E75/><V32/><F32/><W21/><G97/><T13/><D13/><U55/><E55/><V125/><F125/><W107/><G107/><T50/><D50/><U72/><E72/><V22/><F3/><W96/><G96/><T51/><D51/><U19/><E115/><V62/><F0/><W112/><G112/><T126/><D126/><U102/><E123/><V66/><F59/><W63/><G84/><T5/><D5/><U47/><E47/><V29/><F29/><N who="3" m="19623" /><G43/><T68/><D68/><U114/><E129/><V28/><F28/><W30/><G30/><T130/><D130/><U53/><E53/><V41/><F41/><W77/><G77/><T106/><D106/><U120/><E120/><V6/><F6/><W90/><G90/><T46/><D46/><U109/><E114/><V89/><F89/><W23/><G23/><T131/><D131/><U2/><E2/><V45/><F100/><W124/><G124/><T35/><D35/><U37/><E37/><V26/><REACH who="2" step="1"/><F45/><REACH who="2" ten="18,195,395,382" step="2"/><N who="3" m="27695" /><G7/><T76/><D76/><U65/><E31/><V85/><AGARI ba="3,1" hai="18,22,26,36,40,44,58,62,66,79,81,85,93,95" machi="85" ten="20,7800,0" yaku="1,1,0,1,7,1,52,1,53,0" doraHai="78" doraHaiUra="1" who="2" fromWho="2" sc="18,-29,195,-29,395,97,382,-29" owari="-11,-51.1,166,-23.4,492,59.2,353,15.3" /></mjloggm>