<mjloggm ver="2.3"><GO type="225" lobby="0"/><UN n0="%E8%81%B7%E6%A5%AD%E3%80%81%E9%A2%A8%32" n1="%E6%A0%B9%E5%85%83%E3%81%8B%E3%82%89%E5%90%B9%E3%81%A3%E9%A3%9B%E3%81%B6" n2="%E6%A1%9C%E8%8A%B1%E9%96%83%E3%80%85" n3="%E5%A4%96%E5%B7%9D%E7%AB%9C%E6%88%90" dan="16,16,17,16" rate="2100.30,2159.42,2174.09,2155.16" sx="M,F,M,M"/><TAIKYOKU oya="0"/><INIT seed="0,0,0,5,1,57" ten="250,250,250,250" oya="0" hai0="67,20,53,0,134,40,122,59,1,56,64,118,80" hai1="113,124,4,88,101,38,12,7,18,114,106,34,79" hai2="100,131,119,108,46,109,107,73,23,89,3,16,61" hai3="49,111,31,25,58,87,77,94,126,98,68,112,30"/><T32/><D122/><U102/><E38/><V121/><F121/><W110/><G112/><N who="1" m="43114" /><E34/><V63/><F3/><W19/><G68/><T36/><D32/><U132/><E79/><V91/><F73/><W44/><G126/><T47/><D118/><U120/><E120/><V60/><F119/><W90/><G58/><T8/><D134/><U52/><E124/><V48/><F131/><W66/><G66/><T13/><D59/><U41/><E41/><N who="2" m="24655" /><F107/><W115/><G115/><T75/><D20/><N who="1" m="11335" /><E106/><V22/><F100/><N who="1" m="38505" /><E132/><V33/><F33/><W37/><G37/><T11/><D67/><U104/><E104/><V2/><F2/><W123/><G123/><T17/><D64/><U50/><E88/><N who="2" m="33867" /><F16/><W72/><G72/><T84/><D8/><U78/><E78/><V6/><F6/><W99/><G77/><T71/><D75/><U95/><E95/><V96/><F96/><W97/><G111/><AGARI ba="0,0" hai="22,23,60,61,63,108,109,111" m="33867,24655" machi="111" ten="30,8000,1" yaku="14,1,52,3,54,1" doraHai="57" who="2" fromWho="3" sc="250,0,250,0,250,80,250,-80" /><INIT seed="1,0,0,3,4,86" ten="250,250,330,170" oya="1" hai0="46,35,1,102,28,25,41,85,42,95,47,3,66" hai1="73,75,87,112,114,7,81,127,125,79,76,32,117" hai2="6,27,65,52,113,17,77,124,120,44,8,109,18" hai3="103,10,135,134,121,131,101,128,2,4,123,74,9"/><U31/><E7/><V23/><F120/><N who="3" m="46155" /><G74/><N who="1" m="28170" /><E31/><V68/><F124/><N who="1" m="47689" /><E32/><V111/><F77/><N who="1" m="29769" /><E117/><V12/><F68/><W49/><G49/><T59/><D28/><U83/><E87/><V19/><F65/><W94/><G94/><T118/><D95/><U126/><N who="1" m="47697" /><U57/><DORA hai="88" /><E57/><V58/><F44/><W108/><G108/><N who="2" m="41545" /><F113/><AGARI ba="0,0" hai="81,83,112,113,114" m="29769,47697,28170" machi="113" ten="50,12000,1" yaku="28,2,18,1,34,2" doraHai="86,88" who="1" fromWho="2" sc="250,0,250,120,330,-120,170,0" /><INIT seed="1,1,0,4,1,30" ten="250,370,210,170" oya="1" hai0="79,28,31,106,63,6,4,9,50,73,22,125,100" hai1="131,56,75,76,85,15,59,40,114,25,51,45,1" hai2="109,69,102,70,54,57,108,65,104,24,53,39,111" hai3="124,16,64,89,61,12,103,107,86,21,133,134,47"/><U38/><E114/><V98/><F39/><W115/><G115/><T92/><D125/><U77/><E1/><V26/><F65/><W130/><G124/><T87/><D106/><U81/><E131/><V121/><F121/><W43/><G130/><T52/><D73/><U41/><E41/><V67/><F67/><W105/><G103/><T33/><D63/><U110/><E110/><V119/><F119/><W66/><G107/><T127/><D33/><U78/><E25/><N who="2" m="9835" /><F53/><W14/><G105/><T68/><D68/><U23/><E75/><V8/><F8/><W71/><G12/><N who="0" m="5159" /><D6/><U13/><E13/><V82/><F82/><W80/><REACH who="3" step="1"/><G66/><REACH who="3" ten="250,370,210,160" step="2"/><T62/><D127/><U72/><E15/><V5/><F5/><W128/><G128/><T122/><D100/><U91/><E72/><V118/><F118/><W17/><G17/><T36/><D122/><U48/><E23/><V7/><F7/><W113/><G113/><T58/><D22/><U19/><E19/><V20/><F20/><W117/><G117/><T112/><D112/><U93/><E81/><V37/><F37/><AGARI ba="1,1" hai="14,16,21,37,43,47,61,64,71,80,86,89,133,134" machi="37" ten="40,2600,0" yaku="1,1,54,1,53,0" doraHai="30" doraHaiUra="96" who="3" fromWho="2" sc="250,0,370,0,210,-29,160,39" /><INIT seed="2,0,0,5,2,135" ten="250,370,181,199" oya="2" hai0="29,16,22,51,122,95,10,96,120,18,31,98,67" hai1="28,133,123,86,72,40,24,102,108,74,46,129,62" hai2="20,131,61,75,5,6,134,76,121,13,80,3,59" hai3="47,42,77,104,56,49,39,107,23,89,101,124,54"/><V92/><F121/><W93/><G77/><T125/><D67/><U0/><E108/><V15/><F134/><W73/><G73/><T8/><D125/><U87/><E0/><V48/><F131/><W103/><G124/><T37/><D51/><U34/><E133/><V78/><F78/><W127/><G127/><T94/><REACH who="0" step="1"/><D22/><REACH who="0" ten="240,370,181,199" step="2"/><N who="1" m="15383" /><E129/><V1/><F48/><W41/><G23/><T32/><D32/><U44/><E34/><V7/><F20/><W83/><G39/><AGARI ba="0,1" hai="8,10,16,18,29,31,37,39,94,95,96,98,120,122" machi="39" ten="25,6400,0" yaku="1,1,22,2,54,1,53,0" doraHai="135" doraHaiUra="55" who="0" fromWho="3" sc="240,74,370,0,181,0,199,-64" /><INIT seed="3,0,0,4,0,28" ten="314,370,181,135" oya="3" hai0="70,120,68,74,48,34,49,0,86,108,81,125,54" hai1="124,63,11,51,84,41,64,132,45,3,57,99,26" hai2="56,16,114,36,113,4,107,31,2,30,21,85,19" hai3="27,47,66,122,14,10,53,73,8,20,40,97,72"/><W75/><G122/><T12/><D108/><U77/><E124/><V105/><F36/><W67/><G53/><T39/><D39/><U88/><E132/><V111/><F56/><W61/><G97/><T55/><D0/><U91/><E26/><V13/><F85/><W133/><G133/><T69/><D74/><U112/><E112/><N who="2" m="43115" /><F105/><W42/><G42/><T134/><D134/><U102/><E3/><V78/><F78/><W103/><G103/><T15/><D34/><U22/><E11/><N who="2" m="2455" /><F107/><W59/><G67/><T126/><D120/><U7/><E22/><N who="2" m="11631" /><F111/><W98/><G98/><T32/><D86/><U50/><E7/><V110/><F110/><W104/><G104/><T94/><D94/><N who="1" m="58743" /><E51/><V92/><F92/><W17/><REACH who="3" step="1"/><G14/><AGARI ba="0,0" hai="14,16,21,30,31" m="11631,2455,43115" machi="14" ten="30,3900,0" yaku="34,2,54,1" doraHai="28" who="2" fromWho="3" sc="314,0,370,0,181,39,135,-39" owari="314,11.4,370,47.0,220,-18.0,96,-40.4" /></mjloggm>