<mjloggm ver="2.3"><GO type="225" lobby="0"/><UN n0="%E3%82%BF%E3%83%BC%E3%83%90%E3%83%B3%E9%87%8E%E5%8F%A3" n1="%E5%A4%8F%E9%88%B4%E9%88%B4%E5%A4%8F" n2="%72%69%6F%75%63%68%61%6E" n3="%4E%6F%2E%30%30%30%31" dan="16,16,17,19" rate="2121.72,2129.16,2158.17,2234.71" sx="M,M,M,M"/><TAIKYOKU oya="0"/><INIT seed="0,0,0,0,0,8" ten="250,250,250,250" oya="0" hai0="122,82,30,93,104,62,25,41,7,102,101,95,39" hai1="99,81,125,33,20,68,118,114,91,19,48,0,69" hai2="59,85,106,21,116,27,129,75,13,57,86,38,131" hai3="119,47,42,130,12,88,5,36,58,17,98,78,65"/><T32/><D122/><U123/><E123/><V61/><F75/><W23/><G119/><T126/><D126/><U74/><E118/><V37/><F116/><W79/><G130/><N who="2" m="49673" /><F106/><W115/><G115/><T94/><D104/><U89/><E0/><V112/><F112/><W76/><G5/><T28/><D28/><U16/><E33/><V105/><F105/><W63/><REACH who="3" step="1"/><G76/><REACH who="3" ten="250,250,250,240" step="2"/><T83/><D7/><U3/><E114/><V110/><F110/><W70/><G70/><T24/><D101/><U108/><E68/><V15/><F37/><W1/><G1/><T92/><D102/><U45/><E69/><V121/><F38/><W124/><G124/><T133/><D39/><U4/><E108/><V29/><F121/><W103/><G103/><T71/><D71/><U43/><E125/><V60/><F57/><W55/><G55/><T34/><D41/><U51/><E3/><V134/><F134/><W18/><G18/><T40/><D40/><U109/><E4/><V35/><F35/><W66/><G66/><T64/><D133/><U11/><E109/><V117/><F117/><W132/><G132/><T80/><D32/><U44/><E19/><V22/><F59/><W54/><G54/><T111/><D111/><U49/><E43/><V52/><F52/><W97/><G97/><T127/><D127/><U2/><E99/><V113/><F113/><W9/><G9/><T120/><D120/><U67/><E67/><V87/><F22/><W26/><G26/><T128/><D24/><N who="1" m="14343" /><E11/><V56/><F56/><W77/><G77/><T100/><D128/><U72/><E2/><RYUUKYOKU ba="0,1" sc="250,-15,250,-15,250,15,240,15" hai2="13,15,21,27,29,60,61,85,86,87" hai3="12,17,23,36,42,47,58,63,65,78,79,88,98" /><INIT seed="1,1,1,0,2,84" ten="235,235,265,255" oya="1" hai0="26,81,111,67,78,35,91,20,2,22,19,109,58" hai1="75,18,85,30,99,133,33,48,101,129,32,87,114" hai2="66,41,47,23,5,122,115,68,92,34,69,93,98" hai3="63,120,49,37,73,106,36,119,116,42,61,13,52"/><U21/><E114/><V76/><F122/><W103/><G73/><T55/><D2/><U97/><E75/><V57/><F34/><W100/><G120/><T130/><D130/><U72/><E72/><V44/><F115/><W10/><G106/><T132/><D132/><U40/><E133/><V82/><F5/><W70/><G103/><T90/><D67/><U43/><E129/><V96/><F23/><W6/><G100/><T127/><D35/><U54/><E30/><V107/><F107/><W86/><G86/><N who="1" m="32778" /><E32/><V105/><F105/><W12/><G12/><N who="0" m="9319" /><D81/><U25/><E33/><V17/><F17/><W112/><G112/><T117/><D78/><U94/><E99/><V38/><F82/><W88/><G88/><T79/><D79/><U74/><E74/><V62/><F76/><W123/><G123/><T135/><D135/><U104/><E104/><V31/><F31/><W134/><G134/><T113/><D117/><N who="3" m="45129" /><G42/><T83/><D113/><U9/><E9/><V89/><REACH who="2" step="1"/><F47/><AGARI ba="1,1" hai="18,21,25,40,43,47,48,54,94,97,101" m="32778" machi="47" ten="30,1500,0" yaku="8,1" doraHai="84" who="1" fromWho="2" sc="235,0,235,28,265,-18,255,0" /><INIT seed="1,2,0,0,1,41" ten="235,263,247,255" oya="1" hai0="123,26,31,25,127,14,5,51,57,58,22,67,68" hai1="56,17,0,29,114,69,35,75,77,95,111,12,42" hai2="132,85,4,120,55,128,38,47,115,16,124,112,101" hai3="109,10,82,91,134,34,133,88,18,59,105,39,118"/><U19/><E69/><V99/><F120/><W40/><G34/><T13/><D127/><U100/><E0/><V32/><F124/><W6/><G105/><T21/><D123/><U135/><E114/><N who="2" m="43563" /><F32/><W72/><G109/><T2/><D2/><U87/><E75/><V43/><F4/><W50/><G118/><T103/><D103/><U78/><E19/><V106/><F128/><W92/><G18/><T7/><D68/><U119/><E56/><V90/><F132/><N who="3" m="50795" /><G39/><T65/><REACH who="0" step="1"/><D51/><REACH who="0" ten="225,263,247,255" step="2"/><U116/><E100/><V73/><F101/><W86/><G72/><T27/><D27/><U49/><E135/><V46/><F73/><W84/><G59/><T36/><D36/><U129/><E116/><V104/><F104/><W113/><G113/><T70/><D70/><U97/><E119/><V30/><F106/><W8/><G6/><T94/><D94/><U108/><E95/><V74/><F74/><W71/><G71/><T54/><D54/><U102/><E111/><V61/><F38/><W110/><G110/><T76/><D76/><U79/><E108/><V125/><F55/><W48/><G48/><T45/><D45/><AGARI ba="2,1" hai="8,10,40,45,50,82,84,86,88,91,92" m="50795" machi="45" ten="30,3900,0" yaku="20,1,52,1,54,1" doraHai="41" who="3" fromWho="0" sc="225,-45,263,0,247,0,255,55" /><INIT seed="2,0,0,4,2,109" ten="180,263,247,310" oya="2" hai0="4,28,100,91,80,129,93,22,36,92,15,114,90" hai1="85,16,106,76,0,113,82,25,54,71,97,119,134" hai2="13,74,77,8,35,117,30,23,5,10,63,1,43" hai3="47,17,84,24,107,9,103,66,50,126,67,115,120"/><V131/><F117/><W65/><G120/><T86/><D36/><U105/><E119/><V60/><F131/><W78/><G126/><T83/><D129/><U3/><E71/><V57/><F43/><W72/><G72/><T27/><D100/><U59/><E113/><V62/><F35/><W7/><G115/><T39/><D39/><U55/><E55/><V75/><F77/><W95/><G107/><T94/><D114/><U73/><E73/><V127/><F127/><W46/><G103/><T48/><D48/><U99/><E134/><V31/><F57/><W69/><G69/><T79/><REACH who="0" step="1"/><D83/><REACH who="0" ten="170,263,247,310" step="2"/><U112/><E82/><V68/><F68/><W38/><G50/><T102/><D102/><U135/><E106/><V116/><F116/><W41/><G38/><T61/><D61/><U20/><E105/><V101/><F101/><W45/><G41/><T40/><D40/><U32/><E135/><V124/><F124/><W96/><G95/><T81/><D81/><U53/><E112/><V110/><F110/><W133/><G133/><T42/><D42/><U21/><E0/><V87/><F63/><W128/><G128/><T49/><D49/><U11/><E3/><V98/><F62/><W111/><G111/><T19/><D19/><U125/><E16/><V29/><F60/><W51/><G51/><T14/><D14/><U44/><E125/><V104/><F1/><N who="3" m="239" /><G17/><T12/><D12/><U37/><E37/><V18/><F18/><W88/><G65/><T52/><D52/><U56/><E53/><V33/><F13/><W108/><G108/><T89/><D89/><RYUUKYOKU ba="0,1" sc="170,30,263,-10,247,-10,310,-10" hai0="4,15,22,27,28,79,80,86,90,91,92,93,94" /><INIT seed="3,1,1,0,5,131" ten="200,253,237,300" oya="3" hai0="57,28,104,76,87,121,35,107,100,30,61,1,41" hai1="106,36,73,17,70,71,72,42,102,94,3,13,4" hai2="86,105,90,12,58,43,49,133,91,47,65,5,37" hai3="69,19,68,97,98,26,0,62,111,128,15,11,48"/><W81/><G0/><T10/><D121/><U64/><E94/><V8/><F105/><W14/><G128/><T50/><D35/><U45/><E17/><V7/><F133/><W99/><G111/><T77/><D104/><U34/><E13/><V44/><F5/><W55/><G26/><T63/><D107/><U93/><E93/><V83/><F65/><W92/><G92/><T56/><D1/><U18/><E18/><V89/><REACH who="2" step="1"/><F58/><REACH who="2" ten="200,253,227,300" step="2"/><N who="0" m="22634" /><D100/><U134/><E134/><V53/><AGARI ba="1,2" hai="7,8,12,37,43,44,47,49,53,83,86,89,90,91" machi="53" ten="20,2700,0" yaku="1,1,0,1,7,1,53,0" doraHai="131" doraHaiUra="130" who="2" fromWho="2" sc="200,-8,253,-8,227,50,300,-14" /><INIT seed="4,0,0,4,2,109" ten="192,245,277,286" oya="0" hai0="102,68,62,30,29,54,44,16,31,100,78,94,23" hai1="106,96,10,11,24,76,67,95,98,101,86,4,64" hai2="26,119,128,121,124,33,127,21,126,90,112,116,113" hai3="5,99,115,80,22,66,1,32,97,35,46,110,3"/><T59/><D68/><U43/><E43/><V27/><F121/><W40/><G110/><T91/><D78/><U118/><E118/><N who="2" m="45099" /><F128/><W61/><G115/><N who="2" m="44105" /><F33/><W117/><G32/><T107/><D44/><U131/><E24/><N who="2" m="9259" /><F21/><W79/><G35/><T75/><D75/><U7/><E131/><V39/><F90/><W69/><G22/><T50/><D107/><U52/><E106/><V130/><F130/><W120/><G120/><T71/><D71/><U15/><E10/><V135/><F135/><W93/><G117/><T111/><D111/><U0/><E11/><V49/><F49/><W84/><G5/><T25/><REACH who="0" step="1"/><D50/><REACH who="0" ten="182,245,277,286" step="2"/><U14/><E76/><V63/><F39/><W122/><G122/><T114/><D114/><U134/><E134/><V53/><F126/><W36/><G99/><AGARI ba="0,1" hai="16,23,25,29,30,31,54,59,62,91,94,99,100,102" machi="99" ten="40,12000,1" yaku="1,1,25,2,8,1,54,1,53,0" doraHai="109" doraHaiUra="103" who="0" fromWho="3" sc="182,130,245,0,277,0,286,-120" owari="312,41.2,245,-15.5,277,7.7,166,-33.4" /></mjloggm>