<mjloggm ver="2.3"><GO type="225" lobby="0"/><UN n0="%E5%AF%82%E5%AF%9E%E3%82%AE%E3%83%8D%E3%82%B9%E3%83%93%E3%83%BC%E3%83%AB" n1="%E6%97%A5%E6%9B%9C%E6%97%A5%E3%82%88%E3%82%8A%E3%81%AE%E4%BD%BF%E8%80%85" n2="%48%61%61%61%6C%61%6E%64" n3="%E3%81%86%E3%82%8C%E3%81%9F%E3%82%93%E6%9E%95" dan="16,17,17,16" rate="2135.57,2207.07,2232.79,2101.22" sx="M,M,M,F"/><TAIKYOKU oya="0"/><INIT seed="0,0,0,0,2,46" ten="250,250,250,250" oya="0" hai0="127,124,54,73,104,130,5,15,24,26,95,47,17" hai1="36,45,7,2,60,113,56,135,52,122,101,25,128" hai2="10,48,44,89,53,30,131,9,12,102,107,97,86" hai3="29,118,59,98,40,125,88,77,76,18,120,123,80"/><T110/><D104/><U8/><E122/><N who="3" m="46634" /><G118/><T0/><D73/><U55/><E128/><V1/><F131/><W23/><G125/><N who="0" m="48203" /><D130/><U108/><E108/><V62/><F1/><W61/><G40/><T57/><D47/><U133/><E113/><V66/><F30/><W43/><G43/><T11/><D95/><U100/><E25/><N who="0" m="9833" /><D110/><U116/><E116/><V31/><F31/><W132/><G29/><T71/><D71/><U119/><E119/><V37/><F37/><W28/><G28/><T94/><D94/><U114/><E114/><V75/><F75/><W103/><G103/><T51/><D0/><U96/><E36/><V99/><F99/><W20/><G98/><T90/><D90/><U129/><E129/><V85/><F89/><W69/><G69/><T39/><D39/><U81/><E81/><V91/><F91/><W16/><G132/><N who="1" m="50762" /><E96/><V27/><F27/><W33/><G33/><T83/><D83/><U14/><E2/><V92/><F107/><W58/><G88/><T38/><D38/><U111/><E111/><V13/><F86/><N who="3" m="48391" /><G77/><T49/><D17/><N who="3" m="6761" /><G59/><T121/><D121/><U126/><E126/><V63/><F85/><W3/><G3/><T21/><D21/><U109/><E109/><V6/><F97/><W115/><G115/><T35/><D35/><U70/><E70/><N who="2" m="42327" /><F92/><W64/><AGARI ba="0,0" hai="20,23,58,61,64" m="6761,48391,46634" machi="64" ten="30,2000,0" yaku="13,1,54,1" doraHai="46" who="3" fromWho="3" sc="250,-10,250,-5,250,-5,250,20" /><INIT seed="1,0,0,2,5,52" ten="240,245,245,270" oya="1" hai0="107,14,25,63,72,118,98,73,94,86,11,28,7" hai1="81,6,120,105,76,8,82,65,26,129,87,59,62" hai2="103,5,51,29,56,109,44,122,117,45,1,66,134" hai3="127,68,50,131,20,23,13,70,37,47,135,93,46"/><U126/><E120/><V116/><F122/><W41/><G131/><T91/><D118/><U124/><E105/><V119/><F109/><W53/><G135/><T3/><D3/><U54/><E129/><V0/><F134/><W102/><G127/><N who="1" m="48682" /><E26/><V71/><F29/><W4/><G23/><T32/><D107/><U95/><E95/><V84/><F103/><W123/><G123/><T69/><REACH who="0" step="1"/><D98/><REACH who="0" ten="230,245,245,270" step="2"/><U113/><E113/><V21/><F117/><W115/><G115/><T121/><D121/><U33/><E33/><V80/><F116/><W55/><G102/><T132/><D132/><U99/><E99/><V9/><F0/><W101/><G101/><T15/><D15/><N who="1" m="5527" /><E82/><V114/><F119/><W2/><G93/><T36/><D36/><U60/><E65/><AGARI ba="0,1" hai="7,11,14,25,28,32,63,65,69,72,73,86,91,94" machi="65" ten="40,1300,0" yaku="1,1,53,0" doraHai="52" doraHaiUra="78" who="0" fromWho="1" sc="230,23,245,-13,245,0,270,0" /><INIT seed="2,0,0,1,0,41" ten="253,232,245,270" oya="2" hai0="107,90,108,69,101,116,135,58,89,2,9,48,49" hai1="44,127,103,134,35,96,11,50,79,75,117,36,126" hai2="98,86,120,94,76,71,28,38,92,57,42,16,80" hai3="113,61,55,15,128,84,83,8,43,78,59,81,10"/><V27/><F120/><W97/><G128/><T102/><D69/><U32/><E117/><V4/><F71/><W22/><G113/><T104/><D58/><U6/><E134/><V66/><F4/><W25/><G43/><T115/><D9/><U123/><E123/><V12/><F38/><W70/><G70/><T7/><D7/><U65/><E65/><V68/><F42/><W106/><G83/><T33/><D33/><U133/><E133/><V114/><F68/><W73/><G73/><T60/><D135/><U40/><E50/><V20/><F114/><W109/><G109/><T13/><D13/><U119/><E119/><V118/><F118/><W47/><G47/><T24/><D24/><U29/><E29/><V82/><F82/><W1/><G1/><T34/><D34/><N who="1" m="12843" /><E96/><V23/><REACH who="2" step="1"/><F98/><REACH who="2" ten="253,232,235,270" step="2"/><W14/><G97/><T95/><D116/><U129/><E129/><V0/><F0/><W62/><G81/><T53/><D2/><N who="1" m="471" /><E103/><V130/><F130/><W111/><G111/><T112/><D108/><U17/><E17/><V100/><F100/><W91/><G106/><T30/><D30/><U26/><E26/><V122/><F122/><W18/><G25/><T45/><D101/><U105/><E105/><V31/><F31/><W93/><G78/><T19/><D102/><U21/><E21/><V77/><F77/><W52/><G22/><T56/><D19/><U125/><E79/><V132/><F132/><W124/><G18/><T37/><D107/><U39/><E39/><V87/><F87/><W67/><G84/><T121/><D104/><U99/><E99/><RYUUKYOKU ba="0,1" sc="253,-15,232,15,235,15,270,-15" hai1="36,40,44,75,125,126,127" hai2="12,16,20,23,27,28,57,66,76,80,86,92,94" /><INIT seed="2,1,1,4,1,82" ten="238,247,250,255" oya="2" hai0="40,72,27,114,58,9,63,3,111,91,125,60,100" hai1="61,25,23,103,89,57,13,49,55,124,107,130,22" hai2="8,46,126,84,80,17,37,85,128,73,29,24,134" hai3="76,26,122,67,120,117,48,4,133,19,11,127,87"/><V81/><F126/><W35/><G127/><T95/><D125/><U119/><E124/><V43/><F128/><W129/><G129/><T59/><D114/><U56/><E130/><V135/><F73/><W34/><G117/><T51/><D72/><U92/><E119/><V116/><F116/><W99/><G133/><N who="2" m="50697" /><F80/><W131/><G131/><T108/><D100/><U16/><E107/><V110/><F110/><N who="0" m="42026" /><D27/><U98/><E103/><V52/><F81/><W30/><G99/><N who="0" m="57855" /><D40/><U20/><REACH who="1" step="1"/><E13/><REACH who="1" ten="238,237,250,255" step="2"/><N who="2" m="7335" /><F52/><AGARI ba="1,2" hai="16,20,22,23,25,49,52,55,56,57,61,89,92,98" machi="52" ten="30,12000,2" yaku="1,1,7,1,25,2,8,1,54,2,53,0" doraHai="82" doraHaiUra="104" who="1" fromWho="2" sc="238,0,237,143,250,-123,255,0" /><INIT seed="3,0,0,0,0,97" ten="238,380,127,255" oya="3" hai0="19,56,107,132,84,59,123,58,71,91,121,101,39" hai1="54,103,62,93,100,17,51,86,10,61,37,124,98" hai2="72,118,130,117,113,26,64,12,135,41,131,66,88" hai3="69,70,85,76,128,52,126,33,77,45,80,7,127"/><W125/><G128/><T15/><D71/><U133/><E37/><V63/><F72/><W115/><G115/><T8/><D39/><U87/><E103/><V35/><F12/><W112/><G112/><T95/><D132/><U49/><E124/><V31/><F113/><W83/><G33/><T2/><D2/><U16/><E133/><V68/><F135/><W11/><G45/><T20/><D107/><U110/><E110/><V46/><F88/><N who="3" m="51239" /><G52/><T48/><D101/><U99/><E99/><V122/><F122/><W94/><G94/><T109/><D109/><U50/><E10/><V79/><F79/><N who="3" m="30283" /><G83/><T129/><D129/><U82/><E87/><V134/><F134/><W0/><AGARI ba="0,0" hai="0,7,11,69,70,125,126,127" m="30283,51239" machi="0" ten="40,3900,0" yaku="18,1,54,1" doraHai="97" who="3" fromWho="3" sc="238,-13,380,-13,127,-13,255,39" /><INIT seed="3,1,0,3,2,57" ten="225,367,114,294" oya="3" hai0="14,124,41,92,98,86,118,94,3,107,85,91,62" hai1="89,128,72,29,44,36,47,18,43,27,13,22,67" hai2="54,31,70,125,133,105,16,61,49,135,104,52,35" hai3="9,68,132,84,120,2,0,24,8,81,97,113,58"/><W39/><G120/><T117/><D3/><U73/><E128/><V74/><F74/><W50/><G113/><T59/><D107/><U23/><E67/><V111/><F31/><W1/><G132/><T6/><D41/><U65/><E65/><V76/><F76/><W122/><G68/><T115/><D124/><U90/><E47/><V116/><F35/><W106/><G39/><T87/><D115/><U102/><E102/><V21/><F116/><W131/><G131/><T5/><D118/><U34/><E34/><V103/><F125/><W71/><G71/><T88/><D117/><U112/><E112/><V25/><F111/><W75/><G122/><T19/><D6/><U129/><E129/><V48/><F48/><W17/><G75/><T134/><D5/><U123/><E123/><V26/><F26/><W45/><G58/><T110/><D110/><U60/><E60/><V126/><F126/><W95/><G17/><T63/><D134/><N who="2" m="51210" /><F103/><W15/><G24/><T99/><D59/><U28/><E73/><V10/><F10/><AGARI ba="1,0" hai="10,14,19,62,63,85,86,87,88,91,92,94,98,99" machi="10" ten="40,8000,1" yaku="9,1,8,1,52,2,54,1" doraHai="57" who="0" fromWho="2" sc="225,83,367,0,114,-83,294,0" owari="308,10.8,367,46.7,31,-46.9,294,-10.6" /></mjloggm>