<mjloggm ver="2.3"><GO type="225" lobby="0"/><UN n0="%E3%81%BF%E3%81%BF%E3%81%9A" n1="%E3%81%99%E3%81%84%E3%81%BE%E3%81%9B%E3%83%BC%E3%82%93" n2="%E3%80%93%E3%81%97%E3%83%BC%E3%82%89%E3%80%93" n3="%E6%A1%9C%E8%8A%B1%E9%96%83%E3%80%85" dan="17,18,16,16" rate="2280.36,2217.05,2082.19,2136.49" sx="M,M,M,M"/><TAIKYOKU oya="0"/><INIT seed="0,0,0,5,0,129" ten="250,250,250,250" oya="0" hai0="107,25,125,134,84,1,120,79,33,64,115,106,65" hai1="49,105,88,20,99,13,58,42,47,46,108,36,27" hai2="56,61,23,97,38,21,9,103,83,93,66,32,76" hai3="67,113,132,16,44,55,100,95,15,69,19,131,11"/><T90/><D120/><U135/><E108/><V24/><F38/><W81/><G113/><T0/><D115/><U104/><E135/><V5/><F32/><W57/><G131/><T28/><D79/><U118/><E118/><V114/><F114/><W12/><G69/><T80/><D125/><U4/><E58/><V59/><F59/><W29/><G132/><T63/><D65/><U26/><E4/><V40/><F40/><W22/><G81/><T89/><D134/><U73/><E73/><V101/><F101/><W7/><G29/><T75/><D75/><U117/><E117/><V128/><F128/><W109/><G109/><T121/><D89/><U53/><E13/><V37/><F37/><W8/><G44/><T17/><D17/><U111/><E111/><V48/><F48/><W50/><G67/><T77/><D90/><U6/><E6/><V14/><REACH who="2" step="1"/><F24/><REACH who="2" ten="250,250,240,250" step="2"/><W10/><REACH who="3" step="1"/><G7/><REACH who="3" ten="250,250,240,240" step="2"/><T91/><D121/><U18/><REACH who="1" step="1"/><E27/><REACH who="1" ten="250,240,240,240" step="2"/><V133/><F133/><W39/><G39/><T54/><D25/><U74/><E74/><AGARI ba="0,3" hai="5,9,14,21,23,56,61,66,74,76,83,93,97,103" machi="74" ten="30,3900,0" yaku="1,1,7,1,53,1" doraHai="129" doraHaiUra="3" who="2" fromWho="1" sc="250,0,240,-39,240,69,240,0" /><INIT seed="1,0,0,0,5,12" ten="250,201,309,240" oya="1" hai0="128,94,81,116,38,15,61,44,122,53,112,47,52" hai1="34,126,4,31,27,42,67,19,29,57,86,70,88" hai2="117,127,21,65,1,50,80,114,28,74,89,72,118" hai3="75,58,5,48,134,107,16,35,77,8,121,17,97"/><U82/><E70/><V2/><F65/><W120/><G35/><T90/><D112/><U7/><E126/><V84/><F127/><W13/><G134/><T54/><D116/><U98/><E42/><V22/><F114/><W87/><G75/><T62/><D128/><U11/><E31/><V100/><F100/><W95/><G107/><T45/><D38/><U83/><E83/><V130/><F130/><W49/><G121/><T99/><D122/><U25/><E98/><V108/><F50/><N who="3" m="19563" /><G58/><T56/><D56/><U68/><E68/><V92/><F28/><W110/><G110/><T106/><D106/><U32/><E32/><V24/><F108/><W93/><G120/><T73/><D73/><U33/><E33/><V39/><F39/><W0/><G0/><T63/><D15/><U91/><E91/><V69/><F69/><W64/><G64/><T129/><D129/><U132/><E132/><V124/><F124/><W85/><G95/><T96/><D81/><U123/><E123/><V104/><F104/><W66/><G66/><T60/><N who="0" m="15360" /><DORA hai="125" /><T109/><D109/><U18/><E57/><V36/><F36/><W101/><G77/><T103/><D103/><U9/><E67/><V40/><F40/><W111/><G111/><T26/><D26/><N who="1" m="9739" /><E34/><V37/><F37/><W43/><G43/><T51/><D51/><U10/><E29/><V133/><F133/><W131/><G131/><T23/><D99/><U3/><E3/><V55/><F1/><W46/><G46/><T6/><D6/><AGARI ba="0,0" hai="4,6,7,9,10,11,18,19,82,86,88" m="9739" machi="6" ten="30,11600,0" yaku="8,1,52,2,54,1" doraHai="12,125" who="1" fromWho="0" sc="250,-116,201,116,309,0,240,0" /><INIT seed="1,1,0,5,1,94" ten="134,317,309,240" oya="1" hai0="92,26,115,54,12,129,61,35,59,25,112,29,42" hai1="114,105,58,53,63,102,72,123,95,93,106,5,109" hai2="78,55,27,98,67,80,24,128,111,38,0,117,15" hai3="20,107,14,13,3,19,77,18,126,121,132,69,30"/><U22/><E114/><V108/><F0/><W2/><G69/><T73/><D73/><U76/><E123/><V104/><F38/><W70/><G70/><T130/><D42/><U31/><E5/><V34/><F117/><W124/><G107/><T113/><D12/><N who="3" m="4713" /><G77/><T17/><D17/><N who="3" m="6153" /><G121/><T84/><D84/><U16/><E31/><V89/><F15/><W71/><G71/><T56/><D26/><U103/><E106/><V99/><F89/><W81/><G81/><T23/><D35/><U4/><E105/><V116/><F104/><W85/><G85/><T110/><D110/><N who="2" m="42026" /><F116/><W60/><G60/><T68/><D68/><U50/><E109/><V1/><F67/><W11/><G132/><T51/><REACH who="0" step="1"/><D92/><REACH who="0" ten="124,317,309,240" step="2"/><U33/><E93/><V88/><F34/><W86/><G86/><T39/><D39/><U90/><E33/><V44/><F27/><N who="3" m="16743" /><G11/><T49/><D49/><U133/><E50/><V96/><F1/><AGARI ba="1,1" hai="1,2,3,124,126" m="16743,6153,4713" machi="1" ten="30,2000,0" yaku="34,2" doraHai="94" who="3" fromWho="2" sc="124,0,317,0,309,-23,240,33" /><INIT seed="2,0,0,0,0,6" ten="124,317,286,273" oya="2" hai0="83,32,48,1,36,76,18,43,34,90,99,70,89" hai1="113,87,15,77,109,101,102,121,56,122,23,0,47" hai2="105,40,69,67,44,35,72,58,14,38,91,116,134" hai3="7,13,66,78,81,130,120,85,37,12,75,126,94"/><V53/><F72/><W17/><G120/><N who="1" m="46186" /><E0/><V93/><F105/><W128/><G37/><T100/><D70/><U41/><E109/><V107/><F35/><W114/><G126/><T73/><D48/><U106/><E106/><V54/><F107/><W5/><G66/><T135/><D135/><U86/><E56/><V112/><F112/><W111/><G111/><T127/><D127/><U104/><E113/><V133/><F116/><W16/><G114/><T30/><D100/><N who="1" m="38507" /><E104/><V84/><F14/><N who="3" m="5739" /><G94/><T88/><D99/><U124/><E77/><V24/><F24/><W21/><G75/><T110/><D110/><U132/><E132/><N who="2" m="50795" /><F69/><W65/><G65/><T46/><D18/><N who="3" m="7273" /><G21/><T117/><D117/><U31/><E124/><V49/><F67/><W82/><G82/><T10/><REACH who="0" step="1"/><D30/><REACH who="0" ten="114,317,286,273" step="2"/><U33/><E31/><V79/><F49/><W28/><G28/><T64/><D64/><U103/><E103/><V11/><F38/><W97/><G97/><T71/><D71/><U19/><E33/><V129/><F44/><W108/><G108/><T3/><D3/><U4/><E4/><AGARI ba="0,1" hai="1,4,10,32,34,36,43,46,73,76,83,88,89,90" machi="4" ten="40,8000,1" yaku="1,1,25,2,52,1,54,1,53,0" doraHai="6" doraHaiUra="60" who="0" fromWho="1" sc="114,90,317,-80,286,0,273,0" /><INIT seed="3,0,0,5,4,94" ten="204,237,286,273" oya="3" hai0="10,2,58,63,15,80,131,135,28,120,133,124,132" hai1="17,116,3,86,35,70,75,106,109,108,62,53,78" hai2="30,64,87,74,27,91,7,84,81,1,20,101,82" hai3="129,37,48,57,123,54,45,32,117,31,90,22,73"/><W33/><G117/><T18/><D120/><U68/><E116/><V39/><F39/><W51/><G123/><T99/><D131/><U103/><E17/><V12/><F74/><W43/><G129/><T44/><D124/><U79/><E86/><V102/><F1/><W0/><G0/><T38/><D2/><U114/><E114/><V47/><F47/><W98/><G73/><T36/><D44/><U4/><E53/><V77/><REACH who="2" step="1"/><F64/><REACH who="2" ten="204,237,276,273" step="2"/><W85/><G37/><T50/><D50/><U60/><E3/><V49/><F49/><W96/><G33/><T40/><D40/><U83/><E35/><V13/><F13/><W105/><G32/><T24/><D80/><U72/><E83/><V71/><F71/><W110/><G51/><T56/><D56/><U19/><E70/><V16/><F16/><W126/><G57/><T25/><D25/><U42/><E19/><V34/><F34/><W14/><G14/><T59/><D59/><U119/><E42/><V89/><F89/><W21/><G90/><T128/><D128/><U93/><E68/><V134/><F134/><W8/><G43/><T66/><REACH who="0" step="1"/><D99/><REACH who="0" ten="194,237,276,273" step="2"/><U127/><E119/><V76/><F76/><W113/><G98/><T61/><D61/><U118/><E118/><V65/><F65/><W11/><G96/><T5/><D5/><U107/><E62/><V29/><F29/><W104/><G31/><T130/><D130/><U122/><E60/><V115/><F115/><W111/><G113/><T46/><D46/><U112/><E112/><V6/><F6/><W92/><G45/><T52/><D52/><RYUUKYOKU ba="0,2" sc="194,15,237,-15,276,15,273,-15" hai0="10,15,18,24,28,36,38,58,63,66,132,133,135" hai2="7,12,20,27,30,77,81,82,84,87,91,101,102" /><INIT seed="4,1,2,5,2,7" ten="209,222,291,258" oya="0" hai0="61,2,53,11,19,99,113,40,110,24,90,27,134" hai1="34,5,84,12,80,78,58,33,74,51,120,101,32" hai2="119,9,39,108,130,26,86,63,14,66,104,68,44" hai3="35,42,46,106,126,103,36,28,72,115,50,38,13"/><T97/><D113/><U48/><E120/><V98/><F108/><W45/><G115/><T89/><D110/><U56/><E74/><V21/><F130/><W62/><G72/><T22/><D40/><U87/><E101/><V95/><F104/><W67/><G126/><T107/><D134/><U6/><E12/><V73/><F73/><W109/><G109/><T83/><D107/><U118/><E118/><V49/><F39/><W70/><G13/><N who="0" m="7615" /><D2/><U77/><E34/><V92/><F86/><W114/><G46/><T10/><D10/><U20/><E20/><V4/><F98/><N who="0" m="37386" /><D83/><AGARI ba="1,2" hai="5,6,32,33,48,51,56,58,77,78,80,83,84,87" machi="83" ten="25,1600,0" yaku="22,2" doraHai="7" who="1" fromWho="0" sc="209,-19,222,39,291,0,258,0" /><INIT seed="5,0,0,4,1,93" ten="190,261,291,258" oya="1" hai0="50,12,118,119,23,129,114,33,89,29,1,17,28" hai1="92,130,73,83,90,27,76,108,39,81,101,18,84" hai2="24,72,38,43,2,14,15,132,120,10,13,117,31" hai3="96,127,58,91,60,59,66,49,112,0,56,105,47"/><U133/><E39/><V75/><F117/><W95/><G112/><T104/><D104/><U135/><E27/><V62/><F120/><W102/><G127/><T21/><D50/><U44/><E18/><V123/><F123/><W128/><G128/><T46/><D46/><U88/><E44/><V98/><F132/><N who="1" m="50761" /><E130/><V70/><F43/><W85/><REACH who="3" step="1"/><G0/><REACH who="3" ten="190,261,291,248" step="2"/><T82/><D129/><U64/><E108/><V55/><F2/><W20/><G20/><T110/><D110/><U106/><E64/><V65/><F65/><W87/><G87/><N who="0" m="50423" /><D33/><U19/><E19/><V11/><F72/><W100/><G100/><T30/><D114/><U99/><E106/><V5/><F75/><W77/><G77/><AGARI ba="0,1" hai="73,76,77,81,83,84,88,90,92,99,101" m="50761" machi="77" ten="30,12000,1" yaku="20,1,34,2,52,1,54,1" doraHai="93" who="1" fromWho="3" sc="190,0,261,130,291,0,248,-120" owari="190,-21.0,391,49.1,291,9.1,128,-37.2" /></mjloggm>