<mjloggm ver="2.3"><GO type="225" lobby="0"/><UN n0="%E3%83%B4%E3%82%A3%E3%83%AF%E3%82%B3%E3%82%B0%E3%83%8B" n1="%E5%8F%AF%E5%85%90%E9%82%A3%E7%94%B1%E5%A4%9A" n2="%E3%81%AA%E3%81%A1%30%39%32%37" n3="%E6%B0%B7%E5%B7%9D%E9%87%8C%E5%A5%88" dan="16,16,16,16" rate="2136.88,2236.19,2103.70,2122.63" sx="M,F,M,F"/><TAIKYOKU oya="0"/><INIT seed="0,0,0,0,5,69" ten="250,250,250,250" oya="0" hai0="108,58,22,20,90,10,54,42,9,23,98,41,134" hai1="75,73,80,88,43,27,101,93,92,48,109,14,99" hai2="103,97,45,66,1,100,127,26,91,52,62,119,29" hai3="83,123,8,102,16,124,95,70,15,113,96,130,78"/><T121/><D121/><U115/><E109/><V30/><F1/><W40/><G113/><T87/><D134/><U122/><E122/><V3/><F3/><W94/><G123/><T107/><D108/><U72/><E115/><V110/><F110/><W77/><G70/><T135/><D135/><U19/><E27/><V12/><F127/><W55/><G124/><T13/><D98/><U18/><E80/><V31/><F26/><W57/><G130/><T67/><D67/><U61/><E61/><V32/><F32/><W37/><G95/><T47/><D107/><U131/><E131/><V86/><F97/><W79/><G40/><T46/><D41/><U25/><E25/><V89/><F89/><W60/><REACH who="3" step="1"/><G37/><REACH who="3" ten="250,250,250,240" step="2"/><T126/><D126/><U6/><E93/><V85/><F119/><W125/><G125/><T129/><D129/><U2/><E101/><V111/><F111/><W104/><G104/><T105/><D105/><U36/><E36/><V63/><F103/><W106/><G106/><T71/><D71/><U5/><E43/><V114/><F100/><W76/><G76/><T65/><D42/><U34/><E92/><V33/><F114/><W11/><G11/><T133/><D133/><U38/><E38/><V50/><F91/><W4/><G4/><N who="0" m="3239" /><D10/><U53/><E5/><V44/><F33/><W84/><AGARI ba="0,1" hai="8,15,16,55,57,60,77,78,79,83,84,94,96,102" machi="84" ten="20,8000,1" yaku="1,1,0,1,7,1,8,1,54,1,53,0" doraHai="69" doraHaiUra="0" who="3" fromWho="3" sc="250,-40,250,-20,250,-20,240,90" /><INIT seed="1,0,0,2,1,47" ten="210,230,230,330" oya="1" hai0="107,110,108,56,32,53,22,117,42,72,87,126,26" hai1="92,125,62,124,96,19,48,122,12,6,11,27,7" hai2="41,10,90,59,118,135,80,49,128,38,111,54,106" hai3="120,119,101,115,51,34,84,83,71,105,23,133,4"/><U79/><E122/><V29/><F118/><W37/><G120/><T109/><D117/><U121/><E121/><V20/><F106/><W104/><G119/><T40/><D72/><U58/><E79/><V2/><F111/><W98/><G37/><T95/><D32/><U131/><E131/><V129/><F135/><W5/><G34/><T60/><D107/><U85/><E85/><N who="2" m="50471" /><F38/><W30/><G115/><T16/><D126/><N who="1" m="48747" /><E27/><N who="2" m="16615" /><F41/><W13/><G71/><T113/><REACH who="0" step="1"/><D113/><REACH who="0" ten="200,230,230,330" step="2"/><U89/><E48/><N who="2" m="31175" /><F2/><W65/><G105/><T1/><D1/><U57/><E57/><V24/><F129/><W123/><G123/><T94/><D94/><U44/><E44/><V28/><F128/><W134/><G104/><T43/><D43/><U102/><E102/><V45/><F49/><W67/><G51/><T97/><D97/><U46/><E46/><V64/><F45/><W77/><G98/><T74/><D74/><U36/><E36/><V39/><F39/><W14/><G101/><T93/><D93/><U75/><E75/><V76/><F28/><W50/><G30/><T0/><D0/><U63/><E63/><V81/><F81/><W88/><G50/><T8/><D8/><U127/><E127/><V31/><F10/><W116/><G116/><T69/><D69/><U114/><E114/><V132/><F132/><W9/><G134/><T86/><D86/><U33/><E33/><V78/><F78/><W52/><G77/><T82/><D82/><U18/><E62/><V112/><F76/><W68/><G133/><T73/><D73/><U70/><E70/><V103/><F112/><RYUUKYOKU ba="0,1" sc="200,30,230,-10,230,-10,330,-10" hai0="16,22,26,40,42,53,56,60,87,95,108,109,110" /><INIT seed="2,1,1,1,5,84" ten="230,220,220,320" oya="2" hai0="66,62,125,16,67,70,64,128,129,104,22,97,31" hai1="57,86,91,77,105,76,99,134,74,8,37,113,101" hai2="127,41,90,106,28,109,72,19,87,133,65,42,17" hai3="126,75,33,15,47,5,116,71,79,7,58,52,9"/><V39/><F106/><W54/><G116/><T46/><D31/><U51/><E37/><V107/><F107/><W50/><G71/><T85/><D125/><U131/><E113/><V43/><F39/><W32/><G126/><T119/><D119/><U1/><E134/><V103/><F127/><W108/><G108/><T29/><D29/><U55/><E131/><N who="0" m="50249" /><D85/><U59/><E74/><V100/><F72/><W93/><G7/><T132/><D46/><U4/><REACH who="1" step="1"/><E59/><REACH who="1" ten="230,210,220,320" step="2"/><V10/><F133/><W130/><G130/><T80/><D132/><U3/><E3/><V98/><F109/><W25/><G75/><T13/><D80/><AGARI ba="1,2" hai="1,4,8,51,55,57,76,77,80,86,91,99,101,105" machi="80" ten="30,7700,0" yaku="1,1,7,1,52,1,53,1" doraHai="84" doraHaiUra="35" who="1" fromWho="0" sc="230,-80,210,100,220,0,320,0" /><INIT seed="3,0,0,4,4,25" ten="150,310,220,320" oya="3" hai0="26,20,134,108,2,27,70,132,119,5,13,126,6" hai1="74,96,56,18,69,16,17,77,66,21,43,100,109" hai2="53,135,59,99,34,44,30,106,24,83,103,4,39" hai3="78,11,29,90,46,98,67,55,94,72,84,117,131"/><W65/><G117/><T54/><D70/><U82/><E69/><V80/><F135/><N who="0" m="51754" /><D54/><U60/><E109/><V118/><F118/><W50/><G131/><T89/><D89/><U76/><E76/><V15/><F4/><N who="0" m="1642" /><D119/><U102/><E43/><V14/><F44/><W28/><G11/><T57/><D57/><U35/><E35/><V71/><F39/><W107/><G72/><T111/><D2/><U116/><E116/><V79/><F71/><W40/><G40/><T51/><D51/><U9/><E102/><V95/><F106/><W33/><G33/><T91/><D91/><U19/><E9/><V32/><F32/><W85/><G107/><T88/><D88/><U128/><E128/><V62/><F83/><N who="3" m="47223" /><G98/><T115/><D126/><U12/><E18/><V31/><F31/><AGARI ba="0,0" hai="28,29,31,46,50,55,65,67,85,90,94" m="47223" machi="31" ten="30,11600,0" yaku="8,1,52,3" doraHai="25" who="3" fromWho="2" sc="150,0,310,0,220,-116,320,116" owari="150,-25.0,310,11.0,104,-39.6,436,53.6" /></mjloggm>