<mjloggm ver="2.3"><GO type="225" lobby="0"/><UN n0="%E6%98%93%E5%88%A9%E8%96%A9%E4%BC%AF" n1="%E9%BB%99%E8%81%B4%E3%81%AE%E3%81%99%E3%82%9D%E3%82%81" n2="%72%65%6E%6B%75%6E" n3="%E6%98%BC%E4%B8%8B%E3%81%8C%E3%82%8A%E3%81%AE%E5%9B%A3%E5%9C%B0%E5%A6%BB" dan="16,16,17,16" rate="2083.63,2118.69,2244.17,2143.45" sx="F,M,M,F"/><TAIKYOKU oya="0"/><INIT seed="0,0,0,4,2,82" ten="250,250,250,250" oya="0" hai0="133,51,127,118,85,31,114,81,89,18,105,39,91" hai1="97,108,60,135,33,47,32,3,86,26,79,50,122" hai2="7,62,53,16,99,87,55,12,2,94,43,10,34" hai3="73,111,11,121,24,5,92,76,63,90,134,25,84"/><T22/><D114/><U42/><E122/><V69/><F34/><W126/><G121/><T57/><D118/><U45/><E3/><V29/><F29/><W21/><G111/><T52/><D127/><U65/><E135/><V77/><F43/><W110/><G110/><T46/><D133/><U113/><E113/><V125/><F125/><W117/><G134/><T0/><D0/><U78/><E97/><V17/><F69/><W123/><G123/><T75/><D105/><U68/><E26/><V6/><F17/><W30/><G126/><T41/><D75/><U40/><E108/><V4/><F62/><W131/><G131/><T54/><D54/><U107/><E107/><V20/><F20/><W120/><G120/><T27/><REACH who="0" step="1"/><D31/><REACH who="0" ten="240,250,250,250" step="2"/><U109/><E109/><V101/><F2/><W8/><G73/><T132/><D132/><U13/><E42/><V19/><F19/><W80/><G30/><T70/><D70/><U36/><E68/><V28/><F28/><W102/><G5/><T98/><D98/><U95/><E40/><V83/><AGARI ba="0,1" hai="4,6,7,10,12,16,53,55,77,83,87,94,99,101" machi="83" ten="30,7900,0" yaku="0,1,8,1,52,1,54,1" doraHai="82" who="2" fromWho="2" sc="240,-39,250,-20,250,89,250,-20" /><INIT seed="1,0,0,0,4,30" ten="201,230,339,230" oya="1" hai0="55,118,74,109,59,50,6,12,33,75,42,110,70" hai1="43,79,23,68,21,124,95,38,99,123,66,39,86" hai2="53,120,40,130,37,135,19,22,63,28,119,36,0" hai3="51,131,27,52,112,17,116,76,111,125,64,48,25"/><U54/><E123/><V84/><F0/><W26/><G112/><T78/><D70/><U46/><E39/><V60/><F119/><W94/><G116/><T62/><D118/><U18/><E124/><V96/><F120/><W1/><G1/><T107/><D107/><U4/><E4/><V72/><F72/><W10/><G125/><T13/><D75/><U91/><E68/><V102/><F28/><W82/><G131/><T73/><D74/><U45/><E66/><V31/><F31/><W56/><G111/><N who="0" m="42507" /><D6/><U58/><E45/><V134/><F84/><N who="3" m="48199" /><G64/><N who="0" m="39007" /><D42/><U83/><REACH who="1" step="1"/><E18/><REACH who="1" ten="201,220,339,230" step="2"/><V128/><F37/><W97/><G56/><N who="0" m="32887" /><D33/><U92/><E92/><N who="2" m="58631" /><F128/><W115/><G115/><T65/><D65/><U29/><E29/><V32/><F130/><W90/><G52/><T127/><D127/><U89/><E89/><V3/><F32/><W24/><N who="3" m="6144" /><DORA hai="87" /><W61/><G90/><T80/><AGARI ba="0,1" hai="12,13,73,78,80" m="32887,39007,42507" machi="80" ten="30,1100,0" yaku="14,1" doraHai="30,87" who="0" fromWho="0" sc="201,21,220,-5,339,-3,230,-3" /><INIT seed="2,0,0,5,1,102" ten="222,215,336,227" oya="2" hai0="0,99,78,48,93,113,50,134,85,11,109,124,115" hai1="96,86,10,6,67,17,132,30,92,65,114,116,64" hai2="9,83,4,120,55,84,29,106,32,77,1,111,49" hai3="97,37,73,131,88,62,51,61,90,118,135,103,58"/><V100/><F120/><W133/><G118/><T47/><D109/><U22/><E132/><N who="3" m="50762" /><G37/><T53/><D134/><U15/><E114/><V18/><F111/><W128/><G73/><T20/><D124/><U57/><E116/><V42/><F42/><W101/><G51/><T130/><D130/><N who="3" m="49705" /><G103/><T105/><D20/><U21/><E86/><V91/><F18/><W36/><G36/><T44/><D105/><U26/><E21/><V76/><F32/><W40/><G40/><T82/><D11/><U28/><REACH who="1" step="1"/><E57/><REACH who="1" ten="222,205,336,227" step="2"/><V126/><F126/><W72/><G72/><T121/><D121/><U46/><E46/><V63/><F84/><W19/><G58/><T45/><D45/><U68/><E68/><V59/><F59/><W129/><G129/><T117/><D117/><U81/><E81/><V14/><F83/><W13/><G61/><T5/><D115/><U23/><E23/><V8/><F63/><W24/><G62/><T60/><D60/><U16/><E16/><V69/><F69/><W127/><G127/><T52/><D113/><U38/><E38/><V110/><F110/><W71/><G71/><T56/><D56/><U107/><E107/><V7/><F106/><N who="3" m="63791" /><G24/><T43/><D43/><U98/><E98/><V2/><F29/><W27/><G27/><T75/><D75/><U123/><E123/><V104/><F104/><W35/><G35/><T87/><D87/><U122/><E122/><V66/><F4/><W95/><G95/><T39/><D39/><U125/><E125/><V119/><F7/><W79/><G19/><T41/><D41/><U74/><E74/><RYUUKYOKU ba="0,1" sc="222,-10,205,30,336,-10,227,-10" hai1="6,10,15,17,22,26,28,30,64,65,67,92,96" /><INIT seed="3,1,1,2,3,2" ten="212,235,326,217" oya="3" hai0="52,37,27,108,102,39,41,78,62,118,100,106,0" hai1="45,13,103,49,117,92,60,40,63,83,79,56,87" hai2="7,28,113,135,115,12,69,10,44,134,76,54,32" hai3="47,72,46,105,110,8,22,107,77,99,21,70,93"/><W61/><G110/><T127/><D118/><U64/><E117/><V59/><F69/><W48/><G8/><T111/><D127/><U133/><E133/><N who="2" m="50699" /><F76/><W124/><G124/><T29/><D0/><U128/><E128/><V101/><F101/><N who="0" m="39018" /><D106/><U55/><E13/><V131/><F131/><W68/><G72/><T121/><D121/><U25/><E25/><N who="2" m="18447" /><F44/><W88/><G77/><T81/><D41/><U132/><E132/><V75/><F75/><W51/><G68/><T119/><D119/><U85/><E63/><AGARI ba="1,1" hai="7,10,12,54,59,63,113,115" m="18447,50699" machi="63" ten="30,2000,0" yaku="20,1,52,1" doraHai="2" who="2" fromWho="1" sc="212,0,235,-23,326,33,217,0" owari="212,-18.8,212,-28.8,359,45.9,217,1.7" /></mjloggm>