<mjloggm ver="2.3"><GO type="225" lobby="0"/><UN n0="%E3%81%AF%E3%82%88%E3%81%8A%E3%81%98%E3%81%95%E3%82%93" n1="%E3%83%9F%E3%83%AA%E3%83%80%E3%81%97%E3%82%88" n2="%E3%81%A1%E3%82%85%E3%81%86%E3%81%A9%E3%81%8F%E8%B1%A1%E3%81%95%E3%82%93" n3="%E9%A2%A8%E3%81%A7%E9%B3%B4%E3%81%8F" dan="16,16,16,16" rate="2202.16,2049.35,2075.65,2113.51" sx="M,M,M,M"/><TAIKYOKU oya="0"/><INIT seed="0,0,0,4,5,121" ten="250,250,250,250" oya="0" hai0="135,95,92,1,74,54,101,116,18,96,107,48,69" hai1="21,127,97,87,30,73,13,35,28,109,3,106,37" hai2="76,20,12,46,105,33,134,47,129,90,41,27,59" hai3="89,118,98,94,83,61,34,103,113,93,99,4,2"/><T80/><D116/><U8/><E73/><V117/><F105/><W58/><G118/><T5/><BYE who="2" /><D69/><U52/><E37/><UN n2="%E3%81%A1%E3%82%85%E3%81%86%E3%81%A9%E3%81%8F%E8%B1%A1%E3%81%95%E3%82%93" /><V72/><F129/><W124/><G34/><T81/><D135/><U63/><E127/><V42/><F117/><W0/><G113/><T86/><D18/><U102/><E3/><V132/><F33/><W24/><G124/><T43/><D43/><U119/><E35/><V131/><F12/><W67/><G4/><T40/><D40/><U110/><E119/><V75/><F59/><W130/><G130/><T50/><D50/><U104/><E104/><V32/><F32/><W68/><G68/><T6/><D80/><U123/><E87/><V78/><F90/><W29/><REACH who="3" step="1"/><G83/><REACH who="3" ten="250,250,250,240" step="2"/><T100/><D5/><U60/><E123/><V53/><F131/><W38/><G38/><T31/><D6/><U11/><E63/><V122/><F122/><W55/><G55/><T62/><D62/><U14/><E60/><V65/><F53/><W57/><G57/><T45/><D1/><U128/><E52/><V120/><F120/><W85/><G85/><T16/><D74/><U79/><E128/><V126/><F126/><W77/><G77/><T82/><D81/><U15/><E79/><V51/><F78/><W125/><G125/><T10/><D82/><U70/><E70/><V64/><F76/><W49/><G49/><T56/><D56/><U84/><E84/><V112/><F51/><W114/><G114/><T23/><D86/><U111/><E30/><V19/><F112/><W88/><G88/><T108/><D31/><U91/><E91/><RYUUKYOKU ba="0,1" sc="250,-15,250,15,250,-15,240,15" hai1="8,11,13,14,15,21,28,97,102,106,109,110,111" hai3="0,2,24,29,58,61,67,89,93,94,98,99,103" /><INIT seed="1,1,1,4,1,103" ten="235,265,235,255" oya="1" hai0="74,84,20,19,131,72,30,120,121,4,115,5,57" hai1="31,14,17,47,45,33,96,51,90,93,26,78,28" hai2="95,125,16,133,40,18,27,22,64,110,134,101,88" hai3="99,81,13,116,70,86,38,82,1,118,85,129,52"/><U59/><E78/><V3/><F3/><W94/><G1/><T36/><D115/><U80/><E80/><N who="3" m="30826" /><G70/><T62/><D36/><U75/><E75/><N who="0" m="28713" /><D30/><U91/><E31/><N who="2" m="17911" /><F110/><W60/><G38/><T7/><D84/><U68/><E68/><V126/><F101/><W73/><G73/><T119/><D119/><N who="3" m="45609" /><G13/><T48/><D48/><U61/><E91/><V105/><F105/><W29/><G29/><T127/><D127/><N who="2" m="48650" /><F40/><W12/><G12/><T10/><D10/><U34/><E34/><V32/><F64/><W54/><G129/><T35/><D35/><U71/><E71/><V79/><F79/><W114/><G114/><T102/><D102/><U63/><E59/><V104/><F104/><W113/><G113/><T135/><D131/><U123/><E47/><V66/><F66/><W107/><G107/><T69/><D69/><U65/><E65/><V25/><F32/><W42/><G42/><T41/><D41/><U92/><E92/><V124/><F124/><W44/><G44/><T111/><D111/><U56/><E56/><V98/><F25/><W2/><G2/><T46/><D46/><U6/><E6/><V109/><F109/><W43/><G43/><T87/><D57/><U23/><REACH who="1" step="1"/><E123/><REACH who="1" ten="235,255,235,255" step="2"/><N who="0" m="47177" /><D62/><U55/><AGARI ba="1,2" hai="14,17,23,26,28,33,45,51,55,61,63,90,93,96" machi="55" ten="20,3900,0" yaku="1,1,0,1,7,1,53,0" doraHai="103" doraHaiUra="130" who="1" fromWho="1" sc="235,-14,255,62,235,-14,255,-14" /><INIT seed="1,2,0,5,4,83" ten="221,317,221,241" oya="1" hai0="13,76,97,3,28,105,117,66,12,36,74,92,46" hai1="113,63,87,101,108,14,84,19,88,38,86,130,17" hai2="16,1,49,31,126,44,27,30,39,61,111,45,78" hai3="32,90,124,42,50,103,58,23,95,131,57,91,100"/><U29/><E113/><V40/><F1/><W70/><G70/><T106/><D117/><U4/><E38/><V26/><F111/><W102/><G32/><T35/><D3/><U18/><E108/><V96/><F126/><W107/><G107/><T80/><D66/><U82/><E130/><V52/><F78/><W2/><G2/><T93/><D93/><U73/><E101/><V53/><F96/><W129/><G124/><T68/><D68/><U99/><E73/><V5/><F5/><W98/><G23/><T43/><D28/><U125/><E125/><V48/><F61/><W104/><G104/><T71/><D35/><U119/><E29/><V59/><REACH who="2" step="1"/><F26/><REACH who="2" ten="221,317,211,241" step="2"/><W55/><G129/><T109/><D109/><U122/><E63/><V15/><F15/><W47/><G131/><T112/><D112/><U75/><E119/><V120/><F120/><W20/><G20/><AGARI ba="2,1" hai="16,20,27,30,31,39,40,44,45,48,49,52,53,59" machi="20" ten="40,8000,1" yaku="1,1,54,2,53,2" doraHai="83" doraHaiUra="24" who="2" fromWho="3" sc="221,0,317,0,211,96,241,-86" /><INIT seed="2,0,0,2,3,109" ten="221,317,307,155" oya="2" hai0="54,130,123,58,91,41,17,115,56,9,18,52,37" hai1="100,101,20,66,125,132,77,74,29,116,33,93,49" hai2="118,68,3,59,103,63,8,87,19,105,80,14,12" hai3="126,57,129,10,79,107,83,32,88,15,7,108,121"/><V113/><F118/><W70/><G107/><T51/><D123/><U119/><E33/><V95/><F105/><W84/><G70/><T30/><D130/><U34/><E34/><V2/><F68/><W35/><G121/><T36/><D30/><U1/><E1/><V89/><F113/><W62/><G108/><T76/><D115/><U114/><E114/><V96/><REACH who="2" step="1"/><F12/><REACH who="2" ten="221,317,297,155" step="2"/><W97/><G129/><T22/><D76/><U26/><E77/><V4/><F4/><W67/><REACH who="3" step="1"/><G126/><REACH who="3" ten="221,317,297,145" step="2"/><T102/><D36/><U127/><E127/><V117/><F117/><W72/><G72/><T135/><D37/><U124/><E74/><V6/><F6/><W23/><G23/><T45/><D22/><U65/><E125/><V69/><F69/><W71/><G71/><T40/><D9/><U133/><E124/><V78/><F78/><W44/><G44/><T94/><D45/><U128/><E119/><V50/><F50/><W27/><G27/><T90/><D51/><U75/><E49/><V47/><F47/><W48/><G48/><T25/><D25/><U61/><E26/><V85/><F85/><W46/><G46/><T16/><D41/><U110/><E116/><V60/><F60/><W98/><G98/><T106/><D40/><U81/><E61/><V73/><F73/><W21/><G21/><T5/><D106/><U64/><E75/><V134/><F134/><W53/><G53/><AGARI ba="0,2" hai="2,3,8,14,19,53,59,63,80,87,89,95,96,103" machi="53" ten="30,2900,0" yaku="1,1,7,1,53,0" doraHai="109" doraHaiUra="131" who="2" fromWho="3" sc="221,0,317,0,297,49,145,-29" /><INIT seed="2,1,0,0,0,107" ten="221,317,346,116" oya="2" hai0="61,68,48,21,44,73,50,59,101,10,14,58,113" hai1="94,9,82,132,135,105,84,37,24,56,19,95,124" hai2="43,40,38,99,41,67,89,23,119,126,91,96,114" hai3="111,79,87,112,17,20,110,131,55,28,118,51,76"/><V106/><F119/><W117/><G28/><T108/><D113/><U86/><E105/><V88/><F114/><W103/><G103/><T57/><D108/><N who="3" m="41513" /><G112/><T13/><D73/><U81/><E37/><V120/><F120/><W63/><G63/><T102/><D68/><U5/><E56/><N who="0" m="21609" /><D21/><N who="1" m="13375" /><E124/><V3/><F3/><W30/><G30/><T71/><D71/><U127/><E127/><V122/><F126/><W115/><G115/><T116/><D116/><N who="3" m="44649" /><G87/><T70/><D70/><U60/><E60/><V98/><F122/><W8/><G8/><T4/><D13/><U66/><E66/><V31/><F67/><W109/><N who="3" m="41521" /><W15/><DORA hai="93" /><G131/><T26/><D26/><U11/><E11/><V123/><F123/><W64/><G64/><N who="0" m="38975" /><D48/><U36/><E36/><V125/><F125/><W52/><G51/><T104/><D104/><U100/><E86/><V134/><F38/><W74/><G76/><T128/><D128/><U18/><E84/><V39/><F39/><W83/><AGARI ba="1,0" hai="15,17,20,52,55,74,79,83" m="44649,41521" machi="83" ten="50,6400,0" yaku="14,1,52,1,54,1" doraHai="107,93" who="3" fromWho="3" sc="221,-17,317,-17,346,-33,116,67" /><INIT seed="3,0,0,0,5,97" ten="204,300,313,183" oya="3" hai0="102,113,24,83,110,22,104,41,33,120,93,108,81" hai1="123,21,128,43,80,15,37,134,52,60,2,91,1" hai2="49,55,6,98,85,44,46,62,116,103,73,45,27" hai3="25,109,127,132,17,23,31,135,30,59,115,119,75"/><W3/><G75/><T125/><D104/><U131/><E123/><V61/><F73/><W57/><G119/><T84/><D120/><U96/><E134/><N who="3" m="51242" /><G115/><T82/><D113/><U71/><E43/><V106/><F116/><W117/><G117/><T12/><D125/><U124/><E37/><V76/><F6/><W19/><G127/><T38/><D41/><U101/><E91/><V129/><F129/><N who="1" m="49737" /><E80/><V29/><F76/><W9/><G109/><N who="0" m="42091" /><D33/><U8/><E21/><V56/><REACH who="2" step="1"/><F85/><REACH who="2" ten="204,300,303,183" step="2"/><W126/><G126/><T64/><D84/><U14/><E124/><V66/><F66/><W70/><G70/><T54/><D64/><N who="1" m="41351" /><E52/><V95/><F95/><W77/><G77/><T87/><D93/><N who="1" m="58511" /><E15/><V50/><F50/><W32/><G3/><T40/><D12/><U72/><E72/><V100/><F100/><W0/><G0/><T48/><D102/><U88/><E88/><V13/><F13/><N who="3" m="7343" /><G32/><AGARI ba="0,1" hai="27,29,32,44,45,46,49,55,56,61,62,98,103,106" machi="32" ten="40,2600,0" yaku="1,1,52,1,53,0" doraHai="97" doraHaiUra="4" who="2" fromWho="3" sc="204,0,300,0,303,36,183,-26" owari="204,-19.6,300,10.0,339,43.9,157,-34.3" /></mjloggm>