<mjloggm ver="2.3"><GO type="225" lobby="0"/><UN n0="%E3%81%AA%E3%81%BE%E3%81%91%E8%80%85" n1="%73%75%7A%75%6D%65%33" n2="%6D%75%75%6D%75%72%61" n3="%E7%B4%94%E6%BD%94%E3%83%94%E3%83%A9%E3%83%8B%E3%82%A2" dan="16,17,16,17" rate="2063.12,2234.23,2205.20,2249.55" sx="M,M,F,M"/><TAIKYOKU oya="0"/><INIT seed="0,0,0,1,4,28" ten="250,250,250,250" oya="0" hai0="43,87,128,119,76,80,36,124,78,56,10,5,62" hai1="37,105,69,72,1,103,8,84,19,134,34,82,74" hai2="126,58,0,13,71,133,135,52,39,22,118,114,125" hai3="131,57,2,24,79,30,127,132,63,17,94,68,116"/><T53/><D119/><U60/><E134/><N who="2" m="51211" /><F71/><W47/><G68/><T38/><D128/><U14/><E1/><V77/><F0/><W23/><G2/><T111/><D124/><N who="2" m="47722" /><F39/><W110/><G131/><T32/><D32/><U15/><E37/><V18/><F114/><W115/><G115/><T112/><D112/><U81/><E81/><V7/><F77/><W35/><G79/><T3/><D111/><U67/><E34/><V121/><F121/><W100/><G110/><T44/><D38/><U29/><E29/><V97/><F97/><W70/><G70/><T21/><D21/><U9/><E103/><V6/><F118/><W98/><G116/><T51/><D78/><U16/><REACH who="1" step="1"/><E105/><REACH who="1" ten="250,240,250,250" step="2"/><V130/><F130/><W108/><G127/><T107/><D107/><U50/><E50/><AGARI ba="0,1" hai="6,7,13,18,22,50,52,58" m="47722,51211" machi="50" ten="30,3900,0" yaku="20,1,18,1,54,1" doraHai="28" who="2" fromWho="1" sc="250,0,240,-39,250,49,250,0" /><INIT seed="1,0,0,2,4,16" ten="250,201,299,250" oya="1" hai0="53,33,74,96,88,76,87,17,133,77,104,84,124" hai1="52,35,37,45,29,36,43,123,32,25,116,101,85" hai2="51,50,102,127,24,22,49,92,70,21,39,48,129" hai3="11,62,117,1,47,20,44,113,65,2,57,64,6"/><U112/><E123/><V106/><F106/><W118/><G113/><T9/><D33/><U8/><E112/><V55/><F39/><W125/><G125/><T105/><D9/><U5/><E116/><N who="3" m="44650" /><G1/><T134/><D53/><U100/><E37/><V111/><F127/><W0/><G0/><T128/><D17/><U15/><E32/><V120/><F120/><W91/><G91/><T75/><D124/><U80/><REACH who="1" step="1"/><E52/><REACH who="1" ten="250,191,299,250" step="2"/><V83/><F55/><N who="3" m="34111" /><G20/><T23/><D23/><U54/><E54/><V82/><F21/><W89/><G65/><T119/><D134/><U132/><E132/><V3/><F22/><W107/><G64/><T30/><D133/><U122/><E122/><V110/><F24/><W114/><G114/><T71/><D119/><U41/><E41/><V130/><F49/><W115/><G115/><T61/><D61/><U59/><E59/><V79/><F50/><W19/><G44/><T10/><D30/><U27/><E27/><V78/><F51/><W131/><G47/><T46/><D46/><U126/><E126/><V63/><F48/><W73/><G11/><T94/><D10/><U56/><E56/><V42/><F63/><W97/><G2/><T103/><D71/><U4/><E4/><V60/><F42/><W67/><G6/><T121/><D121/><U90/><AGARI ba="0,1" hai="5,8,15,25,29,35,36,43,45,80,85,90,100,101" machi="90" ten="20,7800,0" yaku="1,1,0,1,7,1,53,1" doraHai="16" doraHaiUra="38" who="1" fromWho="1" sc="250,-26,191,88,299,-26,250,-26" /><INIT seed="1,1,0,1,3,96" ten="224,279,273,224" oya="1" hai0="131,72,68,108,41,92,57,61,55,121,60,82,122" hai1="126,17,79,27,98,39,90,106,70,51,53,109,59" hai2="110,0,15,100,58,132,128,33,11,69,89,25,95" hai3="48,83,36,13,76,18,31,101,8,16,63,71,35"/><U134/><E70/><V118/><F69/><W2/><G36/><T20/><D108/><U84/><E39/><V28/><F118/><W52/><G2/><T40/><D82/><U9/><E109/><V97/><F110/><W19/><G101/><T102/><D72/><U62/><E134/><V129/><F132/><W6/><G35/><T130/><D20/><U125/><E79/><V117/><F117/><W111/><G31/><T133/><D92/><U75/><E75/><V86/><F0/><W42/><G42/><N who="0" m="16491" /><D102/><N who="1" m="62807" /><E62/><V4/><REACH who="2" step="1"/><F58/><REACH who="2" ten="224,279,263,224" step="2"/><W12/><G111/><T14/><D133/><U107/><E59/><V94/><AGARI ba="1,1" hai="4,11,15,25,28,33,86,89,94,95,97,100,128,129" machi="94" ten="30,7900,0" yaku="1,1,2,1,0,1,52,1,53,0" doraHai="96" doraHaiUra="65" who="2" fromWho="2" sc="224,-21,279,-40,263,92,224,-21" /><INIT seed="2,0,0,5,0,78" ten="203,239,355,203" oya="2" hai0="31,90,27,131,67,43,93,25,112,121,125,15,23" hai1="96,20,56,19,107,95,10,63,65,85,133,123,58" hai2="101,68,40,38,98,77,132,117,75,118,110,61,2" hai3="81,5,119,86,55,106,89,29,0,71,72,88,69"/><V108/><F2/><W54/><G119/><T128/><D112/><U30/><E107/><N who="2" m="63927" /><F40/><W94/><G106/><T22/><D121/><U76/><E133/><V100/><F100/><W60/><G72/><T39/><D67/><U28/><E123/><V114/><F114/><W7/><G29/><T9/><D43/><U59/><E10/><V4/><F4/><W24/><G24/><T6/><D39/><U97/><E97/><V50/><F50/><W11/><G5/><T26/><D93/><U14/><E76/><V53/><F38/><W135/><G135/><T124/><D90/><U70/><REACH who="1" step="1"/><E85/><REACH who="1" ten="203,229,355,203" step="2"/><V79/><F79/><W92/><G86/><T105/><D105/><U45/><E45/><V104/><F132/><W134/><G134/><T41/><D41/><U109/><E109/><V73/><F104/><W42/><G42/><T36/><D36/><U130/><E130/><N who="0" m="49705" /><D31/><U49/><E49/><V17/><F110/><W111/><G111/><T84/><D84/><U116/><E116/><V127/><F108/><W62/><G89/><AGARI ba="0,1" hai="14,19,20,28,30,56,58,59,63,65,70,89,95,96" machi="89" ten="40,2600,0" yaku="1,1,53,1" doraHai="78" doraHaiUra="66" who="1" fromWho="3" sc="203,0,229,36,355,0,203,-26" /><INIT seed="3,0,0,0,5,6" ten="203,265,355,177" oya="3" hai0="128,76,125,123,22,35,96,82,93,42,5,8,129" hai1="28,98,36,127,4,61,19,104,71,85,65,106,15" hai2="56,95,81,1,120,53,38,124,9,39,49,133,54" hai3="17,70,94,78,66,77,37,107,122,51,10,135,72"/><W105/><G37/><T115/><D123/><U47/><E127/><V20/><F124/><W101/><G122/><T79/><D35/><U2/><E28/><V117/><F117/><W75/><G70/><T16/><D125/><U91/><E98/><V109/><F109/><W13/><G66/><T99/><D42/><U86/><E86/><V29/><F133/><W30/><G135/><T131/><D115/><U121/><E121/><V27/><F81/><W18/><G30/><T83/><D83/><U90/><E90/><V43/><F43/><W112/><G112/><T63/><D63/><U116/><E116/><V0/><F0/><W44/><G94/><T73/><D79/><U25/><E25/><V80/><F80/><W92/><G92/><T12/><REACH who="0" step="1"/><D93/><REACH who="0" ten="193,265,355,177" step="2"/><U7/><E61/><V32/><F32/><W84/><G78/><T103/><D103/><U132/><E132/><V62/><F62/><W21/><G101/><T11/><D11/><U89/><E106/><V57/><F95/><W60/><G60/><T41/><D41/><U48/><E104/><V88/><F120/><W118/><G118/><T46/><D46/><U58/><E47/><V26/><F39/><W50/><G107/><T119/><D119/><U97/><E36/><V34/><F38/><W87/><G105/><T102/><D102/><U33/><E33/><V14/><F34/><W52/><G51/><T64/><D64/><U3/><E65/><V31/><F49/><W23/><G10/><T134/><D134/><U113/><E48/><V108/><F9/><W130/><G77/><T55/><D55/><RYUUKYOKU ba="0,1" sc="193,30,265,-10,355,-10,177,-10" hai0="5,8,12,16,22,73,76,82,96,99,128,129,131" owari="223,-17.7,255,5.5,355,45.5,167,-33.3" /></mjloggm>