<mjloggm ver="2.3"><GO type="225" lobby="0"/><UN n0="%6D%75%75%6D%75%72%61" n1="%E3%81%9F%E3%81%93%E2%98%86%E7%84%BC%E3%81%8D" n2="%E2%91%A3%E9%81%BF%E9%81%8A%E6%88%AF%E3%80%90%E6%9D%B1%E5%8D%97%E3%80%91" n3="%E3%81%95%E3%81%8D%E3%81%9F%E3%81%BE%E6%9E%97%E6%AA%8E" dan="16,16,16,16" rate="2123.81,2097.78,2035.23,2063.41" sx="F,M,M,M"/><TAIKYOKU oya="0"/><INIT seed="0,0,0,3,5,76" ten="250,250,250,250" oya="0" hai0="81,53,48,39,112,11,121,4,85,84,132,51,113" hai1="99,38,33,129,93,63,75,61,87,27,89,86,37" hai2="46,60,8,119,83,28,127,106,103,70,26,19,105" hai3="50,80,1,29,3,41,62,125,134,55,95,91,69"/><T59/><D121/><U96/><E75/><V122/><F122/><W57/><G134/><T67/><D39/><U117/><E117/><V52/><F119/><W115/><G115/><T109/><D132/><U124/><E124/><V5/><F127/><W131/><G125/><T82/><D67/><U133/><E129/><V15/><F70/><W100/><G131/><T126/><D126/><U97/><E133/><V74/><F103/><W135/><G135/><T2/><D51/><U21/><E33/><V22/><F5/><W79/><G100/><T128/><D128/><U36/><REACH who="1" step="1"/><E87/><REACH who="1" ten="250,240,250,250" step="2"/><V78/><REACH who="2" step="1"/><F46/><REACH who="2" ten="250,240,240,250" step="2"/><N who="3" m="25935" /><G3/><T18/><D112/><U111/><E111/><V20/><F20/><W34/><G1/><T42/><D113/><U9/><E9/><V77/><F77/><W16/><G34/><T17/><D109/><U92/><E92/><V65/><F65/><W107/><G107/><T58/><D2/><U32/><E32/><V116/><F116/><W101/><G95/><T68/><D11/><U25/><E25/><V64/><F64/><W118/><G118/><T123/><D123/><U98/><N who="1" m="24576" /><DORA hai="47" /><U102/><E102/><V130/><F130/><W45/><G101/><T10/><D10/><U66/><E66/><V110/><F110/><W54/><G45/><T7/><D68/><U44/><E44/><V73/><F73/><W72/><G72/><T120/><D120/><U0/><E0/><V35/><F35/><W13/><G79/><T90/><D59/><AGARI ba="0,2" hai="8,15,19,22,26,28,52,59,60,74,78,83,105,106" machi="59" ten="40,8000,1" yaku="1,1,52,1,54,1,53,1" doraHai="76,47" doraHaiUra="14,40" who="2" fromWho="0" sc="250,-80,240,0,240,100,250,0" /><INIT seed="1,0,0,5,1,94" ten="170,240,340,250" oya="1" hai0="60,108,93,104,27,126,80,105,56,19,4,63,17" hai1="38,83,48,45,32,59,112,3,62,110,98,77,89" hai2="133,61,88,117,102,21,2,58,130,134,35,120,7" hai3="9,132,54,26,103,101,55,97,86,18,40,75,91"/><U15/><E3/><V87/><F120/><W0/><G75/><T121/><D121/><U20/><E32/><V73/><F73/><W123/><G132/><T125/><D4/><U82/><E38/><V10/><F35/><W72/><G72/><T74/><D108/><U42/><E77/><V1/><F117/><W57/><G40/><T81/><D74/><U24/><E15/><V6/><F102/><W64/><G123/><T65/><D93/><N who="1" m="56623" /><E112/><V66/><F21/><W51/><G103/><T44/><D27/><U113/><E113/><V13/><F130/><W122/><G122/><T114/><D114/><U30/><E110/><V68/><F68/><W36/><G36/><T90/><D90/><U124/><E124/><V34/><F34/><W33/><G33/><T119/><D56/><U67/><AGARI ba="0,0" hai="20,24,30,42,45,48,59,62,67,82,83" m="56623" machi="67" ten="30,3000,0" yaku="8,1,52,1" doraHai="94" who="1" fromWho="1" sc="170,-10,240,30,340,-10,250,-10" /><INIT seed="1,1,0,4,1,7" ten="160,270,330,240" oya="1" hai0="71,52,77,21,80,3,113,105,126,100,130,28,49" hai1="131,65,66,4,16,85,112,86,58,27,101,24,79" hai2="25,47,106,98,55,43,89,32,123,18,33,63,13" hai3="128,82,70,102,87,45,1,62,54,48,84,93,41"/><U97/><E112/><V108/><F108/><W40/><G128/><T104/><D113/><U20/><E131/><V61/><F123/><W116/><G116/><T107/><D130/><U46/><E4/><V6/><F6/><W8/><G70/><T103/><D3/><U125/><E125/><V118/><F118/><W10/><G1/><T96/><D71/><U135/><E46/><V50/><F25/><W29/><G29/><T129/><D129/><U99/><E135/><V88/><F106/><W31/><G31/><T74/><D126/><U36/><E36/><V124/><F124/><W119/><G119/><T59/><REACH who="0" step="1"/><D103/><REACH who="0" ten="150,270,330,240" step="2"/><U53/><E101/><V72/><F33/><W120/><G120/><T11/><D11/><N who="3" m="4137" /><G102/><T12/><D12/><U44/><E27/><AGARI ba="1,1" hai="21,27,28,49,52,59,74,77,80,96,100,104,105,107" machi="27" ten="40,2600,0" yaku="1,1,54,1,53,0" doraHai="7" doraHaiUra="5" who="0" fromWho="1" sc="150,39,270,-29,330,0,240,0" /><INIT seed="2,0,0,3,4,95" ten="189,241,330,240" oya="2" hai0="5,79,80,50,34,43,85,24,28,88,12,74,13" hai1="20,63,107,56,84,117,116,17,21,105,16,25,83" hai2="99,49,128,61,4,18,3,94,100,38,133,124,97" hai3="90,23,108,39,127,120,129,81,33,113,30,109,98"/><V93/><F38/><W52/><G120/><T6/><D12/><U111/><E111/><N who="3" m="42570" /><G33/><T14/><D14/><U10/><E10/><V101/><F124/><W2/><G2/><T40/><D50/><U112/><E112/><V67/><F133/><W57/><G39/><T15/><D15/><U103/><E21/><V46/><F128/><W110/><G113/><T76/><D76/><U32/><E17/><V58/><F3/><W114/><G114/><T44/><D44/><U35/><E107/><V68/><F4/><W96/><G129/><T65/><D65/><U45/><E45/><V60/><F18/><W72/><G72/><T130/><D130/><U41/><E41/><V1/><F1/><W54/><G54/><T9/><REACH who="0" step="1"/><D6/><REACH who="0" ten="179,241,330,240" step="2"/><U66/><E117/><V121/><F121/><W75/><G110/><T26/><D26/><U102/><E116/><V59/><F61/><N who="3" m="36007" /><G127/><T37/><D37/><U7/><E7/><V91/><F91/><W131/><G131/><T29/><D29/><U77/><E66/><V104/><F104/><W70/><G70/><T115/><D115/><U47/><E105/><V62/><F62/><W89/><G89/><T123/><D123/><U55/><E47/><V51/><F51/><W8/><G90/><T106/><D106/><U11/><E63/><V0/><F0/><W31/><G31/><T122/><D122/><U82/><E77/><V53/><AGARI ba="0,1" hai="46,49,53,58,59,60,67,68,93,94,97,99,100,101" machi="53" ten="20,12000,1" yaku="0,1,7,1,9,1,52,2" doraHai="95" who="2" fromWho="2" sc="179,-40,241,-40,330,130,240,-40" /><INIT seed="2,1,0,1,0,42" ten="139,201,460,200" oya="2" hai0="125,115,16,109,68,78,13,80,82,4,103,44,32" hai1="37,107,134,24,0,83,10,122,31,67,62,133,74" hai2="19,93,45,43,123,100,97,8,129,7,70,128,33" hai3="39,119,117,105,121,131,79,23,98,35,104,126,120"/><V71/><F123/><W63/><G35/><T38/><D115/><U116/><E37/><V77/><F19/><W61/><G39/><T73/><D109/><U12/><E0/><V65/><F33/><W113/><G113/><T28/><D125/><U130/><E107/><V56/><F56/><W20/><G79/><T57/><D68/><U41/><E41/><V1/><F77/><W50/><G50/><T21/><D4/><U48/><E48/><V22/><F22/><W47/><G98/><T53/><D82/><U72/><E116/><V36/><REACH who="2" step="1"/><F65/><REACH who="2" ten="139,201,450,200" step="2"/><W66/><G66/><T84/><D32/><U11/><E67/><V5/><F5/><W87/><G23/><T69/><D28/><U135/><E31/><V40/><F40/><W127/><G20/><T108/><D108/><U112/><E122/><V92/><F92/><W124/><G126/><T101/><D73/><U96/><E74/><V102/><F102/><W17/><G17/><T59/><D69/><AGARI ba="1,1" hai="1,7,8,36,43,45,69,70,71,93,97,100,128,129" machi="69" ten="40,3900,0" yaku="1,1,52,1,53,0" doraHai="42" doraHaiUra="26" who="2" fromWho="0" sc="139,-42,201,0,450,52,200,0" /><INIT seed="2,2,0,1,0,47" ten="97,201,502,200" oya="2" hai0="133,88,56,70,39,58,81,62,44,99,21,7,134" hai1="102,29,8,36,87,55,48,117,108,126,31,60,118" hai2="64,129,128,30,82,76,91,79,46,61,95,85,52" hai3="107,6,103,0,41,50,89,78,34,1,9,90,125"/><V3/><F3/><W109/><G109/><T111/><D70/><U131/><E36/><V83/><F30/><W45/><G125/><T24/><D111/><U67/><E126/><V127/><F127/><W15/><G34/><T86/><D7/><U11/><E102/><V32/><F32/><W110/><G110/><T18/><D99/><U43/><E43/><V42/><F82/><W57/><G78/><T2/><D2/><U49/><E87/><V53/><F79/><W93/><G107/><T10/><D10/><U27/><E27/><V17/><F17/><W40/><G40/><T135/><REACH who="0" step="1"/><D62/><REACH who="0" ten="87,201,502,200" step="2"/><U96/><E60/><V28/><F129/><W71/><G71/><T113/><D113/><U132/><E96/><V119/><F128/><W98/><G1/><T33/><D33/><U92/><E131/><V23/><F119/><W13/><G0/><T19/><D19/><U120/><E108/><V75/><F28/><W54/><REACH who="3" step="1"/><G15/><REACH who="3" ten="87,201,502,190" step="2"/><T20/><D20/><U112/><E118/><V84/><F23/><W80/><G80/><T106/><D106/><U5/><E117/><V59/><REACH who="2" step="1"/><F75/><REACH who="2" ten="87,201,492,190" step="2"/><W115/><G115/><T51/><D51/><AGARI ba="2,3" hai="42,46,51,52,53,59,61,64,76,83,84,85,91,95" machi="51" ten="30,18000,2" yaku="1,1,2,1,7,1,8,1,52,1,54,1,53,0" doraHai="47" doraHaiUra="97" who="2" fromWho="0" sc="87,-186,201,0,492,216,190,0" /><AGARI ba="2,0" hai="6,9,13,41,45,50,51,54,57,89,90,93,98,103" machi="51" ten="30,12000,2" yaku="1,1,7,1,8,1,52,2,53,1" doraHai="47" doraHaiUra="97" who="3" fromWho="0" sc="-99,-120,201,0,708,0,190,120" owari="-219,-71.9,201,-19.9,708,80.8,310,11.0" /></mjloggm>