<mjloggm ver="2.3"><GO type="225" lobby="0"/><UN n0="%E3%81%BF%E3%81%BF%E3%81%9A" n1="%E6%B4%BE%E9%81%A3%E3%81%AE%E3%82%B8%E3%83%A3%E3%83%83%E3%82%AF" n2="%E5%86%B7%E5%87%8D%E3%82%AE%E3%83%A7%E3%83%BC%E3%82%B6" n3="%E3%81%99%E3%81%84%E3%81%BE%E3%81%9B%E3%83%BC%E3%82%93" dan="16,17,16,17" rate="2118.17,2181.40,2164.31,2230.24" sx="M,M,M,M"/><TAIKYOKU oya="0"/><INIT seed="0,0,0,0,2,56" ten="250,250,250,250" oya="0" hai0="112,62,88,55,51,26,66,82,63,74,107,73,30" hai1="76,20,91,42,9,80,75,54,45,6,14,3,109" hai2="111,48,133,25,83,8,43,29,5,92,22,2,101" hai3="132,11,70,90,77,95,16,18,60,94,0,58,7"/><T113/><D107/><U108/><E91/><V59/><F133/><W38/><G132/><T79/><D74/><U52/><E20/><V135/><F135/><W102/><G38/><T116/><D116/><U64/><E64/><V96/><F111/><N who="1" m="42569" /><E14/><V35/><F83/><W125/><G125/><T67/><D67/><U84/><E84/><V69/><F69/><W17/><G70/><T130/><D130/><U98/><E98/><V86/><F86/><W106/><G77/><T13/><D13/><U40/><E40/><V97/><F97/><W129/><G129/><T89/><D112/><U1/><E1/><V50/><F43/><W120/><G120/><T41/><D41/><U134/><E134/><V115/><F115/><W27/><G27/><T53/><D113/><U72/><E72/><V93/><F93/><W44/><G44/><T128/><D128/><U127/><E127/><V118/><F118/><W24/><G24/><T78/><D78/><U36/><AGARI ba="0,0" hai="3,6,9,36,42,45,52,54,75,76,80" m="42569" machi="36" ten="30,4000,0" yaku="25,1,14,1,54,1" doraHai="56" who="1" fromWho="1" sc="250,-20,250,40,250,-10,250,-10" /><INIT seed="1,0,0,4,0,103" ten="230,290,240,240" oya="1" hai0="58,89,125,99,94,28,23,119,48,7,73,110,21" hai1="133,83,71,44,46,124,123,61,117,84,43,109,14" hai2="9,11,51,1,70,53,112,102,38,111,24,29,68" hai3="45,85,122,22,105,56,12,59,118,36,81,79,55"/><U60/><E123/><V87/><F111/><W96/><G122/><T127/><D119/><U69/><E117/><V19/><F112/><W34/><G34/><T101/><D110/><U100/><E100/><V106/><F38/><W16/><G118/><T126/><D73/><U116/><E116/><V64/><F87/><W52/><G105/><T75/><D75/><U8/><E124/><V74/><F74/><W97/><G36/><T98/><D7/><U135/><E109/><V47/><F19/><W42/><G42/><T30/><D58/><N who="3" m="22057" /><G45/><N who="1" m="17514" /><E43/><V132/><F1/><W78/><G78/><T120/><D48/><U121/><E121/><V54/><F54/><AGARI ba="0,0" hai="12,16,22,52,54,55,79,81,85,96,97" m="22057" machi="54" ten="30,3900,0" yaku="8,1,54,2" doraHai="103" who="3" fromWho="2" sc="230,0,290,0,240,-39,240,39" /><INIT seed="2,0,0,3,4,85" ten="230,290,201,279" oya="2" hai0="42,94,92,77,17,59,95,98,14,121,100,11,54" hai1="6,4,86,23,75,105,18,20,115,90,29,60,63" hai2="13,124,70,116,51,43,28,125,76,107,36,128,109" hai3="64,7,12,1,103,24,65,67,120,130,91,53,99"/><V3/><F3/><W68/><G120/><T22/><D121/><U110/><E110/><V35/><F116/><W134/><G134/><T30/><D77/><U112/><E105/><V114/><F114/><W49/><G1/><T56/><D42/><U102/><E102/><V108/><F70/><W55/><G130/><T62/><D30/><U0/><E75/><V15/><F107/><W48/><G68/><T61/><REACH who="0" step="1"/><D11/><REACH who="0" ten="220,290,201,279" step="2"/><U132/><E29/><V9/><F76/><W74/><G74/><T89/><D89/><U34/><E90/><V39/><F128/><W73/><G91/><T131/><D131/><U44/><E112/><V2/><F36/><W5/><G73/><T80/><D80/><U16/><E115/><V66/><F39/><W50/><G103/><T135/><D135/><U119/><E132/><V31/><F31/><W78/><G78/><T19/><D19/><U126/><E18/><V46/><F28/><W82/><G82/><T72/><D72/><U45/><E16/><V93/><F35/><W127/><G5/><T71/><D71/><U111/><E4/><N who="2" m="1175" /><F109/><W26/><G7/><T97/><D97/><U96/><E111/><V58/><F108/><W8/><G99/><T129/><D129/><U123/><E34/><V88/><F125/><W32/><G127/><T52/><AGARI ba="0,1" hai="14,17,22,52,54,56,59,61,62,92,94,95,98,100" machi="52" ten="20,12000,2" yaku="1,1,0,1,7,1,9,1,8,1,54,1,53,0" doraHai="85" doraHaiUra="101" who="0" fromWho="0" sc="220,130,290,-30,201,-60,279,-30" /><INIT seed="3,0,0,0,2,52" ten="350,260,141,249" oya="3" hai0="127,108,90,106,66,51,28,32,101,23,89,4,53" hai1="84,2,105,116,112,25,69,41,40,92,67,16,0" hai2="35,114,75,99,71,15,38,85,134,8,36,131,82" hai3="132,87,1,93,24,103,70,12,125,118,11,47,3"/><W115/><G115/><T120/><D120/><U135/><E105/><V56/><F71/><W19/><G118/><T117/><D117/><U126/><E112/><V26/><F114/><W109/><G70/><T128/><D32/><U46/><E41/><V74/><F131/><W62/><G125/><T34/><D34/><U72/><E72/><V39/><F134/><W110/><G132/><T129/><D66/><U55/><E55/><V45/><F45/><W64/><G47/><T121/><D4/><U79/><E135/><V20/><F99/><N who="3" m="59887" /><G87/><T102/><D121/><U14/><E25/><V58/><F35/><W81/><G81/><T54/><D127/><U57/><E69/><V96/><F96/><W98/><G24/><N who="0" m="16415" /><D106/><U9/><E116/><V94/><F94/><W76/><G76/><T119/><D119/><U17/><E126/><V130/><F75/><W60/><G98/><T31/><D31/><U18/><E0/><N who="3" m="74" /><G64/><T78/><D78/><U10/><E2/><V42/><F74/><W7/><G7/><T111/><D54/><U86/><E79/><N who="2" m="46303" /><F42/><W30/><G30/><T59/><D101/><U21/><E86/><V91/><F91/><N who="0" m="34826" /><D102/><U68/><E68/><V44/><F44/><W88/><G88/><T123/><D123/><U133/><E133/><V43/><F43/><W83/><G83/><T77/><D77/><U65/><E84/><V107/><F107/><W49/><G110/><AGARI ba="0,0" hai="51,53,59,108,110,111,128,129" m="34826,16415" machi="110" ten="30,2000,0" yaku="14,1,52,1" doraHai="52" who="0" fromWho="3" sc="350,20,260,0,141,0,249,-20" owari="370,47.0,260,6.0,141,-35.9,229,-17.1" /></mjloggm>