<mjloggm ver="2.3"><GO type="225" lobby="0"/><UN n0="%E3%83%9D%E3%82%B1%E3%83%83%E3%83%88" n1="%E9%B4%A8%4E%45%47%49" n2="%E7%B4%94%E6%BD%94%E3%83%94%E3%83%A9%E3%83%8B%E3%82%A2" n3="%E4%B8%89%E5%88%86%E5%B0%8F%E5%83%A7" dan="16,16,17,16" rate="2108.60,2106.82,2190.18,2119.73" sx="M,M,M,M"/><TAIKYOKU oya="0"/><INIT seed="0,0,0,1,4,44" ten="250,250,250,250" oya="0" hai0="81,102,49,19,79,56,107,38,68,24,31,98,129" hai1="69,5,116,123,128,50,78,35,29,58,125,118,95" hai2="53,74,45,97,23,3,18,106,135,60,134,6,25" hai3="17,61,80,64,7,119,89,62,52,72,91,110,114"/><T41/><D129/><U57/><E69/><V71/><F74/><W85/><G114/><T126/><D126/><U105/><E105/><V36/><F3/><W111/><G72/><T117/><D68/><U55/><E123/><V132/><F6/><W73/><G73/><T16/><D117/><U30/><E125/><V94/><F106/><W42/><G42/><T48/><D38/><U10/><E78/><V37/><F71/><W127/><G7/><T88/><D88/><U9/><E128/><V108/><F108/><N who="3" m="41515" /><G119/><T83/><D41/><U22/><E35/><V75/><F75/><W13/><G52/><T40/><D40/><U130/><E130/><V20/><F20/><N who="3" m="11311" /><G127/><T21/><D56/><U43/><E43/><V92/><F92/><W109/><N who="3" m="41523" /><W120/><DORA hai="70" /><G120/><T4/><D4/><U2/><E118/><V14/><F14/><W63/><G91/><T59/><D59/><AGARI ba="0,0" hai="59,61,62,63,64,80,85,89" m="11311,41523" machi="59" ten="40,1300,0" yaku="14,1" doraHai="44,70" who="3" fromWho="0" sc="250,-13,250,0,250,0,250,13" /><INIT seed="1,0,0,3,5,55" ten="237,250,250,263" oya="1" hai0="128,28,73,65,27,37,18,100,110,13,40,80,44" hai1="54,78,72,115,123,9,62,106,41,95,82,4,67" hai2="134,47,58,36,98,43,81,121,107,102,112,108,15" hai3="42,75,26,56,129,74,132,111,119,126,14,0,49"/><U8/><E115/><V3/><F3/><W103/><G0/><T71/><D110/><U77/><E106/><V30/><F108/><W97/><G111/><T48/><D128/><U70/><E123/><V17/><F121/><W114/><G114/><T135/><D135/><U57/><E78/><V127/><F127/><W79/><G129/><T34/><D73/><U59/><E70/><V7/><F134/><W5/><G132/><T66/><D80/><U109/><E109/><V2/><F2/><W104/><G79/><T125/><D125/><U33/><E33/><V105/><F30/><W46/><G119/><T120/><D120/><U93/><E41/><V89/><F7/><W69/><G69/><T35/><D35/><U68/><E68/><V116/><F116/><W64/><G26/><T53/><D100/><U19/><E19/><V11/><F107/><W31/><G31/><T16/><D71/><U117/><E117/><V131/><F131/><W90/><G90/><T24/><D24/><U52/><E67/><V91/><F112/><W22/><G126/><T87/><D87/><U51/><E9/><V113/><F113/><W63/><REACH who="3" step="1"/><G5/><REACH who="3" ten="237,250,250,253" step="2"/><T25/><D25/><U1/><AGARI ba="0,1" hai="1,4,8,51,52,54,57,59,62,72,77,82,93,95" machi="1" ten="20,12000,1" yaku="0,1,7,1,52,2,54,1" doraHai="55" who="1" fromWho="1" sc="237,-40,250,130,250,-40,253,-40" /><INIT seed="1,1,0,5,2,107" ten="197,380,210,213" oya="1" hai0="123,41,9,30,103,78,40,6,34,134,79,131,88" hai1="110,97,11,95,13,43,58,121,10,128,120,17,113" hai2="69,96,55,108,135,116,53,59,66,61,72,82,7" hai3="23,126,8,109,56,111,118,127,104,15,2,89,80"/><U19/><E113/><V105/><F116/><W67/><G104/><T3/><D134/><U93/><E128/><V92/><F135/><W26/><G2/><T83/><D131/><U75/><E43/><V47/><F108/><N who="3" m="41547" /><G118/><T38/><D103/><U125/><E125/><N who="3" m="47626" /><G56/><T5/><D5/><U133/><E110/><V48/><F105/><W115/><G67/><T85/><D123/><U29/><E133/><V39/><F7/><N who="3" m="3487" /><G115/><T20/><D3/><U76/><E97/><V0/><F0/><W94/><G80/><T112/><D83/><U87/><E58/><V84/><F39/><W68/><G68/><T81/><D38/><U51/><E51/><V21/><F21/><W65/><G65/><T1/><D20/><U70/><E70/><V18/><F18/><N who="3" m="12663" /><G94/><T98/><D112/><U62/><E62/><V35/><F35/><W124/><N who="3" m="47634" /><W101/><DORA hai="46" /><G89/><T36/><D36/><U24/><E87/><V122/><F69/><W64/><G64/><T33/><D33/><U71/><E71/><V91/><F122/><W16/><G101/><T57/><D57/><U74/><E76/><V114/><F114/><W100/><G100/><T130/><D130/><U42/><E42/><V60/><F66/><W14/><G14/><T37/><D37/><U73/><E121/><V129/><F129/><W25/><G25/><N who="0" m="18767" /><D79/><U99/><E120/><V4/><F60/><W22/><G22/><T31/><D78/><U102/><E24/><V90/><F4/><W119/><G119/><T132/><D132/><U28/><E95/><N who="2" m="56439" /><F82/><W54/><G54/><T32/><D98/><RYUUKYOKU ba="1,0" sc="197,0,380,0,210,0,213,0" hai0="1,6,9,31,32,40,41,81,85,88" hai1="10,11,13,17,19,28,29,73,74,75,93,99,102" hai2="47,48,53,55,59,61,72,84,91,92" hai3="16" /><INIT seed="1,2,0,0,2,17" ten="197,380,210,213" oya="1" hai0="13,63,55,75,20,32,117,7,10,35,61,112,9" hai1="34,118,134,21,1,73,22,129,59,36,88,123,131" hai2="115,30,18,8,106,95,108,135,12,66,3,26,125" hai3="110,127,50,85,89,25,86,19,87,2,39,56,14"/><U46/><E123/><V15/><F106/><W57/><G39/><T52/><D75/><U79/><E118/><V11/><F66/><W119/><G2/><T113/><D117/><U99/><E34/><V96/><F108/><W104/><G104/><T128/><D128/><N who="1" m="49227" /><E1/><V69/><F69/><W24/><G110/><T92/><D92/><N who="1" m="56711" /><E134/><V102/><F135/><W109/><G109/><T45/><D45/><U5/><E5/><V16/><F3/><W28/><G127/><T53/><D20/><N who="1" m="7787" /><E59/><N who="3" m="22602" /><G119/><T93/><D10/><U130/><N who="1" m="49235" /><U67/><DORA hai="49" /><E67/><V114/><F125/><W68/><G68/><T84/><D32/><AGARI ba="2,0" hai="8,11,12,15,16,18,26,30,32,95,96,102,114,115" machi="32" ten="40,2600,0" yaku="9,1,54,1" doraHai="17,49" who="2" fromWho="0" sc="197,-32,380,0,210,32,213,0" /><INIT seed="2,0,0,0,3,42" ten="165,380,242,213" oya="2" hai0="29,112,10,20,21,54,135,104,56,72,17,69,61" hai1="41,68,89,92,79,27,7,33,32,47,34,103,46" hai2="96,106,86,120,38,57,76,133,1,45,9,55,24" hai3="127,132,62,131,70,6,84,91,101,88,121,49,40"/><V125/><F120/><W110/><G121/><T109/><D112/><U37/><E68/><V64/><F125/><W87/><G127/><T4/><D135/><U65/><E65/><V128/><F133/><W83/><G132/><T0/><D104/><U16/><E79/><V58/><F128/><W25/><G131/><T15/><D72/><U95/><E7/><V93/><F106/><W113/><G113/><T122/><D122/><U117/><E117/><V53/><F1/><W28/><G101/><T111/><D69/><U129/><E129/><V67/><F9/><W3/><G110/><T134/><D134/><U43/><E103/><V2/><F2/><W99/><G99/><T124/><D124/><U50/><REACH who="1" step="1"/><E89/><REACH who="1" ten="165,370,242,213" step="2"/><V35/><F64/><W77/><G77/><T80/><D109/><U48/><E48/><N who="2" m="28815" /><F38/><W116/><G116/><T126/><D111/><U66/><E66/><V119/><F119/><W75/><G70/><T74/><D126/><U8/><E8/><V14/><F67/><W52/><G6/><T114/><D114/><U23/><AGARI ba="0,1" hai="16,23,27,32,33,34,37,41,43,46,47,50,92,95" machi="23" ten="40,8000,1" yaku="1,1,0,1,52,2,54,1,53,0" doraHai="42" doraHaiUra="97" who="1" fromWho="1" sc="165,-20,370,90,242,-40,213,-20" /><INIT seed="3,0,0,2,3,89" ten="145,460,202,193" oya="3" hai0="24,102,106,28,79,132,118,31,124,4,37,62,105" hai1="100,119,134,93,42,111,131,60,122,125,23,18,35" hai2="34,7,133,97,2,54,30,87,10,71,33,55,126" hai3="47,88,59,38,26,32,76,36,57,128,61,58,127"/><W112/><G112/><T1/><D118/><U107/><E93/><V99/><F71/><W74/><G127/><T78/><D124/><U22/><E60/><V66/><F126/><W29/><G128/><T5/><D37/><U82/><E100/><V11/><F66/><W114/><G114/><T135/><D62/><U94/><E42/><V81/><F133/><N who="0" m="51274" /><D24/><U115/><E94/><V109/><F109/><W69/><G47/><T53/><D53/><U95/><E95/><V43/><F43/><W129/><G129/><T19/><D19/><U9/><E82/><V52/><F11/><W73/><G88/><T86/><D1/><U65/><E18/><V67/><F67/><W75/><REACH who="3" step="1"/><G76/><REACH who="3" ten="145,460,202,183" step="2"/><N who="0" m="29227" /><D102/><U8/><E134/><V103/><F103/><W63/><G63/><T90/><D90/><U68/><E125/><V41/><F41/><W104/><G104/><N who="0" m="40043" /><D86/><U92/><E107/><V46/><F87/><W72/><N who="3" m="18432" /><DORA hai="77" /><W14/><G14/><T15/><D15/><U21/><E131/><V17/><F46/><W13/><G13/><T70/><D70/><U44/><E115/><V80/><F2/><W27/><G27/><T121/><D121/><U96/><E44/><V45/><F45/><W130/><G130/><T20/><D20/><U16/><E122/><V98/><F34/><W101/><G101/><T117/><D117/><U85/><E119/><V25/><F33/><W39/><G39/><T50/><D50/><U51/><E35/><V108/><F25/><W0/><G0/><T83/><D83/><U3/><E68/><V113/><F80/><W84/><G84/><RYUUKYOKU ba="0,1" sc="145,15,460,-15,202,-15,183,15" hai0="4,5,28,31" hai3="26,29,32,36,38,57,58,59,61,69" /><INIT seed="3,1,1,0,4,86" ten="160,445,187,198" oya="3" hai0="50,8,132,68,72,92,57,99,21,95,25,54,36" hai1="79,5,104,23,115,116,65,118,51,45,80,91,62" hai2="106,12,111,14,71,28,43,123,108,81,1,37,93" hai3="66,53,119,13,26,58,76,9,102,90,135,69,6"/><W29/><G119/><N who="1" m="45610" /><E91/><V129/><F106/><W63/><G135/><T94/><D132/><U88/><E88/><V22/><F1/><W83/><G102/><N who="0" m="60775" /><D72/><N who="1" m="43111" /><E23/><V55/><F71/><W131/><G131/><T74/><D74/><U56/><E5/><V3/><F3/><W40/><G90/><T41/><D68/><U109/><E109/><N who="2" m="42059" /><F129/><W89/><G89/><T121/><D36/><U16/><E16/><V122/><F93/><N who="0" m="35338" /><D121/><N who="2" m="46090" /><F55/><W64/><G69/><T61/><D8/><U113/><E104/><V44/><F81/><W7/><G83/><T17/><D41/><AGARI ba="1,1" hai="41,45,51,56,62,65,113,115" m="43111,45610" machi="41" ten="30,1000,0" yaku="12,1" doraHai="86" who="1" fromWho="0" sc="160,-13,445,23,187,0,198,0" owari="147,-35.3,468,56.8,187,-21.3,198,-0.2" /></mjloggm>