<mjloggm ver="2.3"><GO type="225" lobby="0"/><UN n0="%E5%A4%96%E5%B7%9D%E7%AB%9C%E6%88%90" n1="%E5%B8%86%E7%AB%8B%E5%A4%8F%E8%A1%A3" n2="%74%61%6B%75%61%6B%61" n3="%E3%81%8A%E3%81%8B%E3%81%8F%E3%82%89" dan="16,17,17,17" rate="2124.21,2142.36,2193.70,2113.61" sx="M,M,M,M"/><TAIKYOKU oya="0"/><INIT seed="0,0,0,2,2,29" ten="250,250,250,250" oya="0" hai0="130,2,121,74,23,12,132,52,20,48,76,113,119" hai1="39,64,65,31,49,44,133,101,134,129,118,127,21" hai2="99,92,95,124,96,109,104,105,88,30,110,59,1" hai3="26,50,40,81,10,117,116,57,7,53,114,91,98"/><T84/><D113/><U135/><E101/><N who="2" m="60575" /><F1/><W43/><G114/><T28/><D119/><U75/><E75/><V38/><F38/><W68/><G68/><T5/><D121/><U36/><E21/><V80/><F30/><W120/><G120/><T108/><D130/><U56/><E31/><V94/><F59/><W111/><G111/><N who="2" m="42505" /><F124/><W19/><G26/><T42/><D2/><U34/><E34/><V60/><F60/><W82/><G19/><T55/><D28/><U58/><E118/><V25/><F25/><W41/><G117/><T35/><D35/><U3/><E3/><V27/><F27/><W62/><G62/><T54/><D108/><U46/><E127/><V128/><F128/><W122/><G122/><T9/><D74/><U123/><E129/><V86/><F94/><N who="3" m="56671" /><G116/><T47/><D132/><U87/><E123/><V15/><F15/><AGARI ba="0,0" hai="7,10,15,40,41,43,50,53,57,81,82" m="56671" machi="15" ten="30,1000,0" yaku="8,1" doraHai="29" who="3" fromWho="2" sc="250,0,250,0,250,-10,250,10" /><INIT seed="1,0,0,2,0,62" ten="250,250,240,260" oya="1" hai0="124,39,97,79,15,34,44,104,89,24,77,125,35" hai1="129,19,36,18,1,73,118,95,55,56,9,70,130" hai2="88,53,23,48,52,96,69,134,133,102,14,4,111" hai3="43,117,13,54,58,108,66,121,94,128,17,80,67"/><U103/><E73/><V57/><F69/><W2/><G2/><T30/><D35/><U71/><E36/><V6/><F111/><W28/><G108/><T101/><D89/><U113/><E113/><V78/><F78/><W127/><G121/><T61/><D15/><U92/><E118/><V115/><F115/><W112/><G112/><T64/><D79/><U87/><E1/><V46/><F23/><W49/><G128/><N who="1" m="49258" /><E103/><V41/><F53/><W85/><G127/><T123/><D77/><U99/><E87/><V83/><F14/><W120/><G94/><N who="1" m="35882" /><E99/><V84/><F96/><W25/><G120/><T31/><D31/><U32/><E32/><V93/><F93/><W51/><G117/><T3/><D3/><U119/><E119/><V116/><F102/><W27/><G85/><T106/><D106/><U5/><E5/><V114/><F114/><W110/><G80/><T76/><D76/><U86/><E86/><V132/><REACH who="2" step="1"/><F116/><REACH who="2" ten="250,250,230,260" step="2"/><W60/><G110/><T22/><D22/><U33/><E33/><V98/><F98/><W109/><G109/><T26/><D123/><U105/><E105/><V74/><F74/><W65/><G43/><N who="0" m="22655" /><D24/><N who="3" m="9289" /><G28/><T38/><D38/><AGARI ba="0,1" hai="4,6,38,41,46,48,52,57,83,84,88,132,133,134" machi="38" ten="40,8000,1" yaku="1,1,20,1,54,2,53,0" doraHai="62" doraHaiUra="135" who="2" fromWho="0" sc="250,-80,250,0,230,90,260,0" /><INIT seed="2,0,0,4,5,41" ten="170,250,320,260" oya="2" hai0="69,110,80,18,9,107,76,132,26,49,64,33,42" hai1="67,92,4,101,37,46,131,24,97,19,100,25,96" hai2="39,104,93,87,55,2,89,17,6,77,130,112,1" hai3="84,65,11,85,133,120,116,122,119,28,75,71,117"/><V73/><F112/><W43/><G75/><T83/><D110/><U113/><E131/><V16/><F130/><W0/><G28/><T99/><D132/><U14/><E113/><V56/><F39/><W68/><G133/><T106/><D9/><U134/><E134/><V53/><F104/><W21/><G21/><T108/><D18/><U29/><E4/><V47/><F1/><W72/><G72/><T7/><D7/><U94/><E67/><V105/><F105/><W126/><G0/><T79/><D108/><U34/><E25/><V58/><F6/><W95/><G11/><T129/><D129/><U66/><E66/><V51/><F2/><W61/><G126/><T127/><D127/><U32/><E32/><V90/><F77/><W86/><G71/><T124/><D124/><U91/><E37/><V102/><F102/><W54/><G54/><T15/><D15/><U27/><E27/><V78/><F78/><W123/><REACH who="3" step="1"/><G43/><REACH who="3" ten="170,250,320,250" step="2"/><T10/><D10/><U60/><E29/><V5/><F73/><W44/><G44/><N who="0" m="25751" /><D64/><U20/><E34/><V70/><F70/><W45/><G45/><T125/><D69/><U48/><E46/><V36/><F47/><W35/><G35/><T62/><D125/><U13/><E20/><V128/><F36/><W135/><G135/><T8/><D8/><U12/><E24/><V118/><F128/><W30/><G30/><T22/><D33/><U52/><E19/><V111/><F17/><W40/><G40/><T23/><D26/><U63/><E101/><V114/><F114/><W38/><G38/><T57/><D22/><RYUUKYOKU ba="0,1" sc="170,-15,250,15,320,-15,250,15" hai1="12,13,14,48,52,60,63,91,92,94,96,97,100" hai3="61,65,68,84,85,86,95,116,117,119,120,122,123" /><INIT seed="3,1,1,3,2,97" ten="155,265,305,265" oya="3" hai0="25,93,132,86,112,109,89,119,75,92,91,101,70" hai1="102,16,50,121,30,108,127,125,94,120,12,18,106" hai2="85,117,38,80,131,99,36,63,52,71,59,68,48" hai3="58,72,40,26,0,13,6,98,77,31,5,43,82"/><W23/><G0/><T103/><D70/><U24/><E106/><V62/><F117/><W74/><G74/><T78/><D25/><U9/><E108/><V133/><F133/><W34/><G58/><T46/><D119/><U51/><E18/><V10/><F131/><W27/><G98/><T47/><D132/><U79/><E79/><V88/><F36/><W122/><G122/><N who="1" m="47210" /><E94/><N who="2" m="56775" /><F38/><W104/><G104/><T118/><D118/><U96/><E96/><V129/><F68/><W116/><G116/><T69/><D69/><U113/><E113/><V21/><F71/><W111/><G111/><T81/><D112/><U2/><E2/><V83/><F129/><W87/><G72/><T124/><D109/><U90/><E90/><N who="0" m="34313" /><D46/><U123/><E102/><N who="0" m="38921" /><D47/><U15/><E15/><V130/><F130/><W42/><REACH who="3" step="1"/><G13/><REACH who="3" ten="155,265,305,255" step="2"/><T126/><D75/><U7/><E123/><V67/><F59/><W95/><G95/><AGARI ba="1,2" hai="78,81,86,92,93,95,124,126" m="38921,34313" machi="95" ten="30,8000,1" yaku="34,2,52,3" doraHai="97" who="0" fromWho="3" sc="155,103,265,0,305,0,255,-83" owari="258,-14.2,265,6.5,305,40.5,172,-32.8" /></mjloggm>