<mjloggm ver="2.3"><GO type="225" lobby="0"/><UN n0="%77%72%77%72%77%72%77%72" n1="%6D%75%75%6D%75%72%61" n2="%E3%81%A1%E3%82%85%E3%81%86%E3%81%A9%E3%81%8F%E8%B1%A1%E3%81%95%E3%82%93" n3="%E6%9C%AA%E6%9D%A5%E5%B0%91%E5%B9%B4" dan="16,16,17,16" rate="2098.40,2134.93,2187.53,2132.70" sx="M,F,M,M"/><TAIKYOKU oya="0"/><INIT seed="0,0,0,3,2,62" ten="250,250,250,250" oya="0" hai0="0,45,103,105,77,127,122,71,67,95,117,88,98" hai1="61,124,44,73,5,115,79,4,30,8,72,47,102" hai2="3,29,64,13,12,131,14,113,32,128,91,10,9" hai3="129,26,11,19,37,80,25,75,34,114,126,132,90"/><T1/><D117/><U57/><E124/><V99/><F113/><W21/><G114/><T134/><D122/><U96/><E115/><V112/><F112/><W16/><G37/><T92/><D127/><U20/><E30/><V63/><F91/><W6/><G126/><T119/><D119/><U94/><E20/><V40/><F40/><W28/><G132/><T101/><D134/><U66/><E5/><V100/><F3/><W123/><G129/><N who="2" m="49737" /><F29/><W93/><G123/><T108/><D108/><U97/><E97/><V85/><F85/><W120/><G120/><T70/><D77/><U116/><E116/><V38/><F38/><W39/><G39/><T48/><D105/><U56/><E56/><N who="2" m="36967" /><F32/><W107/><G107/><AGARI ba="0,0" hai="9,10,12,13,14,99,100,107" m="36967,49737" machi="107" ten="30,2000,0" yaku="19,1,52,1" doraHai="62" who="2" fromWho="3" sc="250,0,250,0,250,20,250,-20" /><INIT seed="1,0,0,2,5,79" ten="250,250,270,230" oya="1" hai0="82,119,49,26,99,102,129,23,0,127,14,68,85" hai1="53,66,96,7,29,39,12,104,116,125,19,90,54" hai2="74,84,56,11,4,18,134,17,63,51,110,45,5" hai3="62,55,128,41,89,97,72,73,113,114,64,107,70"/><U120/><E116/><V34/><F74/><W8/><G128/><T86/><D119/><U124/><E120/><V9/><F34/><W94/><G41/><T121/><D0/><U103/><E39/><V106/><F106/><W24/><G107/><T31/><D129/><U122/><E122/><V100/><F100/><W98/><G98/><T13/><D121/><U135/><E135/><V20/><F134/><W65/><G65/><T76/><D68/><U27/><E7/><N who="2" m="2635" /><F84/><W16/><G55/><T77/><D127/><N who="1" m="48715" /><E66/><N who="2" m="39271" /><F110/><W59/><G70/><T28/><D28/><U10/><E90/><V60/><F60/><W42/><G42/><T91/><D49/><U33/><AGARI ba="0,0" hai="10,12,19,27,29,33,53,54,96,103,104" m="48715" machi="33" ten="30,1500,0" yaku="18,1" doraHai="79" who="1" fromWho="1" sc="250,-5,250,15,270,-5,230,-5" /><INIT seed="1,1,0,3,1,73" ten="245,265,265,225" oya="1" hai0="98,49,94,27,85,77,96,123,40,90,87,17,121" hai1="21,1,19,75,84,33,15,78,113,100,55,12,118" hai2="110,102,82,83,11,42,30,106,48,65,117,20,46" hai3="79,130,99,3,114,92,80,134,44,71,72,129,68"/><U108/><E113/><V135/><F117/><W76/><G114/><T81/><D40/><U23/><E1/><V28/><F110/><W39/><G134/><T25/><D49/><U6/><E75/><V132/><F65/><W126/><G126/><T16/><D123/><U29/><E33/><V88/><F11/><W86/><G3/><T69/><D69/><U127/><E118/><V109/><F109/><W101/><G71/><T54/><D54/><U26/><E108/><V62/><F62/><W45/><G68/><T8/><D121/><U63/><E127/><V22/><F106/><W67/><G67/><T4/><D4/><U18/><E100/><V119/><F102/><W91/><G39/><T0/><D0/><U34/><E6/><V14/><F83/><W107/><G79/><T112/><D112/><U36/><E36/><V70/><F70/><W59/><G59/><T128/><D128/><AGARI ba="1,0" hai="44,45,72,76,80,86,91,92,99,101,107,128,129,130" machi="128" ten="40,8000,1" yaku="24,2,19,1,52,1" doraHai="73" who="3" fromWho="0" sc="245,-83,265,0,265,0,225,83" /><INIT seed="2,0,0,2,1,103" ten="162,265,265,308" oya="2" hai0="134,58,76,125,77,42,46,117,29,50,87,63,19" hai1="123,13,31,49,78,129,73,69,128,10,47,3,15" hai2="30,24,101,37,114,1,83,32,81,130,56,52,12" hai3="94,6,99,39,86,106,25,104,36,5,92,122,14"/><V18/><F114/><W98/><G122/><T75/><D75/><U70/><E123/><V126/><F1/><W111/><G14/><T115/><D115/><U0/><E31/><V95/><F37/><W84/><G25/><T27/><D134/><U34/><E34/><V8/><F130/><N who="1" m="50281" /><E78/><V41/><F41/><W80/><G80/><T7/><D125/><U16/><E73/><V44/><F44/><W72/><G72/><T57/><D117/><U112/><E13/><V28/><F28/><W48/><G48/><T131/><D131/><U55/><E112/><V127/><F95/><W35/><G35/><T113/><D113/><U67/><E67/><V71/><F101/><W108/><AGARI ba="0,0" hai="5,6,36,39,84,86,92,94,98,99,104,106,108,111" machi="108" ten="25,8000,1" yaku="0,1,22,2,52,2" doraHai="103" who="3" fromWho="3" sc="162,-20,265,-20,265,-40,308,80" /><INIT seed="3,0,0,4,5,106" ten="142,245,225,388" oya="3" hai0="63,39,115,19,95,121,17,78,131,71,111,112,6" hai1="22,52,54,92,55,51,38,127,85,113,105,79,98" hai2="74,28,27,43,12,33,29,26,135,21,46,10,69" hai3="7,83,5,14,35,23,70,58,41,30,13,103,116"/><W100/><G70/><T89/><D39/><U2/><E38/><V125/><F69/><W59/><G116/><T133/><D121/><U45/><E2/><V86/><F135/><W20/><G41/><T56/><D71/><U119/><E113/><V16/><F125/><W31/><G83/><T82/><D133/><U15/><E105/><V49/><REACH who="2" step="1"/><F86/><REACH who="2" ten="142,245,215,388" step="2"/><W120/><G35/><T118/><D118/><U8/><E127/><V68/><F68/><W65/><G65/><T109/><D6/><N who="1" m="3479" /><E119/><V61/><F61/><W36/><G36/><T93/><D131/><U75/><E75/><AGARI ba="0,1" hai="10,12,16,21,26,27,28,29,33,43,46,49,74,75" machi="75" ten="40,8000,1" yaku="1,1,52,2,54,1,53,0" doraHai="106" doraHaiUra="129" who="2" fromWho="1" sc="142,0,245,-80,215,90,388,0" owari="142,-35.8,165,-23.5,305,10.5,388,48.8" /></mjloggm>