<mjloggm ver="2.3"><GO type="225" lobby="0"/><UN n0="%E3%81%B6%E3%82%8B%E3%82%8B%E3%81%B6%E3%81%B6" n1="%6D%75%75%6D%75%72%61" n2="%E9%80%9F%E6%B0%B4%E5%87%9B%E9%A6%99" n3="%E9%BB%92%E9%89%84%E7%8F%A0%E9%9B%AB" dan="16,17,16,16" rate="2084.77,2106.63,2055.76,2186.91" sx="M,F,F,M"/><TAIKYOKU oya="0"/><INIT seed="0,0,0,3,0,88" ten="250,250,250,250" oya="0" hai0="5,25,20,6,87,29,14,47,132,77,11,113,27" hai1="9,69,79,44,10,98,49,129,21,95,61,105,130" hai2="36,2,40,116,82,32,124,34,73,110,112,38,84" hai3="1,66,76,92,117,68,118,15,104,23,75,100,62"/><T37/><D113/><U16/><E105/><V55/><F112/><W86/><BYE who="2" /><G1/><T48/><D132/><U58/><E79/><UN n2="%E9%80%9F%E6%B0%B4%E5%87%9B%E9%A6%99" /><V56/><F73/><W80/><G15/><T135/><D135/><U59/><E69/><V63/><F2/><W128/><G23/><T67/><D37/><U121/><E121/><V103/><F110/><W7/><G7/><T111/><D111/><U83/><E83/><V17/><F124/><W24/><G24/><T133/><D133/><U115/><E115/><V90/><F116/><W74/><G128/><N who="1" m="49258" /><E49/><V101/><F17/><W51/><G75/><T43/><D67/><N who="1" m="39351" /><E59/><V12/><F12/><W8/><G8/><T91/><D25/><N who="1" m="14503" /><E44/><V39/><REACH who="2" step="1"/><F40/><REACH who="2" ten="250,250,240,250" step="2"/><W60/><G117/><T122/><D122/><U96/><E96/><V131/><F131/><W35/><G118/><T50/><D5/><U31/><E31/><V30/><F30/><W85/><G74/><T4/><D6/><U28/><E28/><V46/><F46/><W114/><G114/><T53/><D43/><U94/><E94/><V126/><F126/><W45/><G45/><T70/><D47/><U125/><E125/><V3/><F3/><W107/><G92/><T89/><D4/><U18/><E18/><V57/><F57/><W108/><G107/><T78/><D70/><U97/><E97/><V33/><AGARI ba="0,1" hai="32,33,34,36,38,39,55,56,63,82,84,90,101,103" machi="33" ten="40,2700,0" yaku="1,1,0,1,53,0" doraHai="88" doraHaiUra="19" who="2" fromWho="2" sc="250,-13,250,-7,240,37,250,-7" /><INIT seed="1,0,0,1,5,9" ten="237,243,277,243" oya="1" hai0="97,135,49,42,12,26,56,52,29,90,18,101,46" hai1="83,133,94,104,60,72,99,84,121,132,109,119,108" hai2="126,22,96,15,106,100,66,0,38,69,67,7,50" hai3="78,115,54,31,6,110,55,63,105,71,43,118,35"/><U59/><E119/><V44/><F38/><W117/><G105/><T122/><D135/><N who="1" m="51787" /><E121/><V107/><F107/><W5/><G115/><T127/><BYE who="3" /><D127/><UN n3="%E9%BB%92%E9%89%84%E7%8F%A0%E9%9B%AB" /><U65/><E104/><V34/><F34/><W114/><G114/><T129/><D129/><U131/><E72/><V76/><F76/><W86/><G110/><N who="1" m="42602" /><E131/><V89/><F89/><W17/><G43/><T92/><D122/><U13/><E13/><V113/><F113/><W28/><G35/><T80/><D26/><U32/><E32/><V33/><F33/><W95/><G117/><T130/><D29/><U70/><E70/><V20/><F69/><W87/><G71/><T68/><D68/><U120/><E120/><V102/><F126/><W30/><G118/><T23/><D130/><U16/><E16/><V81/><F22/><W21/><G5/><T53/><D56/><U36/><E36/><V14/><F20/><W82/><G6/><T116/><D116/><U98/><E94/><V3/><F7/><W128/><G128/><T73/><D73/><U51/><E51/><V88/><F0/><W27/><G63/><T64/><D64/><U24/><E24/><V8/><F3/><W11/><G11/><T74/><D74/><U103/><E103/><V111/><F100/><W45/><G45/><T58/><D58/><U2/><E2/><V57/><F111/><W85/><G95/><T123/><D123/><U37/><E37/><V39/><F39/><W19/><G17/><T1/><D1/><U134/><N who="1" m="51795" /><U41/><DORA hai="61" /><E41/><V75/><F106/><W124/><G124/><T93/><D92/><RYUUKYOKU ba="0,0" sc="237,10,243,10,277,-30,243,10" hai0="12,18,23,42,46,49,52,53,80,90,93,97,101" hai1="59,60,65,83,84,98,99" hai3="19,21,27,28,30,31,54,55,78,82,85,86,87" /><INIT seed="1,1,0,0,1,37" ten="247,253,247,253" oya="1" hai0="39,23,5,36,81,84,52,80,104,51,13,45,59" hai1="123,131,125,21,92,47,1,33,108,32,98,55,18" hai2="126,114,71,91,121,15,31,106,35,28,26,109,103" hai3="54,112,53,94,77,42,24,50,116,22,127,38,72"/><U64/><E123/><V133/><F121/><W90/><G112/><T119/><D119/><U87/><E125/><V49/><F71/><W19/><G127/><T102/><D81/><U68/><E131/><V69/><F69/><W63/><G116/><T46/><D104/><U58/><BYE who="3" /><E1/><UN n3="%E9%BB%92%E9%89%84%E7%8F%A0%E9%9B%AB" /><V117/><F117/><W124/><G124/><T61/><BYE who="3" /><D102/><U40/><E108/><V4/><F126/><W70/><G70/><T129/><D129/><U8/><E87/><UN n3="%E9%BB%92%E9%89%84%E7%8F%A0%E9%9B%AB" /><V132/><F114/><W110/><G110/><T97/><D97/><U57/><E8/><V135/><F109/><W101/><G101/><T3/><D3/><U96/><E68/><V75/><F75/><W99/><G38/><T120/><D120/><U100/><E96/><V74/><F74/><W34/><G34/><T65/><D45/><U62/><E18/><V16/><F4/><W93/><G63/><T107/><D107/><U30/><E21/><V67/><F67/><W128/><G128/><T79/><REACH who="0" step="1"/><D23/><REACH who="0" ten="237,253,247,253" step="2"/><U56/><E32/><V44/><F103/><W60/><G72/><T25/><D25/><U89/><E100/><V20/><F106/><W113/><G113/><T115/><D115/><U105/><E105/><V86/><F26/><W29/><G77/><T122/><D122/><U0/><E0/><V41/><F35/><W14/><G94/><AGARI ba="1,1" hai="15,16,20,28,31,41,44,49,86,91,94,132,133,135" machi="94" ten="40,5200,0" yaku="20,1,52,1,54,1" doraHai="37" who="2" fromWho="3" sc="237,0,253,0,247,65,253,-55" /><INIT seed="2,0,0,5,3,121" ten="237,253,312,198" oya="2" hai0="59,34,4,55,107,15,20,50,95,116,96,75,104" hai1="8,52,118,64,17,103,7,132,78,114,40,12,16" hai2="111,21,87,60,101,68,80,91,37,129,85,131,128" hai3="1,73,125,57,45,63,14,13,39,3,72,42,98"/><V100/><F37/><W90/><G125/><T54/><D116/><U11/><E118/><V110/><F68/><W115/><G115/><T79/><D34/><U5/><E114/><V32/><F60/><W24/><G24/><T84/><D75/><U9/><E132/><V51/><F51/><W47/><G98/><T0/><D0/><U123/><E123/><V19/><F32/><W83/><G90/><T62/><D79/><U43/><E78/><V61/><F61/><W124/><G124/><T130/><D130/><U35/><E35/><V29/><F29/><W36/><G57/><T126/><D126/><U117/><E117/><V65/><F65/><W41/><G63/><T10/><D20/><U53/><E64/><V88/><F19/><N who="1" m="7241" /><E103/><N who="2" m="39499" /><F21/><W105/><REACH who="3" step="1"/><G83/><AGARI ba="0,0" hai="80,83,85,87,88,91,110,111,128,129,131" m="39499" machi="83" ten="40,18000,2" yaku="19,1,34,2,52,2,54,1" doraHai="121" who="2" fromWho="3" sc="237,0,253,0,312,180,198,-180" /><INIT seed="2,1,0,3,2,72" ten="237,253,492,18" oya="2" hai0="37,69,52,48,39,88,97,30,113,103,13,4,118" hai1="49,73,5,105,123,21,31,100,109,36,92,43,119" hai2="96,10,0,62,6,114,94,40,44,50,75,27,58" hai3="64,125,104,47,108,53,55,29,25,89,38,28,23"/><V130/><F114/><W24/><G104/><T106/><D113/><U86/><E36/><V41/><F130/><W32/><G108/><T70/><D30/><U51/><E119/><V7/><F75/><W76/><G125/><T81/><D118/><U95/><E73/><V93/><F7/><W79/><G64/><T17/><D4/><U101/><E109/><V1/><F1/><W65/><G65/><T112/><D112/><U120/><E5/><V110/><F110/><W57/><G89/><T15/><D15/><U11/><E11/><V99/><F40/><W128/><G128/><T98/><D39/><U134/><E134/><V63/><F27/><W74/><G74/><T42/><D42/><U67/><E67/><V102/><REACH who="2" step="1"/><F58/><REACH who="2" ten="237,253,482,18" step="2"/><W19/><G29/><T78/><D70/><U60/><E31/><V117/><F117/><W83/><G83/><T18/><D69/><U122/><E43/><V35/><F35/><W61/><REACH who="3" step="1"/><G38/><REACH who="3" ten="237,253,482,8" step="2"/><T107/><D37/><U66/><E122/><V14/><F14/><W85/><G85/><T80/><D13/><U12/><E120/><V54/><F54/><W82/><G82/><T34/><D52/><U3/><E12/><V127/><F127/><W115/><G115/><T71/><D80/><U45/><E86/><V22/><F22/><W87/><G87/><T129/><D81/><U33/><E21/><V20/><F20/><W2/><G2/><T68/><D71/><U26/><E3/><V116/><F116/><W111/><G111/><T133/><D68/><N who="1" m="42055" /><E123/><V84/><F84/><W46/><G46/><T124/><D124/><RYUUKYOKU ba="1,2" sc="237,-15,253,-15,482,15,8,15" hai2="0,6,10,41,44,50,62,63,93,94,96,99,102" hai3="19,23,24,25,28,32,47,53,55,57,61,76,79" /><INIT seed="2,2,2,0,2,82" ten="222,238,497,23" oya="2" hai0="0,86,8,133,43,5,88,28,91,78,85,35,134" hai1="74,70,55,6,48,15,20,22,97,32,53,23,26" hai2="100,64,18,39,116,4,65,125,3,124,129,132,126" hai3="94,52,103,95,11,45,106,71,21,42,131,72,120"/><V105/><F39/><W57/><G71/><T107/><D107/><U31/><E74/><V17/><F116/><W49/><G120/><T102/><D102/><U83/><E70/><V66/><F129/><W75/><G131/><T30/><D43/><U98/><E83/><V38/><F38/><W2/><G106/><T69/><D69/><U84/><E84/><N who="0" m="32361" /><D78/><U90/><E90/><N who="0" m="34345" /><D35/><U73/><E73/><V16/><F132/><AGARI ba="2,2" hai="0,5,8,28,30,132,133,134" m="34345,32361" machi="132" ten="30,8000,1" yaku="20,1,52,3,54,1" doraHai="82" who="0" fromWho="2" sc="222,106,238,0,497,-86,23,0" /><INIT seed="3,0,0,1,2,37" ten="328,238,411,23" oya="3" hai0="127,95,47,50,83,7,53,13,99,133,28,105,90" hai1="107,44,58,81,62,114,51,121,119,79,126,130,26" hai2="11,66,68,33,69,0,120,39,65,49,123,48,87" hai3="60,5,132,91,100,2,56,76,32,9,27,106,55"/><W3/><G132/><T71/><D127/><U135/><E114/><V97/><F33/><W35/><G2/><T63/><D133/><U74/><E121/><N who="2" m="46667" /><F39/><W110/><G76/><T30/><D105/><U125/><E130/><V38/><F38/><W45/><G110/><T20/><D83/><U10/><E119/><V1/><F97/><W18/><G91/><T34/><D34/><U77/><E10/><V15/><F87/><W85/><G85/><T94/><D94/><U19/><E26/><V57/><F57/><W101/><G106/><T72/><D72/><U70/><E19/><N who="2" m="8703" /><F48/><W80/><G80/><T88/><D90/><U43/><E43/><V41/><F41/><W42/><G35/><T112/><D112/><U46/><E107/><V124/><F49/><W108/><G108/><T67/><D71/><N who="2" m="27210" /><F124/><W75/><G75/><T118/><D118/><U24/><E24/><V52/><F52/><W29/><REACH who="3" step="1"/><G18/><REACH who="3" ten="328,238,411,13" step="2"/><T12/><D88/><U96/><E81/><V109/><F109/><W14/><G14/><T82/><D13/><U113/><E79/><V17/><F17/><W111/><G111/><T93/><D12/><U40/><E126/><V16/><F16/><W122/><G122/><T92/><D82/><U84/><E125/><V78/><F78/><W22/><G22/><T134/><D20/><U4/><E135/><V102/><F102/><W131/><G131/><T103/><D134/><U36/><E77/><V86/><F86/><W61/><G61/><T6/><D63/><U64/><E84/><V129/><F129/><W59/><G59/><T31/><D103/><RYUUKYOKU ba="0,1" sc="328,-15,238,-15,411,15,13,15" hai2="0,1,65,66" hai3="3,5,9,27,29,32,42,45,55,56,60,100,101" /><INIT seed="3,1,1,3,4,9" ten="313,223,426,28" oya="3" hai0="56,55,57,103,83,23,80,25,3,106,91,94,54" hai1="47,129,14,99,120,93,92,88,2,128,116,29,36" hai2="6,31,41,46,109,48,100,24,38,34,22,28,130" hai3="87,5,52,59,85,112,101,119,102,17,35,49,71"/><W30/><G119/><T133/><D133/><U90/><E2/><V68/><F109/><W67/><G112/><T33/><D3/><U42/><E120/><V134/><F68/><W84/><G5/><T50/><D33/><U65/><E116/><V127/><F134/><W40/><G40/><T32/><D32/><U15/><E65/><V8/><F130/><N who="1" m="50281" /><E29/><V37/><F127/><W121/><G121/><T81/><D103/><U26/><E26/><V44/><F100/><W70/><G70/><T125/><D106/><U39/><E39/><V89/><F89/><W12/><G30/><T19/><D125/><U124/><E124/><V43/><F48/><W123/><G35/><T74/><D74/><U60/><E60/><V76/><F76/><W1/><G1/><T113/><D113/><U98/><AGARI ba="1,1" hai="14,15,36,42,47,88,90,92,93,98,99" m="50281" machi="98" ten="30,7900,0" yaku="19,1,52,2,54,1" doraHai="9" who="1" fromWho="1" sc="313,-21,223,92,426,-21,28,-40" owari="292,-10.8,315,11.5,405,50.5,-12,-51.2" /></mjloggm>