<mjloggm ver="2.3"><GO type="225" lobby="0"/><UN n0="%61%6D%65%6B%69" n1="%E3%81%AF%E3%82%88%E3%81%8A%E3%81%98%E3%81%95%E3%82%93" n2="%E3%82%B7%E3%83%B3%E5%A4%AA%E6%9C%97" n3="%E6%97%A5%E6%9B%9C%E6%97%A5%E3%82%88%E3%82%8A%E3%81%AE%E4%BD%BF%E8%80%85" dan="16,17,16,16" rate="2084.63,2169.90,2160.47,2085.66" sx="M,M,M,M"/><TAIKYOKU oya="0"/><INIT seed="0,0,0,0,3,61" ten="250,250,250,250" oya="0" hai0="47,69,28,71,68,0,79,85,99,84,30,42,9" hai1="32,36,25,2,118,50,51,49,22,105,65,21,3" hai2="5,14,1,8,31,107,101,98,19,76,106,131,109" hai3="129,132,89,62,13,87,15,7,94,39,27,75,10"/><T134/><D134/><U35/><E118/><V34/><F131/><W88/><G132/><T110/><D110/><U111/><E36/><V135/><F109/><W117/><G117/><T40/><D99/><U93/><E105/><V125/><F135/><W74/><G129/><T57/><D57/><U114/><E111/><V116/><F116/><W104/><G104/><T43/><D47/><U119/><E119/><V77/><F125/><W92/><G39/><T102/><D102/><U103/><E114/><V58/><F107/><W113/><G113/><T90/><D79/><U4/><E4/><V45/><F45/><W53/><G27/><T11/><D0/><U17/><E32/><V128/><F58/><W26/><G26/><T44/><D44/><U91/><E35/><V127/><F127/><W100/><G100/><T124/><D90/><U41/><E41/><V55/><F55/><W97/><REACH who="3" step="1"/><G15/><REACH who="3" ten="250,250,250,240" step="2"/><T38/><D38/><U133/><E103/><V60/><F128/><W112/><G112/><T12/><D12/><N who="1" m="9383" /><E133/><V70/><F106/><W52/><G52/><T33/><D33/><U123/><E123/><V95/><F34/><W59/><AGARI ba="0,1" hai="7,10,13,53,59,62,74,75,87,88,89,92,94,97" machi="59" ten="30,4000,0" yaku="1,1,0,1,54,1,53,0" doraHai="61" doraHaiUra="66" who="3" fromWho="3" sc="250,-20,250,-10,250,-10,240,50" /><INIT seed="1,0,0,2,4,93" ten="230,240,240,290" oya="1" hai0="106,53,82,24,95,110,96,115,74,129,98,40,124" hai1="20,41,103,65,76,8,122,108,69,117,31,109,118" hai2="116,48,51,71,131,59,56,78,130,79,62,105,42" hai3="100,83,123,67,22,102,29,27,34,37,114,80,111"/><U58/><E122/><V43/><F105/><W38/><G123/><T17/><D115/><U91/><E69/><V9/><F9/><W72/><G114/><T11/><D110/><N who="1" m="42603" /><E76/><V10/><F10/><W132/><G111/><T6/><D129/><U21/><E41/><V134/><F62/><W44/><G132/><T125/><D40/><U121/><E121/><V94/><F94/><W3/><G3/><T36/><D36/><U57/><E91/><V104/><F104/><W30/><G67/><T133/><D133/><U2/><E103/><V14/><F14/><W35/><G72/><T86/><D74/><U16/><E31/><V126/><F116/><N who="1" m="44649" /><E65/><V87/><F71/><W75/><G75/><T19/><D106/><U97/><E97/><N who="0" m="37481" /><D95/><U90/><E90/><V89/><F89/><W127/><G102/><T39/><D39/><U70/><E70/><V52/><F134/><W25/><G100/><T112/><D112/><U88/><E88/><V92/><F92/><W120/><G120/><T7/><D86/><U45/><E45/><V5/><F87/><W61/><G44/><T55/><D82/><U54/><E2/><V28/><F28/><W47/><G47/><T84/><D84/><U107/><E107/><V15/><F130/><W128/><G128/><T23/><D125/><U0/><E0/><V113/><F126/><W1/><G1/><T12/><D124/><U50/><E58/><V4/><F131/><W99/><G127/><T101/><D101/><U81/><E81/><V73/><F113/><W13/><G83/><T26/><D26/><U63/><E50/><RYUUKYOKU ba="0,0" sc="230,15,240,15,240,-15,290,-15" hai0="6,7,11,12,17,19,23,24,53,55" hai1="8,16,20,21,54,57,63" /><INIT seed="1,1,0,3,0,22" ten="245,255,225,275" oya="1" hai0="25,111,27,93,17,76,74,46,84,83,63,61,77" hai1="43,106,35,117,34,113,51,73,105,21,95,104,98" hai2="135,85,82,20,131,103,100,56,123,86,29,12,67" hai3="3,91,112,18,101,90,128,32,23,81,11,54,45"/><U10/><E113/><V64/><F135/><W65/><G112/><T6/><D111/><U116/><E73/><V129/><F123/><W72/><G32/><T59/><D6/><U126/><E126/><V127/><F127/><W36/><G101/><T118/><D118/><U71/><E71/><V66/><F56/><W134/><G65/><T120/><D120/><U40/><E10/><V8/><F29/><W16/><G134/><T33/><D33/><N who="1" m="12299" /><E21/><V41/><F41/><N who="1" m="15945" /><E95/><V48/><F48/><N who="3" m="28943" /><G36/><T53/><D17/><U13/><E51/><V26/><F129/><W31/><G3/><T122/><D122/><U115/><E115/><V39/><F39/><W114/><G114/><T108/><D108/><U69/><E69/><V28/><F131/><W62/><G128/><T92/><D46/><U124/><E124/><V99/><F99/><W15/><G72/><T2/><D2/><U80/><E98/><V88/><REACH who="2" step="1"/><F85/><REACH who="2" ten="245,255,215,275" step="2"/><N who="3" m="50479" /><G62/><N who="0" m="23563" /><D74/><U110/><E110/><V70/><F70/><W7/><G91/><T125/><D77/><U0/><E116/><V97/><F97/><W19/><G31/><T14/><D125/><U68/><E68/><V60/><F60/><W130/><G130/><T47/><D59/><U102/><E117/><V109/><F109/><W52/><G52/><T96/><D96/><U37/><E37/><V50/><F50/><W49/><G49/><T44/><D44/><U121/><E121/><V79/><F79/><W24/><AGARI ba="1,1" hai="7,11,15,16,18,19,23,24" m="50479,28943" machi="24" ten="30,4000,0" yaku="8,1,52,1,54,1" doraHai="22" who="3" fromWho="3" sc="245,-11,255,-21,215,-11,275,53" /><INIT seed="2,0,0,2,2,36" ten="234,234,204,328" oya="2" hai0="89,135,30,85,23,51,37,95,44,16,97,42,71" hai1="57,99,68,15,4,56,64,2,45,43,24,132,28" hai2="112,117,63,134,109,114,17,11,54,10,48,111,79" hai3="122,105,94,41,49,103,108,126,67,102,13,8,60"/><V3/><F79/><W82/><G105/><T116/><D135/><U131/><E2/><V84/><F117/><W1/><G1/><T27/><D116/><U77/><E132/><V66/><F134/><W121/><G82/><T31/><D71/><U55/><E131/><V76/><F76/><W9/><G108/><N who="2" m="41545" /><F84/><W33/><G33/><T96/><D37/><U124/><E124/><V72/><F72/><W38/><G38/><T22/><REACH who="0" step="1"/><D31/><REACH who="0" ten="224,234,204,328" step="2"/><U88/><E28/><V5/><F17/><W107/><G121/><T52/><D52/><U87/><E55/><V58/><F11/><W65/><G8/><T18/><D18/><U53/><E53/><V39/><F39/><W32/><G9/><T125/><D125/><U80/><E68/><AGARI ba="0,1" hai="3,5,10,48,54,58,63,66,68,112,114" m="41545" machi="68" ten="30,2900,0" yaku="14,1,10,1" doraHai="36" who="2" fromWho="1" sc="224,0,234,-29,204,39,328,0" /><INIT seed="2,1,0,2,3,66" ten="224,205,243,328" oya="2" hai0="44,61,57,30,82,40,16,26,11,43,8,5,86" hai1="75,58,18,104,14,80,77,108,92,123,54,56,78" hai2="71,46,79,32,76,68,36,9,49,34,47,41,13" hai3="69,70,125,0,59,90,50,19,62,38,33,12,63"/><V115/><F115/><W116/><G0/><T120/><D120/><U28/><E104/><V110/><F110/><W93/><G33/><T133/><D133/><U98/><E123/><V102/><F102/><W124/><G38/><T128/><D128/><U87/><E108/><V88/><F32/><W83/><G83/><T31/><D31/><U114/><E114/><V84/><F34/><W52/><G116/><T45/><D30/><U35/><E35/><V67/><F67/><W107/><G107/><T134/><D134/><U94/><E28/><V60/><F60/><W122/><G122/><T97/><D97/><U112/><E112/><V20/><F20/><N who="3" m="11367" /><G63/><T21/><D57/><U17/><E75/><V106/><F106/><W15/><G15/><T65/><D65/><U74/><E74/><V121/><F121/><W100/><G100/><T117/><D61/><N who="1" m="35991" /><E77/><V119/><F119/><W55/><G55/><T81/><D117/><U48/><E98/><V53/><F79/><W51/><G51/><T135/><D135/><U27/><E27/><V73/><F76/><W130/><G62/><T6/><D86/><U37/><E37/><V10/><F73/><W25/><G25/><T101/><D101/><U126/><E126/><N who="3" m="48746" /><G130/><T2/><D82/><U91/><E78/><V113/><F113/><W99/><AGARI ba="1,0" hai="50,52,59,69,70,90,93,99" m="48746,11367" machi="99" ten="30,7900,0" yaku="18,1,52,2,54,1" doraHai="66" who="3" fromWho="3" sc="224,-21,205,-21,243,-40,328,82" /><INIT seed="3,0,0,4,2,78" ten="203,184,203,410" oya="3" hai0="119,120,134,132,108,60,48,89,116,91,4,33,2" hai1="47,6,97,38,16,52,1,102,28,7,8,69,126" hai2="5,133,40,21,109,26,65,130,90,117,135,85,111" hai3="45,105,113,12,37,64,88,87,50,80,27,123,131"/><W0/><G0/><T75/><D75/><U46/><E69/><V129/><F117/><W98/><G113/><T58/><D33/><U84/><E126/><V20/><F65/><W125/><G123/><T9/><D48/><N who="1" m="28695" /><E1/><V104/><F40/><W73/><G131/><N who="2" m="50185" /><F5/><N who="1" m="1545" /><E38/><V59/><F59/><W57/><G125/><T11/><D108/><N who="2" m="41546" /><F104/><W93/><G37/><T100/><D120/><U121/><E121/><V128/><N who="2" m="50193" /><V32/><DORA hai="13" /><F32/><W61/><G105/><T96/><D119/><U18/><E47/><V55/><F55/><W67/><G45/><T19/><D116/><U34/><E34/><V44/><F44/><W71/><G64/><T31/><D58/><U114/><E114/><V107/><F107/><W49/><G67/><T72/><D72/><U110/><E110/><V68/><F68/><W82/><G71/><T43/><D43/><U25/><E8/><V62/><F62/><W86/><G61/><T24/><D60/><U115/><E115/><V118/><F118/><W94/><G57/><T22/><D134/><N who="2" m="51210" /><F26/><W41/><G27/><T70/><D132/><U81/><E25/><V10/><F10/><W76/><G41/><T74/><D70/><U77/><E28/><V112/><F112/><W3/><G50/><T39/><D39/><U30/><E30/><V35/><F35/><W122/><G49/><T124/><D124/><U51/><E51/><V83/><AGARI ba="0,0" hai="20,21,83,85,90" m="51210,41546,50193" machi="83" ten="50,8000,1" yaku="19,1,14,1,20,1,52,1" doraHai="78,13" who="2" fromWho="2" sc="203,-20,184,-20,203,80,410,-40" owari="183,-21.7,164,-33.6,283,8.3,370,47.0" /></mjloggm>