<mjloggm ver="2.3"><GO type="225" lobby="0"/><UN n0="%6D%75%75%6D%75%72%61" n1="%E3%81%8F%E3%82%8A%E3%83%94%E3%83%BC" n2="%E7%B4%94%E6%BD%94%E3%83%94%E3%83%A9%E3%83%8B%E3%82%A2" n3="%E3%83%A1%E3%82%AC%E3%83%87%E3%82%B8" dan="16,16,16,16" rate="2154.64,2083.73,2098.17,2093.70" sx="F,M,M,F"/><TAIKYOKU oya="0"/><INIT seed="0,0,0,3,2,76" ten="250,250,250,250" oya="0" hai0="49,63,88,29,50,89,123,109,110,67,10,30,5" hai1="14,104,59,13,74,75,117,96,133,55,61,43,126" hai2="15,82,26,105,120,99,16,36,38,19,130,92,90" hai3="127,80,56,2,107,65,68,122,84,102,20,91,83"/><T86/><D123/><U87/><E117/><V62/><F120/><W73/><G122/><T70/><D49/><U113/><E126/><V37/><F130/><W66/><G2/><T131/><D131/><U22/><E43/><V78/><F105/><W28/><G68/><T7/><D50/><U0/><E0/><V129/><F129/><W124/><G102/><T121/><D121/><U48/><E133/><V3/><F3/><W53/><G107/><T72/><D72/><U21/><E113/><V40/><F40/><W135/><G135/><T46/><D46/><U98/><E75/><V34/><F62/><N who="3" m="36111" /><G20/><N who="1" m="7786" /><E104/><V81/><F78/><N who="3" m="44111" /><G28/><N who="0" m="10859" /><D10/><U45/><E87/><V103/><F34/><W111/><G111/><N who="0" m="42507" /><D89/><U115/><E74/><V134/><F134/><W93/><G93/><AGARI ba="0,0" hai="5,7,63,67,70,86,88,93" m="42507,10859" machi="93" ten="30,5800,0" yaku="14,1,10,1,54,1" doraHai="76" who="0" fromWho="3" sc="250,58,250,0,250,0,250,-58" /><INIT seed="0,1,0,1,0,101" ten="308,250,250,192" oya="0" hai0="38,11,107,47,17,83,26,46,85,57,73,54,42" hai1="128,31,108,4,7,110,49,78,91,89,76,97,130" hai2="5,18,71,48,29,19,45,87,129,92,93,6,132" hai3="41,124,105,56,104,98,58,33,88,64,74,32,99"/><T102/><D73/><U96/><REACH who="1" step="1"/><E49/><REACH who="1" ten="308,240,250,192" step="2"/><V0/><F48/><W82/><G124/><T116/><D47/><U131/><E131/><V106/><F129/><W109/><G109/><T8/><D46/><U65/><E65/><V135/><F45/><W133/><G64/><T22/><D38/><U95/><E95/><V72/><F93/><W50/><G50/><T14/><D42/><U122/><E122/><V61/><F92/><W55/><G41/><T23/><D54/><U68/><E68/><V69/><F71/><W125/><G55/><T67/><D67/><U117/><E117/><V81/><F69/><W53/><G53/><T13/><D116/><U121/><E121/><V126/><F126/><W1/><G125/><T70/><D70/><U15/><E15/><V28/><F0/><W103/><G1/><T115/><D14/><U20/><E20/><V12/><F12/><W90/><G82/><T127/><D127/><U2/><E2/><V30/><F81/><W112/><G112/><T77/><D115/><U59/><E59/><V3/><F3/><W114/><G114/><T34/><D57/><U27/><E27/><V62/><F72/><W25/><G74/><T84/><D23/><U134/><E134/><V86/><REACH who="2" step="1"/><F29/><AGARI ba="1,1" hai="4,7,29,31,76,78,89,91,96,97,108,110,128,130" machi="29" ten="25,12000,2" yaku="21,2,22,2,53,2" doraHai="101" doraHaiUra="120" who="1" fromWho="2" sc="308,0,240,133,250,-123,192,0" /><INIT seed="1,0,0,5,3,61" ten="308,373,127,192" oya="1" hai0="43,99,73,94,36,115,80,108,72,71,49,17,57" hai1="2,110,21,37,50,89,56,116,129,47,6,62,15" hai2="19,74,42,134,41,114,86,40,52,46,68,87,130" hai3="81,33,106,26,25,132,16,97,98,45,123,60,12"/><U7/><E116/><V39/><F114/><W48/><G123/><T96/><D71/><U27/><E2/><V135/><F74/><W118/><G132/><N who="2" m="50729" /><F68/><W117/><G81/><T104/><D115/><U13/><E37/><V22/><F130/><W30/><G26/><T112/><D112/><U122/><E89/><V82/><F52/><N who="3" m="29711" /><G106/><T107/><D36/><U83/><E83/><V88/><F87/><W9/><G60/><T105/><D43/><U18/><E110/><V91/><F91/><W4/><G4/><N who="1" m="1578" /><E122/><V29/><F29/><W103/><G103/><N who="0" m="62567" /><D49/><U111/><E111/><V70/><F70/><W84/><G84/><T131/><D108/><U67/><E129/><V11/><F11/><W64/><G64/><T121/><D131/><U85/><E85/><V14/><AGARI ba="0,0" hai="14,19,22,39,40,41,42,46,82,86,88" m="50729" machi="14" ten="30,2000,0" yaku="20,1,54,1" doraHai="61" who="2" fromWho="2" sc="308,-5,373,-10,127,20,192,-5" /><INIT seed="2,0,0,2,1,28" ten="303,363,147,187" oya="2" hai0="20,34,41,9,3,33,49,119,121,87,111,96,73" hai1="40,22,60,53,116,107,65,46,12,131,77,0,102" hai2="133,75,135,35,94,120,69,112,74,110,4,26,89" hai3="72,132,18,82,59,56,21,57,85,58,70,129,61"/><V78/><F112/><W5/><G129/><T25/><D73/><U39/><E116/><V71/><F120/><W36/><G36/><T62/><D121/><U130/><E0/><V50/><F4/><W127/><G127/><T134/><D119/><U30/><E77/><V38/><F38/><W67/><G132/><N who="2" m="50761" /><F50/><W16/><G72/><N who="2" m="27689" /><F78/><W24/><G5/><T51/><D111/><U101/><E130/><V54/><F54/><W83/><N who="3" m="14336" /><DORA hai="99" /><W104/><G104/><T103/><D62/><U44/><E53/><V97/><F110/><W90/><REACH who="3" step="1"/><G18/><REACH who="3" ten="303,363,147,177" step="2"/><T42/><D134/><U2/><E131/><V123/><F123/><W117/><G117/><T106/><D106/><U76/><E107/><V43/><F43/><W93/><AGARI ba="0,1" hai="16,21,24,61,67,70,82,83,85,90,93" m="14336" machi="93" ten="40,12000,2" yaku="1,1,0,1,54,1,53,4" doraHai="28,99" doraHaiUra="115,55" who="3" fromWho="3" sc="303,-30,363,-30,147,-60,177,130" /><INIT seed="3,0,0,0,5,59" ten="273,333,87,307" oya="3" hai0="118,5,76,13,99,103,77,122,101,28,132,6,44" hai1="125,95,97,123,36,19,93,74,80,108,11,21,100" hai2="16,131,81,106,96,53,98,124,26,45,30,78,135" hai3="57,126,25,102,69,27,29,51,50,14,38,86,49"/><W22/><G69/><T105/><D118/><U31/><E123/><V1/><F1/><W110/><G126/><T119/><D122/><U39/><E108/><V111/><F124/><W72/><G72/><T24/><D119/><U89/><E125/><V23/><F111/><W9/><G38/><T10/><D132/><U116/><E31/><V46/><F135/><W66/><G110/><T17/><D101/><U73/><E116/><V109/><F131/><W91/><G27/><T71/><D71/><U94/><E11/><V48/><F109/><W20/><G102/><T129/><D129/><U3/><E3/><V79/><F79/><W60/><G22/><T83/><D44/><U115/><E115/><V82/><F82/><N who="3" m="49623" /><G50/><T61/><D61/><U63/><E63/><V18/><F106/><W58/><G58/><T75/><REACH who="0" step="1"/><D77/><REACH who="0" ten="263,333,87,307" step="2"/><U34/><E100/><V67/><F46/><W120/><G120/><T133/><D133/><U107/><E107/><V52/><F53/><W128/><G128/><T87/><D87/><U134/><E74/><V104/><F104/><W121/><G121/><T127/><D127/><U54/><E73/><V62/><F98/><W92/><G92/><T32/><AGARI ba="0,1" hai="5,6,10,13,17,24,28,32,75,76,83,99,103,105" machi="32" ten="20,2700,0" yaku="1,1,0,1,7,1,53,0" doraHai="59" doraHaiUra="70" who="0" fromWho="0" sc="263,37,333,-7,87,-7,307,-13" owari="300,10.0,326,42.6,80,-42.0,294,-10.6" /></mjloggm>