<mjloggm ver="2.3"><GO type="225" lobby="0"/><UN n0="%E3%81%8C%E3%81%9F" n1="%E3%81%82%E3%81%84%E3%81%82%E3%81%8A%E3%81%84" n2="%E3%83%A1%E3%82%AC%E3%83%87%E3%82%B8" n3="%74%61%6B%65%2D%79%6F%75" dan="16,18,16,16" rate="2059.38,2205.90,2117.74,2188.93" sx="F,M,F,M"/><TAIKYOKU oya="0"/><INIT seed="0,0,0,5,3,42" ten="250,250,250,250" oya="0" hai0="90,115,45,119,1,112,46,4,15,101,67,2,100" hai1="63,48,65,41,107,16,133,52,97,17,72,118,124" hai2="79,135,85,84,5,94,12,51,121,56,18,24,126" hai3="103,106,13,47,60,91,114,40,105,10,49,25,120"/><T30/><D119/><U44/><E118/><V27/><F135/><W116/><G116/><T77/><D77/><U75/><E124/><V99/><F126/><W7/><G114/><T74/><D74/><U130/><E133/><V134/><F121/><W73/><G120/><T3/><D67/><U104/><E130/><V95/><F5/><W21/><G73/><T33/><D90/><U38/><E75/><V88/><F134/><W83/><G103/><N who="0" m="39499" /><D15/><U11/><E72/><V129/><F129/><W87/><REACH who="3" step="1"/><G60/><REACH who="3" ten="250,250,250,240" step="2"/><T78/><D115/><U110/><E110/><V92/><F99/><W34/><G34/><T113/><D33/><U117/><E117/><V43/><F85/><W125/><G125/><T14/><D113/><U108/><E108/><V29/><F84/><W50/><G50/><T69/><D112/><U127/><E127/><V64/><F51/><W102/><G102/><T131/><D131/><U31/><E97/><V35/><F35/><W28/><AGARI ba="0,1" hai="7,10,13,21,25,28,40,47,49,83,87,91,105,106" machi="28" ten="20,8000,1" yaku="1,1,0,1,7,1,52,1,53,1" doraHai="42" doraHaiUra="39" who="3" fromWho="3" sc="250,-40,250,-20,250,-20,240,90" /><INIT seed="1,0,0,4,4,105" ten="210,230,230,330" oya="1" hai0="41,23,20,71,1,58,120,90,39,134,45,89,53" hai1="31,54,125,123,83,76,27,69,109,118,33,21,7" hai2="67,116,25,66,68,91,30,106,59,12,63,124,13" hai3="119,37,9,104,94,15,99,51,43,50,72,34,113"/><U88/><E118/><V32/><F116/><W122/><G119/><T121/><D1/><U0/><E123/><N who="0" m="47177" /><D71/><U93/><E69/><V132/><F132/><W40/><G122/><T117/><D117/><U135/><E135/><V97/><F124/><W55/><G113/><T107/><D107/><U36/><E36/><V2/><F2/><W14/><G34/><T48/><D134/><U74/><E109/><V64/><F91/><AGARI ba="0,0" hai="20,23,39,41,45,48,53,58,89,90,91" m="47177" machi="91" ten="30,1000,0" yaku="13,1" doraHai="105" who="0" fromWho="2" sc="210,10,230,0,230,-10,330,0" /><INIT seed="2,0,0,1,4,56" ten="220,230,220,330" oya="2" hai0="58,25,5,22,101,102,128,106,121,85,14,69,81" hai1="84,50,54,107,94,4,111,15,35,108,6,86,46" hai2="59,28,24,134,30,77,105,34,12,39,18,103,51" hai3="45,118,52,82,91,21,47,88,13,130,129,2,27"/><V114/><F39/><W76/><G2/><T71/><D121/><U8/><E107/><V66/><F114/><W109/><G118/><T61/><D128/><N who="3" m="49257" /><G13/><T60/><D5/><U36/><E35/><V78/><F134/><W126/><G109/><N who="1" m="42058" /><E36/><V1/><F1/><W122/><G126/><T32/><D14/><U10/><E94/><V40/><F30/><N who="3" m="17775" /><G122/><T16/><D32/><U63/><E63/><N who="0" m="24137" /><D106/><U100/><E100/><N who="0" m="38505" /><D69/><U31/><E31/><V89/><F66/><W98/><G98/><T23/><D71/><U95/><E95/><V62/><F103/><W38/><G38/><T74/><D74/><U127/><E127/><V113/><F105/><W135/><G135/><T0/><D0/><AGARI ba="0,0" hai="0,4,6,8,10,15,46,50,54,84,86" m="42058" machi="0" ten="30,1000,0" yaku="14,1" doraHai="56" who="1" fromWho="0" sc="220,-10,230,10,220,0,330,0" /><INIT seed="3,0,0,1,4,1" ten="210,240,220,330" oya="3" hai0="72,69,63,132,114,50,88,22,75,30,122,100,77" hai1="124,107,71,93,11,80,118,117,24,94,21,42,19" hai2="66,102,70,33,32,81,27,74,6,127,41,95,47" hai3="134,116,109,0,106,51,76,121,86,73,104,84,12"/><W37/><G0/><T91/><D122/><U128/><E107/><V62/><F127/><W60/><G37/><T82/><D72/><U17/><E71/><V4/><F74/><W130/><G121/><T105/><D132/><U14/><E124/><V129/><F81/><W61/><G116/><N who="1" m="44650" /><E128/><V103/><F129/><W87/><G106/><T115/><D50/><U45/><E80/><V119/><F119/><W3/><G51/><AGARI ba="0,0" hai="11,14,17,19,21,24,42,45,51,93,94" m="44650" machi="51" ten="30,1000,0" yaku="12,1" doraHai="1" who="1" fromWho="3" sc="210,0,240,10,220,0,330,-10" owari="210,-29.0,250,5.0,220,-18.0,320,42.0" /></mjloggm>