<mjloggm ver="2.3"><GO type="225" lobby="0"/><UN n0="%E3%81%B2%E3%81%AA%E3%81%AE%E3%82%8A%E3%81%8F" n1="%6D%75%75%6D%75%72%61" n2="%E6%B4%BE%E9%81%A3%E3%81%AE%E3%82%B8%E3%83%A3%E3%83%83%E3%82%AF" n3="%63%68%78%62%64" dan="17,17,16,16" rate="2148.60,2201.71,2201.00,2106.12" sx="M,F,M,M"/><TAIKYOKU oya="0"/><INIT seed="0,0,0,0,4,100" ten="250,250,250,250" oya="0" hai0="60,66,98,30,110,43,93,79,68,124,97,39,50" hai1="103,0,28,115,15,32,121,72,123,35,11,78,112" hai2="129,120,95,52,71,63,90,80,17,70,87,125,21" hai3="46,22,133,6,99,102,84,38,27,134,74,81,2"/><T29/><D39/><U37/><E37/><V59/><F120/><N who="1" m="46153" /><E103/><V85/><F125/><W10/><G74/><T16/><D124/><U114/><E0/><V1/><F1/><W106/><G46/><T94/><D79/><U45/><E45/><V88/><REACH who="2" step="1"/><F129/><REACH who="2" ten="250,250,240,250" step="2"/><W135/><G38/><T20/><D110/><U113/><E113/><V34/><F34/><W96/><G96/><T109/><D97/><U116/><E116/><V67/><F67/><W3/><G3/><T56/><D109/><U44/><E35/><V92/><F92/><W128/><G128/><T19/><D94/><U126/><E126/><V127/><F127/><W18/><REACH who="3" step="1"/><G134/><REACH who="3" ten="250,250,240,240" step="2"/><T119/><D119/><U4/><E115/><V111/><F111/><W65/><G65/><T105/><D66/><U9/><E114/><V61/><F61/><W5/><G5/><T101/><D60/><U41/><E112/><V40/><F40/><W36/><G36/><T55/><D43/><U57/><E4/><V132/><F132/><W51/><G51/><T83/><D50/><U42/><E42/><V75/><F75/><W73/><G73/><T7/><D98/><U13/><E72/><V49/><F49/><W108/><G108/><T8/><D68/><U117/><E41/><V69/><F69/><W89/><AGARI ba="0,2" hai="2,6,10,18,22,27,81,84,89,99,102,106,133,135" machi="89" ten="30,7900,0" yaku="1,1,0,1,52,1,53,1" doraHai="100" doraHaiUra="12" who="3" fromWho="3" sc="250,-39,250,-20,240,-20,240,99" /><INIT seed="1,0,0,0,3,12" ten="211,230,220,339" oya="1" hai0="113,33,95,26,61,112,132,129,68,125,41,62,89" hai1="9,77,76,79,60,120,63,31,87,38,128,29,27" hai2="40,88,24,56,37,135,100,53,124,105,117,81,21" hai3="109,75,3,97,92,104,121,86,74,122,73,32,59"/><U83/><E120/><N who="3" m="46186" /><G59/><T98/><D132/><U22/><E128/><V10/><F117/><W19/><G19/><T35/><D129/><U15/><E38/><V34/><F34/><W126/><G32/><T107/><D125/><U1/><E1/><V106/><F124/><W71/><G71/><T102/><D41/><U118/><E31/><V4/><F135/><W110/><G3/><T115/><D26/><U103/><E103/><V55/><F100/><N who="3" m="62479" /><G126/><T25/><D25/><U134/><E118/><V7/><F40/><W42/><G42/><T44/><D44/><U0/><E0/><V49/><F37/><W111/><G92/><T94/><D94/><U119/><E119/><V96/><F53/><W46/><G46/><T11/><D11/><U28/><E28/><V51/><F51/><W69/><G69/><T5/><D5/><U20/><E20/><V85/><F4/><W18/><G18/><T91/><D62/><N who="1" m="23595" /><E134/><V58/><F58/><W108/><N who="3" m="27648" /><DORA hai="52" /><W30/><G30/><T123/><D123/><U8/><E8/><V78/><F10/><W90/><G90/><N who="0" m="34315" /><D95/><U6/><AGARI ba="0,0" hai="6,9,15,22,27,29,76,77,79,83,87" m="23595" machi="6" ten="30,1500,0" yaku="8,1" doraHai="12,52" who="1" fromWho="1" sc="211,-5,230,15,220,-5,339,-5" /><INIT seed="1,1,0,5,5,134" ten="206,245,215,334" oya="1" hai0="108,88,64,125,107,43,75,54,36,79,60,59,11" hai1="99,89,115,114,35,22,110,130,72,45,82,94,91" hai2="103,31,69,122,34,1,100,42,55,133,5,104,96" hai3="81,132,76,119,86,28,3,112,109,97,37,80,50"/><U52/><E35/><V73/><F122/><W83/><G37/><T70/><D107/><U84/><E130/><V63/><F73/><W129/><G112/><T32/><D32/><U123/><E123/><V77/><F77/><W24/><G109/><T20/><D108/><U124/><E110/><V53/><F133/><W128/><G132/><T47/><D20/><U41/><E124/><V46/><F100/><W27/><G3/><T90/><D11/><U17/><E72/><V57/><F69/><W39/><G39/><T67/><D67/><U87/><E99/><V85/><F85/><W65/><G119/><T4/><D4/><U56/><E41/><V15/><F1/><W101/><G65/><T40/><D40/><U13/><REACH who="1" step="1"/><E45/><REACH who="1" ten="206,235,215,334" step="2"/><V121/><F121/><W98/><G128/><T48/><REACH who="0" step="1"/><D125/><REACH who="0" ten="196,235,215,334" step="2"/><U25/><E25/><V2/><F42/><W71/><G27/><T102/><D102/><U117/><E117/><V78/><F103/><W126/><G24/><T7/><D7/><U113/><E113/><V12/><F5/><W66/><G126/><T95/><D95/><U61/><AGARI ba="1,2" hai="13,17,22,52,56,61,82,84,87,89,91,94,114,115" machi="61" ten="20,7800,0" yaku="1,1,0,1,7,1,54,1,53,0" doraHai="134" doraHaiUra="127" who="1" fromWho="1" sc="196,-27,235,101,215,-27,334,-27" /><INIT seed="1,2,0,5,1,61" ten="169,336,188,307" oya="1" hai0="135,12,102,70,101,107,23,109,52,87,78,126,115" hai1="112,125,51,65,66,104,100,68,17,16,0,24,21" hai2="111,88,76,75,94,89,95,121,119,120,73,85,96" hai3="99,63,60,62,43,57,40,130,38,36,131,92,7"/><U26/><E112/><V1/><F1/><W19/><G7/><T72/><D115/><U116/><E116/><V129/><F119/><W80/><G19/><T58/><D109/><U28/><E0/><V18/><F18/><W110/><G80/><T108/><D108/><U31/><E125/><V8/><F8/><W113/><G110/><T41/><D126/><U37/><E37/><N who="3" m="14442" /><G92/><T44/><D72/><N who="2" m="27722" /><F111/><W30/><G99/><T69/><D107/><U74/><E74/><V20/><F20/><W10/><G10/><T122/><D122/><N who="2" m="47210" /><F129/><N who="3" m="49163" /><G30/><T6/><D23/><N who="1" m="15391" /><E68/><V105/><F76/><W77/><G77/><T118/><D70/><U45/><E104/><AGARI ba="2,0" hai="85,88,89,94,95,96,104,105" m="47210,27722" machi="104" ten="30,3900,0" yaku="34,2,54,1" doraHai="61" who="2" fromWho="1" sc="169,0,336,-45,188,45,307,0" /><INIT seed="2,0,0,0,5,96" ten="169,291,233,307" oya="2" hai0="103,22,20,27,134,84,5,49,23,44,51,105,126" hai1="114,9,56,118,43,8,101,32,80,45,15,66,86" hai2="135,0,127,63,70,35,82,36,83,122,78,14,33" hai3="98,24,124,26,47,7,77,89,64,132,59,60,116"/><V123/><F36/><W17/><G116/><T119/><D119/><U4/><E118/><V73/><F0/><W46/><G132/><T125/><D134/><U108/><E32/><V91/><F135/><W102/><G124/><T79/><D5/><U40/><E114/><V62/><F127/><W52/><G77/><T93/><D105/><U42/><E108/><V68/><F14/><W38/><G7/><T100/><D125/><U37/><E9/><V88/><REACH who="2" step="1"/><F78/><REACH who="2" ten="169,291,223,307" step="2"/><W57/><G38/><T6/><D126/><U28/><E37/><V21/><F21/><N who="0" m="8298" /><D6/><U29/><E4/><V106/><F106/><W11/><G11/><T85/><D79/><U19/><E8/><V10/><F10/><W67/><G17/><N who="0" m="12783" /><D51/><U107/><E19/><V76/><F76/><W48/><G24/><T81/><D81/><U99/><E15/><V110/><F110/><W55/><G26/><T120/><D120/><U128/><E29/><V58/><F58/><W61/><G59/><T54/><D93/><U74/><E28/><V133/><F133/><W16/><G57/><T3/><D3/><U94/><E107/><V112/><F112/><W39/><G39/><T71/><D71/><U25/><E25/><V131/><F131/><W72/><G47/><T87/><AGARI ba="0,1" hai="44,49,54,84,85,87,100,103" m="12783,8298" machi="87" ten="30,4000,0" yaku="8,1,52,2" doraHai="96" who="0" fromWho="0" sc="169,50,291,-10,223,-20,307,-10" /><INIT seed="3,0,0,3,5,87" ten="219,281,203,297" oya="3" hai0="124,83,79,42,99,48,38,122,130,107,135,63,112" hai1="73,2,114,64,81,22,0,24,88,52,60,30,117" hai2="108,23,91,100,96,71,94,62,66,25,50,97,57" hai3="29,14,128,103,1,19,13,119,53,59,31,85,67"/><W47/><G119/><T33/><D122/><U51/><E114/><V20/><F108/><W49/><G128/><T125/><D33/><U129/><E129/><V92/><F71/><W8/><G1/><T36/><D130/><U44/><E117/><V11/><F50/><W34/><G34/><T115/><D135/><U45/><E45/><V90/><F11/><N who="3" m="6591" /><G103/><T118/><D118/><U80/><E80/><V43/><F43/><N who="3" m="24831" /><G67/><T21/><D107/><U74/><E2/><V76/><F76/><W121/><G85/><T7/><D38/><U28/><E0/><V75/><F75/><W93/><G93/><T6/><D36/><U54/><E74/><V110/><F110/><W58/><G121/><T12/><D112/><U65/><E73/><V72/><F72/><W5/><G59/><T69/><D69/><U18/><E54/><V17/><F23/><W55/><G55/><T77/><D115/><U111/><E111/><V133/><F133/><W86/><G86/><T95/><D21/><U120/><E120/><V37/><F37/><W126/><G126/><N who="0" m="48747" /><D83/><U40/><E65/><V39/><F39/><W89/><G89/><AGARI ba="0,0" hai="17,20,25,57,62,66,89,90,91,92,94,96,97,100" machi="89" ten="30,8000,1" yaku="7,1,8,1,52,3" doraHai="87" who="2" fromWho="3" sc="219,0,281,0,203,80,297,-80" /><INIT seed="4,0,0,1,0,58" ten="219,281,283,217" oya="0" hai0="121,32,24,56,82,72,54,127,114,67,96,125,18" hai1="97,133,108,15,105,41,100,130,76,1,47,68,21" hai2="104,20,101,50,129,93,3,10,73,111,49,62,8" hai3="34,4,51,115,88,95,124,103,12,9,31,110,40"/><T13/><D121/><U37/><E108/><V19/><F111/><W53/><G115/><T85/><D72/><U27/><E1/><V126/><F104/><W122/><G110/><T107/><D114/><U135/><E130/><V11/><F3/><W132/><G132/><T61/><D32/><U5/><E76/><V35/><F35/><W39/><G124/><N who="0" m="47691" /><D24/><U118/><E118/><V94/><F126/><W57/><G122/><T71/><D96/><U16/><E68/><V75/><F129/><W65/><G103/><T117/><D107/><U30/><REACH who="1" step="1"/><E5/><REACH who="1" ten="219,271,283,217" step="2"/><V74/><F74/><W98/><G65/><T89/><D117/><U25/><E25/><N who="2" m="14495" /><F75/><W128/><G128/><T123/><D123/><U29/><E29/><V113/><F73/><W86/><G31/><T0/><D0/><U33/><AGARI ba="0,1" hai="15,16,21,27,30,33,37,41,47,97,100,105,133,135" machi="33" ten="30,7900,0" yaku="1,1,0,1,54,1,53,1" doraHai="58" doraHaiUra="99" who="1" fromWho="1" sc="219,-39,271,89,283,-20,217,-20" owari="180,-32.0,360,46.0,263,6.3,197,-20.3" /></mjloggm>