<mjloggm ver="2.3"><GO type="225" lobby="0"/><UN n0="%E5%A4%9C%E5%85%89%E5%A4%A9%E6%A5%BC" n1="%68%69%68%69%68%69%6A%69" n2="%E3%83%81%E3%83%AF%E3%83%AF%E9%9A%8A%E9%95%B7" n3="%E6%B8%A9%E2%98%85%E6%83%85%E2%98%85%E6%8E%AA%E2%98%85%E7%BD%AE" dan="17,17,16,18" rate="2161.23,2265.37,2078.23,2189.25" sx="F,M,M,M"/><TAIKYOKU oya="0"/><INIT seed="0,0,0,2,4,40" ten="250,250,250,250" oya="0" hai0="99,39,49,107,77,117,132,42,118,11,7,73,131" hai1="31,14,71,82,89,59,16,58,126,34,69,52,24" hai2="129,28,63,45,70,38,110,102,83,115,54,6,46" hai3="116,64,30,76,66,79,37,113,55,93,26,20,91"/><T130/><D132/><U135/><E135/><V86/><F115/><W119/><G113/><T95/><D49/><U0/><E0/><V53/><F129/><N who="0" m="49162" /><D107/><U29/><E29/><V74/><F74/><W124/><G37/><T9/><D77/><N who="3" m="29769" /><G119/><N who="0" m="45579" /><D73/><U47/><E126/><V112/><F112/><W106/><G124/><T5/><D42/><U84/><E59/><V101/><F38/><W80/><G106/><T1/><D39/><U96/><E96/><V8/><F28/><W134/><G116/><T17/><D95/><U22/><REACH who="1" step="1"/><E47/><REACH who="1" ten="250,240,250,250" step="2"/><V94/><F45/><W111/><G134/><T23/><D99/><U32/><E32/><V72/><F46/><W90/><G111/><T92/><D92/><U108/><E108/><V81/><F94/><W88/><G93/><T13/><D7/><U2/><E2/><V109/><F6/><W41/><G80/><T67/><D67/><N who="3" m="25641" /><G41/><T133/><D133/><U25/><E25/><V114/><F110/><W62/><G55/><T97/><D97/><U18/><E18/><V128/><F109/><W68/><G30/><T98/><D98/><U4/><E4/><V33/><F114/><W127/><G127/><T75/><D75/><U56/><E56/><V78/><F72/><W60/><G26/><T105/><D105/><U122/><E122/><V65/><F83/><W61/><G68/><T50/><D1/><U15/><E15/><V27/><F128/><W87/><G87/><T19/><D5/><U36/><E36/><V125/><F125/><W85/><G85/><T48/><D19/><U123/><E123/><V51/><F81/><RYUUKYOKU ba="0,1" sc="250,10,240,10,250,-30,250,10" hai0="9,11,13,17,23,48,50" hai1="14,16,22,24,31,34,52,58,69,71,82,84,89" hai3="20,60,61,62,88,90,91" /><INIT seed="0,1,1,5,1,58" ten="260,250,220,260" oya="0" hai0="66,18,96,0,83,91,27,36,34,107,120,57,99" hai1="73,69,78,124,70,24,100,103,77,128,21,126,41" hai2="48,108,115,101,47,5,55,76,132,117,134,10,20" hai3="39,50,23,19,61,53,133,95,71,6,87,13,40"/><T49/><D120/><U37/><E128/><V122/><F122/><W22/><G133/><N who="2" m="51305" /><F115/><W9/><G39/><T45/><D0/><U68/><E41/><V88/><F108/><W62/><G71/><T106/><D36/><U46/><E46/><V82/><F117/><W72/><G72/><T135/><D135/><U54/><E54/><V28/><F101/><N who="1" m="38985" /><E73/><V11/><F5/><W112/><G40/><T113/><D113/><U114/><E114/><V26/><F76/><W8/><G112/><T64/><D64/><U97/><E97/><N who="0" m="37449" /><D34/><U63/><E37/><V119/><F119/><W44/><G23/><N who="0" m="13815" /><D106/><U104/><E104/><V125/><F125/><N who="1" m="48233" /><E63/><N who="3" m="24074" /><G6/><T4/><D4/><U16/><AGARI ba="1,1" hai="16,21,24,68,69,70,77,78" m="48233,38985" machi="16" ten="40,2700,0" yaku="18,1,54,1" doraHai="58" who="1" fromWho="1" sc="260,-14,250,40,220,-8,260,-8" /><INIT seed="1,0,0,5,3,129" ten="246,290,212,252" oya="1" hai0="7,46,111,13,70,60,43,64,82,103,121,123,74" hai1="98,94,50,110,0,115,27,72,91,131,9,14,122" hai2="100,38,135,126,6,116,132,53,20,26,33,130,81" hai3="117,29,99,134,34,35,106,68,58,118,11,120,88"/><U49/><E115/><V101/><F33/><W41/><G68/><T114/><D114/><U4/><E122/><N who="0" m="46601" /><D111/><U85/><E131/><V56/><F38/><W61/><G120/><T16/><D103/><U107/><E110/><V133/><F130/><W90/><G41/><T69/><D7/><U73/><E27/><V71/><F71/><W1/><G106/><T125/><D125/><U48/><REACH who="1" step="1"/><E0/><REACH who="1" ten="246,280,212,252" step="2"/><V10/><F126/><W23/><G1/><T59/><D74/><U119/><E119/><V104/><F116/><W95/><G117/><T78/><D78/><U84/><E84/><V42/><F104/><W47/><G118/><T19/><D82/><U12/><E12/><N who="2" m="5207" /><F81/><W5/><G95/><T93/><D93/><U39/><E39/><V128/><F128/><W80/><G80/><T15/><D15/><U8/><E8/><V55/><F42/><W89/><G11/><T62/><D13/><U97/><E97/><V113/><F113/><W2/><G99/><T25/><D25/><U44/><E44/><V22/><F22/><W83/><G47/><T124/><D124/><U112/><E112/><V86/><F86/><W92/><G83/><T76/><D76/><U3/><E3/><V63/><F53/><N who="3" m="33999" /><G92/><T105/><D105/><U32/><E32/><V21/><F20/><W75/><G23/><T96/><D96/><U37/><E37/><V51/><F51/><W66/><G35/><T18/><D62/><U45/><E45/><V40/><F40/><W65/><G34/><T67/><D64/><N who="3" m="24681" /><G2/><T30/><D43/><U17/><E17/><AGARI ba="0,1" hai="17,21,26,55,56,63,100,101,132,133,135" m="5207" machi="17" ten="30,7700,0" yaku="20,1,52,3" doraHai="129" who="2" fromWho="1" sc="246,0,280,-77,212,87,252,0" /><INIT seed="2,0,0,4,4,73" ten="246,203,299,252" oya="2" hai0="29,32,70,12,31,68,59,25,17,0,65,2,86" hai1="121,7,118,126,38,112,103,76,108,14,39,80,116" hai2="6,15,115,1,110,117,105,52,69,49,109,120,133" hai3="30,84,35,107,94,58,34,81,132,89,51,56,88"/><V129/><RYUUKYOKU type="yao9" ba="0,0" sc="246,0,203,0,299,0,252,0" hai2="1,6,15,49,52,69,105,109,110,115,117,120,129,133" /><INIT seed="2,1,0,1,4,11" ten="246,203,299,252" oya="2" hai0="109,99,132,67,120,25,63,69,113,19,115,37,12" hai1="62,119,44,90,1,52,64,34,104,121,93,74,112" hai2="131,81,122,14,71,97,68,53,8,124,82,94,32" hai3="5,36,95,92,26,15,91,56,20,6,61,102,117"/><V98/><F32/><W125/><G36/><T106/><D120/><U133/><E112/><V110/><F122/><W41/><G117/><T88/><D37/><U129/><E121/><V66/><F124/><W51/><G125/><T47/><D132/><U65/><E119/><V58/><F131/><W45/><G102/><T126/><D126/><U83/><E133/><V101/><F110/><W55/><G15/><T135/><D135/><U54/><E34/><V38/><F38/><W13/><G13/><T24/><D109/><U127/><E127/><V85/><F66/><W86/><REACH who="3" step="1"/><G95/><REACH who="3" ten="246,203,299,242" step="2"/><T84/><D113/><U57/><E104/><V35/><F94/><W134/><G134/><T23/><D115/><U118/><E118/><V39/><F101/><W50/><G50/><T27/><D106/><U18/><E1/><V80/><F39/><W100/><G100/><T77/><D12/><U60/><E129/><V33/><F14/><W7/><G7/><T0/><D0/><U4/><E4/><V73/><F8/><W105/><G105/><T70/><D25/><U107/><E107/><V21/><F73/><W87/><G87/><T123/><D27/><U103/><E74/><V116/><F85/><W72/><G72/><T128/><D84/><N who="1" m="50463" /><E103/><V40/><F116/><W29/><AGARI ba="1,1" hai="5,6,20,26,29,41,45,51,55,56,61,86,91,92" machi="29" ten="20,5200,0" yaku="1,1,0,1,7,1,8,1,53,0" doraHai="11" doraHaiUra="108" who="3" fromWho="3" sc="246,-14,203,-14,299,-27,242,65" /><INIT seed="3,0,0,1,1,64" ten="232,189,272,307" oya="3" hai0="32,89,98,7,101,2,49,123,58,65,46,53,85" hai1="44,116,41,4,90,66,135,133,21,97,23,43,115" hai2="134,111,10,33,99,5,51,96,56,52,121,106,79" hai3="30,11,35,57,9,67,83,73,22,61,124,42,103"/><W110/><G35/><T126/><D123/><U87/><E115/><V45/><F33/><W86/><G73/><T77/><D126/><U69/><E116/><V3/><F121/><W34/><G34/><T104/><D32/><U100/><E4/><V37/><F111/><W128/><G110/><T19/><D2/><U78/><E78/><V72/><F134/><N who="1" m="51209" /><E90/><V18/><F106/><W63/><G124/><T75/><D7/><U47/><E87/><V8/><F8/><W119/><G42/><N who="1" m="15882" /><E97/><V76/><F76/><W12/><G119/><T130/><D19/><U105/><E100/><V27/><F79/><N who="3" m="46463" /><G103/><T71/><D75/><U132/><N who="1" m="51217" /><U59/><DORA hai="60" /><E105/><V14/><F72/><W131/><G12/><T80/><D89/><U93/><E93/><V84/><F3/><W15/><G15/><T113/><D113/><U120/><E120/><V127/><F127/><W68/><G22/><N who="1" m="8202" /><E59/><V39/><F56/><W107/><G107/><T81/><D80/><U26/><E26/><V91/><F27/><W118/><G118/><T108/><D58/><U125/><E125/><V54/><F5/><W28/><G11/><T94/><D104/><U13/><E13/><V117/><F117/><W70/><G9/><T36/><D85/><U95/><E95/><V31/><F84/><W38/><G57/><T114/><D114/><U24/><E24/><V74/><F74/><W109/><G109/><T0/><D108/><U6/><E6/><V50/><F10/><W29/><G29/><T82/><D101/><U1/><E1/><V62/><F14/><W40/><G30/><RYUUKYOKU ba="0,0" sc="232,-10,189,30,272,-10,307,-10" hai1="44,47,66,69" /><INIT seed="4,1,0,0,3,103" ten="222,219,262,297" oya="0" hai0="70,108,60,42,110,123,41,31,127,87,21,117,50" hai1="18,96,35,122,55,47,90,10,8,77,74,61,58" hai2="36,98,128,14,45,118,131,46,125,19,107,92,119" hai3="0,15,89,124,2,93,97,101,105,30,78,26,24"/><T11/><D123/><U132/><E122/><V67/><F67/><W57/><G124/><T85/><D117/><N who="2" m="44554" /><F125/><W135/><G135/><T69/><D11/><U38/><E35/><V80/><F80/><W66/><G78/><T23/><D127/><U40/><E132/><V102/><F92/><W56/><G15/><T113/><D50/><U112/><E112/><V120/><F120/><W65/><G26/><T81/><D60/><U48/><E18/><V115/><F115/><W63/><G57/><T83/><D113/><U6/><E6/><V29/><F29/><AGARI ba="1,0" hai="21,23,29,31,41,42,69,70,81,83,85,87,108,110" machi="29" ten="25,2400,0" yaku="22,2" doraHai="103" who="0" fromWho="2" sc="222,27,219,0,262,-27,297,0" /><INIT seed="4,2,0,1,0,48" ten="249,219,235,297" oya="0" hai0="86,68,24,56,122,66,35,121,12,37,111,1,34" hai1="22,67,120,72,70,115,6,74,102,100,126,77,44" hai2="134,43,104,58,135,101,47,119,27,14,113,4,84" hai3="41,53,9,110,81,83,61,88,105,117,21,131,31"/><T36/><D1/><U29/><E120/><V127/><F119/><W64/><G105/><T39/><D68/><U62/><E126/><V99/><F127/><W32/><G110/><T19/><D111/><U87/><E115/><V129/><F113/><W125/><G32/><T123/><D86/><U23/><E6/><V63/><F129/><W89/><G117/><T7/><D7/><U97/><E87/><V15/><F27/><N who="3" m="16879" /><G41/><T95/><D95/><U26/><E102/><V91/><F4/><W108/><G108/><T92/><D92/><U116/><E116/><V57/><F57/><N who="3" m="34991" /><G64/><T5/><D35/><U18/><E77/><V59/><F104/><W46/><G46/><T112/><D112/><U106/><REACH who="1" step="1"/><E44/><REACH who="1" ten="249,209,235,297" step="2"/><V49/><F47/><W2/><G125/><T93/><D123/><U107/><E107/><V25/><F135/><W51/><G131/><T85/><D121/><U132/><E132/><V73/><F134/><W33/><G83/><T109/><D122/><U94/><E94/><V10/><F73/><W75/><G81/><T45/><D93/><U130/><E130/><V98/><F84/><W96/><G75/><T50/><D85/><U13/><AGARI ba="2,1" hai="13,18,22,23,26,29,62,67,70,72,74,97,100,106" machi="13" ten="20,2700,0" yaku="1,1,0,1,7,1,53,0" doraHai="48" doraHaiUra="82" who="1" fromWho="1" sc="249,-15,209,43,235,-9,297,-9" /><INIT seed="5,0,0,4,1,14" ten="234,252,226,288" oya="1" hai0="12,102,93,113,49,128,127,71,121,87,109,62,51" hai1="104,67,72,60,135,116,29,38,44,64,117,131,124" hai2="81,130,31,74,8,16,45,22,46,53,82,1,21" hai3="28,61,24,59,20,123,94,55,92,30,66,76,114"/><U99/><E72/><V97/><F130/><W42/><G123/><T86/><D109/><U68/><E131/><V119/><F119/><W13/><G114/><T90/><D128/><U5/><E135/><V88/><F74/><W17/><G42/><T96/><D113/><U15/><E124/><V47/><F1/><W105/><G105/><T18/><D127/><U107/><E67/><V23/><F31/><N who="3" m="11819" /><G76/><T69/><D121/><U34/><E5/><V103/><F103/><W63/><G24/><T80/><D87/><U132/><E15/><N who="2" m="7271" /><F53/><W9/><G9/><N who="0" m="6415" /><D71/><U33/><E132/><V122/><F122/><W84/><G84/><T27/><D69/><U41/><E107/><V78/><F78/><W40/><G40/><T70/><D70/><U32/><E29/><V83/><F97/><W106/><G106/><T126/><D27/><U52/><E52/><V6/><F6/><W89/><G89/><AGARI ba="0,0" hai="21,22,23,45,46,47,81,82,83,88,89" m="7271" machi="89" ten="40,12000,2" yaku="29,2,8,1,52,1,54,2" doraHai="14" who="2" fromWho="3" sc="234,0,252,0,226,120,288,-120" owari="234,-16.6,252,5.2,346,44.6,168,-33.2" /></mjloggm>