<mjloggm ver="2.3"><GO type="225" lobby="0"/><UN n0="%E3%81%8A%E3%81%8B%E3%81%8F%E3%82%89" n1="%E3%81%8F%E3%82%8A%E3%83%94%E3%83%BC" n2="%E3%81%99%E3%81%84%E3%81%BE%E3%81%9B%E3%83%BC%E3%82%93" n3="%45%6C%79%73%69%75%6D" dan="17,16,16,18" rate="2111.46,2125.63,2163.77,2163.30" sx="M,M,M,F"/><TAIKYOKU oya="0"/><INIT seed="0,0,0,0,1,11" ten="250,250,250,250" oya="0" hai0="126,133,87,41,35,77,43,106,103,65,66,60,17" hai1="68,79,89,81,104,131,28,40,128,125,49,116,76" hai2="45,90,12,64,20,31,78,69,132,105,118,48,83" hai3="74,51,72,84,91,70,37,1,0,25,92,22,98"/><T50/><D35/><U97/><E68/><V56/><F132/><W124/><G37/><T101/><D106/><U102/><E28/><V100/><F69/><W29/><G70/><T120/><D120/><U16/><E40/><V47/><F118/><W75/><G124/><T2/><D2/><U34/><E34/><V129/><F129/><N who="1" m="49737" /><E49/><V109/><F109/><W7/><G7/><T115/><D50/><U8/><E125/><V130/><F130/><W134/><G134/><T61/><D17/><U3/><E116/><V10/><F90/><W111/><G111/><T14/><D126/><U80/><E3/><V62/><F48/><W127/><G127/><T94/><D133/><U121/><E121/><V63/><F62/><W33/><G33/><T71/><D71/><U38/><E38/><V82/><F20/><W67/><G67/><T4/><D4/><U21/><E8/><V26/><F31/><W44/><REACH who="3" step="1"/><G98/><REACH who="3" ten="250,250,250,240" step="2"/><T96/><D96/><U110/><E110/><V55/><F64/><W15/><G15/><T119/><D14/><N who="1" m="9367" /><E89/><V107/><F12/><W58/><G58/><T59/><D59/><U113/><E113/><V122/><F56/><W18/><G18/><T23/><D119/><U46/><E46/><V32/><F47/><W5/><G5/><T85/><D65/><U9/><E9/><V53/><F10/><W135/><G135/><T123/><D66/><U112/><E112/><V88/><F45/><W114/><G114/><T99/><D115/><U108/><E108/><V52/><F122/><W42/><AGARI ba="0,1" hai="0,1,22,25,29,42,44,51,72,74,75,84,91,92" machi="42" ten="30,2000,0" yaku="1,1,0,1,53,0" doraHai="11" doraHaiUra="117" who="3" fromWho="3" sc="250,-10,250,-5,250,-5,240,30" /><INIT seed="1,0,0,2,4,72" ten="240,245,245,270" oya="1" hai0="70,77,19,100,57,24,22,87,90,120,98,75,33" hai1="5,8,66,68,123,92,49,74,114,128,108,104,129" hai2="94,48,65,16,115,131,135,67,15,82,10,18,54" hai3="69,63,91,109,111,47,133,41,86,119,112,121,96"/><U45/><E104/><V31/><F131/><N who="1" m="50249" /><E114/><V13/><F135/><W2/><G2/><T44/><D120/><U4/><E123/><V62/><F115/><W14/><G96/><T80/><D70/><U36/><E36/><V85/><F94/><W51/><G119/><T7/><D7/><U102/><E74/><V59/><F31/><W50/><G133/><T88/><D33/><U0/><E4/><V95/><F95/><W125/><G125/><T78/><D44/><U21/><E21/><N who="2" m="11407" /><F62/><W130/><G112/><T11/><D75/><U12/><E0/><V113/><F113/><W103/><G121/><T38/><D38/><U106/><E106/><V30/><F30/><W27/><G130/><T79/><D11/><U37/><E37/><V126/><F126/><W110/><G110/><T1/><D1/><U89/><E102/><V64/><F67/><W20/><G103/><T32/><D32/><U26/><E26/><V81/><F81/><W99/><G27/><T6/><D6/><U55/><E108/><V134/><F134/><W53/><G109/><T58/><D100/><U97/><E66/><V39/><F39/><W3/><G3/><T40/><D40/><U118/><E68/><V84/><F84/><W17/><G86/><N who="0" m="50247" /><D98/><U60/><E60/><V34/><F34/><W25/><G69/><T132/><D132/><U116/><AGARI ba="0,0" hai="5,8,12,45,49,55,89,92,97,116,118" m="50249" machi="116" ten="30,1500,0" yaku="19,1" doraHai="72" who="1" fromWho="1" sc="240,-5,245,15,245,-5,270,-5" /><INIT seed="1,1,0,5,5,38" ten="235,260,240,265" oya="1" hai0="35,11,121,77,71,63,134,78,100,42,87,8,53" hai1="79,27,102,82,25,108,85,66,30,135,1,39,54" hai2="58,114,73,2,5,94,72,126,99,57,128,60,122" hai3="68,96,19,76,9,113,70,69,97,45,26,18,37"/><U91/><E135/><V105/><F122/><W109/><G113/><T31/><D134/><U13/><E1/><V124/><F105/><W95/><G109/><T104/><D53/><U89/><E108/><V20/><F128/><W75/><G76/><T22/><D22/><U86/><E39/><V117/><F117/><W36/><G75/><T74/><D87/><U107/><E66/><V81/><F114/><W7/><G96/><T49/><D8/><U115/><E115/><V127/><F20/><W55/><G26/><T125/><D11/><U93/><E79/><N who="2" m="44263" /><F73/><W56/><G37/><T103/><D103/><U52/><E27/><V67/><F5/><W50/><G36/><T6/><D6/><U41/><E13/><V118/><F2/><W15/><REACH who="3" step="1"/><G45/><REACH who="3" ten="235,260,240,255" step="2"/><T59/><D78/><U34/><E107/><V3/><F118/><W132/><G132/><T44/><D77/><U43/><REACH who="1" step="1"/><E102/><AGARI ba="1,1" hai="7,9,15,18,19,50,55,56,68,69,70,95,97,102" machi="102" ten="40,1300,0" yaku="1,1,53,0" doraHai="38" doraHaiUra="130" who="3" fromWho="1" sc="235,0,260,-16,240,0,255,26" /><INIT seed="2,0,0,1,3,31" ten="235,244,240,281" oya="2" hai0="55,35,69,48,50,6,83,77,113,44,126,51,123" hai1="93,17,63,88,80,47,116,78,28,134,73,22,111" hai2="81,10,104,135,46,49,20,15,117,72,1,43,5" hai3="120,105,101,121,115,8,91,29,62,131,18,14,114"/><V25/><F117/><W3/><G131/><T40/><D123/><U60/><E116/><V66/><F104/><W96/><G3/><T57/><D113/><N who="3" m="43017" /><G62/><T64/><D126/><U24/><E111/><V56/><F135/><W33/><G91/><T92/><D92/><U103/><E103/><V52/><F66/><W86/><G86/><T94/><D6/><U82/><E82/><V97/><F97/><W41/><G41/><T106/><D106/><U54/><E134/><V109/><F109/><W98/><G98/><T27/><D94/><U71/><E71/><V23/><F1/><W75/><G75/><T84/><D64/><U26/><E54/><V11/><F11/><W16/><G18/><T79/><D79/><U89/><E47/><V19/><F72/><W61/><G61/><T124/><D124/><U108/><E89/><V70/><F70/><W21/><G8/><T53/><D69/><U36/><E36/><V58/><F81/><W122/><G122/><T95/><D95/><U119/><E119/><V59/><F23/><W68/><G68/><T87/><D87/><U125/><E125/><V4/><REACH who="2" step="1"/><F5/><REACH who="2" ten="235,244,230,281" step="2"/><W7/><G7/><T2/><D2/><U85/><REACH who="1" step="1"/><E108/><REACH who="1" ten="235,234,230,281" step="2"/><V90/><F90/><W128/><G121/><T74/><D83/><U110/><E110/><V99/><F99/><W112/><G120/><T13/><D77/><U0/><E0/><V12/><F12/><W38/><G112/><T130/><D13/><U127/><E127/><V76/><F76/><W67/><G14/><T107/><D74/><U45/><E45/><V37/><AGARI ba="0,2" hai="4,10,15,19,20,25,37,43,46,49,52,56,58,59" machi="37" ten="20,12000,1" yaku="1,1,5,1,0,1,7,1,54,1,53,0" doraHai="31" doraHaiUra="102" who="2" fromWho="2" sc="235,-40,234,-40,230,140,281,-40" /><INIT seed="2,1,0,5,1,77" ten="195,194,370,241" oya="2" hai0="46,31,24,95,93,71,58,65,97,13,98,113,132" hai1="27,25,34,103,99,39,125,79,130,20,28,50,90" hai2="37,60,101,75,0,40,9,96,3,89,42,38,54" hai3="109,5,7,78,111,4,21,102,8,116,49,81,134"/><V29/><F75/><W67/><G116/><T6/><D132/><U94/><E39/><V14/><F29/><W26/><G134/><T135/><D135/><U107/><E125/><V57/><F89/><W122/><G122/><T12/><D71/><U82/><E130/><V105/><F38/><W64/><G102/><T56/><D46/><U11/><E11/><V19/><REACH who="2" step="1"/><F37/><REACH who="2" ten="195,194,360,241" step="2"/><W17/><G111/><T85/><D31/><U112/><E112/><V127/><F127/><W73/><G109/><T100/><D113/><U108/><E108/><V86/><F86/><W114/><G114/><T63/><D85/><U36/><E36/><V104/><F104/><W129/><G129/><T48/><D97/><U44/><E90/><V32/><F32/><W53/><REACH who="3" step="1"/><G8/><REACH who="3" ten="195,194,360,231" step="2"/><T66/><D100/><U47/><E107/><V72/><F72/><W2/><G2/><AGARI ba="1,2" hai="0,2,3,9,14,19,40,42,54,57,60,96,101,105" machi="2" ten="40,3900,0" yaku="1,1,53,1" doraHai="77" doraHaiUra="52" who="2" fromWho="3" sc="195,0,194,0,360,62,231,-42" /><INIT seed="2,2,0,1,4,45" ten="195,194,422,189" oya="2" hai0="19,114,66,30,108,51,118,71,61,32,74,43,100" hai1="78,2,70,27,12,50,104,33,63,77,0,41,84" hai2="120,98,72,117,134,4,68,6,34,16,99,49,91" hai3="106,113,22,135,127,116,42,110,54,93,62,125,5"/><V36/><F36/><W107/><G116/><T102/><D114/><U57/><E104/><V60/><F72/><W86/><G113/><T44/><D74/><U112/><E112/><V90/><F34/><W58/><G110/><T39/><D108/><U82/><E78/><V46/><F134/><W129/><G135/><T126/><D126/><N who="3" m="48137" /><G129/><T23/><D118/><U95/><E70/><V121/><F60/><W25/><G5/><T111/><D111/><U96/><E12/><V13/><F68/><W87/><G42/><T119/><D119/><U26/><E41/><N who="2" m="24783" /><F121/><W69/><G69/><T24/><REACH who="0" step="1"/><D39/><REACH who="0" ten="185,194,422,189" step="2"/><U21/><E33/><V53/><F117/><W124/><G124/><T29/><D29/><U89/><E2/><V97/><F120/><W1/><G1/><T83/><D83/><U52/><E0/><V17/><F99/><W48/><G62/><T76/><D76/><U3/><E3/><V75/><F98/><W132/><G132/><T123/><D123/><U56/><E21/><V11/><F97/><W65/><G86/><T115/><D115/><U15/><E15/><AGARI ba="2,1" hai="15,19,23,24,30,32,43,44,51,61,66,71,100,102" machi="15" ten="30,3900,0" yaku="1,1,7,1,52,1,53,0" doraHai="45" doraHaiUra="105" who="0" fromWho="1" sc="185,55,194,-45,422,0,189,0" /><INIT seed="3,0,0,2,2,130" ten="240,149,422,189" oya="3" hai0="114,115,8,87,16,40,9,29,79,58,129,19,51" hai1="107,56,21,109,86,15,76,65,71,128,88,31,54" hai2="42,10,48,85,72,45,121,105,60,32,112,84,62" hai3="68,28,59,92,103,113,36,125,67,93,117,98,116"/><W135/><G117/><T124/><D129/><U70/><E128/><V13/><F32/><W17/><G113/><N who="0" m="43019" /><D29/><U7/><E107/><V43/><F105/><W50/><G135/><T22/><D19/><U26/><E76/><V104/><F104/><W77/><G50/><T25/><D124/><U132/><E109/><V119/><F119/><W89/><G59/><T82/><D58/><U24/><E65/><V52/><F72/><W38/><G67/><T110/><D110/><U33/><E132/><V47/><F121/><W23/><G77/><T94/><D94/><U127/><E127/><V20/><F20/><W120/><G68/><T35/><D35/><U75/><E75/><V123/><F123/><W108/><G23/><T95/><D95/><U44/><E44/><AGARI ba="0,0" hai="8,9,16,22,25,40,44,51,79,82,87" m="43019" machi="44" ten="30,2000,0" yaku="11,1,54,1" doraHai="130" who="0" fromWho="1" sc="240,20,149,-20,422,0,189,0" owari="260,6.0,129,-37.1,422,52.2,189,-21.1" /></mjloggm>