<mjloggm ver="2.3"><GO type="225" lobby="0"/><UN n0="%73%61%6E%64%69%72%69%73" n1="%47%68%6F%73%74%55%30" n2="%E3%81%AA%E3%81%A1%30%39%32%37" n3="%E6%B4%BE%E9%81%A3%E3%81%AE%E3%82%B8%E3%83%A3%E3%83%83%E3%82%AF" dan="16,17,16,16" rate="2146.30,2169.83,2105.99,2185.47" sx="M,M,M,M"/><TAIKYOKU oya="0"/><INIT seed="0,0,0,3,2,111" ten="250,250,250,250" oya="0" hai0="89,69,124,34,126,113,58,37,87,122,19,8,17" hai1="25,48,59,40,31,33,80,65,118,98,75,117,5" hai2="79,108,106,24,132,1,101,129,99,95,72,46,114" hai3="52,43,83,29,6,85,81,112,127,125,97,86,20"/><T49/><D122/><U107/><E5/><V109/><F1/><W13/><G43/><T90/><D37/><U104/><E48/><V78/><F46/><W121/><G121/><T54/><D69/><U26/><E59/><V66/><F66/><W35/><G97/><T44/><D34/><N who="1" m="20847" /><E40/><V63/><F63/><W51/><G35/><T27/><D90/><U12/><E12/><V56/><F56/><N who="3" m="32799" /><G112/><T50/><D113/><U131/><E65/><V36/><F24/><N who="3" m="16519" /><G127/><N who="0" m="48683" /><D8/><U18/><E98/><V93/><F36/><W68/><G125/><T9/><D9/><U134/><E18/><N who="0" m="6665" /><D27/><U64/><E26/><V30/><F114/><W11/><G68/><T22/><D22/><U94/><E33/><V10/><F10/><W23/><G23/><T38/><D38/><U133/><E117/><V61/><F108/><W21/><G21/><T119/><D119/><U60/><E118/><V73/><F109/><W77/><G77/><T70/><D70/><U115/><E115/><V84/><F79/><W7/><G7/><T128/><D128/><U100/><E131/><V92/><F129/><W41/><G41/><N who="0" m="24719" /><D87/><AGARI ba="0,0" hai="6,11,13,81,83,85,86,87" m="16519,32799" machi="87" ten="30,2000,0" yaku="8,1,54,1" doraHai="111" who="3" fromWho="0" sc="250,-20,250,0,250,0,250,20" /><INIT seed="1,0,0,1,0,84" ten="230,250,250,270" oya="1" hai0="16,60,122,81,61,78,134,101,29,132,102,124,14" hai1="77,109,51,65,15,121,37,8,69,129,94,87,30" hai2="125,44,68,70,114,71,26,96,10,23,108,27,115" hai3="82,20,43,113,4,34,58,36,99,52,90,100,49"/><U53/><E121/><V59/><F108/><W11/><G34/><T135/><D29/><U5/><E37/><V24/><F125/><W12/><G113/><N who="2" m="43017" /><F44/><W17/><G36/><T7/><D7/><U97/><E109/><V120/><F120/><W131/><G131/><T38/><D38/><U32/><E129/><V74/><F74/><W33/><G33/><T89/><D124/><U119/><E119/><V54/><F10/><W22/><G43/><T50/><D50/><U117/><E117/><V2/><F2/><W104/><REACH who="3" step="1"/><G4/><REACH who="3" ten="230,250,250,260" step="2"/><T48/><D122/><U6/><E6/><V1/><F1/><W55/><G55/><T31/><D134/><U42/><E42/><V112/><F112/><W47/><G47/><T46/><D46/><U86/><E32/><V126/><F126/><W75/><G75/><T72/><D72/><U118/><E118/><V93/><F54/><W130/><G130/><T73/><D73/><U76/><E30/><N who="2" m="17695" /><F59/><W45/><G45/><T103/><D132/><U41/><E41/><V88/><AGARI ba="0,1" hai="26,27,68,70,71,88,93,96" m="17695,43017" machi="88" ten="40,5200,0" yaku="11,1,52,1,54,1" doraHai="84" who="2" fromWho="2" sc="230,-13,250,-26,250,62,260,-13" /><INIT seed="2,0,0,2,4,67" ten="217,224,312,247" oya="2" hai0="85,64,24,105,134,68,33,81,55,18,79,98,120" hai1="32,96,10,37,62,101,23,47,49,73,133,58,26" hai2="114,30,89,14,116,50,4,80,115,1,131,13,108" hai3="51,84,69,53,97,72,57,15,102,111,103,93,22"/><V54/><F116/><W63/><G72/><T8/><D120/><U29/><E133/><V74/><F131/><W95/><G111/><T117/><D134/><U40/><E73/><V121/><F121/><W71/><G63/><N who="0" m="39967" /><D55/><U27/><E10/><V107/><F107/><W130/><G130/><T7/><D117/><U106/><E37/><V82/><F50/><W123/><G123/><T31/><D18/><U129/><E129/><V112/><F54/><W5/><G5/><T60/><D60/><U127/><E127/><V19/><F19/><N who="3" m="10623" /><G103/><N who="0" m="62711" /><D8/><U42/><E42/><V83/><F114/><W39/><G39/><T126/><D7/><U28/><E62/><V3/><F4/><W124/><G124/><AGARI ba="0,0" hai="24,31,33,79,81,85,124,126" m="62711,39967" machi="124" ten="30,2000,0" yaku="25,1,52,1" doraHai="67" who="0" fromWho="3" sc="217,20,224,0,312,0,247,-20" /><INIT seed="3,0,0,1,2,133" ten="237,224,312,227" oya="3" hai0="45,109,57,82,100,132,7,11,130,51,131,2,47" hai1="62,22,95,79,96,134,20,69,34,128,92,6,123" hai2="8,27,32,14,67,71,74,73,76,28,59,115,87" hai3="104,116,3,29,99,66,36,21,81,78,12,48,41"/><W127/><G3/><T38/><D132/><U42/><E123/><V118/><F118/><W55/><G116/><T50/><D109/><U64/><E134/><V16/><F115/><W85/><G66/><T93/><D57/><U77/><E34/><V68/><F67/><W121/><G121/><T60/><D60/><U117/><E117/><V126/><F126/><W83/><G127/><T111/><D111/><U97/><E42/><V86/><F86/><W75/><G41/><N who="0" m="22711" /><D47/><U5/><E128/><N who="0" m="49193" /><D82/><U33/><E33/><V17/><F74/><W43/><G43/><T103/><D93/><U10/><E64/><V124/><F87/><W18/><G36/><T72/><D72/><U120/><E120/><V110/><F17/><W49/><G29/><T122/><D122/><U114/><E114/><V80/><F110/><W54/><G54/><T108/><D108/><U31/><E31/><V84/><F124/><W9/><G55/><T105/><D105/><U37/><E37/><V24/><F28/><W101/><REACH who="3" step="1"/><G21/><REACH who="3" ten="237,224,312,217" step="2"/><T39/><D39/><U40/><E40/><V61/><F32/><W65/><G65/><T15/><D2/><U19/><E69/><V35/><F35/><W44/><G44/><T125/><D125/><U13/><E62/><V0/><F0/><W56/><G56/><T25/><D51/><U90/><E20/><V102/><F71/><W98/><G98/><T23/><D50/><U58/><E58/><V26/><F68/><W88/><AGARI ba="0,1" hai="9,12,18,48,49,75,78,81,83,85,88,99,101,104" machi="88" ten="20,12000,1" yaku="1,1,0,1,7,1,54,1,53,1" doraHai="133" doraHaiUra="94" who="3" fromWho="3" sc="237,-40,224,-40,312,-40,217,130" owari="197,-20.3,184,-31.6,272,7.2,347,44.7" /></mjloggm>