<mjloggm ver="2.3"><GO type="225" lobby="0"/><UN n0="%6D%75%75%6D%75%72%61" n1="%E3%81%82%E3%81%B9%E3%81%99%E3%81%91" n2="%E3%81%A9%E3%82%8F%E3%82%93%E3%81%94" n3="%E6%9D%B1%E9%A2%A8%E3%81%AE%E3%81%8D%E3%82%83%E3%81%B7%E3%81%95%E3%82%93" dan="16,16,16,16" rate="2138.82,2101.04,2079.16,2147.08" sx="F,M,M,M"/><TAIKYOKU oya="0"/><INIT seed="0,0,0,0,2,129" ten="250,250,250,250" oya="0" hai0="121,83,116,90,128,54,114,104,105,84,78,56,1" hai1="47,135,115,13,16,107,100,31,101,25,131,8,108" hai2="112,88,29,7,39,11,95,126,63,93,98,33,4" hai3="96,44,94,125,109,35,36,61,62,2,45,74,122"/><T110/><D1/><U111/><E131/><V69/><F112/><W72/><G35/><T6/><D128/><U26/><E135/><V113/><F39/><W46/><G36/><T89/><D114/><U106/><E115/><V3/><F113/><W18/><G2/><T42/><D116/><U58/><E47/><V37/><F37/><W86/><G86/><T67/><D121/><U10/><E58/><V99/><F126/><W127/><G18/><T27/><D42/><U82/><E82/><V53/><F7/><W5/><G5/><T70/><D6/><U17/><E13/><V0/><F0/><W19/><G19/><T68/><D110/><U134/><E134/><V79/><F79/><W97/><G122/><T28/><D67/><U51/><E51/><V66/><F53/><W40/><G40/><T21/><D104/><U57/><E57/><V123/><F123/><W49/><G49/><T9/><D105/><U52/><REACH who="1" step="1"/><E31/><REACH who="1" ten="250,240,250,250" step="2"/><V14/><F3/><W130/><G130/><T91/><REACH who="0" step="1"/><D9/><REACH who="0" ten="240,240,250,250" step="2"/><U43/><E43/><V119/><F119/><W71/><G125/><T133/><D133/><U120/><E120/><V132/><F132/><W32/><G127/><T12/><D12/><U77/><E77/><V59/><F14/><W65/><G65/><T92/><D92/><U75/><E75/><V64/><F11/><W103/><G94/><T60/><AGARI ba="0,2" hai="21,27,28,54,56,60,68,70,78,83,84,89,90,91" machi="60" ten="30,12000,1" yaku="1,1,0,1,53,3" doraHai="129" doraHaiUra="87" who="0" fromWho="0" sc="240,140,240,-40,250,-40,250,-40" /><INIT seed="0,1,0,5,3,98" ten="380,200,210,210" oya="0" hai0="19,14,109,52,114,111,51,33,119,75,104,26,96" hai1="31,92,29,88,18,122,30,83,48,135,93,62,90" hai2="91,121,27,70,9,86,128,0,103,53,126,76,81" hai3="39,40,64,59,63,99,57,82,85,58,110,7,8"/><T61/><D114/><U123/><E135/><V134/><F121/><W6/><G110/><N who="0" m="41995" /><D119/><U35/><E35/><V32/><F134/><W10/><G39/><T77/><D61/><U120/><E83/><V131/><F70/><W66/><G40/><T37/><D37/><U16/><E48/><V3/><F126/><W117/><G99/><T41/><D41/><U100/><E100/><V106/><F53/><W89/><G117/><T45/><D77/><U105/><E105/><V124/><F124/><W17/><G17/><N who="1" m="6762" /><E62/><V60/><F60/><W4/><REACH who="3" step="1"/><G63/><REACH who="3" ten="380,200,210,200" step="2"/><T67/><D96/><U11/><E11/><AGARI ba="1,1" hai="4,6,7,8,10,11,57,58,59,64,66,82,85,89" machi="11" ten="40,5200,0" yaku="1,1,2,1,8,1,53,0" doraHai="98" doraHaiUra="107" who="3" fromWho="1" sc="380,0,200,-55,210,0,200,65" /><INIT seed="1,0,0,3,2,81" ten="380,145,210,265" oya="1" hai0="25,53,7,33,131,9,91,107,120,132,44,65,105" hai1="108,104,35,54,119,135,48,117,28,3,15,80,47" hai2="0,60,5,76,46,86,66,70,83,19,87,17,69" hai3="106,94,23,97,127,112,84,56,98,122,32,103,116"/><U6/><E3/><V89/><F70/><W58/><G32/><T2/><D131/><U62/><E104/><V37/><F0/><W64/><G122/><T114/><D114/><U109/><E135/><V42/><REACH who="2" step="1"/><F5/><REACH who="2" ten="380,145,200,265" step="2"/><W67/><G112/><T71/><D7/><U100/><E119/><V51/><F51/><W8/><G116/><T113/><D71/><U79/><E117/><V21/><F21/><W85/><G23/><T20/><D20/><U61/><E35/><V93/><AGARI ba="0,1" hai="17,19,37,42,46,60,66,69,76,83,86,87,89,93" machi="93" ten="20,8000,1" yaku="1,1,0,1,7,1,52,2,53,0" doraHai="81" doraHaiUra="133" who="2" fromWho="2" sc="380,-20,145,-40,200,90,265,-20" /><INIT seed="2,0,0,1,5,84" ten="360,105,290,245" oya="2" hai0="105,21,52,8,16,20,116,53,122,44,134,25,135" hai1="106,98,89,43,92,73,107,120,104,42,87,86,71" hai2="49,78,109,47,18,23,70,63,99,74,79,112,64" hai3="46,51,26,119,100,30,125,75,40,31,57,3,97"/><V7/><F112/><W6/><G125/><T29/><D122/><U2/><E71/><V17/><F7/><W94/><G119/><T9/><D116/><U76/><E2/><V27/><F109/><W66/><G75/><T113/><D105/><N who="1" m="40555" /><E43/><V88/><F74/><W126/><G126/><T45/><D113/><U12/><E12/><V22/><F49/><W90/><G3/><T83/><D83/><N who="1" m="45455" /><E42/><V110/><F47/><N who="0" m="17994" /><D135/><U62/><E62/><V19/><F110/><W81/><G6/><T38/><D38/><U13/><E13/><V34/><F34/><W28/><G57/><T0/><D0/><U37/><E37/><V124/><F124/><W39/><G66/><T33/><D33/><U132/><E132/><V54/><F54/><N who="0" m="21098" /><D134/><U85/><N who="1" m="40563" /><U36/><DORA hai="72" /><E36/><V59/><F70/><W41/><G41/><T10/><D10/><U68/><E68/><V101/><F59/><W115/><G115/><T108/><D108/><U128/><E128/><V32/><F64/><W129/><G129/><T103/><D103/><N who="1" m="60871" /><E120/><V77/><F63/><W96/><G39/><T130/><D130/><U133/><E133/><V60/><F60/><W111/><G111/><T123/><D123/><U93/><AGARI ba="0,0" hai="85,86,87,89,93" m="60871,45455,40563" machi="93" ten="40,12000,2" yaku="35,5,52,2" doraHai="84,72" who="1" fromWho="1" sc="360,-30,105,120,290,-60,245,-30" /><INIT seed="3,0,0,0,1,96" ten="330,225,230,215" oya="3" hai0="104,127,54,116,24,1,128,71,56,68,79,41,109" hai1="47,93,81,53,60,10,8,11,98,61,120,45,114" hai2="40,84,62,63,14,77,38,86,6,29,126,37,83" hai3="5,33,107,97,69,0,25,32,75,19,124,65,12"/><W9/><G75/><T64/><D116/><U132/><E120/><V70/><F70/><W28/><G124/><T18/><D1/><U50/><E132/><V30/><F126/><W102/><G33/><T89/><D127/><U46/><E114/><V99/><F38/><W67/><REACH who="3" step="1"/><G69/><REACH who="3" ten="330,225,230,205" step="2"/><T74/><D71/><U119/><E119/><V122/><F122/><W108/><G108/><T17/><D68/><U3/><E3/><V4/><F4/><W39/><G39/><T118/><D109/><U130/><E130/><V125/><F37/><W22/><AGARI ba="0,1" hai="0,5,9,12,19,22,25,28,32,65,67,97,102,107" machi="22" ten="20,18000,2" yaku="1,1,0,1,7,1,24,2,52,1,53,0" doraHai="96" doraHaiUra="76" who="3" fromWho="3" sc="330,-60,225,-60,230,-60,205,190" owari="270,7.0,165,-33.5,170,-23.0,395,49.5" /></mjloggm>