<mjloggm ver="2.3"><GO type="225" lobby="0"/><UN n0="%4C%4F%4C%49%54%41" n1="%E7%B4%94%E6%BD%94%E3%83%94%E3%83%A9%E3%83%8B%E3%82%A2" n2="%38%63%E3%81%AF%E3%81%A3%E3%81%97%E3%83%BC" n3="%6B%65%6E%6E%64%69" dan="16,18,16,16" rate="2146.87,2217.24,2085.45,2162.66" sx="F,M,M,M"/><TAIKYOKU oya="0"/><INIT seed="0,0,0,5,5,84" ten="250,250,250,250" oya="0" hai0="56,23,112,26,69,127,6,99,43,123,72,73,15" hai1="130,131,17,83,124,10,113,50,2,14,42,25,63" hai2="52,37,64,30,5,76,59,34,109,51,41,8,67" hai3="115,111,102,11,94,106,77,54,110,87,55,3,132"/><T24/><D69/><U32/><E42/><V9/><F109/><N who="3" m="41483" /><G115/><T134/><D112/><U98/><E50/><V117/><F117/><W78/><G132/><T28/><D123/><U33/><E63/><V96/><F8/><W61/><G106/><T101/><D134/><U125/><E83/><V135/><F135/><W97/><G61/><T27/><D127/><N who="1" m="48715" /><E98/><V128/><F128/><N who="1" m="49193" /><E113/><V93/><F76/><N who="3" m="29291" /><G87/><T122/><D122/><U1/><E25/><V120/><F120/><W60/><G60/><T75/><D43/><U95/><E95/><V40/><F40/><W62/><G62/><T133/><D133/><U119/><E119/><V105/><F105/><W126/><G126/><T48/><D48/><U57/><E57/><V13/><F41/><W45/><G45/><T44/><D44/><U31/><E31/><V116/><F37/><W49/><G49/><T20/><D56/><U65/><E65/><V58/><F58/><W114/><G114/><T68/><D28/><U29/><E29/><V12/><F116/><W88/><G102/><T19/><D101/><U36/><E36/><V100/><F30/><W21/><G55/><T92/><D92/><U85/><E85/><V89/><F100/><W107/><G54/><T118/><D118/><U91/><E91/><V129/><F129/><W7/><G107/><T46/><D46/><U79/><E79/><V39/><F39/><W104/><G104/><T81/><D81/><U71/><E71/><V0/><F67/><W74/><G74/><T66/><D66/><U80/><E80/><V70/><F70/><W121/><G121/><RYUUKYOKU ba="0,0" sc="250,-15,250,15,250,-15,250,15" hai1="1,2,10,14,17,32,33" hai3="3,7,11,21,88,94,97" /><INIT seed="1,1,0,4,3,54" ten="235,265,235,265" oya="1" hai0="16,109,85,61,131,96,78,67,87,5,123,30,9" hai1="46,19,103,25,99,116,57,84,58,62,98,31,118" hai2="69,71,107,32,17,43,91,117,83,48,114,94,23" hai3="51,80,66,119,89,13,90,36,15,75,63,40,52"/><U72/><E72/><V82/><F107/><W14/><G119/><T0/><D109/><U64/><E46/><V130/><F32/><W1/><G1/><T88/><D131/><U120/><E120/><V112/><F117/><W125/><G125/><T41/><D123/><U56/><E118/><V108/><F108/><W100/><G100/><T86/><D30/><U50/><E116/><V126/><F130/><W53/><G40/><T113/><D113/><U77/><E50/><V132/><F126/><W55/><G36/><T3/><D41/><U79/><E19/><V124/><F124/><W27/><G27/><T28/><D28/><U95/><E99/><V21/><F48/><W101/><G101/><T74/><D0/><U45/><E45/><V121/><F43/><W39/><G39/><T133/><D133/><U8/><E8/><V26/><F132/><W29/><G29/><T10/><D74/><U42/><E42/><V106/><F106/><W128/><G128/><T33/><D33/><U73/><E73/><V93/><F121/><W34/><G34/><T134/><D78/><N who="1" m="29707" /><E84/><V129/><F129/><W47/><G75/><T38/><D38/><U60/><E60/><V127/><F127/><W37/><G37/><T122/><D122/><U97/><E97/><V70/><F69/><W59/><G89/><T35/><D35/><U24/><E24/><V7/><F26/><W102/><G102/><T111/><D134/><U22/><AGARI ba="1,0" hai="22,25,31,56,57,58,62,64,95,98,103" m="29707" machi="22" ten="30,12000,1" yaku="25,1,8,1,52,3" doraHai="54" who="1" fromWho="1" sc="235,-41,265,123,235,-41,265,-41" /><INIT seed="1,2,0,5,2,78" ten="194,388,194,224" oya="1" hai0="95,60,65,114,51,44,17,34,3,79,70,28,112" hai1="97,62,4,15,45,8,82,127,134,19,126,133,109" hai2="0,91,116,128,98,77,41,123,113,106,32,102,101" hai3="56,100,7,18,27,115,1,52,130,73,89,131,14"/><U103/><E62/><V13/><F0/><W93/><G115/><T69/><D3/><U92/><E45/><V30/><F41/><W99/><G73/><T105/><D105/><U31/><E31/><V85/><F13/><W25/><G1/><T42/><D70/><U38/><E38/><V104/><F30/><W117/><G117/><T132/><D132/><N who="1" m="50795" /><E109/><V53/><F32/><W64/><G64/><T26/><D79/><U50/><E50/><V63/><F53/><W35/><G7/><T87/><D17/><U108/><E108/><V10/><F63/><N who="3" m="36231" /><G100/><T6/><D6/><U23/><E82/><V39/><F39/><W40/><G40/><T46/><D44/><U121/><E121/><V47/><F47/><W76/><G76/><T2/><D2/><AGARI ba="2,0" hai="2,4,8,15,19,23,92,97,103,126,127" m="50795" machi="2" ten="30,1500,0" yaku="20,1" doraHai="78" who="1" fromWho="0" sc="194,-21,388,21,194,0,224,0" /><INIT seed="1,3,0,1,5,98" ten="173,409,194,224" oya="1" hai0="44,102,22,14,30,67,61,81,82,40,101,74,118" hai1="52,0,60,32,73,18,36,111,27,70,131,99,106" hai2="46,130,84,9,41,72,86,115,107,125,23,113,78" hai3="17,69,51,128,58,71,62,54,7,76,129,13,88"/><U10/><E36/><V65/><F130/><N who="3" m="50283" /><G76/><T87/><D118/><U35/><E73/><V123/><F123/><W119/><G119/><T56/><D74/><U96/><E131/><V59/><F107/><W1/><G1/><T79/><D82/><U68/><E111/><V133/><F133/><W116/><G7/><T26/><REACH who="0" step="1"/><D14/><REACH who="0" ten="163,409,194,224" step="2"/><U85/><E0/><V134/><F72/><W94/><G116/><T53/><D53/><U75/><E75/><V57/><F134/><W21/><G62/><T25/><D25/><U103/><E52/><V8/><F115/><W122/><G122/><T83/><D83/><U20/><E60/><V47/><F113/><W38/><G38/><AGARI ba="3,1" hai="22,26,30,38,40,44,56,61,67,79,81,87,101,102" machi="38" ten="30,8000,1" yaku="1,1,7,1,52,2,53,1" doraHai="98" doraHaiUra="37" who="0" fromWho="3" sc="163,99,409,0,194,0,224,-89" /><INIT seed="2,0,0,0,0,117" ten="262,409,194,135" oya="2" hai0="132,41,27,104,71,79,127,130,93,28,124,4,113" hai1="83,13,68,23,108,10,74,81,42,36,95,54,9" hai2="92,30,56,103,55,80,70,97,69,109,65,48,3" hai3="72,2,121,26,35,129,105,45,18,131,22,75,29"/><V59/><F3/><W58/><G105/><T15/><D104/><U102/><E68/><V94/><F109/><W100/><G100/><T47/><D71/><U21/><E108/><V87/><F30/><W90/><G45/><T133/><D79/><U12/><E36/><V40/><F40/><W107/><G107/><T57/><D113/><U119/><E42/><V84/><F94/><W110/><G110/><T114/><D114/><U43/><E43/><V64/><F87/><W112/><G112/><T52/><D130/><N who="3" m="49673" /><G58/><T7/><D93/><U88/><E54/><V128/><F128/><W86/><G90/><T134/><D15/><U73/><E102/><V8/><F8/><W5/><G86/><T98/><D98/><U96/><E74/><N who="3" m="28202" /><G5/><N who="0" m="2123" /><D47/><U89/><E73/><V82/><F82/><W19/><G2/><T51/><D41/><U62/><E95/><V61/><REACH who="2" step="1"/><F65/><REACH who="2" ten="262,409,184,135" step="2"/><W46/><G46/><T33/><AGARI ba="0,1" hai="27,28,33,51,52,57,124,127,132,133,134" m="2123" machi="33" ten="40,2700,0" yaku="20,1,54,1" doraHai="117" who="0" fromWho="0" sc="262,37,409,-7,184,-13,135,-7" /><INIT seed="3,0,0,4,3,16" ten="299,402,171,128" oya="3" hai0="52,69,130,15,92,72,12,115,8,60,57,126,75" hai1="68,17,56,35,1,105,54,9,95,132,106,102,27" hai2="97,79,21,28,13,119,82,101,18,50,45,62,0" hai3="80,124,93,61,37,4,58,39,90,125,59,99,134"/><W46/><G134/><T44/><D126/><N who="3" m="48745" /><G4/><T32/><D32/><U110/><E68/><V94/><F119/><W64/><G46/><T107/><D107/><U120/><E120/><V5/><F28/><W14/><G14/><T87/><D130/><U100/><E132/><V109/><F109/><W65/><G80/><T135/><D135/><U91/><E110/><V86/><F0/><W103/><G103/><T128/><D128/><U77/><E77/><V131/><F131/><W24/><G24/><T7/><D115/><U36/><E36/><N who="3" m="13898" /><G65/><T98/><D15/><U118/><E118/><V112/><F112/><W129/><G129/><T108/><D44/><U78/><E78/><V10/><F62/><W19/><G19/><T51/><D108/><U42/><E102/><V33/><F33/><W70/><AGARI ba="0,0" hai="58,59,61,64,70,90,93,99" m="13898,48745" machi="70" ten="30,1500,0" yaku="18,1" doraHai="16" who="3" fromWho="3" sc="299,-5,402,-5,171,-5,128,15" /><INIT seed="3,1,0,1,2,116" ten="294,397,166,143" oya="3" hai0="120,109,43,92,94,70,91,53,62,0,110,55,4" hai1="67,27,78,33,81,105,79,20,61,69,114,21,103" hai2="17,98,71,29,135,131,99,5,22,115,63,127,41" hai3="3,57,129,76,34,84,46,32,121,37,72,58,88"/><W45/><G3/><T44/><D120/><U64/><E114/><V111/><F115/><W1/><G1/><T31/><D31/><N who="1" m="19711" /><E79/><V47/><F5/><W24/><G121/><T73/><D73/><N who="1" m="43215" /><E67/><V74/><F111/><N who="0" m="42506" /><D4/><U108/><E108/><V11/><F127/><W97/><G129/><T123/><D0/><U15/><E15/><V6/><F74/><W38/><G72/><T90/><D94/><U7/><E7/><V9/><F6/><W65/><G76/><T96/><D91/><U28/><E28/><V117/><F29/><W30/><G97/><AGARI ba="1,0" hai="20,21,61,64,69,97,103,105" m="43215,19711" machi="97" ten="30,1000,0" yaku="25,1" doraHai="116" who="1" fromWho="3" sc="294,0,397,13,166,0,143,-13" owari="294,9.4,410,51.0,166,-23.4,130,-37.0" /></mjloggm>