<mjloggm ver="2.3"><GO type="225" lobby="0"/><UN n0="%EF%BC%AE%EF%BC%A1%EF%BC%AF%33%33%39" n1="%E3%82%BC%E3%83%AB%E3%83%80%E3%81%AE%E4%BC%9D%E8%AA%AC" n2="%E5%A4%9C%E5%85%89%E5%A4%A9%E6%A5%BC" n3="%E3%81%99%E3%81%84%E3%81%BE%E3%81%9B%E3%83%BC%E3%82%93" dan="17,18,17,18" rate="2145.63,2241.09,2178.05,2216.32" sx="M,M,M,M"/><TAIKYOKU oya="0"/><INIT seed="0,0,0,3,4,111" ten="250,250,250,250" oya="0" hai0="112,58,105,55,86,46,127,106,35,51,118,79,50" hai1="33,9,113,116,124,126,87,99,85,23,34,100,48" hai2="28,119,38,88,80,81,27,109,96,16,129,52,6" hai3="73,30,59,60,98,117,107,108,133,122,53,24,67"/><T11/><D35/><U5/><E116/><V110/><F38/><W70/><G117/><T17/><D118/><U75/><E75/><V36/><F36/><W102/><G108/><N who="2" m="41577" /><F119/><W39/><G39/><T0/><D127/><N who="1" m="48683" /><E23/><N who="2" m="13799" /><F28/><W101/><G101/><T20/><D112/><U125/><E125/><V31/><F31/><W115/><G133/><T15/><D0/><N who="1" m="167" /><E113/><V89/><F6/><W66/><G73/><T134/><D134/><U131/><E131/><V25/><F25/><W130/><G130/><T103/><D103/><U26/><E48/><V57/><F129/><W42/><G115/><T7/><D79/><U41/><E41/><V37/><F37/><W49/><G122/><T14/><REACH who="0" step="1"/><D86/><REACH who="0" ten="240,250,250,250" step="2"/><N who="1" m="32779" /><E26/><V4/><F4/><W61/><G24/><T71/><D71/><U29/><E29/><V82/><F96/><W90/><G30/><T104/><D104/><AGARI ba="0,1" hai="33,34,99,100,104" m="32779,167,48683" machi="104" ten="30,1000,0" yaku="18,1" doraHai="111" who="1" fromWho="0" sc="240,-10,250,20,250,0,250,0" /><INIT seed="1,0,0,1,4,68" ten="230,270,250,250" oya="1" hai0="18,4,100,108,20,14,25,71,3,33,46,133,87" hai1="72,122,120,28,27,75,9,48,99,7,61,80,128" hai2="110,98,32,83,55,24,65,56,12,63,57,15,30" hai3="2,104,66,60,117,34,26,90,36,42,49,107,44"/><U118/><E118/><V43/><F110/><W84/><G2/><T73/><D73/><U77/><E72/><V112/><F112/><W41/><G117/><T16/><D71/><U109/><E109/><V5/><F43/><W64/><G64/><T76/><D108/><U131/><E48/><V37/><F37/><W47/><G26/><T134/><D100/><U54/><E99/><V39/><F39/><W1/><G34/><T101/><D101/><U86/><E86/><V129/><F129/><N who="1" m="49737" /><E54/><V8/><F98/><W31/><G31/><N who="0" m="19695" /><D46/><U13/><E61/><V97/><F97/><W132/><G1/><T82/><D18/><U130/><N who="1" m="49745" /><U125/><DORA hai="45" /><E125/><V6/><F83/><W79/><G79/><T121/><D121/><U123/><E123/><V53/><F57/><W113/><G113/><T103/><D103/><U95/><E95/><V51/><F51/><W89/><G84/><T70/><D70/><U10/><E10/><AGARI ba="0,0" hai="5,6,8,10,12,15,24,30,32,53,55,56,63,65" machi="10" ten="40,1300,0" yaku="9,1" doraHai="68,45" who="2" fromWho="1" sc="230,0,270,-13,250,13,250,0" /><AGARI ba="0,0" hai="3,4,10,14,16,20,76,82,87,133,134" m="19695" machi="10" ten="30,2000,0" yaku="24,1,54,1" doraHai="68,45" who="0" fromWho="1" sc="230,20,257,-20,263,0,250,0" /><INIT seed="2,0,0,2,5,129" ten="250,237,263,250" oya="2" hai0="130,14,77,28,7,69,81,18,55,132,54,43,73" hai1="5,6,26,17,125,95,9,89,127,79,121,101,94" hai2="15,62,20,59,82,85,64,75,87,4,63,80,47" hai3="58,78,98,116,60,13,67,108,41,90,88,27,23"/><V12/><F75/><W84/><G116/><T22/><D69/><U50/><E121/><V124/><F124/><N who="1" m="47689" /><E79/><N who="2" m="46239" /><F4/><N who="1" m="1641" /><E101/><V97/><F97/><W52/><G108/><T11/><D130/><U118/><E118/><V42/><F62/><W34/><G34/><T44/><D28/><U70/><E70/><V91/><F20/><W106/><G41/><T112/><D112/><U123/><E123/><V35/><F35/><W128/><G128/><T135/><D54/><U131/><E131/><V66/><F66/><W36/><G36/><N who="0" m="21607" /><D55/><U71/><E71/><V51/><AGARI ba="0,0" hai="12,15,42,47,51,59,63,64,82,87,91" m="46239" machi="51" ten="30,1500,0" yaku="8,1" doraHai="129" who="2" fromWho="2" sc="250,-5,237,-5,263,15,250,-5" /><INIT seed="2,1,0,0,1,0" ten="245,232,278,245" oya="2" hai0="84,9,127,105,43,5,72,74,18,39,68,98,75" hai1="22,125,24,59,113,79,36,123,49,128,71,135,85" hai2="104,55,54,102,91,116,124,32,10,44,109,53,51" hai3="13,50,41,31,28,7,70,121,86,115,77,26,30"/><V6/><F116/><W62/><G121/><T130/><D18/><U80/><E113/><V87/><F32/><W42/><G115/><T133/><D84/><U15/><E123/><V2/><F124/><W99/><G99/><T66/><D127/><U65/><E125/><V19/><F109/><W131/><G131/><T76/><D130/><U35/><E128/><V119/><F119/><W56/><G26/><T81/><D133/><U88/><E36/><V114/><F114/><W73/><G73/><T52/><D52/><N who="1" m="32143" /><E71/><V78/><F78/><W4/><G70/><T3/><D66/><U23/><E35/><V58/><F44/><N who="3" m="25871" /><G13/><T134/><D68/><U12/><E135/><V63/><F51/><W82/><G42/><T57/><D57/><U93/><E65/><AGARI ba="1,0" hai="4,7,28,30,31,56,62,65,77,82,86" m="25871" machi="65" ten="30,3900,0" yaku="8,1,52,2" doraHai="0" who="3" fromWho="1" sc="245,0,232,-42,278,0,245,42" /><INIT seed="3,0,0,3,3,40" ten="245,190,278,287" oya="3" hai0="4,125,123,79,42,85,35,83,122,92,0,98,62" hai1="73,108,103,124,52,7,6,99,78,72,97,116,110" hai2="12,48,24,11,30,67,49,58,54,27,133,23,135" hai3="91,46,120,3,101,94,114,128,76,60,69,82,107"/><W113/><G120/><T121/><D35/><U129/><E124/><V59/><F27/><W104/><G3/><T131/><D125/><U50/><E129/><V26/><F26/><W41/><G128/><T109/><D131/><U130/><E130/><V39/><F39/><W86/><G69/><T28/><D28/><U21/><E21/><V84/><F67/><W10/><G60/><T9/><D109/><N who="1" m="42091" /><E116/><V32/><F84/><W18/><G18/><T95/><D98/><N who="1" m="37387" /><E103/><V77/><F32/><W119/><G119/><T37/><REACH who="0" step="1"/><D62/><REACH who="0" ten="235,190,278,287" step="2"/><U117/><E117/><V20/><F30/><W13/><G114/><T111/><D111/><U57/><E78/><V102/><F77/><W33/><G33/><T15/><D15/><U126/><E126/><V53/><F12/><W89/><G113/><T100/><D100/><U22/><E22/><V132/><F102/><W16/><G101/><T55/><D55/><U88/><E88/><V134/><F134/><W93/><G91/><T80/><D80/><U31/><E31/><V106/><F24/><W45/><G76/><T17/><D17/><U38/><E38/><V5/><F106/><W105/><G82/><T29/><D29/><U75/><AGARI ba="0,1" hai="6,7,50,52,57,72,73,75" m="37387,42091" machi="75" ten="40,2700,0" yaku="14,1,54,1" doraHai="40" who="1" fromWho="1" sc="235,-7,190,37,278,-7,287,-13" /><INIT seed="4,0,0,4,3,119" ten="228,227,271,274" oya="0" hai0="25,53,38,19,34,112,130,81,88,135,63,93,117" hai1="57,87,77,1,121,113,134,75,54,99,20,74,13" hai2="47,132,127,60,45,118,79,28,76,44,50,83,122" hai3="95,46,64,115,26,116,133,0,55,109,101,5,82"/><T111/><D117/><U40/><E1/><V92/><F118/><W85/><G116/><T24/><D38/><U65/><E121/><V86/><F122/><W8/><G109/><T59/><D34/><U106/><E40/><V56/><F127/><W89/><G133/><T126/><D126/><U91/><E65/><V107/><F107/><W12/><G115/><T10/><D135/><U48/><E134/><V123/><F123/><W23/><G64/><T18/><D112/><U129/><E129/><V78/><F28/><W125/><G125/><T6/><D81/><U42/><E42/><V69/><F69/><W41/><G55/><T90/><D130/><U11/><E113/><V68/><F68/><W71/><G71/><T72/><D72/><U52/><E54/><V110/><F110/><W105/><G105/><T58/><D58/><U49/><E49/><V31/><F31/><W128/><G0/><T100/><D100/><N who="1" m="62751" /><E77/><N who="2" m="29195" /><F92/><W3/><G3/><T73/><D73/><U98/><E98/><V2/><F2/><W67/><G128/><T84/><D111/><U131/><E131/><V96/><F96/><N who="3" m="59551" /><G67/><T32/><D32/><U94/><E11/><V108/><F108/><W80/><G80/><T97/><D6/><U102/><E102/><V66/><F132/><W39/><G23/><T27/><REACH who="0" step="1"/><D10/><REACH who="0" ten="218,227,271,274" step="2"/><U62/><E62/><V17/><F50/><W124/><G124/><T29/><D29/><U4/><E4/><V16/><AGARI ba="0,1" hai="16,17,44,45,47,56,60,66,76,83,86" m="29195" machi="16" ten="30,2000,0" yaku="8,1,54,1" doraHai="119" who="2" fromWho="2" sc="218,-10,227,-5,271,30,274,-5" owari="208,-29.2,222,-17.8,301,40.1,269,6.9" /></mjloggm>