<mjloggm ver="2.3"><GO type="225" lobby="0"/><UN n0="%E5%8D%A0%E3%81%84%E5%B8%AB%E8%A3%8F%E3%81%AA%E3%81%84%E3%81%97" n1="%E3%81%B5%E3%81%98%E3%81%8B%E3%81%A4" n2="%E3%83%AB%E3%83%9B%E3%83%B3%E3%83%87%E3%82%A3%E3%82%A8" n3="%E3%81%82%E3%81%B9%E3%81%99%E3%81%91" dan="16,16,17,16" rate="2171.57,2121.96,2196.40,2087.28" sx="M,M,M,M"/><TAIKYOKU oya="0"/><INIT seed="0,0,0,0,5,0" ten="250,250,250,250" oya="0" hai0="119,50,28,17,85,64,48,84,124,133,66,132,36" hai1="59,108,22,135,125,95,25,7,113,120,98,41,94" hai2="93,27,134,37,29,118,35,81,10,58,47,42,20" hai3="19,97,1,24,44,111,56,82,117,130,51,75,9"/><T49/><D119/><U128/><E120/><V105/><F134/><N who="0" m="51818" /><D36/><U32/><E135/><V4/><F118/><W121/><G117/><T77/><D28/><U67/><E32/><V99/><F58/><W8/><G111/><T14/><D124/><U122/><E108/><V100/><F81/><W26/><G130/><T129/><D129/><U43/><E125/><V70/><F93/><W102/><G56/><T131/><D131/><U39/><E39/><V45/><F45/><W104/><G121/><T88/><D77/><U34/><E95/><V73/><F73/><W107/><G107/><T91/><D17/><U18/><E34/><V90/><F90/><N who="0" m="34346" /><D14/><U6/><E122/><V86/><F86/><AGARI ba="0,0" hai="48,49,50,64,66,84,85,86" m="34346,51818" machi="86" ten="40,12000,1" yaku="28,2,20,1,54,1" doraHai="0" who="0" fromWho="2" sc="250,120,250,0,250,-120,250,0" /><INIT seed="0,1,0,3,2,93" ten="370,250,130,250" oya="0" hai0="133,96,41,19,77,2,4,18,23,62,121,78,131" hai1="111,107,71,86,32,14,119,88,80,64,27,124,40" hai2="21,31,16,6,37,102,99,45,53,113,104,103,5" hai3="108,61,3,94,1,47,129,105,22,128,79,55,116"/><T114/><D114/><U109/><E119/><V58/><F113/><W17/><G116/><T98/><D121/><U126/><E107/><V65/><F31/><W68/><G105/><T30/><D2/><U33/><E40/><V135/><F135/><W10/><G108/><N who="1" m="41546" /><E14/><V84/><F84/><W34/><G34/><N who="1" m="13418" /><E27/><V76/><F76/><N who="0" m="29290" /><D133/><U130/><E130/><N who="3" m="50282" /><G10/><T82/><D4/><U134/><E134/><V0/><F0/><W74/><G79/><T26/><D131/><U49/><E49/><V110/><F110/><W123/><G123/><T70/><D70/><U60/><AGARI ba="1,0" hai="60,64,71,80,86,88,124,126" m="13418,41546" machi="60" ten="40,2700,0" yaku="14,1,54,1" doraHai="93" who="1" fromWho="1" sc="370,-14,250,30,130,-8,250,-8" /><INIT seed="1,0,0,0,1,81" ten="356,280,122,242" oya="1" hai0="78,107,123,64,95,38,129,25,86,112,52,88,58" hai1="104,66,94,46,1,117,27,11,3,75,91,106,116" hai2="62,96,60,15,50,65,122,114,7,21,20,29,109" hai3="26,17,100,56,13,10,18,80,14,125,110,8,54"/><U102/><E75/><V127/><F109/><W126/><G110/><T99/><D112/><U70/><E46/><V105/><F127/><W68/><G68/><T6/><D129/><U24/><E102/><V74/><F74/><W84/><G100/><T98/><D38/><U79/><E79/><V108/><F108/><W22/><G26/><T76/><D123/><U131/><E70/><V41/><F122/><W16/><G22/><T23/><D6/><U111/><E111/><V59/><F105/><W83/><G18/><N who="0" m="12535" /><D64/><U85/><E66/><V72/><F72/><W57/><REACH who="3" step="1"/><G54/><REACH who="3" ten="356,280,122,232" step="2"/><T32/><D32/><U33/><E33/><V103/><F21/><W0/><G0/><T49/><D107/><U71/><E71/><V36/><F20/><W35/><G35/><T67/><D67/><U119/><E131/><V121/><F65/><W135/><G135/><T69/><D69/><U89/><E1/><V40/><F103/><W113/><G113/><T48/><D48/><U45/><E106/><V115/><F50/><W4/><G4/><T97/><AGARI ba="0,1" hai="49,52,58,76,78,86,88,95,97,98,99" m="12535" machi="97" ten="30,7900,0" yaku="8,1,52,1,54,2" doraHai="81" who="0" fromWho="0" sc="356,89,280,-39,122,-20,232,-20" /><INIT seed="2,0,0,0,3,64" ten="445,241,102,212" oya="2" hai0="9,33,129,113,10,42,83,21,20,50,34,117,15" hai1="36,74,109,18,23,27,87,97,72,14,48,116,132" hai2="118,17,110,76,40,134,70,99,92,8,37,13,115" hai3="55,82,122,65,31,26,84,101,24,49,86,106,71"/><V30/><F115/><W119/><G119/><T51/><D83/><U75/><E116/><V131/><F118/><W53/><G122/><T39/><D117/><U5/><E36/><V0/><F0/><W80/><G31/><T114/><D15/><U57/><E132/><V11/><F134/><W104/><G65/><T124/><D39/><U38/><E38/><V108/><F131/><W46/><G101/><T28/><D28/><U4/><E109/><N who="2" m="42091" /><F76/><W121/><G49/><T43/><D124/><U90/><E97/><V79/><F79/><W41/><G46/><T32/><D32/><U25/><E4/><V56/><F56/><W63/><G63/><T91/><D91/><U135/><E5/><V128/><F128/><AGARI ba="0,0" hai="9,10,20,21,33,34,42,43,50,51,113,114,128,129" machi="128" ten="25,1600,0" yaku="22,2" doraHai="64" who="0" fromWho="2" sc="445,16,241,0,102,-16,212,0" /><INIT seed="3,0,0,4,0,131" ten="461,241,86,212" oya="3" hai0="84,10,120,90,62,5,92,134,37,73,119,31,108" hai1="85,32,91,130,107,106,117,121,93,15,105,52,29" hai2="40,133,54,72,67,118,17,51,88,34,123,25,122" hai3="110,35,12,9,21,101,50,81,63,23,102,8,3"/><W58/><G35/><T132/><D119/><U30/><E121/><N who="2" m="46091" /><F72/><W57/><G110/><T55/><D108/><U100/><E130/><V79/><F79/><W39/><G39/><T103/><D37/><U75/><E75/><V109/><F118/><W99/><G3/><T7/><D120/><U127/><E127/><V94/><F40/><W11/><G81/><T71/><D73/><U22/><E32/><V80/><F67/><W46/><G12/><T60/><D31/><U64/><E64/><V43/><F43/><W27/><G27/><T18/><D103/><N who="3" m="39433" /><G99/><T41/><D41/><U53/><E100/><V45/><F80/><W20/><G63/><N who="0" m="24107" /><D71/><U56/><E53/><AGARI ba="0,0" hai="8,9,11,20,21,23,46,50,53,57,58" m="39433" machi="53" ten="30,1500,0" yaku="8,1" doraHai="131" who="3" fromWho="1" sc="461,0,241,-15,86,0,212,15" /><INIT seed="3,1,0,2,1,0" ten="461,226,86,227" oya="3" hai0="40,12,95,90,115,8,42,62,24,97,132,117,72" hai1="5,48,127,10,47,104,46,84,133,1,71,135,65" hai2="119,44,88,105,37,134,120,96,9,108,18,6,34" hai3="51,91,45,109,35,27,128,68,82,110,31,59,56"/><W13/><G128/><T33/><D117/><U103/><E127/><V66/><F108/><N who="3" m="41579" /><G68/><T79/><D79/><U25/><E25/><V58/><F134/><N who="1" m="51209" /><E84/><V116/><F18/><W76/><G91/><T29/><D72/><U49/><E65/><V16/><F58/><W94/><G94/><T75/><D132/><U2/><E71/><V73/><F66/><W123/><G13/><T50/><D115/><U98/><E1/><V92/><F73/><N who="3" m="43279" /><G123/><T21/><D90/><U106/><E106/><V63/><F105/><W61/><G61/><T69/><D62/><U126/><E126/><V129/><F63/><W15/><G15/><T39/><D95/><U11/><E11/><V36/><F120/><W101/><G101/><T22/><D12/><U111/><E111/><V77/><F77/><W64/><G64/><T70/><D8/><U107/><E107/><V87/><F87/><W125/><G125/><T81/><D75/><U60/><E60/><V85/><F85/><W74/><G74/><T102/><D69/><U53/><E49/><V28/><F37/><W54/><AGARI ba="1,0" hai="27,31,35,45,51,54,56,59" m="43279,41579" machi="54" ten="30,3000,0" yaku="14,1,10,1" doraHai="0" who="3" fromWho="3" sc="461,-11,226,-11,86,-11,227,33" /><INIT seed="3,2,0,0,1,98" ten="450,215,75,260" oya="3" hai0="71,125,50,0,12,38,24,96,19,131,14,55,81" hai1="105,1,10,121,107,114,68,58,48,120,130,106,78" hai2="119,85,118,86,25,13,36,17,53,122,113,11,28" hai3="46,30,97,16,31,40,22,111,5,23,116,133,44"/><W54/><G116/><T4/><D38/><U65/><E114/><V26/><F113/><W92/><G133/><T76/><D125/><U20/><E78/><V127/><F36/><W135/><G135/><T126/><D126/><U34/><E34/><V75/><F75/><W29/><G5/><T33/><D71/><U123/><E68/><V84/><F127/><W2/><G2/><T104/><D131/><U108/><E130/><V73/><F73/><W72/><G111/><T69/><D69/><U27/><E108/><V128/><F128/><W39/><G72/><T87/><D0/><U82/><E82/><V7/><F122/><W6/><G6/><T124/><D4/><U42/><E10/><V132/><F132/><W115/><G115/><T70/><D70/><U112/><E1/><V79/><F79/><W90/><G54/><T109/><D109/><U94/><E94/><V15/><F119/><W56/><G56/><T129/><D129/><U51/><E42/><V95/><F118/><W83/><G83/><T35/><D35/><U49/><E112/><V103/><F28/><W47/><G23/><N who="0" m="13439" /><D33/><U80/><E80/><V110/><F110/><W57/><G57/><N who="0" m="33015" /><D124/><U32/><E32/><V18/><F53/><W88/><REACH who="3" step="1"/><G90/><REACH who="3" ten="450,215,75,250" step="2"/><T67/><D81/><U43/><E58/><V117/><F117/><W9/><G9/><T60/><D76/><U102/><E43/><V3/><F3/><W77/><G77/><T62/><D67/><U100/><E65/><V99/><REACH who="2" step="1"/><F7/><REACH who="2" ten="450,215,65,250" step="2"/><W37/><G37/><T59/><D59/><U45/><E45/><V41/><F41/><RYUUKYOKU ba="2,2" sc="450,-30,215,10,65,10,250,10" hai1="20,27,48,49,51,100,102,105,106,107,120,121,123" hai2="11,13,15,17,18,25,26,84,85,86,95,99,103" hai3="16,22,29,30,31,39,40,44,46,47,88,92,97" /><INIT seed="3,3,2,2,1,92" ten="420,225,75,260" oya="3" hai0="63,82,53,131,23,128,65,0,125,50,133,38,36" hai1="2,77,1,31,30,22,4,109,100,47,59,5,94" hai2="135,90,7,19,48,24,66,117,58,121,72,96,102" hai3="113,93,95,21,132,134,89,116,52,43,6,17,13"/><W39/><G116/><T45/><D0/><U34/><E77/><V12/><F135/><N who="3" m="51755" /><G113/><T32/><D32/><U71/><E71/><V57/><F121/><W73/><G73/><T91/><D133/><U29/><E47/><V115/><F72/><W64/><G64/><T18/><D125/><U74/><E74/><V124/><F115/><W46/><G6/><T78/><D91/><U20/><E59/><V83/><F124/><W51/><G89/><T10/><D10/><N who="1" m="2319" /><E94/><V118/><F58/><AGARI ba="3,2" hai="13,17,21,39,43,46,51,52,58,93,95" m="51755" machi="58" ten="30,2900,0" yaku="20,1,54,1" doraHai="92" who="3" fromWho="2" sc="420,0,225,0,75,-38,260,58" /><INIT seed="3,4,0,2,0,108" ten="420,225,37,318" oya="3" hai0="105,95,29,30,6,22,74,1,65,96,103,34,133" hai1="33,10,68,53,3,0,90,114,57,43,131,54,67" hai2="115,16,25,97,87,109,4,111,125,23,113,93,83" hai3="130,121,28,36,110,134,120,47,129,76,7,132,39"/><W99/><G7/><T116/><D116/><U63/><E33/><V91/><F125/><W126/><G28/><T2/><D34/><U13/><E131/><N who="3" m="50186" /><G76/><T71/><D133/><N who="3" m="51305" /><G99/><T42/><D42/><U78/><E43/><V101/><REACH who="2" step="1"/><F4/><REACH who="2" ten="420,225,27,318" step="2"/><W59/><G126/><T5/><D5/><U102/><E0/><V35/><F35/><W40/><G110/><AGARI ba="4,1" hai="16,23,25,83,87,91,93,97,101,109,110,111,113,115" machi="110" ten="40,8000,1" yaku="1,1,14,1,52,2,54,1,53,0" doraHai="108" doraHaiUra="61" who="2" fromWho="3" sc="420,0,225,0,27,102,318,-92" owari="420,52.0,225,-17.5,129,-37.1,226,2.6" /></mjloggm>