<mjloggm ver="2.3"><GO type="225" lobby="0"/><UN n0="%6D%75%75%73%61%6E%6D%75" n1="%E4%BF%BA%E3%81%A8%E5%A6%96%E5%A4%A2" n2="%E6%81%A5%E6%99%92%E3%81%97" n3="%E3%80%93%E3%81%97%E3%83%BC%E3%82%89%E3%80%93" dan="16,17,16,16" rate="2141.01,2171.48,2098.41,2181.45" sx="F,F,M,M"/><TAIKYOKU oya="0"/><INIT seed="0,0,0,0,2,53" ten="250,250,250,250" oya="0" hai0="72,69,1,46,35,30,113,127,22,14,122,57,51" hai1="26,73,38,109,114,50,104,64,67,5,36,70,17" hai2="47,85,44,34,105,13,66,15,31,88,19,132,135" hai3="60,102,97,0,11,103,98,108,29,76,33,95,28"/><T83/><D113/><U87/><E114/><V86/><F105/><W56/><G108/><T2/><D69/><U94/><E73/><V106/><F106/><W99/><G76/><T126/><D122/><U71/><E104/><V119/><F119/><W133/><G133/><N who="2" m="51273" /><F85/><W40/><G40/><T42/><D35/><U128/><E109/><V49/><F66/><W43/><G43/><T24/><D14/><N who="2" m="5130" /><F19/><W111/><G111/><T124/><REACH who="0" step="1"/><D57/><REACH who="0" ten="240,250,250,250" step="2"/><U80/><E71/><V65/><F65/><W4/><G33/><T62/><D62/><U77/><E64/><V39/><F39/><W9/><G56/><T100/><D100/><U74/><E67/><V55/><F34/><W54/><G60/><T41/><D41/><U7/><E70/><V101/><F101/><W61/><G61/><T27/><D27/><U10/><E38/><V23/><F49/><W89/><G103/><T90/><D90/><N who="1" m="53599" /><E36/><V118/><F118/><W58/><G102/><T131/><D131/><U18/><E128/><V6/><F55/><W59/><G54/><T37/><D37/><U107/><E107/><V25/><F6/><N who="3" m="1223" /><G59/><T3/><D3/><N who="1" m="319" /><E50/><V120/><F120/><W84/><G58/><T129/><D129/><U63/><E63/><V125/><F125/><W134/><G134/><T12/><D12/><U91/><E7/><V16/><F31/><W121/><G121/><T116/><D116/><U8/><E91/><V48/><F48/><W92/><G29/><T78/><AGARI ba="0,1" hai="1,2,22,24,30,42,46,51,72,78,83,124,126,127" machi="78" ten="40,7800,0" yaku="1,1,0,1,18,1,53,0" doraHai="53" doraHaiUra="123" who="0" fromWho="0" sc="240,88,250,-26,250,-26,250,-26" /><INIT seed="0,1,0,1,0,9" ten="328,224,224,224" oya="0" hai0="84,35,12,0,120,34,69,50,95,114,20,14,11" hai1="126,79,125,15,118,45,131,115,97,39,98,60,40" hai2="5,103,30,83,36,25,102,90,123,13,122,17,7" hai3="127,104,111,85,82,71,101,16,55,52,117,47,21"/><T73/><D114/><U56/><E118/><V58/><F36/><W135/><G71/><T89/><D120/><U28/><E115/><V46/><F122/><W44/><G117/><T26/><D69/><U91/><E131/><V6/><F123/><W2/><G2/><T53/><D73/><U1/><E1/><V124/><F124/><N who="1" m="47721" /><E79/><V18/><F58/><W63/><G127/><T100/><D100/><N who="2" m="38442" /><F30/><W31/><G31/><T96/><D0/><U38/><E38/><V94/><F83/><W105/><G135/><T3/><D35/><U78/><E78/><V19/><F46/><W106/><G101/><N who="0" m="60575" /><D34/><U27/><E91/><V42/><F42/><W133/><G111/><T81/><D11/><U32/><E15/><V110/><F25/><W119/><G119/><T108/><D3/><U22/><E32/><V75/><F75/><W77/><G133/><T121/><D121/><U132/><E132/><V92/><F92/><W128/><G128/><T116/><D108/><U130/><E130/><V134/><F110/><W8/><G8/><T80/><D116/><U86/><E86/><N who="2" m="52567" /><F134/><W88/><G77/><T129/><D129/><U61/><E61/><V24/><F24/><W41/><G63/><T70/><D81/><U64/><AGARI ba="1,0" hai="22,27,28,39,40,45,56,60,64,97,98" m="47721" machi="64" ten="30,1100,0" yaku="18,1" doraHai="9" who="1" fromWho="1" sc="328,-6,224,14,224,-4,224,-4" /><INIT seed="1,0,0,4,4,24" ten="322,238,220,220" oya="1" hai0="80,92,44,110,32,31,109,45,112,75,11,17,103" hai1="39,91,54,86,65,106,51,23,88,29,105,124,89" hai2="128,9,68,58,120,117,19,71,12,57,16,83,20" hai3="81,47,133,111,94,126,77,67,123,59,34,115,100"/><U52/><E39/><V38/><F117/><W76/><G115/><T82/><D112/><U108/><E124/><V118/><F118/><W6/><G34/><T43/><D32/><U60/><E106/><V131/><F120/><W15/><G123/><T74/><D31/><U7/><E105/><V99/><F38/><W64/><G126/><T35/><D35/><U26/><E7/><V73/><F99/><N who="3" m="59511" /><G111/><N who="0" m="42507" /><D92/><U22/><E22/><V37/><F37/><W132/><G47/><N who="0" m="17995" /><D103/><U46/><E54/><V27/><F83/><N who="0" m="31786" /><D43/><U8/><E8/><V14/><F73/><N who="3" m="43151" /><G77/><T97/><D97/><U4/><E4/><V96/><F96/><W53/><G15/><AGARI ba="0,0" hai="11,15,17,74,75" m="31786,17995,42507" machi="15" ten="30,1000,0" yaku="14,1" doraHai="24" who="0" fromWho="3" sc="322,10,238,0,220,0,220,-10" /><INIT seed="2,0,0,5,3,96" ten="332,238,220,210" oya="2" hai0="89,67,113,125,68,13,4,61,59,22,84,110,34" hai1="129,28,102,117,32,131,75,87,73,90,111,81,108" hai2="92,66,86,19,98,106,27,1,6,103,17,123,48" hai3="49,94,124,58,99,91,82,7,119,10,56,100,50"/><V35/><F123/><W5/><G124/><T116/><D34/><U109/><E28/><V55/><F66/><W120/><G120/><T122/><D113/><U127/><E32/><V15/><F1/><W77/><G119/><T12/><D122/><U3/><E3/><V128/><F128/><N who="1" m="49225" /><E127/><V114/><F114/><W121/><G121/><T45/><D125/><U60/><E60/><V26/><F6/><N who="3" m="2059" /><G10/><N who="0" m="4167" /><D68/><U95/><E117/><V74/><F74/><N who="1" m="28169" /><E102/><V11/><F19/><W46/><G77/><T29/><D110/><U40/><E40/><V134/><F134/><W43/><G50/><T72/><D72/><U115/><E115/><V41/><F41/><W18/><G18/><N who="0" m="10575" /><D116/><U37/><E37/><V88/><F35/><W79/><G79/><T16/><D16/><U64/><E64/><V85/><F85/><AGARI ba="0,0" hai="43,46,49,56,58,82,85,91,94,99,100" m="2059" machi="85" ten="30,2000,0" yaku="8,1,52,1" doraHai="96" who="3" fromWho="2" sc="332,0,238,0,220,-20,210,20" /><INIT seed="3,0,0,2,5,59" ten="332,238,200,230" oya="3" hai0="34,57,3,132,105,14,82,58,89,22,125,110,103" hai1="124,45,16,71,83,102,11,17,99,65,130,29,7" hai2="112,35,19,131,25,107,108,52,96,67,21,92,101" hai3="56,9,104,46,93,13,53,15,98,106,119,94,36"/><W80/><G119/><T4/><D34/><U1/><E130/><V41/><F112/><W30/><G30/><T6/><D3/><U32/><E124/><V37/><F131/><W128/><G128/><T76/><D105/><N who="1" m="63711" /><E83/><V117/><F117/><W86/><G15/><T90/><D132/><U26/><E45/><V69/><F108/><W66/><G66/><T28/><D110/><U72/><E72/><V61/><F35/><W122/><G122/><T0/><D28/><U10/><E10/><V27/><F52/><W38/><G93/><T20/><D103/><U77/><E77/><V126/><F126/><W51/><G38/><T123/><D76/><U70/><E70/><V40/><F37/><W54/><G36/><T24/><D24/><U87/><E87/><V100/><F100/><W44/><G54/><T109/><D109/><U134/><E134/><V68/><F68/><W47/><G94/><T111/><D111/><U42/><E42/><V127/><F127/><W60/><G98/><T85/><D125/><U133/><E133/><V116/><F116/><W95/><G95/><T55/><D55/><U79/><E79/><V31/><REACH who="2" step="1"/><F92/><REACH who="2" ten="332,238,190,230" step="2"/><W43/><G106/><T88/><D123/><U135/><E135/><V114/><F114/><W118/><G104/><T84/><D82/><U75/><E32/><V115/><F115/><W97/><G118/><T62/><D58/><U64/><E71/><V91/><F91/><N who="3" m="51655" /><G97/><T120/><D120/><U8/><E75/><V78/><F78/><W39/><G39/><T63/><D57/><U49/><E49/><V113/><F113/><RYUUKYOKU ba="0,1" sc="332,-15,238,-15,190,15,230,15" hai2="19,21,25,27,31,40,41,61,67,69,96,101,107" hai3="9,13,43,44,46,47,51,53,56,60" /><INIT seed="3,1,1,1,1,42" ten="317,223,205,245" oya="3" hai0="63,97,68,84,135,47,69,10,89,88,23,108,16" hai1="101,26,15,134,113,20,114,80,95,65,107,51,122" hai2="100,3,48,40,49,54,45,28,34,103,78,58,129" hai3="120,91,12,62,94,0,5,86,46,85,77,55,32"/><W52/><G32/><T67/><D108/><U25/><E122/><V116/><F116/><W123/><G0/><T125/><D125/><U76/><E107/><V98/><F129/><W6/><G120/><T112/><D135/><U9/><E134/><V71/><F3/><W87/><G123/><T43/><D112/><U14/><E65/><V33/><F71/><W105/><G105/><T131/><D131/><U128/><E128/><V90/><F78/><W35/><G35/><T130/><D130/><U126/><E126/><V17/><F17/><W109/><G109/><T93/><D69/><U59/><E95/><V124/><F124/><W30/><G30/><T31/><D31/><U1/><E101/><V83/><F28/><W92/><G92/><T119/><D119/><U73/><E1/><V118/><F118/><W70/><G70/><T132/><D132/><U39/><E39/><V102/><REACH who="2" step="1"/><F98/><REACH who="2" ten="317,223,195,245" step="2"/><W24/><G77/><T57/><D68/><U127/><E127/><V96/><F96/><W133/><G133/><T44/><D97/><U81/><E76/><V99/><F99/><W13/><G86/><AGARI ba="1,2" hai="33,34,40,45,48,49,54,58,83,86,90,100,102,103" machi="86" ten="40,2600,0" yaku="1,1,52,1,53,0" doraHai="42" doraHaiUra="61" who="2" fromWho="3" sc="317,0,223,0,195,49,245,-29" owari="317,41.7,223,-17.7,244,4.4,216,-28.4" /></mjloggm>