<mjloggm ver="2.3"><GO type="225" lobby="0"/><UN n0="%E3%83%97%E3%83%AC%E3%83%B4%E3%82%A1%E3%83%86%E3%82%A3" n1="%E3%81%A8%E3%82%93%E3%81%A8%E3%81%93%E3%81%A8%E3%82%93" n2="%33%74%72%65%65" n3="%E3%83%A9%E3%82%B9%E7%8E%87%EF%BC%93%E5%89%B2" dan="16,16,16,16" rate="2144.18,2101.19,2159.66,2182.05" sx="F,M,F,F"/><TAIKYOKU oya="0"/><INIT seed="0,0,0,1,4,113" ten="250,250,250,250" oya="0" hai0="7,114,130,91,9,89,117,76,106,108,83,16,82" hai1="64,31,92,28,128,120,32,56,51,109,4,27,30" hai2="41,85,102,127,3,133,26,135,15,131,14,121,37" hai3="77,81,40,124,12,101,42,36,29,6,123,61,79"/><T48/><D114/><U13/><E120/><V2/><F121/><W54/><G123/><T129/><D106/><U62/><E109/><V58/><F102/><W107/><G124/><T47/><D108/><U125/><E125/><V39/><F127/><W87/><G29/><T44/><D7/><U134/><E134/><V65/><F26/><W45/><G42/><T52/><D47/><U53/><E128/><N who="0" m="49257" /><D82/><U10/><REACH who="1" step="1"/><E92/><REACH who="1" ten="250,240,250,250" step="2"/><V8/><F131/><W35/><G107/><T59/><D117/><U22/><E22/><V111/><F111/><W99/><G35/><T110/><D110/><U98/><E98/><V94/><F135/><W78/><G99/><T5/><D5/><U11/><E11/><V97/><F97/><W90/><G6/><T122/><D122/><U20/><E20/><V115/><F133/><W75/><G75/><N who="0" m="43423" /><D44/><AGARI ba="0,1" hai="4,10,13,27,28,30,31,32,44,51,53,56,62,64" machi="44" ten="30,2000,0" yaku="1,1,7,1,53,0" doraHai="113" doraHaiUra="95" who="1" fromWho="0" sc="250,-20,240,30,250,0,250,0" /><INIT seed="1,0,0,0,2,110" ten="230,270,250,250" oya="1" hai0="116,13,127,112,1,58,92,88,133,50,36,98,11" hai1="97,10,95,51,130,47,54,59,16,49,87,105,19" hai2="121,37,45,6,74,25,34,56,24,99,60,52,106" hai3="91,115,102,75,55,31,7,109,119,70,78,2,68"/><U38/><E38/><V65/><F121/><W28/><G102/><T100/><D116/><U43/><E130/><V33/><F74/><W72/><G91/><T0/><D127/><U108/><E108/><V18/><F6/><W93/><G93/><T41/><D133/><U35/><E35/><V67/><F67/><W135/><G78/><T15/><D36/><U124/><E124/><V14/><F34/><W122/><G7/><T134/><D134/><U96/><E105/><V90/><F33/><W44/><G44/><T63/><D112/><U30/><E30/><V26/><F106/><W126/><G55/><T131/><D131/><U48/><E48/><N who="2" m="28687" /><F37/><W125/><G135/><T40/><D15/><N who="1" m="7287" /><E19/><V61/><F61/><W73/><G73/><T53/><D0/><U5/><E5/><V4/><F4/><W27/><G2/><T22/><D1/><U114/><E114/><V94/><F26/><W29/><G27/><T3/><D3/><U69/><E69/><V118/><F118/><W107/><G119/><T81/><D11/><AGARI ba="0,0" hai="11,14,18,24,25,56,60,65,90,94,99" m="28687" machi="11" ten="30,2000,0" yaku="8,1,54,1" doraHai="110" who="2" fromWho="0" sc="230,-20,270,0,250,20,250,0" /><INIT seed="2,0,0,0,4,6" ten="210,270,270,250" oya="2" hai0="74,81,118,41,131,87,62,134,82,51,29,120,44" hai1="4,26,58,127,5,54,57,76,42,37,93,75,89" hai2="64,52,109,9,108,102,16,49,71,11,129,20,132" hai3="1,68,100,15,111,130,123,10,46,53,115,119,50"/><V105/><F129/><W99/><G130/><T95/><D131/><U40/><E127/><V86/><F132/><W65/><G123/><T83/><D134/><U107/><E107/><V61/><F86/><W125/><G119/><T24/><D120/><U79/><E26/><N who="2" m="14599" /><F102/><W47/><G125/><T91/><D118/><U116/><E116/><V124/><F105/><W70/><G1/><T92/><D74/><U113/><E113/><V78/><F78/><N who="1" m="29737" /><E37/><V96/><F96/><W112/><G47/><T14/><D92/><U23/><E23/><V35/><F35/><W72/><G72/><T63/><REACH who="0" step="1"/><D14/><REACH who="0" ten="200,270,270,250" step="2"/><U30/><E75/><V126/><F126/><W3/><G115/><T25/><D25/><U133/><E133/><V27/><F27/><W97/><G112/><T56/><D56/><U84/><E58/><N who="2" m="33039" /><F124/><W90/><G3/><T73/><D73/><U121/><E121/><V17/><F17/><W122/><G122/><T43/><D43/><N who="1" m="16427" /><E30/><V106/><F106/><W110/><G68/><T128/><D128/><U67/><E67/><V104/><F104/><N who="3" m="63503" /><G65/><T0/><D0/><U60/><AGARI ba="0,1" hai="4,5,54,57,60,84,89,93" m="16427,29737" machi="60" ten="30,1100,0" yaku="8,1" doraHai="6" who="1" fromWho="1" sc="200,-3,270,21,270,-5,250,-3" /><INIT seed="3,0,0,0,3,133" ten="197,291,265,247" oya="3" hai0="22,17,108,99,57,50,7,107,82,25,70,60,119" hai1="42,103,51,132,58,78,98,48,59,67,118,105,62" hai2="125,111,113,130,87,41,92,61,85,8,11,83,35" hai3="0,110,20,135,115,33,79,13,102,122,126,10,127"/><W37/><G33/><T94/><D119/><U55/><E132/><V15/><F113/><W116/><G135/><T36/><D108/><U65/><E118/><V76/><F111/><W1/><G116/><T114/><D36/><U106/><E78/><V23/><F35/><W2/><G115/><T100/><D114/><U128/><E128/><V71/><F41/><W77/><G110/><T84/><D7/><U73/><E73/><V16/><F130/><W96/><G20/><T3/><D3/><U134/><E134/><V91/><REACH who="2" step="1"/><F125/><REACH who="2" ten="197,291,255,247" step="2"/><N who="3" m="47627" /><G122/><T101/><D70/><U32/><E32/><V12/><F12/><W56/><G37/><T28/><D107/><U19/><E106/><V30/><F30/><W24/><G24/><T123/><D123/><U89/><E42/><V52/><F52/><W121/><G121/><T49/><D28/><U131/><E131/><V4/><F4/><N who="3" m="3271" /><G56/><T90/><REACH who="0" step="1"/><D101/><REACH who="0" ten="187,291,255,247" step="2"/><U34/><E103/><V104/><F104/><AGARI ba="0,2" hai="0,1,2,77,79,96,102,104" m="3271,47627" machi="104" ten="40,12000,1" yaku="18,1,52,3" doraHai="133" who="3" fromWho="2" sc="187,0,291,0,255,-120,247,140" owari="187,-21.3,291,9.1,135,-36.5,387,48.7" /></mjloggm>