<mjloggm ver="2.3"><GO type="225" lobby="0"/><UN n0="%E9%B3%B3%E6%9D%B1%E3%81%AE%E3%81%86%E3%81%95%E3%81%8E%E3%81%95%E3%82%93" n1="%E3%83%97%E3%83%AC%E3%83%B4%E3%82%A1%E3%83%86%E3%82%A3" n2="%4E%55%44%41" n3="%70%6E%64%73%6E%67" dan="17,16,16,16" rate="2216.01,2138.01,2125.74,2102.56" sx="M,F,M,M"/><TAIKYOKU oya="0"/><INIT seed="0,0,0,3,0,125" ten="250,250,250,250" oya="0" hai0="128,70,66,109,95,20,98,99,35,43,112,41,127" hai1="16,7,61,76,56,111,103,26,69,44,90,51,107" hai2="93,84,4,124,13,57,73,17,68,132,10,48,72" hai3="27,11,94,15,8,77,21,67,133,113,82,62,119"/><T40/><D112/><U14/><E111/><V114/><F68/><W33/><G113/><T6/><D35/><U46/><E69/><V42/><F114/><W49/><G119/><T5/><D127/><U63/><E76/><V34/><F34/><W83/><G33/><T88/><D109/><U55/><E107/><V81/><F124/><W121/><G133/><T91/><D128/><U58/><E103/><V100/><F132/><W104/><G104/><T87/><D70/><U65/><E7/><V105/><F105/><W74/><G121/><T117/><D117/><U118/><E118/><V37/><F37/><W54/><G83/><T60/><D20/><U97/><E26/><V122/><F122/><W38/><G38/><T53/><D66/><U120/><E120/><V92/><F17/><W108/><G94/><N who="0" m="54559" /><D99/><U123/><E123/><V31/><F31/><W101/><G101/><T131/><D131/><U115/><E115/><V50/><F100/><W64/><G62/><T86/><D98/><U59/><E97/><V39/><F39/><W36/><G36/><T96/><D96/><U106/><E90/><N who="2" m="51471" /><F72/><W135/><G135/><T78/><D78/><U22/><E106/><V85/><F85/><N who="3" m="48335" /><G108/><T24/><D24/><U116/><E116/><V47/><F73/><W23/><G74/><T102/><D102/><U79/><E79/><V110/><F110/><W18/><G23/><T129/><D129/><U12/><E12/><V134/><F134/><W32/><G32/><T29/><D29/><U1/><E1/><V126/><F126/><W0/><G0/><T75/><D75/><RYUUKYOKU ba="0,0" sc="250,10,250,10,250,10,250,-30" hai0="5,6,40,41,43,53,60,86,91,95" hai1="14,16,22,44,46,51,55,56,58,59,61,63,65" hai2="4,10,13,42,47,48,50,57,92,93" /><INIT seed="0,1,0,0,5,11" ten="260,260,260,220" oya="0" hai0="67,96,76,39,77,116,55,1,92,103,72,57,37" hai1="104,20,122,28,106,73,13,62,93,0,98,6,33" hai2="90,97,32,111,34,110,133,26,68,127,2,70,21" hai3="8,12,27,69,45,119,123,113,129,23,115,52,41"/><T51/><D116/><U75/><E122/><V30/><F133/><W25/><G119/><T53/><D1/><U101/><E0/><V17/><F127/><W86/><G69/><N who="2" m="26729" /><F2/><W124/><G129/><T109/><D67/><U128/><E128/><V81/><F97/><W3/><G3/><T126/><D126/><U118/><E118/><V82/><F90/><W132/><G132/><T19/><D109/><N who="2" m="41482" /><F34/><W131/><G131/><T16/><D72/><U66/><E73/><V71/><N who="2" m="26737" /><V74/><DORA hai="108" /><F74/><W87/><G124/><T121/><D121/><U36/><E75/><V84/><F84/><W80/><G87/><T44/><D37/><U107/><E36/><V64/><F64/><W125/><G123/><T24/><D39/><U95/><E95/><V60/><F60/><W54/><G125/><T58/><D58/><U88/><E66/><V65/><F65/><W10/><G86/><T114/><D57/><U38/><E62/><V61/><F61/><W31/><G80/><T50/><D96/><U56/><E56/><V40/><F40/><W46/><G41/><T29/><D92/><U4/><E38/><V117/><F117/><W112/><G112/><T83/><D114/><U91/><E33/><V48/><F48/><W135/><G135/><T102/><D83/><U47/><E47/><V9/><F9/><W59/><G59/><T134/><D44/><U63/><E63/><V79/><F79/><W43/><G43/><T94/><D77/><U14/><E101/><V42/><F42/><W89/><G115/><T105/><D134/><U120/><E120/><RYUUKYOKU ba="1,0" sc="260,-10,260,-10,260,30,220,-10" hai2="17,21,26,30,32,81,82" /><INIT seed="1,2,0,0,1,78" ten="250,250,290,210" oya="1" hai0="134,12,42,109,95,59,3,2,8,17,46,45,125" hai1="116,67,126,68,91,85,51,74,118,124,34,79,70" hai2="71,19,16,29,24,47,11,129,25,104,21,49,60" hai3="1,63,113,28,99,89,57,36,35,41,40,110,39"/><U33/><E74/><V123/><F123/><W72/><G1/><T96/><D109/><U53/><E79/><V26/><F104/><W88/><G113/><T18/><D134/><U48/><E53/><V112/><F112/><W87/><G72/><T114/><D114/><U50/><E67/><V76/><F129/><W119/><G110/><T127/><D59/><U58/><E58/><V23/><F76/><W64/><G119/><T30/><D30/><U90/><E85/><V65/><F11/><W92/><G28/><T56/><D56/><U103/><E103/><V5/><F5/><W27/><G27/><T128/><D17/><U73/><E73/><V117/><F117/><W135/><G35/><T84/><D84/><U61/><REACH who="1" step="1"/><E48/><REACH who="1" ten="250,240,290,210" step="2"/><V75/><F75/><W38/><REACH who="3" step="1"/><G135/><REACH who="3" ten="250,240,290,200" step="2"/><T37/><D127/><U102/><E102/><V4/><F29/><W32/><G32/><T14/><D125/><U77/><E77/><V0/><F26/><W10/><G10/><T31/><D8/><U107/><E107/><V82/><F25/><W7/><G7/><T55/><D31/><U133/><E133/><V93/><F24/><W83/><AGARI ba="2,2" hai="36,38,39,40,41,57,63,64,83,87,88,89,92,99" machi="83" ten="30,7900,0" yaku="1,1,0,1,52,1,54,1,53,0" doraHai="78" doraHaiUra="98" who="3" fromWho="3" sc="250,-22,240,-41,290,-22,200,105" /><INIT seed="2,0,0,0,1,16" ten="228,199,268,305" oya="2" hai0="127,46,105,133,23,87,11,6,109,54,65,86,28" hai1="27,53,91,34,128,9,132,1,64,90,25,3,20" hai2="118,123,8,110,99,68,63,121,7,57,45,71,2" hai3="49,41,36,75,61,95,50,21,117,51,69,12,115"/><V116/><F110/><W81/><G117/><T119/><D109/><U60/><E128/><V112/><F112/><W5/><G115/><T24/><D119/><U108/><E108/><V38/><F116/><W130/><G130/><T76/><D133/><U73/><E132/><V79/><F118/><W84/><G75/><T94/><D105/><U17/><E73/><V104/><F79/><N who="3" m="46143" /><G36/><T44/><D127/><U124/><E124/><V107/><F57/><W125/><G69/><N who="2" m="26697" /><F63/><W55/><G125/><T83/><D65/><U14/><E53/><V58/><F58/><N who="3" m="35039" /><G95/><T98/><D86/><U67/><E60/><V134/><F134/><W52/><G41/><T74/><D54/><U15/><E67/><V4/><F4/><W35/><G35/><T114/><D114/><U72/><E64/><V96/><F96/><W89/><G89/><T29/><D74/><U13/><E72/><V43/><F99/><W22/><G52/><T85/><D85/><U102/><E102/><V39/><F38/><W26/><G26/><N who="1" m="9738" /><E91/><V97/><F107/><W47/><G47/><T131/><D131/><U42/><E90/><V101/><AGARI ba="0,0" hai="2,7,8,39,43,45,97,101,104,121,123" m="26697" machi="101" ten="30,1500,0" yaku="23,1" doraHai="16" who="2" fromWho="2" sc="228,-5,199,-5,268,15,305,-5" /><INIT seed="2,1,0,1,1,10" ten="223,194,283,300" oya="2" hai0="90,40,15,85,50,100,91,26,75,86,23,77,134" hai1="63,111,128,89,72,126,14,82,109,125,121,116,84" hai2="81,92,48,119,118,68,102,56,73,8,98,11,22" hai3="120,96,4,35,87,114,66,113,16,27,44,99,94"/><V42/><F68/><W31/><G120/><T112/><D112/><N who="3" m="43113" /><G4/><T97/><D75/><U34/><E34/><V103/><F103/><W52/><G66/><T7/><D134/><U36/><E36/><V64/><F22/><W133/><G133/><T62/><D62/><U57/><E116/><V115/><F115/><W106/><G106/><T3/><D3/><U46/><E46/><V105/><F105/><W41/><G52/><T67/><D67/><U43/><E43/><V131/><F131/><W55/><G55/><T80/><D86/><U135/><E135/><V70/><F70/><W93/><G16/><N who="0" m="12647" /><D40/><U104/><E104/><V13/><F11/><W51/><G87/><T28/><D50/><U79/><E121/><V6/><F42/><W47/><G47/><T95/><D28/><U25/><E128/><V129/><F129/><W108/><G108/><N who="1" m="41546" /><E25/><V39/><F39/><W127/><G127/><N who="1" m="48650" /><E72/><V21/><F73/><W132/><G132/><T60/><D60/><U58/><E79/><V18/><F48/><W76/><G76/><T17/><D7/><U29/><E29/><V38/><F38/><W0/><G0/><T71/><D71/><U20/><E63/><N who="2" m="37991" /><F118/><W12/><G31/><T110/><D110/><U33/><E33/><V117/><F119/><W9/><G35/><T83/><D83/><U65/><E65/><V124/><F124/><W107/><G107/><T19/><D19/><AGARI ba="1,0" hai="14,19,20,57,58,82,84,89" m="48650,41546" machi="19" ten="30,3900,0" yaku="14,1,18,1,52,1" doraHai="10" who="1" fromWho="0" sc="223,-42,194,42,283,0,300,0" /><INIT seed="3,0,0,0,3,41" ten="181,236,283,300" oya="3" hai0="75,84,102,46,0,109,97,14,29,104,134,15,44" hai1="77,103,131,116,113,133,54,17,78,7,36,59,112" hai2="45,91,50,30,130,70,71,69,16,82,48,28,49" hai3="6,94,52,108,126,21,132,13,56,19,118,106,79"/><W60/><G106/><T72/><D0/><U93/><E36/><V86/><F130/><W26/><G118/><T123/><D123/><U33/><E33/><V68/><N who="2" m="17408" /><DORA hai="120" /><V11/><REACH who="2" step="1"/><F45/><REACH who="2" ten="181,236,273,300" step="2"/><W1/><G132/><T12/><D134/><U39/><E133/><V53/><F53/><W81/><G52/><T115/><D115/><U37/><E54/><V105/><F105/><W65/><G126/><T121/><D121/><U24/><E131/><V27/><F27/><W76/><G26/><T114/><D114/><U127/><E24/><V98/><F98/><W88/><G65/><T85/><D29/><U23/><E113/><V55/><F55/><W110/><G56/><T9/><D9/><U25/><E112/><V90/><F90/><W51/><G88/><T2/><D2/><U62/><E127/><V92/><F92/><W80/><G94/><T4/><D4/><U99/><E7/><V96/><F96/><W22/><G6/><T129/><D129/><U58/><E58/><V40/><F40/><W38/><G1/><T47/><REACH who="0" step="1"/><D109/><REACH who="0" ten="171,236,273,300" step="2"/><U18/><E116/><V64/><F64/><W32/><G110/><T42/><D42/><U83/><E17/><V5/><F5/><W122/><G108/><T100/><D100/><U73/><E103/><V124/><F124/><W125/><G125/><T111/><D111/><U67/><E18/><V43/><F43/><W61/><G19/><T66/><D66/><U20/><E37/><V89/><F89/><W119/><G38/><T87/><AGARI ba="0,2" hai="12,14,15,44,46,47,72,75,84,85,87,97,102,104" machi="87" ten="40,12000,2" yaku="1,1,0,1,29,2,52,3,53,0" doraHai="41,120" doraHaiUra="117,31" who="0" fromWho="0" sc="171,140,236,-30,273,-30,300,-60" owari="311,41.1,206,-29.4,243,4.3,240,-16.0" /></mjloggm>