<mjloggm ver="2.3"><GO type="225" lobby="0"/><UN n0="%43%68%65" n1="%45%6C%79%73%69%75%6D" n2="%28%EF%BF%A3%E2%96%BD%EF%BF%A3%29%CE%B4%E2%8C%92%E3%83%BB" n3="%E6%97%A5%E6%9B%9C%E6%97%A5%E3%82%88%E3%82%8A%E3%81%AE%E4%BD%BF%E8%80%85" dan="16,17,16,17" rate="2163.43,2096.96,2157.68,2133.96" sx="M,F,M,M"/><TAIKYOKU oya="0"/><INIT seed="0,0,0,2,1,58" ten="250,250,250,250" oya="0" hai0="72,68,90,28,18,117,23,25,75,130,87,2,0" hai1="103,34,120,62,81,99,45,113,13,48,116,57,83" hai2="35,109,27,108,79,124,9,19,102,14,125,52,91" hai3="98,4,29,78,132,66,17,82,96,104,80,36,24"/><T106/><D117/><U59/><E116/><V5/><F102/><W105/><G36/><T33/><D106/><U115/><E120/><V123/><F79/><W86/><G4/><T119/><D119/><U8/><E34/><V54/><F123/><W22/><G132/><T69/><D130/><U50/><E59/><V134/><F91/><W92/><G82/><T20/><D75/><U111/><E111/><N who="2" m="42571" /><F134/><W88/><G66/><T31/><D72/><U101/><E101/><V11/><F35/><W60/><G60/><T112/><D112/><N who="1" m="43083" /><E45/><V10/><F27/><W15/><REACH who="3" step="1"/><G98/><REACH who="3" ten="250,250,250,240" step="2"/><T47/><D2/><U73/><E81/><V1/><F10/><AGARI ba="0,1" hai="10,15,17,22,24,29,78,80,86,88,92,96,104,105" machi="10" ten="30,7700,0" yaku="1,1,2,1,7,1,54,1,53,0" doraHai="58" doraHaiUra="71" who="3" fromWho="2" sc="250,0,250,0,250,-77,240,87" /><INIT seed="1,0,0,5,0,12" ten="250,250,173,327" oya="1" hai0="80,13,25,95,76,44,128,7,111,3,77,103,39" hai1="87,99,74,67,79,88,11,132,28,17,133,60,96" hai2="98,64,110,73,36,24,75,71,56,9,89,16,35" hai3="90,42,65,107,101,14,23,49,31,104,72,10,20"/><U46/><E28/><V69/><F36/><W118/><G72/><T19/><D111/><U48/><E79/><V117/><F110/><W106/><G118/><T108/><D108/><U115/><E74/><V112/><F117/><W121/><G121/><T91/><D103/><U100/><E115/><V63/><F112/><W22/><G65/><T51/><D39/><U105/><E99/><V122/><F122/><W135/><G135/><N who="1" m="51786" /><E11/><V15/><F75/><W29/><G101/><T37/><D37/><U82/><E48/><V59/><F73/><W120/><G120/><T26/><D128/><U8/><E46/><V54/><F35/><W0/><G0/><T124/><D3/><U1/><E1/><V21/><F89/><W45/><REACH who="3" step="1"/><G90/><REACH who="3" ten="250,250,173,317" step="2"/><T40/><D91/><U129/><E129/><V41/><F98/><W78/><G78/><T97/><D76/><U127/><E127/><V119/><F119/><W4/><AGARI ba="0,1" hai="4,10,14,20,22,23,29,31,42,45,49,104,106,107" machi="4" ten="40,2700,0" yaku="1,1,0,1,53,0" doraHai="12" doraHaiUra="85" who="3" fromWho="3" sc="250,-7,250,-13,173,-7,317,37" /><INIT seed="2,0,0,3,3,114" ten="243,237,166,354" oya="2" hai0="130,76,10,13,74,51,17,103,95,56,117,49,106" hai1="97,64,116,77,109,34,115,27,63,47,61,66,79" hai2="52,25,50,89,93,84,127,134,62,36,12,75,71" hai3="101,18,132,69,118,107,3,108,60,21,91,40,122"/><V46/><F75/><W15/><G118/><T72/><D106/><U129/><E115/><V104/><F104/><W102/><G3/><T70/><D70/><U20/><E34/><V22/><F134/><W35/><G35/><T133/><D133/><U113/><E113/><V125/><F36/><W111/><G132/><T73/><D130/><U65/><E109/><N who="3" m="42058" /><G122/><T23/><D76/><U24/><E129/><V53/><F12/><W38/><G107/><T100/><D117/><U45/><E65/><V1/><F1/><W88/><G40/><T58/><D10/><U57/><E97/><V98/><F84/><W16/><G38/><T59/><REACH who="0" step="1"/><D95/><REACH who="0" ten="233,237,166,354" step="2"/><U5/><E116/><V2/><F2/><W119/><G119/><T82/><D82/><U92/><E92/><V42/><F71/><W7/><G69/><T55/><D55/><U54/><E54/><V26/><F26/><W94/><G94/><T0/><D0/><U131/><E131/><V43/><F127/><W32/><G15/><T4/><D4/><U29/><E5/><V9/><F125/><W8/><G7/><T39/><D39/><U112/><E112/><V80/><F80/><W96/><G8/><T67/><D67/><U87/><E27/><V81/><F81/><W28/><G91/><T135/><D135/><U78/><E78/><V30/><REACH who="2" step="1"/><F9/><REACH who="2" ten="233,237,156,354" step="2"/><W110/><G110/><T6/><D6/><U86/><E77/><V37/><F37/><W99/><G88/><T85/><D85/><N who="1" m="32267" /><E79/><V126/><F126/><W128/><G128/><T31/><D31/><U123/><E123/><V33/><F33/><RYUUKYOKU ba="0,2" sc="233,10,237,10,156,10,354,-30" hai0="13,17,23,49,51,56,58,59,72,73,74,100,103" hai1="20,24,29,45,47,57,61,63,64,66" hai2="22,25,30,42,43,46,50,52,53,62,89,93,98" /><INIT seed="2,1,2,5,0,38" ten="243,247,166,324" oya="2" hai0="126,97,84,42,20,15,104,109,124,79,70,61,54" hai1="6,31,60,37,35,25,3,91,52,18,122,62,56" hai2="110,57,69,82,32,64,106,94,86,117,46,123,90" hai3="48,65,87,107,51,9,89,78,63,13,45,8,28"/><V17/><F106/><W102/><G78/><T103/><D109/><U134/><E37/><V16/><F32/><W2/><G2/><T116/><D116/><U50/><E134/><V10/><F117/><W80/><G28/><T26/><D15/><U67/><E122/><V58/><F123/><W118/><G118/><T92/><D42/><U36/><E36/><V95/><F110/><W14/><G102/><T76/><D76/><U115/><E115/><V23/><F69/><W93/><G107/><T119/><D119/><U12/><E6/><V85/><F46/><W47/><G93/><N who="2" m="35337" /><F85/><W19/><G47/><T4/><D4/><U40/><E3/><V75/><F75/><W125/><G45/><T33/><D33/><U22/><E91/><V128/><F128/><W41/><G41/><T74/><D74/><U34/><E40/><V105/><F105/><W83/><G83/><T133/><D133/><U27/><E67/><V129/><F129/><W55/><G55/><T130/><D130/><U7/><E7/><V96/><F96/><W99/><G99/><T72/><D72/><U100/><E100/><V121/><F121/><W77/><G77/><T101/><D101/><U132/><E132/><V0/><F64/><W53/><G53/><T24/><D70/><U120/><E120/><V88/><F90/><W29/><G89/><N who="0" m="53287" /><D79/><U21/><E35/><V11/><F0/><W127/><G87/><T112/><D112/><U30/><AGARI ba="1,2" hai="12,18,21,22,25,27,30,31,34,50,52,56,60,62" machi="30" ten="20,2700,0" yaku="0,1,7,1,54,1" doraHai="38" who="1" fromWho="1" sc="243,-8,247,50,166,-14,324,-8" /><INIT seed="3,0,0,3,5,102" ten="235,297,152,316" oya="3" hai0="6,94,61,129,13,127,105,43,7,22,31,81,12" hai1="114,11,58,116,24,130,68,19,93,103,101,63,87" hai2="23,91,71,15,46,100,10,98,4,18,9,133,2" hai3="88,111,1,135,59,54,55,124,121,27,52,79,67"/><W117/><G1/><T104/><D127/><U34/><E114/><V107/><F133/><W108/><G117/><T80/><D129/><U36/><E36/><V8/><F71/><W28/><G121/><T29/><D43/><U128/><E68/><V86/><REACH who="2" step="1"/><F46/><REACH who="2" ten="235,297,142,316" step="2"/><W109/><G135/><T115/><D115/><U134/><E134/><V132/><F132/><W64/><G124/><T39/><D39/><U37/><E37/><V110/><F110/><W72/><G111/><T119/><D119/><U45/><E116/><V125/><F125/><W123/><G109/><T76/><D76/><U126/><E45/><V113/><F113/><W62/><G108/><T47/><D47/><U83/><E126/><V38/><F38/><W0/><G79/><T33/><D33/><U17/><E34/><V84/><F84/><W77/><G77/><T30/><D30/><U78/><E130/><V82/><AGARI ba="0,1" hai="2,4,8,9,10,15,18,23,82,86,91,98,100,107" machi="82" ten="20,5200,0" yaku="1,1,0,1,7,1,52,1,53,0" doraHai="102" doraHaiUra="89" who="2" fromWho="2" sc="235,-13,297,-13,142,62,316,-26" /><INIT seed="4,0,0,5,1,99" ten="222,284,204,290" oya="0" hai0="89,113,48,5,115,45,125,33,87,49,38,36,52" hai1="85,57,104,11,21,59,76,84,101,65,13,92,77" hai2="24,58,124,60,25,44,62,111,81,91,0,19,29" hai3="27,90,50,70,97,26,14,47,40,80,127,79,134"/><T128/><D33/><U61/><E104/><V37/><F0/><W86/><G70/><T12/><D125/><U68/><E21/><N who="2" m="15503" /><F111/><W55/><G127/><T129/><D49/><U117/><E117/><V112/><F124/><W83/><G134/><T126/><D126/><U72/><E72/><V22/><F37/><N who="0" m="14442" /><D12/><U130/><E130/><N who="0" m="50281" /><D5/><U41/><E41/><V9/><F112/><W56/><G14/><T64/><D64/><U108/><E108/><V54/><F9/><W30/><G30/><T94/><AGARI ba="0,0" hai="45,48,52,87,89,94,113,115" m="50281,14442" machi="94" ten="40,3900,0" yaku="19,1,54,1" doraHai="99" who="0" fromWho="0" sc="222,39,284,-13,204,-13,290,-13" /><INIT seed="4,1,0,0,3,29" ten="261,271,191,277" oya="0" hai0="19,12,124,81,131,21,8,75,18,64,17,129,110" hai1="132,26,16,89,43,85,92,6,0,1,72,86,88" hai2="27,98,52,51,15,106,10,7,25,101,47,39,97" hai3="96,23,63,122,69,44,48,109,11,102,61,32,112"/><T31/><D64/><U30/><E72/><V121/><F121/><W68/><G109/><T99/><D99/><U37/><E6/><V125/><F125/><W111/><G111/><T105/><D105/><U67/><E67/><V46/><REACH who="2" step="1"/><F98/><REACH who="2" ten="261,271,181,277" step="2"/><W93/><G122/><T33/><D110/><U71/><E132/><V50/><F50/><W45/><G48/><T74/><D124/><U4/><E37/><V120/><F120/><W54/><G96/><T57/><D131/><U70/><E70/><V38/><F38/><W77/><G68/><T100/><D129/><U66/><E71/><V49/><F49/><W134/><G69/><T84/><D75/><U59/><E43/><AGARI ba="1,1" hai="7,10,15,25,27,39,43,46,47,51,52,97,101,106" machi="43" ten="40,2600,0" yaku="1,1,54,1,53,0" doraHai="29" doraHaiUra="82" who="2" fromWho="1" sc="261,0,271,-29,181,39,277,0" /><INIT seed="5,0,0,0,1,113" ten="261,242,220,277" oya="1" hai0="18,127,104,48,40,101,69,125,46,97,135,10,119" hai1="49,53,27,0,1,99,83,44,80,115,85,25,91" hai2="131,79,103,11,7,105,82,89,4,107,98,14,24" hai3="77,21,124,90,42,5,15,94,34,92,74,50,55"/><U73/><E115/><V56/><F131/><W61/><G34/><T126/><D69/><U29/><E27/><V112/><F112/><W39/><G39/><T43/><D135/><U8/><E99/><V86/><F105/><W116/><G74/><T114/><D114/><U70/><E70/><V132/><F132/><W36/><G77/><T60/><D60/><U109/><E109/><V76/><F4/><W23/><G61/><T54/><D119/><U102/><E102/><V68/><F68/><W87/><G42/><T65/><D65/><U63/><E63/><V45/><F56/><W75/><G75/><T133/><D133/><U121/><E121/><V58/><F58/><W123/><G36/><T72/><D72/><U22/><E73/><V62/><F62/><W81/><G124/><T122/><D122/><U35/><E83/><V111/><F111/><W128/><G128/><T47/><D47/><U134/><E134/><V57/><F57/><N who="3" m="33015" /><G116/><T31/><REACH who="0" step="1"/><D31/><REACH who="0" ten="251,242,220,277" step="2"/><U6/><REACH who="1" step="1"/><E35/><REACH who="1" ten="251,232,220,277" step="2"/><V51/><REACH who="2" step="1"/><F24/><REACH who="2" ten="251,232,210,277" step="2"/><W2/><G123/><T129/><D129/><U108/><E108/><V66/><F66/><W3/><G3/><AGARI ba="0,3" hai="0,1,3,6,8,22,25,29,44,49,53,80,85,91" machi="3" ten="30,2900,0" yaku="1,1,7,1,53,0" doraHai="113" doraHaiUra="96" who="1" fromWho="3" sc="251,0,232,59,210,0,277,-29" /><INIT seed="5,1,0,4,1,75" ten="251,291,210,248" oya="1" hai0="60,30,22,19,116,2,87,20,38,123,89,8,126" hai1="25,84,27,23,122,15,53,132,111,1,16,121,4" hai2="13,80,77,113,48,107,55,99,91,42,28,3,41" hai3="114,74,51,49,44,134,45,81,34,110,26,43,68"/><U135/><E84/><V40/><F3/><W88/><G110/><T29/><D116/><U98/><E98/><V92/><F113/><W67/><G114/><T108/><D108/><U56/><E111/><V112/><F112/><W62/><G134/><N who="1" m="51242" /><E1/><V118/><F118/><W125/><G125/><T31/><D126/><U36/><E36/><V70/><F70/><W78/><G88/><T100/><D38/><U58/><E58/><V54/><F107/><W17/><G17/><T133/><D133/><U66/><E66/><V73/><F28/><W106/><G106/><T50/><D123/><N who="1" m="47115" /><E4/><V82/><F48/><AGARI ba="1,0" hai="15,16,23,25,27,48,53,56" m="47115,51242" machi="48" ten="30,2900,0" yaku="20,1,54,1" doraHai="75" who="1" fromWho="2" sc="251,0,291,32,210,-32,248,0" owari="251,5.1,323,42.3,178,-32.2,248,-15.2" /></mjloggm>