<mjloggm ver="2.3"><GO type="225" lobby="0"/><UN n0="%E4%B8%AD%E5%B9%B4%E3%81%AE%E5%8D%B1%E6%A9%9F" n1="%E3%82%BC%E3%83%AB%E3%83%80%E3%81%AE%E4%BC%9D%E8%AA%AC" n2="%E8%81%B7%E6%A5%AD%E3%80%81%E9%A2%A8%32" n3="%68%6F%72%69%30%39%30%31" dan="17,16,16,16" rate="2241.03,2211.09,2126.35,2057.25" sx="M,M,M,M"/><TAIKYOKU oya="0"/><INIT seed="0,0,0,0,3,123" ten="250,250,250,250" oya="0" hai0="41,107,111,68,49,31,84,18,27,0,23,19,50" hai1="108,121,104,125,133,79,30,109,56,65,64,29,71" hai2="26,8,60,66,127,45,72,130,42,36,114,78,53" hai3="9,76,100,55,46,39,118,81,112,24,63,83,5"/><T129/><D129/><U69/><E121/><V58/><F114/><W15/><G118/><T57/><D68/><U52/><E104/><V13/><F127/><W98/><G112/><T132/><D0/><U92/><E125/><V20/><F130/><W88/><G24/><T126/><D107/><U134/><E92/><V43/><F43/><W3/><G63/><T40/><D126/><U67/><E79/><V1/><F1/><W12/><G83/><T120/><D120/><U47/><E47/><V38/><F78/><W119/><G119/><T61/><D132/><N who="1" m="50795" /><E69/><V6/><F72/><W44/><G44/><T37/><D37/><U131/><E71/><V89/><F89/><W59/><G46/><T32/><D84/><U91/><E91/><V105/><F105/><W70/><G39/><T7/><D7/><U90/><E90/><V110/><F38/><W10/><G70/><T80/><D80/><U99/><E99/><V2/><F2/><W102/><G3/><T103/><D103/><U14/><E14/><V62/><F62/><N who="3" m="36223" /><G76/><T35/><D35/><U11/><E11/><V77/><F77/><W54/><G54/><N who="0" m="33975" /><D32/><U17/><E17/><N who="0" m="6153" /><D41/><U48/><E131/><V4/><F4/><N who="3" m="3111" /><G81/><T97/><D40/><U86/><E86/><V33/><F33/><W74/><G74/><T113/><D97/><U101/><E101/><V93/><F42/><W21/><G21/><T87/><D87/><U96/><E96/><V51/><F36/><W95/><AGARI ba="0,0" hai="5,10,15,88,95,98,100,102" m="3111,36223" machi="95" ten="30,2000,0" yaku="8,1,54,1" doraHai="123" who="3" fromWho="3" sc="250,-10,250,-5,250,-5,250,20" /><INIT seed="1,0,0,1,5,90" ten="240,245,245,270" oya="1" hai0="54,75,109,126,9,73,64,17,106,55,36,34,133" hai1="99,38,37,82,119,131,89,24,58,67,60,39,108" hai2="69,28,27,114,12,125,107,88,116,78,132,93,65" hai3="91,76,11,79,102,45,53,42,62,29,134,128,94"/><U26/><E119/><V85/><F116/><W1/><G128/><T70/><D17/><U19/><E131/><V14/><F107/><W123/><G123/><T86/><D86/><U2/><E2/><V43/><F132/><W61/><G29/><T97/><D54/><U16/><E108/><V113/><F125/><W115/><G115/><N who="2" m="44041" /><F43/><W87/><G134/><T50/><D55/><U32/><E82/><N who="2" m="47319" /><F65/><W13/><G1/><T20/><D20/><U66/><E66/><V30/><F69/><W49/><G102/><N who="0" m="62799" /><D50/><U6/><E6/><V63/><F63/><N who="3" m="24075" /><G42/><T81/><D64/><U46/><E46/><V111/><F111/><W72/><G72/><N who="0" m="27723" /><D81/><U112/><E112/><V98/><F30/><W71/><G71/><T122/><D70/><U117/><E117/><V35/><AGARI ba="0,0" hai="12,14,27,28,35,88,93,98" m="47319,44041" machi="35" ten="30,4000,0" yaku="11,1,52,1,54,1" doraHai="90" who="2" fromWho="2" sc="240,-10,245,-20,245,40,270,-10" /><INIT seed="2,0,0,3,0,38" ten="230,225,285,260" oya="2" hai0="75,109,115,73,25,22,55,128,63,18,24,126,66" hai1="29,88,127,21,123,99,52,9,30,134,96,16,102" hai2="43,132,98,39,70,95,11,2,79,34,19,121,51" hai3="68,32,12,7,28,3,113,89,104,117,37,118,100"/><V48/><F121/><W15/><G68/><T87/><D115/><U133/><E123/><V45/><F34/><W60/><G60/><T90/><D109/><U59/><E127/><V23/><F70/><W105/><G89/><T53/><D126/><U76/><E76/><V111/><F111/><W107/><G100/><T17/><D128/><U57/><E9/><V8/><F79/><W56/><G56/><N who="0" m="37223" /><D75/><U81/><E59/><V58/><F132/><N who="1" m="50793" /><E81/><V46/><F58/><W14/><G113/><T120/><D73/><U4/><E4/><V106/><F106/><W35/><G37/><T5/><D5/><U77/><E77/><V85/><F85/><W62/><G62/><T116/><D116/><U41/><E41/><N who="2" m="24623" /><F39/><W26/><REACH who="3" step="1"/><G35/><REACH who="3" ten="230,225,285,250" step="2"/><T80/><D120/><U61/><E102/><N who="2" m="60767" /><F2/><W40/><G40/><T20/><AGARI ba="0,1" hai="17,18,20,22,24,25,53,55,80,87,90" m="37223" machi="20" ten="30,1100,0" yaku="8,1" doraHai="38" who="0" fromWho="0" sc="230,21,225,-3,285,-5,250,-3" /><INIT seed="3,0,0,2,1,83" ten="251,222,280,247" oya="3" hai0="50,53,34,127,90,63,29,128,14,6,59,93,125" hai1="12,100,1,39,77,102,4,105,71,92,79,45,56" hai2="130,70,15,85,7,129,69,89,52,109,75,88,5" hai3="22,24,47,104,122,135,65,113,131,121,43,30,106"/><W55/><G113/><T3/><D3/><U46/><E71/><N who="2" m="27147" /><F109/><W11/><G135/><T116/><D116/><U21/><E105/><V18/><F75/><W64/><G131/><N who="2" m="50185" /><F52/><W87/><G104/><T103/><D128/><U48/><E1/><V94/><F89/><W40/><G106/><T101/><D125/><U134/><E134/><V86/><F85/><W67/><G11/><AGARI ba="0,0" hai="5,7,11,15,18,86,88,94" m="50185,27147" machi="11" ten="30,3900,0" yaku="19,1,52,1,54,1" doraHai="83" who="2" fromWho="3" sc="251,0,222,0,280,39,247,-39" owari="251,5.1,222,-17.8,319,41.9,208,-29.2" /></mjloggm>