<mjloggm ver="2.3"><GO type="225" lobby="0"/><UN n0="%4B%2E%32%2E%4B%2E" n1="%E3%83%81%E3%83%83%E3%82%BF%E3%82%BD%E3%83%BC" n2="%72%65%6E%6B%75%6E" n3="%E3%81%95%E3%81%8D%E3%81%9F%E3%81%BE%E6%9E%97%E6%AA%8E" dan="17,17,17,16" rate="2193.68,2185.13,2267.17,2081.39" sx="M,F,M,M"/><TAIKYOKU oya="0"/><INIT seed="0,0,0,0,3,79" ten="250,250,250,250" oya="0" hai0="31,116,30,135,100,17,40,6,132,56,112,124,13" hai1="108,119,42,43,1,33,73,107,74,75,21,46,85" hai2="97,47,19,32,14,15,82,80,44,72,123,20,63" hai3="129,22,118,57,3,78,115,93,70,114,67,133,0"/><T23/><D40/><U109/><E119/><V127/><F32/><W94/><G118/><T62/><D116/><U53/><E33/><V128/><F72/><W65/><G70/><T99/><D112/><U92/><E107/><V103/><F123/><W58/><G78/><T101/><D124/><U90/><E1/><V66/><F127/><W104/><G104/><T35/><D101/><U10/><E10/><V111/><F111/><N who="1" m="42569" /><E21/><V64/><F14/><W51/><G22/><T18/><D6/><U69/><E69/><V68/><F128/><W76/><G76/><T131/><D131/><U126/><E126/><V110/><F110/><W96/><G51/><AGARI ba="0,0" hai="42,43,46,51,53,73,74,75,85,90,92" m="42569" machi="51" ten="40,1300,0" yaku="14,1" doraHai="79" who="1" fromWho="3" sc="250,0,250,13,250,0,250,-13" /><INIT seed="1,0,0,1,4,127" ten="250,263,250,237" oya="1" hai0="108,125,72,84,53,55,44,128,120,114,41,95,19" hai1="62,38,13,47,86,126,8,123,30,37,39,58,102" hai2="129,98,51,115,59,133,9,90,80,33,85,4,96" hai3="22,75,89,119,66,50,26,12,76,135,46,0,101"/><U25/><E126/><V63/><F33/><W91/><G0/><T134/><D114/><U74/><E74/><V81/><F115/><W2/><G2/><T6/><D125/><U83/><E102/><V32/><F32/><W48/><G101/><T124/><D124/><U92/><E92/><V113/><F113/><W105/><G105/><T68/><D72/><U121/><E47/><V94/><F133/><W109/><G109/><T65/><D108/><U20/><E58/><V11/><F51/><W27/><G66/><T1/><D120/><U31/><E62/><V104/><F104/><W29/><G135/><T14/><D6/><U107/><E31/><V132/><F132/><W35/><G12/><T52/><D1/><U17/><REACH who="1" step="1"/><E107/><REACH who="1" ten="250,253,250,237" step="2"/><V77/><F59/><W122/><G46/><T82/><D134/><U97/><E97/><V57/><F57/><W118/><G75/><T130/><D95/><U7/><E7/><V45/><F45/><W16/><G122/><T40/><D44/><U116/><E116/><V3/><F63/><W18/><G119/><T103/><D103/><U56/><E56/><V100/><F96/><W110/><G118/><T49/><D68/><U10/><E10/><V106/><F11/><W54/><G110/><T5/><D5/><U117/><E117/><V36/><F106/><W71/><G71/><T93/><D93/><U28/><E28/><V43/><F100/><W88/><G18/><T73/><D73/><U79/><AGARI ba="0,1" hai="8,13,17,20,25,30,37,38,39,79,83,86,121,123" machi="79" ten="30,3000,0" yaku="1,1,0,1,53,0" doraHai="127" doraHaiUra="42" who="1" fromWho="1" sc="250,-10,253,40,250,-10,237,-10" /><INIT seed="1,1,0,5,5,47" ten="240,293,240,227" oya="1" hai0="97,52,32,115,66,125,39,31,132,9,104,49,112" hai1="8,122,85,18,77,116,103,120,83,110,123,92,127" hai2="84,105,60,0,102,43,42,75,131,17,67,71,7" hai3="41,63,21,124,70,129,24,126,20,114,36,73,133"/><U106/><E18/><V11/><F131/><W118/><G114/><T93/><D104/><U14/><E14/><V56/><F75/><W135/><G73/><T23/><D32/><U81/><E8/><V38/><F38/><W82/><G82/><T76/><D76/><N who="1" m="46247" /><E116/><V19/><F102/><W35/><G118/><T119/><D119/><U33/><E33/><V111/><F105/><W51/><G36/><T107/><D107/><U121/><E121/><V40/><F111/><W29/><G129/><T117/><D117/><U58/><E58/><V25/><F84/><W13/><G70/><T130/><D130/><U15/><E15/><V90/><F90/><W109/><G63/><T3/><D125/><N who="3" m="48233" /><G109/><T55/><D132/><N who="3" m="50761" /><G13/><T61/><D39/><U96/><E127/><V78/><F78/><W108/><G108/><T69/><D112/><U100/><E110/><V26/><F71/><W89/><G89/><T10/><D115/><U44/><E120/><V45/><F25/><W59/><G59/><T12/><D12/><U1/><E83/><V68/><F26/><W91/><G91/><T86/><D3/><U46/><E77/><V2/><F2/><W87/><G87/><T4/><D86/><U128/><E1/><V48/><REACH who="2" step="1"/><F68/><REACH who="2" ten="240,293,230,227" step="2"/><W28/><G29/><T79/><D79/><U6/><E128/><V74/><F74/><W30/><G28/><T94/><D31/><U37/><E37/><V27/><F27/><W62/><G62/><T113/><D113/><U57/><E123/><V134/><F134/><W98/><G98/><T65/><D69/><U54/><E122/><RYUUKYOKU ba="1,1" sc="240,-15,293,-15,230,15,227,15" hai2="0,7,11,17,19,40,42,43,45,48,56,60,67" hai3="20,21,24,30,35,41,51" /><INIT seed="2,2,1,5,4,54" ten="225,278,245,242" oya="2" hai0="123,3,92,82,24,87,62,13,5,35,116,93,22" hai1="31,106,42,115,25,71,57,105,36,85,51,16,72" hai2="76,28,14,73,108,65,43,64,20,11,118,49,83" hai3="8,30,9,128,100,45,68,39,33,63,81,124,135"/><V88/><F118/><W21/><G135/><T69/><D123/><U32/><E115/><V101/><F101/><W84/><G128/><T15/><D116/><U114/><E114/><V38/><F38/><W19/><G124/><T103/><D35/><U121/><E121/><V44/><F108/><W74/><G74/><T86/><D3/><U109/><E109/><V113/><F113/><W48/><G39/><T59/><D69/><U90/><E72/><V94/><F28/><W61/><G100/><T10/><D15/><U77/><E77/><V75/><F20/><W23/><G68/><T70/><D70/><U55/><E71/><V37/><F37/><W129/><G129/><T26/><D87/><U97/><E97/><V120/><F75/><W56/><G33/><T78/><D103/><U67/><E67/><V17/><REACH who="2" step="1"/><F120/><REACH who="2" ten="225,278,235,242" step="2"/><W126/><G126/><T89/><D24/><U12/><E36/><V1/><F1/><W40/><G23/><T125/><D125/><U6/><E105/><V98/><AGARI ba="2,2" hai="11,14,17,43,44,49,64,65,73,76,83,88,94,98" machi="98" ten="20,7800,0" yaku="1,1,0,1,7,1,54,1,53,0" doraHai="54" doraHaiUra="112" who="2" fromWho="2" sc="225,-28,278,-28,235,104,242,-28" /><INIT seed="2,3,0,4,0,127" ten="197,250,339,214" oya="2" hai0="119,33,41,0,9,65,134,30,57,34,87,124,15" hai1="115,74,80,78,28,108,4,102,13,117,68,77,18" hai2="110,38,129,100,8,17,7,52,122,81,47,3,92" hai3="54,51,97,61,94,23,84,27,36,39,107,66,43"/><V86/><F122/><W131/><G107/><T96/><D0/><U44/><E108/><V21/><F110/><W64/><G64/><T72/><D72/><U103/><E115/><V22/><F38/><W109/><G109/><T16/><D124/><U50/><E117/><V24/><F22/><W5/><G5/><T71/><D71/><U67/><E4/><V46/><F100/><W35/><G35/><T1/><D119/><U6/><E6/><V90/><F129/><W121/><G131/><T56/><D1/><U37/><E37/><V118/><F118/><W19/><G84/><T10/><D134/><U2/><E2/><V49/><REACH who="2" step="1"/><F92/><REACH who="2" ten="197,250,329,214" step="2"/><W62/><G39/><T125/><D125/><U95/><E95/><V128/><F128/><W89/><G121/><T76/><D34/><U48/><E102/><V70/><F70/><W63/><G36/><T59/><D33/><U120/><E103/><V126/><F126/><W114/><G114/><T69/><D69/><U123/><E120/><V20/><F20/><W82/><G23/><N who="0" m="11679" /><D30/><U83/><E28/><V60/><F60/><W88/><G63/><T135/><D135/><U32/><E123/><V73/><F73/><W12/><G62/><T132/><D132/><U11/><E32/><V29/><F29/><W40/><G61/><T79/><D65/><U112/><E112/><V93/><F93/><W99/><G66/><T106/><D106/><U75/><E67/><V111/><F111/><W98/><G99/><T42/><D96/><U130/><E130/><V104/><F104/><W116/><G98/><T25/><D87/><RYUUKYOKU ba="3,1" sc="197,-10,250,-10,329,30,214,-10" hai2="3,7,8,17,21,24,46,47,49,52,81,86,90" /><INIT seed="2,4,1,4,5,39" ten="187,240,359,204" oya="2" hai0="31,92,117,52,90,85,70,60,62,94,58,43,71" hai1="126,101,25,121,105,127,102,87,104,34,89,128,86" hai2="116,78,2,82,23,75,132,100,119,73,55,83,6" hai3="49,131,13,4,135,20,47,21,51,3,99,17,114"/><V65/><F132/><W1/><G135/><T33/><D117/><U81/><E25/><V84/><F65/><W35/><G35/><T112/><D112/><U50/><E34/><V12/><F100/><N who="1" m="38505" /><E50/><V129/><F2/><W45/><G131/><T133/><D133/><U57/><E57/><V16/><F6/><W98/><G114/><T41/><D94/><N who="1" m="54583" /><E128/><V40/><F129/><W93/><G1/><T107/><D107/><N who="1" m="41035" /><E121/><V74/><F55/><W68/><G68/><T44/><D62/><U109/><E109/><V124/><F116/><W123/><G3/><T8/><D8/><U120/><E120/><V0/><F0/><W18/><G4/><T111/><D111/><U29/><E29/><V46/><F119/><W125/><G123/><T27/><D41/><U64/><E64/><V38/><REACH who="2" step="1"/><F124/><REACH who="2" ten="187,240,349,204" step="2"/><W115/><G125/><T30/><REACH who="0" step="1"/><D31/><REACH who="0" ten="177,240,349,204" step="2"/><U56/><E127/><V103/><F103/><W108/><G108/><T110/><D110/><U63/><E126/><V14/><F14/><W5/><G13/><T113/><D113/><U7/><E7/><V66/><F66/><W61/><G115/><T97/><D97/><U91/><E63/><V72/><F72/><W80/><G61/><T122/><D122/><U77/><E87/><V22/><F22/><W26/><G5/><T76/><D76/><AGARI ba="4,3" hai="12,16,23,38,40,46,73,74,75,76,78,82,83,84" machi="76" ten="30,18000,2" yaku="1,1,7,1,52,1,54,1,53,2" doraHai="39" doraHaiUra="79" who="2" fromWho="0" sc="177,-192,240,0,349,222,204,0" owari="-15,-51.5,240,4.0,571,67.1,204,-19.6" /></mjloggm>