<mjloggm ver="2.3"><GO type="225" lobby="0"/><UN n0="%45%6C%79%73%69%75%6D" n1="%6D%75%75%6D%75%72%61" n2="%72%65%6E%6B%75%6E" n3="%E8%A8%88%E7%AE%97%E6%A9%9F%E8%87%AA%E7%84%B6" dan="18,17,17,17" rate="2158.51,2197.66,2262.53,2175.10" sx="F,F,M,M"/><TAIKYOKU oya="0"/><INIT seed="0,0,0,5,1,48" ten="250,250,250,250" oya="0" hai0="115,132,50,22,92,87,112,35,44,53,89,34,59" hai1="54,57,26,78,39,62,84,38,72,134,123,74,76" hai2="127,20,94,14,120,82,133,109,111,21,64,99,85" hai3="49,63,119,106,19,27,66,79,91,121,95,17,81"/><T60/><D132/><U2/><E123/><V103/><F120/><W16/><G121/><T86/><D22/><U45/><E134/><V83/><F133/><W32/><G106/><T69/><D69/><U11/><E26/><V30/><F127/><W114/><G114/><T65/><REACH who="0" step="1"/><D86/><REACH who="0" ten="240,250,250,250" step="2"/><U47/><E74/><V93/><F20/><W40/><G119/><T4/><D4/><U56/><E72/><V73/><F73/><W116/><G116/><T6/><D6/><U97/><E84/><V41/><F109/><W61/><G32/><AGARI ba="0,1" hai="32,34,35,44,50,53,59,60,65,87,89,92,112,115" machi="32" ten="40,3900,0" yaku="1,1,52,1,53,0" doraHai="48" doraHaiUra="33" who="0" fromWho="3" sc="240,49,250,0,250,0,250,-39" /><INIT seed="0,1,0,5,5,105" ten="289,250,250,211" oya="0" hai0="18,106,10,48,14,130,22,62,19,79,82,52,75" hai1="68,57,28,101,53,27,84,61,92,102,129,63,30" hai2="7,67,8,85,99,104,98,26,131,96,5,42,71" hai3="25,111,70,93,81,73,100,122,123,89,49,77,1"/><T94/><D130/><U24/><E129/><V80/><F131/><W95/><G70/><T132/><D106/><U128/><E128/><V76/><F42/><W2/><G25/><T119/><D132/><U118/><E118/><V117/><F117/><W60/><G60/><T9/><D119/><U29/><E84/><V56/><F71/><W6/><G49/><T3/><D62/><U40/><E40/><V124/><F124/><W103/><G6/><T36/><D36/><U107/><E107/><V83/><F104/><W11/><G11/><T112/><D112/><U69/><E69/><V126/><F126/><W135/><G1/><T21/><D94/><N who="3" m="35849" /><G2/><T13/><D3/><U78/><E78/><V23/><F8/><W44/><G44/><AGARI ba="1,0" hai="9,10,13,14,18,19,21,22,44,48,52,75,79,82" machi="44" ten="30,11600,0" yaku="7,1,9,1,52,1,54,1" doraHai="105" who="0" fromWho="3" sc="289,119,250,0,250,0,211,-119" /><INIT seed="0,2,0,5,0,48" ten="408,250,250,92" oya="0" hai0="109,24,11,8,70,33,61,14,56,99,57,112,53" hai1="87,105,98,85,13,133,96,79,92,84,102,69,45" hai2="47,35,2,32,22,118,20,52,12,73,16,81,94" hai3="34,37,117,63,59,40,108,119,101,80,129,104,3"/><T41/><D112/><U124/><E69/><V88/><F2/><W128/><G3/><T71/><D109/><U30/><E30/><V66/><F66/><W82/><G34/><T121/><D121/><U6/><E6/><V111/><F111/><W17/><G108/><T122/><D122/><U123/><E13/><V38/><F118/><N who="3" m="45067" /><G17/><T110/><D41/><U75/><E45/><V76/><F22/><W115/><G101/><T103/><D110/><U64/><E64/><V50/><F38/><W78/><G104/><T107/><D57/><U7/><E7/><V68/><F68/><W1/><G1/><T21/><D33/><U120/><E124/><V46/><F47/><N who="3" m="23951" /><G78/><T55/><D8/><U114/><E114/><V49/><F49/><W26/><G26/><T4/><REACH who="0" step="1"/><D55/><REACH who="0" ten="398,250,250,92" step="2"/><U39/><E39/><V51/><REACH who="2" step="1"/><F50/><REACH who="2" ten="398,250,240,92" step="2"/><W67/><G115/><T93/><D93/><U113/><E113/><V72/><F72/><W134/><G67/><T54/><D54/><U125/><E123/><V126/><F126/><W83/><G59/><T91/><D91/><N who="1" m="55327" /><E120/><V90/><F90/><W95/><G95/><T18/><AGARI ba="2,2" hai="4,11,14,18,21,24,53,56,61,70,71,99,103,107" machi="18" ten="20,7800,0" yaku="1,1,0,1,7,1,52,1,53,0" doraHai="48" doraHaiUra="130" who="0" fromWho="0" sc="398,104,250,-28,240,-28,92,-28" /><INIT seed="0,3,0,3,4,54" ten="502,222,212,64" oya="0" hai0="26,82,106,25,43,45,55,96,74,94,27,15,20" hai1="76,115,135,119,3,108,75,14,2,103,73,59,47" hai2="129,44,16,111,101,98,79,105,21,85,99,32,132" hai3="97,1,121,22,102,9,49,124,120,128,34,70,81"/><T4/><D106/><U127/><E119/><V35/><F111/><W64/><G22/><T50/><D74/><U40/><E108/><V51/><F129/><W19/><G128/><T28/><D82/><U113/><E127/><V23/><F132/><W87/><G34/><T134/><D134/><U5/><E135/><V8/><F8/><W123/><G124/><T6/><D6/><U10/><E103/><V80/><F98/><W86/><G49/><T41/><D4/><U126/><E126/><V60/><F21/><W7/><G19/><N who="0" m="10367" /><D28/><U107/><E107/><V39/><F60/><W38/><G38/><T114/><D114/><N who="1" m="43531" /><E59/><V68/><F39/><W46/><G46/><T117/><D117/><U95/><E95/><V56/><F68/><W112/><G112/><T91/><AGARI ba="3,0" hai="25,26,27,41,43,45,50,55,91,94,96" m="10367" machi="91" ten="30,1500,0" yaku="8,1" doraHai="54" who="0" fromWho="0" sc="502,24,222,-8,212,-8,64,-8" /><INIT seed="0,4,0,1,4,15" ten="526,214,204,56" oya="0" hai0="8,20,1,25,6,121,48,47,97,129,14,80,53" hai1="100,26,124,58,36,51,122,77,17,115,111,40,130" hai2="29,104,75,107,23,12,2,0,99,87,19,85,50" hai3="57,63,55,91,65,98,82,83,93,126,112,46,30"/><T105/><D121/><U125/><E122/><V135/><F75/><W49/><G112/><T61/><D129/><U106/><E130/><V116/><F135/><W7/><G126/><T18/><D80/><U101/><E111/><V103/><F116/><W52/><G7/><T113/><D113/><U32/><E115/><V131/><F131/><W94/><G30/><T118/><D118/><U74/><E36/><V64/><F64/><W24/><G24/><T84/><D84/><U110/><E106/><V16/><F29/><W31/><G31/><T81/><D81/><N who="1" m="45239" /><E32/><V4/><F4/><W86/><REACH who="3" step="1"/><G65/><REACH who="3" ten="526,214,204,46" step="2"/><T66/><D66/><U117/><E125/><V78/><F78/><W21/><G21/><T13/><D25/><U54/><E124/><V38/><F23/><W119/><G119/><T90/><D6/><U42/><E26/><V35/><F35/><W43/><G43/><T44/><D8/><U95/><E117/><V109/><F109/><W3/><G3/><T39/><D1/><U10/><E110/><V88/><F12/><W68/><G68/><T41/><D13/><N who="1" m="7351" /><E40/><V120/><F120/><W89/><AGARI ba="4,1" hai="46,49,52,55,57,63,82,83,86,89,91,93,94,98" machi="89" ten="20,8000,1" yaku="1,1,0,1,7,1,8,1,54,1,53,0" doraHai="15" doraHaiUra="123" who="3" fromWho="3" sc="526,-44,214,-24,204,-24,46,102" /><INIT seed="1,0,0,4,5,29" ten="482,190,180,148" oya="1" hai0="91,116,111,83,42,112,132,20,11,107,37,63,130" hai1="48,99,12,34,49,54,98,7,72,62,122,109,79" hai2="88,21,44,64,110,22,28,97,129,67,73,1,4" hai3="10,56,51,53,105,26,104,31,68,86,87,96,0"/><U15/><E122/><V61/><F73/><W59/><G68/><T55/><D55/><U50/><E34/><V108/><F129/><W25/><G59/><T127/><D63/><U82/><E109/><N who="2" m="42091" /><F44/><W40/><G40/><T33/><D20/><N who="2" m="7786" /><F28/><W14/><G0/><T17/><D33/><U24/><E24/><V65/><F1/><W75/><G75/><T70/><D17/><U103/><E7/><V6/><F61/><W9/><G26/><T43/><D111/><U78/><E78/><V47/><F47/><W133/><G133/><T71/><D11/><U69/><E98/><V8/><F8/><W38/><G38/><T126/><D37/><U131/><E131/><V119/><F119/><W46/><G46/><T114/><D130/><U27/><E27/><V58/><F58/><W85/><G96/><T134/><D70/><U45/><E45/><V36/><F36/><W100/><G100/><T125/><D71/><U74/><E74/><V84/><F97/><W106/><REACH who="3" step="1"/><G14/><REACH who="3" ten="482,190,180,138" step="2"/><T60/><D132/><U16/><E12/><V2/><F2/><W35/><AGARI ba="0,1" hai="9,10,25,31,35,51,53,56,85,86,87,104,105,106" machi="35" ten="40,8000,1" yaku="1,1,2,1,0,1,52,1,53,0" doraHai="29" doraHaiUra="77" who="3" fromWho="3" sc="482,-20,190,-40,180,-20,138,90" /><INIT seed="2,0,0,5,2,99" ten="462,150,160,228" oya="2" hai0="36,9,38,106,92,59,110,105,19,48,60,71,63" hai1="135,4,23,50,120,0,118,102,130,56,104,107,86" hai2="32,91,108,75,103,61,16,29,44,39,52,57,15" hai3="10,40,85,100,77,8,70,111,18,25,1,124,133"/><V95/><F75/><W94/><G70/><T93/><D48/><U13/><E118/><V83/><F108/><W73/><G73/><T122/><D59/><U109/><E109/><V41/><F83/><N who="3" m="47343" /><G1/><T67/><D19/><U97/><E130/><V45/><F45/><W114/><G124/><T123/><D9/><U11/><E135/><V74/><F74/><W134/><G40/><T82/><D82/><U131/><E131/><V117/><F117/><W112/><G111/><T68/><D110/><U20/><E120/><V66/><F103/><W33/><G94/><T31/><D31/><U21/><E107/><V116/><F116/><W51/><G51/><T81/><D81/><U3/><REACH who="1" step="1"/><E86/><REACH who="1" ten="462,140,160,228" step="2"/><V49/><F32/><W101/><G33/><T64/><AGARI ba="0,1" hai="36,38,60,63,64,67,68,71,92,93,105,106,122,123" machi="64" ten="25,3200,0" yaku="0,1,22,2" doraHai="99" who="0" fromWho="0" sc="462,42,140,-8,160,-16,228,-8" /><INIT seed="3,0,0,3,5,65" ten="504,132,144,220" oya="3" hai0="122,109,100,17,48,130,42,84,5,59,27,78,127" hai1="110,75,41,47,95,1,85,123,112,97,16,8,57" hai2="70,32,29,117,58,89,63,13,23,106,107,72,121" hai3="53,26,24,60,92,98,21,125,119,51,15,131,94"/><W132/><G131/><T93/><D93/><U4/><E123/><V52/><F72/><W18/><G125/><T135/><D59/><U39/><E112/><V9/><F117/><W67/><G132/><T31/><D17/><U64/><E110/><V61/><F32/><W74/><G74/><T111/><D84/><U128/><E128/><V62/><F121/><W91/><G119/><T105/><D48/><U3/><E3/><V44/><F44/><W104/><G104/><T87/><D87/><U49/><E75/><V69/><F106/><W86/><G60/><T108/><D42/><U56/><E85/><V116/><F107/><W6/><G67/><T19/><D78/><U35/><E64/><V50/><F89/><W45/><G6/><T126/><D122/><U118/><E118/><V90/><F90/><AGARI ba="0,0" hai="15,18,21,24,26,45,51,53,86,90,91,92,94,98" machi="90" ten="30,2900,0" yaku="7,1,8,1" doraHai="65" who="3" fromWho="2" sc="504,0,132,0,144,-29,220,29" /><INIT seed="3,1,0,3,3,71" ten="504,132,115,249" oya="3" hai0="117,45,51,33,108,13,10,64,99,60,52,118,104" hai1="25,48,106,22,125,36,96,123,120,65,73,30,102" hai2="18,5,69,133,87,105,80,28,49,59,56,6,111" hai3="107,20,58,15,129,124,90,92,83,57,1,75,126"/><W38/><G1/><T116/><D33/><U0/><E36/><V46/><F105/><W122/><G122/><T54/><D54/><U50/><E0/><V2/><F69/><W91/><G129/><T31/><D31/><U35/><E73/><V34/><F111/><W97/><G107/><T79/><D79/><U134/><E125/><V115/><F115/><W93/><G20/><T121/><D108/><U53/><E134/><V32/><F133/><W19/><G83/><T41/><D41/><U86/><E65/><V81/><F18/><W43/><G75/><T110/><D110/><U77/><E35/><V119/><F119/><W67/><G15/><T16/><D121/><U8/><E8/><V74/><F74/><W88/><G19/><T72/><D72/><U23/><E23/><V14/><F2/><W55/><G67/><T12/><D12/><U103/><E103/><V44/><F14/><W128/><G128/><T3/><D3/><U42/><E77/><V4/><F4/><W47/><G58/><T9/><D9/><U112/><E112/><V109/><F109/><W135/><G135/><T63/><D64/><U27/><E27/><V98/><F98/><W113/><G113/><T29/><D16/><U68/><E68/><V82/><F82/><W131/><G131/><T17/><D17/><U114/><E114/><V94/><F94/><W40/><G93/><T76/><D104/><U127/><E127/><V66/><F66/><W130/><G126/><T85/><D13/><U7/><E7/><V95/><F95/><W24/><G124/><T78/><D118/><RYUUKYOKU ba="1,0" sc="504,0,132,0,115,0,249,0" owari="504,60.4,132,-26.8,115,-38.5,249,4.9" /></mjloggm>