<mjloggm ver="2.3"><GO type="225" lobby="0"/><UN n0="%72%69%6F%75%63%68%61%6E" n1="%E9%80%86%E9%80%A3%E5%B8%AF%E3%81%AE%E9%AC%BC" n2="%E5%8F%AF%E5%85%90%E9%82%A3%E7%94%B1%E5%A4%9A" n3="%E3%83%B4%E3%83%A0%EF%BC%99%E3%81%A6" dan="16,17,16,16" rate="2200.70,2119.53,2087.63,2131.78" sx="M,M,F,M"/><TAIKYOKU oya="0"/><INIT seed="0,0,0,4,3,70" ten="250,250,250,250" oya="0" hai0="52,112,68,101,66,128,100,51,98,85,42,41,27" hai1="119,103,8,46,133,45,40,58,23,107,113,9,122" hai2="64,91,37,18,17,13,124,16,62,115,28,97,6" hai3="33,129,104,76,15,14,53,1,108,83,38,78,24"/><T56/><D112/><U19/><E113/><V59/><F124/><W121/><G1/><T26/><D128/><U117/><E122/><V99/><F115/><W111/><G104/><T109/><D109/><N who="3" m="42057" /><G129/><T82/><D68/><U131/><E131/><V34/><F37/><W80/><G53/><T96/><D66/><U2/><E133/><V92/><F34/><W120/><G38/><T106/><D26/><U47/><E40/><V114/><F114/><W30/><G80/><T54/><D27/><U10/><E2/><V110/><F110/><W132/><G78/><T123/><D123/><N who="3" m="47177" /><G132/><T94/><REACH who="0" step="1"/><D54/><REACH who="0" ten="240,250,250,250" step="2"/><U21/><E119/><V25/><F25/><W31/><G30/><T29/><D29/><U84/><E117/><V63/><F28/><W79/><G79/><AGARI ba="0,1" hai="41,42,51,52,56,79,82,85,94,96,98,100,101,106" machi="79" ten="30,5800,0" yaku="1,1,7,1,54,1,53,0" doraHai="70" doraHaiUra="60" who="0" fromWho="3" sc="240,68,250,0,250,0,250,-58" /><INIT seed="0,1,0,1,1,118" ten="308,250,250,192" oya="0" hai0="110,50,82,112,59,124,32,46,120,2,43,33,29" hai1="23,9,18,39,103,104,75,79,80,119,115,96,111" hai2="121,4,128,74,62,107,53,89,86,25,1,60,97" hai3="134,48,129,73,19,93,113,116,40,16,54,57,69"/><T49/><D120/><U92/><E119/><V8/><F74/><W55/><G116/><T78/><D124/><U10/><E115/><V102/><F128/><W99/><G113/><T131/><D131/><U67/><E111/><V6/><F6/><W45/><G129/><T85/><D112/><U52/><E39/><V38/><F38/><W44/><G69/><T0/><D110/><U26/><E67/><V47/><F25/><W7/><G73/><T105/><D105/><U27/><E104/><V65/><F121/><W36/><G7/><T114/><D114/><U132/><E132/><V91/><F86/><W5/><G5/><T28/><D28/><U123/><E123/><V17/><F17/><W14/><G134/><T12/><D12/><U41/><E41/><V51/><REACH who="2" step="1"/><F62/><REACH who="2" ten="308,250,240,192" step="2"/><W70/><G14/><T83/><D29/><U101/><E27/><V63/><F63/><W95/><G70/><AGARI ba="1,1" hai="1,4,8,47,51,53,60,65,70,89,91,97,102,107" machi="70" ten="30,2000,0" yaku="1,1,7,1,53,0" doraHai="118" doraHaiUra="133" who="2" fromWho="3" sc="308,0,250,0,240,33,192,-23" /><INIT seed="1,0,0,5,3,120" ten="308,250,273,169" oya="1" hai0="126,128,53,104,52,18,83,22,34,30,114,109,8" hai1="40,100,66,43,105,111,38,1,115,45,65,23,117" hai2="37,24,71,85,3,134,131,10,42,15,67,2,130" hai3="93,101,96,50,69,91,59,102,73,132,4,127,107"/><U88/><E117/><V122/><F122/><W64/><G69/><T48/><D109/><U95/><E115/><V70/><F134/><W90/><G132/><T129/><D126/><U21/><E1/><N who="2" m="11" /><F67/><W79/><G127/><T80/><D114/><U72/><E72/><V92/><F24/><W54/><G64/><T49/><D104/><U25/><E111/><V82/><F92/><W39/><G39/><T61/><D8/><U98/><E43/><V110/><F42/><W68/><G68/><T108/><D108/><U13/><E13/><V26/><F26/><W0/><G101/><T121/><D121/><U17/><REACH who="1" step="1"/><E21/><REACH who="1" ten="308,240,273,169" step="2"/><V41/><F110/><W56/><G0/><T5/><D129/><N who="2" m="49162" /><F41/><W27/><G73/><T84/><D128/><U58/><E58/><V57/><F57/><W116/><G59/><T29/><D22/><U76/><E76/><N who="2" m="46279" /><F37/><W86/><G79/><T125/><D125/><U7/><E7/><AGARI ba="0,1" hai="7,10,15,70,71" m="46279,49162,11" machi="7" ten="30,1000,0" yaku="19,1" doraHai="120" who="2" fromWho="1" sc="308,0,240,-10,273,20,169,0" /><INIT seed="2,0,0,5,3,131" ten="308,230,293,169" oya="2" hai0="15,56,9,6,112,59,58,133,40,39,70,98,30" hai1="21,34,8,53,31,74,67,81,117,110,86,135,75" hai2="90,103,50,66,62,7,3,126,129,37,61,130,27" hai3="88,120,23,119,63,2,55,95,89,85,68,109,111"/><V73/><F37/><W105/><G119/><T33/><D133/><U36/><E117/><V42/><F73/><W16/><G120/><T93/><D112/><U84/><E36/><V87/><F103/><W26/><G105/><T113/><D113/><U77/><E34/><V20/><F126/><W99/><G2/><T49/><D70/><U12/><E67/><V47/><F7/><W60/><G68/><T94/><D39/><U100/><E110/><V102/><F102/><W19/><G19/><T80/><D80/><U69/><E69/><V54/><F42/><W128/><G128/><N who="2" m="49257" /><F66/><W72/><G72/><T1/><D1/><U22/><E100/><V124/><F124/><W17/><G17/><T115/><D115/><U114/><E114/><V118/><F3/><W134/><G134/><T91/><D94/><U25/><E135/><V96/><F96/><W0/><G0/><T5/><D5/><U64/><E64/><V44/><F44/><W24/><G24/><T48/><REACH who="0" step="1"/><D40/><REACH who="0" ten="298,230,293,169" step="2"/><U78/><E75/><V108/><F118/><W83/><REACH who="3" step="1"/><G63/><REACH who="3" ten="298,230,293,159" step="2"/><T43/><D43/><U107/><E74/><V104/><F104/><W92/><G92/><T76/><D76/><U101/><E107/><V132/><F132/><W29/><G29/><T10/><D10/><U57/><E78/><V46/><F62/><W123/><G123/><T121/><D121/><U116/><E116/><V71/><F61/><W18/><G18/><T45/><D45/><U14/><E77/><V97/><F47/><W41/><G41/><T65/><D65/><U13/><E8/><V52/><F71/><RYUUKYOKU ba="0,2" sc="298,15,230,-15,293,-15,159,15" hai0="6,9,15,30,33,48,49,56,58,59,91,93,98" hai3="16,23,26,55,60,83,85,88,89,95,99,109,111" /><INIT seed="3,1,2,3,5,57" ten="313,215,278,174" oya="3" hai0="32,132,106,96,60,84,128,111,1,28,42,130,6" hai1="133,27,105,21,95,97,129,135,119,69,107,75,72" hai2="113,49,93,123,26,37,47,94,4,45,115,2,18" hai3="85,15,38,92,17,120,103,13,41,79,9,51,56"/><W70/><G70/><T91/><D111/><U7/><E69/><V31/><F18/><W34/><G120/><T110/><D110/><U50/><E119/><V24/><F4/><W58/><G34/><T22/><D132/><N who="1" m="50763" /><E129/><N who="0" m="49769" /><D32/><U3/><E50/><V131/><F2/><W65/><G38/><T20/><D28/><U74/><E7/><V29/><F49/><W86/><G15/><T25/><D42/><U112/><E112/><V54/><F131/><W67/><G67/><T109/><D109/><U36/><E3/><V71/><F71/><W122/><G122/><T134/><D134/><U73/><N who="1" m="18432" /><DORA hai="33" /><U19/><E36/><V39/><F123/><W126/><G126/><T125/><D125/><U83/><E83/><V114/><F114/><W48/><G48/><T101/><D25/><U8/><E8/><V61/><F54/><N who="3" m="31839" /><G41/><T14/><D1/><U59/><E59/><V108/><F108/><W76/><G76/><T98/><D6/><U68/><E68/><V10/><F10/><W64/><G79/><T30/><D14/><U46/><E46/><V63/><AGARI ba="1,2" hai="24,26,29,31,37,39,45,47,61,63,93,94,113,115" machi="63" ten="25,8000,1" yaku="0,1,22,2,52,2" doraHai="57,33" who="2" fromWho="2" sc="313,-21,215,-21,278,103,174,-41" owari="292,9.2,194,-20.6,381,48.1,133,-36.7" /></mjloggm>