<mjloggm ver="2.3"><GO type="225" lobby="0"/><UN n0="%E3%81%95%E3%81%8D%E3%81%9F%E3%81%BE%E6%9E%97%E6%AA%8E" n1="%E3%81%A1%E3%82%85%E3%81%86%E3%81%A9%E3%81%8F%E8%B1%A1%E3%81%95%E3%82%93" n2="%E6%A0%B9%E5%85%83%E3%81%8B%E3%82%89%E5%90%B9%E3%81%A3%E9%A3%9B%E3%81%B6" n3="%E3%81%BF%E3%81%BF%E3%81%9A" dan="16,17,16,17" rate="2067.97,2186.97,2184.95,2264.18" sx="M,M,F,M"/><TAIKYOKU oya="0"/><INIT seed="0,0,0,0,1,32" ten="250,250,250,250" oya="0" hai0="36,28,88,17,58,78,60,38,114,5,100,16,63" hai1="41,47,98,72,51,71,46,30,130,0,133,66,31" hai2="105,123,106,131,80,25,126,110,21,20,120,29,104" hai3="91,94,68,42,134,112,6,129,86,54,15,50,34"/><T14/><D114/><U65/><E72/><V125/><F110/><W99/><G112/><T101/><D78/><U22/><E133/><V44/><F131/><W79/><G129/><T113/><D113/><U95/><E130/><V2/><F44/><W67/><G134/><T8/><D28/><U62/><E66/><V92/><F92/><W61/><G34/><T52/><D38/><U119/><E119/><V43/><F43/><W56/><G6/><T128/><D128/><U107/><E107/><V90/><F20/><W10/><G42/><T132/><D36/><U57/><E71/><V89/><F2/><W23/><G10/><T69/><D132/><U13/><E0/><V4/><F4/><W83/><G68/><T121/><D121/><U76/><E76/><V135/><F135/><W7/><G7/><T64/><REACH who="0" step="1"/><D88/><REACH who="0" ten="240,250,250,250" step="2"/><N who="2" m="33898" /><F80/><W108/><G108/><T93/><D93/><U74/><E74/><V115/><F115/><W127/><G127/><AGARI ba="0,1" hai="21,25,29,104,105,106,120,123,125,126,127" m="33898" machi="127" ten="40,2600,0" yaku="18,1,54,1" doraHai="32" who="2" fromWho="3" sc="240,0,250,0,250,36,250,-26" /><INIT seed="1,0,0,2,0,66" ten="240,250,286,224" oya="1" hai0="54,107,49,71,122,76,77,21,46,102,32,3,69" hai1="133,1,10,27,25,109,96,30,84,105,26,100,92" hai2="118,114,6,94,85,116,108,56,33,8,34,82,11" hai3="111,95,20,48,13,89,90,70,38,103,112,119,106"/><U2/><E133/><V127/><F108/><W91/><G112/><T5/><D32/><U39/><E39/><V0/><F94/><W115/><G115/><T130/><D3/><U135/><E135/><V51/><F114/><W47/><G38/><T73/><D5/><U65/><E109/><V36/><F36/><W17/><G111/><T68/><D130/><U22/><E65/><V113/><F127/><W72/><G72/><T50/><D122/><U81/><E105/><V28/><F113/><W123/><G123/><T29/><D107/><U55/><E55/><V75/><F75/><W31/><G119/><T99/><D73/><U63/><E63/><V132/><F132/><W19/><G106/><T121/><D121/><U86/><E86/><V124/><F124/><W35/><G70/><T43/><D99/><U23/><E10/><N who="2" m="2375" /><F28/><W83/><G83/><T44/><REACH who="0" step="1"/><D102/><REACH who="0" ten="230,250,286,224" step="2"/><U9/><E1/><V4/><F33/><W12/><G35/><T40/><D40/><U7/><REACH who="1" step="1"/><E23/><REACH who="1" ten="230,240,286,224" step="2"/><V129/><F118/><W78/><G20/><T126/><D126/><U18/><E18/><V52/><F116/><W117/><G117/><T128/><D128/><U24/><E24/><AGARI ba="0,2" hai="21,24,29,43,44,46,49,50,54,68,69,71,76,77" machi="24" ten="40,8000,1" yaku="1,1,52,3,53,0" doraHai="66" doraHaiUra="58" who="0" fromWho="1" sc="230,100,240,-80,286,0,224,0" /><INIT seed="2,0,0,4,3,24" ten="330,160,286,224" oya="2" hai0="3,31,93,102,112,2,106,71,23,94,21,75,92" hai1="77,117,10,9,59,8,76,12,7,16,11,34,17" hai2="57,110,54,40,133,58,67,121,27,26,118,73,15" hai3="129,120,83,108,20,63,130,115,5,38,47,123,114"/><V124/><F118/><W43/><G5/><T70/><D75/><U87/><E117/><V90/><F121/><N who="3" m="46667" /><G20/><T4/><D112/><N who="3" m="43049" /><G83/><T41/><D41/><U96/><E34/><V79/><F79/><W132/><G108/><T104/><D4/><U84/><E96/><V50/><F73/><W99/><G99/><T66/><D66/><U86/><REACH who="1" step="1"/><E59/><REACH who="1" ten="330,150,286,224" step="2"/><V53/><F58/><W128/><G63/><T65/><D71/><U0/><E0/><V119/><F57/><W39/><G132/><T98/><D2/><U55/><E55/><V111/><F54/><W35/><G35/><T74/><D3/><U103/><E103/><V32/><F53/><W56/><G56/><T80/><D102/><U52/><E52/><V134/><F32/><W78/><G78/><AGARI ba="0,1" hai="7,8,9,10,11,12,16,17,76,77,78,84,86,87" machi="78" ten="40,8000,1" yaku="1,1,8,1,54,1,53,1" doraHai="24" doraHaiUra="1" who="1" fromWho="3" sc="330,0,150,90,286,0,224,-80" /><INIT seed="3,0,0,4,3,72" ten="330,240,286,144" oya="3" hai0="7,32,127,126,12,78,52,96,95,37,87,43,42" hai1="3,98,134,4,70,61,38,79,102,114,19,88,107" hai2="92,118,39,16,26,34,124,23,122,21,33,36,58" hai3="99,123,101,133,75,14,85,110,6,47,29,116,56"/><W30/><G116/><T9/><D32/><U117/><E114/><V106/><F118/><W49/><G75/><T67/><D67/><U18/><E38/><V27/><F106/><W22/><G123/><T62/><D37/><U8/><E134/><V59/><F124/><N who="0" m="47658" /><D62/><U57/><E70/><V17/><REACH who="2" step="1"/><F92/><REACH who="2" ten="330,240,276,144" step="2"/><N who="3" m="58599" /><G133/><T115/><D95/><U135/><E135/><V121/><AGARI ba="0,1" hai="16,17,21,23,26,27,33,34,36,39,58,59,121,122" machi="121" ten="25,8000,1" yaku="1,1,0,1,22,2,54,1,53,0" doraHai="72" doraHaiUra="74" who="2" fromWho="2" sc="330,-20,240,-20,276,90,144,-40" owari="310,11.0,220,-18.0,366,46.6,104,-39.6" /></mjloggm>