<mjloggm ver="2.3"><GO type="225" lobby="0"/><UN n0="%E3%81%84%E3%81%AA%E3%81%97%E3%82%93%E3%80%82" n1="%E7%BD%AA%E5%88%91%E6%B3%95%E5%AE%9A%E4%B8%BB%E7%BE%A9" n2="%E5%B8%86%E7%AB%8B%E5%A4%8F%E8%A1%A3" n3="%E3%81%82%E3%81%84%E3%81%82%E3%81%8A%E3%81%84" dan="16,16,16,18" rate="2155.87,2163.73,2115.06,2195.77" sx="M,M,M,M"/><TAIKYOKU oya="0"/><INIT seed="0,0,0,0,1,32" ten="250,250,250,250" oya="0" hai0="128,90,12,94,118,66,85,11,97,56,96,87,92" hai1="6,95,10,27,38,84,7,67,58,72,80,130,1" hai2="120,116,73,29,102,9,86,121,68,89,14,59,13" hai3="77,79,125,63,50,15,129,60,119,30,74,23,21"/><T34/><D118/><U57/><E38/><V135/><F116/><W61/><G119/><T106/><D128/><U48/><E130/><V43/><F68/><W37/><G37/><T47/><D34/><U114/><E7/><V91/><F135/><W104/><G104/><T88/><D106/><U4/><E6/><V20/><F73/><W17/><G129/><T45/><D66/><U113/><E72/><V33/><F33/><W49/><G125/><T126/><D56/><U133/><E133/><V78/><F102/><W83/><REACH who="3" step="1"/><G77/><REACH who="3" ten="250,250,250,240" step="2"/><T39/><D126/><U81/><E114/><V41/><F78/><W0/><G0/><T103/><D39/><U53/><E113/><V82/><F120/><W51/><G51/><T131/><D131/><U46/><E27/><AGARI ba="0,1" hai="15,17,21,23,27,30,49,50,60,61,63,74,79,83" machi="27" ten="40,2600,0" yaku="1,1,53,1" doraHai="32" doraHaiUra="75" who="3" fromWho="1" sc="250,0,250,-26,250,0,240,36" /><INIT seed="1,0,0,3,3,102" ten="250,224,250,276" oya="1" hai0="52,63,8,73,128,6,7,31,43,119,103,11,79" hai1="59,88,68,51,131,0,14,3,111,55,15,95,13" hai2="39,40,58,70,12,66,91,4,28,116,97,34,29" hai3="64,20,19,54,75,25,42,17,69,23,129,74,35"/><U82/><E68/><V41/><F116/><W48/><G35/><T124/><D119/><U117/><E117/><V18/><F70/><W101/><G129/><T26/><D128/><U38/><E131/><V16/><F4/><W120/><G120/><T86/><D73/><U44/><E82/><V115/><F115/><W96/><G42/><N who="2" m="16489" /><F34/><W110/><G110/><T92/><D43/><U9/><E38/><V60/><F39/><W56/><G64/><T50/><D63/><U49/><E111/><V130/><F130/><W32/><G32/><T134/><D134/><U78/><E78/><V45/><F45/><W125/><G125/><T71/><D71/><U84/><REACH who="1" step="1"/><E9/><REACH who="1" ten="250,214,250,276" step="2"/><N who="2" m="6159" /><F18/><W72/><G69/><T114/><D11/><U93/><E93/><AGARI ba="0,1" hai="28,29,58,60,66,91,93,97" m="6159,16489" machi="93" ten="30,2000,0" yaku="8,1,54,1" doraHai="102" who="2" fromWho="1" sc="250,0,214,-20,250,30,276,0" /><INIT seed="2,0,0,1,3,0" ten="250,194,280,276" oya="2" hai0="66,105,101,85,7,6,84,109,115,70,35,2,122" hai1="1,64,128,98,72,32,130,129,18,57,15,73,135" hai2="13,93,71,74,126,89,23,69,127,104,112,97,4" hai3="90,30,83,12,41,40,123,16,124,20,100,46,25"/><V63/><F112/><W58/><G123/><T26/><D2/><U10/><E32/><V52/><F74/><W134/><G124/><N who="2" m="47657" /><F104/><W131/><G134/><T95/><D122/><U133/><E1/><V75/><F75/><W67/><G131/><N who="1" m="33538" /><U43/><DORA hai="91" /><E43/><V5/><F23/><W38/><G41/><T36/><D36/><U118/><E118/><V65/><F71/><W55/><G100/><T110/><D115/><U81/><E81/><V61/><F13/><W56/><G67/><T121/><D121/><U31/><E31/><V48/><F63/><W77/><G90/><N who="0" m="53703" /><D85/><U103/><E64/><V92/><F92/><W120/><G55/><T44/><D44/><AGARI ba="0,0" hai="4,5,44,48,52,61,65,69,89,93,97" m="47657" machi="44" ten="30,12000,1" yaku="18,1,52,3,54,1" doraHai="0,91" who="2" fromWho="0" sc="250,-120,194,0,280,120,276,0" /><INIT seed="2,1,0,3,5,98" ten="130,194,400,276" oya="2" hai0="2,69,35,85,122,89,95,0,63,118,10,51,79" hai1="115,43,112,60,42,7,90,33,111,76,65,66,70" hai2="91,109,86,130,20,48,29,17,96,107,56,54,101" hai3="100,27,71,14,11,4,114,23,34,39,12,82,6"/><V19/><F130/><W36/><G71/><T93/><D122/><U128/><E111/><V28/><F19/><W57/><G34/><T78/><D118/><U124/><E33/><V135/><F135/><W94/><G114/><T106/><D35/><U38/><E128/><V13/><REACH who="2" step="1"/><F109/><REACH who="2" ten="130,194,390,276" step="2"/><W44/><G4/><N who="0" m="1287" /><D106/><U113/><E7/><V52/><F52/><W131/><G6/><T104/><D104/><U72/><E115/><V67/><F67/><W108/><G131/><T21/><D21/><U53/><E66/><V105/><F105/><W26/><G23/><T15/><D79/><U81/><E113/><V31/><F31/><W84/><G108/><T40/><D78/><U119/><E112/><V30/><F30/><W125/><G125/><T74/><D95/><AGARI ba="1,1" hai="13,17,20,28,29,48,54,56,86,91,95,96,101,107" machi="95" ten="30,18000,2" yaku="1,1,7,1,25,2,52,1,53,1" doraHai="98" doraHaiUra="50" who="2" fromWho="0" sc="130,-183,194,0,390,193,276,0" owari="-53,-55.3,194,-20.6,583,68.3,276,7.6" /></mjloggm>