<mjloggm ver="2.3"><GO type="225" lobby="0"/><UN n0="%E7%B4%94%E6%BD%94%E3%83%94%E3%83%A9%E3%83%8B%E3%82%A2" n1="%E9%B3%B3%E6%9D%B1%E3%81%AE%E3%81%86%E3%81%95%E3%81%8E%E3%81%95%E3%82%93" n2="%E3%81%B8%E3%82%80%E3%81%B8%E3%82%80%EF%BC%92%E5%8F%B7" n3="%33%74%72%65%65" dan="17,17,16,16" rate="2212.83,2247.34,2120.59,2099.46" sx="M,M,M,F"/><TAIKYOKU oya="0"/><INIT seed="0,0,0,1,4,38" ten="250,250,250,250" oya="0" hai0="22,82,16,30,99,15,7,60,0,19,55,116,57" hai1="54,46,37,65,121,120,72,98,6,127,9,111,80" hai2="107,89,4,126,90,13,39,28,102,66,105,12,78" hai3="97,106,79,18,100,48,11,76,1,85,84,104,75"/><T3/><D116/><U52/><E65/><V94/><F39/><W88/><G106/><T64/><D7/><U86/><E111/><V114/><F114/><W43/><G75/><T58/><D30/><U21/><E127/><V122/><F122/><W14/><G1/><T26/><D82/><U36/><E21/><V109/><F109/><W29/><G29/><T125/><D125/><U31/><E31/><V62/><F78/><W103/><G103/><T25/><D99/><U47/><E98/><V41/><F28/><W73/><G84/><T8/><REACH who="0" step="1"/><D25/><REACH who="0" ten="240,250,250,250" step="2"/><U115/><E6/><V40/><F4/><W71/><G73/><T128/><D128/><U2/><E80/><V61/><F126/><W134/><G134/><T74/><D74/><U32/><E72/><V132/><F132/><W133/><G133/><T91/><D91/><U20/><E121/><V87/><F87/><W24/><G24/><T117/><D117/><U33/><E120/><V27/><F27/><W83/><REACH who="3" step="1"/><G71/><REACH who="3" ten="240,250,250,240" step="2"/><T112/><D112/><U50/><E115/><V53/><F102/><W118/><G118/><T17/><D17/><U92/><E86/><V49/><F105/><W81/><G81/><T135/><D135/><U129/><E129/><V113/><F107/><W130/><G130/><T34/><D34/><U10/><E32/><V69/><F113/><W108/><G108/><T110/><D110/><U56/><E33/><V44/><F69/><W67/><G67/><T45/><D45/><AGARI ba="0,2" hai="11,14,18,43,45,48,76,79,83,85,88,97,100,104" machi="45" ten="40,8000,1" yaku="1,1,52,1,54,1,53,1" doraHai="38" doraHaiUra="101" who="3" fromWho="0" sc="240,-80,250,0,250,0,240,100" /><INIT seed="1,0,0,3,5,102" ten="160,250,250,340" oya="1" hai0="76,103,121,126,41,108,91,94,14,112,46,83,7" hai1="106,30,60,61,49,51,123,3,4,55,44,130,59" hai2="115,25,98,124,11,96,0,125,133,6,86,43,13" hai3="134,78,82,20,89,1,99,80,18,118,53,114,19"/><U33/><E123/><V129/><F129/><W67/><G114/><T104/><D112/><U71/><E130/><V87/><F115/><W16/><G134/><T39/><D121/><U42/><E71/><V12/><F43/><W5/><G67/><T52/><D108/><U97/><E3/><V116/><F116/><W105/><G118/><T58/><D126/><N who="2" m="48746" /><F25/><W17/><G1/><T74/><D7/><U8/><E33/><V21/><F133/><W24/><G5/><T119/><D14/><N who="2" m="5738" /><F21/><W28/><G28/><T56/><D119/><U122/><E30/><V15/><N who="2" m="5746" /><V34/><DORA hai="73" /><F34/><W69/><G19/><T31/><D31/><U92/><E122/><V110/><F110/><W93/><G20/><T48/><D103/><U47/><E4/><V54/><F54/><W72/><G24/><T95/><D104/><U132/><E106/><V85/><AGARI ba="0,0" hai="0,6,11,85,86,87,96,98" m="5746,48746" machi="85" ten="40,1500,0" yaku="18,1" doraHai="102,73" who="2" fromWho="2" sc="160,-4,250,-7,250,15,340,-4" /><INIT seed="2,0,0,1,1,93" ten="156,243,265,336" oya="2" hai0="126,86,71,95,105,43,36,92,59,57,132,89,6" hai1="74,78,47,30,69,17,27,51,107,133,77,21,25" hai2="40,3,32,39,100,80,16,88,103,113,42,33,20" hai3="72,63,125,4,48,129,115,110,50,8,98,75,7"/><V118/><F113/><W123/><G123/><T116/><D105/><U64/><E107/><V49/><F118/><W35/><G115/><T114/><D71/><U96/><E133/><V38/><F3/><W99/><G35/><T19/><D132/><U44/><E69/><V1/><F1/><W15/><G110/><T104/><D104/><U34/><E64/><V73/><F73/><W117/><G117/><T130/><D116/><U134/><E134/><V109/><F109/><W128/><G63/><T52/><D6/><U120/><E120/><V12/><F39/><W26/><G26/><T45/><D126/><U56/><E56/><V119/><F38/><W58/><G58/><T66/><D130/><U61/><E61/><V131/><F131/><N who="3" m="50251" /><G4/><T127/><D127/><U82/><E77/><V91/><F119/><W70/><G70/><T108/><D108/><U87/><E74/><N who="3" m="28202" /><G125/><T101/><D114/><U121/><E121/><V24/><F32/><W62/><G62/><T10/><D57/><U37/><E37/><V111/><F111/><W106/><G106/><T84/><D66/><U112/><E112/><V67/><F67/><W135/><G135/><T31/><D31/><U22/><E34/><V18/><F33/><W46/><G50/><N who="0" m="31127" /><D19/><U85/><E47/><N who="2" m="25831" /><F42/><AGARI ba="0,0" hai="7,8,15,42,46,48,98,99" m="28202,50251" machi="42" ten="30,3900,0" yaku="19,1,52,2" doraHai="93" who="3" fromWho="2" sc="156,0,243,0,265,-39,336,39" /><INIT seed="3,0,0,2,3,100" ten="156,243,226,375" oya="3" hai0="58,99,48,112,109,72,120,8,1,34,135,87,96" hai1="23,80,17,65,3,26,40,33,24,10,94,60,43" hai2="106,85,54,0,64,79,37,129,51,13,25,78,121" hai3="31,74,107,92,69,38,63,49,56,53,123,15,59"/><W131/><G107/><T81/><D120/><U108/><E108/><V124/><F0/><W42/><G74/><T115/><D34/><U44/><E80/><V4/><F37/><W22/><G92/><T84/><D1/><U83/><E83/><V90/><F106/><W77/><G77/><N who="0" m="44199" /><D8/><U122/><E122/><V86/><F121/><W6/><G31/><T95/><D48/><U16/><E94/><V128/><F64/><W119/><G49/><T70/><D58/><N who="1" m="37015" /><E3/><V98/><F25/><N who="1" m="9833" /><E33/><V134/><F98/><W36/><G15/><T117/><D70/><U52/><E10/><N who="2" m="4295" /><F86/><N who="0" m="32810" /><D109/><U47/><E17/><V57/><F57/><W71/><G59/><T89/><D117/><U103/><E52/><V45/><F45/><N who="1" m="17481" /><E103/><V30/><F30/><W76/><G22/><T132/><D99/><U5/><E5/><V105/><F51/><W21/><G63/><T91/><D89/><U93/><E23/><V111/><F90/><W66/><G66/><T104/><D104/><U133/><E16/><V101/><F105/><W73/><G38/><T32/><D32/><U14/><E14/><V75/><F111/><W114/><G36/><T127/><D127/><U126/><E126/><V110/><F110/><W39/><G39/><T68/><D68/><U11/><E11/><V7/><F124/><W50/><G69/><T46/><D46/><U61/><E61/><V102/><F7/><W18/><G6/><T62/><D62/><U12/><E12/><V67/><F67/><W130/><G71/><T41/><D41/><U27/><N who="1" m="9841" /><U82/><DORA hai="19" /><E40/><V88/><F54/><RYUUKYOKU ba="0,0" sc="156,30,243,-10,226,-10,375,-10" hai0="91,95,96,112,115,132,135" owari="186,-31.4,233,3.3,216,-18.4,365,46.5" /></mjloggm>