<mjloggm ver="2.3"><GO type="225" lobby="0"/><UN n0="%E6%A0%B9%E5%85%83%E3%81%8B%E3%82%89%E5%90%B9%E3%81%A3%E9%A3%9B%E3%81%B6" n1="%E3%82%BC%E3%83%AB%E3%83%80%E3%81%AE%E4%BC%9D%E8%AA%AC" n2="%E3%81%B5%E3%81%98%E3%81%8B%E3%81%A4" n3="%E9%8A%80%E3%81%B0%E3%81%95%E3%81%BF" dan="17,17,17,17" rate="2165.13,2226.86,2208.84,2144.61" sx="F,M,M,M"/><TAIKYOKU oya="0"/><INIT seed="0,0,0,4,4,122" ten="250,250,250,250" oya="0" hai0="129,71,32,72,9,86,115,48,6,55,128,33,51" hai1="24,114,103,38,117,102,83,0,39,29,93,125,59" hai2="7,118,62,34,104,81,131,97,90,13,98,11,77" hai3="120,4,16,22,73,21,37,42,56,10,84,63,12"/><T41/><D72/><U112/><E117/><V65/><F131/><N who="0" m="50250" /><D71/><U127/><E0/><V92/><F118/><W89/><G120/><T36/><D115/><N who="1" m="44075" /><E59/><V52/><F34/><N who="0" m="13418" /><D55/><U43/><E83/><V69/><F104/><W25/><G73/><T67/><D67/><U3/><E3/><V58/><F98/><W47/><G25/><T101/><D101/><N who="1" m="38411" /><E93/><V82/><REACH who="2" step="1"/><F77/><REACH who="2" ten="250,250,240,250" step="2"/><W54/><REACH who="3" step="1"/><G4/><REACH who="3" ten="250,250,240,240" step="2"/><T134/><D6/><U110/><E125/><V85/><F85/><W99/><G99/><T75/><D86/><U50/><E127/><V107/><F107/><W135/><G135/><T49/><D75/><U61/><E24/><V74/><F74/><W100/><G100/><T20/><D134/><U130/><E130/><V88/><F88/><W126/><G126/><T113/><D113/><U14/><E110/><V79/><F79/><W35/><G35/><T44/><D20/><U57/><E39/><V133/><F133/><W45/><G45/><N who="0" m="23719" /><D9/><U66/><E38/><V91/><F91/><W53/><G53/><T2/><D2/><U19/><E43/><V8/><F8/><W95/><AGARI ba="0,2" hai="10,12,16,21,22,37,42,47,54,56,63,84,89,95" machi="95" ten="20,5200,0" yaku="1,1,0,1,7,1,54,1,53,0" doraHai="122" doraHaiUra="76" who="3" fromWho="3" sc="250,-26,250,-13,240,-13,240,72" /><INIT seed="1,0,0,5,1,132" ten="224,237,227,312" oya="1" hai0="62,16,100,91,110,68,87,21,14,73,45,84,123" hai1="2,36,54,23,105,41,112,103,0,94,96,109,49" hai2="48,75,111,24,53,130,26,118,46,119,128,1,38" hai3="11,99,18,3,101,135,120,63,116,74,42,7,59"/><U33/><E33/><V86/><F1/><W72/><G120/><T126/><D110/><U115/><E109/><V4/><F75/><W30/><G135/><T129/><D73/><U66/><E66/><V76/><F111/><W70/><G70/><T13/><D129/><N who="2" m="49770" /><F4/><W93/><G116/><N who="2" m="44585" /><F38/><W25/><G18/><T95/><D123/><U58/><E105/><V127/><F127/><W12/><G42/><T65/><D126/><U67/><E67/><V107/><F107/><W29/><G3/><T98/><D45/><U20/><E2/><V52/><F53/><W90/><G90/><T19/><REACH who="0" step="1"/><D91/><REACH who="0" ten="214,237,227,312" step="2"/><U39/><E115/><V69/><F69/><W85/><G74/><T51/><D51/><U134/><E112/><V31/><F31/><W97/><G72/><T15/><D15/><U117/><E117/><V122/><F122/><W60/><G30/><T61/><D61/><U35/><E0/><V121/><F121/><W83/><G63/><T34/><D34/><U106/><E35/><V47/><F47/><W102/><G29/><T71/><D71/><U125/><E125/><V32/><F32/><W92/><G60/><T88/><D88/><U131/><E131/><V104/><F104/><W37/><G37/><T133/><D133/><U44/><E134/><V78/><F78/><W108/><G108/><T28/><D28/><U43/><E106/><V81/><AGARI ba="0,1" hai="24,26,46,48,52,76,81,86" m="44585,49770" machi="81" ten="40,2700,0" yaku="19,1,54,1" doraHai="132" who="2" fromWho="2" sc="214,-7,237,-13,227,37,312,-7" /><INIT seed="2,0,0,0,5,66" ten="207,224,264,305" oya="2" hai0="60,126,103,65,61,38,62,49,108,26,54,89,44" hai1="52,110,57,104,87,96,64,15,25,34,107,24,132" hai2="106,27,129,78,45,79,3,0,8,4,105,73,30" hai3="63,122,53,98,127,37,86,120,111,2,20,84,95"/><V59/><F129/><W113/><G2/><T13/><D103/><U82/><E110/><V50/><F0/><W112/><G37/><T135/><D108/><U75/><E75/><V22/><F59/><N who="3" m="35311" /><G111/><T29/><D126/><U80/><E132/><V115/><F115/><N who="3" m="44107" /><G20/><N who="0" m="15559" /><D135/><U124/><E64/><V28/><F28/><W1/><G1/><T117/><D117/><U35/><E15/><V68/><F68/><W18/><G18/><T123/><D38/><U36/><E36/><V72/><F72/><W11/><G11/><T94/><D123/><N who="3" m="47145" /><G127/><T97/><D13/><U12/><E12/><V9/><F9/><W47/><G47/><N who="0" m="27967" /><D65/><U76/><E124/><V125/><F125/><W101/><AGARI ba="0,0" hai="84,86,95,98,101" m="47145,44107,35311" machi="101" ten="30,1100,0" yaku="11,1" doraHai="66" who="3" fromWho="3" sc="207,-3,224,-3,264,-5,305,11" /><INIT seed="3,0,0,2,5,75" ten="204,221,259,316" oya="3" hai0="80,63,40,114,123,129,28,60,71,36,109,49,95" hai1="68,116,8,84,72,100,59,57,103,133,117,107,78" hai2="38,13,4,67,10,83,111,27,47,44,3,96,81" hai3="128,86,64,12,29,119,76,0,11,101,25,125,26"/><W6/><G119/><N who="1" m="45642" /><E133/><V34/><F111/><W127/><G128/><T82/><D123/><U43/><E68/><V94/><F67/><W31/><G101/><N who="1" m="38986" /><E107/><V104/><F104/><W87/><G64/><T39/><D109/><U126/><E126/><N who="3" m="48138" /><G0/><T106/><D106/><U118/><E118/><V52/><F3/><W17/><G6/><T15/><D71/><U122/><E122/><V131/><F131/><W14/><G14/><T102/><D129/><U53/><E43/><V73/><F34/><N who="3" m="20783" /><G76/><T120/><D120/><U48/><E8/><V5/><F10/><W93/><G93/><T22/><D114/><U97/><E97/><V98/><F96/><W7/><G7/><T21/><D102/><U45/><E72/><V46/><F73/><W132/><G132/><T18/><D95/><U90/><E78/><V23/><F98/><W35/><AGARI ba="0,0" hai="11,12,17,26,31,35,86,87" m="20783,48138" machi="35" ten="30,1500,0" yaku="18,1" doraHai="75" who="3" fromWho="3" sc="204,-5,221,-5,259,-5,316,15" owari="199,-30.1,216,-18.4,254,5.4,331,43.1" /></mjloggm>