<mjloggm ver="2.3"><GO type="225" lobby="0"/><UN n0="%E5%B0%8F%E9%B3%A5%E9%81%8A%E7%B7%B4%E7%84%A1%32%31%E6%AD%B3" n1="%6B%79%6F%6E%6B%6F%31%31" n2="%E9%80%86%E9%80%A3%E5%B8%AF%E3%81%AE%E9%AC%BC" n3="%E6%9D%B1%E9%A2%A8%E3%81%AE%E3%81%8D%E3%82%83%E3%81%B7%E3%81%95%E3%82%93" dan="16,16,17,17" rate="2167.82,2151.79,2153.26,2176.02" sx="F,M,M,M"/><TAIKYOKU oya="0"/><INIT seed="0,0,0,3,1,4" ten="250,250,250,250" oya="0" hai0="19,133,99,121,123,97,1,13,18,126,39,34,38" hai1="27,41,6,125,63,47,44,116,8,96,111,115,113" hai2="42,135,54,110,112,16,40,73,15,87,65,64,75" hai3="129,49,89,66,23,124,102,119,29,85,104,106,107"/><T84/><D84/><U81/><E116/><V100/><F112/><N who="1" m="43081" /><E111/><V91/><F110/><W92/><G119/><T120/><D1/><N who="1" m="79" /><E125/><V78/><F135/><W71/><G129/><T77/><D34/><U128/><E128/><V32/><F32/><W134/><G134/><T86/><D133/><U0/><E0/><V79/><F100/><W20/><G124/><T94/><D126/><U70/><E27/><V33/><F33/><W127/><G127/><T103/><D97/><U26/><E26/><V60/><F54/><W21/><G49/><T69/><D69/><U5/><E5/><V28/><F28/><W62/><REACH who="3" step="1"/><G102/><REACH who="3" ten="250,250,250,240" step="2"/><T12/><D38/><U67/><E41/><V37/><F42/><W95/><G95/><T114/><D39/><U83/><E96/><V131/><F40/><W17/><G17/><T57/><D19/><U52/><E44/><V98/><F131/><W14/><G14/><T3/><D12/><U74/><E74/><V105/><F15/><W50/><G50/><AGARI ba="0,1" hai="47,50,52,63,67,70,81,83" m="79,43081" machi="50" ten="30,3900,0" yaku="11,1,52,1,54,1" doraHai="4" who="1" fromWho="3" sc="250,0,250,49,250,0,240,-39" /><INIT seed="1,0,0,5,3,132" ten="250,299,250,201" oya="1" hai0="70,66,62,124,3,106,93,73,112,15,110,91,14" hai1="44,55,31,74,131,130,22,57,120,101,8,47,13" hai2="116,1,39,38,83,7,81,103,105,114,134,65,56" hai3="71,50,42,21,20,95,45,108,29,64,12,6,123"/><U121/><E74/><V68/><F134/><W5/><G123/><N who="1" m="47178" /><E101/><V119/><F114/><W63/><G108/><T35/><D112/><U92/><E92/><V126/><F56/><W43/><G43/><T28/><D73/><U87/><E87/><V59/><F59/><W26/><REACH who="3" step="1"/><G95/><REACH who="3" ten="250,299,250,191" step="2"/><T100/><D110/><U128/><E31/><V0/><F119/><W125/><G125/><T97/><D3/><U37/><E37/><V122/><F116/><W24/><G24/><N who="0" m="18823" /><D124/><U129/><E129/><V30/><F126/><W25/><G25/><T118/><D118/><U41/><E41/><V113/><F39/><W102/><G102/><T2/><D2/><U54/><E54/><V52/><F0/><W80/><G80/><T86/><AGARI ba="0,1" hai="14,15,62,66,70,86,91,93,97,100,106" m="18823" machi="86" ten="30,1100,0" yaku="25,1" doraHai="132" who="0" fromWho="0" sc="250,21,299,-5,250,-3,191,-3" /><INIT seed="2,0,0,4,0,57" ten="271,294,247,188" oya="2" hai0="100,89,134,52,75,6,104,97,0,132,1,101,129" hai1="105,73,65,114,112,123,125,8,133,79,30,96,54" hai2="18,72,25,94,17,93,109,108,26,77,62,71,10" hai3="88,102,34,36,19,106,113,99,37,50,83,120,66"/><V80/><F94/><W67/><G120/><T4/><D75/><U76/><E30/><V111/><F93/><W60/><G113/><T98/><D89/><U29/><E29/><V91/><F91/><W61/><G34/><T87/><D87/><U124/><E54/><V118/><F118/><W45/><G36/><T13/><D13/><U78/><E8/><V40/><F40/><W42/><G37/><T130/><D52/><U82/><E65/><N who="3" m="24586" /><G106/><AGARI ba="0,0" hai="0,1,4,6,97,98,100,101,104,106,129,130,132,134" machi="106" ten="25,1600,0" yaku="22,2" doraHai="57" who="0" fromWho="3" sc="271,16,294,0,247,0,188,-16" /><INIT seed="3,0,0,5,5,123" ten="287,294,247,172" oya="3" hai0="21,59,108,72,60,118,2,4,75,29,16,56,130" hai1="26,117,79,57,34,87,12,27,22,96,93,91,109" hai2="116,85,102,8,20,38,73,28,129,23,58,30,89" hai3="63,70,127,107,134,114,68,105,115,39,122,42,17"/><W84/><G17/><T104/><D118/><U83/><E109/><V128/><F73/><W45/><G122/><T74/><D29/><U131/><E131/><V37/><F116/><W35/><G84/><T120/><D120/><U54/><E34/><V81/><F102/><W62/><G35/><T86/><D104/><U133/><E133/><V64/><F8/><W95/><G95/><T9/><D108/><U103/><E117/><V124/><F124/><W106/><G127/><T24/><D130/><N who="2" m="50282" /><F30/><W25/><G25/><T13/><D86/><U110/><E110/><V43/><F43/><W18/><G18/><T92/><D92/><U76/><E12/><V5/><F5/><W19/><G19/><T99/><D99/><U47/><E47/><V132/><F132/><W50/><G134/><T135/><D135/><U33/><E33/><V55/><F64/><N who="3" m="40983" /><G50/><T78/><D78/><N who="1" m="29739" /><E22/><N who="2" m="8235" /><F28/><W15/><G15/><T94/><D94/><U31/><E31/><V10/><F10/><W0/><G0/><T61/><REACH who="0" step="1"/><D2/><REACH who="0" ten="277,294,247,172" step="2"/><U101/><E101/><V100/><F100/><W71/><G63/><RYUUKYOKU type="ron3" ba="0,1" sc="277,0,294,0,247,0,172,0" hai0="4,9,13,16,21,24,56,59,60,61,72,74,75" hai1="26,27,54,57,83,87,91,93,96,103" hai2="37,38,55,58,81,85,89" /><INIT seed="3,1,1,1,4,61" ten="277,294,247,172" oya="3" hai0="81,69,111,35,75,114,105,26,108,31,28,7,8" hai1="80,45,89,94,130,34,42,135,18,103,125,19,57" hai2="90,13,15,30,10,38,2,91,133,0,126,129,104" hai3="55,3,48,132,120,56,73,66,117,39,22,87,4"/><W46/><G73/><T64/><D31/><U127/><E34/><V37/><F104/><W124/><G120/><T67/><D114/><U16/><E130/><V17/><F133/><W82/><G132/><T109/><D69/><U25/><E135/><V12/><F129/><W128/><G128/><T93/><D105/><U23/><E57/><V134/><F134/><W102/><G117/><T115/><D115/><U47/><E80/><V21/><F126/><N who="1" m="48137" /><E103/><V107/><F107/><W51/><G124/><T6/><D93/><U101/><E101/><V36/><F30/><W54/><G39/><T40/><D40/><U59/><E59/><V71/><F71/><W85/><G102/><T88/><D6/><U11/><E11/><V122/><F122/><W86/><G22/><T24/><D24/><U118/><E118/><V78/><F78/><W84/><G3/><N who="0" m="127" /><D88/><U121/><E121/><V92/><F91/><N who="3" m="51607" /><G4/><T60/><D60/><U76/><E76/><AGARI ba="1,1" hai="26,28,35,64,67,75,76,81,108,109,111" m="127" machi="76" ten="30,3900,0" yaku="14,1,52,2" doraHai="61" who="0" fromWho="1" sc="277,52,294,-42,247,0,172,0" owari="329,42.9,252,5.2,247,-15.3,172,-32.8" /></mjloggm>