<mjloggm ver="2.3"><GO type="225" lobby="0"/><UN n0="%E3%81%99%E3%81%84%E3%81%BE%E3%81%9B%E3%83%BC%E3%82%93" n1="%E3%81%B5%E3%81%98%E3%81%8B%E3%81%A4" n2="%33%74%72%65%65" n3="%72%69%6F%75%63%68%61%6E" dan="18,17,16,16" rate="2194.42,2235.58,2104.67,2180.74" sx="M,M,F,M"/><TAIKYOKU oya="0"/><INIT seed="0,0,0,1,1,118" ten="250,250,250,250" oya="0" hai0="50,64,102,75,34,11,106,83,104,12,44,112,40" hai1="1,86,111,59,122,116,65,16,105,63,42,124,107" hai2="2,9,67,92,76,21,85,103,55,57,26,23,114" hai3="120,8,95,46,93,60,3,115,39,48,54,123,128"/><T58/><D112/><U35/><E116/><V49/><F114/><W82/><G115/><T77/><D34/><U125/><E1/><V71/><F71/><W127/><G127/><N who="1" m="48714" /><E35/><V81/><F67/><W18/><G128/><T36/><D102/><U135/><E111/><V31/><F2/><W41/><G60/><T90/><D90/><U109/><E109/><V108/><F108/><W133/><G133/><T24/><D24/><U129/><E135/><V132/><F132/><W110/><G110/><T5/><REACH who="0" step="1"/><D64/><REACH who="0" ten="240,250,250,250" step="2"/><U52/><E65/><V87/><F103/><W72/><G93/><T53/><AGARI ba="0,1" hai="5,11,12,36,40,44,50,53,58,75,77,83,104,106" machi="53" ten="30,11700,0" yaku="1,1,2,1,0,1,53,1" doraHai="118" doraHaiUra="4" who="0" fromWho="0" sc="240,127,250,-39,250,-39,250,-39" /><INIT seed="0,1,0,5,0,60" ten="367,211,211,211" oya="0" hai0="49,3,15,90,101,6,4,71,9,37,55,78,30" hai1="134,126,103,63,118,40,72,113,39,95,12,14,110" hai2="115,65,96,53,54,25,131,107,0,44,74,61,33" hai3="51,52,48,38,17,127,34,24,59,79,32,68,99"/><T27/><D71/><U7/><E72/><V50/><F115/><W132/><G38/><T114/><D37/><U70/><E118/><V56/><F131/><W16/><G68/><T97/><D114/><U77/><E113/><V13/><F0/><W11/><G127/><T5/><D90/><U125/><E77/><V64/><F74/><W104/><G132/><T135/><D78/><U89/><E134/><V36/><F36/><W43/><G79/><T28/><D135/><U21/><E7/><V84/><F84/><W81/><G81/><T10/><D6/><U91/><E103/><V29/><REACH who="2" step="1"/><F13/><REACH who="2" ten="367,211,201,211" step="2"/><W75/><G75/><T35/><D3/><U62/><E12/><V19/><F19/><W94/><G11/><T105/><D30/><U73/><E14/><V109/><F109/><W122/><G122/><T87/><D10/><U92/><E110/><V20/><F20/><W41/><G32/><T80/><D15/><U98/><E21/><V46/><F46/><W18/><G34/><T128/><D9/><U86/><E73/><V112/><F112/><W121/><G121/><T88/><D128/><U93/><E126/><V57/><F57/><AGARI ba="1,1" hai="4,5,27,28,35,49,55,57,80,87,88,97,101,105" machi="57" ten="30,2900,0" yaku="7,1,54,1" doraHai="60" who="0" fromWho="2" sc="367,42,211,0,201,-32,211,0" /><INIT seed="0,2,0,3,3,50" ten="409,211,169,211" oya="0" hai0="34,115,93,44,104,25,38,11,84,6,49,54,68" hai1="10,47,3,108,15,12,64,5,95,125,22,79,114" hai2="24,59,109,113,0,4,58,73,122,127,106,96,66" hai3="55,20,129,91,105,83,133,88,120,102,17,51,27"/><T63/><D115/><U85/><E114/><V40/><F113/><W87/><G129/><T23/><D104/><U75/><E64/><V43/><F73/><W94/><G133/><T39/><D34/><U52/><E125/><V117/><F122/><W48/><G120/><T124/><D124/><U111/><E75/><V103/><F127/><W72/><G105/><T2/><D68/><U130/><E130/><V128/><F128/><W33/><G102/><T45/><D63/><U119/><E22/><V69/><F109/><N who="1" m="42057" /><E119/><V126/><F126/><W14/><G72/><T135/><D45/><U100/><E100/><V28/><F117/><W61/><G33/><T29/><D135/><U101/><E79/><V21/><F69/><W36/><G36/><T86/><D39/><U81/><E81/><V31/><F31/><W19/><G61/><T8/><D38/><U107/><E107/><V121/><F121/><W37/><G37/><T56/><D29/><U60/><E85/><V74/><F74/><W67/><G67/><T110/><D86/><U71/><E71/><V90/><F90/><W132/><G132/><T62/><D110/><U92/><E47/><V78/><F78/><N who="3" m="46583" /><G94/><N who="1" m="35882" /><E101/><V118/><F118/><W9/><G48/><T26/><D93/><U7/><E7/><V112/><F112/><W53/><G51/><T46/><D49/><U70/><E70/><V41/><F66/><W82/><G82/><T77/><D77/><U97/><E97/><V35/><F35/><W1/><G1/><T18/><D2/><U76/><E76/><V30/><F30/><W32/><G32/><RYUUKYOKU ba="2,0" sc="409,-30,211,10,169,10,211,10" hai1="3,5,10,12,15,52,60" hai2="0,4,21,24,28,40,41,43,58,59,96,103,106" hai3="9,14,17,19,20,27,53,55,88,91" /><INIT seed="1,3,0,5,1,53" ten="379,221,179,221" oya="1" hai0="111,26,65,52,0,20,122,123,106,84,45,10,77" hai1="18,119,23,59,22,104,24,27,16,31,81,60,68" hai2="87,46,121,63,92,55,131,8,64,3,86,40,94" hai3="114,93,67,66,82,56,98,61,108,32,54,58,48"/><U49/><E119/><V117/><F117/><W30/><G114/><T96/><D111/><U7/><E104/><V2/><F121/><W105/><G105/><T34/><D34/><U41/><E68/><V37/><F131/><W13/><G108/><T36/><D65/><U73/><E7/><V72/><F72/><W120/><G120/><T127/><D127/><U5/><E5/><V135/><F135/><W95/><G95/><T113/><D113/><U88/><E73/><V43/><F8/><W110/><G110/><T80/><D10/><U28/><E49/><V75/><F75/><W107/><G107/><T133/><D0/><U103/><E103/><V97/><F55/><N who="3" m="31847" /><G32/><T125/><D125/><U1/><E41/><V78/><F40/><W33/><G33/><T134/><D122/><U112/><E1/><V17/><F92/><W132/><G30/><T35/><D35/><U109/><E112/><V12/><F78/><W6/><G82/><T74/><D74/><U29/><E29/><V9/><F3/><W129/><G132/><T79/><D123/><U44/><E44/><V15/><F2/><W85/><G85/><T51/><D36/><U115/><E115/><V70/><REACH who="2" step="1"/><F15/><REACH who="2" ten="379,221,169,221" step="2"/><W128/><G128/><T11/><D134/><U130/><E130/><V62/><F62/><W101/><G129/><T25/><D133/><U47/><E109/><V42/><F42/><W71/><G71/><T38/><D106/><U90/><E60/><V50/><F50/><W116/><G116/><T118/><D118/><U4/><E81/><V76/><F76/><N who="0" m="29258" /><D80/><U57/><E4/><RYUUKYOKU ba="3,1" sc="379,-30,221,10,169,10,221,10" hai1="16,18,22,23,24,27,28,31,47,57,59,88,90" hai2="9,12,17,37,43,46,63,64,70,86,87,94,97" hai3="6,13,54,58,61,66,67,93,98,101" /><INIT seed="1,4,1,4,3,10" ten="349,231,179,231" oya="1" hai0="113,36,98,102,65,126,81,107,128,73,79,90,59" hai1="13,48,54,85,63,111,41,21,92,78,24,61,82" hai2="40,100,5,28,18,30,114,25,117,91,60,64,53" hai3="121,55,135,84,43,6,83,131,26,42,27,76,101"/><U106/><E106/><V16/><F117/><W19/><G121/><T47/><D113/><U125/><E125/><V94/><F114/><W17/><G131/><T103/><D128/><U66/><E111/><V89/><F40/><W32/><G135/><T80/><D126/><U12/><E41/><N who="3" m="15370" /><G32/><T124/><D124/><U46/><E92/><V116/><F116/><W120/><G120/><T15/><D47/><U72/><E72/><V39/><F39/><W68/><G68/><T115/><D36/><U122/><E122/><V133/><F133/><W49/><G101/><T97/><D115/><U62/><REACH who="1" step="1"/><E66/><REACH who="1" ten="349,221,179,231" step="2"/><V87/><F64/><W20/><G6/><T108/><D108/><U118/><E118/><V8/><F5/><W37/><G37/><T50/><D65/><U44/><E44/><V69/><F94/><W123/><G123/><T109/><D73/><U119/><E119/><V88/><F87/><W45/><G17/><AGARI ba="4,2" hai="12,13,17,21,24,46,48,54,61,62,63,78,82,85" machi="17" ten="40,12000,1" yaku="1,1,8,1,52,2,53,0" doraHai="10" doraHaiUra="33" who="1" fromWho="3" sc="349,0,221,152,179,0,231,-132" /><INIT seed="1,5,0,4,1,74" ten="349,373,179,99" oya="1" hai0="37,118,52,102,135,88,7,54,103,76,129,2,50" hai1="63,78,9,84,13,91,96,105,35,47,101,134,18" hai2="95,90,16,26,55,24,79,49,41,86,89,53,120" hai3="113,62,115,82,121,61,4,111,0,81,3,104,59"/><U21/><E134/><V40/><F120/><W34/><G34/><T27/><D118/><U126/><E35/><V48/><F95/><W93/><G104/><T72/><D37/><U100/><E126/><V70/><F70/><W130/><G121/><T132/><D129/><U17/><E101/><V23/><F79/><W97/><G4/><T38/><D38/><U20/><E63/><N who="3" m="24074" /><G93/><T122/><D122/><U57/><E57/><V75/><F75/><W108/><G59/><T46/><D54/><U117/><E117/><V123/><F123/><W77/><G97/><T19/><D7/><U39/><E78/><V106/><F106/><W56/><G56/><T69/><D2/><N who="3" m="553" /><G130/><T5/><D5/><U11/><E39/><V116/><F116/><W25/><G25/><T127/><D69/><U30/><E30/><V43/><F43/><W6/><G6/><T98/><D127/><U80/><REACH who="1" step="1"/><E47/><REACH who="1" ten="349,363,179,99" step="2"/><V125/><F125/><W45/><G45/><T64/><D46/><U29/><E29/><V14/><F49/><W42/><G77/><T71/><D76/><U107/><E107/><V60/><F48/><W58/><G58/><T124/><D124/><U109/><E109/><N who="3" m="42058" /><G42/><T92/><D50/><U119/><E119/><V22/><F60/><W33/><G33/><T133/><D133/><U94/><E94/><V73/><F41/><W68/><G68/><T128/><D135/><U114/><E114/><AGARI ba="5,1" hai="81,82,113,114,115" m="42058,553,24074" machi="114" ten="40,5200,0" yaku="28,2,14,1" doraHai="74" who="3" fromWho="1" sc="349,0,363,-67,179,0,99,77" /><INIT seed="2,0,0,2,4,41" ten="349,296,179,176" oya="2" hai0="93,91,112,46,25,108,19,53,109,107,85,78,35" hai1="37,115,96,105,21,0,3,42,102,30,103,100,75" hai2="130,97,111,76,39,126,1,38,11,69,99,77,13" hai3="125,117,48,45,88,68,26,134,9,116,120,72,106"/><V128/><F1/><W33/><G120/><T15/><D107/><U7/><E115/><V70/><F13/><W14/><G72/><T98/><D112/><U132/><E75/><V24/><F11/><W16/><G68/><N who="2" m="26217" /><F24/><W22/><G125/><T114/><D114/><U4/><E132/><V89/><F89/><W86/><G134/><T135/><D135/><U57/><E21/><V127/><F111/><W84/><G106/><T8/><D35/><U20/><E20/><V56/><F56/><W74/><G74/><T131/><D25/><U52/><E30/><V49/><F49/><W55/><G33/><T73/><D73/><U61/><E7/><V40/><F97/><W81/><G86/><T71/><D71/><U122/><E122/><V32/><F99/><W36/><G36/><N who="2" m="13865" /><F40/><W110/><G110/><T34/><D109/><U6/><E6/><AGARI ba="0,0" hai="6,9,14,16,22,26,45,48,55,81,84,88,116,117" machi="6" ten="30,7700,0" yaku="7,1,52,1,54,2" doraHai="41" who="3" fromWho="1" sc="349,0,296,-77,179,0,176,77" /><INIT seed="3,0,0,4,3,0" ten="349,219,179,253" oya="3" hai0="44,83,63,84,5,103,101,64,38,68,14,54,93" hai1="107,48,113,21,124,99,88,66,87,56,11,17,79" hai2="18,12,4,114,15,117,58,134,60,51,125,72,9" hai3="53,131,111,95,135,94,118,92,75,59,120,122,57"/><W76/><G118/><T8/><D93/><N who="1" m="56743" /><E107/><V128/><F114/><W121/><G131/><T127/><D127/><U32/><E124/><V65/><F125/><W24/><G135/><T46/><D46/><U37/><E113/><V27/><F128/><W116/><G116/><T42/><D54/><N who="1" m="31815" /><E32/><V47/><F117/><W6/><G111/><T106/><D106/><U52/><E37/><V123/><F134/><W33/><G53/><T109/><D109/><U3/><E3/><V112/><F112/><W49/><G49/><T26/><D26/><N who="1" m="14639" /><E66/><V13/><F72/><W100/><G100/><T31/><D31/><U67/><E67/><V2/><F123/><W130/><G130/><T30/><D30/><U70/><E70/><V45/><REACH who="2" step="1"/><F51/><REACH who="2" ten="349,219,169,253" step="2"/><W69/><G122/><T29/><D38/><U1/><E1/><V115/><F115/><W96/><G121/><T36/><D36/><U71/><E71/><V20/><AGARI ba="0,1" hai="2,4,9,12,13,15,18,20,27,45,47,58,60,65" machi="20" ten="30,7900,0" yaku="1,1,0,1,52,1,53,1" doraHai="0" doraHaiUra="62" who="2" fromWho="2" sc="349,-20,219,-20,169,89,253,-39" owari="329,42.9,199,-30.1,258,5.8,214,-18.6" /></mjloggm>