<mjloggm ver="2.3"><GO type="225" lobby="0"/><UN n0="%E6%97%A5%E6%9B%9C%E6%97%A5%E3%82%88%E3%82%8A%E3%81%AE%E4%BD%BF%E8%80%85" n1="%E3%82%B7%E3%83%B3%E5%A4%AA%E6%9C%97" n2="%72%69%6F%75%63%68%61%6E" n3="%6D%75%75%6D%75%72%61" dan="17,16,17,16" rate="2201.21,2118.96,2264.56,2101.48" sx="M,M,M,F"/><TAIKYOKU oya="0"/><INIT seed="0,0,0,4,1,86" ten="250,250,250,250" oya="0" hai0="126,109,33,101,117,50,38,110,84,29,3,90,59" hai1="0,58,118,94,43,120,129,7,64,25,21,51,8" hai2="14,132,74,69,63,79,130,42,53,28,10,36,73" hai3="26,55,23,135,133,52,125,70,121,123,122,108,119"/><T56/><D38/><U17/><E118/><V103/><F130/><W41/><G119/><T102/><D3/><U45/><E129/><V75/><F132/><N who="3" m="50763" /><G108/><N who="0" m="41579" /><D117/><U40/><E120/><N who="3" m="30722" /><W105/><DORA hai="112" /><G125/><T4/><D4/><U134/><E134/><V113/><F113/><W77/><G105/><T2/><D2/><U95/><REACH who="1" step="1"/><E40/><REACH who="1" ten="250,240,250,250" step="2"/><V47/><F42/><W85/><G41/><T82/><D126/><U27/><E27/><V115/><F115/><W66/><G66/><T44/><D102/><U37/><E37/><V80/><F36/><W30/><G70/><T78/><D101/><U100/><E100/><V111/><F103/><W39/><G39/><T11/><D78/><U127/><E127/><V20/><F79/><W116/><G116/><T89/><D11/><U97/><E97/><V24/><F69/><W93/><G77/><T19/><D90/><AGARI ba="0,1" hai="23,26,30,52,55,85,90,93" m="30722,50763" machi="90" ten="50,8000,1" yaku="20,1,13,1,52,1,54,1" doraHai="86,112" who="3" fromWho="0" sc="250,-80,240,0,250,0,250,90" /><INIT seed="1,0,0,3,0,31" ten="170,240,250,340" oya="1" hai0="47,70,84,118,108,56,61,62,128,116,16,123,103" hai1="89,80,46,98,10,122,11,81,71,115,25,79,7" hai2="129,63,20,78,135,102,51,33,75,0,114,44,120" hai3="32,126,3,12,74,96,134,95,23,13,37,50,42"/><U57/><E122/><V27/><F120/><W8/><G37/><T21/><D123/><U109/><E115/><V133/><F129/><W73/><G126/><T104/><D128/><U111/><E71/><V30/><F114/><W59/><G134/><N who="2" m="51209" /><F0/><W69/><G69/><T6/><D108/><N who="1" m="41547" /><E25/><N who="2" m="18639" /><F102/><W86/><G32/><T40/><D6/><U85/><E46/><V113/><F113/><W99/><G3/><T65/><D84/><N who="1" m="48159" /><E7/><V1/><F1/><W132/><G132/><T39/><D103/><U72/><E72/><V105/><F105/><W38/><G38/><T68/><D104/><U45/><E45/><V28/><F63/><W101/><G74/><T76/><D76/><U48/><E98/><V67/><F67/><W91/><G73/><T5/><D5/><U82/><E82/><N who="2" m="45407" /><F51/><W53/><G101/><T130/><D130/><U107/><E107/><V87/><F44/><W49/><G49/><T29/><D70/><U41/><E41/><V93/><F93/><W22/><G42/><T4/><D4/><U52/><AGARI ba="0,0" hai="10,11,48,52,57,81,85,89" m="48159,41547" machi="52" ten="30,6000,0" yaku="14,1,10,1,54,1" doraHai="31" who="1" fromWho="1" sc="170,-20,240,60,250,-20,340,-20" /><INIT seed="1,1,0,2,0,17" ten="150,300,230,320" oya="1" hai0="28,114,101,14,36,115,35,29,27,134,81,129,78" hai1="132,67,112,58,55,26,20,6,2,91,131,4,111" hai2="84,108,75,79,16,56,54,64,62,57,70,73,98" hai3="103,107,52,12,110,8,34,41,96,121,43,0,49"/><U74/><E112/><V69/><F108/><W3/><G121/><T104/><D36/><U113/><E113/><V71/><F98/><W21/><G34/><T19/><D29/><U90/><E131/><V18/><F84/><W102/><G102/><T120/><D129/><U48/><E74/><V85/><F85/><W66/><G66/><T99/><D120/><U47/><E132/><V22/><F79/><W72/><G72/><T61/><D134/><U44/><E111/><V123/><F18/><W77/><G77/><T127/><D127/><U126/><E126/><V80/><F80/><W50/><G110/><T86/><REACH who="0" step="1"/><D61/><REACH who="0" ten="140,300,230,320" step="2"/><U10/><E67/><V11/><F123/><W93/><G49/><T76/><D76/><U68/><E68/><V133/><F133/><W89/><G50/><T117/><D117/><U40/><E47/><V87/><F11/><AGARI ba="1,1" hai="11,14,19,27,28,35,78,81,86,99,101,104,114,115" machi="11" ten="30,2000,0" yaku="1,1,7,1,53,0" doraHai="17" doraHaiUra="125" who="0" fromWho="2" sc="140,33,300,0,230,-23,320,0" /><INIT seed="2,0,0,0,2,133" ten="173,300,207,320" oya="2" hai0="66,88,31,65,18,81,85,55,46,102,7,68,113" hai1="21,50,60,28,75,80,110,125,105,77,39,58,36" hai2="111,92,94,62,114,119,129,22,34,25,29,112,69" hai3="43,51,116,131,70,30,122,121,84,26,9,15,40"/><V38/><F119/><W17/><G116/><T48/><D113/><U1/><E110/><V27/><F129/><W79/><G131/><T76/><D68/><U132/><E132/><V117/><F117/><W33/><G70/><T63/><D31/><U44/><E105/><V59/><F38/><W86/><G51/><T103/><D7/><U115/><E1/><V4/><F69/><W89/><G79/><T95/><D18/><U19/><E28/><V109/><F4/><W130/><G130/><T11/><D11/><U78/><E125/><V101/><F27/><W6/><G6/><T87/><REACH who="0" step="1"/><D66/><REACH who="0" ten="163,300,207,320" step="2"/><U16/><E115/><N who="2" m="44075" /><F34/><W53/><G33/><T5/><D5/><U128/><E19/><V120/><F120/><W83/><G17/><T74/><D74/><U8/><E8/><V93/><F109/><W23/><G9/><T20/><D20/><U49/><E16/><V134/><F111/><W45/><G23/><T24/><D24/><U127/><E21/><V73/><F73/><W108/><G26/><T91/><D91/><U12/><E75/><V35/><F134/><W0/><G30/><T52/><D52/><U32/><E128/><V72/><F72/><W3/><G108/><T96/><D96/><U123/><E123/><V97/><F35/><W64/><G121/><T126/><D126/><U54/><E127/><V135/><F135/><W57/><G122/><T106/><D106/><U2/><E32/><V104/><F104/><W37/><G3/><T47/><D47/><U99/><E2/><V41/><F41/><N who="3" m="22703" /><G0/><T107/><D107/><U13/><E44/><RYUUKYOKU ba="0,1" sc="163,15,300,-15,207,15,320,-15" hai0="46,48,55,63,65,76,81,85,87,88,95,102,103" hai2="22,25,29,59,62,92,93,94,97,101" /><INIT seed="2,1,1,0,4,74" ten="178,285,222,305" oya="2" hai0="81,80,77,117,19,103,123,94,84,128,75,30,34" hai1="9,132,121,48,69,118,2,41,76,99,119,78,86" hai2="91,130,127,8,114,21,37,115,129,22,4,79,120" hai3="131,58,50,97,46,15,88,20,122,64,57,1,24"/><V49/><F37/><W51/><G1/><T39/><D123/><U56/><E69/><V71/><F71/><W17/><G131/><N who="2" m="50185" /><F120/><W125/><G125/><T36/><D128/><U65/><E132/><V87/><F127/><W32/><G122/><T116/><D30/><U67/><E121/><V59/><F79/><W16/><G32/><T112/><D34/><U6/><E99/><V126/><F126/><W42/><G64/><T44/><D19/><U61/><E67/><V95/><F59/><W85/><G97/><N who="0" m="59831" /><D44/><U105/><E105/><V96/><F49/><W11/><G50/><T27/><D27/><U60/><E60/><V90/><F115/><W134/><G134/><T93/><D112/><U104/><E104/><V72/><F72/><W3/><G3/><T53/><D53/><U45/><REACH who="1" step="1"/><E86/><REACH who="1" ten="178,275,222,305" step="2"/><V113/><F114/><W25/><G25/><T73/><D36/><U89/><E89/><V38/><F38/><W7/><G17/><T135/><D39/><U82/><E82/><AGARI ba="1,2" hai="7,11,15,16,20,24,42,46,51,57,58,82,85,88" machi="82" ten="30,7700,0" yaku="7,1,8,1,54,2" doraHai="74" who="3" fromWho="1" sc="178,0,275,-80,222,0,305,100" /><INIT seed="3,0,0,5,4,32" ten="178,195,222,405" oya="3" hai0="95,124,125,14,82,18,31,27,81,40,5,62,42" hai1="45,51,25,2,61,108,24,88,56,109,83,92,69" hai2="13,85,11,67,63,66,52,106,4,55,54,87,133" hai3="110,10,118,97,120,122,126,41,22,134,99,93,89"/><W47/><G118/><T37/><D5/><U79/><E69/><V21/><F106/><W50/><G126/><N who="0" m="48747" /><D62/><U30/><E2/><V60/><F133/><W84/><G99/><T46/><D42/><N who="1" m="25015" /><E30/><V70/><REACH who="2" step="1"/><F21/><REACH who="2" ten="178,195,212,405" step="2"/><W28/><G22/><N who="0" m="11607" /><D95/><U96/><E109/><V17/><F17/><W123/><G110/><T20/><AGARI ba="0,1" hai="20,27,31,37,40,46,81,82" m="11607,48747" machi="20" ten="30,1100,0" yaku="18,1" doraHai="32" who="0" fromWho="0" sc="178,21,195,-3,212,-3,405,-5" owari="199,-20.1,192,-30.8,209,0.9,400,50.0" /></mjloggm>