<mjloggm ver="2.3"><GO type="225" lobby="0"/><UN n0="%4C%4F%4C%49%54%41" n1="%E6%B0%B7%E5%B7%9D%E9%87%8C%E5%A5%88" n2="%73%6C%69%63%6B%33%31%39" n3="%E3%81%AA%E3%81%A1%30%39%32%37" dan="16,16,16,16" rate="2179.18,2121.61,2081.86,2119.41" sx="F,F,M,M"/><TAIKYOKU oya="0"/><INIT seed="0,0,0,1,2,10" ten="250,250,250,250" oya="0" hai0="63,72,25,75,1,24,131,134,124,43,36,12,35" hai1="105,89,112,91,66,39,71,48,7,41,55,74,5" hai2="18,117,51,114,13,130,15,90,38,19,100,78,85" hai3="17,37,127,52,101,128,93,0,65,21,69,95,32"/><T92/><D1/><U88/><E105/><V110/><F38/><W70/><G0/><T50/><D36/><U58/><E74/><V61/><F114/><W44/><G32/><T47/><D131/><U4/><E112/><V67/><F130/><W62/><G128/><T8/><D124/><U9/><E39/><V34/><F34/><W129/><G129/><T33/><D134/><U27/><E41/><V126/><F126/><W111/><G111/><T109/><D109/><U115/><E115/><V64/><F110/><W122/><G70/><T53/><D33/><U73/><E73/><V106/><F78/><W80/><G127/><T14/><D35/><U119/><E119/><V86/><F117/><W31/><G31/><T132/><D132/><U116/><E116/><V16/><F106/><W59/><G80/><T76/><D72/><U68/><E66/><N who="2" m="25131" /><F100/><W57/><G101/><T123/><D123/><U103/><E103/><V102/><F102/><W26/><G59/><N who="0" m="35311" /><D76/><U60/><E27/><N who="0" m="10313" /><D75/><U108/><E108/><V83/><F61/><W98/><G122/><T20/><D8/><U107/><E107/><V49/><F85/><W6/><G69/><T96/><D20/><U84/><E84/><V135/><F135/><W42/><G65/><T56/><D56/><U3/><E71/><V79/><F79/><W82/><G98/><T120/><D120/><U46/><E68/><V30/><F30/><W77/><G6/><T118/><D118/><U97/><E97/><V113/><F113/><W45/><G45/><T2/><D2/><U121/><E121/><V40/><F49/><RYUUKYOKU ba="0,0" sc="250,0,250,0,250,0,250,0" hai0="12,14,43,47,50,92,96" hai1="3,4,5,7,9,46,48,55,58,60,88,89,91" hai2="13,15,16,18,19,40,51,83,86,90" hai3="17,21,26,37,42,44,52,57,62,77,82,93,95" /><INIT seed="0,1,0,1,1,79" ten="250,250,250,250" oya="0" hai0="121,130,16,58,9,107,96,6,48,89,28,53,110" hai1="46,2,86,57,62,27,8,63,55,74,64,31,12" hai2="13,132,71,84,5,18,65,10,114,22,115,56,73" hai3="36,126,116,15,26,39,4,78,88,72,117,21,0"/><T118/><D118/><U127/><E74/><V131/><F73/><W68/><G68/><T92/><D121/><U70/><E127/><V105/><F105/><W45/><G126/><T124/><D124/><U104/><E104/><V44/><F71/><W38/><G15/><T76/><D130/><U69/><E2/><V17/><F131/><W30/><G88/><T94/><D107/><U99/><E99/><V67/><F132/><W20/><G20/><T113/><D113/><U7/><E46/><V83/><F44/><W98/><G98/><T24/><D110/><U1/><E70/><V60/><F67/><W109/><G109/><T59/><D76/><U14/><REACH who="1" step="1"/><E86/><REACH who="1" ten="250,240,250,250" step="2"/><V51/><F115/><W119/><G45/><T41/><D96/><U102/><E102/><V23/><F114/><W123/><G123/><T103/><D103/><U101/><E101/><V66/><F66/><W81/><REACH who="3" step="1"/><G119/><REACH who="3" ten="250,240,250,240" step="2"/><T122/><D122/><U29/><E29/><V93/><F65/><W25/><G25/><T34/><D24/><U54/><E54/><V80/><F13/><W100/><G100/><T85/><D28/><U82/><E82/><V40/><F83/><W61/><G61/><T42/><D53/><U43/><E43/><V133/><F80/><W91/><G91/><T75/><D42/><U95/><E95/><V37/><F93/><W125/><G125/><T49/><D41/><U11/><E11/><AGARI ba="1,2" hai="0,4,11,21,26,30,36,38,39,72,78,81,116,117" machi="11" ten="40,2600,0" yaku="1,1,52,1,53,0" doraHai="79" doraHaiUra="90" who="3" fromWho="1" sc="250,0,240,-29,250,0,240,49" /><INIT seed="1,0,0,2,2,93" ten="250,211,250,289" oya="1" hai0="6,70,65,125,16,71,3,1,97,53,91,77,64" hai1="100,41,32,96,15,87,66,116,28,9,51,39,133" hai2="132,106,112,14,95,2,4,55,121,21,99,63,17" hai3="134,18,19,45,24,74,114,120,56,27,8,12,113"/><U22/><E116/><V86/><F121/><W5/><G74/><T124/><D77/><U59/><E133/><V7/><F132/><W115/><G56/><T13/><D53/><U108/><E108/><V35/><F35/><W11/><G45/><T25/><D25/><N who="3" m="9801" /><G134/><T68/><D6/><N who="2" m="2090" /><F2/><N who="3" m="55" /><G19/><T92/><D1/><U82/><E32/><V117/><F106/><W85/><G85/><T40/><D3/><U83/><E22/><V52/><F117/><W30/><G30/><T10/><REACH who="0" step="1"/><D40/><REACH who="0" ten="240,211,250,289" step="2"/><U75/><E28/><V131/><F55/><W84/><G115/><T23/><D23/><U123/><E75/><V94/><F112/><W60/><G114/><T109/><D109/><U103/><E123/><V81/><F52/><W0/><G120/><T62/><D62/><U61/><E41/><V33/><F63/><W79/><G60/><T50/><D50/><U135/><E51/><V126/><F33/><W72/><G72/><T89/><D89/><U58/><E135/><V104/><F21/><W57/><G79/><T98/><D98/><U67/><E96/><V102/><F99/><W26/><G26/><T78/><D78/><U101/><E61/><V110/><F110/><W43/><G43/><T38/><D38/><U80/><E39/><V31/><F31/><W36/><G36/><T127/><AGARI ba="0,1" hai="10,13,16,64,65,68,70,71,91,92,97,124,125,127" machi="127" ten="40,8000,1" yaku="1,1,0,1,18,1,52,1,54,1,53,0" doraHai="93" doraHaiUra="49" who="0" fromWho="0" sc="240,90,211,-40,250,-20,289,-20" /><INIT seed="2,0,0,5,2,2" ten="330,171,230,269" oya="2" hai0="57,87,88,107,114,119,135,23,63,133,112,47,66" hai1="122,61,92,65,73,16,21,25,13,128,86,55,103" hai2="31,134,7,27,111,68,4,38,89,53,60,90,58" hai3="69,83,110,9,43,113,67,12,102,126,15,121,91"/><V117/><F117/><W100/><G121/><T70/><D119/><U77/><E128/><V24/><F38/><W56/><G69/><T123/><D123/><U49/><E122/><V30/><F68/><W46/><G110/><T45/><D107/><U8/><E73/><V129/><F129/><W50/><G126/><T35/><D35/><U5/><E77/><V94/><F134/><N who="0" m="51210" /><D23/><U124/><E124/><V37/><F37/><W0/><G0/><T44/><D57/><U71/><E86/><V125/><F125/><W81/><G15/><T78/><D78/><U32/><E32/><V74/><F74/><W85/><G83/><AGARI ba="0,0" hai="44,45,47,63,66,70,83,87,88,112,114" m="51210" machi="83" ten="30,2000,0" yaku="20,1,54,1" doraHai="2" who="0" fromWho="3" sc="330,20,171,0,230,0,269,-20" /><INIT seed="3,0,0,3,1,31" ten="350,171,230,249" oya="3" hai0="128,36,112,113,47,46,4,13,131,39,76,94,67" hai1="104,121,117,109,41,123,81,119,133,0,134,6,16" hai2="52,80,26,99,28,78,50,72,110,23,60,32,54" hai3="86,11,126,19,79,71,65,45,89,127,35,97,14"/><W7/><G71/><T92/><D76/><U102/><E41/><V12/><F110/><W9/><G65/><T82/><D67/><U100/><E109/><V58/><F99/><W49/><G97/><T105/><D82/><U22/><E81/><V18/><F50/><W27/><G79/><T88/><D105/><U10/><E104/><V122/><F122/><N who="1" m="46601" /><E100/><V125/><F125/><W85/><G85/><N who="0" m="52239" /><D94/><U114/><E102/><V56/><F56/><W3/><G49/><T103/><D103/><U21/><E114/><N who="0" m="44137" /><D13/><N who="1" m="9359" /><E22/><V70/><F70/><W20/><G45/><T95/><D95/><U63/><E63/><V96/><F96/><W55/><G55/><AGARI ba="0,0" hai="12,18,23,26,28,32,52,54,55,58,60,72,78,80" machi="55" ten="30,3900,0" yaku="7,1,52,1,54,1" doraHai="31" who="2" fromWho="3" sc="350,0,171,0,230,39,249,-39" owari="350,45.0,171,-32.9,269,6.9,210,-19.0" /></mjloggm>