<mjloggm ver="2.3"><GO type="225" lobby="0"/><UN n0="%E2%91%A3%E9%81%BF%E9%81%8A%E6%88%AF%E3%80%90%E6%9D%B1%E5%8D%97%E3%80%91" n1="%43%68%65" n2="%E6%80%AA%E3%81%97%E3%81%99%E3%81%8E%E3%82%8B%E3%83%81%E3%83%BC" n3="%72%69%6F%75%63%68%61%6E" dan="16,16,16,17" rate="2120.77,2178.98,2187.89,2250.10" sx="M,M,M,M"/><TAIKYOKU oya="0"/><INIT seed="0,0,0,0,1,89" ten="250,250,250,250" oya="0" hai0="11,94,14,70,100,87,101,55,110,116,108,61,57" hai1="17,75,41,9,40,4,99,51,44,123,32,90,117" hai2="86,63,67,85,93,23,6,65,29,33,21,58,78" hai3="1,45,50,91,79,46,28,60,115,47,134,106,19"/><T3/><D3/><U38/><E117/><V73/><F73/><W22/><G134/><T102/><D70/><U96/><E123/><V36/><F36/><W16/><G115/><T80/><D116/><U124/><E75/><V27/><F6/><W103/><G1/><T114/><D114/><U69/><E69/><V109/><F109/><W31/><G79/><T2/><D2/><U59/><E32/><V39/><F39/><W105/><G50/><T113/><D113/><U83/><E17/><V68/><F67/><W133/><G133/><T12/><D80/><U127/><E83/><V5/><F5/><W74/><G74/><T25/><D25/><U129/><E129/><V76/><F85/><W120/><G120/><T130/><D130/><U128/><E128/><V43/><F43/><W81/><G60/><T111/><D11/><U131/><E131/><V104/><F104/><W53/><G53/><T118/><D118/><U126/><E59/><V20/><REACH who="2" step="1"/><F68/><REACH who="2" ten="250,250,240,250" step="2"/><W62/><G106/><T48/><D48/><U10/><E51/><V56/><F56/><W72/><G72/><T64/><D64/><U13/><E41/><V107/><F107/><W52/><G105/><T135/><D135/><U77/><E38/><V34/><F34/><W98/><G47/><T122/><D122/><U97/><E44/><V82/><F82/><W112/><G45/><T26/><D26/><U95/><E40/><V8/><F8/><W54/><G46/><T18/><D18/><N who="1" m="8495" /><E77/><V24/><F24/><N who="3" m="14407" /><G19/><T88/><AGARI ba="0,1" hai="12,14,55,57,61,87,88,94,100,101,102,108,110,111" machi="88" ten="40,12000,1" yaku="0,1,14,1,10,1,52,1,54,1" doraHai="89" who="0" fromWho="0" sc="250,130,250,-40,240,-40,250,-40" /><INIT seed="0,1,0,2,0,20" ten="380,210,200,210" oya="0" hai0="4,118,117,114,44,65,34,55,66,18,75,49,121" hai1="108,120,62,74,94,32,47,8,99,106,67,76,81" hai2="72,53,135,125,25,113,69,41,30,16,111,132,93" hai3="84,85,134,24,78,19,22,92,0,100,71,54,91"/><T56/><D121/><U58/><E120/><V60/><F113/><W131/><G131/><T89/><D114/><U70/><E108/><V61/><F72/><W2/><G134/><N who="2" m="51241" /><F111/><W31/><G71/><T86/><D75/><U95/><E8/><V124/><F41/><W87/><G100/><T123/><D123/><U36/><E58/><N who="2" m="34895" /><F16/><W29/><G54/><T73/><D73/><U64/><E64/><N who="2" m="41103" /><F93/><W38/><G38/><T15/><D4/><U37/><E37/><V40/><F40/><W35/><G31/><T133/><D34/><AGARI ba="1,0" hai="25,30,34,124,125" m="41103,34895,51241" machi="34" ten="30,2000,0" yaku="20,1,52,1" doraHai="20" who="2" fromWho="0" sc="380,-23,210,0,200,23,210,0" /><INIT seed="1,0,0,4,3,123" ten="357,210,223,210" oya="1" hai0="104,38,39,89,81,85,77,9,60,4,10,126,35" hai1="14,58,1,30,31,92,127,34,42,19,24,22,47" hai2="111,88,98,23,101,40,8,118,94,33,55,43,3" hai3="52,2,129,117,53,61,18,44,16,12,124,110,99"/><U112/><E112/><V25/><F111/><W125/><G110/><T36/><D126/><N who="3" m="48745" /><G2/><T56/><D104/><U108/><E127/><V130/><F33/><W109/><G109/><T135/><D135/><U134/><E108/><V26/><F130/><W15/><G129/><T78/><D35/><U120/><E120/><V84/><F118/><W28/><G117/><T27/><D27/><U69/><E69/><V65/><F65/><W13/><G28/><T122/><D122/><U95/><E134/><V67/><F67/><W72/><G72/><T7/><D56/><U29/><E58/><V113/><F113/><W46/><G99/><T75/><D60/><U74/><E74/><V133/><F133/><W57/><G53/><T119/><D119/><U102/><E1/><V115/><F55/><W59/><G57/><T87/><D75/><U62/><E62/><V20/><F115/><W0/><G0/><T5/><D89/><U76/><E76/><V90/><F3/><W51/><G61/><T114/><D114/><U100/><E100/><V63/><F63/><W68/><G68/><T132/><D132/><U131/><E131/><V103/><F101/><W41/><G59/><T50/><D50/><AGARI ba="0,0" hai="12,13,15,16,18,41,44,46,50,51,52" m="48745" machi="50" ten="30,3900,0" yaku="18,1,54,2" doraHai="123" who="3" fromWho="0" sc="357,-39,210,0,223,0,210,39" /><INIT seed="2,0,0,5,5,60" ten="318,210,223,249" oya="2" hai0="135,27,96,4,23,102,55,107,12,111,121,77,59" hai1="93,105,17,106,2,75,39,1,118,18,13,64,86" hai2="125,33,100,72,114,8,46,133,112,70,90,103,73" hai3="10,74,101,22,38,120,123,62,41,95,6,116,110"/><V129/><F33/><W79/><G116/><T45/><D121/><U108/><E118/><V92/><F70/><W7/><G110/><T122/><D122/><U127/><E75/><N who="2" m="28747" /><F46/><N who="3" m="23863" /><G6/><T51/><D77/><U36/><E108/><V0/><F8/><W76/><G79/><T24/><D135/><U53/><E53/><V44/><F44/><W16/><G95/><T40/><D111/><U47/><E127/><V85/><F0/><N who="3" m="359" /><G101/><N who="2" m="38985" /><F125/><W65/><G16/><T89/><D89/><U15/><E47/><V66/><F66/><W19/><G19/><T83/><D83/><U87/><E93/><V69/><F69/><N who="3" m="42167" /><G22/><T49/><D4/><U52/><E52/><V124/><F124/><W132/><G132/><T14/><D27/><U84/><E64/><V26/><F133/><W134/><G134/><T82/><D82/><AGARI ba="0,0" hai="74,76,82,120,123" m="42167,359,23863" machi="82" ten="30,3900,0" yaku="25,1,23,1,52,1" doraHai="60" who="3" fromWho="0" sc="318,-39,210,0,223,0,249,39" /><INIT seed="3,0,0,0,3,119" ten="279,210,223,288" oya="3" hai0="106,74,21,22,87,130,52,73,5,125,47,121,26" hai1="118,54,15,0,112,82,56,19,27,6,95,25,76" hai2="113,91,107,78,115,85,93,1,77,122,89,116,17" hai3="40,114,55,84,109,120,43,42,123,58,9,57,134"/><W20/><G114/><N who="2" m="43529" /><F17/><W126/><G126/><T96/><D125/><U16/><E112/><V44/><F44/><W129/><G129/><T127/><D127/><U98/><E118/><V75/><F1/><W81/><G134/><T10/><D22/><U68/><E68/><V28/><F28/><W70/><G70/><T135/><D87/><N who="1" m="48583" /><E6/><V7/><F7/><W45/><G109/><T41/><D135/><U51/><E0/><V59/><F59/><W62/><G45/><T33/><D33/><U12/><E12/><V124/><F124/><W35/><G35/><T39/><D130/><U60/><E60/><V79/><F116/><W97/><G97/><T104/><D104/><U30/><E30/><V103/><F122/><W72/><G72/><T66/><D121/><U111/><E111/><V49/><F49/><W38/><G38/><T11/><D66/><U36/><E36/><V117/><F117/><W100/><G100/><T13/><D11/><N who="1" m="6271" /><E19/><V37/><F37/><W80/><G9/><T110/><D110/><U132/><E132/><V133/><F133/><W64/><G20/><T92/><D106/><U29/><E29/><V18/><F18/><W105/><G105/><T99/><D99/><U86/><E86/><N who="2" m="52407" /><F75/><W94/><G123/><T4/><D4/><U31/><E31/><V71/><F71/><W90/><G120/><T101/><D21/><U102/><AGARI ba="0,0" hai="25,27,51,54,56,95,98,102" m="6271,48583" machi="102" ten="30,2000,0" yaku="8,1,54,1" doraHai="119" who="1" fromWho="1" sc="279,-5,210,20,223,-5,288,-10" /><INIT seed="4,0,0,0,4,67" ten="274,230,218,278" oya="0" hai0="13,130,123,44,39,69,95,46,53,120,108,63,61" hai1="126,62,15,87,59,41,4,3,105,18,23,68,103" hai2="0,88,9,55,77,65,133,22,43,1,106,134,124" hai3="70,74,48,66,121,90,19,73,94,35,57,78,113"/><T17/><D108/><U60/><E126/><V128/><F124/><W34/><G113/><T31/><D130/><U47/><E105/><V93/><F106/><W2/><G2/><T107/><D107/><U21/><E103/><V33/><F33/><W117/><G117/><T82/><D31/><U98/><E98/><N who="2" m="57639" /><F128/><W12/><G121/><T99/><D82/><U49/><E68/><V24/><F43/><W118/><G118/><T58/><D39/><U11/><E87/><V42/><F42/><W127/><G127/><T38/><D38/><U28/><E59/><V76/><F65/><W54/><G78/><N who="2" m="30313" /><F55/><W97/><G34/><T14/><D123/><U64/><E64/><V115/><F9/><W89/><G35/><T50/><D120/><U122/><E122/><V26/><F115/><W109/><G109/><T20/><D14/><U116/><E116/><V45/><F45/><N who="0" m="17514" /><D69/><U129/><E129/><V25/><F22/><W80/><G80/><T114/><D114/><U56/><E56/><V79/><N who="2" m="30321" /><V5/><DORA hai="52" /><F5/><W110/><G110/><T84/><D84/><U37/><E37/><V125/><F125/><W112/><G112/><T27/><D27/><N who="2" m="6914" /><V100/><DORA hai="83" /><F100/><AGARI ba="0,0" hai="13,17,20,50,53,58,61,63,95,99,100" m="17514" machi="100" ten="30,2900,0" yaku="8,1,52,1" doraHai="67,52,83" who="0" fromWho="2" sc="274,29,230,0,218,-29,278,0" owari="303,40.3,230,-17.0,189,-31.1,278,7.8" /></mjloggm>