<mjloggm ver="2.3"><GO type="225" lobby="0"/><UN n0="%E8%BE%9B%E5%8F%A3%E3%82%AB%E3%83%AC%E3%83%BC%E3%83%A9%E3%82%A4%E3%82%B9" n1="%E3%83%B4%E3%82%A3%E3%83%AF%E3%82%B3%E3%82%B0%E3%83%8B" n2="%E3%81%82%E3%81%99%E3%81%AB%E3%82%83%E3%82%80" n3="%E3%83%A9%E3%83%BC%E3%83%A1%E3%83%B3%E4%BA%94%E9%83%8E" dan="17,16,16,16" rate="2235.02,2167.33,2094.66,2104.26" sx="M,M,F,M"/><TAIKYOKU oya="0"/><INIT seed="0,0,0,2,1,43" ten="250,250,250,250" oya="0" hai0="134,122,41,123,106,116,75,47,118,27,12,100,115" hai1="76,72,77,62,120,86,102,64,59,99,40,85,10" hai2="93,98,36,32,15,44,129,66,69,60,51,45,105" hai3="87,84,26,113,24,18,68,67,61,101,112,114,73"/><T4/><D75/><U23/><E120/><N who="0" m="46121" /><D12/><U128/><E128/><V109/><F109/><W20/><G73/><T0/><D27/><U111/><E111/><V94/><F129/><W121/><G121/><T130/><D115/><U89/><E40/><V39/><F32/><W74/><G74/><T25/><D25/><U70/><E70/><V29/><F29/><W42/><G101/><T38/><D130/><U107/><E72/><V108/><F108/><W6/><G6/><T54/><D54/><U11/><E23/><V63/><F15/><W28/><REACH who="3" step="1"/><G42/><REACH who="3" ten="250,250,250,240" step="2"/><T124/><D134/><U83/><REACH who="1" step="1"/><E76/><REACH who="1" ten="250,240,250,240" step="2"/><V17/><F69/><W117/><G117/><T103/><D118/><U7/><E7/><V2/><F2/><W5/><G5/><T16/><D116/><U35/><E35/><AGARI ba="0,2" hai="18,20,24,26,28,35,61,67,68,84,87,112,113,114" machi="35" ten="40,1300,0" yaku="1,1,53,0" doraHai="43" doraHaiUra="50" who="3" fromWho="1" sc="250,0,240,-13,250,0,240,33" /><INIT seed="1,0,0,1,5,63" ten="250,227,250,273" oya="1" hai0="117,113,119,124,102,134,21,112,111,78,47,106,71" hai1="118,3,39,80,7,20,45,2,123,83,11,73,68" hai2="13,110,31,58,81,70,5,69,76,48,131,12,28" hai3="32,51,94,107,101,53,41,104,8,4,57,114,89"/><U96/><E123/><V128/><F110/><W116/><G114/><N who="0" m="44139" /><D21/><U109/><E118/><N who="0" m="45065" /><D47/><U91/><E109/><V56/><F48/><W44/><G116/><T100/><D71/><U122/><E122/><V6/><F81/><W75/><G32/><T115/><D111/><U54/><E68/><V33/><F76/><W84/><G75/><T120/><D115/><U88/><E2/><V135/><REACH who="2" step="1"/><F33/><REACH who="2" ten="250,227,240,273" step="2"/><W79/><G79/><T90/><D120/><U86/><E39/><V133/><AGARI ba="0,1" hai="5,6,12,13,28,31,56,58,69,70,128,131,133,135" machi="133" ten="25,8000,1" yaku="1,1,2,1,0,1,22,2,53,0" doraHai="63" doraHaiUra="50" who="2" fromWho="2" sc="250,-20,227,-40,240,90,273,-20" /><INIT seed="2,0,0,2,1,69" ten="230,187,330,253" oya="2" hai0="59,68,100,50,133,135,63,60,72,32,75,41,14" hai1="118,129,89,131,44,58,19,125,48,99,78,17,54" hai2="26,70,1,45,30,80,101,96,114,109,0,62,21" hai3="115,81,35,132,29,53,84,52,33,130,8,92,24"/><V74/><F114/><W90/><G130/><N who="1" m="49674" /><E89/><V134/><F134/><N who="0" m="51210" /><D32/><U25/><E99/><V40/><F109/><W97/><G132/><T106/><D68/><U13/><E78/><V61/><F74/><N who="0" m="28202" /><D14/><U67/><E25/><V22/><F22/><W107/><G115/><T66/><D63/><N who="1" m="38391" /><E13/><V6/><F80/><W56/><G107/><T12/><D12/><U128/><N who="1" m="49682" /><U104/><DORA hai="4" /><E104/><V43/><F43/><W20/><G8/><T46/><D106/><U93/><E93/><V36/><F70/><W15/><G15/><T11/><D100/><U85/><E85/><V105/><REACH who="2" step="1"/><F1/><REACH who="2" ten="230,187,320,253" step="2"/><W28/><G33/><T108/><D108/><U88/><E118/><V123/><F123/><W102/><G35/><T9/><AGARI ba="0,1" hai="9,11,41,46,50,59,60,66" m="28202,51210" machi="9" ten="40,5200,0" yaku="20,1,52,2" doraHai="69,4" who="0" fromWho="0" sc="230,62,187,-13,320,-26,253,-13" /><INIT seed="3,0,0,2,4,24" ten="292,174,294,240" oya="3" hai0="70,115,79,100,105,108,4,97,112,39,27,89,14" hai1="56,120,5,57,125,1,12,54,106,117,46,53,37" hai2="13,114,118,88,68,25,98,111,47,29,104,113,22" hai3="92,131,34,45,74,59,8,15,60,33,129,36,110"/><W55/><G74/><T9/><D39/><U73/><E1/><V93/><F118/><W49/><G36/><T23/><D70/><U17/><E106/><V72/><F68/><W61/><G92/><T95/><D108/><U69/><E73/><V127/><F111/><W0/><G0/><T65/><D65/><U135/><E69/><V11/><F72/><W119/><G119/><T52/><D52/><N who="1" m="20075" /><E120/><V132/><F132/><W83/><G83/><T16/><REACH who="0" step="1"/><D79/><REACH who="0" ten="282,174,294,240" step="2"/><U31/><E135/><V96/><F127/><W42/><G110/><T78/><D78/><U3/><E117/><V66/><F66/><W133/><G133/><T85/><AGARI ba="0,1" hai="4,9,14,16,23,27,85,89,95,97,100,105,112,115" machi="85" ten="30,4000,0" yaku="1,1,0,1,54,1,53,0" doraHai="24" doraHaiUra="123" who="0" fromWho="0" sc="282,50,174,-10,294,-10,240,-20" owari="332,43.2,164,-33.6,284,8.4,220,-18.0" /></mjloggm>