<mjloggm ver="2.3"><GO type="225" lobby="0"/><UN n0="%E3%83%97%E3%83%AC%E3%83%B4%E3%82%A1%E3%83%86%E3%82%A3" n1="%E3%81%82%E3%81%B9%E3%81%99%E3%81%91" n2="%E3%81%B5%E3%81%98%E3%81%8B%E3%81%A4" n3="%E5%8F%AF%E5%85%90%E9%82%A3%E7%94%B1%E5%A4%9A" dan="16,16,16,17" rate="2103.79,2101.89,2083.21,2158.40" sx="F,M,M,F"/><TAIKYOKU oya="0"/><INIT seed="0,0,0,0,2,54" ten="250,250,250,250" oya="0" hai0="22,117,109,86,16,111,13,98,7,28,19,133,87" hai1="49,48,11,62,32,26,40,83,37,121,15,58,51" hai2="116,77,106,85,3,93,25,82,41,47,114,59,24" hai3="113,46,66,128,42,8,52,108,0,34,95,132,12"/><T129/><D117/><U29/><E121/><V73/><F114/><W44/><G113/><T135/><D98/><U119/><E119/><V53/><F3/><W38/><G34/><T84/><D129/><U31/><E31/><V79/><F106/><W75/><G0/><T112/><D112/><U115/><E115/><V110/><F110/><N who="0" m="41994" /><D7/><U105/><E83/><V74/><F116/><W20/><G108/><T57/><D28/><U65/><E105/><V33/><F33/><W124/><G75/><T64/><D19/><U68/><E37/><V21/><F93/><W5/><G66/><T130/><D130/><U43/><REACH who="1" step="1"/><E68/><REACH who="1" ten="250,240,250,250" step="2"/><V96/><F82/><W123/><G123/><T9/><D9/><U60/><E60/><AGARI ba="0,1" hai="13,16,22,57,60,64,84,86,87,133,135" m="41994" machi="60" ten="40,12000,1" yaku="14,1,10,1,52,1,54,1" doraHai="54" who="0" fromWho="1" sc="250,130,240,-120,250,0,250,0" /><INIT seed="0,1,0,2,0,23" ten="380,120,250,250" oya="0" hai0="105,73,119,0,47,111,109,75,28,55,42,78,70" hai1="31,74,54,16,118,128,5,57,34,43,117,17,40" hai2="98,87,125,41,65,10,51,76,11,85,86,102,124" hai3="110,66,121,77,69,71,64,133,112,123,6,127,84"/><T2/><D55/><U22/><E74/><N who="0" m="28169" /><D78/><U97/><E128/><V113/><F113/><W24/><G112/><T15/><D15/><U4/><E34/><V122/><F122/><N who="3" m="46603" /><G110/><N who="0" m="41995" /><D28/><U90/><E118/><V48/><F65/><W72/><G72/><T67/><D119/><U89/><E117/><V129/><F129/><W61/><G6/><N who="1" m="2666" /><E43/><V58/><F41/><W8/><G77/><T63/><D105/><U13/><E40/><V45/><F76/><W120/><G66/><T135/><D135/><U103/><E31/><V35/><F35/><W131/><G64/><T101/><D101/><U134/><E134/><V115/><F115/><W79/><G133/><T9/><D9/><N who="2" m="3082" /><F58/><W50/><G8/><T59/><D59/><U106/><E106/><V96/><F45/><W30/><G131/><T46/><D46/><U52/><E57/><V93/><F102/><W62/><G120/><T38/><AGARI ba="1,0" hai="0,2,38,42,47,63,67,70" m="41995,28169" machi="38" ten="30,6000,0" yaku="14,1,10,1,23,1" doraHai="23" who="0" fromWho="0" sc="380,63,120,-21,250,-21,250,-21" /><INIT seed="0,2,0,3,5,52" ten="443,99,229,229" oya="0" hai0="4,8,64,115,68,107,73,77,129,75,69,14,38" hai1="7,11,66,61,63,51,18,67,0,42,30,34,100" hai2="76,88,25,120,106,41,37,22,74,45,125,60,117" hai3="24,5,98,33,91,105,46,121,87,89,79,119,28"/><T58/><D115/><U1/><E100/><V59/><F120/><W124/><G119/><T123/><D123/><U92/><E1/><V40/><F106/><W102/><G121/><T35/><D35/><U55/><E42/><V71/><F71/><W116/><G116/><T26/><D38/><U72/><E72/><V99/><F125/><W78/><G124/><T134/><D107/><U6/><E6/><V114/><F117/><W128/><G128/><T49/><D129/><U103/><E18/><N who="2" m="12503" /><F74/><W29/><G29/><T97/><D134/><U80/><E80/><V101/><F45/><W54/><G5/><T10/><D26/><U122/><E30/><V130/><F130/><W111/><G111/><T43/><D97/><U16/><E34/><V36/><F76/><W132/><G132/><T47/><D75/><U108/><E0/><V65/><F101/><W131/><G131/><T127/><D127/><U19/><E7/><V82/><F114/><W85/><G46/><T83/><REACH who="0" step="1"/><D8/><REACH who="0" ten="433,99,229,229" step="2"/><U44/><E11/><V15/><F36/><W104/><G104/><T3/><D3/><U23/><E122/><V86/><F37/><W32/><G32/><T70/><D70/><U118/><E118/><V27/><F99/><W31/><G33/><T56/><D56/><N who="1" m="37159" /><E23/><V50/><F27/><W112/><G24/><T21/><D21/><U113/><E113/><V57/><F15/><W62/><G112/><T39/><D39/><U13/><E13/><V9/><F9/><W96/><G105/><T90/><D90/><N who="3" m="34313" /><G31/><T20/><D20/><U110/><E110/><V81/><F81/><RYUUKYOKU ba="2,1" sc="433,15,99,-15,229,15,229,-15" hai0="4,10,14,43,47,49,58,64,68,69,73,77,83" hai2="40,41,50,57,59,60,65,82,86,88" /><INIT seed="0,3,1,1,4,93" ten="448,84,244,214" oya="0" hai0="60,85,2,41,116,1,53,122,113,29,91,18,110" hai1="104,28,31,90,54,109,112,130,66,30,101,50,15" hai2="49,125,16,128,123,14,94,56,10,77,127,8,102" hai3="105,99,68,45,78,59,64,70,58,81,100,133,95"/><T40/><D113/><U126/><E109/><V27/><F123/><W111/><G111/><T84/><D110/><U62/><E112/><V98/><F128/><W73/><G133/><T43/><D122/><U25/><E130/><V26/><F77/><W48/><G105/><T89/><D116/><U7/><E126/><N who="2" m="48139" /><F8/><W134/><G134/><T88/><D29/><U115/><E115/><V74/><F74/><W96/><G96/><T32/><D32/><U132/><E132/><V23/><F23/><W19/><G19/><T75/><D75/><U106/><E90/><V20/><F20/><W39/><G39/><T38/><D38/><U114/><E114/><V76/><F76/><W82/><G82/><T118/><D118/><U51/><E51/><V63/><F49/><W42/><REACH who="3" step="1"/><G64/><AGARI ba="3,1" hai="10,14,16,26,27,56,63,64,94,98,102" m="48139" machi="64" ten="30,3900,0" yaku="18,1,52,1,54,1" doraHai="93" who="2" fromWho="3" sc="448,0,84,0,244,58,214,-48" /><INIT seed="1,0,0,2,4,119" ten="448,84,302,166" oya="1" hai0="44,12,11,95,90,61,115,27,6,38,82,86,70" hai1="69,36,15,72,128,98,121,66,103,35,29,108,116" hai2="25,78,74,84,96,47,14,5,134,123,0,105,114" hai3="16,93,129,48,32,56,23,65,52,13,118,31,55"/><U3/><RYUUKYOKU type="yao9" ba="0,0" sc="448,0,84,0,302,0,166,0" hai1="3,15,29,35,36,66,69,72,98,103,108,116,121,128" /><INIT seed="1,1,0,4,3,6" ten="448,84,302,166" oya="1" hai0="32,68,77,71,69,34,11,50,125,109,118,106,120" hai1="41,21,5,130,117,64,19,134,75,122,48,123,85" hai2="81,112,133,111,124,131,3,79,37,115,56,10,18" hai3="98,45,89,4,70,40,101,29,83,82,28,25,55"/><U119/><E75/><V24/><F37/><W2/><G70/><T132/><D118/><N who="1" m="45067" /><E64/><V102/><F102/><W53/><G4/><T121/><D109/><U61/><E61/><V103/><F103/><W12/><G2/><T20/><D77/><U17/><E85/><V99/><F111/><W96/><G12/><T97/><D50/><U110/><E48/><V44/><F44/><W100/><G45/><T16/><D125/><U63/><E63/><V90/><F124/><W114/><G114/><N who="2" m="43561" /><F133/><W1/><G1/><T36/><D36/><U127/><E41/><V9/><F131/><W42/><G25/><T129/><D129/><U15/><E110/><V84/><F3/><W60/><G60/><T67/><D67/><U27/><E130/><V92/><F56/><W94/><G94/><T52/><D132/><U108/><E108/><V62/><F62/><W8/><G89/><T91/><D52/><U13/><E134/><V46/><F46/><W47/><REACH who="3" step="1"/><G47/><REACH who="3" ten="448,84,302,156" step="2"/><T58/><D91/><U7/><E127/><V78/><F78/><W87/><G87/><T38/><D38/><U107/><E107/><V105/><F105/><W22/><G22/><AGARI ba="1,1" hai="9,10,18,22,24,79,81,84,90,92,99" m="43561" machi="22" ten="30,3900,0" yaku="11,1,52,2" doraHai="6" who="2" fromWho="3" sc="448,0,84,0,302,52,156,-42" /><INIT seed="2,0,0,2,0,6" ten="448,84,354,114" oya="2" hai0="29,76,124,37,25,121,56,113,32,112,75,49,78" hai1="131,61,66,97,77,115,99,16,116,87,106,8,53" hai2="91,86,31,14,3,0,117,125,2,130,15,127,5" hai3="96,62,12,82,85,41,36,57,95,74,23,109,98"/><V34/><F117/><W30/><G74/><T17/><D121/><U45/><E116/><V18/><F86/><W48/><G36/><T60/><D37/><U22/><E115/><V135/><F91/><W92/><G109/><T107/><D107/><U81/><E131/><V114/><F114/><W67/><G98/><T35/><D124/><N who="2" m="47690" /><F130/><W42/><G48/><T93/><D75/><U7/><E106/><V132/><F5/><W50/><G50/><T72/><D72/><U21/><E21/><N who="2" m="11479" /><F15/><W102/><G92/><T80/><D80/><U126/><E126/><V79/><F79/><W110/><G110/><T54/><D113/><U20/><E20/><V129/><F129/><W100/><G100/><T88/><D112/><U90/><E77/><V52/><F52/><W59/><G12/><T40/><D35/><U134/><E53/><V89/><F89/><N who="3" m="51383" /><G59/><T33/><D32/><U71/><E45/><V51/><F51/><W39/><G39/><T63/><D40/><U4/><E4/><V119/><F119/><W118/><G118/><T73/><D73/><U38/><E38/><V65/><F65/><W9/><G42/><T46/><D46/><U122/><E99/><V128/><F128/><W1/><G41/><T111/><D78/><U120/><E97/><V19/><F19/><W123/><G96/><N who="0" m="57383" /><D76/><U55/><E122/><V44/><F44/><W103/><G123/><T68/><D111/><U47/><E120/><V101/><F101/><W108/><G108/><T94/><D17/><U24/><E47/><V11/><F11/><W70/><G103/><T64/><D94/><RYUUKYOKU ba="0,0" sc="448,15,84,-15,354,15,114,-15" hai0="25,29,33,49,54,56,60,63,64,68" hai2="0,2,3,31,34,132,135" /><INIT seed="2,1,0,5,0,107" ten="463,69,369,99" oya="2" hai0="85,7,45,64,106,105,63,99,47,5,72,40,13" hai1="77,28,65,1,22,98,8,114,20,39,115,59,55" hai2="50,42,96,23,69,30,94,43,11,36,92,24,34" hai3="51,68,117,29,86,83,104,52,123,100,10,88,126"/><V17/><F69/><W95/><G117/><T46/><D72/><U70/><E39/><V44/><F36/><W18/><G123/><T73/><D73/><U71/><E77/><V111/><F111/><W60/><G126/><T26/><D40/><U87/><E22/><V101/><F11/><W4/><G104/><T113/><D113/><U27/><E87/><V16/><F34/><W38/><G38/><T49/><D49/><U25/><E25/><V2/><F2/><W102/><G29/><T84/><D106/><U53/><E98/><N who="2" m="59591" /><F43/><W81/><G18/><T127/><D127/><U19/><E55/><V80/><F80/><N who="3" m="30795" /><G60/><T135/><D135/><U74/><E74/><V54/><F42/><W91/><G68/><T15/><D26/><U122/><E122/><V14/><F14/><N who="0" m="5130" /><D99/><U12/><E1/><V120/><F120/><W62/><G62/><T118/><D105/><U35/><E35/><V112/><F112/><W97/><G10/><T3/><D3/><U116/><E71/><V79/><F79/><W89/><G102/><AGARI ba="1,0" hai="16,17,23,24,30,44,50,54,94,96,102" m="59591" machi="102" ten="30,2900,0" yaku="8,1,54,1" doraHai="107" who="2" fromWho="3" sc="463,0,69,0,369,32,99,-32" /><INIT seed="2,2,0,2,5,34" ten="463,69,401,67" oya="2" hai0="102,66,77,88,135,127,4,30,29,63,86,7,53" hai1="116,103,79,0,108,111,6,26,67,59,61,23,37" hai2="87,45,15,73,97,2,48,130,41,72,98,9,50" hai3="129,36,39,95,131,104,1,49,126,100,82,64,8"/><V10/><F130/><N who="3" m="49675" /><G126/><T43/><D127/><U120/><E116/><V92/><F87/><W121/><G121/><T3/><D135/><U47/><E120/><V22/><F22/><W78/><G95/><N who="0" m="54679" /><D3/><U68/><E103/><V17/><F50/><W110/><G110/><N who="1" m="42026" /><E79/><V33/><F33/><W81/><G64/><T42/><D77/><U85/><E85/><V122/><F122/><W40/><G49/><T5/><D102/><U21/><E68/><V51/><F51/><W32/><G32/><T83/><D83/><N who="3" m="31753" /><G40/><N who="0" m="15403" /><D66/><U106/><E37/><V54/><F41/><W115/><G115/><T69/><D69/><U75/><E47/><V123/><F123/><W117/><G117/><T20/><D20/><U118/><E23/><V101/><REACH who="2" step="1"/><F98/><REACH who="2" ten="463,69,391,67" step="2"/><N who="3" m="61463" /><G78/><T107/><D107/><U27/><E118/><V71/><F71/><W56/><G56/><AGARI ba="2,1" hai="4,5,7,29,30,53,56,63" m="15403,54679" machi="56" ten="30,2000,0" yaku="8,1,54,1" doraHai="34" who="0" fromWho="3" sc="463,36,69,0,391,0,67,-26" /><INIT seed="3,0,0,4,3,70" ten="499,69,391,41" oya="3" hai0="98,20,14,17,115,33,122,32,121,47,42,112,87" hai1="80,22,104,106,27,13,21,26,77,96,113,30,29" hai2="51,99,44,97,40,5,94,71,61,43,16,24,108" hai3="52,54,41,28,114,64,35,110,34,10,19,48,107"/><W73/><G73/><T12/><D87/><U91/><E113/><N who="0" m="43593" /><D98/><U7/><E7/><V129/><F108/><W93/><G114/><T56/><D56/><U124/><E124/><V92/><F5/><W78/><G107/><T31/><D12/><U130/><E130/><V15/><F24/><W50/><G78/><T95/><D95/><U18/><E91/><V84/><F71/><W62/><G110/><T60/><D60/><U69/><E96/><V127/><F127/><W128/><G128/><T55/><D55/><U119/><E119/><V111/><F111/><W132/><G132/><T3/><D3/><U82/><E82/><V86/><F61/><W81/><G81/><T11/><D11/><U58/><E58/><V103/><F43/><W123/><G123/><N who="0" m="47115" /><D31/><U89/><E69/><V116/><F129/><W66/><G41/><T88/><D88/><U67/><E89/><V63/><F63/><W6/><G93/><T0/><D0/><U100/><E100/><V120/><F120/><W49/><G19/><T59/><D59/><U53/><E53/><N who="3" m="20586" /><G28/><T117/><D117/><U2/><E2/><V57/><F116/><W38/><G38/><AGARI ba="0,0" hai="14,17,20,32,33,38,42,47" m="47115,43593" machi="38" ten="30,2000,0" yaku="11,1,52,1" doraHai="70" who="0" fromWho="3" sc="499,20,69,0,391,0,41,-20" owari="519,61.9,69,-33.1,391,19.1,21,-47.9" /></mjloggm>