<mjloggm ver="2.3"><GO type="225" lobby="0"/><UN n0="%E3%81%AF%E3%82%88%E3%81%8A%E3%81%98%E3%81%95%E3%82%93" n1="%E3%83%AC%E3%82%A4%E3%83%88%E3%83%B3%E5%87%86%E6%95%99%E6%8E%88" n2="%E5%8B%95%E7%89%A9%E5%9C%92%E3%81%AE%E3%81%8F%E3%82%8D" n3="%E3%81%92%E3%81%A3%E3%81%A1" dan="17,18,16,17" rate="2199.22,2256.45,2147.07,2228.00" sx="M,M,M,M"/><TAIKYOKU oya="0"/><INIT seed="0,0,0,2,2,43" ten="250,250,250,250" oya="0" hai0="77,30,79,19,34,135,84,11,98,36,76,27,50" hai1="32,111,100,86,134,106,132,112,44,88,120,66,49" hai2="95,103,33,68,31,127,45,131,121,81,97,67,104" hai3="38,53,15,117,83,20,17,23,114,115,62,48,91"/><T102/><D135/><N who="1" m="51755" /><E120/><V119/><F121/><W61/><G38/><T6/><D36/><U37/><E37/><V47/><F127/><W99/><G117/><T80/><D19/><U54/><E111/><V35/><F131/><W65/><G23/><T9/><D50/><U46/><E32/><V58/><F119/><W28/><G28/><T92/><REACH who="0" step="1"/><D9/><REACH who="0" ten="240,250,250,250" step="2"/><U59/><E112/><V73/><F31/><W101/><G115/><T16/><D16/><U82/><E66/><V70/><F67/><W122/><G65/><T85/><D85/><U5/><E5/><V123/><F123/><W94/><G114/><T29/><D29/><U128/><E128/><V108/><F73/><W57/><G122/><T13/><AGARI ba="0,1" hai="6,11,13,27,30,34,76,77,79,80,84,92,98,102" machi="13" ten="20,7800,0" yaku="1,1,0,1,7,1,53,1" doraHai="43" doraHaiUra="8" who="0" fromWho="0" sc="240,88,250,-26,250,-26,250,-26" /><INIT seed="0,1,0,3,0,30" ten="328,224,224,224" oya="0" hai0="23,76,55,87,50,110,22,36,71,123,117,68,109" hai1="38,124,69,90,105,67,33,113,83,31,4,134,107" hai2="39,37,114,74,9,133,10,121,118,85,112,45,51" hai3="53,29,14,89,13,28,52,135,46,116,72,125,49"/><T61/><D36/><U65/><E38/><V82/><F74/><W127/><G116/><T70/><D117/><U7/><E134/><V47/><F118/><W126/><G72/><T128/><D123/><U80/><E124/><V75/><F75/><W8/><G135/><T27/><D128/><U95/><E113/><V5/><F121/><W41/><G14/><T98/><D61/><U57/><E69/><V92/><F92/><W17/><G89/><T63/><D63/><U26/><E105/><V19/><F133/><W97/><G97/><T96/><D76/><U24/><E107/><V132/><F132/><W91/><G91/><T32/><D32/><U103/><E103/><V81/><F19/><W120/><G120/><T58/><D87/><U129/><E26/><V35/><F85/><W108/><G108/><N who="0" m="41579" /><D22/><U42/><E33/><V0/><F51/><W43/><REACH who="3" step="1"/><G53/><REACH who="3" ten="328,224,224,214" step="2"/><T84/><D84/><U3/><E129/><V25/><F114/><W99/><G99/><T86/><D86/><U40/><E90/><V102/><F112/><W11/><G11/><T48/><D98/><U111/><E111/><V2/><F9/><W16/><G16/><N who="0" m="12775" /><D96/><U44/><E95/><V73/><F73/><W88/><G88/><T106/><D106/><U104/><E104/><V64/><F10/><W119/><G119/><T100/><D100/><U6/><E83/><V54/><F82/><W122/><G122/><T56/><D55/><U12/><E80/><V115/><F54/><W21/><G21/><T94/><D94/><U18/><E18/><V60/><F81/><W66/><G66/><RYUUKYOKU ba="1,1" sc="328,15,224,-15,224,-15,214,15" hai0="48,50,56,58,68,70,71" hai3="8,13,17,28,29,41,43,46,49,52,125,126,127" /><INIT seed="0,2,1,3,0,110" ten="343,209,209,229" oya="0" hai0="65,121,55,100,77,99,52,82,71,0,5,50,118" hai1="54,29,120,20,48,6,23,113,12,61,26,59,107" hai2="129,3,114,122,109,131,64,130,24,75,17,95,14" hai3="78,98,39,43,7,51,63,46,128,85,119,69,41"/><T133/><D118/><U9/><E120/><V49/><F109/><W116/><G128/><T134/><D121/><U10/><E107/><V127/><F122/><W22/><G7/><T2/><D65/><U1/><E113/><V11/><F114/><W15/><G43/><T117/><D71/><U106/><E106/><V35/><F75/><W21/><G39/><T74/><D117/><U111/><E111/><V93/><F64/><W32/><G32/><T42/><D42/><U91/><E91/><V108/><F108/><W89/><G78/><T28/><D28/><U36/><E36/><V72/><F72/><W8/><G98/><T53/><D50/><U88/><E88/><V31/><F127/><W16/><G69/><T76/><D77/><U104/><E104/><V70/><F70/><W115/><G63/><T112/><D112/><U86/><E86/><V80/><F80/><W132/><G132/><N who="0" m="50795" /><D5/><U40/><E40/><V4/><REACH who="2" step="1"/><F49/><REACH who="2" ten="343,209,199,229" step="2"/><W60/><G115/><T73/><D74/><U34/><REACH who="1" step="1"/><E48/><REACH who="1" ten="343,199,199,229" step="2"/><V94/><F94/><AGARI ba="2,3" hai="0,2,52,53,55,73,76,82,94,99,100" m="50795" machi="94" ten="30,2900,0" yaku="20,1,54,1" doraHai="110" who="0" fromWho="2" sc="343,65,199,0,199,-35,229,0" /><INIT seed="0,3,0,5,3,55" ten="408,199,164,229" oya="0" hai0="124,104,98,114,91,69,74,2,52,49,57,90,123" hai1="101,80,115,17,112,23,70,105,62,78,99,75,94" hai2="71,135,16,36,26,133,60,33,22,119,46,43,109" hai3="9,130,103,54,87,77,42,95,47,51,120,128,48"/><T27/><D114/><N who="1" m="43563" /><E70/><V14/><F109/><W44/><G120/><T66/><D123/><U41/><E41/><V59/><F71/><W3/><G103/><T32/><D2/><U63/><E105/><V11/><F119/><W13/><G3/><T61/><D74/><U106/><E106/><V67/><REACH who="2" step="1"/><F33/><REACH who="2" ten="408,199,154,229" step="2"/><W24/><G130/><T39/><D32/><U40/><E40/><V85/><F85/><W7/><G128/><T93/><D69/><U4/><E4/><AGARI ba="3,1" hai="4,11,14,16,22,26,36,43,46,59,60,67,133,135" machi="4" ten="40,5200,0" yaku="1,1,52,1,54,1,53,0" doraHai="55" doraHaiUra="110" who="2" fromWho="1" sc="408,0,199,-61,154,71,229,0" /><INIT seed="1,0,0,5,0,86" ten="408,138,225,229" oya="1" hai0="8,42,54,105,124,58,50,14,93,30,57,55,119" hai1="127,112,104,59,36,17,34,98,90,37,129,0,94" hai2="41,13,61,20,67,22,21,78,80,114,91,25,77" hai3="100,116,76,84,95,5,74,16,130,125,53,64,71"/><U2/><E112/><V51/><F114/><W62/><G125/><T65/><D105/><U117/><E117/><V122/><F122/><W132/><G132/><T75/><D75/><U102/><E127/><V24/><F13/><W92/><G74/><T106/><D106/><U96/><E129/><V43/><F78/><W23/><G130/><T39/><D119/><U101/><E34/><V18/><F51/><W108/><G108/><T60/><D124/><U44/><E59/><V27/><F18/><W63/><G5/><T121/><D121/><U31/><E31/><V89/><F77/><W40/><G40/><N who="2" m="15433" /><F80/><W69/><G116/><T6/><D30/><U107/><E17/><V56/><AGARI ba="0,0" hai="20,21,22,24,25,27,56,61,67,89,91" m="15433" machi="56" ten="40,5200,0" yaku="8,1,52,2" doraHai="86" who="2" fromWho="2" sc="408,-13,138,-26,225,52,229,-13" /><INIT seed="2,0,0,0,0,130" ten="395,112,277,216" oya="2" hai0="100,96,90,10,116,123,56,109,29,71,128,117,11" hai1="3,113,44,99,122,51,30,46,59,72,38,132,32" hai2="60,18,111,89,20,75,15,118,33,17,70,55,23" hai3="115,135,48,22,47,35,1,58,24,12,61,77,8"/><V27/><F118/><N who="0" m="45674" /><D71/><U84/><E113/><V76/><F111/><W65/><G115/><T98/><D128/><U86/><E72/><V107/><F107/><W94/><G35/><T83/><D109/><U14/><E3/><V16/><F76/><W112/><G1/><T49/><D29/><U62/><E38/><V114/><F75/><W93/><G77/><T41/><D123/><U105/><E122/><V45/><F114/><W106/><G106/><T78/><D90/><U81/><E32/><V36/><F36/><W120/><G135/><T95/><D98/><U91/><E30/><V40/><F40/><W34/><G34/><T68/><D68/><U64/><E132/><V127/><F127/><W74/><G74/><N who="0" m="43479" /><D56/><U52/><E99/><V110/><F70/><W4/><G120/><T26/><D26/><U121/><E105/><V19/><F110/><W28/><REACH who="3" step="1"/><G112/><REACH who="3" ten="395,112,277,206" step="2"/><T42/><D42/><AGARI ba="0,1" hai="4,8,12,22,24,28,42,47,48,58,61,65,93,94" machi="42" ten="30,8000,1" yaku="1,1,2,1,7,1,8,1,53,1" doraHai="130" doraHaiUra="25" who="3" fromWho="0" sc="395,-80,112,0,277,0,206,90" /><INIT seed="3,0,0,2,4,22" ten="315,112,277,296" oya="3" hai0="87,123,104,106,96,26,30,135,84,133,72,46,19" hai1="122,24,134,85,41,97,36,78,33,11,102,6,110" hai2="34,83,75,109,50,39,13,66,25,31,32,80,116" hai3="60,105,63,76,132,51,95,81,48,94,92,62,10"/><W129/><G105/><N who="0" m="40555" /><D123/><U113/><E113/><V52/><F109/><W131/><G132/><N who="0" m="50763" /><D72/><U2/><E134/><V77/><F116/><W42/><G10/><T58/><D96/><U1/><E122/><V68/><F39/><W37/><G37/><T127/><D127/><U59/><E110/><V45/><F83/><W101/><G101/><T3/><D3/><U71/><E71/><V8/><F66/><W15/><G15/><T29/><D46/><U0/><E59/><V55/><F68/><W5/><G5/><T49/><D19/><U56/><E56/><V16/><F34/><W82/><G42/><AGARI ba="0,0" hai="8,13,16,25,31,32,42,45,50,52,55,75,77,80" machi="42" ten="30,7700,0" yaku="7,1,52,1,54,2" doraHai="22" who="2" fromWho="3" sc="315,0,112,0,277,77,296,-77" owari="315,11.5,112,-38.8,354,45.4,219,-18.1" /></mjloggm>