<mjloggm ver="2.3"><GO type="225" lobby="0"/><UN n0="%E3%81%AA%E3%81%A1%30%39%32%37" n1="%54%4F%52" n2="%6D%75%75%6D%75%72%61" n3="%72%69%6F%75%63%68%61%6E" dan="16,17,17,17" rate="2117.83,2237.79,2188.03,2201.07" sx="M,M,F,M"/><TAIKYOKU oya="0"/><INIT seed="0,0,0,0,3,92" ten="250,250,250,250" oya="0" hai0="57,38,89,93,15,63,0,75,33,13,60,61,17" hai1="73,95,23,28,42,44,91,6,116,10,105,90,77" hai2="128,32,84,78,11,8,31,76,98,20,111,126,107" hai3="49,71,48,96,115,39,36,55,50,25,4,106,109"/><T113/><D113/><U81/><E116/><V53/><F111/><W54/><G109/><T67/><D0/><U101/><E28/><V47/><F32/><W52/><G115/><T40/><D33/><U133/><E23/><V16/><F128/><W1/><G71/><T29/><D29/><U123/><E123/><V86/><F31/><W114/><G114/><T94/><D75/><U46/><E133/><V85/><F126/><W117/><G117/><T102/><D38/><U35/><E35/><V51/><F107/><W30/><G4/><T12/><D40/><U19/><E19/><V127/><F98/><W124/><G1/><T37/><D37/><U14/><E105/><V21/><F21/><W108/><G124/><T26/><D94/><U41/><E41/><V58/><F47/><W99/><G108/><T103/><D26/><U45/><REACH who="1" step="1"/><E42/><REACH who="1" ten="250,240,250,250" step="2"/><V18/><F127/><W132/><G132/><T66/><D17/><N who="2" m="6762" /><F20/><N who="3" m="15655" /><G106/><T24/><D24/><U87/><E87/><V112/><F112/><W56/><G36/><T134/><D134/><U104/><E104/><V62/><F78/><W64/><G39/><T110/><D110/><U119/><E119/><V22/><F76/><W100/><G100/><N who="0" m="38443" /><D67/><U121/><E121/><V82/><F82/><W125/><G125/><T7/><D7/><U2/><E2/><V34/><F34/><W97/><G64/><T79/><D79/><U122/><E122/><V9/><F22/><W69/><G69/><T68/><D68/><U88/><E88/><V5/><F5/><W80/><G80/><T59/><D66/><U43/><E43/><RYUUKYOKU ba="0,1" sc="250,0,240,0,250,0,250,0" hai0="12,13,15,57,59,60,61,63,89,93" hai1="6,10,14,44,45,46,73,77,81,90,91,95,101" hai2="8,9,11,51,53,58,62,84,85,86" hai3="48,49,50,52,54,55,56,96,97,99" /><INIT seed="0,1,1,3,2,61" ten="250,240,250,250" oya="0" hai0="102,30,26,68,112,49,0,105,124,18,42,29,13" hai1="5,38,50,131,90,103,54,87,95,41,77,48,123" hai2="83,128,6,93,57,101,62,69,81,111,135,11,10" hai3="16,107,119,73,19,12,120,126,132,89,104,2,20"/><T99/><D112/><U125/><E123/><V17/><F111/><W117/><G126/><T116/><D116/><U110/><E125/><V129/><F69/><W60/><G132/><T75/><D75/><U97/><E110/><V98/><F135/><W113/><G113/><T31/><D0/><U92/><E131/><N who="2" m="50251" /><F17/><W94/><G120/><T59/><D68/><U121/><E121/><V52/><F11/><W8/><G73/><T78/><D78/><U134/><E134/><V23/><F23/><W79/><G79/><T88/><D124/><U74/><E5/><V33/><F33/><W56/><G119/><T32/><D88/><U24/><E24/><V106/><F106/><W72/><G72/><T91/><D91/><U9/><E9/><V127/><F127/><W53/><G117/><T55/><REACH who="0" step="1"/><D42/><REACH who="0" ten="240,240,250,250" step="2"/><U133/><E133/><V28/><F28/><W40/><G40/><T66/><D66/><U44/><REACH who="1" step="1"/><E54/><REACH who="1" ten="240,230,250,250" step="2"/><V100/><F52/><N who="3" m="33799" /><G2/><T27/><D27/><U25/><E25/><V80/><F6/><W118/><G118/><T15/><D15/><U45/><E45/><V35/><F57/><W3/><G3/><T86/><D86/><U47/><E47/><V21/><F98/><N who="3" m="57679" /><G53/><T76/><D76/><U43/><E43/><V114/><F114/><W109/><G109/><T34/><D34/><U70/><E70/><V39/><F35/><W130/><G130/><T36/><D36/><U71/><E71/><V46/><F39/><W67/><G67/><T22/><AGARI ba="1,3" hai="13,18,22,26,29,30,31,32,49,55,59,99,102,105" machi="22" ten="20,3900,0" yaku="1,1,0,1,7,1,53,0" doraHai="61" doraHaiUra="108" who="0" fromWho="0" sc="240,72,230,-14,250,-14,250,-14" /><INIT seed="0,2,0,1,5,64" ten="312,216,236,236" oya="0" hai0="29,101,22,68,53,3,35,133,2,47,86,27,125" hai1="7,82,89,18,58,83,12,33,90,134,120,60,32" hai2="85,96,79,10,127,43,131,17,71,15,51,8,110" hai3="105,123,56,84,126,122,102,91,119,26,67,113,19"/><T20/><D133/><U48/><E120/><N who="3" m="46122" /><G113/><T94/><D125/><U4/><E134/><V88/><F127/><W80/><G126/><T16/><D22/><U59/><E48/><V92/><F110/><W24/><G119/><T54/><D68/><U81/><E18/><V70/><F131/><W39/><G39/><T6/><D47/><U57/><E60/><V128/><F128/><W61/><G19/><T9/><D3/><U132/><E132/><V116/><F116/><W73/><G73/><T0/><D0/><U46/><E46/><V36/><F36/><W93/><G105/><T100/><D101/><U50/><E50/><V75/><F75/><W109/><G109/><T76/><D76/><U72/><E72/><V124/><F124/><W115/><G115/><T63/><D63/><U130/><E130/><V49/><F8/><W108/><G108/><T78/><D78/><U117/><E117/><V87/><F51/><W14/><G14/><N who="0" m="9239" /><D86/><U28/><E12/><V107/><F87/><N who="3" m="52479" /><G102/><T55/><D53/><U111/><E111/><V114/><F114/><W121/><N who="3" m="46130" /><W106/><DORA hai="135" /><G106/><T52/><D54/><U37/><E37/><V38/><F107/><W129/><G129/><T5/><D6/><N who="1" m="2091" /><E28/><V41/><F38/><W74/><G74/><T45/><D45/><U30/><E30/><V21/><F49/><W34/><G34/><AGARI ba="2,0" hai="32,33,34,57,58,59,81,82,83,89,90" m="2091" machi="34" ten="40,2600,0" yaku="28,2" doraHai="64,135" who="1" fromWho="3" sc="312,0,216,32,236,0,236,-32" /><INIT seed="1,0,0,1,4,37" ten="312,248,236,204" oya="1" hai0="54,101,121,19,93,90,131,125,47,127,106,77,123" hai1="99,64,80,105,104,38,98,18,36,11,46,135,14" hai2="21,12,65,116,66,91,124,30,9,40,122,5,110" hai3="88,89,22,84,82,108,114,58,49,44,41,48,126"/><U107/><E135/><V60/><F116/><W68/><G114/><T42/><D77/><U111/><E111/><V25/><F122/><N who="0" m="46602" /><D54/><U50/><E64/><V113/><F124/><N who="0" m="47690" /><D131/><U79/><E38/><V8/><F110/><W27/><G126/><T85/><D19/><U128/><E36/><V73/><F73/><W29/><G68/><T132/><D132/><U112/><E112/><V43/><F113/><W59/><G108/><T16/><D16/><U56/><E56/><N who="3" m="21546" /><G48/><N who="0" m="26743" /><D101/><U57/><E57/><N who="2" m="37007" /><F66/><W15/><G15/><T20/><D20/><U26/><E26/><V100/><F100/><W75/><G75/><T119/><D119/><U71/><E71/><V74/><F74/><W103/><G103/><T7/><D7/><U81/><E128/><V34/><F34/><W28/><G29/><T95/><D95/><U118/><E118/><V0/><F91/><AGARI ba="0,0" hai="22,27,28,41,44,49,82,84,88,89,91" m="21546" machi="91" ten="30,3900,0" yaku="8,1,52,1,54,1" doraHai="37" who="3" fromWho="2" sc="312,0,248,0,236,-39,204,39" /><INIT seed="2,0,0,2,5,122" ten="312,248,197,243" oya="2" hai0="135,95,35,27,63,106,94,84,78,20,1,49,13" hai1="99,85,55,82,69,75,71,57,37,7,45,32,46" hai2="28,33,119,48,19,132,58,34,11,104,16,10,47" hai3="86,22,62,43,121,87,17,130,31,105,5,59,128"/><V107/><F119/><W110/><G110/><T97/><D1/><U79/><E32/><V126/><F126/><W67/><G121/><T77/><D135/><U96/><E7/><V116/><F116/><W38/><G105/><T2/><D2/><U109/><E109/><V42/><F132/><W6/><G31/><T127/><D106/><U53/><E75/><V56/><F28/><W18/><G18/><T64/><D35/><U65/><E53/><V40/><REACH who="2" step="1"/><F47/><REACH who="2" ten="312,248,187,243" step="2"/><N who="3" m="24055" /><G5/><T9/><D127/><U91/><E46/><V129/><F129/><N who="3" m="49771" /><G6/><T102/><D102/><U74/><E45/><V14/><F14/><AGARI ba="0,1" hai="14,17,22,59,62,67,86,87" m="49771,24055" machi="14" ten="30,1000,0" yaku="19,1" doraHai="122" who="3" fromWho="2" sc="312,0,248,0,187,-10,243,20" /><INIT seed="3,0,0,3,0,8" ten="312,248,177,263" oya="3" hai0="20,134,65,76,113,130,23,126,14,42,77,17,29" hai1="43,44,90,21,67,37,33,103,80,133,84,69,119" hai2="123,38,104,105,58,88,22,26,16,74,72,86,85" hai3="71,57,63,27,89,75,40,94,50,30,110,15,9"/><W87/><G75/><T81/><D134/><U36/><E33/><V70/><F70/><W3/><G3/><T0/><D0/><U46/><E133/><V92/><F38/><W10/><G110/><T82/><D130/><U6/><E119/><V117/><F117/><W115/><G115/><T52/><D126/><U91/><E103/><V127/><F127/><W7/><G71/><T45/><D65/><U79/><E6/><V99/><F123/><W102/><G102/><T124/><D113/><U4/><E4/><V131/><F131/><W2/><G50/><N who="0" m="28751" /><D42/><U111/><E111/><V49/><F72/><W101/><G101/><T96/><D96/><U51/><E21/><V109/><F74/><W32/><G40/><T120/><D120/><U64/><E36/><V12/><F109/><W39/><G39/><T48/><D48/><U24/><E24/><V59/><F104/><W53/><G9/><T19/><D29/><U18/><E18/><N who="2" m="12631" /><F105/><W122/><REACH who="3" step="1"/><G2/><REACH who="3" ten="312,248,177,253" step="2"/><T1/><D1/><U28/><E69/><V125/><F125/><W25/><G25/><N who="0" m="14479" /><D124/><U47/><E37/><V106/><F106/><W13/><G13/><T73/><D73/><U93/><E43/><V5/><F5/><W62/><G62/><T116/><D116/><U129/><E129/><V66/><F49/><W34/><G34/><T55/><D55/><U41/><E41/><V100/><F66/><W54/><G54/><T31/><D31/><U121/><E51/><V95/><F85/><W108/><G108/><T78/><AGARI ba="0,1" hai="14,19,23,76,77,78,81,82" m="14479,28751" machi="78" ten="30,4000,0" yaku="8,1,52,1,54,1" doraHai="8" who="0" fromWho="0" sc="312,50,248,-10,177,-10,253,-20" owari="362,46.2,238,3.8,167,-33.3,233,-16.7" /></mjloggm>