<mjloggm ver="2.3"><GO type="225" lobby="0"/><UN n0="%E7%99%BD%E6%97%A5%E9%9B%AA%E8%8F%9C" n1="%E5%A4%9C%E5%85%89%E5%A4%A9%E6%A5%BC" n2="%E9%B3%B3%E6%9D%B1%E3%81%AE%E3%81%86%E3%81%95%E3%81%8E%E3%81%95%E3%82%93" n3="%E6%A1%9C%E8%8A%B1%E9%96%83%E3%80%85" dan="17,16,17,16" rate="2185.88,2135.03,2251.37,2203.35" sx="M,F,M,M"/><TAIKYOKU oya="0"/><INIT seed="0,0,0,0,0,95" ten="250,250,250,250" oya="0" hai0="0,9,26,51,121,91,6,72,111,131,58,28,10" hai1="14,117,127,24,73,89,27,49,35,3,101,21,22" hai2="126,118,13,102,71,1,83,40,110,66,4,109,88" hai3="16,82,48,55,39,130,122,29,79,77,113,128,78"/><T112/><D112/><U76/><E117/><V38/><F118/><W12/><G39/><T45/><D121/><U125/><E3/><V52/><F1/><W63/><G113/><T64/><D72/><U107/><E89/><V74/><F126/><N who="1" m="48137" /><E14/><V106/><F66/><W75/><G29/><T33/><D131/><N who="3" m="50217" /><G63/><T90/><D111/><N who="2" m="42506" /><F71/><W108/><G108/><T42/><REACH who="0" step="1"/><D9/><REACH who="0" ten="240,250,250,250" step="2"/><U17/><E73/><V41/><F74/><W129/><G122/><T57/><D57/><U56/><E56/><V62/><F4/><W116/><G116/><T123/><D123/><U96/><E35/><V100/><F38/><W115/><G115/><T18/><D18/><N who="1" m="12343" /><E49/><V92/><F62/><AGARI ba="0,1" hai="0,6,10,26,28,33,42,45,51,58,62,64,90,91" machi="62" ten="40,3900,0" yaku="1,1,53,1" doraHai="95" doraHaiUra="44" who="0" fromWho="2" sc="240,49,250,0,250,-39,250,0" /><INIT seed="0,1,0,2,3,64" ten="289,250,211,250" oya="0" hai0="86,91,20,19,6,62,104,81,101,22,133,47,25" hai1="17,10,26,118,13,69,59,109,37,42,88,71,30" hai2="58,40,5,125,4,65,33,130,3,107,28,84,108" hai3="92,103,106,45,68,134,50,128,31,79,15,96,67"/><T120/><D120/><U123/><E118/><V87/><F107/><W55/><G134/><T60/><D133/><U100/><E123/><V119/><F119/><W57/><G128/><T12/><D104/><U38/><E100/><V48/><F130/><W115/><G115/><T126/><D101/><U24/><E24/><V78/><F125/><W49/><G79/><T97/><D97/><U61/><E109/><V27/><F108/><W35/><G15/><T11/><D126/><U99/><E38/><V112/><F112/><W0/><G0/><T117/><D117/><U54/><E42/><V82/><F3/><W135/><G92/><T94/><D94/><N who="1" m="56775" /><E30/><V39/><F87/><W129/><G129/><T1/><REACH who="0" step="1"/><D47/><REACH who="0" ten="279,250,211,250" step="2"/><U2/><E2/><V16/><F82/><W41/><G135/><T121/><D121/><U36/><E36/><V34/><F39/><W122/><G122/><T80/><D80/><U127/><E37/><V74/><F33/><W56/><G35/><T72/><D72/><U43/><E127/><V83/><F74/><W21/><G106/><T70/><D70/><U131/><E131/><V44/><REACH who="2" step="1"/><F16/><AGARI ba="1,1" hai="1,6,11,12,16,19,20,22,25,60,62,81,86,91" machi="16" ten="30,5800,0" yaku="1,1,7,1,54,1,53,0" doraHai="64" doraHaiUra="105" who="0" fromWho="2" sc="279,71,250,0,211,-61,250,0" /><INIT seed="0,2,0,0,0,125" ten="350,250,150,250" oya="0" hai0="74,3,36,104,128,13,68,110,28,131,50,42,5" hai1="95,57,114,123,102,135,58,122,79,11,127,134,90" hai2="27,60,87,99,84,96,107,37,115,119,80,23,44" hai3="78,111,72,20,24,64,126,46,101,92,82,83,45"/><T53/><D104/><U120/><E127/><V41/><F115/><W51/><G126/><T67/><D74/><U16/><E79/><V66/><F119/><W30/><G111/><T9/><D110/><U49/><E102/><V62/><F107/><W2/><G2/><T47/><D28/><U97/><E114/><V19/><F62/><W21/><G64/><T105/><D105/><U112/><E112/><V75/><F75/><W98/><G83/><T26/><D26/><U108/><E49/><V86/><REACH who="2" step="1"/><F80/><REACH who="2" ten="350,250,140,250" step="2"/><W59/><G72/><T93/><D93/><U81/><E81/><V31/><F31/><W12/><G82/><T7/><D68/><AGARI ba="2,1" hai="19,23,27,37,41,44,60,66,68,84,86,87,96,99" machi="68" ten="40,1300,0" yaku="1,1,53,0" doraHai="125" doraHaiUra="113" who="2" fromWho="0" sc="350,-19,250,0,140,29,250,0" /><INIT seed="1,0,0,4,2,14" ten="331,250,169,250" oya="1" hai0="72,80,37,95,70,99,56,114,15,77,53,112,2" hai1="69,88,74,118,48,109,115,119,128,62,122,68,4" hai2="135,9,117,46,45,7,133,93,98,125,57,73,35" hai3="66,20,58,16,44,38,129,127,54,10,22,52,12"/><U104/><E4/><V55/><F125/><W85/><G127/><T32/><D2/><U121/><E104/><V103/><F73/><W96/><G129/><T79/><D70/><N who="1" m="27243" /><E74/><V26/><F117/><N who="1" m="44553" /><E88/><V71/><F71/><W0/><G0/><T94/><D32/><U86/><E86/><V75/><F75/><W11/><G96/><T3/><D3/><U51/><E128/><V126/><F126/><W29/><G38/><T123/><D37/><U13/><E13/><V34/><F9/><N who="3" m="3083" /><G44/><T76/><D15/><U18/><E18/><V49/><F7/><W30/><G85/><T25/><D25/><U90/><E90/><V47/><REACH who="2" step="1"/><F26/><REACH who="2" ten="331,250,159,250" step="2"/><N who="3" m="16599" /><G30/><T61/><D72/><U60/><E115/><V17/><F17/><W105/><G105/><T67/><D114/><U5/><E5/><V82/><F82/><W111/><G111/><T92/><D80/><U108/><E121/><V106/><F106/><W81/><G81/><T50/><D123/><U40/><E122/><V89/><F89/><W134/><G134/><AGARI ba="0,1" hai="34,35,45,46,47,49,55,57,93,98,103,133,134,135" machi="134" ten="40,8000,1" yaku="1,1,20,1,53,3" doraHai="14" doraHaiUra="130" who="2" fromWho="3" sc="331,0,250,0,159,90,250,-80" /><INIT seed="2,0,0,4,5,132" ten="331,250,249,170" oya="2" hai0="5,20,37,81,16,121,55,80,45,12,4,104,131" hai1="50,120,124,26,65,7,68,43,69,21,83,133,30" hai2="34,129,85,74,107,113,70,117,67,10,103,78,24" hai3="0,35,134,100,135,3,29,57,54,17,44,98,116"/><V76/><F113/><W101/><G116/><T23/><D121/><U97/><E133/><N who="3" m="50698" /><G44/><T122/><D122/><U105/><E120/><V125/><F117/><W6/><G17/><T77/><D104/><U106/><E7/><V42/><F129/><W49/><G6/><T32/><D32/><U51/><E106/><V94/><F10/><W127/><G101/><T48/><D131/><U66/><E43/><V64/><F42/><W89/><G89/><T28/><D37/><U58/><E105/><V86/><F76/><W46/><G46/><T123/><D81/><U36/><E83/><V130/><F78/><W25/><G127/><T9/><D123/><U79/><E124/><V109/><F103/><W62/><G49/><T33/><D33/><U84/><E84/><V59/><F85/><W93/><AGARI ba="0,0" hai="0,3,25,29,35,54,57,62,93,98,100" m="50698" machi="93" ten="30,1100,0" yaku="20,1" doraHai="132" who="3" fromWho="3" sc="331,-3,250,-3,249,-5,170,11" /><INIT seed="3,0,0,4,3,46" ten="328,247,244,181" oya="3" hai0="91,131,132,110,68,88,49,77,55,84,122,7,5" hai1="36,50,24,43,109,102,69,39,21,28,19,72,1" hai2="18,31,45,26,95,129,105,80,87,113,126,56,6" hai3="130,116,9,89,127,20,3,4,32,82,100,93,125"/><W121/><G116/><T41/><D122/><U79/><E69/><V73/><F105/><W57/><G121/><T101/><D68/><U120/><E120/><V98/><F113/><W90/><G32/><T35/><D35/><U29/><E1/><V22/><F73/><W15/><G130/><T14/><D110/><U94/><E109/><V118/><F118/><W11/><G20/><T62/><D101/><U48/><E39/><V58/><F129/><W128/><G128/><T12/><D132/><U108/><E36/><V133/><F133/><W67/><G67/><T8/><D62/><U76/><E43/><V117/><F6/><N who="0" m="2058" /><D41/><U40/><E72/><V37/><F126/><N who="3" m="48139" /><G57/><T63/><D63/><U30/><E40/><V86/><F117/><W111/><G111/><T60/><D60/><U81/><E108/><V99/><F37/><W92/><G100/><T104/><D131/><U115/><E115/><V107/><F45/><W75/><G11/><T78/><D104/><U17/><E17/><V33/><F107/><W34/><G34/><T0/><D8/><U51/><E81/><V74/><F31/><W53/><G53/><T54/><D54/><U38/><E38/><V47/><F33/><W97/><G3/><T66/><D0/><U96/><AGARI ba="0,0" hai="19,21,24,28,29,30,48,50,51,76,79,94,96,102" machi="96" ten="40,8000,1" yaku="0,1,8,1,52,3" doraHai="46" who="1" fromWho="1" sc="328,-20,247,80,244,-20,181,-40" owari="308,10.8,327,42.7,224,-17.6,141,-35.9" /></mjloggm>