<mjloggm ver="2.3"><GO type="225" lobby="0"/><UN n0="%6D%61%74%69%67%75%73%61" n1="%E6%A1%9C%E8%8A%B1%E9%96%83%E3%80%85" n2="%E7%9C%BC%E7%A7%91%E5%8C%BB" n3="%E7%89%B9%E6%9D%B1%E3%81%AF%E4%B8%96%E7%95%8C%E3%82%92%E6%95%91%E3%81%86" dan="17,17,16,16" rate="2158.75,2204.94,2089.57,2135.15" sx="M,M,M,M"/><TAIKYOKU oya="0"/><INIT seed="0,0,0,5,1,69" ten="250,250,250,250" oya="0" hai0="99,46,29,10,57,61,87,120,45,39,32,63,96" hai1="130,107,30,25,105,35,28,76,71,101,13,100,2" hai2="40,95,23,49,133,70,79,113,68,134,42,12,121" hai3="52,119,92,17,20,104,86,1,64,14,67,54,19"/><T126/><D120/><U115/><E2/><V114/><F79/><W75/><G119/><T51/><D126/><U91/><E130/><V103/><F103/><W3/><G104/><T27/><D87/><U56/><E71/><N who="2" m="27179" /><F95/><W8/><G75/><T31/><D10/><U127/><E127/><V65/><F12/><W9/><G92/><T106/><D106/><U4/><E76/><V47/><F23/><W124/><G124/><T97/><D29/><U98/><E115/><N who="2" m="44043" /><F65/><W112/><G86/><T15/><D15/><U60/><E30/><V6/><F6/><W50/><G112/><T80/><D80/><U132/><E91/><V90/><F90/><W118/><G14/><T131/><D131/><U37/><E13/><V5/><F5/><W128/><G128/><T109/><D109/><U77/><E77/><V73/><F73/><W110/><G110/><T36/><D46/><U102/><E4/><V88/><F88/><W111/><G111/><T125/><D125/><U129/><E129/><V33/><F33/><W53/><G20/><T74/><D74/><U55/><E102/><V41/><F121/><W21/><G21/><T59/><D99/><U66/><E101/><V24/><F24/><W44/><G3/><T82/><D82/><U18/><E107/><V58/><F58/><N who="0" m="22026" /><D97/><U38/><E66/><N who="3" m="25130" /><G1/><T108/><D96/><U43/><E98/><V135/><AGARI ba="0,0" hai="40,41,42,47,49,133,134,135" m="44043,27179" machi="135" ten="40,5200,0" yaku="20,1,34,2" doraHai="69" who="2" fromWho="2" sc="250,-26,250,-13,250,52,250,-13" /><INIT seed="1,0,0,5,1,29" ten="224,237,302,237" oya="1" hai0="49,28,102,55,76,89,64,6,68,92,58,16,46" hai1="113,84,135,38,19,47,74,90,18,4,112,96,30" hai2="7,99,13,70,52,36,61,85,130,32,62,118,73" hai3="21,51,59,115,109,134,26,10,111,124,20,125,82"/><U107/><E74/><V120/><F73/><W123/><G82/><T81/><D102/><U9/><E135/><V5/><F120/><W45/><G59/><T108/><D108/><N who="3" m="41545" /><G51/><T133/><D6/><U97/><E30/><V75/><F75/><W131/><G45/><T22/><D133/><U43/><E112/><V132/><F118/><W34/><G134/><T110/><D28/><U79/><E79/><V88/><F36/><W105/><G105/><T83/><D68/><U15/><E113/><V116/><F116/><W98/><G98/><T54/><D64/><U106/><E106/><V121/><F121/><W11/><G115/><T114/><D76/><U35/><E35/><V129/><F99/><W50/><G50/><N who="0" m="29015" /><D114/><U100/><REACH who="1" step="1"/><E97/><REACH who="1" ten="224,227,302,237" step="2"/><V17/><F32/><W12/><G123/><T31/><D31/><U95/><AGARI ba="0,1" hai="4,9,15,18,19,38,43,47,84,90,95,96,100,107" machi="95" ten="20,7800,0" yaku="1,1,2,1,0,1,7,1,53,0" doraHai="29" doraHaiUra="72" who="1" fromWho="1" sc="224,-26,227,88,302,-26,237,-26" /><INIT seed="1,1,0,1,0,116" ten="198,315,276,211" oya="1" hai0="16,104,69,67,64,88,92,59,44,110,111,98,121" hai1="5,45,126,115,9,57,35,17,109,66,106,22,74" hai2="86,120,33,123,1,114,99,48,129,124,96,103,39" hai3="127,42,56,12,91,63,73,72,21,32,10,108,6"/><U78/><E115/><V49/><F39/><W13/><G32/><T23/><D69/><U14/><E106/><V100/><F33/><W27/><G108/><N who="0" m="41515" /><D104/><U24/><E109/><V128/><F86/><W52/><G127/><T80/><D121/><U75/><E126/><V40/><F40/><W4/><G42/><T38/><D59/><U2/><E45/><V54/><F54/><W81/><G91/><T93/><D80/><U113/><E78/><V36/><F36/><W65/><G81/><T43/><D92/><U135/><E135/><V101/><F1/><W97/><G97/><N who="2" m="37449" /><F124/><W85/><G85/><T11/><D11/><U53/><E66/><V50/><F114/><W122/><G122/><AGARI ba="1,0" hai="48,49,50,100,101,103,120,122,123,128,129" m="37449" machi="122" ten="40,8000,1" yaku="28,2,52,3" doraHai="116" who="2" fromWho="3" sc="198,0,315,0,276,83,211,-83" /><INIT seed="2,0,0,4,3,31" ten="198,315,359,128" oya="2" hai0="1,102,15,13,19,30,82,132,115,78,127,114,134" hai1="21,108,32,56,40,24,85,70,45,11,126,111,100" hai2="133,53,2,124,38,7,119,87,66,68,77,18,75" hai3="27,72,51,35,80,63,67,47,41,69,42,101,23"/><V60/><F119/><W81/><G72/><T105/><D1/><U90/><E70/><V110/><F87/><W89/><G42/><T5/><D127/><U93/><E126/><V28/><F124/><W86/><G101/><T96/><D5/><U129/><E129/><V94/><F94/><W9/><G9/><T98/><D30/><U6/><E56/><V88/><F88/><W44/><G44/><T97/><D13/><U120/><E100/><V74/><F18/><W17/><REACH who="3" step="1"/><G81/><REACH who="3" ten="198,315,359,118" step="2"/><T52/><D102/><U29/><E45/><V14/><F75/><W16/><G16/><T50/><D105/><U113/><E40/><V125/><F74/><W95/><G95/><T34/><D82/><U92/><E92/><V99/><F125/><W71/><G71/><T49/><D132/><U0/><E120/><V4/><F133/><W61/><G61/><T83/><D134/><U36/><E36/><V54/><F38/><W55/><G55/><T116/><D52/><U22/><REACH who="1" step="1"/><E113/><REACH who="1" ten="198,305,359,118" step="2"/><V84/><F68/><W106/><G106/><T118/><D115/><U64/><E64/><V135/><F66/><W76/><G76/><T33/><D114/><U91/><E91/><V112/><F77/><W59/><G59/><T46/><D46/><U39/><E39/><V37/><F37/><W57/><G57/><T79/><D79/><U43/><E43/><V107/><F112/><W62/><G62/><T128/><D78/><U104/><E104/><V131/><F107/><W103/><G103/><T109/><D83/><U25/><E25/><V20/><F135/><W130/><G130/><RYUUKYOKU ba="0,2" sc="198,-15,305,15,359,-15,118,15" hai1="0,6,11,21,22,24,29,32,85,90,93,108,111" hai3="17,23,27,35,41,47,51,63,67,69,80,86,89" /><INIT seed="3,1,2,3,3,44" ten="183,320,344,133" oya="3" hai0="52,32,21,35,95,12,45,130,63,14,42,134,40" hai1="33,82,15,107,7,16,109,115,71,94,9,65,77" hai2="120,83,55,79,0,59,19,68,66,57,1,8,70" hai3="110,85,54,74,108,124,96,128,51,18,112,46,48"/><W49/><G112/><T101/><D130/><U104/><E115/><V102/><F120/><W127/><G74/><T25/><D134/><U118/><E109/><N who="3" m="42090" /><G128/><T13/><D32/><U103/><E118/><V73/><F102/><W69/><G69/><T43/><D35/><U132/><E132/><V91/><F0/><W133/><G133/><T31/><D63/><U58/><E33/><V37/><F37/><W113/><G113/><T5/><D5/><U99/><E71/><V114/><F114/><W92/><G18/><T47/><D52/><U135/><E135/><V72/><F72/><W20/><G20/><T98/><AGARI ba="1,2" hai="12,13,14,21,25,31,40,42,43,45,47,95,98,101" machi="98" ten="40,2700,0" yaku="0,1,8,1" doraHai="44" who="0" fromWho="0" sc="183,50,320,-8,344,-8,133,-14" owari="233,-16.7,312,11.2,336,43.6,119,-38.1" /></mjloggm>