<mjloggm ver="2.3"><GO type="225" lobby="0"/><UN n0="%E3%81%8B%E3%82%8F%E3%81%A1%E3%82%83%E3%82%93%35%38" n1="%E3%83%8F%E3%83%B3%E3%83%89%E3%83%A9%E3%83%BC%E3%83%BB%E3%83%AF%E3%83%B3" n2="%E3%81%B5%E3%81%98%E3%81%8B%E3%81%A4" n3="%E3%81%8D%E3%82%85%E3%81%86" dan="16,16,16,16" rate="2134.82,2145.09,2185.49,2070.65" sx="M,M,M,M"/><TAIKYOKU oya="0"/><INIT seed="0,0,0,4,5,46" ten="250,250,250,250" oya="0" hai0="56,99,50,59,90,111,35,132,135,131,121,112,104" hai1="39,80,18,31,134,43,85,40,125,38,92,98,57" hai2="41,72,69,94,54,71,83,106,48,97,64,91,119" hai3="2,52,66,88,65,45,8,22,30,21,122,89,109"/><T5/><D35/><U120/><E120/><V68/><F119/><W114/><G114/><T113/><D5/><U7/><E125/><V107/><F41/><W60/><G109/><T77/><D77/><U23/><E134/><N who="0" m="51241" /><D90/><N who="3" m="34921" /><G2/><T28/><D28/><U117/><E117/><V17/><F17/><W44/><G8/><T63/><D99/><U81/><E31/><V100/><F64/><N who="3" m="24683" /><G122/><T67/><D104/><U42/><E7/><V73/><F83/><N who="1" m="31817" /><E39/><V11/><F11/><W12/><G12/><T133/><D133/><U61/><E38/><V36/><F36/><W1/><G1/><T101/><D101/><N who="1" m="60615" /><E85/><V20/><F20/><N who="3" m="7787" /><G30/><T126/><D121/><U102/><E102/><V32/><F32/><W118/><G118/><T24/><D126/><U16/><E23/><V14/><F14/><W127/><G127/><T19/><D19/><U55/><AGARI ba="0,0" hai="16,18,40,42,43,55,57,61" m="60615,31817" machi="55" ten="30,2000,0" yaku="8,1,54,1" doraHai="46" who="1" fromWho="1" sc="250,-10,250,20,250,-5,250,-5" /><INIT seed="1,0,0,0,1,55" ten="240,270,245,245" oya="1" hai0="130,75,25,16,44,53,14,135,57,71,7,46,34" hai1="41,64,43,110,15,85,73,3,47,72,1,68,54" hai2="28,45,122,105,120,36,40,21,118,108,89,9,106" hai3="107,70,4,103,82,27,63,13,94,78,32,20,2"/><U19/><E110/><V121/><F118/><W77/><G107/><T5/><D75/><U23/><E68/><V24/><F108/><W125/><G2/><T33/><D71/><U79/><E64/><V95/><REACH who="2" step="1"/><F9/><REACH who="2" ten="240,270,235,245" step="2"/><W134/><G134/><T61/><D135/><U50/><E1/><V119/><F119/><W87/><G125/><T35/><D130/><U91/><E3/><V96/><AGARI ba="0,1" hai="21,24,28,36,40,45,89,95,96,105,106,120,121,122" machi="96" ten="30,4000,0" yaku="1,1,0,1,53,1" doraHai="55" doraHaiUra="90" who="2" fromWho="2" sc="240,-10,270,-20,235,50,245,-10" /><INIT seed="2,0,0,2,5,133" ten="230,250,285,235" oya="2" hai0="115,108,21,85,9,13,4,60,7,134,93,82,91" hai1="32,116,41,86,107,20,45,88,52,95,19,99,100" hai2="29,77,46,17,15,65,54,25,83,50,70,56,129" hai3="64,61,132,123,125,66,69,59,80,55,2,113,119"/><V76/><F129/><W35/><G35/><T1/><D115/><U44/><E32/><V16/><F70/><W103/><G2/><T68/><D134/><U72/><E116/><V34/><F15/><W24/><G24/><T43/><D108/><U112/><E112/><V51/><F77/><W3/><G3/><T96/><D43/><U109/><E109/><V74/><REACH who="2" step="1"/><F65/><REACH who="2" ten="230,250,275,235" step="2"/><W57/><G69/><T63/><D68/><U89/><E72/><V62/><F62/><N who="0" m="23594" /><D1/><U90/><E44/><V36/><F36/><W128/><G61/><T33/><D33/><U5/><E5/><V58/><F58/><W126/><G59/><T22/><D4/><U94/><E107/><V117/><F117/><W75/><G57/><T73/><D73/><U12/><REACH who="1" step="1"/><E52/><AGARI ba="0,1" hai="16,17,25,29,34,46,50,51,52,54,56,74,76,83" machi="52" ten="30,11600,0" yaku="1,1,7,1,54,2,53,0" doraHai="133" doraHaiUra="38" who="2" fromWho="1" sc="230,0,250,-116,275,126,235,0" /><INIT seed="2,1,0,4,5,133" ten="230,134,401,235" oya="2" hai0="70,15,49,84,54,30,10,131,34,128,56,129,26" hai1="59,123,85,117,65,39,35,130,108,132,122,25,114" hai2="68,38,22,46,47,67,17,55,104,23,24,31,83" hai3="6,62,113,125,96,111,79,88,57,36,53,97,86"/><V33/><F104/><W91/><G111/><T106/><D106/><U58/><E117/><V16/><F83/><W105/><G36/><T4/><D84/><U95/><E114/><V18/><F68/><AGARI ba="1,0" hai="4,10,15,26,30,34,49,54,56,68,70,128,129,131" machi="68" ten="40,1300,0" yaku="19,1" doraHai="133" who="0" fromWho="2" sc="230,16,134,0,401,-16,235,0" /><INIT seed="3,0,0,5,4,107" ten="246,134,385,235" oya="3" hai0="61,126,28,96,72,102,86,33,92,67,25,22,46" hai1="98,51,34,45,26,55,81,0,124,62,94,50,53" hai2="114,70,13,99,110,64,119,47,21,134,101,12,125" hai3="104,48,63,73,5,80,117,131,68,57,66,122,39"/><W36/><G104/><T116/><D116/><U129/><E129/><V103/><F110/><W112/><G117/><T97/><D126/><U90/><E124/><V74/><F114/><W82/><G112/><T93/><D72/><U60/><E0/><V69/><F134/><W1/><G131/><T40/><D86/><U127/><E127/><V59/><F74/><W128/><G122/><T41/><D33/><U3/><E3/><V43/><F119/><W71/><G128/><T6/><D6/><U4/><E4/><V76/><F76/><W31/><G31/><T19/><D19/><U113/><E113/><V30/><F125/><W123/><G123/><T52/><D46/><U37/><E37/><N who="3" m="14410" /><G82/><T121/><D52/><U84/><E26/><V27/><F101/><W133/><G80/><T17/><D17/><U78/><REACH who="1" step="1"/><E34/><REACH who="1" ten="246,124,385,235" step="2"/><V111/><F27/><W89/><G5/><T49/><D121/><U24/><E24/><V32/><F32/><W85/><G1/><T118/><D118/><U11/><E11/><V91/><F70/><W108/><G71/><N who="0" m="42479" /><D25/><U23/><E23/><V100/><F21/><W65/><G108/><T15/><D22/><U44/><AGARI ba="0,1" hai="44,45,50,51,53,55,60,62,78,81,84,90,94,98" machi="44" ten="20,8000,1" yaku="1,1,0,1,7,1,9,1,8,1,53,0" doraHai="107" doraHaiUra="14" who="1" fromWho="1" sc="246,-20,124,90,385,-20,235,-40" owari="226,2.6,214,-18.6,365,46.5,195,-30.5" /></mjloggm>