<mjloggm ver="2.3"><GO type="225" lobby="0"/><UN n0="%E6%97%A5%E6%9B%9C%E6%97%A5%E3%82%88%E3%82%8A%E3%81%AE%E4%BD%BF%E8%80%85" n1="%E5%AE%AE%E4%BF%9D%E9%B6%8F%E8%82%89" n2="%E3%81%B7%E3%82%8A%E3%82%93%E8%81%96%E4%BA%BA" n3="%E8%A8%88%E7%AE%97%E6%A9%9F%E8%87%AA%E7%84%B6" dan="17,16,16,17" rate="2149.10,2114.84,2148.87,2188.60" sx="M,M,M,M"/><TAIKYOKU oya="0"/><INIT seed="0,0,0,2,0,89" ten="250,250,250,250" oya="0" hai0="93,43,132,126,56,54,44,33,101,45,50,114,76" hai1="5,117,48,62,73,6,63,79,125,22,12,96,25" hai2="31,24,70,111,116,69,38,109,99,124,30,131,42" hai3="60,51,21,97,134,82,127,18,72,52,4,59,84"/><T67/><D114/><U20/><E117/><V98/><F116/><W86/><G127/><T15/><D33/><U83/><E125/><V28/><F124/><W81/><G134/><T10/><D126/><U95/><E48/><V78/><F78/><W88/><G72/><T35/><D35/><U115/><E115/><V80/><F80/><N who="3" m="30827" /><G4/><T39/><D132/><U100/><E22/><V122/><F24/><N who="3" m="14391" /><G51/><T68/><D76/><U74/><E74/><V92/><F122/><W123/><G123/><T128/><D128/><U57/><E12/><V64/><F131/><W108/><G108/><N who="2" m="41545" /><F99/><W8/><G8/><T3/><D3/><U103/><E103/><N who="2" m="60871" /><F64/><W26/><G26/><T36/><D101/><U34/><E34/><V105/><F105/><W46/><G46/><AGARI ba="0,0" hai="28,30,31,38,42,46,69,70" m="60871,41545" machi="46" ten="30,2000,0" yaku="14,1,52,1" doraHai="89" who="2" fromWho="3" sc="250,0,250,0,250,20,250,-20" /><INIT seed="1,0,0,5,4,96" ten="250,250,270,230" oya="1" hai0="113,133,3,35,132,79,129,20,109,80,98,23,125" hai1="70,126,4,124,16,52,111,47,108,54,121,33,99" hai2="92,8,93,45,7,59,41,49,86,1,28,122,22" hai3="101,61,58,130,120,15,10,97,131,24,21,74,0"/><U84/><E121/><V62/><F122/><W115/><G115/><T38/><D113/><U66/><E33/><V103/><F86/><W53/><G74/><T60/><D35/><U17/><E4/><V42/><F41/><W75/><G75/><T102/><D3/><U110/><E84/><V118/><F118/><W14/><G120/><T81/><D38/><U114/><E114/><V117/><F117/><W18/><G0/><T34/><D34/><U27/><E99/><V123/><F123/><W19/><REACH who="3" step="1"/><G14/><REACH who="3" ten="250,250,270,220" step="2"/><T76/><D133/><U68/><E27/><V90/><F1/><W87/><G87/><T55/><D132/><U69/><E66/><V65/><F65/><W91/><G91/><T112/><D112/><U77/><E77/><V100/><F90/><W134/><G134/><T5/><D79/><U32/><E32/><V12/><F28/><W73/><G73/><T56/><D76/><U94/><E94/><AGARI ba="0,1" hai="10,15,18,19,21,24,53,58,61,94,97,101,130,131" machi="94" ten="40,2600,0" yaku="1,1,52,1,53,0" doraHai="96" doraHaiUra="64" who="3" fromWho="1" sc="250,0,250,-26,270,0,220,36" /><INIT seed="2,0,0,0,0,46" ten="250,224,270,256" oya="2" hai0="105,41,123,110,60,73,12,81,21,44,65,63,84" hai1="68,69,87,7,62,42,35,119,57,125,85,96,18" hai2="92,97,45,1,128,22,48,58,16,77,99,47,74" hai3="75,106,8,10,56,59,27,113,101,107,132,19,117"/><V40/><F1/><W66/><G117/><T100/><D123/><U20/><E119/><V88/><F128/><W37/><G37/><T6/><D73/><U50/><E35/><V133/><F133/><W23/><G75/><T31/><D110/><U61/><E125/><V55/><F77/><W36/><G36/><T112/><D112/><U38/><E38/><V64/><F64/><W33/><G132/><T102/><D105/><U4/><E96/><V108/><F74/><W11/><G113/><T0/><D0/><U103/><E103/><V131/><F131/><W90/><G33/><T32/><D32/><U53/><E69/><V124/><F124/><W116/><G116/><T24/><D12/><U3/><E68/><V39/><F47/><W51/><G101/><T76/><D6/><N who="1" m="2091" /><E3/><V115/><F108/><W25/><G90/><T83/><D83/><U17/><E17/><V26/><F115/><W126/><G126/><T134/><D134/><U13/><E42/><V28/><F28/><W89/><G106/><T70/><REACH who="0" step="1"/><D60/><AGARI ba="0,0" hai="13,18,20,50,53,57,60,61,62,85,87" m="2091" machi="60" ten="30,2000,0" yaku="8,1,52,1" doraHai="46" who="1" fromWho="0" sc="250,-20,224,20,270,0,256,0" /><INIT seed="3,0,0,5,3,22" ten="230,244,270,256" oya="3" hai0="115,70,41,11,56,107,96,20,19,63,104,118,18" hai1="124,40,102,91,10,29,128,59,16,25,131,84,60" hai2="24,108,79,127,23,67,94,15,64,53,8,68,85" hai3="45,0,48,52,26,123,43,119,21,113,88,47,111"/><W62/><G113/><T44/><D118/><U117/><E117/><V77/><F68/><W14/><G119/><T54/><D115/><U66/><E124/><V93/><F127/><W135/><G123/><T116/><D116/><U106/><E40/><V99/><F53/><W35/><G0/><T81/><D70/><U74/><E74/><V92/><F99/><W120/><G120/><T97/><D81/><U5/><E106/><V34/><F34/><W82/><G135/><T71/><D71/><U4/><E102/><V100/><F100/><W1/><G1/><T130/><D130/><N who="1" m="49707" /><E10/><V110/><F67/><W122/><G35/><T89/><D11/><U95/><E16/><N who="2" m="12391" /><F64/><W30/><G111/><N who="2" m="42537" /><F85/><N who="3" m="50231" /><G122/><T98/><D89/><U73/><E73/><V6/><AGARI ba="0,0" hai="6,8,15,77,79,92,93,94" m="42537,12391" machi="6" ten="30,4000,0" yaku="14,1,52,1,54,1" doraHai="22" who="2" fromWho="2" sc="230,-10,244,-10,270,40,256,-20" owari="220,-28.0,234,-16.6,310,41.0,236,3.6" /></mjloggm>