<mjloggm ver="2.3"><GO type="225" lobby="0"/><UN n0="%E6%97%A5%E6%9B%9C%E6%97%A5%E3%82%88%E3%82%8A%E3%81%AE%E4%BD%BF%E8%80%85" n1="%E3%81%82%E3%82%93%E3%81%AA%E3%81%A4" n2="%E6%80%AA%E3%81%97%E3%81%99%E3%81%8E%E3%82%8B%E3%83%81%E3%83%BC" n3="%E3%83%A9%E3%83%BC%E3%83%A1%E3%83%B3%E4%BA%94%E9%83%8E" dan="17,16,16,16" rate="2152.38,2161.58,2166.07,2083.50" sx="M,M,M,M"/><TAIKYOKU oya="0"/><INIT seed="0,0,0,3,3,63" ten="250,250,250,250" oya="0" hai0="85,120,94,72,100,75,90,23,89,11,111,74,92" hai1="133,12,116,30,124,128,130,60,79,80,126,70,109" hai2="39,34,10,112,71,101,40,14,51,125,105,15,56" hai3="27,33,107,24,49,41,1,4,123,65,78,88,35"/><T36/><D36/><U81/><E116/><V16/><F112/><W46/><G107/><T114/><D23/><U131/><E109/><V96/><F125/><N who="1" m="48233" /><E30/><V38/><F71/><W22/><G123/><T19/><D19/><U122/><E122/><V52/><F34/><W57/><G78/><T84/><D11/><U54/><E12/><V86/><F40/><W44/><G44/><T18/><D18/><U2/><E2/><V32/><F32/><W53/><G27/><T42/><D42/><U103/><E103/><V132/><F132/><W77/><G77/><T113/><D120/><U135/><E79/><V28/><F28/><W26/><G26/><T59/><D59/><N who="1" m="34935" /><E70/><V47/><F86/><W129/><G1/><T45/><D45/><U13/><E13/><V73/><F73/><W118/><G118/><T25/><D25/><U37/><E37/><V93/><F105/><W106/><G106/><T95/><D111/><U76/><E76/><V102/><F102/><W121/><G121/><T82/><D100/><U69/><E69/><V8/><REACH who="2" step="1"/><F47/><REACH who="2" ten="250,250,240,250" step="2"/><W64/><G46/><T6/><D6/><AGARI ba="0,1" hai="6,8,10,14,15,16,38,39,51,52,56,93,96,101" machi="6" ten="30,8000,1" yaku="1,1,2,1,7,1,54,2,53,0" doraHai="63" doraHaiUra="43" who="2" fromWho="0" sc="250,-80,250,0,240,90,250,0" /><INIT seed="1,0,0,4,1,117" ten="170,250,330,250" oya="1" hai0="63,115,41,66,89,126,97,18,71,90,116,124,16" hai1="30,74,56,112,54,57,0,121,3,58,48,95,39" hai2="80,82,44,55,81,33,42,69,118,37,12,8,103" hai3="26,23,72,51,133,119,86,113,123,36,98,53,108"/><U14/><E112/><V70/><F118/><W79/><G123/><T59/><D116/><U100/><E39/><V17/><F33/><W28/><G119/><T31/><D115/><U68/><E68/><V29/><F29/><W52/><G113/><T104/><D41/><U65/><E74/><V91/><F103/><W2/><G72/><T125/><D31/><U99/><E121/><V1/><F1/><W102/><G36/><T4/><D4/><U47/><E65/><V132/><F132/><W77/><G2/><T130/><D130/><U75/><E75/><V111/><F111/><W107/><G108/><T87/><D71/><U84/><E30/><V24/><F24/><W78/><G133/><T6/><D6/><U45/><E45/><V9/><F91/><W96/><G96/><T19/><REACH who="0" step="1"/><D87/><REACH who="0" ten="160,250,330,250" step="2"/><U120/><E120/><V64/><F69/><W13/><G86/><T50/><D50/><U40/><E40/><V93/><F70/><W122/><G122/><T83/><D83/><U49/><E48/><V25/><F81/><W134/><G134/><T20/><D20/><U101/><E84/><V11/><F80/><W109/><G109/><T62/><D62/><U67/><E49/><V43/><F82/><W15/><REACH who="3" step="1"/><G53/><REACH who="3" ten="160,250,330,240" step="2"/><T135/><D135/><U129/><E54/><V88/><F55/><W7/><G7/><T46/><D46/><AGARI ba="0,2" hai="13,15,23,26,28,46,51,52,77,78,79,98,102,107" machi="46" ten="40,2600,0" yaku="1,1,54,1,53,0" doraHai="117" doraHaiUra="32" who="3" fromWho="0" sc="160,-26,250,0,330,0,240,46" /><INIT seed="2,0,0,0,5,98" ten="134,250,330,286" oya="2" hai0="65,61,38,34,8,46,103,13,69,85,5,116,0" hai1="93,121,68,113,115,54,66,63,82,90,39,24,2" hai2="22,1,76,25,119,92,42,127,74,36,19,51,114" hai3="109,60,52,32,124,128,94,107,118,111,67,100,71"/><V112/><F119/><W91/><G118/><T79/><D116/><U97/><E2/><V15/><F127/><W58/><G32/><T89/><D34/><U135/><E135/><V43/><F1/><W123/><G123/><T106/><D79/><U10/><E39/><V117/><F117/><W84/><G124/><T41/><D13/><U9/><E121/><V126/><F36/><W55/><G128/><T17/><D17/><U45/><E24/><V28/><F126/><W77/><G77/><T49/><D49/><U18/><E82/><V6/><F6/><W62/><REACH who="3" step="1"/><G55/><REACH who="3" ten="134,250,330,276" step="2"/><T27/><D27/><U105/><E54/><V110/><F76/><W31/><G31/><T96/><D89/><U23/><E90/><V80/><F28/><W26/><G26/><T48/><D85/><U59/><E113/><V125/><F25/><W83/><G83/><T87/><D87/><U134/><E115/><V7/><F80/><W131/><G131/><T12/><D12/><U30/><E30/><V33/><F15/><W14/><G14/><T11/><D11/><U122/><E122/><V102/><F33/><W81/><G81/><T20/><REACH who="0" step="1"/><D48/><REACH who="0" ten="124,250,330,276" step="2"/><U130/><E9/><V99/><F51/><W16/><G16/><T95/><D95/><U64/><E10/><V133/><F19/><W37/><G37/><T44/><D44/><U73/><E45/><V78/><F92/><W132/><G132/><T4/><D4/><U70/><E93/><V129/><F133/><W101/><G101/><T3/><D3/><U35/><E18/><V57/><F114/><W29/><G29/><RYUUKYOKU ba="0,2" sc="124,15,250,-15,330,-15,276,15" hai0="0,5,8,20,38,41,46,61,65,69,96,103,106" hai3="52,58,60,62,67,71,84,91,94,100,107,109,111" /><INIT seed="3,1,2,0,1,94" ten="139,235,315,291" oya="3" hai0="23,29,130,62,101,77,85,105,24,73,132,83,79" hai1="5,68,90,19,60,124,117,113,81,87,41,35,54" hai2="97,11,103,72,16,134,120,18,42,111,66,37,1" hai3="47,12,108,53,13,43,55,128,63,78,76,74,28"/><W104/><G104/><T45/><D130/><U46/><E113/><V34/><F72/><W110/><G128/><T25/><D132/><U2/><E35/><V116/><F34/><W59/><G28/><T86/><D79/><N who="3" m="30249" /><G53/><T20/><D45/><U135/><E124/><V115/><F116/><W58/><G58/><T131/><D131/><U27/><E135/><V40/><F134/><W122/><G74/><T119/><D119/><U67/><E54/><V33/><F33/><W99/><G99/><T98/><REACH who="0" step="1"/><D62/><REACH who="0" ten="129,235,315,291" step="2"/><U106/><E117/><V80/><F120/><W56/><G122/><T96/><D96/><U91/><E46/><V61/><F97/><W51/><G108/><T52/><D52/><U49/><E60/><V121/><F61/><N who="3" m="35999" /><G110/><T14/><D14/><U88/><E2/><V114/><F1/><W129/><G129/><T17/><AGARI ba="1,3" hai="17,20,23,24,25,29,73,77,83,85,86,98,101,105" machi="17" ten="20,5200,0" yaku="1,1,0,1,7,1,52,1,53,0" doraHai="94" doraHaiUra="118" who="0" fromWho="0" sc="129,85,235,-14,315,-14,291,-27" owari="214,-28.6,221,-17.9,301,40.1,264,6.4" /></mjloggm>