<mjloggm ver="2.3"><GO type="225" lobby="0"/><UN n0="%E3%81%9F%E3%81%A3%E3%81%A1%E3%82%87" n1="%E8%A8%88%E7%AE%97%E6%A9%9F%E8%87%AA%E7%84%B6" n2="%E3%82%82%E3%81%90%E3%82%89" n3="%E6%A1%9C%E8%8A%B1%E9%96%83%E3%80%85" dan="16,17,17,18" rate="2056.53,2220.77,2193.72,2267.13" sx="M,M,M,M"/><TAIKYOKU oya="0"/><INIT seed="0,0,0,0,4,45" ten="250,250,250,250" oya="0" hai0="115,95,131,134,85,69,47,97,116,34,12,61,94" hai1="65,15,23,67,110,52,18,66,51,2,40,118,135" hai2="49,105,56,126,1,9,133,10,29,57,106,83,30" hai3="104,103,102,31,0,123,129,91,96,64,79,48,41"/><T37/><D115/><U109/><E118/><V11/><F1/><W75/><G0/><T8/><D116/><U14/><E2/><V28/><F126/><W63/><G129/><T82/><D34/><U99/><E135/><V59/><F133/><W58/><G123/><T70/><D134/><U50/><E99/><V120/><F120/><W88/><G31/><T32/><D32/><U93/><E93/><V125/><F125/><W78/><G75/><T55/><D131/><U100/><E100/><N who="3" m="38442" /><G104/><T84/><D95/><U72/><E72/><V7/><F7/><W114/><G114/><T113/><D113/><U43/><E14/><V119/><F119/><W27/><G27/><T107/><D107/><U60/><E60/><V132/><F132/><W46/><G96/><T127/><D127/><U108/><E50/><V33/><F33/><W42/><G41/><T35/><D35/><U128/><E128/><V21/><F21/><W20/><G20/><T117/><D117/><U39/><E39/><V22/><F22/><W19/><G19/><T101/><D37/><U53/><E53/><N who="2" m="31791" /><F106/><W86/><G91/><T124/><D124/><U36/><E36/><V54/><F105/><W87/><G87/><T26/><D85/><U16/><E18/><V130/><F130/><W73/><G73/><T5/><D69/><U44/><AGARI ba="0,0" hai="15,16,23,40,43,44,51,52,65,66,67,108,109,110" machi="44" ten="40,8000,1" yaku="0,1,14,1,52,1,54,2" doraHai="45" who="1" fromWho="1" sc="250,-40,250,80,250,-20,250,-20" /><INIT seed="1,0,0,0,3,1" ten="210,330,230,230" oya="1" hai0="125,50,121,2,18,133,3,57,52,134,35,84,96" hai1="61,112,23,120,8,86,78,0,37,76,9,80,108" hai2="29,42,92,67,59,75,130,36,53,14,20,87,43" hai3="81,72,93,16,41,64,26,25,60,102,55,129,4"/><U113/><E120/><V21/><F75/><W68/><G129/><T62/><D125/><U7/><E37/><V17/><F130/><W63/><G41/><T114/><D114/><U15/><E108/><V69/><F36/><W94/><G26/><T124/><D124/><U135/><E135/><N who="0" m="51721" /><D35/><U128/><E128/><V31/><F67/><W115/><G115/><T90/><D96/><U103/><E103/><V48/><F69/><W47/><G4/><T5/><D121/><U122/><E122/><V82/><F92/><W6/><G6/><T79/><D79/><U19/><E76/><V30/><REACH who="2" step="1"/><F21/><REACH who="2" ten="210,330,220,230" step="2"/><W11/><G94/><N who="0" m="54599" /><D18/><U28/><E113/><V104/><F104/><W117/><G16/><T99/><D99/><U12/><E112/><V49/><F49/><W132/><G132/><T109/><D109/><U95/><E95/><V118/><F118/><W46/><G117/><T51/><D5/><U44/><E61/><V33/><F33/><W66/><G93/><T70/><D70/><U73/><E73/><V54/><F54/><W38/><G55/><N who="0" m="31991" /><D62/><U39/><E39/><V119/><F119/><W83/><G38/><T107/><D107/><U71/><E71/><V27/><F27/><W40/><G25/><T77/><D52/><U32/><E32/><V97/><F97/><W126/><G72/><T111/><D51/><U56/><E7/><V89/><AGARI ba="0,1" hai="14,17,20,29,30,31,42,43,48,53,59,82,87,89" machi="89" ten="30,4000,0" yaku="1,1,0,1,8,1,53,0" doraHai="1" doraHaiUra="98" who="2" fromWho="2" sc="210,-10,330,-20,220,50,230,-10" /><INIT seed="2,0,0,2,0,111" ten="200,310,270,220" oya="2" hai0="26,63,107,17,23,106,22,89,9,79,18,34,62" hai1="75,66,20,69,78,71,110,28,96,99,117,73,97" hai2="91,113,131,72,135,133,85,51,8,47,46,35,54" hai3="7,129,41,59,70,25,134,15,42,48,101,126,74"/><V29/><F72/><W121/><G121/><T82/><D34/><U80/><E117/><V24/><F131/><W81/><G70/><T55/><D106/><U57/><E73/><V98/><F98/><W31/><G126/><T30/><D107/><U43/><E110/><V27/><F27/><W50/><G101/><T49/><D89/><U116/><E43/><V5/><F47/><W33/><G134/><N who="2" m="51209" /><F85/><W112/><G74/><T65/><D9/><U86/><E116/><V118/><F118/><W64/><G25/><T44/><D65/><U122/><E75/><V56/><F91/><W88/><G88/><T109/><D109/><U103/><E122/><V11/><F11/><W123/><G123/><T77/><D30/><U38/><E97/><V4/><F4/><W124/><G7/><T13/><REACH who="0" step="1"/><D79/><REACH who="0" ten="190,310,270,220" step="2"/><U21/><E28/><V87/><F8/><W127/><G31/><T92/><D92/><U0/><E78/><V2/><F29/><W125/><G33/><T95/><D95/><U53/><E103/><V120/><F35/><W6/><G125/><T108/><D108/><U36/><E20/><V32/><F32/><W102/><G127/><T68/><D68/><U104/><E21/><V40/><F120/><W130/><G124/><T105/><D105/><U14/><E104/><V45/><F5/><W58/><G6/><T3/><D3/><U114/><E0/><V16/><F2/><W60/><G64/><T100/><D100/><U84/><E69/><V37/><F16/><W128/><G102/><T10/><D10/><U93/><E71/><V94/><F94/><RYUUKYOKU ba="0,1" sc="190,30,310,-10,270,-10,220,-10" hai0="13,17,18,22,23,26,44,49,55,62,63,77,82" /><INIT seed="3,1,1,4,0,134" ten="220,300,260,210" oya="3" hai0="58,14,94,88,28,44,24,35,118,93,61,84,12" hai1="32,15,80,112,49,38,59,72,52,87,64,98,135" hai2="27,110,37,122,21,67,55,86,104,91,79,101,47" hai3="100,111,109,102,39,54,23,26,53,57,105,43,19"/><W85/><G85/><T127/><D118/><U65/><E112/><V97/><F110/><N who="3" m="41995" /><G105/><T125/><D93/><U45/><E32/><V4/><F122/><W103/><G57/><T114/><D44/><AGARI ba="1,1" hai="19,23,26,39,43,44,53,54,100,102,103" m="41995" machi="44" ten="30,2900,0" yaku="14,1,10,1" doraHai="134" who="3" fromWho="0" sc="220,-32,300,0,260,0,210,42" /><INIT seed="3,2,0,2,4,15" ten="188,300,260,252" oya="3" hai0="110,27,70,14,101,68,22,69,132,11,65,47,34" hai1="120,127,129,36,58,13,67,4,37,44,128,16,53" hai2="112,111,54,95,87,84,10,109,18,73,72,49,115" hai3="71,91,5,2,103,8,0,50,88,66,130,82,52"/><W99/><G2/><T21/><D110/><N who="2" m="41994" /><F72/><W106/><G130/><N who="1" m="50282" /><E127/><V23/><F10/><W63/><G82/><T57/><D132/><U92/><E120/><V113/><F95/><W39/><G39/><T74/><D74/><U25/><E25/><N who="2" m="14583" /><F73/><W75/><G75/><T64/><D101/><U9/><E92/><V30/><F30/><W117/><G117/><T20/><D47/><AGARI ba="2,0" hai="47,49,54,84,87,112,113,115" m="14583,41994" machi="47" ten="40,2600,0" yaku="14,1,52,1" doraHai="15" who="2" fromWho="0" sc="188,-32,300,0,260,32,252,0" /><AGARI ba="2,0" hai="0,5,8,47,50,52,63,66,71,88,91,99,103,106" machi="47" ten="30,5800,0" yaku="7,1,54,2" doraHai="15" who="3" fromWho="0" sc="156,-58,300,0,292,0,252,58" owari="98,-40.2,300,10.0,292,-10.8,310,41.0" /></mjloggm>