<mjloggm ver="2.3"><GO type="225" lobby="0"/><UN n0="%E6%A1%9C%E8%8A%B1%E9%96%83%E3%80%85" n1="%E9%AD%9A%E8%B0%B7%E4%BE%91%E7%BE%8E" n2="%E5%82%8D%E8%8B%A5%E7%84%A1%E4%BA%BA%35%31" n3="%E3%81%B5%E3%81%98%E3%81%8B%E3%81%A4" dan="16,17,16,16" rate="2167.96,2156.87,2092.47,2174.64" sx="M,M,M,M"/><TAIKYOKU oya="0"/><INIT seed="0,0,0,2,1,59" ten="250,250,250,250" oya="0" hai0="123,132,34,7,58,13,44,105,70,107,20,97,11" hai1="5,80,4,134,119,31,16,48,112,15,125,32,95" hai2="79,23,46,14,74,36,72,133,25,50,135,126,124" hai3="52,37,121,131,86,92,3,10,49,9,8,77,0"/><T40/><D123/><U29/><E119/><V27/><F36/><W118/><G118/><T64/><D70/><U103/><E125/><N who="2" m="48235" /><F14/><W62/><G121/><T19/><D34/><U129/><E134/><N who="2" m="51211" /><F79/><W1/><G131/><T30/><D30/><N who="1" m="11275" /><E129/><V100/><F100/><W102/><G37/><T94/><D132/><U113/><E32/><V57/><F57/><W39/><G39/><T33/><D33/><U109/><E109/><V22/><F50/><W111/><G111/><T110/><D58/><U98/><E48/><V41/><F46/><W104/><G104/><T35/><D35/><U128/><E80/><V67/><F67/><W91/><G77/><T60/><D64/><U6/><E128/><V87/><F87/><W88/><G102/><T117/><D117/><U51/><E51/><V83/><F83/><N who="3" m="49247" /><G0/><T71/><D107/><U26/><E26/><N who="2" m="9739" /><F41/><W18/><G1/><T2/><D110/><U24/><E24/><V114/><F114/><N who="1" m="44137" /><E6/><V85/><F85/><N who="3" m="52335" /><G3/><T56/><D2/><U43/><E43/><V81/><F81/><W75/><G75/><AGARI ba="0,0" hai="22,23,72,74,75" m="9739,51211,48235" machi="75" ten="40,8000,1" yaku="28,2,18,1,20,1" doraHai="59" who="2" fromWho="3" sc="250,0,250,0,250,80,250,-80" /><INIT seed="1,0,0,2,0,104" ten="250,250,330,170" oya="1" hai0="34,95,120,36,27,70,118,71,88,130,11,9,60" hai1="111,53,115,106,109,20,94,17,91,66,87,125,37" hai2="85,96,67,97,59,56,86,40,73,128,100,69,25" hai3="84,122,131,1,105,15,107,92,22,26,16,89,62"/><U99/><E115/><V93/><F128/><W64/><G131/><T134/><D130/><U72/><E37/><V39/><F73/><W33/><G122/><T132/><D36/><U117/><E117/><V5/><F69/><N who="0" m="26122" /><D60/><U68/><E125/><V133/><F133/><N who="0" m="51306" /><D118/><U57/><E66/><V54/><F5/><W123/><G123/><T7/><D120/><U14/><E68/><V101/><F40/><W127/><G127/><T76/><D76/><U55/><E72/><V41/><F41/><W112/><G112/><T114/><D114/><U43/><E43/><V63/><F39/><W48/><G48/><T38/><D7/><U44/><E44/><V103/><F25/><W79/><G79/><T61/><D61/><U12/><E12/><V82/><F82/><W32/><G1/><T10/><D38/><U35/><E35/><V13/><F13/><W74/><G74/><T124/><D124/><U49/><E55/><V29/><F29/><W47/><G47/><T8/><D8/><U135/><E135/><V19/><F19/><W80/><G80/><T108/><D108/><N who="1" m="41547" /><E106/><V116/><F116/><W51/><G51/><T42/><D42/><U3/><E3/><V65/><F54/><W23/><G32/><T77/><D34/><U0/><E0/><V129/><F129/><W2/><G2/><T78/><D27/><U102/><E102/><V121/><F103/><W83/><G83/><T75/><D75/><U98/><AGARI ba="0,0" hai="14,17,20,49,53,57,87,91,94,98,99" m="41547" machi="98" ten="30,6000,0" yaku="25,1,14,1,10,1" doraHai="104" who="1" fromWho="1" sc="250,-20,250,60,330,-20,170,-20" /><INIT seed="1,1,0,1,1,108" ten="230,310,310,150" oya="1" hai0="127,55,14,106,133,97,104,20,37,28,115,113,95" hai1="57,84,31,38,61,23,124,91,79,116,16,70,93" hai2="123,132,45,2,13,130,26,62,3,125,15,10,103" hai3="46,8,35,5,60,63,47,17,34,24,135,48,52"/><U120/><E116/><V90/><F123/><W71/><G135/><T98/><D37/><U77/><E120/><V74/><F74/><W68/><G17/><T114/><D133/><U67/><E38/><V39/><F103/><W1/><G46/><T101/><D127/><U88/><E124/><V134/><F130/><W92/><G92/><T33/><D33/><U21/><E70/><V18/><F62/><W27/><G35/><T118/><D118/><U102/><E102/><V128/><F90/><W121/><G121/><T105/><D55/><U42/><E42/><V86/><F86/><W7/><G7/><T56/><D56/><U40/><E40/><V82/><F82/><W129/><G129/><T58/><D58/><U44/><E44/><V111/><F45/><W29/><REACH who="3" step="1"/><G27/><REACH who="3" ten="230,310,310,140" step="2"/><T107/><D107/><U6/><E6/><N who="2" m="3287" /><F39/><W43/><G43/><T69/><D14/><U66/><E93/><V81/><F128/><W87/><G87/><T73/><D73/><U32/><E84/><V49/><F125/><W36/><G36/><T75/><D75/><U50/><E32/><V0/><F26/><W131/><G131/><T25/><REACH who="0" step="1"/><D69/><AGARI ba="1,1" hai="1,5,8,24,29,34,47,48,52,60,63,68,69,71" machi="69" ten="40,2600,0" yaku="1,1,54,1,53,0" doraHai="108" doraHaiUra="122" who="3" fromWho="0" sc="230,-29,310,0,310,0,140,39" /><INIT seed="2,0,0,1,2,14" ten="201,310,310,179" oya="2" hai0="129,109,124,44,41,33,27,131,34,115,82,90,67" hai1="63,76,52,91,65,66,29,46,134,30,7,111,77" hai2="120,37,118,85,25,79,70,4,48,96,20,51,6" hai3="15,78,92,49,132,21,105,26,45,23,128,135,42"/><V61/><F120/><W126/><G105/><T5/><D115/><U68/><E111/><V75/><F118/><W47/><G126/><T127/><D67/><N who="1" m="25611" /><E68/><V56/><F37/><W93/><G78/><N who="1" m="30314" /><E134/><N who="3" m="51242" /><G128/><N who="0" m="49227" /><D5/><N who="2" m="2154" /><F75/><W73/><G73/><T12/><D12/><U24/><E7/><V18/><F70/><W39/><G15/><T89/><D109/><U110/><E110/><V107/><F107/><W50/><G39/><N who="0" m="21567" /><D27/><U53/><E24/><V31/><F96/><W119/><G119/><T133/><D133/><U102/><E102/><V125/><F125/><N who="0" m="48202" /><D82/><U71/><E71/><V9/><F9/><W101/><G101/><T104/><D104/><U43/><E91/><AGARI ba="0,0" hai="33,34,89,90,91" m="48202,21567,49227" machi="91" ten="30,2000,0" yaku="19,1,18,1" doraHai="14" who="0" fromWho="1" sc="201,20,310,-20,310,0,179,0" /><INIT seed="3,0,0,5,1,121" ten="221,290,310,179" oya="3" hai0="109,111,91,89,133,8,77,100,131,66,68,11,97" hai1="60,127,26,39,61,82,40,90,75,85,31,15,9" hai2="45,23,72,0,53,1,102,47,101,130,5,122,117" hai3="7,124,112,106,104,30,126,49,17,70,76,44,38"/><W28/><G112/><T119/><D119/><U78/><E127/><N who="3" m="48682" /><G70/><T73/><D66/><U71/><E71/><V65/><F130/><W25/><G76/><T115/><D68/><U134/><E134/><V27/><F65/><W19/><G38/><T74/><D131/><U32/><E40/><V48/><F72/><N who="0" m="27754" /><D77/><U50/><E39/><V116/><F122/><W64/><G64/><T114/><D133/><U113/><E113/><N who="0" m="43017" /><D8/><U3/><E3/><V120/><F1/><W99/><G7/><T10/><D10/><U57/><E57/><V108/><F5/><W56/><G56/><T132/><D11/><U12/><E50/><V13/><F0/><W24/><G99/><T33/><D33/><U67/><E67/><V95/><F120/><W123/><G123/><T125/><D125/><U54/><E78/><V103/><F117/><W29/><G49/><T63/><D63/><U80/><E75/><V129/><F116/><W105/><G44/><T93/><D132/><U107/><E60/><V18/><F129/><W6/><G6/><T59/><D59/><U14/><E61/><V135/><F135/><W55/><G55/><T83/><D83/><N who="1" m="49471" /><E54/><V2/><F2/><W20/><G20/><T37/><D37/><U35/><E9/><V96/><F47/><W41/><G41/><T84/><D89/><U34/><E34/><V92/><F27/><AGARI ba="0,0" hai="17,19,24,25,27,28,29,30,104,105,106" m="48682" machi="27" ten="40,7700,0" yaku="28,2,18,1" doraHai="121" who="3" fromWho="2" sc="221,0,290,0,310,-77,179,77" /><INIT seed="3,1,0,0,2,71" ten="221,290,233,256" oya="3" hai0="53,79,5,135,75,67,49,96,9,95,93,97,107" hai1="125,68,104,121,3,87,8,32,39,51,0,28,89" hai2="69,37,119,60,48,128,72,44,16,21,124,134,78" hai3="30,106,111,41,74,38,47,132,90,76,33,55,13"/><W59/><G106/><T25/><D135/><U57/><E39/><V91/><F119/><W27/><G132/><T56/><D67/><U24/><E68/><V84/><F134/><W63/><G13/><N who="0" m="5295" /><D75/><U29/><E121/><V116/><F116/><W20/><G111/><T22/><D79/><U94/><E125/><V130/><F124/><W81/><REACH who="3" step="1"/><G90/><REACH who="3" ten="221,290,233,246" step="2"/><T7/><D107/><U46/><E104/><V26/><F128/><W109/><G109/><T88/><D7/><U108/><E89/><V52/><F130/><W127/><G127/><T129/><D129/><U58/><E108/><V11/><F91/><W115/><G115/><T112/><D112/><U92/><E3/><V23/><F26/><W62/><G62/><T18/><D95/><U113/><E92/><V36/><F60/><W66/><G66/><T1/><D1/><U99/><E113/><V61/><F61/><W45/><G45/><T117/><D117/><U15/><E0/><V110/><F110/><W54/><G54/><T101/><D101/><U65/><E65/><V114/><F114/><W77/><G77/><T43/><D43/><U86/><E94/><V35/><F52/><W42/><G42/><T120/><D120/><U50/><E46/><V80/><F44/><W126/><G126/><T118/><D118/><U133/><E15/><V82/><F78/><W98/><G98/><AGARI ba="1,1" hai="18,22,25,49,53,56,88,93,96,97,98" m="5295" machi="98" ten="30,2000,0" yaku="8,1,54,1" doraHai="71" who="0" fromWho="3" sc="221,33,290,0,233,0,246,-23" /><INIT seed="4,0,0,2,3,125" ten="254,290,233,223" oya="0" hai0="95,102,29,109,27,97,116,7,40,32,119,96,44" hai1="14,35,4,43,126,50,130,82,12,38,118,115,124" hai2="61,6,105,15,101,66,87,49,88,73,117,62,74" hai3="90,20,21,54,100,24,63,16,52,86,26,123,77"/><T127/><D127/><N who="1" m="48683" /><E130/><V132/><F132/><W104/><G123/><T11/><D97/><U9/><E118/><V45/><F117/><W36/><G36/><T92/><D92/><U51/><E115/><V33/><F33/><W34/><G34/><T135/><D109/><U3/><E35/><V91/><F91/><W103/><G77/><T75/><D75/><U46/><E82/><V28/><F28/><N who="3" m="17415" /><G104/><T80/><D80/><U55/><E50/><V81/><F101/><N who="3" m="38987" /><G63/><T106/><D95/><AGARI ba="0,0" hai="16,21,26,52,54,86,90,95" m="38987,17415" machi="95" ten="30,3900,0" yaku="8,1,54,2" doraHai="125" who="3" fromWho="0" sc="254,-39,290,0,233,0,223,39" /><INIT seed="5,0,0,3,0,96" ten="215,290,233,262" oya="1" hai0="60,30,82,109,127,121,35,44,77,87,90,125,27" hai1="65,86,49,10,51,5,102,33,120,7,85,23,11" hai2="0,17,83,89,59,63,22,81,75,9,95,111,42" hai3="122,108,26,113,67,78,103,114,93,131,18,50,134"/><U14/><E120/><V128/><F128/><W74/><G50/><N who="1" m="18954" /><E33/><V21/><F111/><W13/><G67/><T130/><D109/><U36/><E36/><V79/><F81/><N who="3" m="45271" /><G26/><T45/><D130/><U61/><E102/><V98/><F42/><W99/><G108/><T118/><D118/><U12/><E23/><V24/><F22/><W123/><G131/><T3/><D3/><U92/><E92/><V32/><F32/><W40/><G40/><T37/><D121/><U117/><E117/><V16/><F0/><W124/><G124/><N who="0" m="47691" /><D37/><U97/><E97/><V116/><F116/><W2/><G2/><T64/><D77/><U91/><E91/><V15/><F75/><W126/><G126/><T133/><D133/><U54/><E65/><V88/><F79/><W39/><G134/><T101/><D101/><U46/><E46/><V53/><F83/><W38/><G38/><T84/><D84/><U57/><AGARI ba="0,0" hai="5,7,10,11,12,14,54,57,61,85,86" m="18954" machi="57" ten="30,1500,0" yaku="8,1" doraHai="96" who="1" fromWho="1" sc="215,-5,290,15,233,-5,262,-5" owari="210,-29.0,305,40.5,228,-17.2,257,5.7" /></mjloggm>