<mjloggm ver="2.3"><GO type="225" lobby="0"/><UN n0="%E3%81%A8%E3%82%93%E3%81%A8%E3%81%93%E3%81%A8%E3%82%93" n1="%6E%69%63%6F%6E%74%6F" n2="%E3%82%B2%E3%82%B9%E8%8C%82%E5%8B%9D" n3="%E3%81%8B%E3%82%8F%E3%81%A1%E3%82%83%E3%82%93%35%38" dan="16,17,16,17" rate="2137.01,2117.70,2048.82,2134.38" sx="M,M,F,M"/><TAIKYOKU oya="0"/><INIT seed="0,0,0,0,4,41" ten="250,250,250,250" oya="0" hai0="25,48,30,40,118,119,86,81,108,32,121,9,75" hai1="95,90,77,130,33,78,5,102,0,113,63,15,4" hai2="19,128,47,106,88,98,22,132,114,51,45,17,89" hai3="85,93,66,7,96,97,79,109,56,91,87,60,124"/><T126/><D121/><U50/><E130/><V53/><F114/><W24/><G109/><T26/><D75/><U101/><E113/><V36/><F128/><W18/><G124/><T69/><D69/><U11/><E33/><V129/><F129/><W10/><G79/><N who="1" m="30218" /><E0/><V135/><F106/><W82/><G82/><T20/><D126/><U58/><E5/><V3/><F3/><W27/><G96/><T44/><D9/><U6/><E6/><V59/><F17/><W39/><G39/><T2/><D2/><U28/><E28/><V103/><F103/><W16/><G24/><T116/><D108/><U127/><E50/><V84/><F98/><W134/><G134/><N who="2" m="51241" /><F36/><W46/><G18/><T54/><D40/><U52/><E127/><V117/><F117/><W13/><REACH who="3" step="1"/><G46/><REACH who="3" ten="250,250,250,240" step="2"/><N who="2" m="17417" /><F84/><AGARI ba="0,1" hai="4,11,15,52,58,63,84,90,95,101,102" m="30218" machi="84" ten="30,2000,0" yaku="8,1,54,1" doraHai="41" who="1" fromWho="2" sc="250,0,250,30,250,-20,240,0" /><INIT seed="1,0,0,2,2,93" ten="250,280,230,240" oya="1" hai0="16,135,11,43,112,101,125,37,39,21,25,104,72" hai1="91,85,106,79,109,126,123,46,81,131,48,127,8" hai2="83,27,41,117,122,19,50,14,30,121,89,87,63" hai3="52,23,74,68,31,98,102,54,84,94,69,15,130"/><U77/><E123/><V57/><F117/><W24/><G74/><T4/><D112/><U32/><E32/><V105/><F105/><W132/><G132/><T36/><D135/><U38/><E38/><V92/><F83/><W44/><G130/><T10/><D125/><N who="1" m="47627" /><E131/><V67/><F50/><W61/><G69/><T2/><D72/><U129/><E129/><V64/><F64/><W71/><G71/><T49/><D11/><U108/><E8/><V73/><F41/><W75/><G75/><T97/><REACH who="0" step="1"/><D49/><REACH who="0" ten="240,280,230,240" step="2"/><U90/><E79/><V128/><F73/><W56/><G68/><T20/><D20/><U28/><E28/><V3/><F128/><W70/><G70/><T134/><D134/><U120/><E120/><V60/><F121/><W76/><G23/><T118/><D118/><U34/><E34/><V119/><F119/><W62/><G31/><T22/><D22/><U59/><E106/><V40/><F122/><W17/><G61/><T0/><D0/><U96/><E59/><V35/><F3/><W99/><G56/><T42/><AGARI ba="0,1" hai="2,4,10,16,21,25,36,37,39,42,43,97,101,104" machi="42" ten="40,8000,1" yaku="1,1,0,1,52,1,54,1,53,0" doraHai="93" doraHaiUra="26" who="0" fromWho="0" sc="240,90,280,-40,230,-20,240,-20" /><INIT seed="2,0,0,5,5,69" ten="330,240,210,220" oya="2" hai0="86,25,97,32,13,65,94,61,47,63,123,6,93" hai1="49,89,52,75,48,133,129,124,45,30,119,20,76" hai2="2,81,14,64,38,57,121,12,103,117,16,115,113" hai3="82,66,36,116,23,73,0,62,130,134,24,59,110"/><V101/><F117/><W79/><G116/><T95/><D123/><U114/><E114/><V96/><F121/><W17/><G110/><T125/><D125/><U29/><E119/><V68/><F2/><W90/><G130/><T50/><D32/><U18/><E124/><V70/><F81/><W72/><G134/><T126/><D126/><U67/><E133/><V99/><F57/><W42/><G0/><T85/><D25/><U26/><E129/><V98/><F64/><W43/><G73/><T118/><D97/><U46/><E67/><V44/><F96/><W41/><REACH who="3" step="1"/><G90/><REACH who="3" ten="330,240,210,210" step="2"/><T104/><D118/><U131/><E131/><V33/><F113/><W22/><G22/><T10/><D104/><U87/><E75/><V39/><F115/><W128/><G128/><T5/><D6/><U112/><E112/><V7/><F33/><W100/><G100/><T37/><D5/><U51/><E76/><V31/><F7/><W91/><G91/><T109/><D109/><U53/><REACH who="1" step="1"/><E51/><REACH who="1" ten="330,230,210,210" step="2"/><V40/><F40/><W28/><G28/><T107/><D50/><U120/><E120/><V27/><F31/><W54/><G54/><T135/><D135/><U108/><E108/><V77/><F38/><AGARI ba="0,2" hai="17,23,24,36,38,41,42,43,59,62,66,72,79,82" machi="38" ten="40,8000,1" yaku="1,1,52,2,53,1" doraHai="69" doraHaiUra="21" who="3" fromWho="2" sc="330,0,230,0,210,-80,210,100" /><INIT seed="3,0,0,4,1,22" ten="330,230,130,310" oya="3" hai0="121,46,45,78,94,38,92,67,125,5,53,43,102" hai1="80,64,15,69,11,35,10,111,1,72,58,85,101" hai2="13,36,59,0,131,34,37,126,103,14,90,134,61" hai3="2,88,135,32,8,20,6,119,47,70,24,105,112"/><W30/><G112/><T3/><D121/><U124/><E124/><V17/><F126/><W31/><G119/><T73/><D67/><U29/><E111/><V62/><F34/><W95/><G105/><T84/><D84/><U54/><E72/><V68/><F68/><W108/><G70/><T56/><D46/><U39/><E39/><V71/><F71/><W104/><G104/><T4/><D102/><U16/><E101/><V118/><F103/><W127/><G127/><T99/><D99/><U129/><E129/><V133/><F118/><W98/><G108/><T79/><D5/><U75/><E75/><V128/><F0/><W42/><G135/><N who="2" m="51721" /><F59/><W40/><G40/><T83/><D79/><U60/><E1/><V106/><F106/><W33/><G31/><T130/><D130/><N who="2" m="49706" /><F17/><W51/><AGARI ba="0,0" hai="2,6,8,20,24,30,32,33,42,47,51,88,95,98" machi="51" ten="20,7800,0" yaku="0,1,7,1,52,1,54,1" doraHai="22" who="3" fromWho="3" sc="330,-26,230,-26,130,-26,310,78" owari="304,10.4,204,-19.6,104,-39.6,388,48.8" /></mjloggm>