<mjloggm ver="2.3"><GO type="225" lobby="0"/><UN n0="%72%69%6F%75%63%68%61%6E" n1="%E3%83%B4%E3%82%A3%E3%83%AF%E3%82%B3%E3%82%B0%E3%83%8B" n2="%E5%B8%86%E7%AB%8B%E5%A4%8F%E8%A1%A3" n3="%E3%81%99%E3%81%84%E3%81%BE%E3%81%9B%E3%83%BC%E3%82%93" dan="17,16,17,16" rate="2242.25,2157.58,2133.80,2161.99" sx="M,M,M,M"/><TAIKYOKU oya="0"/><INIT seed="0,0,0,4,1,17" ten="250,250,250,250" oya="0" hai0="84,109,97,101,40,81,54,25,90,95,118,2,41" hai1="62,29,43,82,56,20,125,68,14,78,46,19,130" hai2="71,123,1,51,70,74,26,28,128,135,42,134,112" hai3="80,75,83,7,67,31,94,5,85,110,104,18,127"/><T36/><D118/><U98/><E130/><V59/><F112/><W10/><G104/><T53/><D2/><U39/><E125/><V11/><F123/><W114/><G114/><T113/><D113/><U55/><E68/><V120/><F120/><W129/><G129/><T117/><D117/><U60/><E29/><V91/><F128/><W63/><G110/><T133/><D109/><U52/><E98/><V35/><F74/><W132/><G132/><N who="2" m="50729" /><F91/><W111/><G127/><T76/><D133/><U8/><E8/><V103/><F103/><W48/><G31/><T126/><D126/><U6/><E6/><N who="2" m="1487" /><F59/><N who="3" m="37375" /><G75/><T15/><D15/><U27/><E14/><V88/><F88/><N who="3" m="53519" /><G111/><T12/><D12/><U34/><E34/><V47/><AGARI ba="0,0" hai="26,28,35,42,47,51,70,71" m="1487,50729" machi="47" ten="30,1100,0" yaku="20,1" doraHai="17" who="2" fromWho="2" sc="250,-5,250,-3,250,11,250,-3" /><INIT seed="1,0,0,5,5,102" ten="245,247,261,247" oya="1" hai0="5,3,40,53,60,104,2,25,106,55,39,110,83" hai1="116,81,131,52,56,13,86,59,107,10,21,72,65" hai2="119,29,31,73,63,71,76,79,126,134,49,122,90" hai3="12,118,37,70,58,15,6,88,23,98,24,35,18"/><U133/><E131/><V66/><F119/><W101/><G70/><T78/><D110/><U36/><E116/><V47/><F122/><W32/><G118/><T77/><D25/><U27/><E133/><V112/><F126/><W19/><G37/><T4/><D60/><U14/><E72/><V99/><F134/><W132/><G132/><T94/><D94/><U92/><E36/><V114/><F90/><W46/><G46/><N who="0" m="23839" /><D77/><N who="2" m="29770" /><F99/><W113/><G113/><N who="2" m="43625" /><F73/><W96/><G88/><T87/><D87/><U97/><E86/><V57/><F57/><W91/><G91/><T129/><D4/><U50/><E81/><V20/><F20/><W16/><G58/><T115/><D2/><U64/><E59/><V62/><F62/><W84/><G84/><T38/><D38/><U80/><E80/><V44/><F44/><W45/><G45/><T127/><D115/><U34/><E34/><N who="3" m="12842" /><G98/><T117/><D117/><U41/><E41/><AGARI ba="0,0" hai="29,31,41,47,49,63,66,71" m="43625,29770" machi="41" ten="30,1000,0" yaku="11,1" doraHai="102" who="2" fromWho="1" sc="245,0,247,-10,261,10,247,0" /><INIT seed="2,0,0,5,4,80" ten="245,237,271,247" oya="2" hai0="46,17,77,101,108,58,112,134,2,14,23,21,59" hai1="44,129,32,12,6,105,1,61,30,82,113,78,99" hai2="86,10,74,125,90,36,76,25,57,126,120,60,35" hai3="22,131,84,13,38,63,91,118,4,116,69,128,106"/><V70/><F70/><W43/><G106/><T123/><D108/><U52/><E113/><V79/><F36/><W135/><G135/><T0/><D123/><U7/><E129/><N who="3" m="49738" /><G43/><T100/><D112/><U81/><E1/><V96/><F96/><W66/><G38/><T62/><D134/><U8/><E82/><N who="2" m="49495" /><F74/><W3/><G3/><T19/><D77/><U51/><E61/><V55/><F10/><N who="3" m="4295" /><G22/><T42/><D0/><U95/><E105/><V103/><F103/><W20/><G20/><T119/><D119/><U28/><E6/><V31/><F120/><W104/><G104/><T15/><D2/><U109/><E32/><V122/><F122/><W97/><G97/><T92/><D92/><AGARI ba="0,0" hai="63,66,69,84,91,92,116,118" m="4295,49738" machi="92" ten="30,2000,0" yaku="19,1,52,1" doraHai="80" who="3" fromWho="0" sc="245,-20,237,0,271,0,247,20" /><INIT seed="3,0,0,2,3,62" ten="225,237,271,267" oya="3" hai0="11,77,70,119,89,28,134,38,19,114,50,29,9" hai1="43,92,105,117,18,13,22,57,111,8,95,94,17" hai2="100,101,81,88,0,47,118,37,82,84,99,26,46" hai3="132,96,67,122,93,91,98,125,15,108,85,120,130"/><W86/><G125/><T135/><D119/><U112/><E112/><V58/><F118/><W107/><G15/><T31/><D38/><U75/><E105/><V115/><F0/><W64/><G130/><T52/><D114/><U45/><E75/><V41/><F115/><W39/><G39/><T16/><D70/><U7/><E111/><V6/><F6/><W36/><G36/><T1/><D77/><U113/><E113/><V32/><F47/><W69/><G69/><T133/><D89/><U2/><E57/><V68/><F68/><W20/><G108/><T24/><D24/><U3/><E117/><V4/><F4/><W34/><G34/><T79/><D79/><U116/><E17/><N who="0" m="6729" /><D1/><U25/><REACH who="1" step="1"/><E116/><REACH who="1" ten="225,227,271,267" step="2"/><V48/><F58/><AGARI ba="0,1" hai="9,11,28,29,31,50,52,58,133,134,135" m="6729" machi="58" ten="40,5200,0" yaku="20,1,54,2" doraHai="62" who="0" fromWho="2" sc="225,62,227,0,271,-52,267,0" /><INIT seed="4,0,0,0,0,33" ten="287,227,219,267" oya="0" hai0="12,99,117,58,135,45,68,41,62,10,64,28,125" hai1="121,7,102,119,61,42,89,76,88,20,52,38,87" hai2="71,72,112,129,6,127,8,79,5,23,11,30,75" hai3="132,113,82,93,103,16,74,15,55,31,48,0,53"/><T19/><D117/><U91/><E119/><V114/><F71/><W97/><G0/><T104/><D125/><U25/><E121/><V92/><F127/><W18/><G113/><N who="2" m="43625" /><F129/><W17/><G132/><T32/><D135/><U65/><E102/><V115/><N who="2" m="43633" /><V21/><DORA hai="118" /><F92/><W29/><G15/><T26/><D58/><U51/><E7/><N who="2" m="2571" /><F79/><W69/><G69/><T122/><D122/><U98/><E98/><V105/><F105/><W94/><G93/><T124/><D124/><U35/><E35/><V59/><F59/><N who="3" m="33191" /><G74/><N who="2" m="28201" /><F30/><N who="3" m="11275" /><G82/><T46/><D41/><U131/><E131/><V83/><F83/><W108/><G108/><T9/><D9/><AGARI ba="0,0" hai="8,9,11,21,23" m="28201,2571,43633" machi="9" ten="50,6400,0" yaku="28,2,15,1" doraHai="33,118" who="2" fromWho="0" sc="287,-64,227,0,219,64,267,0" /><INIT seed="5,0,0,1,0,126" ten="223,227,283,267" oya="1" hai0="71,56,32,35,6,111,15,46,53,19,109,94,18" hai1="41,95,121,38,11,76,50,65,100,0,69,107,89" hai2="104,4,43,129,31,124,125,68,123,92,26,36,85" hai3="29,49,131,88,24,63,98,39,34,33,112,78,90"/><U22/><E121/><V64/><F104/><W130/><G39/><T48/><D71/><U127/><E127/><N who="2" m="48715" /><F123/><W134/><G134/><T37/><D6/><U25/><E38/><V30/><F4/><W62/><G112/><T102/><D19/><U110/><E0/><V45/><F129/><N who="3" m="49163" /><G78/><T91/><D102/><U133/><E133/><V96/><F85/><W12/><G34/><T80/><D80/><U57/><E69/><V73/><F73/><W135/><G135/><T2/><D2/><U52/><E65/><V74/><F74/><W75/><G75/><T132/><D132/><U82/><E41/><V9/><F9/><W115/><G115/><T97/><D32/><U84/><E11/><V72/><F72/><W81/><G49/><T20/><D35/><U23/><E110/><V77/><F77/><W40/><G40/><T87/><D97/><U67/><E67/><V101/><F64/><W117/><G117/><T1/><D1/><U83/><E107/><V14/><F68/><W10/><G98/><T108/><REACH who="0" step="1"/><D37/><REACH who="0" ten="213,227,283,267" step="2"/><U5/><E100/><V70/><F70/><W122/><G122/><T44/><AGARI ba="0,1" hai="15,18,20,44,46,48,53,56,87,91,94,108,109,111" machi="44" ten="40,8000,1" yaku="1,1,2,1,0,1,25,2,53,0" doraHai="126" doraHaiUra="59" who="0" fromWho="0" sc="213,90,227,-40,283,-20,267,-20" owari="303,40.3,187,-31.3,263,6.3,247,-15.3" /></mjloggm>