<mjloggm ver="2.3"><GO type="225" lobby="0"/><UN n0="%E3%81%A4%E3%81%A3%E3%81%B1%E3%82%8A%E3%83%9D%E3%83%BC%E3%83%AB" n1="%E3%82%BD%E3%83%AB%E3%83%88%E3%82%AF%E3%83%AA%E3%83%BC%E3%82%AF" n2="%E3%83%B4%E3%83%A0%EF%BC%99%E3%81%A6" n3="%28%EF%BF%A3%E2%96%BD%EF%BF%A3%29%CE%B4%E2%8C%92%E3%83%BB" dan="16,16,16,16" rate="2131.19,2111.54,2090.54,2209.42" sx="M,M,M,M"/><TAIKYOKU oya="0"/><INIT seed="0,0,0,5,5,81" ten="250,250,250,250" oya="0" hai0="85,46,106,50,37,59,130,18,54,82,83,26,41" hai1="49,103,87,120,30,123,0,57,109,13,21,10,99" hai2="35,113,5,125,24,3,61,93,53,62,70,73,43" hai3="40,42,88,111,69,58,63,95,48,4,110,112,128"/><T67/><D130/><U55/><E109/><N who="3" m="41482" /><G128/><T80/><D106/><U47/><E0/><V86/><F113/><W38/><G112/><T60/><D26/><U51/><E87/><V134/><F73/><W1/><G69/><T78/><REACH who="0" step="1"/><D18/><REACH who="0" ten="240,250,250,250" step="2"/><U12/><E123/><V92/><F24/><W104/><G104/><T68/><AGARI ba="0,1" hai="37,41,46,50,54,59,60,67,68,78,80,82,83,85" machi="68" ten="20,18000,2" yaku="1,1,2,1,0,1,7,1,24,2,52,1,53,0" doraHai="81" doraHaiUra="127" who="0" fromWho="0" sc="240,190,250,-60,250,-60,250,-60" /><INIT seed="0,1,0,2,0,120" ten="430,190,190,190" oya="0" hai0="82,48,80,117,38,34,52,39,87,66,102,133,59" hai1="51,30,10,6,115,64,20,110,99,125,83,12,11" hai2="81,69,41,121,131,37,35,67,61,15,31,119,2" hai3="63,79,54,19,36,95,49,13,72,86,28,29,91"/><T65/><D117/><U7/><E64/><V56/><F121/><W104/><G36/><T84/><D34/><U22/><E99/><V105/><F119/><W44/><G104/><T94/><D133/><U53/><E125/><V18/><F131/><W45/><G72/><T33/><D33/><U70/><E70/><V4/><F105/><W130/><G79/><N who="0" m="46111" /><D39/><U122/><E122/><V76/><F69/><W112/><G130/><T127/><D38/><U118/><E118/><V50/><F37/><W26/><G112/><T103/><D127/><U93/><E93/><V57/><F2/><W135/><G135/><T129/><D129/><U101/><E101/><N who="0" m="38409" /><D94/><U0/><E115/><V123/><F123/><W46/><G63/><T25/><D25/><U88/><E30/><N who="3" m="11882" /><G26/><T126/><D126/><U98/><E110/><V55/><F31/><W75/><G75/><T90/><AGARI ba="1,0" hai="48,52,59,65,66,82,87,90" m="38409,46111" machi="90" ten="30,3000,0" yaku="8,1,54,1" doraHai="120" who="0" fromWho="0" sc="430,33,190,-11,190,-11,190,-11" /><INIT seed="0,2,0,0,3,60" ten="463,179,179,179" oya="0" hai0="38,17,28,50,109,48,110,125,25,30,58,55,117" hai1="27,18,132,66,112,15,104,94,98,120,37,129,59" hai2="131,113,56,85,78,88,46,67,99,2,61,100,9" hai3="68,36,128,96,34,127,84,10,63,115,82,35,114"/><T12/><D117/><U91/><E120/><V75/><F113/><W42/><G128/><T71/><D38/><U83/><E37/><V6/><F131/><W80/><G127/><T49/><D71/><U87/><E104/><V101/><F46/><W54/><G42/><T43/><D125/><U0/><E0/><V44/><F44/><W77/><G36/><T29/><D25/><U19/><E129/><V122/><F122/><W89/><G35/><T26/><D26/><U92/><E92/><V97/><F75/><W39/><G34/><T121/><D121/><U13/><E132/><V126/><F78/><W23/><G39/><T102/><D102/><U119/><E119/><V64/><F64/><W79/><G23/><T106/><D106/><U32/><E32/><V47/><F47/><W70/><G70/><T116/><D116/><U69/><E69/><V135/><F135/><W33/><G33/><T24/><D24/><U74/><E74/><V107/><F126/><W86/><G10/><N who="0" m="6295" /><D43/><U134/><E134/><V53/><F53/><W21/><G21/><T118/><D118/><U133/><E133/><V1/><F1/><W103/><G89/><T108/><AGARI ba="2,0" hai="28,29,30,48,49,50,55,58,108,109,110" m="6295" machi="108" ten="40,3900,0" yaku="14,1,10,1" doraHai="60" who="0" fromWho="0" sc="463,45,179,-15,179,-15,179,-15" /><INIT seed="0,3,0,4,0,83" ten="508,164,164,164" oya="0" hai0="94,38,27,32,104,4,53,79,90,129,81,57,26" hai1="128,17,44,69,123,86,135,127,64,77,122,95,78" hai2="76,62,125,134,65,71,12,14,84,91,56,24,30" hai3="68,43,59,6,75,120,131,73,25,107,7,89,37"/><T54/><D104/><U41/><E78/><V93/><F134/><W85/><G68/><T40/><D129/><U116/><E116/><V1/><F1/><W108/><G107/><T0/><D4/><U16/><E127/><V3/><F3/><W20/><G131/><T8/><D8/><U106/><E106/><V70/><F125/><W113/><G113/><T50/><D0/><U115/><E128/><V88/><F76/><W102/><G102/><T114/><D32/><U22/><E17/><V31/><F31/><W2/><G108/><T119/><D119/><U49/><E135/><V15/><REACH who="2" step="1"/><F91/><REACH who="2" ten="508,164,154,164" step="2"/><W11/><G120/><T67/><D90/><U97/><E123/><V52/><F52/><W42/><G2/><T28/><D54/><U46/><E122/><V33/><AGARI ba="3,1" hai="12,14,15,24,30,33,56,62,65,70,71,84,88,93" machi="33" ten="30,7900,0" yaku="1,1,0,1,52,1,54,1,53,0" doraHai="83" doraHaiUra="36" who="2" fromWho="2" sc="508,-42,164,-23,154,98,164,-23" /><INIT seed="1,0,0,1,5,35" ten="466,141,252,141" oya="1" hai0="86,89,96,15,130,75,116,54,27,128,19,30,12" hai1="108,111,40,93,94,78,122,84,51,53,100,6,82" hai2="124,59,62,50,95,129,101,125,113,49,61,66,74" hai3="64,121,118,90,39,133,26,2,76,87,134,43,119"/><U105/><E40/><V63/><F74/><W55/><G121/><T97/><D75/><U102/><E6/><V135/><F135/><N who="3" m="51723" /><G76/><T22/><D116/><N who="3" m="44585" /><G64/><T98/><D54/><U77/><E122/><V45/><F129/><N who="0" m="49770" /><D30/><U132/><E132/><V46/><F113/><W99/><G99/><T41/><D41/><U79/><E53/><N who="2" m="29871" /><F95/><AGARI ba="0,0" hai="12,15,19,22,27,86,89,95,96,97,98" m="49770" machi="95" ten="30,1000,0" yaku="19,1" doraHai="35" who="0" fromWho="2" sc="466,10,141,0,252,-10,141,0" /><INIT seed="2,0,0,3,3,41" ten="476,141,242,141" oya="2" hai0="4,58,35,54,12,114,94,101,51,85,93,27,59" hai1="89,108,26,5,81,109,80,83,37,52,16,40,17" hai2="74,91,118,133,22,13,102,105,62,10,25,78,117" hai3="48,46,29,57,1,73,115,84,34,28,21,130,134"/><V31/><F133/><W3/><G73/><T99/><D114/><U107/><E107/><V66/><F74/><W68/><G68/><T119/><D119/><U90/><E5/><V43/><F78/><W32/><G134/><T49/><D35/><U63/><E40/><V33/><F91/><N who="1" m="34825" /><E37/><V45/><F22/><W86/><G115/><T97/><D27/><U75/><E75/><V92/><F92/><W72/><G72/><T23/><D59/><N who="1" m="35303" /><E26/><V36/><F105/><W69/><G69/><T122/><D85/><U96/><E96/><V44/><F44/><W123/><G57/><T19/><D4/><U104/><E104/><V87/><F87/><W30/><G130/><T128/><D122/><U95/><E95/><V6/><REACH who="2" step="1"/><F102/><REACH who="2" ten="476,141,232,141" step="2"/><W116/><G86/><T24/><D23/><U56/><E56/><AGARI ba="0,1" hai="6,10,13,25,31,33,36,43,45,56,62,66,117,118" machi="56" ten="30,12000,1" yaku="1,1,2,1,7,1,52,1,53,1" doraHai="41" doraHaiUra="0" who="2" fromWho="1" sc="476,0,141,-120,232,130,141,0" /><INIT seed="2,1,0,5,2,30" ten="476,21,362,141" oya="2" hai0="99,19,114,95,89,90,56,45,65,129,36,109,97" hai1="91,34,32,81,75,76,53,85,9,31,72,54,125" hai2="78,26,61,102,13,59,130,48,128,58,93,64,111" hai3="68,50,112,39,67,62,92,43,69,110,105,24,55"/><V17/><F111/><W60/><G105/><T122/><D114/><U14/><E125/><V79/><F26/><W44/><G92/><N who="0" m="56463" /><D36/><U66/><E31/><V88/><F102/><W20/><G110/><T4/><D122/><U37/><E37/><V86/><F48/><W133/><G112/><T33/><D33/><U15/><E66/><V98/><F59/><W104/><G104/><T107/><D107/><U5/><E14/><V94/><F94/><W8/><G8/><T42/><D4/><U63/><E75/><V6/><F6/><W127/><G133/><T1/><D1/><U123/><E123/><V51/><F51/><W41/><G127/><T100/><D109/><U135/><E135/><V23/><REACH who="2" step="1"/><F98/><REACH who="2" ten="476,21,352,141" step="2"/><W2/><G24/><T77/><D100/><U84/><E72/><V71/><F71/><W132/><G132/><T117/><D56/><U115/><E115/><V113/><F113/><W106/><G106/><T12/><D95/><U10/><E10/><V74/><F74/><W80/><G69/><T11/><D99/><U82/><REACH who="1" step="1"/><E63/><REACH who="1" ten="476,11,352,141" step="2"/><V49/><F49/><N who="3" m="29095" /><G60/><T83/><D11/><U18/><E18/><V47/><F47/><W126/><G62/><T27/><D19/><U87/><E87/><V21/><F21/><W131/><G126/><T7/><D45/><U38/><E38/><V22/><F22/><W96/><G20/><T52/><D7/><U57/><E57/><V108/><F108/><W118/><G39/><T29/><D29/><U134/><E134/><V103/><F103/><W35/><G68/><T16/><D16/><U119/><E119/><RYUUKYOKU ba="1,2" sc="476,-15,11,15,352,15,141,-15" hai1="5,9,15,32,34,53,54,76,81,82,84,85,91" hai2="13,17,23,58,61,64,78,79,86,88,93,128,130" /><INIT seed="2,2,2,2,1,1" ten="461,26,367,126" oya="2" hai0="70,2,30,3,131,116,63,101,95,29,107,28,105" hai1="76,114,56,73,66,126,135,36,125,103,23,89,53" hai2="43,57,91,120,109,37,27,96,106,121,5,68,38" hai3="83,93,100,55,60,62,133,45,50,65,13,10,102"/><V79/><F68/><W18/><G133/><T129/><D116/><U32/><E32/><V46/><F38/><W124/><G124/><N who="1" m="47722" /><E103/><V98/><F106/><N who="0" m="40458" /><D70/><U87/><E36/><V88/><F79/><W54/><G54/><T39/><D63/><N who="3" m="24105" /><G65/><T48/><D48/><N who="1" m="30759" /><E66/><V6/><F57/><W21/><G93/><T123/><D123/><U9/><E114/><V111/><F27/><N who="3" m="14775" /><G83/><T35/><D35/><U61/><E61/><V20/><F20/><W75/><G75/><T58/><D58/><U86/><E23/><V64/><F64/><W119/><G119/><T17/><D17/><AGARI ba="2,2" hai="10,13,17,45,50,55,100,102" m="14775,24105" machi="17" ten="30,1000,0" yaku="8,1" doraHai="1" who="3" fromWho="0" sc="461,-16,26,0,367,0,126,36" /><INIT seed="3,0,0,4,2,134" ten="445,26,367,162" oya="3" hai0="17,18,54,38,59,63,123,133,84,131,102,94,4" hai1="31,67,30,72,76,50,120,39,5,9,20,77,60" hai2="61,8,43,36,12,23,42,44,14,98,49,104,70" hai3="75,21,93,115,116,97,41,114,86,125,100,112,99"/><W110/><G41/><T80/><D38/><U0/><E120/><V28/><F43/><W65/><G65/><T53/><D123/><U107/><E107/><V129/><F129/><W95/><G21/><T117/><D117/><U34/><E34/><V81/><F81/><W82/><G116/><T62/><D133/><U11/><E11/><V83/><F83/><W58/><G58/><N who="0" m="35151" /><D4/><U13/><E50/><V25/><F104/><W92/><G110/><T109/><D131/><U45/><E13/><V46/><F46/><W111/><G111/><T69/><D69/><U56/><E20/><V87/><F87/><W124/><G75/><T51/><D63/><U88/><E77/><V128/><F128/><W10/><G10/><T35/><D35/><U71/><E71/><V122/><F122/><W89/><REACH who="3" step="1"/><G95/><REACH who="3" ten="445,26,367,152" step="2"/><T130/><D109/><U105/><E105/><V2/><F42/><W29/><G29/><T132/><D130/><U118/><E118/><V3/><F28/><W85/><G85/><T79/><D132/><U1/><E1/><V37/><F2/><W33/><G33/><T47/><D59/><U78/><E78/><AGARI ba="0,1" hai="78,82,86,89,92,93,97,99,100,112,114,115,124,125" machi="78" ten="40,18000,2" yaku="1,1,34,3,52,2,53,0" doraHai="134" doraHaiUra="66" who="3" fromWho="1" sc="445,0,26,-180,367,0,152,190" owari="445,54.5,-154,-65.4,367,16.7,342,-5.8" /></mjloggm>