<mjloggm ver="2.3"><GO type="225" lobby="0"/><UN n0="%E6%98%93%E5%88%A9%E8%96%A9%E4%BC%AF" n1="%E6%A1%9C%E8%8A%B1%E9%96%83%E3%80%85" n2="%E8%BE%9B%E5%8F%A3%E3%82%AB%E3%83%AC%E3%83%BC%E3%83%A9%E3%82%A4%E3%82%B9" n3="%72%69%6F%75%63%68%61%6E" dan="16,17,17,16" rate="2112.32,2194.83,2235.05,2196.66" sx="F,M,M,M"/><TAIKYOKU oya="0"/><INIT seed="0,0,0,0,1,79" ten="250,250,250,250" oya="0" hai0="118,43,94,132,130,42,86,113,101,65,47,126,23" hai1="2,41,104,78,133,12,11,95,111,35,28,87,88" hai2="120,31,49,5,30,107,81,45,32,1,38,96,17" hai3="26,15,119,77,82,0,66,93,44,48,100,34,52"/><T108/><D113/><U110/><E2/><V98/><F120/><W129/><G119/><T103/><D118/><U33/><E133/><V29/><F38/><W116/><G116/><T131/><D132/><U134/><E134/><V124/><F124/><W72/><G0/><T63/><D126/><U24/><E104/><V89/><F32/><W3/><G3/><T8/><D8/><U64/><E41/><V76/><F17/><W46/><G129/><N who="0" m="49163" /><D23/><U37/><E37/><V85/><F107/><W109/><G109/><N who="1" m="41482" /><E64/><V97/><F1/><W71/><G15/><T127/><D127/><U122/><E122/><V14/><F14/><W54/><G66/><T114/><D114/><U13/><E35/><V91/><REACH who="2" step="1"/><F5/><REACH who="2" ten="250,250,240,250" step="2"/><W67/><G34/><T99/><D108/><U61/><E11/><V112/><F112/><W56/><G26/><T60/><D43/><AGARI ba="0,1" hai="29,30,31,43,45,49,76,81,85,89,91,96,97,98" machi="43" ten="40,8000,1" yaku="1,1,8,1,52,1,53,1" doraHai="79" doraHaiUra="36" who="2" fromWho="0" sc="250,-80,250,0,240,90,250,0" /><INIT seed="1,0,0,3,2,37" ten="170,250,330,250" oya="1" hai0="32,79,6,103,11,63,34,123,105,135,94,81,75" hai1="101,110,30,28,96,50,46,89,119,121,15,67,0" hai2="55,127,60,84,40,10,113,106,17,91,78,118,125" hai3="65,83,21,132,45,1,97,130,100,43,124,69,47"/><U87/><E119/><V39/><F118/><W122/><G122/><T9/><D135/><U53/><E0/><V88/><F106/><W26/><G132/><T59/><D123/><U12/><E121/><V126/><F113/><W76/><G124/><T4/><D105/><U68/><E110/><V23/><F10/><W31/><G130/><T104/><D104/><U93/><E68/><V61/><F78/><W102/><G1/><T57/><D57/><U92/><REACH who="1" step="1"/><E67/><REACH who="1" ten="170,240,330,250" step="2"/><V111/><F111/><W19/><G69/><T107/><D107/><U62/><E62/><V98/><F61/><W112/><G65/><T7/><D34/><U99/><E99/><V129/><F98/><W116/><G116/><T18/><D32/><U133/><E133/><V71/><F71/><W114/><G97/><T8/><D103/><U3/><E3/><V117/><F117/><W131/><G131/><T20/><D94/><U27/><E27/><V25/><F129/><W49/><G114/><T36/><D36/><U109/><E109/><V82/><F60/><W77/><G112/><T42/><D42/><U38/><E38/><V64/><F64/><W80/><G102/><T24/><REACH who="0" step="1"/><D7/><REACH who="0" ten="160,240,330,250" step="2"/><U72/><E72/><V52/><F40/><N who="3" m="24743" /><G100/><T56/><D56/><U70/><E70/><V29/><F39/><W134/><G134/><T95/><D95/><U22/><E22/><V33/><F126/><W74/><G43/><T108/><D108/><U128/><E128/><V41/><F125/><W13/><G21/><T54/><AGARI ba="0,2" hai="4,6,8,9,11,18,20,24,54,59,63,75,79,81" machi="54" ten="30,2000,0" yaku="1,1,0,1,53,0" doraHai="37" doraHaiUra="90" who="0" fromWho="0" sc="160,40,240,-10,330,-5,250,-5" /><INIT seed="2,0,0,2,4,62" ten="200,230,325,245" oya="2" hai0="43,51,28,42,46,115,48,37,35,53,47,125,58" hai1="3,116,133,99,87,13,54,4,22,110,30,57,69" hai2="76,71,109,112,65,6,32,24,92,83,126,135,11" hai3="61,67,130,129,23,111,103,108,127,121,36,50,64"/><V72/><F112/><W56/><G121/><T131/><D35/><U114/><E114/><V80/><F135/><W120/><G120/><T132/><D28/><U104/><E116/><V52/><F126/><W0/><G0/><T29/><D29/><U44/><E69/><V59/><F83/><W81/><G127/><T96/><D115/><U73/><E73/><V34/><F24/><W68/><G36/><N who="0" m="21831" /><D96/><U40/><E133/><V124/><F124/><W27/><G103/><T5/><D5/><U105/><E87/><V113/><F113/><W122/><G122/><T107/><D107/><U49/><E99/><V91/><F109/><N who="3" m="42059" /><G81/><T102/><D102/><U134/><E134/><V123/><F71/><W94/><G94/><T90/><D90/><U66/><E105/><V100/><F100/><W8/><G8/><T41/><D132/><U7/><E104/><V95/><F95/><W70/><G70/><T77/><D77/><U84/><E3/><V60/><F123/><W18/><G50/><N who="0" m="31031" /><D125/><U20/><E110/><V98/><F34/><W25/><G25/><T14/><D14/><U45/><E13/><V55/><F32/><W85/><G85/><T118/><D118/><U106/><E84/><V101/><F101/><W74/><G74/><T39/><D131/><N who="3" m="50185" /><G68/><T79/><D79/><U10/><E10/><V86/><F72/><W19/><G18/><T1/><D1/><AGARI ba="0,0" hai="1,6,11,52,55,59,60,65,76,80,86,91,92,98" machi="1" ten="30,5800,0" yaku="7,1,52,1,54,1" doraHai="62" who="2" fromWho="0" sc="200,-58,230,0,325,58,245,0" /><INIT seed="2,1,0,0,4,30" ten="142,230,383,245" oya="2" hai0="4,51,127,52,5,35,68,109,132,43,36,93,63" hai1="13,125,34,113,97,32,111,38,112,41,8,2,33" hai2="21,130,16,48,29,71,78,77,9,50,124,42,74" hai3="121,24,67,10,84,18,103,7,116,31,94,73,57"/><V28/><F71/><W128/><G116/><T64/><D109/><U26/><E111/><V115/><F115/><N who="1" m="44105" /><E97/><V14/><F124/><W99/><G121/><T19/><D127/><U82/><E82/><V122/><F122/><W55/><G128/><T118/><D118/><U37/><E13/><V46/><F130/><W87/><G73/><T25/><D132/><U12/><E12/><V40/><F74/><W11/><G18/><T20/><D93/><U17/><E17/><V83/><F9/><W27/><G67/><T23/><D23/><U88/><E88/><V75/><F77/><W120/><G120/><T59/><REACH who="0" step="1"/><D35/><REACH who="0" ten="132,230,383,245" step="2"/><U92/><E92/><V39/><F21/><N who="3" m="15759" /><G27/><T45/><AGARI ba="1,1" hai="4,5,19,20,25,36,43,45,51,52,59,63,64,68" machi="45" ten="30,8000,1" yaku="1,1,0,1,24,2,54,1,53,0" doraHai="30" doraHaiUra="114" who="0" fromWho="0" sc="132,93,230,-21,383,-41,245,-21" /><INIT seed="3,0,0,2,1,38" ten="225,209,342,224" oya="3" hai0="5,132,43,114,108,121,59,91,115,77,134,17,24" hai1="79,35,112,18,129,16,45,46,126,4,94,60,135" hai2="78,57,67,61,102,54,74,86,89,7,97,1,124" hai3="117,127,70,109,95,100,33,58,53,19,15,63,25"/><W113/><G113/><N who="0" m="43019" /><D77/><U9/><E112/><V52/><F1/><W6/><G117/><T66/><D121/><U92/><E35/><V56/><F7/><W106/><G127/><T111/><D5/><U11/><E126/><V72/><F124/><W65/><G109/><N who="0" m="42059" /><D91/><U128/><E79/><V30/><F30/><N who="3" m="19663" /><G95/><N who="1" m="36394" /><E135/><N who="0" m="51753" /><D43/><U14/><E18/><V104/><F78/><W48/><G6/><T87/><D87/><U51/><E60/><V42/><F42/><W21/><G19/><T20/><D66/><U26/><E26/><V83/><F67/><W32/><G32/><T88/><D88/><U62/><E62/><AGARI ba="0,0" hai="52,54,56,57,61,62,72,74,83,86,89,97,102,104" machi="62" ten="30,3900,0" yaku="7,1,9,1,54,1" doraHai="38" who="2" fromWho="1" sc="225,0,209,-39,342,39,224,0" owari="225,2.5,170,-33.0,381,48.1,224,-17.6" /></mjloggm>