<mjloggm ver="2.3"><GO type="225" lobby="0"/><UN n0="%E7%89%B9%E6%9D%B1%E3%81%AF%E4%B8%96%E7%95%8C%E3%82%92%E6%95%91%E3%81%86" n1="%E3%81%86%E3%81%A9%E3%82%93%E3%81%93" n2="%E3%81%B2%E3%81%BE%E3%81%A4%E3%81%B6%E3%81%97" n3="%4C%4F%4C%49%54%41" dan="16,16,16,16" rate="2088.47,2138.49,2146.06,2191.59" sx="M,M,M,F"/><TAIKYOKU oya="0"/><INIT seed="0,0,0,0,2,47" ten="250,250,250,250" oya="0" hai0="2,119,84,15,29,74,97,82,120,25,71,85,65" hai1="33,1,128,100,4,87,41,114,112,83,123,14,134" hai2="48,131,51,101,116,113,95,132,50,37,107,20,22" hai3="21,126,18,98,49,91,11,0,78,105,34,88,127"/><T99/><D119/><U61/><E123/><V109/><F113/><N who="1" m="43625" /><E33/><V39/><F107/><W59/><G34/><T108/><D2/><U38/><E1/><V57/><F116/><W52/><G78/><T55/><D74/><U66/><E100/><V17/><F109/><W122/><G122/><T75/><D75/><U129/><E134/><V27/><F132/><W70/><G70/><T94/><D120/><U53/><E53/><V8/><F131/><N who="1" m="50249" /><E41/><V77/><F77/><W76/><G76/><T12/><D55/><U3/><E38/><V30/><F39/><W13/><G105/><T117/><D65/><U133/><E3/><V73/><F37/><W9/><G98/><T32/><D108/><U68/><E133/><V121/><F121/><W44/><G44/><T10/><D117/><U69/><E69/><V28/><F73/><W125/><G0/><T103/><D71/><U58/><E68/><V31/><F57/><W115/><G115/><T118/><D118/><U46/><E46/><V106/><F106/><W110/><G110/><T43/><D43/><U62/><E62/><V45/><F45/><W63/><G63/><T80/><D103/><U67/><E67/><V79/><F79/><W5/><G5/><T89/><D32/><U81/><E87/><V40/><F40/><W102/><G102/><T135/><D135/><U111/><E111/><V64/><F64/><W23/><G23/><N who="0" m="15551" /><D85/><U93/><E93/><V19/><F95/><W42/><G42/><T36/><D36/><U7/><E7/><V35/><F35/><W54/><G54/><T56/><D99/><RYUUKYOKU ba="0,0" sc="250,-15,250,15,250,-15,250,15" hai1="4,14,58,61,66,81,83" hai3="9,11,13,18,21,49,52,59,88,91,125,126,127" /><INIT seed="1,1,0,4,0,18" ten="235,265,235,265" oya="1" hai0="87,26,102,118,54,64,55,99,42,62,47,46,93" hai1="67,132,44,72,130,69,127,21,56,28,58,37,103" hai2="131,78,92,76,48,36,105,86,101,12,31,10,39" hai3="111,79,81,8,23,100,49,84,106,30,43,24,83"/><U119/><E72/><V112/><F131/><W80/><G111/><T107/><D118/><U66/><E103/><V122/><F122/><W4/><G106/><T128/><D128/><U32/><E32/><V13/><F112/><W124/><G124/><T7/><D7/><U71/><E28/><V33/><F105/><W68/><G68/><N who="1" m="26186" /><E21/><V19/><F33/><W5/><G100/><T50/><D26/><U22/><E22/><V70/><F70/><W34/><G34/><T6/><D6/><N who="3" m="2665" /><G8/><T73/><D73/><U134/><E130/><V45/><F31/><W41/><G49/><T114/><D114/><U40/><E119/><V88/><F13/><W25/><G24/><T123/><D123/><U53/><E56/><V75/><F101/><W82/><AGARI ba="1,0" hai="23,25,30,41,43,79,80,81,82,83,84" m="2665" machi="82" ten="30,2000,0" yaku="8,1,52,1" doraHai="18" who="3" fromWho="3" sc="235,-6,265,-11,235,-6,265,23" /><INIT seed="2,0,0,5,5,61" ten="229,254,229,288" oya="2" hai0="23,78,129,8,46,76,83,85,80,98,40,115,117" hai1="132,63,128,35,36,7,88,60,19,93,16,39,58" hai2="65,120,59,73,5,97,112,15,49,113,106,81,75" hai3="127,84,18,68,92,110,130,1,105,133,3,21,33"/><V55/><F120/><W27/><G105/><T47/><D115/><U116/><E116/><V90/><F75/><W56/><G68/><T10/><D117/><U100/><E35/><V28/><F28/><W52/><G110/><T95/><D129/><U34/><E34/><V66/><F73/><W17/><G33/><T30/><D30/><U0/><E128/><V125/><F125/><W124/><G133/><T26/><D83/><U50/><E100/><V69/><F69/><W87/><G17/><N who="0" m="12655" /><D76/><U102/><E102/><V134/><F134/><W86/><G92/><T53/><D53/><U4/><E50/><V57/><F106/><W101/><G101/><N who="0" m="60639" /><D40/><U122/><E122/><V111/><F111/><W121/><G130/><T2/><D2/><U131/><E131/><V89/><F113/><W9/><G121/><T24/><D24/><U54/><E132/><V29/><F29/><W94/><G94/><T32/><D32/><U44/><E0/><V126/><F126/><N who="3" m="48171" /><G1/><T135/><D135/><U67/><E36/><V109/><F109/><W77/><G77/><T99/><D99/><N who="1" m="57767" /><E39/><V72/><F97/><W103/><G103/><T107/><D107/><U20/><E19/><V70/><F70/><W42/><G42/><T41/><D41/><U104/><E104/><V64/><F112/><W31/><G3/><T51/><D51/><N who="1" m="29031" /><E63/><N who="2" m="37999" /><F72/><W13/><G87/><T14/><D8/><U37/><E37/><V45/><F81/><W38/><G38/><T48/><D48/><AGARI ba="0,0" hai="9,13,18,21,27,31,48,52,56,84,86" m="48171" machi="48" ten="30,2000,0" yaku="18,1,54,1" doraHai="61" who="3" fromWho="0" sc="229,-20,254,0,229,0,288,20" /><INIT seed="3,0,0,5,3,51" ten="209,254,229,308" oya="3" hai0="35,124,127,111,94,18,34,44,48,46,53,70,30" hai1="26,120,97,24,96,12,93,28,122,108,0,117,100" hai2="118,112,88,123,104,119,76,79,113,57,125,72,91" hai3="39,20,52,27,133,13,107,4,62,102,37,73,130"/><W99/><G73/><T78/><D111/><U77/><E0/><V121/><F57/><N who="3" m="35111" /><G13/><T16/><D70/><U114/><E114/><V42/><F42/><W63/><G63/><T105/><D105/><U9/><E108/><V31/><F31/><W84/><G84/><T67/><D67/><U68/><E68/><V49/><F49/><W8/><G8/><T3/><D3/><U92/><E77/><N who="2" m="29771" /><F72/><W11/><G11/><T95/><D78/><U90/><E117/><N who="2" m="44555" /><F104/><W58/><G58/><T32/><D30/><U86/><E86/><V60/><F60/><W71/><G4/><T2/><D2/><U59/><E59/><V89/><F125/><N who="0" m="48202" /><D46/><U56/><E56/><V7/><F7/><W61/><G71/><T85/><D85/><U29/><E29/><V55/><F55/><W74/><G74/><T17/><AGARI ba="0,0" hai="16,17,18,32,34,35,44,48,53,94,95" m="48202" machi="17" ten="40,5200,0" yaku="18,1,52,1,54,1" doraHai="51" who="0" fromWho="0" sc="209,52,254,-13,229,-13,308,-26" /><INIT seed="4,0,0,3,2,40" ten="261,241,216,282" oya="0" hai0="41,84,53,12,46,123,28,48,73,114,127,126,9" hai1="24,71,112,56,89,42,130,59,6,80,133,117,134" hai2="15,61,88,5,87,91,83,31,57,100,131,72,7" hai3="95,44,79,20,122,90,132,67,11,113,8,128,52"/><T110/><D123/><U105/><E117/><V78/><F131/><W47/><G113/><T51/><D73/><U54/><E130/><V129/><F129/><W120/><G128/><T75/><D75/><U34/><E71/><V102/><F31/><W37/><G132/><N who="1" m="50794" /><E105/><V43/><F43/><N who="3" m="22639" /><G67/><T98/><D114/><U106/><E106/><V124/><F124/><N who="0" m="47658" /><D110/><U13/><E42/><V58/><F58/><W115/><G79/><T82/><D98/><U27/><E112/><V97/><F72/><W50/><G20/><T39/><D53/><U76/><E89/><N who="2" m="34379" /><F97/><N who="3" m="57591" /><G115/><T109/><D28/><N who="1" m="19719" /><E27/><V69/><F69/><W74/><G74/><T14/><D109/><U18/><E54/><N who="2" m="33975" /><F15/><N who="0" m="5674" /><D9/><N who="1" m="4279" /><E18/><V26/><F26/><W16/><G16/><T49/><D39/><U85/><AGARI ba="0,0" hai="56,59,76,80,85" m="4279,19719,50794" machi="85" ten="30,1100,0" yaku="20,1" doraHai="40" who="1" fromWho="1" sc="261,-5,241,11,216,-3,282,-3" /><INIT seed="5,0,0,5,5,1" ten="256,252,213,279" oya="1" hai0="86,44,59,14,96,67,124,66,81,54,42,127,55" hai1="101,103,49,125,94,6,117,23,33,74,65,9,122" hai2="39,61,98,57,15,41,84,120,79,93,30,34,111" hai3="0,51,85,112,56,13,64,133,46,69,114,45,35"/><U95/><E117/><V126/><F120/><W97/><G0/><T107/><D107/><U71/><E33/><V87/><F111/><W21/><G35/><T53/><D96/><U102/><E122/><V19/><F126/><N who="0" m="48170" /><D14/><U8/><E74/><V12/><F12/><W29/><G69/><T110/><D110/><U130/><E125/><V129/><F129/><W50/><G97/><T121/><D121/><U31/><E71/><V26/><F79/><W36/><G36/><N who="0" m="21575" /><D59/><U115/><E65/><V135/><F135/><W60/><G133/><T88/><AGARI ba="0,0" hai="53,54,55,66,67,81,86,88" m="21575,48170" machi="88" ten="30,2000,0" yaku="18,1,54,1" doraHai="1" who="0" fromWho="0" sc="256,20,252,-10,213,-5,279,-5" /><INIT seed="6,0,0,2,2,75" ten="276,242,208,274" oya="2" hai0="117,64,118,78,86,13,9,0,115,93,92,120,112" hai1="130,35,20,132,1,60,113,7,114,91,3,131,14" hai2="88,58,61,83,106,62,59,135,52,89,40,24,37" hai3="29,28,54,100,104,133,33,70,63,56,45,32,72"/><V122/><F122/><W31/><G72/><T36/><D120/><U55/><E91/><N who="2" m="34891" /><F106/><W69/><G133/><T22/><D36/><U99/><E99/><V96/><F135/><W81/><G81/><N who="0" m="47415" /><D0/><N who="1" m="75" /><E132/><V65/><F37/><W67/><G100/><T49/><D64/><U39/><E39/><V125/><F125/><W23/><G104/><T110/><D49/><U25/><E55/><N who="2" m="34015" /><F96/><W90/><G90/><T46/><D46/><U87/><E60/><V18/><F83/><W119/><G119/><N who="0" m="45579" /><D22/><U17/><E87/><V116/><F116/><W53/><G23/><T80/><D110/><U43/><E35/><V84/><F84/><W41/><G33/><T2/><D2/><U51/><E51/><N who="2" m="31135" /><F40/><W94/><G32/><T30/><D80/><U12/><E43/><V123/><F123/><W42/><G42/><T73/><D73/><U26/><E130/><V109/><F109/><W95/><G94/><N who="0" m="36459" /><D30/><U98/><E131/><V121/><F121/><W97/><G95/><T10/><D10/><N who="1" m="4191" /><E98/><V21/><F62/><W38/><G97/><T11/><D11/><U128/><E128/><V19/><F65/><W5/><G69/><T126/><D126/><U101/><E101/><V124/><F124/><W85/><G85/><T27/><D27/><AGARI ba="0,0" hai="14,17,20,25,26,27,113,114" m="4191,75" machi="27" ten="30,2000,0" yaku="34,2" doraHai="75" who="1" fromWho="0" sc="276,-20,242,20,208,0,274,0" /><INIT seed="7,0,0,2,5,46" ten="256,262,208,274" oya="3" hai0="41,70,111,40,74,13,37,98,87,60,6,48,120" hai1="92,65,63,71,62,50,68,125,117,14,58,7,119" hai2="133,45,134,24,21,27,99,8,97,72,130,73,15" hai3="79,26,67,83,95,36,131,135,32,96,55,56,90"/><W85/><G36/><T11/><D120/><U19/><E125/><V57/><F57/><W86/><G131/><T106/><D74/><U78/><E7/><V66/><F66/><W94/><G135/><T75/><D75/><U81/><E92/><V38/><F38/><W121/><G121/><T42/><D111/><U3/><E3/><V43/><F43/><W0/><G0/><T114/><D37/><U64/><E58/><V69/><F69/><W22/><G32/><T5/><D114/><U104/><E50/><V132/><F130/><W118/><G67/><T12/><D87/><U47/><E47/><V110/><F110/><W53/><G56/><T23/><D70/><U29/><E29/><V127/><F127/><W109/><G118/><T113/><D60/><U84/><E104/><V51/><F73/><W54/><G109/><T101/><D113/><U112/><E112/><V76/><F76/><W2/><G2/><T91/><D91/><U31/><E31/><N who="2" m="17807" /><F72/><W82/><REACH who="3" step="1"/><G96/><REACH who="3" ten="256,262,208,264" step="2"/><T39/><D39/><U102/><E117/><V116/><F116/><W93/><G93/><T34/><D34/><U123/><E119/><V128/><F128/><W17/><AGARI ba="0,1" hai="17,22,26,53,54,55,79,82,83,85,86,90,94,95" machi="17" ten="30,6000,0" yaku="1,1,0,1,8,1,53,0" doraHai="46" doraHaiUra="44" who="3" fromWho="3" sc="256,-20,262,-20,208,-20,264,70" owari="236,-16.4,242,4.2,188,-31.2,334,43.4" /></mjloggm>