<mjloggm ver="2.3"><GO type="225" lobby="0"/><UN n0="%68%6F%72%69%30%39%30%31" n1="%E6%B0%B7%E5%B7%9D%E9%87%8C%E5%A5%88" n2="%E8%83%83%E3%81%A8%E8%85%B8" n3="%E5%8F%AF%E5%85%90%E9%82%A3%E7%94%B1%E5%A4%9A" dan="16,16,16,16" rate="2100.75,2137.07,2163.93,2235.89" sx="M,F,M,F"/><TAIKYOKU oya="0"/><INIT seed="0,0,0,4,3,126" ten="250,250,250,250" oya="0" hai0="53,80,24,18,120,13,131,103,70,74,56,73,50" hai1="90,35,44,83,105,95,27,25,62,2,100,49,16" hai2="122,128,77,112,91,63,96,67,114,72,55,78,87" hai3="110,125,15,66,36,6,54,57,127,10,30,98,65"/><T5/><D120/><U85/><E2/><V69/><F122/><W41/><G110/><T76/><D70/><U47/><E105/><V21/><F96/><W121/><G121/><T45/><D103/><U37/><E37/><V7/><F7/><W26/><G98/><T79/><D131/><U124/><E124/><N who="3" m="47690" /><G41/><T116/><D116/><U86/><E100/><V129/><F55/><W94/><G94/><T84/><D76/><N who="2" m="29290" /><F21/><N who="3" m="15695" /><G36/><T108/><D108/><U132/><E62/><AGARI ba="0,0" hai="6,10,15,54,57,62,65,66" m="15695,47690" machi="62" ten="30,1000,0" yaku="18,1" doraHai="126" who="3" fromWho="1" sc="250,0,250,-10,250,0,250,10" /><INIT seed="1,0,0,5,4,45" ten="250,240,250,260" oya="1" hai0="67,92,117,113,3,2,76,33,24,130,97,98,120" hai1="112,12,118,128,106,110,119,63,96,81,77,121,34" hai2="37,134,46,16,9,65,29,44,111,75,100,14,32" hai3="78,87,90,101,94,131,124,103,26,35,80,43,72"/><U69/><E112/><V41/><F111/><W84/><G43/><T62/><D113/><U66/><E121/><V85/><F75/><W70/><G70/><T21/><D117/><U13/><E128/><V49/><F134/><W1/><G1/><T71/><D130/><U123/><E123/><V79/><F65/><W50/><G131/><T11/><D120/><U108/><E34/><V54/><F100/><N who="3" m="38475" /><G50/><T51/><D76/><U59/><E96/><V4/><F29/><W116/><G26/><T104/><D104/><U93/><E93/><V6/><REACH who="2" step="1"/><F32/><REACH who="2" ten="250,240,240,260" step="2"/><W126/><G35/><T73/><D33/><U53/><E118/><V133/><F133/><W47/><G116/><T91/><D73/><N who="1" m="43183" /><E119/><V132/><F132/><W86/><G47/><T99/><D2/><U48/><E106/><V89/><F89/><W18/><G18/><T7/><REACH who="0" step="1"/><D51/><REACH who="0" ten="240,240,240,260" step="2"/><U17/><E17/><AGARI ba="0,2" hai="3,7,11,17,21,24,62,67,71,91,92,97,98,99" machi="17" ten="30,7700,0" yaku="1,1,2,1,7,1,53,1" doraHai="45" doraHaiUra="60" who="0" fromWho="1" sc="240,97,240,-77,240,0,260,0" /><INIT seed="2,0,0,0,5,131" ten="337,163,240,260" oya="2" hai0="121,92,130,120,68,53,128,134,76,100,94,23,20" hai1="82,10,107,1,91,32,61,24,13,4,113,44,21" hai2="83,132,34,5,129,99,15,18,110,11,127,14,60" hai3="50,78,115,80,117,97,31,39,56,51,88,54,87"/><V19/><F129/><N who="0" m="49770" /><D68/><U126/><E113/><V85/><F127/><W112/><G117/><T102/><D76/><U81/><E126/><V67/><F34/><W42/><G39/><T47/><D134/><U28/><E107/><V58/><F132/><W122/><G122/><N who="0" m="47211" /><D53/><U84/><E61/><V38/><F38/><W55/><G42/><T71/><D47/><U37/><E44/><V125/><F125/><W30/><G115/><T6/><D6/><U26/><E37/><V33/><F33/><W3/><G3/><T105/><D71/><U65/><E65/><V41/><F41/><W95/><G112/><T75/><D75/><U114/><E114/><V69/><F110/><W73/><G73/><T35/><D35/><U7/><E7/><V45/><F45/><AGARI ba="0,0" hai="30,31,45,50,51,54,55,56,78,80,87,88,95,97" machi="45" ten="30,3900,0" yaku="7,1,8,1,54,1" doraHai="131" who="3" fromWho="2" sc="337,0,163,0,240,-39,260,39" /><INIT seed="3,0,0,2,0,93" ten="337,163,201,299" oya="3" hai0="102,74,25,83,97,61,134,130,127,26,52,124,5" hai1="33,87,66,99,118,54,80,59,29,90,65,8,128" hai2="15,24,6,12,94,16,31,135,35,115,60,69,50" hai3="22,20,84,42,122,9,40,43,77,45,133,28,78"/><W125/><G122/><T106/><D134/><U92/><E128/><V123/><F115/><W17/><G133/><T71/><D5/><U95/><E118/><V109/><F135/><W63/><G125/><N who="0" m="48203" /><D130/><U27/><E8/><V132/><F132/><W116/><G116/><T120/><D120/><U81/><E95/><V7/><F123/><W82/><G77/><N who="0" m="44471" /><D52/><U51/><REACH who="1" step="1"/><E80/><REACH who="1" ten="337,153,201,299" step="2"/><V114/><F94/><W88/><G9/><T67/><AGARI ba="0,1" hai="25,26,61,67,71,97,102,106" m="44471,48203" machi="67" ten="30,2000,0" yaku="18,1,52,1" doraHai="93" who="0" fromWho="0" sc="337,30,153,-5,201,-5,299,-10" owari="367,46.7,148,-35.2,196,-20.4,289,8.9" /></mjloggm>