<mjloggm ver="2.3"><GO type="225" lobby="0"/><UN n0="%E8%B6%85%E7%B4%9A%E9%B3%B3%E5%87%B0" n1="%E3%82%BC%E3%83%AB%E3%83%80%E3%81%AE%E4%BC%9D%E8%AA%AC" n2="%E6%B8%A1%E5%A4%A9%E8%97%8D" n3="%4C%4F%4C%49%54%41" dan="16,17,16,16" rate="2146.60,2140.59,2121.44,2177.25" sx="M,M,F,F"/><TAIKYOKU oya="0"/><INIT seed="0,0,0,2,5,14" ten="250,250,250,250" oya="0" hai0="81,40,121,42,59,23,21,124,33,56,8,105,15" hai1="29,7,76,39,112,131,102,0,72,52,128,99,116" hai2="87,48,22,26,88,130,2,25,123,3,98,36,104" hai3="83,68,120,62,53,115,18,66,135,41,117,94,78"/><T37/><D121/><U24/><E116/><V64/><F36/><W1/><G117/><T20/><D105/><U80/><E112/><V45/><F123/><W101/><G115/><T49/><D33/><N who="1" m="20647" /><E52/><N who="2" m="29711" /><F2/><W74/><G1/><T100/><D100/><U35/><E35/><V122/><F3/><W51/><G135/><T28/><D124/><U12/><E12/><V34/><F34/><W97/><G41/><T134/><D134/><U111/><E111/><V86/><F104/><W44/><REACH who="3" step="1"/><G120/><REACH who="3" ten="250,250,250,240" step="2"/><T73/><D40/><U133/><E133/><V107/><F122/><W4/><G4/><T118/><D42/><U31/><E7/><V110/><F110/><W85/><G85/><T79/><D118/><U77/><E0/><V43/><F43/><W57/><G57/><T84/><D59/><U16/><E39/><V38/><F38/><W119/><G119/><T75/><D37/><U60/><E72/><V50/><F87/><W32/><G32/><T65/><D84/><U108/><E108/><V54/><F86/><W5/><G5/><T69/><D73/><U132/><E132/><V126/><F126/><W109/><G109/><T19/><D69/><U11/><E128/><V67/><F130/><W125/><G125/><T92/><D56/><U17/><E131/><V58/><F58/><W82/><G82/><T6/><D81/><U30/><E80/><V55/><F98/><W91/><G91/><T114/><D114/><U63/><E99/><V89/><F88/><W47/><G47/><T10/><D75/><U103/><E77/><V13/><F89/><W70/><G70/><RYUUKYOKU ba="0,1" sc="250,-10,250,-10,250,-10,240,30" hai3="18,44,51,53,62,66,68,74,78,83,94,97,101" /><INIT seed="1,1,1,4,4,20" ten="240,240,240,270" oya="1" hai0="50,128,73,35,27,126,48,28,53,116,113,92,37" hai1="49,115,69,51,15,133,38,62,44,47,12,65,19" hai2="67,104,75,57,8,58,87,81,1,82,78,59,3" hai3="24,122,72,83,36,110,71,117,68,40,31,107,7"/><U97/><E115/><V106/><F67/><W70/><G122/><T99/><D113/><U4/><E133/><V85/><F75/><W134/><G110/><T61/><D116/><U55/><E38/><V63/><F63/><W96/><G134/><T41/><D73/><U6/><E97/><V80/><F8/><W21/><G117/><T42/><D128/><U25/><E25/><V32/><F32/><N who="3" m="20583" /><G7/><T74/><D74/><U118/><E15/><V114/><F114/><W52/><G52/><T91/><D126/><U43/><REACH who="1" step="1"/><E118/><REACH who="1" ten="240,230,240,270" step="2"/><V17/><F17/><W22/><G96/><T95/><D37/><U121/><E121/><V132/><F132/><W105/><G36/><T60/><D99/><U76/><E76/><V14/><F14/><W30/><G105/><N who="2" m="40553" /><F78/><W66/><G107/><T135/><D135/><U102/><E102/><V39/><F39/><W129/><G129/><T109/><D27/><U46/><E46/><V111/><F111/><W18/><G30/><T98/><D28/><U84/><E84/><AGARI ba="1,2" hai="1,3,57,58,59,80,81,82,84,85,87" m="40553" machi="84" ten="40,2600,0" yaku="28,2" doraHai="20" who="2" fromWho="1" sc="240,0,230,-29,240,49,270,0" /><INIT seed="2,0,0,2,0,70" ten="240,201,289,270" oya="2" hai0="46,92,121,132,86,75,36,130,115,127,10,14,61" hai1="4,81,68,119,103,53,129,126,62,24,18,117,58" hai2="20,114,93,112,106,43,0,56,113,48,97,57,131" hai3="79,50,12,60,23,55,9,122,8,35,135,47,28"/><V64/><F0/><W89/><G122/><T105/><D121/><U19/><E126/><V1/><F1/><W41/><G35/><T51/><D75/><U5/><E129/><V99/><F131/><W34/><G34/><T67/><D105/><U44/><E68/><V100/><F64/><W38/><G135/><T85/><D130/><U39/><E103/><V71/><F71/><W83/><G89/><T94/><D115/><U37/><E81/><V124/><F124/><W13/><G60/><T128/><D128/><U27/><E44/><V30/><F43/><W15/><G23/><T77/><D127/><U72/><E62/><V123/><F123/><W82/><G28/><T16/><D36/><U25/><E58/><V134/><F134/><W26/><G26/><T133/><D133/><U66/><E53/><V110/><F110/><W29/><G29/><T107/><D107/><U78/><E66/><V91/><F48/><W96/><G96/><T73/><D73/><U22/><E72/><V3/><F3/><W74/><REACH who="3" step="1"/><G83/><REACH who="3" ten="240,201,289,260" step="2"/><T31/><D31/><U104/><E25/><V125/><F125/><W33/><G33/><T65/><D132/><U80/><E80/><V49/><F30/><W118/><G118/><T108/><D61/><U109/><E22/><V2/><F20/><W63/><G63/><T95/><D65/><U52/><E109/><V84/><F99/><W17/><G17/><T101/><D67/><U90/><E90/><V87/><F91/><W98/><G98/><N who="0" m="59591" /><D108/><U116/><E116/><V111/><F113/><W21/><G21/><T59/><D16/><RYUUKYOKU ba="0,1" sc="240,-10,201,-10,289,-10,260,30" hai3="8,9,12,13,15,38,41,47,50,55,74,79,82" /><INIT seed="3,1,1,5,4,79" ten="230,191,279,290" oya="3" hai0="96,46,109,54,81,6,25,65,120,36,119,102,64" hai1="110,2,86,12,132,47,69,68,11,128,10,24,4" hai2="77,5,66,103,55,42,34,95,133,122,0,80,48" hai3="18,50,134,89,38,87,104,22,62,73,27,126,135"/><W75/><G38/><T15/><D119/><U17/><E110/><V90/><F34/><W1/><G126/><T130/><D120/><U52/><E132/><N who="3" m="50730" /><G104/><T3/><D3/><U56/><E128/><V84/><F122/><W85/><G1/><T124/><D109/><U14/><E24/><V49/><F0/><W118/><G118/><T32/><D130/><U70/><E2/><V13/><F66/><W29/><G50/><T45/><D36/><U16/><E86/><N who="3" m="32778" /><G89/><T33/><D32/><U111/><E111/><V23/><F103/><W71/><G18/><T106/><D64/><AGARI ba="1,1" hai="22,27,29,62,64,71,73,75" m="32778,50730" machi="64" ten="30,1500,0" yaku="20,1" doraHai="79" who="3" fromWho="0" sc="230,-18,191,0,279,0,290,28" owari="212,-18.8,191,-30.9,279,7.9,318,41.8" /></mjloggm>