<mjloggm ver="2.3"><GO type="225" lobby="0"/><UN n0="%E3%81%B5%E3%81%98%E3%81%8B%E3%81%A4" n1="%E5%B5%90%E9%9B%B2%E3%81%AE%E3%82%AB%E3%83%A9%E3%82%B9" n2="%E7%99%BD%E6%97%A5%E9%9B%AA%E8%8F%9C" n3="%E3%83%AB%E3%83%9B%E3%83%B3%E3%83%87%E3%82%A3%E3%82%A8" dan="16,16,16,17" rate="2113.04,2076.35,2196.32,2190.14" sx="M,F,M,M"/><TAIKYOKU oya="0"/><INIT seed="0,0,0,5,3,89" ten="250,250,250,250" oya="0" hai0="108,106,97,84,67,19,29,77,43,88,66,83,135" hai1="28,99,75,47,36,69,15,116,62,32,100,56,122" hai2="12,96,113,134,20,94,70,72,90,92,80,17,49" hai3="111,104,10,124,11,120,58,63,16,121,25,22,110"/><T44/><D135/><U78/><E116/><V130/><F134/><W38/><G38/><T21/><D21/><U30/><E122/><N who="3" m="47210" /><G104/><T57/><D29/><U87/><E69/><V118/><F130/><W45/><G45/><T128/><D128/><U2/><E2/><V64/><F113/><W59/><G59/><T42/><D19/><U109/><E75/><V74/><F118/><W50/><G50/><N who="0" m="26903" /><D108/><N who="3" m="41513" /><G124/><T23/><D106/><U117/><E117/><V6/><F80/><W7/><G7/><T93/><D43/><U103/><E36/><V14/><F49/><W18/><G18/><T3/><D3/><U31/><E47/><V125/><F125/><W82/><G82/><T123/><D123/><U102/><E109/><V24/><F70/><W9/><G9/><T8/><D8/><U95/><E32/><V52/><F64/><AGARI ba="0,0" hai="10,11,16,22,25,58,63,64" m="41513,47210" machi="64" ten="30,3900,0" yaku="13,1,14,1,54,1" doraHai="89" who="3" fromWho="2" sc="250,0,250,0,250,-39,250,39" /><INIT seed="1,0,0,1,1,105" ten="250,250,211,289" oya="1" hai0="41,39,106,128,9,8,110,50,65,101,103,102,56" hai1="7,13,17,94,0,51,69,40,58,67,6,104,19" hai2="54,117,111,114,96,68,71,53,123,86,125,52,124" hai3="79,95,85,14,25,21,113,87,108,33,80,5,83"/><U122/><E104/><V75/><F117/><W82/><G108/><T115/><D115/><U118/><E118/><V73/><F123/><W43/><G113/><T47/><D110/><U107/><E107/><V20/><F111/><W119/><G33/><T62/><D128/><U16/><E122/><V74/><F114/><W127/><G127/><N who="2" m="48713" /><F86/><W35/><G35/><T27/><D106/><U92/><E69/><N who="2" m="26699" /><F20/><W36/><G36/><T81/><D27/><U61/><E0/><V60/><F96/><W57/><G119/><T98/><D98/><U121/><E121/><V48/><F60/><W112/><G112/><T63/><D81/><U32/><E32/><V116/><F116/><W93/><G43/><T12/><D12/><U30/><E30/><V70/><N who="2" m="26707" /><V91/><DORA hai="37" /><F91/><W4/><G14/><T76/><D76/><U18/><E6/><V135/><F135/><W134/><G83/><T100/><N who="0" m="25600" /><DORA hai="23" /><T34/><D34/><U31/><E7/><V120/><F120/><W24/><G21/><T64/><REACH who="0" step="1"/><D39/><REACH who="0" ten="240,250,211,289" step="2"/><U99/><E99/><V133/><F133/><W78/><G134/><T28/><D28/><U88/><E31/><V130/><F130/><W77/><G77/><T3/><D3/><U38/><E38/><V46/><AGARI ba="0,1" hai="46,48,52,53,54,73,74,75" m="26707,48713" machi="46" ten="50,8000,1" yaku="18,1,52,3,54,1" doraHai="105,37,23" who="2" fromWho="2" sc="240,-20,250,-40,211,90,289,-20" /><INIT seed="2,0,0,1,5,135" ten="220,210,301,269" oya="2" hai0="6,10,35,66,31,113,100,99,120,53,15,69,45" hai1="89,126,97,48,51,105,41,13,50,56,82,133,116" hai2="23,98,60,80,34,43,119,52,117,63,109,112,24" hai3="81,11,12,47,130,77,78,124,19,132,72,88,96"/><V91/><F112/><W127/><G132/><T14/><D120/><U38/><E133/><V2/><F2/><W115/><G115/><T20/><D113/><U22/><E116/><V37/><F34/><W73/><G130/><T74/><D74/><U55/><E105/><V83/><F109/><W107/><G107/><T93/><D35/><U62/><E38/><V84/><F80/><W111/><G111/><T29/><D69/><U68/><E68/><V92/><F43/><W122/><G122/><T64/><D64/><U32/><E32/><V5/><F5/><W129/><G129/><T108/><D66/><U95/><E82/><V28/><F37/><W30/><G30/><T46/><D108/><U1/><E1/><V21/><F21/><W3/><G3/><T131/><D131/><U9/><E22/><V18/><F28/><N who="0" m="10826" /><D53/><U49/><E126/><N who="3" m="48170" /><G47/><T27/><D27/><U57/><E57/><N who="2" m="34855" /><F63/><W70/><G70/><T114/><D114/><U8/><REACH who="1" step="1"/><E13/><REACH who="1" ten="220,200,301,269" step="2"/><V102/><F119/><W4/><G81/><T0/><D0/><U86/><E86/><V121/><F117/><W75/><G4/><T101/><D20/><U65/><E65/><V128/><F128/><W71/><G71/><T110/><D110/><U79/><E79/><V16/><F121/><W134/><G134/><T36/><D36/><U125/><E125/><V67/><F67/><W42/><G78/><T90/><D15/><U44/><AGARI ba="0,1" hai="8,9,41,44,48,49,50,51,55,56,62,89,95,97" machi="44" ten="30,4000,0" yaku="1,1,0,1,8,1,53,0" doraHai="135" doraHaiUra="104" who="1" fromWho="1" sc="220,-10,200,50,301,-20,269,-10" /><INIT seed="3,0,0,4,0,111" ten="210,250,281,259" oya="3" hai0="10,127,30,33,53,69,47,96,132,12,68,83,93" hai1="60,25,13,24,110,74,71,125,64,87,112,38,106" hai2="66,80,15,98,19,26,94,103,2,100,133,129,32" hai3="76,50,115,52,46,3,67,6,128,41,57,21,91"/><W8/><G115/><T131/><D127/><U108/><E112/><V51/><F2/><W120/><G120/><T54/><D131/><U42/><E74/><V59/><F129/><W44/><G128/><T65/><D132/><U92/><E106/><V107/><F133/><W135/><G135/><T117/><D117/><U4/><E125/><V14/><F103/><W90/><G76/><T105/><D105/><U118/><E118/><V122/><F122/><W70/><G46/><T22/><D33/><U104/><E104/><V89/><F107/><W61/><REACH who="3" step="1"/><G21/><REACH who="3" ten="210,250,281,249" step="2"/><T9/><D47/><U113/><E113/><V75/><F32/><W5/><G5/><T62/><D69/><U77/><E77/><V55/><F75/><W109/><G109/><T82/><D9/><U126/><E126/><V79/><F79/><W97/><G97/><T102/><D22/><U114/><E114/><V43/><F98/><W49/><AGARI ba="0,1" hai="3,6,8,41,44,49,50,52,57,61,67,70,90,91" machi="49" ten="20,7800,0" yaku="1,1,0,1,7,1,54,1,53,0" doraHai="111" doraHaiUra="121" who="3" fromWho="3" sc="210,-26,250,-26,281,-26,249,88" owari="184,-31.6,224,-17.6,255,5.5,337,43.7" /></mjloggm>