<mjloggm ver="2.3"><GO type="225" lobby="0"/><UN n0="%E6%80%AA%E3%81%97%E3%81%99%E3%81%8E%E3%82%8B%E3%83%81%E3%83%BC" n1="%72%69%6F%75%63%68%61%6E" n2="%6E%69%63%6B%6C%6F%77" n3="%E6%A1%9C%E8%8A%B1%E9%96%83%E3%80%85" dan="16,17,16,18" rate="2175.75,2183.35,2102.54,2205.64" sx="M,M,M,M"/><TAIKYOKU oya="0"/><INIT seed="0,0,0,3,2,48" ten="250,250,250,250" oya="0" hai0="11,26,41,13,90,28,60,107,71,82,16,20,47" hai1="119,64,49,39,106,116,118,63,115,36,111,109,29" hai2="51,105,75,129,45,7,134,30,72,83,10,17,95" hai3="8,25,66,44,123,21,22,122,110,61,34,127,135"/><T85/><D107/><U79/><E106/><V2/><F129/><W126/><G44/><T12/><D12/><U70/><E79/><V93/><F105/><W120/><G110/><N who="1" m="41994" /><E29/><V78/><F134/><W35/><G135/><T40/><REACH who="0" step="1"/><D47/><REACH who="0" ten="240,250,250,250" step="2"/><U94/><E115/><V104/><F104/><W23/><G25/><T69/><D69/><U42/><E94/><V131/><F95/><W114/><G114/><T73/><D73/><U121/><E121/><V100/><F93/><W58/><REACH who="3" step="1"/><G8/><REACH who="3" ten="240,250,250,240" step="2"/><T68/><D68/><U130/><E130/><V37/><F10/><W24/><G24/><T133/><D133/><U132/><E132/><V1/><F131/><W52/><G52/><T86/><D86/><U76/><E118/><V92/><F75/><W84/><G84/><T27/><D27/><U56/><E116/><V80/><F72/><W55/><G55/><T5/><D5/><U38/><E119/><V3/><F7/><W19/><G19/><T46/><D46/><N who="1" m="25815" /><E76/><V14/><F17/><W124/><AGARI ba="0,2" hai="21,22,23,34,35,58,61,66,120,122,123,124,126,127" machi="124" ten="50,12000,2" yaku="1,1,0,1,29,2,13,1,18,1,53,0" doraHai="48" doraHaiUra="102" who="3" fromWho="3" sc="240,-60,250,-30,250,-30,240,140" /><INIT seed="1,0,0,5,4,12" ten="180,220,220,380" oya="1" hai0="64,123,84,19,35,124,10,54,49,61,50,121,30" hai1="96,66,48,120,128,89,25,1,29,98,69,130,85" hai2="103,32,99,78,127,93,94,72,125,52,8,65,36" hai3="105,27,55,101,3,17,81,74,111,114,90,13,83"/><U108/><E120/><N who="0" m="46153" /><D124/><N who="2" m="47690" /><F32/><W59/><G114/><T135/><D135/><U68/><E1/><V91/><F36/><W56/><G3/><T21/><D10/><U63/><E69/><V82/><F65/><W46/><G111/><T62/><D84/><U42/><E108/><V6/><F52/><W86/><G27/><N who="0" m="18911" /><D54/><U110/><E110/><V129/><F6/><W131/><G86/><T24/><D61/><U100/><E48/><V39/><F8/><W109/><G55/><T23/><D21/><U16/><E42/><V76/><F39/><W37/><G37/><T95/><D95/><U70/><E70/><AGARI ba="0,0" hai="19,23,24,49,50,62,64,70" m="18911,46153" machi="70" ten="30,2000,0" yaku="13,1,52,1" doraHai="12" who="0" fromWho="1" sc="180,20,220,-20,220,0,380,0" /><INIT seed="2,0,0,1,4,23" ten="200,200,220,380" oya="2" hai0="72,19,32,99,95,10,50,92,83,28,70,130,47" hai1="49,11,17,97,81,63,44,54,7,43,4,128,84" hai2="108,124,31,113,82,34,33,132,18,87,135,77,74" hai3="53,25,96,56,119,121,80,126,88,60,51,5,30"/><V41/><F113/><W103/><G121/><T22/><D70/><U6/><E128/><V20/><F124/><W90/><G119/><T67/><D130/><U79/><E97/><V112/><F112/><W0/><G126/><T123/><D123/><U109/><E109/><V38/><F108/><W1/><G5/><T122/><D122/><U21/><E63/><V73/><F41/><W64/><G0/><T59/><D10/><U102/><E102/><V66/><F66/><W2/><G2/><T9/><D9/><U85/><E85/><V75/><F31/><W115/><G1/><T57/><D28/><U27/><REACH who="1" step="1"/><E54/><REACH who="1" ten="200,190,220,380" step="2"/><V16/><F38/><W114/><G114/><T98/><D99/><U69/><E69/><V76/><F77/><W46/><G115/><T107/><D98/><U48/><E48/><V133/><REACH who="2" step="1"/><F18/><REACH who="2" ten="200,190,210,380" step="2"/><W91/><G64/><T52/><D19/><U14/><AGARI ba="0,2" hai="4,6,7,11,14,17,21,27,43,44,49,79,81,84" machi="14" ten="20,16000,3" yaku="1,1,0,1,7,1,25,2,8,1,52,1,53,1" doraHai="23" doraHaiUra="36" who="1" fromWho="1" sc="200,-40,190,180,210,-80,380,-40" /><INIT seed="3,0,0,2,5,114" ten="160,370,130,340" oya="3" hai0="107,65,15,81,59,34,28,68,106,49,116,121,72" hai1="36,12,101,54,4,14,56,8,84,2,109,44,42" hai2="53,23,115,3,110,128,70,71,134,77,94,45,16" hai3="79,13,33,69,113,27,48,80,43,58,135,6,98"/><W66/><G113/><T10/><D116/><U131/><E109/><V93/><F115/><W60/><G135/><T9/><D121/><U124/><E131/><V97/><F3/><W102/><G33/><T99/><D68/><U52/><E124/><V39/><F110/><W83/><G27/><T78/><D10/><U61/><E101/><V95/><F128/><W89/><G89/><T96/><D106/><U41/><E41/><V64/><F134/><W62/><G6/><T57/><D107/><U26/><E26/><V63/><F77/><W108/><G13/><T74/><D28/><U30/><E30/><V88/><F71/><W125/><G125/><T129/><D74/><U40/><E40/><V18/><F39/><W55/><G108/><T25/><D25/><U85/><REACH who="1" step="1"/><E54/><REACH who="1" ten="160,360,130,340" step="2"/><V35/><F35/><W90/><G90/><T51/><D34/><U91/><E91/><V22/><F45/><W38/><G62/><T117/><D129/><U133/><E133/><V0/><F0/><W76/><G76/><T73/><D78/><U104/><E104/><V46/><F23/><W19/><G79/><T24/><D24/><U50/><E50/><N who="2" m="28887" /><F70/><W100/><G100/><T32/><D32/><U29/><E29/><V111/><F111/><W120/><G120/><T75/><D117/><U67/><E67/><V105/><F105/><N who="3" m="63703" /><G19/><N who="2" m="7209" /><F22/><W119/><G119/><T86/><D65/><U47/><E47/><AGARI ba="0,1" hai="38,43,47,48,55,58,60,66,69,80,83" m="63703" machi="47" ten="30,1500,0" yaku="24,1" doraHai="114" who="3" fromWho="1" sc="160,0,360,-15,130,0,340,25" owari="160,-24.0,345,14.5,130,-37.0,365,46.5" /></mjloggm>