<mjloggm ver="2.3"><GO type="225" lobby="0"/><UN n0="%E5%AF%82%E5%AF%9E%E3%82%AE%E3%83%8D%E3%82%B9%E3%83%93%E3%83%BC%E3%83%AB" n1="%E3%83%AD%E3%83%83%E3%83%86%E9%9B%80%E7%90%83" n2="%E3%83%A9%E3%83%96%E3%83%AC%E3%83%BC" n3="%E3%81%8A%E3%81%8B%E3%81%8F%E3%82%89" dan="16,17,18,16" rate="2133.85,2175.64,2268.02,2049.26" sx="M,M,M,M"/><TAIKYOKU oya="0"/><INIT seed="0,0,0,0,5,45" ten="250,250,250,250" oya="0" hai0="96,81,34,28,46,103,104,13,125,59,19,80,54" hai1="82,68,129,24,29,87,8,23,20,122,61,115,44" hai2="100,124,134,49,108,135,112,3,56,116,110,41,69" hai3="16,27,18,14,4,42,43,101,99,30,128,78,85"/><T121/><D125/><U107/><E122/><V95/><F3/><W21/><G128/><T66/><D121/><U57/><E129/><V102/><F112/><W48/><G4/><T119/><D119/><U37/><E107/><V31/><F124/><W106/><G18/><T33/><D66/><U70/><E115/><V91/><F69/><W47/><G85/><T127/><D46/><U64/><E8/><V65/><F31/><W22/><REACH who="3" step="1"/><G78/><REACH who="3" ten="250,250,250,240" step="2"/><T120/><D120/><U62/><E87/><V105/><F116/><W50/><G50/><T93/><D127/><U84/><E84/><V109/><F49/><W17/><G17/><T86/><D81/><U72/><E82/><V92/><F110/><W131/><G131/><T6/><D6/><U35/><E62/><V67/><F109/><W2/><G2/><T63/><D28/><U118/><E118/><V38/><F108/><W75/><G75/><T12/><D12/><U53/><E72/><V88/><F135/><W52/><AGARI ba="0,1" hai="14,16,21,22,27,30,42,43,47,48,52,99,101,106" machi="52" ten="20,12000,2" yaku="1,1,0,1,7,1,52,1,54,2,53,1" doraHai="45" doraHaiUra="94" who="3" fromWho="3" sc="250,-60,250,-30,250,-30,240,130" /><INIT seed="1,0,0,3,5,85" ten="190,220,220,370" oya="1" hai0="64,44,54,111,125,69,87,84,131,49,124,24,130" hai1="62,123,128,4,76,42,114,41,19,70,134,74,17" hai2="60,25,105,93,67,20,51,101,13,96,109,52,83" hai3="8,71,57,47,50,63,127,115,27,32,80,58,122"/><U14/><E114/><V97/><F109/><W45/><G32/><T28/><D111/><U12/><E123/><V110/><F110/><W108/><G27/><T72/><D72/><U118/><E118/><V112/><F83/><W107/><G107/><T53/><D84/><U34/><E34/><V121/><F13/><W78/><G115/><T55/><D87/><U38/><E128/><N who="0" m="49193" /><D28/><U33/><E134/><V0/><F0/><W126/><G8/><T132/><D24/><U21/><E33/><V15/><F15/><W79/><G108/><T116/><D116/><U61/><E4/><V46/><F121/><W56/><G122/><T30/><D30/><U7/><E7/><V103/><F112/><W65/><G45/><T88/><D88/><U106/><E76/><V26/><F20/><W68/><G71/><AGARI ba="0,0" hai="25,26,46,51,52,60,67,71,93,96,97,101,103,105" machi="71" ten="30,2000,0" yaku="7,1,54,1" doraHai="85" who="2" fromWho="3" sc="190,0,220,0,220,20,370,-20" /><INIT seed="2,0,0,2,0,93" ten="190,220,240,350" oya="2" hai0="133,101,55,116,119,85,121,73,131,112,30,34,40" hai1="3,83,29,64,61,124,0,130,97,92,70,80,108" hai2="111,17,58,113,65,103,86,38,67,89,109,76,11" hai3="82,52,81,49,51,90,16,102,132,32,36,19,54"/><V120/><F38/><W95/><G36/><T60/><D121/><U69/><E108/><N who="2" m="41547" /><F113/><W59/><G32/><T46/><D73/><U71/><E124/><V129/><F76/><W44/><G102/><T94/><D112/><U87/><E130/><V18/><F103/><W126/><G132/><T107/><D131/><U39/><E39/><V105/><F105/><W45/><G59/><T22/><D34/><U48/><E29/><V21/><F120/><W110/><G126/><T14/><D133/><U6/><E48/><V127/><F127/><W33/><G33/><T26/><D14/><U128/><E128/><V66/><F11/><W114/><G110/><T84/><D107/><U78/><E83/><N who="3" m="31754" /><G114/><T20/><D20/><U53/><E53/><V106/><F106/><W74/><G74/><T7/><D119/><U28/><E28/><V1/><F1/><W79/><G79/><T115/><D115/><U68/><REACH who="1" step="1"/><E6/><REACH who="1" ten="190,210,240,350" step="2"/><V88/><F129/><W118/><G118/><T63/><D7/><U62/><E62/><N who="2" m="38103" /><F18/><W50/><G49/><N who="0" m="26823" /><D116/><U98/><E98/><AGARI ba="0,1" hai="16,19,44,45,50,51,52,54,90,95,98" m="31754" machi="98" ten="30,7700,0" yaku="8,1,52,1,54,2" doraHai="93" who="3" fromWho="1" sc="190,0,210,-77,240,0,350,87" /><INIT seed="3,0,0,5,1,87" ten="190,133,240,437" oya="3" hai0="53,132,73,36,77,56,83,37,131,129,52,117,130" hai1="123,80,27,74,67,3,108,40,24,21,98,1,70" hai2="28,42,54,122,0,86,102,106,16,91,63,22,46" hai3="109,97,32,75,127,38,29,101,62,31,39,51,111"/><W92/><G75/><T100/><D117/><U11/><E108/><N who="3" m="41546" /><G127/><T57/><D132/><U114/><E123/><V124/><F28/><N who="3" m="10827" /><G32/><T23/><D23/><U47/><E114/><V93/><F0/><W7/><G7/><T120/><D100/><U134/><E134/><V121/><F102/><W15/><G15/><T81/><D120/><U125/><E98/><V107/><F63/><W104/><G51/><N who="0" m="30783" /><D83/><U72/><E125/><V55/><F124/><W41/><G41/><T113/><D113/><U110/><E110/><V99/><F42/><W118/><G118/><T95/><D95/><U19/><E27/><V96/><F93/><W2/><G2/><T105/><D105/><U18/><E18/><V90/><F16/><W45/><G45/><T64/><D64/><U33/><E33/><V126/><F46/><W35/><G35/><T76/><D76/><U94/><E94/><V79/><F79/><W89/><G62/><AGARI ba="0,0" hai="36,37,52,57,62,73,77,81,129,130,131" m="30783" machi="62" ten="30,2000,0" yaku="19,1,54,1" doraHai="87" who="0" fromWho="3" sc="190,20,133,0,240,0,437,-20" owari="210,-19.0,133,-36.7,240,4.0,417,51.7" /></mjloggm>