<mjloggm ver="2.3"><GO type="225" lobby="0"/><UN n0="%E3%81%95%E3%81%8D%E3%81%9F%E3%81%BE%E6%9E%97%E6%AA%8E" n1="%E3%81%8B%E3%82%8F%E3%81%A1%E3%82%83%E3%82%93%35%38" n2="%72%69%6F%75%63%68%61%6E" n3="%6D%75%75%6D%75%72%61" dan="16,16,16,16" rate="2115.81,2129.35,2121.39,2135.03" sx="M,M,M,F"/><TAIKYOKU oya="0"/><INIT seed="0,0,0,3,5,7" ten="250,250,250,250" oya="0" hai0="133,83,29,20,12,37,84,105,45,33,111,110,119" hai1="88,17,90,123,24,115,39,75,34,62,19,40,69" hai2="16,14,129,100,61,103,80,126,72,47,31,121,6" hai3="52,104,58,56,63,57,106,41,0,82,91,116,98"/><T102/><D119/><U28/><E123/><V128/><F121/><W9/><G116/><T118/><D118/><U43/><E75/><V21/><F126/><W78/><G41/><T93/><D105/><U107/><E115/><V64/><F31/><W66/><G91/><T71/><D71/><U26/><E107/><V8/><F47/><W38/><G38/><T51/><D37/><U109/><E109/><N who="0" m="41481" /><D133/><U42/><E39/><V53/><F53/><W74/><G98/><N who="0" m="59727" /><D33/><U94/><E26/><V92/><F80/><W95/><G95/><T60/><D60/><U96/><REACH who="1" step="1"/><E90/><REACH who="1" ten="250,240,250,250" step="2"/><V27/><F72/><W5/><REACH who="3" step="1"/><G57/><REACH who="3" ten="250,240,250,240" step="2"/><T22/><D29/><U125/><E125/><V13/><F92/><W130/><G130/><N who="2" m="50281" /><F27/><W97/><G97/><T114/><D114/><U87/><E87/><V131/><N who="2" m="50289" /><V73/><DORA hai="46" /><F73/><W55/><G55/><N who="0" m="30191" /><D84/><U68/><E68/><AGARI ba="0,2" hai="6,8,13,14,16,21,61,64,68,100,103" m="50289" machi="68" ten="40,5200,0" yaku="19,1,52,1,54,1" doraHai="7,46" who="2" fromWho="1" sc="250,0,240,-52,250,72,240,0" /><INIT seed="1,0,0,1,4,31" ten="250,188,322,240" oya="1" hai0="110,18,130,74,52,8,49,77,135,64,72,66,34" hai1="22,116,50,60,57,118,26,84,29,75,46,100,10" hai2="112,15,119,79,21,108,44,90,13,71,123,95,96" hai3="61,115,1,101,122,65,9,80,12,51,24,133,106"/><U70/><E75/><V89/><F119/><W105/><G122/><T3/><D110/><U104/><E70/><V17/><F123/><W37/><G115/><T102/><D130/><U27/><E104/><V81/><F108/><W35/><G37/><T53/><D135/><U4/><E100/><V16/><F71/><N who="3" m="42415" /><G1/><T114/><D114/><U20/><E84/><V69/><F69/><W85/><G51/><T47/><D102/><U54/><E10/><V63/><F112/><W11/><G12/><T97/><D97/><U91/><E91/><V14/><F63/><W131/><G106/><T125/><D125/><U98/><E98/><V67/><F67/><W76/><G131/><T45/><D3/><U56/><E4/><V39/><F90/><W88/><G76/><T58/><D47/><U19/><REACH who="1" step="1"/><E57/><REACH who="1" ten="250,178,322,240" step="2"/><V23/><F89/><W40/><G133/><T2/><D74/><U36/><E36/><V73/><F39/><W86/><G85/><T43/><D72/><U120/><E120/><V128/><F96/><W28/><G101/><T82/><D58/><U42/><AGARI ba="0,1" hai="19,20,22,26,27,29,42,46,50,54,56,60,116,118" machi="42" ten="20,3900,0" yaku="1,1,0,1,7,1,53,0" doraHai="31" doraHaiUra="107" who="1" fromWho="1" sc="250,-13,178,49,322,-13,240,-13" /><INIT seed="1,1,0,5,3,107" ten="237,227,309,227" oya="1" hai0="123,57,100,104,86,69,130,8,91,52,58,59,119" hai1="128,75,79,62,118,94,102,83,74,0,81,53,72" hai2="109,50,28,112,132,4,19,70,37,99,16,117,103" hai3="51,12,46,13,60,61,133,10,45,36,64,2,54"/><U101/><E0/><V55/><F117/><W33/><G133/><T38/><D119/><U89/><E118/><V67/><F37/><W114/><G114/><T20/><D130/><U95/><E62/><V42/><F132/><W23/><G33/><T32/><D32/><U25/><E25/><V56/><F112/><W129/><G129/><T115/><D115/><U113/><E53/><V71/><F109/><W110/><G110/><T77/><D77/><N who="1" m="44199" /><E128/><V15/><F42/><W127/><G127/><T87/><D38/><U5/><E5/><V31/><F4/><W108/><G108/><T26/><D69/><U30/><E30/><V92/><F19/><N who="3" m="10727" /><G2/><T124/><D124/><U134/><E134/><V18/><F18/><N who="3" m="8503" /><G36/><T17/><D123/><U41/><E41/><V126/><F126/><W9/><G9/><T3/><D3/><U11/><E11/><V49/><F49/><N who="3" m="28975" /><G64/><T96/><D8/><U125/><E125/><V43/><F43/><AGARI ba="1,0" hai="43,46,51,60,61" m="28975,8503,10727" machi="43" ten="30,1000,0" yaku="8,1" doraHai="107" who="3" fromWho="2" sc="237,0,227,0,309,-13,227,13" /><INIT seed="2,0,0,1,4,102" ten="237,227,296,240" oya="2" hai0="119,110,5,32,88,104,15,19,62,87,13,47,8" hai1="127,80,21,24,2,84,16,29,70,130,108,17,76" hai2="65,7,52,113,36,49,81,131,69,66,123,107,12" hai3="40,133,120,63,56,114,46,59,31,4,50,73,44"/><V42/><F113/><W23/><G120/><T38/><D110/><U53/><E70/><V121/><F107/><W60/><G114/><T89/><D119/><U126/><E108/><V98/><F98/><W93/><G73/><T58/><D104/><U95/><E130/><V11/><F131/><W6/><G133/><T55/><D32/><U28/><E2/><V14/><F81/><W97/><G46/><T90/><D38/><U3/><E3/><V41/><F14/><W27/><G59/><T57/><D57/><U61/><E17/><V103/><F103/><W91/><REACH who="3" step="1"/><G63/><REACH who="3" ten="237,227,296,230" step="2"/><T75/><D75/><U94/><E127/><V10/><F123/><W22/><G22/><N who="0" m="11631" /><D47/><U135/><E126/><V54/><F121/><W68/><G68/><T48/><D62/><U9/><E135/><V79/><F69/><W64/><AGARI ba="0,1" hai="4,6,23,27,31,40,44,50,56,60,64,91,93,97" machi="64" ten="20,5200,0" yaku="1,1,0,1,7,1,8,1,53,0" doraHai="102" doraHaiUra="83" who="3" fromWho="3" sc="237,-13,227,-13,296,-26,230,62" /><INIT seed="3,0,0,4,0,33" ten="224,214,270,292" oya="3" hai0="119,75,60,89,26,120,127,47,117,6,133,36,106" hai1="53,100,111,62,46,12,3,84,63,102,74,132,72" hai2="135,14,64,45,65,9,55,103,129,79,107,131,24" hai3="31,122,16,11,29,97,73,30,40,71,126,115,50"/><W2/><G115/><T59/><D120/><U32/><E32/><V90/><F135/><W78/><G71/><T98/><D75/><U28/><E3/><V80/><F24/><W54/><G122/><T85/><D133/><U1/><E1/><V10/><F103/><N who="1" m="39465" /><E74/><V94/><F107/><W19/><G40/><T123/><D123/><U113/><E72/><V110/><F110/><W125/><G97/><T5/><D127/><N who="3" m="48649" /><G78/><T23/><D106/><U48/><E113/><V101/><F101/><W22/><G73/><T91/><D119/><U67/><E132/><V87/><F9/><W118/><G22/><T25/><D117/><U105/><E105/><V66/><F55/><W44/><G118/><T38/><D38/><U83/><E111/><V81/><F45/><W104/><G104/><T93/><D36/><U42/><E28/><V21/><F21/><W58/><G44/><T108/><D108/><U99/><E99/><V56/><F56/><W37/><G37/><T88/><D47/><N who="1" m="25719" /><E12/><V130/><REACH who="2" step="1"/><F79/><REACH who="2" ten="224,214,260,292" step="2"/><W134/><G134/><T57/><D57/><U17/><E67/><V128/><N who="2" m="32768" /><DORA hai="61" /><V69/><F69/><W95/><G11/><T49/><D59/><U13/><E53/><V77/><F77/><W51/><G2/><T35/><D35/><U41/><E46/><V68/><F68/><W39/><G58/><T15/><D91/><N who="1" m="51615" /><E41/><V7/><AGARI ba="0,1" hai="7,10,14,64,65,66,80,81,87,90,94" m="32768" machi="7" ten="60,12000,2" yaku="1,1,0,1,19,1,52,3,53,1" doraHai="33,61" doraHaiUra="82,92" who="2" fromWho="2" sc="224,-30,214,-30,260,130,292,-60" owari="194,-20.6,184,-31.6,390,49.0,232,3.2" /></mjloggm>