<mjloggm ver="2.3"><GO type="225" lobby="0"/><UN n0="%E6%97%A5%E6%9B%9C%E6%97%A5%E3%82%88%E3%82%8A%E3%81%AE%E4%BD%BF%E8%80%85" n1="%E6%A0%B9%E5%85%83%E3%81%8B%E3%82%89%E5%90%B9%E3%81%A3%E9%A3%9B%E3%81%B6" n2="%72%69%6F%75%63%68%61%6E" n3="%72%61%6B%33" dan="18,17,17,18" rate="2150.99,2224.67,2153.93,2238.18" sx="M,F,M,M"/><TAIKYOKU oya="0"/><INIT seed="0,0,0,3,0,112" ten="250,250,250,250" oya="0" hai0="71,80,61,130,123,48,14,0,18,104,43,89,10" hai1="120,65,9,25,106,7,70,54,27,51,19,100,114" hai2="132,125,12,92,87,94,85,26,31,23,45,5,69" hai3="124,126,99,127,93,101,53,103,109,36,52,13,37"/><T76/><D123/><U34/><E120/><V113/><F125/><W122/><G122/><T59/><D130/><U15/><E114/><V110/><F110/><W58/><G109/><T30/><D104/><U116/><E65/><V50/><F132/><W67/><G103/><T134/><D134/><U49/><E70/><V121/><F69/><W83/><G67/><T128/><D128/><U135/><E51/><V102/><F113/><W90/><G13/><T41/><D0/><U46/><E116/><V2/><F2/><W111/><G111/><T91/><D30/><U108/><E135/><V105/><F105/><W32/><G32/><T16/><D18/><U66/><E66/><V4/><F121/><W79/><G101/><T74/><D71/><U40/><E40/><V98/><F94/><W73/><REACH who="3" step="1"/><G53/><REACH who="3" ten="250,250,250,240" step="2"/><T21/><D10/><U107/><E108/><V60/><F12/><W6/><G6/><N who="2" m="2665" /><F60/><AGARI ba="0,1" hai="36,37,52,58,60,73,79,83,90,93,99,124,126,127" machi="60" ten="40,8000,1" yaku="1,1,18,1,54,1,53,1" doraHai="112" doraHaiUra="86" who="3" fromWho="2" sc="250,0,250,0,250,-80,240,90" /><INIT seed="1,0,0,1,0,74" ten="250,250,170,330" oya="1" hai0="72,59,61,69,35,3,92,19,58,43,80,26,73" hai1="96,87,56,65,105,60,33,32,46,107,45,21,17" hai2="76,135,106,64,27,116,133,54,81,98,24,111,117" hai3="13,75,50,29,10,51,44,128,15,53,104,100,18"/><U71/><E71/><V132/><F64/><W52/><G128/><T82/><D3/><U31/><E87/><V114/><F111/><W126/><G126/><T23/><D35/><U124/><E124/><V89/><F54/><W102/><G75/><T22/><D69/><U129/><E129/><V110/><F110/><W109/><G109/><T0/><D0/><U66/><E66/><V99/><F24/><W38/><G38/><T2/><D2/><U83/><E83/><V67/><F67/><W101/><G29/><T36/><D36/><U39/><E96/><N who="2" m="36907" /><F27/><W14/><REACH who="3" step="1"/><G104/><REACH who="3" ten="250,250,170,320" step="2"/><T48/><D73/><U134/><E31/><V34/><F106/><W120/><G120/><T6/><D72/><U78/><E107/><V122/><F122/><W103/><N who="3" m="25600" /><DORA hai="55" /><W16/><G16/><N who="0" m="12615" /><D6/><U79/><E39/><V112/><F34/><W9/><G9/><T8/><D8/><U95/><E105/><V40/><F117/><W41/><G41/><T20/><D43/><U108/><E32/><V42/><F116/><W4/><G4/><T121/><D121/><U30/><E33/><V127/><F127/><W118/><G118/><T93/><D19/><U25/><E30/><V62/><F40/><W119/><G119/><T86/><D20/><U5/><E5/><V37/><F42/><W1/><G1/><T130/><D23/><U90/><E108/><V49/><F37/><W70/><G70/><T85/><D130/><U115/><E21/><V77/><F133/><W113/><G113/><T11/><D11/><U12/><E134/><N who="2" m="51243" /><F112/><W63/><G63/><T125/><D61/><RYUUKYOKU ba="0,1" sc="250,-10,250,-10,170,-10,320,30" hai3="10,13,14,15,18,44,50,51,52,53" /><INIT seed="2,1,1,1,1,54" ten="240,240,160,350" oya="2" hai0="29,8,103,49,23,79,34,15,11,13,85,47,91" hai1="121,123,2,122,109,67,96,60,116,131,119,80,69" hai2="32,104,52,66,7,41,84,108,4,62,118,51,132" hai3="43,37,77,40,48,22,86,81,53,9,99,127,5"/><V58/><F118/><N who="1" m="45097" /><E2/><V21/><F32/><W82/><G127/><T28/><D34/><U59/><E80/><V124/><F124/><W16/><G37/><T18/><D79/><U129/><E96/><V1/><F104/><W70/><G70/><T71/><D71/><U39/><E39/><V120/><F120/><W44/><G99/><T117/><D103/><U14/><E14/><V17/><F132/><W95/><G95/><T3/><D3/><U30/><E30/><V112/><F112/><W27/><G81/><N who="0" m="49583" /><D117/><U68/><E109/><V19/><F108/><W12/><AGARI ba="1,1" hai="5,9,12,16,22,27,40,43,44,48,53,77,82,86" machi="12" ten="20,5200,0" yaku="0,1,7,1,8,1,54,1" doraHai="54" who="3" fromWho="3" sc="240,-14,240,-14,160,-27,350,65" /><INIT seed="3,0,0,0,4,134" ten="226,226,133,415" oya="3" hai0="30,5,8,49,83,33,54,124,27,25,9,14,111" hai1="101,28,81,108,46,24,93,84,70,58,52,64,120" hai2="118,116,40,123,88,20,0,56,29,1,22,132,15" hai3="43,106,78,61,57,53,11,4,42,95,37,62,18"/><W6/><G106/><T86/><D124/><U129/><E108/><V59/><F40/><W102/><G78/><N who="0" m="46455" /><D33/><U90/><E129/><V65/><F65/><W32/><G32/><T107/><D107/><U35/><E46/><V13/><F29/><W74/><G74/><T17/><D30/><U121/><E64/><V115/><F132/><W100/><G61/><T72/><D72/><U77/><E101/><N who="3" m="39018" /><G95/><T82/><D82/><U34/><E70/><V135/><F135/><W45/><G37/><T128/><D111/><U130/><E130/><V47/><F47/><W117/><G117/><T7/><D128/><U80/><E80/><V41/><F41/><N who="3" m="15371" /><G45/><N who="0" m="27951" /><D9/><U79/><E34/><V96/><F123/><W12/><AGARI ba="0,0" hai="4,6,11,12,18,53,57,62" m="15371,39018" machi="12" ten="30,1500,0" yaku="8,1" doraHai="134" who="3" fromWho="3" sc="226,-5,226,-5,133,-5,415,15" owari="221,2.1,221,-17.9,128,-37.2,430,53.0" /></mjloggm>