<mjloggm ver="2.3"><GO type="225" lobby="0"/><UN n0="%E9%89%A2%E5%B7%BB%E3%82%AC%E3%83%96" n1="%72%69%6F%75%63%68%61%6E" n2="%E3%83%A9%E3%83%96%E3%83%AC%E3%83%BC" n3="%E6%80%AA%E3%81%97%E3%81%99%E3%81%8E%E3%82%8B%E3%83%81%E3%83%BC" dan="16,17,18,16" rate="2044.27,2200.82,2213.36,2161.87" sx="M,M,M,M"/><TAIKYOKU oya="0"/><INIT seed="0,0,0,3,4,107" ten="250,250,250,250" oya="0" hai0="75,72,68,2,44,14,82,11,128,86,59,103,18" hai1="9,40,60,81,130,131,10,97,41,66,76,135,50" hai2="30,64,37,8,126,73,61,115,20,42,106,101,83" hai3="43,36,22,116,21,78,23,74,90,58,54,108,57"/><T109/><D68/><U7/><E135/><V110/><F110/><W133/><BYE who="2" /><G116/><UN n2="%E3%83%A9%E3%83%96%E3%83%AC%E3%83%BC" /><T96/><D128/><N who="1" m="49195" /><E97/><V111/><F115/><W120/><G108/><T98/><D109/><U123/><E123/><V16/><F126/><W79/><G133/><T49/><D2/><N who="1" m="247" /><E10/><V28/><F101/><W87/><G120/><T65/><D59/><N who="1" m="37151" /><E50/><V31/><F8/><W55/><G36/><T17/><D65/><U92/><E92/><V118/><F106/><W6/><G6/><T38/><D38/><U129/><N who="1" m="49203" /><U113/><DORA hai="1" /><E113/><V24/><F118/><W105/><G105/><T4/><D17/><U56/><E56/><V99/><F99/><W134/><G58/><T77/><D18/><U46/><E46/><V52/><F64/><W124/><G57/><T132/><D132/><U5/><E5/><V35/><F61/><W67/><G67/><T94/><D98/><U91/><E91/><V112/><F112/><W100/><G134/><T25/><D25/><U70/><E70/><V32/><F111/><W19/><G90/><T33/><D33/><U48/><E48/><V117/><F117/><W121/><G19/><T51/><D51/><U26/><E26/><V45/><F52/><AGARI ba="0,0" hai="4,11,14,44,49,52,72,75,77,82,86,94,96,103" machi="52" ten="30,12000,1" yaku="7,1,52,3,54,1" doraHai="107,1" who="0" fromWho="2" sc="250,120,250,0,250,-120,250,0" /><INIT seed="0,1,0,0,2,65" ten="370,250,130,250" oya="0" hai0="69,41,57,21,3,16,40,14,115,91,25,44,120" hai1="113,90,104,75,93,119,123,100,133,18,99,131,126" hai2="128,31,89,19,48,68,132,122,0,26,107,84,116" hai3="63,42,12,96,46,73,135,98,29,111,20,61,79"/><T45/><D115/><U8/><E119/><V60/><F122/><W33/><G111/><T59/><D3/><U94/><E123/><V32/><F116/><W58/><G135/><T81/><D69/><U74/><E133/><V102/><F132/><W114/><G114/><T105/><D105/><U117/><E117/><V15/><F0/><W106/><G106/><T7/><D91/><U50/><E113/><V124/><F124/><W52/><G33/><T72/><D81/><U92/><E126/><V10/><F128/><W103/><G103/><T1/><D72/><N who="1" m="27691" /><E50/><V110/><F110/><W85/><G73/><T54/><D1/><U34/><E18/><V82/><F48/><N who="3" m="26711" /><G63/><T64/><D64/><U9/><E9/><V129/><F129/><W11/><G85/><T55/><D7/><U56/><E8/><V95/><F107/><W101/><G101/><T83/><D83/><U22/><E56/><N who="0" m="21577" /><D120/><U51/><E51/><V30/><F102/><W67/><G79/><T88/><D88/><N who="1" m="55687" /><E22/><V134/><F134/><W118/><G67/><T127/><D127/><U27/><E131/><V77/><F60/><W2/><G2/><T109/><D109/><U78/><E90/><V76/><F31/><W43/><G118/><T17/><D45/><U130/><E130/><V66/><F82/><W5/><G43/><N who="0" m="16459" /><D44/><U70/><E70/><V112/><F112/><W62/><G61/><T24/><D24/><AGARI ba="1,0" hai="5,11,12,20,24,29,52,58,62,96,98" m="26711" machi="24" ten="30,2000,0" yaku="8,1,54,1" doraHai="65" who="3" fromWho="0" sc="370,-23,250,0,130,0,250,23" /><INIT seed="1,0,0,5,0,92" ten="347,250,130,273" oya="1" hai0="30,71,54,111,133,8,33,31,103,38,84,12,102" hai1="106,24,132,36,35,57,83,113,53,108,124,60,70" hai2="10,58,1,26,104,52,11,109,42,91,97,65,89" hai3="61,63,93,46,28,134,59,56,82,2,112,6,55"/><U96/><E113/><V115/><F115/><W78/><G112/><T9/><D38/><U135/><E124/><V23/><F109/><W74/><G134/><N who="1" m="51242" /><E36/><V67/><F42/><W88/><G28/><T7/><D71/><U45/><E108/><V40/><F40/><W126/><G46/><T0/><D111/><U15/><E70/><V118/><F118/><W13/><G2/><T116/><D116/><U123/><E123/><V37/><F37/><W101/><G101/><T100/><D33/><U120/><E120/><V110/><F110/><W29/><G29/><T39/><D39/><U17/><E83/><V73/><F73/><W76/><G76/><T3/><D3/><U129/><E129/><V4/><F91/><W49/><G126/><T44/><D133/><U47/><E24/><V130/><F130/><W27/><G27/><T107/><D107/><U48/><E35/><V99/><F104/><W14/><G6/><T131/><D131/><U32/><E32/><V19/><F11/><W34/><G34/><T22/><D8/><N who="1" m="6375" /><E48/><V86/><F67/><W121/><G49/><N who="0" m="28967" /><D0/><U75/><E75/><V87/><F65/><W105/><G105/><T81/><D22/><U127/><E127/><V94/><F87/><W5/><G5/><T69/><D69/><U98/><E106/><V50/><AGARI ba="0,0" hai="1,4,10,19,23,26,50,52,58,86,89,94,97,99" machi="50" ten="20,8000,1" yaku="0,1,7,1,52,2,54,1" doraHai="92" who="2" fromWho="2" sc="347,-20,250,-40,130,80,273,-20" /><INIT seed="2,0,0,2,3,123" ten="327,210,210,253" oya="2" hai0="5,61,67,30,22,117,82,14,6,31,107,26,108" hai1="39,97,37,99,41,76,63,12,130,122,73,62,66" hai2="29,98,13,9,79,25,11,50,24,74,56,23,2" hai3="91,4,42,64,135,105,10,46,124,90,84,28,48"/><V72/><F2/><W120/><G120/><T95/><D107/><U113/><E122/><V89/><F79/><W77/><G105/><T69/><D108/><U78/><E113/><V20/><F74/><W94/><G124/><T15/><D117/><U103/><E12/><V51/><F72/><W129/><G135/><T45/><D31/><U33/><E73/><V53/><F51/><W70/><G129/><T3/><D82/><U106/><E33/><V83/><F13/><N who="3" m="5319" /><G28/><T59/><D69/><U111/><E111/><V109/><F109/><W52/><G70/><T49/><D95/><U104/><E130/><V71/><F71/><W34/><G64/><T93/><D93/><U58/><E41/><V125/><F125/><W47/><G34/><T57/><D57/><U80/><E80/><V118/><F118/><W38/><G38/><T1/><D1/><U121/><E121/><V92/><REACH who="2" step="1"/><F83/><REACH who="2" ten="327,210,200,253" step="2"/><W101/><G77/><T112/><D3/><U36/><REACH who="1" step="1"/><E63/><REACH who="1" ten="327,200,200,253" step="2"/><V81/><F81/><W8/><G48/><T65/><D14/><U128/><E128/><V131/><F131/><W102/><G42/><T7/><D15/><U127/><E127/><V35/><F35/><W100/><G47/><T17/><D61/><U88/><E88/><V119/><F119/><W110/><G84/><T75/><D45/><U115/><E115/><V114/><F114/><W43/><G91/><T60/><D112/><U55/><E55/><V68/><F68/><W126/><G52/><T54/><D60/><U18/><E18/><AGARI ba="0,2" hai="9,11,18,20,23,24,25,29,50,53,56,89,92,98" machi="18" ten="30,5800,0" yaku="1,1,7,1,8,1,53,0" doraHai="123" doraHaiUra="96" who="2" fromWho="1" sc="327,0,200,-58,200,78,253,0" /><INIT seed="2,1,0,4,5,27" ten="327,142,278,253" oya="2" hai0="68,7,22,2,43,54,79,75,52,6,133,118,41" hai1="16,101,108,85,84,135,34,99,112,131,37,11,74" hai2="45,58,102,107,31,28,110,33,88,106,96,26,126" hai3="13,130,121,73,100,35,93,57,0,60,91,36,14"/><V8/><F107/><W48/><G121/><T134/><D68/><U10/><E112/><V83/><F58/><W1/><G36/><T128/><D79/><U95/><E108/><V42/><F110/><W65/><G130/><T20/><D75/><U12/><E135/><N who="0" m="51721" /><D128/><U21/><E131/><V109/><F109/><W116/><G116/><T86/><D86/><U70/><E70/><V92/><F126/><W23/><G35/><T5/><D2/><U124/><E124/><V56/><F56/><W117/><G73/><T103/><D103/><U55/><E37/><V97/><F31/><W4/><G100/><T61/><D61/><U105/><E34/><V122/><F83/><W17/><G48/><T71/><D71/><U125/><E125/><V32/><F33/><W24/><G117/><T63/><D63/><U115/><E115/><V30/><F30/><W66/><G66/><T77/><D77/><U39/><E39/><V15/><F122/><W78/><G78/><T69/><D69/><U132/><E74/><V114/><F114/><W29/><G4/><T51/><D54/><U53/><E132/><V113/><F113/><W87/><REACH who="3" step="1"/><G13/><REACH who="3" ten="327,142,278,243" step="2"/><T127/><D118/><U50/><E55/><V44/><F42/><N who="0" m="15882" /><D127/><U3/><E3/><V123/><F123/><W62/><G62/><T98/><D6/><AGARI ba="1,1" hai="6,8,15,26,28,32,44,45,88,92,96,97,102,106" machi="6" ten="30,5800,0" yaku="7,1,52,1,54,1" doraHai="27" who="2" fromWho="0" sc="327,-61,142,0,278,71,243,0" /><INIT seed="2,2,0,3,0,130" ten="266,142,349,243" oya="2" hai0="57,42,2,114,51,89,79,14,101,112,108,92,20" hai1="115,17,121,37,119,19,30,93,21,80,50,82,64" hai2="58,61,33,90,131,0,127,48,7,62,16,15,8" hai3="45,81,36,10,41,106,59,95,63,124,134,9,13"/><V117/><F117/><W104/><G124/><T3/><D108/><U43/><E115/><V105/><F105/><W120/><G134/><T116/><D116/><U26/><E119/><V34/><F131/><W29/><G120/><T23/><D101/><U100/><E121/><V102/><F102/><W113/><G113/><T69/><D69/><U66/><E37/><V111/><F127/><W135/><G135/><T56/><D79/><U132/><E132/><V70/><F70/><W75/><G29/><T85/><D2/><U122/><E122/><V133/><F111/><W47/><G47/><N who="0" m="26103" /><D3/><U46/><E82/><V54/><F133/><W123/><G123/><T84/><D114/><U68/><E80/><V72/><F72/><W27/><G95/><T40/><D40/><U49/><E49/><V128/><F128/><W91/><G27/><T55/><D57/><U86/><E68/><V99/><F34/><W4/><G10/><T103/><D103/><U12/><E17/><V97/><F33/><W6/><G6/><T107/><D107/><U31/><E30/><V52/><F90/><W60/><G60/><N who="0" m="35871" /><D112/><U76/><E76/><V129/><F129/><W126/><G126/><T87/><D14/><U39/><E39/><V83/><F83/><W44/><G44/><T25/><D25/><U94/><E94/><V32/><F32/><W28/><G28/><T11/><D11/><N who="1" m="6559" /><E100/><V67/><F62/><W78/><G91/><AGARI ba="2,0" hai="21,26,31,43,46,50,64,66,86,91,93" m="6559" machi="91" ten="30,1000,0" yaku="8,1" doraHai="130" who="1" fromWho="3" sc="266,0,142,16,349,0,243,-16" /><INIT seed="3,0,0,1,5,79" ten="266,158,349,227" oya="3" hai0="91,66,28,61,68,37,112,48,7,113,118,76,22" hai1="15,135,126,132,86,125,111,59,24,84,64,33,6" hai2="121,60,77,95,56,97,14,110,8,73,88,10,107" hai3="94,19,35,1,100,103,29,129,123,116,34,72,120"/><W0/><G116/><T5/><D37/><U63/><E111/><V128/><F110/><W57/><G19/><T80/><D118/><U3/><E3/><V53/><F128/><W54/><G94/><T52/><D91/><U108/><E108/><V42/><F107/><W27/><G72/><N who="0" m="43015" /><D22/><U75/><E75/><V46/><F121/><W127/><G129/><T130/><D28/><U21/><E33/><V69/><F69/><W20/><G127/><T65/><D65/><U67/><E64/><V96/><F8/><W2/><G34/><T51/><D51/><U115/><E115/><N who="0" m="44105" /><D130/><U74/><E74/><V87/><F77/><W92/><G35/><T38/><D38/><U55/><E67/><V25/><F25/><W47/><G47/><AGARI ba="0,0" hai="5,7,47,48,52,61,66,68" m="44105,43015" machi="47" ten="30,3900,0" yaku="11,1,52,1,54,1" doraHai="79" who="0" fromWho="3" sc="266,39,158,0,349,0,227,-39" owari="305,10.5,158,-34.2,349,44.9,188,-21.2" /></mjloggm>