<mjloggm ver="2.3"><GO type="225" lobby="0"/><UN n0="%E3%81%8F%E3%82%8A%E3%83%94%E3%83%BC" n1="%E3%81%B8%E3%82%80%E3%81%B8%E3%82%80%EF%BC%92%E5%8F%B7" n2="%E6%A1%9C%E8%8A%B1%E9%96%83%E3%80%85" n3="%E7%9C%9F%E4%B8%80" dan="16,17,18,17" rate="2104.37,2143.13,2272.72,2238.33" sx="M,M,M,M"/><TAIKYOKU oya="0"/><INIT seed="0,0,0,2,1,50" ten="250,250,250,250" oya="0" hai0="78,92,6,23,119,91,37,16,77,67,89,117,64" hai1="51,30,44,10,1,39,132,80,59,127,120,36,42" hai2="74,69,66,19,32,102,62,43,88,31,86,26,123" hai3="65,13,94,9,112,47,0,21,134,95,125,79,131"/><T12/><D37/><U99/><E120/><V72/><F123/><W54/><G112/><T101/><D119/><U90/><E127/><V46/><F102/><W25/><G0/><T14/><D117/><U61/><E132/><V27/><F27/><W97/><G125/><T11/><D101/><U113/><E30/><V2/><F19/><W93/><G134/><T106/><D106/><U87/><E99/><V71/><F71/><W38/><G79/><N who="0" m="30219" /><D91/><U108/><E108/><V8/><F8/><W85/><G131/><T45/><D45/><U105/><E105/><V83/><REACH who="2" step="1"/><F2/><REACH who="2" ten="250,250,240,250" step="2"/><W124/><G124/><T96/><AGARI ba="0,1" hai="6,11,12,14,16,23,64,67,89,92,96" m="30219" machi="96" ten="30,3000,0" yaku="8,1,54,1" doraHai="50" who="0" fromWho="0" sc="250,40,250,-10,240,-10,250,-10" /><INIT seed="0,1,0,0,1,98" ten="290,240,230,240" oya="0" hai0="9,132,53,4,21,58,91,65,62,106,135,1,45" hai1="61,107,56,18,90,67,0,110,79,63,96,78,94" hai2="50,57,8,81,108,14,85,7,71,49,119,3,68" hai3="52,77,72,92,103,89,5,99,10,104,125,82,54"/><T38/><D106/><U128/><E110/><V47/><F108/><W130/><G130/><T48/><D21/><U121/><E128/><V28/><F119/><W34/><G34/><T105/><D105/><U41/><E121/><V17/><F28/><W13/><REACH who="3" step="1"/><G125/><REACH who="3" ten="290,240,230,230" step="2"/><T118/><D118/><U95/><E107/><V127/><F127/><W66/><G66/><T11/><D38/><U109/><E67/><V70/><F47/><W75/><G75/><T120/><D120/><U124/><E124/><V44/><F44/><W46/><G46/><T74/><D74/><U25/><E109/><V112/><F112/><W88/><G88/><T2/><REACH who="0" step="1"/><D91/><REACH who="0" ten="280,240,230,230" step="2"/><U100/><E90/><V15/><F81/><W22/><G22/><T27/><D27/><U133/><E25/><V134/><F134/><W33/><G33/><T76/><D76/><U42/><E79/><V30/><F85/><AGARI ba="1,2" hai="5,10,13,52,54,72,77,82,85,89,92,99,103,104" machi="85" ten="30,12000,2" yaku="1,1,7,1,24,2,52,1,54,1,53,0" doraHai="98" doraHaiUra="123" who="3" fromWho="2" sc="280,0,240,0,230,-123,230,143" /><INIT seed="1,0,0,4,0,119" ten="280,240,107,373" oya="1" hai0="14,124,58,87,49,32,40,85,93,0,84,66,80" hai1="19,34,15,41,24,121,6,5,67,11,45,62,77" hai2="10,39,78,112,56,129,106,38,130,127,13,105,35" hai3="125,47,81,33,54,18,29,133,134,68,30,51,92"/><U102/><E121/><V17/><F127/><W64/><G125/><T101/><D32/><U99/><E77/><V23/><F35/><W25/><G30/><T75/><D0/><U22/><E34/><V61/><F78/><W8/><G81/><T89/><D75/><U114/><E114/><V57/><F112/><W60/><G92/><T37/><D37/><U86/><E86/><V69/><F69/><W128/><G128/><T1/><D1/><U26/><E45/><V7/><F57/><W50/><G50/><T110/><D110/><U72/><E41/><V98/><F39/><W115/><G115/><T109/><D109/><U123/><E72/><V117/><F117/><W36/><G36/><T48/><D124/><U43/><E43/><V135/><F135/><N who="3" m="51723" /><G18/><T91/><D101/><U120/><E24/><V96/><F38/><W55/><G8/><T88/><D40/><AGARI ba="0,0" hai="25,29,33,40,47,51,54,55,60,64,68" m="51723" machi="40" ten="30,1000,0" yaku="20,1" doraHai="119" who="3" fromWho="0" sc="280,-10,240,0,107,0,373,10" /><INIT seed="2,0,0,4,1,36" ten="270,240,107,383" oya="2" hai0="53,34,60,92,59,37,10,14,63,57,115,42,32" hai1="44,58,125,95,83,74,46,16,40,23,85,103,108" hai2="61,0,127,27,6,29,134,13,48,86,101,3,81" hai3="7,72,52,124,106,15,98,8,70,18,24,43,82"/><V65/><F127/><W38/><G124/><T17/><D115/><U21/><E125/><V75/><F75/><W97/><G70/><T69/><D69/><U77/><E108/><V20/><F134/><W119/><G119/><T107/><D107/><U104/><E58/><V123/><F123/><W114/><G106/><T80/><D92/><U76/><E76/><V68/><F101/><W41/><G38/><T132/><D132/><U110/><E110/><V130/><F130/><W45/><G72/><T126/><D80/><U71/><E71/><V56/><F13/><W116/><G82/><T26/><D126/><U121/><E121/><V99/><F99/><N who="3" m="37899" /><G116/><T30/><D37/><U4/><E4/><V111/><F6/><W33/><G33/><T128/><D128/><U90/><E40/><N who="3" m="15434" /><G114/><T47/><D34/><U22/><E103/><V31/><F111/><W133/><G133/><T113/><D113/><U117/><E104/><V118/><F118/><W94/><G94/><T100/><D100/><U51/><E117/><V64/><F29/><W66/><G66/><T102/><D102/><U105/><E105/><V89/><REACH who="2" step="1"/><F65/><REACH who="2" ten="270,240,97,383" step="2"/><W93/><G7/><T35/><D30/><U2/><E74/><V129/><F129/><W78/><G15/><T122/><D122/><U25/><E2/><V131/><F131/><W84/><G24/><T112/><D26/><U50/><E25/><V91/><F91/><W88/><G88/><T96/><D112/><U87/><E16/><V79/><F79/><W11/><G18/><T55/><D96/><U5/><E5/><V49/><F49/><AGARI ba="0,1" hai="21,22,23,44,46,49,50,51,77,83,85,87,90,95" machi="49" ten="40,2600,0" yaku="6,1,8,1" doraHai="36" who="1" fromWho="2" sc="270,0,240,36,97,-26,383,0" /><INIT seed="3,0,0,3,2,73" ten="270,276,71,383" oya="3" hai0="34,121,79,59,104,52,84,36,53,114,20,25,2" hai1="29,11,134,81,133,106,56,13,118,103,33,96,120" hai2="87,37,88,63,102,85,15,57,95,77,28,55,101" hai3="82,39,94,122,97,22,35,71,76,74,24,111,109"/><W1/><G71/><T131/><D121/><U50/><E120/><V3/><F3/><W10/><G39/><T119/><D119/><U117/><E81/><V127/><F127/><W92/><G35/><T91/><D34/><U21/><E33/><V89/><F37/><W130/><G130/><T31/><D104/><U83/><E83/><V72/><F28/><N who="3" m="17431" /><G97/><T45/><D2/><U17/><E50/><V75/><F75/><W124/><G124/><T14/><D131/><U99/><E56/><V115/><F115/><W18/><G122/><T128/><D128/><U113/><E96/><V61/><F61/><W98/><G98/><T16/><D79/><U12/><E113/><V7/><F72/><W26/><G26/><T86/><D114/><U105/><E105/><V51/><F63/><W60/><G60/><N who="0" m="35943" /><D36/><U27/><REACH who="1" step="1"/><E13/><REACH who="1" ten="270,266,71,383" step="2"/><V41/><F41/><W58/><G58/><T38/><D38/><U48/><E48/><V54/><F54/><W32/><G32/><T70/><D70/><U69/><E69/><V44/><F44/><W43/><G1/><T5/><D5/><U110/><E110/><V47/><F47/><W125/><G111/><T46/><D53/><U62/><E62/><V8/><REACH who="2" step="1"/><F77/><REACH who="2" ten="270,266,61,383" step="2"/><W30/><G76/><T6/><D46/><U80/><E80/><AGARI ba="0,2" hai="7,8,15,51,55,57,80,85,87,88,89,95,101,102" machi="80" ten="30,12000,2" yaku="1,1,2,1,7,1,8,1,54,1,53,1" doraHai="73" doraHaiUra="49" who="2" fromWho="1" sc="270,0,266,-120,61,140,383,0" owari="270,7.0,146,-35.4,201,-19.9,383,48.3" /></mjloggm>