<mjloggm ver="2.3"><GO type="225" lobby="0"/><UN n0="%E5%B0%8F%E9%B3%A5%E9%81%8A%E7%B7%B4%E7%84%A1%32%31%E6%AD%B3" n1="%E3%81%BF%E3%81%BF%E3%81%9A" n2="%E3%81%99%E3%81%84%E3%81%BE%E3%81%9B%E3%83%BC%E3%82%93" n3="%E6%B8%A1%E5%A4%A9%E8%97%8D" dan="16,16,17,16" rate="2153.33,2173.95,2239.11,2122.57" sx="F,M,M,F"/><TAIKYOKU oya="0"/><INIT seed="0,0,0,3,0,68" ten="250,250,250,250" oya="0" hai0="89,111,125,74,46,33,69,59,116,37,2,14,0" hai1="13,70,67,120,19,54,119,132,104,87,101,51,16" hai2="52,20,24,55,7,135,84,35,114,95,36,100,58" hai3="72,65,61,81,123,86,78,134,108,23,127,10,28"/><T49/><D69/><U41/><E119/><V91/><BYE who="1" /><F114/><W113/><G113/><T75/><D33/><UN n1="%E3%81%BF%E3%81%BF%E3%81%9A" /><U71/><E120/><V56/><F35/><W97/><G108/><T22/><D116/><U8/><E132/><V110/><F36/><W99/><G134/><T45/><D125/><U11/><E41/><V92/><F110/><W79/><G127/><T39/><D89/><U1/><E67/><V118/><F135/><W130/><G130/><T18/><D111/><U112/><E112/><V88/><F7/><W83/><G123/><T47/><D59/><N who="2" m="22570" /><F100/><W6/><G23/><T31/><D49/><U103/><E87/><N who="2" m="52255" /><F118/><W107/><G28/><AGARI ba="0,0" hai="20,24,28,52,55,84,91,95" m="52255,22570" machi="28" ten="30,3900,0" yaku="8,1,54,2" doraHai="68" who="2" fromWho="3" sc="250,0,250,0,250,39,250,-39" /><INIT seed="1,0,0,0,0,85" ten="250,250,289,211" oya="1" hai0="105,79,118,12,9,19,25,95,126,129,13,60,33" hai1="70,48,55,46,80,36,39,116,6,111,91,58,115" hai2="66,20,22,44,32,92,117,8,113,45,130,90,69" hai3="121,15,96,47,101,103,119,106,94,108,49,107,51"/><U21/><E115/><V5/><F32/><W82/><G121/><T53/><D105/><U132/><E116/><V34/><F34/><W109/><G119/><T14/><D118/><U93/><E132/><V78/><F117/><W100/><G15/><T88/><D129/><U50/><E70/><V110/><F110/><N who="3" m="42603" /><G49/><T68/><D126/><U62/><E111/><V18/><F130/><W124/><G124/><T104/><D104/><N who="3" m="39977" /><G82/><T61/><D79/><U135/><E135/><V10/><F78/><W2/><G2/><T30/><D68/><U24/><E6/><V75/><F69/><W63/><G63/><T16/><D53/><AGARI ba="0,0" hai="47,51,53,94,96,100,101,103" m="39977,42603" machi="53" ten="30,1000,0" yaku="14,1" doraHai="85" who="3" fromWho="0" sc="250,-10,250,0,289,0,211,10" /><INIT seed="2,0,0,4,2,60" ten="240,250,289,221" oya="2" hai0="66,113,75,68,48,54,16,63,94,39,26,76,14" hai1="61,97,28,84,116,130,12,2,6,117,134,92,20" hai2="30,108,17,104,43,80,19,73,119,110,131,101,127" hai3="105,22,38,25,106,0,93,112,45,31,85,24,107"/><V91/><F119/><W34/><G0/><T71/><D113/><U33/><E84/><V55/><F127/><W100/><G112/><T79/><D39/><U74/><E74/><V103/><F131/><W124/><G124/><T65/><D94/><U64/><E2/><V9/><F43/><W121/><G121/><T44/><D26/><N who="1" m="16455" /><E134/><V70/><BYE who="1" /><F70/><W37/><G45/><T86/><D75/><UN n1="%E3%81%BF%E3%81%BF%E3%81%9A" /><U129/><E33/><V3/><F30/><W95/><G85/><T87/><D87/><U36/><E36/><V15/><F3/><W23/><G100/><T46/><D46/><U51/><E51/><V111/><F104/><W4/><G106/><T58/><D86/><U123/><E6/><V133/><F133/><W50/><G31/><T125/><D125/><U120/><E12/><V21/><F91/><W62/><G62/><T118/><D118/><N who="1" m="45675" /><E92/><V126/><F126/><W59/><G50/><T135/><D135/><U78/><E97/><V57/><F80/><W89/><G4/><T13/><D13/><U72/><E78/><N who="0" m="29737" /><D71/><N who="1" m="42383" /><E72/><V18/><F73/><W49/><G34/><T82/><D68/><U8/><E8/><V77/><F77/><W122/><G37/><T88/><D48/><U81/><E81/><V27/><F19/><W52/><G38/><T7/><D7/><U99/><E99/><V41/><F41/><W69/><G69/><T102/><D44/><U67/><E67/><N who="0" m="25609" /><D102/><U115/><E115/><V10/><F103/><W5/><G5/><T96/><D82/><U56/><E56/><V40/><F101/><W32/><G32/><T83/><D83/><RYUUKYOKU ba="0,0" sc="240,-10,250,30,289,-10,221,-10" hai1="120,123,129,130" /><INIT seed="3,1,0,1,0,50" ten="230,280,279,211" oya="3" hai0="107,111,52,105,16,58,3,51,23,101,48,36,86" hai1="79,126,47,37,0,19,112,71,123,69,2,122,35" hai2="22,88,20,124,84,14,89,6,81,108,132,103,66" hai3="130,32,33,55,77,97,92,8,135,57,127,109,39"/><W59/><G39/><T46/><D3/><N who="1" m="1067" /><E19/><V53/><F108/><W102/><G109/><T9/><D36/><U30/><E79/><V120/><F120/><N who="1" m="46121" /><E112/><V67/><F124/><W75/><G127/><T62/><D111/><U116/><E126/><V98/><F132/><W74/><G135/><T117/><D117/><U73/><E73/><V121/><F121/><W21/><G130/><T83/><D9/><U82/><E82/><V134/><F134/><W125/><G125/><T72/><D101/><U29/><E116/><V42/><F42/><W63/><G21/><N who="2" m="8297" /><F103/><W115/><G115/><T128/><D72/><U49/><E49/><V38/><F53/><W56/><G74/><T7/><D48/><U24/><E30/><V28/><F28/><W76/><G8/><T27/><D128/><U41/><AGARI ba="1,0" hai="24,29,35,37,41,47,69,71" m="46121,1067" machi="41" ten="40,1500,0" yaku="23,1" doraHai="50" who="1" fromWho="1" sc="230,-5,280,18,279,-5,211,-8" /><INIT seed="4,0,0,5,1,14" ten="225,298,274,203" oya="0" hai0="55,39,121,87,130,118,52,42,129,32,109,89,79" hai1="51,31,83,76,22,43,73,114,78,127,23,46,101" hai2="96,123,82,17,7,99,128,105,25,90,135,57,33" hai3="24,111,88,53,71,69,95,85,13,74,67,19,120"/><T56/><D118/><U134/><E114/><V126/><F123/><W86/><G111/><T45/><D121/><U116/><E116/><V47/><F126/><W66/><G74/><T8/><D32/><U15/><E127/><V77/><F7/><W35/><G120/><T75/><D109/><U41/><E134/><V27/><F135/><W28/><G53/><T64/><D79/><U92/><E73/><V81/><F105/><W97/><G85/><T44/><D75/><U58/><E41/><V34/><F47/><W110/><G110/><T102/><D102/><U40/><E40/><V12/><F34/><W4/><G4/><T1/><D45/><U131/><E83/><V59/><F33/><W9/><REACH who="3" step="1"/><G86/><REACH who="3" ten="225,298,274,193" step="2"/><T93/><D64/><AGARI ba="0,1" hai="9,13,19,24,28,35,64,66,67,69,71,88,95,97" machi="64" ten="40,8000,1" yaku="1,1,2,1,52,1,54,1,53,0" doraHai="14" doraHaiUra="18" who="3" fromWho="0" sc="225,-80,298,0,274,0,193,90" /><INIT seed="5,0,0,1,2,30" ten="145,298,274,283" oya="1" hai0="93,73,89,42,67,124,49,6,50,19,28,48,9" hai1="23,94,133,127,76,111,32,116,85,66,17,114,29" hai2="75,64,92,33,55,107,8,74,5,26,86,57,60" hai3="35,84,132,4,119,96,68,130,16,102,83,98,105"/><U52/><E116/><V77/><F107/><W121/><G121/><T109/><D73/><U82/><E66/><V65/><F75/><W15/><G68/><T53/><D109/><U40/><E40/><V18/><F74/><W88/><G35/><T56/><D124/><U123/><E123/><V100/><F77/><W135/><G4/><T129/><D129/><U80/><E127/><V39/><F39/><W21/><G130/><T31/><D67/><U3/><E3/><V7/><F5/><W112/><G112/><T14/><D6/><U13/><E114/><V1/><F86/><W46/><G119/><T110/><D110/><U108/><E82/><V95/><F95/><W63/><G63/><T43/><D31/><U37/><E37/><V24/><F24/><W47/><G98/><T118/><D28/><U36/><E36/><V104/><F104/><W134/><AGARI ba="0,0" hai="15,16,21,46,47,83,84,88,96,102,105,132,134,135" machi="134" ten="30,7900,0" yaku="0,1,20,1,54,2" doraHai="30" who="3" fromWho="3" sc="145,-20,298,-39,274,-20,283,79" owari="125,-37.5,259,5.9,254,-14.6,362,46.2" /></mjloggm>