<mjloggm ver="2.3"><GO type="225" lobby="0"/><UN n0="%E5%B8%86%E7%AB%8B%E5%A4%8F%E8%A1%A3" n1="%E3%80%93%E3%81%97%E3%83%BC%E3%82%89%E3%80%93" n2="%E3%81%95%E3%81%8D%E3%81%9F%E3%81%BE%E6%9E%97%E6%AA%8E" n3="%E3%81%AA%E3%82%81%E3%81%93%E9%9B%80%E5%A3%AB" dan="16,17,16,16" rate="2196.43,2200.77,2063.93,2012.41" sx="M,M,M,M"/><TAIKYOKU oya="0"/><INIT seed="0,0,0,0,5,24" ten="250,250,250,250" oya="0" hai0="45,95,123,42,28,72,38,3,34,56,105,112,117" hai1="126,18,32,107,108,50,46,61,92,36,90,37,127" hai2="129,62,76,99,64,43,20,30,65,87,0,75,23" hai3="116,6,58,67,59,80,98,33,9,66,2,121,14"/><T55/><D112/><U11/><E107/><V69/><F0/><W120/><G116/><T53/><D117/><U7/><E32/><V47/><F129/><W89/><G33/><T26/><D105/><U49/><E61/><V31/><F75/><W27/><G27/><T93/><D123/><N who="3" m="47177" /><G2/><T74/><D3/><N who="1" m="511" /><E18/><V17/><F23/><W78/><G89/><T94/><REACH who="0" step="1"/><D55/><REACH who="0" ten="240,250,250,250" step="2"/><U110/><E127/><V81/><F65/><N who="3" m="24587" /><G98/><T79/><D79/><U70/><E126/><V40/><F99/><W5/><G5/><T122/><D122/><U44/><E110/><V135/><F135/><W60/><G60/><AGARI ba="0,1" hai="26,28,34,38,42,45,53,56,60,72,74,93,94,95" machi="60" ten="40,3900,0" yaku="1,1,52,1,53,0" doraHai="24" doraHaiUra="102" who="0" fromWho="3" sc="240,49,250,0,250,0,250,-39" /><INIT seed="0,1,0,2,5,55" ten="289,250,250,211" oya="0" hai0="107,83,73,80,118,38,77,110,117,133,0,48,131" hai1="125,30,43,18,61,126,62,42,23,21,135,35,36" hai2="122,103,129,102,27,41,22,53,71,57,68,50,13" hai3="3,101,51,95,134,33,99,87,37,130,52,94,112"/><T128/><D38/><U40/><E36/><V15/><F122/><W100/><G112/><T49/><D0/><U65/><E135/><V85/><F129/><N who="0" m="49738" /><D49/><U97/><E35/><V46/><F71/><W127/><G37/><T34/><D48/><U39/><E39/><V11/><F68/><W116/><G116/><N who="0" m="44651" /><D34/><U121/><E30/><V119/><F119/><W28/><G3/><T8/><D8/><U86/><E121/><V93/><F85/><W54/><G130/><T63/><D63/><U26/><E86/><V5/><F15/><W19/><G134/><T45/><D45/><U84/><E84/><V88/><F41/><W91/><G19/><T72/><D133/><U67/><E97/><N who="2" m="57511" /><F46/><W113/><G113/><T96/><D110/><U123/><E123/><V76/><F76/><W6/><G6/><T12/><D12/><U132/><E132/><V17/><AGARI ba="1,0" hai="5,11,13,17,22,27,50,53,57,102,103" m="57511" machi="17" ten="30,4000,0" yaku="8,1,52,1,54,1" doraHai="55" who="2" fromWho="2" sc="289,-21,250,-11,250,43,211,-11" /><INIT seed="1,0,0,5,0,81" ten="268,239,293,200" oya="1" hai0="126,11,64,61,57,80,0,73,55,71,95,53,122" hai1="116,1,43,60,123,120,47,87,27,79,35,110,12" hai2="5,17,111,56,51,91,19,119,31,109,10,108,63" hai3="15,106,6,44,100,82,105,67,39,84,115,3,28"/><U86/><E1/><V89/><F119/><W103/><G3/><T20/><D126/><U93/><E116/><V29/><F51/><W83/><G115/><T72/><D122/><U54/><E79/><V98/><F19/><W46/><G28/><N who="2" m="10825" /><F17/><W133/><G67/><T124/><D124/><U129/><E35/><V75/><F75/><W102/><G133/><T68/><D20/><U92/><E27/><V58/><F58/><W23/><G23/><T104/><D104/><U88/><E12/><N who="2" m="5199" /><F98/><W30/><G30/><T132/><D132/><U130/><E110/><V62/><F62/><W114/><G114/><T42/><D42/><U21/><E21/><V101/><F101/><W36/><G15/><T65/><D0/><U131/><E54/><AGARI ba="0,0" hai="54,56,63,89,91,108,109,111" m="5199,10825" machi="54" ten="30,1000,0" yaku="14,1" doraHai="81" who="2" fromWho="1" sc="268,0,239,-10,293,10,200,0" /><INIT seed="2,0,0,0,1,40" ten="268,229,303,200" oya="2" hai0="103,90,77,99,0,31,86,129,27,70,64,2,116" hai1="17,6,50,126,18,105,1,43,113,61,25,124,49" hai2="132,30,76,115,109,110,131,92,13,29,55,26,22" hai3="36,69,107,41,87,12,114,45,54,93,89,82,118"/><V102/><F115/><W53/><G118/><T46/><D77/><U130/><E105/><V62/><F132/><W91/><G114/><T3/><D129/><U11/><E113/><V104/><F131/><W73/><G69/><T37/><D116/><U81/><E130/><V63/><F104/><W117/><G117/><T84/><D90/><U72/><E61/><V15/><F76/><W74/><G107/><N who="0" m="63999" /><D37/><U23/><E72/><V60/><F30/><W19/><G74/><T59/><D59/><U32/><E81/><V112/><F55/><W66/><G66/><T108/><D46/><U85/><E85/><V21/><F112/><W9/><REACH who="3" step="1"/><G73/><REACH who="3" ten="268,229,303,190" step="2"/><T100/><D64/><U94/><E126/><V97/><F22/><W34/><G34/><T16/><D70/><U111/><E124/><V51/><F51/><W48/><G48/><T42/><D42/><U98/><E43/><V134/><F134/><W119/><G119/><T24/><D0/><U20/><E32/><V68/><F68/><W67/><G67/><T95/><D2/><U80/><E50/><V133/><F133/><W121/><G121/><T35/><D3/><U8/><E49/><V83/><F21/><W10/><G10/><T14/><D35/><U106/><E11/><V33/><F33/><W38/><G38/><T5/><D31/><U101/><E106/><V58/><F29/><W127/><G127/><T28/><D28/><U4/><E1/><V120/><F120/><W39/><G39/><T96/><D108/><U123/><E111/><V57/><F110/><W56/><G56/><T44/><D44/><RYUUKYOKU ba="0,1" sc="268,-10,229,-10,303,-10,190,30" hai3="9,12,19,36,41,45,53,54,82,87,89,91,93" /><INIT seed="3,1,1,0,4,65" ten="258,219,293,220" oya="3" hai0="35,124,50,75,125,128,104,25,133,22,14,88,86" hai1="19,77,105,59,90,121,134,23,54,93,13,126,82" hai2="76,100,55,129,40,111,61,18,38,98,53,119,12" hai3="30,31,7,58,112,20,110,10,107,109,37,17,118"/><W97/><G112/><T9/><D104/><U85/><E105/><V2/><F129/><W108/><G118/><T6/><D75/><U24/><E134/><V91/><F2/><N who="3" m="375" /><G37/><T28/><D133/><U71/><E126/><N who="0" m="48745" /><D50/><U74/><E121/><V34/><F119/><W132/><G132/><T79/><D79/><U26/><REACH who="1" step="1"/><E71/><REACH who="1" ten="258,209,293,220" step="2"/><V41/><F111/><N who="3" m="28419" /><W49/><DORA hai="47" /><G107/><T68/><D128/><U130/><E130/><V72/><F72/><W106/><G106/><T46/><D68/><U120/><E120/><V27/><F38/><W66/><G97/><T16/><D35/><U113/><E113/><V63/><F34/><W57/><G66/><T122/><D122/><U48/><AGARI ba="1,2" hai="13,19,23,24,26,48,54,59,74,77,82,85,90,93" machi="48" ten="20,12000,2" yaku="1,1,0,1,7,1,25,2,52,1,53,0" doraHai="65,47" doraHaiUra="101,114" who="1" fromWho="1" sc="258,-31,209,143,293,-31,220,-61" owari="227,-17.3,352,45.2,262,6.2,159,-34.1" /></mjloggm>