<mjloggm ver="2.3"><GO type="225" lobby="0"/><UN n0="%6D%75%75%73%61%6E%6D%75" n1="%E6%98%93%E5%88%A9%E8%96%A9%E4%BC%AF" n2="%E5%8D%A0%E3%81%84%E5%B8%AB%E8%A3%8F%E3%81%AA%E3%81%84%E3%81%97" n3="%E3%82%BC%E3%83%AB%E3%83%80%E3%81%AE%E4%BC%9D%E8%AA%AC" dan="17,16,17,17" rate="2164.43,2117.14,2232.55,2166.65" sx="F,F,M,M"/><TAIKYOKU oya="0"/><INIT seed="0,0,0,4,0,68" ten="250,250,250,250" oya="0" hai0="69,50,135,56,104,128,41,114,86,121,122,2,100" hai1="6,125,71,91,44,98,31,21,9,39,103,126,53" hai2="123,25,48,75,46,117,3,79,24,18,17,119,111" hai3="45,7,37,47,28,115,16,33,67,133,87,1,89"/><T55/><D114/><U83/><E71/><V106/><F123/><W109/><G115/><T118/><D118/><N who="2" m="45066" /><F106/><W70/><G109/><T65/><D2/><U82/><E31/><V51/><F111/><W40/><G133/><T78/><D135/><U76/><E21/><V108/><F3/><W8/><G47/><T99/><D128/><U23/><E23/><V72/><F108/><W73/><G73/><N who="2" m="28233" /><F79/><W10/><G70/><T66/><D41/><U85/><E53/><N who="2" m="29847" /><F51/><W15/><G67/><T84/><D66/><U92/><E83/><V105/><F105/><W120/><G120/><T30/><D121/><U102/><E102/><V54/><F54/><W0/><G0/><T124/><D122/><U107/><E44/><V101/><F101/><W64/><G64/><T49/><D78/><U110/><E110/><V42/><F42/><W88/><REACH who="3" step="1"/><G87/><REACH who="3" ten="250,250,250,240" step="2"/><T130/><D130/><U35/><E85/><V112/><F112/><W58/><G58/><T93/><D84/><U4/><E126/><V74/><F74/><W22/><G22/><T59/><D124/><U94/><E125/><V11/><F11/><W43/><G43/><T13/><D65/><U61/><E9/><V131/><F131/><W81/><G81/><T62/><D69/><U29/><E82/><V57/><F57/><W116/><G116/><T5/><D59/><U26/><E35/><V36/><F24/><AGARI ba="0,1" hai="1,7,8,10,15,16,24,28,33,37,40,45,88,89" machi="24" ten="40,8000,1" yaku="1,1,52,1,54,2,53,0" doraHai="68" doraHaiUra="90" who="3" fromWho="2" sc="250,0,250,0,250,-80,240,90" /><INIT seed="1,0,0,2,1,49" ten="250,250,170,330" oya="1" hai0="61,1,102,101,85,104,98,45,130,90,58,105,83" hai1="122,42,46,75,17,103,34,64,50,12,47,109,74" hai2="133,111,84,20,100,37,78,36,113,94,4,93,40" hai3="115,120,82,79,16,6,97,44,56,28,89,11,35"/><U99/><E122/><V62/><F111/><W72/><G120/><T70/><D1/><U30/><E109/><V88/><F133/><W14/><G115/><T112/><D112/><U77/><E64/><V80/><F113/><W0/><G44/><T10/><D130/><U5/><E5/><V52/><F4/><W76/><G76/><T132/><D132/><U134/><E134/><V8/><F8/><W69/><G69/><T21/><D70/><U117/><E117/><V123/><F123/><W73/><G56/><T22/><D10/><U60/><E60/><V131/><F131/><W51/><G51/><T9/><D9/><U66/><E66/><V86/><F40/><W23/><G72/><T2/><D2/><U81/><E47/><V53/><F20/><W92/><G28/><T96/><REACH who="0" step="1"/><D45/><REACH who="0" ten="240,250,170,330" step="2"/><U26/><E75/><V7/><F7/><W55/><G35/><T124/><D124/><U3/><E3/><V106/><F106/><W63/><G0/><T39/><D39/><U18/><REACH who="1" step="1"/><E12/><REACH who="1" ten="240,240,170,330" step="2"/><V108/><F108/><W38/><G6/><T65/><AGARI ba="0,2" hai="21,22,58,61,65,83,85,90,96,98,101,102,104,105" machi="65" ten="20,5200,0" yaku="1,1,0,1,7,1,9,1,53,0" doraHai="49" doraHaiUra="25" who="0" fromWho="0" sc="240,72,240,-26,170,-13,330,-13" /><INIT seed="2,0,0,0,5,10" ten="312,214,157,317" oya="2" hai0="43,102,104,38,58,75,129,103,83,84,37,69,126" hai1="79,62,117,22,81,1,133,12,33,70,24,128,100" hai2="26,40,0,124,6,27,28,106,130,53,32,90,93" hai3="56,15,127,47,113,108,17,85,44,76,30,97,4"/><V125/><F106/><W55/><G108/><T2/><D69/><U20/><E117/><V48/><F130/><W119/><G119/><T96/><D75/><U67/><E1/><V91/><F40/><W68/><G68/><T66/><D2/><U89/><E133/><V54/><F0/><W8/><G127/><N who="2" m="48713" /><F6/><W41/><G113/><T110/><D126/><U60/><E100/><V25/><F91/><W86/><G30/><T9/><D110/><U109/><E109/><V101/><F101/><W73/><G73/><T132/><D129/><U94/><E128/><V98/><F53/><W59/><G97/><T107/><D132/><U50/><E50/><V21/><F32/><W34/><G34/><T92/><D43/><U19/><E62/><V11/><F11/><W120/><G120/><T135/><D9/><U116/><E33/><V3/><F3/><W112/><G112/><T45/><D107/><U114/><E114/><V46/><AGARI ba="0,0" hai="21,25,26,27,28,46,48,54,90,93,98" m="48713" machi="46" ten="30,1500,0" yaku="18,1" doraHai="10" who="2" fromWho="2" sc="312,-5,214,-5,157,15,317,-5" /><INIT seed="2,1,0,1,4,117" ten="307,209,172,312" oya="2" hai0="131,50,112,115,52,96,37,80,44,49,17,66,3" hai1="82,33,100,124,101,65,119,126,10,95,108,62,70" hai2="64,129,40,67,76,133,55,42,81,109,18,9,74" hai3="79,8,6,120,132,99,113,54,107,45,97,84,93"/><V39/><F133/><W123/><G107/><T59/><D3/><U89/><E33/><V125/><F125/><N who="1" m="48233" /><E119/><V73/><F129/><W61/><G132/><T121/><D96/><N who="1" m="57455" /><E108/><V116/><F116/><W56/><G113/><N who="0" m="43595" /><D80/><U43/><E43/><V134/><F134/><W75/><G75/><T86/><D17/><U1/><E82/><V21/><F109/><W20/><G20/><T72/><D86/><U22/><E22/><V90/><F39/><W46/><G99/><T14/><D14/><U34/><E34/><V2/><F74/><W25/><G25/><T41/><D72/><U128/><E128/><V102/><F102/><W60/><G60/><N who="0" m="38175" /><D131/><U106/><E106/><V69/><F90/><W13/><G84/><T91/><D91/><U135/><E135/><V53/><F40/><W104/><G104/><T68/><D68/><U88/><E88/><V77/><F42/><W7/><G7/><AGARI ba="1,0" hai="1,7,10,62,65,70,100,101" m="57455,48233" machi="7" ten="30,1000,0" yaku="18,1" doraHai="117" who="1" fromWho="3" sc="307,0,209,13,172,0,312,-13" /><INIT seed="3,0,0,1,2,115" ten="307,222,172,299" oya="3" hai0="93,67,64,85,99,34,87,100,91,71,122,114,131" hai1="51,132,53,10,22,0,62,125,109,77,134,12,110" hai2="94,92,108,43,80,65,23,14,38,54,89,4,88" hai3="35,25,90,130,86,55,105,58,103,13,40,106,74"/><W9/><G74/><T19/><D122/><U69/><E77/><V83/><F108/><N who="1" m="41577" /><E0/><V6/><F65/><N who="0" m="25162" /><D34/><U45/><E69/><V5/><F38/><W107/><G40/><T16/><D114/><U41/><E22/><V8/><F43/><W42/><G42/><T121/><D131/><U126/><E12/><V15/><F23/><W95/><G130/><T66/><D71/><U96/><E96/><V11/><F4/><W127/><G127/><N who="1" m="48650" /><E10/><V70/><F70/><W3/><G3/><T47/><D121/><U32/><E32/><V133/><F133/><N who="1" m="51305" /><E53/><AGARI ba="0,0" hai="5,6,8,11,14,15,53,54,80,83,88,89,92,94" machi="53" ten="25,6400,0" yaku="22,2,8,1,54,1" doraHai="115" who="2" fromWho="1" sc="307,0,222,-64,172,64,299,0" owari="307,40.7,158,-34.2,236,-16.4,299,9.9" /></mjloggm>