<mjloggm ver="2.3"><GO type="225" lobby="0"/><UN n0="%E3%81%A1%E3%82%85%E3%81%86%E3%81%A9%E3%81%8F%E8%B1%A1%E3%81%95%E3%82%93" n1="%6D%75%75%6D%75%72%61" n2="%72%69%6F%75%63%68%61%6E" n3="%E3%83%A2%E3%83%B3%E3%82%AD%E3%83%BC%E3%83%88%E3%83%AA%E3%83%83%E3%82%AF" dan="16,16,17,17" rate="2156.08,2126.24,2156.49,2177.39" sx="M,F,M,M"/><TAIKYOKU oya="0"/><INIT seed="0,0,0,3,3,101" ten="250,250,250,250" oya="0" hai0="47,125,69,70,116,63,48,9,51,134,87,43,2" hai1="111,84,56,108,4,1,34,119,131,67,14,52,74" hai2="112,78,11,55,66,99,33,71,104,58,128,36,65" hai3="20,32,57,15,60,85,10,30,109,31,25,76,80"/><T6/><D116/><U79/><E74/><V0/><F112/><W22/><G109/><T72/><D72/><U8/><E119/><V115/><F115/><W127/><G31/><T83/><D134/><U12/><E34/><V37/><F33/><W123/><G127/><T7/><D125/><U92/><E67/><V110/><F110/><N who="1" m="42025" /><E131/><V3/><F128/><W98/><G98/><T117/><D117/><U114/><E114/><V129/><F129/><W96/><G96/><T17/><D6/><U77/><E92/><V113/><F113/><W130/><G123/><T122/><D122/><U50/><E84/><V91/><F78/><AGARI ba="0,0" hai="1,4,8,12,14,50,52,56,77,78,79" m="42025" machi="78" ten="30,2000,0" yaku="14,1,54,1" doraHai="101" who="1" fromWho="2" sc="250,0,250,20,250,-20,250,0" /><INIT seed="1,0,0,3,0,68" ten="250,270,230,250" oya="1" hai0="26,121,66,126,89,18,99,100,16,39,53,92,70" hai1="97,77,43,50,54,57,87,63,56,36,107,58,38" hai2="65,76,5,47,113,93,62,129,71,112,14,22,74" hai3="0,80,35,51,24,60,109,72,131,135,46,96,49"/><U20/><E20/><V19/><F129/><W3/><G131/><T73/><D73/><U134/><E77/><V122/><F122/><W130/><G130/><T25/><D121/><U6/><E87/><V69/><F69/><W67/><G135/><T120/><D120/><U105/><E6/><V23/><F5/><W17/><G109/><T127/><D66/><N who="1" m="39271" /><E97/><V13/><F47/><W32/><G96/><N who="0" m="57359" /><D70/><U81/><E81/><N who="2" m="45207" /><F93/><W94/><G94/><N who="0" m="58487" /><D53/><N who="1" m="31927" /><E107/><V116/><F116/><W8/><G51/><T9/><D39/><N who="1" m="14891" /><E105/><V132/><F132/><W33/><G80/><T12/><D18/><U118/><E134/><V44/><F44/><W10/><G72/><T30/><D30/><U106/><E106/><V83/><F83/><W52/><G24/><T102/><D102/><U42/><E118/><V133/><F133/><W88/><G88/><T128/><D128/><U111/><E111/><V91/><F91/><W7/><G17/><T124/><AGARI ba="0,0" hai="9,12,16,25,26,124,126,127" m="58487,57359" machi="124" ten="30,2000,0" yaku="18,1,54,1" doraHai="68" who="0" fromWho="0" sc="250,20,270,-10,230,-5,250,-5" /><INIT seed="2,0,0,4,0,45" ten="270,260,225,245" oya="2" hai0="65,31,39,128,56,6,99,109,23,80,48,132,21" hai1="117,53,7,55,101,76,82,103,74,88,30,68,108" hai2="43,57,8,93,89,9,2,17,47,121,118,116,38" hai3="107,54,33,81,114,72,63,123,52,100,102,5,44"/><V122/><F57/><W127/><G123/><T37/><D109/><U28/><E117/><V19/><F2/><W67/><G33/><T133/><D6/><U49/><E68/><V131/><F131/><W135/><G135/><N who="0" m="51787" /><D128/><U75/><E108/><V129/><F129/><W12/><G107/><T91/><D31/><U66/><E66/><V34/><F34/><W50/><G114/><T10/><D10/><U27/><E53/><V71/><F71/><W4/><G127/><T22/><D65/><U77/><E7/><V134/><F134/><W13/><G72/><T125/><D125/><U119/><E119/><V95/><F89/><W105/><G105/><T104/><D80/><U85/><E75/><V0/><F0/><W96/><G81/><T29/><D29/><N who="1" m="11371" /><E27/><V14/><F116/><W87/><G67/><T110/><D110/><U24/><E24/><V16/><F118/><W79/><G5/><T40/><D40/><U130/><E74/><V25/><F25/><W35/><G4/><T46/><D46/><N who="1" m="28087" /><E130/><V61/><F61/><W18/><G35/><T59/><D104/><U36/><E36/><N who="0" m="13897" /><D48/><U115/><E115/><V41/><F41/><W32/><G32/><T60/><D60/><U94/><E82/><V42/><F42/><W92/><G63/><T124/><D124/><U20/><E20/><V64/><F64/><W51/><G50/><T73/><D73/><U83/><E83/><V126/><F126/><W70/><G70/><T120/><D120/><N who="2" m="46186" /><F8/><W58/><G51/><T62/><D62/><U86/><E86/><V97/><F95/><AGARI ba="0,0" hai="21,22,23,56,59,91,95,99" m="13897,51787" machi="95" ten="40,1300,0" yaku="20,1" doraHai="45" who="0" fromWho="2" sc="270,13,260,0,225,-13,245,0" /><INIT seed="3,0,0,0,2,94" ten="283,260,212,245" oya="3" hai0="44,124,46,67,76,75,48,50,78,101,85,114,11" hai1="105,3,65,86,43,30,15,18,73,69,83,126,70" hai2="125,128,131,84,35,117,66,88,91,111,45,112,41" hai3="61,14,12,135,74,57,2,7,39,22,119,40,79"/><W116/><G135/><T4/><D75/><U118/><E3/><V47/><F112/><W98/><G98/><T62/><D101/><U109/><E73/><V42/><F117/><W21/><G14/><N who="0" m="5479" /><D114/><U28/><E109/><V34/><F125/><W77/><G12/><T102/><D102/><U82/><E105/><V9/><F66/><W123/><G123/><T23/><D23/><U103/><E103/><V89/><F111/><W8/><G79/><N who="0" m="30251" /><D85/><U129/><E86/><V110/><F110/><W107/><G22/><T72/><D72/><U6/><E129/><N who="2" m="49739" /><F84/><W38/><G107/><T58/><D124/><U52/><E70/><V90/><N who="2" m="22528" /><DORA hai="96" /><V29/><F9/><W64/><G21/><T113/><D113/><U1/><E69/><V133/><F133/><W20/><G20/><T92/><D92/><U37/><E126/><V104/><F104/><W130/><G39/><T60/><D60/><U106/><E37/><N who="2" m="21679" /><F29/><W134/><G134/><T19/><D19/><U27/><E30/><V0/><F0/><W81/><G130/><T120/><D120/><U13/><E65/><V115/><F115/><W56/><G56/><T93/><D93/><U80/><E106/><V54/><F54/><W68/><G57/><T87/><D87/><U5/><E52/><V97/><F97/><W95/><G95/><T99/><D99/><U24/><E1/><V51/><AGARI ba="0,0" hai="34,35,42,47,51" m="21679,22528,49739" machi="51" ten="50,3200,0" yaku="19,1,54,1" doraHai="94,96" who="2" fromWho="2" sc="283,-8,260,-8,212,32,245,-16" /><INIT seed="4,0,0,2,0,64" ten="275,252,244,229" oya="0" hai0="76,115,122,87,61,82,14,124,128,73,107,104,66" hai1="4,62,12,102,7,55,0,88,33,6,75,72,31" hai2="126,84,99,114,44,43,5,38,134,15,27,17,121" hai3="112,71,127,57,20,100,24,37,40,69,16,108,74"/><T41/><D122/><U125/><E0/><V68/><F121/><W19/><G108/><T23/><D115/><U85/><E125/><V67/><F114/><W46/><G112/><T81/><D124/><U135/><E135/><V34/><F126/><W28/><G74/><T129/><D41/><U25/><E102/><V109/><F109/><W58/><G127/><T42/><D42/><U131/><E131/><N who="0" m="50249" /><D14/><U111/><E111/><V2/><F134/><W30/><G100/><T56/><D23/><U26/><E12/><V106/><F84/><W13/><G58/><T92/><D92/><U116/><E26/><V21/><F99/><W60/><G19/><T8/><D8/><U86/><E86/><V54/><F106/><W101/><G101/><T120/><D120/><U91/><E91/><AGARI ba="0,0" hai="56,61,66,73,76,81,82,87,91,104,107" m="50249" machi="91" ten="30,1500,0" yaku="19,1" doraHai="64" who="0" fromWho="1" sc="275,15,252,-15,244,0,229,0" /><INIT seed="4,1,0,1,3,62" ten="290,237,244,229" oya="0" hai0="60,23,121,128,76,48,57,22,106,31,86,17,74" hai1="5,61,130,44,120,49,46,90,104,1,77,117,66" hai2="131,124,70,40,85,39,92,15,105,65,3,35,129" hai3="107,75,19,115,26,127,118,103,112,34,6,28,132"/><T126/><D121/><U12/><E117/><V88/><F124/><W73/><G118/><T41/><D106/><U45/><E1/><V123/><F123/><W43/><G127/><T84/><D126/><U55/><E120/><V56/><F3/><W33/><G43/><T122/><D122/><U21/><E104/><V72/><F72/><N who="3" m="27723" /><G132/><T110/><D74/><U100/><E77/><V24/><F105/><W113/><G19/><T82/><D128/><N who="2" m="49226" /><F15/><W30/><G6/><T37/><D37/><U109/><E130/><V14/><F14/><W125/><G125/><T96/><D96/><U0/><E0/><V52/><F70/><W94/><G94/><T20/><D110/><U83/><E109/><V8/><F8/><W133/><G133/><T68/><D86/><N who="1" m="50527" /><E100/><V95/><F40/><W69/><G69/><T108/><D108/><U29/><E5/><V119/><F39/><W11/><G11/><T10/><D68/><U7/><E7/><V63/><F119/><W67/><G67/><N who="0" m="39311" /><D31/><U99/><E99/><V87/><F87/><W59/><G59/><T81/><D81/><U64/><E29/><N who="2" m="19879" /><F95/><W32/><G30/><T18/><D10/><U53/><E21/><V91/><F91/><W97/><AGARI ba="1,0" hai="26,28,32,33,34,97,103,107,112,113,115" m="27723" machi="97" ten="40,2700,0" yaku="15,1,23,1" doraHai="62" who="3" fromWho="3" sc="290,-14,237,-8,244,-8,229,30" /><INIT seed="5,0,0,5,3,134" ten="276,229,236,259" oya="1" hai0="122,92,32,33,118,124,109,8,112,62,68,102,15" hai1="48,89,80,39,110,72,64,50,2,115,22,96,77" hai2="31,84,129,113,9,56,99,70,101,130,100,53,65" hai3="3,13,16,97,34,126,90,135,55,52,59,37,76"/><U116/><E116/><V40/><F113/><W86/><G126/><T43/><D118/><U103/><E115/><V71/><F31/><W28/><G3/><T131/><D112/><U81/><E39/><V95/><F40/><W105/><G76/><T10/><D109/><U4/><E110/><V38/><F38/><W20/><G37/><T114/><D114/><U54/><E64/><V7/><F65/><W91/><G135/><T93/><D131/><N who="2" m="50186" /><F84/><W83/><G34/><T45/><D122/><U58/><E22/><V123/><F101/><W29/><G55/><T106/><D106/><U60/><E89/><V94/><F94/><N who="3" m="56535" /><G105/><T23/><D93/><U12/><E80/><V36/><F36/><W74/><G74/><T27/><D32/><U119/><E2/><N who="2" m="247" /><F123/><W107/><G107/><T0/><D33/><U49/><E119/><V121/><F121/><W79/><G79/><T47/><D102/><U108/><E108/><V78/><F78/><W69/><G69/><T67/><D68/><U117/><E117/><V128/><N who="2" m="50194" /><V57/><DORA hai="35" /><F57/><W24/><G24/><T25/><D27/><U88/><E88/><V104/><F104/><W14/><G14/><T63/><D15/><U73/><E73/><V21/><F21/><W19/><G19/><T30/><D23/><U87/><E72/><V75/><F75/><W44/><G44/><T17/><D47/><U61/><E103/><V120/><F120/><W51/><AGARI ba="0,0" hai="13,16,20,28,29,51,52,59,83,86,91" m="56535" machi="51" ten="30,4000,0" yaku="8,1,54,2" doraHai="134,35" who="3" fromWho="3" sc="276,-10,229,-20,236,-10,259,40" /><INIT seed="6,0,0,3,1,94" ten="266,209,226,299" oya="2" hai0="59,112,63,86,114,111,10,99,50,113,82,20,6" hai1="41,103,120,43,74,26,12,80,16,46,36,54,102" hai2="70,44,42,1,91,11,60,8,30,110,25,117,115" hai3="73,126,79,64,21,67,28,123,98,119,2,69,77"/><V84/><F117/><W27/><G119/><T72/><D111/><U108/><E108/><V58/><F110/><W76/><G2/><T90/><D20/><U52/><E43/><V39/><F115/><W23/><G69/><T100/><D72/><U132/><E132/><V95/><F70/><W55/><G73/><T31/><D31/><U9/><E120/><V66/><REACH who="2" step="1"/><F1/><REACH who="2" ten="266,209,216,299" step="2"/><W85/><G123/><T107/><D113/><U22/><E103/><V97/><F97/><W51/><G98/><T34/><D114/><U109/><E109/><V118/><F118/><W24/><G126/><T104/><D112/><U19/><REACH who="1" step="1"/><E102/><REACH who="1" ten="266,199,216,299" step="2"/><V57/><F57/><N who="3" m="33023" /><G85/><T75/><D100/><U48/><E48/><V38/><F38/><W47/><G47/><T128/><D50/><U0/><E0/><V122/><F122/><W88/><G67/><T71/><D86/><U93/><E93/><V3/><F3/><W14/><G64/><T5/><D104/><U68/><E68/><V127/><F127/><W116/><G116/><T29/><D71/><U125/><E125/><V56/><F56/><W49/><G49/><T130/><D107/><U53/><E53/><V40/><F40/><W35/><G27/><T96/><D128/><U89/><E89/><V129/><F129/><W134/><G88/><T37/><D130/><U4/><E4/><V61/><F61/><W87/><G87/><T45/><D5/><U105/><E105/><V32/><AGARI ba="0,2" hai="8,11,25,30,32,39,42,44,58,60,66,84,91,95" machi="32" ten="20,7800,0" yaku="1,1,0,1,7,1,53,1" doraHai="94" doraHaiUra="62" who="2" fromWho="2" sc="266,-26,199,-26,216,98,299,-26" owari="240,-16.0,173,-32.7,314,41.4,273,7.3" /></mjloggm>