<mjloggm ver="2.3"><GO type="225" lobby="0"/><UN n0="%E3%81%A9%E3%82%93%E3%82%88%E3%81%8F%4D%6B%2E%32" n1="%72%61%6B%33" n2="%E3%83%B4%E3%83%A0%EF%BC%99%E3%81%A6" n3="%73%6C%69%63%6B%33%31%39" dan="16,17,17,16" rate="2204.24,2173.34,2139.07,2123.06" sx="M,M,M,M"/><TAIKYOKU oya="0"/><INIT seed="0,0,0,0,2,114" ten="250,250,250,250" oya="0" hai0="132,62,97,69,47,75,37,0,20,23,25,128,65" hai1="32,100,120,2,17,90,91,58,51,6,80,42,121" hai2="129,85,115,9,105,83,112,93,81,63,84,26,30" hai3="19,56,13,34,127,108,10,46,73,87,61,38,94"/><T70/><D75/><U29/><E100/><V50/><F105/><W106/><G106/><T72/><D72/><U99/><E2/><V15/><F129/><W133/><G73/><T36/><D0/><U40/><E6/><V122/><F93/><W130/><G34/><T102/><D128/><U27/><E17/><V118/><F122/><W107/><G107/><T57/><D132/><U119/><E119/><V82/><F63/><W11/><G130/><T116/><D116/><U103/><E42/><V89/><F50/><W125/><G133/><T53/><D23/><U52/><E40/><V96/><F96/><W126/><G108/><T12/><D12/><U101/><E101/><V60/><F60/><W88/><G46/><T3/><D3/><U22/><E32/><V131/><F131/><W35/><G35/><T117/><D117/><U74/><E91/><V78/><F82/><W98/><G38/><N who="0" m="14955" /><D20/><U55/><E55/><V86/><F86/><W66/><REACH who="3" step="1"/><G10/><REACH who="3" ten="250,250,250,240" step="2"/><T79/><D47/><U8/><E8/><V54/><F118/><W104/><G104/><T4/><D70/><U39/><E39/><V124/><F112/><W44/><G44/><T1/><D69/><U43/><E74/><V31/><F115/><W24/><G24/><T135/><D25/><U109/><E109/><V123/><F26/><W92/><G92/><N who="0" m="58663" /><D135/><U71/><E71/><V49/><F9/><W134/><G134/><T95/><D95/><N who="1" m="58879" /><E43/><V21/><F123/><W18/><G18/><T48/><D4/><U76/><E121/><V110/><F110/><W59/><G59/><N who="0" m="33191" /><D1/><U113/><E120/><RYUUKYOKU ba="0,1" sc="250,15,250,-15,250,-15,240,15" hai0="57,62,65,79" hai3="11,13,19,56,61,66,87,88,94,98,125,126,127" /><INIT seed="0,1,1,4,4,47" ten="265,235,235,255" oya="0" hai0="56,89,64,0,128,33,25,134,20,104,83,123,113" hai1="29,23,107,34,81,9,101,115,48,54,27,43,35" hai2="116,42,97,108,50,106,32,73,110,99,82,132,87" hai3="66,102,22,93,78,26,130,69,117,1,41,76,68"/><T8/><D123/><U112/><E43/><V135/><F32/><W55/><G117/><T85/><D104/><U4/><E81/><V84/><F116/><W71/><G1/><T45/><D113/><N who="1" m="43595" /><E101/><N who="2" m="62767" /><F50/><W86/><G130/><T24/><D33/><U70/><E70/><V38/><F42/><W11/><G11/><T96/><D128/><U98/><E98/><V49/><F49/><W65/><G41/><T122/><D122/><U79/><E79/><N who="2" m="44399" /><F38/><W80/><G78/><T30/><D96/><U77/><E77/><V62/><F62/><W124/><G124/><T103/><D103/><U60/><E60/><V52/><F52/><W37/><G37/><T28/><D64/><U53/><E53/><V119/><F99/><W118/><G118/><T95/><D56/><N who="1" m="32839" /><E107/><V59/><F59/><W125/><G125/><T105/><D105/><U131/><E131/><V6/><F6/><W88/><G55/><T90/><D45/><U14/><AGARI ba="1,1" hai="4,9,14,23,27,29,34,35" m="32839,43595" machi="14" ten="30,2000,0" yaku="11,1,52,1" doraHai="47" who="1" fromWho="1" sc="265,-11,235,33,235,-6,255,-6" /><INIT seed="1,0,0,0,1,121" ten="254,268,229,249" oya="1" hai0="20,119,91,66,30,105,104,36,123,60,107,92,25" hai1="56,117,27,57,62,129,96,21,48,84,125,90,89" hai2="3,108,18,8,10,94,4,43,54,111,49,40,42" hai3="39,102,29,50,69,131,127,28,82,7,126,76,99"/><U53/><E125/><N who="3" m="47626" /><G39/><T75/><D119/><U41/><E129/><V23/><F8/><W6/><G69/><T101/><D36/><U52/><E117/><V112/><F112/><W115/><G50/><T73/><D123/><U114/><E114/><V55/><F94/><N who="3" m="58743" /><G115/><T135/><D135/><U118/><E118/><V32/><F32/><W81/><G81/><T35/><D35/><U72/><E72/><V78/><F78/><W77/><G77/><T120/><D120/><U45/><E96/><V67/><F67/><W110/><G110/><N who="2" m="42025" /><F49/><W38/><G38/><T71/><REACH who="0" step="1"/><D101/><REACH who="0" ten="244,268,229,249" step="2"/><U128/><E128/><V79/><F79/><W34/><G131/><T26/><D26/><AGARI ba="0,1" hai="3,4,10,18,23,26,40,42,43,54,55" m="42025" machi="26" ten="30,7700,0" yaku="14,1,52,3" doraHai="121" who="2" fromWho="0" sc="244,-77,268,0,229,87,249,0" /><INIT seed="2,0,0,4,0,95" ten="167,268,316,249" oya="2" hai0="74,79,58,46,27,25,125,87,117,38,90,34,82" hai1="2,72,100,5,33,48,6,13,23,119,104,128,121" hai2="61,16,97,24,21,127,108,92,53,131,55,29,45" hai3="88,102,43,30,77,57,69,120,18,96,105,86,44"/><V134/><F134/><W83/><G120/><T10/><D117/><U42/><E72/><V12/><F127/><W17/><G69/><T60/><D125/><U75/><E75/><V135/><F135/><W114/><G30/><T28/><D25/><U63/><E33/><V19/><F131/><W35/><G35/><T51/><D38/><U7/><E2/><V89/><F108/><W71/><G71/><T103/><D10/><U32/><E32/><V91/><F91/><W76/><G57/><T54/><D103/><U26/><E63/><V118/><F118/><W80/><G114/><T20/><D34/><U65/><E65/><V122/><F122/><W68/><G68/><T22/><D22/><U9/><E128/><V47/><F29/><W81/><G77/><T3/><D3/><U129/><E129/><V14/><F14/><W31/><G31/><T50/><REACH who="0" step="1"/><D46/><REACH who="0" ten="157,268,316,249" step="2"/><N who="2" m="17418" /><F61/><W62/><G62/><T67/><D67/><U73/><E119/><V94/><F94/><AGARI ba="0,1" hai="20,27,28,50,51,54,58,60,74,79,82,87,90,94" machi="94" ten="30,2000,0" yaku="1,1,7,1,53,0" doraHai="95" doraHaiUra="124" who="0" fromWho="2" sc="157,30,268,0,316,-20,249,0" /><INIT seed="3,0,0,1,3,17" ten="187,268,296,249" oya="3" hai0="108,56,123,39,53,6,5,78,37,26,51,107,45" hai1="87,90,3,80,114,48,49,46,128,29,96,71,120" hai2="57,21,36,54,68,113,95,74,79,58,19,72,10" hai3="98,52,105,40,69,23,131,7,132,103,111,9,122"/><W94/><G122/><T59/><D123/><U133/><E120/><V66/><F36/><W118/><G118/><T109/><D107/><U14/><E114/><V97/><F113/><W34/><G34/><T106/><D106/><U30/><E3/><V116/><F116/><W44/><G69/><T121/><D121/><U75/><E71/><V27/><F68/><W115/><G115/><T89/><D78/><U86/><E75/><V104/><F104/><W124/><G124/><T100/><D100/><U88/><E128/><V82/><F66/><W13/><G131/><T2/><D89/><U1/><E1/><V84/><F10/><W73/><G73/><T119/><D119/><U134/><E14/><V93/><F58/><N who="0" m="22058" /><D26/><U50/><E46/><V63/><F93/><W99/><G132/><N who="1" m="50794" /><E96/><V15/><F27/><W8/><G8/><N who="0" m="2103" /><D6/><U81/><AGARI ba="0,0" hai="29,30,48,49,50,80,81,86,87,88,90" m="50794" machi="81" ten="30,2000,0" yaku="20,1,54,1" doraHai="17" who="1" fromWho="1" sc="187,-5,268,20,296,-5,249,-10" /><INIT seed="4,0,0,3,4,7" ten="182,288,291,239" oya="0" hai0="93,75,90,121,48,79,55,32,28,120,34,91,63" hai1="74,135,128,115,35,22,117,73,132,61,58,25,77" hai2="9,99,131,6,37,33,109,108,5,1,76,4,52" hai3="38,107,40,68,71,31,65,118,124,51,81,43,41"/><T45/><D63/><U44/><E117/><V8/><F37/><W70/><G107/><T97/><D75/><U88/><E35/><V119/><F76/><W56/><G31/><T49/><D79/><U13/><E128/><V92/><F131/><W17/><G17/><T89/><D28/><U111/><E111/><V133/><F33/><W78/><G118/><T42/><D32/><U100/><E115/><V126/><F119/><W122/><G81/><T95/><D34/><U18/><E100/><V116/><F116/><W84/><G84/><T26/><D26/><U87/><E44/><V69/><F69/><W46/><G78/><T23/><D23/><U94/><E25/><V98/><F5/><W27/><G27/><T125/><D125/><U64/><REACH who="1" step="1"/><E77/><REACH who="1" ten="182,278,291,239" step="2"/><V96/><F126/><W72/><G124/><T127/><D127/><U103/><E103/><V114/><F114/><W11/><G122/><T3/><D3/><U2/><E2/><V19/><F108/><W83/><G46/><N who="0" m="28087" /><D121/><U104/><E104/><V82/><F109/><W101/><G101/><N who="0" m="60591" /><D120/><U59/><E59/><V39/><F1/><W30/><G56/><T53/><D42/><U60/><E60/><V66/><F39/><W80/><G43/><T86/><AGARI ba="0,1" hai="45,48,53,86,89,90,91,95" m="60591,28087" machi="86" ten="30,1500,0" yaku="8,1" doraHai="7" who="0" fromWho="0" sc="182,25,278,-5,291,-5,239,-5" /><INIT seed="4,1,0,4,3,2" ten="207,273,286,234" oya="0" hai0="60,69,133,65,10,71,124,55,119,101,32,74,59" hai1="37,89,107,61,88,31,116,41,22,72,98,122,63" hai2="43,135,23,90,47,96,51,110,120,45,103,58,121" hai3="105,39,100,30,4,44,5,34,21,102,38,93,48"/><T8/><D74/><U115/><E116/><V15/><F110/><W56/><G34/><T27/><D119/><U42/><E72/><V62/><F135/><W108/><G108/><T87/><D124/><U0/><E0/><V75/><F75/><W12/><G105/><T7/><D133/><U95/><E107/><V29/><F90/><W113/><G113/><T17/><D101/><N who="3" m="39017" /><G38/><T25/><D10/><U84/><E122/><V79/><F45/><W109/><G39/><T40/><D40/><N who="1" m="15467" /><E37/><V111/><F79/><W14/><G93/><T53/><D69/><U99/><E115/><V118/><F118/><W20/><G56/><T131/><D131/><U104/><E104/><V6/><F111/><W80/><G80/><T46/><D46/><U86/><E99/><V91/><F91/><W33/><G33/><T73/><D73/><U112/><E112/><V19/><F29/><W128/><G128/><T9/><D9/><U24/><E98/><V67/><F6/><N who="3" m="2667" /><G109/><T77/><D71/><U16/><E31/><V134/><F134/><W36/><G36/><T52/><D32/><U132/><E132/><V106/><AGARI ba="1,0" hai="15,19,23,43,47,51,58,62,67,96,103,106,120,121" machi="106" ten="20,1500,0" yaku="0,1,7,1" doraHai="2" who="2" fromWho="2" sc="207,-8,273,-5,286,18,234,-5" owari="199,-30.1,268,6.8,304,40.4,229,-17.1" /></mjloggm>