<mjloggm ver="2.3"><GO type="225" lobby="0"/><UN n0="%E3%81%86%E3%83%BC%E3%81%B1%E3%83%BC" n1="%E6%A0%B9%E5%85%83%E3%81%8B%E3%82%89%E5%90%B9%E3%81%A3%E9%A3%9B%E3%81%B6" n2="%E3%82%BC%E3%83%AB%E3%83%80%E3%81%AE%E4%BC%9D%E8%AA%AC" n3="%E7%BD%AA%E5%88%91%E6%B3%95%E5%AE%9A%E4%B8%BB%E7%BE%A9" dan="17,17,17,16" rate="2152.50,2190.72,2221.58,2182.45" sx="F,F,M,M"/><TAIKYOKU oya="0"/><INIT seed="0,0,0,2,4,8" ten="250,250,250,250" oya="0" hai0="1,134,84,19,110,96,35,14,109,59,69,33,71" hai1="76,34,25,11,114,26,22,87,88,107,15,133,18" hai2="43,62,68,80,55,51,111,47,97,57,130,78,120" hai3="37,89,23,102,113,38,65,20,70,91,9,112,49"/><T2/><D134/><U90/><E114/><V100/><F120/><W17/><G102/><T92/><D84/><U61/><E107/><V63/><F111/><N who="0" m="42506" /><D59/><U3/><E133/><V4/><F130/><W135/><G135/><T56/><D56/><U83/><E3/><N who="0" m="1033" /><D69/><U28/><REACH who="1" step="1"/><E61/><REACH who="1" ten="250,240,250,250" step="2"/><V93/><F62/><W67/><G113/><T66/><D71/><U10/><E10/><V53/><F68/><W13/><G112/><T54/><D66/><U103/><E103/><V108/><F108/><W81/><G70/><T31/><D54/><U115/><E115/><V125/><F125/><W16/><G9/><N who="0" m="6607" /><D31/><AGARI ba="0,1" hai="11,15,18,22,25,26,28,31,34,76,83,87,88,90" machi="31" ten="30,7700,0" yaku="1,1,7,1,52,1,54,1,53,0" doraHai="8" doraHaiUra="106" who="1" fromWho="0" sc="250,-77,240,87,250,0,250,0" /><INIT seed="1,0,0,2,2,82" ten="173,327,250,250" oya="1" hai0="106,42,89,115,34,123,133,94,51,113,107,119,30" hai1="109,72,81,23,26,110,41,10,13,11,56,18,27" hai2="101,126,39,67,3,80,0,58,19,73,62,48,54" hai3="55,121,117,53,96,69,65,90,28,70,15,103,88"/><U14/><E41/><V68/><F126/><W75/><G121/><T95/><D123/><U59/><E72/><V29/><F29/><W46/><G75/><T86/><D119/><U50/><E81/><V114/><F114/><W118/><G28/><T1/><D1/><U57/><E50/><V134/><F134/><W6/><G6/><T20/><D34/><U9/><E18/><V31/><F31/><W127/><G127/><T132/><D30/><U37/><E23/><V17/><F101/><W93/><G15/><N who="1" m="5642" /><E37/><V2/><REACH who="2" step="1"/><F39/><REACH who="2" ten="173,327,240,250" step="2"/><W32/><G118/><T52/><D115/><U100/><E100/><V78/><AGARI ba="0,1" hai="0,2,3,17,19,48,54,58,62,67,68,73,78,80" machi="78" ten="40,5200,0" yaku="1,1,2,1,0,1,53,0" doraHai="82" doraHaiUra="92" who="2" fromWho="2" sc="173,-13,327,-26,240,62,250,-13" /><INIT seed="2,0,0,4,0,57" ten="160,301,302,237" oya="2" hai0="60,65,23,121,19,1,61,13,123,15,46,67,16" hai1="26,27,114,116,18,5,103,56,122,37,71,35,62" hai2="131,95,130,88,108,90,82,47,10,36,40,59,119" hai3="64,53,54,12,55,73,31,22,92,74,25,105,85"/><V29/><F119/><W75/><G105/><T28/><D1/><U100/><E116/><V77/><F108/><W132/><G132/><T66/><D28/><U104/><E114/><V109/><F109/><W33/><G64/><T24/><D46/><U96/><E37/><V134/><F134/><W7/><G7/><T111/><D111/><U106/><E122/><V20/><F10/><W70/><G70/><T89/><D24/><U50/><E5/><V115/><F115/><W58/><G85/><T101/><D101/><U107/><E50/><V51/><F29/><W84/><G84/><T102/><D102/><U81/><E81/><V78/><F20/><W129/><G129/><N who="2" m="49161" /><F95/><W17/><REACH who="3" step="1"/><G92/><REACH who="3" ten="160,301,302,227" step="2"/><T124/><D124/><U45/><E71/><V99/><F99/><W97/><G97/><T6/><D6/><U118/><E96/><V68/><F68/><W113/><G113/><T52/><D89/><N who="2" m="34410" /><F82/><W126/><G126/><T48/><D123/><U39/><E118/><V32/><F32/><W93/><G93/><T49/><D121/><U0/><E107/><V44/><F59/><AGARI ba="0,1" hai="12,17,22,25,31,33,53,54,55,58,59,73,74,75" machi="59" ten="50,1600,0" yaku="1,1,53,0" doraHai="57" doraHaiUra="2" who="3" fromWho="2" sc="160,0,301,0,302,-16,227,26" /><INIT seed="3,0,0,5,0,36" ten="160,301,286,253" oya="3" hai0="135,61,33,104,111,1,49,110,55,42,99,77,92" hai1="89,27,53,78,121,123,71,86,67,66,103,127,70" hai2="46,68,119,108,56,84,87,39,95,43,113,58,47" hai3="74,0,21,38,107,94,19,65,82,106,20,120,114"/><W109/><G114/><T40/><D104/><U28/><E78/><V63/><F113/><W13/><G120/><T126/><D135/><U23/><E103/><V41/><F119/><W10/><G38/><T64/><D77/><U73/><E73/><V5/><F108/><N who="0" m="41514" /><D1/><U6/><E6/><V30/><F5/><W26/><G109/><T122/><D33/><U31/><E127/><V101/><F68/><W102/><G65/><T93/><D126/><U85/><E53/><V112/><F112/><W134/><G134/><T76/><D76/><U16/><E16/><V17/><F30/><W60/><G74/><T48/><D93/><U2/><E89/><V116/><F116/><W88/><G82/><T9/><D9/><U115/><E115/><V15/><F101/><W12/><G0/><T44/><D49/><U25/><E2/><V129/><F129/><W34/><G34/><T72/><D72/><U3/><E3/><V54/><F95/><W97/><G60/><T45/><D45/><N who="2" m="16906" /><F56/><W50/><G50/><T132/><D122/><U24/><E24/><V96/><F96/><W22/><G107/><T98/><D132/><U37/><E37/><V117/><F39/><W11/><G106/><T80/><D80/><U35/><E35/><V51/><F117/><W91/><G26/><T4/><D4/><AGARI ba="0,0" hai="4,10,11,12,13,19,20,21,22,88,91,94,97,102" machi="4" ten="40,3900,0" yaku="8,1,54,1" doraHai="36" who="3" fromWho="0" sc="160,-39,301,0,286,0,253,39" /><INIT seed="3,1,0,5,5,57" ten="121,301,286,292" oya="3" hai0="70,123,112,7,9,114,24,8,17,102,129,32,20" hai1="30,3,38,50,47,49,71,1,101,134,64,16,73" hai2="25,36,133,26,76,45,84,11,132,52,75,131,53" hai3="97,111,92,109,51,4,86,130,93,58,87,55,44"/><W78/><G130/><T103/><D123/><U85/><E73/><V56/><F131/><W42/><G4/><T19/><D129/><U88/><E30/><V6/><F84/><N who="3" m="32299" /><G78/><T116/><D70/><U2/><E38/><V74/><F25/><W21/><G21/><T77/><D116/><U91/><E101/><V118/><F26/><W23/><G23/><T98/><D32/><U34/><E34/><V29/><F29/><W65/><G65/><T27/><D20/><U39/><E39/><V100/><F100/><W61/><G97/><T13/><D98/><U67/><E134/><N who="2" m="51819" /><F118/><W14/><G14/><T83/><D13/><U81/><E71/><V115/><F115/><W72/><G72/><N who="2" m="27689" /><F76/><W127/><G127/><T128/><D128/><U106/><E106/><V43/><F56/><W120/><G120/><T124/><D77/><U66/><E91/><V90/><F90/><W37/><G37/><T12/><D12/><AGARI ba="1,0" hai="6,11,12,36,43,45,52,53" m="27689,51819" machi="12" ten="30,2000,0" yaku="20,1,54,1" doraHai="57" who="2" fromWho="0" sc="121,-23,301,0,286,23,292,0" owari="98,-40.2,301,10.1,309,40.9,292,-10.8" /></mjloggm>