<mjloggm ver="2.3"><GO type="225" lobby="0"/><UN n0="%E3%81%82%E3%81%84%E3%81%82%E3%81%8A%E3%81%84" n1="%E9%80%86%E9%80%A3%E5%B8%AF%E3%81%AE%E9%AC%BC" n2="%E3%81%99%E3%81%84%E3%81%BE%E3%81%9B%E3%83%BC%E3%82%93" n3="%E6%A1%9C%E8%8A%B1%E9%96%83%E3%80%85" dan="18,16,16,16" rate="2228.07,2152.21,2166.20,2151.96" sx="M,M,M,M"/><TAIKYOKU oya="0"/><INIT seed="0,0,0,2,5,24" ten="250,250,250,250" oya="0" hai0="92,57,100,22,19,52,58,121,27,33,28,54,97" hai1="12,107,118,75,39,79,42,132,127,49,41,122,123" hai2="62,37,21,105,84,15,30,71,133,68,129,43,116" hai3="1,98,11,17,36,77,59,23,72,86,8,102,74"/><T5/><D121/><U46/><E118/><V95/><F105/><W20/><G36/><T91/><D5/><U113/><E113/><V63/><F116/><W47/><G47/><T115/><D115/><U83/><E132/><V38/><F133/><W60/><G1/><T34/><D100/><U16/><E127/><V13/><F129/><W45/><G45/><T87/><D87/><U50/><E107/><V18/><F95/><N who="3" m="58719" /><G72/><T10/><D10/><N who="3" m="3625" /><G74/><T53/><REACH who="0" step="1"/><D34/><REACH who="0" ten="240,250,250,250" step="2"/><U4/><E4/><V32/><F32/><W90/><G86/><T9/><D9/><U112/><E112/><V89/><F84/><W35/><G35/><T3/><D3/><U76/><E123/><V119/><F119/><W64/><G23/><T65/><D65/><U55/><E122/><V126/><F21/><W7/><G7/><T0/><D0/><U56/><E75/><V29/><F126/><W125/><G125/><T110/><D110/><U103/><E103/><V25/><F37/><W69/><G20/><T106/><D106/><U108/><E108/><V80/><F38/><W31/><G64/><T120/><D120/><U124/><E124/><V70/><F70/><W66/><G69/><T94/><D94/><U6/><E6/><V2/><F2/><W96/><G66/><T99/><D99/><U93/><E93/><V134/><F134/><W130/><G96/><T51/><D51/><U88/><E39/><V111/><F111/><W67/><G67/><T82/><D82/><U44/><E83/><V85/><F71/><W61/><G130/><T131/><D131/><U14/><E49/><RYUUKYOKU ba="0,1" sc="240,30,250,-10,250,-10,250,-10" hai0="19,22,27,28,33,52,53,54,57,58,91,92,97" /><INIT seed="0,1,1,0,4,46" ten="270,240,240,240" oya="0" hai0="83,16,23,48,120,76,78,61,94,37,64,99,124" hai1="130,73,28,102,114,26,2,107,96,84,121,90,88" hai2="85,20,4,116,98,105,14,21,33,35,58,106,103" hai3="131,108,66,59,129,57,125,113,45,70,15,40,56"/><T135/><D37/><U126/><E121/><V24/><F116/><W81/><G15/><T71/><D120/><U63/><E130/><N who="3" m="49674" /><G81/><T115/><D115/><U86/><E126/><V75/><F75/><W119/><G113/><T53/><D124/><U49/><E2/><V50/><F106/><W29/><G29/><T36/><D36/><U1/><E73/><V133/><F133/><W91/><G91/><T111/><D135/><U31/><E1/><V134/><F134/><W95/><G95/><T82/><D111/><U41/><E63/><V13/><F85/><W55/><G125/><T101/><D78/><U5/><E5/><V62/><F14/><W122/><G122/><T54/><D54/><U117/><E117/><V39/><F39/><N who="3" m="21663" /><G119/><T72/><D76/><U38/><E114/><V132/><F132/><W109/><G55/><T127/><D72/><U6/><E6/><V42/><F4/><W74/><G74/><T10/><D10/><U89/><E31/><V9/><F9/><W128/><N who="3" m="49682" /><W104/><DORA hai="12" /><G104/><T0/><D0/><U77/><E77/><V112/><F112/><W44/><G44/><T51/><D127/><U92/><E107/><V32/><F13/><W69/><G66/><T43/><D43/><U22/><E38/><V68/><F24/><W80/><G80/><T67/><D67/><U52/><E41/><V79/><F79/><W65/><G65/><T34/><D34/><U110/><E110/><AGARI ba="1,1" hai="56,57,59,69,70,108,109,110" m="21663,49682" machi="110" ten="50,8000,1" yaku="14,1,19,1,34,2" doraHai="46,12" who="3" fromWho="1" sc="270,0,240,-83,240,0,240,93" /><INIT seed="1,0,0,0,4,80" ten="270,157,240,333" oya="1" hai0="64,46,74,54,91,116,55,83,128,60,134,87,79" hai1="113,62,19,82,41,81,71,130,133,59,7,109,2" hai2="102,51,11,31,23,26,17,33,58,123,53,110,132" hai3="121,47,45,129,86,98,48,5,131,108,101,96,9"/><U52/><E113/><V117/><F117/><W65/><G121/><T104/><D116/><U73/><E133/><V99/><F123/><W8/><G108/><T10/><D134/><U118/><E109/><V66/><F132/><W72/><G72/><T90/><D128/><N who="3" m="49225" /><G65/><T92/><D104/><U28/><E118/><V125/><F110/><W21/><G21/><T127/><D127/><U27/><E130/><V88/><F125/><W68/><G68/><T34/><D34/><U57/><E71/><V37/><F37/><W77/><G48/><T119/><D119/><U56/><E41/><V105/><F66/><W67/><G67/><T44/><D10/><U25/><E19/><V35/><F11/><W114/><G96/><T30/><D30/><U22/><E27/><V112/><F112/><W14/><G8/><T124/><D124/><U6/><E2/><V135/><F135/><W97/><G97/><T39/><D91/><U50/><E73/><V0/><F0/><W78/><G86/><T15/><D15/><U16/><E28/><V61/><F51/><W32/><G32/><T24/><D24/><U106/><E106/><V120/><F120/><W13/><G14/><T100/><D100/><U3/><E3/><V122/><F122/><W70/><G70/><T18/><D18/><U4/><REACH who="1" step="1"/><E62/><REACH who="1" ten="270,147,240,333" step="2"/><V42/><F42/><W49/><G114/><T115/><D115/><U63/><E63/><V40/><F40/><W36/><G13/><T103/><D60/><U107/><E107/><V94/><F31/><W76/><G5/><T126/><D74/><U89/><E89/><RYUUKYOKU ba="0,1" sc="270,-15,147,15,240,15,333,-15" hai1="4,6,7,16,22,25,50,52,56,57,59,81,82" hai2="17,23,26,33,35,53,58,61,88,94,99,102,105" /><INIT seed="1,1,1,2,2,32" ten="255,162,255,318" oya="1" hai0="80,135,114,9,8,130,116,110,112,72,85,7,41" hai1="128,45,96,87,44,86,131,15,18,10,29,90,20" hai2="132,36,113,83,5,6,57,25,59,134,89,108,117" hai3="63,26,127,122,120,124,107,31,2,24,11,100,67"/><U62/><E62/><V56/><F117/><W115/><G100/><T50/><D72/><U42/><E96/><V68/><F108/><W101/><G101/><T55/><D110/><U97/><E97/><V39/><F68/><N who="3" m="42111" /><G107/><T30/><D116/><U1/><E87/><N who="2" m="50431" /><F113/><W4/><G26/><T95/><D95/><U51/><E45/><V17/><F17/><W106/><G106/><T84/><D84/><U81/><REACH who="1" step="1"/><E29/><REACH who="1" ten="255,152,255,318" step="2"/><V109/><F134/><W129/><G115/><T58/><D30/><U119/><E119/><V73/><F132/><W75/><G75/><T105/><D135/><U78/><E78/><V121/><F73/><W23/><G122/><T52/><D114/><U65/><E65/><V79/><F79/><W93/><G120/><T99/><D99/><U82/><E82/><V33/><F121/><W0/><G93/><T69/><D112/><U77/><E77/><V111/><F111/><W61/><G61/><T91/><D80/><U22/><E22/><V71/><F109/><W21/><G23/><T40/><D85/><U46/><E46/><V66/><F66/><W53/><G21/><T37/><D69/><U54/><E54/><V133/><F71/><W98/><G53/><T3/><D52/><U12/><E12/><V126/><F133/><W102/><G98/><T103/><D55/><U47/><E47/><V28/><F126/><W88/><G124/><T70/><D70/><U27/><E27/><V14/><F14/><W76/><G127/><T34/><D103/><U123/><E123/><V16/><F28/><W94/><G31/><T60/><D105/><RYUUKYOKU ba="1,2" sc="255,-10,152,30,255,-10,318,-10" hai1="1,10,15,18,20,42,44,51,81,86,90,128,131" /><INIT seed="1,2,2,5,3,47" ten="245,182,245,308" oya="1" hai0="131,107,104,65,40,7,70,36,83,29,130,68,84" hai1="27,2,135,41,93,110,50,63,117,95,60,38,105" hai2="21,111,11,121,20,114,73,0,102,86,8,72,99" hai3="108,52,37,51,4,10,42,25,85,66,31,43,124"/><U77/><E117/><V6/><F121/><W3/><G37/><T119/><D119/><U57/><E105/><N who="0" m="40521" /><D29/><U116/><E2/><V69/><F69/><W55/><G108/><T98/><D98/><U24/><E116/><V16/><F111/><W128/><G128/><N who="0" m="49195" /><D65/><U96/><E110/><V19/><F114/><W115/><G115/><T92/><D92/><U54/><E135/><V133/><F133/><W53/><G124/><T112/><D112/><U74/><E38/><V56/><F86/><W132/><G132/><T122/><D7/><U89/><E95/><V5/><F99/><W120/><G120/><T82/><D122/><U30/><E41/><V58/><F102/><W113/><G113/><T81/><D84/><U90/><E90/><V26/><F26/><W97/><G97/><T9/><D9/><U87/><E74/><V103/><F103/><W13/><G66/><T22/><D22/><U46/><E24/><V76/><F76/><W129/><G85/><T59/><D59/><U62/><E77/><V49/><F0/><W18/><G129/><T134/><D134/><U45/><REACH who="1" step="1"/><E87/><REACH who="1" ten="245,172,245,308" step="2"/><V23/><F73/><W88/><G3/><T44/><AGARI ba="2,3" hai="36,40,44,68,70,81,82,83" m="49195,40521" machi="44" ten="40,1500,0" yaku="19,1" doraHai="47" who="0" fromWho="0" sc="245,51,172,-9,245,-6,308,-6" /><INIT seed="2,0,0,2,0,49" ten="296,163,239,302" oya="2" hai0="112,42,109,130,75,14,45,26,20,91,85,89,69" hai1="110,118,35,1,114,134,32,102,23,74,5,64,43" hai2="9,123,78,71,79,41,7,13,28,12,88,33,73" hai3="46,37,122,127,97,90,111,103,15,25,101,116,48"/><V98/><F123/><W16/><G122/><T92/><D112/><U68/><E23/><V19/><F71/><W21/><G116/><T117/><D69/><U4/><E102/><V29/><F41/><W56/><G111/><T107/><D107/><U93/><E93/><N who="2" m="56615" /><F73/><W131/><G131/><T106/><D106/><U67/><E43/><V82/><F33/><W129/><G129/><T126/><D75/><U76/><E118/><V115/><F115/><W53/><G127/><T31/><D130/><U83/><E114/><V58/><F58/><W57/><G37/><T38/><D109/><U8/><E110/><V36/><F36/><W119/><G119/><T108/><D108/><U50/><E134/><V6/><F6/><W47/><G57/><T2/><D2/><U72/><E50/><V94/><F94/><N who="3" m="56535" /><G25/><T125/><D117/><U121/><E121/><V11/><F82/><W34/><G34/><T17/><REACH who="0" step="1"/><D91/><REACH who="0" ten="286,163,239,302" step="2"/><U135/><E1/><V99/><F99/><W87/><G87/><T22/><AGARI ba="0,1" hai="14,17,20,22,26,31,38,42,45,85,89,92,125,126" machi="22" ten="30,4000,0" yaku="1,1,2,1,0,1,53,0" doraHai="49" doraHaiUra="124" who="0" fromWho="0" sc="286,50,163,-10,239,-20,302,-10" /><INIT seed="3,0,0,1,4,101" ten="336,153,219,292" oya="3" hai0="44,27,128,61,11,33,79,114,134,96,16,57,73" hai1="77,102,35,65,120,63,97,15,86,82,90,121,83" hai2="19,48,100,80,66,38,49,71,75,12,51,133,91" hai3="31,50,17,78,7,70,116,107,47,129,124,112,122"/><W21/><G116/><T28/><D134/><U115/><E35/><V81/><F38/><W89/><G112/><T92/><D128/><U126/><E115/><V84/><F133/><W117/><G117/><T1/><D114/><U132/><E132/><V56/><F71/><W64/><G122/><T23/><D44/><U43/><E126/><V24/><F100/><W41/><G129/><T13/><D79/><U25/><E43/><V4/><F75/><W85/><G7/><N who="0" m="1519" /><D73/><U8/><E25/><V55/><F66/><W32/><G78/><T58/><D61/><U52/><E83/><N who="2" m="49567" /><F24/><W45/><G107/><T29/><D29/><U113/><E113/><V0/><F4/><W99/><G99/><T110/><D110/><U87/><E87/><V60/><F0/><W10/><G10/><AGARI ba="0,0" hai="10,12,19,48,49,51,55,56,60,80,81" m="49567" machi="10" ten="30,1000,0" yaku="8,1" doraHai="101" who="2" fromWho="3" sc="336,0,153,0,219,10,292,-10" owari="336,43.6,153,-34.7,229,-17.1,282,8.2" /></mjloggm>