<mjloggm ver="2.3"><GO type="225" lobby="0"/><UN n0="%E5%B0%8F%E9%B3%A5%E9%81%8A%E7%B7%B4%E7%84%A1%32%31%E6%AD%B3" n1="%E6%B8%A9%E2%98%85%E6%83%85%E2%98%85%E6%8E%AA%E2%98%85%E7%BD%AE" n2="%E5%8F%AF%E5%85%90%E9%82%A3%E7%94%B1%E5%A4%9A" n3="%E3%81%AF%E3%83%BC%E3%81%A1%E3%82%83%E3%82%93" dan="16,16,16,16" rate="2182.65,2171.17,2199.61,2149.98" sx="F,M,F,F"/><TAIKYOKU oya="0"/><INIT seed="0,0,0,0,2,20" ten="250,250,250,250" oya="0" hai0="4,76,29,30,63,27,103,108,102,83,113,134,40" hai1="131,128,80,41,36,75,88,1,105,48,31,126,90" hai2="15,98,22,17,72,118,67,92,39,81,8,32,124" hai3="77,21,26,33,52,16,114,84,117,115,87,66,70"/><T19/><D113/><U110/><E110/><V7/><F32/><W97/><G117/><T3/><D134/><U34/><E126/><V5/><F124/><W106/><G33/><T69/><D19/><U50/><E105/><V85/><F118/><W133/><G133/><T127/><D127/><U37/><E1/><V100/><F39/><N who="1" m="14921" /><E31/><V74/><F67/><W14/><G66/><T47/><D30/><U121/><E34/><V49/><F49/><N who="1" m="19049" /><E41/><V55/><F55/><W96/><G70/><T56/><D69/><U109/><E121/><V129/><F129/><N who="1" m="49737" /><E109/><V58/><F7/><W68/><G68/><T120/><D108/><U35/><E35/><V111/><F111/><W38/><G38/><T62/><D120/><U51/><N who="1" m="19057" /><U57/><DORA hai="116" /><E57/><V89/><REACH who="2" step="1"/><F58/><REACH who="2" ten="250,250,240,250" step="2"/><W18/><G115/><T94/><D56/><U95/><E95/><V104/><F104/><W46/><G114/><T53/><D94/><U59/><E59/><V61/><F61/><N who="0" m="23050" /><D4/><U9/><E9/><V135/><F135/><W54/><G106/><T42/><D3/><AGARI ba="0,1" hai="3,5,8,15,17,22,72,74,81,85,89,92,98,100" machi="3" ten="30,3900,0" yaku="1,1,7,1,53,1" doraHai="20,116" doraHaiUra="79,71" who="2" fromWho="0" sc="250,-39,250,0,240,49,250,0" /><INIT seed="1,0,0,0,3,12" ten="211,250,289,250" oya="1" hai0="53,96,77,78,114,31,43,13,41,50,94,44,54" hai1="6,8,126,59,2,7,75,33,64,124,10,71,81" hai2="18,100,3,92,4,134,116,90,61,9,97,88,47" hai3="26,51,127,38,29,99,120,83,55,27,56,21,133"/><U30/><E59/><V91/><F116/><W58/><G127/><N who="1" m="48682" /><E81/><V14/><F134/><W22/><G133/><T52/><D114/><U39/><E75/><V60/><REACH who="2" step="1"/><F47/><REACH who="2" ten="211,250,279,250" step="2"/><W121/><G121/><T0/><D0/><N who="1" m="71" /><E39/><V125/><F125/><W19/><G38/><T46/><D31/><U107/><E107/><V79/><F79/><W74/><G120/><T84/><D77/><U11/><E11/><AGARI ba="0,1" hai="3,4,9,11,14,18,60,61,88,90,91,92,97,100" machi="11" ten="40,5200,0" yaku="1,1,52,1,54,1,53,0" doraHai="12" doraHaiUra="115" who="2" fromWho="1" sc="211,0,250,-52,279,62,250,0" /><INIT seed="2,0,0,4,4,96" ten="211,198,341,250" oya="2" hai0="113,133,21,103,78,125,94,54,98,73,30,47,46" hai1="79,105,114,89,17,12,45,118,56,106,28,119,22" hai2="100,95,69,134,20,88,77,67,92,90,4,99,104" hai3="80,122,71,8,85,75,43,63,121,123,31,76,29"/><V132/><F4/><W14/><G75/><T115/><D125/><U130/><E114/><V74/><F67/><W116/><G116/><T135/><D78/><U57/><E130/><V5/><F69/><W7/><G71/><T27/><D73/><U127/><E127/><V84/><F5/><W64/><G64/><T38/><D54/><U48/><E79/><V62/><F62/><W83/><G63/><T51/><D38/><U110/><E110/><V120/><F20/><W18/><G83/><T81/><D81/><U23/><E89/><V49/><F49/><W35/><G35/><T10/><D10/><U2/><E2/><V60/><F60/><W131/><G131/><T26/><D26/><U117/><E23/><V101/><F120/><W32/><G32/><T58/><D58/><U52/><REACH who="1" step="1"/><E28/><REACH who="1" ten="211,188,341,250" step="2"/><V3/><F3/><W65/><G29/><T37/><D37/><U0/><E0/><V50/><F77/><W42/><G31/><T97/><D115/><U33/><E33/><V72/><F90/><W16/><REACH who="3" step="1"/><G65/><REACH who="3" ten="211,188,341,240" step="2"/><T91/><D113/><U66/><E66/><V15/><F72/><W1/><G1/><T13/><D30/><U6/><E6/><V107/><F74/><W36/><G36/><T129/><D129/><U82/><E82/><V112/><F112/><W59/><G59/><AGARI ba="0,2" hai="12,17,22,45,48,52,56,57,59,105,106,117,118,119" machi="59" ten="40,8000,1" yaku="1,1,54,1,53,2" doraHai="96" doraHaiUra="102" who="1" fromWho="3" sc="211,0,188,100,341,0,240,-80" /><INIT seed="3,0,0,2,1,23" ten="211,288,341,160" oya="3" hai0="85,109,32,117,123,62,39,44,80,114,78,73,7" hai1="14,50,69,101,25,126,119,89,72,52,116,49,82" hai2="55,120,34,4,75,90,131,96,100,68,74,64,2" hai3="51,98,102,135,33,112,3,84,27,70,77,111,58"/><W86/><G112/><T41/><D117/><N who="1" m="45131" /><E126/><V38/><F90/><W76/><G3/><T104/><D109/><U47/><E69/><V36/><F55/><W92/><G111/><T45/><D123/><U24/><E101/><V43/><F34/><W88/><G70/><T30/><D45/><N who="1" m="27695" /><E14/><V125/><F131/><W122/><G122/><T134/><D134/><U57/><E57/><V59/><F59/><W56/><G135/><T87/><D104/><U28/><E28/><V124/><F120/><W40/><G86/><T79/><D79/><N who="1" m="44391" /><E89/><V103/><F64/><W26/><G58/><T83/><D83/><U71/><E71/><V1/><F68/><W94/><G33/><T93/><D114/><U35/><E35/><V10/><F43/><AGARI ba="0,0" hai="24,25,43,47,50" m="44391,27695,45131" machi="43" ten="30,7700,0" yaku="12,1,52,2,54,1" doraHai="23" who="1" fromWho="2" sc="211,0,288,77,341,-77,160,0" owari="211,-18.9,365,46.5,264,6.4,160,-34.0" /></mjloggm>