<mjloggm ver="2.3"><GO type="225" lobby="0"/><UN n0="%E3%82%A2%E3%83%9E%E3%83%9D%EF%BD%9E%EF%BD%9E%E3%83%A9" n1="%E5%B8%86%E7%AB%8B%E5%A4%8F%E8%A1%A3" n2="%E8%81%B7%E6%A5%AD%E3%80%81%E9%A2%A8%32" n3="%6D%75%75%6D%75%72%61" dan="17,16,16,16" rate="2193.35,2066.62,2134.78,2151.45" sx="M,M,M,F"/><TAIKYOKU oya="0"/><INIT seed="0,0,0,4,3,32" ten="250,250,250,250" oya="0" hai0="25,77,107,55,3,83,109,47,20,80,99,10,133" hai1="4,115,134,44,117,59,125,98,48,9,110,123,49" hai2="8,104,30,67,65,62,112,57,15,113,93,14,54" hai3="74,101,17,78,45,130,43,105,19,131,16,7,94"/><T76/><D133/><U58/><E134/><V13/><F104/><W27/><G105/><T114/><D114/><U122/><E110/><V33/><F30/><W81/><G7/><T34/><D34/><U63/><E117/><V69/><F33/><W79/><G79/><T92/><D107/><U135/><E135/><V0/><F67/><W64/><G64/><T29/><D109/><U82/><E115/><V119/><F119/><W75/><G75/><T53/><D10/><U132/><E132/><V36/><F36/><W95/><G27/><T126/><D3/><U91/><E125/><V85/><F93/><W108/><G108/><T106/><D106/><U6/><E98/><V38/><F38/><W50/><REACH who="3" step="1"/><G101/><REACH who="3" ten="250,250,250,240" step="2"/><N who="0" m="60647" /><D126/><U66/><E6/><V97/><F65/><W73/><G73/><T11/><D77/><U102/><E102/><V121/><F113/><W23/><G23/><T116/><D76/><U68/><E4/><V40/><F112/><W84/><G84/><T46/><D116/><U124/><E124/><V129/><F85/><W24/><G24/><T39/><D20/><U118/><E118/><V2/><F97/><W103/><G103/><T61/><D25/><U89/><E68/><V12/><F69/><W72/><G72/><T120/><D11/><U128/><E9/><V100/><F100/><W35/><G35/><T42/><D29/><U51/><E91/><V88/><F88/><W87/><G87/><T5/><D5/><U1/><E89/><V90/><F90/><W52/><G52/><T31/><D31/><U111/><E111/><V41/><F8/><RYUUKYOKU ba="0,1" sc="250,-10,250,-10,250,-10,240,30" hai3="16,17,19,43,45,50,74,78,81,94,95,130,131" /><INIT seed="1,1,1,2,0,21" ten="240,240,240,270" oya="1" hai0="99,107,9,27,19,116,70,69,79,14,45,71,92" hai1="3,122,24,18,12,2,30,109,95,56,16,133,77" hai2="85,11,72,62,124,48,103,126,64,55,123,22,68" hai3="60,51,13,7,76,108,1,66,82,4,89,29,65"/><U78/><E122/><V59/><F72/><W88/><G1/><T8/><D116/><U110/><E133/><V26/><F123/><W93/><G108/><N who="1" m="41578" /><E18/><V100/><F85/><N who="3" m="48327" /><G29/><T37/><D79/><N who="1" m="30219" /><E56/><V50/><F48/><W32/><G32/><T36/><D107/><U42/><E42/><V80/><F80/><W10/><G4/><T40/><D37/><U31/><E31/><N who="2" m="17879" /><F11/><W83/><G51/><T73/><D73/><U112/><E112/><V135/><F135/><W91/><G83/><T34/><D34/><N who="1" m="20807" /><E95/><V90/><F59/><N who="3" m="37023" /><G66/><T39/><D39/><U38/><E38/><V43/><F64/><W130/><G130/><T119/><D119/><U106/><E106/><V128/><F128/><W57/><G57/><T129/><D129/><U41/><E41/><V74/><F43/><W104/><G104/><T94/><D94/><AGARI ba="1,1" hai="7,10,13,88,89,91,93,94" m="37023,48327" machi="94" ten="30,2000,0" yaku="8,1,54,1" doraHai="21" who="3" fromWho="0" sc="240,-23,240,0,240,0,270,33" /><INIT seed="2,0,0,4,0,25" ten="217,240,240,303" oya="2" hai0="26,52,32,89,42,65,58,20,24,94,133,61,18" hai1="4,38,107,70,34,60,40,43,72,68,56,114,126" hai2="79,88,90,7,125,86,101,105,112,97,119,111,29" hai3="13,17,104,132,6,116,96,93,3,83,135,31,106"/><V69/><F119/><W12/><G116/><T73/><D133/><N who="3" m="51273" /><G83/><T1/><D1/><U54/><E107/><N who="3" m="41002" /><G17/><T98/><D73/><U22/><E72/><V48/><F112/><W118/><G118/><T64/><D42/><U19/><E114/><V134/><F134/><W80/><G80/><T82/><D82/><U21/><E126/><V23/><F125/><W53/><G53/><T5/><D5/><U14/><E4/><V66/><F7/><W47/><G47/><T39/><D39/><U103/><E43/><V84/><F79/><W122/><G122/><T59/><D59/><U35/><E40/><V41/><F66/><W36/><G36/><T67/><D32/><U55/><E38/><V102/><F69/><W57/><G57/><T124/><D26/><U123/><E123/><V95/><F105/><W62/><G62/><T130/><D130/><U74/><E74/><V78/><F78/><W75/><G75/><T115/><D115/><U9/><E70/><V2/><F41/><W121/><G121/><T76/><D76/><U113/><E68/><V0/><F48/><W50/><G50/><T8/><D8/><U81/><E113/><V87/><F111/><W92/><G92/><T44/><D124/><U129/><E129/><V85/><N who="2" m="21504" /><DORA hai="37" /><V15/><F15/><W120/><G120/><T71/><D71/><U30/><E81/><V49/><F49/><AGARI ba="0,0" hai="18,20,24,44,49,52,58,61,64,65,67,89,94,98" machi="49" ten="40,2600,0" yaku="8,1,54,1" doraHai="25,37" who="0" fromWho="2" sc="217,26,240,0,240,-26,303,0" /><INIT seed="3,0,0,5,2,97" ten="243,240,214,303" oya="3" hai0="32,25,29,53,51,99,45,14,96,87,88,63,44" hai1="27,74,4,48,80,59,131,72,125,77,105,91,70" hai2="68,78,15,84,0,35,106,39,2,38,55,41,43" hai3="6,16,64,71,23,117,40,134,61,81,46,122,107"/><W36/><G117/><T118/><D118/><U133/><E70/><V110/><F106/><W8/><G122/><T114/><D114/><U123/><E123/><V135/><F68/><W124/><G134/><T92/><D63/><U20/><E105/><V50/><F35/><W42/><G107/><T5/><REACH who="0" step="1"/><D45/><REACH who="0" ten="233,240,214,303" step="2"/><U33/><E133/><V58/><F135/><W31/><G46/><T90/><D90/><U85/><E91/><V52/><F110/><W76/><G61/><T34/><D34/><U75/><E33/><V13/><F39/><W83/><G36/><T10/><AGARI ba="0,1" hai="5,10,14,25,29,32,44,51,53,87,88,92,96,99" machi="10" ten="30,4000,0" yaku="1,1,0,1,54,1,53,0" doraHai="97" doraHaiUra="17" who="0" fromWho="0" sc="233,50,240,-10,214,-10,303,-20" /><INIT seed="4,0,0,3,4,49" ten="283,230,204,283" oya="0" hai0="67,23,94,135,42,126,114,125,17,65,97,83,3" hai1="56,40,73,54,15,99,70,19,134,59,14,7,81" hai2="58,46,76,90,108,57,8,77,93,112,91,132,116" hai3="96,22,123,119,31,79,89,69,36,86,66,34,78"/><T133/><D3/><U111/><E111/><V26/><F108/><W6/><G119/><T41/><D83/><U120/><E134/><N who="0" m="51209" /><D114/><U24/><E70/><V20/><F132/><W105/><G22/><T60/><D42/><U92/><E40/><V61/><F112/><W72/><G6/><T80/><D80/><U53/><E120/><V9/><F46/><W51/><G36/><T12/><D41/><U5/><E73/><V2/><F58/><N who="1" m="22057" /><E81/><V118/><F2/><W75/><G86/><T50/><D50/><U16/><E7/><V109/><F109/><W85/><G89/><N who="2" m="33801" /><F93/><W28/><G85/><T32/><D32/><U33/><E33/><V25/><F77/><W101/><G123/><T129/><D129/><U64/><E5/><V13/><F76/><W128/><G128/><T48/><D48/><U84/><E84/><V121/><F121/><W104/><G51/><T124/><D60/><U107/><E107/><V127/><F118/><W37/><G34/><T88/><AGARI ba="0,0" hai="12,17,23,65,67,88,94,97,124,125,126" m="51209" machi="88" ten="40,7800,0" yaku="18,1,20,1,54,1" doraHai="49" who="0" fromWho="0" sc="283,78,230,-26,204,-26,283,-26" owari="361,46.1,204,-19.6,178,-32.2,257,5.7" /></mjloggm>