<mjloggm ver="2.3"><GO type="225" lobby="0"/><UN n0="%E3%81%B5%E3%81%98%E3%81%8B%E3%81%A4" n1="%E3%82%BC%E3%83%AB%E3%83%80%E3%81%AE%E4%BC%9D%E8%AA%AC" n2="%E6%A1%9C%E8%8A%B1%E9%96%83%E3%80%85" n3="%E3%83%9E%E3%83%AB%E3%83%9E%E3%83%AB%E3%81%A1%E3%82%83%E3%82%93" dan="16,18,16,16" rate="2186.99,2208.98,2143.16,2073.54" sx="M,M,M,M"/><TAIKYOKU oya="0"/><INIT seed="0,0,0,1,0,66" ten="250,250,250,250" oya="0" hai0="121,70,11,23,52,102,61,16,62,119,84,6,90" hai1="93,111,67,15,21,22,2,85,112,56,30,35,58" hai2="120,31,123,72,54,91,78,38,114,5,36,43,126" hai3="96,125,132,17,18,55,64,65,29,9,87,92,26"/><T24/><D121/><U133/><E2/><V95/><F114/><W100/><G132/><T105/><D119/><U79/><E133/><V98/><F126/><W129/><G125/><T10/><D105/><U45/><E111/><V88/><F31/><W103/><G129/><T50/><D102/><U99/><E35/><V104/><F91/><W82/><G100/><T94/><D70/><U48/><E112/><V80/><F104/><W46/><G17/><T109/><D109/><U3/><E3/><V68/><F68/><W63/><G29/><T71/><D71/><U101/><E15/><V81/><F81/><W8/><G8/><T83/><D83/><N who="1" m="47359" /><E67/><V41/><F5/><W19/><G19/><T74/><D74/><U32/><E32/><V51/><F41/><W7/><G7/><T128/><D128/><U14/><E14/><V135/><F43/><W124/><G124/><T106/><D106/><U116/><E116/><V117/><F117/><W57/><G46/><N who="0" m="27735" /><D6/><U40/><E22/><V75/><F75/><W27/><G9/><AGARI ba="0,0" hai="9,10,11,16,23,24,61,62,84,90,94" m="27735" machi="9" ten="30,5800,0" yaku="8,1,54,2" doraHai="66" who="0" fromWho="3" sc="250,58,250,0,250,0,250,-58" /><INIT seed="0,1,0,2,4,26" ten="308,250,250,192" oya="0" hai0="64,71,23,56,126,33,36,17,67,3,119,62,134" hai1="24,58,105,49,29,47,95,135,133,74,84,107,96" hai2="125,117,108,9,72,78,46,28,61,131,40,81,80" hai3="77,18,27,45,110,89,100,59,120,130,1,37,6"/><T87/><D119/><U55/><E74/><V22/><F117/><W25/><G110/><T42/><D126/><U16/><E84/><V132/><F108/><W44/><G130/><T111/><D3/><U69/><E69/><V57/><F131/><W122/><G100/><T2/><D2/><U66/><E66/><V41/><F125/><W76/><G59/><T21/><D33/><U8/><E47/><N who="3" m="17994" /><G37/><T12/><D134/><N who="1" m="51211" /><E8/><V121/><F121/><N who="3" m="46699" /><G18/><T118/><D42/><U20/><E16/><V65/><F132/><W127/><G127/><T51/><D36/><U88/><AGARI ba="1,0" hai="20,24,29,49,55,58,88,95,96,105,107" m="51211" machi="88" ten="30,4000,0" yaku="20,1,52,1,54,1" doraHai="26" who="1" fromWho="1" sc="308,-21,250,43,250,-11,192,-11" /><INIT seed="1,0,0,1,0,95" ten="287,293,239,181" oya="1" hai0="8,89,98,53,47,27,48,128,6,132,109,135,21" hai1="67,14,88,64,38,35,80,84,41,103,130,102,34" hai2="99,50,111,11,121,39,4,44,2,86,20,114,12" hai3="90,69,46,75,118,52,105,65,117,25,100,110,97"/><U119/><E119/><N who="3" m="45578" /><G110/><T66/><D109/><U85/><E130/><V113/><F111/><W5/><G75/><T7/><D128/><U120/><E120/><V45/><F121/><W107/><G90/><T62/><D89/><U81/><E41/><V3/><F86/><W0/><G25/><T28/><D98/><U61/><E38/><V125/><F125/><W94/><G65/><T16/><D28/><U74/><E74/><V10/><F20/><W33/><G69/><T15/><REACH who="0" step="1"/><D6/><REACH who="0" ten="277,293,239,181" step="2"/><U104/><E88/><V43/><F99/><W1/><G33/><T57/><AGARI ba="0,1" hai="7,8,15,16,21,27,47,48,53,57,62,66,132,135" machi="57" ten="30,7900,0" yaku="1,1,2,1,0,1,54,1,53,0" doraHai="95" doraHaiUra="108" who="0" fromWho="0" sc="277,89,293,-39,239,-20,181,-20" /><INIT seed="2,0,0,3,3,51" ten="366,254,219,161" oya="2" hai0="105,67,126,43,124,56,27,90,108,49,10,21,81" hai1="60,107,1,85,86,92,122,117,23,63,44,89,78" hai2="46,130,30,79,9,118,80,128,104,77,131,8,135" hai3="50,72,134,4,48,18,15,82,121,59,96,35,111"/><V17/><F118/><W39/><G121/><T14/><D105/><U112/><E107/><V64/><F135/><W133/><G39/><T37/><D37/><U2/><E112/><V123/><F123/><W33/><G4/><T41/><D108/><U55/><E122/><V25/><F104/><W76/><G96/><T95/><D81/><N who="1" m="47287" /><E1/><V32/><F64/><W70/><G70/><T0/><D0/><U101/><E2/><V12/><F46/><W116/><G111/><T54/><D67/><U57/><E117/><V19/><F80/><W31/><G31/><N who="0" m="17903" /><D126/><U94/><E23/><V69/><F69/><W29/><G29/><T75/><D75/><U127/><E44/><V62/><F62/><W26/><G26/><T16/><D124/><U3/><E3/><V99/><F99/><AGARI ba="0,0" hai="10,14,16,41,43,49,54,56,90,95,99" m="17903" machi="99" ten="30,3900,0" yaku="8,1,52,1,54,1" doraHai="51" who="0" fromWho="2" sc="366,39,254,0,219,-39,161,0" /><INIT seed="3,0,0,1,5,92" ten="405,254,180,161" oya="3" hai0="37,85,33,44,96,14,16,45,132,10,49,24,71" hai1="43,86,131,17,12,124,56,130,62,68,70,122,127" hai2="125,105,0,4,13,31,3,95,55,41,29,133,42" hai3="108,1,97,84,66,90,20,118,91,6,117,53,7"/><W63/><G108/><T35/><D71/><U79/><E122/><V46/><F105/><W50/><G1/><T60/><D60/><U30/><E30/><V15/><F125/><N who="1" m="48201" /><E43/><V58/><F133/><W111/><G111/><T27/><D85/><U107/><E107/><V106/><F106/><W9/><G118/><T81/><D24/><U8/><E79/><V103/><F4/><W19/><G117/><T89/><D49/><U135/><E86/><V78/><F78/><W123/><G123/><T98/><D81/><U100/><E100/><V88/><F103/><W39/><G39/><T73/><D16/><U129/><E135/><V11/><F42/><W5/><G9/><T59/><D44/><U26/><E26/><V40/><F46/><W25/><G84/><T36/><D59/><U102/><E102/><V65/><F31/><W101/><G63/><T47/><D73/><U57/><E57/><V83/><F29/><W67/><G91/><T74/><D10/><U128/><E128/><V134/><F134/><W2/><G90/><T99/><D89/><U115/><E115/><V18/><F83/><W21/><G21/><T109/><D109/><U54/><AGARI ba="0,0" hai="8,12,17,54,56,62,68,70,129,130,131" m="48201" machi="54" ten="40,2700,0" yaku="19,1,18,1" doraHai="92" who="1" fromWho="1" sc="405,-7,254,27,180,-7,161,-13" owari="398,49.8,281,8.1,173,-22.7,148,-35.2" /></mjloggm>