<mjloggm ver="2.3"><GO type="225" lobby="0"/><UN n0="%E7%89%B9%E6%9D%B1%E3%81%AF%E4%B8%96%E7%95%8C%E3%82%92%E6%95%91%E3%81%86" n1="%E4%B8%AD%E5%B9%B4%E3%81%AE%E5%8D%B1%E6%A9%9F" n2="%E3%81%82%E3%81%B9%E3%81%99%E3%81%91" n3="%E7%BD%AA%E5%88%91%E6%B3%95%E5%AE%9A%E4%B8%BB%E7%BE%A9" dan="16,16,16,16" rate="2123.85,2173.96,2082.70,2169.61" sx="M,M,M,M"/><TAIKYOKU oya="0"/><INIT seed="0,0,0,2,2,64" ten="250,250,250,250" oya="0" hai0="124,82,19,48,51,57,54,90,52,80,128,97,42" hai1="29,105,60,33,8,106,53,23,131,39,87,94,112" hai2="74,55,10,15,81,121,37,22,68,115,123,0,127" hai3="44,30,113,9,38,65,27,1,67,70,93,99,49"/><T7/><D128/><U16/><E131/><V12/><F115/><W83/><G113/><T5/><D124/><U116/><E112/><V24/><F37/><W118/><G38/><T114/><D114/><U119/><E39/><V14/><F127/><W3/><G118/><T50/><D42/><U117/><E33/><V129/><F129/><W130/><G130/><T26/><D97/><U91/><E29/><V28/><F68/><W75/><G75/><T88/><D26/><U59/><REACH who="1" step="1"/><E8/><REACH who="1" ten="250,240,250,250" step="2"/><V17/><F123/><W111/><G9/><T66/><D66/><U96/><E96/><V95/><F121/><W104/><G67/><T2/><D19/><U6/><E6/><N who="0" m="2057" /><D2/><U47/><E47/><V72/><F10/><W134/><G1/><T107/><D107/><U135/><E135/><V56/><F0/><W110/><G104/><T84/><D57/><U85/><E85/><AGARI ba="0,1" hai="48,50,51,52,54,80,82,84,85,88,90" m="2057" machi="85" ten="30,5800,0" yaku="8,1,54,2" doraHai="64" who="0" fromWho="1" sc="250,68,240,-58,250,0,250,0" /><INIT seed="0,1,0,0,1,109" ten="318,182,250,250" oya="0" hai0="50,116,21,56,49,75,19,103,134,119,71,32,34" hai1="82,24,108,129,33,36,127,47,94,99,39,58,105" hai2="102,70,31,91,76,26,17,85,4,69,42,84,120" hai3="95,65,123,22,78,87,124,135,63,121,25,8,62"/><T27/><D71/><U128/><E105/><V37/><F120/><N who="3" m="46155" /><G124/><T13/><D75/><U96/><E108/><V80/><F102/><W57/><G135/><T3/><D3/><U12/><E127/><V48/><F37/><W55/><G8/><T81/><D134/><U100/><E12/><V7/><F17/><W93/><G78/><T35/><D103/><U20/><E33/><V40/><F70/><N who="3" m="42295" /><G87/><T104/><D104/><U9/><E9/><V113/><F69/><W5/><G5/><T97/><D97/><U30/><E99/><V131/><F131/><N who="1" m="50249" /><E82/><N who="2" m="49559" /><F113/><W125/><G125/><T90/><D13/><U46/><E58/><V79/><F76/><W130/><G130/><T41/><D56/><U73/><E73/><V61/><F7/><W14/><G14/><T6/><D6/><U52/><E47/><V117/><F4/><W132/><G132/><T122/><D122/><U77/><E77/><V0/><F79/><W45/><G45/><T114/><D34/><U53/><E39/><V2/><F0/><W15/><G15/><T83/><D32/><U68/><E68/><V107/><F2/><W106/><G106/><T66/><D35/><U43/><AGARI ba="1,0" hai="20,24,30,36,43,46,52,53,94,96,100" m="50249" machi="43" ten="30,2000,0" yaku="19,1,54,1" doraHai="109" who="1" fromWho="1" sc="318,-11,182,23,250,-6,250,-6" /><INIT seed="1,0,0,2,5,104" ten="307,205,244,244" oya="1" hai0="120,3,123,121,24,48,64,71,89,6,55,100,125" hai1="103,56,105,26,79,69,12,118,96,37,13,87,0" hai2="116,36,129,73,57,45,101,102,44,32,16,10,114" hai3="23,54,41,131,59,46,85,74,90,66,42,25,35"/><U17/><E69/><V108/><F116/><W58/><G35/><T97/><D125/><U81/><E0/><V77/><F108/><W86/><G131/><T38/><D38/><U62/><E37/><V117/><F117/><W130/><G74/><T119/><D119/><U98/><E98/><V1/><F32/><W15/><G130/><T122/><D122/><U70/><E70/><V21/><F129/><W28/><G85/><T75/><D75/><U63/><E118/><V2/><F57/><W78/><G78/><T99/><D24/><U5/><E5/><N who="2" m="1327" /><F2/><W18/><G66/><T112/><D112/><U8/><E13/><N who="2" m="9359" /><F45/><W128/><G128/><T52/><D89/><U47/><E47/><V91/><F91/><W134/><G134/><T40/><D40/><U29/><REACH who="1" step="1"/><E56/><REACH who="1" ten="307,195,244,244" step="2"/><V127/><F114/><W106/><G46/><N who="0" m="27671" /><D71/><U65/><E65/><V88/><F127/><W30/><G59/><T20/><D64/><U33/><AGARI ba="0,1" hai="8,12,17,26,29,33,62,63,79,81,87,96,103,105" machi="33" ten="20,3900,0" yaku="1,1,0,1,7,1,53,0" doraHai="104" doraHaiUra="39" who="1" fromWho="1" sc="307,-13,195,49,244,-13,244,-13" /><INIT seed="1,1,0,4,5,42" ten="294,244,231,231" oya="1" hai0="19,68,5,51,62,58,40,122,72,71,46,12,85" hai1="115,123,86,75,35,84,18,116,15,106,67,65,101" hai2="70,20,97,1,88,104,4,77,128,52,25,14,135" hai3="120,0,98,22,38,21,103,27,61,36,34,110,112"/><U33/><E123/><V57/><F70/><W125/><G120/><T93/><D72/><U45/><E75/><V74/><F1/><W37/><G112/><T87/><D122/><U48/><E116/><V105/><F135/><W82/><G0/><T111/><D111/><U32/><E115/><V118/><F118/><W6/><G110/><T79/><D5/><U64/><E106/><V91/><F128/><W54/><G6/><T119/><D119/><U114/><E101/><V117/><F74/><W99/><G125/><T89/><D79/><U2/><E2/><V78/><F105/><W66/><G54/><T96/><D71/><U43/><REACH who="1" step="1"/><E114/><REACH who="1" ten="294,234,231,231" step="2"/><V7/><F104/><W132/><G103/><T107/><D107/><U13/><E13/><V130/><F117/><W90/><G132/><T50/><D68/><U11/><AGARI ba="1,1" hai="11,15,18,32,33,35,43,45,48,64,65,67,84,86" machi="11" ten="40,7800,0" yaku="1,1,0,1,52,1,53,0" doraHai="42" doraHaiUra="134" who="1" fromWho="1" sc="294,-27,234,91,231,-27,231,-27" /><INIT seed="1,2,0,4,5,12" ten="267,325,204,204" oya="1" hai0="122,95,89,20,103,21,110,134,22,23,5,46,133" hai1="2,43,132,49,98,29,18,45,92,105,33,9,36" hai2="17,34,4,109,99,38,118,50,73,112,81,135,77" hai3="116,16,78,66,115,37,58,69,1,96,87,51,47"/><U114/><E114/><V10/><F118/><W70/><G115/><T100/><D110/><U120/><E120/><V107/><F109/><W60/><G1/><T75/><D75/><U19/><E105/><V56/><F112/><W8/><G116/><T130/><D122/><U111/><E111/><V102/><F135/><N who="0" m="51722" /><D130/><U61/><E132/><V97/><F34/><W85/><G37/><T55/><D5/><U126/><E126/><V67/><F99/><W13/><G96/><N who="0" m="57455" /><D22/><U7/><E61/><V11/><F38/><W53/><REACH who="3" step="1"/><G78/><REACH who="3" ten="267,325,204,194" step="2"/><T91/><D91/><U28/><E36/><V83/><F77/><W84/><AGARI ba="2,1" hai="8,13,16,47,51,53,58,60,66,69,70,84,85,87" machi="84" ten="30,12000,2" yaku="1,1,2,1,0,1,52,1,54,1,53,1" doraHai="12" doraHaiUra="15" who="3" fromWho="3" sc="267,-32,325,-62,204,-32,194,136" /><INIT seed="2,0,0,1,1,72" ten="235,263,172,330" oya="2" hai0="55,4,128,95,65,33,106,134,62,49,100,15,77" hai1="110,122,83,89,48,42,53,23,3,69,56,113,67" hai2="41,38,36,103,90,24,121,119,133,60,30,34,76" hai3="52,28,75,84,126,135,58,79,97,14,105,47,130"/><V5/><F119/><W13/><G126/><T111/><D33/><U27/><E113/><V78/><F121/><W61/><G130/><T87/><D106/><U131/><E122/><V125/><F103/><W2/><G2/><T96/><D128/><U104/><E131/><V102/><F102/><W99/><G75/><T59/><D111/><U86/><E104/><V115/><F115/><W0/><G0/><T16/><D134/><U29/><E3/><V11/><F125/><W73/><G73/><T92/><D4/><U46/><E110/><V120/><F120/><W32/><G105/><T88/><D77/><N who="2" m="29802" /><F133/><W71/><G71/><T26/><D26/><U70/><REACH who="1" step="1"/><E67/><REACH who="1" ten="235,253,172,330" step="2"/><V116/><F116/><W6/><G135/><T124/><D124/><U37/><AGARI ba="0,1" hai="23,27,29,37,42,46,48,53,56,69,70,83,86,89" machi="37" ten="20,8000,1" yaku="1,1,2,1,0,1,7,1,53,1" doraHai="72" doraHaiUra="25" who="1" fromWho="1" sc="235,-20,253,90,172,-40,330,-20" /><INIT seed="3,0,0,5,2,15" ten="215,343,132,310" oya="3" hai0="127,6,5,63,91,120,17,11,87,134,50,30,114" hai1="44,80,27,41,110,128,25,26,95,133,101,88,99" hai2="2,12,82,117,76,24,112,65,111,10,116,81,51" hai3="13,93,67,14,33,130,47,100,46,43,4,59,48"/><W78/><G33/><T53/><D120/><U83/><E110/><V20/><F112/><W84/><G130/><T90/><D114/><U22/><E128/><V42/><F111/><W36/><G100/><T71/><D30/><U28/><E133/><V79/><F65/><W40/><G4/><T62/><D134/><U8/><E8/><V118/><F2/><W52/><G67/><T32/><D32/><U58/><E58/><V97/><F97/><W49/><REACH who="3" step="1"/><G93/><REACH who="3" ten="215,343,132,300" step="2"/><T23/><D6/><U70/><E70/><V21/><F118/><W135/><G135/><T57/><D71/><U96/><E83/><AGARI ba="0,1" hai="13,14,36,40,43,46,47,48,49,52,59,78,83,84" machi="83" ten="40,3900,0" yaku="1,1,54,1,53,0" doraHai="15" doraHaiUra="103" who="3" fromWho="1" sc="215,0,343,-39,132,0,300,49" owari="215,-18.5,304,10.4,132,-36.8,349,44.9" /></mjloggm>