<mjloggm ver="2.3"><GO type="225" lobby="0"/><UN n0="%E7%99%BD%E6%97%A5%E9%9B%AA%E8%8F%9C" n1="%E3%81%B5%E3%81%98%E3%81%8B%E3%81%A4" n2="%E3%81%BF%E3%81%BF%E3%81%9A" n3="%77%72%77%72%77%72%77%72" dan="17,16,17,17" rate="2222.22,2148.54,2271.08,2156.64" sx="M,M,M,M"/><TAIKYOKU oya="0"/><INIT seed="0,0,0,4,5,63" ten="250,250,250,250" oya="0" hai0="24,82,133,127,121,135,94,87,119,57,14,46,26" hai1="68,92,17,129,112,124,64,101,25,75,34,33,115" hai2="132,116,105,99,117,71,48,59,80,30,20,128,109" hai3="62,111,88,113,61,28,19,38,125,21,32,3,107"/><T83/><D119/><N who="2" m="45642" /><F71/><W47/><G113/><N who="1" m="43594" /><E75/><V110/><F128/><W12/><G107/><T76/><D121/><U72/><E129/><V43/><F132/><W78/><G111/><N who="2" m="42505" /><F80/><W23/><G3/><T85/><D127/><U1/><E1/><V42/><F30/><W8/><G78/><T35/><D94/><U131/><E131/><V36/><F20/><W22/><G125/><T54/><D46/><U79/><E124/><V95/><F105/><W134/><G134/><N who="0" m="51211" /><D35/><U41/><E41/><V74/><F74/><W102/><G32/><T66/><D14/><U70/><E79/><V45/><F59/><W49/><G28/><T6/><D26/><U103/><E72/><V37/><F43/><W40/><G102/><AGARI ba="0,0" hai="36,37,42,45,48,95,99,102" m="42505,45642" machi="102" ten="30,2000,0" yaku="12,1,14,1" doraHai="63" who="2" fromWho="3" sc="250,0,250,0,250,20,250,-20" /><INIT seed="1,0,0,5,4,58" ten="250,250,270,230" oya="1" hai0="88,75,56,51,61,84,80,23,70,115,117,60,24" hai1="36,55,35,28,53,87,96,127,90,81,133,114,9" hai2="40,25,83,86,120,44,64,69,2,105,33,26,47" hai3="89,49,17,1,32,19,27,109,50,85,12,7,126"/><U92/><E114/><V4/><F120/><W16/><G109/><T95/><D115/><U123/><E123/><V22/><F105/><W74/><G74/><T34/><D117/><U104/><E127/><V30/><F2/><W5/><G126/><T113/><D34/><U77/><E133/><V65/><F4/><N who="3" m="1611" /><G32/><T111/><D113/><U38/><E104/><V63/><F64/><W45/><G27/><T68/><D111/><U31/><E9/><V130/><F130/><W99/><G99/><N who="0" m="57831" /><D75/><U29/><REACH who="1" step="1"/><E35/><REACH who="1" ten="250,240,270,230" step="2"/><V18/><REACH who="2" step="1"/><F40/><REACH who="2" ten="250,240,260,230" step="2"/><N who="3" m="24743" /><G1/><T39/><D70/><U102/><E102/><V67/><F67/><W42/><G42/><T14/><D68/><U106/><E106/><V72/><F72/><W135/><G135/><T57/><D39/><AGARI ba="0,2" hai="28,29,31,36,38,39,53,55,77,81,87,90,92,96" machi="39" ten="40,2000,0" yaku="1,1,53,0" doraHai="58" doraHaiUra="15" who="1" fromWho="0" sc="250,-20,240,40,260,0,230,0" /><INIT seed="1,1,0,2,4,74" ten="230,280,260,230" oya="1" hai0="123,92,36,26,114,20,10,125,1,43,110,35,81" hai1="82,70,47,89,37,100,90,40,53,65,38,86,28" hai2="11,54,113,34,96,49,126,42,16,127,9,27,121" hai3="135,83,116,46,56,19,52,23,99,77,48,95,51"/><U68/><E100/><V45/><F121/><W107/><G135/><T88/><D114/><U5/><E28/><V60/><F113/><W134/><G134/><T71/><D71/><U104/><E104/><V85/><F96/><W62/><G116/><T109/><D35/><U31/><E31/><V32/><F85/><N who="3" m="48367" /><G107/><T63/><D125/><N who="2" m="47626" /><F27/><N who="3" m="14847" /><G46/><N who="0" m="23911" /><D123/><U133/><E37/><N who="2" m="21711" /><F60/><W91/><AGARI ba="1,0" hai="48,51,52,56,62,91,95,99" m="14847,48367" machi="91" ten="30,7900,0" yaku="25,1,8,1,52,1,54,1" doraHai="74" who="3" fromWho="3" sc="230,-21,280,-40,260,-21,230,82" /><INIT seed="2,0,0,0,4,64" ten="209,240,239,312" oya="2" hai0="8,109,104,43,78,107,111,115,65,54,17,125,135" hai1="40,39,117,129,113,55,105,22,12,90,114,122,89" hai2="9,99,133,134,58,44,51,66,73,96,48,47,57" hai3="53,3,68,124,28,49,27,33,7,45,46,30,62"/><V128/><F73/><W75/><G124/><T37/><D115/><U110/><E105/><V74/><F74/><W34/><G75/><T71/><D125/><U94/><E117/><V52/><F9/><W83/><G83/><T120/><D120/><U79/><E79/><V112/><F128/><W11/><G46/><N who="0" m="23919" /><D78/><U1/><E129/><V131/><F131/><W35/><REACH who="3" step="1"/><G27/><REACH who="3" ten="209,240,239,302" step="2"/><T72/><D72/><U31/><E114/><V85/><F112/><W119/><G119/><T95/><D111/><U126/><E113/><V29/><F44/><W97/><G97/><T63/><D109/><U60/><E110/><V108/><F108/><W87/><G87/><T19/><D135/><U70/><E126/><V116/><F85/><W42/><G42/><T69/><D107/><U50/><E40/><N who="2" m="24679" /><F116/><W2/><G2/><T98/><D104/><U103/><E1/><V76/><F76/><W21/><G21/><T41/><D41/><U118/><E22/><V4/><F134/><W100/><G100/><N who="0" m="60511" /><D8/><U6/><E118/><V13/><F133/><W25/><G25/><T127/><D127/><U16/><E122/><V102/><F102/><W91/><G91/><T26/><D26/><U32/><E103/><V24/><F24/><W20/><G20/><T88/><D88/><U56/><E90/><V80/><F80/><W10/><G10/><T121/><D121/><U61/><E89/><V38/><F29/><W59/><G59/><N who="0" m="35319" /><D71/><U23/><E70/><V93/><F93/><W101/><G101/><T92/><D92/><U0/><E94/><V36/><F99/><W84/><G84/><RYUUKYOKU ba="0,1" sc="209,15,240,-15,239,-15,302,15" hai0="17,19,65,69" hai3="3,7,11,28,30,33,34,35,45,49,53,62,68" /><INIT seed="3,1,1,1,3,7" ten="224,225,224,317" oya="3" hai0="28,36,13,38,83,56,45,111,59,88,26,42,25" hai1="61,16,17,47,113,106,58,18,117,11,64,24,27" hai2="98,104,126,107,86,128,105,62,109,78,34,31,33" hai3="99,93,108,19,50,52,70,116,90,97,134,102,135"/><W87/><G116/><T100/><D100/><U35/><E117/><V125/><F109/><W133/><G108/><T29/><D36/><U6/><E113/><V5/><F128/><W127/><G127/><N who="2" m="48649" /><F5/><W40/><G70/><T96/><D111/><U129/><E106/><N who="2" m="41067" /><F31/><W92/><G19/><T123/><D123/><U81/><E129/><V53/><N who="2" m="41075" /><V65/><DORA hai="91" /><F98/><N who="3" m="59719" /><G40/><T12/><D96/><U73/><E35/><V54/><F78/><W4/><G4/><T20/><D42/><U48/><E73/><V41/><F86/><W94/><G94/><T30/><D30/><U1/><REACH who="1" step="1"/><E81/><REACH who="1" ten="224,215,224,317" step="2"/><V3/><F3/><W119/><G119/><T69/><D83/><U32/><E32/><N who="2" m="12395" /><F41/><AGARI ba="1,2" hai="1,6,11,16,17,18,24,27,41,47,48,58,61,64" machi="41" ten="40,5200,0" yaku="1,1,52,1,54,1,53,0" doraHai="7,91" doraHaiUra="8,115" who="1" fromWho="2" sc="224,0,215,75,224,-55,317,0" owari="224,-17.6,290,9.0,169,-33.1,317,41.7" /></mjloggm>