<mjloggm ver="2.3"><GO type="225" lobby="0"/><UN n0="%E6%AB%BB%E4%BA%95%E5%A5%8F" n1="%4E%49%4A%49%49%52%4F" n2="%E3%81%BB%E3%81%86%E3%82%88%E3%81%86%E3%81%95%E3%81%8B%E3%81%AA" n3="%6D%75%75%6D%75%72%61" dan="17,17,16,17" rate="2210.13,2198.41,2110.64,2153.59" sx="M,M,M,F"/><TAIKYOKU oya="0"/><INIT seed="0,0,0,5,4,64" ten="250,250,250,250" oya="0" hai0="30,65,3,57,27,104,126,113,112,61,2,12,79" hai1="13,6,28,26,23,68,38,41,71,55,47,67,11" hai2="9,100,103,118,56,101,46,60,131,51,130,116,132" hai3="95,105,39,5,125,102,86,92,50,62,75,10,78"/><T74/><D104/><U15/><E67/><N who="2" m="39303" /><F9/><W16/><G39/><T121/><D121/><U107/><E107/><V66/><F66/><W128/><G128/><N who="2" m="49193" /><F132/><W108/><G108/><T33/><D126/><U114/><E114/><V90/><F90/><W98/><G125/><T48/><D2/><U110/><E110/><V29/><F29/><W127/><G127/><T54/><D3/><U94/><E55/><AGARI ba="0,0" hai="46,51,55,100,101,103,116,118" m="49193,39303" machi="55" ten="30,1000,0" yaku="19,1" doraHai="64" who="2" fromWho="1" sc="250,0,250,-10,250,10,250,0" /><INIT seed="1,0,0,3,3,33" ten="250,240,260,250" oya="1" hai0="59,26,113,50,35,89,55,105,79,8,75,34,78" hai1="109,30,68,69,58,111,27,1,119,52,57,15,47" hai2="76,65,3,125,16,124,134,92,11,95,101,12,2" hai3="132,84,81,0,83,135,112,110,107,32,90,121,104"/><U42/><E119/><V98/><F76/><W38/><G38/><T86/><D105/><U7/><E15/><V115/><F134/><N who="3" m="51243" /><G32/><T39/><D39/><U23/><E57/><V43/><F43/><W120/><G112/><T25/><D113/><U74/><E74/><V130/><F115/><W62/><G62/><T18/><D75/><U96/><E96/><N who="2" m="59527" /><F65/><W73/><G0/><T102/><D102/><U20/><E20/><V87/><F130/><W63/><G63/><T48/><D48/><N who="1" m="30983" /><E42/><V24/><F87/><N who="3" m="50543" /><G73/><T17/><D35/><U6/><E47/><V103/><F24/><N who="0" m="9322" /><D34/><U114/><E114/><V88/><F103/><W85/><G85/><T53/><D55/><U61/><E61/><V126/><AGARI ba="0,0" hai="2,3,11,12,16,88,95,98,124,125,126" m="59527" machi="126" ten="30,8000,1" yaku="18,1,52,2,54,2" doraHai="33" who="2" fromWho="2" sc="250,-20,240,-40,260,80,250,-20" /><INIT seed="2,0,0,5,3,36" ten="230,200,340,230" oya="2" hai0="119,91,82,17,89,81,51,123,35,103,74,12,99" hai1="54,48,68,133,127,104,67,132,70,22,39,27,92" hai2="73,118,109,57,102,3,129,8,110,13,56,55,52" hai3="37,34,115,49,46,24,71,76,80,23,4,40,98"/><V124/><F118/><W93/><G115/><T29/><D123/><U131/><E104/><V5/><F124/><W135/><G135/><N who="1" m="51786" /><E127/><V42/><F73/><W88/><G71/><N who="1" m="27178" /><E92/><V96/><F129/><W6/><G34/><T116/><D51/><U64/><E22/><V106/><F42/><W41/><G37/><T63/><D63/><U120/><E120/><V33/><F33/><W101/><G101/><T10/><D29/><U95/><E95/><V65/><F3/><W62/><G62/><T59/><D35/><U134/><N who="1" m="51794" /><U58/><DORA hai="11" /><E27/><V125/><F125/><W75/><REACH who="3" step="1"/><G40/><REACH who="3" ten="230,200,340,220" step="2"/><T78/><D119/><U69/><E39/><V53/><REACH who="2" step="1"/><F65/><REACH who="2" ten="230,200,330,220" step="2"/><N who="1" m="25161" /><E69/><V26/><F26/><W128/><G128/><AGARI ba="0,2" hai="48,54,58,128,131" m="25161,27178,51794" machi="128" ten="50,6400,0" yaku="20,1,34,2" doraHai="36,11" who="1" fromWho="3" sc="230,0,200,84,330,0,220,-64" /><INIT seed="3,0,0,4,0,75" ten="230,284,330,156" oya="3" hai0="40,57,126,127,86,46,90,36,134,55,41,28,11" hai1="108,26,17,14,3,81,37,117,97,23,51,92,131" hai2="58,124,73,38,78,60,59,33,114,64,112,122,66" hai3="7,85,104,95,56,110,115,102,82,63,130,29,84"/><W72/><G115/><T19/><D28/><U120/><E37/><V99/><F38/><W77/><G130/><T50/><D134/><U9/><E108/><V89/><F122/><W94/><G110/><T5/><D41/><U49/><E117/><V105/><F33/><W116/><G116/><T54/><D55/><U121/><E131/><V4/><F124/><W1/><G29/><T53/><D54/><U44/><E3/><V107/><F4/><W2/><G104/><T10/><D19/><U21/><E21/><V70/><F89/><W88/><G7/><T48/><D36/><U93/><E81/><V96/><F73/><W16/><G16/><T61/><D61/><U65/><E65/><V18/><F18/><W100/><G72/><T22/><D22/><U52/><E51/><V111/><F60/><W25/><G25/><T135/><D135/><U123/><REACH who="1" step="1"/><E97/><REACH who="1" ten="230,274,330,156" step="2"/><V71/><F111/><W0/><REACH who="3" step="1"/><G94/><REACH who="3" ten="230,274,330,146" step="2"/><N who="0" m="54615" /><D126/><U103/><E103/><V47/><F105/><W32/><G32/><T39/><D127/><U27/><E27/><V69/><F107/><W106/><G106/><T62/><D5/><AGARI ba="0,2" hai="5,9,14,17,23,26,44,49,52,92,93,120,121,123" machi="5" ten="40,2600,0" yaku="1,1,54,1,53,0" doraHai="75" doraHaiUra="87" who="1" fromWho="0" sc="230,-26,274,46,330,0,146,0" owari="204,-19.6,320,12.0,330,43.0,146,-35.4" /></mjloggm>