<mjloggm ver="2.3"><GO type="225" lobby="0"/><UN n0="%E6%B8%A9%E2%98%85%E6%83%85%E2%98%85%E6%8E%AA%E2%98%85%E7%BD%AE" n1="%E5%B5%90%E9%9B%B2%E3%81%AE%E3%82%AB%E3%83%A9%E3%82%B9" n2="%E5%B0%8F%E9%B3%A5%E9%81%8A%E7%B7%B4%E7%84%A1%32%31%E6%AD%B3" n3="%E3%81%86%E3%81%A9%E3%82%93%E3%81%93" dan="17,16,16,16" rate="2198.83,2088.32,2171.94,2183.24" sx="M,F,F,M"/><TAIKYOKU oya="0"/><INIT seed="0,0,0,1,2,122" ten="250,250,250,250" oya="0" hai0="62,110,60,134,77,118,81,70,7,58,101,39,93" hai1="24,94,120,98,131,42,3,40,79,21,132,83,87" hai2="125,38,124,116,10,95,25,0,15,46,32,64,126" hai3="76,1,6,13,75,26,49,82,16,73,123,56,96"/><T85/><D118/><U68/><E68/><V20/><F116/><W117/><G117/><T109/><D134/><U35/><E3/><V14/><F64/><W23/><G123/><T44/><D7/><U100/><E132/><V30/><F95/><W97/><G75/><T107/><D107/><U47/><E35/><V127/><F46/><W18/><G1/><T57/><D70/><U111/><E120/><V119/><F38/><W59/><G6/><T34/><D34/><U115/><E115/><V105/><F105/><W112/><G112/><T90/><D101/><U99/><E99/><V50/><F50/><W31/><G18/><T43/><D62/><U106/><E131/><V2/><N who="2" m="31744" /><DORA hai="66" /><V12/><F119/><W91/><G91/><T41/><D43/><U54/><E106/><V88/><F88/><W102/><G102/><T86/><REACH who="0" step="1"/><D58/><REACH who="0" ten="240,250,250,250" step="2"/><U37/><E40/><V22/><F0/><W17/><G59/><T135/><D135/><U71/><E71/><V61/><F61/><W74/><G56/><T48/><D48/><U52/><REACH who="1" step="1"/><E111/><REACH who="1" ten="240,240,250,250" step="2"/><V29/><F2/><W69/><G69/><T89/><D89/><U55/><E55/><AGARI ba="0,2" hai="39,41,44,55,57,60,77,81,85,86,90,93,109,110" machi="55" ten="40,7700,0" yaku="1,1,52,2,53,0" doraHai="122,66" doraHaiUra="28,128" who="0" fromWho="1" sc="240,97,240,-77,250,0,250,0" /><INIT seed="0,1,0,2,1,29" ten="337,163,250,250" oya="0" hai0="133,54,46,12,37,68,88,119,70,10,44,62,32" hai1="71,127,75,94,0,84,19,124,108,101,15,22,39" hai2="87,121,36,13,100,96,118,107,14,65,9,64,128" hai3="34,92,104,93,21,66,72,134,7,67,59,113,81"/><T40/><D119/><U106/><E75/><V69/><F121/><W50/><G104/><T28/><D133/><U47/><E0/><V115/><F115/><W109/><G113/><T91/><D28/><U61/><E108/><V48/><F36/><W99/><G109/><T63/><D32/><U42/><E106/><V123/><F128/><W95/><G134/><T111/><D111/><U112/><E112/><V53/><F123/><W6/><G34/><T79/><D79/><U4/><E4/><V17/><F118/><W33/><G33/><T86/><D91/><U49/><E71/><V56/><F69/><W18/><G99/><T116/><D116/><U16/><E61/><V52/><F87/><W78/><G50/><T80/><D63/><U8/><E39/><V114/><F114/><W5/><REACH who="3" step="1"/><G59/><REACH who="3" ten="337,163,250,240" step="2"/><T11/><D68/><U97/><REACH who="1" step="1"/><E84/><REACH who="1" ten="337,153,250,240" step="2"/><V3/><F107/><W122/><G122/><T43/><D70/><U25/><AGARI ba="1,2" hai="8,15,16,19,22,25,42,47,49,94,97,101,124,127" machi="25" ten="30,7900,0" yaku="1,1,2,1,0,1,54,1,53,0" doraHai="29" doraHaiUra="103" who="1" fromWho="1" sc="337,-40,153,102,250,-21,240,-21" /><INIT seed="1,0,0,2,0,118" ten="297,255,229,219" oya="1" hai0="104,56,28,128,36,135,52,105,38,95,70,62,22" hai1="2,81,86,116,41,72,102,103,29,94,5,124,7" hai2="35,121,3,101,114,88,57,65,87,21,66,96,68" hai3="63,23,115,49,30,37,61,112,54,93,80,40,45"/><U120/><E116/><V51/><F35/><W117/><G117/><T20/><D70/><U126/><E72/><V100/><F3/><W69/><G80/><T6/><D6/><U78/><E41/><V1/><F1/><W39/><G93/><T99/><D135/><U11/><E7/><V106/><F101/><N who="1" m="38409" /><E29/><V27/><F121/><W108/><G30/><T67/><D128/><U132/><E132/><V46/><F68/><W75/><G23/><T98/><D28/><U58/><E58/><V130/><F57/><N who="3" m="34999" /><G75/><T64/><D56/><U110/><E94/><V24/><F130/><W59/><G69/><T127/><D95/><U90/><E90/><V83/><F114/><N who="3" m="43563" /><G108/><T43/><D62/><U33/><E33/><V92/><F106/><W25/><G25/><N who="2" m="9801" /><F21/><W97/><G97/><T19/><D19/><U12/><E110/><V42/><AGARI ba="0,0" hai="42,46,51,65,66,83,87,88,92,96,100" m="9801" machi="42" ten="30,2000,0" yaku="8,1,54,1" doraHai="118" who="2" fromWho="2" sc="297,-5,255,-10,229,20,219,-5" /><INIT seed="2,0,0,1,3,40" ten="292,245,249,214" oya="2" hai0="134,14,1,115,67,20,124,110,44,37,77,10,6" hai1="113,126,114,109,36,83,103,105,8,89,127,39,129" hai2="65,98,94,93,5,69,116,33,87,43,99,120,130" hai3="79,61,84,73,70,34,2,42,38,122,106,3,104"/><V80/><F120/><W59/><G84/><T52/><D115/><U117/><E8/><V97/><F33/><W133/><G59/><T108/><D134/><U60/><E60/><V86/><F5/><W88/><G88/><T71/><D124/><N who="1" m="47659" /><E117/><V131/><F65/><N who="3" m="41263" /><G133/><T92/><D77/><U11/><E11/><V12/><F12/><W41/><G41/><N who="0" m="22575" /><D92/><N who="2" m="35434" /><F43/><W95/><G95/><T66/><D71/><U7/><E7/><V21/><F21/><W22/><G22/><T18/><D52/><U78/><E109/><AGARI ba="0,0" hai="1,6,10,14,18,20,66,67,108,109,110" m="22575" machi="109" ten="30,2000,0" yaku="14,1,52,1" doraHai="40" who="0" fromWho="1" sc="292,20,245,-20,249,0,214,0" /><INIT seed="3,0,0,5,5,45" ten="312,225,249,214" oya="3" hai0="58,22,10,35,25,90,17,57,0,130,115,135,82" hai1="53,52,117,127,67,14,86,128,109,132,110,16,134" hai2="83,95,24,59,89,40,133,102,65,38,94,28,111" hai3="19,76,30,33,12,126,55,42,98,106,71,8,93"/><W36/><G126/><T131/><D135/><N who="1" m="51755" /><E127/><V70/><F70/><W99/><G71/><T104/><D104/><U91/><E67/><V125/><F111/><N who="1" m="42505" /><E128/><N who="0" m="49193" /><D115/><U113/><E117/><V68/><F68/><W7/><G76/><T97/><D35/><U41/><E41/><V116/><F40/><W85/><G85/><N who="0" m="50487" /><D97/><U84/><E84/><V51/><F38/><W88/><G55/><T129/><D129/><U124/><E113/><V37/><F37/><W31/><G33/><T34/><D34/><U32/><E32/><V69/><F116/><W50/><G36/><T119/><D119/><U63/><E63/><V11/><F125/><W20/><G99/><T87/><D87/><U81/><E124/><V120/><F69/><W101/><G101/><T103/><D103/><U27/><E27/><V105/><F24/><N who="3" m="14367" /><G106/><T46/><D46/><AGARI ba="0,0" hai="7,8,12,30,31,42,46,50,88,93,98" m="14367" machi="46" ten="30,5800,0" yaku="8,1,52,1,54,1" doraHai="45" who="3" fromWho="0" sc="312,-58,225,0,249,0,214,58" /><INIT seed="3,1,0,1,3,49" ten="254,225,249,272" oya="3" hai0="85,65,36,88,109,10,113,62,95,93,11,86,116" hai1="115,46,6,111,100,47,99,90,87,70,67,1,52" hai2="118,121,131,94,64,112,117,120,8,20,0,126,31" hai3="54,74,21,119,27,69,34,82,103,101,134,63,26"/><W30/><G119/><N who="2" m="45577" /><F64/><W2/><G2/><T132/><D116/><U125/><E115/><V4/><F94/><W57/><G69/><T9/><D36/><U114/><E114/><V42/><F42/><W89/><G134/><T122/><D113/><U104/><E111/><V23/><F112/><W15/><G15/><T59/><D109/><U53/><E125/><V133/><F133/><W40/><G40/><T17/><D132/><U124/><E124/><V39/><F39/><W19/><REACH who="3" step="1"/><G89/><REACH who="3" ten="254,225,249,262" step="2"/><N who="0" m="53423" /><D122/><U130/><E1/><V24/><F126/><W58/><G58/><T97/><D97/><U129/><E6/><V105/><F121/><W51/><G51/><T14/><AGARI ba="1,1" hai="9,10,11,14,17,59,62,65,86,88,95" m="53423" machi="14" ten="30,2000,0" yaku="8,1,54,1" doraHai="49" who="0" fromWho="0" sc="254,33,225,-6,249,-6,262,-11" /><INIT seed="4,0,0,3,1,126" ten="287,219,243,251" oya="0" hai0="1,51,36,21,48,109,44,17,95,22,46,50,90" hai1="106,84,125,81,10,57,114,56,59,67,63,105,66" hai2="58,128,88,28,53,107,25,61,127,37,110,75,92" hai3="103,97,8,86,77,49,101,133,115,74,135,100,64"/><T14/><D109/><U85/><E125/><V122/><F122/><W96/><G64/><N who="1" m="24618" /><E63/><V112/><F112/><W80/><G8/><N who="0" m="6343" /><D1/><U9/><E81/><V87/><F110/><W113/><G49/><N who="0" m="19051" /><D36/><U91/><E91/><V98/><F75/><W132/><G74/><T111/><D111/><U12/><E12/><V13/><F37/><W82/><G82/><T7/><D7/><U26/><E26/><V118/><F118/><W83/><G83/><T19/><D19/><U2/><E2/><V3/><F3/><W72/><G72/><T73/><D73/><U123/><E123/><V62/><F13/><W29/><G29/><T119/><D119/><U33/><E33/><V34/><F127/><W129/><G129/><T23/><D51/><U130/><E114/><AGARI ba="0,0" hai="77,80,86,96,97,100,101,103,113,114,115,132,133,135" machi="114" ten="50,8000,1" yaku="15,1,20,1,34,3" doraHai="126" who="3" fromWho="1" sc="287,0,219,-80,243,0,251,80" owari="287,8.7,139,-36.1,243,-15.7,331,43.1" /></mjloggm>