<mjloggm ver="2.3"><GO type="225" lobby="0"/><UN n0="%E8%B6%85%E7%B4%9A%E9%B3%B3%E5%87%B0" n1="%61%6D%65%6B%69" n2="%E3%83%97%E3%83%AC%E3%83%B4%E3%82%A1%E3%83%86%E3%82%A3" n3="%6D%75%75%6D%75%72%61" dan="16,16,16,16" rate="2149.89,2099.13,2135.80,2132.14" sx="M,M,F,F"/><TAIKYOKU oya="0"/><INIT seed="0,0,0,5,2,107" ten="250,250,250,250" oya="0" hai0="87,47,126,67,54,75,58,97,15,69,76,45,12" hai1="24,1,100,96,113,42,95,119,60,49,30,62,128" hai2="127,86,21,124,103,109,64,120,105,16,32,46,28" hai3="83,13,11,51,115,20,41,55,77,85,74,7,48"/><T38/><D126/><N who="2" m="48170" /><F120/><W112/><G41/><T6/><D87/><U117/><E1/><V40/><F109/><W122/><G122/><T130/><D130/><U53/><E128/><V17/><F86/><W72/><G20/><T132/><D132/><U35/><E113/><V78/><F78/><W106/><G106/><T125/><D125/><U118/><REACH who="1" step="1"/><E42/><REACH who="1" ten="250,240,250,250" step="2"/><V19/><F64/><W52/><G112/><T14/><D67/><U31/><E31/><V56/><F28/><W4/><G115/><T73/><D54/><U79/><E79/><V70/><F70/><W81/><G4/><T129/><D6/><U23/><E23/><V44/><F32/><W9/><G55/><T8/><D69/><U93/><E93/><V2/><F2/><W50/><G52/><T71/><D71/><U131/><E131/><V102/><F105/><W94/><G9/><T36/><D129/><U111/><E111/><V34/><F34/><W80/><REACH who="3" step="1"/><G77/><REACH who="3" ten="250,240,250,240" step="2"/><T63/><D76/><U66/><E66/><V26/><F40/><W10/><G10/><T43/><D8/><U114/><E114/><V59/><F21/><W110/><G110/><T133/><D43/><U37/><E37/><V99/><F26/><W123/><G123/><T91/><D38/><U101/><E101/><V108/><F108/><W89/><AGARI ba="0,2" hai="7,11,13,48,50,51,72,74,80,81,83,85,89,94" machi="89" ten="40,8000,1" yaku="1,1,0,1,52,2,53,0" doraHai="107" doraHaiUra="135" who="3" fromWho="3" sc="250,-40,240,-20,250,-20,240,100" /><INIT seed="1,0,0,2,1,127" ten="210,220,230,340" oya="1" hai0="68,47,8,135,83,104,111,134,4,56,11,84,43" hai1="123,91,120,85,15,38,71,122,110,113,90,116,70" hai2="21,114,12,14,126,115,117,102,7,0,66,52,80" hai3="40,5,107,13,87,45,39,53,33,131,48,6,112"/><U46/><E116/><V22/><F117/><W106/><G112/><N who="2" m="43049" /><F102/><W73/><G73/><T105/><D68/><U76/><E113/><V34/><F66/><W44/><G33/><T30/><D111/><U59/><E110/><V99/><F99/><W19/><G131/><T124/><D124/><U25/><E71/><V109/><F126/><W77/><G77/><T118/><D118/><U23/><E70/><V1/><F109/><W108/><G87/><T51/><D30/><U35/><E35/><V42/><F42/><W119/><G108/><T26/><D26/><U81/><E15/><N who="2" m="5675" /><F34/><W32/><G32/><T98/><D56/><U9/><E9/><V17/><F80/><W61/><G61/><T64/><D64/><U128/><E59/><V129/><F52/><W50/><G39/><T62/><D62/><U89/><E38/><V78/><F78/><W67/><G67/><T55/><D55/><U49/><E49/><V86/><F86/><W100/><G119/><T28/><D98/><U2/><E46/><V95/><F95/><W92/><G92/><T60/><D84/><U57/><E57/><V18/><F7/><W36/><G36/><T94/><D94/><U75/><E85/><V74/><F74/><W133/><G100/><T97/><D83/><U63/><E63/><V24/><F129/><W29/><G5/><T41/><D4/><U130/><REACH who="1" step="1"/><E2/><REACH who="1" ten="210,210,230,340" step="2"/><N who="2" m="1131" /><F24/><W121/><G45/><T103/><D47/><U58/><E58/><V37/><F37/><W96/><G50/><T72/><D51/><U82/><E82/><V10/><F10/><W27/><G44/><RYUUKYOKU ba="0,1" sc="210,-15,210,15,230,15,340,-15" hai1="23,25,75,76,81,89,90,91,120,122,123,128,130" hai2="17,18,21,22" /><INIT seed="1,1,1,2,5,7" ten="195,225,245,325" oya="1" hai0="45,88,73,56,126,55,4,115,120,23,78,15,36" hai1="103,10,17,48,76,42,135,59,0,75,49,72,64" hai2="68,26,125,122,35,84,24,87,50,123,99,112,98" hai3="100,11,116,27,77,3,129,102,61,92,31,65,104"/><U114/><E114/><V54/><F68/><W57/><G104/><T22/><D115/><U85/><E135/><V96/><F112/><W67/><G129/><T107/><D107/><U71/><E71/><V91/><F125/><W117/><G77/><T74/><D126/><U53/><E64/><V12/><F35/><W44/><G67/><T110/><D110/><U33/><E33/><V63/><F63/><W111/><G111/><T79/><D120/><U58/><E103/><V13/><F91/><W38/><G44/><T105/><D105/><U134/><E134/><V106/><F106/><W5/><G38/><T21/><D36/><U34/><E34/><V121/><F54/><W37/><G37/><T89/><D45/><N who="1" m="25655" /><E0/><V95/><F95/><W32/><REACH who="3" step="1"/><G100/><REACH who="3" ten="195,225,245,315" step="2"/><T2/><D74/><U46/><E75/><V47/><F47/><W109/><G109/><T39/><D73/><U8/><E72/><V69/><F69/><W20/><G20/><T124/><D39/><U83/><E17/><V128/><F128/><W40/><G40/><T28/><D124/><U60/><E59/><V81/><F50/><W62/><G62/><N who="0" m="36127" /><D28/><U1/><E1/><V18/><F18/><W43/><G43/><T14/><D2/><U132/><E132/><V119/><F119/><W82/><G82/><T16/><D16/><U118/><E118/><V19/><F19/><W29/><G29/><T130/><D130/><U113/><E113/><V101/><F81/><W127/><G127/><T90/><D14/><N who="2" m="5738" /><F101/><W9/><G9/><AGARI ba="1,2" hai="4,9,15,21,22,23,78,79,88,89,90" m="36127" machi="9" ten="30,3900,0" yaku="8,1,52,1,54,1" doraHai="7" who="0" fromWho="3" sc="195,62,225,0,245,0,315,-42" /><INIT seed="2,0,0,0,4,92" ten="257,225,245,273" oya="2" hai0="13,72,88,35,90,134,115,44,40,39,67,30,69" hai1="111,86,71,87,14,101,95,48,26,19,116,125,98" hai2="133,51,104,105,120,17,85,16,106,102,50,119,22" hai3="27,77,58,18,126,103,23,56,113,46,11,31,25"/><V47/><F120/><W117/><G117/><T38/><D115/><U99/><E71/><V63/><F119/><W121/><G121/><T68/><D72/><U33/><E116/><V107/><F133/><W52/><G113/><T34/><D134/><U37/><E37/><V28/><F63/><W83/><G126/><T84/><D13/><U36/><E36/><V41/><F85/><W76/><G103/><T123/><D123/><U42/><E111/><V89/><F89/><W24/><G11/><T91/><D38/><U97/><E26/><N who="3" m="10346" /><G31/><T132/><D132/><U65/><E33/><V81/><F81/><W93/><G93/><T108/><D108/><U62/><E125/><V112/><F112/><W74/><G74/><T43/><D30/><U64/><E87/><V114/><F114/><W59/><G83/><T9/><D9/><N who="1" m="6607" /><E62/><V118/><F118/><W109/><G109/><T122/><D122/><U110/><E110/><V129/><F129/><W131/><G131/><T79/><D68/><U49/><E49/><AGARI ba="0,0" hai="18,23,27,46,49,52,56,58,59,76,77" m="10346" machi="49" ten="30,2000,0" yaku="8,1,54,1" doraHai="92" who="3" fromWho="1" sc="257,0,225,-20,245,0,273,20" /><INIT seed="3,0,0,1,2,47" ten="257,205,245,293" oya="3" hai0="81,1,111,6,113,22,72,127,78,108,86,13,123" hai1="7,0,97,33,34,11,84,65,60,103,39,67,2" hai2="80,125,99,110,16,105,128,15,25,17,135,71,36" hai3="23,38,119,120,87,77,73,55,41,18,91,62,83"/><W69/><G119/><T21/><D123/><U92/><E39/><V52/><F71/><W37/><G120/><T49/><D127/><U32/><E2/><V20/><F36/><W131/><G131/><T42/><D113/><U66/><REACH who="1" step="1"/><E84/><REACH who="1" ten="257,195,245,293" step="2"/><V31/><F125/><W64/><G38/><T121/><D1/><U9/><E9/><V51/><F128/><W5/><G37/><T100/><D86/><U12/><E12/><V132/><F110/><W45/><G87/><T89/><D111/><U19/><E19/><V57/><F80/><W124/><G18/><T126/><D108/><U93/><E93/><V10/><F105/><W40/><G83/><T29/><D126/><U85/><E85/><V43/><F43/><W94/><G40/><T122/><D122/><U96/><E96/><V30/><F99/><W59/><G41/><T74/><D121/><U35/><N who="1" m="8192" /><DORA hai="75" /><U53/><E53/><V28/><AGARI ba="0,1" hai="10,15,16,17,20,25,28,30,31,51,52,57,132,135" machi="28" ten="30,7900,0" yaku="0,1,52,1,54,2" doraHai="47,75" who="2" fromWho="2" sc="257,-20,195,-20,245,89,293,-39" owari="237,-16.3,175,-32.5,334,43.4,254,5.4" /></mjloggm>