<mjloggm ver="2.3"><GO type="225" lobby="0"/><UN n0="%E3%80%93%E3%81%97%E3%83%BC%E3%82%89%E3%80%93" n1="%E3%81%BF%E3%81%BF%E3%81%9A" n2="%52%61%69%61%6E%2E" n3="%E5%A4%9C%E5%85%89%E5%A4%A9%E6%A5%BC" dan="16,18,16,17" rate="2139.47,2255.56,2030.30,2160.08" sx="M,M,M,M"/><TAIKYOKU oya="0"/><INIT seed="0,0,0,4,1,7" ten="250,250,250,250" oya="0" hai0="0,50,107,116,48,5,96,88,47,66,108,62,10" hai1="117,60,3,24,43,127,73,8,30,120,97,105,15" hai2="111,114,82,85,12,13,21,126,11,45,87,42,34" hai3="112,54,65,74,40,83,89,106,18,57,64,125,133"/><T113/><D113/><U119/><E120/><V16/><F114/><W81/><G112/><T1/><D116/><U33/><E73/><V78/><F34/><W123/><G123/><T37/><D108/><U36/><E127/><V121/><F121/><W35/><G125/><T84/><D0/><U17/><E36/><V14/><F126/><W67/><G35/><T77/><D77/><U131/><E43/><V134/><F134/><W98/><G74/><T128/><D128/><U94/><E131/><V100/><F111/><W129/><G40/><T46/><D37/><U130/><E130/><V72/><F100/><W122/><G133/><T6/><D6/><U69/><E3/><V61/><F61/><N who="3" m="36023" /><G106/><T92/><D107/><U20/><E105/><V38/><REACH who="2" step="1"/><F13/><REACH who="2" ten="250,250,240,250" step="2"/><W49/><G129/><T75/><D62/><U91/><REACH who="1" step="1"/><E33/><REACH who="1" ten="250,240,240,250" step="2"/><V25/><F25/><W110/><G122/><T2/><D1/><U101/><E101/><V132/><F132/><W29/><G110/><T41/><D2/><U76/><E76/><V90/><F90/><W104/><G89/><T28/><D88/><U22/><E22/><V55/><F55/><W59/><G67/><AGARI ba="0,2" hai="8,15,17,20,24,30,60,67,69,91,94,97,117,119" machi="67" ten="40,2600,0" yaku="1,1,52,1,53,0" doraHai="7" doraHaiUra="32" who="1" fromWho="3" sc="250,0,240,46,240,0,250,-26" /><INIT seed="1,0,0,3,3,78" ten="250,286,240,224" oya="1" hai0="8,116,124,105,93,71,16,76,46,73,27,110,100" hai1="129,95,106,59,60,33,128,3,92,56,70,39,62" hai2="6,74,43,61,115,29,31,28,32,69,37,98,64" hai3="14,58,103,123,17,41,48,7,12,63,34,77,112"/><U38/><E106/><V109/><F109/><W75/><G123/><T132/><D71/><U119/><E3/><V50/><F115/><W127/><G112/><T90/><D110/><U111/><E111/><V19/><F6/><W79/><G34/><T88/><D116/><U118/><E70/><V126/><F126/><W97/><G127/><T83/><D124/><U21/><REACH who="1" step="1"/><E21/><REACH who="1" ten="250,276,240,224" step="2"/><V11/><F32/><AGARI ba="0,1" hai="32,33,38,39,56,59,60,62,92,95,118,119,128,129" machi="32" ten="25,9600,0" yaku="1,1,2,1,22,2,53,0" doraHai="78" doraHaiUra="120" who="1" fromWho="2" sc="250,0,276,106,240,-96,224,0" /><INIT seed="1,1,0,3,1,2" ten="250,382,144,224" oya="1" hai0="67,115,119,132,82,49,37,21,8,122,107,123,16" hai1="19,17,51,45,42,120,32,100,50,125,95,65,24" hai2="86,117,128,79,73,10,52,96,75,78,80,22,101" hai3="40,4,103,66,7,39,27,71,98,112,94,31,114"/><U81/><E120/><N who="0" m="46121" /><D37/><U106/><E106/><V113/><F117/><W69/><G40/><T68/><D107/><U47/><E125/><V14/><F128/><W55/><G39/><T9/><D119/><U135/><E135/><V131/><F131/><W23/><G55/><T91/><D132/><U5/><E65/><V46/><F113/><W59/><G59/><T116/><D116/><U83/><E5/><V44/><F22/><W0/><G0/><T124/><D124/><U36/><E36/><V61/><F73/><W6/><REACH who="3" step="1"/><G66/><REACH who="3" ten="250,382,144,214" step="2"/><T58/><D67/><U56/><E56/><V134/><F134/><W63/><G63/><T104/><D58/><U35/><E42/><V87/><F61/><W29/><G29/><T11/><D49/><U60/><E60/><V88/><F52/><W76/><G76/><T84/><D115/><AGARI ba="1,1" hai="4,6,7,23,27,31,69,71,94,98,103,112,114,115" machi="115" ten="40,8000,1" yaku="1,1,52,3,53,1" doraHai="2" doraHaiUra="93" who="3" fromWho="0" sc="250,-83,382,0,144,0,214,93" /><INIT seed="2,0,0,1,5,127" ten="167,382,144,307" oya="2" hai0="29,27,110,69,76,73,37,6,30,70,88,93,94" hai1="15,132,64,0,60,103,119,38,135,56,129,122,124" hai2="8,55,41,120,116,21,81,68,134,52,23,130,9" hai3="45,20,53,133,26,113,35,108,106,80,82,125,121"/><V40/><F116/><W128/><G121/><T90/><D110/><U87/><E0/><V13/><F68/><W22/><G108/><T16/><D37/><U54/><E119/><V5/><F120/><W79/><G106/><T18/><D6/><U100/><E122/><V19/><F134/><N who="1" m="51241" /><E124/><V39/><F81/><W57/><G125/><T117/><D76/><U36/><E129/><V12/><F130/><W2/><G2/><T71/><D27/><U111/><E111/><V31/><F31/><N who="0" m="11786" /><D73/><U78/><E15/><V63/><F39/><N who="1" m="14889" /><E64/><V101/><F101/><W48/><G35/><T96/><D117/><U118/><E118/><V49/><F63/><W131/><G113/><T65/><D65/><U24/><E24/><V44/><REACH who="2" step="1"/><F55/><REACH who="2" ten="167,382,134,307" step="2"/><W47/><G82/><AGARI ba="0,1" hai="54,56,60,78,82,87,100,103" m="14889,51241" machi="82" ten="30,1000,0" yaku="20,1" doraHai="127" who="1" fromWho="3" sc="167,0,382,20,134,0,307,-10" /><INIT seed="3,0,0,5,5,36" ten="167,402,134,297" oya="3" hai0="58,108,90,9,12,25,37,85,62,2,96,43,93" hai1="124,132,1,65,35,31,92,135,72,55,63,112,109" hai2="82,107,11,104,4,133,44,111,10,69,123,68,105" hai3="71,76,0,66,98,24,18,110,86,97,113,130,51"/><W13/><G113/><T29/><D2/><U116/><E112/><V114/><F114/><W103/><G0/><T127/><D127/><U99/><E109/><V120/><F111/><W15/><G130/><T100/><D108/><U8/><E124/><V79/><F133/><N who="1" m="51273" /><E72/><V73/><F44/><W121/><G121/><T3/><D3/><U46/><E116/><V26/><F26/><W88/><G110/><T125/><D43/><U117/><E117/><V53/><F53/><W16/><G76/><T48/><D48/><N who="1" m="29079" /><E1/><N who="2" m="271" /><F11/><N who="3" m="6207" /><G103/><T74/><D74/><U14/><E31/><V19/><F19/><W134/><G134/><T47/><D37/><U42/><E42/><V40/><F40/><W21/><G71/><T94/><D125/><U30/><E30/><V38/><F38/><W32/><G32/><T6/><D47/><U34/><E14/><V87/><F87/><W50/><G66/><N who="0" m="39255" /><D29/><U5/><E8/><V17/><F17/><W20/><G15/><T95/><D25/><U49/><E49/><N who="3" m="18442" /><G21/><T81/><AGARI ba="0,0" hai="6,9,12,81,85,90,93,94,95,96,100" m="39255" machi="81" ten="30,1100,0" yaku="8,1" doraHai="36" who="0" fromWho="0" sc="167,11,402,-3,134,-3,297,-5" owari="178,-22.2,399,49.9,131,-36.9,292,9.2" /></mjloggm>