<mjloggm ver="2.3"><GO type="225" lobby="0"/><UN n0="%E3%82%BC%E3%83%AB%E3%83%80%E3%81%AE%E4%BC%9D%E8%AA%AC" n1="%E5%8D%8D%E6%B1%A0%E8%A2%8B%E6%9C%80%E5%BC%B7%E5%8D%8D" n2="%E5%AF%82%E5%AF%9E%E3%82%AE%E3%83%8D%E3%82%B9%E3%83%93%E3%83%BC%E3%83%AB" n3="%73%69%72%6F%75%74" dan="16,16,16,16" rate="2119.35,2146.76,2151.03,2113.90" sx="M,M,M,M"/><TAIKYOKU oya="0"/><INIT seed="0,0,0,0,3,116" ten="250,250,250,250" oya="0" hai0="20,13,11,34,76,46,30,58,17,125,117,100,36" hai1="60,12,6,108,53,86,62,42,90,33,127,51,107" hai2="115,69,0,59,63,10,129,126,24,19,71,29,92" hai3="25,122,35,89,106,64,22,55,85,21,121,37,57"/><T80/><D117/><U15/><E107/><V74/><F115/><W83/><G37/><T65/><D125/><U112/><E112/><V98/><F74/><W113/><G113/><T52/><D34/><U45/><E33/><V77/><F77/><W72/><G106/><T131/><D131/><U5/><E127/><V7/><F129/><W88/><G72/><T66/><D100/><U4/><E108/><V119/><F126/><W110/><G110/><T81/><D36/><U16/><E15/><V43/><F43/><W68/><G68/><T75/><D46/><U26/><E26/><V95/><F19/><W79/><G64/><T99/><D99/><U93/><REACH who="1" step="1"/><E42/><REACH who="1" ten="250,240,250,250" step="2"/><V8/><F119/><W14/><G35/><T40/><D40/><U56/><E56/><V27/><F24/><W28/><G14/><T78/><D30/><U94/><E94/><V73/><F92/><W1/><G1/><T133/><D133/><U38/><E38/><V134/><F134/><W54/><G21/><AGARI ba="0,1" hai="4,5,6,12,16,21,45,51,53,60,62,86,90,93" machi="21" ten="40,8000,1" yaku="1,1,8,1,54,1,53,1" doraHai="116" doraHaiUra="49" who="1" fromWho="3" sc="250,0,240,90,250,0,250,-80" /><INIT seed="1,0,0,2,3,57" ten="250,330,250,170" oya="1" hai0="63,111,34,135,90,62,101,121,30,0,17,43,96" hai1="120,119,42,56,36,50,87,77,95,128,133,123,100" hai2="85,12,106,21,39,15,44,66,54,40,110,82,125" hai3="99,7,55,8,75,19,35,80,86,91,1,134,118"/><U37/><E119/><V74/><F106/><W115/><G115/><T104/><D0/><U10/><E133/><V83/><F125/><W107/><G134/><T69/><D135/><U132/><E128/><V64/><F110/><W131/><G131/><T127/><D111/><U129/><E129/><V5/><F74/><W81/><G35/><T9/><D127/><U47/><E100/><V93/><F93/><W130/><G130/><T68/><D121/><U33/><E33/><V105/><F83/><W20/><G118/><T13/><D43/><U31/><E31/><V102/><F54/><W16/><G55/><T58/><D90/><U72/><E72/><V53/><F53/><W97/><G107/><T89/><D89/><U45/><E56/><V98/><F15/><W2/><G2/><T61/><REACH who="0" step="1"/><D58/><REACH who="0" ten="240,330,250,170" step="2"/><U11/><E42/><V18/><F5/><W73/><G19/><T122/><D122/><U28/><E132/><V79/><AGARI ba="0,1" hai="12,18,21,39,40,44,64,66,79,82,85,98,102,105" machi="79" ten="20,1500,0" yaku="0,1,7,1" doraHai="57" who="2" fromWho="2" sc="240,-4,330,-7,250,25,170,-4" /><INIT seed="2,0,0,0,1,1" ten="236,323,275,166" oya="2" hai0="98,43,132,72,128,24,3,63,75,77,97,79,48" hai1="129,116,53,130,127,90,50,28,110,73,52,119,13" hai2="114,81,120,44,92,76,113,87,17,36,88,27,30" hai3="12,59,26,78,21,19,67,66,25,93,131,23,102"/><V124/><F120/><W35/><G131/><N who="1" m="50186" /><E73/><V0/><F124/><W100/><G78/><T58/><D3/><U106/><E106/><V45/><F0/><W91/><G35/><T126/><D128/><U11/><E127/><V104/><F17/><W85/><G12/><T99/><D126/><U107/><E110/><V56/><F104/><W111/><G111/><T74/><D132/><U32/><E90/><V7/><F7/><W57/><G67/><T49/><D24/><N who="1" m="18439" /><E107/><V40/><F56/><W105/><G105/><T64/><REACH who="0" step="1"/><D43/><REACH who="0" ten="226,323,275,166" step="2"/><U39/><E39/><V4/><F45/><W115/><G115/><T34/><D34/><U31/><E31/><V117/><F117/><N who="1" m="45129" /><E50/><AGARI ba="0,1" hai="48,49,50,58,63,64,72,74,75,77,79,97,98,99" machi="50" ten="50,1600,0" yaku="1,1,53,0" doraHai="1" doraHaiUra="103" who="0" fromWho="1" sc="226,26,323,-16,275,0,166,0" /><INIT seed="3,0,0,5,0,52" ten="252,307,275,166" oya="3" hai0="103,106,13,85,124,73,23,81,104,88,97,128,66" hai1="50,39,64,43,44,16,46,114,130,7,38,70,3" hai2="96,31,76,108,116,90,71,77,111,78,20,55,27" hai3="121,119,21,126,48,80,107,4,17,25,83,82,117"/><W56/><G121/><T6/><D124/><U93/><E114/><V92/><F116/><W15/><G107/><T33/><D33/><U102/><E130/><V36/><F71/><W34/><G126/><T105/><D128/><U74/><E74/><V41/><F41/><W29/><REACH who="3" step="1"/><G4/><REACH who="3" ten="252,307,275,156" step="2"/><T63/><D6/><U35/><E7/><V127/><F127/><W133/><G133/><T10/><D106/><U22/><E3/><V89/><F111/><W68/><G68/><T69/><D105/><U101/><E70/><V61/><F108/><W62/><G62/><T94/><D104/><U5/><E5/><V79/><N who="2" m="19456" /><DORA hai="87" /><V18/><F36/><W40/><G40/><T98/><D73/><U109/><E43/><V37/><F37/><W72/><G72/><T91/><D63/><U30/><E39/><V45/><F61/><W122/><G122/><T134/><D134/><U49/><E38/><V129/><F129/><W14/><G14/><T123/><D13/><U53/><E109/><V65/><F65/><W8/><G8/><T86/><D10/><U100/><E64/><V84/><F55/><AGARI ba="0,1" hai="15,17,21,25,29,34,48,55,56,80,82,83,117,119" machi="55" ten="40,3900,0" yaku="1,1,52,1,53,0" doraHai="52,87" doraHaiUra="60,132" who="3" fromWho="2" sc="252,0,307,0,275,-39,156,49" /><INIT seed="3,1,0,4,0,103" ten="252,307,236,205" oya="3" hai0="88,104,69,110,87,92,44,24,9,85,39,117,99" hai1="134,16,108,83,131,15,127,61,42,58,82,115,57" hai2="37,11,120,89,124,96,72,12,38,105,109,52,30" hai3="71,70,46,74,100,47,36,113,3,5,53,67,128"/><W98/><G113/><T79/><D117/><U97/><E115/><V23/><F72/><W6/><G74/><T55/><D69/><U7/><E7/><V86/><F109/><W56/><G128/><T121/><D121/><U40/><E131/><V66/><F66/><W80/><G80/><T64/><D110/><U118/><E118/><V135/><F120/><W35/><G35/><T84/><D64/><U130/><E127/><V78/><F124/><W133/><G133/><T48/><D39/><U20/><E130/><V95/><F135/><W75/><G75/><T45/><D104/><U10/><E108/><V123/><F123/><W54/><G67/><T29/><D9/><U32/><E32/><V65/><F65/><W93/><G54/><T119/><D119/><U50/><E97/><V91/><F78/><W125/><G125/><T33/><REACH who="0" step="1"/><D45/><REACH who="0" ten="242,307,236,205" step="2"/><N who="1" m="25895" /><E10/><V116/><F38/><W112/><G112/><T63/><D63/><U49/><E134/><V34/><F37/><W8/><G5/><T19/><D19/><U77/><E61/><V21/><F11/><W51/><REACH who="3" step="1"/><G47/><REACH who="3" ten="242,307,236,195" step="2"/><T26/><D26/><U60/><E42/><AGARI ba="1,2" hai="3,6,8,36,42,46,51,53,56,70,71,93,98,100" machi="42" ten="40,3900,0" yaku="1,1,2,1,53,0" doraHai="103" doraHaiUra="129" who="3" fromWho="1" sc="242,0,307,-42,236,0,195,62" /><INIT seed="3,2,0,4,2,105" ten="242,265,236,257" oya="3" hai0="117,91,38,49,98,2,102,11,54,18,27,45,22" hai1="74,30,32,47,66,34,127,134,77,82,97,120,111" hai2="55,135,67,4,114,130,107,133,8,16,86,14,125" hai3="124,123,64,58,31,52,51,7,23,63,24,76,131"/><W122/><G124/><T29/><D117/><U19/><E120/><V48/><F114/><W35/><G131/><T88/><D38/><U50/><E111/><V15/><F107/><W17/><G7/><T21/><D11/><U79/><E134/><N who="2" m="51211" /><F67/><W101/><G101/><T119/><D2/><U39/><E66/><V68/><F68/><W26/><REACH who="3" step="1"/><G76/><REACH who="3" ten="242,265,236,247" step="2"/><T126/><D126/><U3/><E79/><V12/><F125/><W71/><AGARI ba="2,1" hai="17,23,24,26,31,35,51,52,58,63,64,71,122,123" machi="71" ten="20,12000,1" yaku="1,1,2,1,0,1,7,1,54,1,53,0" doraHai="105" doraHaiUra="5" who="3" fromWho="3" sc="242,-42,265,-42,236,-42,247,136" owari="200,-20.0,223,2.3,194,-30.6,383,48.3" /></mjloggm>