<mjloggm ver="2.3"><GO type="225" lobby="0"/><UN n0="%E7%AD%89%E3%80%85%E5%8A%9B%E5%8A%87%E5%A0%B4" n1="%E5%A4%8F%E9%88%B4%E9%88%B4%E5%A4%8F" n2="%4B%2E%32%2E%4B%2E" n3="%E6%AF%9B%E8%8D%92%E3%82%8C%E3%83%BB%E3%82%B9%E3%83%9F%E3%82%B9" dan="16,16,16,16" rate="2135.91,2110.58,2129.05,2099.08" sx="M,M,M,F"/><TAIKYOKU oya="0"/><INIT seed="0,0,0,5,5,54" ten="250,250,250,250" oya="0" hai0="17,99,90,129,123,124,60,113,3,2,95,61,41" hai1="1,132,108,104,32,130,12,118,116,107,55,94,91" hai2="13,39,53,84,20,109,65,97,15,26,112,69,7" hai3="126,135,57,48,101,56,117,9,59,18,103,6,102"/><T52/><D113/><U62/><E1/><V100/><F39/><W30/><G117/><T88/><D123/><U114/><E32/><V98/><F112/><W106/><G126/><T44/><D129/><U46/><E114/><V70/><F109/><W0/><G135/><T74/><D74/><U82/><E108/><V79/><F53/><W85/><G30/><T86/><D124/><U115/><E115/><V21/><F65/><W133/><G133/><T27/><D2/><U14/><E132/><V50/><F50/><W5/><G5/><T125/><D3/><U73/><E130/><V80/><F20/><W33/><G33/><T34/><D125/><U68/><E12/><V87/><F87/><W58/><G85/><T119/><D119/><U16/><E68/><V122/><F97/><W67/><G18/><T29/><D17/><U25/><E25/><V51/><F51/><W42/><G67/><T110/><D110/><U120/><E120/><V31/><F122/><W43/><REACH who="3" step="1"/><G106/><REACH who="3" ten="250,250,250,240" step="2"/><T19/><D19/><U45/><E107/><V28/><F28/><W78/><G78/><T10/><D86/><N who="1" m="52599" /><E104/><V121/><F121/><W22/><G22/><T131/><D131/><U105/><E105/><N who="2" m="63639" /><F7/><W11/><G11/><T134/><D10/><N who="1" m="6231" /><E118/><V76/><F76/><W36/><G36/><T38/><D134/><U66/><E66/><V8/><F8/><W83/><G83/><T72/><D72/><U37/><E37/><V93/><F93/><W23/><G23/><T111/><D111/><U49/><E116/><V35/><F35/><W75/><G75/><T40/><D34/><RYUUKYOKU ba="0,1" sc="250,-15,250,-15,250,15,240,15" hai2="13,15,21,26,31,69,70,79,80,84" hai3="0,6,9,42,43,48,56,57,58,59,101,102,103" /><INIT seed="1,1,1,3,4,15" ten="235,235,265,255" oya="1" hai0="73,115,43,3,49,36,56,107,62,6,113,105,134" hai1="69,38,91,129,127,34,109,11,90,102,32,14,40" hai2="12,8,130,116,122,119,10,114,17,18,26,57,66" hai3="70,42,65,84,67,103,63,120,78,81,88,125,13"/><U46/><E127/><V106/><F106/><W97/><G125/><T51/><D73/><U48/><E129/><V61/><F122/><W27/><G120/><T110/><D107/><U111/><E69/><V82/><F130/><W74/><G65/><T5/><D105/><U29/><E102/><V94/><F114/><W123/><G123/><T76/><D76/><U75/><E75/><V71/><F82/><W121/><G121/><T60/><D56/><U79/><E79/><V0/><F0/><W58/><G42/><T126/><D43/><U7/><E38/><V117/><F94/><W118/><G118/><T19/><D3/><U83/><E91/><V41/><F41/><W54/><G27/><T35/><D35/><U101/><E101/><V39/><F39/><W1/><G1/><T86/><D36/><U33/><REACH who="1" step="1"/><E29/><REACH who="1" ten="235,225,265,255" step="2"/><V80/><F71/><W108/><G103/><T124/><D124/><U98/><E98/><V20/><REACH who="2" step="1"/><F80/><REACH who="2" ten="235,225,255,255" step="2"/><W9/><G97/><T92/><D126/><U28/><E28/><V24/><F24/><W50/><G81/><T95/><D115/><U55/><E55/><V64/><F64/><W59/><G67/><T37/><D113/><U77/><E77/><V93/><F93/><W16/><G78/><T112/><D95/><U131/><E131/><V72/><F72/><W2/><G74/><T99/><D92/><U85/><AGARI ba="1,3" hai="7,11,14,32,33,34,40,46,48,83,85,90,109,111" machi="85" ten="40,3900,0" yaku="1,1,0,1,53,0" doraHai="15" doraHaiUra="132" who="1" fromWho="1" sc="235,-14,225,72,255,-14,255,-14" /><INIT seed="1,2,0,3,0,0" ten="221,297,241,241" oya="1" hai0="118,96,12,17,132,128,75,10,42,104,101,32,2" hai1="107,36,80,92,113,74,64,125,15,29,88,99,111" hai2="119,44,69,5,102,129,130,6,41,110,4,53,18" hai3="68,33,90,126,20,97,14,117,49,27,70,25,81"/><U45/><E113/><V108/><F119/><W82/><G126/><T116/><D32/><U91/><E125/><V19/><F69/><W121/><G121/><T93/><D75/><U105/><E64/><V16/><F53/><W56/><G117/><T67/><D132/><U112/><E112/><V72/><F102/><W54/><G33/><T63/><D128/><N who="2" m="49258" /><F72/><W47/><G14/><T135/><D135/><U84/><E111/><V109/><F19/><W95/><G27/><T35/><D35/><U115/><E115/><V123/><F123/><W87/><G47/><T98/><D2/><U40/><E29/><V85/><F85/><W65/><G65/><T38/><D38/><AGARI ba="2,0" hai="4,5,6,16,18,38,41,44,108,109,110" m="49258" machi="38" ten="40,12000,2" yaku="14,1,19,1,52,3,54,1" doraHai="0" who="2" fromWho="0" sc="221,-126,297,0,241,126,241,0" /><INIT seed="2,0,0,1,0,16" ten="95,297,367,241" oya="2" hai0="71,36,62,124,2,92,91,122,48,4,55,60,44" hai1="46,84,110,63,131,104,51,25,82,38,125,95,1" hai2="65,13,111,88,64,49,114,39,90,98,34,53,31" hai3="129,10,61,15,102,134,123,77,101,105,85,18,42"/><V40/><F114/><W112/><G112/><T20/><D122/><U97/><E104/><V37/><F111/><W30/><G129/><T83/><D124/><U118/><E118/><V128/><F128/><W50/><G134/><T59/><D71/><U80/><E1/><V32/><F13/><W23/><G123/><T72/><D2/><U116/><E38/><V89/><F98/><W127/><G127/><T41/><D4/><U76/><E116/><V86/><F86/><W99/><G101/><T26/><D72/><U126/><E131/><V19/><F19/><W35/><G35/><T45/><D83/><U27/><E110/><V70/><F70/><W113/><G113/><T75/><D75/><U21/><E25/><V117/><F117/><W24/><G61/><T108/><D108/><U6/><E6/><V79/><F79/><W47/><G85/><T121/><D121/><U94/><E63/><V68/><F68/><W7/><REACH who="3" step="1"/><G77/><REACH who="3" ten="95,297,367,231" step="2"/><T132/><D132/><U29/><E82/><V57/><F34/><W33/><G33/><T103/><D103/><U73/><E73/><V93/><F32/><W54/><G54/><T69/><D69/><U133/><E133/><V5/><F53/><W130/><G130/><T56/><D62/><U66/><E66/><V109/><F65/><W58/><G58/><T17/><REACH who="0" step="1"/><D60/><REACH who="0" ten="85,297,367,231" step="2"/><U74/><E74/><V120/><F120/><W3/><G3/><T107/><D107/><U8/><E125/><V12/><F109/><W11/><G11/><T0/><D0/><U115/><E126/><V28/><F93/><N who="1" m="35337" /><E115/><V14/><F5/><AGARI ba="0,2" hai="5,7,10,15,18,23,24,30,42,47,50,99,102,105" machi="5" ten="40,5200,0" yaku="1,1,6,1,52,1,53,0" doraHai="16" doraHaiUra="119" who="3" fromWho="2" sc="85,0,297,0,367,-52,231,72" /><INIT seed="3,0,0,0,0,111" ten="85,297,315,303" oya="3" hai0="71,104,109,93,33,90,73,105,56,47,79,114,80" hai1="14,107,27,23,130,101,46,103,78,117,62,77,58" hai2="127,63,120,122,57,125,132,13,51,72,134,115,76" hai3="65,69,38,40,102,17,53,70,99,37,34,22,91"/><W133/><G34/><T11/><D71/><U118/><E14/><V96/><F115/><W55/><G133/><N who="2" m="51305" /><F96/><W108/><G108/><T100/><D109/><U129/><E46/><V59/><F13/><W123/><G123/><N who="2" m="47145" /><F51/><W25/><G91/><T88/><D33/><U9/><E9/><V36/><F36/><W64/><G70/><T106/><D47/><U85/><E107/><N who="0" m="41033" /><D56/><N who="2" m="21578" /><F63/><W126/><G126/><T45/><D45/><U121/><E121/><V67/><F67/><N who="3" m="25675" /><G69/><T97/><D11/><U4/><E4/><V68/><F68/><W30/><G37/><T92/><D114/><U39/><E39/><V124/><F124/><W112/><G112/><T135/><D135/><U66/><E103/><V5/><F5/><W52/><G38/><T86/><N who="0" m="41041" /><T113/><DORA hai="89" /><D113/><U43/><E101/><AGARI ba="0,0" hai="73,79,80,86,88,90,92,93,97,100,101" m="41041" machi="101" ten="40,16000,3" yaku="35,5,52,2,54,1" doraHai="111,89" who="0" fromWho="1" sc="85,160,297,-160,315,0,303,0" owari="245,-15.5,137,-36.3,315,41.5,303,10.3" /></mjloggm>