<mjloggm ver="2.3"><GO type="225" lobby="0"/><UN n0="%E3%81%82%E3%81%99%E3%81%AB%E3%82%83%E3%82%80" n1="%E3%81%AF%E3%82%88%E3%81%8A%E3%81%98%E3%81%95%E3%82%93" n2="%73%75%7A%75%72%61%6E%65" n3="%E5%A4%96%E5%B7%9D%E7%AB%9C%E6%88%90" dan="16,16,16,16" rate="2068.50,2192.49,2092.48,2129.16" sx="F,M,M,M"/><TAIKYOKU oya="0"/><INIT seed="0,0,0,0,4,37" ten="250,250,250,250" oya="0" hai0="46,114,26,130,47,52,100,21,66,55,17,39,23" hai1="54,51,80,30,97,50,105,7,53,62,48,38,99" hai2="6,76,134,32,24,57,72,118,41,94,129,82,65" hai3="20,1,117,2,85,83,131,49,124,16,86,113,91"/><T33/><D114/><U133/><E38/><V75/><F129/><W98/><G113/><T61/><D130/><U115/><E115/><V56/><F134/><W71/><G117/><T109/><D33/><U34/><E133/><V25/><F75/><W19/><G131/><T67/><D100/><U4/><E34/><V29/><F118/><W27/><G71/><T58/><D109/><U13/><E30/><V28/><F6/><N who="1" m="2089" /><E105/><V132/><F132/><W59/><G124/><T104/><D104/><U22/><E80/><V74/><F94/><W79/><G98/><N who="1" m="37386" /><E62/><V8/><F8/><W127/><G127/><T73/><D73/><U120/><E120/><V43/><F72/><W31/><G1/><T5/><D5/><U63/><E63/><V15/><F15/><W12/><G2/><T10/><D10/><U107/><E107/><V14/><F14/><W106/><G106/><T0/><D0/><U78/><E78/><V92/><F92/><N who="3" m="54383" /><G12/><N who="0" m="9383" /><D39/><U128/><E128/><V18/><F18/><AGARI ba="0,0" hai="13,18,22,48,50,51,53,54" m="37386,2089" machi="18" ten="30,1000,0" yaku="8,1" doraHai="37" who="1" fromWho="2" sc="250,0,250,10,250,-10,250,0" /><INIT seed="1,0,0,1,5,96" ten="250,260,240,250" oya="1" hai0="50,95,124,88,57,91,101,64,85,84,93,22,129" hai1="5,4,67,127,109,53,36,19,97,118,58,46,133" hai2="17,27,33,130,116,6,35,104,61,9,105,11,122" hai3="16,37,52,81,28,15,63,55,112,44,56,107,135"/><U103/><E118/><V131/><F116/><W119/><G119/><T70/><D129/><N who="2" m="49162" /><F61/><W71/><G112/><T74/><D124/><U121/><E121/><V26/><F122/><W92/><G107/><N who="2" m="41033" /><F17/><W60/><G135/><T23/><D74/><U79/><E79/><V102/><F102/><W132/><G132/><T75/><D75/><U65/><E133/><V12/><F9/><W89/><G28/><T69/><D101/><U80/><E80/><V123/><F123/><W113/><G81/><T1/><D1/><U3/><E127/><V66/><F66/><W76/><G76/><T115/><D115/><U39/><E19/><V87/><F87/><W54/><G113/><T94/><D94/><N who="1" m="58807" /><E3/><V99/><F99/><W68/><G63/><T29/><D29/><U38/><E67/><V48/><F48/><W59/><G60/><T42/><D64/><U100/><E100/><V10/><F10/><W2/><G2/><T51/><REACH who="0" step="1"/><D57/><REACH who="0" ten="240,260,240,250" step="2"/><U83/><E65/><V73/><F73/><W47/><G59/><T45/><D45/><U126/><E46/><V98/><F98/><W21/><G56/><T117/><D117/><U62/><E126/><V90/><F90/><W0/><G0/><T125/><D125/><U31/><E31/><V14/><F35/><W43/><REACH who="3" step="1"/><G47/><REACH who="3" ten="240,260,240,240" step="2"/><T18/><D18/><U108/><E83/><V8/><F33/><W77/><G77/><T34/><D34/><U134/><E134/><V128/><F128/><W110/><G110/><AGARI ba="0,2" hai="4,5,36,38,39,53,58,62,108,109,110" m="58807" machi="110" ten="40,7700,0" yaku="14,1,10,1,52,1" doraHai="96" who="1" fromWho="3" sc="240,0,260,97,240,0,240,-77" /><INIT seed="1,1,0,0,0,0" ten="240,357,240,163" oya="1" hai0="16,1,7,86,100,126,112,31,134,131,47,124,85" hai1="22,97,50,19,87,28,90,58,78,119,46,4,30" hai2="106,27,118,13,15,123,63,127,83,20,6,51,132" hai3="3,18,49,76,77,108,55,75,69,41,35,26,12"/><U62/><E119/><V107/><F118/><W34/><G3/><T21/><D112/><U61/><E78/><V24/><F123/><W39/><G69/><T45/><D100/><U42/><E4/><V113/><F113/><W66/><G66/><T53/><D31/><U48/><E48/><V38/><F38/><W36/><G108/><T17/><D131/><U60/><E97/><V84/><F51/><W32/><G26/><T101/><D101/><U91/><E58/><V40/><F40/><W102/><G102/><T135/><D21/><U115/><E115/><V81/><F20/><W120/><G120/><T98/><D98/><U14/><REACH who="1" step="1"/><E91/><REACH who="1" ten="240,347,240,163" step="2"/><V56/><F56/><W128/><G76/><T43/><D1/><U114/><E114/><V103/><F6/><W121/><G77/><T104/><D7/><U29/><E29/><V72/><F103/><W52/><G49/><T70/><D70/><U11/><E11/><V92/><F72/><W82/><G75/><T99/><D99/><U54/><E54/><V67/><F67/><W59/><G52/><T109/><D53/><U93/><AGARI ba="1,1" hai="14,19,22,28,30,42,46,50,60,61,62,87,90,93" machi="93" ten="30,6000,0" yaku="1,1,0,1,8,1,53,0" doraHai="0" doraHaiUra="133" who="1" fromWho="1" sc="240,-21,347,73,240,-21,163,-21" /><INIT seed="1,2,0,3,2,5" ten="219,420,219,142" oya="1" hai0="98,74,92,106,42,119,113,15,85,23,34,132,133" hai1="82,89,126,127,121,16,91,117,67,95,68,0,41" hai2="8,77,32,48,114,111,88,115,20,1,38,125,80" hai3="63,21,96,83,76,39,24,72,58,2,84,31,47"/><U90/><E0/><V93/><F38/><W17/><G2/><T75/><D34/><U11/><E117/><V71/><F32/><W64/><G72/><N who="0" m="27691" /><D42/><U4/><E121/><V51/><F71/><W112/><G112/><N who="2" m="43049" /><F111/><W54/><G39/><T49/><D113/><U25/><E41/><V101/><F101/><W19/><G47/><T70/><D70/><U50/><E50/><V33/><F33/><W97/><G54/><T44/><D119/><U62/><E82/><V65/><F65/><W107/><G107/><T14/><D23/><U99/><E4/><N who="2" m="1039" /><F125/><N who="1" m="47625" /><E25/><V94/><F20/><W27/><G27/><T116/><D116/><U131/><E131/><V18/><F18/><AGARI ba="2,0" hai="17,18,19,21,24,31,58,63,64,76,83,84,96,97" machi="18" ten="40,1300,0" yaku="8,1" doraHai="5" who="3" fromWho="2" sc="219,0,420,0,219,-19,142,19" /><INIT seed="2,0,0,5,0,105" ten="219,420,200,161" oya="2" hai0="108,96,10,64,79,78,75,117,87,101,84,1,88" hai1="127,74,6,42,33,85,49,51,5,103,128,97,61" hai2="14,23,89,112,52,98,47,8,44,129,54,30,132" hai3="133,113,82,68,4,16,41,71,25,21,116,59,80"/><V28/><F112/><W86/><G116/><T24/><D108/><U106/><E74/><V125/><F129/><W104/><G113/><T0/><D117/><U26/><E128/><V111/><F132/><W124/><G104/><T69/><D24/><U29/><E127/><V20/><F111/><W115/><G115/><T11/><D64/><U7/><E42/><V134/><F125/><W118/><G124/><T19/><D69/><U13/><E13/><V9/><F134/><W58/><G118/><T35/><D35/><U50/><E85/><V100/><F89/><W76/><G133/><T95/><D19/><U34/><E34/><V93/><F14/><W90/><G41/><T62/><D62/><U99/><E97/><V57/><F57/><W91/><G4/><T126/><D126/><U119/><E119/><V40/><F40/><W17/><G17/><T22/><D22/><U36/><E36/><V37/><F98/><W121/><G121/><T107/><D84/><U27/><E26/><V135/><F135/><W55/><G59/><T63/><D79/><U3/><REACH who="1" step="1"/><E61/><REACH who="1" ten="219,410,200,161" step="2"/><V66/><F37/><W72/><REACH who="3" step="1"/><G90/><REACH who="3" ten="219,410,200,151" step="2"/><T32/><D63/><AGARI ba="0,2" hai="16,21,25,55,58,63,68,71,72,76,80,82,86,91" machi="63" ten="30,12000,2" yaku="1,1,2,1,7,1,52,1,54,1,53,1" doraHai="105" doraHaiUra="53" who="3" fromWho="0" sc="219,-120,410,0,200,0,151,140" /><INIT seed="3,0,0,0,1,131" ten="99,410,200,291" oya="3" hai0="123,48,119,61,125,94,3,35,29,130,118,62,112" hai1="117,83,68,102,20,132,111,44,6,69,21,25,32" hai2="24,114,82,10,100,97,71,107,58,33,63,54,14" hai3="121,7,23,59,46,13,36,95,19,22,43,34,4"/><W87/><G121/><T109/><D3/><U42/><E32/><V92/><F114/><W65/><G34/><T96/><D29/><U127/><E111/><V126/><F126/><W67/><G67/><T17/><D35/><U15/><E127/><V86/><F71/><W38/><G36/><T91/><D17/><U53/><E117/><V76/><F33/><W122/><G122/><T64/><D123/><U99/><E53/><V88/><F24/><W85/><G23/><T11/><D11/><U93/><E83/><V101/><REACH who="2" step="1"/><F107/><REACH who="2" ten="99,410,190,291" step="2"/><W45/><G45/><T116/><D125/><U37/><E69/><V0/><F0/><W55/><G46/><T41/><D112/><U134/><E68/><V129/><F129/><W103/><G59/><T78/><D130/><U1/><E1/><V56/><F56/><W31/><G13/><T27/><D109/><U77/><E77/><V18/><AGARI ba="0,1" hai="10,14,18,54,58,63,76,82,86,88,92,97,100,101" machi="18" ten="20,12000,2" yaku="1,1,0,1,7,1,8,1,54,1,53,1" doraHai="131" doraHaiUra="49" who="2" fromWho="2" sc="99,-30,410,-30,190,130,291,-60" owari="69,-43.1,380,48.0,320,12.0,231,-16.9" /></mjloggm>