<mjloggm ver="2.3"><GO type="225" lobby="0"/><UN n0="%E3%81%B2%E3%81%AA%E3%81%AE%E3%82%8A%E3%81%8F" n1="%E3%83%B4%E3%83%A0%EF%BC%99%E3%81%A6" n2="%E6%A1%9C%E8%8A%B1%E9%96%83%E3%80%85" n3="%33%74%72%65%65" dan="17,16,16,16" rate="2180.13,2122.79,2121.33,2087.37" sx="M,M,M,F"/><TAIKYOKU oya="0"/><INIT seed="0,0,0,5,0,42" ten="250,250,250,250" oya="0" hai0="117,5,54,92,89,81,122,132,28,37,47,3,110" hai1="65,126,130,125,95,7,80,20,108,8,27,129,79" hai2="135,104,74,21,60,13,38,109,11,36,100,73,39" hai3="76,33,14,45,123,35,72,49,2,77,46,40,51"/><T25/><D117/><U59/><E59/><V0/><F109/><W41/><G2/><T112/><D112/><U58/><E58/><V18/><F135/><W61/><G123/><T96/><D122/><U44/><E65/><V84/><F84/><W97/><G61/><T48/><D132/><U114/><E95/><V82/><F60/><W1/><G1/><T88/><D37/><U66/><E66/><V63/><F63/><W6/><G97/><T93/><D110/><U29/><E108/><V120/><F120/><W64/><G64/><T26/><D81/><U23/><E44/><V107/><F100/><W32/><G72/><T113/><D113/><U10/><E114/><V94/><F94/><W55/><G55/><T71/><D71/><U111/><E111/><V134/><F134/><W9/><AGARI ba="0,0" hai="6,9,14,32,33,35,40,41,45,46,49,51,76,77" machi="9" ten="40,8000,1" yaku="0,1,9,1,52,2" doraHai="42" who="3" fromWho="3" sc="250,-40,250,-20,250,-20,250,80" /><INIT seed="1,0,0,3,2,74" ten="210,230,230,330" oya="1" hai0="118,135,116,18,107,104,95,41,63,133,93,51,90" hai1="27,69,129,57,21,61,19,86,59,7,32,10,43" hai2="1,47,115,94,2,84,113,37,87,132,123,39,81" hai3="12,46,109,15,100,128,112,53,36,31,105,55,44"/><U3/><E129/><V101/><F123/><W56/><G112/><N who="2" m="43081" /><F132/><N who="0" m="50762" /><D63/><U23/><E43/><N who="2" m="23023" /><F39/><W106/><G36/><T126/><D18/><U125/><E125/><V71/><F71/><W88/><G31/><T92/><D51/><U99/><E32/><V20/><F20/><W77/><G46/><T121/><D41/><U48/><E99/><N who="2" m="59639" /><F87/><W89/><G44/><T82/><D126/><U49/><E23/><V67/><F67/><W29/><G56/><T70/><D70/><U119/><E119/><N who="0" m="45609" /><D121/><U8/><E8/><V14/><F14/><W5/><G12/><T111/><D111/><U4/><E69/><V72/><F72/><W83/><G15/><T13/><D13/><U114/><E114/><V68/><F68/><W33/><G109/><T130/><D130/><U24/><E57/><V78/><AGARI ba="0,0" hai="1,2,78,81,84" m="59639,23023,43081" machi="78" ten="30,2000,0" yaku="11,1,52,1" doraHai="74" who="2" fromWho="2" sc="210,-5,230,-10,230,20,330,-5" /><INIT seed="2,0,0,5,3,63" ten="205,220,250,325" oya="2" hai0="131,95,64,44,29,11,66,101,124,119,87,32,98" hai1="22,58,60,47,110,78,36,56,1,21,31,27,2" hai2="57,15,18,113,107,69,70,16,129,104,26,61,118" hai3="35,115,121,79,100,96,93,38,55,25,80,116,54"/><V127/><F118/><W77/><G116/><T40/><D124/><U49/><E110/><V71/><F113/><W106/><G121/><T48/><D119/><U105/><E105/><V85/><F127/><W68/><G115/><T59/><D131/><U103/><E103/><V94/><F129/><W97/><G38/><T51/><D32/><U86/><E36/><V41/><F41/><W83/><G68/><T112/><D112/><U62/><E21/><V53/><F26/><W13/><G13/><T52/><D29/><U91/><E78/><V128/><F128/><W28/><G79/><T42/><D42/><U122/><E122/><V65/><F53/><W76/><G76/><T108/><D108/><U89/><E89/><V82/><F94/><W123/><G123/><T10/><D87/><U5/><E5/><V99/><F99/><W46/><G46/><T9/><AGARI ba="0,0" hai="9,10,11,40,44,48,51,52,59,64,66,95,98,101" machi="9" ten="30,8000,1" yaku="0,1,8,1,52,2,54,1" doraHai="63" who="0" fromWho="0" sc="205,80,220,-20,250,-40,325,-20" /><INIT seed="3,0,0,4,1,123" ten="285,200,210,305" oya="3" hai0="83,73,110,61,98,115,134,11,120,45,99,55,95" hai1="32,81,57,47,28,126,75,48,27,69,127,111,6" hai2="31,113,43,3,23,0,128,104,130,74,46,17,1" hai3="20,71,70,36,122,7,30,15,88,118,62,26,35"/><W5/><G118/><T52/><D120/><U102/><E69/><V33/><F104/><W37/><G122/><T121/><D121/><U92/><E6/><V112/><F74/><W18/><G71/><T76/><D115/><N who="2" m="44106" /><F46/><W97/><G7/><T22/><D134/><U63/><E111/><V96/><F96/><W56/><G70/><T38/><D99/><N who="1" m="59751" /><E75/><V72/><F43/><W50/><G50/><T80/><D80/><U89/><E81/><V119/><F72/><W39/><G5/><T94/><D110/><U131/><E89/><V85/><F85/><W2/><G2/><N who="2" m="513" /><V49/><DORA hai="67" /><F49/><W103/><G103/><T108/><D108/><U64/><E131/><N who="2" m="50219" /><F119/><W87/><G97/><T86/><D73/><U65/><E65/><V4/><F4/><W53/><G39/><T58/><D45/><U42/><E32/><V132/><F132/><W14/><G37/><T54/><D38/><U105/><E105/><V41/><F41/><W66/><G36/><T19/><D95/><U129/><E129/><V16/><F33/><W90/><G87/><T25/><D11/><U82/><E82/><V109/><F109/><W68/><G90/><AGARI ba="0,0" hai="19,22,25,52,54,55,58,61,76,83,86,90,94,98" machi="90" ten="30,8000,1" yaku="7,1,25,2,8,1,54,1" doraHai="123,67" who="0" fromWho="3" sc="285,80,200,0,210,0,305,-80" owari="365,46.5,200,-30.0,210,-19.0,225,2.5" /></mjloggm>