<mjloggm ver="2.3"><GO type="225" lobby="0"/><UN n0="%6D%75%75%6D%75%72%61" n1="%E8%81%B7%E6%A5%AD%E3%80%81%E9%A2%A8%32" n2="%72%65%6E%6B%75%6E" n3="%E3%83%B4%E3%83%A0%EF%BC%99%E3%81%A6" dan="16,16,17,17" rate="2145.37,2084.43,2308.48,2235.76" sx="F,M,M,M"/><TAIKYOKU oya="0"/><INIT seed="0,0,0,5,2,36" ten="250,250,250,250" oya="0" hai0="25,23,39,44,135,51,13,87,59,31,32,79,35" hai1="76,27,122,58,49,2,130,70,104,90,48,10,107" hai2="120,57,98,123,15,105,82,55,81,101,111,9,85" hai3="26,43,109,89,40,99,1,7,102,116,77,54,34"/><T45/><D135/><U64/><E122/><V33/><F33/><W41/><G116/><T11/><D39/><U68/><E130/><V72/><F72/><W53/><G77/><T91/><D59/><U73/><E27/><V16/><F111/><W121/><G109/><T95/><D79/><U30/><E30/><V96/><F96/><W22/><G22/><BYE who="3" /><T62/><D62/><U19/><E90/><UN n3="%E3%83%B4%E3%83%A0%EF%BC%99%E3%81%A6" /><V5/><F5/><W128/><G128/><T67/><D67/><U56/><E10/><V52/><F55/><W63/><G121/><T4/><REACH who="0" step="1"/><D45/><REACH who="0" ten="240,250,250,250" step="2"/><U113/><E64/><V20/><F9/><W94/><G63/><T129/><D129/><U112/><E76/><V80/><REACH who="2" step="1"/><F85/><REACH who="2" ten="240,250,240,250" step="2"/><W42/><G99/><T74/><D74/><U78/><E73/><V126/><F126/><W47/><G47/><T0/><D0/><U50/><E2/><V66/><F66/><W119/><G1/><T21/><D21/><U97/><E97/><V75/><F75/><W60/><G34/><T6/><D6/><U88/><E78/><V61/><AGARI ba="0,2" hai="15,16,20,52,57,61,80,81,82,98,101,105,120,123" machi="61" ten="30,7900,0" yaku="1,1,0,1,54,2,53,0" doraHai="36" doraHaiUra="65" who="2" fromWho="2" sc="240,-39,250,-20,240,99,250,-20" /><INIT seed="1,0,0,4,5,99" ten="201,230,339,230" oya="1" hai0="42,86,84,81,83,26,124,15,91,92,7,31,25" hai1="69,87,28,76,55,120,43,126,50,48,58,10,36" hai2="71,129,103,0,4,47,38,131,121,123,65,49,19" hai3="8,70,114,1,122,105,125,73,9,96,27,132,17"/><U80/><E120/><V118/><F118/><W111/><RYUUKYOKU type="yao9" ba="0,0" sc="201,0,230,0,339,0,230,0" hai3="1,8,9,17,27,70,73,96,105,111,114,122,125,132" /><INIT seed="1,1,0,4,5,63" ten="201,230,339,230" oya="1" hai0="118,79,95,10,87,39,60,48,21,7,38,120,123" hai1="74,86,44,66,88,133,111,51,55,4,77,68,2" hai2="112,117,101,16,82,9,92,58,97,103,124,126,53" hai3="59,41,106,33,119,43,71,69,14,81,12,19,127"/><U132/><E74/><V18/><F117/><W91/><G33/><T129/><D118/><U20/><E77/><V110/><F110/><W52/><G119/><T56/><D129/><U65/><E111/><V114/><F101/><W17/><G106/><T36/><D48/><U102/><E68/><V96/><F96/><W32/><G32/><T78/><D21/><U89/><E102/><V40/><F40/><W100/><G100/><T93/><D79/><U108/><E108/><V24/><F82/><W84/><G127/><N who="2" m="48681" /><F9/><N who="3" m="6287" /><G69/><T73/><D73/><U42/><E2/><V1/><F1/><W8/><G71/><T62/><D62/><AGARI ba="1,0" hai="8,14,19,41,43,52,59,62,81,84,91" m="6287" machi="62" ten="30,2000,0" yaku="8,1,54,1" doraHai="63" who="3" fromWho="0" sc="201,-23,230,0,339,0,230,23" /><INIT seed="2,0,0,4,0,88" ten="178,230,339,253" oya="2" hai0="124,119,113,109,95,35,39,1,67,120,134,11,13" hai1="75,86,57,32,100,118,28,55,103,42,125,15,14" hai2="21,116,43,81,102,51,41,84,59,71,8,0,69" hai3="89,49,33,10,70,19,47,4,78,29,99,17,54"/><V66/><F116/><W18/><G70/><T129/><RYUUKYOKU type="yao9" ba="0,0" sc="178,0,230,0,339,0,253,0" hai0="1,11,13,35,39,67,95,109,113,119,120,124,129,134" /><INIT seed="2,1,0,2,0,107" ten="178,230,339,253" oya="2" hai0="104,100,96,14,15,70,30,89,27,98,101,6,106" hai1="25,84,41,35,28,119,87,81,82,8,37,36,126" hai2="116,49,52,118,42,131,0,1,63,39,78,21,108" hai3="2,59,20,109,57,31,75,93,23,38,46,71,125"/><V134/><F21/><W121/><G121/><T58/><D70/><U88/><E119/><N who="2" m="45611" /><F78/><W129/><G71/><T54/><D6/><U94/><E126/><V9/><F9/><W66/><G2/><T132/><D132/><U33/><E33/><V122/><F0/><W92/><G46/><T74/><D89/><U3/><E41/><V32/><F32/><W47/><G47/><T97/><D97/><U24/><E24/><V120/><F1/><W113/><G113/><T110/><D110/><U90/><REACH who="1" step="1"/><E94/><REACH who="1" ten="178,220,339,253" step="2"/><V117/><F117/><W115/><G92/><T56/><D74/><U103/><E103/><V44/><F108/><W112/><G75/><T114/><D114/><U7/><AGARI ba="1,1" hai="3,7,8,25,28,35,36,37,81,82,84,87,88,90" machi="7" ten="30,12000,2" yaku="1,1,0,1,9,1,54,1,53,2" doraHai="107" doraHaiUra="77" who="1" fromWho="1" sc="178,-31,220,133,339,-61,253,-31" /><INIT seed="3,0,0,4,5,34" ten="147,353,278,222" oya="3" hai0="111,5,35,95,42,83,102,107,58,116,24,72,37" hai1="97,11,75,112,49,122,60,53,21,61,16,120,17" hai2="20,51,28,118,48,77,1,65,4,44,41,131,15" hai3="108,66,113,6,55,71,100,92,59,134,115,2,9"/><W54/><G134/><T27/><D116/><U129/><E75/><V130/><F118/><W114/><G108/><T47/><D111/><U109/><E109/><V101/><F101/><W14/><G71/><T62/><D107/><U29/><E112/><V38/><F65/><W10/><G66/><T99/><D35/><U19/><E129/><N who="2" m="49163" /><F77/><W73/><G73/><T18/><D5/><U67/><E97/><V26/><F15/><W103/><G92/><T70/><D70/><U31/><E11/><AGARI ba="0,0" hai="1,4,11,20,26,28,38,41,44,48,51" m="49163" machi="11" ten="30,2000,0" yaku="19,1,52,1" doraHai="34" who="2" fromWho="1" sc="147,0,353,-20,278,20,222,0" owari="147,-35.3,333,43.3,298,9.8,222,-17.8" /></mjloggm>