<mjloggm ver="2.3"><GO type="225" lobby="0"/><UN n0="%79%75%72%69%6D%6F%67" n1="%72%69%6F%75%63%68%61%6E" n2="%E5%82%8D%E8%8B%A5%E7%84%A1%E4%BA%BA%35%31" n3="%4C%4F%4C%49%54%41" dan="16,16,16,16" rate="2163.35,2160.41,2109.73,2169.43" sx="F,M,M,F"/><TAIKYOKU oya="0"/><INIT seed="0,0,0,1,1,45" ten="250,250,250,250" oya="0" hai0="96,88,36,134,33,55,12,101,99,105,75,129,107" hai1="18,63,10,67,90,21,108,37,62,38,17,28,68" hai2="121,76,11,34,84,47,82,113,59,117,0,95,2" hai3="5,111,91,116,102,60,104,78,114,61,13,64,16"/><T50/><D36/><U124/><E108/><V49/><F121/><W79/><G114/><T70/><D134/><U131/><E131/><V85/><F113/><W41/><G116/><T52/><D129/><U39/><E124/><V92/><F34/><W25/><G111/><T89/><D33/><U9/><E90/><V94/><F117/><W80/><G41/><T118/><D75/><U19/><REACH who="1" step="1"/><E62/><REACH who="1" ten="250,240,250,250" step="2"/><V43/><F59/><W27/><G61/><T7/><D118/><U15/><E15/><V42/><F42/><W58/><G91/><T106/><D70/><U130/><E130/><V125/><F125/><W30/><G60/><T93/><D89/><U103/><E103/><V1/><REACH who="2" step="1"/><F11/><REACH who="2" ten="250,240,240,250" step="2"/><W119/><G58/><T57/><REACH who="0" step="1"/><D55/><REACH who="0" ten="240,240,240,250" step="2"/><U77/><E77/><V110/><F110/><W4/><G119/><T6/><D6/><U8/><E8/><AGARI ba="0,3" hai="7,8,12,50,52,57,88,93,96,99,101,105,106,107" machi="8" ten="40,12000,1" yaku="1,1,52,1,54,2,53,0" doraHai="45" doraHaiUra="126" who="0" fromWho="1" sc="240,150,240,-120,240,0,250,0" /><INIT seed="0,1,0,5,4,7" ten="390,120,240,250" oya="0" hai0="15,81,85,88,1,57,60,16,3,113,62,43,73" hai1="104,107,36,105,12,39,129,17,125,4,27,6,87" hai2="69,121,19,131,86,67,122,83,46,63,116,33,47" hai3="109,2,38,21,127,22,112,53,59,77,64,120,48"/><T44/><D113/><U42/><E125/><V30/><F131/><W84/><G112/><T117/><D73/><U89/><E129/><V90/><F116/><W24/><G38/><T119/><D119/><U35/><E36/><V100/><F100/><W133/><G2/><T96/><D96/><U102/><E102/><V8/><F30/><W54/><G109/><T135/><D135/><U78/><E78/><V65/><F33/><W130/><G130/><T106/><D106/><U25/><E42/><V32/><F32/><W95/><G127/><T71/><D71/><U92/><E39/><V5/><F19/><W28/><G64/><T29/><D29/><U0/><E0/><V56/><F67/><W34/><G120/><T124/><D117/><U45/><E45/><V123/><REACH who="2" step="1"/><F69/><REACH who="2" ten="390,120,230,250" step="2"/><W37/><G34/><T66/><D124/><U118/><E118/><V70/><F70/><W103/><G103/><T72/><D62/><U10/><REACH who="1" step="1"/><E25/><REACH who="1" ten="390,110,230,250" step="2"/><V18/><F18/><W61/><G24/><T111/><D72/><U68/><E68/><V74/><F74/><W55/><G133/><T41/><D111/><U76/><E76/><V49/><F49/><W14/><G77/><T23/><D43/><U40/><E40/><V13/><AGARI ba="1,2" hai="5,8,13,46,47,56,63,65,83,86,90,121,122,123" machi="13" ten="30,4000,0" yaku="1,1,0,1,52,1,53,0" doraHai="7" doraHaiUra="128" who="2" fromWho="2" sc="390,-21,110,-11,230,63,250,-11" /><INIT seed="1,0,0,4,2,54" ten="369,99,293,239" oya="1" hai0="82,67,17,72,23,79,35,97,85,93,70,99,87" hai1="129,1,15,128,53,40,88,114,36,110,132,25,27" hai2="113,75,124,101,32,95,13,8,73,92,100,115,119" hai3="78,26,45,33,59,31,111,19,112,98,61,71,52"/><U89/><E114/><N who="2" m="43531" /><F32/><W43/><G112/><T126/><D35/><U44/><E1/><V58/><F119/><W125/><G111/><T86/><D70/><U5/><E132/><V57/><F124/><W22/><G125/><T133/><D67/><U81/><E110/><V37/><F37/><W51/><G71/><T29/><D29/><U74/><E53/><V130/><F130/><N who="1" m="50281" /><E5/><N who="2" m="3215" /><F95/><W9/><G78/><T134/><D126/><U80/><E15/><V50/><F50/><W76/><G76/><T12/><D97/><U122/><E122/><V30/><F30/><W64/><G98/><T77/><D77/><N who="1" m="44087" /><E89/><V135/><F135/><N who="0" m="51722" /><D72/><N who="2" m="27722" /><F92/><W106/><G106/><T38/><D38/><U39/><E36/><V49/><F49/><W118/><G118/><T120/><D120/><U14/><E14/><V34/><F34/><W69/><G9/><T116/><D116/><U6/><E6/><V55/><F55/><W4/><G4/><T63/><D63/><U2/><E2/><V24/><F24/><W102/><G102/><AGARI ba="0,0" hai="12,17,23,79,82,85,86,87,93,99,102" m="51722" machi="102" ten="30,1000,0" yaku="20,1" doraHai="54" who="0" fromWho="3" sc="369,10,99,0,293,0,239,-10" /><AGARI ba="0,0" hai="57,58,100,101,102" m="27722,3215,43531" machi="102" ten="30,3900,0" yaku="11,1,52,2" doraHai="54" who="2" fromWho="3" sc="379,0,99,0,293,39,229,-39" /><INIT seed="2,0,0,5,0,71" ten="379,99,332,190" oya="2" hai0="6,35,64,24,120,7,56,16,59,85,27,89,34" hai1="79,115,99,40,10,31,110,81,107,102,106,57,66" hai2="129,65,1,29,36,135,100,2,87,124,45,51,133" hai3="19,26,43,30,42,119,103,117,52,11,68,82,112"/><V90/><F129/><W61/><G112/><T132/><D120/><U134/><E134/><N who="2" m="51211" /><F124/><W33/><G103/><T69/><D69/><U9/><E110/><V32/><F65/><W17/><G82/><T44/><D35/><U55/><E115/><V70/><F70/><W128/><G128/><T47/><D34/><U14/><E107/><V63/><F63/><W77/><G77/><T126/><D126/><U0/><E66/><V15/><F100/><W80/><G80/><N who="0" m="49319" /><D27/><U22/><E0/><V72/><F72/><W21/><G11/><T83/><D83/><U18/><E40/><N who="2" m="22663" /><F51/><W3/><G68/><T109/><D109/><U108/><E108/><V84/><F15/><W94/><G3/><N who="2" m="1033" /><F90/><W8/><G61/><N who="0" m="37927" /><D132/><U92/><E106/><V118/><F118/><W116/><G116/><T127/><D127/><U39/><E39/><V23/><F32/><W13/><G94/><T88/><D59/><U86/><E57/><V38/><F38/><W25/><G117/><T131/><D131/><U98/><E98/><V67/><F67/><W104/><G104/><T114/><D114/><U78/><E79/><V54/><F54/><W48/><G119/><T96/><D47/><AGARI ba="0,0" hai="8,13,17,19,21,25,26,30,33,42,43,47,48,52" machi="47" ten="30,2000,0" yaku="7,1,54,1" doraHai="71" who="3" fromWho="0" sc="379,-20,99,0,332,0,190,20" /><INIT seed="3,0,0,2,3,76" ten="359,99,332,210" oya="3" hai0="134,8,120,42,75,34,5,27,30,33,127,57,102" hai1="113,85,41,116,72,17,6,115,94,59,3,107,69" hai2="18,135,47,81,66,56,50,108,12,132,100,79,25" hai3="84,11,92,10,93,23,123,44,36,29,60,122,73"/><W54/><G73/><T7/><D120/><U77/><E69/><V103/><F108/><W35/><G35/><T37/><D34/><U45/><E116/><V78/><F78/><W114/><G114/><T4/><D75/><U2/><E107/><V131/><F25/><W13/><G10/><T121/><D121/><U58/><E17/><V63/><F131/><W128/><G128/><T24/><D102/><U124/><E124/><V53/><F135/><W74/><G74/><T99/><D99/><U55/><E58/><V111/><F111/><W67/><G122/><T15/><D42/><U9/><E2/><V22/><F132/><W0/><G0/><T48/><D37/><U71/><E71/><V95/><F95/><W70/><G84/><AGARI ba="0,0" hai="12,18,22,47,50,53,56,63,66,79,81,84,100,103" machi="84" ten="30,3900,0" yaku="7,1,8,1,52,1" doraHai="76" who="2" fromWho="3" sc="359,0,99,0,332,39,210,-39" owari="359,15.9,99,-40.1,371,47.1,171,-22.9" /></mjloggm>