<mjloggm ver="2.3"><GO type="225" lobby="0"/><UN n0="%E5%B8%86%E7%AB%8B%E5%A4%8F%E8%A1%A3" n1="%E4%B8%89%E5%86%A0%E7%8E%8B%E3%83%BB%E5%B1%B1%E7%94%B0%E5%93%B2%E4%BA%BA" n2="%79%79%78%30%31%31%35" n3="%E3%81%B5%E3%81%98%E3%81%8B%E3%81%A4" dan="16,16,16,17" rate="2146.53,2101.53,2177.60,2197.83" sx="M,M,M,M"/><TAIKYOKU oya="0"/><INIT seed="0,0,0,1,4,21" ten="250,250,250,250" oya="0" hai0="103,83,115,77,70,45,28,122,84,105,53,61,31" hai1="5,92,100,112,95,23,104,113,19,116,69,25,12" hai2="4,40,80,130,36,35,14,34,47,82,63,76,121" hai3="97,123,131,59,24,26,56,51,32,106,129,90,37"/><T16/><D115/><N who="1" m="44107" /><E116/><V91/><F121/><W124/><G123/><T79/><D122/><U99/><E69/><V27/><F130/><N who="3" m="49675" /><G37/><T10/><D105/><U111/><E111/><V67/><F91/><W110/><G110/><T58/><D70/><U18/><E5/><V22/><F14/><W85/><G32/><T93/><D77/><U3/><E3/><V109/><F4/><W89/><G124/><T13/><D45/><U71/><E71/><V54/><F54/><N who="3" m="31839" /><G59/><T75/><D75/><U62/><E62/><V81/><F76/><W86/><G86/><T128/><D128/><U72/><E72/><V57/><REACH who="2" step="1"/><F109/><REACH who="2" ten="250,250,240,250" step="2"/><W20/><G20/><AGARI ba="0,1" hai="12,18,19,20,23,25,92,95,99,100,104" m="44107" machi="20" ten="30,2000,0" yaku="11,1,52,1" doraHai="21" who="1" fromWho="3" sc="250,0,250,30,240,0,250,-20" /><INIT seed="1,0,0,0,4,41" ten="250,280,240,230" oya="1" hai0="123,107,10,28,85,26,47,62,3,38,118,16,94" hai1="87,21,15,13,76,79,133,51,100,9,70,121,122" hai2="89,27,40,37,67,7,117,131,6,91,14,1,83" hai3="20,98,61,119,108,132,74,65,2,49,59,78,50"/><U134/><E70/><V23/><F117/><W115/><G119/><T44/><D118/><U113/><E100/><V75/><F131/><W71/><G115/><T45/><D107/><U69/><E69/><V0/><F67/><W101/><G2/><T84/><D38/><U96/><E96/><V120/><F120/><W106/><G108/><T111/><D111/><U33/><E33/><V60/><F60/><W72/><G132/><N who="1" m="50794" /><E113/><V29/><F14/><W25/><G78/><N who="1" m="29738" /><E87/><V64/><F75/><W30/><REACH who="3" step="1"/><G71/><REACH who="3" ten="250,280,240,220" step="2"/><T73/><D123/><U4/><E122/><V43/><F0/><W77/><G77/><T42/><D3/><U22/><E121/><V31/><F1/><W8/><G8/><T109/><D109/><U18/><E18/><V110/><F110/><W88/><G88/><T95/><D16/><U55/><E15/><V63/><F91/><W58/><G58/><AGARI ba="0,1" hai="4,9,13,21,22,51,55,58" m="29738,50794" machi="58" ten="30,1500,0" yaku="20,1" doraHai="41" who="1" fromWho="3" sc="250,0,280,25,240,0,220,-15" /><INIT seed="1,1,0,5,2,97" ten="250,305,240,205" oya="1" hai0="113,105,38,66,46,36,32,101,65,26,24,34,96" hai1="37,99,102,16,72,3,9,17,71,130,30,67,98" hai2="4,18,128,112,108,106,127,23,83,52,55,131,51" hai3="31,47,126,35,19,62,48,135,53,25,59,90,0"/><U79/><E98/><V39/><F39/><W132/><G126/><T28/><D113/><U123/><E123/><V76/><F108/><W21/><G0/><T133/><D133/><U134/><E134/><V43/><F127/><W77/><G77/><T125/><D125/><U42/><E30/><V68/><F68/><W74/><G74/><T75/><D75/><U22/><E130/><N who="2" m="49707" /><F4/><W56/><G56/><T87/><D34/><U117/><E117/><V44/><F106/><W20/><G35/><T33/><D33/><U88/><E88/><V78/><F112/><W109/><G109/><T11/><D26/><U5/><E22/><V45/><F45/><W84/><G135/><T81/><D11/><U94/><E67/><V100/><F100/><W49/><G132/><T89/><REACH who="0" step="1"/><D38/><REACH who="0" ten="240,305,240,205" step="2"/><U122/><E122/><V82/><F78/><W124/><G124/><T104/><D104/><U85/><E79/><V29/><F76/><W119/><G119/><T50/><D50/><U7/><E37/><V111/><F111/><W10/><G10/><T95/><D95/><U110/><E94/><V60/><F60/><W15/><G47/><T12/><D12/><U13/><E13/><N who="2" m="9679" /><F29/><W6/><G6/><T80/><D80/><AGARI ba="1,1" hai="43,44,51,52,55,80,82,83" m="9679,49707" machi="80" ten="30,2000,0" yaku="19,1,54,1" doraHai="97" who="2" fromWho="0" sc="240,-23,305,0,240,33,205,0" /><AGARI ba="1,0" hai="15,19,20,21,25,31,48,49,53,59,62,80,84,90" machi="80" ten="30,2000,0" yaku="7,1,8,1" doraHai="97" who="3" fromWho="0" sc="217,-20,305,0,273,0,205,20" /><INIT seed="2,0,0,4,3,31" ten="197,305,273,225" oya="2" hai0="42,108,69,87,101,10,6,78,121,83,72,116,8" hai1="122,22,107,75,130,24,11,84,46,124,0,3,33" hai2="15,115,131,109,70,76,60,13,93,18,88,35,90" hai3="55,127,2,94,120,27,104,102,118,111,105,25,36"/><V100/><F115/><W66/><G120/><T80/><D121/><U132/><E75/><V133/><F131/><W16/><G118/><T49/><D108/><U56/><E107/><V79/><F133/><W47/><G111/><T43/><D116/><U44/><E33/><V39/><F39/><W68/><G2/><T29/><D69/><U63/><E122/><V20/><F35/><W110/><G110/><T129/><D129/><U53/><E130/><V99/><F109/><W12/><G127/><T67/><D67/><U48/><E132/><V59/><F70/><W71/><G71/><T123/><D123/><U86/><E46/><V50/><F50/><N who="3" m="29151" /><G105/><T51/><D29/><U97/><E97/><V62/><F13/><W58/><G104/><T5/><D101/><U30/><E124/><V85/><F62/><N who="3" m="38231" /><G36/><T65/><D65/><U14/><E0/><V4/><F4/><W7/><G7/><T128/><D128/><U37/><E3/><V98/><F98/><N who="3" m="59735" /><G68/><T126/><D126/><U113/><E37/><V23/><F23/><AGARI ba="0,0" hai="12,16,23,25,27" m="59735,38231,29151" machi="23" ten="30,2000,0" yaku="8,1,54,1" doraHai="31" who="3" fromWho="2" sc="197,0,305,0,273,-20,225,20" /><INIT seed="3,0,0,4,5,118" ten="197,305,253,245" oya="3" hai0="91,28,72,43,95,33,54,106,93,96,113,99,36" hai1="131,100,109,19,45,50,52,46,14,133,115,0,49" hai2="124,82,103,65,24,9,83,30,18,101,58,23,64" hai3="17,85,98,121,5,29,119,108,55,67,4,79,92"/><W62/><G119/><T71/><D72/><U57/><E0/><V111/><F111/><W31/><G108/><T42/><D106/><U130/><E109/><V3/><F3/><W126/><G126/><T81/><D81/><N who="2" m="30730" /><F124/><W128/><G128/><N who="1" m="49194" /><E133/><V8/><F8/><W116/><G55/><T20/><D33/><U53/><E100/><N who="2" m="38475" /><F58/><W16/><G85/><T135/><D135/><U105/><E105/><V34/><F34/><W88/><G79/><T44/><D113/><U2/><E2/><V122/><F122/><W76/><G121/><T107/><D107/><U63/><E115/><V68/><F68/><W74/><G74/><T112/><D71/><U6/><E6/><N who="3" m="2666" /><G76/><T32/><D32/><U114/><E114/><V48/><F48/><N who="1" m="18537" /><E53/><V22/><F9/><AGARI ba="0,0" hai="9,14,19,45,46,52,57,63" m="18537,49194" machi="9" ten="30,2000,0" yaku="19,1,54,1" doraHai="118" who="1" fromWho="2" sc="197,0,305,20,253,-20,245,0" owari="197,-30.3,325,42.5,233,-16.7,245,4.5" /></mjloggm>