<mjloggm ver="2.3"><GO type="225" lobby="0"/><UN n0="%43%68%65" n1="%73%69%72%6F%75%74" n2="%E6%A1%9C%E8%8A%B1%E9%96%83%E3%80%85" n3="%E3%81%A1%E3%82%85%E3%81%86%E3%81%A9%E3%81%8F%E8%B1%A1%E3%81%95%E3%82%93" dan="16,16,18,16" rate="2157.77,2108.66,2258.54,2085.41" sx="M,M,M,M"/><TAIKYOKU oya="0"/><INIT seed="0,0,0,5,4,12" ten="250,250,250,250" oya="0" hai0="32,38,119,70,107,82,97,37,44,48,85,54,63" hai1="134,106,94,23,108,61,110,71,0,74,17,92,58" hai2="1,93,55,56,131,89,20,68,50,15,72,105,86" hai3="112,96,24,130,78,91,29,19,14,129,6,133,83"/><T13/><D119/><U22/><E106/><V115/><F115/><W41/><G112/><T11/><D32/><U8/><E71/><V81/><F131/><N who="3" m="50187" /><G133/><T25/><D25/><BYE who="0" /><U88/><E74/><V114/><F114/><W117/><G117/><T135/><D135/><U73/><E73/><UN n0="%43%68%65" /><V100/><F1/><W34/><G41/><T101/><D63/><U98/><E134/><V124/><F124/><W64/><G64/><T125/><D70/><U59/><E94/><V79/><F68/><W21/><G6/><T122/><D125/><U67/><E58/><V127/><F127/><W27/><G27/><T53/><D53/><U69/><E69/><V111/><F111/><N who="1" m="42537" /><E0/><V104/><REACH who="2" step="1"/><F100/><REACH who="2" ten="250,250,240,250" step="2"/><W3/><G3/><T7/><REACH who="0" step="1"/><D122/><REACH who="0" ten="240,250,240,250" step="2"/><U51/><E51/><V123/><F123/><W76/><G34/><T120/><D120/><U49/><E49/><V62/><F62/><W42/><G42/><T118/><D118/><U65/><E67/><V84/><F84/><N who="3" m="50591" /><G96/><T16/><D16/><AGARI ba="0,2" hai="15,16,20,50,55,56,72,79,81,86,89,93,104,105" machi="16" ten="40,8000,1" yaku="1,1,25,2,52,1,54,1,53,0" doraHai="12" doraHaiUra="66" who="2" fromWho="0" sc="240,-80,250,0,240,100,250,0" /><INIT seed="1,0,0,4,5,62" ten="160,250,340,250" oya="1" hai0="77,96,60,32,117,14,93,104,82,9,36,130,39" hai1="119,44,58,6,81,4,74,48,50,105,89,124,18" hai2="57,15,85,8,42,108,34,113,132,116,12,64,38" hai3="2,83,135,70,10,69,61,88,49,112,76,90,118"/><U134/><E105/><V127/><F116/><W87/><G112/><T46/><D117/><U78/><E119/><V102/><F113/><W52/><G118/><T17/><D104/><U21/><E134/><V122/><F122/><W120/><G120/><T25/><D130/><U43/><E124/><V110/><F34/><W73/><G135/><T103/><D46/><U3/><E89/><V86/><F102/><W101/><G101/><T56/><D25/><U91/><E91/><V106/><F15/><W20/><G20/><T23/><D9/><U47/><E58/><V59/><F106/><W40/><G40/><T0/><D0/><U30/><E30/><V1/><F1/><W55/><G55/><T37/><D32/><U97/><E97/><V63/><F59/><W16/><G61/><T53/><REACH who="0" step="1"/><D37/><REACH who="0" ten="150,250,340,250" step="2"/><U99/><E3/><V27/><F27/><W26/><G2/><T80/><D80/><U126/><E126/><V72/><F127/><W5/><G26/><T22/><D22/><U128/><E128/><V24/><F24/><W11/><G10/><T51/><D51/><U75/><E48/><V125/><F125/><W133/><G11/><T129/><D129/><U107/><E47/><N who="2" m="24023" /><F132/><W84/><G133/><T31/><D31/><U33/><E33/><V123/><F123/><W100/><G49/><T131/><D131/><U111/><E50/><V94/><F8/><W109/><G83/><T121/><D121/><U92/><E44/><V66/><F12/><W19/><G5/><T65/><D65/><U79/><E21/><V95/><F66/><W7/><G7/><RYUUKYOKU ba="0,1" sc="150,30,250,-10,340,-10,250,-10" hai0="14,17,23,36,39,53,56,60,77,82,93,96,103" /><INIT seed="2,1,1,1,4,100" ten="180,240,330,240" oya="2" hai0="25,68,63,28,117,41,83,39,67,88,119,58,77" hai1="129,64,9,109,18,73,0,14,37,101,115,66,131" hai2="5,78,118,112,65,29,134,3,81,16,110,53,50" hai3="7,116,59,24,106,45,94,125,47,133,33,46,30"/><V111/><F112/><W49/><G116/><N who="0" m="44619" /><D68/><U82/><E115/><V61/><F118/><W60/><G7/><T55/><D39/><U132/><E101/><V121/><F121/><W32/><G133/><T71/><D41/><U75/><E37/><V91/><F29/><W62/><G125/><T15/><D15/><U80/><E109/><N who="2" m="41483" /><F91/><W13/><G32/><T95/><D83/><N who="1" m="31787" /><E0/><V85/><F134/><W97/><G13/><T84/><D77/><U35/><E35/><V104/><F16/><W113/><G113/><T31/><D25/><U135/><E132/><V40/><F40/><W19/><G19/><T70/><D70/><U79/><E135/><V90/><F90/><W98/><G24/><T127/><D127/><U2/><E2/><V69/><F5/><W17/><G30/><T11/><D11/><U114/><E114/><V57/><F3/><W108/><G17/><T124/><D124/><U51/><E79/><V105/><AGARI ba="1,1" hai="50,53,57,61,65,69,78,81,85,104,105" m="41483" machi="105" ten="30,11700,0" yaku="14,1,10,1,52,2" doraHai="100" who="2" fromWho="2" sc="180,-40,240,-40,330,130,240,-40" /><INIT seed="2,2,0,2,1,0" ten="140,200,460,200" oya="2" hai0="43,109,18,107,125,22,9,78,61,130,64,6,86" hai1="62,44,41,26,65,56,105,74,27,30,110,76,67" hai2="32,123,126,111,108,59,54,114,46,104,63,52,73" hai3="7,79,135,2,101,57,97,21,102,71,17,113,132"/><V45/><F73/><W10/><G113/><T89/><D107/><U33/><E105/><V119/><F104/><W66/><G79/><T124/><D43/><U25/><E110/><N who="2" m="42027" /><F32/><W92/><G71/><T12/><D78/><U55/><E76/><V39/><F114/><W4/><G101/><T98/><D98/><U51/><E74/><V40/><F123/><W95/><G95/><T23/><D109/><U127/><E127/><V87/><F87/><W1/><G66/><T122/><D122/><U13/><E13/><V58/><F126/><N who="0" m="48746" /><D130/><U38/><REACH who="1" step="1"/><E65/><REACH who="1" ten="140,190,460,200" step="2"/><N who="2" m="39159" /><F119/><W50/><G1/><T36/><D36/><U116/><E116/><V84/><F84/><W75/><G75/><T81/><D18/><U72/><E72/><V100/><F100/><W48/><G2/><T34/><D34/><U8/><E8/><V28/><F28/><W68/><G10/><T129/><D129/><U112/><E112/><V133/><F133/><W5/><G68/><AGARI ba="2,1" hai="6,9,12,22,23,61,64,68,81,86,89" m="48746" machi="68" ten="30,2000,0" yaku="18,1,52,1" doraHai="0" who="0" fromWho="3" sc="140,36,190,0,460,0,200,-26" /><AGARI ba="2,0" hai="25,26,27,30,33,38,41,44,51,55,56,62,67,68" machi="68" ten="30,7700,0" yaku="1,1,7,1,24,2,53,0" doraHai="0" doraHaiUra="91" who="1" fromWho="3" sc="176,0,190,77,460,0,174,-77" /><INIT seed="3,0,0,2,0,103" ten="176,267,460,97" oya="3" hai0="70,107,1,110,122,39,87,15,125,8,76,59,95" hai1="71,126,35,90,27,84,6,100,43,9,45,4,57" hai2="113,63,23,67,28,42,41,105,19,47,82,130,104" hai3="91,123,92,129,114,31,117,81,88,56,24,127,18"/><W52/><G123/><T112/><D122/><U40/><E71/><V135/><F113/><W78/><G114/><T10/><D112/><U120/><E100/><V37/><F28/><W34/><G117/><T0/><D70/><U13/><E120/><V97/><F130/><W66/><G129/><T75/><D107/><U68/><E68/><V106/><F135/><W12/><G66/><T89/><D39/><U2/><E126/><V55/><F82/><W99/><G127/><T119/><D119/><U21/><E35/><V64/><F42/><W79/><G91/><T36/><D36/><U65/><E4/><V124/><F124/><W51/><REACH who="3" step="1"/><G81/><REACH who="3" ten="176,267,460,87" step="2"/><T14/><D125/><U22/><E65/><V3/><F67/><W69/><G69/><T108/><D76/><U128/><E90/><V72/><F64/><W131/><G131/><T73/><D110/><U20/><E128/><V96/><F96/><W29/><G29/><T132/><D108/><U93/><E27/><V102/><F97/><W44/><G44/><T7/><D132/><U54/><E45/><V30/><F102/><W50/><G50/><T109/><D109/><U11/><E57/><V94/><F30/><W25/><G25/><T101/><D59/><U98/><E98/><V86/><F47/><W80/><G80/><T32/><D101/><U53/><E93/><V5/><F105/><W58/><G58/><T38/><D38/><U49/><E54/><V48/><F106/><W134/><G134/><T118/><D118/><U111/><E53/><V62/><F104/><W33/><G33/><T26/><D32/><RYUUKYOKU ba="0,1" sc="176,-10,267,-10,460,-10,87,30" hai3="12,18,24,31,34,51,52,56,78,79,88,92,99" /><INIT seed="3,1,1,4,0,91" ten="166,257,450,117" oya="3" hai0="73,62,11,39,21,72,52,119,60,120,50,34,134" hai1="115,3,110,58,37,90,56,61,85,59,132,5,130" hai2="27,13,4,100,83,63,26,96,12,93,76,107,47" hai3="108,65,42,67,35,15,131,41,126,124,86,24,36"/><W22/><G35/><T104/><D34/><U54/><E115/><V118/><F118/><W101/><G15/><T97/><D119/><U103/><E37/><V45/><F107/><W135/><G135/><T8/><D39/><U28/><E132/><V92/><F92/><W2/><G2/><T94/><D104/><U102/><E110/><V116/><F63/><N who="0" m="24106" /><D72/><U29/><E130/><V69/><F69/><W68/><G131/><T127/><D73/><U40/><E40/><N who="3" m="15466" /><G68/><T1/><D1/><U19/><E19/><V25/><F116/><W125/><G36/><T128/><D120/><U23/><E5/><V84/><F12/><W16/><G108/><T78/><D128/><U66/><E3/><V81/><F81/><W70/><G70/><T38/><D38/><U51/><E58/><V18/><F4/><W31/><G101/><N who="1" m="38410" /><E23/><AGARI ba="1,1" hai="13,18,23,25,26,27,45,47,76,83,84,93,96,100" machi="23" ten="40,2600,0" yaku="8,1,52,1" doraHai="91" who="2" fromWho="1" sc="166,0,257,-29,450,39,117,0" owari="166,-23.4,228,2.8,489,58.9,117,-38.3" /></mjloggm>