<mjloggm ver="2.3"><GO type="225" lobby="0"/><UN n0="%E3%81%B5%E3%81%98%E3%81%8B%E3%81%A4" n1="%48%61%61%61%6C%61%6E%64" n2="%E5%BA%97%E9%95%B7%4D" n3="%E5%A4%9C%E5%85%89%E5%A4%A9%E6%A5%BC" dan="17,18,16,16" rate="2190.15,2221.04,2107.99,2133.08" sx="M,M,M,F"/><TAIKYOKU oya="0"/><INIT seed="0,0,0,1,1,51" ten="250,250,250,250" oya="0" hai0="35,44,42,133,117,50,125,80,118,4,38,109,47" hai1="89,72,13,119,96,120,36,116,41,75,94,128,30" hai2="28,130,107,40,91,37,77,15,70,55,18,66,85" hai3="115,22,6,2,48,95,93,1,62,73,12,8,21"/><T123/><D123/><U43/><E120/><V122/><F122/><W5/><G73/><T84/><D125/><U124/><E124/><V121/><F121/><W131/><G115/><T67/><D133/><U19/><E128/><V14/><F130/><W0/><G131/><T53/><D35/><U17/><E30/><V90/><F107/><W45/><G62/><T127/><D127/><U27/><E27/><V101/><F101/><W3/><G6/><T82/><D4/><U57/><E19/><V97/><F28/><W79/><G79/><T59/><D109/><U87/><E72/><V54/><F40/><W24/><G22/><T33/><D33/><U111/><E75/><V92/><F37/><W10/><G2/><T134/><D134/><U83/><E111/><V58/><F77/><W11/><G5/><T49/><D82/><U110/><E110/><V32/><F70/><W112/><G12/><N who="2" m="4649" /><F18/><W126/><G112/><T63/><REACH who="0" step="1"/><D50/><REACH who="0" ten="240,250,250,250" step="2"/><U106/><E36/><V99/><F32/><W34/><G34/><T52/><D52/><N who="2" m="20010" /><F90/><AGARI ba="0,1" hai="38,42,44,47,49,53,59,63,67,80,84,90,117,118" machi="90" ten="30,5800,0" yaku="1,1,7,1,52,1,53,0" doraHai="51" doraHaiUra="98" who="0" fromWho="2" sc="240,68,250,0,250,-58,250,0" /><INIT seed="0,1,0,0,3,134" ten="308,250,192,250" oya="0" hai0="125,95,70,77,86,6,33,28,91,13,11,112,2" hai1="46,43,17,92,130,102,44,72,107,37,117,116,56" hai2="14,106,87,50,66,71,88,96,69,53,75,127,85" hai3="76,67,104,135,12,23,81,111,0,128,123,38,4"/><T90/><D112/><U84/><E72/><V42/><F75/><W78/><G38/><T74/><D70/><U20/><E130/><V36/><F127/><W39/><G39/><T93/><D125/><U29/><E29/><V120/><F120/><W133/><G128/><T98/><D74/><U21/><E21/><V59/><F14/><W73/><G104/><T94/><D94/><U99/><E44/><V30/><F30/><W110/><G78/><T18/><D77/><U97/><E84/><V64/><F71/><W105/><G67/><N who="2" m="25641" /><F36/><W32/><G32/><T24/><REACH who="0" step="1"/><D2/><REACH who="0" ten="298,250,192,250" step="2"/><U65/><E92/><N who="2" m="56327" /><F106/><W118/><G105/><T48/><D48/><U1/><E1/><V113/><F69/><W80/><G0/><T19/><AGARI ba="1,1" hai="6,11,13,18,19,24,28,33,86,90,91,93,95,98" machi="19" ten="30,3000,0" yaku="1,1,0,1,53,0" doraHai="134" doraHaiUra="57" who="0" fromWho="0" sc="298,43,250,-11,192,-11,250,-11" /><INIT seed="0,2,0,5,1,127" ten="341,239,181,239" oya="0" hai0="89,76,62,47,64,54,84,77,36,72,44,7,100" hai1="33,29,50,107,110,90,40,5,97,10,129,12,80" hai2="93,0,78,24,123,87,13,23,96,27,57,15,79" hai3="3,17,48,60,108,2,38,118,120,41,18,122,125"/><T66/><D100/><U113/><E110/><V92/><F0/><N who="3" m="43" /><G38/><T116/><D116/><U103/><E113/><V69/><F69/><W22/><G60/><T70/><D66/><U31/><E33/><V134/><F123/><N who="3" m="47147" /><G118/><T52/><D72/><U65/><E65/><V14/><F134/><W34/><G108/><T46/><D36/><U26/><E26/><N who="2" m="9771" /><F23/><W114/><G114/><T59/><D7/><U86/><E129/><V128/><F128/><W1/><N who="3" m="51" /><W99/><DORA hai="58" /><G125/><T133/><D133/><U74/><REACH who="1" step="1"/><E74/><REACH who="1" ten="341,229,181,239" step="2"/><V4/><F4/><W112/><G34/><T83/><D70/><U104/><E104/><V109/><F109/><W49/><G112/><T30/><D30/><U6/><E6/><V85/><F57/><W119/><G119/><T132/><D132/><U81/><E81/><N who="2" m="47287" /><F96/><W101/><G99/><T117/><D117/><U95/><E95/><V75/><F75/><W32/><G32/><T130/><D130/><U20/><E20/><V106/><F106/><W91/><G22/><T67/><D67/><U63/><E63/><V9/><F9/><W43/><G17/><T11/><D11/><U35/><E35/><V73/><F73/><W131/><G18/><T135/><D135/><U28/><E28/><V25/><N who="2" m="9779" /><V98/><DORA hai="88" /><F98/><W71/><G131/><T68/><D68/><U105/><E105/><V8/><F8/><W21/><G71/><T16/><D16/><U82/><E82/><AGARI ba="2,1" hai="13,14,15,79,82,87,92,93" m="47287,9779" machi="82" ten="40,5200,0" yaku="8,1,52,2" doraHai="127,58,88" who="2" fromWho="1" sc="341,0,229,-58,181,68,239,0" /><INIT seed="1,0,0,3,4,134" ten="341,171,249,239" oya="1" hai0="76,69,132,3,124,38,121,25,129,128,66,99,6" hai1="88,106,83,24,54,97,41,93,60,80,51,40,70" hai2="113,15,87,85,110,17,133,116,104,131,56,74,84" hai3="100,119,18,12,108,16,65,105,89,14,109,91,5"/><U107/><E24/><V2/><F2/><W77/><G77/><T120/><D38/><U117/><E117/><V26/><F116/><W39/><G119/><T50/><D132/><U37/><E37/><V71/><F133/><W31/><G31/><T58/><D124/><U48/><E106/><V20/><F71/><W78/><G78/><T10/><D76/><U126/><E126/><V4/><F74/><W13/><G5/><T21/><D99/><U22/><E22/><V81/><F104/><W122/><G122/><N who="0" m="47211" /><D69/><U46/><E107/><V29/><F110/><N who="3" m="42603" /><G65/><T75/><D75/><U23/><E23/><V115/><F131/><W111/><G39/><T95/><D95/><U135/><E135/><V42/><F42/><W67/><G67/><T35/><D35/><U98/><E98/><V123/><F123/><W47/><G100/><T72/><D72/><U63/><E40/><V55/><F4/><W43/><G105/><T61/><D50/><U118/><E118/><V19/><F81/><N who="1" m="31305" /><E70/><V28/><F28/><AGARI ba="0,0" hai="3,6,10,21,25,28,58,61,66,128,129" m="47211" machi="28" ten="30,1000,0" yaku="13,1" doraHai="134" who="0" fromWho="2" sc="341,10,171,0,249,-10,239,0" /><INIT seed="2,0,0,3,3,88" ten="351,171,239,239" oya="2" hai0="34,55,5,74,119,60,3,32,26,21,22,87,76" hai1="1,130,39,6,102,131,113,80,96,95,30,49,78" hai2="51,98,133,73,43,11,77,46,37,111,92,70,63" hai3="61,40,91,12,57,79,28,44,16,125,69,47,84"/><V52/><F133/><W31/><G125/><T68/><D74/><U120/><E113/><V114/><F114/><W132/><G79/><T100/><D100/><U45/><E30/><N who="3" m="11306" /><G40/><T129/><D129/><N who="1" m="49163" /><E39/><V67/><F111/><W27/><G27/><T35/><D26/><U18/><E18/><V71/><F11/><N who="3" m="6175" /><G69/><T2/><D68/><U94/><E120/><V58/><F77/><W24/><G24/><T83/><D76/><U29/><E29/><V54/><F54/><N who="3" m="33975" /><G132/><T103/><D34/><U106/><E6/><V104/><F104/><W56/><G56/><N who="0" m="34847" /><D2/><U81/><E1/><V59/><REACH who="2" step="1"/><F73/><REACH who="2" ten="351,171,229,239" step="2"/><W0/><G0/><T101/><D3/><U41/><E78/><V75/><F75/><W19/><G19/><T89/><D35/><U97/><E106/><V10/><F10/><W9/><G9/><T7/><D32/><U126/><E126/><V4/><F4/><W72/><G72/><T121/><D5/><U123/><E123/><V118/><F118/><W112/><G112/><T90/><D7/><U127/><E127/><V99/><F99/><W36/><G36/><T124/><D121/><U135/><E135/><V116/><F116/><W23/><G23/><T108/><D124/><U82/><E97/><V8/><F8/><W25/><G25/><T17/><D119/><U50/><E50/><V20/><F20/><N who="0" m="7786" /><D108/><U64/><E64/><V93/><F93/><AGARI ba="0,1" hai="44,47,84,91,93" m="33975,6175,11306" machi="93" ten="30,3900,0" yaku="8,1,52,1,54,1" doraHai="88" who="3" fromWho="2" sc="351,0,171,0,229,-39,239,49" /><INIT seed="3,0,0,2,2,86" ten="351,171,190,288" oya="3" hai0="2,26,112,47,27,106,103,14,56,45,23,62,96" hai1="72,43,132,78,121,98,60,105,21,131,101,71,17" hai2="67,81,115,57,28,66,111,53,10,97,42,0,8" hai3="1,90,89,69,15,76,85,118,113,102,51,22,52"/><W4/><G113/><T99/><D2/><U24/><E121/><V80/><F115/><W5/><G118/><T39/><D112/><U50/><E131/><V33/><F33/><W123/><G69/><T91/><D39/><U87/><E132/><V46/><F28/><W36/><G36/><T107/><D14/><U19/><E72/><V116/><F116/><W32/><G32/><T34/><D34/><U25/><E71/><V12/><F111/><W122/><G122/><T125/><D125/><U100/><E60/><N who="2" m="35887" /><F0/><W20/><G102/><T18/><D26/><U79/><E101/><V63/><F97/><W61/><G61/><T117/><D107/><U59/><E87/><V77/><F77/><W9/><G4/><T13/><D13/><U7/><E7/><N who="2" m="3103" /><F10/><W83/><G123/><T110/><D110/><U82/><E82/><N who="2" m="31851" /><F63/><W38/><G38/><T93/><D117/><U35/><E35/><V126/><F126/><W55/><G1/><T40/><D40/><U120/><E120/><V11/><F11/><W124/><G124/><T16/><D18/><U65/><E43/><V49/><AGARI ba="0,0" hai="42,46,49,66,67" m="31851,3103,35887" machi="49" ten="30,1100,0" yaku="8,1" doraHai="86" who="2" fromWho="2" sc="351,-3,171,-3,190,11,288,-5" owari="348,44.8,168,-33.2,201,-19.9,283,8.3" /></mjloggm>