<mjloggm ver="2.3"><GO type="225" lobby="0"/><UN n0="%E5%8D%A0%E3%81%84%E5%B8%AB%E8%A3%8F%E3%81%AA%E3%81%84%E3%81%97" n1="%E3%81%B5%E3%81%98%E3%81%8B%E3%81%A4" n2="%E3%83%97%E3%83%AC%E3%83%B4%E3%82%A1%E3%83%86%E3%82%A3" n3="%E9%B3%B3%E6%9D%B1%E3%81%AE%E3%81%BF%E3%81%91%E3%81%AB%E3%82%83%E3%82%93" dan="16,16,16,17" rate="2166.98,2116.24,2097.64,2146.36" sx="M,M,F,F"/><TAIKYOKU oya="0"/><INIT seed="0,0,0,5,4,2" ten="250,250,250,250" oya="0" hai0="128,10,79,103,135,67,68,69,119,93,98,53,31" hai1="101,83,131,51,74,17,23,80,107,18,94,122,55" hai2="126,88,50,115,76,16,1,36,33,28,117,71,13" hai3="81,8,9,113,20,57,56,92,42,30,130,114,6"/><T54/><D119/><U38/><E122/><V45/><F117/><W85/><G130/><T110/><D128/><U132/><E131/><V34/><F71/><W19/><G42/><T123/><D123/><U86/><E38/><V124/><F36/><W44/><G44/><T22/><D135/><U100/><E132/><V40/><F115/><W134/><G30/><T3/><D79/><U77/><E107/><V108/><F76/><W90/><G9/><T49/><D110/><U105/><E105/><V29/><F108/><W118/><G118/><T63/><D53/><U66/><E66/><V116/><F1/><W39/><G39/><T129/><D129/><U89/><E83/><V70/><F70/><W0/><G134/><T127/><D127/><N who="2" m="48682" /><F116/><W99/><G114/><T25/><D3/><U91/><E91/><V120/><F120/><W7/><G7/><T4/><D10/><U14/><REACH who="1" step="1"/><E17/><REACH who="1" ten="250,240,250,250" step="2"/><V133/><F133/><W35/><G113/><T43/><D68/><U41/><E41/><V111/><F111/><W59/><G35/><N who="2" m="13321" /><F88/><W87/><REACH who="3" step="1"/><G81/><REACH who="3" ten="250,240,250,240" step="2"/><T48/><D43/><U75/><E75/><V106/><F106/><W24/><AGARI ba="0,2" hai="0,6,8,19,20,24,56,57,59,85,87,90,92,99" machi="24" ten="30,7900,0" yaku="1,1,2,1,0,1,52,1,53,0" doraHai="2" doraHaiUra="58" who="3" fromWho="3" sc="250,-39,240,-20,250,-20,240,99" /><INIT seed="1,0,0,2,3,7" ten="211,220,230,339" oya="1" hai0="114,45,24,32,29,113,92,96,5,16,15,50,111" hai1="56,12,67,110,47,26,95,126,74,122,34,72,85" hai2="58,99,69,112,82,36,73,27,14,71,123,93,80" hai3="120,21,125,133,89,18,132,84,117,86,53,11,87"/><U76/><E122/><V108/><F123/><W115/><G115/><T109/><D5/><U49/><E126/><V135/><F36/><W46/><G120/><T121/><D121/><U130/><E130/><V64/><F108/><N who="0" m="41546" /><D50/><U41/><E110/><V91/><F135/><N who="3" m="51787" /><G125/><T83/><D83/><U4/><E34/><V119/><F119/><W78/><G78/><T98/><D45/><U48/><E26/><V54/><F112/><N who="0" m="43114" /><D92/><U128/><E128/><V70/><F64/><W118/><G89/><T25/><D25/><U81/><E95/><V30/><F73/><W31/><G31/><T65/><D65/><U68/><E68/><V59/><F58/><W97/><G97/><T79/><D79/><U35/><E35/><V44/><F44/><W23/><G46/><T66/><D66/><U90/><E90/><V57/><F57/><W60/><G60/><T17/><D17/><U62/><REACH who="1" step="1"/><E49/><REACH who="1" ten="211,210,230,339" step="2"/><V107/><F107/><W51/><G117/><T75/><D75/><U3/><E3/><V8/><F71/><W129/><G118/><T22/><AGARI ba="0,1" hai="15,16,22,24,29,32,96,98" m="43114,41546" machi="22" ten="30,2000,0" yaku="14,1,54,1" doraHai="7" who="0" fromWho="0" sc="211,30,210,-10,230,-5,339,-5" /><INIT seed="2,0,0,4,2,100" ten="241,200,225,334" oya="2" hai0="90,114,95,135,92,128,97,113,91,93,121,41,62" hai1="15,37,119,76,55,89,29,66,38,47,18,88,73" hai2="65,123,94,0,104,86,132,125,75,21,70,46,24" hai3="48,117,130,108,126,39,67,16,58,72,85,116,56"/><V49/><F123/><W6/><G72/><T60/><D121/><U5/><E119/><V120/><F120/><W81/><G39/><T83/><D41/><U84/><E66/><V64/><F75/><W134/><G6/><T42/><D42/><U34/><E5/><V112/><F112/><W101/><G108/><T87/><D128/><U45/><E73/><V7/><F125/><W9/><G130/><T22/><D135/><U35/><E76/><V133/><F104/><W54/><G134/><N who="2" m="51817" /><F70/><W129/><G129/><T8/><D8/><U82/><E37/><V52/><F7/><W110/><G110/><T32/><D32/><U74/><E74/><V13/><F13/><N who="3" m="7215" /><G126/><T68/><D68/><U111/><E111/><V10/><F10/><W80/><G101/><T105/><D105/><U36/><E36/><V109/><F0/><W118/><G80/><T40/><D114/><U106/><E106/><V77/><F109/><W96/><G96/><T127/><D97/><U57/><E38/><V59/><F46/><N who="3" m="27927" /><G67/><T99/><D127/><U27/><E47/><V53/><F53/><W63/><G63/><T12/><D60/><U71/><E45/><V28/><F77/><W102/><G102/><T44/><D113/><U122/><E122/><V17/><F28/><W20/><G20/><T26/><D62/><N who="1" m="36159" /><E71/><V103/><F103/><W11/><G11/><T19/><D12/><U3/><E3/><V51/><F51/><AGARI ba="0,0" hai="19,22,26,40,44,51,83,87,90,91,92,93,95,99" machi="51" ten="30,2000,0" yaku="7,1,8,1" doraHai="100" who="0" fromWho="2" sc="241,20,200,0,225,-20,334,0" /><INIT seed="3,0,0,2,3,35" ten="261,200,205,334" oya="3" hai0="1,41,7,11,72,120,99,49,50,70,30,125,24" hai1="131,8,3,2,106,129,130,40,57,32,51,118,27" hai2="114,81,37,21,94,17,44,119,42,16,89,90,66" hai3="62,92,105,15,108,122,88,34,115,104,127,45,4"/><W65/><G34/><T19/><D120/><U55/><E118/><V87/><F119/><W135/><G45/><T85/><D72/><U110/><E110/><V128/><F114/><W100/><G100/><T69/><D19/><U111/><E111/><V67/><F128/><W48/><G48/><T96/><D41/><U61/><E106/><V103/><F17/><W82/><G82/><T20/><D125/><U112/><E112/><V33/><F33/><W126/><G135/><T47/><D50/><U26/><E8/><V25/><F103/><W6/><G122/><T14/><D69/><U12/><E12/><V86/><AGARI ba="0,0" hai="16,21,25,37,42,44,66,67,81,86,87,89,90,94" machi="86" ten="20,2700,0" yaku="0,1,7,1,54,1" doraHai="35" who="2" fromWho="2" sc="261,-7,200,-7,205,27,334,-13" owari="254,5.4,193,-30.7,232,-16.8,321,42.1" /></mjloggm>