<mjloggm ver="2.3"><GO type="225" lobby="0"/><UN n0="%E3%81%BF%E3%81%BF%E3%81%9A" n1="%E3%83%B4%E3%83%A0%EF%BC%99%E3%81%A6" n2="%77%72%77%72%77%72%77%72" n3="%72%69%6F%75%63%68%61%6E" dan="17,17,16,16" rate="2245.76,2202.29,2128.33,2167.54" sx="M,M,M,M"/><TAIKYOKU oya="0"/><INIT seed="0,0,0,3,3,24" ten="250,250,250,250" oya="0" hai0="99,53,120,128,67,33,55,22,40,44,56,63,116" hai1="27,97,61,112,51,58,43,117,50,109,101,72,16" hai2="21,68,121,46,65,2,48,111,7,87,6,59,42" hai3="0,105,38,18,124,1,66,54,77,94,34,4,84"/><T14/><D116/><U129/><E117/><V103/><F121/><W95/><G105/><T71/><D120/><U57/><E72/><V32/><F32/><W39/><G124/><T78/><D33/><U135/><E109/><V73/><F73/><W10/><G0/><T89/><D128/><U31/><E129/><V122/><F122/><W107/><G107/><T125/><D125/><U86/><E135/><V36/><F2/><W29/><G66/><T80/><D99/><U13/><E86/><V74/><F74/><W70/><G70/><T35/><D35/><U49/><E43/><V131/><F111/><W133/><G133/><T79/><D89/><U81/><E81/><V37/><F131/><W17/><G54/><T5/><D71/><U52/><E58/><V28/><F103/><W115/><G115/><T100/><D100/><U119/><E112/><V30/><F68/><W76/><G38/><T93/><D93/><N who="1" m="58543" /><E119/><V90/><F36/><W20/><G39/><T106/><D106/><U41/><E41/><V12/><F37/><W110/><G110/><T92/><D92/><N who="3" m="35369" /><G84/><N who="0" m="48151" /><D79/><N who="3" m="30281" /><G34/><T132/><D132/><U69/><E69/><V123/><F123/><W64/><G64/><T130/><D130/><U88/><E88/><V47/><F47/><W85/><G85/><T91/><D91/><U82/><E82/><N who="2" m="49527" /><F65/><W113/><G113/><T134/><D134/><U8/><E51/><V45/><F45/><W102/><G102/><T19/><D5/><N who="2" m="1546" /><F59/><W3/><G3/><T96/><D96/><U62/><E49/><AGARI ba="0,0" hai="14,19,22,40,44,49,53,55,56,63,67" m="48151" machi="49" ten="30,1500,0" yaku="8,1" doraHai="24" who="0" fromWho="1" sc="250,15,250,-15,250,0,250,0" /><INIT seed="0,1,0,0,0,32" ten="265,235,250,250" oya="0" hai0="52,102,40,114,132,109,45,134,93,26,53,1,29" hai1="81,30,4,48,43,49,3,6,56,127,92,118,10" hai2="37,65,14,60,125,97,19,121,98,31,91,59,131" hai3="50,27,12,133,36,104,88,135,20,35,110,108,47"/><T120/><D114/><U112/><E118/><V38/><F121/><W87/><G104/><T79/><D120/><U41/><E112/><V51/><F131/><W28/><G36/><T46/><D79/><U130/><E130/><V61/><F125/><W105/><G105/><T67/><D67/><U0/><E127/><V25/><F51/><W57/><G57/><T15/><D15/><U13/><E30/><V68/><F38/><W7/><G7/><T5/><D102/><U83/><E92/><V11/><F37/><W75/><G75/><T21/><D93/><U113/><E113/><V122/><F91/><W76/><G76/><T128/><D128/><U70/><E13/><V82/><F82/><N who="3" m="49271" /><G35/><T103/><D103/><U69/><E56/><V106/><F106/><W24/><G27/><T101/><D101/><U126/><E126/><V23/><REACH who="2" step="1"/><F122/><REACH who="2" ten="265,235,240,250" step="2"/><W63/><G63/><T89/><D89/><U8/><AGARI ba="1,1" hai="0,3,4,6,8,10,41,43,48,49,69,70,81,83" machi="8" ten="25,8000,1" yaku="0,1,22,2,52,2" doraHai="32" who="1" fromWho="1" sc="265,-41,235,93,240,-21,250,-21" /><INIT seed="1,0,0,2,5,10" ten="224,328,219,229" oya="1" hai0="57,133,15,121,25,44,58,36,128,119,40,34,104" hai1="61,71,46,37,41,81,113,126,43,96,125,135,14" hai2="22,49,112,97,31,122,92,50,93,23,111,66,21" hai3="110,2,8,33,5,91,120,99,28,78,129,124,45"/><U108/><E113/><V103/><F111/><W117/><G120/><T76/><D119/><U101/><E135/><V102/><F122/><W30/><G124/><N who="1" m="47722" /><E108/><V47/><F112/><W68/><G129/><T98/><D121/><U127/><E43/><V19/><F66/><W107/><G110/><T134/><D76/><U62/><E81/><V17/><F31/><W109/><G109/><T56/><D128/><U20/><E71/><V1/><F1/><W100/><G117/><T72/><D72/><U65/><E65/><V11/><F11/><W74/><G68/><T27/><D15/><U26/><E127/><V118/><F118/><W42/><G33/><T16/><D34/><U95/><E14/><V39/><F39/><W75/><G91/><T32/><D32/><U64/><E64/><V55/><REACH who="2" step="1"/><F49/><REACH who="2" ten="224,328,209,229" step="2"/><W59/><G59/><T82/><D57/><U115/><E115/><V4/><F4/><W105/><G105/><T79/><D56/><U60/><E61/><V6/><F6/><W52/><G2/><T114/><D58/><U132/><E132/><N who="0" m="50793" /><D114/><U84/><E60/><V24/><F24/><W73/><G5/><T69/><D69/><U35/><E62/><V83/><F83/><N who="3" m="45519" /><G8/><T0/><D0/><U131/><E131/><V12/><F12/><W70/><G70/><T38/><D36/><U130/><E130/><V116/><F116/><W123/><G123/><T89/><D16/><N who="1" m="12551" /><E35/><V90/><F90/><W48/><G42/><T80/><D89/><U54/><E54/><V51/><F51/><W29/><G48/><T77/><D38/><U13/><E13/><RYUUKYOKU ba="0,1" sc="224,-30,328,10,209,10,229,10" hai1="37,41,46,84,95,96,101" hai2="17,19,21,22,23,47,50,55,92,93,97,102,103" hai3="28,29,30,45,52,74,75,99,100,107" /><INIT seed="1,1,1,3,4,7" ten="194,338,219,239" oya="1" hai0="95,49,30,115,58,80,55,12,117,37,48,56,45" hai1="106,19,24,67,18,74,121,110,132,41,118,28,29" hai2="89,71,109,122,59,82,57,54,70,93,98,72,40" hai3="60,14,10,91,22,27,38,65,51,85,112,113,77"/><U96/><E118/><V9/><F122/><W26/><G38/><T90/><D115/><U34/><E121/><V88/><F109/><W4/><G77/><T124/><D117/><U61/><E74/><V21/><F40/><W108/><G108/><T63/><D124/><U81/><E110/><V87/><F72/><W107/><G107/><T129/><D129/><U1/><E1/><V3/><F57/><W16/><G51/><T75/><D30/><U39/><E29/><V114/><F114/><W32/><G32/><T68/><D68/><N who="1" m="42095" /><E81/><V0/><F21/><W97/><G97/><T15/><D37/><U44/><E132/><V104/><F104/><W102/><G102/><AGARI ba="1,1" hai="18,19,24,28,34,39,41,44,96,102,106" m="42095" machi="102" ten="30,1500,0" yaku="25,1" doraHai="7" who="1" fromWho="3" sc="194,0,338,28,219,0,239,-18" /><INIT seed="1,2,0,1,5,98" ten="194,366,219,221" oya="1" hai0="109,87,24,44,86,105,107,10,100,19,47,89,131" hai1="127,30,130,27,121,118,45,113,74,120,42,106,82" hai2="88,8,53,28,13,90,68,95,72,133,99,32,6" hai3="15,37,62,31,25,49,77,71,56,125,66,128,18"/><U3/><E3/><V21/><F133/><W126/><G128/><T63/><D131/><U51/><E130/><V108/><F108/><W85/><G37/><T26/><D109/><U4/><E4/><V123/><F123/><W14/><G71/><T129/><D129/><U97/><E113/><V102/><F72/><W46/><G77/><T11/><D89/><U65/><E118/><V38/><F38/><W58/><G56/><T22/><D22/><U134/><E134/><V48/><F32/><W103/><G85/><T9/><D9/><U94/><E106/><V39/><F39/><W41/><G103/><T91/><D91/><U1/><E65/><V57/><REACH who="2" step="1"/><F68/><REACH who="2" ten="194,366,209,221" step="2"/><W104/><G126/><T55/><D100/><U101/><E74/><V7/><F7/><W80/><G125/><T34/><D34/><U117/><E127/><V92/><F92/><W36/><G104/><T114/><D114/><U83/><E94/><V35/><F35/><W124/><G124/><T78/><D107/><U59/><E101/><V132/><F132/><W115/><G115/><T112/><D105/><U111/><E121/><V54/><F54/><W84/><G36/><T43/><D112/><U2/><E111/><V79/><F79/><W20/><REACH who="3" step="1"/><G18/><REACH who="3" ten="194,366,209,211" step="2"/><T135/><D19/><U17/><E17/><V23/><F23/><W122/><G122/><T81/><D135/><U96/><E120/><V5/><F5/><W0/><G0/><T75/><D78/><U50/><E1/><V69/><F69/><W67/><G67/><T64/><D64/><U29/><E2/><V40/><F40/><RYUUKYOKU ba="2,2" sc="194,-15,366,-15,209,15,211,15" hai2="6,8,13,21,28,48,53,57,88,90,95,99,102" hai3="14,15,20,25,31,41,46,49,58,62,66,80,84" /><INIT seed="2,3,2,2,4,51" ten="179,351,224,226" oya="2" hai0="54,29,85,88,26,59,133,25,69,114,132,21,40" hai1="125,79,134,106,73,42,53,123,34,104,118,55,83" hai2="90,50,84,46,65,95,58,77,101,97,113,111,22" hai3="63,81,10,94,57,31,72,7,19,61,13,131,126"/><V66/><F113/><W62/><G126/><T5/><D114/><U23/><E34/><V15/><F111/><W121/><G121/><T12/><D69/><U71/><E118/><V99/><F77/><W130/><G31/><T68/><D68/><U127/><E123/><V0/><F0/><W75/><G94/><N who="0" m="54543" /><D40/><U91/><E71/><V18/><F99/><W47/><G47/><T70/><D70/><U96/><E42/><V39/><F39/><W16/><G57/><T117/><D117/><U105/><E134/><N who="0" m="51817" /><D5/><U1/><E1/><V110/><F58/><W2/><G19/><N who="0" m="10471" /><D29/><U4/><E4/><V52/><REACH who="2" step="1"/><F110/><REACH who="2" ten="179,351,214,226" step="2"/><W115/><G115/><T116/><D116/><U38/><E38/><V60/><F60/><AGARI ba="3,3" hai="25,26,54,59,60" m="10471,51817,54543" machi="60" ten="30,3900,0" yaku="20,1,52,1,54,1" doraHai="51" who="0" fromWho="2" sc="179,78,351,0,214,-48,226,0" /><INIT seed="3,0,0,0,3,54" ten="257,351,166,226" oya="3" hai0="21,132,56,20,41,50,109,61,6,0,46,51,81" hai1="27,118,87,48,121,44,24,112,40,18,8,71,26" hai2="10,122,133,55,84,43,79,93,134,72,75,58,110" hai3="98,73,100,13,124,131,63,103,39,60,59,15,97"/><W92/><G124/><T65/><D109/><U37/><E121/><V5/><F110/><W123/><G131/><T111/><D111/><U89/><E112/><V2/><F122/><W125/><G125/><T85/><D132/><U90/><E71/><V78/><F43/><W11/><G123/><T25/><D0/><U70/><E70/><V77/><F84/><W14/><G73/><T67/><D6/><U127/><E127/><V105/><F105/><W45/><G39/><T23/><D51/><U99/><E118/><V42/><F42/><W47/><G11/><T126/><D126/><U116/><E116/><V1/><F1/><W107/><REACH who="3" step="1"/><G63/><REACH who="3" ten="257,351,166,216" step="2"/><T91/><REACH who="0" step="1"/><D67/><AGARI ba="0,1" hai="13,14,15,45,47,59,60,67,92,97,98,100,103,107" machi="67" ten="40,7700,0" yaku="1,1,2,1,52,1,53,0" doraHai="54" doraHaiUra="106" who="3" fromWho="0" sc="257,-77,351,0,166,0,216,87" /><INIT seed="3,1,0,0,1,59" ten="180,351,166,303" oya="3" hai0="131,91,129,36,18,109,121,135,117,22,63,80,66" hai1="102,92,15,79,111,75,128,74,20,134,62,71,31" hai2="61,86,68,19,55,72,78,6,56,21,105,11,30" hai3="4,52,7,35,2,89,0,124,118,46,88,45,57"/><W94/><G118/><T112/><D117/><U110/><E134/><V25/><F105/><W5/><G35/><T65/><D121/><U16/><E128/><N who="0" m="49225" /><D109/><N who="1" m="41483" /><E31/><V43/><F72/><W96/><G124/><T114/><D36/><U70/><E62/><V119/><F119/><W32/><G32/><T54/><D135/><U47/><E47/><N who="3" m="17930" /><G0/><T24/><D54/><U10/><E20/><V38/><F68/><N who="1" m="26153" /><E79/><V48/><F38/><W82/><G2/><T73/><D63/><U27/><E27/><V69/><F69/><W9/><G9/><T26/><D26/><U3/><E3/><V64/><F43/><W93/><G82/><T29/><D29/><U50/><E50/><V113/><F113/><N who="0" m="43626" /><D91/><N who="3" m="34889" /><G96/><AGARI ba="1,0" hai="10,15,16,74,75,92,96,102" m="26153,41483" machi="96" ten="30,2000,0" yaku="14,1,54,1" doraHai="59" who="1" fromWho="3" sc="180,0,351,23,166,0,303,-23" owari="180,-22.0,374,47.4,166,-33.4,280,8.0" /></mjloggm>