<mjloggm ver="2.3"><GO type="225" lobby="0"/><UN n0="%E8%81%B7%E6%A5%AD%E3%80%81%E9%A2%A8%32" n1="%73%61%6E%64%69%72%69%73" n2="%72%69%6F%75%63%68%61%6E" n3="%4B%2E%32%2E%4B%2E" dan="16,16,16,16" rate="2145.56,2142.20,2121.82,2121.55" sx="M,M,M,M"/><TAIKYOKU oya="0"/><INIT seed="0,0,0,1,2,86" ten="250,250,250,250" oya="0" hai0="119,52,43,89,48,122,134,4,47,50,95,103,73" hai1="37,128,62,51,49,38,104,46,112,121,132,44,92" hai2="63,80,111,39,19,1,11,97,135,59,100,66,115" hai3="65,84,79,27,116,12,82,105,76,33,41,14,31"/><T126/><D122/><U74/><E104/><V21/><F111/><W17/><G116/><T30/><D119/><U130/><E74/><V101/><F135/><W117/><G117/><T3/><D134/><U83/><E83/><V107/><F115/><W133/><G133/><T67/><D73/><U108/><E132/><V58/><F39/><N who="1" m="14857" /><E92/><V70/><F101/><W40/><G105/><T109/><D126/><U99/><E99/><V60/><F63/><W71/><G12/><T10/><D109/><U127/><E108/><V110/><F110/><W20/><G65/><T93/><D30/><U85/><E85/><V56/><F1/><W53/><G71/><T81/><D103/><U96/><E96/><V61/><F11/><W55/><G76/><T13/><D3/><U123/><E62/><V42/><F42/><W34/><G34/><T131/><D67/><U36/><N who="1" m="14865" /><U54/><DORA hai="124" /><E127/><V69/><F80/><W77/><G79/><T26/><D26/><U6/><E6/><V72/><F72/><W23/><G33/><T129/><D81/><U98/><E98/><V114/><F114/><W64/><G64/><T88/><D95/><U68/><E68/><N who="2" m="42055" /><F61/><W87/><G87/><T7/><D7/><U35/><E35/><V78/><F78/><W0/><G0/><T29/><D29/><U9/><E9/><V18/><F18/><W22/><G20/><T15/><D15/><U57/><E112/><V106/><F107/><W8/><G22/><T5/><D5/><U2/><E2/><V120/><F120/><N who="1" m="46153" /><E57/><N who="2" m="14595" /><V45/><DORA hai="24" /><F45/><W28/><G28/><RYUUKYOKU ba="0,0" sc="250,-30,250,10,250,10,250,10" hai1="44,46,49,51,54,128,130" hai2="19,21,69,70,97,100,106" hai3="8,14,17,23,27,31,40,41,53,55,77,82,84" /><INIT seed="1,1,0,4,5,60" ten="220,260,260,260" oya="1" hai0="65,103,110,105,42,15,69,106,121,66,30,100,96" hai1="17,43,98,4,0,59,20,64,41,27,71,63,94" hai2="44,132,111,109,126,61,51,135,1,29,32,47,115" hai3="95,3,125,122,31,73,5,16,127,81,38,124,116"/><U112/><E112/><V21/><F32/><W2/><G122/><T97/><D121/><U13/><E0/><V18/><F126/><W91/><G116/><T87/><D69/><U117/><E117/><V129/><F129/><W86/><G38/><T56/><D110/><N who="2" m="41994" /><F1/><W11/><G31/><T50/><D30/><U107/><E107/><V72/><F72/><W7/><G16/><T89/><D15/><U55/><E4/><N who="3" m="1610" /><G11/><T101/><D101/><U36/><E36/><V8/><F115/><W102/><G102/><T75/><D75/><U77/><E77/><AGARI ba="1,0" hai="2,3,73,77,81,86,91,95,124,125,127" m="1610" machi="77" ten="40,1300,0" yaku="18,1" doraHai="60" who="3" fromWho="1" sc="220,0,260,-16,260,0,260,16" /><INIT seed="2,0,0,0,5,64" ten="220,244,260,276" oya="2" hai0="14,0,17,117,131,106,133,45,52,125,46,116,85" hai1="8,30,112,4,81,34,67,2,104,69,84,107,33" hai2="120,59,115,13,28,75,70,74,103,6,91,54,77" hai3="56,58,37,73,16,63,32,95,65,24,31,111,40"/><V134/><F115/><W114/><G114/><T92/><D106/><U122/><E112/><V57/><F120/><W12/><G73/><T1/><D125/><U98/><E122/><V71/><F103/><W101/><G111/><T78/><D131/><U113/><E113/><V83/><F74/><W93/><G101/><T43/><D133/><U9/><E98/><V127/><F134/><W5/><G5/><T94/><D78/><U42/><E42/><V7/><F127/><W68/><G40/><T86/><D43/><U26/><E34/><V108/><F28/><W18/><G18/><T82/><D82/><U99/><E99/><V11/><F108/><W41/><G37/><T80/><D80/><U38/><E9/><V61/><F6/><W62/><G41/><T100/><D100/><U49/><E49/><V110/><F110/><W55/><REACH who="3" step="1"/><G58/><REACH who="3" ten="220,244,260,266" step="2"/><T44/><D1/><U87/><E38/><V118/><F118/><N who="0" m="45674" /><D0/><U47/><E2/><V119/><F119/><W89/><G89/><T79/><D79/><U53/><E4/><V109/><F109/><W97/><G97/><T123/><D123/><U25/><E104/><V35/><F91/><W105/><G105/><T128/><D128/><U66/><E107/><V39/><F39/><W132/><G132/><T51/><D86/><U23/><E87/><V3/><F3/><W126/><G126/><T129/><D129/><U50/><E84/><V90/><F90/><W27/><G27/><T121/><D121/><U135/><E26/><V130/><F130/><W21/><AGARI ba="0,1" hai="12,16,21,24,31,32,55,56,62,63,65,68,93,95" machi="21" ten="20,8000,1" yaku="1,1,0,1,7,1,52,1,54,1,53,0" doraHai="64" doraHaiUra="76" who="3" fromWho="3" sc="220,-20,244,-20,260,-40,266,90" /><INIT seed="3,0,0,0,0,10" ten="200,224,220,356" oya="3" hai0="42,54,48,90,125,62,108,47,9,6,7,81,88" hai1="121,93,122,115,127,45,23,120,78,56,2,91,95" hai2="123,124,41,8,38,87,86,40,71,131,36,135,61" hai3="73,5,16,59,44,117,134,80,21,15,57,11,69"/><W110/><G69/><T72/><D108/><U29/><E115/><V85/><F38/><W77/><G117/><T96/><D125/><U99/><E2/><V111/><F36/><W118/><G118/><T13/><D72/><U130/><E130/><V66/><F111/><W31/><G110/><T102/><D7/><U1/><E1/><V133/><F124/><W24/><G134/><N who="2" m="51209" /><F131/><W34/><G44/><T49/><D62/><U53/><E78/><V25/><F123/><W67/><G67/><T22/><D22/><U19/><E127/><V39/><F39/><W103/><G103/><T109/><D109/><U76/><E76/><V12/><F25/><AGARI ba="0,0" hai="5,11,15,16,21,24,25,31,34,57,59,73,77,80" machi="25" ten="30,5800,0" yaku="7,1,52,1,54,1" doraHai="10" who="3" fromWho="2" sc="200,0,224,0,220,-58,356,58" owari="200,-20.0,224,2.4,162,-33.8,414,51.4" /></mjloggm>