<mjloggm ver="2.3"><GO type="225" lobby="0"/><UN n0="%72%69%6F%75%63%68%61%6E" n1="%E5%AE%AE%E4%BF%9D%E9%B6%8F%E8%82%89" n2="%43%68%65" n3="%E3%81%AF%E3%82%88%E3%81%8A%E3%81%98%E3%81%95%E3%82%93" dan="17,16,16,16" rate="2287.89,2115.87,2194.83,2146.20" sx="M,M,M,M"/><TAIKYOKU oya="0"/><INIT seed="0,0,0,2,3,42" ten="250,250,250,250" oya="0" hai0="6,106,12,30,88,81,127,134,86,27,7,109,25" hai1="76,13,29,103,118,1,52,120,64,65,78,46,66" hai2="45,132,58,38,125,69,87,101,121,104,117,113,107" hai3="16,129,15,128,59,122,40,32,114,82,90,97,26"/><T91/><D127/><U102/><E118/><V48/><F69/><W33/><G114/><T75/><D134/><U20/><E120/><V34/><F34/><W18/><G122/><T85/><D106/><U119/><E1/><V108/><F121/><W124/><G124/><T62/><D109/><U94/><E119/><V57/><F113/><W28/><G32/><T84/><D62/><U9/><E29/><V14/><F108/><W22/><G40/><T77/><D25/><U123/><E20/><V4/><F125/><W47/><G47/><T130/><D130/><U51/><E123/><V60/><F38/><W96/><G59/><T73/><D73/><U89/><E78/><V135/><F58/><W41/><G41/><T70/><D70/><U72/><E76/><V95/><F117/><W19/><G82/><T50/><D50/><U92/><E72/><V111/><F111/><W67/><G67/><T105/><D105/><U8/><E8/><N who="2" m="4359" /><F87/><W2/><G2/><T79/><D79/><U31/><E31/><V10/><F10/><W115/><G115/><T54/><D7/><N who="1" m="3263" /><E94/><V24/><F24/><W35/><G33/><N who="0" m="20703" /><D12/><U55/><E55/><N who="2" m="30095" /><F95/><N who="3" m="56439" /><G35/><T74/><D6/><U56/><E56/><V93/><F93/><W39/><G39/><T0/><D0/><U126/><E126/><V37/><F37/><W99/><G15/><T68/><D75/><U112/><E112/><V44/><F44/><W63/><G63/><T133/><D68/><U23/><E23/><V5/><F5/><W17/><G28/><T71/><D71/><U80/><E92/><V116/><F116/><RYUUKYOKU ba="0,0" sc="250,-15,250,15,250,-15,250,15" hai1="46,51,52,64,65,66,80,89,102,103" hai3="16,17,18,19,22,26,97,99,128,129" /><INIT seed="1,1,0,4,5,54" ten="235,265,235,265" oya="1" hai0="27,34,76,74,26,88,72,126,93,96,51,48,31" hai1="103,1,97,134,79,14,67,18,10,35,15,42,99" hai2="40,47,98,50,119,104,65,114,84,55,64,129,131" hai3="127,135,21,102,90,71,59,61,77,22,85,130,69"/><U128/><E35/><V57/><F84/><W108/><G108/><T92/><D126/><U100/><E1/><V8/><F8/><W132/><G77/><T56/><D27/><U117/><E117/><V91/><F119/><W125/><G102/><N who="1" m="38954" /><E134/><N who="3" m="51242" /><G130/><N who="2" m="49673" /><F104/><W13/><G69/><T124/><D124/><N who="3" m="47689" /><G13/><T133/><D133/><U25/><E128/><V43/><F91/><W36/><G36/><T110/><D110/><U81/><E25/><V12/><F98/><W63/><G63/><T112/><D112/><U60/><E42/><N who="2" m="15915" /><F12/><W37/><G71/><T122/><D76/><U53/><E67/><N who="2" m="25675" /><F114/><W29/><G29/><T52/><D122/><U105/><E105/><V75/><F75/><W19/><G19/><T109/><D109/><U86/><E15/><V2/><F2/><W107/><G107/><T28/><D28/><U66/><E66/><V78/><F78/><W58/><G61/><T121/><D121/><U23/><E10/><V20/><F20/><N who="3" m="7787" /><G37/><T16/><D16/><U33/><E33/><V0/><F0/><W94/><AGARI ba="1,0" hai="58,59,85,90,94" m="7787,47689,51242" machi="94" ten="40,8000,1" yaku="20,1,18,1,52,2" doraHai="54" who="3" fromWho="3" sc="235,-21,265,-41,235,-21,265,83" /><INIT seed="2,0,0,1,3,43" ten="214,224,214,348" oya="2" hai0="20,61,27,3,127,47,33,68,64,8,41,69,70" hai1="65,72,45,13,122,18,96,104,76,95,62,85,120" hai2="53,102,51,56,109,131,24,113,99,50,54,125,124" hai3="135,118,111,36,30,22,94,126,117,32,35,92,31"/><V46/><F113/><W83/><G22/><T0/><D127/><U59/><E72/><V19/><F131/><W66/><G83/><T88/><D88/><N who="1" m="55399" /><E104/><V73/><F73/><W55/><G55/><T9/><D9/><U67/><E45/><V129/><F129/><W26/><G26/><T119/><D119/><U11/><E85/><V105/><REACH who="2" step="1"/><F109/><REACH who="2" ten="214,224,204,348" step="2"/><W84/><G111/><T81/><D81/><U29/><E122/><V39/><F39/><W6/><G36/><N who="0" m="21927" /><D20/><AGARI ba="0,1" hai="19,20,24,46,50,51,53,54,56,99,102,105,124,125" machi="20" ten="40,12000,1" yaku="1,1,52,1,53,2" doraHai="43" doraHaiUra="48" who="2" fromWho="0" sc="214,-120,224,0,204,130,348,0" /><INIT seed="2,1,0,0,0,115" ten="94,224,334,348" oya="2" hai0="0,17,131,97,133,10,6,53,60,18,71,23,30" hai1="3,61,47,123,34,52,27,120,118,99,44,63,56" hai2="104,22,74,72,112,41,89,88,25,129,101,64,8" hai3="135,19,79,100,2,11,109,107,121,43,33,32,82"/><V111/><F112/><W80/><G121/><N who="1" m="46666" /><E3/><V28/><F41/><W65/><G82/><T9/><D71/><U20/><E34/><V39/><F39/><W84/><G109/><T96/><D131/><U102/><E63/><V93/><F129/><W51/><G135/><T70/><D133/><U132/><E132/><V116/><F116/><W128/><G128/><T92/><D10/><U67/><E67/><V85/><F111/><W103/><G65/><T35/><D70/><U1/><E1/><V55/><F64/><W126/><G126/><T86/><D17/><N who="1" m="12687" /><E118/><V114/><F114/><W21/><G2/><T24/><D86/><U106/><AGARI ba="1,0" hai="44,47,52,56,61,99,102,106" m="12687,46666" machi="106" ten="30,2000,0" yaku="13,1,54,1" doraHai="115" who="1" fromWho="1" sc="94,-6,224,23,334,-11,348,-6" /><INIT seed="3,0,0,4,1,119" ten="88,247,323,342" oya="3" hai0="64,47,81,103,131,49,73,124,23,6,57,5,121" hai1="39,85,101,42,96,123,70,56,90,54,98,77,69" hai2="3,46,53,18,74,125,78,48,55,4,117,91,2" hai3="130,118,106,94,107,59,128,12,88,126,67,58,122"/><W72/><G122/><T87/><D73/><U60/><E123/><V15/><F117/><W79/><G118/><T108/><D108/><U99/><E77/><V37/><F37/><W7/><G126/><T9/><D131/><N who="3" m="50217" /><G79/><T115/><D124/><U51/><E39/><V63/><F125/><W65/><G72/><T135/><D135/><U16/><E69/><V93/><F4/><W44/><G44/><T111/><D111/><U24/><E70/><V50/><F63/><W71/><G12/><T10/><D115/><U0/><E0/><V133/><F133/><W102/><G7/><T45/><D103/><U104/><E42/><V75/><F75/><W14/><G14/><T29/><D121/><U31/><E31/><V26/><F26/><W82/><G82/><T84/><D29/><U100/><E104/><N who="3" m="39978" /><G102/><T120/><D120/><U109/><E109/><V129/><F129/><W35/><G35/><T97/><D23/><U40/><E40/><V62/><F62/><N who="3" m="40375" /><G67/><T22/><D22/><U43/><E43/><V61/><F61/><W20/><G20/><T116/><D116/><U114/><E114/><V34/><F34/><W132/><G132/><T105/><D105/><U134/><E134/><V38/><F38/><W27/><G27/><T21/><D21/><U76/><E76/><V8/><F78/><W113/><G113/><T32/><D32/><U28/><E28/><V1/><F74/><W36/><G36/><T83/><D64/><U41/><E24/><V30/><F30/><W95/><G95/><T19/><D5/><U80/><E101/><V112/><F112/><RYUUKYOKU ba="0,0" sc="88,-10,247,-10,323,-10,342,30" hai3="58,59,88,94" owari="78,-42.2,237,-16.3,313,11.3,372,47.2" /></mjloggm>