<mjloggm ver="2.3"><GO type="225" lobby="0"/><UN n0="%43%68%65" n1="%E6%A1%9C%E8%8A%B1%E9%96%83%E3%80%85" n2="%E6%80%AA%E3%81%97%E3%81%99%E3%81%8E%E3%82%8B%E3%83%81%E3%83%BC" n3="%E6%97%A5%E6%9B%9C%E6%97%A5%E3%82%88%E3%82%8A%E3%81%AE%E4%BD%BF%E8%80%85" dan="16,18,16,17" rate="2145.36,2270.37,2125.93,2141.81" sx="M,M,M,M"/><TAIKYOKU oya="0"/><INIT seed="0,0,0,5,4,77" ten="250,250,250,250" oya="0" hai0="97,7,14,133,116,23,79,35,10,134,32,135,113" hai1="105,60,42,31,27,4,76,18,61,46,115,82,37" hai2="54,127,56,91,88,103,39,102,131,45,101,64,2" hai3="70,83,17,12,93,38,75,122,120,110,112,123,117"/><T63/><D113/><U33/><E115/><V26/><F2/><W8/><G112/><T3/><D97/><U80/><E105/><V1/><F1/><W74/><G117/><T124/><D116/><U19/><E4/><V94/><F131/><W125/><G38/><T71/><D79/><U128/><E128/><V107/><F127/><W73/><G70/><T51/><D51/><U29/><E29/><V106/><F64/><W30/><G125/><T66/><REACH who="0" step="1"/><D124/><REACH who="0" ten="240,250,250,250" step="2"/><U108/><E61/><V86/><F39/><W99/><G110/><T21/><D21/><U121/><E108/><V52/><F106/><W62/><G62/><T53/><D53/><U6/><E60/><V100/><F107/><W57/><G123/><T118/><D118/><U16/><E121/><V126/><F126/><W55/><G122/><T72/><D72/><U40/><E40/><V90/><F54/><W34/><G120/><T111/><D111/><U44/><E76/><V9/><F52/><W11/><G55/><T84/><D84/><U43/><REACH who="1" step="1"/><E6/><REACH who="1" ten="240,240,250,250" step="2"/><V119/><F119/><W78/><G78/><T87/><D87/><U129/><E129/><V59/><F86/><W47/><G74/><T20/><D20/><U15/><E15/><V98/><F45/><W104/><G47/><T109/><D109/><U92/><E92/><V48/><F94/><W36/><G73/><T41/><D41/><U114/><E114/><V13/><F13/><W89/><G104/><T81/><D81/><U130/><E130/><V67/><N who="2" m="25600" /><DORA hai="25" /><V95/><F95/><W65/><G75/><T132/><D132/><RYUUKYOKU ba="0,2" sc="240,15,240,15,250,-15,250,-15" hai0="3,7,10,14,23,32,35,63,66,71,133,134,135" hai1="16,18,19,27,31,33,37,42,43,44,46,80,82" /><INIT seed="0,1,2,2,0,16" ten="255,255,235,235" oya="0" hai0="105,76,71,92,128,44,79,75,26,4,116,15,11" hai1="3,77,28,6,73,9,78,69,90,20,86,22,61" hai2="112,109,133,43,13,113,114,134,126,110,37,25,56" hai3="51,83,18,7,62,87,55,84,41,32,111,12,31"/><T135/><D116/><U93/><E28/><V106/><F106/><W64/><G111/><N who="2" m="42505" /><F13/><W102/><G7/><T104/><D71/><U72/><E78/><V81/><F81/><W80/><G102/><T66/><D66/><U88/><E90/><V19/><F19/><W53/><G41/><T52/><D135/><N who="2" m="51722" /><F25/><W29/><G32/><T63/><D128/><U125/><E125/><V35/><F35/><W124/><G124/><T21/><D105/><U60/><E77/><V129/><F126/><W85/><G29/><T118/><D118/><U82/><E82/><V30/><F30/><W1/><G31/><N who="0" m="17871" /><D104/><U47/><E47/><N who="2" m="24047" /><F56/><W0/><G0/><T59/><D75/><U17/><E20/><V50/><F50/><W2/><G51/><N who="0" m="28775" /><D92/><U24/><REACH who="1" step="1"/><E69/><REACH who="1" ten="255,245,235,235" step="2"/><V99/><F99/><W42/><G83/><T95/><D76/><U68/><E68/><V115/><F115/><W97/><G80/><T10/><D79/><U23/><E23/><V27/><F27/><W45/><G97/><T36/><D11/><U49/><E49/><V46/><F46/><W70/><G45/><T98/><D10/><U14/><E14/><V38/><F38/><W132/><G132/><T117/><D36/><U74/><AGARI ba="1,3" hai="3,6,9,17,22,24,60,61,72,73,74,86,88,93" machi="74" ten="30,7900,0" yaku="1,1,0,1,52,1,54,1,53,0" doraHai="16" doraHaiUra="120" who="1" fromWho="1" sc="255,-40,245,112,235,-21,235,-21" /><INIT seed="1,0,0,5,1,84" ten="215,357,214,214" oya="1" hai0="49,25,15,121,92,10,83,62,81,40,133,53,95" hai1="11,67,34,117,58,128,22,52,31,118,30,129,97" hai2="60,4,101,109,17,71,76,51,2,131,61,74,111" hai3="113,124,102,37,18,12,14,28,87,70,20,116,80"/><U6/><E67/><V126/><F131/><N who="1" m="50249" /><E97/><V19/><F126/><W41/><G113/><T94/><D133/><U54/><E34/><V86/><F101/><W59/><G70/><T106/><D106/><U104/><E104/><V27/><F74/><W64/><G124/><T91/><D121/><U69/><E69/><V13/><F71/><W23/><G116/><N who="1" m="44650" /><E22/><N who="2" m="13775" /><F51/><W98/><G37/><T21/><D62/><N who="1" m="36167" /><E54/><V120/><F120/><W68/><G68/><T38/><D40/><U8/><E8/><V24/><F60/><W115/><G41/><T48/><D38/><U56/><E56/><V55/><F61/><W79/><G59/><T112/><D53/><U89/><E89/><V45/><F55/><W85/><G64/><T42/><D42/><U47/><E47/><V9/><F45/><W39/><G98/><T16/><D112/><U75/><E75/><V65/><F65/><W132/><G115/><T130/><D130/><U93/><E93/><V114/><F114/><W108/><G102/><T99/><D94/><U3/><AGARI ba="0,0" hai="3,6,11,30,31" m="36167,44650,50249" machi="3" ten="30,3000,0" yaku="19,1,54,1" doraHai="84" who="1" fromWho="1" sc="215,-10,357,30,214,-10,214,-10" /><INIT seed="1,1,0,3,3,109" ten="205,387,204,204" oya="1" hai0="17,54,79,69,35,34,130,58,97,135,124,5,73" hai1="98,93,74,65,40,66,38,106,30,48,44,22,2" hai2="18,10,114,128,3,57,16,62,115,28,14,23,49" hai3="46,84,120,103,0,85,9,127,36,101,11,121,76"/><U122/><E122/><V64/><F128/><W77/><G36/><T37/><D69/><U100/><E2/><V15/><F3/><W72/><G0/><T75/><D37/><U102/><E74/><V70/><F28/><W67/><G127/><T78/><D5/><U12/><E38/><V96/><F49/><W4/><G67/><T95/><D75/><U92/><E106/><V117/><F117/><W31/><G72/><T129/><D124/><U39/><E39/><V32/><F32/><W86/><G46/><T87/><D87/><U104/><E104/><V13/><F96/><W131/><G31/><T7/><D7/><U99/><REACH who="1" step="1"/><E12/><REACH who="1" ten="205,377,204,204" step="2"/><V50/><F14/><W24/><G131/><T45/><D73/><U59/><E59/><V19/><F19/><W68/><G68/><T61/><D17/><U53/><E53/><V88/><F70/><W60/><G4/><T105/><D130/><U83/><E83/><V89/><REACH who="2" step="1"/><F50/><REACH who="2" ten="205,377,194,204" step="2"/><W6/><G6/><T90/><D129/><U20/><E20/><V33/><F33/><W56/><G121/><T80/><D35/><U63/><E63/><V119/><F119/><W133/><G120/><T94/><D34/><U29/><E29/><V110/><F110/><W125/><G125/><T43/><D61/><U21/><E21/><V126/><F126/><W25/><G60/><T91/><D105/><U42/><E42/><V1/><F1/><W27/><G77/><T123/><D79/><U26/><AGARI ba="1,2" hai="22,26,30,40,44,48,65,66,92,93,98,99,100,102" machi="26" ten="30,11700,0" yaku="1,1,0,1,9,1,8,1,53,0" doraHai="109" doraHaiUra="134" who="1" fromWho="1" sc="205,-40,377,140,194,-40,204,-40" /><INIT seed="1,2,0,0,3,48" ten="165,517,154,164" oya="1" hai0="97,77,76,96,126,92,111,30,90,119,106,35,13" hai1="95,17,23,2,32,41,103,79,10,98,16,135,72" hai2="45,7,20,34,88,25,58,107,93,63,60,22,112" hai3="21,24,125,104,87,75,44,123,120,116,26,1,118"/><U128/><E32/><V6/><F107/><W64/><G75/><T91/><D119/><N who="3" m="45609" /><G104/><T28/><D111/><U39/><E135/><V59/><F112/><W80/><G1/><T66/><D126/><U124/><E124/><V37/><F34/><W102/><G125/><T46/><D66/><U81/><E128/><V100/><F100/><W117/><N who="3" m="45617" /><W134/><DORA hai="47" /><G134/><T133/><D133/><U19/><E41/><V85/><F37/><W73/><G73/><T0/><D0/><U9/><E39/><V15/><F45/><W67/><G102/><T110/><D110/><U74/><E74/><V36/><F36/><W40/><G67/><T108/><D106/><U53/><E2/><V129/><F129/><W84/><G64/><T62/><D62/><N who="2" m="23594" /><F20/><W4/><G4/><N who="2" m="1577" /><F15/><W31/><G26/><T70/><D13/><U33/><E33/><V51/><F51/><N who="3" m="27015" /><G87/><T78/><D35/><U68/><E68/><V5/><N who="2" m="1585" /><V82/><DORA hai="12" /><F82/><W130/><G130/><T18/><D70/><U27/><E9/><V38/><F38/><W89/><AGARI ba="2,0" hai="21,24,31,80,84,89,120,123" m="27015,45617" machi="89" ten="40,2700,0" yaku="12,1,52,1" doraHai="48,47,12" who="3" fromWho="3" sc="165,-9,517,-15,154,-9,164,33" /><INIT seed="2,0,0,4,4,64" ten="156,502,145,197" oya="2" hai0="87,101,115,21,57,112,102,119,63,4,81,32,69" hai1="40,111,3,89,67,75,108,134,66,48,110,60,122" hai2="135,107,95,129,117,82,7,106,24,49,133,38,41" hai3="18,50,26,27,121,45,33,35,126,113,47,56,91"/><V0/><F117/><W97/><G113/><T2/><D32/><U92/><E122/><V83/><F129/><W86/><G121/><T51/><D119/><U11/><E75/><V58/><F95/><N who="3" m="56575" /><G35/><T109/><D109/><U43/><E134/><N who="2" m="51211" /><F24/><N who="3" m="9259" /><G33/><T132/><D132/><U127/><E127/><V19/><F19/><W104/><G104/><N who="2" m="39977" /><F38/><W94/><G18/><T37/><D37/><U130/><E130/><V79/><F79/><W80/><G94/><T114/><D114/><U88/><E89/><V12/><F0/><W6/><G6/><T5/><D2/><U17/><E17/><V46/><F58/><W120/><G120/><T78/><D115/><U1/><E1/><V22/><F22/><W77/><G126/><T30/><D112/><U61/><E92/><V105/><N who="2" m="39985" /><V34/><DORA hai="52" /><F34/><W85/><G85/><T25/><D5/><U28/><E3/><V10/><AGARI ba="0,0" hai="7,10,12,41,46,49,82,83" m="39985,51211" machi="10" ten="50,2400,0" yaku="20,1" doraHai="64,52" who="2" fromWho="2" sc="156,-8,502,-8,145,24,197,-8" /><INIT seed="2,1,0,1,4,14" ten="148,494,169,189" oya="2" hai0="133,61,99,101,16,45,120,15,1,47,57,102,6" hai1="100,76,63,90,91,124,79,86,89,12,70,28,22" hai2="119,65,82,64,9,62,123,4,112,132,73,46,78" hai3="134,58,116,69,56,43,13,92,10,39,113,122,11"/><V131/><F112/><W24/><G116/><T87/><D120/><U21/><E124/><V77/><F119/><W17/><G69/><T40/><D133/><U67/><E100/><V48/><F123/><W83/><G122/><T118/><D118/><U72/><E72/><V84/><F132/><W18/><G134/><T127/><D127/><U111/><E111/><V30/><F131/><W93/><G113/><T104/><D102/><U52/><E52/><V105/><F105/><W96/><G83/><T44/><D87/><U50/><E50/><V117/><F30/><W8/><G39/><T23/><D6/><U54/><E54/><V94/><F117/><W20/><G43/><T33/><D1/><U68/><E68/><V29/><F29/><W42/><G42/><T7/><D7/><U59/><E70/><V2/><F62/><W106/><G106/><T41/><REACH who="0" step="1"/><D33/><REACH who="0" ten="138,494,169,189" step="2"/><U114/><E86/><V88/><REACH who="2" step="1"/><F78/><REACH who="2" ten="138,494,159,189" step="2"/><W5/><G5/><T130/><D130/><U27/><E114/><V125/><F125/><W126/><G126/><T103/><D103/><U35/><E35/><V66/><F66/><AGARI ba="1,2" hai="15,16,23,40,41,44,45,47,57,61,66,99,101,104" machi="66" ten="40,5200,0" yaku="1,1,52,1,54,1,53,0" doraHai="14" doraHaiUra="71" who="0" fromWho="2" sc="138,75,494,0,159,-55,189,0" /><INIT seed="3,0,0,0,0,11" ten="213,494,104,189" oya="3" hai0="132,12,103,67,127,7,112,81,65,105,69,59,47" hai1="21,95,42,4,79,66,131,49,15,5,82,106,14" hai2="13,119,1,101,84,72,70,60,129,121,27,26,62" hai3="28,74,116,87,58,43,99,56,96,122,64,6,17"/><W117/><G74/><T128/><D69/><U93/><E106/><V9/><F1/><W124/><G122/><T135/><D127/><U51/><E66/><V18/><F72/><W61/><G28/><T111/><D111/><U3/><E3/><V30/><F129/><W8/><G124/><T109/><D109/><U19/><E131/><V86/><F119/><W90/><G43/><T100/><D128/><U75/><E15/><V76/><F121/><W41/><G41/><T40/><D81/><U102/><E51/><V125/><F125/><W77/><G77/><T71/><D59/><U39/><E39/><V46/><F101/><W130/><G130/><T133/><D112/><U55/><E42/><V33/><F70/><W134/><G134/><T44/><D44/><U23/><E23/><V37/><F26/><W22/><G58/><T24/><D24/><U108/><E108/><V0/><F46/><W52/><G64/><N who="0" m="24651" /><D105/><U63/><E63/><V123/><F37/><W80/><G117/><T16/><D7/><U10/><E102/><V32/><F123/><W57/><G57/><T50/><D71/><U98/><E98/><V25/><F0/><W114/><G116/><T89/><D89/><U88/><E88/><V36/><F36/><W92/><G114/><T38/><D38/><U53/><E53/><V20/><F76/><W110/><G80/><T126/><D126/><U45/><E75/><V35/><REACH who="2" step="1"/><F25/><REACH who="2" ten="213,494,94,189" step="2"/><N who="3" m="14543" /><G110/><T2/><D2/><N who="1" m="279" /><E82/><V48/><F48/><W107/><G61/><AGARI ba="0,1" hai="9,13,18,20,27,30,32,33,35,60,61,62,84,86" machi="61" ten="40,2600,0" yaku="1,1,52,1,53,0" doraHai="11" doraHaiUra="85" who="2" fromWho="3" sc="213,0,494,0,94,36,189,-26" owari="213,1.3,494,59.4,130,-37.0,163,-23.7" /></mjloggm>