<mjloggm ver="2.3"><GO type="225" lobby="0"/><UN n0="%E3%81%82%E3%81%99%E3%81%AB%E3%82%83%E3%82%80" n1="%E3%81%8F%E3%82%8A%E3%83%94%E3%83%BC" n2="%4C%4F%4C%49%54%41" n3="%E7%89%B9%E6%9D%B1%E3%81%AF%E4%B8%96%E7%95%8C%E3%82%92%E6%95%91%E3%81%86" dan="16,16,16,16" rate="2021.18,2098.25,2175.93,2170.19" sx="F,M,F,M"/><TAIKYOKU oya="0"/><INIT seed="0,0,0,0,5,106" ten="250,250,250,250" oya="0" hai0="79,95,108,57,46,0,96,23,109,93,73,36,35" hai1="1,90,89,26,107,126,65,114,17,125,29,44,50" hai2="94,134,112,3,13,98,130,91,128,113,16,28,129" hai3="31,78,103,85,88,56,123,30,24,92,135,72,74"/><T116/><D35/><U39/><E39/><V120/><F120/><W82/><G123/><T70/><D70/><U124/><E114/><V37/><F3/><W38/><G38/><T47/><D0/><U62/><E17/><V111/><F134/><W22/><G135/><T121/><D116/><U45/><E107/><V2/><F2/><W20/><G103/><T97/><D121/><U10/><E10/><V48/><F111/><N who="0" m="42570" /><D57/><N who="1" m="37071" /><E1/><V49/><F37/><W67/><G74/><T115/><D115/><N who="2" m="44106" /><F28/><W77/><G77/><T5/><D5/><U21/><E45/><N who="0" m="16905" /><D23/><AGARI ba="0,0" hai="13,16,23,48,49,91,94,98,128,129,130" m="44106" machi="23" ten="40,2600,0" yaku="19,1,54,1" doraHai="106" who="2" fromWho="0" sc="250,-26,250,0,250,26,250,0" /><INIT seed="1,0,0,3,5,2" ten="224,250,276,250" oya="1" hai0="131,11,102,116,115,90,105,109,81,45,7,110,31" hai1="36,8,107,54,44,20,9,83,5,126,39,14,92" hai2="12,55,59,6,29,0,97,80,13,58,66,21,18" hai3="112,35,69,50,43,3,42,117,79,121,57,40,41"/><U114/><E107/><V16/><F29/><W52/><G35/><T89/><D115/><U4/><E114/><V76/><F97/><W23/><G3/><T98/><D116/><U67/><E126/><V68/><F68/><W63/><G112/><T33/><D131/><U118/><E118/><V86/><F66/><N who="3" m="41183" /><G79/><T65/><D65/><U113/><E113/><V125/><F125/><W26/><G23/><T91/><D45/><U71/><E83/><V124/><F124/><W53/><G26/><T56/><D56/><U88/><E71/><V130/><F130/><W84/><G84/><T119/><D119/><U104/><E67/><V72/><F72/><W93/><G93/><T128/><D128/><U49/><E104/><V85/><F85/><W95/><G95/><T135/><D135/><U61/><E61/><N who="2" m="36063" /><F0/><W27/><G27/><T133/><D133/><U77/><E77/><V47/><F59/><N who="3" m="33175" /><G117/><T75/><D31/><U22/><E39/><V62/><F6/><N who="1" m="2665" /><E36/><V99/><F80/><W73/><G73/><T74/><D33/><U70/><E70/><V51/><F76/><W38/><G121/><T96/><D81/><U103/><E103/><V108/><F62/><N who="3" m="36143" /><G43/><T24/><D96/><N who="1" m="57351" /><E8/><V101/><F101/><W25/><G25/><T127/><D127/><U94/><E94/><V46/><F21/><W123/><G123/><T10/><D24/><U30/><E30/><V19/><F12/><W15/><G15/><N who="0" m="5599" /><D11/><U34/><E34/><V78/><F78/><W100/><G100/><T37/><D74/><U129/><E129/><V120/><F120/><W48/><G38/><RYUUKYOKU ba="0,0" sc="224,-15,250,15,276,-15,250,15" hai1="9,14,20,22,44,49,54" hai3="40,41,42,48" /><INIT seed="1,1,0,3,0,34" ten="209,265,261,265" oya="1" hai0="105,110,121,16,31,6,79,97,126,70,32,82,72" hai1="42,33,116,26,132,37,35,68,125,80,62,93,56" hai2="109,102,9,13,61,89,98,46,2,5,92,88,65" hai3="123,106,113,128,11,53,122,4,58,52,1,134,51"/><U18/><E116/><V69/><F109/><W118/><G113/><T112/><D110/><U48/><E125/><V60/><F60/><W38/><G118/><T0/><D126/><U22/><E132/><V101/><F89/><W59/><G134/><T131/><D112/><U8/><E68/><V94/><F46/><W12/><G38/><T124/><D124/><U21/><E37/><V67/><F67/><W50/><G128/><T17/><D131/><U39/><E39/><V15/><REACH who="2" step="1"/><F101/><REACH who="2" ten="209,265,251,265" step="2"/><W64/><G64/><T45/><D45/><U76/><E62/><V47/><F47/><W75/><G123/><T104/><D121/><U74/><E42/><V78/><F78/><W85/><G122/><T25/><D70/><U71/><E71/><V129/><F129/><W63/><G63/><T81/><D81/><U115/><E115/><V28/><F28/><W77/><G77/><T29/><D31/><U7/><E56/><V130/><F130/><W96/><G59/><T91/><D91/><U27/><E48/><V66/><F66/><W86/><G50/><T41/><D41/><U24/><E93/><V40/><F40/><W20/><G51/><T43/><D43/><U103/><E103/><V57/><F57/><W108/><G58/><T95/><D105/><U44/><E44/><V87/><AGARI ba="1,1" hai="2,5,9,13,15,61,65,69,87,88,92,94,98,102" machi="87" ten="20,8000,1" yaku="1,1,0,1,7,1,52,1,54,1,53,0" doraHai="34" doraHaiUra="73" who="2" fromWho="2" sc="209,-21,265,-41,251,93,265,-21" /><INIT seed="2,0,0,2,0,98" ten="188,224,344,244" oya="2" hai0="59,130,101,65,42,123,83,70,134,94,133,64,105" hai1="15,7,124,82,115,114,75,28,23,49,51,27,92" hai2="57,113,1,54,34,63,81,58,87,25,9,90,88" hai3="62,131,116,72,41,22,10,109,67,52,12,117,32"/><V5/><F113/><W4/><G32/><T122/><D70/><U126/><E92/><V17/><F17/><W91/><G72/><T53/><D42/><U21/><E82/><V112/><F112/><N who="1" m="43049" /><E75/><V18/><F18/><W69/><G109/><T110/><D110/><U127/><E51/><V43/><F43/><W129/><G41/><T38/><D38/><U8/><E49/><V14/><F1/><W84/><G22/><AGARI ba="0,0" hai="7,8,15,21,22,23,27,28,124,126,127" m="43049" machi="22" ten="40,5200,0" yaku="18,1,34,2" doraHai="98" who="1" fromWho="3" sc="188,0,224,52,344,0,244,-52" /><INIT seed="3,0,0,1,0,85" ten="188,276,344,192" oya="3" hai0="81,7,43,72,91,133,61,84,30,80,52,31,103" hai1="99,55,23,122,113,5,10,49,40,128,34,6,75" hai2="106,131,4,35,27,54,9,134,124,39,92,114,94" hai3="1,13,83,115,29,132,48,65,79,69,88,90,116"/><W120/><G115/><T70/><D70/><U57/><E34/><V109/><F114/><W78/><G116/><T44/><D133/><U33/><E33/><V21/><BYE who="1" /><F39/><W20/><G120/><T2/><D103/><U111/><E111/><V117/><F35/><W0/><G132/><T129/><D129/><U104/><E104/><V59/><F134/><W135/><G135/><T77/><D61/><U50/><E50/><V112/><F112/><W11/><G0/><T8/><REACH who="0" step="1"/><D52/><REACH who="0" ten="178,276,344,192" step="2"/><U126/><E126/><V82/><F54/><W15/><G1/><T47/><D47/><U16/><E16/><V42/><F131/><W93/><G69/><T97/><D97/><U32/><E32/><V107/><F124/><W127/><G127/><T86/><D86/><U102/><E102/><V28/><F117/><UN n1="%E3%81%8F%E3%82%8A%E3%83%94%E3%83%BC" /><W125/><G125/><T14/><D14/><N who="3" m="5129" /><G65/><T89/><D89/><U98/><E128/><V45/><F45/><W25/><G48/><AGARI ba="0,1" hai="2,7,8,30,31,43,44,48,72,77,80,81,84,91" machi="48" ten="30,8000,1" yaku="1,1,7,1,52,1,53,2" doraHai="85" doraHaiUra="24" who="0" fromWho="3" sc="178,90,276,0,344,0,192,-80" owari="268,-13.2,276,7.6,344,44.4,112,-38.8" /></mjloggm>