<mjloggm ver="2.3"><GO type="225" lobby="0"/><UN n0="%E6%9D%B1%E9%A2%A8%E3%81%AE%E3%81%8D%E3%82%83%E3%81%B7%E3%81%95%E3%82%93" n1="%E3%81%B5%E3%81%98%E3%81%8B%E3%81%A4" n2="%EF%BC%AE%EF%BC%A1%EF%BC%AF%33%33%39" n3="%E6%B8%A9%E2%98%85%E6%83%85%E2%98%85%E6%8E%AA%E2%98%85%E7%BD%AE" dan="17,17,17,18" rate="2211.39,2224.66,2184.22,2214.48" sx="M,M,M,M"/><TAIKYOKU oya="0"/><INIT seed="0,0,0,2,2,80" ten="250,250,250,250" oya="0" hai0="128,123,127,21,72,84,44,18,19,116,12,118,67" hai1="97,33,62,15,102,7,57,28,107,105,91,92,24" hai2="126,45,59,115,130,13,43,65,68,61,9,71,3" hai3="110,53,113,36,17,30,117,66,31,95,122,70,77"/><T35/><D72/><U90/><E90/><V121/><F115/><W134/><G113/><T64/><D123/><U100/><E100/><V37/><F121/><W82/><G36/><T42/><D35/><U109/><E109/><V125/><F3/><W2/><G2/><T135/><D135/><U124/><E124/><N who="2" m="47723" /><F130/><W83/><G122/><T104/><D104/><U22/><E91/><V48/><F37/><W0/><G66/><T10/><D127/><U20/><E33/><V60/><F60/><W106/><G70/><T27/><D128/><U86/><E86/><V1/><F1/><W46/><G0/><T14/><D27/><U63/><E63/><V41/><F41/><W112/><G106/><T52/><D42/><U93/><E93/><V101/><F101/><W56/><G95/><T75/><D75/><U26/><E15/><V50/><F50/><N who="3" m="30775" /><G112/><T129/><D129/><U73/><E7/><AGARI ba="0,0" hai="7,9,13,43,45,48,59,61,65,68,71" m="47723" machi="7" ten="30,1000,0" yaku="18,1" doraHai="80" who="2" fromWho="1" sc="250,0,250,-10,250,10,250,0" /><INIT seed="1,0,0,2,1,32" ten="250,240,260,250" oya="1" hai0="89,53,131,113,80,74,24,44,20,28,40,33,21" hai1="84,10,81,15,100,17,18,87,0,97,56,8,122" hai2="11,26,63,121,65,101,114,70,123,91,41,36,14" hai3="127,61,51,68,82,129,124,117,106,55,126,71,62"/><U119/><E119/><V104/><F114/><W7/><G106/><T66/><D113/><U108/><E122/><V58/><F26/><W25/><G7/><T120/><D131/><U45/><E108/><V69/><F101/><W27/><G82/><T29/><D120/><U30/><E30/><V105/><F105/><W64/><G129/><T125/><D125/><U102/><E45/><V39/><F104/><W88/><G117/><T90/><D66/><U109/><E109/><V57/><F91/><W110/><G110/><T77/><D53/><U107/><E102/><V60/><F14/><W46/><G88/><T52/><D52/><U35/><E35/><V94/><F11/><W98/><G98/><T134/><D134/><U16/><E56/><V4/><F4/><W130/><G130/><T73/><D73/><U86/><REACH who="1" step="1"/><E81/><REACH who="1" ten="250,230,260,250" step="2"/><V34/><F34/><W133/><G133/><T5/><D33/><U112/><E112/><V37/><F94/><W118/><G118/><T79/><D29/><U92/><E92/><V59/><F41/><W93/><G93/><T43/><D44/><U132/><E132/><V116/><F116/><W23/><G71/><T75/><D80/><U76/><E76/><V48/><F121/><W12/><G62/><T83/><D83/><U13/><E13/><V115/><F123/><W99/><G99/><T47/><D47/><U135/><E135/><V128/><F115/><W19/><AGARI ba="0,1" hai="12,19,23,25,27,46,51,55,61,64,68,124,126,127" machi="19" ten="40,2700,0" yaku="0,1,18,1" doraHai="32" who="3" fromWho="3" sc="250,-7,230,-13,260,-7,250,37" /><INIT seed="2,0,0,2,1,26" ten="243,217,253,287" oya="2" hai0="133,27,114,20,16,28,47,85,113,24,41,37,38" hai1="83,17,128,94,102,11,106,109,32,115,81,122,87" hai2="78,108,43,134,22,12,9,58,74,5,0,93,97" hai3="112,1,53,7,57,130,8,96,92,100,98,4,34"/><V52/><F43/><W56/><G130/><T104/><D104/><U82/><E32/><V67/><F67/><W91/><G112/><T86/><D133/><U21/><E115/><V75/><F78/><W124/><G124/><T107/><D107/><U125/><E128/><V80/><F80/><W49/><G34/><T116/><D116/><U10/><E125/><V3/><F134/><W35/><G35/><T50/><D114/><U70/><E70/><V69/><F69/><W15/><G57/><T110/><D110/><U13/><E122/><V18/><F0/><W72/><G72/><T71/><D71/><U14/><E109/><V40/><F40/><W42/><G42/><T60/><D60/><U105/><E21/><V25/><F3/><W65/><G65/><T132/><D132/><U48/><E48/><V51/><REACH who="2" step="1"/><F108/><REACH who="2" ten="243,217,243,287" step="2"/><W95/><G1/><T135/><D135/><U23/><E82/><V6/><F6/><AGARI ba="0,1" hai="4,6,7,8,15,49,53,56,91,92,95,96,98,100" machi="6" ten="30,2000,0" yaku="7,1,8,1" doraHai="26" who="3" fromWho="2" sc="243,0,217,0,243,-20,287,30" /><INIT seed="3,0,0,0,2,6" ten="243,217,223,317" oya="3" hai0="32,81,24,109,73,16,89,46,114,130,98,39,85" hai1="92,118,15,110,70,33,84,36,121,105,30,65,40" hai2="35,0,4,56,74,9,59,61,102,22,96,122,38" hai3="94,51,27,53,90,52,91,93,20,126,7,71,62"/><W48/><G126/><T100/><D109/><U80/><E121/><V60/><F35/><W127/><G20/><T116/><D130/><U37/><E105/><V23/><F38/><W31/><G127/><T45/><D116/><U88/><E110/><V129/><F74/><W55/><G7/><T42/><D114/><U125/><E125/><V131/><F122/><W128/><G128/><N who="2" m="49225" /><F59/><W75/><G75/><T25/><D32/><U86/><E118/><V49/><F49/><N who="3" m="19019" /><G71/><T43/><D73/><U12/><E37/><V133/><F133/><W99/><G27/><T69/><D69/><U108/><E108/><V67/><F60/><W64/><G31/><T3/><D3/><U21/><E33/><V34/><F34/><W58/><G64/><T101/><D101/><U95/><E70/><V106/><AGARI ba="0,0" hai="0,4,9,22,23,56,61,67,96,102,106" m="49225" machi="106" ten="30,2000,0" yaku="19,1,52,1" doraHai="6" who="2" fromWho="2" sc="243,-5,217,-5,223,20,317,-10" owari="238,-16.2,212,-28.8,243,4.3,307,40.7" /></mjloggm>