<mjloggm ver="2.3"><GO type="225" lobby="0"/><UN n0="%E3%81%AF%E3%82%88%E3%81%8A%E3%81%98%E3%81%95%E3%82%93" n1="%E3%81%A9%E3%82%93%E3%82%88%E3%81%8F%4D%6B%2E%32" n2="%E6%97%A5%E6%9B%9C%E6%97%A5%E3%82%88%E3%82%8A%E3%81%AE%E4%BD%BF%E8%80%85" n3="%E6%98%93%E5%88%A9%E8%96%A9%E4%BC%AF" dan="17,16,16,16" rate="2184.29,2166.07,2085.22,2029.33" sx="M,M,M,F"/><TAIKYOKU oya="0"/><INIT seed="0,0,0,5,4,25" ten="250,250,250,250" oya="0" hai0="9,102,135,107,53,103,99,35,11,21,47,131,78" hai1="91,84,45,86,79,73,134,123,55,87,97,56,72" hai2="3,67,95,74,104,96,98,133,113,120,10,2,20" hai3="34,51,121,64,92,41,88,126,112,90,127,46,125"/><T60/><D35/><U40/><E123/><V31/><F74/><W18/><G112/><T36/><D131/><U13/><E134/><V37/><F37/><W12/><G121/><T116/><D116/><U52/><E79/><V24/><F113/><W105/><G105/><T58/><D135/><U108/><E108/><V4/><F120/><W15/><G34/><T50/><D36/><U54/><E56/><V93/><F133/><W28/><G64/><T130/><D130/><U29/><E29/><V101/><F67/><W68/><G68/><T118/><D118/><U65/><E65/><V62/><F62/><W109/><G109/><T0/><D0/><U1/><E1/><V83/><F83/><W23/><G28/><T8/><D78/><U115/><E115/><V89/><REACH who="2" step="1"/><F104/><REACH who="2" ten="250,250,240,250" step="2"/><W14/><REACH who="3" step="1"/><G92/><REACH who="3" ten="250,250,240,240" step="2"/><T17/><D107/><U57/><E73/><V61/><F61/><W119/><G119/><T70/><D70/><U106/><E72/><V5/><F5/><W22/><G22/><T71/><D71/><U32/><E106/><V85/><F85/><W132/><G132/><T44/><D60/><U117/><E117/><V69/><F69/><W129/><G129/><T124/><D21/><U81/><E86/><V128/><F128/><W27/><AGARI ba="0,2" hai="12,14,15,18,23,27,41,46,51,88,90,125,126,127" machi="27" ten="40,8000,1" yaku="1,1,0,1,18,1,54,1,53,0" doraHai="25" doraHaiUra="66" who="3" fromWho="3" sc="250,-40,250,-20,240,-20,240,100" /><INIT seed="1,0,0,2,5,95" ten="210,230,220,340" oya="1" hai0="100,122,87,93,33,128,45,127,41,113,16,55,26" hai1="52,134,86,66,4,44,67,40,50,8,6,5,3" hai2="129,105,114,47,104,68,106,58,11,78,103,36,46" hai3="108,102,119,15,81,71,60,17,75,74,27,53,23"/><U13/><E134/><V115/><F68/><W92/><G108/><T20/><D113/><N who="2" m="43018" /><F129/><W110/><G110/><T97/><D128/><U24/><E3/><V62/><F78/><W94/><G119/><T28/><D127/><U38/><E24/><V43/><F46/><W51/><G71/><T80/><D122/><U32/><E32/><V118/><F11/><W131/><G60/><T21/><D55/><U69/><E86/><V49/><F118/><W37/><G37/><T48/><REACH who="0" step="1"/><D16/><REACH who="0" ten="200,230,220,340" step="2"/><N who="1" m="8231" /><E69/><V99/><F36/><W120/><G120/><T112/><D112/><U70/><E70/><V126/><F126/><W124/><G124/><T90/><AGARI ba="0,1" hai="20,21,26,28,33,41,45,48,80,87,90,93,97,100" machi="90" ten="20,8000,1" yaku="1,1,0,1,7,1,52,1,53,1" doraHai="95" doraHaiUra="30" who="0" fromWho="0" sc="200,90,230,-40,220,-20,340,-20" /><INIT seed="2,0,0,3,0,115" ten="290,190,200,320" oya="2" hai0="38,135,67,62,72,101,34,107,16,69,10,6,15" hai1="98,58,99,4,11,100,2,33,39,22,97,116,124" hai2="132,88,27,55,0,109,74,13,93,1,18,87,90" hai3="103,45,52,9,53,105,8,36,17,82,86,40,84"/><V118/><F74/><W3/><G86/><T71/><D135/><U61/><E33/><V47/><F132/><W113/><G113/><T21/><D72/><U130/><E39/><V64/><F118/><W50/><G105/><T89/><D34/><U133/><E133/><V75/><F75/><W123/><G103/><T32/><D32/><U20/><E124/><V119/><F119/><W54/><G123/><T112/><D112/><U26/><E116/><V48/><F109/><W120/><G3/><T31/><D38/><U106/><E22/><V41/><F64/><W56/><G120/><T96/><D31/><U44/><E44/><V121/><F121/><W5/><G17/><T70/><REACH who="0" step="1"/><D89/><REACH who="0" ten="280,190,200,320" step="2"/><U117/><E117/><V83/><F27/><AGARI ba="0,1" hai="6,10,15,16,21,27,62,67,69,70,71,96,101,107" machi="27" ten="30,12000,2" yaku="1,1,2,1,7,1,54,1,53,3" doraHai="115" doraHaiUra="65" who="0" fromWho="2" sc="280,130,190,0,200,-120,320,0" /><INIT seed="3,0,0,3,5,42" ten="410,190,80,320" oya="3" hai0="34,72,27,30,54,104,86,16,112,70,68,46,25" hai1="80,24,75,9,81,103,120,52,123,21,122,2,62" hai2="47,134,67,64,135,50,3,79,94,5,8,111,19" hai3="39,89,43,13,95,125,74,97,61,22,51,78,6"/><W124/><G39/><T40/><D72/><U71/><E103/><V44/><F111/><W18/><G6/><T87/><D104/><U58/><E71/><V36/><F79/><W121/><G121/><T102/><D102/><U82/><E2/><V110/><F110/><W4/><G4/><T63/><D112/><U77/><REACH who="1" step="1"/><E9/><REACH who="1" ten="410,180,80,320" step="2"/><V128/><F128/><W14/><G124/><T66/><D70/><U83/><E83/><V17/><F36/><W96/><G125/><T69/><D68/><U0/><E0/><V48/><F3/><W60/><G74/><T32/><D54/><U11/><E11/><V109/><F109/><W84/><G14/><T31/><D16/><AGARI ba="0,1" hai="16,21,24,52,58,62,75,77,80,81,82,120,122,123" machi="16" ten="40,8000,1" yaku="1,1,54,2,53,1" doraHai="42" doraHaiUra="55" who="1" fromWho="0" sc="410,-80,180,90,80,0,320,0" owari="330,43.0,270,-13.0,80,-42.0,320,12.0" /></mjloggm>