<mjloggm ver="2.3"><GO type="225" lobby="0"/><UN n0="%E3%83%88%E3%82%AD%E3%83%8E%E3%83%9F%E3%83%8E%E3%83%AB" n1="%6D%61%74%69%67%75%73%61" n2="%E7%B4%94%E6%BD%94%E3%83%94%E3%83%A9%E3%83%8B%E3%82%A2" n3="%E5%B0%8F%E9%B3%A5%E9%81%8A%E7%B7%B4%E7%84%A1%32%31%E6%AD%B3" dan="16,17,16,16" rate="2074.94,2200.73,2099.78,2173.29" sx="M,M,M,F"/><TAIKYOKU oya="0"/><INIT seed="0,0,0,4,5,44" ten="250,250,250,250" oya="0" hai0="66,33,87,37,15,91,24,65,46,41,80,118,92" hai1="85,55,29,22,83,49,104,103,108,96,51,73,133" hai2="7,38,128,8,72,120,95,130,17,61,11,105,60" hai3="129,42,101,52,99,26,34,132,110,59,86,98,0"/><T82/><D118/><U43/><E108/><V69/><F105/><W76/><G0/><T67/><REACH who="0" step="1"/><D15/><REACH who="0" ten="240,250,250,250" step="2"/><U88/><E133/><V106/><F130/><W6/><G132/><T111/><D111/><U16/><E73/><V19/><F128/><W119/><G110/><T113/><D113/><U135/><E135/><V9/><F72/><W32/><G119/><T64/><N who="0" m="16384" /><DORA hai="23" /><T56/><D56/><U39/><E29/><AGARI ba="0,1" hai="24,29,33,37,41,46,80,82,87,91,92" m="16384" machi="29" ten="50,4800,0" yaku="1,1,52,1,53,0" doraHai="44,23" doraHaiUra="12,5" who="0" fromWho="1" sc="240,58,250,-48,250,0,250,0" /><INIT seed="0,1,0,1,2,27" ten="298,202,250,250" oya="0" hai0="73,20,113,79,51,71,59,85,117,45,5,13,130" hai1="24,101,95,97,23,75,34,17,30,81,76,9,89" hai2="107,32,94,115,35,12,70,55,69,19,28,40,126" hai3="112,1,39,98,62,78,53,124,41,21,10,110,3"/><T93/><D113/><U92/><E9/><V49/><F107/><W102/><G112/><T84/><D117/><U60/><E60/><V50/><F126/><W56/><G110/><T105/><D71/><U87/><REACH who="1" step="1"/><E34/><REACH who="1" ten="298,192,250,250" step="2"/><V134/><F32/><W18/><G10/><T123/><D123/><U0/><E0/><V104/><F35/><W80/><G1/><T86/><D130/><U67/><E67/><V120/><F120/><W44/><G3/><T58/><D5/><U46/><E46/><V31/><F115/><W106/><G124/><T36/><D45/><U129/><E129/><V48/><F70/><W16/><REACH who="3" step="1"/><G21/><REACH who="3" ten="298,192,250,240" step="2"/><T135/><D20/><U108/><E108/><V77/><F69/><W99/><G99/><T83/><D59/><U100/><E100/><V38/><F40/><W90/><G90/><T66/><D58/><U6/><E6/><V125/><F125/><W29/><G29/><AGARI ba="1,2" hai="17,23,24,29,30,75,76,81,87,89,92,95,97,101" machi="29" ten="40,5200,0" yaku="1,1,52,2,53,0" doraHai="27" doraHaiUra="116" who="1" fromWho="3" sc="298,0,192,75,250,0,240,-55" /><INIT seed="1,0,0,0,1,37" ten="298,267,250,185" oya="1" hai0="46,5,40,25,84,29,64,90,39,66,2,3,44" hai1="126,99,48,106,76,113,110,20,105,35,23,79,133" hai2="112,42,58,22,72,121,122,50,36,129,125,74,47" hai3="0,135,30,118,31,14,7,123,6,52,54,1,32"/><U98/><E35/><V88/><F112/><W70/><G70/><T26/><D26/><U71/><E71/><V4/><F129/><W55/><G123/><T63/><D5/><N who="3" m="1545" /><G14/><T57/><D66/><U17/><E113/><V96/><F125/><W101/><G101/><T87/><D46/><U85/><E85/><V103/><F4/><W108/><G32/><T43/><D43/><U92/><E48/><V18/><F74/><W131/><G131/><T120/><D120/><U124/><E92/><V56/><F72/><W49/><G49/><T9/><D9/><U13/><E110/><V59/><F36/><W102/><G102/><T27/><D27/><U45/><E45/><V53/><F53/><N who="3" m="13571" /><W91/><DORA hai="86" /><G91/><T132/><D132/><U67/><E13/><V114/><F114/><W61/><G61/><T83/><D87/><U11/><E67/><V16/><F121/><W111/><G135/><T33/><AGARI ba="0,0" hai="2,3,25,29,33,39,40,44,57,63,64,83,84,90" machi="33" ten="20,5200,0" yaku="0,1,7,1,52,2" doraHai="37,86" who="0" fromWho="0" sc="298,52,267,-26,250,-13,185,-13" /><INIT seed="2,0,0,1,3,9" ten="350,241,237,172" oya="2" hai0="1,116,54,103,127,96,33,65,104,70,31,10,98" hai1="109,36,72,91,23,52,78,99,126,111,61,53,25" hai2="105,58,21,110,115,22,85,34,26,64,95,11,37" hai3="38,117,125,28,92,62,12,129,50,29,74,41,131"/><V4/><F105/><W132/><G117/><T30/><D116/><U87/><E36/><V19/><F37/><W39/><G74/><T44/><D98/><U118/><E118/><V67/><F115/><W32/><G132/><T122/><D122/><U75/><E126/><V7/><F34/><W18/><G62/><T130/><D130/><N who="3" m="49673" /><G92/><T20/><D20/><U123/><E123/><V93/><F110/><N who="1" m="41993" /><E99/><V121/><F121/><W63/><G63/><T14/><D1/><U81/><E61/><N who="2" m="37943" /><F67/><W3/><G3/><T5/><D65/><U8/><E8/><V101/><F11/><N who="3" m="6431" /><G125/><T27/><D70/><U79/><E75/><V24/><F93/><W86/><G86/><T106/><D127/><U49/><E72/><V112/><F112/><W66/><G66/><T71/><D71/><U17/><E53/><V57/><F57/><AGARI ba="0,0" hai="17,23,25,49,52,57,78,79,81,87,91" m="41993" machi="57" ten="30,2000,0" yaku="14,1,54,1" doraHai="9" who="1" fromWho="2" sc="350,0,241,20,237,-20,172,0" /><INIT seed="3,0,0,3,2,22" ten="350,261,217,172" oya="3" hai0="55,0,57,35,135,101,113,53,87,104,96,88,115" hai1="16,37,67,130,8,29,7,48,110,86,107,6,82" hai2="85,64,39,70,122,83,131,133,14,77,50,98,93" hai3="59,127,51,94,71,126,76,89,1,114,65,54,109"/><W92/><G1/><T84/><D135/><U20/><E37/><V26/><F39/><W21/><G114/><T45/><D35/><U121/><E121/><V24/><F133/><W47/><G76/><T119/><D119/><U61/><E110/><V132/><F132/><W118/><G118/><T117/><D0/><U80/><E130/><V120/><F131/><W125/><G109/><T13/><D13/><U100/><E29/><V60/><F14/><W52/><G89/><T11/><D11/><U129/><E48/><V5/><F5/><W3/><G3/><T19/><D19/><U63/><E63/><V111/><F111/><W30/><G65/><T99/><D99/><U25/><E82/><V69/><F50/><N who="3" m="31127" /><G71/><T73/><D73/><U40/><E40/><V18/><F18/><W2/><G2/><T17/><D17/><U106/><E129/><V68/><F70/><W38/><G38/><T79/><D79/><U74/><E74/><V46/><F69/><W75/><G75/><T56/><D117/><U34/><E34/><V9/><F46/><W116/><G116/><T66/><D66/><U43/><E43/><V103/><F9/><W134/><G134/><T124/><D45/><U105/><E8/><V27/><AGARI ba="0,0" hai="24,26,27,60,64,68,77,83,85,93,98,103,120,122" machi="27" ten="30,7900,0" yaku="0,1,52,3" doraHai="22" who="2" fromWho="2" sc="350,-20,261,-20,217,79,172,-39" owari="330,43.0,241,-15.9,296,9.6,133,-36.7" /></mjloggm>