<mjloggm ver="2.3"><GO type="225" lobby="0"/><UN n0="%72%69%6F%75%63%68%61%6E" n1="%E3%83%97%E3%83%AC%E3%83%B4%E3%82%A1%E3%83%86%E3%82%A3" n2="%E3%81%AA%E3%81%8A%E3%81%A8%4E%4D%42" n3="%E5%A4%96%E5%B7%9D%E7%AB%9C%E6%88%90" dan="16,16,16,16" rate="2138.22,2142.63,2113.06,2163.45" sx="M,F,M,M"/><TAIKYOKU oya="0"/><INIT seed="0,0,0,2,2,89" ten="250,250,250,250" oya="0" hai0="107,55,6,34,11,125,65,21,44,24,33,91,124" hai1="41,53,14,20,17,30,79,61,111,52,35,51,39" hai2="108,23,120,95,133,86,129,135,97,76,9,46,18" hai3="101,123,56,98,130,99,126,3,49,1,66,102,57"/><T103/><D65/><U73/><E111/><V87/><F120/><W78/><G66/><T90/><D91/><U110/><E110/><V100/><F108/><W4/><G123/><T105/><D90/><U116/><E116/><V0/><F129/><W131/><G78/><T28/><D55/><U15/><E35/><N who="0" m="13321" /><D44/><U128/><E30/><V96/><F46/><W16/><G49/><T74/><D103/><U50/><E128/><V27/><F97/><W60/><G60/><T12/><D74/><U115/><E115/><V68/><F68/><W37/><G37/><T71/><D71/><U58/><E39/><V77/><F9/><W64/><G64/><T122/><D122/><U106/><E106/><V117/><F0/><W43/><G43/><T19/><D105/><U29/><E29/><V8/><F8/><W109/><G109/><T26/><D107/><U42/><E14/><V92/><F117/><W114/><G114/><T48/><D48/><U94/><E61/><V121/><F121/><W67/><G67/><T72/><D72/><U25/><E25/><N who="0" m="9833" /><D28/><U119/><E119/><V82/><REACH who="2" step="1"/><F92/><REACH who="2" ten="250,250,240,250" step="2"/><W84/><G99/><T54/><D54/><U93/><E73/><V36/><F36/><W134/><G98/><T5/><D5/><U80/><E41/><V40/><F40/><W10/><G4/><T113/><D113/><U104/><E42/><V38/><F38/><W132/><G130/><T31/><D31/><U59/><E104/><V7/><F7/><W75/><G131/><T81/><D81/><AGARI ba="0,1" hai="18,23,27,76,77,81,82,86,87,95,96,100,133,135" machi="81" ten="40,5200,0" yaku="1,1,9,1,52,1,53,0" doraHai="89" doraHaiUra="69" who="2" fromWho="0" sc="250,-52,250,0,240,62,250,0" /><INIT seed="1,0,0,2,2,34" ten="198,250,302,250" oya="1" hai0="113,132,82,51,19,103,95,13,68,117,85,21,69" hai1="131,14,60,121,106,26,25,43,130,81,47,88,32" hai2="75,118,104,23,8,128,61,77,112,91,83,4,5" hai3="10,22,44,41,102,7,134,35,49,129,123,2,9"/><U71/><E121/><V99/><F118/><W90/><G35/><T125/><D125/><U122/><E122/><V73/><F112/><W70/><G70/><T86/><D132/><U42/><E106/><V66/><F4/><W64/><G123/><T126/><D126/><U58/><E71/><V27/><F128/><N who="1" m="49193" /><E14/><V96/><F75/><W12/><G129/><T76/><D113/><U109/><E109/><V57/><F91/><W0/><G134/><T67/><D117/><U101/><E101/><V62/><F62/><W17/><G102/><T116/><D116/><U78/><E78/><V33/><F33/><W110/><G110/><T105/><D67/><N who="1" m="39319" /><E32/><V28/><REACH who="2" step="1"/><F104/><REACH who="2" ten="198,250,292,250" step="2"/><W54/><G90/><T92/><D105/><U93/><E81/><V53/><F53/><W100/><G54/><T55/><D69/><U56/><E56/><V31/><F31/><W107/><G107/><T120/><D68/><U84/><E43/><V124/><F124/><W50/><G100/><T48/><D120/><U114/><E114/><V46/><F46/><W108/><G108/><T80/><D103/><U29/><E29/><V16/><F16/><W38/><G64/><T18/><D19/><U39/><AGARI ba="0,1" hai="25,26,39,42,47,84,88,93" m="39319,49193" machi="39" ten="30,3000,0" yaku="19,1,54,1" doraHai="34" who="1" fromWho="1" sc="198,-10,250,40,292,-10,250,-10" /><INIT seed="1,1,0,4,5,96" ten="188,290,282,240" oya="1" hai0="86,4,29,119,65,114,82,58,75,38,105,104,67" hai1="88,9,106,62,90,44,85,74,66,54,39,129,35" hai2="26,133,20,77,47,107,124,34,18,15,61,5,101" hai3="109,91,69,21,59,24,41,33,76,32,95,56,68"/><U12/><E35/><V127/><F133/><W17/><G76/><T57/><D114/><U131/><E74/><V112/><F77/><W99/><G109/><T7/><D119/><U51/><E39/><V121/><F121/><W36/><G59/><N who="0" m="22539" /><D38/><U23/><E106/><N who="0" m="41065" /><D75/><U134/><E134/><V73/><F73/><W6/><G6/><N who="0" m="2091" /><D29/><U11/><E23/><V123/><F123/><W50/><G36/><T83/><D86/><U14/><E62/><V13/><F112/><W22/><G22/><T118/><D118/><U98/><E66/><AGARI ba="1,0" hai="65,66,67,82,83" m="2091,41065,22539" machi="66" ten="30,2000,0" yaku="28,2" doraHai="96" who="0" fromWho="1" sc="188,23,290,-23,282,0,240,0" /><INIT seed="2,0,0,0,0,89" ten="211,267,282,240" oya="2" hai0="59,10,99,33,65,80,124,66,27,123,62,54,83" hai1="108,25,69,91,112,106,67,11,75,24,47,88,104" hai2="1,64,36,55,92,77,105,52,20,126,110,16,81" hai3="48,128,107,115,76,102,94,41,42,3,21,53,86"/><V118/><F118/><W103/><G3/><T87/><D124/><U4/><E112/><V133/><F1/><W122/><G122/><T63/><D123/><U100/><E75/><V6/><F6/><W119/><G119/><T96/><D10/><U131/><E108/><V60/><F36/><W22/><G128/><T114/><D114/><U84/><E131/><V82/><F105/><W45/><G107/><T30/><D54/><N who="2" m="20522" /><F133/><W120/><G120/><T26/><D26/><U8/><E47/><V127/><F92/><W15/><G21/><T79/><REACH who="0" step="1"/><D80/><REACH who="0" ten="201,267,282,240" step="2"/><N who="2" m="30826" /><F77/><W135/><G76/><T95/><D95/><U38/><E4/><V101/><F110/><W125/><G115/><T90/><D90/><U97/><E106/><V32/><F32/><W7/><G125/><T13/><D13/><U121/><E91/><V51/><F127/><W58/><G94/><T109/><D109/><U111/><E111/><V116/><F116/><W34/><G34/><T44/><D44/><U72/><E121/><V29/><F126/><W17/><G45/><T130/><D130/><U14/><E8/><V18/><F101/><N who="3" m="38411" /><G135/><T78/><D78/><U117/><E117/><V68/><F51/><W9/><G9/><T0/><D0/><U93/><E38/><V73/><F73/><W129/><G129/><T40/><D40/><U35/><E72/><V31/><F31/><W28/><G28/><T23/><D23/><U132/><E35/><V56/><F68/><AGARI ba="0,1" hai="27,30,33,59,62,63,65,66,68,79,83,87,96,99" machi="68" ten="30,2000,0" yaku="1,1,7,1,53,0" doraHai="89" doraHaiUra="71" who="0" fromWho="2" sc="201,30,267,0,282,-20,240,0" /><INIT seed="3,0,0,2,4,27" ten="231,267,262,240" oya="3" hai0="113,81,56,29,39,15,133,47,31,32,65,122,128" hai1="43,88,135,97,94,68,35,28,34,78,12,11,102" hai2="96,1,0,38,103,83,86,72,66,115,52,18,129" hai3="84,119,82,123,98,87,117,49,59,61,19,105,44"/><W110/><G123/><T5/><D122/><U109/><E68/><V20/><F115/><W16/><G110/><T77/><D113/><U108/><E43/><V7/><F38/><W79/><G87/><N who="0" m="48559" /><D39/><U54/><E78/><V21/><F72/><W101/><G119/><T131/><D32/><U45/><E35/><V124/><F66/><W9/><G117/><T104/><D104/><U134/><E102/><V118/><F118/><W69/><G69/><T14/><D133/><N who="1" m="50699" /><E54/><V40/><F40/><W8/><G59/><T114/><D114/><U107/><E45/><V17/><F124/><W74/><G61/><N who="0" m="38055" /><D47/><U112/><E107/><V26/><F129/><N who="0" m="49738" /><D5/><N who="1" m="3183" /><E112/><V95/><F7/><W55/><G74/><T76/><D76/><U85/><E85/><V64/><F64/><W3/><G3/><T46/><D46/><U2/><E2/><V90/><REACH who="2" step="1"/><F52/><REACH who="2" ten="231,267,252,240" step="2"/><W120/><G120/><T57/><D57/><U23/><E34/><V4/><F4/><W25/><G55/><T89/><D89/><U73/><E73/><V116/><F116/><W36/><G36/><T67/><D67/><U70/><E70/><V13/><AGARI ba="0,1" hai="0,1,13,17,18,20,21,26,83,86,90,95,96,103" machi="13" ten="20,5200,0" yaku="1,1,0,1,7,1,53,1" doraHai="27" doraHaiUra="92" who="2" fromWho="2" sc="231,-13,267,-13,252,62,240,-26" owari="218,-18.2,254,5.4,314,41.4,214,-28.6" /></mjloggm>