<mjloggm ver="2.3"><GO type="225" lobby="0"/><UN n0="%E3%83%B4%E3%82%A3%E3%83%AF%E3%82%B3%E3%82%B0%E3%83%8B" n1="%E3%80%90%E3%83%88%E3%83%AA%E3%83%A5%E3%83%95%E3%80%91" n2="%6E%69%63%6F%6E%74%6F" n3="%6D%75%75%73%61%6E%6D%75" dan="16,16,16,17" rate="2206.23,2095.61,2153.93,2164.62" sx="M,M,M,F"/><TAIKYOKU oya="0"/><INIT seed="0,0,0,3,2,12" ten="250,250,250,250" oya="0" hai0="104,39,113,41,120,13,48,86,116,51,73,10,49" hai1="64,74,98,93,17,5,40,99,95,109,55,66,112" hai2="128,97,54,35,119,22,34,103,133,135,56,118,19" hai3="15,84,75,91,44,8,60,20,42,24,117,67,125"/><T106/><D113/><U129/><E109/><V83/><F83/><W27/><G75/><T76/><D116/><N who="2" m="44586" /><F128/><W94/><G125/><T4/><D73/><U52/><E129/><V115/><F115/><W53/><G53/><N who="1" m="20554" /><E74/><V100/><F54/><W114/><G114/><T65/><D65/><N who="1" m="25195" /><E5/><V30/><F56/><W108/><G108/><T25/><D120/><U58/><E112/><V61/><F61/><W87/><G87/><T59/><D59/><U90/><E40/><V85/><F85/><W102/><G102/><N who="2" m="38953" /><F97/><N who="1" m="36873" /><E90/><V31/><F35/><W126/><G126/><T68/><D68/><U130/><E58/><V23/><F34/><W16/><G117/><T50/><D39/><U7/><E7/><V123/><F123/><W11/><G67/><T28/><N who="0" m="12288" /><DORA hai="105" /><T46/><D41/><U14/><E130/><V134/><F23/><AGARI ba="0,0" hai="14,17,23,93,95" m="36873,25195,20554" machi="23" ten="30,3900,0" yaku="8,1,52,1,54,1" doraHai="12,105" who="1" fromWho="2" sc="250,0,250,39,250,-39,250,0" /><INIT seed="1,0,0,1,0,135" ten="250,289,211,250" oya="1" hai0="110,26,4,60,81,79,75,62,34,111,74,97,19" hai1="108,93,132,114,84,32,131,122,35,128,86,22,104" hai2="103,58,89,41,21,80,113,85,71,40,17,101,121" hai3="96,126,102,30,51,107,92,120,130,28,31,82,15"/><U50/><E114/><V57/><F121/><W11/><G120/><T37/><D37/><U44/><E122/><V100/><F113/><W124/><G130/><N who="1" m="49706" /><E104/><V10/><F71/><W36/><G36/><T70/><D74/><U109/><E22/><V106/><F106/><W18/><G82/><T52/><D4/><U54/><E132/><V9/><F58/><W127/><G51/><T53/><D97/><U42/><E54/><N who="0" m="21097" /><D70/><U1/><E1/><V118/><F57/><W39/><G39/><T78/><D78/><U38/><E38/><V76/><F76/><W117/><G107/><T115/><D115/><U49/><E49/><V23/><F23/><W134/><G134/><T16/><D34/><N who="1" m="12843" /><E93/><V72/><F72/><W95/><G92/><T7/><D7/><U2/><E2/><V123/><F123/><W48/><G48/><T91/><D26/><U98/><E98/><V99/><F99/><W46/><G117/><T5/><D5/><U64/><E64/><V29/><F118/><W116/><G116/><T56/><D60/><U33/><E33/><V0/><F0/><W45/><AGARI ba="0,0" hai="11,15,18,28,30,31,45,46,95,96,102,124,126,127" machi="45" ten="40,8000,1" yaku="0,1,18,1,52,3" doraHai="135" who="3" fromWho="3" sc="250,-20,289,-40,211,-20,250,80" /><INIT seed="2,0,0,0,3,115" ten="230,249,191,330" oya="2" hai0="33,37,26,126,76,97,27,20,56,104,91,67,44" hai1="23,32,133,62,124,112,30,1,70,34,79,87,98" hai2="123,119,81,51,46,17,73,43,118,113,19,99,111" hai3="39,7,101,52,21,72,71,129,132,29,109,47,61"/><V3/><F113/><W38/><G72/><T65/><D33/><U84/><E112/><V89/><F123/><W85/><G109/><T8/><D126/><U55/><E124/><V96/><F3/><W57/><G129/><T42/><D76/><U24/><E133/><V36/><F111/><W135/><G7/><T120/><D120/><U100/><E1/><V86/><F36/><W125/><G125/><T31/><D26/><U14/><E79/><V18/><REACH who="2" step="1"/><F73/><REACH who="2" ten="230,249,181,330" step="2"/><W2/><G2/><T131/><D131/><U83/><E34/><V90/><F90/><W105/><G38/><T134/><D134/><U16/><E83/><V5/><F5/><W49/><G39/><T66/><D91/><U74/><E74/><V64/><F64/><W25/><G132/><T122/><D122/><U9/><E32/><V60/><F60/><W53/><G135/><T10/><REACH who="0" step="1"/><D56/><REACH who="0" ten="220,249,181,330" step="2"/><N who="1" m="35103" /><E70/><V95/><F95/><AGARI ba="0,2" hai="9,14,16,23,24,30,84,87,95,98,100" m="35103" machi="95" ten="30,2000,0" yaku="8,1,54,1" doraHai="115" who="1" fromWho="2" sc="220,0,249,40,181,-20,330,0" /><INIT seed="3,0,0,2,2,0" ten="220,289,161,330" oya="3" hai0="13,70,14,110,21,128,4,53,15,120,50,124,60" hai1="23,125,130,37,32,79,108,82,20,68,122,3,41" hai2="47,30,63,98,69,133,9,5,72,39,10,86,85" hai3="6,96,48,67,89,17,16,116,100,101,103,109,51"/><W104/><G116/><T106/><D120/><U80/><E32/><V43/><F133/><W33/><G33/><T88/><D106/><U78/><E68/><V62/><F72/><W2/><G104/><T112/><D110/><U56/><E108/><V64/><F30/><W97/><G109/><T36/><D36/><U35/><E35/><V52/><F98/><W28/><G28/><T7/><D112/><U81/><E3/><V127/><F127/><W115/><G115/><T1/><D124/><U19/><E130/><V135/><F135/><W49/><G67/><T105/><D105/><U24/><E122/><V26/><F26/><W38/><G38/><T71/><D128/><U65/><E41/><V44/><F10/><W77/><G77/><T90/><D1/><U76/><E37/><V119/><F119/><W91/><G96/><T123/><D123/><U22/><E125/><V54/><F54/><W40/><G40/><T92/><D21/><U117/><E117/><V46/><F46/><W129/><G129/><T83/><D60/><AGARI ba="0,0" hai="19,20,22,23,24,56,60,65,76,78,79,80,81,82" machi="60" ten="40,1300,0" yaku="8,1" doraHai="0" who="1" fromWho="0" sc="220,-13,289,13,161,0,330,0" owari="207,-19.3,302,10.2,161,-33.9,330,43.0" /></mjloggm>