<mjloggm ver="2.3"><GO type="225" lobby="0"/><UN n0="%E3%81%B5%E3%81%98%E3%81%8B%E3%81%A4" n1="%E3%81%B2%E3%81%AA%E3%81%AE%E3%82%8A%E3%81%8F" n2="%E3%81%99%E3%81%84%E3%81%BE%E3%81%9B%E3%83%BC%E3%82%93" n3="%6C%61%6D%62" dan="16,17,18,16" rate="2158.52,2213.04,2206.88,2132.41" sx="M,M,M,M"/><TAIKYOKU oya="0"/><INIT seed="0,0,0,0,4,67" ten="250,250,250,250" oya="0" hai0="8,19,11,59,33,97,103,81,80,124,60,51,92" hai1="56,104,16,90,54,28,135,0,95,119,132,46,68" hai2="127,40,50,32,6,24,65,96,76,102,26,125,99" hai3="120,129,39,20,113,41,66,131,108,22,29,93,18"/><T122/><D122/><U15/><E119/><V4/><F76/><W63/><G113/><T45/><D33/><U88/><E0/><V84/><F84/><W110/><G39/><T116/><D116/><U62/><E104/><V64/><F32/><W21/><G41/><T27/><D124/><U87/><E28/><V1/><F40/><W98/><G29/><T111/><D111/><N who="3" m="42537" /><G18/><T109/><D109/><U121/><E121/><V3/><REACH who="2" step="1"/><F50/><REACH who="2" ten="250,250,240,250" step="2"/><W118/><G118/><T49/><D49/><U61/><E135/><V53/><F53/><W10/><G120/><T75/><D51/><U114/><E132/><V70/><F70/><N who="3" m="42335" /><G10/><T7/><D11/><U130/><E114/><V73/><F73/><W85/><G85/><T134/><D75/><U5/><E68/><V79/><F79/><W117/><G117/><T2/><D134/><U78/><E78/><V55/><F55/><W31/><G31/><T89/><D8/><U77/><E77/><V58/><F58/><W17/><G17/><T36/><D19/><U105/><E56/><V48/><F48/><W123/><G123/><T112/><D59/><U128/><E16/><V69/><F69/><W47/><G47/><T30/><D45/><U44/><E46/><V38/><F38/><W72/><G72/><T82/><D36/><U12/><E44/><V23/><F23/><W71/><G71/><T14/><D30/><U57/><E87/><V106/><F106/><W25/><G25/><T133/><D27/><U9/><E105/><V101/><AGARI ba="0,1" hai="1,3,4,6,24,26,64,65,96,99,101,102,125,127" machi="101" ten="25,6400,0" yaku="1,1,0,1,22,2,53,0" doraHai="67" doraHaiUra="74" who="2" fromWho="2" sc="250,-32,250,-16,240,74,250,-16" /><INIT seed="1,0,0,4,5,133" ten="218,234,314,234" oya="1" hai0="117,99,118,81,97,73,38,23,3,93,51,119,44" hai1="30,47,24,42,39,4,113,60,77,76,2,6,85" hai2="64,66,71,54,56,124,126,5,94,86,1,22,31" hai3="98,121,15,61,55,114,83,50,14,108,101,78,96"/><U82/><E113/><V11/><F31/><W69/><G121/><T70/><D70/><U104/><E104/><V25/><F71/><W74/><G114/><T90/><D38/><U41/><E41/><V28/><F94/><W19/><G108/><T59/><D3/><U29/><E2/><V122/><F86/><W33/><G33/><T115/><D115/><U57/><E76/><V91/><F91/><W68/><G61/><T72/><D59/><U92/><E92/><V46/><F46/><W18/><G15/><T7/><D7/><U100/><E100/><V123/><F123/><W89/><G89/><T63/><D63/><U131/><E30/><V106/><F106/><W35/><G35/><T27/><D99/><U129/><E129/><V67/><REACH who="2" step="1"/><F122/><REACH who="2" ten="218,234,304,234" step="2"/><W20/><G69/><T49/><D81/><U37/><E131/><V111/><F111/><W34/><G68/><T105/><D105/><U32/><REACH who="1" step="1"/><E39/><REACH who="1" ten="218,224,304,234" step="2"/><V79/><F79/><W62/><G78/><T75/><REACH who="0" step="1"/><D44/><REACH who="0" ten="208,224,304,234" step="2"/><U135/><E135/><V107/><F107/><W17/><G83/><T125/><D125/><U36/><E36/><V16/><F16/><AGARI ba="0,3" hai="16,23,27,49,51,72,73,75,90,93,97,117,118,119" machi="16" ten="50,3200,0" yaku="1,1,54,1,53,0" doraHai="133" doraHaiUra="10" who="0" fromWho="2" sc="208,62,224,0,304,-32,234,0" /><INIT seed="2,0,0,0,0,61" ten="270,224,272,234" oya="2" hai0="85,107,31,68,52,129,87,110,90,56,40,98,66" hai1="41,114,111,75,29,73,101,113,37,49,67,83,46" hai2="79,2,1,105,94,120,53,54,92,5,125,126,55" hai3="115,117,122,25,132,18,4,28,19,78,44,58,70"/><V116/><F105/><W26/><G70/><T89/><D129/><U21/><E111/><V47/><F116/><W77/><G117/><T72/><D72/><U121/><E121/><V69/><F120/><W64/><G122/><T81/><D110/><U102/><E37/><V76/><F69/><W118/><G118/><T7/><D40/><U130/><E130/><V15/><F15/><W133/><G4/><T50/><D7/><U38/><E38/><V23/><F23/><W48/><G115/><T112/><D31/><U60/><E29/><V22/><F22/><W10/><G58/><T123/><D112/><U88/><E21/><V134/><F47/><W12/><G18/><T39/><D39/><U33/><E33/><V65/><F5/><W82/><G64/><T106/><D98/><U86/><E114/><V104/><F65/><W35/><G26/><T135/><D135/><N who="3" m="51785" /><G82/><T8/><D8/><U109/><E109/><V63/><F134/><W84/><G84/><T45/><D68/><U13/><E13/><V103/><F1/><W124/><G124/><T62/><D123/><U119/><E119/><V27/><F2/><W97/><G97/><T24/><D24/><U100/><REACH who="1" step="1"/><E113/><REACH who="1" ten="270,214,272,234" step="2"/><V57/><F27/><W51/><G51/><T59/><D45/><U3/><E3/><V96/><F126/><W14/><G14/><T34/><D34/><U36/><E36/><V6/><F125/><W0/><G0/><T93/><AGARI ba="0,1" hai="50,52,56,59,62,66,81,85,87,89,90,93,106,107" machi="93" ten="20,5200,0" yaku="0,1,7,1,52,1,54,1" doraHai="61" who="0" fromWho="0" sc="270,62,214,-13,272,-26,234,-13" /><INIT seed="3,0,0,4,1,66" ten="332,201,246,221" oya="3" hai0="64,100,28,118,91,116,133,86,10,84,124,103,26" hai1="80,47,50,55,37,75,14,97,16,129,69,119,67" hai2="52,106,88,121,20,27,51,128,108,41,134,32,33" hai3="79,19,83,120,35,68,30,23,2,7,125,8,117"/><W63/><G117/><T92/><D10/><U115/><E119/><V98/><F108/><W53/><G120/><T112/><D64/><U81/><E115/><V34/><F121/><W65/><G125/><T76/><D112/><U31/><E31/><V58/><F134/><W60/><G35/><T61/><D61/><U101/><E129/><V12/><F128/><W90/><G90/><T132/><D124/><U122/><E122/><V49/><F12/><W54/><G30/><T71/><D71/><U44/><E75/><V25/><F20/><W131/><G60/><T0/><D0/><U104/><E69/><V113/><F113/><W24/><REACH who="3" step="1"/><G131/><REACH who="3" ten="332,201,246,211" step="2"/><T94/><D28/><U6/><E67/><V43/><F88/><W18/><G18/><T72/><D91/><U99/><E6/><V74/><F34/><W48/><G48/><T87/><D118/><U1/><E1/><V111/><F51/><W102/><G102/><T9/><D116/><U3/><E3/><V95/><F33/><W40/><G40/><T59/><D103/><U107/><E37/><V11/><F32/><W73/><AGARI ba="0,1" hai="2,7,8,19,23,24,53,54,63,65,68,73,79,83" machi="73" ten="20,7800,0" yaku="1,1,0,1,7,1,52,1,53,0" doraHai="66" doraHaiUra="110" who="3" fromWho="3" sc="332,-26,201,-26,246,-26,211,88" /><INIT seed="3,1,0,1,5,22" ten="306,175,220,299" oya="3" hai0="77,59,128,71,41,3,90,72,65,80,96,55,32" hai1="89,37,64,118,101,21,11,92,58,7,132,36,60" hai2="120,113,54,49,14,35,85,93,107,28,33,70,39" hai3="130,131,13,62,56,108,106,110,86,2,5,23,40"/><W73/><G73/><T6/><D32/><U1/><E132/><V126/><F107/><W48/><G106/><T18/><D41/><U112/><E112/><V57/><F113/><W26/><G2/><T124/><D18/><U61/><E118/><V17/><F39/><W63/><G86/><T68/><D6/><U105/><E105/><V115/><F115/><W83/><G83/><T50/><D65/><U98/><E101/><V88/><F126/><W81/><G81/><T38/><D3/><U0/><E1/><V116/><F116/><W135/><G135/><T46/><D124/><U31/><REACH who="1" step="1"/><E61/><REACH who="1" ten="306,165,220,299" step="2"/><V103/><F103/><W114/><G62/><N who="0" m="36223" /><D72/><U10/><E10/><V67/><F120/><W79/><G114/><T97/><D128/><U16/><E16/><V20/><F28/><W125/><G130/><T94/><D77/><U66/><E66/><V133/><F133/><W109/><G79/><T76/><D76/><U74/><E74/><V95/><F67/><N who="3" m="39399" /><G131/><T25/><D71/><U122/><E122/><V29/><F70/><W51/><G125/><T123/><D68/><U121/><E121/><V44/><F29/><N who="3" m="17631" /><G40/><T43/><D123/><U117/><E117/><V87/><F17/><W45/><G109/><T47/><D43/><U102/><E102/><V82/><F54/><W42/><G110/><T34/><D90/><U78/><E78/><V24/><F88/><W4/><G108/><T8/><D8/><U15/><E15/><V127/><F14/><W134/><G134/><T12/><D12/><U99/><E99/><V129/><F129/><W30/><G13/><RYUUKYOKU ba="1,1" sc="306,-10,165,30,220,-10,299,-10" hai1="0,7,11,21,31,36,37,58,60,64,89,92,98" /><INIT seed="4,2,1,1,1,33" ten="296,195,210,289" oya="0" hai0="114,96,72,64,5,7,81,131,113,98,10,40,111" hai1="90,108,28,93,22,11,76,37,78,73,63,87,126" hai2="14,47,8,88,4,117,67,34,9,116,44,115,50" hai3="80,43,118,122,112,110,69,18,134,83,41,71,35"/><T105/><D131/><U61/><E108/><V135/><F115/><N who="0" m="44042" /><D111/><U128/><E37/><V25/><F135/><W23/><G35/><T132/><D132/><U101/><E128/><V65/><F34/><W29/><G29/><T124/><D124/><U68/><E126/><V54/><F25/><W82/><G110/><T17/><D64/><U60/><E68/><V51/><F9/><W123/><G112/><T59/><D59/><U95/><E73/><V3/><F14/><N who="3" m="9687" /><G118/><N who="2" m="45673" /><F88/><W129/><G129/><T56/><D56/><U55/><E55/><AGARI ba="2,1" hai="3,4,8,44,47,50,51,54,55,65,67" m="45673" machi="55" ten="30,2000,0" yaku="12,1,52,1" doraHai="33" who="2" fromWho="1" sc="296,0,195,-26,210,36,289,0" /><INIT seed="5,0,0,4,5,35" ten="296,169,246,289" oya="1" hai0="81,118,130,61,83,112,72,39,104,10,11,33,134" hai1="28,15,34,67,26,119,111,20,105,57,126,31,84" hai2="93,97,55,37,73,70,131,77,98,108,75,76,22" hai3="89,45,128,85,69,42,41,109,101,64,40,18,2"/><U82/><E119/><V36/><F70/><W13/><G109/><T135/><D118/><U48/><E105/><V60/><F60/><W95/><G128/><T129/><D33/><U116/><E116/><V107/><F55/><W51/><G2/><T68/><D104/><U99/><E111/><V122/><F22/><N who="3" m="11599" /><G69/><T114/><D39/><U62/><E126/><V120/><F107/><W3/><G3/><T49/><D49/><U47/><E99/><V43/><F93/><W132/><G132/><N who="0" m="50731" /><D61/><U63/><E62/><V117/><F43/><N who="3" m="25023" /><G101/><T0/><D68/><U44/><E34/><V94/><F94/><W74/><G74/><T102/><D102/><U30/><E15/><V1/><F1/><W50/><G64/><T96/><D96/><U92/><E92/><V54/><F97/><W46/><AGARI ba="0,0" hai="40,41,42,46,50,85,89,95" m="25023,11599" machi="46" ten="30,1100,0" yaku="8,1" doraHai="35" who="3" fromWho="3" sc="296,-3,169,-5,246,-3,289,11" owari="293,9.3,164,-33.6,243,-15.7,300,40.0" /></mjloggm>