<mjloggm ver="2.3"><GO type="225" lobby="0"/><UN n0="%6D%75%75%6D%75%72%61" n1="%E6%98%93%E5%88%A9%E8%96%A9%E4%BC%AF" n2="%72%61%6B%33" n3="%2D%E8%B1%8A%E5%8F%A3%E3%82%81%E3%81%90%E3%81%BF%2D" dan="16,16,16,17" rate="2133.34,2054.50,2154.44,2115.27" sx="F,F,M,F"/><TAIKYOKU oya="0"/><INIT seed="0,0,0,0,1,55" ten="250,250,250,250" oya="0" hai0="34,64,120,41,47,106,123,4,14,62,96,40,60" hai1="61,2,79,86,52,31,35,90,57,81,29,17,10" hai2="26,49,100,126,21,98,7,37,1,8,18,103,11" hai3="27,88,20,68,115,135,83,48,91,33,124,65,63"/><T125/><D34/><U0/><E35/><V109/><F109/><W43/><G115/><T99/><D125/><U101/><E101/><V73/><F126/><W77/><G124/><T45/><D4/><U46/><E2/><V121/><F37/><W85/><G33/><T36/><D14/><U104/><E104/><V80/><F121/><W84/><G135/><T28/><D28/><U122/><E122/><V42/><F11/><W12/><G12/><T56/><D106/><U92/><E46/><V50/><F42/><W32/><G32/><T108/><D108/><U132/><E132/><V118/><F118/><W23/><G23/><T19/><D19/><U22/><E10/><V97/><F73/><W24/><G24/><T5/><D5/><U30/><E0/><V127/><F80/><W119/><G119/><T128/><D128/><U117/><E117/><V13/><F127/><W105/><G105/><T116/><D116/><U9/><E9/><V112/><F112/><W113/><G113/><T114/><D114/><U58/><E58/><V78/><F78/><W131/><G131/><T38/><REACH who="0" step="1"/><D62/><REACH who="0" ten="240,250,250,250" step="2"/><U107/><E107/><V53/><F1/><W25/><G25/><T6/><D6/><U72/><E30/><V76/><F7/><W15/><G15/><AGARI ba="0,1" hai="15,17,22,29,31,52,57,61,72,79,81,86,90,92" machi="15" ten="30,3900,0" yaku="7,1,52,1,54,1" doraHai="55" who="1" fromWho="3" sc="240,0,250,49,250,0,250,-39" /><INIT seed="1,0,0,2,2,12" ten="240,299,250,211" oya="1" hai0="62,47,60,11,29,45,120,17,37,66,22,26,13" hai1="115,93,88,91,50,2,89,44,64,75,132,18,46" hai2="30,124,123,97,19,96,111,114,1,25,40,5,6" hai3="78,76,82,101,121,58,20,69,35,118,70,56,113"/><U74/><E115/><V55/><F123/><W57/><G35/><T106/><D120/><U38/><E2/><V99/><F114/><W36/><G121/><T67/><D106/><U126/><E132/><V116/><F116/><W73/><G113/><T100/><D100/><U127/><E64/><V51/><F111/><W65/><G118/><T8/><D8/><U63/><E63/><V102/><F124/><N who="1" m="47657" /><E93/><V52/><F102/><W119/><G119/><T16/><D37/><U10/><E38/><V110/><F110/><W0/><G0/><T125/><D125/><U3/><E3/><V80/><F80/><W135/><G135/><T131/><D131/><U122/><E122/><V79/><F79/><W28/><G36/><T4/><D62/><U104/><E104/><V77/><F77/><W112/><G112/><T92/><D92/><U83/><E83/><V90/><F90/><W34/><G70/><T86/><D86/><U103/><E103/><V81/><F81/><W98/><G69/><T71/><REACH who="0" step="1"/><D66/><REACH who="0" ten="230,299,250,211" step="2"/><U134/><E134/><V107/><F107/><W129/><G129/><T85/><D85/><U21/><E10/><V72/><F99/><W33/><G65/><T68/><D68/><U42/><E46/><AGARI ba="0,1" hai="4,11,13,16,17,22,26,29,45,46,47,60,67,71" machi="46" ten="40,8000,1" yaku="1,1,52,2,54,1,53,0" doraHai="12" doraHaiUra="117" who="0" fromWho="1" sc="230,90,299,-80,250,0,211,0" /><INIT seed="2,0,0,5,0,62" ten="320,219,250,211" oya="2" hai0="98,23,78,85,100,122,83,36,125,79,45,123,88" hai1="129,61,90,6,40,5,94,34,32,22,108,87,105" hai2="47,15,109,121,131,82,128,46,67,12,20,52,30" hai3="92,86,51,101,63,71,103,39,8,135,1,2,16"/><V116/><F116/><W73/><G39/><T41/><D125/><U4/><E108/><V53/><F109/><W133/><G73/><T48/><D36/><U14/><E105/><V119/><F119/><W65/><G51/><T96/><D23/><U27/><E129/><V37/><F82/><W11/><G86/><T95/><REACH who="0" step="1"/><D78/><REACH who="0" ten="310,219,250,211" step="2"/><U28/><E40/><V127/><F20/><W13/><G11/><T84/><D84/><U111/><E111/><V93/><F37/><W54/><G135/><T64/><D64/><U115/><E115/><V25/><F67/><W112/><G133/><T72/><D72/><U58/><REACH who="1" step="1"/><E14/><REACH who="1" ten="310,209,250,211" step="2"/><V97/><F12/><W50/><G112/><T29/><D29/><U126/><E126/><V81/><F15/><W9/><G9/><T42/><D42/><U110/><E110/><V18/><F30/><W99/><REACH who="3" step="1"/><G103/><REACH who="3" ten="310,209,250,201" step="2"/><T106/><AGARI ba="0,3" hai="41,45,48,79,83,85,88,95,96,98,100,106,122,123" machi="106" ten="20,8000,1" yaku="1,1,0,1,7,1,54,1,53,1" doraHai="62" doraHaiUra="80" who="0" fromWho="0" sc="310,110,209,-20,250,-40,201,-20" /><INIT seed="3,0,0,0,4,87" ten="420,189,210,181" oya="3" hai0="17,97,32,27,0,107,129,29,33,20,24,13,85" hai1="94,92,53,135,47,67,117,37,91,126,66,76,110" hai2="61,57,134,43,25,52,42,7,104,120,6,39,38" hai3="113,31,83,99,55,103,70,115,48,44,1,26,19"/><W35/><G1/><T11/><D85/><U64/><E110/><V73/><F104/><W14/><G70/><T56/><D56/><U8/><E117/><V65/><F73/><W111/><G111/><T71/><D71/><U79/><E135/><V119/><F119/><W68/><G68/><T59/><D59/><U41/><E126/><V131/><F120/><W2/><G2/><T74/><D74/><U105/><E105/><V121/><F121/><W16/><G83/><T108/><D108/><U62/><E8/><V40/><F134/><W4/><G4/><N who="0" m="1415" /><D97/><U30/><E30/><V124/><F124/><W102/><G19/><N who="0" m="12319" /><D107/><U114/><E114/><V21/><F131/><W72/><G72/><T127/><D127/><U15/><E15/><V10/><F38/><W78/><G78/><T50/><D50/><U96/><E92/><V28/><F39/><W106/><REACH who="3" step="1"/><G103/><REACH who="3" ten="420,189,210,171" step="2"/><T123/><D123/><U101/><E101/><V88/><F6/><W100/><G100/><T81/><D81/><U132/><E132/><V90/><REACH who="2" step="1"/><F65/><REACH who="2" ten="420,189,200,171" step="2"/><W118/><G118/><T9/><D129/><U125/><E125/><V49/><F49/><W109/><G109/><T34/><AGARI ba="0,2" hai="9,13,17,27,29,32,33,34" m="12319,1415" machi="34" ten="30,8000,1" yaku="35,5" doraHai="87" who="0" fromWho="0" sc="420,100,189,-20,200,-20,171,-40" owari="520,62.0,169,-23.1,180,-2.0,131,-36.9" /></mjloggm>