<mjloggm ver="2.3"><GO type="225" lobby="0"/><UN n0="%E4%BA%AE%E6%B5%81%E6%89%93%E8%80%85" n1="%77%72%77%72%77%72%77%72" n2="%E7%89%B9%E6%9D%B1%E3%81%AF%E4%B8%96%E7%95%8C%E3%82%92%E6%95%91%E3%81%86" n3="%E3%80%93%E3%81%97%E3%83%BC%E3%82%89%E3%80%93" dan="16,17,16,16" rate="2091.51,2208.65,2133.01,2164.93" sx="F,M,M,M"/><TAIKYOKU oya="0"/><INIT seed="0,0,0,4,2,98" ten="250,250,250,250" oya="0" hai0="47,67,110,8,103,32,11,71,130,115,76,26,37" hai1="121,34,70,95,97,82,94,118,102,84,93,16,125" hai2="6,79,30,134,38,104,99,85,0,45,126,124,105" hai3="43,122,117,119,135,133,9,116,19,92,23,80,4"/><T53/><D115/><U132/><E118/><V48/><F38/><W18/><G43/><N who="0" m="23023" /><D130/><U129/><E121/><V81/><F134/><N who="3" m="51211" /><G80/><T28/><D76/><U112/><E70/><V73/><F30/><W14/><G92/><T12/><D12/><U83/><E34/><V39/><F85/><W61/><G61/><N who="0" m="40431" /><D110/><U40/><E40/><N who="2" m="22687" /><F48/><W10/><G122/><T41/><D41/><U65/><E65/><V111/><F111/><W127/><G127/><N who="2" m="48681" /><F99/><W88/><G88/><T44/><D44/><U63/><E129/><V72/><F72/><W64/><G64/><T131/><D131/><U27/><E112/><V2/><F6/><N who="3" m="3383" /><G23/><T107/><D53/><U109/><E125/><V114/><F114/><W106/><G106/><AGARI ba="0,0" hai="0,2,73,79,81,104,105,106" m="48681,22687" machi="106" ten="30,2000,0" yaku="18,1,23,1" doraHai="98" who="2" fromWho="3" sc="250,0,250,0,250,20,250,-20" /><INIT seed="1,0,0,1,4,59" ten="250,250,270,230" oya="1" hai0="130,108,4,34,32,42,87,96,119,132,72,118,10" hai1="20,18,94,9,1,50,121,31,105,91,81,123,52" hai2="120,65,113,12,135,14,101,49,106,40,62,93,117" hai3="8,15,0,85,47,103,74,115,66,36,41,69,27"/><U98/><E105/><V54/><F117/><N who="0" m="44554" /><D87/><U67/><E67/><V104/><F120/><W77/><G85/><T58/><D58/><U51/><E51/><V100/><F40/><W80/><G103/><T63/><D108/><U107/><E107/><V112/><F135/><W78/><G77/><T127/><D42/><U82/><E31/><V111/><F111/><W64/><G115/><N who="2" m="44105" /><F93/><W75/><G75/><T3/><D72/><U19/><E1/><V114/><F100/><W126/><G126/><T35/><D96/><U30/><E30/><V70/><F114/><W2/><G27/><T55/><D55/><U33/><E33/><N who="0" m="12905" /><D132/><U68/><E68/><V23/><F23/><W24/><G24/><T48/><D48/><U13/><E123/><V83/><F83/><W133/><G133/><T44/><N who="0" m="12913" /><T76/><DORA hai="21" /><D76/><U26/><E121/><V128/><F104/><W39/><G39/><T56/><D127/><U60/><E60/><V131/><F101/><W22/><G66/><N who="0" m="39271" /><D44/><AGARI ba="0,0" hai="9,13,18,19,20,26,44,50,52,81,82,91,94,98" machi="44" ten="30,11600,0" yaku="7,1,8,1,52,1,54,1" doraHai="59,21" who="1" fromWho="0" sc="250,-116,250,116,270,0,230,0" /><INIT seed="1,1,0,4,2,81" ten="134,366,270,230" oya="1" hai0="85,77,84,53,128,80,104,37,88,32,19,0,76" hai1="54,124,3,126,113,62,130,22,5,56,103,101,121" hai2="100,25,2,108,117,45,129,65,34,105,120,71,68" hai3="61,4,24,134,28,38,66,59,39,11,14,29,10"/><U94/><E113/><V1/><F117/><W57/><G134/><T60/><D32/><U111/><E121/><V26/><F120/><W67/><G11/><T15/><D37/><U46/><E130/><V52/><F129/><W6/><G6/><T23/><D104/><U89/><E3/><V42/><F108/><W83/><G83/><N who="0" m="49183" /><D0/><U13/><E46/><V75/><F75/><W20/><G29/><T47/><D128/><U41/><E41/><V127/><F52/><W8/><G10/><T7/><D7/><U115/><E115/><V58/><F58/><W87/><G87/><T132/><D132/><U102/><E111/><V36/><F26/><W72/><G72/><T106/><D106/><U90/><E5/><V97/><F71/><W9/><G9/><T125/><D125/><N who="1" m="48235" /><E94/><V27/><F27/><W74/><G74/><T109/><D109/><U91/><E13/><V93/><F93/><W122/><G122/><T116/><D116/><U110/><E110/><V79/><F79/><W86/><G86/><T64/><D64/><U131/><E131/><V40/><F40/><W43/><G43/><T92/><D92/><U33/><E22/><V21/><F21/><W135/><G135/><T50/><D60/><AGARI ba="1,0" hai="4,8,14,20,24,28,38,39,57,59,60,61,66,67" machi="60" ten="40,1300,0" yaku="9,1" doraHai="81" who="3" fromWho="0" sc="134,-16,366,0,270,0,230,16" /><INIT seed="2,0,0,3,1,102" ten="118,366,270,246" oya="2" hai0="109,87,113,44,10,80,95,30,7,115,21,85,119" hai1="106,131,81,52,61,63,53,89,66,104,51,11,117" hai2="122,67,33,29,121,22,46,40,31,34,84,73,64" hai3="71,17,45,93,54,128,2,47,5,1,96,56,65"/><V116/><F116/><W60/><G128/><T86/><D109/><U135/><E117/><V55/><F73/><W103/><G5/><T39/><D119/><U8/><E131/><V19/><F55/><W79/><G79/><T132/><D132/><U58/><E135/><V25/><F122/><W129/><G129/><T48/><D39/><U12/><E53/><V99/><F121/><W69/><G69/><T35/><D35/><U74/><E61/><V32/><F84/><W134/><G134/><T94/><D113/><U24/><E24/><V18/><F18/><W72/><G72/><T14/><D115/><U49/><E49/><V123/><F123/><W43/><G17/><T91/><D85/><N who="1" m="50351" /><E74/><V83/><F83/><W92/><G93/><T118/><D118/><U120/><E120/><V88/><F31/><W28/><G28/><T75/><D75/><U13/><E106/><V98/><F29/><W133/><G47/><T82/><D30/><U36/><E104/><V110/><F110/><W37/><G133/><T6/><D21/><U23/><E36/><V3/><F3/><W16/><G16/><T126/><D6/><U0/><E23/><V42/><F42/><W78/><G78/><T38/><D38/><U9/><E0/><V112/><F112/><W114/><G114/><T124/><D126/><U4/><E4/><V90/><F98/><W107/><G92/><T41/><REACH who="0" step="1"/><D124/><REACH who="0" ten="108,366,270,246" step="2"/><U20/><E20/><N who="2" m="13471" /><F34/><W57/><G71/><T62/><D62/><AGARI ba="0,1" hai="1,2,37,43,45,54,56,57,60,62,65,96,103,107" machi="62" ten="30,2000,0" yaku="7,1,52,1" doraHai="102" who="3" fromWho="0" sc="108,-20,366,0,270,0,246,30" /><INIT seed="3,0,0,4,1,96" ten="88,366,270,276" oya="3" hai0="31,36,19,46,125,57,115,56,61,103,30,63,100" hai1="98,5,135,90,7,104,38,6,77,127,107,67,87" hai2="32,88,83,1,85,110,92,47,50,62,64,53,52" hai3="59,22,79,45,43,109,75,39,18,35,84,102,78"/><W9/><G35/><T51/><D36/><U105/><E38/><V99/><F110/><W76/><G75/><T91/><D125/><U120/><E120/><V12/><F1/><W66/><G109/><T121/><D121/><U94/><E127/><V13/><F53/><W126/><G9/><T23/><D115/><U40/><E40/><V3/><F3/><W117/><G117/><T48/><D23/><U25/><E67/><V82/><F32/><W95/><G126/><T65/><D91/><U81/><E25/><V10/><F10/><W71/><G71/><T134/><D134/><U129/><E129/><V111/><F83/><W60/><G84/><T128/><D128/><U41/><E41/><V4/><F4/><W113/><G113/><T15/><D15/><U49/><E49/><V21/><F21/><W133/><G133/><T106/><D106/><U74/><E135/><V55/><F55/><W42/><G45/><T114/><D114/><U20/><E20/><V93/><F93/><W68/><G68/><T54/><D19/><U29/><E29/><V17/><F17/><W124/><G39/><T119/><D119/><U97/><AGARI ba="0,0" hai="5,6,7,74,77,81,87,90,94,97,98,104,105,107" machi="97" ten="40,1500,0" yaku="0,1" doraHai="96" who="1" fromWho="1" sc="88,-4,366,15,270,-4,276,-7" owari="84,-41.6,381,48.1,266,-13.4,269,6.9" /></mjloggm>