<mjloggm ver="2.3"><GO type="225" lobby="0"/><UN n0="%4E%49%4A%49%49%52%4F" n1="%70%68%65%6E%6F%6D%65" n2="%E3%81%A1%E3%82%85%E3%81%86%E3%81%A9%E3%81%8F%E8%B1%A1%E3%81%95%E3%82%93" n3="%E7%89%B9%E6%9D%B1%E3%81%AF%E4%B8%96%E7%95%8C%E3%82%92%E6%95%91%E3%81%86" dan="16,17,17,16" rate="2179.44,2168.68,2255.60,2137.69" sx="M,M,M,M"/><TAIKYOKU oya="0"/><INIT seed="0,0,0,3,1,48" ten="250,250,250,250" oya="0" hai0="94,88,108,84,55,95,82,110,97,111,85,123,5" hai1="26,21,57,56,112,113,106,105,87,12,44,78,92" hai2="83,19,49,50,11,117,133,40,38,120,9,61,80" hai3="7,114,31,115,63,15,93,45,127,91,35,121,39"/><T107/><D5/><U101/><E12/><V128/><F120/><W17/><G121/><T32/><D32/><U10/><E10/><V33/><F33/><W41/><G127/><T24/><D123/><U68/><E68/><V72/><F61/><W64/><G7/><T126/><D126/><U51/><E78/><V79/><F128/><W86/><G31/><T118/><D24/><U54/><E87/><V20/><F133/><W109/><G109/><T2/><D2/><U60/><E92/><V102/><F102/><W23/><REACH who="3" step="1"/><G35/><REACH who="3" ten="250,250,250,240" step="2"/><T132/><D132/><U52/><E112/><V135/><F135/><W74/><G74/><T6/><D6/><U100/><E113/><V42/><F72/><W58/><AGARI ba="0,1" hai="15,17,23,39,41,45,58,63,64,86,91,93,114,115" machi="58" ten="20,2700,0" yaku="1,1,0,1,7,1,53,0" doraHai="48" doraHaiUra="22" who="3" fromWho="3" sc="250,-13,250,-7,250,-7,240,37" /><INIT seed="1,0,0,2,2,62" ten="237,243,243,277" oya="1" hai0="24,70,81,73,102,104,10,4,37,48,134,124,5" hai1="103,107,72,15,18,132,123,76,14,99,77,38,22" hai2="114,65,96,69,13,17,98,122,71,95,36,115,59" hai3="110,111,75,66,53,31,34,87,125,32,106,6,68"/><U26/><E123/><V28/><F36/><W51/><G75/><T41/><D124/><U39/><E132/><V116/><F28/><W7/><G106/><T12/><D134/><U29/><E15/><V61/><F116/><W64/><G125/><T120/><D120/><U35/><REACH who="1" step="1"/><E72/><REACH who="1" ten="237,233,243,277" step="2"/><V55/><F122/><W42/><G110/><T91/><D73/><U130/><E130/><V133/><F133/><W94/><G111/><T79/><D12/><U1/><E1/><V9/><F114/><W21/><G34/><T16/><D4/><U27/><E27/><V46/><F115/><W135/><G32/><T97/><D5/><U49/><E49/><V50/><REACH who="2" step="1"/><F96/><REACH who="2" ten="237,233,233,277" step="2"/><W121/><G135/><T131/><D97/><U113/><E113/><V56/><F56/><W89/><G121/><T92/><D37/><AGARI ba="0,2" hai="14,18,22,26,29,35,37,38,39,76,77,99,103,107" machi="37" ten="40,2000,0" yaku="1,1,53,0" doraHai="62" doraHaiUra="58" who="1" fromWho="0" sc="237,-20,233,40,233,0,277,0" /><INIT seed="1,1,0,3,5,72" ten="217,273,233,277" oya="1" hai0="91,100,4,41,71,49,13,38,106,37,92,130,90" hai1="36,132,43,89,45,123,124,87,21,47,108,125,133" hai2="16,85,58,3,61,10,17,14,113,44,60,57,80" hai3="127,105,11,15,22,83,121,104,1,96,50,79,31"/><U98/><E123/><V115/><F3/><W59/><G121/><T51/><D71/><U74/><E74/><V70/><F44/><W94/><G1/><T131/><D106/><U52/><E98/><V26/><F26/><W88/><G127/><N who="1" m="48714" /><E21/><V69/><F17/><W84/><G22/><T129/><D100/><U75/><E75/><V23/><F23/><W114/><G31/><T109/><D109/><U102/><E102/><V93/><F93/><W128/><G114/><N who="2" m="43529" /><F58/><W33/><G33/><T34/><D34/><U55/><E108/><V32/><F32/><W117/><G117/><T56/><D56/><U40/><E40/><V30/><F30/><W103/><G59/><T35/><D35/><U110/><E110/><V111/><F111/><W18/><G105/><T5/><D41/><U2/><E2/><V107/><F107/><W6/><G18/><T64/><D92/><N who="1" m="54335" /><E45/><V29/><F29/><W62/><G104/><T46/><D46/><U126/><N who="1" m="48722" /><U122/><DORA hai="86" /><E122/><V134/><F134/><AGARI ba="1,0" hai="36,43,47,52,55,132,133,134" m="54335,48722" machi="134" ten="40,12000,1" yaku="20,1,18,1,52,1,54,1" doraHai="72,86" who="1" fromWho="2" sc="217,0,273,123,233,-123,277,0" /><INIT seed="1,2,0,5,4,128" ten="217,396,110,277" oya="1" hai0="135,124,75,0,58,126,69,49,53,125,82,88,4" hai1="123,116,134,117,59,100,97,55,79,104,101,84,34" hai2="66,118,17,110,16,48,1,80,50,64,23,35,105" hai3="37,99,83,22,40,133,94,56,7,24,61,26,36"/><U86/><E123/><V33/><F1/><W41/><G7/><T119/><D69/><U103/><E34/><V108/><F105/><W92/><G83/><T29/><D119/><U122/><E122/><V8/><F23/><W109/><G109/><T130/><D130/><U81/><E134/><V98/><F98/><W18/><G133/><T91/><D135/><U113/><E113/><V114/><F80/><W39/><G26/><T102/><D102/><N who="1" m="39531" /><E55/><V67/><F67/><W107/><G107/><T76/><REACH who="0" step="1"/><D29/><REACH who="0" ten="207,396,110,277" step="2"/><U65/><E116/><V19/><F19/><W131/><G131/><T90/><D90/><U2/><E117/><V45/><F118/><W72/><G18/><T38/><D38/><U5/><E104/><V3/><F114/><W11/><G37/><T15/><D15/><U121/><E103/><V51/><F51/><W87/><G36/><T12/><D12/><U112/><E121/><V27/><F27/><W14/><G39/><T54/><D54/><U57/><E112/><V32/><F32/><W9/><G14/><T106/><D106/><U47/><E2/><V77/><F3/><W10/><G24/><T13/><D13/><U68/><E68/><V71/><F71/><W70/><G70/><T42/><D42/><U73/><E65/><V44/><REACH who="2" step="1"/><F77/><REACH who="2" ten="207,396,100,277" step="2"/><W21/><G21/><T46/><D46/><U52/><E47/><V74/><F74/><W127/><G22/><T129/><D129/><U30/><E30/><V6/><F6/><W115/><G72/><T96/><D96/><U43/><E97/><V62/><F62/><W132/><G61/><RYUUKYOKU ba="2,2" sc="207,15,396,-15,100,15,277,-15" hai0="0,4,49,53,58,75,76,82,88,91,124,125,126" hai2="8,16,17,33,35,44,45,48,50,64,66,108,110" /><INIT seed="2,3,2,3,5,131" ten="222,381,115,262" oya="2" hai0="68,120,125,76,72,128,52,62,61,84,1,17,67" hai1="24,70,16,41,34,63,57,20,50,127,6,135,3" hai2="45,92,28,4,100,126,66,48,13,134,115,132,79" hai3="25,44,130,88,12,7,36,26,58,37,59,81,114"/><V75/><F115/><W42/><G130/><T96/><D128/><U35/><E135/><N who="2" m="51755" /><F126/><W116/><G116/><T60/><D125/><U2/><E127/><V82/><F66/><W109/><G37/><T9/><D72/><U18/><E70/><V30/><F100/><W51/><G114/><T95/><D120/><U33/><E18/><V108/><F108/><W21/><G109/><T49/><D84/><U98/><E6/><V86/><F75/><W39/><G39/><T47/><D76/><U101/><E50/><V129/><F92/><W46/><G7/><T112/><D112/><U40/><E2/><V27/><F27/><W55/><G12/><N who="0" m="7311" /><D68/><U74/><E3/><V102/><F102/><W99/><G26/><T32/><D32/><U91/><E74/><V122/><F122/><W133/><G133/><T65/><D1/><U10/><E101/><AGARI ba="3,2" hai="47,49,52,60,61,62,65,67,95,96,101" m="7311" machi="101" ten="30,2000,0" yaku="8,1,54,1" doraHai="131" who="0" fromWho="1" sc="222,49,381,-29,115,0,262,0" /><INIT seed="3,0,0,0,2,72" ten="271,352,115,262" oya="3" hai0="29,49,34,7,111,108,57,118,93,113,110,4,13" hai1="42,128,37,126,48,119,101,27,135,11,80,69,39" hai2="66,89,17,36,52,87,32,45,23,94,91,68,51" hai3="88,24,10,59,47,40,85,55,63,130,114,16,70"/><W120/><G130/><T92/><D118/><U77/><E69/><V124/><F124/><W61/><G114/><T105/><D105/><U74/><E101/><V25/><F32/><W133/><G133/><T26/><D113/><U20/><E135/><V78/><F36/><W58/><G70/><T125/><D125/><U83/><E126/><V35/><F35/><W1/><G120/><T115/><D115/><U12/><E119/><V0/><F0/><W44/><G1/><T76/><D76/><U116/><E116/><V75/><F68/><W5/><G5/><N who="0" m="2123" /><D13/><U123/><E128/><V67/><F75/><W41/><G41/><T98/><D98/><U28/><E83/><V54/><F78/><W129/><G129/><T134/><D134/><U95/><E95/><V14/><F25/><W90/><G40/><T31/><D31/><U84/><E123/><V3/><F3/><W2/><G2/><T6/><D6/><N who="1" m="3191" /><E74/><V71/><F71/><W112/><G112/><T21/><D34/><U38/><E38/><V65/><F65/><N who="3" m="39095" /><G10/><T100/><D100/><U9/><E9/><V122/><F122/><W82/><G90/><T19/><D29/><U22/><E20/><AGARI ba="0,0" hai="16,20,24,44,47,55,59,63,82,85,88" m="39095" machi="20" ten="30,5800,0" yaku="8,1,54,2" doraHai="72" who="3" fromWho="1" sc="271,0,352,-58,115,0,262,58" owari="271,-12.9,294,9.4,115,-38.5,320,42.0" /></mjloggm>