<mjloggm ver="2.3"><GO type="225" lobby="0"/><UN n0="%28%EF%BF%A3%E2%96%BD%EF%BF%A3%29%CE%B4%E2%8C%92%E3%83%BB" n1="%E8%B6%85%E7%B4%9A%E9%B3%B3%E5%87%B0" n2="%4B%2E%32%2E%4B%2E" n3="%E3%82%B7%E3%83%B3%E5%A4%AA%E6%9C%97" dan="16,16,16,16" rate="2129.31,2199.62,2175.50,2151.36" sx="M,M,M,M"/><TAIKYOKU oya="0"/><INIT seed="0,0,0,0,5,112" ten="250,250,250,250" oya="0" hai0="93,52,108,74,67,44,126,50,123,109,77,105,46" hai1="41,65,39,3,86,56,95,34,98,113,32,35,125" hai2="72,30,69,0,133,116,70,94,81,80,60,92,110" hai3="7,82,104,120,132,127,135,96,40,115,100,4,19"/><T14/><D105/><U29/><E3/><V119/><F0/><W37/><G115/><T38/><D123/><U10/><E113/><V101/><F110/><N who="0" m="42602" /><D126/><U134/><E125/><V43/><F133/><N who="3" m="51275" /><G127/><T106/><D106/><U57/><E134/><V5/><F5/><W124/><G124/><T130/><D130/><U117/><E10/><V22/><F43/><W48/><G120/><T6/><D67/><U59/><E86/><V87/><F72/><W129/><G37/><T61/><D61/><U55/><E65/><V111/><F111/><W79/><G129/><T64/><D64/><U9/><E9/><V36/><F36/><W128/><G128/><T76/><D74/><U99/><E39/><V47/><F47/><N who="3" m="25703" /><G19/><T66/><D66/><U27/><E29/><V17/><F30/><W1/><G1/><T20/><D6/><U73/><E73/><AGARI ba="0,0" hai="4,7,73,79,82,96,100,104" m="25703,51275" machi="73" ten="30,1000,0" yaku="20,1" doraHai="112" who="3" fromWho="1" sc="250,0,250,-10,250,0,250,10" /><INIT seed="1,0,0,2,3,6" ten="250,240,250,260" oya="1" hai0="90,108,29,69,106,27,46,62,122,74,78,26,2" hai1="67,89,121,115,53,43,119,117,41,135,37,35,126" hai2="16,107,132,0,113,9,38,42,104,32,54,44,103" hai3="72,11,118,111,13,45,91,120,110,10,15,114,101"/><U123/><E115/><V19/><F32/><W129/><G114/><T73/><D106/><U88/><E35/><V70/><F113/><W102/><G120/><N who="1" m="46154" /><E67/><V5/><F70/><W31/><G72/><T36/><D2/><U40/><E53/><V99/><F132/><W47/><G31/><T17/><D69/><U34/><E34/><V48/><REACH who="2" step="1"/><F107/><REACH who="2" ten="250,240,240,260" step="2"/><W125/><G118/><N who="1" m="45066" /><E37/><V96/><F96/><W49/><G129/><T21/><D36/><U95/><E135/><V33/><F33/><W134/><G134/><T86/><D122/><U85/><E126/><V116/><F116/><W8/><G125/><T52/><D108/><N who="3" m="41513" /><G91/><N who="1" m="34890" /><E95/><V124/><F124/><W112/><G112/><T84/><D90/><U71/><E71/><V39/><F39/><W14/><G47/><AGARI ba="0,1" hai="0,5,9,16,19,38,42,44,47,48,54,99,103,104" machi="47" ten="30,7700,0" yaku="1,1,7,1,52,1,54,1,53,0" doraHai="6" doraHaiUra="28" who="2" fromWho="3" sc="250,0,240,0,240,87,260,-77" /><INIT seed="2,0,0,3,3,31" ten="250,240,327,183" oya="2" hai0="109,117,115,66,67,48,14,79,131,44,96,85,98" hai1="124,40,88,100,99,59,113,77,75,80,38,73,62" hai2="50,25,22,13,27,11,103,89,91,111,106,33,43" hai3="34,5,52,1,128,55,29,26,133,123,129,83,4"/><V8/><F111/><W120/><G133/><T6/><D115/><U0/><E113/><V102/><F33/><W127/><G83/><N who="0" m="47359" /><D131/><N who="3" m="50249" /><G127/><T84/><D84/><U36/><E0/><V32/><F106/><W105/><G105/><T81/><D81/><U21/><E124/><V61/><F102/><W57/><G55/><N who="0" m="30087" /><D117/><U72/><E40/><V35/><F103/><W54/><G54/><T47/><D47/><U125/><E125/><V134/><F134/><W95/><G95/><T130/><D109/><U39/><E21/><V51/><F61/><N who="3" m="36007" /><G1/><T3/><D3/><U49/><E80/><V76/><F76/><W64/><G64/><N who="0" m="24619" /><D130/><U132/><E132/><V2/><F2/><W108/><G108/><T65/><N who="0" m="24627" /><T126/><DORA hai="53" /><D126/><U9/><E77/><V28/><F43/><W69/><G69/><T42/><D42/><U18/><E72/><V7/><F91/><W104/><G104/><T70/><D70/><U15/><E73/><V87/><F89/><W94/><G94/><T68/><D68/><U119/><E75/><V86/><F50/><W17/><G17/><T93/><D93/><U56/><E49/><V74/><F74/><W112/><G112/><T16/><D6/><AGARI ba="0,0" hai="4,5,6,26,29,34,120,123" m="36007,50249" machi="6" ten="30,7700,0" yaku="19,1,52,2,54,1" doraHai="31,53" who="3" fromWho="0" sc="250,-77,240,0,327,0,183,77" /><INIT seed="3,0,0,0,2,69" ten="173,240,327,260" oya="3" hai0="112,40,75,119,96,18,23,51,80,11,73,121,123" hai1="113,2,124,13,62,70,81,100,27,52,95,118,93" hai2="26,34,102,85,54,101,35,14,53,89,43,61,114" hai3="10,128,74,131,56,49,135,72,126,4,6,28,50"/><W99/><G135/><T109/><D119/><U83/><E113/><V65/><F114/><W130/><G126/><T110/><D112/><U133/><E2/><V106/><F43/><W86/><G28/><T16/><D96/><U117/><E124/><V90/><F106/><W87/><G99/><T7/><D40/><U39/><E133/><V8/><F26/><W47/><G56/><T88/><D51/><N who="3" m="19465" /><G47/><T134/><D134/><U79/><E39/><V15/><F61/><W24/><G24/><T120/><D7/><N who="3" m="2601" /><G10/><T82/><D11/><U3/><E3/><V33/><F65/><W132/><G132/><T64/><D64/><U17/><E27/><V91/><F85/><AGARI ba="0,0" hai="72,74,85,86,87,128,130,131" m="2601,19465" machi="85" ten="40,7700,0" yaku="28,2,19,1" doraHai="69" who="3" fromWho="2" sc="173,0,240,0,327,-77,260,77" owari="173,-32.7,240,-16.0,250,5.0,337,43.7" /></mjloggm>