<mjloggm ver="2.3"><GO type="225" lobby="0"/><UN n0="%E3%83%8F%E3%82%AC%E3%82%BF%E3%82%AB%E3%81%AE%E3%81%88%E3%81%98%E3%81%8D" n1="%E3%80%93%E3%81%97%E3%83%BC%E3%82%89%E3%80%93" n2="%E6%98%93%E5%88%A9%E8%96%A9%E4%BC%AF" n3="%4C%4F%4C%49%54%41" dan="17,17,16,16" rate="2172.77,2205.67,2068.03,2157.26" sx="M,M,F,F"/><TAIKYOKU oya="0"/><INIT seed="0,0,0,2,4,68" ten="250,250,250,250" oya="0" hai0="117,95,13,109,116,40,132,122,125,92,113,123,43" hai1="128,127,23,52,48,0,28,56,112,120,16,80,36" hai2="14,134,34,84,89,107,37,76,15,31,53,98,86" hai3="71,79,6,55,12,61,91,66,67,83,73,103,46"/><T44/><D13/><U105/><E120/><N who="0" m="46121" /><D95/><U87/><E0/><V8/><F134/><W1/><G1/><T81/><D92/><U108/><E105/><V133/><F133/><W74/><G103/><T10/><D81/><U126/><E28/><V130/><F76/><W27/><G73/><T65/><D10/><U35/><E35/><V129/><F34/><W54/><G27/><T49/><D132/><U39/><E112/><V64/><F31/><W94/><G67/><T93/><D93/><U22/><E108/><V72/><F64/><W7/><G12/><T29/><D29/><U100/><E128/><V69/><F69/><W11/><G11/><T78/><D78/><N who="1" m="46487" /><E100/><V118/><F72/><W62/><G91/><T124/><D113/><U42/><E42/><N who="0" m="15913" /><D65/><U58/><E58/><V99/><F8/><W51/><G94/><T75/><D75/><U3/><E3/><V57/><F57/><W30/><G30/><T82/><D82/><U96/><E96/><V26/><F107/><W5/><G5/><T33/><D109/><U114/><E114/><V32/><F99/><W101/><G101/><T17/><D17/><U97/><E97/><V121/><F98/><W47/><G6/><T20/><D20/><N who="1" m="7723" /><E16/><V41/><F32/><W38/><G7/><T2/><D2/><U70/><E70/><V45/><F26/><W77/><G74/><T63/><D33/><U24/><E24/><V90/><F121/><W111/><G111/><T88/><D88/><U135/><E135/><V119/><F89/><W106/><G106/><T59/><D59/><U85/><E85/><RYUUKYOKU ba="0,0" sc="250,-10,250,30,250,-10,250,-10" hai1="36,39,48,52,56,126,127" /><INIT seed="1,1,0,4,5,26" ten="240,280,240,240" oya="1" hai0="76,8,101,107,132,11,32,131,109,99,104,59,73" hai1="100,9,128,45,44,39,42,28,106,133,12,85,74" hai2="124,30,115,113,7,0,120,15,117,33,98,16,78" hai3="77,48,25,110,22,66,61,46,127,119,37,35,121"/><U50/><E74/><V125/><F78/><W29/><G121/><T134/><D32/><U23/><E133/><N who="0" m="51305" /><D109/><U93/><E128/><V95/><F95/><W54/><G110/><T102/><D59/><U126/><E126/><N who="2" m="48747" /><F98/><W112/><G127/><T67/><D67/><U96/><E85/><V114/><F120/><W86/><G112/><T84/><D11/><U118/><E118/><V51/><F117/><W89/><G119/><T70/><D8/><U60/><E60/><V69/><F69/><W92/><G37/><T116/><D70/><U1/><E1/><V4/><F0/><W83/><G35/><T47/><D47/><U52/><E106/><N who="0" m="40489" /><D116/><U17/><REACH who="1" step="1"/><E9/><REACH who="1" ten="240,270,240,240" step="2"/><N who="2" m="6255" /><F51/><W105/><G105/><T27/><D73/><U75/><E75/><V82/><F82/><W71/><G83/><N who="0" m="47207" /><D131/><U31/><AGARI ba="1,1" hai="12,17,23,28,31,39,42,44,45,50,52,93,96,100" machi="31" ten="30,12000,1" yaku="1,1,0,1,52,2,54,1,53,0" doraHai="26" doraHaiUra="108" who="1" fromWho="1" sc="240,-41,270,133,240,-41,240,-41" /><INIT seed="1,2,0,3,4,93" ten="199,403,199,199" oya="1" hai0="77,37,11,131,125,67,55,84,17,108,20,25,106" hai1="91,9,7,8,51,112,118,65,88,94,111,97,126" hai2="82,32,43,99,41,133,83,135,38,39,6,12,114" hai3="45,36,75,102,128,96,10,119,48,23,109,13,63"/><U50/><E112/><V59/><F32/><W115/><G115/><T116/><D116/><U98/><E118/><V21/><F114/><W113/><G119/><T30/><D37/><U123/><E123/><V121/><F121/><W56/><G113/><T68/><D106/><U120/><E120/><V14/><F59/><W22/><G75/><T107/><D107/><U58/><E126/><V81/><F21/><W71/><G109/><T24/><D125/><U124/><E124/><V16/><F6/><W130/><G71/><T54/><D108/><U117/><E117/><V90/><F90/><W134/><G36/><N who="2" m="13865" /><F16/><N who="3" m="8247" /><G134/><N who="2" m="51209" /><F99/><W0/><G0/><T3/><D3/><U34/><E34/><V86/><F86/><W95/><G130/><T19/><D84/><U18/><E111/><V2/><F2/><W69/><G69/><T1/><D1/><U80/><E7/><V52/><F52/><N who="3" m="29711" /><G128/><T100/><D131/><U27/><E8/><V76/><F76/><W104/><G22/><T129/><D77/><U78/><E78/><V132/><N who="2" m="51217" /><V79/><DORA hai="26" /><F79/><W127/><G23/><T57/><D68/><U110/><E110/><V70/><F70/><W53/><G127/><T122/><D122/><U40/><E9/><V60/><F60/><W89/><G89/><T42/><D11/><U28/><E91/><V5/><F5/><W4/><G4/><T66/><D129/><U64/><E88/><V47/><F47/><W87/><G87/><T61/><D20/><U74/><E74/><V62/><F62/><W29/><G29/><T35/><D30/><U49/><E28/><RYUUKYOKU ba="2,0" sc="199,-15,403,-15,199,15,199,15" hai2="12,14,41,43,81,82,83" hai3="53,56,63,95,96,102,104" /><INIT seed="2,3,0,0,4,79" ten="184,388,214,214" oya="2" hai0="130,55,134,127,36,72,109,92,26,76,62,118,20" hai1="42,98,93,10,95,48,16,43,124,63,87,49,110" hai2="7,80,112,107,69,116,38,3,103,85,102,100,125" hai3="4,89,6,23,123,91,45,68,66,96,104,17,39"/><V74/><F112/><W51/><G123/><T71/><D36/><U119/><E110/><V117/><F107/><W14/><G39/><T108/><D127/><U41/><E124/><V50/><F125/><W57/><G68/><T115/><D115/><U75/><E75/><V37/><F69/><W61/><G104/><T1/><D1/><U114/><E114/><V113/><F74/><W122/><G122/><T120/><D120/><U22/><E10/><V78/><F113/><W56/><G56/><T28/><D134/><U60/><E87/><V58/><F38/><W44/><G44/><T24/><D130/><U90/><E95/><V29/><F37/><W34/><G34/><T97/><D26/><N who="1" m="14663" /><E119/><V101/><N who="2" m="25600" /><DORA hai="47" /><V0/><F29/><W111/><G111/><T81/><D118/><U59/><E63/><V94/><F94/><N who="3" m="56399" /><G91/><T19/><D28/><U131/><E131/><V82/><F82/><W25/><G25/><T21/><D71/><U13/><E13/><V2/><REACH who="2" step="1"/><F7/><REACH who="2" ten="184,388,204,214" step="2"/><W133/><G133/><T27/><D108/><U11/><E11/><V135/><F135/><W31/><G31/><T53/><D109/><U54/><AGARI ba="3,1" hai="41,42,43,48,49,54,59,60,90,93,98" m="14663" machi="54" ten="30,8000,1" yaku="25,1,8,1,52,2,54,1" doraHai="79,47" who="1" fromWho="1" sc="184,-23,388,99,204,-43,214,-23" /><INIT seed="3,0,0,5,5,82" ten="161,487,161,191" oya="3" hai0="99,84,131,132,106,133,80,45,66,128,122,98,91" hai1="24,35,74,62,126,105,36,65,110,47,30,81,120" hai2="102,75,8,21,100,32,97,41,134,125,46,63,26" hai3="93,39,95,118,54,44,130,77,31,70,25,96,129"/><W33/><G118/><T15/><D122/><U60/><E120/><V2/><F75/><W113/><G113/><T43/><D66/><U20/><E62/><V123/><F123/><W57/><G70/><T58/><D58/><U73/><E47/><V23/><F134/><N who="0" m="51818" /><D15/><U0/><E36/><V9/><F125/><W51/><G77/><T3/><D3/><U12/><E105/><V49/><F32/><W64/><G96/><N who="0" m="36907" /><D106/><U121/><E20/><V92/><F2/><W19/><G19/><T101/><D101/><N who="2" m="39018" /><F63/><N who="3" m="37999" /><G39/><AGARI ba="0,0" hai="39,43,45,80,84,91,128,131" m="36907,51818" machi="39" ten="30,2000,0" yaku="20,1,52,1" doraHai="82" who="0" fromWho="3" sc="161,20,487,0,161,0,191,-20" owari="181,-1.9,487,58.7,161,-33.9,171,-22.9" /></mjloggm>