<mjloggm ver="2.3"><GO type="225" lobby="0"/><UN n0="%E3%81%9F%E3%81%A3%E3%81%A1%E3%82%87" n1="%6D%75%75%6D%75%72%61" n2="%E5%AE%AE%E4%BF%9D%E9%B6%8F%E8%82%89" n3="%E3%83%9F%E3%83%AA%E3%83%80%E3%81%97%E3%82%88" dan="16,17,16,16" rate="2072.59,2231.10,2120.59,2076.17" sx="M,F,M,M"/><TAIKYOKU oya="0"/><INIT seed="0,0,0,3,3,82" ten="250,250,250,250" oya="0" hai0="7,49,131,78,58,45,103,4,20,15,105,9,101" hai1="110,91,84,52,64,0,17,24,46,14,48,8,130" hai2="11,13,12,123,87,57,40,98,42,53,3,113,63" hai3="75,124,76,72,22,129,86,2,128,67,111,117,93"/><T59/><D131/><N who="3" m="50249" /><G117/><T73/><D73/><U71/><E130/><V85/><F123/><W134/><G134/><T5/><D78/><U115/><E110/><V18/><F113/><W36/><G111/><T61/><D105/><U23/><E115/><V104/><F3/><W1/><G124/><T62/><D20/><U102/><E0/><N who="3" m="106" /><G36/><T120/><D120/><U16/><E102/><N who="0" m="38921" /><D59/><U127/><E127/><V96/><F104/><W94/><G67/><N who="0" m="39351" /><D62/><U132/><E132/><V112/><F112/><W28/><G22/><T133/><D133/><U56/><E71/><V19/><F42/><AGARI ba="0,0" hai="4,5,7,9,15,42,45,49" m="39351,38921" machi="42" ten="30,1500,0" yaku="8,1" doraHai="82" who="0" fromWho="2" sc="250,15,250,0,250,-15,250,0" /><INIT seed="0,1,0,1,2,91" ten="265,250,235,250" oya="0" hai0="72,37,99,103,77,55,76,69,104,92,102,60,129" hai1="119,73,84,93,54,46,74,15,20,32,41,24,125" hai2="63,36,27,115,75,3,131,126,19,10,81,90,71" hai3="45,120,101,123,95,1,40,110,34,113,4,124,49"/><T39/><D129/><U59/><E119/><V5/><F115/><W127/><G113/><T134/><D134/><U11/><E125/><N who="3" m="48202" /><G110/><T111/><D111/><U128/><E32/><V18/><F36/><W130/><G130/><T17/><D103/><U65/><E128/><V30/><F126/><W112/><G112/><T14/><D104/><U88/><E65/><V135/><F135/><W6/><G34/><T121/><D121/><N who="3" m="46665" /><G1/><T33/><D33/><U28/><E59/><V21/><F131/><W105/><G105/><T43/><D72/><U9/><E54/><V29/><F29/><W25/><G25/><T89/><D102/><U62/><E62/><V50/><F50/><W85/><G85/><T22/><D43/><U44/><E11/><V118/><F118/><W83/><G83/><T42/><D42/><U96/><E84/><V66/><F75/><W132/><G132/><T64/><REACH who="0" step="1"/><D55/><REACH who="0" ten="255,250,235,250" step="2"/><U56/><E56/><V133/><F133/><W106/><G106/><T70/><D70/><U53/><E53/><V52/><F52/><W100/><G100/><T117/><D117/><U8/><E44/><V38/><F38/><AGARI ba="1,1" hai="14,17,22,37,38,39,60,64,69,76,77,89,92,99" machi="38" ten="40,7700,0" yaku="1,1,52,1,53,1" doraHai="91" doraHaiUra="86" who="0" fromWho="2" sc="255,90,250,0,235,-80,250,0" /><INIT seed="0,2,0,0,3,85" ten="345,250,155,250" oya="0" hai0="0,67,37,43,80,33,57,132,62,130,15,116,12" hai1="114,83,40,122,104,36,27,92,115,61,50,55,73" hai2="66,11,110,82,64,84,98,97,6,63,112,118,111" hai3="24,77,5,26,56,109,107,75,100,59,96,13,51"/><T86/><D116/><U108/><E104/><V46/><F112/><N who="1" m="43049" /><E122/><V106/><F118/><W87/><G109/><N who="2" m="41481" /><F46/><W60/><G75/><T105/><D0/><U93/><E108/><V47/><F47/><W48/><G48/><T129/><D33/><U65/><E36/><V91/><F106/><W78/><G51/><T124/><D124/><U90/><E40/><V94/><F63/><W7/><G56/><T128/><D132/><U29/><E73/><V117/><F117/><W1/><G1/><T45/><REACH who="0" step="1"/><D105/><REACH who="0" ten="335,250,155,250" step="2"/><U81/><E65/><N who="2" m="25195" /><F82/><W53/><G107/><T68/><D68/><U23/><E83/><V49/><F49/><W123/><G123/><T133/><D133/><U38/><E38/><V101/><F101/><W31/><G100/><T54/><D54/><U52/><E55/><V8/><F8/><W79/><G53/><T126/><D126/><U119/><E119/><V21/><F21/><W22/><G22/><T17/><D17/><U103/><E61/><V16/><F16/><W135/><G60/><T89/><AGARI ba="2,1" hai="12,15,37,43,45,57,62,67,80,86,89,128,129,130" machi="89" ten="30,11700,0" yaku="1,1,0,1,19,1,52,1,53,0" doraHai="85" doraHaiUra="19" who="0" fromWho="0" sc="335,133,250,-41,155,-41,250,-41" /><INIT seed="0,3,0,1,3,84" ten="468,209,114,209" oya="0" hai0="91,114,9,113,39,8,112,51,104,76,2,58,125" hai1="106,25,65,124,53,80,19,12,7,123,38,134,118" hai2="120,27,35,43,86,70,89,62,64,133,108,56,55" hai3="1,48,18,117,109,87,96,129,93,82,135,63,17"/><T131/><D104/><U14/><E118/><V36/><F120/><W83/><G117/><T107/><D107/><U100/><E123/><V105/><F108/><W110/><G1/><T24/><D39/><U0/><E0/><V42/><F105/><W130/><G135/><T44/><D125/><U3/><E3/><V119/><F133/><W20/><G48/><T50/><D131/><N who="3" m="50185" /><G63/><T5/><D76/><U99/><E38/><V67/><F119/><W128/><N who="3" m="50193" /><W81/><DORA hai="71" /><G87/><T95/><D9/><U61/><E134/><V85/><F85/><W68/><G68/><T126/><D126/><U77/><E53/><V75/><F75/><W34/><G34/><T54/><D24/><U26/><E12/><V102/><F102/><N who="3" m="60687" /><G18/><T74/><D74/><U94/><E7/><V98/><F98/><W78/><G78/><T37/><D37/><U30/><E124/><V32/><F67/><W66/><G66/><T31/><D31/><U6/><E6/><V103/><F103/><W92/><G92/><T23/><D113/><U15/><E106/><V46/><F43/><W132/><G132/><T69/><D69/><U59/><E19/><V29/><F35/><W16/><G17/><T33/><D33/><U111/><E111/><V13/><F13/><AGARI ba="3,0" hai="13,16,20,81,82,83,109,110" m="60687,50193" machi="13" ten="50,3200,0" yaku="19,1,54,1" doraHai="84,71" who="3" fromWho="2" sc="468,0,209,0,114,-41,209,41" /><INIT seed="1,0,0,2,5,115" ten="468,209,73,250" oya="1" hai0="59,122,89,29,47,40,48,73,100,37,58,126,106" hai1="135,27,8,133,94,102,91,7,54,16,0,10,99" hai2="78,87,127,12,18,38,24,13,4,81,79,120,20" hai3="66,61,119,95,71,45,112,30,44,103,121,36,88"/><U43/><E43/><V80/><F120/><W64/><G121/><T22/><D73/><U33/><E54/><V46/><F127/><W98/><G112/><T97/><D126/><U68/><E68/><V53/><F4/><W26/><G119/><T110/><D110/><U69/><E69/><V86/><REACH who="2" step="1"/><F53/><REACH who="2" ten="468,209,63,250" step="2"/><W109/><G109/><T15/><D122/><U123/><E123/><V60/><F60/><W131/><G61/><T17/><D40/><AGARI ba="0,1" hai="12,13,18,20,24,38,40,46,78,79,80,81,86,87" machi="40" ten="40,2600,0" yaku="1,1,9,1,53,0" doraHai="115" doraHaiUra="63" who="2" fromWho="0" sc="468,-26,209,0,63,36,250,0" /><INIT seed="2,0,0,3,5,46" ten="442,209,99,250" oya="2" hai0="65,24,50,29,74,122,87,114,95,18,62,108,23" hai1="85,33,123,52,134,135,89,67,115,119,54,19,116" hai2="35,107,71,125,75,47,39,88,42,101,76,10,112" hai3="56,45,83,55,93,103,43,2,111,92,120,57,129"/><V28/><F112/><W97/><G120/><T8/><D74/><U44/><E115/><V72/><F125/><W0/><G129/><T84/><D114/><U49/><E123/><V41/><F71/><W118/><G118/><T14/><D122/><U25/><E67/><V126/><F126/><W106/><G111/><T70/><D108/><U63/><E63/><V27/><F42/><W127/><G127/><T59/><D95/><U132/><E54/><V20/><F20/><W31/><G31/><T73/><D73/><U69/><E69/><V96/><F76/><W37/><G83/><T133/><D133/><U51/><E51/><V17/><F17/><W15/><G15/><T4/><D70/><U22/><E33/><V38/><F38/><W81/><G81/><AGARI ba="0,0" hai="19,22,25,44,49,52,81,85,89,116,119,132,134,135" machi="81" ten="40,5200,0" yaku="20,1,52,1,54,1" doraHai="46" who="1" fromWho="3" sc="442,0,209,52,99,0,250,-52" /><INIT seed="3,0,0,5,0,60" ten="442,261,99,198" oya="3" hai0="27,117,45,8,2,14,59,91,31,22,15,107,86" hai1="122,102,42,4,109,7,71,79,36,78,66,103,23" hai2="55,51,63,114,120,72,57,111,134,16,34,35,41" hai3="56,130,68,133,123,92,73,129,43,99,67,47,1"/><W128/><G73/><T108/><D107/><U65/><E122/><V100/><F114/><W132/><G1/><T115/><D108/><U29/><E109/><V33/><F111/><W93/><G123/><T97/><D117/><U53/><E71/><V105/><F120/><W75/><G75/><T3/><D97/><U81/><E36/><V30/><F72/><W125/><G125/><T77/><D77/><N who="1" m="29195" /><E42/><V82/><F82/><W89/><G92/><T26/><D59/><U20/><E53/><V0/><F0/><W5/><G5/><N who="1" m="2122" /><E81/><V24/><F134/><N who="3" m="51819" /><G56/><T48/><D15/><U116/><E116/><V87/><F87/><W104/><G104/><T95/><D26/><N who="1" m="16583" /><E23/><V96/><F41/><W135/><G135/><T61/><D115/><U52/><E52/><V37/><F37/><N who="3" m="21999" /><G68/><T19/><D61/><U88/><E88/><V58/><REACH who="2" step="1"/><F16/><REACH who="2" ten="442,261,89,198" step="2"/><W32/><G130/><T74/><D74/><U85/><E85/><V62/><F62/><W50/><G129/><T18/><D19/><U126/><E126/><V38/><F38/><W101/><G128/><T84/><D86/><U40/><E40/><AGARI ba="0,1" hai="2,3,8,14,18,22,27,31,40,45,48,84,91,95" machi="40" ten="30,1000,0" yaku="7,1" doraHai="60" who="0" fromWho="1" sc="442,20,261,-10,89,0,198,0" owari="462,56.2,251,5.1,89,-41.1,198,-20.2" /></mjloggm>