<mjloggm ver="2.3"><GO type="225" lobby="0"/><UN n0="%E8%A8%88%E7%AE%97%E6%A9%9F%E8%87%AA%E7%84%B6" n1="%E3%81%B5%E3%81%98%E3%81%8B%E3%81%A4" n2="%E3%83%AD%E3%83%83%E3%83%86%E9%9B%80%E7%90%83" n3="%E3%81%BF%E3%81%BF%E3%81%9A" dan="17,16,16,18" rate="2185.12,2110.16,2161.48,2249.05" sx="M,M,M,M"/><TAIKYOKU oya="0"/><INIT seed="0,0,0,2,4,77" ten="250,250,250,250" oya="0" hai0="14,92,88,93,39,107,31,122,70,48,21,53,90" hai1="38,30,57,69,43,25,34,47,40,22,89,125,6" hai2="15,9,11,13,27,114,119,10,76,116,50,46,79" hai3="84,67,55,85,66,44,118,8,80,106,120,100,91"/><T127/><D122/><U108/><E125/><V7/><F114/><W71/><G118/><N who="2" m="45097" /><F27/><W95/><G120/><T41/><D107/><U17/><E69/><V3/><F3/><W99/><G71/><T37/><D70/><U29/><E108/><V33/><F33/><W23/><G8/><N who="2" m="3177" /><F15/><W56/><G44/><T45/><D127/><U112/><E6/><V5/><F5/><W32/><G32/><T2/><D2/><U110/><E112/><V126/><F126/><W81/><G23/><T102/><D102/><U73/><E73/><V109/><F109/><W54/><G106/><T135/><D135/><U87/><E110/><V111/><F111/><W130/><G130/><T117/><D117/><U61/><E43/><AGARI ba="0,0" hai="7,11,13,43,46,50,76,79" m="3177,45097" machi="43" ten="30,1000,0" yaku="12,1" doraHai="77" who="2" fromWho="1" sc="250,0,250,-10,250,10,250,0" /><INIT seed="1,0,0,1,2,68" ten="250,240,260,250" oya="1" hai0="131,108,91,70,107,89,98,109,31,47,130,84,78" hai1="21,2,73,114,36,132,119,99,42,16,120,86,56" hai2="101,13,0,72,100,11,93,58,113,10,17,94,134" hai3="7,75,50,116,121,15,65,51,46,39,90,111,44"/><U115/><E120/><V28/><F72/><W6/><G121/><T32/><D70/><U62/><E119/><V1/><F134/><W60/><G75/><T49/><D31/><U96/><E2/><V124/><F124/><W133/><G116/><T43/><D32/><U41/><E132/><V24/><F113/><W52/><G133/><T80/><D107/><U97/><E73/><V102/><F58/><N who="3" m="37015" /><G39/><T77/><D89/><U104/><E104/><V125/><F125/><W30/><G111/><N who="0" m="42571" /><D98/><U88/><E36/><V34/><F11/><W118/><G118/><T71/><D71/><U61/><E115/><V103/><N who="2" m="25600" /><DORA hai="57" /><V59/><REACH who="2" step="1"/><F59/><REACH who="2" ten="250,240,250,250" step="2"/><W122/><G122/><T26/><D26/><N who="1" m="14631" /><E56/><V53/><F53/><N who="3" m="29895" /><G15/><T85/><D77/><U64/><E114/><V40/><F40/><N who="1" m="15465" /><E64/><V27/><F27/><W79/><G79/><T127/><D127/><U117/><E117/><V12/><F12/><W9/><G9/><T38/><D49/><U128/><E128/><V18/><F18/><W54/><G30/><T63/><D63/><U23/><E23/><V14/><F14/><W45/><G90/><T110/><N who="0" m="42579" /><T129/><DORA hai="135" /><D91/><U105/><E105/><V87/><F87/><AGARI ba="0,1" hai="38,43,47,78,80,84,85,87,129,130,131" m="42579" machi="87" ten="50,6400,0" yaku="19,1,14,1,52,1" doraHai="68,57,135" who="0" fromWho="2" sc="250,74,240,0,250,-64,250,0" /><INIT seed="2,0,0,2,0,58" ten="324,240,186,250" oya="2" hai0="114,34,21,22,80,64,113,23,59,10,131,78,19" hai1="33,63,40,37,70,50,68,28,45,43,88,44,49" hai2="134,75,105,127,12,129,110,135,26,79,67,111,119" hai3="15,1,29,91,118,5,102,42,52,62,122,14,130"/><V90/><F119/><W51/><G118/><T95/><D34/><U98/><E33/><V100/><F127/><W97/><G122/><T120/><D120/><U39/><E28/><V13/><F129/><W47/><G130/><T117/><D131/><U9/><E9/><V126/><F126/><W133/><G133/><N who="2" m="50697" /><F26/><W18/><G29/><T48/><D117/><U53/><E98/><N who="2" m="61591" /><F90/><W61/><G91/><T71/><D95/><U4/><E88/><V0/><F0/><W65/><G1/><T55/><D10/><U36/><E4/><V46/><F46/><W124/><G124/><T93/><D93/><U81/><E81/><N who="2" m="45311" /><F67/><W35/><G65/><T20/><D64/><N who="1" m="40991" /><E70/><V77/><F77/><W73/><G73/><T11/><D71/><U103/><E103/><V96/><F96/><W25/><G35/><T7/><D19/><U125/><E125/><V106/><F106/><W72/><G72/><T104/><D104/><U3/><E3/><V85/><F85/><W27/><G97/><T101/><D101/><U92/><E92/><V84/><F84/><W56/><G102/><T69/><D69/><U94/><E94/><V109/><AGARI ba="0,0" hai="12,13,109,110,111" m="45311,61591,50697" machi="109" ten="40,7800,0" yaku="14,1,10,1,20,1" doraHai="58" who="2" fromWho="2" sc="324,-26,240,-26,186,78,250,-26" /><INIT seed="2,1,0,3,1,1" ten="298,214,264,224" oya="2" hai0="123,84,52,98,35,135,65,48,7,125,109,17,19" hai1="70,6,90,101,64,15,119,67,86,58,4,21,26" hai2="94,54,31,116,32,68,55,113,50,133,87,61,105" hai3="42,76,89,29,14,66,44,57,104,110,82,107,40"/><V53/><F113/><W114/><G114/><T62/><D123/><U92/><E119/><V38/><F116/><W130/><G110/><T60/><D35/><U131/><E131/><V128/><F105/><W20/><G130/><T56/><D109/><U103/><E15/><V59/><F128/><W25/><G89/><T77/><D125/><U118/><E118/><V22/><F32/><W27/><G40/><T73/><D73/><U80/><E70/><V28/><F38/><W127/><G127/><T122/><D135/><U46/><E46/><V43/><F133/><W111/><G111/><T124/><D7/><N who="1" m="2603" /><E58/><V74/><F74/><W8/><G27/><T72/><D72/><U3/><E3/><V30/><F22/><W102/><G102/><N who="1" m="38922" /><E92/><V12/><F12/><W51/><G57/><T83/><D124/><U106/><E106/><V134/><F134/><W78/><G66/><T132/><D132/><U88/><E90/><N who="2" m="53599" /><F68/><W120/><G78/><T49/><D77/><U129/><E129/><V117/><F117/><W5/><G120/><T0/><D0/><U97/><E97/><V75/><F75/><AGARI ba="1,0" hai="5,8,14,20,25,29,42,44,51,75,76,82,104,107" machi="75" ten="30,2000,0" yaku="7,1,52,1" doraHai="1" who="3" fromWho="2" sc="298,0,214,0,264,-23,224,23" /><INIT seed="3,0,0,0,3,4" ten="298,214,241,247" oya="3" hai0="47,128,3,23,28,33,37,133,48,62,56,119,64" hai1="75,121,104,120,85,77,59,81,44,6,126,26,66" hai2="27,122,125,110,35,76,105,106,32,100,124,103,7" hai3="40,92,8,45,43,16,24,49,132,107,73,52,20"/><W30/><G107/><N who="2" m="40969" /><F76/><W74/><G132/><T15/><D3/><U55/><E104/><V51/><F51/><W61/><G74/><T39/><D119/><U97/><E126/><N who="2" m="48747" /><F27/><W82/><G73/><T101/><D101/><N who="2" m="38986" /><F110/><W135/><G135/><T12/><D133/><U38/><E26/><V68/><F68/><W109/><G109/><T0/><D48/><U10/><E66/><V90/><F90/><W57/><G82/><T65/><D64/><U13/><E97/><V123/><F7/><W86/><G86/><T22/><D65/><U78/><E78/><V98/><F98/><W134/><G134/><T116/><D62/><U112/><E112/><V91/><F91/><W1/><G92/><T117/><D116/><U46/><E75/><V42/><F42/><W84/><G84/><T118/><D117/><U29/><E29/><V9/><F9/><W34/><G43/><T67/><D28/><U17/><E6/><V83/><F83/><W79/><G79/><T80/><D80/><U96/><E96/><V36/><F36/><W111/><G111/><T88/><D37/><U5/><E5/><V131/><F131/><W102/><G102/><T25/><D128/><U19/><E19/><V127/><N who="2" m="48755" /><V18/><DORA hai="87" /><F18/><W70/><G70/><T115/><D39/><U129/><E129/><V130/><F130/><W114/><G8/><T58/><D118/><U53/><E38/><V50/><F50/><W14/><G114/><T60/><D115/><U108/><E108/><V89/><F89/><W99/><G99/><T95/><D88/><U93/><E93/><RYUUKYOKU ba="0,0" sc="298,-15,214,-15,241,15,247,15" hai2="32,35,122,123" hai3="1,14,16,20,24,30,34,40,45,49,52,57,61" /><INIT seed="3,1,0,1,3,0" ten="283,199,256,262" oya="3" hai0="89,2,87,37,33,78,105,11,25,19,27,20,126" hai1="36,97,92,30,16,83,45,15,28,1,57,52,32" hai2="49,63,132,51,48,14,98,73,9,79,124,26,69" hai3="119,90,88,130,34,115,127,103,31,123,29,38,3"/><W35/><G119/><T135/><D37/><U107/><E107/><V74/><F124/><W12/><G115/><T13/><D105/><U4/><E83/><V76/><F132/><W55/><G3/><T111/><D33/><U21/><E36/><V22/><F74/><W71/><G71/><T39/><D39/><U61/><E45/><V53/><F73/><W106/><G123/><T59/><D2/><U102/><REACH who="1" step="1"/><E32/><REACH who="1" ten="283,189,256,262" step="2"/><V72/><F72/><W101/><G38/><T113/><D113/><U117/><E117/><V8/><F79/><W75/><G106/><T110/><D78/><U121/><E121/><V84/><F76/><W41/><G75/><T67/><D135/><U62/><E62/><V43/><F63/><W93/><G35/><T77/><D77/><U100/><E100/><V116/><F116/><W6/><G34/><T109/><D126/><U42/><E42/><V104/><F43/><W50/><G41/><T120/><D120/><U40/><E40/><V125/><F104/><W96/><G127/><T86/><D89/><N who="3" m="34409" /><G103/><T24/><D110/><U133/><E133/><V81/><F125/><W5/><G130/><T44/><D111/><U64/><E64/><V94/><F81/><W112/><G112/><T23/><D109/><U85/><E85/><N who="0" m="32265" /><D44/><U95/><E95/><V68/><F84/><W18/><G50/><T134/><D134/><U129/><E129/><V99/><F94/><W91/><G55/><T65/><D67/><U7/><E7/><N who="3" m="2570" /><G91/><T54/><D65/><U66/><E66/><V17/><F53/><W70/><G70/><N who="2" m="27241" /><F49/><AGARI ba="1,1" hai="11,13,19,20,23,24,25,27,49,54,59" m="32265" machi="49" ten="30,1000,0" yaku="8,1" doraHai="0" who="0" fromWho="2" sc="283,23,189,0,256,-13,262,0" owari="306,40.6,189,-31.1,243,-15.7,262,6.2" /></mjloggm>