<mjloggm ver="2.3"><GO type="225" lobby="0"/><UN n0="%E6%97%A5%E6%9B%9C%E6%97%A5%E3%82%88%E3%82%8A%E3%81%AE%E4%BD%BF%E8%80%85" n1="%E3%83%B4%E3%83%A0%EF%BC%99%E3%81%A6" n2="%E4%BF%BA%E3%81%A8%E5%A6%96%E5%A4%A2" n3="%E5%B8%86%E7%AB%8B%E5%A4%8F%E8%A1%A3" dan="16,16,16,17" rate="2164.21,2139.05,2144.35,2152.56" sx="M,M,F,M"/><TAIKYOKU oya="0"/><INIT seed="0,0,0,1,5,26" ten="250,250,250,250" oya="0" hai0="75,39,23,10,48,31,132,86,70,15,18,109,3" hai1="1,84,87,131,111,20,119,74,126,55,99,94,80" hai2="83,6,103,0,8,22,53,115,60,72,32,33,35" hai3="95,36,56,116,81,65,127,50,118,85,112,133,30"/><T73/><D39/><U97/><E1/><V96/><F115/><W59/><G36/><T5/><D70/><U134/><E119/><V77/><F22/><W52/><G112/><T105/><D105/><U108/><E55/><V135/><F53/><W11/><G133/><T27/><D132/><U42/><E42/><V93/><F135/><W13/><G127/><T7/><D109/><N who="1" m="42059" /><E20/><V38/><F38/><W12/><G95/><T125/><D125/><U40/><E40/><V89/><REACH who="2" step="1"/><F60/><REACH who="2" ten="250,250,240,250" step="2"/><W102/><G118/><T24/><D48/><U82/><E134/><V128/><F128/><W57/><G116/><T90/><D7/><U25/><E131/><V121/><F121/><W64/><G52/><T37/><D37/><U78/><E126/><V29/><F29/><W120/><G30/><T9/><REACH who="0" step="1"/><D27/><REACH who="0" ten="240,250,240,250" step="2"/><U123/><E25/><V68/><F68/><W106/><G50/><T16/><D16/><U54/><E123/><V45/><F45/><W122/><G120/><T14/><D14/><U46/><E46/><V4/><F4/><W61/><G122/><T41/><D41/><U110/><E110/><V67/><F67/><W2/><G65/><T79/><D79/><N who="1" m="46111" /><E54/><V19/><F19/><W69/><G64/><T100/><D100/><AGARI ba="0,2" hai="0,6,8,32,33,35,72,77,83,89,93,96,100,103" machi="100" ten="40,1300,0" yaku="1,1,53,0" doraHai="26" doraHaiUra="114" who="2" fromWho="0" sc="240,-13,250,0,240,33,250,0" /><INIT seed="1,0,0,0,0,133" ten="227,250,273,250" oya="1" hai0="36,3,119,129,90,68,54,108,132,10,5,78,13" hai1="21,37,24,55,0,77,34,30,82,98,118,49,121" hai2="71,111,20,27,73,11,120,4,113,41,58,93,67" hai3="17,62,16,114,33,60,39,56,99,2,1,12,124"/><U103/><E118/><V122/><F71/><W47/><G114/><T128/><D68/><U25/><E121/><V42/><F73/><W64/><G33/><T106/><D106/><U61/><E37/><V95/><F113/><W43/><G124/><T107/><D107/><U94/><E0/><V51/><F111/><W31/><G31/><T63/><D36/><U75/><E61/><V135/><F135/><W89/><G17/><T101/><D101/><U59/><REACH who="1" step="1"/><E24/><REACH who="1" ten="227,240,273,250" step="2"/><V109/><F120/><W57/><G2/><T131/><D119/><U69/><E69/><V18/><F122/><W48/><G1/><T66/><D132/><U65/><E65/><V127/><F67/><W35/><G39/><T81/><D66/><U92/><E92/><V52/><F109/><W22/><G62/><T100/><D108/><U104/><E104/><V6/><F127/><W87/><G60/><T79/><D3/><U32/><AGARI ba="0,1" hai="21,25,30,32,34,49,55,59,75,77,82,94,98,103" machi="32" ten="30,3000,0" yaku="1,1,0,1,53,0" doraHai="133" doraHaiUra="110" who="1" fromWho="1" sc="227,-10,240,40,273,-10,250,-10" /><INIT seed="1,1,0,5,1,63" ten="217,280,263,240" oya="1" hai0="50,130,33,3,87,106,121,108,117,1,123,29,64" hai1="128,25,105,23,100,125,14,95,11,28,10,48,132" hai2="38,36,17,47,81,5,79,65,91,31,112,76,110" hai3="131,94,89,99,80,24,62,92,97,113,109,49,93"/><U42/><E105/><V96/><F110/><W86/><G109/><T111/><D106/><U13/><E128/><V58/><F112/><W103/><G113/><T84/><D50/><U101/><E125/><V129/><F129/><W126/><G131/><T7/><D117/><U74/><E74/><V26/><F5/><W71/><G126/><T4/><D130/><U88/><E132/><V83/><F17/><W15/><G49/><T46/><D29/><U98/><E13/><V45/><F96/><W57/><G71/><T39/><D46/><N who="1" m="25687" /><E10/><V135/><F91/><W82/><G15/><T22/><D22/><U43/><E43/><V77/><F135/><W114/><G24/><T35/><REACH who="0" step="1"/><D39/><REACH who="0" ten="207,280,263,240" step="2"/><U30/><E28/><V21/><F36/><W119/><G119/><T67/><AGARI ba="1,1" hai="1,3,4,7,33,35,64,67,84,87,108,111,121,123" machi="67" ten="25,16000,3" yaku="1,1,2,1,0,1,22,2,52,2,53,2" doraHai="63" doraHaiUra="60" who="0" fromWho="0" sc="207,173,280,-81,263,-41,240,-41" /><INIT seed="2,0,0,0,4,59" ten="380,199,222,199" oya="2" hai0="53,116,129,105,58,42,47,99,74,23,27,63,78" hai1="22,125,66,41,61,8,100,16,11,44,36,48,70" hai2="133,120,55,101,113,25,92,90,31,86,128,94,52" hai3="109,64,67,122,75,110,98,20,77,40,112,117,114"/><V46/><F113/><N who="3" m="43627" /><G117/><T82/><D116/><U135/><E125/><V60/><F120/><W126/><G122/><T119/><D119/><U26/><E135/><V54/><F133/><W1/><G1/><T21/><D129/><U4/><E100/><V32/><F128/><W87/><G75/><T84/><D74/><U30/><E4/><V132/><F132/><W97/><G40/><T7/><D7/><U118/><E118/><V88/><F101/><W6/><G6/><T19/><D105/><U50/><E50/><V33/><F33/><W37/><G37/><T108/><D108/><N who="3" m="41577" /><G20/><T12/><D99/><N who="3" m="37897" /><G126/><T13/><D23/><U134/><E134/><V28/><F28/><W68/><G68/><T73/><D73/><U49/><REACH who="1" step="1"/><E8/><REACH who="1" ten="380,189,222,199" step="2"/><V45/><REACH who="2" step="1"/><F60/><REACH who="2" ten="380,189,212,199" step="2"/><W17/><G17/><T79/><D19/><U83/><E83/><AGARI ba="0,2" hai="64,67,77,83,87" m="37897,41577,43627" machi="83" ten="40,2600,0" yaku="11,1,14,1" doraHai="59" who="3" fromWho="1" sc="380,0,189,-26,212,0,199,46" /><INIT seed="3,0,0,0,1,117" ten="380,163,212,245" oya="3" hai0="41,2,76,73,9,129,113,78,55,21,114,132,53" hai1="94,70,127,97,111,121,112,66,81,10,27,126,104" hai2="23,130,95,31,89,20,103,120,122,115,65,116,13" hai3="26,92,38,12,15,96,62,28,7,87,134,83,128"/><W86/><G38/><T42/><D21/><U1/><E27/><V108/><F116/><W11/><G128/><T3/><D132/><U4/><E112/><N who="0" m="43113" /><D129/><U22/><E22/><V24/><F130/><W29/><G62/><T5/><D2/><U43/><E43/><N who="0" m="16393" /><D73/><U135/><E135/><V106/><F108/><W32/><G96/><T44/><D44/><U133/><E133/><V19/><F115/><W54/><G92/><T77/><AGARI ba="0,0" hai="3,5,9,53,55,76,77,78" m="16393,43113" machi="77" ten="40,1500,0" yaku="11,1" doraHai="117" who="0" fromWho="0" sc="380,15,163,-4,212,-4,245,-7" owari="395,49.5,159,-34.1,208,-19.2,238,3.8" /></mjloggm>