<mjloggm ver="2.3"><GO type="225" lobby="0"/><UN n0="%72%69%6F%75%63%68%61%6E" n1="%43%68%65" n2="%53%61%63%68%69%30%34" n3="%E9%A2%A8%E3%81%A7%E9%B3%B4%E3%81%8F" dan="17,16,16,16" rate="2268.82,2159.28,2082.94,2148.84" sx="M,M,M,M"/><TAIKYOKU oya="0"/><INIT seed="0,0,0,5,2,100" ten="250,250,250,250" oya="0" hai0="68,72,31,84,92,89,112,74,17,38,51,117,45" hai1="48,103,80,73,95,53,118,126,0,35,102,10,1" hai2="70,28,14,40,107,61,55,127,62,82,130,83,58" hai3="4,122,106,41,133,11,34,25,22,32,101,46,8"/><T67/><D112/><U94/><E35/><V2/><F2/><W33/><G133/><T13/><D117/><U116/><E126/><V36/><F127/><W7/><G122/><T132/><D132/><U43/><E43/><V42/><F107/><W29/><G101/><T86/><D38/><U90/><E10/><N who="3" m="3626" /><G46/><T18/><D31/><U54/><E48/><V125/><F130/><W27/><G41/><T71/><D84/><U26/><E26/><V16/><F28/><N who="3" m="19471" /><G106/><T56/><D56/><U124/><E124/><V115/><F115/><W129/><G129/><T69/><D67/><U77/><E80/><N who="2" m="30763" /><F70/><W109/><G109/><T105/><D105/><U50/><E50/><N who="2" m="31095" /><F36/><W88/><G88/><T79/><D79/><U39/><E39/><V66/><F125/><W78/><G78/><T12/><D72/><U98/><E77/><V97/><F66/><W23/><G34/><T128/><D74/><U113/><E73/><V3/><F97/><W37/><G37/><T99/><D99/><U20/><E98/><V60/><F3/><W119/><G119/><T64/><D64/><U9/><E116/><V121/><F121/><W75/><G75/><T91/><D128/><U81/><E118/><V59/><F59/><W15/><G33/><T44/><D91/><U5/><E90/><V123/><F123/><W52/><G52/><N who="0" m="29799" /><D45/><U30/><E54/><V6/><F42/><W111/><G111/><T19/><D68/><U65/><E53/><V104/><F40/><W87/><G87/><T93/><D92/><U110/><E110/><V76/><F76/><W47/><G47/><RYUUKYOKU ba="0,0" sc="250,15,250,-15,250,-15,250,15" hai0="12,13,17,18,19,69,71,86,89,93" hai3="4,7,15,22,23,27,29" /><INIT seed="0,1,0,2,2,38" ten="265,235,235,265" oya="0" hai0="105,42,93,26,1,47,75,31,122,3,116,65,35" hai1="83,107,14,79,22,25,77,18,130,119,109,17,81" hai2="127,57,125,120,0,100,102,94,135,34,11,2,84" hai3="131,114,72,99,117,87,68,112,52,36,37,73,71"/><T67/><D116/><U55/><E119/><V33/><F120/><W19/><G117/><T88/><D122/><U8/><E107/><V12/><F135/><W108/><G99/><T44/><D105/><U61/><E109/><V21/><F57/><W29/><G29/><T76/><D47/><U63/><E130/><V66/><F66/><W123/><G19/><T20/><D35/><N who="2" m="13322" /><F84/><W74/><G87/><T58/><D67/><U46/><E46/><V23/><F94/><W60/><G123/><T41/><D75/><U40/><E40/><V7/><F100/><W106/><G106/><T5/><D76/><N who="1" m="29259" /><E55/><V134/><F102/><W133/><G133/><T43/><D5/><U4/><E4/><V51/><F51/><W128/><G60/><AGARI ba="1,0" hai="8,14,17,18,22,25,60,61,63,81,83" m="29259" machi="60" ten="30,1000,0" yaku="8,1" doraHai="38" who="1" fromWho="3" sc="265,0,235,13,235,0,265,-13" /><INIT seed="1,0,0,5,5,110" ten="265,248,235,252" oya="1" hai0="24,21,31,19,13,104,71,47,100,7,81,106,16" hai1="91,101,74,126,63,40,53,30,29,3,27,55,72" hai2="43,78,62,92,79,8,111,105,96,57,82,44,15" hai3="133,124,75,17,37,129,45,67,94,107,14,119,26"/><U18/><E3/><V56/><F111/><W114/><G107/><T54/><D71/><U88/><E101/><V80/><F105/><W12/><G75/><T0/><D100/><U109/><E40/><V38/><F80/><W77/><G77/><T120/><D120/><U97/><E109/><V10/><F10/><W39/><G114/><T98/><D98/><U11/><E126/><V61/><F57/><W134/><G124/><T28/><D81/><U64/><E74/><V99/><F79/><W95/><G67/><T102/><D102/><U32/><E30/><N who="0" m="11305" /><D54/><U35/><E35/><V93/><F96/><W69/><G69/><T84/><D47/><U118/><E118/><V1/><F1/><W85/><G119/><T86/><D84/><U46/><E72/><V20/><F99/><W65/><G65/><T70/><D86/><U60/><E60/><V33/><F33/><W36/><G45/><T123/><D70/><U59/><E46/><V115/><F20/><N who="3" m="13583" /><G129/><T103/><D103/><U113/><E113/><V132/><F115/><W125/><G125/><T73/><D73/><U22/><E11/><V112/><F112/><W41/><G41/><T87/><D123/><U50/><E97/><V23/><F78/><W131/><G131/><T42/><D87/><U25/><REACH who="1" step="1"/><E55/><REACH who="1" ten="265,238,235,252" step="2"/><V128/><F43/><W127/><G127/><T4/><D42/><U116/><E116/><V122/><F128/><W51/><G85/><T108/><D108/><U5/><E5/><N who="0" m="2121" /><D0/><U135/><E135/><N who="3" m="51722" /><G51/><T52/><D52/><U58/><AGARI ba="0,1" hai="18,22,25,27,29,32,50,53,58,59,63,64,88,91" machi="58" ten="20,7800,0" yaku="1,1,0,1,7,1,54,1,53,0" doraHai="110" doraHaiUra="34" who="1" fromWho="1" sc="265,-26,238,88,235,-26,252,-26" /><INIT seed="1,1,0,4,4,65" ten="239,326,209,226" oya="1" hai0="16,3,106,68,40,15,30,32,1,74,94,88,50" hai1="90,69,66,102,107,78,129,67,57,75,70,9,99" hai2="47,82,77,17,100,86,59,37,23,29,133,58,46" hai3="93,27,55,42,105,13,123,117,73,97,87,38,85"/><U52/><E129/><V109/><F133/><W111/><G73/><T83/><D106/><U132/><E132/><V45/><F109/><W10/><G105/><T118/><D118/><U130/><E130/><V56/><F37/><W116/><G111/><T19/><D68/><U44/><E44/><V34/><F34/><W76/><G55/><T6/><D6/><U126/><E126/><V122/><F122/><W2/><G2/><T121/><D121/><U11/><E67/><V54/><F29/><W61/><G27/><T60/><D60/><U72/><E90/><V21/><F100/><W125/><G125/><T18/><D15/><U120/><E120/><V79/><F23/><W24/><G24/><T53/><D40/><U115/><E115/><V5/><F5/><N who="3" m="3279" /><G61/><T131/><D131/><U64/><E64/><V127/><F127/><W96/><G96/><T49/><D30/><U33/><E33/><V108/><F108/><W31/><G31/><T28/><D28/><U103/><E103/><V20/><F20/><W25/><G25/><T92/><D32/><U114/><E114/><V26/><REACH who="2" step="1"/><F54/><REACH who="2" ten="239,326,199,226" step="2"/><W124/><G38/><T41/><D53/><U62/><E52/><V0/><F0/><W12/><G123/><T14/><D1/><U71/><REACH who="1" step="1"/><E75/><REACH who="1" ten="239,316,199,226" step="2"/><V7/><F7/><W81/><G124/><T113/><D74/><U135/><E135/><V4/><F4/><W104/><G117/><T80/><D113/><U134/><E134/><V84/><F84/><W39/><G87/><T101/><D101/><U48/><E48/><V95/><F95/><W98/><G93/><RYUUKYOKU ba="1,2" sc="239,-15,316,15,199,15,226,-15" hai1="9,11,57,62,66,69,70,71,72,78,99,102,107" hai2="17,21,26,45,46,47,56,58,59,77,79,82,86" /><INIT seed="1,2,2,5,4,50" ten="224,331,214,211" oya="1" hai0="47,94,38,20,85,119,74,49,63,115,5,54,69" hai1="71,52,133,55,27,17,121,118,116,46,102,12,113" hai2="100,33,79,40,19,95,32,76,35,117,98,44,13" hai3="130,96,11,26,80,129,134,8,58,25,103,34,51"/><U0/><E113/><V124/><F124/><W77/><G134/><T14/><D119/><U30/><E0/><V110/><F110/><W24/><G58/><T37/><D115/><U57/><E71/><V3/><F3/><W9/><G51/><T43/><D74/><U67/><E121/><V92/><F92/><W65/><G65/><T39/><D20/><N who="1" m="15719" /><E133/><V97/><F97/><W60/><G60/><T53/><D85/><U6/><E6/><V78/><F117/><W127/><G127/><T1/><D1/><U91/><E102/><V64/><F64/><W123/><G123/><T106/><D106/><U18/><E118/><V128/><F128/><N who="3" m="49259" /><G34/><T93/><D94/><U56/><E116/><V131/><F131/><W22/><G96/><T41/><D93/><U23/><E46/><V88/><F100/><W105/><G105/><T36/><D5/><U10/><E91/><V61/><F61/><W16/><G103/><T28/><D14/><N who="1" m="9655" /><E67/><V59/><F59/><AGARI ba="2,2" hai="10,12,18,52,55,56,57,59" m="9655,15719" machi="59" ten="30,11600,0" yaku="8,1,52,2,54,1" doraHai="50" who="1" fromWho="2" sc="224,0,331,142,214,-122,211,0" /><INIT seed="1,3,0,3,5,112" ten="224,473,92,211" oya="1" hai0="61,6,117,74,47,27,132,22,4,128,69,46,24" hai1="67,72,32,107,62,73,102,95,97,109,13,63,98" hai2="110,124,21,3,5,134,40,121,101,88,31,87,133" hai3="81,44,135,57,86,60,75,64,91,65,96,17,2"/><U71/><E109/><V106/><F121/><W50/><G135/><N who="2" m="51721" /><F40/><W94/><G2/><T79/><D117/><U78/><E78/><V14/><F3/><W116/><G116/><T7/><D132/><U111/><E111/><V115/><F110/><W1/><G1/><T12/><D128/><U26/><E13/><V131/><F115/><W20/><G75/><T93/><D69/><U45/><E45/><N who="0" m="16905" /><D74/><U43/><E63/><V104/><F131/><W15/><G60/><T58/><D79/><U8/><E8/><N who="2" m="4367" /><F124/><W0/><G57/><T10/><D93/><U66/><E66/><V82/><F101/><W23/><G23/><T76/><D76/><U125/><E43/><V16/><F31/><W127/><G0/><T37/><D37/><U120/><E125/><V84/><F84/><W105/><G105/><T99/><D99/><U55/><E55/><V52/><F52/><N who="3" m="29767" /><G127/><T30/><D24/><AGARI ba="3,0" hai="16,21,24,82,87,88,104,106" m="4367,51721" machi="24" ten="30,3900,0" yaku="20,1,54,2" doraHai="112" who="2" fromWho="0" sc="224,-48,473,0,92,48,211,0" /><INIT seed="2,0,0,1,4,90" ten="176,473,140,211" oya="2" hai0="135,70,126,94,10,124,19,101,72,132,92,60,100" hai1="48,99,13,18,55,1,111,114,54,53,118,131,34" hai2="57,93,133,39,129,91,40,128,68,121,59,88,105" hai3="49,30,122,81,71,63,95,80,27,67,130,77,25"/><V20/><F121/><W106/><G122/><T58/><D70/><U22/><E114/><V28/><F68/><W127/><G106/><T15/><D72/><U66/><E118/><V120/><F120/><W17/><G130/><N who="2" m="50281" /><F105/><W4/><G127/><N who="0" m="48683" /><D100/><U108/><E131/><V123/><F123/><W26/><G4/><T11/><D101/><U75/><E66/><V45/><F133/><N who="0" m="51274" /><D11/><U47/><E75/><V98/><F91/><W8/><G80/><T78/><D78/><U51/><E1/><V87/><F98/><W43/><G30/><T65/><AGARI ba="0,0" hai="10,15,19,58,60,65,92,94" m="51274,48683" machi="65" ten="30,7900,0" yaku="18,1,20,1,52,2" doraHai="90" who="0" fromWho="0" sc="176,79,473,-20,140,-39,211,-20" /><INIT seed="3,0,0,3,5,93" ten="255,453,101,191" oya="3" hai0="75,28,20,65,133,39,121,19,102,114,10,18,84" hai1="101,72,41,131,13,129,42,26,115,46,1,118,97" hai2="81,35,123,50,17,64,14,33,57,134,96,68,132" hai3="100,37,51,16,6,24,124,29,7,53,94,86,77"/><W30/><G37/><T23/><D121/><U92/><E1/><V85/><F123/><W22/><G124/><T55/><D75/><U45/><E115/><V67/><F68/><W40/><G40/><T74/><D74/><U21/><E72/><V111/><F111/><W89/><G77/><T83/><D39/><U15/><E118/><V116/><F116/><W120/><G120/><T11/><D133/><U61/><E61/><V9/><F35/><W32/><G100/><T70/><D28/><N who="1" m="17487" /><E46/><V47/><F33/><W38/><G38/><T48/><D114/><U54/><E54/><V82/><F82/><W27/><REACH who="3" step="1"/><G30/><REACH who="3" ten="255,453,101,181" step="2"/><T87/><D102/><U49/><E42/><V135/><F96/><W63/><G63/><T58/><D87/><U103/><E101/><V106/><F106/><W130/><G130/><AGARI ba="0,1" hai="13,15,41,45,49,92,97,103,129,130,131" m="17487" machi="130" ten="30,2000,0" yaku="19,1,52,1" doraHai="93" who="1" fromWho="3" sc="255,0,453,30,101,0,181,-20" owari="255,5.5,483,58.3,101,-39.9,161,-23.9" /></mjloggm>