<mjloggm ver="2.3"><GO type="225" lobby="0"/><UN n0="%E3%81%95%E3%81%8D%E3%81%9F%E3%81%BE%E6%9E%97%E6%AA%8E" n1="%E3%81%A1%E3%82%85%E3%81%86%E3%81%A9%E3%81%8F%E8%B1%A1%E3%81%95%E3%82%93" n2="%E3%81%82%E3%82%93%E3%81%AA%E3%81%A4" n3="%E9%87%8E%E5%B4%8E%E7%B6%AD%E7%B9%94%E2%98%85" dan="16,17,16,16" rate="2126.57,2144.11,2104.70,2149.37" sx="M,M,M,M"/><TAIKYOKU oya="0"/><INIT seed="0,0,0,4,3,114" ten="250,250,250,250" oya="0" hai0="129,73,12,111,64,53,21,24,28,17,63,98,123" hai1="93,69,134,107,42,66,40,18,29,47,92,128,61" hai2="49,43,62,87,108,22,3,133,109,55,83,76,54" hai3="31,26,124,11,7,99,121,13,105,52,56,6,0"/><T10/><D123/><U91/><E107/><V131/><F3/><W77/><G121/><T46/><D129/><U30/><E128/><V14/><F131/><W97/><G124/><T41/><D73/><U135/><E18/><N who="2" m="10583" /><F133/><N who="1" m="50697" /><E42/><V100/><F100/><W88/><G77/><T112/><D112/><U106/><E106/><V85/><F85/><W101/><G0/><T4/><D111/><N who="2" m="42570" /><F62/><W20/><G7/><T68/><D98/><N who="1" m="57631" /><E93/><V110/><N who="2" m="42578" /><V39/><DORA hai="16" /><F39/><AGARI ba="0,0" hai="29,30,39,40,47,61,66,69" m="57631,50697" machi="39" ten="30,1000,0" yaku="20,1" doraHai="114,16" who="1" fromWho="2" sc="250,0,250,10,250,-10,250,0" /><INIT seed="1,0,0,3,3,5" ten="250,260,240,250" oya="1" hai0="56,39,124,41,40,30,42,26,75,132,9,102,126" hai1="65,28,118,61,121,53,64,123,76,55,31,57,94" hai2="105,127,80,108,13,73,58,63,109,25,24,7,95" hai3="48,17,129,83,21,86,0,38,15,92,130,11,104"/><U115/><E118/><V3/><F105/><W84/><G104/><T18/><D75/><U52/><E115/><V110/><F3/><W46/><G38/><T33/><D132/><U113/><E113/><V101/><F127/><N who="0" m="48682" /><D102/><U103/><E76/><N who="2" m="44047" /><F7/><N who="3" m="1511" /><G92/><T82/><D82/><U29/><REACH who="1" step="1"/><E65/><REACH who="1" ten="250,250,240,250" step="2"/><V1/><F109/><W71/><G71/><T22/><D56/><U54/><N who="1" m="13312" /><DORA hai="97" /><U135/><E135/><V134/><F134/><W6/><G130/><T117/><D117/><U37/><E37/><V32/><F58/><W8/><G129/><T79/><D39/><U10/><E10/><V27/><F110/><W60/><G8/><T12/><D79/><U100/><E100/><V50/><F108/><W47/><G47/><T131/><D131/><U23/><E23/><AGARI ba="0,1" hai="9,12,18,22,23,26,30,33,40,41,42" m="48682" machi="23" ten="30,2000,0" yaku="18,1,52,1" doraHai="5,97" who="0" fromWho="1" sc="250,30,250,-20,240,0,250,0" /><INIT seed="2,0,0,5,4,36" ten="280,230,240,250" oya="2" hai0="57,113,83,10,103,41,25,109,21,9,3,24,65" hai1="56,32,72,84,15,133,85,43,108,8,128,7,31" hai2="29,120,49,11,130,123,54,102,74,125,135,111,119" hai3="127,98,22,52,2,101,20,105,59,63,77,35,61"/><V37/><F74/><W0/><G35/><T134/><D113/><U114/><E114/><V55/><F29/><W75/><G127/><T6/><D109/><U4/><E72/><V81/><F119/><W93/><G93/><T53/><D134/><U126/><E126/><V79/><F37/><W88/><G88/><T50/><D103/><U73/><E73/><V106/><F125/><W69/><G69/><T121/><D121/><U39/><E108/><V87/><F111/><W118/><G63/><T16/><D83/><U67/><E4/><V110/><F110/><W38/><G38/><T129/><D129/><U44/><E133/><V1/><F130/><W42/><G42/><T94/><D94/><U91/><E128/><V60/><F135/><W122/><G122/><T5/><D65/><U71/><E71/><V97/><F60/><W17/><G118/><T76/><D76/><U100/><E100/><V48/><F11/><W47/><G47/><N who="0" m="25967" /><D3/><U34/><E31/><V46/><REACH who="2" step="1"/><F1/><REACH who="2" ten="280,230,230,250" step="2"/><W58/><G20/><N who="0" m="13319" /><D10/><U13/><E32/><V112/><F112/><W115/><G115/><T33/><D9/><U28/><E34/><V14/><F14/><W124/><G124/><T95/><D33/><U19/><E28/><V78/><F78/><W27/><G77/><T107/><D21/><N who="1" m="11503" /><E91/><V18/><F18/><W26/><G75/><T62/><D25/><U96/><E15/><V131/><F131/><W82/><G27/><T116/><D116/><U132/><E8/><V117/><F117/><W51/><G2/><T23/><D23/><U66/><E132/><V80/><F80/><RYUUKYOKU ba="0,1" sc="280,-10,230,-10,230,30,250,-10" hai2="46,48,49,54,55,79,81,87,97,102,106,120,123" /><INIT seed="2,1,1,3,0,105" ten="270,220,260,240" oya="2" hai0="114,51,6,58,79,129,15,56,75,39,83,69,44" hai1="37,67,68,103,31,70,74,62,113,128,22,46,78" hai2="38,16,63,106,59,64,115,119,130,81,29,134,53" hai3="82,93,66,97,14,85,121,49,4,125,19,110,3"/><V52/><F115/><W5/><G121/><T2/><D129/><U108/><E113/><V54/><F119/><W124/><G110/><T42/><D114/><U111/><E128/><V77/><F130/><W92/><G66/><T131/><D131/><U120/><E120/><V18/><F38/><W88/><G93/><T96/><D69/><N who="1" m="42231" /><E103/><V35/><F106/><W40/><G3/><T50/><D15/><U109/><E22/><V12/><F134/><W60/><G60/><T30/><D30/><U71/><E31/><V94/><F94/><W104/><G104/><T65/><D96/><U99/><E99/><V76/><F12/><W11/><G40/><T87/><D87/><U100/><E100/><V102/><F102/><W61/><G61/><N who="0" m="38055" /><D58/><U91/><E91/><V27/><REACH who="2" step="1"/><F77/><REACH who="2" ten="270,220,250,240" step="2"/><W17/><G14/><T36/><D39/><U117/><E117/><V45/><F45/><W72/><G92/><T57/><D57/><U26/><E46/><V48/><F48/><W41/><G49/><T33/><D51/><U116/><E116/><V133/><F133/><W132/><G132/><T24/><D50/><U47/><E47/><V20/><F20/><W86/><G41/><T8/><D24/><U80/><E37/><V34/><F34/><AGARI ba="1,2" hai="2,6,8,33,34,36,42,44,75,79,83" m="38055" machi="34" ten="30,2000,0" yaku="25,1,52,1" doraHai="105" who="0" fromWho="2" sc="270,43,220,0,250,-23,240,0" /><INIT seed="3,0,0,1,5,41" ten="313,220,227,240" oya="3" hai0="11,90,93,86,23,97,89,74,48,135,84,62,49" hai1="29,91,55,59,82,102,92,119,123,129,47,5,133" hai2="122,88,1,60,10,52,44,34,72,106,51,7,13" hai3="125,95,68,4,70,118,37,65,17,25,21,38,26"/><W126/><G118/><T15/><D135/><U127/><E123/><V2/><F122/><W42/><G4/><T3/><D74/><U28/><E133/><V131/><F131/><W121/><G121/><T61/><D3/><U54/><E129/><V64/><F34/><W98/><G65/><T96/><D23/><U40/><E127/><N who="3" m="48650" /><G26/><T27/><D27/><U85/><E5/><V75/><F106/><W58/><G58/><T116/><D116/><U16/><E119/><V94/><F2/><W87/><G87/><T8/><D15/><U20/><E102/><V73/><F13/><W18/><G18/><T105/><D93/><U31/><E92/><V80/><F80/><W130/><G130/><T9/><D9/><U110/><E110/><V128/><F128/><W57/><G57/><T22/><D22/><U19/><E59/><V66/><REACH who="2" step="1"/><F60/><REACH who="2" ten="313,220,217,240" step="2"/><W33/><G33/><T112/><D105/><U79/><E79/><V111/><F111/><W81/><G81/><T115/><AGARI ba="0,1" hai="8,11,48,49,61,62,84,86,89,90,96,97,112,115" machi="115" ten="25,3200,0" yaku="0,1,22,2" doraHai="41" who="0" fromWho="0" sc="313,42,220,-8,217,-8,240,-16" owari="355,45.5,212,-18.8,209,-29.1,224,2.4" /></mjloggm>