<mjloggm ver="2.3"><GO type="225" lobby="0"/><UN n0="%E3%81%BE%E3%81%A8%E3%81%9F" n1="%E3%82%8C%E3%81%99%E3%81%93" n2="%E6%98%93%E5%88%A9%E8%96%A9%E4%BC%AF" n3="%E7%B4%94%E6%BD%94%E3%83%94%E3%83%A9%E3%83%8B%E3%82%A2" dan="16,17,16,17" rate="2161.65,2219.71,2144.42,2235.32" sx="M,F,F,M"/><TAIKYOKU oya="0"/><INIT seed="0,0,0,5,5,75" ten="250,250,250,250" oya="0" hai0="132,93,44,127,89,102,6,87,53,130,78,30,74" hai1="22,68,113,64,92,11,42,26,61,23,76,35,84" hai2="108,3,18,34,128,80,13,12,72,114,134,65,36" hai3="100,8,124,20,107,96,120,5,62,118,39,103,66"/><T112/><D112/><U111/><E111/><V28/><F36/><W129/><G39/><T47/><D132/><U73/><E113/><V37/><F37/><W122/><G118/><T32/><D6/><U46/><E73/><V0/><F114/><W121/><G20/><T97/><D130/><U17/><E35/><V56/><F108/><W77/><G100/><T21/><D32/><U133/><E133/><V50/><F134/><W15/><G124/><T24/><D127/><U43/><E11/><V104/><F104/><W79/><REACH who="3" step="1"/><G129/><REACH who="3" ten="250,250,250,240" step="2"/><T88/><D89/><U98/><E23/><V95/><F128/><W125/><G125/><T101/><D101/><U83/><REACH who="1" step="1"/><E46/><REACH who="1" ten="250,240,250,240" step="2"/><V55/><F34/><W67/><G67/><T52/><D44/><U54/><E54/><V58/><F55/><W99/><G99/><T40/><D47/><U115/><E115/><V41/><F65/><W86/><G86/><T31/><D40/><U1/><E1/><V10/><F41/><W63/><G63/><T7/><D102/><AGARI ba="0,2" hai="17,22,26,42,43,61,64,68,76,83,84,92,98,102" machi="102" ten="30,3900,0" yaku="1,1,7,1,52,1,53,0" doraHai="75" doraHaiUra="105" who="1" fromWho="0" sc="250,-39,240,59,250,0,240,0" /><INIT seed="1,0,0,4,1,52" ten="211,299,250,240" oya="1" hai0="39,45,72,123,9,120,80,18,38,11,26,74,65" hai1="54,90,25,117,15,82,83,108,14,41,34,56,125" hai2="77,79,33,81,106,36,126,115,64,107,101,32,59" hai3="58,66,49,124,133,48,110,87,19,71,40,96,7"/><U51/><E117/><V121/><F121/><N who="0" m="46666" /><D65/><U23/><E125/><V104/><F36/><N who="0" m="13866" /><D45/><N who="1" m="26031" /><E34/><V62/><F115/><W122/><G66/><T127/><D127/><U111/><E83/><V131/><F126/><W118/><G71/><T69/><D69/><U13/><E90/><V135/><F135/><W114/><G40/><T84/><D26/><U86/><E86/><V85/><F131/><W128/><G87/><T21/><D21/><U55/><E82/><V130/><F130/><W28/><G133/><T99/><D18/><N who="1" m="12535" /><E56/><V63/><F79/><W24/><G118/><T75/><D99/><U94/><E94/><V95/><REACH who="2" step="1"/><F63/><REACH who="2" ten="211,299,240,240" step="2"/><W132/><G132/><T70/><D70/><U10/><E10/><V129/><F129/><W91/><G128/><T16/><D9/><U116/><E116/><V89/><F89/><W109/><G91/><N who="0" m="51591" /><D72/><U98/><E98/><AGARI ba="0,1" hai="32,33,59,62,64,77,81,85,95,98,101,104,106,107" machi="98" ten="40,2600,0" yaku="1,1,52,1,53,0" doraHai="52" doraHaiUra="134" who="2" fromWho="1" sc="211,0,299,-26,240,36,240,0" /><INIT seed="2,0,0,0,3,132" ten="211,273,276,240" oya="2" hai0="77,72,53,78,118,49,21,23,111,65,117,79,83" hai1="60,80,56,39,107,128,15,48,24,94,26,59,42" hai2="31,95,119,8,109,123,108,52,22,125,6,69,130" hai3="33,16,43,58,51,46,27,63,102,68,126,103,93"/><V74/><F119/><N who="0" m="45578" /><D65/><U134/><E107/><V7/><F69/><W71/><G33/><T133/><D133/><U36/><E134/><V17/><F74/><W54/><G126/><T55/><D49/><U120/><E128/><V114/><F125/><W9/><G68/><T106/><D106/><U92/><E120/><V135/><F114/><W62/><G71/><T97/><D97/><U87/><E39/><V88/><F123/><W45/><G63/><T13/><D13/><U98/><E36/><V20/><F31/><W96/><G46/><T82/><D72/><U105/><E105/><V2/><F7/><W14/><REACH who="3" step="1"/><G27/><REACH who="3" ten="211,273,276,230" step="2"/><T85/><D111/><U28/><E24/><V89/><F135/><W0/><G0/><T84/><D77/><U121/><E121/><V100/><F109/><W32/><G32/><T116/><N who="0" m="45586" /><T76/><DORA hai="47" /><D76/><U112/><E60/><V30/><F108/><W101/><AGARI ba="0,1" hai="9,14,16,43,45,51,54,58,62,93,96,101,102,103" machi="101" ten="20,12000,2" yaku="1,1,0,1,7,1,8,1,52,1,54,1,53,1" doraHai="132,47" doraHaiUra="11,3" who="3" fromWho="3" sc="211,-30,273,-30,276,-60,230,130" /><INIT seed="3,0,0,5,1,10" ten="181,243,216,360" oya="3" hai0="85,129,23,59,38,53,24,52,63,134,135,104,9" hai1="91,72,102,4,17,108,46,124,92,43,100,49,70" hai2="81,77,41,18,47,130,82,61,6,60,73,57,88" hai3="50,95,117,36,118,80,132,42,114,62,67,7,71"/><W34/><G34/><T112/><D104/><U86/><E70/><V39/><F130/><W5/><G36/><T27/><D129/><U30/><E72/><V33/><F33/><W29/><G29/><T93/><D38/><U32/><E108/><V103/><F103/><W48/><G95/><T16/><D112/><U84/><E124/><V107/><F6/><W2/><G62/><T131/><D131/><U90/><E4/><V1/><F1/><W14/><G50/><T105/><D9/><U31/><E17/><V75/><F107/><W11/><G11/><T115/><D105/><U125/><E125/><V113/><F113/><W126/><G48/><T78/><D115/><U111/><E111/><V87/><F18/><W133/><G133/><N who="0" m="50699" /><D27/><U37/><E37/><V68/><F68/><W45/><G71/><T12/><D24/><U83/><E32/><V3/><F3/><W51/><G2/><T56/><D93/><U40/><E40/><V20/><F20/><W35/><G42/><T121/><D121/><U119/><E119/><V54/><F61/><W55/><G117/><T94/><D94/><U0/><E0/><V109/><F109/><W128/><G118/><T101/><D101/><AGARI ba="0,0" hai="30,31,43,46,49,83,84,86,90,91,92,100,101,102" machi="101" ten="40,1300,0" yaku="8,1" doraHai="10" who="1" fromWho="0" sc="181,-13,243,13,216,0,360,0" owari="168,-33.2,256,5.6,216,-18.4,360,46.0" /></mjloggm>