<mjloggm ver="2.3"><GO type="225" lobby="0"/><UN n0="%E3%81%AF%E3%82%88%E3%81%8A%E3%81%98%E3%81%95%E3%82%93" n1="%6D%75%75%73%61%6E%6D%75" n2="%E3%80%93%E3%81%97%E3%83%BC%E3%82%89%E3%80%93" n3="%73%75%7A%75%6D%65%33" dan="17,16,16,17" rate="2186.51,2126.76,2107.60,2290.30" sx="M,F,M,M"/><TAIKYOKU oya="0"/><INIT seed="0,0,0,1,5,87" ten="250,250,250,250" oya="0" hai0="117,105,14,38,15,44,75,107,12,104,79,28,118" hai1="63,56,18,6,40,4,61,21,127,47,42,58,71" hai2="110,52,88,99,11,39,101,62,100,92,120,45,57" hai3="132,121,65,48,13,35,90,26,0,119,2,43,72"/><T67/><D67/><U8/><E71/><V135/><F120/><W5/><G72/><T64/><D64/><U55/><E127/><V134/><F110/><W23/><G65/><T114/><D114/><U80/><E80/><V84/><F11/><W95/><G119/><T30/><D75/><U24/><E8/><V41/><REACH who="2" step="1"/><F101/><REACH who="2" ten="250,250,240,250" step="2"/><W81/><G121/><T113/><D113/><U76/><E4/><V85/><F85/><W98/><G5/><T19/><D118/><U1/><E6/><V32/><F32/><W83/><G35/><T91/><D117/><U73/><E73/><V66/><F66/><W115/><G115/><T112/><D112/><U17/><E21/><V29/><F29/><W125/><G23/><T124/><D124/><U96/><E17/><V33/><F33/><W34/><G34/><T123/><D19/><U103/><E18/><V50/><F50/><W22/><G48/><T78/><D123/><U27/><E103/><V82/><AGARI ba="0,1" hai="39,41,45,52,57,62,82,84,88,92,99,100,134,135" machi="82" ten="30,8000,1" yaku="1,1,0,1,52,1,54,2,53,0" doraHai="87" doraHaiUra="46" who="2" fromWho="2" sc="250,-40,250,-20,240,90,250,-20" /><INIT seed="1,0,0,3,1,116" ten="210,230,330,230" oya="1" hai0="34,53,23,120,36,43,45,118,85,72,67,124,9" hai1="6,55,54,50,15,122,126,133,104,10,56,57,70" hai2="24,91,89,131,113,59,29,2,107,4,79,51,48" hai3="61,49,86,78,27,11,99,13,112,41,16,66,111"/><U62/><E133/><V37/><F107/><W39/><G39/><T7/><D72/><U8/><E126/><V90/><F37/><W42/><G112/><T134/><D34/><U121/><E104/><V20/><F113/><W18/><G111/><T30/><D118/><U47/><E70/><V60/><F131/><W97/><G27/><T38/><D38/><U71/><E71/><V0/><F79/><W83/><G18/><T100/><D134/><U127/><E127/><V69/><F69/><W81/><G81/><T109/><D124/><U40/><REACH who="1" step="1"/><E8/><REACH who="1" ten="210,220,330,230" step="2"/><V129/><F129/><W46/><REACH who="3" step="1"/><G41/><REACH who="3" ten="210,220,330,220" step="2"/><T94/><D43/><U82/><E82/><V31/><F31/><W128/><G128/><T125/><D30/><U22/><E22/><V75/><F20/><W14/><G14/><T77/><D23/><U115/><E115/><V73/><F29/><W98/><G98/><T130/><D125/><U68/><E68/><AGARI ba="0,2" hai="11,13,16,42,46,49,61,66,68,78,83,86,97,99" machi="68" ten="30,3900,0" yaku="1,1,7,1,54,1,53,0" doraHai="116" doraHaiUra="21" who="3" fromWho="1" sc="210,0,220,-39,330,0,220,59" /><INIT seed="2,0,0,4,1,94" ten="210,181,330,279" oya="2" hai0="108,47,31,127,55,29,13,46,67,39,64,125,80" hai1="124,61,118,66,86,130,132,53,56,4,28,91,131" hai2="36,77,60,37,40,74,90,12,113,33,110,24,78" hai3="135,100,42,128,81,123,20,11,72,62,2,83,104"/><V117/><F60/><W7/><G123/><T14/><D108/><U65/><E118/><V59/><F59/><W52/><G128/><T133/><D80/><U6/><E124/><N who="0" m="47689" /><D55/><U79/><E132/><V93/><F40/><W5/><G135/><T112/><D39/><U10/><E79/><V15/><F78/><W109/><G109/><T76/><D76/><U84/><E84/><V27/><F77/><W98/><G72/><T41/><D41/><U111/><E111/><V23/><F74/><W116/><G116/><T88/><D133/><U87/><E87/><V16/><F37/><W48/><G7/><T129/><D88/><U85/><E85/><V126/><F36/><W119/><G119/><T3/><D3/><U82/><E28/><N who="0" m="10825" /><D112/><U19/><E19/><V17/><F16/><W32/><G42/><T57/><D57/><U120/><E6/><V44/><F17/><W115/><G115/><T73/><D73/><U18/><E18/><V9/><F113/><W0/><G0/><T38/><D38/><U51/><E120/><V50/><F117/><W21/><G81/><T107/><D107/><U122/><E122/><V101/><F110/><W106/><G83/><T69/><D129/><U58/><REACH who="1" step="1"/><E66/><REACH who="1" ten="210,171,330,279" step="2"/><N who="0" m="25129" /><D69/><U63/><E63/><V134/><F134/><W92/><G5/><T30/><N who="0" m="10833" /><T25/><DORA hai="99" /><D25/><U22/><E22/><V49/><F23/><W121/><G21/><T35/><D35/><U97/><E97/><V103/><F33/><W102/><G20/><T105/><D105/><U75/><E75/><V8/><F126/><W68/><G32/><RYUUKYOKU ba="0,1" sc="210,15,171,15,330,-15,279,-15" hai0="13,14,46,47" hai1="4,10,51,53,56,58,61,65,82,86,91,130,131" /><INIT seed="3,1,1,3,3,39" ten="225,186,315,264" oya="3" hai0="24,44,12,36,29,16,121,125,68,87,92,124,80" hai1="102,90,11,64,76,98,135,99,111,122,52,19,3" hai2="47,70,93,0,22,40,103,35,96,89,113,60,101" hai3="2,126,132,128,94,59,105,17,51,114,83,120,30"/><W110/><G114/><T127/><D121/><U33/><E122/><V46/><F35/><W13/><G120/><T4/><D68/><U31/><E111/><V108/><F0/><W54/><G105/><T50/><D36/><U100/><E135/><V107/><F113/><W41/><G2/><T131/><D131/><U20/><E64/><V88/><F108/><W56/><G110/><T82/><D4/><U15/><E76/><V5/><F5/><W58/><G128/><T74/><D74/><U85/><E33/><V18/><F47/><N who="3" m="26095" /><G132/><T62/><D62/><U53/><E99/><V9/><F9/><N who="3" m="6319" /><G30/><T81/><D92/><U45/><E45/><V57/><F70/><W49/><G126/><T48/><D87/><U129/><E129/><V10/><F10/><W75/><G75/><T116/><D116/><U79/><E79/><V117/><F117/><W69/><G69/><T61/><D61/><U91/><E91/><V86/><F107/><W66/><G66/><T97/><D97/><U55/><E98/><V104/><F104/><W8/><G8/><N who="0" m="6151" /><D44/><U1/><E1/><V38/><F103/><W84/><G94/><T65/><D65/><U123/><E123/><V23/><F86/><W119/><G119/><T25/><D29/><U21/><E3/><V112/><F112/><W34/><G34/><T28/><D28/><U14/><E31/><V6/><F101/><N who="1" m="39017" /><E15/><V78/><F96/><W42/><G42/><T26/><AGARI ba="1,1" hai="24,25,26,48,50,80,81,82,124,125,127" m="6151" machi="26" ten="40,8000,1" yaku="29,2,18,1,54,1" doraHai="39" who="0" fromWho="0" sc="225,93,186,-21,315,-21,264,-41" owari="318,41.8,165,-33.5,294,9.4,223,-17.7" /></mjloggm>