<mjloggm ver="2.3"><GO type="225" lobby="0"/><UN n0="%E3%80%90%E3%83%88%E3%83%AA%E3%83%A5%E3%83%95%E3%80%91" n1="%E6%98%93%E5%88%A9%E8%96%A9%E4%BC%AF" n2="%E3%83%A9%E3%83%BC%E3%83%A1%E3%83%B3%E4%BA%94%E9%83%8E" n3="%E5%8D%A0%E3%81%84%E5%B8%AB%E8%A3%8F%E3%81%AA%E3%81%84%E3%81%97" dan="16,16,16,17" rate="2069.13,2091.44,2147.10,2202.68" sx="M,F,M,M"/><TAIKYOKU oya="0"/><INIT seed="0,0,0,4,5,68" ten="250,250,250,250" oya="0" hai0="56,82,65,39,88,133,108,9,4,34,22,66,38" hai1="100,13,16,61,117,106,126,122,115,96,70,2,123" hai2="48,105,8,81,17,46,43,51,19,47,72,110,134" hai3="107,62,83,60,89,32,41,84,99,44,86,29,33"/><T64/><D34/><U30/><E117/><V54/><F105/><W132/><G132/><T0/><D133/><U97/><E2/><V80/><F134/><W25/><G32/><T35/><D35/><U131/><E131/><V125/><F110/><W109/><G109/><T121/><D121/><U114/><E30/><V93/><F125/><W101/><REACH who="3" step="1"/><G84/><REACH who="3" ten="250,250,250,240" step="2"/><T26/><D108/><U5/><E126/><V91/><F72/><W77/><G77/><T116/><D116/><U130/><E123/><V10/><F80/><W6/><G6/><T12/><D0/><U49/><E5/><V104/><F81/><W87/><G87/><T98/><D82/><U92/><E122/><V69/><F104/><W135/><G135/><T42/><D42/><U53/><E130/><V74/><F74/><W57/><G57/><T58/><D58/><U90/><E70/><V24/><F69/><W128/><G128/><T111/><D56/><U52/><E61/><V113/><F113/><N who="1" m="43017" /><E49/><AGARI ba="0,1" hai="25,29,33,41,44,49,60,62,83,86,89,99,101,107" machi="49" ten="30,2000,0" yaku="1,1,7,1,53,0" doraHai="68" doraHaiUra="14" who="3" fromWho="1" sc="250,0,250,-20,250,0,240,30" /><INIT seed="1,0,0,0,0,22" ten="250,230,250,270" oya="1" hai0="62,54,5,116,104,106,77,53,101,21,7,129,67" hai1="89,48,119,20,10,128,8,46,126,124,11,102,84" hai2="82,50,18,110,68,95,121,131,40,103,4,117,24" hai3="34,100,118,105,9,27,73,13,61,58,75,56,76"/><U70/><E119/><V41/><F117/><W107/><G118/><T122/><D129/><U112/><E112/><V93/><F121/><W2/><G2/><T26/><D122/><U31/><E70/><V25/><F68/><W135/><G135/><T19/><D116/><U15/><E128/><V39/><F39/><W52/><G76/><T80/><D106/><U23/><E102/><V97/><F131/><W44/><G44/><T0/><D104/><U51/><E51/><V91/><F110/><W120/><G120/><T109/><D109/><U14/><E126/><V38/><F38/><W94/><G105/><T35/><D35/><U133/><E133/><V114/><F82/><W115/><G107/><T45/><D101/><U113/><E113/><V92/><F92/><W72/><G115/><T1/><D1/><U132/><E124/><V42/><F4/><W111/><G111/><T83/><D83/><U3/><E3/><V74/><F74/><W17/><G56/><T47/><D0/><U6/><E132/><V63/><F63/><W29/><REACH who="3" step="1"/><G73/><REACH who="3" ten="250,230,250,260" step="2"/><T64/><D77/><U127/><E127/><V134/><F134/><W88/><G88/><T108/><D108/><U125/><E125/><V36/><F114/><W43/><G43/><T86/><D47/><U123/><E123/><V87/><F36/><W32/><G32/><T16/><D45/><U28/><E89/><V79/><F79/><W99/><AGARI ba="0,1" hai="9,13,17,27,29,34,52,58,61,72,75,94,99,100" machi="99" ten="30,7900,0" yaku="1,1,0,1,52,1,54,1,53,0" doraHai="22" doraHaiUra="69" who="3" fromWho="3" sc="250,-20,230,-39,250,-20,260,89" /><INIT seed="2,0,0,2,3,122" ten="230,191,230,349" oya="2" hai0="54,78,94,116,55,107,30,19,130,85,114,64,5" hai1="105,41,47,87,25,59,73,77,18,95,111,81,93" hai2="10,98,69,91,38,2,27,110,12,126,43,58,46" hai3="31,132,79,100,109,61,7,51,32,33,124,28,35"/><V123/><F123/><W113/><G109/><T53/><D114/><U89/><E105/><V40/><F69/><W90/><G113/><T125/><D130/><U49/><E59/><V0/><F126/><W60/><G124/><T104/><D116/><U39/><E39/><V80/><F43/><W106/><G79/><T52/><D5/><U67/><E67/><V9/><F9/><W21/><G132/><T117/><D117/><U14/><E25/><V135/><F135/><W8/><G90/><T3/><D30/><U102/><E102/><V82/><F110/><W83/><G83/><T68/><D3/><U50/><E50/><V103/><F27/><W24/><G28/><T4/><D4/><U92/><REACH who="1" step="1"/><E111/><REACH who="1" ten="230,181,230,349" step="2"/><V6/><F58/><W26/><G24/><T15/><D125/><U74/><E74/><V23/><F103/><W118/><G118/><T29/><D107/><U134/><E134/><V48/><F38/><W56/><G100/><T57/><D104/><U37/><E37/><V128/><F128/><W101/><G101/><T108/><D108/><U66/><E66/><V42/><F48/><W20/><G106/><T34/><D64/><U71/><E71/><V115/><F115/><W72/><G72/><T36/><D36/><U96/><E96/><V99/><F99/><W119/><G119/><T86/><D68/><U65/><E65/><V76/><F98/><W97/><G97/><T120/><D57/><U16/><E16/><V22/><F46/><W127/><G127/><T75/><D75/><U44/><E44/><V131/><F131/><W88/><G56/><RYUUKYOKU ba="0,1" sc="230,-10,181,30,230,-10,349,-10" hai1="14,18,41,47,49,73,77,81,87,89,92,93,95" /><INIT seed="3,1,1,3,0,129" ten="220,211,220,339" oya="3" hai0="2,103,12,71,90,36,107,86,40,59,131,62,8" hai1="113,9,132,88,7,49,31,78,96,52,130,3,117" hai2="70,50,46,56,84,66,20,100,101,123,105,115,28" hai3="39,21,99,44,16,45,121,112,18,54,51,32,19"/><W30/><G112/><T128/><D2/><U111/><E113/><V58/><F70/><W94/><G121/><T118/><D71/><U126/><E130/><N who="0" m="49705" /><D118/><U63/><E117/><V34/><F34/><W1/><G1/><T97/><D40/><U72/><E126/><V77/><F105/><W11/><G11/><T109/><D109/><U106/><E111/><V13/><F115/><W26/><G39/><T92/><D36/><U4/><E132/><V76/><F123/><W14/><G44/><T17/><D59/><N who="2" m="22570" /><F66/><W35/><G35/><T0/><D0/><U61/><E31/><V81/><F77/><W122/><G122/><T125/><D125/><U68/><E68/><V134/><F134/><W6/><G6/><N who="1" m="2090" /><E3/><V27/><F13/><W29/><G29/><T110/><D110/><U47/><E106/><V10/><F10/><W53/><G53/><AGARI ba="1,1" hai="20,27,28,46,50,53,76,81,84,100,101" m="22570" machi="53" ten="30,1000,0" yaku="8,1" doraHai="129" who="2" fromWho="3" sc="220,0,211,0,220,23,339,-13" owari="220,-18.0,211,-28.9,243,4.3,326,42.6" /></mjloggm>