<mjloggm ver="2.3"><GO type="225" lobby="0"/><UN n0="%48%61%61%61%6C%61%6E%64" n1="%E3%82%B0%E3%83%AA%E3%82%B0%E3%83%AA%E6%A3%92" n2="%E3%83%94%E3%82%B3%E3%83%9E%E3%82%B9%E3%83%86%E3%82%A3%E3%83%95" n3="%E3%81%86%E3%82%8B%E3%81%8A%E3%81%A1%E3%82%83" dan="18,17,17,16" rate="2218.72,2126.87,2184.53,2072.09" sx="M,M,M,F"/><TAIKYOKU oya="0"/><INIT seed="0,0,0,0,5,109" ten="250,250,250,250" oya="0" hai0="47,43,108,61,18,15,7,82,98,70,24,83,95" hai1="59,111,39,121,66,32,57,5,123,53,78,13,96" hai2="50,91,128,115,42,65,135,48,77,67,60,11,122" hai3="46,112,76,0,126,34,26,33,22,55,28,118,125"/><T35/><D108/><U17/><E32/><N who="3" m="12394" /><G55/><T6/><D35/><U107/><E111/><V71/><F122/><W100/><G46/><T101/><D24/><U16/><E39/><V117/><F77/><W79/><G100/><T68/><D6/><U129/><E129/><V64/><F128/><W85/><G85/><T86/><D7/><U1/><E17/><V94/><F135/><W40/><G40/><T102/><D101/><U8/><E78/><V27/><F117/><W103/><G103/><T131/><D131/><U30/><E30/><V3/><F71/><W36/><G36/><T93/><D93/><U81/><E96/><V105/><F60/><W14/><G76/><T127/><D127/><N who="3" m="48649" /><G79/><T58/><D86/><U21/><E107/><V84/><F42/><W113/><G118/><T116/><D116/><U87/><E59/><V134/><F94/><W106/><G106/><T54/><D68/><U4/><E66/><V133/><F65/><W80/><G80/><T75/><D75/><U63/><E87/><V25/><F84/><W31/><G0/><T74/><D74/><U23/><E81/><V56/><F105/><W51/><G31/><T44/><D70/><U72/><E72/><V45/><F3/><W9/><G51/><N who="0" m="27039" /><D47/><U29/><REACH who="1" step="1"/><E5/><AGARI ba="0,0" hai="5,9,14,22,26,28,112,113" m="48649,12394" machi="5" ten="30,8000,1" yaku="18,1,34,2,52,2" doraHai="109" who="3" fromWho="1" sc="250,0,250,-80,250,0,250,80" /><INIT seed="1,0,0,1,4,87" ten="250,170,250,330" oya="1" hai0="79,47,38,58,63,119,71,35,108,73,89,22,53" hai1="12,134,95,44,0,96,78,93,111,109,43,32,124" hai2="21,24,17,46,10,18,114,33,31,27,64,29,75" hai3="130,28,60,3,106,37,48,81,62,131,116,105,103"/><U115/><E0/><V80/><F114/><W84/><G37/><T51/><D35/><U133/><E32/><V42/><F64/><W101/><G3/><T34/><D34/><U123/><E12/><V126/><F126/><W118/><G48/><T76/><D119/><N who="3" m="45609" /><G28/><T92/><D108/><N who="1" m="41547" /><E115/><V113/><F113/><W23/><G23/><T82/><D79/><U70/><E70/><V77/><REACH who="2" step="1"/><F10/><REACH who="2" ten="250,170,240,330" step="2"/><W19/><G19/><T65/><D22/><U117/><E124/><V91/><F91/><N who="3" m="51599" /><G60/><T52/><D38/><AGARI ba="0,1" hai="17,18,21,24,27,29,31,33,38,42,46,75,77,80" machi="38" ten="30,2000,0" yaku="1,1,7,1,53,0" doraHai="87" doraHaiUra="97" who="2" fromWho="0" sc="250,-20,170,0,240,30,330,0" /><INIT seed="2,0,0,4,5,117" ten="230,170,270,330" oya="2" hai0="101,19,50,102,26,93,40,99,62,96,53,15,130" hai1="1,110,129,97,121,75,135,81,12,17,48,122,104" hai2="6,95,8,14,16,111,86,73,38,118,46,5,31" hai3="128,25,54,52,123,100,60,21,56,29,71,83,69"/><V11/><F73/><W114/><G123/><N who="1" m="47114" /><E1/><V24/><F118/><W126/><G100/><T70/><D130/><U45/><E129/><V116/><F116/><W32/><G71/><T82/><D82/><U9/><E110/><V79/><F111/><W132/><G69/><T57/><D26/><U67/><E67/><V105/><F105/><W124/><G128/><T78/><D78/><N who="1" m="44255" /><E135/><V120/><F120/><W113/><G132/><T13/><D19/><U91/><E91/><V63/><F79/><W7/><G83/><T89/><D89/><U34/><E34/><V107/><F16/><W39/><G7/><T115/><D115/><N who="3" m="44041" /><G39/><T51/><D70/><U18/><E18/><V77/><F38/><W94/><G32/><T27/><D27/><U33/><E33/><V85/><F24/><W0/><G0/><T10/><D13/><U3/><E3/><V133/><F77/><W74/><G74/><T47/><D15/><U55/><E97/><V80/><F5/><W58/><G94/><N who="0" m="58519" /><D10/><U35/><E35/><V66/><F11/><W112/><G112/><T103/><D103/><U28/><E104/><V90/><F107/><W65/><G65/><T134/><D134/><U72/><E72/><V44/><F133/><W119/><G119/><T41/><D102/><U43/><E43/><V127/><F6/><W37/><G37/><N who="0" m="21903" /><D41/><U61/><E61/><AGARI ba="0,0" hai="21,25,29,52,54,56,58,60,61,124,126" m="44041" machi="61" ten="30,2000,0" yaku="11,1,54,1" doraHai="117" who="3" fromWho="1" sc="230,0,170,-20,270,0,330,20" /><INIT seed="3,0,0,3,1,69" ten="230,150,270,350" oya="3" hai0="113,20,120,129,10,33,74,32,23,115,104,102,7" hai1="62,40,72,45,125,52,46,60,96,9,68,103,59" hai2="37,0,24,79,1,107,112,8,77,6,28,36,81" hai3="110,25,82,19,91,126,39,66,57,15,90,87,122"/><W47/><G122/><T116/><D74/><U65/><E72/><V75/><F112/><N who="0" m="43082" /><D102/><U108/><E9/><V58/><F79/><W133/><G25/><T83/><D104/><U67/><E103/><V119/><F107/><W44/><G39/><T4/><D83/><U64/><E96/><V51/><F119/><W41/><G41/><T95/><D95/><U21/><E21/><N who="0" m="8265" /><D116/><U128/><E128/><V34/><F0/><W13/><G47/><T17/><D120/><U78/><E78/><V84/><F75/><W86/><G44/><T2/><D129/><U3/><E3/><V38/><F51/><W43/><G43/><T73/><D73/><U118/><E118/><V30/><F30/><W42/><G42/><T55/><D55/><U100/><E100/><V101/><F101/><W63/><G82/><T135/><D135/><U106/><E106/><V29/><F29/><W5/><G133/><T109/><D109/><U92/><E92/><V88/><F77/><W53/><G110/><T56/><D56/><U50/><E108/><V111/><F111/><W31/><G57/><T124/><D124/><U132/><E132/><V123/><REACH who="2" step="1"/><F58/><REACH who="2" ten="230,150,260,350" step="2"/><W22/><G31/><T117/><D117/><U130/><E130/><V134/><F134/><W131/><G131/><T127/><D127/><U18/><E18/><V11/><F11/><W97/><G19/><T99/><D17/><U89/><E125/><V70/><F70/><W61/><G126/><T49/><D2/><U114/><E114/><V26/><F26/><W80/><G22/><T12/><D10/><U98/><E89/><RYUUKYOKU ba="0,1" sc="230,-10,150,-10,260,30,350,-10" hai2="1,6,8,24,28,34,36,37,38,81,84,88,123" owari="220,-18.0,140,-36.0,290,9.0,350,45.0" /></mjloggm>