<mjloggm ver="2.3"><GO type="225" lobby="0"/><UN n0="%E3%82%BC%E3%83%AB%E3%83%80%E3%81%AE%E4%BC%9D%E8%AA%AC" n1="%28%EF%BF%A3%E2%96%BD%EF%BF%A3%29%CE%B4%E2%8C%92%E3%83%BB" n2="%E7%89%B9%E6%9D%B1%E3%81%AF%E4%B8%96%E7%95%8C%E3%82%92%E6%95%91%E3%81%86" n3="%E3%83%89%E3%83%A9%E3%81%8F%E3%82%8C" dan="18,16,16,17" rate="2254.63,2127.12,2156.16,2222.92" sx="M,M,M,M"/><TAIKYOKU oya="0"/><INIT seed="0,0,0,3,1,70" ten="250,250,250,250" oya="0" hai0="131,38,4,126,24,64,20,21,88,71,53,127,22" hai1="18,50,135,119,63,103,98,75,77,40,5,111,69" hai2="17,45,90,37,129,33,121,48,72,56,6,107,41" hai3="104,67,95,43,83,101,81,112,58,110,3,19,29"/><T9/><D131/><U10/><E119/><V34/><F121/><W130/><G112/><T2/><D53/><U66/><E135/><V55/><F129/><W122/><G3/><T76/><D76/><U132/><E132/><V52/><F72/><W80/><G130/><T87/><D24/><U108/><E18/><V118/><F118/><W28/><G104/><T11/><D11/><U12/><E77/><V125/><F125/><N who="0" m="47626" /><D64/><U78/><E78/><V128/><F128/><W120/><G122/><T97/><D97/><U36/><E50/><V117/><F117/><W0/><G67/><T25/><D71/><U133/><E75/><V100/><F6/><W51/><G120/><T113/><D113/><U68/><E68/><V115/><F115/><W15/><G0/><T49/><D49/><U109/><E133/><V85/><F17/><W47/><G58/><T44/><D25/><U57/><E57/><V91/><F55/><W74/><G74/><T96/><D96/><U59/><E59/><V13/><F13/><W39/><G51/><T14/><D2/><U27/><E27/><V60/><F60/><W92/><G19/><T114/><D114/><U73/><E73/><V99/><REACH who="2" step="1"/><F91/><REACH who="2" ten="250,250,240,250" step="2"/><W89/><G89/><T31/><D31/><U23/><E111/><V7/><F7/><W16/><G110/><T84/><D88/><U79/><E109/><V54/><F54/><W94/><REACH who="3" step="1"/><G101/><REACH who="3" ten="250,250,240,240" step="2"/><T62/><D62/><U65/><E108/><V86/><F86/><W116/><G116/><T82/><D82/><AGARI ba="0,2" hai="33,34,37,41,45,48,52,56,82,85,90,99,100,107" machi="82" ten="30,7700,0" yaku="1,1,7,1,52,1,54,1,53,0" doraHai="70" doraHaiUra="8" who="2" fromWho="0" sc="250,-77,250,0,240,97,240,0" /><INIT seed="1,0,0,0,5,18" ten="173,250,337,240" oya="1" hai0="125,61,126,68,41,81,116,108,50,26,42,113,123" hai1="6,35,8,10,131,129,119,90,80,24,19,78,29" hai2="14,128,85,122,55,133,27,101,12,39,21,74,83" hai3="49,46,95,64,52,62,124,22,76,104,2,99,53"/><U127/><E90/><V4/><F122/><W97/><G124/><N who="0" m="47723" /><D81/><U106/><E106/><V9/><F128/><N who="1" m="49225" /><E127/><V86/><F133/><W89/><G2/><T43/><D26/><U117/><E19/><V135/><F39/><W130/><G130/><T54/><D113/><U5/><E80/><V16/><F135/><W45/><G76/><T79/><D79/><U20/><E35/><V60/><F101/><W56/><G104/><T118/><D108/><U11/><E78/><V36/><F36/><W88/><G22/><T107/><D107/><U23/><E23/><N who="2" m="11671" /><F74/><W69/><G53/><T37/><D37/><U134/><E134/><V114/><F114/><W67/><G67/><N who="0" m="41071" /><D123/><U25/><E25/><V57/><F83/><W115/><G115/><T75/><D75/><U32/><E32/><V100/><F100/><W15/><G15/><T91/><D91/><U77/><E77/><V103/><F103/><W71/><G71/><T73/><D73/><U3/><E11/><V65/><F65/><W33/><G33/><T7/><D7/><U1/><AGARI ba="0,0" hai="1,3,5,6,8,10,20,24,29,117,119" m="49225" machi="1" ten="30,11700,0" yaku="19,1,34,2,52,1" doraHai="18" who="1" fromWho="1" sc="173,-39,250,117,337,-39,240,-39" /><INIT seed="1,1,0,1,4,31" ten="134,367,298,201" oya="1" hai0="84,22,110,3,13,96,14,12,43,121,59,112,93" hai1="39,90,76,70,18,27,122,11,41,66,30,56,65" hai2="80,135,124,134,72,69,10,36,0,7,48,44,35" hai3="131,79,60,26,67,78,86,16,85,64,113,118,73"/><U103/><E70/><V127/><F69/><W17/><G113/><T8/><D112/><U68/><E68/><V21/><F21/><W115/><G115/><T98/><D110/><U101/><E76/><N who="2" m="44039" /><F35/><W119/><G73/><T83/><D121/><U89/><E41/><N who="2" m="22567" /><F48/><W19/><G26/><T77/><D3/><U54/><E39/><V61/><F61/><W109/><G109/><T81/><D43/><U130/><E122/><V33/><F33/><W51/><G51/><T132/><D132/><AGARI ba="1,0" hai="0,7,10,124,127,132,134,135" m="22567,44039" machi="132" ten="30,3900,0" yaku="25,1,20,1,23,1" doraHai="31" who="2" fromWho="0" sc="134,-42,367,0,298,42,201,0" /><INIT seed="2,0,0,3,4,34" ten="92,367,340,201" oya="2" hai0="21,72,130,8,62,84,126,15,128,78,6,69,10" hai1="11,82,110,102,61,33,64,32,0,97,55,68,53" hai2="90,24,70,103,91,96,14,106,71,5,36,99,37" hai3="39,50,132,87,7,60,35,43,9,12,113,129,46"/><V85/><F24/><W105/><G105/><T122/><D72/><U89/><E110/><V75/><F75/><W120/><G120/><T27/><D78/><U104/><E89/><V41/><F41/><W117/><G117/><T135/><D69/><U47/><E82/><V80/><F71/><W116/><G116/><T31/><D84/><U76/><E76/><V65/><F65/><W18/><G129/><N who="0" m="49771" /><D62/><U40/><E55/><V17/><F5/><W28/><G113/><T57/><D57/><U29/><E53/><V45/><F70/><W92/><G60/><T134/><D122/><U131/><E29/><V93/><REACH who="2" step="1"/><F45/><REACH who="2" ten="92,367,330,201" step="2"/><W86/><G46/><T23/><D126/><U101/><E131/><V59/><F59/><W112/><G43/><T56/><D56/><U4/><E102/><V42/><F42/><W98/><G112/><T118/><D118/><U77/><E77/><V13/><F13/><W95/><G12/><N who="0" m="5143" /><D23/><AGARI ba="0,1" hai="14,17,23,36,37,80,85,90,91,93,96,99,103,106" machi="23" ten="30,2900,0" yaku="1,1,7,1,53,0" doraHai="34" doraHaiUra="73" who="2" fromWho="0" sc="92,-29,367,0,330,39,201,0" /><INIT seed="2,1,0,4,3,75" ten="63,367,369,201" oya="2" hai0="135,78,107,122,35,36,104,46,124,74,69,132,32" hai1="38,23,29,51,4,73,108,2,27,30,26,42,34" hai2="116,52,59,98,85,80,68,0,40,47,33,128,53" hai3="118,102,31,21,119,84,25,81,129,60,76,12,86"/><V28/><F116/><W77/><G129/><T83/><D122/><U123/><E73/><V71/><F0/><W115/><G115/><T103/><D124/><U24/><E38/><V109/><F128/><W94/><G12/><T20/><D20/><N who="1" m="15495" /><E51/><V89/><F109/><W95/><G102/><T49/><D49/><U113/><E42/><V15/><F33/><N who="0" m="12874" /><D103/><U65/><E65/><V117/><F28/><W63/><G119/><T100/><D100/><U17/><E113/><V88/><F15/><W133/><G133/><N who="0" m="51275" /><D69/><U126/><E108/><V64/><F117/><W22/><G118/><T62/><D62/><U50/><E50/><V79/><F71/><W14/><G63/><T3/><D3/><U10/><E126/><V87/><F68/><W90/><G60/><T110/><D110/><U111/><E111/><V130/><F130/><W58/><G58/><T131/><D131/><U121/><AGARI ba="1,0" hai="2,4,10,17,23,26,27,30,34,121,123" m="15495" machi="121" ten="30,2000,0" yaku="34,2" doraHai="75" who="1" fromWho="1" sc="63,-6,367,23,369,-11,201,-6" /><INIT seed="3,0,0,4,0,29" ten="57,390,358,195" oya="3" hai0="28,50,102,113,118,49,128,10,98,83,46,57,89" hai1="5,52,85,125,91,116,99,103,67,37,131,90,93" hai2="101,70,134,115,22,54,20,64,4,17,77,27,11" hai3="69,121,62,72,79,129,23,105,81,16,24,6,104"/><W135/><G121/><T14/><D128/><U25/><E37/><V13/><F115/><W130/><G135/><T40/><D118/><U34/><E131/><N who="3" m="50186" /><G6/><T33/><D113/><U18/><E125/><V78/><F134/><W95/><G95/><T53/><D28/><U133/><E133/><V30/><F101/><W45/><G45/><T47/><D57/><U74/><E74/><V43/><F43/><W58/><G69/><T114/><D114/><U2/><E67/><AGARI ba="0,0" hai="16,23,24,58,62,67,72,79,81,104,105" m="50186" machi="67" ten="30,2900,0" yaku="19,1,54,1" doraHai="29" who="3" fromWho="1" sc="57,0,390,-29,358,0,195,29" /><INIT seed="3,1,0,4,1,95" ten="57,361,358,224" oya="3" hai0="5,73,85,11,63,59,125,40,43,21,28,97,48" hai1="61,79,10,81,76,135,115,96,27,100,19,62,12" hai2="90,98,55,128,70,86,36,46,49,109,113,35,54" hai3="9,120,42,33,37,122,78,126,134,29,6,72,89"/><W50/><G134/><T121/><D125/><U114/><E135/><V52/><F113/><W71/><G126/><T64/><D121/><U74/><E79/><V60/><F35/><W57/><G71/><T129/><D129/><U51/><E51/><V17/><F36/><W111/><G111/><T3/><D73/><U0/><E0/><V101/><F128/><W44/><G89/><T7/><D85/><U56/><E27/><V123/><F123/><W66/><G29/><T39/><D39/><U93/><E62/><V32/><F32/><W108/><G33/><T31/><D7/><U82/><E82/><N who="2" m="49495" /><F70/><W8/><G8/><T133/><D133/><U53/><AGARI ba="1,0" hai="10,12,19,53,56,61,74,76,81,93,96,100,114,115" machi="53" ten="20,2700,0" yaku="0,1,7,1,52,1" doraHai="95" who="1" fromWho="1" sc="57,-8,361,30,358,-8,224,-14" owari="49,-45.1,391,49.1,350,15.0,210,-19.0" /></mjloggm>