<mjloggm ver="2.3"><GO type="225" lobby="0"/><UN n0="%E4%BE%BF%E6%89%80" n1="%E6%B8%A9%E2%98%85%E6%83%85%E2%98%85%E6%8E%AA%E2%98%85%E7%BD%AE" n2="%73%7A%2E%64%31" n3="%72%61%6B%33" dan="16,16,16,17" rate="2052.03,2166.36,2138.90,2161.29" sx="M,M,M,M"/><TAIKYOKU oya="0"/><INIT seed="0,0,0,5,5,54" ten="250,250,250,250" oya="0" hai0="20,26,22,81,124,119,111,125,80,53,43,48,88" hai1="109,102,104,123,57,56,17,61,6,93,0,63,11" hai2="13,41,10,64,101,108,129,78,76,117,87,16,85" hai3="14,31,7,15,70,126,77,51,96,21,112,92,40"/><T24/><D119/><U105/><E123/><V47/><F117/><W83/><G126/><N who="0" m="48747" /><D43/><U36/><E36/><V75/><F129/><W23/><G70/><T99/><D111/><U114/><E114/><V84/><F108/><W12/><G112/><T52/><D26/><U67/><E109/><V28/><F64/><W18/><G7/><T91/><D53/><U106/><E17/><V50/><F75/><W58/><G31/><N who="0" m="17799" /><D22/><U103/><REACH who="1" step="1"/><E93/><REACH who="1" ten="250,240,250,250" step="2"/><V69/><F28/><W116/><G116/><T25/><D25/><U59/><E59/><V132/><F69/><W65/><G58/><N who="0" m="33031" /><D91/><U19/><E19/><V38/><F38/><W121/><G18/><T135/><D135/><U113/><E113/><V4/><F132/><W44/><G121/><T37/><D37/><U122/><E122/><V68/><F68/><W32/><G44/><T134/><D134/><U74/><E74/><V71/><F71/><W130/><G130/><T49/><D49/><U66/><AGARI ba="0,1" hai="0,6,11,56,57,61,63,66,67,102,103,104,105,106" machi="66" ten="30,8000,1" yaku="1,1,0,1,9,1,52,2,53,0" doraHai="54" doraHaiUra="86" who="1" fromWho="1" sc="250,-40,240,90,250,-20,250,-20" /><INIT seed="1,0,0,0,4,40" ten="210,330,230,230" oya="1" hai0="95,73,2,119,84,127,23,16,39,83,31,82,58" hai1="135,63,129,25,97,69,130,61,9,33,20,15,76" hai2="125,92,50,49,21,47,103,45,110,77,38,42,126" hai3="79,70,99,128,124,18,80,27,91,12,5,134,88"/><U108/><E33/><V122/><F122/><W37/><G70/><T118/><D2/><U8/><E135/><V36/><F77/><W120/><G120/><T114/><D114/><U104/><E76/><V132/><F132/><W74/><G134/><T90/><D127/><N who="2" m="48650" /><F21/><W41/><G124/><T60/><D31/><U85/><E85/><V48/><F110/><W35/><G128/><N who="1" m="49258" /><E108/><V54/><F103/><W13/><G99/><T133/><D39/><N who="2" m="14890" /><F92/><W34/><G34/><T86/><D73/><U112/><E20/><V56/><F45/><W87/><G35/><T65/><D133/><U78/><E78/><V22/><F22/><W14/><G74/><T26/><REACH who="0" step="1"/><D95/><REACH who="0" ten="200,330,230,230" step="2"/><U30/><E104/><V59/><F59/><W101/><G80/><T131/><D131/><U32/><E30/><V52/><F54/><W29/><G29/><T53/><D53/><U57/><E57/><V64/><F64/><W113/><G113/><T1/><D1/><U115/><E115/><V67/><F67/><W116/><G37/><AGARI ba="0,1" hai="37,42,47,48,49,50,52,56" m="14890,48650" machi="37" ten="30,8000,1" yaku="18,1,34,2,52,1,54,1" doraHai="40" who="2" fromWho="3" sc="200,0,330,0,230,90,230,-80" /><INIT seed="2,0,0,5,3,11" ten="200,330,320,150" oya="2" hai0="91,106,89,100,113,80,71,81,32,102,52,27,135" hai1="124,73,61,126,2,4,57,66,59,33,104,8,41" hai2="93,132,97,6,112,17,90,72,1,77,121,26,13" hai3="79,64,83,53,10,50,63,114,96,58,68,110,123"/><V67/><F121/><W87/><G123/><T86/><D113/><U38/><E104/><V3/><F112/><W42/><G114/><T16/><D71/><U98/><E33/><V74/><F132/><W76/><G110/><T134/><D106/><U21/><E73/><V111/><F111/><W18/><G96/><T108/><D108/><U48/><E98/><V95/><F95/><W24/><G42/><T35/><D52/><N who="1" m="31879" /><E21/><V99/><F99/><W94/><G94/><T9/><D27/><U84/><E84/><V122/><F122/><W105/><G105/><T127/><D127/><N who="1" m="48683" /><E41/><V23/><F77/><W37/><G37/><AGARI ba="0,0" hai="2,4,8,37,38,59,61,66" m="48683,31879" machi="37" ten="30,2000,0" yaku="18,1,54,1" doraHai="11" who="1" fromWho="3" sc="200,0,330,20,320,0,150,-20" /><INIT seed="3,0,0,4,2,36" ten="200,350,320,130" oya="3" hai0="70,63,87,2,65,40,44,68,130,42,9,101,125" hai1="83,25,13,55,96,57,22,59,43,80,34,33,76" hai2="119,41,128,118,4,14,123,62,46,30,88,38,92" hai3="50,52,51,124,77,49,98,10,53,64,24,89,12"/><W26/><G124/><T7/><D125/><U45/><E13/><V78/><F123/><W47/><G64/><T21/><D130/><U90/><E96/><V6/><F128/><W73/><G73/><T15/><D101/><U134/><E134/><V69/><F30/><W131/><G77/><T75/><D75/><U79/><E34/><V19/><F78/><N who="1" m="29737" /><E33/><V93/><F93/><N who="3" m="56623" /><G131/><T121/><D65/><U129/><E129/><V91/><F91/><W74/><G74/><T28/><D42/><U120/><E120/><V11/><F69/><W5/><G51/><T54/><D44/><AGARI ba="0,0" hai="5,10,12,24,26,44,47,49,50,52,53" m="56623" machi="44" ten="30,2900,0" yaku="8,1,54,1" doraHai="36" who="3" fromWho="0" sc="200,-29,350,0,320,0,130,29" /><INIT seed="3,1,0,4,0,39" ten="171,350,320,159" oya="3" hai0="97,96,3,107,105,112,65,53,129,37,90,48,78" hai1="0,87,45,121,1,100,102,108,133,84,115,123,130" hai2="21,44,20,26,93,73,63,50,5,69,76,59,51" hai3="122,54,34,7,28,35,22,81,23,111,17,99,106"/><W75/><G122/><T104/><D37/><U33/><E33/><V11/><F69/><W101/><G7/><T58/><D3/><U10/><E10/><V57/><F73/><W132/><G132/><T86/><D129/><U88/><E115/><V30/><F76/><W16/><G111/><T135/><D135/><U19/><E133/><V8/><F57/><W9/><G9/><T47/><D78/><U4/><E19/><V120/><F120/><W36/><G36/><T72/><D72/><U92/><E4/><V74/><F74/><W82/><G28/><T43/><D65/><U12/><E12/><V125/><F125/><W62/><G75/><T2/><D2/><U131/><E92/><V127/><F127/><W64/><G54/><T56/><D56/><U46/><E88/><V134/><F134/><W15/><G34/><T24/><D24/><U119/><E119/><V25/><F93/><W68/><REACH who="3" step="1"/><G35/><REACH who="3" ten="171,350,320,149" step="2"/><T41/><D112/><U79/><E79/><V14/><F8/><W32/><G32/><T117/><D117/><U31/><E31/><V66/><F44/><W67/><G67/><T98/><REACH who="0" step="1"/><D47/><REACH who="0" ten="161,350,320,149" step="2"/><U52/><E108/><V94/><F66/><W77/><G77/><T38/><D38/><U60/><E46/><V13/><F30/><W80/><G80/><AGARI ba="1,2" hai="41,43,48,53,58,80,86,90,96,97,98,104,105,107" machi="80" ten="50,6400,0" yaku="1,1,52,2,53,0" doraHai="39" doraHaiUra="91" who="0" fromWho="3" sc="161,87,350,0,320,0,149,-67" owari="248,-15.2,350,45.0,320,12.0,82,-41.8" /></mjloggm>