<mjloggm ver="2.3"><GO type="225" lobby="0"/><UN n0="%E6%98%93%E5%88%A9%E8%96%A9%E4%BC%AF" n1="%E5%91%A8%E6%9D%B1" n2="%6D%75%75%73%61%6E%6D%75" n3="%E7%B4%94%E6%BD%94%E3%83%94%E3%83%A9%E3%83%8B%E3%82%A2" dan="16,17,16,17" rate="2165.73,2155.66,2072.63,2220.84" sx="F,M,F,M"/><TAIKYOKU oya="0"/><INIT seed="0,0,0,2,5,16" ten="250,250,250,250" oya="0" hai0="74,13,72,6,99,104,96,35,109,33,9,19,62" hai1="32,75,67,85,93,43,12,87,45,48,119,65,92" hai2="115,100,130,56,97,53,98,117,101,121,54,24,102" hai3="58,120,42,34,106,36,134,44,2,82,47,126,63"/><T50/><D109/><U71/><E75/><V20/><F121/><W79/><G34/><T68/><D50/><U114/><E114/><V103/><F115/><W23/><G106/><T26/><D99/><U118/><E32/><V81/><F130/><W51/><G2/><T124/><D124/><U77/><E71/><V25/><F117/><W37/><G126/><T76/><D76/><U84/><E77/><V95/><F81/><W116/><G116/><T105/><D6/><U0/><E0/><V10/><F10/><W21/><G134/><T11/><D11/><U1/><E1/><V133/><F25/><W66/><G120/><T135/><D135/><U88/><E119/><V128/><F128/><W90/><G90/><T111/><D111/><U4/><E118/><V131/><F133/><W89/><G89/><T69/><D69/><U61/><E61/><V38/><F38/><W57/><G57/><T8/><D8/><N who="1" m="4103" /><E93/><V7/><F7/><W52/><REACH who="3" step="1"/><G37/><REACH who="3" ten="250,250,250,240" step="2"/><T46/><D105/><U86/><AGARI ba="0,1" hai="43,45,48,65,67,84,85,86,87,88,92" m="4103" machi="86" ten="30,2000,0" yaku="8,1,54,1" doraHai="16" who="1" fromWho="1" sc="250,-10,250,30,250,-5,240,-5" /><INIT seed="1,0,0,5,5,38" ten="240,280,245,235" oya="1" hai0="125,97,75,108,119,8,62,58,93,16,95,43,34" hai1="84,15,1,78,12,40,69,26,3,134,66,7,127" hai2="80,24,11,68,86,131,52,116,106,54,77,36,89" hai3="29,46,105,23,113,32,50,17,83,20,64,76,124"/><U81/><E127/><V48/><F116/><W133/><G124/><T45/><D34/><U94/><E134/><V35/><F36/><W56/><G133/><T85/><D119/><U33/><E94/><V10/><F106/><W47/><G105/><T51/><D75/><U96/><E96/><V25/><F68/><W18/><G113/><T99/><D108/><U4/><E66/><V63/><F131/><W107/><G107/><T103/><D85/><U21/><E33/><V120/><F120/><W44/><G32/><T112/><D112/><U67/><E67/><V57/><F77/><W109/><G109/><T13/><D125/><U121/><E69/><V117/><F117/><W135/><G135/><T115/><D115/><U102/><E102/><V129/><F129/><W72/><G29/><T49/><D49/><U130/><E121/><V87/><F87/><W101/><G101/><N who="0" m="60591" /><D58/><U60/><E60/><AGARI ba="0,0" hai="8,13,16,43,45,51,60,62,95,99,103" m="60591" machi="60" ten="30,3900,0" yaku="8,1,52,1,54,1" doraHai="38" who="0" fromWho="1" sc="240,39,280,-39,245,0,235,0" /><INIT seed="2,0,0,4,5,33" ten="279,241,245,235" oya="2" hai0="40,110,80,1,36,67,35,92,126,42,132,117,130" hai1="17,120,97,124,50,112,88,78,90,16,75,32,4" hai2="51,105,8,5,59,9,103,60,93,30,116,44,115" hai3="3,52,121,15,100,113,79,46,34,129,99,27,76"/><V122/><F115/><W131/><G15/><T26/><D110/><U23/><E32/><V87/><F116/><W106/><G121/><T98/><D67/><U71/><E112/><V0/><F122/><W48/><G113/><T55/><D36/><U81/><E120/><V11/><F105/><W65/><G65/><T12/><D1/><U49/><E71/><V135/><F135/><W21/><G34/><T109/><D109/><U54/><E124/><V22/><F30/><W2/><G79/><T58/><D130/><N who="3" m="49673" /><G76/><T31/><D132/><U24/><E4/><V53/><F22/><W14/><G14/><T25/><D117/><U66/><E66/><V133/><F133/><W43/><G43/><T6/><D26/><U47/><E17/><AGARI ba="0,0" hai="2,3,17,21,27,46,48,52,99,100,106" m="49673" machi="17" ten="30,7700,0" yaku="19,1,52,2,54,1" doraHai="33" who="3" fromWho="1" sc="279,0,241,-77,245,0,235,77" /><INIT seed="3,0,0,2,0,3" ten="279,164,245,312" oya="3" hai0="97,131,104,0,130,129,65,37,111,17,126,29,128" hai1="25,4,24,135,80,81,77,63,73,45,15,107,92" hai2="70,22,134,56,123,36,124,47,59,9,106,84,94" hai3="52,48,2,18,8,87,69,10,32,31,1,64,127"/><W14/><G69/><T6/><D111/><U11/><E107/><V101/><F70/><W42/><G64/><T76/><D37/><U21/><E135/><V44/><F106/><W110/><G42/><T49/><D126/><U96/><E21/><V23/><F124/><W113/><G113/><T60/><D29/><U27/><E80/><V78/><F36/><W12/><G127/><T68/><D76/><U5/><E45/><V91/><F101/><W102/><G102/><N who="0" m="62543" /><D49/><U89/><REACH who="1" step="1"/><E63/><REACH who="1" ten="279,154,245,312" step="2"/><V82/><F82/><W20/><G20/><N who="2" m="7721" /><F134/><W72/><G32/><T7/><D131/><U79/><E79/><V100/><F78/><W28/><G31/><T46/><D46/><U109/><E109/><V93/><F47/><W67/><G28/><T40/><D130/><U115/><E115/><V98/><F44/><W16/><G110/><T99/><D129/><U116/><E116/><V30/><F94/><W105/><G105/><T57/><D60/><U114/><E114/><V53/><F93/><W88/><G48/><T86/><D128/><U108/><E108/><V117/><F117/><W26/><G26/><T66/><D40/><U19/><AGARI ba="0,1" hai="4,5,11,15,19,24,25,27,73,77,81,89,92,96" machi="19" ten="30,7900,0" yaku="1,1,0,1,52,2,53,0" doraHai="3" doraHaiUra="51" who="1" fromWho="1" sc="279,-20,154,89,245,-20,312,-39" /><INIT seed="4,0,0,0,5,2" ten="259,243,225,273" oya="0" hai0="18,68,99,135,30,104,8,19,47,103,124,64,9" hai1="115,48,95,84,132,86,7,121,6,35,89,107,24" hai2="12,108,25,78,101,11,52,0,66,41,79,133,122" hai3="94,131,26,65,36,106,34,90,49,69,29,20,73"/><T38/><D135/><U1/><E121/><V72/><F122/><W15/><G36/><T45/><D124/><U120/><E120/><V5/><F133/><W56/><G73/><T74/><D74/><U82/><E132/><V37/><F108/><W128/><G106/><T102/><D102/><U13/><E107/><V16/><F72/><W111/><G111/><T44/><D38/><U33/><E1/><V118/><F118/><W110/><G69/><T55/><D30/><U100/><E115/><V91/><F66/><W22/><G110/><T10/><D55/><U14/><E35/><V129/><F101/><W117/><G117/><T81/><D81/><U58/><E24/><V51/><F37/><W43/><G65/><T46/><N who="0" m="11264" /><DORA hai="60" /><T98/><REACH who="0" step="1"/><D99/><REACH who="0" ten="249,243,225,273" step="2"/><N who="1" m="59519" /><E86/><V62/><F41/><W125/><G43/><T93/><D93/><U80/><E80/><V126/><F126/><W67/><G125/><T39/><D39/><U31/><E31/><V76/><F129/><W57/><G131/><T17/><D17/><U85/><E85/><V27/><F62/><AGARI ba="0,1" hai="8,9,10,18,19,62,64,68,98,103,104" m="11264" machi="62" ten="60,18000,2" yaku="1,1,52,1,53,5" doraHai="2,60" doraHaiUra="96,40" who="0" fromWho="2" sc="249,190,243,0,225,-180,273,0" owari="439,53.9,243,-15.7,45,-45.5,273,7.3" /></mjloggm>