<mjloggm ver="2.3"><GO type="225" lobby="0"/><UN n0="%E3%83%97%E3%83%AC%E3%83%B4%E3%82%A1%E3%83%86%E3%82%A3" n1="%28%EF%BF%A3%E2%96%BD%EF%BF%A3%29%CE%B4%E2%8C%92%E3%83%BB" n2="%6D%75%75%6D%75%72%61" n3="%E5%A4%96%E5%B7%9D%E7%AB%9C%E6%88%90" dan="16,16,17,16" rate="2126.38,2141.41,2197.17,2170.69" sx="F,M,F,M"/><TAIKYOKU oya="0"/><INIT seed="0,0,0,3,5,13" ten="250,250,250,250" oya="0" hai0="107,41,9,19,49,56,113,114,11,8,54,26,64" hai1="131,17,90,120,6,82,1,4,18,68,88,110,35" hai2="3,58,61,0,99,33,79,78,127,51,101,100,103" hai3="40,48,109,20,7,124,128,105,63,130,75,65,69"/><T132/><D107/><U118/><E68/><V116/><F127/><W44/><G75/><T46/><D132/><U92/><E35/><V15/><F33/><W53/><G105/><T39/><REACH who="0" step="1"/><D64/><REACH who="0" ten="240,250,250,250" step="2"/><U84/><E118/><V66/><F116/><W111/><G124/><T80/><D80/><U60/><E120/><V87/><F66/><W27/><G128/><T24/><D24/><U102/><E131/><V2/><F2/><W55/><G130/><T77/><D77/><U97/><E1/><V14/><F0/><W104/><G104/><T29/><D29/><U22/><E110/><N who="3" m="41994" /><G7/><T42/><D42/><U5/><E22/><AGARI ba="0,1" hai="8,9,11,19,22,26,39,41,46,49,54,56,113,114" machi="22" ten="40,3900,0" yaku="1,1,52,1,53,0" doraHai="13" doraHaiUra="30" who="0" fromWho="1" sc="240,49,250,-39,250,0,250,0" /><INIT seed="0,1,0,4,0,124" ten="289,211,250,250" oya="0" hai0="10,38,92,41,36,129,5,80,89,85,82,66,73" hai1="55,119,110,23,77,32,42,117,54,75,84,53,102" hai2="135,0,96,44,31,61,70,107,109,15,68,45,93" hai3="108,21,51,69,131,74,81,133,35,106,37,25,71"/><T34/><D34/><U56/><E32/><V76/><F0/><W11/><G37/><T103/><D66/><U100/><E75/><V17/><F107/><W60/><G106/><T112/><D112/><U116/><E110/><V26/><F109/><W114/><G114/><T27/><D27/><U113/><E113/><V121/><F76/><W22/><G133/><T18/><D18/><U3/><E3/><V28/><F121/><W57/><G51/><T50/><D129/><U47/><E56/><V91/><F135/><W43/><G43/><T24/><D24/><U33/><E33/><V127/><F127/><W86/><G74/><T104/><D50/><U125/><E125/><V14/><F14/><W126/><G21/><T105/><D41/><U128/><E23/><V64/><F70/><W20/><G22/><T58/><D58/><U79/><E128/><V101/><F91/><W8/><G131/><T63/><D63/><U7/><E7/><V62/><F62/><W95/><G35/><T87/><D105/><U99/><E84/><V19/><F26/><W134/><G134/><T97/><D85/><U59/><E59/><V120/><F120/><W132/><G132/><T115/><D115/><U130/><E130/><V2/><F2/><W46/><G126/><T40/><D40/><U48/><REACH who="1" step="1"/><E99/><REACH who="1" ten="289,201,250,250" step="2"/><V16/><REACH who="2" step="1"/><F15/><REACH who="2" ten="289,201,240,250" step="2"/><W13/><G13/><N who="0" m="5327" /><D80/><U83/><E83/><V67/><F67/><N who="3" m="39311" /><G81/><T122/><D122/><U118/><N who="1" m="29696" /><DORA hai="49" /><U30/><E30/><AGARI ba="1,2" hai="16,17,19,28,30,31,44,45,61,64,68,93,96,101" machi="30" ten="40,8000,1" yaku="1,1,54,1,53,3" doraHai="124,49" doraHaiUra="12,9" who="2" fromWho="1" sc="289,0,201,-83,240,103,250,0" /><INIT seed="1,0,0,3,5,84" ten="289,118,343,250" oya="1" hai0="10,17,31,91,68,28,75,37,97,129,39,100,3" hai1="24,45,2,4,99,83,93,105,120,48,112,13,53" hai2="92,43,117,22,1,54,62,127,34,103,104,122,98" hai3="121,9,79,128,51,19,106,56,46,25,90,76,123"/><U96/><E120/><V87/><F34/><W61/><G106/><T77/><D68/><U55/><E112/><V101/><F122/><W5/><G128/><T29/><D129/><U60/><E2/><V132/><F117/><W69/><G69/><T109/><D109/><U95/><E105/><V133/><F1/><W134/><G134/><N who="2" m="51817" /><F127/><W18/><G25/><T64/><D64/><U15/><E83/><V119/><F119/><W102/><G102/><T114/><D114/><U126/><E126/><V14/><F43/><W80/><G79/><T130/><D130/><U16/><E4/><V63/><F54/><W113/><G76/><T11/><D100/><N who="1" m="60431" /><E60/><N who="2" m="23083" /><F101/><W23/><G5/><T66/><D66/><U32/><E55/><V7/><F7/><W111/><G111/><T44/><D3/><U27/><E32/><V82/><F104/><W72/><G113/><T135/><D135/><U38/><E38/><V30/><F82/><W88/><G80/><T81/><D44/><U20/><E15/><V124/><F124/><W49/><G46/><T8/><REACH who="0" step="1"/><D17/><REACH who="0" ten="279,118,343,250" step="2"/><U6/><E6/><V52/><F52/><W36/><G19/><T59/><D59/><U50/><E50/><V86/><F30/><W73/><G49/><T42/><D42/><U41/><E41/><V78/><F78/><W12/><G51/><T125/><D125/><U35/><E35/><V0/><F0/><W118/><G123/><T116/><D116/><U94/><E99/><V107/><F107/><W115/><G121/><T47/><D47/><U40/><E40/><V21/><F14/><W131/><G118/><RYUUKYOKU ba="0,1" sc="279,10,118,10,343,10,250,-30" hai0="8,10,11,28,29,31,37,39,75,77,81,91,97" hai1="13,16,20,24,27,45,48,53,94,95" hai2="21,22,86,87,92,98,103" /><INIT seed="1,1,1,4,0,92" ten="289,128,353,220" oya="1" hai0="124,10,91,37,120,70,81,74,48,36,109,117,75" hai1="50,11,42,113,24,2,118,59,33,32,88,60,54" hai2="131,65,107,3,101,67,5,4,123,40,99,49,38" hai3="129,130,12,98,95,127,76,35,69,121,18,128,104"/><U126/><E118/><V44/><F123/><W64/><G121/><T125/><D117/><U51/><E113/><V66/><F131/><W22/><G127/><N who="0" m="48715" /><D120/><U57/><E126/><V86/><F3/><W87/><G35/><T122/><D122/><U62/><E2/><V21/><F21/><W82/><G104/><T26/><D70/><U114/><E114/><V46/><REACH who="2" step="1"/><F86/><REACH who="2" ten="289,128,343,220" step="2"/><W96/><G95/><T77/><D75/><U55/><E11/><V31/><F31/><W27/><G12/><T80/><D10/><U106/><E24/><V16/><F16/><W116/><G116/><T30/><D109/><U15/><E15/><V94/><F94/><W39/><G39/><T79/><D37/><U132/><E106/><V41/><AGARI ba="1,2" hai="4,5,38,40,41,44,46,49,65,66,67,99,101,107" machi="41" ten="30,4000,0" yaku="1,1,0,1,52,1,53,0" doraHai="92" doraHaiUra="58" who="2" fromWho="2" sc="289,-11,128,-21,343,63,220,-11" /><INIT seed="2,0,0,2,1,119" ten="278,107,406,209" oya="2" hai0="98,49,25,115,83,106,68,48,45,17,86,64,34" hai1="38,32,23,18,56,94,1,65,130,84,7,109,128" hai2="14,135,77,21,114,54,2,35,125,37,57,80,15" hai3="100,120,82,91,102,75,89,24,53,96,112,47,22"/><V29/><F114/><W69/><G69/><T101/><D115/><U81/><E38/><V62/><F2/><W50/><G120/><T108/><D108/><U9/><E109/><V20/><F35/><W19/><G112/><T111/><D111/><U60/><E94/><V40/><F135/><W0/><G0/><T124/><D124/><U30/><E84/><V46/><F125/><W33/><G33/><T105/><D105/><U44/><E44/><V117/><F117/><W51/><G51/><T131/><D131/><U28/><E81/><V63/><F63/><W95/><G75/><T76/><D45/><U31/><REACH who="1" step="1"/><E32/><REACH who="1" ten="278,97,406,209" step="2"/><V58/><F46/><W59/><G47/><T52/><D86/><AGARI ba="0,1" hai="19,22,24,50,53,59,82,86,89,91,95,96,100,102" machi="86" ten="40,1300,0" yaku="8,1" doraHai="119" who="3" fromWho="0" sc="278,-13,97,0,406,0,209,23" /><INIT seed="3,0,0,2,2,69" ten="265,97,406,232" oya="3" hai0="18,92,9,79,125,43,81,67,122,98,39,5,76" hai1="42,57,19,50,94,126,134,64,26,129,73,35,102" hai2="74,133,41,95,105,54,34,38,109,106,100,58,17" hai3="128,28,25,21,45,112,135,82,97,20,89,91,48"/><W62/><G112/><T53/><D122/><U4/><E73/><V86/><F74/><W52/><G128/><T0/><D125/><U60/><E126/><V114/><F114/><W131/><G131/><T55/><D67/><U56/><E129/><V83/><F34/><W116/><G116/><T87/><D18/><U96/><E134/><V124/><F133/><W16/><G135/><T47/><D79/><U23/><E35/><V85/><F124/><W90/><G62/><T44/><D44/><U3/><E3/><V117/><F106/><W127/><G127/><T31/><D31/><U63/><E4/><V119/><F105/><W6/><G6/><T78/><D78/><U70/><E70/><V2/><F2/><W37/><G37/><T40/><D40/><U103/><E42/><V61/><F41/><W115/><G115/><T101/><AGARI ba="0,0" hai="0,5,9,39,43,47,53,55,76,81,87,92,98,101" machi="101" ten="20,2700,0" yaku="0,1,7,1,52,1" doraHai="69" who="0" fromWho="0" sc="265,27,97,-7,406,-7,232,-13" owari="292,9.2,90,-41.0,399,49.9,219,-18.1" /></mjloggm>