<mjloggm ver="2.3"><GO type="225" lobby="0"/><UN n0="%63%62%69%73%6B%65%74" n1="%E3%81%BE%E3%81%A8%E3%81%9F" n2="%E5%8D%A0%E3%81%84%E5%B8%AB%E8%A3%8F%E3%81%AA%E3%81%84%E3%81%97" n3="%6D%75%75%6D%75%72%61" dan="16,16,16,17" rate="2063.42,2071.17,2115.57,2142.46" sx="M,M,M,F"/><TAIKYOKU oya="0"/><INIT seed="0,0,0,4,5,84" ten="250,250,250,250" oya="0" hai0="127,11,18,7,92,2,99,51,0,103,39,73,115" hai1="43,93,20,30,126,19,96,124,108,65,6,133,15" hai2="22,85,54,114,58,12,101,63,45,46,135,113,80" hai3="14,56,50,4,88,117,87,74,79,110,17,23,121"/><T104/><D115/><U53/><E108/><V68/><F135/><W102/><G117/><T134/><D39/><U119/><E119/><V90/><F68/><W60/><G110/><T32/><D134/><U120/><E120/><V106/><F106/><W129/><G121/><T33/><D2/><U34/><E133/><V1/><F1/><W44/><G129/><T83/><D127/><U76/><E43/><V57/><F101/><W100/><G4/><T72/><D51/><U16/><E6/><V8/><F22/><W31/><G31/><T26/><D104/><U13/><E65/><V36/><F36/><W38/><G79/><T94/><D94/><U70/><E70/><V81/><F81/><N who="3" m="49263" /><G74/><T132/><D132/><U9/><E53/><N who="2" m="34223" /><F114/><W98/><G98/><T97/><D97/><U107/><E76/><V37/><F37/><W10/><G23/><T40/><D40/><U49/><E49/><N who="2" m="31055" /><F113/><W125/><G125/><T55/><D55/><U82/><E107/><V123/><F123/><W128/><G128/><T25/><D73/><U89/><E82/><V62/><F62/><W35/><G35/><T75/><D75/><U59/><REACH who="1" step="1"/><E59/><REACH who="1" ten="250,240,250,250" step="2"/><V69/><F69/><W61/><G38/><T112/><D112/><U42/><E42/><V67/><F67/><N who="3" m="39303" /><G61/><T52/><D72/><U47/><E47/><V105/><F105/><W122/><G122/><T71/><D83/><U91/><E91/><V86/><F46/><W111/><G111/><T95/><D71/><U116/><E116/><V41/><F45/><W64/><G64/><T66/><D66/><U131/><E131/><RYUUKYOKU ba="0,1" sc="250,-15,240,15,250,-15,250,15" hai1="9,13,15,16,19,20,30,34,89,93,96,124,126" hai3="10,14,17,44,50,100,102" /><INIT seed="1,1,1,3,2,33" ten="235,255,235,265" oya="1" hai0="50,1,39,56,16,80,121,32,109,119,60,3,57" hai1="27,87,132,73,53,10,105,4,25,7,88,13,79" hai2="61,98,34,113,93,95,37,12,45,70,42,106,96" hai3="89,131,74,81,51,35,100,116,6,124,129,92,75"/><U85/><E73/><V69/><F34/><W99/><G35/><T55/><D119/><U19/><E105/><V64/><F106/><W8/><G116/><T54/><D32/><U24/><E132/><V0/><F113/><W15/><G124/><T17/><D39/><U63/><E85/><V130/><F130/><N who="3" m="49675" /><G51/><T20/><D109/><U114/><E79/><V43/><F12/><W28/><G28/><T122/><D80/><U102/><E102/><V72/><F72/><N who="3" m="27691" /><G81/><T135/><D135/><U94/><E114/><V118/><F118/><W29/><G29/><T86/><D86/><U110/><E110/><V11/><F43/><W46/><G46/><T117/><D117/><U97/><E87/><V48/><F48/><W112/><G112/><T101/><D101/><AGARI ba="1,1" hai="6,8,15,89,92,99,100,101" m="27691,49675" machi="101" ten="30,1000,0" yaku="19,1" doraHai="33" who="3" fromWho="0" sc="235,-13,255,0,235,0,265,23" /><INIT seed="2,0,0,0,5,5" ten="222,255,235,288" oya="2" hai0="28,80,39,35,36,70,93,83,105,78,112,13,119" hai1="75,120,129,123,114,99,113,122,118,82,15,121,21" hai2="26,59,43,95,12,124,53,84,19,134,133,108,128" hai3="77,89,34,9,85,18,67,54,32,57,23,30,94"/><V11/><F124/><W51/><G77/><T98/><D112/><N who="1" m="43115" /><E21/><V27/><F128/><W62/><G30/><T115/><D115/><U24/><E24/><V29/><F43/><W40/><G40/><T68/><D119/><U125/><N who="1" m="30720" /><DORA hai="10" /><U101/><E15/><V31/><F108/><W102/><G102/><T71/><D105/><N who="1" m="63679" /><E125/><V60/><F95/><W91/><G91/><T130/><D130/><U61/><E61/><V88/><F29/><W69/><REACH who="3" step="1"/><G9/><REACH who="3" ten="222,255,235,278" step="2"/><T79/><D79/><N who="1" m="44415" /><E129/><V87/><F31/><W90/><G90/><T65/><D78/><U16/><E16/><V1/><F88/><W37/><G37/><T6/><D39/><U58/><E118/><V96/><F11/><W135/><G135/><T42/><D36/><U56/><AGARI ba="0,1" hai="56,58" m="44415,63679,30720,43115" machi="56" ten="60,2000,0" yaku="13,1" doraHai="5,10" who="1" fromWho="1" sc="222,-5,255,30,235,-10,278,-5" /><INIT seed="3,0,0,5,5,93" ten="217,285,225,273" oya="3" hai0="122,53,115,99,32,107,104,34,89,103,79,74,47" hai1="76,83,98,62,75,49,78,80,87,25,22,130,33" hai2="50,38,111,44,92,28,86,112,17,16,126,96,101" hai3="95,57,119,105,27,10,23,35,13,128,2,127,132"/><W124/><G105/><T14/><D122/><U70/><E130/><V118/><F112/><W64/><G119/><T106/><D115/><U19/><E33/><V84/><F118/><W133/><G35/><T81/><D89/><U131/><E131/><V56/><F38/><W94/><G2/><T20/><D107/><U30/><E49/><V36/><F111/><W3/><G3/><T41/><D106/><U113/><E113/><V54/><F28/><N who="3" m="17535" /><G57/><T40/><D53/><U97/><E70/><V120/><F126/><N who="3" m="48171" /><G64/><T108/><D108/><U66/><E30/><V58/><F120/><W46/><G46/><T114/><D114/><U82/><E82/><V55/><F36/><W24/><G24/><T110/><D110/><U77/><E77/><V73/><F73/><W6/><G128/><T117/><D117/><U21/><E21/><V90/><F44/><W7/><G7/><T4/><D41/><U5/><E5/><V37/><F37/><W31/><G31/><T8/><REACH who="0" step="1"/><D20/><REACH who="0" ten="207,285,225,273" step="2"/><U0/><E0/><V9/><F9/><W39/><G39/><AGARI ba="0,1" hai="4,8,14,32,34,39,40,47,74,79,81,99,103,104" machi="39" ten="30,7700,0" yaku="1,1,2,1,7,1,52,1,53,0" doraHai="93" doraHaiUra="129" who="0" fromWho="3" sc="207,87,285,0,225,0,273,-77" /><INIT seed="4,0,0,2,1,126" ten="294,285,225,196" oya="0" hai0="95,52,14,94,18,93,62,134,120,38,29,9,64" hai1="23,17,132,28,34,85,46,2,92,90,16,81,97" hai2="127,5,61,41,20,107,32,80,108,128,45,86,8" hai3="51,102,21,125,76,116,31,42,115,30,26,47,69"/><T100/><D120/><U110/><E110/><V111/><F107/><W121/><G116/><T131/><D131/><U105/><E2/><V48/><F127/><W133/><G125/><T15/><D38/><U112/><E132/><V135/><F32/><W49/><G133/><T130/><D130/><U71/><E71/><V106/><F106/><W44/><G69/><T82/><D134/><U89/><E34/><V98/><F98/><W109/><G109/><T88/><D29/><U129/><E129/><V123/><F123/><W119/><G119/><T78/><D15/><U11/><E105/><V122/><F122/><W84/><G121/><T56/><D100/><U0/><E112/><V37/><F37/><W24/><G115/><T39/><D39/><U118/><E118/><V50/><F50/><W35/><G102/><T124/><D124/><U10/><E46/><V66/><F20/><W63/><G63/><T25/><D25/><N who="1" m="16447" /><E0/><V65/><F135/><W79/><REACH who="3" step="1"/><G84/><REACH who="3" ten="294,285,225,186" step="2"/><N who="0" m="48215" /><D64/><U53/><E53/><AGARI ba="0,1" hai="21,24,26,30,31,35,42,44,47,49,51,53,76,79" machi="53" ten="30,2000,0" yaku="1,1,7,1,53,0" doraHai="126" doraHaiUra="54" who="3" fromWho="1" sc="294,0,285,-20,225,0,186,30" /><INIT seed="5,0,0,4,3,82" ten="294,265,225,216" oya="1" hai0="57,46,36,70,120,33,51,65,130,77,93,50,24" hai1="6,115,62,123,73,96,12,52,49,133,74,97,122" hai2="41,0,64,3,106,32,127,129,72,4,23,125,7" hai3="118,94,121,116,61,40,22,38,66,26,117,108,21"/><U30/><E133/><V101/><F72/><W15/><G121/><T28/><D120/><U88/><E115/><V132/><F41/><W113/><G108/><T124/><D77/><U35/><E122/><V16/><F64/><W86/><G113/><T31/><D31/><U53/><E74/><V45/><F45/><N who="3" m="23703" /><G15/><T14/><D130/><U131/><E73/><V43/><F43/><W54/><G54/><N who="0" m="31959" /><D14/><U69/><E131/><V109/><F101/><W79/><G26/><T83/><D83/><U60/><E69/><V104/><F109/><W111/><G111/><T63/><D93/><N who="1" m="56359" /><E35/><V91/><F32/><W80/><G94/><T92/><D92/><U56/><E30/><V103/><BYE who="0" /><F104/><W19/><G19/><T25/><D25/><U126/><E126/><N who="2" m="48139" /><F129/><W71/><AGARI ba="0,0" hai="21,22,61,66,71,79,80,86,116,117,118" m="23703" machi="71" ten="30,2000,0" yaku="12,1,52,1" doraHai="82" who="3" fromWho="3" sc="294,-5,265,-10,225,-5,216,20" /><INIT seed="6,0,0,5,0,77" ten="289,255,220,236" oya="2" hai0="79,64,65,14,106,111,109,52,133,99,56,6,68" hai1="45,100,25,58,125,54,87,34,103,84,33,51,49" hai2="75,80,129,47,18,115,43,83,95,20,91,101,92" hai3="122,76,36,116,48,40,3,32,105,96,67,120,31"/><V131/><F75/><W86/><G116/><T13/><D13/><U124/><E25/><N who="2" m="14487" /><F115/><W117/><G117/><T97/><D97/><U16/><E16/><V11/><F11/><W27/><G36/><T88/><D88/><U132/><E58/><V62/><F62/><W61/><G3/><T118/><D118/><U72/><E54/><V113/><F113/><W98/><G98/><T4/><D4/><U89/><E89/><UN n0="%63%62%69%73%6B%65%74" /><V85/><F95/><W59/><G40/><T74/><D133/><U71/><E72/><V1/><F1/><W60/><G48/><T0/><D0/><U57/><E57/><V39/><F101/><W12/><G12/><T17/><D6/><U38/><E71/><V108/><F108/><W126/><G61/><T110/><D68/><U41/><E38/><V9/><F9/><W15/><G15/><T26/><D26/><U29/><E29/><V73/><F73/><W53/><G53/><T44/><D106/><U37/><E37/><V121/><F121/><W119/><G119/><T128/><D99/><U7/><E41/><V55/><F55/><W81/><REACH who="3" step="1"/><G126/><REACH who="3" ten="289,255,220,226" step="2"/><T10/><D44/><U90/><E124/><V28/><F28/><W22/><G22/><T82/><REACH who="0" step="1"/><D128/><AGARI ba="0,1" hai="39,43,47,80,83,85,91,92,128,129,131" m="14487" machi="128" ten="30,5800,0" yaku="19,1,52,2" doraHai="77" who="2" fromWho="0" sc="289,-58,255,0,220,68,226,0" /><INIT seed="6,1,0,4,1,131" ten="231,255,288,226" oya="2" hai0="94,107,10,116,5,50,45,124,55,103,105,123,89" hai1="114,22,122,57,97,81,19,43,51,60,121,18,119" hai2="37,76,92,108,93,56,90,84,28,70,126,6,125" hai3="30,83,65,85,133,24,66,11,91,73,41,15,48"/><V96/><F70/><W98/><G73/><T127/><D123/><N who="1" m="47115" /><E119/><V46/><F28/><W25/><G133/><T72/><D72/><U36/><E97/><V79/><F6/><W80/><G80/><T78/><D78/><U27/><E81/><V21/><F21/><W69/><G69/><T75/><D75/><U109/><E109/><V47/><F108/><W95/><G41/><T49/><D49/><U32/><E32/><V34/><F34/><W134/><G48/><T54/><D54/><U31/><E36/><V58/><F37/><W16/><G134/><T106/><D103/><U2/><E2/><V101/><F125/><W42/><G42/><T39/><D39/><U102/><E102/><V17/><F17/><W59/><G59/><N who="2" m="22569" /><F126/><N who="0" m="48170" /><D116/><U38/><E114/><V135/><F135/><W86/><G86/><N who="0" m="52535" /><D107/><U26/><E38/><V87/><F84/><W35/><REACH who="3" step="1"/><G25/><REACH who="3" ten="231,255,288,216" step="2"/><T115/><D115/><U77/><E26/><V99/><F87/><W23/><G23/><T129/><D129/><U111/><E111/><V113/><F113/><W104/><G104/><T0/><AGARI ba="1,1" hai="0,5,10,45,50,55,105,106" m="52535,48170" machi="0" ten="30,1100,0" yaku="18,1" doraHai="131" who="0" fromWho="0" sc="231,24,255,-4,288,-6,216,-4" /><INIT seed="7,0,0,3,1,46" ten="255,251,282,212" oya="3" hai0="60,132,125,87,32,18,21,96,75,79,85,51,50" hai1="10,111,113,11,134,72,59,1,13,115,5,63,58" hai2="90,64,92,22,102,37,52,49,3,7,54,126,62" hai3="135,69,123,2,47,120,95,68,66,44,128,20,84"/><W80/><G2/><T25/><D32/><U24/><E111/><V4/><F37/><W118/><G118/><T110/><D110/><U97/><E72/><V130/><F3/><W101/><G128/><T36/><D36/><U131/><E131/><V65/><F102/><W55/><G135/><T35/><D35/><U77/><E134/><V94/><F126/><W116/><G116/><T117/><D117/><U30/><E77/><V76/><F76/><W6/><G6/><T133/><D133/><U108/><E97/><V31/><F22/><W61/><G69/><T109/><D109/><U8/><E108/><V91/><F62/><W48/><G47/><T98/><D132/><U12/><E58/><V16/><F31/><W88/><REACH who="3" step="1"/><G20/><REACH who="3" ten="255,251,282,202" step="2"/><T53/><D125/><U74/><E74/><V67/><F4/><W0/><G0/><T114/><D75/><U27/><E1/><V71/><F7/><W14/><G14/><N who="1" m="5738" /><E5/><V43/><F71/><W38/><G38/><T33/><D33/><U103/><E30/><V19/><F130/><W105/><G105/><T104/><D104/><U39/><E39/><V93/><F19/><W86/><G86/><T73/><D73/><U56/><E56/><V9/><F16/><W99/><AGARI ba="0,1" hai="44,48,55,61,66,68,80,84,88,95,99,101,120,123" machi="99" ten="30,11700,0" yaku="1,1,0,1,52,1,54,1,53,0" doraHai="46" doraHaiUra="129" who="3" fromWho="3" sc="255,-39,251,-39,282,-39,202,127" owari="216,-18.4,212,-28.8,243,4.3,329,42.9" /></mjloggm>