<mjloggm ver="2.3"><GO type="225" lobby="0"/><UN n0="%E7%99%BD%E9%9B%AA%E4%B9%83%E6%84%9B" n1="%E3%83%A9%E3%83%96%E3%83%AC%E3%83%BC" n2="%2D%E8%B1%8A%E5%8F%A3%E3%82%81%E3%81%90%E3%81%BF%2D" n3="%6D%75%75%6D%75%72%61" dan="16,18,16,16" rate="2050.04,2172.74,2106.75,2133.93" sx="F,M,F,F"/><TAIKYOKU oya="0"/><INIT seed="0,0,0,4,5,87" ten="250,250,250,250" oya="0" hai0="102,68,109,70,40,125,5,24,94,26,135,72,42" hai1="114,80,126,85,52,17,82,48,133,119,100,123,50" hai2="10,14,49,79,20,132,6,131,34,58,73,36,37" hai3="51,13,111,21,84,23,60,29,91,78,9,122,53"/><T76/><D5/><U113/><E123/><V57/><F34/><W31/><G111/><T7/><D7/><U69/><E69/><V108/><F108/><W8/><G60/><T88/><D109/><U54/><E133/><V107/><F107/><W27/><G78/><T0/><D0/><U11/><E126/><V44/><F132/><W120/><G120/><T130/><D135/><U62/><E100/><V89/><F37/><W95/><G122/><T112/><D112/><N who="1" m="43115" /><E62/><V45/><F45/><W39/><G39/><T75/><D102/><U128/><E128/><V16/><F36/><W47/><G13/><T46/><D125/><U15/><E119/><V86/><F79/><W115/><G115/><T61/><D130/><U121/><E121/><V104/><F73/><W99/><G84/><T33/><D76/><N who="1" m="46215" /><E82/><N who="2" m="49367" /><F104/><W22/><REACH who="3" step="1"/><G29/><REACH who="3" ten="250,250,250,240" step="2"/><T116/><D61/><U129/><E129/><V19/><F131/><W12/><G12/><T67/><D72/><U118/><E118/><V4/><F4/><W81/><G81/><T127/><D116/><U35/><E35/><AGARI ba="0,1" hai="8,9,21,22,23,27,31,35,47,51,53,91,95,99" machi="35" ten="40,2600,0" yaku="1,1,52,1,53,0" doraHai="87" doraHaiUra="56" who="3" fromWho="1" sc="250,0,250,-26,250,0,240,36" /><INIT seed="1,0,0,3,1,14" ten="250,224,250,276" oya="1" hai0="110,0,124,134,77,102,8,17,45,62,113,43,132" hai1="19,49,127,76,51,61,56,9,60,65,94,37,119" hai2="91,105,130,115,103,126,48,30,70,92,84,29,72" hai3="3,96,88,35,71,28,1,16,24,133,12,31,54"/><U82/><E119/><V129/><F70/><W33/><G71/><T83/><D113/><U75/><E37/><V90/><F48/><W27/><G54/><T98/><D110/><U55/><E127/><V6/><F6/><W42/><G42/><T97/><D124/><U118/><E118/><V106/><F126/><W39/><G39/><T78/><D62/><U81/><E81/><V21/><F72/><W11/><G133/><N who="0" m="51307" /><D0/><U131/><E131/><N who="2" m="50187" /><F103/><W44/><G44/><T15/><D83/><U85/><E75/><V22/><F115/><W135/><G135/><T25/><D25/><U59/><E94/><AGARI ba="0,0" hai="1,3,11,12,16,24,27,28,31,33,35,88,94,96" machi="94" ten="40,8000,1" yaku="9,1,52,1,54,2" doraHai="14" who="3" fromWho="1" sc="250,0,224,-80,250,0,276,80" /><INIT seed="2,0,0,3,5,130" ten="250,144,250,356" oya="2" hai0="88,11,96,121,9,111,73,72,37,104,29,21,78" hai1="91,134,50,65,100,93,16,87,5,3,80,62,13" hai2="118,61,45,39,128,23,22,112,10,122,92,58,133" hai3="110,48,1,94,77,123,7,79,8,98,82,17,52"/><V86/><F122/><W95/><G123/><T2/><D121/><U26/><E3/><V47/><F118/><W114/><G110/><T36/><D111/><U53/><E5/><V57/><F112/><W27/><G114/><T97/><D104/><U116/><E116/><V15/><F128/><W89/><G82/><T34/><D34/><U0/><E0/><V42/><F45/><W20/><G94/><T90/><D2/><U99/><E26/><V108/><F108/><W85/><G85/><T12/><D21/><U31/><E31/><V44/><F44/><AGARI ba="0,0" hai="1,7,8,17,20,27,44,48,52,77,79,89,95,98" machi="44" ten="30,2000,0" yaku="7,1,54,1" doraHai="130" who="3" fromWho="2" sc="250,0,144,0,250,-20,356,20" /><INIT seed="3,0,0,3,2,116" ten="250,144,230,376" oya="3" hai0="50,71,120,54,60,62,105,87,3,98,56,5,15" hai1="104,22,11,48,16,121,34,14,1,112,114,115,41" hai2="75,91,47,32,107,100,131,4,97,12,20,6,130" hai3="24,46,78,76,31,89,39,10,28,35,133,88,125"/><W86/><G31/><T13/><D120/><U43/><E104/><V73/><F32/><W65/><G133/><T118/><D118/><U74/><E74/><V103/><F47/><W82/><G125/><T83/><D3/><U53/><E43/><V66/><F66/><W90/><G78/><T61/><D71/><U102/><E102/><V113/><F113/><W25/><G25/><T135/><D135/><U81/><E41/><V23/><F12/><N who="0" m="4682" /><D105/><U29/><E81/><V126/><F107/><W64/><G46/><N who="0" m="27991" /><D98/><U67/><E67/><V33/><F97/><W38/><G64/><N who="0" m="38919" /><D5/><N who="1" m="1455" /><E53/><V123/><F91/><AGARI ba="0,0" hai="61,62,83,87,91" m="38919,27991,4682" machi="91" ten="30,1000,0" yaku="8,1" doraHai="116" who="0" fromWho="2" sc="250,10,144,0,230,-10,376,0" owari="260,6.0,144,-35.6,220,-18.0,376,47.6" /></mjloggm>