<mjloggm ver="2.3"><GO type="225" lobby="0"/><UN n0="%E5%AF%82%E5%AF%9E%E3%82%AE%E3%83%8D%E3%82%B9%E3%83%93%E3%83%BC%E3%83%AB" n1="%E8%81%B7%E6%A5%AD%E3%80%81%E9%A2%A8%32" n2="%62%6F%6E%6F%73%2E%2E" n3="%E3%83%94%E3%82%B3%E3%83%9E%E3%82%B9%E3%83%86%E3%82%A3%E3%83%95" dan="16,16,17,17" rate="2155.50,2137.99,2225.53,2178.55" sx="M,M,M,M"/><TAIKYOKU oya="0"/><INIT seed="0,0,0,5,3,69" ten="250,250,250,250" oya="0" hai0="43,99,55,127,45,119,98,13,6,31,89,3,4" hai1="129,8,128,5,125,84,120,130,91,53,33,35,134" hai2="70,66,85,103,115,34,47,94,46,90,95,74,28" hai3="39,123,23,118,59,51,81,7,72,41,1,12,32"/><T79/><D119/><U54/><E120/><V10/><F115/><W100/><G32/><N who="1" m="12362" /><E125/><V61/><F74/><W121/><G100/><T135/><D127/><U110/><E110/><V56/><F70/><W50/><G12/><T29/><D135/><U122/><E134/><V0/><F34/><W62/><G23/><T37/><D79/><U17/><E17/><V113/><F113/><W82/><G118/><T40/><D3/><N who="1" m="63" /><E122/><N who="3" m="46602" /><G7/><T24/><D55/><U106/><E106/><V14/><F28/><W80/><G72/><T117/><D117/><U108/><E108/><V116/><F0/><W97/><G97/><T30/><D24/><U15/><E15/><V9/><F9/><W36/><G1/><T105/><D13/><U49/><E49/><N who="3" m="18442" /><G41/><T86/><D43/><U102/><E102/><V27/><F27/><W48/><N who="3" m="18450" /><W42/><DORA hai="87" /><G42/><T133/><D133/><U64/><E64/><AGARI ba="0,0" hai="36,39,59,62,64,80,81,82" m="18450,46602" machi="64" ten="40,5200,0" yaku="13,1,52,2" doraHai="69,87" who="3" fromWho="1" sc="250,0,250,-52,250,0,250,52" /><INIT seed="1,0,0,2,4,107" ten="250,198,250,302" oya="1" hai0="26,2,84,71,86,43,21,37,32,121,33,81,134" hai1="28,135,72,6,44,95,116,4,78,10,97,117,11" hai2="94,8,90,82,40,76,99,70,3,49,42,61,25" hai3="65,35,55,100,18,108,0,46,64,14,110,9,59"/><U48/><E135/><V60/><F70/><W131/><G35/><T24/><D71/><U68/><E68/><V45/><F40/><W36/><G100/><T79/><D2/><U63/><E63/><V96/><F99/><W7/><G131/><T13/><D134/><U89/><E28/><V122/><F122/><W12/><G46/><T5/><D121/><U54/><E72/><V85/><F3/><W39/><G0/><T22/><D43/><U56/><E78/><V132/><F132/><W50/><G65/><T133/><D37/><U83/><E83/><V41/><F41/><W38/><REACH who="3" step="1"/><G64/><REACH who="3" ten="250,198,250,292" step="2"/><T118/><D33/><U69/><E69/><V19/><F8/><AGARI ba="0,1" hai="7,8,9,12,14,18,36,38,39,50,55,59,108,110" machi="8" ten="50,6400,0" yaku="1,1,2,1,53,1" doraHai="107" doraHaiUra="47" who="3" fromWho="2" sc="250,0,198,0,250,-64,292,74" /><INIT seed="2,0,0,1,5,52" ten="250,198,186,366" oya="2" hai0="101,106,91,105,11,102,107,45,44,111,116,46,62" hai1="17,24,67,113,129,122,38,123,81,96,103,84,89" hai2="29,16,7,100,71,25,70,2,48,57,121,85,47" hai3="134,118,42,18,23,6,77,61,32,76,22,125,14"/><V130/><F121/><N who="1" m="46089" /><E38/><V131/><F100/><W104/><G118/><T35/><D116/><U74/><E67/><V59/><F85/><W10/><G32/><T63/><D35/><U0/><E0/><V34/><F7/><W135/><G104/><T93/><D11/><U87/><E17/><V112/><F2/><W92/><G125/><T8/><D8/><U80/><E24/><V27/><F112/><W55/><G42/><T110/><D91/><N who="1" m="51591" /><E113/><V43/><F70/><W132/><G92/><T127/><D93/><N who="1" m="58767" /><E74/><V79/><F71/><W21/><G18/><T120/><D127/><U126/><E126/><V26/><F79/><W4/><G4/><T51/><D120/><U119/><E119/><V31/><F31/><W20/><G20/><T54/><D102/><U50/><E50/><V9/><F26/><W88/><G88/><T49/><D101/><U56/><E56/><AGARI ba="0,0" hai="6,10,14,21,22,23,55,56,61,76,77,132,134,135" machi="56" ten="50,3200,0" yaku="20,1,52,1" doraHai="52" who="3" fromWho="1" sc="250,0,198,-32,186,0,366,32" /><INIT seed="3,0,0,4,5,68" ten="250,166,186,398" oya="3" hai0="26,78,32,127,76,44,35,91,92,42,104,0,64" hai1="131,14,62,112,20,8,6,51,125,133,114,15,23" hai2="81,101,75,88,73,121,28,48,132,69,90,47,19" hai3="12,3,130,82,18,98,116,25,107,106,71,31,102"/><W27/><G3/><T24/><D104/><U45/><E125/><V95/><F69/><W79/><G71/><T134/><D0/><U118/><E131/><V72/><F28/><W70/><G70/><T21/><D64/><U80/><E118/><V59/><F132/><W87/><G116/><T122/><D122/><U77/><E133/><V83/><F59/><W4/><G4/><T124/><D134/><U120/><E62/><V52/><F121/><W99/><G130/><T74/><D35/><U49/><E49/><V109/><F109/><W55/><G55/><T5/><D5/><U111/><E120/><V22/><F101/><W135/><G135/><T39/><D32/><U67/><E111/><V17/><F88/><W46/><G46/><T115/><D26/><U7/><E67/><V53/><F53/><W10/><G31/><N who="0" m="17807" /><D74/><U65/><E65/><V30/><F30/><W96/><G96/><N who="0" m="57375" /><D115/><U113/><E15/><V93/><F17/><W66/><G66/><T63/><D63/><U33/><E7/><V50/><F50/><W129/><G129/><T43/><D43/><U89/><E33/><V100/><F95/><W84/><G84/><T57/><D57/><U56/><E89/><V97/><F90/><W37/><G102/><T41/><D41/><N who="1" m="25007" /><E56/><V105/><REACH who="2" step="1"/><F105/><REACH who="2" ten="250,166,176,398" step="2"/><W54/><G107/><T16/><D127/><U38/><E38/><V29/><F29/><W103/><G37/><T86/><D124/><U2/><E2/><V61/><F61/><W126/><G106/><T117/><D39/><U40/><E40/><V1/><F1/><W108/><G126/><RYUUKYOKU ba="0,1" sc="250,-15,166,15,176,15,398,-15" hai1="6,8,14,20,23,77,80,112,113,114" hai2="19,22,47,48,52,72,73,75,81,83,93,97,100" owari="235,3.5,181,-31.9,191,-20.9,393,49.3" /></mjloggm>