<mjloggm ver="2.3"><GO type="225" lobby="0"/><UN n0="%48%61%61%61%6C%61%6E%64" n1="%E3%81%AF%E3%82%88%E3%81%8A%E3%81%98%E3%81%95%E3%82%93" n2="%E3%81%B7%E3%82%8A%E3%82%93%E8%81%96%E4%BA%BA" n3="%4E%49%4A%49%49%52%4F" dan="17,16,16,16" rate="2250.75,2199.23,2113.65,2184.54" sx="M,M,M,M"/><TAIKYOKU oya="0"/><INIT seed="0,0,0,0,5,75" ten="250,250,250,250" oya="0" hai0="115,97,35,71,102,60,88,95,124,28,39,46,122" hai1="79,42,29,8,45,34,92,51,108,134,101,100,5" hai2="68,19,9,1,125,33,37,69,10,84,36,44,109" hai3="78,16,64,93,111,132,67,70,130,32,47,128,89"/><T26/><D115/><U56/><E108/><V99/><F33/><W81/><G111/><T13/><D122/><U85/><E134/><V121/><F121/><W103/><G32/><T59/><D124/><U80/><E34/><V112/><F84/><W98/><G132/><T106/><D13/><N who="1" m="5263" /><E29/><V21/><F21/><W43/><G103/><N who="1" m="39498" /><E56/><V48/><F99/><W62/><G64/><T127/><D127/><U63/><E63/><V50/><F125/><W94/><G94/><AGARI ba="0,0" hai="42,45,51,79,80,85,92,94" m="39498,5263" machi="94" ten="30,3900,0" yaku="25,1,8,1,52,1" doraHai="75" who="1" fromWho="3" sc="250,0,250,39,250,0,250,-39" /><INIT seed="1,0,0,5,3,77" ten="250,289,250,211" oya="1" hai0="50,118,5,135,34,80,26,134,28,99,103,53,123" hai1="113,20,38,97,121,24,44,56,90,6,93,16,40" hai2="131,36,13,100,12,47,132,125,35,51,107,11,27" hai3="119,120,49,105,15,29,76,78,31,109,128,117,62"/><U116/><E116/><N who="3" m="44618" /><G120/><T66/><D118/><U82/><E121/><V7/><F36/><W45/><G105/><T57/><D123/><U124/><E124/><V69/><F69/><W127/><G127/><T60/><D5/><U18/><E113/><V72/><F72/><W83/><G128/><T8/><D8/><U92/><E6/><V33/><F107/><W81/><G62/><T84/><D99/><U37/><E38/><V110/><F100/><W61/><G61/><T14/><D14/><U88/><E56/><V30/><F125/><W101/><G101/><T98/><D98/><U19/><E82/><N who="3" m="31242" /><G109/><T64/><D103/><U48/><E37/><V96/><F110/><W115/><G115/><T4/><D4/><U122/><E122/><V108/><F108/><W85/><G85/><AGARI ba="0,0" hai="16,18,19,20,24,40,44,48,85,88,90,92,93,97" machi="85" ten="30,11600,0" yaku="7,1,8,1,54,2" doraHai="77" who="1" fromWho="3" sc="250,0,289,116,250,0,211,-116" /><INIT seed="1,1,0,4,1,26" ten="250,405,250,95" oya="1" hai0="75,23,72,112,1,84,66,51,99,82,52,83,2" hai1="106,49,39,30,132,0,121,36,53,131,91,46,96" hai2="89,119,86,105,128,14,93,17,98,134,80,50,44" hai3="135,55,95,115,8,127,32,71,117,27,56,61,48"/><U118/><E121/><V81/><F119/><W7/><G127/><T78/><D112/><U92/><E118/><V13/><F128/><W10/><G135/><T126/><D126/><U15/><E0/><V54/><F134/><W25/><G115/><T74/><D66/><U42/><E132/><V5/><F105/><W35/><G117/><T57/><D83/><U73/><E73/><V67/><F67/><W63/><G71/><T60/><D99/><U59/><E131/><V28/><F28/><W37/><G37/><T43/><REACH who="0" step="1"/><D23/><REACH who="0" ten="240,405,250,95" step="2"/><U4/><E106/><V47/><F98/><W65/><G65/><T40/><D40/><U103/><E103/><V110/><F110/><W21/><G35/><T111/><D111/><U20/><E20/><N who="2" m="11311" /><F47/><AGARI ba="1,1" hai="1,2,43,47,51,52,57,60,72,74,75,78,82,84" machi="47" ten="40,2600,0" yaku="1,1,54,1,53,0" doraHai="26" doraHaiUra="3" who="0" fromWho="2" sc="240,39,405,0,250,-29,95,0" /><INIT seed="2,0,0,1,2,85" ten="279,405,221,95" oya="2" hai0="12,4,122,73,120,113,117,134,40,28,107,127,125" hai1="61,37,115,32,44,133,128,102,33,67,94,59,63" hai2="68,13,10,93,132,46,65,29,26,50,62,17,16" hai3="14,56,52,105,23,22,126,84,108,54,30,0,34"/><V129/><F132/><W103/><G108/><T130/><D40/><U97/><E115/><V57/><F129/><W74/><G0/><T109/><D28/><U7/><E128/><V6/><F68/><W101/><G74/><T31/><D31/><U58/><E133/><V96/><F50/><W21/><G126/><T2/><D12/><U71/><E7/><V69/><F69/><W55/><G34/><T104/><D4/><U88/><E71/><V1/><F46/><W77/><G30/><T19/><D19/><U91/><E32/><V11/><F10/><W20/><N who="3" m="5120" /><DORA hai="87" /><W112/><G112/><T72/><D2/><U98/><E33/><V114/><F114/><W121/><G121/><N who="0" m="46699" /><D113/><U123/><E123/><V135/><F135/><W131/><G131/><T95/><D134/><U8/><E8/><V111/><F111/><W36/><G36/><T45/><D45/><U119/><E119/><V82/><F26/><W99/><G14/><T15/><D15/><U3/><E3/><V118/><F29/><W75/><G75/><N who="0" m="28747" /><D130/><U24/><E24/><V18/><F118/><W64/><G103/><T39/><D39/><U81/><E44/><V92/><F1/><W25/><G25/><T53/><D117/><U66/><E37/><V100/><REACH who="2" step="1"/><F82/><REACH who="2" ten="279,405,211,95" step="2"/><W35/><G35/><T110/><D110/><U116/><E81/><V51/><F51/><W42/><G42/><T80/><D80/><U47/><E47/><V86/><F86/><W49/><REACH who="3" step="1"/><G64/><REACH who="3" ten="279,405,211,85" step="2"/><T48/><D109/><U79/><E66/><V78/><F78/><W106/><G106/><AGARI ba="0,2" hai="6,11,13,16,17,18,57,62,65,92,93,96,100,106" machi="106" ten="40,7700,0" yaku="1,1,54,1,53,1" doraHai="85,87" doraHaiUra="9,83" who="2" fromWho="3" sc="279,0,405,0,211,97,85,-77" /><INIT seed="2,1,0,1,5,83" ten="279,405,308,8" oya="2" hai0="87,35,46,25,91,67,92,64,126,37,77,109,4" hai1="59,76,9,20,44,104,39,2,132,66,53,8,3" hai2="94,38,71,14,47,62,101,106,13,7,100,74,27" hai3="84,12,98,49,17,108,65,31,85,116,111,5,57"/><V61/><F74/><W96/><G116/><T69/><D109/><N who="3" m="42057" /><G5/><T125/><D4/><U93/><E104/><V21/><F106/><W102/><G31/><N who="0" m="19951" /><D77/><U70/><E76/><V127/><F127/><N who="0" m="48650" /><D69/><U68/><E68/><V117/><F117/><W1/><G1/><T78/><D78/><U19/><E70/><V16/><F71/><W34/><G34/><T22/><D22/><U55/><E66/><N who="0" m="25129" /><D46/><U63/><E8/><N who="2" m="4255" /><F38/><AGARI ba="1,0" hai="37,38,87,91,92" m="25129,48650,19951" machi="38" ten="30,2000,0" yaku="18,1,52,1" doraHai="83" who="0" fromWho="2" sc="279,23,405,0,308,-23,8,0" /><INIT seed="3,0,0,1,1,115" ten="302,405,285,8" oya="3" hai0="110,57,105,76,91,59,98,42,60,84,41,120,75" hai1="47,56,33,86,87,126,71,6,117,123,113,44,77" hai2="26,82,96,107,28,74,45,29,132,68,112,43,2" hai3="20,49,62,101,3,124,80,46,111,133,106,8,131"/><W35/><G131/><T31/><D120/><U103/><E113/><V104/><F112/><W135/><G124/><T14/><D110/><U72/><E71/><V7/><F29/><W19/><G35/><T66/><D31/><U79/><E33/><N who="2" m="20631" /><F132/><N who="3" m="50763" /><G111/><T58/><D75/><U85/><E123/><V27/><F27/><N who="3" m="14751" /><G80/><T119/><D119/><U114/><E117/><V38/><F68/><W50/><G62/><T51/><D76/><U17/><E126/><V30/><F30/><W73/><G73/><T108/><D108/><U65/><E72/><V122/><F96/><N who="3" m="61735" /><G46/><T130/><D130/><U83/><E114/><V134/><F134/><W99/><G99/><T11/><D98/><U32/><E32/><V24/><F24/><W127/><G127/><T93/><D105/><U39/><E79/><N who="2" m="44407" /><F122/><W37/><G37/><T25/><D25/><U109/><E44/><V10/><AGARI ba="0,0" hai="2,7,10,38,43,45,104,107" m="44407,20631" machi="10" ten="30,4000,0" yaku="25,1,33,2" doraHai="115" who="2" fromWho="2" sc="302,-10,405,-10,285,40,8,-20" owari="292,-10.8,395,49.5,325,12.5,-12,-51.2" /></mjloggm>