<mjloggm ver="2.3"><GO type="225" lobby="0"/><UN n0="%65%2D%73%65%70%65%6E%3B" n1="%E5%B8%86%E7%AB%8B%E5%A4%8F%E8%A1%A3" n2="%E6%A1%9C%E8%8A%B1%E9%96%83%E3%80%85" n3="%E6%81%AC%E6%B7%A1%E5%AF%82%E5%AF%9E" dan="17,17,16,16" rate="2160.29,2154.94,2150.24,2110.16" sx="M,M,M,F"/><TAIKYOKU oya="0"/><INIT seed="0,0,0,0,3,8" ten="250,250,250,250" oya="0" hai0="80,19,1,36,45,87,89,127,41,132,126,129,93" hai1="34,117,39,48,53,133,43,91,5,125,14,131,86" hai2="92,52,3,46,81,74,25,98,21,111,105,70,37" hai3="54,64,12,73,104,29,95,116,82,35,60,11,16"/><T94/><D1/><U69/><E125/><N who="0" m="47625" /><D129/><U124/><E124/><V123/><F123/><W101/><G116/><T30/><D30/><U28/><E69/><V96/><F111/><W134/><G95/><N who="0" m="36363" /><D19/><U33/><E28/><V75/><F70/><N who="3" m="42247" /><G54/><T47/><D47/><U4/><E53/><V49/><F3/><W97/><G82/><T56/><D56/><U9/><E117/><V99/><F105/><W51/><G51/><T108/><D132/><U59/><E133/><V31/><F92/><W40/><G40/><T2/><D2/><U78/><E43/><V76/><REACH who="2" step="1"/><F37/><REACH who="2" ten="250,250,240,250" step="2"/><W42/><G134/><T24/><D108/><U112/><E39/><V122/><F122/><W90/><G42/><T72/><D24/><U107/><E107/><V84/><AGARI ba="0,1" hai="21,25,31,46,49,52,74,75,76,81,84,96,98,99" machi="84" ten="30,4000,0" yaku="1,1,0,1,54,1,53,0" doraHai="8" doraHaiUra="65" who="2" fromWho="2" sc="250,-20,250,-10,240,50,250,-10" /><INIT seed="1,0,0,2,3,65" ten="230,240,290,240" oya="1" hai0="125,126,116,79,21,78,135,84,94,34,129,57,102" hai1="38,113,80,12,130,62,40,70,128,133,63,1,120" hai2="24,121,108,64,20,114,37,39,41,51,71,14,100" hai3="44,30,82,123,61,69,72,8,95,13,74,32,19"/><U86/><E113/><V107/><F14/><W83/><G123/><T0/><D34/><U50/><E120/><V45/><F121/><W75/><G95/><T110/><D0/><U87/><E1/><V124/><F114/><W105/><G105/><T22/><D116/><U15/><E38/><V7/><F7/><W89/><G89/><T46/><D135/><U59/><E133/><V119/><F119/><W53/><G44/><T91/><D110/><U104/><E104/><V36/><F124/><N who="0" m="47722" /><D129/><N who="1" m="49771" /><E87/><V67/><F108/><W122/><G122/><T127/><D102/><U48/><E63/><V81/><F81/><W85/><G85/><T6/><D6/><U23/><E40/><V58/><F58/><W17/><G75/><T54/><D46/><U117/><E117/><V2/><F2/><W26/><G74/><T52/><D54/><N who="1" m="34167" /><E70/><V56/><F71/><W118/><G118/><T109/><D109/><U29/><E29/><V88/><F56/><W3/><G3/><T9/><D127/><U73/><E73/><V66/><F100/><W106/><G106/><T10/><D79/><N who="1" m="46367" /><E15/><V77/><F107/><W98/><G72/><T27/><D78/><U115/><E115/><V35/><F77/><W132/><G132/><T18/><D57/><U31/><E31/><N who="2" m="17799" /><F35/><W33/><G33/><T134/><D134/><U68/><E68/><V25/><F25/><W5/><G69/><T93/><D84/><U101/><E101/><V28/><F28/><W76/><G76/><T97/><D27/><U90/><E90/><V111/><F88/><W42/><G32/><T4/><D91/><RYUUKYOKU ba="0,0" sc="230,-15,240,15,290,15,240,-15" hai1="12,23,48,50" hai2="36,37,39,41,45,51,64,66,67,111" /><INIT seed="1,1,0,2,2,25" ten="215,255,305,225" oya="1" hai0="135,124,57,7,40,15,90,91,121,41,87,53,28" hai1="31,55,102,101,50,0,129,103,47,66,70,44,114" hai2="119,30,43,69,26,106,51,120,85,131,115,21,134" hai3="95,29,116,5,108,127,17,22,67,10,105,94,19"/><U16/><E114/><V27/><F119/><W81/><G105/><T3/><D3/><U77/><E129/><V63/><F120/><W64/><G108/><T32/><D124/><U4/><E77/><V12/><F131/><W35/><G127/><T89/><D135/><U123/><E123/><V62/><F134/><W74/><G35/><T38/><D121/><U39/><E0/><V92/><F106/><W96/><G74/><T75/><D75/><U61/><E4/><V1/><F69/><W37/><G37/><T36/><D87/><U110/><E110/><V104/><F104/><W54/><G81/><T6/><D36/><U117/><E117/><V23/><F12/><N who="3" m="5199" /><G54/><T82/><D82/><U59/><E31/><N who="2" m="17871" /><F115/><W78/><G78/><T73/><D73/><U125/><E125/><V111/><F111/><W8/><G8/><T20/><D32/><U58/><REACH who="1" step="1"/><E16/><REACH who="1" ten="215,245,305,225" step="2"/><V128/><F128/><W93/><G116/><T100/><D28/><U60/><E60/><V98/><F1/><W42/><G29/><T14/><D6/><U56/><E56/><V122/><F122/><W133/><G17/><T49/><D7/><U33/><E33/><V24/><F24/><W46/><G133/><T126/><D126/><U52/><E52/><V109/><F109/><W71/><G71/><T113/><D113/><U2/><E2/><V79/><F79/><W76/><G76/><T11/><D20/><U86/><E86/><V130/><F130/><W72/><G72/><T112/><D112/><U68/><E68/><V97/><F30/><W84/><G22/><T13/><D13/><RYUUKYOKU ba="1,1" sc="215,-10,245,30,305,-10,225,-10" hai1="39,44,47,50,55,58,59,61,66,70,101,102,103" /><INIT seed="1,2,1,1,0,128" ten="205,275,295,215" oya="1" hai0="75,70,55,93,46,120,33,83,1,39,89,80,73" hai1="64,23,16,104,106,103,99,18,112,52,48,129,84" hai2="2,32,42,0,44,40,88,134,79,60,86,38,81" hai3="114,94,102,110,68,58,35,56,61,107,15,132,122"/><U3/><E129/><V41/><F32/><W43/><G122/><T11/><D33/><U115/><E106/><V90/><F134/><W118/><G114/><T31/><D31/><U14/><E3/><V53/><F38/><W77/><G77/><T108/><D70/><U57/><E64/><V113/><F113/><W78/><G78/><T92/><D120/><U121/><E121/><V30/><F30/><W125/><G107/><T36/><D108/><U66/><E66/><V17/><F17/><W27/><G43/><T4/><D39/><U98/><E98/><V117/><F117/><W62/><G15/><T76/><D75/><U34/><E34/><V109/><F109/><W21/><G35/><T59/><D59/><U22/><E84/><V10/><F60/><W5/><G68/><T28/><D28/><U12/><AGARI ba="2,1" hai="12,14,16,18,22,23,48,52,57,99,103,104,112,115" machi="12" ten="20,12000,1" yaku="0,1,7,1,9,1,54,2" doraHai="128" who="1" fromWho="1" sc="205,-42,275,136,295,-42,215,-42" /><INIT seed="1,3,0,4,0,103" ten="163,411,253,173" oya="1" hai0="133,33,135,41,74,3,79,68,61,65,108,85,120" hai1="10,75,39,26,93,17,2,82,94,130,86,62,112" hai2="34,102,132,100,77,21,126,24,47,76,78,29,116" hai3="107,51,0,87,46,98,4,114,11,35,60,58,122"/><U118/><E112/><V18/><F116/><W109/><G122/><T8/><D120/><U13/><E118/><V92/><F132/><N who="0" m="50762" /><D108/><U125/><E130/><V22/><F126/><W19/><G35/><T49/><D33/><U42/><E125/><V123/><F123/><W67/><G109/><T40/><D74/><U15/><E26/><N who="2" m="14647" /><F34/><W95/><G114/><T104/><D104/><U134/><E134/><V45/><F100/><W64/><G64/><T88/><D79/><N who="1" m="44415" /><E86/><V70/><F70/><W90/><G19/><T56/><D3/><U16/><E62/><V25/><F25/><W9/><G9/><T117/><D117/><U72/><E72/><V89/><F102/><W31/><G31/><T127/><D127/><U73/><E73/><V44/><F77/><W91/><G91/><T43/><D8/><N who="1" m="6183" /><E17/><V28/><F28/><W32/><G32/><T80/><D49/><U124/><E15/><V38/><F38/><W105/><REACH who="3" step="1"/><G87/><AGARI ba="3,0" hai="22,24,29,44,45,47,76,78,87,89,92" m="14647" machi="87" ten="30,1000,0" yaku="8,1" doraHai="103" who="2" fromWho="3" sc="163,0,411,0,253,19,173,-19" /><INIT seed="2,0,0,2,3,76" ten="163,411,272,154" oya="2" hai0="130,110,62,22,90,104,114,71,38,123,68,3,64" hai1="93,34,56,116,11,132,113,43,0,74,127,52,8" hai2="83,98,85,105,29,134,121,23,60,86,44,18,27" hai3="54,82,5,2,124,59,133,47,58,17,31,66,120"/><V96/><F121/><W126/><G120/><T103/><D114/><U14/><E74/><V65/><F134/><W117/><G31/><T73/><D123/><U55/><E34/><V125/><F125/><N who="3" m="48235" /><G117/><T33/><D33/><U24/><E113/><V95/><F105/><W129/><G133/><T94/><D38/><U107/><E107/><V61/><F44/><W92/><G92/><T40/><D3/><U35/><E43/><V32/><F86/><W135/><G129/><T119/><D130/><U77/><E77/><V97/><F95/><W6/><G47/><T4/><D4/><U49/><E127/><V112/><F112/><W45/><G45/><T20/><D119/><U115/><E116/><V118/><F118/><W19/><G66/><T21/><D64/><U36/><E36/><V46/><F46/><W79/><G135/><T69/><D104/><U28/><E115/><V41/><F41/><W81/><G79/><T50/><D40/><U30/><E30/><V91/><REACH who="2" step="1"/><F65/><REACH who="2" ten="163,411,262,154" step="2"/><W25/><G2/><T109/><D94/><U15/><E0/><V99/><N who="2" m="24576" /><DORA hai="101" /><V57/><F57/><N who="3" m="21515" /><G54/><T122/><D122/><U16/><E93/><V102/><F102/><W70/><G82/><T48/><D103/><U87/><E132/><V84/><F84/><W80/><G80/><T13/><D69/><U106/><E106/><V108/><F108/><W63/><G81/><T78/><D109/><U72/><E87/><V100/><F100/><W88/><G70/><T51/><D110/><U39/><E55/><V7/><F7/><W111/><G111/><T67/><D71/><RYUUKYOKU ba="0,1" sc="163,-10,411,-10,262,30,154,-10" hai2="18,23,27,29,32,60,61,83,85,91" /><INIT seed="2,1,1,1,4,106" ten="153,401,292,144" oya="2" hai0="128,130,113,31,82,79,74,90,124,34,43,87,28" hai1="122,24,4,55,44,3,66,85,105,41,125,135,103" hai2="63,8,108,22,96,98,17,68,26,0,21,29,12" hai3="114,47,49,52,42,80,1,30,89,78,76,19,61"/><V84/><F108/><W88/><G1/><T75/><D113/><U72/><E72/><N who="0" m="27689" /><D43/><U100/><E125/><V126/><F126/><W81/><G30/><N who="0" m="11307" /><D34/><U25/><E135/><V97/><F84/><W112/><G19/><T14/><D14/><U11/><E122/><V59/><F68/><W77/><G114/><T51/><D51/><U93/><E66/><V91/><F0/><W53/><G112/><T16/><D16/><U117/><E117/><V107/><F107/><W64/><G64/><T33/><D33/><U48/><E41/><V15/><F91/><N who="3" m="34891" /><G61/><T86/><D124/><U39/><E85/><N who="0" m="32265" /><D90/><U54/><E48/><V69/><F69/><W38/><G38/><T7/><D7/><U35/><E39/><V109/><F109/><W6/><G6/><T23/><D23/><U129/><E4/><N who="2" m="3079" /><F98/><W13/><G13/><T131/><D82/><AGARI ba="1,1" hai="42,47,49,52,53,76,77,78,80,81,82" m="34891" machi="82" ten="30,3900,0" yaku="8,1,54,2" doraHai="106" who="3" fromWho="0" sc="153,-42,401,0,292,0,144,52" /><INIT seed="3,0,0,2,5,54" ten="111,401,292,196" oya="3" hai0="32,116,111,75,20,12,93,76,103,16,68,50,126" hai1="63,27,40,29,4,131,36,42,122,80,3,134,57" hai2="86,14,53,46,69,96,24,117,65,87,106,95,6" hai3="33,98,105,49,133,2,100,127,73,78,60,128,70"/><W132/><G49/><T91/><D116/><U112/><E122/><V51/><F106/><W119/><G2/><T125/><D111/><U43/><E36/><V34/><F117/><W115/><G119/><T130/><D130/><U84/><E112/><V92/><F69/><W97/><G33/><T81/><D68/><U101/><E134/><N who="3" m="51818" /><G60/><T118/><D118/><U108/><E108/><V5/><F65/><W0/><G0/><T79/><D32/><U82/><E101/><N who="2" m="60551" /><F34/><W8/><G70/><T19/><D79/><U52/><E131/><V72/><F72/><W30/><G30/><T77/><D77/><U74/><E74/><V28/><F24/><W94/><G8/><T102/><D50/><U61/><E3/><V109/><F28/><W48/><G48/><T11/><D125/><U121/><E61/><V113/><F113/><W62/><G62/><T21/><D126/><U39/><E39/><V9/><F5/><W66/><G66/><T7/><D7/><U135/><E4/><V71/><F71/><W99/><G115/><T90/><D11/><U120/><E135/><V35/><F35/><W104/><G128/><T123/><D123/><U17/><E29/><V89/><F109/><W55/><G127/><T124/><D124/><U25/><E121/><V13/><F9/><W37/><G37/><T110/><D110/><U64/><E120/><V56/><F51/><W58/><G105/><T41/><D41/><U47/><E64/><V15/><F6/><W107/><G107/><T38/><D38/><U31/><E31/><V114/><F114/><W26/><G104/><RYUUKYOKU ba="0,0" sc="111,0,401,0,292,0,196,0" owari="111,-38.9,401,50.1,292,9.2,196,-20.4" /></mjloggm>