<mjloggm ver="2.3"><GO type="225" lobby="0"/><UN n0="%E3%81%95%E3%81%8D%E3%81%9F%E3%81%BE%E6%9E%97%E6%AA%8E" n1="%E6%B5%81%E3%82%8C%EF%BC%9F%53%4F%41" n2="%73%73%6B%5F%66%72%65%65" n3="%E3%82%BC%E3%83%AB%E3%83%80%E3%81%AE%E4%BC%9D%E8%AA%AC" dan="16,16,16,18" rate="2049.38,2164.78,2219.39,2175.38" sx="M,M,M,M"/><TAIKYOKU oya="0"/><INIT seed="0,0,0,4,0,98" ten="250,250,250,250" oya="0" hai0="12,133,125,109,99,32,93,78,117,84,79,38,115" hai1="92,75,21,130,28,15,128,89,90,37,103,50,18" hai2="113,52,60,44,25,48,126,96,31,105,59,34,61" hai3="102,43,46,77,47,85,118,14,91,26,87,1,129"/><T6/><D115/><U7/><E37/><V45/><F126/><W110/><G1/><T107/><D107/><U8/><E75/><V35/><F113/><W2/><G2/><T95/><D32/><U120/><E120/><V116/><F116/><W101/><G118/><T58/><D117/><U54/><E28/><V41/><F44/><W104/><G104/><T132/><D38/><U55/><E103/><N who="3" m="39434" /><G110/><T71/><D71/><U97/><E89/><V27/><F27/><W9/><G129/><N who="1" m="49770" /><E50/><V53/><F35/><W66/><G66/><T40/><D40/><U33/><E33/><V22/><F34/><W17/><G43/><T114/><D114/><U123/><E123/><V16/><F105/><W131/><G131/><T72/><D72/><U122/><E122/><V134/><F134/><W119/><G119/><T39/><D39/><U135/><E135/><V23/><F96/><W0/><G0/><AGARI ba="0,0" hai="0,7,8,15,18,21,54,55,90,92,97" m="49770" machi="0" ten="30,1000,0" yaku="19,1" doraHai="98" who="1" fromWho="3" sc="250,0,250,10,250,0,250,-10" /><INIT seed="1,0,0,5,2,104" ten="250,260,250,240" oya="1" hai0="20,103,17,21,59,85,115,54,125,127,88,24,73" hai1="26,128,10,87,51,52,94,62,45,6,1,71,130" hai2="132,109,61,100,58,67,35,113,92,57,7,68,116" hai3="72,34,84,32,15,110,41,118,63,121,108,135,133"/><U4/><E4/><V64/><F116/><W3/><G41/><T27/><D115/><U56/><E71/><V5/><F35/><N who="3" m="13355" /><G84/><T18/><D103/><U123/><E123/><V30/><F113/><W16/><G63/><T79/><D79/><U13/><E26/><V117/><F117/><W83/><G118/><T111/><D111/><N who="3" m="42537" /><G3/><T70/><D70/><U37/><E37/><V2/><F68/><W101/><G101/><T97/><D73/><U102/><E1/><V11/><F2/><W25/><G25/><T38/><D38/><U107/><E107/><V69/><F100/><W55/><G55/><T131/><D131/><U76/><E102/><V74/><F61/><W22/><G121/><T114/><D114/><U31/><E31/><V95/><F30/><W119/><G119/><T50/><REACH who="0" step="1"/><D97/><REACH who="0" ten="240,260,250,240" step="2"/><U8/><E76/><AGARI ba="0,1" hai="15,16,22,72,76,83,133,135" m="42537,13355" machi="76" ten="40,5200,0" yaku="14,1,52,1,54,1" doraHai="104" who="3" fromWho="1" sc="240,0,260,-52,250,0,240,62" /><INIT seed="2,0,0,4,0,72" ten="240,208,250,302" oya="2" hai0="93,101,117,11,130,1,68,75,46,10,102,22,9" hai1="65,91,51,129,108,48,84,127,0,29,92,119,42" hai2="105,125,123,103,80,63,106,62,83,37,88,131,126" hai3="59,36,95,64,49,87,122,97,61,26,52,67,90"/><V70/><F123/><W14/><G36/><T100/><D75/><U47/><E119/><V40/><F131/><W18/><G122/><T85/><D130/><U115/><E129/><V73/><F37/><W41/><G26/><T112/><D112/><U43/><E115/><V8/><F8/><W27/><G27/><T60/><D1/><U33/><E0/><V13/><F13/><W94/><G41/><T53/><D117/><U77/><E108/><V99/><F40/><W98/><G95/><T78/><D68/><U54/><E33/><V69/><F62/><W31/><G31/><T6/><D6/><U50/><E29/><V28/><F28/><W2/><G2/><T110/><D110/><U114/><E114/><V79/><F63/><W38/><G38/><T34/><D34/><U45/><E65/><N who="3" m="25162" /><G61/><T133/><D133/><U25/><E25/><V135/><F135/><W74/><G74/><T5/><D5/><U57/><REACH who="1" step="1"/><E127/><REACH who="1" ten="240,198,250,302" step="2"/><N who="2" m="48651" /><F69/><W32/><G32/><T81/><D22/><AGARI ba="0,1" hai="14,18,22,49,52,59,87,90,94,97,98" m="25162" machi="22" ten="30,3900,0" yaku="25,1,8,1,54,1" doraHai="72" who="3" fromWho="0" sc="240,-39,198,0,250,0,302,49" /><INIT seed="3,0,0,5,5,110" ten="201,198,250,351" oya="3" hai0="7,8,135,71,122,80,79,85,74,123,86,22,20" hai1="37,115,6,118,120,31,109,81,10,66,44,57,46" hai2="3,89,105,11,21,70,28,100,119,30,32,77,75" hai3="95,87,59,76,61,132,15,96,108,113,73,117,97"/><W49/><G49/><T26/><D71/><U124/><E120/><V68/><F21/><W111/><G15/><T101/><D135/><U24/><E109/><V131/><F131/><W5/><G59/><T50/><D101/><U103/><E115/><V47/><F89/><N who="3" m="55407" /><G61/><T128/><D128/><U133/><E37/><V18/><F18/><W54/><G54/><T0/><D50/><U104/><E133/><V64/><F30/><W51/><G51/><T98/><D98/><N who="1" m="61559" /><E81/><V13/><F47/><W40/><G40/><T72/><D72/><U112/><E112/><V2/><F75/><W19/><G87/><T35/><D35/><N who="1" m="20967" /><E57/><V36/><F68/><W41/><G41/><T63/><D22/><U39/><E39/><V69/><F36/><W58/><G58/><T114/><D114/><U12/><E124/><V34/><F70/><W53/><G53/><T130/><D130/><U56/><E56/><V65/><F32/><W27/><G27/><T14/><D0/><U48/><E48/><V67/><F2/><W93/><G73/><T99/><D99/><U107/><E107/><V94/><F105/><W45/><G97/><T62/><D123/><U121/><E121/><V23/><F34/><W88/><G113/><T33/><D122/><U125/><E125/><V29/><F23/><W116/><G111/><T127/><D127/><U4/><E118/><V106/><F119/><W9/><G116/><T43/><D33/><U91/><E66/><V42/><F64/><W55/><G117/><T92/><D92/><U90/><E4/><V83/><F69/><W102/><G108/><RYUUKYOKU ba="0,0" sc="201,-10,198,30,250,-10,351,-10" hai1="6,10,12,44,46,90,91" owari="191,-30.9,228,-17.2,240,4.0,341,44.1" /></mjloggm>