<mjloggm ver="2.3"><GO type="225" lobby="0"/><UN n0="%E5%B8%86%E7%AB%8B%E5%A4%8F%E8%A1%A3" n1="%E5%8D%A0%E3%81%84%E5%B8%AB%E8%A3%8F%E3%81%AA%E3%81%84%E3%81%97" n2="%E7%BD%AA%E5%88%91%E6%B3%95%E5%AE%9A%E4%B8%BB%E7%BE%A9" n3="%6D%75%75%6D%75%72%61" dan="16,17,16,17" rate="2114.98,2124.13,2153.64,2192.69" sx="M,M,M,F"/><TAIKYOKU oya="0"/><INIT seed="0,0,0,2,2,102" ten="250,250,250,250" oya="0" hai0="49,1,97,66,54,33,120,15,74,7,73,92,116" hai1="59,55,14,3,46,60,47,42,85,28,68,128,99" hai2="10,25,50,96,135,124,12,32,6,45,108,104,4" hai3="17,105,67,81,19,35,8,123,111,131,51,95,100"/><T65/><D120/><U39/><E3/><V22/><F108/><W41/><G123/><T64/><D116/><U38/><E28/><V110/><F110/><W69/><G35/><T78/><D33/><U132/><E85/><V36/><F124/><W119/><G131/><T37/><D37/><U20/><E128/><V126/><F126/><W21/><G95/><T122/><D1/><U79/><E79/><V98/><F135/><W107/><G119/><T91/><D122/><U27/><E14/><V75/><F75/><W90/><G100/><T114/><D114/><U112/><E99/><V130/><F36/><W0/><G111/><T86/><D78/><U31/><E132/><V72/><F72/><W77/><G90/><T9/><REACH who="0" step="1"/><D97/><REACH who="0" ten="240,250,250,250" step="2"/><U43/><E112/><V56/><F130/><W52/><G0/><T106/><D106/><U70/><AGARI ba="0,1" hai="20,27,31,38,39,42,43,46,47,55,59,60,68,70" machi="70" ten="30,2000,0" yaku="0,1,9,1" doraHai="102" who="1" fromWho="1" sc="240,-10,250,30,250,-5,250,-5" /><INIT seed="1,0,0,2,1,64" ten="230,280,245,245" oya="1" hai0="14,89,7,93,45,3,96,132,75,134,83,105,29" hai1="46,39,101,129,38,130,112,86,48,81,18,116,43" hai2="16,98,126,94,121,68,79,77,2,10,87,73,25" hai3="99,36,12,1,115,42,117,131,90,20,34,60,9"/><U26/><E112/><V50/><F121/><W114/><G34/><T32/><D3/><U110/><E116/><V67/><F73/><W107/><G117/><T124/><D45/><U135/><E101/><V70/><F126/><W84/><G131/><N who="1" m="50186" /><E135/><N who="0" m="51753" /><D124/><U78/><E110/><V127/><F127/><W37/><G1/><T103/><D32/><U22/><AGARI ba="0,0" hai="18,22,26,38,39,43,46,48,78,81,86" m="50186" machi="22" ten="30,1500,0" yaku="19,1" doraHai="64" who="1" fromWho="1" sc="230,-5,280,15,245,-5,245,-5" /><INIT seed="1,1,0,0,0,103" ten="225,295,240,240" oya="1" hai0="84,110,60,74,37,97,114,113,81,17,13,45,44" hai1="71,51,96,54,77,70,50,56,4,57,72,48,25" hai2="46,134,75,19,88,106,80,89,105,23,102,9,99" hai3="34,111,64,120,66,47,15,14,82,35,69,94,21"/><U132/><E4/><V6/><F134/><W128/><G120/><T109/><D74/><U76/><E72/><V42/><F106/><W49/><G111/><N who="0" m="42507" /><D60/><U127/><E132/><V27/><F80/><W126/><G128/><T115/><D37/><U52/><E127/><V108/><F108/><W118/><G126/><T73/><D73/><U30/><E96/><V58/><F58/><W20/><G118/><T11/><D97/><U65/><E48/><V78/><F78/><AGARI ba="1,0" hai="11,13,17,44,45,78,81,84,113,114,115" m="42507" machi="78" ten="40,1300,0" yaku="14,1" doraHai="103" who="0" fromWho="2" sc="225,16,295,0,240,-16,240,0" /><INIT seed="2,0,0,0,2,65" ten="241,295,224,240" oya="2" hai0="46,74,132,73,94,47,20,49,29,43,32,38,70" hai1="89,121,78,69,101,25,88,15,12,99,90,127,129" hai2="115,79,134,107,120,1,85,71,87,80,93,64,41" hai3="50,82,111,60,86,116,3,24,62,23,27,6,128"/><V14/><F1/><W36/><G111/><T7/><D132/><U17/><E129/><V124/><F115/><W83/><G36/><T48/><D32/><U114/><E114/><V35/><F35/><W2/><G116/><T105/><D38/><U52/><E69/><V58/><F107/><W42/><G128/><T59/><D105/><U40/><E40/><V109/><F120/><W68/><G42/><T84/><D7/><U122/><E78/><V110/><F134/><W106/><G50/><T100/><D59/><U133/><E133/><V92/><F124/><W97/><G6/><T26/><D70/><U118/><E127/><V54/><F41/><W103/><G60/><T9/><D9/><U28/><E17/><V91/><F93/><W37/><G24/><T34/><D34/><N who="1" m="20751" /><E52/><V39/><F39/><W77/><G82/><T76/><D48/><U95/><E118/><V63/><REACH who="2" step="1"/><F14/><REACH who="2" ten="241,295,214,240" step="2"/><W123/><G37/><T119/><D119/><U67/><E12/><V18/><F18/><W98/><G123/><N who="1" m="47114" /><E15/><V33/><F33/><W112/><G112/><T53/><D43/><U130/><E130/><V4/><F4/><W126/><G126/><T125/><D125/><U131/><E131/><V135/><F135/><W13/><G13/><T61/><D26/><U75/><E75/><V44/><F44/><W81/><G3/><T30/><D47/><U11/><E11/><V22/><BYE who="1" /><F22/><W56/><G2/><T16/><D20/><U5/><E5/><V19/><F19/><W51/><G23/><T21/><D16/><U0/><E0/><V8/><F8/><RYUUKYOKU ba="0,1" sc="241,-15,295,15,214,15,240,-15" hai1="67,88,89,90,95,99,101" hai2="54,58,63,64,71,79,80,85,87,91,92,109,110" /><UN n1="%E5%8D%A0%E3%81%84%E5%B8%AB%E8%A3%8F%E3%81%AA%E3%81%84%E3%81%97" /><INIT seed="2,1,1,0,3,52" ten="226,310,229,225" oya="2" hai0="102,103,122,79,71,15,22,100,72,55,133,80,40" hai1="101,73,75,16,37,18,30,57,11,130,83,70,94" hai2="108,119,60,36,135,9,107,62,10,121,46,47,68" hai3="85,64,74,129,34,19,51,58,113,66,12,8,49"/><V87/><F119/><W56/><G74/><T61/><D133/><U21/><E70/><V111/><F121/><W77/><G34/><T29/><D122/><U69/><E69/><V92/><F107/><W104/><G129/><T59/><D40/><U24/><E37/><V31/><F31/><W114/><G104/><T131/><D71/><U6/><E130/><V43/><F135/><W13/><G77/><T95/><D131/><U2/><E75/><V50/><F92/><W96/><G85/><T45/><D45/><U63/><E83/><V39/><F87/><W112/><G96/><T117/><D117/><U65/><E73/><V53/><F36/><W110/><G110/><N who="2" m="42025" /><F62/><N who="3" m="37959" /><G13/><T1/><D1/><U84/><E84/><V125/><F125/><W91/><G91/><T0/><D0/><U115/><E115/><V5/><F5/><W33/><G33/><T118/><D118/><U25/><E25/><V124/><F124/><W89/><G89/><T27/><REACH who="0" step="1"/><D15/><REACH who="0" ten="216,310,229,225" step="2"/><U28/><E28/><V128/><F128/><W82/><G82/><T7/><D7/><U42/><E42/><V123/><F123/><W32/><G32/><T88/><D88/><U132/><E132/><V20/><F20/><W78/><G78/><T67/><D67/><AGARI ba="1,2" hai="9,10,39,43,46,47,50,53,60,67,68" m="42025" machi="67" ten="30,2900,0" yaku="14,1,10,1" doraHai="52" who="2" fromWho="0" sc="216,-32,310,0,229,52,225,0" /><INIT seed="2,2,0,4,2,66" ten="184,310,281,225" oya="2" hai0="101,30,37,54,88,96,132,68,47,28,5,104,58" hai1="108,9,11,67,36,21,102,73,63,2,72,18,46" hai2="38,110,95,128,77,74,45,49,81,79,43,107,17" hai3="26,56,97,85,48,89,134,39,117,111,62,126,123"/><V22/><F107/><W133/><G39/><T118/><D132/><U127/><E108/><V80/><F110/><W100/><G111/><T114/><D118/><U4/><E127/><V25/><F128/><W103/><G117/><T92/><D114/><U65/><E65/><V64/><F64/><W33/><G126/><T90/><D5/><U116/><E102/><V34/><F95/><W53/><G123/><T13/><D13/><U130/><E11/><V109/><F109/><W98/><G48/><T12/><D12/><U84/><E116/><V129/><F129/><W112/><G112/><T87/><D90/><U7/><E7/><V29/><F38/><W20/><G33/><T69/><D37/><U8/><E8/><V131/><F131/><W0/><G0/><T83/><D47/><U86/><E73/><V71/><F71/><W57/><G57/><T119/><D119/><U52/><E72/><V10/><F10/><W23/><G23/><T35/><D104/><U99/><E36/><V44/><F44/><W113/><G113/><T51/><REACH who="0" step="1"/><D30/><REACH who="0" ten="174,310,281,225" step="2"/><U121/><E130/><V14/><F29/><N who="3" m="17607" /><G103/><T1/><D1/><U24/><E2/><V115/><F115/><W93/><G100/><T105/><D105/><U61/><E4/><V125/><F125/><W76/><G76/><T106/><D106/><U42/><E46/><V27/><F34/><W19/><G19/><T15/><D15/><U32/><E32/><V135/><F135/><AGARI ba="2,1" hai="53,56,62,85,89,93,97,98,133,134,135" m="17607" machi="135" ten="30,1000,0" yaku="20,1" doraHai="66" who="3" fromWho="2" sc="174,0,310,0,281,-16,225,26" /><INIT seed="3,0,0,2,2,110" ten="174,310,265,251" oya="3" hai0="87,24,1,117,74,96,4,68,14,27,28,44,43" hai1="113,31,37,118,73,29,53,130,103,40,111,72,132" hai2="11,112,8,88,26,115,45,119,39,25,23,114,67" hai3="15,35,107,133,80,42,61,59,77,101,57,17,129"/><W69/><G129/><T135/><D117/><U48/><E113/><V91/><F119/><W85/><G133/><T10/><D135/><U13/><E118/><V38/><F67/><W116/><G35/><T49/><D68/><U0/><E0/><V94/><F45/><W9/><G116/><T3/><D74/><U18/><E132/><V83/><F83/><W78/><G78/><T65/><D65/><U121/><E121/><V21/><F115/><W56/><G69/><T34/><D27/><U97/><E111/><V71/><F94/><W6/><G42/><T102/><REACH who="0" step="1"/><D87/><REACH who="0" ten="164,310,265,251" step="2"/><U123/><E73/><V52/><F71/><W20/><G85/><T104/><AGARI ba="0,1" hai="1,3,4,10,14,24,28,34,43,44,49,96,102,104" machi="104" ten="20,8000,1" yaku="1,1,2,1,0,1,7,1,53,1" doraHai="110" doraHaiUra="98" who="0" fromWho="0" sc="164,90,310,-20,265,-20,251,-40" /><INIT seed="4,0,0,0,3,32" ten="254,290,245,211" oya="0" hai0="79,106,13,20,111,68,63,59,109,86,112,87,92" hai1="27,4,23,134,15,33,72,44,46,47,80,50,25" hai2="77,88,124,121,83,17,8,108,34,97,35,113,29" hai3="89,5,131,76,61,110,1,26,98,54,93,49,73"/><T84/><D112/><U45/><E33/><V120/><F108/><N who="0" m="41546" /><D106/><U42/><E134/><V37/><F37/><W122/><G110/><T119/><D119/><U12/><E72/><V129/><F113/><W75/><G131/><T22/><D68/><U102/><E102/><V16/><F129/><W90/><G122/><T7/><D79/><U67/><E67/><V31/><F124/><W21/><G61/><T103/><D103/><U18/><E80/><V115/><F115/><W70/><G70/><T9/><D92/><U133/><E133/><V85/><F35/><W105/><G105/><T66/><AGARI ba="0,0" hai="7,9,13,20,22,59,63,66,84,86,87" m="41546" machi="66" ten="30,1500,0" yaku="10,1" doraHai="32" who="0" fromWho="0" sc="254,15,290,-5,245,-5,211,-5" /><INIT seed="4,1,0,0,3,133" ten="269,285,240,206" oya="0" hai0="60,63,132,113,78,87,79,11,54,1,116,106,109" hai1="81,15,100,28,67,69,72,92,14,76,91,74,128" hai2="0,39,122,12,33,65,52,4,20,124,19,88,35" hai3="96,27,44,118,53,107,17,24,59,114,7,111,51"/><T85/><D113/><U40/><E128/><V58/><F122/><W31/><G114/><T29/><D132/><U42/><E74/><V41/><F65/><W48/><G111/><T68/><D116/><U108/><E108/><V70/><F70/><W3/><G118/><T64/><D106/><U115/><E115/><V110/><F110/><W55/><G3/><T84/><D29/><U47/><E28/><V57/><F57/><W6/><G107/><T98/><D98/><U105/><E67/><V25/><F41/><W43/><G96/><T49/><D63/><U90/><E69/><V46/><F46/><W8/><G43/><T34/><D34/><U82/><E40/><V125/><F39/><W45/><G59/><T134/><D134/><U23/><E82/><V130/><F130/><W129/><G129/><T50/><D50/><U126/><E105/><V127/><F0/><W89/><G89/><N who="1" m="33802" /><E92/><V9/><F88/><W30/><REACH who="3" step="1"/><G17/><REACH who="3" ten="269,285,240,196" step="2"/><T112/><D112/><U22/><E42/><V75/><F75/><W80/><G80/><T95/><D109/><U2/><E81/><V37/><F37/><W38/><G38/><T104/><D104/><U56/><E2/><V103/><F103/><W5/><G5/><N who="0" m="1455" /><D95/><U123/><E100/><V77/><F77/><W117/><G117/><T120/><D120/><U36/><E123/><V119/><F119/><W26/><G26/><T73/><D73/><U135/><E72/><V97/><F97/><W102/><G102/><T13/><D13/><U131/><E14/><V10/><F10/><AGARI ba="1,1" hai="6,7,8,10,24,27,30,31,44,45,48,51,53,55" machi="10" ten="25,6400,0" yaku="1,1,22,2,8,1,53,0" doraHai="133" doraHaiUra="93" who="3" fromWho="2" sc="269,0,285,0,240,-67,196,77" /><INIT seed="5,0,0,4,4,113" ten="269,285,173,273" oya="1" hai0="77,32,24,10,105,93,59,20,50,103,86,56,135" hai1="114,6,133,47,14,66,51,126,48,21,46,34,26" hai2="96,15,33,128,117,134,11,64,55,63,90,57,41" hai3="70,19,38,54,129,8,27,99,72,17,58,4,22"/><U23/><E34/><V67/><F33/><W37/><G70/><T75/><D135/><U12/><E114/><V84/><F134/><W120/><G120/><T83/><D32/><U115/><E115/><V119/><F96/><W124/><G124/><T131/><D131/><U39/><E39/><V29/><F29/><W123/><G123/><T104/><D10/><N who="1" m="4183" /><E133/><V91/><F41/><W130/><G72/><T92/><D92/><U44/><E66/><V71/><F128/><W106/><G38/><T7/><D7/><U13/><E126/><V89/><F84/><W107/><G37/><T0/><D0/><U78/><E78/><V73/><F73/><W98/><G107/><T88/><D50/><N who="1" m="18987" /><E21/><V49/><REACH who="2" step="1"/><F67/><REACH who="2" ten="269,285,163,273" step="2"/><W18/><G129/><T81/><D105/><U2/><E2/><V43/><F43/><W80/><G106/><T25/><D104/><U97/><E97/><V79/><F79/><W108/><G130/><T102/><D75/><U5/><E5/><AGARI ba="0,1" hai="5,11,15,49,55,57,63,64,71,89,90,91,117,119" machi="5" ten="40,8000,1" yaku="1,1,52,2,53,2" doraHai="113" doraHaiUra="112" who="2" fromWho="1" sc="269,0,285,-80,163,90,273,0" /><INIT seed="6,0,0,5,5,5" ten="269,205,253,273" oya="2" hai0="131,37,8,119,79,91,56,126,109,114,15,45,67" hai1="32,35,19,110,34,96,20,105,116,51,80,134,111" hai2="70,7,77,71,99,117,73,69,6,92,48,16,72" hai3="101,86,68,106,135,50,40,82,76,84,52,113,133"/><V128/><F117/><W36/><G68/><T30/><D109/><U132/><E80/><V39/><F39/><W112/><G40/><T85/><D119/><U22/><E51/><V115/><F115/><N who="3" m="44107" /><G36/><T94/><D114/><U9/><E96/><V129/><F48/><W54/><G86/><T0/><D0/><U49/><E49/><V122/><F122/><W2/><G2/><T17/><D126/><U118/><E105/><V90/><F77/><W127/><G127/><T121/><D131/><N who="2" m="50250" /><F16/><W78/><G78/><T75/><D121/><U11/><E34/><V107/><F107/><W64/><G64/><T104/><D104/><U103/><E103/><V46/><F46/><N who="3" m="27735" /><G54/><T88/><D79/><U58/><E58/><V66/><F66/><W27/><G27/><T62/><D75/><AGARI ba="0,0" hai="6,7,69,70,71,72,73,75,90,92,99" m="50250" machi="75" ten="40,2000,0" yaku="19,1" doraHai="5" who="2" fromWho="0" sc="269,-20,205,0,253,20,273,0" /><INIT seed="6,1,0,5,3,124" ten="249,205,273,273" oya="2" hai0="134,59,25,71,20,125,57,91,79,17,48,117,106" hai1="99,43,101,58,39,78,40,23,113,30,80,24,119" hai2="76,16,61,8,51,54,131,64,52,77,3,120,38" hai3="53,10,95,69,104,15,81,109,13,1,74,89,5"/><V98/><F120/><W68/><G109/><T102/><D71/><U56/><E119/><V112/><F131/><W132/><G104/><T86/><D125/><U105/><E113/><V66/><F38/><W28/><G132/><T130/><D134/><U60/><E39/><V0/><F0/><W129/><G28/><T32/><D130/><U123/><E123/><V87/><F112/><W103/><G103/><T122/><D122/><U114/><E114/><V121/><F121/><W2/><G53/><N who="2" m="20585" /><F3/><W42/><G74/><T47/><D32/><U22/><E22/><V45/><F98/><W88/><G42/><N who="0" m="24695" /><D106/><U83/><E83/><N who="2" m="47591" /><F77/><W36/><G36/><T62/><D117/><U35/><E35/><V96/><F96/><W55/><G55/><T93/><D102/><U50/><E50/><V94/><F94/><W97/><G95/><T84/><D62/><U44/><E44/><V100/><F100/><W135/><G135/><T73/><D73/><U70/><E70/><V67/><F61/><W29/><G97/><T63/><D63/><U12/><E12/><N who="2" m="7175" /><F67/><W133/><G133/><T4/><D79/><U85/><REACH who="1" step="1"/><E56/><REACH who="1" ten="249,195,273,273" step="2"/><V90/><F51/><W49/><G49/><T72/><D59/><U108/><E108/><V31/><F45/><W127/><G69/><T128/><D57/><U14/><E14/><V46/><F46/><W118/><G68/><T11/><D72/><U126/><E126/><V6/><F6/><W107/><G127/><T92/><D128/><U116/><E116/><V34/><F34/><W7/><G129/><T19/><D4/><N who="3" m="1609" /><G118/><T75/><D75/><RYUUKYOKU ba="1,1" sc="249,-10,195,30,273,-10,273,-10" hai1="23,24,30,40,43,58,60,78,80,85,99,101,105" /><INIT seed="7,2,1,1,3,133" ten="239,225,263,263" oya="3" hai0="121,84,57,79,86,83,77,67,129,124,36,113,24" hai1="106,17,78,107,58,117,22,35,0,50,7,131,102" hai2="45,16,31,104,132,63,32,20,109,130,46,34,49" hai3="89,41,70,98,14,56,88,103,47,2,91,42,110"/><W52/><G70/><T5/><D113/><U39/><E39/><V127/><F109/><W48/><G2/><T26/><D121/><U61/><E35/><V9/><F104/><W53/><G110/><T96/><D36/><U25/><E131/><V4/><F127/><W65/><G65/><T80/><D124/><U87/><E0/><V69/><F132/><W119/><G14/><T33/><D129/><U120/><E120/><V75/><F75/><W38/><G119/><T85/><D33/><U15/><E117/><V27/><F34/><W10/><G10/><T68/><D68/><U115/><E115/><V66/><F49/><N who="3" m="30735" /><G38/><T3/><D96/><U105/><E50/><V55/><F55/><W1/><G1/><T59/><D86/><U93/><E78/><V122/><F122/><W73/><G73/><T126/><D126/><U111/><E111/><V37/><F37/><W97/><G103/><T13/><D3/><U100/><E15/><N who="2" m="9247" /><F130/><W82/><G82/><T29/><D67/><N who="1" m="39351" /><E7/><V125/><F125/><W62/><G62/><T118/><D118/><U116/><E116/><V18/><F18/><W21/><G21/><N who="0" m="15503" /><D26/><U92/><E92/><V6/><F6/><W108/><G108/><T76/><D76/><U123/><E123/><V11/><F4/><W134/><G134/><T81/><D81/><U71/><E71/><V19/><F19/><W112/><G112/><T30/><D30/><U54/><E54/><V23/><F32/><W95/><G95/><T128/><D128/><U90/><E93/><V74/><F74/><W72/><G72/><T101/><D101/><RYUUKYOKU ba="2,1" sc="239,0,225,0,263,0,263,0" hai0="5,13,57,59,77,79,80,83,84,85" hai1="17,22,25,87,90,100,102,105,106,107" hai2="9,11,23,27,31,45,46,63,66,69" hai3="41,42,47,48,53,88,89,91,97,98" /><INIT seed="7,3,1,3,3,104" ten="239,225,263,263" oya="3" hai0="92,44,90,95,5,108,65,33,12,49,100,116,79" hai1="115,40,20,80,123,43,15,52,78,41,89,58,132" hai2="102,118,56,133,45,4,13,19,117,87,121,113,70" hai3="135,59,124,101,60,2,0,69,1,71,112,18,21"/><W109/><G112/><T73/><D108/><U111/><E123/><V110/><F70/><W47/><G124/><T8/><D116/><U120/><E120/><V86/><F110/><W75/><G109/><T122/><D122/><U119/><E111/><V93/><F121/><W91/><G75/><T134/><D134/><U26/><E115/><V126/><F113/><W98/><G91/><T51/><D33/><U67/><E132/><V29/><F133/><W31/><G31/><T55/><D73/><U6/><E119/><V74/><F74/><W7/><G47/><T57/><D79/><U61/><E78/><V114/><F114/><W83/><G83/><T34/><D34/><U103/><E103/><V14/><F126/><W68/><G7/><T30/><D30/><N who="1" m="17735" /><E67/><V23/><F118/><W25/><G135/><T96/><D65/><U106/><E106/><V128/><F117/><W17/><G17/><T32/><D32/><U24/><E24/><V54/><F29/><W46/><G46/><T16/><D5/><U53/><E53/><V62/><F45/><W10/><G10/><T84/><D44/><U37/><E37/><V129/><F102/><W88/><G88/><T38/><D38/><U48/><E48/><AGARI ba="3,1" hai="8,12,16,48,49,51,55,57,84,90,92,95,96,100" machi="48" ten="30,3900,0" yaku="7,1,8,1,54,1" doraHai="104" who="0" fromWho="1" sc="239,58,225,-48,263,0,263,0" owari="297,39.7,177,-32.3,263,6.3,263,-13.7" /></mjloggm>