<mjloggm ver="2.3"><GO type="225" lobby="0"/><UN n0="%E4%B8%8B%E6%AE%B5%E3%83%81%E3%82%A7%E3%83%AA%E3%83%BC" n1="%E8%81%B7%E6%A5%AD%E3%80%81%E9%A2%A8%32" n2="%E3%82%BC%E3%83%AB%E3%83%80%E3%81%AE%E4%BC%9D%E8%AA%AC" n3="%E5%AF%82%E5%AF%9E%E3%82%AE%E3%83%8D%E3%82%B9%E3%83%93%E3%83%BC%E3%83%AB" dan="16,16,16,16" rate="2118.22,2131.12,2208.45,2127.28" sx="M,M,M,M"/><TAIKYOKU oya="0"/><INIT seed="0,0,0,4,5,103" ten="250,250,250,250" oya="0" hai0="6,33,93,43,49,133,36,84,119,117,75,62,28" hai1="10,13,100,134,120,74,101,86,1,77,108,95,130" hai2="39,52,51,29,110,61,35,34,25,121,21,90,135" hai3="37,88,81,30,12,91,5,54,4,31,14,87,9"/><T104/><D75/><U85/><E120/><V42/><F121/><W40/><G37/><T112/><D112/><U131/><E108/><V102/><F110/><W109/><G40/><T45/><D133/><U106/><E134/><V55/><F135/><W127/><G109/><T98/><D6/><U124/><E124/><V105/><F39/><W122/><G127/><T22/><D33/><U132/><E132/><V46/><F90/><W20/><G122/><T48/><D62/><U16/><E1/><V58/><REACH who="2" step="1"/><F42/><REACH who="2" ten="250,250,240,250" step="2"/><W115/><G115/><T64/><D119/><U94/><E131/><V44/><F44/><W68/><G91/><T53/><D117/><U70/><E130/><V0/><F0/><W96/><G68/><T125/><D125/><U57/><E70/><V76/><F76/><W38/><G38/><T114/><D114/><U15/><E77/><V19/><F19/><N who="3" m="10343" /><G4/><T26/><D36/><U71/><E71/><V89/><F89/><N who="3" m="51439" /><G54/><T7/><D64/><U97/><E57/><V129/><F129/><W72/><G72/><T3/><D3/><U107/><E74/><V82/><F82/><W63/><G88/><N who="0" m="53383" /><D7/><U123/><E123/><V80/><F80/><W47/><G47/><N who="0" m="25727" /><D98/><AGARI ba="0,1" hai="21,25,29,34,35,46,51,52,55,58,61,98,102,105" machi="98" ten="40,8000,1" yaku="1,1,52,1,54,1,53,1" doraHai="103" doraHaiUra="99" who="2" fromWho="0" sc="250,-80,250,0,240,90,250,0" /><INIT seed="1,0,0,1,2,35" ten="170,250,330,250" oya="1" hai0="130,49,11,47,46,4,93,105,1,112,12,2,54" hai1="51,71,19,48,81,10,23,121,103,100,110,7,127" hai2="41,80,125,108,114,78,107,61,99,42,135,72,124" hai3="70,18,119,73,14,37,45,122,79,59,30,101,20"/><U31/><E121/><V40/><F108/><W15/><G122/><T77/><D105/><U38/><E38/><V17/><F135/><W95/><G70/><T129/><D112/><U56/><E71/><V94/><F114/><W67/><G119/><T123/><D123/><U115/><E115/><V132/><F132/><W33/><G73/><T120/><D120/><U6/><E127/><N who="2" m="48715" /><F17/><W60/><G79/><T74/><D47/><U62/><E110/><V98/><F107/><W75/><G75/><T91/><D77/><U133/><E81/><V43/><F43/><W128/><G128/><N who="0" m="49259" /><D74/><U58/><E31/><V134/><F134/><W82/><G82/><T97/><AGARI ba="0,0" hai="1,2,4,11,12,46,49,54,91,93,97" m="49259" machi="97" ten="30,4000,0" yaku="19,1,52,2" doraHai="35" who="0" fromWho="0" sc="170,40,250,-20,330,-10,250,-10" /><INIT seed="2,0,0,0,0,64" ten="210,230,320,240" oya="2" hai0="68,115,96,50,86,25,48,57,13,12,23,24,9" hai1="8,105,62,118,69,45,83,98,19,59,63,88,56" hai2="20,116,39,97,34,33,5,85,135,42,129,22,14" hai3="126,52,44,11,93,67,119,113,60,65,131,108,95"/><V18/><F116/><W28/><G119/><T27/><D115/><U51/><E118/><V72/><F72/><W91/><G113/><T121/><D121/><U82/><E69/><V30/><F39/><W101/><G108/><T32/><D32/><N who="2" m="12394" /><F42/><W80/><G126/><T73/><D73/><U75/><E105/><V4/><F85/><W99/><G131/><T132/><D132/><U81/><E75/><V17/><F97/><N who="3" m="57535" /><G28/><T133/><D133/><U49/><E59/><V79/><F79/><W26/><G26/><T100/><D68/><U54/><E56/><V134/><F30/><W46/><G11/><T112/><D112/><U128/><E51/><V41/><F41/><W122/><G80/><T103/><D23/><U0/><E128/><V10/><F129/><W110/><G110/><T120/><D120/><U106/><E106/><V123/><F123/><W37/><G37/><T89/><D57/><U58/><E58/><V70/><F70/><W16/><G122/><T2/><D2/><U117/><E117/><V90/><F90/><W61/><G60/><T107/><D103/><U76/><E0/><N who="2" m="263" /><F5/><W35/><G61/><N who="1" m="23050" /><E76/><V77/><F77/><W21/><G35/><T92/><REACH who="0" step="1"/><D13/><AGARI ba="0,0" hai="13,14,17,18,20,22,134,135" m="263,12394" machi="13" ten="30,2900,0" yaku="34,2" doraHai="64" who="2" fromWho="0" sc="210,-29,230,0,320,29,240,0" /><INIT seed="2,1,0,1,0,10" ten="181,230,349,240" oya="2" hai0="31,65,60,58,122,94,13,91,78,6,71,24,46" hai1="50,111,90,12,7,106,48,23,30,132,97,54,19" hai2="124,76,5,107,34,3,84,114,130,66,123,41,80" hai3="87,55,128,129,112,68,108,85,125,25,36,56,4"/><V17/><F114/><W89/><G68/><T134/><D122/><U51/><E111/><V127/><F123/><W74/><G74/><T49/><D134/><U53/><E132/><V15/><F107/><W45/><G108/><T67/><D78/><U57/><E106/><V115/><F115/><W47/><G112/><T83/><D83/><U37/><E37/><V110/><F110/><W29/><G4/><T131/><D131/><N who="3" m="50249" /><G125/><N who="2" m="48201" /><F130/><W72/><G72/><T109/><D109/><U100/><E100/><V43/><F34/><N who="3" m="20783" /><G36/><T81/><D81/><U73/><E73/><V82/><F66/><W118/><G118/><T2/><D2/><U59/><E7/><V27/><F27/><W86/><G89/><T20/><D71/><U33/><E90/><N who="2" m="51463" /><F5/><W21/><G21/><T0/><D0/><U70/><E70/><V120/><F120/><W133/><G133/><T44/><D67/><U18/><E33/><V93/><F3/><W103/><G103/><T52/><D46/><U92/><E59/><V95/><F43/><W14/><G14/><T101/><D101/><N who="1" m="60583" /><E57/><V38/><F41/><W63/><AGARI ba="1,0" hai="45,47,55,56,63,85,86,87" m="20783,50249" machi="63" ten="30,1100,0" yaku="19,1" doraHai="10" who="3" fromWho="3" sc="181,-4,230,-4,349,-6,240,14" /><INIT seed="3,0,0,2,1,50" ten="177,226,343,254" oya="3" hai0="11,73,119,98,134,0,78,122,84,67,28,49,91" hai1="6,131,64,127,76,118,101,105,117,7,71,27,52" hai2="80,31,46,70,51,3,22,62,83,41,38,19,23" hai3="14,89,33,5,13,43,60,45,97,54,68,111,35"/><W58/><G68/><T77/><D119/><N who="1" m="45579" /><E76/><V42/><F3/><W129/><G129/><T103/><D122/><U114/><E114/><V25/><F38/><W109/><G89/><T92/><D134/><U115/><E115/><V99/><F99/><W1/><G97/><T16/><D67/><U72/><E72/><V121/><F121/><W44/><G1/><T102/><D28/><U37/><E37/><V55/><F70/><W39/><G45/><T104/><D103/><U132/><E105/><V69/><F69/><W125/><G125/><T108/><D108/><N who="3" m="41545" /><G5/><N who="1" m="1546" /><E101/><V36/><F36/><W107/><G107/><T65/><D65/><U4/><N who="1" m="1554" /><U24/><DORA hai="10" /><E132/><V106/><F106/><W26/><G26/><N who="1" m="9770" /><E127/><V21/><F25/><W100/><G100/><T30/><D30/><U61/><E131/><V94/><F31/><W17/><G13/><T20/><D0/><U53/><AGARI ba="0,0" hai="52,53,61,64,71" m="9770,1554,45579" machi="53" ten="40,8000,1" yaku="12,1,52,2,54,1" doraHai="50,10" who="1" fromWho="1" sc="177,-20,226,80,343,-20,254,-40" owari="157,-34.3,306,10.6,323,42.3,214,-18.6" /></mjloggm>