<mjloggm ver="2.3"><GO type="225" lobby="0"/><UN n0="%E6%98%93%E5%88%A9%E8%96%A9%E4%BC%AF" n1="%E3%81%AF%E3%82%88%E3%81%8A%E3%81%98%E3%81%95%E3%82%93" n2="%6D%75%75%6D%75%72%61" n3="%E9%B3%B3%E6%9D%B1%E3%81%AE%E3%81%BF%E3%81%91%E3%81%AB%E3%82%83%E3%82%93" dan="16,17,16,16" rate="2035.14,2217.01,2054.46,2036.42" sx="F,M,F,F"/><TAIKYOKU oya="0"/><INIT seed="0,0,0,2,5,108" ten="250,250,250,250" oya="0" hai0="56,13,81,93,102,18,78,23,115,88,68,134,85" hai1="129,19,60,6,30,73,26,105,82,54,28,1,37" hai2="97,49,80,70,72,96,67,25,107,65,125,8,103" hai3="87,106,55,120,34,130,122,36,48,133,11,21,31"/><T32/><D68/><U132/><E105/><V118/><F125/><W3/><G36/><T91/><D134/><U95/><E37/><V79/><F118/><W12/><G106/><T76/><D32/><U22/><E132/><V89/><F70/><W43/><G43/><T101/><D115/><U75/><E129/><V15/><F25/><W10/><G133/><T112/><D112/><U86/><E95/><V71/><F71/><W14/><G130/><T27/><D78/><U98/><E98/><V90/><F49/><W62/><G62/><T116/><D116/><U126/><E126/><V109/><F109/><W47/><G34/><T104/><D104/><U17/><E17/><V20/><F20/><W42/><G42/><T61/><D13/><U44/><E6/><V100/><F65/><W39/><G39/><T58/><D91/><U135/><E1/><V7/><F67/><W110/><G110/><T45/><D45/><U41/><E41/><V121/><F121/><N who="3" m="46699" /><G87/><T38/><D38/><U9/><E135/><V99/><F99/><W94/><G94/><AGARI ba="0,0" hai="7,8,15,72,79,80,89,90,94,96,97,100,103,107" machi="94" ten="30,1000,0" yaku="7,1" doraHai="108" who="2" fromWho="3" sc="250,0,250,0,250,10,250,-10" /><INIT seed="1,0,0,2,2,16" ten="250,250,260,240" oya="1" hai0="103,17,71,62,134,102,60,42,67,112,2,101,90" hai1="63,107,108,27,123,69,33,46,10,75,117,28,43" hai2="129,44,97,36,37,106,66,124,135,89,131,76,70" hai3="0,1,7,11,84,86,83,13,100,127,61,74,92"/><U39/><E123/><V21/><F124/><W5/><G127/><T55/><D112/><U96/><E117/><V126/><F126/><W65/><G74/><T87/><D2/><U54/><E54/><V94/><F135/><W25/><G5/><T110/><D110/><U47/><E47/><V29/><F106/><W52/><G25/><T6/><D6/><U20/><E10/><V56/><F70/><W64/><G1/><T72/><D72/><U45/><E45/><V34/><F34/><W132/><G0/><T109/><D109/><U122/><E108/><V50/><F76/><N who="3" m="46183" /><G132/><T51/><D42/><U82/><E122/><V40/><F66/><W38/><G38/><T22/><D134/><U111/><E111/><V85/><F37/><W59/><G86/><T31/><D31/><U41/><E43/><V8/><F85/><W53/><G53/><T26/><D71/><U118/><E118/><V19/><F36/><W125/><G125/><T88/><D67/><N who="1" m="41215" /><E33/><V116/><F116/><W104/><G104/><T14/><D26/><U30/><E30/><V81/><F29/><W105/><G105/><T4/><D4/><U113/><E113/><V119/><F119/><W73/><G73/><T3/><D3/><U23/><E27/><V78/><F40/><W130/><G64/><T49/><D49/><U18/><E18/><V121/><F121/><W58/><G58/><N who="0" m="33151" /><D90/><U120/><E28/><V12/><F56/><W68/><G65/><T114/><D114/><U115/><E115/><V128/><F50/><W93/><G68/><T35/><D35/><U99/><E120/><RYUUKYOKU ba="0,0" sc="250,30,250,-10,260,-10,240,-10" hai0="14,17,22,60,62,87,88,101,102,103" /><INIT seed="2,1,0,1,5,82" ten="280,240,250,230" oya="2" hai0="54,97,106,88,31,67,61,80,96,65,93,92,46" hai1="131,60,42,132,85,74,20,99,78,30,117,45,18" hai2="118,79,3,124,102,35,73,1,63,7,48,94,70" hai3="10,8,51,83,72,50,6,33,23,53,0,69,133"/><V19/><F118/><W125/><G33/><T87/><D106/><U114/><E114/><V64/><F35/><W107/><G69/><T110/><D110/><U9/><E117/><V52/><F124/><W89/><G107/><T38/><D31/><U36/><E74/><V98/><F7/><W127/><G133/><T119/><D119/><U15/><E132/><V90/><F79/><W134/><G134/><T101/><D38/><U44/><E131/><V43/><F43/><W105/><G105/><T121/><D121/><U75/><E75/><V95/><F19/><W84/><G72/><T81/><D81/><N who="1" m="47287" /><E36/><V129/><F73/><W112/><G112/><T115/><D115/><U41/><E99/><V16/><F129/><W104/><G104/><T49/><REACH who="0" step="1"/><D61/><REACH who="0" ten="270,240,250,230" step="2"/><U86/><E60/><V29/><F63/><W91/><G83/><T108/><D108/><U32/><E32/><V68/><F29/><W21/><G125/><T14/><D14/><U47/><E30/><V71/><F3/><W120/><G127/><T55/><D55/><U62/><E62/><V37/><F1/><W4/><G0/><T12/><D12/><N who="1" m="9287" /><E41/><V128/><F37/><W26/><G53/><T56/><D56/><U116/><E116/><V5/><F128/><W17/><G120/><T11/><D11/><U113/><E113/><V34/><F34/><W66/><G10/><T109/><D109/><U135/><E135/><V22/><F52/><W27/><G8/><T13/><D13/><U111/><E111/><V122/><F122/><W77/><G66/><T100/><AGARI ba="1,1" hai="46,49,54,65,67,80,87,88,92,93,96,97,100,101" machi="100" ten="20,12000,2" yaku="1,1,0,1,7,1,9,1,8,1,52,1,54,1,53,0" doraHai="82" doraHaiUra="123" who="0" fromWho="0" sc="270,133,240,-31,250,-61,230,-31" /><INIT seed="3,0,0,5,0,20" ten="403,209,189,199" oya="3" hai0="6,65,108,14,5,50,124,74,8,54,122,32,105" hai1="45,4,55,132,100,125,1,113,127,22,120,64,42" hai2="99,44,61,25,81,118,83,23,130,35,27,26,110" hai3="94,0,59,51,18,60,135,117,96,47,10,84,56"/><W97/><G117/><T80/><D105/><U106/><E120/><V72/><F118/><W9/><G135/><T29/><D122/><U48/><E113/><V133/><F133/><W102/><G0/><T28/><D65/><U89/><E132/><V34/><F72/><W49/><G84/><T19/><D108/><U77/><E64/><V104/><F110/><W116/><G116/><T38/><D38/><U92/><E77/><V53/><F23/><W131/><G131/><T58/><D124/><U67/><E67/><V63/><F130/><W82/><G82/><T78/><D32/><U21/><E100/><V95/><F104/><W114/><G114/><T70/><D70/><U90/><E90/><N who="2" m="55799" /><F34/><W12/><G96/><T107/><D107/><U91/><E91/><V36/><F36/><W126/><G126/><T73/><D73/><U85/><E106/><V43/><F43/><W33/><G33/><T7/><AGARI ba="0,0" hai="5,6,7,8,14,19,28,29,50,54,58,74,78,80" machi="7" ten="30,1100,0" yaku="0,1" doraHai="20" who="0" fromWho="0" sc="403,11,209,-3,189,-3,199,-5" owari="414,51.4,206,0.6,186,-31.4,194,-20.6" /></mjloggm>