<mjloggm ver="2.3"><GO type="225" lobby="0"/><UN n0="%E7%99%BD%E9%9B%AA%E4%B9%83%E6%84%9B" n1="%E3%81%8B%E3%82%8F%E3%81%A1%E3%82%83%E3%82%93%35%38" n2="%E6%97%A5%E6%9B%9C%E6%97%A5%E3%82%88%E3%82%8A%E3%81%AE%E4%BD%BF%E8%80%85" n3="%E3%81%B2%E3%81%BE%E3%81%A4%E3%81%B6%E3%81%97" dan="16,17,17,16" rate="2075.68,2121.38,2140.58,2168.33" sx="F,M,M,M"/><TAIKYOKU oya="0"/><INIT seed="0,0,0,0,4,104" ten="250,250,250,250" oya="0" hai0="25,34,8,134,11,21,65,89,126,24,98,63,29" hai1="50,96,79,52,82,22,91,130,43,3,81,95,68" hai2="115,39,49,99,48,123,46,100,128,69,66,105,132" hai3="20,7,18,57,58,102,30,129,76,120,85,41,71"/><T12/><D134/><U108/><E108/><V55/><F115/><W88/><G71/><T17/><D126/><U35/><E35/><V97/><F123/><W80/><G120/><T78/><D78/><U84/><E130/><V59/><F132/><W64/><G129/><T72/><D72/><U6/><E68/><V109/><F128/><W94/><G41/><T4/><D11/><U23/><E43/><N who="2" m="22911" /><F49/><W116/><G116/><T36/><D36/><U40/><E40/><V106/><F109/><W113/><G113/><T9/><D9/><U131/><E6/><V26/><F26/><W44/><G44/><T33/><D33/><U112/><E3/><V135/><F135/><W13/><G7/><T75/><D75/><U118/><E118/><V37/><F37/><W42/><G42/><T74/><D74/><U10/><E10/><V107/><F100/><W124/><G124/><T119/><D119/><U14/><E14/><V111/><F111/><W61/><G30/><T45/><D45/><N who="1" m="27727" /><E112/><V110/><F110/><W114/><G114/><T122/><D122/><U38/><E38/><V87/><F87/><W47/><G47/><T103/><D89/><N who="1" m="55407" /><E131/><V101/><F101/><W133/><G133/><T93/><D93/><N who="1" m="54503" /><E79/><V54/><F54/><W125/><G125/><T127/><D127/><U86/><E86/><V117/><F117/><W1/><G1/><T62/><D65/><U83/><AGARI ba="0,0" hai="22,23,81,82,83" m="54503,55407,27727" machi="83" ten="30,2000,0" yaku="8,1,54,1" doraHai="104" who="1" fromWho="1" sc="250,-10,250,20,250,-5,250,-5" /><INIT seed="1,0,0,3,2,37" ten="240,270,245,245" oya="1" hai0="19,53,14,69,98,16,122,134,108,15,58,28,132" hai1="110,72,2,117,12,38,74,96,129,101,92,55,45" hai2="21,126,79,0,47,5,61,131,1,116,87,83,130" hai3="46,57,60,52,35,10,70,68,65,111,84,106,36"/><U100/><E117/><V13/><F116/><W62/><G106/><T99/><D69/><N who="3" m="26729" /><G84/><T43/><D28/><U32/><E2/><V97/><F126/><W109/><G10/><T95/><D108/><N who="3" m="41545" /><G35/><T29/><D29/><U73/><E32/><V23/><F97/><W11/><G11/><T103/><D122/><U7/><E110/><V64/><F5/><W4/><G4/><T30/><D30/><U22/><E129/><N who="2" m="49163" /><F47/><W113/><G113/><T115/><D115/><U41/><E55/><V6/><F6/><W33/><G33/><T88/><D43/><U105/><E105/><V42/><F42/><N who="3" m="22855" /><G60/><N who="0" m="35919" /><D15/><U133/><E7/><V121/><F121/><W107/><G107/><N who="0" m="63991" /><D14/><U89/><E12/><V77/><F77/><W114/><G114/><T66/><D66/><AGARI ba="0,0" hai="52,57,62,65,66" m="22855,41545,26729" machi="66" ten="30,8000,1" yaku="14,1,34,2,52,1,54,1" doraHai="37" who="3" fromWho="0" sc="240,-80,270,0,245,0,245,80" /><INIT seed="2,0,0,2,2,45" ten="160,270,245,325" oya="2" hai0="102,69,40,94,13,34,110,74,126,100,68,9,97" hai1="3,16,19,44,21,76,122,112,24,5,121,64,88" hai2="0,25,124,46,82,26,30,22,96,95,119,60,71" hai3="65,49,66,127,115,87,11,109,42,33,77,130,125"/><V83/><F119/><W129/><G33/><T128/><D110/><U50/><E112/><V55/><F0/><W56/><G11/><T14/><D74/><U7/><E76/><V67/><F124/><N who="3" m="47691" /><G109/><T43/><D126/><U63/><E19/><V2/><F2/><W15/><G15/><T57/><D57/><N who="1" m="36975" /><E3/><V39/><F26/><W116/><G87/><T108/><D108/><U90/><E122/><V62/><F39/><W31/><G77/><T23/><D94/><U72/><E72/><V123/><F123/><W20/><G20/><T107/><D23/><U81/><E121/><V41/><F41/><W59/><G31/><T32/><D97/><U80/><E80/><V134/><F134/><W131/><G116/><T84/><D84/><N who="1" m="50191" /><E90/><V17/><F30/><W47/><G115/><T61/><D61/><U117/><E117/><V118/><F118/><W133/><G133/><T48/><D128/><U52/><AGARI ba="0,0" hai="5,7,16,21,24,44,50,52" m="50191,36975" machi="52" ten="30,8000,1" yaku="8,1,52,1,54,3" doraHai="45" who="1" fromWho="1" sc="160,-20,270,80,245,-40,325,-20" /><INIT seed="3,0,0,3,3,46" ten="140,350,205,305" oya="3" hai0="71,51,88,99,47,53,70,11,33,119,108,4,5" hai1="42,18,107,48,43,109,80,44,22,45,95,89,118" hai2="125,9,68,20,15,117,32,78,79,58,96,91,14" hai3="0,100,24,26,52,72,10,62,85,61,1,92,31"/><W82/><G72/><T13/><D119/><U16/><E107/><V114/><F68/><W133/><G133/><T39/><D108/><U87/><E109/><V98/><F32/><W113/><G113/><T3/><D33/><U49/><E118/><V7/><F117/><W36/><G36/><T54/><D39/><U28/><E28/><V30/><F114/><W75/><G75/><T2/><D54/><U94/><E16/><N who="2" m="10263" /><F125/><W127/><G127/><T19/><D5/><U132/><E132/><V38/><F38/><W29/><G92/><T60/><D60/><U106/><E106/><V55/><F30/><W86/><G100/><T105/><D2/><U35/><E35/><V27/><F27/><AGARI ba="0,0" hai="18,22,27,42,43,44,45,48,49,80,87,89,94,95" machi="27" ten="30,8000,1" yaku="7,1,9,1,8,1,52,2" doraHai="46" who="1" fromWho="2" sc="140,0,350,80,205,-80,305,0" owari="140,-26.0,430,53.0,125,-37.5,305,10.5" /></mjloggm>