<mjloggm ver="2.3"><GO type="225" lobby="0"/><UN n0="%47%68%6F%73%74%55%30" n1="%E3%81%B5%E3%81%98%E3%81%8B%E3%81%A4" n2="%E3%81%AF%E3%82%88%E3%81%8A%E3%81%98%E3%81%95%E3%82%93" n3="%72%69%6F%75%63%68%61%6E" dan="16,16,17,17" rate="2107.25,2115.78,2181.62,2231.22" sx="F,M,M,M"/><TAIKYOKU oya="0"/><INIT seed="0,0,0,2,2,125" ten="250,250,250,250" oya="0" hai0="44,26,30,52,35,20,51,105,37,9,95,50,89" hai1="132,93,18,91,13,8,82,111,134,33,85,100,55" hai2="7,70,116,77,117,109,94,17,29,129,108,79,130" hai3="119,69,68,110,14,11,97,133,121,86,64,59,75"/><T65/><D105/><U24/><E111/><N who="2" m="42571" /><F70/><W38/><G110/><T131/><D37/><U46/><E100/><V6/><F29/><W135/><G119/><N who="2" m="45641" /><F17/><W114/><G75/><T2/><D65/><U92/><E33/><V58/><F58/><W128/><G128/><N who="2" m="49257" /><F94/><N who="1" m="36457" /><E24/><V60/><F60/><W42/><G59/><T113/><D131/><U78/><E134/><V61/><F61/><W67/><G135/><T56/><D35/><U43/><E132/><V127/><F127/><W27/><G133/><T106/><D113/><U87/><E18/><V47/><F47/><W115/><G114/><T19/><D106/><U103/><E46/><V72/><F72/><W3/><G115/><T4/><D30/><U88/><E8/><V107/><F107/><W32/><G69/><T57/><REACH who="0" step="1"/><D50/><REACH who="0" ten="240,250,250,250" step="2"/><U124/><E124/><V41/><F41/><W90/><G42/><T53/><D53/><U23/><E55/><V31/><F31/><W5/><G64/><T12/><D12/><U16/><E43/><V62/><F62/><W112/><G67/><T66/><D66/><U83/><E13/><V36/><F36/><W54/><G38/><T25/><D25/><U98/><E23/><V39/><F39/><W34/><G27/><T1/><D1/><U102/><E16/><V99/><F99/><AGARI ba="0,1" hai="2,4,9,19,20,26,44,51,52,56,57,89,95,99" machi="99" ten="30,5800,0" yaku="1,1,7,1,54,1,53,0" doraHai="125" doraHaiUra="76" who="0" fromWho="2" sc="240,68,250,0,250,-58,250,0" /><INIT seed="0,1,0,2,3,111" ten="308,250,192,250" oya="0" hai0="29,42,39,126,38,1,97,54,44,47,49,3,22" hai1="20,109,128,123,32,73,41,6,106,45,130,114,99" hai2="68,94,13,14,74,53,124,62,16,120,11,86,48" hai3="34,118,40,108,75,52,65,58,72,71,96,78,107"/><T46/><D126/><U90/><E123/><V24/><F120/><W116/><G108/><T88/><D29/><U93/><E109/><V31/><F74/><W95/><G34/><T12/><D22/><U4/><E32/><V80/><F124/><W25/><G107/><T36/><D12/><U19/><E73/><V113/><F113/><W77/><G40/><T100/><D42/><U133/><E106/><V79/><F94/><W67/><G71/><T91/><D100/><U110/><E110/><V98/><F98/><W127/><G127/><T104/><D104/><U122/><E133/><V101/><F101/><W70/><G70/><T61/><D61/><U131/><E122/><V55/><F14/><W0/><G0/><T56/><REACH who="0" step="1"/><D97/><REACH who="0" ten="298,250,192,250" step="2"/><U134/><E134/><V83/><F48/><W66/><G118/><T102/><D102/><U17/><E17/><V105/><F105/><W51/><G116/><T28/><D28/><U84/><E99/><V63/><F63/><W82/><G25/><T7/><D7/><U23/><E23/><V35/><F62/><W10/><G10/><T50/><D50/><N who="1" m="26927" /><E114/><V132/><F132/><W21/><G21/><T121/><D121/><U15/><AGARI ba="1,1" hai="4,6,15,19,20,84,90,93,128,130,131" m="26927" machi="15" ten="30,1100,0" yaku="19,1" doraHai="111" who="1" fromWho="1" sc="298,-6,250,24,192,-4,250,-4" /><INIT seed="1,0,0,0,3,76" ten="292,274,188,246" oya="1" hai0="84,43,21,126,25,132,103,123,63,13,50,131,66" hai1="14,129,88,64,102,100,32,11,35,28,107,134,92" hai2="96,31,23,71,127,79,106,48,16,117,17,61,10" hai3="81,7,93,44,89,75,73,78,38,94,72,53,120"/><U74/><E134/><V33/><F117/><W19/><G7/><T128/><D132/><U82/><E129/><N who="0" m="49737" /><D126/><U8/><E64/><V18/><F127/><W9/><G120/><T133/><D133/><U91/><E107/><V90/><F79/><W6/><G19/><T47/><D123/><U4/><E74/><V130/><F130/><W27/><G27/><T98/><D84/><N who="1" m="50199" /><E32/><V15/><F33/><W67/><G67/><T105/><D13/><N who="1" m="5255" /><E28/><V59/><F71/><W97/><G94/><T77/><D77/><U85/><E35/><V46/><F106/><W62/><G62/><T1/><D1/><U12/><E12/><V36/><F36/><W86/><G53/><T41/><D41/><U30/><E30/><V111/><F31/><W95/><G95/><T52/><D43/><U68/><E68/><V0/><F0/><N who="3" m="199" /><G97/><T29/><D63/><U34/><E34/><V114/><F114/><W37/><G37/><T24/><D24/><U116/><E116/><V115/><F115/><W121/><G121/><T109/><D66/><U80/><E92/><N who="2" m="56343" /><F23/><W49/><G38/><T83/><D83/><U124/><E124/><V45/><F17/><AGARI ba="0,0" hai="11,14,17,80,85,91,100,102" m="5255,50199" machi="17" ten="30,11600,0" yaku="8,1,52,2,54,1" doraHai="76" who="1" fromWho="2" sc="292,0,274,116,188,-116,246,0" /><INIT seed="1,1,0,3,1,36" ten="292,390,72,246" oya="1" hai0="85,56,20,108,107,100,32,77,131,12,126,14,69" hai1="70,26,78,22,110,54,133,3,41,97,87,130,98" hai2="120,58,125,134,96,50,90,89,55,63,104,48,9" hai3="23,67,101,45,13,84,115,40,0,2,112,1,18"/><U24/><E133/><V21/><F120/><W64/><G101/><T102/><D69/><U15/><E70/><V46/><F134/><W135/><G135/><T10/><D32/><U25/><E3/><V60/><F125/><W81/><G115/><T51/><D107/><U30/><E130/><V62/><F104/><W65/><G112/><T27/><D126/><U28/><E54/><V132/><F132/><W82/><REACH who="3" step="1"/><G84/><REACH who="3" ten="292,390,72,236" step="2"/><T16/><D131/><U29/><E87/><V117/><F117/><W116/><G116/><T71/><D108/><U7/><E110/><V92/><F9/><W31/><G31/><T19/><D71/><U114/><E28/><V47/><F21/><W80/><G80/><N who="0" m="47247" /><D27/><U35/><E26/><V38/><F38/><AGARI ba="1,1" hai="0,1,2,13,18,23,38,40,45,64,65,67,81,82" machi="38" ten="50,3200,0" yaku="1,1,52,1,53,0" doraHai="36" doraHaiUra="127" who="3" fromWho="2" sc="292,0,390,0,72,-35,236,45" /><INIT seed="2,0,0,0,2,101" ten="292,390,37,281" oya="2" hai0="111,16,1,102,9,117,28,41,17,75,73,37,50" hai1="0,76,81,32,26,52,95,24,6,61,7,68,34" hai2="129,77,55,105,5,110,130,122,58,104,33,39,106" hai3="96,38,114,90,19,14,132,11,103,108,27,42,91"/><V99/><F122/><W80/><G108/><T57/><D111/><U97/><E68/><V115/><F110/><W85/><G132/><T35/><D37/><U78/><E0/><V116/><F115/><W59/><G114/><T70/><D70/><U12/><E12/><V13/><F116/><W63/><G38/><T66/><D117/><U86/><E78/><V20/><F33/><W4/><G42/><T49/><D1/><U118/><E24/><V18/><F39/><W131/><G131/><N who="2" m="50185" /><F77/><W134/><G134/><T45/><D102/><U44/><E32/><V71/><F71/><W93/><G27/><T25/><D9/><U94/><E94/><V123/><F123/><W107/><G4/><T84/><D84/><U40/><E26/><V113/><F113/><W109/><G109/><T30/><D30/><U100/><E34/><V8/><F99/><W29/><G29/><T47/><D75/><U112/><E112/><V120/><F120/><W67/><REACH who="3" step="1"/><G91/><REACH who="3" ten="292,390,37,271" step="2"/><T15/><D15/><U36/><E118/><V56/><F55/><W43/><G43/><T65/><D73/><U21/><E52/><V126/><F126/><W51/><G51/><T82/><D35/><U79/><E40/><V119/><F119/><W31/><G31/><T69/><D28/><U124/><E36/><V89/><F89/><W74/><G74/><T46/><D41/><U53/><E124/><V3/><AGARI ba="0,1" hai="3,5,8,13,18,20,56,58,104,105,106" m="50185" machi="3" ten="40,12000,1" yaku="19,1,52,3" doraHai="101" who="2" fromWho="2" sc="292,-40,390,-40,37,130,271,-40" /><INIT seed="2,1,0,3,5,108" ten="252,350,167,231" oya="2" hai0="36,89,70,25,94,119,115,83,116,64,117,8,17" hai1="13,19,113,93,78,102,31,55,51,28,5,99,106" hai2="109,72,27,11,92,14,101,129,95,121,114,105,1" hai3="47,42,43,110,3,111,63,20,66,80,103,58,59"/><V68/><F121/><W62/><G3/><T34/><D36/><U75/><E113/><V44/><F72/><W74/><G103/><T9/><D83/><U87/><E5/><V2/><F114/><W71/><G20/><N who="0" m="13455" /><D34/><U18/><E75/><V33/><F105/><W46/><G74/><T130/><D130/><U12/><E12/><V86/><F68/><W96/><G96/><N who="0" m="57423" /><D115/><U35/><E35/><V77/><F129/><W97/><G97/><T23/><D23/><N who="1" m="11727" /><E19/><V104/><F109/><N who="3" m="41483" /><G80/><T22/><D22/><U61/><E61/><AGARI ba="1,0" hai="8,9,61,64,70,116,117,119" m="57423,13455" machi="61" ten="30,1000,0" yaku="12,1" doraHai="108" who="0" fromWho="1" sc="252,13,350,-13,167,0,231,0" /><INIT seed="3,0,0,2,5,33" ten="265,337,167,231" oya="3" hai0="39,93,49,25,50,85,130,103,63,102,45,126,7" hai1="122,125,41,11,37,82,36,54,10,24,48,59,120" hai2="132,29,108,34,89,15,135,20,116,21,13,12,134" hai3="18,68,92,43,1,124,9,97,83,118,84,38,133"/><W55/><G118/><T77/><D126/><U78/><E125/><V57/><F89/><W60/><G124/><T6/><D130/><U42/><E24/><N who="2" m="18727" /><F57/><W53/><G133/><N who="2" m="34049" /><V121/><DORA hai="26" /><F116/><W22/><G38/><T74/><D74/><U111/><E11/><V70/><F70/><W131/><G131/><T128/><D39/><U100/><E120/><V30/><F121/><W80/><G43/><T67/><D49/><U47/><E122/><V3/><F108/><W17/><G68/><T113/><D128/><U94/><E111/><V106/><F106/><W62/><G62/><T58/><D25/><U27/><E27/><N who="2" m="16743" /><F3/><W44/><G60/><T90/><D77/><U31/><E78/><V109/><F109/><W87/><G44/><T52/><D102/><U40/><E100/><V107/><F107/><W28/><G97/><T75/><D75/><U129/><E47/><V76/><F76/><W46/><G46/><T73/><D73/><U23/><E42/><V64/><F64/><W56/><G56/><T14/><D103/><U2/><E41/><V110/><F110/><W101/><G101/><T65/><D65/><U16/><E40/><V0/><F0/><W88/><G1/><T127/><D67/><U114/><E2/><V66/><F66/><W91/><G53/><T123/><D123/><U115/><E54/><V5/><F21/><W86/><G55/><T81/><D127/><U117/><E37/><V99/><F99/><W4/><G91/><T32/><D63/><U35/><E36/><V72/><F72/><W119/><G88/><T96/><D52/><RYUUKYOKU ba="0,0" sc="265,-10,337,-10,167,30,231,-10" hai2="5,12,13,15" owari="255,5.5,327,42.7,197,-30.3,221,-17.9" /></mjloggm>