<mjloggm ver="2.3"><GO type="225" lobby="0"/><UN n0="%E3%81%AF%E3%82%88%E3%81%8A%E3%81%98%E3%81%95%E3%82%93" n1="%E7%89%B9%E6%9D%B1%E3%81%AF%E4%B8%96%E7%95%8C%E3%82%92%E6%95%91%E3%81%86" n2="%E3%81%8F%E3%82%8A%E3%83%94%E3%83%BC" n3="%E9%81%85%E5%88%BB%E3%81%AE%E3%83%97%E3%83%AA%E3%83%B3%E3%82%B9%E2%99%AA" dan="16,16,16,16" rate="2192.24,2159.09,2098.42,2160.58" sx="M,M,M,F"/><TAIKYOKU oya="0"/><INIT seed="0,0,0,0,3,47" ten="250,250,250,250" oya="0" hai0="118,17,62,134,106,64,10,85,98,95,75,3,120" hai1="34,99,131,125,129,19,114,20,67,43,56,52,11" hai2="86,132,50,105,53,101,82,104,116,113,2,79,89" hai3="25,44,7,91,103,83,119,78,9,58,115,65,100"/><T36/><D118/><U84/><E34/><V40/><F113/><W112/><G119/><T87/><D120/><U16/><E114/><V108/><F116/><W45/><G91/><T33/><D75/><U133/><E133/><V96/><F108/><W1/><G115/><T94/><D36/><U80/><E125/><V66/><F132/><W72/><G112/><T28/><D106/><U59/><E43/><V41/><F104/><W42/><G45/><T111/><D134/><U8/><E99/><V102/><F102/><W68/><G68/><T55/><D111/><U61/><E131/><V15/><F2/><W107/><G107/><T0/><D55/><U130/><E130/><V76/><F66/><W92/><G25/><T117/><D117/><U109/><E109/><V128/><F128/><W4/><G4/><T24/><D17/><N who="1" m="6731" /><E20/><V88/><F15/><W13/><G13/><T121/><D121/><U97/><E97/><V74/><F89/><W51/><REACH who="3" step="1"/><G92/><REACH who="3" ten="250,250,250,240" step="2"/><T6/><D94/><U123/><E123/><V110/><F110/><W77/><G77/><T135/><D0/><U57/><E129/><V27/><F27/><W124/><G124/><T22/><D135/><U90/><E59/><N who="2" m="33207" /><F79/><W54/><G54/><T49/><D33/><U93/><E93/><AGARI ba="0,1" hai="40,41,74,76,82,86,88,93,96,101,105" m="33207" machi="93" ten="30,3900,0" yaku="24,1,52,1,54,1" doraHai="47" who="2" fromWho="1" sc="250,0,250,-39,250,49,240,0" /><INIT seed="1,0,0,5,3,39" ten="250,211,299,240" oya="1" hai0="8,31,36,51,59,79,87,114,37,85,113,65,56" hai1="12,27,123,40,45,29,43,47,91,48,68,23,108" hai2="125,121,97,92,106,127,20,110,107,81,105,90,84" hai3="69,102,109,86,75,100,72,130,128,77,64,34,25"/><U28/><E123/><V61/><F20/><W104/><G109/><T95/><D31/><U63/><E108/><V82/><F61/><N who="3" m="40079" /><G86/><T132/><D132/><U1/><E1/><V99/><F121/><W49/><G49/><T122/><D122/><U10/><E91/><V21/><F21/><W15/><G15/><T52/><D8/><U16/><E68/><V13/><F13/><W17/><G17/><T93/><D51/><N who="1" m="27047" /><E63/><V18/><F18/><AGARI ba="0,0" hai="10,12,16,18,23,27,28,29,43,47,48" m="27047" machi="18" ten="30,11600,0" yaku="8,1,52,2,54,1" doraHai="39" who="1" fromWho="2" sc="250,0,211,116,299,-116,240,0" /><INIT seed="1,1,0,5,2,103" ten="250,327,183,240" oya="1" hai0="50,114,56,134,39,91,44,30,40,61,49,24,19" hai1="128,12,32,69,35,90,46,27,0,11,117,126,41" hai2="13,4,98,78,48,104,2,33,22,59,64,116,34" hai3="121,88,96,20,26,122,125,74,57,109,120,130,85"/><U14/><E117/><V123/><F116/><W84/><G74/><T118/><D118/><U3/><E69/><V16/><F123/><W81/><G109/><T70/><D114/><U72/><E72/><V1/><F78/><W8/><G125/><T82/><D134/><U106/><E106/><V51/><F51/><W75/><G130/><T37/><D19/><U38/><E126/><V89/><F89/><W87/><G75/><T93/><D82/><U119/><E128/><V25/><F1/><W99/><G8/><T21/><D39/><U101/><E101/><V65/><F2/><W73/><G57/><T55/><D70/><U76/><E76/><V43/><F4/><W95/><G73/><T97/><AGARI ba="1,0" hai="21,24,30,37,40,44,49,50,55,56,61,91,93,97" machi="97" ten="20,1500,0" yaku="0,1,7,1" doraHai="103" who="0" fromWho="0" sc="250,18,327,-8,183,-5,240,-5" /><INIT seed="2,0,0,5,4,2" ten="268,319,178,235" oya="2" hai0="27,116,111,12,131,134,34,57,3,31,132,35,48" hai1="95,102,71,106,99,133,43,112,68,72,1,30,17" hai2="123,97,119,69,124,4,44,51,11,104,107,59,76" hai3="92,7,25,114,8,126,129,122,78,55,21,22,41"/><V109/><F119/><W118/><G122/><T28/><D3/><U16/><E112/><V98/><F123/><W18/><G118/><T33/><D116/><U93/><E1/><V83/><F69/><W74/><G114/><T58/><D111/><U120/><E72/><V24/><F109/><W40/><G126/><T9/><D131/><U52/><E120/><V108/><F108/><W56/><G129/><T125/><D125/><U82/><E30/><N who="0" m="11305" /><D48/><U19/><E43/><N who="2" m="24991" /><F124/><W45/><G22/><T29/><D58/><U23/><E133/><N who="0" m="51305" /><D57/><U36/><E36/><V115/><F24/><W37/><G41/><T96/><D96/><N who="2" m="36970" /><F59/><W46/><G46/><T79/><D79/><U60/><E71/><V77/><F77/><W101/><G78/><T89/><D89/><U128/><E68/><V80/><F115/><W87/><G101/><T88/><D88/><U117/><E128/><V20/><F20/><W47/><G47/><T5/><AGARI ba="0,0" hai="5,9,12,27,29,33,34,35" m="51305,11305" machi="5" ten="30,7900,0" yaku="20,1,34,2,52,1" doraHai="2" who="0" fromWho="0" sc="268,79,319,-20,178,-39,235,-20" /><INIT seed="3,0,0,2,4,120" ten="347,299,139,215" oya="3" hai0="24,50,21,100,102,86,101,23,39,73,88,106,68" hai1="67,104,107,28,14,76,36,130,82,53,26,10,81" hai2="25,85,4,91,87,6,44,92,80,18,16,133,71" hai3="58,1,65,132,98,62,72,20,90,108,110,22,0"/><W7/><G72/><T9/><D39/><U69/><E36/><V43/><F133/><W64/><G132/><T59/><D68/><U97/><E130/><V121/><F71/><W95/><G65/><T61/><D73/><U41/><E41/><V94/><F121/><W27/><G22/><T114/><D106/><U83/><E76/><V122/><F122/><W33/><G33/><T131/><D131/><U128/><E128/><V38/><F94/><W8/><REACH who="3" step="1"/><G0/><REACH who="3" ten="347,299,139,205" step="2"/><T117/><D23/><U125/><E67/><V56/><F56/><W12/><G12/><T123/><D123/><U49/><E14/><V32/><F4/><W127/><G127/><T13/><D117/><U116/><E125/><V48/><F38/><W96/><G96/><T40/><D114/><U3/><E3/><V52/><F6/><W30/><AGARI ba="0,1" hai="1,7,8,20,27,30,58,62,64,90,95,98,108,110" machi="30" ten="30,11700,0" yaku="1,1,0,1,52,2,53,0" doraHai="120" doraHaiUra="105" who="3" fromWho="3" sc="347,-39,299,-39,139,-39,205,127" owari="308,10.8,260,-14.0,100,-40.0,332,43.2" /></mjloggm>