<mjloggm ver="2.3"><GO type="225" lobby="0"/><UN n0="%E3%82%BC%E3%83%AB%E3%83%80%E3%81%AE%E4%BC%9D%E8%AA%AC" n1="%6D%75%75%6D%75%72%61" n2="%E3%83%AD%E3%83%83%E3%83%86%E9%9B%80%E7%90%83" n3="%E7%99%BD%E9%9B%AA%E4%B9%83%E6%84%9B" dan="16,16,17,16" rate="2152.12,2196.88,2268.10,2065.26" sx="M,F,M,F"/><TAIKYOKU oya="0"/><INIT seed="0,0,0,2,4,32" ten="250,250,250,250" oya="0" hai0="100,82,124,87,57,41,52,71,35,85,49,69,104" hai1="9,111,122,108,99,54,53,77,72,12,38,55,93" hai2="133,22,8,23,33,36,1,110,44,102,126,65,0" hai3="76,64,74,26,24,83,95,109,121,120,59,2,27"/><T123/><D123/><N who="3" m="47177" /><G109/><N who="1" m="42058" /><E122/><V131/><F110/><W75/><G95/><T25/><D124/><U70/><E38/><V79/><F33/><W56/><G75/><T105/><D41/><U7/><E70/><V31/><F126/><W39/><G39/><T98/><D104/><U116/><E116/><V112/><F112/><W117/><G117/><T134/><D134/><U101/><E72/><V80/><F133/><W115/><G115/><T17/><D85/><U6/><E77/><V15/><F102/><W88/><G88/><T78/><REACH who="0" step="1"/><D17/><AGARI ba="0,0" hai="6,7,9,12,17,53,54,55,93,99,101" m="42058" machi="17" ten="30,1000,0" yaku="14,1" doraHai="32" who="1" fromWho="0" sc="250,-10,250,10,250,0,250,0" /><INIT seed="1,0,0,5,5,54" ten="240,260,250,250" oya="1" hai0="30,41,39,107,105,52,126,102,90,70,80,31,69" hai1="35,46,134,67,63,53,117,15,1,16,82,84,85" hai2="119,34,43,72,47,60,118,48,100,50,33,29,20" hai3="51,94,129,97,116,66,55,131,89,120,6,87,74"/><U62/><E117/><V124/><F72/><W56/><G120/><T127/><D90/><U36/><E1/><V42/><F124/><N who="0" m="47658" /><D80/><U40/><E134/><V75/><F75/><W76/><G116/><T64/><D102/><U4/><E35/><V17/><F100/><W14/><G74/><T68/><D64/><U25/><E25/><V27/><F34/><W24/><G24/><T11/><D11/><U7/><E53/><V71/><F71/><W109/><G109/><T101/><D101/><U110/><E110/><V19/><F19/><W123/><G123/><T49/><D41/><U88/><E84/><V91/><F91/><W28/><G28/><N who="0" m="10795" /><D39/><U5/><REACH who="1" step="1"/><E67/><REACH who="1" ten="240,250,250,250" step="2"/><V3/><F119/><W133/><G66/><T130/><D130/><U59/><E59/><AGARI ba="0,1" hai="49,52,59,68,69,70,105,107" m="10795,47658" machi="59" ten="40,5200,0" yaku="18,1,52,1,54,1" doraHai="54" who="0" fromWho="1" sc="240,62,250,-52,250,0,250,0" /><INIT seed="2,0,0,0,4,67" ten="302,198,250,250" oya="2" hai0="120,135,65,73,63,80,46,50,88,64,18,127,35" hai1="72,125,37,107,122,28,23,112,26,104,133,48,61" hai2="60,14,96,44,10,1,87,54,79,111,123,30,129" hai3="45,17,8,118,116,6,13,49,103,2,130,86,32"/><V84/><F123/><W55/><G130/><T31/><D120/><U83/><E122/><V58/><F129/><W29/><G103/><T90/><D127/><U11/><E37/><V69/><F1/><W77/><G77/><T121/><D121/><U89/><E112/><V59/><F111/><W92/><G86/><T105/><D105/><U25/><E125/><V71/><F30/><W21/><REACH who="3" step="1"/><G92/><REACH who="3" ten="302,198,250,240" step="2"/><T97/><D73/><U57/><E72/><V101/><F87/><W34/><G34/><T128/><D35/><U98/><E104/><V99/><F84/><W5/><G5/><T106/><D106/><U53/><E107/><V3/><F79/><W119/><G119/><T110/><D110/><U66/><E98/><V70/><F101/><W78/><G78/><T131/><D131/><U134/><E89/><V16/><F3/><W93/><G93/><T19/><D128/><U108/><E108/><V95/><F95/><W0/><G0/><T74/><D74/><U109/><E109/><V62/><REACH who="2" step="1"/><F44/><REACH who="2" ten="302,198,240,240" step="2"/><W41/><G41/><T75/><D75/><U68/><E83/><V4/><F4/><W47/><G47/><T24/><D80/><U102/><E102/><V132/><F132/><W22/><G22/><T126/><D135/><U100/><E100/><V42/><F42/><W114/><G114/><T15/><D46/><U52/><E133/><V117/><F117/><W38/><G38/><T9/><D126/><U85/><E134/><V113/><F113/><W51/><G51/><T33/><D50/><N who="1" m="30871" /><E85/><V81/><F81/><W27/><AGARI ba="0,2" hai="2,6,8,13,17,21,27,29,32,45,49,55,116,118" machi="27" ten="30,7900,0" yaku="1,1,0,1,24,2,53,0" doraHai="67" doraHaiUra="56" who="3" fromWho="3" sc="302,-20,198,-20,240,-39,240,99" /><INIT seed="3,0,0,2,1,97" ten="282,178,201,339" oya="3" hai0="130,91,103,26,55,102,42,71,47,68,123,78,30" hai1="100,122,108,11,84,93,117,81,76,23,83,45,6" hai2="7,69,85,33,9,120,5,20,15,54,61,132,119" hai3="3,22,4,74,8,128,62,63,90,10,105,49,53"/><W18/><G105/><T31/><D123/><U16/><E122/><V89/><F119/><W48/><G74/><T32/><D78/><U43/><E117/><V28/><F33/><W115/><G115/><T98/><D130/><U37/><E108/><V86/><F132/><W39/><G39/><T65/><D55/><U34/><E34/><V82/><F120/><W77/><G77/><T40/><D31/><U135/><E135/><V112/><F112/><W109/><G109/><T0/><D42/><U80/><E100/><V41/><F41/><W88/><G48/><T38/><D0/><U79/><E93/><N who="2" m="54447" /><F69/><W101/><G101/><T21/><D32/><U58/><E58/><N who="2" m="35031" /><F20/><W75/><G75/><T27/><D27/><U2/><REACH who="1" step="1"/><E79/><REACH who="1" ten="282,168,201,339" step="2"/><N who="2" m="46431" /><F28/><W95/><G95/><T73/><D102/><U60/><E60/><V35/><F35/><W104/><G63/><T44/><D103/><U125/><E125/><V19/><AGARI ba="0,1" hai="5,7,9,15,19" m="46431,35031,54447" machi="19" ten="30,1100,0" yaku="8,1" doraHai="97" who="2" fromWho="2" sc="282,-3,168,-3,201,21,339,-5" owari="279,7.9,165,-33.5,222,-17.8,334,43.4" /></mjloggm>