<mjloggm ver="2.3"><GO type="225" lobby="0"/><UN n0="%72%61%6B%33" n1="%6D%75%75%6D%75%72%61" n2="%47%32%E9%BE%8D%E9%96%80" n3="%E3%81%8B%E3%82%8F%E3%81%A1%E3%82%83%E3%82%93%35%38" dan="16,16,16,16" rate="2125.16,2147.10,2076.21,2134.70" sx="M,F,M,M"/><TAIKYOKU oya="0"/><INIT seed="0,0,0,3,0,45" ten="250,250,250,250" oya="0" hai0="64,83,96,57,56,60,87,133,66,114,93,79,28" hai1="6,113,8,111,85,99,119,102,126,130,61,70,80" hai2="100,23,81,50,32,42,89,110,115,31,122,43,123" hai3="71,44,49,59,15,94,117,129,26,86,74,55,14"/><T21/><D133/><U75/><E119/><V20/><F115/><W132/><G117/><T76/><D114/><U62/><E113/><V5/><F32/><W92/><G74/><T118/><D118/><U72/><E111/><V131/><F110/><W51/><G71/><T127/><D127/><U37/><E130/><V98/><F131/><W67/><G129/><T63/><D76/><U22/><E37/><V47/><F5/><W0/><G0/><T41/><D41/><U12/><E126/><V105/><F43/><N who="3" m="24735" /><G132/><T121/><D121/><U11/><E11/><V73/><F31/><W78/><G67/><T29/><REACH who="0" step="1"/><D21/><REACH who="0" ten="240,250,250,250" step="2"/><U109/><E22/><V108/><F108/><W103/><G78/><T95/><D95/><U97/><E109/><V46/><F20/><W1/><G94/><T18/><D18/><U88/><E75/><V36/><F23/><W116/><G116/><T58/><D58/><U13/><E72/><V39/><F73/><W16/><G26/><T4/><D4/><U124/><E124/><V38/><REACH who="2" step="1"/><F47/><REACH who="2" ten="240,250,240,250" step="2"/><W48/><G16/><T107/><D107/><U90/><E6/><V82/><F82/><W2/><G2/><T91/><AGARI ba="0,2" hai="28,29,56,57,60,63,64,66,79,83,87,91,93,96" machi="91" ten="20,12000,1" yaku="1,1,0,1,7,1,9,1,8,1,53,0" doraHai="45" doraHaiUra="69" who="0" fromWho="0" sc="240,140,250,-40,240,-40,250,-40" /><INIT seed="0,1,0,3,1,20" ten="380,210,200,210" oya="0" hai0="10,134,108,33,109,119,111,73,68,47,91,55,41" hai1="98,66,5,130,80,1,57,19,11,58,16,2,71" hai2="75,3,89,46,37,127,121,88,78,13,25,12,112" hai3="124,60,110,72,118,65,70,8,69,79,104,74,43"/><T62/><D119/><U39/><E130/><V92/><F121/><W67/><G118/><T133/><D73/><U100/><E1/><V51/><F112/><W99/><G110/><T18/><D33/><U0/><E0/><V63/><F3/><W53/><G124/><T24/><D91/><U14/><E39/><V126/><F37/><W107/><G8/><T105/><D105/><U42/><E42/><V114/><F114/><W64/><G43/><T101/><D101/><U9/><E80/><N who="2" m="45151" /><F63/><W44/><G44/><T116/><D116/><U59/><E19/><V129/><F25/><W52/><G99/><T95/><D95/><U27/><E27/><V49/><F49/><W48/><G48/><N who="0" m="26735" /><D10/><U21/><E9/><V86/><F89/><W97/><G97/><T120/><D120/><U94/><REACH who="1" step="1"/><E71/><REACH who="1" ten="380,200,200,210" step="2"/><V132/><F129/><W32/><G69/><T131/><D131/><U7/><E7/><V87/><F127/><W30/><G70/><T61/><D18/><U36/><E36/><V50/><F126/><W83/><G83/><T106/><D24/><U103/><E103/><V81/><F81/><W122/><G122/><T113/><D113/><U115/><E115/><V123/><F123/><W125/><G125/><T29/><D29/><U76/><E76/><V128/><F128/><W40/><G30/><T117/><D117/><U82/><E82/><V93/><F12/><W54/><G79/><T45/><D68/><U15/><E15/><V6/><F13/><W22/><G74/><T23/><D108/><U35/><E35/><V26/><F6/><W34/><G72/><RYUUKYOKU ba="1,1" sc="380,-10,200,30,200,-10,210,-10" hai1="2,5,11,14,16,21,57,58,59,66,94,98,100" /><INIT seed="1,2,1,1,1,134" ten="370,230,190,200" oya="1" hai0="129,117,85,19,83,91,82,78,92,34,75,0,6" hai1="74,80,48,28,96,18,121,72,37,124,93,112,11" hai2="76,59,54,65,81,135,115,64,70,17,12,47,62" hai3="31,49,16,61,10,95,20,27,109,39,113,127,50"/><U45/><E112/><V35/><F135/><W133/><G113/><T126/><D34/><U41/><E121/><V21/><F115/><W44/><G133/><T107/><D19/><U79/><E28/><V123/><F123/><W94/><G39/><T105/><D6/><U25/><E124/><V63/><F35/><W30/><G109/><T116/><D0/><U32/><E32/><V67/><REACH who="2" step="1"/><F47/><REACH who="2" ten="370,230,180,200" step="2"/><W132/><G132/><T53/><D117/><U14/><E37/><V51/><F51/><W55/><G127/><T2/><D126/><U110/><E110/><V86/><AGARI ba="2,2" hai="12,17,21,54,59,62,63,64,65,67,70,76,81,86" machi="86" ten="20,2700,0" yaku="1,1,0,1,7,1,53,0" doraHai="134" doraHaiUra="98" who="2" fromWho="2" sc="370,-9,230,-15,180,53,200,-9" /><INIT seed="2,0,0,1,4,25" ten="361,215,233,191" oya="2" hai0="121,28,33,124,88,71,26,21,77,13,56,129,34" hai1="87,115,113,20,63,118,61,127,102,1,130,16,109" hai2="72,3,17,10,74,6,125,89,36,29,95,132,106" hai3="57,104,122,79,123,81,84,58,47,66,45,97,60"/><V110/><F106/><W19/><G123/><T73/><D71/><U55/><E118/><V27/><F36/><W131/><G131/><T24/><D121/><U103/><E130/><V116/><F116/><W120/><G120/><T12/><D129/><U94/><E109/><V2/><F132/><W40/><G122/><T75/><D56/><U96/><E1/><V32/><F125/><W62/><G104/><T107/><D107/><U114/><E127/><V85/><F2/><W9/><G97/><T44/><D44/><U105/><E55/><V50/><F110/><W117/><G117/><T92/><D124/><U31/><E31/><V65/><F65/><W5/><G19/><T23/><D77/><U0/><E0/><V86/><F50/><W126/><G126/><T76/><D76/><U41/><E41/><V7/><F7/><W11/><G5/><T4/><D4/><U133/><E133/><V68/><F68/><W98/><G98/><T35/><D75/><U54/><E54/><V39/><F39/><W15/><G40/><T100/><D73/><U30/><E30/><V22/><REACH who="2" step="1"/><F85/><REACH who="2" ten="361,215,223,191" step="2"/><W64/><G15/><AGARI ba="0,1" hai="3,6,10,15,17,22,27,29,32,72,74,86,89,95" machi="15" ten="30,18000,2" yaku="1,1,2,1,7,1,24,2,52,1,53,0" doraHai="25" doraHaiUra="134" who="2" fromWho="3" sc="361,0,215,0,223,190,191,-180" /><INIT seed="2,1,0,2,2,1" ten="361,215,413,11" oya="2" hai0="17,3,60,124,39,35,99,97,75,100,59,121,41" hai1="133,48,68,22,67,134,105,94,131,31,112,45,93" hai2="50,76,92,62,73,115,89,63,82,120,70,66,113" hai3="61,4,114,69,43,119,103,129,86,127,91,132,53"/><V81/><F120/><W95/><G119/><T55/><D121/><U9/><E112/><V109/><F109/><W98/><G114/><T32/><D75/><U107/><E107/><V79/><F50/><W47/><G129/><T12/><D3/><U16/><E105/><V83/><F62/><W72/><G132/><T106/><D124/><U87/><E131/><V5/><F5/><W40/><G127/><T77/><D77/><U118/><E118/><V8/><F8/><W56/><G72/><T23/><REACH who="0" step="1"/><D99/><REACH who="0" ten="351,215,413,11" step="2"/><U96/><E96/><V0/><F0/><W42/><G69/><T19/><D19/><U52/><E16/><V15/><F115/><W26/><G26/><T135/><D135/><U24/><E68/><V84/><F113/><W20/><G20/><T116/><D116/><U101/><E22/><V14/><REACH who="2" step="1"/><F83/><REACH who="2" ten="351,215,403,11" step="2"/><N who="3" m="49631" /><G4/><T117/><D117/><U49/><E134/><V125/><F125/><W13/><G13/><T25/><D25/><U71/><E24/><V111/><F111/><W2/><G2/><T51/><D51/><AGARI ba="1,2" hai="40,42,43,47,51,53,56,61,95,98,103" m="49631" machi="51" ten="30,1000,0" yaku="8,1" doraHai="1" who="3" fromWho="0" sc="351,-13,215,0,403,0,11,33" /><INIT seed="3,0,0,3,2,127" ten="338,215,403,44" oya="3" hai0="7,5,101,118,85,120,133,57,51,82,124,87,4" hai1="68,94,12,58,97,86,17,91,23,114,53,8,26" hai2="117,29,38,56,110,92,15,77,65,119,113,121,35" hai3="135,99,112,54,88,89,106,2,49,6,78,102,74"/><W98/><G112/><T60/><D118/><U20/><E68/><V55/><F113/><W125/><G125/><T111/><D124/><U108/><E108/><V33/><F38/><W3/><G135/><T67/><D120/><U73/><E73/><V39/><F39/><W27/><G27/><T107/><D111/><U18/><E114/><V72/><F110/><W130/><G74/><T132/><D51/><N who="1" m="31039" /><E20/><V32/><F65/><W80/><G130/><T64/><D64/><U47/><E47/><V19/><F29/><W123/><G123/><T50/><D50/><U96/><AGARI ba="0,0" hai="8,12,17,18,23,26,86,91,94,96,97" m="31039" machi="96" ten="30,1100,0" yaku="8,1" doraHai="127" who="1" fromWho="1" sc="338,-3,215,11,403,-3,44,-5" owari="335,13.5,226,-17.4,400,50.0,39,-46.1" /></mjloggm>