<mjloggm ver="2.3"><GO type="225" lobby="0"/><UN n0="%E5%81%BD%E5%96%84%E8%80%85%E9%AB%98%E6%A9%8B%E3%81%BF%E3%81%AA%E3%81%BF" n1="%E3%81%BF%E3%81%BF%E3%81%9A" n2="%E6%98%BC%E4%B8%8B%E3%81%8C%E3%82%8A%E3%81%AE%E5%9B%A3%E5%9C%B0%E5%A6%BB" n3="%E3%81%A4%E3%81%A3%E3%81%B1%E3%82%8A%E3%83%9D%E3%83%BC%E3%83%AB" dan="18,18,16,17" rate="2204.53,2224.87,2153.96,2212.08" sx="F,M,F,M"/><TAIKYOKU oya="0"/><INIT seed="0,0,0,2,2,80" ten="250,250,250,250" oya="0" hai0="65,16,88,111,79,18,17,46,63,42,126,24,67" hai1="7,56,20,109,55,69,28,76,27,125,32,44,107" hai2="77,123,105,118,131,74,48,52,98,106,117,130,127" hai3="59,73,82,29,37,120,33,22,89,72,25,115,38"/><T81/><D126/><U132/><E69/><V6/><F123/><W85/><G115/><T23/><D111/><U50/><E109/><V68/><F68/><W104/><G104/><N who="2" m="40041" /><F127/><W121/><G59/><T36/><D88/><U60/><E125/><V47/><F6/><W2/><G2/><T103/><D103/><U122/><E122/><N who="3" m="47210" /><G33/><T66/><REACH who="0" step="1"/><D63/><REACH who="0" ten="240,250,250,250" step="2"/><U4/><E76/><V95/><F117/><W93/><G82/><T40/><D40/><U41/><E107/><V57/><F118/><W96/><G96/><T54/><D54/><U70/><E132/><V71/><F98/><W62/><G62/><T64/><N who="0" m="16384" /><DORA hai="35" /><T108/><D108/><U30/><E70/><V113/><F71/><W110/><G110/><T124/><D124/><U116/><E116/><V75/><F77/><W129/><G129/><T100/><D100/><U1/><E60/><V0/><F131/><W61/><G61/><T92/><D92/><U15/><E41/><V78/><F130/><W11/><G11/><T45/><D45/><U3/><E44/><V134/><F47/><W21/><G21/><T135/><D135/><U119/><E119/><V12/><F134/><W13/><G93/><T112/><D112/><U87/><E55/><V51/><F113/><W9/><G89/><T43/><D43/><U90/><E56/><V49/><F95/><W19/><G9/><T8/><D8/><U91/><E91/><V84/><F57/><W94/><G94/><T128/><D128/><U53/><E90/><V58/><F58/><W31/><G22/><T14/><D14/><U114/><E114/><RYUUKYOKU ba="0,1" sc="240,30,250,-10,250,-10,250,-10" hai0="16,17,18,23,24,36,42,46,79,81" /><INIT seed="0,1,1,1,3,8" ten="270,240,240,240" oya="0" hai0="81,68,72,14,64,11,10,31,76,65,97,21,24" hai1="50,45,23,17,104,74,134,131,71,0,102,55,19" hai2="77,41,126,44,43,4,32,57,100,34,95,89,27" hai3="98,93,54,92,118,79,123,116,22,129,83,39,26"/><T51/><D68/><U122/><E122/><V66/><F126/><W29/><G39/><T6/><D51/><U53/><E131/><V62/><F77/><W82/><G129/><T107/><REACH who="0" step="1"/><D11/><REACH who="0" ten="260,240,240,240" step="2"/><U33/><E71/><V125/><F125/><W60/><G123/><T114/><D114/><U133/><E50/><V18/><F62/><W25/><G118/><T46/><D46/><U2/><E45/><V119/><F44/><W130/><G116/><T113/><D113/><U85/><E134/><V9/><F9/><W69/><G69/><T13/><D13/><U110/><E133/><V106/><F119/><W70/><G70/><T38/><D38/><U115/><E0/><V73/><F27/><W3/><G3/><T127/><D127/><U87/><E2/><V40/><F40/><W67/><G26/><T90/><D90/><U16/><E115/><V47/><F43/><W52/><G130/><T132/><D132/><U128/><E128/><V91/><F91/><W63/><G63/><T96/><D96/><U15/><E15/><V75/><F41/><W124/><G124/><T80/><D80/><N who="3" m="30761" /><G98/><T99/><D99/><U5/><E5/><V36/><F4/><W94/><G79/><T108/><D108/><U42/><E110/><V28/><F36/><W20/><G60/><T109/><D109/><U58/><E42/><V135/><F135/><W112/><G112/><T35/><D35/><U56/><E33/><V117/><F117/><W1/><G1/><T12/><D12/><N who="1" m="9607" /><E56/><V103/><F34/><W111/><G111/><T30/><D30/><U49/><E49/><RYUUKYOKU ba="1,2" sc="260,30,240,-10,240,-10,240,-10" hai0="6,10,14,21,24,31,64,65,72,76,81,97,107" /><INIT seed="0,2,2,0,0,84" ten="290,230,230,230" oya="0" hai0="26,134,119,27,88,9,130,13,117,118,107,29,57" hai1="83,2,12,5,52,3,4,44,114,91,71,59,70" hai2="96,56,131,10,79,73,30,31,72,116,55,8,93" hai3="106,123,81,40,82,112,53,17,128,127,47,126,74"/><T77/><D107/><U62/><E114/><V54/><F131/><W18/><G112/><T19/><D130/><U129/><E129/><V108/><F108/><W125/><G128/><T51/><D77/><U104/><E104/><V1/><F116/><W23/><G123/><T39/><D39/><U86/><E12/><V67/><F67/><W20/><G106/><T32/><D134/><U105/><E105/><V122/><F122/><W66/><G66/><T78/><D78/><U6/><REACH who="1" step="1"/><E44/><REACH who="1" ten="290,220,230,230" step="2"/><V132/><F132/><W48/><G74/><T113/><D113/><U103/><E103/><V15/><F15/><N who="3" m="9279" /><G40/><T68/><D68/><AGARI ba="2,3" hai="2,3,4,5,6,52,59,62,68,70,71,83,86,91" machi="68" ten="40,5200,0" yaku="1,1,52,1,54,1,53,0" doraHai="84" doraHaiUra="7" who="1" fromWho="0" sc="290,-58,220,88,230,0,230,0" /><INIT seed="1,0,0,5,4,134" ten="232,308,230,230" oya="1" hai0="2,88,89,0,3,71,99,66,39,42,46,48,111" hai1="95,23,9,126,106,61,1,6,45,84,100,34,80" hai2="33,86,96,112,31,25,16,93,133,10,55,102,26" hai3="54,135,122,118,60,56,98,117,62,83,58,108,92"/><U103/><E34/><V130/><F133/><W128/><G135/><T51/><D111/><U87/><E106/><V72/><F72/><W115/><G115/><T104/><D51/><U53/><E23/><V30/><F112/><W37/><G37/><T79/><D79/><U32/><E32/><V76/><F130/><W15/><G108/><T132/><D132/><U90/><E126/><V121/><F121/><W27/><G122/><T101/><REACH who="0" step="1"/><D39/><REACH who="0" ten="222,308,230,230" step="2"/><U70/><E61/><AGARI ba="0,1" hai="0,2,3,42,46,48,61,66,71,88,89,99,101,104" machi="61" ten="40,5200,0" yaku="1,1,2,1,54,1,53,0" doraHai="134" doraHaiUra="105" who="0" fromWho="1" sc="222,62,308,-52,230,0,230,0" /><INIT seed="2,0,0,4,3,93" ten="284,256,230,230" oya="2" hai0="127,36,98,52,131,27,12,8,13,97,117,74,53" hai1="48,68,43,37,62,89,3,76,41,101,82,23,132" hai2="21,104,126,50,15,124,115,75,106,42,78,1,120" hai3="88,60,11,80,112,114,46,83,30,33,56,28,6"/><V7/><F120/><W5/><G46/><T38/><D74/><U99/><E3/><V91/><F115/><N who="3" m="44075" /><G33/><T90/><D131/><U135/><E89/><V77/><F1/><N who="3" m="431" /><G6/><T79/><D79/><N who="2" m="30218" /><F75/><W87/><G83/><T122/><D127/><N who="2" m="48682" /><F91/><W134/><G134/><N who="1" m="51242" /><E37/><V130/><F130/><W94/><G80/><T9/><D90/><U22/><E48/><V29/><F42/><N who="1" m="15881" /><E62/><V111/><F50/><W57/><G57/><T123/><D27/><U86/><E68/><V128/><F128/><W81/><G81/><T72/><D72/><U85/><E86/><V65/><F65/><AGARI ba="0,0" hai="28,30,56,60,65,87,88,94" m="431,44075" machi="65" ten="30,2000,0" yaku="11,1,54,1" doraHai="93" who="3" fromWho="2" sc="284,0,256,0,230,-20,230,20" /><INIT seed="3,0,0,2,2,72" ten="284,256,210,250" oya="3" hai0="45,36,97,26,132,75,16,87,90,4,130,58,121" hai1="135,39,129,124,93,88,111,40,11,82,68,14,33" hai2="119,20,107,94,115,35,2,70,126,122,110,44,41" hai3="65,112,108,53,55,63,52,8,64,62,116,105,7"/><W120/><G120/><T51/><D121/><U42/><E68/><V84/><RYUUKYOKU type="yao9" ba="0,0" sc="284,0,256,0,210,0,250,0" hai2="2,20,35,41,44,70,84,94,107,110,115,119,122,126" /><INIT seed="3,1,0,3,3,54" ten="284,256,210,250" oya="3" hai0="32,90,123,132,67,125,106,3,100,97,73,22,34" hai1="130,70,105,127,55,25,57,17,18,38,78,92,39" hai2="46,117,63,83,80,102,43,129,23,94,121,49,89" hai3="58,120,33,104,95,134,6,118,66,20,108,15,19"/><W4/><G104/><T133/><D123/><U53/><E105/><V96/><F117/><W79/><G120/><T36/><D3/><U10/><E70/><V28/><F121/><W101/><G33/><T31/><D36/><U82/><E127/><V86/><F129/><W5/><G118/><T119/><D119/><U77/><E130/><V88/><F63/><N who="3" m="38263" /><G134/><N who="0" m="51819" /><D73/><U111/><E92/><V107/><REACH who="2" step="1"/><F89/><REACH who="2" ten="284,256,200,250" step="2"/><W68/><G108/><T1/><D90/><U75/><E111/><V74/><F74/><W128/><G128/><T42/><D125/><U87/><E75/><V50/><F50/><W85/><G68/><T60/><D60/><N who="1" m="35887" /><E39/><V131/><F131/><W113/><G113/><T98/><D100/><U72/><E38/><V13/><F13/><W9/><G101/><T14/><D14/><N who="1" m="7383" /><E72/><V37/><F37/><W48/><G48/><T112/><D112/><U110/><E110/><V41/><F41/><W109/><G109/><T40/><D42/><U61/><E61/><V51/><F51/><W16/><G79/><T47/><D40/><U124/><E124/><V8/><F8/><W69/><G69/><T103/><D103/><U12/><E12/><V135/><F135/><W99/><G9/><T116/><D116/><U76/><E55/><V126/><F126/><W21/><G15/><T93/><D67/><U114/><E114/><V62/><F62/><W2/><G2/><T24/><D1/><U122/><E122/><V26/><AGARI ba="1,1" hai="23,26,28,43,46,49,80,83,86,88,94,96,102,107" machi="26" ten="30,4000,0" yaku="1,1,0,1,54,1,53,0" doraHai="54" doraHaiUra="7" who="2" fromWho="2" sc="284,-11,256,-11,200,53,250,-21" /><INIT seed="4,0,0,3,5,1" ten="273,245,253,229" oya="0" hai0="123,2,13,5,110,16,88,50,67,109,18,103,44" hai1="107,85,92,119,70,8,64,71,24,77,6,75,55" hai2="95,39,99,120,76,32,10,60,105,132,87,54,26" hai3="89,46,51,36,116,66,90,58,3,59,41,49,11"/><T93/><D123/><U37/><E119/><V117/><F120/><W108/><G116/><T133/><D2/><U102/><E37/><V111/><F117/><W12/><G3/><T19/><D103/><U122/><E122/><V91/><F39/><W62/><G108/><N who="0" m="41579" /><D67/><U73/><E55/><V34/><F111/><W129/><G129/><T94/><D133/><U23/><E64/><V30/><F132/><W101/><G101/><T126/><D126/><U83/><E75/><V124/><F124/><W45/><G59/><T134/><D134/><U97/><E73/><V17/><F105/><W56/><G56/><T114/><D114/><U28/><REACH who="1" step="1"/><E107/><REACH who="1" ten="273,235,253,229" step="2"/><V130/><F130/><W43/><REACH who="3" step="1"/><G36/><REACH who="3" ten="273,235,253,219" step="2"/><T25/><D44/><U100/><E100/><V15/><F60/><W35/><G35/><T42/><D42/><U52/><E52/><V14/><F54/><W80/><G80/><T98/><D50/><U121/><E121/><V86/><F32/><W33/><G33/><T68/><D68/><U63/><E63/><V9/><F34/><W4/><AGARI ba="0,2" hai="4,11,12,41,43,45,46,49,51,58,62,66,89,90" machi="4" ten="20,12000,2" yaku="1,1,0,1,7,1,9,1,8,1,52,1,53,1" doraHai="1" doraHaiUra="53" who="3" fromWho="3" sc="273,-60,235,-30,253,-30,219,140" owari="213,-18.7,205,-29.5,223,2.3,359,45.9" /></mjloggm>