<mjloggm ver="2.3"><GO type="225" lobby="0"/><UN n0="%E3%81%AF%E3%82%88%E3%81%8A%E3%81%98%E3%81%95%E3%82%93" n1="%E4%B8%89%E5%86%A0%E7%8E%8B%E3%83%BB%E5%B1%B1%E7%94%B0%E5%93%B2%E4%BA%BA" n2="%E7%AD%89%E3%80%85%E5%8A%9B%E5%8A%87%E5%A0%B4" n3="%6D%75%75%6D%75%72%61" dan="17,16,16,16" rate="2214.63,2123.98,2174.02,2128.94" sx="M,M,M,F"/><TAIKYOKU oya="0"/><INIT seed="0,0,0,2,0,57" ten="250,250,250,250" oya="0" hai0="32,80,44,29,17,92,41,14,96,91,42,72,75" hai1="130,61,125,19,102,39,33,50,67,12,114,90,93" hai2="76,85,89,64,135,36,78,82,51,97,109,126,31" hai3="43,66,26,113,84,70,1,24,131,111,110,124,73"/><T54/><D32/><U48/><E39/><V99/><F36/><W22/><G73/><T40/><D29/><U11/><E125/><V10/><F109/><N who="3" m="41483" /><G113/><T8/><D80/><U98/><E114/><V122/><F122/><W112/><G112/><T38/><D38/><U15/><E33/><V121/><F121/><W132/><G124/><T5/><D44/><U94/><E15/><V77/><F126/><W119/><G119/><T46/><D46/><U7/><E7/><V95/><F135/><W105/><G105/><T116/><D116/><U129/><E129/><V27/><F99/><W52/><G131/><T4/><D54/><U134/><E134/><V115/><F115/><W49/><G132/><T79/><D79/><U16/><E19/><V34/><F51/><W83/><G1/><T21/><REACH who="0" step="1"/><D4/><REACH who="0" ten="240,250,250,250" step="2"/><U3/><E130/><V106/><F77/><N who="3" m="46191" /><G43/><T87/><D87/><U71/><REACH who="1" step="1"/><E3/><AGARI ba="0,1" hai="3,5,8,14,17,21,40,41,42,72,75,91,92,96" machi="3" ten="40,2000,0" yaku="1,1,53,0" doraHai="57" doraHaiUra="74" who="0" fromWho="1" sc="240,30,250,-20,250,0,250,0" /><INIT seed="0,1,0,0,0,21" ten="270,230,250,250" oya="0" hai0="67,25,33,58,111,104,7,53,62,48,101,69,0" hai1="37,97,99,6,126,79,51,52,95,31,40,41,86" hai2="1,81,89,26,125,110,65,50,132,133,28,124,100" hai3="91,16,87,30,71,112,5,15,80,38,116,134,75"/><T121/><D121/><U47/><E126/><N who="2" m="48747" /><F1/><W44/><G112/><T36/><D36/><U85/><E6/><V93/><F100/><W70/><G116/><T46/><D111/><U61/><E61/><V107/><F107/><W128/><G128/><T118/><D118/><U90/><E31/><V63/><F81/><W83/><G134/><T57/><D7/><U39/><E39/><V24/><F50/><W76/><G30/><N who="0" m="19663" /><D0/><U105/><E105/><V123/><F110/><W68/><G5/><T66/><D67/><U18/><E18/><V73/><F73/><W113/><G113/><T49/><D48/><U115/><E115/><V64/><F123/><W10/><REACH who="3" step="1"/><G71/><REACH who="3" ten="270,230,250,240" step="2"/><T55/><D69/><U59/><REACH who="1" step="1"/><E40/><AGARI ba="1,1" hai="10,15,16,38,40,44,68,70,75,76,80,83,87,91" machi="40" ten="40,8000,1" yaku="1,1,2,1,54,1,53,1" doraHai="21" doraHaiUra="84" who="3" fromWho="1" sc="270,0,230,-83,250,0,240,93" /><INIT seed="1,0,0,5,0,91" ten="270,147,250,333" oya="1" hai0="47,102,6,33,50,49,21,31,35,130,51,99,88" hai1="56,93,8,66,128,98,55,3,123,58,127,54,18" hai2="57,68,38,118,39,87,107,11,61,2,131,65,129" hai3="120,19,82,27,110,96,48,114,44,132,40,62,75"/><U104/><E123/><V34/><F34/><W126/><G120/><T5/><D130/><U133/><E128/><N who="2" m="49227" /><F118/><W26/><G114/><T70/><D70/><U76/><E104/><V95/><F107/><W43/><G110/><T73/><D73/><U16/><E133/><V84/><F84/><W109/><G109/><T92/><D33/><U53/><E127/><V63/><F11/><W83/><G126/><T97/><D35/><U135/><E135/><V89/><F2/><W71/><G132/><T90/><D47/><U14/><E3/><V103/><F103/><W117/><G117/><T105/><REACH who="0" step="1"/><D90/><REACH who="0" ten="260,147,250,333" step="2"/><N who="1" m="55607" /><E76/><V37/><F37/><W7/><G75/><T12/><D12/><N who="1" m="7175" /><E66/><AGARI ba="0,1" hai="38,39,57,61,63,65,66,68,87,89,95" m="49227" machi="66" ten="30,2000,0" yaku="19,1,52,1" doraHai="91" who="2" fromWho="1" sc="260,0,147,-20,250,30,333,0" /><INIT seed="2,0,0,2,2,15" ten="260,127,280,333" oya="2" hai0="92,130,79,113,54,101,59,114,132,81,69,36,37" hai1="9,8,99,26,122,93,83,24,80,82,106,27,11" hai2="41,74,55,67,4,90,34,20,42,35,43,86,107" hai3="57,6,91,32,133,115,25,60,96,125,102,51,78"/><V95/><F107/><W127/><G133/><T71/><D92/><U110/><E110/><V21/><F74/><W65/><G115/><T62/><D101/><U118/><E106/><V66/><F4/><W56/><G78/><T33/><D33/><U39/><E39/><N who="0" m="14921" /><D81/><U119/><E122/><V1/><F1/><W94/><G6/><T123/><D79/><U109/><E109/><V49/><F34/><W84/><G32/><T18/><D18/><U129/><REACH who="1" step="1"/><E129/><REACH who="1" ten="260,117,280,333" step="2"/><V47/><F35/><W53/><G125/><T117/><D130/><U135/><E135/><V44/><F44/><W128/><G127/><T70/><D132/><U38/><E38/><V112/><F112/><W98/><G128/><T75/><D123/><U63/><E63/><V120/><F120/><W134/><G134/><T61/><D114/><U16/><E16/><V5/><F5/><W87/><G25/><T121/><D113/><U7/><E7/><V124/><F124/><W126/><G126/><T58/><D121/><U77/><E77/><V31/><F31/><W97/><G60/><T19/><D19/><U13/><E13/><V72/><F72/><W30/><G30/><T76/><D76/><U104/><E104/><V48/><F49/><W111/><G51/><T28/><D75/><U52/><E52/><V103/><F55/><W89/><G53/><N who="0" m="33999" /><D28/><U29/><E29/><V0/><F48/><W12/><G12/><T50/><D117/><U105/><E105/><V100/><F47/><W46/><G111/><T116/><D116/><U10/><N who="1" m="2048" /><DORA hai="131" /><U14/><E14/><V3/><F3/><RYUUKYOKU ba="0,1" sc="260,15,117,15,280,-15,333,-15" hai0="50,54,59,62,69,70,71" hai1="24,26,27,80,82,83,93,99,118,119" /><INIT seed="3,1,1,1,5,11" ten="275,132,265,318" oya="3" hai0="67,42,27,115,45,41,38,2,117,14,59,13,78" hai1="52,40,133,102,3,71,94,82,44,73,7,28,113" hai2="17,128,64,23,93,72,125,74,66,92,112,46,76" hai3="126,118,81,55,91,132,30,62,101,69,63,134,60"/><W90/><G118/><T97/><D117/><U80/><E113/><V26/><F112/><W127/><G101/><T70/><D115/><U79/><E133/><N who="3" m="51306" /><G30/><T16/><D2/><U99/><E71/><V109/><F109/><W111/><G111/><T39/><D70/><U98/><E28/><V131/><F46/><W104/><G104/><T95/><D78/><U123/><E82/><V20/><F17/><W43/><G43/><N who="0" m="16395" /><D45/><U57/><E123/><V77/><F26/><W89/><G69/><T87/><D87/><U1/><E99/><V105/><F105/><W21/><G81/><T18/><D38/><U8/><E1/><V29/><F29/><W34/><G34/><T83/><D83/><U84/><E73/><V68/><F68/><W5/><G55/><T100/><D39/><U24/><E24/><V12/><F125/><W53/><G53/><T110/><D110/><U116/><E116/><V0/><F0/><W15/><G21/><N who="0" m="13735" /><D18/><U25/><E25/><V61/><F61/><AGARI ba="1,1" hai="13,14,59,61,67,95,97,100" m="13735,16395" machi="61" ten="30,7700,0" yaku="8,1,52,2,54,1" doraHai="11" who="0" fromWho="2" sc="275,90,132,0,265,-80,318,0" owari="365,46.5,132,-36.8,185,-21.5,318,11.8" /></mjloggm>