<mjloggm ver="2.3"><GO type="225" lobby="0"/><UN n0="%E5%A4%9C%E5%85%89%E5%A4%A9%E6%A5%BC" n1="%E8%A8%88%E7%AE%97%E6%A9%9F%E8%87%AA%E7%84%B6" n2="%2D%E8%B1%8A%E5%8F%A3%E3%82%81%E3%81%90%E3%81%BF%2D" n3="%72%69%6F%75%63%68%61%6E" dan="17,17,17,17" rate="2143.27,2184.68,2183.49,2242.54" sx="M,M,M,M"/><TAIKYOKU oya="0"/><INIT seed="0,0,0,0,4,74" ten="250,250,250,250" oya="0" hai0="86,60,52,43,111,63,7,128,118,65,115,125,108" hai1="20,124,123,23,16,107,11,135,31,106,127,94,80" hai2="117,88,40,101,44,85,32,97,36,78,56,15,132" hai3="133,64,27,0,110,45,50,61,103,42,28,54,14"/><T6/><D115/><U84/><E123/><V76/><F32/><W35/><G110/><N who="0" m="42027" /><D118/><U18/><E94/><V95/><F117/><W104/><G133/><T37/><D125/><N who="1" m="48203" /><E135/><V79/><F132/><W77/><G0/><T92/><D128/><U99/><E11/><V81/><F56/><W120/><G120/><T21/><D63/><U131/><E131/><V13/><AGARI ba="0,0" hai="13,15,36,40,44,76,78,79,81,85,88,95,97,101" machi="13" ten="30,8000,1" yaku="0,1,52,3,54,1" doraHai="74" who="2" fromWho="2" sc="250,-40,250,-20,250,80,250,-20" /><INIT seed="1,0,0,4,2,83" ten="210,230,330,230" oya="1" hai0="47,122,37,98,25,97,93,5,22,56,84,115,91" hai1="130,119,105,110,8,126,75,2,125,41,27,61,70" hai2="38,24,127,52,34,116,66,121,31,132,69,90,96" hai3="43,7,21,54,20,89,87,63,10,1,60,50,129"/><U64/><E119/><V49/><F121/><W101/><G129/><T88/><D115/><U92/><E105/><V18/><F116/><W65/><G101/><T26/><D122/><U71/><E75/><V53/><F38/><W4/><G43/><T23/><D5/><N who="1" m="1079" /><E130/><V135/><F127/><N who="1" m="48649" /><E41/><V46/><F18/><W112/><G4/><T39/><D47/><U59/><E110/><V94/><REACH who="2" step="1"/><F53/><REACH who="2" ten="210,230,320,230" step="2"/><W114/><G112/><T58/><D93/><U29/><E92/><V100/><F100/><W36/><G36/><T16/><D16/><U48/><E48/><V123/><F123/><W19/><G114/><T80/><D80/><U104/><E104/><V120/><F120/><W0/><G19/><T117/><D117/><U86/><E86/><AGARI ba="0,1" hai="22,23,25,26,37,39,56,58,84,86,88,91,97,98" machi="86" ten="25,8000,1" yaku="22,2,52,2,54,1" doraHai="83" who="0" fromWho="1" sc="210,90,230,-80,320,0,230,0" /><INIT seed="2,0,0,4,2,126" ten="300,150,320,230" oya="2" hai0="80,118,65,85,134,99,51,10,64,103,92,107,95" hai1="63,82,8,0,121,73,97,2,56,34,41,76,112" hai2="58,46,30,20,91,18,17,24,40,7,135,55,36" hai3="28,96,102,62,128,114,33,19,119,127,27,13,125"/><V66/><F135/><W94/><G128/><T74/><D134/><U132/><E132/><V90/><F66/><W37/><G119/><T101/><D118/><U130/><E112/><V81/><F7/><W68/><G114/><T47/><D74/><U53/><E34/><V105/><F105/><W32/><G37/><T60/><D10/><U50/><E121/><V16/><REACH who="2" step="1"/><F81/><REACH who="2" ten="300,150,310,230" step="2"/><W12/><G127/><T117/><D107/><U109/><E0/><V84/><F84/><W6/><G125/><T26/><D80/><U106/><E106/><V57/><F57/><W5/><G5/><T1/><D65/><U38/><E2/><V115/><F115/><W11/><G68/><T44/><D1/><U77/><E82/><V35/><F35/><W14/><G33/><T21/><D85/><U78/><E56/><V120/><F120/><W88/><G62/><AGARI ba="0,1" hai="16,17,18,20,24,30,36,40,46,55,58,62,90,91" machi="62" ten="40,3900,0" yaku="1,1,54,1,53,0" doraHai="126" doraHaiUra="116" who="2" fromWho="3" sc="300,0,150,0,310,49,230,-39" /><INIT seed="2,1,0,1,5,104" ten="300,150,359,191" oya="2" hai0="88,115,46,126,124,85,29,16,3,116,2,93,14" hai1="8,112,37,82,11,30,1,79,6,97,72,13,38" hai2="65,133,15,40,27,73,25,80,111,58,130,103,114" hai3="36,92,135,122,78,24,51,101,106,23,90,76,55"/><V87/><F114/><W49/><G122/><T39/><D115/><U32/><E112/><V61/><F133/><W35/><G36/><T57/><D116/><U68/><E68/><V42/><F130/><W94/><G135/><T59/><D29/><U33/><E97/><V99/><F111/><W71/><G71/><T48/><D39/><U54/><E32/><V62/><F15/><W63/><G35/><T108/><D108/><U60/><E60/><V4/><F4/><W132/><G132/><T26/><D26/><U125/><E54/><V50/><F73/><W41/><G106/><T56/><D3/><U81/><E125/><N who="0" m="48233" /><D2/><U120/><E81/><V52/><F27/><W22/><G22/><N who="0" m="11543" /><D59/><U102/><E102/><V77/><F25/><W19/><G101/><T98/><D98/><U119/><E119/><V9/><F9/><W134/><G134/><T66/><D66/><U117/><E117/><V67/><F67/><W69/><G69/><T107/><D107/><U109/><E109/><V113/><F113/><W121/><G121/><T17/><D17/><N who="1" m="8359" /><E120/><V96/><F96/><N who="3" m="57367" /><G94/><T129/><D129/><U100/><E100/><V118/><F118/><W18/><G18/><T5/><D5/><U31/><E33/><V89/><F103/><W74/><G74/><T43/><AGARI ba="1,0" hai="43,46,48,56,57,85,88,93" m="11543,48233" machi="43" ten="30,4000,0" yaku="18,1,54,2" doraHai="104" who="0" fromWho="0" sc="300,43,150,-11,359,-21,191,-11" /><INIT seed="3,0,0,3,3,62" ten="343,139,338,180" oya="3" hai0="25,15,87,78,33,34,120,125,47,83,123,43,79" hai1="76,71,107,65,3,6,5,21,19,85,131,38,8" hai2="56,73,99,116,84,51,133,92,58,44,54,96,67" hai3="28,16,20,1,91,112,105,60,49,88,94,111,27"/><W132/><G112/><T72/><D125/><U127/><E131/><V95/><F73/><W4/><G105/><T35/><D25/><U59/><E127/><V86/><F116/><W114/><G114/><T66/><D15/><U9/><E107/><V64/><F133/><W61/><G132/><T103/><D103/><U102/><E38/><V90/><F58/><W23/><G111/><T18/><D18/><U17/><E71/><V110/><F110/><W134/><G134/><T119/><D119/><U109/><E102/><N who="2" m="60679" /><F56/><W81/><G4/><T42/><D42/><U52/><E109/><V22/><F22/><W77/><G1/><T113/><D113/><U26/><E76/><V29/><F29/><W80/><G49/><T104/><D104/><U130/><E85/><AGARI ba="0,0" hai="44,51,54,64,67,84,85,86,90,95,99" m="60679" machi="85" ten="30,3900,0" yaku="8,1,52,2" doraHai="62" who="2" fromWho="1" sc="343,0,139,-39,338,39,180,0" owari="343,14.3,100,-40.0,377,47.7,180,-22.0" /></mjloggm>