<mjloggm ver="2.3"><GO type="225" lobby="0"/><UN n0="%E3%81%86%E3%82%8B%E3%81%8A%E3%81%A1%E3%82%83" n1="%E3%81%8B%E3%82%8F%E3%81%A1%E3%82%83%E3%82%93%35%38" n2="%63%68%78%62%64" n3="%E3%82%A2%E3%82%A4%E3%82%B9%E3%83%86%E3%82%A3%E3%83%BC%E3%81%82%E3%81%B9" dan="16,16,16,16" rate="2060.21,2147.09,2121.51,2115.07" sx="F,M,M,M"/><TAIKYOKU oya="0"/><INIT seed="0,0,0,4,4,48" ten="250,250,250,250" oya="0" hai0="29,83,5,43,52,63,9,12,14,72,44,61,126" hai1="20,27,19,87,80,30,121,7,0,58,117,103,50" hai2="89,105,67,74,82,108,66,125,32,46,135,62,10" hai3="76,73,95,70,96,25,57,8,94,116,56,18,128"/><T112/><D112/><U54/><E117/><V59/><F108/><W123/><G116/><T64/><D126/><U13/><E121/><V68/><F135/><W97/><G70/><T2/><D29/><U55/><E103/><V60/><F32/><W91/><G123/><T100/><D100/><U6/><E0/><V69/><F125/><W77/><G128/><T49/><D63/><U26/><E55/><V35/><F35/><W23/><G8/><T1/><D1/><U104/><E104/><V127/><F105/><W41/><G41/><T107/><D107/><U101/><E101/><V124/><F59/><N who="3" m="22603" /><G73/><T132/><D132/><U134/><E134/><V115/><F115/><W78/><G95/><T22/><D22/><U129/><E129/><V34/><F34/><W38/><G38/><N who="0" m="21623" /><D61/><U131/><E131/><V92/><F10/><W85/><AGARI ba="0,0" hai="18,23,25,76,77,78,85,91,94,96,97" m="22603" machi="85" ten="30,1100,0" yaku="8,1" doraHai="48" who="3" fromWho="3" sc="250,-5,250,-3,250,-3,250,11" /><INIT seed="1,0,0,0,1,32" ten="245,247,247,261" oya="1" hai0="77,126,52,27,44,61,103,104,19,10,119,68,99" hai1="78,16,62,41,38,67,128,31,96,120,83,116,76" hai2="13,122,81,106,79,115,42,4,113,45,69,121,134" hai3="108,1,50,33,89,86,100,5,25,74,9,3,20"/><U15/><E116/><V82/><F106/><W72/><G33/><T123/><D119/><U60/><E120/><V114/><F69/><W71/><G71/><T85/><D126/><U30/><E128/><V87/><F134/><W102/><G108/><T98/><D123/><U117/><E117/><V90/><F13/><W29/><G3/><T131/><D131/><U18/><E38/><N who="2" m="21719" /><F4/><W26/><G26/><T75/><D75/><AGARI ba="0,0" hai="75,79,81,82,87,90,113,114,115,121,122" m="21719" machi="75" ten="30,1000,0" yaku="11,1" doraHai="32" who="2" fromWho="0" sc="245,-10,247,0,247,10,261,0" /><INIT seed="2,0,0,1,2,38" ten="235,247,257,261" oya="2" hai0="48,59,109,90,26,108,105,125,35,76,42,122,97" hai1="7,79,115,11,123,20,47,16,30,65,135,24,102" hai2="95,19,54,64,118,4,25,73,107,84,134,40,55" hai3="58,56,93,33,104,63,103,15,75,130,57,92,126"/><V113/><F118/><W10/><G75/><T45/><D122/><U3/><E115/><V12/><F73/><W36/><G36/><T117/><D125/><U110/><E123/><V132/><F107/><W41/><G33/><T67/><D117/><U106/><E110/><N who="0" m="42601" /><D76/><U111/><E111/><V5/><F113/><W21/><G21/><T128/><D128/><U52/><E135/><N who="2" m="51755" /><F64/><W100/><G130/><T119/><D119/><U69/><E79/><V88/><F25/><W89/><G104/><T49/><D35/><U60/><E106/><V23/><F40/><W81/><G81/><T124/><D124/><U83/><E83/><V127/><F127/><W116/><G126/><T72/><D26/><U9/><E102/><N who="3" m="38954" /><G41/><N who="0" m="24623" /><D72/><U32/><E11/><V18/><F18/><N who="3" m="8567" /><G93/><N who="0" m="56503" /><D105/><U121/><E121/><V39/><F39/><W131/><G131/><T28/><D28/><U34/><REACH who="1" step="1"/><E30/><REACH who="1" ten="235,237,257,261" step="2"/><V129/><F129/><W51/><G116/><T1/><D1/><U70/><E70/><V53/><AGARI ba="0,1" hai="4,5,12,19,23,53,54,55,84,88,95" m="51755" machi="53" ten="30,3000,0" yaku="20,1,54,1" doraHai="38" who="2" fromWho="2" sc="235,-10,237,-10,257,40,261,-10" /><INIT seed="2,1,0,2,2,17" ten="225,227,297,251" oya="2" hai0="92,26,15,114,50,94,88,49,51,14,71,104,113" hai1="61,86,25,97,8,52,65,64,77,117,22,42,59" hai2="30,110,80,90,109,68,31,63,101,12,84,18,55" hai3="11,37,19,73,41,33,120,134,108,29,32,40,57"/><V93/><F55/><W135/><G108/><N who="2" m="41577" /><F63/><W7/><G73/><T24/><D104/><U132/><E117/><V38/><F38/><W128/><G120/><T83/><D71/><U67/><E132/><N who="3" m="50730" /><G19/><T111/><D111/><U106/><E42/><N who="3" m="16490" /><G37/><T121/><D121/><U6/><E106/><V62/><F62/><W122/><G122/><T89/><D50/><U66/><E97/><N who="2" m="59567" /><F68/><W87/><G29/><T3/><REACH who="0" step="1"/><D83/><REACH who="0" ten="215,227,297,251" step="2"/><N who="1" m="47471" /><E66/><V130/><F130/><W35/><G128/><T105/><D105/><U53/><E53/><V34/><F34/><W123/><G123/><T69/><D69/><U119/><E119/><V79/><F79/><W78/><G78/><T102/><D102/><U72/><E72/><V20/><AGARI ba="1,1" hai="12,18,20,30,31,80,84,90" m="59567,41577" machi="20" ten="30,6000,0" yaku="14,1,10,1,52,1" doraHai="17" who="2" fromWho="2" sc="215,-21,227,-21,297,73,251,-21" /><INIT seed="2,2,0,0,5,68" ten="194,206,370,230" oya="2" hai0="27,26,105,104,37,7,61,20,47,57,12,17,19" hai1="38,3,69,43,77,33,42,62,52,133,95,63,5" hai2="21,82,4,50,86,28,32,41,39,16,59,60,67" hai3="127,112,29,44,36,122,130,125,88,83,115,49,94"/><V55/><F4/><W101/><G122/><T134/><D134/><U96/><E33/><V120/><F120/><W56/><G29/><T87/><D7/><U93/><E133/><V51/><F32/><W0/><G0/><T116/><D116/><U129/><E129/><V132/><F28/><W109/><G130/><T90/><D47/><U128/><E128/><V102/><F102/><W78/><G101/><T34/><D37/><U118/><E118/><V107/><F107/><W79/><G56/><T14/><D104/><U35/><E77/><V80/><F132/><W64/><G64/><N who="0" m="38959" /><D105/><U10/><E35/><V18/><F51/><W58/><G58/><T99/><D99/><U2/><E2/><V97/><F97/><W54/><G109/><T119/><D34/><U1/><E1/><V22/><F22/><W75/><G79/><T71/><D71/><U124/><E38/><V23/><F23/><W91/><G91/><T114/><D114/><N who="3" m="43561" /><G36/><T135/><D119/><U98/><E3/><V9/><F9/><W30/><G30/><T103/><D103/><U108/><E10/><V73/><F73/><W15/><G15/><N who="0" m="5675" /><D135/><U48/><E108/><V81/><F21/><W13/><G13/><N who="0" m="9263" /><D19/><U70/><E5/><V76/><F16/><W84/><AGARI ba="2,0" hai="44,49,54,75,78,83,84,88,94,125,127" m="43561" machi="84" ten="30,2000,0" yaku="11,1,54,1" doraHai="68" who="3" fromWho="3" sc="194,-7,206,-7,370,-12,230,26" /><INIT seed="3,0,0,3,5,33" ten="187,199,358,256" oya="3" hai0="31,57,61,100,108,39,6,107,96,51,85,65,67" hai1="8,53,7,3,80,119,126,11,38,133,90,34,28" hai2="131,97,69,17,41,22,72,29,13,76,78,40,56" hai3="132,110,24,86,12,30,94,113,64,14,16,73,129"/><W21/><G73/><T106/><D39/><U135/><E38/><V49/><F69/><W71/><G113/><T81/><D108/><U88/><E126/><V130/><F29/><W123/><G123/><T62/><D31/><U121/><E121/><V18/><F97/><W111/><G132/><N who="1" m="50762" /><E119/><V134/><F134/><W120/><G120/><T58/><D6/><N who="1" m="1119" /><E80/><V118/><F118/><W93/><G129/><N who="2" m="49161" /><F72/><W128/><G128/><T60/><D51/><U54/><E28/><V1/><F1/><W74/><G74/><T45/><D45/><U84/><E34/><V37/><F37/><W70/><G14/><T109/><D109/><N who="3" m="41481" /><G64/><T19/><D19/><U79/><E79/><N who="2" m="30251" /><F18/><W46/><G46/><T122/><D122/><U104/><E104/><V36/><F36/><W0/><G0/><T26/><D26/><U98/><E98/><V59/><F59/><W77/><G77/><T66/><REACH who="0" step="1"/><D106/><REACH who="0" ten="177,199,358,256" step="2"/><U99/><E7/><V127/><F127/><W124/><G124/><T4/><D4/><U44/><E44/><V82/><F49/><W115/><G30/><T43/><D43/><U50/><E50/><V23/><F41/><W95/><G24/><T105/><D105/><U35/><E35/><V20/><F40/><W5/><G5/><T114/><D114/><U47/><E47/><V2/><F17/><W42/><G42/><T125/><D125/><U75/><E75/><V25/><F25/><W102/><G115/><T52/><D52/><N who="1" m="20075" /><E11/><V101/><F23/><W10/><G21/><T87/><D87/><U15/><E84/><V103/><F22/><W112/><G112/><RYUUKYOKU ba="0,1" sc="177,30,199,-10,358,-10,256,-10" hai0="57,58,60,61,62,65,66,67,81,85,96,100,107" owari="207,-19.3,189,-31.1,358,45.8,246,4.6" /></mjloggm>