<mjloggm ver="2.3"><GO type="225" lobby="0"/><UN n0="%6D%75%75%73%61%6E%6D%75" n1="%E5%BA%97%E9%95%B7%4D" n2="%E3%81%AF%E3%82%88%E3%81%8A%E3%81%98%E3%81%95%E3%82%93" n3="%E3%83%81%E3%83%AF%E3%83%AF%E9%9A%8A%E9%95%B7" dan="16,16,17,17" rate="2119.36,2096.20,2144.40,2186.70" sx="F,M,M,M"/><TAIKYOKU oya="0"/><INIT seed="0,0,0,0,2,51" ten="250,250,250,250" oya="0" hai0="11,89,6,22,50,91,4,120,77,87,63,46,129" hai1="99,20,54,38,118,102,5,82,43,134,41,12,123" hai2="103,59,39,121,122,79,9,45,98,25,117,128,126" hai3="81,109,64,52,115,23,97,67,24,124,8,27,111"/><T69/><D120/><U72/><E123/><V116/><F126/><W47/><G115/><T95/><D129/><U73/><E118/><N who="2" m="45675" /><F128/><W90/><G124/><T62/><D77/><U33/><E33/><V49/><F79/><W3/><G24/><T105/><D105/><U26/><E134/><V84/><F84/><N who="3" m="50447" /><G97/><N who="0" m="57583" /><D69/><U94/><E82/><V74/><F74/><W15/><G3/><T37/><D37/><U106/><E106/><N who="2" m="63863" /><F9/><W85/><G85/><T31/><D22/><U83/><E38/><V34/><F59/><W127/><G127/><T86/><D31/><U80/><E83/><V66/><F66/><W36/><G36/><T13/><D4/><U68/><E80/><V93/><F93/><W130/><G130/><T19/><D6/><U104/><E104/><V55/><F39/><W114/><G114/><T16/><D19/><N who="1" m="12575" /><E68/><V92/><F92/><W131/><G131/><T65/><D65/><U96/><E96/><V30/><AGARI ba="0,0" hai="25,30,34,45,49,55,121,122" m="63863,45675" machi="30" ten="30,2000,0" yaku="12,1,52,1" doraHai="51" who="2" fromWho="2" sc="250,-10,250,-5,250,20,250,-5" /><INIT seed="1,0,0,3,0,120" ten="240,245,270,245" oya="1" hai0="132,107,128,103,59,35,123,11,31,99,125,77,50" hai1="26,32,28,83,18,134,85,53,44,124,17,79,51" hai2="34,131,40,117,96,60,23,38,74,111,24,16,98" hai3="3,15,2,10,39,112,45,70,109,86,97,62,37"/><U80/><E124/><V75/><F117/><W13/><G112/><T87/><D125/><U101/><E134/><V21/><F34/><W63/><G86/><T19/><D132/><U4/><E4/><V61/><F131/><W68/><G97/><T20/><D128/><U22/><E101/><V94/><F111/><W88/><G45/><T46/><D123/><U9/><E9/><V29/><F96/><W110/><G10/><T58/><D35/><U54/><E32/><V71/><F40/><W135/><G135/><T48/><D31/><U33/><E33/><V36/><F38/><W121/><G121/><T43/><D11/><U47/><E83/><V42/><F42/><W25/><G25/><T7/><D7/><U49/><AGARI ba="0,0" hai="17,18,22,26,28,44,47,49,51,53,54,79,80,85" machi="49" ten="30,6000,0" yaku="0,1,9,1,8,1" doraHai="120" who="1" fromWho="1" sc="240,-20,245,60,270,-20,245,-20" /><INIT seed="1,1,0,2,3,77" ten="220,305,250,225" oya="1" hai0="102,63,19,96,1,61,55,86,66,44,72,121,67" hai1="106,47,87,7,35,79,73,16,104,78,31,33,29" hai2="81,125,21,27,116,83,133,30,103,85,74,135,24" hai3="10,113,32,62,37,59,91,2,23,41,45,92,5"/><U111/><E73/><V49/><F116/><W51/><G32/><T69/><D72/><U130/><E7/><V112/><F74/><W71/><G113/><T14/><D1/><U101/><E47/><V70/><F70/><W82/><G71/><T13/><D121/><U40/><E87/><V65/><F65/><W117/><G117/><T109/><D109/><U99/><E99/><V43/><F112/><W39/><G23/><T100/><D67/><U115/><E101/><V132/><F125/><W107/><G107/><T56/><D44/><U98/><E98/><V12/><F103/><W122/><G122/><T110/><D110/><U17/><E115/><V58/><F85/><W129/><G129/><T88/><D19/><U131/><E40/><V128/><F128/><W84/><REACH who="3" step="1"/><G92/><REACH who="3" ten="220,305,250,215" step="2"/><T42/><D42/><U3/><E3/><V120/><F120/><W75/><G75/><T4/><D4/><U25/><E111/><V46/><F133/><W57/><G57/><T8/><D8/><U60/><E25/><N who="2" m="16687" /><F58/><W36/><G36/><T52/><D69/><U6/><E106/><V22/><F12/><W9/><G9/><T93/><D13/><U108/><E104/><V105/><F105/><W134/><G134/><N who="2" m="51241" /><F24/><W119/><G119/><T0/><D14/><U26/><E26/><V54/><F43/><W18/><G18/><AGARI ba="1,1" hai="18,22,27,46,49,54,81,83" m="51241,16687" machi="18" ten="30,3900,0" yaku="20,1,52,2" doraHai="77" who="2" fromWho="3" sc="220,0,305,0,250,52,215,-42" /><INIT seed="2,0,0,3,2,34" ten="220,305,302,173" oya="2" hai0="24,62,48,7,131,120,128,113,84,117,67,116,66" hai1="102,96,47,83,123,78,121,56,9,119,8,103,124" hai2="129,17,130,105,97,132,14,79,19,49,52,58,65" hai3="6,41,15,104,127,46,88,72,87,82,59,40,42"/><V112/><F112/><W94/><G104/><T50/><D113/><U92/><E119/><N who="0" m="45641" /><D7/><U29/><E124/><V13/><F132/><W107/><G107/><T53/><D24/><U85/><E29/><V89/><F79/><W91/><G127/><T1/><D84/><U0/><E56/><V133/><F133/><W22/><G59/><N who="0" m="35183" /><D1/><U77/><E47/><V71/><F65/><N who="0" m="24586" /><D120/><N who="1" m="46155" /><E0/><V95/><F71/><W118/><G118/><T75/><D75/><U93/><E78/><V45/><F105/><W43/><G72/><T69/><D69/><U115/><E115/><V74/><F74/><W23/><G6/><T5/><D5/><U36/><E36/><V11/><REACH who="2" step="1"/><F58/><REACH who="2" ten="220,305,292,173" step="2"/><W122/><G122/><T70/><D70/><U30/><E30/><V99/><F99/><AGARI ba="0,1" hai="8,9,77,83,85,92,93,96,99,102,103" m="46155" machi="99" ten="30,1000,0" yaku="13,1" doraHai="34" who="1" fromWho="2" sc="220,0,305,20,292,-10,173,0" /><INIT seed="3,0,0,2,3,93" ten="220,325,282,173" oya="3" hai0="32,128,75,118,135,2,104,90,100,134,33,73,96" hai1="111,20,6,107,5,68,49,85,103,115,1,19,69" hai2="60,17,82,121,87,89,23,64,117,7,15,79,34" hai3="38,25,126,22,4,42,18,84,119,88,13,30,76"/><W124/><G76/><T86/><D118/><U74/><E74/><N who="0" m="28169" /><D2/><U24/><E115/><V97/><F117/><W105/><G4/><T14/><D14/><U101/><E111/><V94/><F121/><W102/><G119/><T92/><D128/><U127/><E127/><N who="3" m="48682" /><G38/><T66/><D66/><U62/><E107/><V48/><F34/><W83/><G42/><T43/><D43/><U63/><E1/><V29/><F29/><W131/><G131/><T35/><D35/><U39/><E39/><V11/><F48/><W61/><G61/><N who="1" m="23050" /><E69/><V106/><F106/><W71/><G71/><T110/><D33/><U26/><E68/><V10/><REACH who="2" step="1"/><F7/><REACH who="2" ten="220,325,272,173" step="2"/><N who="1" m="2569" /><E26/><V133/><F133/><N who="0" m="50698" /><D32/><U120/><E120/><V3/><F3/><W113/><G113/><T132/><D132/><U46/><E85/><V78/><F78/><W45/><G105/><T53/><D110/><U91/><E91/><V99/><F99/><W95/><G102/><T27/><D104/><U77/><E77/><V108/><F108/><W41/><G30/><T130/><D130/><U112/><E112/><V81/><F81/><W52/><G83/><T65/><D100/><U47/><E47/><V55/><F55/><AGARI ba="0,1" hai="19,20,24,46,49,55,101,103" m="2569,23050" machi="55" ten="30,1000,0" yaku="8,1" doraHai="93" who="1" fromWho="2" sc="220,0,325,20,272,-10,173,0" owari="220,-18.0,345,44.5,262,6.2,173,-32.7" /></mjloggm>