<mjloggm ver="2.3"><GO type="225" lobby="0"/><UN n0="%E3%83%B4%E3%82%A3%E3%83%AF%E3%82%B3%E3%82%B0%E3%83%8B" n1="%E3%81%86%E3%83%BC%E3%81%B1%E3%83%BC" n2="%E6%B0%B7%E5%B7%9D%E9%87%8C%E5%A5%88" n3="%E9%80%86%E9%80%A3%E5%B8%AF%E3%81%AE%E9%AC%BC" dan="16,17,16,16" rate="2163.91,2162.56,2129.31,2106.22" sx="M,F,F,M"/><TAIKYOKU oya="0"/><INIT seed="0,0,0,2,1,102" ten="250,250,250,250" oya="0" hai0="86,41,7,33,26,23,95,96,68,5,47,22,81" hai1="93,105,71,50,35,65,18,75,40,119,63,83,85" hai2="130,59,14,0,66,8,21,131,53,84,57,39,44" hai3="101,1,67,92,134,17,43,123,70,16,6,98,37"/><T25/><D68/><U116/><E35/><V11/><F0/><W9/><G134/><T89/><D33/><U80/><E105/><V45/><F39/><W76/><G123/><T72/><D72/><U61/><E93/><V90/><F130/><W42/><G76/><T31/><D47/><U87/><E75/><V120/><F131/><W125/><G125/><T114/><D41/><U103/><E103/><V51/><F120/><W56/><G70/><T104/><D104/><U30/><E18/><V69/><F69/><W34/><G34/><T64/><D64/><U79/><E30/><V24/><F66/><W3/><G3/><T49/><D49/><U127/><E63/><V129/><F129/><W74/><G74/><T132/><D114/><U107/><E107/><V112/><F112/><W28/><G28/><N who="0" m="17463" /><D132/><U38/><E38/><V91/><F91/><AGARI ba="0,0" hai="5,7,23,26,31,81,86,89,91,95,96" m="17463" machi="91" ten="30,1500,0" yaku="8,1" doraHai="102" who="0" fromWho="2" sc="250,15,250,0,250,-15,250,0" /><INIT seed="0,1,0,2,4,114" ten="265,250,235,250" oya="0" hai0="15,71,90,116,88,23,119,53,123,99,47,59,33" hai1="6,127,89,64,82,22,43,26,0,66,32,74,17" hai2="4,8,37,111,105,10,112,97,94,106,11,29,109" hai3="108,85,34,19,78,9,5,46,73,98,35,122,115"/><T2/><D123/><U80/><E127/><V132/><F112/><W126/><G122/><T62/><D2/><U67/><E32/><V110/><F4/><W39/><G126/><T91/><D33/><U42/><E74/><V61/><F37/><W135/><G135/><T68/><D99/><U3/><E0/><V49/><F132/><W41/><G108/><T30/><D47/><U7/><E3/><V75/><F75/><W55/><G115/><T20/><D20/><U69/><E69/><V128/><F29/><W57/><G85/><T101/><D101/><U95/><E7/><V56/><F49/><W113/><G113/><T77/><D77/><U104/><E6/><V107/><F128/><W87/><G87/><T65/><D15/><U70/><E70/><V83/><F83/><N who="1" m="31785" /><E104/><V44/><F44/><W12/><G73/><T58/><D68/><U79/><E79/><V24/><F24/><W14/><G78/><T50/><REACH who="0" step="1"/><D71/><REACH who="0" ten="255,250,235,250" step="2"/><U102/><E102/><V36/><F36/><W84/><G98/><AGARI ba="1,1" hai="17,22,26,42,43,64,66,67,89,95,98" m="31785" machi="98" ten="30,1000,0" yaku="8,1" doraHai="114" who="1" fromWho="3" sc="255,0,250,23,235,0,250,-13" /><INIT seed="1,0,0,3,2,92" ten="255,273,235,237" oya="1" hai0="91,24,48,35,98,25,29,59,70,84,109,83,43" hai1="87,79,126,85,63,115,77,127,41,21,67,30,80" hai2="54,110,95,17,88,72,53,81,102,13,14,112,117" hai3="39,74,133,40,68,94,131,9,31,130,66,57,125"/><U120/><E115/><V105/><F117/><W119/><G119/><T116/><D116/><U49/><E120/><V62/><F110/><W44/><G74/><T32/><D109/><U16/><E30/><V55/><F112/><W47/><G31/><T26/><D70/><U36/><E36/><V122/><F122/><W129/><G133/><T114/><D114/><U56/><E41/><V90/><F105/><W118/><G118/><T134/><D134/><U123/><E49/><V99/><F62/><W108/><G108/><T11/><D35/><U51/><E51/><V15/><REACH who="2" step="1"/><F17/><REACH who="2" ten="255,273,225,237" step="2"/><W106/><G106/><T124/><D29/><U82/><REACH who="1" step="1"/><E123/><REACH who="1" ten="255,263,225,237" step="2"/><V113/><F113/><W1/><G130/><T2/><D124/><U132/><E132/><V27/><F27/><AGARI ba="0,2" hai="16,21,27,56,63,67,77,79,80,82,85,87,126,127" machi="27" ten="40,7700,0" yaku="1,1,9,1,54,1,53,0" doraHai="92" doraHaiUra="71" who="1" fromWho="2" sc="255,0,263,97,225,-77,237,0" /><INIT seed="1,1,0,1,2,117" ten="255,360,148,237" oya="1" hai0="84,82,47,122,48,114,80,112,41,15,72,27,58" hai1="108,23,95,66,121,71,51,68,75,124,100,7,10" hai2="101,64,0,135,53,32,49,134,128,19,123,97,133" hai3="125,44,129,116,14,98,96,5,11,9,18,77,120"/><U103/><E75/><V110/><F32/><W42/><G129/><T55/><D72/><U54/><E121/><V78/><F0/><W45/><G125/><T88/><D122/><U79/><E79/><V65/><F128/><W22/><G116/><T21/><D15/><U26/><E108/><V111/><F78/><W81/><G120/><T40/><D80/><U2/><E124/><V46/><F19/><W85/><G11/><T67/><D67/><U83/><E83/><V17/><F123/><W35/><G35/><T73/><D73/><U107/><E107/><V63/><F17/><W93/><G93/><T52/><D55/><U31/><E66/><V3/><F3/><W113/><G113/><T119/><D119/><U99/><E100/><V56/><REACH who="2" step="1"/><F64/><REACH who="2" ten="255,360,138,237" step="2"/><W29/><G29/><T1/><D1/><U50/><E2/><V38/><F38/><W74/><G74/><T30/><D41/><U60/><E7/><V132/><N who="2" m="33792" /><DORA hai="94" /><V36/><F36/><AGARI ba="1,1" hai="21,27,30,36,40,47,48,52,58,82,84,88,112,114" machi="36" ten="30,3900,0" yaku="7,1,54,2" doraHai="117,94" who="0" fromWho="2" sc="255,52,360,0,138,-42,237,0" /><INIT seed="2,0,0,5,3,10" ten="307,360,96,237" oya="2" hai0="62,55,101,121,107,56,130,47,58,74,128,16,123" hai1="32,87,90,126,125,88,20,91,75,19,11,37,23" hai2="0,39,15,5,71,14,69,40,29,106,1,127,31" hai3="96,25,27,70,108,54,28,13,66,79,105,50,68"/><V53/><F106/><W129/><G108/><T45/><D74/><U83/><E75/><V67/><F127/><N who="1" m="48649" /><E32/><V48/><F31/><W43/><G129/><N who="0" m="49771" /><D101/><U24/><E37/><V7/><F29/><W18/><G43/><T98/><D98/><U9/><E23/><V120/><F120/><N who="0" m="46154" /><D16/><N who="1" m="12295" /><E11/><V116/><F116/><W109/><G109/><T112/><D107/><U41/><E41/><V102/><F102/><W122/><G122/><T119/><D112/><U46/><E46/><N who="0" m="17417" /><D56/><U85/><E85/><V34/><F34/><W103/><G79/><T21/><D21/><U77/><E19/><V93/><F93/><W4/><G4/><N who="2" m="1609" /><F40/><W111/><G105/><T84/><D84/><U17/><E17/><V95/><F39/><W100/><G28/><T104/><D104/><U36/><E36/><V118/><F118/><AGARI ba="0,0" hai="55,58,62,118,119" m="17417,46154,49771" machi="118" ten="40,5200,0" yaku="19,1,34,2" doraHai="10" who="0" fromWho="2" sc="307,52,360,0,96,-52,237,0" /><INIT seed="3,0,0,1,0,87" ten="359,360,44,237" oya="3" hai0="129,119,14,100,76,17,49,43,122,42,8,91,2" hai1="40,16,45,6,15,36,95,92,97,9,27,82,124" hai2="55,96,18,5,26,85,77,37,101,126,106,115,60" hai3="123,110,86,81,67,133,72,23,29,103,33,19,89"/><W68/><G123/><T7/><D119/><U127/><BYE who="2" /><E82/><V47/><F47/><W65/><G133/><UN n2="%E6%B0%B7%E5%B7%9D%E9%87%8C%E5%A5%88" /><T0/><BYE who="2" /><D122/><U79/><E79/><V90/><F90/><UN n2="%E6%B0%B7%E5%B7%9D%E9%87%8C%E5%A5%88" /><W98/><G110/><T75/><BYE who="2" /><D129/><UN n2="%E6%B0%B7%E5%B7%9D%E9%87%8C%E5%A5%88" /><U93/><E97/><V52/><F52/><W117/><BYE who="2" /><G117/><T54/><D100/><UN n2="%E6%B0%B7%E5%B7%9D%E9%87%8C%E5%A5%88" /><U10/><REACH who="1" step="1"/><E27/><REACH who="1" ten="359,350,44,237" step="2"/><V1/><F1/><BYE who="2" /><AGARI ba="0,1" hai="1,6,9,10,15,16,36,40,45,92,93,95,124,127" machi="1" ten="40,8000,1" yaku="1,1,2,1,54,1,53,1" doraHai="87" doraHaiUra="32" who="1" fromWho="2" sc="359,0,350,90,44,-80,237,0" owari="359,15.9,440,54.0,-36,-53.6,237,-16.3" /></mjloggm>