<mjloggm ver="2.3"><GO type="225" lobby="0"/><UN n0="%E6%98%93%E5%88%A9%E8%96%A9%E4%BC%AF" n1="%4C%4F%4C%49%54%41" n2="%28%EF%BF%A3%E2%96%BD%EF%BF%A3%29%CE%B4%E2%8C%92%E3%83%BB" n3="%E3%83%B4%E3%83%A0%EF%BC%99%E3%81%A6" dan="16,16,17,16" rate="2119.72,2202.97,2271.25,2112.21" sx="F,F,M,M"/><TAIKYOKU oya="0"/><INIT seed="0,0,0,2,3,39" ten="250,250,250,250" oya="0" hai0="42,44,94,32,78,72,45,128,55,127,134,60,29" hai1="115,53,14,66,12,24,35,13,126,77,34,7,133" hai2="57,114,80,86,93,110,84,46,109,40,43,10,85" hai3="56,119,51,37,59,4,102,125,31,101,38,73,70"/><T75/><D127/><U121/><E121/><V6/><F114/><W95/><G125/><T67/><D134/><U3/><E126/><V21/><F46/><W98/><G70/><T11/><D128/><U26/><E66/><V17/><F80/><W36/><G119/><T8/><D55/><U62/><E77/><V87/><F57/><W69/><G69/><T111/><D45/><U25/><E62/><V16/><N who="2" m="21504" /><DORA hai="124" /><V131/><F93/><W106/><G73/><T83/><D75/><U81/><E53/><V28/><F28/><W112/><G112/><T2/><D94/><U33/><E81/><V27/><F17/><W54/><G31/><T104/><D111/><N who="2" m="42506" /><F131/><W99/><G4/><N who="0" m="1047" /><D11/><N who="1" m="2559" /><E115/><V18/><F18/><W91/><REACH who="3" step="1"/><G59/><REACH who="3" ten="250,250,250,240" step="2"/><T49/><D29/><U100/><E100/><AGARI ba="0,1" hai="36,37,38,51,54,56,91,95,98,99,100,101,102,106" machi="100" ten="40,8000,1" yaku="1,1,2,1,53,3" doraHai="39,124" doraHaiUra="135,96" who="3" fromWho="1" sc="250,0,250,-80,250,0,240,90" /><INIT seed="1,0,0,2,4,94" ten="250,170,250,330" oya="1" hai0="74,78,45,127,13,129,34,86,132,18,36,133,55" hai1="23,30,72,115,14,79,47,134,123,20,122,4,83" hai2="41,75,69,118,119,29,64,53,121,89,19,87,27" hai3="33,126,77,62,38,7,21,44,6,8,124,25,92"/><U91/><E115/><V114/><F75/><W93/><G33/><T128/><D34/><U90/><E134/><N who="0" m="51817" /><D74/><U1/><E1/><V2/><F2/><W82/><G62/><T9/><D78/><U11/><E47/><V5/><F5/><W16/><G38/><T81/><D127/><N who="3" m="48681" /><G44/><T31/><D55/><U37/><E37/><V46/><F53/><W101/><G101/><T95/><D81/><U42/><E42/><V67/><F19/><W43/><G43/><N who="0" m="22759" /><D31/><U65/><E65/><V111/><F114/><W54/><G54/><T130/><D86/><U73/><E72/><V85/><F85/><N who="3" m="48335" /><G6/><T104/><D95/><U131/><E131/><V26/><F46/><W48/><G48/><T103/><D103/><U100/><E100/><V49/><F41/><W3/><AGARI ba="0,0" hai="3,7,8,16,21,25,92,93" m="48335,48681" machi="3" ten="30,2000,0" yaku="18,1,54,1" doraHai="94" who="3" fromWho="3" sc="250,-5,170,-10,250,-5,330,20" /><INIT seed="2,0,0,3,5,95" ten="245,160,245,350" oya="2" hai0="66,79,85,106,101,46,6,20,123,23,68,111,112" hai1="130,131,133,8,9,135,27,89,129,62,33,124,56" hai2="107,5,91,47,76,88,59,17,73,116,40,87,30" hai3="110,109,113,64,2,134,52,121,86,103,28,35,115"/><V22/><F107/><W126/><G121/><T102/><D123/><U12/><E89/><V15/><F116/><W92/><G134/><N who="1" m="51210" /><E56/><V84/><F73/><W98/><G126/><T119/><D119/><U128/><E62/><V39/><F30/><W13/><G2/><T48/><D112/><N who="3" m="43081" /><G64/><T75/><D75/><U11/><E130/><V83/><F5/><W29/><G13/><T54/><D6/><N who="1" m="3095" /><E124/><V114/><F114/><W125/><G125/><T14/><D111/><N who="3" m="42505" /><G35/><T77/><D66/><U26/><E26/><V90/><REACH who="2" step="1"/><F59/><REACH who="2" ten="245,160,235,350" step="2"/><W16/><G16/><T81/><D68/><U99/><E99/><V67/><F67/><W94/><G86/><T63/><D85/><U70/><E70/><V71/><F71/><W1/><G29/><AGARI ba="0,1" hai="9,11,27,29,33,128,129,131" m="3095,51210" machi="29" ten="40,8000,1" yaku="19,1,20,1,34,2" doraHai="95" who="1" fromWho="3" sc="245,0,160,90,235,0,350,-80" /><INIT seed="3,0,0,1,2,127" ten="245,250,235,270" oya="3" hai0="83,113,77,8,108,63,91,4,40,50,20,14,15" hai1="97,57,19,44,22,85,34,119,124,28,9,99,7" hai2="73,70,93,84,117,32,112,51,123,25,76,24,56" hai3="62,1,16,81,10,94,17,128,43,33,61,31,130"/><W89/><G81/><T120/><D120/><U37/><E124/><V45/><F70/><W79/><G79/><T125/><D108/><U38/><E119/><V53/><F117/><W36/><G31/><T105/><D105/><U100/><E34/><V0/><F0/><W39/><G33/><T58/><D113/><U80/><E28/><V23/><F112/><W132/><G132/><T5/><D91/><U74/><E74/><V101/><F123/><W47/><G39/><T52/><D20/><U65/><E44/><V92/><F73/><W12/><G17/><T48/><D125/><U104/><E97/><N who="2" m="59559" /><F32/><W121/><G1/><T42/><D40/><U78/><E57/><V30/><F25/><W118/><G118/><T46/><D15/><U27/><E65/><V111/><F111/><W41/><G41/><T129/><D129/><N who="3" m="49769" /><G121/><T21/><D21/><U13/><AGARI ba="0,0" hai="7,9,13,19,22,27,37,38,78,80,85,99,100,104" machi="13" ten="20,1500,0" yaku="0,1,7,1" doraHai="127" who="1" fromWho="1" sc="245,-4,250,15,235,-4,270,-7" /><INIT seed="4,0,0,2,0,120" ten="241,265,231,263" oya="0" hai0="116,107,122,32,110,65,16,13,108,93,97,74,105" hai1="36,33,118,60,104,18,10,73,63,31,77,34,76" hai2="135,40,87,69,27,44,38,6,42,68,95,39,50" hai3="130,56,133,123,84,25,45,21,47,103,96,71,3"/><T51/><D116/><U115/><E118/><V35/><F6/><W125/><G71/><N who="2" m="27209" /><F95/><W53/><G123/><T8/><D122/><U5/><E104/><V67/><F87/><W83/><G3/><T114/><D114/><U59/><E18/><V29/><F27/><W7/><G7/><T49/><D74/><U112/><E36/><N who="2" m="13867" /><F29/><W23/><G125/><T85/><D65/><U129/><E31/><V46/><F35/><W111/><G130/><T99/><D85/><U12/><E129/><V2/><F2/><W30/><G21/><T124/><D124/><U20/><E20/><V4/><F4/><W43/><G43/><N who="2" m="16425" /><F135/><W75/><G133/><T92/><D32/><U37/><E33/><V72/><F72/><W121/><G75/><T89/><D105/><U9/><E34/><V17/><F17/><W94/><G121/><T28/><D107/><U134/><E134/><V109/><F109/><N who="0" m="42090" /><D28/><U11/><E73/><V127/><F127/><W1/><G111/><T98/><D98/><U100/><E112/><V132/><F132/><W106/><G106/><T22/><D22/><U0/><E115/><V66/><F46/><W80/><G1/><T52/><D52/><AGARI ba="0,0" hai="44,50,52,66,67" m="16425,13867,27209" machi="52" ten="30,12000,2" yaku="35,5,54,1" doraHai="120" who="2" fromWho="0" sc="241,-120,265,0,231,120,263,0" owari="121,-37.9,265,6.5,351,45.1,263,-13.7" /></mjloggm>