<mjloggm ver="2.3"><GO type="225" lobby="0"/><UN n0="%E7%99%BD%E9%B9%BF%E6%84%9B%E8%8E%89" n1="%E5%B8%86%E7%AB%8B%E5%A4%8F%E8%A1%A3" n2="%72%61%6B%33" n3="%E7%BD%AA%E5%88%91%E6%B3%95%E5%AE%9A%E4%B8%BB%E7%BE%A9" dan="17,17,16,16" rate="2134.14,2152.95,2237.53,2160.62" sx="F,M,M,M"/><TAIKYOKU oya="0"/><INIT seed="0,0,0,0,1,106" ten="250,250,250,250" oya="0" hai0="7,33,124,75,60,34,113,6,29,118,55,114,127" hai1="20,84,107,1,132,135,45,47,105,87,57,125,42" hai2="102,9,74,17,81,12,111,122,98,116,21,58,104" hai3="119,50,133,26,27,54,39,77,110,61,83,123,93"/><T130/><D60/><U22/><E1/><V89/><F122/><W76/><G119/><T5/><D55/><U131/><E125/><N who="0" m="48201" /><D118/><U129/><REACH who="1" step="1"/><E57/><REACH who="1" ten="250,240,250,250" step="2"/><V62/><F116/><W94/><G123/><T69/><D69/><U96/><E96/><V43/><F58/><W90/><G133/><T92/><D130/><U63/><E63/><V100/><F62/><W80/><G61/><T11/><D114/><U91/><E91/><V48/><F89/><W115/><G90/><T64/><D113/><U15/><E15/><V2/><F2/><W46/><G115/><T36/><D64/><U85/><E85/><V120/><F120/><W3/><G3/><T68/><D68/><U10/><E10/><V4/><F98/><W86/><G86/><T41/><D11/><U126/><E126/><V109/><F9/><W82/><G77/><T28/><D75/><U49/><E49/><V128/><F48/><W71/><G76/><T79/><D79/><U103/><E103/><V44/><F100/><W30/><G71/><T99/><D36/><U112/><E112/><V52/><F102/><W16/><G39/><T13/><D13/><U19/><E19/><V95/><F17/><W0/><G0/><T37/><D99/><U97/><E97/><V38/><F12/><W14/><G14/><T23/><D5/><U117/><E117/><V65/><F4/><W53/><G16/><T108/><D6/><U66/><E66/><V72/><F65/><W121/><G121/><T18/><D18/><U40/><AGARI ba="0,1" hai="20,22,40,42,45,47,84,87,105,107,129,131,132,135" machi="40" ten="25,6400,0" yaku="1,1,0,1,22,2,53,0" doraHai="106" doraHaiUra="31" who="1" fromWho="1" sc="250,-32,240,74,250,-16,250,-16" /><INIT seed="1,0,0,4,1,83" ten="218,314,234,234" oya="1" hai0="30,109,2,39,105,26,110,71,78,88,115,75,56" hai1="126,60,6,129,131,0,117,34,133,15,58,51,92" hai2="76,8,97,98,57,41,14,104,122,108,12,106,10" hai3="27,62,11,66,120,22,53,84,116,28,72,67,61"/><U100/><E117/><V13/><F122/><W19/><G72/><T82/><D71/><U46/><E34/><V134/><F41/><W135/><G120/><T94/><D39/><U113/><E0/><V74/><F57/><N who="3" m="34991" /><G135/><T40/><D115/><U121/><E113/><V31/><F31/><W114/><G114/><T79/><D2/><U4/><E133/><V85/><F134/><W73/><G73/><T37/><D78/><U25/><E25/><V123/><F74/><W5/><G116/><T65/><D105/><U21/><E126/><V80/><F108/><N who="0" m="41578" /><D40/><N who="1" m="25031" /><E121/><V81/><F123/><W96/><G96/><N who="0" m="57415" /><D37/><U101/><E131/><V42/><F42/><W112/><G112/><T90/><D90/><U99/><E101/><V77/><REACH who="2" step="1"/><F13/><REACH who="2" ten="218,314,224,234" step="2"/><N who="3" m="5359" /><G28/><T3/><D3/><U124/><E129/><V23/><F23/><W24/><G24/><T102/><D26/><U86/><E21/><V63/><F63/><W130/><G130/><T43/><D30/><U55/><E15/><V47/><F47/><W32/><G32/><T45/><D45/><U50/><E60/><V111/><F111/><W127/><G127/><T38/><D38/><U70/><E124/><V119/><F119/><W93/><G62/><N who="0" m="38087" /><D43/><U18/><E70/><V68/><F68/><W128/><G128/><T118/><D118/><U20/><E20/><V87/><AGARI ba="0,1" hai="8,10,12,14,76,77,80,81,85,87,97,98,104,106" machi="87" ten="25,12000,2" yaku="1,1,0,1,22,2,52,2,53,0" doraHai="83" doraHaiUra="48" who="2" fromWho="2" sc="218,-30,314,-60,224,130,234,-30" /><INIT seed="2,0,0,4,4,67" ten="188,254,354,204" oya="2" hai0="81,125,55,48,39,11,84,59,50,51,71,106,43" hai1="111,73,3,6,104,102,40,68,128,113,0,80,70" hai2="108,41,83,5,105,26,127,15,21,85,117,95,23" hai3="75,101,110,69,4,107,61,52,121,18,91,64,36"/><V118/><F105/><W7/><G121/><T97/><D125/><U42/><E113/><V54/><F127/><W24/><G36/><T92/><D106/><U129/><E42/><V94/><F108/><W122/><G122/><T35/><D35/><U33/><E40/><V17/><F41/><W82/><G110/><T28/><D28/><U124/><E33/><V98/><F54/><W90/><G90/><T123/><D123/><U135/><E135/><V30/><F5/><W32/><G52/><T60/><D11/><N who="1" m="2503" /><E3/><V133/><F133/><W58/><G58/><T66/><D92/><U132/><E132/><V12/><F12/><W38/><G38/><T65/><D97/><N who="1" m="61519" /><E111/><V99/><F98/><N who="3" m="61879" /><G18/><T31/><D31/><U89/><E89/><V126/><F126/><W25/><G25/><T37/><D37/><U19/><E19/><V114/><F114/><W56/><G56/><T77/><D65/><U45/><E45/><AGARI ba="0,0" hai="39,43,45,48,50,51,55,59,60,66,71,77,81,84" machi="45" ten="40,5200,0" yaku="24,2,52,1" doraHai="67" who="0" fromWho="1" sc="188,52,254,-52,354,0,204,0" /><INIT seed="3,0,0,4,2,104" ten="240,202,354,204" oya="3" hai0="63,17,42,95,134,0,35,120,70,85,33,80,8" hai1="88,71,92,20,68,64,89,133,54,45,127,119,72" hai2="39,62,98,26,99,51,14,84,96,115,10,87,122" hai3="126,79,128,56,125,29,7,15,21,57,114,78,69"/><W32/><G114/><T41/><D120/><U1/><E119/><V22/><F39/><W34/><G69/><T73/><D95/><U27/><E1/><V55/><F62/><W67/><G128/><T53/><D73/><U103/><E72/><V105/><F105/><W52/><G67/><T116/><D116/><U129/><E129/><V90/><F90/><N who="1" m="34921" /><E71/><V94/><F94/><W110/><G110/><T9/><D8/><U112/><E68/><V74/><F74/><W49/><G57/><T135/><D53/><U46/><E64/><V81/><F81/><W3/><G3/><T60/><D17/><N who="1" m="12687" /><E133/><N who="0" m="50697" /><D9/><U108/><E127/><N who="3" m="48650" /><G7/><T123/><D0/><U93/><E108/><V37/><F122/><W59/><G59/><T43/><D123/><U77/><E112/><V47/><F115/><W18/><G29/><T2/><D2/><U86/><E103/><V19/><F37/><W118/><G118/><T30/><D30/><AGARI ba="0,0" hai="10,14,19,22,26,30,47,51,55,84,87,96,98,99" machi="30" ten="40,1300,0" yaku="8,1" doraHai="104" who="2" fromWho="0" sc="240,-13,202,0,354,13,204,0" owari="227,2.7,202,-29.8,367,46.7,204,-19.6" /></mjloggm>