<mjloggm ver="2.3"><GO type="225" lobby="0"/><UN n0="%E3%83%A9%E3%83%BC%E3%83%A1%E3%83%B3%E4%BA%94%E9%83%8E" n1="%E4%BA%95%E5%B8%AF" n2="%E3%82%A2%E3%83%BC%E3%83%A2%E3%83%AD%E3%83%BC%E3%83%B4%E3%82%A1" n3="%48%61%61%61%6C%61%6E%64" dan="16,16,16,18" rate="2050.02,2070.13,2148.79,2281.17" sx="M,M,M,M"/><TAIKYOKU oya="0"/><INIT seed="0,0,0,3,0,3" ten="250,250,250,250" oya="0" hai0="81,82,118,84,50,12,65,131,32,35,46,39,38" hai1="95,14,25,115,119,126,61,107,20,49,58,77,86" hai2="121,133,125,57,93,112,114,8,74,80,122,28,37" hai3="19,110,128,62,88,4,130,123,44,15,96,64,66"/><T90/><D118/><U70/><E107/><V0/><F57/><W47/><G110/><T67/><D131/><N who="3" m="50217" /><G123/><N who="2" m="47113" /><F28/><W68/><G64/><T1/><D1/><U34/><E126/><V42/><F93/><N who="3" m="56359" /><G4/><T87/><D65/><U120/><E70/><V135/><F125/><W13/><G13/><T83/><D67/><U36/><E14/><V69/><F69/><W17/><G17/><T2/><D2/><U59/><E119/><V75/><F42/><W31/><G31/><T24/><D38/><U18/><E36/><V132/><F37/><W117/><G117/><T55/><D39/><U27/><E18/><V23/><F23/><AGARI ba="0,0" hai="15,19,23,44,47,62,66,68" m="56359,50217" machi="23" ten="30,2000,0" yaku="19,1,54,1" doraHai="3" who="3" fromWho="2" sc="250,0,250,0,250,-20,250,20" /><INIT seed="1,0,0,5,5,104" ten="250,250,230,270" oya="1" hai0="68,100,3,50,60,57,80,5,124,135,66,122,74" hai1="30,128,85,53,67,117,58,119,102,62,36,1,89" hai2="134,18,118,83,127,7,86,37,43,112,13,78,63" hai3="56,59,75,72,51,88,132,20,61,2,92,22,25"/><U14/><E1/><V24/><F118/><W77/><G2/><T32/><D32/><U110/><E36/><V35/><F127/><W44/><G132/><T97/><D124/><U52/><E128/><V39/><F134/><W131/><G131/><T33/><D33/><U42/><E42/><V41/><F112/><W6/><G6/><T96/><D135/><U107/><E30/><V34/><F34/><W19/><G22/><T81/><D122/><U26/><E26/><V120/><F120/><W9/><G9/><T129/><D129/><U133/><E133/><V115/><F115/><W4/><G4/><T121/><D121/><U95/><E14/><V65/><F7/><W48/><G77/><T98/><D100/><U17/><E17/><V47/><F41/><W82/><G82/><T125/><D125/><U105/><E110/><V114/><F114/><W84/><G56/><T21/><D21/><U94/><E94/><V103/><F103/><W12/><G25/><T101/><D101/><U111/><E111/><V54/><F54/><N who="3" m="32199" /><G61/><T130/><D130/><U31/><E31/><V38/><F24/><W76/><G76/><T70/><D50/><U123/><E123/><V28/><F28/><W109/><G109/><T71/><REACH who="0" step="1"/><D74/><REACH who="0" ten="240,250,230,270" step="2"/><U49/><E102/><V45/><F35/><W29/><G29/><T0/><D0/><U116/><REACH who="1" step="1"/><E53/><AGARI ba="0,1" hai="12,19,20,44,51,53,72,75,84,88,92" m="32199" machi="53" ten="30,7700,0" yaku="25,1,52,2,54,1" doraHai="104" who="3" fromWho="1" sc="240,0,250,-77,230,0,270,87" /><INIT seed="2,0,0,5,0,82" ten="240,173,230,357" oya="2" hai0="21,116,133,16,12,125,121,13,135,2,115,119,110" hai1="49,80,55,129,6,96,75,120,89,66,7,28,91" hai2="34,51,73,109,10,19,17,33,92,94,4,112,47" hai3="95,52,107,113,118,71,72,62,37,32,63,83,64"/><V27/><F112/><W56/><G118/><N who="0" m="45099" /><D115/><U22/><E129/><V76/><F73/><W43/><G107/><T25/><D121/><U65/><E120/><V53/><F76/><W98/><G32/><T111/><D2/><U132/><E132/><N who="0" m="50761" /><D125/><U36/><E36/><V68/><F68/><W127/><G127/><T70/><D70/><U84/><E75/><V101/><F109/><AGARI ba="0,0" hai="12,13,16,21,25,109,110,111" m="50761,45099" machi="109" ten="40,12000,2" yaku="14,1,12,1,20,1,34,2,54,1" doraHai="82" who="0" fromWho="2" sc="240,120,173,0,230,-120,357,0" /><INIT seed="3,0,0,3,0,84" ten="360,173,110,357" oya="3" hai0="95,71,128,53,46,114,56,86,74,133,48,77,104" hai1="22,7,16,17,32,64,119,8,124,120,65,79,106" hai2="34,27,109,123,121,50,91,107,75,69,1,125,134" hai3="63,105,36,94,9,130,35,49,101,18,135,98,20"/><W3/><G36/><T19/><D104/><U58/><E120/><V12/><RYUUKYOKU type="yao9" ba="0,0" sc="360,0,173,0,110,0,357,0" hai2="1,12,27,34,50,69,75,91,107,109,121,123,125,134" /><INIT seed="3,1,0,0,1,31" ten="360,173,110,357" oya="3" hai0="54,106,78,43,26,6,4,86,109,1,108,46,42" hai1="118,87,103,51,125,40,84,114,74,36,88,117,128" hai2="35,131,20,57,29,32,89,9,22,104,69,81,63" hai3="102,10,91,112,101,123,30,49,133,17,111,37,134"/><W15/><G37/><T44/><D106/><U16/><E114/><V132/><F69/><W90/><G112/><T80/><D26/><U8/><E74/><V105/><F81/><W77/><G123/><T96/><D96/><U122/><E122/><V92/><F9/><W18/><G111/><N who="0" m="42571" /><D54/><U70/><E36/><V115/><F115/><W5/><G30/><T34/><D34/><N who="2" m="12842" /><F29/><W48/><G77/><T71/><D71/><U21/><E70/><V121/><F20/><W33/><G33/><T28/><D28/><U53/><E40/><N who="0" m="15401" /><D1/><U99/><E8/><V24/><F121/><W13/><G10/><T100/><D100/><U97/><E84/><V76/><F76/><W95/><G5/><AGARI ba="1,0" hai="4,5,6,44,46,78,80,86" m="15401,42571" machi="5" ten="30,1000,0" yaku="14,1" doraHai="31" who="0" fromWho="3" sc="360,13,173,0,110,0,357,-13" owari="373,47.3,173,-22.7,110,-39.0,344,14.4" /></mjloggm>