<mjloggm ver="2.3"><GO type="225" lobby="0"/><UN n0="%E5%84%AA%40%41%42%43" n1="%E4%BA%95%E5%B8%AF" n2="%E6%A1%9C%E8%8A%B1%E9%96%83%E3%80%85" n3="%E3%82%A2%E3%83%BC%E3%83%A2%E3%83%AD%E3%83%BC%E3%83%B4%E3%82%A1" dan="17,16,16,16" rate="2140.38,2052.50,2118.58,2138.10" sx="M,M,M,M"/><TAIKYOKU oya="0"/><INIT seed="0,0,0,0,0,59" ten="250,250,250,250" oya="0" hai0="132,13,109,131,12,94,10,115,7,62,15,96,103" hai1="86,57,32,106,5,58,120,56,17,133,3,53,107" hai2="111,38,90,34,99,46,31,41,51,16,23,81,104" hai3="112,130,35,118,105,21,47,129,33,108,116,73,8"/><T14/><D115/><U127/><E120/><V91/><F111/><W87/><G73/><T93/><D109/><U124/><E32/><N who="3" m="12362" /><G108/><T45/><D131/><N who="3" m="50185" /><G105/><T123/><D123/><U22/><E86/><V113/><F113/><W42/><G112/><T128/><D132/><U24/><E133/><V119/><F119/><W0/><G87/><T26/><D128/><U55/><E107/><V44/><F31/><W49/><G21/><T6/><D26/><U43/><E43/><V100/><F34/><W71/><G71/><T36/><D36/><U126/><REACH who="1" step="1"/><E106/><REACH who="1" ten="250,240,250,250" step="2"/><V52/><REACH who="2" step="1"/><F81/><REACH who="2" ten="250,240,240,250" step="2"/><W37/><G116/><T134/><D134/><U70/><E70/><V61/><F61/><W54/><G118/><T30/><D62/><U82/><E82/><V98/><F98/><W121/><G121/><T9/><D30/><U72/><E72/><V92/><F92/><W29/><G29/><T110/><D110/><U79/><E79/><V63/><F63/><W122/><G122/><T28/><D28/><U25/><E25/><AGARI ba="0,2" hai="16,23,25,38,41,44,46,51,52,90,91,99,100,104" machi="25" ten="30,7700,0" yaku="1,1,7,1,54,2,53,0" doraHai="59" doraHaiUra="135" who="2" fromWho="1" sc="250,0,240,-77,240,97,250,0" /><INIT seed="1,0,0,5,4,94" ten="250,163,337,250" oya="1" hai0="128,104,75,2,50,8,85,26,32,77,39,123,3" hai1="29,98,126,59,21,135,106,31,57,111,133,120,0" hai2="61,46,82,117,56,30,95,12,92,88,4,118,67" hai3="23,119,38,49,89,60,48,18,15,76,127,112,105"/><U79/><E120/><V52/><F30/><N who="1" m="11273" /><E0/><V70/><F70/><W73/><G112/><T20/><D39/><U78/><E21/><V96/><F82/><W129/><G38/><T87/><D20/><U72/><E72/><V100/><F46/><W43/><G105/><T24/><D8/><U122/><E122/><V25/><F25/><W130/><G127/><T14/><D14/><U93/><E106/><V107/><F107/><W35/><G35/><T83/><D104/><U40/><E40/><V1/><F1/><W58/><G119/><T108/><D75/><U74/><E74/><V55/><F117/><W116/><G116/><T91/><D32/><U68/><E68/><V7/><F118/><W51/><G43/><T62/><D123/><U114/><E114/><V71/><F71/><W47/><G47/><T19/><D26/><U97/><E126/><V13/><F13/><W84/><G76/><N who="1" m="29226" /><E111/><V132/><F12/><W34/><G73/><T101/><D24/><U115/><E115/><V28/><F28/><W10/><G23/><T65/><D108/><U134/><E93/><V9/><F9/><W41/><G41/><T63/><D77/><U54/><E59/><V11/><F11/><W81/><REACH who="3" step="1"/><G34/><REACH who="3" ten="250,163,337,240" step="2"/><T45/><D45/><U86/><E86/><V99/><F100/><W121/><G121/><T16/><D101/><U69/><E69/><V64/><F56/><W125/><G125/><T37/><D37/><U33/><E33/><V17/><F17/><W109/><G109/><T27/><D16/><U53/><E57/><V44/><F44/><W5/><G5/><RYUUKYOKU ba="0,1" sc="250,-15,163,15,337,-15,240,15" hai1="53,54,97,98,133,134,135" hai3="10,15,18,48,49,51,58,60,81,84,89,129,130" /><INIT seed="1,1,1,3,1,39" ten="235,178,322,255" oya="1" hai0="25,110,69,84,7,54,49,9,96,126,91,107,66" hai1="128,99,62,42,27,21,108,109,121,3,52,132,47" hai2="22,94,86,15,41,116,56,65,67,33,90,44,48" hai3="45,81,59,93,77,111,88,2,115,135,97,14,133"/><U68/><E121/><V106/><F116/><W101/><G115/><T105/><D110/><N who="1" m="42603" /><E132/><N who="3" m="50762" /><G111/><T104/><D126/><U83/><E128/><V102/><F33/><W32/><G2/><T8/><D8/><U55/><E3/><V95/><F106/><W89/><G32/><T51/><D51/><N who="1" m="27127" /><E99/><N who="2" m="59775" /><F56/><W87/><G59/><T20/><D66/><N who="1" m="41047" /><E83/><V1/><F1/><W75/><G14/><T74/><D69/><U64/><E64/><V122/><F122/><W100/><G45/><T35/><D96/><U118/><E118/><V72/><F72/><W123/><G123/><T120/><D74/><U73/><E73/><V16/><AGARI ba="1,1" hai="15,16,22,41,44,48,65,67,86,90,94" m="59775" machi="16" ten="30,4000,0" yaku="8,1,52,1,54,1" doraHai="39" who="2" fromWho="2" sc="235,-11,178,-21,322,53,255,-11" /><INIT seed="2,0,0,4,1,27" ten="224,157,375,244" oya="2" hai0="123,0,80,34,91,128,79,13,37,106,124,96,77" hai1="73,53,89,98,107,3,114,32,134,41,105,125,70" hai2="4,116,39,78,12,59,87,64,76,108,23,82,104" hai3="65,88,29,75,61,11,68,47,67,93,33,63,18"/><V58/><F116/><W2/><G75/><T135/><D0/><U30/><E3/><V19/><F39/><W10/><G47/><T74/><D37/><U130/><E53/><V57/><F104/><W112/><G112/><T50/><D34/><U84/><E41/><V31/><F108/><W43/><G43/><T85/><D123/><U122/><E114/><V52/><F64/><W17/><G29/><T15/><D15/><U90/><BYE who="0" /><E70/><V101/><F101/><W95/><G33/><T102/><D102/><N who="1" m="62679" /><E30/><V8/><F76/><W81/><G81/><T94/><D94/><N who="1" m="54567" /><E32/><V127/><F127/><W42/><G42/><T66/><D66/><U20/><E20/><UN n0="%E5%84%AA%40%41%42%43" /><V109/><F109/><W24/><G2/><T21/><D124/><U115/><E125/><V44/><F31/><W55/><G55/><T132/><D50/><U118/><E115/><V69/><F69/><W35/><G35/><T121/><D21/><U119/><E130/><V97/><F97/><W117/><G68/><T16/><D128/><U100/><E134/><V14/><F44/><W92/><G65/><T22/><D121/><U38/><E38/><V46/><F46/><W60/><G67/><T28/><D28/><U7/><E7/><V40/><F40/><W49/><G17/><T71/><D71/><U51/><E122/><V126/><F126/><W1/><G18/><T72/><D132/><U103/><E73/><N who="0" m="28265" /><D135/><U54/><E90/><V5/><F5/><W6/><G88/><T86/><D86/><U26/><E26/><V120/><F4/><W36/><G6/><T99/><D96/><RYUUKYOKU ba="0,0" sc="224,30,157,-10,375,-10,244,-10" hai0="13,16,22,77,79,80,85,91,99,106" /><INIT seed="3,1,0,2,2,30" ten="254,147,365,234" oya="3" hai0="79,127,135,1,114,39,28,89,116,3,86,60,106" hai1="0,9,48,52,27,91,133,65,16,22,42,92,113" hai2="34,58,101,103,104,21,24,40,71,95,20,57,13" hai3="77,4,12,100,125,45,82,118,67,119,131,66,90"/><W128/><G125/><T44/><D116/><N who="3" m="44585" /><G90/><T73/><D106/><U6/><E113/><V96/><F103/><W62/><G100/><T25/><D127/><U5/><E133/><V117/><F95/><W102/><G102/><T26/><D135/><U124/><E124/><V110/><F96/><W11/><G62/><T120/><D26/><U74/><E74/><V121/><F71/><W129/><G45/><T108/><D79/><U54/><E65/><V29/><F58/><W63/><G63/><T38/><D73/><AGARI ba="1,0" hai="4,11,12,66,67,73,77,82,128,129,131" m="44585" machi="73" ten="40,2000,0" yaku="19,1" doraHai="30" who="3" fromWho="0" sc="254,-23,147,0,365,0,234,23" /><INIT seed="3,2,0,1,1,78" ten="231,147,365,257" oya="3" hai0="75,63,116,92,80,95,125,37,61,82,35,93,103" hai1="107,109,5,17,57,69,119,117,128,129,112,11,71" hai2="16,73,132,27,99,25,77,51,49,115,74,72,50" hai3="81,30,84,91,31,38,89,55,58,56,2,114,66"/><W94/><G114/><T98/><D116/><N who="1" m="44619" /><E107/><V134/><F115/><W113/><G2/><T21/><D35/><U12/><E112/><V118/><F118/><W86/><G38/><T83/><D37/><U53/><E109/><V32/><F77/><W43/><G43/><T130/><D75/><U135/><E135/><N who="2" m="51755" /><F32/><W100/><G100/><T105/><D125/><U127/><E127/><V133/><F133/><W120/><G120/><T40/><D40/><U44/><E5/><V9/><F99/><W104/><G104/><T62/><D21/><U110/><E17/><V22/><F9/><W131/><G131/><AGARI ba="2,0" hai="61,62,63,80,82,83,92,93,95,98,103,105,130,131" machi="131" ten="50,8000,1" yaku="29,2,52,3" doraHai="78" who="0" fromWho="3" sc="231,86,147,0,365,0,257,-86" owari="317,11.7,147,-35.3,365,46.5,171,-22.9" /></mjloggm>