<mjloggm ver="2.3"><GO type="225" lobby="0"/><UN n0="%4C%4F%4C%49%54%41" n1="%6D%61%74%69%67%75%73%61" n2="%E3%81%B5%E3%81%98%E3%81%8B%E3%81%A4" n3="%E7%89%B9%E6%9D%B1%E3%81%AF%E4%B8%96%E7%95%8C%E3%82%92%E6%95%91%E3%81%86" dan="16,17,16,16" rate="2182.48,2203.82,2192.70,2143.29" sx="F,M,M,M"/><TAIKYOKU oya="0"/><INIT seed="0,0,0,0,3,121" ten="250,250,250,250" oya="0" hai0="54,40,3,44,112,49,87,119,135,120,38,106,12" hai1="62,101,69,124,35,14,85,128,19,63,132,72,84" hai2="76,6,2,59,18,66,10,78,26,123,83,95,71" hai3="77,47,7,107,130,67,30,20,94,97,15,43,86"/><T25/><D3/><U39/><E72/><V65/><F123/><W98/><G130/><T131/><D120/><U60/><E39/><V125/><F125/><W103/><G67/><T8/><D112/><U36/><E36/><V22/><F71/><W80/><G30/><T100/><D119/><U5/><E35/><V51/><F78/><W1/><G1/><T92/><D135/><U0/><E5/><V115/><F115/><W52/><G52/><T50/><D106/><U57/><E0/><V104/><F104/><W117/><G117/><T29/><D131/><U68/><E101/><V111/><F95/><W114/><G114/><T110/><D110/><U53/><E132/><V56/><F111/><W70/><G70/><T58/><D38/><U93/><E124/><V81/><F81/><W48/><G20/><N who="0" m="15527" /><D87/><U17/><E17/><V122/><F122/><W45/><G45/><T33/><D33/><U41/><E41/><V61/><F51/><W37/><G37/><T126/><D126/><U82/><E128/><V42/><F42/><W23/><G23/><T105/><D105/><U27/><E27/><V16/><F18/><W88/><REACH who="3" step="1"/><G15/><REACH who="3" ten="250,250,250,240" step="2"/><T109/><D109/><U90/><E68/><V28/><F28/><W21/><G21/><T24/><D24/><U32/><E32/><V34/><F34/><W108/><G108/><T133/><D133/><U102/><E69/><N who="2" m="42159" /><F66/><W91/><G91/><T4/><D100/><U134/><E134/><V79/><F79/><W55/><G55/><T74/><D74/><U75/><E75/><N who="2" m="43423" /><F2/><W116/><G116/><T113/><D113/><RYUUKYOKU ba="0,1" sc="250,10,250,-30,250,10,240,10" hai0="4,8,12,40,44,49,50,54,58,92" hai2="6,10,16,22,26,56,59" hai3="7,43,47,48,77,80,86,88,94,97,98,103,107" /><INIT seed="0,1,1,2,5,52" ten="260,220,260,250" oya="0" hai0="34,124,40,132,38,29,92,78,101,5,7,116,26" hai1="89,102,12,66,19,98,87,135,99,96,57,94,49" hai2="23,69,129,45,59,30,64,126,71,74,4,117,121" hai3="77,44,53,85,80,48,36,58,127,8,0,123,103"/><T14/><D116/><U56/><E135/><V46/><F117/><W75/><G127/><T108/><D132/><U25/><E25/><V28/><F74/><W84/><G103/><T51/><D38/><U97/><E66/><V9/><F126/><W55/><G123/><T88/><D124/><U113/><E113/><V15/><F121/><W82/><G82/><T107/><D78/><U131/><E131/><V3/><F129/><W39/><G39/><T61/><D108/><U100/><E49/><V10/><F71/><W21/><G21/><T68/><D14/><U110/><E110/><V106/><F106/><W119/><G119/><T104/><D101/><U65/><E65/><V27/><F69/><W105/><G105/><T18/><D18/><U32/><E32/><V86/><F86/><W111/><G111/><T95/><D95/><N who="1" m="54719" /><E102/><V13/><F30/><W31/><G31/><T115/><D115/><U112/><E112/><V128/><F128/><W6/><REACH who="3" step="1"/><G36/><REACH who="3" ten="260,220,260,240" step="2"/><T81/><D107/><U50/><E50/><AGARI ba="1,2" hai="0,6,8,44,48,50,53,55,58,75,77,80,84,85" machi="50" ten="30,7700,0" yaku="1,1,2,1,7,1,52,1,53,0" doraHai="52" doraHaiUra="20" who="3" fromWho="1" sc="260,0,220,-80,260,0,240,100" /><INIT seed="1,0,0,5,0,74" ten="260,140,260,340" oya="1" hai0="43,124,112,130,105,8,4,67,120,62,60,6,13" hai1="123,78,77,0,27,96,15,108,11,58,82,66,47" hai2="5,103,113,36,65,86,7,16,29,84,46,129,104" hai3="61,19,90,76,1,92,49,53,91,26,38,9,31"/><U68/><E123/><V55/><F129/><W35/><G38/><T132/><D112/><U99/><E68/><V18/><F65/><W87/><G61/><T25/><D105/><U111/><E0/><V109/><F29/><W119/><G119/><T37/><D130/><U70/><E70/><V106/><F113/><W51/><G76/><N who="1" m="29290" /><E82/><V20/><F36/><W40/><G40/><T115/><D115/><U52/><E27/><V30/><F106/><W81/><G53/><T125/><D132/><U72/><E72/><V100/><F55/><W73/><G73/><T135/><D135/><U126/><E126/><V114/><F104/><W23/><G9/><T97/><D25/><U121/><E121/><V134/><F134/><W34/><G1/><T75/><D8/><U63/><E111/><V122/><F109/><W57/><G57/><T12/><D75/><U88/><E108/><V28/><F122/><W69/><G69/><T21/><D120/><U33/><E88/><V48/><F114/><W71/><G71/><T128/><D128/><U59/><E47/><V41/><F46/><W64/><G34/><T45/><D45/><U101/><E101/><V44/><F103/><W3/><G3/><T118/><D125/><U56/><E33/><V2/><F100/><W107/><G107/><T85/><D124/><U131/><E131/><V22/><F2/><W127/><G127/><T93/><D37/><U42/><E42/><V98/><F44/><W110/><G110/><T17/><D43/><U14/><E58/><V95/><F41/><W133/><G133/><T50/><D118/><RYUUKYOKU ba="0,0" sc="260,0,140,0,260,0,340,0" /><INIT seed="2,1,0,0,2,109" ten="260,140,260,340" oya="2" hai0="45,98,73,10,22,5,28,35,25,102,92,16,11" hai1="0,32,13,30,74,78,122,105,62,114,76,17,101" hai2="80,125,31,91,120,64,39,47,82,8,69,40,67" hai3="119,94,24,26,18,2,14,79,103,124,12,9,55"/><V58/><F120/><W89/><G119/><T90/><D73/><U72/><E0/><V37/><F31/><W85/><G2/><T128/><D128/><U60/><E30/><V21/><F125/><W27/><G124/><T135/><D135/><U106/><E17/><V43/><F21/><W113/><G113/><T29/><D35/><U116/><E13/><V132/><F8/><W95/><G79/><T63/><D45/><U99/><E32/><V77/><F132/><W71/><G71/><T3/><D11/><U33/><E33/><V36/><F91/><W70/><G70/><T129/><D129/><U52/><E52/><V48/><F80/><N who="3" m="49319" /><G103/><T84/><REACH who="0" step="1"/><D63/><REACH who="0" ten="250,140,260,340" step="2"/><U107/><E60/><N who="2" m="40167" /><F82/><AGARI ba="1,1" hai="3,5,10,16,22,25,28,29,82,84,90,92,98,102" machi="82" ten="30,3900,0" yaku="1,1,7,1,54,1,53,0" doraHai="109" doraHaiUra="65" who="0" fromWho="2" sc="250,52,140,0,260,-42,340,0" /><INIT seed="3,0,0,3,3,42" ten="302,140,218,340" oya="3" hai0="43,6,134,27,121,112,97,14,96,12,26,69,40" hai1="36,89,87,28,55,116,38,22,30,106,61,122,131" hai2="124,86,75,85,92,11,84,81,82,3,98,114,60" hai3="78,65,95,67,101,104,13,21,133,62,130,68,56"/><W107/><G78/><T31/><D69/><U93/><E122/><V125/><F114/><W16/><G130/><T128/><D121/><U83/><E106/><V74/><F60/><W127/><G67/><T7/><D134/><U132/><E116/><V63/><F11/><W4/><G133/><T32/><D32/><U17/><E132/><V49/><F49/><W59/><G4/><T120/><D120/><U117/><E117/><V72/><F3/><W46/><G127/><N who="2" m="48713" /><F63/><W90/><G46/><T70/><D70/><U10/><E131/><V73/><N who="2" m="18432" /><DORA hai="2" /><V52/><F52/><W115/><G115/><T118/><D118/><U135/><E135/><V18/><F18/><W76/><G76/><T99/><D128/><U15/><E38/><V9/><F9/><W64/><G101/><AGARI ba="0,0" hai="81,82,84,85,86,92,98,101" m="18432,48713" machi="101" ten="60,7700,0" yaku="18,1,34,2" doraHai="42,2" who="2" fromWho="3" sc="302,0,140,0,218,77,340,-77" owari="302,40.2,140,-36.0,295,9.5,263,-13.7" /></mjloggm>