<mjloggm ver="2.3"><GO type="225" lobby="0"/><UN n0="%43%68%65" n1="%70%68%65%6E%6F%6D%65" n2="%E6%A1%9C%E8%8A%B1%E9%96%83%E3%80%85" n3="%E3%83%B4%E3%83%A0%EF%BC%99%E3%81%A6" dan="16,16,18,17" rate="2170.74,2152.99,2218.78,2180.47" sx="M,M,M,M"/><TAIKYOKU oya="0"/><INIT seed="0,0,0,5,3,39" ten="250,250,250,250" oya="0" hai0="80,70,106,110,22,93,40,96,86,21,20,125,109" hai1="134,12,97,64,2,63,7,119,58,85,52,30,38" hai2="99,10,127,29,128,62,45,8,66,25,135,103,3" hai3="131,87,81,67,75,111,11,57,59,132,27,43,1"/><T13/><D70/><U33/><E119/><V46/><F128/><W73/><G131/><T112/><D106/><U121/><E121/><V104/><F135/><W51/><G132/><T77/><D112/><U102/><E134/><V53/><F127/><W24/><G111/><N who="0" m="42507" /><D125/><U101/><E2/><V95/><F53/><W91/><G73/><T23/><D23/><U69/><E38/><V36/><F36/><W37/><G75/><T94/><D13/><U133/><E133/><V116/><F116/><W117/><G37/><T55/><D55/><U14/><E85/><V122/><F95/><N who="0" m="36362" /><D96/><U92/><E101/><V90/><F122/><W82/><G1/><T105/><D105/><U65/><E7/><V19/><F8/><W17/><G11/><T74/><D74/><U28/><E65/><V35/><F19/><W41/><G87/><T88/><D40/><U124/><E124/><V61/><F66/><W115/><G115/><T78/><AGARI ba="0,0" hai="20,21,22,77,78,80,86,88" m="36362,42507" machi="78" ten="40,7800,0" yaku="14,1,10,1,54,1" doraHai="39" who="0" fromWho="0" sc="250,78,250,-26,250,-26,250,-26" /><INIT seed="0,1,0,2,2,69" ten="328,224,224,224" oya="0" hai0="20,92,44,95,46,107,129,27,85,96,54,102,50" hai1="70,128,114,28,90,3,80,19,52,2,75,123,97" hai2="78,127,55,4,94,86,62,99,45,120,17,91,9" hai3="42,22,12,39,16,130,83,93,121,26,40,100,8"/><T117/><D117/><U118/><E118/><V115/><F115/><W64/><G130/><T98/><D129/><U5/><E123/><V66/><F127/><W119/><G119/><T111/><D111/><U24/><E128/><V132/><F132/><W74/><G121/><T15/><D15/><U35/><E114/><V108/><F108/><W47/><G42/><T57/><D85/><U38/><E70/><V77/><F17/><W65/><G100/><N who="0" m="60423" /><D107/><U68/><E68/><V133/><F133/><W101/><G101/><T53/><D53/><U33/><E33/><V59/><F120/><W122/><G93/><T134/><D134/><U82/><E75/><V30/><F30/><AGARI ba="1,0" hai="20,27,30,44,46,50,54,57,95,98,102" m="60423" machi="30" ten="30,1500,0" yaku="8,1" doraHai="69" who="0" fromWho="2" sc="328,18,224,0,224,-18,224,0" /><INIT seed="0,2,0,5,2,133" ten="346,224,206,224" oya="0" hai0="90,78,135,59,65,92,17,66,104,1,115,41,118" hai1="49,52,39,72,61,63,107,93,26,22,46,32,27" hai2="95,21,37,30,0,124,127,108,77,47,71,51,53" hai3="54,11,112,123,110,91,50,130,117,36,29,7,101"/><T125/><D104/><U99/><E72/><V15/><F0/><W102/><G112/><T20/><D115/><U74/><E74/><V4/><F71/><W86/><G117/><T35/><D35/><U105/><E39/><V70/><F70/><W103/><G36/><T119/><D1/><U98/><E32/><V114/><F114/><W43/><G110/><T122/><D78/><U14/><E14/><V25/><F108/><W100/><G130/><T84/><D122/><U73/><E73/><V44/><F77/><W131/><G131/><T129/><D129/><U109/><E109/><V81/><F81/><W116/><G116/><T5/><D5/><U6/><E6/><V19/><F95/><W94/><G123/><T113/><D41/><U16/><E27/><V80/><F80/><W33/><G43/><T64/><D113/><U134/><E134/><V79/><F79/><W56/><G33/><T13/><D135/><U45/><E45/><V89/><F89/><W31/><N who="3" m="25600" /><DORA hai="75" /><W24/><REACH who="3" step="1"/><G24/><REACH who="3" ten="346,224,206,214" step="2"/><T97/><D119/><U8/><E105/><V128/><F128/><W67/><G67/><T3/><D65/><U126/><E107/><V12/><F37/><W120/><G120/><T87/><D64/><U18/><E126/><V132/><F132/><W38/><G38/><T88/><D125/><U48/><E26/><V57/><F127/><W69/><G69/><T85/><D118/><U68/><E68/><V9/><F124/><W42/><G42/><T76/><D66/><U2/><E52/><V23/><AGARI ba="2,1" hai="4,9,12,15,19,21,23,25,30,44,47,51,53,57" machi="23" ten="20,2700,0" yaku="0,1,7,1,8,1" doraHai="133,75" who="2" fromWho="2" sc="346,-15,224,-9,206,43,214,-9" /><INIT seed="1,0,0,0,0,80" ten="331,215,249,205" oya="1" hai0="117,82,39,70,93,24,61,119,25,33,52,64,120" hai1="35,50,115,14,97,100,5,86,92,37,103,112,36" hai2="46,30,45,26,125,47,71,21,44,67,68,108,16" hai3="133,43,8,7,76,9,49,29,132,74,91,58,73"/><U60/><E35/><V15/><F108/><W124/><G29/><T113/><D113/><U101/><E112/><V62/><N who="2" m="11264" /><DORA hai="135" /><V28/><F125/><W56/><G43/><T12/><D39/><U1/><E115/><V48/><F48/><W65/><G49/><T22/><D120/><U134/><E1/><V131/><F131/><W27/><G91/><T96/><D33/><U109/><E134/><V84/><F71/><W20/><G20/><T94/><D12/><U17/><E5/><V55/><F55/><W110/><G27/><T42/><D42/><U57/><E50/><V130/><F130/><W31/><G31/><T3/><D3/><U129/><E129/><V89/><REACH who="2" step="1"/><F26/><REACH who="2" ten="331,215,239,205" step="2"/><W63/><G110/><T81/><D52/><N who="1" m="33831" /><E109/><V66/><F66/><W51/><G51/><T122/><D64/><U79/><E37/><V104/><F104/><W54/><G54/><T23/><D25/><U4/><E36/><V6/><F6/><W116/><G7/><T19/><D24/><U18/><E4/><V105/><F105/><W59/><G65/><T85/><D70/><U40/><E40/><V78/><F78/><W2/><G76/><T34/><D122/><U126/><E126/><V32/><F32/><W87/><G124/><T88/><D34/><U121/><E121/><V114/><F114/><W90/><G132/><T11/><D61/><U53/><E53/><V0/><F0/><W123/><G133/><T106/><D106/><U111/><E111/><V95/><AGARI ba="0,1" hai="15,16,21,28,30,62,67,68,84,89,95" m="11264" machi="95" ten="40,8000,1" yaku="1,1,0,1,52,1,54,1,53,0" doraHai="80,135" doraHaiUra="75,128" who="2" fromWho="2" sc="331,-20,215,-40,239,90,205,-20" /><INIT seed="2,0,0,3,4,64" ten="311,175,329,185" oya="2" hai0="43,128,127,20,22,47,94,13,87,53,98,124,32" hai1="134,5,111,103,10,95,16,34,131,129,11,37,51" hai2="27,62,73,88,54,133,14,6,93,46,86,25,119" hai3="1,78,69,35,109,17,21,61,58,118,68,72,40"/><V76/><F119/><W9/><G118/><T116/><D32/><U90/><E37/><V104/><F104/><W83/><G35/><T23/><D116/><U65/><E111/><V115/><F115/><W74/><G109/><T79/><D53/><U28/><E134/><V132/><F73/><W107/><G107/><T108/><D108/><U15/><E103/><V105/><F105/><W117/><G117/><T4/><D128/><N who="1" m="49227" /><E65/><V120/><F120/><W8/><G40/><T123/><D123/><U0/><E51/><N who="2" m="29047" /><F76/><W106/><G106/><T12/><D87/><N who="1" m="52703" /><E28/><V113/><F62/><W100/><G100/><N who="0" m="60503" /><D79/><U82/><E34/><V57/><F57/><W55/><G72/><T36/><D4/><N who="1" m="1287" /><E82/><V84/><F113/><W52/><G55/><T31/><D31/><U75/><E75/><V97/><F133/><W44/><G44/><T50/><D36/><U96/><E96/><V102/><F102/><W7/><G9/><T85/><D85/><N who="2" m="32874" /><F132/><W77/><G78/><T81/><D81/><U126/><E126/><AGARI ba="0,0" hai="12,13,20,22,23,43,47,50,124,126,127" m="60503" machi="126" ten="30,1000,0" yaku="18,1" doraHai="64" who="0" fromWho="1" sc="311,10,175,-10,329,0,185,0" /><INIT seed="3,0,0,0,4,48" ten="321,165,329,185" oya="3" hai0="96,41,59,3,19,87,69,7,34,38,118,130,115" hai1="39,111,90,89,66,21,99,131,31,14,68,54,102" hai2="13,18,108,78,64,0,32,121,8,117,98,129,107" hai3="101,36,16,23,84,57,127,33,82,92,112,37,100"/><W42/><G112/><T97/><D69/><U43/><E111/><V46/><F117/><W80/><G33/><T104/><D118/><U5/><E39/><V26/><F108/><W124/><G57/><T52/><D34/><U30/><E43/><V83/><F129/><W55/><G55/><T27/><D130/><U106/><E131/><V133/><F133/><W10/><G10/><T119/><D119/><U15/><E68/><V28/><F121/><W81/><G84/><T9/><D115/><U88/><E66/><V24/><F64/><W126/><G92/><T11/><D104/><U123/><E123/><V40/><F26/><W6/><G6/><T79/><D41/><U114/><E114/><V73/><F0/><W60/><G60/><T49/><D38/><N who="3" m="14953" /><G42/><T72/><D72/><U29/><E5/><V74/><F46/><W63/><G63/><T94/><D94/><U20/><REACH who="1" step="1"/><E54/><REACH who="1" ten="321,155,329,185" step="2"/><V25/><F40/><W1/><G1/><T122/><D122/><U67/><E67/><V93/><F107/><W70/><G70/><T120/><D120/><U103/><E103/><V53/><F53/><W51/><G51/><T77/><D3/><U35/><E35/><V47/><F32/><W113/><G113/><T56/><D7/><U44/><E44/><V71/><F47/><W58/><G58/><T65/><D59/><U105/><E105/><V125/><F71/><W75/><G75/><T62/><D65/><U61/><E61/><V135/><F74/><W76/><G76/><T91/><D62/><U45/><E45/><V50/><F78/><W17/><G17/><RYUUKYOKU ba="0,1" sc="321,-15,155,15,329,-15,185,15" hai1="14,15,20,21,29,30,31,88,89,90,99,102,106" hai3="16,23,80,81,82,100,101,124,126,127" /><INIT seed="3,1,1,5,1,58" ten="306,170,314,200" oya="3" hai0="92,61,45,82,87,68,110,123,73,4,101,5,30" hai1="118,120,25,90,89,104,1,57,10,113,134,50,2" hai2="77,8,51,46,65,28,122,107,21,49,81,40,6" hai3="71,72,20,114,116,97,117,111,15,38,54,75,22"/><W42/><G71/><T95/><D123/><U94/><E120/><V66/><F107/><W60/><G114/><T67/><D73/><U128/><E113/><V63/><F122/><W78/><G72/><T55/><D30/><U91/><E104/><V88/><F88/><N who="1" m="33897" /><E1/><V125/><F125/><W96/><G75/><T41/><D55/><N who="1" m="31991" /><E2/><V56/><F65/><W35/><G35/><T31/><D31/><U16/><E128/><V74/><F21/><W0/><G0/><T17/><D17/><U27/><E134/><V12/><F28/><W108/><G78/><T121/><D110/><N who="3" m="42025" /><G42/><T119/><D119/><N who="3" m="45641" /><G38/><AGARI ba="1,1" hai="6,8,12,38,40,46,49,51,56,63,66,74,77,81" machi="38" ten="30,2000,0" yaku="7,1,52,1" doraHai="58" who="2" fromWho="3" sc="306,0,170,0,314,33,200,-23" owari="306,10.6,170,-33.0,347,44.7,177,-22.3" /></mjloggm>