<mjloggm ver="2.3"><GO type="225" lobby="0"/><UN n0="%72%69%6F%75%63%68%61%6E" n1="%E3%81%AF%E3%82%88%E3%81%8A%E3%81%98%E3%81%95%E3%82%93" n2="%E3%82%A2%E3%83%BC%E3%83%A2%E3%83%AD%E3%83%BC%E3%83%B4%E3%82%A1" n3="%E3%81%99%E3%81%84%E3%81%BE%E3%81%9B%E3%83%BC%E3%82%93" dan="16,17,16,18" rate="2248.20,2175.81,2101.57,2198.19" sx="M,M,M,M"/><TAIKYOKU oya="0"/><INIT seed="0,0,0,0,1,108" ten="250,250,250,250" oya="0" hai0="114,13,91,113,77,83,111,12,40,1,127,67,56" hai1="2,115,57,78,118,51,129,74,99,105,25,54,93" hai2="60,70,17,48,131,87,45,10,117,33,58,50,119" hai3="59,125,135,92,29,30,110,94,98,20,104,43,72"/><T55/><D1/><U96/><E118/><N who="2" m="45067" /><F131/><W3/><G3/><T22/><D111/><U66/><E2/><V88/><F33/><W61/><G72/><T19/><D127/><U109/><E109/><V81/><F70/><W5/><G5/><T31/><D40/><U84/><E129/><V52/><F45/><W65/><G110/><T49/><D31/><U76/><E66/><V46/><F46/><W44/><G135/><T37/><D37/><U123/><E123/><V126/><F126/><W106/><G94/><T112/><D67/><U71/><E71/><V73/><F73/><W124/><G106/><T8/><D91/><N who="1" m="53479" /><E25/><V15/><AGARI ba="0,0" hai="10,15,17,48,50,52,58,60,81,87,88" m="45067" machi="15" ten="30,4000,0" yaku="12,1,54,2" doraHai="108" who="2" fromWho="2" sc="250,-20,250,-10,250,40,250,-10" /><INIT seed="1,0,0,0,0,5" ten="230,240,290,240" oya="1" hai0="9,116,83,103,61,77,58,7,68,16,100,113,37" hai1="3,34,126,27,111,26,53,54,15,72,73,133,56" hai2="25,44,48,130,120,125,122,97,115,95,46,10,6" hai3="121,85,135,33,107,35,32,82,64,59,105,110,38"/><U30/><E3/><V89/><F125/><W112/><G121/><T13/><D113/><U128/><E126/><V31/><F115/><W94/><G112/><T90/><D116/><U43/><E128/><V12/><F130/><W66/><G38/><T41/><D68/><U134/><E111/><V36/><F36/><W19/><G135/><N who="1" m="51722" /><E43/><V93/><F93/><W70/><G70/><T71/><D71/><U101/><E101/><V63/><F63/><W124/><G110/><T99/><D7/><U18/><E27/><V8/><F8/><W17/><G94/><N who="0" m="56791" /><D37/><U104/><E104/><V60/><F60/><W76/><G124/><T81/><D41/><U45/><E45/><V42/><REACH who="2" step="1"/><F46/><REACH who="2" ten="230,240,280,240" step="2"/><W55/><G107/><T69/><D69/><U88/><E56/><V52/><F52/><W14/><G105/><T98/><D98/><U123/><E123/><V49/><F49/><W40/><G40/><T67/><D81/><U29/><E54/><V24/><F24/><W47/><G47/><T20/><D9/><N who="1" m="6511" /><E53/><V131/><F131/><W119/><G55/><T114/><D114/><U127/><E127/><V132/><F132/><W117/><G117/><T65/><D67/><U39/><E39/><V86/><F86/><AGARI ba="0,1" hai="13,16,20,58,61,65,77,83,86,100,103" m="56791" machi="86" ten="30,2000,0" yaku="8,1,54,1" doraHai="5" who="0" fromWho="2" sc="230,30,240,0,280,-20,240,0" /><INIT seed="2,0,0,4,1,6" ten="260,240,260,240" oya="2" hai0="68,7,2,112,67,13,56,26,104,96,25,92,21" hai1="75,79,100,45,107,70,126,59,109,102,133,97,72" hai2="42,44,46,54,120,24,51,114,43,71,66,10,128" hai3="16,81,95,32,31,11,131,99,105,135,40,82,3"/><V41/><F114/><W116/><G116/><T60/><D112/><U119/><E119/><V134/><F120/><W111/><G105/><T9/><D104/><U37/><E70/><V106/><F106/><W87/><G131/><T94/><D68/><U35/><E35/><V63/><F128/><W57/><G135/><T121/><D121/><U49/><E100/><V84/><F134/><W93/><G111/><T76/><D76/><U129/><E133/><V74/><F74/><W61/><G40/><N who="2" m="15465" /><F84/><W17/><G31/><T73/><D73/><U103/><E129/><V27/><F10/><W110/><G32/><T78/><D78/><U115/><E115/><V118/><F24/><W90/><G110/><T101/><REACH who="0" step="1"/><D92/><REACH who="0" ten="250,240,260,240" step="2"/><U47/><E79/><V80/><F118/><W113/><G113/><T14/><D14/><U19/><E107/><V33/><F80/><N who="3" m="30827" /><G3/><T15/><D15/><U8/><E75/><V12/><F12/><W38/><G11/><T20/><D20/><U34/><E8/><V0/><F0/><W52/><G38/><T39/><D39/><U132/><E72/><V123/><F123/><W22/><G22/><T58/><D58/><U50/><E37/><N who="2" m="21615" /><F33/><W130/><G130/><T125/><D125/><U69/><E126/><V65/><F27/><W5/><G5/><T98/><D98/><U85/><E97/><V4/><F4/><W122/><G122/><T53/><D53/><U18/><E34/><V1/><F1/><W108/><G108/><T23/><D23/><U83/><E109/><V62/><F71/><W88/><AGARI ba="0,1" hai="16,17,52,57,61,87,88,90,93,95,99" m="30827" machi="88" ten="30,7900,0" yaku="8,1,54,3" doraHai="6" who="3" fromWho="3" sc="250,-20,240,-20,260,-39,240,89" /><INIT seed="3,0,0,4,3,91" ten="230,220,221,329" oya="3" hai0="25,72,108,43,62,34,44,33,14,134,76,23,75" hai1="121,92,26,17,114,53,45,71,106,77,42,2,27" hai2="85,102,123,38,69,133,10,79,122,8,115,98,6" hai3="40,0,95,21,1,87,86,3,130,50,37,117,74"/><W65/><G74/><T56/><D108/><U31/><E121/><N who="2" m="46091" /><F115/><W94/><G37/><T111/><D111/><U99/><E114/><V18/><F133/><W135/><G117/><T36/><D134/><U84/><E71/><V67/><F38/><W11/><G11/><N who="2" m="4137" /><F6/><W57/><G130/><T28/><D14/><U66/><E106/><N who="2" m="63831" /><F18/><W60/><G135/><T52/><D75/><U35/><E2/><V29/><F29/><W49/><G21/><T103/><D103/><U59/><E66/><V15/><F15/><W58/><G57/><T109/><D109/><U20/><E77/><V100/><F100/><W7/><G7/><T61/><D76/><U89/><E84/><V101/><F101/><W51/><G40/><T107/><D72/><U110/><E110/><V39/><F39/><W22/><G22/><T73/><D73/><U128/><E128/><V30/><F30/><W82/><G87/><T88/><D107/><U5/><E5/><V68/><F67/><W13/><G13/><T127/><D127/><U46/><E42/><V63/><F63/><AGARI ba="0,0" hai="17,20,26,27,31,35,45,46,53,59,63,89,92,99" machi="63" ten="30,7700,0" yaku="7,1,25,2,52,1" doraHai="91" who="1" fromWho="2" sc="230,0,220,77,221,-77,329,0" owari="230,-17.0,297,9.7,144,-35.6,329,42.9" /></mjloggm>