<mjloggm ver="2.3"><GO type="225" lobby="0"/><UN n0="%E3%81%BF%E3%81%BF%E3%81%9A" n1="%E3%82%BC%E3%83%AB%E3%83%80%E3%81%AE%E4%BC%9D%E8%AA%AC" n2="%6D%75%75%6D%75%72%61" n3="%E8%80%81%E6%A5%BD" dan="16,17,16,16" rate="2126.50,2153.45,2137.74,2120.98" sx="M,M,F,M"/><TAIKYOKU oya="0"/><INIT seed="0,0,0,4,5,40" ten="250,250,250,250" oya="0" hai0="114,18,5,98,7,28,53,57,95,88,35,129,116" hai1="93,34,13,41,122,27,96,50,17,102,24,20,85" hai2="0,124,12,51,9,103,3,126,86,66,82,128,84" hai3="94,70,117,101,119,56,19,8,45,108,87,69,11"/><T59/><D114/><U92/><E122/><V83/><F103/><W105/><G105/><T78/><D116/><U39/><E39/><V54/><F66/><W71/><G108/><T64/><D129/><U33/><E33/><V68/><F68/><W127/><G127/><N who="2" m="48681" /><F86/><W67/><G19/><T107/><D107/><U115/><E34/><V123/><F123/><W80/><G11/><T131/><D131/><U21/><E115/><V73/><F73/><W42/><G8/><T106/><D106/><U52/><E21/><V31/><F31/><W81/><G81/><N who="2" m="30729" /><F84/><W44/><G67/><T37/><D78/><U2/><E41/><V121/><F121/><W134/><G42/><T135/><D28/><U32/><E32/><V26/><F26/><W29/><G29/><T38/><D35/><U55/><E2/><V1/><F128/><W97/><G71/><T125/><D125/><U48/><E85/><V79/><F79/><W99/><G70/><T74/><D74/><U58/><E93/><V22/><F22/><W62/><G69/><T100/><D100/><U133/><E133/><V104/><F104/><W77/><G134/><T6/><D135/><U30/><E30/><V75/><F75/><N who="3" m="43071" /><G99/><T89/><D64/><U63/><E63/><V46/><F1/><W113/><G87/><T72/><D72/><U23/><E23/><V36/><F36/><W112/><G113/><T47/><D38/><U25/><E25/><V109/><F109/><W60/><G112/><T4/><D37/><U49/><E49/><V76/><F76/><W118/><G62/><T43/><D98/><RYUUKYOKU ba="0,0" sc="250,-30,250,10,250,10,250,10" hai1="13,17,20,24,27,48,50,52,55,58,92,96,102" hai2="0,3,9,12,46,51,54" hai3="44,45,56,60,94,97,101,117,118,119" /><INIT seed="1,1,0,1,2,77" ten="220,260,260,260" oya="1" hai0="93,57,47,98,121,113,61,91,42,17,103,101,48" hai1="108,80,60,119,74,73,25,9,14,71,128,51,79" hai2="3,120,67,63,39,55,88,35,27,83,110,59,106" hai3="130,13,16,50,23,11,41,70,0,7,114,37,135"/><U53/><E119/><V52/><F120/><W30/><G114/><T90/><D113/><U86/><E128/><V81/><F106/><W31/><G70/><T33/><D121/><U12/><E108/><V102/><F39/><W85/><G37/><T19/><D33/><U129/><E129/><V82/><F3/><W62/><G130/><T133/><D133/><U94/><E25/><V45/><F102/><W58/><G135/><T107/><D103/><U96/><E71/><V126/><F126/><W97/><G97/><T24/><D107/><U10/><E60/><V49/><F110/><W64/><REACH who="3" step="1"/><G85/><REACH who="3" ten="220,260,260,250" step="2"/><T46/><D46/><AGARI ba="1,1" hai="0,7,11,13,16,23,30,31,41,46,50,58,62,64" machi="46" ten="40,5200,0" yaku="1,1,2,1,54,1,53,0" doraHai="77" doraHaiUra="66" who="3" fromWho="0" sc="220,-55,260,0,260,0,250,65" /><INIT seed="2,0,0,4,1,58" ten="165,260,260,315" oya="2" hai0="78,124,82,94,7,96,108,71,97,107,128,10,13" hai1="61,117,22,60,4,29,88,101,65,28,32,45,93" hai2="133,83,110,35,0,18,72,90,80,91,70,126,111" hai3="73,55,103,113,37,84,11,52,54,50,63,121,95"/><V14/><F0/><W3/><G73/><T116/><D116/><U79/><E117/><V31/><F126/><W114/><G37/><T66/><D124/><U21/><E32/><V130/><F130/><W43/><G121/><T85/><D128/><U53/><E79/><V51/><F70/><W39/><G39/><T27/><D108/><N who="2" m="41514" /><F133/><W12/><G3/><T89/><D27/><N who="1" m="16495" /><E101/><V75/><F31/><W9/><G63/><N who="1" m="24138" /><E65/><V19/><F35/><W132/><G132/><T20/><D66/><U134/><E134/><V5/><F5/><W100/><G100/><T102/><D71/><U122/><E122/><V118/><F51/><W36/><G36/><T77/><D77/><U24/><E4/><V59/><F59/><W1/><G103/><T81/><D81/><N who="2" m="31306" /><F118/><W62/><G1/><T87/><REACH who="0" step="1"/><D20/><REACH who="0" ten="155,260,260,315" step="2"/><U44/><E53/><V105/><F72/><AGARI ba="0,1" hai="7,10,13,72,78,82,85,87,89,94,96,97,102,107" machi="72" ten="30,7700,0" yaku="1,1,2,1,7,1,53,1" doraHai="58" doraHaiUra="98" who="0" fromWho="2" sc="155,87,260,0,260,-77,315,0" /><INIT seed="3,0,0,3,5,11" ten="242,260,183,315" oya="3" hai0="64,89,35,26,74,103,131,14,86,24,112,48,17" hai1="58,75,111,63,52,22,19,42,30,72,93,57,23" hai2="34,66,133,105,128,76,96,28,54,124,82,25,104" hai3="87,60,113,95,121,5,73,81,40,10,77,50,44"/><W55/><G113/><T119/><D74/><U0/><E0/><V45/><F128/><W61/><G121/><T126/><D119/><U123/><E123/><V71/><F124/><W62/><G95/><T9/><D35/><U115/><E115/><V4/><F133/><W122/><G122/><T38/><D38/><U116/><E111/><V70/><F104/><W18/><G18/><T67/><D126/><U91/><E116/><V36/><F71/><W32/><G32/><T130/><D103/><U88/><E42/><V2/><F54/><W98/><G98/><T107/><D107/><U43/><E43/><V3/><F4/><W99/><G99/><T102/><D102/><U49/><E30/><V56/><F56/><N who="3" m="34847" /><G73/><T6/><D112/><U85/><E23/><V33/><F33/><W7/><G7/><T39/><D39/><U27/><REACH who="1" step="1"/><E91/><REACH who="1" ten="242,250,183,315" step="2"/><V53/><F53/><AGARI ba="0,1" hai="19,22,27,49,52,53,57,58,63,72,75,85,88,93" machi="53" ten="30,8000,1" yaku="1,1,2,1,7,1,54,2,53,0" doraHai="11" doraHaiUra="108" who="1" fromWho="2" sc="242,0,250,90,183,-80,315,0" owari="242,-15.8,340,44.0,103,-39.7,315,11.5" /></mjloggm>