<mjloggm ver="2.3"><GO type="225" lobby="0"/><UN n0="%33%74%72%65%65" n1="%72%65%6E%6B%75%6E" n2="%72%69%6F%75%63%68%61%6E" n3="%61%6D%65%6B%69" dan="16,17,16,16" rate="2131.31,2235.37,2169.65,2087.63" sx="F,M,M,M"/><TAIKYOKU oya="0"/><INIT seed="0,0,0,1,3,117" ten="250,250,250,250" oya="0" hai0="18,101,79,10,7,113,21,28,105,91,97,127,26" hai1="52,96,8,46,73,27,11,19,17,61,92,128,94" hai2="102,12,84,107,80,2,14,47,15,121,30,115,38" hai3="16,57,103,69,112,3,129,0,86,131,132,51,100"/><T66/><D113/><U130/><E73/><V99/><F115/><W72/><G72/><T22/><D127/><U106/><E106/><V43/><F2/><W41/><G69/><T65/><D79/><U77/><E77/><V54/><F30/><W40/><G112/><T13/><REACH who="0" step="1"/><D91/><REACH who="0" ten="240,250,250,250" step="2"/><U76/><E76/><V82/><F121/><W63/><G131/><T37/><D37/><U104/><E128/><V34/><F34/><W78/><G129/><T31/><D31/><U48/><E130/><V62/><REACH who="2" step="1"/><F84/><REACH who="2" ten="240,250,240,250" step="2"/><W4/><G86/><T67/><D67/><U36/><E36/><V89/><F89/><W114/><G78/><T75/><D75/><U110/><E110/><V83/><F83/><W58/><G114/><T25/><AGARI ba="0,2" hai="7,10,13,18,21,22,25,26,28,65,66,97,101,105" machi="25" ten="20,3900,0" yaku="1,1,0,1,7,1,53,0" doraHai="117" doraHaiUra="55" who="0" fromWho="0" sc="240,59,250,-13,240,-13,250,-13" /><INIT seed="0,1,0,1,4,67" ten="299,237,227,237" oya="0" hai0="62,27,7,30,61,82,25,53,134,32,108,95,90" hai1="103,38,84,130,73,128,5,113,74,70,78,33,63" hai2="111,93,47,16,81,56,75,43,100,85,68,0,114" hai3="45,133,132,120,64,17,76,23,19,88,28,129,2"/><T112/><D112/><U107/><E33/><V118/><F114/><W117/><G117/><T52/><D134/><N who="3" m="51817" /><G2/><T44/><D108/><U39/><E113/><V22/><F118/><W3/><G3/><T96/><D7/><U49/><E5/><V109/><F0/><W9/><G129/><N who="1" m="49770" /><E49/><V106/><F106/><W86/><G76/><T24/><D82/><N who="1" m="47191" /><E103/><V21/><F75/><N who="1" m="28681" /><E107/><V59/><F68/><W18/><G45/><T101/><D101/><U72/><N who="1" m="28689" /><U42/><DORA hai="12" /><E42/><V11/><F111/><W37/><G37/><T29/><D44/><U83/><E83/><V51/><F109/><W54/><G120/><T92/><D92/><U58/><E70/><V123/><F123/><W105/><G105/><T104/><D104/><U65/><AGARI ba="1,0" hai="38,39,58,63,65" m="28689,47191,49770" machi="65" ten="50,1600,0" yaku="19,1" doraHai="67,12" who="1" fromWho="1" sc="299,-9,237,19,227,-5,237,-5" /><INIT seed="1,0,0,3,5,31" ten="290,256,222,232" oya="1" hai0="125,60,1,54,51,82,18,108,122,115,48,81,24" hai1="118,29,78,116,91,110,20,129,92,88,83,25,55" hai2="64,120,49,40,33,90,73,68,63,67,87,126,52" hai3="35,84,32,19,106,131,22,71,117,23,121,28,62"/><U111/><E129/><V76/><F120/><W56/><G71/><T10/><D115/><U6/><E6/><V16/><F126/><W46/><G106/><T45/><D125/><U41/><E41/><V39/><F33/><N who="3" m="12875" /><G121/><T12/><D108/><N who="1" m="41515" /><E55/><V17/><F67/><N who="3" m="39367" /><G46/><T61/><D122/><U65/><E65/><V128/><F128/><W42/><G42/><N who="0" m="24631" /><D1/><U86/><E91/><V11/><F11/><W127/><G127/><T3/><D3/><U109/><N who="1" m="41523" /><U105/><DORA hai="30" /><E105/><V53/><F76/><W72/><G72/><AGARI ba="0,0" hai="20,25,29,72,78,83,86,88,92,116,118" m="41523" machi="72" ten="40,7700,0" yaku="14,1,10,1,54,1" doraHai="31,30" who="1" fromWho="3" sc="290,0,256,77,222,0,232,-77" /><INIT seed="1,1,0,0,2,89" ten="290,333,222,155" oya="1" hai0="39,124,22,54,41,34,130,8,59,79,110,104,96" hai1="106,12,16,86,77,134,11,13,75,38,9,123,47" hai2="58,5,15,88,126,135,4,56,117,33,73,55,70" hai3="60,28,52,107,27,98,68,92,42,65,48,57,24"/><U93/><E106/><V83/><F117/><W1/><G1/><T20/><D34/><U50/><E134/><V112/><F70/><W113/><G113/><T115/><D79/><U66/><E123/><V132/><F33/><W101/><G42/><T127/><D115/><U78/><E38/><V63/><F112/><W53/><G53/><T10/><D130/><U84/><E66/><V133/><F126/><N who="0" m="48170" /><D110/><U71/><E71/><V121/><F121/><W87/><G87/><N who="1" m="33322" /><E75/><V114/><F114/><W97/><REACH who="3" step="1"/><G28/><REACH who="3" ten="290,333,222,145" step="2"/><T30/><D30/><U7/><E93/><V99/><F73/><W72/><G72/><T40/><D40/><AGARI ba="1,1" hai="7,9,11,12,13,16,40,47,50,77,78" m="33322" machi="40" ten="30,2900,0" yaku="8,1,54,1" doraHai="89" who="1" fromWho="0" sc="290,-32,333,42,222,0,145,0" /><INIT seed="1,2,0,3,2,134" ten="258,375,222,145" oya="1" hai0="64,26,126,118,107,72,59,128,50,4,11,79,94" hai1="108,35,3,30,9,93,121,133,12,47,58,55,86" hai2="40,123,62,90,19,104,0,74,130,89,129,81,66" hai3="41,13,111,87,135,100,95,63,131,37,29,68,15"/><U43/><E121/><V8/><F123/><W73/><G73/><T6/><D107/><U106/><E106/><V85/><F104/><W54/><G135/><T52/><D118/><U31/><E133/><V99/><F74/><W16/><G111/><T10/><D128/><N who="2" m="49258" /><F40/><W125/><G131/><T18/><D126/><U14/><E3/><V83/><F99/><W49/><G29/><N who="1" m="10762" /><E35/><V34/><F34/><W17/><G37/><T44/><D72/><U75/><E75/><V21/><F8/><N who="0" m="3114" /><D79/><U57/><E108/><V110/><F110/><W122/><G122/><T36/><D36/><U20/><E20/><V24/><F0/><W28/><G28/><T132/><D94/><U32/><E32/><V124/><F124/><W88/><G125/><T82/><D82/><N who="2" m="31242" /><F85/><W113/><G113/><T7/><D132/><U102/><E43/><V112/><F112/><W91/><G100/><T119/><D119/><U22/><E22/><V105/><F105/><W71/><G41/><T48/><D4/><U65/><E9/><V115/><F115/><W84/><G71/><AGARI ba="2,0" hai="19,21,24,62,66,71,89,90" m="31242,49258" machi="71" ten="30,1000,0" yaku="19,1" doraHai="134" who="2" fromWho="3" sc="258,0,375,0,222,16,145,-16" /><INIT seed="2,0,0,0,2,71" ten="258,375,238,129" oya="2" hai0="78,63,41,113,92,76,29,58,55,25,79,128,18" hai1="59,94,133,115,13,75,44,12,97,9,85,110,4" hai2="23,31,132,112,101,28,89,66,14,8,26,95,36" hai3="24,117,96,106,6,11,7,131,69,15,77,43,35"/><V57/><F112/><W72/><G69/><T129/><D113/><U33/><E75/><V87/><F132/><W104/><G117/><T27/><D41/><U74/><E74/><V54/><F36/><W116/><G116/><T3/><D3/><U108/><E33/><V49/><F101/><W100/><G131/><N who="0" m="50251" /><D18/><U21/><E115/><V61/><F28/><W86/><G106/><T98/><D29/><U81/><E133/><V119/><F119/><W45/><G35/><T47/><D47/><U5/><E59/><V122/><F122/><W50/><G24/><T70/><D70/><U91/><E44/><V46/><F14/><W93/><G72/><T1/><D1/><U130/><E130/><V102/><F102/><AGARI ba="0,0" hai="25,27,55,58,63,76,78,79,92,98,102" m="50251" machi="102" ten="30,1000,0" yaku="19,1" doraHai="71" who="0" fromWho="2" sc="258,10,375,0,238,-10,129,0" /><INIT seed="3,0,0,2,5,15" ten="268,375,228,129" oya="3" hai0="11,92,42,114,67,101,27,35,112,0,84,113,90" hai1="58,132,77,62,79,16,55,73,48,21,44,31,133" hai2="88,117,80,110,33,4,99,24,2,45,19,97,115" hai3="25,3,111,122,47,72,103,64,12,106,52,108,121"/><W17/><G3/><T120/><D120/><U76/><E73/><V85/><F115/><W135/><G72/><T30/><D67/><U9/><E9/><V131/><F117/><W134/><G64/><T126/><D126/><U22/><E31/><V78/><F110/><N who="3" m="42027" /><G25/><T104/><D42/><N who="1" m="24599" /><E16/><V40/><F131/><W34/><G34/><T93/><D104/><U13/><E13/><V70/><F70/><W38/><G103/><T128/><D128/><U71/><E71/><V86/><F4/><W61/><G106/><T46/><D101/><U109/><E109/><V36/><F2/><W74/><G74/><T107/><D107/><U14/><E14/><V123/><F123/><N who="3" m="47115" /><G38/><T66/><D66/><U94/><E94/><V32/><F32/><W57/><G47/><T10/><D46/><U68/><E68/><V54/><F33/><W29/><G29/><T53/><D0/><U96/><E96/><V116/><F116/><W18/><G18/><T83/><D93/><U81/><E81/><V69/><F69/><W95/><G95/><T20/><D92/><U51/><E133/><V56/><F24/><W49/><G49/><T50/><D35/><U125/><E132/><V91/><F19/><W43/><G43/><T59/><AGARI ba="0,0" hai="10,11,20,27,30,50,53,59,83,84,90,112,113,114" machi="59" ten="30,2000,0" yaku="0,1,11,1" doraHai="15" who="0" fromWho="0" sc="268,20,375,-5,228,-5,129,-10" owari="288,8.8,370,47.0,223,-17.7,119,-38.1" /></mjloggm>