<mjloggm ver="2.3"><GO type="225" lobby="0"/><UN n0="%E3%83%81%E3%83%AF%E3%83%AF%E9%9A%8A%E9%95%B7" n1="%6D%75%75%73%61%6E%6D%75" n2="%E6%81%A5%E6%99%92%E3%81%97" n3="%E3%80%93%E3%81%97%E3%83%BC%E3%82%89%E3%80%93" dan="17,16,16,16" rate="2202.16,2145.10,2094.94,2181.20" sx="M,F,M,M"/><TAIKYOKU oya="0"/><INIT seed="0,0,0,1,5,58" ten="250,250,250,250" oya="0" hai0="65,111,42,21,6,28,91,100,116,82,47,51,125" hai1="2,10,63,11,86,62,55,46,121,17,128,110,69" hai2="14,53,79,49,60,126,114,74,106,56,23,92,104" hai3="107,37,43,122,129,0,120,29,40,95,113,119,15"/><T123/><D116/><U133/><E121/><V84/><F114/><W66/><G107/><T20/><D123/><U41/><E110/><V72/><F126/><W124/><G0/><T16/><D125/><U45/><E128/><V34/><F34/><W98/><G37/><T127/><D127/><U94/><E133/><V89/><F79/><W71/><G71/><T102/><D111/><U93/><E2/><V19/><REACH who="2" step="1"/><F60/><REACH who="2" ten="250,250,240,250" step="2"/><N who="1" m="23081" /><E69/><V83/><F83/><W73/><G124/><T12/><D82/><U134/><E134/><V85/><F85/><W105/><G113/><T108/><D108/><U3/><E3/><V80/><F80/><W52/><G120/><T112/><D112/><U48/><E86/><V25/><F25/><W132/><G122/><T75/><D75/><AGARI ba="0,1" hai="14,19,23,49,53,56,72,74,75,84,89,92,104,106" machi="75" ten="40,5200,0" yaku="1,1,25,2,53,0" doraHai="58" doraHaiUra="131" who="2" fromWho="0" sc="250,-52,250,0,240,62,250,0" /><INIT seed="1,0,0,4,3,113" ten="198,250,302,250" oya="1" hai0="134,91,35,85,89,75,72,18,39,109,127,42,120" hai1="96,77,36,84,68,76,98,80,126,95,9,16,86" hai2="52,103,2,41,63,7,30,33,118,26,116,50,133" hai3="46,94,130,71,67,21,69,99,1,132,55,40,4"/><U25/><E126/><V54/><F41/><W58/><G132/><T101/><D35/><U59/><E68/><V12/><F133/><W27/><G130/><T15/><D134/><U102/><E36/><V19/><F103/><W100/><G1/><T108/><D127/><U65/><E96/><V38/><F38/><W105/><G4/><T66/><D120/><U53/><E65/><V17/><F17/><W0/><G0/><T61/><D101/><U64/><E64/><V93/><F93/><W74/><G74/><T48/><D39/><U124/><E124/><V24/><F24/><W10/><G10/><T111/><D91/><U107/><E107/><V79/><F79/><W14/><G14/><T45/><D89/><U31/><E31/><V56/><F7/><W114/><G105/><T23/><REACH who="0" step="1"/><D85/><REACH who="0" ten="188,250,302,250" step="2"/><U135/><E135/><V97/><F33/><W29/><G114/><T129/><D129/><U123/><E123/><V78/><F97/><W62/><G55/><T81/><D81/><U3/><E53/><V115/><F115/><W92/><G92/><T6/><D6/><U117/><E80/><V83/><F54/><W112/><G112/><T43/><D43/><U90/><E95/><V70/><F83/><W73/><G73/><T88/><D88/><U11/><E90/><V44/><F52/><W60/><G60/><T104/><D104/><U110/><E102/><V82/><F63/><W51/><AGARI ba="0,1" hai="21,27,29,40,46,51,58,62,67,69,71,94,99,100" machi="51" ten="20,5200,0" yaku="0,1,7,1,25,2" doraHai="113" who="3" fromWho="3" sc="188,-13,250,-26,302,-13,250,62" /><INIT seed="2,0,0,2,0,124" ten="175,224,289,312" oya="2" hai0="28,0,120,74,26,109,27,29,45,113,118,127,135" hai1="34,121,42,71,93,36,80,46,53,2,43,94,116" hai2="11,133,37,82,6,49,122,125,35,58,7,52,18" hai3="115,21,110,132,114,89,41,12,65,56,69,16,70"/><V86/><F122/><W62/><G110/><T14/><D74/><U5/><E116/><V105/><F105/><W20/><G132/><T61/><D120/><U10/><E121/><V123/><F123/><W91/><G41/><T85/><D0/><U78/><E34/><V8/><F133/><W76/><G76/><T50/><D135/><U90/><E71/><N who="3" m="27146" /><G21/><T48/><D113/><AGARI ba="0,0" hai="12,16,20,56,62,65,89,91,113,114,115" m="27146" machi="113" ten="30,2000,0" yaku="11,1,54,1" doraHai="124" who="3" fromWho="0" sc="175,-20,224,0,289,0,312,20" /><INIT seed="3,0,0,2,3,6" ten="155,224,289,332" oya="3" hai0="132,2,48,57,63,125,39,86,30,100,91,68,23" hai1="81,114,12,122,118,29,34,56,10,35,135,7,3" hai2="99,5,94,130,102,45,124,133,52,116,72,61,110" hai3="26,27,51,121,53,128,37,98,74,79,33,14,73"/><W101/><G37/><T108/><D39/><U25/><E114/><V49/><F116/><W47/><G121/><T59/><D125/><U96/><E122/><V0/><F124/><W88/><G128/><T120/><D120/><U117/><E81/><V131/><F72/><W60/><G88/><T75/><D75/><U90/><E90/><V87/><F110/><W77/><G14/><T109/><D132/><U89/><E89/><V93/><F133/><W71/><G60/><T4/><D68/><U126/><E56/><V103/><F61/><W19/><G71/><T84/><D100/><U55/><E55/><V21/><F21/><W16/><G53/><T92/><D84/><U31/><E96/><V50/><F50/><W32/><G98/><T42/><D59/><U46/><E46/><V22/><F87/><W20/><G20/><T78/><D78/><U65/><E65/><V40/><F40/><W17/><G51/><T107/><D107/><U85/><E85/><V24/><F94/><W69/><G77/><T113/><D113/><U62/><E62/><V43/><F103/><W41/><G101/><T13/><D2/><U1/><E126/><V104/><F104/><W105/><G79/><T18/><D30/><U82/><E82/><V115/><F43/><W11/><G41/><T127/><D127/><U112/><E135/><V28/><REACH who="2" step="1"/><F115/><REACH who="2" ten="155,224,279,332" step="2"/><W54/><G74/><T15/><D42/><U38/><E112/><V67/><F67/><W119/><G73/><T80/><D80/><U111/><E111/><V9/><AGARI ba="0,1" hai="0,5,9,22,24,28,45,49,52,93,99,102,130,131" machi="9" ten="30,8000,1" yaku="1,1,0,1,52,1,54,1,53,1" doraHai="6" doraHaiUra="97" who="2" fromWho="2" sc="155,-20,224,-20,279,90,332,-40" owari="135,-36.5,204,-19.6,369,46.9,292,9.2" /></mjloggm>