<mjloggm ver="2.3"><GO type="225" lobby="0"/><UN n0="%E5%A4%96%E5%B7%9D%E7%AB%9C%E6%88%90" n1="%E3%82%B2%E3%82%B9%E8%8C%82%E5%8B%9D" n2="%E3%83%97%E3%83%92" n3="%E3%82%82%E3%82%93%E3%81%8D%E3%82%93%E3%81%90" dan="16,16,16,16" rate="2114.65,2121.00,2189.01,2062.74" sx="M,F,M,M"/><TAIKYOKU oya="0"/><INIT seed="0,0,0,1,1,85" ten="250,250,250,250" oya="0" hai0="29,65,60,1,46,22,74,105,52,32,90,17,83" hai1="113,128,118,80,134,108,97,59,129,114,111,115,104" hai2="88,68,45,40,49,15,13,121,77,28,64,38,123" hai3="54,57,72,50,75,117,41,20,27,94,61,9,96"/><T76/><D105/><U124/><E59/><V35/><F77/><W36/><G36/><T66/><D1/><U19/><E19/><V12/><F35/><W119/><G9/><T78/><D32/><U63/><E63/><V3/><F3/><W73/><G41/><T24/><D29/><U120/><E80/><V122/><F28/><W23/><G50/><N who="0" m="28759" /><D74/><U16/><E16/><V10/><F49/><W110/><G110/><N who="1" m="42026" /><E118/><V5/><F68/><W48/><G48/><T125/><D125/><U31/><E31/><V102/><F64/><N who="0" m="24682" /><D60/><U14/><E14/><V100/><F5/><W26/><G26/><T70/><D70/><U86/><E124/><V2/><F2/><W6/><G6/><T79/><D79/><U44/><E44/><V25/><F25/><W82/><G20/><T130/><D130/><N who="1" m="50283" /><E120/><V43/><F10/><W37/><G37/><T126/><D126/><U89/><E134/><V4/><F4/><W131/><G131/><T30/><D30/><U95/><E115/><V21/><F21/><W127/><G127/><T18/><D18/><U103/><AGARI ba="0,0" hai="86,89,95,97,103,104,113,114" m="50283,42026" machi="103" ten="40,8000,1" yaku="14,1,19,1,34,2,52,1" doraHai="85" who="1" fromWho="1" sc="250,-40,250,80,250,-20,250,-20" /><INIT seed="1,0,0,5,3,132" ten="210,330,230,230" oya="1" hai0="13,133,80,42,58,46,50,78,18,93,9,71,103" hai1="68,32,110,45,30,22,55,17,75,16,92,53,27" hai2="47,70,122,0,81,113,119,54,130,49,65,2,34" hai3="118,20,124,100,104,97,35,73,108,99,102,105,123"/><U6/><E75/><V40/><F119/><W127/><G35/><T76/><D133/><U28/><E68/><V96/><F122/><W57/><G123/><T83/><D71/><U109/><E6/><V111/><F34/><W63/><G108/><N who="1" m="41578" /><E28/><V24/><F111/><W39/><G39/><T29/><D29/><U64/><E64/><V44/><F24/><W10/><G73/><T117/><D117/><U116/><E116/><V121/><F121/><W88/><G118/><T14/><D78/><U107/><E107/><V114/><F81/><W19/><G10/><T86/><D83/><U21/><E92/><V23/><F23/><N who="1" m="8713" /><E45/><V15/><F0/><W41/><G41/><T67/><D14/><U120/><E120/><V3/><F15/><W56/><G56/><T89/><D58/><U69/><E69/><V91/><F3/><W48/><G20/><T4/><D67/><U112/><E112/><V94/><F2/><W8/><G8/><T79/><REACH who="0" step="1"/><D4/><REACH who="0" ten="200,330,230,230" step="2"/><U52/><AGARI ba="0,1" hai="16,17,27,30,32,52,53,55" m="8713,41578" machi="52" ten="40,12000,1" yaku="14,1,10,1,54,2" doraHai="132" who="1" fromWho="1" sc="200,-40,330,130,230,-40,230,-40" /><INIT seed="1,1,0,4,5,127" ten="160,460,190,190" oya="1" hai0="91,35,40,23,54,5,51,44,7,121,3,129,120" hai1="2,9,72,50,110,104,108,124,10,38,62,88,95" hai2="106,13,109,48,8,19,34,41,69,82,90,125,74" hai3="25,42,17,6,111,130,61,112,93,11,15,73,20"/><U28/><E38/><V116/><F116/><W29/><G73/><T84/><D35/><U128/><E124/><V107/><F125/><W22/><G112/><T57/><D3/><U97/><E72/><V81/><F69/><W43/><G111/><N who="1" m="42538" /><E104/><V126/><F126/><W77/><G77/><T63/><D129/><U4/><E28/><V99/><F34/><W80/><G130/><T133/><D133/><U94/><E62/><V65/><F65/><W134/><G80/><T79/><D79/><U86/><E10/><V58/><F109/><W14/><G134/><T46/><D121/><U59/><E128/><V113/><F113/><W47/><G47/><T16/><D44/><U89/><E50/><V118/><F106/><W30/><G30/><T52/><D40/><U100/><E59/><V49/><F107/><W33/><G33/><T55/><D55/><U68/><E100/><V76/><F118/><W53/><G93/><N who="0" m="54503" /><D120/><U71/><AGARI ba="1,0" hai="2,4,9,68,71,86,88,89,94,95,97" m="42538" machi="71" ten="30,6000,0" yaku="14,1,10,1,54,1" doraHai="127" who="1" fromWho="1" sc="160,-21,460,63,190,-21,190,-21" /><INIT seed="1,2,0,1,4,21" ten="139,523,169,169" oya="1" hai0="76,90,102,75,57,46,74,62,10,42,44,64,134" hai1="9,50,84,65,18,99,105,93,14,127,19,32,97" hai2="70,131,116,112,72,4,38,8,53,63,66,130,80" hai3="120,77,125,13,20,129,37,79,85,2,111,47,5"/><U27/><E127/><V52/><F116/><W35/><G85/><T87/><D134/><U107/><E65/><V109/><F38/><W95/><G95/><T89/><D46/><U29/><E84/><V54/><F109/><W135/><G20/><T123/><D123/><U101/><E50/><V103/><F103/><W118/><G13/><T121/><D121/><U43/><E43/><V113/><F80/><W92/><G92/><T126/><D126/><U124/><E124/><V67/><F72/><W88/><G88/><T7/><D102/><U98/><E98/><V114/><REACH who="2" step="1"/><F67/><REACH who="2" ten="139,523,159,169" step="2"/><W94/><G37/><T28/><D75/><U115/><E115/><V55/><N who="2" m="13312" /><DORA hai="15" /><V6/><F6/><W0/><G5/><T128/><D74/><U133/><E133/><V23/><F23/><W59/><G135/><T122/><D122/><U17/><E107/><V3/><AGARI ba="2,1" hai="3,4,8,63,66,70,112,113,114,130,131" m="13312" machi="3" ten="50,8000,1" yaku="1,1,0,1,11,1,54,1,53,0" doraHai="21,15" doraHaiUra="86,31" who="2" fromWho="2" sc="139,-22,523,-42,159,96,169,-22" /><INIT seed="2,0,0,0,4,86" ten="117,481,255,147" oya="2" hai0="109,3,19,101,89,42,62,24,47,70,93,81,129" hai1="115,30,31,130,2,100,50,83,43,117,16,88,57" hai2="36,53,106,33,14,44,112,102,95,116,65,127,51" hai3="82,72,48,94,35,91,80,122,18,90,45,34,25"/><V135/><F112/><W78/><G122/><T15/><D3/><U68/><E115/><V76/><F116/><W61/><G61/><T120/><D120/><U59/><E117/><V60/><F106/><W75/><G18/><T37/><D109/><U27/><E68/><V55/><F33/><W29/><G34/><T110/><D110/><U54/><E2/><V123/><F36/><W79/><G94/><T5/><D129/><U105/><E130/><V77/><F135/><W26/><G26/><T108/><D108/><U87/><E43/><AGARI ba="0,0" hai="25,29,35,43,45,48,72,75,78,79,80,82,90,91" machi="43" ten="30,7700,0" yaku="7,1,9,1,52,2" doraHai="86" who="3" fromWho="1" sc="117,0,481,-77,255,0,147,77" /><INIT seed="3,0,0,3,5,26" ten="117,404,255,224" oya="3" hai0="84,56,41,11,49,123,78,29,8,109,95,37,70" hai1="81,113,114,44,67,107,43,90,39,55,64,30,91" hai2="15,118,80,85,42,2,27,34,128,14,129,40,33" hai3="35,75,52,79,21,0,74,58,20,25,119,24,51"/><W131/><G119/><T105/><D123/><U130/><E107/><V5/><F118/><W7/><G35/><N who="2" m="13321" /><F2/><W72/><G131/><N who="2" m="50249" /><F27/><W18/><G79/><T111/><D105/><U77/><E130/><V66/><F66/><W76/><G76/><T59/><D70/><U16/><E30/><V98/><F98/><W46/><G0/><T1/><D1/><U134/><E134/><V135/><F135/><W22/><G7/><T57/><D49/><U6/><E6/><V61/><F61/><W3/><G3/><T124/><D78/><U82/><E55/><V102/><F102/><W110/><G110/><T92/><D84/><U101/><E101/><V104/><F104/><W4/><G4/><T19/><D19/><U106/><E106/><V38/><F38/><W100/><G100/><T83/><D83/><U13/><E113/><V133/><F133/><W93/><G93/><T28/><D124/><U86/><E114/><V10/><F14/><W120/><G120/><T63/><D63/><U69/><E69/><V73/><F73/><W94/><G94/><N who="0" m="35883" /><D37/><U97/><E97/><V103/><F103/><W87/><G87/><T121/><D121/><U132/><E132/><V45/><F45/><W12/><REACH who="3" step="1"/><G46/><REACH who="3" ten="117,404,255,214" step="2"/><T31/><D41/><U115/><E115/><V126/><F126/><W108/><G108/><AGARI ba="0,1" hai="8,11,28,29,31,56,57,59,108,109,111" m="35883" machi="108" ten="40,12000,2" yaku="28,2,14,1,52,3" doraHai="26" who="0" fromWho="3" sc="117,130,404,0,255,0,214,-120" owari="247,-15.3,404,50.4,255,5.5,94,-40.6" /></mjloggm>