<mjloggm ver="2.3"><GO type="225" lobby="0"/><UN n0="%E3%81%A6%E3%81%A4%EF%BC%A3" n1="%E3%82%82%E3%81%90%E3%82%89" n2="%E3%81%8A%E3%81%8B%E3%81%8F%E3%82%89" n3="%E3%81%99%E3%81%84%E3%81%BE%E3%81%9B%E3%83%BC%E3%82%93" dan="16,17,16,16" rate="2075.52,2159.00,2078.79,2112.16" sx="M,M,M,M"/><TAIKYOKU oya="0"/><INIT seed="0,0,0,5,5,78" ten="250,250,250,250" oya="0" hai0="9,17,99,19,108,85,56,81,52,32,87,103,23" hai1="5,39,45,43,42,63,129,1,35,105,109,16,101" hai2="93,125,72,83,51,59,130,127,48,95,97,21,0" hai3="12,44,88,74,40,114,47,132,90,18,4,96,84"/><T13/><D32/><U15/><E35/><V120/><F0/><W46/><G114/><T69/><D69/><U53/><E109/><V11/><F120/><W49/><G132/><T34/><D34/><U33/><E33/><V26/><F130/><W10/><G74/><T102/><D108/><U36/><E129/><V82/><F72/><W3/><G96/><T92/><D103/><U73/><E73/><V100/><F11/><W67/><G67/><T6/><D87/><U68/><E5/><V98/><F127/><W24/><G90/><N who="0" m="51503" /><D23/><U86/><E1/><V134/><F134/><W104/><G104/><T79/><D79/><U122/><E122/><V76/><F76/><W89/><G89/><T7/><D7/><U60/><E68/><V54/><F48/><AGARI ba="0,0" hai="6,9,13,17,19,48,52,56,92,99,102" m="51503" machi="48" ten="30,5800,0" yaku="8,1,52,1,54,1" doraHai="78" who="0" fromWho="2" sc="250,58,250,0,250,-58,250,0" /><INIT seed="0,1,0,3,4,61" ten="308,250,192,250" oya="0" hai0="115,83,65,31,6,119,59,49,88,108,130,90,128" hai1="40,71,106,50,70,4,53,29,95,36,80,66,60" hai2="124,62,120,126,30,118,13,129,17,24,134,72,25" hai3="112,75,15,69,54,56,99,73,114,79,127,105,96"/><T68/><D115/><U46/><E106/><V91/><F72/><W57/><G127/><N who="2" m="48681" /><F91/><W103/><G69/><T34/><D119/><U42/><E29/><V38/><F38/><W22/><G99/><T45/><D6/><U132/><E4/><V113/><F62/><W51/><G57/><T121/><D121/><U117/><E117/><V52/><F113/><W5/><G75/><T85/><D108/><U110/><E110/><V33/><F118/><W89/><G89/><T48/><D68/><N who="1" m="42055" /><E80/><V28/><F52/><W111/><G111/><T93/><D65/><U101/><E95/><V86/><F86/><W123/><G123/><T63/><D31/><U0/><E0/><V12/><F120/><W37/><G37/><T32/><D32/><U131/><E101/><V18/><F129/><N who="0" m="49770" /><D34/><U21/><E131/><V23/><F134/><W16/><REACH who="3" step="1"/><G5/><REACH who="3" ten="308,250,192,240" step="2"/><T44/><D44/><N who="1" m="23559" /><E132/><V2/><F2/><W104/><G104/><T97/><D45/><N who="1" m="27855" /><E21/><V94/><F94/><W1/><G1/><T82/><D82/><AGARI ba="1,1" hai="15,16,22,51,54,56,73,79,82,96,103,105,112,114" machi="82" ten="40,2600,0" yaku="1,1,54,1,53,0" doraHai="61" doraHaiUra="122" who="3" fromWho="0" sc="308,-29,250,0,192,0,240,39" /><INIT seed="1,0,0,3,0,57" ten="279,250,192,279" oya="1" hai0="24,27,45,0,103,61,62,84,17,14,36,123,25" hai1="29,34,75,78,100,18,39,16,131,33,55,23,107" hai2="101,77,52,102,8,47,114,64,134,7,12,82,6" hai3="30,132,110,54,50,108,92,37,28,53,127,120,35"/><U42/><E131/><V41/><F134/><W81/><G120/><T48/><D123/><U83/><E29/><V76/><F114/><W116/><G132/><T91/><D36/><U126/><E126/><V133/><F133/><W95/><G37/><T19/><D103/><U73/><E73/><V89/><F64/><W97/><G127/><T94/><D0/><U32/><E42/><V5/><F89/><W118/><G81/><T119/><D119/><N who="3" m="45609" /><G54/><N who="0" m="29967" /><D17/><U58/><E39/><V113/><F113/><W128/><G128/><T56/><D56/><U117/><E117/><V109/><F109/><N who="3" m="42091" /><G35/><T88/><D91/><U59/><E59/><V1/><F76/><W106/><G106/><T22/><AGARI ba="0,0" hai="14,19,22,24,25,27,61,62,84,88,94" m="29967" machi="22" ten="30,7900,0" yaku="8,1,52,2,54,1" doraHai="57" who="0" fromWho="0" sc="279,79,250,-39,192,-20,279,-20" /><INIT seed="2,0,0,2,4,96" ten="358,211,172,259" oya="2" hai0="99,19,127,114,83,66,102,34,123,13,121,28,39" hai1="9,91,80,92,76,87,74,79,11,97,93,112,50" hai2="126,17,81,18,27,8,68,49,107,37,53,31,128" hai3="90,22,60,43,115,133,108,58,46,88,12,40,21"/><V61/><F128/><W134/><G108/><T42/><D114/><U125/><E50/><V56/><F126/><W0/><G0/><T131/><D131/><U98/><E9/><V104/><F37/><W106/><G106/><T120/><D127/><U84/><E11/><V130/><F130/><W129/><G115/><T44/><D66/><U72/><E125/><V119/><F119/><W33/><G33/><T85/><D28/><U101/><E112/><V63/><F81/><AGARI ba="0,0" hai="72,74,76,79,80,81,84,87,91,92,93,97,98,101" machi="81" ten="40,16000,3" yaku="9,1,35,6,52,1" doraHai="96" who="1" fromWho="2" sc="358,0,211,160,172,-160,259,0" /><INIT seed="3,0,0,0,5,1" ten="358,371,12,259" oya="3" hai0="109,39,19,76,125,85,63,62,121,24,36,15,44" hai1="11,97,92,128,90,38,104,129,3,99,53,30,77" hai2="74,32,87,40,115,21,6,68,28,98,14,47,81" hai3="0,35,18,102,33,26,58,72,73,23,91,2,120"/><W51/><G120/><T45/><D121/><U60/><E38/><V13/><F98/><W37/><G37/><T124/><D109/><U27/><E77/><V31/><F87/><W34/><G102/><T65/><D24/><U56/><E11/><V8/><F81/><W118/><G118/><T123/><D123/><U17/><E17/><V108/><F8/><W61/><G51/><T84/><D65/><U49/><E3/><V126/><F47/><W66/><G0/><T127/><D76/><U80/><E80/><V112/><F108/><W83/><G2/><T16/><D125/><U71/><E71/><V82/><F82/><W100/><G100/><T114/><D15/><U9/><E9/><V103/><F103/><W96/><G83/><T20/><D20/><U122/><E122/><V22/><F68/><W78/><G78/><T111/><D111/><U93/><E104/><V89/><F89/><W119/><G119/><T106/><D106/><U57/><E57/><V105/><F105/><W50/><G50/><T130/><D130/><N who="1" m="50283" /><E49/><V55/><F126/><W70/><G70/><T5/><D5/><U116/><E93/><V59/><F59/><W132/><G132/><T43/><D43/><U134/><E134/><V64/><F6/><W25/><G25/><T48/><D48/><U101/><E101/><V88/><F112/><AGARI ba="0,0" hai="16,19,36,39,44,45,62,63,84,85,112,114,124,127" machi="112" ten="25,3200,0" yaku="22,2,54,1" doraHai="1" who="0" fromWho="2" sc="358,32,371,0,12,-32,259,0" owari="390,49.0,371,17.1,-20,-52.0,259,-14.1" /></mjloggm>