<mjloggm ver="2.3"><GO type="225" lobby="0"/><UN n0="%E3%80%93%E3%81%97%E3%83%BC%E3%82%89%E3%80%93" n1="%E6%B8%A9%E2%98%85%E6%83%85%E2%98%85%E6%8E%AA%E2%98%85%E7%BD%AE" n2="%E5%A4%9C%E3%81%AE%E3%82%AC%E3%82%B9%E3%83%91%E3%83%BC%E3%83%AB" n3="%E6%9D%B1%E9%A2%A8%E3%81%AE%E3%81%8D%E3%82%83%E3%81%B7%E3%81%95%E3%82%93" dan="16,18,16,17" rate="2117.91,2202.40,2151.99,2190.93" sx="M,M,M,M"/><TAIKYOKU oya="0"/><INIT seed="0,0,0,1,2,119" ten="250,250,250,250" oya="0" hai0="73,5,8,15,82,16,21,28,105,47,20,53,100" hai1="116,103,66,98,117,75,97,71,23,95,81,123,132" hai2="121,7,43,107,34,68,90,0,39,4,19,1,33" hai3="125,118,25,45,131,48,50,134,51,83,113,32,30"/><T37/><D105/><U36/><E36/><V77/><F107/><W54/><G118/><T31/><D100/><U61/><E123/><V126/><F68/><W114/><G134/><T85/><D73/><U74/><E132/><V79/><F43/><W38/><G131/><T11/><D21/><U14/><E75/><V135/><F135/><W91/><G125/><T80/><D11/><U42/><E42/><V111/><F111/><W6/><G6/><T69/><D69/><U130/><E130/><V120/><F90/><W124/><G124/><T99/><D99/><U3/><E3/><V65/><F126/><W62/><G38/><T57/><D47/><U13/><E98/><V101/><F39/><W129/><G129/><T29/><D37/><U84/><E74/><V92/><F19/><W46/><G62/><T104/><D104/><U35/><E35/><V9/><F65/><W58/><G83/><T10/><D85/><U2/><E2/><V96/><F9/><N who="0" m="3690" /><D5/><U110/><E110/><V70/><F70/><W128/><G128/><T112/><D112/><U108/><E108/><V55/><F96/><W88/><G45/><T89/><D89/><U41/><E41/><V93/><F55/><W63/><REACH who="3" step="1"/><G46/><REACH who="3" ten="250,250,250,240" step="2"/><T59/><D59/><U18/><REACH who="1" step="1"/><E14/><REACH who="1" ten="250,240,250,240" step="2"/><V40/><F40/><W115/><AGARI ba="0,2" hai="25,30,32,48,50,51,54,58,63,88,91,113,114,115" machi="115" ten="40,8000,1" yaku="1,1,2,1,0,1,54,1,53,0" doraHai="119" doraHaiUra="64" who="3" fromWho="3" sc="250,-40,240,-20,250,-20,240,100" /><INIT seed="1,0,0,4,3,25" ten="210,220,230,340" oya="1" hai0="30,88,61,120,56,22,48,110,4,33,71,38,78" hai1="37,101,39,121,32,95,11,10,86,116,124,46,51" hai2="64,0,97,13,16,100,81,74,66,93,65,92,31" hai3="53,127,20,98,79,3,123,23,128,55,21,89,44"/><U43/><E116/><V90/><F0/><W27/><G123/><T99/><D38/><U2/><E121/><V84/><F74/><W12/><G3/><T19/><D71/><U106/><E124/><V67/><F67/><W119/><G119/><T132/><D120/><U68/><E68/><V69/><F31/><W105/><G79/><T15/><D132/><U87/><E32/><V75/><F75/><W7/><G128/><T117/><D110/><U108/><E108/><V52/><F52/><N who="3" m="20043" /><G105/><T130/><D78/><U76/><E106/><V96/><F69/><W14/><G127/><T125/><D130/><U111/><E111/><V122/><F122/><W29/><G44/><T34/><D4/><U9/><E2/><V83/><REACH who="2" step="1"/><F97/><REACH who="2" ten="210,220,220,340" step="2"/><W54/><G54/><T131/><D125/><U17/><E46/><V1/><F1/><W103/><G7/><T104/><D117/><U70/><E70/><V77/><F77/><W57/><G12/><T60/><D15/><U35/><E76/><V42/><F42/><W50/><G14/><T62/><D99/><N who="1" m="59647" /><E43/><V63/><F63/><W135/><G135/><T41/><D61/><U58/><E35/><V49/><F49/><W8/><G50/><T126/><D48/><U36/><E17/><V80/><F80/><W134/><G134/><T109/><D126/><U72/><E72/><V82/><F82/><W73/><G73/><T5/><D109/><U113/><E113/><V18/><F18/><W94/><G98/><T102/><D19/><U85/><E51/><V47/><F47/><W114/><G114/><T115/><D115/><RYUUKYOKU ba="0,1" sc="210,-15,220,15,220,15,340,-15" hai1="9,10,11,36,37,39,58,85,86,87" hai2="13,16,64,65,66,81,83,84,90,92,93,96,100" /><INIT seed="1,1,1,0,2,63" ten="195,235,235,325" oya="1" hai0="133,2,56,89,76,104,17,25,100,27,121,31,32" hai1="35,22,96,33,11,115,126,77,68,85,1,79,19" hai2="54,69,120,43,129,41,26,80,90,67,55,0,23" hai3="21,124,58,130,66,64,51,135,24,36,52,132,101"/><U74/><E115/><V73/><F120/><W57/><G36/><T48/><D2/><U46/><E74/><V117/><F117/><W131/><G101/><T62/><D121/><U60/><E126/><V91/><F0/><W38/><G38/><T119/><D119/><U49/><E96/><V72/><F129/><N who="3" m="49163" /><G58/><T34/><D133/><N who="3" m="51273" /><G124/><T30/><D76/><U103/><E103/><V29/><F73/><W97/><G97/><T42/><D100/><U15/><E79/><V81/><F72/><W7/><G7/><T93/><D104/><U128/><E77/><V111/><F111/><W20/><G20/><T78/><D78/><U61/><E85/><V13/><F13/><W99/><G99/><T86/><D48/><U18/><E128/><V110/><F110/><W134/><N who="3" m="51281" /><W87/><DORA hai="53" /><G87/><T108/><D108/><U47/><E1/><V92/><F91/><W109/><G109/><T50/><D50/><U107/><E107/><V112/><F112/><W37/><G37/><T114/><D114/><U12/><E49/><V5/><F5/><W84/><G84/><T116/><D116/><U3/><E3/><V105/><F105/><W71/><G71/><T9/><D42/><U45/><E68/><V39/><F43/><W75/><G75/><T28/><D34/><U10/><E22/><V94/><F41/><W106/><G106/><T95/><D95/><N who="2" m="36394" /><F39/><W83/><G83/><N who="2" m="31817" /><F90/><W65/><G65/><N who="0" m="39111" /><D32/><AGARI ba="1,1" hai="10,11,12,15,18,19,32,33,35,45,46,47,60,61" machi="32" ten="40,2000,0" yaku="9,1" doraHai="63,53" who="1" fromWho="0" sc="195,-23,235,33,235,0,325,0" /><INIT seed="1,2,0,5,3,57" ten="172,268,235,325" oya="1" hai0="7,107,56,54,103,75,122,4,95,98,114,68,65" hai1="110,32,70,97,101,27,44,58,132,30,85,41,21" hai2="91,130,39,43,66,76,104,77,67,59,90,94,31" hai3="16,11,3,13,80,106,69,71,118,26,112,89,102"/><U126/><E70/><V99/><F130/><W12/><G112/><T19/><D75/><U10/><E132/><V5/><F5/><W125/><G3/><T127/><D114/><U47/><E126/><V40/><F31/><W17/><G26/><T33/><D33/><U53/><E32/><V46/><F43/><W84/><G118/><T37/><D37/><U124/><E124/><V23/><F23/><W0/><G0/><T6/><D127/><U34/><E34/><V88/><F104/><W62/><G125/><T20/><D122/><U42/><E10/><V15/><F15/><W119/><G119/><T49/><D107/><U120/><E120/><V61/><REACH who="2" step="1"/><F67/><REACH who="2" ten="172,268,225,325" step="2"/><W135/><G106/><T117/><D117/><U73/><E42/><V115/><F115/><W22/><G135/><T74/><D74/><U105/><E41/><V81/><F81/><W93/><G80/><T29/><D29/><U131/><E21/><V109/><F109/><W38/><G38/><T1/><D1/><U79/><E110/><V134/><F134/><W78/><G22/><T50/><D65/><U92/><E131/><V111/><F111/><W60/><G13/><T63/><REACH who="0" step="1"/><D68/><REACH who="0" ten="162,268,225,325" step="2"/><U128/><E30/><V45/><F45/><W35/><G69/><T82/><D82/><N who="1" m="45423" /><E128/><V86/><F86/><N who="3" m="52407" /><G71/><T51/><D51/><N who="1" m="31039" /><E85/><V133/><F133/><W36/><G35/><T28/><D28/><U9/><E105/><V116/><F116/><W83/><G36/><T24/><AGARI ba="2,2" hai="4,6,7,19,20,24,49,50,54,56,63,95,98,103" machi="24" ten="30,7900,0" yaku="1,1,0,1,8,1,52,1,53,0" doraHai="57" doraHaiUra="129" who="0" fromWho="0" sc="162,105,268,-41,225,-22,325,-22" /><INIT seed="2,0,0,3,0,113" ten="267,227,203,303" oya="2" hai0="110,124,91,88,96,24,107,95,46,132,65,122,25" hai1="84,114,98,3,129,97,133,59,0,34,50,33,53" hai2="117,126,92,31,28,19,4,18,30,10,13,130,127" hai3="58,77,61,63,120,108,64,56,104,42,103,79,41"/><V55/><F92/><W72/><G120/><T16/><D122/><U119/><E114/><V83/><F83/><W47/><G108/><T128/><D110/><U37/><E37/><V75/><F75/><W39/><G72/><T67/><D107/><U87/><E119/><V109/><F109/><W17/><G42/><T48/><D124/><N who="2" m="47658" /><F55/><W8/><G103/><N who="0" m="60831" /><D128/><U82/><E129/><V45/><F45/><W76/><G104/><T32/><D32/><U85/><E133/><V35/><F130/><W134/><G134/><T89/><D132/><U99/><REACH who="1" step="1"/><E82/><REACH who="1" ten="267,217,203,303" step="2"/><V12/><F117/><W116/><G116/><T70/><D70/><U36/><E36/><V9/><F35/><AGARI ba="0,1" hai="0,3,33,34,35,50,53,59,84,85,87,97,98,99" machi="35" ten="50,1600,0" yaku="1,1,53,0" doraHai="113" doraHaiUra="86" who="1" fromWho="2" sc="267,0,217,26,203,-16,303,0" /><INIT seed="3,0,0,3,4,82" ten="267,243,187,303" oya="3" hai0="45,121,44,118,97,50,27,19,101,135,104,69,67" hai1="2,1,54,112,100,103,70,37,63,18,94,85,90" hai2="60,58,62,109,56,34,84,42,107,132,99,133,38" hai3="124,74,92,40,8,93,12,119,114,81,23,108,105"/><W78/><G105/><T26/><D118/><U89/><E37/><V86/><F34/><W16/><G119/><T61/><D121/><U57/><E112/><V5/><F5/><W32/><G32/><T83/><D135/><N who="2" m="51786" /><F109/><W35/><G35/><T11/><D45/><U106/><E70/><V47/><F107/><W122/><G114/><T117/><D117/><U43/><E106/><V68/><F99/><W127/><G122/><T111/><D111/><U14/><E43/><V76/><F76/><W130/><G108/><T125/><D125/><N who="3" m="48201" /><G130/><T9/><D83/><N who="1" m="49343" /><E2/><V73/><F73/><W110/><G110/><T77/><D77/><U39/><E1/><V66/><F68/><W131/><G131/><T91/><D91/><U75/><E75/><V48/><F38/><W36/><G23/><T28/><D19/><U6/><E6/><V71/><F71/><W87/><G74/><T31/><D31/><U113/><E39/><V17/><F17/><W7/><G7/><T80/><D28/><U29/><E113/><V96/><F96/><W0/><G0/><T30/><D30/><U22/><E29/><V128/><F128/><W72/><G72/><T25/><REACH who="0" step="1"/><D80/><REACH who="0" ten="257,243,187,303" step="2"/><U20/><E20/><V64/><AGARI ba="0,1" hai="42,47,48,56,58,60,62,64,66,84,86" m="51786" machi="64" ten="30,4000,0" yaku="20,1,52,2" doraHai="82" who="2" fromWho="2" sc="257,-10,243,-10,187,50,303,-20" /><INIT seed="4,0,0,2,4,4" ten="247,233,237,283" oya="0" hai0="76,33,75,83,62,102,24,94,113,2,124,85,127" hai1="81,28,77,60,104,90,135,5,74,131,125,84,51" hai2="61,120,110,27,8,55,30,58,48,73,129,40,23" hai3="128,95,122,41,10,109,88,132,119,123,91,11,19"/><T134/><D2/><U65/><E135/><V101/><F110/><W43/><G132/><T32/><D134/><U108/><E108/><V98/><F120/><N who="3" m="46123" /><G109/><T54/><D113/><U26/><E131/><V39/><F129/><W118/><G128/><T71/><D24/><U49/><E125/><N who="0" m="48201" /><D54/><U7/><E104/><V42/><F73/><W36/><G91/><N who="0" m="53615" /><D102/><U20/><E7/><V67/><F39/><W103/><G103/><T106/><D106/><U112/><E5/><V121/><F121/><W82/><G82/><T17/><D17/><U115/><E115/><V96/><F101/><W114/><G114/><T57/><D57/><U0/><E0/><V107/><F107/><W86/><G19/><T21/><D21/><U68/><REACH who="1" step="1"/><E112/><REACH who="1" ten="247,223,237,283" step="2"/><V9/><F98/><W29/><G29/><T111/><D111/><U6/><E6/><V87/><F96/><W56/><G119/><T64/><AGARI ba="0,1" hai="32,33,62,64,71,75,76,83" m="53615,48201" machi="64" ten="30,1500,0" yaku="18,1" doraHai="4" who="0" fromWho="0" sc="247,25,223,-5,237,-5,283,-5" /><INIT seed="4,1,0,0,4,46" ten="272,218,232,278" oya="0" hai0="118,89,33,30,86,22,65,102,121,2,112,96,114" hai1="91,109,79,98,39,77,71,21,78,23,31,95,20" hai2="10,53,70,126,38,129,54,45,63,115,49,94,3" hai3="110,133,16,131,122,113,66,37,128,6,50,17,130"/><T132/><D2/><U7/><E109/><V4/><F115/><N who="0" m="44074" /><D33/><U123/><E123/><V51/><F126/><W35/><G37/><T25/><D65/><U26/><E39/><V1/><F129/><W59/><G113/><T58/><D58/><U32/><REACH who="1" step="1"/><E7/><REACH who="1" ten="272,208,232,278" step="2"/><V93/><F38/><W15/><G122/><T119/><D121/><U43/><E43/><V106/><F3/><W18/><G110/><T11/><D132/><U76/><N who="1" m="19456" /><DORA hai="13" /><U60/><E60/><V28/><F106/><W90/><G133/><T69/><D119/><U124/><E124/><V87/><F63/><W67/><G6/><T104/><D118/><U88/><E88/><V117/><F117/><W75/><G90/><T81/><D89/><U120/><E120/><V127/><F127/><W12/><G130/><T48/><D104/><U61/><E61/><V101/><F1/><W44/><G131/><T27/><D102/><U19/><E19/><V85/><F101/><W135/><G17/><T62/><D62/><U14/><E14/><V72/><F4/><W5/><G18/><T83/><D69/><AGARI ba="1,1" hai="20,21,23,26,31,32,69,71,91,95,98" m="19456" machi="69" ten="60,2000,0" yaku="1,1,53,0" doraHai="46,13" doraHaiUra="105,100" who="1" fromWho="0" sc="272,-23,208,33,232,0,278,0" /><INIT seed="5,0,0,0,3,77" ten="249,241,232,278" oya="1" hai0="37,64,108,99,71,5,88,20,129,127,117,48,119" hai1="56,47,122,115,49,13,76,121,69,40,28,102,44" hai2="134,65,86,0,4,113,116,10,34,35,66,75,3" hai3="85,50,100,14,45,72,21,94,92,81,27,101,62"/><U126/><E69/><V7/><F75/><W131/><G72/><T124/><D37/><U60/><E115/><V36/><F36/><W46/><G62/><N who="0" m="40343" /><D5/><U9/><E126/><N who="0" m="48169" /><D108/><U82/><E102/><N who="3" m="39530" /><G14/><T106/><D129/><U73/><E28/><V83/><F116/><W43/><G45/><T22/><D48/><U42/><E47/><V89/><F134/><W74/><G74/><T111/><D111/><U70/><E70/><V2/><F113/><W55/><G43/><T120/><D120/><U68/><E68/><V1/><REACH who="2" step="1"/><F7/><REACH who="2" ten="249,241,222,278" step="2"/><W80/><G131/><T112/><D112/><U12/><E42/><V6/><F6/><W98/><G85/><T135/><D135/><U26/><E122/><V104/><F104/><W93/><G98/><T38/><D38/><U130/><E121/><V87/><F87/><W25/><G25/><T105/><D105/><U90/><E130/><V110/><F110/><W16/><AGARI ba="0,1" hai="16,21,27,46,50,55,80,81,92,93,94" m="39530" machi="16" ten="30,7900,0" yaku="8,1,52,2,54,1" doraHai="77" who="3" fromWho="3" sc="249,-20,241,-39,222,-20,278,89" owari="229,2.9,202,-19.8,202,-29.8,367,46.7" /></mjloggm>