<mjloggm ver="2.3"><GO type="225" lobby="0"/><UN n0="%E3%81%8F%E3%82%8A%E3%83%94%E3%83%BC" n1="%73%6C%69%63%6B%33%31%39" n2="%E5%A4%8F%E9%88%B4%E9%88%B4%E5%A4%8F" n3="%E3%81%86%E3%81%A3%E3%81%97%E3%83%BC%30%30" dan="16,17,16,16" rate="2109.92,2171.24,2122.68,2088.58" sx="M,M,M,M"/><TAIKYOKU oya="0"/><INIT seed="0,0,0,0,3,7" ten="250,250,250,250" oya="0" hai0="19,1,52,30,102,32,17,45,92,100,75,98,119" hai1="125,67,6,5,68,57,72,24,113,106,46,90,33" hai2="51,122,42,27,74,55,133,79,62,49,65,13,35" hai3="20,31,14,64,43,134,89,78,77,132,97,66,93"/><T135/><D119/><U54/><E72/><V110/><F122/><W115/><G115/><T4/><D75/><U120/><E120/><V3/><F3/><W129/><G43/><T118/><D118/><U130/><E106/><V38/><F110/><W53/><G53/><T91/><D135/><N who="3" m="51753" /><G129/><T2/><D2/><U127/><E130/><V128/><F133/><W87/><G31/><T36/><D32/><U29/><E113/><V84/><F74/><W28/><G97/><T94/><D30/><U47/><E68/><V107/><F38/><W86/><G86/><T76/><D76/><N who="3" m="29289" /><G14/><T111/><D111/><U9/><E67/><V88/><F13/><W109/><G109/><T18/><D36/><U61/><E5/><V131/><F79/><W15/><G15/><T12/><D1/><U105/><E105/><V103/><F42/><W80/><G80/><T95/><D102/><U39/><E90/><V60/><F128/><W37/><G37/><T25/><D25/><AGARI ba="0,0" hai="20,25,28,64,66,87,89,93" m="29289,51753" machi="25" ten="30,1000,0" yaku="20,1" doraHai="7" who="3" fromWho="0" sc="250,-10,250,0,250,0,250,10" /><INIT seed="1,0,0,3,4,34" ten="240,250,250,260" oya="1" hai0="126,53,86,101,19,37,0,82,117,131,107,57,110" hai1="8,38,124,10,74,100,70,99,45,112,14,78,120" hai2="26,111,15,55,5,60,21,89,17,71,13,73,121" hai3="132,16,11,83,119,43,96,28,76,63,65,113,90"/><U52/><E112/><V122/><F73/><W40/><G132/><T56/><D117/><U135/><E120/><N who="2" m="46187" /><F55/><W64/><G28/><T118/><D126/><U84/><E70/><V94/><F94/><N who="3" m="56407" /><G113/><T29/><D131/><U102/><E124/><V77/><F89/><W91/><G76/><T95/><D110/><U97/><E74/><V125/><F60/><W106/><G106/><T79/><D37/><U88/><E78/><V12/><F77/><W7/><G7/><T42/><D42/><N who="3" m="15913" /><G63/><T105/><D0/><U72/><E72/><V67/><F67/><W49/><G49/><T4/><D4/><N who="1" m="3335" /><E10/><N who="2" m="6295" /><F71/><W115/><G119/><T66/><D29/><U85/><E85/><V87/><F87/><N who="3" m="50687" /><G115/><T62/><D107/><U69/><E69/><V47/><F125/><W25/><G11/><T114/><D105/><U22/><E38/><V104/><F47/><W75/><G75/><T58/><D118/><U116/><E116/><V123/><F104/><W51/><G51/><T2/><D2/><U32/><E32/><V103/><F103/><W30/><G30/><T36/><D36/><U48/><E135/><V46/><F46/><W130/><G130/><T127/><D114/><U31/><E102/><V59/><F123/><W108/><G108/><T6/><D127/><U3/><E100/><V1/><F59/><W33/><G33/><T39/><D39/><U18/><E45/><V109/><F109/><W68/><G68/><T20/><D66/><U50/><E50/><V27/><F111/><W81/><G81/><T80/><D101/><U133/><E133/><V9/><F1/><RYUUKYOKU ba="0,0" sc="240,-15,250,-15,250,15,260,15" hai2="5,9,13,15,21,26,27" hai3="16,25,64,65" /><INIT seed="2,1,0,1,4,18" ten="225,235,265,275" oya="2" hai0="32,62,116,5,19,122,86,28,118,40,83,111,21" hai1="47,131,50,123,20,59,109,12,71,77,37,26,113" hai2="103,11,72,8,89,87,80,93,31,43,57,129,63" hai3="107,127,36,84,64,55,124,25,104,22,60,75,35"/><V85/><F129/><W102/><G75/><T115/><D122/><U67/><E113/><V46/><F31/><W99/><G36/><T49/><D115/><U6/><E131/><V133/><F72/><W42/><G42/><T70/><D111/><U23/><E109/><V132/><F103/><W48/><G35/><T88/><D5/><U121/><E77/><V108/><F108/><W79/><G84/><T117/><D32/><U51/><E71/><V110/><F110/><W34/><G79/><T10/><D10/><N who="1" m="4183" /><E37/><V33/><F33/><W30/><G107/><T94/><D28/><U58/><E67/><V128/><F128/><W9/><G9/><T101/><D62/><U27/><E51/><N who="2" m="27103" /><F133/><W3/><G3/><T82/><D101/><U54/><E121/><V4/><F132/><W7/><G7/><T38/><D70/><U105/><E105/><V1/><F1/><W53/><G34/><T69/><D69/><U44/><E44/><V112/><F4/><W56/><REACH who="3" step="1"/><G55/><REACH who="3" ten="225,235,265,265" step="2"/><T52/><D40/><U120/><E120/><V76/><F112/><W66/><G66/><AGARI ba="1,1" hai="8,11,57,63,66,76,80,85,87,89,93" m="27103" machi="66" ten="30,1500,0" yaku="8,1" doraHai="18" who="2" fromWho="3" sc="225,0,235,0,265,28,265,-18" /><INIT seed="2,2,0,0,2,78" ten="225,235,293,247" oya="2" hai0="99,120,73,71,37,113,134,31,9,44,51,5,69" hai1="48,122,70,96,72,40,58,60,87,19,45,94,108" hai2="77,26,124,34,128,84,86,76,133,28,17,101,83" hai3="6,92,109,66,125,105,23,24,85,22,18,4,111"/><V46/><F128/><W29/><G105/><T49/><D120/><U118/><E118/><V97/><F133/><W88/><G66/><T107/><D113/><U98/><E72/><V127/><F17/><W106/><G106/><T12/><D134/><U7/><E122/><V43/><F77/><W36/><G36/><T115/><D115/><U0/><E108/><N who="3" m="41546" /><G125/><N who="2" m="48201" /><F97/><W103/><G103/><T30/><D37/><U16/><E70/><V121/><F101/><W2/><G2/><T91/><D73/><U3/><E0/><V116/><F121/><W119/><G119/><T38/><D38/><U74/><E74/><N who="2" m="43415" /><F116/><W13/><AGARI ba="2,0" hai="4,6,13,18,22,23,24,29,85,88,92" m="41546" machi="13" ten="30,2000,0" yaku="14,1,54,1" doraHai="78" who="3" fromWho="3" sc="225,-7,235,-7,293,-12,247,26" /><INIT seed="3,0,0,4,2,62" ten="218,228,281,273" oya="3" hai0="129,125,59,73,33,34,124,47,116,29,35,9,17" hai1="135,76,72,49,5,104,94,77,122,2,39,85,32" hai2="28,128,41,121,87,3,95,88,36,4,134,100,22" hai3="44,58,64,119,18,113,53,8,10,111,31,6,82"/><W120/><G113/><T98/><D116/><U24/><E39/><V132/><F128/><W90/><G119/><T80/><D129/><U11/><E104/><V40/><F121/><W107/><G107/><T103/><D47/><U57/><E122/><V112/><F112/><W71/><G71/><T92/><D59/><U61/><E72/><V74/><F74/><W114/><G31/><T70/><D70/><U16/><E49/><V101/><F4/><W42/><G120/><T117/><D117/><U86/><E86/><V109/><F3/><W52/><G18/><T131/><D131/><U68/><E68/><V69/><F109/><W118/><G118/><T96/><D96/><U106/><E106/><V65/><F65/><W7/><G111/><T20/><D9/><N who="3" m="3689" /><G64/><T25/><REACH who="0" step="1"/><D29/><REACH who="0" ten="208,228,281,273" step="2"/><U81/><E135/><N who="2" m="51755" /><F69/><W45/><G58/><T75/><D75/><U23/><E57/><V126/><F126/><W15/><G45/><T63/><D63/><U21/><E61/><V67/><F28/><W30/><G30/><T83/><D83/><U26/><E5/><V48/><F36/><W99/><G7/><T89/><D89/><U46/><E46/><N who="2" m="25671" /><F41/><W84/><G99/><T1/><D1/><U66/><E2/><V13/><F88/><W38/><G114/><T97/><D97/><U91/><E11/><V12/><F100/><W105/><G105/><T54/><D54/><U37/><E37/><V56/><F101/><W93/><G6/><T14/><D14/><U60/><E81/><V110/><F110/><W78/><G15/><T130/><D130/><U108/><E108/><RYUUKYOKU ba="0,1" sc="208,15,228,-15,281,-15,273,15" hai0="17,20,25,33,34,35,73,80,92,98,103,124,125" hai3="38,42,44,52,53,78,82,84,90,93" /><INIT seed="3,1,1,4,5,4" ten="223,213,266,288" oya="3" hai0="104,53,64,116,109,128,96,47,129,34,15,41,10" hai1="87,108,22,11,14,82,59,0,8,90,70,51,133" hai2="26,135,84,7,13,12,25,18,39,110,62,38,19" hai3="29,124,122,81,67,21,125,101,130,123,79,117,119"/><W61/><G101/><T36/><D116/><N who="3" m="44617" /><G21/><T28/><D109/><U54/><E108/><V126/><F110/><W6/><G6/><T118/><D118/><U56/><E70/><V3/><F3/><W72/><G29/><T92/><D104/><U9/><E133/><V33/><F7/><W43/><G43/><T63/><D53/><N who="1" m="31807" /><E0/><V48/><F135/><W66/><G66/><T105/><D105/><U60/><E22/><V99/><F33/><W65/><G65/><T42/><D42/><U107/><E107/><V94/><F84/><W58/><G130/><T111/><D111/><U103/><E103/><V17/><F25/><W5/><G5/><AGARI ba="1,1" hai="5,8,9,11,14,54,59,60,82,87,90" m="31807" machi="5" ten="30,7700,0" yaku="8,1,52,3" doraHai="4" who="1" fromWho="3" sc="223,0,213,90,266,0,288,-80" owari="223,-17.7,303,40.3,266,6.6,208,-29.2" /></mjloggm>