<mjloggm ver="2.3"><GO type="225" lobby="0"/><UN n0="%32%E9%99%90" n1="%E3%81%AF%E3%82%88%E3%81%8A%E3%81%98%E3%81%95%E3%82%93" n2="%4D%50%43%32%38%30%30" n3="%E9%80%9F%E6%B0%B4%E5%87%9B%E9%A6%99" dan="16,16,16,17" rate="2140.39,2092.86,2127.98,2162.51" sx="M,M,M,F"/><TAIKYOKU oya="0"/><INIT seed="0,0,0,0,3,60" ten="250,250,250,250" oya="0" hai0="134,47,1,44,35,17,63,130,88,113,98,4,68" hai1="93,117,27,59,58,107,74,12,38,10,110,18,132" hai2="123,115,129,78,34,51,114,15,45,135,108,87,39" hai3="75,41,120,42,25,67,9,49,99,91,131,72,53"/><T64/><D113/><U89/><E117/><V0/><F0/><W31/><G131/><T94/><D130/><U112/><E107/><V92/><F34/><W90/><G120/><T80/><D134/><U26/><E74/><V2/><F2/><W46/><G9/><T84/><D35/><U57/><E38/><V83/><F39/><W101/><G75/><T69/><D69/><U37/><E37/><V14/><F129/><W126/><G72/><T73/><D17/><U116/><E116/><V13/><F123/><W6/><G6/><T32/><D32/><U28/><E132/><V124/><F135/><W79/><G79/><T127/><D127/><U48/><E110/><V50/><F124/><W104/><G126/><T56/><D68/><U24/><E112/><V133/><F108/><W76/><G76/><T71/><D71/><U52/><REACH who="1" step="1"/><E28/><REACH who="1" ten="250,240,250,250" step="2"/><V20/><F133/><W86/><G104/><T66/><D73/><U105/><E105/><V102/><F115/><W21/><G31/><T85/><D85/><AGARI ba="0,1" hai="10,12,18,24,26,27,48,52,57,58,59,85,89,93" machi="85" ten="40,12000,2" yaku="1,1,8,1,54,1,53,3" doraHai="60" doraHaiUra="23" who="1" fromWho="0" sc="250,-120,240,130,250,0,250,0" /><INIT seed="1,0,0,1,1,83" ten="130,370,250,250" oya="1" hai0="14,80,30,41,115,97,36,93,62,129,40,65,114" hai1="64,11,68,106,51,104,20,18,135,128,77,46,121" hai2="33,5,35,82,94,79,116,101,58,25,3,125,56" hai3="6,111,61,88,66,42,132,81,54,127,39,109,103"/><U89/><E121/><V86/><F116/><W87/><G132/><T45/><D129/><U57/><E128/><V71/><F71/><W43/><G127/><T17/><D41/><U78/><E68/><V73/><F125/><W15/><G103/><T16/><D30/><U67/><E135/><V0/><F0/><W13/><G54/><T84/><D93/><U133/><E11/><V99/><F35/><W52/><G39/><T96/><D114/><U126/><E133/><V120/><F120/><W102/><G102/><T74/><D74/><U108/><E108/><N who="3" m="41546" /><G66/><N who="1" m="25130" /><E57/><V60/><F60/><W110/><N who="3" m="41554" /><W117/><DORA hai="69" /><G117/><T9/><D17/><U122/><E122/><V49/><F49/><W10/><G15/><T75/><D75/><U105/><E105/><V95/><F5/><W28/><G28/><T12/><D12/><N who="1" m="9287" /><E106/><V50/><F3/><W37/><G37/><T4/><D4/><U98/><E104/><V7/><F7/><W55/><G55/><T131/><D115/><U118/><E118/><V22/><F33/><W59/><AGARI ba="0,0" hai="6,10,13,42,43,52,59,61,81,87,88" m="41554" machi="59" ten="40,8000,1" yaku="14,1,52,1,54,2" doraHai="83,69" who="3" fromWho="3" sc="130,-20,370,-40,250,-20,250,80" /><INIT seed="2,0,0,1,2,37" ten="110,330,230,330" oya="2" hai0="95,18,22,29,89,65,36,62,106,108,61,125,126" hai1="104,43,41,56,97,85,63,120,47,5,115,20,94" hai2="75,3,127,49,133,45,23,90,132,31,87,118,82" hai3="1,124,55,50,122,39,26,123,130,103,114,7,112"/><V12/><F3/><W105/><G7/><T35/><D108/><U119/><E115/><N who="3" m="44074" /><G1/><T16/><D106/><U111/><E119/><V68/><F118/><W128/><G26/><T34/><D36/><U76/><E104/><V71/><F75/><W42/><G103/><T64/><D29/><U110/><E120/><N who="3" m="46122" /><G105/><T9/><D9/><U54/><E5/><V30/><F127/><W33/><G33/><T73/><D73/><U88/><E47/><V113/><F113/><W92/><G92/><T27/><D95/><U24/><E110/><V77/><F77/><W129/><G124/><T99/><D99/><U19/><E111/><V0/><F0/><W28/><G28/><T70/><D89/><U121/><E121/><V8/><F31/><W4/><G4/><T78/><D78/><U46/><E46/><V10/><F10/><W52/><G39/><T117/><D117/><U32/><E32/><V48/><F23/><W13/><G13/><T131/><D22/><U79/><E79/><V2/><F2/><W17/><G17/><T83/><D27/><U11/><E11/><V66/><F30/><W80/><G80/><AGARI ba="0,0" hai="19,20,24,41,43,54,56,63,76,80,85,88,94,97" machi="80" ten="40,12000,2" yaku="25,2,8,1,52,2,54,1" doraHai="37" who="1" fromWho="3" sc="110,0,330,120,230,0,330,-120" /><INIT seed="3,0,0,5,5,132" ten="110,450,230,210" oya="3" hai0="101,81,133,94,102,117,93,41,35,50,70,134,20" hai1="33,9,13,115,125,130,87,89,77,27,82,14,105" hai2="71,107,58,16,2,39,48,111,119,84,129,62,38" hai3="96,116,60,80,44,76,73,108,29,79,100,21,37"/><W131/><G116/><T51/><D35/><U45/><E105/><V31/><F2/><W121/><G121/><T1/><D70/><U47/><E115/><V68/><F119/><W127/><G76/><T109/><D1/><U11/><E130/><V30/><F107/><W43/><G131/><T75/><D117/><U24/><E125/><V88/><F129/><W46/><G46/><N who="1" m="17418" /><E33/><V118/><F118/><W4/><G4/><T104/><D20/><U91/><E13/><V12/><F111/><W114/><G114/><T98/><D41/><U113/><E9/><V78/><F78/><W22/><G108/><T97/><D104/><U17/><E113/><V128/><F128/><W6/><G6/><T135/><REACH who="0" step="1"/><D109/><REACH who="0" ten="100,450,230,210" step="2"/><U7/><E17/><V36/><F71/><W99/><G21/><T5/><D5/><U92/><E77/><V67/><F68/><W83/><G22/><T86/><D86/><AGARI ba="0,1" hai="7,11,14,24,27,82,86,87,89,91,92" m="17418" machi="86" ten="30,1000,0" yaku="8,1" doraHai="132" who="1" fromWho="0" sc="100,-10,450,20,230,0,210,0" owari="90,-41.0,470,57.0,230,3.0,210,-19.0" /></mjloggm>