<mjloggm ver="2.3"><GO type="225" lobby="0"/><UN n0="%6D%75%75%6D%75%72%61" n1="%E3%81%AF%E3%82%88%E3%81%8A%E3%81%98%E3%81%95%E3%82%93" n2="%E4%B8%89%E6%A7%93%E5%AD%90" n3="%E6%97%A5%E6%9B%9C%E6%97%A5%E3%82%88%E3%82%8A%E3%81%AE%E4%BD%BF%E8%80%85" dan="16,16,16,17" rate="2180.70,2203.67,2058.54,2173.04" sx="F,M,F,M"/><TAIKYOKU oya="0"/><INIT seed="0,0,0,2,0,112" ten="250,250,250,250" oya="0" hai0="28,2,49,134,1,109,50,89,11,6,125,135,113" hai1="116,46,86,62,124,108,131,0,63,26,83,107,9" hai2="100,12,22,18,5,72,51,37,21,13,81,98,110" hai3="102,70,54,38,15,84,69,132,67,76,3,23,111"/><T78/><D113/><U96/><E108/><V20/><F37/><W10/><G38/><T27/><D109/><U19/><E124/><V41/><F110/><W92/><G3/><T36/><D36/><U97/><E131/><V99/><F72/><W16/><G111/><T8/><D125/><U56/><E116/><V121/><F121/><W119/><G119/><T133/><D78/><U91/><E46/><N who="2" m="26063" /><F81/><W32/><G32/><T4/><REACH who="0" step="1"/><D89/><REACH who="0" ten="240,250,250,250" step="2"/><U118/><E91/><V33/><F33/><AGARI ba="0,1" hai="1,2,4,6,8,11,27,28,33,49,50,133,134,135" machi="33" ten="40,12000,1" yaku="1,1,2,1,9,1,20,1,53,0" doraHai="112" doraHaiUra="88" who="0" fromWho="2" sc="240,130,250,0,250,-120,250,0" /><INIT seed="0,1,0,4,0,101" ten="370,250,130,250" oya="0" hai0="128,97,64,29,125,17,20,74,58,39,24,16,49" hai1="105,93,133,32,121,68,86,48,67,7,80,96,56" hai2="55,37,21,8,124,70,59,103,26,2,45,35,102" hai3="11,81,130,6,120,44,75,1,114,18,117,82,129"/><T111/><D39/><U126/><E121/><V61/><F124/><W109/><G114/><T5/><D125/><U23/><E32/><V28/><F70/><W127/><G127/><T116/><D116/><U15/><E126/><V43/><F35/><W30/><G117/><T25/><D128/><N who="3" m="49257" /><G120/><T3/><D74/><U122/><E122/><V69/><REACH who="2" step="1"/><F69/><REACH who="2" ten="370,250,120,250" step="2"/><W90/><G109/><T106/><D111/><U34/><E34/><V41/><F41/><W107/><G30/><T85/><D29/><U115/><E68/><V100/><F100/><W60/><G107/><T72/><D106/><U99/><E105/><V40/><F40/><W63/><G18/><T0/><D17/><U131/><E131/><V14/><F14/><W112/><G112/><T62/><D16/><U9/><E115/><V52/><F52/><W71/><G71/><T92/><D0/><U36/><E15/><V98/><F98/><W53/><G53/><T76/><D97/><U135/><E99/><V113/><F113/><W47/><G47/><T94/><D3/><U132/><E96/><V119/><F119/><W12/><G44/><T89/><D72/><U104/><E104/><V110/><F110/><W88/><G1/><T87/><D64/><U73/><E67/><V54/><F54/><W65/><G75/><T33/><D33/><U50/><E73/><V38/><F38/><W79/><G65/><T22/><D62/><U91/><E36/><V46/><F46/><W31/><G63/><T77/><D49/><U42/><E50/><V66/><F66/><W118/><G118/><T10/><D58/><RYUUKYOKU ba="1,1" sc="370,-10,250,-10,120,30,250,-10" hai2="2,8,21,26,28,37,43,45,55,59,61,102,103" /><INIT seed="1,2,1,2,4,6" ten="360,240,150,240" oya="1" hai0="38,72,53,28,68,4,30,58,14,94,104,31,34" hai1="125,47,121,110,78,11,26,77,3,132,103,92,69" hai2="51,95,107,91,21,135,87,61,36,126,5,57,115" hai3="97,128,108,1,71,124,15,48,75,129,35,118,99"/><U49/><E121/><V73/><F36/><W10/><G75/><T43/><D104/><U102/><E69/><V42/><F107/><W8/><G35/><T112/><D68/><U60/><E125/><V130/><F73/><W23/><G71/><T106/><D106/><U64/><E132/><V93/><F135/><W79/><G79/><T133/><D112/><U33/><E110/><V54/><F126/><W40/><G124/><T101/><D72/><U17/><E33/><V50/><F130/><N who="3" m="50283" /><G108/><T66/><D133/><U100/><E92/><V2/><F115/><W120/><G120/><T76/><D76/><U16/><E17/><V86/><F21/><W131/><N who="3" m="50291" /><W46/><DORA hai="116" /><G118/><T90/><D34/><U88/><E88/><N who="2" m="53399" /><F2/><W111/><G111/><T113/><D113/><U70/><E3/><V32/><F32/><W117/><G117/><T67/><D101/><U25/><E25/><V96/><F5/><N who="3" m="1071" /><G23/><T74/><D74/><U122/><E122/><V127/><F127/><W41/><G40/><T119/><D43/><U65/><E64/><V89/><F42/><W13/><G13/><T37/><D119/><U109/><E109/><V52/><F54/><W82/><G82/><AGARI ba="2,1" hai="50,51,52,57,61,82,87,89,91,95,96" m="53399" machi="82" ten="30,3900,0" yaku="8,1,54,2" doraHai="6,116" who="2" fromWho="3" sc="360,0,240,0,150,55,240,-45" /><INIT seed="2,0,0,2,5,63" ten="360,240,205,195" oya="2" hai0="90,127,103,89,17,22,101,120,49,97,13,15,8" hai1="66,30,73,32,134,80,51,67,82,35,91,16,87" hai2="37,74,72,58,42,18,94,27,77,57,122,10,112" hai3="11,60,109,59,132,108,95,115,128,113,39,93,56"/><V38/><F112/><N who="3" m="43083" /><G39/><T84/><D120/><U62/><E134/><V104/><F104/><W61/><G11/><T54/><D127/><U75/><E62/><N who="3" m="24170" /><G132/><T119/><D119/><U24/><E32/><V6/><F122/><W106/><G106/><T99/><D99/><U21/><E51/><V36/><F42/><W116/><G116/><T131/><D131/><U118/><E118/><V0/><F94/><N who="3" m="35851" /><G128/><T105/><D84/><U133/><E133/><V107/><F107/><W96/><G96/><T4/><D103/><U135/><E135/><V46/><F46/><AGARI ba="0,0" hai="4,8,13,15,17,22,46,49,54,89,90,97,101,105" machi="46" ten="30,1000,0" yaku="7,1" doraHai="63" who="0" fromWho="2" sc="360,10,240,0,205,-10,195,0" /><INIT seed="3,0,0,1,5,17" ten="370,240,195,195" oya="3" hai0="132,130,25,65,94,88,2,83,87,106,101,85,75" hai1="135,108,15,96,127,27,120,117,126,19,32,4,54" hai2="38,74,47,35,99,49,61,121,16,67,50,82,78" hai3="6,14,39,131,18,37,110,29,3,90,103,125,76"/><W28/><G76/><T53/><D2/><U12/><E120/><V119/><F119/><W118/><G103/><T64/><D130/><U46/><E117/><V111/><F121/><W89/><G118/><T105/><D132/><U100/><E135/><V95/><F111/><W77/><G77/><N who="0" m="46319" /><D106/><U59/><E46/><V5/><F35/><W128/><G6/><T71/><D71/><U70/><E70/><V48/><F5/><W97/><G3/><T1/><D75/><U133/><E108/><V36/><F47/><W56/><G56/><T112/><D1/><U86/><E86/><V11/><F11/><N who="3" m="6495" /><G110/><T21/><D112/><U55/><E133/><V23/><F67/><W44/><G125/><T109/><D105/><U92/><E4/><V114/><F61/><W129/><G44/><T45/><D109/><U42/><E32/><V116/><F116/><W66/><G66/><T57/><D101/><U24/><E59/><V124/><F124/><W62/><G62/><N who="0" m="36143" /><D45/><U63/><E63/><V98/><F114/><W41/><G41/><T13/><D13/><U104/><E12/><V102/><REACH who="2" step="1"/><F98/><REACH who="2" ten="370,240,185,195" step="2"/><W80/><G97/><T30/><AGARI ba="0,1" hai="21,25,30,64,65,87,88,94" m="36143,46319" machi="30" ten="30,4000,0" yaku="8,1,52,1,54,1" doraHai="17" who="0" fromWho="0" sc="370,50,240,-10,185,-10,195,-20" owari="420,52.0,230,3.0,175,-22.5,175,-32.5" /></mjloggm>