<mjloggm ver="2.3"><GO type="225" lobby="0"/><UN n0="%E6%A1%9C%E8%8A%B1%E9%96%83%E3%80%85" n1="%E2%91%A3%E9%81%BF%E9%81%8A%E6%88%AF%E3%80%90%E6%9D%B1%E5%8D%97%E3%80%91" n2="%E3%81%A1%E3%82%85%E3%81%86%E3%81%A9%E3%81%8F%E8%B1%A1%E3%81%95%E3%82%93" n3="%E9%80%9F%E6%B0%B4%E5%87%9B%E9%A6%99" dan="16,16,17,16" rate="2161.10,2100.35,2205.19,2158.91" sx="M,M,M,F"/><TAIKYOKU oya="0"/><INIT seed="0,0,0,0,5,86" ten="250,250,250,250" oya="0" hai0="7,37,102,134,97,106,15,51,83,123,24,121,27" hai1="133,54,1,63,108,73,47,94,49,124,9,72,13" hai2="93,14,59,71,127,82,2,5,64,87,104,31,57" hai3="40,125,96,67,117,34,35,85,78,45,79,112,95"/><T103/><D37/><U41/><E124/><V61/><F104/><W126/><G112/><T66/><D134/><U36/><E133/><V21/><F127/><N who="3" m="48651" /><G67/><T110/><D103/><U50/><E1/><V128/><F128/><W23/><G23/><T58/><D110/><U44/><E108/><V43/><F43/><W135/><G135/><T17/><D7/><U6/><E36/><V119/><F119/><W62/><G62/><T101/><D101/><U81/><E63/><V130/><F93/><W91/><G117/><T107/><D107/><U30/><E30/><V10/><F130/><W0/><G0/><T98/><D98/><U131/><E131/><V89/><REACH who="2" step="1"/><F14/><REACH who="2" ten="250,250,240,250" step="2"/><W60/><G40/><T12/><D12/><U68/><E68/><V114/><F114/><W32/><G95/><T22/><D83/><U105/><E105/><V33/><F33/><W56/><G35/><T84/><D121/><U3/><E3/><V53/><F53/><W74/><G32/><T28/><D123/><U75/><E94/><V129/><F129/><W46/><G34/><N who="0" m="20743" /><D15/><U19/><E6/><V38/><F38/><W26/><G26/><AGARI ba="0,1" hai="2,5,10,21,26,31,57,59,61,64,71,82,87,89" machi="26" ten="40,5200,0" yaku="1,1,52,1,53,1" doraHai="86" doraHaiUra="76" who="2" fromWho="3" sc="250,0,250,0,240,62,250,-52" /><INIT seed="1,0,0,3,1,87" ten="250,250,302,198" oya="1" hai0="95,11,83,64,55,124,126,23,90,32,121,129,107" hai1="74,49,53,46,88,77,62,26,59,113,16,48,108" hai2="127,91,5,110,60,45,28,4,56,13,109,123,20" hai3="130,97,66,89,1,22,15,40,57,25,12,111,9"/><U14/><E113/><V6/><F123/><W119/><G111/><N who="2" m="42505" /><F127/><W120/><G120/><T44/><D121/><U112/><E108/><V37/><F37/><W18/><G130/><T38/><D32/><U30/><E112/><V68/><F45/><W8/><G119/><T101/><D64/><U135/><E135/><V117/><F117/><W82/><G40/><T69/><D69/><U67/><E77/><V54/><F68/><W134/><G134/><T99/><D11/><U3/><E74/><V94/><F28/><W0/><G66/><T116/><D116/><U75/><E75/><V33/><F33/><W35/><G57/><T98/><D129/><U132/><E3/><N who="3" m="1098" /><G89/><T73/><D23/><U2/><E2/><V125/><F125/><N who="0" m="48234" /><D55/><U34/><E132/><V81/><F81/><W115/><G97/><N who="0" m="61871" /><D44/><U21/><REACH who="1" step="1"/><E49/><REACH who="1" ten="250,240,302,198" step="2"/><V58/><F4/><N who="3" m="3079" /><G115/><T36/><D36/><U50/><E50/><V24/><F5/><N who="3" m="3503" /><G82/><T105/><D38/><U93/><E93/><V76/><F6/><W51/><G51/><T85/><D105/><U39/><E39/><V103/><F76/><AGARI ba="0,1" hai="73,76,83,85,90,95,98,99" m="61871,48234" machi="76" ten="30,8000,1" yaku="24,1,18,1,34,2,52,1" doraHai="87" who="0" fromWho="2" sc="250,90,240,0,302,-80,198,0" /><INIT seed="2,0,0,3,2,61" ten="340,240,222,198" oya="2" hai0="45,5,91,69,123,35,8,76,84,121,47,10,83" hai1="30,27,33,13,97,119,24,81,103,39,78,80,134" hai2="116,115,37,72,108,77,49,40,44,109,54,57,129" hai3="90,82,107,4,7,73,114,2,25,21,18,112,16"/><V95/><F116/><W74/><G107/><T85/><D69/><U12/><E119/><V60/><F115/><N who="3" m="44075" /><G90/><T75/><D35/><U93/><E39/><V135/><F135/><W3/><G82/><T46/><D10/><U89/><E134/><V48/><F77/><W31/><G74/><T6/><D6/><N who="3" m="2089" /><G73/><T65/><D75/><U96/><E27/><V59/><F72/><W104/><G104/><T124/><D85/><U26/><E26/><V67/><F95/><W62/><G62/><T15/><D91/><U88/><E78/><V92/><F92/><W43/><G43/><T11/><D84/><U100/><E80/><V132/><F132/><W20/><G20/><T41/><D41/><U28/><E28/><V1/><F1/><AGARI ba="0,0" hai="1,2,3,16,18,21,25,31" m="2089,44075" machi="1" ten="30,7700,0" yaku="11,1,34,2,54,1" doraHai="61" who="3" fromWho="2" sc="340,0,240,0,222,-77,198,77" /><INIT seed="3,0,0,5,3,18" ten="340,240,145,275" oya="3" hai0="115,46,94,0,121,14,5,102,133,82,59,53,77" hai1="71,117,100,56,26,45,21,98,113,90,68,50,109" hai2="122,99,36,24,106,79,31,110,92,37,28,42,114" hai3="72,29,135,63,75,6,17,89,57,116,35,81,2"/><W84/><G116/><T47/><D121/><U41/><E113/><V120/><F114/><W128/><G135/><T55/><D0/><U78/><E117/><V85/><F106/><W131/><G6/><T118/><D118/><U132/><E132/><V97/><F110/><W61/><G61/><T7/><D133/><U30/><E109/><V49/><F49/><W69/><G69/><T32/><D32/><U16/><E78/><V51/><F51/><W96/><G2/><T58/><D94/><U54/><E30/><V104/><F79/><W3/><G3/><T20/><D20/><U87/><E87/><V86/><F92/><W64/><G29/><T107/><D102/><U74/><E74/><V1/><F104/><W10/><G35/><T67/><D67/><U103/><E71/><V112/><F1/><W39/><G96/><T124/><D124/><U27/><E27/><V134/><F112/><W83/><G39/><T60/><D107/><U73/><E68/><V38/><F134/><W13/><REACH who="3" step="1"/><G83/><REACH who="3" ten="340,240,145,265" step="2"/><T108/><D108/><U52/><E41/><V66/><F38/><W22/><G22/><T4/><D115/><U44/><E45/><V40/><REACH who="2" step="1"/><F24/><REACH who="2" ten="340,240,135,265" step="2"/><W93/><G93/><T95/><D95/><N who="1" m="56695" /><E73/><AGARI ba="0,2" hai="10,13,17,57,63,64,72,73,75,81,84,89,128,131" machi="73" ten="40,3900,0" yaku="1,1,53,1" doraHai="18" doraHaiUra="8" who="3" fromWho="1" sc="340,0,240,-39,135,0,265,59" /><INIT seed="3,1,0,2,1,13" ten="340,201,135,324" oya="3" hai0="93,68,126,18,61,70,24,72,1,85,133,50,29" hai1="86,12,98,127,66,65,47,33,83,40,51,44,58" hai2="102,46,9,131,74,84,90,99,23,103,22,96,25" hai3="20,53,71,35,14,2,105,92,63,89,15,0,81"/><W45/><G105/><T41/><D72/><U118/><E33/><V27/><F131/><W78/><G35/><T91/><D1/><U128/><E118/><V55/><F74/><W120/><G120/><T67/><D126/><U104/><E127/><V34/><F34/><W54/><G0/><T26/><D133/><U77/><E128/><V42/><F9/><W49/><G2/><T100/><D70/><U112/><E112/><V95/><F55/><W97/><G20/><T110/><D110/><U130/><E130/><V80/><F27/><W11/><G11/><T116/><D116/><U73/><E73/><V87/><F87/><N who="3" m="48567" /><G71/><T64/><D64/><U88/><E47/><V36/><REACH who="2" step="1"/><F25/><REACH who="2" ten="340,201,125,324" step="2"/><W114/><G114/><T10/><D26/><U59/><E12/><N who="3" m="4650" /><G63/><T69/><D10/><U3/><E3/><V107/><AGARI ba="1,1" hai="22,23,36,42,46,80,84,90,95,96,99,102,103,107" machi="107" ten="20,2700,0" yaku="1,1,0,1,7,1,53,0" doraHai="13" doraHaiUra="57" who="2" fromWho="2" sc="340,-8,201,-8,125,40,324,-14" owari="332,43.2,193,-20.7,165,-33.5,310,11.0" /></mjloggm>