<mjloggm ver="2.3"><GO type="225" lobby="0"/><UN n0="%E6%9A%87%E4%BA%BA%EF%BC%A0%E9%85%8D%E4%BF%A1%E5%9E%A2" n1="%72%61%6B%33" n2="%E6%B0%B7%E5%B7%9D%E9%87%8C%E5%A5%88" n3="%E3%81%AA%E3%81%A1%30%39%32%37" dan="17,17,16,16" rate="2187.58,2158.04,2128.44,2083.79" sx="F,M,F,M"/><TAIKYOKU oya="0"/><INIT seed="0,0,0,1,5,30" ten="250,250,250,250" oya="0" hai0="5,95,74,105,67,103,56,93,92,80,15,88,38" hai1="119,41,63,50,100,72,4,14,22,60,42,121,64" hai2="107,111,48,134,98,108,120,130,131,26,34,13,78" hai3="32,49,110,133,124,135,81,39,17,117,126,40,66"/><T9/><D38/><U16/><E119/><V71/><F71/><W61/><G81/><T29/><D29/><U114/><E121/><V94/><F120/><W75/><G75/><T8/><D8/><U102/><E114/><V3/><F3/><W85/><G85/><N who="0" m="52239" /><D56/><U68/><E72/><V125/><F125/><N who="3" m="48235" /><G17/><T1/><D67/><U84/><E63/><V11/><F134/><N who="3" m="51211" /><G117/><T19/><D1/><U47/><E42/><V35/><F78/><W113/><G32/><N who="2" m="12329" /><F26/><W118/><G118/><T57/><D57/><U96/><E96/><V44/><F107/><W10/><G10/><T82/><D82/><U70/><E70/><V20/><F20/><W104/><G104/><T97/><D5/><U86/><E4/><N who="2" m="3303" /><F48/><W24/><G24/><T79/><AGARI ba="0,0" hai="9,15,19,74,79,80,93,95,97,103,105" m="52239" machi="79" ten="30,3000,0" yaku="24,1,54,1" doraHai="30" who="0" fromWho="0" sc="250,30,250,-10,250,-10,250,-10" /><INIT seed="0,1,0,0,5,85" ten="280,240,240,240" oya="0" hai0="12,99,33,50,127,40,123,104,125,17,28,91,113" hai1="126,130,106,109,57,44,16,81,122,83,67,128,133" hai2="42,0,103,96,100,39,61,20,82,31,36,56,52" hai3="13,121,89,63,94,38,27,92,10,93,107,4,66"/><T132/><D113/><U68/><E122/><V6/><F0/><W64/><G121/><T59/><D123/><U78/><E106/><V45/><F6/><W58/><G38/><T102/><D132/><U24/><E133/><V108/><F108/><W72/><G72/><T3/><D3/><U65/><E68/><V47/><F82/><W34/><G107/><T73/><D73/><U119/><E119/><V88/><F39/><W25/><G66/><T105/><D105/><U87/><E109/><V80/><F47/><W71/><G71/><T110/><D110/><U21/><E126/><V41/><F41/><W69/><G69/><T117/><D117/><U111/><E111/><V70/><F70/><W86/><REACH who="3" step="1"/><G34/><REACH who="3" ten="280,240,240,230" step="2"/><T101/><D104/><U115/><E115/><V14/><F31/><W131/><G131/><T46/><D28/><U51/><E128/><V62/><F62/><W97/><G97/><T1/><D125/><U32/><E32/><V55/><F55/><W75/><G75/><T49/><D33/><U76/><E130/><V116/><F116/><W60/><G60/><T5/><D127/><U134/><E134/><V124/><F124/><W7/><G7/><T95/><D5/><U84/><E57/><V22/><F96/><W8/><G8/><N who="0" m="6279" /><D1/><U112/><E112/><V120/><F120/><W9/><G9/><T2/><D2/><U29/><E29/><V48/><F36/><W18/><G18/><T53/><AGARI ba="1,1" hai="40,46,49,50,53,59,91,95,99,101,102" m="6279" machi="53" ten="30,3000,0" yaku="8,1,52,1" doraHai="85" who="0" fromWho="0" sc="280,43,240,-11,240,-11,230,-11" /><INIT seed="0,2,0,3,1,118" ten="323,229,229,219" oya="0" hai0="37,49,46,29,120,32,53,125,64,8,36,126,50" hai1="81,83,10,68,42,11,19,69,112,102,5,25,123" hai2="88,61,97,122,110,127,71,90,39,1,4,78,2" hai3="134,131,128,92,31,12,59,77,74,60,63,20,45"/><T62/><D32/><U35/><E42/><V133/><F110/><W96/><G134/><T57/><D29/><U107/><E112/><V70/><F39/><N who="0" m="14922" /><D8/><U87/><E87/><V17/><F133/><W119/><G119/><T56/><D120/><U100/><E25/><V89/><F127/><N who="0" m="48650" /><D49/><U27/><E27/><V111/><F111/><W51/><G74/><T58/><AGARI ba="2,0" hai="46,50,53,56,57,58,62,64" m="48650,14922" machi="58" ten="40,7800,0" yaku="18,1,34,2" doraHai="118" who="0" fromWho="0" sc="323,84,229,-28,229,-28,219,-28" /><INIT seed="0,3,0,0,5,99" ten="407,201,201,191" oya="0" hai0="47,19,107,108,39,9,102,17,22,98,114,127,11" hai1="5,129,3,117,101,95,7,78,74,20,135,23,86" hai2="18,134,64,36,37,30,48,130,120,79,125,62,4" hai3="58,126,59,35,34,52,60,16,82,113,8,131,83"/><T0/><D127/><U119/><E74/><V66/><F120/><W45/><G113/><T92/><D114/><U46/><E46/><V61/><F125/><W104/><G126/><T122/><D122/><U10/><E78/><V105/><F105/><W132/><G104/><T54/><D108/><U90/><E129/><V26/><F130/><W13/><G131/><T118/><D118/><U133/><E7/><V38/><F134/><N who="1" m="51209" /><E101/><V128/><F128/><W97/><G132/><T67/><D67/><U51/><E51/><V73/><F4/><W57/><G97/><T71/><D71/><U49/><E49/><V40/><F18/><W12/><G45/><T2/><D107/><U53/><E53/><V106/><F106/><W70/><G13/><T65/><D47/><U123/><E123/><V94/><F79/><W91/><G82/><T15/><D54/><U112/><E112/><V100/><F73/><W84/><REACH who="3" step="1"/><G52/><REACH who="3" ten="407,201,201,181" step="2"/><T76/><D15/><U33/><E119/><V24/><F24/><W89/><G89/><T6/><D2/><U25/><E117/><V115/><F115/><W85/><G85/><T43/><D0/><U44/><E44/><N who="2" m="25607" /><F64/><AGARI ba="3,1" hai="8,12,16,34,35,57,58,59,60,64,70,83,84,91" machi="64" ten="40,5200,0" yaku="1,1,54,1,53,1" doraHai="99" doraHaiUra="56" who="3" fromWho="2" sc="407,0,201,0,201,-61,181,71" /><INIT seed="1,0,0,4,1,92" ten="407,201,140,252" oya="1" hai0="94,102,123,124,129,65,100,20,14,127,66,107,69" hai1="67,114,116,106,75,12,45,134,40,28,7,108,13" hai2="68,113,34,97,115,27,105,112,119,9,41,23,125" hai3="10,86,2,122,25,80,130,117,43,29,88,126,46"/><U90/><E114/><V96/><F119/><W71/><G122/><T38/><D38/><U87/><E116/><V104/><F125/><W91/><G117/><T19/><D129/><U70/><E75/><V79/><F68/><W54/><G126/><N who="0" m="48171" /><D123/><U101/><E134/><V83/><F34/><W22/><G71/><T37/><D69/><U74/><E74/><V53/><F41/><W93/><G130/><T4/><D37/><U72/><E72/><N who="2" m="43495" /><F53/><W63/><G2/><T89/><D4/><U85/><E7/><V110/><F9/><W109/><G109/><T3/><D3/><U31/><E108/><V21/><F110/><W60/><G54/><T118/><D118/><U76/><E67/><N who="0" m="25609" /><D107/><N who="2" m="41034" /><F27/><W1/><G10/><T44/><D44/><U98/><E70/><V135/><F135/><W62/><G1/><T47/><D47/><U81/><E12/><V56/><F56/><W78/><REACH who="3" step="1"/><G93/><REACH who="3" ten="407,201,140,242" step="2"/><T99/><AGARI ba="0,1" hai="14,19,20,89,94,99,100,102" m="25609,48171" machi="99" ten="30,2000,0" yaku="18,1,52,1" doraHai="92" who="0" fromWho="0" sc="407,30,201,-10,140,-5,242,-5" /><INIT seed="2,0,0,1,4,59" ten="437,191,135,237" oya="2" hai0="71,19,16,134,55,75,90,129,97,25,65,121,74" hai1="81,53,64,49,113,23,27,108,79,32,1,95,28" hai2="106,62,104,126,14,117,73,34,13,22,116,101,50" hai3="93,127,133,96,67,44,88,85,5,47,2,20,51"/><V61/><F34/><W94/><G133/><T92/><D121/><U124/><E108/><V38/><F38/><W43/><G127/><T36/><D36/><U48/><E113/><V115/><F115/><W107/><G107/><N who="2" m="41001" /><F101/><W70/><G2/><T30/><D134/><U125/><E1/><V52/><F22/><W72/><G72/><T130/><D55/><U10/><E10/><V41/><F41/><W35/><G35/><T12/><D75/><U31/><E95/><V98/><F73/><W39/><G5/><T84/><D74/><U6/><E6/><V57/><F98/><W91/><G20/><N who="0" m="15655" /><D12/><N who="2" m="4714" /><F50/><W118/><G39/><T86/><D97/><U4/><E4/><V7/><F7/><W99/><G85/><T68/><D84/><U80/><E32/><V128/><F57/><W24/><G24/><T132/><D132/><U66/><E27/><V82/><F82/><W102/><G102/><T17/><D65/><U105/><E105/><V21/><F21/><W103/><G103/><T89/><D89/><U37/><E23/><V63/><F52/><W114/><G114/><T18/><D18/><U9/><E37/><V40/><F40/><W3/><G43/><T15/><D15/><U54/><E9/><V11/><F11/><W76/><G99/><T46/><D46/><U111/><E124/><V87/><F87/><W42/><G96/><T77/><D77/><U100/><E125/><V112/><F112/><W131/><G76/><T33/><D33/><U8/><E79/><V26/><F26/><W0/><G42/><T83/><D83/><U56/><E81/><RYUUKYOKU ba="0,0" sc="437,30,191,-10,135,-10,237,-10" hai0="16,17,19,68,71,86,90,92,129,130" /><INIT seed="3,1,0,3,4,72" ten="467,181,125,227" oya="3" hai0="124,69,91,19,129,95,6,10,9,55,103,102,24" hai1="109,28,112,108,87,23,53,16,3,126,41,89,26" hai2="61,44,7,119,59,38,88,51,74,82,21,33,81" hai3="4,58,77,123,20,8,36,18,22,39,92,85,25"/><W42/><G123/><T34/><D69/><U32/><E112/><V130/><F119/><W65/><G42/><T111/><D111/><U63/><E126/><V104/><F33/><W48/><G36/><T114/><D124/><U101/><E101/><V93/><F130/><W106/><G106/><T131/><D114/><U31/><E3/><V45/><F104/><W84/><G22/><N who="0" m="13407" /><D34/><U127/><E127/><V57/><F7/><W62/><G48/><T37/><D37/><U115/><E41/><V110/><F110/><N who="1" m="42601" /><E115/><V68/><F68/><W54/><G39/><T5/><D55/><U49/><E63/><V116/><F116/><W121/><G121/><T12/><D9/><U105/><E32/><V64/><F21/><W27/><G27/><T35/><D5/><U99/><E99/><V100/><F100/><W133/><G133/><T70/><D70/><U83/><E105/><V86/><F38/><W30/><G30/><T113/><D35/><U50/><E50/><V122/><F122/><W135/><G135/><T52/><D113/><U40/><E40/><V67/><F67/><W125/><G125/><T56/><D129/><U47/><AGARI ba="1,0" hai="16,23,26,28,31,47,49,53,83,87,89" m="42601" machi="47" ten="30,2000,0" yaku="14,1,54,1" doraHai="72" who="1" fromWho="1" sc="467,-6,181,23,125,-6,227,-11" owari="461,56.1,204,-19.6,119,-38.1,216,1.6" /></mjloggm>