<mjloggm ver="2.3"><GO type="225" lobby="0"/><UN n0="%72%69%6F%75%63%68%61%6E" n1="%33%74%72%65%65" n2="%E7%99%BD%E6%97%A5%E9%9B%AA%E8%8F%9C" n3="%E3%83%8B%E3%83%BC%E3%83%88%E3%81%AE%E7%8E%8B" dan="16,16,17,16" rate="2166.64,2108.95,2226.30,2056.70" sx="M,F,M,M"/><TAIKYOKU oya="0"/><INIT seed="0,0,0,1,3,48" ten="250,250,250,250" oya="0" hai0="45,104,44,85,64,87,25,133,121,2,15,70,51" hai1="32,125,58,91,68,40,69,126,99,122,132,28,82" hai2="95,105,6,13,7,115,9,21,123,93,52,36,96" hai3="101,18,107,46,11,92,61,100,128,75,88,33,39"/><T129/><D121/><U76/><E122/><V49/><F115/><W65/><G128/><T113/><D113/><U94/><E132/><V1/><F36/><W103/><G75/><T8/><D2/><U67/><E40/><V50/><F50/><W116/><G33/><T5/><D129/><U118/><E118/><V63/><F123/><W84/><G116/><T72/><D72/><U12/><E32/><V56/><F6/><W54/><G103/><T31/><D133/><U106/><E28/><V62/><F105/><W4/><G18/><T29/><D104/><U112/><E112/><V83/><F83/><W111/><G111/><T42/><D31/><U89/><E89/><V23/><F95/><W37/><G37/><T135/><D135/><U114/><E106/><V38/><F38/><W124/><G124/><N who="1" m="47722" /><E12/><V14/><F1/><W35/><G35/><T16/><D5/><U27/><E27/><V86/><F86/><W90/><G107/><T41/><D64/><U119/><E119/><V34/><F34/><W57/><G39/><N who="0" m="21567" /><D70/><U79/><E114/><V43/><F43/><W102/><G102/><T130/><D130/><U108/><E108/><V3/><F3/><W74/><G74/><T55/><D42/><U20/><E69/><V47/><F47/><W53/><G100/><T98/><D98/><U109/><E99/><V73/><F73/><W17/><G101/><T22/><D87/><U26/><E109/><V30/><F30/><W78/><G84/><T71/><D85/><U60/><E82/><V80/><F80/><W131/><G131/><T66/><D71/><RYUUKYOKU ba="0,0" sc="250,30,250,-10,250,-10,250,-10" hai0="8,15,16,22,25,29,45,51,55,66" /><INIT seed="0,1,0,3,4,120" ten="280,240,240,240" oya="0" hai0="72,39,77,114,80,100,55,94,105,113,13,70,63" hai1="81,62,116,20,7,11,89,33,49,2,126,122,22" hai2="85,42,17,10,1,19,18,71,109,112,23,134,108" hai3="101,104,54,66,75,40,119,125,118,124,5,28,3"/><T61/><D39/><U4/><E116/><V30/><F112/><W48/><G28/><T107/><D13/><U102/><E122/><V133/><F71/><W111/><G75/><T117/><D117/><U46/><E33/><V27/><F42/><W67/><G3/><T132/><D132/><N who="2" m="50794" /><F85/><W131/><G5/><AGARI ba="1,0" hai="1,5,10,17,18,19,23,27,30,108,109" m="50794" machi="5" ten="40,8000,1" yaku="20,1,34,2,52,2" doraHai="120" who="2" fromWho="3" sc="280,0,240,0,240,83,240,-83" /><INIT seed="1,0,0,5,2,86" ten="280,240,323,157" oya="1" hai0="100,25,29,12,96,125,108,71,15,78,105,102,21" hai1="45,65,18,47,67,62,11,70,112,94,31,34,101" hai2="99,74,30,13,6,10,63,43,57,48,66,134,17" hai3="49,26,131,4,79,16,32,55,28,24,103,19,122"/><U89/><E112/><V53/><F74/><W120/><G79/><T64/><D108/><U51/><E101/><V35/><F134/><W38/><G38/><T124/><D78/><U95/><E67/><V61/><F35/><W92/><G103/><T75/><D75/><U40/><E34/><V76/><F30/><W129/><G92/><T60/><REACH who="0" step="1"/><D100/><REACH who="0" ten="270,240,323,157" step="2"/><U121/><E121/><N who="3" m="46698" /><G49/><T132/><D132/><U84/><E51/><V77/><F77/><W27/><G55/><T97/><D97/><U9/><E84/><V98/><F76/><W116/><G116/><T52/><D52/><U109/><E109/><V59/><F53/><W54/><G54/><T7/><D7/><U23/><E40/><V88/><F48/><W128/><G4/><T113/><D113/><U22/><E62/><V20/><F43/><W130/><N who="3" m="32768" /><DORA hai="126" /><W80/><G80/><T8/><D8/><U82/><E11/><V44/><F63/><W5/><G5/><T2/><D2/><U123/><E9/><V56/><F61/><W14/><G19/><T33/><D33/><U58/><E18/><V106/><F6/><W37/><G37/><T41/><D41/><U119/><E82/><V114/><F17/><W91/><G91/><T42/><D42/><U118/><E89/><V69/><F88/><W1/><G1/><T104/><D104/><U117/><E123/><V87/><F106/><W127/><G127/><AGARI ba="0,1" hai="12,15,21,25,29,60,64,71,96,102,105,124,125,127" machi="127" ten="40,2600,0" yaku="1,1,18,1,53,0" doraHai="86,126" doraHaiUra="83,36" who="0" fromWho="3" sc="270,36,240,0,323,0,157,-26" /><INIT seed="2,0,0,5,0,134" ten="306,240,323,131" oya="2" hai0="91,34,89,19,1,79,17,2,61,129,22,83,62" hai1="122,113,57,90,7,50,84,73,29,26,49,60,75" hai2="111,0,130,14,18,92,124,33,81,69,23,107,123" hai3="9,106,4,120,65,112,117,88,12,127,78,121,59"/><V74/><RYUUKYOKU type="yao9" ba="0,0" sc="306,0,240,0,323,0,131,0" hai2="0,14,18,23,33,69,74,81,92,107,111,123,124,130" /><INIT seed="2,1,0,2,2,114" ten="306,240,323,131" oya="2" hai0="65,87,86,98,40,91,110,44,117,54,75,4,20" hai1="61,32,94,55,113,103,115,23,57,50,51,109,12" hai2="130,34,95,1,37,111,106,92,99,27,29,2,24" hai3="5,127,133,41,64,78,74,9,119,73,45,124,96"/><V60/><F130/><W107/><G133/><T66/><D75/><U10/><E32/><V126/><F37/><W3/><G64/><T132/><D132/><U38/><E38/><V42/><F42/><W62/><G62/><T56/><D110/><U16/><E109/><V88/><F111/><W58/><G58/><T83/><D117/><U22/><E113/><V135/><F106/><W123/><G123/><T30/><D4/><U131/><E131/><V102/><F126/><W101/><G119/><T128/><D128/><U63/><E63/><V17/><F135/><W71/><G71/><T0/><D0/><U6/><E115/><V47/><F47/><W39/><G74/><T18/><D30/><U53/><E6/><V28/><F17/><W49/><G49/><N who="0" m="26759" /><D98/><N who="1" m="59863" /><E61/><V46/><F46/><AGARI ba="1,0" hai="10,12,16,22,23,46,50,51,53,55,57" m="59863" machi="46" ten="30,2000,0" yaku="8,1,54,1" doraHai="114" who="1" fromWho="2" sc="306,0,240,23,323,-23,131,0" /><INIT seed="3,0,0,2,1,22" ten="306,263,300,131" oya="3" hai0="86,46,130,44,95,11,77,71,20,129,92,62,35" hai1="32,135,103,6,23,133,72,91,2,73,106,48,9" hai2="81,87,64,94,99,97,117,7,31,19,52,109,118" hai3="17,30,45,5,54,42,53,33,83,29,80,78,50"/><W12/><G5/><T67/><D35/><U113/><E113/><V110/><F64/><W39/><G33/><T85/><D20/><U10/><E32/><V69/><F69/><W61/><G61/><T98/><D11/><U122/><E122/><V57/><F31/><W25/><G80/><N who="0" m="47247" /><D86/><U49/><E9/><V43/><F7/><W101/><G101/><N who="0" m="60615" /><D95/><U65/><E65/><V121/><F121/><W114/><G114/><T120/><D120/><U124/><E91/><N who="2" m="51695" /><F43/><W36/><G36/><T104/><D104/><U58/><E23/><V115/><F115/><W79/><G53/><T37/><D37/><U40/><E40/><V66/><F66/><W108/><G108/><N who="2" m="41577" /><F19/><W93/><G93/><T89/><D89/><U51/><E58/><V26/><F26/><W116/><G116/><N who="2" m="44649" /><F94/><W3/><G3/><T28/><D28/><U14/><E2/><V126/><F126/><W15/><G30/><T107/><D107/><U119/><E124/><V128/><F128/><AGARI ba="0,0" hai="44,46,62,67,71,128,129,130" m="60615,47247" machi="128" ten="30,1000,0" yaku="19,1" doraHai="22" who="0" fromWho="2" sc="306,10,263,0,300,-10,131,0" owari="316,41.6,263,-13.7,290,9.0,131,-36.9" /></mjloggm>