<mjloggm ver="2.3"><GO type="225" lobby="0"/><UN n0="%E3%81%BF%E3%81%BF%E3%81%9A" n1="%4E%6F%2E%30%30%30%31" n2="%6D%75%75%6D%75%72%61" n3="%E3%81%99%E3%81%84%E3%81%BE%E3%81%9B%E3%83%BC%E3%82%93" dan="17,18,16,16" rate="2249.63,2248.21,2149.19,2116.29" sx="M,M,F,M"/><TAIKYOKU oya="0"/><BYE who="3" /><UN n3="%E3%81%99%E3%81%84%E3%81%BE%E3%81%9B%E3%83%BC%E3%82%93" /><INIT seed="0,0,0,0,1,92" ten="250,250,250,250" oya="0" hai0="38,100,7,57,128,8,36,64,99,25,73,97,76" hai1="132,31,22,113,49,79,16,4,74,77,45,15,108" hai2="124,48,127,51,112,63,121,13,29,105,32,103,110" hai3="114,55,17,21,42,54,93,107,24,126,53,119,120"/><T88/><D25/><U87/><BYE who="3" /><E74/><V60/><F121/><W133/><G133/><T28/><D28/><U71/><E132/><UN n3="%E3%81%99%E3%81%84%E3%81%BE%E3%81%9B%E3%83%BC%E3%82%93" /><V83/><F112/><W130/><G119/><T3/><D128/><U58/><E71/><V62/><F110/><W122/><G107/><T43/><D88/><U19/><E108/><V84/><F32/><W47/><G114/><T129/><D129/><U37/><E113/><V96/><F13/><W61/><G126/><N who="2" m="48169" /><F29/><W116/><G116/><T134/><D100/><U14/><E4/><V131/><F131/><W123/><G93/><T27/><D27/><U41/><E31/><V101/><F101/><W117/><G117/><T89/><D89/><AGARI ba="0,0" hai="48,51,60,62,63,83,84,89,96,103,105" m="48169" machi="89" ten="30,2000,0" yaku="18,1,52,1" doraHai="92" who="2" fromWho="0" sc="250,-20,250,0,250,20,250,0" /><INIT seed="1,0,0,4,3,44" ten="230,250,270,250" oya="1" hai0="62,60,87,41,15,78,94,121,48,123,129,81,109" hai1="34,56,52,10,38,133,47,18,50,125,77,80,16" hai2="40,135,69,26,51,97,75,9,107,54,63,5,112" hai3="134,96,126,120,55,104,127,24,32,111,45,106,89"/><U46/><E34/><V88/><F135/><W84/><G120/><N who="0" m="46155" /><D109/><U64/><E133/><V114/><F75/><W25/><G134/><T30/><D129/><U33/><E33/><V99/><F26/><W132/><G132/><T128/><D128/><U110/><E125/><N who="3" m="47626" /><G111/><T92/><D30/><U98/><E110/><V100/><F40/><W28/><G24/><T35/><D15/><N who="1" m="7287" /><E38/><V23/><F23/><W36/><G96/><T93/><D35/><U83/><E98/><V53/><F99/><W21/><G32/><T27/><D27/><U76/><E18/><V105/><F105/><W117/><G117/><T79/><D79/><N who="1" m="30283" /><E46/><AGARI ba="0,0" hai="41,46,48,60,62,78,81,87,92,93,94" m="46155" machi="46" ten="30,2000,0" yaku="13,1,52,1" doraHai="44" who="0" fromWho="1" sc="230,20,250,-20,270,0,250,0" /><INIT seed="2,0,0,3,3,64" ten="250,230,270,250" oya="2" hai0="86,125,25,102,87,71,8,43,111,58,57,84,103" hai1="44,135,116,126,60,56,129,5,130,0,63,105,133" hai2="12,47,114,52,27,32,134,61,132,2,67,70,39" hai3="75,94,11,96,76,10,45,110,92,23,115,78,127"/><V74/><F2/><W68/><G68/><T29/><D111/><U4/><E105/><V33/><F114/><W13/><G127/><T117/><D71/><U85/><E85/><V100/><F74/><W95/><G110/><T124/><D8/><N who="3" m="3113" /><G75/><T101/><D43/><U37/><E116/><V91/><F12/><W83/><G115/><T15/><D15/><U19/><E0/><V31/><F91/><W51/><G96/><T108/><D108/><U40/><E19/><V121/><F121/><W89/><G89/><T53/><D117/><U107/><E107/><V97/><F33/><W81/><G23/><N who="0" m="15551" /><D53/><N who="1" m="33807" /><E126/><AGARI ba="0,0" hai="57,58,84,86,87,101,102,103,124,125,126" m="15551" machi="126" ten="40,1300,0" yaku="18,1" doraHai="64" who="0" fromWho="1" sc="250,13,230,-13,270,0,250,0" /><INIT seed="3,0,0,3,5,130" ten="263,217,270,250" oya="3" hai0="45,14,105,75,84,1,27,31,85,124,48,12,59" hai1="21,26,9,65,4,19,57,80,17,61,11,102,66" hai2="132,131,95,104,96,43,103,47,87,79,64,24,0" hai3="83,125,82,101,129,110,122,112,119,89,56,41,42"/><W51/><G119/><T93/><D1/><U52/><E102/><V71/><F131/><W38/><G112/><T126/><D75/><U32/><E32/><V120/><F0/><W54/><G129/><T111/><D105/><U49/><E80/><V86/><F79/><W18/><G122/><T15/><D59/><U113/><E113/><V127/><F127/><N who="0" m="48682" /><D93/><U81/><E81/><V33/><F95/><W35/><G35/><N who="0" m="20991" /><D111/><U134/><E134/><V10/><F10/><N who="1" m="3593" /><E4/><V34/><F132/><W109/><G125/><T30/><D30/><N who="1" m="17743" /><E66/><V20/><F34/><W78/><G83/><T5/><D5/><U58/><AGARI ba="0,0" hai="17,19,49,52,57,58,61,65" m="17743,3593" machi="58" ten="30,2000,0" yaku="8,1,54,1" doraHai="130" who="1" fromWho="1" sc="263,-5,217,20,270,-5,250,-10" /><INIT seed="4,0,0,3,5,65" ten="258,237,265,240" oya="0" hai0="122,16,72,128,83,31,77,114,3,44,123,0,104" hai1="73,60,49,2,70,41,32,117,79,119,116,66,120" hai2="9,30,125,26,58,38,27,87,85,111,53,88,45" hai3="71,98,1,108,64,106,81,131,56,82,121,99,35"/><T46/><D104/><U5/><E49/><V19/><F111/><W15/><G1/><T102/><D102/><U20/><E20/><V17/><F85/><W36/><G35/><T39/><D31/><U75/><E41/><V84/><F84/><W52/><G36/><T103/><D103/><U18/><E18/><V126/><F45/><W124/><G108/><T110/><D110/><U21/><E21/><V61/><F38/><W96/><G106/><T127/><D44/><U113/><E120/><V129/><F129/><W107/><G107/><T80/><D128/><U48/><E48/><V47/><F47/><W105/><G105/><T109/><D109/><U132/><E132/><V112/><F112/><W10/><G131/><T24/><D114/><U118/><N who="1" m="29696" /><DORA hai="14" /><U100/><E100/><V92/><F9/><W67/><G121/><T133/><D133/><U57/><E57/><V59/><F27/><W62/><G124/><N who="2" m="47721" /><F59/><W76/><G71/><T34/><D127/><U78/><E113/><V8/><F8/><W69/><G69/><T40/><D123/><U135/><E135/><V13/><F13/><W37/><G37/><T95/><D122/><U89/><E75/><V93/><F93/><W28/><G28/><T25/><D0/><U22/><E73/><V101/><F101/><W50/><G56/><T4/><D3/><U29/><E89/><V115/><F115/><W63/><G10/><T130/><D72/><U51/><E2/><V74/><F74/><W86/><G15/><T42/><D130/><U134/><E134/><V68/><F68/><W33/><G33/><AGARI ba="0,0" hai="17,19,26,30,33,53,58,61,87,88,92" m="47721" machi="33" ten="30,8000,1" yaku="6,1,18,1,52,2,54,1" doraHai="65,14" who="2" fromWho="3" sc="258,0,237,0,265,80,240,-80" owari="258,5.8,237,-16.3,345,44.5,160,-34.0" /></mjloggm>