<mjloggm ver="2.3"><GO type="225" lobby="0"/><UN n0="%E3%83%97%E3%83%AC%E3%83%B4%E3%82%A1%E3%83%86%E3%82%A3" n1="%E3%81%A9%E3%82%93%E3%82%88%E3%81%8F%4D%6B%2E%32" n2="%E3%81%BF%E3%81%BF%E3%81%9A" n3="%77%72%77%72%77%72%77%72" dan="16,16,17,16" rate="2088.87,2139.80,2205.71,2077.44" sx="F,M,M,M"/><TAIKYOKU oya="0"/><INIT seed="0,0,0,0,1,93" ten="250,250,250,250" oya="0" hai0="135,88,95,122,76,68,84,91,126,133,124,79,13" hai1="106,18,10,78,54,86,23,17,131,25,127,132,32" hai2="63,46,34,2,118,52,125,47,72,96,8,80,75" hai3="103,108,30,81,64,60,130,35,119,45,26,59,11"/><T4/><D68/><U73/><E73/><V101/><F34/><W67/><G108/><T20/><D122/><U12/><E106/><V62/><F125/><N who="0" m="48234" /><D4/><U82/><E127/><V70/><F118/><W94/><G130/><T9/><D9/><U61/><E131/><V53/><F8/><W69/><G119/><T107/><D107/><U89/><E132/><N who="0" m="50761" /><D20/><U112/><E112/><V113/><F113/><W0/><G11/><T121/><D121/><U40/><E32/><V7/><F7/><W109/><G109/><T27/><D27/><U92/><E40/><V98/><F80/><W44/><G81/><N who="0" m="49551" /><D13/><U3/><E3/><V105/><F105/><W57/><G0/><T129/><D129/><U19/><E19/><V123/><F2/><W39/><G69/><T71/><D71/><U99/><E61/><V115/><F70/><W37/><G26/><T65/><D65/><U104/><E104/><V14/><F115/><W117/><G117/><T100/><D100/><U6/><E6/><V49/><F101/><W55/><G67/><T87/><AGARI ba="0,0" hai="76,79,87,88,95" m="49551,50761,48234" machi="87" ten="30,12000,1" yaku="18,1,20,1,34,2,54,1" doraHai="93" who="0" fromWho="0" sc="250,120,250,-40,250,-40,250,-40" /><INIT seed="0,1,0,1,2,59" ten="370,210,210,210" oya="0" hai0="60,14,34,93,15,24,85,94,55,74,68,80,5" hai1="48,128,23,72,33,96,18,126,49,12,46,118,28" hai2="53,31,20,97,7,134,77,65,66,102,69,120,123" hai3="116,106,125,90,56,122,50,2,0,117,9,1,36"/><T64/><D74/><U63/><E72/><V38/><F38/><W113/><G113/><T75/><D75/><U47/><E118/><V111/><F77/><W40/><G36/><T73/><D73/><U52/><E126/><V104/><F7/><W130/><G125/><T76/><D55/><U109/><E109/><V100/><F111/><W10/><G130/><T131/><D131/><U70/><E128/><V11/><F11/><W4/><G122/><T103/><D5/><U82/><E82/><V78/><F78/><W105/><G90/><T25/><D25/><U98/><E33/><V84/><F84/><W54/><G40/><T37/><D37/><U42/><REACH who="1" step="1"/><E28/><REACH who="1" ten="370,200,210,210" step="2"/><V22/><F31/><W79/><G117/><T135/><D34/><U108/><E108/><V107/><F134/><W43/><G116/><T41/><D135/><U88/><E88/><V119/><F119/><W127/><G79/><T115/><D115/><U67/><AGARI ba="1,1" hai="12,18,23,42,46,47,48,49,52,63,67,70,96,98" machi="67" ten="30,7900,0" yaku="1,1,0,1,52,1,54,1,53,0" doraHai="59" doraHaiUra="29" who="1" fromWho="1" sc="370,-40,200,92,210,-21,210,-21" /><INIT seed="1,0,0,2,3,118" ten="330,292,189,189" oya="1" hai0="5,6,120,133,113,93,126,54,68,78,72,79,106" hai1="104,16,119,2,89,42,10,123,74,62,17,55,71" hai2="96,87,36,117,84,63,124,77,46,102,32,76,67" hai3="109,49,101,41,75,58,66,114,24,38,11,56,111"/><U57/><E119/><V43/><F117/><W81/><G114/><T64/><D113/><U105/><E74/><V98/><F32/><W60/><G101/><T127/><D106/><U82/><E123/><V61/><F124/><N who="0" m="47658" /><D72/><U122/><E122/><V19/><F98/><W86/><G75/><T129/><D120/><U112/><E112/><V80/><F19/><W108/><G24/><T30/><D30/><U47/><E71/><V94/><REACH who="2" step="1"/><F67/><REACH who="2" ten="330,292,179,189" step="2"/><W44/><G11/><T27/><D64/><U90/><E17/><V131/><F131/><W125/><G125/><T37/><D129/><U9/><E16/><V51/><F51/><W15/><G49/><T115/><D37/><U110/><E10/><V100/><F100/><W95/><G66/><T73/><D115/><U14/><E9/><V7/><F7/><W52/><G38/><T18/><D5/><U92/><E62/><V65/><F65/><W85/><G60/><T132/><D6/><U107/><E107/><V0/><F0/><W128/><G128/><T33/><D68/><U20/><E2/><V88/><F88/><N who="3" m="53647" /><G15/><T116/><D116/><U31/><E14/><V25/><F25/><W45/><G111/><T40/><D33/><U1/><E1/><V121/><F121/><W4/><G4/><T99/><D27/><N who="1" m="16871" /><E110/><V12/><F12/><W13/><G13/><T23/><D18/><U97/><E89/><V134/><F134/><W3/><G3/><T35/><D35/><U70/><E70/><V59/><F59/><N who="3" m="22571" /><G109/><T48/><D133/><U103/><E103/><V39/><F39/><W28/><G108/><RYUUKYOKU ba="0,1" sc="330,-10,292,-10,179,30,189,-10" hai2="36,43,46,61,63,76,77,80,84,87,94,96,102" /><INIT seed="2,1,1,4,1,122" ten="320,282,209,179" oya="2" hai0="18,74,118,79,41,10,123,28,130,63,131,40,92" hai1="0,135,94,47,33,72,23,121,16,75,17,111,44" hai2="37,65,119,13,128,95,48,109,125,43,117,42,20" hai3="50,5,120,67,76,97,80,53,70,115,114,62,6"/><V132/><F37/><W96/><G120/><T100/><D123/><U116/><E116/><V9/><F125/><W68/><G68/><T124/><D124/><U4/><E121/><V102/><F65/><W21/><G21/><T83/><D118/><U127/><E127/><V61/><F61/><W81/><G97/><N who="0" m="59431" /><D28/><U45/><E33/><V30/><F128/><N who="0" m="49194" /><D63/><U101/><E135/><V36/><F36/><W73/><G96/><T31/><D31/><U59/><E59/><V105/><F105/><W12/><G81/><T93/><D93/><U103/><E17/><V87/><F119/><W112/><REACH who="3" step="1"/><G12/><AGARI ba="1,1" hai="10,12,18,40,41,74,79,83" m="49194,59431" machi="12" ten="30,1000,0" yaku="19,1" doraHai="122" who="0" fromWho="3" sc="320,23,282,0,209,0,179,-13" /><INIT seed="3,0,0,3,1,16" ten="343,282,209,166" oya="3" hai0="122,78,43,87,4,48,93,72,28,88,38,106,21" hai1="61,74,77,64,108,116,6,12,70,79,82,56,120" hai2="114,105,17,100,13,41,134,40,125,131,75,54,76" hai3="44,96,5,11,132,60,66,104,51,68,113,103,130"/><W9/><G113/><T19/><D122/><U20/><E120/><V0/><F0/><W127/><G130/><T58/><D106/><U3/><E3/><V31/><F114/><W123/><G123/><T91/><D4/><U22/><E79/><V128/><F31/><W85/><G132/><T71/><D71/><U18/><E6/><V121/><F121/><W42/><G127/><T10/><D38/><U53/><E108/><V62/><F125/><W69/><G69/><T117/><D117/><U73/><E116/><V99/><F134/><W55/><G85/><T23/><D28/><U45/><E45/><V33/><F33/><W36/><REACH who="3" step="1"/><G5/><REACH who="3" ten="343,282,209,156" step="2"/><T133/><D133/><U129/><E129/><N who="2" m="49739" /><F75/><W15/><G15/><N who="0" m="7671" /><D72/><U50/><E74/><V110/><F110/><W118/><G118/><T90/><D78/><U14/><E14/><V49/><F76/><W46/><AGARI ba="0,1" hai="9,11,36,42,44,46,51,55,60,66,68,96,103,104" machi="46" ten="20,3900,0" yaku="1,1,0,1,7,1,53,0" doraHai="16" doraHaiUra="27" who="3" fromWho="3" sc="343,-13,282,-13,209,-13,156,49" /><INIT seed="3,1,0,5,1,96" ten="330,269,196,205" oya="3" hai0="83,42,61,3,74,14,79,101,115,66,59,128,95" hai1="134,75,56,114,102,49,130,72,39,33,1,76,122" hai2="5,110,125,67,111,132,6,70,26,104,105,64,57" hai3="62,11,88,108,123,68,24,35,41,53,120,28,100"/><W34/><G41/><T131/><D3/><U27/><E39/><V124/><F57/><W17/><G108/><N who="2" m="41513" /><F132/><W44/><G34/><T36/><D115/><U0/><E114/><V22/><F5/><W112/><G112/><T4/><D36/><U55/><E134/><V77/><F6/><W18/><G88/><T25/><D42/><U103/><E122/><V116/><F116/><W40/><G100/><T60/><D60/><U30/><E130/><N who="0" m="49705" /><D25/><U94/><E94/><V58/><F58/><W119/><G119/><T8/><D95/><U121/><E121/><V23/><F77/><W71/><G53/><T51/><D51/><U85/><E0/><V98/><F98/><W7/><G18/><T21/><D21/><N who="2" m="7690" /><F26/><W113/><G17/><T20/><D20/><U97/><E1/><V129/><F129/><W69/><G113/><T38/><D38/><U29/><E97/><V16/><F16/><W46/><G62/><T47/><D47/><U52/><E27/><V107/><F70/><W50/><G44/><T93/><D93/><U54/><E56/><V37/><F37/><W91/><G7/><T92/><D92/><U32/><E49/><V13/><F13/><W65/><G11/><T89/><D89/><U12/><E12/><V73/><F73/><N who="1" m="28233" /><E76/><V106/><N who="2" m="26624" /><DORA hai="63" /><V81/><F81/><W126/><G91/><T45/><D45/><U109/><E109/><V43/><F43/><W117/><G117/><T9/><D9/><U90/><E33/><V133/><F133/><W31/><G31/><N who="1" m="11786" /><E32/><V86/><F86/><W84/><G84/><T135/><D135/><RYUUKYOKU ba="1,0" sc="330,10,269,10,196,10,205,-30" hai0="4,8,14,59,61,66,74,79,83,101" hai1="52,54,55,85,90,102,103" hai2="64,67,124,125" owari="340,44.0,279,7.9,206,-19.4,175,-32.5" /></mjloggm>