<mjloggm ver="2.3"><GO type="225" lobby="0"/><UN n0="%E9%80%9F%E6%B0%B4%E5%87%9B%E9%A6%99" n1="%E3%82%82%E3%81%90%E3%82%89" n2="%E3%83%94%E3%82%B3%E3%83%9E%E3%82%B9%E3%83%86%E3%82%A3%E3%83%95" n3="%72%61%6B%33" dan="16,16,17,16" rate="2130.05,2219.76,2140.53,2138.19" sx="F,M,M,M"/><TAIKYOKU oya="0"/><INIT seed="0,0,0,5,4,0" ten="250,250,250,250" oya="0" hai0="5,99,50,23,8,107,55,9,127,73,67,38,87" hai1="21,42,20,52,134,80,93,103,117,11,2,65,25" hai2="131,1,91,48,14,24,88,31,40,46,44,78,92" hai3="15,104,129,60,66,126,79,135,22,90,56,109,114"/><T116/><D73/><U100/><E117/><V13/><F1/><W53/><G114/><T33/><D116/><U119/><E119/><V51/><F131/><W69/><G129/><T39/><D33/><U34/><E134/><V113/><F113/><W68/><G135/><T124/><D87/><U59/><E65/><V49/><F78/><W45/><G104/><T74/><D67/><U130/><E130/><V102/><F102/><W128/><G128/><T32/><D32/><U4/><E42/><V72/><F72/><W82/><G109/><T30/><D74/><U6/><E6/><V97/><F91/><W58/><G90/><T10/><D23/><U12/><E80/><V112/><F112/><W76/><G45/><T120/><D30/><U111/><E111/><V43/><F49/><W36/><G36/><T89/><D120/><U75/><E75/><V110/><F110/><W71/><G126/><N who="0" m="48171" /><D5/><U96/><E103/><V121/><F121/><W7/><G82/><T29/><D29/><U63/><E34/><AGARI ba="0,0" hai="13,14,24,31,34,40,43,44,46,48,51,88,92,97" machi="34" ten="30,3900,0" yaku="7,1,9,1,54,1" doraHai="0" who="2" fromWho="1" sc="250,0,250,-39,250,39,250,0" /><INIT seed="1,0,0,4,4,49" ten="250,211,289,250" oya="1" hai0="115,130,60,2,135,92,14,70,33,98,112,0,62" hai1="132,20,28,109,56,9,86,32,25,22,107,123,131" hai2="73,95,69,99,36,43,83,111,5,65,66,53,47" hai3="97,105,118,27,21,134,103,1,133,126,23,100,78"/><U67/><E123/><V84/><F73/><W79/><G1/><T15/><D33/><U13/><E107/><V57/><F111/><W40/><G126/><T120/><D120/><U19/><E109/><V34/><F34/><W4/><G4/><T51/><D51/><U87/><E131/><V63/><F5/><W11/><G11/><T45/><D45/><U31/><E132/><N who="3" m="50794" /><G118/><T24/><D24/><U26/><REACH who="1" step="1"/><E32/><REACH who="1" ten="250,201,289,250" step="2"/><V114/><F114/><W37/><G105/><T113/><D130/><U106/><E106/><V125/><F125/><W18/><G37/><T96/><D115/><U12/><E12/><V50/><F36/><W91/><G40/><T127/><D127/><U59/><E59/><V71/><F71/><W8/><G8/><T76/><D70/><U117/><E117/><V110/><F110/><W108/><G108/><T128/><D128/><U119/><E119/><V48/><F69/><W55/><G21/><T42/><D42/><U61/><AGARI ba="0,1" hai="9,13,19,20,22,25,26,28,31,56,61,67,86,87" machi="61" ten="30,11700,0" yaku="1,1,0,1,9,1,8,1,53,0" doraHai="49" doraHaiUra="35" who="1" fromWho="1" sc="250,-39,201,127,289,-39,250,-39" /><INIT seed="1,1,0,3,1,34" ten="211,328,250,211" oya="1" hai0="43,111,105,52,134,129,47,94,42,11,40,8,67" hai1="48,37,24,27,29,82,26,133,131,122,28,89,124" hai2="33,83,70,5,117,2,53,98,103,31,95,87,10" hai3="0,72,7,17,3,45,12,91,21,114,119,9,106"/><U57/><E37/><V93/><F70/><W68/><G68/><T74/><D105/><U30/><E122/><V135/><F117/><W84/><G72/><T56/><D74/><U81/><E131/><V75/><F135/><W73/><G73/><T96/><D129/><U77/><E133/><V108/><F108/><W71/><G71/><T22/><D111/><U112/><E112/><V19/><F75/><W99/><G114/><T23/><D47/><U128/><E128/><V109/><F109/><W41/><G119/><T130/><D67/><U60/><E124/><V113/><F113/><W59/><G59/><T90/><D134/><U79/><E48/><V125/><F125/><W25/><G99/><T86/><D96/><U85/><REACH who="1" step="1"/><E82/><REACH who="1" ten="211,318,250,211" step="2"/><V104/><F83/><W101/><G106/><T63/><D130/><U123/><E123/><V32/><F104/><W64/><G101/><T76/><D76/><U69/><E69/><V44/><F95/><W132/><G132/><T1/><D1/><U49/><E49/><V107/><F93/><W92/><REACH who="3" step="1"/><G64/><AGARI ba="1,1" hai="24,26,27,28,29,30,57,60,64,77,79,81,85,89" machi="64" ten="40,3900,0" yaku="1,1,8,1,53,0" doraHai="34" doraHaiUra="121" who="1" fromWho="3" sc="211,0,318,52,250,0,211,-42" /><INIT seed="1,2,0,0,2,2" ten="211,370,250,169" oya="1" hai0="47,108,1,126,29,119,34,39,51,38,96,99,84" hai1="15,27,98,80,24,22,134,11,43,100,41,130,87" hai2="85,5,102,48,69,17,105,52,56,71,132,74,35" hai3="118,6,37,42,7,91,18,60,19,62,133,121,120"/><U32/><E130/><V127/><F74/><W59/><G42/><T86/><D119/><U111/><E134/><V61/><F35/><W46/><G46/><T77/><D1/><U81/><E32/><V55/><F5/><N who="3" m="1547" /><G37/><T72/><D72/><U45/><E41/><V44/><F132/><W14/><G133/><T128/><D128/><U65/><E65/><V110/><F105/><W67/><G120/><T16/><D47/><U8/><E15/><V107/><F107/><W20/><G121/><T79/><D29/><U25/><E22/><V23/><F102/><W50/><G118/><T4/><D4/><U131/><E81/><V63/><F71/><W57/><G91/><T123/><D34/><U92/><E131/><V82/><F69/><W21/><G50/><T26/><D51/><N who="1" m="27071" /><E111/><V28/><F110/><W68/><G68/><T70/><D123/><U10/><E10/><V58/><F61/><N who="3" m="23659" /><G67/><T124/><D108/><U31/><E31/><V89/><F28/><W53/><G53/><T3/><D3/><U75/><E75/><V76/><F63/><W88/><G88/><AGARI ba="2,0" hai="8,11,24,25,27,80,87,88,92,98,100" m="27071" machi="88" ten="30,2900,0" yaku="8,1,54,1" doraHai="2" who="1" fromWho="3" sc="211,0,370,35,250,0,169,-35" /><INIT seed="1,3,0,4,0,131" ten="211,405,250,134" oya="1" hai0="66,36,74,45,85,47,24,81,91,12,31,7,107" hai1="51,99,40,63,114,2,37,128,52,22,57,100,71" hai2="102,83,28,89,15,20,92,72,76,59,39,50,82" hai3="110,127,23,94,116,117,8,104,0,121,108,62,79"/><U42/><E2/><V86/><F39/><W41/><G104/><T75/><D107/><U78/><E114/><V64/><F102/><W69/><G79/><T115/><D115/><U70/><E78/><V135/><F135/><W43/><G94/><T123/><D123/><U101/><E128/><V38/><F38/><W44/><G23/><T56/><D36/><U112/><E112/><V96/><F83/><W65/><G8/><N who="0" m="4127" /><D74/><U6/><E6/><V30/><F72/><W134/><G0/><T132/><D132/><U84/><E84/><V87/><F87/><W120/><G134/><T32/><D32/><U119/><E119/><N who="3" m="45642" /><G127/><T3/><D3/><U129/><E22/><V109/><F15/><W46/><G46/><T5/><D75/><U58/><E99/><V48/><F20/><W34/><G34/><T80/><D5/><U113/><E100/><V103/><F103/><W126/><G126/><T17/><D31/><U125/><E101/><V130/><F28/><W33/><G33/><T68/><D81/><U53/><E129/><V133/><F30/><W93/><G93/><T98/><D68/><N who="1" m="26155" /><E125/><V13/><F130/><W16/><G16/><T105/><D17/><U60/><E113/><V97/><F133/><W122/><G41/><N who="1" m="15978" /><E37/><AGARI ba="3,0" hai="37,43,44,62,65,69,108,110,120,121,122" m="45642" machi="37" ten="40,8000,1" yaku="12,1,23,1,34,2" doraHai="131" who="3" fromWho="1" sc="211,0,405,-89,250,0,134,89" /><INIT seed="2,0,0,5,1,59" ten="211,316,250,223" oya="2" hai0="132,100,8,9,95,83,62,24,87,116,76,15,0" hai1="131,22,46,54,105,32,119,96,34,97,5,114,125" hai2="49,61,63,93,135,121,41,40,109,112,37,84,94" hai3="1,7,36,68,73,2,11,117,115,118,57,110,44"/><V56/><F112/><W77/><G115/><T101/><D132/><U130/><E114/><V113/><F113/><W86/><G110/><T89/><D116/><U65/><E119/><V98/><F121/><W51/><G68/><T52/><D0/><U6/><E125/><V21/><F37/><W122/><G122/><T64/><D24/><U126/><E126/><V42/><F135/><W102/><G1/><T103/><D8/><U75/><E75/><V80/><F109/><W69/><G69/><T71/><D52/><U120/><E120/><V3/><F3/><W13/><G102/><T127/><D127/><U23/><E65/><V134/><F134/><W81/><G86/><T106/><D106/><U123/><E123/><V133/><F133/><W12/><G12/><T55/><D55/><U25/><E54/><N who="2" m="31823" /><F21/><W28/><G28/><T60/><D64/><U128/><E25/><V31/><F31/><W91/><G2/><T66/><D66/><U4/><E46/><V27/><F27/><W104/><G104/><T67/><D67/><U90/><E105/><V58/><F58/><W79/><G57/><T48/><D48/><U29/><E29/><V17/><F17/><W53/><G36/><T39/><D39/><U18/><E18/><V10/><F10/><W72/><G118/><T35/><D35/><N who="1" m="13355" /><E90/><N who="2" m="53447" /><F80/><N who="3" m="45095" /><G117/><T124/><D124/><U70/><E70/><V129/><F129/><W108/><G108/><T33/><D33/><U19/><E19/><V30/><F30/><W92/><G91/><AGARI ba="0,0" hai="40,41,42,61,63,91,94,98" m="53447,31823" machi="91" ten="30,5800,0" yaku="8,1,52,2" doraHai="59" who="2" fromWho="3" sc="211,0,316,0,250,58,223,-58" /><INIT seed="2,1,0,5,2,27" ten="211,316,308,165" oya="2" hai0="68,85,91,78,14,12,75,119,13,77,104,73,89" hai1="35,95,36,64,124,8,113,109,134,111,53,15,5" hai2="16,94,65,63,51,42,102,18,0,46,71,123,60" hai3="103,20,87,98,100,86,25,30,108,131,23,45,43"/><V74/><F123/><W84/><G108/><N who="1" m="41546" /><E113/><V70/><F0/><W52/><G131/><T40/><D40/><U96/><E36/><V3/><F74/><W72/><G72/><N who="0" m="27723" /><D85/><U57/><E134/><V50/><F3/><W99/><G20/><T55/><D55/><U49/><E35/><V67/><REACH who="2" step="1"/><F51/><REACH who="2" ten="211,316,298,165" step="2"/><N who="3" m="28783" /><G43/><T10/><D119/><U126/><E64/><V7/><F7/><W135/><G135/><T130/><D130/><U117/><E117/><V133/><F133/><W38/><G38/><T106/><D10/><U17/><E5/><V97/><AGARI ba="1,1" hai="16,18,42,46,50,60,63,65,67,70,71,94,97,102" machi="97" ten="30,11700,0" yaku="1,1,0,1,9,1,54,1,53,0" doraHai="27" doraHaiUra="107" who="2" fromWho="2" sc="211,-40,316,-40,298,130,165,-40" /><INIT seed="2,2,0,0,0,47" ten="171,276,428,125" oya="2" hai0="72,73,135,84,74,130,83,131,116,80,9,88,34" hai1="17,52,4,62,103,32,126,87,111,81,123,70,25" hai2="127,13,38,14,60,106,53,71,76,95,110,7,6" hai3="94,68,59,1,3,133,27,129,26,51,35,115,124"/><V112/><F106/><W66/><G68/><T10/><D34/><U102/><E111/><V8/><F38/><W119/><G119/><T44/><D44/><U58/><E126/><V19/><F76/><W114/><G124/><T16/><D116/><U89/><E123/><V69/><F95/><W0/><G129/><N who="0" m="49163" /><D135/><U99/><E4/><V90/><F90/><W41/><G133/><T92/><D9/><U37/><E37/><V29/><F60/><N who="3" m="38175" /><G35/><T46/><D46/><U125/><E125/><V2/><F19/><W118/><G118/><T85/><D10/><U12/><E70/><V50/><F8/><W63/><G63/><T64/><D64/><U21/><E32/><V98/><F2/><W65/><G65/><T109/><D16/><U78/><E12/><V36/><F36/><W113/><G41/><T79/><D109/><U49/><E49/><V18/><F50/><W42/><G94/><AGARI ba="2,0" hai="72,73,74,79,80,83,84,85,88,92,94" m="49163" machi="94" ten="40,8000,1" yaku="19,1,34,2,54,1" doraHai="47" who="0" fromWho="3" sc="171,86,276,0,428,0,125,-86" /><AGARI ba="2,0" hai="17,21,25,52,58,62,78,81,87,89,94,99,102,103" machi="94" ten="40,8000,1" yaku="25,2,8,1,54,1" doraHai="47" who="1" fromWho="3" sc="257,0,276,80,428,0,39,-80" owari="257,-14.3,356,15.6,428,52.8,-41,-54.1" /></mjloggm>