<mjloggm ver="2.3"><GO type="225" lobby="0"/><UN n0="%33%74%72%65%65" n1="%E3%81%95%E3%81%8D%E3%81%9F%E3%81%BE%E6%9E%97%E6%AA%8E" n2="%E2%91%A3%E9%81%BF%E9%81%8A%E6%88%AF%E3%80%90%E6%9D%B1%E5%8D%97%E3%80%91" n3="%E3%81%8C%E3%81%9F" dan="17,16,16,16" rate="2231.82,2123.49,2091.26,2081.26" sx="F,M,M,F"/><TAIKYOKU oya="0"/><INIT seed="0,0,0,4,5,14" ten="250,250,250,250" oya="0" hai0="0,110,38,80,105,103,63,135,134,95,108,50,93" hai1="66,40,64,24,8,120,15,58,131,22,41,100,9" hai2="59,113,19,86,77,122,112,127,67,56,125,52,111" hai3="65,32,114,94,128,121,37,78,117,39,61,116,30"/><T5/><D38/><U118/><E118/><V132/><F77/><W34/><G94/><N who="0" m="35851" /><D63/><U90/><E131/><V99/><F86/><W75/><G114/><T29/><D29/><U82/><E120/><V25/><F122/><W43/><G121/><T107/><D50/><U89/><E100/><V47/><F99/><W92/><G92/><T26/><D26/><U1/><E1/><V72/><F72/><W23/><G23/><T69/><D69/><U3/><E3/><V119/><F119/><W55/><G128/><T44/><D44/><U83/><E15/><V28/><F67/><W91/><G55/><T48/><D48/><U53/><E66/><V98/><F98/><W16/><G30/><T115/><D115/><U62/><E64/><V101/><F101/><W6/><G65/><T4/><D80/><N who="1" m="30763" /><E9/><V106/><F106/><N who="0" m="40458" /><D103/><U104/><E104/><V51/><F113/><W68/><G68/><T36/><D36/><U27/><E27/><V79/><F112/><W76/><G39/><T49/><D49/><U35/><E35/><V54/><F51/><W126/><G37/><T2/><D2/><U74/><E8/><V33/><F33/><W18/><G34/><T129/><D129/><U42/><E42/><V81/><F47/><W57/><G32/><T17/><D0/><U85/><E41/><V20/><F59/><W123/><G116/><T45/><D45/><U60/><E40/><V130/><F56/><W13/><G117/><T46/><D46/><U87/><E58/><V96/><F28/><W109/><G57/><T84/><D84/><U21/><E87/><RYUUKYOKU ba="0,0" sc="250,0,250,0,250,0,250,0" /><INIT seed="1,1,0,0,1,59" ten="250,250,250,250" oya="1" hai0="109,1,28,70,103,27,14,73,114,30,40,116,119" hai1="77,110,42,38,53,46,135,90,83,36,122,25,49" hai2="68,29,47,108,106,15,80,101,98,16,72,88,132" hai3="63,67,44,123,76,105,124,43,66,81,41,6,69"/><U126/><E122/><V19/><F108/><W37/><G105/><T26/><D1/><U3/><E3/><V75/><F132/><W62/><G6/><T78/><D114/><U99/><E135/><V131/><F131/><W12/><G123/><T45/><D109/><U133/><E133/><V31/><F68/><N who="3" m="42071" /><G12/><T125/><D103/><U127/><E110/><V55/><F19/><W54/><G124/><N who="1" m="47658" /><E25/><V91/><F31/><W57/><G81/><T24/><D125/><U104/><E42/><V96/><F29/><W86/><G86/><T129/><D129/><U5/><E5/><V95/><F80/><W2/><G76/><T21/><D14/><U82/><E82/><V8/><F91/><W79/><G79/><T60/><D26/><U56/><E46/><V74/><F47/><N who="3" m="23983" /><G2/><T118/><D78/><U0/><E0/><V34/><REACH who="2" step="1"/><F55/><REACH who="2" ten="250,250,240,250" step="2"/><W87/><G87/><T32/><D73/><N who="1" m="43439" /><E90/><V4/><F4/><W50/><G69/><T33/><D33/><AGARI ba="1,1" hai="8,15,16,33,34,72,74,75,88,95,96,98,101,106" machi="33" ten="40,8000,1" yaku="1,1,54,2,53,1" doraHai="59" doraHaiUra="84" who="2" fromWho="0" sc="250,-83,250,0,240,93,250,0" /><INIT seed="2,0,0,2,0,120" ten="167,250,333,250" oya="2" hai0="88,48,30,124,39,15,3,26,100,61,17,12,78" hai1="63,51,60,105,98,117,73,40,118,131,54,5,126" hai2="81,47,101,99,110,38,125,7,18,128,65,46,68" hai3="4,114,82,14,94,106,19,87,27,70,1,130,80"/><V16/><F125/><W127/><G106/><T89/><D39/><U33/><E33/><V129/><F7/><W133/><G70/><T9/><D3/><U22/><E73/><V64/><F81/><W74/><G127/><T90/><D124/><U58/><E126/><V32/><F32/><W116/><G116/><T119/><D119/><U8/><E131/><V43/><F47/><W35/><G130/><T49/><D78/><U67/><E22/><V45/><F46/><W62/><G74/><T95/><D61/><U57/><E40/><V115/><F115/><W2/><G114/><T72/><D72/><U79/><E79/><V109/><F129/><W134/><G62/><T97/><REACH who="0" step="1"/><D15/><REACH who="0" ten="157,250,333,250" step="2"/><U102/><E63/><N who="2" m="39967" /><F128/><W29/><G2/><AGARI ba="0,1" hai="2,5,8,51,54,57,58,60,67,98,102,105,117,118" machi="2" ten="30,1000,0" yaku="7,1" doraHai="120" who="1" fromWho="3" sc="157,0,250,20,333,0,250,-10" /><INIT seed="3,0,0,2,4,80" ten="157,270,333,240" oya="3" hai0="35,36,69,53,62,24,98,114,15,134,73,85,12" hai1="23,34,42,76,123,47,4,119,6,11,66,45,37" hai2="86,31,39,2,72,18,41,22,77,93,128,125,32" hai3="107,135,115,81,49,40,1,46,130,120,52,63,121"/><W17/><G115/><T95/><D73/><U88/><E123/><V113/><F113/><W10/><G107/><T68/><D114/><U110/><E110/><V65/><F72/><W90/><G130/><T55/><D36/><U67/><E76/><V43/><F39/><W104/><G104/><T60/><D134/><U54/><E34/><V105/><F105/><W38/><G135/><T59/><D35/><U48/><E119/><V117/><F2/><W100/><G100/><T116/><D116/><U20/><E20/><V97/><F117/><W133/><G133/><T28/><D28/><U74/><E74/><V112/><F32/><W5/><G63/><T61/><D24/><U106/><E106/><V109/><F109/><W58/><REACH who="3" step="1"/><G17/><REACH who="3" ten="157,270,333,230" step="2"/><T111/><D111/><U83/><E6/><V70/><F112/><W9/><G9/><T44/><D68/><U101/><E101/><V56/><F70/><W16/><G16/><T71/><D71/><U91/><E4/><V126/><F128/><W118/><G118/><T33/><D69/><U50/><E11/><V127/><F127/><W13/><G13/><T102/><D33/><U89/><E23/><V0/><F0/><W8/><G8/><T129/><D129/><U26/><E26/><V21/><F126/><W92/><G92/><T99/><D102/><U79/><E37/><V64/><F125/><W3/><G3/><T94/><D61/><U82/><E82/><V25/><F93/><W84/><AGARI ba="0,1" hai="1,5,10,38,40,46,49,52,58,81,84,90,120,121" machi="84" ten="30,11700,0" yaku="1,1,0,1,52,1,54,1,53,0" doraHai="80" doraHaiUra="14" who="3" fromWho="3" sc="157,-39,270,-39,333,-39,230,127" owari="118,-38.2,231,-16.9,294,9.4,357,45.7" /></mjloggm>