<mjloggm ver="2.3"><GO type="225" lobby="0"/><UN n0="%6D%75%75%73%61%6E%6D%75" n1="%E5%B8%86%E7%AB%8B%E5%A4%8F%E8%A1%A3" n2="%E6%98%93%E5%88%A9%E8%96%A9%E4%BC%AF" n3="%E3%83%A9%E3%83%BC%E3%83%A1%E3%83%B3%E4%BA%94%E9%83%8E" dan="17,16,16,16" rate="2162.65,2208.64,2101.29,2128.78" sx="F,M,F,M"/><TAIKYOKU oya="0"/><INIT seed="0,0,0,2,4,21" ten="250,250,250,250" oya="0" hai0="24,19,116,69,68,97,31,96,28,1,52,11,101" hai1="131,114,17,83,130,67,105,32,112,14,135,121,50" hai2="73,125,86,48,111,56,106,55,117,43,35,85,110" hai3="29,60,44,75,92,6,45,30,65,71,62,104,115"/><T0/><D116/><U87/><E105/><V88/><F106/><W89/><G104/><T40/><D40/><U61/><E50/><V120/><F73/><W42/><G115/><N who="1" m="44074" /><E121/><V36/><F120/><W23/><G75/><T70/><D101/><U4/><E32/><V126/><F86/><W49/><G6/><T39/><D39/><U102/><E102/><V37/><F35/><W9/><G9/><T79/><D79/><N who="1" m="46591" /><E4/><V91/><F91/><W63/><G45/><T76/><D76/><U78/><E78/><V33/><F33/><W12/><G71/><T53/><D69/><N who="1" m="42223" /><E135/><V22/><F117/><W51/><G51/><T59/><D11/><AGARI ba="0,0" hai="11,14,17,130,131" m="42223,46591,44074" machi="11" ten="30,1000,0" yaku="11,1" doraHai="21" who="1" fromWho="0" sc="250,-10,250,10,250,0,250,0" /><INIT seed="1,0,0,4,0,81" ten="240,260,250,250" oya="1" hai0="69,107,97,23,47,130,20,30,32,19,109,91,92" hai1="12,120,116,15,112,132,124,34,25,16,123,73,129" hai2="93,60,4,6,74,63,41,88,50,79,117,28,65" hai3="67,17,53,111,9,59,121,125,46,33,101,131,57"/><U86/><E86/><N who="2" m="52375" /><F74/><W78/><G121/><N who="1" m="46666" /><E73/><V118/><F118/><W36/><G33/><T14/><D109/><U94/><E94/><V11/><F28/><W48/><G111/><T35/><D130/><U68/><E68/><V44/><F117/><W54/><G131/><T45/><D69/><U128/><E116/><V70/><F70/><W71/><G125/><T90/><D107/><U2/><E124/><V64/><F79/><W83/><G101/><N who="0" m="60583" /><D35/><U76/><E76/><V106/><F106/><W56/><G36/><T114/><D32/><U27/><E2/><V52/><F11/><W62/><G71/><T135/><D135/><U89/><E89/><N who="0" m="33801" /><D114/><U77/><E77/><V110/><F110/><W18/><G67/><N who="2" m="25673" /><F41/><W127/><G127/><T49/><D49/><U133/><E112/><V55/><F55/><W43/><G9/><T99/><D99/><U96/><E96/><V84/><F84/><N who="3" m="48247" /><G43/><T8/><D8/><N who="1" m="6151" /><E129/><V51/><F51/><W3/><G3/><T1/><D1/><U58/><E128/><V38/><F38/><W31/><G31/><T122/><D122/><U42/><E42/><V39/><F39/><W21/><G21/><T40/><D40/><U115/><E115/><V104/><F104/><W126/><G126/><T95/><D95/><U61/><E34/><V100/><F100/><W0/><G0/><T98/><D98/><U113/><E113/><V13/><F13/><W7/><G7/><AGARI ba="0,0" hai="4,6,7,44,50,52,60,63" m="25673,52375" machi="7" ten="30,7700,0" yaku="8,1,52,1,54,2" doraHai="81" who="2" fromWho="3" sc="240,0,260,0,250,77,250,-77" /><INIT seed="2,0,0,2,3,41" ten="240,260,327,173" oya="2" hai0="128,99,86,119,114,52,93,64,135,9,4,92,82" hai1="127,84,58,109,65,96,87,11,83,73,105,40,90" hai2="67,45,80,44,36,134,131,3,22,24,108,77,101" hai3="2,7,89,61,30,121,81,62,39,111,19,18,110"/><V74/><F3/><W91/><G121/><T66/><D114/><U5/><E109/><V75/><F131/><W60/><G39/><T42/><D128/><U76/><E127/><V0/><F0/><W53/><G30/><T129/><D129/><U17/><E17/><N who="3" m="6154" /><G53/><T125/><D125/><U70/><E70/><V117/><F117/><W16/><N who="3" m="6162" /><W130/><DORA hai="69" /><G130/><T88/><D42/><U106/><E87/><V25/><F75/><W116/><G116/><T79/><D135/><U124/><E124/><V27/><F36/><W13/><G2/><T107/><D119/><U120/><E120/><V21/><F134/><W28/><G28/><T72/><D52/><U10/><E40/><V126/><F126/><W32/><G81/><T55/><D55/><U68/><E68/><V102/><F67/><W51/><G51/><T113/><D113/><U1/><E11/><V104/><F108/><N who="3" m="41515" /><G32/><T20/><D20/><U78/><E1/><V100/><F22/><W31/><G31/><T48/><D48/><U118/><E118/><V43/><F21/><W115/><G115/><T38/><D38/><U6/><E6/><V59/><F43/><W122/><G122/><T8/><D93/><N who="1" m="56375" /><E5/><V85/><F74/><W29/><G29/><T133/><D133/><U54/><E10/><AGARI ba="0,0" hai="7,10,13,60,61,62,89,91" m="41515,6162" machi="10" ten="40,2600,0" yaku="14,1,54,1" doraHai="41,69" who="3" fromWho="1" sc="240,0,260,-26,327,0,173,26" /><INIT seed="3,0,0,4,1,48" ten="240,234,327,199" oya="3" hai0="49,119,89,111,100,19,116,90,82,39,123,83,18" hai1="93,72,56,108,1,68,67,79,125,31,133,76,124" hai2="27,0,87,74,28,78,88,77,53,13,9,99,6" hai3="104,113,94,85,35,24,17,126,44,69,75,8,132"/><W38/><G113/><T16/><D39/><U46/><E1/><V30/><F99/><W114/><G114/><T131/><D123/><U57/><E108/><V58/><F0/><W5/><G75/><T34/><D111/><U117/><E133/><V7/><F7/><W86/><G104/><T62/><D34/><U37/><E117/><V22/><F30/><W42/><G132/><T103/><D49/><U102/><E31/><V91/><F74/><W12/><G69/><T21/><D21/><U92/><E68/><V25/><F25/><W55/><G126/><N who="1" m="48746" /><E67/><V32/><F32/><W59/><G94/><N who="1" m="36458" /><E102/><N who="0" m="38953" /><D62/><U120/><E120/><V63/><F91/><N who="0" m="34826" /><D131/><U50/><E37/><V43/><F43/><W71/><G71/><T52/><D52/><N who="1" m="29783" /><E76/><V45/><F45/><W64/><G64/><T84/><D84/><U134/><E134/><V26/><F26/><W130/><G130/><T20/><D20/><U107/><E107/><V73/><F78/><W40/><G40/><T98/><D98/><U54/><E54/><V66/><F53/><W135/><G135/><T115/><D115/><U105/><E105/><V11/><F77/><W97/><G97/><T127/><D127/><U110/><E110/><V121/><F121/><W95/><G95/><T109/><D109/><U96/><E96/><V14/><F66/><W47/><G47/><T51/><D51/><U60/><E60/><V80/><F63/><N who="3" m="36351" /><G35/><T36/><D36/><U118/><E118/><AGARI ba="0,0" hai="16,18,19,82,83,116,118,119" m="34826,38953" machi="118" ten="40,5200,0" yaku="28,2,54,1" doraHai="48" who="0" fromWho="1" sc="240,52,234,-52,327,0,199,0" owari="292,9.2,182,-31.8,327,42.7,199,-20.1" /></mjloggm>