<mjloggm ver="2.3"><GO type="225" lobby="0"/><UN n0="%E3%81%8A%E3%81%8B%E3%81%8F%E3%82%89" n1="%E3%81%82%E3%81%99%E3%81%AB%E3%82%83%E3%82%80" n2="%E9%80%86%E9%80%A3%E5%B8%AF%E3%81%AE%E9%AC%BC" n3="%E3%81%A1%E3%82%85%E3%81%86%E3%81%A9%E3%81%8F%E8%B1%A1%E3%81%95%E3%82%93" dan="16,16,16,17" rate="2068.20,2085.81,2129.17,2186.61" sx="M,F,M,M"/><TAIKYOKU oya="0"/><INIT seed="0,0,0,5,0,7" ten="250,250,250,250" oya="0" hai0="0,53,73,130,41,26,20,43,39,74,65,66,8" hai1="70,105,18,28,25,2,103,30,117,36,15,126,45" hai2="58,33,35,112,23,83,78,93,3,16,110,60,121" hai3="59,48,113,51,75,129,122,71,50,104,69,21,127"/><T119/><D119/><U97/><E117/><V91/><F121/><W77/><G104/><T108/><D130/><U44/><E2/><V22/><F110/><W79/><G113/><T55/><D108/><U134/><E126/><V57/><F112/><W128/><G59/><T56/><D53/><U107/><E107/><V102/><F3/><W27/><G127/><T131/><D131/><N who="3" m="50249" /><G122/><T76/><D66/><U88/><E134/><V92/><F102/><W64/><G64/><T47/><D65/><U125/><E70/><N who="3" m="26634" /><G75/><T95/><D43/><U63/><E125/><V124/><F124/><W62/><G62/><T54/><D54/><U37/><E63/><V61/><F91/><W96/><G96/><T123/><D123/><U9/><E88/><V46/><F46/><W68/><N who="3" m="26642" /><W32/><DORA hai="34" /><G32/><T38/><D73/><U72/><E72/><V86/><F35/><W118/><G118/><T116/><D74/><U6/><E45/><V40/><F33/><W87/><G87/><T89/><D116/><U24/><E44/><V29/><F40/><W12/><G12/><T52/><D56/><U13/><E37/><V98/><F58/><W1/><G1/><T90/><D38/><U17/><E36/><V42/><F42/><W85/><G85/><N who="0" m="52655" /><D90/><U101/><E103/><V99/><F99/><W10/><G10/><T115/><D115/><U5/><E25/><N who="2" m="16567" /><F61/><W120/><G120/><T132/><D0/><U106/><E106/><V14/><F98/><W31/><AGARI ba="0,0" hai="21,27,31,48,50,51,77,79" m="26642,50249" machi="31" ten="50,1600,0" yaku="19,1" doraHai="7,34" who="3" fromWho="3" sc="250,-8,250,-4,250,-4,250,16" /><INIT seed="1,0,0,0,1,105" ten="242,246,246,266" oya="1" hai0="31,108,113,53,118,120,79,41,22,20,86,49,84" hai1="78,28,132,110,135,40,55,91,121,107,116,29,14" hai2="114,34,103,67,89,119,5,36,93,54,74,26,35" hai3="65,90,85,30,131,19,15,9,126,7,23,117,82"/><U112/><E112/><V125/><F119/><W72/><G117/><T0/><D0/><U106/><E116/><V1/><F125/><W71/><G126/><T101/><D108/><U75/><E121/><V123/><F114/><W33/><G131/><T32/><D113/><U129/><E129/><V37/><F103/><W66/><G71/><T99/><D41/><U13/><E40/><V94/><F67/><W4/><G4/><T80/><D120/><U87/><E110/><V56/><F74/><W3/><REACH who="3" step="1"/><G72/><REACH who="3" ten="242,246,246,256" step="2"/><T102/><D118/><U68/><E68/><V16/><F5/><W50/><G50/><T46/><D49/><U51/><E51/><V58/><F123/><W100/><G100/><T48/><D102/><U133/><E107/><V111/><F111/><W60/><G60/><T52/><D101/><U76/><E106/><V124/><F124/><W115/><G115/><T77/><D48/><U73/><E55/><V64/><F54/><W62/><G62/><T70/><D52/><U24/><E73/><V83/><F37/><W69/><G69/><T104/><D53/><U47/><E75/><V92/><F36/><W21/><G21/><T45/><D20/><N who="1" m="15367" /><E47/><V96/><F58/><W95/><G95/><T109/><D45/><U8/><E8/><V6/><F93/><W130/><G130/><T18/><D46/><U122/><E122/><V128/><F94/><W2/><G2/><T44/><D44/><U43/><E43/><V81/><F128/><W57/><G57/><T98/><D104/><U25/><E135/><V12/><F56/><W59/><G59/><RYUUKYOKU ba="0,1" sc="242,-10,246,-10,246,-10,256,30" hai3="3,7,9,15,19,23,30,33,65,66,82,85,90" /><INIT seed="2,1,1,0,1,134" ten="232,236,236,286" oya="2" hai0="135,111,61,114,79,83,29,72,43,129,53,42,20" hai1="85,112,38,88,45,71,33,23,104,99,73,17,49" hai2="6,117,35,10,68,65,62,36,18,82,28,110,123" hai3="15,51,80,118,132,94,39,126,55,8,93,9,2"/><V19/><F117/><W60/><G118/><T87/><D111/><U5/><E33/><V47/><F123/><W27/><G39/><T100/><D135/><U13/><E73/><V58/><F110/><W127/><G132/><T26/><D129/><U24/><E112/><V66/><F66/><W96/><G60/><T14/><D114/><U122/><E71/><V74/><F68/><W70/><G70/><T81/><D100/><U121/><E38/><V59/><F59/><W56/><G80/><T77/><REACH who="0" step="1"/><D14/><REACH who="0" ten="222,236,236,286" step="2"/><U124/><E13/><V90/><F74/><W41/><G15/><T91/><D91/><U131/><E131/><V76/><F90/><W89/><G2/><T63/><D63/><U92/><E121/><V75/><F62/><W108/><G108/><T115/><D115/><U30/><E122/><V16/><F75/><W64/><G64/><T107/><D107/><U34/><E104/><V101/><F65/><W25/><G94/><T32/><D32/><U78/><E34/><V86/><F35/><W106/><G106/><T54/><D54/><U130/><E130/><V1/><F101/><W0/><G41/><T105/><D105/><U103/><E103/><V125/><F1/><W69/><G69/><T11/><D11/><N who="3" m="4169" /><G0/><T95/><D95/><U133/><E133/><V84/><F10/><W50/><G50/><T12/><D12/><U113/><E113/><V44/><F36/><W7/><G7/><T3/><D3/><U116/><E5/><V4/><F6/><W22/><G22/><T48/><D48/><U120/><E49/><V119/><F4/><RYUUKYOKU ba="1,2" sc="222,15,236,-15,236,-15,286,15" hai0="20,26,29,42,43,53,61,72,77,79,81,83,87" hai3="25,27,51,55,56,89,93,96,126,127" /><INIT seed="3,2,2,4,1,79" ten="237,221,221,301" oya="3" hai0="124,135,106,37,121,132,81,36,34,5,127,46,94" hai1="111,47,78,69,107,93,83,53,73,9,30,18,86" hai2="90,60,45,10,122,133,89,35,108,85,41,99,32" hai3="1,105,110,19,48,25,92,82,14,20,104,56,42"/><W17/><G1/><T16/><D106/><U80/><E111/><V67/><F122/><W38/><G38/><N who="0" m="14955" /><D121/><U21/><E69/><V95/><F108/><W50/><G110/><T49/><D5/><U77/><E107/><V87/><F133/><N who="0" m="51274" /><D34/><U120/><E120/><V134/><F134/><W103/><G50/><T12/><D94/><U40/><E93/><V64/><F10/><W118/><G118/><T54/><D81/><U65/><E65/><V74/><F74/><W114/><G82/><T115/><D115/><U75/><E86/><V59/><F67/><W58/><G104/><T126/><D124/><U71/><E71/><V113/><F113/><W27/><G105/><T117/><D117/><U109/><E109/><V63/><F63/><W98/><G25/><T2/><D2/><U123/><E123/><V11/><F11/><AGARI ba="2,2" hai="11,12,16,46,49,54,126,127" m="51274,14955" machi="11" ten="30,2000,0" yaku="20,1,54,1" doraHai="79" who="0" fromWho="2" sc="237,46,221,0,221,-26,301,0" owari="283,8.3,221,-17.9,195,-30.5,301,40.1" /></mjloggm>