<mjloggm ver="2.3"><GO type="225" lobby="0"/><UN n0="%E3%81%82%E3%81%99%E3%81%AB%E3%82%83%E3%82%80" n1="%E9%80%9F%E6%B0%B4%E5%87%9B%E9%A6%99" n2="%4E%49%4A%49%49%52%4F" n3="%E3%81%AF%E3%82%88%E3%81%8A%E3%81%98%E3%81%95%E3%82%93" dan="16,16,16,16" rate="2020.85,2050.42,2172.61,2158.62" sx="F,F,M,M"/><TAIKYOKU oya="0"/><INIT seed="0,0,0,1,4,23" ten="250,250,250,250" oya="0" hai0="10,57,21,117,122,75,98,15,1,60,71,3,27" hai1="37,131,96,126,127,82,114,83,133,47,4,76,102" hai2="30,85,52,77,64,45,5,51,24,106,41,29,44" hai3="31,58,81,9,7,8,33,67,115,26,20,72,50"/><T113/><D113/><U40/><E114/><V11/><F106/><W78/><G115/><T112/><D112/><U135/><E4/><V109/><F64/><W69/><G69/><T110/><D117/><U65/><E65/><V111/><F77/><W70/><G70/><T63/><D122/><U46/><E46/><V121/><F121/><W105/><G105/><T55/><D75/><N who="1" m="43295" /><E83/><V129/><F85/><W53/><G67/><T120/><D120/><U25/><E25/><V132/><F132/><N who="1" m="50761" /><E131/><V38/><F129/><W89/><G89/><T12/><D110/><N who="2" m="41994" /><F24/><W93/><G93/><AGARI ba="0,0" hai="37,40,47,93,96,102,126,127" m="50761,43295" machi="93" ten="30,1000,0" yaku="20,1" doraHai="23" who="1" fromWho="3" sc="250,0,250,10,250,0,250,-10" /><INIT seed="1,0,0,1,0,108" ten="250,260,250,240" oya="1" hai0="129,84,97,46,54,55,112,121,82,34,45,16,79" hai1="127,29,42,65,75,56,89,31,19,0,23,63,12" hai2="10,135,60,39,73,18,81,85,130,87,44,38,26" hai3="95,111,61,50,9,105,30,22,91,131,36,133,58"/><U4/><E75/><V27/><F135/><W114/><G105/><T107/><D112/><U67/><E127/><V66/><F130/><W103/><G114/><T104/><D129/><U126/><E126/><V40/><F38/><W43/><G36/><T11/><D34/><U77/><E77/><V93/><F93/><W120/><G120/><T2/><D2/><U125/><E125/><V122/><F122/><W116/><G131/><T25/><D121/><U64/><E42/><V110/><F110/><W72/><G72/><T51/><D97/><U8/><REACH who="1" step="1"/><E89/><REACH who="1" ten="250,250,250,240" step="2"/><V3/><F73/><W83/><G91/><T124/><D124/><U102/><E102/><V17/><F40/><W33/><G43/><T69/><D107/><U90/><E90/><V15/><F39/><W113/><G103/><T68/><D104/><U98/><E98/><V21/><F85/><W117/><G111/><T62/><D79/><U53/><AGARI ba="0,1" hai="0,4,8,12,19,23,29,31,53,56,63,64,65,67" machi="53" ten="30,3000,0" yaku="1,1,0,1,53,0" doraHai="108" doraHaiUra="74" who="1" fromWho="1" sc="250,-10,250,40,250,-10,240,-10" /><INIT seed="1,1,0,0,3,86" ten="240,290,240,230" oya="1" hai0="74,28,108,118,89,53,120,76,91,21,71,29,23" hai1="85,44,82,25,56,73,19,95,113,47,83,84,65" hai2="96,31,119,42,94,121,17,75,3,0,52,124,127" hai3="32,103,43,122,18,49,57,15,101,80,109,7,36"/><U38/><E113/><V8/><F119/><W6/><G122/><T106/><D118/><U69/><E69/><V77/><F121/><W117/><G32/><T111/><D120/><U39/><E73/><V70/><F42/><W114/><G114/><T54/><D106/><U123/><E95/><V99/><F70/><W134/><G117/><T48/><D71/><U132/><E132/><V129/><F129/><W37/><G134/><T45/><D76/><N who="1" m="46151" /><E38/><V128/><F31/><N who="0" m="11850" /><D54/><U116/><E39/><V30/><F128/><W130/><G109/><N who="0" m="42059" /><D74/><U93/><E93/><V64/><F64/><W72/><G37/><T135/><D135/><U12/><E25/><V115/><F30/><W22/><G36/><T90/><AGARI ba="1,0" hai="21,23,45,48,53,89,90,91" m="42059,11850" machi="90" ten="40,8000,1" yaku="14,1,52,3" doraHai="86" who="0" fromWho="0" sc="240,83,290,-41,240,-21,230,-21" /><INIT seed="2,0,0,0,1,128" ten="323,249,219,209" oya="2" hai0="116,98,117,69,10,82,131,65,81,60,38,0,7" hai1="53,57,76,129,54,18,49,24,46,48,43,95,72" hai2="11,80,3,99,39,78,22,105,68,4,112,31,37" hai3="17,102,52,8,28,6,79,41,15,115,62,84,123"/><V30/><F112/><W64/><G123/><T100/><D131/><U40/><E129/><V35/><F68/><W63/><G115/><T91/><D38/><U13/><E24/><V70/><F70/><W9/><G41/><T66/><D66/><U109/><E109/><V33/><F22/><W120/><G120/><T135/><D135/><U73/><E76/><V45/><F30/><W133/><G133/><T59/><D69/><U71/><E71/><V29/><F29/><W97/><G28/><T61/><D61/><U107/><E107/><V86/><F31/><W36/><G36/><T83/><REACH who="0" step="1"/><D91/><REACH who="0" ten="313,249,219,209" step="2"/><U14/><E73/><N who="2" m="43087" /><F37/><W90/><G64/><T23/><D23/><U134/><E72/><V50/><F50/><W75/><G75/><T124/><D124/><U114/><E134/><V108/><F108/><W92/><G62/><T77/><D77/><U58/><E114/><V5/><F35/><W111/><G79/><T25/><D25/><U113/><E113/><V125/><F33/><W47/><G111/><T93/><AGARI ba="0,1" hai="0,7,10,59,60,65,81,82,83,93,98,100,116,117" machi="93" ten="30,2000,0" yaku="1,1,0,1,53,0" doraHai="128" doraHaiUra="74" who="0" fromWho="0" sc="313,30,249,-5,219,-10,209,-5" /><INIT seed="3,0,0,3,3,132" ten="343,244,209,204" oya="3" hai0="122,68,117,84,25,35,56,77,83,75,30,73,103" hai1="101,110,13,85,111,18,118,27,66,131,63,93,47" hai2="130,45,17,114,41,121,48,4,124,59,123,38,71" hai3="28,108,54,2,70,33,106,19,104,87,40,78,80"/><W12/><G2/><T46/><D68/><U53/><E131/><V34/><F34/><W24/><G108/><N who="1" m="41514" /><E27/><V14/><F114/><W51/><G40/><T79/><D117/><U74/><E74/><V67/><F130/><W129/><G70/><T134/><D134/><U60/><E118/><V20/><F4/><W72/><G72/><T69/><D69/><U6/><E6/><V26/><F26/><W133/><G133/><T76/><D103/><U32/><E32/><V96/><F96/><W91/><G78/><T15/><D122/><U23/><E66/><V21/><F21/><W43/><G43/><T62/><D46/><U44/><E101/><V5/><F5/><W94/><G129/><T57/><D57/><N who="1" m="34863" /><E63/><N who="2" m="40447" /><F124/><W49/><G94/><T89/><D15/><U116/><E116/><V1/><F1/><W109/><G109/><T86/><D86/><U50/><E50/><V82/><F82/><W95/><G49/><T98/><D98/><U64/><E64/><V0/><F0/><W39/><G39/><T36/><D36/><U119/><E119/><V11/><F11/><N who="3" m="6559" /><G95/><T99/><D99/><U88/><AGARI ba="0,0" hai="13,18,23,44,47,85,88,93" m="34863,41514" machi="88" ten="30,2000,0" yaku="14,1,54,1" doraHai="132" who="1" fromWho="1" sc="343,-5,244,20,209,-5,204,-10" owari="338,43.8,264,6.4,204,-19.6,194,-30.6" /></mjloggm>