<mjloggm ver="2.3"><GO type="225" lobby="0"/><UN n0="%E3%81%A9%E3%82%8F%E3%82%93%E3%81%94" n1="%E3%83%97%E3%83%92" n2="%E6%A1%9C%E8%8A%B1%E9%96%83%E3%80%85" n3="%E3%83%99%E3%83%AB%E3%83%A2%E3%83%83%E3%83%88" dan="16,17,16,16" rate="2074.10,2151.62,2108.99,2073.95" sx="M,M,M,M"/><TAIKYOKU oya="0"/><INIT seed="0,0,0,3,4,34" ten="250,250,250,250" oya="0" hai0="126,135,64,51,100,104,118,38,108,84,56,68,4" hai1="105,132,49,121,3,120,107,39,40,133,5,30,32" hai2="26,65,125,43,79,21,92,45,95,77,131,22,20" hai3="54,97,116,76,59,50,57,1,48,16,52,33,11"/><T19/><D118/><U28/><E49/><N who="2" m="26815" /><F131/><W111/><G33/><T66/><D38/><U70/><E70/><V15/><F125/><W31/><G31/><T58/><D104/><N who="1" m="40011" /><E40/><V36/><F36/><W102/><G111/><T129/><D100/><U81/><E39/><V119/><F119/><W9/><G76/><N who="2" m="29257" /><F65/><W91/><G116/><T83/><D68/><U74/><E81/><V96/><F15/><W75/><G75/><T90/><D66/><U80/><E80/><V24/><F95/><W6/><G91/><AGARI ba="0,0" hai="20,21,22,24,26,91,92,96" m="29257,26815" machi="91" ten="30,1000,0" yaku="8,1" doraHai="34" who="2" fromWho="3" sc="250,0,250,0,250,10,250,-10" /><INIT seed="1,0,0,0,1,101" ten="250,250,260,240" oya="1" hai0="127,64,48,15,37,41,114,18,43,113,102,7,17" hai1="109,21,97,58,79,92,125,65,68,26,72,36,34" hai2="42,94,14,106,35,85,30,126,0,75,32,121,96" hai3="88,111,74,98,108,44,51,11,89,29,19,116,91"/><U10/><E36/><V132/><F0/><W54/><G74/><T2/><D37/><U47/><E68/><V63/><F75/><W81/><G29/><T5/><D64/><U110/><E34/><V22/><F121/><W55/><G81/><T46/><D2/><U100/><E125/><V25/><F126/><W16/><G98/><T56/><D127/><U117/><E117/><V39/><F132/><W24/><G116/><T103/><D56/><U80/><E10/><V52/><F85/><W45/><G24/><T104/><D48/><U57/><E47/><V8/><F106/><W77/><G77/><T120/><D15/><U107/><E92/><V130/><F130/><W95/><G95/><T112/><D112/><U133/><E133/><V129/><F42/><W83/><G83/><T6/><D6/><U61/><REACH who="1" step="1"/><E58/><REACH who="1" ten="250,240,260,240" step="2"/><V50/><F39/><W31/><G11/><T49/><D46/><U131/><E131/><V71/><F71/><W84/><G45/><T40/><D43/><U59/><E59/><N who="2" m="33175" /><F35/><W73/><G44/><T28/><D120/><U70/><E70/><V76/><F32/><W119/><G119/><T78/><D41/><U69/><E69/><V67/><F8/><W1/><G54/><T115/><D40/><U134/><E134/><V86/><F94/><W33/><G33/><T99/><D115/><U82/><E82/><V66/><F129/><W12/><G55/><T118/><D114/><U62/><E62/><V20/><F63/><W122/><G122/><T90/><D113/><U53/><E53/><V3/><F67/><W128/><G128/><RYUUKYOKU ba="0,1" sc="250,-10,240,30,260,-10,240,-10" hai1="21,26,57,61,65,72,79,80,97,100,107,109,110" /><INIT seed="1,1,1,0,3,101" ten="240,270,250,230" oya="1" hai0="38,91,65,121,48,74,118,79,131,78,26,77,80" hai1="37,49,43,39,113,40,114,133,108,16,0,10,119" hai2="62,98,117,85,25,19,29,126,120,109,130,22,53" hai3="106,86,5,13,82,68,55,69,58,122,107,42,135"/><U60/><E119/><V87/><F120/><W81/><G122/><T112/><D38/><U88/><E133/><V73/><F117/><W15/><G42/><T93/><D112/><U52/><E108/><V66/><F109/><W110/><G110/><T14/><D121/><U132/><E132/><V6/><F126/><W3/><G3/><T70/><D118/><U123/><E123/><V21/><F130/><W46/><G46/><T97/><D131/><U64/><E37/><V71/><F73/><W129/><G129/><T100/><D26/><U47/><E0/><V90/><F6/><W54/><G5/><T94/><D48/><U33/><E33/><V57/><F71/><W50/><G86/><N who="0" m="50631" /><D14/><N who="1" m="7255" /><E40/><V24/><F66/><W99/><G99/><N who="0" m="59503" /><D65/><U116/><E116/><V44/><F44/><W102/><G102/><N who="0" m="60727" /><D70/><N who="1" m="42247" /><E88/><V20/><F20/><W67/><G67/><T115/><D115/><U51/><E51/><V41/><F41/><W83/><G135/><T23/><D23/><U111/><E111/><V134/><F134/><W104/><G55/><T28/><D28/><U9/><E9/><V59/><F59/><AGARI ba="1,1" hai="39,43,47,49,52,59,113,114" m="42247,7255" machi="59" ten="30,5800,0" yaku="24,1,54,2" doraHai="101" who="1" fromWho="2" sc="240,0,270,71,250,-61,230,0" /><INIT seed="1,2,0,3,0,3" ten="240,341,189,230" oya="1" hai0="33,28,121,42,45,64,112,73,52,17,15,34,57" hai1="87,47,72,116,122,86,53,109,39,35,56,132,36" hai2="84,54,21,0,71,77,89,11,99,31,74,12,79" hai3="40,102,92,22,117,61,59,103,111,5,94,123,18"/><U118/><E122/><V6/><F74/><W70/><G70/><T9/><D112/><U133/><E72/><V75/><F75/><W98/><G111/><T101/><D121/><U91/><E35/><V119/><F119/><N who="1" m="45609" /><E87/><V130/><F130/><W126/><G126/><T13/><D73/><U24/><E24/><N who="2" m="16783" /><F0/><W67/><G117/><T88/><D64/><U128/><E86/><V23/><F71/><W105/><G123/><T85/><D101/><U76/><E91/><V25/><F54/><W134/><G134/><N who="1" m="51818" /><E76/><V96/><F79/><W108/><G108/><T82/><D28/><U29/><E29/><N who="2" m="17599" /><F77/><W60/><G105/><T114/><D114/><U55/><E109/><V83/><AGARI ba="2,0" hai="6,11,12,83,84,89,96,99" m="17599,16783" machi="83" ten="30,2000,0" yaku="8,1,52,1" doraHai="3" who="2" fromWho="2" sc="240,-7,341,-12,189,26,230,-7" /><INIT seed="2,0,0,3,5,102" ten="233,329,215,223" oya="2" hai0="53,0,65,62,101,81,116,112,86,26,72,118,129" hai1="92,18,31,6,48,24,5,130,105,42,11,93,8" hai2="55,33,135,75,133,87,1,110,4,38,99,121,14" hai3="70,64,124,76,114,96,126,74,108,34,37,107,56"/><V90/><F121/><W43/><G108/><T82/><D112/><U125/><E105/><V80/><F1/><W21/><G21/><T59/><D0/><U7/><E125/><N who="3" m="48234" /><G56/><T16/><D129/><U41/><E130/><V3/><F3/><W111/><G111/><T28/><D72/><U50/><E18/><V19/><F110/><W68/><G64/><T51/><D101/><U97/><E24/><V131/><F4/><W85/><G85/><T106/><D106/><U54/><E97/><V73/><F131/><W45/><G34/><T84/><D28/><U128/><E128/><V91/><F38/><W32/><G32/><T27/><D86/><U115/><E31/><V29/><F55/><W60/><G60/><T100/><D100/><U30/><E30/><V25/><F91/><W109/><G109/><T13/><D118/><U17/><E17/><V36/><F36/><W122/><G122/><T134/><D116/><U94/><E115/><V77/><F99/><W88/><G114/><T12/><D84/><U39/><E39/><V95/><REACH who="2" step="1"/><F73/><REACH who="2" ten="233,329,205,223" step="2"/><W23/><G88/><T49/><D53/><U71/><E54/><V117/><F117/><W9/><G37/><T67/><D51/><N who="1" m="19499" /><E71/><V63/><F63/><W83/><G68/><T104/><D49/><U127/><E127/><V57/><F57/><W35/><G70/><T20/><D59/><U120/><E120/><V52/><F52/><W10/><G96/><T47/><D62/><U46/><E46/><V123/><F123/><W66/><G45/><T89/><D47/><U69/><E69/><V61/><F61/><RYUUKYOKU ba="0,1" sc="233,-15,329,15,205,15,223,-15" hai1="5,6,7,8,11,41,42,92,93,94" hai2="14,19,25,29,33,75,77,80,87,90,95,133,135" /><INIT seed="2,1,1,3,5,100" ten="218,344,220,208" oya="2" hai0="9,126,17,94,24,117,72,35,105,25,119,40,109" hai1="83,65,91,6,69,13,122,129,32,15,38,135,131" hai2="71,110,125,7,103,63,61,130,41,43,28,57,55" hai3="42,59,132,123,50,133,93,86,68,5,12,66,112"/><V108/><F28/><W29/><G123/><T101/><D72/><U3/><E32/><V99/><F7/><W73/><G73/><T102/><D40/><U95/><E38/><V49/><F125/><W45/><G29/><T53/><D126/><U84/><E135/><N who="3" m="51786" /><G112/><T0/><D105/><U11/><E122/><V10/><F10/><N who="3" m="4175" /><G86/><T47/><D35/><U89/><E65/><N who="2" m="41407" /><F130/><N who="1" m="49673" /><E69/><V76/><F76/><W51/><G93/><T67/><D0/><U104/><E104/><N who="2" m="63615" /><F61/><N who="3" m="38207" /><G68/><T30/><D30/><U78/><E91/><V75/><F75/><AGARI ba="1,1" hai="3,6,11,13,15,75,78,83,84,89,95" m="49673" machi="75" ten="30,1000,0" yaku="19,1" doraHai="100" who="1" fromWho="2" sc="218,0,344,23,220,-13,208,0" /><INIT seed="3,0,0,0,0,104" ten="218,367,207,208" oya="3" hai0="98,85,70,3,122,25,96,109,50,26,128,13,114" hai1="130,103,62,31,61,17,20,42,18,66,92,99,134" hai2="64,87,48,27,45,84,125,131,133,9,77,14,43" hai3="24,28,73,89,74,33,40,58,49,115,53,135,76"/><W11/><G115/><T19/><D122/><U7/><E130/><V94/><F131/><W4/><G76/><T22/><D109/><U126/><E134/><V81/><F133/><W110/><G135/><T41/><D70/><U82/><E126/><V75/><F125/><W108/><G89/><T97/><D3/><U16/><E7/><V60/><F27/><W5/><G40/><T127/><D114/><U72/><E42/><V30/><F30/><W69/><G69/><T83/><D128/><U29/><E20/><V44/><F44/><W47/><G5/><T51/><D127/><U0/><E0/><V34/><F94/><W52/><G108/><T112/><D112/><U121/><E62/><V88/><F88/><W113/><G113/><T117/><D117/><U102/><E103/><V1/><F34/><W78/><G78/><N who="0" m="46327" /><D41/><U8/><E8/><V55/><F43/><W35/><G35/><T12/><D26/><U68/><E121/><V46/><F46/><W2/><G110/><T90/><D90/><U118/><E118/><V37/><F37/><W6/><G6/><T91/><D91/><U106/><E106/><V65/><F1/><W116/><G116/><T39/><D39/><U79/><AGARI ba="0,0" hai="16,17,18,29,31,61,66,68,72,79,82,92,99,102" machi="79" ten="30,4000,0" yaku="0,1,52,1,54,1" doraHai="104" who="1" fromWho="1" sc="218,-10,367,40,207,-10,208,-20" owari="208,0.8,407,50.7,197,-20.3,188,-31.2" /></mjloggm>