<mjloggm ver="2.3"><GO type="225" lobby="0"/><UN n0="%E7%89%B9%E6%9D%B1%E3%81%AF%E4%B8%96%E7%95%8C%E3%82%92%E6%95%91%E3%81%86" n1="%4B%2E%32%2E%4B%2E" n2="%E8%90%BD%E6%97%A5" n3="%E3%83%B4%E3%83%A0%EF%BC%99%E3%81%A6" dan="16,16,16,16" rate="2181.71,2151.27,2137.51,2104.74" sx="M,M,F,M"/><TAIKYOKU oya="0"/><INIT seed="0,0,0,3,0,15" ten="250,250,250,250" oya="0" hai0="59,68,112,12,104,20,102,51,58,100,99,41,107" hai1="114,86,27,18,47,55,50,123,132,10,13,89,56" hai2="85,17,2,48,108,64,80,126,121,115,39,79,24" hai3="101,52,98,129,22,0,133,72,32,61,31,4,44"/><T122/><D112/><U9/><E132/><V77/><F121/><W93/><G32/><T78/><D68/><U118/><E114/><V103/><F39/><W128/><G133/><T69/><D69/><U34/><E123/><V11/><F115/><W60/><G72/><T120/><D78/><U21/><E118/><V62/><F108/><W87/><G0/><T3/><D3/><U46/><E34/><V28/><F126/><W117/><G4/><T106/><D41/><U131/><E131/><V73/><F103/><W40/><G117/><T111/><D111/><U95/><REACH who="1" step="1"/><E9/><REACH who="1" ten="250,240,250,250" step="2"/><V38/><F11/><W5/><G129/><T67/><D122/><U109/><E109/><V37/><F73/><W45/><G128/><T53/><D120/><U135/><E135/><V83/><F2/><W91/><G5/><AGARI ba="0,1" hai="5,10,13,18,21,27,46,47,50,55,56,86,89,95" machi="5" ten="30,7700,0" yaku="1,1,7,1,8,1,52,1,53,0" doraHai="15" doraHaiUra="97" who="1" fromWho="3" sc="250,0,240,87,250,0,250,-77" /><INIT seed="1,0,0,2,3,111" ten="250,327,250,173" oya="1" hai0="103,17,102,10,2,15,55,100,93,12,24,41,23" hai1="44,91,70,43,90,13,1,19,0,107,48,37,38" hai2="40,74,50,124,6,67,115,94,22,28,16,84,76" hai3="83,62,39,11,110,59,97,132,86,131,29,52,79"/><U32/><E107/><V121/><F121/><W18/><G110/><T125/><D125/><U27/><E70/><V61/><F124/><W33/><G39/><T80/><D41/><U3/><E32/><V128/><F74/><W89/><G131/><T56/><D2/><U42/><E27/><V66/><F128/><W45/><G132/><T25/><D80/><U64/><E64/><V82/><F28/><W81/><G45/><T53/><D93/><U106/><E106/><V108/><F108/><W78/><G97/><T126/><D126/><U88/><REACH who="1" step="1"/><E43/><REACH who="1" ten="250,317,250,173" step="2"/><V99/><F66/><W116/><G116/><T72/><D55/><U105/><E105/><V77/><F67/><W101/><G101/><T8/><D25/><U120/><E120/><V87/><F40/><W71/><G71/><T134/><D24/><U63/><E63/><V30/><F61/><W104/><G104/><T35/><D35/><U96/><E96/><V7/><F99/><W73/><G33/><T5/><D103/><U127/><E127/><V135/><F135/><W119/><G119/><T117/><D117/><U69/><E69/><V68/><F68/><W130/><G130/><T9/><D134/><U57/><E57/><V58/><F58/><W98/><G98/><T60/><D102/><U75/><E75/><V21/><F84/><W129/><G129/><T133/><D133/><U46/><E46/><V85/><F85/><W26/><G29/><T118/><D118/><U123/><E123/><V4/><F30/><W49/><G62/><T47/><D100/><U112/><E112/><V14/><F115/><RYUUKYOKU ba="0,1" sc="250,-10,317,30,250,-10,173,-10" hai1="0,1,3,13,19,37,38,42,44,48,88,90,91" /><INIT seed="1,1,1,2,0,42" ten="240,347,240,163" oya="1" hai0="6,36,41,92,89,33,82,130,91,17,27,109,126" hai1="98,83,115,2,48,52,116,112,0,123,8,11,102" hai2="72,125,117,5,32,78,96,108,45,67,127,18,124" hai3="64,104,38,20,53,28,85,101,134,122,43,21,107"/><U88/><E116/><V13/><F117/><W14/><G122/><T84/><D109/><U54/><E123/><V3/><F108/><W86/><G134/><T97/><D130/><U37/><E37/><V119/><F119/><W131/><G131/><T87/><D126/><U16/><E83/><N who="2" m="45511" /><F32/><W100/><G64/><T76/><D6/><U132/><E132/><V133/><F133/><W110/><G110/><T29/><D17/><U60/><E2/><V128/><F128/><W95/><G95/><T77/><REACH who="0" step="1"/><D97/><REACH who="0" ten="230,347,240,163" step="2"/><U30/><E98/><V69/><F5/><W46/><G14/><T118/><D118/><U135/><E135/><V19/><F3/><W23/><G28/><T65/><D65/><U40/><E30/><V1/><F1/><W74/><G74/><T4/><D4/><U94/><E0/><V61/><F96/><W79/><G85/><T15/><D15/><U31/><E16/><N who="2" m="6187" /><F13/><W80/><REACH who="3" step="1"/><G53/><REACH who="3" ten="230,347,240,153" step="2"/><T10/><D10/><U63/><E54/><V35/><F35/><W25/><G25/><T120/><D120/><U34/><E11/><V56/><F69/><W70/><G70/><T105/><D105/><AGARI ba="1,3" hai="20,21,23,38,43,46,79,80,86,100,101,104,105,107" machi="105" ten="40,2600,0" yaku="1,1,52,1,53,0" doraHai="42" doraHaiUra="44" who="3" fromWho="0" sc="230,-29,347,0,240,0,153,59" /><INIT seed="2,0,0,5,4,110" ten="201,347,240,212" oya="2" hai0="109,123,98,75,119,61,113,131,65,74,49,19,125" hai1="44,62,132,41,66,121,54,39,108,90,64,17,3" hai2="117,103,72,52,73,100,88,42,106,94,57,97,5" hai3="16,71,11,67,12,29,40,84,6,130,34,2,46"/><V50/><F117/><W78/><G130/><T68/><D123/><U99/><E3/><V55/><F42/><W26/><G71/><T18/><D113/><U95/><E108/><V101/><F106/><W135/><G135/><T15/><D109/><U8/><E132/><V13/><F5/><W60/><G84/><T83/><D131/><U35/><E35/><V28/><F28/><W27/><G78/><T63/><D119/><U120/><E54/><V118/><F118/><W80/><G80/><T105/><D125/><U0/><E66/><V127/><F127/><W116/><G116/><T31/><D63/><U77/><E77/><V102/><N who="2" m="25600" /><DORA hai="85" /><V122/><F122/><N who="1" m="47209" /><E17/><V59/><REACH who="2" step="1"/><F13/><REACH who="2" ten="201,347,230,212" step="2"/><W24/><G29/><T38/><D105/><U92/><E41/><V114/><F114/><W89/><G40/><T48/><D31/><U79/><E0/><V43/><F43/><W53/><G2/><T129/><D129/><U82/><E39/><V37/><F37/><W91/><G6/><T10/><D38/><U96/><E44/><V4/><F4/><W20/><G46/><T14/><D14/><U126/><E126/><V115/><F115/><W104/><G104/><T81/><D15/><U32/><E32/><V87/><F87/><W128/><G34/><T69/><D75/><U23/><E99/><V47/><F47/><W36/><G36/><T86/><D98/><U7/><E96/><V21/><F21/><W45/><G128/><T22/><D74/><U25/><E23/><V112/><F112/><W133/><G133/><T93/><D22/><U70/><E7/><RYUUKYOKU ba="0,1" sc="201,-10,347,-10,230,30,212,-10" hai2="50,52,55,57,59,72,73,88,94,97" /><INIT seed="2,1,1,2,3,110" ten="191,337,260,202" oya="2" hai0="15,89,102,85,112,113,63,47,133,98,134,124,24" hai1="32,37,66,135,18,12,5,14,58,101,35,40,46" hai2="28,74,125,54,42,95,99,105,84,80,128,2,73" hai3="26,115,78,43,22,82,3,49,7,109,100,21,94"/><V65/><F2/><W123/><G123/><T90/><D124/><U119/><E119/><V59/><F125/><W111/><G3/><T33/><D15/><U67/><E135/><N who="0" m="51721" /><D47/><U11/><E101/><V17/><F128/><W19/><G7/><T8/><D8/><U75/><E75/><V0/><F0/><W51/><G22/><T6/><D6/><U48/><E67/><V132/><F132/><W16/><G19/><T97/><D63/><U57/><E57/><V72/><F65/><W127/><G127/><T122/><D122/><U106/><E106/><V71/><F71/><W126/><G126/><T76/><D76/><U30/><E30/><V45/><F105/><W55/><G43/><T27/><D90/><U36/><E36/><V23/><F28/><W1/><G1/><T129/><D129/><U86/><E86/><V131/><F131/><W52/><G49/><T53/><D53/><U70/><E70/><V20/><F17/><W96/><G55/><T79/><D79/><U81/><E37/><V41/><F41/><W38/><G38/><T61/><D61/><U29/><E29/><V108/><F108/><N who="3" m="41547" /><G52/><T120/><D120/><U130/><E130/><V116/><F116/><W31/><G51/><T87/><D33/><N who="1" m="12875" /><E66/><V121/><F121/><W92/><G31/><T60/><D60/><U64/><E64/><V13/><F13/><W50/><G50/><T4/><D4/><U56/><E81/><V77/><F54/><W107/><G82/><N who="0" m="49335" /><D27/><U34/><E34/><V118/><F118/><W62/><G62/><T104/><D24/><U117/><E117/><RYUUKYOKU ba="1,1" sc="191,-10,337,30,260,-10,202,-10" hai1="5,11,12,14,18,40,46,48,56,58" /><INIT seed="3,2,1,4,4,2" ten="181,367,250,192" oya="3" hai0="9,72,23,66,70,118,47,53,125,133,8,18,14" hai1="82,16,96,78,58,60,55,46,27,121,117,115,84" hai2="45,51,6,28,119,114,39,25,90,73,69,48,42" hai3="43,99,74,101,88,130,77,54,126,52,37,123,38"/><W64/><G123/><T67/><D118/><U50/><E121/><V85/><F114/><W108/><G64/><N who="0" m="24619" /><D70/><U95/><E115/><V12/><F69/><W129/><G126/><T7/><D72/><U11/><E117/><V34/><F73/><W19/><G19/><T61/><D125/><U33/><E33/><V57/><F119/><W131/><G108/><T89/><D133/><U22/><E11/><N who="0" m="4169" /><D7/><U3/><E3/><V134/><F134/><W91/><G77/><T93/><D47/><U107/><E107/><V10/><F57/><W0/><G0/><T104/><D104/><U49/><E46/><V135/><F135/><W86/><G74/><T76/><D76/><U17/><E17/><V36/><F36/><N who="3" m="13931" /><G43/><T128/><D128/><U103/><AGARI ba="2,1" hai="16,22,27,49,50,55,58,60,78,82,84,95,96,103" machi="103" ten="20,5200,0" yaku="0,1,7,1,8,1,54,1" doraHai="2" who="1" fromWho="1" sc="181,-15,367,68,250,-15,192,-28" owari="166,-23.4,435,53.5,235,3.5,164,-33.6" /></mjloggm>