<mjloggm ver="2.3"><GO type="225" lobby="0"/><UN n0="%4B%2E%32%2E%4B%2E" n1="%E3%83%81%E3%83%AF%E3%83%AF%E9%9A%8A%E9%95%B7" n2="%E3%83%B4%E3%83%A0%EF%BC%99%E3%81%A6" n3="%E6%B4%BE%E9%81%A3%E3%81%AE%E3%82%B8%E3%83%A3%E3%83%83%E3%82%AF" dan="16,17,16,17" rate="2142.26,2212.03,2136.81,2229.87" sx="M,M,M,M"/><TAIKYOKU oya="0"/><INIT seed="0,0,0,1,2,20" ten="250,250,250,250" oya="0" hai0="11,107,135,42,118,103,49,125,68,41,89,120,124" hai1="48,85,134,40,93,53,64,4,88,92,132,43,24" hai2="130,87,109,97,113,76,83,37,77,51,22,91,78" hai3="55,8,16,61,100,5,90,10,27,28,72,117,65"/><T111/><D118/><U38/><E38/><V7/><F37/><W1/><G117/><T57/><D120/><U59/><E4/><V35/><F35/><W73/><G100/><T44/><D68/><U115/><E115/><V101/><F113/><W60/><G90/><T6/><D135/><N who="1" m="51755" /><E64/><V50/><F109/><W131/><G55/><T47/><D111/><U74/><E74/><V2/><F2/><W56/><G61/><T121/><D121/><U126/><E126/><N who="0" m="48745" /><D57/><U94/><E24/><V96/><F7/><W79/><G79/><T105/><D103/><U58/><E58/><V13/><F130/><W70/><G70/><T34/><D89/><U133/><N who="1" m="51763" /><U75/><DORA hai="80" /><E75/><V110/><F110/><W71/><G71/><T98/><D98/><U106/><E106/><V15/><F96/><W36/><G131/><T54/><D34/><U12/><E12/><V52/><F13/><W3/><G3/><N who="0" m="479" /><D41/><AGARI ba="0,0" hai="40,41,43,48,53,59,85,88,92,93,94" m="51763" machi="41" ten="40,5200,0" yaku="20,1,52,1,54,1" doraHai="20,80" who="1" fromWho="0" sc="250,-52,250,52,250,0,250,0" /><INIT seed="1,0,0,0,0,0" ten="198,302,250,250" oya="1" hai0="31,87,122,120,46,129,33,47,38,66,114,5,41" hai1="20,13,96,83,126,19,27,50,4,10,84,115,6" hai2="110,43,77,63,80,36,81,67,134,72,132,2,135" hai3="119,22,71,9,11,17,28,53,48,128,7,123,111"/><U59/><E126/><V85/><F110/><W1/><G123/><T127/><D114/><U113/><E96/><V55/><F2/><W45/><G71/><T75/><D75/><U95/><E95/><V12/><F55/><W107/><G111/><T131/><D87/><U23/><E23/><V57/><F12/><W102/><G128/><N who="0" m="49227" /><D31/><U54/><REACH who="1" step="1"/><E4/><REACH who="1" ten="198,292,250,250" step="2"/><V34/><F34/><W116/><G22/><T121/><D33/><U106/><E106/><V42/><REACH who="2" step="1"/><F36/><REACH who="2" ten="198,292,240,250" step="2"/><W73/><G116/><T78/><D127/><U74/><E74/><V64/><F64/><W105/><G119/><T70/><D66/><U133/><E133/><V92/><F92/><W62/><G73/><T99/><D122/><U16/><E16/><V32/><F32/><W97/><G105/><T37/><D121/><U86/><E86/><V88/><AGARI ba="0,2" hai="42,43,57,63,67,72,77,80,81,85,88,132,134,135" machi="88" ten="30,7900,0" yaku="1,1,0,1,20,1,54,1,53,0" doraHai="0" doraHaiUra="108" who="2" fromWho="2" sc="198,-20,292,-39,240,99,250,-20" /><INIT seed="2,0,0,0,5,61" ten="178,253,339,230" oya="2" hai0="2,30,74,52,128,18,35,7,50,45,80,89,93" hai1="72,57,59,33,81,105,29,63,44,113,121,25,60" hai2="19,126,42,11,98,76,86,129,92,110,4,109,68" hai3="56,84,114,130,67,49,20,3,91,116,104,103,32"/><V88/><F68/><W90/><G116/><T13/><D128/><U48/><E113/><V99/><F129/><W17/><G32/><T38/><D38/><U43/><E105/><V82/><F126/><W117/><G117/><T51/><D2/><U131/><E131/><V123/><F123/><W1/><G130/><T102/><D7/><U46/><E121/><V34/><F34/><W127/><G127/><T36/><D36/><U101/><E101/><V95/><F42/><W132/><G132/><T135/><D135/><U75/><E44/><V6/><F19/><W111/><G111/><N who="2" m="42505" /><F11/><W37/><G37/><T112/><D112/><U125/><E125/><V97/><F92/><W22/><G114/><T100/><D30/><U118/><E118/><V79/><F79/><W107/><G17/><T73/><D35/><U71/><E71/><V124/><F124/><W41/><G41/><T70/><D70/><U21/><E33/><V120/><F120/><W106/><G106/><T85/><D50/><U119/><E119/><V53/><F53/><W62/><G49/><T15/><D15/><U0/><E0/><V26/><F26/><W58/><G104/><T133/><D133/><U8/><E8/><V134/><F134/><W9/><G107/><T31/><D31/><U108/><E108/><V122/><F122/><W47/><G9/><N who="0" m="6447" /><D93/><U28/><E28/><V27/><F27/><W14/><G14/><T54/><D54/><U5/><E5/><AGARI ba="0,0" hai="4,5,6,76,82,86,88,95,97,98,99" m="42505" machi="5" ten="30,5800,0" yaku="14,1,10,1,54,1" doraHai="61" who="2" fromWho="1" sc="178,0,253,-58,339,58,230,0" /><INIT seed="2,1,0,2,0,107" ten="178,195,397,230" oya="2" hai0="91,119,42,133,58,3,46,40,5,82,87,135,47" hai1="33,53,129,114,103,94,55,109,115,57,39,59,110" hai2="104,23,24,2,18,35,30,38,44,81,88,51,126" hai3="117,60,41,29,36,85,101,112,84,50,98,43,90"/><V86/><F126/><W130/><G117/><T121/><D121/><U52/><E33/><V12/><F104/><W78/><G36/><T68/><D68/><U48/><E103/><V105/><F105/><W102/><G130/><T69/><D69/><U49/><E94/><V20/><F2/><W31/><G112/><N who="1" m="43050" /><E129/><V72/><F38/><W4/><G60/><T76/><D119/><U25/><E25/><V128/><F128/><W134/><G134/><N who="0" m="51211" /><D58/><N who="1" m="22027" /><E39/><V92/><F72/><W22/><G4/><T71/><D71/><U99/><E99/><V73/><F73/><W64/><G98/><T120/><D120/><U132/><E132/><V11/><REACH who="2" step="1"/><F92/><REACH who="2" ten="178,195,387,230" step="2"/><W131/><G131/><T63/><D3/><U14/><E14/><V67/><F67/><W17/><G64/><T77/><D77/><U15/><E15/><V108/><F108/><AGARI ba="1,1" hai="48,49,52,53,55,108,109,110" m="22027,43050" machi="108" ten="40,12000,2" yaku="28,2,14,1,34,2,54,1" doraHai="107" who="1" fromWho="2" sc="178,0,195,133,387,-123,230,0" /><INIT seed="3,0,0,0,4,88" ten="178,328,264,230" oya="3" hai0="44,28,114,76,82,14,27,26,97,111,4,74,34" hai1="7,129,71,98,50,112,94,125,10,36,59,86,68" hai2="81,87,119,20,40,35,83,69,46,72,99,65,52" hai3="21,39,131,85,128,31,8,115,54,13,75,1,29"/><W67/><G75/><T106/><D111/><U84/><E36/><V11/><F119/><W123/><G39/><T3/><D114/><U117/><E112/><V23/><F35/><W55/><G67/><T61/><D14/><N who="1" m="5471" /><E68/><V66/><F72/><W126/><G115/><T80/><D80/><U22/><E71/><V70/><F70/><W109/><G123/><T122/><D122/><U96/><E117/><V2/><F40/><W12/><G109/><T9/><D61/><U19/><E125/><V102/><F11/><W89/><G1/><T58/><D58/><U49/><E98/><V120/><F2/><W133/><G133/><T95/><D44/><U130/><E130/><V53/><F81/><W5/><G126/><T101/><REACH who="0" step="1"/><D26/><REACH who="0" ten="168,328,264,230" step="2"/><U110/><E59/><V18/><F69/><W134/><G134/><T77/><D77/><U17/><E110/><V90/><F120/><W60/><G60/><T93/><AGARI ba="0,1" hai="3,4,9,27,28,34,74,76,82,93,95,97,101,106" machi="93" ten="30,7900,0" yaku="1,1,0,1,52,2,53,0" doraHai="88" doraHaiUra="37" who="0" fromWho="0" sc="168,89,328,-20,264,-20,230,-39" owari="257,5.7,308,40.8,244,-15.6,191,-30.9" /></mjloggm>