<mjloggm ver="2.3"><GO type="225" lobby="0"/><UN n0="%E6%A1%9C%E8%8A%B1%E9%96%83%E3%80%85" n1="%E3%83%A9%E3%83%BC%E3%83%A1%E3%83%B3%E4%BA%94%E9%83%8E" n2="%68%6F%72%69%30%39%30%31" n3="%E5%B0%8F%E9%B3%A5%E9%81%8A%E7%B7%B4%E7%84%A1%32%31%E6%AD%B3" dan="16,16,16,16" rate="2091.29,2075.01,2056.97,2162.44" sx="M,M,M,F"/><TAIKYOKU oya="0"/><INIT seed="0,0,0,5,0,59" ten="250,250,250,250" oya="0" hai0="108,99,75,47,35,20,84,56,93,6,15,115,45" hai1="24,86,79,61,103,26,95,27,82,18,62,132,100" hai2="37,67,130,85,9,53,64,121,114,22,131,32,2" hai3="55,74,125,92,40,112,81,51,83,129,110,1,49"/><T7/><D115/><U42/><E132/><V118/><F32/><W10/><G112/><T98/><D35/><U123/><E123/><V63/><F114/><W8/><G125/><T21/><D75/><U0/><E0/><V72/><F72/><W60/><G110/><T87/><D108/><U116/><E116/><V46/><F118/><W68/><G92/><T111/><D111/><U73/><E42/><N who="2" m="22863" /><F121/><W3/><G129/><N who="2" m="49161" /><F22/><W69/><G40/><T96/><D56/><U5/><E5/><N who="0" m="1545" /><D15/><U77/><E77/><V11/><F2/><W16/><G74/><T91/><D87/><N who="1" m="48607" /><E18/><V107/><F107/><W105/><G55/><T102/><D102/><N who="1" m="38955" /><E73/><V76/><F53/><W28/><G28/><T25/><D20/><U66/><E66/><N who="2" m="25131" /><F63/><N who="1" m="24073" /><E86/><V4/><F4/><W36/><G60/><T122/><D122/><U54/><E54/><V38/><F38/><W94/><G36/><T71/><D71/><U119/><E119/><V30/><F30/><AGARI ba="0,0" hai="21,25,30,45,47,84,91,93,96,98,99" m="1545" machi="30" ten="30,1500,0" yaku="8,1" doraHai="59" who="0" fromWho="2" sc="250,15,250,0,250,-15,250,0" /><INIT seed="0,1,0,2,2,96" ten="265,250,235,250" oya="0" hai0="56,58,13,26,104,53,75,43,81,74,93,78,88" hai1="42,82,66,91,113,128,62,45,102,32,6,21,109" hai2="49,37,40,107,71,79,125,46,132,115,95,89,126" hai3="33,3,8,85,59,86,120,17,130,35,110,29,15"/><T64/><D104/><U4/><E32/><V99/><F115/><W133/><G110/><T30/><D74/><U100/><E109/><V12/><F71/><W92/><G130/><T101/><D43/><U135/><E128/><V116/><F132/><W1/><G133/><T76/><D76/><U61/><E135/><V0/><F0/><W22/><G59/><T38/><D38/><U52/><E113/><V108/><F108/><W36/><G36/><T5/><D64/><U72/><E72/><V60/><F116/><W18/><G86/><T54/><D101/><N who="1" m="39019" /><E42/><V131/><F79/><W70/><G92/><T68/><D54/><U31/><E66/><V16/><F107/><W27/><G85/><T117/><D53/><U48/><E91/><V14/><F60/><N who="1" m="23145" /><E82/><V123/><F123/><W28/><G70/><T94/><D117/><U111/><E111/><V112/><F112/><W118/><G120/><T134/><D68/><U51/><E51/><V39/><F131/><W121/><G118/><T73/><D73/><U19/><E31/><N who="3" m="11850" /><G121/><T7/><D134/><U122/><E122/><V83/><F83/><W84/><G84/><T11/><D94/><U67/><E67/><V9/><F39/><W41/><G41/><T25/><D30/><U106/><E106/><V124/><F37/><W50/><G50/><T63/><D63/><U129/><E129/><V77/><F77/><W57/><G57/><N who="0" m="22123" /><D93/><U103/><N who="1" m="39027" /><U2/><DORA hai="114" /><E2/><AGARI ba="1,0" hai="1,2,3,8,15,17,18,22,27,33,35" m="11850" machi="2" ten="30,8000,1" yaku="35,5" doraHai="96,114" who="3" fromWho="1" sc="265,0,250,-83,235,0,250,83" /><INIT seed="1,0,0,5,1,19" ten="265,167,235,333" oya="1" hai0="126,72,101,42,58,34,44,97,51,93,124,79,16" hai1="71,110,47,7,83,65,96,12,0,70,117,18,105" hai2="74,63,43,1,6,85,25,3,57,86,69,52,125" hai3="13,26,46,67,107,41,116,99,68,135,17,80,121"/><U129/><E117/><V128/><F74/><W33/><G121/><T8/><D34/><U39/><E129/><V77/><F43/><W111/><G111/><T20/><D8/><U103/><E110/><V131/><F69/><W28/><G135/><T104/><D58/><U76/><E7/><V14/><F25/><W61/><G80/><T37/><D37/><U24/><E24/><V94/><F125/><N who="0" m="48234" /><D79/><U30/><E30/><V122/><F122/><W88/><G116/><T130/><D72/><U95/><E0/><V73/><F73/><W15/><G17/><T62/><D62/><U92/><E39/><V82/><F14/><W38/><REACH who="3" step="1"/><G88/><REACH who="3" ten="265,167,235,323" step="2"/><T120/><D120/><U35/><E83/><V55/><F6/><W118/><G118/><T133/><D133/><U90/><E90/><N who="2" m="53583" /><F55/><W119/><G119/><T2/><D130/><AGARI ba="0,1" hai="1,3,52,57,63,77,82,86,128,130,131" m="53583" machi="130" ten="30,2000,0" yaku="19,1,54,1" doraHai="19" who="2" fromWho="0" sc="265,-20,167,0,235,30,323,0" /><INIT seed="2,0,0,5,2,16" ten="245,167,265,323" oya="2" hai0="73,109,115,44,1,17,33,50,111,122,77,47,57" hai1="52,30,11,14,133,8,35,135,72,56,39,117,132" hai2="63,7,36,106,128,53,5,25,26,64,10,92,24" hai3="113,82,0,19,9,62,70,46,119,51,40,34,80"/><V6/><F106/><W124/><G119/><T123/><D1/><U116/><E72/><V78/><F36/><W104/><G104/><T76/><D33/><U86/><E39/><V93/><F128/><W49/><G124/><T95/><D95/><U81/><E30/><V118/><F118/><W66/><G113/><T43/><D73/><U98/><E98/><V74/><F53/><W112/><G34/><T125/><D115/><U127/><E35/><V27/><N who="2" m="6144" /><DORA hai="85" /><V68/><REACH who="2" step="1"/><F10/><REACH who="2" ten="245,167,255,323" step="2"/><W23/><G112/><T45/><D43/><U4/><E8/><V69/><F69/><W103/><G9/><T94/><D123/><U58/><E127/><V134/><F134/><W2/><G70/><T12/><D122/><U100/><E116/><V18/><F18/><W48/><G19/><T90/><D125/><U75/><E117/><V13/><F13/><W114/><G114/><T41/><D41/><U54/><E54/><V88/><F88/><W42/><G40/><T61/><D12/><U120/><E120/><V121/><F121/><W105/><G42/><N who="0" m="24855" /><D17/><U15/><E15/><V97/><F97/><W37/><G105/><T91/><D91/><N who="1" m="51663" /><E100/><V22/><F22/><W59/><G23/><T65/><D109/><U126/><E126/><V60/><F60/><W67/><G103/><T110/><D110/><U32/><E32/><V87/><F87/><W71/><G37/><T21/><D21/><U108/><E108/><V96/><F96/><W28/><G62/><T102/><D102/><U38/><E38/><V83/><AGARI ba="0,1" hai="5,6,7,63,64,68,74,78,83,92,93" m="6144" machi="83" ten="50,4800,0" yaku="1,1,0,1,53,0" doraHai="16,85" doraHaiUra="129,101" who="2" fromWho="2" sc="245,-16,167,-16,255,58,323,-16" /><INIT seed="2,1,0,0,4,130" ten="229,151,313,307" oya="2" hai0="91,0,98,43,90,133,42,117,110,10,6,114,113" hai1="27,52,120,111,121,19,5,17,33,135,93,4,132" hai2="49,60,86,106,2,71,53,34,69,101,24,119,58" hai3="76,100,108,63,118,79,123,94,44,51,20,12,29"/><V59/><F119/><W70/><G118/><T115/><D117/><U18/><E111/><V88/><F2/><W73/><G123/><N who="1" m="47178" /><E93/><V35/><F106/><W61/><G108/><T7/><D110/><U67/><E67/><V56/><F101/><W112/><G70/><T46/><D98/><U126/><E126/><V92/><F59/><W107/><G107/><T55/><D55/><U64/><E64/><V25/><F69/><W75/><G112/><T105/><D105/><U109/><E109/><V80/><F71/><W65/><G65/><T81/><D81/><U72/><E72/><V131/><F131/><W103/><G94/><T122/><D122/><U37/><E37/><V31/><F34/><W15/><G20/><T23/><D114/><U128/><E128/><V125/><F125/><W96/><G44/><T13/><D46/><U36/><E36/><V8/><F8/><W32/><G32/><T97/><D97/><U9/><E52/><N who="2" m="33799" /><F35/><W82/><G73/><T124/><D124/><U84/><E84/><N who="2" m="52231" /><F31/><W78/><G29/><T134/><D115/><U26/><E33/><V95/><F95/><W127/><G103/><T99/><D113/><U50/><E50/><V57/><F58/><W39/><G39/><T83/><D99/><U45/><E45/><V104/><F104/><W14/><G127/><T38/><D38/><U16/><N who="1" m="4096" /><DORA hai="68" /><U22/><E9/><V85/><F85/><W41/><G100/><T21/><D10/><U62/><E62/><V54/><F53/><W66/><G61/><T89/><D43/><U74/><E74/><V129/><F129/><RYUUKYOKU ba="1,0" sc="229,-10,151,-10,313,30,307,-10" hai2="24,25,49,54,57,80,86" /><INIT seed="2,2,0,1,4,110" ten="219,141,343,297" oya="2" hai0="134,36,9,61,70,57,50,59,15,100,6,17,55" hai1="35,42,64,13,118,128,73,101,80,14,84,95,103" hai2="72,99,104,19,102,51,21,22,0,54,112,130,116" hai3="109,68,93,25,66,45,122,44,16,121,12,2,75"/><V71/><F116/><W28/><G2/><T86/><D134/><U48/><E118/><V135/><F0/><W37/><G75/><T62/><D36/><U88/><E128/><V132/><F130/><W114/><G109/><T119/><D119/><U29/><E64/><V27/><F72/><W1/><G1/><T117/><D117/><U97/><E73/><V46/><F71/><W87/><G37/><T5/><D70/><U33/><E103/><V52/><F54/><W124/><G124/><T127/><D127/><U31/><E33/><V91/><F91/><W47/><G66/><N who="0" m="39215" /><D100/><U40/><E35/><V126/><F126/><W67/><G67/><N who="0" m="39391" /><D86/><U24/><E24/><V41/><F112/><W92/><G68/><T105/><D105/><U43/><REACH who="1" step="1"/><E48/><REACH who="1" ten="219,131,343,297" step="2"/><V129/><F129/><W53/><G25/><T98/><D98/><U94/><E94/><V65/><F65/><W11/><G93/><T106/><D106/><U26/><E26/><V76/><F27/><W131/><G92/><T49/><D49/><U125/><E125/><V77/><F51/><W34/><G131/><T81/><D81/><U111/><E111/><V69/><F69/><W58/><G34/><T83/><D83/><U7/><E7/><V89/><F135/><W8/><G121/><T82/><D82/><U39/><E39/><V18/><F132/><W38/><G122/><T60/><D60/><U10/><E10/><V23/><F102/><W96/><G8/><T79/><D5/><U120/><E120/><V74/><F74/><W4/><G11/><T133/><D6/><U90/><E90/><RYUUKYOKU ba="2,1" sc="219,-10,131,30,343,-10,297,-10" hai1="13,14,29,31,40,42,43,80,84,88,95,97,101" /><INIT seed="3,3,1,2,0,57" ten="209,161,333,287" oya="3" hai0="9,93,5,15,14,119,111,72,43,66,31,26,69" hai1="30,18,108,62,16,106,12,28,74,48,124,55,92" hai2="35,107,103,122,125,110,17,76,82,39,126,53,49" hai3="81,45,96,41,47,123,114,8,38,87,4,27,116"/><W60/><G116/><T0/><D119/><U56/><E106/><V11/><F35/><W120/><G114/><T90/><D72/><U13/><E74/><V73/><F110/><W64/><G96/><T127/><D43/><U84/><E108/><V86/><F122/><W88/><G27/><T6/><D111/><U61/><E124/><N who="2" m="47723" /><F39/><W94/><G47/><T37/><D37/><U77/><E77/><V34/><F34/><W50/><G94/><T20/><D5/><U19/><E92/><V59/><F103/><W98/><G98/><T46/><D46/><U85/><E85/><V1/><F107/><W97/><G97/><T79/><D79/><U52/><E84/><V109/><F109/><W135/><G38/><T10/><D10/><U128/><E128/><V83/><F17/><W2/><G135/><T33/><D33/><U25/><E25/><V134/><F134/><W113/><G113/><T63/><D127/><U89/><E89/><N who="2" m="51415" /><F11/><W23/><G23/><T67/><D67/><U22/><E18/><V58/><F58/><AGARI ba="3,1" hai="2,4,8,41,45,50,58,60,64,81,87,88,120,123" machi="58" ten="30,5800,0" yaku="7,1,52,1,54,1" doraHai="57" who="3" fromWho="2" sc="209,0,161,0,333,-67,287,77" owari="209,-19.1,161,-33.9,266,6.6,364,46.4" /></mjloggm>