<mjloggm ver="2.3"><GO type="225" lobby="0"/><UN n0="%6D%61%74%69%67%75%73%61" n1="%E7%B4%94%E6%BD%94%E3%83%94%E3%83%A9%E3%83%8B%E3%82%A2" n2="%E3%82%8C%E3%81%99%E3%81%93" n3="%E6%9D%B1%E9%A2%A8%E3%81%AE%E3%81%8D%E3%82%83%E3%81%B7%E3%81%95%E3%82%93" dan="17,17,17,16" rate="2134.82,2233.60,2221.94,2112.31" sx="M,M,F,M"/><TAIKYOKU oya="0"/><INIT seed="0,0,0,5,3,2" ten="250,250,250,250" oya="0" hai0="109,101,118,6,73,27,15,105,94,98,71,21,1" hai1="135,78,35,46,127,65,115,86,43,9,100,96,38" hai2="37,74,66,79,19,110,116,97,44,77,130,102,42" hai3="87,48,40,56,28,62,113,133,4,68,93,24,125"/><T45/><D118/><U114/><E35/><V50/><F116/><W59/><G113/><N who="1" m="43018" /><E65/><V41/><F110/><W99/><G133/><T3/><D73/><U122/><E135/><V91/><F130/><W132/><G132/><T31/><D71/><U84/><E122/><V32/><F32/><W60/><G125/><T14/><D109/><U126/><E9/><V124/><F124/><N who="1" m="47657" /><E78/><V119/><F119/><W0/><G87/><T89/><D45/><U69/><E69/><V7/><F66/><W95/><G68/><T106/><D106/><AGARI ba="0,0" hai="38,43,46,84,86,96,100,106" m="47657,43018" machi="106" ten="30,2000,0" yaku="11,1,18,1" doraHai="2" who="1" fromWho="0" sc="250,-20,250,20,250,0,250,0" /><INIT seed="1,0,0,3,2,118" ten="230,270,250,250" oya="1" hai0="107,65,16,26,2,131,21,88,17,111,112,24,47" hai1="49,56,129,55,1,75,43,102,92,85,22,70,59" hai2="94,20,116,73,127,93,51,114,42,53,130,104,79" hai3="40,63,19,58,109,37,122,99,27,66,91,132,8"/><U82/><E1/><V125/><F116/><W119/><G132/><T103/><D112/><U121/><E70/><V33/><F33/><W31/><G122/><T110/><D2/><U12/><E129/><V39/><F104/><W120/><G120/><T50/><D65/><U0/><E0/><V18/><F130/><W68/><G119/><T115/><D131/><U61/><E75/><V23/><F114/><W62/><G109/><T80/><D115/><U113/><E121/><V54/><F42/><W133/><G133/><T81/><D103/><U7/><E113/><V78/><F51/><W98/><G91/><T60/><D60/><U126/><E126/><V3/><F3/><W67/><G40/><T117/><D107/><U89/><E43/><V52/><F39/><W135/><G37/><T57/><D57/><U71/><E71/><V5/><F5/><W106/><G106/><T29/><D117/><U96/><E7/><V97/><F73/><W10/><G135/><T30/><D50/><U108/><E108/><N who="0" m="41513" /><D81/><U25/><E12/><N who="2" m="9287" /><F23/><W77/><G77/><N who="2" m="29193" /><F97/><W38/><G38/><T87/><D47/><N who="1" m="28095" /><E61/><V124/><AGARI ba="0,0" hai="52,53,54,93,94,124,125,127" m="29193,9287" machi="124" ten="40,2700,0" yaku="18,1,54,1" doraHai="118" who="2" fromWho="2" sc="230,-7,270,-13,250,27,250,-7" /><INIT seed="2,0,0,1,3,123" ten="223,257,277,243" oya="2" hai0="53,129,9,7,6,49,67,122,130,108,128,50,2" hai1="95,41,79,88,63,78,17,106,135,124,74,15,47" hai2="29,38,19,98,89,70,109,58,59,125,0,93,39" hai3="24,87,76,73,75,101,42,132,131,36,92,119,48"/><V25/><F70/><W72/><G36/><T126/><D122/><U114/><E106/><V120/><F120/><W22/><G119/><T80/><D67/><U23/><E114/><V18/><F0/><W51/><G132/><T84/><D126/><U100/><E124/><V121/><F121/><W82/><G131/><T20/><D6/><U32/><E32/><V64/><F125/><W40/><G101/><T62/><D20/><U113/><E113/><V133/><F133/><W35/><G92/><T4/><D4/><U77/><E135/><V116/><F116/><W94/><G35/><T83/><D83/><U111/><E63/><V85/><F39/><W96/><G42/><T104/><D104/><U12/><E100/><V65/><F38/><W115/><G40/><T55/><D108/><U90/><E111/><V117/><F109/><W103/><REACH who="3" step="1"/><G115/><REACH who="3" ten="223,257,277,233" step="2"/><T44/><D62/><U91/><E95/><N who="2" m="54703" /><F117/><W46/><G46/><T69/><D69/><U16/><E74/><V118/><F118/><W33/><G33/><T13/><D2/><U27/><E47/><V31/><F93/><W61/><G61/><T52/><REACH who="0" step="1"/><D50/><REACH who="0" ten="213,257,277,233" step="2"/><U107/><E107/><V60/><F60/><W5/><G5/><T14/><D14/><N who="1" m="5163" /><E41/><V66/><F65/><W26/><G26/><T71/><D71/><U81/><E81/><V43/><F43/><W112/><G112/><T57/><D57/><N who="2" m="21514" /><F25/><W8/><G8/><T1/><D1/><U11/><E11/><V97/><F66/><W99/><G99/><N who="2" m="37897" /><F64/><W30/><AGARI ba="0,2" hai="22,24,30,48,51,72,73,75,76,82,87,94,96,103" machi="30" ten="30,2000,0" yaku="1,1,0,1,53,0" doraHai="123" doraHaiUra="102" who="3" fromWho="3" sc="213,-5,257,-5,277,-10,233,40" /><INIT seed="3,0,0,5,2,135" ten="208,252,267,273" oya="3" hai0="81,72,61,85,0,16,77,71,39,23,54,43,70" hai1="88,65,57,122,116,45,82,89,14,46,90,32,117" hai2="34,5,41,30,125,58,80,17,130,74,119,3,4" hai3="120,22,44,53,107,76,73,118,19,106,18,24,50"/><W127/><G118/><N who="1" m="45674" /><E32/><V67/><F119/><W124/><G120/><T20/><D0/><U96/><E122/><V48/><F3/><W97/><G18/><T123/><D123/><U83/><E96/><V36/><F36/><W40/><G53/><T60/><D72/><U64/><E57/><V42/><F17/><W126/><G97/><T7/><D7/><U26/><E14/><V9/><F130/><W114/><G114/><T111/><D111/><U13/><E13/><V55/><F67/><N who="1" m="25673" /><E26/><V129/><F129/><W59/><G59/><T131/><D131/><U109/><E109/><V62/><F34/><W49/><G49/><T113/><D113/><U92/><E92/><V47/><F30/><W68/><G68/><T132/><D132/><U86/><E86/><V100/><F9/><W133/><G133/><T27/><D20/><U63/><E63/><V25/><F25/><W102/><G102/><T128/><D128/><U101/><E101/><V66/><F100/><W69/><G69/><T84/><D85/><U78/><E78/><N who="2" m="44119" /><F4/><W31/><G31/><T10/><D10/><U6/><E6/><V29/><F29/><W103/><G103/><T99/><D99/><U93/><E93/><V35/><F5/><W28/><G28/><T12/><D27/><U79/><E79/><V108/><F108/><W110/><G110/><T38/><D61/><U121/><E121/><V8/><F8/><W33/><G33/><T112/><D112/><U2/><E2/><V1/><F1/><W98/><G98/><T104/><D104/><U37/><E37/><N who="0" m="13833" /><D43/><N who="2" m="16394" /><F35/><W11/><G11/><RYUUKYOKU ba="0,0" sc="208,0,252,0,267,0,273,0" hai0="12,16,23,54,60,70,71,77,81,84" hai1="45,46,82,83,88,89,90" hai2="47,48,55,58,62,66,125" hai3="19,22,24,40,44,50,73,76,106,107,124,126,127" /><INIT seed="3,1,0,2,3,62" ten="208,252,267,273" oya="3" hai0="114,10,26,119,76,48,32,9,4,103,46,38,81" hai1="52,131,117,45,75,69,129,66,43,106,35,84,67" hai2="54,7,130,80,127,33,99,42,21,59,60,89,57" hai3="12,13,31,82,11,124,107,95,56,74,83,90,29"/><W5/><G107/><T102/><D119/><U77/><E75/><V96/><F33/><W122/><G122/><T39/><D114/><U23/><E35/><V78/><F130/><N who="1" m="49673" /><E69/><V49/><F127/><W109/><G124/><T0/><D9/><U70/><E70/><V135/><F135/><W17/><G109/><T101/><D26/><U63/><E106/><V133/><F133/><W87/><G56/><T41/><REACH who="0" step="1"/><D32/><REACH who="0" ten="198,252,267,273" step="2"/><U120/><E117/><V91/><F21/><N who="3" m="11431" /><G74/><AGARI ba="1,1" hai="0,4,10,38,39,41,46,48,74,76,81,101,102,103" machi="74" ten="40,1300,0" yaku="1,1,53,0" doraHai="62" doraHaiUra="108" who="0" fromWho="3" sc="198,26,252,0,267,0,273,-16" /><INIT seed="4,0,0,1,5,58" ten="224,252,267,257" oya="0" hai0="130,125,39,113,32,102,51,115,26,23,14,59,22" hai1="98,31,21,49,87,10,110,24,108,28,95,119,89" hai2="30,55,91,77,38,12,41,5,13,81,129,111,52" hai3="36,45,35,94,57,68,97,122,56,103,114,6,16"/><T123/><D39/><U83/><E119/><V117/><F111/><W17/><G68/><T34/><D102/><U126/><E126/><V74/><F117/><W8/><G122/><T96/><D96/><U101/><E28/><V134/><F134/><W19/><G35/><N who="0" m="13355" /><D51/><U84/><E10/><V116/><F116/><W107/><G107/><T78/><D78/><U76/><REACH who="1" step="1"/><E49/><REACH who="1" ten="224,242,267,257" step="2"/><V92/><F30/><W44/><G114/><N who="0" m="43531" /><D125/><U112/><E112/><V82/><F38/><W99/><G36/><T7/><D123/><U90/><E90/><V62/><F91/><W43/><G99/><T135/><D135/><U127/><E127/><V46/><F77/><W20/><G97/><T61/><D130/><U18/><E18/><V11/><F129/><W53/><G17/><T121/><D121/><U40/><E40/><V37/><F41/><W105/><G43/><T75/><D75/><U2/><E2/><V124/><F74/><W85/><G19/><T120/><D120/><U66/><E66/><V106/><F124/><W0/><G0/><T131/><D131/><U48/><E48/><V25/><F37/><W100/><G16/><T42/><D42/><U93/><AGARI ba="0,1" hai="21,24,31,76,83,84,87,89,93,95,98,101,108,110" machi="93" ten="20,2700,0" yaku="1,1,0,1,7,1,53,0" doraHai="58" doraHaiUra="128" who="1" fromWho="1" sc="224,-13,242,37,267,-7,257,-7" /><INIT seed="5,0,0,4,1,117" ten="211,279,260,250" oya="1" hai0="45,105,100,5,0,44,129,119,127,37,21,81,122" hai1="134,125,24,36,97,18,50,23,12,111,7,10,60" hai2="121,32,108,52,98,53,47,89,109,76,115,55,2" hai3="112,113,120,56,93,70,114,96,49,33,104,66,135"/><U90/><E36/><V130/><F121/><W91/><G33/><T106/><D119/><U72/><E72/><V57/><F32/><W35/><G35/><T26/><D100/><U30/><E134/><V46/><F2/><W58/><G135/><T82/><D5/><U4/><E125/><V95/><F130/><W22/><G104/><N who="0" m="40043" /><D0/><U71/><E111/><V80/><F57/><N who="3" m="22123" /><G22/><T92/><D92/><N who="1" m="56471" /><E71/><V62/><F62/><N who="3" m="40279" /><G49/><T13/><D13/><U31/><E60/><V43/><F115/><W78/><G78/><T132/><D132/><U59/><E4/><V110/><REACH who="2" step="1"/><F43/><REACH who="2" ten="211,279,250,250" step="2"/><W123/><AGARI ba="0,1" hai="91,93,96,112,113,114,120,123" m="40279,22123" machi="123" ten="40,5200,0" yaku="15,1,52,2" doraHai="117" who="3" fromWho="3" sc="211,-13,279,-26,250,-13,250,62" owari="198,-30.2,253,5.3,237,-16.3,312,41.2" /></mjloggm>