<mjloggm ver="2.3"><GO type="225" lobby="0"/><UN n0="%33%74%72%65%65" n1="%E4%B8%89%E5%86%A0%E7%8E%8B%E3%83%BB%E5%B1%B1%E7%94%B0%E5%93%B2%E4%BA%BA" n2="%E3%81%A1%E3%82%85%E3%81%86%E3%81%A9%E3%81%8F%E8%B1%A1%E3%81%95%E3%82%93" n3="%E3%83%B4%E3%83%A0%EF%BC%99%E3%81%A6" dan="17,16,17,17" rate="2223.45,2118.92,2169.68,2192.41" sx="F,M,M,M"/><TAIKYOKU oya="0"/><INIT seed="0,0,0,0,2,104" ten="250,250,250,250" oya="0" hai0="117,59,39,112,91,28,15,51,57,99,72,87,90" hai1="47,127,56,70,94,69,49,23,95,24,122,76,116" hai2="10,124,89,11,133,119,85,88,16,32,78,101,106" hai3="19,26,12,7,65,83,46,58,25,63,17,35,44"/><T31/><D112/><U4/><E116/><V54/><F32/><W45/><G35/><T96/><D117/><U98/><E122/><V38/><F119/><W1/><G1/><T21/><D39/><U40/><E127/><V66/><F38/><W79/><G7/><T93/><D72/><U67/><E4/><V110/><F124/><W120/><G120/><T60/><D51/><U29/><E94/><V111/><F66/><W50/><G50/><T48/><D48/><U61/><REACH who="1" step="1"/><E76/><REACH who="1" ten="250,240,250,250" step="2"/><V52/><F78/><W80/><G80/><N who="0" m="49511" /><D99/><U103/><AGARI ba="0,1" hai="23,24,29,40,47,49,56,61,67,69,70,95,98,103" machi="103" ten="20,8000,1" yaku="1,1,0,1,7,1,25,2,53,0" doraHai="104" doraHaiUra="13" who="1" fromWho="1" sc="250,-40,240,90,250,-20,250,-20" /><INIT seed="1,0,0,4,4,43" ten="210,330,230,230" oya="1" hai0="76,30,135,2,73,22,23,99,85,81,27,92,72" hai1="84,58,50,18,87,34,66,70,80,77,120,24,110" hai2="130,36,25,90,129,111,75,48,46,102,97,55,69" hai3="33,45,62,4,44,19,9,51,8,118,131,112,115"/><U113/><E113/><V49/><F75/><W63/><G33/><T94/><D135/><U1/><E1/><V56/><F69/><W95/><G131/><N who="2" m="50185" /><F111/><W13/><G118/><T78/><D2/><U91/><E120/><V114/><F114/><W116/><G116/><T17/><D76/><U26/><E110/><V74/><F74/><W98/><G112/><T123/><D92/><U10/><E70/><V3/><F3/><W64/><G115/><T6/><D6/><U82/><E34/><V20/><F36/><W14/><G64/><T127/><D127/><U0/><E0/><V37/><F90/><W126/><G126/><T88/><REACH who="0" step="1"/><D123/><REACH who="0" ten="200,330,230,230" step="2"/><U101/><E77/><V65/><F102/><N who="3" m="60767" /><G45/><T7/><D7/><U125/><E125/><V89/><F46/><W128/><G128/><T47/><D47/><U53/><E101/><V21/><F97/><W31/><G31/><T93/><D93/><U107/><E82/><V132/><F89/><W104/><G104/><T79/><D79/><U133/><E80/><V59/><F132/><W60/><G44/><T39/><D39/><U40/><E133/><V32/><F37/><W100/><G100/><T16/><D16/><U103/><E18/><V108/><F108/><W71/><G71/><T41/><D41/><U42/><E42/><V134/><F134/><W109/><G109/><T61/><D61/><U29/><E40/><V83/><F83/><W96/><G96/><T57/><D57/><U122/><E122/><V124/><F124/><W54/><G62/><T67/><D67/><U121/><E121/><V11/><F65/><RYUUKYOKU ba="0,1" sc="200,15,330,-15,230,-15,230,15" hai0="17,22,23,27,30,72,73,78,81,85,88,94,99" hai3="4,8,9,13,14,19,51,54,60,63" /><INIT seed="2,1,1,4,1,45" ten="215,315,215,245" oya="2" hai0="68,77,85,100,27,1,71,115,81,64,39,47,59" hai1="4,30,94,113,79,28,70,52,83,117,84,35,65" hai2="56,72,19,34,66,120,127,98,5,0,61,101,73" hai3="57,126,9,96,123,50,99,55,92,32,46,16,7"/><V36/><F120/><W122/><G32/><T91/><D115/><U53/><E117/><V21/><F127/><W134/><G126/><T12/><D1/><U24/><E113/><V43/><F34/><W116/><G116/><T114/><D114/><U38/><E38/><V118/><F118/><W103/><G134/><T95/><D100/><U130/><E30/><V74/><F43/><W13/><G46/><T6/><D27/><U26/><E26/><V125/><F125/><W88/><REACH who="3" step="1"/><G7/><REACH who="3" ten="215,315,215,235" step="2"/><T31/><D47/><U23/><E4/><V97/><F5/><W121/><G121/><T17/><D6/><U40/><E35/><V105/><F0/><W67/><G67/><T111/><D64/><U107/><E65/><V102/><F36/><W76/><G76/><T80/><D77/><U41/><E79/><V131/><F131/><W119/><G119/><T11/><D39/><U62/><E130/><V106/><REACH who="2" step="1"/><F73/><REACH who="2" ten="215,315,205,235" step="2"/><W10/><G10/><T78/><D11/><U112/><E112/><V75/><F75/><W48/><G48/><T109/><D109/><U44/><E41/><V63/><F63/><W104/><AGARI ba="1,3" hai="9,13,16,50,55,57,88,92,96,99,103,104,122,123" machi="104" ten="20,12000,2" yaku="1,1,0,1,7,1,52,1,54,2,53,1" doraHai="45" doraHaiUra="54" who="3" fromWho="3" sc="215,-31,315,-31,205,-61,235,153" /><INIT seed="3,0,0,1,0,87" ten="184,284,144,388" oya="3" hai0="121,63,119,37,77,90,29,64,80,85,76,68,78" hai1="88,104,123,100,53,127,8,18,15,108,1,105,83" hai2="41,49,111,44,86,59,33,115,117,36,13,56,74" hai3="6,72,46,3,99,30,47,38,14,91,126,27,75"/><W133/><G3/><T12/><D121/><U116/><E123/><V71/><F115/><W132/><G126/><T57/><D119/><U73/><E127/><V129/><F74/><W62/><G62/><T54/><D37/><U110/><E73/><V103/><F117/><W10/><G72/><T131/><D131/><U89/><E116/><V60/><F33/><N who="3" m="20703" /><G38/><T25/><D12/><U45/><E1/><V107/><F111/><N who="1" m="42537" /><E83/><V128/><F86/><W82/><G75/><T94/><D68/><U21/><E21/><V7/><F103/><W4/><G4/><T70/><D70/><U101/><E101/><V5/><F107/><N who="1" m="41033" /><E100/><V16/><F36/><W134/><G82/><T95/><REACH who="0" step="1"/><D64/><REACH who="0" ten="174,284,144,388" step="2"/><U124/><E124/><V39/><F39/><W112/><G112/><T40/><D40/><U50/><AGARI ba="0,1" hai="8,15,18,45,50,53,88,89" m="41033,42537" machi="50" ten="40,8000,1" yaku="14,1,52,2,54,1" doraHai="87" who="1" fromWho="1" sc="174,-20,284,90,144,-20,388,-40" owari="154,-24.6,374,47.4,124,-37.6,348,14.8" /></mjloggm>