<mjloggm ver="2.3"><GO type="225" lobby="0"/><UN n0="%E6%97%A5%E6%9B%9C%E6%97%A5%E3%82%88%E3%82%8A%E3%81%AE%E4%BD%BF%E8%80%85" n1="%E8%A8%88%E7%AE%97%E6%A9%9F%E8%87%AA%E7%84%B6" n2="%E4%B8%AD%E5%B9%B4%E3%81%AE%E5%8D%B1%E6%A9%9F" n3="%E9%89%A2%E5%B7%BB%E3%82%AC%E3%83%96" dan="17,17,16,16" rate="2155.32,2227.74,2170.18,2092.13" sx="M,M,M,M"/><TAIKYOKU oya="0"/><INIT seed="0,0,0,5,3,71" ten="250,250,250,250" oya="0" hai0="124,105,133,56,55,41,108,62,26,101,112,60,102" hai1="44,128,131,40,9,89,28,38,34,92,8,27,79" hai2="64,125,109,23,24,43,83,95,59,1,42,103,115" hai3="107,47,84,90,29,85,36,134,0,14,37,123,61"/><T96/><D112/><U3/><E79/><V98/><F1/><W65/><G0/><T46/><D108/><U67/><E67/><V76/><F109/><W11/><G107/><T63/><D124/><U78/><E78/><V18/><F125/><W69/><G134/><T86/><D133/><U80/><E80/><V93/><F93/><W17/><G123/><T77/><D102/><U97/><REACH who="1" step="1"/><E3/><REACH who="1" ten="250,240,250,250" step="2"/><V104/><F115/><W58/><G69/><T126/><D126/><U54/><E54/><V21/><F104/><W130/><G130/><AGARI ba="0,1" hai="8,9,27,28,34,38,40,44,89,92,97,128,130,131" machi="130" ten="40,5200,0" yaku="1,1,19,1,52,1,53,0" doraHai="71" doraHaiUra="114" who="1" fromWho="3" sc="250,0,240,62,250,0,250,-52" /><INIT seed="1,0,0,4,3,132" ten="250,302,250,198" oya="1" hai0="88,51,47,109,34,108,63,20,133,70,65,53,58" hai1="127,124,67,9,5,73,82,15,27,100,64,19,45" hai2="11,12,40,33,110,28,17,97,44,118,62,117,122" hai3="74,99,37,56,22,54,1,115,43,78,107,86,112"/><U131/><E131/><V120/><F62/><W71/><G1/><T30/><D34/><U2/><E100/><V128/><F44/><W130/><G74/><T68/><D133/><U23/><E45/><V96/><F40/><W135/><G43/><T3/><D3/><U84/><E73/><V16/><F96/><W113/><G37/><T48/><D88/><U98/><E98/><V121/><F97/><W7/><G71/><N who="0" m="42431" /><D20/><U42/><E42/><V101/><F101/><W76/><G7/><T25/><D25/><U61/><E2/><V69/><F69/><N who="0" m="26730" /><D30/><U59/><REACH who="1" step="1"/><E67/><REACH who="1" ten="250,292,250,198" step="2"/><V116/><F128/><W31/><G99/><T92/><D92/><U36/><E36/><V26/><F110/><N who="0" m="42602" /><D47/><U41/><E41/><V129/><F129/><W35/><G130/><T50/><AGARI ba="0,1" hai="48,50,51,53,58" m="42602,26730,42431" machi="50" ten="40,5200,0" yaku="14,1,34,2" doraHai="132" who="0" fromWho="0" sc="250,62,292,-26,250,-13,198,-13" /><INIT seed="2,0,0,4,1,25" ten="312,266,237,185" oya="2" hai0="31,72,44,101,40,15,85,14,75,103,127,10,59" hai1="32,89,117,118,93,26,24,114,5,107,36,46,69" hai2="74,81,71,98,104,47,131,133,49,3,128,1,77" hai3="80,29,90,105,99,95,123,4,68,57,9,88,109"/><V39/><F71/><W124/><G68/><T84/><D127/><U51/><E114/><V121/><F121/><W108/><G124/><T61/><D75/><U119/><E107/><V96/><F133/><W21/><G123/><T16/><D72/><U102/><E36/><V79/><F79/><W129/><G129/><N who="2" m="49737" /><F39/><W55/><G105/><T7/><D101/><U112/><E112/><V22/><F22/><W94/><G80/><T116/><D103/><U52/><E69/><V125/><F125/><W120/><G120/><T65/><D116/><U111/><E111/><V34/><F34/><W92/><G21/><N who="0" m="11415" /><D31/><U110/><E110/><V87/><F74/><W62/><G29/><T91/><D91/><U2/><E102/><N who="2" m="62535" /><F98/><W82/><G99/><T0/><D0/><U48/><E32/><V33/><F33/><W13/><REACH who="3" step="1"/><G90/><REACH who="3" ten="312,266,237,175" step="2"/><T132/><D132/><U106/><E106/><V8/><F8/><W73/><G73/><T23/><D23/><U17/><E89/><V38/><F38/><W53/><G53/><AGARI ba="0,1" hai="1,3,47,49,53,77,81,87" m="62535,49737" machi="53" ten="30,1500,0" yaku="19,1" doraHai="25" who="2" fromWho="3" sc="312,0,266,0,237,25,175,-15" /><INIT seed="2,1,0,2,3,123" ten="312,266,262,160" oya="2" hai0="8,79,23,19,14,73,26,4,27,6,128,76,32" hai1="25,54,0,52,134,31,24,10,99,39,3,95,49" hai2="75,17,111,117,85,29,135,64,130,55,92,114,70" hai3="96,94,69,132,72,34,108,60,41,129,28,59,68"/><V66/><F75/><W84/><G72/><T93/><D73/><U77/><E39/><V113/><F117/><W35/><G129/><T100/><D128/><U119/><E119/><V118/><F118/><W121/><G121/><T91/><D100/><U90/><E134/><V67/><F70/><W16/><G132/><T102/><D102/><U50/><E77/><N who="0" m="29769" /><D32/><U40/><E40/><V116/><F130/><W81/><G41/><T36/><D36/><U7/><E0/><V101/><F135/><W2/><G2/><T106/><D106/><U51/><REACH who="1" step="1"/><E25/><REACH who="1" ten="312,256,262,160" step="2"/><N who="0" m="9225" /><D8/><U110/><E110/><V107/><F111/><W103/><G108/><T133/><D133/><U83/><E83/><V43/><F116/><W58/><G34/><AGARI ba="1,1" hai="3,7,10,24,31,34,49,50,51,52,54,90,95,99" machi="34" ten="40,2600,0" yaku="1,1,54,1,53,0" doraHai="123" doraHaiUra="98" who="1" fromWho="3" sc="312,0,256,39,262,0,160,-29" /><INIT seed="3,0,0,1,3,51" ten="312,295,262,131" oya="3" hai0="109,49,3,122,38,53,47,19,101,45,113,124,64" hai1="41,92,119,55,10,71,116,48,1,2,90,135,120" hai2="17,95,128,76,69,85,36,35,104,127,114,60,44" hai3="129,117,13,7,115,70,32,22,132,79,75,28,66"/><W15/><G79/><T82/><D122/><U27/><E120/><V43/><F104/><W18/><G75/><T26/><D3/><U50/><E71/><V102/><F114/><W63/><G115/><T23/><D113/><U65/><E65/><V105/><F35/><W118/><G129/><T4/><D109/><U126/><E126/><V108/><F127/><W33/><G132/><T24/><D124/><U16/><E41/><V89/><F108/><W72/><G72/><T103/><D4/><U112/><E48/><V25/><F128/><W12/><G28/><T5/><D64/><U40/><E40/><V94/><F105/><W59/><G70/><T29/><D5/><U131/><E135/><V97/><F76/><W123/><G123/><T34/><D38/><U0/><E131/><V100/><F100/><W37/><G37/><T81/><D47/><N who="1" m="28127" /><E112/><V74/><F74/><W87/><G87/><T80/><AGARI ba="0,0" hai="19,23,24,26,29,34,45,49,53,80,81,82,101,103" machi="80" ten="30,2000,0" yaku="0,1,52,1" doraHai="51" who="0" fromWho="0" sc="312,20,295,-5,262,-5,131,-10" owari="332,43.2,290,9.0,257,-14.3,121,-37.9" /></mjloggm>