<mjloggm ver="2.3"><GO type="225" lobby="0"/><UN n0="%E5%8E%9F%E7%AF%80%E5%AD%90" n1="%E6%B8%A9%E2%98%85%E6%83%85%E2%98%85%E6%8E%AA%E2%98%85%E7%BD%AE" n2="%E5%B0%8F%37%34" n3="%6B%75%7A%75%6E" dan="16,17,16,17" rate="2096.55,2257.71,2155.69,2178.93" sx="F,M,M,M"/><TAIKYOKU oya="0"/><INIT seed="0,0,0,4,2,105" ten="250,250,250,250" oya="0" hai0="33,92,44,22,95,1,68,56,74,88,90,70,28" hai1="102,89,38,112,5,71,41,98,79,130,120,75,16" hai2="8,132,109,129,84,57,47,113,37,36,117,24,23" hai3="43,25,104,29,0,12,77,125,115,107,91,46,76"/><T18/><D1/><U65/><E120/><V106/><F106/><W17/><G115/><T69/><D44/><U62/><E112/><V101/><F113/><W19/><G0/><T34/><D74/><U96/><E130/><V32/><F101/><W61/><G125/><T78/><D78/><U2/><E89/><V20/><F129/><W94/><G104/><T133/><D28/><U97/><E16/><V82/><F109/><W39/><G107/><T122/><D133/><U59/><E71/><V121/><F121/><W9/><G61/><T60/><D122/><U99/><E102/><V66/><F132/><W10/><G19/><T93/><D34/><U73/><E79/><V81/><F117/><W83/><G83/><T118/><D33/><U51/><E38/><V134/><F82/><W4/><G9/><T48/><D48/><U13/><E2/><V42/><F8/><W15/><G4/><T80/><D80/><U55/><E41/><V103/><F103/><W100/><G15/><T67/><REACH who="0" step="1"/><D118/><REACH who="0" ten="240,250,250,250" step="2"/><U72/><N who="1" m="24576" /><DORA hai="49" /><U50/><E50/><V52/><F134/><W58/><G77/><T108/><D108/><U31/><E31/><V110/><F36/><W86/><G76/><T45/><D45/><U85/><E75/><V14/><F110/><W40/><G100/><T21/><D21/><U126/><E73/><V135/><F135/><W124/><G39/><T35/><D35/><U27/><E72/><V30/><F32/><W54/><G29/><T64/><D64/><U114/><E114/><V3/><F66/><W7/><G46/><T131/><D131/><RYUUKYOKU ba="0,1" sc="240,30,250,-10,250,-10,250,-10" hai0="18,22,56,60,67,68,69,70,88,90,92,93,95" /><INIT seed="0,1,1,4,1,11" ten="270,240,240,240" oya="0" hai0="78,28,122,121,91,127,47,19,80,45,98,67,50" hai1="33,26,24,2,13,58,131,30,14,104,39,43,125" hai2="90,5,68,59,10,113,123,100,54,53,36,71,74" hai3="87,94,106,93,129,60,66,57,46,111,20,15,69"/><T42/><D127/><U133/><E104/><V109/><F113/><W72/><G111/><T81/><D28/><N who="1" m="19591" /><E58/><V49/><F123/><W22/><G72/><T108/><D108/><U37/><E43/><V120/><F36/><W8/><G106/><T102/><D67/><U31/><E39/><V41/><F41/><W116/><G129/><T9/><D91/><U56/><E56/><V114/><F120/><W4/><G116/><T134/><D134/><U34/><E37/><V76/><F109/><W89/><G69/><T35/><D35/><N who="1" m="20951" /><E125/><V101/><F114/><W86/><G46/><T38/><D102/><U135/><E2/><V118/><F118/><W27/><G27/><T107/><D107/><U112/><E112/><V115/><F115/><W55/><G66/><T96/><D121/><U51/><E51/><V110/><F110/><W44/><G44/><T79/><D122/><U12/><E131/><V48/><F71/><W63/><G60/><T21/><D47/><U0/><E0/><V64/><F68/><W124/><G124/><T40/><D40/><U83/><E83/><N who="0" m="31817" /><D38/><U52/><E52/><V128/><F64/><W70/><G70/><T32/><D79/><U61/><E61/><V119/><F128/><W105/><G105/><T85/><D85/><U18/><E31/><V75/><F75/><W1/><G1/><T97/><D78/><U77/><E77/><V23/><F74/><W17/><G87/><T3/><D3/><U65/><E34/><V16/><F76/><W130/><G130/><T62/><D32/><U117/><E65/><V84/><F101/><RYUUKYOKU ba="1,1" sc="270,0,240,0,240,0,240,0" /><INIT seed="1,2,1,2,4,91" ten="270,240,240,240" oya="1" hai0="113,78,0,126,26,55,94,70,87,14,67,125,6" hai1="36,122,100,102,30,52,15,119,95,103,123,97,104" hai2="62,121,23,99,74,135,85,40,105,56,54,89,38" hai3="127,59,108,63,71,101,84,47,3,112,65,117,107"/><U42/><E119/><V79/><F121/><W129/><G112/><T20/><D113/><U45/><E30/><V21/><F135/><W75/><G75/><T73/><D0/><U11/><E52/><V31/><F31/><W132/><G101/><T60/><D73/><U28/><E28/><V2/><F2/><W27/><G107/><T24/><D55/><U82/><E82/><V69/><F74/><W114/><G71/><T29/><D26/><U22/><E22/><V12/><F79/><W134/><G3/><T76/><D6/><U72/><E72/><V106/><F69/><W32/><G27/><T25/><D14/><U90/><REACH who="1" step="1"/><E104/><REACH who="1" ten="270,230,240,240" step="2"/><V8/><F106/><W66/><G117/><T16/><D125/><U5/><AGARI ba="2,2" hai="5,11,15,36,42,45,90,95,97,100,102,103,122,123" machi="5" ten="30,11700,0" yaku="1,1,2,1,0,1,52,1,53,0" doraHai="91" doraHaiUra="131" who="1" fromWho="1" sc="270,-41,230,143,240,-41,240,-41" /><INIT seed="1,3,0,3,2,5" ten="229,373,199,199" oya="1" hai0="0,121,61,129,22,23,75,87,27,51,48,107,31" hai1="20,54,64,88,19,39,130,82,40,70,1,79,57" hai2="126,62,77,59,25,42,63,41,16,15,2,102,125" hai3="55,68,53,111,98,108,83,91,58,120,95,119,33"/><U69/><E1/><V135/><F2/><W13/><G68/><T7/><D75/><U30/><E30/><V80/><F135/><W76/><G120/><T134/><D107/><U78/><E130/><V71/><F102/><W94/><G33/><T112/><D112/><U122/><E122/><V52/><F25/><W34/><G34/><T116/><D116/><U113/><E113/><V8/><F63/><W14/><G119/><T89/><D121/><U103/><E103/><V90/><F90/><W43/><G43/><T32/><D129/><U21/><E21/><V115/><F71/><W86/><G94/><T28/><D61/><U11/><E64/><V46/><F115/><W47/><G47/><T109/><D109/><N who="3" m="42057" /><G55/><T24/><D32/><U66/><E40/><V29/><F29/><W118/><G118/><T36/><D36/><U10/><E39/><V104/><F104/><W26/><G26/><T106/><D106/><U67/><E67/><V56/><F56/><W65/><G65/><T6/><D134/><U97/><E66/><V132/><F132/><W44/><G44/><T92/><D0/><U60/><E70/><V74/><REACH who="2" step="1"/><F41/><REACH who="2" ten="229,373,189,199" step="2"/><W85/><G98/><T37/><D37/><AGARI ba="3,1" hai="8,15,16,37,42,46,52,59,62,74,77,80,125,126" machi="37" ten="40,8000,1" yaku="1,1,2,1,52,1,54,2,53,0" doraHai="5" doraHaiUra="17" who="2" fromWho="0" sc="229,-89,373,0,189,99,199,0" /><INIT seed="2,0,0,3,4,113" ten="140,373,288,199" oya="2" hai0="28,122,85,52,11,81,51,87,112,84,70,1,7" hai1="124,66,39,117,54,34,104,44,135,132,58,8,118" hai2="61,99,83,134,16,4,49,65,40,79,14,50,129" hai3="57,24,62,80,67,18,77,130,3,121,42,72,107"/><V53/><F134/><N who="1" m="51241" /><E124/><V128/><F4/><W55/><G121/><T30/><D112/><U26/><E104/><V9/><F99/><W123/><G123/><T32/><D122/><U106/><E106/><V5/><F40/><W91/><G130/><N who="2" m="50281" /><F53/><W10/><G107/><T131/><D131/><U105/><E105/><V27/><F27/><W116/><G42/><T64/><D32/><U20/><E34/><V19/><F19/><W89/><G3/><T88/><D64/><U22/><E66/><V73/><F5/><W74/><G74/><T17/><D70/><AGARI ba="0,0" hai="9,14,16,49,50,61,65,70,73,79,83" m="50281" machi="70" ten="30,2900,0" yaku="19,1,54,1" doraHai="113" who="2" fromWho="0" sc="140,-29,373,0,288,29,199,0" /><INIT seed="2,1,0,4,5,66" ten="111,373,317,199" oya="2" hai0="119,85,82,22,72,76,54,74,46,10,109,49,90" hai1="6,117,50,91,57,78,52,7,67,132,101,95,41" hai2="120,39,58,89,115,87,107,104,116,79,60,133,32" hai3="114,4,121,36,3,83,0,44,20,103,105,135,100"/><V42/><F116/><W48/><G121/><T99/><D109/><U63/><E117/><V98/><F120/><W13/><G135/><T81/><D119/><U86/><E132/><V64/><F115/><W68/><G36/><T112/><D112/><U108/><E108/><V35/><F133/><W92/><G114/><T93/><D22/><U14/><E41/><V118/><F118/><W23/><G105/><T2/><D2/><U62/><E101/><V26/><F79/><W113/><G83/><T31/><D31/><U29/><E29/><V8/><F8/><W30/><G92/><T51/><D82/><N who="1" m="47447" /><E14/><V96/><F39/><W33/><G13/><T61/><D61/><N who="1" m="23051" /><E67/><V134/><F42/><W38/><G30/><T15/><REACH who="0" step="1"/><D49/><REACH who="0" ten="101,373,317,199" step="2"/><U123/><E123/><V5/><F134/><W19/><G0/><T21/><D21/><U111/><E111/><V129/><F32/><W84/><G48/><T28/><D28/><U94/><E94/><V131/><F35/><W73/><G33/><T70/><D70/><U102/><E102/><V40/><F104/><W125/><G3/><T71/><D71/><U130/><E130/><V122/><F107/><W12/><G68/><T1/><D1/><U9/><E9/><V59/><F129/><W65/><G103/><T17/><AGARI ba="1,1" hai="10,15,17,46,51,54,72,74,76,81,85,90,93,99" machi="17" ten="20,2700,0" yaku="1,1,0,1,7,1,53,0" doraHai="66" doraHaiUra="69" who="0" fromWho="0" sc="101,40,373,-8,317,-14,199,-8" /><INIT seed="3,0,0,5,4,12" ten="141,365,303,191" oya="3" hai0="49,60,98,33,21,46,24,77,120,1,38,14,118" hai1="114,92,17,52,134,101,107,18,26,133,103,61,82" hai2="59,117,66,11,96,79,128,67,44,15,34,64,95" hai3="4,76,94,36,54,73,31,9,83,45,87,108,58"/><W91/><G31/><T72/><D118/><U23/><E114/><V65/><F117/><W70/><G70/><T84/><D120/><U32/><E32/><V39/><F34/><W115/><G115/><T135/><D135/><N who="1" m="51723" /><E107/><V86/><F128/><W99/><G108/><T35/><D1/><U0/><E0/><V68/><F68/><W122/><G122/><T119/><D119/><U29/><E82/><V48/><F39/><W13/><G45/><T80/><D38/><U85/><E85/><V43/><F79/><W27/><G27/><T56/><D98/><N who="1" m="59591" /><E103/><V125/><F125/><W37/><REACH who="3" step="1"/><G73/><REACH who="3" ten="141,365,303,181" step="2"/><T129/><D72/><U57/><AGARI ba="0,1" hai="17,18,23,26,29,52,57,61" m="59591,51723" machi="57" ten="30,7900,0" yaku="20,1,52,2,54,1" doraHai="12" who="1" fromWho="1" sc="141,-20,365,89,303,-20,181,-39" owari="121,-37.9,454,55.4,283,8.3,142,-25.8" /></mjloggm>