<mjloggm ver="2.3"><GO type="225" lobby="0"/><UN n0="%E3%81%82%E3%81%99%E3%81%AB%E3%82%83%E3%82%80" n1="%E6%A1%9C%E8%8A%B1%E9%96%83%E3%80%85" n2="%E3%81%BF%E3%81%BF%E3%81%9A" n3="%48%61%61%61%6C%61%6E%64" dan="16,16,17,18" rate="2124.39,2130.43,2252.45,2254.49" sx="F,M,M,M"/><TAIKYOKU oya="0"/><INIT seed="0,0,0,3,3,91" ten="250,250,250,250" oya="0" hai0="56,28,13,57,52,35,108,113,97,14,62,19,86" hai1="0,71,7,15,69,125,29,114,74,83,11,48,105" hai2="67,6,82,123,128,118,36,117,23,129,110,26,10" hai3="8,53,88,111,40,16,80,95,43,127,54,51,33"/><T101/><D113/><U63/><E114/><V20/><F36/><W132/><G33/><T79/><D108/><U98/><E125/><V12/><F67/><W122/><G132/><T115/><D115/><U87/><E74/><V30/><F82/><W25/><G111/><T42/><D42/><N who="3" m="15913" /><G127/><T120/><D120/><U58/><E48/><V124/><F110/><W66/><G122/><T112/><D112/><U77/><E29/><V31/><F124/><W1/><G1/><T24/><D79/><U119/><E119/><N who="2" m="45579" /><F123/><W134/><G134/><T34/><D86/><U44/><E44/><V90/><F90/><W64/><G80/><T38/><D38/><U93/><E105/><V68/><F68/><W50/><G50/><T109/><D109/><U59/><E0/><V3/><F3/><W55/><G51/><T4/><D35/><U94/><E59/><V121/><F121/><W76/><G76/><T18/><D57/><U85/><E85/><V9/><F9/><W27/><G64/><T102/><D102/><U21/><E21/><N who="2" m="8267" /><F31/><W126/><G66/><T70/><D70/><U81/><E81/><V45/><F45/><W61/><G126/><T60/><D60/><U49/><E49/><V47/><F47/><W22/><G8/><N who="0" m="4231" /><D14/><U72/><E72/><V32/><AGARI ba="0,0" hai="6,10,12,26,30,32,128,129" m="8267,45579" machi="32" ten="30,4000,0" yaku="12,1,34,2" doraHai="91" who="2" fromWho="2" sc="250,-20,250,-10,250,40,250,-10" /><INIT seed="1,0,0,2,0,41" ten="230,240,290,240" oya="1" hai0="92,99,62,134,86,131,18,43,6,76,47,67,122" hai1="107,126,40,74,54,44,89,56,57,127,19,55,15" hai2="59,93,48,117,69,96,68,63,116,14,114,49,88" hai3="37,85,0,64,4,129,78,45,22,98,110,71,113"/><U9/><E107/><V36/><F36/><W105/><G113/><T5/><D134/><U73/><E89/><V10/><F114/><W66/><G110/><T51/><D131/><U106/><E106/><V65/><F49/><W79/><G129/><T34/><D34/><U24/><E24/><V38/><F38/><W112/><G112/><T123/><D18/><U12/><E40/><V101/><F101/><W102/><G22/><T32/><D32/><U30/><E30/><V60/><F48/><W33/><G33/><T46/><D46/><U103/><E103/><V124/><F124/><N who="1" m="47657" /><E15/><V133/><F133/><W75/><G45/><T83/><D122/><U128/><E128/><V104/><F104/><W39/><G39/><T77/><D77/><U17/><E17/><V31/><F31/><W11/><G37/><T35/><D35/><U130/><E130/><V87/><F96/><W119/><G78/><T91/><REACH who="0" step="1"/><D123/><REACH who="0" ten="220,240,290,240" step="2"/><U100/><E44/><V81/><F117/><W25/><G79/><T97/><D97/><U135/><E135/><V109/><F116/><W21/><G119/><T84/><D84/><U120/><E120/><V3/><F87/><W95/><G85/><T90/><D90/><U53/><E100/><V7/><F88/><W118/><G118/><T61/><D61/><U28/><E28/><V16/><F60/><W125/><G125/><T26/><D26/><U2/><E74/><V115/><F63/><W94/><G75/><T80/><D80/><U27/><E73/><V1/><F81/><W23/><G25/><T108/><D108/><U20/><E27/><RYUUKYOKU ba="0,1" sc="220,15,240,15,290,-15,240,-15" hai0="5,6,43,47,51,62,67,76,83,86,91,92,99" hai1="2,9,12,19,20,53,54,55,56,57" /><INIT seed="1,1,1,4,5,47" ten="235,255,275,225" oya="1" hai0="58,59,110,101,118,98,25,75,135,27,33,49,22" hai1="86,64,113,91,108,77,61,39,122,131,71,16,34" hai2="94,79,54,82,42,107,62,45,9,73,31,3,48" hai3="70,117,60,126,76,53,69,124,6,15,78,106,128"/><U114/><E122/><V84/><F107/><W129/><G106/><T102/><D75/><U21/><E34/><V26/><F3/><W133/><G117/><T105/><D118/><U32/><E32/><V30/><F9/><N who="3" m="4535" /><G133/><T55/><D135/><U57/><E131/><N who="3" m="50250" /><G53/><T1/><D1/><U4/><E39/><V10/><F10/><W111/><G111/><T37/><D37/><U72/><E4/><V88/><F26/><W112/><G112/><T87/><D110/><U104/><E104/><V121/><F121/><W103/><G103/><T80/><D102/><U17/><E108/><V67/><REACH who="2" step="1"/><F54/><REACH who="2" ten="235,255,265,225" step="2"/><W11/><G11/><T8/><D8/><U116/><E116/><V81/><F81/><W130/><G130/><T96/><D27/><U83/><E113/><V29/><F29/><W125/><G69/><AGARI ba="1,2" hai="30,31,42,45,48,62,67,69,73,79,82,84,88,94" machi="69" ten="30,7700,0" yaku="1,1,7,1,52,1,54,1,53,0" doraHai="47" doraHaiUra="12" who="2" fromWho="3" sc="235,0,255,0,265,100,225,-80" /><INIT seed="2,0,0,5,3,121" ten="235,255,365,145" oya="2" hai0="82,77,65,64,130,42,66,35,31,89,36,27,119" hai1="8,129,28,34,96,57,23,45,18,14,63,4,2" hai2="118,76,12,21,67,101,103,115,104,46,122,97,30" hai3="60,44,62,107,68,54,38,20,94,69,113,3,0"/><V13/><F115/><W106/><G94/><T84/><D130/><U26/><E45/><V53/><F122/><W25/><G44/><T133/><D133/><U124/><E124/><V112/><F112/><W78/><G20/><T100/><D42/><U102/><E129/><V135/><F118/><W83/><G25/><T52/><D36/><U9/><E9/><V24/><F135/><W59/><G38/><T73/><D100/><U92/><E57/><V56/><F76/><W108/><G113/><T5/><D5/><U127/><E127/><V22/><F67/><W98/><G108/><T116/><REACH who="0" step="1"/><D52/><REACH who="0" ten="225,255,365,145" step="2"/><U10/><E10/><V111/><F103/><W87/><G54/><T19/><D19/><U48/><E63/><V6/><F46/><W39/><G39/><T41/><D41/><U37/><E37/><V33/><F53/><W61/><G59/><T134/><D134/><U109/><E48/><V70/><F101/><W128/><G128/><T114/><D114/><U43/><E43/><V50/><F56/><W47/><G47/><T17/><D17/><U74/><E74/><V51/><F50/><W7/><G7/><T90/><D90/><U1/><REACH who="1" step="1"/><E109/><REACH who="1" ten="225,245,365,145" step="2"/><V91/><F51/><W117/><G61/><T75/><D75/><U15/><AGARI ba="0,2" hai="1,2,4,8,14,15,18,23,26,28,34,92,96,102" machi="15" ten="20,5200,0" yaku="1,1,2,1,0,1,7,1,53,0" doraHai="121" doraHaiUra="110" who="1" fromWho="1" sc="225,-13,245,72,365,-26,145,-13" /><INIT seed="3,0,0,1,2,66" ten="212,317,339,132" oya="3" hai0="12,58,47,134,86,96,78,98,119,100,56,13,133" hai1="22,115,127,87,118,116,102,128,63,120,44,37,104" hai2="53,83,79,112,132,11,55,4,17,3,20,46,6" hai3="9,70,97,7,45,77,0,91,105,108,94,24,54"/><W38/><G108/><T30/><D119/><N who="1" m="45611" /><E120/><V49/><F112/><W39/><G77/><T18/><D30/><U103/><E115/><V125/><F132/><N who="0" m="50794" /><D47/><U101/><E127/><V124/><F6/><W81/><G81/><N who="0" m="47415" /><D12/><U93/><E128/><V8/><F8/><W52/><G70/><T88/><D88/><N who="1" m="53407" /><E22/><V135/><F135/><W130/><G130/><T35/><D35/><U131/><E131/><V29/><F29/><W110/><G110/><T2/><D2/><U28/><E28/><V33/><F33/><W68/><G68/><T14/><D14/><U67/><E44/><V41/><F125/><W16/><G105/><N who="0" m="63623" /><D98/><N who="1" m="61495" /><E37/><V122/><F124/><W43/><REACH who="3" step="1"/><G38/><REACH who="3" ten="212,317,339,122" step="2"/><T31/><D31/><U80/><E80/><V1/><F122/><W42/><G42/><T74/><D74/><U82/><E82/><V95/><F95/><W71/><G71/><AGARI ba="0,1" hai="63,67,71,102,103" m="61495,53407,45611" machi="71" ten="30,3900,0" yaku="12,1,52,1,54,1" doraHai="66" who="1" fromWho="3" sc="212,0,317,49,339,0,122,-39" owari="212,-18.8,366,46.6,339,13.9,83,-41.7" /></mjloggm>