<mjloggm ver="2.3"><GO type="225" lobby="0"/><UN n0="%E6%9D%B1%E9%A2%A8%E3%81%AE%E3%81%8D%E3%82%83%E3%81%B7%E3%81%95%E3%82%93" n1="%48%61%61%61%6C%61%6E%64" n2="%72%69%6F%75%63%68%61%6E" n3="%77%72%77%72%77%72%77%72" dan="16,18,16,16" rate="2185.19,2217.91,2116.76,2202.01" sx="M,M,M,M"/><TAIKYOKU oya="0"/><INIT seed="0,0,0,4,5,61" ten="250,250,250,250" oya="0" hai0="5,97,82,88,11,83,13,55,58,65,12,0,120" hai1="10,130,114,37,122,115,109,84,24,14,62,93,102" hai2="117,56,89,52,86,67,71,29,126,54,110,70,46" hai3="81,25,134,49,2,72,108,21,20,66,1,8,101"/><T27/><D120/><U42/><E122/><V4/><F110/><W31/><G108/><T59/><D0/><U23/><E109/><V80/><F126/><W100/><G134/><T94/><D27/><U92/><E130/><V107/><F117/><W6/><G2/><T135/><D13/><U133/><E133/><V7/><F107/><W18/><G49/><N who="0" m="31087" /><D135/><U87/><E42/><V85/><F29/><W17/><G31/><T48/><D48/><U125/><E37/><V33/><F33/><W35/><G35/><T9/><D9/><U124/><E62/><AGARI ba="0,0" hai="5,11,12,59,62,65,82,83,88,94,97" m="31087" machi="62" ten="30,5800,0" yaku="8,1,52,1,54,1" doraHai="61" who="0" fromWho="1" sc="250,58,250,-58,250,0,250,0" /><INIT seed="0,1,0,5,2,30" ten="308,192,250,250" oya="0" hai0="106,32,65,78,132,104,61,5,48,75,122,3,116" hai1="135,83,118,8,115,131,117,57,51,37,6,102,26" hai2="82,28,40,93,21,107,95,1,52,81,68,29,108" hai3="43,25,7,99,73,120,17,60,85,38,10,49,74"/><T23/><D23/><U87/><E37/><V20/><F1/><W72/><G38/><T45/><D122/><U92/><E131/><V41/><F107/><W54/><G120/><T13/><D132/><U47/><E135/><V62/><F108/><W22/><G85/><T91/><D3/><U0/><E115/><V105/><F105/><W109/><G109/><T130/><D91/><U98/><E57/><V35/><F68/><W134/><G134/><T27/><D116/><U12/><E0/><V110/><F110/><W4/><G99/><T100/><D130/><U34/><E26/><V113/><F113/><W119/><G119/><T112/><D100/><U90/><REACH who="1" step="1"/><E34/><REACH who="1" ten="308,182,250,250" step="2"/><V16/><F35/><W123/><G123/><T24/><D112/><U133/><E133/><V128/><F128/><W56/><G25/><T55/><D27/><U97/><E97/><V89/><F62/><W94/><G60/><T53/><D24/><U15/><E15/><V125/><F125/><W31/><G56/><T18/><D32/><U46/><E46/><V84/><F28/><W127/><G31/><T126/><D126/><U63/><E63/><V86/><F29/><W69/><G127/><T67/><D61/><U66/><E66/><V80/><F20/><W42/><G22/><T50/><D67/><U96/><E96/><V64/><F64/><W59/><G69/><T88/><D65/><U79/><E79/><V129/><F129/><W2/><G2/><T121/><D78/><U9/><E9/><V76/><F76/><W111/><G10/><T11/><D11/><U36/><E36/><RYUUKYOKU ba="1,1" sc="308,-10,182,30,250,-10,250,-10" hai1="6,8,12,47,51,83,87,90,92,98,102,117,118" /><INIT seed="1,2,1,0,3,32" ten="298,212,240,240" oya="1" hai0="129,88,72,96,113,38,45,131,124,76,115,61,116" hai1="101,97,56,122,66,82,111,67,36,3,104,14,19" hai2="6,121,26,98,90,114,79,21,4,99,50,23,80" hai3="106,119,30,16,0,74,2,7,51,127,94,53,10"/><U117/><E117/><V18/><F121/><W1/><G106/><T34/><D61/><U52/><E122/><V37/><F37/><W128/><G74/><T55/><D34/><U71/><E111/><V59/><F114/><W109/><G30/><T84/><D55/><U44/><E3/><V110/><F110/><W78/><G109/><T40/><D116/><U92/><E71/><V25/><F50/><W85/><G119/><T48/><D96/><U28/><E28/><V13/><F59/><W75/><G128/><N who="0" m="49227" /><D124/><U43/><E82/><V58/><F58/><W100/><G127/><T29/><D29/><U24/><E24/><V130/><F130/><W11/><G75/><T54/><D76/><U15/><E104/><V62/><F62/><W91/><G78/><T17/><D17/><U134/><E134/><V118/><F118/><W60/><G60/><T81/><D72/><U123/><E123/><V95/><F99/><W5/><G100/><T68/><D68/><U35/><E35/><V12/><F25/><W125/><G16/><T47/><AGARI ba="2,1" hai="38,40,45,47,48,54,81,84,88,113,115" m="49227" machi="47" ten="30,2000,0" yaku="19,1,54,1" doraHai="32" who="0" fromWho="0" sc="298,36,212,-12,240,-7,240,-7" /><INIT seed="2,0,0,4,2,135" ten="334,200,233,233" oya="2" hai0="50,49,129,118,36,62,68,105,82,87,97,99,61" hai1="130,52,47,88,133,84,111,40,64,110,132,86,28" hai2="41,15,75,54,6,12,96,24,100,3,11,30,74" hai3="43,126,92,72,125,31,103,20,108,7,56,120,34"/><V102/><F41/><W8/><G120/><T134/><D36/><U107/><E130/><V2/><F102/><W101/><G72/><T5/><D5/><U17/><E107/><V45/><F75/><W59/><G34/><T25/><D118/><U29/><E64/><V44/><F74/><W69/><G69/><T89/><D134/><N who="1" m="51819" /><E17/><V18/><F2/><W51/><G43/><T116/><D129/><U112/><E84/><V22/><F54/><N who="3" m="31839" /><G59/><T0/><D0/><U104/><E104/><V98/><F3/><W46/><G46/><T9/><D9/><U39/><E112/><V122/><F122/><W115/><G115/><T23/><D116/><U85/><E85/><V106/><REACH who="2" step="1"/><F96/><REACH who="2" ten="334,200,223,233" step="2"/><W131/><G131/><T33/><D99/><U91/><E52/><V58/><F58/><W19/><G101/><T67/><D97/><U65/><E65/><V128/><F128/><W13/><G103/><T4/><D67/><U14/><E40/><V38/><F38/><W79/><G108/><T48/><D68/><U70/><E70/><V114/><F114/><W109/><G109/><T16/><D105/><U80/><E111/><V66/><F66/><W81/><G92/><T26/><D33/><AGARI ba="0,1" hai="6,11,12,15,18,22,24,30,33,44,45,98,100,106" machi="33" ten="30,2900,0" yaku="1,1,7,1,53,0" doraHai="135" doraHaiUra="71" who="2" fromWho="0" sc="334,-29,200,0,223,39,233,0" /><INIT seed="2,1,0,0,5,1" ten="305,200,262,233" oya="2" hai0="29,18,9,56,127,96,63,64,42,32,10,19,5" hai1="36,7,51,119,52,124,85,70,25,135,129,34,120" hai2="74,61,11,38,134,84,105,45,90,27,91,53,86" hai3="40,73,39,26,24,93,118,4,65,54,102,46,131"/><V87/><F134/><W76/><G118/><T48/><D127/><U41/><E119/><V60/><F74/><W132/><G65/><T55/><D42/><U89/><E124/><V12/><F105/><W103/><G132/><T30/><D96/><U126/><E126/><V31/><F38/><W104/><G104/><T122/><D122/><U109/><E135/><V110/><F110/><W133/><G133/><T3/><D32/><U123/><E70/><V47/><F91/><W116/><G116/><T43/><D43/><U79/><E129/><V44/><F90/><W94/><G54/><T97/><D97/><U2/><E79/><V78/><F78/><W22/><G4/><T101/><D101/><U113/><E113/><V66/><F53/><W69/><G69/><T68/><REACH who="0" step="1"/><D10/><REACH who="0" ten="295,200,262,233" step="2"/><N who="1" m="2423" /><E41/><V107/><F107/><W99/><G103/><T0/><D0/><U49/><E36/><V58/><F60/><W117/><G102/><T15/><D15/><U77/><E123/><V121/><F121/><W33/><G99/><T111/><D111/><U80/><E120/><V92/><F92/><W130/><G117/><T106/><D106/><U108/><E108/><V67/><F67/><W50/><G39/><T82/><D82/><N who="1" m="49335" /><E109/><V6/><REACH who="2" step="1"/><F86/><REACH who="2" ten="295,200,252,233" step="2"/><W72/><G94/><T17/><AGARI ba="1,2" hai="3,5,9,17,18,19,29,30,48,55,56,63,64,68" machi="17" ten="30,4000,0" yaku="1,1,0,1,52,1,53,0" doraHai="1" doraHaiUra="28" who="0" fromWho="0" sc="295,63,200,-11,252,-21,233,-11" /><INIT seed="3,0,0,1,3,100" ten="358,189,231,222" oya="3" hai0="78,128,90,114,76,65,119,125,120,81,24,46,77" hai1="47,88,91,132,21,71,44,55,102,73,135,93,127" hai2="29,85,122,116,124,13,25,35,23,68,30,43,22" hai3="8,115,15,60,62,39,17,61,110,2,48,52,97"/><W40/><G115/><T109/><D109/><U11/><E73/><V54/><F116/><W45/><G110/><T113/><D128/><U50/><E71/><V49/><F68/><W94/><G2/><T5/><D125/><U31/><E127/><V104/><F124/><W106/><G106/><T51/><D120/><U123/><E123/><V9/><F122/><W37/><REACH who="3" step="1"/><G40/><REACH who="3" ten="358,189,231,212" step="2"/><T18/><D114/><U98/><E132/><V103/><F43/><W79/><G79/><T99/><D113/><U111/><E135/><V101/><F104/><W63/><N who="3" m="15360" /><DORA hai="34" /><W108/><G108/><T7/><D77/><U107/><E111/><V82/><F30/><W121/><G121/><T4/><D76/><U92/><E11/><V105/><F105/><W6/><G6/><T10/><D5/><U26/><REACH who="1" step="1"/><E47/><REACH who="1" ten="358,179,231,212" step="2"/><V19/><F9/><W14/><G14/><T87/><D46/><U89/><AGARI ba="0,2" hai="21,26,31,44,50,55,88,89,91,92,93,98,102,107" machi="89" ten="30,8000,1" yaku="1,1,2,1,0,1,52,1,54,1,53,0" doraHai="100,34" doraHaiUra="64,117" who="1" fromWho="1" sc="358,-20,179,100,231,-20,212,-40" owari="338,43.8,279,7.9,211,-18.9,172,-32.8" /></mjloggm>